|badge|p2|bronze|gen9ou|100-7
|uhtml|medal-msg|<div class="broadcast-blue">Curious what those medals under the avatar are? PS now has Ladder Seasons! For more information, check out the <a href="https://www.smogon.com/forums/threads/3740067/">thread on Smogon.</a></div>
|j|☆isaac_gam3r
|j|☆LT121GU Prav33n
|t:|1760758889
|gametype|singles
|player|p1|isaac_gam3r|acetrainer-gen4dp|1661
|player|p2|LT121GU Prav33n|koga|1815
|gen|9
|tier|[Gen 9] OU
|rated|
|rule|HP Percentage Mod: HP is shown in percentages
|rule|Endless Battle Clause: Forcing endless battles is banned
|rule|Species Clause: Limit one of each Pokémon
|rule|OHKO Clause: OHKO moves are banned
|rule|Evasion Items Clause: Evasion items are banned
|rule|Evasion Moves Clause: Evasion moves are banned
|rule|Evasion Abilities Clause: Evasion abilities are banned
|rule|Sleep Moves Clause: Sleep-inducing moves are banned
|clearpoke
|poke|p1|Garchomp, F|
|poke|p1|Raging Bolt|
|poke|p1|Primarina, M|
|poke|p1|Heatran, F|
|poke|p1|Weezing-Galar, M|
|poke|p1|Weavile, M|
|poke|p2|Samurott-Hisui, M|
|poke|p2|Pecharunt|
|poke|p2|Latios, M|
|poke|p2|Zamazenta-*|
|poke|p2|Heatran, F|
|poke|p2|Gliscor, M|
|teampreview
|inactive|Battle timer is ON: inactive players will automatically lose when time's up. (requested by isaac_gam3r)
|
|t:|1760758916
|teamsize|p1|6
|teamsize|p2|6
|start
|switch|p1a: Primarina|Primarina, M|100/100
|switch|p2a: Latios|Latios, M, shiny|100/100
|turn|1
|
|t:|1760758925
|switch|p2a: Pecharunt|Pecharunt|100/100
|move|p1a: Primarina|Protect||[still]
|-fail|p1a: Primarina
|
|upkeep
|turn|2
|
|t:|1760758929
|switch|p1a: Heatran|Heatran, F|100/100
|move|p2a: Pecharunt|Parting Shot|p1a: Heatran
|-unboost|p1a: Heatran|atk|1
|-unboost|p1a: Heatran|spa|1
|
|t:|1760758931
|switch|p2a: Samurott|Samurott-Hisui, M|100/100|[from] Parting Shot
|
|upkeep
|turn|3
|
|t:|1760758935
|switch|p1a: Primarina|Primarina, M|100/100
|move|p2a: Samurott|Knock Off|p1a: Primarina
|-resisted|p1a: Primarina
|-damage|p1a: Primarina|75/100
|-enditem|p1a: Primarina|Leftovers|[from] move: Knock Off|[of] p2a: Samurott
|
|upkeep
|turn|4
|
|t:|1760758941
|switch|p2a: Pecharunt|Pecharunt|100/100
|move|p1a: Primarina|Calm Mind|p1a: Primarina
|-boost|p1a: Primarina|spa|1
|-boost|p1a: Primarina|spd|1
|
|upkeep
|turn|5
|
|t:|1760758946
|move|p2a: Pecharunt|Shadow Ball|p1a: Primarina
|-damage|p1a: Primarina|62/100
|move|p1a: Primarina|Hyper Voice|p2a: Pecharunt
|-damage|p2a: Pecharunt|28/100
|
|upkeep
|turn|6
|
|t:|1760758953
|move|p2a: Pecharunt|Shadow Ball|p1a: Primarina
|-damage|p1a: Primarina|48/100
|-unboost|p1a: Primarina|spd|1
|move|p1a: Primarina|Hyper Voice|p2a: Pecharunt
|-damage|p2a: Pecharunt|0 fnt
|faint|p2a: Pecharunt
|
|upkeep
|
|t:|1760758963
|switch|p2a: Gliscor|Gliscor, M, shiny|100/100
|turn|7
|
|t:|1760758969
|-terastallize|p2a: Gliscor|Normal
|move|p2a: Gliscor|Swords Dance|p2a: Gliscor
|-boost|p2a: Gliscor|atk|2
|move|p1a: Primarina|Hyper Voice|p2a: Gliscor
|-damage|p2a: Gliscor|41/100
|
|-status|p2a: Gliscor|tox|[from] item: Toxic Orb
|upkeep
|turn|8
|
|t:|1760758971
|switch|p1a: Weezing|Weezing-Galar, M, shiny|100/100
|move|p2a: Gliscor|Facade|p1a: Weezing
|-damage|p1a: Weezing|39/100
|
|-heal|p1a: Weezing|45/100|[from] item: Black Sludge
|-heal|p2a: Gliscor|53/100 tox|[from] ability: Poison Heal
|upkeep
|turn|9
|
|t:|1760758974
|move|p2a: Gliscor|Facade|p1a: Weezing
|-damage|p1a: Weezing|0 fnt
|faint|p1a: Weezing
|
|-heal|p2a: Gliscor|66/100 tox|[from] ability: Poison Heal
|upkeep
|
|t:|1760758976
|switch|p1a: Weavile|Weavile, M|100/100
|-ability|p1a: Weavile|Pressure
|turn|10
|
|t:|1760758981
|move|p2a: Gliscor|Protect|p2a: Gliscor
|-singleturn|p2a: Gliscor|Protect
|move|p1a: Weavile|Triple Axel|p2a: Gliscor
|-activate|p2a: Gliscor|move: Protect
|
|-heal|p2a: Gliscor|78/100 tox|[from] ability: Poison Heal
|upkeep
|turn|11
|
|t:|1760758983
|switch|p2a: Heatran|Heatran, F|100/100
|move|p1a: Weavile|Triple Axel|p2a: Heatran
|-resisted|p2a: Heatran
|-damage|p2a: Heatran|98/100
|-resisted|p2a: Heatran
|-damage|p2a: Heatran|95/100
|-resisted|p2a: Heatran
|-damage|p2a: Heatran|88/100
|-hitcount|p2a: Heatran|3
|
|-heal|p2a: Heatran|95/100|[from] item: Leftovers
|upkeep
|turn|12
|
|t:|1760758986
|move|p1a: Weavile|Low Kick|p2a: Heatran
|-supereffective|p2a: Heatran
|-damage|p2a: Heatran|29/100
|move|p2a: Heatran|Earth Power|p1a: Weavile
|-damage|p1a: Weavile|61/100
|
|-heal|p2a: Heatran|35/100|[from] item: Leftovers
|upkeep
|turn|13
|
|t:|1760758990
|switch|p2a: Zamazenta|Zamazenta|100/100
|-ability|p2a: Zamazenta|Dauntless Shield|boost
|-boost|p2a: Zamazenta|def|1
|move|p1a: Weavile|Knock Off|p2a: Zamazenta
|-resisted|p2a: Zamazenta
|-damage|p2a: Zamazenta|86/100
|-enditem|p2a: Zamazenta|Heavy-Duty Boots|[from] move: Knock Off|[of] p1a: Weavile
|
|upkeep
|turn|14
|
|t:|1760758995
|switch|p2a: Gliscor|Gliscor, M, shiny, tera:Normal|78/100 tox
|switch|p1a: Raging Bolt|Raging Bolt|100/100
|
|-heal|p2a: Gliscor|91/100 tox|[from] ability: Poison Heal
|upkeep
|turn|15
|
|t:|1760758998
|move|p2a: Gliscor|Protect|p2a: Gliscor
|-singleturn|p2a: Gliscor|Protect
|move|p1a: Raging Bolt|Thunderbolt|p2a: Gliscor
|-activate|p2a: Gliscor|move: Protect
|
|-heal|p2a: Gliscor|100/100 tox|[from] ability: Poison Heal
|upkeep
|turn|16
|
|t:|1760759002
|move|p2a: Gliscor|Knock Off|p1a: Raging Bolt
|-damage|p1a: Raging Bolt|84/100
|-enditem|p1a: Raging Bolt|Leftovers|[from] move: Knock Off|[of] p2a: Gliscor
|move|p1a: Raging Bolt|Thunderbolt|p2a: Gliscor
|-damage|p2a: Gliscor|51/100 tox
|
|-heal|p2a: Gliscor|64/100 tox|[from] ability: Poison Heal
|upkeep
|turn|17
|
|t:|1760759007
|move|p2a: Gliscor|Protect|p2a: Gliscor
|-singleturn|p2a: Gliscor|Protect
|move|p1a: Raging Bolt|Calm Mind|p1a: Raging Bolt
|-boost|p1a: Raging Bolt|spa|1
|-boost|p1a: Raging Bolt|spd|1
|
|-heal|p2a: Gliscor|76/100 tox|[from] ability: Poison Heal
|upkeep
|turn|18
|
|t:|1760759015
|move|p2a: Gliscor|Swords Dance|p2a: Gliscor
|-boost|p2a: Gliscor|atk|2
|move|p1a: Raging Bolt|Thunderbolt|p2a: Gliscor
|-damage|p2a: Gliscor|10/100 tox
|
|-heal|p2a: Gliscor|22/100 tox|[from] ability: Poison Heal
|upkeep
|turn|19
|
|t:|1760759024
|move|p2a: Gliscor|Protect|p2a: Gliscor
|-singleturn|p2a: Gliscor|Protect
|move|p1a: Raging Bolt|Thunderclap||[still]
|-fail|p1a: Raging Bolt
|
|-heal|p2a: Gliscor|35/100 tox|[from] ability: Poison Heal
|upkeep
|turn|20
|
|t:|1760759030
|switch|p2a: Latios|Latios, M, shiny|100/100
|-end|p1a: Raging Bolt|Protosynthesis|[silent]
|switch|p1a: Weavile|Weavile, M|61/100
|-ability|p1a: Weavile|Pressure
|
|upkeep
|turn|21
|
|t:|1760759033
|move|p2a: Latios|Aura Sphere|p1a: Weavile
|-supereffective|p1a: Weavile
|-damage|p1a: Weavile|0 fnt
|faint|p1a: Weavile
|
|upkeep
|
|t:|1760759035
|switch|p1a: Primarina|Primarina, M|48/100
|turn|22
|
|t:|1760759040
|switch|p2a: Heatran|Heatran, F|35/100
|move|p1a: Primarina|Draining Kiss|p2a: Heatran
|-resisted|p2a: Heatran
|-damage|p2a: Heatran|31/100
|-heal|p1a: Primarina|51/100|[from] drain|[of] p2a: Heatran
|
|-heal|p2a: Heatran|38/100|[from] item: Leftovers
|upkeep
|turn|23
|
|t:|1760759047
|move|p2a: Heatran|Taunt|p1a: Primarina
|-start|p1a: Primarina|move: Taunt
|move|p1a: Primarina|Hyper Voice|p2a: Heatran
|-supereffective|p2a: Heatran
|-damage|p2a: Heatran|0 fnt
|faint|p2a: Heatran
|
|upkeep
|
|t:|1760759049
|switch|p2a: Gliscor|Gliscor, M, shiny, tera:Normal|35/100 tox
|turn|24
|
|t:|1760759053
|move|p2a: Gliscor|Facade|p1a: Primarina
|-damage|p1a: Primarina|0 fnt
|faint|p1a: Primarina
|
|-heal|p2a: Gliscor|47/100 tox|[from] ability: Poison Heal
|upkeep
|
|t:|1760759055
|switch|p1a: Raging Bolt|Raging Bolt|84/100
|turn|25
|
|t:|1760759059
|move|p2a: Gliscor|Facade|p1a: Raging Bolt
|-damage|p1a: Raging Bolt|47/100
|move|p1a: Raging Bolt|Thunderbolt|p2a: Gliscor
|-damage|p2a: Gliscor|0 fnt
|faint|p2a: Gliscor
|
|upkeep
|
|t:|1760759072
|switch|p2a: Latios|Latios, M, shiny|100/100
|turn|26
|
|t:|1760759078
|-end|p1a: Raging Bolt|Protosynthesis|[silent]
|switch|p1a: Heatran|Heatran, F|100/100
|move|p2a: Latios|Draco Meteor|p1a: Heatran|[miss]
|-miss|p2a: Latios|p1a: Heatran
|
|upkeep
|turn|27
|
|t:|1760759083
|switch|p1a: Garchomp|Garchomp, F|100/100
|move|p2a: Latios|Draco Meteor|p1a: Garchomp|[miss]
|-miss|p2a: Latios|p1a: Garchomp
|
|upkeep
|turn|28
|
|t:|1760759087
|switch|p2a: Samurott|Samurott-Hisui, M|100/100
|switch|p1a: Heatran|Heatran, F|100/100
|
|upkeep
|turn|29
|
|t:|1760759090
|switch|p1a: Garchomp|Garchomp, F|100/100
|move|p2a: Samurott|Razor Shell|p1a: Garchomp
|-damage|p1a: Garchomp|52/100
|-unboost|p1a: Garchomp|def|1
|-damage|p2a: Samurott|88/100|[from] ability: Rough Skin|[of] p1a: Garchomp
|
|upkeep
|turn|30
|
|t:|1760759100
|move|p1a: Garchomp|Outrage|p2a: Samurott
|-damage|p2a: Samurott|8/100
|move|p2a: Samurott|Knock Off|p1a: Garchomp
|-damage|p1a: Garchomp|0 fnt
|-damage|p2a: Samurott|0 fnt|[from] ability: Rough Skin|[of] p1a: Garchomp
|faint|p1a: Garchomp
|faint|p2a: Samurott
|
|upkeep
|
|t:|1760759109
|switch|p1a: Heatran|Heatran, F|100/100
|switch|p2a: Zamazenta|Zamazenta|86/100
|turn|31
|
|t:|1760759111
|switch|p2a: Latios|Latios, M, shiny|100/100
|-terastallize|p1a: Heatran|Flying
|move|p1a: Heatran|Lava Plume|p2a: Latios
|-resisted|p2a: Latios
|-damage|p2a: Latios|76/100
|
|upkeep
|turn|32
|
|t:|1760759123
|move|p2a: Latios|Trick|p1a: Heatran
|-activate|p2a: Latios|move: Trick|[of] p1a: Heatran
|-item|p1a: Heatran|Choice Scarf|[from] move: Trick
|-item|p2a: Latios|Assault Vest|[from] move: Trick
|move|p1a: Heatran|Flash Cannon|p2a: Latios
|-damage|p2a: Latios|41/100
|
|upkeep
|turn|33
|
|t:|1760759132
|move|p2a: Latios|Draco Meteor|p1a: Heatran
|-damage|p1a: Heatran|46/100
|-unboost|p2a: Latios|spa|2
|move|p1a: Heatran|Flash Cannon|p2a: Latios
|-damage|p2a: Latios|8/100
|
|upkeep
|turn|34
|
|t:|1760759134
|move|p2a: Latios|Draco Meteor|p1a: Heatran
|-damage|p1a: Heatran|16/100
|-unboost|p2a: Latios|spa|2
|move|p1a: Heatran|Flash Cannon|p2a: Latios
|-damage|p2a: Latios|0 fnt
|faint|p2a: Latios
|
|upkeep
|
|t:|1760759136
|switch|p2a: Zamazenta|Zamazenta|86/100
|turn|35
|
|t:|1760759139
|move|p2a: Zamazenta|Stone Edge|p1a: Heatran
|-supereffective|p1a: Heatran
|-damage|p1a: Heatran|0 fnt
|faint|p1a: Heatran
|
|upkeep
|
|t:|1760759141
|switch|p1a: Raging Bolt|Raging Bolt|47/100
|turn|36
|
|t:|1760759142
|move|p2a: Zamazenta|Close Combat|p1a: Raging Bolt
|-damage|p1a: Raging Bolt|0 fnt
|-unboost|p2a: Zamazenta|def|1
|-unboost|p2a: Zamazenta|spd|1
|faint|p1a: Raging Bolt
|-end|p1a: Raging Bolt|Protosynthesis|[silent]
|
|win|LT121GU Prav33n
|raw|isaac_gam3r's rating: 1661 &rarr; <strong>1649</strong><br />(-12 for losing)
|raw|LT121GU Prav33n's rating: 1815 &rarr; <strong>1827</strong><br />(+12 for winning)
