|j|☆toTHEtop vgc
|j|☆saintqirex
|t:|1760783098
|gametype|singles
|player|p1|toTHEtop vgc|cynthia|1522
|player|p2|saintqirex|2|1546
|gen|9
|tier|[Gen 9] OU
|rated|
|rule|HP Percentage Mod: HP is shown in percentages
|rule|Endless Battle Clause: Forcing endless battles is banned
|rule|Species Clause: Limit one of each Pokémon
|rule|OHKO Clause: OHKO moves are banned
|rule|Evasion Items Clause: Evasion items are banned
|rule|Evasion Moves Clause: Evasion moves are banned
|rule|Evasion Abilities Clause: Evasion abilities are banned
|rule|Sleep Moves Clause: Sleep-inducing moves are banned
|clearpoke
|poke|p1|Dragonite, M|
|poke|p1|Sneasel-Hisui, M|
|poke|p1|Moltres|
|poke|p1|Ting-Lu|
|poke|p1|Iron Hands|
|poke|p1|Toxapex, M|
|poke|p2|Meowscarada, M|
|poke|p2|Slowking-Galar, F|
|poke|p2|Zamazenta-*|
|poke|p2|Corviknight, M|
|poke|p2|Kyurem|
|poke|p2|Conkeldurr, M|
|teampreview
|j| billyandersen24
|inactive|Battle timer is ON: inactive players will automatically lose when time's up. (requested by toTHEtop vgc)
|
|t:|1760783122
|teamsize|p1|6
|teamsize|p2|6
|start
|switch|p1a: Toxapex|Toxapex, M|100/100
|switch|p2a: Slowking|Slowking-Galar, F|100/100
|turn|1
|l| billyandersen24
|
|t:|1760783131
|move|p1a: Toxapex|Infestation|p2a: Slowking
|-damage|p2a: Slowking|98/100
|-activate|p2a: Slowking|move: Infestation|[of] p1a: Toxapex
|move|p2a: Slowking|Future Sight|p1a: Toxapex
|-start|p2a: Slowking|move: Future Sight
|
|-damage|p2a: Slowking|85/100|[from] move: Infestation|[partiallytrapped]
|upkeep
|turn|2
|inactive|toTHEtop vgc has 120 seconds left.
|
|t:|1760783166
|switch|p1a: Moltres|Moltres|100/100
|-prepare|p2a: Slowking|Chilly Reception|[premajor]
|move|p2a: Slowking|Chilly Reception|p2a: Slowking
|-weather|Snowscape
|
|t:|1760783183
|switch|p2a: Kyurem|Kyurem|100/100|[from] Chilly Reception
|-ability|p2a: Kyurem|Pressure
|
|-weather|Snowscape|[upkeep]
|upkeep
|turn|3
|inactive|toTHEtop vgc has 120 seconds left.
|
|t:|1760783205
|switch|p1a: Ting-Lu|Ting-Lu|100/100
|-ability|p1a: Ting-Lu|Vessel of Ruin
|-terastallize|p2a: Kyurem|Ice
|move|p2a: Kyurem|Blizzard|p1a: Ting-Lu
|-supereffective|p1a: Ting-Lu
|-damage|p1a: Ting-Lu|6/100
|
|-weather|Snowscape|[upkeep]
|-end|p1a: Ting-Lu|move: Future Sight
|-immune|p1a: Ting-Lu
|-heal|p1a: Ting-Lu|13/100|[from] item: Leftovers
|upkeep
|turn|4
|
|t:|1760783213
|switch|p1a: Toxapex|Toxapex, M|100/100
|move|p2a: Kyurem|Blizzard|p1a: Toxapex
|-resisted|p1a: Toxapex
|-damage|p1a: Toxapex|69/100
|
|-weather|Snowscape|[upkeep]
|upkeep
|turn|5
|inactive|toTHEtop vgc has 120 seconds left.
|
|t:|1760783230
|switch|p2a: Corviknight|Corviknight, M|100/100
|switch|p1a: Ting-Lu|Ting-Lu|13/100
|-ability|p1a: Ting-Lu|Vessel of Ruin
|
|-weather|Snowscape|[upkeep]
|-heal|p1a: Ting-Lu|19/100|[from] item: Leftovers
|upkeep
|turn|6
|inactive|toTHEtop vgc has 120 seconds left.
|
|t:|1760783236
|switch|p1a: Moltres|Moltres|100/100
|move|p2a: Corviknight|U-turn|p1a: Moltres
|-resisted|p1a: Moltres
|-damage|p1a: Moltres|98/100
|
|t:|1760783242
|switch|p2a: Kyurem|Kyurem, tera:Ice|100/100|[from] U-turn
|-ability|p2a: Kyurem|Pressure
|
|-weather|none
|upkeep
|turn|7
|
|t:|1760783248
|move|p2a: Kyurem|Draco Meteor|p1a: Moltres
|-damage|p1a: Moltres|0 fnt
|-unboost|p2a: Kyurem|spa|2
|faint|p1a: Moltres
|
|upkeep
|inactive|toTHEtop vgc has 120 seconds left.
|
|t:|1760783272
|switch|p1a: Iron Hands|Iron Hands|100/100
|-enditem|p1a: Iron Hands|Booster Energy
|-activate|p1a: Iron Hands|ability: Quark Drive|[fromitem]
|-start|p1a: Iron Hands|quarkdriveatk
|turn|8
|
|t:|1760783280
|switch|p2a: Corviknight|Corviknight, M|100/100
|move|p1a: Iron Hands|Swords Dance|p1a: Iron Hands
|-boost|p1a: Iron Hands|atk|2
|
|upkeep
|turn|9
|
|t:|1760783285
|move|p2a: Corviknight|U-turn|p1a: Iron Hands
|-resisted|p1a: Iron Hands
|-damage|p1a: Iron Hands|96/100
|
|t:|1760783289
|switch|p2a: Zamazenta|Zamazenta|100/100|[from] U-turn
|-ability|p2a: Zamazenta|Dauntless Shield|boost
|-boost|p2a: Zamazenta|def|1
|move|p1a: Iron Hands|Drain Punch|p2a: Zamazenta
|-damage|p2a: Zamazenta|40/100
|-heal|p1a: Iron Hands|100/100|[from] drain|[of] p2a: Zamazenta
|
|-heal|p2a: Zamazenta|46/100|[from] item: Leftovers
|upkeep
|turn|10
|
|t:|1760783299
|move|p2a: Zamazenta|Iron Defense|p2a: Zamazenta
|-boost|p2a: Zamazenta|def|2
|move|p1a: Iron Hands|Drain Punch|p2a: Zamazenta
|-damage|p2a: Zamazenta|12/100
|
|-heal|p2a: Zamazenta|18/100|[from] item: Leftovers
|upkeep
|turn|11
|
|t:|1760783314
|move|p2a: Zamazenta|Body Press|p1a: Iron Hands
|-damage|p1a: Iron Hands|36/100
|move|p1a: Iron Hands|Drain Punch|p2a: Zamazenta
|-damage|p2a: Zamazenta|0 fnt
|-heal|p1a: Iron Hands|44/100|[from] drain|[of] p2a: Zamazenta
|faint|p2a: Zamazenta
|
|upkeep
|
|t:|1760783325
|switch|p2a: Meowscarada|Meowscarada, M|100/100
|turn|12
|inactive|toTHEtop vgc has 120 seconds left.
|inactive|toTHEtop vgc has 90 seconds left.
|inactive|toTHEtop vgc has 60 seconds left.
|
|t:|1760783425
|move|p2a: Meowscarada|Flower Trick|p1a: Iron Hands
|-start|p2a: Meowscarada|typechange|Grass|[from] ability: Protean
|-crit|p1a: Iron Hands
|-damage|p1a: Iron Hands|0 fnt
|faint|p1a: Iron Hands
|-end|p1a: Iron Hands|Quark Drive|[silent]
|
|upkeep
|
|t:|1760783432
|switch|p1a: BetterWeavile|Sneasel-Hisui, M, shiny|100/100
|turn|13
|
|t:|1760783440
|switch|p2a: Corviknight|Corviknight, M|100/100
|switch|p1a: Ting-Lu|Ting-Lu|19/100
|-ability|p1a: Ting-Lu|Vessel of Ruin
|
|-heal|p1a: Ting-Lu|25/100|[from] item: Leftovers
|upkeep
|turn|14
|
|t:|1760783447
|move|p2a: Corviknight|Brave Bird|p1a: Ting-Lu
|-damage|p1a: Ting-Lu|6/100
|-damage|p2a: Corviknight|92/100|[from] Recoil
|move|p1a: Ting-Lu|Stealth Rock|p2a: Corviknight
|-sidestart|p2: saintqirex|move: Stealth Rock
|
|-heal|p1a: Ting-Lu|12/100|[from] item: Leftovers
|upkeep
|turn|15
|
|t:|1760783453
|move|p2a: Corviknight|Defog|p1a: Ting-Lu
|-unboost|p1a: Ting-Lu|evasion|1
|-sideend|p2: saintqirex|Stealth Rock|[from] move: Defog|[of] p2a: Corviknight
|move|p1a: Ting-Lu|Ruination|p2a: Corviknight
|-damage|p2a: Corviknight|46/100
|
|-heal|p1a: Ting-Lu|18/100|[from] item: Leftovers
|upkeep
|turn|16
|
|t:|1760783460
|move|p2a: Corviknight|Brave Bird|p1a: Ting-Lu
|-damage|p1a: Ting-Lu|0 fnt
|faint|p1a: Ting-Lu
|-damage|p2a: Corviknight|39/100|[from] Recoil
|
|upkeep
|inactive|toTHEtop vgc has 60 seconds left.
|
|t:|1760783513
|switch|p1a: Toxapex|Toxapex, M|100/100
|turn|17
|
|t:|1760783518
|move|p2a: Corviknight|Roost|p2a: Corviknight
|-heal|p2a: Corviknight|89/100
|-singleturn|p2a: Corviknight|move: Roost
|move|p1a: Toxapex|Infestation|p2a: Corviknight
|-resisted|p2a: Corviknight
|-damage|p2a: Corviknight|87/100
|-activate|p2a: Corviknight|move: Infestation|[of] p1a: Toxapex
|-damage|p1a: Toxapex|84/100|[from] item: Rocky Helmet|[of] p2a: Corviknight
|
|-damage|p2a: Corviknight|75/100|[from] move: Infestation|[partiallytrapped]
|upkeep
|turn|18
|
|t:|1760783525
|move|p2a: Corviknight|U-turn|p1a: Toxapex
|-resisted|p1a: Toxapex
|-damage|p1a: Toxapex|78/100
|
|t:|1760783530
|switch|p2a: Slowking|Slowking-Galar, F|100/100|[from] U-turn
|move|p1a: Toxapex|Surf|p2a: Slowking
|-damage|p2a: Slowking|83/100
|
|upkeep
|turn|19
|inactive|toTHEtop vgc has 60 seconds left.
|
|t:|1760783542
|move|p1a: Toxapex|Ice Beam|p2a: Slowking
|-damage|p2a: Slowking|72/100
|-prepare|p2a: Slowking|Chilly Reception|[premajor]
|move|p2a: Slowking|Chilly Reception|p2a: Slowking
|-weather|Snowscape
|
|t:|1760783545
|switch|p2a: Kyurem|Kyurem, tera:Ice|100/100|[from] Chilly Reception
|-ability|p2a: Kyurem|Pressure
|
|-weather|Snowscape|[upkeep]
|upkeep
|turn|20
|
|t:|1760783556
|move|p2a: Kyurem|Freeze-Dry|p1a: Toxapex
|-supereffective|p1a: Toxapex
|-damage|p1a: Toxapex|0 fnt
|faint|p1a: Toxapex
|
|-weather|Snowscape|[upkeep]
|upkeep
|
|t:|1760783561
|switch|p1a: BetterWeavile|Sneasel-Hisui, M, shiny|100/100
|turn|21
|
|t:|1760783567
|switch|p2a: Corviknight|Corviknight, M|75/100
|move|p1a: BetterWeavile|Swords Dance|p1a: BetterWeavile
|-boost|p1a: BetterWeavile|atk|2
|
|-weather|Snowscape|[upkeep]
|upkeep
|turn|22
|inactive|toTHEtop vgc has 60 seconds left.
|inactive|toTHEtop vgc has 30 seconds left.
|
|t:|1760783626
|move|p1a: BetterWeavile|Close Combat|p2a: Corviknight
|-damage|p2a: Corviknight|10/100
|-unboost|p1a: BetterWeavile|def|1
|-unboost|p1a: BetterWeavile|spd|1
|-damage|p1a: BetterWeavile|84/100|[from] item: Rocky Helmet|[of] p2a: Corviknight
|move|p2a: Corviknight|Brave Bird|p1a: BetterWeavile
|-supereffective|p1a: BetterWeavile
|-damage|p1a: BetterWeavile|0 fnt
|faint|p1a: BetterWeavile
|-damage|p2a: Corviknight|0 fnt|[from] Recoil
|faint|p2a: Corviknight
|
|-weather|Snowscape|[upkeep]
|upkeep
|inactive|toTHEtop vgc has 30 seconds left this turn.
|
|t:|1760783642
|switch|p1a: Dragonite|Dragonite, M|100/100
|switch|p2a: Kyurem|Kyurem, tera:Ice|100/100
|-ability|p2a: Kyurem|Pressure
|turn|23
|inactive|toTHEtop vgc has 30 seconds left.
|
|t:|1760783652
|-terastallize|p1a: Dragonite|Normal
|move|p2a: Kyurem|Blizzard|p1a: Dragonite
|-crit|p1a: Dragonite
|-damage|p1a: Dragonite|14/100
|move|p1a: Dragonite|Dragon Dance|p1a: Dragonite
|-boost|p1a: Dragonite|atk|1
|-boost|p1a: Dragonite|spe|1
|
|-weather|none
|upkeep
|turn|24
|inactive|toTHEtop vgc has 30 seconds left.
|-message|toTHEtop vgc forfeited.
|
|win|saintqirex
|raw|toTHEtop vgc's rating: 1522 &rarr; <strong>1503</strong><br />(-19 for losing)
|raw|saintqirex's rating: 1546 &rarr; <strong>1565</strong><br />(+19 for winning)
|l|☆toTHEtop vgc
|player|p1|
|l|☆saintqirex
|player|p2|
