|j|☆d.eazzy
|j|☆ymy4
|t:|1760852822
|gametype|singles
|player|p1|d.eazzy|170|1152
|player|p2|ymy4|biker-gen4|1178
|gen|9
|tier|[Gen 9] OU
|rated|
|rule|HP Percentage Mod: HP is shown in percentages
|rule|Endless Battle Clause: Forcing endless battles is banned
|rule|Species Clause: Limit one of each Pokémon
|rule|OHKO Clause: OHKO moves are banned
|rule|Evasion Items Clause: Evasion items are banned
|rule|Evasion Moves Clause: Evasion moves are banned
|rule|Evasion Abilities Clause: Evasion abilities are banned
|rule|Sleep Moves Clause: Sleep-inducing moves are banned
|clearpoke
|poke|p1|Crawdaunt, M|
|poke|p1|Noivern, M|
|poke|p1|Cloyster, F|
|poke|p1|Chansey, F|
|poke|p1|Forretress, M|
|poke|p1|Raikou|
|poke|p2|Cinderace, F|
|poke|p2|Great Tusk|
|poke|p2|Iron Valiant|
|poke|p2|Dragapult, M|
|poke|p2|Weavile, F|
|poke|p2|Indeedee, M|
|teampreview
|inactive|Battle timer is ON: inactive players will automatically lose when time's up. (requested by ymy4)
|
|t:|1760852832
|teamsize|p1|6
|teamsize|p2|6
|start
|switch|p1a: Crawdaunt|Crawdaunt, M|100/100
|switch|p2a: Cinderace|Cinderace, F|100/100
|turn|1
|
|t:|1760852844
|move|p2a: Cinderace|U-turn|p1a: Crawdaunt
|-start|p2a: Cinderace|typechange|Bug|[from] ability: Libero
|-supereffective|p1a: Crawdaunt
|-enditem|p1a: Crawdaunt|Focus Sash
|-damage|p1a: Crawdaunt|1/100
|-damage|p2a: Cinderace|91/100|[from] item: Life Orb
|
|t:|1760852863
|switch|p2a: Weavile|Weavile, F|100/100|[from] U-turn
|move|p1a: Crawdaunt|Crabhammer|p2a: Weavile
|-damage|p2a: Weavile|0 fnt
|faint|p2a: Weavile
|
|upkeep
|
|t:|1760852873
|switch|p2a: Cinderace|Cinderace, F|91/100
|turn|2
|
|t:|1760852877
|move|p2a: Cinderace|Sucker Punch|p1a: Crawdaunt
|-start|p2a: Cinderace|typechange|Dark|[from] ability: Libero
|-resisted|p1a: Crawdaunt
|-damage|p1a: Crawdaunt|0 fnt
|faint|p1a: Crawdaunt
|-damage|p2a: Cinderace|81/100|[from] item: Life Orb
|
|upkeep
|
|t:|1760852887
|switch|p1a: Raikou|Raikou|100/100
|turn|3
|
|t:|1760852905
|move|p2a: Cinderace|U-turn|p1a: Raikou
|-damage|p1a: Raikou|53/100
|-damage|p2a: Cinderace|71/100|[from] item: Life Orb
|
|t:|1760852910
|switch|p2a: Great Tusk|Great Tusk|100/100|[from] U-turn
|-enditem|p2a: Great Tusk|Booster Energy
|-activate|p2a: Great Tusk|ability: Protosynthesis|[fromitem]
|-start|p2a: Great Tusk|protosynthesisatk
|move|p1a: Raikou|Aura Sphere|p2a: Great Tusk
|-damage|p2a: Great Tusk|60/100
|
|upkeep
|turn|4
|
|t:|1760852922
|switch|p1a: Forretress|Forretress, M|100/100
|move|p2a: Great Tusk|Earthquake|p1a: Forretress
|-crit|p1a: Forretress
|-damage|p1a: Forretress|44/100
|
|-heal|p1a: Forretress|50/100|[from] item: Leftovers
|upkeep
|turn|5
|
|t:|1760852938
|-end|p2a: Great Tusk|Protosynthesis|[silent]
|switch|p2a: Cinderace|Cinderace, F|71/100
|move|p1a: Forretress|Body Press|p2a: Cinderace
|-damage|p2a: Cinderace|21/100
|
|-heal|p1a: Forretress|56/100|[from] item: Leftovers
|upkeep
|turn|6
|
|t:|1760852947
|switch|p1a: Raikou|Raikou|53/100
|move|p2a: Cinderace|Flare Blitz|p1a: Raikou
|-damage|p1a: Raikou|0 fnt
|faint|p1a: Raikou
|-damage|p2a: Cinderace|2/100|[from] Recoil
|-damage|p2a: Cinderace|0 fnt|[from] item: Life Orb
|faint|p2a: Cinderace
|
|upkeep
|
|t:|1760852963
|switch|p2a: Dragapult|Dragapult, M|100/100
|switch|p1a: Cloyster|Cloyster, F|100/100
|turn|7
|
|t:|1760852979
|-terastallize|p1a: Cloyster|Ghost
|move|p2a: Dragapult|Phantom Force||[still]
|-prepare|p2a: Dragapult|Phantom Force
|move|p1a: Cloyster|Shell Smash|p1a: Cloyster
|-unboost|p1a: Cloyster|def|1
|-unboost|p1a: Cloyster|spd|1
|-boost|p1a: Cloyster|atk|2
|-boost|p1a: Cloyster|spa|2
|-boost|p1a: Cloyster|spe|2
|-enditem|p1a: Cloyster|White Herb
|-clearnegativeboost|p1a: Cloyster|[silent]
|
|upkeep
|turn|8
|
|t:|1760852994
|switch|p1a: Forretress|Forretress, M|56/100
|move|p2a: Dragapult|Phantom Force|p1a: Forretress|[from] lockedmove
|-damage|p1a: Forretress|20/100
|
|-heal|p1a: Forretress|26/100|[from] item: Leftovers
|upkeep
|turn|9
|
|t:|1760853005
|move|p2a: Dragapult|Phantom Force||[still]
|-prepare|p2a: Dragapult|Phantom Force
|move|p1a: Forretress|Gyro Ball|p2a: Dragapult|[miss]
|-miss|p1a: Forretress|p2a: Dragapult
|
|-heal|p1a: Forretress|32/100|[from] item: Leftovers
|upkeep
|turn|10
|
|t:|1760853012
|switch|p1a: Chansey|Chansey, F|100/100
|move|p2a: Dragapult|Phantom Force|p1a: Chansey|[from] lockedmove
|-immune|p1a: Chansey
|
|upkeep
|turn|11
|
|t:|1760853020
|switch|p2a: Iron Valiant|Iron Valiant|100/100
|-enditem|p2a: Iron Valiant|Booster Energy
|-activate|p2a: Iron Valiant|ability: Quark Drive|[fromitem]
|-start|p2a: Iron Valiant|quarkdrivespe
|switch|p1a: Forretress|Forretress, M|32/100
|
|-heal|p1a: Forretress|38/100|[from] item: Leftovers
|upkeep
|turn|12
|
|t:|1760853039
|move|p2a: Iron Valiant|Swords Dance|p2a: Iron Valiant
|-boost|p2a: Iron Valiant|atk|2
|move|p1a: Forretress|Gyro Ball|p2a: Iron Valiant
|-supereffective|p2a: Iron Valiant
|-damage|p2a: Iron Valiant|0 fnt
|faint|p2a: Iron Valiant
|-end|p2a: Iron Valiant|Quark Drive|[silent]
|
|-heal|p1a: Forretress|44/100|[from] item: Leftovers
|upkeep
|
|t:|1760853049
|switch|p2a: Indeedee|Indeedee, M|100/100
|-fieldstart|move: Psychic Terrain|[from] ability: Psychic Surge|[of] p2a: Indeedee
|turn|13
|
|t:|1760853056
|switch|p1a: Chansey|Chansey, F|100/100
|move|p2a: Indeedee|Expanding Force|p1a: Chansey
|-damage|p1a: Chansey|76/100
|
|upkeep
|turn|14
|
|t:|1760853065
|move|p2a: Indeedee|Expanding Force|p1a: Chansey
|-damage|p1a: Chansey|49/100
|move|p1a: Chansey|Seismic Toss|p2a: Indeedee
|-damage|p2a: Indeedee|62/100
|
|upkeep
|turn|15
|
|t:|1760853078
|switch|p2a: Dragapult|Dragapult, M|100/100
|move|p1a: Chansey|Soft-Boiled|p1a: Chansey
|-heal|p1a: Chansey|99/100
|
|upkeep
|turn|16
|
|t:|1760853087
|switch|p1a: Forretress|Forretress, M|44/100
|move|p2a: Dragapult|Psychic Fangs|p1a: Forretress
|-resisted|p1a: Forretress
|-damage|p1a: Forretress|28/100
|
|-heal|p1a: Forretress|34/100|[from] item: Leftovers
|upkeep
|turn|17
|
|t:|1760853101
|switch|p2a: Great Tusk|Great Tusk|60/100
|move|p1a: Forretress|Gyro Ball|p2a: Great Tusk
|-damage|p2a: Great Tusk|35/100
|
|-heal|p1a: Forretress|40/100|[from] item: Leftovers
|-fieldend|move: Psychic Terrain
|upkeep
|turn|18
|
|t:|1760853112
|move|p2a: Great Tusk|Earthquake|p1a: Forretress
|-damage|p1a: Forretress|12/100
|move|p1a: Forretress|Body Press|p2a: Great Tusk
|-crit|p2a: Great Tusk
|-damage|p2a: Great Tusk|2/100
|
|-heal|p1a: Forretress|18/100|[from] item: Leftovers
|upkeep
|turn|19
|
|t:|1760853124
|-terastallize|p2a: Great Tusk|Ground
|move|p2a: Great Tusk|Earthquake|p1a: Forretress
|-damage|p1a: Forretress|0 fnt
|faint|p1a: Forretress
|
|upkeep
|j| vywxiwjxjwk
|l| vywxiwjxjwk
|
|t:|1760853142
|switch|p1a: Cloyster|Cloyster, F, tera:Ghost|100/100
|turn|20
|
|t:|1760853158
|move|p1a: Cloyster|Ice Shard|p2a: Great Tusk
|-supereffective|p2a: Great Tusk
|-damage|p2a: Great Tusk|0 fnt
|faint|p2a: Great Tusk
|-end|p2a: Great Tusk|Protosynthesis|[silent]
|
|upkeep
|inactive|ymy4 has 120 seconds left.
|
|t:|1760853184
|switch|p2a: Indeedee|Indeedee, M|62/100
|-fieldstart|move: Psychic Terrain|[from] ability: Psychic Surge|[of] p2a: Indeedee
|turn|21
|inactive|ymy4 has 120 seconds left.
|inactive|d.eazzy has 120 seconds left.
|
|t:|1760853225
|switch|p1a: Chansey|Chansey, F|99/100
|move|p2a: Indeedee|Shadow Ball|p1a: Chansey
|-immune|p1a: Chansey
|
|upkeep
|turn|22
|
|t:|1760853250
|switch|p2a: Dragapult|Dragapult, M|100/100
|move|p1a: Chansey|Seismic Toss|p2a: Dragapult
|-immune|p2a: Dragapult
|
|upkeep
|turn|23
|inactive|ymy4 has 120 seconds left.
|inactive|d.eazzy has 90 seconds left.
|
|t:|1760853274
|switch|p1a: Noivern|Noivern, M|100/100
|move|p2a: Dragapult|U-turn|p1a: Noivern
|-resisted|p1a: Noivern
|-damage|p1a: Noivern|78/100
|inactive|ymy4 has 120 seconds left.
|
|t:|1760853280
|switch|p2a: Indeedee|Indeedee, M|62/100|[from] U-turn
|
|upkeep
|turn|24
|inactive|ymy4 has 120 seconds left.
|
|t:|1760853291
|move|p1a: Noivern|Dragon Pulse|p2a: Indeedee
|-damage|p2a: Indeedee|0 fnt
|faint|p2a: Indeedee
|
|upkeep
|inactive|ymy4 has 120 seconds left.
|
|t:|1760853296
|switch|p2a: Dragapult|Dragapult, M|100/100
|turn|25
|
|t:|1760853310
|move|p2a: Dragapult|Outrage|p1a: Noivern
|-supereffective|p1a: Noivern
|-damage|p1a: Noivern|0 fnt
|faint|p1a: Noivern
|
|-fieldend|move: Psychic Terrain
|upkeep
|
|t:|1760853315
|switch|p1a: Cloyster|Cloyster, F, tera:Ghost|100/100
|turn|26
|
|t:|1760853319
|move|p2a: Dragapult|Outrage|p1a: Cloyster|[from] lockedmove
|-damage|p1a: Cloyster|32/100
|move|p1a: Cloyster|Icicle Spear|p2a: Dragapult
|-supereffective|p2a: Dragapult
|-damage|p2a: Dragapult|63/100
|-supereffective|p2a: Dragapult
|-damage|p2a: Dragapult|27/100
|-supereffective|p2a: Dragapult
|-damage|p2a: Dragapult|0 fnt
|faint|p2a: Dragapult
|-hitcount|p2: Dragapult|3
|
|win|d.eazzy
|raw|d.eazzy's rating: 1152 &rarr; <strong>1179</strong><br />(+27 for winning)
|raw|ymy4's rating: 1178 &rarr; <strong>1151</strong><br />(-27 for losing)
|c|☆d.eazzy|gg
|l|☆ymy4
|player|p2|
|l|☆d.eazzy
|player|p1|
