|j|☆bathbrew
|j|☆Verminator
|t:|1760801051
|gametype|singles
|player|p1|bathbrew|guitarist|1379
|player|p2|Verminator|bruno|1321
|gen|9
|tier|[Gen 9] OU
|rated|
|rule|HP Percentage Mod: HP is shown in percentages
|rule|Endless Battle Clause: Forcing endless battles is banned
|rule|Species Clause: Limit one of each Pokémon
|rule|OHKO Clause: OHKO moves are banned
|rule|Evasion Items Clause: Evasion items are banned
|rule|Evasion Moves Clause: Evasion moves are banned
|rule|Evasion Abilities Clause: Evasion abilities are banned
|rule|Sleep Moves Clause: Sleep-inducing moves are banned
|clearpoke
|poke|p1|Tornadus-Therian, M|
|poke|p1|Rillaboom, F|
|poke|p1|Zamazenta-*|
|poke|p1|Samurott-Hisui, F|
|poke|p1|Moltres|
|poke|p1|Raging Bolt|
|poke|p2|Weavile, M|
|poke|p2|Slowking-Galar, F|
|poke|p2|Moltres|
|poke|p2|Scizor, F|
|poke|p2|Quagsire, F|
|poke|p2|Garchomp, F|
|teampreview
|inactive|Battle timer is ON: inactive players will automatically lose when time's up. (requested by bathbrew)
|
|t:|1760801058
|teamsize|p1|6
|teamsize|p2|6
|start
|switch|p1a: Samurott|Samurott-Hisui, F|100/100
|switch|p2a: Moltres|Moltres|100/100
|turn|1
|
|t:|1760801065
|switch|p2a: Quagsire|Quagsire, F|100/100
|move|p1a: Samurott|Aqua Cutter|p2a: Quagsire
|-immune|p2a: Quagsire|[from] ability: Water Absorb
|
|upkeep
|turn|2
|
|t:|1760801072
|switch|p1a: Moltres|Moltres|100/100
|move|p2a: Quagsire|Stealth Rock|p1a: Moltres
|-sidestart|p1: bathbrew|move: Stealth Rock
|
|upkeep
|turn|3
|
|t:|1760801078
|move|p1a: Moltres|Will-O-Wisp|p2a: Quagsire
|-status|p2a: Quagsire|brn
|move|p2a: Quagsire|Toxic|p1a: Moltres
|-status|p1a: Moltres|tox
|
|-damage|p1a: Moltres|94/100 tox|[from] psn
|-damage|p2a: Quagsire|94/100 brn|[from] brn
|upkeep
|turn|4
|
|t:|1760801087
|switch|p2a: Slowking|Slowking-Galar, F|100/100
|move|p1a: Moltres|U-turn|p2a: Slowking
|-damage|p2a: Slowking|86/100
|
|t:|1760801091
|switch|p1a: Samurott|Samurott-Hisui, F|100/100|[from] U-turn
|-damage|p1a: Samurott|88/100|[from] Stealth Rock
|
|-heal|p2a: Slowking|92/100|[from] item: Leftovers
|upkeep
|turn|5
|
|t:|1760801103
|switch|p2a: Quagsire|Quagsire, F|94/100 brn
|move|p1a: Samurott|Ceaseless Edge|p2a: Quagsire
|-damage|p2a: Quagsire|62/100 brn
|-sidestart|p2: Verminator|Spikes
|
|-heal|p2a: Quagsire|68/100 brn|[from] item: Leftovers
|-damage|p2a: Quagsire|62/100 brn|[from] brn
|upkeep
|turn|6
|
|t:|1760801110
|move|p1a: Samurott|Ceaseless Edge|p2a: Quagsire
|-damage|p2a: Quagsire|32/100 brn
|-sidestart|p2: Verminator|Spikes
|move|p2a: Quagsire|Recover|p2a: Quagsire
|-heal|p2a: Quagsire|82/100 brn
|
|-heal|p2a: Quagsire|88/100 brn|[from] item: Leftovers
|-damage|p2a: Quagsire|82/100 brn|[from] brn
|upkeep
|turn|7
|
|t:|1760801114
|move|p1a: Samurott|Ceaseless Edge|p2a: Quagsire
|-damage|p2a: Quagsire|53/100 brn
|-sidestart|p2: Verminator|Spikes
|move|p2a: Quagsire|Toxic|p1a: Samurott
|-status|p1a: Samurott|tox
|
|-heal|p2a: Quagsire|59/100 brn|[from] item: Leftovers
|-damage|p1a: Samurott|82/100 tox|[from] psn
|-damage|p2a: Quagsire|53/100 brn|[from] brn
|upkeep
|turn|8
|
|t:|1760801119
|move|p1a: Samurott|Ceaseless Edge|p2a: Quagsire
|-damage|p2a: Quagsire|24/100 brn
|move|p2a: Quagsire|Recover|p2a: Quagsire
|-heal|p2a: Quagsire|74/100 brn
|
|-heal|p2a: Quagsire|80/100 brn|[from] item: Leftovers
|-damage|p1a: Samurott|69/100 tox|[from] psn
|-damage|p2a: Quagsire|74/100 brn|[from] brn
|upkeep
|turn|9
|
|t:|1760801125
|move|p1a: Samurott|Ceaseless Edge|p2a: Quagsire
|-damage|p2a: Quagsire|42/100 brn
|move|p2a: Quagsire|Toxic|p1a: Samurott
|-fail|p1a: Samurott|tox
|
|-heal|p2a: Quagsire|48/100 brn|[from] item: Leftovers
|-damage|p1a: Samurott|51/100 tox|[from] psn
|-damage|p2a: Quagsire|42/100 brn|[from] brn
|upkeep
|turn|10
|
|t:|1760801130
|switch|p1a: Rillaboom|Rillaboom, F|100/100
|-damage|p1a: Rillaboom|88/100|[from] Stealth Rock
|-fieldstart|move: Grassy Terrain|[from] ability: Grassy Surge|[of] p1a: Rillaboom
|move|p2a: Quagsire|Recover|p2a: Quagsire
|-heal|p2a: Quagsire|92/100 brn
|
|-heal|p1a: Rillaboom|94/100|[from] Grassy Terrain
|-heal|p2a: Quagsire|98/100 brn|[from] Grassy Terrain
|-heal|p2a: Quagsire|100/100 brn|[from] item: Leftovers
|-damage|p2a: Quagsire|94/100 brn|[from] brn
|upkeep
|turn|11
|
|t:|1760801137
|switch|p2a: Moltres|Moltres|100/100
|move|p1a: Rillaboom|U-turn|p2a: Moltres
|-resisted|p2a: Moltres
|-damage|p2a: Moltres|91/100
|-status|p1a: Rillaboom|brn|[from] ability: Flame Body|[of] p2a: Moltres
|
|t:|1760801141
|switch|p1a: Samurott|Samurott-Hisui, F|51/100 tox|[from] U-turn
|-damage|p1a: Samurott|38/100 tox|[from] Stealth Rock
|
|-heal|p1a: Samurott|44/100 tox|[from] Grassy Terrain
|-damage|p1a: Samurott|38/100 tox|[from] psn
|upkeep
|turn|12
|
|t:|1760801150
|move|p1a: Samurott|Knock Off|p2a: Moltres
|-damage|p2a: Moltres|44/100
|-enditem|p2a: Moltres|Heavy-Duty Boots|[from] move: Knock Off|[of] p1a: Samurott
|move|p2a: Moltres|Hurricane|p1a: Samurott
|-damage|p1a: Samurott|0 fnt
|faint|p1a: Samurott
|
|upkeep
|
|t:|1760801158
|switch|p1a: Raging Bolt|Raging Bolt|100/100
|-damage|p1a: Raging Bolt|88/100|[from] Stealth Rock
|turn|13
|
|t:|1760801163
|move|p1a: Raging Bolt|Draco Meteor|p2a: Moltres
|-damage|p2a: Moltres|0 fnt
|-unboost|p1a: Raging Bolt|spa|2
|faint|p2a: Moltres
|
|-heal|p1a: Raging Bolt|94/100|[from] Grassy Terrain
|upkeep
|
|t:|1760801166
|switch|p2a: Scizor|Scizor, F|100/100
|-damage|p2a: Scizor|76/100|[from] Spikes
|turn|14
|
|t:|1760801168
|-end|p1a: Raging Bolt|Protosynthesis|[silent]
|switch|p1a: Moltres|Moltres|94/100 tox
|move|p2a: Scizor|Defog|p1a: Moltres
|-unboost|p1a: Moltres|evasion|1
|-sideend|p1: bathbrew|Stealth Rock|[from] move: Defog|[of] p2a: Scizor
|-sideend|p2: Verminator|Spikes|[from] move: Defog|[of] p2a: Scizor
|-fieldend|move: Grassy Terrain
|
|-damage|p1a: Moltres|88/100 tox|[from] psn
|upkeep
|turn|15
|
|t:|1760801177
|switch|p2a: Slowking|Slowking-Galar, F|100/100
|move|p1a: Moltres|U-turn|p2a: Slowking
|-damage|p2a: Slowking|85/100
|
|t:|1760801184
|switch|p1a: Zamazenta|Zamazenta|100/100|[from] U-turn
|-ability|p1a: Zamazenta|Dauntless Shield|boost
|-boost|p1a: Zamazenta|def|1
|
|-heal|p2a: Slowking|91/100|[from] item: Leftovers
|upkeep
|turn|16
|
|t:|1760801190
|move|p1a: Zamazenta|Crunch|p2a: Slowking
|-supereffective|p2a: Slowking
|-damage|p2a: Slowking|13/100
|-damage|p1a: Zamazenta|91/100|[from] item: Life Orb
|move|p2a: Slowking|Future Sight|p1a: Zamazenta
|-start|p2a: Slowking|move: Future Sight
|
|-heal|p2a: Slowking|19/100|[from] item: Leftovers
|upkeep
|turn|17
|
|t:|1760801193
|switch|p2a: Quagsire|Quagsire, F|94/100 brn
|move|p1a: Zamazenta|Crunch|p2a: Quagsire
|-damage|p2a: Quagsire|69/100 brn
|-damage|p1a: Zamazenta|81/100|[from] item: Life Orb
|
|-heal|p2a: Quagsire|75/100 brn|[from] item: Leftovers
|-damage|p2a: Quagsire|69/100 brn|[from] brn
|upkeep
|turn|18
|
|t:|1760801201
|-terastallize|p1a: Zamazenta|Dark
|move|p1a: Zamazenta|Close Combat|p2a: Quagsire
|-damage|p2a: Quagsire|11/100 brn
|-unboost|p1a: Zamazenta|def|1
|-unboost|p1a: Zamazenta|spd|1
|-damage|p1a: Zamazenta|71/100|[from] item: Life Orb
|move|p2a: Quagsire|Stealth Rock|p1a: Zamazenta
|-sidestart|p1: bathbrew|move: Stealth Rock
|
|-end|p1a: Zamazenta|move: Future Sight
|-immune|p1a: Zamazenta
|-heal|p2a: Quagsire|17/100 brn|[from] item: Leftovers
|-damage|p2a: Quagsire|11/100 brn|[from] brn
|upkeep
|turn|19
|
|t:|1760801215
|move|p1a: Zamazenta|Crunch|p2a: Quagsire
|-damage|p2a: Quagsire|0 fnt
|faint|p2a: Quagsire
|-damage|p1a: Zamazenta|61/100|[from] item: Life Orb
|
|upkeep
|
|t:|1760801221
|switch|p2a: Scizor|Scizor, F|76/100
|turn|20
|
|t:|1760801224
|move|p1a: Zamazenta|Close Combat|p2a: Scizor
|-damage|p2a: Scizor|5/100
|-unboost|p1a: Zamazenta|def|1
|-unboost|p1a: Zamazenta|spd|1
|-damage|p1a: Zamazenta|51/100|[from] item: Life Orb
|move|p2a: Scizor|Bug Bite|p1a: Zamazenta
|-supereffective|p1a: Zamazenta
|-damage|p1a: Zamazenta|0 fnt
|faint|p1a: Zamazenta
|
|upkeep
|
|t:|1760801229
|switch|p1a: Rillaboom|Rillaboom, F|94/100 brn
|-damage|p1a: Rillaboom|82/100 brn|[from] Stealth Rock
|-fieldstart|move: Grassy Terrain|[from] ability: Grassy Surge|[of] p1a: Rillaboom
|turn|21
|
|t:|1760801237
|move|p1a: Rillaboom|U-turn|p2a: Scizor
|-resisted|p2a: Scizor
|-damage|p2a: Scizor|0 fnt
|faint|p2a: Scizor
|
|t:|1760801248
|switch|p1a: Raging Bolt|Raging Bolt|94/100|[from] U-turn
|-damage|p1a: Raging Bolt|82/100|[from] Stealth Rock
|
|-heal|p1a: Raging Bolt|88/100|[from] Grassy Terrain
|upkeep
|
|t:|1760801257
|switch|p2a: Weavile|Weavile, M|100/100
|turn|22
|
|t:|1760801260
|move|p1a: Raging Bolt|Thunderclap|p2a: Weavile
|-damage|p2a: Weavile|8/100
|move|p2a: Weavile|Triple Axel|p1a: Raging Bolt
|-supereffective|p1a: Raging Bolt
|-damage|p1a: Raging Bolt|62/100
|-supereffective|p1a: Raging Bolt
|-damage|p1a: Raging Bolt|13/100
|-supereffective|p1a: Raging Bolt
|-damage|p1a: Raging Bolt|0 fnt
|faint|p1a: Raging Bolt
|-end|p1a: Raging Bolt|Protosynthesis|[silent]
|-hitcount|p1: Raging Bolt|3
|-damage|p2a: Weavile|0 fnt|[from] item: Life Orb
|faint|p2a: Weavile
|
|upkeep
|
|t:|1760801272
|switch|p2a: Garchomp|Garchomp, F|100/100
|switch|p1a: Rillaboom|Rillaboom, F|82/100 brn
|-damage|p1a: Rillaboom|70/100 brn|[from] Stealth Rock
|turn|23
|
|t:|1760801279
|-terastallize|p2a: Garchomp|Fire
|move|p2a: Garchomp|Scale Shot|p1a: Rillaboom
|-damage|p1a: Rillaboom|55/100 brn
|-damage|p1a: Rillaboom|40/100 brn
|-damage|p1a: Rillaboom|25/100 brn
|-damage|p1a: Rillaboom|10/100 brn
|-hitcount|p1a: Rillaboom|4
|-unboost|p2a: Garchomp|def|1
|-boost|p2a: Garchomp|spe|1
|move|p1a: Rillaboom|Wood Hammer|p2a: Garchomp
|-resisted|p2a: Garchomp
|-damage|p2a: Garchomp|52/100
|-damage|p1a: Rillaboom|0 fnt|[from] ability: Rough Skin|[of] p2a: Garchomp
|faint|p1a: Rillaboom
|
|-heal|p2a: Garchomp|58/100|[from] Grassy Terrain
|upkeep
|
|t:|1760801285
|switch|p1a: Tornadus|Tornadus-Therian, M|100/100
|turn|24
|
|t:|1760801297
|switch|p2a: Slowking|Slowking-Galar, F|52/100
|move|p1a: Tornadus|Bleakwind Storm|p2a: Slowking
|-damage|p2a: Slowking|25/100
|
|-heal|p2a: Slowking|31/100|[from] Grassy Terrain
|-heal|p2a: Slowking|38/100|[from] item: Leftovers
|upkeep
|turn|25
|
|t:|1760801302
|move|p1a: Tornadus|Nasty Plot|p1a: Tornadus
|-boost|p1a: Tornadus|spa|2
|move|p2a: Slowking|Toxic|p1a: Tornadus
|-status|p1a: Tornadus|tox
|
|-heal|p2a: Slowking|44/100|[from] Grassy Terrain
|-heal|p2a: Slowking|50/100|[from] item: Leftovers
|-damage|p1a: Tornadus|94/100 tox|[from] psn
|-fieldend|move: Grassy Terrain
|upkeep
|turn|26
|
|t:|1760801306
|move|p1a: Tornadus|Bleakwind Storm|p2a: Slowking
|-damage|p2a: Slowking|0 fnt
|faint|p2a: Slowking
|
|-damage|p1a: Tornadus|82/100 tox|[from] psn
|upkeep
|
|t:|1760801308
|switch|p2a: Garchomp|Garchomp, F, tera:Fire|58/100
|turn|27
|
|t:|1760801311
|move|p1a: Tornadus|Bleakwind Storm|p2a: Garchomp
|-damage|p2a: Garchomp|0 fnt
|faint|p2a: Garchomp
|
|win|bathbrew
|raw|bathbrew's rating: 1379 &rarr; <strong>1396</strong><br />(+17 for winning)
|raw|Verminator's rating: 1321 &rarr; <strong>1304</strong><br />(-17 for losing)
|l|☆Verminator
|player|p2|
|l|☆bathbrew
|player|p1|
