|j|☆ArinFeesh
|j|☆Maximum Neocortex
|t:|1760812042
|gametype|singles
|player|p1|ArinFeesh|266|1044
|player|p2|Maximum Neocortex|pokekid|1017
|gen|9
|tier|[Gen 9] OU
|rated|
|rule|HP Percentage Mod: HP is shown in percentages
|rule|Endless Battle Clause: Forcing endless battles is banned
|rule|Species Clause: Limit one of each Pokémon
|rule|OHKO Clause: OHKO moves are banned
|rule|Evasion Items Clause: Evasion items are banned
|rule|Evasion Moves Clause: Evasion moves are banned
|rule|Evasion Abilities Clause: Evasion abilities are banned
|rule|Sleep Moves Clause: Sleep-inducing moves are banned
|clearpoke
|poke|p1|Arboliva, F|
|poke|p1|Ceruledge, M|
|poke|p1|Serperior, M|
|poke|p1|Kingambit, M|
|poke|p1|Walking Wake|
|poke|p1|Glimmora, F|
|poke|p2|Great Tusk|
|poke|p2|Kingambit, M|
|poke|p2|Enamorus, F|
|poke|p2|Heatran, M|
|poke|p2|Ogerpon-Wellspring, F|
|poke|p2|Zapdos|
|teampreview
|
|t:|1760812045
|teamsize|p1|6
|teamsize|p2|6
|start
|switch|p1a: Glimmora|Glimmora, F, shiny|100/100
|switch|p2a: Zack Scott|Great Tusk|100/100
|-item|p1a: Glimmora|Air Balloon
|-enditem|p2a: Zack Scott|Booster Energy
|-activate|p2a: Zack Scott|ability: Protosynthesis|[fromitem]
|-start|p2a: Zack Scott|protosynthesisatk
|turn|1
|
|t:|1760812059
|move|p1a: Glimmora|Toxic Spikes|p2a: Zack Scott
|-sidestart|p2: Maximum Neocortex|move: Toxic Spikes
|move|p2a: Zack Scott|Iron Head|p1a: Glimmora
|-supereffective|p1a: Glimmora
|-damage|p1a: Glimmora|18/100
|-activate|p1a: Glimmora|ability: Toxic Debris
|-sidestart|p2: Maximum Neocortex|move: Toxic Spikes
|-enditem|p1a: Glimmora|Air Balloon
|
|upkeep
|turn|2
|
|t:|1760812073
|move|p1a: Glimmora|Spikes|p2a: Zack Scott
|-sidestart|p2: Maximum Neocortex|Spikes
|move|p2a: Zack Scott|Rapid Spin|p1a: Glimmora
|-resisted|p1a: Glimmora
|-damage|p1a: Glimmora|5/100
|-boost|p2a: Zack Scott|spe|1
|-sideend|p2: Maximum Neocortex|Spikes|[from] move: Rapid Spin|[of] p2a: Zack Scott
|-sideend|p2: Maximum Neocortex|Toxic Spikes|[from] move: Rapid Spin|[of] p2a: Zack Scott
|
|upkeep
|turn|3
|
|t:|1760812087
|move|p2a: Zack Scott|High Horsepower|p1a: Glimmora
|-supereffective|p1a: Glimmora
|-damage|p1a: Glimmora|0 fnt
|-activate|p1a: Glimmora|ability: Toxic Debris
|-sidestart|p2: Maximum Neocortex|move: Toxic Spikes
|faint|p1a: Glimmora
|
|upkeep
|
|t:|1760812096
|switch|p1a: Serperior|Serperior, M, shiny|100/100
|turn|4
|
|t:|1760812101
|move|p2a: Zack Scott|Rapid Spin|p1a: Serperior
|-damage|p1a: Serperior|75/100
|-boost|p2a: Zack Scott|spe|1
|-sideend|p2: Maximum Neocortex|Toxic Spikes|[from] move: Rapid Spin|[of] p2a: Zack Scott
|move|p1a: Serperior|Leaf Storm|p2a: Zack Scott
|-supereffective|p2a: Zack Scott
|-damage|p2a: Zack Scott|0 fnt
|-boost|p1a: Serperior|spa|2
|faint|p2a: Zack Scott
|-end|p2a: Zack Scott|Protosynthesis|[silent]
|
|-heal|p1a: Serperior|81/100|[from] item: Leftovers
|upkeep
|
|t:|1760812114
|switch|p2a: Bowser|Heatran, M, shiny|100/100
|turn|5
|
|t:|1760812131
|switch|p1a: Ceruledge|Ceruledge, M, shiny|100/100
|move|p2a: Bowser|Fire Blast|p1a: Ceruledge
|-start|p1a: Ceruledge|ability: Flash Fire
|
|upkeep
|turn|6
|
|t:|1760812147
|switch|p2a: Shygal|Ogerpon-Wellspring, F|100/100
|move|p1a: Ceruledge|Shadow Ball|p2a: Shygal
|-damage|p2a: Shygal|78/100
|
|upkeep
|turn|7
|
|t:|1760812156
|-end|p1a: Ceruledge|ability: Flash Fire|[silent]
|switch|p1a: Walking Wake|Walking Wake|100/100
|move|p2a: Shygal|Knock Off|p1a: Walking Wake
|-damage|p1a: Walking Wake|72/100
|
|upkeep
|turn|8
|
|t:|1760812178
|move|p2a: Shygal|Swords Dance|p2a: Shygal
|-boost|p2a: Shygal|atk|2
|move|p1a: Walking Wake|Flip Turn|p2a: Shygal
|-heal|p2a: Shygal|100/100|[from] ability: Water Absorb|[of] p1a: Walking Wake
|
|upkeep
|turn|9
|
|t:|1760812209
|-end|p1a: Walking Wake|Protosynthesis|[silent]
|switch|p1a: Serperior|Serperior, M, shiny|81/100
|move|p2a: Shygal|Ivy Cudgel|p1a: Serperior|[anim] Ivy Cudgel Water
|-resisted|p1a: Serperior
|-damage|p1a: Serperior|24/100
|
|-heal|p1a: Serperior|30/100|[from] item: Leftovers
|upkeep
|turn|10
|
|t:|1760812221
|move|p1a: Serperior|Protect|p1a: Serperior
|-singleturn|p1a: Serperior|Protect
|move|p2a: Shygal|Ivy Cudgel|p1a: Serperior|[anim] Ivy Cudgel Water
|-activate|p1a: Serperior|move: Protect
|
|-heal|p1a: Serperior|37/100|[from] item: Leftovers
|upkeep
|turn|11
|
|t:|1760812233
|move|p2a: Shygal|Ivy Cudgel|p1a: Serperior|[anim] Ivy Cudgel Water
|-resisted|p1a: Serperior
|-damage|p1a: Serperior|0 fnt
|faint|p1a: Serperior
|
|upkeep
|
|t:|1760812241
|switch|p1a: Arboliva|Arboliva, F, shiny|100/100
|turn|12
|
|t:|1760812261
|move|p2a: Shygal|Swords Dance|p2a: Shygal
|-boost|p2a: Shygal|atk|2
|move|p1a: Arboliva|Leech Seed|p2a: Shygal
|-immune|p2a: Shygal
|
|upkeep
|turn|13
|
|t:|1760812269
|move|p2a: Shygal|Swords Dance|p2a: Shygal
|-boost|p2a: Shygal|atk|2
|move|p1a: Arboliva|Substitute|p1a: Arboliva
|-start|p1a: Arboliva|Substitute
|-damage|p1a: Arboliva|76/100
|
|upkeep
|turn|14
|inactive|Battle timer is ON: inactive players will automatically lose when time's up. (requested by ArinFeesh)
|
|t:|1760812276
|move|p2a: Shygal|Ivy Cudgel|p1a: Arboliva|[anim] Ivy Cudgel Water
|-resisted|p1a: Arboliva
|-end|p1a: Arboliva|Substitute
|move|p1a: Arboliva|Hyper Voice|p2a: Shygal
|-damage|p2a: Shygal|51/100
|
|upkeep
|turn|15
|
|t:|1760812286
|move|p2a: Shygal|Ivy Cudgel|p1a: Arboliva|[anim] Ivy Cudgel Water
|-resisted|p1a: Arboliva
|-damage|p1a: Arboliva|0 fnt
|faint|p1a: Arboliva
|
|upkeep
|
|t:|1760812301
|switch|p1a: Kingambit|Kingambit, M, shiny|100/100
|-activate|p1a: Kingambit|ability: Supreme Overlord
|-start|p1a: Kingambit|fallen3|[silent]
|turn|16
|
|t:|1760812320
|switch|p2a: Bowser|Heatran, M, shiny|100/100
|move|p1a: Kingambit|Poison Jab|p2a: Bowser
|-immune|p2a: Bowser
|
|upkeep
|turn|17
|
|t:|1760812335
|-terastallize|p1a: Kingambit|Ghost
|move|p2a: Bowser|Iron Defense|p2a: Bowser
|-boost|p2a: Bowser|def|2
|move|p1a: Kingambit|Kowtow Cleave|p2a: Bowser
|-damage|p2a: Bowser|65/100
|-damage|p1a: Kingambit|91/100|[from] item: Life Orb
|
|-heal|p2a: Bowser|71/100|[from] item: Leftovers
|upkeep
|turn|18
|inactive|ArinFeesh has 120 seconds left.
|
|t:|1760812354
|move|p2a: Bowser|Iron Defense|p2a: Bowser
|-boost|p2a: Bowser|def|2
|move|p1a: Kingambit|Tera Blast|p2a: Bowser|[anim] Tera Blast Ghost
|-damage|p2a: Bowser|48/100
|-damage|p1a: Kingambit|81/100|[from] item: Life Orb
|
|-heal|p2a: Bowser|54/100|[from] item: Leftovers
|upkeep
|turn|19
|inactive|ArinFeesh has 120 seconds left.
|
|t:|1760812367
|move|p2a: Bowser|Fire Blast|p1a: Kingambit
|-damage|p1a: Kingambit|36/100
|-status|p1a: Kingambit|brn
|move|p1a: Kingambit|Grass Knot|p2a: Bowser
|-resisted|p2a: Bowser
|-damage|p2a: Bowser|48/100
|-damage|p1a: Kingambit|26/100 brn|[from] item: Life Orb
|
|-heal|p2a: Bowser|54/100|[from] item: Leftovers
|-damage|p1a: Kingambit|20/100 brn|[from] brn
|upkeep
|turn|20
|inactive|ArinFeesh has 120 seconds left.
|
|t:|1760812379
|move|p2a: Bowser|Fire Blast|p1a: Kingambit
|-damage|p1a: Kingambit|0 fnt
|faint|p1a: Kingambit
|-end|p1a: Kingambit|fallen3|[silent]
|
|-heal|p2a: Bowser|60/100|[from] item: Leftovers
|upkeep
|inactive|ArinFeesh has 120 seconds left.
|
|t:|1760812387
|switch|p1a: Walking Wake|Walking Wake|72/100
|turn|21
|
|t:|1760812398
|switch|p2a: Enamorus|Enamorus, F|100/100
|move|p1a: Walking Wake|Hydro Steam|p2a: Enamorus
|-damage|p2a: Enamorus|35/100
|
|upkeep
|turn|22
|inactive|ArinFeesh has 120 seconds left.
|
|t:|1760812418
|move|p2a: Enamorus|Draining Kiss|p1a: Walking Wake
|-supereffective|p1a: Walking Wake
|-damage|p1a: Walking Wake|0 fnt
|-heal|p2a: Enamorus|98/100|[from] drain|[of] p1a: Walking Wake
|faint|p1a: Walking Wake
|-end|p1a: Walking Wake|Protosynthesis|[silent]
|
|upkeep
|inactive|ArinFeesh has 120 seconds left.
|
|t:|1760812425
|switch|p1a: Ceruledge|Ceruledge, M, shiny|100/100
|turn|23
|
|t:|1760812434
|switch|p2a: Master Kohga|Kingambit, M|100/100
|-activate|p2a: Master Kohga|ability: Supreme Overlord
|-start|p2a: Master Kohga|fallen1|[silent]
|move|p1a: Ceruledge|Swords Dance|p1a: Ceruledge
|-boost|p1a: Ceruledge|atk|2
|
|upkeep
|turn|24
|
|t:|1760812444
|move|p1a: Ceruledge|Bitter Blade|p2a: Master Kohga
|-supereffective|p2a: Master Kohga
|-damage|p2a: Master Kohga|0 fnt
|faint|p2a: Master Kohga
|-end|p2a: Master Kohga|fallen1|[silent]
|
|upkeep
|
|t:|1760812455
|switch|p2a: Chicken Jockey|Zapdos|100/100
|turn|25
|
|t:|1760812462
|move|p2a: Chicken Jockey|Facade|p1a: Ceruledge
|-immune|p1a: Ceruledge
|move|p1a: Ceruledge|Bitter Blade|p2a: Chicken Jockey
|-damage|p2a: Chicken Jockey|0 fnt
|faint|p2a: Chicken Jockey
|
|upkeep
|
|t:|1760812473
|switch|p2a: Bowser|Heatran, M, shiny|60/100
|turn|26
|
|t:|1760812483
|move|p1a: Ceruledge|Shadow Ball|p2a: Bowser
|-damage|p2a: Bowser|44/100
|move|p2a: Bowser|Fire Blast|p1a: Ceruledge
|-start|p1a: Ceruledge|ability: Flash Fire
|
|-heal|p2a: Bowser|50/100|[from] item: Leftovers
|upkeep
|turn|27
|
|t:|1760812495
|switch|p2a: Enamorus|Enamorus, F|98/100
|move|p1a: Ceruledge|Shadow Ball|p2a: Enamorus
|-damage|p2a: Enamorus|71/100
|
|upkeep
|turn|28
|
|t:|1760812507
|move|p2a: Enamorus|Draining Kiss|p1a: Ceruledge
|-resisted|p1a: Ceruledge
|-damage|p1a: Ceruledge|80/100
|-heal|p2a: Enamorus|86/100|[from] drain|[of] p1a: Ceruledge
|move|p1a: Ceruledge|Swords Dance|p1a: Ceruledge
|-boost|p1a: Ceruledge|atk|2
|
|-heal|p1a: Ceruledge|86/100|[from] item: Leftovers
|upkeep
|turn|29
|
|t:|1760812518
|switch|p2a: Shygal|Ogerpon-Wellspring, F|51/100
|move|p1a: Ceruledge|Bitter Blade|p2a: Shygal
|-damage|p2a: Shygal|0 fnt
|-heal|p1a: Ceruledge|100/100|[from] drain|[of] p2a: Shygal
|faint|p2a: Shygal
|
|upkeep
|
|t:|1760812527
|switch|p2a: Bowser|Heatran, M, shiny|50/100
|turn|30
|
|t:|1760812532
|move|p2a: Bowser|Protect|p2a: Bowser
|-singleturn|p2a: Bowser|Protect
|move|p1a: Ceruledge|Shadow Ball|p2a: Bowser
|-activate|p2a: Bowser|move: Protect
|
|-heal|p2a: Bowser|56/100|[from] item: Leftovers
|upkeep
|turn|31
|
|t:|1760812541
|move|p2a: Bowser|Protect|p2a: Bowser
|-singleturn|p2a: Bowser|Protect
|move|p1a: Ceruledge|Shadow Ball|p2a: Bowser
|-activate|p2a: Bowser|move: Protect
|
|-heal|p2a: Bowser|62/100|[from] item: Leftovers
|upkeep
|turn|32
|
|t:|1760812556
|switch|p2a: Enamorus|Enamorus, F|86/100
|move|p1a: Ceruledge|Shadow Ball|p2a: Enamorus
|-damage|p2a: Enamorus|62/100
|
|upkeep
|turn|33
|
|t:|1760812569
|-terastallize|p2a: Enamorus|Fairy
|move|p2a: Enamorus|Draining Kiss|p1a: Ceruledge
|-resisted|p1a: Ceruledge
|-damage|p1a: Ceruledge|65/100
|-heal|p2a: Enamorus|89/100|[from] drain|[of] p1a: Ceruledge
|move|p1a: Ceruledge|Bitter Blade|p2a: Enamorus
|-damage|p2a: Enamorus|0 fnt
|-heal|p1a: Ceruledge|100/100|[from] drain|[of] p2a: Enamorus
|faint|p2a: Enamorus
|
|upkeep
|
|t:|1760812581
|switch|p2a: Bowser|Heatran, M, shiny|62/100
|turn|34
|-message|Maximum Neocortex forfeited.
|
|win|ArinFeesh
|raw|ArinFeesh's rating: 1044 &rarr; <strong>1075</strong><br />(+31 for winning)
|raw|Maximum Neocortex's rating: 1017 &rarr; <strong>1005</strong><br />(-12 for losing)
|l|☆Maximum Neocortex
|player|p2|
