|j|☆kmater
|j|☆BoraxBlaster
|t:|1760789567
|gametype|singles
|player|p1|kmater|steven|1134
|player|p2|BoraxBlaster|ethan|1160
|gen|9
|tier|[Gen 9] OU
|rated|
|rule|HP Percentage Mod: HP is shown in percentages
|rule|Endless Battle Clause: Forcing endless battles is banned
|rule|Species Clause: Limit one of each Pokémon
|rule|OHKO Clause: OHKO moves are banned
|rule|Evasion Items Clause: Evasion items are banned
|rule|Evasion Moves Clause: Evasion moves are banned
|rule|Evasion Abilities Clause: Evasion abilities are banned
|rule|Sleep Moves Clause: Sleep-inducing moves are banned
|clearpoke
|poke|p1|Cinderace, M|
|poke|p1|Meowscarada, F|
|poke|p1|Arboliva, F|
|poke|p1|Greninja-*, M|
|poke|p1|Chandelure, M|
|poke|p1|Rabsca, F|
|poke|p2|Landorus-Therian, M|
|poke|p2|Samurott-Hisui, M|
|poke|p2|Pecharunt|
|poke|p2|Scizor, M|
|poke|p2|Latios, M|
|poke|p2|Zamazenta-*|
|teampreview
|
|t:|1760789575
|teamsize|p1|6
|teamsize|p2|6
|start
|switch|p1a: Meowscarada|Meowscarada, F|100/100
|switch|p2a: Landorus|Landorus-Therian, M|100/100
|-ability|p2a: Landorus|Intimidate|boost
|-unboost|p1a: Meowscarada|atk|1
|turn|1
|
|t:|1760789602
|switch|p1a: Arboliva|Arboliva, F, shiny|100/100
|switch|p2a: Zamazenta|Zamazenta|100/100
|-ability|p2a: Zamazenta|Dauntless Shield|boost
|-boost|p2a: Zamazenta|def|1
|
|upkeep
|turn|2
|
|t:|1760789612
|switch|p1a: Chandelure|Chandelure, M, shiny|100/100
|move|p2a: Zamazenta|Iron Defense|p2a: Zamazenta
|-boost|p2a: Zamazenta|def|2
|
|upkeep
|turn|3
|
|t:|1760789619
|move|p1a: Chandelure|Flamethrower|p2a: Zamazenta
|-damage|p2a: Zamazenta|57/100
|move|p2a: Zamazenta|Crunch|p1a: Chandelure
|-supereffective|p1a: Chandelure
|-crit|p1a: Chandelure
|-damage|p1a: Chandelure|13/100
|-unboost|p1a: Chandelure|def|1
|
|-heal|p2a: Zamazenta|63/100|[from] item: Leftovers
|upkeep
|turn|4
|
|t:|1760789630
|move|p1a: Chandelure|Flamethrower|p2a: Zamazenta
|-damage|p2a: Zamazenta|19/100
|move|p2a: Zamazenta|Crunch|p1a: Chandelure
|-supereffective|p1a: Chandelure
|-crit|p1a: Chandelure
|-damage|p1a: Chandelure|0 fnt
|faint|p1a: Chandelure
|
|-heal|p2a: Zamazenta|25/100|[from] item: Leftovers
|upkeep
|
|t:|1760789640
|switch|p1a: Greninja|Greninja, M|100/100
|turn|5
|
|t:|1760789648
|move|p2a: Zamazenta|Body Press|p1a: Greninja
|-supereffective|p1a: Greninja
|-damage|p1a: Greninja|0 fnt
|faint|p1a: Greninja
|
|-heal|p2a: Zamazenta|31/100|[from] item: Leftovers
|upkeep
|
|t:|1760789656
|switch|p1a: Rabsca|Rabsca, F, shiny|100/100
|turn|6
|
|t:|1760789665
|move|p2a: Zamazenta|Crunch|p1a: Rabsca
|-supereffective|p1a: Rabsca
|-damage|p1a: Rabsca|57/100
|move|p1a: Rabsca|Trick Room|p1a: Rabsca
|-fieldstart|move: Trick Room|[of] p1a: Rabsca
|
|-heal|p2a: Zamazenta|37/100|[from] item: Leftovers
|upkeep
|turn|7
|
|t:|1760789672
|move|p1a: Rabsca|Psychic Noise|p2a: Zamazenta
|-supereffective|p2a: Zamazenta
|-damage|p2a: Zamazenta|0 fnt
|faint|p2a: Zamazenta
|
|upkeep
|
|t:|1760789689
|switch|p2a: Scizor|Scizor, M|100/100
|turn|8
|
|t:|1760789694
|move|p1a: Rabsca|Revival Blessing|p1a: Rabsca
|-enditem|p1a: Rabsca|Leppa Berry|[eat]
|-activate|p1a: Rabsca|item: Leppa Berry|Revival Blessing|[consumed]
|
|t:|1760789698
|-heal|p1: Chandelure|50/100|[from] move: Revival Blessing
|move|p2a: Scizor|Swords Dance|p2a: Scizor
|-boost|p2a: Scizor|atk|2
|
|upkeep
|turn|9
|
|t:|1760789711
|switch|p1a: Arboliva|Arboliva, F, shiny|100/100
|move|p2a: Scizor|Swords Dance|p2a: Scizor
|-boost|p2a: Scizor|atk|2
|
|upkeep
|turn|10
|
|t:|1760789719
|-terastallize|p1a: Arboliva|Fire
|move|p1a: Arboliva|Tera Blast|p2a: Scizor|[anim] Tera Blast Fire
|-supereffective|p2a: Scizor
|-damage|p2a: Scizor|0 fnt
|faint|p2a: Scizor
|
|-fieldend|move: Trick Room
|upkeep
|
|t:|1760789734
|switch|p2a: Landorus|Landorus-Therian, M|100/100
|-ability|p2a: Landorus|Intimidate|boost
|-unboost|p1a: Arboliva|atk|1
|turn|11
|
|t:|1760789742
|move|p2a: Landorus|Earthquake|p1a: Arboliva
|-supereffective|p1a: Arboliva
|-damage|p1a: Arboliva|10/100
|-enditem|p1a: Arboliva|Sitrus Berry|[eat]
|-heal|p1a: Arboliva|35/100|[from] item: Sitrus Berry
|move|p1a: Arboliva|Strength Sap|p2a: Landorus
|-unboost|p2a: Landorus|atk|1
|-heal|p1a: Arboliva|100/100
|
|upkeep
|turn|12
|
|t:|1760789754
|move|p2a: Landorus|U-turn|p1a: Arboliva
|-resisted|p1a: Arboliva
|-damage|p1a: Arboliva|94/100
|
|t:|1760789762
|switch|p2a: Pecharunt|Pecharunt|100/100|[from] U-turn
|move|p1a: Arboliva|Leech Seed|p2a: Pecharunt|[miss]
|-miss|p1a: Arboliva|p2a: Pecharunt
|
|upkeep
|turn|13
|
|t:|1760789773
|move|p2a: Pecharunt|Malignant Chain|p1a: Arboliva
|-damage|p1a: Arboliva|66/100
|-status|p1a: Arboliva|tox
|-start|p1a: Arboliva|confusion|[from] ability: Poison Puppeteer|[of] p2a: Pecharunt
|-activate|p1a: Arboliva|confusion
|move|p1a: Arboliva|Leech Seed|p2a: Pecharunt
|-start|p2a: Pecharunt|move: Leech Seed
|
|-damage|p2a: Pecharunt|88/100|[from] Leech Seed|[of] p1a: Arboliva
|-heal|p1a: Arboliva|81/100 tox|[silent]
|-damage|p1a: Arboliva|75/100 tox|[from] psn
|-item|p1a: Arboliva|Sitrus Berry|[from] ability: Harvest
|upkeep
|turn|14
|
|t:|1760789787
|move|p2a: Pecharunt|Parting Shot|p1a: Arboliva
|-unboost|p1a: Arboliva|atk|1
|-unboost|p1a: Arboliva|spa|1
|
|t:|1760789801
|switch|p2a: Latios|Latios, M|100/100|[from] Parting Shot
|-activate|p1a: Arboliva|confusion
|move|p1a: Arboliva|Tera Blast|p2a: Latios|[anim] Tera Blast Fire
|-resisted|p2a: Latios
|-damage|p2a: Latios|89/100
|
|-damage|p1a: Arboliva|63/100 tox|[from] psn
|upkeep
|turn|15
|
|t:|1760789811
|move|p2a: Latios|Calm Mind|p2a: Latios
|-boost|p2a: Latios|spa|1
|-boost|p2a: Latios|spd|1
|-end|p1a: Arboliva|confusion
|move|p1a: Arboliva|Leech Seed|p2a: Latios
|-start|p2a: Latios|move: Leech Seed
|
|-damage|p2a: Latios|76/100|[from] Leech Seed|[of] p1a: Arboliva
|-heal|p1a: Arboliva|76/100 tox|[silent]
|-damage|p1a: Arboliva|58/100 tox|[from] psn
|upkeep
|turn|16
|
|t:|1760789832
|move|p2a: Latios|Calm Mind|p2a: Latios
|-boost|p2a: Latios|spa|1
|-boost|p2a: Latios|spd|1
|move|p1a: Arboliva|Alluring Voice|p2a: Latios
|-supereffective|p2a: Latios
|-damage|p2a: Latios|62/100
|-start|p2a: Latios|confusion
|
|-damage|p2a: Latios|49/100|[from] Leech Seed|[of] p1a: Arboliva
|-heal|p1a: Arboliva|70/100 tox|[silent]
|-damage|p1a: Arboliva|46/100 tox|[from] psn
|upkeep
|-enditem|p1a: Arboliva|Sitrus Berry|[eat]
|-heal|p1a: Arboliva|71/100 tox|[from] item: Sitrus Berry
|turn|17
|
|t:|1760789847
|switch|p1a: Meowscarada|Meowscarada, F|100/100
|-activate|p2a: Latios|confusion
|move|p2a: Latios|Recover|p2a: Latios
|-heal|p2a: Latios|99/100
|
|-damage|p2a: Latios|87/100|[from] Leech Seed|[of] p1a: Meowscarada
|upkeep
|turn|18
|
|t:|1760789860
|-terastallize|p2a: Latios|Steel
|move|p1a: Meowscarada|Play Rough|p2a: Latios
|-start|p1a: Meowscarada|typechange|Fairy|[from] ability: Protean
|-resisted|p2a: Latios
|-damage|p2a: Latios|44/100
|-damage|p1a: Meowscarada|91/100|[from] item: Life Orb
|-activate|p2a: Latios|confusion
|move|p2a: Latios|Draco Meteor|p1a: Meowscarada
|-immune|p1a: Meowscarada
|
|-damage|p2a: Latios|32/100|[from] Leech Seed|[of] p1a: Meowscarada
|-heal|p1a: Meowscarada|100/100|[silent]
|upkeep
|turn|19
|c|☆kmater|Yikes lol
|c|☆kmater|Tough luck
|
|t:|1760789891
|switch|p2a: Pecharunt|Pecharunt|88/100
|move|p1a: Meowscarada|Brick Break|p2a: Pecharunt
|-immune|p2a: Pecharunt
|
|upkeep
|turn|20
|
|t:|1760789904
|switch|p1a: Arboliva|Arboliva, F, shiny, tera:Fire|71/100 tox
|move|p2a: Pecharunt|Malignant Chain|p1a: Arboliva
|-damage|p1a: Arboliva|44/100 tox
|
|-damage|p1a: Arboliva|38/100 tox|[from] psn
|-item|p1a: Arboliva|Sitrus Berry|[from] ability: Harvest
|upkeep
|-enditem|p1a: Arboliva|Sitrus Berry|[eat]
|-heal|p1a: Arboliva|63/100 tox|[from] item: Sitrus Berry
|turn|21
|
|t:|1760789922
|move|p2a: Pecharunt|Shadow Ball|p1a: Arboliva
|-damage|p1a: Arboliva|41/100 tox
|move|p1a: Arboliva|Leech Seed|p2a: Pecharunt
|-start|p2a: Pecharunt|move: Leech Seed
|
|-damage|p2a: Pecharunt|76/100|[from] Leech Seed|[of] p1a: Arboliva
|-heal|p1a: Arboliva|57/100 tox|[silent]
|-damage|p1a: Arboliva|44/100 tox|[from] psn
|upkeep
|turn|22
|
|t:|1760789933
|move|p2a: Pecharunt|Shadow Ball|p1a: Arboliva
|-damage|p1a: Arboliva|24/100 tox
|move|p1a: Arboliva|Strength Sap|p2a: Pecharunt
|-unboost|p2a: Pecharunt|atk|1
|-heal|p1a: Arboliva|78/100 tox
|
|-damage|p2a: Pecharunt|63/100|[from] Leech Seed|[of] p1a: Arboliva
|-heal|p1a: Arboliva|94/100 tox|[silent]
|-damage|p1a: Arboliva|76/100 tox|[from] psn
|-item|p1a: Arboliva|Sitrus Berry|[from] ability: Harvest
|upkeep
|turn|23
|
|t:|1760789951
|move|p2a: Pecharunt|Shadow Ball|p1a: Arboliva
|-damage|p1a: Arboliva|55/100 tox
|move|p1a: Arboliva|Tera Blast|p2a: Pecharunt|[anim] Tera Blast Fire
|-damage|p2a: Pecharunt|31/100
|
|-damage|p2a: Pecharunt|18/100|[from] Leech Seed|[of] p1a: Arboliva
|-heal|p1a: Arboliva|70/100 tox|[silent]
|-damage|p1a: Arboliva|46/100 tox|[from] psn
|upkeep
|-enditem|p1a: Arboliva|Sitrus Berry|[eat]
|-heal|p1a: Arboliva|71/100 tox|[from] item: Sitrus Berry
|turn|24
|
|t:|1760789964
|move|p2a: Pecharunt|Recover|p2a: Pecharunt
|-heal|p2a: Pecharunt|69/100
|move|p1a: Arboliva|Tera Blast|p2a: Pecharunt|[anim] Tera Blast Fire
|-damage|p2a: Pecharunt|38/100
|
|-damage|p2a: Pecharunt|25/100|[from] Leech Seed|[of] p1a: Arboliva
|-heal|p1a: Arboliva|87/100 tox|[silent]
|-damage|p1a: Arboliva|57/100 tox|[from] psn
|-item|p1a: Arboliva|Sitrus Berry|[from] ability: Harvest
|upkeep
|turn|25
|
|t:|1760789976
|move|p2a: Pecharunt|Parting Shot|p1a: Arboliva
|-unboost|p1a: Arboliva|atk|1
|-unboost|p1a: Arboliva|spa|1
|
|t:|1760789984
|switch|p2a: Samurott|Samurott-Hisui, M|100/100|[from] Parting Shot
|move|p1a: Arboliva|Tera Blast|p2a: Samurott|[anim] Tera Blast Fire
|-resisted|p2a: Samurott
|-damage|p2a: Samurott|89/100
|
|-damage|p1a: Arboliva|20/100 tox|[from] psn
|upkeep
|-enditem|p1a: Arboliva|Sitrus Berry|[eat]
|-heal|p1a: Arboliva|45/100 tox|[from] item: Sitrus Berry
|turn|26
|
|t:|1760790006
|switch|p1a: Meowscarada|Meowscarada, F|100/100
|move|p2a: Samurott|Razor Shell|p1a: Meowscarada
|-resisted|p1a: Meowscarada
|-damage|p1a: Meowscarada|57/100
|-unboost|p1a: Meowscarada|def|1
|
|upkeep
|turn|27
|
|t:|1760790020
|switch|p2a: Pecharunt|Pecharunt|25/100
|move|p1a: Meowscarada|Flower Trick|p2a: Pecharunt
|-start|p1a: Meowscarada|typechange|Grass|[from] ability: Protean
|-resisted|p2a: Pecharunt
|-crit|p2a: Pecharunt
|-damage|p2a: Pecharunt|3/100
|-damage|p1a: Meowscarada|47/100|[from] item: Life Orb
|
|upkeep
|turn|28
|
|t:|1760790040
|move|p1a: Meowscarada|Flower Trick|p2a: Pecharunt
|-resisted|p2a: Pecharunt
|-crit|p2a: Pecharunt
|-damage|p2a: Pecharunt|0 fnt
|faint|p2a: Pecharunt
|-damage|p1a: Meowscarada|37/100|[from] item: Life Orb
|
|upkeep
|
|t:|1760790052
|switch|p2a: Landorus|Landorus-Therian, M|100/100
|-ability|p2a: Landorus|Intimidate|boost
|-unboost|p1a: Meowscarada|atk|1
|turn|29
|
|t:|1760790062
|switch|p1a: Arboliva|Arboliva, F, shiny, tera:Fire|45/100 tox
|move|p2a: Landorus|U-turn|p1a: Arboliva
|-resisted|p1a: Arboliva
|-damage|p1a: Arboliva|35/100 tox
|
|t:|1760790068
|switch|p2a: Samurott|Samurott-Hisui, M|89/100|[from] U-turn
|
|-damage|p1a: Arboliva|29/100 tox|[from] psn
|upkeep
|turn|30
|
|t:|1760790076
|move|p2a: Samurott|Ceaseless Edge|p1a: Arboliva
|-damage|p1a: Arboliva|0 fnt
|-sidestart|p1: kmater|Spikes
|faint|p1a: Arboliva
|
|upkeep
|
|t:|1760790084
|switch|p1a: Meowscarada|Meowscarada, F|37/100
|-damage|p1a: Meowscarada|25/100|[from] Spikes
|turn|31
|
|t:|1760790102
|move|p2a: Samurott|Aqua Jet|p1a: Meowscarada
|-resisted|p1a: Meowscarada
|-damage|p1a: Meowscarada|10/100
|move|p1a: Meowscarada|Brick Break|p2a: Samurott
|-start|p1a: Meowscarada|typechange|Fighting|[from] ability: Protean
|-supereffective|p2a: Samurott
|-damage|p2a: Samurott|0 fnt
|faint|p2a: Samurott
|-damage|p1a: Meowscarada|0 fnt|[from] item: Life Orb
|faint|p1a: Meowscarada
|
|upkeep
|
|t:|1760790122
|switch|p1a: Rabsca|Rabsca, F, shiny|57/100
|switch|p2a: Landorus|Landorus-Therian, M|100/100
|-ability|p2a: Landorus|Intimidate|boost
|-unboost|p1a: Rabsca|atk|1
|-damage|p1a: Rabsca|45/100|[from] Spikes
|turn|32
|
|t:|1760790132
|move|p2a: Landorus|Smack Down|p1a: Rabsca
|-supereffective|p1a: Rabsca
|-damage|p1a: Rabsca|10/100
|move|p1a: Rabsca|Trick Room|p1a: Rabsca
|-fieldstart|move: Trick Room|[of] p1a: Rabsca
|
|upkeep
|turn|33
|
|t:|1760790148
|move|p1a: Rabsca|Revival Blessing|p1a: Rabsca
|
|t:|1760790151
|-heal|p1: Arboliva|50/100|[from] move: Revival Blessing
|move|p2a: Landorus|Stealth Rock|p1a: Rabsca
|-sidestart|p1: kmater|move: Stealth Rock
|
|upkeep
|turn|34
|
|t:|1760790163
|move|p1a: Rabsca|Psychic Noise|p2a: Landorus
|-damage|p2a: Landorus|66/100
|-start|p2a: Landorus|move: Heal Block
|move|p2a: Landorus|U-turn|p1a: Rabsca
|-supereffective|p1a: Rabsca
|-damage|p1a: Rabsca|0 fnt
|faint|p1a: Rabsca
|
|t:|1760790171
|switch|p2a: Latios|Latios, M, tera:Steel|32/100|[from] U-turn
|
|upkeep
|
|t:|1760790179
|switch|p1a: Arboliva|Arboliva, F, shiny|50/100
|-damage|p1a: Arboliva|38/100|[from] Spikes
|-damage|p1a: Arboliva|26/100|[from] Stealth Rock
|turn|35
|
|t:|1760790187
|move|p1a: Arboliva|Strength Sap|p2a: Latios
|-unboost|p2a: Latios|atk|1
|-heal|p1a: Arboliva|88/100
|move|p2a: Latios|Recover|p2a: Latios
|-heal|p2a: Latios|82/100
|
|-item|p1a: Arboliva|Sitrus Berry|[from] ability: Harvest
|upkeep
|turn|36
|
|t:|1760790198
|move|p1a: Arboliva|Leech Seed|p2a: Latios
|-start|p2a: Latios|move: Leech Seed
|move|p2a: Latios|Calm Mind|p2a: Latios
|-boost|p2a: Latios|spa|1
|-boost|p2a: Latios|spd|1
|
|-damage|p2a: Latios|70/100|[from] Leech Seed|[of] p1a: Arboliva
|-heal|p1a: Arboliva|99/100|[silent]
|-fieldend|move: Trick Room
|upkeep
|turn|37
|
|t:|1760790217
|switch|p1a: Cinderace|Cinderace, M|100/100
|move|p2a: Latios|Psychic Noise|p1a: Cinderace
|-damage|p1a: Cinderace|5/100
|-start|p1a: Cinderace|move: Heal Block
|
|-damage|p2a: Latios|58/100|[from] Leech Seed|[of] p1a: Cinderace
|upkeep
|turn|38
|
|t:|1760790233
|move|p1a: Cinderace|Court Change|p1a: Cinderace
|-start|p1a: Cinderace|typechange|Normal|[from] ability: Libero
|-swapsideconditions
|-activate|p1a: Cinderace|move: Court Change
|move|p2a: Latios|Psychic Noise|p1a: Cinderace
|-damage|p1a: Cinderace|0 fnt
|faint|p1a: Cinderace
|
|upkeep
|
|t:|1760790243
|switch|p1a: Chandelure|Chandelure, M, shiny|50/100
|turn|39
|
|t:|1760790255
|move|p1a: Chandelure|Flamethrower|p2a: Latios
|-supereffective|p2a: Latios
|-damage|p2a: Latios|0 fnt
|faint|p2a: Latios
|
|upkeep
|
|t:|1760790260
|switch|p2a: Landorus|Landorus-Therian, M|66/100
|-damage|p2a: Landorus|54/100|[from] Stealth Rock
|-ability|p2a: Landorus|Intimidate|boost
|-unboost|p1a: Chandelure|atk|1
|turn|40
|
|t:|1760790274
|move|p1a: Chandelure|Flamethrower|p2a: Landorus
|-damage|p2a: Landorus|0 fnt
|faint|p2a: Landorus
|
|win|kmater
|raw|kmater's rating: 1134 &rarr; <strong>1161</strong><br />(+27 for winning)
|raw|BoraxBlaster's rating: 1160 &rarr; <strong>1133</strong><br />(-27 for losing)
|l|☆BoraxBlaster
|player|p2|
|c|☆kmater|Gg
|l|☆kmater
|player|p1|
