|j|☆PunkRockstar
|j|☆Denvertzzz
|t:|1760846816
|gametype|singles
|player|p1|PunkRockstar|adaman|1131
|player|p2|Denvertzzz|169|1238
|gen|9
|tier|[Gen 9] OU
|rated|
|rule|HP Percentage Mod: HP is shown in percentages
|rule|Endless Battle Clause: Forcing endless battles is banned
|rule|Species Clause: Limit one of each Pokémon
|rule|OHKO Clause: OHKO moves are banned
|rule|Evasion Items Clause: Evasion items are banned
|rule|Evasion Moves Clause: Evasion moves are banned
|rule|Evasion Abilities Clause: Evasion abilities are banned
|rule|Sleep Moves Clause: Sleep-inducing moves are banned
|clearpoke
|poke|p1|Ursaluna, M|
|poke|p1|Rillaboom, M|
|poke|p1|Glimmora, M|
|poke|p1|Corviknight, M|
|poke|p1|Dachsbun, M|
|poke|p1|Lapras, M|
|poke|p2|Pelipper, F|
|poke|p2|Vaporeon, F|
|poke|p2|Beartic, F|
|poke|p2|Ribombee, F|
|poke|p2|Garchomp, M|
|poke|p2|Gyarados, M|
|teampreview
|
|t:|1760846819
|teamsize|p1|6
|teamsize|p2|6
|start
|switch|p1a: Glimmora|Glimmora, M, shiny|100/100
|switch|p2a: Mary Juana|Ribombee, F|100/100
|turn|1
|
|t:|1760846828
|move|p2a: Mary Juana|Sticky Web|p1a: Glimmora
|-sidestart|p1: PunkRockstar|move: Sticky Web
|move|p1a: Glimmora|Mortal Spin|p2a: Mary Juana
|-supereffective|p2a: Mary Juana
|-damage|p2a: Mary Juana|74/100
|-sideend|p1: PunkRockstar|Sticky Web|[from] move: Mortal Spin|[of] p1a: Glimmora
|
|upkeep
|turn|2
|
|t:|1760846846
|move|p2a: Mary Juana|Energy Ball|p1a: Glimmora
|-damage|p1a: Glimmora|69/100
|move|p1a: Glimmora|Stealth Rock|p2a: Mary Juana
|-sidestart|p2: Denvertzzz|move: Stealth Rock
|
|upkeep
|turn|3
|
|t:|1760846853
|move|p2a: Mary Juana|Energy Ball|p1a: Glimmora
|-damage|p1a: Glimmora|37/100
|move|p1a: Glimmora|Mortal Spin|p2a: Mary Juana
|-supereffective|p2a: Mary Juana
|-damage|p2a: Mary Juana|48/100
|
|upkeep
|turn|4
|
|t:|1760846861
|move|p1a: Glimmora|Spiky Shield|p1a: Glimmora
|-singleturn|p1a: Glimmora|move: Protect
|move|p2a: Mary Juana|Energy Ball|p1a: Glimmora
|-activate|p1a: Glimmora|move: Protect
|
|upkeep
|turn|5
|
|t:|1760846872
|switch|p1a: Rillaboom|Rillaboom, M|100/100
|-fieldstart|move: Grassy Terrain|[from] ability: Grassy Surge|[of] p1a: Rillaboom
|move|p2a: Mary Juana|Energy Ball|p1a: Rillaboom
|-resisted|p1a: Rillaboom
|-damage|p1a: Rillaboom|84/100
|
|-heal|p2a: Mary Juana|55/100|[from] Grassy Terrain
|-heal|p1a: Rillaboom|91/100|[from] Grassy Terrain
|upkeep
|turn|6
|
|t:|1760846884
|-terastallize|p2a: Mary Juana|Bug
|move|p2a: Mary Juana|Bug Buzz|p1a: Rillaboom
|-supereffective|p1a: Rillaboom
|-crit|p1a: Rillaboom
|-damage|p1a: Rillaboom|0 fnt
|faint|p1a: Rillaboom
|
|-heal|p2a: Mary Juana|61/100|[from] Grassy Terrain
|upkeep
|
|t:|1760846893
|switch|p1a: Corviknight|Corviknight, M|100/100
|turn|7
|
|t:|1760846899
|move|p2a: Mary Juana|Sticky Web|p1a: Corviknight
|-sidestart|p1: PunkRockstar|move: Sticky Web
|move|p1a: Corviknight|Brave Bird|p2a: Mary Juana
|-supereffective|p2a: Mary Juana
|-damage|p2a: Mary Juana|0 fnt
|faint|p2a: Mary Juana
|-damage|p1a: Corviknight|87/100|[from] Recoil
|
|upkeep
|
|t:|1760846909
|switch|p2a: Sheeza Freak|Pelipper, F, shiny|100/100
|-damage|p2a: Sheeza Freak|76/100|[from] Stealth Rock
|-weather|RainDance|[from] ability: Drizzle|[of] p2a: Sheeza Freak
|turn|8
|
|t:|1760846917
|move|p1a: Corviknight|Bulk Up|p1a: Corviknight
|-boost|p1a: Corviknight|atk|1
|-boost|p1a: Corviknight|def|1
|move|p2a: Sheeza Freak|Weather Ball|p1a: Corviknight
|-damage|p1a: Corviknight|26/100
|
|-weather|RainDance|[upkeep]
|upkeep
|turn|9
|
|t:|1760846927
|move|p1a: Corviknight|Brave Bird|p2a: Sheeza Freak
|-damage|p2a: Sheeza Freak|0 fnt
|faint|p2a: Sheeza Freak
|-damage|p1a: Corviknight|9/100|[from] Recoil
|-enditem|p1a: Corviknight|Figy Berry|[eat]
|-heal|p1a: Corviknight|43/100|[from] item: Figy Berry
|
|-weather|RainDance|[upkeep]
|-fieldend|move: Grassy Terrain
|upkeep
|
|t:|1760846937
|switch|p2a: Phil Accio|Beartic, F|100/100
|-damage|p2a: Phil Accio|76/100|[from] Stealth Rock
|turn|10
|
|t:|1760846942
|move|p2a: Phil Accio|Icicle Spear|p1a: Corviknight
|-damage|p1a: Corviknight|35/100
|-damage|p1a: Corviknight|26/100
|-damage|p1a: Corviknight|19/100
|-damage|p1a: Corviknight|11/100
|-damage|p1a: Corviknight|3/100
|-hitcount|p1a: Corviknight|5
|move|p1a: Corviknight|Iron Head|p2a: Phil Accio
|-supereffective|p2a: Phil Accio
|-damage|p2a: Phil Accio|0 fnt
|faint|p2a: Phil Accio
|
|-weather|RainDance|[upkeep]
|upkeep
|
|t:|1760846961
|switch|p2a: Vye Agra|Vaporeon, F, shiny|100/100
|-damage|p2a: Vye Agra|88/100|[from] Stealth Rock
|turn|11
|
|t:|1760846967
|move|p1a: Corviknight|Brave Bird|p2a: Vye Agra
|-damage|p2a: Vye Agra|0 fnt
|faint|p2a: Vye Agra
|-damage|p1a: Corviknight|0 fnt|[from] Recoil
|faint|p1a: Corviknight
|
|-weather|RainDance|[upkeep]
|upkeep
|
|t:|1760846981
|switch|p1a: Lapras|Lapras, M|100/100
|switch|p2a: Ron Chee|Gyarados, M, shiny|100/100
|-damage|p2a: Ron Chee|76/100|[from] Stealth Rock
|turn|12
|
|t:|1760846991
|move|p2a: Ron Chee|Dragon Dance|p2a: Ron Chee
|-boost|p2a: Ron Chee|atk|1
|-boost|p2a: Ron Chee|spe|1
|move|p1a: Lapras|Thunderbolt|p2a: Ron Chee
|-supereffective|p2a: Ron Chee
|-damage|p2a: Ron Chee|0 fnt
|faint|p2a: Ron Chee
|
|-weather|RainDance|[upkeep]
|upkeep
|-message|Denvertzzz forfeited.
|
|win|PunkRockstar
|raw|PunkRockstar's rating: 1131 &rarr; <strong>1163</strong><br />(+32 for winning)
|raw|Denvertzzz's rating: 1238 &rarr; <strong>1206</strong><br />(-32 for losing)
|l|☆Denvertzzz
|player|p2|
|l|☆PunkRockstar
|player|p1|
