|j|☆oplik
|j|☆flygonisdragon
|t:|1760857635
|gametype|singles
|player|p1|oplik|169|1607
|player|p2|flygonisdragon|serena-masters|1622
|gen|9
|tier|[Gen 9] OU
|rated|
|rule|HP Percentage Mod: HP is shown in percentages
|rule|Endless Battle Clause: Forcing endless battles is banned
|rule|Species Clause: Limit one of each Pokémon
|rule|OHKO Clause: OHKO moves are banned
|rule|Evasion Items Clause: Evasion items are banned
|rule|Evasion Moves Clause: Evasion moves are banned
|rule|Evasion Abilities Clause: Evasion abilities are banned
|rule|Sleep Moves Clause: Sleep-inducing moves are banned
|clearpoke
|poke|p1|Gholdengo|
|poke|p1|Zamazenta-*|
|poke|p1|Ting-Lu|
|poke|p1|Clefable, F|
|poke|p1|Dragonite, M|
|poke|p1|Deoxys-Speed|
|poke|p2|Dachsbun, F|
|poke|p2|Lycanroc-Midnight, F|
|poke|p2|Virizion|
|poke|p2|Great Tusk|
|poke|p2|Ogerpon-Wellspring, F|
|poke|p2|Mamoswine, F|
|teampreview
|inactive|Battle timer is ON: inactive players will automatically lose when time's up. (requested by oplik)
|
|t:|1760857654
|teamsize|p1|6
|teamsize|p2|6
|start
|switch|p1a: Moonrock 350|Clefable, F|100/100
|switch|p2a: Ogerpon|Ogerpon-Wellspring, F|100/100
|turn|1
|
|t:|1760857662
|move|p2a: Ogerpon|Swords Dance|p2a: Ogerpon
|-boost|p2a: Ogerpon|atk|2
|move|p1a: Moonrock 350|Stealth Rock|p2a: Ogerpon
|-sidestart|p2: flygonisdragon|move: Stealth Rock
|
|upkeep
|turn|2
|
|t:|1760857669
|move|p2a: Ogerpon|Ivy Cudgel|p1a: Moonrock 350|[anim] Ivy Cudgel Water
|-damage|p1a: Moonrock 350|13/100
|move|p1a: Moonrock 350|Moonblast|p2a: Ogerpon
|-damage|p2a: Ogerpon|63/100
|-unboost|p2a: Ogerpon|spa|1
|
|upkeep
|turn|3
|
|t:|1760857674
|move|p2a: Ogerpon|Ivy Cudgel|p1a: Moonrock 350|[anim] Ivy Cudgel Water
|-damage|p1a: Moonrock 350|0 fnt
|faint|p1a: Moonrock 350
|
|upkeep
|
|t:|1760857676
|switch|p1a: CClifford|Zamazenta|100/100
|-ability|p1a: CClifford|Dauntless Shield|boost
|-boost|p1a: CClifford|def|1
|turn|4
|
|t:|1760857682
|switch|p2a: Great Tusk|Great Tusk|100/100
|move|p1a: CClifford|Close Combat|p2a: Great Tusk
|-damage|p2a: Great Tusk|59/100
|-unboost|p1a: CClifford|def|1
|-unboost|p1a: CClifford|spd|1
|
|upkeep
|turn|5
|
|t:|1760857686
|move|p1a: CClifford|Ice Fang|p2a: Great Tusk
|-supereffective|p2a: Great Tusk
|-damage|p2a: Great Tusk|26/100
|move|p2a: Great Tusk|Rapid Spin|p1a: CClifford
|-damage|p1a: CClifford|86/100
|-boost|p2a: Great Tusk|spe|1
|-sideend|p2: flygonisdragon|Stealth Rock|[from] move: Rapid Spin|[of] p2a: Great Tusk
|
|upkeep
|turn|6
|
|t:|1760857693
|switch|p1a: Secret Service|Dragonite, M|100/100
|move|p2a: Great Tusk|Stealth Rock|p1a: Secret Service
|-sidestart|p1: oplik|move: Stealth Rock
|
|upkeep
|turn|7
|
|t:|1760857696
|move|p1a: Secret Service|Extreme Speed|p2a: Great Tusk
|-damage|p2a: Great Tusk|4/100
|move|p2a: Great Tusk|Ice Spinner|p1a: Secret Service
|-supereffective|p1a: Secret Service
|-damage|p1a: Secret Service|52/100
|
|upkeep
|turn|8
|
|t:|1760857700
|move|p1a: Secret Service|Extreme Speed|p2a: Great Tusk
|-damage|p2a: Great Tusk|0 fnt
|faint|p2a: Great Tusk
|-end|p2a: Great Tusk|Protosynthesis|[silent]
|
|upkeep
|
|t:|1760857703
|switch|p2a: Mamoswine|Mamoswine, F|100/100
|turn|9
|
|t:|1760857727
|-terastallize|p1a: Secret Service|Normal
|move|p2a: Mamoswine|Icicle Crash|p1a: Secret Service
|-damage|p1a: Secret Service|8/100
|move|p1a: Secret Service|Roost|p1a: Secret Service
|-heal|p1a: Secret Service|58/100
|
|upkeep
|turn|10
|
|t:|1760857733
|move|p2a: Mamoswine|Earthquake|p1a: Secret Service
|-damage|p1a: Secret Service|10/100
|move|p1a: Secret Service|Roost|p1a: Secret Service
|-heal|p1a: Secret Service|60/100
|
|upkeep
|turn|11
|
|t:|1760857737
|move|p2a: Mamoswine|Earthquake|p1a: Secret Service
|-damage|p1a: Secret Service|7/100
|move|p1a: Secret Service|Roost|p1a: Secret Service
|-heal|p1a: Secret Service|57/100
|
|upkeep
|turn|12
|
|t:|1760857739
|move|p2a: Mamoswine|Earthquake|p1a: Secret Service
|-damage|p1a: Secret Service|10/100
|move|p1a: Secret Service|Roost|p1a: Secret Service
|-heal|p1a: Secret Service|60/100
|
|upkeep
|turn|13
|
|t:|1760857742
|move|p2a: Mamoswine|Earthquake|p1a: Secret Service
|-damage|p1a: Secret Service|15/100
|move|p1a: Secret Service|Roost|p1a: Secret Service
|-heal|p1a: Secret Service|65/100
|
|upkeep
|turn|14
|
|t:|1760857744
|move|p2a: Mamoswine|Earthquake|p1a: Secret Service
|-damage|p1a: Secret Service|12/100
|move|p1a: Secret Service|Roost|p1a: Secret Service
|-heal|p1a: Secret Service|62/100
|
|upkeep
|turn|15
|
|t:|1760857746
|move|p1a: Secret Service|Extreme Speed|p2a: Mamoswine
|-damage|p2a: Mamoswine|45/100
|move|p2a: Mamoswine|Earthquake|p1a: Secret Service
|-damage|p1a: Secret Service|10/100
|
|upkeep
|turn|16
|
|t:|1760857752
|move|p1a: Secret Service|Extreme Speed|p2a: Mamoswine
|-damage|p2a: Mamoswine|0 fnt
|faint|p2a: Mamoswine
|
|upkeep
|
|t:|1760857764
|switch|p2a: Lycanroc|Lycanroc-Midnight, F|100/100
|turn|17
|
|t:|1760857776
|move|p1a: Secret Service|Extreme Speed|p2a: Lycanroc
|-resisted|p2a: Lycanroc
|-damage|p2a: Lycanroc|69/100
|move|p2a: Lycanroc|Play Rough|p1a: Secret Service
|-damage|p1a: Secret Service|0 fnt
|faint|p1a: Secret Service
|
|upkeep
|
|t:|1760857784
|switch|p1a: CClifford|Zamazenta|86/100
|turn|18
|
|t:|1760857791
|switch|p2a: Dachsbun|Dachsbun, F, shiny|100/100
|move|p1a: CClifford|Close Combat|p2a: Dachsbun
|-resisted|p2a: Dachsbun
|-damage|p2a: Dachsbun|72/100
|-unboost|p1a: CClifford|def|1
|-unboost|p1a: CClifford|spd|1
|
|upkeep
|turn|19
|
|t:|1760857796
|switch|p1a: Djengo Unrained|Gholdengo|100/100
|move|p2a: Dachsbun|Wish|p2a: Dachsbun
|
|upkeep
|turn|20
|
|t:|1760857801
|switch|p2a: Ogerpon|Ogerpon-Wellspring, F|63/100
|move|p1a: Djengo Unrained|Make It Rain|p2a: Ogerpon
|-resisted|p2a: Ogerpon
|-damage|p2a: Ogerpon|32/100
|-unboost|p1a: Djengo Unrained|spa|1
|
|-heal|p2a: Ogerpon|85/100|[from] move: Wish|[wisher] Dachsbun
|upkeep
|turn|21
|
|t:|1760857810
|switch|p1a: CClifford|Zamazenta|86/100
|move|p2a: Ogerpon|Swords Dance|p2a: Ogerpon
|-boost|p2a: Ogerpon|atk|2
|
|upkeep
|turn|22
|
|t:|1760857814
|move|p1a: CClifford|Close Combat|p2a: Ogerpon
|-damage|p2a: Ogerpon|11/100
|-unboost|p1a: CClifford|def|1
|-unboost|p1a: CClifford|spd|1
|move|p2a: Ogerpon|Play Rough|p1a: CClifford
|-supereffective|p1a: CClifford
|-damage|p1a: CClifford|0 fnt
|faint|p1a: CClifford
|
|upkeep
|j| Kyurem
|
|t:|1760857818
|switch|p1a: Dude Nasty Asf|Deoxys-Speed|100/100
|-ability|p1a: Dude Nasty Asf|Pressure
|turn|23
|
|t:|1760857827
|move|p1a: Dude Nasty Asf|Thunderbolt|p2a: Ogerpon
|-damage|p2a: Ogerpon|0 fnt
|faint|p2a: Ogerpon
|
|upkeep
|
|t:|1760857842
|switch|p2a: Lycanroc|Lycanroc-Midnight, F|69/100
|turn|24
|
|t:|1760857845
|switch|p1a: Up Bowl On Em|Ting-Lu|100/100
|-damage|p1a: Up Bowl On Em|94/100|[from] Stealth Rock
|-ability|p1a: Up Bowl On Em|Vessel of Ruin
|move|p2a: Lycanroc|Knock Off|p1a: Up Bowl On Em
|-resisted|p1a: Up Bowl On Em
|-damage|p1a: Up Bowl On Em|86/100
|-enditem|p1a: Up Bowl On Em|Leftovers|[from] move: Knock Off|[of] p2a: Lycanroc
|
|upkeep
|turn|25
|
|t:|1760857850
|switch|p2a: Dachsbun|Dachsbun, F, shiny|72/100
|move|p1a: Up Bowl On Em|Earthquake|p2a: Dachsbun
|-damage|p2a: Dachsbun|37/100
|
|upkeep
|turn|26
|
|t:|1760857854
|move|p2a: Dachsbun|Wish|p2a: Dachsbun
|move|p1a: Up Bowl On Em|Earthquake|p2a: Dachsbun
|-damage|p2a: Dachsbun|0 fnt
|faint|p2a: Dachsbun
|
|upkeep
|
|t:|1760857868
|switch|p2a: Virizion|Virizion, shiny|100/100
|turn|27
|
|t:|1760857871
|move|p2a: Virizion|Swords Dance|p2a: Virizion
|-boost|p2a: Virizion|atk|2
|move|p1a: Up Bowl On Em|Whirlwind|p2a: Virizion
|drag|p2a: Lycanroc|Lycanroc-Midnight, F|69/100
|
|-heal|p2a: Lycanroc|100/100|[from] move: Wish|[wisher] Dachsbun
|upkeep
|turn|28
|
|t:|1760857879
|move|p2a: Lycanroc|Play Rough|p1a: Up Bowl On Em
|-supereffective|p1a: Up Bowl On Em
|-damage|p1a: Up Bowl On Em|57/100
|move|p1a: Up Bowl On Em|Earthquake|p2a: Lycanroc
|-supereffective|p2a: Lycanroc
|-damage|p2a: Lycanroc|0 fnt
|faint|p2a: Lycanroc
|
|upkeep
|
|t:|1760857882
|switch|p2a: Virizion|Virizion, shiny|100/100
|turn|29
|
|t:|1760857884
|move|p2a: Virizion|Swords Dance|p2a: Virizion
|-boost|p2a: Virizion|atk|2
|move|p1a: Up Bowl On Em|Ruination|p2a: Virizion
|-damage|p2a: Virizion|51/100
|-ability|p2a: Virizion|Justified|boost
|-boost|p2a: Virizion|atk|1
|
|-heal|p2a: Virizion|57/100|[from] item: Leftovers
|upkeep
|turn|30
|
|t:|1760857890
|move|p2a: Virizion|Synthesis|p2a: Virizion
|-heal|p2a: Virizion|100/100
|move|p1a: Up Bowl On Em|Ruination|p2a: Virizion|[miss]
|-miss|p1a: Up Bowl On Em|p2a: Virizion
|
|upkeep
|turn|31
|
|t:|1760857893
|move|p2a: Virizion|Sacred Sword|p1a: Up Bowl On Em
|-supereffective|p1a: Up Bowl On Em
|-crit|p1a: Up Bowl On Em
|-damage|p1a: Up Bowl On Em|0 fnt
|faint|p1a: Up Bowl On Em
|
|upkeep
|
|t:|1760857899
|switch|p1a: Djengo Unrained|Gholdengo|100/100
|turn|32
|
|t:|1760857907
|move|p2a: Virizion|Stone Edge|p1a: Djengo Unrained
|-resisted|p1a: Djengo Unrained
|-crit|p1a: Djengo Unrained
|-damage|p1a: Djengo Unrained|66/100
|move|p1a: Djengo Unrained|Make It Rain|p2a: Virizion
|-damage|p2a: Virizion|55/100
|-unboost|p1a: Djengo Unrained|spa|1
|
|-heal|p2a: Virizion|61/100|[from] item: Leftovers
|upkeep
|turn|33
|
|t:|1760857912
|move|p2a: Virizion|Synthesis|p2a: Virizion
|-heal|p2a: Virizion|100/100
|move|p1a: Djengo Unrained|Recover|p1a: Djengo Unrained
|-heal|p1a: Djengo Unrained|100/100
|
|upkeep
|turn|34
|
|t:|1760857914
|move|p2a: Virizion|Swords Dance|p2a: Virizion
|-boost|p2a: Virizion|atk|2
|move|p1a: Djengo Unrained|Nasty Plot|p1a: Djengo Unrained
|-boost|p1a: Djengo Unrained|spa|2
|
|upkeep
|turn|35
|
|t:|1760857921
|move|p2a: Virizion|Stone Edge|p1a: Djengo Unrained
|-resisted|p1a: Djengo Unrained
|-damage|p1a: Djengo Unrained|65/100
|move|p1a: Djengo Unrained|Shadow Ball|p2a: Virizion
|-damage|p2a: Virizion|59/100
|
|-heal|p2a: Virizion|65/100|[from] item: Leftovers
|upkeep
|turn|36
|
|t:|1760857927
|move|p2a: Virizion|Stone Edge|p1a: Djengo Unrained|[miss]
|-miss|p2a: Virizion|p1a: Djengo Unrained
|move|p1a: Djengo Unrained|Recover|p1a: Djengo Unrained
|-heal|p1a: Djengo Unrained|100/100
|
|-heal|p2a: Virizion|71/100|[from] item: Leftovers
|upkeep
|turn|37
|
|t:|1760857930
|move|p2a: Virizion|Stone Edge|p1a: Djengo Unrained|[miss]
|-miss|p2a: Virizion|p1a: Djengo Unrained
|move|p1a: Djengo Unrained|Nasty Plot|p1a: Djengo Unrained
|-boost|p1a: Djengo Unrained|spa|2
|
|-heal|p2a: Virizion|77/100|[from] item: Leftovers
|upkeep
|turn|38
|
|t:|1760857933
|move|p2a: Virizion|Stone Edge|p1a: Djengo Unrained
|-resisted|p1a: Djengo Unrained
|-damage|p1a: Djengo Unrained|67/100
|move|p1a: Djengo Unrained|Make It Rain|p2a: Virizion
|-crit|p2a: Virizion
|-damage|p2a: Virizion|0 fnt
|-unboost|p1a: Djengo Unrained|spa|1
|faint|p2a: Virizion
|
|win|oplik
|raw|oplik's rating: 1607 &rarr; <strong>1628</strong><br />(+21 for winning)
|raw|flygonisdragon's rating: 1622 &rarr; <strong>1601</strong><br />(-21 for losing)
|l|☆flygonisdragon
|player|p2|
|l|☆oplik
|player|p1|
