|j|☆siroperation
|j|☆ChiefGreenLeaf3
|t:|1760890857
|gametype|singles
|player|p1|siroperation|1|1727
|player|p2|ChiefGreenLeaf3|giovanni-gen1|1739
|gen|9
|tier|[Gen 9] OU
|rated|
|rule|HP Percentage Mod: HP is shown in percentages
|rule|Endless Battle Clause: Forcing endless battles is banned
|rule|Species Clause: Limit one of each Pokémon
|rule|OHKO Clause: OHKO moves are banned
|rule|Evasion Items Clause: Evasion items are banned
|rule|Evasion Moves Clause: Evasion moves are banned
|rule|Evasion Abilities Clause: Evasion abilities are banned
|rule|Sleep Moves Clause: Sleep-inducing moves are banned
|clearpoke
|poke|p1|Zamazenta-*|
|poke|p1|Alomomola, F|
|poke|p1|Ting-Lu|
|poke|p1|Cyclizar, M|
|poke|p1|Bronzong|
|poke|p1|Tornadus-Therian, M|
|poke|p2|Iron Moth|
|poke|p2|Iron Valiant|
|poke|p2|Iron Jugulis|
|poke|p2|Zamazenta-*|
|poke|p2|Comfey, M|
|poke|p2|Cloyster, M|
|teampreview
|
|t:|1760890880
|teamsize|p1|6
|teamsize|p2|6
|start
|switch|p1a: Bronzong|Bronzong|100/100
|switch|p2a: Iron Valiant|Iron Valiant, shiny|100/100
|-enditem|p2a: Iron Valiant|Booster Energy
|-activate|p2a: Iron Valiant|ability: Quark Drive|[fromitem]
|-start|p2a: Iron Valiant|quarkdrivespe
|turn|1
|
|t:|1760890883
|move|p2a: Iron Valiant|Taunt|p1a: Bronzong
|-start|p1a: Bronzong|move: Taunt
|move|p1a: Bronzong|Heavy Slam|p2a: Iron Valiant
|-supereffective|p2a: Iron Valiant
|-damage|p2a: Iron Valiant|3/100
|
|upkeep
|turn|2
|
|t:|1760890894
|move|p2a: Iron Valiant|Destiny Bond|p2a: Iron Valiant
|-singlemove|p2a: Iron Valiant|Destiny Bond
|move|p1a: Bronzong|Psychic Noise|p2a: Iron Valiant
|-supereffective|p2a: Iron Valiant
|-damage|p2a: Iron Valiant|0 fnt
|faint|p2a: Iron Valiant
|-activate|p2a: Iron Valiant|move: Destiny Bond
|-end|p2a: Iron Valiant|Quark Drive|[silent]
|faint|p1a: Bronzong
|
|upkeep
|c|☆siroperation|That’s pretty wack
|
|t:|1760890910
|switch|p2a: Iron Jugulis|Iron Jugulis|100/100
|switch|p1a: Tornadus|Tornadus-Therian, M|100/100
|-enditem|p2a: Iron Jugulis|Booster Energy
|-activate|p2a: Iron Jugulis|ability: Quark Drive|[fromitem]
|-start|p2a: Iron Jugulis|quarkdrivespe
|turn|3
|inactive|Battle timer is ON: inactive players will automatically lose when time's up. (requested by ChiefGreenLeaf3)
|
|t:|1760890917
|move|p2a: Iron Jugulis|Hurricane|p1a: Tornadus
|-damage|p1a: Tornadus|58/100
|move|p1a: Tornadus|Bleakwind Storm|p2a: Iron Jugulis
|-damage|p2a: Iron Jugulis|45/100
|
|upkeep
|turn|4
|
|t:|1760890939
|move|p2a: Iron Jugulis|Dark Pulse|p1a: Tornadus
|-damage|p1a: Tornadus|22/100
|move|p1a: Tornadus|Bleakwind Storm|p2a: Iron Jugulis
|-damage|p2a: Iron Jugulis|0 fnt
|faint|p2a: Iron Jugulis
|-end|p2a: Iron Jugulis|Quark Drive|[silent]
|
|upkeep
|
|t:|1760890945
|switch|p2a: Comfey|Comfey, M, shiny|100/100
|turn|5
|
|t:|1760890960
|switch|p1a: Alomomola|Alomomola, F|100/100
|move|p2a: Comfey|Trick|p1a: Alomomola
|-activate|p2a: Comfey|move: Trick|[of] p1a: Alomomola
|-item|p1a: Alomomola|Choice Specs|[from] move: Trick
|-item|p2a: Comfey|Heavy-Duty Boots|[from] move: Trick
|
|upkeep
|turn|6
|
|t:|1760890966
|move|p2a: Comfey|Calm Mind|p2a: Comfey
|-boost|p2a: Comfey|spa|1
|-boost|p2a: Comfey|spd|1
|move|p1a: Alomomola|Flip Turn|p2a: Comfey
|-damage|p2a: Comfey|81/100
|
|t:|1760890968
|switch|p1a: Ting-Lu|Ting-Lu|100/100|[from] Flip Turn
|-ability|p1a: Ting-Lu|Vessel of Ruin
|
|upkeep
|turn|7
|
|t:|1760890970
|-terastallize|p1a: Ting-Lu|Water
|move|p2a: Comfey|Draining Kiss|p1a: Ting-Lu
|-damage|p1a: Ting-Lu|88/100
|-heal|p2a: Comfey|96/100|[from] drain|[of] p1a: Ting-Lu
|move|p1a: Ting-Lu|Whirlwind|p2a: Comfey
|drag|p2a: Zamazenta|Zamazenta|100/100
|-ability|p2a: Zamazenta|Dauntless Shield|boost
|-boost|p2a: Zamazenta|def|1
|
|-heal|p1a: Ting-Lu|94/100|[from] item: Leftovers
|upkeep
|turn|8
|
|t:|1760890982
|switch|p1a: Zamazenta|Zamazenta|100/100
|-ability|p1a: Zamazenta|Dauntless Shield|boost
|-boost|p1a: Zamazenta|def|1
|move|p2a: Zamazenta|Body Press|p1a: Zamazenta
|-damage|p1a: Zamazenta|75/100
|
|-heal|p1a: Zamazenta|81/100|[from] item: Leftovers
|upkeep
|turn|9
|
|t:|1760890984
|move|p2a: Zamazenta|Iron Defense|p2a: Zamazenta
|-boost|p2a: Zamazenta|def|2
|move|p1a: Zamazenta|Iron Defense|p1a: Zamazenta
|-boost|p1a: Zamazenta|def|2
|
|-heal|p1a: Zamazenta|87/100|[from] item: Leftovers
|upkeep
|turn|10
|
|t:|1760890986
|move|p2a: Zamazenta|Iron Defense|p2a: Zamazenta
|-boost|p2a: Zamazenta|def|2
|move|p1a: Zamazenta|Iron Defense|p1a: Zamazenta
|-boost|p1a: Zamazenta|def|2
|
|-heal|p1a: Zamazenta|93/100|[from] item: Leftovers
|upkeep
|turn|11
|
|t:|1760890990
|-terastallize|p2a: Zamazenta|Ghost
|move|p2a: Zamazenta|Iron Defense|p2a: Zamazenta
|-boost|p2a: Zamazenta|def|1
|move|p1a: Zamazenta|Iron Defense|p1a: Zamazenta
|-boost|p1a: Zamazenta|def|1
|
|-heal|p1a: Zamazenta|99/100|[from] item: Leftovers
|upkeep
|turn|12
|
|t:|1760890993
|move|p2a: Zamazenta|Body Press|p1a: Zamazenta
|-damage|p1a: Zamazenta|69/100
|move|p1a: Zamazenta|Crunch|p2a: Zamazenta
|-supereffective|p2a: Zamazenta
|-damage|p2a: Zamazenta|91/100
|
|-heal|p2a: Zamazenta|97/100|[from] item: Leftovers
|-heal|p1a: Zamazenta|75/100|[from] item: Leftovers
|upkeep
|turn|13
|
|t:|1760891000
|move|p2a: Zamazenta|Body Press|p1a: Zamazenta
|-damage|p1a: Zamazenta|50/100
|move|p1a: Zamazenta|Crunch|p2a: Zamazenta
|-supereffective|p2a: Zamazenta
|-damage|p2a: Zamazenta|89/100
|
|-heal|p2a: Zamazenta|96/100|[from] item: Leftovers
|-heal|p1a: Zamazenta|56/100|[from] item: Leftovers
|upkeep
|turn|14
|
|t:|1760891002
|move|p2a: Zamazenta|Substitute|p2a: Zamazenta
|-start|p2a: Zamazenta|Substitute
|-damage|p2a: Zamazenta|71/100
|move|p1a: Zamazenta|Crunch|p2a: Zamazenta
|-supereffective|p2a: Zamazenta
|-activate|p2a: Zamazenta|move: Substitute|[damage]
|
|-heal|p2a: Zamazenta|77/100|[from] item: Leftovers
|-heal|p1a: Zamazenta|62/100|[from] item: Leftovers
|upkeep
|turn|15
|
|t:|1760891003
|move|p2a: Zamazenta|Body Press|p1a: Zamazenta
|-damage|p1a: Zamazenta|32/100
|move|p1a: Zamazenta|Crunch|p2a: Zamazenta
|-supereffective|p2a: Zamazenta
|-activate|p2a: Zamazenta|move: Substitute|[damage]
|
|-heal|p2a: Zamazenta|83/100|[from] item: Leftovers
|-heal|p1a: Zamazenta|39/100|[from] item: Leftovers
|upkeep
|turn|16
|
|t:|1760891005
|move|p2a: Zamazenta|Body Press|p1a: Zamazenta
|-damage|p1a: Zamazenta|13/100
|move|p1a: Zamazenta|Crunch|p2a: Zamazenta
|-supereffective|p2a: Zamazenta
|-end|p2a: Zamazenta|Substitute
|
|-heal|p2a: Zamazenta|89/100|[from] item: Leftovers
|-heal|p1a: Zamazenta|19/100|[from] item: Leftovers
|upkeep
|turn|17
|-message|siroperation forfeited.
|
|win|ChiefGreenLeaf3
|raw|siroperation's rating: 1727 &rarr; <strong>1708</strong><br />(-19 for losing)
|raw|ChiefGreenLeaf3's rating: 1739 &rarr; <strong>1758</strong><br />(+19 for winning)
|l|☆siroperation
|player|p1|
|l|☆ChiefGreenLeaf3
|player|p2|
