|j|☆Bastouf0795
|j|☆terapagosb
|t:|1760882222
|gametype|singles
|player|p1|Bastouf0795|dragontamer|1385
|player|p2|terapagosb|2|1471
|gen|9
|tier|[Gen 9] OU
|rated|
|rule|HP Percentage Mod: HP is shown in percentages
|rule|Endless Battle Clause: Forcing endless battles is banned
|rule|Species Clause: Limit one of each Pokémon
|rule|OHKO Clause: OHKO moves are banned
|rule|Evasion Items Clause: Evasion items are banned
|rule|Evasion Moves Clause: Evasion moves are banned
|rule|Evasion Abilities Clause: Evasion abilities are banned
|rule|Sleep Moves Clause: Sleep-inducing moves are banned
|clearpoke
|poke|p1|Enamorus, F|
|poke|p1|Samurott-Hisui, M|
|poke|p1|Dragonite, M|
|poke|p1|Great Tusk|
|poke|p1|Iron Valiant|
|poke|p1|Gholdengo|
|poke|p2|Kingdra, F|
|poke|p2|Pelipper, F|
|poke|p2|Araquanid, F|
|poke|p2|Primarina, F|
|poke|p2|Ogerpon-Wellspring, F|
|poke|p2|Feraligatr, M|
|teampreview
|inactive|Battle timer is ON: inactive players will automatically lose when time's up. (requested by Bastouf0795)
|
|t:|1760882231
|teamsize|p1|6
|teamsize|p2|6
|start
|switch|p1a: Samurott|Samurott-Hisui, M|100/100
|switch|p2a: Feraligatr|Feraligatr, M|100/100
|turn|1
|
|t:|1760882237
|move|p1a: Samurott|Ceaseless Edge|p2a: Feraligatr
|-damage|p2a: Feraligatr|54/100
|-sidestart|p2: terapagosb|Spikes
|move|p2a: Feraligatr|Dragon Dance|p2a: Feraligatr
|-boost|p2a: Feraligatr|atk|1
|-boost|p2a: Feraligatr|spe|1
|
|upkeep
|turn|2
|
|t:|1760882244
|move|p1a: Samurott|Ceaseless Edge|p2a: Feraligatr
|-damage|p2a: Feraligatr|8/100
|-sidestart|p2: terapagosb|Spikes
|move|p2a: Feraligatr|Waterfall|p1a: Samurott
|-resisted|p1a: Samurott
|-damage|p1a: Samurott|33/100
|
|upkeep
|turn|3
|
|t:|1760882251
|move|p1a: Samurott|Ceaseless Edge|p2a: Feraligatr|[miss]
|-miss|p1a: Samurott|p2a: Feraligatr
|move|p2a: Feraligatr|Waterfall|p1a: Samurott
|-resisted|p1a: Samurott
|-damage|p1a: Samurott|0 fnt
|faint|p1a: Samurott
|
|upkeep
|
|t:|1760882255
|switch|p1a: Dragonite|Dragonite, M|100/100
|turn|4
|
|t:|1760882260
|move|p1a: Dragonite|Extreme Speed|p2a: Feraligatr
|-damage|p2a: Feraligatr|0 fnt
|faint|p2a: Feraligatr
|
|upkeep
|
|t:|1760882265
|switch|p2a: Pelipper|Pelipper, F|100/100
|-weather|RainDance|[from] ability: Drizzle|[of] p2a: Pelipper
|turn|5
|
|t:|1760882272
|switch|p1a: Gholdengo|Gholdengo|100/100
|-item|p1a: Gholdengo|Air Balloon
|move|p2a: Pelipper|Hurricane|p1a: Gholdengo
|-resisted|p1a: Gholdengo
|-damage|p1a: Gholdengo|84/100
|-enditem|p1a: Gholdengo|Air Balloon
|
|-weather|RainDance|[upkeep]
|upkeep
|turn|6
|
|t:|1760882282
|switch|p2a: Araquanid|Araquanid, F|100/100
|-damage|p2a: Araquanid|84/100|[from] Spikes
|move|p1a: Gholdengo|Shadow Ball|p2a: Araquanid
|-damage|p2a: Araquanid|46/100
|-unboost|p2a: Araquanid|spd|1
|
|-weather|RainDance|[upkeep]
|upkeep
|turn|7
|
|t:|1760882290
|switch|p1a: Great Tusk|Great Tusk|100/100
|-enditem|p1a: Great Tusk|Booster Energy
|-activate|p1a: Great Tusk|ability: Protosynthesis|[fromitem]
|-start|p1a: Great Tusk|protosynthesisatk
|move|p2a: Araquanid|Liquidation|p1a: Great Tusk
|-supereffective|p1a: Great Tusk
|-damage|p1a: Great Tusk|0 fnt
|faint|p1a: Great Tusk
|-end|p1a: Great Tusk|Protosynthesis|[silent]
|
|-weather|RainDance|[upkeep]
|upkeep
|
|t:|1760882298
|switch|p1a: Iron Valiant|Iron Valiant|100/100
|-enditem|p1a: Iron Valiant|Booster Energy
|-activate|p1a: Iron Valiant|ability: Quark Drive|[fromitem]
|-start|p1a: Iron Valiant|quarkdrivespe
|turn|8
|
|t:|1760882303
|move|p1a: Iron Valiant|Thunderbolt|p2a: Araquanid
|-supereffective|p2a: Araquanid
|-damage|p2a: Araquanid|0 fnt
|faint|p2a: Araquanid
|
|-weather|RainDance|[upkeep]
|upkeep
|
|t:|1760882308
|switch|p2a: Primarina|Primarina, F|100/100
|-damage|p2a: Primarina|84/100|[from] Spikes
|turn|9
|
|t:|1760882313
|-terastallize|p1a: Iron Valiant|Water
|move|p1a: Iron Valiant|Thunderbolt|p2a: Primarina
|-supereffective|p2a: Primarina
|-damage|p2a: Primarina|48/100
|move|p2a: Primarina|Draining Kiss|p1a: Iron Valiant
|-damage|p1a: Iron Valiant|51/100
|-heal|p2a: Primarina|78/100|[from] drain|[of] p1a: Iron Valiant
|
|-weather|none
|upkeep
|turn|10
|
|t:|1760882321
|move|p1a: Iron Valiant|Psyshock|p2a: Primarina
|-damage|p2a: Primarina|44/100
|move|p2a: Primarina|Draining Kiss|p1a: Iron Valiant
|-damage|p1a: Iron Valiant|2/100
|-heal|p2a: Primarina|73/100|[from] drain|[of] p1a: Iron Valiant
|
|upkeep
|turn|11
|
|t:|1760882328
|move|p1a: Iron Valiant|Thunderbolt|p2a: Primarina
|-supereffective|p2a: Primarina
|-damage|p2a: Primarina|37/100
|move|p2a: Primarina|Draining Kiss|p1a: Iron Valiant
|-damage|p1a: Iron Valiant|0 fnt
|-heal|p2a: Primarina|38/100|[from] drain|[of] p1a: Iron Valiant
|faint|p1a: Iron Valiant
|-end|p1a: Iron Valiant|Quark Drive|[silent]
|
|upkeep
|
|t:|1760882333
|switch|p1a: Gholdengo|Gholdengo|84/100
|turn|12
|
|t:|1760882339
|switch|p2a: Pelipper|Pelipper, F|100/100
|-weather|RainDance|[from] ability: Drizzle|[of] p2a: Pelipper
|move|p1a: Gholdengo|Shadow Ball|p2a: Pelipper
|-damage|p2a: Pelipper|39/100
|
|-weather|RainDance|[upkeep]
|upkeep
|turn|13
|
|t:|1760882348
|move|p1a: Gholdengo|Shadow Ball|p2a: Pelipper
|-damage|p2a: Pelipper|0 fnt
|faint|p2a: Pelipper
|
|-weather|RainDance|[upkeep]
|upkeep
|
|t:|1760882354
|switch|p2a: Kingdra|Kingdra, F|100/100
|-damage|p2a: Kingdra|84/100|[from] Spikes
|turn|14
|
|t:|1760882360
|-terastallize|p2a: Kingdra|Water
|move|p2a: Kingdra|Surf|p1a: Gholdengo
|-damage|p1a: Gholdengo|0 fnt
|faint|p1a: Gholdengo
|
|-weather|RainDance|[upkeep]
|upkeep
|
|t:|1760882367
|switch|p1a: Enamorus|Enamorus, F|100/100
|turn|15
|
|t:|1760882371
|move|p2a: Kingdra|Surf|p1a: Enamorus
|-damage|p1a: Enamorus|0 fnt
|faint|p1a: Enamorus
|
|-weather|RainDance|[upkeep]
|upkeep
|
|t:|1760882374
|switch|p1a: Dragonite|Dragonite, M|100/100
|turn|16
|
|t:|1760882377
|move|p2a: Kingdra|Surf|p1a: Dragonite
|-resisted|p1a: Dragonite
|-damage|p1a: Dragonite|68/100
|move|p1a: Dragonite|Dragon Dance|p1a: Dragonite
|-boost|p1a: Dragonite|atk|1
|-boost|p1a: Dragonite|spe|1
|
|-weather|none
|-heal|p1a: Dragonite|74/100|[from] item: Leftovers
|upkeep
|turn|17
|
|t:|1760882385
|move|p1a: Dragonite|Dragon Dance|p1a: Dragonite
|-boost|p1a: Dragonite|atk|1
|-boost|p1a: Dragonite|spe|1
|move|p2a: Kingdra|Surf|p1a: Dragonite
|-resisted|p1a: Dragonite
|-damage|p1a: Dragonite|29/100
|
|-heal|p1a: Dragonite|35/100|[from] item: Leftovers
|upkeep
|turn|18
|
|t:|1760882410
|move|p1a: Dragonite|Earthquake|p2a: Kingdra
|-damage|p2a: Kingdra|0 fnt
|faint|p2a: Kingdra
|
|-heal|p1a: Dragonite|42/100|[from] item: Leftovers
|upkeep
|
|t:|1760882417
|switch|p2a: Ogerpon|Ogerpon-Wellspring, F|100/100
|-damage|p2a: Ogerpon|84/100|[from] Spikes
|turn|19
|inactive|Bastouf0795 has 120 seconds left.
|inactive|Bastouf0795 has 90 seconds left.
|
|t:|1760882468
|move|p1a: Dragonite|Extreme Speed|p2a: Ogerpon
|-damage|p2a: Ogerpon|2/100
|move|p2a: Ogerpon|Ivy Cudgel|p1a: Dragonite|[anim] Ivy Cudgel Water
|-resisted|p1a: Dragonite
|-damage|p1a: Dragonite|9/100
|
|-heal|p1a: Dragonite|15/100|[from] item: Leftovers
|upkeep
|turn|20
|
|t:|1760882476
|move|p1a: Dragonite|Extreme Speed|p2a: Ogerpon
|-damage|p2a: Ogerpon|0 fnt
|faint|p2a: Ogerpon
|
|-heal|p1a: Dragonite|21/100|[from] item: Leftovers
|upkeep
|-message|terapagosb forfeited.
|
|win|Bastouf0795
|raw|Bastouf0795's rating: 1385 &rarr; <strong>1410</strong><br />(+25 for winning)
|raw|terapagosb's rating: 1471 &rarr; <strong>1446</strong><br />(-25 for losing)
|l|☆terapagosb
|player|p2|
|c|☆Bastouf0795|no playroung
|c|☆Bastouf0795|?
|l|☆Bastouf0795
|player|p1|
