|j|☆hi im squid
|j|☆SonSan
|t:|1760819517
|gametype|singles
|player|p1|hi im squid|1|1072
|player|p2|SonSan|265|1112
|gen|9
|tier|[Gen 9] OU
|rated|
|rule|HP Percentage Mod: HP is shown in percentages
|rule|Endless Battle Clause: Forcing endless battles is banned
|rule|Species Clause: Limit one of each Pokémon
|rule|OHKO Clause: OHKO moves are banned
|rule|Evasion Items Clause: Evasion items are banned
|rule|Evasion Moves Clause: Evasion moves are banned
|rule|Evasion Abilities Clause: Evasion abilities are banned
|rule|Sleep Moves Clause: Sleep-inducing moves are banned
|clearpoke
|poke|p1|Rillaboom, M|
|poke|p1|Cacturne, M|
|poke|p1|Arboliva, F|
|poke|p1|Electrode-Hisui|
|poke|p1|Hitmonlee, M|
|poke|p1|Muk-Alola, M|
|poke|p2|Gengar, M|
|poke|p2|Azumarill, F|
|poke|p2|Dragonite, F|
|poke|p2|Clefable, M|
|poke|p2|Scizor, M|
|poke|p2|Toedscruel, F|
|teampreview
|inactive|Battle timer is ON: inactive players will automatically lose when time's up. (requested by SonSan)
|
|t:|1760819524
|teamsize|p1|6
|teamsize|p2|6
|start
|switch|p1a: Arboliva|Arboliva, F|100/100
|switch|p2a: Dragonite|Dragonite, F|100/100
|turn|1
|
|t:|1760819529
|move|p2a: Dragonite|Dragon Dance|p2a: Dragonite
|-boost|p2a: Dragonite|atk|1
|-boost|p2a: Dragonite|spe|1
|move|p1a: Arboliva|Leech Seed|p2a: Dragonite
|-start|p2a: Dragonite|move: Leech Seed
|
|-damage|p2a: Dragonite|88/100|[from] Leech Seed|[of] p1a: Arboliva
|upkeep
|turn|2
|
|t:|1760819535
|move|p2a: Dragonite|Dragon Dance|p2a: Dragonite
|-boost|p2a: Dragonite|atk|1
|-boost|p2a: Dragonite|spe|1
|move|p1a: Arboliva|Hyper Voice|p2a: Dragonite
|-damage|p2a: Dragonite|32/100
|
|-damage|p2a: Dragonite|20/100|[from] Leech Seed|[of] p1a: Arboliva
|upkeep
|turn|3
|
|t:|1760819545
|-terastallize|p2a: Dragonite|Normal
|move|p2a: Dragonite|Extreme Speed|p1a: Arboliva
|-damage|p1a: Arboliva|0 fnt
|-fieldstart|move: Grassy Terrain|[from] ability: Seed Sower|[of] p1a: Arboliva
|faint|p1a: Arboliva
|-damage|p2a: Dragonite|10/100|[from] item: Life Orb
|
|-heal|p2a: Dragonite|16/100|[from] Grassy Terrain
|upkeep
|
|t:|1760819555
|switch|p1a: Cacturne|Cacturne, M, shiny|100/100
|turn|4
|
|t:|1760819563
|move|p2a: Dragonite|Extreme Speed|p1a: Cacturne
|-enditem|p1a: Cacturne|Focus Sash
|-damage|p1a: Cacturne|1/100
|-damage|p2a: Dragonite|6/100|[from] item: Life Orb
|move|p1a: Cacturne|Swords Dance|p1a: Cacturne
|-boost|p1a: Cacturne|atk|2
|
|-heal|p2a: Dragonite|13/100|[from] Grassy Terrain
|-heal|p1a: Cacturne|7/100|[from] Grassy Terrain
|-damage|p2a: Dragonite|0 fnt|[from] Leech Seed|[of] p1a: Cacturne
|-heal|p1a: Cacturne|18/100|[silent]
|faint|p2a: Dragonite
|upkeep
|
|t:|1760819576
|switch|p2a: Scizor|Scizor, M|100/100
|turn|5
|
|t:|1760819585
|move|p2a: Scizor|Bullet Punch|p1a: Cacturne
|-damage|p1a: Cacturne|0 fnt
|faint|p1a: Cacturne
|
|upkeep
|
|t:|1760819590
|switch|p1a: Hitmonlee|Hitmonlee, M|100/100
|-enditem|p1a: Hitmonlee|Grassy Seed
|-boost|p1a: Hitmonlee|def|1|[from] item: Grassy Seed
|turn|6
|
|t:|1760819594
|move|p2a: Scizor|Bullet Punch|p1a: Hitmonlee
|-damage|p1a: Hitmonlee|25/100
|move|p1a: Hitmonlee|Blaze Kick|p2a: Scizor
|-supereffective|p2a: Scizor
|-damage|p2a: Scizor|0 fnt
|faint|p2a: Scizor
|
|-heal|p1a: Hitmonlee|32/100|[from] Grassy Terrain
|upkeep
|
|t:|1760819603
|switch|p2a: Clefable|Clefable, M|100/100
|turn|7
|
|t:|1760819607
|move|p1a: Hitmonlee|Poison Jab|p2a: Clefable
|-supereffective|p2a: Clefable
|-damage|p2a: Clefable|57/100
|-status|p2a: Clefable|psn
|move|p2a: Clefable|Wish|p2a: Clefable
|
|-heal|p1a: Hitmonlee|38/100|[from] Grassy Terrain
|-heal|p2a: Clefable|63/100 psn|[from] Grassy Terrain
|-heal|p2a: Clefable|70/100 psn|[from] item: Leftovers
|-damage|p2a: Clefable|57/100 psn|[from] psn
|-fieldend|move: Grassy Terrain
|upkeep
|turn|8
|
|t:|1760819617
|move|p1a: Hitmonlee|Poison Jab|p2a: Clefable
|-supereffective|p2a: Clefable
|-crit|p2a: Clefable
|-damage|p2a: Clefable|0 fnt
|faint|p2a: Clefable
|
|upkeep
|
|t:|1760819623
|switch|p2a: Gengar|Gengar, M|100/100
|turn|9
|
|t:|1760819627
|move|p1a: Hitmonlee|Knock Off|p2a: Gengar
|-supereffective|p2a: Gengar
|-damage|p2a: Gengar|0 fnt
|-start|p1a: Hitmonlee|Disable|Knock Off|[from] ability: Cursed Body|[of] p2a: Gengar
|-enditem|p2a: Gengar|Sitrus Berry|[from] move: Knock Off|[of] p1a: Hitmonlee
|faint|p2a: Gengar
|
|upkeep
|
|t:|1760819647
|switch|p2a: Azumarill|Azumarill, F|100/100
|turn|10
|
|t:|1760819651
|move|p2a: Azumarill|Aqua Jet|p1a: Hitmonlee
|-damage|p1a: Hitmonlee|0 fnt
|faint|p1a: Hitmonlee
|
|upkeep
|
|t:|1760819658
|switch|p1a: Rillaboom|Rillaboom, M, shiny|100/100
|-fieldstart|move: Grassy Terrain|[from] ability: Grassy Surge|[of] p1a: Rillaboom
|turn|11
|
|t:|1760819664
|switch|p2a: Toedscruel|Toedscruel, F|100/100
|move|p1a: Rillaboom|Wood Hammer|p2a: Toedscruel
|-damage|p2a: Toedscruel|0 fnt
|faint|p2a: Toedscruel
|-damage|p1a: Rillaboom|76/100|[from] Recoil
|
|-heal|p1a: Rillaboom|82/100|[from] Grassy Terrain
|upkeep
|-message|SonSan forfeited.
|
|win|hi im squid
|raw|hi im squid's rating: 1072 &rarr; <strong>1105</strong><br />(+33 for winning)
|raw|SonSan's rating: 1112 &rarr; <strong>1084</strong><br />(-28 for losing)
|l|☆SonSan
|player|p2|
|l|☆hi im squid
|player|p1|
