|j|☆olaf-18
|j|☆barrman1313
|t:|1760834767
|gametype|singles
|player|p1|olaf-18|102|1571
|player|p2|barrman1313|janitor|1562
|gen|9
|tier|[Gen 9] OU
|rated|
|rule|HP Percentage Mod: HP is shown in percentages
|rule|Endless Battle Clause: Forcing endless battles is banned
|rule|Species Clause: Limit one of each Pokémon
|rule|OHKO Clause: OHKO moves are banned
|rule|Evasion Items Clause: Evasion items are banned
|rule|Evasion Moves Clause: Evasion moves are banned
|rule|Evasion Abilities Clause: Evasion abilities are banned
|rule|Sleep Moves Clause: Sleep-inducing moves are banned
|clearpoke
|poke|p1|Slowking-Galar, M|
|poke|p1|Armarouge, F|
|poke|p1|Iron Hands|
|poke|p1|Gholdengo|
|poke|p1|Zamazenta-*|
|poke|p1|Ursaluna, M|
|poke|p2|Diancie|
|poke|p2|Kyurem|
|poke|p2|Necrozma|
|poke|p2|Hatterene, F|
|poke|p2|Iron Hands|
|poke|p2|Landorus-Therian, M|
|teampreview
|
|t:|1760834791
|teamsize|p1|6
|teamsize|p2|6
|start
|switch|p1a: Armarouge|Armarouge, F|100/100
|switch|p2a: Landorus|Landorus-Therian, M|100/100
|-ability|p2a: Landorus|Intimidate|boost
|-unboost|p1a: Armarouge|atk|1
|turn|1
|
|t:|1760834797
|move|p2a: Landorus|Taunt|p1a: Armarouge
|-start|p1a: Armarouge|move: Taunt
|move|p1a: Armarouge|Armor Cannon|p2a: Landorus
|-damage|p2a: Landorus|29/100
|-unboost|p1a: Armarouge|def|1
|-unboost|p1a: Armarouge|spd|1
|
|upkeep
|turn|2
|
|t:|1760834807
|switch|p1a: Zamazenta|Zamazenta|100/100
|-ability|p1a: Zamazenta|Dauntless Shield|boost
|-boost|p1a: Zamazenta|def|1
|move|p2a: Landorus|Stealth Rock|p1a: Zamazenta
|-sidestart|p1: olaf-18|move: Stealth Rock
|
|upkeep
|turn|3
|
|t:|1760834818
|switch|p2a: Iron Hands|Iron Hands|100/100
|-enditem|p2a: Iron Hands|Booster Energy
|-activate|p2a: Iron Hands|ability: Quark Drive|[fromitem]
|-start|p2a: Iron Hands|quarkdriveatk
|move|p1a: Zamazenta|Body Press|p2a: Iron Hands
|-damage|p2a: Iron Hands|66/100
|
|upkeep
|turn|4
|
|t:|1760834826
|move|p1a: Zamazenta|Iron Defense|p1a: Zamazenta
|-boost|p1a: Zamazenta|def|2
|move|p2a: Iron Hands|Thunder Punch|p1a: Zamazenta
|-damage|p1a: Zamazenta|84/100
|
|upkeep
|turn|5
|
|t:|1760834839
|-end|p2a: Iron Hands|Quark Drive|[silent]
|switch|p2a: Landorus|Landorus-Therian, M|29/100
|-ability|p2a: Landorus|Intimidate|boost
|-unboost|p1a: Zamazenta|atk|1
|move|p1a: Zamazenta|Iron Defense|p1a: Zamazenta
|-boost|p1a: Zamazenta|def|2
|
|upkeep
|turn|6
|
|t:|1760834842
|move|p1a: Zamazenta|Body Press|p2a: Landorus
|-resisted|p2a: Landorus
|-crit|p2a: Landorus
|-damage|p2a: Landorus|0 fnt
|-damage|p1a: Zamazenta|68/100|[from] item: Rocky Helmet|[of] p2a: Landorus
|faint|p2a: Landorus
|
|upkeep
|
|t:|1760834846
|switch|p2a: Necrozma|Necrozma|100/100
|turn|7
|
|t:|1760834849
|move|p1a: Zamazenta|Body Press|p2a: Necrozma
|-resisted|p2a: Necrozma
|-damage|p2a: Necrozma|42/100
|move|p2a: Necrozma|Trick Room|p2a: Necrozma
|-fieldstart|move: Trick Room|[of] p2a: Necrozma
|
|upkeep
|turn|8
|
|t:|1760834865
|-terastallize|p1a: Zamazenta|Dark
|move|p2a: Necrozma|Photon Geyser|p1a: Zamazenta
|-immune|p1a: Zamazenta
|move|p1a: Zamazenta|Body Press|p2a: Necrozma
|-resisted|p2a: Necrozma
|-damage|p2a: Necrozma|0 fnt
|faint|p2a: Necrozma
|
|upkeep
|
|t:|1760834873
|switch|p2a: Hatterene|Hatterene, F|100/100
|turn|9
|
|t:|1760834876
|switch|p1a: Slowking|Slowking-Galar, M|100/100
|move|p2a: Hatterene|Draining Kiss|p1a: Slowking
|-resisted|p1a: Slowking
|-damage|p1a: Slowking|85/100
|-damage|p2a: Hatterene|91/100|[from] item: Life Orb
|
|upkeep
|turn|10
|
|t:|1760834882
|move|p2a: Hatterene|Psyshock|p1a: Slowking
|-damage|p1a: Slowking|22/100
|-damage|p2a: Hatterene|81/100|[from] item: Life Orb
|move|p1a: Slowking|Sludge Bomb|p2a: Hatterene
|-supereffective|p2a: Hatterene
|-damage|p2a: Hatterene|0 fnt
|faint|p2a: Hatterene
|
|upkeep
|
|t:|1760834897
|switch|p2a: Kyurem|Kyurem|100/100
|-ability|p2a: Kyurem|Pressure
|turn|11
|
|t:|1760834902
|move|p1a: Slowking|Sludge Bomb|p2a: Kyurem
|-damage|p2a: Kyurem|58/100
|move|p2a: Kyurem|Scale Shot|p1a: Slowking
|-damage|p1a: Slowking|7/100
|-damage|p1a: Slowking|0 fnt
|faint|p1a: Slowking
|-hitcount|p1: Slowking|2
|-unboost|p2a: Kyurem|def|1
|-boost|p2a: Kyurem|spe|1
|
|-fieldend|move: Trick Room
|upkeep
|
|t:|1760834916
|switch|p1a: Zamazenta|Zamazenta, tera:Dark|68/100
|-damage|p1a: Zamazenta|55/100|[from] Stealth Rock
|turn|12
|
|t:|1760834931
|move|p2a: Kyurem|Icicle Spear|p1a: Zamazenta
|-crit|p1a: Zamazenta
|-damage|p1a: Zamazenta|41/100
|-damage|p1a: Zamazenta|32/100
|-damage|p1a: Zamazenta|23/100
|-damage|p1a: Zamazenta|13/100
|-hitcount|p1a: Zamazenta|4
|move|p1a: Zamazenta|Body Press|p2a: Kyurem
|-supereffective|p2a: Kyurem
|-damage|p2a: Kyurem|0 fnt
|faint|p2a: Kyurem
|
|upkeep
|
|t:|1760834944
|switch|p2a: Diancie|Diancie|100/100
|turn|13
|
|t:|1760834948
|-terastallize|p2a: Diancie|Grass
|move|p1a: Zamazenta|Iron Defense|p1a: Zamazenta
|-boost|p1a: Zamazenta|def|2
|move|p2a: Diancie|Trick Room|p2a: Diancie
|-fieldstart|move: Trick Room|[of] p2a: Diancie
|
|upkeep
|turn|14
|
|t:|1760834960
|move|p2a: Diancie|Meteor Beam||[still]
|-prepare|p2a: Diancie|Meteor Beam
|-boost|p2a: Diancie|spa|1
|-enditem|p2a: Diancie|Power Herb
|-anim|p2a: Diancie|Meteor Beam|p1a: Zamazenta|[miss]
|-miss|p2a: Diancie|p1a: Zamazenta
|move|p1a: Zamazenta|Iron Defense|p1a: Zamazenta
|-boost|p1a: Zamazenta|def|2
|
|upkeep
|turn|15
|
|t:|1760834966
|move|p2a: Diancie|Moonblast|p1a: Zamazenta
|-supereffective|p1a: Zamazenta
|-damage|p1a: Zamazenta|0 fnt
|faint|p1a: Zamazenta
|
|upkeep
|
|t:|1760834970
|switch|p1a: Gholdengo|Gholdengo|100/100
|-damage|p1a: Gholdengo|94/100|[from] Stealth Rock
|-item|p1a: Gholdengo|Air Balloon
|turn|16
|
|t:|1760834975
|move|p2a: Diancie|Moonblast|p1a: Gholdengo
|-resisted|p1a: Gholdengo
|-damage|p1a: Gholdengo|57/100
|-unboost|p1a: Gholdengo|spa|1
|-enditem|p1a: Gholdengo|Air Balloon
|move|p1a: Gholdengo|Make It Rain|p2a: Diancie
|-damage|p2a: Diancie|68/100
|-unboost|p1a: Gholdengo|spa|1
|
|upkeep
|turn|17
|
|t:|1760834979
|move|p2a: Diancie|Earth Power|p1a: Gholdengo
|-supereffective|p1a: Gholdengo
|-crit|p1a: Gholdengo
|-damage|p1a: Gholdengo|0 fnt
|faint|p1a: Gholdengo
|
|-fieldend|move: Trick Room
|upkeep
|
|t:|1760834985
|switch|p1a: Armarouge|Armarouge, F|100/100
|-damage|p1a: Armarouge|76/100|[from] Stealth Rock
|turn|18
|
|t:|1760835006
|move|p1a: Armarouge|Armor Cannon|p2a: Diancie
|-supereffective|p2a: Diancie
|-damage|p2a: Diancie|0 fnt
|-unboost|p1a: Armarouge|def|1
|-unboost|p1a: Armarouge|spd|1
|faint|p2a: Diancie
|
|upkeep
|
|t:|1760835010
|switch|p2a: Iron Hands|Iron Hands|66/100
|turn|19
|
|t:|1760835021
|move|p1a: Armarouge|Armor Cannon|p2a: Iron Hands
|-damage|p2a: Iron Hands|11/100
|-unboost|p1a: Armarouge|def|1
|-unboost|p1a: Armarouge|spd|1
|move|p2a: Iron Hands|Drain Punch|p1a: Armarouge
|-resisted|p1a: Armarouge
|-damage|p1a: Armarouge|36/100
|-heal|p2a: Iron Hands|28/100|[from] drain|[of] p1a: Armarouge
|-ability|p1a: Armarouge|Weak Armor|boost
|-unboost|p1a: Armarouge|def|1
|-boost|p1a: Armarouge|spe|2
|
|upkeep
|turn|20
|
|t:|1760835025
|move|p1a: Armarouge|Armor Cannon|p2a: Iron Hands
|-damage|p2a: Iron Hands|0 fnt
|-unboost|p1a: Armarouge|def|1
|-unboost|p1a: Armarouge|spd|1
|faint|p2a: Iron Hands
|-end|p2a: Iron Hands|Quark Drive|[silent]
|
|win|olaf-18
|raw|olaf-18's rating: 1571 &rarr; <strong>1590</strong><br />(+19 for winning)
|raw|barrman1313's rating: 1562 &rarr; <strong>1543</strong><br />(-19 for losing)
|l|☆barrman1313
|player|p2|
|l|☆olaf-18
|player|p1|
