|j|☆peanu1
|j|☆vkasb
|t:|1760760282
|gametype|singles
|player|p1|peanu1|265|1290
|player|p2|vkasb|102|1331
|gen|9
|tier|[Gen 9] OU
|rated|
|rule|HP Percentage Mod: HP is shown in percentages
|rule|Endless Battle Clause: Forcing endless battles is banned
|rule|Species Clause: Limit one of each Pokémon
|rule|OHKO Clause: OHKO moves are banned
|rule|Evasion Items Clause: Evasion items are banned
|rule|Evasion Moves Clause: Evasion moves are banned
|rule|Evasion Abilities Clause: Evasion abilities are banned
|rule|Sleep Moves Clause: Sleep-inducing moves are banned
|clearpoke
|poke|p1|Dragalge, F|
|poke|p1|Alomomola, M|
|poke|p1|Clefable, M|
|poke|p1|Garganacl, M|
|poke|p1|Sinistcha|
|poke|p1|Gliscor, M|
|poke|p2|Pelipper, M|
|poke|p2|Tornadus-Therian, M|
|poke|p2|Barraskewda, F|
|poke|p2|Zapdos|
|poke|p2|Iron Treads|
|poke|p2|Amoonguss, M|
|teampreview
|
|t:|1760760298
|teamsize|p1|6
|teamsize|p2|6
|start
|switch|p1a: Gliscor|Gliscor, M|100/100
|switch|p2a: Pelipper|Pelipper, M|100/100
|-weather|RainDance|[from] ability: Drizzle|[of] p2a: Pelipper
|turn|1
|
|t:|1760760306
|move|p1a: Gliscor|Knock Off|p2a: Pelipper
|-damage|p2a: Pelipper|76/100
|-enditem|p2a: Pelipper|Damp Rock|[from] move: Knock Off|[of] p1a: Gliscor
|move|p2a: Pelipper|Surf|p1a: Gliscor
|-supereffective|p1a: Gliscor
|-damage|p1a: Gliscor|25/100
|
|-weather|RainDance|[upkeep]
|-status|p1a: Gliscor|tox|[from] item: Toxic Orb
|upkeep
|turn|2
|
|t:|1760760314
|switch|p1a: MEGA DRAGALGE|Dragalge, F|100/100
|move|p2a: Pelipper|Surf|p1a: MEGA DRAGALGE
|-resisted|p1a: MEGA DRAGALGE
|-damage|p1a: MEGA DRAGALGE|80/100
|
|-weather|RainDance|[upkeep]
|-heal|p1a: MEGA DRAGALGE|86/100|[from] item: Leftovers
|upkeep
|turn|3
|
|t:|1760760325
|switch|p2a: Tornadus|Tornadus-Therian, M, shiny|100/100
|switch|p1a: Alomomola|Alomomola, M|100/100
|
|-weather|RainDance|[upkeep]
|upkeep
|turn|4
|
|t:|1760760333
|move|p2a: Tornadus|U-turn|p1a: Alomomola
|-damage|p1a: Alomomola|92/100
|
|t:|1760760335
|switch|p2a: Barraskewda|Barraskewda, F, shiny|100/100|[from] U-turn
|move|p1a: Alomomola|Flip Turn|p2a: Barraskewda
|-resisted|p2a: Barraskewda
|-damage|p2a: Barraskewda|80/100
|
|t:|1760760342
|switch|p1a: Sinistcha|Sinistcha|100/100|[from] Flip Turn
|
|-weather|RainDance|[upkeep]
|upkeep
|turn|5
|
|t:|1760760348
|-terastallize|p2a: Barraskewda|Water
|move|p2a: Barraskewda|Flip Turn|p1a: Sinistcha
|-resisted|p1a: Sinistcha
|-crit|p1a: Sinistcha
|-damage|p1a: Sinistcha|47/100
|
|t:|1760760353
|switch|p2a: Tornadus|Tornadus-Therian, M, shiny|100/100|[from] Flip Turn
|move|p1a: Sinistcha|Strength Sap|p2a: Tornadus
|-unboost|p2a: Tornadus|atk|1
|-heal|p1a: Sinistcha|100/100
|
|-weather|RainDance|[upkeep]
|upkeep
|turn|6
|
|t:|1760760362
|switch|p1a: Alomomola|Alomomola, M|100/100
|move|p2a: Tornadus|U-turn|p1a: Alomomola
|-damage|p1a: Alomomola|95/100
|
|t:|1760760367
|switch|p2a: Barraskewda|Barraskewda, F, shiny, tera:Water|80/100|[from] U-turn
|
|-weather|RainDance|[upkeep]
|upkeep
|turn|7
|
|t:|1760760372
|move|p2a: Barraskewda|Liquidation|p1a: Alomomola
|-resisted|p1a: Alomomola
|-damage|p1a: Alomomola|55/100
|move|p1a: Alomomola|Flip Turn|p2a: Barraskewda
|-resisted|p2a: Barraskewda
|-damage|p2a: Barraskewda|58/100
|
|t:|1760760393
|switch|p1a: Sinistcha|Sinistcha|100/100|[from] Flip Turn
|
|-weather|RainDance|[upkeep]
|upkeep
|turn|8
|
|t:|1760760406
|move|p2a: Barraskewda|Liquidation|p1a: Sinistcha
|-resisted|p1a: Sinistcha
|-damage|p1a: Sinistcha|49/100
|-unboost|p1a: Sinistcha|def|1
|move|p1a: Sinistcha|Matcha Gotcha|p2a: Barraskewda
|-supereffective|p2a: Barraskewda
|-damage|p2a: Barraskewda|0 fnt
|-heal|p1a: Sinistcha|71/100|[from] drain|[of] p2a: Barraskewda
|faint|p2a: Barraskewda
|
|-weather|none
|upkeep
|-message|vkasb forfeited.
|
|win|peanu1
|raw|peanu1's rating: 1290 &rarr; <strong>1318</strong><br />(+28 for winning)
|raw|vkasb's rating: 1331 &rarr; <strong>1309</strong><br />(-22 for losing)
|l|☆vkasb
|player|p2|
|l|☆peanu1
|player|p1|
