|j|☆vybes
|j|☆vonia
|t:|1760801091
|gametype|singles
|player|p1|vybes|cynthia-masters|1319
|player|p2|vonia|2|1279
|gen|9
|tier|[Gen 9] OU
|rated|
|rule|HP Percentage Mod: HP is shown in percentages
|rule|Endless Battle Clause: Forcing endless battles is banned
|rule|Species Clause: Limit one of each Pokémon
|rule|OHKO Clause: OHKO moves are banned
|rule|Evasion Items Clause: Evasion items are banned
|rule|Evasion Moves Clause: Evasion moves are banned
|rule|Evasion Abilities Clause: Evasion abilities are banned
|rule|Sleep Moves Clause: Sleep-inducing moves are banned
|clearpoke
|poke|p1|Dragonite, M|
|poke|p1|Deoxys-Speed|
|poke|p1|Pecharunt|
|poke|p1|Corviknight, F|
|poke|p1|Slither Wing|
|poke|p1|Darkrai|
|poke|p2|Gyarados, M|
|poke|p2|Incineroar, M|
|poke|p2|Corviknight, M|
|poke|p2|Umbreon, M|
|poke|p2|Clodsire, M|
|poke|p2|Hatterene, F|
|teampreview
|inactive|Battle timer is ON: inactive players will automatically lose when time's up. (requested by vybes)
|
|t:|1760801119
|teamsize|p1|6
|teamsize|p2|6
|start
|switch|p1a: Slither Wing|Slither Wing|100/100
|switch|p2a: Incineroar|Incineroar, M|100/100
|-ability|p2a: Incineroar|Intimidate|boost
|-unboost|p1a: Slither Wing|atk|1
|turn|1
|
|t:|1760801138
|move|p1a: Slither Wing|U-turn|p2a: Incineroar
|-damage|p2a: Incineroar|82/100
|
|t:|1760801144
|-end|p1a: Slither Wing|Protosynthesis|[silent]
|switch|p1a: Pecharunt|Pecharunt|100/100|[from] U-turn
|move|p2a: Incineroar|Will-O-Wisp|p1a: Pecharunt|[miss]
|-miss|p2a: Incineroar|p1a: Pecharunt
|
|upkeep
|turn|2
|
|t:|1760801150
|switch|p2a: Corviknight|Corviknight, M|100/100
|-ability|p2a: Corviknight|Pressure
|move|p1a: Pecharunt|Malignant Chain|p2a: Corviknight
|-immune|p2a: Corviknight
|
|upkeep
|turn|3
|
|t:|1760801157
|switch|p1a: Deoxys|Deoxys-Speed|100/100
|-ability|p1a: Deoxys|Pressure
|switch|p2a: Clodsire|Clodsire, M, shiny|100/100
|
|upkeep
|turn|4
|
|t:|1760801160
|switch|p2a: Hatterene|Hatterene, F, shiny|100/100
|move|p1a: Deoxys|Knock Off|p2a: Hatterene
|-damage|p2a: Hatterene|69/100
|-enditem|p2a: Hatterene|Leftovers|[from] move: Knock Off|[of] p1a: Deoxys
|
|upkeep
|turn|5
|
|t:|1760801171
|switch|p1a: Darkrai|Darkrai|100/100
|move|p2a: Hatterene|Mystical Fire|p1a: Darkrai
|-damage|p1a: Darkrai|69/100
|-unboost|p1a: Darkrai|spa|1
|
|upkeep
|turn|6
|
|t:|1760801178
|move|p1a: Darkrai|Sludge Bomb|p2a: Hatterene
|-supereffective|p2a: Hatterene
|-damage|p2a: Hatterene|39/100
|-status|p2a: Hatterene|psn
|move|p2a: Hatterene|Draining Kiss|p1a: Darkrai
|-supereffective|p1a: Darkrai
|-damage|p1a: Darkrai|6/100
|-heal|p2a: Hatterene|80/100 psn|[from] drain|[of] p1a: Darkrai
|
|-damage|p2a: Hatterene|68/100 psn|[from] psn
|upkeep
|turn|7
|
|t:|1760801191
|switch|p1a: Slither Wing|Slither Wing|100/100
|switch|p2a: Clodsire|Clodsire, M, shiny|100/100
|
|upkeep
|turn|8
|
|t:|1760801195
|switch|p2a: Gyarados|Gyarados, M, shiny|100/100
|-ability|p2a: Gyarados|Intimidate|boost
|-unboost|p1a: Slither Wing|atk|1
|move|p1a: Slither Wing|Earthquake|p2a: Gyarados
|-immune|p2a: Gyarados
|
|upkeep
|turn|9
|
|t:|1760801201
|move|p1a: Slither Wing|U-turn|p2a: Gyarados
|-resisted|p2a: Gyarados
|-damage|p2a: Gyarados|91/100
|
|t:|1760801204
|-end|p1a: Slither Wing|Protosynthesis|[silent]
|switch|p1a: Pecharunt|Pecharunt|100/100|[from] U-turn
|move|p2a: Gyarados|Dragon Tail|p1a: Pecharunt
|-damage|p1a: Pecharunt|88/100
|drag|p1a: Dragonite|Dragonite, M|100/100
|
|-heal|p2a: Gyarados|97/100|[from] item: Leftovers
|upkeep
|turn|10
|
|t:|1760801211
|move|p1a: Dragonite|Dragon Dance|p1a: Dragonite
|-boost|p1a: Dragonite|atk|1
|-boost|p1a: Dragonite|spe|1
|move|p2a: Gyarados|Dragon Tail|p1a: Dragonite
|-supereffective|p1a: Dragonite
|-damage|p1a: Dragonite|80/100
|drag|p1a: Corviknight|Corviknight, F|100/100
|-ability|p1a: Corviknight|Pressure
|
|-heal|p2a: Gyarados|100/100|[from] item: Leftovers
|upkeep
|turn|11
|
|t:|1760801216
|switch|p2a: Incineroar|Incineroar, M|82/100
|-ability|p2a: Incineroar|Intimidate|boost
|-unboost|p1a: Corviknight|atk|1
|move|p1a: Corviknight|U-turn|p2a: Incineroar
|-damage|p2a: Incineroar|75/100
|
|t:|1760801220
|switch|p1a: Slither Wing|Slither Wing|100/100|[from] U-turn
|
|upkeep
|turn|12
|
|t:|1760801226
|switch|p2a: Gyarados|Gyarados, M, shiny|100/100
|-ability|p2a: Gyarados|Intimidate|boost
|-unboost|p1a: Slither Wing|atk|1
|move|p1a: Slither Wing|Close Combat|p2a: Gyarados
|-resisted|p2a: Gyarados
|-damage|p2a: Gyarados|82/100
|-unboost|p1a: Slither Wing|def|1
|-unboost|p1a: Slither Wing|spd|1
|
|-heal|p2a: Gyarados|88/100|[from] item: Leftovers
|upkeep
|turn|13
|
|t:|1760801232
|move|p1a: Slither Wing|U-turn|p2a: Gyarados
|-resisted|p2a: Gyarados
|-damage|p2a: Gyarados|78/100
|
|t:|1760801237
|-end|p1a: Slither Wing|Protosynthesis|[silent]
|switch|p1a: Corviknight|Corviknight, F|100/100|[from] U-turn
|-ability|p1a: Corviknight|Pressure
|move|p2a: Gyarados|Dragon Tail|p1a: Corviknight
|-resisted|p1a: Corviknight
|-damage|p1a: Corviknight|96/100
|-damage|p2a: Gyarados|61/100|[from] item: Rocky Helmet|[of] p1a: Corviknight
|drag|p1a: Pecharunt|Pecharunt|88/100
|
|-heal|p2a: Gyarados|67/100|[from] item: Leftovers
|upkeep
|turn|14
|
|t:|1760801247
|switch|p2a: Corviknight|Corviknight, M|100/100
|-ability|p2a: Corviknight|Pressure
|move|p1a: Pecharunt|Nasty Plot|p1a: Pecharunt
|-boost|p1a: Pecharunt|spa|2
|
|upkeep
|turn|15
|
|t:|1760801255
|switch|p2a: Clodsire|Clodsire, M, shiny|100/100
|move|p1a: Pecharunt|Hex|p2a: Clodsire
|-damage|p2a: Clodsire|75/100
|
|-heal|p2a: Clodsire|81/100|[from] item: Leftovers
|upkeep
|turn|16
|
|t:|1760801263
|switch|p1a: Deoxys|Deoxys-Speed|100/100
|-ability|p1a: Deoxys|Pressure
|move|p2a: Clodsire|Haze|p2a: Clodsire
|-clearallboost
|
|-heal|p2a: Clodsire|88/100|[from] item: Leftovers
|upkeep
|turn|17
|
|t:|1760801268
|switch|p2a: Incineroar|Incineroar, M|75/100
|-ability|p2a: Incineroar|Intimidate|boost
|-unboost|p1a: Deoxys|atk|1
|move|p1a: Deoxys|Knock Off|p2a: Incineroar
|-resisted|p2a: Incineroar
|-damage|p2a: Incineroar|70/100
|-enditem|p2a: Incineroar|Heavy-Duty Boots|[from] move: Knock Off|[of] p1a: Deoxys
|
|upkeep
|turn|18
|
|t:|1760801275
|move|p1a: Deoxys|Stealth Rock|p2a: Incineroar
|-sidestart|p2: vonia|move: Stealth Rock
|move|p2a: Incineroar|Will-O-Wisp|p1a: Deoxys
|-status|p1a: Deoxys|brn
|
|-damage|p1a: Deoxys|94/100 brn|[from] brn
|upkeep
|turn|19
|
|t:|1760801291
|switch|p2a: Corviknight|Corviknight, M|100/100
|-damage|p2a: Corviknight|88/100|[from] Stealth Rock
|-ability|p2a: Corviknight|Pressure
|move|p1a: Deoxys|Superpower|p2a: Corviknight
|-damage|p2a: Corviknight|81/100
|-unboost|p1a: Deoxys|atk|1
|-unboost|p1a: Deoxys|def|1
|
|-heal|p2a: Corviknight|87/100|[from] item: Leftovers
|-damage|p1a: Deoxys|88/100 brn|[from] brn
|upkeep
|turn|20
|
|t:|1760801298
|move|p1a: Deoxys|Knock Off|p2a: Corviknight
|-damage|p2a: Corviknight|83/100
|-enditem|p2a: Corviknight|Leftovers|[from] move: Knock Off|[of] p1a: Deoxys
|move|p2a: Corviknight|Defog|p1a: Deoxys
|-unboost|p1a: Deoxys|evasion|1
|-sideend|p2: vonia|Stealth Rock|[from] move: Defog|[of] p2a: Corviknight
|
|-damage|p1a: Deoxys|82/100 brn|[from] brn
|upkeep
|turn|21
|
|t:|1760801303
|switch|p1a: Corviknight|Corviknight, F|96/100
|-ability|p1a: Corviknight|Pressure
|switch|p2a: Hatterene|Hatterene, F, shiny|68/100 psn
|
|-damage|p2a: Hatterene|56/100 psn|[from] psn
|upkeep
|turn|22
|
|t:|1760801311
|switch|p2a: Corviknight|Corviknight, M|83/100
|-ability|p2a: Corviknight|Pressure
|move|p1a: Corviknight|U-turn|p2a: Corviknight
|-resisted|p2a: Corviknight
|-damage|p2a: Corviknight|81/100
|
|t:|1760801316
|switch|p1a: Darkrai|Darkrai|6/100|[from] U-turn
|
|upkeep
|turn|23
|
|t:|1760801322
|move|p1a: Darkrai|Trick|p2a: Corviknight
|-activate|p1a: Darkrai|move: Trick|[of] p2a: Corviknight
|-item|p2a: Corviknight|Choice Scarf|[from] move: Trick
|-enditem|p1a: Darkrai|Choice Scarf|[silent]|[from] move: Trick
|move|p2a: Corviknight|Body Press|p1a: Darkrai
|-supereffective|p1a: Darkrai
|-damage|p1a: Darkrai|0 fnt
|faint|p1a: Darkrai
|
|upkeep
|
|t:|1760801326
|switch|p1a: Dragonite|Dragonite, M|80/100
|turn|24
|
|t:|1760801331
|switch|p2a: Incineroar|Incineroar, M|70/100
|-ability|p2a: Incineroar|Intimidate|boost
|-unboost|p1a: Dragonite|atk|1
|move|p1a: Dragonite|Dragon Dance|p1a: Dragonite
|-boost|p1a: Dragonite|atk|1
|-boost|p1a: Dragonite|spe|1
|
|upkeep
|turn|25
|
|t:|1760801333
|move|p1a: Dragonite|Earthquake|p2a: Incineroar
|-supereffective|p2a: Incineroar
|-damage|p2a: Incineroar|18/100
|move|p2a: Incineroar|Will-O-Wisp|p1a: Dragonite
|-status|p1a: Dragonite|brn
|
|-damage|p1a: Dragonite|74/100 brn|[from] brn
|upkeep
|turn|26
|
|t:|1760801337
|switch|p2a: Umbreon|Umbreon, M, shiny|100/100
|move|p1a: Dragonite|Earthquake|p2a: Umbreon
|-damage|p2a: Umbreon|87/100
|
|-heal|p2a: Umbreon|93/100|[from] item: Leftovers
|-damage|p1a: Dragonite|68/100 brn|[from] brn
|upkeep
|turn|27
|
|t:|1760801343
|switch|p1a: Slither Wing|Slither Wing|100/100
|move|p2a: Umbreon|Wish|p2a: Umbreon
|
|-heal|p2a: Umbreon|99/100|[from] item: Leftovers
|upkeep
|turn|28
|
|t:|1760801349
|switch|p2a: Hatterene|Hatterene, F, shiny|56/100 psn
|move|p1a: Slither Wing|First Impression|p2a: Hatterene
|-damage|p2a: Hatterene|0 fnt
|faint|p2a: Hatterene
|
|upkeep
|-message|vonia forfeited.
|
|win|vybes
|raw|vybes's rating: 1319 &rarr; <strong>1337</strong><br />(+18 for winning)
|raw|vonia's rating: 1279 &rarr; <strong>1257</strong><br />(-22 for losing)
|l|☆vonia
|player|p2|
