|j|☆Asrzzz
|j|☆xHAKAI
|t:|1760764145
|gametype|singles
|player|p1|Asrzzz|alder|1431
|player|p2|xHAKAI|red|1398
|gen|9
|tier|[Gen 9] OU
|rated|
|rule|HP Percentage Mod: HP is shown in percentages
|rule|Endless Battle Clause: Forcing endless battles is banned
|rule|Species Clause: Limit one of each Pokémon
|rule|OHKO Clause: OHKO moves are banned
|rule|Evasion Items Clause: Evasion items are banned
|rule|Evasion Moves Clause: Evasion moves are banned
|rule|Evasion Abilities Clause: Evasion abilities are banned
|rule|Sleep Moves Clause: Sleep-inducing moves are banned
|clearpoke
|poke|p1|Ninetales-Alola, F|
|poke|p1|Kyurem|
|poke|p1|Iron Crown|
|poke|p1|Primarina, M|
|poke|p1|Great Tusk|
|poke|p1|Iron Hands|
|poke|p2|Hoopa-Unbound|
|poke|p2|Gholdengo|
|poke|p2|Zamazenta-*|
|poke|p2|Landorus-Therian, M|
|poke|p2|Ogerpon-Wellspring, F|
|poke|p2|Raging Bolt|
|teampreview
|inactive|Battle timer is ON: inactive players will automatically lose when time's up. (requested by xHAKAI)
|
|t:|1760764161
|teamsize|p1|6
|teamsize|p2|6
|start
|switch|p1a: Ninetales|Ninetales-Alola, F|100/100
|switch|p2a: TREE?|Gholdengo|100/100
|-weather|Snowscape|[from] ability: Snow Warning|[of] p1a: Ninetales
|turn|1
|
|t:|1760764172
|switch|p1a: Primarina|Primarina, M|100/100
|move|p2a: TREE?|Make It Rain|p1a: Primarina
|-damage|p1a: Primarina|56/100
|-unboost|p2a: TREE?|spa|1
|
|-weather|Snowscape|[upkeep]
|upkeep
|turn|2
|
|t:|1760764200
|switch|p2a: Hoopa|Hoopa-Unbound|100/100
|move|p1a: Primarina|Draining Kiss|p2a: Hoopa
|-supereffective|p2a: Hoopa
|-damage|p2a: Hoopa|72/100
|-heal|p1a: Primarina|81/100|[from] drain|[of] p2a: Hoopa
|
|-weather|Snowscape|[upkeep]
|upkeep
|turn|3
|
|t:|1760764209
|move|p2a: Hoopa|Psychic Noise|p1a: Primarina
|-damage|p1a: Primarina|48/100
|-start|p1a: Primarina|move: Heal Block
|move|p1a: Primarina|Moonblast|p2a: Hoopa
|-supereffective|p2a: Hoopa
|-damage|p2a: Hoopa|22/100
|
|-weather|Snowscape|[upkeep]
|upkeep
|turn|4
|
|t:|1760764222
|move|p2a: Hoopa|Thunderbolt|p1a: Primarina
|-supereffective|p1a: Primarina
|-damage|p1a: Primarina|0 fnt
|faint|p1a: Primarina
|
|-weather|Snowscape|[upkeep]
|upkeep
|
|t:|1760764229
|switch|p1a: Ninetales|Ninetales-Alola, F|100/100
|turn|5
|
|t:|1760764248
|switch|p2a: Landorus|Landorus-Therian, M|100/100
|-ability|p2a: Landorus|Intimidate|boost
|-unboost|p1a: Ninetales|atk|1
|move|p1a: Ninetales|Aurora Veil|p1a: Ninetales
|-sidestart|p1: Asrzzz|move: Aurora Veil
|
|-weather|none
|upkeep
|turn|6
|
|t:|1760764258
|switch|p2a: Hoopa|Hoopa-Unbound|22/100
|move|p1a: Ninetales|Freeze-Dry|p2a: Hoopa
|-damage|p2a: Hoopa|9/100
|
|upkeep
|turn|7
|
|t:|1760764265
|move|p1a: Ninetales|Moonblast|p2a: Hoopa
|-supereffective|p2a: Hoopa
|-damage|p2a: Hoopa|0 fnt
|faint|p2a: Hoopa
|
|upkeep
|
|t:|1760764268
|switch|p2a: TREE?|Gholdengo|100/100
|turn|8
|
|t:|1760764278
|switch|p1a: Great Tusk|Great Tusk|100/100
|move|p2a: TREE?|Make It Rain|p1a: Great Tusk
|-damage|p1a: Great Tusk|55/100
|-unboost|p2a: TREE?|spa|1
|
|upkeep
|turn|9
|
|t:|1760764289
|switch|p2a: Landorus|Landorus-Therian, M|100/100
|-ability|p2a: Landorus|Intimidate|boost
|-unboost|p1a: Great Tusk|atk|1
|move|p1a: Great Tusk|Bulk Up|p1a: Great Tusk
|-boost|p1a: Great Tusk|atk|1
|-boost|p1a: Great Tusk|def|1
|
|upkeep
|turn|10
|
|t:|1760764298
|-end|p1a: Great Tusk|Protosynthesis|[silent]
|switch|p1a: Iron Hands|Iron Hands|100/100
|move|p2a: Landorus|Earth Power|p1a: Iron Hands
|-supereffective|p1a: Iron Hands
|-crit|p1a: Iron Hands
|-damage|p1a: Iron Hands|26/100
|
|-heal|p1a: Iron Hands|32/100|[from] item: Leftovers
|upkeep
|turn|11
|l|☆xHAKAI
|inactive|xHAKAI disconnected and has a minute to reconnect!
|player|p2|
|j|☆xHAKAI
|inactive|xHAKAI reconnected and has 135 seconds left.
|player|p2|xHAKAI|red|
|l|☆xHAKAI
|inactive|xHAKAI disconnected and has a minute to reconnect!
|player|p2|
|inactive|xHAKAI has 30 seconds to reconnect!
|inactive|xHAKAI has 20 seconds to reconnect!
|inactive|xHAKAI has 15 seconds to reconnect!
|inactive|xHAKAI has 10 seconds to reconnect!
|inactive|xHAKAI has 5 seconds to reconnect!
|-message|xHAKAI lost due to inactivity.
|
|win|Asrzzz
|raw|Asrzzz's rating: 1431 &rarr; <strong>1449</strong><br />(+18 for winning)
|raw|xHAKAI's rating: 1398 &rarr; <strong>1380</strong><br />(-18 for losing)
|l|☆Asrzzz
|player|p1|
