|j|☆player jack
|j|☆bronzong72
|t:|1760856055
|gametype|singles
|player|p1|player jack|roxie|1271
|player|p2|bronzong72|falkner|1285
|gen|9
|tier|[Gen 9] OU
|rated|
|rule|HP Percentage Mod: HP is shown in percentages
|rule|Endless Battle Clause: Forcing endless battles is banned
|rule|Species Clause: Limit one of each Pokémon
|rule|OHKO Clause: OHKO moves are banned
|rule|Evasion Items Clause: Evasion items are banned
|rule|Evasion Moves Clause: Evasion moves are banned
|rule|Evasion Abilities Clause: Evasion abilities are banned
|rule|Sleep Moves Clause: Sleep-inducing moves are banned
|clearpoke
|poke|p1|Torkoal, F|
|poke|p1|Walking Wake|
|poke|p1|Typhlosion-Hisui, F|
|poke|p1|Great Tusk|
|poke|p1|Lilligant-Hisui, F|
|poke|p1|Haxorus, F|
|poke|p2|Great Tusk|
|poke|p2|Meowscarada, F|
|poke|p2|Heatran, F|
|poke|p2|Pecharunt|
|poke|p2|Primarina, F|
|poke|p2|Zapdos|
|teampreview
|inactive|Battle timer is ON: inactive players will automatically lose when time's up. (requested by bronzong72)
|
|t:|1760856063
|teamsize|p1|6
|teamsize|p2|6
|start
|switch|p1a: Haxorus|Haxorus, F, shiny|100/100
|switch|p2a: Laura|Meowscarada, F|100/100
|-ability|p1a: Haxorus|Mold Breaker
|turn|1
|
|t:|1760856071
|-terastallize|p1a: Haxorus|Steel
|move|p2a: Laura|Triple Axel|p1a: Haxorus
|-start|p2a: Laura|typechange|Ice|[from] ability: Protean
|-resisted|p1a: Haxorus
|-crit|p1a: Haxorus
|-damage|p1a: Haxorus|89/100
|-resisted|p1a: Haxorus
|-damage|p1a: Haxorus|74/100
|-resisted|p1a: Haxorus
|-damage|p1a: Haxorus|48/100
|-hitcount|p1a: Haxorus|3
|move|p1a: Haxorus|Dragon Dance|p1a: Haxorus
|-boost|p1a: Haxorus|atk|1
|-boost|p1a: Haxorus|spe|1
|
|upkeep
|turn|2
|
|t:|1760856086
|switch|p2a: Fontaine|Primarina, F|100/100
|move|p1a: Haxorus|Scale Shot|p2a: Fontaine
|-immune|p2a: Fontaine
|
|upkeep
|turn|3
|
|t:|1760856089
|move|p1a: Haxorus|Iron Head|p2a: Fontaine
|-damage|p2a: Fontaine|13/100
|cant|p2a: Fontaine|flinch
|
|upkeep
|turn|4
|
|t:|1760856095
|move|p1a: Haxorus|Iron Head|p2a: Fontaine
|-crit|p2a: Fontaine
|-damage|p2a: Fontaine|0 fnt
|faint|p2a: Fontaine
|
|upkeep
|
|t:|1760856097
|switch|p2a: Great Tusk|Great Tusk|100/100
|turn|5
|
|t:|1760856099
|move|p1a: Haxorus|Scale Shot|p2a: Great Tusk
|-damage|p2a: Great Tusk|88/100
|-damage|p2a: Great Tusk|74/100
|-damage|p2a: Great Tusk|59/100
|-damage|p2a: Great Tusk|45/100
|-damage|p2a: Great Tusk|32/100
|-hitcount|p2a: Great Tusk|5
|-unboost|p1a: Haxorus|def|1
|-boost|p1a: Haxorus|spe|1
|move|p2a: Great Tusk|Headlong Rush|p1a: Haxorus
|-supereffective|p1a: Haxorus
|-damage|p1a: Haxorus|0 fnt
|-unboost|p2a: Great Tusk|def|1
|-unboost|p2a: Great Tusk|spd|1
|faint|p1a: Haxorus
|
|upkeep
|
|t:|1760856112
|switch|p1a: Lilligant|Lilligant-Hisui, F, shiny|100/100
|turn|6
|
|t:|1760856115
|-end|p2a: Great Tusk|Protosynthesis|[silent]
|switch|p2a: Sprinkles|Zapdos|100/100
|move|p1a: Lilligant|Victory Dance|p1a: Lilligant
|-boost|p1a: Lilligant|atk|1
|-boost|p1a: Lilligant|def|1
|-boost|p1a: Lilligant|spe|1
|
|upkeep
|turn|7
|
|t:|1760856121
|-terastallize|p2a: Sprinkles|Steel
|move|p1a: Lilligant|Triple Axel|p2a: Sprinkles|[miss]
|-miss|p1a: Lilligant|p2a: Sprinkles
|move|p2a: Sprinkles|Hurricane|p1a: Lilligant
|-supereffective|p1a: Lilligant
|-enditem|p1a: Lilligant|Focus Sash
|-damage|p1a: Lilligant|1/100
|
|upkeep
|turn|8
|
|t:|1760856130
|switch|p2a: Great Tusk|Great Tusk|32/100
|move|p1a: Lilligant|Close Combat|p2a: Great Tusk
|-damage|p2a: Great Tusk|0 fnt
|-unboost|p1a: Lilligant|def|1
|-unboost|p1a: Lilligant|spd|1
|-damage|p1a: Lilligant|0 fnt|[from] item: Rocky Helmet|[of] p2a: Great Tusk
|faint|p2a: Great Tusk
|-end|p2a: Great Tusk|Protosynthesis|[silent]
|faint|p1a: Lilligant
|
|upkeep
|
|t:|1760856147
|switch|p1a: Torkoal|Torkoal, F, shiny|100/100
|switch|p2a: Sprinkles|Zapdos, tera:Steel|100/100
|-weather|SunnyDay|[from] ability: Drought|[of] p1a: Torkoal
|turn|9
|
|t:|1760856159
|switch|p2a: Heatran|Heatran, F|100/100
|move|p1a: Torkoal|Lava Plume|p2a: Heatran
|-start|p2a: Heatran|ability: Flash Fire
|
|-weather|SunnyDay|[upkeep]
|upkeep
|turn|10
|
|t:|1760856164
|switch|p1a: Great Tusk|Great Tusk, shiny|100/100
|-activate|p1a: Great Tusk|ability: Protosynthesis
|-start|p1a: Great Tusk|protosynthesisatk
|move|p2a: Heatran|Earth Power|p1a: Great Tusk
|-damage|p1a: Great Tusk|71/100
|
|-weather|SunnyDay|[upkeep]
|upkeep
|turn|11
|
|t:|1760856175
|-end|p2a: Heatran|ability: Flash Fire|[silent]
|switch|p2a: Sprinkles|Zapdos, tera:Steel|100/100
|move|p1a: Great Tusk|Headlong Rush|p2a: Sprinkles
|-supereffective|p2a: Sprinkles
|-damage|p2a: Sprinkles|0 fnt
|-unboost|p1a: Great Tusk|def|1
|-unboost|p1a: Great Tusk|spd|1
|-status|p1a: Great Tusk|par|[from] ability: Static|[of] p2a: Sprinkles
|faint|p2a: Sprinkles
|
|-weather|SunnyDay|[upkeep]
|upkeep
|
|t:|1760856177
|switch|p2a: Heatran|Heatran, F|100/100
|turn|12
|
|t:|1760856186
|-end|p1a: Great Tusk|Protosynthesis|[silent]
|switch|p1a: Walking Wake|Walking Wake|100/100
|-activate|p1a: Walking Wake|ability: Protosynthesis
|-start|p1a: Walking Wake|protosynthesisspe
|move|p2a: Heatran|Flamethrower|p1a: Walking Wake
|-resisted|p1a: Walking Wake
|-damage|p1a: Walking Wake|80/100
|
|-weather|SunnyDay|[upkeep]
|upkeep
|turn|13
|
|t:|1760856188
|switch|p2a: Pecharunt|Pecharunt|100/100
|move|p1a: Walking Wake|Hydro Steam|p2a: Pecharunt
|-damage|p2a: Pecharunt|5/100
|
|-weather|SunnyDay|[upkeep]
|upkeep
|turn|14
|
|t:|1760856191
|move|p1a: Walking Wake|Hydro Steam|p2a: Pecharunt
|-damage|p2a: Pecharunt|0 fnt
|faint|p2a: Pecharunt
|
|-weather|SunnyDay|[upkeep]
|upkeep
|-message|bronzong72 forfeited.
|
|win|player jack
|raw|player jack's rating: 1271 &rarr; <strong>1297</strong><br />(+26 for winning)
|raw|bronzong72's rating: 1285 &rarr; <strong>1259</strong><br />(-26 for losing)
|l|☆bronzong72
|player|p2|
|l|☆player jack
|player|p1|
