|j|☆ineverhaxed
|j|☆mightynoctowl
|t:|1760795455
|gametype|singles
|player|p1|ineverhaxed|101|1324
|player|p2|mightynoctowl|170|1255
|gen|9
|tier|[Gen 9] OU
|rated|
|rule|HP Percentage Mod: HP is shown in percentages
|rule|Endless Battle Clause: Forcing endless battles is banned
|rule|Species Clause: Limit one of each Pokémon
|rule|OHKO Clause: OHKO moves are banned
|rule|Evasion Items Clause: Evasion items are banned
|rule|Evasion Moves Clause: Evasion moves are banned
|rule|Evasion Abilities Clause: Evasion abilities are banned
|rule|Sleep Moves Clause: Sleep-inducing moves are banned
|clearpoke
|poke|p1|Illumise, F|
|poke|p1|Cloyster, M|
|poke|p1|Blissey, F|
|poke|p1|Darkrai|
|poke|p1|Cinderace, F|
|poke|p1|Lokix, M|
|poke|p2|Moltres|
|poke|p2|Chansey, F|
|poke|p2|Clefable, F|
|poke|p2|Hitmonlee, M|
|poke|p2|Sandslash, M|
|poke|p2|Vileplume, F|
|teampreview
|inactive|Battle timer is ON: inactive players will automatically lose when time's up. (requested by mightynoctowl)
|
|t:|1760795463
|teamsize|p1|6
|teamsize|p2|6
|start
|switch|p1a: Illumise|Illumise, F|100/100
|switch|p2a: Sandslash|Sandslash, M|100/100
|turn|1
|
|t:|1760795467
|move|p1a: Illumise|Infestation|p2a: Sandslash
|-damage|p2a: Sandslash|91/100
|-activate|p2a: Sandslash|move: Infestation|[of] p1a: Illumise
|move|p2a: Sandslash|Spikes|p1a: Illumise
|-sidestart|p1: ineverhaxed|Spikes
|
|-heal|p2a: Sandslash|97/100|[from] item: Leftovers
|-damage|p2a: Sandslash|85/100|[from] move: Infestation|[partiallytrapped]
|upkeep
|turn|2
|
|t:|1760795473
|move|p1a: Illumise|Encore|p2a: Sandslash
|-start|p2a: Sandslash|Encore
|move|p2a: Sandslash|Spikes|p1a: Illumise
|-sidestart|p1: ineverhaxed|Spikes
|
|-heal|p2a: Sandslash|91/100|[from] item: Leftovers
|-damage|p2a: Sandslash|79/100|[from] move: Infestation|[partiallytrapped]
|upkeep
|turn|3
|
|t:|1760795477
|move|p1a: Illumise|Substitute|p1a: Illumise
|-start|p1a: Illumise|Substitute
|-damage|p1a: Illumise|76/100
|move|p2a: Sandslash|Spikes|p1a: Illumise
|-sidestart|p1: ineverhaxed|Spikes
|
|-heal|p1a: Illumise|82/100|[from] item: Leftovers
|-heal|p2a: Sandslash|85/100|[from] item: Leftovers
|-damage|p2a: Sandslash|73/100|[from] move: Infestation|[partiallytrapped]
|upkeep
|turn|4
|
|t:|1760795483
|move|p1a: Illumise|Infestation|p2a: Sandslash
|-damage|p2a: Sandslash|64/100
|move|p2a: Sandslash|Spikes||[still]
|-fail|p2a: Sandslash
|
|-heal|p1a: Illumise|88/100|[from] item: Leftovers
|-heal|p2a: Sandslash|70/100|[from] item: Leftovers
|-damage|p2a: Sandslash|58/100|[from] move: Infestation|[partiallytrapped]
|-end|p2a: Sandslash|Encore
|upkeep
|turn|5
|
|t:|1760795490
|move|p1a: Illumise|Encore|p2a: Sandslash
|-start|p2a: Sandslash|Encore
|move|p2a: Sandslash|Spikes||[still]
|-fail|p2a: Sandslash
|
|-heal|p1a: Illumise|94/100|[from] item: Leftovers
|-heal|p2a: Sandslash|64/100|[from] item: Leftovers
|-end|p2a: Sandslash|Infestation|[partiallytrapped]
|upkeep
|turn|6
|
|t:|1760795498
|switch|p2a: Moltres|Moltres|100/100
|move|p1a: Illumise|Infestation|p2a: Moltres
|-resisted|p2a: Moltres
|-damage|p2a: Moltres|99/100
|-activate|p2a: Moltres|move: Infestation|[of] p1a: Illumise
|
|-heal|p1a: Illumise|99/100|[from] item: Leftovers
|-damage|p2a: Moltres|87/100|[from] move: Infestation|[partiallytrapped]
|upkeep
|turn|7
|
|t:|1760795505
|switch|p1a: Cinderace|Cinderace, F|100/100
|-damage|p1a: Cinderace|76/100|[from] Spikes
|move|p2a: Moltres|Roar|p1a: Cinderace
|drag|p1a: Illumise|Illumise, F|99/100
|-damage|p1a: Illumise|75/100|[from] Spikes
|
|-heal|p1a: Illumise|81/100|[from] item: Leftovers
|-end|p2a: Moltres|Infestation|[partiallytrapped]|[silent]
|upkeep
|turn|8
|
|t:|1760795515
|move|p1a: Illumise|Encore|p2a: Moltres
|-start|p2a: Moltres|Encore
|move|p2a: Moltres|Roar|p1a: Illumise
|drag|p1a: Blissey|Blissey, F|100/100
|-damage|p1a: Blissey|76/100|[from] Spikes
|
|-heal|p1a: Blissey|82/100|[from] item: Leftovers
|upkeep
|turn|9
|
|t:|1760795530
|switch|p2a: Hitmonlee|Hitmonlee, M|100/100
|move|p1a: Blissey|Thunderbolt|p2a: Hitmonlee
|-damage|p2a: Hitmonlee|73/100
|
|-heal|p1a: Blissey|88/100|[from] item: Leftovers
|upkeep
|turn|10
|
|t:|1760795535
|move|p2a: Hitmonlee|High Jump Kick|p1a: Blissey
|-supereffective|p1a: Blissey
|-damage|p1a: Blissey|0 fnt
|faint|p1a: Blissey
|-damage|p2a: Hitmonlee|63/100|[from] item: Life Orb
|
|upkeep
|
|t:|1760795538
|switch|p1a: Cinderace|Cinderace, F|76/100
|-damage|p1a: Cinderace|51/100|[from] Spikes
|turn|11
|
|t:|1760795544
|move|p2a: Hitmonlee|Sucker Punch||[still]
|-fail|p2a: Hitmonlee
|move|p1a: Cinderace|Court Change|p1a: Cinderace
|-start|p1a: Cinderace|typechange|Normal|[from] ability: Libero
|-swapsideconditions
|-activate|p1a: Cinderace|move: Court Change
|
|upkeep
|turn|12
|
|t:|1760795547
|move|p1a: Cinderace|Will-O-Wisp|p2a: Hitmonlee
|-status|p2a: Hitmonlee|brn
|move|p2a: Hitmonlee|High Jump Kick|p1a: Cinderace
|-supereffective|p1a: Cinderace
|-damage|p1a: Cinderace|0 fnt
|faint|p1a: Cinderace
|-damage|p2a: Hitmonlee|53/100 brn|[from] item: Life Orb
|
|-damage|p2a: Hitmonlee|47/100 brn|[from] brn
|upkeep
|
|t:|1760795554
|switch|p1a: Cloyster|Cloyster, M|100/100
|turn|13
|
|t:|1760795558
|-terastallize|p1a: Cloyster|Ghost
|move|p2a: Hitmonlee|High Jump Kick|p1a: Cloyster
|-immune|p1a: Cloyster
|-damage|p2a: Hitmonlee|0 fnt|[from] highjumpkick
|faint|p2a: Hitmonlee
|move|p1a: Cloyster|Shell Smash|p1a: Cloyster
|-unboost|p1a: Cloyster|def|1
|-unboost|p1a: Cloyster|spd|1
|-boost|p1a: Cloyster|atk|2
|-boost|p1a: Cloyster|spa|2
|-boost|p1a: Cloyster|spe|2
|
|upkeep
|
|t:|1760795561
|switch|p2a: Clefable|Clefable, F|100/100
|-damage|p2a: Clefable|76/100|[from] Spikes
|turn|14
|
|t:|1760795571
|move|p1a: Cloyster|Icicle Spear|p2a: Clefable
|-damage|p2a: Clefable|67/100
|-damage|p2a: Clefable|59/100
|-damage|p2a: Clefable|50/100
|-damage|p2a: Clefable|42/100
|-damage|p2a: Clefable|32/100
|-hitcount|p2a: Clefable|5
|move|p2a: Clefable|Calm Mind|p2a: Clefable
|-boost|p2a: Clefable|spa|1
|-boost|p2a: Clefable|spd|1
|
|-heal|p2a: Clefable|39/100|[from] item: Leftovers
|upkeep
|turn|15
|
|t:|1760795574
|move|p1a: Cloyster|Icicle Spear|p2a: Clefable
|-damage|p2a: Clefable|29/100
|-damage|p2a: Clefable|20/100
|-damage|p2a: Clefable|11/100
|-damage|p2a: Clefable|2/100
|-crit|p2a: Clefable
|-damage|p2a: Clefable|0 fnt
|faint|p2a: Clefable
|-hitcount|p2: Clefable|5
|
|upkeep
|-message|mightynoctowl forfeited.
|
|win|ineverhaxed
|raw|ineverhaxed's rating: 1324 &rarr; <strong>1340</strong><br />(+16 for winning)
|raw|mightynoctowl's rating: 1255 &rarr; <strong>1235</strong><br />(-20 for losing)
|l|☆mightynoctowl
|player|p2|
|l|☆ineverhaxed
|player|p1|
