|j|☆Petey2210
|j|☆moi099098
|t:|1760747518
|gametype|singles
|player|p1|Petey2210|266|1070
|player|p2|moi099098|sage|1056
|gen|9
|tier|[Gen 9] OU
|rated|
|rule|HP Percentage Mod: HP is shown in percentages
|rule|Endless Battle Clause: Forcing endless battles is banned
|rule|Species Clause: Limit one of each Pokémon
|rule|OHKO Clause: OHKO moves are banned
|rule|Evasion Items Clause: Evasion items are banned
|rule|Evasion Moves Clause: Evasion moves are banned
|rule|Evasion Abilities Clause: Evasion abilities are banned
|rule|Sleep Moves Clause: Sleep-inducing moves are banned
|clearpoke
|poke|p1|Ceruledge, F|
|poke|p1|Venusaur, F|
|poke|p1|Ninetales, F|
|poke|p1|Walking Wake|
|poke|p1|Landorus-Therian, M|
|poke|p1|Slowking-Galar, M|
|poke|p2|Walking Wake|
|poke|p2|Volcanion|
|poke|p2|Lilligant-Hisui, F|
|poke|p2|Zapdos|
|poke|p2|Corviknight, F|
|poke|p2|Mandibuzz, F|
|teampreview
|inactive|Battle timer is ON: inactive players will automatically lose when time's up. (requested by Petey2210)
|
|t:|1760747539
|teamsize|p1|6
|teamsize|p2|6
|start
|switch|p1a: Landorus|Landorus-Therian, M|100/100
|switch|p2a: Zapdos|Zapdos, shiny|100/100
|-ability|p1a: Landorus|Intimidate|boost
|-unboost|p2a: Zapdos|atk|1
|turn|1
|
|t:|1760747546
|move|p2a: Zapdos|Sunny Day|p2a: Zapdos
|-weather|SunnyDay
|move|p1a: Landorus|Stealth Rock|p2a: Zapdos
|-sidestart|p2: moi099098|move: Stealth Rock
|
|-weather|SunnyDay|[upkeep]
|upkeep
|turn|2
|
|t:|1760747556
|move|p2a: Zapdos|Heat Wave|p1a: Landorus
|-damage|p1a: Landorus|60/100
|-status|p1a: Landorus|brn
|move|p1a: Landorus|U-turn|p2a: Zapdos
|-resisted|p2a: Zapdos
|-damage|p2a: Zapdos|97/100
|-damage|p1a: Landorus|43/100 brn|[from] item: Rocky Helmet|[of] p2a: Zapdos
|
|t:|1760747564
|switch|p1a: Slowking|Slowking-Galar, M|100/100|[from] U-turn
|
|-weather|SunnyDay|[upkeep]
|upkeep
|turn|3
|
|t:|1760747569
|move|p2a: Zapdos|Volt Switch|p1a: Slowking
|-damage|p1a: Slowking|82/100
|
|t:|1760747576
|switch|p2a: Corviknight|Corviknight, F|100/100|[from] Volt Switch
|-damage|p2a: Corviknight|88/100|[from] Stealth Rock
|-ability|p2a: Corviknight|Pressure
|move|p1a: Slowking|Future Sight|p2a: Corviknight
|-start|p1a: Slowking|move: Future Sight
|
|-weather|SunnyDay|[upkeep]
|-heal|p1a: Slowking|88/100|[from] item: Leftovers
|upkeep
|turn|4
|
|t:|1760747579
|move|p2a: Corviknight|Defog|p1a: Slowking
|-unboost|p1a: Slowking|evasion|1
|-sideend|p2: moi099098|Stealth Rock|[from] move: Defog|[of] p2a: Corviknight
|move|p1a: Slowking|Taunt|p2a: Corviknight
|-start|p2a: Corviknight|move: Taunt
|
|-weather|SunnyDay|[upkeep]
|-heal|p1a: Slowking|94/100|[from] item: Leftovers
|upkeep
|turn|5
|
|t:|1760747585
|move|p2a: Corviknight|U-turn|p1a: Slowking
|-damage|p1a: Slowking|80/100
|
|t:|1760747593
|switch|p2a: Walking Wake|Walking Wake|100/100|[from] U-turn
|-activate|p2a: Walking Wake|ability: Protosynthesis
|-start|p2a: Walking Wake|protosynthesisspa
|move|p1a: Slowking|Thunder Wave|p2a: Walking Wake
|-status|p2a: Walking Wake|par
|
|-weather|none
|-end|p2a: Walking Wake|Protosynthesis
|-end|p2a: Walking Wake|move: Future Sight
|-damage|p2a: Walking Wake|50/100 par
|-heal|p2a: Walking Wake|56/100 par|[from] item: Leftovers
|-heal|p1a: Slowking|86/100|[from] item: Leftovers
|upkeep
|turn|6
|
|t:|1760747602
|move|p2a: Walking Wake|Draco Meteor|p1a: Slowking
|-damage|p1a: Slowking|48/100
|-unboost|p2a: Walking Wake|spa|2
|-prepare|p1a: Slowking|Chilly Reception|[premajor]
|move|p1a: Slowking|Chilly Reception|p1a: Slowking
|-weather|Snowscape
|
|t:|1760747612
|switch|p1a: Walking Wake|Walking Wake|100/100|[from] Chilly Reception
|
|-weather|Snowscape|[upkeep]
|-heal|p2a: Walking Wake|62/100 par|[from] item: Leftovers
|upkeep
|turn|7
|
|t:|1760747619
|move|p1a: Walking Wake|Draco Meteor|p2a: Walking Wake
|-supereffective|p2a: Walking Wake
|-damage|p2a: Walking Wake|0 fnt
|-unboost|p1a: Walking Wake|spa|2
|faint|p2a: Walking Wake
|-end|p2a: Walking Wake|Protosynthesis|[silent]
|
|-weather|Snowscape|[upkeep]
|upkeep
|
|t:|1760747623
|switch|p2a: Volcanion|Volcanion|100/100
|turn|8
|
|t:|1760747629
|-end|p1a: Walking Wake|Protosynthesis|[silent]
|switch|p1a: Slowking|Slowking-Galar, M|81/100
|move|p2a: Volcanion|Flame Charge|p1a: Slowking
|-damage|p1a: Slowking|61/100
|-boost|p2a: Volcanion|spe|1
|
|-weather|Snowscape|[upkeep]
|-heal|p1a: Slowking|67/100|[from] item: Leftovers
|upkeep
|turn|9
|
|t:|1760747635
|move|p2a: Volcanion|Earth Power|p1a: Slowking
|-supereffective|p1a: Slowking
|-damage|p1a: Slowking|27/100
|move|p1a: Slowking|Thunder Wave|p2a: Volcanion
|-status|p2a: Volcanion|par
|
|-weather|Snowscape|[upkeep]
|-heal|p1a: Slowking|33/100|[from] item: Leftovers
|upkeep
|turn|10
|
|t:|1760747639
|switch|p1a: Landorus|Landorus-Therian, M|43/100 brn
|-ability|p1a: Landorus|Intimidate|boost
|-unboost|p2a: Volcanion|atk|1
|move|p2a: Volcanion|Earth Power|p1a: Landorus
|-immune|p1a: Landorus
|
|-weather|none
|-damage|p1a: Landorus|37/100 brn|[from] brn
|upkeep
|turn|11
|
|t:|1760747646
|move|p1a: Landorus|Stealth Rock|p2a: Volcanion
|-sidestart|p2: moi099098|move: Stealth Rock
|move|p2a: Volcanion|Steam Eruption|p1a: Landorus
|-supereffective|p1a: Landorus
|-damage|p1a: Landorus|0 fnt
|faint|p1a: Landorus
|
|upkeep
|
|t:|1760747663
|switch|p1a: Slowking|Slowking-Galar, M|66/100
|turn|12
|
|t:|1760747669
|move|p2a: Volcanion|Earth Power|p1a: Slowking
|-supereffective|p1a: Slowking
|-damage|p1a: Slowking|26/100
|move|p1a: Slowking|Future Sight|p2a: Volcanion
|-start|p1a: Slowking|move: Future Sight
|
|-heal|p1a: Slowking|32/100|[from] item: Leftovers
|upkeep
|turn|13
|
|t:|1760747678
|switch|p1a: Ninetales|Ninetales, F|100/100
|-weather|SunnyDay|[from] ability: Drought|[of] p1a: Ninetales
|cant|p2a: Volcanion|par
|
|-weather|SunnyDay|[upkeep]
|upkeep
|turn|14
|
|t:|1760747703
|switch|p1a: Venusaur|Venusaur, F|100/100
|cant|p2a: Volcanion|par
|
|-weather|SunnyDay|[upkeep]
|-end|p2a: Volcanion|move: Future Sight
|-damage|p2a: Volcanion|38/100 par
|-heal|p2a: Volcanion|44/100 par|[from] item: Leftovers
|upkeep
|turn|15
|
|t:|1760747710
|move|p1a: Venusaur|Earth Power|p2a: Volcanion
|-supereffective|p2a: Volcanion
|-crit|p2a: Volcanion
|-damage|p2a: Volcanion|0 fnt
|faint|p2a: Volcanion
|
|-weather|SunnyDay|[upkeep]
|upkeep
|
|t:|1760747716
|switch|p2a: Lilligant|Lilligant-Hisui, F|100/100
|-damage|p2a: Lilligant|94/100|[from] Stealth Rock
|turn|16
|
|t:|1760747722
|move|p2a: Lilligant|Victory Dance|p2a: Lilligant
|-boost|p2a: Lilligant|atk|1
|-boost|p2a: Lilligant|def|1
|-boost|p2a: Lilligant|spe|1
|move|p1a: Venusaur|Weather Ball|p2a: Lilligant
|-supereffective|p2a: Lilligant
|-damage|p2a: Lilligant|0 fnt
|faint|p2a: Lilligant
|
|-weather|SunnyDay|[upkeep]
|upkeep
|
|t:|1760747726
|switch|p2a: Corviknight|Corviknight, F|88/100
|-damage|p2a: Corviknight|76/100|[from] Stealth Rock
|-ability|p2a: Corviknight|Pressure
|turn|17
|
|t:|1760747739
|move|p1a: Venusaur|Weather Ball|p2a: Corviknight
|-supereffective|p2a: Corviknight
|-damage|p2a: Corviknight|14/100
|move|p2a: Corviknight|Brave Bird|p1a: Venusaur
|-supereffective|p1a: Venusaur
|-damage|p1a: Venusaur|9/100
|-damage|p2a: Corviknight|0 fnt|[from] Recoil
|faint|p2a: Corviknight
|
|-weather|SunnyDay|[upkeep]
|-heal|p1a: Venusaur|15/100|[from] item: Black Sludge
|upkeep
|
|t:|1760747743
|switch|p2a: Zapdos|Zapdos, shiny|97/100
|-damage|p2a: Zapdos|72/100|[from] Stealth Rock
|turn|18
|
|t:|1760747747
|move|p1a: Venusaur|Giga Drain|p2a: Zapdos
|-resisted|p2a: Zapdos
|-damage|p2a: Zapdos|57/100
|-heal|p1a: Venusaur|24/100|[from] drain|[of] p2a: Zapdos
|move|p2a: Zapdos|Heat Wave|p1a: Venusaur
|-supereffective|p1a: Venusaur
|-damage|p1a: Venusaur|0 fnt
|faint|p1a: Venusaur
|
|-weather|SunnyDay|[upkeep]
|upkeep
|
|t:|1760747756
|switch|p1a: Ninetales|Ninetales, F|100/100
|turn|19
|
|t:|1760747759
|move|p2a: Zapdos|Volt Switch|p1a: Ninetales
|-damage|p1a: Ninetales|80/100
|
|t:|1760747762
|switch|p2a: Mandibuzz|Mandibuzz, F|100/100|[from] Volt Switch
|-damage|p2a: Mandibuzz|76/100|[from] Stealth Rock
|move|p1a: Ninetales|Will-O-Wisp|p2a: Mandibuzz
|-status|p2a: Mandibuzz|brn
|
|-weather|SunnyDay|[upkeep]
|-damage|p2a: Mandibuzz|70/100 brn|[from] brn
|upkeep
|turn|20
|
|t:|1760747772
|switch|p1a: Slowking|Slowking-Galar, M|66/100
|move|p2a: Mandibuzz|Toxic|p1a: Slowking
|-immune|p1a: Slowking
|
|-weather|none
|-heal|p1a: Slowking|72/100|[from] item: Leftovers
|-damage|p2a: Mandibuzz|63/100 brn|[from] brn
|upkeep
|turn|21
|
|t:|1760747780
|move|p2a: Mandibuzz|Foul Play|p1a: Slowking
|-supereffective|p1a: Slowking
|-damage|p1a: Slowking|53/100
|move|p1a: Slowking|Taunt|p2a: Mandibuzz
|-start|p2a: Mandibuzz|move: Taunt
|
|-heal|p1a: Slowking|59/100|[from] item: Leftovers
|-damage|p2a: Mandibuzz|57/100 brn|[from] brn
|upkeep
|turn|22
|
|t:|1760747786
|move|p2a: Mandibuzz|Foul Play|p1a: Slowking
|-supereffective|p1a: Slowking
|-damage|p1a: Slowking|40/100
|-prepare|p1a: Slowking|Chilly Reception|[premajor]
|move|p1a: Slowking|Chilly Reception|p1a: Slowking
|-weather|Snowscape
|
|t:|1760747790
|switch|p1a: Walking Wake|Walking Wake|100/100|[from] Chilly Reception
|
|-weather|Snowscape|[upkeep]
|-damage|p2a: Mandibuzz|51/100 brn|[from] brn
|upkeep
|turn|23
|
|t:|1760747794
|move|p1a: Walking Wake|Weather Ball|p2a: Mandibuzz
|-supereffective|p2a: Mandibuzz
|-damage|p2a: Mandibuzz|0 fnt
|faint|p2a: Mandibuzz
|
|-weather|Snowscape|[upkeep]
|upkeep
|
|t:|1760747799
|switch|p2a: Zapdos|Zapdos, shiny|57/100
|-damage|p2a: Zapdos|32/100|[from] Stealth Rock
|turn|24
|
|t:|1760747803
|move|p1a: Walking Wake|Weather Ball|p2a: Zapdos
|-supereffective|p2a: Zapdos
|-crit|p2a: Zapdos
|-damage|p2a: Zapdos|0 fnt
|faint|p2a: Zapdos
|
|win|Petey2210
|raw|Petey2210's rating: 1070 &rarr; <strong>1098</strong><br />(+28 for winning)
|raw|moi099098's rating: 1056 &rarr; <strong>1038</strong><br />(-18 for losing)
|l|☆Petey2210
|player|p1|
