|j|☆hexonicgd
|j|☆best_fighter_euw
|t:|1760867595
|gametype|singles
|player|p1|hexonicgd|caitlin|1324
|player|p2|best_fighter_euw|102|1298
|gen|9
|tier|[Gen 9] OU
|rated|
|rule|HP Percentage Mod: HP is shown in percentages
|rule|Endless Battle Clause: Forcing endless battles is banned
|rule|Species Clause: Limit one of each Pokémon
|rule|OHKO Clause: OHKO moves are banned
|rule|Evasion Items Clause: Evasion items are banned
|rule|Evasion Moves Clause: Evasion moves are banned
|rule|Evasion Abilities Clause: Evasion abilities are banned
|rule|Sleep Moves Clause: Sleep-inducing moves are banned
|clearpoke
|poke|p1|Dragonite, M|
|poke|p1|Sandy Shocks|
|poke|p1|Iron Moth|
|poke|p1|Iron Boulder|
|poke|p1|Iron Crown|
|poke|p1|Brute Bonnet|
|poke|p2|Corviknight, F|
|poke|p2|Glimmora, M|
|poke|p2|Rillaboom, F|
|poke|p2|Heatran, F|
|poke|p2|Primarina, F|
|poke|p2|Scizor, F|
|teampreview
|inactive|Battle timer is ON: inactive players will automatically lose when time's up. (requested by best_fighter_euw)
|
|t:|1760867618
|teamsize|p1|6
|teamsize|p2|6
|start
|switch|p1a: Sandy Shocks|Sandy Shocks|100/100
|switch|p2a: Primarina|Primarina, F|100/100
|-enditem|p1a: Sandy Shocks|Booster Energy
|-activate|p1a: Sandy Shocks|ability: Protosynthesis|[fromitem]
|-start|p1a: Sandy Shocks|protosynthesisspe
|turn|1
|
|t:|1760867638
|move|p1a: Sandy Shocks|Thunderbolt|p2a: Primarina
|-supereffective|p2a: Primarina
|-damage|p2a: Primarina|27/100
|move|p2a: Primarina|Sparkling Aria|p1a: Sandy Shocks
|-supereffective|p1a: Sandy Shocks
|-damage|p1a: Sandy Shocks|0 fnt
|faint|p1a: Sandy Shocks
|-end|p1a: Sandy Shocks|Protosynthesis|[silent]
|
|upkeep
|
|t:|1760867654
|switch|p1a: Iron Crown|Iron Crown|100/100
|turn|2
|
|t:|1760867663
|switch|p2a: Glimmora|Glimmora, M|100/100
|move|p1a: Iron Crown|Volt Switch|p2a: Glimmora
|-damage|p2a: Glimmora|48/100
|inactive|hexonicgd has 120 seconds left.
|
|t:|1760867682
|-end|p1a: Iron Crown|Quark Drive|[silent]
|switch|p1a: Iron Boulder|Iron Boulder|100/100|[from] Volt Switch
|-enditem|p1a: Iron Boulder|Booster Energy
|-activate|p1a: Iron Boulder|ability: Quark Drive|[fromitem]
|-start|p1a: Iron Boulder|quarkdrivespe
|
|upkeep
|turn|3
|
|t:|1760867688
|move|p1a: Iron Boulder|Swords Dance|p1a: Iron Boulder
|-boost|p1a: Iron Boulder|atk|2
|move|p2a: Glimmora|Earth Power|p1a: Iron Boulder
|-supereffective|p1a: Iron Boulder
|-damage|p1a: Iron Boulder|41/100
|
|upkeep
|turn|4
|
|t:|1760867695
|move|p1a: Iron Boulder|Earthquake|p2a: Glimmora
|-supereffective|p2a: Glimmora
|-damage|p2a: Glimmora|0 fnt
|-activate|p2a: Glimmora|ability: Toxic Debris
|-sidestart|p1: hexonicgd|move: Toxic Spikes
|faint|p2a: Glimmora
|
|upkeep
|
|t:|1760867698
|switch|p2a: Scizor|Scizor, F|100/100
|turn|5
|
|t:|1760867720
|move|p2a: Scizor|Bullet Punch|p1a: Iron Boulder
|-supereffective|p1a: Iron Boulder
|-damage|p1a: Iron Boulder|0 fnt
|faint|p1a: Iron Boulder
|-end|p1a: Iron Boulder|Quark Drive|[silent]
|
|upkeep
|
|t:|1760867733
|switch|p1a: Iron Moth|Iron Moth|100/100
|-sideend|p1: hexonicgd|move: Toxic Spikes|[of] p1a: Iron Moth
|-enditem|p1a: Iron Moth|Booster Energy
|-activate|p1a: Iron Moth|ability: Quark Drive|[fromitem]
|-start|p1a: Iron Moth|quarkdrivespe
|turn|6
|
|t:|1760867749
|switch|p2a: Heatran|Heatran, F|100/100
|move|p1a: Iron Moth|Substitute|p1a: Iron Moth
|-start|p1a: Iron Moth|Substitute
|-damage|p1a: Iron Moth|76/100
|
|upkeep
|turn|7
|inactive|hexonicgd has 120 seconds left.
|
|t:|1760867775
|-end|p1a: Iron Moth|Quark Drive|[silent]
|switch|p1a: Dragonite|Dragonite, M|100/100
|move|p2a: Heatran|Earth Power|p1a: Dragonite
|-immune|p1a: Dragonite
|
|upkeep
|turn|8
|inactive|hexonicgd has 120 seconds left.
|
|t:|1760867797
|switch|p1a: Iron Moth|Iron Moth|76/100
|switch|p2a: Corviknight|Corviknight, F|100/100
|-ability|p2a: Corviknight|Pressure
|
|upkeep
|turn|9
|inactive|hexonicgd has 120 seconds left.
|
|t:|1760867815
|-end|p1a: Iron Moth|Quark Drive|[silent]
|switch|p1a: Brute Bonnet|Brute Bonnet|100/100
|switch|p2a: Heatran|Heatran, F|100/100
|
|upkeep
|turn|10
|
|t:|1760867831
|-terastallize|p1a: Brute Bonnet|Poison
|move|p2a: Heatran|Flamethrower|p1a: Brute Bonnet
|-damage|p1a: Brute Bonnet|65/100
|move|p1a: Brute Bonnet|Close Combat|p2a: Heatran
|-supereffective|p2a: Heatran
|-damage|p2a: Heatran|22/100
|-unboost|p1a: Brute Bonnet|def|1
|-unboost|p1a: Brute Bonnet|spd|1
|
|-heal|p1a: Brute Bonnet|71/100|[from] item: Leftovers
|upkeep
|turn|11
|inactive|hexonicgd has 120 seconds left.
|
|t:|1760867839
|move|p1a: Brute Bonnet|Sucker Punch|p2a: Heatran
|-damage|p2a: Heatran|0 fnt
|faint|p2a: Heatran
|
|-heal|p1a: Brute Bonnet|77/100|[from] item: Leftovers
|upkeep
|inactive|best_fighter_euw has 120 seconds left.
|inactive|best_fighter_euw has 90 seconds left.
|
|t:|1760867896
|switch|p2a: Rillaboom|Rillaboom, F|100/100
|-fieldstart|move: Grassy Terrain|[from] ability: Grassy Surge|[of] p2a: Rillaboom
|turn|12
|inactive|hexonicgd has 120 seconds left.
|
|t:|1760867912
|move|p2a: Rillaboom|Wood Hammer|p1a: Brute Bonnet
|-resisted|p1a: Brute Bonnet
|-damage|p1a: Brute Bonnet|5/100
|-damage|p2a: Rillaboom|71/100|[from] Recoil
|move|p1a: Brute Bonnet|Crunch|p2a: Rillaboom
|-damage|p2a: Rillaboom|18/100
|
|-heal|p2a: Rillaboom|25/100|[from] Grassy Terrain
|-heal|p1a: Brute Bonnet|11/100|[from] Grassy Terrain
|-heal|p1a: Brute Bonnet|17/100|[from] item: Leftovers
|upkeep
|turn|13
|
|t:|1760867919
|switch|p2a: Corviknight|Corviknight, F|100/100
|-ability|p2a: Corviknight|Pressure
|move|p1a: Brute Bonnet|Sucker Punch||[still]
|-fail|p1a: Brute Bonnet
|
|-heal|p1a: Brute Bonnet|23/100|[from] Grassy Terrain
|-heal|p1a: Brute Bonnet|29/100|[from] item: Leftovers
|upkeep
|turn|14
|
|t:|1760867932
|-end|p1a: Brute Bonnet|Protosynthesis|[silent]
|switch|p1a: Dragonite|Dragonite, M|100/100
|move|p2a: Corviknight|Iron Defense|p2a: Corviknight
|-boost|p2a: Corviknight|def|2
|
|upkeep
|turn|15
|inactive|best_fighter_euw has 120 seconds left.
|inactive|best_fighter_euw has 90 seconds left.
|inactive|best_fighter_euw has 60 seconds left.
|inactive|best_fighter_euw has 30 seconds left.
|inactive|best_fighter_euw has 20 seconds left.
|inactive|best_fighter_euw has 15 seconds left.
|inactive|best_fighter_euw has 10 seconds left.
|inactive|best_fighter_euw has 5 seconds left.
|-message|best_fighter_euw lost due to inactivity.
|
|win|hexonicgd
|raw|hexonicgd's rating: 1324 &rarr; <strong>1343</strong><br />(+19 for winning)
|raw|best_fighter_euw's rating: 1298 &rarr; <strong>1275</strong><br />(-23 for losing)
|l|☆hexonicgd
|player|p1|
