|j|☆kerbecs1
|j|☆Ywywe
|t:|1760765110
|gametype|singles
|player|p1|kerbecs1|elesa|1460
|player|p2|Ywywe|102|1461
|gen|9
|tier|[Gen 9] OU
|rated|
|rule|HP Percentage Mod: HP is shown in percentages
|rule|Endless Battle Clause: Forcing endless battles is banned
|rule|Species Clause: Limit one of each Pokémon
|rule|OHKO Clause: OHKO moves are banned
|rule|Evasion Items Clause: Evasion items are banned
|rule|Evasion Moves Clause: Evasion moves are banned
|rule|Evasion Abilities Clause: Evasion abilities are banned
|rule|Sleep Moves Clause: Sleep-inducing moves are banned
|clearpoke
|poke|p1|Alomomola, F|
|poke|p1|Latios, M|
|poke|p1|Gholdengo|
|poke|p1|Weezing-Galar, F|
|poke|p1|Dragonite, M|
|poke|p1|Great Tusk|
|poke|p2|Mabosstiff, F|
|poke|p2|Moltres|
|poke|p2|Raging Bolt|
|poke|p2|Ogerpon-Wellspring, F|
|poke|p2|Primarina, F|
|poke|p2|Iron Crown|
|teampreview
|inactive|Battle timer is ON: inactive players will automatically lose when time's up. (requested by Ywywe)
|
|t:|1760765128
|teamsize|p1|6
|teamsize|p2|6
|start
|switch|p1a: Gholdengo|Gholdengo|100/100
|switch|p2a: Primarina|Primarina, F|100/100
|turn|1
|
|t:|1760765136
|move|p1a: Gholdengo|Make It Rain|p2a: Primarina
|-damage|p2a: Primarina|52/100
|-unboost|p1a: Gholdengo|spa|1
|move|p2a: Primarina|Sparkling Aria|p1a: Gholdengo
|-damage|p1a: Gholdengo|5/100
|
|upkeep
|turn|2
|
|t:|1760765150
|switch|p1a: Alomomola|Alomomola, F|100/100
|move|p2a: Primarina|Sparkling Aria|p1a: Alomomola
|-resisted|p1a: Alomomola
|-crit|p1a: Alomomola
|-damage|p1a: Alomomola|72/100
|
|upkeep
|turn|3
|
|t:|1760765158
|move|p2a: Primarina|Sparkling Aria|p1a: Alomomola
|-resisted|p1a: Alomomola
|-damage|p1a: Alomomola|54/100
|move|p1a: Alomomola|Body Slam|p2a: Primarina
|-damage|p2a: Primarina|32/100
|
|upkeep
|turn|4
|
|t:|1760765169
|move|p2a: Primarina|Sparkling Aria|p1a: Alomomola
|-resisted|p1a: Alomomola
|-damage|p1a: Alomomola|27/100
|move|p1a: Alomomola|Mirror Coat|p2a: Primarina
|-damage|p2a: Primarina|0 fnt
|faint|p2a: Primarina
|
|upkeep
|
|t:|1760765177
|switch|p2a: Mabosstiff|Mabosstiff, F|100/100
|turn|5
|
|t:|1760765185
|switch|p1a: Great Tusk|Great Tusk|100/100
|move|p2a: Mabosstiff|Psychic Fangs|p1a: Great Tusk
|-supereffective|p1a: Great Tusk
|-damage|p1a: Great Tusk|0 fnt
|-damage|p2a: Mabosstiff|84/100|[from] item: Rocky Helmet|[of] p1a: Great Tusk
|faint|p1a: Great Tusk
|-end|p1a: Great Tusk|Protosynthesis|[silent]
|
|upkeep
|
|t:|1760765195
|switch|p1a: Dragonite|Dragonite, M|100/100
|turn|6
|
|t:|1760765208
|switch|p2a: Moltres|Moltres|100/100
|switch|p1a: Latios|Latios, M|100/100
|
|upkeep
|turn|7
|
|t:|1760765214
|move|p1a: Latios|Calm Mind|p1a: Latios
|-boost|p1a: Latios|spa|1
|-boost|p1a: Latios|spd|1
|move|p2a: Moltres|U-turn|p1a: Latios
|-supereffective|p1a: Latios
|-damage|p1a: Latios|64/100
|
|t:|1760765225
|switch|p2a: Ogerpon|Ogerpon-Wellspring, F|100/100|[from] U-turn
|
|upkeep
|turn|8
|
|t:|1760765230
|move|p1a: Latios|Draco Meteor|p2a: Ogerpon
|-damage|p2a: Ogerpon|0 fnt
|-unboost|p1a: Latios|spa|2
|faint|p2a: Ogerpon
|
|upkeep
|
|t:|1760765238
|switch|p2a: Mabosstiff|Mabosstiff, F|84/100
|turn|9
|
|t:|1760765246
|switch|p1a: Dragonite|Dragonite, M|100/100
|move|p2a: Mabosstiff|Crunch|p1a: Dragonite
|-damage|p1a: Dragonite|41/100
|
|upkeep
|turn|10
|
|t:|1760765252
|move|p1a: Dragonite|Extreme Speed|p2a: Mabosstiff
|-damage|p2a: Mabosstiff|53/100
|move|p2a: Mabosstiff|Crunch|p1a: Dragonite
|-damage|p1a: Dragonite|0 fnt
|faint|p1a: Dragonite
|
|upkeep
|
|t:|1760765267
|switch|p1a: Weezing|Weezing-Galar, F|100/100
|-ability|p1a: Weezing|Neutralizing Gas
|turn|11
|
|t:|1760765275
|switch|p2a: Iron Crown|Iron Crown|100/100
|move|p1a: Weezing|Sludge Bomb|p2a: Iron Crown
|-immune|p2a: Iron Crown
|
|upkeep
|turn|12
|
|t:|1760765294
|-terastallize|p1a: Weezing|Grass
|move|p2a: Iron Crown|Volt Switch|p1a: Weezing
|-resisted|p1a: Weezing
|-damage|p1a: Weezing|82/100
|
|t:|1760765302
|-end|p2a: Iron Crown|Quark Drive|[silent]
|switch|p2a: Moltres|Moltres|100/100|[from] Volt Switch
|move|p1a: Weezing|Will-O-Wisp|p2a: Moltres
|-immune|p2a: Moltres
|
|upkeep
|turn|13
|
|t:|1760765314
|-end|p1a: Weezing|ability: Neutralizing Gas
|switch|p1a: Alomomola|Alomomola, F|60/100
|move|p2a: Moltres|U-turn|p1a: Alomomola
|-damage|p1a: Alomomola|49/100
|
|t:|1760765321
|switch|p2a: Raging Bolt|Raging Bolt|100/100|[from] U-turn
|
|upkeep
|turn|14
|
|t:|1760765329
|switch|p1a: Weezing|Weezing-Galar, F, tera:Grass|82/100
|-ability|p1a: Weezing|Neutralizing Gas
|move|p2a: Raging Bolt|Volt Switch|p1a: Weezing
|-resisted|p1a: Weezing
|-damage|p1a: Weezing|58/100
|
|t:|1760765349
|-end|p2a: Raging Bolt|Protosynthesis|[silent]
|switch|p2a: Moltres|Moltres|100/100|[from] Volt Switch
|
|upkeep
|turn|15
|
|t:|1760765357
|move|p2a: Moltres|Flamethrower|p1a: Weezing
|-supereffective|p1a: Weezing
|-damage|p1a: Weezing|0 fnt
|faint|p1a: Weezing
|-end|p1a: Weezing|ability: Neutralizing Gas
|
|upkeep
|
|t:|1760765361
|switch|p1a: Latios|Latios, M|64/100
|turn|16
|
|t:|1760765368
|move|p1a: Latios|Draco Meteor|p2a: Moltres
|-damage|p2a: Moltres|34/100
|-unboost|p1a: Latios|spa|2
|move|p2a: Moltres|U-turn|p1a: Latios
|-supereffective|p1a: Latios
|-damage|p1a: Latios|27/100
|
|t:|1760765377
|switch|p2a: Mabosstiff|Mabosstiff, F|53/100|[from] U-turn
|
|upkeep
|turn|17
|
|t:|1760765382
|switch|p1a: Alomomola|Alomomola, F|82/100
|move|p2a: Mabosstiff|Crunch|p1a: Alomomola
|-damage|p1a: Alomomola|0 fnt
|faint|p1a: Alomomola
|
|upkeep
|
|t:|1760765385
|switch|p1a: Gholdengo|Gholdengo|5/100
|turn|18
|
|t:|1760765392
|move|p1a: Gholdengo|Trick|p2a: Mabosstiff
|-activate|p1a: Gholdengo|move: Trick|[of] p2a: Mabosstiff
|-item|p2a: Mabosstiff|Choice Scarf|[from] move: Trick
|-item|p1a: Gholdengo|Choice Band|[from] move: Trick
|move|p2a: Mabosstiff|Crunch|p1a: Gholdengo
|-supereffective|p1a: Gholdengo
|-damage|p1a: Gholdengo|0 fnt
|faint|p1a: Gholdengo
|
|upkeep
|
|t:|1760765394
|switch|p1a: Latios|Latios, M|27/100
|turn|19
|-message|kerbecs1 forfeited.
|
|win|Ywywe
|raw|kerbecs1's rating: 1460 &rarr; <strong>1440</strong><br />(-20 for losing)
|raw|Ywywe's rating: 1461 &rarr; <strong>1481</strong><br />(+20 for winning)
|l|☆kerbecs1
|player|p1|
|l|☆Ywywe
|player|p2|
