|j|☆bottom drawer
|j|☆flyingbjs
|t:|1760837263
|gametype|singles
|player|p1|bottom drawer|red-gen1|1439
|player|p2|flyingbjs|265|1389
|gen|9
|tier|[Gen 9] OU
|rated|
|rule|HP Percentage Mod: HP is shown in percentages
|rule|Endless Battle Clause: Forcing endless battles is banned
|rule|Species Clause: Limit one of each Pokémon
|rule|OHKO Clause: OHKO moves are banned
|rule|Evasion Items Clause: Evasion items are banned
|rule|Evasion Moves Clause: Evasion moves are banned
|rule|Evasion Abilities Clause: Evasion abilities are banned
|rule|Sleep Moves Clause: Sleep-inducing moves are banned
|clearpoke
|poke|p1|Ursaluna, M|
|poke|p1|Exeggutor-Alola, F|
|poke|p1|Hatterene, F|
|poke|p1|Hoopa-Unbound|
|poke|p1|Deoxys-Defense|
|poke|p1|Iron Hands|
|poke|p2|Slowking-Galar, M|
|poke|p2|Scizor, F|
|poke|p2|Moltres|
|poke|p2|Meowscarada, M|
|poke|p2|Raging Bolt|
|poke|p2|Great Tusk|
|teampreview
|
|t:|1760837298
|teamsize|p1|6
|teamsize|p2|6
|start
|switch|p1a: Deoxys|Deoxys-Defense|100/100
|switch|p2a: Scizor|Scizor, F, shiny|100/100
|-ability|p1a: Deoxys|Pressure
|turn|1
|
|t:|1760837309
|move|p2a: Scizor|U-turn|p1a: Deoxys
|-supereffective|p1a: Deoxys
|-damage|p1a: Deoxys|17/100
|
|t:|1760837332
|switch|p2a: Slowking|Slowking-Galar, M|100/100|[from] U-turn
|move|p1a: Deoxys|Trick Room|p1a: Deoxys
|-fieldstart|move: Trick Room|[of] p1a: Deoxys
|
|upkeep
|turn|2
|
|t:|1760837343
|move|p2a: Slowking|Future Sight|p1a: Deoxys
|-start|p2a: Slowking|move: Future Sight
|move|p1a: Deoxys|Trick Room|p1a: Deoxys
|-fieldend|move: Trick Room
|
|upkeep
|turn|3
|
|t:|1760837357
|move|p2a: Slowking|Ice Beam|p1a: Deoxys
|-damage|p1a: Deoxys|4/100
|-status|p1a: Deoxys|frz
|cant|p1a: Deoxys|frz
|
|upkeep
|turn|4
|
|t:|1760837388
|-prepare|p2a: Slowking|Chilly Reception|[premajor]
|move|p2a: Slowking|Chilly Reception|p2a: Slowking
|-weather|Snowscape
|
|t:|1760837391
|switch|p2a: Meowscarada|Meowscarada, M|100/100|[from] Chilly Reception
|cant|p1a: Deoxys|frz
|
|-weather|Snowscape|[upkeep]
|-end|p1a: Deoxys|move: Future Sight
|-resisted|p1a: Deoxys
|-damage|p1a: Deoxys|0 fnt
|faint|p1a: Deoxys
|upkeep
|
|t:|1760837400
|switch|p1a: Exeggutor|Exeggutor-Alola, F|100/100
|-item|p2a: Meowscarada|Choice Scarf|[from] ability: Frisk|[of] p1a: Exeggutor
|turn|5
|
|t:|1760837406
|move|p2a: Meowscarada|Triple Axel|p1a: Exeggutor
|-start|p2a: Meowscarada|typechange|Ice|[from] ability: Protean
|-supereffective|p1a: Exeggutor
|-damage|p1a: Exeggutor|60/100
|-supereffective|p1a: Exeggutor
|-damage|p1a: Exeggutor|0 fnt
|faint|p1a: Exeggutor
|-hitcount|p1: Exeggutor|2
|
|-weather|Snowscape|[upkeep]
|upkeep
|-message|bottom drawer forfeited.
|
|win|flyingbjs
|raw|bottom drawer's rating: 1439 &rarr; <strong>1416</strong><br />(-23 for losing)
|raw|flyingbjs's rating: 1389 &rarr; <strong>1412</strong><br />(+23 for winning)
|l|☆bottom drawer
|player|p1|
|l|☆flyingbjs
|player|p2|
