|j|☆mtxo
|j|☆horses aren't real
|t:|1760798137
|gametype|singles
|player|p1|mtxo|hoopster|1668
|player|p2|horses aren't real|skullgruntf|1639
|gen|9
|tier|[Gen 9] OU
|rated|
|rule|HP Percentage Mod: HP is shown in percentages
|rule|Endless Battle Clause: Forcing endless battles is banned
|rule|Species Clause: Limit one of each Pokémon
|rule|OHKO Clause: OHKO moves are banned
|rule|Evasion Items Clause: Evasion items are banned
|rule|Evasion Moves Clause: Evasion moves are banned
|rule|Evasion Abilities Clause: Evasion abilities are banned
|rule|Sleep Moves Clause: Sleep-inducing moves are banned
|clearpoke
|poke|p1|Lokix, M|
|poke|p1|Cinderace, M|
|poke|p1|Great Tusk|
|poke|p1|Alomomola, F|
|poke|p1|Enamorus, F|
|poke|p1|Slowking-Galar, M|
|poke|p2|Dragapult, M|
|poke|p2|Alomomola, F|
|poke|p2|Iron Crown|
|poke|p2|Slowking-Galar, M|
|poke|p2|Great Tusk|
|poke|p2|Kingambit, M|
|teampreview
|inactive|Battle timer is ON: inactive players will automatically lose when time's up. (requested by horses aren't real)
|
|t:|1760798161
|teamsize|p1|6
|teamsize|p2|6
|start
|switch|p1a: Slowking|Slowking-Galar, M|100/100
|switch|p2a: Great Tusk|Great Tusk|100/100
|turn|1
|
|t:|1760798165
|move|p2a: Great Tusk|Stealth Rock|p1a: Slowking
|-sidestart|p1: mtxo|move: Stealth Rock
|move|p1a: Slowking|Future Sight|p2a: Great Tusk
|-start|p1a: Slowking|move: Future Sight
|
|upkeep
|turn|2
|
|t:|1760798170
|move|p2a: Great Tusk|Headlong Rush|p1a: Slowking
|-supereffective|p1a: Slowking
|-enditem|p1a: Slowking|Shuca Berry|[eat]
|-enditem|p1a: Slowking|Shuca Berry|[weaken]
|-damage|p1a: Slowking|61/100
|-unboost|p2a: Great Tusk|def|1
|-unboost|p2a: Great Tusk|spd|1
|-prepare|p1a: Slowking|Chilly Reception|[premajor]
|move|p1a: Slowking|Chilly Reception|p1a: Slowking
|-weather|Snowscape
|
|t:|1760798185
|switch|p1a: Great Tusk|Great Tusk|100/100|[from] Chilly Reception
|-damage|p1a: Great Tusk|98/100|[from] Stealth Rock
|
|-weather|Snowscape|[upkeep]
|-heal|p1a: Great Tusk|100/100|[from] item: Leftovers
|upkeep
|turn|3
|
|t:|1760798197
|-end|p2a: Great Tusk|Protosynthesis|[silent]
|switch|p2a: Iron Crown|Iron Crown|100/100
|move|p1a: Great Tusk|Knock Off|p2a: Iron Crown
|-supereffective|p2a: Iron Crown
|-damage|p2a: Iron Crown|44/100
|-enditem|p2a: Iron Crown|Choice Scarf|[from] move: Knock Off|[of] p1a: Great Tusk
|
|-weather|Snowscape|[upkeep]
|-end|p2a: Iron Crown|move: Future Sight
|-resisted|p2a: Iron Crown
|-damage|p2a: Iron Crown|32/100
|upkeep
|turn|4
|
|t:|1760798212
|-end|p1a: Great Tusk|Protosynthesis|[silent]
|switch|p1a: Alomomola|Alomomola, F|100/100
|-damage|p1a: Alomomola|88/100|[from] Stealth Rock
|move|p2a: Iron Crown|Psychic Noise|p1a: Alomomola
|-damage|p1a: Alomomola|67/100
|-start|p1a: Alomomola|move: Heal Block
|
|-weather|Snowscape|[upkeep]
|upkeep
|turn|5
|
|t:|1760798215
|move|p2a: Iron Crown|Volt Switch|p1a: Alomomola
|-supereffective|p1a: Alomomola
|-damage|p1a: Alomomola|44/100
|
|t:|1760798218
|-end|p2a: Iron Crown|Quark Drive|[silent]
|switch|p2a: Great Tusk|Great Tusk|100/100|[from] Volt Switch
|move|p1a: Alomomola|Flip Turn|p2a: Great Tusk
|-supereffective|p2a: Great Tusk
|-damage|p2a: Great Tusk|81/100
|-damage|p1a: Alomomola|27/100|[from] item: Rocky Helmet|[of] p2a: Great Tusk
|
|t:|1760798227
|switch|p1a: Cinderace|Cinderace, M|100/100|[from] Flip Turn
|
|-weather|Snowscape|[upkeep]
|upkeep
|turn|6
|
|t:|1760798236
|-end|p2a: Great Tusk|Protosynthesis|[silent]
|switch|p2a: Alomomola|Alomomola, F|100/100
|move|p1a: Cinderace|Will-O-Wisp|p2a: Alomomola|[miss]
|-miss|p1a: Cinderace|p2a: Alomomola
|
|-weather|none
|upkeep
|turn|7
|
|t:|1760798242
|move|p1a: Cinderace|Court Change|p1a: Cinderace
|-swapsideconditions
|-activate|p1a: Cinderace|move: Court Change
|move|p2a: Alomomola|Flip Turn|p1a: Cinderace
|-supereffective|p1a: Cinderace
|-damage|p1a: Cinderace|59/100
|
|t:|1760798245
|switch|p2a: Dragapult|Dragapult, M|100/100|[from] Flip Turn
|
|upkeep
|turn|8
|
|t:|1760798257
|switch|p1a: Slowking|Slowking-Galar, M|95/100
|move|p2a: Dragapult|Dragon Darts|p1a: Slowking
|-damage|p1a: Slowking|78/100
|-anim|p2a: Dragapult|Dragon Darts|p1a: Slowking
|-damage|p1a: Slowking|62/100
|
|upkeep
|turn|9
|
|t:|1760798268
|move|p2a: Dragapult|Will-O-Wisp|p1a: Slowking
|-status|p1a: Slowking|brn
|move|p1a: Slowking|Ice Beam|p2a: Dragapult
|-supereffective|p2a: Dragapult
|-damage|p2a: Dragapult|29/100
|
|-damage|p1a: Slowking|56/100 brn|[from] brn
|upkeep
|turn|10
|
|t:|1760798279
|switch|p1a: Alomomola|Alomomola, F|61/100
|move|p2a: Dragapult|U-turn|p1a: Alomomola
|-damage|p1a: Alomomola|47/100
|
|t:|1760798281
|switch|p2a: Great Tusk|Great Tusk|81/100|[from] U-turn
|-damage|p2a: Great Tusk|78/100|[from] Stealth Rock
|
|upkeep
|turn|11
|
|t:|1760798286
|move|p2a: Great Tusk|Rapid Spin|p1a: Alomomola
|-crit|p1a: Alomomola
|-damage|p1a: Alomomola|29/100
|-boost|p2a: Great Tusk|spe|1
|-sideend|p2: horses aren't real|Stealth Rock|[from] move: Rapid Spin|[of] p2a: Great Tusk
|move|p1a: Alomomola|Flip Turn|p2a: Great Tusk
|-supereffective|p2a: Great Tusk
|-crit|p2a: Great Tusk
|-damage|p2a: Great Tusk|48/100
|-damage|p1a: Alomomola|12/100|[from] item: Rocky Helmet|[of] p2a: Great Tusk
|
|t:|1760798291
|switch|p1a: Enamorus|Enamorus, F|100/100|[from] Flip Turn
|
|upkeep
|turn|12
|
|t:|1760798297
|-end|p2a: Great Tusk|Protosynthesis|[silent]
|switch|p2a: Slowking|Slowking-Galar, M|100/100
|move|p1a: Enamorus|Earth Power|p2a: Slowking
|-supereffective|p2a: Slowking
|-damage|p2a: Slowking|56/100
|
|upkeep
|turn|13
|inactive|mtxo has 120 seconds left.
|
|t:|1760798334
|switch|p1a: Slowking|Slowking-Galar, M|89/100 brn
|move|p2a: Slowking|Thunder Wave||[still]
|-fail|p2a: Slowking
|
|-damage|p1a: Slowking|83/100 brn|[from] brn
|upkeep
|turn|14
|
|t:|1760798338
|move|p1a: Slowking|Future Sight|p2a: Slowking
|-start|p1a: Slowking|move: Future Sight
|move|p2a: Slowking|Future Sight|p1a: Slowking
|-start|p2a: Slowking|move: Future Sight
|
|-damage|p1a: Slowking|77/100 brn|[from] brn
|upkeep
|turn|15
|
|t:|1760798340
|-prepare|p1a: Slowking|Chilly Reception|[premajor]
|move|p1a: Slowking|Chilly Reception|p1a: Slowking
|-weather|Snowscape
|
|t:|1760798353
|switch|p1a: Lokix|Lokix, M|100/100|[from] Chilly Reception
|-prepare|p2a: Slowking|Chilly Reception|[premajor]
|move|p2a: Slowking|Chilly Reception|p2a: Slowking
|
|t:|1760798362
|switch|p2a: Alomomola|Alomomola, F|100/100|[from] Chilly Reception
|
|-weather|Snowscape|[upkeep]
|upkeep
|turn|16
|
|t:|1760798368
|move|p2a: Alomomola|Protect|p2a: Alomomola
|-singleturn|p2a: Alomomola|Protect
|move|p1a: Lokix|U-turn|p2a: Alomomola
|-activate|p2a: Alomomola|move: Protect
|
|-weather|Snowscape|[upkeep]
|-end|p1a: Lokix|move: Future Sight
|-immune|p1a: Lokix
|-end|p2a: Alomomola|move: Future Sight
|-damage|p2a: Alomomola|51/100
|upkeep
|turn|17
|
|t:|1760798373
|move|p1a: Lokix|U-turn|p2a: Alomomola
|-damage|p2a: Alomomola|23/100
|
|t:|1760798375
|switch|p1a: Alomomola|Alomomola, F|46/100|[from] U-turn
|move|p2a: Alomomola|Flip Turn|p1a: Alomomola
|-resisted|p1a: Alomomola
|-damage|p1a: Alomomola|39/100
|
|t:|1760798377
|switch|p2a: Kingambit|Kingambit, M|100/100|[from] Flip Turn
|
|-weather|Snowscape|[upkeep]
|upkeep
|turn|18
|
|t:|1760798382
|switch|p1a: Great Tusk|Great Tusk|100/100
|move|p2a: Kingambit|Kowtow Cleave|p1a: Great Tusk
|-resisted|p1a: Great Tusk
|-damage|p1a: Great Tusk|88/100
|
|-weather|Snowscape|[upkeep]
|-heal|p1a: Great Tusk|94/100|[from] item: Leftovers
|upkeep
|turn|19
|
|t:|1760798389
|-end|p2a: Kingambit|fallenundefined|[silent]
|switch|p2a: Alomomola|Alomomola, F|56/100
|move|p1a: Great Tusk|Earthquake|p2a: Alomomola
|-damage|p2a: Alomomola|32/100
|
|-weather|none
|-heal|p1a: Great Tusk|100/100|[from] item: Leftovers
|upkeep
|turn|20
|
|t:|1760798395
|-end|p1a: Great Tusk|Protosynthesis|[silent]
|switch|p1a: Slowking|Slowking-Galar, M|100/100 brn
|move|p2a: Alomomola|Wish|p2a: Alomomola
|
|-damage|p1a: Slowking|94/100 brn|[from] brn
|upkeep
|turn|21
|
|t:|1760798399
|move|p2a: Alomomola|Flip Turn|p1a: Slowking
|-damage|p1a: Slowking|82/100 brn
|
|t:|1760798401
|switch|p2a: Great Tusk|Great Tusk|48/100|[from] Flip Turn
|move|p1a: Slowking|Future Sight|p2a: Great Tusk
|-start|p1a: Slowking|move: Future Sight
|
|-heal|p2a: Great Tusk|100/100|[from] move: Wish|[wisher] Alomomola
|-damage|p1a: Slowking|76/100 brn|[from] brn
|upkeep
|turn|22
|
|t:|1760798411
|switch|p1a: Great Tusk|Great Tusk|100/100
|move|p2a: Great Tusk|Stealth Rock|p1a: Great Tusk
|-sidestart|p1: mtxo|move: Stealth Rock
|
|upkeep
|turn|23
|
|t:|1760798418
|-end|p2a: Great Tusk|Protosynthesis|[silent]
|switch|p2a: Kingambit|Kingambit, M|100/100
|move|p1a: Great Tusk|Earthquake|p2a: Kingambit
|-supereffective|p2a: Kingambit
|-damage|p2a: Kingambit|21/100
|
|-end|p2a: Kingambit|move: Future Sight
|-immune|p2a: Kingambit
|-heal|p2a: Kingambit|27/100|[from] item: Leftovers
|upkeep
|turn|24
|
|t:|1760798428
|move|p1a: Great Tusk|Knock Off|p2a: Kingambit
|-resisted|p2a: Kingambit
|-damage|p2a: Kingambit|15/100
|-enditem|p2a: Kingambit|Leftovers|[from] move: Knock Off|[of] p1a: Great Tusk
|move|p2a: Kingambit|Low Kick|p1a: Great Tusk
|-damage|p1a: Great Tusk|77/100
|
|-heal|p1a: Great Tusk|83/100|[from] item: Leftovers
|upkeep
|turn|25
|
|t:|1760798433
|move|p2a: Kingambit|Sucker Punch|p1a: Great Tusk
|-resisted|p1a: Great Tusk
|-damage|p1a: Great Tusk|73/100
|move|p1a: Great Tusk|Earthquake|p2a: Kingambit
|-supereffective|p2a: Kingambit
|-damage|p2a: Kingambit|0 fnt
|faint|p2a: Kingambit
|-end|p2a: Kingambit|fallenundefined|[silent]
|
|-heal|p1a: Great Tusk|80/100|[from] item: Leftovers
|upkeep
|
|t:|1760798435
|switch|p2a: Dragapult|Dragapult, M|29/100
|turn|26
|
|t:|1760798445
|move|p2a: Dragapult|Hex|p1a: Great Tusk
|-damage|p1a: Great Tusk|44/100
|move|p1a: Great Tusk|Knock Off|p2a: Dragapult
|-supereffective|p2a: Dragapult
|-damage|p2a: Dragapult|0 fnt
|-enditem|p2a: Dragapult|Heavy-Duty Boots|[from] move: Knock Off|[of] p1a: Great Tusk
|faint|p2a: Dragapult
|
|-heal|p1a: Great Tusk|50/100|[from] item: Leftovers
|upkeep
|
|t:|1760798447
|switch|p2a: Iron Crown|Iron Crown|32/100
|turn|27
|
|t:|1760798451
|-end|p1a: Great Tusk|Protosynthesis|[silent]
|switch|p1a: Slowking|Slowking-Galar, M|100/100 brn
|-damage|p1a: Slowking|88/100 brn|[from] Stealth Rock
|move|p2a: Iron Crown|Tachyon Cutter|p1a: Slowking
|-damage|p1a: Slowking|67/100 brn
|-damage|p1a: Slowking|46/100 brn
|-hitcount|p1a: Slowking|2
|
|-damage|p1a: Slowking|40/100 brn|[from] brn
|upkeep
|turn|28
|
|t:|1760798461
|switch|p1a: Alomomola|Alomomola, F|72/100
|-damage|p1a: Alomomola|60/100|[from] Stealth Rock
|move|p2a: Iron Crown|Tachyon Cutter|p1a: Alomomola
|-resisted|p1a: Alomomola
|-crit|p1a: Alomomola
|-damage|p1a: Alomomola|49/100
|-resisted|p1a: Alomomola
|-damage|p1a: Alomomola|42/100
|-hitcount|p1a: Alomomola|2
|
|upkeep
|turn|29
|
|t:|1760798471
|move|p2a: Iron Crown|Psychic Noise|p1a: Alomomola
|-damage|p1a: Alomomola|23/100
|-start|p1a: Alomomola|move: Heal Block
|move|p1a: Alomomola|Flip Turn|p2a: Iron Crown
|-damage|p2a: Iron Crown|16/100
|
|t:|1760798485
|switch|p1a: Cinderace|Cinderace, M|59/100|[from] Flip Turn
|
|upkeep
|turn|30
|
|t:|1760798489
|-end|p2a: Iron Crown|Quark Drive|[silent]
|switch|p2a: Alomomola|Alomomola, F|65/100
|move|p1a: Cinderace|Court Change|p1a: Cinderace
|-swapsideconditions
|-activate|p1a: Cinderace|move: Court Change
|
|upkeep
|turn|31
|
|t:|1760798493
|move|p1a: Cinderace|U-turn|p2a: Alomomola
|-damage|p2a: Alomomola|55/100
|
|t:|1760798495
|switch|p1a: Slowking|Slowking-Galar, M|73/100 brn|[from] U-turn
|move|p2a: Alomomola|Wish|p2a: Alomomola
|
|-damage|p1a: Slowking|67/100 brn|[from] brn
|upkeep
|turn|32
|
|t:|1760798498
|move|p2a: Alomomola|Flip Turn|p1a: Slowking
|-damage|p1a: Slowking|55/100 brn
|
|t:|1760798500
|switch|p2a: Iron Crown|Iron Crown|16/100|[from] Flip Turn
|-damage|p2a: Iron Crown|10/100|[from] Stealth Rock
|move|p1a: Slowking|Future Sight|p2a: Iron Crown
|-start|p1a: Slowking|move: Future Sight
|
|-heal|p2a: Iron Crown|93/100|[from] move: Wish|[wisher] Alomomola
|-damage|p1a: Slowking|49/100 brn|[from] brn
|upkeep
|turn|33
|
|t:|1760798505
|move|p2a: Iron Crown|Tachyon Cutter|p1a: Slowking
|-damage|p1a: Slowking|26/100 brn
|-damage|p1a: Slowking|4/100 brn
|-hitcount|p1a: Slowking|2
|-prepare|p1a: Slowking|Chilly Reception|[premajor]
|move|p1a: Slowking|Chilly Reception|p1a: Slowking
|-weather|Snowscape
|
|t:|1760798525
|switch|p1a: Cinderace|Cinderace, M|59/100|[from] Chilly Reception
|
|-weather|Snowscape|[upkeep]
|upkeep
|turn|34
|
|t:|1760798529
|-end|p2a: Iron Crown|Quark Drive|[silent]
|switch|p2a: Slowking|Slowking-Galar, M|90/100
|move|p1a: Cinderace|Pyro Ball|p2a: Slowking
|-damage|p2a: Slowking|41/100
|
|-weather|Snowscape|[upkeep]
|-end|p2a: Slowking|move: Future Sight
|-damage|p2a: Slowking|14/100
|upkeep
|turn|35
|
|t:|1760798533
|switch|p2a: Alomomola|Alomomola, F|88/100
|move|p1a: Cinderace|U-turn|p2a: Alomomola
|-damage|p2a: Alomomola|79/100
|
|t:|1760798535
|switch|p1a: Lokix|Lokix, M|100/100|[from] U-turn
|
|-weather|Snowscape|[upkeep]
|upkeep
|turn|36
|
|t:|1760798538
|move|p1a: Lokix|Knock Off|p2a: Alomomola
|-damage|p2a: Alomomola|44/100
|-enditem|p2a: Alomomola|Heavy-Duty Boots|[from] move: Knock Off|[of] p1a: Lokix
|move|p2a: Alomomola|Flip Turn|p1a: Lokix
|-damage|p1a: Lokix|77/100
|
|t:|1760798541
|switch|p2a: Great Tusk|Great Tusk|100/100|[from] Flip Turn
|-damage|p2a: Great Tusk|98/100|[from] Stealth Rock
|
|-weather|Snowscape|[upkeep]
|upkeep
|turn|37
|
|t:|1760798548
|switch|p1a: Enamorus|Enamorus, F|100/100
|move|p2a: Great Tusk|Rapid Spin|p1a: Enamorus
|-damage|p1a: Enamorus|75/100
|-boost|p2a: Great Tusk|spe|1
|-sideend|p2: horses aren't real|Stealth Rock|[from] move: Rapid Spin|[of] p2a: Great Tusk
|
|-weather|none
|upkeep
|turn|38
|
|t:|1760798553
|-terastallize|p1a: Enamorus|Stellar
|-terastallize|p2a: Great Tusk|Water
|move|p1a: Enamorus|Tera Blast|p2a: Great Tusk|[anim] Tera Blast Stellar
|-supereffective|p2a: Great Tusk
|-damage|p2a: Great Tusk|0 fnt
|-boost|p1a: Enamorus|atk|1
|-boost|p1a: Enamorus|spa|1
|faint|p2a: Great Tusk
|-end|p2a: Great Tusk|Protosynthesis|[silent]
|
|upkeep
|
|t:|1760798570
|switch|p2a: Iron Crown|Iron Crown|93/100
|turn|39
|
|t:|1760798578
|move|p1a: Enamorus|Tera Blast|p2a: Iron Crown|[anim] Tera Blast Stellar
|-damage|p2a: Iron Crown|39/100
|-boost|p1a: Enamorus|atk|1
|-boost|p1a: Enamorus|spa|1
|move|p2a: Iron Crown|Tachyon Cutter|p1a: Enamorus
|-supereffective|p1a: Enamorus
|-damage|p1a: Enamorus|0 fnt
|faint|p1a: Enamorus
|-hitcount|p1: Enamorus|1
|
|upkeep
|
|t:|1760798586
|switch|p1a: Cinderace|Cinderace, M|59/100
|turn|40
|
|t:|1760798588
|-end|p2a: Iron Crown|Quark Drive|[silent]
|switch|p2a: Alomomola|Alomomola, F|77/100
|move|p1a: Cinderace|U-turn|p2a: Alomomola
|-damage|p2a: Alomomola|68/100
|
|t:|1760798596
|switch|p1a: Lokix|Lokix, M|77/100|[from] U-turn
|
|upkeep
|turn|41
|
|t:|1760798599
|move|p1a: Lokix|Leech Life|p2a: Alomomola
|-damage|p2a: Alomomola|35/100
|-heal|p1a: Lokix|100/100|[from] drain|[of] p2a: Alomomola
|move|p2a: Alomomola|Wish|p2a: Alomomola
|
|upkeep
|turn|42
|
|t:|1760798603
|switch|p1a: Slowking|Slowking-Galar, M|38/100 brn
|move|p2a: Alomomola|Scald|p1a: Slowking
|-damage|p1a: Slowking|27/100 brn
|
|-heal|p2a: Alomomola|85/100|[from] move: Wish|[wisher] Alomomola
|-damage|p1a: Slowking|21/100 brn|[from] brn
|upkeep
|turn|43
|
|t:|1760798606
|move|p2a: Alomomola|Wish|p2a: Alomomola
|move|p1a: Slowking|Future Sight|p2a: Alomomola
|-start|p1a: Slowking|move: Future Sight
|
|-damage|p1a: Slowking|14/100 brn|[from] brn
|upkeep
|turn|44
|
|t:|1760798612
|move|p2a: Alomomola|Flip Turn|p1a: Slowking
|-damage|p1a: Slowking|2/100 brn
|
|t:|1760798614
|switch|p2a: Iron Crown|Iron Crown|39/100|[from] Flip Turn
|-prepare|p1a: Slowking|Chilly Reception|[premajor]
|move|p1a: Slowking|Chilly Reception|p1a: Slowking
|-weather|Snowscape
|
|t:|1760798618
|switch|p1a: Lokix|Lokix, M|100/100|[from] Chilly Reception
|
|-weather|Snowscape|[upkeep]
|-heal|p2a: Iron Crown|100/100|[from] move: Wish|[wisher] Alomomola
|upkeep
|turn|45
|
|t:|1760798625
|-end|p2a: Iron Crown|Quark Drive|[silent]
|switch|p2a: Slowking|Slowking-Galar, M|47/100
|move|p1a: Lokix|First Impression|p2a: Slowking
|-damage|p2a: Slowking|0 fnt
|faint|p2a: Slowking
|
|-weather|Snowscape|[upkeep]
|-hint|Future Sight did not hit because the target is fainted.
|upkeep
|
|t:|1760798627
|switch|p2a: Alomomola|Alomomola, F|100/100
|turn|46
|
|t:|1760798632
|switch|p1a: Alomomola|Alomomola, F|56/100
|move|p2a: Alomomola|Flip Turn|p1a: Alomomola
|-resisted|p1a: Alomomola
|-damage|p1a: Alomomola|50/100
|
|t:|1760798634
|switch|p2a: Iron Crown|Iron Crown|100/100|[from] Flip Turn
|
|-weather|Snowscape|[upkeep]
|upkeep
|turn|47
|
|t:|1760798638
|switch|p1a: Great Tusk|Great Tusk|50/100
|move|p2a: Iron Crown|Volt Switch|p1a: Great Tusk
|-immune|p1a: Great Tusk
|
|-weather|Snowscape|[upkeep]
|-heal|p1a: Great Tusk|57/100|[from] item: Leftovers
|upkeep
|turn|48
|
|t:|1760798647
|move|p2a: Iron Crown|Tachyon Cutter|p1a: Great Tusk
|-damage|p1a: Great Tusk|19/100
|-damage|p1a: Great Tusk|0 fnt
|faint|p1a: Great Tusk
|-end|p1a: Great Tusk|Protosynthesis|[silent]
|-hitcount|p1: Great Tusk|2
|
|-weather|none
|upkeep
|
|t:|1760798651
|switch|p1a: Cinderace|Cinderace, M|59/100
|turn|49
|
|t:|1760798654
|-end|p2a: Iron Crown|Quark Drive|[silent]
|switch|p2a: Alomomola|Alomomola, F|100/100
|move|p1a: Cinderace|Pyro Ball|p2a: Alomomola
|-resisted|p2a: Alomomola
|-damage|p2a: Alomomola|87/100
|
|upkeep
|turn|50
|
|t:|1760798657
|move|p1a: Cinderace|Will-O-Wisp|p2a: Alomomola
|-status|p2a: Alomomola|brn
|move|p2a: Alomomola|Scald|p1a: Cinderace
|-supereffective|p1a: Cinderace
|-crit|p1a: Cinderace
|-damage|p1a: Cinderace|13/100
|
|-damage|p2a: Alomomola|81/100 brn|[from] brn
|upkeep
|turn|51
|
|t:|1760798660
|move|p1a: Cinderace|U-turn|p2a: Alomomola
|-damage|p2a: Alomomola|72/100 brn
|
|t:|1760798664
|switch|p1a: Slowking|Slowking-Galar, M|35/100 brn|[from] U-turn
|move|p2a: Alomomola|Flip Turn|p1a: Slowking
|-damage|p1a: Slowking|30/100 brn
|
|t:|1760798666
|switch|p2a: Iron Crown|Iron Crown|100/100|[from] Flip Turn
|
|-damage|p1a: Slowking|24/100 brn|[from] brn
|upkeep
|turn|52
|
|t:|1760798668
|switch|p1a: Alomomola|Alomomola, F|83/100
|move|p2a: Iron Crown|Tachyon Cutter|p1a: Alomomola
|-resisted|p1a: Alomomola
|-damage|p1a: Alomomola|77/100
|-resisted|p1a: Alomomola
|-damage|p1a: Alomomola|70/100
|-hitcount|p1a: Alomomola|2
|
|upkeep
|turn|53
|
|t:|1760798673
|switch|p1a: Slowking|Slowking-Galar, M|57/100 brn
|move|p2a: Iron Crown|Psychic Noise|p1a: Slowking
|-damage|p1a: Slowking|26/100 brn
|-start|p1a: Slowking|move: Heal Block
|
|-damage|p1a: Slowking|20/100 brn|[from] brn
|upkeep
|turn|54
|
|t:|1760798680
|switch|p1a: Cinderace|Cinderace, M|13/100
|move|p2a: Iron Crown|Tachyon Cutter|p1a: Cinderace
|-resisted|p1a: Cinderace
|-damage|p1a: Cinderace|0 fnt
|faint|p1a: Cinderace
|-hitcount|p1: Cinderace|1
|
|upkeep
|
|t:|1760798684
|switch|p1a: Lokix|Lokix, M|100/100
|turn|55
|
|t:|1760798687
|-end|p2a: Iron Crown|Quark Drive|[silent]
|switch|p2a: Alomomola|Alomomola, F|100/100 brn
|move|p1a: Lokix|First Impression|p2a: Alomomola
|-damage|p2a: Alomomola|65/100 brn
|
|-damage|p2a: Alomomola|58/100 brn|[from] brn
|upkeep
|turn|56
|
|t:|1760798691
|switch|p1a: Slowking|Slowking-Galar, M|54/100 brn
|move|p2a: Alomomola|Flip Turn|p1a: Slowking
|-damage|p1a: Slowking|47/100 brn
|
|t:|1760798692
|switch|p2a: Iron Crown|Iron Crown|100/100|[from] Flip Turn
|
|-damage|p1a: Slowking|41/100 brn|[from] brn
|upkeep
|turn|57
|
|t:|1760798695
|switch|p1a: Alomomola|Alomomola, F|100/100
|move|p2a: Iron Crown|Psychic Noise|p1a: Alomomola
|-damage|p1a: Alomomola|82/100
|-start|p1a: Alomomola|move: Heal Block
|
|upkeep
|turn|58
|
|t:|1760798697
|move|p2a: Iron Crown|Volt Switch|p1a: Alomomola
|-supereffective|p1a: Alomomola
|-damage|p1a: Alomomola|57/100
|
|t:|1760798700
|-end|p2a: Iron Crown|Quark Drive|[silent]
|switch|p2a: Alomomola|Alomomola, F|92/100 brn|[from] Volt Switch
|move|p1a: Alomomola|Mirror Coat|p2a: Alomomola
|-damage|p2a: Alomomola|42/100 brn
|
|-damage|p2a: Alomomola|35/100 brn|[from] brn
|-end|p1a: Alomomola|move: Heal Block
|upkeep
|turn|59
|
|t:|1760798702
|move|p2a: Alomomola|Flip Turn|p1a: Alomomola
|-resisted|p1a: Alomomola
|-damage|p1a: Alomomola|53/100
|
|t:|1760798704
|switch|p2a: Iron Crown|Iron Crown|100/100|[from] Flip Turn
|move|p1a: Alomomola|Flip Turn|p2a: Iron Crown
|-damage|p2a: Iron Crown|84/100
|
|t:|1760798707
|switch|p1a: Lokix|Lokix, M|100/100|[from] Flip Turn
|
|upkeep
|turn|60
|
|t:|1760798710
|move|p1a: Lokix|First Impression|p2a: Iron Crown
|-crit|p2a: Iron Crown
|-damage|p2a: Iron Crown|0 fnt
|faint|p2a: Iron Crown
|-end|p2a: Iron Crown|Quark Drive|[silent]
|
|upkeep
|-message|horses aren't real forfeited.
|
|win|mtxo
|raw|mtxo's rating: 1668 &rarr; <strong>1686</strong><br />(+18 for winning)
|raw|horses aren&apos;t real's rating: 1639 &rarr; <strong>1621</strong><br />(-18 for losing)
|l|☆horses aren't real
|player|p2|
|l|☆mtxo
|player|p1|
