|j|☆kkaytee
|j|☆LonelySxNner
|t:|1760722072
|gametype|singles
|player|p1|kkaytee|roxie-masters|1481
|player|p2|LonelySxNner|picnicker|1516
|gen|9
|tier|[Gen 9] OU
|rated|
|rule|HP Percentage Mod: HP is shown in percentages
|rule|Endless Battle Clause: Forcing endless battles is banned
|rule|Species Clause: Limit one of each Pokémon
|rule|OHKO Clause: OHKO moves are banned
|rule|Evasion Items Clause: Evasion items are banned
|rule|Evasion Moves Clause: Evasion moves are banned
|rule|Evasion Abilities Clause: Evasion abilities are banned
|rule|Sleep Moves Clause: Sleep-inducing moves are banned
|clearpoke
|poke|p1|Deoxys-Speed|
|poke|p1|Raging Bolt|
|poke|p1|Great Tusk|
|poke|p1|Ceruledge, M|
|poke|p1|Ogerpon-Wellspring, F|
|poke|p1|Moltres-Galar|
|poke|p2|Meloetta|
|poke|p2|Volcanion|
|poke|p2|Ceruledge, M|
|poke|p2|Grimmsnarl, M|
|poke|p2|Zoroark-Hisui, F|
|poke|p2|Slither Wing|
|teampreview
|inactive|Battle timer is ON: inactive players will automatically lose when time's up. (requested by LonelySxNner)
|
|t:|1760722080
|teamsize|p1|6
|teamsize|p2|6
|start
|switch|p1a: Deoxys|Deoxys-Speed|100/100
|switch|p2a: Grimmsnarl|Grimmsnarl, M|100/100
|-ability|p1a: Deoxys|Pressure
|turn|1
|
|t:|1760722085
|move|p2a: Grimmsnarl|Taunt|p1a: Deoxys
|-start|p1a: Deoxys|move: Taunt
|cant|p1a: Deoxys|move: Taunt|Reflect
|
|upkeep
|turn|2
|
|t:|1760722093
|switch|p1a: Ogerpon|Ogerpon-Wellspring, F|100/100
|move|p2a: Grimmsnarl|Reflect|p2a: Grimmsnarl
|-sidestart|p2: LonelySxNner|Reflect
|
|upkeep
|turn|3
|
|t:|1760722098
|move|p2a: Grimmsnarl|Parting Shot|p1a: Ogerpon
|-unboost|p1a: Ogerpon|atk|1
|-unboost|p1a: Ogerpon|spa|1
|
|t:|1760722101
|switch|p2a: Volcanion|Volcanion|100/100|[from] Parting Shot
|move|p1a: Ogerpon|Swords Dance|p1a: Ogerpon
|-boost|p1a: Ogerpon|atk|2
|
|upkeep
|turn|4
|
|t:|1760722106
|move|p1a: Ogerpon|Knock Off|p2a: Volcanion
|-damage|p2a: Volcanion|82/100
|-enditem|p2a: Volcanion|Leftovers|[from] move: Knock Off|[of] p1a: Ogerpon
|move|p2a: Volcanion|Sludge Wave|p1a: Ogerpon
|-supereffective|p1a: Ogerpon
|-damage|p1a: Ogerpon|27/100
|
|upkeep
|turn|5
|
|t:|1760722116
|switch|p1a: Deoxys|Deoxys-Speed|100/100
|-ability|p1a: Deoxys|Pressure
|move|p2a: Volcanion|Sludge Wave|p1a: Deoxys
|-damage|p1a: Deoxys|52/100
|
|upkeep
|turn|6
|
|t:|1760722120
|move|p1a: Deoxys|Light Screen|p1a: Deoxys
|-sidestart|p1: kkaytee|move: Light Screen
|move|p2a: Volcanion|Steam Eruption|p1a: Deoxys
|-damage|p1a: Deoxys|11/100
|
|upkeep
|turn|7
|
|t:|1760722130
|move|p1a: Deoxys|Reflect|p1a: Deoxys
|-sidestart|p1: kkaytee|Reflect
|move|p2a: Volcanion|Flamethrower|p1a: Deoxys
|-damage|p1a: Deoxys|0 fnt
|faint|p1a: Deoxys
|
|upkeep
|
|t:|1760722137
|switch|p1a: Raging Bolt|Raging Bolt|100/100
|-enditem|p1a: Raging Bolt|Booster Energy
|-activate|p1a: Raging Bolt|ability: Protosynthesis|[fromitem]
|-start|p1a: Raging Bolt|protosynthesisspa
|turn|8
|
|t:|1760722139
|switch|p2a: Grimmsnarl|Grimmsnarl, M|100/100
|move|p1a: Raging Bolt|Calm Mind|p1a: Raging Bolt
|-boost|p1a: Raging Bolt|spa|1
|-boost|p1a: Raging Bolt|spd|1
|
|upkeep
|turn|9
|
|t:|1760722149
|move|p2a: Grimmsnarl|Light Screen|p2a: Grimmsnarl
|-sidestart|p2: LonelySxNner|move: Light Screen
|move|p1a: Raging Bolt|Thunderbolt|p2a: Grimmsnarl
|-damage|p2a: Grimmsnarl|53/100
|
|-sideend|p2: LonelySxNner|Reflect
|upkeep
|turn|10
|
|t:|1760722155
|move|p2a: Grimmsnarl|Parting Shot|p1a: Raging Bolt
|-unboost|p1a: Raging Bolt|atk|1
|-unboost|p1a: Raging Bolt|spa|1
|
|t:|1760722164
|switch|p2a: Slither Wing|Slither Wing|100/100|[from] Parting Shot
|move|p1a: Raging Bolt|Calm Mind|p1a: Raging Bolt
|-boost|p1a: Raging Bolt|spa|1
|-boost|p1a: Raging Bolt|spd|1
|
|upkeep
|turn|11
|
|t:|1760722171
|-terastallize|p2a: Slither Wing|Ground
|move|p2a: Slither Wing|Tera Blast|p1a: Raging Bolt|[anim] Tera Blast Ground
|-supereffective|p1a: Raging Bolt
|-damage|p1a: Raging Bolt|80/100
|move|p1a: Raging Bolt|Thunderbolt|p2a: Slither Wing
|-immune|p2a: Slither Wing
|
|upkeep
|turn|12
|
|t:|1760722177
|move|p2a: Slither Wing|Tera Blast|p1a: Raging Bolt|[anim] Tera Blast Ground
|-supereffective|p1a: Raging Bolt
|-damage|p1a: Raging Bolt|59/100
|move|p1a: Raging Bolt|Dragon Pulse|p2a: Slither Wing
|-damage|p2a: Slither Wing|6/100
|replace|p2a: Zoroark|Zoroark-Hisui, F
|-end|p2a: Zoroark|Illusion
|
|upkeep
|turn|13
|
|t:|1760722182
|move|p2a: Zoroark|Tera Blast|p1a: Raging Bolt|[anim] Tera Blast Ground
|-supereffective|p1a: Raging Bolt
|-damage|p1a: Raging Bolt|37/100
|move|p1a: Raging Bolt|Dragon Pulse|p2a: Zoroark
|-damage|p2a: Zoroark|0 fnt
|faint|p2a: Zoroark
|
|-sideend|p1: kkaytee|move: Light Screen
|upkeep
|
|t:|1760722187
|switch|p2a: Slither Wing|Slither Wing|100/100
|-enditem|p2a: Slither Wing|Booster Energy
|-activate|p2a: Slither Wing|ability: Protosynthesis|[fromitem]
|-start|p2a: Slither Wing|protosynthesisatk
|turn|14
|
|t:|1760722195
|-end|p1a: Raging Bolt|Protosynthesis|[silent]
|switch|p1a: Ogerpon|Ogerpon-Wellspring, F|27/100
|move|p2a: Slither Wing|Leech Life|p1a: Ogerpon
|-supereffective|p1a: Ogerpon
|-damage|p1a: Ogerpon|0 fnt
|faint|p1a: Ogerpon
|
|-sideend|p1: kkaytee|Reflect
|upkeep
|
|t:|1760722197
|switch|p1a: Moltres|Moltres-Galar|100/100
|turn|15
|
|t:|1760722211
|move|p1a: Moltres|Agility|p1a: Moltres
|-boost|p1a: Moltres|spe|2
|move|p2a: Slither Wing|Flame Charge|p1a: Moltres
|-damage|p1a: Moltres|71/100
|-boost|p2a: Slither Wing|spe|1
|
|upkeep
|turn|16
|
|t:|1760722219
|move|p1a: Moltres|Agility|p1a: Moltres
|-boost|p1a: Moltres|spe|2
|move|p2a: Slither Wing|Acrobatics|p1a: Moltres
|-damage|p1a: Moltres|10/100
|-ability|p1a: Moltres|Berserk|boost
|-boost|p1a: Moltres|spa|1
|-enditem|p1a: Moltres|Sitrus Berry|[eat]
|-heal|p1a: Moltres|34/100|[from] item: Sitrus Berry
|
|-sideend|p2: LonelySxNner|move: Light Screen
|upkeep
|turn|17
|
|t:|1760722224
|move|p1a: Moltres|Hurricane|p2a: Slither Wing
|-supereffective|p2a: Slither Wing
|-damage|p2a: Slither Wing|0 fnt
|faint|p2a: Slither Wing
|-end|p2a: Slither Wing|Protosynthesis|[silent]
|
|upkeep
|
|t:|1760722227
|switch|p2a: Grimmsnarl|Grimmsnarl, M|53/100
|turn|18
|
|t:|1760722231
|move|p2a: Grimmsnarl|Light Screen|p2a: Grimmsnarl
|-sidestart|p2: LonelySxNner|move: Light Screen
|move|p1a: Moltres|Hurricane|p2a: Grimmsnarl
|-damage|p2a: Grimmsnarl|18/100
|
|upkeep
|turn|19
|
|t:|1760722237
|move|p2a: Grimmsnarl|Reflect|p2a: Grimmsnarl
|-sidestart|p2: LonelySxNner|Reflect
|move|p1a: Moltres|Nasty Plot|p1a: Moltres
|-boost|p1a: Moltres|spa|2
|
|upkeep
|turn|20
|
|t:|1760722249
|switch|p2a: Best girl|Meloetta, shiny|100/100
|move|p1a: Moltres|Nasty Plot|p1a: Moltres
|-boost|p1a: Moltres|spa|2
|
|upkeep
|turn|21
|
|t:|1760722257
|move|p1a: Moltres|Fiery Wrath|p2a: Best girl
|-supereffective|p2a: Best girl
|-damage|p2a: Best girl|0 fnt
|faint|p2a: Best girl
|
|upkeep
|
|t:|1760722260
|switch|p2a: Volcanion|Volcanion|82/100
|turn|22
|
|t:|1760722263
|move|p1a: Moltres|Fiery Wrath|p2a: Volcanion
|-damage|p2a: Volcanion|7/100
|move|p2a: Volcanion|Steam Eruption|p1a: Moltres
|-damage|p1a: Moltres|0 fnt
|faint|p1a: Moltres
|
|upkeep
|
|t:|1760722269
|switch|p1a: Raging Bolt|Raging Bolt|37/100
|turn|23
|
|t:|1760722273
|move|p1a: Raging Bolt|Thunderclap|p2a: Volcanion
|-supereffective|p2a: Volcanion
|-damage|p2a: Volcanion|0 fnt
|faint|p2a: Volcanion
|
|upkeep
|
|t:|1760722276
|switch|p2a: Ceruledge|Ceruledge, M|100/100
|turn|24
|
|t:|1760722282
|-end|p1a: Raging Bolt|Protosynthesis|[silent]
|switch|p1a: Great Tusk|Great Tusk|100/100
|move|p2a: Ceruledge|Swords Dance|p2a: Ceruledge
|-boost|p2a: Ceruledge|atk|2
|
|upkeep
|turn|25
|
|t:|1760722297
|-terastallize|p1a: Great Tusk|Water
|move|p1a: Great Tusk|Knock Off|p2a: Ceruledge
|-supereffective|p2a: Ceruledge
|-damage|p2a: Ceruledge|59/100
|-ability|p2a: Ceruledge|Weak Armor|boost
|-unboost|p2a: Ceruledge|def|1
|-boost|p2a: Ceruledge|spe|2
|-enditem|p2a: Ceruledge|Weakness Policy
|-boost|p2a: Ceruledge|atk|2|[from] item: Weakness Policy
|-boost|p2a: Ceruledge|spa|2|[from] item: Weakness Policy
|move|p2a: Ceruledge|Iron Defense|p2a: Ceruledge
|-boost|p2a: Ceruledge|def|2
|
|-sideend|p2: LonelySxNner|move: Light Screen
|upkeep
|turn|26
|
|t:|1760722305
|move|p2a: Ceruledge|Bitter Blade|p1a: Great Tusk
|-resisted|p1a: Great Tusk
|-damage|p1a: Great Tusk|52/100
|-heal|p2a: Ceruledge|95/100|[from] drain|[of] p1a: Great Tusk
|move|p1a: Great Tusk|Headlong Rush|p2a: Ceruledge
|-supereffective|p2a: Ceruledge
|-damage|p2a: Ceruledge|49/100
|-unboost|p1a: Great Tusk|def|1
|-unboost|p1a: Great Tusk|spd|1
|-ability|p2a: Ceruledge|Weak Armor|boost
|-unboost|p2a: Ceruledge|def|1
|-boost|p2a: Ceruledge|spe|2
|
|-sideend|p2: LonelySxNner|Reflect
|upkeep
|turn|27
|
|t:|1760722311
|move|p2a: Ceruledge|Bitter Blade|p1a: Great Tusk
|-resisted|p1a: Great Tusk
|-damage|p1a: Great Tusk|0 fnt
|-heal|p2a: Ceruledge|87/100|[from] drain|[of] p1a: Great Tusk
|faint|p1a: Great Tusk
|-end|p1a: Great Tusk|Protosynthesis|[silent]
|
|upkeep
|
|t:|1760722315
|switch|p1a: Ceruledge|Ceruledge, M|100/100
|turn|28
|
|t:|1760722324
|move|p1a: Ceruledge|Shadow Sneak|p2a: Ceruledge
|-supereffective|p2a: Ceruledge
|-damage|p2a: Ceruledge|12/100
|-ability|p2a: Ceruledge|Weak Armor|boost
|-unboost|p2a: Ceruledge|def|1
|-boost|p2a: Ceruledge|spe|2
|-damage|p1a: Ceruledge|91/100|[from] item: Life Orb
|move|p2a: Ceruledge|Bitter Blade|p1a: Ceruledge
|-resisted|p1a: Ceruledge
|-damage|p1a: Ceruledge|0 fnt
|-heal|p2a: Ceruledge|57/100|[from] drain|[of] p1a: Ceruledge
|faint|p1a: Ceruledge
|
|upkeep
|
|t:|1760722326
|switch|p1a: Raging Bolt|Raging Bolt|37/100
|turn|29
|
|t:|1760722335
|move|p1a: Raging Bolt|Thunderclap||[still]
|-fail|p1a: Raging Bolt
|move|p2a: Ceruledge|Iron Defense|p2a: Ceruledge
|-boost|p2a: Ceruledge|def|2
|
|upkeep
|turn|30
|-message|kkaytee forfeited.
|
|win|LonelySxNner
|raw|kkaytee's rating: 1481 &rarr; <strong>1463</strong><br />(-18 for losing)
|raw|LonelySxNner's rating: 1516 &rarr; <strong>1534</strong><br />(+18 for winning)
|l|☆kkaytee
|player|p1|
|l|☆LonelySxNner
|player|p2|
