|j|☆boletus totatus
|j|☆Crystalbrightness
|t:|1760870932
|gametype|singles
|player|p1|boletus totatus|ethan|1473
|player|p2|Crystalbrightness|waitress-gen4|1497
|gen|9
|tier|[Gen 9] OU
|rated|
|rule|HP Percentage Mod: HP is shown in percentages
|rule|Endless Battle Clause: Forcing endless battles is banned
|rule|Species Clause: Limit one of each Pokémon
|rule|OHKO Clause: OHKO moves are banned
|rule|Evasion Items Clause: Evasion items are banned
|rule|Evasion Moves Clause: Evasion moves are banned
|rule|Evasion Abilities Clause: Evasion abilities are banned
|rule|Sleep Moves Clause: Sleep-inducing moves are banned
|clearpoke
|poke|p1|Scizor, M|
|poke|p1|Regidrago|
|poke|p1|Alomomola, F|
|poke|p1|Ribombee, F|
|poke|p1|Indeedee, M|
|poke|p1|Cinderace, F|
|poke|p2|Landorus-Therian, M|
|poke|p2|Cinderace, M|
|poke|p2|Lokix, M|
|poke|p2|Alomomola, F|
|poke|p2|Keldeo-Resolute|
|poke|p2|Ogerpon, F|
|teampreview
|inactive|Battle timer is ON: inactive players will automatically lose when time's up. (requested by Crystalbrightness)
|
|t:|1760870942
|teamsize|p1|6
|teamsize|p2|6
|start
|switch|p1a: Cinderace|Cinderace, F|100/100
|switch|p2a: Ogerpon|Ogerpon, F|100/100
|turn|1
|
|t:|1760870950
|switch|p2a: Alomomola|Alomomola, F|100/100
|move|p1a: Cinderace|U-turn|p2a: Alomomola
|-start|p1a: Cinderace|typechange|Bug|[from] ability: Libero
|-damage|p2a: Alomomola|79/100
|
|t:|1760870956
|switch|p1a: Regidrago|Regidrago|100/100|[from] U-turn
|
|upkeep
|turn|2
|
|t:|1760870959
|move|p1a: Regidrago|Dragon Energy|p2a: Alomomola
|-damage|p2a: Alomomola|0 fnt
|faint|p2a: Alomomola
|
|upkeep
|
|t:|1760870969
|switch|p2a: Keldeo|Keldeo-Resolute|100/100
|turn|3
|
|t:|1760870980
|switch|p1a: Alomomola|Alomomola, F|100/100
|move|p2a: Keldeo|Secret Sword|p1a: Alomomola
|-damage|p1a: Alomomola|51/100
|
|upkeep
|turn|4
|
|t:|1760870985
|move|p2a: Keldeo|Secret Sword|p1a: Alomomola
|-damage|p1a: Alomomola|4/100
|move|p1a: Alomomola|Flip Turn|p2a: Keldeo
|-resisted|p2a: Keldeo
|-damage|p2a: Keldeo|91/100
|
|t:|1760870994
|switch|p1a: Ribombee|Ribombee, F|100/100|[from] Flip Turn
|
|upkeep
|turn|5
|
|t:|1760871001
|switch|p2a: Cinderace|Cinderace, M|100/100
|move|p1a: Ribombee|Moonblast|p2a: Cinderace
|-resisted|p2a: Cinderace
|-damage|p2a: Cinderace|71/100
|
|upkeep
|turn|6
|
|t:|1760871017
|move|p1a: Ribombee|Stun Spore|p2a: Cinderace
|-status|p2a: Cinderace|par
|move|p2a: Cinderace|Pyro Ball|p1a: Ribombee
|-supereffective|p1a: Ribombee
|-enditem|p1a: Ribombee|Focus Sash
|-damage|p1a: Ribombee|1/100
|
|upkeep
|turn|7
|
|t:|1760871028
|switch|p1a: Cinderace|Cinderace, F|100/100
|move|p2a: Cinderace|Court Change||[still]
|-start|p2a: Cinderace|typechange|Normal|[from] ability: Libero
|-fail|p2a: Cinderace
|
|upkeep
|turn|8
|
|t:|1760871036
|switch|p2a: Landorus|Landorus-Therian, M|100/100
|-ability|p2a: Landorus|Intimidate|boost
|-unboost|p1a: Cinderace|atk|1
|move|p1a: Cinderace|Pyro Ball|p2a: Landorus
|-damage|p2a: Landorus|65/100
|-status|p2a: Landorus|brn
|
|-heal|p2a: Landorus|71/100 brn|[from] item: Leftovers
|-damage|p2a: Landorus|65/100 brn|[from] brn
|upkeep
|turn|9
|
|t:|1760871040
|move|p1a: Cinderace|U-turn|p2a: Landorus
|-start|p1a: Cinderace|typechange|Bug|[from] ability: Libero
|-resisted|p2a: Landorus
|-damage|p2a: Landorus|54/100 brn
|
|t:|1760871043
|switch|p1a: Alomomola|Alomomola, F|37/100|[from] U-turn
|move|p2a: Landorus|Stealth Rock|p1a: Alomomola
|-sidestart|p1: boletus totatus|move: Stealth Rock
|
|-heal|p2a: Landorus|60/100 brn|[from] item: Leftovers
|-damage|p2a: Landorus|54/100 brn|[from] brn
|upkeep
|turn|10
|
|t:|1760871061
|move|p2a: Landorus|U-turn|p1a: Alomomola
|-damage|p1a: Alomomola|29/100
|
|t:|1760871066
|switch|p2a: Ogerpon|Ogerpon, F|100/100|[from] U-turn
|move|p1a: Alomomola|Flip Turn|p2a: Ogerpon
|-resisted|p2a: Ogerpon
|-damage|p2a: Ogerpon|91/100
|
|t:|1760871074
|switch|p1a: Cinderace|Cinderace, F|100/100|[from] Flip Turn
|
|upkeep
|turn|11
|
|t:|1760871080
|switch|p2a: Landorus|Landorus-Therian, M|54/100 brn
|-ability|p2a: Landorus|Intimidate|boost
|-unboost|p1a: Cinderace|atk|1
|move|p1a: Cinderace|Pyro Ball|p2a: Landorus
|-damage|p2a: Landorus|16/100 brn
|
|-heal|p2a: Landorus|22/100 brn|[from] item: Leftovers
|-damage|p2a: Landorus|16/100 brn|[from] brn
|upkeep
|turn|12
|
|t:|1760871085
|move|p1a: Cinderace|Pyro Ball|p2a: Landorus
|-damage|p2a: Landorus|0 fnt
|faint|p2a: Landorus
|
|upkeep
|
|t:|1760871098
|switch|p2a: Cinderace|Cinderace, M|71/100 par
|turn|13
|
|t:|1760871103
|move|p1a: Cinderace|Court Change|p1a: Cinderace
|-start|p1a: Cinderace|typechange|Normal|[from] ability: Libero
|-swapsideconditions
|-activate|p1a: Cinderace|move: Court Change
|move|p2a: Cinderace|Pyro Ball|p1a: Cinderace
|-damage|p1a: Cinderace|15/100
|
|upkeep
|turn|14
|
|t:|1760871110
|move|p1a: Cinderace|U-turn|p2a: Cinderace
|-resisted|p2a: Cinderace
|-damage|p2a: Cinderace|59/100 par
|
|t:|1760871117
|switch|p1a: Alomomola|Alomomola, F|62/100|[from] U-turn
|move|p2a: Cinderace|Court Change|p2a: Cinderace
|-start|p2a: Cinderace|typechange|Normal|[from] ability: Libero
|-swapsideconditions
|-activate|p2a: Cinderace|move: Court Change
|
|upkeep
|turn|15
|
|t:|1760871124
|move|p2a: Cinderace|Will-O-Wisp|p1a: Alomomola
|-status|p1a: Alomomola|brn
|move|p1a: Alomomola|Flip Turn|p2a: Cinderace
|-damage|p2a: Cinderace|48/100 par
|
|t:|1760871130
|switch|p1a: Regidrago|Regidrago|100/100|[from] Flip Turn
|-damage|p1a: Regidrago|88/100|[from] Stealth Rock
|
|upkeep
|turn|16
|
|t:|1760871135
|move|p1a: Regidrago|Dragon Energy|p2a: Cinderace
|-damage|p2a: Cinderace|0 fnt
|faint|p2a: Cinderace
|
|upkeep
|
|t:|1760871137
|switch|p2a: Lokix|Lokix, M|100/100
|turn|17
|
|t:|1760871156
|switch|p1a: Scizor|Scizor, M|100/100
|-damage|p1a: Scizor|88/100|[from] Stealth Rock
|move|p2a: Lokix|First Impression|p1a: Scizor
|-resisted|p1a: Scizor
|-damage|p1a: Scizor|15/100
|-damage|p2a: Lokix|91/100|[from] item: Life Orb
|
|upkeep
|turn|18
|
|t:|1760871172
|move|p2a: Lokix|Sucker Punch|p1a: Scizor
|-damage|p1a: Scizor|0 fnt
|faint|p1a: Scizor
|-damage|p2a: Lokix|81/100|[from] item: Life Orb
|
|upkeep
|
|t:|1760871179
|switch|p1a: Alomomola|Alomomola, F|96/100 brn
|turn|19
|
|t:|1760871182
|move|p2a: Lokix|Knock Off|p1a: Alomomola
|-damage|p1a: Alomomola|52/100 brn
|-enditem|p1a: Alomomola|Heavy-Duty Boots|[from] move: Knock Off|[of] p2a: Lokix
|-damage|p2a: Lokix|71/100|[from] item: Life Orb
|move|p1a: Alomomola|Wish|p1a: Alomomola
|
|-damage|p1a: Alomomola|46/100 brn|[from] brn
|upkeep
|turn|20
|
|t:|1760871198
|move|p2a: Lokix|U-turn|p1a: Alomomola
|-damage|p1a: Alomomola|10/100 brn
|-damage|p2a: Lokix|61/100|[from] item: Life Orb
|
|t:|1760871200
|switch|p2a: Keldeo|Keldeo-Resolute|91/100|[from] U-turn
|move|p1a: Alomomola|Flip Turn|p2a: Keldeo
|-resisted|p2a: Keldeo
|-damage|p2a: Keldeo|86/100
|inactive|boletus totatus has 120 seconds left.
|
|t:|1760871239
|switch|p1a: Regidrago|Regidrago|88/100|[from] Flip Turn
|-damage|p1a: Regidrago|76/100|[from] Stealth Rock
|
|-heal|p1a: Regidrago|100/100|[from] move: Wish|[wisher] Alomomola
|upkeep
|turn|21
|
|t:|1760871258
|move|p2a: Keldeo|Secret Sword|p1a: Regidrago
|-damage|p1a: Regidrago|34/100
|move|p1a: Regidrago|Draco Meteor|p2a: Keldeo
|-damage|p2a: Keldeo|0 fnt
|-unboost|p1a: Regidrago|spa|2
|faint|p2a: Keldeo
|
|upkeep
|
|t:|1760871265
|switch|p2a: Ogerpon|Ogerpon, F|91/100
|turn|22
|inactive|boletus totatus has 120 seconds left.
|
|t:|1760871309
|switch|p1a: Indeedee|Indeedee, M|100/100
|-damage|p1a: Indeedee|88/100|[from] Stealth Rock
|-fieldstart|move: Psychic Terrain|[from] ability: Psychic Surge|[of] p1a: Indeedee
|-terastallize|p2a: Ogerpon|Grass
|detailschange|p2a: Ogerpon|Ogerpon-Teal-Tera, F, tera:Grass
|-ability|p2a: Ogerpon|Embody Aspect (Teal)|boost
|-boost|p2a: Ogerpon|spe|1
|move|p2a: Ogerpon|Ivy Cudgel|p1a: Indeedee
|-crit|p1a: Indeedee
|-damage|p1a: Indeedee|0 fnt
|faint|p1a: Indeedee
|
|upkeep
|
|t:|1760871315
|switch|p1a: Alomomola|Alomomola, F|43/100 brn
|-damage|p1a: Alomomola|31/100 brn|[from] Stealth Rock
|turn|23
|
|t:|1760871334
|move|p2a: Ogerpon|Ivy Cudgel|p1a: Alomomola
|-supereffective|p1a: Alomomola
|-damage|p1a: Alomomola|0 fnt
|faint|p1a: Alomomola
|
|upkeep
|
|t:|1760871336
|switch|p1a: Cinderace|Cinderace, F|15/100
|turn|24
|
|t:|1760871338
|move|p2a: Ogerpon|Ivy Cudgel|p1a: Cinderace
|-resisted|p1a: Cinderace
|-damage|p1a: Cinderace|0 fnt
|faint|p1a: Cinderace
|
|upkeep
|-message|boletus totatus forfeited.
|
|win|Crystalbrightness
|raw|boletus totatus's rating: 1473 &rarr; <strong>1454</strong><br />(-19 for losing)
|raw|Crystalbrightness's rating: 1497 &rarr; <strong>1516</strong><br />(+19 for winning)
|l|☆boletus totatus
|player|p1|
|l|☆Crystalbrightness
|player|p2|
