|j|☆laoshi Di
|j|☆RomanticM
|t:|1760767926
|gametype|singles
|player|p1|laoshi Di|acetrainer-gen4|1040
|player|p2|RomanticM|169|1070
|gen|9
|tier|[Gen 9] OU
|rated|
|rule|HP Percentage Mod: HP is shown in percentages
|rule|Endless Battle Clause: Forcing endless battles is banned
|rule|Species Clause: Limit one of each Pokémon
|rule|OHKO Clause: OHKO moves are banned
|rule|Evasion Items Clause: Evasion items are banned
|rule|Evasion Moves Clause: Evasion moves are banned
|rule|Evasion Abilities Clause: Evasion abilities are banned
|rule|Sleep Moves Clause: Sleep-inducing moves are banned
|clearpoke
|poke|p1|Cinderace, M|
|poke|p1|Rillaboom, F|
|poke|p1|Clefable, F|
|poke|p1|Polteageist|
|poke|p1|Garchomp, M|
|poke|p1|Kingambit, F|
|poke|p2|Dusknoir, F|
|poke|p2|Gardevoir, F|
|poke|p2|Empoleon, F|
|poke|p2|Garchomp, M|
|poke|p2|Charizard, M|
|poke|p2|Abomasnow, F|
|teampreview
|inactive|Battle timer is ON: inactive players will automatically lose when time's up. (requested by laoshi Di)
|
|t:|1760767933
|teamsize|p1|6
|teamsize|p2|6
|start
|switch|p1a: Cinderace|Cinderace, M|100/100
|switch|p2a: Dusknoir|Dusknoir, F|100/100
|-ability|p2a: Dusknoir|Pressure
|turn|1
|
|t:|1760767945
|move|p1a: Cinderace|Pyro Ball|p2a: Dusknoir
|-damage|p2a: Dusknoir|51/100
|move|p2a: Dusknoir|Earthquake|p1a: Cinderace
|-supereffective|p1a: Cinderace
|-damage|p1a: Cinderace|3/100
|
|-heal|p2a: Dusknoir|57/100|[from] item: Leftovers
|upkeep
|turn|2
|
|t:|1760767964
|switch|p1a: Rillaboom|Rillaboom, F|100/100
|move|p2a: Dusknoir|Earthquake|p1a: Rillaboom
|-resisted|p1a: Rillaboom
|-damage|p1a: Rillaboom|84/100
|-enditem|p1a: Rillaboom|Red Card|[of] p2a: Dusknoir
|drag|p2a: Garchomp|Garchomp, M|100/100
|
|upkeep
|turn|3
|
|t:|1760767975
|switch|p2a: Charizard|Charizard, M|100/100
|move|p1a: Rillaboom|Drum Beating|p2a: Charizard
|-resisted|p2a: Charizard
|-damage|p2a: Charizard|91/100
|-unboost|p2a: Charizard|spe|1
|
|-heal|p2a: Charizard|97/100|[from] item: Leftovers
|upkeep
|turn|4
|
|t:|1760767986
|move|p1a: Rillaboom|Knock Off|p2a: Charizard
|-damage|p2a: Charizard|61/100
|-enditem|p2a: Charizard|Leftovers|[from] move: Knock Off|[of] p1a: Rillaboom
|move|p2a: Charizard|Flamethrower|p1a: Rillaboom
|-supereffective|p1a: Rillaboom
|-damage|p1a: Rillaboom|0 fnt
|faint|p1a: Rillaboom
|
|upkeep
|inactive|laoshi Di has 120 seconds left.
|
|t:|1760768012
|switch|p1a: Garchomp|Garchomp, M|100/100
|turn|5
|
|t:|1760768019
|switch|p2a: Gardevoir|Gardevoir, F|100/100
|move|p1a: Garchomp|Swords Dance|p1a: Garchomp
|-boost|p1a: Garchomp|atk|2
|
|upkeep
|turn|6
|
|t:|1760768027
|move|p1a: Garchomp|Earthquake|p2a: Gardevoir
|-damage|p2a: Gardevoir|0 fnt
|faint|p2a: Gardevoir
|
|upkeep
|
|t:|1760768041
|switch|p2a: Abomasnow|Abomasnow, F|100/100
|-weather|Snowscape|[from] ability: Snow Warning|[of] p2a: Abomasnow
|turn|7
|
|t:|1760768055
|switch|p1a: Polteageist|Polteageist|100/100
|move|p2a: Abomasnow|Blizzard|p1a: Polteageist
|-damage|p1a: Polteageist|63/100
|
|-weather|Snowscape|[upkeep]
|upkeep
|turn|8
|
|t:|1760768075
|switch|p2a: Empoleon|Empoleon, F|100/100
|move|p1a: Polteageist|Shell Smash|p1a: Polteageist
|-unboost|p1a: Polteageist|def|1
|-unboost|p1a: Polteageist|spd|1
|-boost|p1a: Polteageist|atk|2
|-boost|p1a: Polteageist|spa|2
|-boost|p1a: Polteageist|spe|2
|-enditem|p1a: Polteageist|White Herb
|-clearnegativeboost|p1a: Polteageist|[silent]
|
|-weather|Snowscape|[upkeep]
|upkeep
|turn|9
|
|t:|1760768089
|move|p1a: Polteageist|Giga Drain|p2a: Empoleon
|-damage|p2a: Empoleon|52/100
|-heal|p1a: Polteageist|86/100|[from] drain|[of] p2a: Empoleon
|move|p2a: Empoleon|Surf|p1a: Polteageist
|-damage|p1a: Polteageist|44/100
|
|-weather|Snowscape|[upkeep]
|-heal|p2a: Empoleon|58/100|[from] item: Leftovers
|upkeep
|turn|10
|
|t:|1760768100
|switch|p2a: Abomasnow|Abomasnow, F|100/100
|move|p1a: Polteageist|Shadow Ball|p2a: Abomasnow
|-damage|p2a: Abomasnow|15/100
|-enditem|p2a: Abomasnow|Sitrus Berry|[eat]
|-heal|p2a: Abomasnow|40/100|[from] item: Sitrus Berry
|
|-weather|Snowscape|[upkeep]
|upkeep
|turn|11
|
|t:|1760768109
|move|p1a: Polteageist|Shadow Ball|p2a: Abomasnow
|-damage|p2a: Abomasnow|0 fnt
|faint|p2a: Abomasnow
|
|-weather|none
|upkeep
|
|t:|1760768118
|switch|p2a: Charizard|Charizard, M|61/100
|turn|12
|
|t:|1760768121
|move|p1a: Polteageist|Stored Power|p2a: Charizard
|-damage|p2a: Charizard|0 fnt
|faint|p2a: Charizard
|
|upkeep
|
|t:|1760768126
|switch|p2a: Garchomp|Garchomp, M|100/100
|turn|13
|
|t:|1760768132
|move|p1a: Polteageist|Stored Power|p2a: Garchomp
|-damage|p2a: Garchomp|27/100
|move|p2a: Garchomp|Earthquake|p1a: Polteageist
|-crit|p1a: Polteageist
|-damage|p1a: Polteageist|0 fnt
|faint|p1a: Polteageist
|
|upkeep
|
|t:|1760768145
|switch|p1a: Clefable|Clefable, F|100/100
|turn|14
|
|t:|1760768153
|switch|p2a: Empoleon|Empoleon, F|58/100
|move|p1a: Clefable|Moonblast|p2a: Empoleon
|-resisted|p2a: Empoleon
|-damage|p2a: Empoleon|33/100
|
|-heal|p2a: Empoleon|39/100|[from] item: Leftovers
|upkeep
|turn|15
|
|t:|1760768175
|switch|p1a: Garchomp|Garchomp, M|100/100
|move|p2a: Empoleon|Surf|p1a: Garchomp
|-damage|p1a: Garchomp|52/100
|
|-heal|p2a: Empoleon|45/100|[from] item: Leftovers
|upkeep
|turn|16
|
|t:|1760768188
|-terastallize|p2a: Empoleon|Water
|move|p1a: Garchomp|Earthquake|p2a: Empoleon
|-damage|p2a: Empoleon|0 fnt
|faint|p2a: Empoleon
|
|upkeep
|
|t:|1760768195
|switch|p2a: Garchomp|Garchomp, M|27/100
|turn|17
|
|t:|1760768198
|move|p1a: Garchomp|Dragon Claw|p2a: Garchomp
|-supereffective|p2a: Garchomp
|-damage|p2a: Garchomp|0 fnt
|-damage|p1a: Garchomp|40/100|[from] ability: Rough Skin|[of] p2a: Garchomp
|faint|p2a: Garchomp
|
|upkeep
|
|t:|1760768204
|switch|p2a: Dusknoir|Dusknoir, F|57/100
|-ability|p2a: Dusknoir|Pressure
|turn|18
|
|t:|1760768211
|move|p1a: Garchomp|Earthquake|p2a: Dusknoir
|-damage|p2a: Dusknoir|10/100
|move|p2a: Dusknoir|Ice Punch|p1a: Garchomp
|-supereffective|p1a: Garchomp
|-damage|p1a: Garchomp|0 fnt
|-damage|p2a: Dusknoir|0 fnt|[from] ability: Rough Skin|[of] p1a: Garchomp
|faint|p1a: Garchomp
|faint|p2a: Dusknoir
|
|win|laoshi Di
|raw|laoshi Di's rating: 1040 &rarr; <strong>1077</strong><br />(+37 for winning)
|raw|RomanticM's rating: 1070 &rarr; <strong>1048</strong><br />(-22 for losing)
|l|☆RomanticM
|player|p2|
