|j|☆levi6969
|j|☆ELMATADORXD79
|t:|1760827418
|gametype|singles
|player|p1|levi6969|266|1431
|player|p2|ELMATADORXD79|102|1444
|gen|9
|tier|[Gen 9] OU
|rated|
|rule|HP Percentage Mod: HP is shown in percentages
|rule|Endless Battle Clause: Forcing endless battles is banned
|rule|Species Clause: Limit one of each Pokémon
|rule|OHKO Clause: OHKO moves are banned
|rule|Evasion Items Clause: Evasion items are banned
|rule|Evasion Moves Clause: Evasion moves are banned
|rule|Evasion Abilities Clause: Evasion abilities are banned
|rule|Sleep Moves Clause: Sleep-inducing moves are banned
|clearpoke
|poke|p1|Zamazenta-*|
|poke|p1|Iron Leaves|
|poke|p1|Ursaluna, M|
|poke|p1|Toxapex, F|
|poke|p1|Corviknight, M|
|poke|p1|Clefable, F|
|poke|p2|Samurott-Hisui, F|
|poke|p2|Tornadus-Therian, M|
|poke|p2|Pecharunt|
|poke|p2|Great Tusk|
|poke|p2|Clefable, F|
|poke|p2|Zamazenta-*|
|teampreview
|inactive|Battle timer is ON: inactive players will automatically lose when time's up. (requested by ELMATADORXD79)
|
|t:|1760827443
|teamsize|p1|6
|teamsize|p2|6
|start
|switch|p1a: Zamazenta|Zamazenta|100/100
|switch|p2a: Tornadus|Tornadus-Therian, M|100/100
|-ability|p1a: Zamazenta|Dauntless Shield|boost
|-boost|p1a: Zamazenta|def|1
|turn|1
|
|t:|1760827461
|switch|p1a: Toxapex|Toxapex, F|100/100
|move|p2a: Tornadus|Bleakwind Storm|p1a: Toxapex
|-damage|p1a: Toxapex|67/100
|-unboost|p1a: Toxapex|spe|1
|-damage|p2a: Tornadus|91/100|[from] item: Life Orb
|
|upkeep
|turn|2
|
|t:|1760827472
|move|p2a: Tornadus|U-turn|p1a: Toxapex
|-resisted|p1a: Toxapex
|-damage|p1a: Toxapex|59/100
|-damage|p2a: Tornadus|81/100|[from] item: Life Orb
|
|t:|1760827474
|switch|p2a: Samurott|Samurott-Hisui, F|100/100|[from] U-turn
|move|p1a: Toxapex|Surf|p2a: Samurott
|-resisted|p2a: Samurott
|-damage|p2a: Samurott|89/100
|
|upkeep
|turn|3
|
|t:|1760827480
|switch|p1a: Corviknight|Corviknight, M, shiny|100/100
|-ability|p1a: Corviknight|Pressure
|move|p2a: Samurott|Ceaseless Edge|p1a: Corviknight
|-damage|p1a: Corviknight|73/100
|-damage|p2a: Samurott|73/100|[from] item: Rocky Helmet|[of] p1a: Corviknight
|-sidestart|p1: levi6969|Spikes
|
|upkeep
|turn|4
|
|t:|1760827485
|switch|p2a: Tornadus|Tornadus-Therian, M|100/100
|move|p1a: Corviknight|Defog|p2a: Tornadus
|-unboost|p2a: Tornadus|evasion|1
|-sideend|p1: levi6969|Spikes|[from] move: Defog|[of] p1a: Corviknight
|
|upkeep
|turn|5
|
|t:|1760827489
|switch|p1a: Toxapex|Toxapex, F|92/100
|move|p2a: Tornadus|Heat Wave|p1a: Toxapex
|-resisted|p1a: Toxapex
|-damage|p1a: Toxapex|82/100
|-damage|p2a: Tornadus|91/100|[from] item: Life Orb
|
|upkeep
|turn|6
|
|t:|1760827493
|switch|p2a: Samurott|Samurott-Hisui, F|73/100
|move|p1a: Toxapex|Sludge Bomb|p2a: Samurott
|-damage|p2a: Samurott|51/100
|-status|p2a: Samurott|psn
|
|-damage|p2a: Samurott|39/100 psn|[from] psn
|upkeep
|turn|7
|
|t:|1760827496
|switch|p1a: Corviknight|Corviknight, M, shiny|73/100
|-ability|p1a: Corviknight|Pressure
|move|p2a: Samurott|Knock Off|p1a: Corviknight
|-damage|p1a: Corviknight|47/100
|-damage|p2a: Samurott|22/100 psn|[from] item: Rocky Helmet|[of] p1a: Corviknight
|-enditem|p1a: Corviknight|Rocky Helmet|[from] move: Knock Off|[of] p2a: Samurott
|
|-damage|p2a: Samurott|10/100 psn|[from] psn
|upkeep
|turn|8
|
|t:|1760827501
|move|p2a: Samurott|Ceaseless Edge|p1a: Corviknight
|-damage|p1a: Corviknight|22/100
|-sidestart|p1: levi6969|Spikes
|move|p1a: Corviknight|Roost|p1a: Corviknight
|-heal|p1a: Corviknight|72/100
|-singleturn|p1a: Corviknight|move: Roost
|
|-damage|p2a: Samurott|0 fnt|[from] psn
|faint|p2a: Samurott
|upkeep
|
|t:|1760827505
|switch|p2a: Tornadus|Tornadus-Therian, M|100/100
|turn|9
|
|t:|1760827509
|switch|p1a: Toxapex|Toxapex, F|100/100
|-damage|p1a: Toxapex|88/100|[from] Spikes
|move|p2a: Tornadus|Bleakwind Storm|p1a: Toxapex
|-damage|p1a: Toxapex|57/100
|-damage|p2a: Tornadus|91/100|[from] item: Life Orb
|
|upkeep
|turn|10
|
|t:|1760827513
|move|p2a: Tornadus|Bleakwind Storm|p1a: Toxapex
|-damage|p1a: Toxapex|26/100
|-damage|p2a: Tornadus|81/100|[from] item: Life Orb
|move|p1a: Toxapex|Ice Beam|p2a: Tornadus
|-supereffective|p2a: Tornadus
|-damage|p2a: Tornadus|32/100
|
|upkeep
|turn|11
|
|t:|1760827524
|switch|p1a: Corviknight|Corviknight, M, shiny|72/100
|-ability|p1a: Corviknight|Pressure
|move|p2a: Tornadus|Heat Wave|p1a: Corviknight
|-supereffective|p1a: Corviknight
|-damage|p1a: Corviknight|0 fnt
|faint|p1a: Corviknight
|-damage|p2a: Tornadus|22/100|[from] item: Life Orb
|
|upkeep
|
|t:|1760827528
|switch|p1a: Clefable|Clefable, F, shiny|100/100
|turn|12
|
|t:|1760827538
|switch|p2a: Zamazenta|Zamazenta|100/100
|-ability|p2a: Zamazenta|Dauntless Shield|boost
|-boost|p2a: Zamazenta|def|1
|move|p1a: Clefable|Stealth Rock|p2a: Zamazenta
|-sidestart|p2: ELMATADORXD79|move: Stealth Rock
|
|upkeep
|turn|13
|
|t:|1760827552
|switch|p1a: Zamazenta|Zamazenta|100/100
|-damage|p1a: Zamazenta|88/100|[from] Spikes
|move|p2a: Zamazenta|Heavy Slam|p1a: Zamazenta
|-damage|p1a: Zamazenta|76/100
|
|upkeep
|turn|14
|
|t:|1760827568
|move|p2a: Zamazenta|Close Combat|p1a: Zamazenta
|-damage|p1a: Zamazenta|19/100
|-unboost|p2a: Zamazenta|def|1
|-unboost|p2a: Zamazenta|spd|1
|move|p1a: Zamazenta|Moonblast|p2a: Zamazenta
|-supereffective|p2a: Zamazenta
|-damage|p2a: Zamazenta|24/100
|
|upkeep
|turn|15
|c|☆ELMATADORXD79|?
|
|t:|1760827583
|switch|p1a: Toxapex|Toxapex, F|59/100
|-damage|p1a: Toxapex|47/100|[from] Spikes
|move|p2a: Zamazenta|Close Combat|p1a: Toxapex
|-resisted|p1a: Toxapex
|-damage|p1a: Toxapex|26/100
|-unboost|p2a: Zamazenta|def|1
|-unboost|p2a: Zamazenta|spd|1
|
|upkeep
|turn|16
|c|☆ELMATADORXD79|ur ability?
|
|t:|1760827601
|move|p2a: Zamazenta|Stone Edge|p1a: Toxapex
|-crit|p1a: Toxapex
|-damage|p1a: Toxapex|0 fnt
|faint|p1a: Toxapex
|
|upkeep
|
|t:|1760827611
|switch|p1a: Iron Leaves|Iron Leaves|100/100
|-damage|p1a: Iron Leaves|88/100|[from] Spikes
|-enditem|p1a: Iron Leaves|Booster Energy
|-activate|p1a: Iron Leaves|ability: Quark Drive|[fromitem]
|-start|p1a: Iron Leaves|quarkdrivespe
|turn|17
|
|t:|1760827620
|move|p1a: Iron Leaves|Psyblade|p2a: Zamazenta
|-supereffective|p2a: Zamazenta
|-damage|p2a: Zamazenta|0 fnt
|faint|p2a: Zamazenta
|
|upkeep
|
|t:|1760827623
|switch|p2a: Pecharunt|Pecharunt|100/100
|turn|18
|
|t:|1760827640
|-terastallize|p1a: Iron Leaves|Fighting
|-terastallize|p2a: Pecharunt|Dark
|move|p1a: Iron Leaves|Swords Dance|p1a: Iron Leaves
|-boost|p1a: Iron Leaves|atk|2
|move|p2a: Pecharunt|Malignant Chain|p1a: Iron Leaves
|-damage|p1a: Iron Leaves|60/100
|
|upkeep
|turn|19
|
|t:|1760827650
|move|p1a: Iron Leaves|Sacred Sword|p2a: Pecharunt
|-supereffective|p2a: Pecharunt
|-damage|p2a: Pecharunt|24/100
|move|p2a: Pecharunt|Malignant Chain|p1a: Iron Leaves
|-damage|p1a: Iron Leaves|29/100
|
|upkeep
|turn|20
|
|t:|1760827661
|move|p1a: Iron Leaves|Leaf Blade|p2a: Pecharunt
|-damage|p2a: Pecharunt|0 fnt
|faint|p2a: Pecharunt
|
|upkeep
|
|t:|1760827663
|switch|p2a: Clefable|Clefable, F|100/100
|turn|21
|
|t:|1760827679
|move|p1a: Iron Leaves|Leaf Blade|p2a: Clefable
|-damage|p2a: Clefable|27/100
|move|p2a: Clefable|Moonblast|p1a: Iron Leaves
|-supereffective|p1a: Iron Leaves
|-damage|p1a: Iron Leaves|0 fnt
|faint|p1a: Iron Leaves
|-end|p1a: Iron Leaves|Quark Drive|[silent]
|
|-heal|p2a: Clefable|33/100|[from] item: Leftovers
|upkeep
|
|t:|1760827695
|switch|p1a: Zamazenta|Zamazenta|19/100
|-damage|p1a: Zamazenta|7/100|[from] Spikes
|turn|22
|
|t:|1760827702
|switch|p2a: Great Tusk|Great Tusk|100/100
|move|p1a: Zamazenta|Flash Cannon|p2a: Great Tusk
|-damage|p2a: Great Tusk|55/100
|
|upkeep
|turn|23
|
|t:|1760827708
|move|p1a: Zamazenta|Flash Cannon|p2a: Great Tusk
|-crit|p2a: Great Tusk
|-damage|p2a: Great Tusk|0 fnt
|faint|p2a: Great Tusk
|-end|p2a: Great Tusk|Protosynthesis|[silent]
|
|upkeep
|
|t:|1760827719
|switch|p2a: Tornadus|Tornadus-Therian, M|55/100
|-damage|p2a: Tornadus|30/100|[from] Stealth Rock
|turn|24
|
|t:|1760827721
|move|p1a: Zamazenta|Flash Cannon|p2a: Tornadus
|-damage|p2a: Tornadus|0 fnt
|faint|p2a: Tornadus
|
|upkeep
|-message|ELMATADORXD79 forfeited.
|
|win|levi6969
|raw|levi6969's rating: 1431 &rarr; <strong>1452</strong><br />(+21 for winning)
|raw|ELMATADORXD79's rating: 1444 &rarr; <strong>1423</strong><br />(-21 for losing)
|l|☆ELMATADORXD79
|player|p2|
|l|☆levi6969
|player|p1|
