|j|☆ineverhaxed
|j|☆jb8976
|t:|1760795249
|gametype|singles
|player|p1|ineverhaxed|101|1341
|player|p2|jb8976|ethan|1399
|gen|9
|tier|[Gen 9] OU
|rated|
|rule|HP Percentage Mod: HP is shown in percentages
|rule|Endless Battle Clause: Forcing endless battles is banned
|rule|Species Clause: Limit one of each Pokémon
|rule|OHKO Clause: OHKO moves are banned
|rule|Evasion Items Clause: Evasion items are banned
|rule|Evasion Moves Clause: Evasion moves are banned
|rule|Evasion Abilities Clause: Evasion abilities are banned
|rule|Sleep Moves Clause: Sleep-inducing moves are banned
|clearpoke
|poke|p1|Illumise, F|
|poke|p1|Cloyster, F|
|poke|p1|Blissey, F|
|poke|p1|Darkrai|
|poke|p1|Cinderace, F|
|poke|p1|Lokix, M|
|poke|p2|Gliscor, M|
|poke|p2|Corviknight, F|
|poke|p2|Gholdengo|
|poke|p2|Ting-Lu|
|poke|p2|Hatterene, F|
|poke|p2|Blissey, F|
|teampreview
|inactive|Battle timer is ON: inactive players will automatically lose when time's up. (requested by ineverhaxed)
|
|t:|1760795291
|teamsize|p1|6
|teamsize|p2|6
|start
|switch|p1a: Blissey|Blissey, F|100/100
|switch|p2a: Gliscor|Gliscor, M|100/100
|turn|1
|
|t:|1760795296
|move|p2a: Gliscor|Substitute|p2a: Gliscor
|-start|p2a: Gliscor|Substitute
|-damage|p2a: Gliscor|76/100
|move|p1a: Blissey|Ice Beam|p2a: Gliscor
|-supereffective|p2a: Gliscor
|-end|p2a: Gliscor|Substitute
|
|-status|p2a: Gliscor|tox|[from] item: Toxic Orb
|upkeep
|turn|2
|
|t:|1760795299
|move|p2a: Gliscor|Protect|p2a: Gliscor
|-singleturn|p2a: Gliscor|Protect
|move|p1a: Blissey|Ice Beam|p2a: Gliscor
|-activate|p2a: Gliscor|move: Protect
|
|-heal|p2a: Gliscor|88/100 tox|[from] ability: Poison Heal
|upkeep
|turn|3
|
|t:|1760795302
|switch|p2a: Gholdengo|Gholdengo|100/100
|move|p1a: Blissey|Ice Beam|p2a: Gholdengo
|-resisted|p2a: Gholdengo
|-damage|p2a: Gholdengo|90/100
|
|upkeep
|turn|4
|
|t:|1760795304
|move|p2a: Gholdengo|Trick|p1a: Blissey
|-activate|p2a: Gholdengo|move: Trick|[of] p1a: Blissey
|-item|p1a: Blissey|Choice Scarf|[from] move: Trick
|-item|p2a: Gholdengo|Leftovers|[from] move: Trick
|move|p1a: Blissey|Flamethrower|p2a: Gholdengo
|-supereffective|p2a: Gholdengo
|-damage|p2a: Gholdengo|46/100
|
|-heal|p2a: Gholdengo|52/100|[from] item: Leftovers
|upkeep
|turn|5
|
|t:|1760795312
|switch|p2a: Ting-Lu|Ting-Lu|100/100
|-ability|p2a: Ting-Lu|Vessel of Ruin
|move|p1a: Blissey|Flamethrower|p2a: Ting-Lu
|-crit|p2a: Ting-Lu
|-damage|p2a: Ting-Lu|81/100
|-status|p2a: Ting-Lu|brn
|
|-heal|p2a: Ting-Lu|87/100 brn|[from] item: Leftovers
|-damage|p2a: Ting-Lu|81/100 brn|[from] brn
|upkeep
|turn|6
|
|t:|1760795317
|switch|p1a: Darkrai|Darkrai|100/100
|move|p2a: Ting-Lu|Stealth Rock|p1a: Darkrai
|-sidestart|p1: ineverhaxed|move: Stealth Rock
|
|-heal|p2a: Ting-Lu|87/100 brn|[from] item: Leftovers
|-damage|p2a: Ting-Lu|81/100 brn|[from] brn
|upkeep
|turn|7
|
|t:|1760795322
|switch|p2a: Gholdengo|Gholdengo|52/100
|move|p1a: Darkrai|Trick|p2a: Gholdengo
|-immune|p2a: Gholdengo|[from] ability: Good as Gold
|
|-heal|p2a: Gholdengo|58/100|[from] item: Leftovers
|upkeep
|turn|8
|
|t:|1760795326
|switch|p1a: Blissey|Blissey, F|100/100
|-damage|p1a: Blissey|88/100|[from] Stealth Rock
|move|p2a: Gholdengo|Make It Rain|p1a: Blissey
|-damage|p1a: Blissey|62/100
|-unboost|p2a: Gholdengo|spa|1
|
|-heal|p2a: Gholdengo|64/100|[from] item: Leftovers
|upkeep
|turn|9
|
|t:|1760795331
|switch|p2a: Blissey|Blissey, F|100/100
|move|p1a: Blissey|Ice Beam|p2a: Blissey
|-damage|p2a: Blissey|93/100
|
|-heal|p2a: Blissey|99/100|[from] item: Leftovers
|upkeep
|turn|10
|
|t:|1760795333
|move|p1a: Blissey|Ice Beam|p2a: Blissey
|-damage|p2a: Blissey|91/100
|move|p2a: Blissey|Seismic Toss|p1a: Blissey
|-damage|p1a: Blissey|46/100
|
|-heal|p2a: Blissey|97/100|[from] item: Leftovers
|upkeep
|turn|11
|
|t:|1760795338
|move|p1a: Blissey|Ice Beam|p2a: Blissey
|-damage|p2a: Blissey|90/100
|move|p2a: Blissey|Seismic Toss|p1a: Blissey
|-damage|p1a: Blissey|31/100
|
|-heal|p2a: Blissey|96/100|[from] item: Leftovers
|upkeep
|turn|12
|
|t:|1760795342
|move|p1a: Blissey|Ice Beam|p2a: Blissey
|-damage|p2a: Blissey|88/100
|move|p2a: Blissey|Seismic Toss|p1a: Blissey
|-damage|p1a: Blissey|16/100
|
|-heal|p2a: Blissey|94/100|[from] item: Leftovers
|upkeep
|turn|13
|
|t:|1760795346
|move|p1a: Blissey|Ice Beam|p2a: Blissey
|-damage|p2a: Blissey|87/100
|move|p2a: Blissey|Seismic Toss|p1a: Blissey
|-damage|p1a: Blissey|0 fnt
|faint|p1a: Blissey
|
|-heal|p2a: Blissey|93/100|[from] item: Leftovers
|upkeep
|
|t:|1760795353
|switch|p1a: Cinderace|Cinderace, F|100/100
|-damage|p1a: Cinderace|76/100|[from] Stealth Rock
|turn|14
|
|t:|1760795356
|move|p1a: Cinderace|Court Change|p1a: Cinderace
|-start|p1a: Cinderace|typechange|Normal|[from] ability: Libero
|-swapsideconditions
|-activate|p1a: Cinderace|move: Court Change
|move|p2a: Blissey|Thunder Wave|p1a: Cinderace
|-status|p1a: Cinderace|par
|
|-heal|p2a: Blissey|99/100|[from] item: Leftovers
|upkeep
|turn|15
|
|t:|1760795363
|switch|p1a: Darkrai|Darkrai|100/100
|switch|p2a: Gliscor|Gliscor, M|88/100 tox
|-damage|p2a: Gliscor|76/100 tox|[from] Stealth Rock
|
|-heal|p2a: Gliscor|88/100 tox|[from] ability: Poison Heal
|upkeep
|turn|16
|
|t:|1760795367
|move|p2a: Gliscor|Protect|p2a: Gliscor
|-singleturn|p2a: Gliscor|Protect
|move|p1a: Darkrai|Ice Beam|p2a: Gliscor
|-activate|p2a: Gliscor|move: Protect
|
|-heal|p2a: Gliscor|100/100 tox|[from] ability: Poison Heal
|upkeep
|turn|17
|
|t:|1760795370
|switch|p1a: Cloyster|Cloyster, F|100/100
|switch|p2a: Corviknight|Corviknight, F|100/100
|-damage|p2a: Corviknight|88/100|[from] Stealth Rock
|-ability|p2a: Corviknight|Pressure
|
|-heal|p2a: Corviknight|94/100|[from] item: Leftovers
|upkeep
|turn|18
|
|t:|1760795375
|move|p1a: Cloyster|Shell Smash|p1a: Cloyster
|-unboost|p1a: Cloyster|def|1
|-unboost|p1a: Cloyster|spd|1
|-boost|p1a: Cloyster|atk|2
|-boost|p1a: Cloyster|spa|2
|-boost|p1a: Cloyster|spe|2
|move|p2a: Corviknight|Taunt|p1a: Cloyster
|-start|p1a: Cloyster|move: Taunt
|
|-heal|p2a: Corviknight|100/100|[from] item: Leftovers
|upkeep
|turn|19
|
|t:|1760795379
|move|p1a: Cloyster|Icicle Spear|p2a: Corviknight
|-damage|p2a: Corviknight|87/100
|-damage|p2a: Corviknight|73/100
|-damage|p2a: Corviknight|60/100
|-damage|p2a: Corviknight|45/100
|-damage|p2a: Corviknight|31/100
|-hitcount|p2a: Corviknight|5
|move|p2a: Corviknight|Defog|p1a: Cloyster
|-unboost|p1a: Cloyster|evasion|1
|-sideend|p2: jb8976|Stealth Rock|[from] move: Defog|[of] p2a: Corviknight
|
|-heal|p2a: Corviknight|38/100|[from] item: Leftovers
|upkeep
|turn|20
|
|t:|1760795382
|move|p1a: Cloyster|Icicle Spear|p2a: Corviknight
|-damage|p2a: Corviknight|23/100
|-damage|p2a: Corviknight|9/100
|-damage|p2a: Corviknight|0 fnt
|faint|p2a: Corviknight
|-hitcount|p2: Corviknight|3
|
|upkeep
|
|t:|1760795386
|switch|p2a: Gliscor|Gliscor, M|100/100 tox
|turn|21
|
|t:|1760795394
|-terastallize|p2a: Gliscor|Water
|move|p1a: Cloyster|Icicle Spear|p2a: Gliscor
|-resisted|p2a: Gliscor
|-damage|p2a: Gliscor|93/100 tox
|-resisted|p2a: Gliscor
|-damage|p2a: Gliscor|86/100 tox
|-resisted|p2a: Gliscor
|-damage|p2a: Gliscor|78/100 tox
|-resisted|p2a: Gliscor
|-damage|p2a: Gliscor|71/100 tox
|-resisted|p2a: Gliscor
|-damage|p2a: Gliscor|63/100 tox
|-hitcount|p2a: Gliscor|5
|move|p2a: Gliscor|Toxic|p1a: Cloyster
|-status|p1a: Cloyster|tox
|
|-damage|p1a: Cloyster|94/100 tox|[from] psn
|-heal|p2a: Gliscor|76/100 tox|[from] ability: Poison Heal
|-end|p1a: Cloyster|move: Taunt
|upkeep
|turn|22
|
|t:|1760795398
|move|p1a: Cloyster|Shell Smash|p1a: Cloyster
|-unboost|p1a: Cloyster|def|1
|-unboost|p1a: Cloyster|spd|1
|-boost|p1a: Cloyster|atk|2
|-boost|p1a: Cloyster|spa|2
|-boost|p1a: Cloyster|spe|2
|move|p2a: Gliscor|Earthquake|p1a: Cloyster
|-damage|p1a: Cloyster|42/100 tox
|
|-damage|p1a: Cloyster|30/100 tox|[from] psn
|-heal|p2a: Gliscor|88/100 tox|[from] ability: Poison Heal
|upkeep
|turn|23
|
|t:|1760795401
|move|p2a: Gliscor|Protect|p2a: Gliscor
|-singleturn|p2a: Gliscor|Protect
|move|p1a: Cloyster|Icicle Spear|p2a: Gliscor
|-activate|p2a: Gliscor|move: Protect
|
|-damage|p1a: Cloyster|11/100 tox|[from] psn
|-heal|p2a: Gliscor|100/100 tox|[from] ability: Poison Heal
|upkeep
|turn|24
|
|t:|1760795404
|switch|p2a: Gholdengo|Gholdengo|64/100
|-terastallize|p1a: Cloyster|Ghost
|move|p1a: Cloyster|Tera Blast|p2a: Gholdengo|[anim] Tera Blast Ghost
|-supereffective|p2a: Gholdengo
|-damage|p2a: Gholdengo|0 fnt
|faint|p2a: Gholdengo
|
|-damage|p1a: Cloyster|0 fnt|[from] psn
|faint|p1a: Cloyster
|upkeep
|
|t:|1760795411
|switch|p2a: Gliscor|Gliscor, M, tera:Water|100/100 tox
|switch|p1a: Darkrai|Darkrai|100/100
|turn|25
|
|t:|1760795414
|move|p2a: Gliscor|Protect|p2a: Gliscor
|-singleturn|p2a: Gliscor|Protect
|move|p1a: Darkrai|Trick|p2a: Gliscor
|-activate|p2a: Gliscor|move: Protect
|
|upkeep
|turn|26
|
|t:|1760795417
|move|p1a: Darkrai|Trick|p2a: Gliscor
|-activate|p1a: Darkrai|move: Trick|[of] p2a: Gliscor
|-item|p2a: Gliscor|Choice Scarf|[from] move: Trick
|-item|p1a: Darkrai|Toxic Orb|[from] move: Trick
|move|p2a: Gliscor|Earthquake|p1a: Darkrai
|-damage|p1a: Darkrai|60/100
|
|-status|p1a: Darkrai|tox|[from] item: Toxic Orb
|upkeep
|turn|27
|
|t:|1760795425
|move|p2a: Gliscor|Earthquake|p1a: Darkrai
|-damage|p1a: Darkrai|20/100 tox
|move|p1a: Darkrai|Dark Pulse|p2a: Gliscor
|-damage|p2a: Gliscor|41/100 tox
|
|-heal|p2a: Gliscor|54/100 tox|[from] ability: Poison Heal
|-damage|p1a: Darkrai|14/100 tox|[from] psn
|upkeep
|turn|28
|
|t:|1760795431
|move|p2a: Gliscor|Earthquake|p1a: Darkrai
|-damage|p1a: Darkrai|0 fnt
|faint|p1a: Darkrai
|
|-heal|p2a: Gliscor|66/100 tox|[from] ability: Poison Heal
|upkeep
|
|t:|1760795435
|switch|p1a: Illumise|Illumise, F|100/100
|turn|29
|
|t:|1760795439
|switch|p2a: Blissey|Blissey, F|99/100
|move|p1a: Illumise|Infestation|p2a: Blissey
|-damage|p2a: Blissey|97/100
|-activate|p2a: Blissey|move: Infestation|[of] p1a: Illumise
|
|-heal|p2a: Blissey|100/100|[from] item: Leftovers
|-damage|p2a: Blissey|88/100|[from] move: Infestation|[partiallytrapped]
|upkeep
|turn|30
|
|t:|1760795442
|move|p1a: Illumise|Substitute|p1a: Illumise
|-start|p1a: Illumise|Substitute
|-damage|p1a: Illumise|76/100
|move|p2a: Blissey|Seismic Toss|p1a: Illumise
|-end|p1a: Illumise|Substitute
|
|-heal|p1a: Illumise|82/100|[from] item: Leftovers
|-heal|p2a: Blissey|94/100|[from] item: Leftovers
|-damage|p2a: Blissey|82/100|[from] move: Infestation|[partiallytrapped]
|upkeep
|turn|31
|-message|ineverhaxed forfeited.
|
|win|jb8976
|raw|ineverhaxed's rating: 1341 &rarr; <strong>1324</strong><br />(-17 for losing)
|raw|jb8976's rating: 1399 &rarr; <strong>1416</strong><br />(+17 for winning)
|l|☆ineverhaxed
|player|p1|
|l|☆jb8976
|player|p2|
