|j|☆RNG Savage
|j|☆Wasinlee
|t:|1760791008
|gametype|singles
|player|p1|RNG Savage|giovanni-gen3|1409
|player|p2|Wasinlee|idol|1412
|gen|9
|tier|[Gen 9] OU
|rated|
|rule|HP Percentage Mod: HP is shown in percentages
|rule|Endless Battle Clause: Forcing endless battles is banned
|rule|Species Clause: Limit one of each Pokémon
|rule|OHKO Clause: OHKO moves are banned
|rule|Evasion Items Clause: Evasion items are banned
|rule|Evasion Moves Clause: Evasion moves are banned
|rule|Evasion Abilities Clause: Evasion abilities are banned
|rule|Sleep Moves Clause: Sleep-inducing moves are banned
|clearpoke
|poke|p1|Samurott-Hisui, M|
|poke|p1|Kleavor, M|
|poke|p1|Gallade, M|
|poke|p1|Latias, F|
|poke|p1|Scizor, F|
|poke|p1|Sandy Shocks|
|poke|p2|Typhlosion, M|
|poke|p2|Feraligatr, M|
|poke|p2|Scizor, M|
|poke|p2|Espeon, F|
|poke|p2|Azumarill, F|
|poke|p2|Skarmory, M|
|teampreview
|inactive|Battle timer is ON: inactive players will automatically lose when time's up. (requested by Wasinlee)
|
|t:|1760791038
|teamsize|p1|6
|teamsize|p2|6
|start
|switch|p1a: Samurott|Samurott-Hisui, M, shiny|100/100
|switch|p2a: Scizor|Scizor, M|100/100
|turn|1
|
|t:|1760791046
|move|p1a: Samurott|Ceaseless Edge|p2a: Scizor
|-damage|p2a: Scizor|58/100
|-sidestart|p2: Wasinlee|Spikes
|move|p2a: Scizor|Close Combat|p1a: Samurott
|-supereffective|p1a: Samurott
|-damage|p1a: Samurott|0 fnt
|-unboost|p2a: Scizor|def|1
|-unboost|p2a: Scizor|spd|1
|faint|p1a: Samurott
|
|-heal|p2a: Scizor|64/100|[from] item: Leftovers
|upkeep
|
|t:|1760791055
|switch|p1a: Gallade|Gallade, M, shiny|100/100
|turn|2
|
|t:|1760791059
|switch|p2a: Skarmory|Skarmory, M|100/100
|move|p1a: Gallade|Agility|p1a: Gallade
|-boost|p1a: Gallade|spe|2
|
|upkeep
|turn|3
|
|t:|1760791065
|move|p1a: Gallade|Swords Dance|p1a: Gallade
|-boost|p1a: Gallade|atk|2
|move|p2a: Skarmory|Iron Defense|p2a: Skarmory
|-boost|p2a: Skarmory|def|2
|
|upkeep
|turn|4
|
|t:|1760791068
|move|p1a: Gallade|Sacred Sword|p2a: Skarmory
|-damage|p2a: Skarmory|40/100
|-damage|p1a: Gallade|84/100|[from] item: Rocky Helmet|[of] p2a: Skarmory
|move|p2a: Skarmory|Whirlwind|p1a: Gallade
|drag|p1a: Sandy Shocks|Sandy Shocks, shiny|100/100
|-enditem|p1a: Sandy Shocks|Booster Energy
|-activate|p1a: Sandy Shocks|ability: Protosynthesis|[fromitem]
|-start|p1a: Sandy Shocks|protosynthesisspe
|
|upkeep
|turn|5
|
|t:|1760791075
|switch|p2a: Espeon|Espeon, F|100/100
|-damage|p2a: Espeon|88/100|[from] Spikes
|move|p1a: Sandy Shocks|Thunderbolt|p2a: Espeon
|-damage|p2a: Espeon|48/100
|
|upkeep
|turn|6
|
|t:|1760791083
|move|p1a: Sandy Shocks|Thunderbolt|p2a: Espeon
|-damage|p2a: Espeon|11/100
|move|p2a: Espeon|Light Screen|p2a: Espeon
|-sidestart|p2: Wasinlee|move: Light Screen
|
|upkeep
|turn|7
|
|t:|1760791090
|move|p1a: Sandy Shocks|Thunderbolt|p2a: Espeon
|-damage|p2a: Espeon|0 fnt
|faint|p2a: Espeon
|
|upkeep
|
|t:|1760791095
|switch|p2a: Feraligatr|Feraligatr, M|100/100
|-damage|p2a: Feraligatr|88/100|[from] Spikes
|turn|8
|
|t:|1760791110
|-terastallize|p2a: Feraligatr|Ground
|move|p1a: Sandy Shocks|Thunder Wave|p2a: Feraligatr
|-immune|p2a: Feraligatr
|move|p2a: Feraligatr|Dragon Dance|p2a: Feraligatr
|-boost|p2a: Feraligatr|atk|1
|-boost|p2a: Feraligatr|spe|1
|
|upkeep
|turn|9
|
|t:|1760791113
|move|p1a: Sandy Shocks|Iron Defense|p1a: Sandy Shocks
|-boost|p1a: Sandy Shocks|def|2
|move|p2a: Feraligatr|Dragon Dance|p2a: Feraligatr
|-boost|p2a: Feraligatr|atk|1
|-boost|p2a: Feraligatr|spe|1
|
|upkeep
|turn|10
|
|t:|1760791123
|move|p2a: Feraligatr|Liquidation|p1a: Sandy Shocks
|-supereffective|p1a: Sandy Shocks
|-damage|p1a: Sandy Shocks|0 fnt
|faint|p1a: Sandy Shocks
|-end|p1a: Sandy Shocks|Protosynthesis|[silent]
|
|upkeep
|
|t:|1760791134
|switch|p1a: Scizor|Scizor, F, shiny|100/100
|turn|11
|
|t:|1760791139
|move|p2a: Feraligatr|Earthquake|p1a: Scizor
|-damage|p1a: Scizor|0 fnt
|faint|p1a: Scizor
|-damage|p2a: Feraligatr|78/100|[from] item: Life Orb
|
|upkeep
|
|t:|1760791145
|switch|p1a: Latias|Latias, F|100/100
|turn|12
|
|t:|1760791150
|move|p2a: Feraligatr|Ice Punch|p1a: Latias
|-supereffective|p1a: Latias
|-damage|p1a: Latias|0 fnt
|faint|p1a: Latias
|
|upkeep
|-message|RNG Savage forfeited.
|
|win|Wasinlee
|raw|RNG Savage's rating: 1409 &rarr; <strong>1389</strong><br />(-20 for losing)
|raw|Wasinlee's rating: 1412 &rarr; <strong>1432</strong><br />(+20 for winning)
|l|☆RNG Savage
|player|p1|
|l|☆Wasinlee
|player|p2|
