|j|☆Scoobenvonduben
|j|☆Eat uranium
|t:|1760848442
|gametype|singles
|player|p1|Scoobenvonduben|brawly|1370
|player|p2|Eat uranium|102|1328
|gen|9
|tier|[Gen 9] OU
|rated|
|rule|HP Percentage Mod: HP is shown in percentages
|rule|Endless Battle Clause: Forcing endless battles is banned
|rule|Species Clause: Limit one of each Pokémon
|rule|OHKO Clause: OHKO moves are banned
|rule|Evasion Items Clause: Evasion items are banned
|rule|Evasion Moves Clause: Evasion moves are banned
|rule|Evasion Abilities Clause: Evasion abilities are banned
|rule|Sleep Moves Clause: Sleep-inducing moves are banned
|clearpoke
|poke|p1|Blissey, F|
|poke|p1|Skeledirge, F|
|poke|p1|Gliscor, M|
|poke|p1|Gyarados, M|
|poke|p1|Corviknight, F|
|poke|p1|Grafaiai, M|
|poke|p2|Pelipper, F|
|poke|p2|Iron Treads|
|poke|p2|Toxicroak, F|
|poke|p2|Barraskewda, F|
|poke|p2|Zapdos|
|poke|p2|Ogerpon-Wellspring, F|
|teampreview
|inactive|Battle timer is ON: inactive players will automatically lose when time's up. (requested by Eat uranium)
|
|t:|1760848452
|teamsize|p1|6
|teamsize|p2|6
|start
|switch|p1a: Gliscor|Gliscor, M, shiny|100/100
|switch|p2a: Pelipper|Pelipper, F|100/100
|-weather|RainDance|[from] ability: Drizzle|[of] p2a: Pelipper
|turn|1
|
|t:|1760848469
|move|p1a: Gliscor|Protect|p1a: Gliscor
|-singleturn|p1a: Gliscor|Protect
|move|p2a: Pelipper|U-turn|p1a: Gliscor
|-activate|p1a: Gliscor|move: Protect
|
|-weather|RainDance|[upkeep]
|-status|p1a: Gliscor|tox|[from] item: Toxic Orb
|upkeep
|turn|2
|
|t:|1760848477
|move|p1a: Gliscor|Toxic|p2a: Pelipper
|-status|p2a: Pelipper|tox
|move|p2a: Pelipper|U-turn|p1a: Gliscor
|-resisted|p1a: Gliscor
|-damage|p1a: Gliscor|97/100 tox
|
|t:|1760848480
|switch|p2a: Barraskewda|Barraskewda, F|100/100|[from] U-turn
|
|-weather|RainDance|[upkeep]
|-heal|p1a: Gliscor|100/100 tox|[from] ability: Poison Heal
|upkeep
|turn|3
|
|t:|1760848484
|move|p1a: Gliscor|Protect|p1a: Gliscor
|-singleturn|p1a: Gliscor|Protect
|move|p2a: Barraskewda|Liquidation|p1a: Gliscor
|-activate|p1a: Gliscor|move: Protect
|
|-weather|RainDance|[upkeep]
|upkeep
|turn|4
|
|t:|1760848496
|switch|p1a: Gyarados|Gyarados, M, shiny|100/100
|-ability|p1a: Gyarados|Intimidate|boost
|-unboost|p2a: Barraskewda|atk|1
|-terastallize|p2a: Barraskewda|Water
|move|p2a: Barraskewda|Liquidation|p1a: Gyarados
|-resisted|p1a: Gyarados
|-damage|p1a: Gyarados|39/100
|
|-weather|RainDance|[upkeep]
|upkeep
|turn|5
|
|t:|1760848507
|switch|p1a: Corviknight|Corviknight, F|100/100
|move|p2a: Barraskewda|Liquidation|p1a: Corviknight
|-damage|p1a: Corviknight|25/100
|
|-weather|RainDance|[upkeep]
|-heal|p1a: Corviknight|31/100|[from] item: Leftovers
|upkeep
|turn|6
|
|t:|1760848510
|switch|p1a: Gyarados|Gyarados, M, shiny|39/100
|-ability|p1a: Gyarados|Intimidate|boost
|-unboost|p2a: Barraskewda|atk|1
|move|p2a: Barraskewda|Liquidation|p1a: Gyarados
|-resisted|p1a: Gyarados
|-crit|p1a: Gyarados
|-damage|p1a: Gyarados|0 fnt
|faint|p1a: Gyarados
|
|-weather|RainDance|[upkeep]
|upkeep
|
|t:|1760848519
|switch|p1a: Gliscor|Gliscor, M, shiny|100/100 tox
|turn|7
|
|t:|1760848523
|switch|p2a: Pelipper|Pelipper, F|100/100 tox
|move|p1a: Gliscor|Protect||[still]
|-fail|p1a: Gliscor
|
|-weather|RainDance|[upkeep]
|-damage|p2a: Pelipper|94/100 tox|[from] psn
|upkeep
|turn|8
|
|t:|1760848539
|switch|p2a: Ogerpon|Ogerpon-Wellspring, F|100/100
|move|p1a: Gliscor|Spikes|p2a: Ogerpon
|-sidestart|p2: Eat uranium|Spikes
|
|-weather|none
|upkeep
|turn|9
|
|t:|1760848544
|move|p2a: Ogerpon|Encore|p1a: Gliscor
|-start|p1a: Gliscor|Encore
|move|p1a: Gliscor|Spikes|p2a: Ogerpon
|-sidestart|p2: Eat uranium|Spikes
|
|upkeep
|turn|10
|
|t:|1760848549
|switch|p1a: Grafaiai|Grafaiai, M|100/100
|move|p2a: Ogerpon|Swords Dance|p2a: Ogerpon
|-boost|p2a: Ogerpon|atk|2
|
|upkeep
|turn|11
|
|t:|1760848557
|switch|p2a: Iron Treads|Iron Treads|100/100
|-damage|p2a: Iron Treads|84/100|[from] Spikes
|move|p1a: Grafaiai|Encore||[still]
|-fail|p1a: Grafaiai
|
|-heal|p2a: Iron Treads|90/100|[from] item: Leftovers
|upkeep
|turn|12
|
|t:|1760848563
|move|p1a: Grafaiai|Protect|p1a: Grafaiai
|-singleturn|p1a: Grafaiai|Protect
|move|p2a: Iron Treads|Earthquake|p1a: Grafaiai
|-activate|p1a: Grafaiai|move: Protect
|
|-heal|p2a: Iron Treads|96/100|[from] item: Leftovers
|upkeep
|turn|13
|
|t:|1760848570
|switch|p1a: Corviknight|Corviknight, F|31/100
|move|p2a: Iron Treads|Rapid Spin|p1a: Corviknight
|-resisted|p1a: Corviknight
|-damage|p1a: Corviknight|26/100
|-boost|p2a: Iron Treads|spe|1
|-sideend|p2: Eat uranium|Spikes|[from] move: Rapid Spin|[of] p2a: Iron Treads
|
|-heal|p2a: Iron Treads|100/100|[from] item: Leftovers
|-heal|p1a: Corviknight|32/100|[from] item: Leftovers
|upkeep
|turn|14
|
|t:|1760848575
|move|p2a: Iron Treads|Volt Switch|p1a: Corviknight
|-supereffective|p1a: Corviknight
|-damage|p1a: Corviknight|18/100
|
|t:|1760848577
|-end|p2a: Iron Treads|Quark Drive|[silent]
|switch|p2a: Pelipper|Pelipper, F|94/100 tox|[from] Volt Switch
|-weather|RainDance|[from] ability: Drizzle|[of] p2a: Pelipper
|move|p1a: Corviknight|Roost|p1a: Corviknight
|-heal|p1a: Corviknight|68/100
|-singleturn|p1a: Corviknight|move: Roost
|
|-weather|RainDance|[upkeep]
|-heal|p1a: Corviknight|74/100|[from] item: Leftovers
|-damage|p2a: Pelipper|88/100 tox|[from] psn
|upkeep
|turn|15
|
|t:|1760848587
|move|p1a: Corviknight|Iron Defense|p1a: Corviknight
|-boost|p1a: Corviknight|def|2
|move|p2a: Pelipper|U-turn|p1a: Corviknight
|-resisted|p1a: Corviknight
|-damage|p1a: Corviknight|73/100
|
|t:|1760848589
|switch|p2a: Zapdos|Zapdos|100/100|[from] U-turn
|
|-weather|RainDance|[upkeep]
|-heal|p1a: Corviknight|79/100|[from] item: Leftovers
|upkeep
|turn|16
|
|t:|1760848598
|switch|p1a: Blissey|Blissey, F|100/100
|move|p2a: Zapdos|Volt Switch|p1a: Blissey
|-damage|p1a: Blissey|81/100
|
|t:|1760848601
|switch|p2a: Barraskewda|Barraskewda, F, tera:Water|100/100|[from] Volt Switch
|
|-weather|RainDance|[upkeep]
|-heal|p1a: Blissey|87/100|[from] item: Leftovers
|upkeep
|turn|17
|c|☆Eat uranium|Gg
|
|t:|1760848616
|move|p2a: Barraskewda|Liquidation|p1a: Blissey
|-damage|p1a: Blissey|0 fnt
|faint|p1a: Blissey
|
|-weather|RainDance|[upkeep]
|upkeep
|
|t:|1760848624
|switch|p1a: Grafaiai|Grafaiai, M|100/100
|turn|18
|
|t:|1760848626
|move|p1a: Grafaiai|Toxic|p2a: Barraskewda
|-status|p2a: Barraskewda|tox
|move|p2a: Barraskewda|Liquidation|p1a: Grafaiai
|-damage|p1a: Grafaiai|0 fnt
|faint|p1a: Grafaiai
|
|-weather|RainDance|[upkeep]
|-damage|p2a: Barraskewda|94/100 tox|[from] psn
|upkeep
|
|t:|1760848633
|switch|p1a: Gliscor|Gliscor, M, shiny|100/100 tox
|turn|19
|
|t:|1760848635
|move|p1a: Gliscor|Protect|p1a: Gliscor
|-singleturn|p1a: Gliscor|Protect
|move|p2a: Barraskewda|Liquidation|p1a: Gliscor
|-activate|p1a: Gliscor|move: Protect
|
|-weather|RainDance|[upkeep]
|-damage|p2a: Barraskewda|82/100 tox|[from] psn
|upkeep
|turn|20
|
|t:|1760848641
|switch|p1a: Corviknight|Corviknight, F|79/100
|move|p2a: Barraskewda|Liquidation|p1a: Corviknight
|-damage|p1a: Corviknight|0 fnt
|faint|p1a: Corviknight
|
|-weather|RainDance|[upkeep]
|-damage|p2a: Barraskewda|64/100 tox|[from] psn
|upkeep
|
|t:|1760848644
|switch|p1a: Gliscor|Gliscor, M, shiny|100/100 tox
|turn|21
|
|t:|1760848655
|switch|p2a: Zapdos|Zapdos|100/100
|move|p1a: Gliscor|Protect||[still]
|-fail|p1a: Gliscor
|
|-weather|none
|upkeep
|turn|22
|
|t:|1760848660
|move|p2a: Zapdos|Hurricane|p1a: Gliscor|[miss]
|-miss|p2a: Zapdos|p1a: Gliscor
|move|p1a: Gliscor|Toxic|p2a: Zapdos
|-status|p2a: Zapdos|tox
|
|-damage|p2a: Zapdos|94/100 tox|[from] psn
|upkeep
|turn|23
|
|t:|1760848664
|switch|p2a: Pelipper|Pelipper, F|88/100 tox
|-weather|RainDance|[from] ability: Drizzle|[of] p2a: Pelipper
|move|p1a: Gliscor|Spikes|p2a: Pelipper
|-sidestart|p2: Eat uranium|Spikes
|
|-weather|RainDance|[upkeep]
|-damage|p2a: Pelipper|82/100 tox|[from] psn
|upkeep
|turn|24
|
|t:|1760848667
|move|p1a: Gliscor|Spikes|p2a: Pelipper
|-sidestart|p2: Eat uranium|Spikes
|move|p2a: Pelipper|U-turn|p1a: Gliscor
|-resisted|p1a: Gliscor
|-damage|p1a: Gliscor|97/100 tox
|
|t:|1760848670
|switch|p2a: Barraskewda|Barraskewda, F, tera:Water|64/100 tox|[from] U-turn
|-damage|p2a: Barraskewda|48/100 tox|[from] Spikes
|
|-weather|RainDance|[upkeep]
|-damage|p2a: Barraskewda|42/100 tox|[from] psn
|-heal|p1a: Gliscor|100/100 tox|[from] ability: Poison Heal
|upkeep
|turn|25
|
|t:|1760848676
|move|p1a: Gliscor|Protect|p1a: Gliscor
|-singleturn|p1a: Gliscor|Protect
|move|p2a: Barraskewda|Liquidation|p1a: Gliscor
|-activate|p1a: Gliscor|move: Protect
|
|-weather|RainDance|[upkeep]
|-damage|p2a: Barraskewda|29/100 tox|[from] psn
|upkeep
|turn|26
|
|t:|1760848680
|-terastallize|p1a: Gliscor|Steel
|move|p2a: Barraskewda|Liquidation|p1a: Gliscor
|-damage|p1a: Gliscor|0 fnt
|faint|p1a: Gliscor
|
|-weather|RainDance|[upkeep]
|-damage|p2a: Barraskewda|11/100 tox|[from] psn
|upkeep
|
|t:|1760848688
|switch|p1a: Skeledirge|Skeledirge, F|100/100
|turn|27
|-message|Scoobenvonduben forfeited.
|
|win|Eat uranium
|raw|Scoobenvonduben's rating: 1370 &rarr; <strong>1348</strong><br />(-22 for losing)
|raw|Eat uranium's rating: 1328 &rarr; <strong>1350</strong><br />(+22 for winning)
|l|☆Scoobenvonduben
|player|p1|
|l|☆Eat uranium
|player|p2|
