|j|☆Demestion
|j|☆itslefty
|t:|1760853945
|gametype|singles
|player|p1|Demestion|lucas|1091
|player|p2|itslefty|266|1117
|gen|9
|tier|[Gen 9] OU
|rated|
|rule|HP Percentage Mod: HP is shown in percentages
|rule|Endless Battle Clause: Forcing endless battles is banned
|rule|Species Clause: Limit one of each Pokémon
|rule|OHKO Clause: OHKO moves are banned
|rule|Evasion Items Clause: Evasion items are banned
|rule|Evasion Moves Clause: Evasion moves are banned
|rule|Evasion Abilities Clause: Evasion abilities are banned
|rule|Sleep Moves Clause: Sleep-inducing moves are banned
|clearpoke
|poke|p1|Serperior, F|
|poke|p1|Ceruledge, F|
|poke|p1|Eelektross, M|
|poke|p1|Tinkaton, F|
|poke|p1|Gliscor, F|
|poke|p1|Cloyster, F|
|poke|p2|Primarina, M|
|poke|p2|Armarouge, M|
|poke|p2|Toxapex, F|
|poke|p2|Heracross, F|
|poke|p2|Golem, M|
|poke|p2|Gholdengo|
|teampreview
|
|t:|1760853951
|teamsize|p1|6
|teamsize|p2|6
|start
|switch|p1a: Tinkaton|Tinkaton, F|100/100
|switch|p2a: Toxapex|Toxapex, F|100/100
|turn|1
|
|t:|1760853966
|move|p1a: Tinkaton|Thunder Wave|p2a: Toxapex
|-status|p2a: Toxapex|par
|move|p2a: Toxapex|Sludge Bomb|p1a: Tinkaton
|-immune|p1a: Tinkaton
|
|upkeep
|turn|2
|
|t:|1760853979
|switch|p2a: Armarouge|Armarouge, M|100/100
|move|p1a: Tinkaton|Stealth Rock|p2a: Armarouge
|-sidestart|p2: itslefty|move: Stealth Rock
|
|upkeep
|turn|3
|
|t:|1760853987
|move|p1a: Tinkaton|Knock Off|p2a: Armarouge
|-supereffective|p2a: Armarouge
|-damage|p2a: Armarouge|67/100
|-ability|p2a: Armarouge|Weak Armor|boost
|-unboost|p2a: Armarouge|def|1
|-boost|p2a: Armarouge|spe|2
|-enditem|p2a: Armarouge|Focus Sash|[from] move: Knock Off|[of] p1a: Tinkaton
|move|p2a: Armarouge|Calm Mind|p2a: Armarouge
|-boost|p2a: Armarouge|spa|1
|-boost|p2a: Armarouge|spd|1
|
|upkeep
|turn|4
|
|t:|1760854001
|switch|p1a: Gliscor|Gliscor, F|100/100
|move|p2a: Armarouge|Flamethrower|p1a: Gliscor
|-damage|p1a: Gliscor|0 fnt
|faint|p1a: Gliscor
|
|upkeep
|
|t:|1760854009
|switch|p1a: Ceruledge|Ceruledge, F|100/100
|turn|5
|
|t:|1760854021
|move|p2a: Armarouge|Shadow Ball|p1a: Ceruledge
|-supereffective|p1a: Ceruledge
|-damage|p1a: Ceruledge|3/100
|move|p1a: Ceruledge|Swords Dance|p1a: Ceruledge
|-boost|p1a: Ceruledge|atk|2
|
|upkeep
|turn|6
|
|t:|1760854028
|move|p1a: Ceruledge|Shadow Sneak|p2a: Armarouge
|-supereffective|p2a: Armarouge
|-damage|p2a: Armarouge|0 fnt
|faint|p2a: Armarouge
|
|upkeep
|
|t:|1760854045
|switch|p2a: Gholdengo|Gholdengo|100/100
|-damage|p2a: Gholdengo|94/100|[from] Stealth Rock
|turn|7
|
|t:|1760854057
|switch|p2a: Primarina|Primarina, M|100/100
|-damage|p2a: Primarina|88/100|[from] Stealth Rock
|move|p1a: Ceruledge|Shadow Sneak|p2a: Primarina
|-damage|p2a: Primarina|37/100
|
|-heal|p2a: Primarina|43/100|[from] item: Leftovers
|upkeep
|turn|8
|
|t:|1760854080
|switch|p2a: Toxapex|Toxapex, F|100/100 par
|-damage|p2a: Toxapex|88/100 par|[from] Stealth Rock
|move|p1a: Ceruledge|Shadow Sneak|p2a: Toxapex
|-damage|p2a: Toxapex|55/100 par
|
|-heal|p2a: Toxapex|61/100 par|[from] item: Leftovers
|upkeep
|turn|9
|
|t:|1760854096
|-terastallize|p1a: Ceruledge|Water
|move|p2a: Toxapex|Baneful Bunker|p2a: Toxapex
|-singleturn|p2a: Toxapex|move: Protect
|move|p1a: Ceruledge|Bitter Blade|p2a: Toxapex
|-activate|p2a: Toxapex|move: Protect
|-status|p1a: Ceruledge|psn
|
|-heal|p2a: Toxapex|67/100 par|[from] item: Leftovers
|-damage|p1a: Ceruledge|0 fnt|[from] psn
|faint|p1a: Ceruledge
|upkeep
|
|t:|1760854109
|switch|p1a: Eelektross|Eelektross, M|100/100
|turn|10
|
|t:|1760854124
|-terastallize|p2a: Toxapex|Poison
|move|p1a: Eelektross|Volt Switch|p2a: Toxapex
|-damage|p2a: Toxapex|37/100 par
|
|t:|1760854129
|switch|p1a: Tinkaton|Tinkaton, F|100/100|[from] Volt Switch
|cant|p2a: Toxapex|par
|
|-heal|p2a: Toxapex|43/100 par|[from] item: Leftovers
|upkeep
|turn|11
|
|t:|1760854140
|move|p1a: Tinkaton|Knock Off|p2a: Toxapex
|-damage|p2a: Toxapex|30/100 par
|-enditem|p2a: Toxapex|Leftovers|[from] move: Knock Off|[of] p1a: Tinkaton
|move|p2a: Toxapex|Toxic Spikes|p1a: Tinkaton
|-sidestart|p1: Demestion|move: Toxic Spikes
|
|upkeep
|turn|12
|
|t:|1760854149
|move|p1a: Tinkaton|Gigaton Hammer|p2a: Toxapex
|-damage|p2a: Toxapex|0 fnt
|faint|p2a: Toxapex
|
|upkeep
|
|t:|1760854157
|switch|p2a: Golem|Golem, M|100/100
|-damage|p2a: Golem|95/100|[from] Stealth Rock
|turn|13
|
|t:|1760854168
|move|p1a: Tinkaton|Knock Off|p2a: Golem
|-damage|p2a: Golem|77/100
|-enditem|p2a: Golem|Loaded Dice|[from] move: Knock Off|[of] p1a: Tinkaton
|move|p2a: Golem|Rock Polish|p2a: Golem
|-boost|p2a: Golem|spe|2
|
|upkeep
|turn|14
|
|t:|1760854176
|move|p2a: Golem|Earthquake|p1a: Tinkaton
|-supereffective|p1a: Tinkaton
|-damage|p1a: Tinkaton|3/100
|move|p1a: Tinkaton|Gigaton Hammer|p2a: Golem
|-supereffective|p2a: Golem
|-damage|p2a: Golem|0 fnt
|faint|p2a: Golem
|
|-heal|p1a: Tinkaton|10/100|[from] item: Leftovers
|upkeep
|
|t:|1760854198
|switch|p2a: Gholdengo|Gholdengo|94/100
|-damage|p2a: Gholdengo|88/100|[from] Stealth Rock
|turn|15
|
|t:|1760854220
|move|p2a: Gholdengo|Flash Cannon|p1a: Tinkaton
|-damage|p1a: Tinkaton|0 fnt
|faint|p1a: Tinkaton
|
|upkeep
|
|t:|1760854228
|switch|p1a: Eelektross|Eelektross, M|100/100
|turn|16
|
|t:|1760854234
|move|p2a: Gholdengo|Flash Cannon|p1a: Eelektross
|-resisted|p1a: Eelektross
|-damage|p1a: Eelektross|82/100
|move|p1a: Eelektross|Flamethrower|p2a: Gholdengo
|-supereffective|p2a: Gholdengo
|-damage|p2a: Gholdengo|24/100
|
|upkeep
|turn|17
|
|t:|1760854246
|switch|p2a: Primarina|Primarina, M|43/100
|-damage|p2a: Primarina|30/100|[from] Stealth Rock
|move|p1a: Eelektross|Flamethrower|p2a: Primarina
|-resisted|p2a: Primarina
|-damage|p2a: Primarina|19/100
|
|-heal|p2a: Primarina|25/100|[from] item: Leftovers
|upkeep
|turn|18
|
|t:|1760854262
|move|p2a: Primarina|Draining Kiss|p1a: Eelektross
|-damage|p1a: Eelektross|61/100
|-heal|p2a: Primarina|42/100|[from] drain|[of] p1a: Eelektross
|move|p1a: Eelektross|Giga Drain|p2a: Primarina
|-supereffective|p2a: Primarina
|-damage|p2a: Primarina|2/100
|-heal|p1a: Eelektross|80/100|[from] drain|[of] p2a: Primarina
|
|-heal|p2a: Primarina|8/100|[from] item: Leftovers
|upkeep
|turn|19
|
|t:|1760854288
|move|p2a: Primarina|Draining Kiss|p1a: Eelektross
|-damage|p1a: Eelektross|60/100
|-heal|p2a: Primarina|24/100|[from] drain|[of] p1a: Eelektross
|move|p1a: Eelektross|Volt Switch|p2a: Primarina
|-supereffective|p2a: Primarina
|-damage|p2a: Primarina|0 fnt
|faint|p2a: Primarina
|
|t:|1760854297
|switch|p1a: Cloyster|Cloyster, F|100/100|[from] Volt Switch
|-status|p1a: Cloyster|psn
|
|-damage|p1a: Cloyster|88/100 psn|[from] psn
|upkeep
|
|t:|1760854306
|switch|p2a: Heracross|Heracross, F|100/100
|-damage|p2a: Heracross|88/100|[from] Stealth Rock
|turn|20
|
|t:|1760854319
|move|p2a: Heracross|Close Combat|p1a: Cloyster
|-supereffective|p1a: Cloyster
|-damage|p1a: Cloyster|0 fnt
|-unboost|p2a: Heracross|def|1
|-unboost|p2a: Heracross|spd|1
|faint|p1a: Cloyster
|
|-status|p2a: Heracross|brn|[from] item: Flame Orb
|upkeep
|
|t:|1760854328
|switch|p1a: Serperior|Serperior, F|100/100
|-status|p1a: Serperior|psn
|turn|21
|
|t:|1760854341
|move|p1a: Serperior|Leaf Storm|p2a: Heracross
|-resisted|p2a: Heracross
|-damage|p2a: Heracross|57/100 brn
|-boost|p1a: Serperior|spa|2
|move|p2a: Heracross|Facade|p1a: Serperior
|-damage|p1a: Serperior|35/100 psn
|
|-heal|p1a: Serperior|41/100 psn|[from] item: Leftovers
|-damage|p1a: Serperior|28/100 psn|[from] psn
|-damage|p2a: Heracross|51/100 brn|[from] brn
|upkeep
|turn|22
|
|t:|1760854358
|move|p1a: Serperior|Leaf Storm|p2a: Heracross
|-resisted|p2a: Heracross
|-damage|p2a: Heracross|0 fnt
|-boost|p1a: Serperior|spa|2
|faint|p2a: Heracross
|
|-heal|p1a: Serperior|35/100 psn|[from] item: Leftovers
|-damage|p1a: Serperior|22/100 psn|[from] psn
|upkeep
|
|t:|1760854371
|switch|p2a: Gholdengo|Gholdengo|24/100
|-damage|p2a: Gholdengo|18/100|[from] Stealth Rock
|turn|23
|
|t:|1760854381
|move|p2a: Gholdengo|Shadow Ball|p1a: Serperior
|-damage|p1a: Serperior|0 fnt
|faint|p1a: Serperior
|
|upkeep
|
|t:|1760854388
|switch|p1a: Eelektross|Eelektross, M|60/100
|turn|24
|
|t:|1760854395
|move|p2a: Gholdengo|Shadow Ball|p1a: Eelektross
|-crit|p1a: Eelektross
|-damage|p1a: Eelektross|7/100
|move|p1a: Eelektross|Flamethrower|p2a: Gholdengo
|-supereffective|p2a: Gholdengo
|-damage|p2a: Gholdengo|0 fnt
|faint|p2a: Gholdengo
|
|win|Demestion
|raw|Demestion's rating: 1091 &rarr; <strong>1119</strong><br />(+28 for winning)
|raw|itslefty's rating: 1117 &rarr; <strong>1090</strong><br />(-27 for losing)
|l|☆Demestion
|player|p1|
|c|☆itslefty|gg
|l|☆itslefty
|player|p2|
