|j|☆FZPIR
|j|☆zoge666
|t:|1760718256
|gametype|singles
|player|p1|FZPIR|1|1100
|player|p2|zoge666|rosa|1032
|gen|9
|tier|[Gen 9] OU
|rated|
|rule|HP Percentage Mod: HP is shown in percentages
|rule|Endless Battle Clause: Forcing endless battles is banned
|rule|Species Clause: Limit one of each Pokémon
|rule|OHKO Clause: OHKO moves are banned
|rule|Evasion Items Clause: Evasion items are banned
|rule|Evasion Moves Clause: Evasion moves are banned
|rule|Evasion Abilities Clause: Evasion abilities are banned
|rule|Sleep Moves Clause: Sleep-inducing moves are banned
|clearpoke
|poke|p1|Kleavor, F|
|poke|p1|Brambleghast, F|
|poke|p1|Moltres|
|poke|p1|Mamoswine, M|
|poke|p1|Alomomola, F|
|poke|p1|Lokix, F|
|poke|p2|Cinderace, F|
|poke|p2|Charizard, M|
|poke|p2|Torkoal, M|
|poke|p2|Zamazenta-*|
|poke|p2|Meowscarada, F|
|poke|p2|Gliscor, M|
|teampreview
|
|t:|1760718261
|teamsize|p1|6
|teamsize|p2|6
|start
|switch|p1a: Kleavor|Kleavor, F|100/100
|switch|p2a: Cinderace|Cinderace, F|100/100
|turn|1
|
|t:|1760718271
|move|p2a: Cinderace|Swords Dance|p2a: Cinderace
|-boost|p2a: Cinderace|atk|2
|move|p1a: Kleavor|Tailwind|p1a: Kleavor
|-sidestart|p1: FZPIR|move: Tailwind
|
|upkeep
|turn|2
|
|t:|1760718277
|move|p1a: Kleavor|Stone Axe|p2a: Cinderace
|-supereffective|p2a: Cinderace
|-enditem|p2a: Cinderace|Focus Sash
|-damage|p2a: Cinderace|1/100
|-sidestart|p2: zoge666|move: Stealth Rock
|move|p2a: Cinderace|Reversal|p1a: Kleavor
|-enditem|p1a: Kleavor|Focus Sash
|-damage|p1a: Kleavor|1/100
|
|upkeep
|turn|3
|
|t:|1760718287
|switch|p2a: Gliscor|Gliscor, M|100/100
|-damage|p2a: Gliscor|88/100|[from] Stealth Rock
|move|p1a: Kleavor|Aerial Ace|p2a: Gliscor
|-damage|p2a: Gliscor|68/100
|
|-status|p2a: Gliscor|tox|[from] item: Toxic Orb
|upkeep
|turn|4
|
|t:|1760718299
|switch|p1a: Mamoswine|Mamoswine, M|100/100
|move|p2a: Gliscor|Protect||[still]
|-fail|p2a: Gliscor
|
|-heal|p2a: Gliscor|81/100 tox|[from] ability: Poison Heal
|-sideend|p1: FZPIR|move: Tailwind
|upkeep
|turn|5
|
|t:|1760718313
|-terastallize|p2a: Gliscor|Water
|move|p1a: Mamoswine|Icicle Crash|p2a: Gliscor
|-resisted|p2a: Gliscor
|-damage|p2a: Gliscor|64/100 tox
|move|p2a: Gliscor|Toxic|p1a: Mamoswine
|-status|p1a: Mamoswine|tox
|
|-damage|p1a: Mamoswine|94/100 tox|[from] psn
|-heal|p2a: Gliscor|76/100 tox|[from] ability: Poison Heal
|upkeep
|turn|6
|
|t:|1760718331
|switch|p1a: Kleavor|Kleavor, F|1/100
|move|p2a: Gliscor|Protect||[still]
|-fail|p2a: Gliscor
|
|-heal|p2a: Gliscor|89/100 tox|[from] ability: Poison Heal
|upkeep
|turn|7
|
|t:|1760718340
|move|p1a: Kleavor|Tailwind|p1a: Kleavor
|-sidestart|p1: FZPIR|move: Tailwind
|move|p2a: Gliscor|Substitute|p2a: Gliscor
|-start|p2a: Gliscor|Substitute
|-damage|p2a: Gliscor|64/100 tox
|
|-heal|p2a: Gliscor|76/100 tox|[from] ability: Poison Heal
|upkeep
|turn|8
|
|t:|1760718349
|move|p2a: Gliscor|Protect|p2a: Gliscor
|-singleturn|p2a: Gliscor|Protect
|move|p1a: Kleavor|Close Combat|p2a: Gliscor
|-activate|p2a: Gliscor|move: Protect
|
|-heal|p2a: Gliscor|89/100 tox|[from] ability: Poison Heal
|upkeep
|turn|9
|
|t:|1760718358
|move|p1a: Kleavor|Close Combat|p2a: Gliscor
|-end|p2a: Gliscor|Substitute
|-unboost|p1a: Kleavor|def|1
|-unboost|p1a: Kleavor|spd|1
|move|p2a: Gliscor|Earthquake|p1a: Kleavor
|-damage|p1a: Kleavor|0 fnt
|faint|p1a: Kleavor
|
|-heal|p2a: Gliscor|100/100 tox|[from] ability: Poison Heal
|upkeep
|
|t:|1760718370
|switch|p1a: Brambleghast|Brambleghast, F|100/100
|-ability|p1a: Brambleghast|Wind Rider|boost
|-boost|p1a: Brambleghast|atk|1
|turn|10
|
|t:|1760718381
|-terastallize|p1a: Brambleghast|Ghost
|move|p2a: Gliscor|Protect|p2a: Gliscor
|-singleturn|p2a: Gliscor|Protect
|move|p1a: Brambleghast|Poltergeist|p2a: Gliscor
|-activate|p2a: Gliscor|move: Protect
|
|-sideend|p1: FZPIR|move: Tailwind
|upkeep
|turn|11
|
|t:|1760718391
|switch|p2a: Cinderace|Cinderace, F|1/100
|-damage|p2a: Cinderace|0 fnt|[from] Stealth Rock
|faint|p2a: Cinderace
|move|p1a: Brambleghast|Power Whip|p2: Cinderace|[notarget]
|-fail|p1a: Brambleghast
|
|upkeep
|
|t:|1760718399
|switch|p2a: Torkoal|Torkoal, M|100/100
|-damage|p2a: Torkoal|75/100|[from] Stealth Rock
|-weather|SunnyDay|[from] ability: Drought|[of] p2a: Torkoal
|turn|12
|
|t:|1760718413
|move|p1a: Brambleghast|Rapid Spin|p2a: Torkoal
|-damage|p2a: Torkoal|53/100
|-boost|p1a: Brambleghast|spe|1
|-damage|p1a: Brambleghast|91/100|[from] item: Life Orb
|move|p2a: Torkoal|Clear Smog|p1a: Brambleghast
|-resisted|p1a: Brambleghast
|-damage|p1a: Brambleghast|81/100
|-clearboost|p1a: Brambleghast
|
|-weather|SunnyDay|[upkeep]
|upkeep
|turn|13
|
|t:|1760718430
|move|p1a: Brambleghast|Poltergeist|p2a: Torkoal
|-activate|p2a: Torkoal|move: Poltergeist|Heat Rock
|-damage|p2a: Torkoal|0 fnt
|faint|p2a: Torkoal
|-damage|p1a: Brambleghast|71/100|[from] item: Life Orb
|
|-weather|SunnyDay|[upkeep]
|upkeep
|
|t:|1760718437
|switch|p2a: Charizard|Charizard, M|100/100
|-damage|p2a: Charizard|51/100|[from] Stealth Rock
|turn|14
|
|t:|1760718442
|switch|p1a: Moltres|Moltres|100/100
|move|p2a: Charizard|Weather Ball|p1a: Moltres
|-resisted|p1a: Moltres
|-damage|p1a: Moltres|12/100
|
|-weather|SunnyDay|[upkeep]
|-damage|p2a: Charizard|38/100|[from] ability: Solar Power|[of] p2a: Charizard
|upkeep
|turn|15
|
|t:|1760718451
|move|p2a: Charizard|Weather Ball|p1a: Moltres
|-resisted|p1a: Moltres
|-damage|p1a: Moltres|0 fnt
|faint|p1a: Moltres
|
|-weather|SunnyDay|[upkeep]
|-damage|p2a: Charizard|26/100|[from] ability: Solar Power|[of] p2a: Charizard
|upkeep
|
|t:|1760718459
|switch|p1a: Lokix|Lokix, F|100/100
|turn|16
|
|t:|1760718470
|move|p1a: Lokix|First Impression|p2a: Charizard
|-resisted|p2a: Charizard
|-damage|p2a: Charizard|0 fnt
|faint|p2a: Charizard
|
|-weather|SunnyDay|[upkeep]
|upkeep
|
|t:|1760718477
|switch|p2a: Zamazenta|Zamazenta|100/100
|-damage|p2a: Zamazenta|94/100|[from] Stealth Rock
|-ability|p2a: Zamazenta|Dauntless Shield|boost
|-boost|p2a: Zamazenta|def|1
|turn|17
|
|t:|1760718486
|switch|p1a: Alomomola|Alomomola, F|100/100
|move|p2a: Zamazenta|Iron Defense|p2a: Zamazenta
|-boost|p2a: Zamazenta|def|2
|
|-weather|SunnyDay|[upkeep]
|-heal|p2a: Zamazenta|100/100|[from] item: Leftovers
|upkeep
|turn|18
|
|t:|1760718498
|switch|p2a: Meowscarada|Meowscarada, F|100/100
|-damage|p2a: Meowscarada|88/100|[from] Stealth Rock
|move|p1a: Alomomola|Flip Turn|p2a: Meowscarada
|-resisted|p2a: Meowscarada
|-damage|p2a: Meowscarada|82/100
|
|t:|1760718506
|switch|p1a: Lokix|Lokix, F|100/100|[from] Flip Turn
|
|-weather|SunnyDay|[upkeep]
|upkeep
|turn|19
|
|t:|1760718521
|switch|p2a: Zamazenta|Zamazenta|100/100
|-damage|p2a: Zamazenta|94/100|[from] Stealth Rock
|move|p1a: Lokix|First Impression|p2a: Zamazenta
|-resisted|p2a: Zamazenta
|-damage|p2a: Zamazenta|37/100
|
|-weather|none
|-heal|p2a: Zamazenta|43/100|[from] item: Leftovers
|upkeep
|turn|20
|-message|zoge666 forfeited.
|
|win|FZPIR
|raw|FZPIR's rating: 1100 &rarr; <strong>1120</strong><br />(+20 for winning)
|raw|zoge666's rating: 1032 &rarr; <strong>1020</strong><br />(-12 for losing)
|l|☆zoge666
|player|p2|
|l|☆FZPIR
|player|p1|
|j|☆FZPIR
|player|p1|FZPIR|1|
