|j|☆ghostoftheranch
|j|☆Perola Pe
|t:|1760795154
|gametype|singles
|player|p1|ghostoftheranch|medium|1447
|player|p2|Perola Pe|wallace|1419
|gen|9
|tier|[Gen 9] OU
|rated|
|rule|HP Percentage Mod: HP is shown in percentages
|rule|Endless Battle Clause: Forcing endless battles is banned
|rule|Species Clause: Limit one of each Pokémon
|rule|OHKO Clause: OHKO moves are banned
|rule|Evasion Items Clause: Evasion items are banned
|rule|Evasion Moves Clause: Evasion moves are banned
|rule|Evasion Abilities Clause: Evasion abilities are banned
|rule|Sleep Moves Clause: Sleep-inducing moves are banned
|clearpoke
|poke|p1|Conkeldurr, F|
|poke|p1|Clodsire, M|
|poke|p1|Enamorus, F|
|poke|p1|Skarmory, M|
|poke|p1|Dragonite, M|
|poke|p1|Sinistcha|
|poke|p2|Raging Bolt|
|poke|p2|Rillaboom, M|
|poke|p2|Enamorus, F|
|poke|p2|Zamazenta-*|
|poke|p2|Primarina, M|
|poke|p2|Cinderace, M|
|teampreview
|
|t:|1760795192
|teamsize|p1|6
|teamsize|p2|6
|start
|switch|p1a: Skarmory|Skarmory, M|100/100
|switch|p2a: Primarina|Primarina, M|100/100
|turn|1
|inactive|Battle timer is ON: inactive players will automatically lose when time's up. (requested by ghostoftheranch)
|
|t:|1760795199
|switch|p1a: Clodsire|Clodsire, M|100/100
|move|p2a: Primarina|Moonblast|p1a: Clodsire
|-resisted|p1a: Clodsire
|-damage|p1a: Clodsire|74/100
|
|-heal|p1a: Clodsire|80/100|[from] item: Leftovers
|upkeep
|turn|2
|
|t:|1760795209
|switch|p2a: Cinderace|Cinderace, M|100/100
|move|p1a: Clodsire|Stealth Rock|p2a: Cinderace
|-sidestart|p2: Perola Pe|move: Stealth Rock
|
|-heal|p1a: Clodsire|86/100|[from] item: Leftovers
|upkeep
|turn|3
|
|t:|1760795216
|move|p2a: Cinderace|Pyro Ball|p1a: Clodsire
|-damage|p1a: Clodsire|43/100
|move|p1a: Clodsire|Toxic|p2a: Cinderace
|-status|p2a: Cinderace|tox
|
|-heal|p1a: Clodsire|49/100|[from] item: Leftovers
|-damage|p2a: Cinderace|94/100 tox|[from] psn
|upkeep
|turn|4
|
|t:|1760795224
|move|p2a: Cinderace|Court Change|p2a: Cinderace
|-start|p2a: Cinderace|typechange|Normal|[from] ability: Libero
|-swapsideconditions
|-activate|p2a: Cinderace|move: Court Change
|move|p1a: Clodsire|Recover|p1a: Clodsire
|-heal|p1a: Clodsire|99/100
|
|-heal|p1a: Clodsire|100/100|[from] item: Leftovers
|-damage|p2a: Cinderace|82/100 tox|[from] psn
|upkeep
|turn|5
|
|t:|1760795237
|move|p2a: Cinderace|U-turn|p1a: Clodsire
|-resisted|p1a: Clodsire
|-damage|p1a: Clodsire|92/100
|
|t:|1760795244
|switch|p2a: Rillaboom|Rillaboom, M|100/100|[from] U-turn
|-fieldstart|move: Grassy Terrain|[from] ability: Grassy Surge|[of] p2a: Rillaboom
|move|p1a: Clodsire|Recover|p1a: Clodsire
|-heal|p1a: Clodsire|100/100
|
|upkeep
|turn|6
|
|t:|1760795254
|switch|p1a: Skarmory|Skarmory, M|100/100
|-damage|p1a: Skarmory|88/100|[from] Stealth Rock
|move|p2a: Rillaboom|Swords Dance|p2a: Rillaboom
|-boost|p2a: Rillaboom|atk|2
|
|-heal|p1a: Skarmory|94/100|[from] item: Leftovers
|upkeep
|turn|7
|
|t:|1760795263
|move|p2a: Rillaboom|Swords Dance|p2a: Rillaboom
|-boost|p2a: Rillaboom|atk|2
|move|p1a: Skarmory|Whirlwind|p2a: Rillaboom
|drag|p2a: Cinderace|Cinderace, M|82/100 tox
|
|-heal|p2a: Cinderace|88/100 tox|[from] Grassy Terrain
|-heal|p1a: Skarmory|100/100|[from] item: Leftovers
|-damage|p2a: Cinderace|82/100 tox|[from] psn
|upkeep
|turn|8
|
|t:|1760795270
|-terastallize|p1a: Skarmory|Dragon
|move|p2a: Cinderace|U-turn|p1a: Skarmory
|-start|p2a: Cinderace|typechange|Bug|[from] ability: Libero
|-damage|p1a: Skarmory|76/100
|
|t:|1760795277
|switch|p2a: Primarina|Primarina, M|100/100|[from] U-turn
|move|p1a: Skarmory|Spikes|p2a: Primarina
|-sidestart|p2: Perola Pe|Spikes
|
|-heal|p1a: Skarmory|83/100|[from] Grassy Terrain
|-heal|p1a: Skarmory|89/100|[from] item: Leftovers
|upkeep
|turn|9
|
|t:|1760795287
|switch|p1a: Clodsire|Clodsire, M|100/100
|-damage|p1a: Clodsire|94/100|[from] Stealth Rock
|move|p2a: Primarina|Psychic Noise|p1a: Clodsire
|-supereffective|p1a: Clodsire
|-damage|p1a: Clodsire|38/100
|-start|p1a: Clodsire|move: Heal Block
|
|-fieldend|move: Grassy Terrain
|upkeep
|turn|10
|
|t:|1760795297
|switch|p1a: Skarmory|Skarmory, M, tera:Dragon|89/100
|-damage|p1a: Skarmory|76/100|[from] Stealth Rock
|move|p2a: Primarina|Psychic Noise|p1a: Skarmory
|-damage|p1a: Skarmory|29/100
|-start|p1a: Skarmory|move: Heal Block
|
|upkeep
|turn|11
|
|t:|1760795304
|switch|p1a: Conkeldurr|Conkeldurr, F|100/100
|-damage|p1a: Conkeldurr|94/100|[from] Stealth Rock
|move|p2a: Primarina|Psychic Noise|p1a: Conkeldurr
|-supereffective|p1a: Conkeldurr
|-damage|p1a: Conkeldurr|41/100
|-start|p1a: Conkeldurr|move: Heal Block
|
|upkeep
|turn|12
|
|t:|1760795313
|move|p2a: Primarina|Psychic Noise|p1a: Conkeldurr
|-supereffective|p1a: Conkeldurr
|-damage|p1a: Conkeldurr|0 fnt
|faint|p1a: Conkeldurr
|
|upkeep
|
|t:|1760795332
|switch|p1a: Sinistcha|Sinistcha|100/100
|turn|13
|
|t:|1760795335
|move|p2a: Primarina|Psychic Noise|p1a: Sinistcha
|-damage|p1a: Sinistcha|53/100
|-start|p1a: Sinistcha|move: Heal Block
|cant|p1a: Sinistcha|move: Heal Block|Matcha Gotcha
|
|upkeep
|turn|14
|
|t:|1760795351
|switch|p1a: Enamorus|Enamorus, F|100/100
|-damage|p1a: Enamorus|76/100|[from] Stealth Rock
|move|p2a: Primarina|Psychic Noise|p1a: Enamorus
|-damage|p1a: Enamorus|13/100
|-start|p1a: Enamorus|move: Heal Block
|
|upkeep
|turn|15
|
|t:|1760795360
|switch|p2a: Cinderace|Cinderace, M|82/100 tox
|move|p1a: Enamorus|Moonblast|p2a: Cinderace
|-resisted|p2a: Cinderace
|-damage|p2a: Cinderace|40/100 tox
|
|-damage|p2a: Cinderace|34/100 tox|[from] psn
|-end|p1a: Enamorus|move: Heal Block
|upkeep
|turn|16
|
|t:|1760795389
|switch|p1a: Sinistcha|Sinistcha|53/100
|move|p2a: Cinderace|Pyro Ball|p1a: Sinistcha
|-supereffective|p1a: Sinistcha
|-damage|p1a: Sinistcha|14/100
|
|-damage|p2a: Cinderace|22/100 tox|[from] psn
|upkeep
|turn|17
|
|t:|1760795398
|move|p2a: Cinderace|U-turn|p1a: Sinistcha
|-start|p2a: Cinderace|typechange|Bug|[from] ability: Libero
|-damage|p1a: Sinistcha|0 fnt
|faint|p1a: Sinistcha
|
|t:|1760795414
|switch|p2a: Enamorus|Enamorus, F|100/100|[from] U-turn
|
|upkeep
|
|t:|1760795427
|switch|p1a: Clodsire|Clodsire, M|38/100
|-damage|p1a: Clodsire|32/100|[from] Stealth Rock
|turn|18
|
|t:|1760795434
|switch|p1a: Dragonite|Dragonite, M|100/100
|move|p2a: Enamorus|Earth Power|p1a: Dragonite
|-immune|p1a: Dragonite
|
|upkeep
|turn|19
|
|t:|1760795443
|move|p2a: Enamorus|Taunt|p1a: Dragonite
|-start|p1a: Dragonite|move: Taunt
|cant|p1a: Dragonite|move: Taunt|Dragon Dance
|
|upkeep
|turn|20
|
|t:|1760795454
|move|p1a: Dragonite|Extreme Speed|p2a: Enamorus
|-damage|p2a: Enamorus|50/100
|move|p2a: Enamorus|Moonblast|p1a: Dragonite
|-supereffective|p1a: Dragonite
|-damage|p1a: Dragonite|42/100
|-unboost|p1a: Dragonite|spa|1
|
|upkeep
|turn|21
|
|t:|1760795462
|move|p1a: Dragonite|Extreme Speed|p2a: Enamorus
|-damage|p2a: Enamorus|1/100
|move|p2a: Enamorus|Moonblast|p1a: Dragonite
|-supereffective|p1a: Dragonite
|-damage|p1a: Dragonite|0 fnt
|faint|p1a: Dragonite
|
|upkeep
|-message|ghostoftheranch forfeited.
|
|win|Perola Pe
|raw|ghostoftheranch's rating: 1447 &rarr; <strong>1425</strong><br />(-22 for losing)
|raw|Perola Pe's rating: 1419 &rarr; <strong>1441</strong><br />(+22 for winning)
|l|☆ghostoftheranch
|player|p1|
