|j|☆TJSquirtleace
|j|☆schummel_8
|t:|1760828549
|gametype|singles
|player|p1|TJSquirtleace|169|1135
|player|p2|schummel_8|170|1170
|gen|9
|tier|[Gen 9] OU
|rated|
|rule|HP Percentage Mod: HP is shown in percentages
|rule|Endless Battle Clause: Forcing endless battles is banned
|rule|Species Clause: Limit one of each Pokémon
|rule|OHKO Clause: OHKO moves are banned
|rule|Evasion Items Clause: Evasion items are banned
|rule|Evasion Moves Clause: Evasion moves are banned
|rule|Evasion Abilities Clause: Evasion abilities are banned
|rule|Sleep Moves Clause: Sleep-inducing moves are banned
|clearpoke
|poke|p1|Quaquaval, M|
|poke|p1|Blaziken, F|
|poke|p1|Decidueye, F|
|poke|p1|Lokix, F|
|poke|p1|Kilowattrel, M|
|poke|p1|Excadrill, M|
|poke|p2|Clefable, F|
|poke|p2|Comfey, M|
|poke|p2|Sylveon, M|
|poke|p2|Florges, F|
|poke|p2|Alcremie, F|
|poke|p2|Dachsbun, M|
|teampreview
|inactive|Battle timer is ON: inactive players will automatically lose when time's up. (requested by TJSquirtleace)
|
|t:|1760828562
|teamsize|p1|6
|teamsize|p2|6
|start
|switch|p1a: Kilowattrel|Kilowattrel, M|100/100
|switch|p2a: Comfey|Comfey, M|100/100
|turn|1
|
|t:|1760828569
|move|p1a: Kilowattrel|Tailwind|p1a: Kilowattrel
|-sidestart|p1: TJSquirtleace|move: Tailwind
|-start|p1a: Kilowattrel|Charge|Tailwind|[from] ability: Wind Power
|move|p2a: Comfey|Calm Mind|p2a: Comfey
|-boost|p2a: Comfey|spa|1
|-boost|p2a: Comfey|spd|1
|
|upkeep
|turn|2
|
|t:|1760828577
|move|p1a: Kilowattrel|Thunderbolt|p2a: Comfey
|-damage|p2a: Comfey|10/100
|-end|p1a: Kilowattrel|Charge|[silent]
|move|p2a: Comfey|Calm Mind|p2a: Comfey
|-boost|p2a: Comfey|spa|1
|-boost|p2a: Comfey|spd|1
|
|-heal|p2a: Comfey|16/100|[from] item: Leftovers
|upkeep
|turn|3
|
|t:|1760828585
|move|p2a: Comfey|Draining Kiss|p1a: Kilowattrel
|-damage|p1a: Kilowattrel|28/100
|-heal|p2a: Comfey|80/100|[from] drain|[of] p1a: Kilowattrel
|move|p1a: Kilowattrel|Thunderbolt|p2a: Comfey
|-damage|p2a: Comfey|46/100
|-status|p2a: Comfey|par
|
|-heal|p2a: Comfey|52/100 par|[from] item: Leftovers
|upkeep
|turn|4
|
|t:|1760828595
|move|p1a: Kilowattrel|Thunderbolt|p2a: Comfey
|-damage|p2a: Comfey|22/100 par
|cant|p2a: Comfey|par
|
|-heal|p2a: Comfey|28/100 par|[from] item: Leftovers
|-sideend|p1: TJSquirtleace|move: Tailwind
|upkeep
|turn|5
|
|t:|1760828603
|move|p2a: Comfey|Draining Kiss|p1a: Kilowattrel
|-crit|p1a: Kilowattrel
|-damage|p1a: Kilowattrel|0 fnt
|-heal|p2a: Comfey|52/100 par|[from] drain|[of] p1a: Kilowattrel
|faint|p1a: Kilowattrel
|
|-heal|p2a: Comfey|58/100 par|[from] item: Leftovers
|upkeep
|
|t:|1760828609
|switch|p1a: Lokix|Lokix, F|100/100
|turn|6
|
|t:|1760828614
|move|p2a: Comfey|Draining Kiss|p1a: Lokix
|-supereffective|p1a: Lokix
|-damage|p1a: Lokix|0 fnt
|-heal|p2a: Comfey|100/100 par|[from] drain|[of] p1a: Lokix
|faint|p1a: Lokix
|
|upkeep
|
|t:|1760828618
|switch|p1a: Decidueye|Decidueye, F|100/100
|turn|7
|
|t:|1760828622
|move|p2a: Comfey|Draining Kiss|p1a: Decidueye
|-damage|p1a: Decidueye|61/100
|move|p1a: Decidueye|Nasty Plot|p1a: Decidueye
|-boost|p1a: Decidueye|spa|2
|
|-heal|p1a: Decidueye|67/100|[from] item: Leftovers
|upkeep
|turn|8
|
|t:|1760828631
|move|p1a: Decidueye|Nasty Plot|p1a: Decidueye
|-boost|p1a: Decidueye|spa|2
|move|p2a: Comfey|Calm Mind|p2a: Comfey
|-boost|p2a: Comfey|spa|1
|-boost|p2a: Comfey|spd|1
|
|-heal|p1a: Decidueye|74/100|[from] item: Leftovers
|upkeep
|turn|9
|
|t:|1760828641
|move|p1a: Decidueye|Giga Drain|p2a: Comfey
|-damage|p2a: Comfey|45/100 par
|-heal|p1a: Decidueye|92/100|[from] drain|[of] p2a: Comfey
|move|p2a: Comfey|Calm Mind|p2a: Comfey
|-boost|p2a: Comfey|spa|1
|-boost|p2a: Comfey|spd|1
|
|-heal|p1a: Decidueye|99/100|[from] item: Leftovers
|-heal|p2a: Comfey|51/100 par|[from] item: Leftovers
|upkeep
|turn|10
|
|t:|1760828651
|cant|p2a: Comfey|par
|move|p1a: Decidueye|Giga Drain|p2a: Comfey
|-damage|p2a: Comfey|1/100 par
|-heal|p1a: Decidueye|100/100|[from] drain|[of] p2a: Comfey
|
|-heal|p2a: Comfey|7/100 par|[from] item: Leftovers
|upkeep
|turn|11
|
|t:|1760828659
|cant|p2a: Comfey|par
|move|p1a: Decidueye|Giga Drain|p2a: Comfey
|-damage|p2a: Comfey|0 fnt
|faint|p2a: Comfey
|
|upkeep
|
|t:|1760828666
|switch|p2a: Clefable|Clefable, F|100/100
|turn|12
|
|t:|1760828671
|move|p1a: Decidueye|Giga Drain|p2a: Clefable
|-damage|p2a: Clefable|67/100
|move|p2a: Clefable|Cosmic Power|p2a: Clefable
|-boost|p2a: Clefable|def|1
|-boost|p2a: Clefable|spd|1
|
|-heal|p2a: Clefable|73/100|[from] item: Leftovers
|upkeep
|turn|13
|
|t:|1760828681
|move|p1a: Decidueye|Shadow Ball|p2a: Clefable
|-damage|p2a: Clefable|49/100
|move|p2a: Clefable|Cosmic Power|p2a: Clefable
|-boost|p2a: Clefable|def|1
|-boost|p2a: Clefable|spd|1
|
|-heal|p2a: Clefable|55/100|[from] item: Leftovers
|upkeep
|turn|14
|
|t:|1760828690
|move|p1a: Decidueye|Shadow Ball|p2a: Clefable
|-damage|p2a: Clefable|38/100
|move|p2a: Clefable|Cosmic Power|p2a: Clefable
|-boost|p2a: Clefable|def|1
|-boost|p2a: Clefable|spd|1
|
|-heal|p2a: Clefable|44/100|[from] item: Leftovers
|upkeep
|turn|15
|
|t:|1760828700
|move|p1a: Decidueye|Shadow Ball|p2a: Clefable
|-crit|p2a: Clefable
|-damage|p2a: Clefable|0 fnt
|faint|p2a: Clefable
|
|upkeep
|
|t:|1760828718
|switch|p2a: Sylveon|Sylveon, M|100/100
|turn|16
|
|t:|1760828726
|move|p1a: Decidueye|Giga Drain|p2a: Sylveon
|-damage|p2a: Sylveon|23/100
|move|p2a: Sylveon|Calm Mind|p2a: Sylveon
|-boost|p2a: Sylveon|spa|1
|-boost|p2a: Sylveon|spd|1
|
|upkeep
|turn|17
|-message|schummel_8 forfeited.
|
|win|TJSquirtleace
|raw|TJSquirtleace's rating: 1135 &rarr; <strong>1163</strong><br />(+28 for winning)
|raw|schummel_8's rating: 1170 &rarr; <strong>1142</strong><br />(-28 for losing)
|l|☆schummel_8
|player|p2|
|l|☆TJSquirtleace
|player|p1|
