|j|☆Tungsten Daniel
|j|☆exposed king
|t:|1760793731
|gametype|singles
|player|p1|Tungsten Daniel|ingo|1336
|player|p2|exposed king|101|1322
|gen|9
|tier|[Gen 9] OU
|rated|
|rule|HP Percentage Mod: HP is shown in percentages
|rule|Endless Battle Clause: Forcing endless battles is banned
|rule|Species Clause: Limit one of each Pokémon
|rule|OHKO Clause: OHKO moves are banned
|rule|Evasion Items Clause: Evasion items are banned
|rule|Evasion Moves Clause: Evasion moves are banned
|rule|Evasion Abilities Clause: Evasion abilities are banned
|rule|Sleep Moves Clause: Sleep-inducing moves are banned
|clearpoke
|poke|p1|Alomomola, M|
|poke|p1|Gallade, M|
|poke|p1|Slowking-Galar, M|
|poke|p1|Serperior, M|
|poke|p1|Braviary, M|
|poke|p1|Gliscor, M|
|poke|p2|Darkrai|
|poke|p2|Garchomp, M|
|poke|p2|Ditto|
|poke|p2|Azumarill, M|
|poke|p2|Thundurus-Therian, M|
|poke|p2|Volcanion|
|teampreview
|
|t:|1760793746
|teamsize|p1|6
|teamsize|p2|6
|start
|switch|p1a: Gliscor|Gliscor, M|100/100
|switch|p2a: Thundurus|Thundurus-Therian, M|100/100
|turn|1
|
|t:|1760793754
|switch|p2a: Ditto|Ditto|100/100
|-transform|p2a: Ditto|p1a: Gliscor|[from] ability: Imposter
|move|p1a: Gliscor|Swords Dance|p1a: Gliscor
|-boost|p1a: Gliscor|atk|2
|
|-status|p1a: Gliscor|tox|[from] item: Toxic Orb
|upkeep
|turn|2
|
|t:|1760793767
|switch|p2a: Garchomp|Garchomp, M|100/100
|move|p1a: Gliscor|Facade|p2a: Garchomp
|-damage|p2a: Garchomp|44/100
|-damage|p1a: Gliscor|88/100 tox|[from] ability: Rough Skin|[of] p2a: Garchomp
|-damage|p1a: Gliscor|72/100 tox|[from] item: Rocky Helmet|[of] p2a: Garchomp
|
|-heal|p1a: Gliscor|84/100 tox|[from] ability: Poison Heal
|upkeep
|turn|3
|
|t:|1760793777
|move|p1a: Gliscor|Earthquake|p2a: Garchomp
|-damage|p2a: Garchomp|0 fnt
|faint|p2a: Garchomp
|
|-heal|p1a: Gliscor|96/100 tox|[from] ability: Poison Heal
|upkeep
|
|t:|1760793780
|switch|p2a: Darkrai|Darkrai|100/100
|turn|4
|
|t:|1760793784
|move|p1a: Gliscor|Protect|p1a: Gliscor
|-singleturn|p1a: Gliscor|Protect
|move|p2a: Darkrai|Ice Beam|p1a: Gliscor
|-activate|p1a: Gliscor|move: Protect
|
|-heal|p1a: Gliscor|100/100 tox|[from] ability: Poison Heal
|upkeep
|turn|5
|
|t:|1760793794
|switch|p1a: Alomomola|Alomomola, M|100/100
|move|p2a: Darkrai|Ice Beam|p1a: Alomomola
|-resisted|p1a: Alomomola
|-damage|p1a: Alomomola|82/100
|
|-heal|p1a: Alomomola|88/100|[from] item: Leftovers
|upkeep
|turn|6
|
|t:|1760793804
|switch|p2a: Volcanion|Volcanion|100/100
|move|p1a: Alomomola|Flip Turn|p2a: Volcanion
|-immune|p2a: Volcanion|[from] ability: Water Absorb
|
|-heal|p1a: Alomomola|94/100|[from] item: Leftovers
|upkeep
|turn|7
|
|t:|1760793808
|move|p2a: Volcanion|Steam Eruption|p1a: Alomomola
|-resisted|p1a: Alomomola
|-damage|p1a: Alomomola|76/100
|move|p1a: Alomomola|Wish|p1a: Alomomola
|
|-heal|p1a: Alomomola|82/100|[from] item: Leftovers
|upkeep
|turn|8
|
|t:|1760793825
|switch|p2a: Azumarill|Azumarill, M|100/100
|switch|p1a: Gallade|Gallade, M|100/100
|
|upkeep
|turn|9
|
|t:|1760793832
|switch|p1a: Slowking|Slowking-Galar, M|100/100
|move|p2a: Azumarill|Play Rough|p1a: Slowking
|-resisted|p1a: Slowking
|-damage|p1a: Slowking|81/100
|
|-heal|p1a: Slowking|87/100|[from] item: Black Sludge
|upkeep
|turn|10
|
|t:|1760793848
|move|p2a: Azumarill|Knock Off|p1a: Slowking
|-supereffective|p1a: Slowking
|-damage|p1a: Slowking|33/100
|-enditem|p1a: Slowking|Black Sludge|[from] move: Knock Off|[of] p2a: Azumarill
|move|p1a: Slowking|Sludge Bomb|p2a: Azumarill
|-supereffective|p2a: Azumarill
|-damage|p2a: Azumarill|61/100
|-status|p2a: Azumarill|psn
|
|-damage|p2a: Azumarill|49/100 psn|[from] psn
|upkeep
|turn|11
|
|t:|1760793868
|switch|p2a: Thundurus|Thundurus-Therian, M|100/100
|switch|p1a: Gliscor|Gliscor, M|100/100 tox
|
|upkeep
|turn|12
|
|t:|1760793877
|-terastallize|p2a: Thundurus|Flying
|move|p2a: Thundurus|Tera Blast|p1a: Gliscor|[anim] Tera Blast Flying
|-damage|p1a: Gliscor|9/100 tox
|move|p1a: Gliscor|Swords Dance|p1a: Gliscor
|-boost|p1a: Gliscor|atk|2
|
|-heal|p1a: Gliscor|21/100 tox|[from] ability: Poison Heal
|upkeep
|turn|13
|
|t:|1760793882
|move|p1a: Gliscor|Protect|p1a: Gliscor
|-singleturn|p1a: Gliscor|Protect
|move|p2a: Thundurus|Tera Blast|p1a: Gliscor|[anim] Tera Blast Flying
|-activate|p1a: Gliscor|move: Protect
|
|-heal|p1a: Gliscor|34/100 tox|[from] ability: Poison Heal
|upkeep
|turn|14
|
|t:|1760793894
|switch|p1a: Braviary|Braviary, M|100/100
|move|p2a: Thundurus|Tera Blast|p1a: Braviary|[anim] Tera Blast Flying
|-damage|p1a: Braviary|37/100
|
|upkeep
|turn|15
|
|t:|1760793900
|move|p2a: Thundurus|Tera Blast|p1a: Braviary|[anim] Tera Blast Flying
|-damage|p1a: Braviary|0 fnt
|faint|p1a: Braviary
|
|upkeep
|
|t:|1760793927
|switch|p1a: Gallade|Gallade, M|100/100
|turn|16
|
|t:|1760793932
|-terastallize|p1a: Gallade|Dark
|move|p2a: Thundurus|Tera Blast|p1a: Gallade|[anim] Tera Blast Flying
|-damage|p1a: Gallade|25/100
|move|p1a: Gallade|Psycho Cut|p2a: Thundurus
|-damage|p2a: Thundurus|0 fnt
|faint|p2a: Thundurus
|
|upkeep
|
|t:|1760793939
|switch|p2a: Ditto|Ditto|100/100
|-transform|p2a: Ditto|p1a: Gallade|[from] ability: Imposter
|-start|p2a: Ditto|typechange|Psychic/Fighting|[silent]
|turn|17
|
|t:|1760793945
|switch|p1a: Slowking|Slowking-Galar, M|66/100
|move|p2a: Ditto|Sacred Sword|p1a: Slowking
|-resisted|p1a: Slowking
|-damage|p1a: Slowking|54/100
|
|upkeep
|turn|18
|
|t:|1760793951
|move|p2a: Ditto|Night Slash|p1a: Slowking
|-supereffective|p1a: Slowking
|-crit|p1a: Slowking
|-damage|p1a: Slowking|0 fnt
|faint|p1a: Slowking
|
|upkeep
|
|t:|1760793963
|switch|p1a: Serperior|Serperior, M|100/100
|turn|19
|
|t:|1760793981
|switch|p2a: Volcanion|Volcanion|100/100
|move|p1a: Serperior|Glare|p2a: Volcanion
|-status|p2a: Volcanion|par
|
|upkeep
|turn|20
|
|t:|1760793989
|switch|p1a: Alomomola|Alomomola, M|100/100
|move|p2a: Volcanion|Flamethrower|p1a: Alomomola
|-resisted|p1a: Alomomola
|-damage|p1a: Alomomola|84/100
|
|-heal|p1a: Alomomola|90/100|[from] item: Leftovers
|upkeep
|turn|21
|
|t:|1760793997
|switch|p2a: Ditto|Ditto|100/100
|-transform|p2a: Ditto|p1a: Alomomola|[from] ability: Imposter
|move|p1a: Alomomola|Wish|p1a: Alomomola
|
|-heal|p1a: Alomomola|96/100|[from] item: Leftovers
|upkeep
|turn|22
|
|t:|1760794009
|switch|p2a: Volcanion|Volcanion|100/100 par
|move|p1a: Alomomola|Flip Turn|p2a: Volcanion
|-immune|p2a: Volcanion|[from] ability: Water Absorb
|
|-heal|p1a: Alomomola|100/100|[from] move: Wish|[wisher] Alomomola
|upkeep
|turn|23
|
|t:|1760794017
|move|p1a: Alomomola|Wish|p1a: Alomomola
|move|p2a: Volcanion|Steam Eruption|p1a: Alomomola
|-resisted|p1a: Alomomola
|-damage|p1a: Alomomola|82/100
|-status|p1a: Alomomola|brn
|
|-heal|p1a: Alomomola|88/100 brn|[from] item: Leftovers
|-damage|p1a: Alomomola|82/100 brn|[from] brn
|upkeep
|turn|24
|
|t:|1760794023
|move|p1a: Alomomola|Protect|p1a: Alomomola
|-singleturn|p1a: Alomomola|Protect
|move|p2a: Volcanion|Steam Eruption|p1a: Alomomola
|-activate|p1a: Alomomola|move: Protect
|
|-heal|p1a: Alomomola|100/100 brn|[from] move: Wish|[wisher] Alomomola
|-damage|p1a: Alomomola|94/100 brn|[from] brn
|upkeep
|turn|25
|
|t:|1760794035
|switch|p2a: Darkrai|Darkrai|100/100
|move|p1a: Alomomola|Flip Turn|p2a: Darkrai
|-damage|p2a: Darkrai|89/100
|
|t:|1760794040
|switch|p1a: Serperior|Serperior, M|100/100|[from] Flip Turn
|
|upkeep
|turn|26
|
|t:|1760794046
|switch|p1a: Alomomola|Alomomola, M|100/100 brn
|move|p2a: Darkrai|Ice Beam|p1a: Alomomola
|-resisted|p1a: Alomomola
|-damage|p1a: Alomomola|82/100 brn
|
|-heal|p1a: Alomomola|88/100 brn|[from] item: Leftovers
|-damage|p1a: Alomomola|82/100 brn|[from] brn
|upkeep
|turn|27
|
|t:|1760794051
|switch|p2a: Volcanion|Volcanion|100/100 par
|move|p1a: Alomomola|Wish|p1a: Alomomola
|
|-heal|p1a: Alomomola|88/100 brn|[from] item: Leftovers
|-damage|p1a: Alomomola|82/100 brn|[from] brn
|upkeep
|turn|28
|
|t:|1760794056
|move|p1a: Alomomola|Protect|p1a: Alomomola
|-singleturn|p1a: Alomomola|Protect
|move|p2a: Volcanion|Steam Eruption|p1a: Alomomola
|-activate|p1a: Alomomola|move: Protect
|
|-heal|p1a: Alomomola|100/100 brn|[from] move: Wish|[wisher] Alomomola
|-damage|p1a: Alomomola|94/100 brn|[from] brn
|upkeep
|turn|29
|
|t:|1760794060
|switch|p2a: Darkrai|Darkrai|89/100
|move|p1a: Alomomola|Wish|p1a: Alomomola
|
|-heal|p1a: Alomomola|100/100 brn|[from] item: Leftovers
|-damage|p1a: Alomomola|94/100 brn|[from] brn
|upkeep
|turn|30
|
|t:|1760794068
|switch|p2a: Volcanion|Volcanion|100/100 par
|move|p1a: Alomomola|Flip Turn|p2a: Volcanion
|-immune|p2a: Volcanion|[from] ability: Water Absorb
|
|-heal|p1a: Alomomola|100/100 brn|[from] move: Wish|[wisher] Alomomola
|-damage|p1a: Alomomola|94/100 brn|[from] brn
|upkeep
|turn|31
|
|t:|1760794073
|switch|p2a: Darkrai|Darkrai|89/100
|move|p1a: Alomomola|Scald|p2a: Darkrai
|-damage|p2a: Darkrai|71/100
|
|-heal|p1a: Alomomola|100/100 brn|[from] item: Leftovers
|-damage|p1a: Alomomola|94/100 brn|[from] brn
|upkeep
|turn|32
|
|t:|1760794080
|move|p2a: Darkrai|Dark Pulse|p1a: Alomomola
|-damage|p1a: Alomomola|44/100 brn
|move|p1a: Alomomola|Wish|p1a: Alomomola
|
|-heal|p1a: Alomomola|50/100 brn|[from] item: Leftovers
|-damage|p1a: Alomomola|44/100 brn|[from] brn
|upkeep
|turn|33
|
|t:|1760794108
|switch|p1a: Serperior|Serperior, M|100/100
|move|p2a: Darkrai|Dark Pulse|p1a: Serperior
|-damage|p1a: Serperior|26/100
|
|-heal|p1a: Serperior|100/100|[from] move: Wish|[wisher] Alomomola
|upkeep
|turn|34
|
|t:|1760794119
|switch|p2a: Volcanion|Volcanion|100/100 par
|move|p1a: Serperior|Leaf Storm|p2a: Volcanion
|-damage|p2a: Volcanion|61/100 par
|-boost|p1a: Serperior|spa|2
|
|upkeep
|turn|35
|
|t:|1760794125
|move|p1a: Serperior|Leaf Storm|p2a: Volcanion
|-damage|p2a: Volcanion|0 fnt
|-boost|p1a: Serperior|spa|2
|faint|p2a: Volcanion
|
|upkeep
|
|t:|1760794128
|switch|p2a: Ditto|Ditto|100/100
|-transform|p2a: Ditto|p1a: Serperior|[from] ability: Imposter
|turn|36
|
|t:|1760794134
|move|p1a: Serperior|Glare|p2a: Ditto
|-status|p2a: Ditto|par
|cant|p2a: Ditto|par
|
|upkeep
|turn|37
|
|t:|1760794139
|move|p1a: Serperior|Tera Blast|p2a: Ditto
|-damage|p2a: Ditto|34/100 par
|move|p2a: Ditto|Leaf Storm|p1a: Serperior
|-resisted|p1a: Serperior
|-damage|p1a: Serperior|13/100
|-boost|p2a: Ditto|spa|2
|
|-heal|p1a: Serperior|19/100|[from] item: Leftovers
|upkeep
|turn|38
|
|t:|1760794147
|move|p1a: Serperior|Tera Blast|p2a: Ditto
|-damage|p2a: Ditto|0 fnt
|faint|p2a: Ditto
|
|-heal|p1a: Serperior|25/100|[from] item: Leftovers
|upkeep
|
|t:|1760794149
|switch|p2a: Darkrai|Darkrai|71/100
|turn|39
|
|t:|1760794162
|switch|p1a: Gliscor|Gliscor, M|34/100 tox
|move|p2a: Darkrai|Dark Pulse|p1a: Gliscor
|-damage|p1a: Gliscor|0 fnt
|faint|p1a: Gliscor
|
|upkeep
|
|t:|1760794166
|switch|p1a: Alomomola|Alomomola, M|77/100 brn
|turn|40
|
|t:|1760794169
|move|p2a: Darkrai|Dark Pulse|p1a: Alomomola
|-damage|p1a: Alomomola|34/100 brn
|move|p1a: Alomomola|Wish|p1a: Alomomola
|
|-heal|p1a: Alomomola|40/100 brn|[from] item: Leftovers
|-damage|p1a: Alomomola|34/100 brn|[from] brn
|upkeep
|turn|41
|
|t:|1760794179
|switch|p1a: Gallade|Gallade, M, tera:Dark|25/100
|move|p2a: Darkrai|Dark Pulse|p1a: Gallade
|-resisted|p1a: Gallade
|-damage|p1a: Gallade|0 fnt
|faint|p1a: Gallade
|
|upkeep
|
|t:|1760794185
|switch|p1a: Alomomola|Alomomola, M|67/100 brn
|turn|42
|
|t:|1760794189
|move|p2a: Darkrai|Dark Pulse|p1a: Alomomola
|-damage|p1a: Alomomola|22/100 brn
|cant|p1a: Alomomola|flinch
|
|-heal|p1a: Alomomola|28/100 brn|[from] item: Leftovers
|-damage|p1a: Alomomola|22/100 brn|[from] brn
|upkeep
|turn|43
|
|t:|1760794193
|move|p1a: Alomomola|Protect|p1a: Alomomola
|-singleturn|p1a: Alomomola|Protect
|move|p2a: Darkrai|Dark Pulse|p1a: Alomomola
|-activate|p1a: Alomomola|move: Protect
|
|-heal|p1a: Alomomola|28/100 brn|[from] item: Leftovers
|-damage|p1a: Alomomola|22/100 brn|[from] brn
|upkeep
|turn|44
|-message|Tungsten Daniel forfeited.
|
|win|exposed king
|raw|Tungsten Daniel's rating: 1336 &rarr; <strong>1315</strong><br />(-21 for losing)
|raw|exposed king's rating: 1322 &rarr; <strong>1343</strong><br />(+21 for winning)
|l|☆Tungsten Daniel
|player|p1|
