|j|☆dirtyLarry123
|j|☆Exedron
|t:|1760791967
|gametype|singles
|player|p1|dirtyLarry123|2|1131
|player|p2|Exedron|1|1121
|gen|9
|tier|[Gen 9] OU
|rated|
|rule|HP Percentage Mod: HP is shown in percentages
|rule|Endless Battle Clause: Forcing endless battles is banned
|rule|Species Clause: Limit one of each Pokémon
|rule|OHKO Clause: OHKO moves are banned
|rule|Evasion Items Clause: Evasion items are banned
|rule|Evasion Moves Clause: Evasion moves are banned
|rule|Evasion Abilities Clause: Evasion abilities are banned
|rule|Sleep Moves Clause: Sleep-inducing moves are banned
|clearpoke
|poke|p1|Cloyster, F|
|poke|p1|Ninetales-Alola, M|
|poke|p1|Landorus-Therian, M|
|poke|p1|Espeon, F|
|poke|p1|Porygon-Z|
|poke|p1|Primeape, F|
|poke|p2|Glimmora, F|
|poke|p2|Garganacl, F|
|poke|p2|Pecharunt|
|poke|p2|Garchomp, M|
|poke|p2|Corviknight, F|
|poke|p2|Vaporeon, F|
|teampreview
|
|t:|1760791978
|teamsize|p1|6
|teamsize|p2|6
|start
|switch|p1a: Landorus|Landorus-Therian, M|100/100
|switch|p2a: Vaporeon|Vaporeon, F|100/100
|-ability|p1a: Landorus|Intimidate|boost
|-unboost|p2a: Vaporeon|atk|1
|turn|1
|
|t:|1760791984
|move|p1a: Landorus|Stealth Rock|p2a: Vaporeon
|-sidestart|p2: Exedron|move: Stealth Rock
|move|p2a: Vaporeon|Calm Mind|p2a: Vaporeon
|-boost|p2a: Vaporeon|spa|1
|-boost|p2a: Vaporeon|spd|1
|
|upkeep
|turn|2
|
|t:|1760791990
|move|p1a: Landorus|Taunt|p2a: Vaporeon
|-start|p2a: Vaporeon|move: Taunt
|move|p2a: Vaporeon|Ice Beam|p1a: Landorus
|-supereffective|p1a: Landorus
|-damage|p1a: Landorus|0 fnt
|faint|p1a: Landorus
|-damage|p2a: Vaporeon|91/100|[from] item: Life Orb
|
|upkeep
|
|t:|1760792001
|switch|p1a: Ninetales|Ninetales-Alola, M|100/100
|-weather|Snowscape|[from] ability: Snow Warning|[of] p1a: Ninetales
|turn|3
|
|t:|1760792006
|move|p1a: Ninetales|Aurora Veil|p1a: Ninetales
|-sidestart|p1: dirtyLarry123|move: Aurora Veil
|move|p2a: Vaporeon|Hydro Pump|p1a: Ninetales
|-damage|p1a: Ninetales|48/100
|-damage|p2a: Vaporeon|81/100|[from] item: Life Orb
|
|-weather|Snowscape|[upkeep]
|upkeep
|turn|4
|
|t:|1760792015
|move|p1a: Ninetales|Moonblast|p2a: Vaporeon
|-damage|p2a: Vaporeon|61/100
|-unboost|p2a: Vaporeon|spa|1
|move|p2a: Vaporeon|Hydro Pump|p1a: Ninetales
|-damage|p1a: Ninetales|15/100
|-damage|p2a: Vaporeon|51/100|[from] item: Life Orb
|
|-weather|Snowscape|[upkeep]
|-end|p2a: Vaporeon|move: Taunt
|upkeep
|turn|5
|
|t:|1760792026
|move|p1a: Ninetales|Moonblast|p2a: Vaporeon
|-damage|p2a: Vaporeon|34/100
|move|p2a: Vaporeon|Wish|p2a: Vaporeon
|
|-weather|Snowscape|[upkeep]
|upkeep
|turn|6
|
|t:|1760792036
|move|p1a: Ninetales|Moonblast|p2a: Vaporeon
|-damage|p2a: Vaporeon|17/100
|move|p2a: Vaporeon|Calm Mind|p2a: Vaporeon
|-boost|p2a: Vaporeon|spa|1
|-boost|p2a: Vaporeon|spd|1
|
|-weather|Snowscape|[upkeep]
|-heal|p2a: Vaporeon|67/100|[from] move: Wish|[wisher] Vaporeon
|upkeep
|turn|7
|
|t:|1760792050
|switch|p1a: Primeape|Primeape, F|100/100
|move|p2a: Vaporeon|Ice Beam|p1a: Primeape
|-damage|p1a: Primeape|76/100
|-damage|p2a: Vaporeon|57/100|[from] item: Life Orb
|
|-weather|none
|upkeep
|turn|8
|
|t:|1760792059
|move|p1a: Primeape|Close Combat|p2a: Vaporeon
|-damage|p2a: Vaporeon|12/100
|-unboost|p1a: Primeape|def|1
|-unboost|p1a: Primeape|spd|1
|move|p2a: Vaporeon|Wish|p2a: Vaporeon
|
|upkeep
|turn|9
|
|t:|1760792077
|move|p1a: Primeape|Close Combat|p2a: Vaporeon
|-damage|p2a: Vaporeon|0 fnt
|-unboost|p1a: Primeape|def|1
|-unboost|p1a: Primeape|spd|1
|faint|p2a: Vaporeon
|
|upkeep
|
|t:|1760792083
|switch|p2a: Glimmora|Glimmora, F|100/100
|-damage|p2a: Glimmora|88/100|[from] Stealth Rock
|turn|10
|
|t:|1760792090
|move|p1a: Primeape|Close Combat|p2a: Glimmora
|-damage|p2a: Glimmora|47/100
|-unboost|p1a: Primeape|def|1
|-unboost|p1a: Primeape|spd|1
|-activate|p2a: Glimmora|ability: Toxic Debris
|-sidestart|p1: dirtyLarry123|move: Toxic Spikes
|move|p2a: Glimmora|Mortal Spin|p1a: Primeape
|-damage|p1a: Primeape|67/100
|-status|p1a: Primeape|psn
|-sideend|p2: Exedron|Stealth Rock|[from] move: Mortal Spin|[of] p2a: Glimmora
|
|-heal|p2a: Glimmora|53/100|[from] item: Black Sludge
|-damage|p1a: Primeape|54/100 psn|[from] psn
|-sideend|p1: dirtyLarry123|move: Aurora Veil
|upkeep
|turn|11
|
|t:|1760792105
|move|p2a: Glimmora|Spiky Shield|p2a: Glimmora
|-singleturn|p2a: Glimmora|move: Protect
|move|p1a: Primeape|Close Combat|p2a: Glimmora
|-activate|p2a: Glimmora|move: Protect
|-damage|p1a: Primeape|42/100 psn|[from] Spiky Shield|[of] p2a: Glimmora
|
|-heal|p2a: Glimmora|60/100|[from] item: Black Sludge
|-damage|p1a: Primeape|30/100 psn|[from] psn
|upkeep
|turn|12
|
|t:|1760792115
|move|p1a: Primeape|Close Combat|p2a: Glimmora
|-damage|p2a: Glimmora|12/100
|-unboost|p1a: Primeape|def|1
|-unboost|p1a: Primeape|spd|1
|-activate|p2a: Glimmora|ability: Toxic Debris
|-sidestart|p1: dirtyLarry123|move: Toxic Spikes
|move|p2a: Glimmora|Venoshock|p1a: Primeape
|-damage|p1a: Primeape|0 fnt
|faint|p1a: Primeape
|
|-heal|p2a: Glimmora|18/100|[from] item: Black Sludge
|upkeep
|inactive|Battle timer is ON: inactive players will automatically lose when time's up. (requested by Exedron)
|
|t:|1760792141
|switch|p1a: Cloyster|Cloyster, F|100/100
|-status|p1a: Cloyster|tox
|turn|13
|
|t:|1760792148
|move|p1a: Cloyster|Shell Smash|p1a: Cloyster
|-unboost|p1a: Cloyster|def|1
|-unboost|p1a: Cloyster|spd|1
|-boost|p1a: Cloyster|atk|2
|-boost|p1a: Cloyster|spa|2
|-boost|p1a: Cloyster|spe|2
|move|p2a: Glimmora|Stealth Rock|p1a: Cloyster
|-sidestart|p1: dirtyLarry123|move: Stealth Rock
|
|-heal|p2a: Glimmora|24/100|[from] item: Black Sludge
|-damage|p1a: Cloyster|94/100 tox|[from] psn
|upkeep
|turn|14
|
|t:|1760792158
|move|p1a: Cloyster|Icicle Spear|p2a: Glimmora
|-damage|p2a: Glimmora|0 fnt
|faint|p2a: Glimmora
|-hitcount|p2: Glimmora|1
|-damage|p1a: Cloyster|84/100 tox|[from] item: Life Orb
|
|-damage|p1a: Cloyster|72/100 tox|[from] psn
|upkeep
|
|t:|1760792169
|switch|p2a: Garganacl|Garganacl, F|100/100
|turn|15
|
|t:|1760792174
|-terastallize|p2a: Garganacl|Ghost
|move|p1a: Cloyster|Icicle Spear|p2a: Garganacl
|-damage|p2a: Garganacl|86/100
|-damage|p2a: Garganacl|69/100
|-damage|p2a: Garganacl|54/100
|-damage|p2a: Garganacl|38/100
|-enditem|p2a: Garganacl|Sitrus Berry|[eat]
|-heal|p2a: Garganacl|63/100|[from] item: Sitrus Berry
|-damage|p2a: Garganacl|48/100
|-hitcount|p2a: Garganacl|5
|-damage|p1a: Cloyster|62/100 tox|[from] item: Life Orb
|move|p2a: Garganacl|Body Press|p1a: Cloyster
|-supereffective|p1a: Cloyster
|-damage|p1a: Cloyster|0 fnt
|faint|p1a: Cloyster
|
|upkeep
|
|t:|1760792198
|switch|p1a: Porygon-Z|Porygon-Z|100/100
|-status|p1a: Porygon-Z|tox
|-damage|p1a: Porygon-Z|88/100 tox|[from] Stealth Rock
|turn|16
|
|t:|1760792209
|move|p1a: Porygon-Z|Thunderbolt|p2a: Garganacl
|-damage|p2a: Garganacl|9/100
|-damage|p1a: Porygon-Z|78/100 tox|[from] item: Life Orb
|move|p2a: Garganacl|Recover|p2a: Garganacl
|-heal|p2a: Garganacl|59/100
|
|-damage|p1a: Porygon-Z|72/100 tox|[from] psn
|upkeep
|turn|17
|
|t:|1760792217
|move|p1a: Porygon-Z|Nasty Plot|p1a: Porygon-Z
|-boost|p1a: Porygon-Z|spa|2
|move|p2a: Garganacl|Salt Cure|p1a: Porygon-Z
|-damage|p1a: Porygon-Z|53/100 tox
|-start|p1a: Porygon-Z|Salt Cure
|
|-damage|p1a: Porygon-Z|41/100 tox|[from] psn
|-damage|p1a: Porygon-Z|28/100 tox|[from] Salt Cure
|upkeep
|turn|18
|
|t:|1760792226
|move|p1a: Porygon-Z|Thunderbolt|p2a: Garganacl
|-damage|p2a: Garganacl|0 fnt
|faint|p2a: Garganacl
|-damage|p1a: Porygon-Z|19/100 tox|[from] item: Life Orb
|
|-damage|p1a: Porygon-Z|0 fnt|[from] psn
|faint|p1a: Porygon-Z
|upkeep
|
|t:|1760792234
|switch|p1a: Ninetales|Ninetales-Alola, M|15/100
|switch|p2a: Corviknight|Corviknight, F|100/100
|-status|p1a: Ninetales|tox
|-damage|p1a: Ninetales|0 fnt|[from] Stealth Rock
|faint|p1a: Ninetales
|-message|dirtyLarry123 forfeited.
|
|win|Exedron
|raw|dirtyLarry123's rating: 1131 &rarr; <strong>1105</strong><br />(-26 for losing)
|raw|Exedron's rating: 1121 &rarr; <strong>1147</strong><br />(+26 for winning)
|l|☆dirtyLarry123
|player|p1|
