|inactive|Battle timer is ON: inactive players will automatically lose when time's up.
|t:|1760883043
|gametype|singles
|player|p1|ayatou|alec-anime|
|player|p2|memphisdepayy|#bltxiipangoros|
|gen|9
|tier|[Gen 9] OU
|rule|HP Percentage Mod: HP is shown in percentages
|rule|Endless Battle Clause: Forcing endless battles is banned
|rule|Species Clause: Limit one of each Pokémon
|rule|OHKO Clause: OHKO moves are banned
|rule|Evasion Items Clause: Evasion items are banned
|rule|Evasion Moves Clause: Evasion moves are banned
|rule|Evasion Abilities Clause: Evasion abilities are banned
|rule|Sleep Moves Clause: Sleep-inducing moves are banned
|clearpoke
|poke|p1|Raging Bolt|
|poke|p1|Ogerpon-Wellspring, F|
|poke|p1|Great Tusk|
|poke|p1|Slowking-Galar, M|
|poke|p1|Moltres|
|poke|p1|Deoxys-Speed|
|poke|p2|Weezing-Galar, F|
|poke|p2|Alomomola, M|
|poke|p2|Iron Treads|
|poke|p2|Tornadus-Therian, M|
|poke|p2|Zamazenta-*|
|poke|p2|Lokix, M|
|teampreview
|inactive|ayatou has 270 seconds left.
|inactive|ayatou has 240 seconds left.
|
|t:|1760883107
|teamsize|p1|6
|teamsize|p2|6
|start
|switch|p1a: Deoxys|Deoxys-Speed|100/100
|switch|p2a: Tornadus|Tornadus-Therian, M|100/100
|-ability|p1a: Deoxys|Pressure
|turn|1
|
|t:|1760883123
|switch|p1a: Slowking|Slowking-Galar, M|100/100
|move|p2a: Tornadus|Knock Off|p1a: Slowking
|-supereffective|p1a: Slowking
|-damage|p1a: Slowking|62/100
|-enditem|p1a: Slowking|Heavy-Duty Boots|[from] move: Knock Off|[of] p2a: Tornadus
|
|upkeep
|turn|2
|
|t:|1760883130
|move|p2a: Tornadus|U-turn|p1a: Slowking
|-damage|p1a: Slowking|48/100
|
|t:|1760883134
|switch|p2a: Lokix|Lokix, M|100/100|[from] U-turn
|-prepare|p1a: Slowking|Chilly Reception|[premajor]
|move|p1a: Slowking|Chilly Reception|p1a: Slowking
|-weather|Snowscape
|
|t:|1760883136
|switch|p1a: Moltres|Moltres|100/100|[from] Chilly Reception
|
|-weather|Snowscape|[upkeep]
|upkeep
|turn|3
|
|t:|1760883140
|switch|p2a: Tornadus|Tornadus-Therian, M|100/100
|move|p1a: Moltres|Flamethrower|p2a: Tornadus
|-damage|p2a: Tornadus|75/100
|
|-weather|Snowscape|[upkeep]
|upkeep
|turn|4
|
|t:|1760883144
|switch|p1a: Slowking|Slowking-Galar, M|81/100
|move|p2a: Tornadus|U-turn|p1a: Slowking
|-damage|p1a: Slowking|66/100
|
|t:|1760883147
|switch|p2a: Lokix|Lokix, M|100/100|[from] U-turn
|
|-weather|Snowscape|[upkeep]
|upkeep
|turn|5
|
|t:|1760883155
|switch|p1a: Great Tusk|Great Tusk|100/100
|move|p2a: Lokix|Knock Off|p1a: Great Tusk
|-resisted|p1a: Great Tusk
|-damage|p1a: Great Tusk|57/100
|-enditem|p1a: Great Tusk|Heavy-Duty Boots|[from] move: Knock Off|[of] p2a: Lokix
|
|-weather|Snowscape|[upkeep]
|upkeep
|turn|6
|
|t:|1760883164
|switch|p2a: Alomomola|Alomomola, M|100/100
|move|p1a: Great Tusk|Stealth Rock|p2a: Alomomola
|-sidestart|p2: memphisdepayy|move: Stealth Rock
|
|-weather|none
|upkeep
|turn|7
|
|t:|1760883183
|-end|p1a: Great Tusk|Protosynthesis|[silent]
|switch|p1a: Ogerpon|Ogerpon-Wellspring, F|100/100
|move|p2a: Alomomola|Wish|p2a: Alomomola
|
|upkeep
|turn|8
|
|t:|1760883192
|switch|p2a: Weezing|Weezing-Galar, F|100/100
|-ability|p2a: Weezing|Neutralizing Gas
|move|p1a: Ogerpon|Ivy Cudgel|p2a: Weezing|[anim] Ivy Cudgel Water
|-damage|p2a: Weezing|63/100
|
|-heal|p2a: Weezing|100/100|[from] move: Wish|[wisher] Alomomola
|upkeep
|turn|9
|
|t:|1760883200
|switch|p1a: Slowking|Slowking-Galar, M|99/100
|move|p2a: Weezing|Will-O-Wisp|p1a: Slowking
|-status|p1a: Slowking|brn
|
|-damage|p1a: Slowking|93/100 brn|[from] brn
|upkeep
|turn|10
|
|t:|1760883209
|move|p2a: Weezing|Toxic Spikes|p1a: Slowking
|-sidestart|p1: ayatou|move: Toxic Spikes
|move|p1a: Slowking|Psychic Noise|p2a: Weezing
|-supereffective|p2a: Weezing
|-damage|p2a: Weezing|24/100
|-start|p2a: Weezing|move: Heal Block
|
|-damage|p1a: Slowking|87/100 brn|[from] brn
|upkeep
|turn|11
|
|t:|1760883216
|move|p2a: Weezing|Pain Split|p1a: Slowking
|-sethp|p1a: Slowking|54/100 brn|[from] move: Pain Split|[silent]
|-sethp|p2a: Weezing|64/100|[from] move: Pain Split
|-prepare|p1a: Slowking|Chilly Reception|[premajor]
|move|p1a: Slowking|Chilly Reception|p1a: Slowking
|-weather|Snowscape
|
|t:|1760883219
|switch|p1a: Moltres|Moltres|100/100|[from] Chilly Reception
|
|-weather|Snowscape|[upkeep]
|-end|p2a: Weezing|move: Heal Block
|upkeep
|turn|12
|
|t:|1760883225
|move|p1a: Moltres|U-turn|p2a: Weezing
|-resisted|p2a: Weezing
|-damage|p2a: Weezing|61/100
|
|t:|1760883227
|switch|p1a: Slowking|Slowking-Galar, M|54/100 brn|[from] U-turn
|-sideend|p1: ayatou|move: Toxic Spikes|[of] p1a: Slowking
|move|p2a: Weezing|Toxic Spikes|p1a: Slowking
|-sidestart|p1: ayatou|move: Toxic Spikes
|
|-weather|Snowscape|[upkeep]
|-damage|p1a: Slowking|48/100 brn|[from] brn
|upkeep
|turn|13
|
|t:|1760883232
|-end|p2a: Weezing|ability: Neutralizing Gas
|switch|p2a: Iron Treads|Iron Treads|100/100
|-damage|p2a: Iron Treads|97/100|[from] Stealth Rock
|move|p1a: Slowking|Psychic Noise|p2a: Iron Treads
|-resisted|p2a: Iron Treads
|-damage|p2a: Iron Treads|81/100
|-start|p2a: Iron Treads|move: Heal Block
|
|-weather|Snowscape|[upkeep]
|-damage|p1a: Slowking|42/100 brn|[from] brn
|upkeep
|turn|14
|
|t:|1760883238
|switch|p1a: Moltres|Moltres|100/100
|move|p2a: Iron Treads|Rapid Spin|p1a: Moltres
|-damage|p1a: Moltres|90/100
|-boost|p2a: Iron Treads|spe|1
|-sideend|p2: memphisdepayy|Stealth Rock|[from] move: Rapid Spin|[of] p2a: Iron Treads
|
|-weather|Snowscape|[upkeep]
|-end|p2a: Iron Treads|move: Heal Block
|upkeep
|turn|15
|
|t:|1760883245
|-end|p2a: Iron Treads|Quark Drive|[silent]
|switch|p2a: Tornadus|Tornadus-Therian, M|100/100
|move|p1a: Moltres|U-turn|p2a: Tornadus
|-resisted|p2a: Tornadus
|-damage|p2a: Tornadus|93/100
|
|t:|1760883249
|switch|p1a: Slowking|Slowking-Galar, M|75/100 brn|[from] U-turn
|-sideend|p1: ayatou|move: Toxic Spikes|[of] p1a: Slowking
|
|-weather|none
|-damage|p1a: Slowking|69/100 brn|[from] brn
|upkeep
|turn|16
|
|t:|1760883258
|move|p2a: Tornadus|U-turn|p1a: Slowking
|-damage|p1a: Slowking|53/100 brn
|
|t:|1760883260
|switch|p2a: Iron Treads|Iron Treads|81/100|[from] U-turn
|-prepare|p1a: Slowking|Chilly Reception|[premajor]
|move|p1a: Slowking|Chilly Reception|p1a: Slowking
|-weather|Snowscape
|
|t:|1760883267
|switch|p1a: Ogerpon|Ogerpon-Wellspring, F|100/100|[from] Chilly Reception
|
|-weather|Snowscape|[upkeep]
|upkeep
|turn|17
|
|t:|1760883272
|-end|p2a: Iron Treads|Quark Drive|[silent]
|switch|p2a: Alomomola|Alomomola, M|100/100
|move|p1a: Ogerpon|Ivy Cudgel|p2a: Alomomola|[anim] Ivy Cudgel Water
|-resisted|p2a: Alomomola
|-damage|p2a: Alomomola|82/100
|
|-weather|Snowscape|[upkeep]
|upkeep
|turn|18
|
|t:|1760883286
|switch|p2a: Tornadus|Tornadus-Therian, M|100/100
|move|p1a: Ogerpon|Power Whip|p2a: Tornadus
|-resisted|p2a: Tornadus
|-damage|p2a: Tornadus|64/100
|
|-weather|Snowscape|[upkeep]
|upkeep
|turn|19
|
|t:|1760883300
|switch|p1a: Moltres|Moltres|90/100
|move|p2a: Tornadus|U-turn|p1a: Moltres
|-resisted|p1a: Moltres
|-damage|p1a: Moltres|88/100
|-status|p2a: Tornadus|brn|[from] ability: Flame Body|[of] p1a: Moltres
|
|t:|1760883305
|switch|p2a: Alomomola|Alomomola, M|100/100|[from] U-turn
|
|-weather|Snowscape|[upkeep]
|upkeep
|turn|20
|
|t:|1760883310
|move|p2a: Alomomola|Wish|p2a: Alomomola
|move|p1a: Moltres|Roar|p2a: Alomomola
|drag|p2a: Iron Treads|Iron Treads|81/100
|
|-weather|none
|upkeep
|turn|21
|
|t:|1760883325
|-end|p2a: Iron Treads|Quark Drive|[silent]
|switch|p2a: Weezing|Weezing-Galar, F|61/100
|-ability|p2a: Weezing|Neutralizing Gas
|move|p1a: Moltres|Flamethrower|p2a: Weezing
|-damage|p2a: Weezing|7/100
|
|-heal|p2a: Weezing|78/100|[from] move: Wish|[wisher] Alomomola
|upkeep
|turn|22
|
|t:|1760883331
|-end|p2a: Weezing|ability: Neutralizing Gas
|switch|p2a: Tornadus|Tornadus-Therian, M|97/100 brn
|move|p1a: Moltres|Flamethrower|p2a: Tornadus
|-damage|p2a: Tornadus|71/100 brn
|
|-damage|p2a: Tornadus|65/100 brn|[from] brn
|upkeep
|turn|23
|
|t:|1760883342
|move|p2a: Tornadus|U-turn|p1a: Moltres
|-resisted|p1a: Moltres
|-damage|p1a: Moltres|87/100
|
|t:|1760883346
|switch|p2a: Alomomola|Alomomola, M|100/100|[from] U-turn
|move|p1a: Moltres|U-turn|p2a: Alomomola
|-damage|p2a: Alomomola|92/100
|-damage|p1a: Moltres|70/100|[from] item: Rocky Helmet|[of] p2a: Alomomola
|
|t:|1760883355
|switch|p1a: Ogerpon|Ogerpon-Wellspring, F|100/100|[from] U-turn
|
|upkeep
|turn|24
|
|t:|1760883362
|move|p1a: Ogerpon|Ivy Cudgel|p2a: Alomomola|[anim] Ivy Cudgel Water
|-resisted|p2a: Alomomola
|-damage|p2a: Alomomola|74/100
|move|p2a: Alomomola|Wish|p2a: Alomomola
|
|upkeep
|turn|25
|
|t:|1760883377
|switch|p1a: Deoxys|Deoxys-Speed|100/100
|-ability|p1a: Deoxys|Pressure
|switch|p2a: Weezing|Weezing-Galar, F|78/100
|-ability|p2a: Weezing|Neutralizing Gas
|
|-heal|p2a: Weezing|100/100|[from] move: Wish|[wisher] Alomomola
|upkeep
|turn|26
|
|t:|1760883387
|-end|p2a: Weezing|ability: Neutralizing Gas
|-ability|p1a: Deoxys|Pressure
|switch|p2a: Tornadus|Tornadus-Therian, M|98/100 brn
|move|p1a: Deoxys|Ice Beam|p2a: Tornadus
|-supereffective|p2a: Tornadus
|-damage|p2a: Tornadus|63/100 brn
|
|-damage|p2a: Tornadus|57/100 brn|[from] brn
|upkeep
|turn|27
|inactive|ayatou has 270 seconds left.
|
|t:|1760883417
|switch|p2a: Lokix|Lokix, M|100/100
|move|p1a: Deoxys|Ice Beam|p2a: Lokix
|-damage|p2a: Lokix|54/100
|
|upkeep
|turn|28
|inactive|ayatou has 270 seconds left.
|
|t:|1760883429
|switch|p1a: Great Tusk|Great Tusk|57/100
|move|p2a: Lokix|Knock Off|p1a: Great Tusk
|-resisted|p1a: Great Tusk
|-damage|p1a: Great Tusk|30/100
|
|upkeep
|turn|29
|
|t:|1760883439
|move|p1a: Great Tusk|Stealth Rock|p2a: Lokix
|-sidestart|p2: memphisdepayy|move: Stealth Rock
|move|p2a: Lokix|Knock Off|p1a: Great Tusk
|-resisted|p1a: Great Tusk
|-damage|p1a: Great Tusk|0 fnt
|faint|p1a: Great Tusk
|-end|p1a: Great Tusk|Protosynthesis|[silent]
|
|upkeep
|
|t:|1760883444
|switch|p1a: Ogerpon|Ogerpon-Wellspring, F|100/100
|turn|30
|
|t:|1760883457
|switch|p2a: Alomomola|Alomomola, M|100/100
|-damage|p2a: Alomomola|88/100|[from] Stealth Rock
|move|p1a: Ogerpon|Ivy Cudgel|p2a: Alomomola|[anim] Ivy Cudgel Water
|-resisted|p2a: Alomomola
|-crit|p2a: Alomomola
|-damage|p2a: Alomomola|62/100
|
|upkeep
|turn|31
|
|t:|1760883463
|switch|p2a: Weezing|Weezing-Galar, F|100/100
|-ability|p2a: Weezing|Neutralizing Gas
|move|p1a: Ogerpon|Power Whip|p2a: Weezing
|-resisted|p2a: Weezing
|-damage|p2a: Weezing|79/100
|
|upkeep
|turn|32
|
|t:|1760883480
|switch|p1a: Moltres|Moltres|70/100
|move|p2a: Weezing|Toxic Spikes|p1a: Moltres
|-sidestart|p1: ayatou|move: Toxic Spikes
|
|upkeep
|turn|33
|
|t:|1760883488
|move|p1a: Moltres|Flamethrower|p2a: Weezing
|-damage|p2a: Weezing|24/100
|move|p2a: Weezing|Pain Split|p1a: Moltres
|-sethp|p1a: Moltres|45/100|[from] move: Pain Split|[silent]
|-sethp|p2a: Weezing|52/100|[from] move: Pain Split
|
|upkeep
|turn|34
|
|t:|1760883493
|-end|p2a: Weezing|ability: Neutralizing Gas
|switch|p2a: Alomomola|Alomomola, M|95/100
|-damage|p2a: Alomomola|83/100|[from] Stealth Rock
|move|p1a: Moltres|Roost|p1a: Moltres
|-heal|p1a: Moltres|96/100
|-singleturn|p1a: Moltres|move: Roost
|
|upkeep
|turn|35
|
|t:|1760883500
|move|p2a: Alomomola|Flip Turn|p1a: Moltres
|-supereffective|p1a: Moltres
|-damage|p1a: Moltres|72/100
|
|t:|1760883504
|switch|p2a: Tornadus|Tornadus-Therian, M|90/100 brn|[from] Flip Turn
|-damage|p2a: Tornadus|65/100 brn|[from] Stealth Rock
|move|p1a: Moltres|Roar|p2a: Tornadus
|drag|p2a: Iron Treads|Iron Treads|81/100
|-damage|p2a: Iron Treads|77/100|[from] Stealth Rock
|
|upkeep
|turn|36
|
|t:|1760883513
|-end|p2a: Iron Treads|Quark Drive|[silent]
|switch|p2a: Alomomola|Alomomola, M|100/100
|-damage|p2a: Alomomola|88/100|[from] Stealth Rock
|move|p1a: Moltres|U-turn|p2a: Alomomola
|-damage|p2a: Alomomola|79/100
|-damage|p1a: Moltres|56/100|[from] item: Rocky Helmet|[of] p2a: Alomomola
|
|t:|1760883518
|switch|p1a: Slowking|Slowking-Galar, M|86/100 brn|[from] U-turn
|-sideend|p1: ayatou|move: Toxic Spikes|[of] p1a: Slowking
|
|-damage|p1a: Slowking|80/100 brn|[from] brn
|upkeep
|turn|37
|
|t:|1760883525
|move|p2a: Alomomola|Wish|p2a: Alomomola
|-prepare|p1a: Slowking|Chilly Reception|[premajor]
|move|p1a: Slowking|Chilly Reception|p1a: Slowking
|-weather|Snowscape
|
|t:|1760883540
|switch|p1a: Deoxys|Deoxys-Speed|100/100|[from] Chilly Reception
|-ability|p1a: Deoxys|Pressure
|
|-weather|Snowscape|[upkeep]
|upkeep
|turn|38
|
|t:|1760883549
|move|p1a: Deoxys|Nasty Plot|p1a: Deoxys
|-boost|p1a: Deoxys|spa|2
|move|p2a: Alomomola|Flip Turn|p1a: Deoxys
|-damage|p1a: Deoxys|76/100
|
|t:|1760883553
|switch|p2a: Lokix|Lokix, M|54/100|[from] Flip Turn
|-damage|p2a: Lokix|29/100|[from] Stealth Rock
|
|-weather|Snowscape|[upkeep]
|-heal|p2a: Lokix|100/100|[from] move: Wish|[wisher] Alomomola
|upkeep
|turn|39
|
|t:|1760883559
|move|p2a: Lokix|First Impression|p1a: Deoxys
|-supereffective|p1a: Deoxys
|-damage|p1a: Deoxys|0 fnt
|faint|p1a: Deoxys
|
|-weather|Snowscape|[upkeep]
|upkeep
|
|t:|1760883562
|switch|p1a: Ogerpon|Ogerpon-Wellspring, F|100/100
|turn|40
|
|t:|1760883569
|switch|p2a: Zamazenta|Zamazenta|100/100
|-damage|p2a: Zamazenta|94/100|[from] Stealth Rock
|-ability|p2a: Zamazenta|Dauntless Shield|boost
|-boost|p2a: Zamazenta|def|1
|move|p1a: Ogerpon|Swords Dance|p1a: Ogerpon
|-boost|p1a: Ogerpon|atk|2
|
|-weather|Snowscape|[upkeep]
|-heal|p2a: Zamazenta|100/100|[from] item: Leftovers
|upkeep
|turn|41
|
|t:|1760883578
|move|p2a: Zamazenta|Body Press|p1a: Ogerpon
|-damage|p1a: Ogerpon|21/100
|move|p1a: Ogerpon|Ivy Cudgel|p2a: Zamazenta|[anim] Ivy Cudgel Water
|-damage|p2a: Zamazenta|48/100
|
|-weather|none
|-heal|p2a: Zamazenta|54/100|[from] item: Leftovers
|upkeep
|turn|42
|
|t:|1760883585
|switch|p1a: Slowking|Slowking-Galar, M|100/100 brn
|move|p2a: Zamazenta|Crunch|p1a: Slowking
|-supereffective|p1a: Slowking
|-damage|p1a: Slowking|53/100 brn
|-unboost|p1a: Slowking|def|1
|
|-heal|p2a: Zamazenta|60/100|[from] item: Leftovers
|-damage|p1a: Slowking|47/100 brn|[from] brn
|upkeep
|turn|43
|
|t:|1760883594
|switch|p2a: Alomomola|Alomomola, M|100/100
|-damage|p2a: Alomomola|88/100|[from] Stealth Rock
|move|p1a: Slowking|Psychic Noise|p2a: Alomomola
|-damage|p2a: Alomomola|63/100
|-start|p2a: Alomomola|move: Heal Block
|
|-damage|p1a: Slowking|41/100 brn|[from] brn
|upkeep
|turn|44
|
|t:|1760883604
|switch|p2a: Tornadus|Tornadus-Therian, M|98/100 brn
|-damage|p2a: Tornadus|73/100 brn|[from] Stealth Rock
|-prepare|p1a: Slowking|Chilly Reception|[premajor]
|move|p1a: Slowking|Chilly Reception|p1a: Slowking
|-weather|Snowscape
|
|t:|1760883615
|switch|p1a: Moltres|Moltres|56/100|[from] Chilly Reception
|
|-weather|Snowscape|[upkeep]
|-damage|p2a: Tornadus|67/100 brn|[from] brn
|upkeep
|turn|45
|
|t:|1760883619
|move|p2a: Tornadus|Knock Off|p1a: Moltres
|-damage|p1a: Moltres|49/100
|-enditem|p1a: Moltres|Heavy-Duty Boots|[from] move: Knock Off|[of] p2a: Tornadus
|move|p1a: Moltres|Roost|p1a: Moltres
|-heal|p1a: Moltres|99/100
|-singleturn|p1a: Moltres|move: Roost
|
|-weather|Snowscape|[upkeep]
|-damage|p2a: Tornadus|61/100 brn|[from] brn
|upkeep
|turn|46
|
|t:|1760883624
|move|p2a: Tornadus|U-turn|p1a: Moltres
|-resisted|p1a: Moltres
|-damage|p1a: Moltres|98/100
|
|t:|1760883626
|switch|p2a: Alomomola|Alomomola, M|97/100|[from] U-turn
|-damage|p2a: Alomomola|84/100|[from] Stealth Rock
|move|p1a: Moltres|U-turn|p2a: Alomomola
|-damage|p2a: Alomomola|76/100
|-damage|p1a: Moltres|82/100|[from] item: Rocky Helmet|[of] p2a: Alomomola
|inactive|ayatou has 270 seconds left.
|
|t:|1760883662
|switch|p1a: Raging Bolt|Raging Bolt|100/100|[from] U-turn
|-enditem|p1a: Raging Bolt|Booster Energy
|-activate|p1a: Raging Bolt|ability: Protosynthesis|[fromitem]
|-start|p1a: Raging Bolt|protosynthesisspa
|
|-weather|Snowscape|[upkeep]
|upkeep
|turn|47
|
|t:|1760883673
|switch|p2a: Iron Treads|Iron Treads|77/100
|-damage|p2a: Iron Treads|74/100|[from] Stealth Rock
|move|p1a: Raging Bolt|Calm Mind|p1a: Raging Bolt
|-boost|p1a: Raging Bolt|spa|1
|-boost|p1a: Raging Bolt|spd|1
|
|-weather|Snowscape|[upkeep]
|upkeep
|turn|48
|
|t:|1760883688
|-terastallize|p1a: Raging Bolt|Fairy
|move|p2a: Iron Treads|Earthquake|p1a: Raging Bolt
|-damage|p1a: Raging Bolt|57/100
|move|p1a: Raging Bolt|Tera Blast|p2a: Iron Treads|[anim] Tera Blast Fairy
|-resisted|p2a: Iron Treads
|-damage|p2a: Iron Treads|10/100
|
|-weather|none
|upkeep
|turn|49
|
|t:|1760883697
|move|p2a: Iron Treads|Rapid Spin|p1a: Raging Bolt
|-damage|p1a: Raging Bolt|43/100
|-boost|p2a: Iron Treads|spe|1
|-sideend|p2: memphisdepayy|Stealth Rock|[from] move: Rapid Spin|[of] p2a: Iron Treads
|move|p1a: Raging Bolt|Tera Blast|p2a: Iron Treads|[anim] Tera Blast Fairy
|-resisted|p2a: Iron Treads
|-damage|p2a: Iron Treads|0 fnt
|faint|p2a: Iron Treads
|-end|p2a: Iron Treads|Quark Drive|[silent]
|
|upkeep
|
|t:|1760883702
|switch|p2a: Lokix|Lokix, M|100/100
|turn|50
|
|t:|1760883707
|-end|p1a: Raging Bolt|Protosynthesis|[silent]
|switch|p1a: Moltres|Moltres|82/100
|move|p2a: Lokix|First Impression|p1a: Moltres
|-resisted|p1a: Moltres
|-damage|p1a: Moltres|60/100
|
|upkeep
|turn|51
|
|t:|1760883713
|switch|p2a: Alomomola|Alomomola, M|100/100
|move|p1a: Moltres|U-turn|p2a: Alomomola
|-damage|p2a: Alomomola|92/100
|-damage|p1a: Moltres|44/100|[from] item: Rocky Helmet|[of] p2a: Alomomola
|
|t:|1760883716
|switch|p1a: Raging Bolt|Raging Bolt, tera:Fairy|43/100|[from] U-turn
|
|upkeep
|turn|52
|
|t:|1760883720
|move|p1a: Raging Bolt|Thunderbolt|p2a: Alomomola
|-supereffective|p2a: Alomomola
|-damage|p2a: Alomomola|0 fnt
|faint|p2a: Alomomola
|
|upkeep
|
|t:|1760883723
|switch|p2a: Lokix|Lokix, M|100/100
|turn|53
|
|t:|1760883733
|-end|p1a: Raging Bolt|Protosynthesis|[silent]
|switch|p1a: Moltres|Moltres|44/100
|move|p2a: Lokix|Leech Life|p1a: Moltres
|-resisted|p1a: Moltres
|-damage|p1a: Moltres|23/100
|
|upkeep
|turn|54
|
|t:|1760883739
|-terastallize|p2a: Lokix|Bug
|move|p2a: Lokix|Leech Life|p1a: Moltres
|-resisted|p1a: Moltres
|-damage|p1a: Moltres|0 fnt
|-status|p2a: Lokix|brn|[from] ability: Flame Body|[of] p1a: Moltres
|faint|p1a: Moltres
|
|-damage|p2a: Lokix|94/100 brn|[from] brn
|upkeep
|
|t:|1760883746
|switch|p1a: Ogerpon|Ogerpon-Wellspring, F|21/100
|turn|55
|
|t:|1760883759
|switch|p2a: Tornadus|Tornadus-Therian, M|94/100 brn
|move|p1a: Ogerpon|Ivy Cudgel|p2a: Tornadus|[anim] Ivy Cudgel Water
|-damage|p2a: Tornadus|34/100 brn
|
|-damage|p2a: Tornadus|28/100 brn|[from] brn
|upkeep
|turn|56
|
|t:|1760883769
|switch|p1a: Slowking|Slowking-Galar, M|74/100 brn
|move|p2a: Tornadus|U-turn|p1a: Slowking
|-damage|p1a: Slowking|66/100 brn
|
|t:|1760883777
|switch|p2a: Lokix|Lokix, M, tera:Bug|94/100 brn|[from] U-turn
|
|-damage|p2a: Lokix|88/100 brn|[from] brn
|-damage|p1a: Slowking|60/100 brn|[from] brn
|upkeep
|turn|57
|
|t:|1760883781
|move|p2a: Lokix|U-turn|p1a: Slowking
|-damage|p1a: Slowking|23/100 brn
|
|t:|1760883784
|switch|p2a: Weezing|Weezing-Galar, F|52/100|[from] U-turn
|-ability|p2a: Weezing|Neutralizing Gas
|move|p1a: Slowking|Sludge Bomb|p2a: Weezing
|-damage|p2a: Weezing|9/100
|
|-damage|p1a: Slowking|17/100 brn|[from] brn
|upkeep
|turn|58
|
|t:|1760883800
|switch|p1a: Ogerpon|Ogerpon-Wellspring, F|21/100
|move|p2a: Weezing|Sludge Bomb|p1a: Ogerpon
|-supereffective|p1a: Ogerpon
|-damage|p1a: Ogerpon|0 fnt
|faint|p1a: Ogerpon
|
|upkeep
|
|t:|1760883804
|switch|p1a: Raging Bolt|Raging Bolt, tera:Fairy|43/100
|turn|59
|
|t:|1760883810
|move|p1a: Raging Bolt|Thunderbolt|p2a: Weezing
|-damage|p2a: Weezing|0 fnt
|faint|p2a: Weezing
|-end|p2a: Weezing|ability: Neutralizing Gas
|
|upkeep
|
|t:|1760883822
|switch|p2a: Zamazenta|Zamazenta|60/100
|turn|60
|
|t:|1760883828
|move|p2a: Zamazenta|Body Press|p1a: Raging Bolt
|-resisted|p1a: Raging Bolt
|-damage|p1a: Raging Bolt|27/100
|move|p1a: Raging Bolt|Tera Blast|p2a: Zamazenta|[anim] Tera Blast Fairy
|-supereffective|p2a: Zamazenta
|-damage|p2a: Zamazenta|0 fnt
|faint|p2a: Zamazenta
|
|upkeep
|
|t:|1760883830
|switch|p2a: Lokix|Lokix, M, tera:Bug|88/100 brn
|turn|61
|
|t:|1760883833
|-end|p1a: Raging Bolt|Protosynthesis|[silent]
|switch|p1a: Slowking|Slowking-Galar, M|17/100 brn
|move|p2a: Lokix|First Impression|p1a: Slowking
|-damage|p1a: Slowking|0 fnt
|faint|p1a: Slowking
|
|-damage|p2a: Lokix|82/100 brn|[from] brn
|upkeep
|
|t:|1760883836
|switch|p1a: Raging Bolt|Raging Bolt, tera:Fairy|27/100
|turn|62
|
|t:|1760883846
|switch|p2a: Tornadus|Tornadus-Therian, M|61/100 brn
|move|p1a: Raging Bolt|Thunderbolt|p2a: Tornadus
|-supereffective|p2a: Tornadus
|-damage|p2a: Tornadus|0 fnt
|faint|p2a: Tornadus
|
|upkeep
|
|t:|1760883848
|switch|p2a: Lokix|Lokix, M, tera:Bug|82/100 brn
|turn|63
|c|☆ayatou|ggwp
|
|t:|1760883856
|move|p2a: Lokix|First Impression|p1a: Raging Bolt
|-resisted|p1a: Raging Bolt
|-damage|p1a: Raging Bolt|0 fnt
|faint|p1a: Raging Bolt
|-end|p1a: Raging Bolt|Protosynthesis|[silent]
|
|win|memphisdepayy
|c|☆memphisdepayy|gg
