|j|☆adjkadssad
|j|☆2(sweet)
|t:|1760877223
|gametype|singles
|player|p1|adjkadssad|101|1319
|player|p2|2(sweet)|richboy-gen4|1291
|gen|9
|tier|[Gen 9] OU
|rated|
|rule|HP Percentage Mod: HP is shown in percentages
|rule|Endless Battle Clause: Forcing endless battles is banned
|rule|Species Clause: Limit one of each Pokémon
|rule|OHKO Clause: OHKO moves are banned
|rule|Evasion Items Clause: Evasion items are banned
|rule|Evasion Moves Clause: Evasion moves are banned
|rule|Evasion Abilities Clause: Evasion abilities are banned
|rule|Sleep Moves Clause: Sleep-inducing moves are banned
|clearpoke
|poke|p1|Pelipper, M|
|poke|p1|Poliwrath, M|
|poke|p1|Kilowattrel, M|
|poke|p1|Scream Tail|
|poke|p1|Overqwil, M|
|poke|p1|Zamazenta-*|
|poke|p2|Great Tusk|
|poke|p2|Walking Wake|
|poke|p2|Enamorus, F|
|poke|p2|Torkoal, M|
|poke|p2|Vileplume, F|
|poke|p2|Raging Bolt|
|teampreview
|
|t:|1760877233
|teamsize|p1|6
|teamsize|p2|6
|start
|switch|p1a: Zamazenta|Zamazenta|100/100
|switch|p2a: Torkoal|Torkoal, M|100/100
|-ability|p1a: Zamazenta|Dauntless Shield|boost
|-boost|p1a: Zamazenta|def|1
|-weather|SunnyDay|[from] ability: Drought|[of] p2a: Torkoal
|turn|1
|
|t:|1760877237
|move|p1a: Zamazenta|Iron Defense|p1a: Zamazenta
|-boost|p1a: Zamazenta|def|2
|move|p2a: Torkoal|Will-O-Wisp|p1a: Zamazenta
|-status|p1a: Zamazenta|brn
|
|-weather|SunnyDay|[upkeep]
|-damage|p1a: Zamazenta|94/100 brn|[from] brn
|upkeep
|turn|2
|
|t:|1760877240
|switch|p2a: Vileplume|Vileplume, F|100/100
|move|p1a: Zamazenta|Iron Defense|p1a: Zamazenta
|-boost|p1a: Zamazenta|def|2
|
|-weather|SunnyDay|[upkeep]
|-damage|p1a: Zamazenta|88/100 brn|[from] brn
|upkeep
|turn|3
|
|t:|1760877252
|move|p2a: Vileplume|Moonblast|p1a: Zamazenta
|-supereffective|p1a: Zamazenta
|-damage|p1a: Zamazenta|11/100 brn
|-damage|p2a: Vileplume|91/100|[from] item: Life Orb
|move|p1a: Zamazenta|Iron Defense|p1a: Zamazenta
|-boost|p1a: Zamazenta|def|1
|
|-weather|SunnyDay|[upkeep]
|-damage|p1a: Zamazenta|5/100 brn|[from] brn
|upkeep
|turn|4
|
|t:|1760877257
|-terastallize|p1a: Zamazenta|Steel
|move|p2a: Vileplume|Moonblast|p1a: Zamazenta
|-resisted|p1a: Zamazenta
|-damage|p1a: Zamazenta|0 fnt
|faint|p1a: Zamazenta
|-damage|p2a: Vileplume|81/100|[from] item: Life Orb
|
|-weather|SunnyDay|[upkeep]
|upkeep
|
|t:|1760877285
|switch|p1a: Pelipper|Pelipper, M, shiny|100/100
|-weather|RainDance|[from] ability: Drizzle|[of] p1a: Pelipper
|turn|5
|inactive|Battle timer is ON: inactive players will automatically lose when time's up. (requested by adjkadssad)
|
|t:|1760877298
|switch|p2a: Raging Bolt|Raging Bolt|100/100
|move|p1a: Pelipper|U-turn|p2a: Raging Bolt
|-damage|p2a: Raging Bolt|92/100
|
|t:|1760877305
|switch|p1a: Overqwil|Overqwil, M, shiny|100/100|[from] U-turn
|
|-weather|RainDance|[upkeep]
|upkeep
|turn|6
|
|t:|1760877312
|move|p1a: Overqwil|Swords Dance|p1a: Overqwil
|-boost|p1a: Overqwil|atk|2
|move|p2a: Raging Bolt|Volt Switch|p1a: Overqwil
|-damage|p1a: Overqwil|10/100
|-damage|p2a: Raging Bolt|82/100|[from] item: Life Orb
|
|t:|1760877322
|-end|p2a: Raging Bolt|Protosynthesis|[silent]
|switch|p2a: Torkoal|Torkoal, M|100/100|[from] Volt Switch
|-weather|SunnyDay|[from] ability: Drought|[of] p2a: Torkoal
|
|-weather|SunnyDay|[upkeep]
|upkeep
|turn|7
|
|t:|1760877326
|-terastallize|p2a: Torkoal|Grass
|move|p1a: Overqwil|Crunch|p2a: Torkoal
|-damage|p2a: Torkoal|14/100
|-damage|p1a: Overqwil|0 fnt|[from] item: Life Orb
|faint|p1a: Overqwil
|move|p2a: Torkoal|Flamethrower|p1: Overqwil|[notarget]
|-fail|p2a: Torkoal
|
|-weather|SunnyDay|[upkeep]
|upkeep
|
|t:|1760877332
|switch|p1a: Pelipper|Pelipper, M, shiny|100/100
|-weather|RainDance|[from] ability: Drizzle|[of] p1a: Pelipper
|turn|8
|
|t:|1760877340
|switch|p2a: Raging Bolt|Raging Bolt|82/100
|move|p1a: Pelipper|U-turn|p2a: Raging Bolt
|-damage|p2a: Raging Bolt|74/100
|
|t:|1760877356
|switch|p1a: Scream Tail|Scream Tail|100/100|[from] U-turn
|
|-weather|RainDance|[upkeep]
|upkeep
|turn|9
|
|t:|1760877373
|move|p1a: Scream Tail|Light Screen|p1a: Scream Tail
|-sidestart|p1: adjkadssad|move: Light Screen
|move|p2a: Raging Bolt|Volt Switch|p1a: Scream Tail
|-damage|p1a: Scream Tail|82/100
|-damage|p2a: Raging Bolt|64/100|[from] item: Life Orb
|
|t:|1760877380
|-end|p2a: Raging Bolt|Protosynthesis|[silent]
|switch|p2a: Torkoal|Torkoal, M, tera:Grass|14/100|[from] Volt Switch
|-weather|SunnyDay|[from] ability: Drought|[of] p2a: Torkoal
|-activate|p1a: Scream Tail|ability: Protosynthesis
|-start|p1a: Scream Tail|protosynthesisspd
|
|-weather|SunnyDay|[upkeep]
|upkeep
|turn|10
|
|t:|1760877393
|-end|p1a: Scream Tail|Protosynthesis|[silent]
|switch|p1a: Pelipper|Pelipper, M, shiny|100/100
|-weather|RainDance|[from] ability: Drizzle|[of] p1a: Pelipper
|move|p2a: Torkoal|Stealth Rock|p1a: Pelipper
|-sidestart|p1: adjkadssad|move: Stealth Rock
|
|-weather|RainDance|[upkeep]
|upkeep
|turn|11
|
|t:|1760877401
|switch|p2a: Raging Bolt|Raging Bolt|64/100
|move|p1a: Pelipper|U-turn|p2a: Raging Bolt
|-damage|p2a: Raging Bolt|57/100
|
|t:|1760877419
|switch|p1a: Kilowattrel|Kilowattrel, M, shiny|100/100|[from] U-turn
|-damage|p1a: Kilowattrel|76/100|[from] Stealth Rock
|
|-weather|RainDance|[upkeep]
|upkeep
|turn|12
|inactive|2(sweet) has 120 seconds left.
|
|t:|1760877469
|move|p1a: Kilowattrel|Weather Ball|p2a: Raging Bolt
|-resisted|p2a: Raging Bolt
|-damage|p2a: Raging Bolt|28/100
|-damage|p1a: Kilowattrel|66/100|[from] item: Life Orb
|move|p2a: Raging Bolt|Dragon Pulse|p1a: Kilowattrel
|-damage|p1a: Kilowattrel|1/100
|-damage|p2a: Raging Bolt|18/100|[from] item: Life Orb
|
|-weather|RainDance|[upkeep]
|upkeep
|turn|13
|
|t:|1760877478
|move|p1a: Kilowattrel|Weather Ball|p2a: Raging Bolt
|-resisted|p2a: Raging Bolt
|-damage|p2a: Raging Bolt|0 fnt
|faint|p2a: Raging Bolt
|-end|p2a: Raging Bolt|Protosynthesis|[silent]
|-damage|p1a: Kilowattrel|0 fnt|[from] item: Life Orb
|faint|p1a: Kilowattrel
|
|-weather|RainDance|[upkeep]
|upkeep
|
|t:|1760877488
|switch|p1a: Scream Tail|Scream Tail|82/100
|switch|p2a: Torkoal|Torkoal, M, tera:Grass|14/100
|-damage|p1a: Scream Tail|69/100|[from] Stealth Rock
|-weather|SunnyDay|[from] ability: Drought|[of] p2a: Torkoal
|-activate|p1a: Scream Tail|ability: Protosynthesis
|-start|p1a: Scream Tail|protosynthesisspd
|turn|14
|inactive|2(sweet) has 120 seconds left.
|
|t:|1760877494
|switch|p2a: Walking Wake|Walking Wake|100/100
|-activate|p2a: Walking Wake|ability: Protosynthesis
|-start|p2a: Walking Wake|protosynthesisspe
|move|p1a: Scream Tail|Wish|p1a: Scream Tail
|
|-weather|SunnyDay|[upkeep]
|upkeep
|turn|15
|inactive|adjkadssad has 120 seconds left.
|inactive|adjkadssad has 90 seconds left.
|inactive|adjkadssad has 60 seconds left.
|
|t:|1760877603
|move|p2a: Walking Wake|Hydro Steam|p1a: Scream Tail
|-damage|p1a: Scream Tail|49/100
|-damage|p2a: Walking Wake|91/100|[from] item: Life Orb
|move|p1a: Scream Tail|Encore|p2a: Walking Wake
|-start|p2a: Walking Wake|Encore
|
|-weather|SunnyDay|[upkeep]
|-heal|p1a: Scream Tail|99/100|[from] move: Wish|[wisher] Scream Tail
|upkeep
|turn|16
|inactive|2(sweet) has 120 seconds left.
|inactive|2(sweet) has 90 seconds left.
|inactive|2(sweet) has 60 seconds left.
|inactive|2(sweet) has 30 seconds left.
|inactive|2(sweet) has 20 seconds left.
|inactive|2(sweet) has 15 seconds left.
|inactive|2(sweet) has 10 seconds left.
|inactive|2(sweet) has 5 seconds left.
|-message|2(sweet) lost due to inactivity.
|
|win|adjkadssad
|raw|adjkadssad's rating: 1319 &rarr; <strong>1337</strong><br />(+18 for winning)
|raw|2(sweet)'s rating: 1291 &rarr; <strong>1268</strong><br />(-23 for losing)
|l|☆adjkadssad
|player|p1|
|l|☆2(sweet)
|player|p2|
