|j|☆Winter6097
|j|☆alejogroot1534
|t:|1760764178
|gametype|singles
|player|p1|Winter6097|dancer|1451
|player|p2|alejogroot1534|steven|1458
|gen|9
|tier|[Gen 9] OU
|rated|
|rule|HP Percentage Mod: HP is shown in percentages
|rule|Endless Battle Clause: Forcing endless battles is banned
|rule|Species Clause: Limit one of each Pokémon
|rule|OHKO Clause: OHKO moves are banned
|rule|Evasion Items Clause: Evasion items are banned
|rule|Evasion Moves Clause: Evasion moves are banned
|rule|Evasion Abilities Clause: Evasion abilities are banned
|rule|Sleep Moves Clause: Sleep-inducing moves are banned
|clearpoke
|poke|p1|Polteageist|
|poke|p1|Indeedee-F, F|
|poke|p1|Hatterene, F|
|poke|p1|Hoopa-Unbound|
|poke|p1|Hawlucha, F|
|poke|p1|Delphox, M|
|poke|p2|Greninja-*, M|
|poke|p2|Zapdos|
|poke|p2|Great Tusk|
|poke|p2|Slowking-Galar, M|
|poke|p2|Meowscarada, M|
|poke|p2|Iron Valiant|
|teampreview
|inactive|Battle timer is ON: inactive players will automatically lose when time's up. (requested by alejogroot1534)
|inactive|Winter6097 also wants the timer to be on.
|
|t:|1760764187
|teamsize|p1|6
|teamsize|p2|6
|start
|switch|p1a: Maiden|Indeedee-F, F|100/100
|switch|p2a: Meowscarada|Meowscarada, M, shiny|100/100
|-fieldstart|move: Psychic Terrain|[from] ability: Psychic Surge|[of] p1a: Maiden
|turn|1
|
|t:|1760764194
|switch|p1a: Anti-Hazard|Hatterene, F|100/100
|move|p2a: Meowscarada|U-turn|p1a: Anti-Hazard
|-start|p2a: Meowscarada|typechange|Bug|[from] ability: Protean
|-damage|p1a: Anti-Hazard|56/100
|-enditem|p1a: Anti-Hazard|Eject Button
|
|t:|1760764213
|switch|p1a: SURPRISE|Polteageist|100/100
|
|upkeep
|turn|2
|
|t:|1760764224
|move|p2a: Meowscarada|U-turn|p1a: SURPRISE
|-resisted|p1a: SURPRISE
|-damage|p1a: SURPRISE|54/100
|-ability|p1a: SURPRISE|Weak Armor|boost
|-unboost|p1a: SURPRISE|def|1
|-boost|p1a: SURPRISE|spe|2
|
|t:|1760764229
|switch|p2a: Slowking|Slowking-Galar, M, shiny|100/100|[from] U-turn
|move|p1a: SURPRISE|Shell Smash|p1a: SURPRISE
|-unboost|p1a: SURPRISE|def|1
|-unboost|p1a: SURPRISE|spd|1
|-boost|p1a: SURPRISE|atk|2
|-boost|p1a: SURPRISE|spa|2
|-boost|p1a: SURPRISE|spe|2
|
|upkeep
|turn|3
|
|t:|1760764235
|move|p1a: SURPRISE|Shadow Ball|p2a: Slowking
|-supereffective|p2a: Slowking
|-damage|p2a: Slowking|6/100
|move|p2a: Slowking|Thunder Wave|p1a: SURPRISE
|-status|p1a: SURPRISE|par
|
|upkeep
|turn|4
|
|t:|1760764249
|cant|p1a: SURPRISE|par
|move|p2a: Slowking|Future Sight|p1a: SURPRISE
|-start|p2a: Slowking|move: Future Sight
|
|upkeep
|turn|5
|
|t:|1760764256
|move|p1a: SURPRISE|Shadow Ball|p2a: Slowking
|-supereffective|p2a: Slowking
|-damage|p2a: Slowking|0 fnt
|faint|p2a: Slowking
|
|upkeep
|
|t:|1760764260
|switch|p2a: Greninja|Greninja, M|100/100
|turn|6
|
|t:|1760764268
|switch|p1a: Megamind|Hoopa-Unbound|100/100
|move|p2a: Greninja|Dark Pulse|p1a: Megamind
|-damage|p1a: Megamind|58/100
|-damage|p2a: Greninja|91/100|[from] item: Life Orb
|
|-end|p1a: Megamind|move: Future Sight
|-immune|p1a: Megamind
|upkeep
|turn|7
|
|t:|1760764279
|switch|p2a: Zapdos|Zapdos, shiny|100/100
|move|p1a: Megamind|Drain Punch|p2a: Zapdos
|-resisted|p2a: Zapdos
|-damage|p2a: Zapdos|91/100
|-heal|p1a: Megamind|64/100|[from] drain|[of] p2a: Zapdos
|-status|p1a: Megamind|par|[from] ability: Static|[of] p2a: Zapdos
|
|upkeep
|turn|8
|
|t:|1760764286
|switch|p1a: Anti-Hazard|Hatterene, F|56/100
|move|p2a: Zapdos|Volt Switch|p1a: Anti-Hazard
|-damage|p1a: Anti-Hazard|31/100
|
|t:|1760764289
|switch|p2a: Greninja|Greninja, M|91/100|[from] Volt Switch
|
|-fieldend|move: Psychic Terrain
|upkeep
|turn|9
|
|t:|1760764296
|move|p2a: Greninja|Dark Pulse|p1a: Anti-Hazard
|-damage|p1a: Anti-Hazard|0 fnt
|faint|p1a: Anti-Hazard
|-ability|p2a: Greninja|Battle Bond|boost
|-boost|p2a: Greninja|atk|1
|-boost|p2a: Greninja|spa|1
|-boost|p2a: Greninja|spe|1
|-activate|p2a: Greninja|ability: Battle Bond
|-damage|p2a: Greninja|81/100|[from] item: Life Orb
|
|upkeep
|
|t:|1760764304
|switch|p1a: Maiden|Indeedee-F, F|100/100
|-fieldstart|move: Psychic Terrain|[from] ability: Psychic Surge|[of] p1a: Maiden
|turn|10
|
|t:|1760764308
|switch|p1a: Megamind|Hoopa-Unbound|64/100 par
|move|p2a: Greninja|Dark Pulse|p1a: Megamind
|-damage|p1a: Megamind|2/100 par
|-damage|p2a: Greninja|71/100|[from] item: Life Orb
|
|upkeep
|turn|11
|
|t:|1760764314
|move|p2a: Greninja|Dark Pulse|p1a: Megamind
|-damage|p1a: Megamind|0 fnt
|faint|p1a: Megamind
|-damage|p2a: Greninja|61/100|[from] item: Life Orb
|
|upkeep
|
|t:|1760764333
|switch|p1a: Hawlucha|Hawlucha, F|100/100
|-enditem|p1a: Hawlucha|Psychic Seed
|-boost|p1a: Hawlucha|spd|1|[from] item: Psychic Seed
|turn|12
|
|t:|1760764341
|-terastallize|p2a: Greninja|Ghost
|move|p1a: Hawlucha|Acrobatics|p2a: Greninja
|-damage|p2a: Greninja|0 fnt
|faint|p2a: Greninja
|
|upkeep
|
|t:|1760764345
|switch|p2a: Zapdos|Zapdos, shiny|91/100
|turn|13
|
|t:|1760764354
|move|p1a: Hawlucha|Swords Dance|p1a: Hawlucha
|-boost|p1a: Hawlucha|atk|2
|move|p2a: Zapdos|Thunderbolt|p1a: Hawlucha
|-supereffective|p1a: Hawlucha
|-damage|p1a: Hawlucha|16/100
|
|upkeep
|turn|14
|
|t:|1760764365
|move|p1a: Hawlucha|Close Combat|p2a: Zapdos
|-resisted|p2a: Zapdos
|-damage|p2a: Zapdos|50/100
|-unboost|p1a: Hawlucha|def|1
|-unboost|p1a: Hawlucha|spd|1
|-status|p1a: Hawlucha|par|[from] ability: Static|[of] p2a: Zapdos
|move|p2a: Zapdos|Roost|p2a: Zapdos
|-heal|p2a: Zapdos|100/100
|-singleturn|p2a: Zapdos|move: Roost
|
|upkeep
|turn|15
|
|t:|1760764369
|move|p1a: Hawlucha|Close Combat|p2a: Zapdos
|-resisted|p2a: Zapdos
|-damage|p2a: Zapdos|64/100
|-unboost|p1a: Hawlucha|def|1
|-unboost|p1a: Hawlucha|spd|1
|move|p2a: Zapdos|Volt Switch|p1a: Hawlucha
|-supereffective|p1a: Hawlucha
|-damage|p1a: Hawlucha|0 fnt
|faint|p1a: Hawlucha
|
|t:|1760764381
|switch|p2a: Meowscarada|Meowscarada, M, shiny|100/100|[from] Volt Switch
|
|upkeep
|
|t:|1760764388
|switch|p1a: SURPRISE|Polteageist|54/100 par
|turn|16
|
|t:|1760764403
|switch|p1a: Need mega NOW|Delphox, M|100/100
|move|p2a: Meowscarada|Knock Off|p1a: Need mega NOW
|-start|p2a: Meowscarada|typechange|Dark|[from] ability: Protean
|-supereffective|p1a: Need mega NOW
|-enditem|p1a: Need mega NOW|Focus Sash
|-damage|p1a: Need mega NOW|1/100
|
|upkeep
|turn|17
|
|t:|1760764407
|move|p2a: Meowscarada|Knock Off|p1a: Need mega NOW
|-supereffective|p1a: Need mega NOW
|-damage|p1a: Need mega NOW|0 fnt
|faint|p1a: Need mega NOW
|
|-fieldend|move: Psychic Terrain
|upkeep
|
|t:|1760764410
|switch|p1a: Maiden|Indeedee-F, F|100/100
|-fieldstart|move: Psychic Terrain|[from] ability: Psychic Surge|[of] p1a: Maiden
|turn|18
|
|t:|1760764414
|move|p2a: Meowscarada|Knock Off|p1a: Maiden
|-supereffective|p1a: Maiden
|-damage|p1a: Maiden|0 fnt
|-enditem|p1a: Maiden|Terrain Extender|[from] move: Knock Off|[of] p2a: Meowscarada
|faint|p1a: Maiden
|
|upkeep
|
|t:|1760764416
|switch|p1a: SURPRISE|Polteageist|54/100 par
|turn|19
|-message|Winter6097 forfeited.
|
|win|alejogroot1534
|raw|Winter6097's rating: 1451 &rarr; <strong>1431</strong><br />(-20 for losing)
|raw|alejogroot1534's rating: 1458 &rarr; <strong>1478</strong><br />(+20 for winning)
|l|☆Winter6097
|player|p1|
|l|☆alejogroot1534
|player|p2|
