|j|☆realgodlegs
|j|☆Fullmelmetal101
|t:|1760761884
|gametype|singles
|player|p1|realgodlegs|265|1103
|player|p2|Fullmelmetal101|plasmagrunt-gen5bw|1139
|gen|9
|tier|[Gen 9] OU
|rated|
|rule|HP Percentage Mod: HP is shown in percentages
|rule|Endless Battle Clause: Forcing endless battles is banned
|rule|Species Clause: Limit one of each Pokémon
|rule|OHKO Clause: OHKO moves are banned
|rule|Evasion Items Clause: Evasion items are banned
|rule|Evasion Moves Clause: Evasion moves are banned
|rule|Evasion Abilities Clause: Evasion abilities are banned
|rule|Sleep Moves Clause: Sleep-inducing moves are banned
|clearpoke
|poke|p1|Alomomola, M|
|poke|p1|Clefable, M|
|poke|p1|Corviknight, F|
|poke|p1|Dondozo, F|
|poke|p1|Gliscor, M|
|poke|p1|Wo-Chien|
|poke|p2|Garganacl, M|
|poke|p2|Glimmora, F|
|poke|p2|Weezing-Galar, F|
|poke|p2|Regice|
|poke|p2|Slowking-Galar, F|
|poke|p2|Volcanion|
|teampreview
|inactive|Battle timer is ON: inactive players will automatically lose when time's up. (requested by Fullmelmetal101)
|
|t:|1760761931
|teamsize|p1|6
|teamsize|p2|6
|start
|switch|p1a: the claw|Gliscor, M|100/100
|switch|p2a: Volcanion|Volcanion|100/100
|turn|1
|
|t:|1760761959
|switch|p1a: yo mama cat|Alomomola, M|100/100
|-terastallize|p2a: Volcanion|Grass
|move|p2a: Volcanion|Steam Eruption|p1a: yo mama cat|[miss]
|-miss|p2a: Volcanion|p1a: yo mama cat
|
|upkeep
|turn|2
|
|t:|1760761973
|move|p2a: Volcanion|Sludge Wave|p1a: yo mama cat
|-damage|p1a: yo mama cat|60/100
|move|p1a: yo mama cat|Play Rough|p2a: Volcanion
|-damage|p2a: Volcanion|83/100
|
|upkeep
|turn|3
|
|t:|1760761981
|switch|p1a: metal bird bruv|Corviknight, F|100/100
|-ability|p1a: metal bird bruv|Pressure
|move|p2a: Volcanion|Sludge Wave|p1a: metal bird bruv
|-immune|p1a: metal bird bruv
|
|upkeep
|turn|4
|
|t:|1760761991
|move|p2a: Volcanion|Flamethrower|p1a: metal bird bruv
|-supereffective|p1a: metal bird bruv
|-damage|p1a: metal bird bruv|11/100
|move|p1a: metal bird bruv|Brave Bird|p2a: Volcanion
|-supereffective|p2a: Volcanion
|-damage|p2a: Volcanion|0 fnt
|faint|p2a: Volcanion
|-damage|p1a: metal bird bruv|0 fnt|[from] Recoil
|faint|p1a: metal bird bruv
|
|upkeep
|
|t:|1760762008
|switch|p2a: Slowking|Slowking-Galar, F, shiny|100/100
|switch|p1a: the claw|Gliscor, M|100/100
|turn|5
|
|t:|1760762021
|-terastallize|p1a: the claw|Water
|move|p1a: the claw|Earthquake|p2a: Slowking
|-supereffective|p2a: Slowking
|-damage|p2a: Slowking|33/100
|move|p2a: Slowking|Future Sight|p1a: the claw
|-start|p2a: Slowking|move: Future Sight
|
|-status|p1a: the claw|tox|[from] item: Toxic Orb
|upkeep
|turn|6
|
|t:|1760762032
|move|p2a: Slowking|Protect|p2a: Slowking
|-singleturn|p2a: Slowking|Protect
|move|p1a: the claw|Facade|p2a: Slowking
|-activate|p2a: Slowking|move: Protect
|
|upkeep
|turn|7
|
|t:|1760762047
|switch|p2a: Garganacl|Garganacl, M, shiny|100/100
|move|p1a: the claw|Earthquake|p2a: Garganacl
|-supereffective|p2a: Garganacl
|-damage|p2a: Garganacl|47/100
|
|-end|p1a: the claw|move: Future Sight
|-damage|p1a: the claw|39/100 tox
|-heal|p2a: Garganacl|53/100|[from] item: Leftovers
|-heal|p1a: the claw|51/100 tox|[from] ability: Poison Heal
|upkeep
|turn|8
|
|t:|1760762060
|move|p1a: the claw|Crabhammer|p2a: Garganacl
|-supereffective|p2a: Garganacl
|-damage|p2a: Garganacl|0 fnt
|faint|p2a: Garganacl
|
|-heal|p1a: the claw|63/100 tox|[from] ability: Poison Heal
|upkeep
|
|t:|1760762067
|switch|p2a: Weezing|Weezing-Galar, F, shiny|100/100
|-ability|p2a: Weezing|Neutralizing Gas
|turn|9
|
|t:|1760762077
|move|p2a: Weezing|Protect|p2a: Weezing
|-singleturn|p2a: Weezing|Protect
|move|p1a: the claw|Earthquake|p2a: Weezing
|-activate|p2a: Weezing|move: Protect
|
|-damage|p1a: the claw|39/100 tox|[from] psn
|upkeep
|turn|10
|
|t:|1760762089
|move|p1a: the claw|Earthquake|p2a: Weezing
|-supereffective|p2a: Weezing
|-damage|p2a: Weezing|29/100
|move|p2a: Weezing|Clear Smog|p1a: the claw
|-damage|p1a: the claw|18/100 tox
|-clearboost|p1a: the claw
|
|-heal|p2a: Weezing|35/100|[from] item: Leftovers
|-damage|p1a: the claw|0 fnt|[from] psn
|faint|p1a: the claw
|upkeep
|
|t:|1760762096
|switch|p1a: yo mama cat|Alomomola, M|93/100
|turn|11
|
|t:|1760762107
|move|p2a: Weezing|Protect|p2a: Weezing
|-singleturn|p2a: Weezing|Protect
|move|p1a: yo mama cat|Zen Headbutt|p2a: Weezing
|-activate|p2a: Weezing|move: Protect
|
|-heal|p2a: Weezing|41/100|[from] item: Leftovers
|upkeep
|turn|12
|
|t:|1760762122
|-end|p2a: Weezing|ability: Neutralizing Gas
|switch|p2a: Slowking|Slowking-Galar, F, shiny|66/100
|move|p1a: yo mama cat|Zen Headbutt|p2a: Slowking
|-damage|p2a: Slowking|50/100
|
|upkeep
|turn|13
|
|t:|1760762131
|move|p1a: yo mama cat|Flip Turn|p2a: Slowking
|-damage|p2a: Slowking|32/100
|
|t:|1760762137
|switch|p1a: fat slug|Wo-Chien|100/100|[from] Flip Turn
|-ability|p1a: fat slug|Tablets of Ruin
|-prepare|p2a: Slowking|Chilly Reception|[premajor]
|move|p2a: Slowking|Chilly Reception|p2a: Slowking
|-weather|Snowscape
|
|t:|1760762145
|switch|p2a: Glimmora|Glimmora, F, shiny|100/100|[from] Chilly Reception
|-item|p2a: Glimmora|Air Balloon
|
|-weather|Snowscape|[upkeep]
|upkeep
|turn|14
|
|t:|1760762153
|move|p2a: Glimmora|Toxic|p1a: fat slug
|-status|p1a: fat slug|tox
|move|p1a: fat slug|Dark Pulse|p2a: Glimmora
|-damage|p2a: Glimmora|61/100
|-enditem|p2a: Glimmora|Air Balloon
|
|-weather|Snowscape|[upkeep]
|-damage|p1a: fat slug|94/100 tox|[from] psn
|upkeep
|turn|15
|inactive|Fullmelmetal101 has 120 seconds left.
|
|t:|1760762189
|move|p2a: Glimmora|Stealth Rock|p1a: fat slug
|-sidestart|p1: realgodlegs|move: Stealth Rock
|move|p1a: fat slug|Dark Pulse|p2a: Glimmora
|-damage|p2a: Glimmora|20/100
|
|-weather|Snowscape|[upkeep]
|-heal|p1a: fat slug|100/100 tox|[from] item: Leftovers
|-damage|p1a: fat slug|88/100 tox|[from] psn
|upkeep
|turn|16
|inactive|Fullmelmetal101 has 120 seconds left.
|
|t:|1760762204
|move|p2a: Glimmora|Spiky Shield|p2a: Glimmora
|-singleturn|p2a: Glimmora|move: Protect
|move|p1a: fat slug|Dark Pulse|p2a: Glimmora
|-activate|p2a: Glimmora|move: Protect
|
|-weather|Snowscape|[upkeep]
|-heal|p1a: fat slug|94/100 tox|[from] item: Leftovers
|-damage|p1a: fat slug|76/100 tox|[from] psn
|upkeep
|turn|17
|inactive|Fullmelmetal101 has 120 seconds left.
|
|t:|1760762217
|switch|p2a: Regice|Regice, shiny|100/100
|move|p1a: fat slug|Dark Pulse|p2a: Regice
|-damage|p2a: Regice|82/100
|
|-weather|Snowscape|[upkeep]
|-heal|p2a: Regice|88/100|[from] ability: Ice Body
|-heal|p1a: fat slug|82/100 tox|[from] item: Leftovers
|-heal|p2a: Regice|94/100|[from] item: Leftovers
|-damage|p1a: fat slug|57/100 tox|[from] psn
|upkeep
|turn|18
|inactive|Fullmelmetal101 has 120 seconds left.
|
|t:|1760762235
|switch|p1a: this is you(fat)|Clefable, M|100/100
|-damage|p1a: this is you(fat)|88/100|[from] Stealth Rock
|move|p2a: Regice|Avalanche|p1a: this is you(fat)
|-damage|p1a: this is you(fat)|68/100
|
|-weather|Snowscape|[upkeep]
|-heal|p2a: Regice|100/100|[from] ability: Ice Body
|upkeep
|turn|19
|inactive|Fullmelmetal101 has 120 seconds left.
|
|t:|1760762250
|move|p1a: this is you(fat)|Flamethrower|p2a: Regice
|-supereffective|p2a: Regice
|-damage|p2a: Regice|72/100
|move|p2a: Regice|Curse|p2a: Regice
|-unboost|p2a: Regice|spe|1
|-boost|p2a: Regice|atk|1
|-boost|p2a: Regice|def|1
|
|-weather|Snowscape|[upkeep]
|-heal|p2a: Regice|78/100|[from] ability: Ice Body
|-heal|p2a: Regice|84/100|[from] item: Leftovers
|upkeep
|turn|20
|
|t:|1760762271
|move|p1a: this is you(fat)|Flamethrower|p2a: Regice
|-supereffective|p2a: Regice
|-damage|p2a: Regice|57/100
|move|p2a: Regice|Avalanche|p1a: this is you(fat)
|-damage|p1a: this is you(fat)|26/100
|
|-weather|none
|-heal|p2a: Regice|63/100|[from] item: Leftovers
|upkeep
|turn|21
|
|t:|1760762281
|move|p1a: this is you(fat)|Flamethrower|p2a: Regice
|-supereffective|p2a: Regice
|-damage|p2a: Regice|35/100
|move|p2a: Regice|Earthquake|p1a: this is you(fat)
|-damage|p1a: this is you(fat)|2/100
|
|-heal|p2a: Regice|41/100|[from] item: Leftovers
|upkeep
|turn|22
|
|t:|1760762291
|switch|p2a: Slowking|Slowking-Galar, F, shiny|65/100
|move|p1a: this is you(fat)|Flamethrower|p2a: Slowking
|-damage|p2a: Slowking|46/100
|
|upkeep
|turn|23
|
|t:|1760762301
|move|p1a: this is you(fat)|Ice Beam|p2a: Slowking
|-damage|p2a: Slowking|26/100
|move|p2a: Slowking|Future Sight|p1a: this is you(fat)
|-start|p2a: Slowking|move: Future Sight
|
|upkeep
|turn|24
|
|t:|1760762308
|move|p2a: Slowking|Protect|p2a: Slowking
|-singleturn|p2a: Slowking|Protect
|move|p1a: this is you(fat)|Ice Beam|p2a: Slowking
|-activate|p2a: Slowking|move: Protect
|
|upkeep
|turn|25
|inactive|Fullmelmetal101 has 120 seconds left.
|
|t:|1760762322
|move|p1a: this is you(fat)|Ice Beam|p2a: Slowking
|-damage|p2a: Slowking|7/100
|move|p2a: Slowking|Sludge Bomb|p1a: this is you(fat)
|-supereffective|p1a: this is you(fat)
|-damage|p1a: this is you(fat)|0 fnt
|faint|p1a: this is you(fat)
|
|-hint|Future Sight did not hit because the target is fainted.
|upkeep
|
|t:|1760762329
|switch|p1a: fat slug|Wo-Chien|57/100 tox
|-damage|p1a: fat slug|45/100 tox|[from] Stealth Rock
|-ability|p1a: fat slug|Tablets of Ruin
|turn|26
|
|t:|1760762336
|move|p2a: Slowking|Protect|p2a: Slowking
|-singleturn|p2a: Slowking|Protect
|move|p1a: fat slug|Dark Pulse|p2a: Slowking
|-activate|p2a: Slowking|move: Protect
|
|-heal|p1a: fat slug|51/100 tox|[from] item: Leftovers
|-damage|p1a: fat slug|45/100 tox|[from] psn
|upkeep
|turn|27
|inactive|Fullmelmetal101 has 120 seconds left.
|
|t:|1760762353
|move|p1a: fat slug|Dark Pulse|p2a: Slowking
|-supereffective|p2a: Slowking
|-damage|p2a: Slowking|0 fnt
|faint|p2a: Slowking
|
|-heal|p1a: fat slug|51/100 tox|[from] item: Leftovers
|-damage|p1a: fat slug|39/100 tox|[from] psn
|upkeep
|inactive|Fullmelmetal101 has 120 seconds left.
|
|t:|1760762370
|switch|p2a: Weezing|Weezing-Galar, F, shiny|41/100
|-ability|p2a: Weezing|Neutralizing Gas
|turn|28
|
|t:|1760762375
|move|p2a: Weezing|Protect|p2a: Weezing
|-singleturn|p2a: Weezing|Protect
|move|p1a: fat slug|Tera Blast|p2a: Weezing
|-activate|p2a: Weezing|move: Protect
|
|-heal|p1a: fat slug|45/100 tox|[from] item: Leftovers
|-heal|p2a: Weezing|47/100|[from] item: Leftovers
|-damage|p1a: fat slug|27/100 tox|[from] psn
|upkeep
|turn|29
|inactive|Fullmelmetal101 has 120 seconds left.
|
|t:|1760762388
|move|p1a: fat slug|Tera Blast|p2a: Weezing
|-damage|p2a: Weezing|26/100
|move|p2a: Weezing|Clear Smog|p1a: fat slug
|-supereffective|p1a: fat slug
|-damage|p1a: fat slug|3/100 tox
|-clearboost|p1a: fat slug
|
|-heal|p1a: fat slug|9/100 tox|[from] item: Leftovers
|-heal|p2a: Weezing|32/100|[from] item: Leftovers
|-damage|p1a: fat slug|0 fnt|[from] psn
|faint|p1a: fat slug
|upkeep
|
|t:|1760762412
|switch|p1a: yo mama cat|Alomomola, M|100/100
|-damage|p1a: yo mama cat|88/100|[from] Stealth Rock
|turn|30
|
|t:|1760762418
|move|p1a: yo mama cat|Zen Headbutt|p2a: Weezing
|-supereffective|p2a: Weezing
|-damage|p2a: Weezing|0 fnt
|faint|p2a: Weezing
|-end|p2a: Weezing|ability: Neutralizing Gas
|
|upkeep
|
|t:|1760762424
|switch|p2a: Glimmora|Glimmora, F, shiny|20/100
|turn|31
|
|t:|1760762435
|move|p2a: Glimmora|Spiky Shield|p2a: Glimmora
|-singleturn|p2a: Glimmora|move: Protect
|move|p1a: yo mama cat|Zen Headbutt|p2a: Glimmora
|-activate|p2a: Glimmora|move: Protect
|-damage|p1a: yo mama cat|76/100|[from] Spiky Shield|[of] p2a: Glimmora
|
|upkeep
|turn|32
|
|t:|1760762449
|move|p2a: Glimmora|Toxic|p1a: yo mama cat
|-status|p1a: yo mama cat|tox
|move|p1a: yo mama cat|Zen Headbutt|p2a: Glimmora
|-supereffective|p2a: Glimmora
|-damage|p2a: Glimmora|0 fnt
|faint|p2a: Glimmora
|
|-damage|p1a: yo mama cat|70/100 tox|[from] psn
|upkeep
|
|t:|1760762458
|switch|p2a: Regice|Regice, shiny|41/100
|turn|33
|
|t:|1760762479
|move|p1a: yo mama cat|Play Rough|p2a: Regice
|-crit|p2a: Regice
|-damage|p2a: Regice|7/100
|move|p2a: Regice|Curse|p2a: Regice
|-unboost|p2a: Regice|spe|1
|-boost|p2a: Regice|atk|1
|-boost|p2a: Regice|def|1
|
|-heal|p2a: Regice|13/100|[from] item: Leftovers
|-damage|p1a: yo mama cat|57/100 tox|[from] psn
|upkeep
|turn|34
|-message|Fullmelmetal101 forfeited.
|
|win|realgodlegs
|raw|realgodlegs's rating: 1103 &rarr; <strong>1131</strong><br />(+28 for winning)
|raw|Fullmelmetal101's rating: 1139 &rarr; <strong>1111</strong><br />(-28 for losing)
|l|☆Fullmelmetal101
|player|p2|
|l|☆realgodlegs
|player|p1|
