|j|☆xw haha
|t:|1760778666
|gametype|singles
|player|p1|Crovet 7|scientist|1378
|player|p2|xw haha|volkner|1402
|gen|9
|tier|[Gen 9] OU
|rated|
|rule|HP Percentage Mod: HP is shown in percentages
|rule|Endless Battle Clause: Forcing endless battles is banned
|rule|Species Clause: Limit one of each Pokémon
|rule|OHKO Clause: OHKO moves are banned
|rule|Evasion Items Clause: Evasion items are banned
|rule|Evasion Moves Clause: Evasion moves are banned
|rule|Evasion Abilities Clause: Evasion abilities are banned
|rule|Sleep Moves Clause: Sleep-inducing moves are banned
|clearpoke
|poke|p1|Torterra, F|
|poke|p1|Grimmsnarl, M|
|poke|p1|Pecharunt|
|poke|p1|Great Tusk|
|poke|p1|Raging Bolt|
|poke|p1|Scizor, M|
|poke|p2|Corviknight, M|
|poke|p2|Garganacl, M|
|poke|p2|Cinderace, M|
|poke|p2|Iron Valiant|
|poke|p2|Great Tusk|
|poke|p2|Raging Bolt|
|teampreview
|inactive|Battle timer is ON: inactive players will automatically lose when time's up. (requested by xw haha)
|inactive|Crovet 7 disconnected and has a minute to reconnect!
|inactive|Crovet 7 has 30 seconds to reconnect!
|inactive|Crovet 7 has 20 seconds to reconnect!
|inactive|Crovet 7 has 15 seconds to reconnect!
|inactive|Crovet 7 has 10 seconds to reconnect!
|inactive|Crovet 7 has 5 seconds to reconnect!
|j|☆Crovet 7
|inactive|Crovet 7 reconnected and has 95 seconds left.
|player|p1|Crovet 7|scientist|
|inactive|Crovet 7 has 90 seconds left.
|
|t:|1760778749
|teamsize|p1|6
|teamsize|p2|6
|start
|switch|p1a: Grimmsnarl|Grimmsnarl, M|100/100
|switch|p2a: Iron Valiant|Iron Valiant|100/100
|-enditem|p2a: Iron Valiant|Booster Energy
|-activate|p2a: Iron Valiant|ability: Quark Drive|[fromitem]
|-start|p2a: Iron Valiant|quarkdrivespe
|turn|1
|
|t:|1760778769
|move|p1a: Grimmsnarl|Parting Shot|p2a: Iron Valiant
|-unboost|p2a: Iron Valiant|atk|1
|-unboost|p2a: Iron Valiant|spa|1
|
|t:|1760778771
|switch|p1a: Scizor|Scizor, M|100/100|[from] Parting Shot
|move|p2a: Iron Valiant|Moonblast|p1a: Scizor
|-resisted|p1a: Scizor
|-damage|p1a: Scizor|81/100
|
|upkeep
|turn|2
|
|t:|1760778781
|-end|p2a: Iron Valiant|Quark Drive|[silent]
|switch|p2a: Corviknight|Corviknight, M|100/100
|move|p1a: Scizor|Bullet Punch|p2a: Corviknight
|-resisted|p2a: Corviknight
|-damage|p2a: Corviknight|87/100
|-damage|p1a: Scizor|65/100|[from] item: Rocky Helmet|[of] p2a: Corviknight
|-damage|p1a: Scizor|55/100|[from] item: Life Orb
|
|upkeep
|turn|3
|
|t:|1760778794
|move|p1a: Scizor|Knock Off|p2a: Corviknight
|-damage|p2a: Corviknight|58/100
|-damage|p1a: Scizor|38/100|[from] item: Rocky Helmet|[of] p2a: Corviknight
|-enditem|p2a: Corviknight|Rocky Helmet|[from] move: Knock Off|[of] p1a: Scizor
|-damage|p1a: Scizor|28/100|[from] item: Life Orb
|move|p2a: Corviknight|U-turn|p1a: Scizor
|-resisted|p1a: Scizor
|-damage|p1a: Scizor|19/100
|
|t:|1760778805
|switch|p2a: Cinderace|Cinderace, M|100/100|[from] U-turn
|
|upkeep
|turn|4
|
|t:|1760778813
|switch|p1a: Great Tusk|Great Tusk|100/100
|-enditem|p1a: Great Tusk|Booster Energy
|-activate|p1a: Great Tusk|ability: Protosynthesis|[fromitem]
|-start|p1a: Great Tusk|protosynthesisspe
|move|p2a: Cinderace|U-turn|p1a: Great Tusk
|-start|p2a: Cinderace|typechange|Bug|[from] ability: Libero
|-resisted|p1a: Great Tusk
|-damage|p1a: Great Tusk|89/100
|
|t:|1760778824
|switch|p2a: Corviknight|Corviknight, M|58/100|[from] U-turn
|
|upkeep
|turn|5
|
|t:|1760778830
|move|p1a: Great Tusk|Stealth Rock|p2a: Corviknight
|-sidestart|p2: xw haha|move: Stealth Rock
|move|p2a: Corviknight|Roost|p2a: Corviknight
|-heal|p2a: Corviknight|100/100
|-singleturn|p2a: Corviknight|move: Roost
|
|upkeep
|turn|6
|
|t:|1760778838
|move|p1a: Great Tusk|Ice Spinner|p2a: Corviknight
|-crit|p2a: Corviknight
|-damage|p2a: Corviknight|80/100
|move|p2a: Corviknight|Defog|p1a: Great Tusk
|-unboost|p1a: Great Tusk|evasion|1
|-sideend|p2: xw haha|Stealth Rock|[from] move: Defog|[of] p2a: Corviknight
|
|upkeep
|turn|7
|
|t:|1760778846
|move|p1a: Great Tusk|Stealth Rock|p2a: Corviknight
|-sidestart|p2: xw haha|move: Stealth Rock
|move|p2a: Corviknight|U-turn|p1a: Great Tusk
|-resisted|p1a: Great Tusk
|-damage|p1a: Great Tusk|85/100
|
|t:|1760778851
|switch|p2a: Great Tusk|Great Tusk|100/100|[from] U-turn
|-damage|p2a: Great Tusk|98/100|[from] Stealth Rock
|
|upkeep
|turn|8
|
|t:|1760778860
|-end|p1a: Great Tusk|Protosynthesis|[silent]
|switch|p1a: Pecharunt|Pecharunt|100/100
|-item|p1a: Pecharunt|Air Balloon
|move|p2a: Great Tusk|Knock Off|p1a: Pecharunt
|-supereffective|p1a: Pecharunt
|-damage|p1a: Pecharunt|60/100
|-enditem|p1a: Pecharunt|Air Balloon
|
|upkeep
|turn|9
|
|t:|1760778869
|move|p1a: Pecharunt|Shadow Ball|p2a: Great Tusk
|-damage|p2a: Great Tusk|63/100
|move|p2a: Great Tusk|Headlong Rush|p1a: Pecharunt
|-supereffective|p1a: Pecharunt
|-damage|p1a: Pecharunt|0 fnt
|-unboost|p2a: Great Tusk|def|1
|-unboost|p2a: Great Tusk|spd|1
|faint|p1a: Pecharunt
|
|upkeep
|
|t:|1760778873
|switch|p1a: Grimmsnarl|Grimmsnarl, M|100/100
|turn|10
|
|t:|1760778883
|-end|p2a: Great Tusk|Protosynthesis|[silent]
|switch|p2a: Corviknight|Corviknight, M|80/100
|-damage|p2a: Corviknight|68/100|[from] Stealth Rock
|move|p1a: Grimmsnarl|Parting Shot|p2a: Corviknight
|-ability|p2a: Corviknight|Mirror Armor
|-unboost|p1a: Grimmsnarl|atk|1
|-ability|p2a: Corviknight|Mirror Armor
|-unboost|p1a: Grimmsnarl|spa|1
|
|t:|1760778899
|switch|p1a: Torterra|Torterra, F|100/100|[from] Parting Shot
|
|upkeep
|turn|11
|
|t:|1760778910
|move|p1a: Torterra|Shell Smash|p1a: Torterra
|-unboost|p1a: Torterra|def|1
|-unboost|p1a: Torterra|spd|1
|-boost|p1a: Torterra|atk|2
|-boost|p1a: Torterra|spa|2
|-boost|p1a: Torterra|spe|2
|move|p2a: Corviknight|Brave Bird|p1a: Torterra
|-supereffective|p1a: Torterra
|-damage|p1a: Torterra|0 fnt
|faint|p1a: Torterra
|-damage|p2a: Corviknight|41/100|[from] Recoil
|
|upkeep
|
|t:|1760778913
|switch|p1a: Scizor|Scizor, M|19/100
|turn|12
|
|t:|1760778924
|-terastallize|p1a: Scizor|Electric
|move|p1a: Scizor|Tera Blast|p2a: Corviknight|[anim] Tera Blast Electric
|-supereffective|p2a: Corviknight
|-damage|p2a: Corviknight|0 fnt
|faint|p2a: Corviknight
|-damage|p1a: Scizor|9/100|[from] item: Life Orb
|
|upkeep
|
|t:|1760778938
|switch|p2a: Cinderace|Cinderace, M|100/100
|turn|13
|
|t:|1760778943
|move|p1a: Scizor|Bullet Punch|p2a: Cinderace
|-resisted|p2a: Cinderace
|-damage|p2a: Cinderace|69/100
|-damage|p1a: Scizor|0 fnt|[from] item: Life Orb
|faint|p1a: Scizor
|move|p2a: Cinderace|Court Change|p2a: Cinderace
|-start|p2a: Cinderace|typechange|Normal|[from] ability: Libero
|-swapsideconditions
|-activate|p2a: Cinderace|move: Court Change
|
|upkeep
|
|t:|1760778948
|switch|p1a: Grimmsnarl|Grimmsnarl, M|100/100
|-damage|p1a: Grimmsnarl|88/100|[from] Stealth Rock
|turn|14
|
|t:|1760778956
|move|p1a: Grimmsnarl|Reflect|p1a: Grimmsnarl
|-sidestart|p1: Crovet 7|Reflect
|move|p2a: Cinderace|U-turn|p1a: Grimmsnarl
|-damage|p1a: Grimmsnarl|75/100
|
|t:|1760778961
|switch|p2a: Garganacl|Garganacl, M|100/100|[from] U-turn
|
|upkeep
|turn|15
|
|t:|1760778969
|move|p1a: Grimmsnarl|Light Screen|p1a: Grimmsnarl
|-sidestart|p1: Crovet 7|move: Light Screen
|move|p2a: Garganacl|Salt Cure|p1a: Grimmsnarl
|-damage|p1a: Grimmsnarl|67/100
|-start|p1a: Grimmsnarl|Salt Cure
|
|-damage|p1a: Grimmsnarl|54/100|[from] Salt Cure
|upkeep
|turn|16
|
|t:|1760778977
|move|p1a: Grimmsnarl|Parting Shot|p2a: Garganacl
|-unboost|p2a: Garganacl|atk|1
|-unboost|p2a: Garganacl|spa|1
|
|t:|1760778980
|switch|p1a: Great Tusk|Great Tusk|85/100|[from] Parting Shot
|-damage|p1a: Great Tusk|82/100|[from] Stealth Rock
|move|p2a: Garganacl|Salt Cure|p1a: Great Tusk
|-resisted|p1a: Great Tusk
|-damage|p1a: Great Tusk|81/100
|-start|p1a: Great Tusk|Salt Cure
|
|-damage|p1a: Great Tusk|69/100|[from] Salt Cure
|upkeep
|turn|17
|
|t:|1760778999
|-terastallize|p2a: Garganacl|Ghost
|move|p2a: Garganacl|Protect|p2a: Garganacl
|-singleturn|p2a: Garganacl|Protect
|move|p1a: Great Tusk|Rapid Spin|p2a: Garganacl
|-activate|p2a: Garganacl|move: Protect
|
|-damage|p1a: Great Tusk|56/100|[from] Salt Cure
|upkeep
|turn|18
|
|t:|1760779012
|move|p1a: Great Tusk|Stealth Rock|p2a: Garganacl
|-sidestart|p2: xw haha|move: Stealth Rock
|move|p2a: Garganacl|Recover||[still]
|-fail|p2a: Garganacl|heal
|
|-damage|p1a: Great Tusk|44/100|[from] Salt Cure
|upkeep
|turn|19
|
|t:|1760779020
|move|p1a: Great Tusk|Headlong Rush|p2a: Garganacl
|-damage|p2a: Garganacl|63/100
|-unboost|p1a: Great Tusk|def|1
|-unboost|p1a: Great Tusk|spd|1
|move|p2a: Garganacl|Recover|p2a: Garganacl
|-heal|p2a: Garganacl|100/100
|
|-damage|p1a: Great Tusk|31/100|[from] Salt Cure
|upkeep
|turn|20
|
|t:|1760779032
|move|p1a: Great Tusk|Headlong Rush|p2a: Garganacl
|-damage|p2a: Garganacl|67/100
|-unboost|p1a: Great Tusk|def|1
|-unboost|p1a: Great Tusk|spd|1
|move|p2a: Garganacl|Salt Cure|p1a: Great Tusk
|-resisted|p1a: Great Tusk
|-damage|p1a: Great Tusk|30/100
|
|-heal|p2a: Garganacl|73/100|[from] item: Leftovers
|-damage|p1a: Great Tusk|18/100|[from] Salt Cure
|upkeep
|turn|21
|
|t:|1760779044
|move|p1a: Great Tusk|Headlong Rush|p2a: Garganacl
|-damage|p2a: Garganacl|41/100
|-unboost|p1a: Great Tusk|def|1
|-unboost|p1a: Great Tusk|spd|1
|move|p2a: Garganacl|Recover|p2a: Garganacl
|-heal|p2a: Garganacl|91/100
|
|-heal|p2a: Garganacl|97/100|[from] item: Leftovers
|-damage|p1a: Great Tusk|5/100|[from] Salt Cure
|-sideend|p1: Crovet 7|Reflect
|upkeep
|turn|22
|
|t:|1760779056
|move|p2a: Garganacl|Protect|p2a: Garganacl
|-singleturn|p2a: Garganacl|Protect
|move|p1a: Great Tusk|Headlong Rush|p2a: Garganacl
|-activate|p2a: Garganacl|move: Protect
|
|-heal|p2a: Garganacl|100/100|[from] item: Leftovers
|-damage|p1a: Great Tusk|0 fnt|[from] Salt Cure
|faint|p1a: Great Tusk
|-end|p1a: Great Tusk|Protosynthesis|[silent]
|-sideend|p1: Crovet 7|move: Light Screen
|upkeep
|
|t:|1760779059
|switch|p1a: Grimmsnarl|Grimmsnarl, M|54/100
|-damage|p1a: Grimmsnarl|42/100|[from] Stealth Rock
|turn|23
|
|t:|1760779072
|move|p1a: Grimmsnarl|Reflect|p1a: Grimmsnarl
|-sidestart|p1: Crovet 7|Reflect
|move|p2a: Garganacl|Salt Cure|p1a: Grimmsnarl
|-damage|p1a: Grimmsnarl|37/100
|-start|p1a: Grimmsnarl|Salt Cure
|
|-damage|p1a: Grimmsnarl|25/100|[from] Salt Cure
|upkeep
|turn|24
|
|t:|1760779080
|move|p1a: Grimmsnarl|Light Screen|p1a: Grimmsnarl
|-sidestart|p1: Crovet 7|move: Light Screen
|move|p2a: Garganacl|Salt Cure|p1a: Grimmsnarl
|-damage|p1a: Grimmsnarl|19/100
|
|-damage|p1a: Grimmsnarl|7/100|[from] Salt Cure
|upkeep
|turn|25
|
|t:|1760779088
|move|p1a: Grimmsnarl|Spirit Break|p2a: Garganacl
|-damage|p2a: Garganacl|82/100
|-unboost|p2a: Garganacl|spa|1
|move|p2a: Garganacl|Salt Cure|p1a: Grimmsnarl
|-damage|p1a: Grimmsnarl|2/100
|
|-heal|p2a: Garganacl|88/100|[from] item: Leftovers
|-damage|p1a: Grimmsnarl|0 fnt|[from] Salt Cure
|faint|p1a: Grimmsnarl
|upkeep
|
|t:|1760779090
|switch|p1a: Raging Bolt|Raging Bolt|100/100
|-damage|p1a: Raging Bolt|88/100|[from] Stealth Rock
|-enditem|p1a: Raging Bolt|Booster Energy
|-activate|p1a: Raging Bolt|ability: Protosynthesis|[fromitem]
|-start|p1a: Raging Bolt|protosynthesisspa
|turn|26
|
|t:|1760779113
|move|p1a: Raging Bolt|Thunderbolt|p2a: Garganacl
|-damage|p2a: Garganacl|46/100
|move|p2a: Garganacl|Salt Cure|p1a: Raging Bolt
|-damage|p1a: Raging Bolt|85/100
|-start|p1a: Raging Bolt|Salt Cure
|
|-heal|p2a: Garganacl|52/100|[from] item: Leftovers
|-damage|p1a: Raging Bolt|72/100|[from] Salt Cure
|upkeep
|turn|27
|
|t:|1760779123
|move|p2a: Garganacl|Protect|p2a: Garganacl
|-singleturn|p2a: Garganacl|Protect
|move|p1a: Raging Bolt|Calm Mind|p1a: Raging Bolt
|-boost|p1a: Raging Bolt|spa|1
|-boost|p1a: Raging Bolt|spd|1
|
|-heal|p2a: Garganacl|58/100|[from] item: Leftovers
|-damage|p1a: Raging Bolt|60/100|[from] Salt Cure
|upkeep
|turn|28
|
|t:|1760779135
|switch|p2a: Raging Bolt|Raging Bolt|100/100
|-damage|p2a: Raging Bolt|88/100|[from] Stealth Rock
|move|p1a: Raging Bolt|Thunderbolt|p2a: Raging Bolt
|-resisted|p2a: Raging Bolt
|-damage|p2a: Raging Bolt|75/100
|
|-damage|p1a: Raging Bolt|47/100|[from] Salt Cure
|upkeep
|turn|29
|
|t:|1760779145
|-end|p2a: Raging Bolt|Protosynthesis|[silent]
|switch|p2a: Iron Valiant|Iron Valiant|100/100
|-damage|p2a: Iron Valiant|94/100|[from] Stealth Rock
|move|p1a: Raging Bolt|Dragon Pulse|p2a: Iron Valiant
|-immune|p2a: Iron Valiant
|
|-damage|p1a: Raging Bolt|35/100|[from] Salt Cure
|upkeep
|turn|30
|
|t:|1760779156
|move|p2a: Iron Valiant|Shadow Sneak|p1a: Raging Bolt
|-damage|p1a: Raging Bolt|29/100
|move|p1a: Raging Bolt|Thunderclap||[still]
|-fail|p1a: Raging Bolt
|
|-damage|p1a: Raging Bolt|17/100|[from] Salt Cure
|-sideend|p1: Crovet 7|Reflect
|upkeep
|turn|31
|-message|Crovet 7 forfeited.
|
|win|xw haha
|raw|Crovet 7's rating: 1378 &rarr; <strong>1359</strong><br />(-19 for losing)
|raw|xw haha's rating: 1402 &rarr; <strong>1421</strong><br />(+19 for winning)
|l|☆Crovet 7
|player|p1|
|l|☆xw haha
|player|p2|
