|j|☆Xv innnnn
|j|☆HZBKAI3
|t:|1760847428
|gametype|singles
|player|p1|Xv innnnn|rosa|1080
|player|p2|HZBKAI3|265|1083
|gen|9
|tier|[Gen 9] OU
|rated|
|rule|HP Percentage Mod: HP is shown in percentages
|rule|Endless Battle Clause: Forcing endless battles is banned
|rule|Species Clause: Limit one of each Pokémon
|rule|OHKO Clause: OHKO moves are banned
|rule|Evasion Items Clause: Evasion items are banned
|rule|Evasion Moves Clause: Evasion moves are banned
|rule|Evasion Abilities Clause: Evasion abilities are banned
|rule|Sleep Moves Clause: Sleep-inducing moves are banned
|clearpoke
|poke|p1|Iron Valiant|
|poke|p1|Garchomp, F|
|poke|p1|Gholdengo|
|poke|p1|Keldeo-Resolute|
|poke|p1|Enamorus, F|
|poke|p1|Ogerpon-Cornerstone, F|
|poke|p2|Latias, F|
|poke|p2|Tinkaton, F|
|poke|p2|Pelipper, F|
|poke|p2|Gastrodon, M|
|poke|p2|Moltres|
|poke|p2|Goodra-Hisui, F|
|teampreview
|
|t:|1760847442
|teamsize|p1|6
|teamsize|p2|6
|start
|switch|p1a: Ogerpon|Ogerpon-Cornerstone, F|100/100
|switch|p2a: Tinkaton|Tinkaton, F|100/100
|-item|p2a: Tinkaton|Air Balloon
|turn|1
|
|t:|1760847457
|move|p1a: Ogerpon|U-turn|p2a: Tinkaton
|-resisted|p2a: Tinkaton
|-damage|p2a: Tinkaton|93/100
|-enditem|p2a: Tinkaton|Air Balloon
|
|t:|1760847465
|switch|p1a: Enamorus|Enamorus, F|100/100|[from] U-turn
|move|p2a: Tinkaton|Gigaton Hammer|p1a: Enamorus
|-supereffective|p1a: Enamorus
|-damage|p1a: Enamorus|0 fnt
|faint|p1a: Enamorus
|
|upkeep
|
|t:|1760847476
|switch|p1a: Garchomp|Garchomp, F|100/100
|turn|2
|
|t:|1760847480
|move|p2a: Tinkaton|Thunder Wave|p1a: Garchomp
|-immune|p1a: Garchomp
|move|p1a: Garchomp|Stealth Rock|p2a: Tinkaton
|-sidestart|p2: HZBKAI3|move: Stealth Rock
|
|upkeep
|turn|3
|
|t:|1760847487
|move|p2a: Tinkaton|Gigaton Hammer|p1a: Garchomp
|-damage|p1a: Garchomp|68/100
|move|p1a: Garchomp|Earthquake|p2a: Tinkaton
|-supereffective|p2a: Tinkaton
|-damage|p2a: Tinkaton|0 fnt
|faint|p2a: Tinkaton
|
|upkeep
|
|t:|1760847487
|switch|p2a: Gastrodon|Gastrodon, M|100/100
|-damage|p2a: Gastrodon|94/100|[from] Stealth Rock
|turn|4
|
|t:|1760847512
|switch|p1a: Ogerpon|Ogerpon-Cornerstone, F|100/100
|move|p2a: Gastrodon|Blizzard|p1a: Ogerpon
|-supereffective|p1a: Ogerpon
|-damage|p1a: Ogerpon|18/100
|
|upkeep
|turn|5
|
|t:|1760847520
|move|p1a: Ogerpon|Power Whip|p2a: Gastrodon
|-supereffective|p2a: Gastrodon
|-damage|p2a: Gastrodon|0 fnt
|faint|p2a: Gastrodon
|
|upkeep
|
|t:|1760847520
|switch|p2a: Goodra|Goodra-Hisui, F|100/100
|-damage|p2a: Goodra|94/100|[from] Stealth Rock
|turn|6
|
|t:|1760847534
|move|p1a: Ogerpon|U-turn|p2a: Goodra
|-resisted|p2a: Goodra
|-damage|p2a: Goodra|81/100
|
|t:|1760847539
|switch|p1a: Gholdengo|Gholdengo|100/100|[from] U-turn
|move|p2a: Goodra|Flash Cannon|p1a: Gholdengo
|-resisted|p1a: Gholdengo
|-damage|p1a: Gholdengo|77/100
|
|upkeep
|turn|7
|
|t:|1760847547
|move|p1a: Gholdengo|Focus Blast|p2a: Goodra
|-supereffective|p2a: Goodra
|-damage|p2a: Goodra|37/100
|move|p2a: Goodra|Flamethrower|p1a: Gholdengo
|-supereffective|p1a: Gholdengo
|-damage|p1a: Gholdengo|1/100
|
|upkeep
|turn|8
|
|t:|1760847556
|move|p1a: Gholdengo|Focus Blast|p2a: Goodra
|-supereffective|p2a: Goodra
|-damage|p2a: Goodra|0 fnt
|faint|p2a: Goodra
|
|upkeep
|
|t:|1760847556
|switch|p2a: Moltres|Moltres|100/100
|turn|9
|
|t:|1760847566
|switch|p1a: Garchomp|Garchomp, F|68/100
|move|p2a: Moltres|Flamethrower|p1a: Garchomp
|-resisted|p1a: Garchomp
|-damage|p1a: Garchomp|51/100
|
|upkeep
|turn|10
|
|t:|1760847574
|move|p2a: Moltres|U-turn|p1a: Garchomp
|-damage|p1a: Garchomp|39/100
|-damage|p2a: Moltres|88/100|[from] ability: Rough Skin|[of] p1a: Garchomp
|-damage|p2a: Moltres|72/100|[from] item: Rocky Helmet|[of] p1a: Garchomp
|
|t:|1760847574
|switch|p2a: Pelipper|Pelipper, F|100/100|[from] U-turn
|-damage|p2a: Pelipper|76/100|[from] Stealth Rock
|-weather|RainDance|[from] ability: Drizzle|[of] p2a: Pelipper
|move|p1a: Garchomp|Dragon Tail|p2a: Pelipper
|-crit|p2a: Pelipper
|-damage|p2a: Pelipper|40/100
|drag|p2a: Moltres|Moltres|72/100
|
|-weather|RainDance|[upkeep]
|upkeep
|turn|11
|
|t:|1760847596
|move|p2a: Moltres|U-turn|p1a: Garchomp
|-damage|p1a: Garchomp|28/100
|-damage|p2a: Moltres|60/100|[from] ability: Rough Skin|[of] p1a: Garchomp
|-damage|p2a: Moltres|43/100|[from] item: Rocky Helmet|[of] p1a: Garchomp
|
|t:|1760847597
|switch|p2a: Latias|Latias, F|100/100|[from] U-turn
|-damage|p2a: Latias|88/100|[from] Stealth Rock
|move|p1a: Garchomp|Dragon Tail|p2a: Latias
|-supereffective|p2a: Latias
|-damage|p2a: Latias|32/100
|-enditem|p2a: Latias|Weakness Policy
|-boost|p2a: Latias|atk|2|[from] item: Weakness Policy
|-boost|p2a: Latias|spa|2|[from] item: Weakness Policy
|drag|p2a: Moltres|Moltres|43/100
|
|-weather|RainDance|[upkeep]
|upkeep
|turn|12
|
|t:|1760847615
|move|p1a: Garchomp|Endure|p1a: Garchomp
|-singleturn|p1a: Garchomp|move: Endure
|move|p2a: Moltres|U-turn|p1a: Garchomp
|-damage|p1a: Garchomp|17/100
|-damage|p2a: Moltres|31/100|[from] ability: Rough Skin|[of] p1a: Garchomp
|-damage|p2a: Moltres|14/100|[from] item: Rocky Helmet|[of] p1a: Garchomp
|
|t:|1760847615
|switch|p2a: Pelipper|Pelipper, F|40/100|[from] U-turn
|-damage|p2a: Pelipper|15/100|[from] Stealth Rock
|
|-weather|RainDance|[upkeep]
|upkeep
|turn|13
|
|t:|1760847630
|move|p2a: Pelipper|Hurricane|p1a: Garchomp
|-damage|p1a: Garchomp|0 fnt
|faint|p1a: Garchomp
|
|-weather|RainDance|[upkeep]
|upkeep
|
|t:|1760847639
|switch|p1a: Iron Valiant|Iron Valiant|100/100
|-enditem|p1a: Iron Valiant|Booster Energy
|-activate|p1a: Iron Valiant|ability: Quark Drive|[fromitem]
|-start|p1a: Iron Valiant|quarkdrivespe
|turn|14
|
|t:|1760847645
|move|p1a: Iron Valiant|Spirit Break|p2a: Pelipper
|-damage|p2a: Pelipper|0 fnt
|faint|p2a: Pelipper
|
|-weather|RainDance|[upkeep]
|upkeep
|
|t:|1760847645
|switch|p2a: Moltres|Moltres|14/100
|turn|15
|
|t:|1760847655
|move|p1a: Iron Valiant|Spirit Break|p2a: Moltres
|-resisted|p2a: Moltres
|-damage|p2a: Moltres|2/100
|-unboost|p2a: Moltres|spa|1
|-status|p1a: Iron Valiant|brn|[from] ability: Flame Body|[of] p2a: Moltres
|move|p2a: Moltres|Flamethrower|p1a: Iron Valiant
|-damage|p1a: Iron Valiant|77/100 brn
|
|-weather|RainDance|[upkeep]
|-damage|p1a: Iron Valiant|71/100 brn|[from] brn
|upkeep
|turn|16
|
|t:|1760847668
|move|p1a: Iron Valiant|Spirit Break|p2a: Moltres
|-resisted|p2a: Moltres
|-damage|p2a: Moltres|0 fnt
|faint|p2a: Moltres
|
|-weather|RainDance|[upkeep]
|-damage|p1a: Iron Valiant|65/100 brn|[from] brn
|upkeep
|
|t:|1760847668
|switch|p2a: Latias|Latias, F|32/100
|-damage|p2a: Latias|20/100|[from] Stealth Rock
|turn|17
|
|t:|1760847681
|move|p1a: Iron Valiant|Destiny Bond|p1a: Iron Valiant
|-singlemove|p1a: Iron Valiant|Destiny Bond
|move|p2a: Latias|Stored Power|p1a: Iron Valiant
|-supereffective|p1a: Iron Valiant
|-damage|p1a: Iron Valiant|40/100 brn
|
|-weather|none
|-damage|p1a: Iron Valiant|34/100 brn|[from] brn
|upkeep
|turn|18
|
|t:|1760847692
|move|p1a: Iron Valiant|Shadow Claw|p2a: Latias
|-supereffective|p2a: Latias
|-damage|p2a: Latias|0 fnt
|faint|p2a: Latias
|
|win|Xv innnnn
|raw|Xv innnnn's rating: 1080 &rarr; <strong>1108</strong><br />(+28 for winning)
|raw|HZBKAI3's rating: 1083 &rarr; <strong>1060</strong><br />(-23 for losing)
|l|☆HZBKAI3
|player|p2|
|l|☆Xv innnnn
|player|p1|
