|j|☆Kazuelasnt
|j|☆juliussuchtbauer
|t:|1760728479
|gametype|singles
|player|p1|Kazuelasnt|cress|1446
|player|p2|juliussuchtbauer|102|1420
|gen|9
|tier|[Gen 9] OU
|rated|
|rule|HP Percentage Mod: HP is shown in percentages
|rule|Endless Battle Clause: Forcing endless battles is banned
|rule|Species Clause: Limit one of each Pokémon
|rule|OHKO Clause: OHKO moves are banned
|rule|Evasion Items Clause: Evasion items are banned
|rule|Evasion Moves Clause: Evasion moves are banned
|rule|Evasion Abilities Clause: Evasion abilities are banned
|rule|Sleep Moves Clause: Sleep-inducing moves are banned
|clearpoke
|poke|p1|Ninetales, M|
|poke|p1|Lilligant-Hisui, F|
|poke|p1|Great Tusk|
|poke|p1|Walking Wake|
|poke|p1|Iron Moth|
|poke|p1|Heatran, M|
|poke|p2|Garganacl, M|
|poke|p2|Hippowdon, M|
|poke|p2|Hydrapple, M|
|poke|p2|Slowking-Galar, M|
|poke|p2|Samurott-Hisui, M|
|poke|p2|Excadrill, M|
|teampreview
|
|t:|1760728487
|teamsize|p1|6
|teamsize|p2|6
|start
|switch|p1a: Chujin|Ninetales, M, shiny|100/100
|switch|p2a: Hippowdon|Hippowdon, M, shiny|100/100
|-weather|SunnyDay|[from] ability: Drought|[of] p1a: Chujin
|-weather|Sandstorm|[from] ability: Sand Stream|[of] p2a: Hippowdon
|turn|1
|
|t:|1760728508
|move|p1a: Chujin|Will-O-Wisp|p2a: Hippowdon
|-status|p2a: Hippowdon|brn
|move|p2a: Hippowdon|Stealth Rock|p1a: Chujin
|-sidestart|p1: Kazuelasnt|move: Stealth Rock
|
|-weather|Sandstorm|[upkeep]
|-damage|p1a: Chujin|95/100|[from] Sandstorm
|-damage|p2a: Hippowdon|94/100 brn|[from] brn
|upkeep
|turn|2
|
|t:|1760728521
|move|p1a: Chujin|Encore|p2a: Hippowdon
|-start|p2a: Hippowdon|Encore
|move|p2a: Hippowdon|Stealth Rock||[still]
|-fail|p2a: Hippowdon
|
|-weather|Sandstorm|[upkeep]
|-damage|p1a: Chujin|89/100|[from] Sandstorm
|-damage|p2a: Hippowdon|88/100 brn|[from] brn
|upkeep
|turn|3
|
|t:|1760728525
|switch|p1a: Da TUSK|Great Tusk|100/100
|-damage|p1a: Da TUSK|97/100|[from] Stealth Rock
|switch|p2a: Garganacl|Garganacl, M, shiny|100/100
|
|-weather|Sandstorm|[upkeep]
|upkeep
|turn|4
|
|t:|1760728532
|switch|p2a: Hippowdon|Hippowdon, M, shiny|88/100 brn
|move|p1a: Da TUSK|Rapid Spin|p2a: Hippowdon
|-damage|p2a: Hippowdon|78/100 brn
|-boost|p1a: Da TUSK|spe|1
|-damage|p1a: Da TUSK|81/100|[from] item: Rocky Helmet|[of] p2a: Hippowdon
|-sideend|p1: Kazuelasnt|Stealth Rock|[from] move: Rapid Spin|[of] p1a: Da TUSK
|
|-weather|Sandstorm|[upkeep]
|-damage|p2a: Hippowdon|72/100 brn|[from] brn
|upkeep
|turn|5
|
|t:|1760728541
|-end|p1a: Da TUSK|Protosynthesis|[silent]
|switch|p1a: Cosa de Lava|Heatran, M|100/100
|-item|p1a: Cosa de Lava|Air Balloon
|move|p2a: Hippowdon|Slack Off|p2a: Hippowdon
|-heal|p2a: Hippowdon|100/100 brn
|
|-weather|none
|-damage|p2a: Hippowdon|94/100 brn|[from] brn
|upkeep
|turn|6
|
|t:|1760728546
|switch|p2a: Garganacl|Garganacl, M, shiny|100/100
|move|p1a: Cosa de Lava|Taunt|p2a: Garganacl
|-start|p2a: Garganacl|move: Taunt
|
|upkeep
|turn|7
|
|t:|1760728554
|switch|p1a: Da TUSK|Great Tusk|81/100
|move|p2a: Garganacl|Salt Cure|p1a: Da TUSK
|-resisted|p1a: Da TUSK
|-damage|p1a: Da TUSK|79/100
|-start|p1a: Da TUSK|Salt Cure
|
|-damage|p1a: Da TUSK|66/100|[from] Salt Cure
|upkeep
|turn|8
|
|t:|1760728559
|switch|p2a: Hippowdon|Hippowdon, M, shiny|94/100 brn
|-weather|Sandstorm|[from] ability: Sand Stream|[of] p2a: Hippowdon
|move|p1a: Da TUSK|Headlong Rush|p2a: Hippowdon
|-damage|p2a: Hippowdon|56/100 brn
|-unboost|p1a: Da TUSK|def|1
|-unboost|p1a: Da TUSK|spd|1
|-damage|p1a: Da TUSK|50/100|[from] item: Rocky Helmet|[of] p2a: Hippowdon
|
|-weather|Sandstorm|[upkeep]
|-damage|p2a: Hippowdon|50/100 brn|[from] brn
|-damage|p1a: Da TUSK|37/100|[from] Salt Cure
|upkeep
|turn|9
|
|t:|1760728568
|-end|p1a: Da TUSK|Protosynthesis|[silent]
|switch|p1a: Cosa de Lava|Heatran, M|100/100
|-item|p1a: Cosa de Lava|Air Balloon
|move|p2a: Hippowdon|Slack Off|p2a: Hippowdon
|-heal|p2a: Hippowdon|99/100 brn
|
|-weather|Sandstorm|[upkeep]
|-damage|p2a: Hippowdon|94/100 brn|[from] brn
|upkeep
|turn|10
|
|t:|1760728573
|switch|p2a: Garganacl|Garganacl, M, shiny|100/100
|move|p1a: Cosa de Lava|Stealth Rock|p2a: Garganacl
|-sidestart|p2: juliussuchtbauer|move: Stealth Rock
|
|-weather|Sandstorm|[upkeep]
|upkeep
|turn|11
|
|t:|1760728579
|move|p1a: Cosa de Lava|Magma Storm|p2a: Garganacl
|-resisted|p2a: Garganacl
|-damage|p2a: Garganacl|89/100
|-activate|p2a: Garganacl|move: Magma Storm|[of] p1a: Cosa de Lava
|move|p2a: Garganacl|Salt Cure|p1a: Cosa de Lava
|-damage|p1a: Cosa de Lava|88/100
|-start|p1a: Cosa de Lava|Salt Cure
|-enditem|p1a: Cosa de Lava|Air Balloon
|
|-weather|Sandstorm|[upkeep]
|-heal|p2a: Garganacl|95/100|[from] item: Leftovers
|-damage|p1a: Cosa de Lava|64/100|[from] Salt Cure
|-damage|p2a: Garganacl|83/100|[from] move: Magma Storm|[partiallytrapped]
|upkeep
|turn|12
|
|t:|1760728585
|move|p1a: Cosa de Lava|Taunt|p2a: Garganacl
|-start|p2a: Garganacl|move: Taunt
|move|p2a: Garganacl|Salt Cure|p1a: Cosa de Lava
|-damage|p1a: Cosa de Lava|52/100
|
|-weather|none
|-heal|p2a: Garganacl|89/100|[from] item: Leftovers
|-damage|p1a: Cosa de Lava|28/100|[from] Salt Cure
|-damage|p2a: Garganacl|76/100|[from] move: Magma Storm|[partiallytrapped]
|upkeep
|turn|13
|
|t:|1760728588
|move|p1a: Cosa de Lava|Earth Power|p2a: Garganacl
|-supereffective|p2a: Garganacl
|-damage|p2a: Garganacl|32/100
|move|p2a: Garganacl|Salt Cure|p1a: Cosa de Lava
|-damage|p1a: Cosa de Lava|16/100
|
|-heal|p2a: Garganacl|38/100|[from] item: Leftovers
|-damage|p1a: Cosa de Lava|0 fnt|[from] Salt Cure
|faint|p1a: Cosa de Lava
|-end|p2a: Garganacl|Magma Storm|[partiallytrapped]|[silent]
|upkeep
|
|t:|1760728592
|switch|p1a: Mi amada <3|Lilligant-Hisui, F, shiny|100/100
|turn|14
|
|t:|1760728596
|move|p1a: Mi amada <3|Close Combat|p2a: Garganacl
|-supereffective|p2a: Garganacl
|-damage|p2a: Garganacl|0 fnt
|-unboost|p1a: Mi amada <3|def|1
|-unboost|p1a: Mi amada <3|spd|1
|faint|p2a: Garganacl
|-damage|p1a: Mi amada <3|91/100|[from] item: Life Orb
|
|upkeep
|
|t:|1760728603
|switch|p2a: Slowking|Slowking-Galar, M, shiny|100/100
|-damage|p2a: Slowking|88/100|[from] Stealth Rock
|turn|15
|
|t:|1760728609
|switch|p1a: Da TUSK|Great Tusk|37/100
|move|p2a: Slowking|Psychic Noise|p1a: Da TUSK
|-supereffective|p1a: Da TUSK
|-damage|p1a: Da TUSK|0 fnt
|faint|p1a: Da TUSK
|-end|p1a: Da TUSK|Protosynthesis|[silent]
|
|upkeep
|
|t:|1760728611
|switch|p1a: Ondulagua|Walking Wake|100/100
|turn|16
|
|t:|1760728614
|move|p1a: Ondulagua|Draco Meteor|p2a: Slowking|[miss]
|-miss|p1a: Ondulagua|p2a: Slowking
|move|p2a: Slowking|Sludge Bomb|p1a: Ondulagua
|-damage|p1a: Ondulagua|63/100
|
|upkeep
|turn|17
|
|t:|1760728617
|move|p1a: Ondulagua|Draco Meteor|p2a: Slowking|[miss]
|-miss|p1a: Ondulagua|p2a: Slowking
|move|p2a: Slowking|Sludge Bomb|p1a: Ondulagua
|-damage|p1a: Ondulagua|26/100
|
|upkeep
|turn|18
|
|t:|1760728623
|move|p1a: Ondulagua|Draco Meteor|p2a: Slowking
|-damage|p2a: Slowking|25/100
|-unboost|p1a: Ondulagua|spa|2
|move|p2a: Slowking|Sludge Bomb|p1a: Ondulagua
|-damage|p1a: Ondulagua|0 fnt
|faint|p1a: Ondulagua
|-end|p1a: Ondulagua|Protosynthesis|[silent]
|
|upkeep
|
|t:|1760728627
|switch|p1a: Iron Moth|Iron Moth|100/100
|-enditem|p1a: Iron Moth|Booster Energy
|-activate|p1a: Iron Moth|ability: Quark Drive|[fromitem]
|-start|p1a: Iron Moth|quarkdrivespe
|turn|19
|
|t:|1760728632
|move|p1a: Iron Moth|Fiery Dance|p2a: Slowking
|-damage|p2a: Slowking|2/100
|move|p2a: Slowking|Psychic Noise|p1a: Iron Moth
|-supereffective|p1a: Iron Moth
|-damage|p1a: Iron Moth|48/100
|-start|p1a: Iron Moth|move: Heal Block
|
|upkeep
|turn|20
|
|t:|1760728650
|switch|p2a: Hippowdon|Hippowdon, M, shiny|94/100 brn
|-damage|p2a: Hippowdon|88/100 brn|[from] Stealth Rock
|-weather|Sandstorm|[from] ability: Sand Stream|[of] p2a: Hippowdon
|move|p1a: Iron Moth|Fiery Dance|p2a: Hippowdon
|-damage|p2a: Hippowdon|48/100 brn
|-boost|p1a: Iron Moth|spa|1
|
|-weather|Sandstorm|[upkeep]
|-damage|p1a: Iron Moth|41/100|[from] Sandstorm
|-damage|p2a: Hippowdon|42/100 brn|[from] brn
|-end|p1a: Iron Moth|move: Heal Block
|upkeep
|turn|21
|
|t:|1760728660
|move|p1a: Iron Moth|Fiery Dance|p2a: Hippowdon
|-damage|p2a: Hippowdon|0 fnt
|-boost|p1a: Iron Moth|spa|1
|faint|p2a: Hippowdon
|
|-weather|Sandstorm|[upkeep]
|-damage|p1a: Iron Moth|35/100|[from] Sandstorm
|upkeep
|
|t:|1760728663
|switch|p2a: Excadrill|Excadrill, M, shiny|100/100
|turn|22
|
|t:|1760728677
|move|p2a: Excadrill|Earthquake|p1a: Iron Moth
|-supereffective|p1a: Iron Moth
|-damage|p1a: Iron Moth|0 fnt
|faint|p1a: Iron Moth
|-end|p1a: Iron Moth|Quark Drive|[silent]
|
|-weather|Sandstorm|[upkeep]
|upkeep
|
|t:|1760728679
|switch|p1a: Chujin|Ninetales, M, shiny|89/100
|-weather|SunnyDay|[from] ability: Drought|[of] p1a: Chujin
|turn|23
|
|t:|1760728689
|switch|p1a: Mi amada <3|Lilligant-Hisui, F, shiny|91/100
|move|p2a: Excadrill|Earthquake|p1a: Mi amada <3
|-resisted|p1a: Mi amada <3
|-damage|p1a: Mi amada <3|40/100
|
|-weather|SunnyDay|[upkeep]
|upkeep
|turn|24
|
|t:|1760728696
|move|p1a: Mi amada <3|Close Combat|p2a: Excadrill
|-supereffective|p2a: Excadrill
|-damage|p2a: Excadrill|0 fnt
|-unboost|p1a: Mi amada <3|def|1
|-unboost|p1a: Mi amada <3|spd|1
|faint|p2a: Excadrill
|-damage|p1a: Mi amada <3|30/100|[from] item: Life Orb
|
|-weather|SunnyDay|[upkeep]
|upkeep
|
|t:|1760728704
|switch|p2a: Samurott|Samurott-Hisui, M, shiny|100/100
|turn|25
|
|t:|1760728711
|move|p2a: Samurott|Sucker Punch||[still]
|-fail|p2a: Samurott
|move|p1a: Mi amada <3|Encore|p2a: Samurott
|-start|p2a: Samurott|Encore
|
|-weather|SunnyDay|[upkeep]
|upkeep
|turn|26
|
|t:|1760728714
|switch|p1a: Chujin|Ninetales, M, shiny|89/100
|move|p2a: Samurott|Sucker Punch||[still]
|-fail|p2a: Samurott
|
|-weather|SunnyDay|[upkeep]
|upkeep
|turn|27
|
|t:|1760728719
|switch|p2a: Hydrapple|Hydrapple, M, shiny|100/100
|move|p1a: Chujin|Will-O-Wisp|p2a: Hydrapple
|-status|p2a: Hydrapple|brn
|
|-weather|SunnyDay|[upkeep]
|-damage|p2a: Hydrapple|94/100 brn|[from] brn
|upkeep
|turn|28
|
|t:|1760728723
|move|p1a: Chujin|Healing Wish|p1a: Chujin
|faint|p1a: Chujin
|move|p2a: Hydrapple|Earth Power|p1: Chujin|[notarget]
|-fail|p2a: Hydrapple
|
|-weather|SunnyDay|[upkeep]
|-damage|p2a: Hydrapple|88/100 brn|[from] brn
|upkeep
|
|t:|1760728729
|switch|p1a: Mi amada <3|Lilligant-Hisui, F, shiny|30/100
|-heal|p1a: Mi amada <3|100/100|[from] move: Healing Wish
|turn|29
|
|t:|1760728738
|move|p1a: Mi amada <3|Triple Axel|p2a: Hydrapple
|-supereffective|p2a: Hydrapple
|-damage|p2a: Hydrapple|63/100 brn
|-supereffective|p2a: Hydrapple
|-damage|p2a: Hydrapple|8/100 brn
|-hitcount|p2a: Hydrapple|2
|-damage|p1a: Mi amada <3|91/100|[from] item: Life Orb
|move|p2a: Hydrapple|Fickle Beam|p1a: Mi amada <3
|-damage|p1a: Mi amada <3|21/100
|
|-weather|SunnyDay|[upkeep]
|-damage|p2a: Hydrapple|2/100 brn|[from] brn
|upkeep
|turn|30
|
|t:|1760728748
|move|p1a: Mi amada <3|Triple Axel|p2a: Hydrapple
|-supereffective|p2a: Hydrapple
|-damage|p2a: Hydrapple|0 fnt
|faint|p2a: Hydrapple
|-hitcount|p2: Hydrapple|1
|-damage|p1a: Mi amada <3|11/100|[from] item: Life Orb
|
|-weather|none
|upkeep
|
|t:|1760728751
|switch|p2a: Slowking|Slowking-Galar, M, shiny|36/100
|-damage|p2a: Slowking|23/100|[from] Stealth Rock
|turn|31
|
|t:|1760728755
|move|p1a: Mi amada <3|Triple Axel|p2a: Slowking
|-crit|p2a: Slowking
|-damage|p2a: Slowking|12/100
|-damage|p2a: Slowking|0 fnt
|faint|p2a: Slowking
|-hitcount|p2: Slowking|2
|-damage|p1a: Mi amada <3|1/100|[from] item: Life Orb
|
|upkeep
|
|t:|1760728758
|switch|p2a: Samurott|Samurott-Hisui, M, shiny|100/100
|turn|32
|
|t:|1760728762
|move|p2a: Samurott|Sucker Punch||[still]
|-fail|p2a: Samurott
|move|p1a: Mi amada <3|Encore|p2a: Samurott
|-start|p2a: Samurott|Encore
|
|upkeep
|turn|33
|
|t:|1760728778
|move|p2a: Samurott|Sucker Punch||[still]
|-fail|p2a: Samurott
|move|p1a: Mi amada <3|Encore||[still]
|-fail|p1a: Mi amada <3
|
|upkeep
|turn|34
|inactive|Battle timer is ON: inactive players will automatically lose when time's up. (requested by juliussuchtbauer)
|
|t:|1760728783
|move|p2a: Samurott|Sucker Punch||[still]
|-fail|p2a: Samurott
|move|p1a: Mi amada <3|Encore||[still]
|-fail|p1a: Mi amada <3
|
|upkeep
|turn|35
|
|t:|1760728786
|move|p2a: Samurott|Sucker Punch||[still]
|-fail|p2a: Samurott
|move|p1a: Mi amada <3|Encore||[still]
|-fail|p1a: Mi amada <3
|
|-end|p2a: Samurott|Encore
|upkeep
|turn|36
|
|t:|1760728790
|move|p2a: Samurott|Sucker Punch||[still]
|-fail|p2a: Samurott
|move|p1a: Mi amada <3|Encore|p2a: Samurott
|-start|p2a: Samurott|Encore
|
|upkeep
|turn|37
|
|t:|1760728795
|move|p2a: Samurott|Sucker Punch||[still]
|-fail|p2a: Samurott
|move|p1a: Mi amada <3|Encore||[still]
|-fail|p1a: Mi amada <3
|
|-end|p2a: Samurott|Encore
|upkeep
|turn|38
|
|t:|1760728804
|-terastallize|p2a: Samurott|Fairy
|move|p1a: Mi amada <3|Close Combat|p2a: Samurott
|-resisted|p2a: Samurott
|-damage|p2a: Samurott|51/100
|-unboost|p1a: Mi amada <3|def|1
|-unboost|p1a: Mi amada <3|spd|1
|-damage|p1a: Mi amada <3|0 fnt|[from] item: Life Orb
|faint|p1a: Mi amada <3
|
|win|juliussuchtbauer
|raw|Kazuelasnt's rating: 1446 &rarr; <strong>1425</strong><br />(-21 for losing)
|raw|juliussuchtbauer's rating: 1420 &rarr; <strong>1441</strong><br />(+21 for winning)
|c|☆Kazuelasnt|Oh I see
|l|☆Kazuelasnt
|player|p1|
|l|☆juliussuchtbauer
|player|p2|
