|j|☆HZBKAI
|j|☆Kadeerkarim64
|t:|1760848682
|gametype|singles
|player|p1|HZBKAI|266|1067
|player|p2|Kadeerkarim64|iris-gen5bw2|1115
|gen|9
|tier|[Gen 9] OU
|rated|
|rule|HP Percentage Mod: HP is shown in percentages
|rule|Endless Battle Clause: Forcing endless battles is banned
|rule|Species Clause: Limit one of each Pokémon
|rule|OHKO Clause: OHKO moves are banned
|rule|Evasion Items Clause: Evasion items are banned
|rule|Evasion Moves Clause: Evasion moves are banned
|rule|Evasion Abilities Clause: Evasion abilities are banned
|rule|Sleep Moves Clause: Sleep-inducing moves are banned
|clearpoke
|poke|p1|Ceruledge, M|
|poke|p1|Kyurem|
|poke|p1|Manaphy|
|poke|p1|Metagross|
|poke|p1|Okidogi, M|
|poke|p1|Zoroark-Hisui, F|
|poke|p2|Galvantula, F|
|poke|p2|Cinderace, M|
|poke|p2|Goodra, F|
|poke|p2|Blastoise, M|
|poke|p2|Donphan, M|
|poke|p2|Primeape, M|
|teampreview
|
|t:|1760848686
|teamsize|p1|6
|teamsize|p2|6
|start
|switch|p1a: Metagross|Metagross|100/100
|switch|p2a: Galvantula|Galvantula, F|100/100
|turn|1
|
|t:|1760848693
|move|p2a: Galvantula|Sticky Web|p1a: Metagross
|-sidestart|p1: HZBKAI|move: Sticky Web
|move|p1a: Metagross|Explosion|p2a: Galvantula
|-enditem|p2a: Galvantula|Focus Sash
|-damage|p2a: Galvantula|1/100
|faint|p1a: Metagross
|
|upkeep
|
|t:|1760848693
|switch|p1a: Ceruledge|Ceruledge, M|100/100
|-activate|p1a: Ceruledge|move: Sticky Web
|-unboost|p1a: Ceruledge|spe|1
|turn|2
|
|t:|1760848708
|switch|p2a: Donphan|Donphan, M|100/100
|move|p1a: Ceruledge|Bitter Blade|p2a: Donphan
|-damage|p2a: Donphan|73/100
|-damage|p1a: Ceruledge|84/100|[from] item: Rocky Helmet|[of] p2a: Donphan
|
|upkeep
|turn|3
|inactive|Battle timer is ON: inactive players will automatically lose when time's up. (requested by HZBKAI)
|
|t:|1760848716
|move|p1a: Ceruledge|Poltergeist|p2a: Donphan
|-activate|p2a: Donphan|move: Poltergeist|Rocky Helmet
|-damage|p2a: Donphan|43/100
|move|p2a: Donphan|Earthquake|p1a: Ceruledge
|-supereffective|p1a: Ceruledge
|-damage|p1a: Ceruledge|0 fnt
|faint|p1a: Ceruledge
|
|upkeep
|
|t:|1760848716
|switch|p1a: Manaphy|Manaphy|100/100
|-activate|p1a: Manaphy|move: Sticky Web
|-unboost|p1a: Manaphy|spe|1
|turn|4
|
|t:|1760848730
|switch|p2a: Goodra|Goodra, F|100/100
|move|p1a: Manaphy|Surf|p2a: Goodra
|-resisted|p2a: Goodra
|-damage|p2a: Goodra|86/100
|
|-heal|p2a: Goodra|92/100|[from] item: Leftovers
|upkeep
|turn|5
|
|t:|1760848739
|move|p2a: Goodra|Acid Spray|p1a: Manaphy
|-damage|p1a: Manaphy|86/100
|-unboost|p1a: Manaphy|spd|2
|move|p1a: Manaphy|Alluring Voice|p2a: Goodra
|-supereffective|p2a: Goodra
|-damage|p2a: Goodra|60/100
|
|-heal|p2a: Goodra|66/100|[from] item: Leftovers
|-heal|p1a: Manaphy|92/100|[from] item: Leftovers
|upkeep
|turn|6
|
|t:|1760848751
|move|p2a: Goodra|Sludge Bomb|p1a: Manaphy
|-damage|p1a: Manaphy|35/100
|move|p1a: Manaphy|Alluring Voice|p2a: Goodra
|-supereffective|p2a: Goodra
|-damage|p2a: Goodra|30/100
|
|-heal|p2a: Goodra|37/100|[from] item: Leftovers
|-heal|p1a: Manaphy|41/100|[from] item: Leftovers
|upkeep
|turn|7
|
|t:|1760848760
|move|p2a: Goodra|Sludge Bomb|p1a: Manaphy
|-damage|p1a: Manaphy|0 fnt
|faint|p1a: Manaphy
|
|-heal|p2a: Goodra|43/100|[from] item: Leftovers
|upkeep
|
|t:|1760848760
|switch|p1a: Okidogi|Okidogi, M|100/100
|-activate|p1a: Okidogi|move: Sticky Web
|-unboost|p1a: Okidogi|spe|1
|turn|8
|
|t:|1760848773
|move|p2a: Goodra|Draco Meteor|p1a: Okidogi
|-damage|p1a: Okidogi|52/100
|-unboost|p2a: Goodra|spa|2
|move|p1a: Okidogi|Ice Punch|p2a: Goodra
|-supereffective|p2a: Goodra
|-damage|p2a: Goodra|0 fnt
|-ability|p2a: Goodra|Gooey
|-unboost|p1a: Okidogi|spe|1
|faint|p2a: Goodra
|
|-heal|p1a: Okidogi|58/100|[from] item: Leftovers
|upkeep
|
|t:|1760848790
|switch|p2a: Donphan|Donphan, M|43/100
|turn|9
|
|t:|1760848797
|move|p2a: Donphan|Stealth Rock|p1a: Okidogi
|-sidestart|p1: HZBKAI|move: Stealth Rock
|move|p1a: Okidogi|Ice Punch|p2a: Donphan
|-supereffective|p2a: Donphan
|-damage|p2a: Donphan|16/100
|-status|p2a: Donphan|frz
|-damage|p1a: Okidogi|42/100|[from] item: Rocky Helmet|[of] p2a: Donphan
|
|-heal|p1a: Okidogi|48/100|[from] item: Leftovers
|upkeep
|turn|10
|
|t:|1760848807
|cant|p2a: Donphan|frz
|move|p1a: Okidogi|Ice Punch|p2a: Donphan
|-supereffective|p2a: Donphan
|-damage|p2a: Donphan|0 fnt
|-damage|p1a: Okidogi|31/100|[from] item: Rocky Helmet|[of] p2a: Donphan
|faint|p2a: Donphan
|
|-heal|p1a: Okidogi|37/100|[from] item: Leftovers
|upkeep
|
|t:|1760848827
|switch|p2a: Blastoise|Blastoise, M|100/100
|turn|11
|
|t:|1760848833
|move|p2a: Blastoise|Surf|p1a: Okidogi
|-damage|p1a: Okidogi|11/100
|move|p1a: Okidogi|Drain Punch|p2a: Blastoise
|-damage|p2a: Blastoise|63/100
|-heal|p1a: Okidogi|26/100|[from] drain|[of] p2a: Blastoise
|
|-heal|p1a: Okidogi|32/100|[from] item: Leftovers
|upkeep
|turn|12
|
|t:|1760848844
|move|p2a: Blastoise|Shell Smash|p2a: Blastoise
|-unboost|p2a: Blastoise|def|1
|-unboost|p2a: Blastoise|spd|1
|-boost|p2a: Blastoise|atk|2
|-boost|p2a: Blastoise|spa|2
|-boost|p2a: Blastoise|spe|2
|-enditem|p2a: Blastoise|White Herb
|-clearnegativeboost|p2a: Blastoise|[silent]
|move|p1a: Okidogi|Drain Punch|p2a: Blastoise
|-crit|p2a: Blastoise
|-damage|p2a: Blastoise|9/100
|-heal|p1a: Okidogi|54/100|[from] drain|[of] p2a: Blastoise
|
|-heal|p1a: Okidogi|60/100|[from] item: Leftovers
|upkeep
|turn|13
|
|t:|1760848858
|-terastallize|p2a: Blastoise|Electric
|move|p2a: Blastoise|Tera Blast|p1a: Okidogi|[anim] Tera Blast Electric
|-damage|p1a: Okidogi|10/100
|move|p1a: Okidogi|Drain Punch|p2a: Blastoise
|-damage|p2a: Blastoise|0 fnt
|-heal|p1a: Okidogi|14/100|[from] drain|[of] p2a: Blastoise
|faint|p2a: Blastoise
|
|-heal|p1a: Okidogi|20/100|[from] item: Leftovers
|upkeep
|inactive|Kadeerkarim64 has 120 seconds left.
|
|t:|1760848877
|switch|p2a: Cinderace|Cinderace, M|100/100
|turn|14
|
|t:|1760848880
|move|p2a: Cinderace|Pyro Ball|p1a: Okidogi|[miss]
|-miss|p2a: Cinderace|p1a: Okidogi
|move|p1a: Okidogi|Drain Punch|p2a: Cinderace
|-damage|p2a: Cinderace|51/100
|-heal|p1a: Okidogi|39/100|[from] drain|[of] p2a: Cinderace
|
|-heal|p1a: Okidogi|45/100|[from] item: Leftovers
|upkeep
|turn|15
|-message|Kadeerkarim64 forfeited.
|
|win|HZBKAI
|raw|HZBKAI's rating: 1067 &rarr; <strong>1101</strong><br />(+34 for winning)
|raw|Kadeerkarim64's rating: 1115 &rarr; <strong>1087</strong><br />(-28 for losing)
|l|☆Kadeerkarim64
|player|p2|
|n|☆HZBKAI|hzbkai
|n|☆HZBKAI|hzbkai
|n|☆HZBKAI|hzbkai
|n|☆HZBKAI|hzbkai
