|j|☆chaheed
|j|☆slimypits
|t:|1760854006
|gametype|singles
|player|p1|chaheed|ninjaboy|1658
|player|p2|slimypits|1|1668
|gen|9
|tier|[Gen 9] OU
|rated|
|rule|HP Percentage Mod: HP is shown in percentages
|rule|Endless Battle Clause: Forcing endless battles is banned
|rule|Species Clause: Limit one of each Pokémon
|rule|OHKO Clause: OHKO moves are banned
|rule|Evasion Items Clause: Evasion items are banned
|rule|Evasion Moves Clause: Evasion moves are banned
|rule|Evasion Abilities Clause: Evasion abilities are banned
|rule|Sleep Moves Clause: Sleep-inducing moves are banned
|clearpoke
|poke|p1|Dragonite, M|
|poke|p1|Dragapult, M|
|poke|p1|Iron Moth|
|poke|p1|Greninja-*, M|
|poke|p1|Serperior, M|
|poke|p1|Iron Treads|
|poke|p2|Ninetales-Alola, M|
|poke|p2|Cloyster, F|
|poke|p2|Maushold-Four|
|poke|p2|Iron Moth|
|poke|p2|Raging Bolt|
|poke|p2|Ursaluna, F|
|teampreview
|inactive|Battle timer is ON: inactive players will automatically lose when time's up. (requested by chaheed)
|
|t:|1760854018
|teamsize|p1|6
|teamsize|p2|6
|start
|switch|p1a: Iron Moth|Iron Moth|100/100
|switch|p2a: Ninetales|Ninetales-Alola, M|100/100
|-weather|Snowscape|[from] ability: Snow Warning|[of] p2a: Ninetales
|-enditem|p1a: Iron Moth|Booster Energy
|-activate|p1a: Iron Moth|ability: Quark Drive|[fromitem]
|-start|p1a: Iron Moth|quarkdrivespe
|turn|1
|
|t:|1760854029
|switch|p2a: Ursaluna|Ursaluna, F|100/100
|move|p1a: Iron Moth|Sludge Wave|p2a: Ursaluna
|-resisted|p2a: Ursaluna
|-damage|p2a: Ursaluna|86/100
|
|-weather|Snowscape|[upkeep]
|-heal|p2a: Ursaluna|92/100|[from] item: Leftovers
|upkeep
|turn|2
|
|t:|1760854037
|move|p1a: Iron Moth|Substitute|p1a: Iron Moth
|-start|p1a: Iron Moth|Substitute
|-damage|p1a: Iron Moth|76/100
|move|p2a: Ursaluna|Body Slam|p1a: Iron Moth
|-end|p1a: Iron Moth|Substitute
|
|-weather|Snowscape|[upkeep]
|-heal|p2a: Ursaluna|98/100|[from] item: Leftovers
|upkeep
|turn|3
|
|t:|1760854045
|move|p1a: Iron Moth|Substitute|p1a: Iron Moth
|-start|p1a: Iron Moth|Substitute
|-damage|p1a: Iron Moth|51/100
|move|p2a: Ursaluna|Body Slam|p1a: Iron Moth
|-end|p1a: Iron Moth|Substitute
|
|-weather|Snowscape|[upkeep]
|-heal|p2a: Ursaluna|100/100|[from] item: Leftovers
|upkeep
|turn|4
|
|t:|1760854053
|-end|p1a: Iron Moth|Quark Drive|[silent]
|switch|p1a: Dragapult|Dragapult, M|100/100
|move|p2a: Ursaluna|Body Slam|p1a: Dragapult
|-immune|p1a: Dragapult
|
|-weather|Snowscape|[upkeep]
|upkeep
|turn|5
|
|t:|1760854059
|move|p1a: Dragapult|Will-O-Wisp|p2a: Ursaluna
|-status|p2a: Ursaluna|brn
|move|p2a: Ursaluna|Crunch|p1a: Dragapult
|-supereffective|p1a: Dragapult
|-enditem|p1a: Dragapult|Focus Sash
|-damage|p1a: Dragapult|1/100
|-unboost|p1a: Dragapult|def|1
|
|-weather|none
|-damage|p2a: Ursaluna|94/100 brn|[from] brn
|upkeep
|turn|6
|
|t:|1760854069
|move|p1a: Dragapult|Hydro Pump|p2a: Ursaluna
|-supereffective|p2a: Ursaluna
|-damage|p2a: Ursaluna|58/100 brn
|move|p2a: Ursaluna|Crunch|p1a: Dragapult
|-supereffective|p1a: Dragapult
|-damage|p1a: Dragapult|0 fnt
|faint|p1a: Dragapult
|
|-heal|p2a: Ursaluna|64/100 brn|[from] item: Leftovers
|-damage|p2a: Ursaluna|58/100 brn|[from] brn
|upkeep
|inactive|chaheed has 120 seconds left.
|
|t:|1760854124
|switch|p1a: Greninja|Greninja, M|100/100
|turn|7
|j| Lamp0821
|
|t:|1760854131
|switch|p2a: Raging Bolt|Raging Bolt|100/100
|-enditem|p2a: Raging Bolt|Booster Energy
|-activate|p2a: Raging Bolt|ability: Protosynthesis|[fromitem]
|-start|p2a: Raging Bolt|protosynthesisspa
|move|p1a: Greninja|Surf|p2a: Raging Bolt
|-resisted|p2a: Raging Bolt
|-damage|p2a: Raging Bolt|75/100
|-damage|p1a: Greninja|91/100|[from] item: Life Orb
|
|upkeep
|turn|8
|
|t:|1760854140
|switch|p1a: Iron Treads|Iron Treads|100/100
|-enditem|p1a: Iron Treads|Booster Energy
|-activate|p1a: Iron Treads|ability: Quark Drive|[fromitem]
|-start|p1a: Iron Treads|quarkdrivespe
|-end|p2a: Raging Bolt|Protosynthesis|[silent]
|switch|p2a: Iron Moth|Iron Moth|100/100
|-enditem|p2a: Iron Moth|Booster Energy
|-activate|p2a: Iron Moth|ability: Quark Drive|[fromitem]
|-start|p2a: Iron Moth|quarkdrivespe
|
|upkeep
|turn|9
|l| Lamp0821
|
|t:|1760854157
|-terastallize|p1a: Iron Treads|Ghost
|move|p2a: Iron Moth|Substitute|p2a: Iron Moth
|-start|p2a: Iron Moth|Substitute
|-damage|p2a: Iron Moth|76/100
|move|p1a: Iron Treads|Earthquake|p2a: Iron Moth
|-supereffective|p2a: Iron Moth
|-end|p2a: Iron Moth|Substitute
|
|upkeep
|turn|10
|
|t:|1760854174
|-end|p2a: Iron Moth|Quark Drive|[silent]
|switch|p2a: Ninetales|Ninetales-Alola, M|100/100
|-weather|Snowscape|[from] ability: Snow Warning|[of] p2a: Ninetales
|move|p1a: Iron Treads|Earthquake|p2a: Ninetales
|-damage|p2a: Ninetales|62/100
|
|-weather|Snowscape|[upkeep]
|upkeep
|turn|11
|
|t:|1760854180
|move|p1a: Iron Treads|Earthquake|p2a: Ninetales
|-damage|p2a: Ninetales|20/100
|move|p2a: Ninetales|Aurora Veil|p2a: Ninetales
|-sidestart|p2: slimypits|move: Aurora Veil
|
|-weather|Snowscape|[upkeep]
|upkeep
|turn|12
|
|t:|1760854185
|switch|p2a: Cloyster|Cloyster, F|100/100
|move|p1a: Iron Treads|Earthquake|p2a: Cloyster
|-damage|p2a: Cloyster|88/100
|
|-weather|Snowscape|[upkeep]
|upkeep
|turn|13
|
|t:|1760854196
|move|p1a: Iron Treads|Earthquake|p2a: Cloyster
|-damage|p2a: Cloyster|74/100
|move|p2a: Cloyster|Shell Smash|p2a: Cloyster
|-unboost|p2a: Cloyster|def|1
|-unboost|p2a: Cloyster|spd|1
|-boost|p2a: Cloyster|atk|2
|-boost|p2a: Cloyster|spa|2
|-boost|p2a: Cloyster|spe|2
|
|-weather|Snowscape|[upkeep]
|upkeep
|turn|14
|
|t:|1760854204
|move|p1a: Iron Treads|Earthquake|p2a: Cloyster
|-damage|p2a: Cloyster|55/100
|move|p2a: Cloyster|Icicle Spear|p1a: Iron Treads
|-damage|p1a: Iron Treads|75/100
|-crit|p1a: Iron Treads
|-damage|p1a: Iron Treads|40/100
|-damage|p1a: Iron Treads|15/100
|-crit|p1a: Iron Treads
|-damage|p1a: Iron Treads|0 fnt
|faint|p1a: Iron Treads
|-end|p1a: Iron Treads|Quark Drive|[silent]
|-hitcount|p1: Iron Treads|4
|
|-weather|none
|upkeep
|inactive|chaheed has 120 seconds left.
|
|t:|1760854220
|switch|p1a: Greninja|Greninja, M|91/100
|turn|15
|
|t:|1760854223
|switch|p2a: Raging Bolt|Raging Bolt|75/100
|move|p1a: Greninja|Dark Pulse|p2a: Raging Bolt
|-damage|p2a: Raging Bolt|54/100
|-damage|p1a: Greninja|81/100|[from] item: Life Orb
|
|upkeep
|turn|16
|
|t:|1760854240
|switch|p1a: Serperior|Serperior, M|100/100
|move|p2a: Raging Bolt|Thunderbolt|p1a: Serperior
|-resisted|p1a: Serperior
|-damage|p1a: Serperior|66/100
|
|upkeep
|turn|17
|
|t:|1760854247
|move|p1a: Serperior|Leaf Storm|p2a: Raging Bolt
|-resisted|p2a: Raging Bolt
|-damage|p2a: Raging Bolt|43/100
|-boost|p1a: Serperior|spa|2
|move|p2a: Raging Bolt|Dragon Pulse|p1a: Serperior
|-damage|p1a: Serperior|3/100
|
|upkeep
|turn|18
|-enditem|p1a: Serperior|Custap Berry|[eat]
|-activate|p1a: Serperior|item: Custap Berry|[consumed]
|
|t:|1760854255
|move|p2a: Raging Bolt|Thunderclap|p1a: Serperior
|-resisted|p1a: Serperior
|-damage|p1a: Serperior|0 fnt
|faint|p1a: Serperior
|
|-sideend|p2: slimypits|move: Aurora Veil
|upkeep
|
|t:|1760854262
|switch|p1a: Dragonite|Dragonite, M|100/100
|turn|19
|
|t:|1760854266
|move|p1a: Dragonite|Scale Shot|p2a: Raging Bolt
|-supereffective|p2a: Raging Bolt
|-damage|p2a: Raging Bolt|15/100
|-supereffective|p2a: Raging Bolt
|-damage|p2a: Raging Bolt|0 fnt
|faint|p2a: Raging Bolt
|-end|p2a: Raging Bolt|Protosynthesis|[silent]
|-hitcount|p2: Raging Bolt|2
|-unboost|p1a: Dragonite|def|1
|-boost|p1a: Dragonite|spe|1
|
|upkeep
|
|t:|1760854270
|switch|p2a: Cloyster|Cloyster, F|55/100
|turn|20
|
|t:|1760854282
|switch|p1a: Greninja|Greninja, M|81/100
|move|p2a: Cloyster|Icicle Spear|p1a: Greninja
|-resisted|p1a: Greninja
|-damage|p1a: Greninja|70/100
|-resisted|p1a: Greninja
|-damage|p1a: Greninja|58/100
|-resisted|p1a: Greninja
|-damage|p1a: Greninja|47/100
|-resisted|p1a: Greninja
|-damage|p1a: Greninja|36/100
|-resisted|p1a: Greninja
|-damage|p1a: Greninja|25/100
|-hitcount|p1a: Greninja|5
|
|upkeep
|turn|21
|
|t:|1760854294
|switch|p2a: Ninetales|Ninetales-Alola, M|20/100
|-weather|Snowscape|[from] ability: Snow Warning|[of] p2a: Ninetales
|move|p1a: Greninja|Surf|p2a: Ninetales
|-damage|p2a: Ninetales|0 fnt
|faint|p2a: Ninetales
|-ability|p1a: Greninja|Battle Bond|boost
|-boost|p1a: Greninja|atk|1
|-boost|p1a: Greninja|spa|1
|-boost|p1a: Greninja|spe|1
|-activate|p1a: Greninja|ability: Battle Bond
|-damage|p1a: Greninja|16/100|[from] item: Life Orb
|
|-weather|Snowscape|[upkeep]
|upkeep
|
|t:|1760854296
|switch|p2a: Cloyster|Cloyster, F|55/100
|turn|22
|
|t:|1760854310
|move|p1a: Greninja|Water Shuriken|p2a: Cloyster
|-resisted|p2a: Cloyster
|-crit|p2a: Cloyster
|-damage|p2a: Cloyster|28/100
|-resisted|p2a: Cloyster
|-damage|p2a: Cloyster|10/100
|-resisted|p2a: Cloyster
|-damage|p2a: Cloyster|0 fnt
|faint|p2a: Cloyster
|-hitcount|p2: Cloyster|3
|-damage|p1a: Greninja|6/100|[from] item: Life Orb
|
|-weather|Snowscape|[upkeep]
|upkeep
|
|t:|1760854320
|switch|p2a: Iron Moth|Iron Moth|76/100
|turn|23
|
|t:|1760854323
|move|p1a: Greninja|Dark Pulse|p2a: Iron Moth
|-damage|p2a: Iron Moth|8/100
|-damage|p1a: Greninja|0 fnt|[from] item: Life Orb
|faint|p1a: Greninja
|move|p2a: Iron Moth|Fiery Dance|p1: Greninja|[notarget]
|-fail|p2a: Iron Moth
|
|-weather|Snowscape|[upkeep]
|upkeep
|
|t:|1760854331
|switch|p1a: Dragonite|Dragonite, M|100/100
|turn|24
|
|t:|1760854334
|move|p2a: Iron Moth|Sludge Wave|p1a: Dragonite
|-damage|p1a: Dragonite|77/100
|-status|p1a: Dragonite|psn
|move|p1a: Dragonite|Dragon Dance|p1a: Dragonite
|-boost|p1a: Dragonite|atk|1
|-boost|p1a: Dragonite|spe|1
|
|-weather|Snowscape|[upkeep]
|-damage|p1a: Dragonite|65/100 psn|[from] psn
|upkeep
|turn|25
|
|t:|1760854343
|move|p1a: Dragonite|Fire Punch|p2a: Iron Moth
|-resisted|p2a: Iron Moth
|-damage|p2a: Iron Moth|0 fnt
|faint|p2a: Iron Moth
|-end|p2a: Iron Moth|Quark Drive|[silent]
|
|-weather|none
|-damage|p1a: Dragonite|52/100 psn|[from] psn
|upkeep
|
|t:|1760854346
|switch|p2a: Ursaluna|Ursaluna, F|58/100 brn
|turn|26
|
|t:|1760854351
|move|p1a: Dragonite|Scale Shot|p2a: Ursaluna
|-damage|p2a: Ursaluna|42/100 brn
|-damage|p2a: Ursaluna|26/100 brn
|-damage|p2a: Ursaluna|9/100 brn
|-damage|p2a: Ursaluna|0 fnt
|faint|p2a: Ursaluna
|-hitcount|p2: Ursaluna|4
|-unboost|p1a: Dragonite|def|1
|-boost|p1a: Dragonite|spe|1
|
|-damage|p1a: Dragonite|40/100 psn|[from] psn
|upkeep
|
|t:|1760854356
|switch|p2a: Maushold|Maushold-Four|100/100
|turn|27
|
|t:|1760854364
|move|p1a: Dragonite|Scale Shot|p2a: Maushold
|-damage|p2a: Maushold|63/100
|-damage|p2a: Maushold|27/100
|-damage|p2a: Maushold|0 fnt
|faint|p2a: Maushold
|-hitcount|p2: Maushold|3
|
|win|chaheed
|raw|chaheed's rating: 1658 &rarr; <strong>1679</strong><br />(+21 for winning)
|raw|slimypits's rating: 1668 &rarr; <strong>1647</strong><br />(-21 for losing)
|l|☆slimypits
|player|p2|
|c|☆chaheed|gg
|l|☆chaheed
|player|p1|
