|j|☆trig777
|j|☆fzuvd
|t:|1760852535
|gametype|singles
|player|p1|trig777|ghetsis-gen5bw|1182
|player|p2|fzuvd|cynthia|1197
|gen|9
|tier|[Gen 9] OU
|rated|
|rule|HP Percentage Mod: HP is shown in percentages
|rule|Endless Battle Clause: Forcing endless battles is banned
|rule|Species Clause: Limit one of each Pokémon
|rule|OHKO Clause: OHKO moves are banned
|rule|Evasion Items Clause: Evasion items are banned
|rule|Evasion Moves Clause: Evasion moves are banned
|rule|Evasion Abilities Clause: Evasion abilities are banned
|rule|Sleep Moves Clause: Sleep-inducing moves are banned
|clearpoke
|poke|p1|Gengar, F|
|poke|p1|Gyarados, F|
|poke|p1|Landorus-Therian, M|
|poke|p1|Latios, M|
|poke|p1|Umbreon, M|
|poke|p1|Entei|
|poke|p2|Zamazenta-*|
|poke|p2|Dragapult, F|
|poke|p2|Raging Bolt|
|poke|p2|Moltres|
|poke|p2|Iron Treads|
|poke|p2|Samurott-Hisui, F|
|teampreview
|inactive|Battle timer is ON: inactive players will automatically lose when time's up. (requested by trig777)
|
|t:|1760852549
|teamsize|p1|6
|teamsize|p2|6
|start
|switch|p1a: Landorus|Landorus-Therian, M, shiny|100/100
|switch|p2a: 90%≠don't blunder|Samurott-Hisui, F|100/100
|-ability|p1a: Landorus|Intimidate|boost
|-unboost|p2a: 90%≠don't blunder|atk|1
|turn|1
|
|t:|1760852560
|move|p2a: 90%≠don't blunder|Razor Shell|p1a: Landorus
|-supereffective|p1a: Landorus
|-damage|p1a: Landorus|0 fnt
|faint|p1a: Landorus
|
|upkeep
|
|t:|1760852575
|switch|p1a: Gengar|Gengar, F, shiny|100/100
|turn|2
|
|t:|1760852581
|switch|p2a: 踩踩背|Iron Treads|100/100
|move|p1a: Gengar|Thunderbolt|p2a: 踩踩背
|-immune|p2a: 踩踩背
|
|upkeep
|turn|3
|
|t:|1760852588
|switch|p1a: Entei|Entei, shiny|100/100
|move|p2a: 踩踩背|Stealth Rock|p1a: Entei
|-sidestart|p1: trig777|move: Stealth Rock
|
|upkeep
|turn|4
|
|t:|1760852594
|move|p1a: Entei|Sacred Fire|p2a: 踩踩背
|-supereffective|p2a: 踩踩背
|-damage|p2a: 踩踩背|0 fnt
|faint|p2a: 踩踩背
|-end|p2a: 踩踩背|Quark Drive|[silent]
|
|upkeep
|
|t:|1760852599
|switch|p2a: 90%≠don't blunder|Samurott-Hisui, F|100/100
|turn|5
|
|t:|1760852606
|switch|p1a: Umbreon|Umbreon, M, shiny|100/100
|-damage|p1a: Umbreon|88/100|[from] Stealth Rock
|move|p2a: 90%≠don't blunder|Razor Shell|p1a: Umbreon
|-damage|p1a: Umbreon|23/100
|-unboost|p1a: Umbreon|def|1
|
|-heal|p1a: Umbreon|29/100|[from] item: Leftovers
|upkeep
|turn|6
|
|t:|1760852615
|move|p2a: 90%≠don't blunder|Razor Shell|p1a: Umbreon
|-damage|p1a: Umbreon|0 fnt
|faint|p1a: Umbreon
|
|upkeep
|
|t:|1760852622
|switch|p1a: Gengar|Gengar, F, shiny|100/100
|-damage|p1a: Gengar|88/100|[from] Stealth Rock
|turn|7
|
|t:|1760852631
|switch|p2a: Moltres|Moltres|100/100
|move|p1a: Gengar|Thunderbolt|p2a: Moltres
|-supereffective|p2a: Moltres
|-damage|p2a: Moltres|29/100
|
|upkeep
|turn|8
|
|t:|1760852636
|move|p1a: Gengar|Thunderbolt|p2a: Moltres
|-supereffective|p2a: Moltres
|-damage|p2a: Moltres|0 fnt
|faint|p2a: Moltres
|
|upkeep
|
|t:|1760852648
|switch|p2a: 24岁 喜欢发射孩子|Dragapult, F|100/100
|turn|9
|
|t:|1760852654
|switch|p1a: Entei|Entei, shiny|100/100
|-damage|p1a: Entei|76/100|[from] Stealth Rock
|move|p2a: 24岁 喜欢发射孩子|Shadow Ball|p1a: Entei
|-damage|p1a: Entei|12/100
|
|upkeep
|turn|10
|
|t:|1760852661
|move|p2a: 24岁 喜欢发射孩子|Shadow Ball|p1a: Entei
|-damage|p1a: Entei|0 fnt
|faint|p1a: Entei
|
|upkeep
|
|t:|1760852666
|switch|p1a: Gengar|Gengar, F, shiny|88/100
|-damage|p1a: Gengar|76/100|[from] Stealth Rock
|turn|11
|
|t:|1760852672
|switch|p2a: 长脖奶龙|Raging Bolt|100/100
|move|p1a: Gengar|Shadow Ball|p2a: 长脖奶龙
|-crit|p2a: 长脖奶龙
|-damage|p2a: 长脖奶龙|40/100
|-unboost|p2a: 长脖奶龙|spd|1
|
|upkeep
|turn|12
|
|t:|1760852679
|move|p2a: 长脖奶龙|Thunderclap|p1a: Gengar
|-damage|p1a: Gengar|9/100
|move|p1a: Gengar|Shadow Ball|p2a: 长脖奶龙
|-damage|p2a: 长脖奶龙|0 fnt
|faint|p2a: 长脖奶龙
|-end|p2a: 长脖奶龙|Protosynthesis|[silent]
|
|upkeep
|
|t:|1760852708
|switch|p2a: 24岁 喜欢发射孩子|Dragapult, F|100/100
|turn|13
|
|t:|1760852711
|move|p1a: Gengar|Shadow Ball|p2a: 24岁 喜欢发射孩子
|-supereffective|p2a: 24岁 喜欢发射孩子
|-damage|p2a: 24岁 喜欢发射孩子|0 fnt
|faint|p2a: 24岁 喜欢发射孩子
|
|upkeep
|
|t:|1760852716
|switch|p2a: 90%≠don't blunder|Samurott-Hisui, F|100/100
|turn|14
|
|t:|1760852720
|move|p1a: Gengar|Shadow Ball|p2a: 90%≠don't blunder
|-resisted|p2a: 90%≠don't blunder
|-damage|p2a: 90%≠don't blunder|64/100
|-unboost|p2a: 90%≠don't blunder|spd|1
|move|p2a: 90%≠don't blunder|Ceaseless Edge|p1a: Gengar
|-supereffective|p1a: Gengar
|-damage|p1a: Gengar|0 fnt
|-start|p2a: 90%≠don't blunder|Disable|Ceaseless Edge|[from] ability: Cursed Body|[of] p1a: Gengar
|-sidestart|p1: trig777|Spikes
|faint|p1a: Gengar
|
|upkeep
|
|t:|1760852731
|switch|p1a: Latios|Latios, M, shiny|100/100
|-damage|p1a: Latios|88/100|[from] Stealth Rock
|turn|15
|
|t:|1760852739
|switch|p2a: 脑袋尖尖的|Zamazenta|100/100
|-ability|p2a: 脑袋尖尖的|Dauntless Shield|boost
|-boost|p2a: 脑袋尖尖的|def|1
|move|p1a: Latios|Thunderbolt|p2a: 脑袋尖尖的
|-damage|p2a: 脑袋尖尖的|55/100
|
|upkeep
|turn|16
|
|t:|1760852746
|switch|p1a: Gyarados|Gyarados, F, shiny|100/100
|-damage|p1a: Gyarados|75/100|[from] Stealth Rock
|move|p2a: 脑袋尖尖的|Ice Fang|p1a: Gyarados
|-damage|p1a: Gyarados|42/100
|-damage|p2a: 脑袋尖尖的|45/100|[from] item: Life Orb
|
|upkeep
|turn|17
|
|t:|1760852763
|-terastallize|p1a: Gyarados|Steel
|move|p2a: 脑袋尖尖的|Crunch|p1a: Gyarados
|-damage|p1a: Gyarados|2/100
|-damage|p2a: 脑袋尖尖的|36/100|[from] item: Life Orb
|move|p1a: Gyarados|Earthquake|p2a: 脑袋尖尖的
|-damage|p2a: 脑袋尖尖的|3/100
|
|upkeep
|turn|18
|
|t:|1760852771
|move|p2a: 脑袋尖尖的|Crunch|p1a: Gyarados
|-damage|p1a: Gyarados|0 fnt
|faint|p1a: Gyarados
|-damage|p2a: 脑袋尖尖的|0 fnt|[from] item: Life Orb
|faint|p2a: 脑袋尖尖的
|
|upkeep
|
|t:|1760852777
|switch|p2a: 90%≠don't blunder|Samurott-Hisui, F|64/100
|switch|p1a: Latios|Latios, M, shiny|88/100
|-damage|p1a: Latios|76/100|[from] Stealth Rock
|turn|19
|
|t:|1760852785
|-terastallize|p2a: 90%≠don't blunder|Dark
|move|p1a: Latios|Thunderbolt|p2a: 90%≠don't blunder
|-damage|p2a: 90%≠don't blunder|0 fnt
|faint|p2a: 90%≠don't blunder
|
|win|trig777
|raw|trig777's rating: 1182 &rarr; <strong>1208</strong><br />(+26 for winning)
|raw|fzuvd's rating: 1197 &rarr; <strong>1171</strong><br />(-26 for losing)
|l|☆trig777
|player|p1|
|l|☆fzuvd
|player|p2|
