|j|☆ahjskahskjah
|j|☆drenom
|t:|1760792224
|gametype|singles
|player|p1|ahjskahskjah|2|1548
|player|p2|drenom|102|1466
|gen|9
|tier|[Gen 9] OU
|rated|
|rule|HP Percentage Mod: HP is shown in percentages
|rule|Endless Battle Clause: Forcing endless battles is banned
|rule|Species Clause: Limit one of each Pokémon
|rule|OHKO Clause: OHKO moves are banned
|rule|Evasion Items Clause: Evasion items are banned
|rule|Evasion Moves Clause: Evasion moves are banned
|rule|Evasion Abilities Clause: Evasion abilities are banned
|rule|Sleep Moves Clause: Sleep-inducing moves are banned
|clearpoke
|poke|p1|Iron Crown|
|poke|p1|Rillaboom, F|
|poke|p1|Great Tusk|
|poke|p1|Raging Bolt|
|poke|p1|Moltres|
|poke|p1|Iron Hands|
|poke|p2|Muk-Alola, F|
|poke|p2|Corviknight, F|
|poke|p2|Gliscor, M|
|poke|p2|Kyurem|
|poke|p2|Dondozo, M|
|poke|p2|Clodsire, F|
|teampreview
|inactive|Battle timer is ON: inactive players will automatically lose when time's up. (requested by ahjskahskjah)
|inactive|ahjskahskjah has 120 seconds left.
|
|t:|1760792267
|teamsize|p1|6
|teamsize|p2|6
|start
|switch|p1a: Iron Hands|Iron Hands|100/100
|switch|p2a: Gliscor|Gliscor, M|100/100
|turn|1
|
|t:|1760792273
|move|p2a: Gliscor|Protect|p2a: Gliscor
|-singleturn|p2a: Gliscor|Protect
|move|p1a: Iron Hands|Ice Punch|p2a: Gliscor
|-activate|p2a: Gliscor|move: Protect
|
|-status|p2a: Gliscor|tox|[from] item: Toxic Orb
|upkeep
|turn|2
|
|t:|1760792278
|move|p2a: Gliscor|Knock Off|p1a: Iron Hands
|-resisted|p1a: Iron Hands
|-crit|p1a: Iron Hands
|-damage|p1a: Iron Hands|89/100
|-enditem|p1a: Iron Hands|Grassy Seed|[from] move: Knock Off|[of] p2a: Gliscor
|move|p1a: Iron Hands|Swords Dance|p1a: Iron Hands
|-boost|p1a: Iron Hands|atk|2
|
|upkeep
|turn|3
|
|t:|1760792286
|move|p2a: Gliscor|Protect|p2a: Gliscor
|-singleturn|p2a: Gliscor|Protect
|move|p1a: Iron Hands|Swords Dance|p1a: Iron Hands
|-boost|p1a: Iron Hands|atk|2
|
|upkeep
|turn|4
|
|t:|1760792290
|switch|p2a: Dondozo|Dondozo, M|100/100
|move|p1a: Iron Hands|Ice Punch|p2a: Dondozo
|-resisted|p2a: Dondozo
|-damage|p2a: Dondozo|91/100
|
|-heal|p2a: Dondozo|97/100|[from] item: Leftovers
|upkeep
|turn|5
|
|t:|1760792296
|-terastallize|p2a: Dondozo|Electric
|move|p1a: Iron Hands|Thunder Punch|p2a: Dondozo
|-resisted|p2a: Dondozo
|-damage|p2a: Dondozo|83/100
|move|p2a: Dondozo|Curse|p2a: Dondozo
|-unboost|p2a: Dondozo|spe|1
|-boost|p2a: Dondozo|atk|1
|-boost|p2a: Dondozo|def|1
|
|-heal|p2a: Dondozo|90/100|[from] item: Leftovers
|upkeep
|turn|6
|
|t:|1760792317
|-end|p1a: Iron Hands|Quark Drive|[silent]
|switch|p1a: Moltres|Moltres|100/100
|move|p2a: Dondozo|Liquidation|p1a: Moltres
|-supereffective|p1a: Moltres
|-damage|p1a: Moltres|42/100
|-status|p2a: Dondozo|brn|[from] ability: Flame Body|[of] p1a: Moltres
|
|-heal|p2a: Dondozo|96/100 brn|[from] item: Leftovers
|-damage|p2a: Dondozo|90/100 brn|[from] brn
|upkeep
|turn|7
|
|t:|1760792322
|move|p1a: Moltres|Roost|p1a: Moltres
|-heal|p1a: Moltres|92/100
|-singleturn|p1a: Moltres|move: Roost
|move|p2a: Dondozo|Liquidation|p1a: Moltres
|-supereffective|p1a: Moltres
|-damage|p1a: Moltres|62/100
|
|-heal|p2a: Dondozo|96/100 brn|[from] item: Leftovers
|-damage|p2a: Dondozo|90/100 brn|[from] brn
|upkeep
|turn|8
|
|t:|1760792326
|move|p1a: Moltres|Flamethrower|p2a: Dondozo
|-damage|p2a: Dondozo|66/100 brn
|move|p2a: Dondozo|Curse|p2a: Dondozo
|-unboost|p2a: Dondozo|spe|1
|-boost|p2a: Dondozo|atk|1
|-boost|p2a: Dondozo|def|1
|
|-heal|p2a: Dondozo|72/100 brn|[from] item: Leftovers
|-damage|p2a: Dondozo|66/100 brn|[from] brn
|upkeep
|turn|9
|
|t:|1760792331
|move|p1a: Moltres|Roost|p1a: Moltres
|-heal|p1a: Moltres|100/100
|-singleturn|p1a: Moltres|move: Roost
|move|p2a: Dondozo|Rest|p2a: Dondozo
|-status|p2a: Dondozo|slp|[from] move: Rest
|-heal|p2a: Dondozo|100/100 slp|[silent]
|
|upkeep
|turn|10
|
|t:|1760792333
|cant|p2a: Dondozo|slp
|move|p2a: Dondozo|Sleep Talk|p2a: Dondozo
|move|p2a: Dondozo|Liquidation|p1a: Moltres|[from] move: Sleep Talk
|-supereffective|p1a: Moltres
|-damage|p1a: Moltres|22/100
|move|p1a: Moltres|Roar|p2a: Dondozo
|drag|p2a: Gliscor|Gliscor, M|100/100 tox
|
|upkeep
|turn|11
|
|t:|1760792341
|move|p2a: Gliscor|Knock Off|p1a: Moltres
|-damage|p1a: Moltres|8/100
|-enditem|p1a: Moltres|Heavy-Duty Boots|[from] move: Knock Off|[of] p2a: Gliscor
|move|p1a: Moltres|Roost|p1a: Moltres
|-heal|p1a: Moltres|58/100
|-singleturn|p1a: Moltres|move: Roost
|
|upkeep
|turn|12
|
|t:|1760792344
|switch|p1a: Great Tusk|Great Tusk|100/100
|move|p2a: Gliscor|Toxic|p1a: Great Tusk
|-status|p1a: Great Tusk|tox
|
|-damage|p1a: Great Tusk|94/100 tox|[from] psn
|upkeep
|turn|13
|
|t:|1760792348
|move|p1a: Great Tusk|Stealth Rock|p2a: Gliscor
|-sidestart|p2: drenom|move: Stealth Rock
|move|p2a: Gliscor|Knock Off|p1a: Great Tusk
|-resisted|p1a: Great Tusk
|-damage|p1a: Great Tusk|88/100 tox
|-damage|p2a: Gliscor|84/100 tox|[from] item: Rocky Helmet|[of] p1a: Great Tusk
|-enditem|p1a: Great Tusk|Rocky Helmet|[from] move: Knock Off|[of] p2a: Gliscor
|
|-damage|p1a: Great Tusk|75/100 tox|[from] psn
|-heal|p2a: Gliscor|96/100 tox|[from] ability: Poison Heal
|upkeep
|turn|14
|
|t:|1760792351
|move|p2a: Gliscor|Protect|p2a: Gliscor
|-singleturn|p2a: Gliscor|Protect
|move|p1a: Great Tusk|Ice Spinner|p2a: Gliscor
|-activate|p2a: Gliscor|move: Protect
|
|-damage|p1a: Great Tusk|56/100 tox|[from] psn
|-heal|p2a: Gliscor|100/100 tox|[from] ability: Poison Heal
|upkeep
|turn|15
|
|t:|1760792357
|switch|p2a: Corviknight|Corviknight, F|100/100
|-damage|p2a: Corviknight|88/100|[from] Stealth Rock
|-ability|p2a: Corviknight|Pressure
|move|p1a: Great Tusk|Ice Spinner|p2a: Corviknight
|-damage|p2a: Corviknight|74/100
|-damage|p1a: Great Tusk|40/100 tox|[from] item: Rocky Helmet|[of] p2a: Corviknight
|
|-damage|p1a: Great Tusk|15/100 tox|[from] psn
|upkeep
|turn|16
|
|t:|1760792365
|-end|p1a: Great Tusk|Protosynthesis|[silent]
|switch|p1a: Iron Crown|Iron Crown|100/100
|move|p2a: Corviknight|Defog|p1a: Iron Crown
|-unboost|p1a: Iron Crown|evasion|1
|-sideend|p2: drenom|Stealth Rock|[from] move: Defog|[of] p2a: Corviknight
|
|upkeep
|turn|17
|
|t:|1760792368
|switch|p2a: Clodsire|Clodsire, F|100/100
|move|p1a: Iron Crown|Volt Switch|p2a: Clodsire
|-immune|p2a: Clodsire
|
|upkeep
|turn|18
|
|t:|1760792370
|move|p1a: Iron Crown|Psychic Noise|p2a: Clodsire
|-supereffective|p2a: Clodsire
|-damage|p2a: Clodsire|62/100
|-start|p2a: Clodsire|move: Heal Block
|move|p2a: Clodsire|Stealth Rock|p1a: Iron Crown
|-sidestart|p1: ahjskahskjah|move: Stealth Rock
|
|upkeep
|turn|19
|
|t:|1760792377
|switch|p2a: Muk|Muk-Alola, F, shiny|100/100
|move|p1a: Iron Crown|Tachyon Cutter|p2a: Muk
|-damage|p2a: Muk|91/100
|-damage|p2a: Muk|81/100
|-hitcount|p2a: Muk|2
|
|upkeep
|turn|20
|
|t:|1760792382
|move|p1a: Iron Crown|Volt Switch|p2a: Muk
|-damage|p2a: Muk|71/100
|
|t:|1760792390
|-end|p1a: Iron Crown|Quark Drive|[silent]
|switch|p1a: Iron Hands|Iron Hands|89/100|[from] Volt Switch
|-damage|p1a: Iron Hands|83/100|[from] Stealth Rock
|move|p2a: Muk|Knock Off|p1a: Iron Hands
|-resisted|p1a: Iron Hands
|-damage|p1a: Iron Hands|75/100
|
|upkeep
|turn|21
|
|t:|1760792395
|switch|p2a: Dondozo|Dondozo, M, tera:Electric|100/100 slp
|move|p1a: Iron Hands|Swords Dance|p1a: Iron Hands
|-boost|p1a: Iron Hands|atk|2
|
|upkeep
|turn|22
|
|t:|1760792401
|-end|p1a: Iron Hands|Quark Drive|[silent]
|switch|p1a: Rillaboom|Rillaboom, F|100/100
|-damage|p1a: Rillaboom|88/100|[from] Stealth Rock
|-fieldstart|move: Grassy Terrain|[from] ability: Grassy Surge|[of] p1a: Rillaboom
|cant|p2a: Dondozo|slp
|move|p2a: Dondozo|Sleep Talk|p2a: Dondozo
|move|p2a: Dondozo|Rest||[from] move: Sleep Talk|[still]
|-fail|p2a: Dondozo
|
|-heal|p1a: Rillaboom|94/100|[from] Grassy Terrain
|upkeep
|turn|23
|
|t:|1760792413
|switch|p2a: Gliscor|Gliscor, M|100/100 tox
|move|p1a: Rillaboom|Knock Off|p2a: Gliscor
|-damage|p2a: Gliscor|70/100 tox
|-enditem|p2a: Gliscor|Toxic Orb|[from] move: Knock Off|[of] p1a: Rillaboom
|
|-heal|p1a: Rillaboom|100/100|[from] Grassy Terrain
|-heal|p2a: Gliscor|82/100 tox|[from] ability: Poison Heal
|upkeep
|turn|24
|
|t:|1760792431
|switch|p1a: Iron Hands|Iron Hands|75/100
|-damage|p1a: Iron Hands|68/100|[from] Stealth Rock
|move|p2a: Gliscor|Toxic|p1a: Iron Hands
|-status|p1a: Iron Hands|tox
|
|-heal|p1a: Iron Hands|75/100 tox|[from] Grassy Terrain
|-heal|p2a: Gliscor|95/100 tox|[from] ability: Poison Heal
|-damage|p1a: Iron Hands|68/100 tox|[from] psn
|upkeep
|turn|25
|
|t:|1760792439
|-end|p1a: Iron Hands|Quark Drive|[silent]
|switch|p1a: Rillaboom|Rillaboom, F|100/100
|-damage|p1a: Rillaboom|88/100|[from] Stealth Rock
|move|p2a: Gliscor|Earthquake|p1a: Rillaboom
|-resisted|p1a: Rillaboom
|-damage|p1a: Rillaboom|79/100
|
|-heal|p1a: Rillaboom|85/100|[from] Grassy Terrain
|-heal|p2a: Gliscor|100/100 tox|[from] ability: Poison Heal
|upkeep
|turn|26
|
|t:|1760792441
|move|p1a: Rillaboom|Wood Hammer|p2a: Gliscor
|-damage|p2a: Gliscor|20/100 tox
|-damage|p1a: Rillaboom|57/100|[from] Recoil
|move|p2a: Gliscor|Toxic|p1a: Rillaboom
|-status|p1a: Rillaboom|tox
|
|-heal|p1a: Rillaboom|63/100 tox|[from] Grassy Terrain
|-damage|p1a: Rillaboom|57/100 tox|[from] psn
|-heal|p2a: Gliscor|32/100 tox|[from] ability: Poison Heal
|-fieldend|move: Grassy Terrain
|upkeep
|turn|27
|
|t:|1760792451
|switch|p1a: Raging Bolt|Raging Bolt|100/100
|-damage|p1a: Raging Bolt|88/100|[from] Stealth Rock
|-enditem|p1a: Raging Bolt|Booster Energy
|-activate|p1a: Raging Bolt|ability: Protosynthesis|[fromitem]
|-start|p1a: Raging Bolt|protosynthesisspa
|move|p2a: Gliscor|Protect||[still]
|-fail|p2a: Gliscor
|
|-heal|p2a: Gliscor|45/100 tox|[from] ability: Poison Heal
|upkeep
|turn|28
|
|t:|1760792456
|switch|p2a: Clodsire|Clodsire, F|62/100
|move|p1a: Raging Bolt|Dragon Pulse|p2a: Clodsire
|-damage|p2a: Clodsire|27/100
|
|-heal|p2a: Clodsire|34/100|[from] item: Black Sludge
|upkeep
|turn|29
|
|t:|1760792460
|move|p1a: Raging Bolt|Dragon Pulse|p2a: Clodsire
|-damage|p2a: Clodsire|0 fnt
|faint|p2a: Clodsire
|
|upkeep
|
|t:|1760792463
|switch|p2a: Muk|Muk-Alola, F, shiny|71/100
|turn|30
|
|t:|1760792472
|move|p1a: Raging Bolt|Calm Mind|p1a: Raging Bolt
|-boost|p1a: Raging Bolt|spa|1
|-boost|p1a: Raging Bolt|spd|1
|move|p2a: Muk|Poison Jab|p1a: Raging Bolt
|-damage|p1a: Raging Bolt|60/100
|
|upkeep
|turn|31
|
|t:|1760792475
|move|p1a: Raging Bolt|Thunderbolt|p2a: Muk
|-damage|p2a: Muk|29/100
|move|p2a: Muk|Poison Jab|p1a: Raging Bolt
|-damage|p1a: Raging Bolt|34/100
|-status|p1a: Raging Bolt|psn|[from] ability: Poison Touch|[of] p2a: Muk
|
|-damage|p1a: Raging Bolt|22/100 psn|[from] psn
|upkeep
|turn|32
|
|t:|1760792481
|switch|p2a: Dondozo|Dondozo, M, tera:Electric|100/100 slp
|move|p1a: Raging Bolt|Dragon Pulse|p2a: Dondozo
|-damage|p2a: Dondozo|56/100 slp
|
|-heal|p2a: Dondozo|62/100 slp|[from] item: Leftovers
|-damage|p1a: Raging Bolt|9/100 psn|[from] psn
|upkeep
|turn|33
|
|t:|1760792485
|move|p1a: Raging Bolt|Dragon Pulse|p2a: Dondozo
|-damage|p2a: Dondozo|20/100 slp
|-curestatus|p2a: Dondozo|slp|[msg]
|move|p2a: Dondozo|Rest|p2a: Dondozo
|-status|p2a: Dondozo|slp|[from] move: Rest
|-heal|p2a: Dondozo|100/100 slp|[silent]
|
|-damage|p1a: Raging Bolt|0 fnt|[from] psn
|faint|p1a: Raging Bolt
|-end|p1a: Raging Bolt|Protosynthesis|[silent]
|upkeep
|
|t:|1760792495
|switch|p1a: Iron Crown|Iron Crown|100/100
|-damage|p1a: Iron Crown|94/100|[from] Stealth Rock
|turn|34
|
|t:|1760792498
|move|p1a: Iron Crown|Psychic Noise|p2a: Dondozo
|-damage|p2a: Dondozo|75/100 slp
|-start|p2a: Dondozo|move: Heal Block
|cant|p2a: Dondozo|slp
|move|p2a: Dondozo|Sleep Talk|p2a: Dondozo
|move|p2a: Dondozo|Liquidation|p1a: Iron Crown|[from] move: Sleep Talk
|-damage|p1a: Iron Crown|63/100
|
|upkeep
|turn|35
|
|t:|1760792501
|switch|p2a: Muk|Muk-Alola, F, shiny|29/100
|move|p1a: Iron Crown|Psychic Noise|p2a: Muk
|-immune|p2a: Muk
|
|upkeep
|turn|36
|
|t:|1760792503
|move|p2a: Muk|Shadow Sneak|p1a: Iron Crown
|-supereffective|p1a: Iron Crown
|-damage|p1a: Iron Crown|41/100
|move|p1a: Iron Crown|Tachyon Cutter|p2a: Muk
|-damage|p2a: Muk|19/100
|-damage|p2a: Muk|8/100
|-hitcount|p2a: Muk|2
|
|upkeep
|turn|37
|
|t:|1760792508
|move|p2a: Muk|Shadow Sneak|p1a: Iron Crown
|-supereffective|p1a: Iron Crown
|-damage|p1a: Iron Crown|20/100
|move|p1a: Iron Crown|Tachyon Cutter|p2a: Muk
|-damage|p2a: Muk|0 fnt
|faint|p2a: Muk
|-hitcount|p2: Muk|1
|
|upkeep
|
|t:|1760792518
|switch|p2a: Dondozo|Dondozo, M, tera:Electric|75/100 slp
|turn|38
|
|t:|1760792526
|move|p1a: Iron Crown|Psychic Noise|p2a: Dondozo
|-damage|p2a: Dondozo|52/100 slp
|-start|p2a: Dondozo|move: Heal Block
|cant|p2a: Dondozo|slp
|move|p2a: Dondozo|Sleep Talk|p2a: Dondozo
|move|p2a: Dondozo|Curse|p2a: Dondozo|[from] move: Sleep Talk
|-unboost|p2a: Dondozo|spe|1
|-boost|p2a: Dondozo|atk|1
|-boost|p2a: Dondozo|def|1
|
|upkeep
|turn|39
|
|t:|1760792530
|-terastallize|p1a: Iron Crown|Fighting
|move|p1a: Iron Crown|Focus Blast|p2a: Dondozo
|-damage|p2a: Dondozo|17/100 slp
|-curestatus|p2a: Dondozo|slp|[msg]
|move|p2a: Dondozo|Liquidation|p1a: Iron Crown
|-damage|p1a: Iron Crown|0 fnt
|faint|p1a: Iron Crown
|-end|p1a: Iron Crown|Quark Drive|[silent]
|
|-end|p2a: Dondozo|move: Heal Block
|upkeep
|
|t:|1760792547
|switch|p1a: Moltres|Moltres|58/100
|-damage|p1a: Moltres|9/100|[from] Stealth Rock
|turn|40
|
|t:|1760792552
|move|p1a: Moltres|Flamethrower|p2a: Dondozo
|-damage|p2a: Dondozo|0 fnt
|faint|p2a: Dondozo
|
|upkeep
|
|t:|1760792555
|switch|p2a: Kyurem|Kyurem|100/100
|-ability|p2a: Kyurem|Pressure
|turn|41
|
|t:|1760792557
|move|p2a: Kyurem|Freeze-Dry|p1a: Moltres
|-damage|p1a: Moltres|0 fnt
|faint|p1a: Moltres
|
|upkeep
|
|t:|1760792583
|switch|p1a: Iron Hands|Iron Hands|68/100 tox
|-damage|p1a: Iron Hands|62/100 tox|[from] Stealth Rock
|turn|42
|
|t:|1760792586
|move|p2a: Kyurem|Protect|p2a: Kyurem
|-singleturn|p2a: Kyurem|Protect
|move|p1a: Iron Hands|Drain Punch|p2a: Kyurem
|-activate|p2a: Kyurem|move: Protect
|
|-damage|p1a: Iron Hands|56/100 tox|[from] psn
|upkeep
|turn|43
|
|t:|1760792589
|move|p2a: Kyurem|Substitute|p2a: Kyurem
|-start|p2a: Kyurem|Substitute
|-damage|p2a: Kyurem|76/100
|move|p1a: Iron Hands|Drain Punch|p2a: Kyurem
|-supereffective|p2a: Kyurem
|-end|p2a: Kyurem|Substitute
|-heal|p1a: Iron Hands|67/100 tox|[from] drain|[of] p2a: Kyurem
|
|-heal|p2a: Kyurem|82/100|[from] item: Leftovers
|-damage|p1a: Iron Hands|54/100 tox|[from] psn
|upkeep
|turn|44
|
|t:|1760792595
|move|p2a: Kyurem|Protect|p2a: Kyurem
|-singleturn|p2a: Kyurem|Protect
|move|p1a: Iron Hands|Drain Punch|p2a: Kyurem
|-activate|p2a: Kyurem|move: Protect
|
|-heal|p2a: Kyurem|88/100|[from] item: Leftovers
|-damage|p1a: Iron Hands|36/100 tox|[from] psn
|upkeep
|turn|45
|
|t:|1760792598
|move|p2a: Kyurem|Substitute|p2a: Kyurem
|-start|p2a: Kyurem|Substitute
|-damage|p2a: Kyurem|63/100
|move|p1a: Iron Hands|Drain Punch|p2a: Kyurem
|-supereffective|p2a: Kyurem
|-end|p2a: Kyurem|Substitute
|-heal|p1a: Iron Hands|47/100 tox|[from] drain|[of] p2a: Kyurem
|
|-heal|p2a: Kyurem|69/100|[from] item: Leftovers
|-damage|p1a: Iron Hands|22/100 tox|[from] psn
|upkeep
|turn|46
|
|t:|1760792601
|-end|p1a: Iron Hands|Quark Drive|[silent]
|switch|p1a: Rillaboom|Rillaboom, F|57/100 tox
|-damage|p1a: Rillaboom|45/100 tox|[from] Stealth Rock
|-fieldstart|move: Grassy Terrain|[from] ability: Grassy Surge|[of] p1a: Rillaboom
|move|p2a: Kyurem|Protect||[still]
|-fail|p2a: Kyurem
|
|-heal|p2a: Kyurem|75/100|[from] Grassy Terrain
|-heal|p2a: Kyurem|82/100|[from] item: Leftovers
|-heal|p1a: Rillaboom|51/100 tox|[from] Grassy Terrain
|-damage|p1a: Rillaboom|45/100 tox|[from] psn
|upkeep
|turn|47
|
|t:|1760792607
|move|p2a: Kyurem|Protect|p2a: Kyurem
|-singleturn|p2a: Kyurem|Protect
|move|p1a: Rillaboom|U-turn|p2a: Kyurem
|-activate|p2a: Kyurem|move: Protect
|
|-heal|p2a: Kyurem|88/100|[from] Grassy Terrain
|-heal|p2a: Kyurem|94/100|[from] item: Leftovers
|-heal|p1a: Rillaboom|51/100 tox|[from] Grassy Terrain
|-damage|p1a: Rillaboom|39/100 tox|[from] psn
|upkeep
|turn|48
|
|t:|1760792612
|move|p2a: Kyurem|Substitute|p2a: Kyurem
|-start|p2a: Kyurem|Substitute
|-damage|p2a: Kyurem|69/100
|move|p1a: Rillaboom|U-turn|p2a: Kyurem
|-end|p2a: Kyurem|Substitute
|-message|ahjskahskjah forfeited.
|
|win|drenom
|raw|ahjskahskjah's rating: 1548 &rarr; <strong>1523</strong><br />(-25 for losing)
|raw|drenom's rating: 1466 &rarr; <strong>1491</strong><br />(+25 for winning)
|l|☆ahjskahskjah
|player|p1|
|l|☆drenom
|player|p2|
