|j|☆Allheckers
|j|☆saint246
|t:|1760863128
|gametype|singles
|player|p1|Allheckers|sabrina|1101
|player|p2|saint246|265|1121
|gen|9
|tier|[Gen 9] OU
|rated|
|rule|HP Percentage Mod: HP is shown in percentages
|rule|Endless Battle Clause: Forcing endless battles is banned
|rule|Species Clause: Limit one of each Pokémon
|rule|OHKO Clause: OHKO moves are banned
|rule|Evasion Items Clause: Evasion items are banned
|rule|Evasion Moves Clause: Evasion moves are banned
|rule|Evasion Abilities Clause: Evasion abilities are banned
|rule|Sleep Moves Clause: Sleep-inducing moves are banned
|clearpoke
|poke|p1|Keldeo-Resolute|
|poke|p1|Masquerain, M|
|poke|p1|Sableye, F|
|poke|p1|Glimmora, F|
|poke|p1|Whimsicott, F|
|poke|p1|Polteageist-Antique|
|poke|p2|Grimmsnarl, M|
|poke|p2|Zoroark-Hisui, M|
|poke|p2|Iron Treads|
|poke|p2|Galvantula, F|
|poke|p2|Greninja-*, M|
|poke|p2|Mew|
|teampreview
|inactive|Battle timer is ON: inactive players will automatically lose when time's up. (requested by Allheckers)
|
|t:|1760863183
|teamsize|p1|6
|teamsize|p2|6
|start
|switch|p1a: Masquerain|Masquerain, M|100/100
|switch|p2a: Mew|Mew|100/100
|-ability|p1a: Masquerain|Intimidate|boost
|-unboost|p2a: Mew|atk|1
|turn|1
|
|t:|1760863199
|move|p2a: Mew|Thunder Wave|p1a: Masquerain
|-status|p1a: Masquerain|par
|cant|p1a: Masquerain|par
|
|upkeep
|turn|2
|
|t:|1760863205
|move|p2a: Mew|Stealth Rock|p1a: Masquerain
|-sidestart|p1: Allheckers|move: Stealth Rock
|move|p1a: Masquerain|Sticky Web|p2a: Mew
|-sidestart|p2: saint246|move: Sticky Web
|
|upkeep
|turn|3
|
|t:|1760863209
|cant|p1a: Masquerain|par
|move|p2a: Mew|Dragon Tail|p1a: Masquerain
|-damage|p1a: Masquerain|85/100 par
|drag|p1a: Sableye|Sableye, F|100/100
|-damage|p1a: Sableye|88/100|[from] Stealth Rock
|
|-heal|p1a: Sableye|94/100|[from] item: Leftovers
|upkeep
|turn|4
|
|t:|1760863217
|move|p2a: Mew|Thunder Wave|p1a: Sableye
|-status|p1a: Sableye|par
|cant|p1a: Sableye|par
|
|-heal|p1a: Sableye|99/100 par|[from] item: Leftovers
|upkeep
|turn|5
|
|t:|1760863223
|move|p1a: Sableye|Knock Off|p2a: Mew
|-supereffective|p2a: Mew
|-damage|p2a: Mew|57/100
|-enditem|p2a: Mew|Leftovers|[from] move: Knock Off|[of] p1a: Sableye
|move|p2a: Mew|Dragon Tail|p1a: Sableye
|-damage|p1a: Sableye|88/100 par
|drag|p1a: Masquerain|Masquerain, M|85/100 par
|-damage|p1a: Masquerain|35/100 par|[from] Stealth Rock
|-ability|p1a: Masquerain|Intimidate|boost
|-unboost|p2a: Mew|atk|1
|
|-heal|p1a: Masquerain|41/100 par|[from] item: Leftovers
|upkeep
|turn|6
|
|t:|1760863238
|move|p1a: Masquerain|Quiver Dance|p1a: Masquerain
|-boost|p1a: Masquerain|spa|1
|-boost|p1a: Masquerain|spd|1
|-boost|p1a: Masquerain|spe|1
|move|p2a: Mew|Dragon Tail|p1a: Masquerain
|-damage|p1a: Masquerain|31/100 par
|drag|p1a: Sableye|Sableye, F|88/100 par
|-damage|p1a: Sableye|75/100 par|[from] Stealth Rock
|
|-heal|p1a: Sableye|81/100 par|[from] item: Leftovers
|upkeep
|turn|7
|
|t:|1760863247
|cant|p1a: Sableye|par
|move|p2a: Mew|Dragon Tail|p1a: Sableye|[miss]
|-miss|p2a: Mew|p1a: Sableye
|
|-heal|p1a: Sableye|87/100 par|[from] item: Leftovers
|upkeep
|turn|8
|
|t:|1760863255
|cant|p1a: Sableye|par
|move|p2a: Mew|Dragon Tail|p1a: Sableye
|-damage|p1a: Sableye|79/100 par
|drag|p1a: Glimmora|Glimmora, F, shiny|100/100
|-damage|p1a: Glimmora|88/100|[from] Stealth Rock
|
|upkeep
|turn|9
|
|t:|1760863262
|move|p2a: Mew|Thunder Wave|p1a: Glimmora
|-status|p1a: Glimmora|par
|move|p1a: Glimmora|Power Gem|p2a: Mew
|-damage|p2a: Mew|20/100
|
|upkeep
|turn|10
|-message|Allheckers forfeited.
|
|win|saint246
|raw|Allheckers's rating: 1101 &rarr; <strong>1077</strong><br />(-24 for losing)
|raw|saint246's rating: 1121 &rarr; <strong>1145</strong><br />(+24 for winning)
|l|☆Allheckers
|player|p1|
