|j|☆blackgokuking
|j|☆Novice by Nature
|t:|1760891355
|gametype|singles
|player|p1|blackgokuking|depotagent|1557
|player|p2|Novice by Nature|yellow|1569
|gen|9
|tier|[Gen 9] OU
|rated|
|rule|HP Percentage Mod: HP is shown in percentages
|rule|Endless Battle Clause: Forcing endless battles is banned
|rule|Species Clause: Limit one of each Pokémon
|rule|OHKO Clause: OHKO moves are banned
|rule|Evasion Items Clause: Evasion items are banned
|rule|Evasion Moves Clause: Evasion moves are banned
|rule|Evasion Abilities Clause: Evasion abilities are banned
|rule|Sleep Moves Clause: Sleep-inducing moves are banned
|clearpoke
|poke|p1|Greninja-*, M|
|poke|p1|Great Tusk|
|poke|p1|Gholdengo|
|poke|p1|Rillaboom, F|
|poke|p1|Zapdos|
|poke|p1|Kingambit, F|
|poke|p2|Whimsicott, F|
|poke|p2|Ursaluna, F|
|poke|p2|Rillaboom, F|
|poke|p2|Heatran, F|
|poke|p2|Blastoise, M|
|poke|p2|Thundurus-Therian, M|
|teampreview
|
|t:|1760891370
|teamsize|p1|6
|teamsize|p2|6
|start
|switch|p1a: Greninja|Greninja, M|100/100
|switch|p2a: Heatran|Heatran, F|100/100
|turn|1
|inactive|Battle timer is ON: inactive players will automatically lose when time's up. (requested by Novice by Nature)
|
|t:|1760891378
|switch|p2a: Rillaboom|Rillaboom, F|100/100
|-fieldstart|move: Grassy Terrain|[from] ability: Grassy Surge|[of] p2a: Rillaboom
|move|p1a: Greninja|Hydro Pump|p2a: Rillaboom
|-resisted|p2a: Rillaboom
|-crit|p2a: Rillaboom
|-damage|p2a: Rillaboom|40/100
|-damage|p1a: Greninja|91/100|[from] item: Life Orb
|
|-heal|p1a: Greninja|97/100|[from] Grassy Terrain
|-heal|p2a: Rillaboom|46/100|[from] Grassy Terrain
|upkeep
|turn|2
|
|t:|1760891387
|switch|p1a: Zapdos|Zapdos|100/100
|switch|p2a: Blastoise|Blastoise, M|100/100
|
|upkeep
|turn|3
|
|t:|1760891394
|switch|p2a: Thundurus|Thundurus-Therian, M|100/100
|move|p1a: Zapdos|Volt Switch|p2a: Thundurus
|-immune|p2a: Thundurus|[from] ability: Volt Absorb
|
|upkeep
|turn|4
|
|t:|1760891401
|move|p2a: Thundurus|Sludge Bomb|p1a: Zapdos
|-damage|p1a: Zapdos|66/100
|-status|p1a: Zapdos|psn
|move|p1a: Zapdos|Roost|p1a: Zapdos
|-heal|p1a: Zapdos|100/100 psn
|-singleturn|p1a: Zapdos|move: Roost
|
|-damage|p1a: Zapdos|88/100 psn|[from] psn
|upkeep
|turn|5
|
|t:|1760891409
|switch|p2a: Heatran|Heatran, F|100/100
|move|p1a: Zapdos|Heat Wave|p2a: Heatran
|-damage|p2a: Heatran|84/100
|
|-heal|p2a: Heatran|91/100|[from] Grassy Terrain
|-damage|p1a: Zapdos|76/100 psn|[from] psn
|upkeep
|turn|6
|
|t:|1760891413
|move|p1a: Zapdos|Volt Switch|p2a: Heatran
|-damage|p2a: Heatran|73/100
|
|t:|1760891418
|switch|p1a: Greninja|Greninja, M|97/100|[from] Volt Switch
|move|p2a: Heatran|Magma Storm|p1a: Greninja
|-resisted|p1a: Greninja
|-damage|p1a: Greninja|64/100
|-activate|p1a: Greninja|move: Magma Storm|[of] p2a: Heatran
|
|-heal|p1a: Greninja|70/100|[from] Grassy Terrain
|-heal|p2a: Heatran|79/100|[from] Grassy Terrain
|-damage|p1a: Greninja|58/100|[from] move: Magma Storm|[partiallytrapped]
|upkeep
|turn|7
|
|t:|1760891426
|switch|p2a: Blastoise|Blastoise, M|100/100
|move|p1a: Greninja|Dark Pulse|p2a: Blastoise
|-damage|p2a: Blastoise|54/100
|-damage|p1a: Greninja|48/100|[from] item: Life Orb
|
|-heal|p1a: Greninja|54/100|[from] Grassy Terrain
|-heal|p2a: Blastoise|60/100|[from] Grassy Terrain
|-end|p1a: Greninja|Magma Storm|[partiallytrapped]|[silent]
|upkeep
|turn|8
|
|t:|1760891434
|move|p1a: Greninja|Dark Pulse|p2a: Blastoise
|-damage|p2a: Blastoise|8/100
|-damage|p1a: Greninja|44/100|[from] item: Life Orb
|move|p2a: Blastoise|Shell Smash|p2a: Blastoise
|-unboost|p2a: Blastoise|def|1
|-unboost|p2a: Blastoise|spd|1
|-boost|p2a: Blastoise|atk|2
|-boost|p2a: Blastoise|spa|2
|-boost|p2a: Blastoise|spe|2
|
|-heal|p2a: Blastoise|15/100|[from] Grassy Terrain
|-heal|p1a: Greninja|50/100|[from] Grassy Terrain
|-fieldend|move: Grassy Terrain
|upkeep
|turn|9
|
|t:|1760891441
|switch|p2a: Rillaboom|Rillaboom, F|46/100
|-fieldstart|move: Grassy Terrain|[from] ability: Grassy Surge|[of] p2a: Rillaboom
|move|p1a: Greninja|Water Shuriken|p2a: Rillaboom
|-resisted|p2a: Rillaboom
|-damage|p2a: Rillaboom|41/100
|-resisted|p2a: Rillaboom
|-damage|p2a: Rillaboom|36/100
|-hitcount|p2a: Rillaboom|2
|-damage|p1a: Greninja|40/100|[from] item: Life Orb
|
|-heal|p1a: Greninja|46/100|[from] Grassy Terrain
|-heal|p2a: Rillaboom|42/100|[from] Grassy Terrain
|upkeep
|turn|10
|
|t:|1760891449
|switch|p1a: Zapdos|Zapdos|76/100 psn
|move|p2a: Rillaboom|Grassy Glide|p1a: Zapdos
|-resisted|p1a: Zapdos
|-damage|p1a: Zapdos|59/100 psn
|-status|p2a: Rillaboom|par|[from] ability: Static|[of] p1a: Zapdos
|
|-heal|p2a: Rillaboom|48/100 par|[from] Grassy Terrain
|-damage|p1a: Zapdos|46/100 psn|[from] psn
|upkeep
|turn|11
|
|t:|1760891459
|switch|p2a: Thundurus|Thundurus-Therian, M|100/100
|move|p1a: Zapdos|Roost|p1a: Zapdos
|-heal|p1a: Zapdos|97/100 psn
|-singleturn|p1a: Zapdos|move: Roost
|
|-heal|p1a: Zapdos|100/100 psn|[from] Grassy Terrain
|-damage|p1a: Zapdos|88/100 psn|[from] psn
|upkeep
|turn|12
|
|t:|1760891470
|switch|p1a: Great Tusk|Great Tusk|100/100
|move|p2a: Thundurus|Sludge Bomb|p1a: Great Tusk
|-resisted|p1a: Great Tusk
|-crit|p1a: Great Tusk
|-damage|p1a: Great Tusk|67/100
|-status|p1a: Great Tusk|psn
|
|-heal|p1a: Great Tusk|73/100 psn|[from] Grassy Terrain
|-damage|p1a: Great Tusk|60/100 psn|[from] psn
|upkeep
|turn|13
|
|t:|1760891476
|switch|p2a: Whimsicott|Whimsicott, F|100/100
|move|p1a: Great Tusk|Stealth Rock|p2a: Whimsicott
|-sidestart|p2: Novice by Nature|move: Stealth Rock
|
|-heal|p1a: Great Tusk|67/100 psn|[from] Grassy Terrain
|-damage|p1a: Great Tusk|54/100 psn|[from] psn
|upkeep
|turn|14
|
|t:|1760891491
|move|p2a: Whimsicott|Substitute|p2a: Whimsicott
|-start|p2a: Whimsicott|Substitute
|-damage|p2a: Whimsicott|76/100
|move|p1a: Great Tusk|Ice Spinner|p2a: Whimsicott
|-supereffective|p2a: Whimsicott
|-end|p2a: Whimsicott|Substitute
|-fieldend|move: Grassy Terrain
|
|-heal|p2a: Whimsicott|82/100|[from] item: Leftovers
|-damage|p1a: Great Tusk|42/100 psn|[from] psn
|upkeep
|turn|15
|
|t:|1760891502
|-end|p1a: Great Tusk|Protosynthesis|[silent]
|switch|p1a: Gholdengo|Gholdengo|100/100
|-item|p1a: Gholdengo|Air Balloon
|move|p2a: Whimsicott|Moonblast|p1a: Gholdengo
|-resisted|p1a: Gholdengo
|-damage|p1a: Gholdengo|89/100
|-unboost|p1a: Gholdengo|spa|1
|-enditem|p1a: Gholdengo|Air Balloon
|
|-heal|p2a: Whimsicott|88/100|[from] item: Leftovers
|upkeep
|turn|16
|
|t:|1760891510
|switch|p2a: Ursaluna|Ursaluna, F|100/100
|-damage|p2a: Ursaluna|94/100|[from] Stealth Rock
|move|p1a: Gholdengo|Make It Rain|p2a: Ursaluna
|-damage|p2a: Ursaluna|80/100
|-unboost|p1a: Gholdengo|spa|1
|
|upkeep
|turn|17
|
|t:|1760891524
|switch|p1a: Great Tusk|Great Tusk|42/100 psn
|move|p2a: Ursaluna|Ice Punch|p1a: Great Tusk
|-supereffective|p1a: Great Tusk
|-damage|p1a: Great Tusk|21/100 psn
|-damage|p2a: Ursaluna|64/100|[from] item: Rocky Helmet|[of] p1a: Great Tusk
|
|-damage|p1a: Great Tusk|9/100 psn|[from] psn
|upkeep
|turn|18
|
|t:|1760891534
|switch|p2a: Blastoise|Blastoise, M|15/100
|move|p1a: Great Tusk|Ice Spinner|p2a: Blastoise
|-resisted|p2a: Blastoise
|-damage|p2a: Blastoise|1/100
|
|-damage|p1a: Great Tusk|0 fnt|[from] psn
|faint|p1a: Great Tusk
|-end|p1a: Great Tusk|Protosynthesis|[silent]
|upkeep
|
|t:|1760891539
|switch|p1a: Greninja|Greninja, M|46/100
|turn|19
|
|t:|1760891553
|switch|p2a: Whimsicott|Whimsicott, F|88/100
|-damage|p2a: Whimsicott|76/100|[from] Stealth Rock
|move|p1a: Greninja|Ice Beam|p2a: Whimsicott
|-supereffective|p2a: Whimsicott
|-damage|p2a: Whimsicott|0 fnt
|faint|p2a: Whimsicott
|-ability|p1a: Greninja|Battle Bond|boost
|-boost|p1a: Greninja|atk|1
|-boost|p1a: Greninja|spa|1
|-boost|p1a: Greninja|spe|1
|-activate|p1a: Greninja|ability: Battle Bond
|-damage|p1a: Greninja|36/100|[from] item: Life Orb
|
|upkeep
|
|t:|1760891559
|switch|p2a: Rillaboom|Rillaboom, F|48/100 par
|-damage|p2a: Rillaboom|35/100 par|[from] Stealth Rock
|-fieldstart|move: Grassy Terrain|[from] ability: Grassy Surge|[of] p2a: Rillaboom
|turn|20
|
|t:|1760891579
|switch|p1a: Zapdos|Zapdos|88/100 psn
|move|p2a: Rillaboom|Grassy Glide|p1a: Zapdos
|-resisted|p1a: Zapdos
|-damage|p1a: Zapdos|73/100 psn
|
|-heal|p2a: Rillaboom|41/100 par|[from] Grassy Terrain
|-damage|p1a: Zapdos|61/100 psn|[from] psn
|upkeep
|turn|21
|
|t:|1760891586
|switch|p2a: Thundurus|Thundurus-Therian, M|100/100
|-damage|p2a: Thundurus|76/100|[from] Stealth Rock
|move|p1a: Zapdos|Heat Wave|p2a: Thundurus
|-damage|p2a: Thundurus|40/100
|
|-damage|p1a: Zapdos|48/100 psn|[from] psn
|upkeep
|turn|22
|
|t:|1760891596
|move|p2a: Thundurus|Thunderbolt|p1a: Zapdos
|-damage|p1a: Zapdos|0 fnt
|faint|p1a: Zapdos
|
|upkeep
|
|t:|1760891599
|switch|p1a: Greninja|Greninja, M|36/100
|turn|23
|
|t:|1760891611
|switch|p2a: Blastoise|Blastoise, M|1/100
|move|p1a: Greninja|Dark Pulse|p2a: Blastoise
|-damage|p2a: Blastoise|0 fnt
|faint|p2a: Blastoise
|-damage|p1a: Greninja|26/100|[from] item: Life Orb
|
|-heal|p1a: Greninja|32/100|[from] Grassy Terrain
|upkeep
|
|t:|1760891614
|switch|p2a: Rillaboom|Rillaboom, F|41/100 par
|-damage|p2a: Rillaboom|29/100 par|[from] Stealth Rock
|turn|24
|
|t:|1760891622
|switch|p1a: Gholdengo|Gholdengo|89/100
|move|p2a: Rillaboom|Grassy Glide|p1a: Gholdengo
|-resisted|p1a: Gholdengo
|-damage|p1a: Gholdengo|70/100
|
|-heal|p1a: Gholdengo|76/100|[from] Grassy Terrain
|-heal|p2a: Rillaboom|35/100 par|[from] Grassy Terrain
|upkeep
|turn|25
|
|t:|1760891629
|switch|p2a: Ursaluna|Ursaluna, F|64/100
|-damage|p2a: Ursaluna|58/100|[from] Stealth Rock
|move|p1a: Gholdengo|Make It Rain|p2a: Ursaluna
|-damage|p2a: Ursaluna|35/100
|-unboost|p1a: Gholdengo|spa|1
|
|-heal|p1a: Gholdengo|83/100|[from] Grassy Terrain
|-heal|p2a: Ursaluna|41/100|[from] Grassy Terrain
|upkeep
|turn|26
|
|t:|1760891639
|switch|p1a: Rillaboom|Rillaboom, F|100/100
|move|p2a: Ursaluna|Fire Punch|p1a: Rillaboom
|-supereffective|p1a: Rillaboom
|-damage|p1a: Rillaboom|50/100
|
|-heal|p1a: Rillaboom|56/100|[from] Grassy Terrain
|-heal|p2a: Ursaluna|47/100|[from] Grassy Terrain
|upkeep
|turn|27
|
|t:|1760891649
|move|p1a: Rillaboom|Knock Off|p2a: Ursaluna
|-damage|p2a: Ursaluna|12/100
|-enditem|p2a: Ursaluna|Assault Vest|[from] move: Knock Off|[of] p1a: Rillaboom
|move|p2a: Ursaluna|Fire Punch|p1a: Rillaboom
|-supereffective|p1a: Rillaboom
|-damage|p1a: Rillaboom|3/100
|-status|p1a: Rillaboom|brn
|
|-heal|p1a: Rillaboom|10/100 brn|[from] Grassy Terrain
|-heal|p2a: Ursaluna|18/100|[from] Grassy Terrain
|-damage|p1a: Rillaboom|3/100 brn|[from] brn
|-fieldend|move: Grassy Terrain
|upkeep
|turn|28
|
|t:|1760891660
|move|p1a: Rillaboom|Knock Off|p2a: Ursaluna
|-damage|p2a: Ursaluna|5/100
|move|p2a: Ursaluna|Fire Punch|p1a: Rillaboom
|-supereffective|p1a: Rillaboom
|-damage|p1a: Rillaboom|0 fnt
|faint|p1a: Rillaboom
|
|upkeep
|
|t:|1760891665
|switch|p1a: Greninja|Greninja, M|32/100
|turn|29
|
|t:|1760891671
|move|p1a: Greninja|Dark Pulse|p2a: Ursaluna
|-damage|p2a: Ursaluna|0 fnt
|faint|p2a: Ursaluna
|-damage|p1a: Greninja|23/100|[from] item: Life Orb
|
|upkeep
|
|t:|1760891677
|switch|p2a: Heatran|Heatran, F|79/100
|turn|30
|
|t:|1760891684
|-terastallize|p2a: Heatran|Grass
|move|p1a: Greninja|Dark Pulse|p2a: Heatran
|-damage|p2a: Heatran|49/100
|-damage|p1a: Greninja|13/100|[from] item: Life Orb
|move|p2a: Heatran|Earth Power|p1a: Greninja
|-damage|p1a: Greninja|0 fnt
|faint|p1a: Greninja
|
|upkeep
|
|t:|1760891697
|switch|p1a: Gholdengo|Gholdengo|83/100
|turn|31
|
|t:|1760891702
|switch|p2a: Rillaboom|Rillaboom, F|35/100 par
|-damage|p2a: Rillaboom|23/100 par|[from] Stealth Rock
|-fieldstart|move: Grassy Terrain|[from] ability: Grassy Surge|[of] p2a: Rillaboom
|move|p1a: Gholdengo|Make It Rain|p2a: Rillaboom
|-damage|p2a: Rillaboom|0 fnt
|-unboost|p1a: Gholdengo|spa|1
|faint|p2a: Rillaboom
|
|-heal|p1a: Gholdengo|89/100|[from] Grassy Terrain
|upkeep
|
|t:|1760891705
|switch|p2a: Heatran|Heatran, F, tera:Grass|49/100
|turn|32
|inactive|blackgokuking has 120 seconds left.
|
|t:|1760891747
|-terastallize|p1a: Gholdengo|Flying
|move|p1a: Gholdengo|Make It Rain|p2a: Heatran
|-damage|p2a: Heatran|29/100
|-unboost|p1a: Gholdengo|spa|1
|move|p2a: Heatran|Magma Storm|p1a: Gholdengo
|-crit|p1a: Gholdengo
|-damage|p1a: Gholdengo|30/100
|-activate|p1a: Gholdengo|move: Magma Storm|[of] p2a: Heatran
|
|-heal|p2a: Heatran|35/100|[from] Grassy Terrain
|-damage|p1a: Gholdengo|17/100|[from] move: Magma Storm|[partiallytrapped]
|upkeep
|turn|33
|j| yarcii
|
|t:|1760891768
|move|p1a: Gholdengo|Recover|p1a: Gholdengo
|-heal|p1a: Gholdengo|67/100
|move|p2a: Heatran|Magma Storm|p1a: Gholdengo|[miss]
|-miss|p2a: Heatran|p1a: Gholdengo
|
|-heal|p2a: Heatran|41/100|[from] Grassy Terrain
|-damage|p1a: Gholdengo|55/100|[from] move: Magma Storm|[partiallytrapped]
|upkeep
|turn|34
|inactive|blackgokuking has 120 seconds left.
|
|t:|1760891784
|move|p1a: Gholdengo|Nasty Plot|p1a: Gholdengo
|-boost|p1a: Gholdengo|spa|2
|move|p2a: Heatran|Magma Storm|p1a: Gholdengo
|-damage|p1a: Gholdengo|13/100
|
|-heal|p2a: Heatran|48/100|[from] Grassy Terrain
|-damage|p1a: Gholdengo|1/100|[from] move: Magma Storm|[partiallytrapped]
|upkeep
|turn|35
|
|t:|1760891797
|switch|p2a: Thundurus|Thundurus-Therian, M|40/100
|-damage|p2a: Thundurus|16/100|[from] Stealth Rock
|move|p1a: Gholdengo|Make It Rain|p2a: Thundurus
|-resisted|p2a: Thundurus
|-damage|p2a: Thundurus|0 fnt
|-unboost|p1a: Gholdengo|spa|1
|faint|p2a: Thundurus
|
|-end|p1a: Gholdengo|Magma Storm|[partiallytrapped]|[silent]
|upkeep
|
|t:|1760891803
|switch|p2a: Heatran|Heatran, F, tera:Grass|48/100
|turn|36
|
|t:|1760891807
|move|p1a: Gholdengo|Recover|p1a: Gholdengo
|-heal|p1a: Gholdengo|51/100
|move|p2a: Heatran|Magma Storm|p1a: Gholdengo
|-damage|p1a: Gholdengo|12/100
|-activate|p1a: Gholdengo|move: Magma Storm|[of] p2a: Heatran
|
|-heal|p2a: Heatran|54/100|[from] Grassy Terrain
|-damage|p1a: Gholdengo|0 fnt|[from] move: Magma Storm|[partiallytrapped]
|faint|p1a: Gholdengo
|upkeep
|
|t:|1760891812
|switch|p1a: Kingambit|Kingambit, F|100/100
|-activate|p1a: Kingambit|ability: Supreme Overlord
|-start|p1a: Kingambit|fallen5|[silent]
|turn|37
|
|t:|1760891818
|move|p1a: Kingambit|Sucker Punch|p2a: Heatran
|-damage|p2a: Heatran|0 fnt
|faint|p2a: Heatran
|
|win|blackgokuking
|raw|blackgokuking's rating: 1557 &rarr; <strong>1578</strong><br />(+21 for winning)
|raw|Novice by Nature's rating: 1569 &rarr; <strong>1548</strong><br />(-21 for losing)
|l|☆Novice by Nature
|player|p2|
|l|☆blackgokuking
|player|p1|
|j|☆blackgokuking
|player|p1|blackgokuking|depotagent|
