|j|☆MarioPB2005
|j|☆mba142
|t:|1760874030
|gametype|singles
|player|p1|MarioPB2005|flannery|
|player|p2|mba142|guitarist|
|gen|9
|tier|[Gen 9] OU
|rule|HP Percentage Mod: HP is shown in percentages
|rule|Endless Battle Clause: Forcing endless battles is banned
|rule|Species Clause: Limit one of each Pokémon
|rule|OHKO Clause: OHKO moves are banned
|rule|Evasion Items Clause: Evasion items are banned
|rule|Evasion Moves Clause: Evasion moves are banned
|rule|Evasion Abilities Clause: Evasion abilities are banned
|rule|Sleep Moves Clause: Sleep-inducing moves are banned
|clearpoke
|poke|p1|Iron Treads|
|poke|p1|Pelipper, F|
|poke|p1|Kingdra, F|
|poke|p1|Rillaboom, F|
|poke|p1|Basculegion, M|
|poke|p1|Raging Bolt|
|poke|p2|Meowscarada, F|
|poke|p2|Clefable, M|
|poke|p2|Walking Wake|
|poke|p2|Iron Moth|
|poke|p2|Corviknight, F|
|poke|p2|Iron Valiant|
|teampreview
|inactive|Battle timer is ON: inactive players will automatically lose when time's up. (requested by MarioPB2005)
|
|t:|1760874046
|teamsize|p1|6
|teamsize|p2|6
|start
|switch|p1a: Pelipper|Pelipper, F, shiny|100/100
|switch|p2a: Selecta|Meowscarada, F|100/100
|-weather|RainDance|[from] ability: Drizzle|[of] p1a: Pelipper
|turn|1
|
|t:|1760874061
|-terastallize|p2a: Selecta|Grass
|move|p2a: Selecta|Flower Trick|p1a: Pelipper
|-crit|p1a: Pelipper
|-damage|p1a: Pelipper|47/100
|move|p1a: Pelipper|Hurricane|p2a: Selecta
|-supereffective|p2a: Selecta
|-damage|p2a: Selecta|0 fnt
|faint|p2a: Selecta
|
|-weather|RainDance|[upkeep]
|upkeep
|inactive|mba142 has 270 seconds left.
|
|t:|1760874094
|switch|p2a: Walkie-talkie|Walking Wake|100/100
|turn|2
|inactive|mba142 has 270 seconds left.
|
|t:|1760874103
|switch|p1a: Iron Treads|Iron Treads, shiny|100/100
|-enditem|p1a: Iron Treads|Booster Energy
|-activate|p1a: Iron Treads|ability: Quark Drive|[fromitem]
|-start|p1a: Iron Treads|quarkdrivespe
|move|p2a: Walkie-talkie|Dragon Pulse|p1a: Iron Treads
|-resisted|p1a: Iron Treads
|-damage|p1a: Iron Treads|68/100
|
|-weather|RainDance|[upkeep]
|upkeep
|turn|3
|inactive|mba142 has 270 seconds left.
|
|t:|1760874121
|move|p1a: Iron Treads|Stealth Rock|p2a: Walkie-talkie
|-sidestart|p2: mba142|move: Stealth Rock
|move|p2a: Walkie-talkie|Draco Meteor|p1a: Iron Treads
|-resisted|p1a: Iron Treads
|-damage|p1a: Iron Treads|17/100
|-unboost|p2a: Walkie-talkie|spa|2
|
|-weather|RainDance|[upkeep]
|upkeep
|turn|4
|inactive|mba142 has 270 seconds left.
|
|t:|1760874134
|move|p1a: Iron Treads|Steel Beam|p2a: Walkie-talkie
|-resisted|p2a: Walkie-talkie
|-damage|p2a: Walkie-talkie|83/100
|-damage|p1a: Iron Treads|0 fnt|[from] steelbeam
|faint|p1a: Iron Treads
|-end|p1a: Iron Treads|Quark Drive|[silent]
|move|p2a: Walkie-talkie|Dragon Pulse|p1: Iron Treads|[notarget]
|-fail|p2a: Walkie-talkie
|
|-weather|RainDance|[upkeep]
|upkeep
|
|t:|1760874140
|switch|p1a: Kingdra|Kingdra, F, shiny|100/100
|turn|5
|inactive|mba142 has 270 seconds left.
|j|+Cicada
|
|t:|1760874162
|-end|p2a: Walkie-talkie|Protosynthesis|[silent]
|switch|p2a: Gañade|Iron Valiant|100/100
|-damage|p2a: Gañade|94/100|[from] Stealth Rock
|-enditem|p2a: Gañade|Booster Energy
|-activate|p2a: Gañade|ability: Quark Drive|[fromitem]
|-start|p2a: Gañade|quarkdrivespe
|move|p1a: Kingdra|Draco Meteor|p2a: Gañade
|-immune|p2a: Gañade
|
|-weather|RainDance|[upkeep]
|upkeep
|turn|6
|l|+Cicada
|
|t:|1760874187
|move|p1a: Kingdra|Hurricane|p2a: Gañade
|-supereffective|p2a: Gañade
|-damage|p2a: Gañade|0 fnt
|faint|p2a: Gañade
|-end|p2a: Gañade|Quark Drive|[silent]
|-damage|p1a: Kingdra|91/100|[from] item: Life Orb
|
|-weather|RainDance|[upkeep]
|upkeep
|j|+Cicada
|
|t:|1760874196
|switch|p2a: ANTONIO RETURNS|Clefable, M|100/100
|turn|7
|
|t:|1760874205
|-terastallize|p1a: Kingdra|Stellar
|move|p1a: Kingdra|Hydro Pump|p2a: ANTONIO RETURNS
|-damage|p2a: ANTONIO RETURNS|0 fnt
|faint|p2a: ANTONIO RETURNS
|-damage|p1a: Kingdra|81/100|[from] item: Life Orb
|
|-weather|RainDance|[upkeep]
|upkeep
|inactive|mba142 has 240 seconds left.
|
|t:|1760874233
|switch|p2a: Oz|Corviknight, F|100/100
|turn|8
|n| hf boss|cicada
|
|t:|1760874238
|move|p1a: Kingdra|Hydro Pump|p2a: Oz
|-damage|p2a: Oz|13/100
|-damage|p1a: Kingdra|71/100|[from] item: Life Orb
|move|p2a: Oz|Defog|p1a: Kingdra
|-unboost|p1a: Kingdra|evasion|1
|-sideend|p2: mba142|Stealth Rock|[from] move: Defog|[of] p2a: Oz
|
|-weather|none
|upkeep
|turn|9
|n| hf boss|hfboss
|inactive|mba142 has 240 seconds left.
|
|t:|1760874255
|move|p1a: Kingdra|Wave Crash|p2a: Oz
|-damage|p2a: Oz|0 fnt
|faint|p2a: Oz
|-damage|p1a: Kingdra|65/100|[from] Recoil
|-damage|p1a: Kingdra|55/100|[from] item: Life Orb
|
|upkeep
|
|t:|1760874264
|switch|p2a: Walkie-talkie|Walking Wake|83/100
|turn|10
|inactive|mba142 has 240 seconds left.
|
|t:|1760874274
|switch|p1a: Pelipper|Pelipper, F, shiny|47/100
|-weather|RainDance|[from] ability: Drizzle|[of] p1a: Pelipper
|move|p2a: Walkie-talkie|Dragon Pulse|p1a: Pelipper
|-damage|p1a: Pelipper|0 fnt
|faint|p1a: Pelipper
|
|-weather|RainDance|[upkeep]
|upkeep
|
|t:|1760874279
|switch|p1a: Kingdra|Kingdra, F, shiny, tera:Stellar|55/100
|turn|11
|
|t:|1760874284
|move|p1a: Kingdra|Draco Meteor|p2a: Walkie-talkie
|-supereffective|p2a: Walkie-talkie
|-damage|p2a: Walkie-talkie|0 fnt
|-unboost|p1a: Kingdra|spa|2
|faint|p2a: Walkie-talkie
|-end|p2a: Walkie-talkie|Protosynthesis|[silent]
|-damage|p1a: Kingdra|45/100|[from] item: Life Orb
|
|-weather|RainDance|[upkeep]
|upkeep
|
|t:|1760874291
|switch|p2a: Marik0na|Iron Moth|100/100
|-item|p2a: Marik0na|Air Balloon
|turn|12
|
|t:|1760874300
|move|p1a: Kingdra|Wave Crash|p2a: Marik0na
|-supereffective|p2a: Marik0na
|-damage|p2a: Marik0na|0 fnt
|-enditem|p2a: Marik0na|Air Balloon
|faint|p2a: Marik0na
|-end|p2a: Marik0na|Quark Drive|[silent]
|-damage|p1a: Kingdra|11/100|[from] Recoil
|-damage|p1a: Kingdra|1/100|[from] item: Life Orb
|
|win|MarioPB2005
|l|☆MarioPB2005
|player|p1|
|l|☆mba142
|player|p2|
|j| fate of 2 worlds
|l| fate of 2 worlds
