|j|☆CatLegend800
|j|☆rishi_patel10
|t:|1760737595
|gametype|singles
|player|p1|CatLegend800|170|1055
|player|p2|rishi_patel10|sage|1068
|gen|9
|tier|[Gen 9] OU
|rated|
|rule|HP Percentage Mod: HP is shown in percentages
|rule|Endless Battle Clause: Forcing endless battles is banned
|rule|Species Clause: Limit one of each Pokémon
|rule|OHKO Clause: OHKO moves are banned
|rule|Evasion Items Clause: Evasion items are banned
|rule|Evasion Moves Clause: Evasion moves are banned
|rule|Evasion Abilities Clause: Evasion abilities are banned
|rule|Sleep Moves Clause: Sleep-inducing moves are banned
|clearpoke
|poke|p1|Greninja-*, F|
|poke|p1|Talonflame, F|
|poke|p1|Chesnaught, F|
|poke|p1|Delphox, F|
|poke|p1|Goodra, F|
|poke|p1|Hawlucha, F|
|poke|p2|Garganacl, F|
|poke|p2|Alomomola, L99, M|
|poke|p2|Forretress, F|
|poke|p2|Dondozo, M|
|poke|p2|Slowking-Galar, M|
|poke|p2|Rotom-Fan|
|teampreview
|inactive|Battle timer is ON: inactive players will automatically lose when time's up. (requested by CatLegend800)
|
|t:|1760737605
|teamsize|p1|6
|teamsize|p2|6
|start
|switch|p1a: Greninja|Greninja, F|100/100
|switch|p2a: Rotom|Rotom-Fan|100/100
|turn|1
|
|t:|1760737613
|move|p1a: Greninja|Ice Beam|p2a: Rotom
|-start|p1a: Greninja|typechange|Ice|[from] ability: Protean
|-supereffective|p2a: Rotom
|-damage|p2a: Rotom|45/100
|move|p2a: Rotom|Volt Switch|p1a: Greninja
|-damage|p1a: Greninja|63/100
|
|t:|1760737636
|switch|p2a: Garganacl|Garganacl, F|100/100|[from] Volt Switch
|
|upkeep
|turn|2
|
|t:|1760737656
|switch|p1a: Chesnaught|Chesnaught, F|100/100
|-terastallize|p2a: Garganacl|Ghost
|move|p2a: Garganacl|Salt Cure|p1a: Chesnaught
|-resisted|p1a: Chesnaught
|-damage|p1a: Chesnaught|97/100
|-start|p1a: Chesnaught|Salt Cure
|
|-heal|p1a: Chesnaught|100/100|[from] item: Leftovers
|-damage|p1a: Chesnaught|88/100|[from] Salt Cure
|upkeep
|turn|3
|
|t:|1760737672
|switch|p1a: Hawlucha|Hawlucha, F|100/100
|move|p2a: Garganacl|Substitute|p2a: Garganacl
|-start|p2a: Garganacl|Substitute
|-damage|p2a: Garganacl|75/100
|
|-heal|p2a: Garganacl|82/100|[from] item: Leftovers
|upkeep
|turn|4
|
|t:|1760737682
|move|p1a: Hawlucha|Swords Dance|p1a: Hawlucha
|-boost|p1a: Hawlucha|atk|2
|move|p2a: Garganacl|Salt Cure|p1a: Hawlucha
|-damage|p1a: Hawlucha|81/100
|-start|p1a: Hawlucha|Salt Cure
|
|-heal|p2a: Garganacl|88/100|[from] item: Leftovers
|-damage|p1a: Hawlucha|69/100|[from] Salt Cure
|upkeep
|turn|5
|
|t:|1760737706
|switch|p1a: Goodra|Goodra, F|100/100
|move|p2a: Garganacl|Recover|p2a: Garganacl
|-heal|p2a: Garganacl|100/100
|
|upkeep
|turn|6
|
|t:|1760737716
|move|p1a: Goodra|Knock Off|p2a: Garganacl
|-supereffective|p2a: Garganacl
|-end|p2a: Garganacl|Substitute
|move|p2a: Garganacl|Salt Cure|p1a: Goodra
|-damage|p1a: Goodra|80/100
|-start|p1a: Goodra|Salt Cure
|
|-damage|p1a: Goodra|68/100|[from] Salt Cure
|upkeep
|turn|7
|
|t:|1760737727
|move|p2a: Garganacl|Protect|p2a: Garganacl
|-singleturn|p2a: Garganacl|Protect
|move|p1a: Goodra|Knock Off|p2a: Garganacl
|-activate|p2a: Garganacl|move: Protect
|
|-damage|p1a: Goodra|56/100|[from] Salt Cure
|upkeep
|turn|8
|
|t:|1760737737
|switch|p2a: Alomomola|Alomomola, L99, M|100/100
|move|p1a: Goodra|Knock Off|p2a: Alomomola
|-damage|p2a: Alomomola|85/100
|-enditem|p2a: Alomomola|Heavy-Duty Boots|[from] move: Knock Off|[of] p1a: Goodra
|
|-damage|p1a: Goodra|43/100|[from] Salt Cure
|upkeep
|turn|9
|
|t:|1760737746
|switch|p1a: Chesnaught|Chesnaught, F|88/100
|move|p2a: Alomomola|Wish|p2a: Alomomola
|
|-heal|p1a: Chesnaught|94/100|[from] item: Leftovers
|upkeep
|turn|10
|
|t:|1760737753
|switch|p2a: Rotom|Rotom-Fan|45/100
|move|p1a: Chesnaught|Spikes|p2a: Rotom
|-sidestart|p2: rishi_patel10|Spikes
|
|-heal|p2a: Rotom|100/100|[from] move: Wish|[wisher] Alomomola
|-heal|p1a: Chesnaught|99/100|[from] item: Leftovers
|upkeep
|turn|11
|
|t:|1760737766
|switch|p2a: Slowking|Slowking-Galar, M|100/100
|move|p1a: Chesnaught|Spiky Shield||[still]
|-fail|p1a: Chesnaught
|
|-heal|p1a: Chesnaught|100/100|[from] item: Leftovers
|upkeep
|turn|12
|
|t:|1760737772
|move|p1a: Chesnaught|Spikes|p2a: Slowking
|-sidestart|p2: rishi_patel10|Spikes
|move|p2a: Slowking|Toxic|p1a: Chesnaught
|-status|p1a: Chesnaught|tox
|
|-damage|p1a: Chesnaught|94/100 tox|[from] psn
|upkeep
|turn|13
|
|t:|1760737779
|move|p1a: Chesnaught|Spikes|p2a: Slowking
|-sidestart|p2: rishi_patel10|Spikes
|move|p2a: Slowking|Thunder Wave||[still]
|-fail|p2a: Slowking
|
|-heal|p1a: Chesnaught|100/100 tox|[from] item: Leftovers
|-damage|p1a: Chesnaught|88/100 tox|[from] psn
|upkeep
|turn|14
|
|t:|1760737791
|switch|p1a: Goodra|Goodra, F|43/100
|-prepare|p2a: Slowking|Chilly Reception|[premajor]
|move|p2a: Slowking|Chilly Reception|p2a: Slowking
|-weather|Snowscape
|
|t:|1760737798
|switch|p2a: Forretress|Forretress, F|100/100|[from] Chilly Reception
|
|-weather|Snowscape|[upkeep]
|upkeep
|turn|15
|
|t:|1760737804
|move|p1a: Goodra|Knock Off|p2a: Forretress
|-damage|p2a: Forretress|87/100
|-enditem|p2a: Forretress|Heavy-Duty Boots|[from] move: Knock Off|[of] p1a: Goodra
|move|p2a: Forretress|Rapid Spin|p1a: Goodra
|-damage|p1a: Goodra|30/100
|-boost|p2a: Forretress|spe|1
|-sideend|p2: rishi_patel10|Spikes|[from] move: Rapid Spin|[of] p2a: Forretress
|
|-weather|Snowscape|[upkeep]
|upkeep
|turn|16
|
|t:|1760737816
|move|p1a: Goodra|Earthquake|p2a: Forretress
|-damage|p2a: Forretress|73/100
|move|p2a: Forretress|Spikes|p1a: Goodra
|-sidestart|p1: CatLegend800|Spikes
|
|-weather|Snowscape|[upkeep]
|upkeep
|turn|17
|
|t:|1760737823
|switch|p1a: Delphox|Delphox, F|100/100
|-damage|p1a: Delphox|88/100|[from] Spikes
|move|p2a: Forretress|Spikes|p1a: Delphox
|-sidestart|p1: CatLegend800|Spikes
|
|-weather|Snowscape|[upkeep]
|upkeep
|turn|18
|
|t:|1760737829
|switch|p2a: Garganacl|Garganacl, F, tera:Ghost|100/100
|move|p1a: Delphox|Flamethrower|p2a: Garganacl
|-damage|p2a: Garganacl|72/100
|
|-weather|none
|-heal|p2a: Garganacl|78/100|[from] item: Leftovers
|upkeep
|turn|19
|
|t:|1760737847
|switch|p1a: Greninja|Greninja, F|63/100
|-damage|p1a: Greninja|47/100|[from] Spikes
|move|p2a: Garganacl|Salt Cure|p1a: Greninja
|-damage|p1a: Greninja|25/100
|-start|p1a: Greninja|Salt Cure
|
|-heal|p2a: Garganacl|84/100|[from] item: Leftovers
|-damage|p1a: Greninja|0 fnt|[from] Salt Cure
|faint|p1a: Greninja
|upkeep
|
|t:|1760737862
|switch|p1a: Talonflame|Talonflame, F|100/100
|turn|20
|
|t:|1760737867
|move|p1a: Talonflame|Will-O-Wisp|p2a: Garganacl
|-immune|p2a: Garganacl|[from] ability: Purifying Salt
|move|p2a: Garganacl|Salt Cure|p1a: Talonflame
|-supereffective|p1a: Talonflame
|-damage|p1a: Talonflame|27/100
|-start|p1a: Talonflame|Salt Cure
|
|-heal|p2a: Garganacl|91/100|[from] item: Leftovers
|-damage|p1a: Talonflame|15/100|[from] Salt Cure
|upkeep
|turn|21
|
|t:|1760737876
|switch|p1a: Goodra|Goodra, F|30/100
|-damage|p1a: Goodra|14/100|[from] Spikes
|move|p2a: Garganacl|Substitute|p2a: Garganacl
|-start|p2a: Garganacl|Substitute
|-damage|p2a: Garganacl|66/100
|
|-heal|p2a: Garganacl|72/100|[from] item: Leftovers
|upkeep
|turn|22
|
|t:|1760737884
|move|p1a: Goodra|Knock Off|p2a: Garganacl
|-supereffective|p2a: Garganacl
|-end|p2a: Garganacl|Substitute
|move|p2a: Garganacl|Salt Cure|p1a: Goodra
|-damage|p1a: Goodra|0 fnt
|faint|p1a: Goodra
|
|-heal|p2a: Garganacl|78/100|[from] item: Leftovers
|upkeep
|
|t:|1760737894
|switch|p1a: Talonflame|Talonflame, F|15/100
|turn|23
|
|t:|1760737902
|move|p1a: Talonflame|Brave Bird|p2a: Garganacl
|-damage|p2a: Garganacl|56/100
|-damage|p1a: Talonflame|6/100|[from] Recoil
|move|p2a: Garganacl|Salt Cure|p1a: Talonflame
|-supereffective|p1a: Talonflame
|-damage|p1a: Talonflame|0 fnt
|faint|p1a: Talonflame
|
|-heal|p2a: Garganacl|62/100|[from] item: Leftovers
|upkeep
|
|t:|1760737911
|switch|p1a: Delphox|Delphox, F|88/100
|-damage|p1a: Delphox|72/100|[from] Spikes
|turn|24
|
|t:|1760737914
|move|p1a: Delphox|Grass Knot|p2a: Garganacl
|-damage|p2a: Garganacl|37/100
|move|p2a: Garganacl|Salt Cure|p1a: Delphox
|-supereffective|p1a: Delphox
|-damage|p1a: Delphox|28/100
|-start|p1a: Delphox|Salt Cure
|
|-heal|p2a: Garganacl|43/100|[from] item: Leftovers
|-damage|p1a: Delphox|15/100|[from] Salt Cure
|upkeep
|turn|25
|
|t:|1760737925
|move|p1a: Delphox|Flamethrower|p2a: Garganacl
|-damage|p2a: Garganacl|4/100
|move|p2a: Garganacl|Recover|p2a: Garganacl
|-heal|p2a: Garganacl|54/100
|
|-heal|p2a: Garganacl|60/100|[from] item: Leftovers
|-damage|p1a: Delphox|3/100|[from] Salt Cure
|upkeep
|turn|26
|
|t:|1760737933
|move|p2a: Garganacl|Protect|p2a: Garganacl
|-singleturn|p2a: Garganacl|Protect
|move|p1a: Delphox|Flamethrower|p2a: Garganacl
|-activate|p2a: Garganacl|move: Protect
|
|-heal|p2a: Garganacl|66/100|[from] item: Leftovers
|-damage|p1a: Delphox|0 fnt|[from] Salt Cure
|faint|p1a: Delphox
|upkeep
|
|t:|1760737941
|switch|p1a: Chesnaught|Chesnaught, F|88/100 tox
|-damage|p1a: Chesnaught|72/100 tox|[from] Spikes
|turn|27
|
|t:|1760737946
|move|p1a: Chesnaught|Rock Slide|p2a: Garganacl
|-damage|p2a: Garganacl|52/100
|move|p2a: Garganacl|Salt Cure|p1a: Chesnaught
|-resisted|p1a: Chesnaught
|-damage|p1a: Chesnaught|68/100 tox
|-start|p1a: Chesnaught|Salt Cure
|
|-heal|p1a: Chesnaught|74/100 tox|[from] item: Leftovers
|-heal|p2a: Garganacl|59/100|[from] item: Leftovers
|-damage|p1a: Chesnaught|68/100 tox|[from] psn
|-damage|p1a: Chesnaught|55/100 tox|[from] Salt Cure
|upkeep
|turn|28
|
|t:|1760737962
|move|p1a: Chesnaught|Rock Slide|p2a: Garganacl
|-damage|p2a: Garganacl|46/100
|move|p2a: Garganacl|Recover|p2a: Garganacl
|-heal|p2a: Garganacl|96/100
|
|-heal|p1a: Chesnaught|62/100 tox|[from] item: Leftovers
|-heal|p2a: Garganacl|100/100|[from] item: Leftovers
|-damage|p1a: Chesnaught|49/100 tox|[from] psn
|-damage|p1a: Chesnaught|37/100 tox|[from] Salt Cure
|upkeep
|turn|29
|
|t:|1760737971
|move|p1a: Chesnaught|Rock Slide|p2a: Garganacl
|-damage|p2a: Garganacl|87/100
|cant|p2a: Garganacl|flinch
|
|-heal|p1a: Chesnaught|43/100 tox|[from] item: Leftovers
|-heal|p2a: Garganacl|94/100|[from] item: Leftovers
|-damage|p1a: Chesnaught|25/100 tox|[from] psn
|-damage|p1a: Chesnaught|13/100 tox|[from] Salt Cure
|upkeep
|turn|30
|
|t:|1760737980
|move|p1a: Chesnaught|Rock Slide|p2a: Garganacl
|-damage|p2a: Garganacl|82/100
|move|p2a: Garganacl|Substitute|p2a: Garganacl
|-start|p2a: Garganacl|Substitute
|-damage|p2a: Garganacl|57/100
|
|-heal|p1a: Chesnaught|19/100 tox|[from] item: Leftovers
|-heal|p2a: Garganacl|63/100|[from] item: Leftovers
|-damage|p1a: Chesnaught|0 fnt|[from] psn
|faint|p1a: Chesnaught
|upkeep
|
|t:|1760737989
|switch|p1a: Hawlucha|Hawlucha, F|69/100
|turn|31
|
|t:|1760737993
|move|p1a: Hawlucha|Swords Dance|p1a: Hawlucha
|-boost|p1a: Hawlucha|atk|2
|move|p2a: Garganacl|Salt Cure|p1a: Hawlucha
|-damage|p1a: Hawlucha|50/100
|-start|p1a: Hawlucha|Salt Cure
|
|-heal|p2a: Garganacl|69/100|[from] item: Leftovers
|-damage|p1a: Hawlucha|38/100|[from] Salt Cure
|upkeep
|turn|32
|
|t:|1760738003
|move|p1a: Hawlucha|Acrobatics|p2a: Garganacl
|-end|p2a: Garganacl|Substitute
|move|p2a: Garganacl|Substitute|p2a: Garganacl
|-start|p2a: Garganacl|Substitute
|-damage|p2a: Garganacl|44/100
|
|-heal|p2a: Garganacl|50/100|[from] item: Leftovers
|-damage|p1a: Hawlucha|25/100|[from] Salt Cure
|upkeep
|turn|33
|
|t:|1760738011
|move|p1a: Hawlucha|Acrobatics|p2a: Garganacl
|-end|p2a: Garganacl|Substitute
|move|p2a: Garganacl|Substitute|p2a: Garganacl
|-start|p2a: Garganacl|Substitute
|-damage|p2a: Garganacl|25/100
|
|-heal|p2a: Garganacl|32/100|[from] item: Leftovers
|-damage|p1a: Hawlucha|13/100|[from] Salt Cure
|upkeep
|turn|34
|c|☆CatLegend800|ok seriously though
|c|☆CatLegend800|how the hell am I supposed to counter this?
|
|t:|1760738028
|move|p2a: Garganacl|Protect|p2a: Garganacl
|-singleturn|p2a: Garganacl|Protect
|move|p1a: Hawlucha|Acrobatics|p2a: Garganacl
|-activate|p2a: Garganacl|move: Protect
|
|-heal|p2a: Garganacl|38/100|[from] item: Leftovers
|-damage|p1a: Hawlucha|0 fnt|[from] Salt Cure
|faint|p1a: Hawlucha
|
|win|rishi_patel10
|raw|CatLegend800's rating: 1055 &rarr; <strong>1037</strong><br />(-18 for losing)
|raw|rishi_patel10's rating: 1068 &rarr; <strong>1097</strong><br />(+29 for winning)
|c|☆rishi_patel10|Idk
|c|☆CatLegend800|ggs...
|l|☆rishi_patel10
|player|p2|
