|j|☆poketrep
|j|☆pikachu soup
|t:|1760726688
|gametype|singles
|player|p1|poketrep|swimmerf|1624
|player|p2|pikachu soup|170|1685
|gen|9
|tier|[Gen 9] OU
|rated|
|rule|HP Percentage Mod: HP is shown in percentages
|rule|Endless Battle Clause: Forcing endless battles is banned
|rule|Species Clause: Limit one of each Pokémon
|rule|OHKO Clause: OHKO moves are banned
|rule|Evasion Items Clause: Evasion items are banned
|rule|Evasion Moves Clause: Evasion moves are banned
|rule|Evasion Abilities Clause: Evasion abilities are banned
|rule|Sleep Moves Clause: Sleep-inducing moves are banned
|clearpoke
|poke|p1|Heatran, M|
|poke|p1|Mandibuzz, F|
|poke|p1|Iron Moth|
|poke|p1|Latios, M|
|poke|p1|Conkeldurr, M|
|poke|p1|Garchomp, M|
|poke|p2|Scizor, M|
|poke|p2|Gliscor, M|
|poke|p2|Sinistcha|
|poke|p2|Great Tusk|
|poke|p2|Tornadus-Therian, M|
|poke|p2|Kingambit, F|
|teampreview
|
|t:|1760726696
|teamsize|p1|6
|teamsize|p2|6
|start
|switch|p1a: Cronk|Conkeldurr, M|100/100
|switch|p2a: Gliscor|Gliscor, M|100/100
|turn|1
|inactive|Battle timer is ON: inactive players will automatically lose when time's up. (requested by pikachu soup)
|
|t:|1760726702
|move|p2a: Gliscor|Spikes|p1a: Cronk
|-sidestart|p1: poketrep|Spikes
|move|p1a: Cronk|Knock Off|p2a: Gliscor
|-damage|p2a: Gliscor|79/100
|-enditem|p2a: Gliscor|Toxic Orb|[from] move: Knock Off|[of] p1a: Cronk
|
|upkeep
|turn|2
|
|t:|1760726705
|move|p2a: Gliscor|Spikes|p1a: Cronk
|-sidestart|p1: poketrep|Spikes
|move|p1a: Cronk|Ice Punch|p2a: Gliscor
|-supereffective|p2a: Gliscor
|-damage|p2a: Gliscor|11/100
|
|upkeep
|turn|3
|
|t:|1760726708
|move|p2a: Gliscor|Spikes|p1a: Cronk
|-sidestart|p1: poketrep|Spikes
|move|p1a: Cronk|Drain Punch|p2a: Gliscor
|-resisted|p2a: Gliscor
|-damage|p2a: Gliscor|0 fnt
|faint|p2a: Gliscor
|
|upkeep
|
|t:|1760726714
|switch|p2a: Tornadus|Tornadus-Therian, M|100/100
|turn|4
|inactive|poketrep has 120 seconds left.
|
|t:|1760726745
|move|p2a: Tornadus|Bleakwind Storm|p1a: Cronk
|-supereffective|p1a: Cronk
|-damage|p1a: Cronk|39/100
|move|p1a: Cronk|Ice Punch|p2a: Tornadus
|-supereffective|p2a: Tornadus
|-damage|p2a: Tornadus|34/100
|
|upkeep
|turn|5
|
|t:|1760726753
|switch|p1a: Mandby|Mandibuzz, F|100/100
|move|p2a: Tornadus|Bleakwind Storm|p1a: Mandby
|-damage|p1a: Mandby|71/100
|
|upkeep
|turn|6
|
|t:|1760726758
|move|p2a: Tornadus|U-turn|p1a: Mandby
|-damage|p1a: Mandby|63/100
|
|t:|1760726762
|switch|p2a: Scizor|Scizor, M|100/100|[from] U-turn
|move|p1a: Mandby|Defog|p2a: Scizor
|-unboost|p2a: Scizor|evasion|1
|-sideend|p1: poketrep|Spikes|[from] move: Defog|[of] p1a: Mandby
|
|upkeep
|turn|7
|
|t:|1760726766
|move|p1a: Mandby|Foul Play|p2a: Scizor
|-damage|p2a: Scizor|50/100
|move|p2a: Scizor|U-turn|p1a: Mandby
|-damage|p1a: Mandby|26/100
|-message|pikachu soup forfeited.
|
|win|poketrep
|raw|poketrep's rating: 1624 &rarr; <strong>1647</strong><br />(+23 for winning)
|raw|pikachu soup's rating: 1685 &rarr; <strong>1662</strong><br />(-23 for losing)
|l|☆pikachu soup
|player|p2|
|l|☆poketrep
|player|p1|
