|j|☆vallic
|j|☆MrLegilimens
|t:|1760787363
|gametype|singles
|player|p1|vallic|102|1361
|player|p2|MrLegilimens|1|1379
|gen|9
|tier|[Gen 9] OU
|rated|
|rule|HP Percentage Mod: HP is shown in percentages
|rule|Endless Battle Clause: Forcing endless battles is banned
|rule|Species Clause: Limit one of each Pokémon
|rule|OHKO Clause: OHKO moves are banned
|rule|Evasion Items Clause: Evasion items are banned
|rule|Evasion Moves Clause: Evasion moves are banned
|rule|Evasion Abilities Clause: Evasion abilities are banned
|rule|Sleep Moves Clause: Sleep-inducing moves are banned
|clearpoke
|poke|p1|Carbink, L1|
|poke|p1|Braviary-Hisui, M|
|poke|p1|Ursaluna, M|
|poke|p1|Kingambit, F|
|poke|p1|Iron Hands|
|poke|p1|Hatterene, F|
|poke|p2|Hoopa-Unbound|
|poke|p2|Hydrapple, F|
|poke|p2|Gliscor, F|
|poke|p2|Cinderace, F|
|poke|p2|Alomomola, M|
|poke|p2|Gholdengo|
|teampreview
|inactive|Battle timer is ON: inactive players will automatically lose when time's up. (requested by MrLegilimens)
|
|t:|1760787369
|teamsize|p1|6
|teamsize|p2|6
|start
|switch|p1a: Carbink|Carbink, L1, shiny|100/100
|switch|p2a: Hoopa|Hoopa-Unbound|100/100
|turn|1
|
|t:|1760787385
|switch|p2a: Cinderace|Cinderace, F|100/100
|move|p1a: Carbink|Trick Room|p1a: Carbink
|-fieldstart|move: Trick Room|[of] p1a: Carbink
|
|-damage|p1a: Carbink|92/100|[from] item: Black Sludge
|upkeep
|turn|2
|
|t:|1760787400
|move|p1a: Carbink|Stealth Rock|p2a: Cinderace
|-sidestart|p2: MrLegilimens|move: Stealth Rock
|move|p2a: Cinderace|Will-O-Wisp|p1a: Carbink
|-status|p1a: Carbink|brn
|
|-damage|p1a: Carbink|84/100 brn|[from] item: Black Sludge
|-damage|p1a: Carbink|75/100 brn|[from] brn
|upkeep
|turn|3
|
|t:|1760787404
|move|p1a: Carbink|Spikes|p2a: Cinderace
|-sidestart|p2: MrLegilimens|Spikes
|move|p2a: Cinderace|Court Change|p2a: Cinderace
|-swapsideconditions
|-activate|p2a: Cinderace|move: Court Change
|
|-damage|p1a: Carbink|67/100 brn|[from] item: Black Sludge
|-damage|p1a: Carbink|59/100 brn|[from] brn
|upkeep
|turn|4
|
|t:|1760787410
|move|p1a: Carbink|Endeavor|p2a: Cinderace
|-damage|p2a: Cinderace|2/100
|move|p2a: Cinderace|Pyro Ball|p1a: Carbink
|-resisted|p1a: Carbink
|-damage|p1a: Carbink|0 fnt
|faint|p1a: Carbink
|
|upkeep
|
|t:|1760787416
|switch|p1a: Ursaluna|Ursaluna, M|100/100
|-damage|p1a: Ursaluna|94/100|[from] Stealth Rock
|-damage|p1a: Ursaluna|82/100|[from] Spikes
|turn|5
|
|t:|1760787424
|switch|p2a: Hydrapple|Hydrapple, F, shiny|100/100
|move|p1a: Ursaluna|Crunch|p2a: Hydrapple
|-damage|p2a: Hydrapple|80/100
|-damage|p1a: Ursaluna|66/100|[from] item: Rocky Helmet|[of] p2a: Hydrapple
|
|-fieldend|move: Trick Room
|-status|p1a: Ursaluna|brn|[from] item: Flame Orb
|upkeep
|turn|6
|
|t:|1760787433
|-terastallize|p1a: Ursaluna|Normal
|move|p2a: Hydrapple|Giga Drain|p1a: Ursaluna
|-damage|p1a: Ursaluna|34/100 brn
|-heal|p2a: Hydrapple|98/100|[from] drain|[of] p1a: Ursaluna
|move|p1a: Ursaluna|Facade|p2a: Hydrapple
|-damage|p2a: Hydrapple|0 fnt
|-damage|p1a: Ursaluna|17/100 brn|[from] item: Rocky Helmet|[of] p2a: Hydrapple
|faint|p2a: Hydrapple
|
|-damage|p1a: Ursaluna|11/100 brn|[from] brn
|upkeep
|
|t:|1760787456
|switch|p2a: Cinderace|Cinderace, F|2/100
|turn|7
|
|t:|1760787459
|move|p2a: Cinderace|Pyro Ball|p1a: Ursaluna
|-damage|p1a: Ursaluna|0 fnt
|faint|p1a: Ursaluna
|
|upkeep
|
|t:|1760787462
|switch|p1a: Braviary|Braviary-Hisui, M, shiny|100/100
|-damage|p1a: Braviary|76/100|[from] Stealth Rock
|turn|8
|
|t:|1760787466
|move|p1a: Braviary|Vacuum Wave|p2a: Cinderace
|-damage|p2a: Cinderace|0 fnt
|faint|p2a: Cinderace
|-damage|p1a: Braviary|66/100|[from] item: Life Orb
|
|upkeep
|
|t:|1760787472
|switch|p2a: Hoopa|Hoopa-Unbound|100/100
|turn|9
|
|t:|1760787478
|switch|p1a: Iron Hands|Iron Hands|100/100
|-damage|p1a: Iron Hands|94/100|[from] Stealth Rock
|-damage|p1a: Iron Hands|82/100|[from] Spikes
|-enditem|p1a: Iron Hands|Booster Energy
|-activate|p1a: Iron Hands|ability: Quark Drive|[fromitem]
|-start|p1a: Iron Hands|quarkdriveatk
|move|p2a: Hoopa|Knock Off|p1a: Iron Hands
|-resisted|p1a: Iron Hands
|-damage|p1a: Iron Hands|68/100
|
|upkeep
|turn|10
|
|t:|1760787487
|switch|p2a: Gliscor|Gliscor, F|100/100
|move|p1a: Iron Hands|Ice Punch|p2a: Gliscor
|-supereffective|p2a: Gliscor
|-damage|p2a: Gliscor|0 fnt
|faint|p2a: Gliscor
|
|upkeep
|
|t:|1760787493
|switch|p2a: Gholdengo|Gholdengo|100/100
|-item|p2a: Gholdengo|Air Balloon
|turn|11
|
|t:|1760787497
|move|p2a: Gholdengo|Hex|p1a: Iron Hands
|-damage|p1a: Iron Hands|46/100
|move|p1a: Iron Hands|Thunder Punch|p2a: Gholdengo
|-damage|p2a: Gholdengo|60/100
|-enditem|p2a: Gholdengo|Air Balloon
|
|upkeep
|turn|12
|
|t:|1760787508
|move|p2a: Gholdengo|Recover|p2a: Gholdengo
|-heal|p2a: Gholdengo|100/100
|move|p1a: Iron Hands|Thunder Punch|p2a: Gholdengo
|-damage|p2a: Gholdengo|59/100
|
|upkeep
|turn|13
|
|t:|1760787512
|move|p2a: Gholdengo|Hex|p1a: Iron Hands
|-damage|p1a: Iron Hands|25/100
|move|p1a: Iron Hands|Swords Dance|p1a: Iron Hands
|-boost|p1a: Iron Hands|atk|2
|
|upkeep
|turn|14
|
|t:|1760787519
|move|p2a: Gholdengo|Hex|p1a: Iron Hands
|-damage|p1a: Iron Hands|4/100
|move|p1a: Iron Hands|Thunder Punch|p2a: Gholdengo
|-damage|p2a: Gholdengo|0 fnt
|faint|p2a: Gholdengo
|
|upkeep
|
|t:|1760787523
|switch|p2a: Hoopa|Hoopa-Unbound|100/100
|turn|15
|
|t:|1760787528
|move|p2a: Hoopa|Knock Off|p1a: Iron Hands
|-resisted|p1a: Iron Hands
|-damage|p1a: Iron Hands|0 fnt
|faint|p1a: Iron Hands
|-end|p1a: Iron Hands|Quark Drive|[silent]
|
|upkeep
|
|t:|1760787532
|switch|p1a: Kingambit|Kingambit, F|100/100
|-damage|p1a: Kingambit|94/100|[from] Stealth Rock
|-damage|p1a: Kingambit|82/100|[from] Spikes
|-activate|p1a: Kingambit|ability: Supreme Overlord
|-start|p1a: Kingambit|fallen3|[silent]
|turn|16
|
|t:|1760787537
|-terastallize|p2a: Hoopa|Poison
|move|p2a: Hoopa|Knock Off|p1a: Kingambit
|-resisted|p1a: Kingambit
|-damage|p1a: Kingambit|60/100
|-enditem|p1a: Kingambit|Dread Plate|[from] move: Knock Off|[of] p2a: Hoopa
|move|p1a: Kingambit|Kowtow Cleave|p2a: Hoopa
|-damage|p2a: Hoopa|0 fnt
|faint|p2a: Hoopa
|
|upkeep
|-message|MrLegilimens forfeited.
|
|win|vallic
|raw|vallic's rating: 1361 &rarr; <strong>1382</strong><br />(+21 for winning)
|raw|MrLegilimens's rating: 1379 &rarr; <strong>1358</strong><br />(-21 for losing)
|l|☆MrLegilimens
|player|p2|
|l|☆vallic
|player|p1|
