|j|☆espermadomal
|j|☆drew8876
|t:|1760762972
|gametype|singles
|player|p1|espermadomal|schoolkid-gen4|1091
|player|p2|drew8876|nate|1049
|gen|9
|tier|[Gen 9] OU
|rated|
|rule|HP Percentage Mod: HP is shown in percentages
|rule|Endless Battle Clause: Forcing endless battles is banned
|rule|Species Clause: Limit one of each Pokémon
|rule|OHKO Clause: OHKO moves are banned
|rule|Evasion Items Clause: Evasion items are banned
|rule|Evasion Moves Clause: Evasion moves are banned
|rule|Evasion Abilities Clause: Evasion abilities are banned
|rule|Sleep Moves Clause: Sleep-inducing moves are banned
|clearpoke
|poke|p1|Ditto|
|poke|p1|Deoxys-Speed|
|poke|p1|Ceruledge, F|
|poke|p1|Zapdos|
|poke|p1|Meowscarada, F|
|poke|p1|Primarina, F|
|poke|p2|Ceruledge, F|
|poke|p2|Deoxys-Speed|
|poke|p2|Dragonite, F|
|poke|p2|Garganacl, F|
|poke|p2|Scizor, M|
|poke|p2|Iron Valiant|
|teampreview
|inactive|Battle timer is ON: inactive players will automatically lose when time's up. (requested by espermadomal)
|
|t:|1760762989
|teamsize|p1|6
|teamsize|p2|6
|start
|switch|p1a: Ditto|Ditto|100/100
|switch|p2a: Garganacl|Garganacl, F|100/100
|-transform|p1a: Ditto|p2a: Garganacl|[from] ability: Imposter
|turn|1
|
|t:|1760763002
|move|p2a: Garganacl|Stealth Rock|p1a: Ditto
|-sidestart|p1: espermadomal|move: Stealth Rock
|move|p1a: Ditto|Salt Cure|p2a: Garganacl
|-damage|p2a: Garganacl|93/100
|-start|p2a: Garganacl|Salt Cure
|
|-damage|p2a: Garganacl|81/100|[from] Salt Cure
|upkeep
|turn|2
|
|t:|1760763014
|move|p1a: Ditto|Earthquake|p2a: Garganacl
|-supereffective|p2a: Garganacl
|-damage|p2a: Garganacl|58/100
|move|p2a: Garganacl|Earthquake|p1a: Ditto
|-supereffective|p1a: Ditto
|-damage|p1a: Ditto|70/100
|
|-heal|p1a: Ditto|76/100|[from] item: Leftovers
|-damage|p2a: Garganacl|46/100|[from] Salt Cure
|upkeep
|turn|3
|
|t:|1760763029
|switch|p2a: Iron Valiant|Iron Valiant|100/100
|-enditem|p2a: Iron Valiant|Booster Energy
|-activate|p2a: Iron Valiant|ability: Quark Drive|[fromitem]
|-start|p2a: Iron Valiant|quarkdrivespe
|move|p1a: Ditto|Earthquake|p2a: Iron Valiant
|-damage|p2a: Iron Valiant|71/100
|
|-heal|p1a: Ditto|82/100|[from] item: Leftovers
|upkeep
|turn|4
|
|t:|1760763042
|switch|p1a: Ceruledge|Ceruledge, F, shiny|100/100
|-damage|p1a: Ceruledge|76/100|[from] Stealth Rock
|-item|p1a: Ceruledge|Air Balloon
|move|p2a: Iron Valiant|Leaf Blade|p1a: Ceruledge
|-resisted|p1a: Ceruledge
|-damage|p1a: Ceruledge|50/100
|-enditem|p1a: Ceruledge|Air Balloon
|
|upkeep
|turn|5
|
|t:|1760763055
|move|p2a: Iron Valiant|Spirit Break|p1a: Ceruledge
|-resisted|p1a: Ceruledge
|-crit|p1a: Ceruledge
|-damage|p1a: Ceruledge|4/100
|-unboost|p1a: Ceruledge|spa|1
|move|p1a: Ceruledge|Bitter Blade|p2a: Iron Valiant
|-damage|p2a: Iron Valiant|13/100
|-heal|p1a: Ceruledge|33/100|[from] drain|[of] p2a: Iron Valiant
|
|upkeep
|turn|6
|
|t:|1760763067
|move|p2a: Iron Valiant|Poison Jab|p1a: Ceruledge
|-resisted|p1a: Ceruledge
|-damage|p1a: Ceruledge|11/100
|-status|p1a: Ceruledge|psn
|move|p1a: Ceruledge|Bitter Blade|p2a: Iron Valiant
|-crit|p2a: Iron Valiant
|-damage|p2a: Iron Valiant|0 fnt
|-heal|p1a: Ceruledge|17/100 psn|[from] drain|[of] p2a: Iron Valiant
|faint|p2a: Iron Valiant
|-end|p2a: Iron Valiant|Quark Drive|[silent]
|
|-damage|p1a: Ceruledge|5/100 psn|[from] psn
|upkeep
|
|t:|1760763089
|switch|p2a: Scizor|Scizor, M|100/100
|turn|7
|
|t:|1760763095
|move|p2a: Scizor|Bullet Punch|p1a: Ceruledge
|-resisted|p1a: Ceruledge
|-damage|p1a: Ceruledge|0 fnt
|faint|p1a: Ceruledge
|
|upkeep
|
|t:|1760763103
|switch|p1a: Zapdos|Zapdos, shiny|100/100
|-damage|p1a: Zapdos|75/100|[from] Stealth Rock
|-ability|p1a: Zapdos|Pressure
|turn|8
|
|t:|1760763114
|move|p1a: Zapdos|Heat Wave|p2a: Scizor|[miss]
|-miss|p1a: Zapdos|p2a: Scizor
|move|p2a: Scizor|Swords Dance|p2a: Scizor
|-boost|p2a: Scizor|atk|2
|
|-heal|p1a: Zapdos|82/100|[from] item: Leftovers
|upkeep
|turn|9
|
|t:|1760763122
|move|p2a: Scizor|Bullet Punch|p1a: Zapdos
|-resisted|p1a: Zapdos
|-damage|p1a: Zapdos|45/100
|move|p1a: Zapdos|Heat Wave|p2a: Scizor
|-supereffective|p2a: Scizor
|-damage|p2a: Scizor|0 fnt
|faint|p2a: Scizor
|
|-heal|p1a: Zapdos|52/100|[from] item: Leftovers
|upkeep
|
|t:|1760763128
|switch|p2a: Ceruledge|Ceruledge, F|100/100
|turn|10
|
|t:|1760763146
|-terastallize|p1a: Zapdos|Water
|move|p2a: Ceruledge|Bitter Blade|p1a: Zapdos
|-resisted|p1a: Zapdos
|-damage|p1a: Zapdos|24/100
|move|p1a: Zapdos|Tera Blast|p2a: Ceruledge|[anim] Tera Blast Water
|-supereffective|p2a: Ceruledge
|-damage|p2a: Ceruledge|0 fnt
|faint|p2a: Ceruledge
|
|-heal|p1a: Zapdos|30/100|[from] item: Leftovers
|upkeep
|
|t:|1760763155
|switch|p2a: Deoxys|Deoxys-Speed|100/100
|-ability|p2a: Deoxys|Pressure
|turn|11
|
|t:|1760763167
|move|p2a: Deoxys|Thunder Punch|p1a: Zapdos
|-supereffective|p1a: Zapdos
|-damage|p1a: Zapdos|0 fnt
|faint|p1a: Zapdos
|
|upkeep
|
|t:|1760763174
|switch|p1a: Ditto|Ditto|82/100
|-damage|p1a: Ditto|70/100|[from] Stealth Rock
|-transform|p1a: Ditto|p2a: Deoxys|[from] ability: Imposter
|-ability|p1a: Ditto|Pressure
|turn|12
|
|t:|1760763189
|move|p2a: Deoxys|Ice Punch|p1a: Ditto
|-damage|p1a: Ditto|43/100
|move|p1a: Ditto|Poison Jab|p2a: Deoxys
|-damage|p2a: Deoxys|64/100
|-status|p2a: Deoxys|psn
|
|-heal|p1a: Ditto|49/100|[from] item: Leftovers
|-damage|p2a: Deoxys|52/100 psn|[from] psn
|upkeep
|turn|13
|
|t:|1760763202
|switch|p1a: Deoxys|Deoxys-Speed, shiny|100/100
|-damage|p1a: Deoxys|88/100|[from] Stealth Rock
|-ability|p1a: Deoxys|Pressure
|move|p2a: Deoxys|Poison Jab|p1a: Deoxys
|-damage|p1a: Deoxys|56/100
|
|-damage|p2a: Deoxys|39/100 psn|[from] psn
|upkeep
|turn|14
|
|t:|1760763215
|move|p2a: Deoxys|Thunder Punch|p1a: Deoxys
|-damage|p1a: Deoxys|23/100
|move|p1a: Deoxys|Knock Off|p2a: Deoxys
|-supereffective|p2a: Deoxys
|-damage|p2a: Deoxys|0 fnt
|-enditem|p2a: Deoxys|Assault Vest|[from] move: Knock Off|[of] p1a: Deoxys
|faint|p2a: Deoxys
|
|upkeep
|
|t:|1760763219
|switch|p2a: Garganacl|Garganacl, F|46/100
|turn|15
|
|t:|1760763227
|move|p1a: Deoxys|Drain Punch|p2a: Garganacl
|-supereffective|p2a: Garganacl
|-damage|p2a: Garganacl|28/100
|-heal|p1a: Deoxys|37/100|[from] drain|[of] p2a: Garganacl
|move|p2a: Garganacl|Earthquake|p1a: Deoxys
|-damage|p1a: Deoxys|3/100
|
|upkeep
|turn|16
|
|t:|1760763238
|move|p1a: Deoxys|Future Sight|p2a: Garganacl
|-start|p1a: Deoxys|move: Future Sight
|move|p2a: Garganacl|Salt Cure|p1a: Deoxys
|-damage|p1a: Deoxys|0 fnt
|faint|p1a: Deoxys
|
|upkeep
|
|t:|1760763245
|switch|p1a: Primarina|Primarina, F, shiny|100/100
|-damage|p1a: Primarina|88/100|[from] Stealth Rock
|turn|17
|
|t:|1760763252
|move|p1a: Primarina|Liquidation|p2a: Garganacl
|-supereffective|p2a: Garganacl
|-damage|p2a: Garganacl|6/100
|-unboost|p2a: Garganacl|def|1
|move|p2a: Garganacl|Salt Cure|p1a: Primarina
|-damage|p1a: Primarina|71/100
|-start|p1a: Primarina|Salt Cure
|
|-damage|p1a: Primarina|46/100|[from] Salt Cure
|upkeep
|turn|18
|
|t:|1760763266
|switch|p2a: Dragonite|Dragonite, F|100/100
|move|p1a: Primarina|Liquidation|p2a: Dragonite
|-resisted|p2a: Dragonite
|-damage|p2a: Dragonite|95/100
|
|-end|p2a: Dragonite|move: Future Sight
|-damage|p2a: Dragonite|63/100
|-heal|p2a: Dragonite|69/100|[from] item: Leftovers
|-damage|p1a: Primarina|21/100|[from] Salt Cure
|upkeep
|turn|19
|
|t:|1760763277
|move|p2a: Dragonite|Thunder Punch|p1a: Primarina
|-supereffective|p1a: Primarina
|-damage|p1a: Primarina|0 fnt
|faint|p1a: Primarina
|
|-heal|p2a: Dragonite|76/100|[from] item: Leftovers
|upkeep
|
|t:|1760763285
|switch|p1a: Meowscarada|Meowscarada, F, shiny|100/100
|-damage|p1a: Meowscarada|88/100|[from] Stealth Rock
|turn|20
|
|t:|1760763292
|move|p1a: Meowscarada|Triple Axel|p2a: Dragonite|[miss]
|-miss|p1a: Meowscarada|p2a: Dragonite
|move|p2a: Dragonite|Fire Punch|p1a: Meowscarada
|-supereffective|p1a: Meowscarada
|-damage|p1a: Meowscarada|21/100
|
|-heal|p2a: Dragonite|82/100|[from] item: Leftovers
|upkeep
|turn|21
|
|t:|1760763301
|move|p1a: Meowscarada|Triple Axel|p2a: Dragonite
|-supereffective|p2a: Dragonite
|-damage|p2a: Dragonite|60/100
|-supereffective|p2a: Dragonite
|-damage|p2a: Dragonite|12/100
|-supereffective|p2a: Dragonite
|-damage|p2a: Dragonite|0 fnt
|faint|p2a: Dragonite
|-hitcount|p2: Dragonite|3
|
|upkeep
|
|t:|1760763309
|switch|p2a: Garganacl|Garganacl, F|6/100
|turn|22
|-activate|p2a: Garganacl|item: Quick Claw
|
|t:|1760763313
|move|p2a: Garganacl|Salt Cure|p1a: Meowscarada
|-damage|p1a: Meowscarada|1/100
|-start|p1a: Meowscarada|Salt Cure
|move|p1a: Meowscarada|Knock Off|p2a: Garganacl
|-damage|p2a: Garganacl|0 fnt
|-enditem|p2a: Garganacl|Quick Claw|[from] move: Knock Off|[of] p1a: Meowscarada
|faint|p2a: Garganacl
|
|win|espermadomal
|raw|espermadomal's rating: 1091 &rarr; <strong>1114</strong><br />(+23 for winning)
|raw|drew8876's rating: 1049 &rarr; <strong>1034</strong><br />(-15 for losing)
|l|☆drew8876
|player|p2|
