|j|☆delete tera
|j|☆OP Earthquakes
|t:|1760881777
|gametype|singles
|player|p1|delete tera|swimmer|1471
|player|p2|OP Earthquakes|giovanni-masters|1544
|gen|9
|tier|[Gen 9] OU
|rated|
|rule|HP Percentage Mod: HP is shown in percentages
|rule|Endless Battle Clause: Forcing endless battles is banned
|rule|Species Clause: Limit one of each Pokémon
|rule|OHKO Clause: OHKO moves are banned
|rule|Evasion Items Clause: Evasion items are banned
|rule|Evasion Moves Clause: Evasion moves are banned
|rule|Evasion Abilities Clause: Evasion abilities are banned
|rule|Sleep Moves Clause: Sleep-inducing moves are banned
|clearpoke
|poke|p1|Garchomp, F|
|poke|p1|Zamazenta-*|
|poke|p1|Iron Hands|
|poke|p1|Dragonite, M|
|poke|p1|Iron Valiant|
|poke|p1|Salazzle, F|
|poke|p2|Excadrill, M|
|poke|p2|Hawlucha, M|
|poke|p2|Kyurem|
|poke|p2|Tyranitar, F|
|poke|p2|Pawmot, M|
|poke|p2|Thundurus-Therian, M|
|teampreview
|inactive|Battle timer is ON: inactive players will automatically lose when time's up. (requested by OP Earthquakes)
|
|t:|1760881780
|teamsize|p1|6
|teamsize|p2|6
|start
|switch|p1a: Salazzle|Salazzle, F, shiny|100/100
|switch|p2a: Frieza|Kyurem, shiny|100/100
|-ability|p2a: Frieza|Pressure
|turn|1
|
|t:|1760881783
|move|p1a: Salazzle|Fake Out|p2a: Frieza
|-damage|p2a: Frieza|94/100
|cant|p2a: Frieza|flinch
|
|upkeep
|turn|2
|
|t:|1760881789
|move|p1a: Salazzle|Toxic|p2a: Frieza
|-status|p2a: Frieza|tox
|move|p2a: Frieza|Freeze-Dry|p1a: Salazzle
|-resisted|p1a: Salazzle
|-damage|p1a: Salazzle|66/100
|
|-damage|p2a: Frieza|88/100 tox|[from] psn
|upkeep
|turn|3
|
|t:|1760881794
|move|p1a: Salazzle|Sludge Wave|p2a: Frieza
|-damage|p2a: Frieza|42/100 tox
|move|p2a: Frieza|Earth Power|p1a: Salazzle
|-supereffective|p1a: Salazzle
|-damage|p1a: Salazzle|0 fnt
|faint|p1a: Salazzle
|
|-damage|p2a: Frieza|30/100 tox|[from] psn
|upkeep
|
|t:|1760881800
|switch|p1a: Garchomp|Garchomp, F|100/100
|turn|4
|
|t:|1760881812
|switch|p2a: Shukaku|Tyranitar, F, shiny|100/100
|-weather|Sandstorm|[from] ability: Sand Stream|[of] p2a: Shukaku
|move|p1a: Garchomp|Scale Shot|p2a: Shukaku
|-damage|p2a: Shukaku|92/100
|-damage|p2a: Shukaku|84/100
|-damage|p2a: Shukaku|76/100
|-damage|p2a: Shukaku|67/100
|-hitcount|p2a: Shukaku|4
|-unboost|p1a: Garchomp|def|1
|-boost|p1a: Garchomp|spe|1
|
|-weather|Sandstorm|[upkeep]
|upkeep
|turn|5
|
|t:|1760881816
|move|p1a: Garchomp|Earthquake|p2a: Shukaku
|-supereffective|p2a: Shukaku
|-damage|p2a: Shukaku|0 fnt
|faint|p2a: Shukaku
|
|-weather|Sandstorm|[upkeep]
|upkeep
|
|t:|1760881825
|switch|p2a: OP|Excadrill, M|100/100
|turn|6
|
|t:|1760881827
|move|p2a: OP|Earthquake|p1a: Garchomp
|-damage|p1a: Garchomp|0 fnt
|faint|p1a: Garchomp
|
|-weather|Sandstorm|[upkeep]
|upkeep
|
|t:|1760881839
|switch|p1a: Zamazenta|Zamazenta|100/100
|-ability|p1a: Zamazenta|Dauntless Shield|boost
|-boost|p1a: Zamazenta|def|1
|turn|7
|
|t:|1760881844
|switch|p2a: Itachi|Hawlucha, M, shiny|100/100
|-ability|p2a: Itachi|Mold Breaker
|move|p1a: Zamazenta|Roar|p2a: Itachi
|drag|p2a: OP|Excadrill, M|100/100
|
|-weather|Sandstorm|[upkeep]
|-damage|p1a: Zamazenta|94/100|[from] Sandstorm
|-heal|p1a: Zamazenta|100/100|[from] item: Leftovers
|upkeep
|turn|8
|
|t:|1760881857
|switch|p2a: Thundurus|Thundurus-Therian, M|100/100
|move|p1a: Zamazenta|Roar|p2a: Thundurus
|drag|p2a: Porunga|Pawmot, M|100/100
|
|-weather|Sandstorm|[upkeep]
|-damage|p1a: Zamazenta|94/100|[from] Sandstorm
|-damage|p2a: Porunga|95/100|[from] Sandstorm
|-heal|p1a: Zamazenta|100/100|[from] item: Leftovers
|upkeep
|turn|9
|
|t:|1760881862
|switch|p2a: Frieza|Kyurem, shiny|30/100 tox
|-ability|p2a: Frieza|Pressure
|move|p1a: Zamazenta|Body Press|p2a: Frieza
|-supereffective|p2a: Frieza
|-damage|p2a: Frieza|0 fnt
|faint|p2a: Frieza
|
|-weather|Sandstorm|[upkeep]
|-damage|p1a: Zamazenta|94/100|[from] Sandstorm
|-heal|p1a: Zamazenta|100/100|[from] item: Leftovers
|upkeep
|
|t:|1760881867
|switch|p2a: Thundurus|Thundurus-Therian, M|100/100
|turn|10
|
|t:|1760881883
|switch|p1a: Dragonite|Dragonite, M|100/100
|-terastallize|p2a: Thundurus|Flying
|move|p2a: Thundurus|Tera Blast|p1a: Dragonite|[anim] Tera Blast Flying
|-damage|p1a: Dragonite|70/100
|
|-weather|Sandstorm|[upkeep]
|-damage|p2a: Thundurus|94/100|[from] Sandstorm
|-damage|p1a: Dragonite|64/100|[from] Sandstorm
|upkeep
|turn|11
|
|t:|1760881894
|move|p1a: Dragonite|Extreme Speed|p2a: Thundurus
|-damage|p2a: Thundurus|44/100
|move|p2a: Thundurus|Tera Blast|p1a: Dragonite|[anim] Tera Blast Flying
|-damage|p1a: Dragonite|0 fnt
|faint|p1a: Dragonite
|
|-weather|none
|upkeep
|
|t:|1760881900
|switch|p1a: Iron Valiant|Iron Valiant|100/100
|-enditem|p1a: Iron Valiant|Booster Energy
|-activate|p1a: Iron Valiant|ability: Quark Drive|[fromitem]
|-start|p1a: Iron Valiant|quarkdrivespe
|turn|12
|
|t:|1760881909
|switch|p2a: Itachi|Hawlucha, M, shiny|100/100
|-ability|p2a: Itachi|Mold Breaker
|move|p1a: Iron Valiant|Moonblast|p2a: Itachi
|-supereffective|p2a: Itachi
|-damage|p2a: Itachi|0 fnt
|faint|p2a: Itachi
|
|upkeep
|
|t:|1760881914
|switch|p2a: OP|Excadrill, M|100/100
|turn|13
|
|t:|1760881921
|move|p1a: Iron Valiant|Close Combat|p2a: OP
|-supereffective|p2a: OP
|-damage|p2a: OP|0 fnt
|-unboost|p1a: Iron Valiant|def|1
|-unboost|p1a: Iron Valiant|spd|1
|faint|p2a: OP
|
|upkeep
|-message|OP Earthquakes forfeited.
|
|win|delete tera
|raw|delete tera's rating: 1471 &rarr; <strong>1495</strong><br />(+24 for winning)
|raw|OP Earthquakes's rating: 1544 &rarr; <strong>1520</strong><br />(-24 for losing)
|l|☆OP Earthquakes
|player|p2|
|l|☆delete tera
|player|p1|
