|j|☆MintyChipArt
|j|☆It's classified
|t:|1760851266
|gametype|singles
|player|p1|MintyChipArt|266|1393
|player|p2|It's classified|argenta|1345
|gen|9
|tier|[Gen 9] OU
|rated|
|rule|HP Percentage Mod: HP is shown in percentages
|rule|Endless Battle Clause: Forcing endless battles is banned
|rule|Species Clause: Limit one of each Pokémon
|rule|OHKO Clause: OHKO moves are banned
|rule|Evasion Items Clause: Evasion items are banned
|rule|Evasion Moves Clause: Evasion moves are banned
|rule|Evasion Abilities Clause: Evasion abilities are banned
|rule|Sleep Moves Clause: Sleep-inducing moves are banned
|clearpoke
|poke|p1|Great Tusk|
|poke|p1|Rillaboom, F|
|poke|p1|Kingambit, M|
|poke|p1|Samurott-Hisui, M|
|poke|p1|Latios, M|
|poke|p1|Skeledirge, M|
|poke|p2|Deoxys-Speed|
|poke|p2|Dragonite, M|
|poke|p2|Iron Treads|
|poke|p2|Moltres|
|poke|p2|Iron Valiant|
|poke|p2|Ogerpon-Wellspring, F|
|teampreview
|inactive|Battle timer is ON: inactive players will automatically lose when time's up. (requested by It's classified)
|inactive|MintyChipArt also wants the timer to be on.
|
|t:|1760851276
|teamsize|p1|6
|teamsize|p2|6
|start
|switch|p1a: Samurott|Samurott-Hisui, M|100/100
|switch|p2a: Ogerpon|Ogerpon-Wellspring, F|100/100
|turn|1
|
|t:|1760851282
|switch|p1a: Rillaboom|Rillaboom, F|100/100
|-fieldstart|move: Grassy Terrain|[from] ability: Grassy Surge|[of] p1a: Rillaboom
|move|p2a: Ogerpon|U-turn|p1a: Rillaboom
|-supereffective|p1a: Rillaboom
|-damage|p1a: Rillaboom|38/100
|inactive|It's classified has 120 seconds left.
|
|t:|1760851317
|switch|p2a: Dragonite|Dragonite, M|100/100|[from] U-turn
|
|-heal|p1a: Rillaboom|44/100|[from] Grassy Terrain
|upkeep
|turn|2
|
|t:|1760851323
|move|p2a: Dragonite|Dragon Dance|p2a: Dragonite
|-boost|p2a: Dragonite|atk|1
|-boost|p2a: Dragonite|spe|1
|move|p1a: Rillaboom|U-turn|p2a: Dragonite
|-resisted|p2a: Dragonite
|-damage|p2a: Dragonite|94/100
|
|t:|1760851328
|switch|p1a: Latios|Latios, M|100/100|[from] U-turn
|
|upkeep
|turn|3
|
|t:|1760851336
|-terastallize|p1a: Latios|Steel
|move|p1a: Latios|Trick|p2a: Dragonite
|-activate|p1a: Latios|move: Trick|[of] p2a: Dragonite
|-item|p2a: Dragonite|Choice Scarf|[from] move: Trick
|-item|p1a: Latios|Heavy-Duty Boots|[from] move: Trick
|move|p2a: Dragonite|Roost|p2a: Dragonite
|-heal|p2a: Dragonite|100/100
|-singleturn|p2a: Dragonite|move: Roost
|
|upkeep
|turn|4
|
|t:|1760851352
|switch|p2a: Iron Treads|Iron Treads|100/100
|move|p1a: Latios|Luster Purge|p2a: Iron Treads
|-resisted|p2a: Iron Treads
|-damage|p2a: Iron Treads|78/100
|-unboost|p2a: Iron Treads|spd|1
|
|-heal|p2a: Iron Treads|84/100|[from] Grassy Terrain
|-heal|p2a: Iron Treads|90/100|[from] item: Leftovers
|upkeep
|turn|5
|
|t:|1760851358
|move|p1a: Latios|Surf|p2a: Iron Treads
|-supereffective|p2a: Iron Treads
|-damage|p2a: Iron Treads|10/100
|move|p2a: Iron Treads|Stealth Rock|p1a: Latios
|-sidestart|p1: MintyChipArt|move: Stealth Rock
|
|-heal|p2a: Iron Treads|16/100|[from] Grassy Terrain
|-heal|p2a: Iron Treads|22/100|[from] item: Leftovers
|-fieldend|move: Grassy Terrain
|upkeep
|turn|6
|
|t:|1760851375
|-end|p2a: Iron Treads|Quark Drive|[silent]
|switch|p2a: Dragonite|Dragonite, M|100/100
|move|p1a: Latios|Luster Purge|p2a: Dragonite
|-damage|p2a: Dragonite|70/100
|-unboost|p2a: Dragonite|spd|1
|
|upkeep
|turn|7
|
|t:|1760851386
|move|p2a: Dragonite|Extreme Speed|p1a: Latios
|-resisted|p1a: Latios
|-damage|p1a: Latios|78/100
|move|p1a: Latios|Luster Purge|p2a: Dragonite
|-crit|p2a: Dragonite
|-damage|p2a: Dragonite|0 fnt
|faint|p2a: Dragonite
|
|upkeep
|inactive|It's classified has 120 seconds left.
|
|t:|1760851430
|switch|p2a: Deoxys|Deoxys-Speed|100/100
|-ability|p2a: Deoxys|Pressure
|turn|8
|
|t:|1760851442
|switch|p1a: Kingambit|Kingambit, M|100/100
|-damage|p1a: Kingambit|94/100|[from] Stealth Rock
|move|p2a: Deoxys|Superpower|p1a: Kingambit
|-supereffective|p1a: Kingambit
|-damage|p1a: Kingambit|6/100
|-unboost|p2a: Deoxys|atk|1
|-unboost|p2a: Deoxys|def|1
|
|-heal|p1a: Kingambit|12/100|[from] item: Leftovers
|upkeep
|turn|9
|
|t:|1760851453
|switch|p2a: Moltres|Moltres|100/100
|move|p1a: Kingambit|Sucker Punch||[still]
|-fail|p1a: Kingambit
|
|-heal|p1a: Kingambit|18/100|[from] item: Leftovers
|upkeep
|turn|10
|
|t:|1760851462
|-end|p1a: Kingambit|fallenundefined|[silent]
|switch|p1a: Skeledirge|Skeledirge, M|100/100
|move|p2a: Moltres|Flamethrower|p1a: Skeledirge
|-resisted|p1a: Skeledirge
|-damage|p1a: Skeledirge|81/100
|
|upkeep
|turn|11
|
|t:|1760851482
|switch|p2a: Ogerpon|Ogerpon-Wellspring, F|100/100
|move|p1a: Skeledirge|Substitute|p1a: Skeledirge
|-start|p1a: Skeledirge|Substitute
|-damage|p1a: Skeledirge|57/100
|
|upkeep
|turn|12
|
|t:|1760851489
|move|p2a: Ogerpon|U-turn|p1a: Skeledirge
|-resisted|p1a: Skeledirge
|-activate|p1a: Skeledirge|move: Substitute|[damage]
|
|t:|1760851491
|switch|p2a: Moltres|Moltres|100/100|[from] U-turn
|move|p1a: Skeledirge|Torch Song|p2a: Moltres
|-resisted|p2a: Moltres
|-damage|p2a: Moltres|84/100
|-boost|p1a: Skeledirge|spa|1
|
|upkeep
|turn|13
|
|t:|1760851495
|move|p1a: Skeledirge|Shadow Ball|p2a: Moltres
|-damage|p2a: Moltres|36/100
|move|p2a: Moltres|Roar|p1a: Skeledirge
|drag|p1a: Great Tusk|Great Tusk|100/100
|
|upkeep
|turn|14
|
|t:|1760851516
|-end|p1a: Great Tusk|Protosynthesis|[silent]
|switch|p1a: Samurott|Samurott-Hisui, M|100/100
|-damage|p1a: Samurott|88/100|[from] Stealth Rock
|move|p2a: Moltres|Roost|p2a: Moltres
|-heal|p2a: Moltres|86/100
|-singleturn|p2a: Moltres|move: Roost
|
|upkeep
|turn|15
|
|t:|1760851535
|-terastallize|p2a: Moltres|Fairy
|move|p1a: Samurott|Ceaseless Edge|p2a: Moltres
|-resisted|p2a: Moltres
|-damage|p2a: Moltres|75/100
|-status|p1a: Samurott|brn|[from] ability: Flame Body|[of] p2a: Moltres
|-sidestart|p2: It's classified|Spikes
|move|p2a: Moltres|U-turn|p1a: Samurott
|-supereffective|p1a: Samurott
|-damage|p1a: Samurott|49/100 brn
|
|t:|1760851547
|switch|p2a: Ogerpon|Ogerpon-Wellspring, F|100/100|[from] U-turn
|-damage|p2a: Ogerpon|88/100|[from] Spikes
|
|-damage|p1a: Samurott|43/100 brn|[from] brn
|upkeep
|turn|16
|
|t:|1760851554
|move|p2a: Ogerpon|U-turn|p1a: Samurott
|-supereffective|p1a: Samurott
|-damage|p1a: Samurott|0 fnt
|faint|p1a: Samurott
|
|t:|1760851579
|switch|p2a: Deoxys|Deoxys-Speed|100/100|[from] U-turn
|-ability|p2a: Deoxys|Pressure
|
|upkeep
|
|t:|1760851590
|switch|p1a: Rillaboom|Rillaboom, F|44/100
|-damage|p1a: Rillaboom|32/100|[from] Stealth Rock
|-fieldstart|move: Grassy Terrain|[from] ability: Grassy Surge|[of] p1a: Rillaboom
|turn|17
|
|t:|1760851597
|switch|p2a: Moltres|Moltres, tera:Fairy|75/100
|move|p1a: Rillaboom|Grassy Glide|p2a: Moltres
|-damage|p2a: Moltres|47/100
|-status|p1a: Rillaboom|brn|[from] ability: Flame Body|[of] p2a: Moltres
|
|-heal|p2a: Moltres|53/100|[from] Grassy Terrain
|-heal|p1a: Rillaboom|38/100 brn|[from] Grassy Terrain
|-damage|p1a: Rillaboom|32/100 brn|[from] brn
|upkeep
|turn|18
|
|t:|1760851607
|move|p2a: Moltres|Roost|p2a: Moltres
|-heal|p2a: Moltres|100/100
|move|p1a: Rillaboom|Knock Off|p2a: Moltres
|-resisted|p2a: Moltres
|-damage|p2a: Moltres|94/100
|-enditem|p2a: Moltres|Heavy-Duty Boots|[from] move: Knock Off|[of] p1a: Rillaboom
|
|-heal|p2a: Moltres|99/100|[from] Grassy Terrain
|-heal|p1a: Rillaboom|38/100 brn|[from] Grassy Terrain
|-damage|p1a: Rillaboom|32/100 brn|[from] brn
|upkeep
|turn|19
|
|t:|1760851614
|move|p2a: Moltres|Flamethrower|p1a: Rillaboom
|-supereffective|p1a: Rillaboom
|-damage|p1a: Rillaboom|0 fnt
|faint|p1a: Rillaboom
|
|-heal|p2a: Moltres|100/100|[from] Grassy Terrain
|upkeep
|
|t:|1760851617
|switch|p1a: Great Tusk|Great Tusk|100/100
|turn|20
|
|t:|1760851620
|move|p1a: Great Tusk|Rapid Spin|p2a: Moltres
|-damage|p2a: Moltres|88/100
|-boost|p1a: Great Tusk|spe|1
|-sideend|p1: MintyChipArt|Stealth Rock|[from] move: Rapid Spin|[of] p1a: Great Tusk
|move|p2a: Moltres|Flamethrower|p1a: Great Tusk
|-damage|p1a: Great Tusk|47/100
|
|-heal|p1a: Great Tusk|53/100|[from] Grassy Terrain
|-heal|p2a: Moltres|94/100|[from] Grassy Terrain
|upkeep
|turn|21
|
|t:|1760851633
|-end|p1a: Great Tusk|Protosynthesis|[silent]
|switch|p1a: Skeledirge|Skeledirge, M|57/100
|move|p2a: Moltres|Flamethrower|p1a: Skeledirge
|-resisted|p1a: Skeledirge
|-damage|p1a: Skeledirge|38/100
|
|-heal|p2a: Moltres|99/100|[from] Grassy Terrain
|-heal|p1a: Skeledirge|44/100|[from] Grassy Terrain
|-fieldend|move: Grassy Terrain
|upkeep
|turn|22
|
|t:|1760851637
|move|p1a: Skeledirge|Slack Off|p1a: Skeledirge
|-heal|p1a: Skeledirge|94/100
|move|p2a: Moltres|Roar|p1a: Skeledirge
|drag|p1a: Kingambit|Kingambit, M|18/100
|-activate|p1a: Kingambit|ability: Supreme Overlord
|-start|p1a: Kingambit|fallen2|[silent]
|
|-heal|p1a: Kingambit|25/100|[from] item: Leftovers
|upkeep
|turn|23
|
|t:|1760851643
|-end|p1a: Kingambit|fallen2|[silent]
|switch|p1a: Skeledirge|Skeledirge, M|94/100
|move|p2a: Moltres|Flamethrower|p1a: Skeledirge
|-resisted|p1a: Skeledirge
|-damage|p1a: Skeledirge|74/100
|
|upkeep
|turn|24
|
|t:|1760851649
|move|p1a: Skeledirge|Torch Song|p2a: Moltres
|-damage|p2a: Moltres|67/100
|-boost|p1a: Skeledirge|spa|1
|move|p2a: Moltres|Roar|p1a: Skeledirge
|drag|p1a: Kingambit|Kingambit, M|25/100
|-activate|p1a: Kingambit|ability: Supreme Overlord
|-start|p1a: Kingambit|fallen2|[silent]
|
|-heal|p1a: Kingambit|31/100|[from] item: Leftovers
|upkeep
|turn|25
|
|t:|1760851657
|-end|p1a: Kingambit|fallen2|[silent]
|switch|p1a: Skeledirge|Skeledirge, M|74/100
|move|p2a: Moltres|U-turn|p1a: Skeledirge
|-resisted|p1a: Skeledirge
|-damage|p1a: Skeledirge|72/100
|
|t:|1760851660
|switch|p2a: Ogerpon|Ogerpon-Wellspring, F|88/100|[from] U-turn
|-damage|p2a: Ogerpon|76/100|[from] Spikes
|
|upkeep
|turn|26
|
|t:|1760851687
|move|p2a: Ogerpon|Ivy Cudgel|p1a: Skeledirge|[anim] Ivy Cudgel Water
|-supereffective|p1a: Skeledirge
|-damage|p1a: Skeledirge|0 fnt
|faint|p1a: Skeledirge
|
|upkeep
|
|t:|1760851690
|switch|p1a: Latios|Latios, M, tera:Steel|78/100
|turn|27
|
|t:|1760851694
|move|p2a: Ogerpon|Ivy Cudgel|p1a: Latios|[anim] Ivy Cudgel Water
|-damage|p1a: Latios|0 fnt
|faint|p1a: Latios
|
|upkeep
|-message|MintyChipArt forfeited.
|
|win|It's classified
|raw|MintyChipArt's rating: 1393 &rarr; <strong>1370</strong><br />(-23 for losing)
|raw|It&apos;s classified's rating: 1345 &rarr; <strong>1368</strong><br />(+23 for winning)
|l|☆MintyChipArt
|player|p1|
