|j|☆kingprobs
|j|☆MarxN64
|t:|1760761357
|gametype|singles
|player|p1|kingprobs|170|1310
|player|p2|MarxN64|gentleman-gen4|1257
|gen|9
|tier|[Gen 9] OU
|rated|
|rule|HP Percentage Mod: HP is shown in percentages
|rule|Endless Battle Clause: Forcing endless battles is banned
|rule|Species Clause: Limit one of each Pokémon
|rule|OHKO Clause: OHKO moves are banned
|rule|Evasion Items Clause: Evasion items are banned
|rule|Evasion Moves Clause: Evasion moves are banned
|rule|Evasion Abilities Clause: Evasion abilities are banned
|rule|Sleep Moves Clause: Sleep-inducing moves are banned
|clearpoke
|poke|p1|Corviknight, M|
|poke|p1|Dragapult, F|
|poke|p1|Great Tusk|
|poke|p1|Greninja-*, F|
|poke|p1|Dragonite, M|
|poke|p1|Slowking-Galar, F|
|poke|p2|Houndstone, F|
|poke|p2|Zamazenta-*|
|poke|p2|Suicune|
|poke|p2|Coalossal, M|
|poke|p2|Arcanine-Hisui, F|
|poke|p2|Okidogi, M|
|teampreview
|inactive|Battle timer is ON: inactive players will automatically lose when time's up. (requested by MarxN64)
|
|t:|1760761373
|teamsize|p1|6
|teamsize|p2|6
|start
|switch|p1a: Greninja|Greninja, F|100/100
|switch|p2a: Rudy|Houndstone, F, shiny|100/100
|turn|1
|
|t:|1760761386
|switch|p2a: Lassy|Suicune|100/100
|-ability|p2a: Lassy|Pressure
|move|p1a: Greninja|Dark Pulse|p2a: Lassy
|-start|p1a: Greninja|typechange|Dark|[from] ability: Protean
|-damage|p2a: Lassy|79/100
|
|upkeep
|turn|2
|
|t:|1760761396
|switch|p1a: Slowking|Slowking-Galar, F|100/100
|move|p2a: Lassy|Calm Mind|p2a: Lassy
|-boost|p2a: Lassy|spa|1
|-boost|p2a: Lassy|spd|1
|
|upkeep
|turn|3
|
|t:|1760761411
|move|p2a: Lassy|Scald|p1a: Slowking
|-damage|p1a: Slowking|78/100
|move|p1a: Slowking|Thunder Wave|p2a: Lassy
|-status|p2a: Lassy|par
|-enditem|p2a: Lassy|Lum Berry|[eat]
|-curestatus|p2a: Lassy|par|[msg]
|
|-heal|p1a: Slowking|85/100|[from] item: Leftovers
|upkeep
|turn|4
|
|t:|1760761418
|move|p2a: Lassy|Scald|p1a: Slowking
|-damage|p1a: Slowking|63/100
|move|p1a: Slowking|Thunder Wave|p2a: Lassy
|-status|p2a: Lassy|par
|
|-heal|p1a: Slowking|69/100|[from] item: Leftovers
|upkeep
|turn|5
|
|t:|1760761423
|move|p2a: Lassy|Scald|p1a: Slowking
|-damage|p1a: Slowking|48/100
|-status|p1a: Slowking|brn
|move|p1a: Slowking|Future Sight|p2a: Lassy
|-start|p1a: Slowking|move: Future Sight
|
|-heal|p1a: Slowking|55/100 brn|[from] item: Leftovers
|-damage|p1a: Slowking|48/100 brn|[from] brn
|upkeep
|turn|6
|
|t:|1760761433
|switch|p1a: Dragapult|Dragapult, F|100/100
|move|p2a: Lassy|Calm Mind|p2a: Lassy
|-boost|p2a: Lassy|spa|1
|-boost|p2a: Lassy|spd|1
|
|upkeep
|turn|7
|
|t:|1760761435
|move|p1a: Dragapult|Thunderbolt|p2a: Lassy
|-supereffective|p2a: Lassy
|-damage|p2a: Lassy|59/100 par
|-damage|p1a: Dragapult|91/100|[from] item: Life Orb
|cant|p2a: Lassy|par
|
|-end|p2a: Lassy|move: Future Sight
|-damage|p2a: Lassy|45/100 par
|upkeep
|turn|8
|
|t:|1760761446
|switch|p1a: Timmy|Dragonite, M, shiny|100/100
|move|p2a: Lassy|Ice Beam|p1a: Timmy
|-supereffective|p1a: Timmy
|-damage|p1a: Timmy|34/100
|-status|p1a: Timmy|frz
|-enditem|p1a: Timmy|Weakness Policy
|-boost|p1a: Timmy|atk|2|[from] item: Weakness Policy
|-boost|p1a: Timmy|spa|2|[from] item: Weakness Policy
|
|upkeep
|turn|9
|
|t:|1760761459
|-terastallize|p1a: Timmy|Normal
|cant|p1a: Timmy|frz
|cant|p2a: Lassy|par
|
|upkeep
|turn|10
|
|t:|1760761467
|cant|p1a: Timmy|frz
|move|p2a: Lassy|Ice Beam|p1a: Timmy
|-damage|p1a: Timmy|0 fnt
|faint|p1a: Timmy
|
|upkeep
|-message|kingprobs forfeited.
|
|win|MarxN64
|raw|kingprobs's rating: 1310 &rarr; <strong>1287</strong><br />(-23 for losing)
|raw|MarxN64's rating: 1257 &rarr; <strong>1286</strong><br />(+29 for winning)
|l|☆kingprobs
|player|p1|
|l|☆MarxN64
|player|p2|
