|j|☆Luan1726
|j|☆Rat Conjoe
|t:|1760759943
|gametype|singles
|player|p1|Luan1726|102|1056
|player|p2|Rat Conjoe|dawn|1088
|gen|9
|tier|[Gen 9] OU
|rated|
|rule|HP Percentage Mod: HP is shown in percentages
|rule|Endless Battle Clause: Forcing endless battles is banned
|rule|Species Clause: Limit one of each Pokémon
|rule|OHKO Clause: OHKO moves are banned
|rule|Evasion Items Clause: Evasion items are banned
|rule|Evasion Moves Clause: Evasion moves are banned
|rule|Evasion Abilities Clause: Evasion abilities are banned
|rule|Sleep Moves Clause: Sleep-inducing moves are banned
|clearpoke
|poke|p1|Kingambit, F|
|poke|p1|Chandelure, M|
|poke|p1|Scizor, F|
|poke|p1|Toxapex, M|
|poke|p1|Iron Valiant|
|poke|p1|Moltres|
|poke|p2|Flygon, F|
|poke|p2|Ceruledge, F|
|poke|p2|Umbreon, F|
|poke|p2|Eelektross, F|
|poke|p2|Scizor, M|
|poke|p2|Meowscarada, M|
|teampreview
|
|t:|1760759953
|teamsize|p1|6
|teamsize|p2|6
|start
|switch|p1a: Scizor|Scizor, F|100/100
|switch|p2a: Eelektross|Eelektross, F|100/100
|turn|1
|
|t:|1760759959
|move|p1a: Scizor|Knock Off|p2a: Eelektross
|-damage|p2a: Eelektross|49/100
|-enditem|p2a: Eelektross|Assault Vest|[from] move: Knock Off|[of] p1a: Scizor
|-damage|p1a: Scizor|91/100|[from] item: Life Orb
|move|p2a: Eelektross|Flamethrower|p1a: Scizor
|-supereffective|p1a: Scizor
|-damage|p1a: Scizor|0 fnt
|faint|p1a: Scizor
|
|upkeep
|
|t:|1760759973
|switch|p1a: Kingambit|Kingambit, F|100/100
|-activate|p1a: Kingambit|ability: Supreme Overlord
|-start|p1a: Kingambit|fallen1|[silent]
|-item|p1a: Kingambit|Air Balloon
|turn|2
|
|t:|1760759981
|move|p1a: Kingambit|Kowtow Cleave|p2a: Eelektross
|-damage|p2a: Eelektross|0 fnt
|faint|p2a: Eelektross
|
|upkeep
|
|t:|1760759988
|switch|p2a: Ceruledge|Ceruledge, F|100/100
|turn|3
|
|t:|1760759998
|-terastallize|p1a: Kingambit|Flying
|move|p2a: Ceruledge|Close Combat|p1a: Kingambit
|-resisted|p1a: Kingambit
|-damage|p1a: Kingambit|87/100
|-unboost|p2a: Ceruledge|def|1
|-unboost|p2a: Ceruledge|spd|1
|-enditem|p1a: Kingambit|Air Balloon
|move|p1a: Kingambit|Kowtow Cleave|p2a: Ceruledge
|-supereffective|p2a: Ceruledge
|-enditem|p2a: Ceruledge|Focus Sash
|-damage|p2a: Ceruledge|1/100
|-ability|p2a: Ceruledge|Weak Armor|boost
|-unboost|p2a: Ceruledge|def|1
|-boost|p2a: Ceruledge|spe|2
|
|upkeep
|turn|4
|inactive|Battle timer is ON: inactive players will automatically lose when time's up. (requested by Luan1726)
|
|t:|1760760024
|switch|p2a: Meowscarada|Meowscarada, M|100/100
|move|p1a: Kingambit|Sucker Punch||[still]
|-fail|p1a: Kingambit
|
|upkeep
|turn|5
|
|t:|1760760038
|-end|p1a: Kingambit|fallen1|[silent]
|switch|p1a: Chandelure|Chandelure, M|100/100
|move|p2a: Meowscarada|Triple Axel|p1a: Chandelure
|-start|p2a: Meowscarada|typechange|Ice|[from] ability: Protean
|-resisted|p1a: Chandelure
|-damage|p1a: Chandelure|91/100
|-resisted|p1a: Chandelure
|-damage|p1a: Chandelure|70/100
|-resisted|p1a: Chandelure
|-damage|p1a: Chandelure|39/100
|-hitcount|p1a: Chandelure|3
|
|upkeep
|turn|6
|
|t:|1760760053
|move|p2a: Meowscarada|Triple Axel|p1a: Chandelure
|-resisted|p1a: Chandelure
|-damage|p1a: Chandelure|28/100
|-resisted|p1a: Chandelure
|-damage|p1a: Chandelure|9/100
|-resisted|p1a: Chandelure
|-damage|p1a: Chandelure|0 fnt
|faint|p1a: Chandelure
|-hitcount|p1: Chandelure|3
|
|upkeep
|
|t:|1760760061
|switch|p1a: Iron Valiant|Iron Valiant|100/100
|-enditem|p1a: Iron Valiant|Booster Energy
|-activate|p1a: Iron Valiant|ability: Quark Drive|[fromitem]
|-start|p1a: Iron Valiant|quarkdrivespe
|turn|7
|
|t:|1760760072
|switch|p2a: Ceruledge|Ceruledge, F|1/100
|move|p1a: Iron Valiant|Close Combat|p2a: Ceruledge
|-immune|p2a: Ceruledge
|
|upkeep
|turn|8
|
|t:|1760760082
|move|p2a: Ceruledge|Shadow Sneak|p1a: Iron Valiant
|-damage|p1a: Iron Valiant|72/100
|move|p1a: Iron Valiant|Knock Off|p2a: Ceruledge
|-supereffective|p2a: Ceruledge
|-damage|p2a: Ceruledge|0 fnt
|faint|p2a: Ceruledge
|
|upkeep
|
|t:|1760760092
|switch|p2a: Scizor|Scizor, M|100/100
|turn|9
|
|t:|1760760103
|-end|p1a: Iron Valiant|Quark Drive|[silent]
|switch|p1a: Moltres|Moltres|100/100
|move|p2a: Scizor|Bullet Punch|p1a: Moltres
|-resisted|p1a: Moltres
|-damage|p1a: Moltres|71/100
|-status|p2a: Scizor|brn|[from] ability: Flame Body|[of] p1a: Moltres
|
|-damage|p2a: Scizor|94/100 brn|[from] brn
|upkeep
|turn|10
|
|t:|1760760115
|switch|p2a: Flygon|Flygon, F|100/100
|move|p1a: Moltres|Roost|p1a: Moltres
|-heal|p1a: Moltres|100/100
|-singleturn|p1a: Moltres|move: Roost
|
|upkeep
|turn|11
|
|t:|1760760126
|move|p2a: Flygon|Earthquake|p1a: Moltres
|-immune|p1a: Moltres
|move|p1a: Moltres|Hurricane|p2a: Flygon
|-damage|p2a: Flygon|6/100
|-damage|p1a: Moltres|91/100|[from] item: Life Orb
|
|upkeep
|turn|12
|
|t:|1760760138
|switch|p2a: Umbreon|Umbreon, F, shiny|100/100
|move|p1a: Moltres|U-turn|p2a: Umbreon
|-supereffective|p2a: Umbreon
|-damage|p2a: Umbreon|72/100
|-damage|p1a: Moltres|81/100|[from] item: Life Orb
|
|t:|1760760146
|switch|p1a: Toxapex|Toxapex, M|100/100|[from] U-turn
|
|upkeep
|turn|13
|
|t:|1760760152
|move|p2a: Umbreon|Wish|p2a: Umbreon
|move|p1a: Toxapex|Toxic|p2a: Umbreon
|-status|p2a: Umbreon|tox
|-activate|p2a: Umbreon|ability: Synchronize
|-immune|p1a: Toxapex
|
|-damage|p2a: Umbreon|66/100 tox|[from] psn
|upkeep
|turn|14
|
|t:|1760760172
|switch|p2a: Meowscarada|Meowscarada, M|100/100
|move|p1a: Toxapex|Toxic|p2a: Meowscarada
|-status|p2a: Meowscarada|tox
|
|-damage|p2a: Meowscarada|94/100 tox|[from] psn
|upkeep
|turn|15
|
|t:|1760760186
|move|p1a: Toxapex|Baneful Bunker|p1a: Toxapex
|-singleturn|p1a: Toxapex|move: Protect
|move|p2a: Meowscarada|Flower Trick|p1a: Toxapex
|-start|p2a: Meowscarada|typechange|Grass|[from] ability: Protean
|-activate|p1a: Toxapex|move: Protect
|
|-damage|p2a: Meowscarada|82/100 tox|[from] psn
|upkeep
|turn|16
|
|t:|1760760197
|switch|p1a: Moltres|Moltres|81/100
|move|p2a: Meowscarada|Flower Trick|p1a: Moltres
|-resisted|p1a: Moltres
|-crit|p1a: Moltres
|-damage|p1a: Moltres|58/100
|
|-damage|p2a: Meowscarada|64/100 tox|[from] psn
|upkeep
|turn|17
|
|t:|1760760207
|switch|p2a: Umbreon|Umbreon, F, shiny|66/100 tox
|move|p1a: Moltres|Roost|p1a: Moltres
|-heal|p1a: Moltres|100/100
|-singleturn|p1a: Moltres|move: Roost
|
|-damage|p2a: Umbreon|60/100 tox|[from] psn
|upkeep
|turn|18
|
|t:|1760760216
|move|p1a: Moltres|U-turn|p2a: Umbreon
|-supereffective|p2a: Umbreon
|-damage|p2a: Umbreon|29/100 tox
|-damage|p1a: Moltres|91/100|[from] item: Life Orb
|
|t:|1760760220
|switch|p1a: Kingambit|Kingambit, F, tera:Flying|87/100|[from] U-turn
|-activate|p1a: Kingambit|ability: Supreme Overlord
|-start|p1a: Kingambit|fallen2|[silent]
|move|p2a: Umbreon|Toxic|p1a: Kingambit
|-status|p1a: Kingambit|tox
|
|-damage|p2a: Umbreon|17/100 tox|[from] psn
|-damage|p1a: Kingambit|80/100 tox|[from] psn
|upkeep
|turn|19
|
|t:|1760760229
|move|p2a: Umbreon|Wish|p2a: Umbreon
|move|p1a: Kingambit|Swords Dance|p1a: Kingambit
|-boost|p1a: Kingambit|atk|2
|
|-damage|p2a: Umbreon|0 fnt|[from] psn
|faint|p2a: Umbreon
|-damage|p1a: Kingambit|68/100 tox|[from] psn
|upkeep
|
|t:|1760760236
|switch|p2a: Flygon|Flygon, F|6/100
|turn|20
|
|t:|1760760241
|move|p2a: Flygon|Stone Edge|p1a: Kingambit|[miss]
|-miss|p2a: Flygon|p1a: Kingambit
|move|p1a: Kingambit|Kowtow Cleave|p2a: Flygon
|-damage|p2a: Flygon|0 fnt
|faint|p2a: Flygon
|
|-damage|p1a: Kingambit|50/100 tox|[from] psn
|upkeep
|
|t:|1760760253
|switch|p2a: Meowscarada|Meowscarada, M|64/100 tox
|turn|21
|
|t:|1760760260
|move|p1a: Kingambit|Sucker Punch|p2a: Meowscarada
|-resisted|p2a: Meowscarada
|-damage|p2a: Meowscarada|0 fnt
|faint|p2a: Meowscarada
|
|-damage|p1a: Kingambit|25/100 tox|[from] psn
|upkeep
|
|t:|1760760266
|switch|p2a: Scizor|Scizor, M|94/100 brn
|turn|22
|
|t:|1760760270
|move|p1a: Kingambit|Sucker Punch|p2a: Scizor
|-damage|p2a: Scizor|0 fnt
|faint|p2a: Scizor
|
|win|Luan1726
|raw|Luan1726's rating: 1056 &rarr; <strong>1091</strong><br />(+35 for winning)
|raw|Rat Conjoe's rating: 1088 &rarr; <strong>1063</strong><br />(-25 for losing)
|c|☆Rat Conjoe|GGs
|l|☆Luan1726
|player|p1|
|l|☆Rat Conjoe
|player|p2|
