|j|☆lumapuka
|j|☆john torkoal
|t:|1760841056
|gametype|singles
|player|p1|lumapuka|2|1192
|player|p2|john torkoal|rosa|1160
|gen|9
|tier|[Gen 9] OU
|rated|
|rule|HP Percentage Mod: HP is shown in percentages
|rule|Endless Battle Clause: Forcing endless battles is banned
|rule|Species Clause: Limit one of each Pokémon
|rule|OHKO Clause: OHKO moves are banned
|rule|Evasion Items Clause: Evasion items are banned
|rule|Evasion Moves Clause: Evasion moves are banned
|rule|Evasion Abilities Clause: Evasion abilities are banned
|rule|Sleep Moves Clause: Sleep-inducing moves are banned
|clearpoke
|poke|p1|Haunter, M|
|poke|p1|Scyther, F|
|poke|p1|Cryogonal|
|poke|p1|Orthworm, F|
|poke|p1|Garchomp, M|
|poke|p1|Enamorus-Therian, F|
|poke|p2|Frosmoth, F|
|poke|p2|Pincurchin, M|
|poke|p2|Raichu-Alola, F|
|poke|p2|Iron Hands|
|poke|p2|Rotom-Wash|
|poke|p2|Pawmot, M|
|teampreview
|
|t:|1760841065
|teamsize|p1|6
|teamsize|p2|6
|start
|switch|p1a: Garchomp|Garchomp, M|100/100
|switch|p2a: OH YEAH!! YEAHH!!!|Pincurchin, M|100/100
|-fieldstart|move: Electric Terrain|[from] ability: Electric Surge|[of] p2a: OH YEAH!! YEAHH!!!
|turn|1
|inactive|Battle timer is ON: inactive players will automatically lose when time's up. (requested by john torkoal)
|
|t:|1760841075
|switch|p2a: William O' Wisp|Rotom-Wash|100/100
|move|p1a: Garchomp|Swords Dance|p1a: Garchomp
|-boost|p1a: Garchomp|atk|2
|
|upkeep
|turn|2
|
|t:|1760841085
|move|p1a: Garchomp|Dragon Claw|p2a: William O' Wisp
|-damage|p2a: William O' Wisp|17/100
|move|p2a: William O' Wisp|Reflect|p2a: William O' Wisp
|-sidestart|p2: john torkoal|Reflect
|
|upkeep
|turn|3
|
|t:|1760841111
|switch|p2a: Evanescence|Pawmot, M|100/100
|move|p1a: Garchomp|Swords Dance|p1a: Garchomp
|-boost|p1a: Garchomp|atk|2
|
|upkeep
|turn|4
|
|t:|1760841128
|move|p2a: Evanescence|Encore|p1a: Garchomp
|-start|p1a: Garchomp|Encore
|move|p1a: Garchomp|Swords Dance|p1a: Garchomp
|-boost|p1a: Garchomp|atk|2
|
|upkeep
|turn|5
|
|t:|1760841140
|switch|p2a: Iron Deficiency|Iron Hands|100/100
|-activate|p2a: Iron Deficiency|ability: Quark Drive
|-start|p2a: Iron Deficiency|quarkdriveatk
|switch|p1a: Orthworm|Orthworm, F|100/100
|
|upkeep
|turn|6
|
|t:|1760841152
|move|p1a: Orthworm|Stealth Rock|p2a: Iron Deficiency
|-sidestart|p2: john torkoal|move: Stealth Rock
|move|p2a: Iron Deficiency|Swords Dance|p2a: Iron Deficiency
|-boost|p2a: Iron Deficiency|atk|2
|
|upkeep
|turn|7
|
|t:|1760841159
|move|p1a: Orthworm|Curse|p1a: Orthworm
|-unboost|p1a: Orthworm|spe|1
|-boost|p1a: Orthworm|atk|1
|-boost|p1a: Orthworm|def|1
|move|p2a: Iron Deficiency|Drain Punch|p1a: Orthworm
|-supereffective|p1a: Orthworm
|-damage|p1a: Orthworm|10/100
|-damage|p2a: Iron Deficiency|84/100|[from] item: Rocky Helmet|[of] p1a: Orthworm
|
|upkeep
|turn|8
|-activate|p2a: Iron Deficiency|item: Quick Claw
|
|t:|1760841176
|switch|p1a: Haunter|Haunter, M|100/100
|move|p2a: Iron Deficiency|Ice Punch|p1a: Haunter
|-damage|p1a: Haunter|0 fnt
|faint|p1a: Haunter
|
|-fieldend|move: Electric Terrain
|-end|p2a: Iron Deficiency|Quark Drive
|upkeep
|inactive|lumapuka has 120 seconds left.
|
|t:|1760841201
|switch|p1a: Garchomp|Garchomp, M|100/100
|turn|9
|inactive|lumapuka has 120 seconds left.
|
|t:|1760841209
|-terastallize|p2a: Iron Deficiency|Flying
|move|p1a: Garchomp|Earthquake|p2a: Iron Deficiency
|-immune|p2a: Iron Deficiency
|move|p2a: Iron Deficiency|Ice Punch|p1a: Garchomp
|-supereffective|p1a: Garchomp
|-damage|p1a: Garchomp|0 fnt
|-damage|p2a: Iron Deficiency|72/100|[from] ability: Rough Skin|[of] p1a: Garchomp
|-damage|p2a: Iron Deficiency|55/100|[from] item: Rocky Helmet|[of] p1a: Garchomp
|faint|p1a: Garchomp
|
|-sideend|p2: john torkoal|Reflect
|upkeep
|inactive|lumapuka has 120 seconds left.
|
|t:|1760841225
|switch|p1a: Cryogonal|Cryogonal|100/100
|turn|10
|
|t:|1760841231
|-end|p2a: Iron Deficiency|Quark Drive|[silent]
|switch|p2a: OH YEAH!! YEAHH!!!|Pincurchin, M|100/100
|-damage|p2a: OH YEAH!! YEAHH!!!|88/100|[from] Stealth Rock
|-fieldstart|move: Electric Terrain|[from] ability: Electric Surge|[of] p2a: OH YEAH!! YEAHH!!!
|move|p1a: Cryogonal|Reflect|p1a: Cryogonal
|-sidestart|p1: lumapuka|Reflect
|
|upkeep
|turn|11
|inactive|lumapuka has 120 seconds left.
|
|t:|1760841241
|switch|p1a: Scyther|Scyther, F|100/100
|move|p2a: OH YEAH!! YEAHH!!!|Memento|p1a: Scyther
|-unboost|p1a: Scyther|atk|2
|-unboost|p1a: Scyther|spa|2
|faint|p2a: OH YEAH!! YEAHH!!!
|
|upkeep
|
|t:|1760841246
|switch|p2a: Evanescence|Pawmot, M|100/100
|-damage|p2a: Evanescence|95/100|[from] Stealth Rock
|turn|12
|
|t:|1760841255
|switch|p1a: Orthworm|Orthworm, F|10/100
|move|p2a: Evanescence|Revival Blessing|p2a: Evanescence
|-enditem|p2a: Evanescence|Leppa Berry|[eat]
|-activate|p2a: Evanescence|item: Leppa Berry|Revival Blessing|[consumed]
|
|t:|1760841256
|-heal|p2: OH YEAH!! YEAHH!!!|50/100|[from] move: Revival Blessing
|
|upkeep
|turn|13
|
|t:|1760841266
|move|p2a: Evanescence|Mach Punch|p1a: Orthworm
|-supereffective|p1a: Orthworm
|-damage|p1a: Orthworm|0 fnt
|-damage|p2a: Evanescence|78/100|[from] item: Rocky Helmet|[of] p1a: Orthworm
|faint|p1a: Orthworm
|
|upkeep
|
|t:|1760841274
|switch|p1a: Scyther|Scyther, F|100/100
|turn|14
|
|t:|1760841284
|switch|p2a: William O' Wisp|Rotom-Wash|17/100
|-damage|p2a: William O' Wisp|5/100|[from] Stealth Rock
|move|p1a: Scyther|Focus Energy|p1a: Scyther
|-start|p1a: Scyther|move: Focus Energy
|
|-sideend|p1: lumapuka|Reflect
|upkeep
|turn|15
|
|t:|1760841297
|move|p1a: Scyther|Bug Bite|p2a: William O' Wisp
|-crit|p2a: William O' Wisp
|-damage|p2a: William O' Wisp|0 fnt
|faint|p2a: William O' Wisp
|
|upkeep
|
|t:|1760841302
|switch|p2a: Surf's Up (2007)|Raichu-Alola, F|100/100
|-damage|p2a: Surf's Up (2007)|88/100|[from] Stealth Rock
|turn|16
|
|t:|1760841306
|move|p2a: Surf's Up (2007)|Volt Switch|p1a: Scyther
|-supereffective|p1a: Scyther
|-damage|p1a: Scyther|0 fnt
|faint|p1a: Scyther
|
|t:|1760841313
|switch|p2a: Evanescence|Pawmot, M|78/100|[from] Volt Switch
|-damage|p2a: Evanescence|72/100|[from] Stealth Rock
|
|upkeep
|
|t:|1760841318
|switch|p1a: Cryogonal|Cryogonal|100/100
|turn|17
|
|t:|1760841323
|move|p2a: Evanescence|Mach Punch|p1a: Cryogonal
|-supereffective|p1a: Cryogonal
|-damage|p1a: Cryogonal|46/100
|move|p1a: Cryogonal|Reflect|p1a: Cryogonal
|-sidestart|p1: lumapuka|Reflect
|
|-heal|p1a: Cryogonal|52/100|[from] item: Leftovers
|-fieldend|move: Electric Terrain
|upkeep
|turn|18
|
|t:|1760841331
|move|p2a: Evanescence|Revival Blessing|p2a: Evanescence
|
|t:|1760841333
|-heal|p2: William O' Wisp|50/100|[from] move: Revival Blessing
|move|p1a: Cryogonal|Light Screen|p1a: Cryogonal
|-sidestart|p1: lumapuka|move: Light Screen
|
|-heal|p1a: Cryogonal|58/100|[from] item: Leftovers
|upkeep
|turn|19
|
|t:|1760841343
|switch|p2a: OH YEAH!! YEAHH!!!|Pincurchin, M|50/100
|-damage|p2a: OH YEAH!! YEAHH!!!|38/100|[from] Stealth Rock
|-fieldstart|move: Electric Terrain|[from] ability: Electric Surge|[of] p2a: OH YEAH!! YEAHH!!!
|switch|p1a: Enamorus|Enamorus-Therian, F|100/100
|
|upkeep
|turn|20
|
|t:|1760841352
|move|p1a: Enamorus|Calm Mind|p1a: Enamorus
|-boost|p1a: Enamorus|spa|1
|-boost|p1a: Enamorus|spd|1
|move|p2a: OH YEAH!! YEAHH!!!|Memento|p1a: Enamorus
|-unboost|p1a: Enamorus|atk|2
|-unboost|p1a: Enamorus|spa|2
|faint|p2a: OH YEAH!! YEAHH!!!
|
|upkeep
|
|t:|1760841359
|switch|p2a: Finger Eleven|Frosmoth, F, shiny|100/100
|turn|21
|
|t:|1760841364
|move|p2a: Finger Eleven|Quiver Dance|p2a: Finger Eleven
|-boost|p2a: Finger Eleven|spa|1
|-boost|p2a: Finger Eleven|spd|1
|-boost|p2a: Finger Eleven|spe|1
|move|p1a: Enamorus|Calm Mind|p1a: Enamorus
|-boost|p1a: Enamorus|spa|1
|-boost|p1a: Enamorus|spd|1
|
|-sideend|p1: lumapuka|Reflect
|upkeep
|turn|22
|
|t:|1760841380
|-terastallize|p1a: Enamorus|Fairy
|move|p2a: Finger Eleven|Quiver Dance|p2a: Finger Eleven
|-boost|p2a: Finger Eleven|spa|1
|-boost|p2a: Finger Eleven|spd|1
|-boost|p2a: Finger Eleven|spe|1
|move|p1a: Enamorus|Calm Mind|p1a: Enamorus
|-boost|p1a: Enamorus|spa|1
|-boost|p1a: Enamorus|spd|1
|
|-sideend|p1: lumapuka|move: Light Screen
|upkeep
|turn|23
|
|t:|1760841393
|move|p2a: Finger Eleven|Ice Beam|p1a: Enamorus
|-damage|p1a: Enamorus|65/100
|move|p1a: Enamorus|Calm Mind|p1a: Enamorus
|-boost|p1a: Enamorus|spa|1
|-boost|p1a: Enamorus|spd|1
|
|upkeep
|turn|24
|
|t:|1760841407
|move|p2a: Finger Eleven|Defog|p1a: Enamorus
|-unboost|p1a: Enamorus|evasion|1
|-sideend|p2: john torkoal|Stealth Rock|[from] move: Defog|[of] p2a: Finger Eleven
|-fieldend|move: Electric Terrain
|move|p1a: Enamorus|Psychic|p2a: Finger Eleven
|-damage|p2a: Finger Eleven|82/100
|
|upkeep
|turn|25
|
|t:|1760841415
|move|p2a: Finger Eleven|Ice Beam|p1a: Enamorus
|-damage|p1a: Enamorus|35/100
|move|p1a: Enamorus|Calm Mind|p1a: Enamorus
|-boost|p1a: Enamorus|spa|1
|-boost|p1a: Enamorus|spd|1
|
|upkeep
|turn|26
|
|t:|1760841423
|move|p2a: Finger Eleven|Quiver Dance|p2a: Finger Eleven
|-boost|p2a: Finger Eleven|spa|1
|-boost|p2a: Finger Eleven|spd|1
|-boost|p2a: Finger Eleven|spe|1
|move|p1a: Enamorus|Draining Kiss|p2a: Finger Eleven
|-damage|p2a: Finger Eleven|57/100
|-heal|p1a: Enamorus|54/100|[from] drain|[of] p2a: Finger Eleven
|
|upkeep
|turn|27
|
|t:|1760841431
|move|p2a: Finger Eleven|Ice Beam|p1a: Enamorus
|-damage|p1a: Enamorus|24/100
|move|p1a: Enamorus|Draining Kiss|p2a: Finger Eleven
|-damage|p2a: Finger Eleven|30/100
|-heal|p1a: Enamorus|43/100|[from] drain|[of] p2a: Finger Eleven
|
|upkeep
|turn|28
|
|t:|1760841439
|move|p2a: Finger Eleven|Ice Beam|p1a: Enamorus
|-damage|p1a: Enamorus|14/100
|move|p1a: Enamorus|Draining Kiss|p2a: Finger Eleven
|-damage|p2a: Finger Eleven|7/100
|-heal|p1a: Enamorus|32/100|[from] drain|[of] p2a: Finger Eleven
|
|upkeep
|turn|29
|
|t:|1760841449
|move|p2a: Finger Eleven|Ice Beam|p1a: Enamorus
|-damage|p1a: Enamorus|0 fnt
|faint|p1a: Enamorus
|
|upkeep
|-message|lumapuka forfeited.
|
|win|john torkoal
|raw|lumapuka's rating: 1192 &rarr; <strong>1165</strong><br />(-27 for losing)
|raw|john torkoal's rating: 1160 &rarr; <strong>1187</strong><br />(+27 for winning)
|l|☆lumapuka
|player|p1|
|l|☆john torkoal
|player|p2|
