|j|☆Phantom0Gamer0
|j|☆wonnoamei
|t:|1760735208
|gametype|singles
|player|p1|Phantom0Gamer0|erika|1105
|player|p2|wonnoamei|parasollady|1085
|gen|9
|tier|[Gen 9] OU
|rated|
|rule|HP Percentage Mod: HP is shown in percentages
|rule|Endless Battle Clause: Forcing endless battles is banned
|rule|Species Clause: Limit one of each Pokémon
|rule|OHKO Clause: OHKO moves are banned
|rule|Evasion Items Clause: Evasion items are banned
|rule|Evasion Moves Clause: Evasion moves are banned
|rule|Evasion Abilities Clause: Evasion abilities are banned
|rule|Sleep Moves Clause: Sleep-inducing moves are banned
|clearpoke
|poke|p1|Cetitan, M|
|poke|p1|Drifblim, F|
|poke|p1|Hariyama, M|
|poke|p1|Cinderace, M|
|poke|p1|Garganacl, M|
|poke|p1|Ursaluna, F|
|poke|p2|Ceruledge, F|
|poke|p2|Ogerpon-Wellspring, F|
|poke|p2|Darkrai|
|poke|p2|Garganacl, M|
|poke|p2|Raging Bolt|
|poke|p2|Hatterene, F|
|teampreview
|inactive|Battle timer is ON: inactive players will automatically lose when time's up. (requested by wonnoamei)
|
|t:|1760735236
|teamsize|p1|6
|teamsize|p2|6
|start
|switch|p1a: Cinderace|Cinderace, M|100/100
|switch|p2a: Darkrai|Darkrai, shiny|100/100
|turn|1
|
|t:|1760735245
|switch|p2a: Garganacl|Garganacl, M, shiny|100/100
|move|p1a: Cinderace|U-turn|p2a: Garganacl
|-start|p1a: Cinderace|typechange|Bug|[from] ability: Libero
|-damage|p2a: Garganacl|72/100
|-damage|p1a: Cinderace|91/100|[from] item: Life Orb
|
|t:|1760735253
|switch|p1a: Ursaluna|Ursaluna, F|100/100|[from] U-turn
|
|-heal|p2a: Garganacl|78/100|[from] item: Leftovers
|-status|p1a: Ursaluna|brn|[from] item: Flame Orb
|upkeep
|turn|2
|
|t:|1760735261
|move|p2a: Garganacl|Protect|p2a: Garganacl
|-singleturn|p2a: Garganacl|Protect
|move|p1a: Ursaluna|Headlong Rush|p2a: Garganacl
|-activate|p2a: Garganacl|move: Protect
|
|-heal|p2a: Garganacl|84/100|[from] item: Leftovers
|-damage|p1a: Ursaluna|94/100 brn|[from] brn
|upkeep
|turn|3
|
|t:|1760735286
|switch|p2a: Ogerpon|Ogerpon-Wellspring, F|100/100
|move|p1a: Ursaluna|Headlong Rush|p2a: Ogerpon
|-resisted|p2a: Ogerpon
|-damage|p2a: Ogerpon|37/100
|-unboost|p1a: Ursaluna|def|1
|-unboost|p1a: Ursaluna|spd|1
|
|-damage|p1a: Ursaluna|88/100 brn|[from] brn
|upkeep
|turn|4
|
|t:|1760735297
|switch|p1a: Hariyama|Hariyama, M|100/100
|move|p2a: Ogerpon|Ivy Cudgel|p1a: Hariyama|[anim] Ivy Cudgel Water
|-crit|p1a: Hariyama
|-damage|p1a: Hariyama|19/100
|
|upkeep
|turn|5
|
|t:|1760735303
|move|p2a: Ogerpon|Horn Leech|p1a: Hariyama
|-damage|p1a: Hariyama|0 fnt
|-heal|p2a: Ogerpon|49/100|[from] drain|[of] p1a: Hariyama
|faint|p1a: Hariyama
|
|upkeep
|
|t:|1760735308
|switch|p1a: Cinderace|Cinderace, M|91/100
|turn|6
|
|t:|1760735315
|switch|p2a: Raging Bolt|Raging Bolt|100/100
|move|p1a: Cinderace|U-turn|p2a: Raging Bolt
|-start|p1a: Cinderace|typechange|Bug|[from] ability: Libero
|-damage|p2a: Raging Bolt|66/100
|-damage|p1a: Cinderace|81/100|[from] item: Life Orb
|
|t:|1760735323
|switch|p1a: Ursaluna|Ursaluna, F|88/100 brn|[from] U-turn
|
|-heal|p2a: Raging Bolt|72/100|[from] item: Leftovers
|-damage|p1a: Ursaluna|82/100 brn|[from] brn
|upkeep
|turn|7
|
|t:|1760735328
|move|p2a: Raging Bolt|Draco Meteor|p1a: Ursaluna
|-damage|p1a: Ursaluna|11/100 brn
|-unboost|p2a: Raging Bolt|spa|2
|move|p1a: Ursaluna|Headlong Rush|p2a: Raging Bolt
|-supereffective|p2a: Raging Bolt
|-damage|p2a: Raging Bolt|0 fnt
|-unboost|p1a: Ursaluna|def|1
|-unboost|p1a: Ursaluna|spd|1
|faint|p2a: Raging Bolt
|-end|p2a: Raging Bolt|Protosynthesis|[silent]
|
|-damage|p1a: Ursaluna|5/100 brn|[from] brn
|upkeep
|
|t:|1760735341
|switch|p2a: Ogerpon|Ogerpon-Wellspring, F|49/100
|turn|8
|
|t:|1760735348
|move|p2a: Ogerpon|Ivy Cudgel|p1a: Ursaluna|[anim] Ivy Cudgel Water
|-supereffective|p1a: Ursaluna
|-damage|p1a: Ursaluna|0 fnt
|faint|p1a: Ursaluna
|
|upkeep
|
|t:|1760735351
|switch|p1a: Cinderace|Cinderace, M|81/100
|turn|9
|
|t:|1760735357
|switch|p2a: Garganacl|Garganacl, M, shiny|84/100
|move|p1a: Cinderace|U-turn|p2a: Garganacl
|-start|p1a: Cinderace|typechange|Bug|[from] ability: Libero
|-damage|p2a: Garganacl|53/100
|-damage|p1a: Cinderace|71/100|[from] item: Life Orb
|
|t:|1760735373
|switch|p1a: Cetitan|Cetitan, M|100/100|[from] U-turn
|
|-heal|p2a: Garganacl|59/100|[from] item: Leftovers
|upkeep
|turn|10
|
|t:|1760735379
|move|p1a: Cetitan|Liquidation|p2a: Garganacl
|-supereffective|p2a: Garganacl
|-damage|p2a: Garganacl|0 fnt
|faint|p2a: Garganacl
|
|upkeep
|
|t:|1760735386
|switch|p2a: Ceruledge|Ceruledge, F, shiny|100/100
|turn|11
|
|t:|1760735392
|move|p2a: Ceruledge|Swords Dance|p2a: Ceruledge
|-boost|p2a: Ceruledge|atk|2
|move|p1a: Cetitan|Liquidation|p2a: Ceruledge
|-supereffective|p2a: Ceruledge
|-enditem|p2a: Ceruledge|Focus Sash
|-damage|p2a: Ceruledge|1/100
|-ability|p2a: Ceruledge|Weak Armor|boost
|-unboost|p2a: Ceruledge|def|1
|-boost|p2a: Ceruledge|spe|2
|
|upkeep
|turn|12
|
|t:|1760735401
|-terastallize|p1a: Cetitan|Water
|move|p2a: Ceruledge|Bitter Blade|p1a: Cetitan
|-resisted|p1a: Cetitan
|-damage|p1a: Cetitan|60/100
|-heal|p2a: Ceruledge|39/100|[from] drain|[of] p1a: Cetitan
|move|p1a: Cetitan|Liquidation|p2a: Ceruledge
|-supereffective|p2a: Ceruledge
|-damage|p2a: Ceruledge|0 fnt
|faint|p2a: Ceruledge
|
|upkeep
|
|t:|1760735406
|switch|p2a: Ogerpon|Ogerpon-Wellspring, F|49/100
|turn|13
|
|t:|1760735423
|switch|p1a: Drifblim|Drifblim, F|100/100
|move|p2a: Ogerpon|Horn Leech|p1a: Drifblim
|-resisted|p1a: Drifblim
|-damage|p1a: Drifblim|76/100
|-heal|p2a: Ogerpon|66/100|[from] drain|[of] p1a: Drifblim
|-enditem|p1a: Drifblim|Red Card|[of] p2a: Ogerpon
|drag|p2a: Darkrai|Darkrai, shiny|100/100
|
|upkeep
|turn|14
|
|t:|1760735433
|move|p2a: Darkrai|Dark Pulse|p1a: Drifblim
|-supereffective|p1a: Drifblim
|-damage|p1a: Drifblim|0 fnt
|faint|p1a: Drifblim
|
|upkeep
|inactive|Phantom0Gamer0 has 120 seconds left.
|
|t:|1760735465
|switch|p1a: Garganacl|Garganacl, M|100/100
|turn|15
|inactive|Phantom0Gamer0 has 120 seconds left.
|
|t:|1760735492
|switch|p2a: Hatterene|Hatterene, F|100/100
|move|p1a: Garganacl|Curse|p1a: Garganacl
|-unboost|p1a: Garganacl|spe|1
|-boost|p1a: Garganacl|atk|1
|-boost|p1a: Garganacl|def|1
|
|upkeep
|turn|16
|
|t:|1760735504
|move|p2a: Hatterene|Nuzzle|p1a: Garganacl
|-damage|p1a: Garganacl|99/100
|move|p1a: Garganacl|Avalanche|p2a: Hatterene
|-damage|p2a: Hatterene|61/100
|-damage|p1a: Garganacl|82/100|[from] item: Rocky Helmet|[of] p2a: Hatterene
|
|-heal|p1a: Garganacl|88/100|[from] item: Leftovers
|upkeep
|turn|17
|
|t:|1760735514
|move|p2a: Hatterene|Pain Split|p1a: Garganacl
|-sethp|p1a: Garganacl|68/100|[from] move: Pain Split|[silent]
|-sethp|p2a: Hatterene|87/100|[from] move: Pain Split
|move|p1a: Garganacl|Curse|p1a: Garganacl
|-unboost|p1a: Garganacl|spe|1
|-boost|p1a: Garganacl|atk|1
|-boost|p1a: Garganacl|def|1
|
|-heal|p1a: Garganacl|74/100|[from] item: Leftovers
|upkeep
|turn|18
|
|t:|1760735519
|switch|p2a: Darkrai|Darkrai, shiny|100/100
|move|p1a: Garganacl|Curse|p1a: Garganacl
|-unboost|p1a: Garganacl|spe|1
|-boost|p1a: Garganacl|atk|1
|-boost|p1a: Garganacl|def|1
|
|-heal|p1a: Garganacl|80/100|[from] item: Leftovers
|upkeep
|turn|19
|
|t:|1760735523
|move|p2a: Darkrai|Trick|p1a: Garganacl
|-activate|p2a: Darkrai|move: Trick|[of] p1a: Garganacl
|-item|p1a: Garganacl|Choice Scarf|[from] move: Trick
|-item|p2a: Darkrai|Leftovers|[from] move: Trick
|move|p1a: Garganacl|Avalanche|p2a: Darkrai
|-damage|p2a: Darkrai|55/100
|
|-heal|p2a: Darkrai|62/100|[from] item: Leftovers
|upkeep
|turn|20
|
|t:|1760735531
|switch|p2a: Hatterene|Hatterene, F|87/100
|move|p1a: Garganacl|Avalanche|p2a: Hatterene
|-damage|p2a: Hatterene|53/100
|-damage|p1a: Garganacl|64/100|[from] item: Rocky Helmet|[of] p2a: Hatterene
|
|upkeep
|turn|21
|
|t:|1760735539
|move|p2a: Hatterene|Pain Split|p1a: Garganacl
|-sethp|p1a: Garganacl|52/100|[from] move: Pain Split|[silent]
|-sethp|p2a: Hatterene|67/100|[from] move: Pain Split
|move|p1a: Garganacl|Avalanche|p2a: Hatterene
|-damage|p2a: Hatterene|29/100
|-damage|p1a: Garganacl|36/100|[from] item: Rocky Helmet|[of] p2a: Hatterene
|
|upkeep
|turn|22
|
|t:|1760735560
|move|p2a: Hatterene|Psychic Noise|p1a: Garganacl
|-damage|p1a: Garganacl|8/100
|-start|p1a: Garganacl|move: Heal Block
|move|p1a: Garganacl|Avalanche|p2a: Hatterene
|-damage|p2a: Hatterene|0 fnt
|-damage|p1a: Garganacl|0 fnt|[from] item: Rocky Helmet|[of] p2a: Hatterene
|faint|p2a: Hatterene
|faint|p1a: Garganacl
|
|upkeep
|
|t:|1760735571
|switch|p2a: Ogerpon|Ogerpon-Wellspring, F|66/100
|switch|p1a: Cinderace|Cinderace, M|71/100
|turn|23
|
|t:|1760735584
|-terastallize|p2a: Ogerpon|Water
|detailschange|p2a: Ogerpon|Ogerpon-Wellspring-Tera, F, tera:Water
|-ability|p2a: Ogerpon|Embody Aspect (Wellspring)|boost
|-boost|p2a: Ogerpon|spd|1
|move|p1a: Cinderace|U-turn|p2a: Ogerpon
|-start|p1a: Cinderace|typechange|Bug|[from] ability: Libero
|-damage|p2a: Ogerpon|19/100
|-damage|p1a: Cinderace|61/100|[from] item: Life Orb
|
|t:|1760735593
|switch|p1a: Cetitan|Cetitan, M, tera:Water|60/100|[from] U-turn
|move|p2a: Ogerpon|Horn Leech|p1a: Cetitan
|-supereffective|p1a: Cetitan
|-damage|p1a: Cetitan|0 fnt
|-heal|p2a: Ogerpon|64/100|[from] drain|[of] p1a: Cetitan
|faint|p1a: Cetitan
|
|upkeep
|
|t:|1760735596
|switch|p1a: Cinderace|Cinderace, M|61/100
|turn|24
|
|t:|1760735603
|move|p1a: Cinderace|High Jump Kick|p2a: Ogerpon
|-start|p1a: Cinderace|typechange|Fighting|[from] ability: Libero
|-damage|p2a: Ogerpon|0 fnt
|faint|p2a: Ogerpon
|detailschange|p2: Ogerpon|Ogerpon-Wellspring, F|[silent]
|-damage|p1a: Cinderace|51/100|[from] item: Life Orb
|
|upkeep
|
|t:|1760735607
|switch|p2a: Darkrai|Darkrai, shiny|62/100
|turn|25
|
|t:|1760735614
|move|p1a: Cinderace|High Jump Kick|p2a: Darkrai
|-supereffective|p2a: Darkrai
|-damage|p2a: Darkrai|0 fnt
|faint|p2a: Darkrai
|-damage|p1a: Cinderace|41/100|[from] item: Life Orb
|
|win|Phantom0Gamer0
|raw|Phantom0Gamer0's rating: 1105 &rarr; <strong>1129</strong><br />(+24 for winning)
|raw|wonnoamei's rating: 1085 &rarr; <strong>1064</strong><br />(-21 for losing)
|c|☆Phantom0Gamer0|gg
|l|☆wonnoamei
|player|p2|
|l|☆Phantom0Gamer0
|player|p1|
