|j|☆zXSpekyXz
|j|☆hisohisokurione
|t:|1760872332
|gametype|singles
|player|p1|zXSpekyXz|169|1068
|player|p2|hisohisokurione|unknown|1052
|gen|9
|tier|[Gen 9] OU
|rated|
|rule|HP Percentage Mod: HP is shown in percentages
|rule|Endless Battle Clause: Forcing endless battles is banned
|rule|Species Clause: Limit one of each Pokémon
|rule|OHKO Clause: OHKO moves are banned
|rule|Evasion Items Clause: Evasion items are banned
|rule|Evasion Moves Clause: Evasion moves are banned
|rule|Evasion Abilities Clause: Evasion abilities are banned
|rule|Sleep Moves Clause: Sleep-inducing moves are banned
|clearpoke
|poke|p1|Great Tusk|
|poke|p1|Heatran, M|
|poke|p1|Weavile, M|
|poke|p1|Primarina, M|
|poke|p1|Ogerpon, F|
|poke|p1|Pecharunt|
|poke|p2|Registeel|
|poke|p2|Glimmora, M|
|poke|p2|Dragonite, M|
|poke|p2|Torkoal, F|
|poke|p2|Mew|
|poke|p2|Dedenne, F|
|teampreview
|
|t:|1760872353
|teamsize|p1|6
|teamsize|p2|6
|start
|switch|p1a: Behemoth|Great Tusk, shiny|100/100
|switch|p2a: Dedenne|Dedenne, F|100/100
|turn|1
|
|t:|1760872368
|-end|p1a: Behemoth|Protosynthesis|[silent]
|switch|p1a: Chaos|Heatran, M, shiny|100/100
|-item|p1a: Chaos|Air Balloon
|move|p2a: Dedenne|Discharge|p1a: Chaos
|-damage|p1a: Chaos|70/100
|-enditem|p1a: Chaos|Air Balloon
|
|upkeep
|turn|2
|
|t:|1760872381
|move|p2a: Dedenne|Discharge|p1a: Chaos
|-damage|p1a: Chaos|37/100
|move|p1a: Chaos|Magma Storm|p2a: Dedenne|[miss]
|-miss|p1a: Chaos|p2a: Dedenne
|
|upkeep
|turn|3
|
|t:|1760872389
|move|p2a: Dedenne|Discharge|p1a: Chaos
|-damage|p1a: Chaos|7/100
|-status|p1a: Chaos|par
|cant|p1a: Chaos|par
|
|upkeep
|turn|4
|
|t:|1760872399
|move|p2a: Dedenne|Discharge|p1a: Chaos
|-damage|p1a: Chaos|0 fnt
|faint|p1a: Chaos
|
|upkeep
|
|t:|1760872408
|switch|p1a: Behemoth|Great Tusk, shiny|100/100
|turn|5
|
|t:|1760872428
|move|p2a: Dedenne|Draining Kiss|p1a: Behemoth
|-supereffective|p1a: Behemoth
|-damage|p1a: Behemoth|45/100
|move|p1a: Behemoth|Headlong Rush|p2a: Dedenne
|-supereffective|p2a: Dedenne
|-enditem|p2a: Dedenne|Focus Sash
|-damage|p2a: Dedenne|1/100
|-unboost|p1a: Behemoth|def|1
|-unboost|p1a: Behemoth|spd|1
|
|upkeep
|turn|6
|
|t:|1760872445
|-end|p1a: Behemoth|Protosynthesis|[silent]
|switch|p1a: Overseer|Pecharunt|100/100
|move|p2a: Dedenne|Endeavor|p1a: Overseer
|-immune|p1a: Overseer
|
|upkeep
|turn|7
|
|t:|1760872471
|move|p2a: Dedenne|Volt Switch|p1a: Overseer
|-damage|p1a: Overseer|75/100
|
|t:|1760872480
|switch|p2a: Registeel|Registeel|100/100|[from] Volt Switch
|move|p1a: Overseer|Shadow Ball|p2a: Registeel
|-damage|p2a: Registeel|88/100
|
|-heal|p2a: Registeel|94/100|[from] item: Leftovers
|upkeep
|turn|8
|
|t:|1760872490
|move|p1a: Overseer|Parting Shot|p2a: Registeel
|-fail|p2a: Registeel|unboost|[from] ability: Clear Body|[of] p2a: Registeel
|move|p2a: Registeel|Iron Defense|p2a: Registeel
|-boost|p2a: Registeel|def|2
|
|-heal|p2a: Registeel|99/100|[from] item: Leftovers
|upkeep
|turn|9
|
|t:|1760872499
|move|p1a: Overseer|Shadow Ball|p2a: Registeel
|-damage|p2a: Registeel|87/100
|move|p2a: Registeel|Iron Defense|p2a: Registeel
|-boost|p2a: Registeel|def|2
|
|-heal|p2a: Registeel|93/100|[from] item: Leftovers
|upkeep
|turn|10
|
|t:|1760872510
|move|p1a: Overseer|Shadow Ball|p2a: Registeel
|-damage|p2a: Registeel|80/100
|move|p2a: Registeel|Amnesia|p2a: Registeel
|-boost|p2a: Registeel|spd|2
|
|-heal|p2a: Registeel|86/100|[from] item: Leftovers
|upkeep
|turn|11
|-message|zXSpekyXz forfeited.
|
|win|hisohisokurione
|raw|zXSpekyXz's rating: 1068 &rarr; <strong>1047</strong><br />(-21 for losing)
|raw|hisohisokurione's rating: 1052 &rarr; <strong>1086</strong><br />(+34 for winning)
|l|☆zXSpekyXz
|player|p1|
|l|☆hisohisokurione
|player|p2|
