|j|☆JR GB JR GB
|j|☆I_HATE_ZOROARK
|t:|1760735404
|gametype|singles
|player|p1|JR GB JR GB|hiker-gen4|1196
|player|p2|I_HATE_ZOROARK|beauty-gen4dp|1188
|gen|9
|tier|[Gen 9] OU
|rated|
|rule|HP Percentage Mod: HP is shown in percentages
|rule|Endless Battle Clause: Forcing endless battles is banned
|rule|Species Clause: Limit one of each Pokémon
|rule|OHKO Clause: OHKO moves are banned
|rule|Evasion Items Clause: Evasion items are banned
|rule|Evasion Moves Clause: Evasion moves are banned
|rule|Evasion Abilities Clause: Evasion abilities are banned
|rule|Sleep Moves Clause: Sleep-inducing moves are banned
|clearpoke
|poke|p1|Meowscarada, F|
|poke|p1|Tsareena, F|
|poke|p1|Gardevoir, F|
|poke|p1|Hatterene, F|
|poke|p1|Salazzle, F|
|poke|p1|Tinkaton, F|
|poke|p2|Scizor, F|
|poke|p2|Serperior, F|
|poke|p2|Thundurus-Therian, M|
|poke|p2|Dragonite, M|
|poke|p2|Blastoise, F|
|poke|p2|Zamazenta-*|
|teampreview
|c|☆I_HATE_ZOROARK|is ur team the goon squad dude???
|
|t:|1760735434
|teamsize|p1|6
|teamsize|p2|6
|start
|switch|p1a: Salazzle|Salazzle, F, shiny|100/100
|switch|p2a: Scizor|Scizor, F|100/100
|turn|1
|
|t:|1760735444
|move|p1a: Salazzle|Fire Blast|p2a: Scizor
|-supereffective|p2a: Scizor
|-damage|p2a: Scizor|0 fnt
|faint|p2a: Scizor
|
|upkeep
|
|t:|1760735451
|switch|p2a: Blastoise|Blastoise, F|100/100
|turn|2
|
|t:|1760735455
|move|p1a: Salazzle|Toxic|p2a: Blastoise
|-status|p2a: Blastoise|tox
|move|p2a: Blastoise|Shell Smash|p2a: Blastoise
|-unboost|p2a: Blastoise|def|1
|-unboost|p2a: Blastoise|spd|1
|-boost|p2a: Blastoise|atk|2
|-boost|p2a: Blastoise|spa|2
|-boost|p2a: Blastoise|spe|2
|-enditem|p2a: Blastoise|White Herb
|-clearnegativeboost|p2a: Blastoise|[silent]
|
|-damage|p2a: Blastoise|94/100 tox|[from] psn
|upkeep
|turn|3
|
|t:|1760735464
|move|p2a: Blastoise|Earthquake|p1a: Salazzle
|-supereffective|p1a: Salazzle
|-enditem|p1a: Salazzle|Focus Sash
|-damage|p1a: Salazzle|1/100
|move|p1a: Salazzle|Endeavor|p2a: Blastoise
|-damage|p2a: Blastoise|1/100 tox
|
|-damage|p2a: Blastoise|0 fnt|[from] psn
|faint|p2a: Blastoise
|upkeep
|
|t:|1760735477
|switch|p2a: Dragonite|Dragonite, M|100/100
|turn|4
|
|t:|1760735482
|switch|p1a: Tsareena|Tsareena, F, shiny|100/100
|move|p2a: Dragonite|Extreme Speed||[still]
|cant|p1a: Tsareena|ability: Queenly Majesty|Extreme Speed|[of] p2a: Dragonite
|
|upkeep
|turn|5
|
|t:|1760735489
|move|p2a: Dragonite|Dragon Dance|p2a: Dragonite
|-boost|p2a: Dragonite|atk|1
|-boost|p2a: Dragonite|spe|1
|move|p1a: Tsareena|Triple Axel|p2a: Dragonite
|-supereffective|p2a: Dragonite
|-damage|p2a: Dragonite|84/100
|-supereffective|p2a: Dragonite
|-damage|p2a: Dragonite|16/100
|-supereffective|p2a: Dragonite
|-damage|p2a: Dragonite|0 fnt
|faint|p2a: Dragonite
|-hitcount|p2: Dragonite|3
|
|upkeep
|
|t:|1760735501
|switch|p2a: Zamazenta|Zamazenta|100/100
|-ability|p2a: Zamazenta|Dauntless Shield|boost
|-boost|p2a: Zamazenta|def|1
|turn|6
|
|t:|1760735507
|switch|p1a: Gardevoir|Gardevoir, F, shiny|100/100
|-ability|p1a: Gardevoir|Dauntless Shield|Trace|[from] ability: Trace|[of] p2a: Zamazenta
|-ability|p1a: Gardevoir|Dauntless Shield|boost
|-boost|p1a: Gardevoir|def|1
|move|p2a: Zamazenta|Iron Defense|p2a: Zamazenta
|-boost|p2a: Zamazenta|def|2
|
|upkeep
|turn|7
|
|t:|1760735517
|move|p1a: Gardevoir|Moonblast|p2a: Zamazenta
|-supereffective|p2a: Zamazenta
|-damage|p2a: Zamazenta|10/100
|move|p2a: Zamazenta|Body Press|p1a: Gardevoir
|-resisted|p1a: Gardevoir
|-damage|p1a: Gardevoir|76/100
|
|-heal|p2a: Zamazenta|16/100|[from] item: Leftovers
|upkeep
|turn|8
|
|t:|1760735523
|move|p1a: Gardevoir|Moonblast|p2a: Zamazenta
|-supereffective|p2a: Zamazenta
|-damage|p2a: Zamazenta|0 fnt
|faint|p2a: Zamazenta
|
|upkeep
|
|t:|1760735528
|switch|p2a: Serperior|Serperior, F, shiny|100/100
|turn|9
|
|t:|1760735535
|switch|p1a: Meowscarada|Meowscarada, F, shiny|100/100
|move|p2a: Serperior|Leaf Storm|p1a: Meowscarada
|-resisted|p1a: Meowscarada
|-damage|p1a: Meowscarada|64/100
|-boost|p2a: Serperior|spa|2
|
|upkeep
|turn|10
|
|t:|1760735543
|-terastallize|p2a: Serperior|Water
|move|p1a: Meowscarada|U-turn|p2a: Serperior
|-start|p1a: Meowscarada|typechange|Bug|[from] ability: Protean
|-crit|p2a: Serperior
|-damage|p2a: Serperior|6/100
|
|t:|1760735557
|switch|p1a: Tsareena|Tsareena, F, shiny|100/100|[from] U-turn
|move|p2a: Serperior|Leaf Storm|p1a: Tsareena
|-resisted|p1a: Tsareena
|-damage|p1a: Tsareena|67/100
|-boost|p2a: Serperior|spa|2
|
|upkeep
|turn|11
|
|t:|1760735564
|move|p2a: Serperior|Giga Drain|p1a: Tsareena
|-resisted|p1a: Tsareena
|-damage|p1a: Tsareena|41/100
|-heal|p2a: Serperior|22/100|[from] drain|[of] p1a: Tsareena
|move|p1a: Tsareena|Rapid Spin|p2a: Serperior
|-damage|p2a: Serperior|1/100
|-boost|p1a: Tsareena|spe|1
|
|upkeep
|turn|12
|
|t:|1760735576
|move|p2a: Serperior|Leaf Storm|p1a: Tsareena
|-resisted|p1a: Tsareena
|-crit|p1a: Tsareena
|-damage|p1a: Tsareena|0 fnt
|-boost|p2a: Serperior|spa|2
|faint|p1a: Tsareena
|
|upkeep
|
|t:|1760735581
|switch|p1a: Meowscarada|Meowscarada, F, shiny|64/100
|turn|13
|
|t:|1760735586
|move|p1a: Meowscarada|U-turn|p2a: Serperior
|-start|p1a: Meowscarada|typechange|Bug|[from] ability: Protean
|-damage|p2a: Serperior|0 fnt
|faint|p2a: Serperior
|
|t:|1760735591
|switch|p1a: Hatterene|Hatterene, F, shiny|100/100|[from] U-turn
|
|upkeep
|
|t:|1760735594
|switch|p2a: Thundurus|Thundurus-Therian, M|100/100
|turn|14
|
|t:|1760735596
|move|p2a: Thundurus|Nasty Plot|p2a: Thundurus
|-boost|p2a: Thundurus|spa|2
|move|p1a: Hatterene|Future Sight|p2a: Thundurus
|-start|p1a: Hatterene|move: Future Sight
|
|upkeep
|turn|15
|
|t:|1760735603
|move|p2a: Thundurus|Thunderbolt|p1a: Hatterene
|-damage|p1a: Hatterene|0 fnt
|faint|p1a: Hatterene
|
|upkeep
|
|t:|1760735606
|switch|p1a: Meowscarada|Meowscarada, F, shiny|64/100
|turn|16
|
|t:|1760735614
|move|p1a: Meowscarada|Triple Axel|p2a: Thundurus
|-start|p1a: Meowscarada|typechange|Ice|[from] ability: Protean
|-supereffective|p2a: Thundurus
|-damage|p2a: Thundurus|56/100
|-supereffective|p2a: Thundurus
|-damage|p2a: Thundurus|0 fnt
|faint|p2a: Thundurus
|-hitcount|p2: Thundurus|2
|
|win|JR GB JR GB
|raw|JR GB JR GB's rating: 1196 &rarr; <strong>1220</strong><br />(+24 for winning)
|raw|I_HATE_ZOROARK's rating: 1188 &rarr; <strong>1164</strong><br />(-24 for losing)
