|j|☆3lit
|j|☆DARIELPROTO10
|t:|1760805398
|gametype|singles
|player|p1|3lit|169|1216
|player|p2|DARIELPROTO10|cynthia|1164
|gen|9
|tier|[Gen 9] OU
|rated|
|rule|HP Percentage Mod: HP is shown in percentages
|rule|Endless Battle Clause: Forcing endless battles is banned
|rule|Species Clause: Limit one of each Pokémon
|rule|OHKO Clause: OHKO moves are banned
|rule|Evasion Items Clause: Evasion items are banned
|rule|Evasion Moves Clause: Evasion moves are banned
|rule|Evasion Abilities Clause: Evasion abilities are banned
|rule|Sleep Moves Clause: Sleep-inducing moves are banned
|clearpoke
|poke|p1|Tinkaton, F|
|poke|p1|Slowking-Galar, F|
|poke|p1|Ogerpon-Wellspring, F|
|poke|p1|Great Tusk|
|poke|p1|Landorus-Therian, M|
|poke|p1|Raging Bolt|
|poke|p2|Walking Wake|
|poke|p2|Lycanroc-Dusk, M|
|poke|p2|Ogerpon-Cornerstone, F|
|poke|p2|Dragonite, M|
|poke|p2|Zapdos|
|poke|p2|Scizor, F|
|teampreview
|inactive|Battle timer is ON: inactive players will automatically lose when time's up. (requested by 3lit)
|
|t:|1760805405
|teamsize|p1|6
|teamsize|p2|6
|start
|switch|p1a: Tinkaton|Tinkaton, F, shiny|100/100
|switch|p2a: Zapdos|Zapdos|100/100
|-ability|p1a: Tinkaton|Mold Breaker
|turn|1
|
|t:|1760805413
|move|p2a: Zapdos|Heat Wave|p1a: Tinkaton
|-supereffective|p1a: Tinkaton
|-damage|p1a: Tinkaton|54/100
|move|p1a: Tinkaton|Stealth Rock|p2a: Zapdos
|-sidestart|p2: DARIELPROTO10|move: Stealth Rock
|
|-heal|p1a: Tinkaton|60/100|[from] item: Leftovers
|upkeep
|turn|2
|
|t:|1760805419
|move|p2a: Zapdos|Heat Wave|p1a: Tinkaton
|-supereffective|p1a: Tinkaton
|-damage|p1a: Tinkaton|16/100
|move|p1a: Tinkaton|Knock Off|p2a: Zapdos
|-damage|p2a: Zapdos|89/100
|-status|p1a: Tinkaton|par|[from] ability: Static|[of] p2a: Zapdos
|-enditem|p2a: Zapdos|Heavy-Duty Boots|[from] move: Knock Off|[of] p1a: Tinkaton
|
|-heal|p1a: Tinkaton|22/100 par|[from] item: Leftovers
|upkeep
|turn|3
|
|t:|1760805427
|switch|p1a: Neck|Raging Bolt|100/100
|move|p2a: Zapdos|U-turn|p1a: Neck
|-damage|p1a: Neck|87/100
|
|t:|1760805432
|switch|p2a: Walking Wake|Walking Wake|100/100|[from] U-turn
|-damage|p2a: Walking Wake|88/100|[from] Stealth Rock
|
|upkeep
|turn|4
|
|t:|1760805441
|-terastallize|p1a: Neck|Fairy
|move|p2a: Walking Wake|Dragon Pulse|p1a: Neck
|-immune|p1a: Neck
|move|p1a: Neck|Dragon Pulse|p2a: Walking Wake
|-supereffective|p2a: Walking Wake
|-damage|p2a: Walking Wake|0 fnt
|faint|p2a: Walking Wake
|-end|p2a: Walking Wake|Protosynthesis|[silent]
|
|upkeep
|
|t:|1760805446
|switch|p2a: Zapdos|Zapdos|89/100
|-damage|p2a: Zapdos|64/100|[from] Stealth Rock
|turn|5
|
|t:|1760805450
|move|p1a: Neck|Dragon Pulse|p2a: Zapdos
|-damage|p2a: Zapdos|0 fnt
|faint|p2a: Zapdos
|
|upkeep
|
|t:|1760805453
|switch|p2a: Scizor|Scizor, F|100/100
|-damage|p2a: Scizor|88/100|[from] Stealth Rock
|turn|6
|
|t:|1760805455
|-end|p1a: Neck|Protosynthesis|[silent]
|switch|p1a: Lando|Landorus-Therian, M|100/100
|-ability|p1a: Lando|Intimidate|boost
|-unboost|p2a: Scizor|atk|1
|move|p2a: Scizor|Knock Off|p1a: Lando
|-damage|p1a: Lando|76/100
|-enditem|p1a: Lando|Leftovers|[from] move: Knock Off|[of] p2a: Scizor
|
|upkeep
|turn|7
|
|t:|1760805462
|move|p2a: Scizor|Bullet Punch|p1a: Lando
|-damage|p1a: Lando|54/100
|move|p1a: Lando|Taunt|p2a: Scizor
|-start|p2a: Scizor|move: Taunt
|
|upkeep
|turn|8
|
|t:|1760805467
|move|p2a: Scizor|Bullet Punch|p1a: Lando
|-damage|p1a: Lando|32/100
|move|p1a: Lando|Earthquake|p2a: Scizor
|-crit|p2a: Scizor
|-damage|p2a: Scizor|20/100
|
|upkeep
|turn|9
|
|t:|1760805471
|move|p2a: Scizor|Bullet Punch|p1a: Lando
|-damage|p1a: Lando|10/100
|move|p1a: Lando|U-turn|p2a: Scizor
|-resisted|p2a: Scizor
|-damage|p2a: Scizor|10/100
|
|t:|1760805474
|switch|p1a: Tusker|Great Tusk|100/100|[from] U-turn
|
|upkeep
|turn|10
|
|t:|1760805477
|move|p1a: Tusker|Rapid Spin|p2a: Scizor
|-resisted|p2a: Scizor
|-damage|p2a: Scizor|2/100
|-boost|p1a: Tusker|spe|1
|move|p2a: Scizor|Knock Off|p1a: Tusker
|-resisted|p1a: Tusker
|-damage|p1a: Tusker|92/100
|-enditem|p1a: Tusker|Heavy-Duty Boots|[from] move: Knock Off|[of] p2a: Scizor
|
|-end|p2a: Scizor|move: Taunt
|upkeep
|turn|11
|
|t:|1760805484
|move|p2a: Scizor|Bullet Punch|p1a: Tusker
|-damage|p1a: Tusker|78/100
|move|p1a: Tusker|Rapid Spin|p2a: Scizor
|-resisted|p2a: Scizor
|-damage|p2a: Scizor|0 fnt
|-boost|p1a: Tusker|spe|1
|faint|p2a: Scizor
|
|upkeep
|
|t:|1760805499
|switch|p2a: Ogerpon|Ogerpon-Cornerstone, F|100/100
|-damage|p2a: Ogerpon|88/100|[from] Stealth Rock
|turn|12
|
|t:|1760805505
|move|p1a: Tusker|Close Combat|p2a: Ogerpon
|-supereffective|p2a: Ogerpon
|-damage|p2a: Ogerpon|0 fnt
|-unboost|p1a: Tusker|def|1
|-unboost|p1a: Tusker|spd|1
|faint|p2a: Ogerpon
|
|upkeep
|
|t:|1760805508
|switch|p2a: Dragonite|Dragonite, M|100/100
|turn|13
|inactive|DARIELPROTO10 has 120 seconds left.
|
|t:|1760805544
|-end|p1a: Tusker|Protosynthesis|[silent]
|switch|p1a: Lando|Landorus-Therian, M|10/100
|-ability|p1a: Lando|Intimidate|boost
|-unboost|p2a: Dragonite|atk|1
|-terastallize|p2a: Dragonite|Flying
|move|p2a: Dragonite|Dragon Dance|p2a: Dragonite
|-boost|p2a: Dragonite|atk|1
|-boost|p2a: Dragonite|spe|1
|
|upkeep
|turn|14
|
|t:|1760805548
|switch|p1a: Tinkaton|Tinkaton, F, shiny|22/100 par
|-ability|p1a: Tinkaton|Mold Breaker
|move|p2a: Dragonite|Dragon Dance|p2a: Dragonite
|-boost|p2a: Dragonite|atk|1
|-boost|p2a: Dragonite|spe|1
|
|-heal|p1a: Tinkaton|29/100 par|[from] item: Leftovers
|upkeep
|turn|15
|
|t:|1760805555
|move|p2a: Dragonite|Fire Punch|p1a: Tinkaton
|-supereffective|p1a: Tinkaton
|-damage|p1a: Tinkaton|0 fnt
|faint|p1a: Tinkaton
|
|upkeep
|
|t:|1760805562
|switch|p1a: Lando|Landorus-Therian, M|10/100
|-ability|p1a: Lando|Intimidate|boost
|-unboost|p2a: Dragonite|atk|1
|turn|16
|
|t:|1760805566
|move|p2a: Dragonite|Dragon Dance|p2a: Dragonite
|-boost|p2a: Dragonite|atk|1
|-boost|p2a: Dragonite|spe|1
|move|p1a: Lando|Taunt|p2a: Dragonite
|-start|p2a: Dragonite|move: Taunt
|
|upkeep
|turn|17
|
|t:|1760805574
|switch|p1a: Neck|Raging Bolt, tera:Fairy|87/100
|move|p2a: Dragonite|Tera Blast|p1a: Neck|[anim] Tera Blast Flying
|-damage|p1a: Neck|1/100
|
|upkeep
|turn|18
|
|t:|1760805586
|switch|p2a: Lycanroc|Lycanroc-Dusk, M|100/100
|-damage|p2a: Lycanroc|88/100|[from] Stealth Rock
|move|p1a: Neck|Thunderclap||[still]
|-fail|p1a: Neck
|
|upkeep
|turn|19
|
|t:|1760805592
|-end|p1a: Neck|Protosynthesis|[silent]
|switch|p1a: Lando|Landorus-Therian, M|10/100
|-ability|p1a: Lando|Intimidate|boost
|-unboost|p2a: Lycanroc|atk|1
|move|p2a: Lycanroc|Swords Dance|p2a: Lycanroc
|-boost|p2a: Lycanroc|atk|2
|
|upkeep
|turn|20
|
|t:|1760805595
|move|p2a: Lycanroc|Accelerock|p1a: Lando
|-damage|p1a: Lando|0 fnt
|faint|p1a: Lando
|
|upkeep
|
|t:|1760805599
|switch|p1a: Tusker|Great Tusk|78/100
|turn|21
|
|t:|1760805602
|switch|p2a: Dragonite|Dragonite, M, tera:Flying|100/100
|move|p1a: Tusker|Close Combat|p2a: Dragonite
|-resisted|p2a: Dragonite
|-damage|p2a: Dragonite|83/100
|-unboost|p1a: Tusker|def|1
|-unboost|p1a: Tusker|spd|1
|
|upkeep
|turn|22
|
|t:|1760805609
|move|p1a: Tusker|Knock Off|p2a: Dragonite
|-damage|p2a: Dragonite|48/100
|-enditem|p2a: Dragonite|Heavy-Duty Boots|[from] move: Knock Off|[of] p1a: Tusker
|move|p2a: Dragonite|Dragon Dance|p2a: Dragonite
|-boost|p2a: Dragonite|atk|1
|-boost|p2a: Dragonite|spe|1
|
|upkeep
|turn|23
|
|t:|1760805619
|move|p2a: Dragonite|Tera Blast|p1a: Tusker|[anim] Tera Blast Flying
|-supereffective|p1a: Tusker
|-damage|p1a: Tusker|0 fnt
|faint|p1a: Tusker
|-end|p1a: Tusker|Protosynthesis|[silent]
|
|upkeep
|
|t:|1760805623
|switch|p1a: Neck|Raging Bolt, tera:Fairy|1/100
|turn|24
|
|t:|1760805626
|move|p2a: Dragonite|Tera Blast|p1a: Neck|[anim] Tera Blast Flying
|-damage|p1a: Neck|0 fnt
|faint|p1a: Neck
|-end|p1a: Neck|Protosynthesis|[silent]
|
|upkeep
|
|t:|1760805628
|switch|p1a: Gloking|Slowking-Galar, F, shiny|100/100
|turn|25
|
|t:|1760805631
|move|p2a: Dragonite|Earthquake|p1a: Gloking
|-supereffective|p1a: Gloking
|-damage|p1a: Gloking|0 fnt
|faint|p1a: Gloking
|
|upkeep
|
|t:|1760805633
|switch|p1a: Pon Welly|Ogerpon-Wellspring, F|100/100
|turn|26
|
|t:|1760805635
|move|p1a: Pon Welly|Ivy Cudgel|p2a: Dragonite|[anim] Ivy Cudgel Water
|-damage|p2a: Dragonite|0 fnt
|faint|p2a: Dragonite
|
|upkeep
|
|t:|1760805638
|switch|p2a: Lycanroc|Lycanroc-Dusk, M|88/100
|-damage|p2a: Lycanroc|76/100|[from] Stealth Rock
|turn|27
|
|t:|1760805646
|move|p2a: Lycanroc|Accelerock|p1a: Pon Welly
|-damage|p1a: Pon Welly|61/100
|move|p1a: Pon Welly|Horn Leech|p2a: Lycanroc
|-supereffective|p2a: Lycanroc
|-damage|p2a: Lycanroc|0 fnt
|-heal|p1a: Pon Welly|98/100|[from] drain|[of] p2a: Lycanroc
|faint|p2a: Lycanroc
|
|win|3lit
|raw|3lit's rating: 1216 &rarr; <strong>1237</strong><br />(+21 for winning)
|raw|DARIELPROTO10's rating: 1164 &rarr; <strong>1143</strong><br />(-21 for losing)
|c|☆DARIELPROTO10|gg
|l|☆3lit
|player|p1|
