|j|☆RimaxFive
|j|‽aizen18800
|t:|1760878641
|gametype|singles
|player|p1|RimaxFive|unknown|1252
|player|p2|aizen18800|1|1231
|gen|9
|tier|[Gen 9] OU
|rated|
|rule|HP Percentage Mod: HP is shown in percentages
|rule|Endless Battle Clause: Forcing endless battles is banned
|rule|Species Clause: Limit one of each Pokémon
|rule|OHKO Clause: OHKO moves are banned
|rule|Evasion Items Clause: Evasion items are banned
|rule|Evasion Moves Clause: Evasion moves are banned
|rule|Evasion Abilities Clause: Evasion abilities are banned
|rule|Sleep Moves Clause: Sleep-inducing moves are banned
|clearpoke
|poke|p1|Scizor, F|
|poke|p1|Landorus-Therian, M|
|poke|p1|Ceruledge, F|
|poke|p1|Hydrapple, F|
|poke|p1|Blissey, F|
|poke|p1|Cinderace, F|
|poke|p2|Darkrai|
|poke|p2|Slaking, M|
|poke|p2|Dondozo, F|
|poke|p2|Clodsire, F|
|poke|p2|Blissey, F|
|poke|p2|Corviknight, M|
|teampreview
|inactive|Battle timer is ON: inactive players will automatically lose when time's up. (requested by RimaxFive)
|
|t:|1760878649
|teamsize|p1|6
|teamsize|p2|6
|start
|switch|p1a: Landorus|Landorus-Therian, M|100/100
|switch|p2a: Darkrai|Darkrai|100/100
|-ability|p1a: Landorus|Intimidate|boost
|-unboost|p2a: Darkrai|atk|1
|turn|1
|
|t:|1760878654
|move|p2a: Darkrai|Ice Beam|p1a: Landorus
|-supereffective|p1a: Landorus
|-damage|p1a: Landorus|0 fnt
|faint|p1a: Landorus
|
|upkeep
|
|t:|1760878665
|switch|p1a: Cinderace|Cinderace, F|100/100
|turn|2
|
|t:|1760878668
|switch|p2a: Dondozo|Dondozo, F|100/100
|move|p1a: Cinderace|U-turn|p2a: Dondozo
|-start|p1a: Cinderace|typechange|Bug|[from] ability: Libero
|-damage|p2a: Dondozo|85/100
|
|t:|1760878674
|switch|p1a: Hydrapple|Hydrapple, F|100/100|[from] U-turn
|
|-heal|p2a: Dondozo|91/100|[from] item: Leftovers
|upkeep
|turn|3
|
|t:|1760878682
|switch|p2a: Blissey|Blissey, F|100/100
|move|p1a: Hydrapple|Giga Drain|p2a: Blissey
|-damage|p2a: Blissey|92/100
|
|-heal|p2a: Blissey|98/100|[from] item: Leftovers
|upkeep
|turn|4
|
|t:|1760878686
|move|p2a: Blissey|Seismic Toss|p1a: Hydrapple
|-damage|p1a: Hydrapple|76/100
|move|p1a: Hydrapple|Dragon Tail|p2a: Blissey
|-damage|p2a: Blissey|69/100
|drag|p2a: Clodsire|Clodsire, F|100/100
|
|upkeep
|turn|5
|
|t:|1760878695
|move|p1a: Hydrapple|Earth Power|p2a: Clodsire
|-supereffective|p2a: Clodsire
|-damage|p2a: Clodsire|75/100
|move|p2a: Clodsire|Toxic|p1a: Hydrapple
|-status|p1a: Hydrapple|tox
|
|-heal|p2a: Clodsire|81/100|[from] item: Leftovers
|-damage|p1a: Hydrapple|70/100 tox|[from] psn
|upkeep
|turn|6
|
|t:|1760878704
|switch|p1a: Scizor|Scizor, F|100/100
|move|p2a: Clodsire|Toxic Spikes|p1a: Scizor
|-sidestart|p1: RimaxFive|move: Toxic Spikes
|
|-heal|p2a: Clodsire|88/100|[from] item: Leftovers
|upkeep
|turn|7
|
|t:|1760878713
|switch|p2a: Corviknight|Corviknight, M|100/100
|move|p1a: Scizor|Knock Off|p2a: Corviknight
|-damage|p2a: Corviknight|61/100
|-enditem|p2a: Corviknight|Leftovers|[from] move: Knock Off|[of] p1a: Scizor
|-damage|p1a: Scizor|91/100|[from] item: Life Orb
|
|upkeep
|turn|8
|
|t:|1760878722
|move|p1a: Scizor|Swords Dance|p1a: Scizor
|-boost|p1a: Scizor|atk|2
|move|p2a: Corviknight|Roost|p2a: Corviknight
|-heal|p2a: Corviknight|100/100
|-singleturn|p2a: Corviknight|move: Roost
|
|upkeep
|turn|9
|
|t:|1760878726
|move|p1a: Scizor|Swords Dance|p1a: Scizor
|-boost|p1a: Scizor|atk|2
|move|p2a: Corviknight|Iron Defense|p2a: Corviknight
|-boost|p2a: Corviknight|def|2
|
|upkeep
|turn|10
|
|t:|1760878728
|move|p1a: Scizor|Swords Dance|p1a: Scizor
|-boost|p1a: Scizor|atk|2
|move|p2a: Corviknight|Iron Defense|p2a: Corviknight
|-boost|p2a: Corviknight|def|2
|
|upkeep
|turn|11
|
|t:|1760878739
|move|p1a: Scizor|Close Combat|p2a: Corviknight
|-damage|p2a: Corviknight|40/100
|-unboost|p1a: Scizor|def|1
|-unboost|p1a: Scizor|spd|1
|-damage|p1a: Scizor|81/100|[from] item: Life Orb
|move|p2a: Corviknight|Iron Defense|p2a: Corviknight
|-boost|p2a: Corviknight|def|2
|
|upkeep
|turn|12
|
|t:|1760878748
|move|p1a: Scizor|Close Combat|p2a: Corviknight
|-damage|p2a: Corviknight|0 fnt
|-unboost|p1a: Scizor|def|1
|-unboost|p1a: Scizor|spd|1
|faint|p2a: Corviknight
|-damage|p1a: Scizor|71/100|[from] item: Life Orb
|
|upkeep
|
|t:|1760878751
|switch|p2a: Dondozo|Dondozo, F|91/100
|turn|13
|
|t:|1760878757
|switch|p1a: Hydrapple|Hydrapple, F|100/100 tox
|move|p2a: Dondozo|Liquidation|p1a: Hydrapple
|-resisted|p1a: Hydrapple
|-damage|p1a: Hydrapple|95/100 tox
|-unboost|p1a: Hydrapple|def|1
|
|-heal|p2a: Dondozo|97/100|[from] item: Leftovers
|-damage|p1a: Hydrapple|89/100 tox|[from] psn
|upkeep
|turn|14
|
|t:|1760878764
|switch|p2a: Darkrai|Darkrai|100/100
|move|p1a: Hydrapple|Giga Drain|p2a: Darkrai
|-damage|p2a: Darkrai|62/100
|-heal|p1a: Hydrapple|100/100 tox|[from] drain|[of] p2a: Darkrai
|
|-damage|p1a: Hydrapple|88/100 tox|[from] psn
|upkeep
|turn|15
|
|t:|1760878774
|switch|p1a: Scizor|Scizor, F|71/100
|move|p2a: Darkrai|Ice Beam|p1a: Scizor
|-resisted|p1a: Scizor
|-damage|p1a: Scizor|50/100
|
|upkeep
|turn|16
|
|t:|1760878781
|switch|p2a: Dondozo|Dondozo, F|97/100
|move|p1a: Scizor|Swords Dance|p1a: Scizor
|-boost|p1a: Scizor|atk|2
|
|-heal|p2a: Dondozo|100/100|[from] item: Leftovers
|upkeep
|turn|17
|
|t:|1760878784
|move|p1a: Scizor|Knock Off|p2a: Dondozo
|-damage|p2a: Dondozo|80/100
|-enditem|p2a: Dondozo|Leftovers|[from] move: Knock Off|[of] p1a: Scizor
|-damage|p1a: Scizor|40/100|[from] item: Life Orb
|move|p2a: Dondozo|Liquidation|p1a: Scizor
|-damage|p1a: Scizor|10/100
|
|upkeep
|turn|18
|
|t:|1760878793
|switch|p1a: Hydrapple|Hydrapple, F|100/100 tox
|move|p2a: Dondozo|Liquidation|p1a: Hydrapple
|-resisted|p1a: Hydrapple
|-damage|p1a: Hydrapple|95/100 tox
|
|-damage|p1a: Hydrapple|89/100 tox|[from] psn
|upkeep
|turn|19
|
|t:|1760878799
|switch|p2a: Blissey|Blissey, F|69/100
|move|p1a: Hydrapple|Fickle Beam|p2a: Blissey
|-damage|p2a: Blissey|59/100
|
|-heal|p2a: Blissey|65/100|[from] item: Leftovers
|-damage|p1a: Hydrapple|76/100 tox|[from] psn
|upkeep
|turn|20
|
|t:|1760878808
|move|p2a: Blissey|Soft-Boiled|p2a: Blissey
|-heal|p2a: Blissey|100/100
|move|p1a: Hydrapple|Dragon Tail|p2a: Blissey
|-crit|p2a: Blissey
|-damage|p2a: Blissey|51/100
|drag|p2a: Dondozo|Dondozo, F|80/100
|
|-damage|p1a: Hydrapple|58/100 tox|[from] psn
|upkeep
|turn|21
|
|t:|1760878817
|switch|p1a: Cinderace|Cinderace, F|100/100
|switch|p2a: Slaking|Slaking, M|100/100
|
|upkeep
|turn|22
|
|t:|1760878824
|move|p1a: Cinderace|U-turn|p2a: Slaking
|-start|p1a: Cinderace|typechange|Bug|[from] ability: Libero
|-damage|p2a: Slaking|74/100
|
|t:|1760878831
|switch|p1a: Scizor|Scizor, F|10/100|[from] U-turn
|move|p2a: Slaking|Earthquake|p1a: Scizor
|-damage|p1a: Scizor|0 fnt
|faint|p1a: Scizor
|
|upkeep
|
|t:|1760878837
|switch|p1a: Ceruledge|Ceruledge, F|100/100
|-status|p1a: Ceruledge|psn
|turn|23
|
|t:|1760878846
|cant|p2a: Slaking|ability: Truant
|move|p1a: Ceruledge|Bulk Up|p1a: Ceruledge
|-boost|p1a: Ceruledge|atk|1
|-boost|p1a: Ceruledge|def|1
|
|-damage|p1a: Ceruledge|88/100 psn|[from] psn
|upkeep
|turn|24
|
|t:|1760878851
|move|p2a: Slaking|Earthquake|p1a: Ceruledge
|-supereffective|p1a: Ceruledge
|-damage|p1a: Ceruledge|0 fnt
|faint|p1a: Ceruledge
|
|upkeep
|
|t:|1760878860
|switch|p1a: Cinderace|Cinderace, F|100/100
|turn|25
|
|t:|1760878864
|move|p1a: Cinderace|Pyro Ball|p2a: Slaking
|-damage|p2a: Slaking|31/100
|cant|p2a: Slaking|ability: Truant
|
|upkeep
|turn|26
|
|t:|1760878871
|switch|p2a: Dondozo|Dondozo, F|80/100
|move|p1a: Cinderace|Pyro Ball|p2a: Dondozo
|-resisted|p2a: Dondozo
|-damage|p2a: Dondozo|67/100
|
|upkeep
|turn|27
|
|t:|1760878875
|move|p1a: Cinderace|Court Change|p1a: Cinderace
|-start|p1a: Cinderace|typechange|Normal|[from] ability: Libero
|-swapsideconditions
|-activate|p1a: Cinderace|move: Court Change
|move|p2a: Dondozo|Rest|p2a: Dondozo
|-status|p2a: Dondozo|slp|[from] move: Rest
|-heal|p2a: Dondozo|100/100 slp|[silent]
|
|upkeep
|turn|28
|
|t:|1760878880
|switch|p2a: Clodsire|Clodsire, F|88/100
|-sideend|p2: aizen18800|move: Toxic Spikes|[of] p2a: Clodsire
|move|p1a: Cinderace|U-turn|p2a: Clodsire
|-resisted|p2a: Clodsire
|-damage|p2a: Clodsire|74/100
|
|t:|1760878885
|switch|p1a: Hydrapple|Hydrapple, F|91/100 tox|[from] U-turn
|
|-heal|p2a: Clodsire|80/100|[from] item: Leftovers
|-damage|p1a: Hydrapple|85/100 tox|[from] psn
|upkeep
|turn|29
|
|t:|1760878893
|move|p1a: Hydrapple|Earth Power|p2a: Clodsire
|-supereffective|p2a: Clodsire
|-damage|p2a: Clodsire|55/100
|move|p2a: Clodsire|Recover|p2a: Clodsire
|-heal|p2a: Clodsire|100/100
|
|-damage|p1a: Hydrapple|72/100 tox|[from] psn
|upkeep
|turn|30
|-message|RimaxFive forfeited.
|
|win|aizen18800
|raw|RimaxFive's rating: 1252 &rarr; <strong>1225</strong><br />(-27 for losing)
|raw|aizen18800's rating: 1231 &rarr; <strong>1258</strong><br />(+27 for winning)
|l|☆RimaxFive
|player|p1|
|l|‽aizen18800
|player|p2|
