|j|☆steezy1
|j|☆uubltohighladder
|t:|1760853729
|gametype|singles
|player|p1|steezy1|266|1339
|player|p2|uubltohighladder|170|1218
|gen|9
|tier|[Gen 9] OU
|rated|
|rule|HP Percentage Mod: HP is shown in percentages
|rule|Endless Battle Clause: Forcing endless battles is banned
|rule|Species Clause: Limit one of each Pokémon
|rule|OHKO Clause: OHKO moves are banned
|rule|Evasion Items Clause: Evasion items are banned
|rule|Evasion Moves Clause: Evasion moves are banned
|rule|Evasion Abilities Clause: Evasion abilities are banned
|rule|Sleep Moves Clause: Sleep-inducing moves are banned
|clearpoke
|poke|p1|Gengar, F|
|poke|p1|Krookodile, F|
|poke|p1|Chesnaught, F|
|poke|p1|Goodra-Hisui, F|
|poke|p1|Cyclizar, M|
|poke|p1|Armarouge, F|
|poke|p2|Kingambit, F|
|poke|p2|Dragonite, F|
|poke|p2|Gholdengo|
|poke|p2|Great Tusk|
|poke|p2|Zapdos|
|poke|p2|Ogerpon-Wellspring, F|
|teampreview
|inactive|Battle timer is ON: inactive players will automatically lose when time's up. (requested by uubltohighladder)
|
|t:|1760853739
|teamsize|p1|6
|teamsize|p2|6
|start
|switch|p1a: Gengar|Gengar, F|100/100
|switch|p2a: Zapdos|Zapdos|100/100
|turn|1
|
|t:|1760853742
|move|p1a: Gengar|Trick|p2a: Zapdos
|-activate|p1a: Gengar|move: Trick|[of] p2a: Zapdos
|-item|p2a: Zapdos|Choice Scarf|[from] move: Trick
|-item|p1a: Gengar|Heavy-Duty Boots|[from] move: Trick
|move|p2a: Zapdos|Volt Switch|p1a: Gengar
|-damage|p1a: Gengar|49/100
|
|t:|1760853749
|switch|p2a: Kingambit|Kingambit, F|100/100|[from] Volt Switch
|
|upkeep
|turn|2
|
|t:|1760853753
|move|p2a: Kingambit|Sucker Punch||[still]
|-fail|p2a: Kingambit
|move|p1a: Gengar|Will-O-Wisp|p2a: Kingambit|[miss]
|-miss|p1a: Gengar|p2a: Kingambit
|
|upkeep
|turn|3
|
|t:|1760853764
|-end|p2a: Kingambit|fallenundefined|[silent]
|switch|p2a: Gholdengo|Gholdengo|100/100
|move|p1a: Gengar|Will-O-Wisp|p2a: Gholdengo
|-immune|p2a: Gholdengo|[from] ability: Good as Gold
|
|upkeep
|turn|4
|
|t:|1760853767
|switch|p1a: Cyclizar|Cyclizar, M|100/100
|move|p2a: Gholdengo|Make It Rain|p1a: Cyclizar
|-crit|p1a: Cyclizar
|-damage|p1a: Cyclizar|0 fnt
|-unboost|p2a: Gholdengo|spa|1
|faint|p1a: Cyclizar
|
|upkeep
|
|t:|1760853777
|switch|p1a: Armarouge|Armarouge, F|100/100
|turn|5
|
|t:|1760853781
|switch|p2a: Zapdos|Zapdos|100/100
|move|p1a: Armarouge|Armor Cannon|p2a: Zapdos
|-damage|p2a: Zapdos|37/100
|-unboost|p1a: Armarouge|def|1
|-unboost|p1a: Armarouge|spd|1
|
|upkeep
|turn|6
|
|t:|1760853786
|switch|p1a: Goodra|Goodra-Hisui, F|100/100
|move|p2a: Zapdos|Hurricane|p1a: Goodra|[miss]
|-miss|p2a: Zapdos|p1a: Goodra
|
|upkeep
|turn|7
|
|t:|1760853792
|switch|p2a: Great Tusk|Great Tusk|100/100
|move|p1a: Goodra|Dragon Tail|p2a: Great Tusk
|-damage|p2a: Great Tusk|88/100
|-end|p2a: Great Tusk|Protosynthesis|[silent]
|drag|p2a: Gholdengo|Gholdengo|100/100
|
|upkeep
|turn|8
|
|t:|1760853800
|move|p2a: Gholdengo|Focus Blast|p1a: Goodra
|-supereffective|p1a: Goodra
|-damage|p1a: Goodra|66/100
|move|p1a: Goodra|Flamethrower|p2a: Gholdengo
|-supereffective|p2a: Gholdengo
|-damage|p2a: Gholdengo|45/100
|
|upkeep
|turn|9
|
|t:|1760853812
|switch|p2a: Zapdos|Zapdos|37/100
|move|p1a: Goodra|Dragon Tail|p2a: Zapdos
|-damage|p2a: Zapdos|14/100
|-status|p1a: Goodra|par|[from] ability: Static|[of] p2a: Zapdos
|drag|p2a: Kingambit|Kingambit, F|100/100
|
|upkeep
|turn|10
|
|t:|1760853819
|move|p2a: Kingambit|Kowtow Cleave|p1a: Goodra
|-damage|p1a: Goodra|8/100 par
|cant|p1a: Goodra|par
|
|upkeep
|turn|11
|
|t:|1760853824
|move|p2a: Kingambit|Kowtow Cleave|p1a: Goodra
|-damage|p1a: Goodra|0 fnt
|faint|p1a: Goodra
|
|upkeep
|
|t:|1760853829
|switch|p1a: Krookodile|Krookodile, F|100/100
|-ability|p1a: Krookodile|Intimidate|boost
|-unboost|p2a: Kingambit|atk|1
|turn|12
|
|t:|1760853834
|-end|p2a: Kingambit|fallenundefined|[silent]
|switch|p2a: Zapdos|Zapdos|14/100
|move|p1a: Krookodile|Knock Off|p2a: Zapdos
|-damage|p2a: Zapdos|0 fnt
|-enditem|p2a: Zapdos|Choice Scarf|[from] move: Knock Off|[of] p1a: Krookodile
|faint|p2a: Zapdos
|-damage|p1a: Krookodile|91/100|[from] item: Life Orb
|
|upkeep
|
|t:|1760853837
|switch|p2a: Gholdengo|Gholdengo|45/100
|turn|13
|
|t:|1760853840
|-terastallize|p2a: Gholdengo|Steel
|move|p2a: Gholdengo|Make It Rain|p1a: Krookodile
|-damage|p1a: Krookodile|0 fnt
|-unboost|p2a: Gholdengo|spa|1
|faint|p1a: Krookodile
|
|upkeep
|
|t:|1760853846
|switch|p1a: Armarouge|Armarouge, F|100/100
|turn|14
|
|t:|1760853851
|switch|p2a: Ogerpon|Ogerpon-Wellspring, F|100/100
|move|p1a: Armarouge|Armor Cannon|p2a: Ogerpon
|-damage|p2a: Ogerpon|23/100
|-unboost|p1a: Armarouge|def|1
|-unboost|p1a: Armarouge|spd|1
|
|upkeep
|turn|15
|
|t:|1760853855
|move|p1a: Armarouge|Endure|p1a: Armarouge
|-singleturn|p1a: Armarouge|move: Endure
|move|p2a: Ogerpon|Ivy Cudgel|p1a: Armarouge|[anim] Ivy Cudgel Water
|-supereffective|p1a: Armarouge
|-activate|p1a: Armarouge|move: Endure
|-damage|p1a: Armarouge|1/100
|-ability|p1a: Armarouge|Weak Armor|boost
|-unboost|p1a: Armarouge|def|1
|-boost|p1a: Armarouge|spe|2
|-enditem|p1a: Armarouge|Petaya Berry|[eat]
|-boost|p1a: Armarouge|spa|1|[from] item: Petaya Berry
|
|upkeep
|turn|16
|
|t:|1760853861
|move|p1a: Armarouge|Armor Cannon|p2a: Ogerpon
|-damage|p2a: Ogerpon|0 fnt
|-unboost|p1a: Armarouge|def|1
|-unboost|p1a: Armarouge|spd|1
|faint|p2a: Ogerpon
|
|upkeep
|
|t:|1760853870
|switch|p2a: Kingambit|Kingambit, F|100/100
|-activate|p2a: Kingambit|ability: Supreme Overlord
|-start|p2a: Kingambit|fallen2|[silent]
|turn|17
|
|t:|1760853874
|move|p1a: Armarouge|Destiny Bond|p1a: Armarouge
|-singlemove|p1a: Armarouge|Destiny Bond
|move|p2a: Kingambit|Swords Dance|p2a: Kingambit
|-boost|p2a: Kingambit|atk|2
|
|upkeep
|turn|18
|
|t:|1760853881
|move|p2a: Kingambit|Sucker Punch|p1a: Armarouge
|-supereffective|p1a: Armarouge
|-damage|p1a: Armarouge|0 fnt
|faint|p1a: Armarouge
|-activate|p1a: Armarouge|move: Destiny Bond
|faint|p2a: Kingambit
|-end|p2a: Kingambit|fallen2|[silent]
|
|upkeep
|
|t:|1760853888
|switch|p1a: Gengar|Gengar, F|49/100
|switch|p2a: Gholdengo|Gholdengo, tera:Steel|45/100
|turn|19
|
|t:|1760853892
|move|p2a: Gholdengo|Make It Rain|p1a: Gengar
|-damage|p1a: Gengar|0 fnt
|-unboost|p2a: Gholdengo|spa|1
|-start|p2a: Gholdengo|Disable|Make It Rain|[from] ability: Cursed Body|[of] p1a: Gengar
|faint|p1a: Gengar
|
|upkeep
|
|t:|1760853894
|switch|p1a: Chesnaught|Chesnaught, F|100/100
|turn|20
|
|t:|1760853902
|switch|p2a: Dragonite|Dragonite, F|100/100
|-terastallize|p1a: Chesnaught|Water
|move|p1a: Chesnaught|Drain Punch|p2a: Dragonite
|-resisted|p2a: Dragonite
|-damage|p2a: Dragonite|92/100
|
|-heal|p2a: Dragonite|98/100|[from] item: Leftovers
|upkeep
|turn|21
|
|t:|1760853906
|move|p2a: Dragonite|Encore|p1a: Chesnaught
|-start|p1a: Chesnaught|Encore
|move|p1a: Chesnaught|Drain Punch|p2a: Dragonite
|-resisted|p2a: Dragonite
|-damage|p2a: Dragonite|81/100
|
|-heal|p2a: Dragonite|87/100|[from] item: Leftovers
|upkeep
|turn|22
|-message|steezy1 forfeited.
|
|win|uubltohighladder
|raw|steezy1's rating: 1339 &rarr; <strong>1312</strong><br />(-27 for losing)
|raw|uubltohighladder's rating: 1218 &rarr; <strong>1251</strong><br />(+33 for winning)
|l|☆steezy1
|player|p1|
|l|☆uubltohighladder
|player|p2|
