|j|☆Doomingo
|j|☆V4-l4ck1n
|t:|1760735598
|gametype|singles
|player|p1|Doomingo|169|1262
|player|p2|V4-l4ck1n|169|1291
|gen|9
|tier|[Gen 9] OU
|rated|
|rule|HP Percentage Mod: HP is shown in percentages
|rule|Endless Battle Clause: Forcing endless battles is banned
|rule|Species Clause: Limit one of each Pokémon
|rule|OHKO Clause: OHKO moves are banned
|rule|Evasion Items Clause: Evasion items are banned
|rule|Evasion Moves Clause: Evasion moves are banned
|rule|Evasion Abilities Clause: Evasion abilities are banned
|rule|Sleep Moves Clause: Sleep-inducing moves are banned
|clearpoke
|poke|p1|Tyranitar, M|
|poke|p1|Sinistcha|
|poke|p1|Comfey, M|
|poke|p1|Bellibolt, M|
|poke|p1|Mamoswine, F|
|poke|p1|Scizor, F|
|poke|p2|Garchomp, F|
|poke|p2|Ribombee, M|
|poke|p2|Great Tusk|
|poke|p2|Heatran, M|
|poke|p2|Cacturne, M|
|poke|p2|Gengar, F|
|teampreview
|inactive|Battle timer is ON: inactive players will automatically lose when time's up. (requested by Doomingo)
|
|t:|1760735626
|teamsize|p1|6
|teamsize|p2|6
|start
|switch|p1a: Glut|Bellibolt, M|100/100
|switch|p2a: Ribombee|Ribombee, M|100/100
|turn|1
|
|t:|1760735632
|move|p2a: Ribombee|Sticky Web|p1a: Glut
|-sidestart|p1: Doomingo|move: Sticky Web
|move|p1a: Glut|Toxic|p2a: Ribombee
|-status|p2a: Ribombee|tox
|
|-damage|p2a: Ribombee|94/100 tox|[from] psn
|upkeep
|turn|2
|
|t:|1760735640
|move|p2a: Ribombee|Psychic Noise|p1a: Glut
|-damage|p1a: Glut|80/100
|-start|p1a: Glut|move: Heal Block
|-start|p1a: Glut|Charge|Psychic Noise|[from] ability: Electromorphosis
|move|p1a: Glut|Soak|p2a: Ribombee
|-start|p2a: Ribombee|typechange|Water
|
|-damage|p2a: Ribombee|82/100 tox|[from] psn
|upkeep
|turn|3
|
|t:|1760735659
|switch|p2a: Cacturne|Cacturne, M, shiny|100/100
|move|p1a: Glut|Soak|p2a: Cacturne
|-immune|p2a: Cacturne|[from] ability: Water Absorb
|
|-end|p1a: Glut|move: Heal Block
|upkeep
|turn|4
|
|t:|1760735666
|move|p2a: Cacturne|Spikes|p1a: Glut
|-sidestart|p1: Doomingo|Spikes
|move|p1a: Glut|Toxic|p2a: Cacturne
|-status|p2a: Cacturne|tox
|
|-damage|p2a: Cacturne|94/100 tox|[from] psn
|upkeep
|turn|5
|
|t:|1760735672
|move|p2a: Cacturne|Spikes|p1a: Glut
|-sidestart|p1: Doomingo|Spikes
|move|p1a: Glut|Parabolic Charge|p2a: Cacturne
|-resisted|p2a: Cacturne
|-damage|p2a: Cacturne|52/100 tox
|-heal|p1a: Glut|98/100|[from] drain|[of] p2a: Cacturne
|-end|p1a: Glut|Charge|[silent]
|
|-damage|p2a: Cacturne|39/100 tox|[from] psn
|upkeep
|turn|6
|
|t:|1760735699
|switch|p1a: Buzz|Scizor, F|100/100
|-activate|p1a: Buzz|move: Sticky Web
|-unboost|p1a: Buzz|spe|1
|-damage|p1a: Buzz|84/100|[from] Spikes
|move|p2a: Cacturne|Knock Off|p1a: Buzz
|-damage|p1a: Buzz|22/100
|-enditem|p1a: Buzz|Leftovers|[from] move: Knock Off|[of] p2a: Cacturne
|
|-damage|p2a: Cacturne|21/100 tox|[from] psn
|upkeep
|turn|7
|
|t:|1760735715
|switch|p2a: Ribombee|Ribombee, M|82/100 tox
|move|p1a: Buzz|Tailwind|p1a: Buzz
|-sidestart|p1: Doomingo|move: Tailwind
|
|-damage|p2a: Ribombee|76/100 tox|[from] psn
|upkeep
|turn|8
|
|t:|1760735722
|switch|p2a: Garchomp|Garchomp, F|100/100
|move|p1a: Buzz|Bullet Punch|p2a: Garchomp
|-damage|p2a: Garchomp|72/100
|-damage|p1a: Buzz|10/100|[from] ability: Rough Skin|[of] p2a: Garchomp
|
|upkeep
|turn|9
|
|t:|1760735733
|move|p2a: Garchomp|Scale Shot|p1a: Buzz
|-resisted|p1a: Buzz
|-damage|p1a: Buzz|3/100
|-resisted|p1a: Buzz
|-damage|p1a: Buzz|0 fnt
|faint|p1a: Buzz
|-hitcount|p1: Buzz|2
|-unboost|p2a: Garchomp|def|1
|-boost|p2a: Garchomp|spe|1
|
|upkeep
|
|t:|1760735742
|switch|p1a: Mastodown!|Mamoswine, F, shiny|100/100
|-activate|p1a: Mastodown!|move: Sticky Web
|-unboost|p1a: Mastodown!|spe|1
|-damage|p1a: Mastodown!|84/100|[from] Spikes
|turn|10
|
|t:|1760735751
|switch|p2a: Ribombee|Ribombee, M|76/100 tox
|move|p1a: Mastodown!|Earthquake|p2a: Ribombee
|-resisted|p2a: Ribombee
|-damage|p2a: Ribombee|19/100 tox
|
|-damage|p2a: Ribombee|12/100 tox|[from] psn
|-sideend|p1: Doomingo|move: Tailwind
|upkeep
|turn|11
|
|t:|1760735761
|move|p1a: Mastodown!|Ice Shard|p2a: Ribombee
|-damage|p2a: Ribombee|0 fnt
|faint|p2a: Ribombee
|
|upkeep
|
|t:|1760735772
|switch|p2a: Great Tusk|Great Tusk|100/100
|turn|12
|
|t:|1760735780
|switch|p1a: Charla|Sinistcha|100/100
|-activate|p1a: Charla|move: Sticky Web
|-unboost|p1a: Charla|spe|1
|-damage|p1a: Charla|84/100|[from] Spikes
|move|p2a: Great Tusk|Earthquake|p1a: Charla
|-resisted|p1a: Charla
|-damage|p1a: Charla|58/100
|
|upkeep
|turn|13
|
|t:|1760735783
|move|p2a: Great Tusk|Ice Spinner|p1a: Charla
|-supereffective|p1a: Charla
|-crit|p1a: Charla
|-damage|p1a: Charla|0 fnt
|faint|p1a: Charla
|
|upkeep
|
|t:|1760735794
|switch|p1a: Mastodown!|Mamoswine, F, shiny|84/100
|-activate|p1a: Mastodown!|move: Sticky Web
|-unboost|p1a: Mastodown!|spe|1
|-damage|p1a: Mastodown!|67/100|[from] Spikes
|turn|14
|
|t:|1760735798
|move|p2a: Great Tusk|Close Combat|p1a: Mastodown!
|-supereffective|p1a: Mastodown!
|-damage|p1a: Mastodown!|0 fnt
|-unboost|p2a: Great Tusk|def|1
|-unboost|p2a: Great Tusk|spd|1
|faint|p1a: Mastodown!
|
|upkeep
|
|t:|1760735816
|switch|p1a: Mr. Big|Tyranitar, M|100/100
|-activate|p1a: Mr. Big|move: Sticky Web
|-unboost|p1a: Mr. Big|spe|1
|-damage|p1a: Mr. Big|84/100|[from] Spikes
|-weather|Sandstorm|[from] ability: Sand Stream|[of] p1a: Mr. Big
|turn|15
|
|t:|1760735824
|-end|p2a: Great Tusk|Protosynthesis|[silent]
|switch|p2a: Gengar|Gengar, F|100/100
|move|p1a: Mr. Big|Ice Beam|p2a: Gengar
|-damage|p2a: Gengar|57/100
|
|-weather|Sandstorm|[upkeep]
|-damage|p2a: Gengar|51/100|[from] Sandstorm
|upkeep
|turn|16
|
|t:|1760735832
|move|p2a: Gengar|Focus Blast|p1a: Mr. Big|[miss]
|-miss|p2a: Gengar|p1a: Mr. Big
|move|p1a: Mr. Big|Knock Off|p2a: Gengar
|-supereffective|p2a: Gengar
|-damage|p2a: Gengar|0 fnt
|-enditem|p2a: Gengar|Life Orb|[from] move: Knock Off|[of] p1a: Mr. Big
|faint|p2a: Gengar
|
|-weather|Sandstorm|[upkeep]
|upkeep
|
|t:|1760735840
|switch|p2a: Cacturne|Cacturne, M, shiny|21/100 tox
|turn|17
|
|t:|1760735846
|switch|p1a: Ring A Round|Comfey, M|100/100
|-activate|p1a: Ring A Round|move: Sticky Web
|-unboost|p1a: Ring A Round|spe|1
|-damage|p1a: Ring A Round|84/100|[from] Spikes
|move|p2a: Cacturne|Drain Punch|p1a: Ring A Round
|-resisted|p1a: Ring A Round
|-damage|p1a: Ring A Round|69/100
|-heal|p2a: Cacturne|28/100 tox|[from] drain|[of] p1a: Ring A Round
|-enditem|p1a: Ring A Round|Kee Berry|[eat]
|-boost|p1a: Ring A Round|def|1|[from] item: Kee Berry
|
|-weather|Sandstorm|[upkeep]
|-damage|p1a: Ring A Round|63/100|[from] Sandstorm
|-damage|p2a: Cacturne|21/100 tox|[from] Sandstorm
|-damage|p2a: Cacturne|15/100 tox|[from] psn
|upkeep
|turn|18
|
|t:|1760735852
|switch|p2a: Heatran|Heatran, M|100/100
|move|p1a: Ring A Round|Calm Mind|p1a: Ring A Round
|-boost|p1a: Ring A Round|spa|1
|-boost|p1a: Ring A Round|spd|1
|
|-weather|Sandstorm|[upkeep]
|-damage|p1a: Ring A Round|56/100|[from] Sandstorm
|upkeep
|turn|19
|
|t:|1760735860
|move|p2a: Heatran|Magma Storm|p1a: Ring A Round|[miss]
|-miss|p2a: Heatran|p1a: Ring A Round
|move|p1a: Ring A Round|Calm Mind|p1a: Ring A Round
|-boost|p1a: Ring A Round|spa|1
|-boost|p1a: Ring A Round|spd|1
|
|-weather|none
|upkeep
|turn|20
|
|t:|1760735864
|move|p2a: Heatran|Magma Storm|p1a: Ring A Round
|-damage|p1a: Ring A Round|34/100
|-activate|p1a: Ring A Round|move: Magma Storm|[of] p2a: Heatran
|move|p1a: Ring A Round|Calm Mind|p1a: Ring A Round
|-boost|p1a: Ring A Round|spa|1
|-boost|p1a: Ring A Round|spd|1
|
|-damage|p1a: Ring A Round|21/100|[from] move: Magma Storm|[partiallytrapped]
|upkeep
|turn|21
|
|t:|1760735872
|move|p2a: Heatran|Protect|p2a: Heatran
|-singleturn|p2a: Heatran|Protect
|move|p1a: Ring A Round|Synthesis|p1a: Ring A Round
|-heal|p1a: Ring A Round|71/100
|
|-damage|p1a: Ring A Round|59/100|[from] move: Magma Storm|[partiallytrapped]
|upkeep
|turn|22
|
|t:|1760735876
|move|p2a: Heatran|Magma Storm|p1a: Ring A Round
|-damage|p1a: Ring A Round|40/100
|move|p1a: Ring A Round|Calm Mind|p1a: Ring A Round
|-boost|p1a: Ring A Round|spa|1
|-boost|p1a: Ring A Round|spd|1
|
|-damage|p1a: Ring A Round|28/100|[from] move: Magma Storm|[partiallytrapped]
|upkeep
|turn|23
|
|t:|1760735882
|move|p1a: Ring A Round|Synthesis|p1a: Ring A Round
|-heal|p1a: Ring A Round|78/100
|move|p2a: Heatran|Will-O-Wisp|p1a: Ring A Round
|-status|p1a: Ring A Round|brn
|
|-damage|p1a: Ring A Round|72/100 brn|[from] brn
|-damage|p1a: Ring A Round|59/100 brn|[from] move: Magma Storm|[partiallytrapped]
|upkeep
|turn|24
|
|t:|1760735886
|move|p2a: Heatran|Earth Power|p1a: Ring A Round
|-damage|p1a: Ring A Round|51/100 brn
|move|p1a: Ring A Round|Calm Mind|p1a: Ring A Round
|-boost|p1a: Ring A Round|spa|1
|-boost|p1a: Ring A Round|spd|1
|
|-damage|p1a: Ring A Round|45/100 brn|[from] brn
|-damage|p1a: Ring A Round|32/100 brn|[from] move: Magma Storm|[partiallytrapped]
|upkeep
|turn|25
|
|t:|1760735895
|move|p2a: Heatran|Protect|p2a: Heatran
|-singleturn|p2a: Heatran|Protect
|move|p1a: Ring A Round|Synthesis|p1a: Ring A Round
|-heal|p1a: Ring A Round|82/100 brn
|
|-damage|p1a: Ring A Round|76/100 brn|[from] brn
|-end|p1a: Ring A Round|Magma Storm|[partiallytrapped]
|upkeep
|turn|26
|
|t:|1760735899
|switch|p2a: Cacturne|Cacturne, M, shiny|15/100 tox
|move|p1a: Ring A Round|Calm Mind|p1a: Ring A Round
|-boost|p1a: Ring A Round|spa|1
|-boost|p1a: Ring A Round|spd|1
|
|-damage|p2a: Cacturne|9/100 tox|[from] psn
|-damage|p1a: Ring A Round|70/100 brn|[from] brn
|upkeep
|turn|27
|
|t:|1760735909
|move|p1a: Ring A Round|Draining Kiss|p2a: Cacturne
|-supereffective|p2a: Cacturne
|-damage|p2a: Cacturne|0 fnt
|-heal|p1a: Ring A Round|77/100 brn|[from] drain|[of] p2a: Cacturne
|faint|p2a: Cacturne
|
|-damage|p1a: Ring A Round|71/100 brn|[from] brn
|upkeep
|
|t:|1760735916
|switch|p2a: Heatran|Heatran, M|100/100
|turn|28
|
|t:|1760735923
|move|p1a: Ring A Round|Draining Kiss|p2a: Heatran
|-resisted|p2a: Heatran
|-damage|p2a: Heatran|87/100
|-heal|p1a: Ring A Round|84/100 brn|[from] drain|[of] p2a: Heatran
|move|p2a: Heatran|Magma Storm|p1a: Ring A Round|[miss]
|-miss|p2a: Heatran|p1a: Ring A Round
|
|-heal|p2a: Heatran|93/100|[from] item: Leftovers
|-damage|p1a: Ring A Round|78/100 brn|[from] brn
|upkeep
|turn|29
|
|t:|1760735930
|move|p2a: Heatran|Magma Storm|p1a: Ring A Round
|-damage|p1a: Ring A Round|66/100 brn
|-activate|p1a: Ring A Round|move: Magma Storm|[of] p2a: Heatran
|move|p1a: Ring A Round|Stored Power|p2a: Heatran
|-resisted|p2a: Heatran
|-damage|p2a: Heatran|2/100
|
|-heal|p2a: Heatran|9/100|[from] item: Leftovers
|-damage|p1a: Ring A Round|60/100 brn|[from] brn
|-damage|p1a: Ring A Round|47/100 brn|[from] move: Magma Storm|[partiallytrapped]
|upkeep
|turn|30
|
|t:|1760735939
|move|p2a: Heatran|Protect|p2a: Heatran
|-singleturn|p2a: Heatran|Protect
|move|p1a: Ring A Round|Synthesis|p1a: Ring A Round
|-heal|p1a: Ring A Round|97/100 brn
|
|-heal|p2a: Heatran|15/100|[from] item: Leftovers
|-damage|p1a: Ring A Round|91/100 brn|[from] brn
|-damage|p1a: Ring A Round|79/100 brn|[from] move: Magma Storm|[partiallytrapped]
|upkeep
|turn|31
|-message|V4-l4ck1n forfeited.
|
|win|Doomingo
|raw|Doomingo's rating: 1262 &rarr; <strong>1289</strong><br />(+27 for winning)
|raw|V4-l4ck1n's rating: 1291 &rarr; <strong>1264</strong><br />(-27 for losing)
|l|☆V4-l4ck1n
|player|p2|
|l|☆Doomingo
|player|p1|
