|j|☆Denzsdh
|j|☆TryinSome
|t:|1760782310
|gametype|singles
|player|p1|Denzsdh|170|1074
|player|p2|TryinSome|nate|1065
|gen|9
|tier|[Gen 9] OU
|rated|
|rule|HP Percentage Mod: HP is shown in percentages
|rule|Endless Battle Clause: Forcing endless battles is banned
|rule|Species Clause: Limit one of each Pokémon
|rule|OHKO Clause: OHKO moves are banned
|rule|Evasion Items Clause: Evasion items are banned
|rule|Evasion Moves Clause: Evasion moves are banned
|rule|Evasion Abilities Clause: Evasion abilities are banned
|rule|Sleep Moves Clause: Sleep-inducing moves are banned
|clearpoke
|poke|p1|Raging Bolt|
|poke|p1|Gholdengo|
|poke|p1|Great Tusk|
|poke|p1|Alomomola, M|
|poke|p1|Dragonite, F|
|poke|p1|Garganacl, M|
|poke|p2|Chesnaught, M|
|poke|p2|Arcanine-Hisui, M|
|poke|p2|Swampert, M|
|poke|p2|Ribombee, F|
|poke|p2|Dragalge, M|
|poke|p2|Mamoswine, M|
|teampreview
|
|t:|1760782320
|teamsize|p1|6
|teamsize|p2|6
|start
|switch|p1a: Garganacl|Garganacl, M|100/100
|switch|p2a: Ribombee|Ribombee, F, shiny|100/100
|turn|1
|
|t:|1760782333
|-terastallize|p1a: Garganacl|Fairy
|move|p2a: Ribombee|Sticky Web|p1a: Garganacl
|-sidestart|p1: Denzsdh|move: Sticky Web
|move|p1a: Garganacl|Stealth Rock|p2a: Ribombee
|-sidestart|p2: TryinSome|move: Stealth Rock
|
|upkeep
|turn|2
|
|t:|1760782342
|move|p2a: Ribombee|Stun Spore|p1a: Garganacl
|-immune|p1a: Garganacl|[from] ability: Purifying Salt
|move|p1a: Garganacl|Salt Cure|p2a: Ribombee
|-supereffective|p2a: Ribombee
|-damage|p2a: Ribombee|49/100
|-start|p2a: Ribombee|Salt Cure
|
|-damage|p2a: Ribombee|37/100|[from] Salt Cure
|upkeep
|turn|3
|
|t:|1760782360
|switch|p2a: Dragalge|Dragalge, M, shiny|100/100
|-damage|p2a: Dragalge|88/100|[from] Stealth Rock
|switch|p1a: Gholdengo|Gholdengo|100/100
|-activate|p1a: Gholdengo|move: Sticky Web
|-unboost|p1a: Gholdengo|spe|1
|
|upkeep
|turn|4
|
|t:|1760782369
|move|p1a: Gholdengo|Make It Rain|p2a: Dragalge
|-damage|p2a: Dragalge|47/100
|-unboost|p1a: Gholdengo|spa|1
|move|p2a: Dragalge|Dragon Pulse|p1a: Gholdengo
|-resisted|p1a: Gholdengo
|-damage|p1a: Gholdengo|70/100
|
|upkeep
|turn|5
|
|t:|1760782377
|switch|p2a: Swampert|Swampert, M|100/100
|-damage|p2a: Swampert|94/100|[from] Stealth Rock
|move|p1a: Gholdengo|Make It Rain|p2a: Swampert
|-resisted|p2a: Swampert
|-damage|p2a: Swampert|75/100
|-unboost|p1a: Gholdengo|spa|1
|
|-heal|p2a: Swampert|81/100|[from] item: Leftovers
|upkeep
|turn|6
|
|t:|1760782390
|switch|p1a: Alomomola|Alomomola, M|100/100
|move|p2a: Swampert|Stealth Rock|p1a: Alomomola
|-sidestart|p1: Denzsdh|move: Stealth Rock
|
|-heal|p2a: Swampert|88/100|[from] item: Leftovers
|upkeep
|turn|7
|
|t:|1760782398
|move|p2a: Swampert|Earthquake|p1a: Alomomola
|-damage|p1a: Alomomola|73/100
|move|p1a: Alomomola|Flip Turn|p2a: Swampert
|-damage|p2a: Swampert|72/100
|
|t:|1760782404
|switch|p1a: Great Tusk|Great Tusk|100/100|[from] Flip Turn
|
|-heal|p2a: Swampert|79/100|[from] item: Leftovers
|upkeep
|turn|8
|
|t:|1760782411
|move|p1a: Great Tusk|Rapid Spin|p2a: Swampert
|-damage|p2a: Swampert|62/100
|-boost|p1a: Great Tusk|spe|1
|-sideend|p1: Denzsdh|Stealth Rock|[from] move: Rapid Spin|[of] p1a: Great Tusk
|-sideend|p1: Denzsdh|Sticky Web|[from] move: Rapid Spin|[of] p1a: Great Tusk
|move|p2a: Swampert|Liquidation|p1a: Great Tusk
|-supereffective|p1a: Great Tusk
|-damage|p1a: Great Tusk|42/100
|
|-heal|p2a: Swampert|68/100|[from] item: Leftovers
|upkeep
|turn|9
|
|t:|1760782433
|move|p1a: Great Tusk|Rapid Spin|p2a: Swampert
|-damage|p2a: Swampert|53/100
|-boost|p1a: Great Tusk|spe|1
|move|p2a: Swampert|Liquidation|p1a: Great Tusk
|-supereffective|p1a: Great Tusk
|-damage|p1a: Great Tusk|0 fnt
|faint|p1a: Great Tusk
|-end|p1a: Great Tusk|Protosynthesis|[silent]
|
|-heal|p2a: Swampert|59/100|[from] item: Leftovers
|upkeep
|
|t:|1760782445
|switch|p1a: Gholdengo|Gholdengo|70/100
|turn|10
|
|t:|1760782452
|move|p1a: Gholdengo|Make It Rain|p2a: Swampert
|-resisted|p2a: Swampert
|-damage|p2a: Swampert|30/100
|-unboost|p1a: Gholdengo|spa|1
|move|p2a: Swampert|Earthquake|p1a: Gholdengo
|-supereffective|p1a: Gholdengo
|-damage|p1a: Gholdengo|0 fnt
|faint|p1a: Gholdengo
|
|-heal|p2a: Swampert|36/100|[from] item: Leftovers
|upkeep
|
|t:|1760782465
|switch|p1a: Garganacl|Garganacl, M, tera:Fairy|100/100
|turn|11
|
|t:|1760782470
|move|p2a: Swampert|Stealth Rock|p1a: Garganacl
|-sidestart|p1: Denzsdh|move: Stealth Rock
|move|p1a: Garganacl|Salt Cure|p2a: Swampert
|-resisted|p2a: Swampert
|-damage|p2a: Swampert|30/100
|-start|p2a: Swampert|Salt Cure
|
|-heal|p2a: Swampert|36/100|[from] item: Leftovers
|-damage|p2a: Swampert|11/100|[from] Salt Cure
|upkeep
|turn|12
|
|t:|1760782479
|move|p1a: Garganacl|Protect|p1a: Garganacl
|-singleturn|p1a: Garganacl|Protect
|move|p2a: Swampert|Liquidation|p1a: Garganacl
|-activate|p1a: Garganacl|move: Protect
|
|-heal|p2a: Swampert|18/100|[from] item: Leftovers
|-damage|p2a: Swampert|0 fnt|[from] Salt Cure
|faint|p2a: Swampert
|upkeep
|
|t:|1760782490
|switch|p2a: Dragalge|Dragalge, M, shiny|47/100
|-damage|p2a: Dragalge|35/100|[from] Stealth Rock
|turn|13
|
|t:|1760782495
|move|p2a: Dragalge|Sludge Bomb|p1a: Garganacl
|-supereffective|p1a: Garganacl
|-damage|p1a: Garganacl|19/100
|move|p1a: Garganacl|Salt Cure|p2a: Dragalge
|-damage|p2a: Dragalge|19/100
|-start|p2a: Dragalge|Salt Cure
|
|-heal|p1a: Garganacl|25/100|[from] item: Leftovers
|-damage|p2a: Dragalge|7/100|[from] Salt Cure
|upkeep
|turn|14
|
|t:|1760782505
|move|p1a: Garganacl|Protect|p1a: Garganacl
|-singleturn|p1a: Garganacl|Protect
|move|p2a: Dragalge|Sludge Bomb|p1a: Garganacl
|-activate|p1a: Garganacl|move: Protect
|
|-heal|p1a: Garganacl|32/100|[from] item: Leftovers
|-damage|p2a: Dragalge|0 fnt|[from] Salt Cure
|faint|p2a: Dragalge
|upkeep
|
|t:|1760782514
|switch|p2a: Mamoswine|Mamoswine, M|100/100
|-damage|p2a: Mamoswine|88/100|[from] Stealth Rock
|turn|15
|
|t:|1760782519
|move|p2a: Mamoswine|Icicle Crash|p1a: Garganacl
|-damage|p1a: Garganacl|1/100
|cant|p1a: Garganacl|flinch
|
|-heal|p1a: Garganacl|8/100|[from] item: Leftovers
|upkeep
|turn|16
|
|t:|1760782528
|move|p1a: Garganacl|Protect|p1a: Garganacl
|-singleturn|p1a: Garganacl|Protect
|move|p2a: Mamoswine|Ice Shard|p1a: Garganacl
|-activate|p1a: Garganacl|move: Protect
|
|-heal|p1a: Garganacl|14/100|[from] item: Leftovers
|upkeep
|turn|17
|
|t:|1760782536
|switch|p1a: Dragonite|Dragonite, F|100/100
|move|p2a: Mamoswine|Icicle Crash|p1a: Dragonite
|-supereffective|p1a: Dragonite
|-crit|p1a: Dragonite
|-damage|p1a: Dragonite|0 fnt
|faint|p1a: Dragonite
|
|upkeep
|
|t:|1760782545
|switch|p1a: Raging Bolt|Raging Bolt|100/100
|-damage|p1a: Raging Bolt|88/100|[from] Stealth Rock
|turn|18
|
|t:|1760782550
|move|p2a: Mamoswine|Earthquake|p1a: Raging Bolt
|-supereffective|p1a: Raging Bolt
|-crit|p1a: Raging Bolt
|-damage|p1a: Raging Bolt|0 fnt
|faint|p1a: Raging Bolt
|-end|p1a: Raging Bolt|Protosynthesis|[silent]
|
|upkeep
|
|t:|1760782556
|switch|p1a: Alomomola|Alomomola, M|100/100
|turn|19
|
|t:|1760782558
|move|p2a: Mamoswine|Knock Off|p1a: Alomomola
|-damage|p1a: Alomomola|76/100
|-enditem|p1a: Alomomola|Heavy-Duty Boots|[from] move: Knock Off|[of] p2a: Mamoswine
|move|p1a: Alomomola|Wish|p1a: Alomomola
|
|upkeep
|turn|20
|
|t:|1760782565
|move|p2a: Mamoswine|Earthquake|p1a: Alomomola
|-damage|p1a: Alomomola|40/100
|move|p1a: Alomomola|Flip Turn|p2a: Mamoswine
|-supereffective|p2a: Mamoswine
|-damage|p2a: Mamoswine|51/100
|
|t:|1760782570
|switch|p1a: Garganacl|Garganacl, M, tera:Fairy|14/100|[from] Flip Turn
|-damage|p1a: Garganacl|1/100|[from] Stealth Rock
|
|-heal|p1a: Garganacl|60/100|[from] move: Wish|[wisher] Alomomola
|-heal|p1a: Garganacl|66/100|[from] item: Leftovers
|upkeep
|turn|21
|
|t:|1760782579
|move|p2a: Mamoswine|Earthquake|p1a: Garganacl
|-damage|p1a: Garganacl|29/100
|move|p1a: Garganacl|Salt Cure|p2a: Mamoswine
|-damage|p2a: Mamoswine|34/100
|-start|p2a: Mamoswine|Salt Cure
|
|-heal|p1a: Garganacl|35/100|[from] item: Leftovers
|-damage|p2a: Mamoswine|22/100|[from] Salt Cure
|upkeep
|turn|22
|
|t:|1760782589
|switch|p1a: Alomomola|Alomomola, M|73/100
|-damage|p1a: Alomomola|60/100|[from] Stealth Rock
|move|p2a: Mamoswine|Earthquake|p1a: Alomomola
|-damage|p1a: Alomomola|28/100
|
|-damage|p2a: Mamoswine|9/100|[from] Salt Cure
|upkeep
|turn|23
|
|t:|1760782599
|move|p2a: Mamoswine|Earthquake|p1a: Alomomola
|-damage|p1a: Alomomola|0 fnt
|faint|p1a: Alomomola
|
|-damage|p2a: Mamoswine|0 fnt|[from] Salt Cure
|faint|p2a: Mamoswine
|upkeep
|
|t:|1760782606
|switch|p2a: Arcanine|Arcanine-Hisui, M, shiny|100/100
|switch|p1a: Garganacl|Garganacl, M, tera:Fairy|35/100
|-damage|p2a: Arcanine|76/100|[from] Stealth Rock
|-damage|p1a: Garganacl|23/100|[from] Stealth Rock
|turn|24
|
|t:|1760782614
|move|p2a: Arcanine|Flare Blitz|p1a: Garganacl
|-damage|p1a: Garganacl|0 fnt
|faint|p1a: Garganacl
|-damage|p2a: Arcanine|67/100|[from] Recoil
|
|win|TryinSome
|raw|Denzsdh's rating: 1074 &rarr; <strong>1052</strong><br />(-22 for losing)
|raw|TryinSome's rating: 1065 &rarr; <strong>1096</strong><br />(+31 for winning)
|l|☆TryinSome
|player|p2|
