|j|☆snoppp
|j|☆alex12381723898
|t:|1760767706
|gametype|singles
|player|p1|snoppp|bruno|1301
|player|p2|alex12381723898|170|1339
|gen|9
|tier|[Gen 9] OU
|rated|
|rule|HP Percentage Mod: HP is shown in percentages
|rule|Endless Battle Clause: Forcing endless battles is banned
|rule|Species Clause: Limit one of each Pokémon
|rule|OHKO Clause: OHKO moves are banned
|rule|Evasion Items Clause: Evasion items are banned
|rule|Evasion Moves Clause: Evasion moves are banned
|rule|Evasion Abilities Clause: Evasion abilities are banned
|rule|Sleep Moves Clause: Sleep-inducing moves are banned
|clearpoke
|poke|p1|Darkrai|
|poke|p1|Alomomola, F|
|poke|p1|Ogerpon-Wellspring, F|
|poke|p1|Weezing-Galar, M|
|poke|p1|Garchomp, M|
|poke|p1|Sinistcha-Masterpiece|
|poke|p2|Raging Bolt|
|poke|p2|Araquanid, F|
|poke|p2|Garganacl, M|
|poke|p2|Okidogi, M|
|poke|p2|Iron Valiant|
|poke|p2|Hatterene, F|
|teampreview
|inactive|Battle timer is ON: inactive players will automatically lose when time's up. (requested by alex12381723898)
|
|t:|1760767712
|teamsize|p1|6
|teamsize|p2|6
|start
|switch|p1a: Garchomp|Garchomp, M|100/100
|switch|p2a: Iron Valiant|Iron Valiant|100/100
|-enditem|p2a: Iron Valiant|Booster Energy
|-activate|p2a: Iron Valiant|ability: Quark Drive|[fromitem]
|-start|p2a: Iron Valiant|quarkdrivespa
|turn|1
|
|t:|1760767718
|-terastallize|p1a: Garchomp|Ghost
|move|p2a: Iron Valiant|Moonblast|p1a: Garchomp
|-damage|p1a: Garchomp|39/100
|-unboost|p1a: Garchomp|spa|1
|move|p1a: Garchomp|Stealth Rock|p2a: Iron Valiant
|-sidestart|p2: alex12381723898|move: Stealth Rock
|
|upkeep
|turn|2
|
|t:|1760767728
|move|p2a: Iron Valiant|Moonblast|p1a: Garchomp
|-damage|p1a: Garchomp|0 fnt
|faint|p1a: Garchomp
|
|upkeep
|
|t:|1760767734
|switch|p1a: Weezing|Weezing-Galar, M|100/100
|-ability|p1a: Weezing|Neutralizing Gas
|turn|3
|
|t:|1760767739
|move|p2a: Iron Valiant|Psyshock|p1a: Weezing
|-supereffective|p1a: Weezing
|-damage|p1a: Weezing|63/100
|move|p1a: Weezing|Sludge Bomb|p2a: Iron Valiant
|-supereffective|p2a: Iron Valiant
|-damage|p2a: Iron Valiant|1/100
|
|upkeep
|turn|4
|
|t:|1760767747
|move|p2a: Iron Valiant|Moonblast|p1a: Weezing
|-resisted|p1a: Weezing
|-damage|p1a: Weezing|31/100
|move|p1a: Weezing|Pain Split|p2a: Iron Valiant
|-sethp|p2a: Iron Valiant|18/100|[from] move: Pain Split|[silent]
|-sethp|p1a: Weezing|16/100|[from] move: Pain Split
|
|upkeep
|turn|5
|
|t:|1760767758
|move|p2a: Iron Valiant|Moonblast|p1a: Weezing
|-resisted|p1a: Weezing
|-damage|p1a: Weezing|0 fnt
|faint|p1a: Weezing
|-end|p1a: Weezing|ability: Neutralizing Gas
|
|upkeep
|
|t:|1760767759
|switch|p1a: Darkrai|Darkrai|100/100
|turn|6
|
|t:|1760767766
|move|p1a: Darkrai|Sludge Bomb|p2a: Iron Valiant
|-supereffective|p2a: Iron Valiant
|-damage|p2a: Iron Valiant|0 fnt
|faint|p2a: Iron Valiant
|-end|p2a: Iron Valiant|Quark Drive|[silent]
|
|upkeep
|
|t:|1760767777
|switch|p2a: Araquanid|Araquanid, F|100/100
|-damage|p2a: Araquanid|76/100|[from] Stealth Rock
|turn|7
|
|t:|1760767784
|move|p1a: Darkrai|Nasty Plot|p1a: Darkrai
|-boost|p1a: Darkrai|spa|2
|move|p2a: Araquanid|Leech Life|p1a: Darkrai
|-supereffective|p1a: Darkrai
|-damage|p1a: Darkrai|25/100
|-heal|p2a: Araquanid|100/100|[from] drain|[of] p1a: Darkrai
|
|upkeep
|turn|8
|
|t:|1760767789
|move|p1a: Darkrai|Dark Pulse|p2a: Araquanid
|-damage|p2a: Araquanid|26/100
|cant|p2a: Araquanid|flinch
|
|upkeep
|turn|9
|
|t:|1760767795
|move|p1a: Darkrai|Dark Pulse|p2a: Araquanid
|-damage|p2a: Araquanid|0 fnt
|faint|p2a: Araquanid
|
|upkeep
|
|t:|1760767799
|switch|p2a: Raging Bolt|Raging Bolt|100/100
|-damage|p2a: Raging Bolt|88/100|[from] Stealth Rock
|turn|10
|
|t:|1760767802
|switch|p1a: Sinistcha|Sinistcha-Masterpiece|100/100
|move|p2a: Raging Bolt|Thunderclap||[still]
|-fail|p2a: Raging Bolt
|
|upkeep
|turn|11
|
|t:|1760767806
|-end|p2a: Raging Bolt|Protosynthesis|[silent]
|switch|p2a: Hatterene|Hatterene, F|100/100
|-damage|p2a: Hatterene|88/100|[from] Stealth Rock
|move|p1a: Sinistcha|Calm Mind|p1a: Sinistcha
|-boost|p1a: Sinistcha|spa|1
|-boost|p1a: Sinistcha|spd|1
|
|-heal|p2a: Hatterene|94/100|[from] item: Leftovers
|upkeep
|turn|12
|
|t:|1760767810
|move|p1a: Sinistcha|Calm Mind|p1a: Sinistcha
|-boost|p1a: Sinistcha|spa|1
|-boost|p1a: Sinistcha|spd|1
|move|p2a: Hatterene|Mystical Fire|p1a: Sinistcha
|-supereffective|p1a: Sinistcha
|-damage|p1a: Sinistcha|87/100
|-unboost|p1a: Sinistcha|spa|1
|
|-heal|p1a: Sinistcha|93/100|[from] item: Leftovers
|-heal|p2a: Hatterene|99/100|[from] item: Leftovers
|upkeep
|turn|13
|
|t:|1760767821
|move|p1a: Sinistcha|Shadow Ball|p2a: Hatterene
|-supereffective|p2a: Hatterene
|-damage|p2a: Hatterene|25/100
|-unboost|p2a: Hatterene|spd|1
|move|p2a: Hatterene|Nuzzle|p1a: Sinistcha
|-resisted|p1a: Sinistcha
|-damage|p1a: Sinistcha|92/100
|-status|p1a: Sinistcha|par
|
|-heal|p1a: Sinistcha|98/100 par|[from] item: Leftovers
|-heal|p2a: Hatterene|31/100|[from] item: Leftovers
|upkeep
|turn|14
|
|t:|1760767828
|switch|p2a: Garganacl|Garganacl, M|100/100
|-damage|p2a: Garganacl|88/100|[from] Stealth Rock
|move|p1a: Sinistcha|Calm Mind|p1a: Sinistcha
|-boost|p1a: Sinistcha|spa|1
|-boost|p1a: Sinistcha|spd|1
|
|-heal|p2a: Garganacl|94/100|[from] item: Leftovers
|-heal|p1a: Sinistcha|100/100 par|[from] item: Leftovers
|upkeep
|turn|15
|
|t:|1760767831
|move|p2a: Garganacl|Salt Cure|p1a: Sinistcha
|-damage|p1a: Sinistcha|90/100 par
|-start|p1a: Sinistcha|Salt Cure
|move|p1a: Sinistcha|Matcha Gotcha|p2a: Garganacl|[miss]
|-miss|p1a: Sinistcha|p2a: Garganacl
|
|-heal|p2a: Garganacl|100/100|[from] item: Leftovers
|-heal|p1a: Sinistcha|96/100 par|[from] item: Leftovers
|-damage|p1a: Sinistcha|83/100 par|[from] Salt Cure
|upkeep
|turn|16
|
|t:|1760767836
|switch|p2a: Okidogi|Okidogi, M|100/100
|-damage|p2a: Okidogi|94/100|[from] Stealth Rock
|cant|p1a: Sinistcha|par
|
|-heal|p1a: Sinistcha|90/100 par|[from] item: Leftovers
|-damage|p1a: Sinistcha|77/100 par|[from] Salt Cure
|upkeep
|turn|17
|
|t:|1760767842
|switch|p1a: Alomomola|Alomomola, F|100/100
|move|p2a: Okidogi|Knock Off|p1a: Alomomola
|-damage|p1a: Alomomola|80/100
|-enditem|p1a: Alomomola|Heavy-Duty Boots|[from] move: Knock Off|[of] p2a: Okidogi
|
|upkeep
|turn|18
|
|t:|1760767847
|move|p2a: Okidogi|Drain Punch|p1a: Alomomola
|-damage|p1a: Alomomola|53/100
|-heal|p2a: Okidogi|100/100|[from] drain|[of] p1a: Alomomola
|move|p1a: Alomomola|Wish|p1a: Alomomola
|
|upkeep
|turn|19
|
|t:|1760767855
|move|p2a: Okidogi|Knock Off|p1a: Alomomola
|-damage|p1a: Alomomola|37/100
|-status|p1a: Alomomola|tox|[from] ability: Toxic Chain|[of] p2a: Okidogi
|move|p1a: Alomomola|Flip Turn|p2a: Okidogi
|-damage|p2a: Okidogi|86/100
|-damage|p1a: Alomomola|21/100 tox|[from] item: Rocky Helmet|[of] p2a: Okidogi
|
|t:|1760767857
|switch|p1a: Darkrai|Darkrai|25/100|[from] Flip Turn
|
|-heal|p1a: Darkrai|100/100|[from] move: Wish|[wisher] Alomomola
|upkeep
|turn|20
|
|t:|1760767866
|move|p1a: Darkrai|Ice Beam|p2a: Okidogi
|-damage|p2a: Okidogi|52/100
|move|p2a: Okidogi|Drain Punch|p1a: Darkrai
|-supereffective|p1a: Darkrai
|-damage|p1a: Darkrai|0 fnt
|-heal|p2a: Okidogi|89/100|[from] drain|[of] p1a: Darkrai
|faint|p1a: Darkrai
|
|upkeep
|
|t:|1760767872
|switch|p1a: Ogerpon|Ogerpon-Wellspring, F|100/100
|turn|21
|
|t:|1760767875
|move|p1a: Ogerpon|Ivy Cudgel|p2a: Okidogi|[anim] Ivy Cudgel Water
|-damage|p2a: Okidogi|38/100
|move|p2a: Okidogi|Drain Punch|p1a: Ogerpon
|-crit|p1a: Ogerpon
|-damage|p1a: Ogerpon|12/100
|-heal|p2a: Okidogi|73/100|[from] drain|[of] p1a: Ogerpon
|
|upkeep
|turn|22
|
|t:|1760767880
|move|p1a: Ogerpon|Ivy Cudgel|p2a: Okidogi|[anim] Ivy Cudgel Water
|-damage|p2a: Okidogi|24/100
|move|p2a: Okidogi|Drain Punch|p1a: Ogerpon
|-damage|p1a: Ogerpon|0 fnt
|-heal|p2a: Okidogi|29/100|[from] drain|[of] p1a: Ogerpon
|faint|p1a: Ogerpon
|
|upkeep
|
|t:|1760767883
|switch|p1a: Alomomola|Alomomola, F|54/100 tox
|turn|23
|
|t:|1760767887
|move|p2a: Okidogi|Bulk Up|p2a: Okidogi
|-boost|p2a: Okidogi|atk|1
|-boost|p2a: Okidogi|def|1
|move|p1a: Alomomola|Scald|p2a: Okidogi
|-damage|p2a: Okidogi|15/100
|-status|p2a: Okidogi|brn
|
|-damage|p1a: Alomomola|48/100 tox|[from] psn
|-damage|p2a: Okidogi|9/100 brn|[from] brn
|upkeep
|turn|24
|
|t:|1760767897
|move|p2a: Okidogi|Drain Punch|p1a: Alomomola
|-damage|p1a: Alomomola|29/100 tox
|-heal|p2a: Okidogi|21/100 brn|[from] drain|[of] p1a: Alomomola
|move|p1a: Alomomola|Flip Turn|p2a: Okidogi
|-damage|p2a: Okidogi|11/100 brn
|-damage|p1a: Alomomola|12/100 tox|[from] item: Rocky Helmet|[of] p2a: Okidogi
|
|t:|1760767899
|switch|p1a: Sinistcha|Sinistcha-Masterpiece|77/100 par|[from] Flip Turn
|
|-heal|p1a: Sinistcha|83/100 par|[from] item: Leftovers
|-damage|p2a: Okidogi|5/100 brn|[from] brn
|upkeep
|turn|25
|
|t:|1760767908
|move|p2a: Okidogi|Knock Off|p1a: Sinistcha
|-supereffective|p1a: Sinistcha
|-damage|p1a: Sinistcha|42/100 par
|-enditem|p1a: Sinistcha|Leftovers|[from] move: Knock Off|[of] p2a: Okidogi
|move|p1a: Sinistcha|Calm Mind|p1a: Sinistcha
|-boost|p1a: Sinistcha|spa|1
|-boost|p1a: Sinistcha|spd|1
|
|-damage|p2a: Okidogi|0 fnt|[from] brn
|faint|p2a: Okidogi
|upkeep
|
|t:|1760767915
|switch|p2a: Garganacl|Garganacl, M|100/100
|-damage|p2a: Garganacl|88/100|[from] Stealth Rock
|turn|26
|
|t:|1760767918
|move|p2a: Garganacl|Salt Cure|p1a: Sinistcha
|-damage|p1a: Sinistcha|31/100 par
|-start|p1a: Sinistcha|Salt Cure
|move|p1a: Sinistcha|Strength Sap|p2a: Garganacl
|-unboost|p2a: Garganacl|atk|1
|-heal|p1a: Sinistcha|99/100 par
|
|-heal|p2a: Garganacl|94/100|[from] item: Leftovers
|-damage|p1a: Sinistcha|87/100 par|[from] Salt Cure
|upkeep
|turn|27
|
|t:|1760767922
|switch|p2a: Raging Bolt|Raging Bolt|88/100
|-damage|p2a: Raging Bolt|76/100|[from] Stealth Rock
|cant|p1a: Sinistcha|par
|
|-damage|p1a: Sinistcha|74/100 par|[from] Salt Cure
|upkeep
|turn|28
|
|t:|1760767927
|switch|p1a: Alomomola|Alomomola, F|46/100 tox
|move|p2a: Raging Bolt|Dragon Pulse|p1a: Alomomola
|-damage|p1a: Alomomola|0 fnt
|faint|p1a: Alomomola
|
|upkeep
|
|t:|1760767928
|switch|p1a: Sinistcha|Sinistcha-Masterpiece|74/100 par
|turn|29
|
|t:|1760767930
|move|p2a: Raging Bolt|Dragon Pulse|p1a: Sinistcha
|-damage|p1a: Sinistcha|0 fnt
|faint|p1a: Sinistcha
|
|win|alex12381723898
|raw|snoppp's rating: 1301 &rarr; <strong>1283</strong><br />(-18 for losing)
|raw|alex12381723898's rating: 1339 &rarr; <strong>1357</strong><br />(+18 for winning)
|l|☆snoppp
|player|p1|
|l|☆alex12381723898
|player|p2|
