|j|☆ZhinXhinShin
|j|☆yobarki
|t:|1760832800
|gametype|singles
|player|p1|ZhinXhinShin|waitress-gen4|1274
|player|p2|yobarki|miku-ghost|1307
|gen|9
|tier|[Gen 9] OU
|rated|
|rule|HP Percentage Mod: HP is shown in percentages
|rule|Endless Battle Clause: Forcing endless battles is banned
|rule|Species Clause: Limit one of each Pokémon
|rule|OHKO Clause: OHKO moves are banned
|rule|Evasion Items Clause: Evasion items are banned
|rule|Evasion Moves Clause: Evasion moves are banned
|rule|Evasion Abilities Clause: Evasion abilities are banned
|rule|Sleep Moves Clause: Sleep-inducing moves are banned
|clearpoke
|poke|p1|Raging Bolt|
|poke|p1|Great Tusk|
|poke|p1|Iron Crown|
|poke|p1|Skeledirge, F|
|poke|p1|Tyranitar, M|
|poke|p1|Mandibuzz, F|
|poke|p2|Zamazenta-*|
|poke|p2|Ninetales-Alola, M|
|poke|p2|Darkrai|
|poke|p2|Ceruledge, M|
|poke|p2|Gliscor, M|
|poke|p2|Hatterene, F|
|teampreview
|inactive|Battle timer is ON: inactive players will automatically lose when time's up. (requested by ZhinXhinShin)
|
|t:|1760832814
|teamsize|p1|6
|teamsize|p2|6
|start
|switch|p1a: Iron Crown|Iron Crown|100/100
|switch|p2a: SixSeventales|Ninetales-Alola, M|100/100
|-weather|Snowscape|[from] ability: Snow Warning|[of] p2a: SixSeventales
|turn|1
|
|t:|1760832826
|move|p1a: Iron Crown|Tachyon Cutter|p2a: SixSeventales
|-supereffective|p2a: SixSeventales
|-damage|p2a: SixSeventales|0 fnt
|faint|p2a: SixSeventales
|-hitcount|p2: SixSeventales|1
|
|-weather|Snowscape|[upkeep]
|upkeep
|
|t:|1760832833
|switch|p2a: Ceruledging|Ceruledge, M|100/100
|turn|2
|
|t:|1760832836
|-end|p1a: Iron Crown|Quark Drive|[silent]
|switch|p1a: Tyranitar|Tyranitar, M|100/100
|-weather|Sandstorm|[from] ability: Sand Stream|[of] p1a: Tyranitar
|move|p2a: Ceruledging|Swords Dance|p2a: Ceruledging
|-boost|p2a: Ceruledging|atk|2
|
|-weather|Sandstorm|[upkeep]
|-damage|p2a: Ceruledging|94/100|[from] Sandstorm
|upkeep
|turn|3
|
|t:|1760832849
|switch|p2a: Zamnzenta|Zamazenta|100/100
|-ability|p2a: Zamnzenta|Dauntless Shield|boost
|-boost|p2a: Zamnzenta|def|1
|move|p1a: Tyranitar|Knock Off|p2a: Zamnzenta
|-resisted|p2a: Zamnzenta
|-damage|p2a: Zamnzenta|84/100
|-enditem|p2a: Zamnzenta|Chesto Berry|[from] move: Knock Off|[of] p1a: Tyranitar
|
|-weather|Sandstorm|[upkeep]
|-damage|p2a: Zamnzenta|78/100|[from] Sandstorm
|upkeep
|turn|4
|
|t:|1760832858
|switch|p1a: Skeledirge|Skeledirge, F|100/100
|move|p2a: Zamnzenta|Iron Defense|p2a: Zamnzenta
|-boost|p2a: Zamnzenta|def|2
|
|-weather|Sandstorm|[upkeep]
|-damage|p2a: Zamnzenta|72/100|[from] Sandstorm
|-damage|p1a: Skeledirge|94/100|[from] Sandstorm
|upkeep
|turn|5
|
|t:|1760832864
|move|p2a: Zamnzenta|Crunch|p1a: Skeledirge
|-supereffective|p1a: Skeledirge
|-damage|p1a: Skeledirge|62/100
|-unboost|p1a: Skeledirge|def|1
|move|p1a: Skeledirge|Will-O-Wisp|p2a: Zamnzenta
|-status|p2a: Zamnzenta|brn
|
|-weather|Sandstorm|[upkeep]
|-damage|p2a: Zamnzenta|66/100 brn|[from] Sandstorm
|-damage|p1a: Skeledirge|56/100|[from] Sandstorm
|-damage|p2a: Zamnzenta|60/100 brn|[from] brn
|upkeep
|turn|6
|
|t:|1760832878
|switch|p1a: Mandibuzz|Mandibuzz, F|100/100
|move|p2a: Zamnzenta|Crunch|p1a: Mandibuzz
|-resisted|p1a: Mandibuzz
|-damage|p1a: Mandibuzz|97/100
|
|-weather|none
|-damage|p2a: Zamnzenta|53/100 brn|[from] brn
|upkeep
|turn|7
|
|t:|1760832889
|move|p2a: Zamnzenta|Rest|p2a: Zamnzenta
|-status|p2a: Zamnzenta|slp|[from] move: Rest
|-heal|p2a: Zamnzenta|100/100 slp|[silent]
|move|p1a: Mandibuzz|Foul Play|p2a: Zamnzenta
|-resisted|p2a: Zamnzenta
|-damage|p2a: Zamnzenta|93/100 slp
|
|upkeep
|turn|8
|
|t:|1760832898
|switch|p1a: Skeledirge|Skeledirge, F|56/100
|cant|p2a: Zamnzenta|slp
|
|upkeep
|turn|9
|
|t:|1760832901
|cant|p2a: Zamnzenta|slp
|move|p1a: Skeledirge|Slack Off|p1a: Skeledirge
|-heal|p1a: Skeledirge|100/100
|
|upkeep
|turn|10
|
|t:|1760832909
|-curestatus|p2a: Zamnzenta|slp|[msg]
|move|p2a: Zamnzenta|Crunch|p1a: Skeledirge
|-supereffective|p1a: Skeledirge
|-damage|p1a: Skeledirge|68/100
|-unboost|p1a: Skeledirge|def|1
|move|p1a: Skeledirge|Torch Song|p2a: Zamnzenta
|-damage|p2a: Zamnzenta|64/100
|-boost|p1a: Skeledirge|spa|1
|
|upkeep
|turn|11
|
|t:|1760832922
|switch|p1a: Mandibuzz|Mandibuzz, F|97/100
|move|p2a: Zamnzenta|Crunch|p1a: Mandibuzz
|-resisted|p1a: Mandibuzz
|-damage|p1a: Mandibuzz|90/100
|
|upkeep
|turn|12
|
|t:|1760832929
|move|p2a: Zamnzenta|Iron Defense|p2a: Zamnzenta
|-boost|p2a: Zamnzenta|def|2
|move|p1a: Mandibuzz|Foul Play|p2a: Zamnzenta
|-resisted|p2a: Zamnzenta
|-damage|p2a: Zamnzenta|59/100
|
|upkeep
|turn|13
|
|t:|1760832936
|move|p2a: Zamnzenta|Crunch|p1a: Mandibuzz
|-resisted|p1a: Mandibuzz
|-damage|p1a: Mandibuzz|84/100
|-unboost|p1a: Mandibuzz|def|1
|move|p1a: Mandibuzz|Toxic|p2a: Zamnzenta
|-status|p2a: Zamnzenta|tox
|
|-damage|p2a: Zamnzenta|53/100 tox|[from] psn
|upkeep
|turn|14
|
|t:|1760832946
|switch|p1a: Skeledirge|Skeledirge, F|68/100
|move|p2a: Zamnzenta|Crunch|p1a: Skeledirge
|-supereffective|p1a: Skeledirge
|-damage|p1a: Skeledirge|40/100
|-unboost|p1a: Skeledirge|def|1
|
|-damage|p2a: Zamnzenta|40/100 tox|[from] psn
|upkeep
|turn|15
|
|t:|1760832957
|move|p2a: Zamnzenta|Crunch|p1a: Skeledirge
|-supereffective|p1a: Skeledirge
|-crit|p1a: Skeledirge
|-damage|p1a: Skeledirge|0 fnt
|faint|p1a: Skeledirge
|
|-damage|p2a: Zamnzenta|22/100 tox|[from] psn
|upkeep
|
|t:|1760832962
|switch|p1a: Iron Crown|Iron Crown|100/100
|turn|16
|
|t:|1760832970
|move|p1a: Iron Crown|Volt Switch|p2a: Zamnzenta
|-damage|p2a: Zamnzenta|0 fnt
|faint|p2a: Zamnzenta
|
|t:|1760832973
|-end|p1a: Iron Crown|Quark Drive|[silent]
|switch|p1a: Tyranitar|Tyranitar, M|100/100|[from] Volt Switch
|-weather|Sandstorm|[from] ability: Sand Stream|[of] p1a: Tyranitar
|
|-weather|Sandstorm|[upkeep]
|upkeep
|
|t:|1760832983
|switch|p2a: Krai Cenat|Darkrai|100/100
|turn|17
|
|t:|1760832990
|move|p2a: Krai Cenat|Focus Blast|p1a: Tyranitar
|-supereffective|p1a: Tyranitar
|-damage|p1a: Tyranitar|28/100
|move|p1a: Tyranitar|Stone Edge|p2a: Krai Cenat
|-damage|p2a: Krai Cenat|25/100
|
|-weather|Sandstorm|[upkeep]
|-damage|p2a: Krai Cenat|19/100|[from] Sandstorm
|-heal|p2a: Krai Cenat|25/100|[from] item: Leftovers
|upkeep
|turn|18
|
|t:|1760833007
|move|p2a: Krai Cenat|Focus Blast|p1a: Tyranitar
|-supereffective|p1a: Tyranitar
|-damage|p1a: Tyranitar|0 fnt
|faint|p1a: Tyranitar
|
|-weather|Sandstorm|[upkeep]
|-damage|p2a: Krai Cenat|19/100|[from] Sandstorm
|-heal|p2a: Krai Cenat|25/100|[from] item: Leftovers
|upkeep
|
|t:|1760833009
|switch|p1a: Iron Crown|Iron Crown|100/100
|turn|19
|
|t:|1760833019
|move|p1a: Iron Crown|Tachyon Cutter|p2a: Krai Cenat
|-damage|p2a: Krai Cenat|0 fnt
|faint|p2a: Krai Cenat
|-hitcount|p2: Krai Cenat|1
|
|-weather|Sandstorm|[upkeep]
|upkeep
|
|t:|1760833026
|switch|p2a: Ceruledging|Ceruledge, M|94/100
|turn|20
|
|t:|1760833030
|-end|p1a: Iron Crown|Quark Drive|[silent]
|switch|p1a: Mandibuzz|Mandibuzz, F|84/100
|move|p2a: Ceruledging|Swords Dance|p2a: Ceruledging
|-boost|p2a: Ceruledging|atk|2
|
|-weather|none
|upkeep
|turn|21
|
|t:|1760833037
|-terastallize|p2a: Ceruledging|Bug
|move|p2a: Ceruledging|Bitter Blade|p1a: Mandibuzz
|-damage|p1a: Mandibuzz|42/100
|-heal|p2a: Ceruledging|100/100|[from] drain|[of] p1a: Mandibuzz
|move|p1a: Mandibuzz|Foul Play|p2a: Ceruledging
|-damage|p2a: Ceruledging|12/100
|-ability|p2a: Ceruledging|Weak Armor|boost
|-unboost|p2a: Ceruledging|def|1
|-boost|p2a: Ceruledging|spe|2
|
|upkeep
|turn|22
|
|t:|1760833052
|move|p2a: Ceruledging|Bitter Blade|p1a: Mandibuzz
|-damage|p1a: Mandibuzz|0 fnt
|-heal|p2a: Ceruledging|37/100|[from] drain|[of] p1a: Mandibuzz
|faint|p1a: Mandibuzz
|
|upkeep
|
|t:|1760833058
|switch|p1a: Great Tusk|Great Tusk|100/100
|turn|23
|
|t:|1760833070
|-terastallize|p1a: Great Tusk|Fire
|move|p2a: Ceruledging|Bitter Blade|p1a: Great Tusk
|-resisted|p1a: Great Tusk
|-damage|p1a: Great Tusk|72/100
|-heal|p2a: Ceruledging|52/100|[from] drain|[of] p1a: Great Tusk
|-damage|p2a: Ceruledging|35/100|[from] item: Rocky Helmet|[of] p1a: Great Tusk
|move|p1a: Great Tusk|Close Combat|p2a: Ceruledging
|-resisted|p2a: Ceruledging
|-damage|p2a: Ceruledging|0 fnt
|-unboost|p1a: Great Tusk|def|1
|-unboost|p1a: Great Tusk|spd|1
|faint|p2a: Ceruledging
|
|upkeep
|
|t:|1760833083
|switch|p2a: Gyatterene|Hatterene, F|100/100
|turn|24
|
|t:|1760833088
|-end|p1a: Great Tusk|Protosynthesis|[silent]
|switch|p1a: Raging Bolt|Raging Bolt|100/100
|move|p2a: Gyatterene|Draining Kiss|p1a: Raging Bolt
|-supereffective|p1a: Raging Bolt
|-damage|p1a: Raging Bolt|73/100
|
|upkeep
|turn|25
|
|t:|1760833096
|move|p1a: Raging Bolt|Thunderbolt|p2a: Gyatterene
|-damage|p2a: Gyatterene|42/100
|move|p2a: Gyatterene|Calm Mind|p2a: Gyatterene
|-boost|p2a: Gyatterene|spa|1
|-boost|p2a: Gyatterene|spd|1
|
|-heal|p2a: Gyatterene|48/100|[from] item: Leftovers
|upkeep
|turn|26
|
|t:|1760833104
|move|p1a: Raging Bolt|Thunderbolt|p2a: Gyatterene
|-damage|p2a: Gyatterene|9/100
|move|p2a: Gyatterene|Draining Kiss|p1a: Raging Bolt
|-supereffective|p1a: Raging Bolt
|-damage|p1a: Raging Bolt|35/100
|-heal|p2a: Gyatterene|48/100|[from] drain|[of] p1a: Raging Bolt
|
|-heal|p2a: Gyatterene|54/100|[from] item: Leftovers
|upkeep
|turn|27
|
|t:|1760833113
|-end|p1a: Raging Bolt|Protosynthesis|[silent]
|switch|p1a: Iron Crown|Iron Crown|100/100
|move|p2a: Gyatterene|Draining Kiss|p1a: Iron Crown
|-resisted|p1a: Iron Crown
|-damage|p1a: Iron Crown|85/100
|-heal|p2a: Gyatterene|66/100|[from] drain|[of] p1a: Iron Crown
|
|-heal|p2a: Gyatterene|72/100|[from] item: Leftovers
|upkeep
|turn|28
|
|t:|1760833122
|move|p1a: Iron Crown|Tachyon Cutter|p2a: Gyatterene
|-supereffective|p2a: Gyatterene
|-crit|p2a: Gyatterene
|-damage|p2a: Gyatterene|0 fnt
|faint|p2a: Gyatterene
|-hitcount|p2: Gyatterene|1
|
|upkeep
|
|t:|1760833127
|switch|p2a: Glizzycor|Gliscor, M|100/100
|turn|29
|
|t:|1760833134
|move|p1a: Iron Crown|Tachyon Cutter|p2a: Glizzycor
|-damage|p2a: Glizzycor|72/100
|-damage|p2a: Glizzycor|43/100
|-hitcount|p2a: Glizzycor|2
|move|p2a: Glizzycor|Swords Dance|p2a: Glizzycor
|-boost|p2a: Glizzycor|atk|2
|
|-status|p2a: Glizzycor|tox|[from] item: Toxic Orb
|upkeep
|turn|30
|
|t:|1760833139
|move|p1a: Iron Crown|Tachyon Cutter|p2a: Glizzycor
|-damage|p2a: Glizzycor|14/100 tox
|-damage|p2a: Glizzycor|0 fnt
|faint|p2a: Glizzycor
|-hitcount|p2: Glizzycor|2
|
|win|ZhinXhinShin
|raw|ZhinXhinShin's rating: 1274 &rarr; <strong>1301</strong><br />(+27 for winning)
|raw|yobarki's rating: 1307 &rarr; <strong>1285</strong><br />(-22 for losing)
|l|☆yobarki
|player|p2|
