|j|☆jserifhasdkss
|j|☆myworldinflames
|t:|1760721981
|gametype|singles
|player|p1|jserifhasdkss|ghetsis-gen5bw|1102
|player|p2|myworldinflames|alder|1141
|gen|9
|tier|[Gen 9] OU
|rated|
|rule|HP Percentage Mod: HP is shown in percentages
|rule|Endless Battle Clause: Forcing endless battles is banned
|rule|Species Clause: Limit one of each Pokémon
|rule|OHKO Clause: OHKO moves are banned
|rule|Evasion Items Clause: Evasion items are banned
|rule|Evasion Moves Clause: Evasion moves are banned
|rule|Evasion Abilities Clause: Evasion abilities are banned
|rule|Sleep Moves Clause: Sleep-inducing moves are banned
|clearpoke
|poke|p1|Haxorus, M|
|poke|p1|Gliscor, F|
|poke|p1|Glimmora, F|
|poke|p1|Araquanid, F|
|poke|p1|Meowscarada, M|
|poke|p1|Scizor, F|
|poke|p2|Dondozo, F|
|poke|p2|Hatterene, F|
|poke|p2|Grimmsnarl, M|
|poke|p2|Dudunsparce-*, F|
|poke|p2|Clodsire, F|
|poke|p2|Gholdengo|
|teampreview
|inactive|Battle timer is ON: inactive players will automatically lose when time's up. (requested by myworldinflames)
|inactive|jserifhasdkss also wants the timer to be on.
|
|t:|1760721994
|teamsize|p1|6
|teamsize|p2|6
|start
|switch|p1a: poison rocks|Glimmora, F, shiny|100/100
|switch|p2a: Grimy|Grimmsnarl, M, shiny|100/100
|-item|p1a: poison rocks|Air Balloon
|turn|1
|
|t:|1760722001
|move|p2a: Grimy|Reflect|p2a: Grimy
|-sidestart|p2: myworldinflames|Reflect
|move|p1a: poison rocks|Light Screen|p1a: poison rocks
|-sidestart|p1: jserifhasdkss|move: Light Screen
|
|upkeep
|turn|2
|
|t:|1760722005
|move|p2a: Grimy|Light Screen|p2a: Grimy
|-sidestart|p2: myworldinflames|move: Light Screen
|move|p1a: poison rocks|Stealth Rock|p2a: Grimy
|-sidestart|p2: myworldinflames|move: Stealth Rock
|
|upkeep
|turn|3
|
|t:|1760722010
|move|p2a: Grimy|Parting Shot|p1a: poison rocks
|-unboost|p1a: poison rocks|atk|1
|-unboost|p1a: poison rocks|spa|1
|
|t:|1760722021
|switch|p2a: Dodo|Dondozo, F, shiny|100/100|[from] Parting Shot
|-damage|p2a: Dodo|88/100|[from] Stealth Rock
|move|p1a: poison rocks|Meteor Beam||[still]
|-prepare|p1a: poison rocks|Meteor Beam
|-boost|p1a: poison rocks|spa|1
|
|-heal|p2a: Dodo|94/100|[from] item: Leftovers
|upkeep
|turn|4
|
|t:|1760722030
|move|p1a: poison rocks|Meteor Beam|p2a: Dodo|[from] lockedmove
|-damage|p2a: Dodo|71/100
|move|p2a: Dodo|Waterfall|p1a: poison rocks
|-supereffective|p1a: poison rocks
|-damage|p1a: poison rocks|64/100
|-activate|p1a: poison rocks|ability: Toxic Debris
|-sidestart|p2: myworldinflames|move: Toxic Spikes
|-enditem|p1a: poison rocks|Air Balloon
|
|-heal|p2a: Dodo|77/100|[from] item: Leftovers
|upkeep
|turn|5
|
|t:|1760722047
|switch|p1a: Gattito|Meowscarada, M, shiny|100/100
|move|p2a: Dodo|Curse|p2a: Dodo
|-unboost|p2a: Dodo|spe|1
|-boost|p2a: Dodo|atk|1
|-boost|p2a: Dodo|def|1
|
|-heal|p2a: Dodo|84/100|[from] item: Leftovers
|-sideend|p1: jserifhasdkss|move: Light Screen
|upkeep
|turn|6
|
|t:|1760722062
|switch|p2a: You Clod|Clodsire, F, shiny|100/100
|-damage|p2a: You Clod|94/100|[from] Stealth Rock
|-sideend|p2: myworldinflames|move: Toxic Spikes|[of] p2a: You Clod
|move|p1a: Gattito|Flower Trick|p2a: You Clod
|-start|p1a: Gattito|typechange|Grass|[from] ability: Protean
|-crit|p2a: You Clod
|-damage|p2a: You Clod|15/100
|
|-heal|p2a: You Clod|21/100|[from] item: Black Sludge
|upkeep
|turn|7
|c|☆jserifhasdkss|damn
|c|☆jserifhasdkss|that hurts
|
|t:|1760722082
|switch|p2a: Derp|Dudunsparce-Three-Segment, F, shiny|100/100
|-damage|p2a: Derp|88/100|[from] Stealth Rock
|move|p1a: Gattito|Flower Trick|p2a: Derp
|-crit|p2a: Derp
|-damage|p2a: Derp|26/100
|
|-heal|p2a: Derp|32/100|[from] item: Leftovers
|upkeep
|turn|8
|
|t:|1760722090
|move|p1a: Gattito|Flower Trick|p2a: Derp
|-crit|p2a: Derp
|-damage|p2a: Derp|0 fnt
|faint|p2a: Derp
|
|-sideend|p2: myworldinflames|Reflect
|upkeep
|
|t:|1760722098
|switch|p2a: Grimy|Grimmsnarl, M, shiny|100/100
|-damage|p2a: Grimy|88/100|[from] Stealth Rock
|turn|9
|
|t:|1760722104
|move|p2a: Grimy|Reflect|p2a: Grimy
|-sidestart|p2: myworldinflames|Reflect
|move|p1a: Gattito|Flower Trick|p2a: Grimy
|-crit|p2a: Grimy
|-damage|p2a: Grimy|0 fnt
|faint|p2a: Grimy
|
|-sideend|p2: myworldinflames|move: Light Screen
|upkeep
|
|t:|1760722113
|switch|p2a: Dodo|Dondozo, F, shiny|84/100
|-damage|p2a: Dodo|71/100|[from] Stealth Rock
|turn|10
|
|t:|1760722119
|-terastallize|p2a: Dodo|Grass
|move|p1a: Gattito|Flower Trick|p2a: Dodo
|-resisted|p2a: Dodo
|-crit|p2a: Dodo
|-damage|p2a: Dodo|55/100
|move|p2a: Dodo|Curse|p2a: Dodo
|-unboost|p2a: Dodo|spe|1
|-boost|p2a: Dodo|atk|1
|-boost|p2a: Dodo|def|1
|
|-heal|p2a: Dodo|61/100|[from] item: Leftovers
|upkeep
|turn|11
|inactive|jserifhasdkss has 120 seconds left.
|
|t:|1760722149
|switch|p1a: Glizzscore|Gliscor, F|100/100
|move|p2a: Dodo|Curse|p2a: Dodo
|-unboost|p2a: Dodo|spe|1
|-boost|p2a: Dodo|atk|1
|-boost|p2a: Dodo|def|1
|
|-heal|p2a: Dodo|67/100|[from] item: Leftovers
|-status|p1a: Glizzscore|tox|[from] item: Toxic Orb
|upkeep
|turn|12
|
|t:|1760722158
|-terastallize|p1a: Glizzscore|Flying
|move|p1a: Glizzscore|Dual Wingbeat|p2a: Dodo
|-supereffective|p2a: Dodo
|-damage|p2a: Dodo|63/100
|-supereffective|p2a: Dodo
|-damage|p2a: Dodo|57/100
|-hitcount|p2a: Dodo|2
|move|p2a: Dodo|Waterfall|p1a: Glizzscore
|-damage|p1a: Glizzscore|46/100 tox
|
|-heal|p2a: Dodo|64/100|[from] item: Leftovers
|-heal|p1a: Glizzscore|58/100 tox|[from] ability: Poison Heal
|upkeep
|turn|13
|
|t:|1760722169
|move|p1a: Glizzscore|Gunk Shot|p2a: Dodo
|-supereffective|p2a: Dodo
|-damage|p2a: Dodo|57/100
|-status|p2a: Dodo|psn
|move|p2a: Dodo|Waterfall|p1a: Glizzscore
|-damage|p1a: Glizzscore|2/100 tox
|
|-heal|p2a: Dodo|63/100 psn|[from] item: Leftovers
|-heal|p1a: Glizzscore|15/100 tox|[from] ability: Poison Heal
|-damage|p2a: Dodo|50/100 psn|[from] psn
|upkeep
|turn|14
|
|t:|1760722179
|move|p1a: Glizzscore|Dual Wingbeat|p2a: Dodo
|-supereffective|p2a: Dodo
|-damage|p2a: Dodo|45/100 psn
|-supereffective|p2a: Dodo
|-damage|p2a: Dodo|40/100 psn
|-hitcount|p2a: Dodo|2
|move|p2a: Dodo|Waterfall|p1a: Glizzscore
|-damage|p1a: Glizzscore|0 fnt
|faint|p1a: Glizzscore
|
|-heal|p2a: Dodo|46/100 psn|[from] item: Leftovers
|-damage|p2a: Dodo|34/100 psn|[from] psn
|upkeep
|
|t:|1760722191
|switch|p1a: poison rocks|Glimmora, F, shiny|64/100
|turn|15
|
|t:|1760722201
|move|p1a: poison rocks|Meteor Beam||[still]
|-prepare|p1a: poison rocks|Meteor Beam
|-boost|p1a: poison rocks|spa|1
|move|p2a: Dodo|Rest|p2a: Dodo
|-status|p2a: Dodo|slp|[from] move: Rest
|-heal|p2a: Dodo|100/100 slp|[silent]
|
|upkeep
|turn|16
|
|t:|1760722219
|move|p1a: poison rocks|Meteor Beam|p2a: Dodo|[from] lockedmove
|-damage|p2a: Dodo|48/100 slp
|cant|p2a: Dodo|slp
|move|p2a: Dodo|Sleep Talk|p2a: Dodo
|move|p2a: Dodo|Waterfall|p1a: poison rocks|[from] move: Sleep Talk
|-supereffective|p1a: poison rocks
|-damage|p1a: poison rocks|0 fnt
|-activate|p1a: poison rocks|ability: Toxic Debris
|-sidestart|p2: myworldinflames|move: Toxic Spikes
|faint|p1a: poison rocks
|
|-heal|p2a: Dodo|54/100 slp|[from] item: Leftovers
|-sideend|p2: myworldinflames|Reflect
|upkeep
|
|t:|1760722221
|switch|p1a: Gattito|Meowscarada, M, shiny|100/100
|turn|17
|
|t:|1760722233
|move|p1a: Gattito|Flower Trick|p2a: Dodo
|-start|p1a: Gattito|typechange|Grass|[from] ability: Protean
|-resisted|p2a: Dodo
|-crit|p2a: Dodo
|-damage|p2a: Dodo|39/100 slp
|cant|p2a: Dodo|slp
|move|p2a: Dodo|Sleep Talk|p2a: Dodo
|move|p2a: Dodo|Rest||[from] move: Sleep Talk|[still]
|-fail|p2a: Dodo
|
|-heal|p2a: Dodo|45/100 slp|[from] item: Leftovers
|upkeep
|turn|18
|
|t:|1760722243
|move|p1a: Gattito|Flower Trick|p2a: Dodo
|-resisted|p2a: Dodo
|-crit|p2a: Dodo
|-damage|p2a: Dodo|29/100 slp
|-curestatus|p2a: Dodo|slp|[msg]
|move|p2a: Dodo|Rest|p2a: Dodo
|-status|p2a: Dodo|slp|[from] move: Rest
|-heal|p2a: Dodo|100/100 slp|[silent]
|
|upkeep
|turn|19
|
|t:|1760722252
|move|p1a: Gattito|Flower Trick|p2a: Dodo
|-resisted|p2a: Dodo
|-crit|p2a: Dodo
|-damage|p2a: Dodo|84/100 slp
|cant|p2a: Dodo|slp
|move|p2a: Dodo|Sleep Talk|p2a: Dodo
|move|p2a: Dodo|Rest||[from] move: Sleep Talk|[still]
|-fail|p2a: Dodo
|
|-heal|p2a: Dodo|90/100 slp|[from] item: Leftovers
|upkeep
|turn|20
|
|t:|1760722261
|move|p1a: Gattito|Flower Trick|p2a: Dodo
|-resisted|p2a: Dodo
|-crit|p2a: Dodo
|-damage|p2a: Dodo|74/100 slp
|cant|p2a: Dodo|slp
|move|p2a: Dodo|Sleep Talk|p2a: Dodo
|move|p2a: Dodo|Rest||[from] move: Sleep Talk|[still]
|-fail|p2a: Dodo
|
|-heal|p2a: Dodo|80/100 slp|[from] item: Leftovers
|upkeep
|turn|21
|
|t:|1760722276
|switch|p1a: Spooderman|Araquanid, F, shiny|100/100
|-curestatus|p2a: Dodo|slp|[msg]
|move|p2a: Dodo|Waterfall|p1a: Spooderman
|-resisted|p1a: Spooderman
|-damage|p1a: Spooderman|71/100
|
|-heal|p1a: Spooderman|77/100|[from] item: Leftovers
|-heal|p2a: Dodo|86/100|[from] item: Leftovers
|upkeep
|turn|22
|
|t:|1760722288
|move|p1a: Spooderman|Leech Life|p2a: Dodo
|-supereffective|p2a: Dodo
|-damage|p2a: Dodo|76/100
|-heal|p1a: Spooderman|85/100|[from] drain|[of] p2a: Dodo
|move|p2a: Dodo|Curse|p2a: Dodo
|-unboost|p2a: Dodo|spe|1
|-boost|p2a: Dodo|atk|1
|-boost|p2a: Dodo|def|1
|
|-heal|p1a: Spooderman|91/100|[from] item: Leftovers
|-heal|p2a: Dodo|82/100|[from] item: Leftovers
|upkeep
|turn|23
|-message|jserifhasdkss forfeited.
|
|win|myworldinflames
|raw|jserifhasdkss's rating: 1102 &rarr; <strong>1080</strong><br />(-22 for losing)
|raw|myworldinflames's rating: 1141 &rarr; <strong>1163</strong><br />(+22 for winning)
|l|☆jserifhasdkss
|player|p1|
