|j|☆hngjkcdl
|j|☆capitolg
|t:|1760783642
|gametype|singles
|player|p1|hngjkcdl|170|1141
|player|p2|capitolg|bellelba|1187
|gen|9
|tier|[Gen 9] OU
|rated|
|rule|HP Percentage Mod: HP is shown in percentages
|rule|Endless Battle Clause: Forcing endless battles is banned
|rule|Species Clause: Limit one of each Pokémon
|rule|OHKO Clause: OHKO moves are banned
|rule|Evasion Items Clause: Evasion items are banned
|rule|Evasion Moves Clause: Evasion moves are banned
|rule|Evasion Abilities Clause: Evasion abilities are banned
|rule|Sleep Moves Clause: Sleep-inducing moves are banned
|clearpoke
|poke|p1|Toxapex, M|
|poke|p1|Primarina, M|
|poke|p1|Great Tusk|
|poke|p1|Dragapult, F|
|poke|p1|Zamazenta-*|
|poke|p1|Hatterene, F|
|poke|p2|Vikavolt, M|
|poke|p2|Gothitelle, F|
|poke|p2|Smeargle, M|
|poke|p2|Empoleon, M|
|poke|p2|Passimian, M|
|poke|p2|Dusknoir, F|
|teampreview
|
|t:|1760783647
|teamsize|p1|6
|teamsize|p2|6
|start
|switch|p1a: Hatterene|Hatterene, F|100/100
|switch|p2a: Vikavolt|Vikavolt, M|100/100
|turn|1
|inactive|Battle timer is ON: inactive players will automatically lose when time's up. (requested by capitolg)
|
|t:|1760783655
|move|p2a: Vikavolt|Sticky Web|p1a: Hatterene
|move|p1a: Hatterene|Sticky Web|p2a: Vikavolt|[from] ability: Magic Bounce
|-sidestart|p2: capitolg|move: Sticky Web
|move|p1a: Hatterene|Calm Mind|p1a: Hatterene
|-boost|p1a: Hatterene|spa|1
|-boost|p1a: Hatterene|spd|1
|
|upkeep
|turn|2
|
|t:|1760783664
|switch|p2a: Dusknoir|Dusknoir, F|100/100
|-activate|p2a: Dusknoir|move: Sticky Web
|-unboost|p2a: Dusknoir|spe|1
|-ability|p2a: Dusknoir|Pressure
|move|p1a: Hatterene|Calm Mind|p1a: Hatterene
|-boost|p1a: Hatterene|spa|1
|-boost|p1a: Hatterene|spd|1
|
|upkeep
|turn|3
|inactive|capitolg has 120 seconds left.
|
|t:|1760783706
|move|p1a: Hatterene|Draining Kiss|p2a: Dusknoir
|-damage|p2a: Dusknoir|57/100
|move|p2a: Dusknoir|Poltergeist|p1a: Hatterene
|-activate|p1a: Hatterene|move: Poltergeist|Leftovers
|-supereffective|p1a: Hatterene
|-damage|p1a: Hatterene|10/100
|
|-heal|p1a: Hatterene|16/100|[from] item: Leftovers
|upkeep
|turn|4
|
|t:|1760783733
|switch|p1a: Primarina|Primarina, M|100/100
|move|p2a: Dusknoir|Shadow Sneak|p1a: Primarina
|-crit|p1a: Primarina
|-damage|p1a: Primarina|62/100
|
|upkeep
|turn|5
|inactive|capitolg has 120 seconds left.
|
|t:|1760783745
|move|p1a: Primarina|Moonblast|p2a: Dusknoir
|-damage|p2a: Dusknoir|12/100
|move|p2a: Dusknoir|Trick Room|p2a: Dusknoir
|-fieldstart|move: Trick Room|[of] p2a: Dusknoir
|
|upkeep
|turn|6
|
|t:|1760783754
|switch|p1a: Toxapex|Toxapex, M|100/100
|move|p2a: Dusknoir|Poltergeist|p1a: Toxapex
|-activate|p1a: Toxapex|move: Poltergeist|Black Sludge
|-damage|p1a: Toxapex|69/100
|
|-heal|p1a: Toxapex|75/100|[from] item: Black Sludge
|upkeep
|turn|7
|inactive|capitolg has 120 seconds left.
|
|t:|1760783781
|move|p2a: Dusknoir|Poltergeist|p1a: Toxapex
|-activate|p1a: Toxapex|move: Poltergeist|Black Sludge
|-crit|p1a: Toxapex
|-damage|p1a: Toxapex|26/100
|move|p1a: Toxapex|Surf|p2a: Dusknoir
|-damage|p2a: Dusknoir|0 fnt
|faint|p2a: Dusknoir
|
|-heal|p1a: Toxapex|32/100|[from] item: Black Sludge
|upkeep
|
|t:|1760783785
|switch|p2a: Vikavolt|Vikavolt, M|100/100
|turn|8
|
|t:|1760783794
|move|p1a: Toxapex|Recover|p1a: Toxapex
|-heal|p1a: Toxapex|82/100
|move|p2a: Vikavolt|Discharge|p1a: Toxapex
|-supereffective|p1a: Toxapex
|-damage|p1a: Toxapex|4/100
|
|-heal|p1a: Toxapex|10/100|[from] item: Black Sludge
|upkeep
|turn|9
|
|t:|1760783813
|switch|p1a: Great Tusk|Great Tusk|100/100
|move|p2a: Vikavolt|Energy Ball|p1a: Great Tusk
|-supereffective|p1a: Great Tusk
|-damage|p1a: Great Tusk|11/100
|
|-fieldend|move: Trick Room
|upkeep
|turn|10
|inactive|hngjkcdl has 120 seconds left.
|
|t:|1760783851
|move|p1a: Great Tusk|Knock Off|p2a: Vikavolt
|-damage|p2a: Vikavolt|73/100
|-enditem|p2a: Vikavolt|Focus Sash|[from] move: Knock Off|[of] p1a: Great Tusk
|move|p2a: Vikavolt|Energy Ball|p1a: Great Tusk
|-supereffective|p1a: Great Tusk
|-damage|p1a: Great Tusk|0 fnt
|faint|p1a: Great Tusk
|-end|p1a: Great Tusk|Protosynthesis|[silent]
|
|upkeep
|
|t:|1760783868
|switch|p1a: Hatterene|Hatterene, F|16/100
|turn|11
|
|t:|1760783874
|move|p2a: Vikavolt|Flash Cannon|p1a: Hatterene
|-supereffective|p1a: Hatterene
|-damage|p1a: Hatterene|0 fnt
|faint|p1a: Hatterene
|
|upkeep
|
|t:|1760783885
|switch|p1a: Dragapult|Dragapult, F|100/100
|turn|12
|
|t:|1760783897
|move|p1a: Dragapult|Dragon Dance|p1a: Dragapult
|-boost|p1a: Dragapult|atk|1
|-boost|p1a: Dragapult|spe|1
|move|p2a: Vikavolt|Discharge|p1a: Dragapult
|-resisted|p1a: Dragapult
|-crit|p1a: Dragapult
|-damage|p1a: Dragapult|53/100
|
|upkeep
|turn|13
|
|t:|1760783908
|move|p1a: Dragapult|Dragon Darts|p2a: Vikavolt
|-damage|p2a: Vikavolt|36/100
|-anim|p1a: Dragapult|Dragon Darts|p2a: Vikavolt
|-damage|p2a: Vikavolt|0 fnt
|faint|p2a: Vikavolt
|
|upkeep
|
|t:|1760783927
|switch|p2a: Smeargle|Smeargle, M|100/100
|-activate|p2a: Smeargle|move: Sticky Web
|-unboost|p2a: Smeargle|spe|1
|turn|14
|
|t:|1760783935
|move|p1a: Dragapult|Dragon Darts|p2a: Smeargle
|-damage|p2a: Smeargle|12/100
|-anim|p1a: Dragapult|Dragon Darts|p2a: Smeargle
|-damage|p2a: Smeargle|0 fnt
|faint|p2a: Smeargle
|
|upkeep
|
|t:|1760783952
|switch|p2a: Passimian|Passimian, M|100/100
|-activate|p2a: Passimian|move: Sticky Web
|-unboost|p2a: Passimian|spe|1
|-ability|p2a: Passimian|Defiant|boost
|-boost|p2a: Passimian|atk|2
|turn|15
|inactive|hngjkcdl has 120 seconds left.
|
|t:|1760783967
|move|p1a: Dragapult|Dragon Darts|p2a: Passimian
|-damage|p2a: Passimian|71/100
|-anim|p1a: Dragapult|Dragon Darts|p2a: Passimian
|-damage|p2a: Passimian|38/100
|move|p2a: Passimian|Earthquake|p1a: Dragapult
|-damage|p1a: Dragapult|0 fnt
|faint|p1a: Dragapult
|
|upkeep
|
|t:|1760783978
|switch|p1a: Zamazenta|Zamazenta|100/100
|-ability|p1a: Zamazenta|Dauntless Shield|boost
|-boost|p1a: Zamazenta|def|1
|turn|16
|
|t:|1760783998
|move|p1a: Zamazenta|Body Press|p2a: Passimian
|-damage|p2a: Passimian|0 fnt
|faint|p2a: Passimian
|
|upkeep
|
|t:|1760784000
|switch|p2a: Gothitelle|Gothitelle, F|100/100
|-activate|p2a: Gothitelle|move: Sticky Web
|-unboost|p2a: Gothitelle|spe|1
|-ability|p2a: Gothitelle|Competitive|boost
|-boost|p2a: Gothitelle|spa|2
|turn|17
|
|t:|1760784013
|-terastallize|p1a: Zamazenta|Steel
|move|p1a: Zamazenta|Substitute|p1a: Zamazenta
|-start|p1a: Zamazenta|Substitute
|-damage|p1a: Zamazenta|75/100
|move|p2a: Gothitelle|Trick Room|p2a: Gothitelle
|-fieldstart|move: Trick Room|[of] p2a: Gothitelle
|
|-heal|p1a: Zamazenta|82/100|[from] item: Leftovers
|upkeep
|turn|18
|
|t:|1760784022
|move|p2a: Gothitelle|Psychic Noise|p1a: Zamazenta
|-resisted|p1a: Zamazenta
|-damage|p1a: Zamazenta|56/100
|-start|p1a: Zamazenta|move: Heal Block
|move|p1a: Zamazenta|Iron Defense|p1a: Zamazenta
|-boost|p1a: Zamazenta|def|2
|
|upkeep
|turn|19
|inactive|hngjkcdl has 120 seconds left.
|
|t:|1760784032
|-terastallize|p2a: Gothitelle|Fighting
|move|p2a: Gothitelle|Tera Blast|p1a: Zamazenta|[anim] Tera Blast Fighting
|-supereffective|p1a: Zamazenta
|-end|p1a: Zamazenta|Substitute
|move|p1a: Zamazenta|Crunch|p2a: Gothitelle
|-resisted|p2a: Gothitelle
|-damage|p2a: Gothitelle|90/100
|-unboost|p2a: Gothitelle|def|1
|-ability|p2a: Gothitelle|Competitive|boost
|-boost|p2a: Gothitelle|spa|2
|
|-heal|p2a: Gothitelle|96/100|[from] item: Leftovers
|-end|p1a: Zamazenta|move: Heal Block
|upkeep
|turn|20
|inactive|hngjkcdl has 120 seconds left.
|
|t:|1760784064
|switch|p1a: Primarina|Primarina, M|62/100
|move|p2a: Gothitelle|Tera Blast|p1a: Primarina|[anim] Tera Blast Fighting
|-resisted|p1a: Primarina
|-damage|p1a: Primarina|30/100
|
|-heal|p2a: Gothitelle|100/100|[from] item: Leftovers
|upkeep
|turn|21
|inactive|capitolg has 120 seconds left.
|
|t:|1760784108
|move|p2a: Gothitelle|Psychic Noise|p1a: Primarina
|-damage|p1a: Primarina|0 fnt
|faint|p1a: Primarina
|
|-fieldend|move: Trick Room
|upkeep
|inactive|hngjkcdl has 90 seconds left.
|
|t:|1760784120
|switch|p1a: Toxapex|Toxapex, M|43/100
|turn|22
|
|t:|1760784125
|move|p1a: Toxapex|Recover|p1a: Toxapex
|-heal|p1a: Toxapex|94/100
|move|p2a: Gothitelle|Psychic Noise|p1a: Toxapex
|-supereffective|p1a: Toxapex
|-damage|p1a: Toxapex|0 fnt
|faint|p1a: Toxapex
|
|upkeep
|inactive|hngjkcdl has 90 seconds left.
|
|t:|1760784135
|switch|p1a: Zamazenta|Zamazenta, tera:Steel|56/100
|turn|23
|
|t:|1760784142
|move|p1a: Zamazenta|Body Press|p2a: Gothitelle
|-crit|p2a: Gothitelle
|-damage|p2a: Gothitelle|19/100
|move|p2a: Gothitelle|Trick Room|p2a: Gothitelle
|-fieldstart|move: Trick Room|[of] p2a: Gothitelle
|
|-heal|p2a: Gothitelle|25/100|[from] item: Leftovers
|-heal|p1a: Zamazenta|62/100|[from] item: Leftovers
|upkeep
|turn|24
|
|t:|1760784152
|move|p2a: Gothitelle|Tera Blast|p1a: Zamazenta|[anim] Tera Blast Fighting
|-supereffective|p1a: Zamazenta
|-damage|p1a: Zamazenta|0 fnt
|faint|p1a: Zamazenta
|
|win|capitolg
|raw|hngjkcdl's rating: 1141 &rarr; <strong>1119</strong><br />(-22 for losing)
|raw|capitolg's rating: 1187 &rarr; <strong>1209</strong><br />(+22 for winning)
|l|☆hngjkcdl
|player|p1|
|l|☆capitolg
|player|p2|
