|j|☆mightynoctowl
|j|☆sol invicta
|t:|1760851445
|gametype|singles
|player|p1|mightynoctowl|169|1300
|player|p2|sol invicta|ethan|1251
|gen|9
|tier|[Gen 9] OU
|rated|
|rule|HP Percentage Mod: HP is shown in percentages
|rule|Endless Battle Clause: Forcing endless battles is banned
|rule|Species Clause: Limit one of each Pokémon
|rule|OHKO Clause: OHKO moves are banned
|rule|Evasion Items Clause: Evasion items are banned
|rule|Evasion Moves Clause: Evasion moves are banned
|rule|Evasion Abilities Clause: Evasion abilities are banned
|rule|Sleep Moves Clause: Sleep-inducing moves are banned
|clearpoke
|poke|p1|Moltres|
|poke|p1|Chansey, F|
|poke|p1|Clefable, F|
|poke|p1|Blastoise, M|
|poke|p1|Sandslash, F|
|poke|p1|Vileplume, F|
|poke|p2|Dragapult, M|
|poke|p2|Kyurem|
|poke|p2|Cinderace, M|
|poke|p2|Rillaboom, F|
|poke|p2|Iron Moth|
|poke|p2|Kingambit, M|
|teampreview
|inactive|Battle timer is ON: inactive players will automatically lose when time's up. (requested by mightynoctowl)
|inactive|sol invicta has 120 seconds left.
|
|t:|1760851477
|teamsize|p1|6
|teamsize|p2|6
|start
|switch|p1a: Chansey|Chansey, F|100/100
|switch|p2a: Ghost Rider|Dragapult, M|100/100
|turn|1
|
|t:|1760851489
|move|p2a: Ghost Rider|U-turn|p1a: Chansey
|-damage|p1a: Chansey|90/100
|
|t:|1760851492
|switch|p2a: Blitzfeuer|Cinderace, M, shiny|100/100|[from] U-turn
|move|p1a: Chansey|Thunder Wave|p2a: Blitzfeuer
|-status|p2a: Blitzfeuer|par
|
|upkeep
|turn|2
|
|t:|1760851500
|switch|p1a: Moltres|Moltres|100/100
|move|p2a: Blitzfeuer|High Jump Kick|p1a: Moltres
|-start|p2a: Blitzfeuer|typechange|Fighting|[from] ability: Libero
|-resisted|p1a: Moltres
|-damage|p1a: Moltres|80/100
|
|upkeep
|turn|3
|
|t:|1760851519
|switch|p2a: Ghost Rider|Dragapult, M|100/100
|move|p1a: Moltres|U-turn|p2a: Ghost Rider
|-resisted|p2a: Ghost Rider
|-damage|p2a: Ghost Rider|91/100
|
|t:|1760851528
|switch|p1a: Chansey|Chansey, F|90/100|[from] U-turn
|
|upkeep
|turn|4
|
|t:|1760851534
|move|p2a: Ghost Rider|Will-O-Wisp|p1a: Chansey
|-status|p1a: Chansey|brn
|move|p1a: Chansey|Stealth Rock|p2a: Ghost Rider
|-sidestart|p2: sol invicta|move: Stealth Rock
|
|-damage|p1a: Chansey|84/100 brn|[from] brn
|upkeep
|turn|5
|
|t:|1760851551
|switch|p2a: Hyōrinmaru|Kyurem, shiny|100/100
|-ability|p2a: Hyōrinmaru|Pressure
|-curestatus|p1a: Chansey|brn|[from] ability: Natural Cure
|switch|p1a: Clefable|Clefable, F|100/100
|
|upkeep
|turn|6
|
|t:|1760851564
|-terastallize|p2a: Hyōrinmaru|Fairy
|move|p2a: Hyōrinmaru|Flash Cannon|p1a: Clefable
|-supereffective|p1a: Clefable
|-damage|p1a: Clefable|44/100
|move|p1a: Clefable|Moonblast|p2a: Hyōrinmaru
|-damage|p2a: Hyōrinmaru|69/100
|
|-heal|p1a: Clefable|50/100|[from] item: Leftovers
|upkeep
|turn|7
|
|t:|1760851579
|switch|p1a: Chansey|Chansey, F|84/100
|move|p2a: Hyōrinmaru|Flash Cannon|p1a: Chansey
|-damage|p1a: Chansey|75/100
|
|upkeep
|turn|8
|
|t:|1760851589
|switch|p2a: Blitzfeuer|Cinderace, M, shiny|100/100 par
|move|p1a: Chansey|Seismic Toss|p2a: Blitzfeuer
|-damage|p2a: Blitzfeuer|67/100 par
|
|upkeep
|turn|9
|
|t:|1760851596
|switch|p1a: Moltres|Moltres|80/100
|move|p2a: Blitzfeuer|High Jump Kick|p1a: Moltres
|-start|p2a: Blitzfeuer|typechange|Fighting|[from] ability: Libero
|-resisted|p1a: Moltres
|-damage|p1a: Moltres|57/100
|
|upkeep
|turn|10
|
|t:|1760851604
|cant|p2a: Blitzfeuer|par
|move|p1a: Moltres|Roar|p2a: Blitzfeuer
|drag|p2a: D4C|Iron Moth, shiny|100/100
|-damage|p2a: D4C|76/100|[from] Stealth Rock
|-enditem|p2a: D4C|Booster Energy
|-activate|p2a: D4C|ability: Quark Drive|[fromitem]
|-start|p2a: D4C|quarkdrivespa
|
|upkeep
|turn|11
|
|t:|1760851618
|switch|p1a: Chansey|Chansey, F|75/100
|move|p2a: D4C|Agility|p2a: D4C
|-boost|p2a: D4C|spe|2
|
|upkeep
|turn|12
|
|t:|1760851629
|move|p2a: D4C|Fiery Dance|p1a: Chansey
|-damage|p1a: Chansey|58/100
|move|p1a: Chansey|Thunder Wave|p2a: D4C
|-status|p2a: D4C|par
|
|upkeep
|turn|13
|
|t:|1760851637
|move|p2a: D4C|Sludge Wave|p1a: Chansey
|-damage|p1a: Chansey|39/100
|move|p1a: Chansey|Seismic Toss|p2a: D4C
|-damage|p2a: D4C|42/100 par
|
|upkeep
|turn|14
|
|t:|1760851643
|move|p2a: D4C|Fiery Dance|p1a: Chansey
|-damage|p1a: Chansey|22/100
|move|p1a: Chansey|Soft-Boiled|p1a: Chansey
|-heal|p1a: Chansey|72/100
|
|upkeep
|turn|15
|
|t:|1760851649
|cant|p2a: D4C|par
|move|p1a: Chansey|Seismic Toss|p2a: D4C
|-damage|p2a: D4C|9/100 par
|
|upkeep
|turn|16
|
|t:|1760851661
|-end|p2a: D4C|Quark Drive|[silent]
|switch|p2a: Blitzfeuer|Cinderace, M, shiny|67/100 par
|move|p1a: Chansey|Seismic Toss|p2a: Blitzfeuer
|-damage|p2a: Blitzfeuer|34/100 par
|
|upkeep
|turn|17
|
|t:|1760851673
|switch|p2a: Hyōrinmaru|Kyurem, shiny, tera:Fairy|69/100
|-ability|p2a: Hyōrinmaru|Pressure
|switch|p1a: Sandslash|Sandslash, F|100/100
|
|upkeep
|turn|18
|
|t:|1760851686
|switch|p1a: Chansey|Chansey, F|72/100
|move|p2a: Hyōrinmaru|Draco Meteor|p1a: Chansey
|-damage|p1a: Chansey|51/100
|-unboost|p2a: Hyōrinmaru|spa|2
|
|upkeep
|turn|19
|-message|sol invicta forfeited.
|
|win|mightynoctowl
|raw|mightynoctowl's rating: 1300 &rarr; <strong>1321</strong><br />(+21 for winning)
|raw|sol invicta's rating: 1251 &rarr; <strong>1230</strong><br />(-21 for losing)
|l|☆sol invicta
|player|p2|
|l|☆mightynoctowl
|player|p1|
