|j|☆ExSabre
|j|☆dustyfungus
|t:|1760766943
|gametype|singles
|player|p1|ExSabre|doctor|1139
|player|p2|dustyfungus|firebreather|1172
|gen|9
|tier|[Gen 9] OU
|rated|
|rule|HP Percentage Mod: HP is shown in percentages
|rule|Endless Battle Clause: Forcing endless battles is banned
|rule|Species Clause: Limit one of each Pokémon
|rule|OHKO Clause: OHKO moves are banned
|rule|Evasion Items Clause: Evasion items are banned
|rule|Evasion Moves Clause: Evasion moves are banned
|rule|Evasion Abilities Clause: Evasion abilities are banned
|rule|Sleep Moves Clause: Sleep-inducing moves are banned
|clearpoke
|poke|p1|Rillaboom, M|
|poke|p1|Ting-Lu|
|poke|p1|Alomomola, F|
|poke|p1|Raging Bolt|
|poke|p1|Iron Valiant|
|poke|p1|Corviknight, M|
|poke|p2|Polteageist|
|poke|p2|Maushold-Four|
|poke|p2|Wo-Chien|
|poke|p2|Garganacl, F|
|poke|p2|Ditto|
|poke|p2|Pawmot, F|
|teampreview
|
|t:|1760766958
|teamsize|p1|6
|teamsize|p2|6
|start
|switch|p1a: BIG BOOM x3|Rillaboom, M|100/100
|switch|p2a: Polteageist|Polteageist|100/100
|-fieldstart|move: Grassy Terrain|[from] ability: Grassy Surge|[of] p1a: BIG BOOM x3
|turn|1
|
|t:|1760766966
|move|p1a: BIG BOOM x3|Knock Off|p2a: Polteageist
|-supereffective|p2a: Polteageist
|-enditem|p2a: Polteageist|Focus Sash
|-damage|p2a: Polteageist|1/100
|-ability|p2a: Polteageist|Weak Armor|boost
|-unboost|p2a: Polteageist|def|1
|-boost|p2a: Polteageist|spe|2
|move|p2a: Polteageist|Shell Smash|p2a: Polteageist
|-unboost|p2a: Polteageist|def|1
|-unboost|p2a: Polteageist|spd|1
|-boost|p2a: Polteageist|atk|2
|-boost|p2a: Polteageist|spa|2
|-boost|p2a: Polteageist|spe|2
|
|-heal|p2a: Polteageist|7/100|[from] Grassy Terrain
|upkeep
|turn|2
|
|t:|1760766980
|move|p2a: Polteageist|Stored Power|p1a: BIG BOOM x3
|-damage|p1a: BIG BOOM x3|0 fnt
|faint|p1a: BIG BOOM x3
|
|-heal|p2a: Polteageist|13/100|[from] Grassy Terrain
|upkeep
|
|t:|1760766984
|switch|p1a: erect|Raging Bolt|100/100
|turn|3
|
|t:|1760766990
|move|p1a: erect|Thunderclap|p2a: Polteageist
|-damage|p2a: Polteageist|0 fnt
|faint|p2a: Polteageist
|
|upkeep
|
|t:|1760766998
|switch|p2a: Maushold|Maushold-Four|100/100
|turn|4
|
|t:|1760767006
|-end|p1a: erect|Protosynthesis|[silent]
|switch|p1a: recluse|Iron Valiant, shiny|100/100
|-enditem|p1a: recluse|Booster Energy
|-activate|p1a: recluse|ability: Quark Drive|[fromitem]
|-start|p1a: recluse|quarkdrivespe
|move|p2a: Maushold|Population Bomb|p1a: recluse
|-damage|p1a: recluse|77/100
|-damage|p1a: recluse|53/100
|-damage|p1a: recluse|29/100
|-damage|p1a: recluse|6/100
|-damage|p1a: recluse|0 fnt
|faint|p1a: recluse
|-end|p1a: recluse|Quark Drive|[silent]
|-hitcount|p1: recluse|5
|
|upkeep
|
|t:|1760767027
|switch|p1a: aloe vera|Alomomola, F|100/100
|turn|5
|
|t:|1760767030
|move|p2a: Maushold|Population Bomb|p1a: aloe vera
|-damage|p1a: aloe vera|91/100
|-damage|p2a: Maushold|84/100|[from] item: Rocky Helmet|[of] p1a: aloe vera
|-hitcount|p1a: aloe vera|1
|move|p1a: aloe vera|Scald|p2a: Maushold
|-damage|p2a: Maushold|62/100
|-status|p2a: Maushold|brn
|
|-heal|p2a: Maushold|68/100 brn|[from] Grassy Terrain
|-heal|p1a: aloe vera|98/100|[from] Grassy Terrain
|-damage|p2a: Maushold|62/100 brn|[from] brn
|-fieldend|move: Grassy Terrain
|upkeep
|turn|6
|
|t:|1760767051
|switch|p2a: Wo-Chien|Wo-Chien|100/100
|-ability|p2a: Wo-Chien|Tablets of Ruin
|move|p1a: aloe vera|Scald|p2a: Wo-Chien
|-resisted|p2a: Wo-Chien
|-damage|p2a: Wo-Chien|97/100
|
|upkeep
|turn|7
|
|t:|1760767067
|switch|p1a: Corviknight|Corviknight, M|100/100
|-ability|p1a: Corviknight|Pressure
|move|p2a: Wo-Chien|Knock Off|p1a: Corviknight
|-damage|p1a: Corviknight|84/100
|-enditem|p1a: Corviknight|Leftovers|[from] move: Knock Off|[of] p2a: Wo-Chien
|
|upkeep
|turn|8
|
|t:|1760767076
|move|p2a: Wo-Chien|Leech Seed|p1a: Corviknight
|-start|p1a: Corviknight|move: Leech Seed
|move|p1a: Corviknight|Iron Head|p2a: Wo-Chien
|-damage|p2a: Wo-Chien|80/100
|
|-damage|p1a: Corviknight|71/100|[from] Leech Seed|[of] p2a: Wo-Chien
|-heal|p2a: Wo-Chien|93/100|[silent]
|upkeep
|turn|9
|
|t:|1760767087
|move|p2a: Wo-Chien|Knock Off|p1a: Corviknight
|-damage|p1a: Corviknight|59/100
|move|p1a: Corviknight|U-turn|p2a: Wo-Chien
|-supereffective|p2a: Wo-Chien
|-damage|p2a: Wo-Chien|50/100
|
|t:|1760767105
|switch|p1a: erect|Raging Bolt|100/100|[from] U-turn
|
|upkeep
|turn|10
|
|t:|1760767112
|move|p1a: erect|Draco Meteor|p2a: Wo-Chien
|-crit|p2a: Wo-Chien
|-damage|p2a: Wo-Chien|0 fnt
|-unboost|p1a: erect|spa|2
|faint|p2a: Wo-Chien
|
|upkeep
|
|t:|1760767120
|switch|p2a: Ditto|Ditto|100/100
|-transform|p2a: Ditto|p1a: erect|[from] ability: Imposter
|turn|11
|
|t:|1760767131
|-end|p1a: erect|Protosynthesis|[silent]
|switch|p1a: Ting-Lu|Ting-Lu|100/100
|-ability|p1a: Ting-Lu|Vessel of Ruin
|move|p2a: Ditto|Draco Meteor|p1a: Ting-Lu
|-damage|p1a: Ting-Lu|84/100
|-unboost|p2a: Ditto|spa|2
|
|-heal|p1a: Ting-Lu|90/100|[from] item: Leftovers
|upkeep
|turn|12
|
|t:|1760767146
|-end|p2a: Ditto|Protosynthesis|[silent]
|switch|p2a: Maushold|Maushold-Four|62/100 brn
|move|p1a: Ting-Lu|Earthquake|p2a: Maushold
|-damage|p2a: Maushold|0 fnt
|faint|p2a: Maushold
|
|-heal|p1a: Ting-Lu|97/100|[from] item: Leftovers
|upkeep
|
|t:|1760767155
|switch|p2a: Garganacl|Garganacl, F|100/100
|turn|13
|
|t:|1760767165
|-terastallize|p2a: Garganacl|Flying
|move|p1a: Ting-Lu|Earthquake|p2a: Garganacl
|-immune|p2a: Garganacl
|move|p2a: Garganacl|Curse|p2a: Garganacl
|-unboost|p2a: Garganacl|spe|1
|-boost|p2a: Garganacl|atk|1
|-boost|p2a: Garganacl|def|1
|
|-heal|p1a: Ting-Lu|100/100|[from] item: Leftovers
|upkeep
|turn|14
|
|t:|1760767176
|move|p1a: Ting-Lu|Stealth Rock|p2a: Garganacl
|-sidestart|p2: dustyfungus|move: Stealth Rock
|move|p2a: Garganacl|Salt Cure|p1a: Ting-Lu
|-resisted|p1a: Ting-Lu
|-damage|p1a: Ting-Lu|95/100
|-start|p1a: Ting-Lu|Salt Cure
|
|-heal|p1a: Ting-Lu|100/100|[from] item: Leftovers
|-damage|p1a: Ting-Lu|88/100|[from] Salt Cure
|upkeep
|turn|15
|
|t:|1760767186
|move|p2a: Garganacl|Curse|p2a: Garganacl
|-unboost|p2a: Garganacl|spe|1
|-boost|p2a: Garganacl|atk|1
|-boost|p2a: Garganacl|def|1
|move|p1a: Ting-Lu|Whirlwind|p2a: Garganacl
|drag|p2a: Pawmot|Pawmot, F|100/100
|-damage|p2a: Pawmot|94/100|[from] Stealth Rock
|
|-heal|p1a: Ting-Lu|94/100|[from] item: Leftovers
|-damage|p1a: Ting-Lu|82/100|[from] Salt Cure
|upkeep
|turn|16
|
|t:|1760767202
|move|p2a: Pawmot|Volt Switch|p1a: Ting-Lu
|-immune|p1a: Ting-Lu
|move|p1a: Ting-Lu|Ruination|p2a: Pawmot
|-damage|p2a: Pawmot|48/100
|
|-heal|p1a: Ting-Lu|88/100|[from] item: Leftovers
|-damage|p1a: Ting-Lu|76/100|[from] Salt Cure
|upkeep
|turn|17
|
|t:|1760767216
|move|p2a: Pawmot|Wish|p2a: Pawmot
|move|p1a: Ting-Lu|Ruination|p2a: Pawmot|[miss]
|-miss|p1a: Ting-Lu|p2a: Pawmot
|
|-heal|p1a: Ting-Lu|82/100|[from] item: Leftovers
|-damage|p1a: Ting-Lu|69/100|[from] Salt Cure
|upkeep
|turn|18
|
|t:|1760767230
|move|p2a: Pawmot|Revival Blessing|p2a: Pawmot
|
|t:|1760767233
|-heal|p2: Wo-Chien|50/100|[from] move: Revival Blessing
|move|p1a: Ting-Lu|Earthquake|p2a: Pawmot
|-supereffective|p2a: Pawmot
|-damage|p2a: Pawmot|0 fnt
|faint|p2a: Pawmot
|
|-heal|p1a: Ting-Lu|76/100|[from] item: Leftovers
|-damage|p1a: Ting-Lu|63/100|[from] Salt Cure
|upkeep
|
|t:|1760767245
|switch|p2a: Wo-Chien|Wo-Chien|50/100
|-damage|p2a: Wo-Chien|38/100|[from] Stealth Rock
|-ability|p2a: Wo-Chien|Tablets of Ruin
|turn|19
|
|t:|1760767253
|switch|p1a: Corviknight|Corviknight, M|59/100
|-ability|p1a: Corviknight|Pressure
|move|p2a: Wo-Chien|Rest|p2a: Wo-Chien
|-status|p2a: Wo-Chien|slp|[from] move: Rest
|-heal|p2a: Wo-Chien|100/100 slp|[silent]
|-enditem|p2a: Wo-Chien|Chesto Berry|[eat]
|-curestatus|p2a: Wo-Chien|slp|[msg]
|
|upkeep
|turn|20
|
|t:|1760767267
|move|p2a: Wo-Chien|Leech Seed|p1a: Corviknight
|-start|p1a: Corviknight|move: Leech Seed
|move|p1a: Corviknight|U-turn|p2a: Wo-Chien
|-supereffective|p2a: Wo-Chien
|-damage|p2a: Wo-Chien|63/100
|
|t:|1760767272
|switch|p1a: erect|Raging Bolt|100/100|[from] U-turn
|
|upkeep
|turn|21
|-message|dustyfungus forfeited.
|
|win|ExSabre
|raw|ExSabre's rating: 1139 &rarr; <strong>1166</strong><br />(+27 for winning)
|raw|dustyfungus's rating: 1172 &rarr; <strong>1145</strong><br />(-27 for losing)
|l|☆dustyfungus
|player|p2|
|l|☆ExSabre
|player|p1|
