|j|☆PITOU ET TIGROU
|j|☆birdbrostm
|t:|1760877580
|gametype|singles
|player|p1|PITOU ET TIGROU|cynthia-gen4|1268
|player|p2|birdbrostm|n|1324
|gen|9
|tier|[Gen 9] OU
|rated|
|rule|HP Percentage Mod: HP is shown in percentages
|rule|Endless Battle Clause: Forcing endless battles is banned
|rule|Species Clause: Limit one of each Pokémon
|rule|OHKO Clause: OHKO moves are banned
|rule|Evasion Items Clause: Evasion items are banned
|rule|Evasion Moves Clause: Evasion moves are banned
|rule|Evasion Abilities Clause: Evasion abilities are banned
|rule|Sleep Moves Clause: Sleep-inducing moves are banned
|clearpoke
|poke|p1|Delphox, M|
|poke|p1|Incineroar, F|
|poke|p1|Dragonite, M|
|poke|p1|Zamazenta-*|
|poke|p1|Zapdos|
|poke|p1|Mew|
|poke|p2|Landorus-Therian, M|
|poke|p2|Indeedee, M|
|poke|p2|Scizor, F|
|poke|p2|Cinderace, M|
|poke|p2|Primarina, F|
|poke|p2|Moltres|
|teampreview
|inactive|Battle timer is ON: inactive players will automatically lose when time's up. (requested by birdbrostm)
|inactive|PITOU ET TIGROU also wants the timer to be on.
|
|t:|1760877598
|teamsize|p1|6
|teamsize|p2|6
|start
|switch|p1a: Mew|Mew|100/100
|switch|p2a: Primarina|Primarina, F|100/100
|turn|1
|
|t:|1760877605
|move|p1a: Mew|Stealth Rock|p2a: Primarina
|-sidestart|p2: birdbrostm|move: Stealth Rock
|move|p2a: Primarina|Calm Mind|p2a: Primarina
|-boost|p2a: Primarina|spa|1
|-boost|p2a: Primarina|spd|1
|
|upkeep
|turn|2
|
|t:|1760877608
|move|p1a: Mew|Toxic Spikes|p2a: Primarina
|-sidestart|p2: birdbrostm|move: Toxic Spikes
|move|p2a: Primarina|Calm Mind|p2a: Primarina
|-boost|p2a: Primarina|spa|1
|-boost|p2a: Primarina|spd|1
|
|upkeep
|turn|3
|
|t:|1760877611
|move|p1a: Mew|Future Sight|p2a: Primarina
|-start|p1a: Mew|move: Future Sight
|move|p2a: Primarina|Calm Mind|p2a: Primarina
|-boost|p2a: Primarina|spa|1
|-boost|p2a: Primarina|spd|1
|
|upkeep
|turn|4
|
|t:|1760877615
|move|p1a: Mew|Spikes|p2a: Primarina
|-sidestart|p2: birdbrostm|Spikes
|move|p2a: Primarina|Shadow Ball|p1a: Mew
|-supereffective|p1a: Mew
|-damage|p1a: Mew|30/100
|-unboost|p1a: Mew|spd|1
|
|-heal|p1a: Mew|36/100|[from] item: Leftovers
|upkeep
|turn|5
|
|t:|1760877620
|move|p1a: Mew|Spikes|p2a: Primarina
|-sidestart|p2: birdbrostm|Spikes
|move|p2a: Primarina|Shadow Ball|p1a: Mew
|-supereffective|p1a: Mew
|-damage|p1a: Mew|0 fnt
|faint|p1a: Mew
|
|-end|p2a: Primarina|move: Future Sight
|-damage|p2a: Primarina|85/100
|-heal|p2a: Primarina|91/100|[from] item: Leftovers
|upkeep
|
|t:|1760877649
|switch|p1a: Zapdos|Zapdos|100/100
|turn|6
|
|t:|1760877654
|move|p1a: Zapdos|Volt Switch|p2a: Primarina
|-supereffective|p2a: Primarina
|-damage|p2a: Primarina|71/100
|
|t:|1760877659
|switch|p1a: Dragonite|Dragonite, M|100/100|[from] Volt Switch
|move|p2a: Primarina|Draining Kiss|p1a: Dragonite
|-supereffective|p1a: Dragonite
|-damage|p1a: Dragonite|50/100
|-heal|p2a: Primarina|100/100|[from] drain|[of] p1a: Dragonite
|
|-heal|p1a: Dragonite|57/100|[from] item: Leftovers
|upkeep
|turn|7
|
|t:|1760877674
|-terastallize|p1a: Dragonite|Steel
|move|p1a: Dragonite|Thunder|p2a: Primarina|[miss]
|-miss|p1a: Dragonite|p2a: Primarina
|move|p2a: Primarina|Draining Kiss|p1a: Dragonite
|-resisted|p1a: Dragonite
|-damage|p1a: Dragonite|30/100
|
|-heal|p1a: Dragonite|37/100|[from] item: Leftovers
|upkeep
|turn|8
|
|t:|1760877681
|move|p1a: Dragonite|Thunder|p2a: Primarina
|-supereffective|p2a: Primarina
|-damage|p2a: Primarina|77/100
|-status|p2a: Primarina|par
|move|p2a: Primarina|Hyper Voice|p1a: Dragonite
|-damage|p1a: Dragonite|0 fnt
|faint|p1a: Dragonite
|
|-heal|p2a: Primarina|83/100 par|[from] item: Leftovers
|upkeep
|
|t:|1760877685
|switch|p1a: Zapdos|Zapdos|100/100
|turn|9
|
|t:|1760877690
|move|p1a: Zapdos|Volt Switch|p2a: Primarina
|-supereffective|p2a: Primarina
|-damage|p2a: Primarina|60/100 par
|
|t:|1760877693
|switch|p1a: Zamazenta|Zamazenta|100/100|[from] Volt Switch
|-ability|p1a: Zamazenta|Dauntless Shield|boost
|-boost|p1a: Zamazenta|def|1
|cant|p2a: Primarina|par
|
|-heal|p2a: Primarina|66/100 par|[from] item: Leftovers
|upkeep
|turn|10
|
|t:|1760877698
|move|p1a: Zamazenta|Iron Defense|p1a: Zamazenta
|-boost|p1a: Zamazenta|def|2
|cant|p2a: Primarina|par
|
|-heal|p2a: Primarina|72/100 par|[from] item: Leftovers
|upkeep
|turn|11
|
|t:|1760877702
|move|p1a: Zamazenta|Heavy Slam|p2a: Primarina
|-damage|p2a: Primarina|46/100 par
|cant|p2a: Primarina|par
|
|-heal|p2a: Primarina|52/100 par|[from] item: Leftovers
|upkeep
|turn|12
|
|t:|1760877706
|move|p1a: Zamazenta|Body Press|p2a: Primarina
|-resisted|p2a: Primarina
|-damage|p2a: Primarina|2/100 par
|move|p2a: Primarina|Draining Kiss|p1a: Zamazenta
|-supereffective|p1a: Zamazenta
|-damage|p1a: Zamazenta|0 fnt
|-heal|p2a: Primarina|84/100 par|[from] drain|[of] p1a: Zamazenta
|faint|p1a: Zamazenta
|
|-heal|p2a: Primarina|90/100 par|[from] item: Leftovers
|upkeep
|
|t:|1760877712
|switch|p1a: Zapdos|Zapdos|100/100
|turn|13
|
|t:|1760877715
|move|p1a: Zapdos|Volt Switch|p2a: Primarina
|-supereffective|p2a: Primarina
|-damage|p2a: Primarina|69/100 par
|
|t:|1760877719
|switch|p1a: Incineroar|Incineroar, F|100/100|[from] Volt Switch
|-ability|p1a: Incineroar|Intimidate|boost
|-unboost|p2a: Primarina|atk|1
|cant|p2a: Primarina|par
|
|-heal|p2a: Primarina|75/100 par|[from] item: Leftovers
|upkeep
|turn|14
|
|t:|1760877723
|move|p1a: Incineroar|Knock Off|p2a: Primarina
|-resisted|p2a: Primarina
|-damage|p2a: Primarina|56/100 par
|-enditem|p2a: Primarina|Leftovers|[from] move: Knock Off|[of] p1a: Incineroar
|move|p2a: Primarina|Hyper Voice|p1a: Incineroar
|-supereffective|p1a: Incineroar
|-damage|p1a: Incineroar|0 fnt
|faint|p1a: Incineroar
|
|upkeep
|
|t:|1760877730
|switch|p1a: Zapdos|Zapdos|100/100
|turn|15
|
|t:|1760877731
|move|p1a: Zapdos|Thunder Wave|p2a: Primarina
|-fail|p2a: Primarina|par
|move|p2a: Primarina|Hyper Voice|p1a: Zapdos
|-damage|p1a: Zapdos|11/100
|
|-heal|p1a: Zapdos|17/100|[from] item: Leftovers
|upkeep
|turn|16
|
|t:|1760877737
|move|p1a: Zapdos|Volt Switch|p2a: Primarina
|-supereffective|p2a: Primarina
|-damage|p2a: Primarina|34/100 par
|
|t:|1760877740
|switch|p1a: Delphox|Delphox, M|100/100|[from] Volt Switch
|move|p2a: Primarina|Draining Kiss|p1a: Delphox
|-resisted|p1a: Delphox
|-damage|p1a: Delphox|65/100
|-heal|p2a: Primarina|60/100 par|[from] drain|[of] p1a: Delphox
|
|upkeep
|turn|17
|
|t:|1760877748
|move|p1a: Delphox|Psychic|p2a: Primarina
|-damage|p2a: Primarina|45/100 par
|move|p2a: Primarina|Hyper Voice|p1a: Delphox
|-supereffective|p1a: Delphox
|-damage|p1a: Delphox|0 fnt
|faint|p1a: Delphox
|
|upkeep
|
|t:|1760877751
|switch|p1a: Zapdos|Zapdos|17/100
|turn|18
|
|t:|1760877753
|move|p1a: Zapdos|Volt Switch|p2a: Primarina
|-supereffective|p2a: Primarina
|-damage|p2a: Primarina|24/100 par
|cant|p2a: Primarina|par
|
|-heal|p1a: Zapdos|23/100|[from] item: Leftovers
|upkeep
|turn|19
|
|t:|1760877758
|move|p1a: Zapdos|Volt Switch|p2a: Primarina
|-supereffective|p2a: Primarina
|-damage|p2a: Primarina|3/100 par
|move|p2a: Primarina|Draining Kiss|p1a: Zapdos
|-damage|p1a: Zapdos|0 fnt
|-heal|p2a: Primarina|25/100 par|[from] drain|[of] p1a: Zapdos
|faint|p1a: Zapdos
|
|win|birdbrostm
|raw|PITOU ET TIGROU's rating: 1268 &rarr; <strong>1247</strong><br />(-21 for losing)
|raw|birdbrostm's rating: 1324 &rarr; <strong>1341</strong><br />(+17 for winning)
|l|☆PITOU ET TIGROU
|player|p1|
|l|☆birdbrostm
|player|p2|
