|j|☆interesting小小露003
|j|☆V4-l4ck1n
|t:|1760801387
|gametype|singles
|player|p1|interesting小小露003|miku-water|1339
|player|p2|V4-l4ck1n|265|1336
|gen|9
|tier|[Gen 9] OU
|rated|
|rule|HP Percentage Mod: HP is shown in percentages
|rule|Endless Battle Clause: Forcing endless battles is banned
|rule|Species Clause: Limit one of each Pokémon
|rule|OHKO Clause: OHKO moves are banned
|rule|Evasion Items Clause: Evasion items are banned
|rule|Evasion Moves Clause: Evasion moves are banned
|rule|Evasion Abilities Clause: Evasion abilities are banned
|rule|Sleep Moves Clause: Sleep-inducing moves are banned
|clearpoke
|poke|p1|Serperior, F|
|poke|p1|Great Tusk|
|poke|p1|Landorus-Therian, M|
|poke|p1|Zamazenta-*|
|poke|p1|Dragapult, F|
|poke|p1|Armarouge, M|
|poke|p2|Garchomp, M|
|poke|p2|Ribombee, M|
|poke|p2|Great Tusk|
|poke|p2|Heatran, M|
|poke|p2|Cacturne, M|
|poke|p2|Gengar, M|
|teampreview
|inactive|Battle timer is ON: inactive players will automatically lose when time's up. (requested by V4-l4ck1n)
|
|t:|1760801406
|teamsize|p1|6
|teamsize|p2|6
|start
|switch|p1a: Landorus|Landorus-Therian, M, shiny|100/100
|switch|p2a: Ribombee|Ribombee, M|100/100
|-ability|p1a: Landorus|Intimidate|boost
|-unboost|p2a: Ribombee|atk|1
|turn|1
|
|t:|1760801411
|move|p2a: Ribombee|Sticky Web|p1a: Landorus
|-sidestart|p1: interesting小小露003|move: Sticky Web
|move|p1a: Landorus|Stealth Rock|p2a: Ribombee
|-sidestart|p2: V4-l4ck1n|move: Stealth Rock
|
|upkeep
|turn|2
|
|t:|1760801419
|move|p2a: Ribombee|Stun Spore|p1a: Landorus
|-status|p1a: Landorus|par
|move|p1a: Landorus|Rock Tomb|p2a: Ribombee
|-supereffective|p2a: Ribombee
|-damage|p2a: Ribombee|26/100
|
|upkeep
|turn|3
|
|t:|1760801425
|move|p2a: Ribombee|Moonblast|p1a: Landorus
|-damage|p1a: Landorus|67/100 par
|-unboost|p1a: Landorus|spa|1
|cant|p1a: Landorus|par
|
|upkeep
|turn|4
|
|t:|1760801432
|switch|p2a: Great Tusk|Great Tusk|100/100
|move|p1a: Landorus|U-turn|p2a: Great Tusk
|-resisted|p2a: Great Tusk
|-damage|p2a: Great Tusk|92/100
|
|t:|1760801443
|switch|p1a: Armarouge|Armarouge, M, shiny|100/100|[from] U-turn
|-activate|p1a: Armarouge|move: Sticky Web
|-unboost|p1a: Armarouge|spe|1
|
|upkeep
|turn|5
|
|t:|1760801450
|move|p1a: Armarouge|Endure|p1a: Armarouge
|-singleturn|p1a: Armarouge|move: Endure
|move|p2a: Great Tusk|Earthquake|p1a: Armarouge
|-supereffective|p1a: Armarouge
|-activate|p1a: Armarouge|move: Endure
|-damage|p1a: Armarouge|1/100
|-ability|p1a: Armarouge|Weak Armor|boost
|-unboost|p1a: Armarouge|def|1
|-boost|p1a: Armarouge|spe|2
|-enditem|p1a: Armarouge|Weakness Policy
|-boost|p1a: Armarouge|atk|2|[from] item: Weakness Policy
|-boost|p1a: Armarouge|spa|2|[from] item: Weakness Policy
|
|upkeep
|turn|6
|
|t:|1760801458
|move|p1a: Armarouge|Stored Power|p2a: Great Tusk
|-supereffective|p2a: Great Tusk
|-damage|p2a: Great Tusk|0 fnt
|faint|p2a: Great Tusk
|-end|p2a: Great Tusk|Protosynthesis|[silent]
|
|upkeep
|
|t:|1760801469
|switch|p2a: Cacturne|Cacturne, M, shiny|100/100
|-damage|p2a: Cacturne|88/100|[from] Stealth Rock
|turn|7
|
|t:|1760801471
|move|p2a: Cacturne|Sucker Punch||[still]
|-fail|p2a: Cacturne
|move|p1a: Armarouge|Destiny Bond|p1a: Armarouge
|-singlemove|p1a: Armarouge|Destiny Bond
|
|upkeep
|turn|8
|
|t:|1760801478
|move|p2a: Cacturne|Sucker Punch|p1a: Armarouge
|-supereffective|p1a: Armarouge
|-damage|p1a: Armarouge|0 fnt
|faint|p1a: Armarouge
|-activate|p1a: Armarouge|move: Destiny Bond
|faint|p2a: Cacturne
|
|upkeep
|
|t:|1760801494
|switch|p1a: Landorus|Landorus-Therian, M, shiny|67/100 par
|switch|p2a: Ribombee|Ribombee, M|26/100
|-damage|p2a: Ribombee|1/100|[from] Stealth Rock
|-ability|p1a: Landorus|Intimidate|boost
|-unboost|p2a: Ribombee|atk|1
|turn|9
|
|t:|1760801498
|move|p2a: Ribombee|Psychic Noise|p1a: Landorus
|-damage|p1a: Landorus|49/100 par
|-start|p1a: Landorus|move: Heal Block
|move|p1a: Landorus|U-turn|p2a: Ribombee
|-resisted|p2a: Ribombee
|-damage|p2a: Ribombee|0 fnt
|faint|p2a: Ribombee
|
|t:|1760801507
|switch|p1a: Great Tusk|Great Tusk, shiny|100/100|[from] U-turn
|-activate|p1a: Great Tusk|move: Sticky Web
|-unboost|p1a: Great Tusk|spe|1
|
|upkeep
|
|t:|1760801512
|switch|p2a: Gengar|Gengar, M|100/100
|-damage|p2a: Gengar|88/100|[from] Stealth Rock
|turn|10
|
|t:|1760801521
|-end|p1a: Great Tusk|Protosynthesis|[silent]
|switch|p1a: Landorus|Landorus-Therian, M, shiny|49/100 par
|-ability|p1a: Landorus|Intimidate|boost
|-unboost|p2a: Gengar|atk|1
|-terastallize|p2a: Gengar|Ghost
|move|p2a: Gengar|Shadow Ball|p1a: Landorus
|-damage|p1a: Landorus|0 fnt
|faint|p1a: Landorus
|-damage|p2a: Gengar|78/100|[from] item: Life Orb
|
|upkeep
|
|t:|1760801528
|switch|p1a: Dragapult|Dragapult, F, shiny|100/100
|-activate|p1a: Dragapult|move: Sticky Web
|-unboost|p1a: Dragapult|spe|1
|turn|11
|
|t:|1760801531
|move|p1a: Dragapult|Sucker Punch|p2a: Gengar
|-supereffective|p2a: Gengar
|-damage|p2a: Gengar|8/100
|-start|p1a: Dragapult|Disable|Sucker Punch|[from] ability: Cursed Body|[of] p2a: Gengar
|move|p2a: Gengar|Shadow Ball|p1a: Dragapult
|-supereffective|p1a: Dragapult
|-damage|p1a: Dragapult|0 fnt
|faint|p1a: Dragapult
|-damage|p2a: Gengar|0 fnt|[from] item: Life Orb
|faint|p2a: Gengar
|
|upkeep
|
|t:|1760801541
|switch|p1a: Great Tusk|Great Tusk, shiny|100/100
|switch|p2a: Garchomp|Garchomp, M|100/100
|-damage|p2a: Garchomp|94/100|[from] Stealth Rock
|-activate|p1a: Great Tusk|move: Sticky Web
|-unboost|p1a: Great Tusk|spe|1
|turn|12
|
|t:|1760801547
|move|p2a: Garchomp|Earthquake|p1a: Great Tusk
|-damage|p1a: Great Tusk|70/100
|move|p1a: Great Tusk|Rapid Spin|p2a: Garchomp
|-damage|p2a: Garchomp|75/100
|-boost|p1a: Great Tusk|spe|1
|-damage|p1a: Great Tusk|58/100|[from] ability: Rough Skin|[of] p2a: Garchomp
|-sideend|p1: interesting小小露003|Sticky Web|[from] move: Rapid Spin|[of] p1a: Great Tusk
|
|upkeep
|turn|13
|
|t:|1760801553
|move|p2a: Garchomp|Scale Shot|p1a: Great Tusk|[miss]
|-miss|p2a: Garchomp|p1a: Great Tusk
|move|p1a: Great Tusk|Ice Spinner|p2a: Garchomp
|-supereffective|p2a: Garchomp
|-damage|p2a: Garchomp|0 fnt
|-damage|p1a: Great Tusk|45/100|[from] ability: Rough Skin|[of] p2a: Garchomp
|faint|p2a: Garchomp
|
|upkeep
|
|t:|1760801560
|switch|p2a: Heatran|Heatran, M|100/100
|-damage|p2a: Heatran|88/100|[from] Stealth Rock
|turn|14
|l|☆V4-l4ck1n
|inactive|V4-l4ck1n disconnected and has a minute to reconnect!
|player|p2|
|c|☆interesting小小露003|有病就去至
|c|☆interesting小小露003|傻
|c|☆interesting小小露003|x
|inactive|V4-l4ck1n has 30 seconds to reconnect!
|inactive|V4-l4ck1n has 20 seconds to reconnect!
|inactive|V4-l4ck1n has 15 seconds to reconnect!
|inactive|V4-l4ck1n has 10 seconds to reconnect!
|inactive|V4-l4ck1n has 5 seconds to reconnect!
|-message|V4-l4ck1n lost due to inactivity.
|
|win|interesting小小露003
|raw|interesting小小露003's rating: 1339 &rarr; <strong>1359</strong><br />(+20 for winning)
|raw|V4-l4ck1n's rating: 1336 &rarr; <strong>1316</strong><br />(-20 for losing)
|l|☆interesting小小露003
|player|p1|
