|j|☆mzm1
|j|☆The Blxck
|t:|1760766999
|gametype|singles
|player|p1|mzm1|101|1085
|player|p2|The Blxck|gardenia|1118
|gen|9
|tier|[Gen 9] OU
|rated|
|rule|HP Percentage Mod: HP is shown in percentages
|rule|Endless Battle Clause: Forcing endless battles is banned
|rule|Species Clause: Limit one of each Pokémon
|rule|OHKO Clause: OHKO moves are banned
|rule|Evasion Items Clause: Evasion items are banned
|rule|Evasion Moves Clause: Evasion moves are banned
|rule|Evasion Abilities Clause: Evasion abilities are banned
|rule|Sleep Moves Clause: Sleep-inducing moves are banned
|clearpoke
|poke|p1|Jolteon, M|
|poke|p1|Rotom-Wash|
|poke|p1|Galvantula, M|
|poke|p1|Eelektross, F|
|poke|p1|Electivire, F|
|poke|p1|Toxtricity, F|
|poke|p2|Mudsdale, M|
|poke|p2|Iron Valiant|
|poke|p2|Zoroark-Hisui, F|
|poke|p2|Scizor, F|
|poke|p2|Komala, M|
|poke|p2|Haxorus, M|
|teampreview
|inactive|Battle timer is ON: inactive players will automatically lose when time's up. (requested by The Blxck)
|
|t:|1760767014
|teamsize|p1|6
|teamsize|p2|6
|start
|switch|p1a: Galvantula|Galvantula, M|100/100
|switch|p2a: Mudsdale|Mudsdale, M|100/100
|turn|1
|
|t:|1760767032
|move|p1a: Galvantula|Sticky Web|p2a: Mudsdale
|-sidestart|p2: The Blxck|move: Sticky Web
|move|p2a: Mudsdale|Stealth Rock|p1a: Galvantula
|-sidestart|p1: mzm1|move: Stealth Rock
|
|upkeep
|turn|2
|
|t:|1760767036
|move|p1a: Galvantula|Bug Buzz|p2a: Mudsdale
|-damage|p2a: Mudsdale|61/100
|-ability|p2a: Mudsdale|Stamina|boost
|-boost|p2a: Mudsdale|def|1
|move|p2a: Mudsdale|Earthquake|p1a: Galvantula
|-damage|p1a: Galvantula|3/100
|
|upkeep
|turn|3
|
|t:|1760767049
|move|p1a: Galvantula|Bug Buzz|p2a: Mudsdale
|-damage|p2a: Mudsdale|23/100
|-unboost|p2a: Mudsdale|spd|1
|-ability|p2a: Mudsdale|Stamina|boost
|-boost|p2a: Mudsdale|def|1
|move|p2a: Mudsdale|Earthquake|p1a: Galvantula
|-damage|p1a: Galvantula|0 fnt
|faint|p1a: Galvantula
|
|upkeep
|
|t:|1760767059
|switch|p1a: Jolteon|Jolteon, M|100/100
|-damage|p1a: Jolteon|88/100|[from] Stealth Rock
|turn|4
|
|t:|1760767063
|move|p1a: Jolteon|Shadow Ball|p2a: Mudsdale
|-damage|p2a: Mudsdale|0 fnt
|faint|p2a: Mudsdale
|
|upkeep
|
|t:|1760767069
|switch|p2a: Komala|Komala, M|100/100
|-ability|p2a: Komala|Comatose
|turn|5
|
|t:|1760767075
|move|p1a: Jolteon|Discharge|p2a: Komala
|-damage|p2a: Komala|59/100
|move|p2a: Komala|Rapid Spin|p1a: Jolteon
|-damage|p1a: Jolteon|41/100
|-boost|p2a: Komala|spe|1
|-sideend|p2: The Blxck|Sticky Web|[from] move: Rapid Spin|[of] p2a: Komala
|
|upkeep
|turn|6
|
|t:|1760767083
|move|p2a: Komala|Sucker Punch|p1a: Jolteon
|-damage|p1a: Jolteon|0 fnt
|faint|p1a: Jolteon
|
|upkeep
|
|t:|1760767091
|switch|p1a: Electivire|Electivire, F|100/100
|-damage|p1a: Electivire|88/100|[from] Stealth Rock
|turn|7
|c|☆mzm1|RAAAAH
|c|☆mzm1|BRICK BREAK
|
|t:|1760767105
|move|p1a: Electivire|Bulk Up|p1a: Electivire
|-boost|p1a: Electivire|atk|1
|-boost|p1a: Electivire|def|1
|move|p2a: Komala|Knock Off|p1a: Electivire
|-damage|p1a: Electivire|51/100
|-enditem|p1a: Electivire|Salac Berry|[from] move: Knock Off|[of] p2a: Komala
|
|upkeep
|turn|8
|c|☆The Blxck|time to get freaky
|
|t:|1760767126
|move|p2a: Komala|Sucker Punch|p1a: Electivire
|-damage|p1a: Electivire|24/100
|move|p1a: Electivire|Supercell Slam|p2a: Komala
|-damage|p2a: Komala|0 fnt
|faint|p2a: Komala
|
|upkeep
|
|t:|1760767135
|switch|p2a: Haxorus|Haxorus, M, shiny|100/100
|-ability|p2a: Haxorus|Mold Breaker
|turn|9
|
|t:|1760767139
|move|p2a: Haxorus|Dragon Dance|p2a: Haxorus
|-boost|p2a: Haxorus|atk|1
|-boost|p2a: Haxorus|spe|1
|move|p1a: Electivire|Ice Punch|p2a: Haxorus
|-supereffective|p2a: Haxorus
|-damage|p2a: Haxorus|0 fnt
|faint|p2a: Haxorus
|
|upkeep
|c|☆The Blxck|f***
|
|t:|1760767155
|switch|p2a: Scizor|Scizor, F|100/100
|turn|10
|
|t:|1760767159
|move|p2a: Scizor|Bullet Punch|p1a: Electivire
|-resisted|p1a: Electivire
|-damage|p1a: Electivire|0 fnt
|faint|p1a: Electivire
|
|upkeep
|
|t:|1760767166
|switch|p1a: Rotom|Rotom-Wash|100/100
|-damage|p1a: Rotom|88/100|[from] Stealth Rock
|turn|11
|
|t:|1760767170
|move|p2a: Scizor|Bullet Punch|p1a: Rotom
|-resisted|p1a: Rotom
|-damage|p1a: Rotom|71/100
|move|p1a: Rotom|Will-O-Wisp|p2a: Scizor|[miss]
|-miss|p1a: Rotom|p2a: Scizor
|
|upkeep
|turn|12
|
|t:|1760767176
|switch|p2a: Iron Valiant|Iron Valiant|100/100
|-enditem|p2a: Iron Valiant|Booster Energy
|-activate|p2a: Iron Valiant|ability: Quark Drive|[fromitem]
|-start|p2a: Iron Valiant|quarkdrivespe
|move|p1a: Rotom|Hydro Pump|p2a: Iron Valiant|[miss]
|-miss|p1a: Rotom|p2a: Iron Valiant
|
|upkeep
|turn|13
|
|t:|1760767190
|move|p2a: Iron Valiant|Thunderbolt|p1a: Rotom
|-damage|p1a: Rotom|29/100
|move|p1a: Rotom|Hydro Pump|p2a: Iron Valiant
|-damage|p2a: Iron Valiant|20/100
|
|upkeep
|turn|14
|
|t:|1760767197
|move|p2a: Iron Valiant|Thunderbolt|p1a: Rotom
|-damage|p1a: Rotom|0 fnt
|faint|p1a: Rotom
|
|upkeep
|
|t:|1760767210
|switch|p1a: Eelektross|Eelektross, F|100/100
|-damage|p1a: Eelektross|88/100|[from] Stealth Rock
|turn|15
|
|t:|1760767218
|move|p2a: Iron Valiant|Moonblast|p1a: Eelektross
|-damage|p1a: Eelektross|38/100
|move|p1a: Eelektross|Supercell Slam|p2a: Iron Valiant
|-damage|p2a: Iron Valiant|0 fnt
|faint|p2a: Iron Valiant
|-end|p2a: Iron Valiant|Quark Drive|[silent]
|
|upkeep
|
|t:|1760767230
|switch|p2a: Scizor|Scizor, F|100/100
|turn|16
|
|t:|1760767233
|move|p2a: Scizor|Nasty Plot|p2a: Scizor
|-boost|p2a: Scizor|spa|2
|move|p1a: Eelektross|Supercell Slam|p2a: Scizor
|-enditem|p2a: Scizor|Focus Sash
|-damage|p2a: Scizor|1/100
|replace|p2a: Zoroark|Zoroark-Hisui, F
|-end|p2a: Zoroark|Illusion
|
|upkeep
|turn|17
|
|t:|1760767243
|move|p2a: Zoroark|Hyper Voice|p1a: Eelektross
|-damage|p1a: Eelektross|0 fnt
|faint|p1a: Eelektross
|
|upkeep
|
|t:|1760767246
|switch|p1a: Toxtricity|Toxtricity, F|100/100
|-damage|p1a: Toxtricity|88/100|[from] Stealth Rock
|turn|18
|
|t:|1760767253
|-terastallize|p2a: Zoroark|Normal
|-terastallize|p1a: Toxtricity|Normal
|move|p2a: Zoroark|Hyper Voice|p1a: Toxtricity
|-damage|p1a: Toxtricity|13/100
|move|p1a: Toxtricity|Shift Gear|p1a: Toxtricity
|-boost|p1a: Toxtricity|spe|2
|-boost|p1a: Toxtricity|atk|1
|
|upkeep
|turn|19
|
|t:|1760767264
|move|p1a: Toxtricity|Overdrive|p2a: Zoroark
|-damage|p2a: Zoroark|0 fnt
|faint|p2a: Zoroark
|-enditem|p1a: Toxtricity|Throat Spray
|-boost|p1a: Toxtricity|spa|1|[from] item: Throat Spray
|
|upkeep
|
|t:|1760767267
|switch|p2a: Scizor|Scizor, F|100/100
|turn|20
|
|t:|1760767270
|move|p2a: Scizor|Bullet Punch|p1a: Toxtricity
|-damage|p1a: Toxtricity|0 fnt
|faint|p1a: Toxtricity
|
|win|The Blxck
|raw|mzm1's rating: 1085 &rarr; <strong>1064</strong><br />(-21 for losing)
|raw|The Blxck's rating: 1118 &rarr; <strong>1141</strong><br />(+23 for winning)
|l|☆mzm1
|player|p1|
|c|☆The Blxck|gg
|l|☆The Blxck
|player|p2|
