|j|☆Cameron 2007
|j|☆mellioz
|t:|1760822429
|gametype|singles
|player|p1|Cameron 2007|266|1263
|player|p2|mellioz|169|1248
|gen|9
|tier|[Gen 9] OU
|rated|
|rule|HP Percentage Mod: HP is shown in percentages
|rule|Endless Battle Clause: Forcing endless battles is banned
|rule|Species Clause: Limit one of each Pokémon
|rule|OHKO Clause: OHKO moves are banned
|rule|Evasion Items Clause: Evasion items are banned
|rule|Evasion Moves Clause: Evasion moves are banned
|rule|Evasion Abilities Clause: Evasion abilities are banned
|rule|Sleep Moves Clause: Sleep-inducing moves are banned
|clearpoke
|poke|p1|Kingambit, F|
|poke|p1|Slowking-Galar, F|
|poke|p1|Dragapult, M|
|poke|p1|Primarina, F|
|poke|p1|Kyurem|
|poke|p1|Great Tusk|
|poke|p2|Empoleon, F|
|poke|p2|Meowscarada, F|
|poke|p2|Mienshao, M|
|poke|p2|Polteageist-Antique|
|poke|p2|Mimikyu, M|
|poke|p2|Blastoise, F|
|teampreview
|inactive|Battle timer is ON: inactive players will automatically lose when time's up. (requested by mellioz)
|
|t:|1760822440
|teamsize|p1|6
|teamsize|p2|6
|start
|switch|p1a: Kyurem|Kyurem, shiny|100/100
|switch|p2a: Empoleon|Empoleon, F|100/100
|-ability|p1a: Kyurem|Pressure
|turn|1
|
|t:|1760822454
|switch|p1a: Slowking|Slowking-Galar, F, shiny|100/100
|move|p2a: Empoleon|Stealth Rock|p1a: Slowking
|-sidestart|p1: Cameron 2007|move: Stealth Rock
|
|upkeep
|turn|2
|
|t:|1760822462
|move|p2a: Empoleon|Surf|p1a: Slowking
|-damage|p1a: Slowking|69/100
|move|p1a: Slowking|Psychic Noise|p2a: Empoleon
|-resisted|p2a: Empoleon
|-damage|p2a: Empoleon|83/100
|-start|p2a: Empoleon|move: Heal Block
|
|upkeep
|turn|3
|
|t:|1760822469
|move|p2a: Empoleon|Surf|p1a: Slowking
|-damage|p1a: Slowking|33/100
|-prepare|p1a: Slowking|Chilly Reception|[premajor]
|move|p1a: Slowking|Chilly Reception|p1a: Slowking
|-weather|Snowscape
|
|t:|1760822476
|switch|p1a: Dragapult|Dragapult, M, shiny|100/100|[from] Chilly Reception
|-damage|p1a: Dragapult|88/100|[from] Stealth Rock
|
|-weather|Snowscape|[upkeep]
|-end|p2a: Empoleon|move: Heal Block
|upkeep
|turn|4
|
|t:|1760822485
|move|p1a: Dragapult|Shadow Ball|p2a: Empoleon
|-damage|p2a: Empoleon|27/100
|move|p2a: Empoleon|Ice Beam|p1a: Dragapult
|-supereffective|p1a: Dragapult
|-damage|p1a: Dragapult|9/100
|
|-weather|Snowscape|[upkeep]
|upkeep
|turn|5
|
|t:|1760822496
|switch|p1a: Slowking|Slowking-Galar, F, shiny|66/100
|-damage|p1a: Slowking|54/100|[from] Stealth Rock
|switch|p2a: Mienshao|Mienshao, M|100/100
|
|-weather|Snowscape|[upkeep]
|upkeep
|turn|6
|
|t:|1760822504
|move|p2a: Mienshao|Knock Off|p1a: Slowking
|-supereffective|p1a: Slowking
|-damage|p1a: Slowking|0 fnt
|-enditem|p1a: Slowking|Shuca Berry|[from] move: Knock Off|[of] p2a: Mienshao
|faint|p1a: Slowking
|
|-weather|Snowscape|[upkeep]
|upkeep
|
|t:|1760822510
|switch|p1a: Primarina|Primarina, F, shiny|100/100
|-damage|p1a: Primarina|88/100|[from] Stealth Rock
|turn|7
|c|☆mellioz|!data shuca berry
|c| mellioz|/raw <ul class="utilichart"><li class="result"><span class="col itemiconcol"><psicon item="shucaberry"></span> <span class="col namecol"><a href="https://dex.pokemonshowdown.com/items/shucaberry">Shuca Berry</a></span> <span class="col itemdesccol">Halves damage taken from a supereffective Ground-type attack. Single use.</span> </li><li style="clear:both"></li></ul>

|
|t:|1760822521
|switch|p2a: Empoleon|Empoleon, F|27/100
|move|p1a: Primarina|Moonblast|p2a: Empoleon
|-resisted|p2a: Empoleon
|-damage|p2a: Empoleon|0 fnt
|faint|p2a: Empoleon
|
|-weather|none
|-heal|p1a: Primarina|94/100|[from] item: Leftovers
|upkeep
|
|t:|1760822531
|switch|p2a: Mimikyu|Mimikyu, M|100/100
|turn|8
|
|t:|1760822537
|move|p2a: Mimikyu|Swords Dance|p2a: Mimikyu
|-boost|p2a: Mimikyu|atk|2
|move|p1a: Primarina|Moonblast|p2a: Mimikyu
|-activate|p2a: Mimikyu|ability: Disguise
|-damage|p2a: Mimikyu|100/100
|-unboost|p2a: Mimikyu|spa|1
|detailschange|p2a: Mimikyu|Mimikyu-Busted, M
|-damage|p2a: Mimikyu|88/100|[from] pokemon: Mimikyu-Busted
|
|-heal|p1a: Primarina|99/100|[from] item: Leftovers
|upkeep
|turn|9
|
|t:|1760822547
|move|p2a: Mimikyu|Shadow Claw|p1a: Primarina
|-damage|p1a: Primarina|11/100
|-damage|p2a: Mimikyu|78/100|[from] item: Life Orb
|move|p1a: Primarina|Shadow Ball|p2a: Mimikyu
|-supereffective|p2a: Mimikyu
|-damage|p2a: Mimikyu|0 fnt
|faint|p2a: Mimikyu
|
|-heal|p1a: Primarina|17/100|[from] item: Leftovers
|upkeep
|
|t:|1760822555
|switch|p2a: Mienshao|Mienshao, M|100/100
|turn|10
|
|t:|1760822562
|switch|p1a: Great Tusk|Great Tusk, shiny|100/100
|move|p2a: Mienshao|Knock Off|p1a: Great Tusk
|-resisted|p1a: Great Tusk
|-damage|p1a: Great Tusk|89/100
|-enditem|p1a: Great Tusk|Heavy-Duty Boots|[from] move: Knock Off|[of] p2a: Mienshao
|
|upkeep
|turn|11
|
|t:|1760822570
|switch|p2a: Meowscarada|Meowscarada, F|100/100
|move|p1a: Great Tusk|Headlong Rush|p2a: Meowscarada
|-resisted|p2a: Meowscarada
|-damage|p2a: Meowscarada|51/100
|-unboost|p1a: Great Tusk|def|1
|-unboost|p1a: Great Tusk|spd|1
|
|upkeep
|turn|12
|
|t:|1760822579
|-end|p1a: Great Tusk|Protosynthesis|[silent]
|switch|p1a: Kingambit|Kingambit, F, shiny|100/100
|-damage|p1a: Kingambit|94/100|[from] Stealth Rock
|-activate|p1a: Kingambit|ability: Supreme Overlord
|-start|p1a: Kingambit|fallen1|[silent]
|move|p2a: Meowscarada|Flower Trick|p1a: Kingambit
|-start|p2a: Meowscarada|typechange|Grass|[from] ability: Protean
|-resisted|p1a: Kingambit
|-crit|p1a: Kingambit
|-damage|p1a: Kingambit|78/100
|
|-heal|p1a: Kingambit|84/100|[from] item: Leftovers
|upkeep
|turn|13
|
|t:|1760822592
|move|p2a: Meowscarada|Knock Off|p1a: Kingambit
|-resisted|p1a: Kingambit
|-damage|p1a: Kingambit|73/100
|-enditem|p1a: Kingambit|Leftovers|[from] move: Knock Off|[of] p2a: Meowscarada
|move|p1a: Kingambit|Iron Head|p2a: Meowscarada
|-damage|p2a: Meowscarada|0 fnt
|faint|p2a: Meowscarada
|
|upkeep
|
|t:|1760822608
|switch|p2a: Blastoise|Blastoise, F|100/100
|turn|14
|
|t:|1760822613
|move|p2a: Blastoise|Shell Smash|p2a: Blastoise
|-unboost|p2a: Blastoise|def|1
|-unboost|p2a: Blastoise|spd|1
|-boost|p2a: Blastoise|atk|2
|-boost|p2a: Blastoise|spa|2
|-boost|p2a: Blastoise|spe|2
|-enditem|p2a: Blastoise|White Herb
|-clearnegativeboost|p2a: Blastoise|[silent]
|move|p1a: Kingambit|Kowtow Cleave|p2a: Blastoise
|-damage|p2a: Blastoise|34/100
|
|upkeep
|turn|15
|
|t:|1760822623
|move|p1a: Kingambit|Sucker Punch|p2a: Blastoise
|-damage|p2a: Blastoise|0 fnt
|faint|p2a: Blastoise
|
|upkeep
|
|t:|1760822626
|switch|p2a: Mienshao|Mienshao, M|100/100
|turn|16
|
|t:|1760822631
|-end|p1a: Kingambit|fallen1|[silent]
|switch|p1a: Great Tusk|Great Tusk, shiny|89/100
|-damage|p1a: Great Tusk|86/100|[from] Stealth Rock
|move|p2a: Mienshao|Close Combat|p1a: Great Tusk
|-damage|p1a: Great Tusk|37/100
|-unboost|p2a: Mienshao|def|1
|-unboost|p2a: Mienshao|spd|1
|
|upkeep
|turn|17
|
|t:|1760822638
|move|p2a: Mienshao|Close Combat|p1a: Great Tusk
|-damage|p1a: Great Tusk|0 fnt
|-unboost|p2a: Mienshao|def|1
|-unboost|p2a: Mienshao|spd|1
|faint|p1a: Great Tusk
|-end|p1a: Great Tusk|Protosynthesis|[silent]
|
|upkeep
|
|t:|1760822641
|switch|p1a: Dragapult|Dragapult, M, shiny|9/100
|-damage|p1a: Dragapult|0 fnt|[from] Stealth Rock
|faint|p1a: Dragapult
|
|t:|1760822646
|switch|p1a: Kingambit|Kingambit, F, shiny|73/100
|-damage|p1a: Kingambit|67/100|[from] Stealth Rock
|-activate|p1a: Kingambit|ability: Supreme Overlord
|-start|p1a: Kingambit|fallen3|[silent]
|turn|18
|
|t:|1760822655
|switch|p2a: Polteageist|Polteageist-Antique|100/100
|move|p1a: Kingambit|Iron Head|p2a: Polteageist
|-enditem|p2a: Polteageist|Focus Sash
|-damage|p2a: Polteageist|1/100
|
|upkeep
|turn|19
|
|t:|1760822663
|move|p2a: Polteageist|Shadow Ball|p1a: Kingambit
|-resisted|p1a: Kingambit
|-damage|p1a: Kingambit|44/100
|move|p1a: Kingambit|Kowtow Cleave|p2a: Polteageist
|-supereffective|p2a: Polteageist
|-damage|p2a: Polteageist|0 fnt
|faint|p2a: Polteageist
|
|upkeep
|
|t:|1760822666
|switch|p2a: Mienshao|Mienshao, M|100/100
|turn|20
|
|t:|1760822669
|-terastallize|p2a: Mienshao|Fighting
|move|p1a: Kingambit|Sucker Punch|p2a: Mienshao
|-resisted|p2a: Mienshao
|-damage|p2a: Mienshao|53/100
|move|p2a: Mienshao|Close Combat|p1a: Kingambit
|-supereffective|p1a: Kingambit
|-damage|p1a: Kingambit|0 fnt
|-unboost|p2a: Mienshao|def|1
|-unboost|p2a: Mienshao|spd|1
|faint|p1a: Kingambit
|-end|p1a: Kingambit|fallen3|[silent]
|
|upkeep
|
|t:|1760822676
|switch|p1a: Kyurem|Kyurem, shiny|100/100
|-damage|p1a: Kyurem|75/100|[from] Stealth Rock
|-ability|p1a: Kyurem|Pressure
|turn|21
|
|t:|1760822682
|-terastallize|p1a: Kyurem|Electric
|move|p2a: Mienshao|Close Combat|p1a: Kyurem
|-damage|p1a: Kyurem|0 fnt
|-unboost|p2a: Mienshao|def|1
|-unboost|p2a: Mienshao|spd|1
|faint|p1a: Kyurem
|
|upkeep
|
|t:|1760822686
|switch|p1a: Primarina|Primarina, F, shiny|17/100
|-damage|p1a: Primarina|4/100|[from] Stealth Rock
|turn|22
|
|t:|1760822689
|move|p2a: Mienshao|Close Combat|p1a: Primarina
|-resisted|p1a: Primarina
|-damage|p1a: Primarina|0 fnt
|-unboost|p2a: Mienshao|def|1
|-unboost|p2a: Mienshao|spd|1
|faint|p1a: Primarina
|
|win|mellioz
|raw|Cameron 2007's rating: 1263 &rarr; <strong>1237</strong><br />(-26 for losing)
|raw|mellioz's rating: 1248 &rarr; <strong>1274</strong><br />(+26 for winning)
|l|☆Cameron 2007
|player|p1|
|l|☆mellioz
|player|p2|
