|j|☆thegreatestnone
|j|☆carbonlifeformmeme
|t:|1760851611
|gametype|singles
|player|p1|thegreatestnone|2|1472
|player|p2|carbonlifeformmeme|266|1475
|gen|9
|tier|[Gen 9] OU
|rated|
|rule|HP Percentage Mod: HP is shown in percentages
|rule|Endless Battle Clause: Forcing endless battles is banned
|rule|Species Clause: Limit one of each Pokémon
|rule|OHKO Clause: OHKO moves are banned
|rule|Evasion Items Clause: Evasion items are banned
|rule|Evasion Moves Clause: Evasion moves are banned
|rule|Evasion Abilities Clause: Evasion abilities are banned
|rule|Sleep Moves Clause: Sleep-inducing moves are banned
|clearpoke
|poke|p1|Magnezone|
|poke|p1|Ting-Lu|
|poke|p1|Skeledirge, F|
|poke|p1|Gholdengo|
|poke|p1|Weezing-Galar, M|
|poke|p1|Slowking, F|
|poke|p2|Iron Hands|
|poke|p2|Alomomola, F|
|poke|p2|Hatterene, F|
|poke|p2|Cinderace, M|
|poke|p2|Deoxys-Speed|
|poke|p2|Dragonite, F|
|teampreview
|c|☆carbonlifeformmeme|glhf
|
|t:|1760851663
|teamsize|p1|6
|teamsize|p2|6
|start
|switch|p1a: Skeledirge|Skeledirge, F|100/100
|switch|p2a: Iron Hands|Iron Hands|100/100
|turn|1
|
|t:|1760851673
|-end|p2a: Iron Hands|Quark Drive|[silent]
|switch|p2a: Alomomola|Alomomola, F|100/100
|move|p1a: Skeledirge|Will-O-Wisp|p2a: Alomomola|[miss]
|-miss|p1a: Skeledirge|p2a: Alomomola
|
|upkeep
|turn|2
|
|t:|1760851750
|move|p1a: Skeledirge|Will-O-Wisp|p2a: Alomomola
|-status|p2a: Alomomola|brn
|move|p2a: Alomomola|Flip Turn|p1a: Skeledirge
|-supereffective|p1a: Skeledirge
|-damage|p1a: Skeledirge|91/100
|
|t:|1760851757
|switch|p2a: Hatterene|Hatterene, F|100/100|[from] Flip Turn
|
|upkeep
|turn|3
|
|t:|1760851762
|move|p1a: Skeledirge|Hex|p2a: Hatterene
|-supereffective|p2a: Hatterene
|-damage|p2a: Hatterene|48/100
|move|p2a: Hatterene|Nuzzle|p1a: Skeledirge
|-damage|p1a: Skeledirge|89/100
|-status|p1a: Skeledirge|par
|
|-heal|p2a: Hatterene|54/100|[from] item: Leftovers
|upkeep
|turn|4
|
|t:|1760851770
|move|p2a: Hatterene|Psychic Noise|p1a: Skeledirge
|-damage|p1a: Skeledirge|56/100 par
|-start|p1a: Skeledirge|move: Heal Block
|move|p1a: Skeledirge|Hex|p2a: Hatterene
|-supereffective|p2a: Hatterene
|-damage|p2a: Hatterene|0 fnt
|faint|p2a: Hatterene
|
|upkeep
|
|t:|1760851781
|switch|p2a: Deoxys|Deoxys-Speed|100/100
|-ability|p2a: Deoxys|Pressure
|turn|5
|
|t:|1760851791
|switch|p1a: Ting-Lu|Ting-Lu|100/100
|-ability|p1a: Ting-Lu|Vessel of Ruin
|move|p2a: Deoxys|Psycho Boost|p1a: Ting-Lu
|-immune|p1a: Ting-Lu
|
|upkeep
|turn|6
|
|t:|1760851810
|switch|p2a: Iron Hands|Iron Hands|100/100
|move|p1a: Ting-Lu|Ruination|p2a: Iron Hands
|-damage|p2a: Iron Hands|51/100
|
|upkeep
|turn|7
|
|t:|1760851819
|switch|p1a: Gholdengo|Gholdengo|100/100
|move|p2a: Iron Hands|Drain Punch|p1a: Gholdengo
|-immune|p1a: Gholdengo
|
|upkeep
|turn|8
|
|t:|1760851835
|-end|p2a: Iron Hands|Quark Drive|[silent]
|switch|p2a: Cinderace|Cinderace, M|100/100
|move|p1a: Gholdengo|Shadow Ball|p2a: Cinderace
|-damage|p2a: Cinderace|49/100
|
|upkeep
|turn|9
|
|t:|1760851841
|move|p1a: Gholdengo|Shadow Ball|p2a: Cinderace
|-damage|p2a: Cinderace|0 fnt
|faint|p2a: Cinderace
|
|upkeep
|-message|carbonlifeformmeme forfeited.
|
|win|thegreatestnone
|raw|thegreatestnone's rating: 1472 &rarr; <strong>1492</strong><br />(+20 for winning)
|raw|carbonlifeformmeme's rating: 1475 &rarr; <strong>1455</strong><br />(-20 for losing)
|l|☆carbonlifeformmeme
|player|p2|
|l|☆thegreatestnone
|player|p1|
