|j|☆ILOVEUSINGSHITMONS
|j|☆ay cheu
|t:|1760847923
|gametype|singles
|player|p1|ILOVEUSINGSHITMONS|miku-water|1346
|player|p2|ay cheu|riley|1335
|gen|9
|tier|[Gen 9] OU
|rated|
|rule|HP Percentage Mod: HP is shown in percentages
|rule|Endless Battle Clause: Forcing endless battles is banned
|rule|Species Clause: Limit one of each Pokémon
|rule|OHKO Clause: OHKO moves are banned
|rule|Evasion Items Clause: Evasion items are banned
|rule|Evasion Moves Clause: Evasion moves are banned
|rule|Evasion Abilities Clause: Evasion abilities are banned
|rule|Sleep Moves Clause: Sleep-inducing moves are banned
|clearpoke
|poke|p1|Hoopa-Unbound|
|poke|p1|Slowking-Galar, F|
|poke|p1|Alomomola, F|
|poke|p1|Zamazenta-*|
|poke|p1|Great Tusk|
|poke|p1|Kingambit, F|
|poke|p2|Arcanine, M|
|poke|p2|Mamoswine, M|
|poke|p2|Empoleon, M|
|poke|p2|Altaria, F|
|poke|p2|Iron Hands|
|poke|p2|Darkrai|
|teampreview
|inactive|Battle timer is ON: inactive players will automatically lose when time's up. (requested by ay cheu)
|
|t:|1760847951
|teamsize|p1|6
|teamsize|p2|6
|start
|switch|p1a: Great Tusk|Great Tusk|100/100
|switch|p2a: Iron Hands|Iron Hands|100/100
|turn|1
|
|t:|1760847956
|-end|p2a: Iron Hands|Quark Drive|[silent]
|switch|p2a: Altaria|Altaria, F|100/100
|-ability|p2a: Altaria|Cloud Nine
|move|p1a: Great Tusk|Stealth Rock|p2a: Altaria
|-sidestart|p2: ay cheu|move: Stealth Rock
|
|upkeep
|turn|2
|
|t:|1760847962
|move|p1a: Great Tusk|Ice Spinner|p2a: Altaria
|-supereffective|p2a: Altaria
|-damage|p2a: Altaria|17/100
|move|p2a: Altaria|Will-O-Wisp|p1a: Great Tusk
|-status|p1a: Great Tusk|brn
|
|-damage|p1a: Great Tusk|94/100 brn|[from] brn
|upkeep
|turn|3
|
|t:|1760847977
|-terastallize|p2a: Altaria|Fairy
|move|p1a: Great Tusk|Ice Spinner|p2a: Altaria
|-damage|p2a: Altaria|7/100
|move|p2a: Altaria|Roost|p2a: Altaria
|-heal|p2a: Altaria|57/100
|
|-damage|p1a: Great Tusk|88/100 brn|[from] brn
|upkeep
|turn|4
|
|t:|1760847985
|-end|p1a: Great Tusk|Protosynthesis|[silent]
|switch|p1a: Slowking|Slowking-Galar, F|100/100
|move|p2a: Altaria|Defog|p1a: Slowking
|-unboost|p1a: Slowking|evasion|1
|-sideend|p2: ay cheu|Stealth Rock|[from] move: Defog|[of] p2a: Altaria
|
|upkeep
|turn|5
|
|t:|1760847994
|switch|p2a: Empoleon|Empoleon, M|100/100
|move|p1a: Slowking|Future Sight|p2a: Empoleon
|-start|p1a: Slowking|move: Future Sight
|
|upkeep
|turn|6
|
|t:|1760847999
|move|p2a: Empoleon|Stealth Rock|p1a: Slowking
|-sidestart|p1: ILOVEUSINGSHITMONS|move: Stealth Rock
|-prepare|p1a: Slowking|Chilly Reception|[premajor]
|move|p1a: Slowking|Chilly Reception|p1a: Slowking
|-weather|Snowscape
|
|t:|1760848004
|switch|p1a: Hoopa|Hoopa-Unbound|100/100|[from] Chilly Reception
|-damage|p1a: Hoopa|88/100|[from] Stealth Rock
|
|-weather|Snowscape|[upkeep]
|upkeep
|turn|7
|
|t:|1760848016
|-terastallize|p1a: Hoopa|Dark
|move|p1a: Hoopa|Knock Off|p2a: Empoleon
|-damage|p2a: Empoleon|0 fnt
|-enditem|p2a: Empoleon|Leftovers|[from] move: Knock Off|[of] p1a: Hoopa
|faint|p2a: Empoleon
|
|-weather|Snowscape|[upkeep]
|-hint|Future Sight did not hit because the target is fainted.
|upkeep
|
|t:|1760848022
|switch|p2a: Mamoswine|Mamoswine, M|100/100
|turn|8
|
|t:|1760848032
|switch|p2a: Iron Hands|Iron Hands|100/100
|switch|p1a: Alomomola|Alomomola, F|100/100
|
|-weather|Snowscape|[upkeep]
|upkeep
|turn|9
|
|t:|1760848040
|move|p1a: Alomomola|Protect|p1a: Alomomola
|-singleturn|p1a: Alomomola|Protect
|move|p2a: Iron Hands|Swords Dance|p2a: Iron Hands
|-boost|p2a: Iron Hands|atk|2
|
|-weather|Snowscape|[upkeep]
|upkeep
|turn|10
|
|t:|1760848048
|switch|p1a: Great Tusk|Great Tusk|88/100 brn
|move|p2a: Iron Hands|Drain Punch|p1a: Great Tusk
|-damage|p1a: Great Tusk|17/100 brn
|
|-weather|none
|-damage|p1a: Great Tusk|10/100 brn|[from] brn
|upkeep
|turn|11
|
|t:|1760848056
|move|p1a: Great Tusk|Stealth Rock|p2a: Iron Hands
|-sidestart|p2: ay cheu|move: Stealth Rock
|move|p2a: Iron Hands|Drain Punch|p1a: Great Tusk
|-damage|p1a: Great Tusk|0 fnt
|faint|p1a: Great Tusk
|-end|p1a: Great Tusk|Protosynthesis|[silent]
|
|upkeep
|
|t:|1760848084
|switch|p1a: Hoopa|Hoopa-Unbound, tera:Dark|88/100
|-damage|p1a: Hoopa|76/100|[from] Stealth Rock
|turn|12
|
|t:|1760848086
|move|p1a: Hoopa|Zen Headbutt|p2a: Iron Hands
|-supereffective|p2a: Iron Hands
|-damage|p2a: Iron Hands|0 fnt
|-damage|p1a: Hoopa|59/100|[from] item: Rocky Helmet|[of] p2a: Iron Hands
|faint|p2a: Iron Hands
|-end|p2a: Iron Hands|Quark Drive|[silent]
|
|upkeep
|
|t:|1760848093
|switch|p2a: Darkrai|Darkrai|100/100
|-damage|p2a: Darkrai|88/100|[from] Stealth Rock
|turn|13
|
|t:|1760848100
|switch|p1a: Zamazenta|Zamazenta|100/100
|-damage|p1a: Zamazenta|94/100|[from] Stealth Rock
|-ability|p1a: Zamazenta|Dauntless Shield|boost
|-boost|p1a: Zamazenta|def|1
|move|p2a: Darkrai|Nasty Plot|p2a: Darkrai
|-boost|p2a: Darkrai|spa|2
|
|-heal|p1a: Zamazenta|100/100|[from] item: Leftovers
|upkeep
|turn|14
|
|t:|1760848105
|move|p1a: Zamazenta|Body Press|p2a: Darkrai
|-supereffective|p2a: Darkrai
|-damage|p2a: Darkrai|0 fnt
|faint|p2a: Darkrai
|
|upkeep
|-message|ay cheu forfeited.
|
|win|ILOVEUSINGSHITMONS
|raw|ILOVEUSINGSHITMONS's rating: 1346 &rarr; <strong>1365</strong><br />(+19 for winning)
|raw|ay cheu's rating: 1335 &rarr; <strong>1316</strong><br />(-19 for losing)
|l|☆ay cheu
|player|p2|
|l|☆ILOVEUSINGSHITMONS
|player|p1|
