|j|☆edensea
|j|☆jackpier
|t:|1760719511
|gametype|singles
|player|p1|edensea|parasollady-gen4|1218
|player|p2|jackpier|169|1210
|gen|9
|tier|[Gen 9] OU
|rated|
|rule|HP Percentage Mod: HP is shown in percentages
|rule|Endless Battle Clause: Forcing endless battles is banned
|rule|Species Clause: Limit one of each Pokémon
|rule|OHKO Clause: OHKO moves are banned
|rule|Evasion Items Clause: Evasion items are banned
|rule|Evasion Moves Clause: Evasion moves are banned
|rule|Evasion Abilities Clause: Evasion abilities are banned
|rule|Sleep Moves Clause: Sleep-inducing moves are banned
|clearpoke
|poke|p1|Garganacl, F|
|poke|p1|Dragapult, F|
|poke|p1|Ogerpon-Wellspring, F|
|poke|p1|Moltres|
|poke|p1|Zamazenta-*|
|poke|p1|Iron Treads|
|poke|p2|Smeargle, M|
|poke|p2|Uxie|
|poke|p2|Gliscor, F|
|poke|p2|Scizor, F|
|poke|p2|Polteageist|
|poke|p2|Venomoth, F|
|teampreview
|inactive|Battle timer is ON: inactive players will automatically lose when time's up. (requested by jackpier)
|
|t:|1760719535
|teamsize|p1|6
|teamsize|p2|6
|start
|switch|p1a: Iron Treads|Iron Treads|100/100
|switch|p2a: Smeargle|Smeargle, M|100/100
|turn|1
|
|t:|1760719545
|move|p1a: Iron Treads|Knock Off|p2a: Smeargle
|-damage|p2a: Smeargle|56/100
|-enditem|p2a: Smeargle|Quick Claw|[from] move: Knock Off|[of] p1a: Iron Treads
|move|p2a: Smeargle|Will-O-Wisp|p1a: Iron Treads
|-status|p1a: Iron Treads|brn
|
|-damage|p1a: Iron Treads|94/100 brn|[from] brn
|upkeep
|turn|2
|
|t:|1760719557
|move|p1a: Iron Treads|Stealth Rock|p2a: Smeargle
|-sidestart|p2: jackpier|move: Stealth Rock
|move|p2a: Smeargle|Salt Cure|p1a: Iron Treads
|-resisted|p1a: Iron Treads
|-damage|p1a: Iron Treads|94/100 brn
|-start|p1a: Iron Treads|Salt Cure
|
|-heal|p1a: Iron Treads|99/100 brn|[from] item: Leftovers
|-damage|p1a: Iron Treads|94/100 brn|[from] brn
|-damage|p1a: Iron Treads|69/100 brn|[from] Salt Cure
|upkeep
|turn|3
|
|t:|1760719585
|move|p1a: Iron Treads|Earthquake|p2a: Smeargle
|-damage|p2a: Smeargle|24/100
|move|p2a: Smeargle|Parting Shot|p1a: Iron Treads
|-unboost|p1a: Iron Treads|atk|1
|-unboost|p1a: Iron Treads|spa|1
|
|t:|1760719606
|switch|p2a: Venomoth|Venomoth, F|100/100|[from] Parting Shot
|
|-heal|p1a: Iron Treads|75/100 brn|[from] item: Leftovers
|-damage|p1a: Iron Treads|69/100 brn|[from] brn
|-damage|p1a: Iron Treads|44/100 brn|[from] Salt Cure
|upkeep
|turn|4
|
|t:|1760719616
|-end|p1a: Iron Treads|Quark Drive|[silent]
|switch|p1a: Moltres|Moltres|100/100
|move|p2a: Venomoth|Quiver Dance|p2a: Venomoth
|-boost|p2a: Venomoth|spa|1
|-boost|p2a: Venomoth|spd|1
|-boost|p2a: Venomoth|spe|1
|
|upkeep
|turn|5
|
|t:|1760719625
|-terastallize|p2a: Venomoth|Water
|move|p2a: Venomoth|Quiver Dance|p2a: Venomoth
|-boost|p2a: Venomoth|spa|1
|-boost|p2a: Venomoth|spd|1
|-boost|p2a: Venomoth|spe|1
|move|p1a: Moltres|Flamethrower|p2a: Venomoth
|-resisted|p2a: Venomoth
|-damage|p2a: Venomoth|89/100
|
|upkeep
|turn|6
|
|t:|1760719634
|move|p2a: Venomoth|Tera Blast|p1a: Moltres|[anim] Tera Blast Water
|-supereffective|p1a: Moltres
|-damage|p1a: Moltres|0 fnt
|faint|p1a: Moltres
|
|upkeep
|
|t:|1760719659
|switch|p1a: Garganacl|Garganacl, F|100/100
|turn|7
|
|t:|1760719669
|-terastallize|p1a: Garganacl|Electric
|move|p2a: Venomoth|Tera Blast|p1a: Garganacl|[anim] Tera Blast Water
|-damage|p1a: Garganacl|59/100
|move|p1a: Garganacl|Salt Cure|p2a: Venomoth
|-damage|p2a: Venomoth|63/100
|-start|p2a: Venomoth|Salt Cure
|
|-heal|p1a: Garganacl|65/100|[from] item: Leftovers
|-damage|p2a: Venomoth|39/100|[from] Salt Cure
|upkeep
|turn|8
|
|t:|1760719681
|move|p2a: Venomoth|Giga Drain|p1a: Garganacl
|-damage|p1a: Garganacl|37/100
|-heal|p2a: Venomoth|59/100|[from] drain|[of] p1a: Garganacl
|move|p1a: Garganacl|Recover|p1a: Garganacl
|-heal|p1a: Garganacl|87/100
|
|-heal|p1a: Garganacl|94/100|[from] item: Leftovers
|-damage|p2a: Venomoth|34/100|[from] Salt Cure
|upkeep
|turn|9
|
|t:|1760719691
|move|p2a: Venomoth|Bug Buzz|p1a: Garganacl
|-damage|p1a: Garganacl|49/100
|move|p1a: Garganacl|Iron Defense|p1a: Garganacl
|-boost|p1a: Garganacl|def|2
|
|-heal|p1a: Garganacl|55/100|[from] item: Leftovers
|-damage|p2a: Venomoth|9/100|[from] Salt Cure
|upkeep
|turn|10
|
|t:|1760719701
|move|p2a: Venomoth|Giga Drain|p1a: Garganacl
|-damage|p1a: Garganacl|27/100
|-heal|p2a: Venomoth|29/100|[from] drain|[of] p1a: Garganacl
|move|p1a: Garganacl|Recover|p1a: Garganacl
|-heal|p1a: Garganacl|77/100
|
|-heal|p1a: Garganacl|84/100|[from] item: Leftovers
|-damage|p2a: Venomoth|4/100|[from] Salt Cure
|upkeep
|turn|11
|
|t:|1760719710
|move|p2a: Venomoth|Giga Drain|p1a: Garganacl
|-damage|p1a: Garganacl|60/100
|-heal|p2a: Venomoth|21/100|[from] drain|[of] p1a: Garganacl
|move|p1a: Garganacl|Recover|p1a: Garganacl
|-heal|p1a: Garganacl|100/100
|
|-damage|p2a: Venomoth|0 fnt|[from] Salt Cure
|faint|p2a: Venomoth
|upkeep
|
|t:|1760719722
|switch|p2a: Smeargle|Smeargle, M|24/100
|-damage|p2a: Smeargle|11/100|[from] Stealth Rock
|turn|12
|
|t:|1760719732
|move|p2a: Smeargle|Nuzzle|p1a: Garganacl
|-resisted|p1a: Garganacl
|-damage|p1a: Garganacl|99/100
|move|p1a: Garganacl|Body Press|p2a: Smeargle
|-supereffective|p2a: Smeargle
|-damage|p2a: Smeargle|0 fnt
|faint|p2a: Smeargle
|
|-heal|p1a: Garganacl|100/100|[from] item: Leftovers
|upkeep
|
|t:|1760719742
|switch|p2a: Gliscor|Gliscor, F|100/100
|-damage|p2a: Gliscor|88/100|[from] Stealth Rock
|turn|13
|
|t:|1760719748
|move|p2a: Gliscor|Substitute|p2a: Gliscor
|-start|p2a: Gliscor|Substitute
|-damage|p2a: Gliscor|63/100
|move|p1a: Garganacl|Iron Defense|p1a: Garganacl
|-boost|p1a: Garganacl|def|2
|
|-status|p2a: Gliscor|tox|[from] item: Toxic Orb
|upkeep
|turn|14
|
|t:|1760719756
|move|p2a: Gliscor|Swords Dance|p2a: Gliscor
|-boost|p2a: Gliscor|atk|2
|move|p1a: Garganacl|Salt Cure|p2a: Gliscor
|-activate|p2a: Gliscor|move: Substitute|[damage]
|
|-heal|p2a: Gliscor|76/100 tox|[from] ability: Poison Heal
|upkeep
|turn|15
|
|t:|1760719764
|move|p2a: Gliscor|Swords Dance|p2a: Gliscor
|-boost|p2a: Gliscor|atk|2
|move|p1a: Garganacl|Salt Cure|p2a: Gliscor
|-crit|p2a: Gliscor
|-end|p2a: Gliscor|Substitute
|
|-heal|p2a: Gliscor|88/100 tox|[from] ability: Poison Heal
|upkeep
|turn|16
|
|t:|1760719772
|move|p2a: Gliscor|Substitute|p2a: Gliscor
|-start|p2a: Gliscor|Substitute
|-damage|p2a: Gliscor|63/100 tox
|move|p1a: Garganacl|Salt Cure|p2a: Gliscor
|-activate|p2a: Gliscor|move: Substitute|[damage]
|
|-heal|p2a: Gliscor|76/100 tox|[from] ability: Poison Heal
|upkeep
|turn|17
|
|t:|1760719780
|move|p2a: Gliscor|Swords Dance|p2a: Gliscor
|-boost|p2a: Gliscor|atk|2
|move|p1a: Garganacl|Iron Defense|p1a: Garganacl
|-boost|p1a: Garganacl|def|2
|
|-heal|p2a: Gliscor|88/100 tox|[from] ability: Poison Heal
|upkeep
|turn|18
|
|t:|1760719788
|move|p2a: Gliscor|Earthquake|p1a: Garganacl
|-supereffective|p1a: Garganacl
|-damage|p1a: Garganacl|39/100
|move|p1a: Garganacl|Body Press|p2a: Gliscor
|-resisted|p2a: Gliscor
|-end|p2a: Gliscor|Substitute
|
|-heal|p1a: Garganacl|46/100|[from] item: Leftovers
|-heal|p2a: Gliscor|100/100 tox|[from] ability: Poison Heal
|upkeep
|turn|19
|
|t:|1760719814
|move|p2a: Gliscor|Substitute|p2a: Gliscor
|-start|p2a: Gliscor|Substitute
|-damage|p2a: Gliscor|76/100 tox
|move|p1a: Garganacl|Body Press|p2a: Gliscor
|-resisted|p2a: Gliscor
|-end|p2a: Gliscor|Substitute
|
|-heal|p1a: Garganacl|52/100|[from] item: Leftovers
|-heal|p2a: Gliscor|88/100 tox|[from] ability: Poison Heal
|upkeep
|turn|20
|
|t:|1760719824
|move|p2a: Gliscor|Earthquake|p1a: Garganacl
|-supereffective|p1a: Garganacl
|-damage|p1a: Garganacl|0 fnt
|faint|p1a: Garganacl
|
|-heal|p2a: Gliscor|100/100 tox|[from] ability: Poison Heal
|upkeep
|
|t:|1760719830
|switch|p1a: Zamazenta|Zamazenta|100/100
|-ability|p1a: Zamazenta|Dauntless Shield|boost
|-boost|p1a: Zamazenta|def|1
|turn|21
|
|t:|1760719837
|move|p1a: Zamazenta|Ice Fang|p2a: Gliscor
|-supereffective|p2a: Gliscor
|-damage|p2a: Gliscor|6/100 tox
|move|p2a: Gliscor|Earthquake|p1a: Zamazenta
|-damage|p1a: Zamazenta|0 fnt
|faint|p1a: Zamazenta
|
|-heal|p2a: Gliscor|19/100 tox|[from] ability: Poison Heal
|upkeep
|
|t:|1760719842
|switch|p1a: Dragapult|Dragapult, F|100/100
|turn|22
|
|t:|1760719869
|move|p1a: Dragapult|Hex|p2a: Gliscor
|-damage|p2a: Gliscor|0 fnt
|faint|p2a: Gliscor
|
|upkeep
|
|t:|1760719875
|switch|p2a: Uxie|Uxie|100/100
|-damage|p2a: Uxie|88/100|[from] Stealth Rock
|turn|23
|
|t:|1760719882
|move|p1a: Dragapult|U-turn|p2a: Uxie
|-supereffective|p2a: Uxie
|-damage|p2a: Uxie|67/100
|
|t:|1760719884
|switch|p1a: Iron Treads|Iron Treads|44/100 brn|[from] U-turn
|move|p2a: Uxie|Thunder Wave|p1a: Iron Treads
|-immune|p1a: Iron Treads
|
|-heal|p1a: Iron Treads|50/100 brn|[from] item: Leftovers
|-damage|p1a: Iron Treads|44/100 brn|[from] brn
|upkeep
|turn|24
|
|t:|1760719894
|move|p1a: Iron Treads|Knock Off|p2a: Uxie
|-supereffective|p2a: Uxie
|-damage|p2a: Uxie|52/100
|-enditem|p2a: Uxie|Light Clay|[from] move: Knock Off|[of] p1a: Iron Treads
|move|p2a: Uxie|Reflect|p2a: Uxie
|-sidestart|p2: jackpier|Reflect
|
|-heal|p1a: Iron Treads|50/100 brn|[from] item: Leftovers
|-damage|p1a: Iron Treads|44/100 brn|[from] brn
|upkeep
|turn|25
|
|t:|1760719904
|move|p1a: Iron Treads|Earthquake|p2a: Uxie
|-immune|p2a: Uxie|[from] ability: Levitate
|move|p2a: Uxie|Light Screen|p2a: Uxie
|-sidestart|p2: jackpier|move: Light Screen
|
|-heal|p1a: Iron Treads|50/100 brn|[from] item: Leftovers
|-damage|p1a: Iron Treads|44/100 brn|[from] brn
|upkeep
|turn|26
|
|t:|1760719913
|move|p1a: Iron Treads|Knock Off|p2a: Uxie
|-supereffective|p2a: Uxie
|-damage|p2a: Uxie|47/100
|move|p2a: Uxie|Memento|p1a: Iron Treads
|-unboost|p1a: Iron Treads|atk|2
|-unboost|p1a: Iron Treads|spa|2
|faint|p2a: Uxie
|
|-heal|p1a: Iron Treads|50/100 brn|[from] item: Leftovers
|-damage|p1a: Iron Treads|44/100 brn|[from] brn
|upkeep
|
|t:|1760719924
|switch|p2a: Polteageist|Polteageist|100/100
|-damage|p2a: Polteageist|88/100|[from] Stealth Rock
|turn|27
|
|t:|1760719951
|-end|p1a: Iron Treads|Quark Drive|[silent]
|switch|p1a: Ogerpon|Ogerpon-Wellspring, F|100/100
|move|p2a: Polteageist|Shell Smash|p2a: Polteageist
|-unboost|p2a: Polteageist|def|1
|-unboost|p2a: Polteageist|spd|1
|-boost|p2a: Polteageist|atk|2
|-boost|p2a: Polteageist|spa|2
|-boost|p2a: Polteageist|spe|2
|
|upkeep
|turn|28
|inactive|jackpier has 120 seconds left.
|
|t:|1760719983
|move|p2a: Polteageist|Psyshock|p1a: Ogerpon
|-damage|p1a: Ogerpon|30/100
|move|p1a: Ogerpon|Ivy Cudgel|p2a: Polteageist|[anim] Ivy Cudgel Water
|-damage|p2a: Polteageist|31/100
|-ability|p2a: Polteageist|Weak Armor|boost
|-unboost|p2a: Polteageist|def|1
|-boost|p2a: Polteageist|spe|2
|
|-sideend|p2: jackpier|Reflect
|upkeep
|turn|29
|inactive|jackpier has 120 seconds left.
|
|t:|1760719995
|move|p2a: Polteageist|Psyshock|p1a: Ogerpon
|-damage|p1a: Ogerpon|0 fnt
|faint|p1a: Ogerpon
|
|-sideend|p2: jackpier|move: Light Screen
|upkeep
|
|t:|1760719997
|switch|p1a: Dragapult|Dragapult, F|100/100
|turn|30
|
|t:|1760720001
|move|p2a: Polteageist|Shadow Ball|p1a: Dragapult
|-supereffective|p1a: Dragapult
|-damage|p1a: Dragapult|0 fnt
|faint|p1a: Dragapult
|
|upkeep
|
|t:|1760720003
|switch|p1a: Iron Treads|Iron Treads|44/100 brn
|turn|31
|
|t:|1760720010
|move|p2a: Polteageist|Strength Sap|p1a: Iron Treads
|-unboost|p1a: Iron Treads|atk|1
|-heal|p2a: Polteageist|100/100
|move|p1a: Iron Treads|Knock Off|p2a: Polteageist
|-supereffective|p2a: Polteageist
|-crit|p2a: Polteageist
|-damage|p2a: Polteageist|0 fnt
|-enditem|p2a: Polteageist|Power Herb|[from] move: Knock Off|[of] p1a: Iron Treads
|faint|p2a: Polteageist
|
|-heal|p1a: Iron Treads|50/100 brn|[from] item: Leftovers
|-damage|p1a: Iron Treads|44/100 brn|[from] brn
|upkeep
|
|t:|1760720021
|switch|p2a: Scizor|Scizor, F|100/100
|-damage|p2a: Scizor|88/100|[from] Stealth Rock
|turn|32
|
|t:|1760720029
|move|p1a: Iron Treads|Knock Off|p2a: Scizor
|-damage|p2a: Scizor|80/100
|-enditem|p2a: Scizor|Life Orb|[from] move: Knock Off|[of] p1a: Iron Treads
|move|p2a: Scizor|Swords Dance|p2a: Scizor
|-boost|p2a: Scizor|atk|2
|
|-heal|p1a: Iron Treads|50/100 brn|[from] item: Leftovers
|-damage|p1a: Iron Treads|44/100 brn|[from] brn
|upkeep
|turn|33
|
|t:|1760720038
|move|p1a: Iron Treads|Earthquake|p2a: Scizor
|-damage|p2a: Scizor|67/100
|move|p2a: Scizor|Knock Off|p1a: Iron Treads
|-damage|p1a: Iron Treads|0 fnt
|-enditem|p1a: Iron Treads|Leftovers|[from] move: Knock Off|[of] p2a: Scizor
|faint|p1a: Iron Treads
|-end|p1a: Iron Treads|Quark Drive|[silent]
|
|win|jackpier
|raw|edensea's rating: 1218 &rarr; <strong>1192</strong><br />(-26 for losing)
|raw|jackpier's rating: 1210 &rarr; <strong>1236</strong><br />(+26 for winning)
|l|☆edensea
|player|p1|
