|j|☆Ostenberg
|j|☆Moveset check
|t:|1760871667
|gametype|singles
|player|p1|Ostenberg|dawn|1101
|player|p2|Moveset check|policeman-gen4|1061
|gen|9
|tier|[Gen 9] OU
|rated|
|rule|HP Percentage Mod: HP is shown in percentages
|rule|Endless Battle Clause: Forcing endless battles is banned
|rule|Species Clause: Limit one of each Pokémon
|rule|OHKO Clause: OHKO moves are banned
|rule|Evasion Items Clause: Evasion items are banned
|rule|Evasion Moves Clause: Evasion moves are banned
|rule|Evasion Abilities Clause: Evasion abilities are banned
|rule|Sleep Moves Clause: Sleep-inducing moves are banned
|clearpoke
|poke|p1|Ribombee, M|
|poke|p1|Cinderace, M|
|poke|p1|Kingambit, F|
|poke|p1|Lokix, F|
|poke|p1|Serperior, M|
|poke|p1|Dragonite, M|
|poke|p2|Registeel|
|teampreview
|
|t:|1760871689
|teamsize|p1|6
|teamsize|p2|1
|start
|switch|p1a: Dragonite|Dragonite, M|100/100
|switch|p2a: Registeel|Registeel|100/100
|turn|1
|
|t:|1760871696
|move|p1a: Dragonite|Earthquake|p2a: Registeel
|-supereffective|p2a: Registeel
|-damage|p2a: Registeel|49/100
|move|p2a: Registeel|Iron Defense|p2a: Registeel
|-boost|p2a: Registeel|def|2
|
|-heal|p2a: Registeel|55/100|[from] item: Leftovers
|upkeep
|turn|2
|
|t:|1760871706
|move|p1a: Dragonite|Earthquake|p2a: Registeel
|-supereffective|p2a: Registeel
|-damage|p2a: Registeel|27/100
|move|p2a: Registeel|Iron Defense|p2a: Registeel
|-boost|p2a: Registeel|def|2
|
|-heal|p2a: Registeel|33/100|[from] item: Leftovers
|upkeep
|turn|3
|
|t:|1760871715
|move|p1a: Dragonite|Earthquake|p2a: Registeel
|-supereffective|p2a: Registeel
|-damage|p2a: Registeel|15/100
|move|p2a: Registeel|Rest|p2a: Registeel
|-status|p2a: Registeel|slp|[from] move: Rest
|-heal|p2a: Registeel|100/100 slp|[silent]
|
|upkeep
|turn|4
|
|t:|1760871727
|switch|p1a: Serperior|Serperior, M|100/100
|cant|p2a: Registeel|slp
|
|upkeep
|turn|5
|
|t:|1760871733
|move|p1a: Serperior|Leaf Storm|p2a: Registeel
|-resisted|p2a: Registeel
|-damage|p2a: Registeel|86/100 slp
|-boost|p1a: Serperior|spa|2
|cant|p2a: Registeel|slp
|
|-heal|p2a: Registeel|92/100 slp|[from] item: Leftovers
|upkeep
|turn|6
|l|☆Ostenberg
|player|p1|
|inactive|Battle timer is ON: inactive players will automatically lose when time's up. (requested by Moveset check)
|j|☆Ostenberg
|inactive|Ostenberg reconnected and has 150 seconds left.
|player|p1|Ostenberg|dawn|
|
|t:|1760871748
|move|p1a: Serperior|Leaf Storm|p2a: Registeel
|-resisted|p2a: Registeel
|-damage|p2a: Registeel|65/100 slp
|-boost|p1a: Serperior|spa|2
|-curestatus|p2a: Registeel|slp|[msg]
|move|p2a: Registeel|Amnesia|p2a: Registeel
|-boost|p2a: Registeel|spd|2
|
|-heal|p2a: Registeel|71/100|[from] item: Leftovers
|upkeep
|turn|7
|
|t:|1760871759
|move|p1a: Serperior|Leaf Storm|p2a: Registeel
|-resisted|p2a: Registeel
|-damage|p2a: Registeel|51/100
|-boost|p1a: Serperior|spa|2
|move|p2a: Registeel|Amnesia|p2a: Registeel
|-boost|p2a: Registeel|spd|2
|
|-heal|p2a: Registeel|57/100|[from] item: Leftovers
|upkeep
|turn|8
|
|t:|1760871769
|move|p1a: Serperior|Leaf Storm|p2a: Registeel
|-resisted|p2a: Registeel
|-damage|p2a: Registeel|40/100
|move|p2a: Registeel|Amnesia|p2a: Registeel
|-boost|p2a: Registeel|spd|2
|
|-heal|p2a: Registeel|46/100|[from] item: Leftovers
|upkeep
|turn|9
|
|t:|1760871786
|switch|p1a: Kingambit|Kingambit, F|100/100
|move|p2a: Registeel|Iron Defense|p2a: Registeel
|-boost|p2a: Registeel|def|2
|
|-heal|p2a: Registeel|52/100|[from] item: Leftovers
|upkeep
|turn|10
|
|t:|1760871800
|-terastallize|p1a: Kingambit|Fighting
|move|p2a: Registeel|Iron Defense|p2a: Registeel
|-boost|p2a: Registeel|def|0
|move|p1a: Kingambit|Swords Dance|p1a: Kingambit
|-boost|p1a: Kingambit|atk|2
|
|-heal|p2a: Registeel|58/100|[from] item: Leftovers
|upkeep
|turn|11
|
|t:|1760871812
|-terastallize|p2a: Registeel|Steel
|move|p2a: Registeel|Body Press|p1a: Kingambit
|-damage|p1a: Kingambit|29/100
|move|p1a: Kingambit|Swords Dance|p1a: Kingambit
|-boost|p1a: Kingambit|atk|2
|
|-heal|p2a: Registeel|64/100|[from] item: Leftovers
|upkeep
|turn|12
|
|t:|1760871823
|move|p1a: Kingambit|Low Kick|p2a: Registeel
|-supereffective|p2a: Registeel
|-damage|p2a: Registeel|0 fnt
|faint|p2a: Registeel
|
|win|Ostenberg
|raw|Ostenberg's rating: 1101 &rarr; <strong>1123</strong><br />(+22 for winning)
|raw|Moveset check's rating: 1061 &rarr; <strong>1044</strong><br />(-17 for losing)
|l|☆Moveset check
|player|p2|
