|badge|p1|silver|gen9randombattle|30-7
|uhtml|medal-msg|<div class="broadcast-blue">Curious what those medals under the avatar are? PS now has Ladder Seasons! For more information, check out the <a href="https://www.smogon.com/forums/threads/3740067/">thread on Smogon.</a></div>
|j|☆phantasmiccat
|j|☆Darkarrow
|t:|1760762627
|gametype|singles
|player|p1|phantasmiccat|miku-grass|1664
|player|p2|Darkarrow|265|1667
|gen|9
|tier|[Gen 9] OU
|rated|
|rule|HP Percentage Mod: HP is shown in percentages
|rule|Endless Battle Clause: Forcing endless battles is banned
|rule|Species Clause: Limit one of each Pokémon
|rule|OHKO Clause: OHKO moves are banned
|rule|Evasion Items Clause: Evasion items are banned
|rule|Evasion Moves Clause: Evasion moves are banned
|rule|Evasion Abilities Clause: Evasion abilities are banned
|rule|Sleep Moves Clause: Sleep-inducing moves are banned
|clearpoke
|poke|p1|Iron Crown|
|poke|p1|Dragonite, F|
|poke|p1|Great Tusk|
|poke|p1|Ogerpon-Cornerstone, F|
|poke|p1|Cinderace, F|
|poke|p1|Ceruledge, M|
|poke|p2|Ninetales-Alola, F|
|poke|p2|Darkrai|
|poke|p2|Ceruledge, M|
|poke|p2|Gliscor, M|
|poke|p2|Hatterene, F|
|poke|p2|Kommo-o, F|
|teampreview
|inactive|Battle timer is ON: inactive players will automatically lose when time's up. (requested by phantasmiccat)
|
|t:|1760762656
|teamsize|p1|6
|teamsize|p2|6
|start
|switch|p1a: Ogerpon|Ogerpon-Cornerstone, F|100/100
|switch|p2a: Darkrai|Darkrai|100/100
|turn|1
|
|t:|1760762683
|move|p2a: Darkrai|Dark Pulse|p1a: Ogerpon
|-damage|p1a: Ogerpon|49/100
|move|p1a: Ogerpon|Ivy Cudgel|p2a: Darkrai|[anim] Ivy Cudgel Rock
|-damage|p2a: Darkrai|28/100
|
|-heal|p2a: Darkrai|34/100|[from] item: Leftovers
|upkeep
|turn|2
|
|t:|1760762693
|switch|p1a: Great Tusk|Great Tusk|100/100
|-enditem|p1a: Great Tusk|Booster Energy
|-activate|p1a: Great Tusk|ability: Protosynthesis|[fromitem]
|-start|p1a: Great Tusk|protosynthesisatk
|move|p2a: Darkrai|Dark Pulse|p1a: Great Tusk
|-resisted|p1a: Great Tusk
|-damage|p1a: Great Tusk|65/100
|
|-heal|p2a: Darkrai|40/100|[from] item: Leftovers
|upkeep
|turn|3
|
|t:|1760762704
|-end|p1a: Great Tusk|Protosynthesis|[silent]
|switch|p1a: Iron Crown|Iron Crown|100/100
|-enditem|p1a: Iron Crown|Booster Energy
|-activate|p1a: Iron Crown|ability: Quark Drive|[fromitem]
|-start|p1a: Iron Crown|quarkdrivespe
|move|p2a: Darkrai|Psyshock|p1a: Iron Crown
|-resisted|p1a: Iron Crown
|-damage|p1a: Iron Crown|94/100
|
|-heal|p2a: Darkrai|46/100|[from] item: Leftovers
|upkeep
|turn|4
|
|t:|1760762714
|move|p1a: Iron Crown|Psychic|p2a: Darkrai
|-immune|p2a: Darkrai
|move|p2a: Darkrai|Dark Pulse|p1a: Iron Crown
|-supereffective|p1a: Iron Crown
|-damage|p1a: Iron Crown|18/100
|
|-heal|p2a: Darkrai|52/100|[from] item: Leftovers
|upkeep
|turn|5
|
|t:|1760762719
|move|p1a: Iron Crown|Tachyon Cutter|p2a: Darkrai
|-damage|p2a: Darkrai|19/100
|-damage|p2a: Darkrai|0 fnt
|faint|p2a: Darkrai
|-hitcount|p2: Darkrai|2
|
|upkeep
|
|t:|1760762724
|switch|p2a: Ceruledge|Ceruledge, M|100/100
|turn|6
|
|t:|1760762728
|move|p2a: Ceruledge|Shadow Sneak|p1a: Iron Crown
|-supereffective|p1a: Iron Crown
|-damage|p1a: Iron Crown|0 fnt
|faint|p1a: Iron Crown
|-end|p1a: Iron Crown|Quark Drive|[silent]
|
|upkeep
|
|t:|1760762735
|switch|p1a: Dragonite|Dragonite, F|100/100
|turn|7
|
|t:|1760762745
|switch|p2a: Ninetales|Ninetales-Alola, F|100/100
|-weather|Snowscape|[from] ability: Snow Warning|[of] p2a: Ninetales
|move|p1a: Dragonite|Dragon Dance|p1a: Dragonite
|-boost|p1a: Dragonite|atk|1
|-boost|p1a: Dragonite|spe|1
|
|-weather|Snowscape|[upkeep]
|upkeep
|turn|8
|
|t:|1760762754
|-terastallize|p1a: Dragonite|Fire
|move|p1a: Dragonite|Fire Punch|p2a: Ninetales
|-supereffective|p2a: Ninetales
|-damage|p2a: Ninetales|0 fnt
|faint|p2a: Ninetales
|
|-weather|Snowscape|[upkeep]
|upkeep
|
|t:|1760762769
|switch|p2a: Gliscor|Gliscor, M|100/100
|turn|9
|
|t:|1760762773
|move|p1a: Dragonite|Dragon Dance|p1a: Dragonite
|-boost|p1a: Dragonite|atk|1
|-boost|p1a: Dragonite|spe|1
|move|p2a: Gliscor|Agility|p2a: Gliscor
|-boost|p2a: Gliscor|spe|2
|
|-weather|Snowscape|[upkeep]
|-status|p2a: Gliscor|tox|[from] item: Toxic Orb
|upkeep
|turn|10
|
|t:|1760762780
|move|p2a: Gliscor|Facade|p1a: Dragonite
|-damage|p1a: Dragonite|81/100
|move|p1a: Dragonite|Scale Shot|p2a: Gliscor
|-damage|p2a: Gliscor|75/100 tox
|-damage|p2a: Gliscor|52/100 tox
|-damage|p2a: Gliscor|28/100 tox
|-damage|p2a: Gliscor|7/100 tox
|-damage|p2a: Gliscor|0 fnt
|faint|p2a: Gliscor
|-hitcount|p2: Gliscor|5
|-unboost|p1a: Dragonite|def|1
|-boost|p1a: Dragonite|spe|1
|
|-weather|Snowscape|[upkeep]
|upkeep
|
|t:|1760762790
|switch|p2a: Hatterene|Hatterene, F|100/100
|turn|11
|
|t:|1760762795
|move|p1a: Dragonite|Fire Punch|p2a: Hatterene
|-damage|p2a: Hatterene|20/100
|move|p2a: Hatterene|Psyshock|p1a: Dragonite
|-damage|p1a: Dragonite|14/100
|
|-weather|none
|-heal|p2a: Hatterene|26/100|[from] item: Leftovers
|upkeep
|turn|12
|
|t:|1760762799
|move|p1a: Dragonite|Fire Punch|p2a: Hatterene
|-damage|p2a: Hatterene|0 fnt
|faint|p2a: Hatterene
|
|upkeep
|
|t:|1760762801
|switch|p2a: Ceruledge|Ceruledge, M|100/100
|turn|13
|
|t:|1760762810
|switch|p1a: Great Tusk|Great Tusk|65/100
|move|p2a: Ceruledge|Shadow Sneak|p1a: Great Tusk
|-damage|p1a: Great Tusk|52/100
|
|upkeep
|turn|14
|
|t:|1760762817
|-terastallize|p2a: Ceruledge|Bug
|move|p2a: Ceruledge|Bulk Up|p2a: Ceruledge
|-boost|p2a: Ceruledge|atk|1
|-boost|p2a: Ceruledge|def|1
|move|p1a: Great Tusk|Roar|p2a: Ceruledge
|drag|p2a: Kommo-o|Kommo-o, F|100/100
|
|upkeep
|turn|15
|
|t:|1760762824
|move|p2a: Kommo-o|Boomburst|p1a: Great Tusk
|-damage|p1a: Great Tusk|0 fnt
|faint|p1a: Great Tusk
|-end|p1a: Great Tusk|Protosynthesis|[silent]
|-enditem|p2a: Kommo-o|Throat Spray
|-boost|p2a: Kommo-o|spa|1|[from] item: Throat Spray
|
|upkeep
|
|t:|1760762837
|switch|p1a: Ceruledge|Ceruledge, M|100/100
|turn|16
|
|t:|1760762846
|switch|p2a: Ceruledge|Ceruledge, M, tera:Bug|100/100
|move|p1a: Ceruledge|Swords Dance|p1a: Ceruledge
|-boost|p1a: Ceruledge|atk|2
|
|upkeep
|turn|17
|
|t:|1760762852
|move|p1a: Ceruledge|Bitter Blade|p2a: Ceruledge
|-start|p2a: Ceruledge|ability: Flash Fire
|move|p2a: Ceruledge|Bulk Up|p2a: Ceruledge
|-boost|p2a: Ceruledge|atk|1
|-boost|p2a: Ceruledge|def|1
|
|upkeep
|turn|18
|
|t:|1760762864
|switch|p1a: Dragonite|Dragonite, F, tera:Fire|14/100
|move|p2a: Ceruledge|Bulk Up|p2a: Ceruledge
|-boost|p2a: Ceruledge|atk|1
|-boost|p2a: Ceruledge|def|1
|
|upkeep
|turn|19
|j| wgw2333
|
|t:|1760762870
|move|p1a: Dragonite|Encore|p2a: Ceruledge
|-start|p2a: Ceruledge|Encore
|move|p2a: Ceruledge|Bulk Up|p2a: Ceruledge
|-boost|p2a: Ceruledge|atk|1
|-boost|p2a: Ceruledge|def|1
|
|upkeep
|turn|20
|
|t:|1760762874
|move|p1a: Dragonite|Dragon Dance|p1a: Dragonite
|-boost|p1a: Dragonite|atk|1
|-boost|p1a: Dragonite|spe|1
|move|p2a: Ceruledge|Bulk Up|p2a: Ceruledge
|-boost|p2a: Ceruledge|atk|1
|-boost|p2a: Ceruledge|def|1
|
|upkeep
|turn|21
|
|t:|1760762876
|move|p1a: Dragonite|Dragon Dance|p1a: Dragonite
|-boost|p1a: Dragonite|atk|1
|-boost|p1a: Dragonite|spe|1
|move|p2a: Ceruledge|Bulk Up|p2a: Ceruledge
|-boost|p2a: Ceruledge|atk|1
|-boost|p2a: Ceruledge|def|1
|
|-end|p2a: Ceruledge|Encore
|upkeep
|turn|22
|
|t:|1760762878
|move|p2a: Ceruledge|Shadow Sneak|p1a: Dragonite
|-damage|p1a: Dragonite|0 fnt
|faint|p1a: Dragonite
|
|upkeep
|
|t:|1760762881
|switch|p1a: Ogerpon|Ogerpon-Cornerstone, F|49/100
|turn|23
|
|t:|1760762884
|move|p2a: Ceruledge|Shadow Sneak|p1a: Ogerpon
|-damage|p1a: Ogerpon|0 fnt
|faint|p1a: Ogerpon
|
|upkeep
|-message|phantasmiccat forfeited.
|
|win|Darkarrow
|raw|phantasmiccat's rating: 1664 &rarr; <strong>1644</strong><br />(-20 for losing)
|raw|Darkarrow's rating: 1667 &rarr; <strong>1687</strong><br />(+20 for winning)
|l|☆phantasmiccat
|player|p1|
|l|☆Darkarrow
|player|p2|
|l| wgw2333
