|j|☆chenke
|j|☆AminitraboTTT
|t:|1760779651
|gametype|singles
|player|p1|chenke|clerk|
|player|p2|AminitraboTTT|supernerd|
|gen|9
|tier|[Gen 9] OU
|rule|HP Percentage Mod: HP is shown in percentages
|rule|Endless Battle Clause: Forcing endless battles is banned
|rule|Species Clause: Limit one of each Pokémon
|rule|OHKO Clause: OHKO moves are banned
|rule|Evasion Items Clause: Evasion items are banned
|rule|Evasion Moves Clause: Evasion moves are banned
|rule|Evasion Abilities Clause: Evasion abilities are banned
|rule|Sleep Moves Clause: Sleep-inducing moves are banned
|clearpoke
|poke|p1|Skeledirge, M|
|poke|p2|Gliscor, M|
|poke|p2|Alomomola, F|
|poke|p2|Gholdengo|
|poke|p2|Hoopa-Unbound|
|poke|p2|Cinderace, M|
|poke|p2|Zamazenta-*|
|teampreview
|c|☆AminitraboTTT|Hola, soy AminitraboTTT, el bot de la sala Español. gl hf
|inactive|Battle timer is ON: inactive players will automatically lose when time's up. (requested by AminitraboTTT)
|
|t:|1760779653
|teamsize|p1|1
|teamsize|p2|6
|start
|switch|p1a: Skeledirge|Skeledirge, M|100/100
|switch|p2a: Zamazenta|Zamazenta|100/100
|-ability|p2a: Zamazenta|Dauntless Shield|boost
|-boost|p2a: Zamazenta|def|1
|turn|1
|
|t:|1760779657
|switch|p2a: Cinderace|Cinderace, M|100/100
|move|p1a: Skeledirge|Will-O-Wisp|p2a: Cinderace
|-immune|p2a: Cinderace
|
|upkeep
|turn|2
|
|t:|1760779660
|move|p2a: Cinderace|Sucker Punch|p1a: Skeledirge
|-start|p2a: Cinderace|typechange|Dark|[from] ability: Libero
|-supereffective|p1a: Skeledirge
|-damage|p1a: Skeledirge|60/100
|move|p1a: Skeledirge|Earth Power|p2a: Cinderace
|-damage|p2a: Cinderace|68/100
|
|upkeep
|turn|3
|
|t:|1760779665
|-terastallize|p2a: Cinderace|Fire
|move|p2a: Cinderace|Sucker Punch||[still]
|-fail|p2a: Cinderace
|move|p1a: Skeledirge|Slack Off|p1a: Skeledirge
|-heal|p1a: Skeledirge|100/100
|
|upkeep
|turn|4
|
|t:|1760779670
|move|p2a: Cinderace|Pyro Ball|p1a: Skeledirge
|-resisted|p1a: Skeledirge
|-damage|p1a: Skeledirge|82/100
|move|p1a: Skeledirge|Earth Power|p2a: Cinderace
|-supereffective|p2a: Cinderace
|-damage|p2a: Cinderace|5/100
|
|upkeep
|turn|5
|
|t:|1760779674
|move|p2a: Cinderace|Pyro Ball|p1a: Skeledirge
|-resisted|p1a: Skeledirge
|-damage|p1a: Skeledirge|64/100
|move|p1a: Skeledirge|Earth Power|p2a: Cinderace
|-supereffective|p2a: Cinderace
|-damage|p2a: Cinderace|0 fnt
|faint|p2a: Cinderace
|
|upkeep
|
|t:|1760779674
|switch|p2a: Alomomola|Alomomola, F|100/100
|turn|6
|
|t:|1760779679
|move|p1a: Skeledirge|Torch Song|p2a: Alomomola
|-resisted|p2a: Alomomola
|-damage|p2a: Alomomola|81/100
|-boost|p1a: Skeledirge|spa|1
|move|p2a: Alomomola|Flip Turn|p1a: Skeledirge
|-supereffective|p1a: Skeledirge
|-damage|p1a: Skeledirge|45/100
|
|t:|1760779679
|switch|p2a: Hoopa|Hoopa-Unbound|100/100|[from] Flip Turn
|
|upkeep
|turn|7
|
|t:|1760779685
|-terastallize|p1a: Skeledirge|Dark
|move|p2a: Hoopa|Knock Off|p1a: Skeledirge
|-resisted|p1a: Skeledirge
|-damage|p1a: Skeledirge|29/100
|-enditem|p1a: Skeledirge|Heavy-Duty Boots|[from] move: Knock Off|[of] p2a: Hoopa
|move|p1a: Skeledirge|Slack Off|p1a: Skeledirge
|-heal|p1a: Skeledirge|79/100
|
|upkeep
|turn|8
|
|t:|1760779687
|move|p2a: Hoopa|Gunk Shot|p1a: Skeledirge
|-damage|p1a: Skeledirge|54/100
|move|p1a: Skeledirge|Will-O-Wisp|p2a: Hoopa
|-status|p2a: Hoopa|brn
|
|-damage|p2a: Hoopa|94/100 brn|[from] brn
|upkeep
|turn|9
|
|t:|1760779690
|move|p2a: Hoopa|Thunderbolt|p1a: Skeledirge
|-damage|p1a: Skeledirge|17/100
|move|p1a: Skeledirge|Slack Off|p1a: Skeledirge
|-heal|p1a: Skeledirge|67/100
|
|-damage|p2a: Hoopa|88/100 brn|[from] brn
|upkeep
|turn|10
|
|t:|1760779693
|switch|p2a: Zamazenta|Zamazenta|100/100
|move|p1a: Skeledirge|Slack Off|p1a: Skeledirge
|-heal|p1a: Skeledirge|100/100
|
|upkeep
|turn|11
|
|t:|1760779695
|move|p2a: Zamazenta|Iron Defense|p2a: Zamazenta
|-boost|p2a: Zamazenta|def|2
|move|p1a: Skeledirge|Will-O-Wisp|p2a: Zamazenta
|-status|p2a: Zamazenta|brn
|
|-damage|p2a: Zamazenta|95/100 brn|[from] brn
|upkeep
|turn|12
|
|t:|1760779698
|move|p2a: Zamazenta|Iron Defense|p2a: Zamazenta
|-boost|p2a: Zamazenta|def|2
|move|p1a: Skeledirge|Torch Song|p2a: Zamazenta
|-damage|p2a: Zamazenta|57/100 brn
|-boost|p1a: Skeledirge|spa|1
|
|-heal|p2a: Zamazenta|63/100 brn|[from] item: Leftovers
|-damage|p2a: Zamazenta|57/100 brn|[from] brn
|upkeep
|turn|13
|
|t:|1760779700
|move|p2a: Zamazenta|Body Press|p1a: Skeledirge
|-supereffective|p1a: Skeledirge
|-crit|p1a: Skeledirge
|-damage|p1a: Skeledirge|65/100
|move|p1a: Skeledirge|Torch Song|p2a: Zamazenta
|-damage|p2a: Zamazenta|2/100 brn
|-boost|p1a: Skeledirge|spa|1
|
|-heal|p2a: Zamazenta|8/100 brn|[from] item: Leftovers
|-damage|p2a: Zamazenta|2/100 brn|[from] brn
|upkeep
|turn|14
|
|t:|1760779705
|move|p2a: Zamazenta|Body Press|p1a: Skeledirge
|-supereffective|p1a: Skeledirge
|-damage|p1a: Skeledirge|41/100
|move|p1a: Skeledirge|Slack Off|p1a: Skeledirge
|-heal|p1a: Skeledirge|91/100
|
|-heal|p2a: Zamazenta|8/100 brn|[from] item: Leftovers
|-damage|p2a: Zamazenta|2/100 brn|[from] brn
|upkeep
|turn|15
|
|t:|1760779711
|move|p2a: Zamazenta|Body Press|p1a: Skeledirge
|-supereffective|p1a: Skeledirge
|-damage|p1a: Skeledirge|68/100
|move|p1a: Skeledirge|Torch Song|p2a: Zamazenta
|-damage|p2a: Zamazenta|0 fnt
|-boost|p1a: Skeledirge|spa|1
|faint|p2a: Zamazenta
|
|upkeep
|
|t:|1760779711
|switch|p2a: Hoopa|Hoopa-Unbound|88/100 brn
|turn|16
|
|t:|1760779715
|move|p2a: Hoopa|Gunk Shot|p1a: Skeledirge|[miss]
|-miss|p2a: Hoopa|p1a: Skeledirge
|move|p1a: Skeledirge|Torch Song|p2a: Hoopa
|-damage|p2a: Hoopa|40/100 brn
|-boost|p1a: Skeledirge|spa|1
|
|-damage|p2a: Hoopa|34/100 brn|[from] brn
|upkeep
|turn|17
|
|t:|1760779718
|move|p2a: Hoopa|Thunderbolt|p1a: Skeledirge
|-damage|p1a: Skeledirge|29/100
|move|p1a: Skeledirge|Torch Song|p2a: Hoopa
|-damage|p2a: Hoopa|0 fnt
|-boost|p1a: Skeledirge|spa|1
|faint|p2a: Hoopa
|
|upkeep
|
|t:|1760779718
|switch|p2a: Gliscor|Gliscor, M|100/100
|turn|18
|
|t:|1760779721
|move|p2a: Gliscor|Earthquake|p1a: Skeledirge
|-damage|p1a: Skeledirge|9/100
|move|p1a: Skeledirge|Slack Off|p1a: Skeledirge
|-heal|p1a: Skeledirge|59/100
|
|-status|p2a: Gliscor|tox|[from] item: Toxic Orb
|upkeep
|turn|19
|
|t:|1760779727
|move|p2a: Gliscor|Facade|p1a: Skeledirge
|-damage|p1a: Skeledirge|40/100
|move|p1a: Skeledirge|Torch Song|p2a: Gliscor
|-damage|p2a: Gliscor|8/100 tox
|
|-heal|p2a: Gliscor|20/100 tox|[from] ability: Poison Heal
|upkeep
|turn|20
|
|t:|1760779731
|move|p2a: Gliscor|Protect|p2a: Gliscor
|-singleturn|p2a: Gliscor|Protect
|move|p1a: Skeledirge|Slack Off|p1a: Skeledirge
|-heal|p1a: Skeledirge|90/100
|
|-heal|p2a: Gliscor|33/100 tox|[from] ability: Poison Heal
|upkeep
|turn|21
|j| quqeee熊孩子大元帅
|
|t:|1760779734
|move|p2a: Gliscor|Facade|p1a: Skeledirge
|-damage|p1a: Skeledirge|73/100
|move|p1a: Skeledirge|Torch Song|p2a: Gliscor
|-damage|p2a: Gliscor|0 fnt
|faint|p2a: Gliscor
|
|upkeep
|
|t:|1760779734
|switch|p2a: Alomomola|Alomomola, F|100/100
|turn|22
|
|t:|1760779740
|move|p1a: Skeledirge|Earth Power|p2a: Alomomola
|-damage|p2a: Alomomola|0 fnt
|faint|p2a: Alomomola
|
|upkeep
|
|t:|1760779740
|switch|p2a: Gholdengo|Gholdengo|100/100
|turn|23
|
|t:|1760779744
|move|p2a: Gholdengo|Make It Rain|p1a: Skeledirge
|-damage|p1a: Skeledirge|2/100
|-unboost|p2a: Gholdengo|spa|1
|move|p1a: Skeledirge|Torch Song|p2a: Gholdengo
|-supereffective|p2a: Gholdengo
|-damage|p2a: Gholdengo|0 fnt
|faint|p2a: Gholdengo
|
|win|chenke
|c|☆AminitraboTTT|hax c:
|l|☆AminitraboTTT
|player|p2|
