|j|☆Clair_Prime
|j|☆lzw00
|t:|1760847274
|gametype|singles
|player|p1|Clair_Prime|miku-ghost|1207
|player|p2|lzw00|cynthia|1206
|gen|9
|tier|[Gen 9] OU
|rated|
|rule|HP Percentage Mod: HP is shown in percentages
|rule|Endless Battle Clause: Forcing endless battles is banned
|rule|Species Clause: Limit one of each Pokémon
|rule|OHKO Clause: OHKO moves are banned
|rule|Evasion Items Clause: Evasion items are banned
|rule|Evasion Moves Clause: Evasion moves are banned
|rule|Evasion Abilities Clause: Evasion abilities are banned
|rule|Sleep Moves Clause: Sleep-inducing moves are banned
|clearpoke
|poke|p1|Gliscor, M|
|poke|p1|Walking Wake|
|poke|p1|Slowking-Galar, M|
|poke|p1|Zamazenta-*|
|poke|p1|Ting-Lu|
|poke|p1|Kingambit, M|
|poke|p2|Regidrago|
|poke|p2|Ceruledge, M|
|poke|p2|Ting-Lu|
|poke|p2|Alomomola, F|
|poke|p2|Zapdos-Galar|
|poke|p2|Iron Crown|
|teampreview
|
|t:|1760847287
|teamsize|p1|6
|teamsize|p2|6
|start
|switch|p1a: Walking Wake|Walking Wake|100/100
|switch|p2a: Zapdos|Zapdos-Galar, shiny|100/100
|turn|1
|inactive|Battle timer is ON: inactive players will automatically lose when time's up. (requested by Clair_Prime)
|
|t:|1760847339
|move|p2a: Zapdos|Brave Bird|p1a: Walking Wake
|-damage|p1a: Walking Wake|31/100
|-damage|p2a: Zapdos|76/100|[from] Recoil
|move|p1a: Walking Wake|Scald|p2a: Zapdos
|-damage|p2a: Zapdos|26/100
|-status|p2a: Zapdos|brn
|
|-damage|p2a: Zapdos|20/100 brn|[from] brn
|upkeep
|turn|2
|
|t:|1760847361
|-end|p1a: Walking Wake|Protosynthesis|[silent]
|switch|p1a: Gliscor|Gliscor, M|100/100
|move|p2a: Zapdos|Brave Bird|p1a: Gliscor
|-damage|p1a: Gliscor|77/100
|-damage|p2a: Zapdos|11/100 brn|[from] Recoil
|
|-damage|p2a: Zapdos|5/100 brn|[from] brn
|-status|p1a: Gliscor|tox|[from] item: Toxic Orb
|upkeep
|turn|3
|
|t:|1760847379
|switch|p2a: Ceruledge|Ceruledge, M|100/100
|move|p1a: Gliscor|Protect||[still]
|-fail|p1a: Gliscor
|
|-heal|p1a: Gliscor|89/100 tox|[from] ability: Poison Heal
|upkeep
|turn|4
|
|t:|1760847384
|move|p2a: Ceruledge|Swords Dance|p2a: Ceruledge
|-boost|p2a: Ceruledge|atk|2
|move|p1a: Gliscor|Earthquake|p2a: Ceruledge
|-supereffective|p2a: Ceruledge
|-enditem|p2a: Ceruledge|Focus Sash
|-damage|p2a: Ceruledge|1/100
|-ability|p2a: Ceruledge|Weak Armor|boost
|-unboost|p2a: Ceruledge|def|1
|-boost|p2a: Ceruledge|spe|2
|
|-heal|p1a: Gliscor|100/100 tox|[from] ability: Poison Heal
|upkeep
|turn|5
|
|t:|1760847392
|-terastallize|p2a: Ceruledge|Ghost
|move|p1a: Gliscor|Protect|p1a: Gliscor
|-singleturn|p1a: Gliscor|Protect
|move|p2a: Ceruledge|Poltergeist|p1a: Gliscor
|-activate|p1a: Gliscor|move: Protect
|
|upkeep
|turn|6
|
|t:|1760847402
|switch|p1a: Walking Wake|Walking Wake|31/100
|move|p2a: Ceruledge|Poltergeist|p1a: Walking Wake|[miss]
|-miss|p2a: Ceruledge|p1a: Walking Wake
|
|upkeep
|turn|7
|
|t:|1760847426
|move|p2a: Ceruledge|Poltergeist|p1a: Walking Wake
|-activate|p1a: Walking Wake|move: Poltergeist|Heavy-Duty Boots
|-damage|p1a: Walking Wake|0 fnt
|faint|p1a: Walking Wake
|-end|p1a: Walking Wake|Protosynthesis|[silent]
|
|upkeep
|
|t:|1760847434
|switch|p1a: Zamazenta|Zamazenta|100/100
|-ability|p1a: Zamazenta|Dauntless Shield|boost
|-boost|p1a: Zamazenta|def|1
|turn|8
|
|t:|1760847438
|move|p2a: Ceruledge|Poltergeist|p1a: Zamazenta|[miss]
|-miss|p2a: Ceruledge|p1a: Zamazenta
|move|p1a: Zamazenta|Crunch|p2a: Ceruledge
|-supereffective|p2a: Ceruledge
|-damage|p2a: Ceruledge|0 fnt
|faint|p2a: Ceruledge
|
|upkeep
|
|t:|1760847447
|switch|p2a: Zapdos|Zapdos-Galar, shiny|5/100 brn
|turn|9
|
|t:|1760847452
|move|p2a: Zapdos|Brave Bird|p1a: Zamazenta
|-supereffective|p1a: Zamazenta
|-damage|p1a: Zamazenta|63/100
|-damage|p2a: Zapdos|0 fnt|[from] Recoil
|faint|p2a: Zapdos
|move|p1a: Zamazenta|Crunch|p2: Zapdos|[notarget]
|-fail|p1a: Zamazenta
|
|upkeep
|
|t:|1760847465
|switch|p2a: Iron Crown|Iron Crown|100/100
|turn|10
|
|t:|1760847471
|move|p1a: Zamazenta|Crunch|p2a: Iron Crown
|-supereffective|p2a: Iron Crown
|-damage|p2a: Iron Crown|46/100
|-unboost|p2a: Iron Crown|def|1
|move|p2a: Iron Crown|Psychic|p1a: Zamazenta
|-supereffective|p1a: Zamazenta
|-damage|p1a: Zamazenta|0 fnt
|faint|p1a: Zamazenta
|
|upkeep
|
|t:|1760847476
|switch|p1a: Gliscor|Gliscor, M|100/100 tox
|turn|11
|
|t:|1760847488
|-end|p2a: Iron Crown|Quark Drive|[silent]
|switch|p2a: Ting-Lu|Ting-Lu|100/100
|-ability|p2a: Ting-Lu|Vessel of Ruin
|move|p1a: Gliscor|Swords Dance|p1a: Gliscor
|-boost|p1a: Gliscor|atk|2
|
|upkeep
|turn|12
|inactive|Clair_Prime has 120 seconds left.
|
|t:|1760847524
|move|p1a: Gliscor|Ice Fang|p2a: Ting-Lu
|-supereffective|p2a: Ting-Lu
|-damage|p2a: Ting-Lu|61/100
|move|p2a: Ting-Lu|Whirlwind|p1a: Gliscor
|drag|p1a: Ting-Lu|Ting-Lu|100/100
|-ability|p1a: Ting-Lu|Vessel of Ruin
|
|-heal|p2a: Ting-Lu|67/100|[from] item: Leftovers
|upkeep
|turn|13
|
|t:|1760847537
|move|p1a: Ting-Lu|Stealth Rock|p2a: Ting-Lu
|-sidestart|p2: lzw00|move: Stealth Rock
|move|p2a: Ting-Lu|Spikes|p1a: Ting-Lu
|-sidestart|p1: Clair_Prime|Spikes
|
|-heal|p2a: Ting-Lu|74/100|[from] item: Leftovers
|upkeep
|turn|14
|inactive|Clair_Prime has 120 seconds left.
|inactive|Clair_Prime has 90 seconds left.
|
|t:|1760847595
|move|p1a: Ting-Lu|Spikes|p2a: Ting-Lu
|-sidestart|p2: lzw00|Spikes
|move|p2a: Ting-Lu|Stealth Rock|p1a: Ting-Lu
|-sidestart|p1: Clair_Prime|move: Stealth Rock
|
|-heal|p2a: Ting-Lu|80/100|[from] item: Leftovers
|upkeep
|turn|15
|
|t:|1760847615
|move|p1a: Ting-Lu|Spikes|p2a: Ting-Lu
|-sidestart|p2: lzw00|Spikes
|move|p2a: Ting-Lu|Spikes|p1a: Ting-Lu
|-sidestart|p1: Clair_Prime|Spikes
|
|-heal|p2a: Ting-Lu|86/100|[from] item: Leftovers
|upkeep
|turn|16
|inactive|lzw00 has 120 seconds left.
|
|t:|1760847646
|move|p1a: Ting-Lu|Spikes|p2a: Ting-Lu
|-sidestart|p2: lzw00|Spikes
|move|p2a: Ting-Lu|Spikes|p1a: Ting-Lu
|-sidestart|p1: Clair_Prime|Spikes
|
|-heal|p2a: Ting-Lu|92/100|[from] item: Leftovers
|upkeep
|turn|17
|inactive|Clair_Prime has 90 seconds left.
|
|t:|1760847651
|move|p1a: Ting-Lu|Ruination|p2a: Ting-Lu
|-damage|p2a: Ting-Lu|46/100
|move|p2a: Ting-Lu|Whirlwind|p1a: Ting-Lu
|drag|p1a: Kingambit|Kingambit, M|100/100
|-damage|p1a: Kingambit|76/100|[from] Spikes
|-damage|p1a: Kingambit|69/100|[from] Stealth Rock
|-activate|p1a: Kingambit|ability: Supreme Overlord
|-start|p1a: Kingambit|fallen2|[silent]
|
|-heal|p2a: Ting-Lu|53/100|[from] item: Leftovers
|upkeep
|turn|18
|inactive|Clair_Prime has 90 seconds left.
|
|t:|1760847686
|move|p1a: Kingambit|Swords Dance|p1a: Kingambit
|-boost|p1a: Kingambit|atk|2
|move|p2a: Ting-Lu|Whirlwind|p1a: Kingambit
|-end|p1a: Kingambit|fallen2|[silent]
|drag|p1a: Gliscor|Gliscor, M|100/100 tox
|-damage|p1a: Gliscor|88/100 tox|[from] Stealth Rock
|
|-heal|p2a: Ting-Lu|59/100|[from] item: Leftovers
|-heal|p1a: Gliscor|100/100 tox|[from] ability: Poison Heal
|upkeep
|turn|19
|
|t:|1760847699
|move|p1a: Gliscor|Ice Fang|p2a: Ting-Lu
|-supereffective|p2a: Ting-Lu
|-damage|p2a: Ting-Lu|41/100
|move|p2a: Ting-Lu|Whirlwind|p1a: Gliscor
|drag|p1a: Kingambit|Kingambit, M|69/100
|-damage|p1a: Kingambit|44/100|[from] Spikes
|-damage|p1a: Kingambit|38/100|[from] Stealth Rock
|-activate|p1a: Kingambit|ability: Supreme Overlord
|-start|p1a: Kingambit|fallen2|[silent]
|
|-heal|p2a: Ting-Lu|47/100|[from] item: Leftovers
|upkeep
|turn|20
|
|t:|1760847712
|move|p1a: Kingambit|Iron Head|p2a: Ting-Lu
|-damage|p2a: Ting-Lu|17/100
|cant|p2a: Ting-Lu|flinch
|
|-heal|p2a: Ting-Lu|24/100|[from] item: Leftovers
|upkeep
|turn|21
|inactive|Clair_Prime has 90 seconds left.
|
|t:|1760847718
|move|p1a: Kingambit|Kowtow Cleave|p2a: Ting-Lu
|-resisted|p2a: Ting-Lu
|-damage|p2a: Ting-Lu|2/100
|move|p2a: Ting-Lu|Whirlwind|p1a: Kingambit
|-end|p1a: Kingambit|fallen2|[silent]
|drag|p1a: Ting-Lu|Ting-Lu|100/100
|-damage|p1a: Ting-Lu|76/100|[from] Spikes
|-damage|p1a: Ting-Lu|69/100|[from] Stealth Rock
|-ability|p1a: Ting-Lu|Vessel of Ruin
|
|-heal|p1a: Ting-Lu|76/100|[from] item: Leftovers
|-heal|p2a: Ting-Lu|9/100|[from] item: Leftovers
|upkeep
|turn|22
|
|t:|1760847727
|move|p1a: Ting-Lu|Earthquake|p2a: Ting-Lu
|-damage|p2a: Ting-Lu|0 fnt
|faint|p2a: Ting-Lu
|
|-heal|p1a: Ting-Lu|82/100|[from] item: Leftovers
|upkeep
|
|t:|1760847731
|switch|p2a: Regidrago|Regidrago|100/100
|-damage|p2a: Regidrago|88/100|[from] Stealth Rock
|-damage|p2a: Regidrago|63/100|[from] Spikes
|turn|23
|
|t:|1760847736
|move|p2a: Regidrago|Draco Meteor|p1a: Ting-Lu
|-damage|p1a: Ting-Lu|40/100
|-unboost|p2a: Regidrago|spa|2
|move|p1a: Ting-Lu|Ruination|p2a: Regidrago
|-damage|p2a: Regidrago|32/100
|
|-heal|p1a: Ting-Lu|46/100|[from] item: Leftovers
|upkeep
|turn|24
|-message|lzw00 forfeited.
|
|win|Clair_Prime
|raw|Clair_Prime's rating: 1207 &rarr; <strong>1232</strong><br />(+25 for winning)
|raw|lzw00's rating: 1206 &rarr; <strong>1181</strong><br />(-25 for losing)
|l|☆lzw00
|player|p2|
