|j|☆Rj yoip
|j|☆SpongeGar & Patar
|t:|1760877706
|gametype|singles
|player|p1|Rj yoip|caitlin-masters|1723
|player|p2|SpongeGar & Patar|101|1853
|gen|9
|tier|[Gen 9] OU
|rated|
|rule|HP Percentage Mod: HP is shown in percentages
|rule|Endless Battle Clause: Forcing endless battles is banned
|rule|Species Clause: Limit one of each Pokémon
|rule|OHKO Clause: OHKO moves are banned
|rule|Evasion Items Clause: Evasion items are banned
|rule|Evasion Moves Clause: Evasion moves are banned
|rule|Evasion Abilities Clause: Evasion abilities are banned
|rule|Sleep Moves Clause: Sleep-inducing moves are banned
|clearpoke
|poke|p1|Iron Treads|
|poke|p1|Landorus-Therian, M|
|poke|p1|Iron Valiant|
|poke|p1|Kingambit, F|
|poke|p1|Zamazenta-*|
|poke|p1|Primarina, M|
|poke|p2|Kyurem|
|poke|p2|Corviknight, M|
|poke|p2|Ting-Lu|
|poke|p2|Dondozo, F|
|poke|p2|Slowking-Galar, L99, F|
|poke|p2|Cinderace, M|
|teampreview
|inactive|Battle timer is ON: inactive players will automatically lose when time's up. (requested by Rj yoip)
|j| No_Safe_Prayer
|j| 0SiegeWarfare
|inactive|SpongeGar & Patar has 120 seconds left.
|
|t:|1760877756
|teamsize|p1|6
|teamsize|p2|6
|start
|switch|p1a: Iron Valiant|Iron Valiant|100/100
|switch|p2a: Slowking|Slowking-Galar, L99, F|100/100
|turn|1
|inactive|SpongeGar & Patar also wants the timer to be on.
|inactive|SpongeGar & Patar has 120 seconds left.
|j|+cz
|l|+cz
|
|t:|1760877805
|-end|p1a: Iron Valiant|Quark Drive|[silent]
|switch|p1a: Kingambit|Kingambit, F|100/100
|move|p2a: Slowking|Future Sight|p1a: Kingambit
|-start|p2a: Slowking|move: Future Sight
|
|upkeep
|turn|2
|inactive|SpongeGar & Patar has 90 seconds left.
|
|t:|1760877853
|-end|p1a: Kingambit|fallenundefined|[silent]
|switch|p1a: Landorus|Landorus-Therian, M|100/100
|-ability|p1a: Landorus|Intimidate|boost
|-unboost|p2a: Slowking|atk|1
|switch|p2a: Dondozo|Dondozo, F|100/100
|
|upkeep
|turn|3
|c| 0SiegeWarfare|level 99?
|inactive|SpongeGar & Patar has 60 seconds left.
|c|☆Rj yoip|It’s for the slower chilly reception against other slowking
|
|t:|1760877901
|move|p1a: Landorus|Stealth Rock|p2a: Dondozo
|-sidestart|p2: SpongeGar & Patar|move: Stealth Rock
|move|p2a: Dondozo|Body Press|p1a: Landorus
|-resisted|p1a: Landorus
|-damage|p1a: Landorus|91/100
|-damage|p2a: Dondozo|84/100|[from] item: Rocky Helmet|[of] p1a: Landorus
|
|-end|p1a: Landorus|move: Future Sight
|-damage|p1a: Landorus|45/100
|-heal|p2a: Dondozo|90/100|[from] item: Leftovers
|upkeep
|turn|4
|
|t:|1760877911
|move|p1a: Landorus|Taunt|p2a: Dondozo
|-start|p2a: Dondozo|move: Taunt
|move|p2a: Dondozo|Waterfall|p1a: Landorus
|-supereffective|p1a: Landorus
|-damage|p1a: Landorus|9/100
|-damage|p2a: Dondozo|74/100|[from] item: Rocky Helmet|[of] p1a: Landorus
|
|-heal|p2a: Dondozo|80/100|[from] item: Leftovers
|upkeep
|turn|5
|
|t:|1760877920
|switch|p2a: Corviknight|Corviknight, M|100/100
|-damage|p2a: Corviknight|88/100|[from] Stealth Rock
|-ability|p2a: Corviknight|Pressure
|move|p1a: Landorus|Earth Power|p2a: Corviknight
|-immune|p2a: Corviknight
|
|upkeep
|turn|6
|
|t:|1760877930
|move|p1a: Landorus|Taunt|p2a: Corviknight
|-start|p2a: Corviknight|move: Taunt
|cant|p2a: Corviknight|move: Taunt|Defog
|
|upkeep
|turn|7
|
|t:|1760877939
|move|p1a: Landorus|Earth Power|p2a: Corviknight
|-immune|p2a: Corviknight
|move|p2a: Corviknight|U-turn|p1a: Landorus
|-resisted|p1a: Landorus
|-damage|p1a: Landorus|4/100
|-damage|p2a: Corviknight|72/100|[from] item: Rocky Helmet|[of] p1a: Landorus
|j| paola bracho
|
|t:|1760877948
|switch|p2a: Cinderace|Cinderace, M|100/100|[from] U-turn
|
|upkeep
|turn|8
|j| bloodhound q50
|inactive|SpongeGar & Patar has 60 seconds left.
|
|t:|1760877957
|move|p2a: Cinderace|Court Change|p2a: Cinderace
|-swapsideconditions
|-activate|p2a: Cinderace|move: Court Change
|move|p1a: Landorus|Stealth Rock|p2a: Cinderace
|-sidestart|p2: SpongeGar & Patar|move: Stealth Rock
|
|upkeep
|turn|9
|
|t:|1760877967
|move|p2a: Cinderace|Pyro Ball|p1a: Landorus
|-damage|p1a: Landorus|0 fnt
|faint|p1a: Landorus
|
|upkeep
|c|☆Rj yoip|Idk man
|c|☆Rj yoip|I would have attacked
|
|t:|1760877974
|switch|p1a: Primarina|Primarina, M|100/100
|-damage|p1a: Primarina|88/100|[from] Stealth Rock
|turn|10
|j| Queijolol
|
|t:|1760877983
|move|p2a: Cinderace|U-turn|p1a: Primarina
|-resisted|p1a: Primarina
|-damage|p1a: Primarina|75/100
|
|t:|1760877993
|switch|p2a: Slowking|Slowking-Galar, L99, F|100/100|[from] U-turn
|move|p1a: Primarina|Surf|p2a: Slowking
|-damage|p2a: Slowking|70/100
|
|upkeep
|turn|11
|
|t:|1760878016
|move|p1a: Primarina|Surf|p2a: Slowking
|-damage|p2a: Slowking|39/100
|move|p2a: Slowking|Toxic|p1a: Primarina
|-status|p1a: Primarina|tox
|
|-damage|p1a: Primarina|68/100 tox|[from] psn
|upkeep
|turn|12
|
|t:|1760878026
|move|p1a: Primarina|Surf|p2a: Slowking
|-damage|p2a: Slowking|6/100
|-prepare|p2a: Slowking|Chilly Reception|[premajor]
|move|p2a: Slowking|Chilly Reception|p2a: Slowking
|-weather|Snowscape
|
|t:|1760878036
|switch|p2a: Kyurem|Kyurem|100/100|[from] Chilly Reception
|-damage|p2a: Kyurem|75/100|[from] Stealth Rock
|-ability|p2a: Kyurem|Pressure
|
|-weather|Snowscape|[upkeep]
|-heal|p2a: Kyurem|82/100|[from] item: Leftovers
|-damage|p1a: Primarina|56/100 tox|[from] psn
|upkeep
|turn|13
|
|t:|1760878045
|switch|p1a: Iron Valiant|Iron Valiant|100/100
|-damage|p1a: Iron Valiant|94/100|[from] Stealth Rock
|move|p2a: Kyurem|Substitute|p2a: Kyurem
|-start|p2a: Kyurem|Substitute
|-damage|p2a: Kyurem|57/100
|
|-weather|Snowscape|[upkeep]
|-heal|p2a: Kyurem|63/100|[from] item: Leftovers
|upkeep
|turn|14
|
|t:|1760878054
|move|p1a: Iron Valiant|Moonblast|p2a: Kyurem
|-supereffective|p2a: Kyurem
|-crit|p2a: Kyurem
|-end|p2a: Kyurem|Substitute
|move|p2a: Kyurem|Freeze-Dry|p1a: Iron Valiant
|-damage|p1a: Iron Valiant|24/100
|
|-weather|Snowscape|[upkeep]
|-heal|p2a: Kyurem|69/100|[from] item: Leftovers
|upkeep
|turn|15
|inactive|SpongeGar & Patar has 90 seconds left.
|
|t:|1760878064
|switch|p2a: Slowking|Slowking-Galar, L99, F|39/100
|move|p1a: Iron Valiant|Moonblast|p2a: Slowking
|-resisted|p2a: Slowking
|-damage|p2a: Slowking|27/100
|
|-weather|Snowscape|[upkeep]
|upkeep
|turn|16
|j| iamfrhaan007
|inactive|SpongeGar & Patar has 90 seconds left.
|l| iamfrhaan007
|inactive|SpongeGar & Patar has 60 seconds left.
|
|t:|1760878112
|move|p1a: Iron Valiant|Knock Off|p2a: Slowking
|-supereffective|p2a: Slowking
|-damage|p2a: Slowking|0 fnt
|-enditem|p2a: Slowking|Heavy-Duty Boots|[from] move: Knock Off|[of] p1a: Iron Valiant
|faint|p2a: Slowking
|
|-weather|none
|upkeep
|j| LT123VB 87
|l| LT123VB 87
|inactive|SpongeGar & Patar has 30 seconds left.
|l| paola bracho
|j| Disscratch
|inactive|SpongeGar & Patar has 20 seconds left.
|j| paola bracho
|l| paola bracho
|inactive|SpongeGar & Patar has 15 seconds left.
|l| bloodhound q50
|
|t:|1760878160
|switch|p2a: Cinderace|Cinderace, M|100/100
|turn|17
|inactive|SpongeGar & Patar has 25 seconds left this turn.
|inactive|SpongeGar & Patar has 20 seconds left.
|
|t:|1760878169
|-end|p1a: Iron Valiant|Quark Drive|[silent]
|switch|p1a: Iron Treads|Iron Treads|100/100
|-damage|p1a: Iron Treads|97/100|[from] Stealth Rock
|-enditem|p1a: Iron Treads|Booster Energy
|-activate|p1a: Iron Treads|ability: Quark Drive|[fromitem]
|-start|p1a: Iron Treads|quarkdrivespe
|move|p2a: Cinderace|Pyro Ball|p1a: Iron Treads
|-supereffective|p1a: Iron Treads
|-damage|p1a: Iron Treads|17/100
|
|upkeep
|turn|18
|inactive|SpongeGar & Patar has 30 seconds left this turn.
|
|t:|1760878179
|-end|p1a: Iron Treads|Quark Drive|[silent]
|switch|p1a: Iron Valiant|Iron Valiant|24/100
|-damage|p1a: Iron Valiant|18/100|[from] Stealth Rock
|switch|p2a: Corviknight|Corviknight, M|72/100
|-damage|p2a: Corviknight|59/100|[from] Stealth Rock
|-ability|p2a: Corviknight|Pressure
|
|upkeep
|turn|19
|inactive|SpongeGar & Patar has 30 seconds left.
|
|t:|1760878189
|move|p1a: Iron Valiant|Thunderbolt|p2a: Corviknight
|-supereffective|p2a: Corviknight
|-damage|p2a: Corviknight|0 fnt
|faint|p2a: Corviknight
|
|upkeep
|inactive|SpongeGar & Patar has 30 seconds left.
|
|t:|1760878198
|switch|p2a: Cinderace|Cinderace, M|100/100
|turn|20
|
|t:|1760878207
|-end|p1a: Iron Valiant|Quark Drive|[silent]
|switch|p1a: Iron Treads|Iron Treads|17/100
|-damage|p1a: Iron Treads|14/100|[from] Stealth Rock
|move|p2a: Cinderace|Pyro Ball|p1a: Iron Treads
|-supereffective|p1a: Iron Treads
|-damage|p1a: Iron Treads|0 fnt
|faint|p1a: Iron Treads
|-end|p1a: Iron Treads|Quark Drive|[silent]
|
|upkeep
|
|t:|1760878213
|switch|p1a: Zamazenta|Zamazenta|100/100
|-damage|p1a: Zamazenta|94/100|[from] Stealth Rock
|-ability|p1a: Zamazenta|Dauntless Shield|boost
|-boost|p1a: Zamazenta|def|1
|turn|21
|
|t:|1760878223
|-terastallize|p2a: Cinderace|Flying
|move|p1a: Zamazenta|Body Press|p2a: Cinderace
|-resisted|p2a: Cinderace
|-damage|p2a: Cinderace|71/100
|move|p2a: Cinderace|Will-O-Wisp|p1a: Zamazenta
|-status|p1a: Zamazenta|brn
|
|-heal|p1a: Zamazenta|100/100 brn|[from] item: Leftovers
|-damage|p1a: Zamazenta|94/100 brn|[from] brn
|upkeep
|turn|22
|
|t:|1760878233
|switch|p2a: Dondozo|Dondozo, F|80/100
|-damage|p2a: Dondozo|67/100|[from] Stealth Rock
|move|p1a: Zamazenta|Iron Defense|p1a: Zamazenta
|-boost|p1a: Zamazenta|def|2
|
|-heal|p1a: Zamazenta|100/100 brn|[from] item: Leftovers
|-heal|p2a: Dondozo|74/100|[from] item: Leftovers
|-damage|p1a: Zamazenta|94/100 brn|[from] brn
|upkeep
|turn|23
|
|t:|1760878242
|move|p2a: Dondozo|Waterfall|p1a: Zamazenta
|-damage|p1a: Zamazenta|74/100 brn
|move|p1a: Zamazenta|Roar|p2a: Dondozo
|drag|p2a: Ting-Lu|Ting-Lu|100/100
|-damage|p2a: Ting-Lu|94/100|[from] Stealth Rock
|-ability|p2a: Ting-Lu|Vessel of Ruin
|
|-heal|p1a: Zamazenta|80/100 brn|[from] item: Leftovers
|-heal|p2a: Ting-Lu|100/100|[from] item: Leftovers
|-damage|p1a: Zamazenta|74/100 brn|[from] brn
|upkeep
|turn|24
|inactive|SpongeGar & Patar has 60 seconds left.
|
|t:|1760878252
|switch|p2a: Dondozo|Dondozo, F|74/100
|-damage|p2a: Dondozo|61/100|[from] Stealth Rock
|move|p1a: Zamazenta|Body Press|p2a: Dondozo
|-damage|p2a: Dondozo|54/100
|
|-heal|p1a: Zamazenta|80/100 brn|[from] item: Leftovers
|-heal|p2a: Dondozo|61/100|[from] item: Leftovers
|-damage|p1a: Zamazenta|74/100 brn|[from] brn
|upkeep
|turn|25
|j| Dionysos
|l| Dionysos
|
|t:|1760878262
|move|p2a: Dondozo|Waterfall|p1a: Zamazenta
|-damage|p1a: Zamazenta|54/100 brn
|move|p1a: Zamazenta|Roar|p2a: Dondozo
|drag|p2a: Kyurem|Kyurem|69/100
|-damage|p2a: Kyurem|44/100|[from] Stealth Rock
|-ability|p2a: Kyurem|Pressure
|
|-heal|p1a: Zamazenta|60/100 brn|[from] item: Leftovers
|-heal|p2a: Kyurem|50/100|[from] item: Leftovers
|-damage|p1a: Zamazenta|54/100 brn|[from] brn
|upkeep
|turn|26
|
|t:|1760878272
|move|p2a: Kyurem|Protect|p2a: Kyurem
|-singleturn|p2a: Kyurem|Protect
|move|p1a: Zamazenta|Roar|p2a: Kyurem
|drag|p2a: Ting-Lu|Ting-Lu|100/100
|-damage|p2a: Ting-Lu|94/100|[from] Stealth Rock
|-ability|p2a: Ting-Lu|Vessel of Ruin
|
|-heal|p1a: Zamazenta|60/100 brn|[from] item: Leftovers
|-heal|p2a: Ting-Lu|100/100|[from] item: Leftovers
|-damage|p1a: Zamazenta|54/100 brn|[from] brn
|upkeep
|turn|27
|
|t:|1760878282
|switch|p2a: Dondozo|Dondozo, F|61/100
|-damage|p2a: Dondozo|48/100|[from] Stealth Rock
|move|p1a: Zamazenta|Body Press|p2a: Dondozo
|-damage|p2a: Dondozo|40/100
|
|-heal|p1a: Zamazenta|60/100 brn|[from] item: Leftovers
|-heal|p2a: Dondozo|46/100|[from] item: Leftovers
|-damage|p1a: Zamazenta|54/100 brn|[from] brn
|upkeep
|turn|28
|
|t:|1760878292
|move|p2a: Dondozo|Waterfall|p1a: Zamazenta
|-damage|p1a: Zamazenta|32/100 brn
|move|p1a: Zamazenta|Roar|p2a: Dondozo
|drag|p2a: Ting-Lu|Ting-Lu|100/100
|-damage|p2a: Ting-Lu|94/100|[from] Stealth Rock
|-ability|p2a: Ting-Lu|Vessel of Ruin
|
|-heal|p1a: Zamazenta|39/100 brn|[from] item: Leftovers
|-heal|p2a: Ting-Lu|100/100|[from] item: Leftovers
|-damage|p1a: Zamazenta|32/100 brn|[from] brn
|upkeep
|turn|29
|
|t:|1760878301
|switch|p2a: Dondozo|Dondozo, F|46/100
|-damage|p2a: Dondozo|34/100|[from] Stealth Rock
|move|p1a: Zamazenta|Roar|p2a: Dondozo
|drag|p2a: Cinderace|Cinderace, M, tera:Flying|71/100
|
|-heal|p1a: Zamazenta|39/100 brn|[from] item: Leftovers
|-damage|p1a: Zamazenta|32/100 brn|[from] brn
|upkeep
|turn|30
|inactive|SpongeGar & Patar has 90 seconds left.
|
|t:|1760878311
|move|p2a: Cinderace|Pyro Ball|p1a: Zamazenta
|-damage|p1a: Zamazenta|17/100 brn
|move|p1a: Zamazenta|Roar|p2a: Cinderace
|drag|p2a: Kyurem|Kyurem|50/100
|-damage|p2a: Kyurem|25/100|[from] Stealth Rock
|-ability|p2a: Kyurem|Pressure
|
|-heal|p1a: Zamazenta|23/100 brn|[from] item: Leftovers
|-heal|p2a: Kyurem|31/100|[from] item: Leftovers
|-damage|p1a: Zamazenta|17/100 brn|[from] brn
|upkeep
|turn|31
|
|t:|1760878321
|move|p2a: Kyurem|Protect|p2a: Kyurem
|-singleturn|p2a: Kyurem|Protect
|move|p1a: Zamazenta|Body Press|p2a: Kyurem
|-activate|p2a: Kyurem|move: Protect
|
|-heal|p1a: Zamazenta|23/100 brn|[from] item: Leftovers
|-heal|p2a: Kyurem|38/100|[from] item: Leftovers
|-damage|p1a: Zamazenta|17/100 brn|[from] brn
|upkeep
|turn|32
|
|t:|1760878330
|switch|p2a: Dondozo|Dondozo, F|34/100
|-damage|p2a: Dondozo|22/100|[from] Stealth Rock
|move|p1a: Zamazenta|Roar|p2a: Dondozo
|drag|p2a: Ting-Lu|Ting-Lu|100/100
|-damage|p2a: Ting-Lu|94/100|[from] Stealth Rock
|-ability|p2a: Ting-Lu|Vessel of Ruin
|
|-heal|p1a: Zamazenta|23/100 brn|[from] item: Leftovers
|-heal|p2a: Ting-Lu|100/100|[from] item: Leftovers
|-damage|p1a: Zamazenta|17/100 brn|[from] brn
|upkeep
|turn|33
|
|t:|1760878339
|switch|p2a: Cinderace|Cinderace, M, tera:Flying|71/100
|move|p1a: Zamazenta|Body Press|p2a: Cinderace
|-resisted|p2a: Cinderace
|-damage|p2a: Cinderace|45/100
|
|-heal|p1a: Zamazenta|23/100 brn|[from] item: Leftovers
|-damage|p1a: Zamazenta|17/100 brn|[from] brn
|upkeep
|turn|34
|
|t:|1760878349
|move|p1a: Zamazenta|Body Press|p2a: Cinderace
|-resisted|p2a: Cinderace
|-damage|p2a: Cinderace|22/100
|move|p2a: Cinderace|U-turn|p1a: Zamazenta
|-resisted|p1a: Zamazenta
|-damage|p1a: Zamazenta|14/100 brn
|
|t:|1760878359
|switch|p2a: Dondozo|Dondozo, F|22/100|[from] U-turn
|-damage|p2a: Dondozo|9/100|[from] Stealth Rock
|
|-heal|p1a: Zamazenta|20/100 brn|[from] item: Leftovers
|-heal|p2a: Dondozo|15/100|[from] item: Leftovers
|-damage|p1a: Zamazenta|14/100 brn|[from] brn
|upkeep
|turn|35
|
|t:|1760878368
|move|p2a: Dondozo|Rest|p2a: Dondozo
|-status|p2a: Dondozo|slp|[from] move: Rest
|-heal|p2a: Dondozo|100/100 slp|[silent]
|move|p1a: Zamazenta|Roar|p2a: Dondozo
|drag|p2a: Kyurem|Kyurem|38/100
|-damage|p2a: Kyurem|13/100|[from] Stealth Rock
|-ability|p2a: Kyurem|Pressure
|
|-heal|p1a: Zamazenta|20/100 brn|[from] item: Leftovers
|-heal|p2a: Kyurem|19/100|[from] item: Leftovers
|-damage|p1a: Zamazenta|14/100 brn|[from] brn
|upkeep
|turn|36
|inactive|SpongeGar & Patar has 120 seconds left.
|
|t:|1760878377
|move|p2a: Kyurem|Protect|p2a: Kyurem
|-singleturn|p2a: Kyurem|Protect
|move|p1a: Zamazenta|Body Press|p2a: Kyurem
|-activate|p2a: Kyurem|move: Protect
|
|-heal|p1a: Zamazenta|20/100 brn|[from] item: Leftovers
|-heal|p2a: Kyurem|25/100|[from] item: Leftovers
|-damage|p1a: Zamazenta|14/100 brn|[from] brn
|upkeep
|turn|37
|
|t:|1760878387
|switch|p2a: Dondozo|Dondozo, F|100/100 slp
|-damage|p2a: Dondozo|88/100 slp|[from] Stealth Rock
|move|p1a: Zamazenta|Body Press|p2a: Dondozo
|-damage|p2a: Dondozo|80/100 slp
|
|-heal|p1a: Zamazenta|20/100 brn|[from] item: Leftovers
|-heal|p2a: Dondozo|87/100 slp|[from] item: Leftovers
|-damage|p1a: Zamazenta|14/100 brn|[from] brn
|upkeep
|turn|38
|
|t:|1760878396
|cant|p2a: Dondozo|slp
|move|p1a: Zamazenta|Roar|p2a: Dondozo
|drag|p2a: Kyurem|Kyurem|25/100
|-damage|p2a: Kyurem|0 fnt|[from] Stealth Rock
|faint|p2a: Kyurem
|
|-heal|p1a: Zamazenta|20/100 brn|[from] item: Leftovers
|-damage|p1a: Zamazenta|14/100 brn|[from] brn
|upkeep
|
|t:|1760878405
|switch|p2a: Dondozo|Dondozo, F|87/100 slp
|-damage|p2a: Dondozo|74/100 slp|[from] Stealth Rock
|turn|39
|
|t:|1760878415
|cant|p2a: Dondozo|slp
|move|p1a: Zamazenta|Roar|p2a: Dondozo
|drag|p2a: Ting-Lu|Ting-Lu|100/100
|-damage|p2a: Ting-Lu|94/100|[from] Stealth Rock
|-ability|p2a: Ting-Lu|Vessel of Ruin
|
|-heal|p1a: Zamazenta|20/100 brn|[from] item: Leftovers
|-heal|p2a: Ting-Lu|100/100|[from] item: Leftovers
|-damage|p1a: Zamazenta|14/100 brn|[from] brn
|upkeep
|turn|40
|
|t:|1760878424
|switch|p2a: Dondozo|Dondozo, F|74/100 slp
|-damage|p2a: Dondozo|62/100 slp|[from] Stealth Rock
|move|p1a: Zamazenta|Roar|p2a: Dondozo
|drag|p2a: Ting-Lu|Ting-Lu|100/100
|-damage|p2a: Ting-Lu|94/100|[from] Stealth Rock
|-ability|p2a: Ting-Lu|Vessel of Ruin
|
|-heal|p1a: Zamazenta|20/100 brn|[from] item: Leftovers
|-heal|p2a: Ting-Lu|100/100|[from] item: Leftovers
|-damage|p1a: Zamazenta|14/100 brn|[from] brn
|upkeep
|turn|41
|
|t:|1760878433
|switch|p2a: Dondozo|Dondozo, F|62/100 slp
|-damage|p2a: Dondozo|50/100 slp|[from] Stealth Rock
|move|p1a: Zamazenta|Body Press|p2a: Dondozo
|-damage|p2a: Dondozo|42/100 slp
|
|-heal|p1a: Zamazenta|20/100 brn|[from] item: Leftovers
|-heal|p2a: Dondozo|48/100 slp|[from] item: Leftovers
|-damage|p1a: Zamazenta|14/100 brn|[from] brn
|upkeep
|turn|42
|
|t:|1760878443
|-curestatus|p2a: Dondozo|slp|[msg]
|move|p2a: Dondozo|Rest|p2a: Dondozo
|-status|p2a: Dondozo|slp|[from] move: Rest
|-heal|p2a: Dondozo|100/100 slp|[silent]
|move|p1a: Zamazenta|Roar|p2a: Dondozo
|drag|p2a: Cinderace|Cinderace, M, tera:Flying|22/100
|
|-heal|p1a: Zamazenta|20/100 brn|[from] item: Leftovers
|-damage|p1a: Zamazenta|14/100 brn|[from] brn
|upkeep
|turn|43
|
|t:|1760878452
|switch|p2a: Dondozo|Dondozo, F|100/100 slp
|-damage|p2a: Dondozo|88/100 slp|[from] Stealth Rock
|move|p1a: Zamazenta|Roar|p2a: Dondozo
|drag|p2a: Ting-Lu|Ting-Lu|100/100
|-damage|p2a: Ting-Lu|94/100|[from] Stealth Rock
|-ability|p2a: Ting-Lu|Vessel of Ruin
|
|-heal|p1a: Zamazenta|20/100 brn|[from] item: Leftovers
|-heal|p2a: Ting-Lu|100/100|[from] item: Leftovers
|-damage|p1a: Zamazenta|14/100 brn|[from] brn
|upkeep
|turn|44
|
|t:|1760878462
|switch|p2a: Dondozo|Dondozo, F|88/100 slp
|-damage|p2a: Dondozo|76/100 slp|[from] Stealth Rock
|move|p1a: Zamazenta|Roar|p2a: Dondozo
|drag|p2a: Ting-Lu|Ting-Lu|100/100
|-damage|p2a: Ting-Lu|94/100|[from] Stealth Rock
|-ability|p2a: Ting-Lu|Vessel of Ruin
|
|-heal|p1a: Zamazenta|20/100 brn|[from] item: Leftovers
|-heal|p2a: Ting-Lu|100/100|[from] item: Leftovers
|-damage|p1a: Zamazenta|14/100 brn|[from] brn
|upkeep
|turn|45
|
|t:|1760878471
|switch|p2a: Dondozo|Dondozo, F|76/100 slp
|-damage|p2a: Dondozo|64/100 slp|[from] Stealth Rock
|move|p1a: Zamazenta|Body Press|p2a: Dondozo
|-crit|p2a: Dondozo
|-damage|p2a: Dondozo|53/100 slp
|
|-heal|p1a: Zamazenta|20/100 brn|[from] item: Leftovers
|-heal|p2a: Dondozo|59/100 slp|[from] item: Leftovers
|-damage|p1a: Zamazenta|14/100 brn|[from] brn
|upkeep
|turn|46
|
|t:|1760878481
|cant|p2a: Dondozo|slp
|move|p1a: Zamazenta|Roar|p2a: Dondozo
|drag|p2a: Ting-Lu|Ting-Lu|100/100
|-damage|p2a: Ting-Lu|94/100|[from] Stealth Rock
|-ability|p2a: Ting-Lu|Vessel of Ruin
|
|-heal|p1a: Zamazenta|20/100 brn|[from] item: Leftovers
|-heal|p2a: Ting-Lu|100/100|[from] item: Leftovers
|-damage|p1a: Zamazenta|14/100 brn|[from] brn
|upkeep
|turn|47
|
|t:|1760878490
|switch|p2a: Dondozo|Dondozo, F|59/100 slp
|-damage|p2a: Dondozo|46/100 slp|[from] Stealth Rock
|move|p1a: Zamazenta|Roar|p2a: Dondozo
|drag|p2a: Cinderace|Cinderace, M, tera:Flying|22/100
|
|-heal|p1a: Zamazenta|20/100 brn|[from] item: Leftovers
|-damage|p1a: Zamazenta|14/100 brn|[from] brn
|upkeep
|turn|48
|c|☆Rj yoip|Yum
|
|t:|1760878499
|switch|p2a: Dondozo|Dondozo, F|46/100 slp
|-damage|p2a: Dondozo|34/100 slp|[from] Stealth Rock
|move|p1a: Zamazenta|Roar|p2a: Dondozo
|drag|p2a: Ting-Lu|Ting-Lu|100/100
|-damage|p2a: Ting-Lu|94/100|[from] Stealth Rock
|-ability|p2a: Ting-Lu|Vessel of Ruin
|
|-heal|p1a: Zamazenta|20/100 brn|[from] item: Leftovers
|-heal|p2a: Ting-Lu|100/100|[from] item: Leftovers
|-damage|p1a: Zamazenta|14/100 brn|[from] brn
|upkeep
|turn|49
|
|t:|1760878509
|switch|p2a: Dondozo|Dondozo, F|34/100 slp
|-damage|p2a: Dondozo|22/100 slp|[from] Stealth Rock
|move|p1a: Zamazenta|Roar|p2a: Dondozo
|drag|p2a: Ting-Lu|Ting-Lu|100/100
|-damage|p2a: Ting-Lu|94/100|[from] Stealth Rock
|-ability|p2a: Ting-Lu|Vessel of Ruin
|
|-heal|p1a: Zamazenta|20/100 brn|[from] item: Leftovers
|-heal|p2a: Ting-Lu|100/100|[from] item: Leftovers
|-damage|p1a: Zamazenta|14/100 brn|[from] brn
|upkeep
|turn|50
|
|t:|1760878518
|switch|p2a: Dondozo|Dondozo, F|22/100 slp
|-damage|p2a: Dondozo|9/100 slp|[from] Stealth Rock
|move|p1a: Zamazenta|Roar|p2a: Dondozo
|drag|p2a: Ting-Lu|Ting-Lu|100/100
|-damage|p2a: Ting-Lu|94/100|[from] Stealth Rock
|-ability|p2a: Ting-Lu|Vessel of Ruin
|
|-heal|p1a: Zamazenta|20/100 brn|[from] item: Leftovers
|-heal|p2a: Ting-Lu|100/100|[from] item: Leftovers
|-damage|p1a: Zamazenta|14/100 brn|[from] brn
|upkeep
|turn|51
|c|☆Rj yoip|Me when
|
|t:|1760878527
|move|p1a: Zamazenta|Body Press|p2a: Ting-Lu
|-supereffective|p2a: Ting-Lu
|-damage|p2a: Ting-Lu|54/100
|move|p2a: Ting-Lu|Payback|p1a: Zamazenta
|-resisted|p1a: Zamazenta
|-damage|p1a: Zamazenta|8/100 brn
|
|-heal|p1a: Zamazenta|15/100 brn|[from] item: Leftovers
|-heal|p2a: Ting-Lu|60/100|[from] item: Leftovers
|-damage|p1a: Zamazenta|8/100 brn|[from] brn
|upkeep
|turn|52
|c|☆Rj yoip|no boots
|
|t:|1760878536
|move|p1a: Zamazenta|Body Press|p2a: Ting-Lu
|-supereffective|p2a: Ting-Lu
|-damage|p2a: Ting-Lu|18/100
|move|p2a: Ting-Lu|Rest|p2a: Ting-Lu
|-status|p2a: Ting-Lu|slp|[from] move: Rest
|-heal|p2a: Ting-Lu|100/100 slp|[silent]
|
|-heal|p1a: Zamazenta|15/100 brn|[from] item: Leftovers
|-damage|p1a: Zamazenta|8/100 brn|[from] brn
|upkeep
|turn|53
|
|t:|1760878546
|move|p1a: Zamazenta|Iron Defense|p1a: Zamazenta
|-boost|p1a: Zamazenta|def|2
|cant|p2a: Ting-Lu|slp
|
|-heal|p1a: Zamazenta|15/100 brn|[from] item: Leftovers
|-damage|p1a: Zamazenta|8/100 brn|[from] brn
|upkeep
|turn|54
|
|t:|1760878555
|move|p1a: Zamazenta|Body Press|p2a: Ting-Lu
|-supereffective|p2a: Ting-Lu
|-damage|p2a: Ting-Lu|34/100 slp
|cant|p2a: Ting-Lu|slp
|move|p2a: Ting-Lu|Sleep Talk|p2a: Ting-Lu
|move|p2a: Ting-Lu|Payback|p1a: Zamazenta|[from] move: Sleep Talk
|-resisted|p1a: Zamazenta
|-damage|p1a: Zamazenta|4/100 brn
|
|-heal|p1a: Zamazenta|11/100 brn|[from] item: Leftovers
|-heal|p2a: Ting-Lu|40/100 slp|[from] item: Leftovers
|-damage|p1a: Zamazenta|4/100 brn|[from] brn
|upkeep
|turn|55
|
|t:|1760878563
|switch|p2a: Dondozo|Dondozo, F|9/100 slp
|-damage|p2a: Dondozo|0 fnt|[from] Stealth Rock
|faint|p2a: Dondozo
|move|p1a: Zamazenta|Body Press|p2: Dondozo|[notarget]
|-fail|p1a: Zamazenta
|
|-heal|p1a: Zamazenta|11/100 brn|[from] item: Leftovers
|-damage|p1a: Zamazenta|4/100 brn|[from] brn
|upkeep
|
|t:|1760878571
|switch|p2a: Ting-Lu|Ting-Lu|40/100 slp
|-damage|p2a: Ting-Lu|34/100 slp|[from] Stealth Rock
|-ability|p2a: Ting-Lu|Vessel of Ruin
|turn|56
|
|t:|1760878579
|move|p1a: Zamazenta|Crunch|p2a: Ting-Lu
|-resisted|p2a: Ting-Lu
|-damage|p2a: Ting-Lu|31/100 slp
|-unboost|p2a: Ting-Lu|def|1
|-curestatus|p2a: Ting-Lu|slp|[msg]
|move|p2a: Ting-Lu|Earthquake|p1a: Zamazenta
|-damage|p1a: Zamazenta|0 fnt
|faint|p1a: Zamazenta
|
|-heal|p2a: Ting-Lu|37/100|[from] item: Leftovers
|upkeep
|
|t:|1760878584
|switch|p1a: Kingambit|Kingambit, F|100/100
|-damage|p1a: Kingambit|94/100|[from] Stealth Rock
|-activate|p1a: Kingambit|ability: Supreme Overlord
|-start|p1a: Kingambit|fallen3|[silent]
|turn|57
|l| Queijolol
|c|☆Rj yoip|gg
|inactive|SpongeGar & Patar has 120 seconds left.
|
|t:|1760878622
|-terastallize|p1a: Kingambit|Fairy
|move|p1a: Kingambit|Tera Blast|p2a: Ting-Lu|[anim] Tera Blast Fairy
|-supereffective|p2a: Ting-Lu
|-damage|p2a: Ting-Lu|0 fnt
|faint|p2a: Ting-Lu
|
|-heal|p1a: Kingambit|100/100|[from] item: Leftovers
|upkeep
|l|☆Rj yoip
|inactive|Rj yoip disconnected and has a minute to reconnect!
|player|p1|
|
|t:|1760878649
|switch|p2a: Cinderace|Cinderace, M, tera:Flying|22/100
|turn|58
|inactive|SpongeGar & Patar has 90 seconds left.
|inactive|Rj yoip has 30 seconds to reconnect!
|j|☆Rj yoip
|inactive|Rj yoip reconnected and has 115 seconds left.
|player|p1|Rj yoip|caitlin-masters|
|
|t:|1760878690
|move|p2a: Cinderace|Will-O-Wisp|p1a: Kingambit
|-status|p1a: Kingambit|brn
|move|p1a: Kingambit|Tera Blast|p2a: Cinderace|[anim] Tera Blast Fairy
|-damage|p2a: Cinderace|0 fnt
|faint|p2a: Cinderace
|
|win|Rj yoip
|raw|Rj yoip's rating: 1723 &rarr; <strong>1750</strong><br />(+27 for winning)
|raw|SpongeGar &amp; Patar's rating: 1853 &rarr; <strong>1826</strong><br />(-27 for losing)
|l|☆SpongeGar & Patar
|player|p2|
|l|☆Rj yoip
|player|p1|
