|j|☆SasoriVzla7
|j|☆wienerhaus
|t:|1760731581
|gametype|singles
|player|p1|SasoriVzla7|lucian|1612
|player|p2|wienerhaus|blue|1539
|gen|9
|tier|[Gen 9] OU
|rated|
|rule|HP Percentage Mod: HP is shown in percentages
|rule|Endless Battle Clause: Forcing endless battles is banned
|rule|Species Clause: Limit one of each Pokémon
|rule|OHKO Clause: OHKO moves are banned
|rule|Evasion Items Clause: Evasion items are banned
|rule|Evasion Moves Clause: Evasion moves are banned
|rule|Evasion Abilities Clause: Evasion abilities are banned
|rule|Sleep Moves Clause: Sleep-inducing moves are banned
|clearpoke
|poke|p1|Empoleon, M|
|poke|p1|Great Tusk|
|poke|p1|Landorus-Therian, M|
|poke|p1|Sinistcha|
|poke|p1|Darkrai|
|poke|p1|Arcanine-Hisui, F|
|poke|p2|Tornadus-Therian, M|
|poke|p2|Iron Moth|
|poke|p2|Zamazenta-*|
|poke|p2|Hatterene, F|
|poke|p2|Iron Treads|
|poke|p2|Ninetales-Alola, M|
|teampreview
|c|☆wienerhaus|glhf
|inactive|Battle timer is ON: inactive players will automatically lose when time's up. (requested by wienerhaus)
|
|t:|1760731601
|teamsize|p1|6
|teamsize|p2|6
|start
|switch|p1a: Empoleon|Empoleon, M|100/100
|switch|p2a: Ninetales|Ninetales-Alola, M|100/100
|-weather|Snowscape|[from] ability: Snow Warning|[of] p2a: Ninetales
|turn|1
|
|t:|1760731616
|switch|p2a: Zamazenta|Zamazenta|100/100
|-ability|p2a: Zamazenta|Dauntless Shield|boost
|-boost|p2a: Zamazenta|def|1
|move|p1a: Empoleon|Stealth Rock|p2a: Zamazenta
|-sidestart|p2: wienerhaus|move: Stealth Rock
|
|-weather|Snowscape|[upkeep]
|upkeep
|turn|2
|
|t:|1760731625
|switch|p1a: Sinistcha|Sinistcha|100/100
|move|p2a: Zamazenta|Substitute|p2a: Zamazenta
|-start|p2a: Zamazenta|Substitute
|-damage|p2a: Zamazenta|76/100
|
|-weather|Snowscape|[upkeep]
|-heal|p2a: Zamazenta|82/100|[from] item: Leftovers
|upkeep
|turn|3
|
|t:|1760731630
|move|p2a: Zamazenta|Crunch|p1a: Sinistcha
|-supereffective|p1a: Sinistcha
|-damage|p1a: Sinistcha|65/100
|-damage|p2a: Zamazenta|65/100|[from] item: Rocky Helmet|[of] p1a: Sinistcha
|move|p1a: Sinistcha|Shadow Ball|p2a: Zamazenta
|-crit|p2a: Zamazenta
|-end|p2a: Zamazenta|Substitute
|
|-weather|Snowscape|[upkeep]
|-heal|p2a: Zamazenta|72/100|[from] item: Leftovers
|upkeep
|turn|4
|
|t:|1760731643
|move|p2a: Zamazenta|Substitute|p2a: Zamazenta
|-start|p2a: Zamazenta|Substitute
|-damage|p2a: Zamazenta|47/100
|move|p1a: Sinistcha|Matcha Gotcha|p2a: Zamazenta
|-end|p2a: Zamazenta|Substitute
|-heal|p1a: Sinistcha|79/100|[from] drain|[of] p2a: Zamazenta
|
|-weather|Snowscape|[upkeep]
|-heal|p2a: Zamazenta|53/100|[from] item: Leftovers
|upkeep
|turn|5
|
|t:|1760731654
|switch|p2a: Tornadus|Tornadus-Therian, M|100/100
|-damage|p2a: Tornadus|76/100|[from] Stealth Rock
|move|p1a: Sinistcha|Shadow Ball|p2a: Tornadus
|-damage|p2a: Tornadus|33/100
|
|-weather|none
|upkeep
|turn|6
|
|t:|1760731664
|switch|p1a: Empoleon|Empoleon, M|100/100
|-terastallize|p2a: Tornadus|Ground
|move|p2a: Tornadus|Tera Blast|p1a: Empoleon|[anim] Tera Blast Ground
|-supereffective|p1a: Empoleon
|-damage|p1a: Empoleon|26/100
|-damage|p2a: Tornadus|23/100|[from] item: Life Orb
|
|-heal|p1a: Empoleon|33/100|[from] item: Leftovers
|upkeep
|turn|7
|
|t:|1760731674
|move|p2a: Tornadus|Tera Blast|p1a: Empoleon|[anim] Tera Blast Ground
|-supereffective|p1a: Empoleon
|-damage|p1a: Empoleon|0 fnt
|faint|p1a: Empoleon
|-damage|p2a: Tornadus|13/100|[from] item: Life Orb
|
|upkeep
|
|t:|1760731677
|switch|p1a: Landorus|Landorus-Therian, M|100/100
|-ability|p1a: Landorus|Intimidate|boost
|-unboost|p2a: Tornadus|atk|1
|turn|8
|
|t:|1760731682
|switch|p2a: Zamazenta|Zamazenta|53/100
|-damage|p2a: Zamazenta|47/100|[from] Stealth Rock
|move|p1a: Landorus|U-turn|p2a: Zamazenta
|-resisted|p2a: Zamazenta
|-damage|p2a: Zamazenta|36/100
|
|t:|1760731688
|switch|p1a: Sinistcha|Sinistcha|79/100|[from] U-turn
|
|-heal|p2a: Zamazenta|43/100|[from] item: Leftovers
|upkeep
|turn|9
|
|t:|1760731693
|switch|p2a: Ninetales|Ninetales-Alola, M|100/100
|-damage|p2a: Ninetales|76/100|[from] Stealth Rock
|-weather|Snowscape|[from] ability: Snow Warning|[of] p2a: Ninetales
|move|p1a: Sinistcha|Matcha Gotcha|p2a: Ninetales
|-damage|p2a: Ninetales|36/100
|-heal|p1a: Sinistcha|99/100|[from] drain|[of] p2a: Ninetales
|
|-weather|Snowscape|[upkeep]
|upkeep
|turn|10
|
|t:|1760731715
|switch|p1a: Arcanine|Arcanine-Hisui, F|100/100
|move|p2a: Ninetales|Aurora Veil|p2a: Ninetales
|-sidestart|p2: wienerhaus|move: Aurora Veil
|
|-weather|Snowscape|[upkeep]
|upkeep
|turn|11
|
|t:|1760731723
|switch|p2a: Zamazenta|Zamazenta|43/100
|-damage|p2a: Zamazenta|36/100|[from] Stealth Rock
|move|p1a: Arcanine|Flare Blitz|p2a: Zamazenta
|-damage|p2a: Zamazenta|8/100
|
|-weather|Snowscape|[upkeep]
|-heal|p2a: Zamazenta|14/100|[from] item: Leftovers
|upkeep
|turn|12
|
|t:|1760731732
|switch|p2a: Tornadus|Tornadus-Therian, M, tera:Ground|46/100
|-damage|p2a: Tornadus|40/100|[from] Stealth Rock
|switch|p1a: Sinistcha|Sinistcha|99/100
|
|-weather|Snowscape|[upkeep]
|upkeep
|turn|13
|
|t:|1760731740
|move|p2a: Tornadus|Bleakwind Storm|p1a: Sinistcha
|-supereffective|p1a: Sinistcha
|-damage|p1a: Sinistcha|0 fnt
|faint|p1a: Sinistcha
|-damage|p2a: Tornadus|31/100|[from] item: Life Orb
|
|-weather|none
|upkeep
|
|t:|1760731746
|switch|p1a: Darkrai|Darkrai|100/100
|turn|14
|
|t:|1760731749
|switch|p2a: Iron Treads|Iron Treads|100/100
|-damage|p2a: Iron Treads|97/100|[from] Stealth Rock
|-item|p2a: Iron Treads|Air Balloon
|move|p1a: Darkrai|Substitute|p1a: Darkrai
|-start|p1a: Darkrai|Substitute
|-damage|p1a: Darkrai|76/100
|
|upkeep
|turn|15
|
|t:|1760731753
|move|p1a: Darkrai|Will-O-Wisp|p2a: Iron Treads
|-status|p2a: Iron Treads|brn
|move|p2a: Iron Treads|Rapid Spin|p1a: Darkrai
|-activate|p1a: Darkrai|move: Substitute|[damage]
|-sideend|p2: wienerhaus|Stealth Rock|[from] move: Rapid Spin|[of] p2a: Iron Treads
|-boost|p2a: Iron Treads|spe|1
|
|-damage|p2a: Iron Treads|91/100 brn|[from] brn
|upkeep
|turn|16
|
|t:|1760731759
|move|p2a: Iron Treads|Stealth Rock|p1a: Darkrai
|-sidestart|p1: SasoriVzla7|move: Stealth Rock
|move|p1a: Darkrai|Substitute|p1a: Darkrai
|-fail|p1a: Darkrai|move: Substitute
|
|-damage|p2a: Iron Treads|85/100 brn|[from] brn
|upkeep
|turn|17
|
|t:|1760731769
|move|p2a: Iron Treads|Earthquake|p1a: Darkrai
|-end|p1a: Darkrai|Substitute
|move|p1a: Darkrai|Dark Pulse|p2a: Iron Treads
|-damage|p2a: Iron Treads|58/100 brn
|-enditem|p2a: Iron Treads|Air Balloon
|
|-damage|p2a: Iron Treads|52/100 brn|[from] brn
|-sideend|p2: wienerhaus|move: Aurora Veil
|upkeep
|turn|18
|
|t:|1760731775
|switch|p1a: Great Tusk|Great Tusk|100/100
|-damage|p1a: Great Tusk|97/100|[from] Stealth Rock
|move|p2a: Iron Treads|Earthquake|p1a: Great Tusk
|-damage|p1a: Great Tusk|85/100
|
|-heal|p1a: Great Tusk|91/100|[from] item: Leftovers
|-damage|p2a: Iron Treads|45/100 brn|[from] brn
|upkeep
|turn|19
|
|t:|1760731784
|move|p2a: Iron Treads|Knock Off|p1a: Great Tusk
|-resisted|p1a: Great Tusk
|-damage|p1a: Great Tusk|87/100
|-enditem|p1a: Great Tusk|Leftovers|[from] move: Knock Off|[of] p2a: Iron Treads
|move|p1a: Great Tusk|Rapid Spin|p2a: Iron Treads
|-resisted|p2a: Iron Treads
|-damage|p2a: Iron Treads|38/100 brn
|-boost|p1a: Great Tusk|spe|1
|-sideend|p1: SasoriVzla7|Stealth Rock|[from] move: Rapid Spin|[of] p1a: Great Tusk
|
|-damage|p2a: Iron Treads|32/100 brn|[from] brn
|upkeep
|turn|20
|
|t:|1760731801
|-end|p2a: Iron Treads|Quark Drive|[silent]
|switch|p2a: Zamazenta|Zamazenta|14/100
|move|p1a: Great Tusk|Rapid Spin|p2a: Zamazenta
|-damage|p2a: Zamazenta|3/100
|-boost|p1a: Great Tusk|spe|1
|
|-heal|p2a: Zamazenta|9/100|[from] item: Leftovers
|upkeep
|turn|21
|
|t:|1760731806
|move|p1a: Great Tusk|Rapid Spin|p2a: Zamazenta
|-damage|p2a: Zamazenta|0 fnt
|-boost|p1a: Great Tusk|spe|1
|faint|p2a: Zamazenta
|
|upkeep
|
|t:|1760731812
|switch|p2a: Hatterene|Hatterene, F|100/100
|turn|22
|
|t:|1760731826
|-end|p1a: Great Tusk|Protosynthesis|[silent]
|switch|p1a: Arcanine|Arcanine-Hisui, F|100/100
|move|p2a: Hatterene|Nuzzle|p1a: Arcanine
|-damage|p1a: Arcanine|95/100
|-status|p1a: Arcanine|par
|
|upkeep
|turn|23
|
|t:|1760731840
|switch|p2a: Iron Treads|Iron Treads|32/100 brn
|move|p1a: Arcanine|Flare Blitz|p2a: Iron Treads
|-supereffective|p2a: Iron Treads
|-damage|p2a: Iron Treads|0 fnt
|faint|p2a: Iron Treads
|-end|p2a: Iron Treads|Quark Drive|[silent]
|
|upkeep
|
|t:|1760731844
|switch|p2a: Ninetales|Ninetales-Alola, M|36/100
|-weather|Snowscape|[from] ability: Snow Warning|[of] p2a: Ninetales
|turn|24
|
|t:|1760731848
|move|p2a: Ninetales|Aurora Veil|p2a: Ninetales
|-sidestart|p2: wienerhaus|move: Aurora Veil
|move|p1a: Arcanine|Flare Blitz|p2a: Ninetales
|-supereffective|p2a: Ninetales
|-damage|p2a: Ninetales|0 fnt
|faint|p2a: Ninetales
|
|-weather|Snowscape|[upkeep]
|upkeep
|
|t:|1760731852
|switch|p2a: Tornadus|Tornadus-Therian, M, tera:Ground|64/100
|turn|25
|
|t:|1760731861
|switch|p1a: Great Tusk|Great Tusk|87/100
|move|p2a: Tornadus|Tera Blast|p1a: Great Tusk|[anim] Tera Blast Ground
|-damage|p1a: Great Tusk|30/100
|-damage|p2a: Tornadus|54/100|[from] item: Life Orb
|
|-weather|Snowscape|[upkeep]
|upkeep
|turn|26
|
|t:|1760731868
|move|p2a: Tornadus|Tera Blast|p1a: Great Tusk|[anim] Tera Blast Ground
|-damage|p1a: Great Tusk|0 fnt
|faint|p1a: Great Tusk
|-end|p1a: Great Tusk|Protosynthesis|[silent]
|-damage|p2a: Tornadus|44/100|[from] item: Life Orb
|
|-weather|Snowscape|[upkeep]
|upkeep
|
|t:|1760731873
|switch|p1a: Darkrai|Darkrai|76/100
|turn|27
|
|t:|1760731878
|switch|p2a: Hatterene|Hatterene, F|100/100
|move|p1a: Darkrai|Dark Pulse|p2a: Hatterene
|-damage|p2a: Hatterene|88/100
|
|-weather|Snowscape|[upkeep]
|upkeep
|turn|28
|
|t:|1760731885
|move|p1a: Darkrai|Sludge Bomb|p2a: Hatterene
|-supereffective|p2a: Hatterene
|-damage|p2a: Hatterene|70/100
|move|p2a: Hatterene|Mystical Fire|p1a: Darkrai
|-damage|p1a: Darkrai|48/100
|-unboost|p1a: Darkrai|spa|1
|
|-weather|none
|upkeep
|turn|29
|
|t:|1760731890
|move|p1a: Darkrai|Sludge Bomb|p2a: Hatterene
|-supereffective|p2a: Hatterene
|-damage|p2a: Hatterene|58/100
|move|p2a: Hatterene|Draining Kiss|p1a: Darkrai
|-supereffective|p1a: Darkrai
|-damage|p1a: Darkrai|0 fnt
|-heal|p2a: Hatterene|93/100|[from] drain|[of] p1a: Darkrai
|faint|p1a: Darkrai
|
|upkeep
|
|t:|1760731895
|switch|p1a: Arcanine|Arcanine-Hisui, F|95/100 par
|turn|30
|
|t:|1760731901
|cant|p1a: Arcanine|par
|move|p2a: Hatterene|Psychic Noise|p1a: Arcanine
|-damage|p1a: Arcanine|43/100 par
|-start|p1a: Arcanine|move: Heal Block
|
|upkeep
|turn|31
|
|t:|1760731907
|move|p1a: Arcanine|Flare Blitz|p2a: Hatterene
|-damage|p2a: Hatterene|44/100
|move|p2a: Hatterene|Psychic Noise|p1a: Arcanine
|-damage|p1a: Arcanine|0 fnt
|faint|p1a: Arcanine
|
|-sideend|p2: wienerhaus|move: Aurora Veil
|upkeep
|
|t:|1760731913
|switch|p1a: Landorus|Landorus-Therian, M|100/100
|-ability|p1a: Landorus|Intimidate|boost
|-unboost|p2a: Hatterene|atk|1
|turn|32
|
|t:|1760731916
|move|p1a: Landorus|Earthquake|p2a: Hatterene
|-damage|p2a: Hatterene|0 fnt
|faint|p2a: Hatterene
|
|upkeep
|
|t:|1760731920
|switch|p2a: Tornadus|Tornadus-Therian, M, tera:Ground|77/100
|turn|33
|
|t:|1760731923
|move|p1a: Landorus|Earthquake|p2a: Tornadus
|-damage|p2a: Tornadus|3/100
|move|p2a: Tornadus|Bleakwind Storm|p1a: Landorus
|-damage|p1a: Landorus|23/100
|-damage|p2a: Tornadus|0 fnt|[from] item: Life Orb
|faint|p2a: Tornadus
|
|upkeep
|
|t:|1760731928
|switch|p2a: Iron Moth|Iron Moth|100/100
|-enditem|p2a: Iron Moth|Booster Energy
|-activate|p2a: Iron Moth|ability: Quark Drive|[fromitem]
|-start|p2a: Iron Moth|quarkdrivespe
|turn|34
|c|☆wienerhaus|gg
|
|t:|1760731930
|move|p2a: Iron Moth|Fiery Dance|p1a: Landorus
|-damage|p1a: Landorus|0 fnt
|-boost|p2a: Iron Moth|spa|1
|faint|p1a: Landorus
|
|win|wienerhaus
|raw|SasoriVzla7's rating: 1612 &rarr; <strong>1588</strong><br />(-24 for losing)
|raw|wienerhaus's rating: 1539 &rarr; <strong>1563</strong><br />(+24 for winning)
|l|☆wienerhaus
|player|p2|
|l|☆SasoriVzla7
|player|p1|
