|j|☆el cagalera
|j|☆vghhjg
|t:|1760739773
|gametype|singles
|player|p1|el cagalera|jogger|1467
|player|p2|vghhjg|2|1520
|gen|9
|tier|[Gen 9] OU
|rated|
|rule|HP Percentage Mod: HP is shown in percentages
|rule|Endless Battle Clause: Forcing endless battles is banned
|rule|Species Clause: Limit one of each Pokémon
|rule|OHKO Clause: OHKO moves are banned
|rule|Evasion Items Clause: Evasion items are banned
|rule|Evasion Moves Clause: Evasion moves are banned
|rule|Evasion Abilities Clause: Evasion abilities are banned
|rule|Sleep Moves Clause: Sleep-inducing moves are banned
|clearpoke
|poke|p1|Dragapult, M|
|poke|p1|Cresselia, F|
|poke|p1|Pecharunt|
|poke|p1|Kingambit, F|
|poke|p1|Great Tusk|
|poke|p1|Kyurem|
|poke|p2|Ribombee, M|
|poke|p2|Gholdengo|
|poke|p2|Dragonite, F|
|poke|p2|Sinistcha|
|poke|p2|Mamoswine, F|
|poke|p2|Enamorus, F|
|teampreview
|
|t:|1760739786
|teamsize|p1|6
|teamsize|p2|6
|start
|switch|p1a: Cresselia|Cresselia, F|100/100
|switch|p2a: Ribombee|Ribombee, M|100/100
|turn|1
|
|t:|1760739791
|move|p2a: Ribombee|Sticky Web|p1a: Cresselia
|-sidestart|p1: el cagalera|move: Sticky Web
|move|p1a: Cresselia|Thunder Wave|p2a: Ribombee
|-status|p2a: Ribombee|par
|
|upkeep
|turn|2
|
|t:|1760739795
|move|p1a: Cresselia|Ice Beam|p2a: Ribombee
|-damage|p2a: Ribombee|77/100 par
|move|p2a: Ribombee|Stun Spore|p1a: Cresselia
|-status|p1a: Cresselia|par
|
|upkeep
|turn|3
|
|t:|1760739820
|switch|p1a: Dragapult|Dragapult, M|100/100
|move|p2a: Ribombee|Psychic Noise|p1a: Dragapult
|-damage|p1a: Dragapult|80/100
|-start|p1a: Dragapult|move: Heal Block
|
|upkeep
|turn|4
|
|t:|1760739828
|move|p1a: Dragapult|Hex|p2a: Ribombee
|-damage|p2a: Ribombee|3/100 par
|cant|p2a: Ribombee|par
|
|-end|p1a: Dragapult|move: Heal Block
|upkeep
|turn|5
|
|t:|1760739834
|move|p1a: Dragapult|Hex|p2a: Ribombee
|-damage|p2a: Ribombee|0 fnt
|faint|p2a: Ribombee
|
|upkeep
|
|t:|1760739850
|switch|p2a: Enamorus|Enamorus, F|100/100
|turn|6
|
|t:|1760739860
|move|p2a: Enamorus|Moonblast|p1a: Dragapult
|-supereffective|p1a: Dragapult
|-damage|p1a: Dragapult|0 fnt
|faint|p1a: Dragapult
|
|upkeep
|
|t:|1760739869
|switch|p1a: Kingambit|Kingambit, F|100/100
|-activate|p1a: Kingambit|move: Sticky Web
|-unboost|p1a: Kingambit|spe|1
|-activate|p1a: Kingambit|ability: Supreme Overlord
|-start|p1a: Kingambit|fallen1|[silent]
|turn|7
|
|t:|1760739880
|switch|p2a: Mamoswine|Mamoswine, F|100/100
|move|p1a: Kingambit|Kowtow Cleave|p2a: Mamoswine
|-damage|p2a: Mamoswine|43/100
|
|upkeep
|turn|8
|
|t:|1760739886
|-end|p1a: Kingambit|fallen1|[silent]
|switch|p1a: Cresselia|Cresselia, F|100/100 par
|move|p2a: Mamoswine|Stealth Rock|p1a: Cresselia
|-sidestart|p1: el cagalera|move: Stealth Rock
|
|upkeep
|turn|9
|
|t:|1760739901
|move|p2a: Mamoswine|Endeavor|p1a: Cresselia
|-damage|p1a: Cresselia|35/100 par
|-damage|p2a: Mamoswine|26/100|[from] item: Rocky Helmet|[of] p1a: Cresselia
|cant|p1a: Cresselia|par
|
|upkeep
|turn|10
|
|t:|1760739907
|move|p2a: Mamoswine|Ice Shard|p1a: Cresselia
|-damage|p1a: Cresselia|19/100 par
|move|p1a: Cresselia|Lunar Dance|p1a: Cresselia
|faint|p1a: Cresselia
|
|upkeep
|
|t:|1760739913
|switch|p1a: Great Tusk|Great Tusk|100/100
|turn|11
|inactive|Battle timer is ON: inactive players will automatically lose when time's up. (requested by el cagalera)
|
|t:|1760739936
|switch|p2a: Sinistcha|Sinistcha|100/100
|move|p1a: Great Tusk|Ice Spinner|p2a: Sinistcha
|-supereffective|p2a: Sinistcha
|-damage|p2a: Sinistcha|65/100
|
|upkeep
|turn|12
|
|t:|1760739942
|-end|p1a: Great Tusk|Protosynthesis|[silent]
|switch|p1a: Kingambit|Kingambit, F|100/100
|-heal|p1a: Kingambit|100/100|[from] move: Lunar Dance
|-activate|p1a: Kingambit|move: Sticky Web
|-unboost|p1a: Kingambit|spe|1
|-damage|p1a: Kingambit|94/100|[from] Stealth Rock
|-activate|p1a: Kingambit|ability: Supreme Overlord
|-start|p1a: Kingambit|fallen2|[silent]
|move|p2a: Sinistcha|Strength Sap|p1a: Kingambit
|-unboost|p1a: Kingambit|atk|1
|-heal|p2a: Sinistcha|100/100
|
|-heal|p1a: Kingambit|100/100|[from] item: Leftovers
|upkeep
|turn|13
|
|t:|1760739949
|switch|p2a: Mamoswine|Mamoswine, F|26/100
|move|p1a: Kingambit|Swords Dance|p1a: Kingambit
|-boost|p1a: Kingambit|atk|2
|
|upkeep
|turn|14
|
|t:|1760739956
|move|p2a: Mamoswine|Ice Shard|p1a: Kingambit
|-resisted|p1a: Kingambit
|-damage|p1a: Kingambit|92/100
|move|p1a: Kingambit|Sucker Punch||[still]
|-fail|p1a: Kingambit
|
|-heal|p1a: Kingambit|99/100|[from] item: Leftovers
|upkeep
|turn|15
|
|t:|1760739963
|move|p1a: Kingambit|Sucker Punch|p2a: Mamoswine
|-damage|p2a: Mamoswine|0 fnt
|faint|p2a: Mamoswine
|
|-heal|p1a: Kingambit|100/100|[from] item: Leftovers
|upkeep
|
|t:|1760739970
|switch|p2a: Enamorus|Enamorus, F|100/100
|turn|16
|
|t:|1760739975
|-terastallize|p1a: Kingambit|Flying
|move|p2a: Enamorus|Earth Power|p1a: Kingambit
|-immune|p1a: Kingambit
|move|p1a: Kingambit|Iron Head|p2a: Enamorus
|-supereffective|p2a: Enamorus
|-damage|p2a: Enamorus|0 fnt
|faint|p2a: Enamorus
|
|upkeep
|
|t:|1760739991
|switch|p2a: Dragonite|Dragonite, F|100/100
|turn|17
|
|t:|1760739997
|move|p2a: Dragonite|Dragon Dance|p2a: Dragonite
|-boost|p2a: Dragonite|atk|1
|-boost|p2a: Dragonite|spe|1
|move|p1a: Kingambit|Kowtow Cleave|p2a: Dragonite
|-damage|p2a: Dragonite|53/100
|
|-heal|p2a: Dragonite|60/100|[from] item: Leftovers
|upkeep
|turn|18
|
|t:|1760740004
|move|p2a: Dragonite|Roost|p2a: Dragonite
|-heal|p2a: Dragonite|100/100
|-singleturn|p2a: Dragonite|move: Roost
|move|p1a: Kingambit|Kowtow Cleave|p2a: Dragonite
|-damage|p2a: Dragonite|60/100
|
|-heal|p2a: Dragonite|66/100|[from] item: Leftovers
|upkeep
|turn|19
|
|t:|1760740014
|move|p2a: Dragonite|Roost|p2a: Dragonite
|-heal|p2a: Dragonite|100/100
|-singleturn|p2a: Dragonite|move: Roost
|move|p1a: Kingambit|Kowtow Cleave|p2a: Dragonite
|-damage|p2a: Dragonite|54/100
|
|-heal|p2a: Dragonite|60/100|[from] item: Leftovers
|upkeep
|turn|20
|
|t:|1760740018
|-terastallize|p2a: Dragonite|Flying
|move|p2a: Dragonite|Tera Blast|p1a: Kingambit|[anim] Tera Blast Flying
|-damage|p1a: Kingambit|32/100
|move|p1a: Kingambit|Kowtow Cleave|p2a: Dragonite
|-damage|p2a: Dragonite|0 fnt
|faint|p2a: Dragonite
|
|-heal|p1a: Kingambit|39/100|[from] item: Leftovers
|upkeep
|
|t:|1760740033
|switch|p2a: Sinistcha|Sinistcha|100/100
|turn|21
|
|t:|1760740038
|move|p2a: Sinistcha|Matcha Gotcha|p1a: Kingambit|[miss]
|-miss|p2a: Sinistcha|p1a: Kingambit
|move|p1a: Kingambit|Kowtow Cleave|p2a: Sinistcha
|-supereffective|p2a: Sinistcha
|-damage|p2a: Sinistcha|0 fnt
|faint|p2a: Sinistcha
|
|-heal|p1a: Kingambit|45/100|[from] item: Leftovers
|upkeep
|-message|vghhjg forfeited.
|
|win|el cagalera
|raw|el cagalera's rating: 1467 &rarr; <strong>1490</strong><br />(+23 for winning)
|raw|vghhjg's rating: 1520 &rarr; <strong>1497</strong><br />(-23 for losing)
|l|☆vghhjg
|player|p2|
