|j|☆Ghost_DZ
|j|☆ho3nconfirm3d
|t:|1760878868
|gametype|singles
|player|p1|Ghost_DZ|volkner|1662
|player|p2|ho3nconfirm3d|#scl5shoguns|1679
|gen|9
|tier|[Gen 9] OU
|rated|
|rule|HP Percentage Mod: HP is shown in percentages
|rule|Endless Battle Clause: Forcing endless battles is banned
|rule|Species Clause: Limit one of each Pokémon
|rule|OHKO Clause: OHKO moves are banned
|rule|Evasion Items Clause: Evasion items are banned
|rule|Evasion Moves Clause: Evasion moves are banned
|rule|Evasion Abilities Clause: Evasion abilities are banned
|rule|Sleep Moves Clause: Sleep-inducing moves are banned
|clearpoke
|poke|p1|Toxapex, F|
|poke|p1|Gliscor, M|
|poke|p1|Blissey, F|
|poke|p1|Dondozo, F|
|poke|p1|Moltres|
|poke|p1|Cresselia, F|
|poke|p2|Venusaur, F|
|poke|p2|Hatterene, F|
|poke|p2|Alomomola, F|
|poke|p2|Great Tusk|
|poke|p2|Weavile, F|
|poke|p2|Dragonite, M|
|teampreview
|inactive|Battle timer is ON: inactive players will automatically lose when time's up. (requested by ho3nconfirm3d)
|inactive|ho3nconfirm3d has 120 seconds left.
|
|t:|1760878900
|teamsize|p1|6
|teamsize|p2|6
|start
|switch|p1a: Toxapex|Toxapex, F|100/100
|switch|p2a: Hatterene|Hatterene, F|100/100
|turn|1
|
|t:|1760878905
|move|p2a: Hatterene|Nuzzle|p1a: Toxapex
|-supereffective|p1a: Toxapex
|-damage|p1a: Toxapex|95/100
|-status|p1a: Toxapex|par
|cant|p1a: Toxapex|par
|
|upkeep
|turn|2
|
|t:|1760878916
|move|p2a: Hatterene|Psychic Noise|p1a: Toxapex
|-supereffective|p1a: Toxapex
|-damage|p1a: Toxapex|42/100 par
|-start|p1a: Toxapex|move: Heal Block
|move|p1a: Toxapex|Poison Jab|p2a: Hatterene
|-supereffective|p2a: Hatterene
|-damage|p2a: Hatterene|68/100
|-damage|p1a: Toxapex|25/100 par|[from] item: Rocky Helmet|[of] p2a: Hatterene
|
|upkeep
|turn|3
|
|t:|1760878922
|switch|p1a: Blissey|Blissey, F|100/100
|move|p2a: Hatterene|Nuzzle|p1a: Blissey
|-damage|p1a: Blissey|94/100
|-status|p1a: Blissey|par
|
|upkeep
|turn|4
|
|t:|1760878929
|-curestatus|p1a: Blissey|par|[from] ability: Natural Cure
|switch|p1a: Gliscor|Gliscor, M|100/100
|move|p2a: Hatterene|Psychic Noise|p1a: Gliscor
|-damage|p1a: Gliscor|60/100
|-start|p1a: Gliscor|move: Heal Block
|
|-status|p1a: Gliscor|tox|[from] item: Toxic Orb
|upkeep
|turn|5
|
|t:|1760878932
|move|p1a: Gliscor|Knock Off|p2a: Hatterene
|-damage|p2a: Hatterene|50/100
|-damage|p1a: Gliscor|44/100 tox|[from] item: Rocky Helmet|[of] p2a: Hatterene
|-enditem|p2a: Hatterene|Rocky Helmet|[from] move: Knock Off|[of] p1a: Gliscor
|move|p2a: Hatterene|Psychic Noise|p1a: Gliscor
|-damage|p1a: Gliscor|5/100 tox
|
|-end|p1a: Gliscor|move: Heal Block
|upkeep
|turn|6
|
|t:|1760878937
|move|p1a: Gliscor|Protect|p1a: Gliscor
|-singleturn|p1a: Gliscor|Protect
|move|p2a: Hatterene|Psychic Noise|p1a: Gliscor
|-activate|p1a: Gliscor|move: Protect
|
|-heal|p1a: Gliscor|18/100 tox|[from] ability: Poison Heal
|upkeep
|turn|7
|
|t:|1760878939
|switch|p1a: Blissey|Blissey, F|94/100
|move|p2a: Hatterene|Pain Split|p1a: Blissey
|-sethp|p1a: Blissey|58/100|[from] move: Pain Split|[silent]
|-sethp|p2a: Hatterene|100/100|[from] move: Pain Split
|
|upkeep
|turn|8
|
|t:|1760878946
|switch|p2a: Great Tusk|Great Tusk|100/100
|move|p1a: Blissey|Seismic Toss|p2a: Great Tusk
|-damage|p2a: Great Tusk|77/100
|-damage|p1a: Blissey|42/100|[from] item: Rocky Helmet|[of] p2a: Great Tusk
|
|upkeep
|turn|9
|
|t:|1760878950
|switch|p1a: Moltres|Moltres|100/100
|move|p2a: Great Tusk|Stealth Rock|p1a: Moltres
|-sidestart|p1: Ghost_DZ|move: Stealth Rock
|
|upkeep
|turn|10
|
|t:|1760878956
|-end|p2a: Great Tusk|Protosynthesis|[silent]
|switch|p2a: Alomomola|Alomomola, F|100/100
|move|p1a: Moltres|U-turn|p2a: Alomomola
|-damage|p2a: Alomomola|90/100
|
|t:|1760878965
|switch|p1a: Gliscor|Gliscor, M|18/100 tox|[from] U-turn
|-damage|p1a: Gliscor|5/100 tox|[from] Stealth Rock
|
|-heal|p1a: Gliscor|18/100 tox|[from] ability: Poison Heal
|upkeep
|turn|11
|
|t:|1760878970
|switch|p2a: Hatterene|Hatterene, F|100/100
|move|p1a: Gliscor|Protect||[still]
|-fail|p1a: Gliscor
|
|-heal|p1a: Gliscor|30/100 tox|[from] ability: Poison Heal
|upkeep
|turn|12
|
|t:|1760878974
|move|p1a: Gliscor|Protect|p1a: Gliscor
|-singleturn|p1a: Gliscor|Protect
|move|p2a: Hatterene|Psychic Noise|p1a: Gliscor
|-activate|p1a: Gliscor|move: Protect
|
|-heal|p1a: Gliscor|43/100 tox|[from] ability: Poison Heal
|upkeep
|turn|13
|
|t:|1760878980
|switch|p1a: Blissey|Blissey, F|42/100
|move|p2a: Hatterene|Psychic Noise|p1a: Blissey
|-damage|p1a: Blissey|32/100
|-start|p1a: Blissey|move: Heal Block
|
|upkeep
|turn|14
|
|t:|1760878985
|move|p1a: Blissey|Seismic Toss|p2a: Hatterene
|-damage|p2a: Hatterene|69/100
|move|p2a: Hatterene|Psychic Noise|p1a: Blissey
|-damage|p1a: Blissey|23/100
|
|-end|p1a: Blissey|move: Heal Block
|upkeep
|turn|15
|
|t:|1760879003
|move|p1a: Blissey|Seismic Toss|p2a: Hatterene
|-damage|p2a: Hatterene|38/100
|move|p2a: Hatterene|Nuzzle|p1a: Blissey
|-damage|p1a: Blissey|17/100
|-status|p1a: Blissey|par
|
|upkeep
|turn|16
|
|t:|1760879008
|move|p2a: Hatterene|Psychic Noise|p1a: Blissey
|-damage|p1a: Blissey|7/100 par
|-start|p1a: Blissey|move: Heal Block
|cant|p1a: Blissey|move: Heal Block|Soft-Boiled
|
|upkeep
|turn|17
|
|t:|1760879023
|-curestatus|p1a: Blissey|par|[from] ability: Natural Cure
|switch|p1a: Moltres|Moltres|100/100
|move|p2a: Hatterene|Psychic Noise|p1a: Moltres
|-damage|p1a: Moltres|68/100
|-start|p1a: Moltres|move: Heal Block
|
|upkeep
|turn|18
|
|t:|1760879027
|switch|p2a: Alomomola|Alomomola, F|100/100
|move|p1a: Moltres|U-turn|p2a: Alomomola
|-damage|p2a: Alomomola|89/100
|
|t:|1760879036
|switch|p1a: Toxapex|Toxapex, F|59/100 par|[from] U-turn
|
|upkeep
|turn|19
|
|t:|1760879044
|switch|p2a: Venusaur|Venusaur, F|100/100
|move|p1a: Toxapex|Poison Jab|p2a: Venusaur
|-damage|p2a: Venusaur|85/100
|
|-heal|p2a: Venusaur|91/100|[from] item: Leftovers
|upkeep
|turn|20
|
|t:|1760879049
|switch|p1a: Moltres|Moltres|68/100
|move|p2a: Venusaur|Knock Off|p1a: Moltres
|-damage|p1a: Moltres|56/100
|-enditem|p1a: Moltres|Heavy-Duty Boots|[from] move: Knock Off|[of] p2a: Venusaur
|
|-heal|p2a: Venusaur|97/100|[from] item: Leftovers
|upkeep
|turn|21
|
|t:|1760879054
|move|p1a: Moltres|Roost|p1a: Moltres
|-heal|p1a: Moltres|100/100
|-singleturn|p1a: Moltres|move: Roost
|move|p2a: Venusaur|Sludge Bomb|p1a: Moltres
|-damage|p1a: Moltres|68/100
|
|-heal|p2a: Venusaur|100/100|[from] item: Leftovers
|upkeep
|turn|22
|
|t:|1760879058
|move|p1a: Moltres|Will-O-Wisp|p2a: Venusaur
|-status|p2a: Venusaur|brn
|move|p2a: Venusaur|Sludge Bomb|p1a: Moltres
|-damage|p1a: Moltres|34/100
|
|-damage|p2a: Venusaur|94/100 brn|[from] brn
|upkeep
|turn|23
|
|t:|1760879061
|move|p1a: Moltres|Roost|p1a: Moltres
|-heal|p1a: Moltres|85/100
|-singleturn|p1a: Moltres|move: Roost
|move|p2a: Venusaur|Sludge Bomb|p1a: Moltres
|-damage|p1a: Moltres|50/100
|
|-heal|p2a: Venusaur|100/100 brn|[from] item: Leftovers
|-damage|p2a: Venusaur|94/100 brn|[from] brn
|upkeep
|turn|24
|
|t:|1760879065
|move|p1a: Moltres|Flamethrower|p2a: Venusaur
|-supereffective|p2a: Venusaur
|-damage|p2a: Venusaur|22/100 brn
|move|p2a: Venusaur|Sludge Bomb|p1a: Moltres
|-damage|p1a: Moltres|17/100
|
|-heal|p2a: Venusaur|28/100 brn|[from] item: Leftovers
|-damage|p2a: Venusaur|22/100 brn|[from] brn
|upkeep
|turn|25
|
|t:|1760879071
|move|p1a: Moltres|Roost|p1a: Moltres
|-heal|p1a: Moltres|67/100
|-singleturn|p1a: Moltres|move: Roost
|move|p2a: Venusaur|Sludge Bomb|p1a: Moltres
|-damage|p1a: Moltres|37/100
|
|-heal|p2a: Venusaur|28/100 brn|[from] item: Leftovers
|-damage|p2a: Venusaur|22/100 brn|[from] brn
|upkeep
|turn|26
|
|t:|1760879074
|move|p1a: Moltres|Flamethrower|p2a: Venusaur
|-supereffective|p2a: Venusaur
|-damage|p2a: Venusaur|0 fnt
|faint|p2a: Venusaur
|
|upkeep
|
|t:|1760879075
|switch|p2a: Weavile|Weavile, F|100/100
|-ability|p2a: Weavile|Pressure
|turn|27
|
|t:|1760879079
|move|p2a: Weavile|Knock Off|p1a: Moltres
|-damage|p1a: Moltres|1/100
|move|p1a: Moltres|Will-O-Wisp|p2a: Weavile|[miss]
|-miss|p1a: Moltres|p2a: Weavile
|
|upkeep
|turn|28
|
|t:|1760879084
|move|p2a: Weavile|Knock Off|p1a: Moltres
|-damage|p1a: Moltres|0 fnt
|-status|p2a: Weavile|brn|[from] ability: Flame Body|[of] p1a: Moltres
|faint|p1a: Moltres
|
|-damage|p2a: Weavile|94/100 brn|[from] brn
|upkeep
|
|t:|1760879090
|switch|p1a: Toxapex|Toxapex, F|92/100 par
|turn|29
|
|t:|1760879093
|move|p2a: Weavile|Knock Off|p1a: Toxapex
|-damage|p1a: Toxapex|71/100 par
|-enditem|p1a: Toxapex|Heavy-Duty Boots|[from] move: Knock Off|[of] p2a: Weavile
|move|p1a: Toxapex|Toxic Spikes|p2a: Weavile
|-sidestart|p2: ho3nconfirm3d|move: Toxic Spikes
|
|-damage|p2a: Weavile|88/100 brn|[from] brn
|upkeep
|turn|30
|
|t:|1760879101
|switch|p2a: Great Tusk|Great Tusk|77/100
|-status|p2a: Great Tusk|psn
|cant|p1a: Toxapex|par
|
|-damage|p2a: Great Tusk|65/100 psn|[from] psn
|upkeep
|turn|31
|
|t:|1760879109
|switch|p1a: Blissey|Blissey, F|7/100
|move|p2a: Great Tusk|Rapid Spin|p1a: Blissey
|-damage|p1a: Blissey|0 fnt
|-boost|p2a: Great Tusk|spe|1
|-sideend|p2: ho3nconfirm3d|Toxic Spikes|[from] move: Rapid Spin|[of] p2a: Great Tusk
|faint|p1a: Blissey
|
|-damage|p2a: Great Tusk|53/100 psn|[from] psn
|upkeep
|
|t:|1760879115
|switch|p1a: Gliscor|Gliscor, M|43/100 tox
|-damage|p1a: Gliscor|30/100 tox|[from] Stealth Rock
|turn|32
|
|t:|1760879133
|-end|p2a: Great Tusk|Protosynthesis|[silent]
|switch|p2a: Dragonite|Dragonite, M|100/100
|move|p1a: Gliscor|Protect||[still]
|-fail|p1a: Gliscor
|
|-heal|p1a: Gliscor|43/100 tox|[from] ability: Poison Heal
|upkeep
|turn|33
|
|t:|1760879144
|switch|p1a: Toxapex|Toxapex, F|100/100 par
|-damage|p1a: Toxapex|88/100 par|[from] Stealth Rock
|move|p2a: Dragonite|Dragon Dance|p2a: Dragonite
|-boost|p2a: Dragonite|atk|1
|-boost|p2a: Dragonite|spe|1
|
|upkeep
|turn|34
|
|t:|1760879147
|move|p2a: Dragonite|Earthquake|p1a: Toxapex
|-supereffective|p1a: Toxapex
|-damage|p1a: Toxapex|22/100 par
|cant|p1a: Toxapex|par
|
|upkeep
|turn|35
|
|t:|1760879159
|switch|p1a: Cresselia|Cresselia, F|100/100
|-damage|p1a: Cresselia|88/100|[from] Stealth Rock
|move|p2a: Dragonite|Earthquake|p1a: Cresselia
|-immune|p1a: Cresselia|[from] ability: Levitate
|
|upkeep
|turn|36
|
|t:|1760879164
|-terastallize|p2a: Dragonite|Fairy
|-terastallize|p1a: Cresselia|Steel
|move|p2a: Dragonite|Tera Blast|p1a: Cresselia|[anim] Tera Blast Fairy
|-resisted|p1a: Cresselia
|-damage|p1a: Cresselia|69/100
|move|p1a: Cresselia|Calm Mind|p1a: Cresselia
|-boost|p1a: Cresselia|spa|1
|-boost|p1a: Cresselia|spd|1
|
|upkeep
|turn|37
|
|t:|1760879171
|move|p2a: Dragonite|Encore|p1a: Cresselia
|-start|p1a: Cresselia|Encore
|move|p1a: Cresselia|Calm Mind|p1a: Cresselia
|-boost|p1a: Cresselia|spa|1
|-boost|p1a: Cresselia|spd|1
|
|upkeep
|turn|38
|
|t:|1760879175
|move|p2a: Dragonite|Tera Blast|p1a: Cresselia|[anim] Tera Blast Fairy
|-resisted|p1a: Cresselia
|-damage|p1a: Cresselia|50/100
|move|p1a: Cresselia|Calm Mind|p1a: Cresselia
|-boost|p1a: Cresselia|spa|1
|-boost|p1a: Cresselia|spd|1
|
|upkeep
|turn|39
|
|t:|1760879182
|switch|p1a: Dondozo|Dondozo, F|100/100
|move|p2a: Dragonite|Tera Blast|p1a: Dondozo|[anim] Tera Blast Fairy
|-crit|p1a: Dondozo
|-damage|p1a: Dondozo|73/100
|
|upkeep
|turn|40
|
|t:|1760879186
|switch|p2a: Weavile|Weavile, F|88/100 brn
|-ability|p2a: Weavile|Pressure
|move|p1a: Dondozo|Waterfall|p2a: Weavile
|-damage|p2a: Weavile|45/100 brn
|
|-damage|p2a: Weavile|39/100 brn|[from] brn
|upkeep
|turn|41
|
|t:|1760879196
|switch|p2a: Hatterene|Hatterene, F|38/100
|switch|p1a: Toxapex|Toxapex, F|56/100 par
|-damage|p1a: Toxapex|43/100 par|[from] Stealth Rock
|
|upkeep
|turn|42
|
|t:|1760879207
|switch|p1a: Cresselia|Cresselia, F, tera:Steel|50/100
|-damage|p1a: Cresselia|44/100|[from] Stealth Rock
|move|p2a: Hatterene|Psychic Noise|p1a: Cresselia
|-resisted|p1a: Cresselia
|-damage|p1a: Cresselia|35/100
|
|upkeep
|turn|43
|
|t:|1760879215
|switch|p2a: Dragonite|Dragonite, M, tera:Fairy|100/100
|move|p1a: Cresselia|Moonlight|p1a: Cresselia
|-heal|p1a: Cresselia|85/100
|
|upkeep
|turn|44
|j| Disscratch
|
|t:|1760879219
|switch|p2a: Hatterene|Hatterene, F|38/100
|switch|p1a: Gliscor|Gliscor, M|43/100 tox
|-damage|p1a: Gliscor|30/100 tox|[from] Stealth Rock
|
|-heal|p1a: Gliscor|43/100 tox|[from] ability: Poison Heal
|upkeep
|turn|45
|
|t:|1760879222
|move|p1a: Gliscor|Earthquake|p2a: Hatterene
|-damage|p2a: Hatterene|12/100
|move|p2a: Hatterene|Draining Kiss|p1a: Gliscor
|-damage|p1a: Gliscor|14/100 tox
|-heal|p2a: Hatterene|36/100|[from] drain|[of] p1a: Gliscor
|
|-heal|p1a: Gliscor|26/100 tox|[from] ability: Poison Heal
|upkeep
|turn|46
|
|t:|1760879233
|move|p1a: Gliscor|Earthquake|p2a: Hatterene
|-damage|p2a: Hatterene|7/100
|move|p2a: Hatterene|Draining Kiss|p1a: Gliscor
|-damage|p1a: Gliscor|0 fnt
|-heal|p2a: Hatterene|28/100|[from] drain|[of] p1a: Gliscor
|faint|p1a: Gliscor
|
|upkeep
|
|t:|1760879239
|switch|p1a: Cresselia|Cresselia, F, tera:Steel|85/100
|-damage|p1a: Cresselia|79/100|[from] Stealth Rock
|turn|47
|
|t:|1760879250
|move|p1a: Cresselia|Moonblast|p2a: Hatterene
|-damage|p2a: Hatterene|10/100
|move|p2a: Hatterene|Pain Split|p1a: Cresselia
|-sethp|p1a: Cresselia|43/100|[from] move: Pain Split|[silent]
|-sethp|p2a: Hatterene|60/100|[from] move: Pain Split
|
|upkeep
|turn|48
|
|t:|1760879258
|switch|p2a: Weavile|Weavile, F|39/100 brn
|-ability|p2a: Weavile|Pressure
|move|p1a: Cresselia|Calm Mind|p1a: Cresselia
|-boost|p1a: Cresselia|spa|1
|-boost|p1a: Cresselia|spd|1
|
|-damage|p2a: Weavile|33/100 brn|[from] brn
|upkeep
|turn|49
|
|t:|1760879262
|move|p2a: Weavile|Knock Off|p1a: Cresselia
|-crit|p1a: Cresselia
|-damage|p1a: Cresselia|11/100
|-enditem|p1a: Cresselia|Covert Cloak|[from] move: Knock Off|[of] p2a: Weavile
|move|p1a: Cresselia|Moonlight|p1a: Cresselia
|-heal|p1a: Cresselia|61/100
|
|-damage|p2a: Weavile|26/100 brn|[from] brn
|upkeep
|turn|50
|
|t:|1760879267
|switch|p2a: Dragonite|Dragonite, M, tera:Fairy|100/100
|move|p1a: Cresselia|Moonlight|p1a: Cresselia
|-heal|p1a: Cresselia|100/100
|
|upkeep
|turn|51
|
|t:|1760879273
|move|p2a: Dragonite|Encore|p1a: Cresselia
|-start|p1a: Cresselia|Encore
|move|p1a: Cresselia|Moonlight|p1a: Cresselia
|-fail|p1a: Cresselia|heal
|
|upkeep
|turn|52
|
|t:|1760879275
|switch|p2a: Alomomola|Alomomola, F|100/100
|switch|p1a: Toxapex|Toxapex, F|77/100 par
|-damage|p1a: Toxapex|65/100 par|[from] Stealth Rock
|
|upkeep
|turn|53
|
|t:|1760879279
|move|p2a: Alomomola|Flip Turn|p1a: Toxapex
|-resisted|p1a: Toxapex
|-damage|p1a: Toxapex|59/100 par
|
|t:|1760879280
|switch|p2a: Hatterene|Hatterene, F|60/100|[from] Flip Turn
|cant|p1a: Toxapex|par
|
|upkeep
|turn|54
|
|t:|1760879286
|move|p2a: Hatterene|Psychic Noise|p1a: Toxapex
|-supereffective|p1a: Toxapex
|-damage|p1a: Toxapex|5/100 par
|-start|p1a: Toxapex|move: Heal Block
|move|p1a: Toxapex|Poison Jab|p2a: Hatterene
|-supereffective|p2a: Hatterene
|-damage|p2a: Hatterene|25/100
|
|upkeep
|turn|55
|
|t:|1760879292
|switch|p1a: Cresselia|Cresselia, F, tera:Steel|100/100
|-damage|p1a: Cresselia|94/100|[from] Stealth Rock
|move|p2a: Hatterene|Nuzzle|p1a: Cresselia
|-damage|p1a: Cresselia|92/100
|-status|p1a: Cresselia|par
|
|upkeep
|turn|56
|
|t:|1760879297
|move|p1a: Cresselia|Moonblast|p2a: Hatterene
|-damage|p2a: Hatterene|7/100
|-unboost|p2a: Hatterene|spa|1
|move|p2a: Hatterene|Pain Split|p1a: Cresselia
|-sethp|p1a: Cresselia|49/100 par|[from] move: Pain Split|[silent]
|-sethp|p2a: Hatterene|68/100|[from] move: Pain Split
|
|upkeep
|turn|57
|
|t:|1760879302
|switch|p2a: Alomomola|Alomomola, F|100/100
|move|p1a: Cresselia|Moonlight|p1a: Cresselia
|-heal|p1a: Cresselia|99/100 par
|
|upkeep
|turn|58
|
|t:|1760879305
|switch|p1a: Toxapex|Toxapex, F|38/100 par
|-damage|p1a: Toxapex|26/100 par|[from] Stealth Rock
|move|p2a: Alomomola|Flip Turn|p1a: Toxapex
|-resisted|p1a: Toxapex
|-damage|p1a: Toxapex|21/100 par
|
|t:|1760879307
|switch|p2a: Hatterene|Hatterene, F|68/100|[from] Flip Turn
|
|upkeep
|turn|59
|
|t:|1760879311
|move|p2a: Hatterene|Psychic Noise|p1a: Toxapex
|-supereffective|p1a: Toxapex
|-damage|p1a: Toxapex|0 fnt
|faint|p1a: Toxapex
|
|upkeep
|-message|Ghost_DZ forfeited.
|
|win|ho3nconfirm3d
|raw|Ghost_DZ's rating: 1662 &rarr; <strong>1643</strong><br />(-19 for losing)
|raw|ho3nconfirm3d's rating: 1679 &rarr; <strong>1698</strong><br />(+19 for winning)
|l|☆Ghost_DZ
|player|p1|
|l|☆ho3nconfirm3d
|player|p2|
|l| Disscratch
