|j|☆tongolele
|j|☆Tungsten Daniel
|t:|1760796964
|gametype|singles
|player|p1|tongolele|170|1283
|player|p2|Tungsten Daniel|ingo|1290
|gen|9
|tier|[Gen 9] OU
|rated|
|rule|HP Percentage Mod: HP is shown in percentages
|rule|Endless Battle Clause: Forcing endless battles is banned
|rule|Species Clause: Limit one of each Pokémon
|rule|OHKO Clause: OHKO moves are banned
|rule|Evasion Items Clause: Evasion items are banned
|rule|Evasion Moves Clause: Evasion moves are banned
|rule|Evasion Abilities Clause: Evasion abilities are banned
|rule|Sleep Moves Clause: Sleep-inducing moves are banned
|clearpoke
|poke|p1|Blaziken, F|
|poke|p1|Gastrodon, F|
|poke|p1|Goodra, F|
|poke|p1|Gliscor, F|
|poke|p1|Gholdengo|
|poke|p1|Glimmora, M|
|poke|p2|Alomomola, F|
|poke|p2|Gallade, M|
|poke|p2|Slowking-Galar, F|
|poke|p2|Serperior, M|
|poke|p2|Scizor, F|
|poke|p2|Gliscor, F|
|teampreview
|inactive|Battle timer is ON: inactive players will automatically lose when time's up. (requested by tongolele)
|
|t:|1760796970
|teamsize|p1|6
|teamsize|p2|6
|start
|switch|p1a: Glimmora|Glimmora, M|100/100
|switch|p2a: Serperior|Serperior, M|100/100
|turn|1
|inactive|tongolele has 120 seconds left.
|
|t:|1760797029
|move|p2a: Serperior|Substitute|p2a: Serperior
|-start|p2a: Serperior|Substitute
|-damage|p2a: Serperior|76/100
|move|p1a: Glimmora|Stealth Rock|p2a: Serperior
|-sidestart|p2: Tungsten Daniel|move: Stealth Rock
|
|-heal|p2a: Serperior|82/100|[from] item: Leftovers
|upkeep
|turn|2
|
|t:|1760797037
|switch|p1a: Goodra|Goodra, F|100/100
|move|p2a: Serperior|Leaf Storm|p1a: Goodra
|-ability|p1a: Goodra|Sap Sipper|boost
|-boost|p1a: Goodra|atk|1
|
|-heal|p2a: Serperior|88/100|[from] item: Leftovers
|upkeep
|turn|3
|
|t:|1760797052
|move|p2a: Serperior|Glare|p1a: Goodra
|-status|p1a: Goodra|par
|move|p1a: Goodra|Fire Blast|p2a: Serperior
|-supereffective|p2a: Serperior
|-end|p2a: Serperior|Substitute
|
|-heal|p2a: Serperior|94/100|[from] item: Leftovers
|upkeep
|turn|4
|
|t:|1760797066
|switch|p2a: Slowking|Slowking-Galar, F|100/100
|-damage|p2a: Slowking|88/100|[from] Stealth Rock
|move|p1a: Goodra|Dragon Tail|p2a: Slowking
|-damage|p2a: Slowking|66/100
|drag|p2a: Alomomola|Alomomola, F|100/100
|-damage|p2a: Alomomola|88/100|[from] Stealth Rock
|
|-heal|p2a: Alomomola|94/100|[from] item: Leftovers
|upkeep
|turn|5
|
|t:|1760797078
|move|p2a: Alomomola|Flip Turn|p1a: Goodra
|-resisted|p1a: Goodra
|-damage|p1a: Goodra|91/100 par
|
|t:|1760797085
|switch|p2a: Slowking|Slowking-Galar, F|99/100|[from] Flip Turn
|-damage|p2a: Slowking|87/100|[from] Stealth Rock
|move|p1a: Goodra|Thunderbolt|p2a: Slowking
|-damage|p2a: Slowking|68/100
|
|-heal|p2a: Slowking|74/100|[from] item: Black Sludge
|upkeep
|turn|6
|
|t:|1760797098
|move|p2a: Slowking|Ice Beam|p1a: Goodra
|-supereffective|p1a: Goodra
|-damage|p1a: Goodra|76/100 par
|move|p1a: Goodra|Dragon Tail|p2a: Slowking
|-damage|p2a: Slowking|50/100
|drag|p2a: Scizor|Scizor, F|100/100
|
|upkeep
|turn|7
|
|t:|1760797111
|switch|p2a: Gliscor|Gliscor, F|100/100
|-damage|p2a: Gliscor|88/100|[from] Stealth Rock
|cant|p1a: Goodra|par
|
|-status|p2a: Gliscor|tox|[from] item: Toxic Orb
|upkeep
|turn|8
|inactive|tongolele has 120 seconds left.
|
|t:|1760797123
|switch|p1a: Gliscor|Gliscor, F|100/100
|move|p2a: Gliscor|Earthquake|p1a: Gliscor
|-immune|p1a: Gliscor
|
|-heal|p2a: Gliscor|100/100 tox|[from] ability: Poison Heal
|-status|p1a: Gliscor|tox|[from] item: Toxic Orb
|upkeep
|turn|9
|inactive|tongolele has 120 seconds left.
|inactive|tongolele has 90 seconds left.
|inactive|tongolele has 60 seconds left.
|inactive|tongolele has 30 seconds left.
|inactive|tongolele has 20 seconds left.
|inactive|tongolele has 15 seconds left.
|inactive|tongolele has 10 seconds left.
|inactive|tongolele has 5 seconds left.
|-message|tongolele lost due to inactivity.
|
|win|Tungsten Daniel
|raw|tongolele's rating: 1283 &rarr; <strong>1260</strong><br />(-23 for losing)
|raw|Tungsten Daniel's rating: 1317 &rarr; <strong>1335</strong><br />(+18 for winning)
|l|☆Tungsten Daniel
|player|p2|
|l|☆tongolele
|player|p1|
