|j|☆AlmightyHD
|j|☆c4ptain_barnacles
|t:|1760732087
|gametype|singles
|player|p1|AlmightyHD|acetrainerf-gen4dp|1506
|player|p2|c4ptain_barnacles|101|1445
|gen|9
|tier|[Gen 9] OU
|rated|
|rule|HP Percentage Mod: HP is shown in percentages
|rule|Endless Battle Clause: Forcing endless battles is banned
|rule|Species Clause: Limit one of each Pokémon
|rule|OHKO Clause: OHKO moves are banned
|rule|Evasion Items Clause: Evasion items are banned
|rule|Evasion Moves Clause: Evasion moves are banned
|rule|Evasion Abilities Clause: Evasion abilities are banned
|rule|Sleep Moves Clause: Sleep-inducing moves are banned
|clearpoke
|poke|p1|Dragapult, F|
|poke|p1|Darkrai|
|poke|p1|Deoxys-Speed|
|poke|p1|Okidogi, M|
|poke|p1|Whiscash, F|
|poke|p1|Corviknight, M|
|poke|p2|Kingambit, F|
|poke|p2|Cinderace, F|
|poke|p2|Landorus-Therian, M|
|poke|p2|Iron Valiant|
|poke|p2|Kyurem|
|poke|p2|Slowking-Galar, M|
|teampreview
|inactive|Battle timer is ON: inactive players will automatically lose when time's up. (requested by c4ptain_barnacles)
|
|t:|1760732096
|teamsize|p1|6
|teamsize|p2|6
|start
|switch|p1a: Whiscash|Whiscash, F|100/100
|switch|p2a: Kyurem|Kyurem, shiny|100/100
|-ability|p2a: Kyurem|Pressure
|turn|1
|
|t:|1760732104
|switch|p1a: Deoxys|Deoxys-Speed|100/100
|-ability|p1a: Deoxys|Pressure
|move|p2a: Kyurem|Freeze-Dry|p1a: Deoxys
|-damage|p1a: Deoxys|47/100
|
|upkeep
|turn|2
|
|t:|1760732111
|move|p1a: Deoxys|Focus Blast|p2a: Kyurem|[miss]
|-miss|p1a: Deoxys|p2a: Kyurem
|move|p2a: Kyurem|Freeze-Dry|p1a: Deoxys
|-damage|p1a: Deoxys|0 fnt
|faint|p1a: Deoxys
|
|upkeep
|
|t:|1760732115
|switch|p1a: Okidogi|Okidogi, M|100/100
|-item|p1a: Okidogi|Air Balloon
|turn|3
|
|t:|1760732122
|switch|p2a: Landorus|Landorus-Therian, M, shiny|100/100
|-ability|p2a: Landorus|Intimidate|boost
|-ability|p1a: Okidogi|Guard Dog|boost
|-boost|p1a: Okidogi|atk|1
|move|p1a: Okidogi|Drain Punch|p2a: Landorus
|-resisted|p2a: Landorus
|-damage|p2a: Landorus|73/100
|-damage|p1a: Okidogi|84/100|[from] item: Rocky Helmet|[of] p2a: Landorus
|
|upkeep
|turn|4
|
|t:|1760732128
|move|p2a: Landorus|Rock Tomb|p1a: Okidogi
|-resisted|p1a: Okidogi
|-crit|p1a: Okidogi
|-damage|p1a: Okidogi|71/100
|-unboost|p1a: Okidogi|spe|1
|-enditem|p1a: Okidogi|Air Balloon
|move|p1a: Okidogi|Ice Punch|p2a: Landorus
|-supereffective|p2a: Landorus
|-damage|p2a: Landorus|0 fnt
|-damage|p1a: Okidogi|54/100|[from] item: Rocky Helmet|[of] p2a: Landorus
|faint|p2a: Landorus
|
|upkeep
|
|t:|1760732139
|switch|p2a: Kyurem|Kyurem, shiny|100/100
|-ability|p2a: Kyurem|Pressure
|turn|5
|
|t:|1760732146
|switch|p1a: Whiscash|Whiscash, F|100/100
|move|p2a: Kyurem|Substitute|p2a: Kyurem
|-start|p2a: Kyurem|Substitute
|-damage|p2a: Kyurem|76/100
|
|-heal|p2a: Kyurem|82/100|[from] item: Leftovers
|upkeep
|turn|6
|
|t:|1760732151
|switch|p1a: Corviknight|Corviknight, M|100/100
|-ability|p1a: Corviknight|Pressure
|move|p2a: Kyurem|Freeze-Dry|p1a: Corviknight
|-damage|p1a: Corviknight|65/100
|-status|p1a: Corviknight|frz
|
|-heal|p2a: Kyurem|88/100|[from] item: Leftovers
|upkeep
|turn|7
|
|t:|1760732155
|move|p2a: Kyurem|Freeze-Dry|p1a: Corviknight
|-damage|p1a: Corviknight|30/100 frz
|-curestatus|p1a: Corviknight|frz|[msg]
|move|p1a: Corviknight|Roost|p1a: Corviknight
|-heal|p1a: Corviknight|80/100
|-singleturn|p1a: Corviknight|move: Roost
|
|-heal|p2a: Kyurem|94/100|[from] item: Leftovers
|upkeep
|turn|8
|
|t:|1760732165
|move|p2a: Kyurem|Freeze-Dry|p1a: Corviknight
|-damage|p1a: Corviknight|47/100
|move|p1a: Corviknight|Roost|p1a: Corviknight
|-heal|p1a: Corviknight|97/100
|-singleturn|p1a: Corviknight|move: Roost
|
|-heal|p2a: Kyurem|99/100|[from] item: Leftovers
|upkeep
|turn|9
|
|t:|1760732168
|move|p2a: Kyurem|Freeze-Dry|p1a: Corviknight
|-damage|p1a: Corviknight|64/100
|move|p1a: Corviknight|Body Press|p2a: Kyurem
|-supereffective|p2a: Kyurem
|-end|p2a: Kyurem|Substitute
|
|-heal|p2a: Kyurem|100/100|[from] item: Leftovers
|upkeep
|turn|10
|
|t:|1760732179
|switch|p2a: Slowking|Slowking-Galar, M, shiny|100/100
|move|p1a: Corviknight|Roost|p1a: Corviknight
|-heal|p1a: Corviknight|100/100
|-singleturn|p1a: Corviknight|move: Roost
|
|upkeep
|turn|11
|
|t:|1760732186
|move|p1a: Corviknight|U-turn|p2a: Slowking
|-damage|p2a: Slowking|87/100
|
|t:|1760732188
|switch|p1a: Darkrai|Darkrai|100/100|[from] U-turn
|-prepare|p2a: Slowking|Chilly Reception|[premajor]
|move|p2a: Slowking|Chilly Reception|p2a: Slowking
|-weather|Snowscape
|
|t:|1760732207
|switch|p2a: Kyurem|Kyurem, shiny|100/100|[from] Chilly Reception
|-ability|p2a: Kyurem|Pressure
|
|-weather|Snowscape|[upkeep]
|upkeep
|turn|12
|
|t:|1760732211
|move|p1a: Darkrai|Trick|p2a: Kyurem
|-activate|p1a: Darkrai|move: Trick|[of] p2a: Kyurem
|-item|p2a: Kyurem|Choice Scarf|[from] move: Trick
|-item|p1a: Darkrai|Leftovers|[from] move: Trick
|move|p2a: Kyurem|Freeze-Dry|p1a: Darkrai
|-damage|p1a: Darkrai|58/100
|
|-weather|Snowscape|[upkeep]
|-heal|p1a: Darkrai|64/100|[from] item: Leftovers
|upkeep
|turn|13
|
|t:|1760732220
|move|p2a: Kyurem|Freeze-Dry|p1a: Darkrai
|-damage|p1a: Darkrai|17/100
|-status|p1a: Darkrai|frz
|cant|p1a: Darkrai|frz
|
|-weather|Snowscape|[upkeep]
|-heal|p1a: Darkrai|23/100 frz|[from] item: Leftovers
|upkeep
|turn|14
|
|t:|1760732225
|move|p2a: Kyurem|Freeze-Dry|p1a: Darkrai
|-damage|p1a: Darkrai|0 fnt
|faint|p1a: Darkrai
|
|-weather|Snowscape|[upkeep]
|upkeep
|
|t:|1760732231
|switch|p1a: Corviknight|Corviknight, M|100/100
|-ability|p1a: Corviknight|Pressure
|turn|15
|
|t:|1760732235
|switch|p2a: Slowking|Slowking-Galar, M, shiny|100/100
|move|p1a: Corviknight|U-turn|p2a: Slowking
|-damage|p2a: Slowking|86/100
|
|t:|1760732241
|switch|p1a: Dragapult|Dragapult, F|100/100|[from] U-turn
|
|-weather|none
|upkeep
|turn|16
|
|t:|1760732243
|move|p1a: Dragapult|Substitute|p1a: Dragapult
|-start|p1a: Dragapult|Substitute
|-damage|p1a: Dragapult|76/100
|move|p2a: Slowking|Thunder Wave||[still]
|-fail|p2a: Slowking
|
|upkeep
|turn|17
|
|t:|1760732246
|move|p1a: Dragapult|Shadow Ball|p2a: Slowking
|-supereffective|p2a: Slowking
|-damage|p2a: Slowking|30/100
|-damage|p1a: Dragapult|66/100|[from] item: Life Orb
|move|p2a: Slowking|Psychic Noise|p1a: Dragapult
|-damage|p1a: Dragapult|25/100
|-start|p1a: Dragapult|move: Heal Block
|
|upkeep
|turn|18
|
|t:|1760732262
|switch|p2a: Kyurem|Kyurem, shiny|100/100
|-ability|p2a: Kyurem|Pressure
|move|p1a: Dragapult|Fire Blast|p2a: Kyurem
|-damage|p2a: Kyurem|60/100
|-damage|p1a: Dragapult|15/100|[from] item: Life Orb
|
|-end|p1a: Dragapult|move: Heal Block
|upkeep
|turn|19
|
|t:|1760732268
|move|p2a: Kyurem|Substitute|p2a: Kyurem
|-start|p2a: Kyurem|Substitute
|-damage|p2a: Kyurem|35/100
|move|p1a: Dragapult|Dragon Darts|p2a: Kyurem
|-supereffective|p2a: Kyurem
|-end|p2a: Kyurem|Substitute
|-anim|p1a: Dragapult|Dragon Darts|p2a: Kyurem
|-supereffective|p2a: Kyurem
|-damage|p2a: Kyurem|0 fnt
|faint|p2a: Kyurem
|-damage|p1a: Dragapult|6/100|[from] item: Life Orb
|
|upkeep
|
|t:|1760732274
|switch|p2a: Slowking|Slowking-Galar, M, shiny|63/100
|turn|20
|
|t:|1760732280
|move|p1a: Dragapult|Shadow Ball|p2a: Slowking
|-supereffective|p2a: Slowking
|-damage|p2a: Slowking|11/100
|-damage|p1a: Dragapult|0 fnt|[from] item: Life Orb
|faint|p1a: Dragapult
|-prepare|p2a: Slowking|Chilly Reception|[premajor]
|move|p2a: Slowking|Chilly Reception|p2a: Slowking
|-weather|Snowscape
|
|t:|1760732288
|switch|p2a: Cinderace|Cinderace, F, shiny|100/100|[from] Chilly Reception
|
|-weather|Snowscape|[upkeep]
|upkeep
|-message|AlmightyHD forfeited.
|
|win|c4ptain_barnacles
|raw|AlmightyHD's rating: 1506 &rarr; <strong>1483</strong><br />(-23 for losing)
|raw|c4ptain_barnacles's rating: 1445 &rarr; <strong>1468</strong><br />(+23 for winning)
|l|☆AlmightyHD
|player|p1|
|l|☆c4ptain_barnacles
|player|p2|
