|j|☆skmtmzaka
|j|☆Dbcool
|t:|1760813105
|gametype|singles
|player|p1|skmtmzaka|scientist-gen4|1436
|player|p2|Dbcool|fantina|1422
|gen|9
|tier|[Gen 9] OU
|rated|
|rule|HP Percentage Mod: HP is shown in percentages
|rule|Endless Battle Clause: Forcing endless battles is banned
|rule|Species Clause: Limit one of each Pokémon
|rule|OHKO Clause: OHKO moves are banned
|rule|Evasion Items Clause: Evasion items are banned
|rule|Evasion Moves Clause: Evasion moves are banned
|rule|Evasion Abilities Clause: Evasion abilities are banned
|rule|Sleep Moves Clause: Sleep-inducing moves are banned
|clearpoke
|poke|p1|Gliscor, F|
|poke|p1|Blissey, F|
|poke|p1|Corviknight, M|
|poke|p1|Toxapex, M|
|poke|p1|Clodsire, F|
|poke|p1|Dondozo, F|
|poke|p2|Gholdengo|
|poke|p2|Zamazenta-*|
|poke|p2|Ting-Lu|
|poke|p2|Clefable, F|
|poke|p2|Dragonite, M|
|poke|p2|Deoxys-Speed|
|teampreview
|inactive|Battle timer is ON: inactive players will automatically lose when time's up. (requested by skmtmzaka)
|
|t:|1760813130
|teamsize|p1|6
|teamsize|p2|6
|start
|switch|p1a: Gliscor|Gliscor, F|100/100
|switch|p2a: Clefable|Clefable, F|100/100
|turn|1
|
|t:|1760813137
|move|p1a: Gliscor|Protect|p1a: Gliscor
|-singleturn|p1a: Gliscor|Protect
|move|p2a: Clefable|Knock Off|p1a: Gliscor
|-activate|p1a: Gliscor|move: Protect
|
|-status|p1a: Gliscor|tox|[from] item: Toxic Orb
|upkeep
|turn|2
|
|t:|1760813146
|move|p1a: Gliscor|Knock Off|p2a: Clefable
|-resisted|p2a: Clefable
|-damage|p2a: Clefable|92/100
|-damage|p1a: Gliscor|84/100 tox|[from] item: Rocky Helmet|[of] p2a: Clefable
|-enditem|p2a: Clefable|Rocky Helmet|[from] move: Knock Off|[of] p1a: Gliscor
|move|p2a: Clefable|Stealth Rock|p1a: Gliscor
|-sidestart|p1: skmtmzaka|move: Stealth Rock
|
|-heal|p1a: Gliscor|96/100 tox|[from] ability: Poison Heal
|upkeep
|turn|3
|
|t:|1760813158
|move|p1a: Gliscor|Stealth Rock|p2a: Clefable
|-sidestart|p2: Dbcool|move: Stealth Rock
|move|p2a: Clefable|Knock Off|p1a: Gliscor
|-damage|p1a: Gliscor|85/100 tox
|-enditem|p1a: Gliscor|Toxic Orb|[from] move: Knock Off|[of] p2a: Clefable
|
|-heal|p1a: Gliscor|97/100 tox|[from] ability: Poison Heal
|upkeep
|turn|4
|
|t:|1760813168
|move|p1a: Gliscor|Earthquake|p2a: Clefable
|-damage|p2a: Clefable|64/100
|move|p2a: Clefable|Knock Off|p1a: Gliscor
|-crit|p1a: Gliscor
|-damage|p1a: Gliscor|86/100 tox
|
|-heal|p1a: Gliscor|98/100 tox|[from] ability: Poison Heal
|upkeep
|turn|5
|
|t:|1760813178
|move|p1a: Gliscor|Earthquake|p2a: Clefable
|-damage|p2a: Clefable|40/100
|move|p2a: Clefable|Moonlight|p2a: Clefable
|-heal|p2a: Clefable|90/100
|
|-heal|p1a: Gliscor|100/100 tox|[from] ability: Poison Heal
|upkeep
|turn|6
|
|t:|1760813187
|move|p1a: Gliscor|Earthquake|p2a: Clefable
|-damage|p2a: Clefable|64/100
|move|p2a: Clefable|Moonblast|p1a: Gliscor
|-damage|p1a: Gliscor|73/100 tox
|-unboost|p1a: Gliscor|spa|1
|
|-heal|p1a: Gliscor|86/100 tox|[from] ability: Poison Heal
|upkeep
|turn|7
|
|t:|1760813197
|move|p1a: Gliscor|Earthquake|p2a: Clefable
|-damage|p2a: Clefable|38/100
|move|p2a: Clefable|Moonlight|p2a: Clefable
|-heal|p2a: Clefable|88/100
|
|-heal|p1a: Gliscor|98/100 tox|[from] ability: Poison Heal
|upkeep
|turn|8
|
|t:|1760813206
|move|p1a: Gliscor|Earthquake|p2a: Clefable
|-damage|p2a: Clefable|63/100
|move|p2a: Clefable|Moonblast|p1a: Gliscor
|-crit|p1a: Gliscor
|-damage|p1a: Gliscor|58/100 tox
|-unboost|p1a: Gliscor|spa|1
|
|-heal|p1a: Gliscor|70/100 tox|[from] ability: Poison Heal
|upkeep
|turn|9
|
|t:|1760813217
|move|p1a: Gliscor|Earthquake|p2a: Clefable
|-damage|p2a: Clefable|37/100
|move|p2a: Clefable|Moonblast|p1a: Gliscor
|-damage|p1a: Gliscor|41/100 tox
|-unboost|p1a: Gliscor|spa|1
|
|-heal|p1a: Gliscor|54/100 tox|[from] ability: Poison Heal
|upkeep
|turn|10
|
|t:|1760813227
|move|p1a: Gliscor|Earthquake|p2a: Clefable
|-damage|p2a: Clefable|10/100
|move|p2a: Clefable|Moonlight|p2a: Clefable
|-heal|p2a: Clefable|60/100
|
|-heal|p1a: Gliscor|66/100 tox|[from] ability: Poison Heal
|upkeep
|turn|11
|
|t:|1760813235
|move|p1a: Gliscor|Earthquake|p2a: Clefable
|-damage|p2a: Clefable|34/100
|move|p2a: Clefable|Moonblast|p1a: Gliscor
|-damage|p1a: Gliscor|38/100 tox
|-unboost|p1a: Gliscor|spa|1
|
|-heal|p1a: Gliscor|50/100 tox|[from] ability: Poison Heal
|upkeep
|turn|12
|
|t:|1760813245
|move|p1a: Gliscor|Earthquake|p2a: Clefable
|-crit|p2a: Clefable
|-damage|p2a: Clefable|0 fnt
|faint|p2a: Clefable
|
|-heal|p1a: Gliscor|62/100 tox|[from] ability: Poison Heal
|upkeep
|
|t:|1760813253
|switch|p2a: Deoxys|Deoxys-Speed|100/100
|-ability|p2a: Deoxys|Pressure
|turn|13
|
|t:|1760813259
|move|p1a: Gliscor|Protect|p1a: Gliscor
|-singleturn|p1a: Gliscor|Protect
|move|p2a: Deoxys|Nasty Plot|p2a: Deoxys
|-boost|p2a: Deoxys|spa|2
|
|-heal|p1a: Gliscor|75/100 tox|[from] ability: Poison Heal
|upkeep
|turn|14
|
|t:|1760813270
|switch|p1a: Blissey|Blissey, F|100/100
|-damage|p1a: Blissey|88/100|[from] Stealth Rock
|move|p2a: Deoxys|Ice Beam|p1a: Blissey
|-damage|p1a: Blissey|72/100
|
|upkeep
|turn|15
|
|t:|1760813278
|switch|p2a: Gholdengo|Gholdengo|100/100
|-terastallize|p1a: Blissey|Dark
|move|p1a: Blissey|Trick|p2a: Gholdengo
|-immune|p2a: Gholdengo|[from] ability: Good as Gold
|
|upkeep
|turn|16
|
|t:|1760813289
|switch|p1a: Clodsire|Clodsire, F|100/100
|move|p2a: Gholdengo|Nasty Plot|p2a: Gholdengo
|-boost|p2a: Gholdengo|spa|2
|
|upkeep
|turn|17
|
|t:|1760813302
|switch|p2a: Ting-Lu|Ting-Lu, shiny|100/100
|-damage|p2a: Ting-Lu|94/100|[from] Stealth Rock
|-ability|p2a: Ting-Lu|Vessel of Ruin
|move|p1a: Clodsire|Earthquake|p2a: Ting-Lu
|-damage|p2a: Ting-Lu|80/100
|
|-heal|p2a: Ting-Lu|86/100|[from] item: Leftovers
|upkeep
|turn|18
|
|t:|1760813318
|move|p2a: Ting-Lu|Ruination|p1a: Clodsire
|-damage|p1a: Clodsire|50/100
|move|p1a: Clodsire|Toxic|p2a: Ting-Lu
|-status|p2a: Ting-Lu|tox
|
|-heal|p2a: Ting-Lu|93/100 tox|[from] item: Leftovers
|-damage|p2a: Ting-Lu|86/100 tox|[from] psn
|upkeep
|turn|19
|
|t:|1760813327
|switch|p1a: Toxapex|Toxapex, M|100/100
|-damage|p1a: Toxapex|88/100|[from] Stealth Rock
|move|p2a: Ting-Lu|Earthquake|p1a: Toxapex
|-supereffective|p1a: Toxapex
|-damage|p1a: Toxapex|35/100
|
|-heal|p2a: Ting-Lu|93/100 tox|[from] item: Leftovers
|-damage|p2a: Ting-Lu|80/100 tox|[from] psn
|upkeep
|turn|20
|
|t:|1760813342
|switch|p1a: Gliscor|Gliscor, F|75/100 tox
|-damage|p1a: Gliscor|62/100 tox|[from] Stealth Rock
|move|p2a: Ting-Lu|Earthquake|p1a: Gliscor
|-immune|p1a: Gliscor
|
|-heal|p2a: Ting-Lu|86/100 tox|[from] item: Leftovers
|-heal|p1a: Gliscor|75/100 tox|[from] ability: Poison Heal
|-damage|p2a: Ting-Lu|68/100 tox|[from] psn
|upkeep
|turn|21
|c|☆Dbcool|ur not that good at stall
|
|t:|1760813355
|move|p1a: Gliscor|Knock Off|p2a: Ting-Lu
|-resisted|p2a: Ting-Lu
|-damage|p2a: Ting-Lu|62/100 tox
|-enditem|p2a: Ting-Lu|Leftovers|[from] move: Knock Off|[of] p1a: Gliscor
|move|p2a: Ting-Lu|Ruination|p1a: Gliscor
|-damage|p1a: Gliscor|38/100 tox
|
|-heal|p1a: Gliscor|50/100 tox|[from] ability: Poison Heal
|-damage|p2a: Ting-Lu|37/100 tox|[from] psn
|upkeep
|turn|22
|
|t:|1760813368
|move|p1a: Gliscor|Knock Off|p2a: Ting-Lu
|-resisted|p2a: Ting-Lu
|-damage|p2a: Ting-Lu|33/100 tox
|move|p2a: Ting-Lu|Ruination|p1a: Gliscor
|-damage|p1a: Gliscor|25/100 tox
|
|-heal|p1a: Gliscor|38/100 tox|[from] ability: Poison Heal
|-damage|p2a: Ting-Lu|2/100 tox|[from] psn
|upkeep
|turn|23
|
|t:|1760813378
|move|p1a: Gliscor|Protect|p1a: Gliscor
|-singleturn|p1a: Gliscor|Protect
|move|p2a: Ting-Lu|Ruination|p1a: Gliscor
|-activate|p1a: Gliscor|move: Protect
|
|-heal|p1a: Gliscor|50/100 tox|[from] ability: Poison Heal
|-damage|p2a: Ting-Lu|0 fnt|[from] psn
|faint|p2a: Ting-Lu
|upkeep
|
|t:|1760813381
|switch|p2a: Deoxys|Deoxys-Speed|100/100
|-ability|p2a: Deoxys|Pressure
|turn|24
|
|t:|1760813399
|move|p2a: Deoxys|Psycho Boost|p1a: Gliscor
|-damage|p1a: Gliscor|0 fnt
|-unboost|p2a: Deoxys|spa|2
|faint|p1a: Gliscor
|
|upkeep
|
|t:|1760813411
|switch|p1a: Toxapex|Toxapex, M|68/100
|-damage|p1a: Toxapex|55/100|[from] Stealth Rock
|turn|25
|
|t:|1760813418
|switch|p2a: Gholdengo|Gholdengo|100/100
|move|p1a: Toxapex|Toxic|p2a: Gholdengo
|-immune|p2a: Gholdengo|[from] ability: Good as Gold
|
|upkeep
|turn|26
|
|t:|1760813425
|switch|p2a: Deoxys|Deoxys-Speed|100/100
|-ability|p2a: Deoxys|Pressure
|switch|p1a: Clodsire|Clodsire, F|50/100
|
|upkeep
|turn|27
|
|t:|1760813440
|switch|p1a: Corviknight|Corviknight, M|100/100
|-damage|p1a: Corviknight|88/100|[from] Stealth Rock
|-ability|p1a: Corviknight|Pressure
|move|p2a: Deoxys|Psycho Boost|p1a: Corviknight
|-resisted|p1a: Corviknight
|-damage|p1a: Corviknight|62/100
|-unboost|p2a: Deoxys|spa|2
|
|upkeep
|turn|28
|
|t:|1760813453
|switch|p2a: Gholdengo|Gholdengo|100/100
|move|p1a: Corviknight|Roost|p1a: Corviknight
|-heal|p1a: Corviknight|100/100
|-singleturn|p1a: Corviknight|move: Roost
|
|upkeep
|turn|29
|
|t:|1760813464
|switch|p1a: Clodsire|Clodsire, F|50/100
|move|p2a: Gholdengo|Make It Rain|p1a: Clodsire
|-damage|p1a: Clodsire|23/100
|-unboost|p2a: Gholdengo|spa|1
|
|upkeep
|turn|30
|
|t:|1760813473
|move|p2a: Gholdengo|Make It Rain|p1a: Clodsire
|-damage|p1a: Clodsire|0 fnt
|-unboost|p2a: Gholdengo|spa|1
|faint|p1a: Clodsire
|
|upkeep
|
|t:|1760813490
|switch|p1a: Dondozo|Dondozo, F|100/100
|-damage|p1a: Dondozo|88/100|[from] Stealth Rock
|turn|31
|
|t:|1760813497
|switch|p2a: Dragonite|Dragonite, M|100/100
|move|p1a: Dondozo|Avalanche|p2a: Dragonite
|-supereffective|p2a: Dragonite
|-damage|p2a: Dragonite|74/100
|
|-heal|p1a: Dondozo|94/100|[from] item: Leftovers
|upkeep
|turn|32
|
|t:|1760813507
|move|p1a: Dondozo|Avalanche|p2a: Dragonite
|-supereffective|p2a: Dragonite
|-damage|p2a: Dragonite|24/100
|move|p2a: Dragonite|Dragon Tail|p1a: Dondozo|[miss]
|-miss|p2a: Dragonite|p1a: Dondozo
|
|-heal|p1a: Dondozo|99/100|[from] item: Leftovers
|upkeep
|turn|33
|
|t:|1760813515
|move|p1a: Dondozo|Avalanche|p2a: Dragonite
|-supereffective|p2a: Dragonite
|-damage|p2a: Dragonite|0 fnt
|faint|p2a: Dragonite
|
|-heal|p1a: Dondozo|100/100|[from] item: Leftovers
|upkeep
|
|t:|1760813528
|switch|p2a: Zamazenta|Zamazenta|100/100
|-ability|p2a: Zamazenta|Dauntless Shield|boost
|-boost|p2a: Zamazenta|def|1
|turn|34
|
|t:|1760813540
|move|p2a: Zamazenta|Close Combat|p1a: Dondozo
|-damage|p1a: Dondozo|75/100
|-unboost|p2a: Zamazenta|def|1
|-unboost|p2a: Zamazenta|spd|1
|move|p1a: Dondozo|Body Press|p2a: Zamazenta
|-damage|p2a: Zamazenta|77/100
|
|-heal|p1a: Dondozo|82/100|[from] item: Leftovers
|upkeep
|turn|35
|
|t:|1760813553
|move|p2a: Zamazenta|Close Combat|p1a: Dondozo
|-damage|p1a: Dondozo|53/100
|-unboost|p2a: Zamazenta|def|1
|-unboost|p2a: Zamazenta|spd|1
|move|p1a: Dondozo|Body Press|p2a: Zamazenta
|-damage|p2a: Zamazenta|51/100
|
|-heal|p1a: Dondozo|59/100|[from] item: Leftovers
|upkeep
|turn|36
|
|t:|1760813564
|move|p2a: Zamazenta|Close Combat|p1a: Dondozo
|-crit|p1a: Dondozo
|-damage|p1a: Dondozo|21/100
|-unboost|p2a: Zamazenta|def|1
|-unboost|p2a: Zamazenta|spd|1
|move|p1a: Dondozo|Rest|p1a: Dondozo
|-status|p1a: Dondozo|slp|[from] move: Rest
|-heal|p1a: Dondozo|100/100 slp|[silent]
|
|upkeep
|turn|37
|
|t:|1760813574
|move|p2a: Zamazenta|Close Combat|p1a: Dondozo
|-crit|p1a: Dondozo
|-damage|p1a: Dondozo|60/100 slp
|-unboost|p2a: Zamazenta|def|1
|-unboost|p2a: Zamazenta|spd|1
|cant|p1a: Dondozo|slp
|move|p1a: Dondozo|Sleep Talk|p1a: Dondozo
|move|p1a: Dondozo|Avalanche|p2a: Zamazenta|[from] move: Sleep Talk
|-damage|p2a: Zamazenta|28/100
|
|-heal|p1a: Dondozo|66/100 slp|[from] item: Leftovers
|upkeep
|turn|38
|
|t:|1760813588
|move|p2a: Zamazenta|Close Combat|p1a: Dondozo
|-damage|p1a: Dondozo|41/100 slp
|-unboost|p2a: Zamazenta|def|1
|-unboost|p2a: Zamazenta|spd|1
|cant|p1a: Dondozo|slp
|move|p1a: Dondozo|Sleep Talk|p1a: Dondozo
|move|p1a: Dondozo|Avalanche|p2a: Zamazenta|[from] move: Sleep Talk
|-damage|p2a: Zamazenta|6/100
|
|-heal|p1a: Dondozo|47/100 slp|[from] item: Leftovers
|upkeep
|turn|39
|
|t:|1760813602
|move|p2a: Zamazenta|Close Combat|p1a: Dondozo
|-damage|p1a: Dondozo|23/100 slp
|-unboost|p2a: Zamazenta|def|1
|-unboost|p2a: Zamazenta|spd|1
|-curestatus|p1a: Dondozo|slp|[msg]
|move|p1a: Dondozo|Rest|p1a: Dondozo
|-status|p1a: Dondozo|slp|[from] move: Rest
|-heal|p1a: Dondozo|100/100 slp|[silent]
|
|upkeep
|turn|40
|
|t:|1760813617
|switch|p2a: Gholdengo|Gholdengo|100/100
|cant|p1a: Dondozo|slp
|move|p1a: Dondozo|Sleep Talk|p1a: Dondozo
|move|p1a: Dondozo|Rest||[from] move: Sleep Talk|[still]
|-fail|p1a: Dondozo
|
|upkeep
|turn|41
|
|t:|1760813633
|switch|p1a: Toxapex|Toxapex, M|89/100
|-damage|p1a: Toxapex|76/100|[from] Stealth Rock
|move|p2a: Gholdengo|Nasty Plot|p2a: Gholdengo
|-boost|p2a: Gholdengo|spa|2
|
|upkeep
|turn|42
|-message|skmtmzaka forfeited.
|
|win|Dbcool
|raw|skmtmzaka's rating: 1436 &rarr; <strong>1415</strong><br />(-21 for losing)
|raw|Dbcool's rating: 1422 &rarr; <strong>1443</strong><br />(+21 for winning)
|l|☆skmtmzaka
|player|p1|
