|j|☆biplip
|j|☆mrweston
|t:|1760719598
|gametype|singles
|player|p1|biplip|101|1122
|player|p2|mrweston|richboy-gen4|1073
|gen|9
|tier|[Gen 9] OU
|rated|
|rule|HP Percentage Mod: HP is shown in percentages
|rule|Endless Battle Clause: Forcing endless battles is banned
|rule|Species Clause: Limit one of each Pokémon
|rule|OHKO Clause: OHKO moves are banned
|rule|Evasion Items Clause: Evasion items are banned
|rule|Evasion Moves Clause: Evasion moves are banned
|rule|Evasion Abilities Clause: Evasion abilities are banned
|rule|Sleep Moves Clause: Sleep-inducing moves are banned
|clearpoke
|poke|p1|Dondozo, M|
|poke|p1|Blissey, F|
|poke|p1|Corviknight, M|
|poke|p1|Weezing-Galar, M|
|poke|p1|Gliscor, M|
|poke|p1|Toxapex, M|
|poke|p2|Donphan, F|
|poke|p2|Vileplume, F|
|poke|p2|Azelf|
|poke|p2|Tinkaton, F|
|poke|p2|Rabsca, M|
|poke|p2|Raikou|
|teampreview
|inactive|Battle timer is ON: inactive players will automatically lose when time's up. (requested by mrweston)
|
|t:|1760719620
|teamsize|p1|6
|teamsize|p2|6
|start
|switch|p1a: Gliscor|Gliscor, M|100/100
|switch|p2a: Azelf|Azelf|100/100
|turn|1
|
|t:|1760719625
|move|p2a: Azelf|Stealth Rock|p1a: Gliscor
|-sidestart|p1: biplip|move: Stealth Rock
|move|p1a: Gliscor|Knock Off|p2a: Azelf
|-supereffective|p2a: Azelf
|-damage|p2a: Azelf|35/100
|-enditem|p2a: Azelf|Expert Belt|[from] move: Knock Off|[of] p1a: Gliscor
|
|-status|p1a: Gliscor|tox|[from] item: Toxic Orb
|upkeep
|turn|2
|
|t:|1760719639
|move|p2a: Azelf|Ice Punch|p1a: Gliscor
|-supereffective|p1a: Gliscor
|-damage|p1a: Gliscor|22/100 tox
|move|p1a: Gliscor|Knock Off|p2a: Azelf
|-supereffective|p2a: Azelf
|-damage|p2a: Azelf|0 fnt
|faint|p2a: Azelf
|
|-heal|p1a: Gliscor|35/100 tox|[from] ability: Poison Heal
|upkeep
|
|t:|1760719648
|switch|p2a: Raikou|Raikou|100/100
|turn|3
|
|t:|1760719655
|switch|p1a: Blissey|Blissey, F|100/100
|-damage|p1a: Blissey|88/100|[from] Stealth Rock
|move|p2a: Raikou|Scald|p1a: Blissey
|-damage|p1a: Blissey|79/100
|
|-heal|p1a: Blissey|86/100|[from] item: Leftovers
|upkeep
|turn|4
|
|t:|1760719662
|move|p2a: Raikou|Volt Switch|p1a: Blissey
|-crit|p1a: Blissey
|-damage|p1a: Blissey|71/100
|
|t:|1760719666
|switch|p2a: Donphan|Donphan, F|100/100|[from] Volt Switch
|move|p1a: Blissey|Stealth Rock|p2a: Donphan
|-sidestart|p2: mrweston|move: Stealth Rock
|
|-heal|p1a: Blissey|77/100|[from] item: Leftovers
|upkeep
|turn|5
|
|t:|1760719674
|switch|p1a: Corviknight|Corviknight, M|100/100
|-damage|p1a: Corviknight|88/100|[from] Stealth Rock
|-ability|p1a: Corviknight|Pressure
|move|p2a: Donphan|Rapid Spin|p1a: Corviknight
|-resisted|p1a: Corviknight
|-damage|p1a: Corviknight|83/100
|-boost|p2a: Donphan|spe|1
|-sideend|p2: mrweston|Stealth Rock|[from] move: Rapid Spin|[of] p2a: Donphan
|
|-heal|p1a: Corviknight|89/100|[from] item: Leftovers
|upkeep
|turn|6
|
|t:|1760719681
|switch|p2a: Raikou|Raikou|100/100
|move|p1a: Corviknight|Body Press|p2a: Raikou
|-damage|p2a: Raikou|62/100
|
|-heal|p1a: Corviknight|95/100|[from] item: Leftovers
|upkeep
|turn|7
|
|t:|1760719701
|switch|p1a: Blissey|Blissey, F|77/100
|-damage|p1a: Blissey|65/100|[from] Stealth Rock
|move|p2a: Raikou|Volt Switch|p1a: Blissey
|-damage|p1a: Blissey|55/100
|
|t:|1760719710
|switch|p2a: Tinkaton|Tinkaton, F|100/100|[from] Volt Switch
|-ability|p2a: Tinkaton|Mold Breaker
|
|-heal|p1a: Blissey|61/100|[from] item: Leftovers
|upkeep
|turn|8
|
|t:|1760719717
|switch|p1a: Dondozo|Dondozo, M|100/100
|-damage|p1a: Dondozo|88/100|[from] Stealth Rock
|move|p2a: Tinkaton|Swords Dance|p2a: Tinkaton
|-boost|p2a: Tinkaton|atk|2
|
|-heal|p1a: Dondozo|94/100|[from] item: Leftovers
|upkeep
|turn|9
|
|t:|1760719721
|move|p2a: Tinkaton|Thunder Wave|p1a: Dondozo
|-status|p1a: Dondozo|par
|move|p1a: Dondozo|Body Press|p2a: Tinkaton
|-damage|p2a: Tinkaton|60/100
|
|-heal|p1a: Dondozo|100/100 par|[from] item: Leftovers
|upkeep
|turn|10
|
|t:|1760719728
|move|p2a: Tinkaton|Gigaton Hammer|p1a: Dondozo
|-resisted|p1a: Dondozo
|-crit|p1a: Dondozo
|-damage|p1a: Dondozo|60/100 par
|move|p1a: Dondozo|Body Press|p2a: Tinkaton
|-damage|p2a: Tinkaton|23/100
|
|-heal|p1a: Dondozo|67/100 par|[from] item: Leftovers
|upkeep
|turn|11
|
|t:|1760719753
|move|p2a: Tinkaton|Swords Dance|p2a: Tinkaton
|-boost|p2a: Tinkaton|atk|2
|move|p1a: Dondozo|Rest|p1a: Dondozo
|-status|p1a: Dondozo|slp|[from] move: Rest
|-heal|p1a: Dondozo|100/100 slp|[silent]
|
|upkeep
|turn|12
|
|t:|1760719768
|move|p2a: Tinkaton|Encore|p1a: Dondozo
|-start|p1a: Dondozo|Encore
|cant|p1a: Dondozo|slp
|
|upkeep
|turn|13
|
|t:|1760719776
|switch|p1a: Corviknight|Corviknight, M|95/100
|-damage|p1a: Corviknight|83/100|[from] Stealth Rock
|-ability|p1a: Corviknight|Pressure
|move|p2a: Tinkaton|Gigaton Hammer|p1a: Corviknight
|-resisted|p1a: Corviknight
|-damage|p1a: Corviknight|30/100
|
|-heal|p1a: Corviknight|36/100|[from] item: Leftovers
|upkeep
|turn|14
|
|t:|1760719782
|switch|p1a: Dondozo|Dondozo, M|100/100 slp
|-damage|p1a: Dondozo|88/100 slp|[from] Stealth Rock
|move|p2a: Tinkaton|Thunder Wave||[still]
|-fail|p2a: Tinkaton
|
|-heal|p1a: Dondozo|94/100 slp|[from] item: Leftovers
|upkeep
|turn|15
|
|t:|1760719789
|move|p2a: Tinkaton|Gigaton Hammer|p1a: Dondozo
|-resisted|p1a: Dondozo
|-damage|p1a: Dondozo|50/100 slp
|cant|p1a: Dondozo|slp
|
|-heal|p1a: Dondozo|56/100 slp|[from] item: Leftovers
|upkeep
|turn|16
|
|t:|1760719796
|move|p2a: Tinkaton|Swords Dance|p2a: Tinkaton
|-boost|p2a: Tinkaton|atk|2
|-curestatus|p1a: Dondozo|slp|[msg]
|move|p1a: Dondozo|Body Press|p2a: Tinkaton
|-damage|p2a: Tinkaton|0 fnt
|faint|p2a: Tinkaton
|
|-heal|p1a: Dondozo|63/100|[from] item: Leftovers
|upkeep
|
|t:|1760719802
|switch|p2a: Raikou|Raikou|62/100
|turn|17
|
|t:|1760719806
|switch|p1a: Gliscor|Gliscor, M|35/100 tox
|-damage|p1a: Gliscor|22/100 tox|[from] Stealth Rock
|move|p2a: Raikou|Volt Switch|p1a: Gliscor
|-immune|p1a: Gliscor
|
|-heal|p1a: Gliscor|35/100 tox|[from] ability: Poison Heal
|upkeep
|turn|18
|
|t:|1760719814
|move|p1a: Gliscor|Protect|p1a: Gliscor
|-singleturn|p1a: Gliscor|Protect
|move|p2a: Raikou|Scald|p1a: Gliscor
|-activate|p1a: Gliscor|move: Protect
|
|-heal|p1a: Gliscor|47/100 tox|[from] ability: Poison Heal
|upkeep
|turn|19
|
|t:|1760719825
|switch|p1a: Blissey|Blissey, F|61/100
|-damage|p1a: Blissey|48/100|[from] Stealth Rock
|move|p2a: Raikou|Scald|p1a: Blissey
|-damage|p1a: Blissey|40/100
|
|-heal|p1a: Blissey|47/100|[from] item: Leftovers
|upkeep
|turn|20
|
|t:|1760719832
|move|p2a: Raikou|Volt Switch|p1a: Blissey
|-damage|p1a: Blissey|37/100
|
|t:|1760719834
|switch|p2a: Donphan|Donphan, F|100/100|[from] Volt Switch
|move|p1a: Blissey|Soft-Boiled|p1a: Blissey
|-heal|p1a: Blissey|87/100
|
|-heal|p1a: Blissey|93/100|[from] item: Leftovers
|upkeep
|turn|21
|
|t:|1760719838
|switch|p1a: Gliscor|Gliscor, M|47/100 tox
|-damage|p1a: Gliscor|35/100 tox|[from] Stealth Rock
|move|p2a: Donphan|Knock Off|p1a: Gliscor
|-damage|p1a: Gliscor|8/100 tox
|-enditem|p1a: Gliscor|Toxic Orb|[from] move: Knock Off|[of] p2a: Donphan
|
|-heal|p1a: Gliscor|21/100 tox|[from] ability: Poison Heal
|upkeep
|turn|22
|
|t:|1760719845
|move|p1a: Gliscor|Protect|p1a: Gliscor
|-singleturn|p1a: Gliscor|Protect
|move|p2a: Donphan|Ice Shard|p1a: Gliscor
|-activate|p1a: Gliscor|move: Protect
|
|-heal|p1a: Gliscor|33/100 tox|[from] ability: Poison Heal
|upkeep
|turn|23
|
|t:|1760719852
|switch|p1a: Dondozo|Dondozo, M|63/100
|-damage|p1a: Dondozo|50/100|[from] Stealth Rock
|move|p2a: Donphan|Ice Shard|p1a: Dondozo
|-resisted|p1a: Dondozo
|-damage|p1a: Dondozo|47/100
|
|-heal|p1a: Dondozo|53/100|[from] item: Leftovers
|upkeep
|turn|24
|
|t:|1760719856
|switch|p2a: Raikou|Raikou|62/100
|move|p1a: Dondozo|Body Press|p2a: Raikou
|-damage|p2a: Raikou|25/100
|
|-heal|p1a: Dondozo|60/100|[from] item: Leftovers
|upkeep
|turn|25
|
|t:|1760719868
|switch|p1a: Blissey|Blissey, F|93/100
|-damage|p1a: Blissey|81/100|[from] Stealth Rock
|move|p2a: Raikou|Volt Switch|p1a: Blissey
|-damage|p1a: Blissey|70/100
|
|t:|1760719871
|switch|p2a: Donphan|Donphan, F|100/100|[from] Volt Switch
|
|-heal|p1a: Blissey|76/100|[from] item: Leftovers
|upkeep
|turn|26
|
|t:|1760719890
|switch|p1a: Corviknight|Corviknight, M|36/100
|-damage|p1a: Corviknight|24/100|[from] Stealth Rock
|-ability|p1a: Corviknight|Pressure
|move|p2a: Donphan|Knock Off|p1a: Corviknight
|-damage|p1a: Corviknight|4/100
|-enditem|p1a: Corviknight|Leftovers|[from] move: Knock Off|[of] p2a: Donphan
|
|upkeep
|turn|27
|
|t:|1760719903
|move|p2a: Donphan|Ice Shard|p1a: Corviknight
|-damage|p1a: Corviknight|0 fnt
|faint|p1a: Corviknight
|
|upkeep
|inactive|biplip has 120 seconds left.
|
|t:|1760719935
|switch|p1a: Weezing|Weezing-Galar, M|100/100
|-ability|p1a: Weezing|Neutralizing Gas
|turn|28
|
|t:|1760719947
|-terastallize|p1a: Weezing|Ghost
|move|p1a: Weezing|Will-O-Wisp|p2a: Donphan
|-status|p2a: Donphan|brn
|move|p2a: Donphan|Earthquake|p1a: Weezing
|-damage|p1a: Weezing|82/100
|
|-damage|p2a: Donphan|94/100 brn|[from] brn
|upkeep
|turn|29
|
|t:|1760719957
|move|p1a: Weezing|Defog|p2a: Donphan
|-unboost|p2a: Donphan|evasion|1
|-sideend|p1: biplip|Stealth Rock|[from] move: Defog|[of] p1a: Weezing
|move|p2a: Donphan|Knock Off|p1a: Weezing
|-supereffective|p1a: Weezing
|-damage|p1a: Weezing|59/100
|-enditem|p1a: Weezing|Heavy-Duty Boots|[from] move: Knock Off|[of] p2a: Donphan
|
|-heal|p2a: Donphan|100/100 brn|[from] item: Leftovers
|-damage|p2a: Donphan|94/100 brn|[from] brn
|upkeep
|turn|30
|
|t:|1760719964
|move|p1a: Weezing|Pain Split|p2a: Donphan
|-sethp|p2a: Donphan|73/100 brn|[from] move: Pain Split|[silent]
|-sethp|p1a: Weezing|83/100|[from] move: Pain Split
|move|p2a: Donphan|Knock Off|p1a: Weezing
|-supereffective|p1a: Weezing
|-damage|p1a: Weezing|69/100
|
|-heal|p2a: Donphan|79/100 brn|[from] item: Leftovers
|-damage|p2a: Donphan|73/100 brn|[from] brn
|upkeep
|turn|31
|
|t:|1760719969
|-end|p1a: Weezing|ability: Neutralizing Gas
|switch|p1a: Gliscor|Gliscor, M|33/100 tox
|move|p2a: Donphan|Knock Off|p1a: Gliscor
|-damage|p1a: Gliscor|24/100 tox
|
|-heal|p2a: Donphan|79/100 brn|[from] item: Leftovers
|-heal|p1a: Gliscor|36/100 tox|[from] ability: Poison Heal
|-damage|p2a: Donphan|73/100 brn|[from] brn
|upkeep
|turn|32
|
|t:|1760719979
|switch|p2a: Raikou|Raikou|25/100
|move|p1a: Gliscor|Protect||[still]
|-fail|p1a: Gliscor
|
|-heal|p1a: Gliscor|49/100 tox|[from] ability: Poison Heal
|upkeep
|turn|33
|
|t:|1760719983
|move|p2a: Raikou|Scald|p1a: Gliscor
|-supereffective|p1a: Gliscor
|-damage|p1a: Gliscor|7/100 tox
|move|p1a: Gliscor|Earthquake|p2a: Raikou
|-supereffective|p2a: Raikou
|-damage|p2a: Raikou|0 fnt
|faint|p2a: Raikou
|
|-heal|p1a: Gliscor|19/100 tox|[from] ability: Poison Heal
|upkeep
|
|t:|1760719999
|switch|p2a: Rabsca|Rabsca, M|100/100
|turn|34
|
|t:|1760720008
|move|p1a: Gliscor|Earthquake|p2a: Rabsca
|-resisted|p2a: Rabsca
|-damage|p2a: Rabsca|83/100
|move|p2a: Rabsca|Psyshock|p1a: Gliscor
|-damage|p1a: Gliscor|0 fnt
|faint|p1a: Gliscor
|
|upkeep
|
|t:|1760720016
|switch|p1a: Blissey|Blissey, F|76/100
|turn|35
|
|t:|1760720021
|move|p1a: Blissey|Seismic Toss|p2a: Rabsca
|-damage|p2a: Rabsca|55/100
|move|p2a: Rabsca|Psyshock|p1a: Blissey
|-damage|p1a: Blissey|32/100
|
|-heal|p1a: Blissey|38/100|[from] item: Leftovers
|upkeep
|turn|36
|
|t:|1760720025
|move|p1a: Blissey|Soft-Boiled|p1a: Blissey
|-heal|p1a: Blissey|88/100
|move|p2a: Rabsca|Psyshock|p1a: Blissey
|-damage|p1a: Blissey|44/100
|
|-heal|p1a: Blissey|50/100|[from] item: Leftovers
|upkeep
|turn|37
|
|t:|1760720034
|switch|p1a: Dondozo|Dondozo, M|60/100
|move|p2a: Rabsca|Recover|p2a: Rabsca
|-heal|p2a: Rabsca|100/100
|
|-heal|p1a: Dondozo|66/100|[from] item: Leftovers
|upkeep
|turn|38
|
|t:|1760720043
|-terastallize|p2a: Rabsca|Fairy
|move|p2a: Rabsca|Dazzling Gleam|p1a: Dondozo
|-crit|p1a: Dondozo
|-damage|p1a: Dondozo|2/100
|move|p1a: Dondozo|Body Press|p2a: Rabsca
|-resisted|p2a: Rabsca
|-crit|p2a: Rabsca
|-damage|p2a: Rabsca|76/100
|
|-heal|p1a: Dondozo|8/100|[from] item: Leftovers
|upkeep
|turn|39
|
|t:|1760720048
|switch|p1a: Blissey|Blissey, F|50/100
|move|p2a: Rabsca|Psyshock|p1a: Blissey
|-damage|p1a: Blissey|4/100
|
|-heal|p1a: Blissey|10/100|[from] item: Leftovers
|upkeep
|turn|40
|
|t:|1760720051
|move|p1a: Blissey|Calm Mind|p1a: Blissey
|-boost|p1a: Blissey|spa|1
|-boost|p1a: Blissey|spd|1
|move|p2a: Rabsca|Psyshock|p1a: Blissey
|-damage|p1a: Blissey|0 fnt
|faint|p1a: Blissey
|
|upkeep
|
|t:|1760720053
|switch|p1a: Toxapex|Toxapex, M|100/100
|turn|41
|
|t:|1760720056
|move|p2a: Rabsca|Psyshock|p1a: Toxapex
|-supereffective|p1a: Toxapex
|-damage|p1a: Toxapex|31/100
|move|p1a: Toxapex|Toxic|p2a: Rabsca
|-status|p2a: Rabsca|tox
|-activate|p2a: Rabsca|ability: Synchronize
|-immune|p1a: Toxapex
|
|-heal|p1a: Toxapex|37/100|[from] item: Leftovers
|-damage|p2a: Rabsca|70/100 tox|[from] psn
|upkeep
|turn|42
|
|t:|1760720058
|switch|p1a: Weezing|Weezing-Galar, M, tera:Ghost|69/100
|-ability|p1a: Weezing|Neutralizing Gas
|move|p2a: Rabsca|Psyshock|p1a: Weezing
|-damage|p1a: Weezing|41/100
|
|-damage|p2a: Rabsca|57/100 tox|[from] psn
|upkeep
|turn|43
|
|t:|1760720062
|move|p1a: Weezing|Pain Split|p2a: Rabsca
|-sethp|p2a: Rabsca|48/100 tox|[from] move: Pain Split|[silent]
|-sethp|p1a: Weezing|51/100|[from] move: Pain Split
|move|p2a: Rabsca|Dazzling Gleam|p1a: Weezing
|-damage|p1a: Weezing|0 fnt
|faint|p1a: Weezing
|-end|p1a: Weezing|ability: Neutralizing Gas
|
|-damage|p2a: Rabsca|29/100 tox|[from] psn
|upkeep
|
|t:|1760720066
|switch|p1a: Dondozo|Dondozo, M|8/100
|turn|44
|
|t:|1760720069
|move|p2a: Rabsca|Psyshock|p1a: Dondozo
|-damage|p1a: Dondozo|0 fnt
|faint|p1a: Dondozo
|
|-damage|p2a: Rabsca|4/100 tox|[from] psn
|upkeep
|-message|biplip forfeited.
|
|win|mrweston
|raw|biplip's rating: 1122 &rarr; <strong>1093</strong><br />(-29 for losing)
|raw|mrweston's rating: 1073 &rarr; <strong>1106</strong><br />(+33 for winning)
|l|☆biplip
|player|p1|
|l|☆mrweston
|player|p2|
