|j|☆wangdong864203
|j|☆Tungsten Daniel
|t:|1760881647
|gametype|singles
|player|p1|wangdong864203|rocketgrunt|1372
|player|p2|Tungsten Daniel|ingo|1342
|gen|9
|tier|[Gen 9] OU
|rated|
|rule|HP Percentage Mod: HP is shown in percentages
|rule|Endless Battle Clause: Forcing endless battles is banned
|rule|Species Clause: Limit one of each Pokémon
|rule|OHKO Clause: OHKO moves are banned
|rule|Evasion Items Clause: Evasion items are banned
|rule|Evasion Moves Clause: Evasion moves are banned
|rule|Evasion Abilities Clause: Evasion abilities are banned
|rule|Sleep Moves Clause: Sleep-inducing moves are banned
|clearpoke
|poke|p1|Dragonite, M|
|poke|p1|Scizor, M|
|poke|p1|Raging Bolt|
|poke|p1|Blaziken, F|
|poke|p1|Ogerpon-Wellspring, F|
|poke|p1|Skarmory, M|
|poke|p2|Alomomola, M|
|poke|p2|Gallade, M|
|poke|p2|Slowking-Galar, F|
|poke|p2|Iron Crown|
|poke|p2|Hydreigon, F|
|poke|p2|Ursaluna, M|
|teampreview
|inactive|Battle timer is ON: inactive players will automatically lose when time's up. (requested by wangdong864203)
|
|t:|1760881668
|teamsize|p1|6
|teamsize|p2|6
|start
|switch|p1a: Skarmory|Skarmory, M, shiny|100/100
|switch|p2a: Hydreigon|Hydreigon, F|100/100
|turn|1
|
|t:|1760881677
|move|p2a: Hydreigon|Dark Pulse|p1a: Skarmory
|-damage|p1a: Skarmory|55/100
|move|p1a: Skarmory|Stealth Rock|p2a: Hydreigon
|-sidestart|p2: Tungsten Daniel|move: Stealth Rock
|
|-heal|p1a: Skarmory|62/100|[from] item: Leftovers
|upkeep
|turn|2
|
|t:|1760881683
|move|p2a: Hydreigon|Dark Pulse|p1a: Skarmory
|-damage|p1a: Skarmory|17/100
|move|p1a: Skarmory|Roost|p1a: Skarmory
|-heal|p1a: Skarmory|67/100
|-singleturn|p1a: Skarmory|move: Roost
|
|-heal|p1a: Skarmory|73/100|[from] item: Leftovers
|upkeep
|turn|3
|inactive|wangdong864203 has 120 seconds left.
|
|t:|1760881728
|move|p2a: Hydreigon|Dark Pulse|p1a: Skarmory
|-damage|p1a: Skarmory|30/100
|move|p1a: Skarmory|Whirlwind|p2a: Hydreigon
|drag|p2a: Gallade|Gallade, M|100/100
|-damage|p2a: Gallade|94/100|[from] Stealth Rock
|
|-heal|p1a: Skarmory|37/100|[from] item: Leftovers
|upkeep
|turn|4
|
|t:|1760881742
|move|p2a: Gallade|Sacred Sword|p1a: Skarmory
|-damage|p1a: Skarmory|0 fnt
|faint|p1a: Skarmory
|
|upkeep
|
|t:|1760881759
|switch|p1a: Blaziken|Blaziken, F, shiny|100/100
|turn|5
|
|t:|1760881770
|switch|p2a: Ursaluna|Ursaluna, M|100/100
|-damage|p2a: Ursaluna|94/100|[from] Stealth Rock
|move|p1a: Blaziken|Swords Dance|p1a: Blaziken
|-boost|p1a: Blaziken|atk|2
|
|-ability|p1a: Blaziken|Speed Boost|boost
|-boost|p1a: Blaziken|spe|1
|upkeep
|turn|6
|
|t:|1760881784
|-terastallize|p2a: Ursaluna|Ghost
|move|p1a: Blaziken|Brave Bird|p2a: Ursaluna
|-damage|p2a: Ursaluna|30/100
|-damage|p1a: Blaziken|69/100|[from] Recoil
|-damage|p1a: Blaziken|59/100|[from] item: Life Orb
|move|p2a: Ursaluna|Headlong Rush|p1a: Blaziken
|-supereffective|p1a: Blaziken
|-damage|p1a: Blaziken|0 fnt
|-unboost|p2a: Ursaluna|def|1
|-unboost|p2a: Ursaluna|spd|1
|faint|p1a: Blaziken
|
|upkeep
|
|t:|1760881797
|switch|p1a: Dragonite|Dragonite, M|100/100
|turn|7
|
|t:|1760881800
|move|p1a: Dragonite|Dragon Dance|p1a: Dragonite
|-boost|p1a: Dragonite|atk|1
|-boost|p1a: Dragonite|spe|1
|move|p2a: Ursaluna|Smack Down|p1a: Dragonite
|-supereffective|p1a: Dragonite
|-damage|p1a: Dragonite|81/100
|-start|p1a: Dragonite|Smack Down
|-enditem|p1a: Dragonite|Weakness Policy
|-boost|p1a: Dragonite|atk|2|[from] item: Weakness Policy
|-boost|p1a: Dragonite|spa|2|[from] item: Weakness Policy
|
|upkeep
|turn|8
|
|t:|1760881812
|move|p1a: Dragonite|Dragon Claw|p2a: Ursaluna
|-damage|p2a: Ursaluna|0 fnt
|faint|p2a: Ursaluna
|
|upkeep
|
|t:|1760881824
|switch|p2a: Hydreigon|Hydreigon, F|100/100
|-damage|p2a: Hydreigon|88/100|[from] Stealth Rock
|turn|9
|
|t:|1760881832
|-terastallize|p1a: Dragonite|Electric
|move|p2a: Hydreigon|Draco Meteor|p1a: Dragonite
|-damage|p1a: Dragonite|17/100
|-unboost|p2a: Hydreigon|spa|2
|move|p1a: Dragonite|Dragon Claw|p2a: Hydreigon
|-supereffective|p2a: Hydreigon
|-damage|p2a: Hydreigon|0 fnt
|faint|p2a: Hydreigon
|
|upkeep
|
|t:|1760881850
|switch|p2a: Iron Crown|Iron Crown|100/100
|-damage|p2a: Iron Crown|94/100|[from] Stealth Rock
|-enditem|p2a: Iron Crown|Booster Energy
|-activate|p2a: Iron Crown|ability: Quark Drive|[fromitem]
|-start|p2a: Iron Crown|quarkdrivespe
|turn|10
|inactive|wangdong864203 has 120 seconds left.
|
|t:|1760881860
|move|p1a: Dragonite|Extreme Speed|p2a: Iron Crown
|-resisted|p2a: Iron Crown
|-damage|p2a: Iron Crown|53/100
|move|p2a: Iron Crown|Psychic Noise|p1a: Dragonite
|-damage|p1a: Dragonite|0 fnt
|faint|p1a: Dragonite
|
|upkeep
|inactive|wangdong864203 has 120 seconds left.
|
|t:|1760881875
|switch|p1a: Ogerpon|Ogerpon-Wellspring, F|100/100
|turn|11
|inactive|wangdong864203 has 120 seconds left.
|
|t:|1760881884
|-end|p2a: Iron Crown|Quark Drive|[silent]
|switch|p2a: Slowking|Slowking-Galar, F|100/100
|-damage|p2a: Slowking|88/100|[from] Stealth Rock
|move|p1a: Ogerpon|Ivy Cudgel|p2a: Slowking|[anim] Ivy Cudgel Water
|-crit|p2a: Slowking
|-damage|p2a: Slowking|13/100
|
|-heal|p2a: Slowking|19/100|[from] item: Leftovers
|upkeep
|turn|12
|inactive|wangdong864203 has 120 seconds left.
|
|t:|1760881896
|move|p1a: Ogerpon|U-turn|p2a: Slowking
|-damage|p2a: Slowking|0 fnt
|faint|p2a: Slowking
|inactive|wangdong864203 has 120 seconds left.
|
|t:|1760881903
|switch|p1a: Scizor|Scizor, M|100/100|[from] U-turn
|
|upkeep
|
|t:|1760881907
|switch|p2a: Gallade|Gallade, M|94/100
|-damage|p2a: Gallade|88/100|[from] Stealth Rock
|turn|13
|
|t:|1760881913
|move|p2a: Gallade|Sacred Sword|p1a: Scizor
|-damage|p1a: Scizor|0 fnt
|-damage|p2a: Gallade|72/100|[from] item: Rocky Helmet|[of] p1a: Scizor
|faint|p1a: Scizor
|
|upkeep
|
|t:|1760881921
|switch|p1a: Raging Bolt|Raging Bolt|100/100
|-enditem|p1a: Raging Bolt|Booster Energy
|-activate|p1a: Raging Bolt|ability: Protosynthesis|[fromitem]
|-start|p1a: Raging Bolt|protosynthesisspa
|turn|14
|
|t:|1760881927
|move|p2a: Gallade|Sacred Sword|p1a: Raging Bolt
|-damage|p1a: Raging Bolt|0 fnt
|faint|p1a: Raging Bolt
|-end|p1a: Raging Bolt|Protosynthesis|[silent]
|
|upkeep
|-message|wangdong864203 forfeited.
|
|win|Tungsten Daniel
|raw|wangdong864203's rating: 1372 &rarr; <strong>1350</strong><br />(-22 for losing)
|raw|Tungsten Daniel's rating: 1342 &rarr; <strong>1364</strong><br />(+22 for winning)
|l|☆wangdong864203
|player|p1|
|l|☆Tungsten Daniel
|player|p2|
