|j|☆saibayman
|j|☆DDanMurp
|t:|1760743532
|gametype|singles
|player|p1|saibayman|265|1398
|player|p2|DDanMurp|101|1431
|gen|9
|tier|[Gen 9] OU
|rated|
|rule|HP Percentage Mod: HP is shown in percentages
|rule|Endless Battle Clause: Forcing endless battles is banned
|rule|Species Clause: Limit one of each Pokémon
|rule|OHKO Clause: OHKO moves are banned
|rule|Evasion Items Clause: Evasion items are banned
|rule|Evasion Moves Clause: Evasion moves are banned
|rule|Evasion Abilities Clause: Evasion abilities are banned
|rule|Sleep Moves Clause: Sleep-inducing moves are banned
|clearpoke
|poke|p1|Metagross|
|poke|p1|Great Tusk|
|poke|p1|Slowking-Galar, F|
|poke|p1|Dragapult, M|
|poke|p1|Meowscarada, M|
|poke|p1|Zapdos|
|poke|p2|Thundurus, M|
|poke|p2|Iron Valiant|
|poke|p2|Iron Treads|
|poke|p2|Raging Bolt|
|poke|p2|Iron Hands|
|poke|p2|Iron Leaves|
|teampreview
|inactive|Battle timer is ON: inactive players will automatically lose when time's up. (requested by saibayman)
|inactive|saibayman has 120 seconds left.
|
|t:|1760743563
|teamsize|p1|6
|teamsize|p2|6
|start
|switch|p1a: Great Tusk|Great Tusk|100/100
|switch|p2a: Iron Valiant|Iron Valiant|100/100
|turn|1
|
|t:|1760743577
|-end|p1a: Great Tusk|Protosynthesis|[silent]
|switch|p1a: Slowking|Slowking-Galar, F|100/100
|move|p2a: Iron Valiant|Shadow Ball|p1a: Slowking
|-supereffective|p1a: Slowking
|-damage|p1a: Slowking|56/100
|
|upkeep
|turn|2
|
|t:|1760743584
|move|p2a: Iron Valiant|Shadow Ball|p1a: Slowking
|-supereffective|p1a: Slowking
|-damage|p1a: Slowking|16/100
|move|p1a: Slowking|Sludge Bomb|p2a: Iron Valiant
|-supereffective|p2a: Iron Valiant
|-damage|p2a: Iron Valiant|0 fnt
|faint|p2a: Iron Valiant
|-end|p2a: Iron Valiant|Quark Drive|[silent]
|
|upkeep
|
|t:|1760743603
|switch|p2a: Iron Hands|Iron Hands|100/100
|turn|3
|
|t:|1760743609
|switch|p1a: Metagross|Metagross|100/100
|-terastallize|p2a: Iron Hands|Steel
|move|p2a: Iron Hands|Swords Dance|p2a: Iron Hands
|-boost|p2a: Iron Hands|atk|2
|
|upkeep
|turn|4
|
|t:|1760743619
|move|p1a: Metagross|Stealth Rock|p2a: Iron Hands
|-sidestart|p2: DDanMurp|move: Stealth Rock
|move|p2a: Iron Hands|Earthquake|p1a: Metagross
|-supereffective|p1a: Metagross
|-damage|p1a: Metagross|16/100
|
|upkeep
|turn|5
|
|t:|1760743629
|move|p1a: Metagross|Explosion|p2a: Iron Hands
|-resisted|p2a: Iron Hands
|-damage|p2a: Iron Hands|81/100
|faint|p1a: Metagross
|move|p2a: Iron Hands|Drain Punch|p1: Metagross|[notarget]
|-fail|p2a: Iron Hands
|
|upkeep
|
|t:|1760743641
|switch|p1a: Meowscarada|Meowscarada, M|100/100
|turn|6
|
|t:|1760743645
|move|p1a: Meowscarada|Low Kick|p2a: Iron Hands
|-start|p1a: Meowscarada|typechange|Fighting|[from] ability: Protean
|-supereffective|p2a: Iron Hands
|-damage|p2a: Iron Hands|17/100
|move|p2a: Iron Hands|Drain Punch|p1a: Meowscarada
|-damage|p1a: Meowscarada|0 fnt
|-heal|p2a: Iron Hands|49/100|[from] drain|[of] p1a: Meowscarada
|faint|p1a: Meowscarada
|
|upkeep
|
|t:|1760743657
|switch|p1a: Great Tusk|Great Tusk|100/100
|turn|7
|
|t:|1760743669
|move|p1a: Great Tusk|Body Press|p2a: Iron Hands
|-supereffective|p2a: Iron Hands
|-damage|p2a: Iron Hands|0 fnt
|faint|p2a: Iron Hands
|-end|p2a: Iron Hands|Quark Drive|[silent]
|
|upkeep
|
|t:|1760743684
|switch|p2a: Iron Treads|Iron Treads|100/100
|-damage|p2a: Iron Treads|97/100|[from] Stealth Rock
|turn|8
|
|t:|1760743696
|move|p2a: Iron Treads|Rapid Spin|p1a: Great Tusk
|-damage|p1a: Great Tusk|93/100
|-boost|p2a: Iron Treads|spe|1
|-sideend|p2: DDanMurp|Stealth Rock|[from] move: Rapid Spin|[of] p2a: Iron Treads
|move|p1a: Great Tusk|Rapid Spin|p2a: Iron Treads
|-resisted|p2a: Iron Treads
|-damage|p2a: Iron Treads|91/100
|-boost|p1a: Great Tusk|spe|1
|
|-heal|p2a: Iron Treads|97/100|[from] item: Leftovers
|-heal|p1a: Great Tusk|99/100|[from] item: Leftovers
|upkeep
|turn|9
|
|t:|1760743709
|-end|p2a: Iron Treads|Quark Drive|[silent]
|switch|p2a: Iron Leaves|Iron Leaves|100/100
|-enditem|p2a: Iron Leaves|Booster Energy
|-activate|p2a: Iron Leaves|ability: Quark Drive|[fromitem]
|-start|p2a: Iron Leaves|quarkdrivespe
|move|p1a: Great Tusk|Rapid Spin|p2a: Iron Leaves
|-damage|p2a: Iron Leaves|84/100
|-boost|p1a: Great Tusk|spe|1
|
|-heal|p1a: Great Tusk|100/100|[from] item: Leftovers
|upkeep
|turn|10
|
|t:|1760743726
|-end|p1a: Great Tusk|Protosynthesis|[silent]
|switch|p1a: Zapdos|Zapdos|100/100
|move|p2a: Iron Leaves|Leaf Blade|p1a: Zapdos
|-resisted|p1a: Zapdos
|-damage|p1a: Zapdos|72/100
|-status|p2a: Iron Leaves|par|[from] ability: Static|[of] p1a: Zapdos
|
|upkeep
|turn|11
|
|t:|1760743737
|-end|p2a: Iron Leaves|Quark Drive|[silent]
|switch|p2a: HeHeHeHa!|Thundurus, M|100/100
|move|p1a: Zapdos|Hurricane|p2a: HeHeHeHa!|[miss]
|-miss|p1a: Zapdos|p2a: HeHeHeHa!
|
|upkeep
|turn|12
|
|t:|1760743744
|move|p2a: HeHeHeHa!|Knock Off|p1a: Zapdos
|-damage|p1a: Zapdos|35/100
|-enditem|p1a: Zapdos|Choice Specs|[from] move: Knock Off|[of] p2a: HeHeHeHa!
|move|p1a: Zapdos|Hurricane|p2a: HeHeHeHa!
|-resisted|p2a: HeHeHeHa!
|-damage|p2a: HeHeHeHa!|65/100
|-start|p2a: HeHeHeHa!|confusion
|
|upkeep
|turn|13
|
|t:|1760743753
|switch|p2a: Raging Bolt|Raging Bolt|100/100
|move|p1a: Zapdos|Volt Switch|p2a: Raging Bolt
|-resisted|p2a: Raging Bolt
|-damage|p2a: Raging Bolt|96/100
|
|t:|1760743759
|switch|p1a: Dragapult|Dragapult, M|100/100|[from] Volt Switch
|
|upkeep
|turn|14
|
|t:|1760743764
|-end|p2a: Raging Bolt|Protosynthesis|[silent]
|switch|p2a: HeHeHeHa!|Thundurus, M|65/100
|move|p1a: Dragapult|Dragon Darts|p2a: HeHeHeHa!
|-damage|p2a: HeHeHeHa!|26/100
|-anim|p1a: Dragapult|Dragon Darts|p2a: HeHeHeHa!
|-damage|p2a: HeHeHeHa!|0 fnt
|faint|p2a: HeHeHeHa!
|
|upkeep
|
|t:|1760743770
|switch|p2a: Iron Treads|Iron Treads|97/100
|turn|15
|
|t:|1760743776
|move|p1a: Dragapult|Will-O-Wisp|p2a: Iron Treads
|-status|p2a: Iron Treads|brn
|move|p2a: Iron Treads|Stealth Rock|p1a: Dragapult
|-sidestart|p1: saibayman|move: Stealth Rock
|
|-heal|p2a: Iron Treads|100/100 brn|[from] item: Leftovers
|-damage|p2a: Iron Treads|94/100 brn|[from] brn
|upkeep
|turn|16
|
|t:|1760743785
|-end|p2a: Iron Treads|Quark Drive|[silent]
|switch|p2a: Iron Leaves|Iron Leaves|84/100 par
|move|p1a: Dragapult|U-turn|p2a: Iron Leaves
|-supereffective|p2a: Iron Leaves
|-damage|p2a: Iron Leaves|0 fnt
|faint|p2a: Iron Leaves
|-end|p2a: Iron Leaves|Quark Drive|[silent]
|
|t:|1760743793
|switch|p1a: Great Tusk|Great Tusk|100/100|[from] U-turn
|-damage|p1a: Great Tusk|98/100|[from] Stealth Rock
|
|-heal|p1a: Great Tusk|100/100|[from] item: Leftovers
|upkeep
|
|t:|1760743798
|switch|p2a: Raging Bolt|Raging Bolt|96/100
|turn|17
|
|t:|1760743805
|-terastallize|p1a: Great Tusk|Steel
|move|p1a: Great Tusk|Rapid Spin|p2a: Raging Bolt
|-damage|p2a: Raging Bolt|83/100
|-boost|p1a: Great Tusk|spe|1
|-sideend|p1: saibayman|Stealth Rock|[from] move: Rapid Spin|[of] p1a: Great Tusk
|move|p2a: Raging Bolt|Draco Meteor|p1a: Great Tusk
|-resisted|p1a: Great Tusk
|-damage|p1a: Great Tusk|53/100
|-unboost|p2a: Raging Bolt|spa|2
|
|-heal|p1a: Great Tusk|59/100|[from] item: Leftovers
|upkeep
|turn|18
|
|t:|1760743817
|-end|p2a: Raging Bolt|Protosynthesis|[silent]
|switch|p2a: Iron Treads|Iron Treads|94/100 brn
|move|p1a: Great Tusk|Earthquake|p2a: Iron Treads
|-supereffective|p2a: Iron Treads
|-damage|p2a: Iron Treads|29/100 brn
|
|-heal|p1a: Great Tusk|65/100|[from] item: Leftovers
|-heal|p2a: Iron Treads|35/100 brn|[from] item: Leftovers
|-damage|p2a: Iron Treads|29/100 brn|[from] brn
|upkeep
|turn|19
|
|t:|1760743827
|move|p1a: Great Tusk|Earthquake|p2a: Iron Treads
|-supereffective|p2a: Iron Treads
|-damage|p2a: Iron Treads|0 fnt
|faint|p2a: Iron Treads
|-end|p2a: Iron Treads|Quark Drive|[silent]
|
|-heal|p1a: Great Tusk|72/100|[from] item: Leftovers
|upkeep
|
|t:|1760743847
|switch|p2a: Raging Bolt|Raging Bolt|83/100
|turn|20
|
|t:|1760743851
|move|p1a: Great Tusk|Earthquake|p2a: Raging Bolt
|-supereffective|p2a: Raging Bolt
|-damage|p2a: Raging Bolt|8/100
|move|p2a: Raging Bolt|Thunderbolt|p1a: Great Tusk
|-damage|p1a: Great Tusk|0 fnt
|faint|p1a: Great Tusk
|-end|p1a: Great Tusk|Protosynthesis|[silent]
|
|upkeep
|
|t:|1760743860
|switch|p1a: Dragapult|Dragapult, M|100/100
|turn|21
|
|t:|1760743865
|move|p2a: Raging Bolt|Thunderclap|p1a: Dragapult
|-resisted|p1a: Dragapult
|-damage|p1a: Dragapult|73/100
|move|p1a: Dragapult|Dragon Darts|p2a: Raging Bolt
|-supereffective|p2a: Raging Bolt
|-damage|p2a: Raging Bolt|0 fnt
|faint|p2a: Raging Bolt
|-end|p2a: Raging Bolt|Protosynthesis|[silent]
|
|win|saibayman
|raw|saibayman's rating: 1398 &rarr; <strong>1420</strong><br />(+22 for winning)
|raw|DDanMurp's rating: 1431 &rarr; <strong>1409</strong><br />(-22 for losing)
|l|☆DDanMurp
|player|p2|
|l|☆saibayman
|player|p1|
