|j|☆RockyRangerYoutube
|j|☆Jinghan Yu
|t:|1760841429
|gametype|singles
|player|p1|RockyRangerYoutube|pokemonranger-gen4|1182
|player|p2|Jinghan Yu|nate|1220
|gen|9
|tier|[Gen 9] OU
|rated|
|rule|HP Percentage Mod: HP is shown in percentages
|rule|Endless Battle Clause: Forcing endless battles is banned
|rule|Species Clause: Limit one of each Pokémon
|rule|OHKO Clause: OHKO moves are banned
|rule|Evasion Items Clause: Evasion items are banned
|rule|Evasion Moves Clause: Evasion moves are banned
|rule|Evasion Abilities Clause: Evasion abilities are banned
|rule|Sleep Moves Clause: Sleep-inducing moves are banned
|clearpoke
|poke|p1|Rotom-Mow|
|poke|p1|Garganacl, F|
|poke|p1|Gholdengo|
|poke|p1|Ditto|
|poke|p1|Jirachi|
|poke|p1|Primarina, F|
|poke|p2|Scizor, M|
|poke|p2|Tyranitar, M|
|poke|p2|Blastoise, M|
|poke|p2|Gyarados, M|
|poke|p2|Emboar, M|
|poke|p2|Excadrill, M|
|teampreview
|inactive|Battle timer is ON: inactive players will automatically lose when time's up. (requested by RockyRangerYoutube)
|c|☆RockyRangerYoutube|Good luck, have fun! :)
|c|☆RockyRangerYoutube|Btw, please sub to the youtube channel!
|inactive|RockyRangerYoutube has 120 seconds left.
|
|t:|1760841476
|teamsize|p1|6
|teamsize|p2|6
|start
|switch|p1a: Ditto|Ditto|100/100
|switch|p2a: Timothy|Tyranitar, M|100/100
|-weather|Sandstorm|[from] ability: Sand Stream|[of] p2a: Timothy
|-transform|p1a: Ditto|p2a: Timothy|[from] ability: Imposter
|turn|1
|
|t:|1760841481
|move|p1a: Ditto|Earthquake|p2a: Timothy
|-supereffective|p2a: Timothy
|-damage|p2a: Timothy|28/100
|move|p2a: Timothy|Dragon Tail|p1a: Ditto
|-damage|p1a: Ditto|74/100
|drag|p1a: Gholdengo|Gholdengo|100/100
|
|-weather|Sandstorm|[upkeep]
|upkeep
|turn|2
|
|t:|1760841491
|switch|p2a: Osten|Gyarados, M, shiny|100/100
|-ability|p2a: Osten|Intimidate|boost
|-unboost|p1a: Gholdengo|atk|1
|move|p1a: Gholdengo|Make It Rain|p2a: Osten
|-resisted|p2a: Osten
|-damage|p2a: Osten|68/100
|-unboost|p1a: Gholdengo|spa|1
|
|-weather|Sandstorm|[upkeep]
|-damage|p2a: Osten|62/100|[from] Sandstorm
|-heal|p2a: Osten|68/100|[from] item: Leftovers
|upkeep
|turn|3
|
|t:|1760841502
|switch|p1a: Rotom|Rotom-Mow|100/100
|move|p2a: Osten|Dragon Dance|p2a: Osten
|-boost|p2a: Osten|atk|1
|-boost|p2a: Osten|spe|1
|
|-weather|Sandstorm|[upkeep]
|-damage|p2a: Osten|62/100|[from] Sandstorm
|-damage|p1a: Rotom|94/100|[from] Sandstorm
|-heal|p2a: Osten|68/100|[from] item: Leftovers
|-heal|p1a: Rotom|100/100|[from] item: Leftovers
|upkeep
|turn|4
|
|t:|1760841504
|-terastallize|p2a: Osten|Flying
|move|p2a: Osten|Tera Blast|p1a: Rotom|[anim] Tera Blast Flying
|-damage|p1a: Rotom|30/100
|move|p1a: Rotom|Volt Switch|p2a: Osten
|-supereffective|p2a: Osten
|-damage|p2a: Osten|17/100
|
|t:|1760841512
|switch|p1a: Ditto|Ditto|74/100|[from] Volt Switch
|-transform|p1a: Ditto|p2a: Osten|[from] ability: Imposter
|-ability|p1a: Ditto|Intimidate|boost
|-unboost|p2a: Osten|atk|1
|
|-weather|Sandstorm|[upkeep]
|-damage|p1a: Ditto|68/100|[from] Sandstorm
|-damage|p2a: Osten|11/100|[from] Sandstorm
|-heal|p2a: Osten|17/100|[from] item: Leftovers
|upkeep
|-start|p1a: Ditto|typechange|Water/Flying|[silent]
|turn|5
|
|t:|1760841531
|move|p1a: Ditto|Crunch|p2a: Osten
|-damage|p2a: Osten|0 fnt
|faint|p2a: Osten
|
|-weather|Sandstorm|[upkeep]
|-damage|p1a: Ditto|62/100|[from] Sandstorm
|upkeep
|
|t:|1760841534
|switch|p2a: Emmett|Excadrill, M|100/100
|-item|p2a: Emmett|Air Balloon
|turn|6
|
|t:|1760841540
|switch|p1a: Rotom|Rotom-Mow|30/100
|move|p2a: Emmett|Rock Slide|p1a: Rotom
|-damage|p1a: Rotom|9/100
|
|-weather|Sandstorm|[upkeep]
|-damage|p1a: Rotom|2/100|[from] Sandstorm
|-heal|p1a: Rotom|9/100|[from] item: Leftovers
|upkeep
|turn|7
|
|t:|1760841542
|move|p2a: Emmett|Rapid Spin|p1a: Rotom
|-damage|p1a: Rotom|0 fnt
|-boost|p2a: Emmett|spe|1
|faint|p1a: Rotom
|
|-weather|Sandstorm|[upkeep]
|upkeep
|
|t:|1760841549
|switch|p1a: Garganacl|Garganacl, F|100/100
|turn|8
|
|t:|1760841553
|-terastallize|p1a: Garganacl|Ghost
|move|p2a: Emmett|Swords Dance|p2a: Emmett
|-boost|p2a: Emmett|atk|2
|move|p1a: Garganacl|Body Press|p2a: Emmett
|-supereffective|p2a: Emmett
|-damage|p2a: Emmett|10/100
|-enditem|p2a: Emmett|Air Balloon
|
|-weather|none
|upkeep
|turn|9
|
|t:|1760841560
|move|p2a: Emmett|Earthquake|p1a: Garganacl
|-damage|p1a: Garganacl|49/100
|move|p1a: Garganacl|Body Press|p2a: Emmett
|-supereffective|p2a: Emmett
|-damage|p2a: Emmett|0 fnt
|faint|p2a: Emmett
|
|-heal|p1a: Garganacl|55/100|[from] item: Leftovers
|upkeep
|
|t:|1760841571
|switch|p2a: Boden|Scizor, M, shiny|100/100
|turn|10
|
|t:|1760841581
|move|p2a: Boden|Swords Dance|p2a: Boden
|-boost|p2a: Boden|atk|2
|move|p1a: Garganacl|Salt Cure|p2a: Boden
|-damage|p2a: Boden|86/100
|-start|p2a: Boden|Salt Cure
|
|-heal|p1a: Garganacl|62/100|[from] item: Leftovers
|-damage|p2a: Boden|61/100|[from] Salt Cure
|upkeep
|turn|11
|
|t:|1760841589
|switch|p1a: Gholdengo|Gholdengo|100/100
|move|p2a: Boden|Swords Dance|p2a: Boden
|-boost|p2a: Boden|atk|2
|
|-damage|p2a: Boden|36/100|[from] Salt Cure
|upkeep
|turn|12
|
|t:|1760841594
|move|p2a: Boden|Bullet Punch|p1a: Gholdengo
|-resisted|p1a: Gholdengo
|-damage|p1a: Gholdengo|31/100
|move|p1a: Gholdengo|Shadow Ball|p2a: Boden
|-damage|p2a: Boden|0 fnt
|faint|p2a: Boden
|
|upkeep
|
|t:|1760841600
|switch|p2a: Cheney|Blastoise, M|100/100
|turn|13
|
|t:|1760841603
|move|p1a: Gholdengo|Shadow Ball|p2a: Cheney
|-damage|p2a: Cheney|58/100
|move|p2a: Cheney|Shell Smash|p2a: Cheney
|-unboost|p2a: Cheney|def|1
|-unboost|p2a: Cheney|spd|1
|-boost|p2a: Cheney|atk|2
|-boost|p2a: Cheney|spa|2
|-boost|p2a: Cheney|spe|2
|-enditem|p2a: Cheney|White Herb
|-clearnegativeboost|p2a: Cheney|[silent]
|
|upkeep
|turn|14
|
|t:|1760841608
|move|p2a: Cheney|Surf|p1a: Gholdengo
|-damage|p1a: Gholdengo|0 fnt
|faint|p1a: Gholdengo
|
|upkeep
|
|t:|1760841612
|switch|p1a: Ditto|Ditto|62/100
|-transform|p1a: Ditto|p2a: Cheney|[from] ability: Imposter
|turn|15
|
|t:|1760841625
|move|p1a: Ditto|Tera Blast|p2a: Cheney
|-damage|p2a: Cheney|8/100
|move|p2a: Cheney|Surf|p1a: Ditto
|-resisted|p1a: Ditto
|-damage|p1a: Ditto|4/100
|
|upkeep
|turn|16
|
|t:|1760841632
|switch|p2a: Timothy|Tyranitar, M|28/100
|-weather|Sandstorm|[from] ability: Sand Stream|[of] p2a: Timothy
|move|p1a: Ditto|Tera Blast|p2a: Timothy
|-resisted|p2a: Timothy
|-damage|p2a: Timothy|12/100
|
|-weather|Sandstorm|[upkeep]
|-damage|p1a: Ditto|0 fnt|[from] Sandstorm
|faint|p1a: Ditto
|upkeep
|
|t:|1760841646
|switch|p1a: Jirachi|Jirachi|100/100
|turn|17
|
|t:|1760841649
|move|p1a: Jirachi|Iron Head|p2a: Timothy
|-supereffective|p2a: Timothy
|-damage|p2a: Timothy|0 fnt
|faint|p2a: Timothy
|
|-weather|Sandstorm|[upkeep]
|upkeep
|
|t:|1760841651
|switch|p2a: Cheney|Blastoise, M|8/100
|turn|18
|
|t:|1760841654
|move|p1a: Jirachi|Iron Head|p2a: Cheney
|-resisted|p2a: Cheney
|-damage|p2a: Cheney|0 fnt
|faint|p2a: Cheney
|
|-weather|Sandstorm|[upkeep]
|upkeep
|
|t:|1760841656
|switch|p2a: Benedy|Emboar, M|100/100
|turn|19
|
|t:|1760841660
|switch|p1a: Primarina|Primarina, F|100/100
|move|p2a: Benedy|Flame Charge|p1a: Primarina
|-resisted|p1a: Primarina
|-damage|p1a: Primarina|84/100
|-boost|p2a: Benedy|spe|1
|
|-weather|Sandstorm|[upkeep]
|-damage|p2a: Benedy|94/100|[from] Sandstorm
|-damage|p1a: Primarina|78/100|[from] Sandstorm
|-heal|p2a: Benedy|100/100|[from] item: Leftovers
|upkeep
|turn|20
|
|t:|1760841664
|move|p2a: Benedy|Head Smash|p1a: Primarina
|-damage|p1a: Primarina|0 fnt
|faint|p1a: Primarina
|-damage|p2a: Benedy|68/100|[from] Recoil
|
|-weather|Sandstorm|[upkeep]
|-damage|p2a: Benedy|62/100|[from] Sandstorm
|-heal|p2a: Benedy|68/100|[from] item: Leftovers
|upkeep
|
|t:|1760841672
|switch|p1a: Garganacl|Garganacl, F, tera:Ghost|62/100
|turn|21
|
|t:|1760841675
|move|p2a: Benedy|Head Smash|p1a: Garganacl
|-damage|p1a: Garganacl|28/100
|-damage|p2a: Benedy|50/100|[from] Recoil
|move|p1a: Garganacl|Recover|p1a: Garganacl
|-heal|p1a: Garganacl|78/100
|
|-weather|Sandstorm|[upkeep]
|-damage|p2a: Benedy|44/100|[from] Sandstorm
|-damage|p1a: Garganacl|72/100|[from] Sandstorm
|-heal|p2a: Benedy|50/100|[from] item: Leftovers
|-heal|p1a: Garganacl|78/100|[from] item: Leftovers
|upkeep
|turn|22
|
|t:|1760841686
|move|p2a: Benedy|Taunt|p1a: Garganacl
|-start|p1a: Garganacl|move: Taunt
|cant|p1a: Garganacl|move: Taunt|Recover
|
|-weather|Sandstorm|[upkeep]
|-damage|p2a: Benedy|44/100|[from] Sandstorm
|-damage|p1a: Garganacl|72/100|[from] Sandstorm
|-heal|p2a: Benedy|50/100|[from] item: Leftovers
|-heal|p1a: Garganacl|78/100|[from] item: Leftovers
|upkeep
|turn|23
|
|t:|1760841692
|move|p2a: Benedy|Head Smash|p1a: Garganacl
|-damage|p1a: Garganacl|46/100
|-damage|p2a: Benedy|32/100|[from] Recoil
|move|p1a: Garganacl|Salt Cure|p2a: Benedy
|-damage|p2a: Benedy|13/100
|-start|p2a: Benedy|Salt Cure
|
|-weather|none
|-heal|p2a: Benedy|19/100|[from] item: Leftovers
|-heal|p1a: Garganacl|52/100|[from] item: Leftovers
|-damage|p2a: Benedy|7/100|[from] Salt Cure
|upkeep
|turn|24
|
|t:|1760841703
|move|p2a: Benedy|Head Smash|p1a: Garganacl
|-damage|p1a: Garganacl|16/100
|-damage|p2a: Benedy|0 fnt|[from] Recoil
|faint|p2a: Benedy
|
|win|RockyRangerYoutube
|raw|RockyRangerYoutube's rating: 1201 &rarr; <strong>1227</strong><br />(+26 for winning)
|raw|Jinghan Yu's rating: 1220 &rarr; <strong>1194</strong><br />(-26 for losing)
|l|☆Jinghan Yu
|player|p2|
|c|☆RockyRangerYoutube|GG
|l|☆RockyRangerYoutube
|player|p1|
