|j|☆how play pkm
|j|☆steveurkle
|t:|1760769789
|gametype|singles
|player|p1|how play pkm|#bltxiipangoros|1702
|player|p2|steveurkle|2|1686
|gen|9
|tier|[Gen 9] OU
|rated|
|rule|HP Percentage Mod: HP is shown in percentages
|rule|Endless Battle Clause: Forcing endless battles is banned
|rule|Species Clause: Limit one of each Pokémon
|rule|OHKO Clause: OHKO moves are banned
|rule|Evasion Items Clause: Evasion items are banned
|rule|Evasion Moves Clause: Evasion moves are banned
|rule|Evasion Abilities Clause: Evasion abilities are banned
|rule|Sleep Moves Clause: Sleep-inducing moves are banned
|clearpoke
|poke|p1|Azumarill, M|
|poke|p1|Kingambit, F|
|poke|p1|Weezing-Galar, M|
|poke|p1|Ting-Lu|
|poke|p1|Garganacl, M|
|poke|p1|Ogerpon-Wellspring, F|
|poke|p2|Excadrill, F|
|poke|p2|Dragapult, M|
|poke|p2|Ogerpon-Wellspring, F|
|poke|p2|Slowking, M|
|poke|p2|Kyurem|
|poke|p2|Weezing-Galar, F|
|teampreview
|inactive|Battle timer is ON: inactive players will automatically lose when time's up. (requested by how play pkm)
|
|t:|1760769801
|teamsize|p1|6
|teamsize|p2|6
|start
|switch|p1a: Azumarill|Azumarill, M|100/100
|switch|p2a: Weezing|Weezing-Galar, F|100/100
|-ability|p2a: Weezing|Neutralizing Gas
|turn|1
|
|t:|1760769809
|switch|p1a: Weezing|Weezing-Galar, M|100/100
|move|p2a: Weezing|Sludge Bomb|p1a: Weezing
|-damage|p1a: Weezing|62/100
|
|upkeep
|turn|2
|
|t:|1760769815
|move|p1a: Weezing|Will-O-Wisp|p2a: Weezing
|-status|p2a: Weezing|brn
|move|p2a: Weezing|Sludge Bomb|p1a: Weezing
|-damage|p1a: Weezing|26/100
|
|-damage|p2a: Weezing|95/100 brn|[from] brn
|upkeep
|turn|3
|
|t:|1760769824
|move|p1a: Weezing|Pain Split|p2a: Weezing
|-sethp|p2a: Weezing|60/100 brn|[from] move: Pain Split|[silent]
|-sethp|p1a: Weezing|60/100|[from] move: Pain Split
|move|p2a: Weezing|Sludge Bomb|p1a: Weezing
|-damage|p1a: Weezing|25/100
|
|-damage|p2a: Weezing|54/100 brn|[from] brn
|upkeep
|turn|4
|
|t:|1760769835
|-end|p2a: Weezing|ability: Neutralizing Gas
|switch|p2a: Kyurem|Kyurem|100/100
|-ability|p2a: Kyurem|Pressure
|move|p1a: Weezing|Sludge Bomb|p2a: Kyurem
|-damage|p2a: Kyurem|78/100
|-status|p2a: Kyurem|psn
|
|-heal|p2a: Kyurem|84/100 psn|[from] item: Leftovers
|-damage|p2a: Kyurem|71/100 psn|[from] psn
|upkeep
|turn|5
|
|t:|1760769852
|switch|p1a: Garganacl|Garganacl, M|100/100
|move|p2a: Kyurem|Earth Power|p1a: Garganacl
|-supereffective|p1a: Garganacl
|-damage|p1a: Garganacl|65/100
|
|-heal|p2a: Kyurem|77/100 psn|[from] item: Leftovers
|-heal|p1a: Garganacl|71/100|[from] item: Leftovers
|-damage|p2a: Kyurem|65/100 psn|[from] psn
|upkeep
|turn|6
|
|t:|1760769862
|move|p2a: Kyurem|Earth Power|p1a: Garganacl
|-supereffective|p1a: Garganacl
|-damage|p1a: Garganacl|38/100
|move|p1a: Garganacl|Recover|p1a: Garganacl
|-heal|p1a: Garganacl|88/100
|
|-heal|p2a: Kyurem|71/100 psn|[from] item: Leftovers
|-heal|p1a: Garganacl|95/100|[from] item: Leftovers
|-damage|p2a: Kyurem|59/100 psn|[from] psn
|upkeep
|turn|7
|inactive|steveurkle has 120 seconds left.
|
|t:|1760769890
|move|p2a: Kyurem|Earth Power|p1a: Garganacl
|-supereffective|p1a: Garganacl
|-damage|p1a: Garganacl|62/100
|move|p1a: Garganacl|Curse|p1a: Garganacl
|-unboost|p1a: Garganacl|spe|1
|-boost|p1a: Garganacl|atk|1
|-boost|p1a: Garganacl|def|1
|
|-heal|p2a: Kyurem|65/100 psn|[from] item: Leftovers
|-heal|p1a: Garganacl|68/100|[from] item: Leftovers
|-damage|p2a: Kyurem|53/100 psn|[from] psn
|upkeep
|turn|8
|inactive|steveurkle has 120 seconds left.
|
|t:|1760769901
|move|p2a: Kyurem|Earth Power|p1a: Garganacl
|-supereffective|p1a: Garganacl
|-damage|p1a: Garganacl|34/100
|move|p1a: Garganacl|Recover|p1a: Garganacl
|-heal|p1a: Garganacl|84/100
|
|-heal|p2a: Kyurem|59/100 psn|[from] item: Leftovers
|-heal|p1a: Garganacl|90/100|[from] item: Leftovers
|-damage|p2a: Kyurem|46/100 psn|[from] psn
|upkeep
|turn|9
|inactive|steveurkle has 120 seconds left.
|
|t:|1760769912
|move|p2a: Kyurem|Earth Power|p1a: Garganacl
|-supereffective|p1a: Garganacl
|-damage|p1a: Garganacl|57/100
|move|p1a: Garganacl|Curse|p1a: Garganacl
|-unboost|p1a: Garganacl|spe|1
|-boost|p1a: Garganacl|atk|1
|-boost|p1a: Garganacl|def|1
|
|-heal|p2a: Kyurem|52/100 psn|[from] item: Leftovers
|-heal|p1a: Garganacl|64/100|[from] item: Leftovers
|-damage|p2a: Kyurem|40/100 psn|[from] psn
|upkeep
|turn|10
|inactive|steveurkle has 120 seconds left.
|
|t:|1760769923
|move|p2a: Kyurem|Earth Power|p1a: Garganacl
|-supereffective|p1a: Garganacl
|-damage|p1a: Garganacl|30/100
|move|p1a: Garganacl|Recover|p1a: Garganacl
|-heal|p1a: Garganacl|80/100
|
|-heal|p2a: Kyurem|46/100 psn|[from] item: Leftovers
|-heal|p1a: Garganacl|86/100|[from] item: Leftovers
|-damage|p2a: Kyurem|34/100 psn|[from] psn
|upkeep
|turn|11
|inactive|steveurkle has 120 seconds left.
|
|t:|1760769933
|move|p2a: Kyurem|Earth Power|p1a: Garganacl
|-supereffective|p1a: Garganacl
|-damage|p1a: Garganacl|51/100
|-unboost|p1a: Garganacl|spd|1
|move|p1a: Garganacl|Salt Cure|p2a: Kyurem
|-supereffective|p2a: Kyurem
|-damage|p2a: Kyurem|0 fnt
|faint|p2a: Kyurem
|
|-heal|p1a: Garganacl|57/100|[from] item: Leftovers
|upkeep
|inactive|steveurkle has 120 seconds left.
|
|t:|1760769945
|switch|p2a: Weezing|Weezing-Galar, F|54/100 brn
|-ability|p2a: Weezing|Neutralizing Gas
|turn|12
|
|t:|1760769950
|move|p2a: Weezing|Sludge Bomb|p1a: Garganacl
|-resisted|p1a: Garganacl
|-damage|p1a: Garganacl|44/100
|move|p1a: Garganacl|Salt Cure|p2a: Weezing
|-damage|p2a: Weezing|36/100 brn
|-start|p2a: Weezing|Salt Cure
|
|-heal|p1a: Garganacl|50/100|[from] item: Leftovers
|-damage|p2a: Weezing|30/100 brn|[from] brn
|-damage|p2a: Weezing|18/100 brn|[from] Salt Cure
|upkeep
|turn|13
|
|t:|1760769962
|move|p2a: Weezing|Pain Split|p1a: Garganacl
|-sethp|p1a: Garganacl|32/100|[from] move: Pain Split|[silent]
|-sethp|p2a: Weezing|39/100 brn|[from] move: Pain Split
|move|p1a: Garganacl|Recover|p1a: Garganacl
|-heal|p1a: Garganacl|82/100
|
|-heal|p1a: Garganacl|89/100|[from] item: Leftovers
|-damage|p2a: Weezing|33/100 brn|[from] brn
|-damage|p2a: Weezing|21/100 brn|[from] Salt Cure
|upkeep
|turn|14
|
|t:|1760769975
|-end|p2a: Weezing|ability: Neutralizing Gas
|switch|p2a: Ogerpon|Ogerpon-Wellspring, F|100/100
|move|p1a: Garganacl|Curse|p1a: Garganacl
|-unboost|p1a: Garganacl|spe|1
|-boost|p1a: Garganacl|atk|1
|-boost|p1a: Garganacl|def|1
|
|-heal|p1a: Garganacl|95/100|[from] item: Leftovers
|upkeep
|turn|15
|
|t:|1760769989
|move|p2a: Ogerpon|Swords Dance|p2a: Ogerpon
|-boost|p2a: Ogerpon|atk|2
|move|p1a: Garganacl|Salt Cure|p2a: Ogerpon
|-damage|p2a: Ogerpon|51/100
|-start|p2a: Ogerpon|Salt Cure
|
|-heal|p1a: Garganacl|100/100|[from] item: Leftovers
|-damage|p2a: Ogerpon|27/100|[from] Salt Cure
|upkeep
|turn|16
|inactive|steveurkle has 120 seconds left.
|
|t:|1760770004
|move|p2a: Ogerpon|Ivy Cudgel|p1a: Garganacl|[anim] Ivy Cudgel Water
|-supereffective|p1a: Garganacl
|-damage|p1a: Garganacl|34/100
|move|p1a: Garganacl|Recover|p1a: Garganacl
|-heal|p1a: Garganacl|84/100
|
|-heal|p1a: Garganacl|90/100|[from] item: Leftovers
|-damage|p2a: Ogerpon|2/100|[from] Salt Cure
|upkeep
|turn|17
|inactive|steveurkle has 120 seconds left.
|
|t:|1760770015
|switch|p2a: Weezing|Weezing-Galar, F|21/100 brn
|-ability|p2a: Weezing|Neutralizing Gas
|move|p1a: Garganacl|Recover|p1a: Garganacl
|-heal|p1a: Garganacl|100/100
|
|-damage|p2a: Weezing|15/100 brn|[from] brn
|upkeep
|turn|18
|
|t:|1760770025
|move|p2a: Weezing|Pain Split|p1a: Garganacl
|-sethp|p1a: Garganacl|56/100|[from] move: Pain Split|[silent]
|-sethp|p2a: Weezing|68/100 brn|[from] move: Pain Split
|move|p1a: Garganacl|Curse|p1a: Garganacl
|-unboost|p1a: Garganacl|spe|1
|-boost|p1a: Garganacl|atk|1
|-boost|p1a: Garganacl|def|1
|
|-heal|p1a: Garganacl|63/100|[from] item: Leftovers
|-damage|p2a: Weezing|62/100 brn|[from] brn
|upkeep
|turn|19
|
|t:|1760770036
|move|p2a: Weezing|Sludge Bomb|p1a: Garganacl
|-resisted|p1a: Garganacl
|-damage|p1a: Garganacl|50/100
|move|p1a: Garganacl|Salt Cure|p2a: Weezing
|-damage|p2a: Weezing|36/100 brn
|-start|p2a: Weezing|Salt Cure
|
|-heal|p1a: Garganacl|56/100|[from] item: Leftovers
|-damage|p2a: Weezing|30/100 brn|[from] brn
|-damage|p2a: Weezing|18/100 brn|[from] Salt Cure
|upkeep
|turn|20
|
|t:|1760770047
|move|p2a: Weezing|Sludge Bomb|p1a: Garganacl
|-resisted|p1a: Garganacl
|-damage|p1a: Garganacl|44/100
|move|p1a: Garganacl|Salt Cure|p2a: Weezing
|-damage|p2a: Weezing|0 fnt
|faint|p2a: Weezing
|-end|p2a: Weezing|ability: Neutralizing Gas
|
|-heal|p1a: Garganacl|50/100|[from] item: Leftovers
|upkeep
|inactive|steveurkle has 120 seconds left.
|
|t:|1760770061
|switch|p2a: Slowking|Slowking, M|100/100
|turn|21
|
|t:|1760770067
|move|p2a: Slowking|Scald|p1a: Garganacl
|-supereffective|p1a: Garganacl
|-damage|p1a: Garganacl|0 fnt
|faint|p1a: Garganacl
|
|upkeep
|
|t:|1760770071
|switch|p1a: Azumarill|Azumarill, M|100/100
|turn|22
|
|t:|1760770076
|move|p1a: Azumarill|Knock Off|p2a: Slowking
|-supereffective|p2a: Slowking
|-enditem|p2a: Slowking|Colbur Berry|[eat]
|-enditem|p2a: Slowking|Colbur Berry|[weaken]
|-damage|p2a: Slowking|58/100
|move|p2a: Slowking|Scald|p1a: Azumarill
|-resisted|p1a: Azumarill
|-damage|p1a: Azumarill|91/100
|
|upkeep
|turn|23
|
|t:|1760770085
|switch|p1a: Ogerpon|Ogerpon-Wellspring, F|100/100
|-prepare|p2a: Slowking|Chilly Reception|[premajor]
|move|p2a: Slowking|Chilly Reception|p2a: Slowking
|-weather|Snowscape
|
|t:|1760770090
|switch|p2a: Dragapult|Dragapult, M|100/100|[from] Chilly Reception
|
|-weather|Snowscape|[upkeep]
|upkeep
|turn|24
|
|t:|1760770096
|switch|p1a: Weezing|Weezing-Galar, M|25/100
|move|p2a: Dragapult|U-turn|p1a: Weezing
|-resisted|p1a: Weezing
|-damage|p1a: Weezing|19/100
|-damage|p2a: Dragapult|84/100|[from] item: Rocky Helmet|[of] p1a: Weezing
|
|t:|1760770108
|switch|p2a: Excadrill|Excadrill, F|100/100|[from] U-turn
|-ability|p2a: Excadrill|Mold Breaker
|
|-weather|Snowscape|[upkeep]
|upkeep
|turn|25
|
|t:|1760770115
|move|p2a: Excadrill|Earthquake|p1a: Weezing
|-supereffective|p1a: Weezing
|-damage|p1a: Weezing|0 fnt
|faint|p1a: Weezing
|
|-weather|Snowscape|[upkeep]
|upkeep
|
|t:|1760770119
|switch|p1a: Ogerpon|Ogerpon-Wellspring, F|100/100
|turn|26
|
|t:|1760770136
|move|p1a: Ogerpon|Swords Dance|p1a: Ogerpon
|-boost|p1a: Ogerpon|atk|2
|move|p2a: Excadrill|Rapid Spin|p1a: Ogerpon
|-damage|p1a: Ogerpon|74/100
|-boost|p2a: Excadrill|spe|1
|
|-weather|Snowscape|[upkeep]
|upkeep
|turn|27
|
|t:|1760770147
|move|p2a: Excadrill|Rock Blast|p1a: Ogerpon
|-damage|p1a: Ogerpon|61/100
|-damage|p1a: Ogerpon|49/100
|-damage|p1a: Ogerpon|36/100
|-damage|p1a: Ogerpon|24/100
|-hitcount|p1a: Ogerpon|4
|move|p1a: Ogerpon|Horn Leech|p2a: Excadrill
|-damage|p2a: Excadrill|0 fnt
|-heal|p1a: Ogerpon|84/100|[from] drain|[of] p2a: Excadrill
|faint|p2a: Excadrill
|
|-weather|none
|upkeep
|
|t:|1760770164
|switch|p2a: Dragapult|Dragapult, M|84/100
|turn|28
|
|t:|1760770171
|move|p2a: Dragapult|U-turn|p1a: Ogerpon
|-supereffective|p1a: Ogerpon
|-damage|p1a: Ogerpon|0 fnt
|faint|p1a: Ogerpon
|
|t:|1760770176
|switch|p2a: Slowking|Slowking, M|92/100|[from] U-turn
|
|upkeep
|
|t:|1760770180
|switch|p1a: Kingambit|Kingambit, F|100/100
|-activate|p1a: Kingambit|ability: Supreme Overlord
|-start|p1a: Kingambit|fallen3|[silent]
|turn|29
|
|t:|1760770187
|-end|p1a: Kingambit|fallen3|[silent]
|switch|p1a: Ting-Lu|Ting-Lu|100/100
|-ability|p1a: Ting-Lu|Vessel of Ruin
|move|p2a: Slowking|Scald|p1a: Ting-Lu
|-supereffective|p1a: Ting-Lu
|-damage|p1a: Ting-Lu|78/100
|
|-heal|p1a: Ting-Lu|84/100|[from] item: Leftovers
|upkeep
|turn|30
|
|t:|1760770198
|move|p1a: Ting-Lu|Stealth Rock|p2a: Slowking
|-sidestart|p2: steveurkle|move: Stealth Rock
|-prepare|p2a: Slowking|Chilly Reception|[premajor]
|move|p2a: Slowking|Chilly Reception|p2a: Slowking
|-weather|Snowscape
|
|t:|1760770203
|switch|p2a: Dragapult|Dragapult, M|84/100|[from] Chilly Reception
|-damage|p2a: Dragapult|72/100|[from] Stealth Rock
|
|-weather|Snowscape|[upkeep]
|-heal|p1a: Ting-Lu|90/100|[from] item: Leftovers
|upkeep
|turn|31
|
|t:|1760770213
|switch|p1a: Azumarill|Azumarill, M|91/100
|move|p2a: Dragapult|U-turn|p1a: Azumarill
|-resisted|p1a: Azumarill
|-damage|p1a: Azumarill|75/100
|
|t:|1760770219
|switch|p2a: Slowking|Slowking, M|100/100|[from] U-turn
|-damage|p2a: Slowking|88/100|[from] Stealth Rock
|
|-weather|Snowscape|[upkeep]
|upkeep
|turn|32
|
|t:|1760770226
|move|p1a: Azumarill|Play Rough|p2a: Slowking
|-damage|p2a: Slowking|34/100
|move|p2a: Slowking|Scald|p1a: Azumarill
|-resisted|p1a: Azumarill
|-damage|p1a: Azumarill|66/100
|
|-weather|Snowscape|[upkeep]
|upkeep
|turn|33
|
|t:|1760770234
|move|p1a: Azumarill|Play Rough|p2a: Slowking
|-damage|p2a: Slowking|0 fnt
|faint|p2a: Slowking
|
|-weather|Snowscape|[upkeep]
|upkeep
|-message|steveurkle forfeited.
|
|win|how play pkm
|raw|how play pkm's rating: 1702 &rarr; <strong>1721</strong><br />(+19 for winning)
|raw|steveurkle's rating: 1686 &rarr; <strong>1667</strong><br />(-19 for losing)
|l|☆steveurkle
|player|p2|
|l|☆how play pkm
|player|p1|
