|j|☆jhghjkhipkjnlp
|j|☆ashy_tony
|t:|1760848046
|gametype|singles
|player|p1|jhghjkhipkjnlp|266|1411
|player|p2|ashy_tony|biker-gen4|1444
|gen|9
|tier|[Gen 9] OU
|rated|
|rule|HP Percentage Mod: HP is shown in percentages
|rule|Endless Battle Clause: Forcing endless battles is banned
|rule|Species Clause: Limit one of each Pokémon
|rule|OHKO Clause: OHKO moves are banned
|rule|Evasion Items Clause: Evasion items are banned
|rule|Evasion Moves Clause: Evasion moves are banned
|rule|Evasion Abilities Clause: Evasion abilities are banned
|rule|Sleep Moves Clause: Sleep-inducing moves are banned
|clearpoke
|poke|p1|Ninetales, F|
|poke|p1|Glimmora, F|
|poke|p1|Hatterene, F|
|poke|p1|Lilligant-Hisui, F|
|poke|p1|Walking Wake|
|poke|p1|Ursaluna, M|
|poke|p2|Chesnaught, M|
|poke|p2|Clodsire, F|
|poke|p2|Garganacl, M|
|poke|p2|Mandibuzz, F|
|poke|p2|Iron Crown|
|poke|p2|Ogerpon-Wellspring, F|
|teampreview
|c|☆jhghjkhipkjnlp|fat b
|
|t:|1760848085
|teamsize|p1|6
|teamsize|p2|6
|start
|switch|p1a: Walking Wake|Walking Wake|100/100
|switch|p2a: Iron Crown|Iron Crown|100/100
|turn|1
|
|t:|1760848124
|move|p1a: Walking Wake|Flamethrower|p2a: Iron Crown
|-supereffective|p2a: Iron Crown
|-crit|p2a: Iron Crown
|-damage|p2a: Iron Crown|36/100
|move|p2a: Iron Crown|Volt Switch|p1a: Walking Wake
|-damage|p1a: Walking Wake|74/100
|
|t:|1760848136
|-end|p2a: Iron Crown|Quark Drive|[silent]
|switch|p2a: Garganacl|Garganacl, M|100/100|[from] Volt Switch
|
|upkeep
|turn|2
|
|t:|1760848151
|move|p1a: Walking Wake|Knock Off|p2a: Garganacl
|-crit|p2a: Garganacl
|-damage|p2a: Garganacl|84/100
|-enditem|p2a: Garganacl|Leftovers|[from] move: Knock Off|[of] p1a: Walking Wake
|move|p2a: Garganacl|Salt Cure|p1a: Walking Wake
|-damage|p1a: Walking Wake|60/100
|-start|p1a: Walking Wake|Salt Cure
|
|-damage|p1a: Walking Wake|35/100|[from] Salt Cure
|upkeep
|turn|3
|
|t:|1760848161
|-end|p1a: Walking Wake|Protosynthesis|[silent]
|switch|p1a: Glimmora|Glimmora, F|100/100
|move|p2a: Garganacl|Curse|p2a: Garganacl
|-unboost|p2a: Garganacl|spe|1
|-boost|p2a: Garganacl|atk|1
|-boost|p2a: Garganacl|def|1
|
|upkeep
|turn|4
|
|t:|1760848170
|switch|p2a: Iron Crown|Iron Crown|36/100
|move|p1a: Glimmora|Stealth Rock|p2a: Iron Crown
|-sidestart|p2: ashy_tony|move: Stealth Rock
|
|upkeep
|turn|5
|
|t:|1760848183
|switch|p1a: Ninetales|Ninetales, F|100/100
|-weather|SunnyDay|[from] ability: Drought|[of] p1a: Ninetales
|move|p2a: Iron Crown|Tachyon Cutter|p1a: Ninetales
|-resisted|p1a: Ninetales
|-damage|p1a: Ninetales|88/100
|-resisted|p1a: Ninetales
|-crit|p1a: Ninetales
|-damage|p1a: Ninetales|70/100
|-hitcount|p1a: Ninetales|2
|
|-weather|SunnyDay|[upkeep]
|upkeep
|turn|6
|
|t:|1760848195
|-end|p2a: Iron Crown|Quark Drive|[silent]
|switch|p2a: Garganacl|Garganacl, M|84/100
|-damage|p2a: Garganacl|72/100|[from] Stealth Rock
|move|p1a: Ninetales|Weather Ball|p2a: Garganacl
|-resisted|p2a: Garganacl
|-damage|p2a: Garganacl|56/100
|
|-weather|SunnyDay|[upkeep]
|upkeep
|turn|7
|
|t:|1760848210
|switch|p1a: Lilligant|Lilligant-Hisui, F|100/100
|move|p2a: Garganacl|Salt Cure|p1a: Lilligant
|-resisted|p1a: Lilligant
|-damage|p1a: Lilligant|91/100
|-start|p1a: Lilligant|Salt Cure
|
|-weather|SunnyDay|[upkeep]
|-damage|p1a: Lilligant|78/100|[from] Salt Cure
|upkeep
|turn|8
|
|t:|1760848224
|switch|p1a: Glimmora|Glimmora, F|100/100
|switch|p2a: Mandibuzz|Mandibuzz, F|100/100
|
|-weather|SunnyDay|[upkeep]
|upkeep
|turn|9
|
|t:|1760848230
|switch|p2a: Clodsire|Clodsire, F|100/100
|-damage|p2a: Clodsire|94/100|[from] Stealth Rock
|move|p1a: Glimmora|Mortal Spin|p2a: Clodsire
|-resisted|p2a: Clodsire
|-damage|p2a: Clodsire|93/100
|
|-weather|SunnyDay|[upkeep]
|-heal|p2a: Clodsire|99/100|[from] item: Black Sludge
|upkeep
|turn|10
|
|t:|1760848240
|switch|p1a: Hatterene|Hatterene, F|100/100
|-item|p1a: Hatterene|Air Balloon
|move|p2a: Clodsire|Earthquake|p1a: Hatterene
|-immune|p1a: Hatterene
|
|-weather|SunnyDay|[upkeep]
|-heal|p2a: Clodsire|100/100|[from] item: Black Sludge
|upkeep
|turn|11
|
|t:|1760848250
|switch|p2a: Garganacl|Garganacl, M|56/100
|-damage|p2a: Garganacl|44/100|[from] Stealth Rock
|move|p1a: Hatterene|Trick Room|p1a: Hatterene
|-fieldstart|move: Trick Room|[of] p1a: Hatterene
|
|-weather|SunnyDay|[upkeep]
|upkeep
|turn|12
|
|t:|1760848258
|switch|p1a: Glimmora|Glimmora, F|100/100
|move|p2a: Garganacl|Recover|p2a: Garganacl
|-heal|p2a: Garganacl|94/100
|
|-weather|none
|upkeep
|turn|13
|
|t:|1760848267
|move|p2a: Garganacl|Earthquake|p1a: Glimmora
|-supereffective|p1a: Glimmora
|-damage|p1a: Glimmora|0 fnt
|-activate|p1a: Glimmora|ability: Toxic Debris
|-sidestart|p2: ashy_tony|move: Toxic Spikes
|faint|p1a: Glimmora
|
|upkeep
|
|t:|1760848276
|switch|p1a: Ursaluna|Ursaluna, M|100/100
|turn|14
|
|t:|1760848320
|move|p2a: Garganacl|Curse|p2a: Garganacl
|-unboost|p2a: Garganacl|spe|1
|-boost|p2a: Garganacl|atk|1
|-boost|p2a: Garganacl|def|1
|move|p1a: Ursaluna|Headlong Rush|p2a: Garganacl
|-supereffective|p2a: Garganacl
|-damage|p2a: Garganacl|29/100
|-unboost|p1a: Ursaluna|def|1
|-unboost|p1a: Ursaluna|spd|1
|
|-status|p1a: Ursaluna|brn|[from] item: Flame Orb
|upkeep
|turn|15
|
|t:|1760848334
|-terastallize|p2a: Garganacl|Ghost
|move|p2a: Garganacl|Recover|p2a: Garganacl
|-heal|p2a: Garganacl|79/100
|move|p1a: Ursaluna|Swords Dance|p1a: Ursaluna
|-boost|p1a: Ursaluna|atk|2
|
|-damage|p1a: Ursaluna|94/100 brn|[from] brn
|-fieldend|move: Trick Room
|upkeep
|turn|16
|
|t:|1760848345
|move|p1a: Ursaluna|Headlong Rush|p2a: Garganacl
|-damage|p2a: Garganacl|0 fnt
|-unboost|p1a: Ursaluna|def|1
|-unboost|p1a: Ursaluna|spd|1
|faint|p2a: Garganacl
|
|-damage|p1a: Ursaluna|88/100 brn|[from] brn
|upkeep
|
|t:|1760848353
|switch|p2a: Chesnaught|Chesnaught, M, shiny|100/100
|-damage|p2a: Chesnaught|94/100|[from] Stealth Rock
|-status|p2a: Chesnaught|psn
|turn|17
|
|t:|1760848363
|-terastallize|p1a: Ursaluna|Normal
|move|p1a: Ursaluna|Facade|p2a: Chesnaught
|-damage|p2a: Chesnaught|0 fnt
|-damage|p1a: Ursaluna|72/100 brn|[from] item: Rocky Helmet|[of] p2a: Chesnaught
|faint|p2a: Chesnaught
|
|-damage|p1a: Ursaluna|66/100 brn|[from] brn
|upkeep
|
|t:|1760848382
|switch|p2a: Mandibuzz|Mandibuzz, F|100/100
|turn|18
|
|t:|1760848390
|move|p2a: Mandibuzz|Foul Play|p1a: Ursaluna
|-crit|p1a: Ursaluna
|-damage|p1a: Ursaluna|0 fnt
|faint|p1a: Ursaluna
|
|upkeep
|
|t:|1760848404
|switch|p1a: Walking Wake|Walking Wake|35/100
|turn|19
|
|t:|1760848460
|switch|p2a: Clodsire|Clodsire, F|100/100
|-damage|p2a: Clodsire|94/100|[from] Stealth Rock
|-sideend|p2: ashy_tony|move: Toxic Spikes|[of] p2a: Clodsire
|move|p1a: Walking Wake|Knock Off|p2a: Clodsire
|-damage|p2a: Clodsire|75/100
|-enditem|p2a: Clodsire|Black Sludge|[from] move: Knock Off|[of] p1a: Walking Wake
|
|upkeep
|turn|20
|
|t:|1760848469
|-end|p1a: Walking Wake|Protosynthesis|[silent]
|switch|p1a: Ninetales|Ninetales, F|70/100
|-weather|SunnyDay|[from] ability: Drought|[of] p1a: Ninetales
|move|p2a: Clodsire|Earthquake|p1a: Ninetales
|-supereffective|p1a: Ninetales
|-damage|p1a: Ninetales|0 fnt
|faint|p1a: Ninetales
|
|-weather|SunnyDay|[upkeep]
|upkeep
|
|t:|1760848479
|switch|p1a: Lilligant|Lilligant-Hisui, F|78/100
|turn|21
|
|t:|1760848488
|switch|p2a: Mandibuzz|Mandibuzz, F|100/100
|move|p1a: Lilligant|Solar Blade||[still]
|-prepare|p1a: Lilligant|Solar Blade
|-anim|p1a: Lilligant|Solar Blade|p2a: Mandibuzz
|-resisted|p2a: Mandibuzz
|-damage|p2a: Mandibuzz|77/100
|-damage|p1a: Lilligant|68/100|[from] item: Life Orb
|
|-weather|SunnyDay|[upkeep]
|upkeep
|turn|22
|
|t:|1760848499
|move|p1a: Lilligant|Triple Axel|p2a: Mandibuzz
|-supereffective|p2a: Mandibuzz
|-damage|p2a: Mandibuzz|67/100
|-supereffective|p2a: Mandibuzz
|-damage|p2a: Mandibuzz|48/100
|-supereffective|p2a: Mandibuzz
|-damage|p2a: Mandibuzz|19/100
|-hitcount|p2a: Mandibuzz|3
|-damage|p1a: Lilligant|58/100|[from] item: Life Orb
|move|p2a: Mandibuzz|Foul Play|p1a: Lilligant
|-resisted|p1a: Lilligant
|-damage|p1a: Lilligant|25/100
|
|-weather|SunnyDay|[upkeep]
|upkeep
|turn|23
|
|t:|1760848514
|move|p1a: Lilligant|Triple Axel|p2a: Mandibuzz
|-supereffective|p2a: Mandibuzz
|-damage|p2a: Mandibuzz|10/100
|-supereffective|p2a: Mandibuzz
|-damage|p2a: Mandibuzz|0 fnt
|faint|p2a: Mandibuzz
|-hitcount|p2: Mandibuzz|2
|-damage|p1a: Lilligant|15/100|[from] item: Life Orb
|
|-weather|SunnyDay|[upkeep]
|upkeep
|
|t:|1760848524
|switch|p2a: Ogerpon|Ogerpon-Wellspring, F|100/100
|-damage|p2a: Ogerpon|88/100|[from] Stealth Rock
|turn|24
|
|t:|1760848532
|move|p1a: Lilligant|Solar Blade||[still]
|-prepare|p1a: Lilligant|Solar Blade
|-anim|p1a: Lilligant|Solar Blade|p2a: Ogerpon
|-damage|p2a: Ogerpon|0 fnt
|faint|p2a: Ogerpon
|-damage|p1a: Lilligant|5/100|[from] item: Life Orb
|
|-weather|SunnyDay|[upkeep]
|upkeep
|
|t:|1760848540
|switch|p2a: Iron Crown|Iron Crown|36/100
|-damage|p2a: Iron Crown|29/100|[from] Stealth Rock
|turn|25
|
|t:|1760848554
|move|p1a: Lilligant|Close Combat|p2a: Iron Crown
|-damage|p2a: Iron Crown|0 fnt
|-unboost|p1a: Lilligant|def|1
|-unboost|p1a: Lilligant|spd|1
|faint|p2a: Iron Crown
|-end|p2a: Iron Crown|Quark Drive|[silent]
|-damage|p1a: Lilligant|0 fnt|[from] item: Life Orb
|faint|p1a: Lilligant
|
|-weather|SunnyDay|[upkeep]
|upkeep
|
|t:|1760848567
|switch|p2a: Clodsire|Clodsire, F|75/100
|switch|p1a: Hatterene|Hatterene, F|100/100
|-item|p1a: Hatterene|Air Balloon
|-damage|p2a: Clodsire|69/100|[from] Stealth Rock
|turn|26
|-message|ashy_tony forfeited.
|
|win|jhghjkhipkjnlp
|raw|jhghjkhipkjnlp's rating: 1411 &rarr; <strong>1433</strong><br />(+22 for winning)
|raw|ashy_tony's rating: 1444 &rarr; <strong>1422</strong><br />(-22 for losing)
|l|☆ashy_tony
|player|p2|
