|j|☆serginsurge
|j|☆miden420
|t:|1760850137
|gametype|singles
|player|p1|serginsurge|169|1262
|player|p2|miden420|clair|1214
|gen|9
|tier|[Gen 9] OU
|rated|
|rule|HP Percentage Mod: HP is shown in percentages
|rule|Endless Battle Clause: Forcing endless battles is banned
|rule|Species Clause: Limit one of each Pokémon
|rule|OHKO Clause: OHKO moves are banned
|rule|Evasion Items Clause: Evasion items are banned
|rule|Evasion Moves Clause: Evasion moves are banned
|rule|Evasion Abilities Clause: Evasion abilities are banned
|rule|Sleep Moves Clause: Sleep-inducing moves are banned
|clearpoke
|poke|p1|Dragapult, F|
|poke|p1|Grimmsnarl, M|
|poke|p1|Jirachi|
|poke|p1|Amoonguss, F|
|poke|p1|Great Tusk|
|poke|p1|Walking Wake|
|poke|p2|Garchomp, F|
|poke|p2|Zamazenta-*|
|poke|p2|Gholdengo|
|poke|p2|Moltres|
|poke|p2|Primarina, M|
|poke|p2|Iron Treads|
|teampreview
|inactive|Battle timer is ON: inactive players will automatically lose when time's up. (requested by serginsurge)
|
|t:|1760850142
|teamsize|p1|6
|teamsize|p2|6
|start
|switch|p1a: Grimmsnarl|Grimmsnarl, M|100/100
|switch|p2a: Garchomp|Garchomp, F|100/100
|turn|1
|
|t:|1760850152
|move|p2a: Garchomp|Earthquake|p1a: Grimmsnarl
|-damage|p1a: Grimmsnarl|46/100
|move|p1a: Grimmsnarl|Spirit Break|p2a: Garchomp
|-supereffective|p2a: Garchomp
|-damage|p2a: Garchomp|62/100
|-unboost|p2a: Garchomp|spa|1
|-damage|p1a: Grimmsnarl|33/100|[from] ability: Rough Skin|[of] p2a: Garchomp
|-damage|p1a: Grimmsnarl|17/100|[from] item: Rocky Helmet|[of] p2a: Garchomp
|
|upkeep
|turn|2
|
|t:|1760850162
|move|p1a: Grimmsnarl|Parting Shot|p2a: Garchomp
|-unboost|p2a: Garchomp|atk|1
|-unboost|p2a: Garchomp|spa|1
|
|t:|1760850174
|switch|p1a: Walking Wake|Walking Wake|100/100|[from] Parting Shot
|move|p2a: Garchomp|Earthquake|p1a: Walking Wake
|-damage|p1a: Walking Wake|72/100
|
|upkeep
|turn|3
|
|t:|1760850182
|switch|p2a: Primarina|Primarina, M, shiny|100/100
|move|p1a: Walking Wake|Hydro Steam|p2a: Primarina
|-resisted|p2a: Primarina
|-damage|p2a: Primarina|90/100
|
|upkeep
|turn|4
|
|t:|1760850190
|-end|p1a: Walking Wake|Protosynthesis|[silent]
|switch|p1a: Jirachi|Jirachi|100/100
|move|p2a: Primarina|Flip Turn|p1a: Jirachi
|-damage|p1a: Jirachi|88/100
|
|t:|1760850195
|switch|p2a: Gholdengo|Gholdengo|100/100|[from] Flip Turn
|-item|p2a: Gholdengo|Air Balloon
|
|-heal|p1a: Jirachi|95/100|[from] item: Leftovers
|upkeep
|turn|5
|
|t:|1760850223
|switch|p1a: Amoonguss|Amoonguss, F, shiny|100/100
|move|p2a: Gholdengo|Nasty Plot|p2a: Gholdengo
|-boost|p2a: Gholdengo|spa|2
|
|upkeep
|turn|6
|
|t:|1760850233
|move|p2a: Gholdengo|Shadow Ball|p1a: Amoonguss
|-damage|p1a: Amoonguss|32/100
|move|p1a: Amoonguss|Foul Play|p2a: Gholdengo
|-supereffective|p2a: Gholdengo
|-damage|p2a: Gholdengo|77/100
|-enditem|p2a: Gholdengo|Air Balloon
|
|upkeep
|turn|7
|
|t:|1760850247
|switch|p1a: Grimmsnarl|Grimmsnarl, M|17/100
|move|p2a: Gholdengo|Shadow Ball|p1a: Grimmsnarl
|-resisted|p1a: Grimmsnarl
|-damage|p1a: Grimmsnarl|0 fnt
|faint|p1a: Grimmsnarl
|
|upkeep
|
|t:|1760850256
|switch|p1a: Walking Wake|Walking Wake|72/100
|turn|8
|
|t:|1760850263
|move|p1a: Walking Wake|Flamethrower|p2a: Gholdengo
|-supereffective|p2a: Gholdengo
|-damage|p2a: Gholdengo|6/100
|move|p2a: Gholdengo|Shadow Ball|p1a: Walking Wake
|-damage|p1a: Walking Wake|0 fnt
|faint|p1a: Walking Wake
|-end|p1a: Walking Wake|Protosynthesis|[silent]
|
|upkeep
|
|t:|1760850272
|switch|p1a: Dragapult|Dragapult, F|100/100
|turn|9
|
|t:|1760850276
|switch|p2a: Primarina|Primarina, M, shiny|90/100
|move|p1a: Dragapult|Shadow Ball|p2a: Primarina
|-damage|p2a: Primarina|72/100
|
|upkeep
|turn|10
|
|t:|1760850287
|switch|p1a: Jirachi|Jirachi|95/100
|move|p2a: Primarina|Moonblast|p1a: Jirachi
|-resisted|p1a: Jirachi
|-damage|p1a: Jirachi|79/100
|
|-heal|p1a: Jirachi|86/100|[from] item: Leftovers
|upkeep
|turn|11
|
|t:|1760850295
|move|p1a: Jirachi|Iron Head|p2a: Primarina
|-damage|p2a: Primarina|41/100
|cant|p2a: Primarina|flinch
|
|-heal|p1a: Jirachi|92/100|[from] item: Leftovers
|upkeep
|turn|12
|
|t:|1760850303
|move|p1a: Jirachi|Iron Head|p2a: Primarina
|-damage|p2a: Primarina|8/100
|cant|p2a: Primarina|flinch
|
|-heal|p1a: Jirachi|98/100|[from] item: Leftovers
|upkeep
|turn|13
|
|t:|1760850311
|switch|p2a: Iron Treads|Iron Treads|100/100
|move|p1a: Jirachi|Iron Head|p2a: Iron Treads
|-resisted|p2a: Iron Treads
|-damage|p2a: Iron Treads|89/100
|
|-heal|p1a: Jirachi|100/100|[from] item: Leftovers
|upkeep
|turn|14
|
|t:|1760850321
|switch|p1a: Great Tusk|Great Tusk|100/100
|move|p2a: Iron Treads|Knock Off|p1a: Great Tusk
|-resisted|p1a: Great Tusk
|-damage|p1a: Great Tusk|93/100
|-damage|p2a: Iron Treads|72/100|[from] item: Rocky Helmet|[of] p1a: Great Tusk
|-enditem|p1a: Great Tusk|Rocky Helmet|[from] move: Knock Off|[of] p2a: Iron Treads
|
|upkeep
|turn|15
|
|t:|1760850331
|-end|p2a: Iron Treads|Quark Drive|[silent]
|switch|p2a: Moltres|Moltres|100/100
|move|p1a: Great Tusk|Stealth Rock|p2a: Moltres
|-sidestart|p2: miden420|move: Stealth Rock
|
|upkeep
|turn|16
|
|t:|1760850343
|-end|p1a: Great Tusk|Protosynthesis|[silent]
|switch|p1a: Dragapult|Dragapult, F|100/100
|move|p2a: Moltres|Will-O-Wisp|p1a: Dragapult|[miss]
|-miss|p2a: Moltres|p1a: Dragapult
|
|upkeep
|turn|17
|
|t:|1760850350
|move|p1a: Dragapult|Draco Meteor|p2a: Moltres
|-damage|p2a: Moltres|39/100
|-unboost|p1a: Dragapult|spa|2
|move|p2a: Moltres|Roar|p1a: Dragapult
|drag|p1a: Amoonguss|Amoonguss, F, shiny|66/100
|
|upkeep
|turn|18
|
|t:|1760850372
|switch|p1a: Dragapult|Dragapult, F|100/100
|move|p2a: Moltres|Roost|p2a: Moltres
|-heal|p2a: Moltres|90/100
|-singleturn|p2a: Moltres|move: Roost
|
|upkeep
|turn|19
|
|t:|1760850380
|move|p1a: Dragapult|Shadow Ball|p2a: Moltres
|-damage|p2a: Moltres|56/100
|move|p2a: Moltres|Roost|p2a: Moltres
|-heal|p2a: Moltres|100/100
|-singleturn|p2a: Moltres|move: Roost
|
|upkeep
|turn|20
|
|t:|1760850395
|move|p1a: Dragapult|Shadow Ball|p2a: Moltres
|-damage|p2a: Moltres|66/100
|-unboost|p2a: Moltres|spd|1
|move|p2a: Moltres|Will-O-Wisp|p1a: Dragapult
|-status|p1a: Dragapult|brn
|
|-damage|p1a: Dragapult|95/100 brn|[from] brn
|upkeep
|turn|21
|
|t:|1760850405
|switch|p2a: Primarina|Primarina, M, shiny|8/100
|-damage|p2a: Primarina|0 fnt|[from] Stealth Rock
|faint|p2a: Primarina
|move|p1a: Dragapult|Shadow Ball|p2: Primarina|[notarget]
|-fail|p1a: Dragapult
|
|-damage|p1a: Dragapult|89/100 brn|[from] brn
|upkeep
|
|t:|1760850429
|switch|p2a: Iron Treads|Iron Treads|72/100
|-damage|p2a: Iron Treads|69/100|[from] Stealth Rock
|turn|22
|
|t:|1760850435
|switch|p1a: Great Tusk|Great Tusk|93/100
|move|p2a: Iron Treads|Knock Off|p1a: Great Tusk
|-resisted|p1a: Great Tusk
|-damage|p1a: Great Tusk|89/100
|
|upkeep
|turn|23
|
|t:|1760850446
|move|p2a: Iron Treads|Rapid Spin|p1a: Great Tusk
|-damage|p1a: Great Tusk|82/100
|-boost|p2a: Iron Treads|spe|1
|-sideend|p2: miden420|Stealth Rock|[from] move: Rapid Spin|[of] p2a: Iron Treads
|move|p1a: Great Tusk|Close Combat|p2a: Iron Treads
|-supereffective|p2a: Iron Treads
|-damage|p2a: Iron Treads|0 fnt
|-unboost|p1a: Great Tusk|def|1
|-unboost|p1a: Great Tusk|spd|1
|faint|p2a: Iron Treads
|-end|p2a: Iron Treads|Quark Drive|[silent]
|
|upkeep
|
|t:|1760850458
|switch|p2a: Zamazenta|Zamazenta|100/100
|-ability|p2a: Zamazenta|Dauntless Shield|boost
|-boost|p2a: Zamazenta|def|1
|turn|24
|
|t:|1760850462
|move|p2a: Zamazenta|Iron Defense|p2a: Zamazenta
|-boost|p2a: Zamazenta|def|2
|move|p1a: Great Tusk|Stealth Rock|p2a: Zamazenta
|-sidestart|p2: miden420|move: Stealth Rock
|
|upkeep
|turn|25
|
|t:|1760850471
|-end|p1a: Great Tusk|Protosynthesis|[silent]
|switch|p1a: Dragapult|Dragapult, F|89/100 brn
|move|p2a: Zamazenta|Iron Defense|p2a: Zamazenta
|-boost|p2a: Zamazenta|def|2
|
|-damage|p1a: Dragapult|83/100 brn|[from] brn
|upkeep
|turn|26
|
|t:|1760850482
|move|p1a: Dragapult|Draco Meteor|p2a: Zamazenta
|-damage|p2a: Zamazenta|56/100
|-unboost|p1a: Dragapult|spa|2
|move|p2a: Zamazenta|Crunch|p1a: Dragapult
|-supereffective|p1a: Dragapult
|-damage|p1a: Dragapult|21/100 brn
|
|-damage|p1a: Dragapult|15/100 brn|[from] brn
|upkeep
|turn|27
|
|t:|1760850495
|switch|p1a: Great Tusk|Great Tusk|82/100
|move|p2a: Zamazenta|Crunch|p1a: Great Tusk
|-resisted|p1a: Great Tusk
|-damage|p1a: Great Tusk|77/100
|
|upkeep
|turn|28
|
|t:|1760850507
|move|p2a: Zamazenta|Iron Defense|p2a: Zamazenta
|-boost|p2a: Zamazenta|def|1
|move|p1a: Great Tusk|Earthquake|p2a: Zamazenta
|-damage|p2a: Zamazenta|48/100
|
|upkeep
|turn|29
|
|t:|1760850525
|-end|p1a: Great Tusk|Protosynthesis|[silent]
|switch|p1a: Jirachi|Jirachi|100/100
|move|p2a: Zamazenta|Rest|p2a: Zamazenta
|-status|p2a: Zamazenta|slp|[from] move: Rest
|-heal|p2a: Zamazenta|100/100 slp|[silent]
|-enditem|p2a: Zamazenta|Chesto Berry|[eat]
|-curestatus|p2a: Zamazenta|slp|[msg]
|
|upkeep
|turn|30
|
|t:|1760850536
|-terastallize|p1a: Jirachi|Water
|move|p2a: Zamazenta|Body Press|p1a: Jirachi
|-damage|p1a: Jirachi|0 fnt
|faint|p1a: Jirachi
|
|upkeep
|
|t:|1760850543
|switch|p1a: Amoonguss|Amoonguss, F, shiny|99/100
|turn|31
|
|t:|1760850550
|move|p2a: Zamazenta|Body Press|p1a: Amoonguss
|-resisted|p1a: Amoonguss
|-damage|p1a: Amoonguss|47/100
|move|p1a: Amoonguss|Toxic|p2a: Zamazenta
|-status|p2a: Zamazenta|tox
|
|-damage|p2a: Zamazenta|94/100 tox|[from] psn
|upkeep
|turn|32
|
|t:|1760850559
|switch|p1a: Dragapult|Dragapult, F|15/100 brn
|move|p2a: Zamazenta|Body Press|p1a: Dragapult
|-immune|p1a: Dragapult
|
|-damage|p2a: Zamazenta|82/100 tox|[from] psn
|-damage|p1a: Dragapult|9/100 brn|[from] brn
|upkeep
|turn|33
|
|t:|1760850570
|move|p1a: Dragapult|Draco Meteor|p2a: Zamazenta
|-damage|p2a: Zamazenta|41/100 tox
|-unboost|p1a: Dragapult|spa|2
|move|p2a: Zamazenta|Crunch|p1a: Dragapult
|-supereffective|p1a: Dragapult
|-damage|p1a: Dragapult|0 fnt
|faint|p1a: Dragapult
|
|-damage|p2a: Zamazenta|22/100 tox|[from] psn
|upkeep
|
|t:|1760850585
|switch|p1a: Amoonguss|Amoonguss, F, shiny|80/100
|turn|34
|
|t:|1760850592
|move|p2a: Zamazenta|Rest|p2a: Zamazenta
|-status|p2a: Zamazenta|slp|[from] move: Rest
|-heal|p2a: Zamazenta|100/100 slp|[silent]
|move|p1a: Amoonguss|Giga Drain|p2a: Zamazenta
|-damage|p2a: Zamazenta|84/100 slp
|-heal|p1a: Amoonguss|88/100|[from] drain|[of] p2a: Zamazenta
|
|upkeep
|turn|35
|
|t:|1760850603
|cant|p2a: Zamazenta|slp
|move|p1a: Amoonguss|Sludge Bomb|p2a: Zamazenta
|-crit|p2a: Zamazenta
|-damage|p2a: Zamazenta|50/100 slp
|
|upkeep
|turn|36
|
|t:|1760850609
|cant|p2a: Zamazenta|slp
|move|p1a: Amoonguss|Sludge Bomb|p2a: Zamazenta
|-damage|p2a: Zamazenta|28/100 slp
|
|upkeep
|turn|37
|
|t:|1760850617
|-curestatus|p2a: Zamazenta|slp|[msg]
|move|p2a: Zamazenta|Rest|p2a: Zamazenta
|-status|p2a: Zamazenta|slp|[from] move: Rest
|-heal|p2a: Zamazenta|100/100 slp|[silent]
|move|p1a: Amoonguss|Foul Play|p2a: Zamazenta
|-resisted|p2a: Zamazenta
|-damage|p2a: Zamazenta|98/100 slp
|
|upkeep
|turn|38
|
|t:|1760850628
|cant|p2a: Zamazenta|slp
|move|p1a: Amoonguss|Sludge Bomb|p2a: Zamazenta
|-damage|p2a: Zamazenta|78/100 slp
|
|upkeep
|turn|39
|
|t:|1760850633
|cant|p2a: Zamazenta|slp
|move|p1a: Amoonguss|Sludge Bomb|p2a: Zamazenta
|-damage|p2a: Zamazenta|55/100 slp
|
|upkeep
|turn|40
|
|t:|1760850639
|-curestatus|p2a: Zamazenta|slp|[msg]
|move|p2a: Zamazenta|Body Press|p1a: Amoonguss
|-resisted|p1a: Amoonguss
|-damage|p1a: Amoonguss|35/100
|move|p1a: Amoonguss|Sludge Bomb|p2a: Zamazenta
|-damage|p2a: Zamazenta|35/100
|
|upkeep
|turn|41
|
|t:|1760850648
|switch|p1a: Great Tusk|Great Tusk|77/100
|move|p2a: Zamazenta|Body Press|p1a: Great Tusk
|-damage|p1a: Great Tusk|18/100
|
|upkeep
|turn|42
|
|t:|1760850656
|move|p2a: Zamazenta|Body Press|p1a: Great Tusk
|-damage|p1a: Great Tusk|0 fnt
|faint|p1a: Great Tusk
|-end|p1a: Great Tusk|Protosynthesis|[silent]
|
|upkeep
|
|t:|1760850661
|switch|p1a: Amoonguss|Amoonguss, F, shiny|68/100
|turn|43
|
|t:|1760850670
|move|p2a: Zamazenta|Body Press|p1a: Amoonguss
|-resisted|p1a: Amoonguss
|-damage|p1a: Amoonguss|19/100
|move|p1a: Amoonguss|Sludge Bomb|p2a: Zamazenta
|-damage|p2a: Zamazenta|13/100
|-status|p2a: Zamazenta|psn
|
|-damage|p2a: Zamazenta|0 fnt|[from] psn
|faint|p2a: Zamazenta
|upkeep
|
|t:|1760850682
|switch|p2a: Moltres|Moltres|66/100
|turn|44
|
|t:|1760850687
|move|p2a: Moltres|Flamethrower|p1a: Amoonguss
|-supereffective|p1a: Amoonguss
|-damage|p1a: Amoonguss|0 fnt
|faint|p1a: Amoonguss
|
|win|miden420
|raw|serginsurge's rating: 1262 &rarr; <strong>1234</strong><br />(-28 for losing)
|raw|miden420's rating: 1214 &rarr; <strong>1242</strong><br />(+28 for winning)
|l|☆miden420
|player|p2|
|l|☆serginsurge
|player|p1|
