|j|‽show05black
|j|☆Lechatlessive6
|t:|1760884756
|gametype|singles
|player|p1|show05black|265|1289
|player|p2|Lechatlessive6|102|1272
|gen|9
|tier|[Gen 9] OU
|rated|
|rule|HP Percentage Mod: HP is shown in percentages
|rule|Endless Battle Clause: Forcing endless battles is banned
|rule|Species Clause: Limit one of each Pokémon
|rule|OHKO Clause: OHKO moves are banned
|rule|Evasion Items Clause: Evasion items are banned
|rule|Evasion Moves Clause: Evasion moves are banned
|rule|Evasion Abilities Clause: Evasion abilities are banned
|rule|Sleep Moves Clause: Sleep-inducing moves are banned
|clearpoke
|poke|p1|Kingambit, F|
|poke|p1|Great Tusk|
|poke|p1|Salamence, F|
|poke|p1|Chandelure, M|
|poke|p1|Porygon2|
|poke|p1|Duraludon, M|
|poke|p2|Forretress, F|
|poke|p2|Azumarill, F|
|poke|p2|Arcanine-Hisui, F|
|poke|p2|Ogerpon-Cornerstone, F|
|poke|p2|Rotom-Wash|
|poke|p2|Tornadus-Therian, M|
|teampreview
|inactive|Battle timer is ON: inactive players will automatically lose when time's up. (requested by Lechatlessive6)
|
|t:|1760884762
|teamsize|p1|6
|teamsize|p2|6
|start
|switch|p1a: Duraludon|Duraludon, M|100/100
|switch|p2a: Ogerpon|Ogerpon-Cornerstone, F|100/100
|turn|1
|inactive|show05black has 120 seconds left.
|
|t:|1760884802
|switch|p2a: Tornadus|Tornadus-Therian, M|100/100
|move|p1a: Duraludon|Body Press|p2a: Tornadus
|-resisted|p2a: Tornadus
|-damage|p2a: Tornadus|85/100
|
|upkeep
|turn|2
|
|t:|1760884807
|move|p2a: Tornadus|Heat Wave|p1a: Duraludon|[miss]
|-miss|p2a: Tornadus|p1a: Duraludon
|move|p1a: Duraludon|Draco Meteor|p2a: Tornadus
|-damage|p2a: Tornadus|14/100
|-unboost|p1a: Duraludon|spa|2
|
|upkeep
|turn|3
|
|t:|1760884810
|move|p2a: Tornadus|Heat Wave|p1a: Duraludon
|-damage|p1a: Duraludon|60/100
|move|p1a: Duraludon|Draco Meteor|p2a: Tornadus
|-damage|p2a: Tornadus|0 fnt
|-unboost|p1a: Duraludon|spa|2
|faint|p2a: Tornadus
|
|upkeep
|
|t:|1760884814
|switch|p2a: Forretress|Forretress, F|100/100
|turn|4
|
|t:|1760884842
|move|p1a: Duraludon|Body Press|p2a: Forretress
|-damage|p2a: Forretress|88/100
|move|p2a: Forretress|Earthquake|p1a: Duraludon
|-supereffective|p1a: Duraludon
|-damage|p1a: Duraludon|22/100
|
|upkeep
|turn|5
|
|t:|1760884848
|move|p1a: Duraludon|Body Press|p2a: Forretress
|-damage|p2a: Forretress|74/100
|move|p2a: Forretress|Earthquake|p1a: Duraludon
|-supereffective|p1a: Duraludon
|-crit|p1a: Duraludon
|-damage|p1a: Duraludon|0 fnt
|faint|p1a: Duraludon
|
|upkeep
|
|t:|1760884854
|switch|p1a: Chandelure|Chandelure, M, shiny|100/100
|-item|p1a: Chandelure|Air Balloon
|turn|6
|
|t:|1760884860
|move|p1a: Chandelure|Will-O-Wisp|p2a: Forretress
|-status|p2a: Forretress|brn
|move|p2a: Forretress|Stealth Rock|p1a: Chandelure
|-sidestart|p1: show05black|move: Stealth Rock
|
|-damage|p2a: Forretress|68/100 brn|[from] brn
|upkeep
|turn|7
|
|t:|1760884863
|move|p1a: Chandelure|Shadow Ball|p2a: Forretress
|-damage|p2a: Forretress|0 fnt
|faint|p2a: Forretress
|
|upkeep
|
|t:|1760884868
|switch|p2a: Azumarill|Azumarill, F|100/100
|turn|8
|
|t:|1760884875
|-terastallize|p2a: Azumarill|Water
|move|p2a: Azumarill|Aqua Jet|p1a: Chandelure
|-supereffective|p1a: Chandelure
|-damage|p1a: Chandelure|6/100
|-enditem|p1a: Chandelure|Air Balloon
|move|p1a: Chandelure|Will-O-Wisp|p2a: Azumarill
|-status|p2a: Azumarill|brn
|
|-damage|p2a: Azumarill|94/100 brn|[from] brn
|upkeep
|turn|9
|
|t:|1760884883
|move|p2a: Azumarill|Aqua Jet|p1a: Chandelure
|-supereffective|p1a: Chandelure
|-damage|p1a: Chandelure|0 fnt
|faint|p1a: Chandelure
|
|-damage|p2a: Azumarill|88/100 brn|[from] brn
|upkeep
|
|t:|1760884889
|switch|p1a: Porygon2|Porygon2, shiny|100/100
|-damage|p1a: Porygon2|88/100|[from] Stealth Rock
|-ability|p1a: Porygon2|Huge Power|Trace|[from] ability: Trace|[of] p2a: Azumarill
|turn|10
|
|t:|1760884892
|move|p1a: Porygon2|Foul Play|p2a: Azumarill
|-damage|p2a: Azumarill|47/100 brn
|move|p2a: Azumarill|Knock Off|p1a: Porygon2
|-damage|p1a: Porygon2|77/100
|-enditem|p1a: Porygon2|Eviolite|[from] move: Knock Off|[of] p2a: Azumarill
|
|-damage|p2a: Azumarill|41/100 brn|[from] brn
|upkeep
|turn|11
|
|t:|1760884898
|move|p1a: Porygon2|Foul Play|p2a: Azumarill
|-damage|p2a: Azumarill|0 fnt
|faint|p2a: Azumarill
|
|upkeep
|
|t:|1760884906
|switch|p2a: Ogerpon|Ogerpon-Cornerstone, F|100/100
|turn|12
|
|t:|1760884911
|move|p2a: Ogerpon|Swords Dance|p2a: Ogerpon
|-boost|p2a: Ogerpon|atk|2
|move|p1a: Porygon2|Shadow Ball|p2a: Ogerpon
|-damage|p2a: Ogerpon|76/100
|-unboost|p2a: Ogerpon|spd|1
|
|upkeep
|turn|13
|
|t:|1760884920
|move|p2a: Ogerpon|Horn Leech|p1a: Porygon2
|-damage|p1a: Porygon2|2/100
|-heal|p2a: Ogerpon|100/100|[from] drain|[of] p1a: Porygon2
|move|p1a: Porygon2|Trick Room|p1a: Porygon2
|-fieldstart|move: Trick Room|[of] p1a: Porygon2
|
|upkeep
|turn|14
|
|t:|1760884926
|move|p1a: Porygon2|Foul Play|p2a: Ogerpon
|-ability|p2a: Ogerpon|Sturdy
|-damage|p2a: Ogerpon|1/100
|move|p2a: Ogerpon|Ivy Cudgel|p1a: Porygon2|[anim] Ivy Cudgel Rock
|-damage|p1a: Porygon2|0 fnt
|faint|p1a: Porygon2
|
|upkeep
|
|t:|1760884930
|switch|p1a: Kingambit|Kingambit, F, shiny|100/100
|-damage|p1a: Kingambit|94/100|[from] Stealth Rock
|-activate|p1a: Kingambit|ability: Supreme Overlord
|-start|p1a: Kingambit|fallen3|[silent]
|turn|15
|
|t:|1760884941
|switch|p2a: Rotom|Rotom-Wash|100/100
|move|p1a: Kingambit|Iron Head|p2a: Rotom
|-resisted|p2a: Rotom
|-damage|p2a: Rotom|80/100
|
|-heal|p2a: Rotom|86/100|[from] item: Leftovers
|upkeep
|turn|16
|
|t:|1760884945
|-end|p1a: Kingambit|fallen3|[silent]
|switch|p1a: Great Tusk|Great Tusk|100/100
|-damage|p1a: Great Tusk|97/100|[from] Stealth Rock
|-enditem|p1a: Great Tusk|Booster Energy
|-activate|p1a: Great Tusk|ability: Protosynthesis|[fromitem]
|-start|p1a: Great Tusk|protosynthesisatk
|move|p2a: Rotom|Will-O-Wisp|p1a: Great Tusk
|-status|p1a: Great Tusk|brn
|
|-heal|p2a: Rotom|92/100|[from] item: Leftovers
|-damage|p1a: Great Tusk|91/100 brn|[from] brn
|upkeep
|turn|17
|
|t:|1760884953
|move|p1a: Great Tusk|Stealth Rock|p2a: Rotom
|-sidestart|p2: Lechatlessive6|move: Stealth Rock
|move|p2a: Rotom|Hydro Pump|p1a: Great Tusk|[miss]
|-miss|p2a: Rotom|p1a: Great Tusk
|
|-heal|p2a: Rotom|98/100|[from] item: Leftovers
|-damage|p1a: Great Tusk|85/100 brn|[from] brn
|-fieldend|move: Trick Room
|upkeep
|turn|18
|
|t:|1760884958
|move|p2a: Rotom|Hydro Pump|p1a: Great Tusk|[miss]
|-miss|p2a: Rotom|p1a: Great Tusk
|move|p1a: Great Tusk|Close Combat|p2a: Rotom
|-damage|p2a: Rotom|37/100
|-unboost|p1a: Great Tusk|def|1
|-unboost|p1a: Great Tusk|spd|1
|
|-heal|p2a: Rotom|43/100|[from] item: Leftovers
|-damage|p1a: Great Tusk|79/100 brn|[from] brn
|upkeep
|turn|19
|
|t:|1760884962
|move|p2a: Rotom|Hydro Pump|p1a: Great Tusk
|-supereffective|p1a: Great Tusk
|-damage|p1a: Great Tusk|0 fnt
|faint|p1a: Great Tusk
|-end|p1a: Great Tusk|Protosynthesis|[silent]
|
|-heal|p2a: Rotom|49/100|[from] item: Leftovers
|upkeep
|
|t:|1760884965
|switch|p1a: Kingambit|Kingambit, F, shiny|94/100
|-damage|p1a: Kingambit|88/100|[from] Stealth Rock
|-activate|p1a: Kingambit|ability: Supreme Overlord
|-start|p1a: Kingambit|fallen4|[silent]
|turn|20
|
|t:|1760884968
|move|p1a: Kingambit|Sucker Punch||[still]
|-fail|p1a: Kingambit
|move|p2a: Rotom|Will-O-Wisp|p1a: Kingambit
|-status|p1a: Kingambit|brn
|
|-heal|p2a: Rotom|55/100|[from] item: Leftovers
|-damage|p1a: Kingambit|82/100 brn|[from] brn
|upkeep
|turn|21
|
|t:|1760884973
|move|p2a: Rotom|Hydro Pump|p1a: Kingambit
|-damage|p1a: Kingambit|31/100 brn
|move|p1a: Kingambit|Swords Dance|p1a: Kingambit
|-boost|p1a: Kingambit|atk|2
|
|-heal|p2a: Rotom|61/100|[from] item: Leftovers
|-damage|p1a: Kingambit|25/100 brn|[from] brn
|upkeep
|turn|22
|-enditem|p1a: Kingambit|Custap Berry|[eat]
|-activate|p1a: Kingambit|item: Custap Berry|[consumed]
|
|t:|1760884978
|move|p1a: Kingambit|Sucker Punch|p2a: Rotom
|-damage|p2a: Rotom|0 fnt
|faint|p2a: Rotom
|
|-damage|p1a: Kingambit|19/100 brn|[from] brn
|upkeep
|
|t:|1760884986
|switch|p2a: Arcanine|Arcanine-Hisui, F|100/100
|-damage|p2a: Arcanine|76/100|[from] Stealth Rock
|turn|23
|
|t:|1760884989
|move|p1a: Kingambit|Sucker Punch|p2a: Arcanine
|-damage|p2a: Arcanine|1/100
|move|p2a: Arcanine|Head Smash|p1a: Kingambit|[miss]
|-miss|p2a: Arcanine|p1a: Kingambit
|
|-damage|p1a: Kingambit|12/100 brn|[from] brn
|upkeep
|turn|24
|
|t:|1760884992
|move|p1a: Kingambit|Sucker Punch|p2a: Arcanine
|-damage|p2a: Arcanine|0 fnt
|faint|p2a: Arcanine
|
|-damage|p1a: Kingambit|6/100 brn|[from] brn
|upkeep
|
|t:|1760884994
|switch|p2a: Ogerpon|Ogerpon-Cornerstone, F|1/100
|-damage|p2a: Ogerpon|0 fnt|[from] Stealth Rock
|faint|p2a: Ogerpon
|
|win|show05black
|raw|show05black's rating: 1289 &rarr; <strong>1313</strong><br />(+24 for winning)
|raw|Lechatlessive6's rating: 1272 &rarr; <strong>1248</strong><br />(-24 for losing)
|l|‽show05black
|player|p1|
|l|☆Lechatlessive6
|player|p2|
