|j|☆HZBKAI2
|j|☆smokedsalmondawg
|t:|1760849630
|gametype|singles
|player|p1|HZBKAI2|265|1110
|player|p2|smokedsalmondawg|101|1091
|gen|9
|tier|[Gen 9] OU
|rated|
|rule|HP Percentage Mod: HP is shown in percentages
|rule|Endless Battle Clause: Forcing endless battles is banned
|rule|Species Clause: Limit one of each Pokémon
|rule|OHKO Clause: OHKO moves are banned
|rule|Evasion Items Clause: Evasion items are banned
|rule|Evasion Moves Clause: Evasion moves are banned
|rule|Evasion Abilities Clause: Evasion abilities are banned
|rule|Sleep Moves Clause: Sleep-inducing moves are banned
|clearpoke
|poke|p1|Pecharunt|
|poke|p1|Darkrai|
|poke|p1|Zoroark-Hisui, M|
|poke|p1|Glimmora, M|
|poke|p1|Garchomp, F|
|poke|p1|Zamazenta-*|
|poke|p2|Dragapult, M|
|poke|p2|Gliscor, F|
|poke|p2|Scizor, F|
|poke|p2|Overqwil, M|
|poke|p2|Blaziken, M|
|poke|p2|Primarina, F|
|teampreview
|
|t:|1760849644
|teamsize|p1|6
|teamsize|p2|6
|start
|switch|p1a: Glimmora|Glimmora, M|100/100
|switch|p2a: Balls|Gliscor, F|100/100
|turn|1
|
|t:|1760849651
|switch|p1a: Darkrai|Darkrai|100/100
|move|p2a: Balls|Swords Dance|p2a: Balls
|-boost|p2a: Balls|atk|2
|
|-status|p2a: Balls|tox|[from] item: Toxic Orb
|upkeep
|turn|2
|
|t:|1760849661
|move|p1a: Darkrai|Blizzard|p2a: Balls
|-supereffective|p2a: Balls
|-damage|p2a: Balls|0 fnt
|faint|p2a: Balls
|
|upkeep
|
|t:|1760849675
|switch|p2a: pinchsmooveoff|Scizor, F|100/100
|turn|3
|
|t:|1760849681
|move|p1a: Darkrai|Dark Pulse|p2a: pinchsmooveoff
|-damage|p2a: pinchsmooveoff|35/100
|move|p2a: pinchsmooveoff|Fury Cutter|p1a: Darkrai
|-supereffective|p1a: Darkrai
|-damage|p1a: Darkrai|0 fnt
|-damage|p2a: pinchsmooveoff|19/100|[from] item: Rocky Helmet|[of] p1a: Darkrai
|faint|p1a: Darkrai
|
|upkeep
|
|t:|1760849681
|switch|p1a: Zamazenta|Zamazenta|100/100
|-ability|p1a: Zamazenta|Dauntless Shield|boost
|-boost|p1a: Zamazenta|def|1
|turn|4
|
|t:|1760849693
|move|p1a: Zamazenta|Fire Fang|p2a: pinchsmooveoff
|-supereffective|p2a: pinchsmooveoff
|-damage|p2a: pinchsmooveoff|0 fnt
|faint|p2a: pinchsmooveoff
|
|upkeep
|
|t:|1760849709
|switch|p2a: Waterisgood|Primarina, F|100/100
|turn|5
|
|t:|1760849713
|-terastallize|p2a: Waterisgood|Water
|move|p1a: Zamazenta|Play Rough|p2a: Waterisgood
|-damage|p2a: Waterisgood|65/100
|move|p2a: Waterisgood|Moonblast|p1a: Zamazenta
|-supereffective|p1a: Zamazenta
|-damage|p1a: Zamazenta|10/100
|-unboost|p1a: Zamazenta|spa|1
|
|-heal|p1a: Zamazenta|16/100|[from] item: Leftovers
|-heal|p2a: Waterisgood|71/100|[from] item: Leftovers
|upkeep
|turn|6
|
|t:|1760849726
|move|p1a: Zamazenta|Play Rough|p2a: Waterisgood
|-damage|p2a: Waterisgood|35/100
|move|p2a: Waterisgood|Moonblast|p1a: Zamazenta
|-supereffective|p1a: Zamazenta
|-crit|p1a: Zamazenta
|-damage|p1a: Zamazenta|0 fnt
|faint|p1a: Zamazenta
|
|-heal|p2a: Waterisgood|41/100|[from] item: Leftovers
|upkeep
|
|t:|1760849726
|switch|p1a: Garchomp|Garchomp, F|100/100
|turn|7
|c|☆smokedsalmondawg|zamazenta be like mmmmmm moonblast yummmy
|
|t:|1760849746
|move|p2a: Waterisgood|Protect|p2a: Waterisgood
|-singleturn|p2a: Waterisgood|Protect
|move|p1a: Garchomp|Outrage|p2a: Waterisgood
|-activate|p2a: Waterisgood|move: Protect
|
|-heal|p2a: Waterisgood|47/100|[from] item: Leftovers
|upkeep
|turn|8
|
|t:|1760849792
|switch|p2a: augh|Overqwil, M|100/100
|-ability|p2a: augh|Intimidate|boost
|-unboost|p1a: Garchomp|atk|1
|move|p1a: Garchomp|Outrage|p2a: augh
|-damage|p2a: augh|63/100
|
|-heal|p2a: augh|69/100|[from] item: Leftovers
|upkeep
|turn|9
|
|t:|1760849806
|move|p1a: Garchomp|Outrage|p2a: augh|[from] lockedmove
|-damage|p2a: augh|29/100
|move|p2a: augh|Toxic Spikes|p1a: Garchomp
|-sidestart|p1: HZBKAI2|move: Toxic Spikes
|
|-heal|p2a: augh|35/100|[from] item: Leftovers
|upkeep
|turn|10
|
|t:|1760849812
|move|p1a: Garchomp|Outrage|p2a: augh|[from] lockedmove
|-damage|p2a: augh|0 fnt
|faint|p2a: augh
|-start|p1a: Garchomp|confusion|[fatigue]
|
|upkeep
|
|t:|1760849823
|switch|p2a: HeartAttackGiver|Dragapult, M|100/100
|turn|11
|
|t:|1760849830
|move|p2a: HeartAttackGiver|Dragon Darts|p1a: Garchomp
|-supereffective|p1a: Garchomp
|-damage|p1a: Garchomp|37/100
|-anim|p2a: HeartAttackGiver|Dragon Darts|p1a: Garchomp
|-supereffective|p1a: Garchomp
|-damage|p1a: Garchomp|0 fnt
|faint|p1a: Garchomp
|-damage|p2a: HeartAttackGiver|91/100|[from] item: Life Orb
|
|upkeep
|
|t:|1760849830
|switch|p1a: Pecharunt|Pecharunt|100/100
|-status|p1a: Pecharunt|psn
|turn|12
|
|t:|1760849839
|move|p2a: HeartAttackGiver|Sucker Punch|p1a: Pecharunt
|-supereffective|p1a: Pecharunt
|-damage|p1a: Pecharunt|0 fnt
|replace|p1a: Zoroark|Zoroark-Hisui, M
|-end|p1a: Zoroark|Illusion
|faint|p1a: Zoroark
|-damage|p2a: HeartAttackGiver|81/100|[from] item: Life Orb
|
|upkeep
|
|t:|1760849839
|switch|p1a: Glimmora|Glimmora, M|100/100
|-sideend|p1: HZBKAI2|move: Toxic Spikes|[of] p1a: Glimmora
|turn|13
|
|t:|1760849860
|move|p2a: HeartAttackGiver|U-turn|p1a: Glimmora
|-resisted|p1a: Glimmora
|-damage|p1a: Glimmora|85/100
|-damage|p2a: HeartAttackGiver|65/100|[from] item: Rocky Helmet|[of] p1a: Glimmora
|-damage|p2a: HeartAttackGiver|55/100|[from] item: Life Orb
|
|t:|1760849873
|switch|p2a: Waterisgood|Primarina, F, tera:Water|47/100|[from] U-turn
|move|p1a: Glimmora|Venoshock|p2a: Waterisgood
|-damage|p2a: Waterisgood|23/100
|
|-heal|p2a: Waterisgood|29/100|[from] item: Leftovers
|upkeep
|turn|14
|
|t:|1760849882
|move|p1a: Glimmora|Venoshock|p2a: Waterisgood
|-damage|p2a: Waterisgood|6/100
|move|p2a: Waterisgood|Hydro Pump|p1a: Glimmora|[miss]
|-miss|p2a: Waterisgood|p1a: Glimmora
|
|-heal|p2a: Waterisgood|12/100|[from] item: Leftovers
|upkeep
|turn|15
|
|t:|1760849889
|move|p1a: Glimmora|Venoshock|p2a: Waterisgood
|-damage|p2a: Waterisgood|0 fnt
|faint|p2a: Waterisgood
|
|upkeep
|
|t:|1760849896
|switch|p2a: KFC|Blaziken, M|100/100
|turn|16
|
|t:|1760849901
|move|p2a: KFC|Protect|p2a: KFC
|-singleturn|p2a: KFC|Protect
|move|p1a: Glimmora|Venoshock|p2a: KFC
|-activate|p2a: KFC|move: Protect
|
|-ability|p2a: KFC|Speed Boost|boost
|-boost|p2a: KFC|spe|1
|upkeep
|turn|17
|
|t:|1760849930
|move|p2a: KFC|Close Combat|p1a: Glimmora
|-crit|p1a: Glimmora
|-damage|p1a: Glimmora|0 fnt
|-unboost|p2a: KFC|def|1
|-unboost|p2a: KFC|spd|1
|-damage|p2a: KFC|84/100|[from] item: Rocky Helmet|[of] p1a: Glimmora
|faint|p1a: Glimmora
|
|-ability|p2a: KFC|Speed Boost|boost
|-boost|p2a: KFC|spe|1
|upkeep
|
|t:|1760849930
|switch|p1a: Pecharunt|Pecharunt|100/100
|turn|18
|
|t:|1760849949
|move|p2a: KFC|Blaze Kick|p1a: Pecharunt
|-crit|p1a: Pecharunt
|-damage|p1a: Pecharunt|59/100
|move|p1a: Pecharunt|Malignant Chain|p2a: KFC
|-damage|p2a: KFC|0 fnt
|faint|p2a: KFC
|
|upkeep
|
|t:|1760849958
|switch|p2a: HeartAttackGiver|Dragapult, M|55/100
|turn|19
|
|t:|1760849962
|move|p2a: HeartAttackGiver|Sucker Punch|p1a: Pecharunt
|-supereffective|p1a: Pecharunt
|-damage|p1a: Pecharunt|10/100
|-damage|p2a: HeartAttackGiver|45/100|[from] item: Life Orb
|move|p1a: Pecharunt|Hex|p2a: HeartAttackGiver
|-supereffective|p2a: HeartAttackGiver
|-damage|p2a: HeartAttackGiver|0 fnt
|faint|p2a: HeartAttackGiver
|
|win|HZBKAI2
|raw|HZBKAI2's rating: 1110 &rarr; <strong>1134</strong><br />(+24 for winning)
|raw|smokedsalmondawg's rating: 1091 &rarr; <strong>1069</strong><br />(-22 for losing)
|l|☆HZBKAI2
|player|p1|
|c|☆smokedsalmondawg|you are so lucky
|l|☆smokedsalmondawg
|player|p2|
