|j|☆ykykp
|j|☆Maltyy
|t:|1760855264
|gametype|singles
|player|p1|ykykp|170|1437
|player|p2|Maltyy|harlequin|1494
|gen|9
|tier|[Gen 9] OU
|rated|
|rule|HP Percentage Mod: HP is shown in percentages
|rule|Endless Battle Clause: Forcing endless battles is banned
|rule|Species Clause: Limit one of each Pokémon
|rule|OHKO Clause: OHKO moves are banned
|rule|Evasion Items Clause: Evasion items are banned
|rule|Evasion Moves Clause: Evasion moves are banned
|rule|Evasion Abilities Clause: Evasion abilities are banned
|rule|Sleep Moves Clause: Sleep-inducing moves are banned
|clearpoke
|poke|p1|Gardevoir, F|
|poke|p1|Sylveon, M|
|poke|p1|Maushold-Four|
|poke|p1|Deoxys-Speed|
|poke|p1|Iron Moth|
|poke|p1|Dragonite, M|
|poke|p2|Lokix, M|
|poke|p2|Cinderace, M|
|poke|p2|Great Tusk|
|poke|p2|Alomomola, M|
|poke|p2|Enamorus, F|
|poke|p2|Slowking-Galar, F|
|teampreview
|inactive|Battle timer is ON: inactive players will automatically lose when time's up. (requested by ykykp)
|j| PG Spectating
|
|t:|1760855273
|teamsize|p1|6
|teamsize|p2|6
|start
|switch|p1a: Maushold|Maushold-Four|100/100
|switch|p2a: Lokix|Lokix, M|100/100
|turn|1
|
|t:|1760855287
|switch|p2a: Great Tusk|Great Tusk|100/100
|move|p1a: Maushold|Population Bomb|p2a: Great Tusk
|-damage|p2a: Great Tusk|95/100
|-damage|p2a: Great Tusk|89/100
|-damage|p2a: Great Tusk|82/100
|-damage|p2a: Great Tusk|77/100
|-damage|p2a: Great Tusk|71/100
|-damage|p2a: Great Tusk|65/100
|-damage|p2a: Great Tusk|60/100
|-damage|p2a: Great Tusk|54/100
|-damage|p2a: Great Tusk|49/100
|-damage|p2a: Great Tusk|43/100
|-hitcount|p2a: Great Tusk|10
|
|-heal|p2a: Great Tusk|50/100|[from] item: Leftovers
|upkeep
|turn|2
|
|t:|1760855294
|move|p1a: Maushold|Population Bomb|p2a: Great Tusk
|-damage|p2a: Great Tusk|44/100
|-damage|p2a: Great Tusk|37/100
|-damage|p2a: Great Tusk|32/100
|-damage|p2a: Great Tusk|25/100
|-damage|p2a: Great Tusk|19/100
|-damage|p2a: Great Tusk|13/100
|-damage|p2a: Great Tusk|7/100
|-damage|p2a: Great Tusk|2/100
|-damage|p2a: Great Tusk|0 fnt
|faint|p2a: Great Tusk
|-end|p2a: Great Tusk|Protosynthesis|[silent]
|-hitcount|p2: Great Tusk|9
|
|upkeep
|
|t:|1760855298
|switch|p2a: Cinderace|Cinderace, M|100/100
|turn|3
|
|t:|1760855322
|switch|p1a: Iron Moth|Iron Moth|100/100
|-enditem|p1a: Iron Moth|Booster Energy
|-activate|p1a: Iron Moth|ability: Quark Drive|[fromitem]
|-start|p1a: Iron Moth|quarkdrivespe
|move|p2a: Cinderace|Will-O-Wisp|p1a: Iron Moth
|-immune|p1a: Iron Moth
|
|upkeep
|turn|4
|
|t:|1760855331
|switch|p2a: Alomomola|Alomomola, M|100/100
|move|p1a: Iron Moth|Substitute|p1a: Iron Moth
|-start|p1a: Iron Moth|Substitute
|-damage|p1a: Iron Moth|76/100
|
|upkeep
|turn|5
|
|t:|1760855346
|move|p1a: Iron Moth|Fiery Dance|p2a: Alomomola
|-resisted|p2a: Alomomola
|-damage|p2a: Alomomola|91/100
|-boost|p1a: Iron Moth|spa|1
|move|p2a: Alomomola|Flip Turn|p1a: Iron Moth
|-supereffective|p1a: Iron Moth
|-end|p1a: Iron Moth|Substitute
|
|t:|1760855374
|switch|p2a: Slowking|Slowking-Galar, F|100/100|[from] Flip Turn
|
|upkeep
|turn|6
|
|t:|1760855390
|move|p1a: Iron Moth|Fiery Dance|p2a: Slowking
|-damage|p2a: Slowking|54/100
|move|p2a: Slowking|Future Sight|p1a: Iron Moth
|-start|p2a: Slowking|move: Future Sight
|
|upkeep
|turn|7
|
|t:|1760855395
|switch|p2a: Alomomola|Alomomola, M|100/100
|move|p1a: Iron Moth|Fiery Dance|p2a: Alomomola
|-resisted|p2a: Alomomola
|-damage|p2a: Alomomola|86/100
|
|upkeep
|turn|8
|
|t:|1760855404
|move|p1a: Iron Moth|Energy Ball|p2a: Alomomola
|-supereffective|p2a: Alomomola
|-damage|p2a: Alomomola|44/100
|-unboost|p2a: Alomomola|spd|1
|move|p2a: Alomomola|Mirror Coat|p1a: Iron Moth
|-damage|p1a: Iron Moth|0 fnt
|faint|p1a: Iron Moth
|-end|p1a: Iron Moth|Quark Drive|[silent]
|
|-hint|Future Sight did not hit because the target is fainted.
|upkeep
|
|t:|1760855423
|switch|p1a: Maushold|Maushold-Four|100/100
|turn|9
|
|t:|1760855430
|move|p2a: Alomomola|Aqua Jet|p1a: Maushold
|-damage|p1a: Maushold|84/100
|move|p1a: Maushold|Population Bomb|p2a: Alomomola
|-damage|p2a: Alomomola|36/100
|-damage|p2a: Alomomola|28/100
|-damage|p2a: Alomomola|19/100
|-crit|p2a: Alomomola
|-damage|p2a: Alomomola|8/100
|-damage|p2a: Alomomola|0 fnt
|faint|p2a: Alomomola
|-hitcount|p2: Alomomola|5
|
|upkeep
|
|t:|1760855433
|switch|p2a: Cinderace|Cinderace, M|100/100
|turn|10
|inactive|ykykp has 120 seconds left.
|
|t:|1760855475
|-terastallize|p2a: Cinderace|Ghost
|move|p2a: Cinderace|U-turn|p1a: Maushold
|-damage|p1a: Maushold|54/100
|
|t:|1760855481
|switch|p2a: Slowking|Slowking-Galar, F|87/100|[from] U-turn
|move|p1a: Maushold|Population Bomb|p2a: Slowking
|-damage|p2a: Slowking|79/100
|-crit|p2a: Slowking
|-damage|p2a: Slowking|68/100
|-damage|p2a: Slowking|60/100
|-damage|p2a: Slowking|52/100
|-damage|p2a: Slowking|44/100
|-damage|p2a: Slowking|36/100
|-damage|p2a: Slowking|27/100
|-damage|p2a: Slowking|19/100
|-damage|p2a: Slowking|9/100
|-damage|p2a: Slowking|0 fnt
|faint|p2a: Slowking
|-hitcount|p2: Slowking|10
|
|upkeep
|
|t:|1760855482
|switch|p2a: Cinderace|Cinderace, M, tera:Ghost|100/100
|turn|11
|c|☆Maltyy|i threw
|inactive|ykykp has 120 seconds left.
|inactive|ykykp has 90 seconds left.
|
|t:|1760855527
|move|p2a: Cinderace|Will-O-Wisp|p1a: Maushold
|-status|p1a: Maushold|brn
|move|p1a: Maushold|Tidy Up|p1a: Maushold
|-boost|p1a: Maushold|atk|1
|-boost|p1a: Maushold|spe|1
|
|-damage|p1a: Maushold|48/100 brn|[from] brn
|upkeep
|turn|12
|
|t:|1760855534
|move|p1a: Maushold|Bite|p2a: Cinderace
|-supereffective|p2a: Cinderace
|-damage|p2a: Cinderace|61/100
|cant|p2a: Cinderace|flinch
|
|-damage|p1a: Maushold|42/100 brn|[from] brn
|upkeep
|turn|13
|
|t:|1760855543
|move|p1a: Maushold|Bite|p2a: Cinderace
|-supereffective|p2a: Cinderace
|-damage|p2a: Cinderace|21/100
|move|p2a: Cinderace|Pyro Ball|p1a: Maushold
|-damage|p1a: Maushold|0 fnt
|faint|p1a: Maushold
|
|upkeep
|inactive|ykykp has 90 seconds left.
|
|t:|1760855587
|switch|p1a: Deoxys|Deoxys-Speed|100/100
|-ability|p1a: Deoxys|Pressure
|turn|14
|
|t:|1760855593
|move|p1a: Deoxys|Knock Off|p2a: Cinderace
|-supereffective|p2a: Cinderace
|-damage|p2a: Cinderace|0 fnt
|-enditem|p2a: Cinderace|Heavy-Duty Boots|[from] move: Knock Off|[of] p1a: Deoxys
|faint|p2a: Cinderace
|-damage|p1a: Deoxys|91/100|[from] item: Life Orb
|
|upkeep
|
|t:|1760855596
|switch|p2a: Lokix|Lokix, M|100/100
|turn|15
|inactive|ykykp has 90 seconds left.
|inactive|ykykp has 60 seconds left.
|
|t:|1760855642
|switch|p1a: Gardevoir|Gardevoir, F|100/100
|-ability|p1a: Gardevoir|Tinted Lens|Trace|[from] ability: Trace|[of] p2a: Lokix
|move|p2a: Lokix|First Impression|p1a: Gardevoir
|-damage|p1a: Gardevoir|42/100
|-damage|p2a: Lokix|84/100|[from] item: Rocky Helmet|[of] p1a: Gardevoir
|
|upkeep
|turn|16
|
|t:|1760855647
|switch|p2a: Enamorus|Enamorus, F|100/100
|move|p1a: Gardevoir|Trick Room|p1a: Gardevoir
|-fieldstart|move: Trick Room|[of] p1a: Gardevoir
|
|upkeep
|turn|17
|inactive|ykykp has 60 seconds left.
|inactive|ykykp has 30 seconds left.
|
|t:|1760855688
|move|p1a: Gardevoir|Healing Wish|p1a: Gardevoir
|faint|p1a: Gardevoir
|move|p2a: Enamorus|Moonblast|p1: Gardevoir|[notarget]
|-fail|p2a: Enamorus
|
|upkeep
|
|t:|1760855690
|switch|p1a: Sylveon|Sylveon, M|100/100
|turn|18
|
|t:|1760855700
|move|p1a: Sylveon|Hyper Voice|p2a: Enamorus
|-damage|p2a: Enamorus|0 fnt
|faint|p2a: Enamorus
|
|upkeep
|
|t:|1760855703
|switch|p2a: Lokix|Lokix, M|84/100
|turn|19
|
|t:|1760855716
|move|p1a: Sylveon|Hyper Voice|p2a: Lokix
|-supereffective|p2a: Lokix
|-damage|p2a: Lokix|0 fnt
|faint|p2a: Lokix
|
|win|ykykp
|raw|ykykp's rating: 1437 &rarr; <strong>1460</strong><br />(+23 for winning)
|raw|Maltyy's rating: 1494 &rarr; <strong>1471</strong><br />(-23 for losing)
|l|☆Maltyy
|player|p2|
|l| PG Spectating
