|j|☆healboy009
|j|☆YeatLover267
|t:|1760799309
|gametype|singles
|player|p1|healboy009|backpacker|1337
|player|p2|YeatLover267|backersf|1339
|gen|9
|tier|[Gen 9] OU
|rated|
|rule|HP Percentage Mod: HP is shown in percentages
|rule|Endless Battle Clause: Forcing endless battles is banned
|rule|Species Clause: Limit one of each Pokémon
|rule|OHKO Clause: OHKO moves are banned
|rule|Evasion Items Clause: Evasion items are banned
|rule|Evasion Moves Clause: Evasion moves are banned
|rule|Evasion Abilities Clause: Evasion abilities are banned
|rule|Sleep Moves Clause: Sleep-inducing moves are banned
|clearpoke
|poke|p1|Gliscor, M|
|poke|p1|Heatran, F|
|poke|p1|Azumarill, M|
|poke|p1|Rillaboom, F|
|poke|p1|Frosmoth, M|
|poke|p1|Maushold|
|poke|p2|Shiftry, M|
|poke|p2|Kilowattrel, F|
|poke|p2|Pelipper, F|
|poke|p2|Keldeo-Resolute|
|poke|p2|Garganacl, M|
|poke|p2|Ogerpon-Wellspring, F|
|teampreview
|inactive|Battle timer is ON: inactive players will automatically lose when time's up. (requested by YeatLover267)
|
|t:|1760799323
|teamsize|p1|6
|teamsize|p2|6
|start
|switch|p1a: Gliscor|Gliscor, M|100/100
|switch|p2a: Kilowattrel|Kilowattrel, F, shiny|100/100
|turn|1
|
|t:|1760799329
|move|p2a: Kilowattrel|U-turn|p1a: Gliscor
|-resisted|p1a: Gliscor
|-damage|p1a: Gliscor|95/100
|
|t:|1760799331
|switch|p2a: Pelipper|Pelipper, F, shiny|100/100|[from] U-turn
|-weather|RainDance|[from] ability: Drizzle|[of] p2a: Pelipper
|move|p1a: Gliscor|Tailwind|p1a: Gliscor
|-sidestart|p1: healboy009|move: Tailwind
|
|-weather|RainDance|[upkeep]
|-status|p1a: Gliscor|tox|[from] item: Toxic Orb
|upkeep
|turn|2
|
|t:|1760799337
|-terastallize|p1a: Gliscor|Water
|move|p1a: Gliscor|Swords Dance|p1a: Gliscor
|-boost|p1a: Gliscor|atk|2
|move|p2a: Pelipper|U-turn|p1a: Gliscor
|-damage|p1a: Gliscor|86/100 tox
|
|t:|1760799349
|switch|p2a: Garganacl|Garganacl, M, shiny|100/100|[from] U-turn
|
|-weather|RainDance|[upkeep]
|-heal|p1a: Gliscor|98/100 tox|[from] ability: Poison Heal
|upkeep
|turn|3
|
|t:|1760799352
|-terastallize|p2a: Garganacl|Ghost
|move|p1a: Gliscor|Crabhammer|p2a: Garganacl
|-damage|p2a: Garganacl|7/100
|move|p2a: Garganacl|Salt Cure|p1a: Gliscor
|-damage|p1a: Gliscor|86/100 tox
|-start|p1a: Gliscor|Salt Cure
|
|-weather|RainDance|[upkeep]
|-heal|p2a: Garganacl|13/100|[from] item: Leftovers
|-heal|p1a: Gliscor|98/100 tox|[from] ability: Poison Heal
|-damage|p1a: Gliscor|73/100 tox|[from] Salt Cure
|upkeep
|turn|4
|
|t:|1760799360
|switch|p2a: Ogerpon|Ogerpon-Wellspring, F|100/100
|move|p1a: Gliscor|Swords Dance|p1a: Gliscor
|-boost|p1a: Gliscor|atk|2
|
|-weather|RainDance|[upkeep]
|-heal|p1a: Gliscor|86/100 tox|[from] ability: Poison Heal
|-damage|p1a: Gliscor|61/100 tox|[from] Salt Cure
|-sideend|p1: healboy009|move: Tailwind
|upkeep
|turn|5
|
|t:|1760799366
|switch|p1a: Rillaboom|Rillaboom, F|100/100
|-fieldstart|move: Grassy Terrain|[from] ability: Grassy Surge|[of] p1a: Rillaboom
|move|p2a: Ogerpon|Horn Leech|p1a: Rillaboom
|-resisted|p1a: Rillaboom
|-damage|p1a: Rillaboom|76/100
|
|-weather|none
|-heal|p1a: Rillaboom|83/100|[from] Grassy Terrain
|upkeep
|turn|6
|
|t:|1760799370
|move|p2a: Ogerpon|U-turn|p1a: Rillaboom
|-supereffective|p1a: Rillaboom
|-damage|p1a: Rillaboom|35/100
|
|t:|1760799373
|switch|p2a: Garganacl|Garganacl, M, shiny, tera:Ghost|13/100|[from] U-turn
|move|p1a: Rillaboom|U-turn|p2a: Garganacl
|-resisted|p2a: Garganacl
|-damage|p2a: Garganacl|5/100
|
|t:|1760799379
|switch|p1a: Gliscor|Gliscor, M, tera:Water|61/100 tox|[from] U-turn
|
|-heal|p1a: Gliscor|67/100 tox|[from] Grassy Terrain
|-heal|p2a: Garganacl|12/100|[from] Grassy Terrain
|-heal|p2a: Garganacl|18/100|[from] item: Leftovers
|-heal|p1a: Gliscor|80/100 tox|[from] ability: Poison Heal
|upkeep
|turn|7
|
|t:|1760799382
|move|p1a: Gliscor|Psychic Fangs|p2a: Garganacl
|-damage|p2a: Garganacl|1/100
|move|p2a: Garganacl|Salt Cure|p1a: Gliscor
|-damage|p1a: Gliscor|66/100 tox
|-start|p1a: Gliscor|Salt Cure
|
|-heal|p1a: Gliscor|72/100 tox|[from] Grassy Terrain
|-heal|p2a: Garganacl|7/100|[from] Grassy Terrain
|-heal|p2a: Garganacl|13/100|[from] item: Leftovers
|-heal|p1a: Gliscor|84/100 tox|[from] ability: Poison Heal
|-damage|p1a: Gliscor|60/100 tox|[from] Salt Cure
|upkeep
|turn|8
|
|t:|1760799387
|switch|p2a: Ogerpon|Ogerpon-Wellspring, F|100/100
|move|p1a: Gliscor|Psychic Fangs|p2a: Ogerpon
|-damage|p2a: Ogerpon|71/100
|
|-heal|p2a: Ogerpon|77/100|[from] Grassy Terrain
|-heal|p1a: Gliscor|66/100 tox|[from] Grassy Terrain
|-heal|p1a: Gliscor|78/100 tox|[from] ability: Poison Heal
|-damage|p1a: Gliscor|53/100 tox|[from] Salt Cure
|upkeep
|turn|9
|
|t:|1760799395
|switch|p1a: Rillaboom|Rillaboom, F|35/100
|move|p2a: Ogerpon|Horn Leech|p1a: Rillaboom
|-resisted|p1a: Rillaboom
|-damage|p1a: Rillaboom|8/100
|-heal|p2a: Ogerpon|89/100|[from] drain|[of] p1a: Rillaboom
|
|-heal|p2a: Ogerpon|95/100|[from] Grassy Terrain
|-heal|p1a: Rillaboom|15/100|[from] Grassy Terrain
|-fieldend|move: Grassy Terrain
|upkeep
|turn|10
|
|t:|1760799398
|move|p2a: Ogerpon|U-turn|p1a: Rillaboom
|-supereffective|p1a: Rillaboom
|-damage|p1a: Rillaboom|0 fnt
|faint|p1a: Rillaboom
|
|t:|1760799401
|switch|p2a: Pelipper|Pelipper, F, shiny|100/100|[from] U-turn
|-weather|RainDance|[from] ability: Drizzle|[of] p2a: Pelipper
|
|-weather|RainDance|[upkeep]
|upkeep
|
|t:|1760799404
|switch|p1a: Gliscor|Gliscor, M, tera:Water|53/100 tox
|turn|11
|
|t:|1760799408
|move|p1a: Gliscor|Tailwind|p1a: Gliscor
|-sidestart|p1: healboy009|move: Tailwind
|move|p2a: Pelipper|Tailwind|p2a: Pelipper
|-sidestart|p2: YeatLover267|move: Tailwind
|
|-weather|RainDance|[upkeep]
|-heal|p1a: Gliscor|66/100 tox|[from] ability: Poison Heal
|upkeep
|turn|12
|
|t:|1760799414
|move|p1a: Gliscor|Crabhammer|p2a: Pelipper
|-resisted|p2a: Pelipper
|-damage|p2a: Pelipper|75/100
|move|p2a: Pelipper|U-turn|p1a: Gliscor
|-damage|p1a: Gliscor|57/100 tox
|
|t:|1760799417
|switch|p2a: Ogerpon|Ogerpon-Wellspring, F|95/100|[from] U-turn
|
|-weather|RainDance|[upkeep]
|-heal|p1a: Gliscor|70/100 tox|[from] ability: Poison Heal
|upkeep
|turn|13
|
|t:|1760799424
|switch|p1a: Heatran|Heatran, F|100/100
|move|p2a: Ogerpon|Horn Leech|p1a: Heatran
|-resisted|p1a: Heatran
|-damage|p1a: Heatran|95/100
|-heal|p2a: Ogerpon|98/100|[from] drain|[of] p1a: Heatran
|
|-weather|RainDance|[upkeep]
|-heal|p1a: Heatran|100/100|[from] item: Leftovers
|upkeep
|turn|14
|
|t:|1760799429
|switch|p1a: Gliscor|Gliscor, M, tera:Water|70/100 tox
|move|p2a: Ogerpon|Ivy Cudgel|p1a: Gliscor|[anim] Ivy Cudgel Water
|-resisted|p1a: Gliscor
|-damage|p1a: Gliscor|32/100 tox
|
|-weather|none
|-heal|p1a: Gliscor|44/100 tox|[from] ability: Poison Heal
|-sideend|p1: healboy009|move: Tailwind
|-sideend|p2: YeatLover267|move: Tailwind
|upkeep
|turn|15
|
|t:|1760799434
|switch|p1a: Heatran|Heatran, F|100/100
|move|p2a: Ogerpon|Horn Leech|p1a: Heatran
|-resisted|p1a: Heatran
|-damage|p1a: Heatran|95/100
|-heal|p2a: Ogerpon|100/100|[from] drain|[of] p1a: Heatran
|
|-heal|p1a: Heatran|100/100|[from] item: Leftovers
|upkeep
|turn|16
|
|t:|1760799439
|switch|p1a: Azumarill|Azumarill, M|100/100
|move|p2a: Ogerpon|Ivy Cudgel|p1a: Azumarill|[anim] Ivy Cudgel Water
|-resisted|p1a: Azumarill
|-damage|p1a: Azumarill|75/100
|
|upkeep
|turn|17
|
|t:|1760799444
|move|p2a: Ogerpon|U-turn|p1a: Azumarill
|-resisted|p1a: Azumarill
|-damage|p1a: Azumarill|64/100
|
|t:|1760799446
|switch|p2a: Pelipper|Pelipper, F, shiny|75/100|[from] U-turn
|-weather|RainDance|[from] ability: Drizzle|[of] p2a: Pelipper
|move|p1a: Azumarill|Play Rough|p2a: Pelipper
|-damage|p2a: Pelipper|15/100
|
|-weather|RainDance|[upkeep]
|upkeep
|turn|18
|
|t:|1760799452
|move|p2a: Pelipper|Tailwind|p2a: Pelipper
|-sidestart|p2: YeatLover267|move: Tailwind
|move|p1a: Azumarill|Play Rough|p2a: Pelipper
|-damage|p2a: Pelipper|0 fnt
|faint|p2a: Pelipper
|
|-weather|RainDance|[upkeep]
|upkeep
|
|t:|1760799455
|switch|p2a: Shiftry|Shiftry, M, shiny|100/100
|-ability|p2a: Shiftry|Wind Rider|boost
|-boost|p2a: Shiftry|atk|1
|turn|19
|
|t:|1760799464
|switch|p1a: Heatran|Heatran, F|100/100
|move|p2a: Shiftry|Leaf Blade|p1a: Heatran
|-resisted|p1a: Heatran
|-damage|p1a: Heatran|88/100
|-damage|p2a: Shiftry|91/100|[from] item: Life Orb
|
|-weather|RainDance|[upkeep]
|-heal|p1a: Heatran|94/100|[from] item: Leftovers
|upkeep
|turn|20
|
|t:|1760799472
|move|p2a: Shiftry|Low Kick|p1a: Heatran
|-supereffective|p1a: Heatran
|-damage|p1a: Heatran|2/100
|-damage|p2a: Shiftry|81/100|[from] item: Life Orb
|move|p1a: Heatran|Body Press|p2a: Shiftry
|-supereffective|p2a: Shiftry
|-damage|p2a: Shiftry|0 fnt
|faint|p2a: Shiftry
|
|-weather|RainDance|[upkeep]
|-heal|p1a: Heatran|9/100|[from] item: Leftovers
|upkeep
|
|t:|1760799482
|switch|p2a: Ogerpon|Ogerpon-Wellspring, F|100/100
|turn|21
|
|t:|1760799486
|move|p2a: Ogerpon|Ivy Cudgel|p1a: Heatran|[anim] Ivy Cudgel Water
|-supereffective|p1a: Heatran
|-damage|p1a: Heatran|0 fnt
|faint|p1a: Heatran
|
|-weather|none
|-sideend|p2: YeatLover267|move: Tailwind
|upkeep
|
|t:|1760799493
|switch|p1a: Maushold|Maushold|100/100
|turn|22
|
|t:|1760799495
|move|p1a: Maushold|Tidy Up|p1a: Maushold
|-boost|p1a: Maushold|atk|1
|-boost|p1a: Maushold|spe|1
|move|p2a: Ogerpon|Encore|p1a: Maushold
|-start|p1a: Maushold|Encore
|
|upkeep
|turn|23
|
|t:|1760799507
|switch|p1a: Gliscor|Gliscor, M, tera:Water|44/100 tox
|move|p2a: Ogerpon|Horn Leech|p1a: Gliscor
|-supereffective|p1a: Gliscor
|-damage|p1a: Gliscor|0 fnt
|faint|p1a: Gliscor
|
|upkeep
|
|t:|1760799510
|switch|p1a: Maushold|Maushold|100/100
|turn|24
|
|t:|1760799515
|move|p1a: Maushold|Population Bomb|p2a: Ogerpon
|-damage|p2a: Ogerpon|89/100
|-damage|p2a: Ogerpon|77/100
|-damage|p2a: Ogerpon|66/100
|-damage|p2a: Ogerpon|53/100
|-damage|p2a: Ogerpon|41/100
|-damage|p2a: Ogerpon|28/100
|-damage|p2a: Ogerpon|15/100
|-damage|p2a: Ogerpon|4/100
|-damage|p2a: Ogerpon|0 fnt
|faint|p2a: Ogerpon
|-hitcount|p2: Ogerpon|9
|
|upkeep
|
|t:|1760799517
|switch|p2a: Kilowattrel|Kilowattrel, F, shiny|100/100
|turn|25
|
|t:|1760799520
|move|p2a: Kilowattrel|Tailwind|p2a: Kilowattrel
|-sidestart|p2: YeatLover267|move: Tailwind
|-start|p2a: Kilowattrel|Charge|Tailwind|[from] ability: Wind Power
|move|p1a: Maushold|Population Bomb|p2a: Kilowattrel
|-damage|p2a: Kilowattrel|82/100
|-damage|p2a: Kilowattrel|60/100
|-damage|p2a: Kilowattrel|40/100
|-damage|p2a: Kilowattrel|21/100
|-damage|p2a: Kilowattrel|2/100
|-damage|p2a: Kilowattrel|0 fnt
|faint|p2a: Kilowattrel
|-hitcount|p2: Kilowattrel|6
|
|upkeep
|
|t:|1760799522
|switch|p2a: Keldeo|Keldeo-Resolute|100/100
|turn|26
|
|t:|1760799528
|switch|p1a: Frosmoth|Frosmoth, M|100/100
|move|p2a: Keldeo|Secret Sword|p1a: Frosmoth
|-damage|p1a: Frosmoth|41/100
|
|upkeep
|turn|27
|
|t:|1760799535
|move|p2a: Keldeo|Secret Sword|p1a: Frosmoth
|-damage|p1a: Frosmoth|0 fnt
|faint|p1a: Frosmoth
|
|upkeep
|
|t:|1760799537
|switch|p1a: Azumarill|Azumarill, M|64/100
|turn|28
|
|t:|1760799541
|switch|p2a: Garganacl|Garganacl, M, shiny, tera:Ghost|13/100
|move|p1a: Azumarill|Aqua Jet|p2a: Garganacl
|-damage|p2a: Garganacl|0 fnt
|faint|p2a: Garganacl
|
|-sideend|p2: YeatLover267|move: Tailwind
|upkeep
|
|t:|1760799543
|switch|p2a: Keldeo|Keldeo-Resolute|100/100
|turn|29
|
|t:|1760799550
|move|p1a: Azumarill|Aqua Jet|p2a: Keldeo
|-resisted|p2a: Keldeo
|-damage|p2a: Keldeo|77/100
|move|p2a: Keldeo|Secret Sword|p1a: Azumarill
|-resisted|p1a: Azumarill
|-damage|p1a: Azumarill|28/100
|
|upkeep
|turn|30
|
|t:|1760799552
|move|p1a: Azumarill|Aqua Jet|p2a: Keldeo
|-resisted|p2a: Keldeo
|-damage|p2a: Keldeo|55/100
|move|p2a: Keldeo|Secret Sword|p1a: Azumarill
|-resisted|p1a: Azumarill
|-damage|p1a: Azumarill|0 fnt
|faint|p1a: Azumarill
|
|upkeep
|
|t:|1760799554
|switch|p1a: Maushold|Maushold|100/100
|turn|31
|
|t:|1760799557
|move|p1a: Maushold|Population Bomb|p2a: Keldeo
|-damage|p2a: Keldeo|41/100
|-damage|p2a: Keldeo|28/100
|-damage|p2a: Keldeo|15/100
|-hitcount|p2a: Keldeo|3
|move|p2a: Keldeo|Secret Sword|p1a: Maushold
|-supereffective|p1a: Maushold
|-damage|p1a: Maushold|0 fnt
|faint|p1a: Maushold
|
|win|YeatLover267
|raw|healboy009's rating: 1337 &rarr; <strong>1317</strong><br />(-20 for losing)
|raw|YeatLover267's rating: 1339 &rarr; <strong>1359</strong><br />(+20 for winning)
|l|☆YeatLover267
|player|p2|
|l|☆healboy009
|player|p1|
