|j|☆t1nkt0n
|j|☆healboy009
|t:|1760768170
|gametype|singles
|player|p1|t1nkt0n|shadowtriad|1446
|player|p2|healboy009|backpacker|1456
|gen|9
|tier|[Gen 9] OU
|rated|
|rule|HP Percentage Mod: HP is shown in percentages
|rule|Endless Battle Clause: Forcing endless battles is banned
|rule|Species Clause: Limit one of each Pokémon
|rule|OHKO Clause: OHKO moves are banned
|rule|Evasion Items Clause: Evasion items are banned
|rule|Evasion Moves Clause: Evasion moves are banned
|rule|Evasion Abilities Clause: Evasion abilities are banned
|rule|Sleep Moves Clause: Sleep-inducing moves are banned
|clearpoke
|poke|p1|Deoxys-Speed|
|poke|p1|Blaziken, F|
|poke|p1|Zamazenta-*|
|poke|p1|Kyurem|
|poke|p1|Moltres-Galar|
|poke|p1|Gholdengo|
|poke|p2|Hoopa-Unbound|
|poke|p2|Hydrapple, M|
|poke|p2|Gliscor, M|
|poke|p2|Cinderace, F|
|poke|p2|Alomomola, F|
|poke|p2|Gholdengo|
|teampreview
|
|t:|1760768174
|teamsize|p1|6
|teamsize|p2|6
|start
|switch|p1a: Kyurem|Kyurem, shiny|100/100
|switch|p2a: Gliscor|Gliscor, M|100/100
|-ability|p1a: Kyurem|Pressure
|turn|1
|inactive|Battle timer is ON: inactive players will automatically lose when time's up. (requested by healboy009)
|
|t:|1760768177
|move|p2a: Gliscor|Protect|p2a: Gliscor
|-singleturn|p2a: Gliscor|Protect
|move|p1a: Kyurem|Dragon Dance|p1a: Kyurem
|-boost|p1a: Kyurem|atk|1
|-boost|p1a: Kyurem|spe|1
|
|-status|p2a: Gliscor|tox|[from] item: Toxic Orb
|upkeep
|turn|2
|
|t:|1760768186
|switch|p2a: Gholdengo|Gholdengo|100/100
|-item|p2a: Gholdengo|Air Balloon
|move|p1a: Kyurem|Freeze-Dry|p2a: Gholdengo
|-resisted|p2a: Gholdengo
|-damage|p2a: Gholdengo|82/100
|-enditem|p2a: Gholdengo|Air Balloon
|
|upkeep
|turn|3
|
|t:|1760768190
|-terastallize|p1a: Kyurem|Ground
|move|p1a: Kyurem|Tera Blast|p2a: Gholdengo|[anim] Tera Blast Ground
|-supereffective|p2a: Gholdengo
|-damage|p2a: Gholdengo|0 fnt
|faint|p2a: Gholdengo
|
|upkeep
|
|t:|1760768214
|switch|p2a: Hydrapple|Hydrapple, M, shiny|100/100
|turn|4
|
|t:|1760768218
|-terastallize|p2a: Hydrapple|Steel
|move|p1a: Kyurem|Icicle Spear|p2a: Hydrapple
|-resisted|p2a: Hydrapple
|-damage|p2a: Hydrapple|92/100
|-resisted|p2a: Hydrapple
|-crit|p2a: Hydrapple
|-damage|p2a: Hydrapple|79/100
|-resisted|p2a: Hydrapple
|-damage|p2a: Hydrapple|71/100
|-hitcount|p2a: Hydrapple|3
|move|p2a: Hydrapple|Giga Drain|p1a: Kyurem
|-supereffective|p1a: Kyurem
|-damage|p1a: Kyurem|25/100
|-heal|p2a: Hydrapple|100/100|[from] drain|[of] p1a: Kyurem
|
|upkeep
|turn|5
|
|t:|1760768223
|move|p1a: Kyurem|Tera Blast|p2a: Hydrapple|[anim] Tera Blast Ground
|-supereffective|p2a: Hydrapple
|-damage|p2a: Hydrapple|15/100
|move|p2a: Hydrapple|Giga Drain|p1a: Kyurem
|-supereffective|p1a: Kyurem
|-damage|p1a: Kyurem|0 fnt
|-heal|p2a: Hydrapple|27/100|[from] drain|[of] p1a: Kyurem
|faint|p1a: Kyurem
|
|upkeep
|
|t:|1760768228
|switch|p1a: Blaziken|Blaziken, F|100/100
|turn|6
|
|t:|1760768232
|switch|p2a: Gliscor|Gliscor, M|100/100 tox
|move|p1a: Blaziken|Swords Dance|p1a: Blaziken
|-boost|p1a: Blaziken|atk|2
|
|-ability|p1a: Blaziken|Speed Boost|boost
|-boost|p1a: Blaziken|spe|1
|upkeep
|turn|7
|
|t:|1760768245
|move|p1a: Blaziken|Flare Blitz|p2a: Gliscor
|-damage|p2a: Gliscor|0 fnt
|faint|p2a: Gliscor
|-damage|p1a: Blaziken|66/100|[from] Recoil
|-damage|p1a: Blaziken|56/100|[from] item: Life Orb
|
|-ability|p1a: Blaziken|Speed Boost|boost
|-boost|p1a: Blaziken|spe|1
|upkeep
|
|t:|1760768251
|switch|p2a: Alomomola|Alomomola, F|100/100
|turn|8
|
|t:|1760768256
|move|p1a: Blaziken|Swords Dance|p1a: Blaziken
|-boost|p1a: Blaziken|atk|2
|move|p2a: Alomomola|Flip Turn|p1a: Blaziken
|-supereffective|p1a: Blaziken
|-damage|p1a: Blaziken|11/100
|
|t:|1760768262
|switch|p2a: Hydrapple|Hydrapple, M, shiny, tera:Steel|60/100|[from] Flip Turn
|
|-ability|p1a: Blaziken|Speed Boost|boost
|-boost|p1a: Blaziken|spe|1
|upkeep
|turn|9
|
|t:|1760768269
|switch|p2a: Alomomola|Alomomola, F|100/100
|move|p1a: Blaziken|Close Combat|p2a: Alomomola
|-damage|p2a: Alomomola|0 fnt
|-unboost|p1a: Blaziken|def|1
|-unboost|p1a: Blaziken|spd|1
|faint|p2a: Alomomola
|-damage|p1a: Blaziken|1/100|[from] item: Life Orb
|
|-ability|p1a: Blaziken|Speed Boost|boost
|-boost|p1a: Blaziken|spe|1
|upkeep
|
|t:|1760768284
|switch|p2a: Hoopa|Hoopa-Unbound|100/100
|turn|10
|
|t:|1760768292
|switch|p2a: Cinderace|Cinderace, F|100/100
|move|p1a: Blaziken|Flare Blitz|p2a: Cinderace
|-resisted|p2a: Cinderace
|-damage|p2a: Cinderace|0 fnt
|faint|p2a: Cinderace
|-damage|p1a: Blaziken|0 fnt|[from] Recoil
|faint|p1a: Blaziken
|
|upkeep
|
|t:|1760768296
|switch|p2a: Hoopa|Hoopa-Unbound|100/100
|switch|p1a: Deoxys|Deoxys-Speed|100/100
|-ability|p1a: Deoxys|Pressure
|turn|11
|
|t:|1760768298
|move|p1a: Deoxys|Light Screen|p1a: Deoxys
|-sidestart|p1: t1nkt0n|move: Light Screen
|move|p2a: Hoopa|Knock Off|p1a: Deoxys
|-supereffective|p1a: Deoxys
|-damage|p1a: Deoxys|0 fnt
|-enditem|p1a: Deoxys|Light Clay|[from] move: Knock Off|[of] p2a: Hoopa
|faint|p1a: Deoxys
|
|upkeep
|
|t:|1760768308
|switch|p1a: Moltres|Moltres-Galar|100/100
|turn|12
|
|t:|1760768313
|switch|p2a: Hydrapple|Hydrapple, M, shiny, tera:Steel|93/100
|move|p1a: Moltres|Nasty Plot|p1a: Moltres
|-boost|p1a: Moltres|spa|2
|
|upkeep
|turn|13
|
|t:|1760768321
|move|p1a: Moltres|Nasty Plot|p1a: Moltres
|-boost|p1a: Moltres|spa|2
|move|p2a: Hydrapple|Fickle Beam|p1a: Moltres
|-damage|p1a: Moltres|83/100
|
|upkeep
|turn|14
|
|t:|1760768325
|move|p1a: Moltres|Fiery Wrath|p2a: Hydrapple
|-damage|p2a: Hydrapple|0 fnt
|faint|p2a: Hydrapple
|
|upkeep
|
|t:|1760768328
|switch|p2a: Hoopa|Hoopa-Unbound|100/100
|turn|15
|
|t:|1760768331
|move|p2a: Hoopa|Gunk Shot|p1a: Moltres
|-damage|p1a: Moltres|24/100
|-ability|p1a: Moltres|Berserk|boost
|-boost|p1a: Moltres|spa|1
|-enditem|p1a: Moltres|Sitrus Berry|[eat]
|-heal|p1a: Moltres|49/100|[from] item: Sitrus Berry
|move|p1a: Moltres|Fiery Wrath|p2a: Hoopa
|-damage|p2a: Hoopa|0 fnt
|faint|p2a: Hoopa
|
|win|t1nkt0n
|raw|t1nkt0n's rating: 1446 &rarr; <strong>1467</strong><br />(+21 for winning)
|raw|healboy009's rating: 1456 &rarr; <strong>1435</strong><br />(-21 for losing)
|l|☆t1nkt0n
|player|p1|
|l|☆healboy009
|player|p2|
