|j|☆gateauaukebab
|j|☆CyborgParrot127
|t:|1760781784
|gametype|singles
|player|p1|gateauaukebab|101|1657
|player|p2|CyborgParrot127|266|1729
|gen|9
|tier|[Gen 9] OU
|rated|
|rule|HP Percentage Mod: HP is shown in percentages
|rule|Endless Battle Clause: Forcing endless battles is banned
|rule|Species Clause: Limit one of each Pokémon
|rule|OHKO Clause: OHKO moves are banned
|rule|Evasion Items Clause: Evasion items are banned
|rule|Evasion Moves Clause: Evasion moves are banned
|rule|Evasion Abilities Clause: Evasion abilities are banned
|rule|Sleep Moves Clause: Sleep-inducing moves are banned
|clearpoke
|poke|p1|Moltres|
|poke|p1|Scizor, F|
|poke|p1|Dragapult, M|
|poke|p1|Iron Valiant|
|poke|p1|Great Tusk|
|poke|p1|Slowking-Galar, F|
|poke|p2|Tyranitar, F|
|poke|p2|Excadrill, F|
|poke|p2|Hydrapple, F|
|poke|p2|Tornadus-Therian, M|
|poke|p2|Iron Valiant|
|poke|p2|Arcanine-Hisui, F|
|teampreview
|inactive|Battle timer is ON: inactive players will automatically lose when time's up. (requested by gateauaukebab)
|
|t:|1760781811
|teamsize|p1|6
|teamsize|p2|6
|start
|switch|p1a: Moltres|Moltres|100/100
|switch|p2a: Tornadus|Tornadus-Therian, M|100/100
|turn|1
|
|t:|1760781816
|move|p2a: Tornadus|Knock Off|p1a: Moltres
|-damage|p1a: Moltres|80/100
|-enditem|p1a: Moltres|Heavy-Duty Boots|[from] move: Knock Off|[of] p2a: Tornadus
|move|p1a: Moltres|Flamethrower|p2a: Tornadus
|-damage|p2a: Tornadus|67/100
|
|upkeep
|turn|2
|
|t:|1760781830
|move|p2a: Tornadus|Bleakwind Storm|p1a: Moltres|[miss]
|-miss|p2a: Tornadus|p1a: Moltres
|move|p1a: Moltres|U-turn|p2a: Tornadus
|-resisted|p2a: Tornadus
|-damage|p2a: Tornadus|58/100
|
|t:|1760781840
|switch|p1a: Scizor|Scizor, F|100/100|[from] U-turn
|
|upkeep
|turn|3
|
|t:|1760781845
|move|p1a: Scizor|Bullet Punch|p2a: Tornadus
|-damage|p2a: Tornadus|0 fnt
|faint|p2a: Tornadus
|
|upkeep
|
|t:|1760781853
|switch|p2a: Arcanine|Arcanine-Hisui, F|100/100
|turn|4
|
|t:|1760781863
|switch|p1a: Great Tusk|Great Tusk|100/100
|move|p2a: Arcanine|Flare Blitz|p1a: Great Tusk
|-damage|p1a: Great Tusk|52/100
|-damage|p2a: Arcanine|84/100|[from] item: Rocky Helmet|[of] p1a: Great Tusk
|
|upkeep
|turn|5
|
|t:|1760781874
|switch|p2a: Hydrapple|Hydrapple, F|100/100
|move|p1a: Great Tusk|Stealth Rock|p2a: Hydrapple
|-sidestart|p2: CyborgParrot127|move: Stealth Rock
|
|upkeep
|turn|6
|
|t:|1760781884
|-end|p1a: Great Tusk|Protosynthesis|[silent]
|switch|p1a: Scizor|Scizor, F|100/100
|move|p2a: Hydrapple|Nasty Plot|p2a: Hydrapple
|-boost|p2a: Hydrapple|spa|2
|
|upkeep
|turn|7
|
|t:|1760781893
|move|p1a: Scizor|U-turn|p2a: Hydrapple
|-supereffective|p2a: Hydrapple
|-damage|p2a: Hydrapple|28/100
|
|t:|1760781897
|switch|p1a: Slowking|Slowking-Galar, F|100/100|[from] U-turn
|move|p2a: Hydrapple|Giga Drain|p1a: Slowking
|-resisted|p1a: Slowking
|-damage|p1a: Slowking|82/100
|-heal|p2a: Hydrapple|36/100|[from] drain|[of] p1a: Slowking
|
|upkeep
|turn|8
|
|t:|1760781903
|move|p2a: Hydrapple|Draco Meteor|p1a: Slowking
|-damage|p1a: Slowking|21/100
|-unboost|p2a: Hydrapple|spa|2
|move|p1a: Slowking|Ice Beam|p2a: Hydrapple
|-supereffective|p2a: Hydrapple
|-damage|p2a: Hydrapple|0 fnt
|faint|p2a: Hydrapple
|
|upkeep
|
|t:|1760781906
|switch|p2a: Tyranitar|Tyranitar, F|100/100
|-damage|p2a: Tyranitar|88/100|[from] Stealth Rock
|-weather|Sandstorm|[from] ability: Sand Stream|[of] p2a: Tyranitar
|turn|9
|
|t:|1760781913
|switch|p1a: Great Tusk|Great Tusk|52/100
|move|p2a: Tyranitar|Stealth Rock|p1a: Great Tusk
|-sidestart|p1: gateauaukebab|move: Stealth Rock
|
|-weather|Sandstorm|[upkeep]
|-heal|p2a: Tyranitar|94/100|[from] item: Leftovers
|upkeep
|turn|10
|
|t:|1760781920
|move|p1a: Great Tusk|Rapid Spin|p2a: Tyranitar
|-resisted|p2a: Tyranitar
|-damage|p2a: Tyranitar|87/100
|-boost|p1a: Great Tusk|spe|1
|-sideend|p1: gateauaukebab|Stealth Rock|[from] move: Rapid Spin|[of] p1a: Great Tusk
|move|p2a: Tyranitar|Ice Beam|p1a: Great Tusk
|-supereffective|p1a: Great Tusk
|-damage|p1a: Great Tusk|0 fnt
|faint|p1a: Great Tusk
|-end|p1a: Great Tusk|Protosynthesis|[silent]
|
|-weather|Sandstorm|[upkeep]
|-heal|p2a: Tyranitar|93/100|[from] item: Leftovers
|upkeep
|
|t:|1760781928
|switch|p1a: Scizor|Scizor, F|100/100
|turn|11
|
|t:|1760781933
|switch|p2a: Excadrill|Excadrill, F|100/100
|-damage|p2a: Excadrill|97/100|[from] Stealth Rock
|-item|p2a: Excadrill|Air Balloon
|move|p1a: Scizor|Close Combat|p2a: Excadrill
|-supereffective|p2a: Excadrill
|-damage|p2a: Excadrill|0 fnt
|-unboost|p1a: Scizor|def|1
|-unboost|p1a: Scizor|spd|1
|-enditem|p2a: Excadrill|Air Balloon
|faint|p2a: Excadrill
|
|-weather|Sandstorm|[upkeep]
|upkeep
|
|t:|1760781936
|switch|p2a: Iron Valiant|Iron Valiant|100/100
|-damage|p2a: Iron Valiant|94/100|[from] Stealth Rock
|-enditem|p2a: Iron Valiant|Booster Energy
|-activate|p2a: Iron Valiant|ability: Quark Drive|[fromitem]
|-start|p2a: Iron Valiant|quarkdrivespe
|turn|12
|j| wgw2333
|j| deepesh1
|
|t:|1760781946
|switch|p1a: Slowking|Slowking-Galar, F|54/100
|move|p2a: Iron Valiant|Knock Off|p1a: Slowking
|-supereffective|p1a: Slowking
|-damage|p1a: Slowking|0 fnt
|-enditem|p1a: Slowking|Heavy-Duty Boots|[from] move: Knock Off|[of] p2a: Iron Valiant
|faint|p1a: Slowking
|
|-weather|Sandstorm|[upkeep]
|-damage|p2a: Iron Valiant|88/100|[from] Sandstorm
|upkeep
|
|t:|1760781956
|switch|p1a: Moltres|Moltres|80/100
|turn|13
|
|t:|1760781960
|-end|p2a: Iron Valiant|Quark Drive|[silent]
|switch|p2a: Tyranitar|Tyranitar, F|93/100
|-damage|p2a: Tyranitar|81/100|[from] Stealth Rock
|move|p1a: Moltres|Air Slash|p2a: Tyranitar|[miss]
|-miss|p1a: Moltres|p2a: Tyranitar
|
|-weather|none
|-heal|p2a: Tyranitar|87/100|[from] item: Leftovers
|upkeep
|turn|14
|
|t:|1760781967
|move|p1a: Moltres|U-turn|p2a: Tyranitar
|-supereffective|p2a: Tyranitar
|-damage|p2a: Tyranitar|66/100
|
|t:|1760781969
|switch|p1a: Scizor|Scizor, F|100/100|[from] U-turn
|move|p2a: Tyranitar|Stealth Rock|p1a: Scizor
|-sidestart|p1: gateauaukebab|move: Stealth Rock
|
|-heal|p2a: Tyranitar|73/100|[from] item: Leftovers
|upkeep
|turn|15
|
|t:|1760781984
|-terastallize|p1a: Scizor|Steel
|move|p1a: Scizor|Bullet Punch|p2a: Tyranitar
|-supereffective|p2a: Tyranitar
|-damage|p2a: Tyranitar|0 fnt
|faint|p2a: Tyranitar
|
|upkeep
|
|t:|1760781989
|switch|p2a: Iron Valiant|Iron Valiant|88/100
|-damage|p2a: Iron Valiant|82/100|[from] Stealth Rock
|turn|16
|
|t:|1760781997
|-terastallize|p2a: Iron Valiant|Steel
|move|p1a: Scizor|Bullet Punch|p2a: Iron Valiant
|-resisted|p2a: Iron Valiant
|-damage|p2a: Iron Valiant|37/100
|move|p2a: Iron Valiant|Close Combat|p1a: Scizor
|-supereffective|p1a: Scizor
|-damage|p1a: Scizor|4/100
|-unboost|p2a: Iron Valiant|def|1
|-unboost|p2a: Iron Valiant|spd|1
|
|upkeep
|turn|17
|
|t:|1760782003
|move|p1a: Scizor|Bullet Punch|p2a: Iron Valiant
|-resisted|p2a: Iron Valiant
|-damage|p2a: Iron Valiant|0 fnt
|faint|p2a: Iron Valiant
|-end|p2a: Iron Valiant|Quark Drive|[silent]
|
|upkeep
|-message|CyborgParrot127 forfeited.
|
|win|gateauaukebab
|raw|gateauaukebab's rating: 1657 &rarr; <strong>1681</strong><br />(+24 for winning)
|raw|CyborgParrot127's rating: 1729 &rarr; <strong>1705</strong><br />(-24 for losing)
|j| 0WithdrawalSyndrom
|l|☆CyborgParrot127
|player|p2|
|l| deepesh1
|l| wgw2333
