|j|☆enesthesans
|j|☆Calm Lad
|t:|1760852742
|gametype|singles
|player|p1|enesthesans|bugcatcher-gen4dp|1103
|player|p2|Calm Lad|266|1097
|gen|9
|tier|[Gen 9] OU
|rated|
|rule|HP Percentage Mod: HP is shown in percentages
|rule|Endless Battle Clause: Forcing endless battles is banned
|rule|Species Clause: Limit one of each Pokémon
|rule|OHKO Clause: OHKO moves are banned
|rule|Evasion Items Clause: Evasion items are banned
|rule|Evasion Moves Clause: Evasion moves are banned
|rule|Evasion Abilities Clause: Evasion abilities are banned
|rule|Sleep Moves Clause: Sleep-inducing moves are banned
|clearpoke
|poke|p1|Ribombee, M|
|poke|p1|Lokix, F|
|poke|p1|Slither Wing|
|poke|p1|Heracross, M|
|poke|p1|Araquanid, M|
|poke|p1|Galvantula, F|
|poke|p2|Weezing-Galar, F|
|poke|p2|Zapdos|
|poke|p2|Politoed, M|
|poke|p2|Moltres|
|poke|p2|Scizor, F|
|poke|p2|Dragonite, F|
|teampreview
|inactive|Battle timer is ON: inactive players will automatically lose when time's up. (requested by enesthesans)
|
|t:|1760852752
|teamsize|p1|6
|teamsize|p2|6
|start
|switch|p1a: Galvantula|Galvantula, F|100/100
|switch|p2a: Moltres|Moltres|100/100
|turn|1
|
|t:|1760852763
|move|p1a: Galvantula|Thunder|p2a: Moltres
|-supereffective|p2a: Moltres
|-damage|p2a: Moltres|0 fnt
|faint|p2a: Moltres
|
|upkeep
|
|t:|1760852771
|switch|p2a: Zapdos|Zapdos|100/100
|turn|2
|
|t:|1760852774
|move|p1a: Galvantula|Thunder|p2a: Zapdos
|-damage|p2a: Zapdos|28/100
|move|p2a: Zapdos|Hurricane|p1a: Galvantula
|-damage|p1a: Galvantula|0 fnt
|faint|p1a: Galvantula
|
|upkeep
|
|t:|1760852786
|switch|p1a: Lokix|Lokix, F|100/100
|turn|3
|
|t:|1760852799
|switch|p2a: Weezing|Weezing-Galar, F|100/100
|-ability|p2a: Weezing|Neutralizing Gas
|-terastallize|p1a: Lokix|Bug
|move|p1a: Lokix|First Impression|p2a: Weezing
|-resisted|p2a: Weezing
|-damage|p2a: Weezing|88/100
|
|upkeep
|turn|4
|
|t:|1760852809
|move|p1a: Lokix|U-turn|p2a: Weezing
|-resisted|p2a: Weezing
|-damage|p2a: Weezing|78/100
|
|t:|1760852811
|switch|p1a: Ribombee|Ribombee, M|100/100|[from] U-turn
|move|p2a: Weezing|Will-O-Wisp|p1a: Ribombee
|-status|p1a: Ribombee|brn
|
|-damage|p1a: Ribombee|94/100 brn|[from] brn
|upkeep
|turn|5
|
|t:|1760852820
|move|p1a: Ribombee|Psychic|p2a: Weezing
|-supereffective|p2a: Weezing
|-damage|p2a: Weezing|14/100
|-unboost|p2a: Weezing|spd|1
|move|p2a: Weezing|Sludge Bomb|p1a: Ribombee
|-supereffective|p1a: Ribombee
|-damage|p1a: Ribombee|0 fnt
|faint|p1a: Ribombee
|
|upkeep
|
|t:|1760852826
|switch|p1a: Araquanid|Araquanid, M|100/100
|turn|6
|
|t:|1760852845
|-end|p2a: Weezing|ability: Neutralizing Gas
|switch|p2a: Politoed|Politoed, M|100/100
|-weather|RainDance|[from] ability: Drizzle|[of] p2a: Politoed
|move|p1a: Araquanid|Sticky Web|p2a: Politoed
|-sidestart|p2: Calm Lad|move: Sticky Web
|
|-weather|RainDance|[upkeep]
|upkeep
|turn|7
|
|t:|1760852869
|move|p2a: Politoed|Encore|p1a: Araquanid
|-start|p1a: Araquanid|Encore
|move|p1a: Araquanid|Sticky Web||[still]
|-fail|p1a: Araquanid
|
|-weather|RainDance|[upkeep]
|upkeep
|turn|8
|
|t:|1760852877
|switch|p1a: My Ace|Heracross, M, shiny|100/100
|move|p2a: Politoed|Weather Ball|p1a: My Ace
|-damage|p1a: My Ace|20/100
|
|-weather|RainDance|[upkeep]
|-status|p1a: My Ace|brn|[from] item: Flame Orb
|upkeep
|turn|9
|
|t:|1760852901
|move|p1a: My Ace|Close Combat|p2a: Politoed
|-crit|p2a: Politoed
|-damage|p2a: Politoed|0 fnt
|-unboost|p1a: My Ace|def|1
|-unboost|p1a: My Ace|spd|1
|faint|p2a: Politoed
|
|-weather|RainDance|[upkeep]
|-damage|p1a: My Ace|14/100 brn|[from] brn
|upkeep
|inactive|Calm Lad has 120 seconds left.
|
|t:|1760852925
|switch|p2a: Dragonite|Dragonite, F|100/100
|turn|10
|inactive|enesthesans has 120 seconds left.
|
|t:|1760852956
|move|p1a: My Ace|Knock Off|p2a: Dragonite
|-damage|p2a: Dragonite|44/100
|-enditem|p2a: Dragonite|Heavy-Duty Boots|[from] move: Knock Off|[of] p1a: My Ace
|move|p2a: Dragonite|Dragon Dance|p2a: Dragonite
|-boost|p2a: Dragonite|atk|1
|-boost|p2a: Dragonite|spe|1
|
|-weather|RainDance|[upkeep]
|-damage|p1a: My Ace|8/100 brn|[from] brn
|upkeep
|turn|11
|inactive|Calm Lad has 120 seconds left.
|
|t:|1760852973
|move|p2a: Dragonite|Ice Spinner|p1a: My Ace
|-damage|p1a: My Ace|0 fnt
|faint|p1a: My Ace
|
|-weather|RainDance|[upkeep]
|upkeep
|
|t:|1760852983
|switch|p1a: Lokix|Lokix, F, tera:Bug|100/100
|turn|12
|
|t:|1760852986
|move|p2a: Dragonite|Extreme Speed|p1a: Lokix
|-damage|p1a: Lokix|32/100
|move|p1a: Lokix|First Impression|p2a: Dragonite
|-resisted|p2a: Dragonite
|-damage|p2a: Dragonite|0 fnt
|faint|p2a: Dragonite
|
|-weather|RainDance|[upkeep]
|upkeep
|
|t:|1760852997
|switch|p2a: Scizor|Scizor, F|100/100
|-activate|p2a: Scizor|move: Sticky Web
|-unboost|p2a: Scizor|spe|1
|turn|13
|
|t:|1760853002
|move|p1a: Lokix|U-turn|p2a: Scizor
|-resisted|p2a: Scizor
|-damage|p2a: Scizor|53/100
|
|t:|1760853004
|switch|p1a: Araquanid|Araquanid, M|100/100|[from] U-turn
|move|p2a: Scizor|U-turn|p1a: Araquanid
|-damage|p1a: Araquanid|35/100
|
|t:|1760853011
|switch|p2a: Zapdos|Zapdos|28/100|[from] U-turn
|
|-weather|none
|upkeep
|turn|14
|
|t:|1760853017
|move|p2a: Zapdos|Volt Switch|p1a: Araquanid
|-supereffective|p1a: Araquanid
|-damage|p1a: Araquanid|0 fnt
|faint|p1a: Araquanid
|
|t:|1760853022
|switch|p2a: Weezing|Weezing-Galar, F|14/100|[from] Volt Switch
|-ability|p2a: Weezing|Neutralizing Gas
|
|upkeep
|
|t:|1760853024
|switch|p1a: Slither Wing|Slither Wing|100/100
|turn|15
|
|t:|1760853033
|move|p1a: Slither Wing|Flame Charge|p2a: Weezing
|-damage|p2a: Weezing|0 fnt
|-boost|p1a: Slither Wing|spe|1
|faint|p2a: Weezing
|-end|p2a: Weezing|ability: Neutralizing Gas
|-enditem|p1a: Slither Wing|Booster Energy
|-activate|p1a: Slither Wing|ability: Protosynthesis|[fromitem]
|-start|p1a: Slither Wing|protosynthesisspe
|
|upkeep
|
|t:|1760853044
|switch|p2a: Zapdos|Zapdos|28/100
|turn|16
|
|t:|1760853050
|move|p1a: Slither Wing|Acrobatics|p2a: Zapdos
|-resisted|p2a: Zapdos
|-damage|p2a: Zapdos|8/100
|move|p2a: Zapdos|Roost|p2a: Zapdos
|-heal|p2a: Zapdos|58/100
|-singleturn|p2a: Zapdos|move: Roost
|
|upkeep
|turn|17
|
|t:|1760853059
|move|p1a: Slither Wing|Flame Charge|p2a: Zapdos
|-damage|p2a: Zapdos|39/100
|-boost|p1a: Slither Wing|spe|1
|move|p2a: Zapdos|Roost|p2a: Zapdos
|-heal|p2a: Zapdos|89/100
|-singleturn|p2a: Zapdos|move: Roost
|
|upkeep
|turn|18
|
|t:|1760853068
|move|p1a: Slither Wing|Flame Charge|p2a: Zapdos
|-damage|p2a: Zapdos|70/100
|-boost|p1a: Slither Wing|spe|1
|-status|p1a: Slither Wing|par|[from] ability: Static|[of] p2a: Zapdos
|move|p2a: Zapdos|Hurricane|p1a: Slither Wing
|-supereffective|p1a: Slither Wing
|-damage|p1a: Slither Wing|0 fnt
|faint|p1a: Slither Wing
|-end|p1a: Slither Wing|Protosynthesis|[silent]
|
|upkeep
|
|t:|1760853071
|switch|p1a: Lokix|Lokix, F, tera:Bug|32/100
|turn|19
|
|t:|1760853083
|move|p1a: Lokix|First Impression|p2a: Zapdos
|-resisted|p2a: Zapdos
|-damage|p2a: Zapdos|1/100
|-status|p1a: Lokix|par|[from] ability: Static|[of] p2a: Zapdos
|move|p2a: Zapdos|Hurricane|p1a: Lokix
|-supereffective|p1a: Lokix
|-damage|p1a: Lokix|0 fnt
|faint|p1a: Lokix
|
|win|Calm Lad
|raw|enesthesans's rating: 1103 &rarr; <strong>1078</strong><br />(-25 for losing)
|raw|Calm Lad's rating: 1097 &rarr; <strong>1123</strong><br />(+26 for winning)
|l|☆enesthesans
|player|p1|
|l|☆Calm Lad
|player|p2|
