|j|☆rudyrage1
|j|☆Slidwif
|t:|1760729329
|gametype|singles
|player|p1|rudyrage1|169|1139
|player|p2|Slidwif|169|1100
|gen|9
|tier|[Gen 9] OU
|rated|
|rule|HP Percentage Mod: HP is shown in percentages
|rule|Endless Battle Clause: Forcing endless battles is banned
|rule|Species Clause: Limit one of each Pokémon
|rule|OHKO Clause: OHKO moves are banned
|rule|Evasion Items Clause: Evasion items are banned
|rule|Evasion Moves Clause: Evasion moves are banned
|rule|Evasion Abilities Clause: Evasion abilities are banned
|rule|Sleep Moves Clause: Sleep-inducing moves are banned
|clearpoke
|poke|p1|Dragonite, M|
|poke|p1|Iron Treads|
|poke|p1|Tornadus-Therian, M|
|poke|p1|Kingambit, M|
|poke|p1|Iron Valiant|
|poke|p1|Primarina, M|
|poke|p2|Iron Moth|
|poke|p2|Manaphy|
|poke|p2|Dragapult, M|
|poke|p2|Greninja-*, M|
|poke|p2|Sandy Shocks|
|poke|p2|Cinderace, F|
|teampreview
|inactive|Battle timer is ON: inactive players will automatically lose when time's up. (requested by Slidwif)
|
|t:|1760729357
|teamsize|p1|6
|teamsize|p2|6
|start
|switch|p1a: Iron Valiant|Iron Valiant|100/100
|switch|p2a: Sandy Shocks|Sandy Shocks|100/100
|-enditem|p2a: Sandy Shocks|Booster Energy
|-activate|p2a: Sandy Shocks|ability: Protosynthesis|[fromitem]
|-start|p2a: Sandy Shocks|protosynthesisspe
|turn|1
|inactive|rudyrage1 has 120 seconds left.
|inactive|Slidwif has 120 seconds left.
|
|t:|1760729389
|move|p2a: Sandy Shocks|Earth Power|p1a: Iron Valiant
|-damage|p1a: Iron Valiant|24/100
|move|p1a: Iron Valiant|Moonblast|p2a: Sandy Shocks
|-damage|p2a: Sandy Shocks|21/100
|
|upkeep
|turn|2
|inactive|rudyrage1 has 120 seconds left.
|
|t:|1760729408
|-end|p1a: Iron Valiant|Quark Drive|[silent]
|switch|p1a: Dragonite|Dragonite, M|100/100
|move|p2a: Sandy Shocks|Thunderbolt|p1a: Dragonite
|-damage|p1a: Dragonite|77/100
|-status|p1a: Dragonite|par
|
|upkeep
|turn|3
|inactive|rudyrage1 has 120 seconds left.
|
|t:|1760729418
|-terastallize|p2a: Sandy Shocks|Ice
|move|p2a: Sandy Shocks|Tera Blast|p1a: Dragonite|[anim] Tera Blast Ice
|-supereffective|p1a: Dragonite
|-damage|p1a: Dragonite|0 fnt
|faint|p1a: Dragonite
|
|upkeep
|inactive|rudyrage1 has 120 seconds left.
|
|t:|1760729424
|switch|p1a: Kingambit|Kingambit, M|100/100
|-activate|p1a: Kingambit|ability: Supreme Overlord
|-start|p1a: Kingambit|fallen1|[silent]
|turn|4
|
|t:|1760729429
|move|p1a: Kingambit|Sucker Punch||[still]
|-fail|p1a: Kingambit
|move|p2a: Sandy Shocks|Spikes|p1a: Kingambit
|-sidestart|p1: rudyrage1|Spikes
|
|upkeep
|turn|5
|
|t:|1760729434
|move|p1a: Kingambit|Sucker Punch||[still]
|-fail|p1a: Kingambit
|move|p2a: Sandy Shocks|Spikes|p1a: Kingambit
|-sidestart|p1: rudyrage1|Spikes
|
|upkeep
|turn|6
|
|t:|1760729440
|move|p2a: Sandy Shocks|Spikes|p1a: Kingambit
|-sidestart|p1: rudyrage1|Spikes
|move|p1a: Kingambit|Kowtow Cleave|p2a: Sandy Shocks
|-damage|p2a: Sandy Shocks|0 fnt
|faint|p2a: Sandy Shocks
|-end|p2a: Sandy Shocks|Protosynthesis|[silent]
|
|upkeep
|
|t:|1760729453
|switch|p2a: Cinderace|Cinderace, F, shiny|100/100
|turn|7
|
|t:|1760729468
|-terastallize|p1a: Kingambit|Ghost
|move|p2a: Cinderace|Will-O-Wisp|p1a: Kingambit|[miss]
|-miss|p2a: Cinderace|p1a: Kingambit
|move|p1a: Kingambit|Swords Dance|p1a: Kingambit
|-boost|p1a: Kingambit|atk|2
|
|upkeep
|turn|8
|
|t:|1760729479
|move|p2a: Cinderace|Will-O-Wisp|p1a: Kingambit
|-status|p1a: Kingambit|brn
|move|p1a: Kingambit|Swords Dance|p1a: Kingambit
|-boost|p1a: Kingambit|atk|2
|
|-damage|p1a: Kingambit|94/100 brn|[from] brn
|upkeep
|turn|9
|
|t:|1760729502
|move|p1a: Kingambit|Sucker Punch|p2a: Cinderace
|-damage|p2a: Cinderace|0 fnt
|faint|p2a: Cinderace
|
|-damage|p1a: Kingambit|88/100 brn|[from] brn
|upkeep
|
|t:|1760729508
|switch|p2a: Dragapult|Dragapult, M|100/100
|turn|10
|
|t:|1760729530
|move|p2a: Dragapult|Phantom Force||[still]
|-prepare|p2a: Dragapult|Phantom Force
|move|p1a: Kingambit|Kowtow Cleave|p2a: Dragapult|[miss]
|-miss|p1a: Kingambit|p2a: Dragapult
|
|-damage|p1a: Kingambit|82/100 brn|[from] brn
|upkeep
|turn|11
|inactive|rudyrage1 has 120 seconds left.
|
|t:|1760729561
|-end|p1a: Kingambit|fallen1|[silent]
|switch|p1a: Iron Valiant|Iron Valiant|24/100
|-damage|p1a: Iron Valiant|0 fnt|[from] Spikes
|faint|p1a: Iron Valiant
|-end|p1a: Iron Valiant|Quark Drive|[silent]
|move|p2a: Dragapult|Phantom Force|p1: Iron Valiant|[from] lockedmove|[notarget]
|-fail|p2a: Dragapult
|
|upkeep
|
|t:|1760729568
|switch|p1a: Kingambit|Kingambit, M, tera:Ghost|82/100 brn
|-damage|p1a: Kingambit|57/100 brn|[from] Spikes
|-activate|p1a: Kingambit|ability: Supreme Overlord
|-start|p1a: Kingambit|fallen2|[silent]
|turn|12
|
|t:|1760729593
|move|p1a: Kingambit|Sucker Punch|p2a: Dragapult
|-supereffective|p2a: Dragapult
|-damage|p2a: Dragapult|4/100
|move|p2a: Dragapult|Phantom Force||[still]
|-prepare|p2a: Dragapult|Phantom Force
|
|-damage|p1a: Kingambit|51/100 brn|[from] brn
|upkeep
|turn|13
|
|t:|1760729601
|move|p2a: Dragapult|Phantom Force|p1a: Kingambit|[from] lockedmove
|-supereffective|p1a: Kingambit
|-damage|p1a: Kingambit|0 fnt
|faint|p1a: Kingambit
|-end|p1a: Kingambit|fallen2|[silent]
|
|upkeep
|
|t:|1760729611
|switch|p1a: Iron Treads|Iron Treads|100/100
|-damage|p1a: Iron Treads|76/100|[from] Spikes
|turn|14
|
|t:|1760729616
|move|p2a: Dragapult|Phantom Force||[still]
|-prepare|p2a: Dragapult|Phantom Force
|move|p1a: Iron Treads|Stealth Rock|p2a: Dragapult
|-sidestart|p2: Slidwif|move: Stealth Rock
|
|upkeep
|turn|15
|
|t:|1760729625
|move|p2a: Dragapult|Phantom Force|p1a: Iron Treads|[from] lockedmove
|-damage|p1a: Iron Treads|38/100
|move|p1a: Iron Treads|Earthquake|p2a: Dragapult
|-damage|p2a: Dragapult|0 fnt
|faint|p2a: Dragapult
|-damage|p1a: Iron Treads|28/100|[from] item: Life Orb
|
|upkeep
|
|t:|1760729634
|switch|p2a: Manaphy|Manaphy|100/100
|-damage|p2a: Manaphy|88/100|[from] Stealth Rock
|turn|16
|
|t:|1760729639
|move|p1a: Iron Treads|Rapid Spin|p2a: Manaphy
|-damage|p2a: Manaphy|67/100
|-boost|p1a: Iron Treads|spe|1
|-sideend|p1: rudyrage1|Spikes|[from] move: Rapid Spin|[of] p1a: Iron Treads
|-damage|p1a: Iron Treads|18/100|[from] item: Life Orb
|move|p2a: Manaphy|Tail Glow|p2a: Manaphy
|-boost|p2a: Manaphy|spa|3
|
|-heal|p2a: Manaphy|73/100|[from] item: Leftovers
|upkeep
|turn|17
|
|t:|1760729655
|move|p1a: Iron Treads|Earthquake|p2a: Manaphy
|-damage|p2a: Manaphy|12/100
|-damage|p1a: Iron Treads|8/100|[from] item: Life Orb
|move|p2a: Manaphy|Surf|p1a: Iron Treads
|-supereffective|p1a: Iron Treads
|-damage|p1a: Iron Treads|0 fnt
|faint|p1a: Iron Treads
|-end|p1a: Iron Treads|Quark Drive|[silent]
|
|-heal|p2a: Manaphy|18/100|[from] item: Leftovers
|upkeep
|
|t:|1760729670
|switch|p1a: Tornadus|Tornadus-Therian, M|100/100
|turn|18
|
|t:|1760729680
|move|p1a: Tornadus|Bleakwind Storm|p2a: Manaphy
|-damage|p2a: Manaphy|0 fnt
|faint|p2a: Manaphy
|
|upkeep
|
|t:|1760729688
|switch|p2a: Greninja|Greninja, M|100/100
|-damage|p2a: Greninja|88/100|[from] Stealth Rock
|turn|19
|
|t:|1760729693
|move|p2a: Greninja|Ice Beam|p1a: Tornadus
|-supereffective|p1a: Tornadus
|-damage|p1a: Tornadus|21/100
|-damage|p2a: Greninja|78/100|[from] item: Life Orb
|move|p1a: Tornadus|U-turn|p2a: Greninja
|-supereffective|p2a: Greninja
|-damage|p2a: Greninja|24/100
|
|t:|1760729700
|switch|p1a: Primarina|Primarina, M|100/100|[from] U-turn
|
|upkeep
|turn|20
|
|t:|1760729704
|move|p2a: Greninja|Gunk Shot|p1a: Primarina
|-supereffective|p1a: Primarina
|-damage|p1a: Primarina|13/100
|-damage|p2a: Greninja|15/100|[from] item: Life Orb
|move|p1a: Primarina|Hydro Pump|p2a: Greninja|[miss]
|-miss|p1a: Primarina|p2a: Greninja
|
|upkeep
|turn|21
|inactive|Slidwif has 120 seconds left.
|
|t:|1760729737
|move|p2a: Greninja|Ice Beam|p1a: Primarina
|-resisted|p1a: Primarina
|-damage|p1a: Primarina|4/100
|-status|p1a: Primarina|frz
|-damage|p2a: Greninja|5/100|[from] item: Life Orb
|-curestatus|p1a: Primarina|frz|[msg]
|move|p1a: Primarina|Hydro Pump|p2a: Greninja
|-resisted|p2a: Greninja
|-damage|p2a: Greninja|0 fnt
|faint|p2a: Greninja
|
|upkeep
|inactive|Slidwif has 120 seconds left.
|
|t:|1760729749
|switch|p2a: Iron Moth|Iron Moth|100/100
|-damage|p2a: Iron Moth|76/100|[from] Stealth Rock
|-enditem|p2a: Iron Moth|Booster Energy
|-activate|p2a: Iron Moth|ability: Quark Drive|[fromitem]
|-start|p2a: Iron Moth|quarkdrivespe
|turn|22
|inactive|Slidwif has 120 seconds left.
|
|t:|1760729756
|move|p2a: Iron Moth|Fiery Dance|p1a: Primarina
|-resisted|p1a: Primarina
|-damage|p1a: Primarina|0 fnt
|-boost|p2a: Iron Moth|spa|1
|faint|p1a: Primarina
|
|upkeep
|
|t:|1760729761
|switch|p1a: Tornadus|Tornadus-Therian, M|55/100
|turn|23
|
|t:|1760729765
|move|p2a: Iron Moth|Fiery Dance|p1a: Tornadus
|-damage|p1a: Tornadus|0 fnt
|faint|p1a: Tornadus
|
|win|Slidwif
|raw|rudyrage1's rating: 1139 &rarr; <strong>1111</strong><br />(-28 for losing)
|raw|Slidwif's rating: 1100 &rarr; <strong>1128</strong><br />(+28 for winning)
|l|☆Slidwif
|player|p2|
