|j|☆shue5225
|j|☆krabby.pabby
|t:|1760846440
|gametype|singles
|player|p1|shue5225|169|1088
|player|p2|krabby.pabby|elesa|1115
|gen|9
|tier|[Gen 9] OU
|rated|
|rule|HP Percentage Mod: HP is shown in percentages
|rule|Endless Battle Clause: Forcing endless battles is banned
|rule|Species Clause: Limit one of each Pokémon
|rule|OHKO Clause: OHKO moves are banned
|rule|Evasion Items Clause: Evasion items are banned
|rule|Evasion Moves Clause: Evasion moves are banned
|rule|Evasion Abilities Clause: Evasion abilities are banned
|rule|Sleep Moves Clause: Sleep-inducing moves are banned
|clearpoke
|poke|p1|Ogerpon-Wellspring, F|
|poke|p1|Pelipper, F|
|poke|p1|Zapdos|
|poke|p1|Scizor, F|
|poke|p1|Skeledirge, F|
|poke|p1|Zamazenta-*|
|poke|p2|Ninetales, M|
|poke|p2|Scream Tail|
|poke|p2|Lilligant-Hisui, F|
|poke|p2|Charizard, F|
|poke|p2|Raging Bolt|
|poke|p2|Victreebel, M|
|teampreview
|
|t:|1760846452
|teamsize|p1|6
|teamsize|p2|6
|start
|switch|p1a: Zamazenta|Zamazenta|100/100
|switch|p2a: Ninetales|Ninetales, M|100/100
|-ability|p1a: Zamazenta|Dauntless Shield|boost
|-boost|p1a: Zamazenta|def|1
|-weather|SunnyDay|[from] ability: Drought|[of] p2a: Ninetales
|turn|1
|
|t:|1760846460
|move|p1a: Zamazenta|Iron Defense|p1a: Zamazenta
|-boost|p1a: Zamazenta|def|2
|move|p2a: Ninetales|Will-O-Wisp|p1a: Zamazenta
|-status|p1a: Zamazenta|brn
|
|-weather|SunnyDay|[upkeep]
|-damage|p1a: Zamazenta|94/100 brn|[from] brn
|upkeep
|turn|2
|
|t:|1760846487
|switch|p2a: Charizard|Charizard, F|100/100
|move|p1a: Zamazenta|Body Press|p2a: Charizard
|-resisted|p2a: Charizard
|-damage|p2a: Charizard|53/100
|-damage|p1a: Zamazenta|84/100 brn|[from] item: Life Orb
|
|-weather|SunnyDay|[upkeep]
|-damage|p2a: Charizard|41/100|[from] ability: Solar Power|[of] p2a: Charizard
|-damage|p1a: Zamazenta|78/100 brn|[from] brn
|upkeep
|turn|3
|
|t:|1760846498
|move|p1a: Zamazenta|Body Press|p2a: Charizard
|-resisted|p2a: Charizard
|-damage|p2a: Charizard|0 fnt
|faint|p2a: Charizard
|-damage|p1a: Zamazenta|68/100 brn|[from] item: Life Orb
|
|-weather|SunnyDay|[upkeep]
|-damage|p1a: Zamazenta|62/100 brn|[from] brn
|upkeep
|
|t:|1760846520
|switch|p2a: Raging Bolt|Raging Bolt|100/100
|-activate|p2a: Raging Bolt|ability: Protosynthesis
|-start|p2a: Raging Bolt|protosynthesisspa
|turn|4
|
|t:|1760846529
|move|p1a: Zamazenta|Body Press|p2a: Raging Bolt
|-damage|p2a: Raging Bolt|45/100
|-damage|p1a: Zamazenta|52/100 brn|[from] item: Life Orb
|move|p2a: Raging Bolt|Draco Meteor|p1a: Zamazenta
|-damage|p1a: Zamazenta|0 fnt
|-unboost|p2a: Raging Bolt|spa|2
|faint|p1a: Zamazenta
|
|-weather|SunnyDay|[upkeep]
|upkeep
|
|t:|1760846564
|switch|p1a: Scizor|Scizor, F|100/100
|turn|5
|
|t:|1760846577
|-end|p2a: Raging Bolt|Protosynthesis|[silent]
|switch|p2a: Scream Tail|Scream Tail|100/100
|-activate|p2a: Scream Tail|ability: Protosynthesis
|-start|p2a: Scream Tail|protosynthesisspe
|move|p1a: Scizor|Bullet Punch|p2a: Scream Tail
|-supereffective|p2a: Scream Tail
|-damage|p2a: Scream Tail|29/100
|-damage|p1a: Scizor|91/100|[from] item: Life Orb
|
|-weather|SunnyDay|[upkeep]
|-heal|p2a: Scream Tail|35/100|[from] item: Leftovers
|upkeep
|turn|6
|
|t:|1760846591
|move|p1a: Scizor|Bullet Punch|p2a: Scream Tail
|-supereffective|p2a: Scream Tail
|-damage|p2a: Scream Tail|0 fnt
|faint|p2a: Scream Tail
|-end|p2a: Scream Tail|Protosynthesis|[silent]
|-damage|p1a: Scizor|81/100|[from] item: Life Orb
|
|-weather|SunnyDay|[upkeep]
|upkeep
|
|t:|1760846598
|switch|p2a: Raging Bolt|Raging Bolt|45/100
|-activate|p2a: Raging Bolt|ability: Protosynthesis
|-start|p2a: Raging Bolt|protosynthesisspa
|turn|7
|
|t:|1760846603
|move|p1a: Scizor|Bullet Punch|p2a: Raging Bolt
|-resisted|p2a: Raging Bolt
|-damage|p2a: Raging Bolt|26/100
|-damage|p1a: Scizor|71/100|[from] item: Life Orb
|move|p2a: Raging Bolt|Weather Ball|p1a: Scizor
|-supereffective|p1a: Scizor
|-damage|p1a: Scizor|0 fnt
|faint|p1a: Scizor
|
|-weather|SunnyDay|[upkeep]
|upkeep
|
|t:|1760846613
|switch|p1a: Pelipper|Pelipper, F|100/100
|-weather|RainDance|[from] ability: Drizzle|[of] p1a: Pelipper
|-end|p2a: Raging Bolt|Protosynthesis
|turn|8
|
|t:|1760846619
|move|p2a: Raging Bolt|Thunderclap||[still]
|-fail|p2a: Raging Bolt
|move|p1a: Pelipper|Substitute|p1a: Pelipper
|-start|p1a: Pelipper|Substitute
|-damage|p1a: Pelipper|75/100
|
|-weather|RainDance|[upkeep]
|-heal|p1a: Pelipper|82/100|[from] item: Leftovers
|upkeep
|turn|9
|
|t:|1760846627
|move|p2a: Raging Bolt|Thunderbolt|p1a: Pelipper
|-supereffective|p1a: Pelipper
|-end|p1a: Pelipper|Substitute
|move|p1a: Pelipper|U-turn|p2a: Raging Bolt
|-damage|p2a: Raging Bolt|19/100
|
|t:|1760846634
|switch|p1a: Ogerpon|Ogerpon-Wellspring, F|100/100|[from] U-turn
|
|-weather|RainDance|[upkeep]
|upkeep
|turn|10
|
|t:|1760846643
|-terastallize|p2a: Raging Bolt|Electric
|move|p2a: Raging Bolt|Thunderclap||[still]
|-fail|p2a: Raging Bolt
|move|p1a: Ogerpon|Swords Dance|p1a: Ogerpon
|-boost|p1a: Ogerpon|atk|2
|
|-weather|RainDance|[upkeep]
|upkeep
|turn|11
|
|t:|1760846657
|move|p2a: Raging Bolt|Thunderclap|p1a: Ogerpon
|-damage|p1a: Ogerpon|40/100
|move|p1a: Ogerpon|Ivy Cudgel|p2a: Raging Bolt|[anim] Ivy Cudgel Water
|-damage|p2a: Raging Bolt|0 fnt
|faint|p2a: Raging Bolt
|-end|p2a: Raging Bolt|Protosynthesis|[silent]
|
|-weather|RainDance|[upkeep]
|upkeep
|
|t:|1760846666
|switch|p2a: Ninetales|Ninetales, M|100/100
|-weather|SunnyDay|[from] ability: Drought|[of] p2a: Ninetales
|turn|12
|
|t:|1760846674
|move|p1a: Ogerpon|Ivy Cudgel|p2a: Ninetales|[anim] Ivy Cudgel Water
|-supereffective|p2a: Ninetales
|-damage|p2a: Ninetales|0 fnt
|faint|p2a: Ninetales
|
|-weather|SunnyDay|[upkeep]
|upkeep
|
|t:|1760846683
|switch|p2a: Lilligant|Lilligant-Hisui, F|100/100
|turn|13
|
|t:|1760846688
|move|p2a: Lilligant|Solar Blade||[still]
|-prepare|p2a: Lilligant|Solar Blade
|-anim|p2a: Lilligant|Solar Blade|p1a: Ogerpon
|-damage|p1a: Ogerpon|0 fnt
|faint|p1a: Ogerpon
|
|-weather|SunnyDay|[upkeep]
|upkeep
|
|t:|1760846696
|switch|p1a: Skeledirge|Skeledirge, F|100/100
|turn|14
|
|t:|1760846704
|switch|p2a: Victreebel|Victreebel, M|100/100
|move|p1a: Skeledirge|Torch Song|p2a: Victreebel
|-supereffective|p2a: Victreebel
|-damage|p2a: Victreebel|16/100
|-boost|p1a: Skeledirge|spa|1
|
|-weather|SunnyDay|[upkeep]
|upkeep
|turn|15
|
|t:|1760846716
|move|p2a: Victreebel|Sucker Punch|p1a: Skeledirge
|-supereffective|p1a: Skeledirge
|-damage|p1a: Skeledirge|69/100
|move|p1a: Skeledirge|Torch Song|p2a: Victreebel
|-supereffective|p2a: Victreebel
|-damage|p2a: Victreebel|0 fnt
|-boost|p1a: Skeledirge|spa|1
|faint|p2a: Victreebel
|
|-weather|SunnyDay|[upkeep]
|-heal|p1a: Skeledirge|75/100|[from] item: Leftovers
|upkeep
|-message|krabby.pabby forfeited.
|
|win|shue5225
|raw|shue5225's rating: 1088 &rarr; <strong>1117</strong><br />(+29 for winning)
|raw|krabby.pabby's rating: 1115 &rarr; <strong>1088</strong><br />(-27 for losing)
|l|☆krabby.pabby
|player|p2|
