|j|☆kantoking1307
|j|☆UnitedDank
|t:|1760738959
|gametype|singles
|player|p1|kantoking1307|shadowtriad|1466
|player|p2|UnitedDank|youngn|1534
|gen|9
|tier|[Gen 9] OU
|rated|
|rule|HP Percentage Mod: HP is shown in percentages
|rule|Endless Battle Clause: Forcing endless battles is banned
|rule|Species Clause: Limit one of each Pokémon
|rule|OHKO Clause: OHKO moves are banned
|rule|Evasion Items Clause: Evasion items are banned
|rule|Evasion Moves Clause: Evasion moves are banned
|rule|Evasion Abilities Clause: Evasion abilities are banned
|rule|Sleep Moves Clause: Sleep-inducing moves are banned
|clearpoke
|poke|p1|Jolteon, M|
|poke|p1|Gyarados, M|
|poke|p1|Arcanine-Hisui, M|
|poke|p1|Corviknight, M|
|poke|p1|Scizor, M|
|poke|p1|Mew|
|poke|p2|Ninetales, F|
|poke|p2|Dragonite, F|
|poke|p2|Cinderace, M|
|poke|p2|Walking Wake|
|poke|p2|Cresselia, F|
|poke|p2|Great Tusk|
|teampreview
|inactive|Battle timer is ON: inactive players will automatically lose when time's up. (requested by UnitedDank)
|
|t:|1760738972
|teamsize|p1|6
|teamsize|p2|6
|start
|switch|p1a: Gyarados|Gyarados, M|100/100
|switch|p2a: Kurama-sama|Ninetales, F|100/100
|-weather|SunnyDay|[from] ability: Drought|[of] p2a: Kurama-sama
|turn|1
|
|t:|1760738985
|switch|p2a: Moonlight Uh|Cresselia, F|100/100
|move|p1a: Gyarados|Dragon Dance|p1a: Gyarados
|-boost|p1a: Gyarados|atk|1
|-boost|p1a: Gyarados|spe|1
|
|-weather|SunnyDay|[upkeep]
|upkeep
|turn|2
|inactive|kantoking1307 has 120 seconds left.
|c|☆UnitedDank|y corv on da kanto team
|inactive|kantoking1307 has 90 seconds left.
|
|t:|1760739075
|-terastallize|p1a: Gyarados|Dragon
|move|p1a: Gyarados|Outrage|p2a: Moonlight Uh
|-damage|p2a: Moonlight Uh|41/100
|-enditem|p2a: Moonlight Uh|Eject Button
|
|t:|1760739086
|switch|p2a: Evil Greg|Dragonite, F|100/100
|
|-weather|SunnyDay|[upkeep]
|upkeep
|turn|3
|
|t:|1760739090
|-terastallize|p2a: Evil Greg|Fairy
|move|p1a: Gyarados|Outrage|p2a: Evil Greg|[from] lockedmove
|-immune|p2a: Evil Greg
|-start|p1a: Gyarados|confusion|[fatigue]
|-enditem|p1a: Gyarados|Lum Berry|[eat]
|-end|p1a: Gyarados|confusion
|move|p2a: Evil Greg|Dragon Dance|p2a: Evil Greg
|-boost|p2a: Evil Greg|atk|1
|-boost|p2a: Evil Greg|spe|1
|
|-weather|SunnyDay|[upkeep]
|upkeep
|turn|4
|
|t:|1760739111
|switch|p1a: Corviknight|Corviknight, M|100/100
|move|p2a: Evil Greg|Tera Blast|p1a: Corviknight|[anim] Tera Blast Fairy
|-resisted|p1a: Corviknight
|-damage|p1a: Corviknight|81/100
|
|-weather|SunnyDay|[upkeep]
|upkeep
|turn|5
|
|t:|1760739125
|switch|p2a: Christiano Robaldo|Cinderace, M|100/100
|move|p1a: Corviknight|U-turn|p2a: Christiano Robaldo
|-resisted|p2a: Christiano Robaldo
|-damage|p2a: Christiano Robaldo|91/100
|
|t:|1760739138
|switch|p1a: Gyarados|Gyarados, M, tera:Dragon|100/100|[from] U-turn
|
|-weather|SunnyDay|[upkeep]
|upkeep
|turn|6
|
|t:|1760739143
|move|p2a: Christiano Robaldo|U-turn|p1a: Gyarados
|-start|p2a: Christiano Robaldo|typechange|Bug|[from] ability: Libero
|-damage|p1a: Gyarados|55/100
|
|t:|1760739153
|switch|p2a: Evil Greg|Dragonite, F, tera:Fairy|100/100|[from] U-turn
|move|p1a: Gyarados|Dragon Dance|p1a: Gyarados
|-boost|p1a: Gyarados|atk|1
|-boost|p1a: Gyarados|spe|1
|
|-weather|SunnyDay|[upkeep]
|upkeep
|turn|7
|inactive|kantoking1307 has 90 seconds left.
|
|t:|1760739160
|move|p1a: Gyarados|Earthquake|p2a: Evil Greg
|-damage|p2a: Evil Greg|70/100
|move|p2a: Evil Greg|Tera Blast|p1a: Gyarados|[anim] Tera Blast Fairy
|-supereffective|p1a: Gyarados
|-damage|p1a: Gyarados|0 fnt
|faint|p1a: Gyarados
|
|-weather|SunnyDay|[upkeep]
|upkeep
|inactive|kantoking1307 has 90 seconds left.
|
|t:|1760739168
|switch|p1a: Scizor|Scizor, M|100/100
|turn|8
|
|t:|1760739173
|switch|p2a: Christiano Robaldo|Cinderace, M|91/100
|move|p1a: Scizor|Bullet Punch|p2a: Christiano Robaldo
|-resisted|p2a: Christiano Robaldo
|-damage|p2a: Christiano Robaldo|54/100
|
|-weather|none
|upkeep
|turn|9
|
|t:|1760739190
|switch|p1a: Jolteon|Jolteon, M|100/100
|move|p2a: Christiano Robaldo|U-turn|p1a: Jolteon
|-start|p2a: Christiano Robaldo|typechange|Bug|[from] ability: Libero
|-damage|p1a: Jolteon|33/100
|
|t:|1760739194
|switch|p2a: Kurama-sama|Ninetales, F|100/100|[from] U-turn
|-weather|SunnyDay|[from] ability: Drought|[of] p2a: Kurama-sama
|
|-weather|SunnyDay|[upkeep]
|upkeep
|turn|10
|
|t:|1760739202
|move|p1a: Jolteon|Shadow Ball|p2a: Kurama-sama
|-crit|p2a: Kurama-sama
|-damage|p2a: Kurama-sama|33/100
|move|p2a: Kurama-sama|Scorching Sands|p1a: Jolteon
|-supereffective|p1a: Jolteon
|-damage|p1a: Jolteon|0 fnt
|faint|p1a: Jolteon
|
|-weather|SunnyDay|[upkeep]
|upkeep
|
|t:|1760739215
|switch|p1a: Arcanine|Arcanine-Hisui, M|100/100
|turn|11
|
|t:|1760739228
|switch|p2a: 2 Much Calcium|Great Tusk|100/100
|-activate|p2a: 2 Much Calcium|ability: Protosynthesis
|-start|p2a: 2 Much Calcium|protosynthesisspe
|move|p1a: Arcanine|Flare Blitz|p2a: 2 Much Calcium
|-damage|p2a: 2 Much Calcium|12/100
|
|-weather|SunnyDay|[upkeep]
|upkeep
|turn|12
|
|t:|1760739236
|switch|p1a: Corviknight|Corviknight, M|81/100
|move|p2a: 2 Much Calcium|Headlong Rush|p1a: Corviknight
|-immune|p1a: Corviknight
|
|-weather|SunnyDay|[upkeep]
|upkeep
|turn|13
|inactive|kantoking1307 has 120 seconds left.
|
|t:|1760739250
|-end|p2a: 2 Much Calcium|Protosynthesis|[silent]
|switch|p2a: Moonlight Uh|Cresselia, F|41/100
|move|p1a: Corviknight|U-turn|p2a: Moonlight Uh
|-supereffective|p2a: Moonlight Uh
|-damage|p2a: Moonlight Uh|23/100
|inactive|kantoking1307 has 120 seconds left.
|inactive|kantoking1307 has 90 seconds left.
|
|t:|1760739293
|switch|p1a: Scizor|Scizor, M|100/100|[from] U-turn
|
|-weather|SunnyDay|[upkeep]
|upkeep
|turn|14
|
|t:|1760739309
|move|p2a: Moonlight Uh|Lunar Dance|p2a: Moonlight Uh
|faint|p2a: Moonlight Uh
|move|p1a: Scizor|U-turn|p2: Moonlight Uh|[notarget]
|-fail|p1a: Scizor
|
|-weather|SunnyDay|[upkeep]
|upkeep
|
|t:|1760739315
|switch|p2a: Kurama-sama|Ninetales, F|33/100
|-heal|p2a: Kurama-sama|100/100|[from] move: Lunar Dance
|turn|15
|
|t:|1760739327
|move|p2a: Kurama-sama|Overheat|p1a: Scizor
|-supereffective|p1a: Scizor
|-damage|p1a: Scizor|0 fnt
|-unboost|p2a: Kurama-sama|spa|2
|faint|p1a: Scizor
|
|-weather|SunnyDay|[upkeep]
|upkeep
|
|t:|1760739337
|switch|p1a: Arcanine|Arcanine-Hisui, M|100/100
|turn|16
|
|t:|1760739350
|switch|p2a: 2 Much Calcium|Great Tusk|12/100
|-activate|p2a: 2 Much Calcium|ability: Protosynthesis
|-start|p2a: 2 Much Calcium|protosynthesisspe
|move|p1a: Arcanine|Head Smash|p2a: 2 Much Calcium
|-resisted|p2a: 2 Much Calcium
|-damage|p2a: 2 Much Calcium|0 fnt
|faint|p2a: 2 Much Calcium
|-end|p2a: 2 Much Calcium|Protosynthesis|[silent]
|
|-weather|none
|upkeep
|
|t:|1760739353
|switch|p2a: Kurama-sama|Ninetales, F|100/100
|-weather|SunnyDay|[from] ability: Drought|[of] p2a: Kurama-sama
|turn|17
|inactive|kantoking1307 has 120 seconds left.
|
|t:|1760739364
|switch|p2a: Christiano Robaldo|Cinderace, M|54/100
|move|p1a: Arcanine|Head Smash|p2a: Christiano Robaldo
|-supereffective|p2a: Christiano Robaldo
|-damage|p2a: Christiano Robaldo|0 fnt
|faint|p2a: Christiano Robaldo
|
|-weather|SunnyDay|[upkeep]
|upkeep
|
|t:|1760739366
|switch|p2a: Wakey Slush|Walking Wake|100/100
|-activate|p2a: Wakey Slush|ability: Protosynthesis
|-start|p2a: Wakey Slush|protosynthesisspa
|turn|18
|inactive|kantoking1307 has 120 seconds left.
|
|t:|1760739377
|switch|p1a: Corviknight|Corviknight, M|81/100
|move|p2a: Wakey Slush|Hydro Steam|p1a: Corviknight
|-damage|p1a: Corviknight|0 fnt
|faint|p1a: Corviknight
|
|-weather|SunnyDay|[upkeep]
|upkeep
|inactive|kantoking1307 has 120 seconds left.
|
|t:|1760739385
|switch|p1a: Mew|Mew, shiny|100/100
|turn|19
|inactive|kantoking1307 has 120 seconds left.
|
|t:|1760739399
|move|p2a: Wakey Slush|Hydro Steam|p1a: Mew
|-damage|p1a: Mew|0 fnt
|faint|p1a: Mew
|
|-weather|SunnyDay|[upkeep]
|upkeep
|
|t:|1760739404
|switch|p1a: Arcanine|Arcanine-Hisui, M|100/100
|turn|20
|
|t:|1760739408
|move|p1a: Arcanine|Extreme Speed|p2a: Wakey Slush
|-damage|p2a: Wakey Slush|52/100
|move|p2a: Wakey Slush|Hydro Steam|p1a: Arcanine
|-supereffective|p1a: Arcanine
|-damage|p1a: Arcanine|0 fnt
|faint|p1a: Arcanine
|
|win|UnitedDank
|raw|kantoking1307's rating: 1466 &rarr; <strong>1450</strong><br />(-16 for losing)
|raw|UnitedDank's rating: 1534 &rarr; <strong>1550</strong><br />(+16 for winning)
|l|☆UnitedDank
|player|p2|
|l|☆kantoking1307
|player|p1|
