|j|☆Lunartaiga
|j|☆Nani_Zak
|t:|1760850125
|gametype|singles
|player|p1|Lunartaiga|volkner|1160
|player|p2|Nani_Zak|101|1163
|gen|9
|tier|[Gen 9] OU
|rated|
|rule|HP Percentage Mod: HP is shown in percentages
|rule|Endless Battle Clause: Forcing endless battles is banned
|rule|Species Clause: Limit one of each Pokémon
|rule|OHKO Clause: OHKO moves are banned
|rule|Evasion Items Clause: Evasion items are banned
|rule|Evasion Moves Clause: Evasion moves are banned
|rule|Evasion Abilities Clause: Evasion abilities are banned
|rule|Sleep Moves Clause: Sleep-inducing moves are banned
|clearpoke
|poke|p1|Blaziken, M|
|poke|p1|Hatterene, F|
|poke|p1|Kommo-o, M|
|poke|p1|Meowscarada, M|
|poke|p1|Cinderace, M|
|poke|p1|Froslass, F|
|poke|p2|Lucario, M|
|poke|p2|Rillaboom, F|
|poke|p2|Gyarados, F|
|poke|p2|Gastrodon-East, M|
|poke|p2|Goodra-Hisui, F|
|poke|p2|Necrozma|
|teampreview
|inactive|Battle timer is ON: inactive players will automatically lose when time's up. (requested by Lunartaiga)
|
|t:|1760850144
|teamsize|p1|6
|teamsize|p2|6
|start
|switch|p1a: Kommo-o|Kommo-o, M|100/100
|switch|p2a: Gyarados|Gyarados, F, shiny|100/100
|-ability|p2a: Gyarados|Intimidate|boost
|-unboost|p1a: Kommo-o|atk|1
|turn|1
|
|t:|1760850156
|move|p1a: Kommo-o|Clangorous Soul|p1a: Kommo-o
|-boost|p1a: Kommo-o|atk|1
|-boost|p1a: Kommo-o|def|1
|-boost|p1a: Kommo-o|spa|1
|-boost|p1a: Kommo-o|spd|1
|-boost|p1a: Kommo-o|spe|1
|-damage|p1a: Kommo-o|68/100
|move|p2a: Gyarados|Dragon Dance|p2a: Gyarados
|-boost|p2a: Gyarados|atk|1
|-boost|p2a: Gyarados|spe|1
|
|upkeep
|turn|2
|
|t:|1760850165
|-terastallize|p1a: Kommo-o|Dragon
|move|p1a: Kommo-o|Clanging Scales|p2a: Gyarados
|-damage|p2a: Gyarados|3/100
|-unboost|p1a: Kommo-o|def|1
|move|p2a: Gyarados|Dragon Dance|p2a: Gyarados
|-boost|p2a: Gyarados|atk|1
|-boost|p2a: Gyarados|spe|1
|
|upkeep
|turn|3
|
|t:|1760850172
|-terastallize|p2a: Gyarados|Water
|move|p2a: Gyarados|Earthquake|p1a: Kommo-o
|-damage|p1a: Kommo-o|1/100
|move|p1a: Kommo-o|Clanging Scales|p2a: Gyarados
|-damage|p2a: Gyarados|0 fnt
|faint|p2a: Gyarados
|-unboost|p1a: Kommo-o|def|1
|
|upkeep
|
|t:|1760850177
|switch|p2a: Rillaboom|Rillaboom, F|100/100
|-fieldstart|move: Grassy Terrain|[from] ability: Grassy Surge|[of] p2a: Rillaboom
|turn|4
|
|t:|1760850183
|move|p2a: Rillaboom|Fake Out|p1a: Kommo-o
|-damage|p1a: Kommo-o|0 fnt
|faint|p1a: Kommo-o
|
|upkeep
|
|t:|1760850186
|switch|p1a: Blaziken|Blaziken, M|100/100
|turn|5
|
|t:|1760850190
|move|p2a: Rillaboom|Earthquake|p1a: Blaziken
|-supereffective|p1a: Blaziken
|-damage|p1a: Blaziken|47/100
|move|p1a: Blaziken|Swords Dance|p1a: Blaziken
|-boost|p1a: Blaziken|atk|2
|
|-heal|p1a: Blaziken|53/100|[from] Grassy Terrain
|-ability|p1a: Blaziken|Speed Boost|boost
|-boost|p1a: Blaziken|spe|1
|upkeep
|turn|6
|
|t:|1760850196
|move|p1a: Blaziken|Flare Blitz|p2a: Rillaboom
|-supereffective|p2a: Rillaboom
|-damage|p2a: Rillaboom|0 fnt
|faint|p2a: Rillaboom
|-damage|p1a: Blaziken|15/100|[from] Recoil
|
|-heal|p1a: Blaziken|21/100|[from] Grassy Terrain
|-ability|p1a: Blaziken|Speed Boost|boost
|-boost|p1a: Blaziken|spe|1
|upkeep
|
|t:|1760850200
|switch|p2a: Lucario|Lucario, M|100/100
|-enditem|p2a: Lucario|Grassy Seed
|-boost|p2a: Lucario|def|1|[from] item: Grassy Seed
|turn|7
|
|t:|1760850211
|move|p2a: Lucario|Extreme Speed|p1a: Blaziken
|-damage|p1a: Blaziken|0 fnt
|faint|p1a: Blaziken
|
|upkeep
|
|t:|1760850216
|switch|p1a: Cinderace|Cinderace, M|100/100
|turn|8
|
|t:|1760850220
|move|p2a: Lucario|Extreme Speed|p1a: Cinderace
|-damage|p1a: Cinderace|65/100
|move|p1a: Cinderace|Pyro Ball|p2a: Lucario
|-supereffective|p2a: Lucario
|-damage|p2a: Lucario|3/100
|
|-heal|p1a: Cinderace|71/100|[from] Grassy Terrain
|-heal|p2a: Lucario|10/100|[from] Grassy Terrain
|upkeep
|turn|9
|
|t:|1760850226
|move|p2a: Lucario|Extreme Speed|p1a: Cinderace
|-damage|p1a: Cinderace|29/100
|move|p1a: Cinderace|U-turn|p2a: Lucario
|-start|p1a: Cinderace|typechange|Bug|[from] ability: Libero
|-resisted|p2a: Lucario
|-damage|p2a: Lucario|2/100
|
|t:|1760850236
|switch|p1a: Froslass|Froslass, F|100/100|[from] U-turn
|
|-heal|p2a: Lucario|9/100|[from] Grassy Terrain
|upkeep
|turn|10
|
|t:|1760850243
|move|p2a: Lucario|Bullet Punch|p1a: Froslass
|-supereffective|p1a: Froslass
|-damage|p1a: Froslass|28/100
|move|p1a: Froslass|Shadow Ball|p2a: Lucario
|-damage|p2a: Lucario|0 fnt
|faint|p2a: Lucario
|
|-heal|p1a: Froslass|34/100|[from] Grassy Terrain
|upkeep
|
|t:|1760850252
|switch|p2a: Necrozma|Necrozma, shiny|100/100
|turn|11
|
|t:|1760850256
|move|p1a: Froslass|Shadow Ball|p2a: Necrozma
|-supereffective|p2a: Necrozma
|-damage|p2a: Necrozma|20/100
|-unboost|p2a: Necrozma|spd|1
|-enditem|p2a: Necrozma|Salac Berry|[eat]
|-boost|p2a: Necrozma|spe|1|[from] item: Salac Berry
|move|p2a: Necrozma|Calm Mind|p2a: Necrozma
|-boost|p2a: Necrozma|spa|1
|-boost|p2a: Necrozma|spd|1
|
|-heal|p2a: Necrozma|26/100|[from] Grassy Terrain
|-heal|p1a: Froslass|40/100|[from] Grassy Terrain
|-fieldend|move: Grassy Terrain
|upkeep
|turn|12
|
|t:|1760850266
|move|p2a: Necrozma|Heat Wave|p1a: Froslass|[miss]
|-miss|p2a: Necrozma|p1a: Froslass
|move|p1a: Froslass|Shadow Ball|p2a: Necrozma
|-supereffective|p2a: Necrozma
|-damage|p2a: Necrozma|0 fnt
|faint|p2a: Necrozma
|
|upkeep
|
|t:|1760850272
|switch|p2a: Goodra|Goodra-Hisui, F|100/100
|turn|13
|
|t:|1760850287
|switch|p1a: Cinderace|Cinderace, M|29/100
|move|p2a: Goodra|Flamethrower|p1a: Cinderace
|-resisted|p1a: Cinderace
|-damage|p1a: Cinderace|6/100
|
|upkeep
|turn|14
|
|t:|1760850293
|move|p1a: Cinderace|High Jump Kick|p2a: Goodra
|-start|p1a: Cinderace|typechange|Fighting|[from] ability: Libero
|-supereffective|p2a: Goodra
|-damage|p2a: Goodra|0 fnt
|faint|p2a: Goodra
|
|upkeep
|
|t:|1760850296
|switch|p2a: Gastrodon|Gastrodon-East, M|100/100
|turn|15
|
|t:|1760850300
|move|p1a: Cinderace|High Jump Kick|p2a: Gastrodon
|-damage|p2a: Gastrodon|33/100
|move|p2a: Gastrodon|Sludge Bomb|p1a: Cinderace
|-damage|p1a: Cinderace|0 fnt
|faint|p1a: Cinderace
|
|-heal|p2a: Gastrodon|39/100|[from] item: Leftovers
|upkeep
|
|t:|1760850304
|switch|p1a: Froslass|Froslass, F|40/100
|turn|16
|
|t:|1760850312
|move|p1a: Froslass|Shadow Ball|p2a: Gastrodon
|-crit|p2a: Gastrodon
|-damage|p2a: Gastrodon|0 fnt
|faint|p2a: Gastrodon
|
|win|Lunartaiga
|raw|Lunartaiga's rating: 1160 &rarr; <strong>1185</strong><br />(+25 for winning)
|raw|Nani_Zak's rating: 1163 &rarr; <strong>1138</strong><br />(-25 for losing)
|l|☆Nani_Zak
|player|p2|
|l|☆Lunartaiga
|player|p1|
