|j|☆hylid3
|j|☆DurantLatios拉帝欧斯侠
|t:|1760796781
|gametype|singles
|player|p1|hylid3|blackbelt-gen4dp|1316
|player|p2|DurantLatios拉帝欧斯侠|265|1382
|gen|9
|tier|[Gen 9] OU
|rated|
|rule|HP Percentage Mod: HP is shown in percentages
|rule|Endless Battle Clause: Forcing endless battles is banned
|rule|Species Clause: Limit one of each Pokémon
|rule|OHKO Clause: OHKO moves are banned
|rule|Evasion Items Clause: Evasion items are banned
|rule|Evasion Moves Clause: Evasion moves are banned
|rule|Evasion Abilities Clause: Evasion abilities are banned
|rule|Sleep Moves Clause: Sleep-inducing moves are banned
|clearpoke
|poke|p1|Garchomp, F|
|poke|p1|Great Tusk|
|poke|p1|Gholdengo|
|poke|p1|Darkrai|
|poke|p1|Iron Hands|
|poke|p1|Zamazenta-*|
|poke|p2|Iron Valiant|
|poke|p2|Raging Bolt|
|poke|p2|Glimmora, F|
|poke|p2|Great Tusk|
|poke|p2|Moltres|
|poke|p2|Iron Crown|
|teampreview
|inactive|Battle timer is ON: inactive players will automatically lose when time's up. (requested by hylid3)
|
|t:|1760796800
|teamsize|p1|6
|teamsize|p2|6
|start
|switch|p1a: Psygrofai|Iron Hands|100/100
|switch|p2a: Glimmora|Glimmora, F|100/100
|-enditem|p1a: Psygrofai|Booster Energy
|-activate|p1a: Psygrofai|ability: Quark Drive|[fromitem]
|-start|p1a: Psygrofai|quarkdriveatk
|turn|1
|
|t:|1760796817
|move|p2a: Glimmora|Stealth Rock|p1a: Psygrofai
|-sidestart|p1: hylid3|move: Stealth Rock
|move|p1a: Psygrofai|Swords Dance|p1a: Psygrofai
|-boost|p1a: Psygrofai|atk|2
|
|upkeep
|turn|2
|
|t:|1760796825
|move|p2a: Glimmora|Earth Power|p1a: Psygrofai
|-supereffective|p1a: Psygrofai
|-damage|p1a: Psygrofai|44/100
|move|p1a: Psygrofai|Drain Punch|p2a: Glimmora
|-enditem|p2a: Glimmora|Focus Sash
|-damage|p2a: Glimmora|1/100
|-heal|p1a: Psygrofai|74/100|[from] drain|[of] p2a: Glimmora
|-activate|p2a: Glimmora|ability: Toxic Debris
|-sidestart|p1: hylid3|move: Toxic Spikes
|
|upkeep
|turn|3
|
|t:|1760796833
|move|p2a: Glimmora|Earth Power|p1a: Psygrofai
|-supereffective|p1a: Psygrofai
|-damage|p1a: Psygrofai|20/100
|move|p1a: Psygrofai|Ice Punch|p2a: Glimmora
|-damage|p2a: Glimmora|0 fnt
|-activate|p2a: Glimmora|ability: Toxic Debris
|-sidestart|p1: hylid3|move: Toxic Spikes
|faint|p2a: Glimmora
|
|upkeep
|
|t:|1760796843
|switch|p2a: Great Tusk|Great Tusk|100/100
|-enditem|p2a: Great Tusk|Booster Energy
|-activate|p2a: Great Tusk|ability: Protosynthesis|[fromitem]
|-start|p2a: Great Tusk|protosynthesisatk
|turn|4
|
|t:|1760796851
|move|p2a: Great Tusk|Rapid Spin|p1a: Psygrofai
|-crit|p1a: Psygrofai
|-damage|p1a: Psygrofai|0 fnt
|-boost|p2a: Great Tusk|spe|1
|faint|p1a: Psygrofai
|-end|p1a: Psygrofai|Quark Drive|[silent]
|
|upkeep
|
|t:|1760796852
|switch|p1a: Great Tusk|Great Tusk|100/100
|-damage|p1a: Great Tusk|98/100|[from] Stealth Rock
|-status|p1a: Great Tusk|tox
|-enditem|p1a: Great Tusk|Booster Energy
|-activate|p1a: Great Tusk|ability: Protosynthesis|[fromitem]
|-start|p1a: Great Tusk|protosynthesisatk
|turn|5
|
|t:|1760796862
|move|p2a: Great Tusk|Ice Spinner|p1a: Great Tusk
|-supereffective|p1a: Great Tusk
|-damage|p1a: Great Tusk|46/100 tox
|move|p1a: Great Tusk|Rapid Spin|p2a: Great Tusk
|-damage|p2a: Great Tusk|84/100
|-boost|p1a: Great Tusk|spe|1
|-sideend|p1: hylid3|Toxic Spikes|[from] move: Rapid Spin|[of] p1a: Great Tusk
|-sideend|p1: hylid3|Stealth Rock|[from] move: Rapid Spin|[of] p1a: Great Tusk
|
|-damage|p1a: Great Tusk|40/100 tox|[from] psn
|upkeep
|turn|6
|
|t:|1760796869
|move|p2a: Great Tusk|Ice Spinner|p1a: Great Tusk
|-supereffective|p1a: Great Tusk
|-crit|p1a: Great Tusk
|-damage|p1a: Great Tusk|0 fnt
|faint|p1a: Great Tusk
|-end|p1a: Great Tusk|Protosynthesis|[silent]
|
|upkeep
|
|t:|1760796879
|switch|p1a: Gholdengo|Gholdengo|100/100
|turn|7
|
|t:|1760796885
|move|p2a: Great Tusk|Headlong Rush|p1a: Gholdengo
|-supereffective|p1a: Gholdengo
|-damage|p1a: Gholdengo|0 fnt
|-unboost|p2a: Great Tusk|def|1
|-unboost|p2a: Great Tusk|spd|1
|-damage|p2a: Great Tusk|67/100|[from] item: Rocky Helmet|[of] p1a: Gholdengo
|faint|p1a: Gholdengo
|
|upkeep
|
|t:|1760796889
|switch|p1a: Darkrai|Darkrai|100/100
|turn|8
|
|t:|1760796896
|move|p1a: Darkrai|Ice Beam|p2a: Great Tusk
|-supereffective|p2a: Great Tusk
|-damage|p2a: Great Tusk|0 fnt
|faint|p2a: Great Tusk
|-end|p2a: Great Tusk|Protosynthesis|[silent]
|
|upkeep
|
|t:|1760796902
|switch|p2a: Iron Valiant|Iron Valiant|100/100
|-enditem|p2a: Iron Valiant|Booster Energy
|-activate|p2a: Iron Valiant|ability: Quark Drive|[fromitem]
|-start|p2a: Iron Valiant|quarkdrivespe
|turn|9
|
|t:|1760796905
|switch|p1a: Garchomp|Garchomp, F|100/100
|move|p2a: Iron Valiant|Swords Dance|p2a: Iron Valiant
|-boost|p2a: Iron Valiant|atk|2
|
|upkeep
|turn|10
|
|t:|1760796908
|move|p2a: Iron Valiant|Spirit Break|p1a: Garchomp
|-supereffective|p1a: Garchomp
|-damage|p1a: Garchomp|0 fnt
|-damage|p2a: Iron Valiant|88/100|[from] ability: Rough Skin|[of] p1a: Garchomp
|faint|p1a: Garchomp
|
|upkeep
|
|t:|1760796909
|switch|p1a: Darkrai|Darkrai|100/100
|turn|11
|
|t:|1760796911
|move|p1a: Darkrai|Sludge Bomb|p2a: Iron Valiant
|-supereffective|p2a: Iron Valiant
|-damage|p2a: Iron Valiant|0 fnt
|faint|p2a: Iron Valiant
|-end|p2a: Iron Valiant|Quark Drive|[silent]
|
|upkeep
|
|t:|1760796915
|switch|p2a: Iron Crown|Iron Crown|100/100
|-enditem|p2a: Iron Crown|Booster Energy
|-activate|p2a: Iron Crown|ability: Quark Drive|[fromitem]
|-start|p2a: Iron Crown|quarkdrivespe
|turn|12
|
|t:|1760796919
|switch|p1a: Psyflyfai|Zamazenta|100/100
|-ability|p1a: Psyflyfai|Dauntless Shield|boost
|-boost|p1a: Psyflyfai|def|1
|move|p2a: Iron Crown|Psyshock|p1a: Psyflyfai
|-supereffective|p1a: Psyflyfai
|-damage|p1a: Psyflyfai|59/100
|
|-heal|p1a: Psyflyfai|66/100|[from] item: Leftovers
|upkeep
|turn|13
|
|t:|1760796923
|-terastallize|p1a: Psyflyfai|Dark
|move|p2a: Iron Crown|Calm Mind|p2a: Iron Crown
|-boost|p2a: Iron Crown|spa|1
|-boost|p2a: Iron Crown|spd|1
|move|p1a: Psyflyfai|Crunch|p2a: Iron Crown
|-supereffective|p2a: Iron Crown
|-damage|p2a: Iron Crown|37/100
|
|-heal|p1a: Psyflyfai|72/100|[from] item: Leftovers
|upkeep
|turn|14
|
|t:|1760796931
|move|p2a: Iron Crown|Focus Blast|p1a: Psyflyfai
|-supereffective|p1a: Psyflyfai
|-damage|p1a: Psyflyfai|0 fnt
|faint|p1a: Psyflyfai
|
|upkeep
|
|t:|1760796933
|switch|p1a: Darkrai|Darkrai|100/100
|turn|15
|
|t:|1760796943
|move|p1a: Darkrai|Dark Pulse|p2a: Iron Crown
|-supereffective|p2a: Iron Crown
|-damage|p2a: Iron Crown|0 fnt
|faint|p2a: Iron Crown
|-end|p2a: Iron Crown|Quark Drive|[silent]
|
|upkeep
|
|t:|1760796945
|switch|p2a: Raging Bolt|Raging Bolt|100/100
|turn|16
|
|t:|1760796950
|-terastallize|p2a: Raging Bolt|Fairy
|move|p1a: Darkrai|Dark Pulse|p2a: Raging Bolt
|-resisted|p2a: Raging Bolt
|-damage|p2a: Raging Bolt|79/100
|move|p2a: Raging Bolt|Thunderbolt|p1a: Darkrai
|-damage|p1a: Darkrai|0 fnt
|faint|p1a: Darkrai
|
|win|DurantLatios拉帝欧斯侠
|raw|hylid3's rating: 1316 &rarr; <strong>1300</strong><br />(-16 for losing)
|raw|DurantLatios拉帝欧斯侠's rating: 1382 &rarr; <strong>1398</strong><br />(+16 for winning)
