|j|☆Sunshinne
|j|☆AjonymousNon
|t:|1760886667
|gametype|singles
|player|p1|Sunshinne|caitlin|1702
|player|p2|AjonymousNon|workerice|1684
|gen|9
|tier|[Gen 9] OU
|rated|
|rule|HP Percentage Mod: HP is shown in percentages
|rule|Endless Battle Clause: Forcing endless battles is banned
|rule|Species Clause: Limit one of each Pokémon
|rule|OHKO Clause: OHKO moves are banned
|rule|Evasion Items Clause: Evasion items are banned
|rule|Evasion Moves Clause: Evasion moves are banned
|rule|Evasion Abilities Clause: Evasion abilities are banned
|rule|Sleep Moves Clause: Sleep-inducing moves are banned
|clearpoke
|poke|p1|Ribombee, F|
|poke|p1|Glimmora, F|
|poke|p1|Manaphy|
|poke|p1|Zamazenta-*|
|poke|p1|Gholdengo|
|poke|p1|Kingambit, F|
|poke|p2|Great Tusk|
|poke|p2|Ogerpon-Cornerstone, F|
|poke|p2|Rillaboom, M|
|poke|p2|Tyranitar, F|
|poke|p2|Corviknight, F|
|poke|p2|Dragapult, M|
|teampreview
|inactive|Battle timer is ON: inactive players will automatically lose when time's up. (requested by Sunshinne)
|inactive|AjonymousNon also wants the timer to be on.
|j| alyamasha
|
|t:|1760886680
|teamsize|p1|6
|teamsize|p2|6
|start
|switch|p1a: Glimmora|Glimmora, F|100/100
|switch|p2a: Tyranitar|Tyranitar, F|100/100
|-weather|Sandstorm|[from] ability: Sand Stream|[of] p2a: Tyranitar
|turn|1
|j| wgw2333
|
|t:|1760886685
|move|p1a: Glimmora|Meteor Beam||[still]
|-prepare|p1a: Glimmora|Meteor Beam
|-boost|p1a: Glimmora|spa|1
|-enditem|p1a: Glimmora|Power Herb
|-anim|p1a: Glimmora|Meteor Beam|p2a: Tyranitar
|-damage|p2a: Tyranitar|56/100
|move|p2a: Tyranitar|Roar|p1a: Glimmora
|drag|p1a: Gholdengo|Gholdengo|100/100
|-item|p1a: Gholdengo|Air Balloon
|
|-weather|Sandstorm|[upkeep]
|-heal|p2a: Tyranitar|63/100|[from] item: Leftovers
|upkeep
|turn|2
|
|t:|1760886696
|move|p1a: Gholdengo|Make It Rain|p2a: Tyranitar
|-supereffective|p2a: Tyranitar
|-damage|p2a: Tyranitar|8/100
|-unboost|p1a: Gholdengo|spa|1
|move|p2a: Tyranitar|Knock Off|p1a: Gholdengo
|-supereffective|p1a: Gholdengo
|-damage|p1a: Gholdengo|20/100
|-enditem|p1a: Gholdengo|Air Balloon
|
|-weather|Sandstorm|[upkeep]
|-heal|p2a: Tyranitar|14/100|[from] item: Leftovers
|upkeep
|turn|3
|
|t:|1760886716
|switch|p2a: Great Tusk|Great Tusk|100/100
|move|p1a: Gholdengo|Make It Rain|p2a: Great Tusk
|-damage|p2a: Great Tusk|74/100
|-unboost|p1a: Gholdengo|spa|1
|
|-weather|Sandstorm|[upkeep]
|upkeep
|turn|4
|l|☆AjonymousNon
|inactive|AjonymousNon disconnected and has a minute to reconnect!
|player|p2|
|l| alyamasha
|j|☆AjonymousNon
|inactive|AjonymousNon reconnected and has 105 seconds left.
|player|p2|AjonymousNon|workerice|
|
|t:|1760886762
|move|p1a: Gholdengo|Make It Rain|p2a: Great Tusk
|-damage|p2a: Great Tusk|53/100
|-unboost|p1a: Gholdengo|spa|1
|move|p2a: Great Tusk|Headlong Rush|p1a: Gholdengo
|-supereffective|p1a: Gholdengo
|-damage|p1a: Gholdengo|0 fnt
|-unboost|p2a: Great Tusk|def|1
|-unboost|p2a: Great Tusk|spd|1
|faint|p1a: Gholdengo
|
|-weather|Sandstorm|[upkeep]
|upkeep
|
|t:|1760886784
|switch|p1a: Ribombee|Ribombee, F|100/100
|turn|5
|j| jsnsddk
|
|t:|1760886792
|move|p1a: Ribombee|Sticky Web|p2a: Great Tusk
|-sidestart|p2: AjonymousNon|move: Sticky Web
|move|p2a: Great Tusk|Rapid Spin|p1a: Ribombee
|-damage|p1a: Ribombee|72/100
|-boost|p2a: Great Tusk|spe|1
|-sideend|p2: AjonymousNon|Sticky Web|[from] move: Rapid Spin|[of] p2a: Great Tusk
|
|-weather|none
|upkeep
|turn|6
|
|t:|1760886802
|move|p1a: Ribombee|Sticky Web|p2a: Great Tusk
|-sidestart|p2: AjonymousNon|move: Sticky Web
|move|p2a: Great Tusk|Rapid Spin|p1a: Ribombee
|-damage|p1a: Ribombee|44/100
|-boost|p2a: Great Tusk|spe|1
|-sideend|p2: AjonymousNon|Sticky Web|[from] move: Rapid Spin|[of] p2a: Great Tusk
|
|upkeep
|turn|7
|
|t:|1760886805
|switch|p1a: Zamazenta|Zamazenta|100/100
|-ability|p1a: Zamazenta|Dauntless Shield|boost
|-boost|p1a: Zamazenta|def|1
|move|p2a: Great Tusk|Rapid Spin|p1a: Zamazenta
|-crit|p1a: Zamazenta
|-damage|p1a: Zamazenta|81/100
|-boost|p2a: Great Tusk|spe|1
|-enditem|p1a: Zamazenta|Mirror Herb
|-boost|p1a: Zamazenta|spe|1|[from] item: Mirror Herb
|
|upkeep
|turn|8
|
|t:|1760886810
|-end|p2a: Great Tusk|Protosynthesis|[silent]
|switch|p2a: Corviknight|Corviknight, F|100/100
|-ability|p2a: Corviknight|Pressure
|move|p1a: Zamazenta|Iron Defense|p1a: Zamazenta
|-boost|p1a: Zamazenta|def|2
|
|upkeep
|turn|9
|
|t:|1760886814
|move|p1a: Zamazenta|Iron Defense|p1a: Zamazenta
|-boost|p1a: Zamazenta|def|2
|move|p2a: Corviknight|U-turn|p1a: Zamazenta
|-resisted|p1a: Zamazenta
|-damage|p1a: Zamazenta|79/100
|
|t:|1760886816
|switch|p2a: Dragapult|Dragapult, M|100/100|[from] U-turn
|
|upkeep
|turn|10
|
|t:|1760886820
|-terastallize|p1a: Zamazenta|Fire
|move|p1a: Zamazenta|Iron Head|p2a: Dragapult
|-damage|p2a: Dragapult|68/100
|move|p2a: Dragapult|Will-O-Wisp|p1a: Zamazenta
|-immune|p1a: Zamazenta
|
|-heal|p2a: Dragapult|74/100|[from] item: Leftovers
|upkeep
|turn|11
|
|t:|1760886827
|switch|p2a: Corviknight|Corviknight, F|100/100
|-ability|p2a: Corviknight|Pressure
|move|p1a: Zamazenta|Iron Head|p2a: Corviknight
|-resisted|p2a: Corviknight
|-damage|p2a: Corviknight|94/100
|-damage|p1a: Zamazenta|63/100|[from] item: Rocky Helmet|[of] p2a: Corviknight
|
|upkeep
|turn|12
|
|t:|1760886832
|switch|p2a: Tyranitar|Tyranitar, F|14/100
|-weather|Sandstorm|[from] ability: Sand Stream|[of] p2a: Tyranitar
|move|p1a: Zamazenta|Body Press|p2a: Tyranitar
|-supereffective|p2a: Tyranitar
|-damage|p2a: Tyranitar|0 fnt
|faint|p2a: Tyranitar
|
|-weather|Sandstorm|[upkeep]
|-damage|p1a: Zamazenta|57/100|[from] Sandstorm
|upkeep
|l|☆AjonymousNon
|inactive|AjonymousNon disconnected and has a minute to reconnect!
|player|p2|
|j|☆AjonymousNon
|inactive|AjonymousNon reconnected and has 115 seconds left.
|player|p2|AjonymousNon|workerice|
|
|t:|1760886890
|switch|p2a: Dragapult|Dragapult, M|74/100
|turn|13
|
|t:|1760886904
|move|p1a: Zamazenta|Iron Head|p2a: Dragapult
|-damage|p2a: Dragapult|38/100
|cant|p2a: Dragapult|flinch
|
|-weather|Sandstorm|[upkeep]
|-damage|p1a: Zamazenta|51/100|[from] Sandstorm
|-damage|p2a: Dragapult|31/100|[from] Sandstorm
|-heal|p2a: Dragapult|38/100|[from] item: Leftovers
|upkeep
|turn|14
|
|t:|1760886909
|switch|p2a: Corviknight|Corviknight, F|94/100
|-ability|p2a: Corviknight|Pressure
|move|p1a: Zamazenta|Iron Head|p2a: Corviknight
|-resisted|p2a: Corviknight
|-damage|p2a: Corviknight|87/100
|-damage|p1a: Zamazenta|34/100|[from] item: Rocky Helmet|[of] p2a: Corviknight
|
|-weather|Sandstorm|[upkeep]
|-damage|p1a: Zamazenta|28/100|[from] Sandstorm
|upkeep
|turn|15
|
|t:|1760886918
|move|p1a: Zamazenta|Stone Edge|p2a: Corviknight
|-damage|p2a: Corviknight|70/100
|move|p2a: Corviknight|Roost|p2a: Corviknight
|-heal|p2a: Corviknight|100/100
|-singleturn|p2a: Corviknight|move: Roost
|
|-weather|Sandstorm|[upkeep]
|-damage|p1a: Zamazenta|22/100|[from] Sandstorm
|upkeep
|turn|16
|inactive|AjonymousNon has 120 seconds left.
|
|t:|1760886931
|move|p1a: Zamazenta|Body Press|p2a: Corviknight
|-damage|p2a: Corviknight|25/100
|-damage|p1a: Zamazenta|5/100|[from] item: Rocky Helmet|[of] p2a: Corviknight
|move|p2a: Corviknight|Roost|p2a: Corviknight
|-heal|p2a: Corviknight|75/100
|-singleturn|p2a: Corviknight|move: Roost
|
|-weather|none
|upkeep
|turn|17
|inactive|AjonymousNon has 120 seconds left.
|
|t:|1760886941
|switch|p2a: Dragapult|Dragapult, M|38/100
|move|p1a: Zamazenta|Body Press|p2a: Dragapult
|-immune|p2a: Dragapult
|
|-heal|p2a: Dragapult|44/100|[from] item: Leftovers
|upkeep
|turn|18
|
|t:|1760886944
|move|p1a: Zamazenta|Stone Edge|p2a: Dragapult|[miss]
|-miss|p1a: Zamazenta|p2a: Dragapult
|move|p2a: Dragapult|Hex|p1a: Zamazenta
|-damage|p1a: Zamazenta|0 fnt
|faint|p1a: Zamazenta
|
|-heal|p2a: Dragapult|50/100|[from] item: Leftovers
|upkeep
|
|t:|1760886946
|switch|p1a: Ribombee|Ribombee, F|44/100
|turn|19
|
|t:|1760886958
|switch|p1a: Kingambit|Kingambit, F|100/100
|-activate|p1a: Kingambit|ability: Supreme Overlord
|-start|p1a: Kingambit|fallen2|[silent]
|move|p2a: Dragapult|Hex|p1a: Kingambit
|-resisted|p1a: Kingambit
|-damage|p1a: Kingambit|86/100
|
|-heal|p2a: Dragapult|56/100|[from] item: Leftovers
|-heal|p1a: Kingambit|93/100|[from] item: Leftovers
|upkeep
|turn|20
|j| FaronAan
|j| iamfrhaan007
|
|t:|1760886972
|move|p2a: Dragapult|Will-O-Wisp|p1a: Kingambit
|-status|p1a: Kingambit|brn
|move|p1a: Kingambit|Kowtow Cleave|p2a: Dragapult
|-supereffective|p2a: Dragapult
|-damage|p2a: Dragapult|0 fnt
|faint|p2a: Dragapult
|
|-heal|p1a: Kingambit|99/100 brn|[from] item: Leftovers
|-damage|p1a: Kingambit|93/100 brn|[from] brn
|upkeep
|
|t:|1760886979
|switch|p2a: Great Tusk|Great Tusk|53/100
|turn|21
|
|t:|1760886987
|-end|p1a: Kingambit|fallen2|[silent]
|switch|p1a: Ribombee|Ribombee, F|44/100
|move|p2a: Great Tusk|Rapid Spin|p1a: Ribombee
|-damage|p1a: Ribombee|19/100
|-boost|p2a: Great Tusk|spe|1
|
|upkeep
|turn|22
|
|t:|1760886992
|move|p1a: Ribombee|Moonblast|p2a: Great Tusk
|-supereffective|p2a: Great Tusk
|-damage|p2a: Great Tusk|0 fnt
|faint|p2a: Great Tusk
|-end|p2a: Great Tusk|Protosynthesis|[silent]
|
|upkeep
|
|t:|1760886997
|switch|p2a: Ogerpon|Ogerpon-Cornerstone, F|100/100
|turn|23
|
|t:|1760887002
|move|p1a: Ribombee|Moonblast|p2a: Ogerpon
|-damage|p2a: Ogerpon|60/100
|move|p2a: Ogerpon|Horn Leech|p1a: Ribombee
|-resisted|p1a: Ribombee
|-damage|p1a: Ribombee|0 fnt
|-heal|p2a: Ogerpon|68/100|[from] drain|[of] p1a: Ribombee
|faint|p1a: Ribombee
|
|upkeep
|
|t:|1760887005
|switch|p1a: Glimmora|Glimmora, F|100/100
|turn|24
|
|t:|1760887010
|move|p2a: Ogerpon|Horn Leech|p1a: Glimmora
|-damage|p1a: Glimmora|46/100
|-heal|p2a: Ogerpon|96/100|[from] drain|[of] p1a: Glimmora
|-activate|p1a: Glimmora|ability: Toxic Debris
|-sidestart|p2: AjonymousNon|move: Toxic Spikes
|move|p1a: Glimmora|Sludge Bomb|p2a: Ogerpon
|-damage|p2a: Ogerpon|41/100
|
|upkeep
|turn|25
|
|t:|1760887027
|move|p2a: Ogerpon|Horn Leech|p1a: Glimmora
|-damage|p1a: Glimmora|0 fnt
|-heal|p2a: Ogerpon|64/100|[from] drain|[of] p1a: Glimmora
|-activate|p1a: Glimmora|ability: Toxic Debris
|-sidestart|p2: AjonymousNon|move: Toxic Spikes
|faint|p1a: Glimmora
|
|upkeep
|
|t:|1760887031
|switch|p1a: Kingambit|Kingambit, F|93/100 brn
|-activate|p1a: Kingambit|ability: Supreme Overlord
|-start|p1a: Kingambit|fallen4|[silent]
|turn|26
|
|t:|1760887034
|move|p2a: Ogerpon|Low Kick|p1a: Kingambit
|-supereffective|p1a: Kingambit
|-damage|p1a: Kingambit|0 fnt
|faint|p1a: Kingambit
|-end|p1a: Kingambit|fallen4|[silent]
|
|upkeep
|
|t:|1760887038
|switch|p1a: Manaphy|Manaphy|100/100
|turn|27
|
|t:|1760887039
|move|p2a: Ogerpon|Horn Leech|p1a: Manaphy
|-supereffective|p1a: Manaphy
|-damage|p1a: Manaphy|15/100
|-heal|p2a: Ogerpon|100/100|[from] drain|[of] p1a: Manaphy
|move|p1a: Manaphy|Surf|p2a: Ogerpon
|-damage|p2a: Ogerpon|49/100
|
|-heal|p1a: Manaphy|22/100|[from] item: Leftovers
|upkeep
|turn|28
|
|t:|1760887044
|move|p2a: Ogerpon|Horn Leech|p1a: Manaphy
|-supereffective|p1a: Manaphy
|-damage|p1a: Manaphy|0 fnt
|-heal|p2a: Ogerpon|62/100|[from] drain|[of] p1a: Manaphy
|faint|p1a: Manaphy
|
|win|AjonymousNon
|raw|Sunshinne's rating: 1702 &rarr; <strong>1681</strong><br />(-21 for losing)
|raw|AjonymousNon's rating: 1684 &rarr; <strong>1705</strong><br />(+21 for winning)
|c|☆AjonymousNon|gg
|l|☆AjonymousNon
|player|p2|
|l| jsnsddk
|l|☆Sunshinne
|player|p1|
