|j|☆blkjptr
|j|☆uber-mom
|t:|1760847633
|gametype|singles
|player|p1|blkjptr|caitlin|1382
|player|p2|uber-mom|lucas|1453
|gen|9
|tier|[Gen 9] OU
|rated|
|rule|HP Percentage Mod: HP is shown in percentages
|rule|Endless Battle Clause: Forcing endless battles is banned
|rule|Species Clause: Limit one of each Pokémon
|rule|OHKO Clause: OHKO moves are banned
|rule|Evasion Items Clause: Evasion items are banned
|rule|Evasion Moves Clause: Evasion moves are banned
|rule|Evasion Abilities Clause: Evasion abilities are banned
|rule|Sleep Moves Clause: Sleep-inducing moves are banned
|clearpoke
|poke|p1|Serperior, F|
|poke|p1|Slowking-Galar, M|
|poke|p1|Mew|
|poke|p1|Dragonite, F|
|poke|p1|Mandibuzz, F|
|poke|p1|Pecharunt|
|poke|p2|Rillaboom, F|
|poke|p2|Tyranitar, F|
|poke|p2|Excadrill, F|
|poke|p2|Iron Crown|
|poke|p2|Moltres|
|poke|p2|Primarina, M|
|teampreview
|inactive|Battle timer is ON: inactive players will automatically lose when time's up. (requested by blkjptr)
|inactive|uber-mom also wants the timer to be on.
|
|t:|1760847653
|teamsize|p1|6
|teamsize|p2|6
|start
|switch|p1a: Slowking|Slowking-Galar, M|100/100
|switch|p2a: Tyranitar|Tyranitar, F|100/100
|-weather|Sandstorm|[from] ability: Sand Stream|[of] p2a: Tyranitar
|turn|1
|
|t:|1760847656
|move|p2a: Tyranitar|Stealth Rock|p1a: Slowking
|-sidestart|p1: blkjptr|move: Stealth Rock
|move|p1a: Slowking|Toxic Spikes|p2a: Tyranitar
|-sidestart|p2: uber-mom|move: Toxic Spikes
|
|-weather|Sandstorm|[upkeep]
|-damage|p1a: Slowking|94/100|[from] Sandstorm
|upkeep
|turn|2
|
|t:|1760847661
|switch|p1a: Mandibuzz|Mandibuzz, F|100/100
|move|p2a: Tyranitar|Knock Off|p1a: Mandibuzz
|-resisted|p1a: Mandibuzz
|-crit|p1a: Mandibuzz
|-damage|p1a: Mandibuzz|79/100
|-enditem|p1a: Mandibuzz|Heavy-Duty Boots|[from] move: Knock Off|[of] p2a: Tyranitar
|
|-weather|Sandstorm|[upkeep]
|upkeep
|turn|3
|
|t:|1760847664
|switch|p2a: Excadrill|Excadrill, F|100/100
|move|p1a: Mandibuzz|Toxic|p2a: Excadrill
|-immune|p2a: Excadrill
|
|-weather|Sandstorm|[upkeep]
|upkeep
|turn|4
|
|t:|1760847680
|move|p2a: Excadrill|Rapid Spin|p1a: Mandibuzz
|-damage|p1a: Mandibuzz|69/100
|-boost|p2a: Excadrill|spe|1
|-sideend|p2: uber-mom|Toxic Spikes|[from] move: Rapid Spin|[of] p2a: Excadrill
|move|p1a: Mandibuzz|Foul Play|p2a: Excadrill
|-damage|p2a: Excadrill|15/100
|
|-weather|Sandstorm|[upkeep]
|upkeep
|turn|5
|
|t:|1760847684
|move|p2a: Excadrill|Rock Blast|p1a: Mandibuzz
|-supereffective|p1a: Mandibuzz
|-damage|p1a: Mandibuzz|58/100
|-supereffective|p1a: Mandibuzz
|-damage|p1a: Mandibuzz|46/100
|-supereffective|p1a: Mandibuzz
|-damage|p1a: Mandibuzz|36/100
|-supereffective|p1a: Mandibuzz
|-damage|p1a: Mandibuzz|27/100
|-supereffective|p1a: Mandibuzz
|-damage|p1a: Mandibuzz|17/100
|-hitcount|p1a: Mandibuzz|5
|move|p1a: Mandibuzz|Foul Play|p2a: Excadrill
|-damage|p2a: Excadrill|0 fnt
|faint|p2a: Excadrill
|
|-weather|Sandstorm|[upkeep]
|upkeep
|
|t:|1760847690
|switch|p2a: Iron Crown|Iron Crown|100/100
|turn|6
|
|t:|1760847693
|move|p2a: Iron Crown|Volt Switch|p1a: Mandibuzz
|-supereffective|p1a: Mandibuzz
|-damage|p1a: Mandibuzz|0 fnt
|faint|p1a: Mandibuzz
|
|t:|1760847704
|-end|p2a: Iron Crown|Quark Drive|[silent]
|switch|p2a: Tyranitar|Tyranitar, F|100/100|[from] Volt Switch
|
|-weather|Sandstorm|[upkeep]
|upkeep
|
|t:|1760847708
|switch|p1a: Mew|Mew|100/100
|turn|7
|
|t:|1760847717
|move|p1a: Mew|Will-O-Wisp|p2a: Tyranitar
|-status|p2a: Tyranitar|brn
|move|p2a: Tyranitar|Knock Off|p1a: Mew
|-supereffective|p1a: Mew
|-damage|p1a: Mew|60/100
|-enditem|p1a: Mew|Heavy-Duty Boots|[from] move: Knock Off|[of] p2a: Tyranitar
|
|-weather|Sandstorm|[upkeep]
|-damage|p1a: Mew|53/100|[from] Sandstorm
|-damage|p2a: Tyranitar|94/100 brn|[from] brn
|upkeep
|turn|8
|
|t:|1760847720
|move|p1a: Mew|Stealth Rock|p2a: Tyranitar
|-sidestart|p2: uber-mom|move: Stealth Rock
|move|p2a: Tyranitar|Dragon Tail|p1a: Mew
|-damage|p1a: Mew|44/100
|drag|p1a: Serperior|Serperior, F|100/100
|-damage|p1a: Serperior|88/100|[from] Stealth Rock
|
|-weather|none
|-heal|p1a: Serperior|94/100|[from] item: Leftovers
|-damage|p2a: Tyranitar|88/100 brn|[from] brn
|upkeep
|turn|9
|
|t:|1760847733
|switch|p2a: Iron Crown|Iron Crown|100/100
|-damage|p2a: Iron Crown|94/100|[from] Stealth Rock
|move|p1a: Serperior|Leaf Storm|p2a: Iron Crown
|-resisted|p2a: Iron Crown
|-damage|p2a: Iron Crown|77/100
|-boost|p1a: Serperior|spa|2
|
|-heal|p1a: Serperior|100/100|[from] item: Leftovers
|upkeep
|turn|10
|
|t:|1760847737
|move|p2a: Iron Crown|Tachyon Cutter|p1a: Serperior
|-damage|p1a: Serperior|75/100
|-damage|p1a: Serperior|49/100
|-hitcount|p1a: Serperior|2
|move|p1a: Serperior|Glare|p2a: Iron Crown
|-status|p2a: Iron Crown|par
|
|-heal|p1a: Serperior|55/100|[from] item: Leftovers
|upkeep
|turn|11
|
|t:|1760847741
|move|p1a: Serperior|Substitute|p1a: Serperior
|-start|p1a: Serperior|Substitute
|-damage|p1a: Serperior|30/100
|cant|p2a: Iron Crown|par
|
|-heal|p1a: Serperior|36/100|[from] item: Leftovers
|upkeep
|turn|12
|
|t:|1760847744
|move|p1a: Serperior|Leech Seed|p2a: Iron Crown
|-start|p2a: Iron Crown|move: Leech Seed
|move|p2a: Iron Crown|Tachyon Cutter|p1a: Serperior
|-end|p1a: Serperior|Substitute
|-damage|p1a: Serperior|11/100
|-hitcount|p1a: Serperior|2
|
|-heal|p1a: Serperior|17/100|[from] item: Leftovers
|-damage|p2a: Iron Crown|64/100 par|[from] Leech Seed|[of] p1a: Serperior
|-heal|p1a: Serperior|29/100|[silent]
|upkeep
|turn|13
|
|t:|1760847748
|move|p1a: Serperior|Substitute|p1a: Serperior
|-start|p1a: Serperior|Substitute
|-damage|p1a: Serperior|4/100
|move|p2a: Iron Crown|Tachyon Cutter|p1a: Serperior
|-end|p1a: Serperior|Substitute
|-damage|p1a: Serperior|0 fnt
|faint|p1a: Serperior
|-hitcount|p1: Serperior|2
|
|upkeep
|
|t:|1760847752
|switch|p1a: Slowking|Slowking-Galar, M|100/100
|turn|14
|
|t:|1760847756
|-end|p2a: Iron Crown|Quark Drive|[silent]
|switch|p2a: Rillaboom|Rillaboom, F|100/100
|-damage|p2a: Rillaboom|88/100|[from] Stealth Rock
|-fieldstart|move: Grassy Terrain|[from] ability: Grassy Surge|[of] p2a: Rillaboom
|move|p1a: Slowking|Toxic Spikes|p2a: Rillaboom
|-sidestart|p2: uber-mom|move: Toxic Spikes
|
|-heal|p2a: Rillaboom|94/100|[from] Grassy Terrain
|upkeep
|turn|15
|
|t:|1760847761
|switch|p1a: Pecharunt|Pecharunt|100/100
|move|p2a: Rillaboom|Knock Off|p1a: Pecharunt
|-supereffective|p1a: Pecharunt
|-damage|p1a: Pecharunt|27/100
|-enditem|p1a: Pecharunt|Heavy-Duty Boots|[from] move: Knock Off|[of] p2a: Rillaboom
|
|-heal|p1a: Pecharunt|33/100|[from] Grassy Terrain
|-heal|p2a: Rillaboom|100/100|[from] Grassy Terrain
|upkeep
|turn|16
|
|t:|1760847764
|move|p1a: Pecharunt|Recover|p1a: Pecharunt
|-heal|p1a: Pecharunt|83/100
|move|p2a: Rillaboom|Knock Off|p1a: Pecharunt
|-supereffective|p1a: Pecharunt
|-damage|p1a: Pecharunt|27/100
|
|-heal|p1a: Pecharunt|33/100|[from] Grassy Terrain
|upkeep
|turn|17
|
|t:|1760847766
|move|p1a: Pecharunt|Nasty Plot|p1a: Pecharunt
|-boost|p1a: Pecharunt|spa|2
|move|p2a: Rillaboom|Knock Off|p1a: Pecharunt
|-supereffective|p1a: Pecharunt
|-damage|p1a: Pecharunt|0 fnt
|faint|p1a: Pecharunt
|
|upkeep
|
|t:|1760847767
|switch|p1a: Dragonite|Dragonite, F|100/100
|turn|18
|
|t:|1760847771
|switch|p2a: Moltres|Moltres|100/100
|move|p1a: Dragonite|Air Slash|p2a: Moltres
|-damage|p2a: Moltres|73/100
|
|-fieldend|move: Grassy Terrain
|upkeep
|turn|19
|
|t:|1760847774
|move|p2a: Moltres|Roost|p2a: Moltres
|-heal|p2a: Moltres|100/100
|-singleturn|p2a: Moltres|move: Roost
|move|p1a: Dragonite|Thunder|p2a: Moltres
|-damage|p2a: Moltres|76/100
|-status|p2a: Moltres|par
|
|upkeep
|turn|20
|
|t:|1760847781
|move|p1a: Dragonite|Air Slash|p2a: Moltres
|-damage|p2a: Moltres|51/100 par
|move|p2a: Moltres|Roar|p1a: Dragonite
|drag|p1a: Mew|Mew|44/100
|-damage|p1a: Mew|32/100|[from] Stealth Rock
|
|upkeep
|turn|21
|
|t:|1760847787
|move|p1a: Mew|Volt Switch|p2a: Moltres
|-supereffective|p2a: Moltres
|-damage|p2a: Moltres|16/100 par
|
|t:|1760847789
|switch|p1a: Slowking|Slowking-Galar, M|100/100|[from] Volt Switch
|move|p2a: Moltres|U-turn|p1a: Slowking
|-damage|p1a: Slowking|86/100
|
|t:|1760847798
|switch|p2a: Primarina|Primarina, M|100/100|[from] U-turn
|-damage|p2a: Primarina|88/100|[from] Stealth Rock
|-status|p2a: Primarina|psn
|
|-damage|p2a: Primarina|76/100 psn|[from] psn
|upkeep
|turn|22
|
|t:|1760847804
|move|p2a: Primarina|Flip Turn|p1a: Slowking
|-damage|p1a: Slowking|71/100
|
|t:|1760847807
|switch|p2a: Iron Crown|Iron Crown|64/100 par|[from] Flip Turn
|-damage|p2a: Iron Crown|58/100 par|[from] Stealth Rock
|-prepare|p1a: Slowking|Chilly Reception|[premajor]
|move|p1a: Slowking|Chilly Reception|p1a: Slowking
|-weather|Snowscape
|
|t:|1760847813
|switch|p1a: Mew|Mew|32/100|[from] Chilly Reception
|-damage|p1a: Mew|20/100|[from] Stealth Rock
|
|-weather|Snowscape|[upkeep]
|upkeep
|turn|23
|
|t:|1760847827
|move|p1a: Mew|Spikes|p2a: Iron Crown
|-sidestart|p2: uber-mom|Spikes
|move|p2a: Iron Crown|Tachyon Cutter|p1a: Mew
|-damage|p1a: Mew|0 fnt
|faint|p1a: Mew
|-hitcount|p1: Mew|1
|
|-weather|Snowscape|[upkeep]
|upkeep
|
|t:|1760847833
|switch|p1a: Dragonite|Dragonite, F|100/100
|turn|24
|
|t:|1760847836
|move|p2a: Iron Crown|Tachyon Cutter|p1a: Dragonite
|-damage|p1a: Dragonite|85/100
|-damage|p1a: Dragonite|69/100
|-hitcount|p1a: Dragonite|2
|move|p1a: Dragonite|Thunder|p2a: Iron Crown
|-damage|p2a: Iron Crown|35/100 par
|
|-weather|Snowscape|[upkeep]
|upkeep
|turn|25
|
|t:|1760847839
|cant|p2a: Iron Crown|par
|move|p1a: Dragonite|Roost|p1a: Dragonite
|-heal|p1a: Dragonite|100/100
|-singleturn|p1a: Dragonite|move: Roost
|
|-weather|Snowscape|[upkeep]
|upkeep
|turn|26
|
|t:|1760847841
|move|p2a: Iron Crown|Tachyon Cutter|p1a: Dragonite
|-damage|p1a: Dragonite|85/100
|-damage|p1a: Dragonite|70/100
|-hitcount|p1a: Dragonite|2
|move|p1a: Dragonite|Air Slash|p2a: Iron Crown
|-resisted|p2a: Iron Crown
|-damage|p2a: Iron Crown|23/100 par
|
|-weather|none
|upkeep
|turn|27
|
|t:|1760847846
|move|p2a: Iron Crown|Tachyon Cutter|p1a: Dragonite
|-damage|p1a: Dragonite|53/100
|-damage|p1a: Dragonite|36/100
|-hitcount|p1a: Dragonite|2
|move|p1a: Dragonite|Roost|p1a: Dragonite
|-heal|p1a: Dragonite|86/100
|-singleturn|p1a: Dragonite|move: Roost
|
|upkeep
|turn|28
|
|t:|1760847850
|cant|p2a: Iron Crown|par
|move|p1a: Dragonite|Roost|p1a: Dragonite
|-heal|p1a: Dragonite|100/100
|-singleturn|p1a: Dragonite|move: Roost
|
|upkeep
|turn|29
|
|t:|1760847852
|move|p2a: Iron Crown|Tachyon Cutter|p1a: Dragonite
|-damage|p1a: Dragonite|85/100
|-damage|p1a: Dragonite|67/100
|-hitcount|p1a: Dragonite|2
|move|p1a: Dragonite|Air Slash|p2a: Iron Crown
|-resisted|p2a: Iron Crown
|-damage|p2a: Iron Crown|10/100 par
|
|upkeep
|turn|30
|
|t:|1760847854
|cant|p2a: Iron Crown|par
|move|p1a: Dragonite|Roost|p1a: Dragonite
|-heal|p1a: Dragonite|100/100
|-singleturn|p1a: Dragonite|move: Roost
|
|upkeep
|turn|31
|
|t:|1760847855
|move|p2a: Iron Crown|Tachyon Cutter|p1a: Dragonite
|-damage|p1a: Dragonite|85/100
|-damage|p1a: Dragonite|69/100
|-hitcount|p1a: Dragonite|2
|move|p1a: Dragonite|Air Slash|p2a: Iron Crown
|-resisted|p2a: Iron Crown
|-damage|p2a: Iron Crown|0 fnt
|faint|p2a: Iron Crown
|-end|p2a: Iron Crown|Quark Drive|[silent]
|
|upkeep
|
|t:|1760847858
|switch|p2a: Primarina|Primarina, M|76/100 psn
|-damage|p2a: Primarina|63/100 psn|[from] Stealth Rock
|-damage|p2a: Primarina|51/100 psn|[from] Spikes
|turn|32
|
|t:|1760847862
|switch|p1a: Slowking|Slowking-Galar, M|100/100
|move|p2a: Primarina|Moonblast|p1a: Slowking
|-resisted|p1a: Slowking
|-damage|p1a: Slowking|85/100
|-unboost|p1a: Slowking|spa|1
|
|-damage|p2a: Primarina|38/100 psn|[from] psn
|upkeep
|turn|33
|
|t:|1760847866
|move|p2a: Primarina|Flip Turn|p1a: Slowking
|-crit|p1a: Slowking
|-damage|p1a: Slowking|62/100
|
|t:|1760847868
|switch|p2a: Moltres|Moltres|16/100 par|[from] Flip Turn
|move|p1a: Slowking|Psychic Noise|p2a: Moltres
|-damage|p2a: Moltres|0 fnt
|faint|p2a: Moltres
|
|upkeep
|
|t:|1760847873
|switch|p2a: Rillaboom|Rillaboom, F|100/100
|-damage|p2a: Rillaboom|88/100|[from] Stealth Rock
|-status|p2a: Rillaboom|psn
|-damage|p2a: Rillaboom|76/100 psn|[from] Spikes
|-fieldstart|move: Grassy Terrain|[from] ability: Grassy Surge|[of] p2a: Rillaboom
|turn|34
|
|t:|1760847878
|switch|p1a: Dragonite|Dragonite, F|69/100
|move|p2a: Rillaboom|Knock Off|p1a: Dragonite
|-crit|p1a: Dragonite
|-damage|p1a: Dragonite|0 fnt
|-enditem|p1a: Dragonite|Heavy-Duty Boots|[from] move: Knock Off|[of] p2a: Rillaboom
|faint|p1a: Dragonite
|
|-heal|p2a: Rillaboom|82/100 psn|[from] Grassy Terrain
|-damage|p2a: Rillaboom|70/100 psn|[from] psn
|upkeep
|
|t:|1760847880
|switch|p1a: Slowking|Slowking-Galar, M|96/100
|turn|35
|
|t:|1760847884
|move|p2a: Rillaboom|Knock Off|p1a: Slowking
|-supereffective|p1a: Slowking
|-damage|p1a: Slowking|0 fnt
|-enditem|p1a: Slowking|Heavy-Duty Boots|[from] move: Knock Off|[of] p2a: Rillaboom
|faint|p1a: Slowking
|
|win|uber-mom
|raw|blkjptr's rating: 1382 &rarr; <strong>1366</strong><br />(-16 for losing)
|raw|uber-mom's rating: 1453 &rarr; <strong>1469</strong><br />(+16 for winning)
|l|☆blkjptr
|player|p1|
|l|☆uber-mom
|player|p2|
