|badge|p2|bronze|gen9ou|100-7
|uhtml|medal-msg|<div class="broadcast-blue">Curious what those medals under the avatar are? PS now has Ladder Seasons! For more information, check out the <a href="https://www.smogon.com/forums/threads/3740067/">thread on Smogon.</a></div>
|j|☆VaporeonUser
|j|☆ouww miguel o hara
|t:|1760879523
|gametype|singles
|player|p1|VaporeonUser|volkner|1746
|player|p2|ouww miguel o hara|giovanni|1877
|gen|9
|tier|[Gen 9] OU
|rated|
|rule|HP Percentage Mod: HP is shown in percentages
|rule|Endless Battle Clause: Forcing endless battles is banned
|rule|Species Clause: Limit one of each Pokémon
|rule|OHKO Clause: OHKO moves are banned
|rule|Evasion Items Clause: Evasion items are banned
|rule|Evasion Moves Clause: Evasion moves are banned
|rule|Evasion Abilities Clause: Evasion abilities are banned
|rule|Sleep Moves Clause: Sleep-inducing moves are banned
|clearpoke
|poke|p1|Gholdengo|
|poke|p1|Dragonite, F|
|poke|p1|Raging Bolt|
|poke|p1|Great Tusk|
|poke|p1|Iron Valiant|
|poke|p1|Ting-Lu|
|poke|p2|Zamazenta-*|
|poke|p2|Iron Moth|
|poke|p2|Gliscor, F|
|poke|p2|Clefable, M|
|poke|p2|Blissey, F|
|poke|p2|Dragapult, F|
|teampreview
|
|t:|1760879539
|teamsize|p1|6
|teamsize|p2|6
|start
|switch|p1a: Gholdengo|Gholdengo|100/100
|switch|p2a: Gliscor|Gliscor, F|100/100
|turn|1
|j| nsdede
|j| Dragonlatios1
|
|t:|1760879548
|move|p1a: Gholdengo|Trick|p2a: Gliscor
|-activate|p1a: Gholdengo|move: Trick|[of] p2a: Gliscor
|-item|p2a: Gliscor|Choice Specs|[from] move: Trick
|-item|p1a: Gholdengo|Toxic Orb|[from] move: Trick
|move|p2a: Gliscor|Knock Off|p1a: Gholdengo
|-supereffective|p1a: Gholdengo
|-damage|p1a: Gholdengo|50/100
|-enditem|p1a: Gholdengo|Toxic Orb|[from] move: Knock Off|[of] p2a: Gliscor
|
|upkeep
|turn|2
|
|t:|1760879561
|switch|p1a: Ting-Lu|Ting-Lu|100/100
|-ability|p1a: Ting-Lu|Vessel of Ruin
|switch|p2a: Iron Moth|Iron Moth|100/100
|
|upkeep
|turn|3
|
|t:|1760879567
|-end|p2a: Iron Moth|Quark Drive|[silent]
|switch|p2a: Blissey|Blissey, F|100/100
|move|p1a: Ting-Lu|Stealth Rock|p2a: Blissey
|-sidestart|p2: ouww miguel o hara|move: Stealth Rock
|
|upkeep
|turn|4
|
|t:|1760879579
|move|p2a: Blissey|Stealth Rock|p1a: Ting-Lu
|-sidestart|p1: VaporeonUser|move: Stealth Rock
|move|p1a: Ting-Lu|Ruination|p2a: Blissey
|-damage|p2a: Blissey|50/100
|
|upkeep
|turn|5
|
|t:|1760879584
|move|p2a: Blissey|Soft-Boiled|p2a: Blissey
|-heal|p2a: Blissey|100/100
|move|p1a: Ting-Lu|Whirlwind|p2a: Blissey
|drag|p2a: Gliscor|Gliscor, F|100/100
|-damage|p2a: Gliscor|88/100|[from] Stealth Rock
|
|upkeep
|turn|6
|
|t:|1760879590
|move|p2a: Gliscor|Earthquake|p1a: Ting-Lu
|-damage|p1a: Ting-Lu|85/100
|move|p1a: Ting-Lu|Ruination|p2a: Gliscor
|-damage|p2a: Gliscor|44/100
|
|-heal|p1a: Ting-Lu|91/100|[from] item: Leftovers
|upkeep
|turn|7
|
|t:|1760879594
|move|p2a: Gliscor|Earthquake|p1a: Ting-Lu
|-damage|p1a: Ting-Lu|76/100
|move|p1a: Ting-Lu|Whirlwind|p2a: Gliscor
|drag|p2a: Zamazenta|Zamazenta|100/100
|-damage|p2a: Zamazenta|94/100|[from] Stealth Rock
|-ability|p2a: Zamazenta|Dauntless Shield|boost
|-boost|p2a: Zamazenta|def|1
|
|-heal|p2a: Zamazenta|100/100|[from] item: Leftovers
|-heal|p1a: Ting-Lu|82/100|[from] item: Leftovers
|upkeep
|turn|8
|inactive|Battle timer is ON: inactive players will automatically lose when time's up. (requested by ouww miguel o hara)
|
|t:|1760879607
|switch|p1a: Iron Valiant|Iron Valiant|100/100
|-damage|p1a: Iron Valiant|94/100|[from] Stealth Rock
|-enditem|p1a: Iron Valiant|Booster Energy
|-activate|p1a: Iron Valiant|ability: Quark Drive|[fromitem]
|-start|p1a: Iron Valiant|quarkdrivespe
|move|p2a: Zamazenta|Crunch|p1a: Iron Valiant
|-resisted|p1a: Iron Valiant
|-damage|p1a: Iron Valiant|88/100
|
|upkeep
|turn|9
|j| PalletTownNoob
|
|t:|1760879614
|switch|p2a: Gliscor|Gliscor, F|44/100
|-damage|p2a: Gliscor|32/100|[from] Stealth Rock
|move|p1a: Iron Valiant|Shadow Ball|p2a: Gliscor
|-damage|p2a: Gliscor|11/100
|
|upkeep
|turn|10
|
|t:|1760879619
|switch|p2a: Blissey|Blissey, F|100/100
|move|p1a: Iron Valiant|Moonblast|p2a: Blissey
|-damage|p2a: Blissey|83/100
|-unboost|p2a: Blissey|spa|1
|
|upkeep
|turn|11
|
|t:|1760879623
|move|p1a: Iron Valiant|Close Combat|p2a: Blissey
|-supereffective|p2a: Blissey
|-damage|p2a: Blissey|0 fnt
|-unboost|p1a: Iron Valiant|def|1
|-unboost|p1a: Iron Valiant|spd|1
|faint|p2a: Blissey
|
|upkeep
|
|t:|1760879630
|switch|p2a: Iron Moth|Iron Moth|100/100
|turn|12
|l| Dragonlatios1
|
|t:|1760879640
|-end|p1a: Iron Valiant|Quark Drive|[silent]
|switch|p1a: Great Neck|Raging Bolt|100/100
|-damage|p1a: Great Neck|88/100|[from] Stealth Rock
|move|p2a: Iron Moth|Fiery Dance|p1a: Great Neck
|-resisted|p1a: Great Neck
|-damage|p1a: Great Neck|68/100
|
|upkeep
|turn|13
|j| chemfruit
|
|t:|1760879648
|-end|p2a: Iron Moth|Quark Drive|[silent]
|switch|p2a: Gliscor|Gliscor, F|11/100
|-damage|p2a: Gliscor|0 fnt|[from] Stealth Rock
|faint|p2a: Gliscor
|move|p1a: Great Neck|Volt Switch|p2: Gliscor|[notarget]
|-fail|p1a: Great Neck
|
|upkeep
|
|t:|1760879650
|switch|p2a: Dragapult|Dragapult, F|100/100
|turn|14
|
|t:|1760879656
|-end|p1a: Great Neck|Protosynthesis|[silent]
|switch|p1a: Ting-Lu|Ting-Lu|82/100
|-damage|p1a: Ting-Lu|76/100|[from] Stealth Rock
|-ability|p1a: Ting-Lu|Vessel of Ruin
|move|p2a: Dragapult|Substitute|p2a: Dragapult
|-start|p2a: Dragapult|Substitute
|-damage|p2a: Dragapult|76/100
|
|-heal|p1a: Ting-Lu|82/100|[from] item: Leftovers
|upkeep
|turn|15
|
|t:|1760879659
|move|p2a: Dragapult|Will-O-Wisp|p1a: Ting-Lu|[miss]
|-miss|p2a: Dragapult|p1a: Ting-Lu
|move|p1a: Ting-Lu|Whirlwind|p2a: Dragapult
|drag|p2a: Clefable|Clefable, M|100/100
|
|-heal|p1a: Ting-Lu|89/100|[from] item: Leftovers
|upkeep
|turn|16
|
|t:|1760879667
|move|p2a: Clefable|Moonblast|p1a: Ting-Lu
|-supereffective|p1a: Ting-Lu
|-damage|p1a: Ting-Lu|58/100
|move|p1a: Ting-Lu|Whirlwind|p2a: Clefable
|drag|p2a: Iron Moth|Iron Moth|100/100
|
|-heal|p1a: Ting-Lu|65/100|[from] item: Leftovers
|upkeep
|turn|17
|
|t:|1760879671
|-end|p2a: Iron Moth|Quark Drive|[silent]
|switch|p2a: Zamazenta|Zamazenta|100/100
|-damage|p2a: Zamazenta|94/100|[from] Stealth Rock
|move|p1a: Ting-Lu|Earthquake|p2a: Zamazenta
|-damage|p2a: Zamazenta|70/100
|
|-heal|p2a: Zamazenta|76/100|[from] item: Leftovers
|-heal|p1a: Ting-Lu|71/100|[from] item: Leftovers
|upkeep
|turn|18
|
|t:|1760879677
|switch|p1a: Iron Valiant|Iron Valiant|88/100
|-damage|p1a: Iron Valiant|81/100|[from] Stealth Rock
|move|p2a: Zamazenta|Body Press|p1a: Iron Valiant
|-resisted|p1a: Iron Valiant
|-damage|p1a: Iron Valiant|53/100
|
|-heal|p2a: Zamazenta|82/100|[from] item: Leftovers
|upkeep
|turn|19
|
|t:|1760879690
|switch|p2a: Iron Moth|Iron Moth|100/100
|move|p1a: Iron Valiant|Moonblast|p2a: Iron Moth
|-resisted|p2a: Iron Moth
|-crit|p2a: Iron Moth
|-damage|p2a: Iron Moth|81/100
|-unboost|p2a: Iron Moth|spa|1
|
|upkeep
|turn|20
|
|t:|1760879695
|-end|p1a: Iron Valiant|Quark Drive|[silent]
|switch|p1a: Great Neck|Raging Bolt|68/100
|-damage|p1a: Great Neck|56/100|[from] Stealth Rock
|move|p2a: Iron Moth|Sludge Wave|p1a: Great Neck
|-damage|p1a: Great Neck|23/100
|
|upkeep
|turn|21
|j| bloodhound q50
|
|t:|1760879710
|move|p1a: Great Neck|Thunderclap||[still]
|-fail|p1a: Great Neck
|move|p2a: Iron Moth|Substitute|p2a: Iron Moth
|-start|p2a: Iron Moth|Substitute
|-damage|p2a: Iron Moth|56/100
|
|upkeep
|turn|22
|
|t:|1760879716
|move|p1a: Great Neck|Thunderclap|p2a: Iron Moth
|-end|p2a: Iron Moth|Substitute
|move|p2a: Iron Moth|Sludge Wave|p1a: Great Neck
|-damage|p1a: Great Neck|0 fnt
|faint|p1a: Great Neck
|-end|p1a: Great Neck|Protosynthesis|[silent]
|
|upkeep
|
|t:|1760879720
|switch|p1a: Great Tusk|Great Tusk|100/100
|-damage|p1a: Great Tusk|97/100|[from] Stealth Rock
|turn|23
|
|t:|1760879726
|-end|p2a: Iron Moth|Quark Drive|[silent]
|switch|p2a: Zamazenta|Zamazenta|82/100
|-damage|p2a: Zamazenta|76/100|[from] Stealth Rock
|move|p1a: Great Tusk|Rapid Spin|p2a: Zamazenta
|-damage|p2a: Zamazenta|63/100
|-boost|p1a: Great Tusk|spe|1
|-sideend|p1: VaporeonUser|Stealth Rock|[from] move: Rapid Spin|[of] p1a: Great Tusk
|
|-heal|p2a: Zamazenta|69/100|[from] item: Leftovers
|upkeep
|turn|24
|
|t:|1760879744
|move|p2a: Zamazenta|Iron Defense|p2a: Zamazenta
|-boost|p2a: Zamazenta|def|2
|move|p1a: Great Tusk|Headlong Rush|p2a: Zamazenta
|-damage|p2a: Zamazenta|45/100
|-unboost|p1a: Great Tusk|def|1
|-unboost|p1a: Great Tusk|spd|1
|
|-heal|p2a: Zamazenta|51/100|[from] item: Leftovers
|upkeep
|turn|25
|
|t:|1760879754
|-end|p1a: Great Tusk|Protosynthesis|[silent]
|switch|p1a: Gholdengo|Gholdengo|50/100
|move|p2a: Zamazenta|Iron Defense|p2a: Zamazenta
|-boost|p2a: Zamazenta|def|2
|
|-heal|p2a: Zamazenta|57/100|[from] item: Leftovers
|upkeep
|turn|26
|
|t:|1760879764
|move|p2a: Zamazenta|Crunch|p1a: Gholdengo
|-supereffective|p1a: Gholdengo
|-damage|p1a: Gholdengo|0 fnt
|faint|p1a: Gholdengo
|
|-heal|p2a: Zamazenta|63/100|[from] item: Leftovers
|upkeep
|
|t:|1760879773
|switch|p1a: Iron Valiant|Iron Valiant|53/100
|turn|27
|
|t:|1760879790
|-terastallize|p2a: Zamazenta|Steel
|-terastallize|p1a: Iron Valiant|Steel
|move|p2a: Zamazenta|Body Press|p1a: Iron Valiant
|-supereffective|p1a: Iron Valiant
|-damage|p1a: Iron Valiant|0 fnt
|faint|p1a: Iron Valiant
|-end|p1a: Iron Valiant|Quark Drive|[silent]
|
|-heal|p2a: Zamazenta|69/100|[from] item: Leftovers
|upkeep
|
|t:|1760879794
|switch|p1a: Dragonite|Dragonite, F|100/100
|turn|28
|-message|VaporeonUser forfeited.
|
|win|ouww miguel o hara
|raw|VaporeonUser's rating: 1746 &rarr; <strong>1733</strong><br />(-13 for losing)
|raw|ouww miguel o hara's rating: 1877 &rarr; <strong>1890</strong><br />(+13 for winning)
|l|☆VaporeonUser
|player|p1|
|l| PalletTownNoob
|l| nsdede
|l| bloodhound q50
|j| bloodhound q50
