|j|☆PokeStarBros
|j|☆razerxev
|t:|1760875884
|gametype|singles
|player|p1|PokeStarBros|102|1303
|player|p2|razerxev|cynthia-gen4|1377
|gen|9
|tier|[Gen 9] OU
|rated|
|rule|HP Percentage Mod: HP is shown in percentages
|rule|Endless Battle Clause: Forcing endless battles is banned
|rule|Species Clause: Limit one of each Pokémon
|rule|OHKO Clause: OHKO moves are banned
|rule|Evasion Items Clause: Evasion items are banned
|rule|Evasion Moves Clause: Evasion moves are banned
|rule|Evasion Abilities Clause: Evasion abilities are banned
|rule|Sleep Moves Clause: Sleep-inducing moves are banned
|clearpoke
|poke|p1|Orthworm, M|
|poke|p1|Gengar, M|
|poke|p1|Zoroark, F|
|poke|p1|Gliscor, F|
|poke|p1|Alomomola, M|
|poke|p1|Kyurem|
|poke|p2|Torkoal, F|
|poke|p2|Hatterene, F|
|poke|p2|Raging Bolt|
|poke|p2|Slither Wing|
|poke|p2|Venusaur, F|
|poke|p2|Walking Wake|
|teampreview
|inactive|Battle timer is ON: inactive players will automatically lose when time's up. (requested by razerxev)
|l|☆razerxev
|inactive|razerxev disconnected and has a minute to reconnect!
|player|p2|
|j|☆razerxev
|inactive|razerxev reconnected and has 135 seconds left.
|player|p2|razerxev|cynthia-gen4|
|inactive|PokeStarBros has 120 seconds left.
|
|t:|1760875930
|teamsize|p1|6
|teamsize|p2|6
|start
|switch|p1a: Gengar|Gengar, M|100/100
|switch|p2a: Torkoal|Torkoal, F|100/100
|-weather|SunnyDay|[from] ability: Drought|[of] p2a: Torkoal
|turn|1
|
|t:|1760875938
|move|p1a: Gengar|Nasty Plot|p1a: Gengar
|-boost|p1a: Gengar|spa|2
|move|p2a: Torkoal|Stealth Rock|p1a: Gengar
|-sidestart|p1: PokeStarBros|move: Stealth Rock
|
|-weather|SunnyDay|[upkeep]
|upkeep
|turn|2
|
|t:|1760875950
|move|p1a: Gengar|Sludge Bomb|p2a: Torkoal
|-damage|p2a: Torkoal|0 fnt
|faint|p2a: Torkoal
|
|-weather|SunnyDay|[upkeep]
|upkeep
|
|t:|1760875966
|switch|p2a: Walking Wake|Walking Wake|100/100
|-activate|p2a: Walking Wake|ability: Protosynthesis
|-start|p2a: Walking Wake|protosynthesisspe
|turn|3
|
|t:|1760875976
|move|p2a: Walking Wake|Hydro Steam|p1a: Gengar
|-enditem|p1a: Gengar|Focus Sash
|-damage|p1a: Gengar|1/100
|-start|p2a: Walking Wake|Disable|Hydro Steam|[from] ability: Cursed Body|[of] p1a: Gengar
|move|p1a: Gengar|Sludge Bomb|p2a: Walking Wake
|-damage|p2a: Walking Wake|0 fnt
|faint|p2a: Walking Wake
|-end|p2a: Walking Wake|Protosynthesis|[silent]
|
|-weather|SunnyDay|[upkeep]
|upkeep
|
|t:|1760875985
|switch|p2a: Venusaur|Venusaur, F|100/100
|turn|4
|
|t:|1760876005
|move|p2a: Venusaur|Weather Ball|p1a: Gengar
|-damage|p1a: Gengar|0 fnt
|faint|p1a: Gengar
|-damage|p2a: Venusaur|91/100|[from] item: Life Orb
|
|-weather|SunnyDay|[upkeep]
|upkeep
|inactive|PokeStarBros has 120 seconds left.
|
|t:|1760876041
|switch|p1a: Kyurem|Kyurem|100/100
|-damage|p1a: Kyurem|76/100|[from] Stealth Rock
|-ability|p1a: Kyurem|Pressure
|turn|5
|
|t:|1760876053
|-terastallize|p2a: Venusaur|Fire
|move|p2a: Venusaur|Growth|p2a: Venusaur
|-boost|p2a: Venusaur|atk|2
|-boost|p2a: Venusaur|spa|2
|move|p1a: Kyurem|Icicle Spear|p2a: Venusaur
|-resisted|p2a: Venusaur
|-damage|p2a: Venusaur|82/100
|-resisted|p2a: Venusaur
|-damage|p2a: Venusaur|72/100
|-resisted|p2a: Venusaur
|-damage|p2a: Venusaur|62/100
|-resisted|p2a: Venusaur
|-damage|p2a: Venusaur|52/100
|-hitcount|p2a: Venusaur|4
|
|-weather|SunnyDay|[upkeep]
|upkeep
|turn|6
|
|t:|1760876072
|move|p2a: Venusaur|Weather Ball|p1a: Kyurem
|-damage|p1a: Kyurem|0 fnt
|faint|p1a: Kyurem
|-damage|p2a: Venusaur|42/100|[from] item: Life Orb
|
|-weather|SunnyDay|[upkeep]
|upkeep
|inactive|PokeStarBros has 90 seconds left.
|
|t:|1760876090
|switch|p1a: Alomomola|Alomomola, M|100/100
|-damage|p1a: Alomomola|88/100|[from] Stealth Rock
|turn|7
|
|t:|1760876096
|-terastallize|p1a: Alomomola|Grass
|move|p2a: Venusaur|Giga Drain|p1a: Alomomola
|-resisted|p1a: Alomomola
|-damage|p1a: Alomomola|34/100
|-heal|p2a: Venusaur|91/100|[from] drain|[of] p1a: Alomomola
|-damage|p2a: Venusaur|81/100|[from] item: Life Orb
|move|p1a: Alomomola|Mirror Coat|p2a: Venusaur
|-damage|p2a: Venusaur|0 fnt
|faint|p2a: Venusaur
|
|-weather|SunnyDay|[upkeep]
|-heal|p1a: Alomomola|40/100|[from] item: Leftovers
|upkeep
|
|t:|1760876105
|switch|p2a: Slither Wing|Slither Wing|100/100
|-activate|p2a: Slither Wing|ability: Protosynthesis
|-start|p2a: Slither Wing|protosynthesisatk
|turn|8
|
|t:|1760876123
|move|p2a: Slither Wing|U-turn|p1a: Alomomola
|-supereffective|p1a: Alomomola
|-damage|p1a: Alomomola|0 fnt
|faint|p1a: Alomomola
|
|t:|1760876152
|-end|p2a: Slither Wing|Protosynthesis|[silent]
|switch|p2a: Hatterene|Hatterene, F|100/100|[from] U-turn
|-item|p2a: Hatterene|Air Balloon
|
|-weather|none
|upkeep
|inactive|PokeStarBros has 90 seconds left.
|
|t:|1760876181
|switch|p1a: Orthworm|Orthworm, M|100/100
|-damage|p1a: Orthworm|94/100|[from] Stealth Rock
|turn|9
|inactive|razerxev has 120 seconds left.
|
|t:|1760876207
|switch|p2a: Raging Bolt|Raging Bolt|100/100
|move|p1a: Orthworm|Substitute|p1a: Orthworm
|-start|p1a: Orthworm|Substitute
|-damage|p1a: Orthworm|70/100
|
|upkeep
|turn|10
|inactive|PokeStarBros has 90 seconds left.
|inactive|razerxev has 120 seconds left.
|
|t:|1760876238
|move|p2a: Raging Bolt|Dragon Pulse|p1a: Orthworm
|-resisted|p1a: Orthworm
|-end|p1a: Orthworm|Substitute
|-damage|p2a: Raging Bolt|91/100|[from] item: Life Orb
|move|p1a: Orthworm|Coil|p1a: Orthworm
|-boost|p1a: Orthworm|atk|1
|-boost|p1a: Orthworm|def|1
|-boost|p1a: Orthworm|accuracy|1
|
|upkeep
|turn|11
|
|t:|1760876255
|move|p2a: Raging Bolt|Thunderclap||[still]
|-fail|p2a: Raging Bolt
|move|p1a: Orthworm|Substitute|p1a: Orthworm
|-start|p1a: Orthworm|Substitute
|-damage|p1a: Orthworm|45/100
|
|upkeep
|turn|12
|
|t:|1760876272
|move|p2a: Raging Bolt|Dragon Pulse|p1a: Orthworm
|-resisted|p1a: Orthworm
|-end|p1a: Orthworm|Substitute
|-damage|p2a: Raging Bolt|81/100|[from] item: Life Orb
|move|p1a: Orthworm|Iron Tail|p2a: Raging Bolt
|-resisted|p2a: Raging Bolt
|-damage|p2a: Raging Bolt|56/100
|-unboost|p2a: Raging Bolt|def|1
|
|upkeep
|turn|13
|inactive|PokeStarBros has 60 seconds left.
|
|t:|1760876290
|move|p2a: Raging Bolt|Dragon Pulse|p1a: Orthworm
|-resisted|p1a: Orthworm
|-crit|p1a: Orthworm
|-damage|p1a: Orthworm|0 fnt
|faint|p1a: Orthworm
|-damage|p2a: Raging Bolt|46/100|[from] item: Life Orb
|
|upkeep
|inactive|PokeStarBros has 60 seconds left.
|
|t:|1760876307
|switch|p1a: Gliscor|Gliscor, F|100/100
|-damage|p1a: Gliscor|88/100|[from] Stealth Rock
|turn|14
|
|t:|1760876315
|move|p2a: Raging Bolt|Dragon Pulse|p1a: Gliscor
|-damage|p1a: Gliscor|0 fnt
|faint|p1a: Gliscor
|-damage|p2a: Raging Bolt|36/100|[from] item: Life Orb
|
|upkeep
|
|t:|1760876320
|switch|p1a: Zoroark|Zoroark, F|100/100
|-damage|p1a: Zoroark|88/100|[from] Stealth Rock
|turn|15
|
|t:|1760876324
|move|p1a: Zoroark|Night Daze|p2a: Raging Bolt
|-damage|p2a: Raging Bolt|0 fnt
|faint|p2a: Raging Bolt
|-end|p2a: Raging Bolt|Protosynthesis|[silent]
|-damage|p1a: Zoroark|78/100|[from] item: Life Orb
|
|upkeep
|
|t:|1760876327
|switch|p2a: Slither Wing|Slither Wing|100/100
|turn|16
|
|t:|1760876333
|move|p2a: Slither Wing|First Impression|p1a: Zoroark
|-supereffective|p1a: Zoroark
|-damage|p1a: Zoroark|0 fnt
|faint|p1a: Zoroark
|
|win|razerxev
|raw|PokeStarBros's rating: 1303 &rarr; <strong>1287</strong><br />(-16 for losing)
|raw|razerxev's rating: 1377 &rarr; <strong>1393</strong><br />(+16 for winning)
|l|☆PokeStarBros
|player|p1|
|l|☆razerxev
|player|p2|
