|j|☆dnnddndnnr
|j|☆berryjuicejoy
|t:|1760848153
|gametype|singles
|player|p1|dnnddndnnr|102|1169
|player|p2|berryjuicejoy|karen-gen2|1241
|gen|9
|tier|[Gen 9] OU
|rated|
|rule|HP Percentage Mod: HP is shown in percentages
|rule|Endless Battle Clause: Forcing endless battles is banned
|rule|Species Clause: Limit one of each Pokémon
|rule|OHKO Clause: OHKO moves are banned
|rule|Evasion Items Clause: Evasion items are banned
|rule|Evasion Moves Clause: Evasion moves are banned
|rule|Evasion Abilities Clause: Evasion abilities are banned
|rule|Sleep Moves Clause: Sleep-inducing moves are banned
|clearpoke
|poke|p1|Walking Wake|
|poke|p1|Scizor, M|
|poke|p1|Corviknight, F|
|poke|p1|Clodsire, M|
|poke|p1|Zamazenta-*|
|poke|p1|Gliscor, F|
|poke|p2|Darkrai|
|poke|p2|Kyurem|
|poke|p2|Enamorus-Therian, F|
|poke|p2|Pecharunt|
|poke|p2|Pawmot, F|
|poke|p2|Grimmsnarl, M|
|teampreview
|inactive|Battle timer is ON: inactive players will automatically lose when time's up. (requested by dnnddndnnr)
|
|t:|1760848171
|teamsize|p1|6
|teamsize|p2|6
|start
|switch|p1a: Scizor|Scizor, M|100/100
|switch|p2a: Darkrai|Darkrai|100/100
|turn|1
|
|t:|1760848195
|switch|p2a: Pecharunt|Pecharunt|100/100
|move|p1a: Scizor|U-turn|p2a: Pecharunt
|-resisted|p2a: Pecharunt
|-damage|p2a: Pecharunt|93/100
|
|t:|1760848199
|switch|p1a: Gliscor|Gliscor, F|100/100|[from] U-turn
|
|-status|p1a: Gliscor|tox|[from] item: Toxic Orb
|upkeep
|turn|2
|
|t:|1760848220
|move|p1a: Gliscor|Knock Off|p2a: Pecharunt
|-supereffective|p2a: Pecharunt
|-damage|p2a: Pecharunt|70/100
|-enditem|p2a: Pecharunt|Quick Claw|[from] move: Knock Off|[of] p1a: Gliscor
|move|p2a: Pecharunt|Parting Shot|p1a: Gliscor
|-unboost|p1a: Gliscor|atk|1
|-unboost|p1a: Gliscor|spa|1
|
|t:|1760848225
|switch|p2a: Grimmsnarl|Grimmsnarl, M|100/100|[from] Parting Shot
|
|upkeep
|turn|3
|
|t:|1760848227
|move|p2a: Grimmsnarl|Reflect|p2a: Grimmsnarl
|-sidestart|p2: berryjuicejoy|Reflect
|move|p1a: Gliscor|U-turn|p2a: Grimmsnarl
|-damage|p2a: Grimmsnarl|95/100
|
|t:|1760848231
|switch|p1a: Corviknight|Corviknight, F|100/100|[from] U-turn
|
|upkeep
|turn|4
|
|t:|1760848233
|move|p2a: Grimmsnarl|Light Screen|p2a: Grimmsnarl
|-sidestart|p2: berryjuicejoy|move: Light Screen
|move|p1a: Corviknight|Taunt|p2a: Grimmsnarl
|-start|p2a: Grimmsnarl|move: Taunt
|
|upkeep
|turn|5
|
|t:|1760848250
|switch|p2a: Pawmot|Pawmot, F|100/100
|move|p1a: Corviknight|Defog|p2a: Pawmot
|-unboost|p2a: Pawmot|evasion|1
|-sideend|p2: berryjuicejoy|Reflect
|-sideend|p2: berryjuicejoy|move: Light Screen
|
|upkeep
|turn|6
|inactive|berryjuicejoy has 120 seconds left.
|
|t:|1760848294
|switch|p1a: Gliscor|Gliscor, F|100/100 tox
|move|p2a: Pawmot|Double Shock|p1a: Gliscor
|-immune|p1a: Gliscor
|
|upkeep
|turn|7
|-message|berryjuicejoy forfeited.
|
|win|dnnddndnnr
|raw|dnnddndnnr's rating: 1195 &rarr; <strong>1223</strong><br />(+28 for winning)
|raw|berryjuicejoy's rating: 1241 &rarr; <strong>1213</strong><br />(-28 for losing)
|l|☆berryjuicejoy
|player|p2|
|l|☆dnnddndnnr
|player|p1|
