|j|☆azeard
|j|☆ykykp
|t:|1760798455
|gametype|singles
|player|p1|azeard|265|1409
|player|p2|ykykp|101|1446
|gen|9
|tier|[Gen 9] OU
|rated|
|rule|HP Percentage Mod: HP is shown in percentages
|rule|Endless Battle Clause: Forcing endless battles is banned
|rule|Species Clause: Limit one of each Pokémon
|rule|OHKO Clause: OHKO moves are banned
|rule|Evasion Items Clause: Evasion items are banned
|rule|Evasion Moves Clause: Evasion moves are banned
|rule|Evasion Abilities Clause: Evasion abilities are banned
|rule|Sleep Moves Clause: Sleep-inducing moves are banned
|clearpoke
|poke|p1|Kleavor, M|
|poke|p1|Skeledirge, F|
|poke|p1|Kingambit, F|
|poke|p1|Ogerpon-Wellspring, F|
|poke|p1|Latios, M|
|poke|p1|Deoxys-Speed|
|poke|p2|Porygon-Z|
|poke|p2|Garganacl, F|
|poke|p2|Corviknight, M|
|poke|p2|Samurott-Hisui, F|
|poke|p2|Cinderace, F|
|poke|p2|Raging Bolt|
|teampreview
|inactive|Battle timer is ON: inactive players will automatically lose when time's up. (requested by ykykp)
|
|t:|1760798471
|teamsize|p1|6
|teamsize|p2|6
|start
|switch|p1a: Ogerpon|Ogerpon-Wellspring, F|100/100
|switch|p2a: Garganacl|Garganacl, F|100/100
|turn|1
|
|t:|1760798475
|move|p1a: Ogerpon|Ivy Cudgel|p2a: Garganacl|[anim] Ivy Cudgel Water
|-supereffective|p2a: Garganacl
|-damage|p2a: Garganacl|22/100
|move|p2a: Garganacl|Salt Cure|p1a: Ogerpon
|-damage|p1a: Ogerpon|85/100
|-start|p1a: Ogerpon|Salt Cure
|
|-heal|p2a: Garganacl|28/100|[from] item: Leftovers
|-damage|p1a: Ogerpon|60/100|[from] Salt Cure
|upkeep
|turn|2
|
|t:|1760798481
|move|p2a: Garganacl|Protect|p2a: Garganacl
|-singleturn|p2a: Garganacl|Protect
|move|p1a: Ogerpon|Ivy Cudgel|p2a: Garganacl|[anim] Ivy Cudgel Water
|-activate|p2a: Garganacl|move: Protect
|
|-heal|p2a: Garganacl|34/100|[from] item: Leftovers
|-damage|p1a: Ogerpon|35/100|[from] Salt Cure
|upkeep
|turn|3
|
|t:|1760798489
|switch|p1a: Skeledirge|Skeledirge, F|100/100
|switch|p2a: Corviknight|Corviknight, M|100/100
|-ability|p2a: Corviknight|Pressure
|
|upkeep
|turn|4
|
|t:|1760798493
|switch|p2a: Samurott|Samurott-Hisui, F|100/100
|move|p1a: Skeledirge|Torch Song|p2a: Samurott
|-resisted|p2a: Samurott
|-damage|p2a: Samurott|89/100
|-boost|p1a: Skeledirge|spa|1
|
|upkeep
|turn|5
|
|t:|1760798504
|switch|p1a: Kleavor|Kleavor, M|100/100
|move|p2a: Samurott|Ceaseless Edge|p1a: Kleavor
|-damage|p1a: Kleavor|47/100
|-sidestart|p1: azeard|Spikes
|
|upkeep
|turn|6
|
|t:|1760798510
|move|p1a: Kleavor|U-turn|p2a: Samurott
|-supereffective|p2a: Samurott
|-damage|p2a: Samurott|9/100
|
|t:|1760798513
|switch|p1a: Latios|Latios, M|100/100|[from] U-turn
|move|p2a: Samurott|Ceaseless Edge|p1a: Latios|[miss]
|-miss|p2a: Samurott|p1a: Latios
|
|upkeep
|turn|7
|
|t:|1760798518
|move|p2a: Samurott|Sucker Punch|p1a: Latios
|-supereffective|p1a: Latios
|-damage|p1a: Latios|21/100
|move|p1a: Latios|Aura Sphere|p2a: Samurott
|-supereffective|p2a: Samurott
|-damage|p2a: Samurott|0 fnt
|faint|p2a: Samurott
|
|upkeep
|
|t:|1760798523
|switch|p2a: Cinderace|Cinderace, F|100/100
|turn|8
|
|t:|1760798527
|move|p2a: Cinderace|U-turn|p1a: Latios
|-supereffective|p1a: Latios
|-damage|p1a: Latios|0 fnt
|faint|p1a: Latios
|
|t:|1760798530
|switch|p2a: Garganacl|Garganacl, F|34/100|[from] U-turn
|
|-heal|p2a: Garganacl|40/100|[from] item: Leftovers
|upkeep
|
|t:|1760798537
|switch|p1a: Ogerpon|Ogerpon-Wellspring, F|35/100
|-damage|p1a: Ogerpon|23/100|[from] Spikes
|turn|9
|
|t:|1760798541
|switch|p2a: Corviknight|Corviknight, M|100/100
|-ability|p2a: Corviknight|Pressure
|move|p1a: Ogerpon|Ivy Cudgel|p2a: Corviknight|[anim] Ivy Cudgel Water
|-damage|p2a: Corviknight|63/100
|
|upkeep
|turn|10
|
|t:|1760798547
|move|p1a: Ogerpon|Knock Off|p2a: Corviknight
|-damage|p2a: Corviknight|41/100
|-damage|p1a: Ogerpon|6/100|[from] item: Rocky Helmet|[of] p2a: Corviknight
|-enditem|p2a: Corviknight|Rocky Helmet|[from] move: Knock Off|[of] p1a: Ogerpon
|move|p2a: Corviknight|Roost|p2a: Corviknight
|-heal|p2a: Corviknight|91/100
|-singleturn|p2a: Corviknight|move: Roost
|
|upkeep
|turn|11
|
|t:|1760798554
|move|p1a: Ogerpon|Encore|p2a: Corviknight
|-start|p2a: Corviknight|Encore
|move|p2a: Corviknight|Roost|p2a: Corviknight
|-heal|p2a: Corviknight|100/100
|-singleturn|p2a: Corviknight|move: Roost
|
|upkeep
|turn|12
|
|t:|1760798561
|switch|p2a: Raging Bolt|Raging Bolt|100/100
|move|p1a: Ogerpon|Horn Leech|p2a: Raging Bolt
|-resisted|p2a: Raging Bolt
|-damage|p2a: Raging Bolt|80/100
|-heal|p1a: Ogerpon|20/100|[from] drain|[of] p2a: Raging Bolt
|
|upkeep
|turn|13
|
|t:|1760798567
|move|p1a: Ogerpon|Encore||[still]
|-fail|p1a: Ogerpon
|move|p2a: Raging Bolt|Thunderbolt|p1a: Ogerpon
|-damage|p1a: Ogerpon|0 fnt
|faint|p1a: Ogerpon
|
|upkeep
|
|t:|1760798572
|switch|p1a: Deoxys|Deoxys-Speed|100/100
|-damage|p1a: Deoxys|88/100|[from] Spikes
|-ability|p1a: Deoxys|Pressure
|turn|14
|
|t:|1760798575
|move|p1a: Deoxys|Spikes|p2a: Raging Bolt
|-sidestart|p2: ykykp|Spikes
|move|p2a: Raging Bolt|Thunderbolt|p1a: Deoxys
|-damage|p1a: Deoxys|0 fnt
|faint|p1a: Deoxys
|
|upkeep
|
|t:|1760798582
|switch|p1a: Kleavor|Kleavor, M|47/100
|-damage|p1a: Kleavor|34/100|[from] Spikes
|turn|15
|
|t:|1760798586
|move|p1a: Kleavor|Stone Axe|p2a: Raging Bolt
|-damage|p2a: Raging Bolt|30/100
|-sidestart|p2: ykykp|move: Stealth Rock
|move|p2a: Raging Bolt|Thunderbolt|p1a: Kleavor
|-damage|p1a: Kleavor|0 fnt
|faint|p1a: Kleavor
|
|upkeep
|
|t:|1760798591
|switch|p1a: Kingambit|Kingambit, F|100/100
|-activate|p1a: Kingambit|ability: Supreme Overlord
|-start|p1a: Kingambit|fallen4|[silent]
|-item|p1a: Kingambit|Air Balloon
|turn|16
|
|t:|1760798597
|move|p1a: Kingambit|Sucker Punch|p2a: Raging Bolt
|-damage|p2a: Raging Bolt|0 fnt
|faint|p2a: Raging Bolt
|-end|p2a: Raging Bolt|Protosynthesis|[silent]
|
|upkeep
|
|t:|1760798600
|switch|p2a: Cinderace|Cinderace, F|100/100
|turn|17
|
|t:|1760798614
|-terastallize|p1a: Kingambit|Flying
|move|p2a: Cinderace|Will-O-Wisp|p1a: Kingambit
|-status|p1a: Kingambit|brn
|move|p1a: Kingambit|Swords Dance|p1a: Kingambit
|-boost|p1a: Kingambit|atk|2
|
|-damage|p1a: Kingambit|94/100 brn|[from] brn
|upkeep
|turn|18
|
|t:|1760798619
|move|p2a: Cinderace|U-turn|p1a: Kingambit
|-resisted|p1a: Kingambit
|-damage|p1a: Kingambit|87/100 brn
|-enditem|p1a: Kingambit|Air Balloon
|
|t:|1760798621
|switch|p2a: Corviknight|Corviknight, M|100/100|[from] U-turn
|-damage|p2a: Corviknight|88/100|[from] Stealth Rock
|-ability|p2a: Corviknight|Pressure
|move|p1a: Kingambit|Swords Dance|p1a: Kingambit
|-boost|p1a: Kingambit|atk|2
|
|-damage|p1a: Kingambit|80/100 brn|[from] brn
|upkeep
|turn|19
|
|t:|1760798628
|move|p2a: Corviknight|Iron Defense|p2a: Corviknight
|-boost|p2a: Corviknight|def|2
|move|p1a: Kingambit|Low Kick|p2a: Corviknight
|-damage|p2a: Corviknight|68/100
|
|-damage|p1a: Kingambit|74/100 brn|[from] brn
|upkeep
|turn|20
|
|t:|1760798631
|-end|p1a: Kingambit|fallen4|[silent]
|switch|p1a: Skeledirge|Skeledirge, F|100/100
|move|p2a: Corviknight|Roost|p2a: Corviknight
|-heal|p2a: Corviknight|100/100
|-singleturn|p2a: Corviknight|move: Roost
|
|upkeep
|turn|21
|
|t:|1760798635
|switch|p2a: Garganacl|Garganacl, F|40/100
|-damage|p2a: Garganacl|28/100|[from] Spikes
|-damage|p2a: Garganacl|16/100|[from] Stealth Rock
|move|p1a: Skeledirge|Torch Song|p2a: Garganacl
|-resisted|p2a: Garganacl
|-damage|p2a: Garganacl|6/100
|-boost|p1a: Skeledirge|spa|1
|
|-heal|p2a: Garganacl|12/100|[from] item: Leftovers
|upkeep
|turn|22
|
|t:|1760798639
|move|p1a: Skeledirge|Torch Song|p2a: Garganacl
|-resisted|p2a: Garganacl
|-damage|p2a: Garganacl|0 fnt
|-boost|p1a: Skeledirge|spa|1
|faint|p2a: Garganacl
|
|upkeep
|
|t:|1760798642
|switch|p2a: Porygon-Z|Porygon-Z|100/100
|-damage|p2a: Porygon-Z|88/100|[from] Spikes
|-damage|p2a: Porygon-Z|76/100|[from] Stealth Rock
|turn|23
|
|t:|1760798653
|move|p2a: Porygon-Z|Thunderbolt|p1a: Skeledirge
|-damage|p1a: Skeledirge|75/100
|move|p1a: Skeledirge|Torch Song|p2a: Porygon-Z
|-damage|p2a: Porygon-Z|0 fnt
|-boost|p1a: Skeledirge|spa|1
|faint|p2a: Porygon-Z
|
|upkeep
|-message|ykykp forfeited.
|
|win|azeard
|raw|azeard's rating: 1409 &rarr; <strong>1431</strong><br />(+22 for winning)
|raw|ykykp's rating: 1446 &rarr; <strong>1424</strong><br />(-22 for losing)
|l|☆ykykp
|player|p2|
|l|☆azeard
|player|p1|
