|j|☆dresovense
|j|☆Grindset mindset
|t:|1760728147
|gametype|singles
|player|p1|dresovense|skier|1577
|player|p2|Grindset mindset|skyla|1581
|gen|9
|tier|[Gen 9] OU
|rated|
|rule|HP Percentage Mod: HP is shown in percentages
|rule|Endless Battle Clause: Forcing endless battles is banned
|rule|Species Clause: Limit one of each Pokémon
|rule|OHKO Clause: OHKO moves are banned
|rule|Evasion Items Clause: Evasion items are banned
|rule|Evasion Moves Clause: Evasion moves are banned
|rule|Evasion Abilities Clause: Evasion abilities are banned
|rule|Sleep Moves Clause: Sleep-inducing moves are banned
|clearpoke
|poke|p1|Kingambit, F|
|poke|p1|Deoxys-Speed|
|poke|p1|Great Tusk|
|poke|p1|Dragonite, F|
|poke|p1|Iron Moth|
|poke|p1|Primarina, F|
|poke|p2|Ogerpon-Cornerstone, F|
|poke|p2|Primarina, F|
|poke|p2|Armarouge, M|
|poke|p2|Raging Bolt|
|poke|p2|Great Tusk|
|poke|p2|Zapdos-Galar|
|teampreview
|inactive|Battle timer is ON: inactive players will automatically lose when time's up. (requested by Grindset mindset)
|inactive|dresovense also wants the timer to be on.
|
|t:|1760728154
|teamsize|p1|6
|teamsize|p2|6
|start
|switch|p1a: Great Tusk|Great Tusk|100/100
|switch|p2a: Primarina|Primarina, F|100/100
|-enditem|p1a: Great Tusk|Booster Energy
|-activate|p1a: Great Tusk|ability: Protosynthesis|[fromitem]
|-start|p1a: Great Tusk|protosynthesisatk
|turn|1
|
|t:|1760728163
|-end|p1a: Great Tusk|Protosynthesis|[silent]
|switch|p1a: Primarina|Primarina, F|100/100
|move|p2a: Primarina|Hyper Voice|p1a: Primarina
|-resisted|p1a: Primarina
|-crit|p1a: Primarina
|-damage|p1a: Primarina|64/100
|
|upkeep
|turn|2
|
|t:|1760728172
|move|p1a: Primarina|Moonblast|p2a: Primarina
|-damage|p2a: Primarina|60/100
|move|p2a: Primarina|Hyper Voice|p1a: Primarina
|-resisted|p1a: Primarina
|-damage|p1a: Primarina|39/100
|
|upkeep
|turn|3
|
|t:|1760728177
|move|p1a: Primarina|Moonblast|p2a: Primarina
|-damage|p2a: Primarina|19/100
|move|p2a: Primarina|Hyper Voice|p1a: Primarina
|-resisted|p1a: Primarina
|-damage|p1a: Primarina|16/100
|
|upkeep
|turn|4
|
|t:|1760728183
|move|p1a: Primarina|Moonblast|p2a: Primarina
|-damage|p2a: Primarina|0 fnt
|faint|p2a: Primarina
|
|upkeep
|
|t:|1760728188
|switch|p2a: Great Tusk|Great Tusk|100/100
|-enditem|p2a: Great Tusk|Booster Energy
|-activate|p2a: Great Tusk|ability: Protosynthesis|[fromitem]
|-start|p2a: Great Tusk|protosynthesisatk
|turn|5
|
|t:|1760728192
|move|p2a: Great Tusk|Rapid Spin|p1a: Primarina
|-damage|p1a: Primarina|0 fnt
|-boost|p2a: Great Tusk|spe|1
|faint|p1a: Primarina
|
|upkeep
|
|t:|1760728201
|switch|p1a: Deoxys|Deoxys-Speed|100/100
|-ability|p1a: Deoxys|Pressure
|turn|6
|
|t:|1760728203
|-end|p2a: Great Tusk|Protosynthesis|[silent]
|switch|p2a: Armarouge|Armarouge, M|100/100
|move|p1a: Deoxys|Psycho Boost|p2a: Armarouge
|-resisted|p2a: Armarouge
|-damage|p2a: Armarouge|41/100
|-unboost|p1a: Deoxys|spa|2
|-damage|p1a: Deoxys|91/100|[from] item: Life Orb
|
|upkeep
|turn|7
|
|t:|1760728212
|move|p1a: Deoxys|Nasty Plot|p1a: Deoxys
|-boost|p1a: Deoxys|spa|2
|move|p2a: Armarouge|Armor Cannon|p1a: Deoxys
|-damage|p1a: Deoxys|2/100
|-unboost|p2a: Armarouge|def|1
|-unboost|p2a: Armarouge|spd|1
|
|upkeep
|turn|8
|
|t:|1760728217
|switch|p2a: Raging Bolt|Raging Bolt|100/100
|move|p1a: Deoxys|Shadow Ball|p2a: Raging Bolt
|-damage|p2a: Raging Bolt|74/100
|-damage|p1a: Deoxys|0 fnt|[from] item: Life Orb
|faint|p1a: Deoxys
|
|-heal|p2a: Raging Bolt|80/100|[from] item: Leftovers
|upkeep
|
|t:|1760728227
|switch|p1a: Great Tusk|Great Tusk|100/100
|turn|9
|
|t:|1760728233
|-end|p2a: Raging Bolt|Protosynthesis|[silent]
|switch|p2a: Zapdos|Zapdos-Galar|100/100
|move|p1a: Great Tusk|Ice Spinner|p2a: Zapdos
|-supereffective|p2a: Zapdos
|-damage|p2a: Zapdos|29/100
|
|upkeep
|turn|10
|
|t:|1760728245
|switch|p2a: Armarouge|Armarouge, M|41/100
|move|p1a: Great Tusk|Ice Spinner|p2a: Armarouge
|-resisted|p2a: Armarouge
|-damage|p2a: Armarouge|24/100
|-ability|p2a: Armarouge|Weak Armor|boost
|-unboost|p2a: Armarouge|def|1
|-boost|p2a: Armarouge|spe|2
|
|upkeep
|turn|11
|
|t:|1760728256
|-end|p1a: Great Tusk|Protosynthesis|[silent]
|switch|p1a: Kingambit|Kingambit, F|100/100
|-activate|p1a: Kingambit|ability: Supreme Overlord
|-start|p1a: Kingambit|fallen2|[silent]
|move|p2a: Armarouge|Endure||[still]
|-fail|p2a: Armarouge
|
|upkeep
|turn|12
|
|t:|1760728263
|move|p2a: Armarouge|Endure|p2a: Armarouge
|-singleturn|p2a: Armarouge|move: Endure
|move|p1a: Kingambit|Sucker Punch||[still]
|-fail|p1a: Kingambit
|
|upkeep
|turn|13
|
|t:|1760728266
|move|p1a: Kingambit|Sucker Punch||[still]
|-fail|p1a: Kingambit
|move|p2a: Armarouge|Psychic Terrain|p2a: Armarouge
|-fieldstart|move: Psychic Terrain
|
|upkeep
|turn|14
|
|t:|1760728275
|-end|p1a: Kingambit|fallen2|[silent]
|switch|p1a: Iron Moth|Iron Moth|100/100
|-enditem|p1a: Iron Moth|Booster Energy
|-activate|p1a: Iron Moth|ability: Quark Drive|[fromitem]
|-start|p1a: Iron Moth|quarkdrivespe
|move|p2a: Armarouge|Endure||[still]
|-fail|p2a: Armarouge
|
|upkeep
|turn|15
|
|t:|1760728286
|-terastallize|p1a: Iron Moth|Ground
|move|p2a: Armarouge|Stored Power|p1a: Iron Moth
|-damage|p1a: Iron Moth|55/100
|move|p1a: Iron Moth|Sludge Wave|p2a: Armarouge
|-damage|p2a: Armarouge|0 fnt
|faint|p2a: Armarouge
|
|upkeep
|
|t:|1760728294
|switch|p2a: Great Tusk|Great Tusk|100/100
|turn|16
|
|t:|1760728299
|-end|p1a: Iron Moth|Quark Drive|[silent]
|switch|p1a: Dragonite|Dragonite, F|100/100
|move|p2a: Great Tusk|Ice Spinner|p1a: Dragonite
|-supereffective|p1a: Dragonite
|-damage|p1a: Dragonite|34/100
|-fieldend|move: Psychic Terrain
|
|upkeep
|turn|17
|
|t:|1760728311
|move|p1a: Dragonite|Extreme Speed|p2a: Great Tusk
|-damage|p2a: Great Tusk|66/100
|move|p2a: Great Tusk|Rapid Spin|p1a: Dragonite
|-damage|p1a: Dragonite|15/100
|-boost|p2a: Great Tusk|spe|1
|
|upkeep
|turn|18
|
|t:|1760728316
|move|p1a: Dragonite|Extreme Speed|p2a: Great Tusk
|-damage|p2a: Great Tusk|33/100
|move|p2a: Great Tusk|Ice Spinner|p1a: Dragonite
|-supereffective|p1a: Dragonite
|-damage|p1a: Dragonite|0 fnt
|faint|p1a: Dragonite
|
|upkeep
|
|t:|1760728325
|switch|p1a: Great Tusk|Great Tusk|100/100
|turn|19
|
|t:|1760728327
|move|p2a: Great Tusk|Ice Spinner|p1a: Great Tusk
|-supereffective|p1a: Great Tusk
|-damage|p1a: Great Tusk|56/100
|move|p1a: Great Tusk|Ice Spinner|p2a: Great Tusk
|-supereffective|p2a: Great Tusk
|-damage|p2a: Great Tusk|0 fnt
|faint|p2a: Great Tusk
|-end|p2a: Great Tusk|Protosynthesis|[silent]
|
|upkeep
|
|t:|1760728330
|switch|p2a: Ogerpon|Ogerpon-Cornerstone, F|100/100
|turn|20
|
|t:|1760728335
|move|p2a: Ogerpon|Power Whip|p1a: Great Tusk
|-supereffective|p1a: Great Tusk
|-crit|p1a: Great Tusk
|-damage|p1a: Great Tusk|0 fnt
|faint|p1a: Great Tusk
|-end|p1a: Great Tusk|Protosynthesis|[silent]
|
|upkeep
|j| gronwar
|
|t:|1760728338
|switch|p1a: Iron Moth|Iron Moth, tera:Ground|55/100
|turn|21
|
|t:|1760728341
|move|p1a: Iron Moth|Sludge Wave|p2a: Ogerpon
|-damage|p2a: Ogerpon|43/100
|-status|p2a: Ogerpon|psn
|move|p2a: Ogerpon|Power Whip|p1a: Iron Moth
|-supereffective|p1a: Iron Moth
|-damage|p1a: Iron Moth|0 fnt
|faint|p1a: Iron Moth
|-end|p1a: Iron Moth|Quark Drive|[silent]
|
|-damage|p2a: Ogerpon|30/100 psn|[from] psn
|upkeep
|
|t:|1760728347
|switch|p1a: Kingambit|Kingambit, F|100/100
|-activate|p1a: Kingambit|ability: Supreme Overlord
|-start|p1a: Kingambit|fallen5|[silent]
|turn|22
|
|t:|1760728354
|move|p2a: Ogerpon|Low Kick|p1a: Kingambit
|-supereffective|p1a: Kingambit
|-crit|p1a: Kingambit
|-damage|p1a: Kingambit|0 fnt
|faint|p1a: Kingambit
|-end|p1a: Kingambit|fallen5|[silent]
|
|win|Grindset mindset
|raw|dresovense's rating: 1577 &rarr; <strong>1557</strong><br />(-20 for losing)
|raw|Grindset mindset's rating: 1581 &rarr; <strong>1601</strong><br />(+20 for winning)
|l|☆dresovense
|player|p1|
|l|☆Grindset mindset
|player|p2|
