|j|☆Obito 2001
|j|☆ChiefGreenLeaf3
|t:|1760823271
|gametype|singles
|player|p1|Obito 2001|blue-gen3two|1705
|player|p2|ChiefGreenLeaf3|giovanni-gen1|1724
|gen|9
|tier|[Gen 9] OU
|rated|
|rule|HP Percentage Mod: HP is shown in percentages
|rule|Endless Battle Clause: Forcing endless battles is banned
|rule|Species Clause: Limit one of each Pokémon
|rule|OHKO Clause: OHKO moves are banned
|rule|Evasion Items Clause: Evasion items are banned
|rule|Evasion Moves Clause: Evasion moves are banned
|rule|Evasion Abilities Clause: Evasion abilities are banned
|rule|Sleep Moves Clause: Sleep-inducing moves are banned
|clearpoke
|poke|p1|Maushold-Four|
|poke|p1|Comfey, F|
|poke|p1|Grimmsnarl, M|
|poke|p1|Iron Crown|
|poke|p1|Ogerpon-Wellspring, F|
|poke|p1|Great Tusk|
|poke|p2|Iron Moth|
|poke|p2|Iron Valiant|
|poke|p2|Iron Jugulis|
|poke|p2|Zamazenta-*|
|poke|p2|Comfey, M|
|poke|p2|Cloyster, M|
|teampreview
|inactive|Battle timer is ON: inactive players will automatically lose when time's up. (requested by Obito 2001)
|
|t:|1760823291
|teamsize|p1|6
|teamsize|p2|6
|start
|switch|p1a: Screen Goblin|Grimmsnarl, M|100/100
|switch|p2a: Iron Valiant|Iron Valiant, shiny|100/100
|-enditem|p2a: Iron Valiant|Booster Energy
|-activate|p2a: Iron Valiant|ability: Quark Drive|[fromitem]
|-start|p2a: Iron Valiant|quarkdrivespe
|turn|1
|
|t:|1760823298
|move|p2a: Iron Valiant|Moonblast|p1a: Screen Goblin
|-supereffective|p1a: Screen Goblin
|-damage|p1a: Screen Goblin|12/100
|move|p1a: Screen Goblin|Spirit Break|p2a: Iron Valiant
|-supereffective|p2a: Iron Valiant
|-damage|p2a: Iron Valiant|26/100
|-unboost|p2a: Iron Valiant|spa|1
|
|upkeep
|turn|2
|
|t:|1760823302
|move|p1a: Screen Goblin|Light Screen|p1a: Screen Goblin
|-sidestart|p1: Obito 2001|move: Light Screen
|move|p2a: Iron Valiant|Moonblast|p1a: Screen Goblin
|-supereffective|p1a: Screen Goblin
|-damage|p1a: Screen Goblin|0 fnt
|faint|p1a: Screen Goblin
|
|upkeep
|
|t:|1760823310
|switch|p1a: 🎭|Ogerpon-Wellspring, F|100/100
|turn|3
|
|t:|1760823325
|move|p2a: Iron Valiant|Destiny Bond|p2a: Iron Valiant
|-singlemove|p2a: Iron Valiant|Destiny Bond
|move|p1a: 🎭|Trailblaze|p2a: Iron Valiant
|-damage|p2a: Iron Valiant|0 fnt
|-boost|p1a: 🎭|spe|1
|faint|p2a: Iron Valiant
|-activate|p2a: Iron Valiant|move: Destiny Bond
|-end|p2a: Iron Valiant|Quark Drive|[silent]
|faint|p1a: 🎭
|
|upkeep
|
|t:|1760823346
|switch|p2a: Comfey|Comfey, M|100/100
|switch|p1a: Zanpakuto🗡️|Iron Crown|100/100
|turn|4
|
|t:|1760823350
|switch|p2a: Iron Moth|Iron Moth, shiny|100/100
|-enditem|p2a: Iron Moth|Booster Energy
|-activate|p2a: Iron Moth|ability: Quark Drive|[fromitem]
|-start|p2a: Iron Moth|quarkdrivespe
|move|p1a: Zanpakuto🗡️|Psyshock|p2a: Iron Moth
|-supereffective|p2a: Iron Moth
|-damage|p2a: Iron Moth|0 fnt
|faint|p2a: Iron Moth
|-end|p2a: Iron Moth|Quark Drive|[silent]
|
|upkeep
|
|t:|1760823354
|switch|p2a: Iron Jugulis|Iron Jugulis, shiny|100/100
|-enditem|p2a: Iron Jugulis|Booster Energy
|-activate|p2a: Iron Jugulis|ability: Quark Drive|[fromitem]
|-start|p2a: Iron Jugulis|quarkdrivespe
|turn|5
|
|t:|1760823358
|-end|p1a: Zanpakuto🗡️|Quark Drive|[silent]
|switch|p1a: Gang bang|Maushold-Four|100/100
|move|p2a: Iron Jugulis|Dark Pulse|p1a: Gang bang
|-damage|p1a: Gang bang|70/100
|
|upkeep
|turn|6
|
|t:|1760823365
|move|p2a: Iron Jugulis|Hurricane|p1a: Gang bang
|-damage|p1a: Gang bang|26/100
|move|p1a: Gang bang|Tidy Up|p1a: Gang bang
|-boost|p1a: Gang bang|atk|1
|-boost|p1a: Gang bang|spe|1
|
|upkeep
|turn|7
|
|t:|1760823368
|move|p1a: Gang bang|Population Bomb|p2a: Iron Jugulis
|-damage|p2a: Iron Jugulis|82/100
|-damage|p2a: Iron Jugulis|63/100
|-damage|p2a: Iron Jugulis|44/100
|-damage|p2a: Iron Jugulis|27/100
|-damage|p2a: Iron Jugulis|7/100
|-damage|p2a: Iron Jugulis|0 fnt
|faint|p2a: Iron Jugulis
|-end|p2a: Iron Jugulis|Quark Drive|[silent]
|-hitcount|p2: Iron Jugulis|6
|
|upkeep
|
|t:|1760823370
|switch|p2a: Comfey|Comfey, M|100/100
|turn|8
|
|t:|1760823376
|-terastallize|p1a: Gang bang|Fire
|move|p2a: Comfey|Draining Kiss|p1a: Gang bang
|-resisted|p1a: Gang bang
|-damage|p1a: Gang bang|15/100
|move|p1a: Gang bang|Population Bomb|p2a: Comfey
|-damage|p2a: Comfey|81/100
|-damage|p2a: Comfey|61/100
|-hitcount|p2a: Comfey|2
|
|upkeep
|turn|9
|
|t:|1760823383
|move|p2a: Comfey|Draining Kiss|p1a: Gang bang
|-resisted|p1a: Gang bang
|-damage|p1a: Gang bang|4/100
|-heal|p2a: Comfey|69/100|[from] drain|[of] p1a: Gang bang
|move|p1a: Gang bang|Population Bomb|p2a: Comfey
|-damage|p2a: Comfey|50/100
|-damage|p2a: Comfey|31/100
|-damage|p2a: Comfey|9/100
|-damage|p2a: Comfey|0 fnt
|faint|p2a: Comfey
|-hitcount|p2: Comfey|4
|
|-sideend|p1: Obito 2001|move: Light Screen
|upkeep
|
|t:|1760823390
|switch|p2a: Cloyster|Cloyster, M, shiny|100/100
|turn|10
|
|t:|1760823393
|-terastallize|p2a: Cloyster|Ghost
|move|p1a: Gang bang|Population Bomb|p2a: Cloyster
|-immune|p2a: Cloyster
|move|p2a: Cloyster|Shell Smash|p2a: Cloyster
|-unboost|p2a: Cloyster|def|1
|-unboost|p2a: Cloyster|spd|1
|-boost|p2a: Cloyster|atk|2
|-boost|p2a: Cloyster|spa|2
|-boost|p2a: Cloyster|spe|2
|
|upkeep
|turn|11
|
|t:|1760823396
|move|p2a: Cloyster|Ice Shard|p1a: Gang bang
|-resisted|p1a: Gang bang
|-damage|p1a: Gang bang|0 fnt
|faint|p1a: Gang bang
|
|upkeep
|
|t:|1760823402
|switch|p1a: Zanpakuto🗡️|Iron Crown|100/100
|turn|12
|
|t:|1760823409
|move|p2a: Cloyster|Icicle Spear|p1a: Zanpakuto🗡️
|-resisted|p1a: Zanpakuto🗡️
|-damage|p1a: Zanpakuto🗡️|89/100
|-resisted|p1a: Zanpakuto🗡️
|-damage|p1a: Zanpakuto🗡️|77/100
|-resisted|p1a: Zanpakuto🗡️
|-crit|p1a: Zanpakuto🗡️
|-damage|p1a: Zanpakuto🗡️|58/100
|-resisted|p1a: Zanpakuto🗡️
|-damage|p1a: Zanpakuto🗡️|45/100
|-resisted|p1a: Zanpakuto🗡️
|-damage|p1a: Zanpakuto🗡️|33/100
|-hitcount|p1a: Zanpakuto🗡️|5
|move|p1a: Zanpakuto🗡️|Tachyon Cutter|p2a: Cloyster
|-enditem|p2a: Cloyster|Focus Sash
|-damage|p2a: Cloyster|1/100
|-damage|p2a: Cloyster|0 fnt
|faint|p2a: Cloyster
|-hitcount|p2: Cloyster|2
|
|upkeep
|
|t:|1760823410
|switch|p2a: Zamazenta|Zamazenta|100/100
|-ability|p2a: Zamazenta|Dauntless Shield|boost
|-boost|p2a: Zamazenta|def|1
|turn|13
|
|t:|1760823415
|move|p2a: Zamazenta|Iron Defense|p2a: Zamazenta
|-boost|p2a: Zamazenta|def|2
|move|p1a: Zanpakuto🗡️|Tachyon Cutter|p2a: Zamazenta
|-damage|p2a: Zamazenta|66/100
|-damage|p2a: Zamazenta|29/100
|-hitcount|p2a: Zamazenta|2
|
|-heal|p2a: Zamazenta|35/100|[from] item: Leftovers
|upkeep
|turn|14
|
|t:|1760823418
|move|p2a: Zamazenta|Body Press|p1a: Zanpakuto🗡️
|-crit|p1a: Zanpakuto🗡️
|-damage|p1a: Zanpakuto🗡️|0 fnt
|faint|p1a: Zanpakuto🗡️
|-end|p1a: Zanpakuto🗡️|Quark Drive|[silent]
|
|-heal|p2a: Zamazenta|41/100|[from] item: Leftovers
|upkeep
|
|t:|1760823423
|switch|p1a: Huh-Yunjin💋|Comfey, F|100/100
|turn|15
|
|t:|1760823426
|move|p1a: Huh-Yunjin💋|Draining Kiss|p2a: Zamazenta
|-supereffective|p2a: Zamazenta
|-damage|p2a: Zamazenta|4/100
|move|p2a: Zamazenta|Body Press|p1a: Huh-Yunjin💋
|-resisted|p1a: Huh-Yunjin💋
|-damage|p1a: Huh-Yunjin💋|44/100
|
|-heal|p2a: Zamazenta|10/100|[from] item: Leftovers
|upkeep
|turn|16
|
|t:|1760823428
|move|p1a: Huh-Yunjin💋|Draining Kiss|p2a: Zamazenta
|-supereffective|p2a: Zamazenta
|-damage|p2a: Zamazenta|0 fnt
|-heal|p1a: Huh-Yunjin💋|51/100|[from] drain|[of] p2a: Zamazenta
|faint|p2a: Zamazenta
|
|win|Obito 2001
|raw|Obito 2001's rating: 1705 &rarr; <strong>1726</strong><br />(+21 for winning)
|raw|ChiefGreenLeaf3's rating: 1724 &rarr; <strong>1703</strong><br />(-21 for losing)
|l|☆ChiefGreenLeaf3
|player|p2|
|l|☆Obito 2001
|player|p1|
