|j|☆bloodybellbottoms
|j|☆Izlymoney
|t:|1760872764
|gametype|singles
|player|p1|bloodybellbottoms|2|1449
|player|p2|Izlymoney|dragontamer|1466
|gen|9
|tier|[Gen 9] OU
|rated|
|rule|HP Percentage Mod: HP is shown in percentages
|rule|Endless Battle Clause: Forcing endless battles is banned
|rule|Species Clause: Limit one of each Pokémon
|rule|OHKO Clause: OHKO moves are banned
|rule|Evasion Items Clause: Evasion items are banned
|rule|Evasion Moves Clause: Evasion moves are banned
|rule|Evasion Abilities Clause: Evasion abilities are banned
|rule|Sleep Moves Clause: Sleep-inducing moves are banned
|clearpoke
|poke|p1|Lokix, M|
|poke|p1|Cinderace, M|
|poke|p1|Great Tusk|
|poke|p1|Alomomola, M|
|poke|p1|Enamorus, F|
|poke|p1|Slowking-Galar, F|
|poke|p2|Pelipper, F|
|poke|p2|Tornadus-Therian, M|
|poke|p2|Iron Treads|
|poke|p2|Decidueye-Hisui, M|
|poke|p2|Barraskewda, M|
|poke|p2|Raging Bolt|
|teampreview
|inactive|Battle timer is ON: inactive players will automatically lose when time's up. (requested by bloodybellbottoms)
|
|t:|1760872789
|teamsize|p1|6
|teamsize|p2|6
|start
|switch|p1a: Lokix|Lokix, M|100/100
|switch|p2a: Barraskewda|Barraskewda, M|100/100
|turn|1
|
|t:|1760872798
|switch|p2a: Pelipper|Pelipper, F|100/100
|-weather|RainDance|[from] ability: Drizzle|[of] p2a: Pelipper
|move|p1a: Lokix|U-turn|p2a: Pelipper
|-resisted|p2a: Pelipper
|-damage|p2a: Pelipper|65/100
|
|t:|1760872814
|switch|p1a: Slowking|Slowking-Galar, F|100/100|[from] U-turn
|
|-weather|RainDance|[upkeep]
|upkeep
|turn|2
|
|t:|1760872820
|move|p2a: Pelipper|U-turn|p1a: Slowking
|-damage|p1a: Slowking|94/100
|
|t:|1760872822
|switch|p2a: Iron Treads|Iron Treads|100/100|[from] U-turn
|-prepare|p1a: Slowking|Chilly Reception|[premajor]
|move|p1a: Slowking|Chilly Reception|p1a: Slowking
|-weather|Snowscape
|
|t:|1760872829
|switch|p1a: Great Tusk|Great Tusk|100/100|[from] Chilly Reception
|
|-weather|Snowscape|[upkeep]
|upkeep
|turn|3
|
|t:|1760872836
|-end|p2a: Iron Treads|Quark Drive|[silent]
|switch|p2a: Decidueye|Decidueye-Hisui, M|100/100
|move|p1a: Great Tusk|Knock Off|p2a: Decidueye
|-resisted|p2a: Decidueye
|-damage|p2a: Decidueye|90/100
|-damage|p1a: Great Tusk|84/100|[from] item: Rocky Helmet|[of] p2a: Decidueye
|-enditem|p2a: Decidueye|Rocky Helmet|[from] move: Knock Off|[of] p1a: Great Tusk
|
|-weather|Snowscape|[upkeep]
|-heal|p1a: Great Tusk|90/100|[from] item: Leftovers
|upkeep
|turn|4
|
|t:|1760872843
|move|p1a: Great Tusk|Bulk Up|p1a: Great Tusk
|-boost|p1a: Great Tusk|atk|1
|-boost|p1a: Great Tusk|def|1
|move|p2a: Decidueye|Triple Arrows|p1a: Great Tusk
|-damage|p1a: Great Tusk|77/100
|-unboost|p1a: Great Tusk|def|1
|
|-weather|Snowscape|[upkeep]
|-heal|p1a: Great Tusk|83/100|[from] item: Leftovers
|upkeep
|turn|5
|
|t:|1760872853
|move|p1a: Great Tusk|Knock Off|p2a: Decidueye
|-resisted|p2a: Decidueye
|-damage|p2a: Decidueye|80/100
|move|p2a: Decidueye|U-turn|p1a: Great Tusk
|-resisted|p1a: Great Tusk
|-damage|p1a: Great Tusk|79/100
|
|t:|1760872854
|switch|p2a: Tornadus|Tornadus-Therian, M|100/100|[from] U-turn
|
|-weather|Snowscape|[upkeep]
|-heal|p1a: Great Tusk|85/100|[from] item: Leftovers
|upkeep
|turn|6
|
|t:|1760872862
|-end|p1a: Great Tusk|Protosynthesis|[silent]
|switch|p1a: Slowking|Slowking-Galar, F|100/100
|move|p2a: Tornadus|Weather Ball|p1a: Slowking
|-damage|p1a: Slowking|62/100
|
|-weather|none
|upkeep
|turn|7
|
|t:|1760872867
|switch|p2a: Iron Treads|Iron Treads|100/100
|-prepare|p1a: Slowking|Chilly Reception|[premajor]
|move|p1a: Slowking|Chilly Reception|p1a: Slowking
|-weather|Snowscape
|
|t:|1760872874
|switch|p1a: Great Tusk|Great Tusk|85/100|[from] Chilly Reception
|
|-weather|Snowscape|[upkeep]
|-heal|p1a: Great Tusk|91/100|[from] item: Leftovers
|upkeep
|turn|8
|
|t:|1760872877
|-end|p2a: Iron Treads|Quark Drive|[silent]
|switch|p2a: Pelipper|Pelipper, F|65/100
|-weather|RainDance|[from] ability: Drizzle|[of] p2a: Pelipper
|move|p1a: Great Tusk|Bulk Up|p1a: Great Tusk
|-boost|p1a: Great Tusk|atk|1
|-boost|p1a: Great Tusk|def|1
|
|-weather|RainDance|[upkeep]
|-heal|p1a: Great Tusk|97/100|[from] item: Leftovers
|upkeep
|turn|9
|
|t:|1760872884
|-end|p1a: Great Tusk|Protosynthesis|[silent]
|switch|p1a: Alomomola|Alomomola, M|100/100
|move|p2a: Pelipper|Surf|p1a: Alomomola
|-resisted|p1a: Alomomola
|-damage|p1a: Alomomola|90/100
|
|-weather|RainDance|[upkeep]
|upkeep
|turn|10
|
|t:|1760872890
|move|p1a: Alomomola|Flip Turn|p2a: Pelipper
|-resisted|p2a: Pelipper
|-damage|p2a: Pelipper|56/100
|
|t:|1760872894
|switch|p1a: Slowking|Slowking-Galar, F|95/100|[from] Flip Turn
|move|p2a: Pelipper|U-turn|p1a: Slowking
|-damage|p1a: Slowking|89/100
|
|t:|1760872898
|switch|p2a: Barraskewda|Barraskewda, M|100/100|[from] U-turn
|
|-weather|RainDance|[upkeep]
|upkeep
|turn|11
|
|t:|1760872904
|-terastallize|p1a: Slowking|Water
|move|p2a: Barraskewda|Flip Turn|p1a: Slowking
|-resisted|p1a: Slowking
|-damage|p1a: Slowking|66/100
|-damage|p2a: Barraskewda|91/100|[from] item: Life Orb
|
|t:|1760872913
|switch|p2a: Tornadus|Tornadus-Therian, M|100/100|[from] Flip Turn
|-prepare|p1a: Slowking|Chilly Reception|[premajor]
|move|p1a: Slowking|Chilly Reception|p1a: Slowking
|-weather|Snowscape
|
|t:|1760872919
|switch|p1a: Alomomola|Alomomola, M|100/100|[from] Chilly Reception
|
|-weather|Snowscape|[upkeep]
|upkeep
|turn|12
|
|t:|1760872922
|move|p2a: Tornadus|Hurricane|p1a: Alomomola
|-damage|p1a: Alomomola|65/100
|-start|p1a: Alomomola|confusion
|-activate|p1a: Alomomola|confusion
|-damage|p1a: Alomomola|60/100|[from] confusion
|
|-weather|Snowscape|[upkeep]
|upkeep
|turn|13
|
|t:|1760872934
|switch|p2a: Barraskewda|Barraskewda, M|91/100
|switch|p1a: Slowking|Slowking-Galar, F, tera:Water|99/100
|
|-weather|Snowscape|[upkeep]
|upkeep
|turn|14
|
|t:|1760872941
|move|p2a: Barraskewda|Flip Turn|p1a: Slowking
|-resisted|p1a: Slowking
|-damage|p1a: Slowking|82/100
|-damage|p2a: Barraskewda|81/100|[from] item: Life Orb
|
|t:|1760872943
|switch|p2a: Iron Treads|Iron Treads|100/100|[from] Flip Turn
|move|p1a: Slowking|Future Sight|p2a: Iron Treads
|-start|p1a: Slowking|move: Future Sight
|
|-weather|Snowscape|[upkeep]
|upkeep
|turn|15
|
|t:|1760872948
|move|p2a: Iron Treads|Stealth Rock|p1a: Slowking
|-sidestart|p1: bloodybellbottoms|move: Stealth Rock
|-prepare|p1a: Slowking|Chilly Reception|[premajor]
|move|p1a: Slowking|Chilly Reception|p1a: Slowking
|
|t:|1760872951
|switch|p1a: Cinderace|Cinderace, M|100/100|[from] Chilly Reception
|
|-weather|none
|upkeep
|turn|16
|
|t:|1760872959
|move|p1a: Cinderace|Court Change|p1a: Cinderace
|-swapsideconditions
|-activate|p1a: Cinderace|move: Court Change
|move|p2a: Iron Treads|Rapid Spin|p1a: Cinderace
|-crit|p1a: Cinderace
|-damage|p1a: Cinderace|76/100
|-boost|p2a: Iron Treads|spe|1
|-sideend|p2: Izlymoney|Stealth Rock|[from] move: Rapid Spin|[of] p2a: Iron Treads
|
|-end|p2a: Iron Treads|move: Future Sight
|-resisted|p2a: Iron Treads
|-damage|p2a: Iron Treads|82/100
|-heal|p2a: Iron Treads|88/100|[from] item: Leftovers
|upkeep
|turn|17
|
|t:|1760872966
|move|p2a: Iron Treads|Earthquake|p1a: Cinderace
|-supereffective|p1a: Cinderace
|-damage|p1a: Cinderace|0 fnt
|faint|p1a: Cinderace
|
|-heal|p2a: Iron Treads|94/100|[from] item: Leftovers
|upkeep
|
|t:|1760872969
|switch|p1a: Great Tusk|Great Tusk|97/100
|turn|18
|
|t:|1760872975
|-end|p2a: Iron Treads|Quark Drive|[silent]
|switch|p2a: Pelipper|Pelipper, F|56/100
|-weather|RainDance|[from] ability: Drizzle|[of] p2a: Pelipper
|move|p1a: Great Tusk|Knock Off|p2a: Pelipper
|-damage|p2a: Pelipper|35/100
|-enditem|p2a: Pelipper|Damp Rock|[from] move: Knock Off|[of] p1a: Great Tusk
|
|-weather|RainDance|[upkeep]
|-heal|p1a: Great Tusk|100/100|[from] item: Leftovers
|upkeep
|turn|19
|
|t:|1760872982
|-end|p1a: Great Tusk|Protosynthesis|[silent]
|switch|p1a: Slowking|Slowking-Galar, F, tera:Water|100/100
|move|p2a: Pelipper|Roost|p2a: Pelipper
|-heal|p2a: Pelipper|85/100
|-singleturn|p2a: Pelipper|move: Roost
|
|-weather|RainDance|[upkeep]
|upkeep
|turn|20
|
|t:|1760872991
|move|p2a: Pelipper|U-turn|p1a: Slowking
|-damage|p1a: Slowking|93/100
|
|t:|1760872995
|switch|p2a: Iron Treads|Iron Treads|94/100|[from] U-turn
|move|p1a: Slowking|Ice Beam|p2a: Iron Treads
|-damage|p2a: Iron Treads|75/100
|
|-weather|RainDance|[upkeep]
|-heal|p2a: Iron Treads|81/100|[from] item: Leftovers
|upkeep
|turn|21
|
|t:|1760873010
|move|p2a: Iron Treads|Stealth Rock|p1a: Slowking
|-sidestart|p1: bloodybellbottoms|move: Stealth Rock
|-prepare|p1a: Slowking|Chilly Reception|[premajor]
|move|p1a: Slowking|Chilly Reception|p1a: Slowking
|-weather|Snowscape
|
|t:|1760873013
|switch|p1a: Great Tusk|Great Tusk|100/100|[from] Chilly Reception
|-damage|p1a: Great Tusk|98/100|[from] Stealth Rock
|
|-weather|Snowscape|[upkeep]
|-heal|p2a: Iron Treads|87/100|[from] item: Leftovers
|-heal|p1a: Great Tusk|100/100|[from] item: Leftovers
|upkeep
|turn|22
|
|t:|1760873019
|-end|p2a: Iron Treads|Quark Drive|[silent]
|switch|p2a: Pelipper|Pelipper, F|85/100
|-weather|RainDance|[from] ability: Drizzle|[of] p2a: Pelipper
|move|p1a: Great Tusk|Rapid Spin|p2a: Pelipper
|-damage|p2a: Pelipper|74/100
|-boost|p1a: Great Tusk|spe|1
|-sideend|p1: bloodybellbottoms|Stealth Rock|[from] move: Rapid Spin|[of] p1a: Great Tusk
|
|-weather|RainDance|[upkeep]
|upkeep
|turn|23
|
|t:|1760873031
|move|p1a: Great Tusk|Bulk Up|p1a: Great Tusk
|-boost|p1a: Great Tusk|atk|1
|-boost|p1a: Great Tusk|def|1
|move|p2a: Pelipper|U-turn|p1a: Great Tusk
|-resisted|p1a: Great Tusk
|-damage|p1a: Great Tusk|99/100
|
|t:|1760873035
|switch|p2a: Barraskewda|Barraskewda, M|81/100|[from] U-turn
|
|-weather|RainDance|[upkeep]
|-heal|p1a: Great Tusk|100/100|[from] item: Leftovers
|upkeep
|turn|24
|
|t:|1760873043
|-end|p1a: Great Tusk|Protosynthesis|[silent]
|switch|p1a: Slowking|Slowking-Galar, F, tera:Water|100/100
|move|p2a: Barraskewda|Flip Turn|p1a: Slowking
|-resisted|p1a: Slowking
|-damage|p1a: Slowking|77/100
|-damage|p2a: Barraskewda|71/100|[from] item: Life Orb
|
|t:|1760873059
|switch|p2a: Raging Bolt|Raging Bolt|100/100|[from] Flip Turn
|-enditem|p2a: Raging Bolt|Booster Energy
|-activate|p2a: Raging Bolt|ability: Protosynthesis|[fromitem]
|-start|p2a: Raging Bolt|protosynthesisspa
|
|-weather|RainDance|[upkeep]
|upkeep
|turn|25
|
|t:|1760873065
|switch|p1a: Great Tusk|Great Tusk|100/100
|move|p2a: Raging Bolt|Thunder|p1a: Great Tusk
|-immune|p1a: Great Tusk
|
|-weather|RainDance|[upkeep]
|upkeep
|turn|26
|
|t:|1760873070
|-terastallize|p2a: Raging Bolt|Bug
|move|p1a: Great Tusk|Earthquake|p2a: Raging Bolt
|-resisted|p2a: Raging Bolt
|-damage|p2a: Raging Bolt|82/100
|move|p2a: Raging Bolt|Weather Ball|p1a: Great Tusk
|-supereffective|p1a: Great Tusk
|-damage|p1a: Great Tusk|0 fnt
|faint|p1a: Great Tusk
|-end|p1a: Great Tusk|Protosynthesis|[silent]
|
|-weather|none
|upkeep
|
|t:|1760873076
|switch|p1a: Lokix|Lokix, M|100/100
|turn|27
|
|t:|1760873092
|move|p2a: Raging Bolt|Thunderclap|p1a: Lokix
|-damage|p1a: Lokix|0 fnt
|faint|p1a: Lokix
|
|upkeep
|-message|bloodybellbottoms forfeited.
|
|win|Izlymoney
|raw|bloodybellbottoms's rating: 1449 &rarr; <strong>1430</strong><br />(-19 for losing)
|raw|Izlymoney's rating: 1466 &rarr; <strong>1485</strong><br />(+19 for winning)
|l|☆bloodybellbottoms
|player|p1|
|l|☆Izlymoney
|player|p2|
