|j|☆idonteatpets
|j|☆ZodiacSenpai
|t:|1760759980
|gametype|singles
|player|p1|idonteatpets|169|1337
|player|p2|ZodiacSenpai|1|1323
|gen|9
|tier|[Gen 9] OU
|rated|
|rule|HP Percentage Mod: HP is shown in percentages
|rule|Endless Battle Clause: Forcing endless battles is banned
|rule|Species Clause: Limit one of each Pokémon
|rule|OHKO Clause: OHKO moves are banned
|rule|Evasion Items Clause: Evasion items are banned
|rule|Evasion Moves Clause: Evasion moves are banned
|rule|Evasion Abilities Clause: Evasion abilities are banned
|rule|Sleep Moves Clause: Sleep-inducing moves are banned
|clearpoke
|poke|p1|Landorus-Therian, M|
|poke|p1|Great Tusk|
|poke|p1|Alomomola, M|
|poke|p1|Dragapult, M|
|poke|p1|Zamazenta-*|
|poke|p1|Heatran, F|
|poke|p2|Dragapult, F|
|poke|p2|Corviknight, F|
|poke|p2|Cinderace, M|
|poke|p2|Samurott-Hisui, F|
|poke|p2|Great Tusk|
|poke|p2|Primarina, M|
|teampreview
|inactive|Battle timer is ON: inactive players will automatically lose when time's up. (requested by ZodiacSenpai)
|inactive|idonteatpets has 120 seconds left.
|
|t:|1760760018
|teamsize|p1|6
|teamsize|p2|6
|start
|switch|p1a: Landorus|Landorus-Therian, M|100/100
|switch|p2a: Cinderace|Cinderace, M, shiny|100/100
|-ability|p1a: Landorus|Intimidate|boost
|-unboost|p2a: Cinderace|atk|1
|turn|1
|
|t:|1760760024
|move|p1a: Landorus|Earthquake|p2a: Cinderace
|-supereffective|p2a: Cinderace
|-damage|p2a: Cinderace|0 fnt
|faint|p2a: Cinderace
|
|upkeep
|
|t:|1760760030
|switch|p2a: Corviknight|Corviknight, F, shiny|100/100
|turn|2
|
|t:|1760760038
|switch|p1a: Heatran|Heatran, F|100/100
|-item|p1a: Heatran|Air Balloon
|move|p2a: Corviknight|U-turn|p1a: Heatran
|-resisted|p1a: Heatran
|-damage|p1a: Heatran|97/100
|-enditem|p1a: Heatran|Air Balloon
|
|t:|1760760046
|switch|p2a: Samurott|Samurott-Hisui, F, shiny|100/100|[from] U-turn
|
|upkeep
|turn|3
|
|t:|1760760054
|move|p2a: Samurott|Ceaseless Edge|p1a: Heatran
|-damage|p1a: Heatran|54/100
|-sidestart|p1: idonteatpets|Spikes
|move|p1a: Heatran|Flash Cannon|p2a: Samurott
|-resisted|p2a: Samurott
|-damage|p2a: Samurott|81/100
|
|upkeep
|turn|4
|
|t:|1760760063
|switch|p1a: Alomomola|Alomomola, M|100/100
|-damage|p1a: Alomomola|88/100|[from] Spikes
|move|p2a: Samurott|Aqua Cutter|p1a: Alomomola
|-resisted|p1a: Alomomola
|-damage|p1a: Alomomola|74/100
|
|upkeep
|turn|5
|
|t:|1760760080
|move|p2a: Samurott|Ceaseless Edge|p1a: Alomomola
|-damage|p1a: Alomomola|50/100
|-damage|p2a: Samurott|65/100|[from] item: Rocky Helmet|[of] p1a: Alomomola
|-sidestart|p1: idonteatpets|Spikes
|move|p1a: Alomomola|Wish|p1a: Alomomola
|
|upkeep
|turn|6
|
|t:|1760760094
|switch|p2a: Primarina|Primarina, M, shiny|100/100
|move|p1a: Alomomola|Flip Turn|p2a: Primarina
|-resisted|p2a: Primarina
|-damage|p2a: Primarina|94/100
|
|t:|1760760105
|switch|p1a: Heatran|Heatran, F|54/100|[from] Flip Turn
|-damage|p1a: Heatran|38/100|[from] Spikes
|
|-heal|p1a: Heatran|100/100|[from] move: Wish|[wisher] Alomomola
|-heal|p2a: Primarina|99/100|[from] item: Leftovers
|upkeep
|turn|7
|
|t:|1760760120
|switch|p1a: Alomomola|Alomomola, M|83/100
|-damage|p1a: Alomomola|66/100|[from] Spikes
|move|p2a: Primarina|Calm Mind|p2a: Primarina
|-boost|p2a: Primarina|spa|1
|-boost|p2a: Primarina|spd|1
|
|-heal|p2a: Primarina|100/100|[from] item: Leftovers
|upkeep
|turn|8
|inactive|idonteatpets has 120 seconds left.
|
|t:|1760760151
|move|p1a: Alomomola|Wish|p1a: Alomomola
|move|p2a: Primarina|Substitute|p2a: Primarina
|-start|p2a: Primarina|Substitute
|-damage|p2a: Primarina|75/100
|
|-heal|p2a: Primarina|82/100|[from] item: Leftovers
|upkeep
|turn|9
|
|t:|1760760174
|move|p1a: Alomomola|Flip Turn|p2a: Primarina
|-resisted|p2a: Primarina
|-activate|p2a: Primarina|move: Substitute|[damage]
|inactive|idonteatpets has 90 seconds left.
|inactive|idonteatpets has 60 seconds left.
|
|t:|1760760217
|switch|p1a: Heatran|Heatran, F|100/100|[from] Flip Turn
|-damage|p1a: Heatran|84/100|[from] Spikes
|move|p2a: Primarina|Calm Mind|p2a: Primarina
|-boost|p2a: Primarina|spa|1
|-boost|p2a: Primarina|spd|1
|
|-heal|p1a: Heatran|100/100|[from] move: Wish|[wisher] Alomomola
|-heal|p2a: Primarina|88/100|[from] item: Leftovers
|upkeep
|turn|10
|inactive|idonteatpets has 60 seconds left.
|
|t:|1760760238
|-terastallize|p1a: Heatran|Fairy
|move|p1a: Heatran|Taunt|p2a: Primarina
|-start|p2a: Primarina|move: Taunt
|move|p2a: Primarina|Psychic Noise|p1a: Heatran
|-damage|p1a: Heatran|49/100
|-start|p1a: Heatran|move: Heal Block
|
|-heal|p2a: Primarina|94/100|[from] item: Leftovers
|upkeep
|turn|11
|
|t:|1760760250
|move|p1a: Heatran|Flash Cannon|p2a: Primarina
|-end|p2a: Primarina|Substitute
|move|p2a: Primarina|Psychic Noise|p1a: Heatran
|-damage|p1a: Heatran|0 fnt
|faint|p1a: Heatran
|
|-heal|p2a: Primarina|99/100|[from] item: Leftovers
|upkeep
|
|t:|1760760256
|switch|p1a: Alomomola|Alomomola, M|99/100
|-damage|p1a: Alomomola|83/100|[from] Spikes
|turn|12
|
|t:|1760760262
|move|p2a: Primarina|Psychic Noise|p1a: Alomomola
|-resisted|p1a: Alomomola
|-damage|p1a: Alomomola|48/100
|-start|p1a: Alomomola|move: Heal Block
|move|p1a: Alomomola|Mirror Coat|p2a: Primarina
|-damage|p2a: Primarina|0 fnt
|faint|p2a: Primarina
|
|upkeep
|
|t:|1760760272
|switch|p2a: Dragapult|Dragapult, F, shiny|100/100
|turn|13
|
|t:|1760760286
|move|p2a: Dragapult|Dragon Darts|p1a: Alomomola
|-damage|p1a: Alomomola|37/100
|-anim|p2a: Dragapult|Dragon Darts|p1a: Alomomola
|-damage|p1a: Alomomola|24/100
|move|p1a: Alomomola|Ice Beam|p2a: Dragapult
|-supereffective|p2a: Dragapult
|-crit|p2a: Dragapult
|-damage|p2a: Dragapult|63/100
|
|-end|p1a: Alomomola|move: Heal Block
|upkeep
|turn|14
|inactive|idonteatpets has 60 seconds left.
|
|t:|1760760303
|switch|p1a: Zamazenta|Zamazenta|100/100
|-damage|p1a: Zamazenta|84/100|[from] Spikes
|-ability|p1a: Zamazenta|Dauntless Shield|boost
|-boost|p1a: Zamazenta|def|1
|move|p2a: Dragapult|Dragon Darts|p1a: Zamazenta
|-damage|p1a: Zamazenta|72/100
|-anim|p2a: Dragapult|Dragon Darts|p1a: Zamazenta
|-damage|p1a: Zamazenta|61/100
|
|upkeep
|turn|15
|inactive|idonteatpets has 60 seconds left.
|inactive|ZodiacSenpai has 120 seconds left.
|
|t:|1760760333
|move|p2a: Dragapult|Will-O-Wisp|p1a: Zamazenta
|-status|p1a: Zamazenta|brn
|move|p1a: Zamazenta|Thunder Fang|p2a: Dragapult|[miss]
|-miss|p1a: Zamazenta|p2a: Dragapult
|
|-damage|p1a: Zamazenta|55/100 brn|[from] brn
|upkeep
|turn|16
|inactive|idonteatpets has 60 seconds left.
|
|t:|1760760350
|move|p2a: Dragapult|Hex|p1a: Zamazenta
|-damage|p1a: Zamazenta|12/100 brn
|move|p1a: Zamazenta|Thunder Fang|p2a: Dragapult
|-resisted|p2a: Dragapult
|-damage|p2a: Dragapult|56/100
|
|-damage|p1a: Zamazenta|6/100 brn|[from] brn
|upkeep
|turn|17
|inactive|idonteatpets has 60 seconds left.
|
|t:|1760760359
|switch|p1a: Alomomola|Alomomola, M|58/100
|-damage|p1a: Alomomola|41/100|[from] Spikes
|move|p2a: Dragapult|Dragon Darts|p1a: Alomomola
|-damage|p1a: Alomomola|29/100
|-anim|p2a: Dragapult|Dragon Darts|p1a: Alomomola
|-damage|p1a: Alomomola|18/100
|
|upkeep
|turn|18
|inactive|idonteatpets has 60 seconds left.
|
|t:|1760760373
|switch|p1a: Great Tusk|Great Tusk|100/100
|-damage|p1a: Great Tusk|84/100|[from] Spikes
|-enditem|p1a: Great Tusk|Booster Energy
|-activate|p1a: Great Tusk|ability: Protosynthesis|[fromitem]
|-start|p1a: Great Tusk|protosynthesisatk
|move|p2a: Dragapult|Dragon Darts|p1a: Great Tusk
|-damage|p1a: Great Tusk|69/100
|-anim|p2a: Dragapult|Dragon Darts|p1a: Great Tusk
|-crit|p1a: Great Tusk
|-damage|p1a: Great Tusk|45/100
|
|upkeep
|turn|19
|inactive|idonteatpets has 60 seconds left.
|
|t:|1760760390
|move|p2a: Dragapult|Will-O-Wisp|p1a: Great Tusk
|-status|p1a: Great Tusk|brn
|move|p1a: Great Tusk|Ice Spinner|p2a: Dragapult
|-supereffective|p2a: Dragapult
|-damage|p2a: Dragapult|3/100
|
|-damage|p1a: Great Tusk|39/100 brn|[from] brn
|upkeep
|turn|20
|inactive|idonteatpets has 60 seconds left.
|
|t:|1760760406
|-end|p1a: Great Tusk|Protosynthesis|[silent]
|switch|p1a: Zamazenta|Zamazenta|6/100 brn
|-damage|p1a: Zamazenta|0 fnt|[from] Spikes
|faint|p1a: Zamazenta
|move|p2a: Dragapult|Hex|p1: Zamazenta|[notarget]
|-fail|p2a: Dragapult
|
|upkeep
|
|t:|1760760421
|switch|p1a: Landorus|Landorus-Therian, M|100/100
|-ability|p1a: Landorus|Intimidate|boost
|-unboost|p2a: Dragapult|atk|1
|turn|21
|
|t:|1760760428
|switch|p2a: Corviknight|Corviknight, F, shiny|100/100
|move|p1a: Landorus|U-turn|p2a: Corviknight
|-resisted|p2a: Corviknight
|-damage|p2a: Corviknight|96/100
|-damage|p1a: Landorus|84/100|[from] item: Rocky Helmet|[of] p2a: Corviknight
|
|t:|1760760435
|switch|p1a: Alomomola|Alomomola, M|51/100|[from] U-turn
|-damage|p1a: Alomomola|35/100|[from] Spikes
|
|upkeep
|turn|22
|
|t:|1760760454
|move|p2a: Corviknight|U-turn|p1a: Alomomola
|-damage|p1a: Alomomola|27/100
|-damage|p2a: Corviknight|79/100|[from] item: Rocky Helmet|[of] p1a: Alomomola
|
|t:|1760760462
|switch|p2a: Dragapult|Dragapult, F, shiny|3/100|[from] U-turn
|move|p1a: Alomomola|Wish|p1a: Alomomola
|
|upkeep
|turn|23
|inactive|idonteatpets has 60 seconds left.
|
|t:|1760760485
|switch|p1a: Landorus|Landorus-Therian, M|84/100
|-ability|p1a: Landorus|Intimidate|boost
|-unboost|p2a: Dragapult|atk|1
|move|p2a: Dragapult|Will-O-Wisp|p1a: Landorus
|-status|p1a: Landorus|brn
|
|-heal|p1a: Landorus|100/100 brn|[from] move: Wish|[wisher] Alomomola
|-damage|p1a: Landorus|95/100 brn|[from] brn
|upkeep
|turn|24
|inactive|idonteatpets has 60 seconds left.
|
|t:|1760760496
|switch|p2a: Corviknight|Corviknight, F, shiny|79/100
|move|p1a: Landorus|U-turn|p2a: Corviknight
|-resisted|p2a: Corviknight
|-damage|p2a: Corviknight|77/100
|-damage|p1a: Landorus|78/100 brn|[from] item: Rocky Helmet|[of] p2a: Corviknight
|
|t:|1760760500
|switch|p1a: Alomomola|Alomomola, M|60/100|[from] U-turn
|-damage|p1a: Alomomola|44/100|[from] Spikes
|
|upkeep
|turn|25
|
|t:|1760760506
|move|p2a: Corviknight|Iron Defense|p2a: Corviknight
|-boost|p2a: Corviknight|def|2
|move|p1a: Alomomola|Wish|p1a: Alomomola
|
|upkeep
|turn|26
|
|t:|1760760515
|move|p2a: Corviknight|Iron Defense|p2a: Corviknight
|-boost|p2a: Corviknight|def|2
|move|p1a: Alomomola|Flip Turn|p2a: Corviknight
|-damage|p2a: Corviknight|73/100
|-damage|p1a: Alomomola|27/100|[from] item: Rocky Helmet|[of] p2a: Corviknight
|
|t:|1760760518
|switch|p1a: Great Tusk|Great Tusk|39/100 brn|[from] Flip Turn
|-damage|p1a: Great Tusk|22/100 brn|[from] Spikes
|
|-heal|p1a: Great Tusk|94/100 brn|[from] move: Wish|[wisher] Alomomola
|-damage|p1a: Great Tusk|88/100 brn|[from] brn
|upkeep
|turn|27
|
|t:|1760760528
|move|p1a: Great Tusk|Rapid Spin|p2a: Corviknight
|-resisted|p2a: Corviknight
|-damage|p2a: Corviknight|72/100
|-boost|p1a: Great Tusk|spe|1
|-damage|p1a: Great Tusk|72/100 brn|[from] item: Rocky Helmet|[of] p2a: Corviknight
|-sideend|p1: idonteatpets|Spikes|[from] move: Rapid Spin|[of] p1a: Great Tusk
|move|p2a: Corviknight|Iron Defense|p2a: Corviknight
|-boost|p2a: Corviknight|def|2
|
|-damage|p1a: Great Tusk|65/100 brn|[from] brn
|upkeep
|turn|28
|inactive|idonteatpets has 90 seconds left.
|
|t:|1760760539
|move|p1a: Great Tusk|Stealth Rock|p2a: Corviknight
|-sidestart|p2: ZodiacSenpai|move: Stealth Rock
|move|p2a: Corviknight|Body Press|p1a: Great Tusk
|-damage|p1a: Great Tusk|0 fnt
|faint|p1a: Great Tusk
|-end|p1a: Great Tusk|Protosynthesis|[silent]
|
|upkeep
|
|t:|1760760551
|switch|p1a: Landorus|Landorus-Therian, M|78/100 brn
|-ability|p1a: Landorus|Intimidate|boost
|-ability|p2a: Corviknight|Mirror Armor
|-unboost|p1a: Landorus|atk|1
|turn|29
|
|t:|1760760577
|move|p1a: Landorus|Grass Knot|p2a: Corviknight
|-resisted|p2a: Corviknight
|-damage|p2a: Corviknight|68/100
|-damage|p1a: Landorus|61/100 brn|[from] item: Rocky Helmet|[of] p2a: Corviknight
|move|p2a: Corviknight|Body Press|p1a: Landorus
|-resisted|p1a: Landorus
|-damage|p1a: Landorus|6/100 brn
|
|-damage|p1a: Landorus|0 fnt|[from] brn
|faint|p1a: Landorus
|upkeep
|
|t:|1760760586
|switch|p1a: Alomomola|Alomomola, M|60/100
|turn|30
|
|t:|1760760593
|move|p2a: Corviknight|Body Press|p1a: Alomomola
|-damage|p1a: Alomomola|7/100
|-damage|p2a: Corviknight|51/100|[from] item: Rocky Helmet|[of] p1a: Alomomola
|move|p1a: Alomomola|Wish|p1a: Alomomola
|
|upkeep
|turn|31
|
|t:|1760760600
|switch|p1a: Dragapult|Dragapult, M|100/100
|move|p2a: Corviknight|Roost|p2a: Corviknight
|-heal|p2a: Corviknight|100/100
|-singleturn|p2a: Corviknight|move: Roost
|
|upkeep
|turn|32
|
|t:|1760760624
|move|p1a: Dragapult|Dragon Dance|p1a: Dragapult
|-boost|p1a: Dragapult|atk|1
|-boost|p1a: Dragapult|spe|1
|move|p2a: Corviknight|U-turn|p1a: Dragapult
|-resisted|p1a: Dragapult
|-damage|p1a: Dragapult|91/100
|
|t:|1760760631
|switch|p2a: Samurott|Samurott-Hisui, F, shiny|65/100|[from] U-turn
|-damage|p2a: Samurott|52/100|[from] Stealth Rock
|
|upkeep
|turn|33
|
|t:|1760760639
|move|p1a: Dragapult|Dragon Darts|p2a: Samurott
|-damage|p2a: Samurott|2/100
|-anim|p1a: Dragapult|Dragon Darts|p2a: Samurott
|-damage|p2a: Samurott|0 fnt
|faint|p2a: Samurott
|
|upkeep
|
|t:|1760760645
|switch|p2a: Great Tusk|Great Tusk, shiny|100/100
|-damage|p2a: Great Tusk|98/100|[from] Stealth Rock
|-enditem|p2a: Great Tusk|Booster Energy
|-activate|p2a: Great Tusk|ability: Protosynthesis|[fromitem]
|-start|p2a: Great Tusk|protosynthesisatk
|turn|34
|
|t:|1760760668
|move|p1a: Dragapult|Dragon Darts|p2a: Great Tusk
|-damage|p2a: Great Tusk|64/100
|-anim|p1a: Dragapult|Dragon Darts|p2a: Great Tusk
|-damage|p2a: Great Tusk|28/100
|move|p2a: Great Tusk|Knock Off|p1a: Dragapult
|-supereffective|p1a: Dragapult
|-damage|p1a: Dragapult|0 fnt
|-enditem|p1a: Dragapult|Dragon Fang|[from] move: Knock Off|[of] p2a: Great Tusk
|faint|p1a: Dragapult
|
|upkeep
|
|t:|1760760675
|switch|p1a: Alomomola|Alomomola, M|40/100
|turn|35
|
|t:|1760760679
|move|p2a: Great Tusk|Earthquake|p1a: Alomomola
|-damage|p1a: Alomomola|5/100
|move|p1a: Alomomola|Wish|p1a: Alomomola
|
|upkeep
|turn|36
|c|☆idonteatpets|gg
|
|t:|1760760686
|move|p2a: Great Tusk|Earthquake|p1a: Alomomola
|-damage|p1a: Alomomola|0 fnt
|faint|p1a: Alomomola
|
|win|ZodiacSenpai
|raw|idonteatpets's rating: 1337 &rarr; <strong>1316</strong><br />(-21 for losing)
|raw|ZodiacSenpai's rating: 1323 &rarr; <strong>1344</strong><br />(+21 for winning)
|l|☆ZodiacSenpai
|player|p2|
