|j|☆TheTheyThemler
|j|☆scitlz
|t:|1760885776
|gametype|singles
|player|p1|TheTheyThemler|n|1166
|player|p2|scitlz|1|1172
|gen|9
|tier|[Gen 9] OU
|rated|
|rule|HP Percentage Mod: HP is shown in percentages
|rule|Endless Battle Clause: Forcing endless battles is banned
|rule|Species Clause: Limit one of each Pokémon
|rule|OHKO Clause: OHKO moves are banned
|rule|Evasion Items Clause: Evasion items are banned
|rule|Evasion Moves Clause: Evasion moves are banned
|rule|Evasion Abilities Clause: Evasion abilities are banned
|rule|Sleep Moves Clause: Sleep-inducing moves are banned
|clearpoke
|poke|p1|Charjabug, F|
|poke|p1|Serperior, F|
|poke|p1|Ceruledge, F|
|poke|p1|Gholdengo|
|poke|p1|Umbreon, F|
|poke|p1|Great Tusk|
|poke|p2|Pelipper, F|
|poke|p2|Barraskewda, F|
|poke|p2|Zapdos|
|poke|p2|Great Tusk|
|poke|p2|Kingambit, F|
|poke|p2|Pawmot, F|
|teampreview
|
|t:|1760885840
|teamsize|p1|6
|teamsize|p2|6
|start
|switch|p1a: 🚍|Charjabug, F, shiny|100/100
|switch|p2a: Pelipper|Pelipper, F|100/100
|-weather|RainDance|[from] ability: Drizzle|[of] p2a: Pelipper
|turn|1
|
|t:|1760885872
|move|p2a: Pelipper|Surf|p1a: 🚍
|-damage|p1a: 🚍|57/100
|move|p1a: 🚍|Sticky Web|p2a: Pelipper
|-sidestart|p2: scitlz|move: Sticky Web
|
|-weather|RainDance|[upkeep]
|upkeep
|turn|2
|
|t:|1760885882
|switch|p2a: Great Tusk|Great Tusk|100/100
|-activate|p2a: Great Tusk|move: Sticky Web
|-unboost|p2a: Great Tusk|spe|1
|move|p1a: 🚍|Volt Switch|p2a: Great Tusk
|-immune|p2a: Great Tusk
|
|-weather|RainDance|[upkeep]
|upkeep
|turn|3
|
|t:|1760885912
|move|p2a: Great Tusk|Knock Off|p1a: 🚍
|-damage|p1a: 🚍|38/100
|-enditem|p1a: 🚍|Eviolite|[from] move: Knock Off|[of] p2a: Great Tusk
|move|p1a: 🚍|Lunge|p2a: Great Tusk
|-resisted|p2a: Great Tusk
|-damage|p2a: Great Tusk|92/100
|-unboost|p2a: Great Tusk|atk|1
|
|-weather|RainDance|[upkeep]
|-heal|p2a: Great Tusk|98/100|[from] item: Leftovers
|upkeep
|turn|4
|
|t:|1760885961
|switch|p1a: 🎩|Gholdengo|100/100
|move|p2a: Great Tusk|Rapid Spin|p1a: 🎩
|-immune|p1a: 🎩
|
|-weather|RainDance|[upkeep]
|-heal|p2a: Great Tusk|100/100|[from] item: Leftovers
|upkeep
|turn|5
|
|t:|1760885980
|-end|p2a: Great Tusk|Protosynthesis|[silent]
|switch|p2a: Zapdos|Zapdos|100/100
|move|p1a: 🎩|Dazzling Gleam|p2a: Zapdos
|-damage|p2a: Zapdos|70/100
|
|-weather|RainDance|[upkeep]
|upkeep
|turn|6
|
|t:|1760885990
|switch|p1a: 🐈‍⬛|Umbreon, F, shiny|100/100
|move|p2a: Zapdos|Thunder|p1a: 🐈‍⬛
|-damage|p1a: 🐈‍⬛|69/100
|
|-weather|RainDance|[upkeep]
|-heal|p1a: 🐈‍⬛|75/100|[from] item: Leftovers
|upkeep
|turn|7
|
|t:|1760885996
|move|p2a: Zapdos|Volt Switch|p1a: 🐈‍⬛
|-damage|p1a: 🐈‍⬛|58/100
|
|t:|1760886000
|switch|p2a: Great Tusk|Great Tusk|100/100|[from] Volt Switch
|-activate|p2a: Great Tusk|move: Sticky Web
|-unboost|p2a: Great Tusk|spe|1
|move|p1a: 🐈‍⬛|Toxic|p2a: Great Tusk
|-status|p2a: Great Tusk|tox
|
|-weather|RainDance|[upkeep]
|-heal|p1a: 🐈‍⬛|64/100|[from] item: Leftovers
|-damage|p2a: Great Tusk|94/100 tox|[from] psn
|upkeep
|turn|8
|
|t:|1760886011
|move|p1a: 🐈‍⬛|Protect|p1a: 🐈‍⬛
|-singleturn|p1a: 🐈‍⬛|Protect
|move|p2a: Great Tusk|Headlong Rush|p1a: 🐈‍⬛
|-activate|p1a: 🐈‍⬛|move: Protect
|
|-weather|none
|-heal|p2a: Great Tusk|100/100 tox|[from] item: Leftovers
|-heal|p1a: 🐈‍⬛|71/100|[from] item: Leftovers
|-damage|p2a: Great Tusk|88/100 tox|[from] psn
|upkeep
|turn|9
|
|t:|1760886026
|switch|p1a: 🎩|Gholdengo|100/100
|move|p2a: Great Tusk|Rapid Spin|p1a: 🎩
|-immune|p1a: 🎩
|
|-heal|p2a: Great Tusk|94/100 tox|[from] item: Leftovers
|-damage|p2a: Great Tusk|76/100 tox|[from] psn
|upkeep
|turn|10
|
|t:|1760886033
|move|p1a: 🎩|Dazzling Gleam|p2a: Great Tusk
|-supereffective|p2a: Great Tusk
|-damage|p2a: Great Tusk|0 fnt
|faint|p2a: Great Tusk
|-end|p2a: Great Tusk|Protosynthesis|[silent]
|
|upkeep
|
|t:|1760886041
|switch|p2a: Kingambit|Kingambit, F|100/100
|-activate|p2a: Kingambit|move: Sticky Web
|-unboost|p2a: Kingambit|spe|1
|-activate|p2a: Kingambit|ability: Supreme Overlord
|-start|p2a: Kingambit|fallen1|[silent]
|turn|11
|
|t:|1760886060
|switch|p1a: 🐘|Great Tusk, shiny|100/100
|move|p2a: Kingambit|Swords Dance|p2a: Kingambit
|-boost|p2a: Kingambit|atk|2
|
|upkeep
|turn|12
|
|t:|1760886101
|-terastallize|p2a: Kingambit|Flying
|move|p1a: 🐘|Earthquake|p2a: Kingambit
|-immune|p2a: Kingambit
|move|p2a: Kingambit|Swords Dance|p2a: Kingambit
|-boost|p2a: Kingambit|atk|2
|
|upkeep
|turn|13
|
|t:|1760886114
|move|p1a: 🐘|Knock Off|p2a: Kingambit
|-damage|p2a: Kingambit|78/100
|-enditem|p2a: Kingambit|Leftovers|[from] move: Knock Off|[of] p1a: 🐘
|move|p2a: Kingambit|Iron Head|p1a: 🐘
|-damage|p1a: 🐘|24/100
|
|-heal|p1a: 🐘|30/100|[from] item: Leftovers
|upkeep
|turn|14
|
|t:|1760886123
|move|p2a: Kingambit|Sucker Punch||[still]
|-fail|p2a: Kingambit
|move|p1a: 🐘|Stealth Rock|p2a: Kingambit
|-sidestart|p2: scitlz|move: Stealth Rock
|
|-heal|p1a: 🐘|37/100|[from] item: Leftovers
|upkeep
|turn|15
|
|t:|1760886134
|move|p1a: 🐘|Rapid Spin|p2a: Kingambit
|-damage|p2a: Kingambit|65/100
|-boost|p1a: 🐘|spe|1
|move|p2a: Kingambit|Kowtow Cleave|p1a: 🐘
|-resisted|p1a: 🐘
|-damage|p1a: 🐘|0 fnt
|faint|p1a: 🐘
|-end|p1a: 🐘|Protosynthesis|[silent]
|
|upkeep
|
|t:|1760886137
|switch|p1a: 🐍|Serperior, F, shiny|100/100
|turn|16
|
|t:|1760886149
|move|p1a: 🐍|Substitute|p1a: 🐍
|-start|p1a: 🐍|Substitute
|-damage|p1a: 🐍|75/100
|move|p2a: Kingambit|Kowtow Cleave|p1a: 🐍
|-end|p1a: 🐍|Substitute
|
|upkeep
|turn|17
|
|t:|1760886164
|switch|p1a: 🚍|Charjabug, F, shiny|38/100
|move|p2a: Kingambit|Kowtow Cleave|p1a: 🚍
|-damage|p1a: 🚍|0 fnt
|faint|p1a: 🚍
|
|upkeep
|
|t:|1760886166
|switch|p1a: 🎩|Gholdengo|100/100
|turn|18
|
|t:|1760886177
|move|p2a: Kingambit|Sucker Punch||[still]
|-fail|p2a: Kingambit
|move|p1a: 🎩|Thunder Wave|p2a: Kingambit
|-status|p2a: Kingambit|par
|
|upkeep
|turn|19
|
|t:|1760886183
|cant|p2a: Kingambit|par
|move|p1a: 🎩|Hex|p2a: Kingambit
|-damage|p2a: Kingambit|0 fnt
|faint|p2a: Kingambit
|-end|p2a: Kingambit|fallen1|[silent]
|
|upkeep
|
|t:|1760886196
|switch|p2a: Pawmot|Pawmot, F|100/100
|-activate|p2a: Pawmot|move: Sticky Web
|-unboost|p2a: Pawmot|spe|1
|-damage|p2a: Pawmot|94/100|[from] Stealth Rock
|turn|20
|
|t:|1760886205
|-terastallize|p1a: 🎩|Fairy
|move|p1a: 🎩|Dazzling Gleam|p2a: Pawmot
|-supereffective|p2a: Pawmot
|-damage|p2a: Pawmot|0 fnt
|faint|p2a: Pawmot
|
|upkeep
|
|t:|1760886212
|switch|p2a: Pelipper|Pelipper, F|100/100
|-damage|p2a: Pelipper|76/100|[from] Stealth Rock
|-weather|RainDance|[from] ability: Drizzle|[of] p2a: Pelipper
|turn|21
|
|t:|1760886216
|move|p1a: 🎩|Thunder Wave|p2a: Pelipper
|-status|p2a: Pelipper|par
|cant|p2a: Pelipper|par
|
|-weather|RainDance|[upkeep]
|upkeep
|turn|22
|
|t:|1760886220
|move|p1a: 🎩|Hex|p2a: Pelipper
|-damage|p2a: Pelipper|0 fnt
|faint|p2a: Pelipper
|
|-weather|RainDance|[upkeep]
|upkeep
|
|t:|1760886226
|switch|p2a: Barraskewda|Barraskewda, F|100/100
|-activate|p2a: Barraskewda|move: Sticky Web
|-unboost|p2a: Barraskewda|spe|1
|-damage|p2a: Barraskewda|88/100|[from] Stealth Rock
|turn|23
|
|t:|1760886230
|move|p2a: Barraskewda|Liquidation|p1a: 🎩
|-damage|p1a: 🎩|0 fnt
|faint|p1a: 🎩
|
|-weather|RainDance|[upkeep]
|upkeep
|
|t:|1760886236
|switch|p1a: 🐍|Serperior, F, shiny|75/100
|turn|24
|
|t:|1760886237
|move|p2a: Barraskewda|Liquidation|p1a: 🐍
|-resisted|p1a: 🐍
|-damage|p1a: 🐍|18/100
|move|p1a: 🐍|Leaf Storm|p2a: Barraskewda
|-supereffective|p2a: Barraskewda
|-damage|p2a: Barraskewda|0 fnt
|-boost|p1a: 🐍|spa|2
|faint|p2a: Barraskewda
|
|-weather|RainDance|[upkeep]
|upkeep
|
|t:|1760886240
|switch|p2a: Zapdos|Zapdos|70/100
|turn|25
|
|t:|1760886244
|move|p1a: 🐍|Leech Seed|p2a: Zapdos
|-start|p2a: Zapdos|move: Leech Seed
|move|p2a: Zapdos|Volt Switch|p1a: 🐍
|-resisted|p1a: 🐍
|-damage|p1a: 🐍|0 fnt
|faint|p1a: 🐍
|
|-weather|RainDance|[upkeep]
|upkeep
|
|t:|1760886246
|switch|p1a: 🐈‍⬛|Umbreon, F, shiny|71/100
|turn|26
|-message|scitlz forfeited.
|
|win|TheTheyThemler
|raw|TheTheyThemler's rating: 1166 &rarr; <strong>1191</strong><br />(+25 for winning)
|raw|scitlz's rating: 1172 &rarr; <strong>1147</strong><br />(-25 for losing)
|l|☆scitlz
|player|p2|
|l|☆TheTheyThemler
|player|p1|
