|j|☆MiraidonGaming
|j|☆Fygarx
|t:|1760855774
|gametype|singles
|player|p1|MiraidonGaming|lucas|1263
|player|p2|Fygarx|zinzolin|1270
|gen|9
|tier|[Gen 9] OU
|rated|
|rule|HP Percentage Mod: HP is shown in percentages
|rule|Endless Battle Clause: Forcing endless battles is banned
|rule|Species Clause: Limit one of each Pokémon
|rule|OHKO Clause: OHKO moves are banned
|rule|Evasion Items Clause: Evasion items are banned
|rule|Evasion Moves Clause: Evasion moves are banned
|rule|Evasion Abilities Clause: Evasion abilities are banned
|rule|Sleep Moves Clause: Sleep-inducing moves are banned
|clearpoke
|poke|p1|Leafeon, M|
|poke|p1|Ninetales, F|
|poke|p1|Volcanion|
|poke|p1|Arcanine-Hisui, M|
|poke|p1|Moltres|
|poke|p1|Great Tusk|
|poke|p2|Zamazenta-*|
|poke|p2|Ninetales-Alola, F|
|poke|p2|Darkrai|
|poke|p2|Ceruledge, F|
|poke|p2|Gliscor, M|
|poke|p2|Hatterene, F|
|teampreview
|
|t:|1760855793
|teamsize|p1|6
|teamsize|p2|6
|start
|switch|p1a: Solaris|Ninetales, F|100/100
|switch|p2a: Ninetales|Ninetales-Alola, F|100/100
|-weather|Snowscape|[from] ability: Snow Warning|[of] p2a: Ninetales
|-weather|SunnyDay|[from] ability: Drought|[of] p1a: Solaris
|turn|1
|
|t:|1760855801
|switch|p2a: Ceruledge|Ceruledge, F|100/100
|move|p1a: Solaris|Will-O-Wisp|p2a: Ceruledge
|-start|p2a: Ceruledge|ability: Flash Fire
|
|-weather|SunnyDay|[upkeep]
|upkeep
|turn|2
|
|t:|1760855813
|move|p1a: Solaris|Dark Pulse|p2a: Ceruledge
|-supereffective|p2a: Ceruledge
|-damage|p2a: Ceruledge|68/100
|move|p2a: Ceruledge|Bitter Blade|p1a: Solaris
|-resisted|p1a: Solaris
|-damage|p1a: Solaris|33/100
|-heal|p2a: Ceruledge|96/100|[from] drain|[of] p1a: Solaris
|
|-weather|SunnyDay|[upkeep]
|upkeep
|turn|3
|
|t:|1760855821
|switch|p1a: Volcanis|Arcanine-Hisui, M|100/100
|move|p2a: Ceruledge|Bitter Blade|p1a: Volcanis
|-resisted|p1a: Volcanis
|-damage|p1a: Volcanis|73/100
|-heal|p2a: Ceruledge|100/100|[from] drain|[of] p1a: Volcanis
|
|-weather|SunnyDay|[upkeep]
|upkeep
|turn|4
|
|t:|1760855857
|-end|p2a: Ceruledge|ability: Flash Fire|[silent]
|switch|p2a: Zamazenta|Zamazenta|100/100
|-ability|p2a: Zamazenta|Dauntless Shield|boost
|-boost|p2a: Zamazenta|def|1
|move|p1a: Volcanis|Head Smash|p2a: Zamazenta
|-resisted|p2a: Zamazenta
|-damage|p2a: Zamazenta|82/100
|
|-weather|SunnyDay|[upkeep]
|upkeep
|turn|5
|
|t:|1760855869
|switch|p1a: Icarus|Moltres|100/100
|switch|p2a: Ninetales|Ninetales-Alola, F|100/100
|-weather|Snowscape|[from] ability: Snow Warning|[of] p2a: Ninetales
|
|-weather|Snowscape|[upkeep]
|upkeep
|turn|6
|
|t:|1760855876
|move|p2a: Ninetales|Aurora Veil|p2a: Ninetales
|-sidestart|p2: Fygarx|move: Aurora Veil
|move|p1a: Icarus|Overheat|p2a: Ninetales
|-supereffective|p2a: Ninetales
|-damage|p2a: Ninetales|8/100
|-unboost|p1a: Icarus|spa|2
|
|-weather|Snowscape|[upkeep]
|upkeep
|turn|7
|
|t:|1760855886
|switch|p2a: Ceruledge|Ceruledge, F|100/100
|switch|p1a: Volcanis|Arcanine-Hisui, M|73/100
|
|-weather|Snowscape|[upkeep]
|upkeep
|turn|8
|
|t:|1760855893
|move|p1a: Volcanis|Head Smash|p2a: Ceruledge
|-supereffective|p2a: Ceruledge
|-damage|p2a: Ceruledge|25/100
|move|p2a: Ceruledge|Bulk Up|p2a: Ceruledge
|-boost|p2a: Ceruledge|atk|1
|-boost|p2a: Ceruledge|def|1
|
|-weather|Snowscape|[upkeep]
|upkeep
|turn|9
|
|t:|1760855915
|switch|p2a: Gliscor|Gliscor, M|100/100
|move|p1a: Volcanis|Head Smash|p2a: Gliscor
|-damage|p2a: Gliscor|73/100
|
|-weather|none
|-status|p2a: Gliscor|tox|[from] item: Toxic Orb
|upkeep
|turn|10
|
|t:|1760855924
|switch|p1a: Great Tusk|Great Tusk|100/100
|move|p2a: Gliscor|Swords Dance|p2a: Gliscor
|-boost|p2a: Gliscor|atk|2
|
|-heal|p2a: Gliscor|85/100 tox|[from] ability: Poison Heal
|upkeep
|turn|11
|
|t:|1760855934
|-terastallize|p2a: Gliscor|Normal
|move|p2a: Gliscor|Agility|p2a: Gliscor
|-boost|p2a: Gliscor|spe|2
|move|p1a: Great Tusk|Stealth Rock|p2a: Gliscor
|-sidestart|p2: Fygarx|move: Stealth Rock
|
|-heal|p2a: Gliscor|98/100 tox|[from] ability: Poison Heal
|upkeep
|turn|12
|
|t:|1760855943
|move|p2a: Gliscor|Facade|p1a: Great Tusk
|-damage|p1a: Great Tusk|55/100
|move|p1a: Great Tusk|Body Press|p2a: Gliscor
|-supereffective|p2a: Gliscor
|-damage|p2a: Gliscor|60/100 tox
|
|-heal|p1a: Great Tusk|61/100|[from] item: Leftovers
|-heal|p2a: Gliscor|72/100 tox|[from] ability: Poison Heal
|upkeep
|turn|13
|
|t:|1760855954
|move|p2a: Gliscor|Swords Dance|p2a: Gliscor
|-boost|p2a: Gliscor|atk|2
|move|p1a: Great Tusk|Body Press|p2a: Gliscor
|-supereffective|p2a: Gliscor
|-damage|p2a: Gliscor|39/100 tox
|
|-heal|p1a: Great Tusk|67/100|[from] item: Leftovers
|-heal|p2a: Gliscor|51/100 tox|[from] ability: Poison Heal
|-sideend|p2: Fygarx|move: Aurora Veil
|upkeep
|turn|14
|
|t:|1760855962
|move|p2a: Gliscor|Facade|p1a: Great Tusk
|-damage|p1a: Great Tusk|7/100
|move|p1a: Great Tusk|Body Press|p2a: Gliscor
|-supereffective|p2a: Gliscor
|-damage|p2a: Gliscor|0 fnt
|faint|p2a: Gliscor
|
|-heal|p1a: Great Tusk|13/100|[from] item: Leftovers
|upkeep
|
|t:|1760855981
|switch|p2a: Ceruledge|Ceruledge, F|25/100
|-damage|p2a: Ceruledge|0 fnt|[from] Stealth Rock
|faint|p2a: Ceruledge
|
|t:|1760855987
|switch|p2a: Darkrai|Darkrai|100/100
|-damage|p2a: Darkrai|88/100|[from] Stealth Rock
|turn|15
|
|t:|1760855992
|move|p2a: Darkrai|Psyshock|p1a: Great Tusk
|-supereffective|p1a: Great Tusk
|-damage|p1a: Great Tusk|0 fnt
|faint|p1a: Great Tusk
|-end|p1a: Great Tusk|Protosynthesis|[silent]
|
|-heal|p2a: Darkrai|94/100|[from] item: Leftovers
|upkeep
|
|t:|1760855996
|switch|p1a: Solaris|Ninetales, F|33/100
|-weather|SunnyDay|[from] ability: Drought|[of] p1a: Solaris
|turn|16
|
|t:|1760856012
|move|p2a: Darkrai|Nasty Plot|p2a: Darkrai
|-boost|p2a: Darkrai|spa|2
|move|p1a: Solaris|Overheat|p2a: Darkrai
|-damage|p2a: Darkrai|0 fnt
|-unboost|p1a: Solaris|spa|2
|faint|p2a: Darkrai
|
|-weather|SunnyDay|[upkeep]
|upkeep
|
|t:|1760856023
|switch|p2a: Hatterene|Hatterene, F|100/100
|-damage|p2a: Hatterene|88/100|[from] Stealth Rock
|turn|17
|
|t:|1760856028
|move|p1a: Solaris|Dark Pulse|p2a: Hatterene
|-damage|p2a: Hatterene|78/100
|move|p2a: Hatterene|Calm Mind|p2a: Hatterene
|-boost|p2a: Hatterene|spa|1
|-boost|p2a: Hatterene|spd|1
|
|-weather|SunnyDay|[upkeep]
|-heal|p2a: Hatterene|84/100|[from] item: Leftovers
|upkeep
|turn|18
|
|t:|1760856038
|switch|p1a: Volcanis|Arcanine-Hisui, M|73/100
|move|p2a: Hatterene|Psyshock|p1a: Volcanis
|-damage|p1a: Volcanis|4/100
|
|-weather|SunnyDay|[upkeep]
|-heal|p2a: Hatterene|90/100|[from] item: Leftovers
|upkeep
|turn|19
|
|t:|1760856052
|switch|p2a: Zamazenta|Zamazenta|82/100
|-damage|p2a: Zamazenta|76/100|[from] Stealth Rock
|move|p1a: Volcanis|Flare Blitz|p2a: Zamazenta
|-damage|p2a: Zamazenta|4/100
|
|-weather|SunnyDay|[upkeep]
|upkeep
|turn|20
|
|t:|1760856064
|move|p1a: Volcanis|Flare Blitz|p2a: Zamazenta
|-damage|p2a: Zamazenta|0 fnt
|faint|p2a: Zamazenta
|
|-weather|SunnyDay|[upkeep]
|upkeep
|
|t:|1760856070
|switch|p2a: Ninetales|Ninetales-Alola, F|8/100
|-damage|p2a: Ninetales|0 fnt|[from] Stealth Rock
|faint|p2a: Ninetales
|
|t:|1760856074
|switch|p2a: Hatterene|Hatterene, F|90/100
|-damage|p2a: Hatterene|78/100|[from] Stealth Rock
|turn|21
|
|t:|1760856079
|move|p1a: Volcanis|Flare Blitz|p2a: Hatterene
|-damage|p2a: Hatterene|11/100
|move|p2a: Hatterene|Calm Mind|p2a: Hatterene
|-boost|p2a: Hatterene|spa|1
|-boost|p2a: Hatterene|spd|1
|
|-weather|SunnyDay|[upkeep]
|-heal|p2a: Hatterene|17/100|[from] item: Leftovers
|upkeep
|turn|22
|
|t:|1760856086
|-terastallize|p1a: Volcanis|Fire
|move|p1a: Volcanis|Flare Blitz|p2a: Hatterene
|-damage|p2a: Hatterene|0 fnt
|faint|p2a: Hatterene
|
|win|MiraidonGaming
|raw|MiraidonGaming's rating: 1263 &rarr; <strong>1289</strong><br />(+26 for winning)
|raw|Fygarx's rating: 1270 &rarr; <strong>1244</strong><br />(-26 for losing)
