|j|☆kykilp
|j|☆chaoskoko
|t:|1760757422
|gametype|singles
|player|p1|kykilp|102|
|player|p2|chaoskoko|102|
|gen|9
|tier|[Gen 9] OU
|rule|HP Percentage Mod: HP is shown in percentages
|rule|Endless Battle Clause: Forcing endless battles is banned
|rule|Species Clause: Limit one of each Pokémon
|rule|OHKO Clause: OHKO moves are banned
|rule|Evasion Items Clause: Evasion items are banned
|rule|Evasion Moves Clause: Evasion moves are banned
|rule|Evasion Abilities Clause: Evasion abilities are banned
|rule|Sleep Moves Clause: Sleep-inducing moves are banned
|clearpoke
|poke|p1|Mew|
|poke|p1|Milotic, M|
|poke|p1|Pecharunt|
|poke|p1|Goodra-Hisui, M|
|poke|p1|Ribombee, M|
|poke|p1|Hawlucha, F|
|poke|p2|Arcanine-Hisui, F|
|poke|p2|Kyurem|
|poke|p2|Articuno-Galar|
|poke|p2|Kleavor, F|
|poke|p2|Iron Leaves|
|poke|p2|Quagsire, F|
|teampreview
|
|t:|1760757561
|teamsize|p1|6
|teamsize|p2|6
|start
|switch|p1a: Thanatos|Pecharunt|100/100
|switch|p2a: Articuno|Articuno-Galar|100/100
|turn|1
|
|t:|1760757592
|switch|p2a: Kleavor|Kleavor, F|100/100
|switch|p1a: Damon Gant|Goodra-Hisui, M|100/100
|
|upkeep
|turn|2
|j| Firebro11
|
|t:|1760757676
|move|p2a: Kleavor|Stone Axe|p1a: Damon Gant
|-resisted|p1a: Damon Gant
|-damage|p1a: Damon Gant|70/100
|-sidestart|p1: kykilp|move: Stealth Rock
|move|p1a: Damon Gant|Flash Cannon|p2a: Kleavor
|-supereffective|p2a: Kleavor
|-enditem|p2a: Kleavor|Focus Sash
|-damage|p2a: Kleavor|1/100
|
|upkeep
|turn|3
|
|t:|1760757685
|move|p2a: Kleavor|Night Slash|p1a: Damon Gant
|-damage|p1a: Damon Gant|28/100
|move|p1a: Damon Gant|Knock Off|p2a: Kleavor
|-damage|p2a: Kleavor|0 fnt
|faint|p2a: Kleavor
|
|upkeep
|
|t:|1760757692
|switch|p2a: Quagsire|Quagsire, F|100/100
|turn|4
|
|t:|1760757708
|switch|p1a: Thanatos|Pecharunt|100/100
|-damage|p1a: Thanatos|88/100|[from] Stealth Rock
|move|p2a: Quagsire|Avalanche|p1a: Thanatos
|-damage|p1a: Thanatos|81/100
|-damage|p2a: Quagsire|84/100|[from] item: Rocky Helmet|[of] p1a: Thanatos
|
|-heal|p2a: Quagsire|90/100|[from] item: Leftovers
|upkeep
|turn|5
|
|t:|1760757726
|move|p2a: Quagsire|Protect|p2a: Quagsire
|-singleturn|p2a: Quagsire|Protect
|move|p1a: Thanatos|Substitute|p1a: Thanatos
|-start|p1a: Thanatos|Substitute
|-damage|p1a: Thanatos|56/100
|
|-heal|p2a: Quagsire|96/100|[from] item: Leftovers
|upkeep
|turn|6
|l| Firebro11
|
|t:|1760757787
|switch|p2a: Arcanine|Arcanine-Hisui, F|100/100
|-item|p2a: Arcanine|Air Balloon
|move|p1a: Thanatos|Toxic|p2a: Arcanine
|-status|p2a: Arcanine|tox
|-start|p2a: Arcanine|confusion|[from] ability: Poison Puppeteer|[of] p1a: Thanatos
|
|-damage|p2a: Arcanine|94/100 tox|[from] psn
|upkeep
|turn|7
|
|t:|1760757807
|-activate|p2a: Arcanine|confusion
|-damage|p2a: Arcanine|78/100 tox|[from] confusion
|move|p1a: Thanatos|Recover|p1a: Thanatos
|-heal|p1a: Thanatos|100/100
|
|-damage|p2a: Arcanine|65/100 tox|[from] psn
|upkeep
|turn|8
|j| Firebro11
|
|t:|1760757833
|-end|p2a: Arcanine|confusion
|move|p2a: Arcanine|Head Smash|p1a: Thanatos
|-end|p1a: Thanatos|Substitute
|move|p1a: Thanatos|Hex|p2a: Arcanine
|-damage|p2a: Arcanine|17/100 tox
|-enditem|p2a: Arcanine|Air Balloon
|
|-damage|p2a: Arcanine|0 fnt|[from] psn
|faint|p2a: Arcanine
|upkeep
|l| Firebro11
|j| Firebro11
|
|t:|1760757916
|switch|p2a: Kyurem|Kyurem|100/100
|-ability|p2a: Kyurem|Pressure
|turn|9
|
|t:|1760757996
|switch|p1a: Yuna|Ribombee, M|100/100
|-damage|p1a: Yuna|76/100|[from] Stealth Rock
|-terastallize|p2a: Kyurem|Ice
|move|p2a: Kyurem|Psychic|p1a: Yuna
|-damage|p1a: Yuna|23/100
|
|upkeep
|turn|10
|
|t:|1760758024
|move|p2a: Kyurem|Psychic|p1a: Yuna
|-damage|p1a: Yuna|0 fnt
|faint|p1a: Yuna
|
|upkeep
|
|t:|1760758034
|switch|p1a: Beanie|Mew|100/100
|-damage|p1a: Beanie|88/100|[from] Stealth Rock
|turn|11
|
|t:|1760758048
|switch|p2a: Iron Leaves|Iron Leaves|100/100
|-enditem|p2a: Iron Leaves|Booster Energy
|-activate|p2a: Iron Leaves|ability: Quark Drive|[fromitem]
|-start|p2a: Iron Leaves|quarkdriveatk
|move|p1a: Beanie|Dragon Dance|p1a: Beanie
|-boost|p1a: Beanie|atk|1
|-boost|p1a: Beanie|spe|1
|
|upkeep
|turn|12
|
|t:|1760758081
|move|p1a: Beanie|Leech Life|p2a: Iron Leaves
|-supereffective|p2a: Iron Leaves
|-damage|p2a: Iron Leaves|0 fnt
|-heal|p1a: Beanie|100/100|[from] drain|[of] p2a: Iron Leaves
|faint|p2a: Iron Leaves
|-end|p2a: Iron Leaves|Quark Drive|[silent]
|
|upkeep
|l| Firebro11
|
|t:|1760758140
|switch|p2a: Articuno|Articuno-Galar|100/100
|turn|13
|
|t:|1760758196
|move|p1a: Beanie|Dragon Dance|p1a: Beanie
|-boost|p1a: Beanie|atk|1
|-boost|p1a: Beanie|spe|1
|move|p2a: Articuno|Ancient Power|p1a: Beanie
|-damage|p1a: Beanie|78/100
|
|upkeep
|turn|14
|
|t:|1760758217
|move|p1a: Beanie|Leech Life|p2a: Articuno
|-damage|p2a: Articuno|42/100
|-heal|p1a: Beanie|100/100|[from] drain|[of] p2a: Articuno
|move|p2a: Articuno|Calm Mind|p2a: Articuno
|-boost|p2a: Articuno|spa|1
|-boost|p2a: Articuno|spd|1
|
|upkeep
|turn|15
|
|t:|1760758225
|move|p1a: Beanie|Leech Life|p2a: Articuno
|-damage|p2a: Articuno|0 fnt
|faint|p2a: Articuno
|
|upkeep
|
|t:|1760758231
|switch|p2a: Quagsire|Quagsire, F|96/100
|turn|16
|
|t:|1760758300
|move|p1a: Beanie|Leech Life|p2a: Quagsire
|-damage|p2a: Quagsire|39/100
|move|p2a: Quagsire|Avalanche|p1a: Beanie
|-damage|p1a: Beanie|69/100
|
|-heal|p2a: Quagsire|46/100|[from] item: Leftovers
|upkeep
|turn|17
|
|t:|1760758308
|move|p2a: Quagsire|Protect|p2a: Quagsire
|-singleturn|p2a: Quagsire|Protect
|move|p1a: Beanie|Leech Life|p2a: Quagsire
|-activate|p2a: Quagsire|move: Protect
|
|-heal|p2a: Quagsire|52/100|[from] item: Leftovers
|upkeep
|turn|18
|
|t:|1760758316
|move|p1a: Beanie|Leech Life|p2a: Quagsire
|-damage|p2a: Quagsire|0 fnt
|-heal|p1a: Beanie|94/100|[from] drain|[of] p2a: Quagsire
|faint|p2a: Quagsire
|
|upkeep
|
|t:|1760758321
|switch|p2a: Kyurem|Kyurem, tera:Ice|100/100
|-ability|p2a: Kyurem|Pressure
|turn|19
|
|t:|1760758342
|-terastallize|p1a: Beanie|Fighting
|move|p1a: Beanie|Drain Punch|p2a: Kyurem
|-supereffective|p2a: Kyurem
|-damage|p2a: Kyurem|0 fnt
|-heal|p1a: Beanie|100/100|[from] drain|[of] p2a: Kyurem
|faint|p2a: Kyurem
|
|win|kykilp
|c|☆kykilp|gg
|c|☆chaoskoko|gg
