|j|☆rraindancerr
|j|☆kate10956
|t:|1760799976
|gametype|singles
|player|p1|rraindancerr|wallace|1299
|player|p2|kate10956|misty|1279
|gen|9
|tier|[Gen 9] OU
|rated|
|rule|HP Percentage Mod: HP is shown in percentages
|rule|Endless Battle Clause: Forcing endless battles is banned
|rule|Species Clause: Limit one of each Pokémon
|rule|OHKO Clause: OHKO moves are banned
|rule|Evasion Items Clause: Evasion items are banned
|rule|Evasion Moves Clause: Evasion moves are banned
|rule|Evasion Abilities Clause: Evasion abilities are banned
|rule|Sleep Moves Clause: Sleep-inducing moves are banned
|clearpoke
|poke|p1|Pelipper, F|
|poke|p1|Barraskewda, F|
|poke|p1|Zapdos|
|poke|p1|Ogerpon-Cornerstone, F|
|poke|p1|Iron Treads|
|poke|p1|Hatterene, F|
|poke|p2|Pelipper, M|
|poke|p2|Kilowattrel, F|
|poke|p2|Dragapult, F|
|poke|p2|Amoonguss, F|
|poke|p2|Floatzel, M|
|poke|p2|Walking Wake|
|teampreview
|inactive|Battle timer is ON: inactive players will automatically lose when time's up. (requested by rraindancerr)
|
|t:|1760799992
|teamsize|p1|6
|teamsize|p2|6
|start
|switch|p1a: Ogerpon|Ogerpon-Cornerstone, F|100/100
|switch|p2a: Rivulet|Walking Wake|100/100
|turn|1
|
|t:|1760799999
|move|p1a: Ogerpon|Play Rough|p2a: Rivulet
|-supereffective|p2a: Rivulet
|-damage|p2a: Rivulet|17/100
|-unboost|p2a: Rivulet|atk|1
|move|p2a: Rivulet|Flip Turn|p1a: Ogerpon
|-damage|p1a: Ogerpon|88/100
|
|t:|1760800004
|-end|p2a: Rivulet|Protosynthesis|[silent]
|switch|p2a: Gulliver|Pelipper, M|100/100|[from] Flip Turn
|-weather|RainDance|[from] ability: Drizzle|[of] p2a: Gulliver
|
|-weather|RainDance|[upkeep]
|upkeep
|turn|2
|
|t:|1760800015
|switch|p2a: Amanita|Amoonguss, F|100/100
|move|p1a: Ogerpon|U-turn|p2a: Amanita
|-damage|p2a: Amanita|82/100
|-enditem|p2a: Amanita|Eject Button
|
|t:|1760800023
|switch|p2a: Ripple|Floatzel, M|100/100
|
|-weather|RainDance|[upkeep]
|upkeep
|turn|3
|
|t:|1760800026
|switch|p1a: Hatterene|Hatterene, F, shiny|100/100
|move|p2a: Ripple|Wave Crash|p1a: Hatterene
|-damage|p1a: Hatterene|3/100
|-damage|p2a: Ripple|68/100|[from] Recoil
|-enditem|p1a: Hatterene|Eject Button
|
|t:|1760800028
|switch|p1a: Barraskewda|Barraskewda, F|100/100
|
|-weather|RainDance|[upkeep]
|upkeep
|turn|4
|
|t:|1760800033
|switch|p2a: Amanita|Amoonguss, F|100/100
|-terastallize|p1a: Barraskewda|Water
|move|p1a: Barraskewda|Liquidation|p2a: Amanita
|-resisted|p2a: Amanita
|-damage|p2a: Amanita|49/100
|
|-weather|RainDance|[upkeep]
|upkeep
|turn|5
|
|t:|1760800040
|move|p1a: Barraskewda|Liquidation|p2a: Amanita
|-resisted|p2a: Amanita
|-damage|p2a: Amanita|0 fnt
|faint|p2a: Amanita
|
|-weather|RainDance|[upkeep]
|upkeep
|
|t:|1760800047
|switch|p2a: Gulliver|Pelipper, M|100/100
|turn|6
|
|t:|1760800050
|move|p1a: Barraskewda|Liquidation|p2a: Gulliver
|-resisted|p2a: Gulliver
|-crit|p2a: Gulliver
|-damage|p2a: Gulliver|18/100
|-unboost|p2a: Gulliver|def|1
|move|p2a: Gulliver|Tailwind|p2a: Gulliver
|-sidestart|p2: kate10956|move: Tailwind
|
|-weather|RainDance|[upkeep]
|upkeep
|turn|7
|
|t:|1760800055
|move|p1a: Barraskewda|Liquidation|p2a: Gulliver
|-resisted|p2a: Gulliver
|-damage|p2a: Gulliver|0 fnt
|faint|p2a: Gulliver
|
|-weather|RainDance|[upkeep]
|upkeep
|
|t:|1760800058
|switch|p2a: Joule|Kilowattrel, F|100/100
|turn|8
|
|t:|1760800067
|switch|p1a: Hatterene|Hatterene, F, shiny|3/100
|move|p2a: Joule|Weather Ball|p1a: Hatterene
|-damage|p1a: Hatterene|0 fnt
|faint|p1a: Hatterene
|
|-weather|none
|upkeep
|
|t:|1760800072
|switch|p1a: Pelipper|Pelipper, F, shiny|100/100
|-weather|RainDance|[from] ability: Drizzle|[of] p1a: Pelipper
|turn|9
|
|t:|1760800078
|switch|p2a: Spectra|Dragapult, F, shiny|100/100
|switch|p1a: Iron Treads|Iron Treads|100/100
|-enditem|p1a: Iron Treads|Booster Energy
|-activate|p1a: Iron Treads|ability: Quark Drive|[fromitem]
|-start|p1a: Iron Treads|quarkdrivespe
|
|-weather|RainDance|[upkeep]
|-sideend|p2: kate10956|move: Tailwind
|upkeep
|turn|10
|
|t:|1760800091
|move|p1a: Iron Treads|Volt Switch|p2a: Spectra
|-resisted|p2a: Spectra
|-damage|p2a: Spectra|92/100
|
|t:|1760800096
|-end|p1a: Iron Treads|Quark Drive|[silent]
|switch|p1a: Zapdos|Zapdos, shiny|100/100|[from] Volt Switch
|move|p2a: Spectra|U-turn|p1a: Zapdos
|-resisted|p1a: Zapdos
|-damage|p1a: Zapdos|90/100
|-status|p2a: Spectra|par|[from] ability: Static|[of] p1a: Zapdos
|
|t:|1760800103
|switch|p2a: Rivulet|Walking Wake|17/100|[from] U-turn
|
|-weather|RainDance|[upkeep]
|upkeep
|turn|11
|
|t:|1760800106
|move|p2a: Rivulet|Surf|p1a: Zapdos
|-damage|p1a: Zapdos|15/100
|move|p1a: Zapdos|Volt Switch|p2a: Rivulet
|-damage|p2a: Rivulet|0 fnt
|faint|p2a: Rivulet
|-end|p2a: Rivulet|Protosynthesis|[silent]
|
|t:|1760800111
|switch|p1a: Barraskewda|Barraskewda, F, tera:Water|100/100|[from] Volt Switch
|
|-weather|RainDance|[upkeep]
|upkeep
|
|t:|1760800123
|switch|p2a: Spectra|Dragapult, F, shiny|92/100 par
|turn|12
|
|t:|1760800125
|move|p1a: Barraskewda|Liquidation|p2a: Spectra
|-resisted|p2a: Spectra
|-damage|p2a: Spectra|4/100 par
|move|p2a: Spectra|Thunder|p1a: Barraskewda
|-supereffective|p1a: Barraskewda
|-damage|p1a: Barraskewda|0 fnt
|faint|p1a: Barraskewda
|
|-weather|RainDance|[upkeep]
|upkeep
|
|t:|1760800142
|switch|p1a: Ogerpon|Ogerpon-Cornerstone, F|88/100
|turn|13
|
|t:|1760800146
|move|p1a: Ogerpon|Power Whip|p2a: Spectra
|-resisted|p2a: Spectra
|-damage|p2a: Spectra|0 fnt
|faint|p2a: Spectra
|
|-weather|RainDance|[upkeep]
|upkeep
|
|t:|1760800152
|switch|p2a: Joule|Kilowattrel, F|100/100
|turn|14
|
|t:|1760800166
|move|p2a: Joule|Hurricane|p1a: Ogerpon
|-damage|p1a: Ogerpon|8/100
|move|p1a: Ogerpon|Ivy Cudgel|p2a: Joule|[anim] Ivy Cudgel Rock
|-supereffective|p2a: Joule
|-damage|p2a: Joule|0 fnt
|faint|p2a: Joule
|
|-weather|RainDance|[upkeep]
|upkeep
|
|t:|1760800173
|switch|p2a: Ripple|Floatzel, M|68/100
|turn|15
|
|t:|1760800176
|-terastallize|p2a: Ripple|Water
|move|p2a: Ripple|Wave Crash|p1a: Ogerpon
|-damage|p1a: Ogerpon|0 fnt
|faint|p1a: Ogerpon
|-damage|p2a: Ripple|65/100|[from] Recoil
|
|-weather|RainDance|[upkeep]
|upkeep
|
|t:|1760800182
|switch|p1a: Zapdos|Zapdos, shiny|15/100
|turn|16
|
|t:|1760800184
|move|p2a: Ripple|Wave Crash|p1a: Zapdos
|-damage|p1a: Zapdos|0 fnt
|faint|p1a: Zapdos
|-damage|p2a: Ripple|60/100|[from] Recoil
|
|-weather|none
|upkeep
|
|t:|1760800188
|switch|p1a: Iron Treads|Iron Treads|100/100
|turn|17
|
|t:|1760800192
|move|p1a: Iron Treads|Earthquake|p2a: Ripple
|-damage|p2a: Ripple|0 fnt
|faint|p2a: Ripple
|
|win|rraindancerr
|raw|rraindancerr's rating: 1299 &rarr; <strong>1323</strong><br />(+24 for winning)
|raw|kate10956's rating: 1279 &rarr; <strong>1255</strong><br />(-24 for losing)
|l|☆kate10956
|player|p2|
|l|☆rraindancerr
|player|p1|
