|j|☆deusyancha
|j|☆Earthbind
|t:|1760718293
|gametype|singles
|player|p1|deusyancha|266|1456
|player|p2|Earthbind|266|1386
|gen|9
|tier|[Gen 9] OU
|rated|
|rule|HP Percentage Mod: HP is shown in percentages
|rule|Endless Battle Clause: Forcing endless battles is banned
|rule|Species Clause: Limit one of each Pokémon
|rule|OHKO Clause: OHKO moves are banned
|rule|Evasion Items Clause: Evasion items are banned
|rule|Evasion Moves Clause: Evasion moves are banned
|rule|Evasion Abilities Clause: Evasion abilities are banned
|rule|Sleep Moves Clause: Sleep-inducing moves are banned
|clearpoke
|poke|p1|Dragonite, F|
|poke|p1|Zamazenta-*|
|poke|p1|Landorus-Therian, M|
|poke|p1|Gholdengo|
|poke|p1|Darkrai|
|poke|p1|Hatterene, F|
|poke|p2|Pelipper, F|
|poke|p2|Hatterene, F|
|poke|p2|Iron Treads|
|poke|p2|Toxicroak, F|
|poke|p2|Zapdos|
|poke|p2|Poliwrath, M|
|teampreview
|
|t:|1760718298
|teamsize|p1|6
|teamsize|p2|6
|start
|switch|p1a: Darkrai|Darkrai|100/100
|switch|p2a: Great Mouth|Pelipper, F|100/100
|-weather|RainDance|[from] ability: Drizzle|[of] p2a: Great Mouth
|turn|1
|
|t:|1760718306
|move|p1a: Darkrai|Dark Pulse|p2a: Great Mouth
|-damage|p2a: Great Mouth|60/100
|cant|p2a: Great Mouth|flinch
|
|-weather|RainDance|[upkeep]
|upkeep
|turn|2
|
|t:|1760718312
|move|p1a: Darkrai|Taunt|p2a: Great Mouth
|-start|p2a: Great Mouth|move: Taunt
|move|p2a: Great Mouth|U-turn|p1a: Darkrai
|-supereffective|p1a: Darkrai
|-damage|p1a: Darkrai|77/100
|
|t:|1760718317
|switch|p2a: Hoss|Poliwrath, M|100/100|[from] U-turn
|
|-weather|RainDance|[upkeep]
|upkeep
|turn|3
|
|t:|1760718329
|move|p2a: Hoss|Belly Drum|p2a: Hoss
|-damage|p2a: Hoss|50/100
|-setboost|p2a: Hoss|atk|6|[from] move: Belly Drum
|-enditem|p2a: Hoss|Sitrus Berry|[eat]
|-heal|p2a: Hoss|75/100|[from] item: Sitrus Berry
|move|p1a: Darkrai|Will-O-Wisp|p2a: Hoss
|-status|p2a: Hoss|brn
|
|-weather|RainDance|[upkeep]
|-damage|p2a: Hoss|69/100 brn|[from] brn
|upkeep
|turn|4
|
|t:|1760718345
|move|p2a: Hoss|Liquidation|p1a: Darkrai
|-damage|p1a: Darkrai|0 fnt
|faint|p1a: Darkrai
|
|-weather|RainDance|[upkeep]
|-damage|p2a: Hoss|63/100 brn|[from] brn
|upkeep
|inactive|Battle timer is ON: inactive players will automatically lose when time's up. (requested by Earthbind)
|
|t:|1760718359
|switch|p1a: Zamazenta|Zamazenta|100/100
|-ability|p1a: Zamazenta|Dauntless Shield|boost
|-boost|p1a: Zamazenta|def|1
|turn|5
|
|t:|1760718366
|move|p2a: Hoss|Liquidation|p1a: Zamazenta
|-damage|p1a: Zamazenta|45/100
|-unboost|p1a: Zamazenta|def|1
|move|p1a: Zamazenta|Body Press|p2a: Hoss
|-damage|p2a: Hoss|27/100 brn
|
|-weather|RainDance|[upkeep]
|-heal|p1a: Zamazenta|51/100|[from] item: Leftovers
|-damage|p2a: Hoss|21/100 brn|[from] brn
|upkeep
|turn|6
|
|t:|1760718380
|move|p2a: Hoss|Liquidation|p1a: Zamazenta
|-damage|p1a: Zamazenta|0 fnt
|faint|p1a: Zamazenta
|
|-weather|RainDance|[upkeep]
|-damage|p2a: Hoss|15/100 brn|[from] brn
|upkeep
|
|t:|1760718386
|switch|p1a: Dragonite|Dragonite, F|100/100
|turn|7
|
|t:|1760718392
|switch|p2a: Beefcake|Toxicroak, F|100/100
|move|p1a: Dragonite|Extreme Speed|p2a: Beefcake
|-damage|p2a: Beefcake|73/100
|-damage|p1a: Dragonite|84/100|[from] item: Rocky Helmet|[of] p2a: Beefcake
|
|-weather|RainDance|[upkeep]
|-heal|p2a: Beefcake|86/100|[from] ability: Dry Skin
|upkeep
|turn|8
|
|t:|1760718401
|move|p1a: Dragonite|Dragon Dance|p1a: Dragonite
|-boost|p1a: Dragonite|atk|1
|-boost|p1a: Dragonite|spe|1
|move|p2a: Beefcake|Toxic|p1a: Dragonite
|-status|p1a: Dragonite|tox
|
|-weather|none
|-damage|p1a: Dragonite|78/100 tox|[from] psn
|upkeep
|turn|9
|
|t:|1760718409
|move|p1a: Dragonite|Earthquake|p2a: Beefcake
|-supereffective|p2a: Beefcake
|-damage|p2a: Beefcake|0 fnt
|faint|p2a: Beefcake
|
|-damage|p1a: Dragonite|66/100 tox|[from] psn
|upkeep
|
|t:|1760718419
|switch|p2a: Great Mouth|Pelipper, F|60/100
|-weather|RainDance|[from] ability: Drizzle|[of] p2a: Great Mouth
|turn|10
|
|t:|1760718426
|switch|p2a: Big Spin™|Iron Treads|100/100
|-terastallize|p1a: Dragonite|Flying
|move|p1a: Dragonite|Tera Blast|p2a: Big Spin™|[anim] Tera Blast Flying
|-resisted|p2a: Big Spin™
|-damage|p2a: Big Spin™|69/100
|
|-weather|RainDance|[upkeep]
|-heal|p2a: Big Spin™|75/100|[from] item: Leftovers
|-damage|p1a: Dragonite|47/100 tox|[from] psn
|upkeep
|turn|11
|
|t:|1760718442
|-end|p2a: Big Spin™|Quark Drive|[silent]
|switch|p2a: Zap-maxxing|Zapdos|100/100
|move|p1a: Dragonite|Tera Blast|p2a: Zap-maxxing|[anim] Tera Blast Flying
|-resisted|p2a: Zap-maxxing
|-damage|p2a: Zap-maxxing|48/100
|
|-weather|RainDance|[upkeep]
|-damage|p1a: Dragonite|22/100 tox|[from] psn
|upkeep
|turn|12
|
|t:|1760718454
|switch|p2a: Hoss|Poliwrath, M|15/100 brn
|move|p1a: Dragonite|Tera Blast|p2a: Hoss|[anim] Tera Blast Flying
|-supereffective|p2a: Hoss
|-damage|p2a: Hoss|0 fnt
|faint|p2a: Hoss
|
|-weather|RainDance|[upkeep]
|-damage|p1a: Dragonite|0 fnt|[from] psn
|faint|p1a: Dragonite
|upkeep
|
|t:|1760718464
|switch|p1a: Gholdengo|Gholdengo|100/100
|switch|p2a: Big Spin™|Iron Treads|75/100
|turn|13
|
|t:|1760718471
|switch|p1a: Landorus|Landorus-Therian, M|100/100
|-ability|p1a: Landorus|Intimidate|boost
|-unboost|p2a: Big Spin™|atk|1
|move|p2a: Big Spin™|Earthquake|p1a: Landorus
|-immune|p1a: Landorus
|
|-weather|RainDance|[upkeep]
|-heal|p2a: Big Spin™|81/100|[from] item: Leftovers
|upkeep
|turn|14
|
|t:|1760718483
|-end|p2a: Big Spin™|Quark Drive|[silent]
|switch|p2a: Woman|Hatterene, F|100/100
|move|p1a: Landorus|U-turn|p2a: Woman
|-damage|p2a: Woman|82/100
|-enditem|p2a: Woman|Eject Button
|
|t:|1760718489
|switch|p2a: Zap-maxxing|Zapdos|48/100
|
|-weather|RainDance|[upkeep]
|upkeep
|turn|15
|
|t:|1760718495
|switch|p1a: Hatterene|Hatterene, F|100/100
|move|p2a: Zap-maxxing|Weather Ball|p1a: Hatterene
|-damage|p1a: Hatterene|52/100
|
|-weather|RainDance|[upkeep]
|upkeep
|turn|16
|
|t:|1760718507
|move|p2a: Zap-maxxing|Weather Ball|p1a: Hatterene
|-crit|p1a: Hatterene
|-damage|p1a: Hatterene|0 fnt
|faint|p1a: Hatterene
|
|-weather|RainDance|[upkeep]
|upkeep
|-message|deusyancha forfeited.
|
|win|Earthbind
|raw|deusyancha's rating: 1456 &rarr; <strong>1432</strong><br />(-24 for losing)
|raw|Earthbind's rating: 1386 &rarr; <strong>1410</strong><br />(+24 for winning)
|l|☆Earthbind
|player|p2|
