|j|☆Boss_083
|j|☆J.GenBax
|t:|1760873124
|gametype|singles
|player|p1|Boss_083|cynthia-gen4|1210
|player|p2|J.GenBax|ingo|1178
|gen|9
|tier|[Gen 9] OU
|rated|
|rule|HP Percentage Mod: HP is shown in percentages
|rule|Endless Battle Clause: Forcing endless battles is banned
|rule|Species Clause: Limit one of each Pokémon
|rule|OHKO Clause: OHKO moves are banned
|rule|Evasion Items Clause: Evasion items are banned
|rule|Evasion Moves Clause: Evasion moves are banned
|rule|Evasion Abilities Clause: Evasion abilities are banned
|rule|Sleep Moves Clause: Sleep-inducing moves are banned
|clearpoke
|poke|p1|Glimmora, F|
|poke|p1|Zamazenta-*|
|poke|p1|Latias, F|
|poke|p1|Iron Moth|
|poke|p1|Dragonite, M|
|poke|p1|Weavile, F|
|poke|p2|Torkoal, M|
|poke|p2|Exeggutor, M|
|poke|p2|Lycanroc, F|
|poke|p2|Garchomp, F|
|poke|p2|Sandy Shocks|
|poke|p2|Tropius, M|
|teampreview
|inactive|Battle timer is ON: inactive players will automatically lose when time's up. (requested by Boss_083)
|
|t:|1760873149
|teamsize|p1|6
|teamsize|p2|6
|start
|switch|p1a: Glimmora|Glimmora, F|100/100
|switch|p2a: Lycanroc|Lycanroc, F|100/100
|turn|1
|
|t:|1760873161
|move|p2a: Lycanroc|Stealth Rock|p1a: Glimmora
|-sidestart|p1: Boss_083|move: Stealth Rock
|move|p1a: Glimmora|Stealth Rock|p2a: Lycanroc
|-sidestart|p2: J.GenBax|move: Stealth Rock
|
|upkeep
|turn|2
|l|☆J.GenBax
|inactive|J.GenBax disconnected and has a minute to reconnect!
|player|p2|
|j|☆J.GenBax
|inactive|J.GenBax reconnected and has 125 seconds left.
|player|p2|J.GenBax|ingo|
|inactive|J.GenBax has 120 seconds left.
|
|t:|1760873194
|move|p2a: Lycanroc|Close Combat|p1a: Glimmora
|-damage|p1a: Glimmora|61/100
|-unboost|p2a: Lycanroc|def|1
|-unboost|p2a: Lycanroc|spd|1
|-activate|p1a: Glimmora|ability: Toxic Debris
|-sidestart|p2: J.GenBax|move: Toxic Spikes
|move|p1a: Glimmora|Earth Power|p2a: Lycanroc
|-supereffective|p2a: Lycanroc
|-enditem|p2a: Lycanroc|Focus Sash
|-damage|p2a: Lycanroc|1/100
|-unboost|p2a: Lycanroc|spd|1
|
|upkeep
|turn|3
|
|t:|1760873201
|move|p2a: Lycanroc|Endeavor|p1a: Glimmora
|-damage|p1a: Glimmora|1/100
|-activate|p1a: Glimmora|ability: Toxic Debris
|-sidestart|p2: J.GenBax|move: Toxic Spikes
|move|p1a: Glimmora|Power Gem|p2a: Lycanroc
|-damage|p2a: Lycanroc|0 fnt
|faint|p2a: Lycanroc
|
|upkeep
|
|t:|1760873205
|switch|p2a: Torkoal|Torkoal, M|100/100
|-damage|p2a: Torkoal|75/100|[from] Stealth Rock
|-status|p2a: Torkoal|tox
|-weather|SunnyDay|[from] ability: Drought|[of] p2a: Torkoal
|turn|4
|
|t:|1760873222
|move|p1a: Glimmora|Earth Power|p2a: Torkoal
|-supereffective|p2a: Torkoal
|-damage|p2a: Torkoal|13/100 tox
|move|p2a: Torkoal|Rapid Spin|p1a: Glimmora
|-resisted|p1a: Glimmora
|-damage|p1a: Glimmora|0 fnt
|-boost|p2a: Torkoal|spe|1
|-sideend|p2: J.GenBax|Toxic Spikes|[from] move: Rapid Spin|[of] p2a: Torkoal
|-sideend|p2: J.GenBax|Stealth Rock|[from] move: Rapid Spin|[of] p2a: Torkoal
|faint|p1a: Glimmora
|
|-weather|SunnyDay|[upkeep]
|-damage|p2a: Torkoal|7/100 tox|[from] psn
|upkeep
|inactive|Boss_083 has 120 seconds left.
|l|☆J.GenBax
|inactive|J.GenBax disconnected and has a minute to reconnect!
|player|p2|
|
|t:|1760873256
|switch|p1a: Zamazenta|Zamazenta|100/100
|-damage|p1a: Zamazenta|94/100|[from] Stealth Rock
|-ability|p1a: Zamazenta|Dauntless Shield|boost
|-boost|p1a: Zamazenta|def|1
|turn|5
|j|☆J.GenBax
|inactive|J.GenBax reconnected and has 150 seconds left.
|player|p2|J.GenBax|ingo|
|
|t:|1760873263
|move|p1a: Zamazenta|Body Press|p2a: Torkoal
|-damage|p2a: Torkoal|0 fnt
|faint|p2a: Torkoal
|
|-weather|SunnyDay|[upkeep]
|-heal|p1a: Zamazenta|100/100|[from] item: Leftovers
|upkeep
|
|t:|1760873267
|switch|p2a: Exeggutor|Exeggutor, M|100/100
|turn|6
|inactive|Boss_083 has 120 seconds left.
|
|t:|1760873279
|switch|p1a: Iron Moth|Iron Moth|100/100
|-damage|p1a: Iron Moth|76/100|[from] Stealth Rock
|move|p2a: Exeggutor|Growth|p2a: Exeggutor
|-boost|p2a: Exeggutor|atk|2
|-boost|p2a: Exeggutor|spa|2
|
|-weather|SunnyDay|[upkeep]
|upkeep
|turn|7
|inactive|Boss_083 has 120 seconds left.
|
|t:|1760873290
|move|p2a: Exeggutor|Psychic|p1a: Iron Moth
|-supereffective|p1a: Iron Moth
|-damage|p1a: Iron Moth|0 fnt
|faint|p1a: Iron Moth
|-end|p1a: Iron Moth|Quark Drive|[silent]
|-damage|p2a: Exeggutor|91/100|[from] item: Life Orb
|
|-weather|SunnyDay|[upkeep]
|upkeep
|inactive|Boss_083 has 120 seconds left.
|
|t:|1760873311
|switch|p1a: Weavile|Weavile, F|100/100
|turn|8
|l|☆J.GenBax
|inactive|J.GenBax disconnected and has a minute to reconnect!
|player|p2|
|j|☆J.GenBax
|inactive|J.GenBax reconnected and has 130 seconds left.
|player|p2|J.GenBax|ingo|
|
|t:|1760873336
|-terastallize|p2a: Exeggutor|Fire
|move|p2a: Exeggutor|Tera Blast|p1a: Weavile|[anim] Tera Blast Fire
|-supereffective|p1a: Weavile
|-damage|p1a: Weavile|0 fnt
|faint|p1a: Weavile
|-damage|p2a: Exeggutor|81/100|[from] item: Life Orb
|
|-weather|SunnyDay|[upkeep]
|upkeep
|
|t:|1760873345
|switch|p1a: Dragonite|Dragonite, M|100/100
|turn|9
|inactive|Boss_083 has 120 seconds left.
|
|t:|1760873354
|move|p2a: Exeggutor|Psychic|p1a: Dragonite
|-damage|p1a: Dragonite|44/100
|-damage|p2a: Exeggutor|71/100|[from] item: Life Orb
|move|p1a: Dragonite|Earthquake|p2a: Exeggutor
|-supereffective|p2a: Exeggutor
|-damage|p2a: Exeggutor|0 fnt
|faint|p2a: Exeggutor
|
|-weather|SunnyDay|[upkeep]
|upkeep
|
|t:|1760873363
|switch|p2a: Garchomp|Garchomp, F|100/100
|turn|10
|inactive|Boss_083 has 120 seconds left.
|
|t:|1760873388
|move|p2a: Garchomp|Draco Meteor|p1a: Dragonite
|-supereffective|p1a: Dragonite
|-damage|p1a: Dragonite|0 fnt
|-unboost|p2a: Garchomp|spa|2
|faint|p1a: Dragonite
|
|-weather|SunnyDay|[upkeep]
|upkeep
|
|t:|1760873392
|switch|p1a: Zamazenta|Zamazenta|100/100
|-damage|p1a: Zamazenta|94/100|[from] Stealth Rock
|turn|11
|
|t:|1760873399
|move|p1a: Zamazenta|Substitute|p1a: Zamazenta
|-start|p1a: Zamazenta|Substitute
|-damage|p1a: Zamazenta|69/100
|move|p2a: Garchomp|Draco Meteor|p1a: Zamazenta
|-end|p1a: Zamazenta|Substitute
|-unboost|p2a: Garchomp|spa|2
|
|-weather|none
|-heal|p1a: Zamazenta|76/100|[from] item: Leftovers
|upkeep
|turn|12
|
|t:|1760873405
|switch|p2a: Tropius|Tropius, M|100/100
|move|p1a: Zamazenta|Substitute|p1a: Zamazenta
|-start|p1a: Zamazenta|Substitute
|-damage|p1a: Zamazenta|51/100
|
|-heal|p1a: Zamazenta|57/100|[from] item: Leftovers
|upkeep
|turn|13
|
|t:|1760873411
|move|p1a: Zamazenta|Iron Defense|p1a: Zamazenta
|-boost|p1a: Zamazenta|def|2
|move|p2a: Tropius|Dragon Dance|p2a: Tropius
|-boost|p2a: Tropius|atk|1
|-boost|p2a: Tropius|spe|1
|
|-heal|p1a: Zamazenta|63/100|[from] item: Leftovers
|upkeep
|turn|14
|
|t:|1760873421
|move|p1a: Zamazenta|Iron Defense|p1a: Zamazenta
|-boost|p1a: Zamazenta|def|2
|move|p2a: Tropius|Substitute|p2a: Tropius
|-start|p2a: Tropius|Substitute
|-damage|p2a: Tropius|76/100
|
|-heal|p1a: Zamazenta|69/100|[from] item: Leftovers
|upkeep
|turn|15
|
|t:|1760873426
|move|p1a: Zamazenta|Body Press|p2a: Tropius
|-resisted|p2a: Tropius
|-end|p2a: Tropius|Substitute
|move|p2a: Tropius|Dragon Dance|p2a: Tropius
|-boost|p2a: Tropius|atk|1
|-boost|p2a: Tropius|spe|1
|
|-heal|p1a: Zamazenta|76/100|[from] item: Leftovers
|upkeep
|turn|16
|
|t:|1760873430
|move|p2a: Tropius|Dual Wingbeat|p1a: Zamazenta
|-supereffective|p1a: Zamazenta
|-crit|p1a: Zamazenta
|-end|p1a: Zamazenta|Substitute
|-supereffective|p1a: Zamazenta
|-damage|p1a: Zamazenta|60/100
|-hitcount|p1a: Zamazenta|2
|move|p1a: Zamazenta|Body Press|p2a: Tropius
|-resisted|p2a: Tropius
|-damage|p2a: Tropius|20/100
|-enditem|p2a: Tropius|Liechi Berry|[eat]
|-boost|p2a: Tropius|atk|1|[from] item: Liechi Berry
|
|-heal|p1a: Zamazenta|67/100|[from] item: Leftovers
|upkeep
|turn|17
|
|t:|1760873441
|move|p2a: Tropius|Dual Wingbeat|p1a: Zamazenta
|-supereffective|p1a: Zamazenta
|-crit|p1a: Zamazenta
|-damage|p1a: Zamazenta|0 fnt
|faint|p1a: Zamazenta
|-hitcount|p1: Zamazenta|1
|
|-item|p2a: Tropius|Liechi Berry|[from] ability: Harvest
|upkeep
|-enditem|p2a: Tropius|Liechi Berry|[eat]
|-boost|p2a: Tropius|atk|1|[from] item: Liechi Berry
|
|t:|1760873448
|switch|p1a: Latias|Latias, F|100/100
|-damage|p1a: Latias|88/100|[from] Stealth Rock
|turn|18
|
|t:|1760873468
|move|p2a: Tropius|Dual Wingbeat|p1a: Latias
|-damage|p1a: Latias|53/100
|-damage|p1a: Latias|16/100
|-hitcount|p1a: Latias|2
|move|p1a: Latias|Agility|p1a: Latias
|-boost|p1a: Latias|spe|2
|
|-heal|p1a: Latias|23/100|[from] item: Leftovers
|upkeep
|turn|19
|
|t:|1760873476
|-terastallize|p1a: Latias|Fairy
|move|p1a: Latias|Draining Kiss|p2a: Tropius
|-damage|p2a: Tropius|0 fnt
|-heal|p1a: Latias|37/100|[from] drain|[of] p2a: Tropius
|faint|p2a: Tropius
|
|-heal|p1a: Latias|43/100|[from] item: Leftovers
|upkeep
|
|t:|1760873480
|switch|p2a: Sandy Shocks|Sandy Shocks|100/100
|-enditem|p2a: Sandy Shocks|Booster Energy
|-activate|p2a: Sandy Shocks|ability: Protosynthesis|[fromitem]
|-start|p2a: Sandy Shocks|protosynthesisspe
|turn|20
|
|t:|1760873495
|move|p1a: Latias|Draining Kiss|p2a: Sandy Shocks
|-damage|p2a: Sandy Shocks|70/100
|-heal|p1a: Latias|63/100|[from] drain|[of] p2a: Sandy Shocks
|move|p2a: Sandy Shocks|Flash Cannon|p1a: Latias
|-supereffective|p1a: Latias
|-damage|p1a: Latias|21/100
|
|-heal|p1a: Latias|27/100|[from] item: Leftovers
|upkeep
|turn|21
|
|t:|1760873506
|move|p1a: Latias|Calm Mind|p1a: Latias
|-boost|p1a: Latias|spa|1
|-boost|p1a: Latias|spd|1
|move|p2a: Sandy Shocks|Flash Cannon|p1a: Latias
|-supereffective|p1a: Latias
|-damage|p1a: Latias|0 fnt
|faint|p1a: Latias
|
|win|J.GenBax
|raw|Boss_083's rating: 1210 &rarr; <strong>1183</strong><br />(-27 for losing)
|raw|J.GenBax's rating: 1178 &rarr; <strong>1205</strong><br />(+27 for winning)
|l|☆Boss_083
|player|p1|
|l|☆J.GenBax
|player|p2|
