|j|☆brent0n__
|j|☆MohGz
|t:|1760759642
|gametype|singles
|player|p1|brent0n__|swimmerf-gen4dp|1246
|player|p2|MohGz|nate|1291
|gen|9
|tier|[Gen 9] OU
|rated|
|rule|HP Percentage Mod: HP is shown in percentages
|rule|Endless Battle Clause: Forcing endless battles is banned
|rule|Species Clause: Limit one of each Pokémon
|rule|OHKO Clause: OHKO moves are banned
|rule|Evasion Items Clause: Evasion items are banned
|rule|Evasion Moves Clause: Evasion moves are banned
|rule|Evasion Abilities Clause: Evasion abilities are banned
|rule|Sleep Moves Clause: Sleep-inducing moves are banned
|clearpoke
|poke|p1|Hatterene, F|
|poke|p1|Darkrai|
|poke|p1|Gliscor, F|
|poke|p1|Heatran, F|
|poke|p1|Ogerpon-Wellspring, F|
|poke|p1|Zamazenta-*|
|poke|p2|Scream Tail|
|poke|p2|Dragapult, M|
|poke|p2|Ogerpon-Wellspring, F|
|poke|p2|Weezing-Galar, M|
|poke|p2|Zamazenta-*|
|poke|p2|Ting-Lu|
|teampreview
|inactive|Battle timer is ON: inactive players will automatically lose when time's up. (requested by brent0n__)
|
|t:|1760759669
|teamsize|p1|6
|teamsize|p2|6
|start
|switch|p1a: Ranger|Heatran, F|100/100
|switch|p2a: Dragapult|Dragapult, M|100/100
|turn|1
|
|t:|1760759680
|move|p2a: Dragapult|U-turn|p1a: Ranger
|-resisted|p1a: Ranger
|-damage|p1a: Ranger|97/100
|
|t:|1760759684
|switch|p2a: Ting-Lu|Ting-Lu|100/100|[from] U-turn
|-ability|p2a: Ting-Lu|Vessel of Ruin
|move|p1a: Ranger|Stealth Rock|p2a: Ting-Lu
|-sidestart|p2: MohGz|move: Stealth Rock
|
|upkeep
|turn|2
|
|t:|1760759700
|move|p1a: Ranger|Overheat|p2a: Ting-Lu
|-damage|p2a: Ting-Lu|71/100
|-unboost|p1a: Ranger|spa|2
|-enditem|p1a: Ranger|Eject Pack
|
|t:|1760759705
|switch|p1a: Not Stalling|Gliscor, F|100/100
|move|p2a: Ting-Lu|Ruination|p1a: Not Stalling
|-damage|p1a: Not Stalling|50/100
|
|-heal|p2a: Ting-Lu|77/100|[from] item: Leftovers
|-status|p1a: Not Stalling|tox|[from] item: Toxic Orb
|upkeep
|turn|3
|
|t:|1760759727
|switch|p1a: Fat Hat|Hatterene, F|100/100
|move|p2a: Ting-Lu|Stealth Rock|p1a: Fat Hat
|move|p1a: Fat Hat|Stealth Rock||[from] ability: Magic Bounce|[still]
|-fail|p1a: Fat Hat
|
|-heal|p2a: Ting-Lu|83/100|[from] item: Leftovers
|upkeep
|turn|4
|
|t:|1760759741
|move|p2a: Ting-Lu|Ruination|p1a: Fat Hat
|-damage|p1a: Fat Hat|50/100
|move|p1a: Fat Hat|Draining Kiss|p2a: Ting-Lu
|-supereffective|p2a: Ting-Lu
|-damage|p2a: Ting-Lu|61/100
|-heal|p1a: Fat Hat|78/100|[from] drain|[of] p2a: Ting-Lu
|
|-heal|p2a: Ting-Lu|67/100|[from] item: Leftovers
|upkeep
|turn|5
|
|t:|1760759753
|move|p2a: Ting-Lu|Ruination|p1a: Fat Hat
|-damage|p1a: Fat Hat|39/100
|move|p1a: Fat Hat|Draining Kiss|p2a: Ting-Lu
|-supereffective|p2a: Ting-Lu
|-damage|p2a: Ting-Lu|42/100
|-heal|p1a: Fat Hat|69/100|[from] drain|[of] p2a: Ting-Lu
|
|-heal|p2a: Ting-Lu|48/100|[from] item: Leftovers
|upkeep
|turn|6
|
|t:|1760759766
|move|p2a: Ting-Lu|Earthquake|p1a: Fat Hat
|-damage|p1a: Fat Hat|28/100
|move|p1a: Fat Hat|Draining Kiss|p2a: Ting-Lu
|-supereffective|p2a: Ting-Lu
|-damage|p2a: Ting-Lu|26/100
|-heal|p1a: Fat Hat|55/100|[from] drain|[of] p2a: Ting-Lu
|
|-heal|p2a: Ting-Lu|32/100|[from] item: Leftovers
|upkeep
|turn|7
|
|t:|1760759781
|switch|p2a: Weezing|Weezing-Galar, M|100/100
|-ability|p2a: Weezing|Neutralizing Gas
|move|p1a: Fat Hat|Draining Kiss|p2a: Weezing
|-resisted|p2a: Weezing
|-damage|p2a: Weezing|83/100
|-heal|p1a: Fat Hat|69/100|[from] drain|[of] p2a: Weezing
|
|upkeep
|turn|8
|
|t:|1760759793
|switch|p1a: Ranger|Heatran, F|97/100
|move|p2a: Weezing|Strange Steam|p1a: Ranger
|-resisted|p1a: Ranger
|-damage|p1a: Ranger|91/100
|-start|p1a: Ranger|confusion
|
|upkeep
|turn|9
|
|t:|1760759812
|-activate|p1a: Ranger|confusion
|move|p1a: Ranger|Earth Power|p2a: Weezing
|-supereffective|p2a: Weezing
|-damage|p2a: Weezing|0 fnt
|faint|p2a: Weezing
|-end|p2a: Weezing|ability: Neutralizing Gas
|
|upkeep
|inactive|MohGz has 120 seconds left.
|
|t:|1760759823
|switch|p2a: Zamazenta|Zamazenta|100/100
|-damage|p2a: Zamazenta|94/100|[from] Stealth Rock
|-ability|p2a: Zamazenta|Dauntless Shield|boost
|-boost|p2a: Zamazenta|def|1
|turn|10
|inactive|MohGz has 120 seconds left.
|
|t:|1760759836
|switch|p1a: Fat Hat|Hatterene, F|69/100
|move|p2a: Zamazenta|Iron Defense|p2a: Zamazenta
|-boost|p2a: Zamazenta|def|2
|
|-heal|p2a: Zamazenta|100/100|[from] item: Leftovers
|upkeep
|turn|11
|
|t:|1760759845
|move|p2a: Zamazenta|Substitute|p2a: Zamazenta
|-start|p2a: Zamazenta|Substitute
|-damage|p2a: Zamazenta|75/100
|move|p1a: Fat Hat|Nuzzle|p2a: Zamazenta
|-activate|p2a: Zamazenta|move: Substitute|[damage]
|
|-heal|p2a: Zamazenta|82/100|[from] item: Leftovers
|upkeep
|turn|12
|
|t:|1760759856
|move|p2a: Zamazenta|Body Press|p1a: Fat Hat
|-resisted|p1a: Fat Hat
|-damage|p1a: Fat Hat|47/100
|move|p1a: Fat Hat|Draining Kiss|p2a: Zamazenta
|-supereffective|p2a: Zamazenta
|-end|p2a: Zamazenta|Substitute
|-heal|p1a: Fat Hat|68/100|[from] drain|[of] p2a: Zamazenta
|
|-heal|p2a: Zamazenta|88/100|[from] item: Leftovers
|upkeep
|turn|13
|
|t:|1760759869
|-terastallize|p2a: Zamazenta|Steel
|move|p2a: Zamazenta|Crunch|p1a: Fat Hat
|-damage|p1a: Fat Hat|45/100
|move|p1a: Fat Hat|Draining Kiss|p2a: Zamazenta
|-resisted|p2a: Zamazenta
|-damage|p2a: Zamazenta|77/100
|-heal|p1a: Fat Hat|55/100|[from] drain|[of] p2a: Zamazenta
|
|-heal|p2a: Zamazenta|83/100|[from] item: Leftovers
|upkeep
|turn|14
|
|t:|1760759881
|move|p2a: Zamazenta|Body Press|p1a: Fat Hat
|-resisted|p1a: Fat Hat
|-damage|p1a: Fat Hat|31/100
|move|p1a: Fat Hat|Mystical Fire|p2a: Zamazenta
|-supereffective|p2a: Zamazenta
|-damage|p2a: Zamazenta|38/100
|-unboost|p2a: Zamazenta|spa|1
|
|-heal|p2a: Zamazenta|44/100|[from] item: Leftovers
|upkeep
|turn|15
|inactive|MohGz has 120 seconds left.
|
|t:|1760759907
|move|p2a: Zamazenta|Body Press|p1a: Fat Hat
|-resisted|p1a: Fat Hat
|-damage|p1a: Fat Hat|8/100
|move|p1a: Fat Hat|Mystical Fire|p2a: Zamazenta
|-supereffective|p2a: Zamazenta
|-damage|p2a: Zamazenta|4/100
|-unboost|p2a: Zamazenta|spa|1
|
|-heal|p2a: Zamazenta|10/100|[from] item: Leftovers
|upkeep
|turn|16
|
|t:|1760759927
|move|p2a: Zamazenta|Body Press|p1a: Fat Hat
|-resisted|p1a: Fat Hat
|-damage|p1a: Fat Hat|0 fnt
|faint|p1a: Fat Hat
|
|-heal|p2a: Zamazenta|16/100|[from] item: Leftovers
|upkeep
|
|t:|1760759947
|switch|p1a: Not Stalling|Gliscor, F|50/100 tox
|turn|17
|inactive|MohGz has 120 seconds left.
|
|t:|1760759956
|move|p2a: Zamazenta|Body Press|p1a: Not Stalling
|-resisted|p1a: Not Stalling
|-damage|p1a: Not Stalling|19/100 tox
|move|p1a: Not Stalling|Earthquake|p2a: Zamazenta
|-supereffective|p2a: Zamazenta
|-crit|p2a: Zamazenta
|-damage|p2a: Zamazenta|0 fnt
|faint|p2a: Zamazenta
|
|-heal|p1a: Not Stalling|31/100 tox|[from] ability: Poison Heal
|upkeep
|inactive|MohGz has 120 seconds left.
|
|t:|1760759968
|switch|p2a: Ogerpon|Ogerpon-Wellspring, F|100/100
|-damage|p2a: Ogerpon|88/100|[from] Stealth Rock
|turn|18
|inactive|MohGz has 120 seconds left.
|
|t:|1760759980
|move|p1a: Not Stalling|Protect|p1a: Not Stalling
|-singleturn|p1a: Not Stalling|Protect
|move|p2a: Ogerpon|Horn Leech|p1a: Not Stalling
|-activate|p1a: Not Stalling|move: Protect
|
|-heal|p1a: Not Stalling|44/100 tox|[from] ability: Poison Heal
|upkeep
|turn|19
|
|t:|1760759988
|switch|p1a: Ranger|Heatran, F|91/100
|move|p2a: Ogerpon|Knock Off|p1a: Ranger
|-damage|p1a: Ranger|69/100
|
|upkeep
|turn|20
|
|t:|1760760011
|-terastallize|p1a: Ranger|Fairy
|move|p2a: Ogerpon|Ivy Cudgel|p1a: Ranger|[anim] Ivy Cudgel Water
|-damage|p1a: Ranger|23/100
|move|p1a: Ranger|Tera Blast|p2a: Ogerpon|[anim] Tera Blast Fairy
|-damage|p2a: Ogerpon|42/100
|
|upkeep
|turn|21
|
|t:|1760760025
|switch|p1a: Crit?|Ogerpon-Wellspring, F|100/100
|move|p2a: Ogerpon|Ivy Cudgel|p1a: Crit?|[anim] Ivy Cudgel Water
|-immune|p1a: Crit?|[from] ability: Water Absorb
|
|upkeep
|turn|22
|
|t:|1760760035
|move|p2a: Ogerpon|Horn Leech|p1a: Crit?
|-damage|p1a: Crit?|37/100
|-heal|p2a: Ogerpon|74/100|[from] drain|[of] p1a: Crit?
|move|p1a: Crit?|Trailblaze|p2a: Ogerpon
|-damage|p2a: Ogerpon|28/100
|-boost|p1a: Crit?|spe|1
|
|upkeep
|turn|23
|
|t:|1760760060
|move|p1a: Crit?|Trailblaze|p2a: Ogerpon
|-damage|p2a: Ogerpon|0 fnt
|-boost|p1a: Crit?|spe|1
|faint|p2a: Ogerpon
|
|upkeep
|inactive|MohGz has 120 seconds left.
|
|t:|1760760076
|switch|p2a: Scream Tail|Scream Tail|100/100
|-damage|p2a: Scream Tail|88/100|[from] Stealth Rock
|-enditem|p2a: Scream Tail|Booster Energy
|-activate|p2a: Scream Tail|ability: Protosynthesis|[fromitem]
|-start|p2a: Scream Tail|protosynthesisspe
|turn|24
|inactive|MohGz has 120 seconds left.
|
|t:|1760760089
|move|p1a: Crit?|Ivy Cudgel|p2a: Scream Tail|[anim] Ivy Cudgel Water
|-damage|p2a: Scream Tail|33/100
|move|p2a: Scream Tail|Boomburst|p1a: Crit?
|-damage|p1a: Crit?|0 fnt
|faint|p1a: Crit?
|
|upkeep
|
|t:|1760760107
|switch|p1a: :)|Zamazenta|100/100
|-ability|p1a: :)|Dauntless Shield|boost
|-boost|p1a: :)|def|1
|turn|25
|
|t:|1760760117
|move|p2a: Scream Tail|Psychic Noise|p1a: :)
|-supereffective|p1a: :)
|-damage|p1a: :)|56/100
|-start|p1a: :)|move: Heal Block
|move|p1a: :)|Heavy Slam|p2a: Scream Tail
|-supereffective|p2a: Scream Tail
|-damage|p2a: Scream Tail|0 fnt
|faint|p2a: Scream Tail
|-end|p2a: Scream Tail|Protosynthesis|[silent]
|
|upkeep
|inactive|MohGz has 120 seconds left.
|
|t:|1760760128
|switch|p2a: Dragapult|Dragapult, M|100/100
|-damage|p2a: Dragapult|88/100|[from] Stealth Rock
|turn|26
|
|t:|1760760137
|move|p2a: Dragapult|Shadow Ball|p1a: :)
|-damage|p1a: :)|11/100
|move|p1a: :)|Iron Defense|p1a: :)
|-boost|p1a: :)|def|2
|
|-end|p1a: :)|move: Heal Block
|upkeep
|turn|27
|
|t:|1760760149
|switch|p1a: Darkrai|Darkrai|100/100
|move|p2a: Dragapult|Shadow Ball|p1a: Darkrai
|-resisted|p1a: Darkrai
|-damage|p1a: Darkrai|67/100
|-unboost|p1a: Darkrai|spd|1
|
|upkeep
|turn|28
|
|t:|1760760158
|switch|p2a: Ting-Lu|Ting-Lu|32/100
|-damage|p2a: Ting-Lu|26/100|[from] Stealth Rock
|-ability|p2a: Ting-Lu|Vessel of Ruin
|move|p1a: Darkrai|Dark Pulse|p2a: Ting-Lu
|-resisted|p2a: Ting-Lu
|-damage|p2a: Ting-Lu|17/100
|
|-heal|p2a: Ting-Lu|23/100|[from] item: Leftovers
|upkeep
|turn|29
|
|t:|1760760176
|move|p1a: Darkrai|Will-O-Wisp|p2a: Ting-Lu|[miss]
|-miss|p1a: Darkrai|p2a: Ting-Lu
|move|p2a: Ting-Lu|Ruination|p1a: Darkrai
|-damage|p1a: Darkrai|34/100
|
|-heal|p2a: Ting-Lu|29/100|[from] item: Leftovers
|upkeep
|turn|30
|
|t:|1760760188
|move|p1a: Darkrai|Will-O-Wisp|p2a: Ting-Lu
|-status|p2a: Ting-Lu|brn
|move|p2a: Ting-Lu|Earthquake|p1a: Darkrai
|-crit|p1a: Darkrai
|-damage|p1a: Darkrai|0 fnt
|faint|p1a: Darkrai
|
|-heal|p2a: Ting-Lu|35/100 brn|[from] item: Leftovers
|-damage|p2a: Ting-Lu|29/100 brn|[from] brn
|upkeep
|
|t:|1760760201
|switch|p1a: :)|Zamazenta|11/100
|turn|31
|
|t:|1760760209
|move|p1a: :)|Rest|p1a: :)
|-status|p1a: :)|slp|[from] move: Rest
|-heal|p1a: :)|100/100 slp|[silent]
|-enditem|p1a: :)|Chesto Berry|[eat]
|-curestatus|p1a: :)|slp|[msg]
|move|p2a: Ting-Lu|Earthquake|p1a: :)
|-damage|p1a: :)|87/100
|
|-heal|p2a: Ting-Lu|35/100 brn|[from] item: Leftovers
|-damage|p2a: Ting-Lu|29/100 brn|[from] brn
|upkeep
|turn|32
|
|t:|1760760223
|move|p1a: :)|Body Press|p2a: Ting-Lu
|-supereffective|p2a: Ting-Lu
|-damage|p2a: Ting-Lu|0 fnt
|faint|p2a: Ting-Lu
|
|upkeep
|
|t:|1760760228
|switch|p2a: Dragapult|Dragapult, M|88/100
|-damage|p2a: Dragapult|76/100|[from] Stealth Rock
|turn|33
|
|t:|1760760237
|move|p2a: Dragapult|Shadow Ball|p1a: :)
|-damage|p1a: :)|41/100
|move|p1a: :)|Heavy Slam|p2a: Dragapult
|-damage|p2a: Dragapult|38/100
|
|upkeep
|turn|34
|
|t:|1760760245
|move|p2a: Dragapult|Shadow Ball|p1a: :)
|-damage|p1a: :)|0 fnt
|faint|p1a: :)
|
|upkeep
|
|t:|1760760256
|switch|p1a: Not Stalling|Gliscor, F|44/100 tox
|turn|35
|
|t:|1760760260
|move|p1a: Not Stalling|Protect|p1a: Not Stalling
|-singleturn|p1a: Not Stalling|Protect
|move|p2a: Dragapult|Shadow Ball|p1a: Not Stalling
|-activate|p1a: Not Stalling|move: Protect
|
|-heal|p1a: Not Stalling|56/100 tox|[from] ability: Poison Heal
|upkeep
|turn|36
|
|t:|1760760267
|switch|p1a: Ranger|Heatran, F, tera:Fairy|23/100
|move|p2a: Dragapult|Shadow Ball|p1a: Ranger
|-damage|p1a: Ranger|0 fnt
|faint|p1a: Ranger
|
|upkeep
|
|t:|1760760274
|switch|p1a: Not Stalling|Gliscor, F|56/100 tox
|turn|37
|
|t:|1760760278
|move|p1a: Not Stalling|Protect|p1a: Not Stalling
|-singleturn|p1a: Not Stalling|Protect
|move|p2a: Dragapult|Shadow Ball|p1a: Not Stalling
|-activate|p1a: Not Stalling|move: Protect
|
|-heal|p1a: Not Stalling|69/100 tox|[from] ability: Poison Heal
|upkeep
|turn|38
|
|t:|1760760287
|move|p2a: Dragapult|Shadow Ball|p1a: Not Stalling
|-crit|p1a: Not Stalling
|-damage|p1a: Not Stalling|0 fnt
|faint|p1a: Not Stalling
|
|win|MohGz
|raw|brent0n__'s rating: 1246 &rarr; <strong>1224</strong><br />(-22 for losing)
|raw|MohGz's rating: 1291 &rarr; <strong>1313</strong><br />(+22 for winning)
|l|☆brent0n__
|player|p1|
|l|☆MohGz
|player|p2|
