|j|☆abc wil win
|j|‽Scrafty.YN
|t:|1760851873
|gametype|singles
|player|p1|abc wil win|bruno|1271
|player|p2|Scrafty.YN|hoopster|1285
|gen|9
|tier|[Gen 9] OU
|rated|
|rule|HP Percentage Mod: HP is shown in percentages
|rule|Endless Battle Clause: Forcing endless battles is banned
|rule|Species Clause: Limit one of each Pokémon
|rule|OHKO Clause: OHKO moves are banned
|rule|Evasion Items Clause: Evasion items are banned
|rule|Evasion Moves Clause: Evasion moves are banned
|rule|Evasion Abilities Clause: Evasion abilities are banned
|rule|Sleep Moves Clause: Sleep-inducing moves are banned
|clearpoke
|poke|p1|Morpeko, F|
|poke|p1|Glimmora, F|
|poke|p1|Ceruledge, F|
|poke|p1|Dragonite, F|
|poke|p1|Rabsca, M|
|poke|p1|Deoxys-Defense|
|poke|p2|Gholdengo|
|poke|p2|Clodsire, M|
|poke|p2|Skarmory, F|
|poke|p2|Hariyama, M|
|poke|p2|Darkrai|
|poke|p2|Gliscor, F|
|teampreview
|
|t:|1760851887
|teamsize|p1|6
|teamsize|p2|6
|start
|switch|p1a: Glimmora|Glimmora, F|100/100
|switch|p2a: Clodsire|Clodsire, M, shiny|100/100
|-item|p1a: Glimmora|Air Balloon
|turn|1
|
|t:|1760851893
|move|p1a: Glimmora|Stealth Rock|p2a: Clodsire
|-sidestart|p2: Scrafty.YN|move: Stealth Rock
|move|p2a: Clodsire|Stealth Rock|p1a: Glimmora
|-sidestart|p1: abc wil win|move: Stealth Rock
|
|upkeep
|turn|2
|
|t:|1760851906
|switch|p2a: Gliscor|Gliscor, F, shiny|100/100
|-damage|p2a: Gliscor|88/100|[from] Stealth Rock
|move|p1a: Glimmora|Mortal Spin|p2a: Gliscor
|-resisted|p2a: Gliscor
|-damage|p2a: Gliscor|86/100
|-status|p2a: Gliscor|psn
|-sideend|p1: abc wil win|Stealth Rock|[from] move: Mortal Spin|[of] p1a: Glimmora
|
|-heal|p2a: Gliscor|99/100 psn|[from] ability: Poison Heal
|upkeep
|turn|3
|
|t:|1760851917
|move|p1a: Glimmora|Memento|p2a: Gliscor
|-unboost|p2a: Gliscor|atk|2
|-unboost|p2a: Gliscor|spa|2
|faint|p1a: Glimmora
|move|p2a: Gliscor|Knock Off|p1: Glimmora|[notarget]
|-fail|p2a: Gliscor
|
|-heal|p2a: Gliscor|100/100 psn|[from] ability: Poison Heal
|upkeep
|
|t:|1760851926
|switch|p1a: Morpeko|Morpeko, F|100/100
|turn|4
|
|t:|1760851933
|move|p1a: Morpeko|Protect|p1a: Morpeko
|-singleturn|p1a: Morpeko|Protect
|move|p2a: Gliscor|Earthquake|p1a: Morpeko
|-activate|p1a: Morpeko|move: Protect
|
|-formechange|p1a: Morpeko|Morpeko-Hangry||[from] ability: Hunger Switch
|upkeep
|turn|5
|
|t:|1760851942
|switch|p2a: Clodsire|Clodsire, M, shiny|100/100
|move|p1a: Morpeko|Aura Wheel|p2a: Clodsire
|-damage|p2a: Clodsire|45/100
|-boost|p1a: Morpeko|spe|1
|
|-formechange|p1a: Morpeko|Morpeko||[from] ability: Hunger Switch
|upkeep
|turn|6
|-message|Scrafty.YN forfeited.
|
|win|abc wil win
|raw|abc wil win's rating: 1271 &rarr; <strong>1297</strong><br />(+26 for winning)
|raw|Scrafty.YN's rating: 1285 &rarr; <strong>1259</strong><br />(-26 for losing)
|l|‽Scrafty.YN
|player|p2|
|l|☆abc wil win
|player|p1|
