|j|☆madkingbandit
|j|☆Manbaby319
|t:|1760887236
|gametype|singles
|player|p1|madkingbandit|170|1132
|player|p2|Manbaby319|266|1191
|gen|9
|tier|[Gen 9] OU
|rated|
|rule|HP Percentage Mod: HP is shown in percentages
|rule|Endless Battle Clause: Forcing endless battles is banned
|rule|Species Clause: Limit one of each Pokémon
|rule|OHKO Clause: OHKO moves are banned
|rule|Evasion Items Clause: Evasion items are banned
|rule|Evasion Moves Clause: Evasion moves are banned
|rule|Evasion Abilities Clause: Evasion abilities are banned
|rule|Sleep Moves Clause: Sleep-inducing moves are banned
|clearpoke
|poke|p1|Rillaboom, M|
|poke|p1|Ogerpon, F|
|poke|p1|Gholdengo|
|poke|p1|Iron Treads|
|poke|p1|Hawlucha, F|
|poke|p1|Iron Moth|
|poke|p2|Dusknoir, M|
|poke|p2|Exeggutor-Alola, M|
|poke|p2|Torkoal, M|
|poke|p2|Indeedee-F, F|
|poke|p2|Hoopa-Unbound|
|poke|p2|Walking Wake|
|teampreview
|inactive|Battle timer is ON: inactive players will automatically lose when time's up. (requested by madkingbandit)
|inactive|Manbaby319 has 120 seconds left.
|inactive|Manbaby319 has 90 seconds left.
|
|t:|1760887301
|teamsize|p1|6
|teamsize|p2|6
|start
|switch|p1a: Iron Treads|Iron Treads, shiny|100/100
|switch|p2a: Dusknoir|Dusknoir, M, shiny|100/100
|-ability|p2a: Dusknoir|Pressure
|-enditem|p1a: Iron Treads|Booster Energy
|-activate|p1a: Iron Treads|ability: Quark Drive|[fromitem]
|-start|p1a: Iron Treads|quarkdrivespe
|turn|1
|
|t:|1760887317
|move|p1a: Iron Treads|Stealth Rock|p2a: Dusknoir
|-sidestart|p2: Manbaby319|move: Stealth Rock
|move|p2a: Dusknoir|Will-O-Wisp|p1a: Iron Treads
|-status|p1a: Iron Treads|brn
|
|-damage|p1a: Iron Treads|94/100 brn|[from] brn
|upkeep
|turn|2
|
|t:|1760887340
|-end|p1a: Iron Treads|Quark Drive|[silent]
|switch|p1a: Gholdengo|Gholdengo|100/100
|move|p2a: Dusknoir|Trick Room|p2a: Dusknoir
|-fieldstart|move: Trick Room|[of] p2a: Dusknoir
|
|upkeep
|turn|3
|
|t:|1760887348
|switch|p2a: Torkoal|Torkoal, M, shiny|100/100
|-damage|p2a: Torkoal|76/100|[from] Stealth Rock
|-weather|SunnyDay|[from] ability: Drought|[of] p2a: Torkoal
|move|p1a: Gholdengo|Shadow Ball|p2a: Torkoal
|-damage|p2a: Torkoal|44/100
|
|-weather|SunnyDay|[upkeep]
|upkeep
|turn|4
|
|t:|1760887366
|switch|p1a: Iron Moth|Iron Moth, shiny|100/100
|-enditem|p1a: Iron Moth|Booster Energy
|-activate|p1a: Iron Moth|ability: Quark Drive|[fromitem]
|-start|p1a: Iron Moth|quarkdrivespe
|move|p2a: Torkoal|Overheat|p1a: Iron Moth
|-resisted|p1a: Iron Moth
|-damage|p1a: Iron Moth|71/100
|-unboost|p2a: Torkoal|spa|2
|
|-weather|SunnyDay|[upkeep]
|upkeep
|turn|5
|
|t:|1760887379
|switch|p2a: Walking Wake|Walking Wake|100/100
|-damage|p2a: Walking Wake|88/100|[from] Stealth Rock
|-activate|p2a: Walking Wake|ability: Protosynthesis
|-start|p2a: Walking Wake|protosynthesisspe
|move|p1a: Iron Moth|Sludge Wave|p2a: Walking Wake
|-damage|p2a: Walking Wake|51/100
|
|-weather|SunnyDay|[upkeep]
|upkeep
|turn|6
|
|t:|1760887394
|-end|p1a: Iron Moth|Quark Drive|[silent]
|switch|p1a: Iron Treads|Iron Treads, shiny|94/100 brn
|move|p2a: Walking Wake|Hydro Steam|p1a: Iron Treads
|-supereffective|p1a: Iron Treads
|-damage|p1a: Iron Treads|0 fnt
|faint|p1a: Iron Treads
|-end|p1a: Iron Treads|Quark Drive|[silent]
|
|-weather|SunnyDay|[upkeep]
|-fieldend|move: Trick Room
|upkeep
|
|t:|1760887400
|switch|p1a: Rillaboom|Rillaboom, M|100/100
|-fieldstart|move: Grassy Terrain|[from] ability: Grassy Surge|[of] p1a: Rillaboom
|turn|7
|c|☆madkingbandit|!data hydro steam
|c| madkingbandit|/raw <ul class="utilichart"><li class="result"><span class="col movenamecol"><a href="https://dex.pokemonshowdown.com/moves/hydrosteam">Hydro Steam</a></span> <span class="col typecol"><img src="//play.pokemonshowdown.com/sprites/types/Water.png" alt="Water" width="32" height="14"><img src="//play.pokemonshowdown.com/sprites/categories/Special.png" alt="Special" width="32" height="14"></span> <span class="col labelcol"><em>Power</em><br>80</span> <span class="col widelabelcol"><em>Accuracy</em><br>100%</span> <span class="col pplabelcol"><em>PP</em><br>24</span> <span class="col movedesccol">During Sunny Day: 1.5x damage instead of half.</span> </li><li style="clear:both"></li></ul>

|inactive|Manbaby319 has 120 seconds left.
|
|t:|1760887423
|-terastallize|p2a: Walking Wake|Fairy
|move|p2a: Walking Wake|Weather Ball|p1a: Rillaboom
|-supereffective|p1a: Rillaboom
|-damage|p1a: Rillaboom|0 fnt
|faint|p1a: Rillaboom
|
|-weather|SunnyDay|[upkeep]
|-heal|p2a: Walking Wake|57/100|[from] Grassy Terrain
|upkeep
|
|t:|1760887429
|switch|p1a: Hawlucha|Hawlucha, F|100/100
|-enditem|p1a: Hawlucha|Grassy Seed
|-boost|p1a: Hawlucha|def|1|[from] item: Grassy Seed
|turn|8
|inactive|Manbaby319 has 120 seconds left.
|inactive|Manbaby319 has 90 seconds left.
|
|t:|1760887475
|move|p1a: Hawlucha|Acrobatics|p2a: Walking Wake
|-damage|p2a: Walking Wake|0 fnt
|faint|p2a: Walking Wake
|-end|p2a: Walking Wake|Protosynthesis|[silent]
|
|-weather|SunnyDay|[upkeep]
|upkeep
|inactive|Manbaby319 has 90 seconds left.
|
|t:|1760887489
|switch|p2a: Indeedee|Indeedee-F, F, shiny|100/100
|-damage|p2a: Indeedee|88/100|[from] Stealth Rock
|-fieldstart|move: Psychic Terrain|[from] ability: Psychic Surge|[of] p2a: Indeedee
|turn|9
|inactive|Manbaby319 has 90 seconds left.
|
|t:|1760887501
|move|p1a: Hawlucha|Acrobatics|p2a: Indeedee
|-damage|p2a: Indeedee|35/100
|move|p2a: Indeedee|Trick Room|p2a: Indeedee
|-fieldstart|move: Trick Room|[of] p2a: Indeedee
|
|-weather|SunnyDay|[upkeep]
|upkeep
|turn|10
|inactive|Manbaby319 has 90 seconds left.
|
|t:|1760887513
|move|p2a: Indeedee|Healing Wish|p2a: Indeedee
|faint|p2a: Indeedee
|move|p1a: Hawlucha|Acrobatics|p2: Indeedee|[notarget]
|-fail|p1a: Hawlucha
|
|-weather|none
|upkeep
|inactive|Manbaby319 has 90 seconds left.
|
|t:|1760887521
|switch|p2a: Torkoal|Torkoal, M, shiny|44/100
|-heal|p2a: Torkoal|100/100|[from] move: Healing Wish
|-damage|p2a: Torkoal|76/100|[from] Stealth Rock
|-weather|SunnyDay|[from] ability: Drought|[of] p2a: Torkoal
|turn|11
|
|t:|1760887529
|move|p2a: Torkoal|Rapid Spin|p1a: Hawlucha
|-damage|p1a: Hawlucha|90/100
|-boost|p2a: Torkoal|spe|1
|-sideend|p2: Manbaby319|Stealth Rock|[from] move: Rapid Spin|[of] p2a: Torkoal
|move|p1a: Hawlucha|Stone Edge|p2a: Torkoal
|-supereffective|p2a: Torkoal
|-damage|p2a: Torkoal|31/100
|
|-weather|SunnyDay|[upkeep]
|upkeep
|turn|12
|
|t:|1760887539
|move|p2a: Torkoal|Overheat|p1a: Hawlucha
|-damage|p1a: Hawlucha|12/100
|-unboost|p2a: Torkoal|spa|2
|move|p1a: Hawlucha|Stone Edge|p2a: Torkoal
|-supereffective|p2a: Torkoal
|-damage|p2a: Torkoal|0 fnt
|faint|p2a: Torkoal
|
|-weather|SunnyDay|[upkeep]
|upkeep
|
|t:|1760887548
|switch|p2a: Exeggutor|Exeggutor-Alola, M, shiny|100/100
|turn|13
|
|t:|1760887554
|move|p2a: Exeggutor|Growth|p2a: Exeggutor
|-boost|p2a: Exeggutor|atk|2
|-boost|p2a: Exeggutor|spa|2
|move|p1a: Hawlucha|Acrobatics|p2a: Exeggutor
|-supereffective|p2a: Exeggutor
|-damage|p2a: Exeggutor|6/100
|-enditem|p2a: Exeggutor|Sitrus Berry|[eat]
|-heal|p2a: Exeggutor|31/100|[from] item: Sitrus Berry
|
|-weather|SunnyDay|[upkeep]
|-fieldend|move: Trick Room
|-fieldend|move: Psychic Terrain
|-item|p2a: Exeggutor|Sitrus Berry|[from] ability: Harvest
|upkeep
|-enditem|p2a: Exeggutor|Sitrus Berry|[eat]
|-heal|p2a: Exeggutor|56/100|[from] item: Sitrus Berry
|turn|14
|
|t:|1760887564
|move|p1a: Hawlucha|Acrobatics|p2a: Exeggutor
|-supereffective|p2a: Exeggutor
|-damage|p2a: Exeggutor|0 fnt
|faint|p2a: Exeggutor
|
|-weather|SunnyDay|[upkeep]
|upkeep
|
|t:|1760887569
|switch|p2a: Hoopa|Hoopa-Unbound|100/100
|turn|15
|
|t:|1760887589
|move|p1a: Hawlucha|Acrobatics|p2a: Hoopa
|-damage|p2a: Hoopa|40/100
|move|p2a: Hoopa|Zen Headbutt|p1a: Hawlucha|[miss]
|-miss|p2a: Hoopa|p1a: Hawlucha
|
|-weather|SunnyDay|[upkeep]
|upkeep
|turn|16
|-message|Manbaby319 forfeited.
|
|win|madkingbandit
|raw|madkingbandit's rating: 1132 &rarr; <strong>1161</strong><br />(+29 for winning)
|raw|Manbaby319's rating: 1191 &rarr; <strong>1162</strong><br />(-29 for losing)
|l|☆Manbaby319
|player|p2|
|l|☆madkingbandit
|player|p1|
