|j|☆Joao V9898
|j|☆151htyrneh
|t:|1760815757
|gametype|singles
|player|p1|Joao V9898|n|1724
|player|p2|151htyrneh|wallace|1752
|gen|9
|tier|[Gen 9] OU
|rated|
|rule|HP Percentage Mod: HP is shown in percentages
|rule|Endless Battle Clause: Forcing endless battles is banned
|rule|Species Clause: Limit one of each Pokémon
|rule|OHKO Clause: OHKO moves are banned
|rule|Evasion Items Clause: Evasion items are banned
|rule|Evasion Moves Clause: Evasion moves are banned
|rule|Evasion Abilities Clause: Evasion abilities are banned
|rule|Sleep Moves Clause: Sleep-inducing moves are banned
|clearpoke
|poke|p1|Indeedee, M|
|poke|p1|Hatterene, F|
|poke|p1|Polteageist-Antique|
|poke|p1|Iron Crown|
|poke|p1|Iron Treads|
|poke|p1|Hawlucha, M|
|poke|p2|Kyurem|
|poke|p2|Corviknight, F|
|poke|p2|Ting-Lu|
|poke|p2|Dondozo, F|
|poke|p2|Slowking-Galar, M|
|poke|p2|Cinderace, M|
|teampreview
|inactive|Battle timer is ON: inactive players will automatically lose when time's up. (requested by Joao V9898)
|
|t:|1760815763
|teamsize|p1|6
|teamsize|p2|6
|start
|switch|p1a: Iron Treads|Iron Treads|100/100
|switch|p2a: Slowking|Slowking-Galar, M|100/100
|-enditem|p1a: Iron Treads|Booster Energy
|-activate|p1a: Iron Treads|ability: Quark Drive|[fromitem]
|-start|p1a: Iron Treads|quarkdrivespe
|turn|1
|
|t:|1760815767
|move|p1a: Iron Treads|Knock Off|p2a: Slowking
|-supereffective|p2a: Slowking
|-damage|p2a: Slowking|36/100
|-enditem|p2a: Slowking|Heavy-Duty Boots|[from] move: Knock Off|[of] p1a: Iron Treads
|-prepare|p2a: Slowking|Chilly Reception|[premajor]
|move|p2a: Slowking|Chilly Reception|p2a: Slowking
|-weather|Snowscape
|
|t:|1760815772
|switch|p2a: Dondozo|Dondozo, F|100/100|[from] Chilly Reception
|
|-weather|Snowscape|[upkeep]
|upkeep
|turn|2
|
|t:|1760815777
|move|p1a: Iron Treads|Stealth Rock|p2a: Dondozo
|-sidestart|p2: 151htyrneh|move: Stealth Rock
|move|p2a: Dondozo|Waterfall|p1a: Iron Treads
|-supereffective|p1a: Iron Treads
|-damage|p1a: Iron Treads|50/100
|
|-weather|Snowscape|[upkeep]
|upkeep
|turn|3
|
|t:|1760815782
|move|p1a: Iron Treads|Knock Off|p2a: Dondozo
|-damage|p2a: Dondozo|88/100
|-enditem|p2a: Dondozo|Leftovers|[from] move: Knock Off|[of] p1a: Iron Treads
|move|p2a: Dondozo|Waterfall|p1a: Iron Treads
|-supereffective|p1a: Iron Treads
|-damage|p1a: Iron Treads|0 fnt
|faint|p1a: Iron Treads
|-end|p1a: Iron Treads|Quark Drive|[silent]
|
|-weather|Snowscape|[upkeep]
|upkeep
|
|t:|1760815788
|switch|p1a: Indeedee|Indeedee, M|100/100
|-fieldstart|move: Psychic Terrain|[from] ability: Psychic Surge|[of] p1a: Indeedee
|turn|4
|
|t:|1760815794
|switch|p1a: Hatterene|Hatterene, F|100/100
|switch|p2a: Cinderace|Cinderace, M|100/100
|
|-weather|Snowscape|[upkeep]
|upkeep
|turn|5
|
|t:|1760815799
|move|p2a: Cinderace|U-turn|p1a: Hatterene
|-damage|p1a: Hatterene|84/100
|-enditem|p1a: Hatterene|Eject Button
|
|t:|1760815802
|switch|p1a: Polteageist|Polteageist-Antique|100/100
|
|-weather|none
|upkeep
|turn|6
|
|t:|1760815812
|move|p2a: Cinderace|Court Change|p2a: Cinderace
|-swapsideconditions
|-activate|p2a: Cinderace|move: Court Change
|move|p1a: Polteageist|Shell Smash|p1a: Polteageist
|-unboost|p1a: Polteageist|def|1
|-unboost|p1a: Polteageist|spd|1
|-boost|p1a: Polteageist|atk|2
|-boost|p1a: Polteageist|spa|2
|-boost|p1a: Polteageist|spe|2
|
|upkeep
|turn|7
|
|t:|1760815818
|switch|p2a: Slowking|Slowking-Galar, M|69/100
|move|p1a: Polteageist|Stored Power|p2a: Slowking
|-damage|p2a: Slowking|0 fnt
|faint|p2a: Slowking
|
|upkeep
|
|t:|1760815820
|switch|p2a: Ting-Lu|Ting-Lu|100/100
|-ability|p2a: Ting-Lu|Vessel of Ruin
|turn|8
|
|t:|1760815826
|-terastallize|p1a: Polteageist|Fighting
|move|p1a: Polteageist|Tera Blast|p2a: Ting-Lu|[anim] Tera Blast Fighting
|-supereffective|p2a: Ting-Lu
|-damage|p2a: Ting-Lu|26/100
|move|p2a: Ting-Lu|Payback|p1a: Polteageist
|-resisted|p1a: Polteageist
|-damage|p1a: Polteageist|51/100
|-ability|p1a: Polteageist|Weak Armor|boost
|-unboost|p1a: Polteageist|def|1
|-boost|p1a: Polteageist|spe|2
|
|-heal|p2a: Ting-Lu|32/100|[from] item: Leftovers
|upkeep
|turn|9
|c|☆Joao V9898|Gg
|
|t:|1760815840
|move|p1a: Polteageist|Tera Blast|p2a: Ting-Lu|[anim] Tera Blast Fighting
|-supereffective|p2a: Ting-Lu
|-damage|p2a: Ting-Lu|0 fnt
|faint|p2a: Ting-Lu
|
|upkeep
|
|t:|1760815842
|switch|p2a: Dondozo|Dondozo, F|88/100
|turn|10
|
|t:|1760815845
|-terastallize|p2a: Dondozo|Dark
|move|p1a: Polteageist|Stored Power|p2a: Dondozo
|-immune|p2a: Dondozo
|move|p2a: Dondozo|Waterfall|p1a: Polteageist
|-damage|p1a: Polteageist|0 fnt
|faint|p1a: Polteageist
|
|upkeep
|c|☆Joao V9898|Haha predict
|
|t:|1760815863
|switch|p1a: Hatterene|Hatterene, F|84/100
|-damage|p1a: Hatterene|72/100|[from] Stealth Rock
|turn|11
|
|t:|1760815869
|switch|p2a: Corviknight|Corviknight, F|100/100
|-ability|p2a: Corviknight|Pressure
|move|p1a: Hatterene|Nuzzle|p2a: Corviknight
|-supereffective|p2a: Corviknight
|-damage|p2a: Corviknight|96/100
|-status|p2a: Corviknight|par
|-damage|p1a: Hatterene|56/100|[from] item: Rocky Helmet|[of] p2a: Corviknight
|
|-fieldend|move: Psychic Terrain
|upkeep
|turn|12
|
|t:|1760815875
|switch|p1a: Indeedee|Indeedee, M|100/100
|-damage|p1a: Indeedee|88/100|[from] Stealth Rock
|-fieldstart|move: Psychic Terrain|[from] ability: Psychic Surge|[of] p1a: Indeedee
|move|p2a: Corviknight|U-turn|p1a: Indeedee
|-supereffective|p1a: Indeedee
|-damage|p1a: Indeedee|38/100
|
|t:|1760815877
|switch|p2a: Cinderace|Cinderace, M|100/100|[from] U-turn
|
|upkeep
|turn|13
|
|t:|1760815886
|move|p2a: Cinderace|U-turn|p1a: Indeedee
|-supereffective|p1a: Indeedee
|-damage|p1a: Indeedee|0 fnt
|faint|p1a: Indeedee
|
|t:|1760815888
|switch|p2a: Dondozo|Dondozo, F, tera:Dark|88/100|[from] U-turn
|
|upkeep
|
|t:|1760815892
|switch|p1a: Hawlucha|Hawlucha, M|100/100
|-damage|p1a: Hawlucha|88/100|[from] Stealth Rock
|-enditem|p1a: Hawlucha|Psychic Seed
|-boost|p1a: Hawlucha|spd|1|[from] item: Psychic Seed
|turn|14
|
|t:|1760815895
|move|p1a: Hawlucha|Close Combat|p2a: Dondozo
|-supereffective|p2a: Dondozo
|-damage|p2a: Dondozo|39/100
|-unboost|p1a: Hawlucha|def|1
|-unboost|p1a: Hawlucha|spd|1
|move|p2a: Dondozo|Curse|p2a: Dondozo
|-unboost|p2a: Dondozo|spe|1
|-boost|p2a: Dondozo|atk|1
|-boost|p2a: Dondozo|def|1
|
|upkeep
|turn|15
|
|t:|1760815904
|move|p1a: Hawlucha|Taunt|p2a: Dondozo
|-start|p2a: Dondozo|move: Taunt
|cant|p2a: Dondozo|move: Taunt|Rest
|
|upkeep
|turn|16
|
|t:|1760815906
|switch|p2a: Corviknight|Corviknight, F|96/100 par
|-ability|p2a: Corviknight|Pressure
|move|p1a: Hawlucha|Swords Dance|p1a: Hawlucha
|-boost|p1a: Hawlucha|atk|2
|
|upkeep
|turn|17
|
|t:|1760815909
|move|p1a: Hawlucha|Close Combat|p2a: Corviknight
|-damage|p2a: Corviknight|34/100 par
|-unboost|p1a: Hawlucha|def|1
|-unboost|p1a: Hawlucha|spd|1
|-damage|p1a: Hawlucha|72/100|[from] item: Rocky Helmet|[of] p2a: Corviknight
|move|p2a: Corviknight|Brave Bird|p1a: Hawlucha
|-supereffective|p1a: Hawlucha
|-damage|p1a: Hawlucha|0 fnt
|faint|p1a: Hawlucha
|-damage|p2a: Corviknight|14/100 par|[from] Recoil
|
|upkeep
|
|t:|1760815913
|switch|p1a: Iron Crown|Iron Crown|100/100
|-damage|p1a: Iron Crown|94/100|[from] Stealth Rock
|-enditem|p1a: Iron Crown|Booster Energy
|-activate|p1a: Iron Crown|ability: Quark Drive|[fromitem]
|-start|p1a: Iron Crown|quarkdrivespe
|turn|18
|
|t:|1760815916
|move|p1a: Iron Crown|Tachyon Cutter|p2a: Corviknight
|-resisted|p2a: Corviknight
|-damage|p2a: Corviknight|2/100 par
|-resisted|p2a: Corviknight
|-damage|p2a: Corviknight|0 fnt
|faint|p2a: Corviknight
|-hitcount|p2: Corviknight|2
|
|upkeep
|
|t:|1760815921
|switch|p2a: Cinderace|Cinderace, M|100/100
|turn|19
|
|t:|1760815923
|switch|p2a: Dondozo|Dondozo, F, tera:Dark|39/100
|move|p1a: Iron Crown|Expanding Force|p2a: Dondozo
|-immune|p2a: Dondozo
|
|-fieldend|move: Psychic Terrain
|upkeep
|turn|20
|
|t:|1760815928
|move|p1a: Iron Crown|Tachyon Cutter|p2a: Dondozo
|-crit|p2a: Dondozo
|-damage|p2a: Dondozo|6/100
|-damage|p2a: Dondozo|0 fnt
|faint|p2a: Dondozo
|-hitcount|p2: Dondozo|2
|
|upkeep
|
|t:|1760815930
|switch|p2a: Cinderace|Cinderace, M|100/100
|turn|21
|
|t:|1760815933
|move|p1a: Iron Crown|Focus Blast|p2a: Cinderace|[miss]
|-miss|p1a: Iron Crown|p2a: Cinderace
|move|p2a: Cinderace|Pyro Ball|p1a: Iron Crown
|-supereffective|p1a: Iron Crown
|-damage|p1a: Iron Crown|0 fnt
|faint|p1a: Iron Crown
|-end|p1a: Iron Crown|Quark Drive|[silent]
|
|upkeep
|
|t:|1760815937
|switch|p1a: Hatterene|Hatterene, F|56/100
|-damage|p1a: Hatterene|43/100|[from] Stealth Rock
|turn|22
|
|t:|1760815939
|move|p2a: Cinderace|Pyro Ball|p1a: Hatterene
|-damage|p1a: Hatterene|5/100
|move|p1a: Hatterene|Expanding Force|p2a: Cinderace
|-damage|p2a: Cinderace|59/100
|
|upkeep
|turn|23
|c|☆Joao V9898|Robbed
|c|☆151htyrneh|How
|c|☆Joao V9898|Focus blast is fail
|c|☆Joao V9898|Robbed
|c|☆Joao V9898|Robbed
|c|☆151htyrneh|Bruh wgat
|c|☆Joao V9898|I WON
|c|☆151htyrneh|What
|c|☆151htyrneh|Kyurem wins
|-message|Joao V9898 forfeited.
|
|win|151htyrneh
|raw|Joao V9898's rating: 1724 &rarr; <strong>1706</strong><br />(-18 for losing)
|raw|151htyrneh's rating: 1752 &rarr; <strong>1770</strong><br />(+18 for winning)
|l|☆Joao V9898
|player|p1|
