|j|☆receptus
|j|☆310YM4N74N3R0
|t:|1760802558
|gametype|singles
|player|p1|receptus|yellow|1575
|player|p2|310YM4N74N3R0|pokemonrangerf|1631
|gen|9
|tier|[Gen 9] OU
|rated|
|rule|HP Percentage Mod: HP is shown in percentages
|rule|Endless Battle Clause: Forcing endless battles is banned
|rule|Species Clause: Limit one of each Pokémon
|rule|OHKO Clause: OHKO moves are banned
|rule|Evasion Items Clause: Evasion items are banned
|rule|Evasion Moves Clause: Evasion moves are banned
|rule|Evasion Abilities Clause: Evasion abilities are banned
|rule|Sleep Moves Clause: Sleep-inducing moves are banned
|clearpoke
|poke|p1|Dragapult, F|
|poke|p1|Glimmora, F|
|poke|p1|Iron Valiant|
|poke|p1|Ogerpon-Wellspring, F|
|poke|p1|Landorus-Therian, M|
|poke|p1|Kingambit, F|
|poke|p2|Landorus-Therian, M|
|poke|p2|Yanmega, F|
|poke|p2|Rillaboom, F|
|poke|p2|Blaziken, M|
|poke|p2|Blastoise, M|
|poke|p2|Tyranitar, F|
|teampreview
|
|t:|1760802571
|teamsize|p1|6
|teamsize|p2|6
|start
|switch|p1a: Landorus|Landorus-Therian, M|100/100
|switch|p2a: Blastoise|Blastoise, M|100/100
|-ability|p1a: Landorus|Intimidate|boost
|-unboost|p2a: Blastoise|atk|1
|turn|1
|inactive|Battle timer is ON: inactive players will automatically lose when time's up. (requested by 310YM4N74N3R0)
|
|t:|1760802576
|move|p1a: Landorus|U-turn|p2a: Blastoise
|-damage|p2a: Blastoise|74/100
|
|t:|1760802578
|switch|p1a: Ogerpon|Ogerpon-Wellspring, F|100/100|[from] U-turn
|move|p2a: Blastoise|Ice Beam|p1a: Ogerpon
|-damage|p1a: Ogerpon|60/100
|-damage|p2a: Blastoise|64/100|[from] item: Life Orb
|
|upkeep
|turn|2
|
|t:|1760802585
|switch|p2a: Rillaboom|Rillaboom, F|100/100
|-fieldstart|move: Grassy Terrain|[from] ability: Grassy Surge|[of] p2a: Rillaboom
|-enditem|p2a: Rillaboom|Grassy Seed
|-boost|p2a: Rillaboom|def|1|[from] item: Grassy Seed
|move|p1a: Ogerpon|Horn Leech|p2a: Rillaboom
|-resisted|p2a: Rillaboom
|-damage|p2a: Rillaboom|78/100
|-heal|p1a: Ogerpon|73/100|[from] drain|[of] p2a: Rillaboom
|
|-heal|p1a: Ogerpon|79/100|[from] Grassy Terrain
|-heal|p2a: Rillaboom|84/100|[from] Grassy Terrain
|upkeep
|turn|3
|
|t:|1760802593
|switch|p1a: Landorus|Landorus-Therian, M|100/100
|-ability|p1a: Landorus|Intimidate|boost
|-unboost|p2a: Rillaboom|atk|1
|move|p2a: Rillaboom|Swords Dance|p2a: Rillaboom
|-boost|p2a: Rillaboom|atk|2
|
|-heal|p2a: Rillaboom|91/100|[from] Grassy Terrain
|upkeep
|turn|4
|
|t:|1760802597
|move|p1a: Landorus|Stealth Rock|p2a: Rillaboom
|-sidestart|p2: 310YM4N74N3R0|move: Stealth Rock
|move|p2a: Rillaboom|Swords Dance|p2a: Rillaboom
|-boost|p2a: Rillaboom|atk|2
|
|-heal|p2a: Rillaboom|97/100|[from] Grassy Terrain
|upkeep
|turn|5
|
|t:|1760802606
|move|p2a: Rillaboom|Grassy Glide|p1a: Landorus
|-damage|p1a: Landorus|0 fnt
|-damage|p2a: Rillaboom|80/100|[from] item: Rocky Helmet|[of] p1a: Landorus
|faint|p1a: Landorus
|
|-heal|p2a: Rillaboom|86/100|[from] Grassy Terrain
|upkeep
|
|t:|1760802614
|switch|p1a: Dragapult|Dragapult, F|100/100
|turn|6
|
|t:|1760802618
|move|p2a: Rillaboom|Grassy Glide|p1a: Dragapult
|-resisted|p1a: Dragapult
|-damage|p1a: Dragapult|29/100
|move|p1a: Dragapult|Flamethrower|p2a: Rillaboom
|-supereffective|p2a: Rillaboom
|-damage|p2a: Rillaboom|0 fnt
|faint|p2a: Rillaboom
|
|-heal|p1a: Dragapult|35/100|[from] Grassy Terrain
|-fieldend|move: Grassy Terrain
|upkeep
|j| ay cheu
|l| ay cheu
|
|t:|1760802639
|switch|p2a: Landorus|Landorus-Therian, M|100/100
|-damage|p2a: Landorus|88/100|[from] Stealth Rock
|-ability|p2a: Landorus|Intimidate|boost
|-fail|p1a: Dragapult|unboost|[from] ability: Clear Body|[of] p1a: Dragapult
|turn|7
|
|t:|1760802643
|switch|p1a: Ogerpon|Ogerpon-Wellspring, F|79/100
|move|p2a: Landorus|Earthquake|p1a: Ogerpon
|-resisted|p1a: Ogerpon
|-damage|p1a: Ogerpon|44/100
|
|upkeep
|turn|8
|
|t:|1760802672
|switch|p2a: Blastoise|Blastoise, M|64/100
|-damage|p2a: Blastoise|52/100|[from] Stealth Rock
|move|p1a: Ogerpon|Ivy Cudgel|p2a: Blastoise|[anim] Ivy Cudgel Water
|-resisted|p2a: Blastoise
|-damage|p2a: Blastoise|17/100
|
|upkeep
|turn|9
|
|t:|1760802679
|move|p1a: Ogerpon|Ivy Cudgel|p2a: Blastoise|[anim] Ivy Cudgel Water
|-resisted|p2a: Blastoise
|-damage|p2a: Blastoise|0 fnt
|faint|p2a: Blastoise
|
|upkeep
|
|t:|1760802682
|switch|p2a: Yanmega|Yanmega, F|100/100
|-damage|p2a: Yanmega|51/100|[from] Stealth Rock
|turn|10
|
|t:|1760802688
|move|p2a: Yanmega|Protect|p2a: Yanmega
|-singleturn|p2a: Yanmega|Protect
|move|p1a: Ogerpon|Ivy Cudgel|p2a: Yanmega|[anim] Ivy Cudgel Water
|-activate|p2a: Yanmega|move: Protect
|
|-ability|p2a: Yanmega|Speed Boost|boost
|-boost|p2a: Yanmega|spe|1
|upkeep
|turn|11
|
|t:|1760802694
|switch|p1a: Glimmora|Glimmora, F|100/100
|move|p2a: Yanmega|Bug Buzz|p1a: Glimmora
|-resisted|p1a: Glimmora
|-damage|p1a: Glimmora|68/100
|-enditem|p2a: Yanmega|Throat Spray
|-boost|p2a: Yanmega|spa|1|[from] item: Throat Spray
|
|-ability|p2a: Yanmega|Speed Boost|boost
|-boost|p2a: Yanmega|spe|1
|upkeep
|turn|12
|
|t:|1760802699
|move|p2a: Yanmega|Air Slash|p1a: Glimmora
|-resisted|p1a: Glimmora
|-damage|p1a: Glimmora|27/100
|move|p1a: Glimmora|Meteor Beam||[still]
|-prepare|p1a: Glimmora|Meteor Beam
|-boost|p1a: Glimmora|spa|1
|-enditem|p1a: Glimmora|Power Herb
|-anim|p1a: Glimmora|Meteor Beam|p2a: Yanmega
|-supereffective|p2a: Yanmega
|-damage|p2a: Yanmega|0 fnt
|faint|p2a: Yanmega
|
|upkeep
|
|t:|1760802707
|switch|p2a: Blaziken|Blaziken, M|100/100
|-damage|p2a: Blaziken|88/100|[from] Stealth Rock
|turn|13
|
|t:|1760802710
|move|p1a: Glimmora|Earth Power|p2a: Blaziken
|-supereffective|p2a: Blaziken
|-damage|p2a: Blaziken|0 fnt
|faint|p2a: Blaziken
|
|upkeep
|
|t:|1760802713
|switch|p2a: Tyranitar|Tyranitar, F, shiny|100/100
|-damage|p2a: Tyranitar|88/100|[from] Stealth Rock
|-weather|Sandstorm|[from] ability: Sand Stream|[of] p2a: Tyranitar
|turn|14
|-message|310YM4N74N3R0 forfeited.
|
|win|receptus
|raw|receptus's rating: 1575 &rarr; <strong>1598</strong><br />(+23 for winning)
|raw|310YM4N74N3R0's rating: 1631 &rarr; <strong>1608</strong><br />(-23 for losing)
|l|☆310YM4N74N3R0
|player|p2|
