|j|☆pxrishal
|j|☆pencilsfather
|t:|1760797603
|gametype|singles
|player|p1|pxrishal|burglar|1048
|player|p2|pencilsfather|dawn|1091
|gen|9
|tier|[Gen 9] OU
|rated|
|rule|HP Percentage Mod: HP is shown in percentages
|rule|Endless Battle Clause: Forcing endless battles is banned
|rule|Species Clause: Limit one of each Pokémon
|rule|OHKO Clause: OHKO moves are banned
|rule|Evasion Items Clause: Evasion items are banned
|rule|Evasion Moves Clause: Evasion moves are banned
|rule|Evasion Abilities Clause: Evasion abilities are banned
|rule|Sleep Moves Clause: Sleep-inducing moves are banned
|clearpoke
|poke|p1|Dragonite, M|
|poke|p1|Great Tusk|
|poke|p1|Darkrai|
|poke|p1|Gholdengo|
|poke|p1|Araquanid, F|
|poke|p1|Glimmora, M|
|poke|p2|Meowscarada, M|
|poke|p2|Azumarill, F|
|poke|p2|Maushold-Four|
|poke|p2|Garganacl, F|
|poke|p2|Dragonite, M|
|poke|p2|Primarina, F|
|teampreview
|
|t:|1760797651
|teamsize|p1|6
|teamsize|p2|6
|start
|switch|p1a: Great Tusk|Great Tusk|100/100
|switch|p2a: Primarina|Primarina, F|100/100
|-enditem|p1a: Great Tusk|Booster Energy
|-activate|p1a: Great Tusk|ability: Protosynthesis|[fromitem]
|-start|p1a: Great Tusk|protosynthesisspe
|turn|1
|
|t:|1760797665
|-end|p1a: Great Tusk|Protosynthesis|[silent]
|switch|p1a: Gholdengo|Gholdengo|100/100
|-item|p1a: Gholdengo|Air Balloon
|move|p2a: Primarina|Moonblast|p1a: Gholdengo
|-resisted|p1a: Gholdengo
|-damage|p1a: Gholdengo|70/100
|-enditem|p1a: Gholdengo|Air Balloon
|
|upkeep
|turn|2
|
|t:|1760797676
|switch|p2a: Dragonite|Dragonite, M|100/100
|move|p1a: Gholdengo|Nasty Plot|p1a: Gholdengo
|-boost|p1a: Gholdengo|spa|2
|
|upkeep
|turn|3
|
|t:|1760797687
|move|p1a: Gholdengo|Dazzling Gleam|p2a: Dragonite
|-supereffective|p2a: Dragonite
|-damage|p2a: Dragonite|47/100
|move|p2a: Dragonite|Fire Punch|p1a: Gholdengo
|-supereffective|p1a: Gholdengo
|-damage|p1a: Gholdengo|6/100
|
|upkeep
|turn|4
|
|t:|1760797697
|move|p1a: Gholdengo|Dazzling Gleam|p2a: Dragonite
|-supereffective|p2a: Dragonite
|-damage|p2a: Dragonite|0 fnt
|faint|p2a: Dragonite
|
|upkeep
|
|t:|1760797705
|switch|p2a: Azumarill|Azumarill, F, shiny|100/100
|turn|5
|
|t:|1760797714
|move|p2a: Azumarill|Aqua Jet|p1a: Gholdengo
|-damage|p1a: Gholdengo|0 fnt
|faint|p1a: Gholdengo
|
|upkeep
|
|t:|1760797765
|switch|p1a: Glimmora|Glimmora, M|100/100
|turn|6
|
|t:|1760797775
|switch|p2a: Primarina|Primarina, F|100/100
|move|p1a: Glimmora|Meteor Beam||[still]
|-prepare|p1a: Glimmora|Meteor Beam
|-boost|p1a: Glimmora|spa|1
|-enditem|p1a: Glimmora|Power Herb
|-anim|p1a: Glimmora|Meteor Beam|p2a: Primarina
|-damage|p2a: Primarina|10/100
|
|upkeep
|turn|7
|
|t:|1760797789
|move|p1a: Glimmora|Dazzling Gleam|p2a: Primarina
|-damage|p2a: Primarina|0 fnt
|faint|p2a: Primarina
|
|upkeep
|
|t:|1760797796
|switch|p2a: Azumarill|Azumarill, F, shiny|100/100
|turn|8
|-activate|p2a: Azumarill|item: Quick Claw
|
|t:|1760797827
|move|p2a: Azumarill|Belly Drum|p2a: Azumarill
|-damage|p2a: Azumarill|50/100
|-setboost|p2a: Azumarill|atk|6|[from] move: Belly Drum
|move|p1a: Glimmora|Dazzling Gleam|p2a: Azumarill
|-damage|p2a: Azumarill|8/100
|
|upkeep
|turn|9
|
|t:|1760797836
|move|p2a: Azumarill|Aqua Jet|p1a: Glimmora
|-supereffective|p1a: Glimmora
|-damage|p1a: Glimmora|0 fnt
|-activate|p1a: Glimmora|ability: Toxic Debris
|-sidestart|p2: pencilsfather|move: Toxic Spikes
|faint|p1a: Glimmora
|
|upkeep
|
|t:|1760797840
|switch|p1a: Araquanid|Araquanid, F|100/100
|turn|10
|
|t:|1760797848
|move|p2a: Azumarill|Play Rough|p1a: Araquanid
|-damage|p1a: Araquanid|0 fnt
|faint|p1a: Araquanid
|
|upkeep
|
|t:|1760797854
|switch|p1a: Great Tusk|Great Tusk|100/100
|turn|11
|
|t:|1760797858
|move|p2a: Azumarill|Aqua Jet|p1a: Great Tusk
|-supereffective|p1a: Great Tusk
|-damage|p1a: Great Tusk|0 fnt
|faint|p1a: Great Tusk
|-end|p1a: Great Tusk|Protosynthesis|[silent]
|
|upkeep
|
|t:|1760797860
|switch|p1a: Dragonite|Dragonite, M|100/100
|turn|12
|
|t:|1760797866
|move|p1a: Dragonite|Earthquake|p2a: Azumarill
|-damage|p2a: Azumarill|0 fnt
|faint|p2a: Azumarill
|
|upkeep
|
|t:|1760797875
|switch|p2a: Garganacl|Garganacl, F, shiny|100/100
|turn|13
|
|t:|1760797882
|switch|p1a: Darkrai|Darkrai|100/100
|-terastallize|p2a: Garganacl|Flying
|move|p2a: Garganacl|Salt Cure|p1a: Darkrai
|-damage|p1a: Darkrai|82/100
|-start|p1a: Darkrai|Salt Cure
|
|-damage|p1a: Darkrai|70/100|[from] Salt Cure
|upkeep
|turn|14
|
|t:|1760797895
|move|p1a: Darkrai|Ice Beam|p2a: Garganacl
|-supereffective|p2a: Garganacl
|-damage|p2a: Garganacl|53/100
|move|p2a: Garganacl|Iron Defense|p2a: Garganacl
|-boost|p2a: Garganacl|def|2
|
|-heal|p2a: Garganacl|59/100|[from] item: Leftovers
|-damage|p1a: Darkrai|57/100|[from] Salt Cure
|upkeep
|turn|15
|
|t:|1760797905
|move|p2a: Garganacl|Protect|p2a: Garganacl
|-singleturn|p2a: Garganacl|Protect
|move|p1a: Darkrai|Ice Beam|p2a: Garganacl
|-activate|p2a: Garganacl|move: Protect
|
|-heal|p2a: Garganacl|65/100|[from] item: Leftovers
|-damage|p1a: Darkrai|45/100|[from] Salt Cure
|upkeep
|turn|16
|
|t:|1760797916
|move|p1a: Darkrai|Ice Beam|p2a: Garganacl
|-supereffective|p2a: Garganacl
|-damage|p2a: Garganacl|22/100
|move|p2a: Garganacl|Recover|p2a: Garganacl
|-heal|p2a: Garganacl|72/100
|
|-heal|p2a: Garganacl|78/100|[from] item: Leftovers
|-damage|p1a: Darkrai|33/100|[from] Salt Cure
|upkeep
|turn|17
|
|t:|1760797926
|move|p2a: Garganacl|Protect|p2a: Garganacl
|-singleturn|p2a: Garganacl|Protect
|move|p1a: Darkrai|Knock Off|p2a: Garganacl
|-activate|p2a: Garganacl|move: Protect
|
|-heal|p2a: Garganacl|84/100|[from] item: Leftovers
|-damage|p1a: Darkrai|20/100|[from] Salt Cure
|upkeep
|turn|18
|l|☆pencilsfather
|player|p2|
|j|☆pencilsfather
|player|p2|pencilsfather|dawn|
|
|t:|1760797969
|move|p2a: Garganacl|Protect||[still]
|-fail|p2a: Garganacl
|move|p1a: Darkrai|Knock Off|p2a: Garganacl
|-damage|p2a: Garganacl|73/100
|-enditem|p2a: Garganacl|Leftovers|[from] move: Knock Off|[of] p1a: Darkrai
|
|-damage|p1a: Darkrai|8/100|[from] Salt Cure
|upkeep
|turn|19
|
|t:|1760797987
|move|p1a: Darkrai|Ice Beam|p2a: Garganacl
|-supereffective|p2a: Garganacl
|-damage|p2a: Garganacl|22/100
|move|p2a: Garganacl|Recover|p2a: Garganacl
|-heal|p2a: Garganacl|72/100
|
|-damage|p1a: Darkrai|0 fnt|[from] Salt Cure
|faint|p1a: Darkrai
|upkeep
|
|t:|1760797990
|switch|p1a: Dragonite|Dragonite, M|100/100
|turn|20
|
|t:|1760798000
|-terastallize|p1a: Dragonite|Fairy
|move|p1a: Dragonite|Dragon Dance|p1a: Dragonite
|-boost|p1a: Dragonite|atk|1
|-boost|p1a: Dragonite|spe|1
|move|p2a: Garganacl|Salt Cure|p1a: Dragonite
|-damage|p1a: Dragonite|94/100
|
|upkeep
|turn|21
|
|t:|1760798009
|move|p1a: Dragonite|Dragon Dance|p1a: Dragonite
|-boost|p1a: Dragonite|atk|1
|-boost|p1a: Dragonite|spe|1
|move|p2a: Garganacl|Iron Defense|p2a: Garganacl
|-boost|p2a: Garganacl|def|2
|
|upkeep
|turn|22
|
|t:|1760798016
|move|p1a: Dragonite|Tera Blast|p2a: Garganacl|[anim] Tera Blast Fairy
|-damage|p2a: Garganacl|58/100
|move|p2a: Garganacl|Iron Defense|p2a: Garganacl
|-boost|p2a: Garganacl|def|2
|
|upkeep
|turn|23
|
|t:|1760798023
|move|p1a: Dragonite|Dragon Dance|p1a: Dragonite
|-boost|p1a: Dragonite|atk|1
|-boost|p1a: Dragonite|spe|1
|move|p2a: Garganacl|Salt Cure|p1a: Dragonite
|-damage|p1a: Dragonite|80/100
|
|upkeep
|turn|24
|
|t:|1760798030
|move|p1a: Dragonite|Dragon Dance|p1a: Dragonite
|-boost|p1a: Dragonite|atk|1
|-boost|p1a: Dragonite|spe|1
|move|p2a: Garganacl|Salt Cure|p1a: Dragonite
|-damage|p1a: Dragonite|66/100
|
|upkeep
|turn|25
|
|t:|1760798049
|move|p1a: Dragonite|Dragon Dance|p1a: Dragonite
|-boost|p1a: Dragonite|atk|1
|-boost|p1a: Dragonite|spe|1
|move|p2a: Garganacl|Salt Cure|p1a: Dragonite
|-damage|p1a: Dragonite|54/100
|
|upkeep
|turn|26
|
|t:|1760798056
|move|p1a: Dragonite|Dragon Dance|p1a: Dragonite
|-boost|p1a: Dragonite|atk|1
|-boost|p1a: Dragonite|spe|1
|move|p2a: Garganacl|Salt Cure|p1a: Dragonite
|-damage|p1a: Dragonite|40/100
|
|upkeep
|turn|27
|
|t:|1760798064
|move|p1a: Dragonite|Roost|p1a: Dragonite
|-heal|p1a: Dragonite|91/100
|move|p2a: Garganacl|Salt Cure|p1a: Dragonite
|-damage|p1a: Dragonite|78/100
|
|upkeep
|turn|28
|
|t:|1760798089
|move|p1a: Dragonite|Tera Blast|p2a: Garganacl|[anim] Tera Blast Fairy
|-damage|p2a: Garganacl|37/100
|move|p2a: Garganacl|Recover|p2a: Garganacl
|-heal|p2a: Garganacl|87/100
|
|upkeep
|turn|29
|
|t:|1760798111
|move|p1a: Dragonite|Tera Blast|p2a: Garganacl|[anim] Tera Blast Fairy
|-damage|p2a: Garganacl|69/100
|move|p2a: Garganacl|Salt Cure|p1a: Dragonite
|-damage|p1a: Dragonite|65/100
|
|upkeep
|turn|30
|
|t:|1760798120
|move|p1a: Dragonite|Tera Blast|p2a: Garganacl|[anim] Tera Blast Fairy
|-damage|p2a: Garganacl|47/100
|move|p2a: Garganacl|Salt Cure|p1a: Dragonite
|-damage|p1a: Dragonite|51/100
|
|upkeep
|turn|31
|
|t:|1760798127
|move|p1a: Dragonite|Tera Blast|p2a: Garganacl|[anim] Tera Blast Fairy
|-damage|p2a: Garganacl|26/100
|move|p2a: Garganacl|Salt Cure|p1a: Dragonite
|-damage|p1a: Dragonite|39/100
|
|upkeep
|turn|32
|
|t:|1760798134
|move|p1a: Dragonite|Tera Blast|p2a: Garganacl|[anim] Tera Blast Fairy
|-damage|p2a: Garganacl|7/100
|move|p2a: Garganacl|Salt Cure|p1a: Dragonite
|-damage|p1a: Dragonite|26/100
|
|upkeep
|turn|33
|
|t:|1760798142
|move|p1a: Dragonite|Roost|p1a: Dragonite
|-heal|p1a: Dragonite|76/100
|move|p2a: Garganacl|Recover|p2a: Garganacl
|-heal|p2a: Garganacl|57/100
|
|upkeep
|turn|34
|-message|pencilsfather forfeited.
|
|win|pxrishal
|raw|pxrishal's rating: 1048 &rarr; <strong>1085</strong><br />(+37 for winning)
|raw|pencilsfather's rating: 1091 &rarr; <strong>1064</strong><br />(-27 for losing)
|l|☆pencilsfather
|player|p2|
