|j|☆biduledu77
|j|☆qazqazwsxplmaa
|t:|1760863667
|gametype|singles
|player|p1|biduledu77|266|1220
|player|p2|qazqazwsxplmaa|266|1141
|gen|9
|tier|[Gen 9] OU
|rated|
|rule|HP Percentage Mod: HP is shown in percentages
|rule|Endless Battle Clause: Forcing endless battles is banned
|rule|Species Clause: Limit one of each Pokémon
|rule|OHKO Clause: OHKO moves are banned
|rule|Evasion Items Clause: Evasion items are banned
|rule|Evasion Moves Clause: Evasion moves are banned
|rule|Evasion Abilities Clause: Evasion abilities are banned
|rule|Sleep Moves Clause: Sleep-inducing moves are banned
|clearpoke
|poke|p1|Scizor, M|
|poke|p1|Samurott-Hisui, M|
|poke|p1|Corviknight, F|
|poke|p1|Thundurus-Therian, M|
|poke|p1|Garganacl, F|
|poke|p1|Kommo-o, F|
|poke|p2|Raging Bolt|
|poke|p2|Tornadus-Therian, M|
|poke|p2|Kyurem|
|poke|p2|Pecharunt|
|poke|p2|Darkrai|
|poke|p2|Florges, F|
|teampreview
|inactive|Battle timer is ON: inactive players will automatically lose when time's up. (requested by biduledu77)
|
|t:|1760863678
|teamsize|p1|6
|teamsize|p2|6
|start
|switch|p1a: Samurott|Samurott-Hisui, M, shiny|100/100
|switch|p2a: Raging Bolt|Raging Bolt|100/100
|turn|1
|
|t:|1760863684
|move|p1a: Samurott|Knock Off|p2a: Raging Bolt
|-damage|p2a: Raging Bolt|64/100
|-enditem|p2a: Raging Bolt|Life Orb|[from] move: Knock Off|[of] p1a: Samurott
|move|p2a: Raging Bolt|Thunderbolt|p1a: Samurott
|-supereffective|p1a: Samurott
|-enditem|p1a: Samurott|Focus Sash
|-damage|p1a: Samurott|1/100
|
|upkeep
|turn|2
|
|t:|1760863693
|move|p2a: Raging Bolt|Thunderclap|p1a: Samurott
|-supereffective|p1a: Samurott
|-damage|p1a: Samurott|0 fnt
|faint|p1a: Samurott
|
|upkeep
|
|t:|1760863701
|switch|p1a: Thundurus|Thundurus-Therian, M, shiny|100/100
|turn|3
|
|t:|1760863709
|move|p1a: Thundurus|Nasty Plot|p1a: Thundurus
|-boost|p1a: Thundurus|spa|2
|move|p2a: Raging Bolt|Draco Meteor|p1a: Thundurus
|-damage|p1a: Thundurus|0 fnt
|-unboost|p2a: Raging Bolt|spa|2
|faint|p1a: Thundurus
|
|upkeep
|
|t:|1760863717
|switch|p1a: Kommo-o|Kommo-o, F|100/100
|turn|4
|
|t:|1760863721
|move|p1a: Kommo-o|Clangorous Soul|p1a: Kommo-o
|-boost|p1a: Kommo-o|atk|1
|-boost|p1a: Kommo-o|def|1
|-boost|p1a: Kommo-o|spa|1
|-boost|p1a: Kommo-o|spd|1
|-boost|p1a: Kommo-o|spe|1
|-damage|p1a: Kommo-o|68/100
|-enditem|p1a: Kommo-o|Throat Spray
|-boost|p1a: Kommo-o|spa|1|[from] item: Throat Spray
|move|p2a: Raging Bolt|Draco Meteor|p1a: Kommo-o
|-supereffective|p1a: Kommo-o
|-damage|p1a: Kommo-o|11/100
|-unboost|p2a: Raging Bolt|spa|2
|
|upkeep
|turn|5
|
|t:|1760863734
|-end|p2a: Raging Bolt|Protosynthesis|[silent]
|switch|p2a: Florges|Florges, F|100/100
|move|p1a: Kommo-o|Boomburst|p2a: Florges
|-damage|p2a: Florges|59/100
|
|-heal|p2a: Florges|65/100|[from] item: Leftovers
|upkeep
|turn|6
|
|t:|1760863750
|-terastallize|p1a: Kommo-o|Normal
|move|p1a: Kommo-o|Boomburst|p2a: Florges
|-damage|p2a: Florges|4/100
|move|p2a: Florges|Wish|p2a: Florges
|
|-heal|p2a: Florges|10/100|[from] item: Leftovers
|upkeep
|turn|7
|
|t:|1760863759
|move|p2a: Florges|Protect|p2a: Florges
|-singleturn|p2a: Florges|Protect
|move|p1a: Kommo-o|Vacuum Wave|p2a: Florges
|-activate|p2a: Florges|move: Protect
|
|-heal|p2a: Florges|60/100|[from] move: Wish|[wisher] Florges
|-heal|p2a: Florges|66/100|[from] item: Leftovers
|upkeep
|turn|8
|
|t:|1760863771
|move|p1a: Kommo-o|Boomburst|p2a: Florges
|-damage|p2a: Florges|2/100
|move|p2a: Florges|Moonblast|p1a: Kommo-o
|-damage|p1a: Kommo-o|0 fnt
|faint|p1a: Kommo-o
|
|-heal|p2a: Florges|8/100|[from] item: Leftovers
|upkeep
|
|t:|1760863779
|switch|p1a: Garganacl|Garganacl, F|100/100
|turn|9
|
|t:|1760863784
|move|p2a: Florges|Moonblast|p1a: Garganacl
|-damage|p1a: Garganacl|69/100
|move|p1a: Garganacl|Salt Cure|p2a: Florges
|-damage|p2a: Florges|0 fnt
|faint|p2a: Florges
|
|-heal|p1a: Garganacl|75/100|[from] item: Leftovers
|upkeep
|
|t:|1760863803
|switch|p2a: Raging Bolt|Raging Bolt|64/100
|turn|10
|
|t:|1760863807
|move|p2a: Raging Bolt|Draco Meteor|p1a: Garganacl
|-damage|p1a: Garganacl|0 fnt
|-unboost|p2a: Raging Bolt|spa|2
|faint|p1a: Garganacl
|
|upkeep
|
|t:|1760863812
|switch|p1a: Scizor|Scizor, M|100/100
|turn|11
|
|t:|1760863818
|-end|p2a: Raging Bolt|Protosynthesis|[silent]
|switch|p2a: Tornadus|Tornadus-Therian, M|100/100
|move|p1a: Scizor|Close Combat|p2a: Tornadus
|-resisted|p2a: Tornadus
|-damage|p2a: Tornadus|60/100
|-unboost|p1a: Scizor|def|1
|-unboost|p1a: Scizor|spd|1
|-damage|p1a: Scizor|91/100|[from] item: Life Orb
|
|upkeep
|turn|12
|
|t:|1760863828
|move|p2a: Tornadus|Heat Wave|p1a: Scizor
|-supereffective|p1a: Scizor
|-damage|p1a: Scizor|0 fnt
|faint|p1a: Scizor
|
|upkeep
|-message|biduledu77 forfeited.
|
|win|qazqazwsxplmaa
|raw|biduledu77's rating: 1220 &rarr; <strong>1189</strong><br />(-31 for losing)
|raw|qazqazwsxplmaa's rating: 1141 &rarr; <strong>1172</strong><br />(+31 for winning)
|l|☆biduledu77
|player|p1|
|l|☆qazqazwsxplmaa
|player|p2|
