|badge|p1|silver|gen9doublesou|30-7
|badge|p1|bronze|gen9ru|100-7
|uhtml|medal-msg|<div class="broadcast-blue">Curious what those medals under the avatar are? PS now has Ladder Seasons! For more information, check out the <a href="https://www.smogon.com/forums/threads/3740067/">thread on Smogon.</a></div>
|j|☆3idk
|j|☆go b3yond
|t:|1760886744
|gametype|singles
|player|p1|3idk|cynthia-masters|1645
|player|p2|go b3yond|waiter-gen4dp|1656
|gen|9
|tier|[Gen 9] OU
|rated|
|rule|HP Percentage Mod: HP is shown in percentages
|rule|Endless Battle Clause: Forcing endless battles is banned
|rule|Species Clause: Limit one of each Pokémon
|rule|OHKO Clause: OHKO moves are banned
|rule|Evasion Items Clause: Evasion items are banned
|rule|Evasion Moves Clause: Evasion moves are banned
|rule|Evasion Abilities Clause: Evasion abilities are banned
|rule|Sleep Moves Clause: Sleep-inducing moves are banned
|clearpoke
|poke|p1|Pelipper, M|
|poke|p1|Tornadus-Therian, M|
|poke|p1|Iron Treads|
|poke|p1|Decidueye-Hisui, M|
|poke|p1|Barraskewda, F|
|poke|p1|Raging Bolt|
|poke|p2|Torkoal, M|
|poke|p2|Brute Bonnet|
|poke|p2|Hatterene, F|
|poke|p2|Walking Wake|
|poke|p2|Thundurus-Therian, M|
|poke|p2|Ceruledge, M|
|teampreview
|inactive|Battle timer is ON: inactive players will automatically lose when time's up. (requested by 3idk)
|
|t:|1760886763
|teamsize|p1|6
|teamsize|p2|6
|start
|switch|p1a: Tornadus|Tornadus-Therian, M|100/100
|switch|p2a: Walking Wake|Walking Wake|100/100
|turn|1
|
|t:|1760886772
|-terastallize|p1a: Tornadus|Flying
|move|p1a: Tornadus|Hurricane|p2a: Walking Wake
|-damage|p2a: Walking Wake|20/100
|-start|p2a: Walking Wake|confusion
|-activate|p2a: Walking Wake|confusion
|move|p2a: Walking Wake|Hydro Steam|p1a: Tornadus
|-damage|p1a: Tornadus|51/100
|
|upkeep
|turn|2
|inactive|go b3yond has 120 seconds left.
|
|t:|1760886811
|-end|p2a: Walking Wake|Protosynthesis|[silent]
|switch|p2a: Hatterene|Hatterene, F|100/100
|move|p1a: Tornadus|Hurricane|p2a: Hatterene
|-damage|p2a: Hatterene|0 fnt
|faint|p2a: Hatterene
|
|upkeep
|
|t:|1760886817
|switch|p2a: Thundurus|Thundurus-Therian, M|100/100
|turn|3
|
|t:|1760886821
|switch|p1a: Iron Treads|Iron Treads|100/100
|move|p2a: Thundurus|Focus Blast|p1a: Iron Treads
|-supereffective|p1a: Iron Treads
|-damage|p1a: Iron Treads|0 fnt
|faint|p1a: Iron Treads
|-end|p1a: Iron Treads|Quark Drive|[silent]
|
|upkeep
|
|t:|1760886827
|switch|p1a: Tornadus|Tornadus-Therian, M, tera:Flying|84/100
|turn|4
|
|t:|1760886840
|switch|p2a: GREAT Bait|Torkoal, M, shiny|100/100
|-weather|SunnyDay|[from] ability: Drought|[of] p2a: GREAT Bait
|move|p1a: Tornadus|U-turn|p2a: GREAT Bait
|-resisted|p2a: GREAT Bait
|-damage|p2a: GREAT Bait|95/100
|
|t:|1760886844
|switch|p1a: Pelipper|Pelipper, M|100/100|[from] U-turn
|-weather|RainDance|[from] ability: Drizzle|[of] p1a: Pelipper
|
|-weather|RainDance|[upkeep]
|upkeep
|turn|5
|
|t:|1760886851
|switch|p2a: Walking Wake|Walking Wake|20/100
|move|p1a: Pelipper|U-turn|p2a: Walking Wake
|-crit|p2a: Walking Wake
|-damage|p2a: Walking Wake|4/100
|
|t:|1760886856
|switch|p1a: Tornadus|Tornadus-Therian, M, tera:Flying|100/100|[from] U-turn
|
|-weather|RainDance|[upkeep]
|upkeep
|turn|6
|
|t:|1760886859
|move|p1a: Tornadus|U-turn|p2a: Walking Wake
|-damage|p2a: Walking Wake|0 fnt
|faint|p2a: Walking Wake
|-end|p2a: Walking Wake|Protosynthesis|[silent]
|
|t:|1760886868
|switch|p1a: Raging Bolt|Raging Bolt|100/100|[from] U-turn
|-enditem|p1a: Raging Bolt|Booster Energy
|-activate|p1a: Raging Bolt|ability: Protosynthesis|[fromitem]
|-start|p1a: Raging Bolt|protosynthesisspa
|
|-weather|RainDance|[upkeep]
|upkeep
|
|t:|1760886875
|switch|p2a: Thundurus|Thundurus-Therian, M|100/100
|turn|7
|
|t:|1760886884
|-terastallize|p2a: Thundurus|Fairy
|move|p2a: Thundurus|Thunderbolt|p1a: Raging Bolt
|-resisted|p1a: Raging Bolt
|-damage|p1a: Raging Bolt|82/100
|move|p1a: Raging Bolt|Weather Ball|p2a: Thundurus
|-damage|p2a: Thundurus|0 fnt
|faint|p2a: Thundurus
|
|-weather|RainDance|[upkeep]
|upkeep
|-message|go b3yond forfeited.
|
|win|3idk
|raw|3idk's rating: 1645 &rarr; <strong>1666</strong><br />(+21 for winning)
|raw|go b3yond's rating: 1656 &rarr; <strong>1635</strong><br />(-21 for losing)
|l|☆go b3yond
|player|p2|
