|j|☆Brigadi25
|j|☆wyyorz
|t:|1760886763
|gametype|singles
|player|p1|Brigadi25|bugcatcher-gen4dp|1366
|player|p2|wyyorz|caitlin|1311
|gen|9
|tier|[Gen 9] OU
|rated|
|rule|HP Percentage Mod: HP is shown in percentages
|rule|Endless Battle Clause: Forcing endless battles is banned
|rule|Species Clause: Limit one of each Pokémon
|rule|OHKO Clause: OHKO moves are banned
|rule|Evasion Items Clause: Evasion items are banned
|rule|Evasion Moves Clause: Evasion moves are banned
|rule|Evasion Abilities Clause: Evasion abilities are banned
|rule|Sleep Moves Clause: Sleep-inducing moves are banned
|clearpoke
|poke|p1|Kleavor, F|
|poke|p1|Ogerpon-Wellspring, F|
|poke|p1|Tornadus-Therian, M|
|poke|p1|Goodra, M|
|poke|p1|Serperior, F|
|poke|p1|Iron Treads|
|poke|p2|Zamazenta-*|
|poke|p2|Dragapult, M|
|poke|p2|Raging Bolt|
|poke|p2|Moltres|
|poke|p2|Iron Treads|
|poke|p2|Samurott-Hisui, M|
|teampreview
|inactive|Battle timer is ON: inactive players will automatically lose when time's up. (requested by wyyorz)
|
|t:|1760886774
|teamsize|p1|6
|teamsize|p2|6
|start
|switch|p1a: Kleavor|Kleavor, F|100/100
|switch|p2a: 20岁 喜欢发射孩子|Dragapult, M, shiny|100/100
|turn|1
|
|t:|1760886786
|move|p1a: Kleavor|Night Slash|p2a: 20岁 喜欢发射孩子
|-supereffective|p2a: 20岁 喜欢发射孩子
|-damage|p2a: 20岁 喜欢发射孩子|0 fnt
|faint|p2a: 20岁 喜欢发射孩子
|
|upkeep
|
|t:|1760886791
|switch|p2a: 黑黑的剑|Samurott-Hisui, M|100/100
|turn|2
|
|t:|1760886820
|switch|p1a: Tornadus|Tornadus-Therian, M|100/100
|move|p2a: 黑黑的剑|Razor Shell|p1a: Tornadus
|-damage|p1a: Tornadus|7/100
|-unboost|p1a: Tornadus|def|1
|
|upkeep
|turn|3
|
|t:|1760886830
|switch|p1a: Kleavor|Kleavor, F|100/100
|switch|p2a: 长脖奶龙|Raging Bolt|100/100
|
|upkeep
|turn|4
|
|t:|1760886841
|-end|p2a: 长脖奶龙|Protosynthesis|[silent]
|switch|p2a: 踩踩背|Iron Treads, shiny|100/100
|move|p1a: Kleavor|Stone Axe|p2a: 踩踩背
|-resisted|p2a: 踩踩背
|-damage|p2a: 踩踩背|91/100
|-sidestart|p2: wyyorz|move: Stealth Rock
|
|-heal|p2a: 踩踩背|97/100|[from] item: Leftovers
|upkeep
|turn|5
|
|t:|1760886858
|switch|p1a: Ogerpon|Ogerpon-Wellspring, F|100/100
|move|p2a: 踩踩背|Earthquake|p1a: Ogerpon
|-resisted|p1a: Ogerpon
|-damage|p1a: Ogerpon|77/100
|
|-heal|p2a: 踩踩背|100/100|[from] item: Leftovers
|upkeep
|turn|6
|
|t:|1760886867
|-end|p2a: 踩踩背|Quark Drive|[silent]
|switch|p2a: 长脖奶龙|Raging Bolt|100/100
|move|p1a: Ogerpon|U-turn|p2a: 长脖奶龙
|-damage|p2a: 长脖奶龙|79/100
|
|t:|1760886877
|switch|p1a: Iron Treads|Iron Treads|100/100|[from] U-turn
|
|upkeep
|turn|7
|
|t:|1760886887
|-end|p2a: 长脖奶龙|Protosynthesis|[silent]
|switch|p2a: 热热的鸟|Moltres, shiny|100/100
|move|p1a: Iron Treads|Rapid Spin|p2a: 热热的鸟
|-damage|p2a: 热热的鸟|84/100
|-boost|p1a: Iron Treads|spe|1
|
|upkeep
|turn|8
|
|t:|1760886896
|move|p1a: Iron Treads|Volt Switch|p2a: 热热的鸟
|-supereffective|p2a: 热热的鸟
|-damage|p2a: 热热的鸟|61/100
|
|t:|1760886906
|-end|p1a: Iron Treads|Quark Drive|[silent]
|switch|p1a: Kleavor|Kleavor, F|100/100|[from] Volt Switch
|move|p2a: 热热的鸟|Flamethrower|p1a: Kleavor
|-damage|p1a: Kleavor|18/100
|
|upkeep
|turn|9
|
|t:|1760886915
|switch|p2a: 踩踩背|Iron Treads, shiny|100/100
|-damage|p2a: 踩踩背|98/100|[from] Stealth Rock
|move|p1a: Kleavor|U-turn|p2a: 踩踩背
|-resisted|p2a: 踩踩背
|-damage|p2a: 踩踩背|84/100
|
|t:|1760886921
|switch|p1a: Ogerpon|Ogerpon-Wellspring, F|77/100|[from] U-turn
|
|-heal|p2a: 踩踩背|90/100|[from] item: Leftovers
|upkeep
|turn|10
|
|t:|1760886927
|-end|p2a: 踩踩背|Quark Drive|[silent]
|switch|p2a: 长脖奶龙|Raging Bolt|79/100
|move|p1a: Ogerpon|Ivy Cudgel|p2a: 长脖奶龙|[anim] Ivy Cudgel Water
|-resisted|p2a: 长脖奶龙
|-damage|p2a: 长脖奶龙|53/100
|
|upkeep
|turn|11
|
|t:|1760886937
|move|p1a: Ogerpon|U-turn|p2a: 长脖奶龙
|-damage|p2a: 长脖奶龙|28/100
|
|t:|1760886940
|switch|p1a: Iron Treads|Iron Treads|100/100|[from] U-turn
|move|p2a: 长脖奶龙|Draco Meteor|p1a: Iron Treads
|-resisted|p1a: Iron Treads
|-damage|p1a: Iron Treads|62/100
|-unboost|p2a: 长脖奶龙|spa|2
|
|upkeep
|turn|12
|
|t:|1760886950
|-end|p2a: 长脖奶龙|Protosynthesis|[silent]
|switch|p2a: 黑黑的剑|Samurott-Hisui, M|100/100
|-damage|p2a: 黑黑的剑|88/100|[from] Stealth Rock
|move|p1a: Iron Treads|Volt Switch|p2a: 黑黑的剑
|-supereffective|p2a: 黑黑的剑
|-damage|p2a: 黑黑的剑|57/100
|
|t:|1760886966
|-end|p1a: Iron Treads|Quark Drive|[silent]
|switch|p1a: Kleavor|Kleavor, F|18/100|[from] Volt Switch
|
|upkeep
|turn|13
|
|t:|1760886971
|move|p2a: 黑黑的剑|Aqua Jet|p1a: Kleavor
|-supereffective|p1a: Kleavor
|-damage|p1a: Kleavor|0 fnt
|faint|p1a: Kleavor
|
|upkeep
|
|t:|1760886980
|switch|p1a: Ogerpon|Ogerpon-Wellspring, F|77/100
|turn|14
|
|t:|1760886986
|switch|p2a: 踩踩背|Iron Treads, shiny|90/100
|-damage|p2a: 踩踩背|87/100|[from] Stealth Rock
|move|p1a: Ogerpon|U-turn|p2a: 踩踩背
|-resisted|p2a: 踩踩背
|-damage|p2a: 踩踩背|76/100
|
|t:|1760886996
|switch|p1a: Goodra|Goodra, M|100/100|[from] U-turn
|
|-heal|p2a: 踩踩背|82/100|[from] item: Leftovers
|upkeep
|turn|15
|
|t:|1760887002
|move|p1a: Goodra|Fire Blast|p2a: 踩踩背|[miss]
|-miss|p1a: Goodra|p2a: 踩踩背
|move|p2a: 踩踩背|Rapid Spin|p1a: Goodra
|-damage|p1a: Goodra|85/100
|-boost|p2a: 踩踩背|spe|1
|-sideend|p2: wyyorz|Stealth Rock|[from] move: Rapid Spin|[of] p2a: 踩踩背
|
|-heal|p2a: 踩踩背|88/100|[from] item: Leftovers
|upkeep
|turn|16
|
|t:|1760887024
|-terastallize|p2a: 踩踩背|Ghost
|move|p2a: 踩踩背|Earthquake|p1a: Goodra
|-damage|p1a: Goodra|38/100
|move|p1a: Goodra|Fire Blast|p2a: 踩踩背
|-damage|p2a: 踩踩背|63/100
|
|-heal|p2a: 踩踩背|69/100|[from] item: Leftovers
|upkeep
|turn|17
|
|t:|1760887036
|move|p2a: 踩踩背|Earthquake|p1a: Goodra
|-crit|p1a: Goodra
|-damage|p1a: Goodra|0 fnt
|faint|p1a: Goodra
|
|-heal|p2a: 踩踩背|75/100|[from] item: Leftovers
|upkeep
|
|t:|1760887042
|switch|p1a: Ogerpon|Ogerpon-Wellspring, F|77/100
|turn|18
|
|t:|1760887056
|move|p2a: 踩踩背|Earthquake|p1a: Ogerpon
|-resisted|p1a: Ogerpon
|-damage|p1a: Ogerpon|52/100
|move|p1a: Ogerpon|Knock Off|p2a: 踩踩背
|-supereffective|p2a: 踩踩背
|-damage|p2a: 踩踩背|21/100
|-enditem|p2a: 踩踩背|Leftovers|[from] move: Knock Off|[of] p1a: Ogerpon
|
|upkeep
|turn|19
|
|t:|1760887064
|move|p2a: 踩踩背|Earthquake|p1a: Ogerpon
|-resisted|p1a: Ogerpon
|-damage|p1a: Ogerpon|25/100
|move|p1a: Ogerpon|U-turn|p2a: 踩踩背
|-resisted|p2a: 踩踩背
|-damage|p2a: 踩踩背|10/100
|
|t:|1760887071
|switch|p1a: Serperior|Serperior, F|100/100|[from] U-turn
|
|upkeep
|turn|20
|
|t:|1760887079
|move|p2a: 踩踩背|Knock Off|p1a: Serperior
|-damage|p1a: Serperior|76/100
|-enditem|p1a: Serperior|Leftovers|[from] move: Knock Off|[of] p2a: 踩踩背
|move|p1a: Serperior|Glare|p2a: 踩踩背
|-status|p2a: 踩踩背|par
|
|upkeep
|turn|21
|
|t:|1760887088
|move|p1a: Serperior|Substitute|p1a: Serperior
|-start|p1a: Serperior|Substitute
|-damage|p1a: Serperior|51/100
|move|p2a: 踩踩背|Stealth Rock|p1a: Serperior
|-sidestart|p1: Brigadi25|move: Stealth Rock
|
|upkeep
|turn|22
|
|t:|1760887095
|-end|p2a: 踩踩背|Quark Drive|[silent]
|switch|p2a: 热热的鸟|Moltres, shiny|61/100
|move|p1a: Serperior|Leech Seed|p2a: 热热的鸟
|-start|p2a: 热热的鸟|move: Leech Seed
|
|-damage|p2a: 热热的鸟|49/100|[from] Leech Seed|[of] p1a: Serperior
|-heal|p1a: Serperior|64/100|[silent]
|upkeep
|turn|23
|
|t:|1760887102
|move|p1a: Serperior|Glare|p2a: 热热的鸟
|-status|p2a: 热热的鸟|par
|cant|p2a: 热热的鸟|par
|
|-damage|p2a: 热热的鸟|37/100 par|[from] Leech Seed|[of] p1a: Serperior
|-heal|p1a: Serperior|77/100|[silent]
|upkeep
|turn|24
|
|t:|1760887108
|move|p1a: Serperior|Leaf Storm|p2a: 热热的鸟
|-resisted|p2a: 热热的鸟
|-damage|p2a: 热热的鸟|26/100 par
|-boost|p1a: Serperior|spa|2
|cant|p2a: 热热的鸟|par
|
|-damage|p2a: 热热的鸟|13/100 par|[from] Leech Seed|[of] p1a: Serperior
|-heal|p1a: Serperior|90/100|[silent]
|upkeep
|turn|25
|
|t:|1760887126
|switch|p2a: 踩踩背|Iron Treads, shiny, tera:Ghost|10/100 par
|move|p1a: Serperior|Leaf Storm|p2a: 踩踩背|[miss]
|-miss|p1a: Serperior|p2a: 踩踩背
|
|upkeep
|turn|26
|
|t:|1760887135
|move|p1a: Serperior|Leaf Storm|p2a: 踩踩背
|-damage|p2a: 踩踩背|0 fnt
|-boost|p1a: Serperior|spa|2
|faint|p2a: 踩踩背
|-end|p2a: 踩踩背|Quark Drive|[silent]
|
|upkeep
|
|t:|1760887139
|switch|p2a: 脑袋尖尖的|Zamazenta, shiny|100/100
|-ability|p2a: 脑袋尖尖的|Dauntless Shield|boost
|-boost|p2a: 脑袋尖尖的|def|1
|turn|27
|
|t:|1760887149
|move|p2a: 脑袋尖尖的|Ice Fang|p1a: Serperior
|-supereffective|p1a: Serperior
|-end|p1a: Serperior|Substitute
|-damage|p2a: 脑袋尖尖的|91/100|[from] item: Life Orb
|move|p1a: Serperior|Glare|p2a: 脑袋尖尖的
|-status|p2a: 脑袋尖尖的|par
|
|upkeep
|turn|28
|
|t:|1760887158
|move|p1a: Serperior|Substitute|p1a: Serperior
|-start|p1a: Serperior|Substitute
|-damage|p1a: Serperior|65/100
|move|p2a: 脑袋尖尖的|Close Combat|p1a: Serperior
|-end|p1a: Serperior|Substitute
|-unboost|p2a: 脑袋尖尖的|def|1
|-unboost|p2a: 脑袋尖尖的|spd|1
|-damage|p2a: 脑袋尖尖的|81/100 par|[from] item: Life Orb
|
|upkeep
|turn|29
|
|t:|1760887169
|switch|p2a: 热热的鸟|Moltres, shiny|13/100 par
|move|p1a: Serperior|Substitute|p1a: Serperior
|-start|p1a: Serperior|Substitute
|-damage|p1a: Serperior|40/100
|
|upkeep
|turn|30
|
|t:|1760887175
|move|p1a: Serperior|Leaf Storm|p2a: 热热的鸟
|-resisted|p2a: 热热的鸟
|-damage|p2a: 热热的鸟|0 fnt
|-boost|p1a: Serperior|spa|2
|faint|p2a: 热热的鸟
|
|upkeep
|
|t:|1760887180
|switch|p2a: 脑袋尖尖的|Zamazenta, shiny|81/100 par
|turn|31
|-message|wyyorz forfeited.
|
|win|Brigadi25
|raw|Brigadi25's rating: 1366 &rarr; <strong>1383</strong><br />(+17 for winning)
|raw|wyyorz's rating: 1311 &rarr; <strong>1294</strong><br />(-17 for losing)
|l|☆wyyorz
|player|p2|
|l|☆Brigadi25
|player|p1|
