|j|☆vipro
|j|☆hareeb
|t:|1760872660
|gametype|singles
|player|p1|vipro|alder|1270
|player|p2|hareeb|170|1279
|gen|9
|tier|[Gen 9] OU
|rated|
|rule|HP Percentage Mod: HP is shown in percentages
|rule|Endless Battle Clause: Forcing endless battles is banned
|rule|Species Clause: Limit one of each Pokémon
|rule|OHKO Clause: OHKO moves are banned
|rule|Evasion Items Clause: Evasion items are banned
|rule|Evasion Moves Clause: Evasion moves are banned
|rule|Evasion Abilities Clause: Evasion abilities are banned
|rule|Sleep Moves Clause: Sleep-inducing moves are banned
|clearpoke
|poke|p1|Iron Valiant|
|poke|p1|Ting-Lu|
|poke|p1|Gholdengo|
|poke|p1|Moltres|
|poke|p1|Ogerpon-Wellspring, F|
|poke|p1|Glimmora, F|
|poke|p2|Pelipper, M|
|poke|p2|Barraskewda, M|
|poke|p2|Zapdos|
|poke|p2|Kingdra, F|
|poke|p2|Basculegion-F, F|
|poke|p2|Samurott-Hisui, M|
|teampreview
|inactive|Battle timer is ON: inactive players will automatically lose when time's up. (requested by vipro)
|
|t:|1760872679
|teamsize|p1|6
|teamsize|p2|6
|start
|switch|p1a: Alma negra|Iron Valiant, shiny|100/100
|switch|p2a: Pelipper|Pelipper, M, shiny|100/100
|-weather|RainDance|[from] ability: Drizzle|[of] p2a: Pelipper
|turn|1
|
|t:|1760872685
|move|p1a: Alma negra|Thunderbolt|p2a: Pelipper
|-supereffective|p2a: Pelipper
|-damage|p2a: Pelipper|0 fnt
|faint|p2a: Pelipper
|
|-weather|RainDance|[upkeep]
|upkeep
|
|t:|1760872689
|switch|p2a: Barraskewda|Barraskewda, M, shiny|100/100
|turn|2
|
|t:|1760872694
|-end|p1a: Alma negra|Quark Drive|[silent]
|switch|p1a: Vergel anegado|Ogerpon-Wellspring, F|100/100
|-terastallize|p2a: Barraskewda|Water
|move|p2a: Barraskewda|Waterfall|p1a: Vergel anegado
|-immune|p1a: Vergel anegado|[from] ability: Water Absorb
|
|-weather|RainDance|[upkeep]
|upkeep
|turn|3
|l|☆vipro
|inactive|vipro disconnected and has a minute to reconnect!
|player|p1|
|inactive|vipro has 30 seconds to reconnect!
|inactive|vipro has 20 seconds to reconnect!
|inactive|vipro has 15 seconds to reconnect!
|j|☆vipro
|inactive|vipro reconnected and has 95 seconds left.
|player|p1|vipro|alder|
|
|t:|1760872752
|switch|p2a: Zapdos|Zapdos, shiny|100/100
|move|p1a: Vergel anegado|U-turn|p2a: Zapdos
|-resisted|p2a: Zapdos
|-damage|p2a: Zapdos|87/100
|
|t:|1760872756
|switch|p1a: Loto ponzoñoso|Glimmora, F, shiny|100/100|[from] U-turn
|
|-weather|RainDance|[upkeep]
|-heal|p2a: Zapdos|93/100|[from] item: Leftovers
|upkeep
|turn|4
|
|t:|1760872764
|move|p2a: Zapdos|Thunder|p1a: Loto ponzoñoso
|-damage|p1a: Loto ponzoñoso|58/100
|move|p1a: Loto ponzoñoso|Power Gem|p2a: Zapdos
|-supereffective|p2a: Zapdos
|-damage|p2a: Zapdos|8/100
|
|-weather|RainDance|[upkeep]
|-heal|p2a: Zapdos|14/100|[from] item: Leftovers
|upkeep
|turn|5
|
|t:|1760872771
|move|p2a: Zapdos|Volt Switch|p1a: Loto ponzoñoso
|-damage|p1a: Loto ponzoñoso|30/100
|
|t:|1760872778
|switch|p2a: Samurott|Samurott-Hisui, M, shiny|100/100|[from] Volt Switch
|move|p1a: Loto ponzoñoso|Power Gem|p2a: Samurott
|-damage|p2a: Samurott|27/100
|
|-weather|RainDance|[upkeep]
|upkeep
|turn|6
|inactive|vipro has 120 seconds left.
|
|t:|1760872790
|move|p2a: Samurott|Aqua Cutter|p1a: Loto ponzoñoso
|-supereffective|p1a: Loto ponzoñoso
|-damage|p1a: Loto ponzoñoso|0 fnt
|-activate|p1a: Loto ponzoñoso|ability: Toxic Debris
|-sidestart|p2: hareeb|move: Toxic Spikes
|faint|p1a: Loto ponzoñoso
|
|-weather|RainDance|[upkeep]
|upkeep
|inactive|vipro has 120 seconds left.
|
|t:|1760872802
|switch|p1a: Alma negra|Iron Valiant, shiny|100/100
|turn|7
|
|t:|1760872804
|move|p2a: Samurott|Aqua Cutter|p1a: Alma negra
|-damage|p1a: Alma negra|8/100
|move|p1a: Alma negra|Moonblast|p2a: Samurott
|-supereffective|p2a: Samurott
|-damage|p2a: Samurott|0 fnt
|faint|p2a: Samurott
|
|-weather|RainDance|[upkeep]
|upkeep
|
|t:|1760872808
|switch|p2a: Barraskewda|Barraskewda, M, shiny, tera:Water|100/100
|-status|p2a: Barraskewda|psn
|turn|8
|
|t:|1760872813
|-end|p1a: Alma negra|Quark Drive|[silent]
|switch|p1a: Fénix cenizo|Moltres, shiny|100/100
|move|p2a: Barraskewda|Flip Turn|p1a: Fénix cenizo
|-supereffective|p1a: Fénix cenizo
|-damage|p1a: Fénix cenizo|0 fnt
|faint|p1a: Fénix cenizo
|
|t:|1760872819
|switch|p2a: Zapdos|Zapdos, shiny|14/100|[from] Flip Turn
|
|-weather|none
|-heal|p2a: Zapdos|21/100|[from] item: Leftovers
|upkeep
|
|t:|1760872826
|switch|p1a: Alma negra|Iron Valiant, shiny|8/100
|turn|9
|
|t:|1760872829
|move|p1a: Alma negra|Moonblast|p2a: Zapdos
|-damage|p2a: Zapdos|0 fnt
|faint|p2a: Zapdos
|
|upkeep
|
|t:|1760872835
|switch|p2a: Basculegion|Basculegion-F, F, shiny|100/100
|-status|p2a: Basculegion|psn
|turn|10
|
|t:|1760872838
|-end|p1a: Alma negra|Quark Drive|[silent]
|switch|p1a: Leyenda muerta|Ting-Lu|100/100
|-ability|p1a: Leyenda muerta|Vessel of Ruin
|move|p2a: Basculegion|Aqua Jet|p1a: Leyenda muerta
|-supereffective|p1a: Leyenda muerta
|-crit|p1a: Leyenda muerta
|-damage|p1a: Leyenda muerta|57/100
|
|-heal|p1a: Leyenda muerta|64/100|[from] item: Leftovers
|-damage|p2a: Basculegion|88/100 psn|[from] psn
|upkeep
|turn|11
|
|t:|1760872842
|switch|p2a: Kingdra|Kingdra, F, shiny|100/100
|-status|p2a: Kingdra|psn
|move|p1a: Leyenda muerta|Payback|p2a: Kingdra
|-damage|p2a: Kingdra|74/100 psn
|
|-heal|p1a: Leyenda muerta|70/100|[from] item: Leftovers
|-damage|p2a: Kingdra|62/100 psn|[from] psn
|upkeep
|turn|12
|
|t:|1760872851
|move|p2a: Kingdra|Draco Meteor|p1a: Leyenda muerta
|-damage|p1a: Leyenda muerta|38/100
|-unboost|p2a: Kingdra|spa|2
|-damage|p2a: Kingdra|52/100 psn|[from] item: Life Orb
|move|p1a: Leyenda muerta|Earthquake|p2a: Kingdra
|-damage|p2a: Kingdra|4/100 psn
|
|-heal|p1a: Leyenda muerta|44/100|[from] item: Leftovers
|-damage|p2a: Kingdra|0 fnt|[from] psn
|faint|p2a: Kingdra
|upkeep
|
|t:|1760872854
|switch|p2a: Barraskewda|Barraskewda, M, shiny, tera:Water|100/100 psn
|turn|13
|
|t:|1760872861
|move|p2a: Barraskewda|Close Combat|p1a: Leyenda muerta
|-supereffective|p1a: Leyenda muerta
|-damage|p1a: Leyenda muerta|0 fnt
|-unboost|p2a: Barraskewda|def|1
|-unboost|p2a: Barraskewda|spd|1
|faint|p1a: Leyenda muerta
|
|-damage|p2a: Barraskewda|88/100 psn|[from] psn
|upkeep
|
|t:|1760872865
|switch|p1a: Aureo maltrecho|Gholdengo|100/100
|turn|14
|
|t:|1760872872
|switch|p2a: Basculegion|Basculegion-F, F, shiny|88/100 psn
|move|p1a: Aureo maltrecho|Hex|p2a: Basculegion
|-supereffective|p2a: Basculegion
|-damage|p2a: Basculegion|0 fnt
|faint|p2a: Basculegion
|
|upkeep
|
|t:|1760872875
|switch|p2a: Barraskewda|Barraskewda, M, shiny, tera:Water|88/100 psn
|turn|15
|
|t:|1760872878
|move|p2a: Barraskewda|Waterfall|p1a: Aureo maltrecho
|-damage|p1a: Aureo maltrecho|11/100
|move|p1a: Aureo maltrecho|Hex|p2a: Barraskewda
|-damage|p2a: Barraskewda|0 fnt
|faint|p2a: Barraskewda
|
|win|vipro
|raw|vipro's rating: 1270 &rarr; <strong>1296</strong><br />(+26 for winning)
|raw|hareeb's rating: 1279 &rarr; <strong>1253</strong><br />(-26 for losing)
|l|☆hareeb
|player|p2|
|l|☆vipro
|player|p1|
