|j|☆art of unmoning
|j|☆powerfull_rock
|t:|1760791475
|gametype|singles
|player|p1|art of unmoning|waiter-gen4dp|1720
|player|p2|powerfull_rock|blackbelt|1708
|gen|9
|tier|[Gen 9] OU
|rated|
|rule|HP Percentage Mod: HP is shown in percentages
|rule|Endless Battle Clause: Forcing endless battles is banned
|rule|Species Clause: Limit one of each Pokémon
|rule|OHKO Clause: OHKO moves are banned
|rule|Evasion Items Clause: Evasion items are banned
|rule|Evasion Moves Clause: Evasion moves are banned
|rule|Evasion Abilities Clause: Evasion abilities are banned
|rule|Sleep Moves Clause: Sleep-inducing moves are banned
|clearpoke
|poke|p1|Slowking, F|
|poke|p1|Tyranitar, F|
|poke|p1|Excadrill, F|
|poke|p1|Zamazenta-*|
|poke|p1|Corviknight, F|
|poke|p1|Weezing-Galar, F|
|poke|p2|Clodsire, M|
|poke|p2|Conkeldurr, M|
|poke|p2|Enamorus, F|
|poke|p2|Ceruledge, M|
|poke|p2|Skarmory, F|
|poke|p2|Sinistcha|
|teampreview
|inactive|Battle timer is ON: inactive players will automatically lose when time's up. (requested by art of unmoning)
|c|☆art of unmoning|Hf
|j| nsdede
|c|☆powerfull_rock|u2
|j| amimec
|
|t:|1760791487
|teamsize|p1|6
|teamsize|p2|6
|start
|switch|p1a: Weezing|Weezing-Galar, F|100/100
|switch|p2a: Wide Shoulder|Conkeldurr, M, shiny|100/100
|-ability|p1a: Weezing|Neutralizing Gas
|turn|1
|
|t:|1760791494
|move|p2a: Wide Shoulder|Knock Off|p1a: Weezing
|-resisted|p1a: Weezing
|-damage|p1a: Weezing|89/100
|-enditem|p1a: Weezing|Heavy-Duty Boots|[from] move: Knock Off|[of] p2a: Wide Shoulder
|move|p1a: Weezing|Sludge Bomb|p2a: Wide Shoulder
|-damage|p2a: Wide Shoulder|66/100
|
|-status|p2a: Wide Shoulder|brn|[from] item: Flame Orb
|upkeep
|turn|2
|
|t:|1760791502
|move|p2a: Wide Shoulder|Facade|p1a: Weezing
|-damage|p1a: Weezing|57/100
|move|p1a: Weezing|Sludge Bomb|p2a: Wide Shoulder
|-damage|p2a: Wide Shoulder|34/100 brn
|
|-damage|p2a: Wide Shoulder|28/100 brn|[from] brn
|upkeep
|turn|3
|
|t:|1760791508
|switch|p2a: Fat Body|Clodsire, M, shiny|100/100
|move|p1a: Weezing|Sludge Bomb|p2a: Fat Body
|-resisted|p2a: Fat Body
|-damage|p2a: Fat Body|96/100
|
|-heal|p2a: Fat Body|100/100|[from] item: Leftovers
|upkeep
|turn|4
|
|t:|1760791513
|switch|p2a: Clean Edge|Ceruledge, M|100/100
|move|p1a: Weezing|Will-O-Wisp|p2a: Clean Edge
|-immune|p2a: Clean Edge
|
|upkeep
|turn|5
|
|t:|1760791519
|-end|p1a: Weezing|ability: Neutralizing Gas
|switch|p1a: Tyranitar|Tyranitar, F|100/100
|-weather|Sandstorm|[from] ability: Sand Stream|[of] p1a: Tyranitar
|move|p2a: Clean Edge|Bulk Up|p2a: Clean Edge
|-boost|p2a: Clean Edge|atk|1
|-boost|p2a: Clean Edge|def|1
|
|-weather|Sandstorm|[upkeep]
|-damage|p2a: Clean Edge|94/100|[from] Sandstorm
|upkeep
|turn|6
|
|t:|1760791525
|switch|p2a: Metal Wing|Skarmory, F|100/100
|move|p1a: Tyranitar|Knock Off|p2a: Metal Wing
|-damage|p2a: Metal Wing|70/100
|-enditem|p2a: Metal Wing|Leftovers|[from] move: Knock Off|[of] p1a: Tyranitar
|
|-weather|Sandstorm|[upkeep]
|upkeep
|turn|7
|
|t:|1760791532
|switch|p1a: Weezing|Weezing-Galar, F|57/100
|-ability|p1a: Weezing|Neutralizing Gas
|move|p2a: Metal Wing|Spikes|p1a: Weezing
|-sidestart|p1: art of unmoning|Spikes
|
|-weather|Sandstorm|[upkeep]
|-damage|p1a: Weezing|51/100|[from] Sandstorm
|upkeep
|turn|8
|
|t:|1760791538
|move|p2a: Metal Wing|Brave Bird|p1a: Weezing
|-damage|p1a: Weezing|28/100
|-damage|p2a: Metal Wing|62/100|[from] Recoil
|move|p1a: Weezing|Will-O-Wisp|p2a: Metal Wing
|-status|p2a: Metal Wing|brn
|
|-weather|Sandstorm|[upkeep]
|-damage|p1a: Weezing|22/100|[from] Sandstorm
|-damage|p2a: Metal Wing|56/100 brn|[from] brn
|upkeep
|turn|9
|
|t:|1760791547
|move|p2a: Metal Wing|Brave Bird|p1a: Weezing
|-crit|p1a: Weezing
|-damage|p1a: Weezing|5/100
|-damage|p2a: Metal Wing|50/100 brn|[from] Recoil
|move|p1a: Weezing|Pain Split|p2a: Metal Wing
|-sethp|p2a: Metal Wing|28/100 brn|[from] move: Pain Split|[silent]
|-sethp|p1a: Weezing|28/100|[from] move: Pain Split
|
|-weather|none
|-damage|p2a: Metal Wing|22/100 brn|[from] brn
|upkeep
|turn|10
|
|t:|1760791556
|move|p2a: Metal Wing|Brave Bird|p1a: Weezing
|-damage|p1a: Weezing|15/100
|-damage|p2a: Metal Wing|18/100 brn|[from] Recoil
|move|p1a: Weezing|Defog|p2a: Metal Wing
|-unboost|p2a: Metal Wing|evasion|1
|-sideend|p1: art of unmoning|Spikes|[from] move: Defog|[of] p1a: Weezing
|
|-damage|p2a: Metal Wing|12/100 brn|[from] brn
|upkeep
|turn|11
|
|t:|1760791563
|-end|p1a: Weezing|ability: Neutralizing Gas
|switch|p1a: Slowking|Slowking, F|100/100
|move|p2a: Metal Wing|Roost|p2a: Metal Wing
|-heal|p2a: Metal Wing|62/100 brn
|-singleturn|p2a: Metal Wing|move: Roost
|
|-damage|p2a: Metal Wing|56/100 brn|[from] brn
|upkeep
|turn|12
|
|t:|1760791569
|move|p2a: Metal Wing|Spikes|p1a: Slowking
|-sidestart|p1: art of unmoning|Spikes
|move|p1a: Slowking|Future Sight|p2a: Metal Wing
|-start|p1a: Slowking|move: Future Sight
|
|-damage|p2a: Metal Wing|50/100 brn|[from] brn
|upkeep
|turn|13
|
|t:|1760791574
|move|p2a: Metal Wing|Spikes|p1a: Slowking
|-sidestart|p1: art of unmoning|Spikes
|move|p1a: Slowking|Flamethrower|p2a: Metal Wing
|-supereffective|p2a: Metal Wing
|-damage|p2a: Metal Wing|8/100 brn
|
|-damage|p2a: Metal Wing|2/100 brn|[from] brn
|upkeep
|turn|14
|
|t:|1760791582
|move|p2a: Metal Wing|Roost|p2a: Metal Wing
|-heal|p2a: Metal Wing|52/100 brn
|-singleturn|p2a: Metal Wing|move: Roost
|move|p1a: Slowking|Flamethrower|p2a: Metal Wing
|-supereffective|p2a: Metal Wing
|-damage|p2a: Metal Wing|8/100 brn
|
|-end|p2a: Metal Wing|move: Future Sight
|-resisted|p2a: Metal Wing
|-damage|p2a: Metal Wing|0 fnt
|faint|p2a: Metal Wing
|upkeep
|
|t:|1760791586
|switch|p2a: Clean Edge|Ceruledge, M|94/100
|turn|15
|
|t:|1760791590
|switch|p2a: Wide Shoulder|Conkeldurr, M, shiny|28/100 brn
|move|p1a: Slowking|Scald|p2a: Wide Shoulder
|-damage|p2a: Wide Shoulder|0 fnt
|faint|p2a: Wide Shoulder
|
|upkeep
|
|t:|1760791595
|switch|p2a: Clean Edge|Ceruledge, M|94/100
|turn|16
|
|t:|1760791597
|switch|p1a: Tyranitar|Tyranitar, F|100/100
|-damage|p1a: Tyranitar|84/100|[from] Spikes
|-weather|Sandstorm|[from] ability: Sand Stream|[of] p1a: Tyranitar
|move|p2a: Clean Edge|Poltergeist|p1a: Tyranitar
|-activate|p1a: Tyranitar|move: Poltergeist|Leftovers
|-resisted|p1a: Tyranitar
|-damage|p1a: Tyranitar|66/100
|
|-weather|Sandstorm|[upkeep]
|-damage|p2a: Clean Edge|88/100|[from] Sandstorm
|-heal|p1a: Tyranitar|72/100|[from] item: Leftovers
|upkeep
|turn|17
|
|t:|1760791604
|switch|p2a: Fat Body|Clodsire, M, shiny|100/100
|move|p1a: Tyranitar|Knock Off|p2a: Fat Body
|-damage|p2a: Fat Body|68/100
|-enditem|p2a: Fat Body|Leftovers|[from] move: Knock Off|[of] p1a: Tyranitar
|
|-weather|Sandstorm|[upkeep]
|-heal|p1a: Tyranitar|78/100|[from] item: Leftovers
|upkeep
|turn|18
|
|t:|1760791609
|switch|p1a: Corviknight|Corviknight, F|100/100
|-ability|p1a: Corviknight|Pressure
|move|p2a: Fat Body|Stealth Rock|p1a: Corviknight
|-sidestart|p1: art of unmoning|move: Stealth Rock
|
|-weather|Sandstorm|[upkeep]
|upkeep
|turn|19
|
|t:|1760791615
|switch|p1a: Excadrill|Excadrill, F|100/100
|-damage|p1a: Excadrill|84/100|[from] Spikes
|-damage|p1a: Excadrill|81/100|[from] Stealth Rock
|switch|p2a: Clean Edge|Ceruledge, M|88/100
|
|-weather|Sandstorm|[upkeep]
|-damage|p2a: Clean Edge|82/100|[from] Sandstorm
|-heal|p1a: Excadrill|87/100|[from] item: Leftovers
|upkeep
|turn|20
|
|t:|1760791620
|switch|p2a: Broken Vessel|Sinistcha, shiny|100/100
|move|p1a: Excadrill|Earthquake|p2a: Broken Vessel
|-resisted|p2a: Broken Vessel
|-damage|p2a: Broken Vessel|82/100
|
|-weather|none
|-heal|p1a: Excadrill|93/100|[from] item: Leftovers
|upkeep
|turn|21
|
|t:|1760791633
|switch|p1a: Tyranitar|Tyranitar, F|78/100
|-damage|p1a: Tyranitar|62/100|[from] Spikes
|-damage|p1a: Tyranitar|49/100|[from] Stealth Rock
|-weather|Sandstorm|[from] ability: Sand Stream|[of] p1a: Tyranitar
|move|p2a: Broken Vessel|Matcha Gotcha|p1a: Tyranitar
|-supereffective|p1a: Tyranitar
|-damage|p1a: Tyranitar|20/100
|-heal|p2a: Broken Vessel|99/100|[from] drain|[of] p1a: Tyranitar
|
|-weather|Sandstorm|[upkeep]
|-damage|p2a: Broken Vessel|94/100|[from] Sandstorm
|-heal|p1a: Tyranitar|26/100|[from] item: Leftovers
|upkeep
|turn|22
|
|t:|1760791637
|move|p2a: Broken Vessel|Matcha Gotcha|p1a: Tyranitar
|-supereffective|p1a: Tyranitar
|-damage|p1a: Tyranitar|0 fnt
|-heal|p2a: Broken Vessel|100/100|[from] drain|[of] p1a: Tyranitar
|faint|p1a: Tyranitar
|
|-weather|Sandstorm|[upkeep]
|-damage|p2a: Broken Vessel|94/100|[from] Sandstorm
|upkeep
|
|t:|1760791643
|switch|p1a: Corviknight|Corviknight, F|100/100
|-damage|p1a: Corviknight|88/100|[from] Stealth Rock
|-ability|p1a: Corviknight|Pressure
|turn|23
|
|t:|1760791646
|switch|p2a: Fat Body|Clodsire, M, shiny|68/100
|move|p1a: Corviknight|Brave Bird|p2a: Fat Body
|-damage|p2a: Fat Body|38/100
|-damage|p1a: Corviknight|76/100|[from] Recoil
|
|-weather|Sandstorm|[upkeep]
|-heal|p1a: Corviknight|82/100|[from] item: Leftovers
|upkeep
|turn|24
|
|t:|1760791662
|switch|p1a: Slowking|Slowking, F|100/100
|-damage|p1a: Slowking|84/100|[from] Spikes
|-damage|p1a: Slowking|71/100|[from] Stealth Rock
|move|p2a: Fat Body|Recover|p2a: Fat Body
|-heal|p2a: Fat Body|88/100
|
|-weather|Sandstorm|[upkeep]
|-damage|p1a: Slowking|65/100|[from] Sandstorm
|upkeep
|turn|25
|
|t:|1760791666
|move|p1a: Slowking|Future Sight|p2a: Fat Body
|-start|p1a: Slowking|move: Future Sight
|move|p2a: Fat Body|Toxic|p1a: Slowking
|-status|p1a: Slowking|tox
|
|-weather|none
|-damage|p1a: Slowking|59/100 tox|[from] psn
|upkeep
|turn|26
|
|t:|1760791669
|move|p1a: Slowking|Psychic Noise|p2a: Fat Body
|-supereffective|p2a: Fat Body
|-damage|p2a: Fat Body|48/100
|-start|p2a: Fat Body|move: Heal Block
|move|p2a: Fat Body|Earthquake|p1a: Slowking
|-damage|p1a: Slowking|33/100 tox
|
|-damage|p1a: Slowking|20/100 tox|[from] psn
|upkeep
|turn|27
|
|t:|1760791679
|switch|p1a: Corviknight|Corviknight, F|82/100
|-damage|p1a: Corviknight|70/100|[from] Stealth Rock
|-ability|p1a: Corviknight|Pressure
|move|p2a: Fat Body|Earthquake|p1a: Corviknight
|-immune|p1a: Corviknight
|
|-end|p2a: Fat Body|move: Future Sight
|-supereffective|p2a: Fat Body
|-damage|p2a: Fat Body|0 fnt
|faint|p2a: Fat Body
|-heal|p1a: Corviknight|76/100|[from] item: Leftovers
|upkeep
|
|t:|1760791687
|switch|p2a: Clean Edge|Ceruledge, M|82/100
|turn|28
|
|t:|1760791693
|switch|p1a: Zamazenta|Zamazenta|100/100
|-damage|p1a: Zamazenta|84/100|[from] Spikes
|-damage|p1a: Zamazenta|78/100|[from] Stealth Rock
|-ability|p1a: Zamazenta|Dauntless Shield|boost
|-boost|p1a: Zamazenta|def|1
|move|p2a: Clean Edge|Bulk Up|p2a: Clean Edge
|-boost|p2a: Clean Edge|atk|1
|-boost|p2a: Clean Edge|def|1
|
|upkeep
|turn|29
|
|t:|1760791696
|switch|p2a: Broken Vessel|Sinistcha, shiny|94/100
|move|p1a: Zamazenta|Stone Edge|p2a: Broken Vessel
|-damage|p2a: Broken Vessel|59/100
|
|upkeep
|turn|30
|
|t:|1760791701
|switch|p1a: Weezing|Weezing-Galar, F|15/100
|-ability|p1a: Weezing|Neutralizing Gas
|-damage|p1a: Weezing|0 fnt|[from] Spikes
|faint|p1a: Weezing
|-end|p1a: Weezing|ability: Neutralizing Gas
|move|p2a: Broken Vessel|Strength Sap|p1: Weezing|[notarget]
|-fail|p2a: Broken Vessel
|
|upkeep
|inactive|art of unmoning has 120 seconds left.
|
|t:|1760791733
|switch|p1a: Zamazenta|Zamazenta|78/100
|-damage|p1a: Zamazenta|61/100|[from] Spikes
|-damage|p1a: Zamazenta|55/100|[from] Stealth Rock
|turn|31
|
|t:|1760791740
|switch|p2a: Love Snake|Enamorus, F|100/100
|move|p1a: Zamazenta|Crunch|p2a: Love Snake
|-resisted|p2a: Love Snake
|-damage|p2a: Love Snake|63/100
|
|-heal|p2a: Love Snake|69/100|[from] item: Leftovers
|upkeep
|turn|32
|
|t:|1760791746
|switch|p1a: Corviknight|Corviknight, F|76/100
|-damage|p1a: Corviknight|64/100|[from] Stealth Rock
|-ability|p1a: Corviknight|Pressure
|move|p2a: Love Snake|Moonblast|p1a: Corviknight
|-resisted|p1a: Corviknight
|-damage|p1a: Corviknight|36/100
|-unboost|p1a: Corviknight|spa|1
|
|-heal|p2a: Love Snake|75/100|[from] item: Leftovers
|-heal|p1a: Corviknight|43/100|[from] item: Leftovers
|upkeep
|turn|33
|
|t:|1760791764
|move|p2a: Love Snake|Superpower|p1a: Corviknight
|-crit|p1a: Corviknight
|-damage|p1a: Corviknight|12/100
|-boost|p2a: Love Snake|atk|1
|-boost|p2a: Love Snake|def|1
|move|p1a: Corviknight|Brave Bird|p2a: Love Snake
|-damage|p2a: Love Snake|35/100
|-damage|p1a: Corviknight|2/100|[from] Recoil
|
|-heal|p2a: Love Snake|41/100|[from] item: Leftovers
|-heal|p1a: Corviknight|8/100|[from] item: Leftovers
|upkeep
|turn|34
|
|t:|1760791775
|move|p2a: Love Snake|Superpower|p1a: Corviknight
|-damage|p1a: Corviknight|0 fnt
|-boost|p2a: Love Snake|atk|1
|-boost|p2a: Love Snake|def|1
|faint|p1a: Corviknight
|
|-heal|p2a: Love Snake|47/100|[from] item: Leftovers
|upkeep
|
|t:|1760791781
|switch|p1a: Excadrill|Excadrill, F|93/100
|-damage|p1a: Excadrill|77/100|[from] Spikes
|-damage|p1a: Excadrill|74/100|[from] Stealth Rock
|turn|35
|
|t:|1760791786
|-terastallize|p1a: Excadrill|Flying
|move|p2a: Love Snake|Superpower|p1a: Excadrill
|-resisted|p1a: Excadrill
|-damage|p1a: Excadrill|34/100
|-boost|p2a: Love Snake|atk|1
|-boost|p2a: Love Snake|def|1
|move|p1a: Excadrill|Rapid Spin|p2a: Love Snake
|-damage|p2a: Love Snake|35/100
|-boost|p1a: Excadrill|spe|1
|-sideend|p1: art of unmoning|Spikes|[from] move: Rapid Spin|[of] p1a: Excadrill
|-sideend|p1: art of unmoning|Stealth Rock|[from] move: Rapid Spin|[of] p1a: Excadrill
|
|-heal|p1a: Excadrill|40/100|[from] item: Leftovers
|-heal|p2a: Love Snake|42/100|[from] item: Leftovers
|upkeep
|turn|36
|
|t:|1760791807
|move|p1a: Excadrill|Rock Slide|p2a: Love Snake|[miss]
|-miss|p1a: Excadrill|p2a: Love Snake
|move|p2a: Love Snake|Moonblast|p1a: Excadrill
|-damage|p1a: Excadrill|0 fnt
|faint|p1a: Excadrill
|
|-heal|p2a: Love Snake|48/100|[from] item: Leftovers
|upkeep
|
|t:|1760791812
|switch|p1a: Slowking|Slowking, F|54/100 tox
|turn|37
|
|t:|1760791815
|move|p2a: Love Snake|Moonblast|p1a: Slowking
|-damage|p1a: Slowking|27/100 tox
|-unboost|p1a: Slowking|spa|1
|move|p1a: Slowking|Psychic Noise|p2a: Love Snake
|-damage|p2a: Love Snake|17/100
|-start|p2a: Love Snake|move: Heal Block
|
|-damage|p1a: Slowking|21/100 tox|[from] psn
|upkeep
|turn|38
|
|t:|1760791821
|move|p2a: Love Snake|Moonblast|p1a: Slowking
|-damage|p1a: Slowking|0 fnt
|faint|p1a: Slowking
|
|-end|p2a: Love Snake|move: Heal Block
|upkeep
|
|t:|1760791825
|switch|p1a: Zamazenta|Zamazenta|55/100
|turn|39
|
|t:|1760791828
|move|p1a: Zamazenta|Crunch|p2a: Love Snake
|-resisted|p2a: Love Snake
|-damage|p2a: Love Snake|2/100
|-boost|p2a: Love Snake|def|1
|move|p2a: Love Snake|Moonblast|p1a: Zamazenta
|-supereffective|p1a: Zamazenta
|-damage|p1a: Zamazenta|0 fnt
|faint|p1a: Zamazenta
|
|win|powerfull_rock
|raw|art of unmoning's rating: 1720 &rarr; <strong>1699</strong><br />(-21 for losing)
|raw|powerfull_rock's rating: 1708 &rarr; <strong>1729</strong><br />(+21 for winning)
|c|☆art of unmoning|Gg
|l|☆powerfull_rock
|player|p2|
|l|☆art of unmoning
|player|p1|
|l| nsdede
