|j|☆Grindset mindset
|j|☆v1n001
|t:|1760732042
|gametype|singles
|player|p1|Grindset mindset|skyla|1742
|player|p2|v1n001|266|1780
|gen|9
|tier|[Gen 9] OU
|rated|
|rule|HP Percentage Mod: HP is shown in percentages
|rule|Endless Battle Clause: Forcing endless battles is banned
|rule|Species Clause: Limit one of each Pokémon
|rule|OHKO Clause: OHKO moves are banned
|rule|Evasion Items Clause: Evasion items are banned
|rule|Evasion Moves Clause: Evasion moves are banned
|rule|Evasion Abilities Clause: Evasion abilities are banned
|rule|Sleep Moves Clause: Sleep-inducing moves are banned
|clearpoke
|poke|p1|Ogerpon-Cornerstone, F|
|poke|p1|Primarina, M|
|poke|p1|Armarouge, M|
|poke|p1|Raging Bolt|
|poke|p1|Great Tusk|
|poke|p1|Zapdos-Galar|
|poke|p2|Rillaboom, F|
|poke|p2|Hawlucha, F|
|poke|p2|Gholdengo|
|poke|p2|Heatran, F|
|poke|p2|Glimmora, F|
|poke|p2|Ogerpon-Wellspring, F|
|teampreview
|inactive|Battle timer is ON: inactive players will automatically lose when time's up. (requested by v1n001)
|inactive|Grindset mindset also wants the timer to be on.
|
|t:|1760732060
|teamsize|p1|6
|teamsize|p2|6
|start
|switch|p1a: Primarina|Primarina, M|100/100
|switch|p2a: Rillaboom|Rillaboom, F, shiny|100/100
|-fieldstart|move: Grassy Terrain|[from] ability: Grassy Surge|[of] p2a: Rillaboom
|turn|1
|
|t:|1760732082
|switch|p1a: Armarouge|Armarouge, M|100/100
|move|p2a: Rillaboom|Knock Off|p1a: Armarouge
|-supereffective|p1a: Armarouge
|-damage|p1a: Armarouge|3/100
|-ability|p1a: Armarouge|Weak Armor|boost
|-unboost|p1a: Armarouge|def|1
|-boost|p1a: Armarouge|spe|2
|-enditem|p1a: Armarouge|Weakness Policy
|-boost|p1a: Armarouge|atk|2|[from] item: Weakness Policy
|-boost|p1a: Armarouge|spa|2|[from] item: Weakness Policy
|-damage|p2a: Rillaboom|91/100|[from] item: Life Orb
|
|-heal|p1a: Armarouge|10/100|[from] Grassy Terrain
|-heal|p2a: Rillaboom|97/100|[from] Grassy Terrain
|upkeep
|turn|2
|
|t:|1760732089
|move|p2a: Rillaboom|Grassy Glide|p1a: Armarouge
|-resisted|p1a: Armarouge
|-damage|p1a: Armarouge|0 fnt
|faint|p1a: Armarouge
|-damage|p2a: Rillaboom|87/100|[from] item: Life Orb
|
|-heal|p2a: Rillaboom|93/100|[from] Grassy Terrain
|upkeep
|
|t:|1760732091
|switch|p1a: Zapdos|Zapdos-Galar|100/100
|turn|3
|
|t:|1760732107
|switch|p2a: Gholdengo|Gholdengo|100/100
|-enditem|p2a: Gholdengo|Grassy Seed
|-boost|p2a: Gholdengo|def|1|[from] item: Grassy Seed
|move|p1a: Zapdos|Knock Off|p2a: Gholdengo
|-supereffective|p2a: Gholdengo
|-damage|p2a: Gholdengo|70/100
|
|-heal|p2a: Gholdengo|76/100|[from] Grassy Terrain
|upkeep
|turn|4
|
|t:|1760732111
|switch|p1a: Primarina|Primarina, M|100/100
|move|p2a: Gholdengo|Nasty Plot|p2a: Gholdengo
|-boost|p2a: Gholdengo|spa|2
|
|-heal|p2a: Gholdengo|83/100|[from] Grassy Terrain
|upkeep
|turn|5
|
|t:|1760732116
|move|p2a: Gholdengo|Shadow Ball|p1a: Primarina
|-damage|p1a: Primarina|64/100
|move|p1a: Primarina|Surf|p2a: Gholdengo
|-damage|p2a: Gholdengo|31/100
|
|-heal|p2a: Gholdengo|37/100|[from] Grassy Terrain
|-heal|p1a: Primarina|70/100|[from] Grassy Terrain
|-fieldend|move: Grassy Terrain
|upkeep
|turn|6
|
|t:|1760732125
|move|p2a: Gholdengo|Recover|p2a: Gholdengo
|-heal|p2a: Gholdengo|87/100
|move|p1a: Primarina|Surf|p2a: Gholdengo
|-damage|p2a: Gholdengo|36/100
|
|upkeep
|turn|7
|
|t:|1760732137
|switch|p2a: Ogerpon|Ogerpon-Wellspring, F|100/100
|move|p1a: Primarina|Surf|p2a: Ogerpon
|-immune|p2a: Ogerpon|[from] ability: Water Absorb
|
|upkeep
|turn|8
|
|t:|1760732139
|switch|p1a: Raging Bolt|Raging Bolt|100/100
|move|p2a: Ogerpon|Swords Dance|p2a: Ogerpon
|-boost|p2a: Ogerpon|atk|2
|
|upkeep
|turn|9
|
|t:|1760732141
|move|p2a: Ogerpon|Play Rough|p1a: Raging Bolt|[miss]
|-miss|p2a: Ogerpon|p1a: Raging Bolt
|move|p1a: Raging Bolt|Ancient Power|p2a: Ogerpon
|-damage|p2a: Ogerpon|72/100
|
|upkeep
|turn|10
|
|t:|1760732147
|move|p2a: Ogerpon|Play Rough|p1a: Raging Bolt
|-supereffective|p1a: Raging Bolt
|-damage|p1a: Raging Bolt|0 fnt
|faint|p1a: Raging Bolt
|-end|p1a: Raging Bolt|Protosynthesis|[silent]
|
|upkeep
|
|t:|1760732150
|switch|p1a: Zapdos|Zapdos-Galar|100/100
|turn|11
|
|t:|1760732165
|switch|p2a: Glimmora|Glimmora, F, shiny|100/100
|move|p1a: Zapdos|Brave Bird|p2a: Glimmora
|-resisted|p2a: Glimmora
|-damage|p2a: Glimmora|46/100
|-activate|p2a: Glimmora|ability: Toxic Debris
|-sidestart|p1: Grindset mindset|move: Toxic Spikes
|-damage|p1a: Zapdos|83/100|[from] Recoil
|
|upkeep
|turn|12
|
|t:|1760732170
|move|p1a: Zapdos|Brave Bird|p2a: Glimmora
|-resisted|p2a: Glimmora
|-damage|p2a: Glimmora|0 fnt
|-activate|p2a: Glimmora|ability: Toxic Debris
|-sidestart|p1: Grindset mindset|move: Toxic Spikes
|faint|p2a: Glimmora
|-damage|p1a: Zapdos|69/100|[from] Recoil
|
|upkeep
|
|t:|1760732175
|switch|p2a: Gholdengo|Gholdengo|36/100
|turn|13
|
|t:|1760732178
|move|p1a: Zapdos|Brave Bird|p2a: Gholdengo
|-resisted|p2a: Gholdengo
|-damage|p2a: Gholdengo|2/100
|-damage|p1a: Zapdos|56/100|[from] Recoil
|move|p2a: Gholdengo|Recover|p2a: Gholdengo
|-heal|p2a: Gholdengo|52/100
|
|upkeep
|turn|14
|
|t:|1760732181
|switch|p1a: Primarina|Primarina, M|70/100
|-status|p1a: Primarina|tox
|move|p2a: Gholdengo|Recover|p2a: Gholdengo
|-heal|p2a: Gholdengo|100/100
|
|-damage|p1a: Primarina|64/100 tox|[from] psn
|upkeep
|turn|15
|
|t:|1760732190
|move|p2a: Gholdengo|Nasty Plot|p2a: Gholdengo
|-boost|p2a: Gholdengo|spa|2
|move|p1a: Primarina|Surf|p2a: Gholdengo
|-damage|p2a: Gholdengo|51/100
|
|-damage|p1a: Primarina|52/100 tox|[from] psn
|upkeep
|turn|16
|
|t:|1760732193
|move|p2a: Gholdengo|Recover|p2a: Gholdengo
|-heal|p2a: Gholdengo|100/100
|move|p1a: Primarina|Surf|p2a: Gholdengo
|-damage|p2a: Gholdengo|53/100
|
|-damage|p1a: Primarina|34/100 tox|[from] psn
|upkeep
|turn|17
|
|t:|1760732195
|move|p2a: Gholdengo|Recover|p2a: Gholdengo
|-heal|p2a: Gholdengo|100/100
|move|p1a: Primarina|Surf|p2a: Gholdengo
|-damage|p2a: Gholdengo|28/100
|
|-damage|p1a: Primarina|10/100 tox|[from] psn
|upkeep
|turn|18
|
|t:|1760732199
|move|p2a: Gholdengo|Recover|p2a: Gholdengo
|-heal|p2a: Gholdengo|78/100
|move|p1a: Primarina|Surf|p2a: Gholdengo
|-damage|p2a: Gholdengo|8/100
|
|-damage|p1a: Primarina|0 fnt|[from] psn
|faint|p1a: Primarina
|upkeep
|
|t:|1760732200
|switch|p1a: Zapdos|Zapdos-Galar|56/100
|turn|19
|
|t:|1760732211
|switch|p2a: Heatran|Heatran, F, shiny|100/100
|move|p1a: Zapdos|U-turn|p2a: Heatran
|-resisted|p2a: Heatran
|-damage|p2a: Heatran|94/100
|
|t:|1760732213
|switch|p1a: Great Tusk|Great Tusk|100/100|[from] U-turn
|-status|p1a: Great Tusk|tox
|-enditem|p1a: Great Tusk|Booster Energy
|-activate|p1a: Great Tusk|ability: Protosynthesis|[fromitem]
|-start|p1a: Great Tusk|protosynthesisatk
|
|-heal|p2a: Heatran|99/100|[from] item: Leftovers
|-damage|p1a: Great Tusk|94/100 tox|[from] psn
|upkeep
|turn|20
|
|t:|1760732217
|switch|p2a: Gholdengo|Gholdengo|8/100
|move|p1a: Great Tusk|Ice Spinner|p2a: Gholdengo
|-resisted|p2a: Gholdengo
|-damage|p2a: Gholdengo|0 fnt
|faint|p2a: Gholdengo
|
|-damage|p1a: Great Tusk|82/100 tox|[from] psn
|upkeep
|
|t:|1760732234
|switch|p2a: Rillaboom|Rillaboom, F, shiny|93/100
|-fieldstart|move: Grassy Terrain|[from] ability: Grassy Surge|[of] p2a: Rillaboom
|turn|21
|
|t:|1760732240
|-terastallize|p1a: Great Tusk|Ice
|move|p1a: Great Tusk|Rapid Spin|p2a: Rillaboom
|-damage|p2a: Rillaboom|64/100
|-boost|p1a: Great Tusk|spe|1
|-sideend|p1: Grindset mindset|Toxic Spikes|[from] move: Rapid Spin|[of] p1a: Great Tusk
|move|p2a: Rillaboom|Swords Dance|p2a: Rillaboom
|-boost|p2a: Rillaboom|atk|2
|
|-heal|p1a: Great Tusk|88/100 tox|[from] Grassy Terrain
|-heal|p2a: Rillaboom|70/100|[from] Grassy Terrain
|-damage|p1a: Great Tusk|70/100 tox|[from] psn
|upkeep
|turn|22
|
|t:|1760732245
|move|p2a: Rillaboom|Grassy Glide|p1a: Great Tusk
|-damage|p1a: Great Tusk|0 fnt
|faint|p1a: Great Tusk
|-end|p1a: Great Tusk|Protosynthesis|[silent]
|-damage|p2a: Rillaboom|60/100|[from] item: Life Orb
|
|-heal|p2a: Rillaboom|66/100|[from] Grassy Terrain
|upkeep
|
|t:|1760732249
|switch|p1a: Zapdos|Zapdos-Galar|56/100
|turn|23
|
|t:|1760732251
|move|p2a: Rillaboom|Grassy Glide|p1a: Zapdos
|-resisted|p1a: Zapdos
|-damage|p1a: Zapdos|0 fnt
|faint|p1a: Zapdos
|-damage|p2a: Rillaboom|57/100|[from] item: Life Orb
|
|-heal|p2a: Rillaboom|63/100|[from] Grassy Terrain
|upkeep
|-message|Grindset mindset forfeited.
|
|win|v1n001
|raw|Grindset mindset's rating: 1742 &rarr; <strong>1724</strong><br />(-18 for losing)
|raw|v1n001's rating: 1780 &rarr; <strong>1798</strong><br />(+18 for winning)
|l|☆Grindset mindset
|player|p1|
|l|☆v1n001
|player|p2|
