|j|☆Milesw1
|j|☆Menlove
|t:|1760765205
|gametype|singles
|player|p1|Milesw1|102|1164
|player|p2|Menlove|crasherwake|1199
|gen|9
|tier|[Gen 9] OU
|rated|
|rule|HP Percentage Mod: HP is shown in percentages
|rule|Endless Battle Clause: Forcing endless battles is banned
|rule|Species Clause: Limit one of each Pokémon
|rule|OHKO Clause: OHKO moves are banned
|rule|Evasion Items Clause: Evasion items are banned
|rule|Evasion Moves Clause: Evasion moves are banned
|rule|Evasion Abilities Clause: Evasion abilities are banned
|rule|Sleep Moves Clause: Sleep-inducing moves are banned
|clearpoke
|poke|p1|Iron Moth|
|poke|p1|Slither Wing|
|poke|p1|Minior|
|poke|p1|Ribombee, F|
|poke|p1|Zapdos-Galar|
|poke|p1|Frosmoth, F|
|poke|p2|Comfey, M|
|poke|p2|Quaquaval, M|
|poke|p2|Pecharunt|
|poke|p2|Ting-Lu|
|poke|p2|Dragonite, M|
|poke|p2|Armarouge, M|
|teampreview
|inactive|Battle timer is ON: inactive players will automatically lose when time's up. (requested by Menlove)
|
|t:|1760765220
|teamsize|p1|6
|teamsize|p2|6
|start
|switch|p1a: Sucker Punch|Frosmoth, F|100/100
|switch|p2a: Quaquaval|Quaquaval, M, shiny|100/100
|turn|1
|
|t:|1760765229
|-terastallize|p1a: Sucker Punch|Electric
|move|p2a: Quaquaval|Aqua Step|p1a: Sucker Punch
|-damage|p1a: Sucker Punch|26/100
|-boost|p2a: Quaquaval|spe|1
|move|p1a: Sucker Punch|Quiver Dance|p1a: Sucker Punch
|-boost|p1a: Sucker Punch|spa|1
|-boost|p1a: Sucker Punch|spd|1
|-boost|p1a: Sucker Punch|spe|1
|
|upkeep
|turn|2
|
|t:|1760765258
|move|p2a: Quaquaval|Aqua Step|p1a: Sucker Punch
|-damage|p1a: Sucker Punch|0 fnt
|-boost|p2a: Quaquaval|spe|1
|faint|p1a: Sucker Punch
|-ability|p2a: Quaquaval|Moxie|boost
|-boost|p2a: Quaquaval|atk|1
|
|upkeep
|
|t:|1760765265
|switch|p1a: Ribombeast|Ribombee, F|100/100
|turn|3
|
|t:|1760765269
|move|p2a: Quaquaval|Aqua Step|p1a: Ribombeast
|-enditem|p1a: Ribombeast|Focus Sash
|-damage|p1a: Ribombeast|1/100
|-boost|p2a: Quaquaval|spe|1
|move|p1a: Ribombeast|Moonblast|p2a: Quaquaval
|-supereffective|p2a: Quaquaval
|-damage|p2a: Quaquaval|21/100
|
|upkeep
|turn|4
|
|t:|1760765279
|move|p2a: Quaquaval|Aqua Step|p1a: Ribombeast
|-damage|p1a: Ribombeast|0 fnt
|-boost|p2a: Quaquaval|spe|1
|faint|p1a: Ribombeast
|-ability|p2a: Quaquaval|Moxie|boost
|-boost|p2a: Quaquaval|atk|1
|
|upkeep
|
|t:|1760765281
|switch|p1a: Volcaronasaur|Slither Wing|100/100
|turn|5
|
|t:|1760765289
|move|p1a: Volcaronasaur|First Impression|p2a: Quaquaval
|-resisted|p2a: Quaquaval
|-damage|p2a: Quaquaval|0 fnt
|faint|p2a: Quaquaval
|
|upkeep
|
|t:|1760765299
|switch|p2a: Dragonite|Dragonite, M|100/100
|turn|6
|
|t:|1760765306
|switch|p2a: Armarouge|Armarouge, M|100/100
|move|p1a: Volcaronasaur|Wild Charge|p2a: Armarouge
|-damage|p2a: Armarouge|62/100
|-ability|p2a: Armarouge|Weak Armor|boost
|-unboost|p2a: Armarouge|def|1
|-boost|p2a: Armarouge|spe|2
|-damage|p1a: Volcaronasaur|91/100|[from] Recoil
|
|upkeep
|turn|7
|
|t:|1760765322
|move|p2a: Armarouge|Armor Cannon|p1a: Volcaronasaur
|-supereffective|p1a: Volcaronasaur
|-damage|p1a: Volcaronasaur|0 fnt
|-unboost|p2a: Armarouge|def|1
|-unboost|p2a: Armarouge|spd|1
|faint|p1a: Volcaronasaur
|-end|p1a: Volcaronasaur|Protosynthesis|[silent]
|
|upkeep
|
|t:|1760765328
|switch|p1a: Minior|Minior|100/100
|-formechange|p1a: Minior|Minior-Meteor||[from] ability: Shields Down
|turn|8
|
|t:|1760765335
|move|p2a: Armarouge|Energy Ball|p1a: Minior
|-damage|p1a: Minior|56/100
|move|p1a: Minior|Shell Smash|p1a: Minior
|-unboost|p1a: Minior|def|1
|-unboost|p1a: Minior|spd|1
|-boost|p1a: Minior|atk|2
|-boost|p1a: Minior|spa|2
|-boost|p1a: Minior|spe|2
|-enditem|p1a: Minior|White Herb
|-clearnegativeboost|p1a: Minior|[silent]
|
|upkeep
|turn|9
|
|t:|1760765352
|move|p2a: Armarouge|Focus Blast|p1a: Minior|[miss]
|-miss|p2a: Armarouge|p1a: Minior
|move|p1a: Minior|Earthquake|p2a: Armarouge
|-supereffective|p2a: Armarouge
|-damage|p2a: Armarouge|0 fnt
|faint|p2a: Armarouge
|
|upkeep
|
|t:|1760765363
|switch|p2a: Ting-Lu|Ting-Lu|100/100
|-ability|p2a: Ting-Lu|Vessel of Ruin
|turn|10
|
|t:|1760765377
|move|p1a: Minior|Acrobatics|p2a: Ting-Lu
|-damage|p2a: Ting-Lu|58/100
|move|p2a: Ting-Lu|Whirlwind|p1a: Minior
|drag|p1a: Zapdos-Kanto|Zapdos-Galar, shiny|100/100
|
|-heal|p2a: Ting-Lu|64/100|[from] item: Leftovers
|upkeep
|turn|11
|
|t:|1760765389
|move|p1a: Zapdos-Kanto|Knock Off|p2a: Ting-Lu
|-resisted|p2a: Ting-Lu
|-damage|p2a: Ting-Lu|55/100
|-enditem|p2a: Ting-Lu|Leftovers|[from] move: Knock Off|[of] p1a: Zapdos-Kanto
|move|p2a: Ting-Lu|Ruination|p1a: Zapdos-Kanto
|-damage|p1a: Zapdos-Kanto|51/100
|
|upkeep
|turn|12
|
|t:|1760765397
|switch|p1a: Minior|Minior|56/100
|-formechange|p1a: Minior|Minior-Meteor||[from] ability: Shields Down
|move|p2a: Ting-Lu|Stealth Rock|p1a: Minior
|-sidestart|p1: Milesw1|move: Stealth Rock
|
|upkeep
|turn|13
|
|t:|1760765405
|move|p1a: Minior|Acrobatics|p2a: Ting-Lu
|-damage|p2a: Ting-Lu|33/100
|move|p2a: Ting-Lu|Whirlwind|p1a: Minior
|drag|p1a: VolcaPhonea|Iron Moth, shiny|100/100
|-damage|p1a: VolcaPhonea|76/100|[from] Stealth Rock
|-enditem|p1a: VolcaPhonea|Booster Energy
|-activate|p1a: VolcaPhonea|ability: Quark Drive|[fromitem]
|-start|p1a: VolcaPhonea|quarkdrivespe
|
|upkeep
|turn|14
|
|t:|1760765415
|move|p1a: VolcaPhonea|Fiery Dance|p2a: Ting-Lu
|-damage|p2a: Ting-Lu|15/100
|-boost|p1a: VolcaPhonea|spa|1
|move|p2a: Ting-Lu|Earthquake|p1a: VolcaPhonea
|-supereffective|p1a: VolcaPhonea
|-damage|p1a: VolcaPhonea|0 fnt
|faint|p1a: VolcaPhonea
|-end|p1a: VolcaPhonea|Quark Drive|[silent]
|
|upkeep
|
|t:|1760765423
|switch|p1a: Minior|Minior|56/100
|-damage|p1a: Minior|31/100|[from] Stealth Rock
|turn|15
|
|t:|1760765427
|move|p1a: Minior|Acrobatics|p2a: Ting-Lu
|-damage|p2a: Ting-Lu|0 fnt
|faint|p2a: Ting-Lu
|
|upkeep
|
|t:|1760765436
|switch|p2a: Pecharunt|Pecharunt|100/100
|-item|p2a: Pecharunt|Air Balloon
|turn|16
|
|t:|1760765445
|move|p1a: Minior|Acrobatics|p2a: Pecharunt
|-damage|p2a: Pecharunt|69/100
|-enditem|p2a: Pecharunt|Air Balloon
|move|p2a: Pecharunt|Shadow Ball|p1a: Minior
|-damage|p1a: Minior|0 fnt
|faint|p1a: Minior
|
|upkeep
|
|t:|1760765452
|switch|p1a: Zapdos-Kanto|Zapdos-Galar, shiny|51/100
|-damage|p1a: Zapdos-Kanto|38/100|[from] Stealth Rock
|turn|17
|
|t:|1760765458
|move|p1a: Zapdos-Kanto|Brave Bird|p2a: Pecharunt
|-damage|p2a: Pecharunt|29/100
|-damage|p1a: Zapdos-Kanto|22/100|[from] Recoil
|move|p2a: Pecharunt|Shadow Ball|p1a: Zapdos-Kanto
|-damage|p1a: Zapdos-Kanto|0 fnt
|faint|p1a: Zapdos-Kanto
|
|win|Menlove
|raw|Milesw1's rating: 1164 &rarr; <strong>1142</strong><br />(-22 for losing)
|raw|Menlove's rating: 1199 &rarr; <strong>1221</strong><br />(+22 for winning)
|l|☆Milesw1
|player|p1|
|l|☆Menlove
|player|p2|
