|j|☆Playm4ker54
|j|☆HZBKAI
|t:|1760754630
|gametype|singles
|player|p1|Playm4ker54|102|1040
|player|p2|HZBKAI|101|1041
|gen|9
|tier|[Gen 9] OU
|rated|
|rule|HP Percentage Mod: HP is shown in percentages
|rule|Endless Battle Clause: Forcing endless battles is banned
|rule|Species Clause: Limit one of each Pokémon
|rule|OHKO Clause: OHKO moves are banned
|rule|Evasion Items Clause: Evasion items are banned
|rule|Evasion Moves Clause: Evasion moves are banned
|rule|Evasion Abilities Clause: Evasion abilities are banned
|rule|Sleep Moves Clause: Sleep-inducing moves are banned
|clearpoke
|poke|p1|Moltres-Galar|
|poke|p1|Gengar, M|
|poke|p1|Dragapult, M|
|poke|p1|Dragonite, M|
|poke|p1|Cinderace, F|
|poke|p1|Gholdengo|
|poke|p2|Ceruledge, F|
|poke|p2|Kyurem|
|poke|p2|Manaphy|
|poke|p2|Metagross|
|poke|p2|Okidogi, M|
|poke|p2|Zoroark-Hisui, M|
|teampreview
|
|t:|1760754634
|teamsize|p1|6
|teamsize|p2|6
|start
|switch|p1a: Dragapult|Dragapult, M|100/100
|switch|p2a: Metagross|Metagross|100/100
|turn|1
|
|t:|1760754645
|move|p1a: Dragapult|Draco Meteor|p2a: Metagross
|-resisted|p2a: Metagross
|-damage|p2a: Metagross|60/100
|-unboost|p1a: Dragapult|spa|2
|move|p2a: Metagross|Psychic Fangs|p1a: Dragapult
|-damage|p1a: Dragapult|36/100
|
|-heal|p2a: Metagross|66/100|[from] item: Leftovers
|upkeep
|turn|2
|
|t:|1760754655
|move|p1a: Dragapult|Draco Meteor|p2a: Metagross
|-resisted|p2a: Metagross
|-damage|p2a: Metagross|46/100
|-unboost|p1a: Dragapult|spa|2
|move|p2a: Metagross|Psychic Fangs|p1a: Dragapult
|-damage|p1a: Dragapult|0 fnt
|faint|p1a: Dragapult
|
|-heal|p2a: Metagross|52/100|[from] item: Leftovers
|upkeep
|
|t:|1760754666
|switch|p1a: Gengar|Gengar, M|100/100
|turn|3
|
|t:|1760754671
|-terastallize|p1a: Gengar|Ghost
|move|p1a: Gengar|Shadow Ball|p2a: Metagross
|-supereffective|p2a: Metagross
|-damage|p2a: Metagross|0 fnt
|faint|p2a: Metagross
|
|upkeep
|
|t:|1760754672
|switch|p2a: Ceruledge|Ceruledge, F|100/100
|turn|4
|
|t:|1760754682
|move|p1a: Gengar|Shadow Ball|p2a: Ceruledge
|-supereffective|p2a: Ceruledge
|-enditem|p2a: Ceruledge|Focus Sash
|-damage|p2a: Ceruledge|1/100
|move|p2a: Ceruledge|Poltergeist|p1a: Gengar
|-activate|p1a: Gengar|move: Poltergeist|Choice Band
|-supereffective|p1a: Gengar
|-damage|p1a: Gengar|0 fnt
|faint|p1a: Gengar
|
|upkeep
|
|t:|1760754697
|switch|p1a: Cinderace|Cinderace, F|100/100
|turn|5
|
|t:|1760754703
|-terastallize|p2a: Ceruledge|Ghost
|move|p1a: Cinderace|Pyro Ball|p2a: Ceruledge
|-damage|p2a: Ceruledge|0 fnt
|faint|p2a: Ceruledge
|
|upkeep
|
|t:|1760754703
|switch|p2a: Manaphy|Manaphy|100/100
|turn|6
|
|t:|1760754716
|move|p1a: Cinderace|Pyro Ball|p2a: Manaphy
|-resisted|p2a: Manaphy
|-crit|p2a: Manaphy
|-damage|p2a: Manaphy|55/100
|move|p2a: Manaphy|Surf|p1a: Cinderace
|-supereffective|p1a: Cinderace
|-damage|p1a: Cinderace|0 fnt
|faint|p1a: Cinderace
|
|-heal|p2a: Manaphy|61/100|[from] item: Leftovers
|upkeep
|
|t:|1760754727
|switch|p1a: Gholdengo|Gholdengo|100/100
|-item|p1a: Gholdengo|Air Balloon
|turn|7
|
|t:|1760754737
|move|p2a: Manaphy|Surf|p1a: Gholdengo
|-damage|p1a: Gholdengo|52/100
|-enditem|p1a: Gholdengo|Air Balloon
|move|p1a: Gholdengo|Thunderbolt|p2a: Manaphy
|-supereffective|p2a: Manaphy
|-damage|p2a: Manaphy|0 fnt
|faint|p2a: Manaphy
|
|upkeep
|
|t:|1760754737
|switch|p2a: Kyurem|Kyurem|100/100
|turn|8
|
|t:|1760754750
|move|p2a: Kyurem|Shadow Ball|p1a: Gholdengo
|-supereffective|p1a: Gholdengo
|-damage|p1a: Gholdengo|0 fnt
|faint|p1a: Gholdengo
|
|upkeep
|
|t:|1760754756
|switch|p1a: Moltres|Moltres-Galar|100/100
|-item|p1a: Moltres|Air Balloon
|turn|9
|
|t:|1760754765
|move|p2a: Kyurem|Flamethrower|p1a: Moltres
|-damage|p1a: Moltres|82/100
|-enditem|p1a: Moltres|Air Balloon
|move|p1a: Moltres|Foul Play|p2a: Kyurem
|-supereffective|p2a: Kyurem
|-damage|p2a: Kyurem|0 fnt
|-damage|p1a: Moltres|65/100|[from] item: Rocky Helmet|[of] p2a: Kyurem
|replace|p2a: Zoroark|Zoroark-Hisui, M
|-end|p2a: Zoroark|Illusion
|faint|p2a: Zoroark
|
|upkeep
|
|t:|1760754765
|switch|p2a: Okidogi|Okidogi, M|100/100
|turn|10
|
|t:|1760754779
|move|p2a: Okidogi|Ice Punch|p1a: Moltres
|-supereffective|p1a: Moltres
|-damage|p1a: Moltres|25/100
|-ability|p1a: Moltres|Berserk|boost
|-boost|p1a: Moltres|spa|1
|move|p1a: Moltres|Foul Play|p2a: Okidogi
|-resisted|p2a: Okidogi
|-damage|p2a: Okidogi|83/100
|
|-heal|p2a: Okidogi|89/100|[from] item: Leftovers
|upkeep
|turn|11
|
|t:|1760754789
|move|p2a: Okidogi|Ice Punch|p1a: Moltres
|-supereffective|p1a: Moltres
|-damage|p1a: Moltres|0 fnt
|faint|p1a: Moltres
|
|-heal|p2a: Okidogi|95/100|[from] item: Leftovers
|upkeep
|
|t:|1760754797
|switch|p1a: Dragonite|Dragonite, M|100/100
|turn|12
|
|t:|1760754803
|move|p2a: Okidogi|Ice Punch|p1a: Dragonite
|-supereffective|p1a: Dragonite
|-damage|p1a: Dragonite|16/100
|move|p1a: Dragonite|Earthquake|p2a: Okidogi
|-supereffective|p2a: Okidogi
|-damage|p2a: Okidogi|37/100
|
|-heal|p2a: Okidogi|43/100|[from] item: Leftovers
|-heal|p1a: Dragonite|22/100|[from] item: Leftovers
|upkeep
|turn|13
|
|t:|1760754814
|move|p1a: Dragonite|Extreme Speed|p2a: Okidogi
|-damage|p2a: Okidogi|16/100
|move|p2a: Okidogi|Ice Punch|p1a: Dragonite
|-supereffective|p1a: Dragonite
|-damage|p1a: Dragonite|0 fnt
|faint|p1a: Dragonite
|
|win|HZBKAI
|raw|Playm4ker54's rating: 1040 &rarr; <strong>1024</strong><br />(-16 for losing)
|raw|HZBKAI's rating: 1041 &rarr; <strong>1075</strong><br />(+34 for winning)
|l|☆HZBKAI
|player|p2|
|l|☆Playm4ker54
|player|p1|
