|j|☆exroen
|j|☆ThighFish
|t:|1760821691
|gametype|singles
|player|p1|exroen|101|1130
|player|p2|ThighFish|volkner|1103
|gen|9
|tier|[Gen 9] OU
|rated|
|rule|HP Percentage Mod: HP is shown in percentages
|rule|Endless Battle Clause: Forcing endless battles is banned
|rule|Species Clause: Limit one of each Pokémon
|rule|OHKO Clause: OHKO moves are banned
|rule|Evasion Items Clause: Evasion items are banned
|rule|Evasion Moves Clause: Evasion moves are banned
|rule|Evasion Abilities Clause: Evasion abilities are banned
|rule|Sleep Moves Clause: Sleep-inducing moves are banned
|clearpoke
|poke|p1|Ting-Lu|
|poke|p1|Gholdengo|
|poke|p1|Great Tusk|
|poke|p1|Raging Bolt|
|poke|p1|Iron Valiant|
|poke|p1|Kingambit, F|
|poke|p2|Gholdengo|
|poke|p2|Zamazenta-*|
|poke|p2|Ting-Lu|
|poke|p2|Clefable, F|
|poke|p2|Dragonite, M|
|poke|p2|Deoxys-Speed|
|teampreview
|
|t:|1760821706
|teamsize|p1|6
|teamsize|p2|6
|start
|switch|p1a: Ting-Lu|Ting-Lu|100/100
|switch|p2a: Up Bowl On Em|Ting-Lu|100/100
|-ability|p2a: Up Bowl On Em|Vessel of Ruin
|-ability|p1a: Ting-Lu|Vessel of Ruin
|turn|1
|
|t:|1760821715
|move|p2a: Up Bowl On Em|Spikes|p1a: Ting-Lu
|-sidestart|p1: exroen|Spikes
|move|p1a: Ting-Lu|Whirlwind|p2a: Up Bowl On Em
|drag|p2a: Secret Service|Dragonite, M|100/100
|
|upkeep
|turn|2
|
|t:|1760821724
|move|p1a: Ting-Lu|Stealth Rock|p2a: Secret Service
|-sidestart|p2: ThighFish|move: Stealth Rock
|move|p2a: Secret Service|Dragon Tail|p1a: Ting-Lu
|-damage|p1a: Ting-Lu|82/100
|drag|p1a: Raging Bolt|Raging Bolt|100/100
|-damage|p1a: Raging Bolt|88/100|[from] Spikes
|
|upkeep
|turn|3
|
|t:|1760821733
|move|p1a: Raging Bolt|Volt Switch|p2a: Secret Service
|-damage|p2a: Secret Service|85/100
|
|t:|1760821737
|-end|p1a: Raging Bolt|Protosynthesis|[silent]
|switch|p1a: Ting-Lu|Ting-Lu|82/100|[from] Volt Switch
|-damage|p1a: Ting-Lu|70/100|[from] Spikes
|-ability|p1a: Ting-Lu|Vessel of Ruin
|move|p2a: Secret Service|Dragon Tail|p1a: Ting-Lu
|-damage|p1a: Ting-Lu|52/100
|drag|p1a: Gholdengo|Gholdengo|100/100
|-damage|p1a: Gholdengo|88/100|[from] Spikes
|
|-heal|p1a: Gholdengo|94/100|[from] item: Leftovers
|upkeep
|turn|4
|
|t:|1760821751
|move|p1a: Gholdengo|Make It Rain|p2a: Secret Service
|-damage|p2a: Secret Service|33/100
|-unboost|p1a: Gholdengo|spa|1
|move|p2a: Secret Service|Earthquake|p1a: Gholdengo
|-supereffective|p1a: Gholdengo
|-crit|p1a: Gholdengo
|-damage|p1a: Gholdengo|0 fnt
|faint|p1a: Gholdengo
|
|upkeep
|
|t:|1760821766
|switch|p1a: Raging Bolt|Raging Bolt|88/100
|-damage|p1a: Raging Bolt|76/100|[from] Spikes
|turn|5
|inactive|Battle timer is ON: inactive players will automatically lose when time's up. (requested by exroen)
|
|t:|1760821834
|move|p1a: Raging Bolt|Thunderclap||[still]
|-fail|p1a: Raging Bolt
|move|p2a: Secret Service|Roost|p2a: Secret Service
|-heal|p2a: Secret Service|84/100
|-singleturn|p2a: Secret Service|move: Roost
|
|upkeep
|turn|6
|
|t:|1760821861
|move|p1a: Raging Bolt|Draco Meteor|p2a: Secret Service
|-supereffective|p2a: Secret Service
|-damage|p2a: Secret Service|0 fnt
|-unboost|p1a: Raging Bolt|spa|2
|faint|p2a: Secret Service
|
|upkeep
|inactive|ThighFish has 120 seconds left.
|inactive|ThighFish has 90 seconds left.
|
|t:|1760821922
|switch|p2a: Moonrock 350|Clefable, F|100/100
|turn|7
|
|t:|1760821931
|move|p1a: Raging Bolt|Volt Switch|p2a: Moonrock 350
|-damage|p2a: Moonrock 350|81/100
|
|t:|1760821943
|-end|p1a: Raging Bolt|Protosynthesis|[silent]
|switch|p1a: Kingambit|Kingambit, F|100/100|[from] Volt Switch
|-damage|p1a: Kingambit|88/100|[from] Spikes
|-activate|p1a: Kingambit|ability: Supreme Overlord
|-start|p1a: Kingambit|fallen1|[silent]
|move|p2a: Moonrock 350|Stealth Rock|p1a: Kingambit
|-sidestart|p1: exroen|move: Stealth Rock
|
|upkeep
|turn|8
|
|t:|1760821962
|switch|p2a: CClifford|Zamazenta|100/100
|-ability|p2a: CClifford|Dauntless Shield|boost
|-boost|p2a: CClifford|def|1
|move|p1a: Kingambit|Kowtow Cleave|p2a: CClifford
|-resisted|p2a: CClifford
|-damage|p2a: CClifford|80/100
|
|upkeep
|turn|9
|
|t:|1760821987
|-end|p1a: Kingambit|fallen1|[silent]
|switch|p1a: Great Tusk|Great Tusk|100/100
|move|p2a: CClifford|Close Combat|p1a: Great Tusk
|-damage|p1a: Great Tusk|74/100
|-unboost|p2a: CClifford|def|1
|-unboost|p2a: CClifford|spd|1
|
|upkeep
|turn|10
|
|t:|1760822007
|move|p2a: CClifford|Ice Fang|p1a: Great Tusk
|-supereffective|p1a: Great Tusk
|-damage|p1a: Great Tusk|52/100
|move|p1a: Great Tusk|Knock Off|p2a: CClifford
|-resisted|p2a: CClifford
|-damage|p2a: CClifford|67/100
|-enditem|p2a: CClifford|Heavy-Duty Boots|[from] move: Knock Off|[of] p1a: Great Tusk
|
|upkeep
|turn|11
|
|t:|1760822020
|move|p2a: CClifford|Ice Fang|p1a: Great Tusk
|-supereffective|p1a: Great Tusk
|-damage|p1a: Great Tusk|31/100
|move|p1a: Great Tusk|Rapid Spin|p2a: CClifford
|-damage|p2a: CClifford|54/100
|-boost|p1a: Great Tusk|spe|1
|-sideend|p1: exroen|Spikes|[from] move: Rapid Spin|[of] p1a: Great Tusk
|-sideend|p1: exroen|Stealth Rock|[from] move: Rapid Spin|[of] p1a: Great Tusk
|
|upkeep
|turn|12
|inactive|exroen has 120 seconds left.
|
|t:|1760822050
|-end|p1a: Great Tusk|Protosynthesis|[silent]
|switch|p1a: Ting-Lu|Ting-Lu|52/100
|-ability|p1a: Ting-Lu|Vessel of Ruin
|move|p2a: CClifford|Ice Fang|p1a: Ting-Lu
|-supereffective|p1a: Ting-Lu
|-damage|p1a: Ting-Lu|28/100
|
|-heal|p1a: Ting-Lu|35/100|[from] item: Leftovers
|upkeep
|turn|13
|inactive|exroen has 120 seconds left.
|
|t:|1760822061
|move|p2a: CClifford|Close Combat|p1a: Ting-Lu
|-supereffective|p1a: Ting-Lu
|-damage|p1a: Ting-Lu|0 fnt
|-unboost|p2a: CClifford|def|1
|-unboost|p2a: CClifford|spd|1
|faint|p1a: Ting-Lu
|
|upkeep
|
|t:|1760822076
|switch|p1a: Iron Valiant|Iron Valiant|100/100
|-enditem|p1a: Iron Valiant|Booster Energy
|-activate|p1a: Iron Valiant|ability: Quark Drive|[fromitem]
|-start|p1a: Iron Valiant|quarkdrivespe
|turn|14
|
|t:|1760822093
|switch|p2a: Moonrock 350|Clefable, F|81/100
|move|p1a: Iron Valiant|Moonblast|p2a: Moonrock 350
|-damage|p2a: Moonrock 350|39/100
|-unboost|p2a: Moonrock 350|spa|1
|
|upkeep
|turn|15
|inactive|exroen has 120 seconds left.
|
|t:|1760822107
|switch|p2a: Djengo Unrained|Gholdengo|100/100
|move|p1a: Iron Valiant|Knock Off|p2a: Djengo Unrained
|-supereffective|p2a: Djengo Unrained
|-damage|p2a: Djengo Unrained|56/100
|-enditem|p2a: Djengo Unrained|Heavy-Duty Boots|[from] move: Knock Off|[of] p1a: Iron Valiant
|
|upkeep
|turn|16
|inactive|exroen has 120 seconds left.
|
|t:|1760822142
|move|p1a: Iron Valiant|Knock Off|p2a: Djengo Unrained
|-supereffective|p2a: Djengo Unrained
|-damage|p2a: Djengo Unrained|27/100
|move|p2a: Djengo Unrained|Recover|p2a: Djengo Unrained
|-heal|p2a: Djengo Unrained|77/100
|
|upkeep
|turn|17
|
|t:|1760822149
|move|p1a: Iron Valiant|Encore|p2a: Djengo Unrained
|-immune|p2a: Djengo Unrained|[from] ability: Good as Gold
|move|p2a: Djengo Unrained|Nasty Plot|p2a: Djengo Unrained
|-boost|p2a: Djengo Unrained|spa|2
|
|upkeep
|turn|18
|
|t:|1760822159
|move|p1a: Iron Valiant|Knock Off|p2a: Djengo Unrained
|-supereffective|p2a: Djengo Unrained
|-damage|p2a: Djengo Unrained|51/100
|move|p2a: Djengo Unrained|Make It Rain|p1a: Iron Valiant
|-supereffective|p1a: Iron Valiant
|-damage|p1a: Iron Valiant|0 fnt
|-unboost|p2a: Djengo Unrained|spa|1
|faint|p1a: Iron Valiant
|-end|p1a: Iron Valiant|Quark Drive|[silent]
|
|upkeep
|
|t:|1760822170
|switch|p1a: Raging Bolt|Raging Bolt|76/100
|turn|19
|inactive|ThighFish has 120 seconds left.
|
|t:|1760822192
|move|p1a: Raging Bolt|Thunderclap||[still]
|-fail|p1a: Raging Bolt
|move|p2a: Djengo Unrained|Recover|p2a: Djengo Unrained
|-heal|p2a: Djengo Unrained|100/100
|
|upkeep
|turn|20
|
|t:|1760822208
|move|p1a: Raging Bolt|Volt Switch|p2a: Djengo Unrained
|-damage|p2a: Djengo Unrained|66/100
|
|t:|1760822212
|-end|p1a: Raging Bolt|Protosynthesis|[silent]
|switch|p1a: Great Tusk|Great Tusk|31/100|[from] Volt Switch
|move|p2a: Djengo Unrained|Nasty Plot|p2a: Djengo Unrained
|-boost|p2a: Djengo Unrained|spa|2
|
|upkeep
|turn|21
|inactive|ThighFish has 120 seconds left.
|
|t:|1760822240
|-terastallize|p2a: Djengo Unrained|Fairy
|move|p1a: Great Tusk|Earthquake|p2a: Djengo Unrained
|-damage|p2a: Djengo Unrained|33/100
|move|p2a: Djengo Unrained|Recover|p2a: Djengo Unrained
|-heal|p2a: Djengo Unrained|84/100
|
|upkeep
|turn|22
|inactive|exroen has 120 seconds left.
|
|t:|1760822249
|move|p1a: Great Tusk|Knock Off|p2a: Djengo Unrained
|-resisted|p2a: Djengo Unrained
|-damage|p2a: Djengo Unrained|77/100
|move|p2a: Djengo Unrained|Shadow Ball|p1a: Great Tusk
|-damage|p1a: Great Tusk|0 fnt
|faint|p1a: Great Tusk
|-end|p1a: Great Tusk|Protosynthesis|[silent]
|
|upkeep
|inactive|exroen has 120 seconds left.
|
|t:|1760822257
|switch|p1a: Kingambit|Kingambit, F|88/100
|-activate|p1a: Kingambit|ability: Supreme Overlord
|-start|p1a: Kingambit|fallen4|[silent]
|turn|23
|inactive|exroen has 120 seconds left.
|
|t:|1760822275
|-terastallize|p1a: Kingambit|Flying
|move|p2a: Djengo Unrained|Make It Rain|p1a: Kingambit
|-damage|p1a: Kingambit|0 fnt
|-unboost|p2a: Djengo Unrained|spa|1
|faint|p1a: Kingambit
|-end|p1a: Kingambit|fallen4|[silent]
|
|upkeep
|-message|exroen forfeited.
|
|win|ThighFish
|raw|exroen's rating: 1130 &rarr; <strong>1103</strong><br />(-27 for losing)
|raw|ThighFish's rating: 1103 &rarr; <strong>1130</strong><br />(+27 for winning)
|l|☆exroen
|player|p1|
