|j|☆Tungsten Daniel
|j|☆I will eat another
|t:|1760877540
|gametype|singles
|player|p1|Tungsten Daniel|ingo|1340
|player|p2|I will eat another|plasmagrunt|1434
|gen|9
|tier|[Gen 9] OU
|rated|
|rule|HP Percentage Mod: HP is shown in percentages
|rule|Endless Battle Clause: Forcing endless battles is banned
|rule|Species Clause: Limit one of each Pokémon
|rule|OHKO Clause: OHKO moves are banned
|rule|Evasion Items Clause: Evasion items are banned
|rule|Evasion Moves Clause: Evasion moves are banned
|rule|Evasion Abilities Clause: Evasion abilities are banned
|rule|Sleep Moves Clause: Sleep-inducing moves are banned
|clearpoke
|poke|p1|Alomomola, F|
|poke|p1|Gallade, M|
|poke|p1|Slowking-Galar, F|
|poke|p1|Serperior, M|
|poke|p1|Latios, M|
|poke|p1|Ursaluna, F|
|poke|p2|Breloom, M|
|poke|p2|Swinub, M|
|poke|p2|Iron Crown|
|poke|p2|Glimmora, M|
|poke|p2|Talonflame, F|
|poke|p2|Greninja-*, F|
|teampreview
|inactive|Battle timer is ON: inactive players will automatically lose when time's up. (requested by I will eat another)
|
|t:|1760877550
|teamsize|p1|6
|teamsize|p2|6
|start
|switch|p1a: Serperior|Serperior, M|100/100
|switch|p2a: Kapilz|Breloom, M|100/100
|turn|1
|
|t:|1760877564
|move|p1a: Serperior|Glare|p2a: Kapilz
|-status|p2a: Kapilz|par
|cant|p2a: Kapilz|par
|
|upkeep
|turn|2
|
|t:|1760877573
|move|p1a: Serperior|Substitute|p1a: Serperior
|-start|p1a: Serperior|Substitute
|-damage|p1a: Serperior|76/100
|move|p2a: Kapilz|Bullet Seed|p1a: Serperior
|-resisted|p1a: Serperior
|-activate|p1a: Serperior|move: Substitute|[damage]
|-resisted|p1a: Serperior
|-end|p1a: Serperior|Substitute
|-hitcount|p1a: Serperior|2
|-damage|p2a: Kapilz|91/100 par|[from] item: Life Orb
|
|-heal|p1a: Serperior|82/100|[from] item: Leftovers
|upkeep
|turn|3
|
|t:|1760877582
|move|p1a: Serperior|Leaf Storm|p2a: Kapilz
|-resisted|p2a: Kapilz
|-damage|p2a: Kapilz|53/100 par
|-boost|p1a: Serperior|spa|2
|move|p2a: Kapilz|Bullet Seed|p1a: Serperior
|-resisted|p1a: Serperior
|-damage|p1a: Serperior|70/100
|-resisted|p1a: Serperior
|-damage|p1a: Serperior|58/100
|-resisted|p1a: Serperior
|-damage|p1a: Serperior|45/100
|-hitcount|p1a: Serperior|3
|-damage|p2a: Kapilz|43/100 par|[from] item: Life Orb
|
|-heal|p1a: Serperior|52/100|[from] item: Leftovers
|upkeep
|turn|4
|
|t:|1760877595
|move|p1a: Serperior|Substitute|p1a: Serperior
|-start|p1a: Serperior|Substitute
|-damage|p1a: Serperior|27/100
|move|p2a: Kapilz|Bullet Seed|p1a: Serperior
|-resisted|p1a: Serperior
|-activate|p1a: Serperior|move: Substitute|[damage]
|-resisted|p1a: Serperior
|-end|p1a: Serperior|Substitute
|-resisted|p1a: Serperior
|-damage|p1a: Serperior|14/100
|-hitcount|p1a: Serperior|3
|-damage|p2a: Kapilz|33/100 par|[from] item: Life Orb
|
|-heal|p1a: Serperior|20/100|[from] item: Leftovers
|upkeep
|turn|5
|
|t:|1760877606
|cant|p2a: Kapilz|par
|move|p1a: Serperior|Leaf Storm|p2a: Kapilz
|-resisted|p2a: Kapilz
|-damage|p2a: Kapilz|0 fnt
|-boost|p1a: Serperior|spa|2
|faint|p2a: Kapilz
|
|-heal|p1a: Serperior|26/100|[from] item: Leftovers
|upkeep
|
|t:|1760877616
|switch|p2a: Quiekel|Swinub, M|100/100
|turn|6
|
|t:|1760877620
|move|p2a: Quiekel|Ice Shard|p1a: Serperior
|-supereffective|p1a: Serperior
|-damage|p1a: Serperior|0 fnt
|faint|p1a: Serperior
|
|upkeep
|
|t:|1760877625
|switch|p1a: Gallade|Gallade, M|100/100
|turn|7
|
|t:|1760877631
|move|p1a: Gallade|Psycho Cut|p2a: Quiekel
|-crit|p2a: Quiekel
|-enditem|p2a: Quiekel|Focus Sash
|-damage|p2a: Quiekel|1/100
|move|p2a: Quiekel|Endeavor|p1a: Gallade
|-damage|p1a: Gallade|1/100
|
|upkeep
|turn|8
|
|t:|1760877638
|switch|p1a: Alomomola|Alomomola, F|100/100
|move|p2a: Quiekel|Ice Shard|p1a: Alomomola
|-resisted|p1a: Alomomola
|-damage|p1a: Alomomola|96/100
|
|-heal|p1a: Alomomola|100/100|[from] item: Leftovers
|upkeep
|turn|9
|
|t:|1760877649
|switch|p2a: Eisenkrone|Iron Crown|100/100
|-enditem|p2a: Eisenkrone|Booster Energy
|-activate|p2a: Eisenkrone|ability: Quark Drive|[fromitem]
|-start|p2a: Eisenkrone|quarkdrivespe
|move|p1a: Alomomola|Flip Turn|p2a: Eisenkrone
|-damage|p2a: Eisenkrone|83/100
|
|t:|1760877653
|switch|p1a: Ursaluna|Ursaluna, F|100/100|[from] Flip Turn
|
|upkeep
|turn|10
|
|t:|1760877664
|-terastallize|p2a: Eisenkrone|Fighting
|move|p2a: Eisenkrone|Focus Blast|p1a: Ursaluna
|-immune|p1a: Ursaluna|[from] ability: Bulletproof
|move|p1a: Ursaluna|Headlong Rush|p2a: Eisenkrone
|-crit|p2a: Eisenkrone
|-damage|p2a: Eisenkrone|0 fnt
|-unboost|p1a: Ursaluna|def|1
|-unboost|p1a: Ursaluna|spd|1
|faint|p2a: Eisenkrone
|-end|p2a: Eisenkrone|Quark Drive|[silent]
|
|upkeep
|
|t:|1760877682
|switch|p2a: Quajutsu|Greninja, F|100/100
|turn|11
|
|t:|1760877687
|switch|p1a: Alomomola|Alomomola, F|100/100
|move|p2a: Quajutsu|Ice Beam|p1a: Alomomola
|-start|p2a: Quajutsu|typechange|Ice|[from] ability: Protean
|-resisted|p1a: Alomomola
|-damage|p1a: Alomomola|78/100
|
|-heal|p1a: Alomomola|84/100|[from] item: Leftovers
|upkeep
|turn|12
|
|t:|1760877696
|move|p2a: Quajutsu|Ice Beam|p1a: Alomomola
|-resisted|p1a: Alomomola
|-damage|p1a: Alomomola|63/100
|move|p1a: Alomomola|Wish|p1a: Alomomola
|
|-heal|p1a: Alomomola|69/100|[from] item: Leftovers
|upkeep
|turn|13
|
|t:|1760877702
|move|p2a: Quajutsu|Ice Beam|p1a: Alomomola
|-resisted|p1a: Alomomola
|-damage|p1a: Alomomola|47/100
|move|p1a: Alomomola|Flip Turn|p2a: Quajutsu
|-damage|p2a: Quajutsu|72/100
|
|t:|1760877704
|switch|p1a: Gallade|Gallade, M|1/100|[from] Flip Turn
|
|-heal|p1a: Gallade|97/100|[from] move: Wish|[wisher] Alomomola
|upkeep
|turn|14
|
|t:|1760877714
|switch|p2a: Fiaro|Talonflame, F|100/100
|move|p1a: Gallade|Psycho Cut|p2a: Fiaro
|-crit|p2a: Fiaro
|-damage|p2a: Fiaro|0 fnt
|faint|p2a: Fiaro
|
|upkeep
|-message|I will eat another forfeited.
|
|win|Tungsten Daniel
|raw|Tungsten Daniel's rating: 1340 &rarr; <strong>1365</strong><br />(+25 for winning)
|raw|I will eat another's rating: 1434 &rarr; <strong>1409</strong><br />(-25 for losing)
|l|☆I will eat another
|player|p2|
|l|☆Tungsten Daniel
|player|p1|
