|j|☆LifeOrbSpammer
|j|☆pepetermo
|t:|1760747489
|gametype|singles
|player|p1|LifeOrbSpammer|265|1079
|player|p2|pepetermo|170|1156
|gen|9
|tier|[Gen 9] OU
|rated|
|rule|HP Percentage Mod: HP is shown in percentages
|rule|Endless Battle Clause: Forcing endless battles is banned
|rule|Species Clause: Limit one of each Pokémon
|rule|OHKO Clause: OHKO moves are banned
|rule|Evasion Items Clause: Evasion items are banned
|rule|Evasion Moves Clause: Evasion moves are banned
|rule|Evasion Abilities Clause: Evasion abilities are banned
|rule|Sleep Moves Clause: Sleep-inducing moves are banned
|clearpoke
|poke|p1|Zamazenta-*|
|poke|p1|Walking Wake|
|poke|p1|Darkrai|
|poke|p1|Dragapult, M|
|poke|p1|Iron Valiant|
|poke|p2|Darkrai|
|poke|p2|Polteageist|
|poke|p2|Cloyster, F|
|poke|p2|Cinccino, F|
|poke|p2|Thundurus-Therian, M|
|poke|p2|Gyarados, M|
|teampreview
|
|t:|1760747493
|teamsize|p1|5
|teamsize|p2|6
|start
|switch|p1a: Iron Valiant|Iron Valiant|100/100
|switch|p2a: Darkrai|Darkrai|100/100
|turn|1
|
|t:|1760747505
|-terastallize|p2a: Darkrai|Ghost
|move|p1a: Iron Valiant|Spirit Break|p2a: Darkrai
|-damage|p2a: Darkrai|19/100
|-unboost|p2a: Darkrai|spa|1
|-damage|p1a: Iron Valiant|91/100|[from] item: Life Orb
|move|p2a: Darkrai|Nasty Plot|p2a: Darkrai
|-boost|p2a: Darkrai|spa|2
|
|upkeep
|turn|2
|
|t:|1760747519
|move|p1a: Iron Valiant|Throat Chop|p2a: Darkrai
|-supereffective|p2a: Darkrai
|-damage|p2a: Darkrai|0 fnt
|faint|p2a: Darkrai
|-damage|p1a: Iron Valiant|81/100|[from] item: Life Orb
|
|upkeep
|
|t:|1760747526
|switch|p2a: Gyarados|Gyarados, M|100/100
|turn|3
|
|t:|1760747533
|move|p1a: Iron Valiant|Spirit Break|p2a: Gyarados
|-damage|p2a: Gyarados|43/100
|-unboost|p2a: Gyarados|spa|1
|-damage|p1a: Iron Valiant|71/100|[from] item: Life Orb
|move|p2a: Gyarados|Dragon Dance|p2a: Gyarados
|-boost|p2a: Gyarados|atk|1
|-boost|p2a: Gyarados|spe|1
|
|upkeep
|turn|4
|c|☆LifeOrbSpammer|it's over
|
|t:|1760747551
|move|p1a: Iron Valiant|Spirit Break|p2a: Gyarados
|-damage|p2a: Gyarados|0 fnt
|faint|p2a: Gyarados
|-damage|p1a: Iron Valiant|62/100|[from] item: Life Orb
|
|upkeep
|
|t:|1760747556
|switch|p2a: Cloyster|Cloyster, F|100/100
|turn|5
|
|t:|1760747560
|move|p1a: Iron Valiant|Drain Punch|p2a: Cloyster
|-supereffective|p2a: Cloyster
|-damage|p2a: Cloyster|15/100
|-heal|p1a: Iron Valiant|99/100|[from] drain|[of] p2a: Cloyster
|-damage|p1a: Iron Valiant|90/100|[from] item: Life Orb
|move|p2a: Cloyster|Shell Smash|p2a: Cloyster
|-unboost|p2a: Cloyster|def|1
|-unboost|p2a: Cloyster|spd|1
|-boost|p2a: Cloyster|atk|2
|-boost|p2a: Cloyster|spa|2
|-boost|p2a: Cloyster|spe|2
|-enditem|p2a: Cloyster|White Herb
|-clearnegativeboost|p2a: Cloyster|[silent]
|
|upkeep
|turn|6
|c|☆LifeOrbSpammer|ok, NOW it's over
|
|t:|1760747576
|move|p2a: Cloyster|Icicle Spear|p1a: Iron Valiant
|-damage|p1a: Iron Valiant|58/100
|-damage|p1a: Iron Valiant|24/100
|-damage|p1a: Iron Valiant|0 fnt
|faint|p1a: Iron Valiant
|-end|p1a: Iron Valiant|Quark Drive|[silent]
|-hitcount|p1: Iron Valiant|3
|
|upkeep
|
|t:|1760747587
|switch|p1a: Dragapult|Dragapult, M|100/100
|turn|7
|
|t:|1760747592
|move|p1a: Dragapult|Sucker Punch|p2a: Cloyster
|-damage|p2a: Cloyster|0 fnt
|faint|p2a: Cloyster
|-damage|p1a: Dragapult|91/100|[from] item: Life Orb
|
|upkeep
|
|t:|1760747598
|switch|p2a: Thundurus|Thundurus-Therian, M, shiny|100/100
|turn|8
|
|t:|1760747603
|move|p1a: Dragapult|Outrage|p2a: Thundurus
|-damage|p2a: Thundurus|0 fnt
|faint|p2a: Thundurus
|-damage|p1a: Dragapult|81/100|[from] item: Life Orb
|
|upkeep
|c|☆pepetermo|really
|c|☆pepetermo|2 life orb
|c|☆pepetermo|lol
|c|☆LifeOrbSpammer|no
|
|t:|1760747628
|switch|p2a: Cinccino|Cinccino, F|100/100
|turn|9
|c|☆LifeOrbSpammer|4
|c|☆pepetermo|xD
|c|☆pepetermo|I LOVE YOU BROTHER
|
|t:|1760747644
|move|p1a: Dragapult|Outrage|p2a: Cinccino|[from] lockedmove
|-damage|p2a: Cinccino|0 fnt
|faint|p2a: Cinccino
|-damage|p1a: Dragapult|71/100|[from] item: Life Orb
|
|upkeep
|
|t:|1760747650
|switch|p2a: Polteageist|Polteageist|100/100
|turn|10
|
|t:|1760747653
|move|p1a: Dragapult|Outrage|p2a: Polteageist|[from] lockedmove
|-damage|p2a: Polteageist|0 fnt
|faint|p2a: Polteageist
|-damage|p1a: Dragapult|61/100|[from] item: Life Orb
|-start|p1a: Dragapult|confusion|[fatigue]
|
|win|LifeOrbSpammer
|raw|LifeOrbSpammer's rating: 1079 &rarr; <strong>1113</strong><br />(+34 for winning)
|raw|pepetermo's rating: 1156 &rarr; <strong>1126</strong><br />(-30 for losing)
|l|☆pepetermo
|player|p2|
