|j|☆ultracentrifuge
|j|☆motorskk
|t:|1760769323
|gametype|singles
|player|p1|ultracentrifuge|hilda-masters3|1445
|player|p2|motorskk|265|1568
|gen|9
|tier|[Gen 9] OU
|rated|
|rule|HP Percentage Mod: HP is shown in percentages
|rule|Endless Battle Clause: Forcing endless battles is banned
|rule|Species Clause: Limit one of each Pokémon
|rule|OHKO Clause: OHKO moves are banned
|rule|Evasion Items Clause: Evasion items are banned
|rule|Evasion Moves Clause: Evasion moves are banned
|rule|Evasion Abilities Clause: Evasion abilities are banned
|rule|Sleep Moves Clause: Sleep-inducing moves are banned
|clearpoke
|poke|p1|Slowking-Galar, F|
|poke|p1|Cinderace, F|
|poke|p1|Raging Bolt|
|poke|p1|Corviknight, F|
|poke|p1|Ting-Lu|
|poke|p1|Dondozo, F|
|poke|p2|Landorus-Therian, M|
|poke|p2|Enamorus, F|
|poke|p2|Cinderace, F|
|poke|p2|Raging Bolt|
|poke|p2|Dondozo, M|
|poke|p2|Zamazenta-*|
|teampreview
|
|t:|1760769347
|teamsize|p1|6
|teamsize|p2|6
|start
|switch|p1a: Cinderace|Cinderace, F|100/100
|switch|p2a: Cinderace|Cinderace, F|100/100
|turn|1
|
|t:|1760769367
|move|p2a: Cinderace|U-turn|p1a: Cinderace
|-start|p2a: Cinderace|typechange|Bug|[from] ability: Libero
|-resisted|p1a: Cinderace
|-damage|p1a: Cinderace|80/100
|
|t:|1760769373
|switch|p2a: Dondozo|Dondozo, M|100/100|[from] U-turn
|move|p1a: Cinderace|U-turn|p2a: Dondozo
|-damage|p2a: Dondozo|92/100
|-damage|p1a: Cinderace|63/100|[from] item: Rocky Helmet|[of] p2a: Dondozo
|
|t:|1760769378
|switch|p1a: Raging Bolt|Raging Bolt|100/100|[from] U-turn
|
|upkeep
|turn|2
|
|t:|1760769385
|switch|p2a: Landorus|Landorus-Therian, M|100/100
|-ability|p2a: Landorus|Intimidate|boost
|-unboost|p1a: Raging Bolt|atk|1
|move|p1a: Raging Bolt|Volt Switch|p2a: Landorus
|-immune|p2a: Landorus
|
|upkeep
|turn|3
|
|t:|1760769398
|-end|p1a: Raging Bolt|Protosynthesis|[silent]
|switch|p1a: Corviknight|Corviknight, F, shiny|100/100
|-ability|p1a: Corviknight|Pressure
|move|p2a: Landorus|Stealth Rock|p1a: Corviknight
|-sidestart|p1: ultracentrifuge|move: Stealth Rock
|
|upkeep
|turn|4
|c|☆ultracentrifuge|i was so abt to drop the draco
|
|t:|1760769408
|move|p2a: Landorus|U-turn|p1a: Corviknight
|-resisted|p1a: Corviknight
|-crit|p1a: Corviknight
|-damage|p1a: Corviknight|95/100
|-damage|p2a: Landorus|84/100|[from] item: Rocky Helmet|[of] p1a: Corviknight
|
|t:|1760769431
|switch|p2a: Enamorus|Enamorus, F|100/100|[from] U-turn
|move|p1a: Corviknight|Defog|p2a: Enamorus
|-unboost|p2a: Enamorus|evasion|1
|-sideend|p1: ultracentrifuge|Stealth Rock|[from] move: Defog|[of] p1a: Corviknight
|
|upkeep
|turn|5
|
|t:|1760769438
|switch|p1a: Slowking|Slowking-Galar, F|100/100
|move|p2a: Enamorus|Substitute|p2a: Enamorus
|-start|p2a: Enamorus|Substitute
|-damage|p2a: Enamorus|76/100
|
|-heal|p2a: Enamorus|82/100|[from] item: Leftovers
|upkeep
|turn|6
|
|t:|1760769454
|move|p2a: Enamorus|Earth Power|p1a: Slowking
|-supereffective|p1a: Slowking
|-enditem|p1a: Slowking|Shuca Berry|[eat]
|-enditem|p1a: Slowking|Shuca Berry|[weaken]
|-damage|p1a: Slowking|78/100
|move|p1a: Slowking|Sludge Bomb|p2a: Enamorus
|-supereffective|p2a: Enamorus
|-end|p2a: Enamorus|Substitute
|
|-heal|p2a: Enamorus|88/100|[from] item: Leftovers
|upkeep
|turn|7
|
|t:|1760769483
|-terastallize|p2a: Enamorus|Steel
|move|p2a: Enamorus|Calm Mind|p2a: Enamorus
|-boost|p2a: Enamorus|spa|1
|-boost|p2a: Enamorus|spd|1
|-prepare|p1a: Slowking|Chilly Reception|[premajor]
|move|p1a: Slowking|Chilly Reception|p1a: Slowking
|-weather|Snowscape
|
|t:|1760769491
|switch|p1a: Cinderace|Cinderace, F|63/100|[from] Chilly Reception
|
|-weather|Snowscape|[upkeep]
|-heal|p2a: Enamorus|94/100|[from] item: Leftovers
|upkeep
|turn|8
|
|t:|1760769500
|switch|p2a: Dondozo|Dondozo, M|92/100
|move|p1a: Cinderace|Pyro Ball|p2a: Dondozo
|-resisted|p2a: Dondozo
|-damage|p2a: Dondozo|82/100
|
|-weather|Snowscape|[upkeep]
|upkeep
|turn|9
|
|t:|1760769520
|switch|p1a: Raging Bolt|Raging Bolt|100/100
|switch|p2a: Landorus|Landorus-Therian, M|84/100
|-ability|p2a: Landorus|Intimidate|boost
|-unboost|p1a: Raging Bolt|atk|1
|
|-weather|Snowscape|[upkeep]
|-heal|p2a: Landorus|90/100|[from] item: Leftovers
|upkeep
|turn|10
|
|t:|1760769526
|-end|p1a: Raging Bolt|Protosynthesis|[silent]
|switch|p1a: Corviknight|Corviknight, F, shiny|95/100
|-ability|p1a: Corviknight|Pressure
|move|p2a: Landorus|Stealth Rock|p1a: Corviknight
|-sidestart|p1: ultracentrifuge|move: Stealth Rock
|
|-weather|Snowscape|[upkeep]
|-heal|p2a: Landorus|96/100|[from] item: Leftovers
|upkeep
|turn|11
|
|t:|1760769594
|move|p2a: Landorus|U-turn|p1a: Corviknight
|-resisted|p1a: Corviknight
|-damage|p1a: Corviknight|92/100
|-damage|p2a: Landorus|80/100|[from] item: Rocky Helmet|[of] p1a: Corviknight
|
|t:|1760769602
|switch|p2a: Cinderace|Cinderace, F|100/100|[from] U-turn
|move|p1a: Corviknight|Defog|p2a: Cinderace
|-unboost|p2a: Cinderace|evasion|1
|-sideend|p1: ultracentrifuge|Stealth Rock|[from] move: Defog|[of] p1a: Corviknight
|
|-weather|none
|upkeep
|turn|12
|
|t:|1760769613
|switch|p1a: Dondozo|Dondozo, F|100/100
|move|p2a: Cinderace|U-turn|p1a: Dondozo
|-start|p2a: Cinderace|typechange|Bug|[from] ability: Libero
|-damage|p1a: Dondozo|78/100
|
|t:|1760769627
|switch|p2a: Enamorus|Enamorus, F, tera:Steel|94/100|[from] U-turn
|
|-heal|p2a: Enamorus|100/100|[from] item: Leftovers
|-heal|p1a: Dondozo|85/100|[from] item: Leftovers
|upkeep
|turn|13
|
|t:|1760769634
|switch|p1a: Corviknight|Corviknight, F, shiny|92/100
|-ability|p1a: Corviknight|Pressure
|move|p2a: Enamorus|Substitute|p2a: Enamorus
|-start|p2a: Enamorus|Substitute
|-damage|p2a: Enamorus|76/100
|
|-heal|p2a: Enamorus|82/100|[from] item: Leftovers
|upkeep
|turn|14
|
|t:|1760769644
|move|p2a: Enamorus|Moonblast|p1a: Corviknight
|-resisted|p1a: Corviknight
|-damage|p1a: Corviknight|69/100
|move|p1a: Corviknight|Body Press|p2a: Enamorus
|-supereffective|p2a: Enamorus
|-end|p2a: Enamorus|Substitute
|
|-heal|p2a: Enamorus|88/100|[from] item: Leftovers
|upkeep
|turn|15
|
|t:|1760769656
|switch|p2a: Cinderace|Cinderace, F|100/100
|move|p1a: Corviknight|Roost|p1a: Corviknight
|-heal|p1a: Corviknight|100/100
|-singleturn|p1a: Corviknight|move: Roost
|
|upkeep
|turn|16
|
|t:|1760769661
|switch|p1a: Dondozo|Dondozo, F|85/100
|move|p2a: Cinderace|U-turn|p1a: Dondozo
|-start|p2a: Cinderace|typechange|Bug|[from] ability: Libero
|-damage|p1a: Dondozo|66/100
|
|t:|1760769674
|switch|p2a: Enamorus|Enamorus, F, tera:Steel|88/100|[from] U-turn
|
|-heal|p2a: Enamorus|94/100|[from] item: Leftovers
|-heal|p1a: Dondozo|72/100|[from] item: Leftovers
|upkeep
|turn|17
|
|t:|1760769685
|switch|p1a: Corviknight|Corviknight, F, shiny|100/100
|-ability|p1a: Corviknight|Pressure
|move|p2a: Enamorus|Moonblast|p1a: Corviknight
|-resisted|p1a: Corviknight
|-damage|p1a: Corviknight|78/100
|
|-heal|p2a: Enamorus|100/100|[from] item: Leftovers
|upkeep
|turn|18
|
|t:|1760769710
|switch|p2a: Landorus|Landorus-Therian, M|80/100
|-ability|p2a: Landorus|Intimidate|boost
|-unboost|p1a: Corviknight|atk|1
|move|p1a: Corviknight|Body Press|p2a: Landorus
|-resisted|p2a: Landorus
|-damage|p2a: Landorus|66/100
|
|-heal|p2a: Landorus|72/100|[from] item: Leftovers
|upkeep
|turn|19
|
|t:|1760769717
|move|p2a: Landorus|Stealth Rock|p1a: Corviknight
|-sidestart|p1: ultracentrifuge|move: Stealth Rock
|move|p1a: Corviknight|Iron Defense|p1a: Corviknight
|-boost|p1a: Corviknight|def|2
|
|-heal|p2a: Landorus|79/100|[from] item: Leftovers
|upkeep
|turn|20
|
|t:|1760769730
|switch|p2a: Raging Bolt|Raging Bolt|100/100
|move|p1a: Corviknight|Defog|p2a: Raging Bolt
|-unboost|p2a: Raging Bolt|evasion|1
|-sideend|p1: ultracentrifuge|Stealth Rock|[from] move: Defog|[of] p1a: Corviknight
|
|upkeep
|turn|21
|
|t:|1760769756
|-end|p2a: Raging Bolt|Protosynthesis|[silent]
|switch|p2a: Dondozo|Dondozo, M|82/100
|switch|p1a: Ting-Lu|Ting-Lu|100/100
|-ability|p1a: Ting-Lu|Vessel of Ruin
|
|upkeep
|turn|22
|
|t:|1760769762
|switch|p1a: Raging Bolt|Raging Bolt|100/100
|move|p2a: Dondozo|Waterfall|p1a: Raging Bolt
|-resisted|p1a: Raging Bolt
|-damage|p1a: Raging Bolt|87/100
|
|upkeep
|turn|23
|
|t:|1760769773
|switch|p2a: Landorus|Landorus-Therian, M|79/100
|-ability|p2a: Landorus|Intimidate|boost
|-unboost|p1a: Raging Bolt|atk|1
|-terastallize|p1a: Raging Bolt|Dragon
|move|p1a: Raging Bolt|Draco Meteor|p2a: Landorus
|-damage|p2a: Landorus|0 fnt
|-unboost|p1a: Raging Bolt|spa|2
|faint|p2a: Landorus
|
|upkeep
|
|t:|1760769781
|switch|p2a: Enamorus|Enamorus, F, tera:Steel|100/100
|turn|24
|
|t:|1760769802
|-end|p1a: Raging Bolt|Protosynthesis|[silent]
|switch|p1a: Slowking|Slowking-Galar, F|100/100
|move|p2a: Enamorus|Calm Mind|p2a: Enamorus
|-boost|p2a: Enamorus|spa|1
|-boost|p2a: Enamorus|spd|1
|
|upkeep
|turn|25
|
|t:|1760769810
|move|p2a: Enamorus|Calm Mind|p2a: Enamorus
|-boost|p2a: Enamorus|spa|1
|-boost|p2a: Enamorus|spd|1
|-prepare|p1a: Slowking|Chilly Reception|[premajor]
|move|p1a: Slowking|Chilly Reception|p1a: Slowking
|-weather|Snowscape
|
|t:|1760769813
|switch|p1a: Cinderace|Cinderace, F|63/100|[from] Chilly Reception
|
|-weather|Snowscape|[upkeep]
|upkeep
|turn|26
|
|t:|1760769820
|move|p1a: Cinderace|Pyro Ball|p2a: Enamorus
|-supereffective|p2a: Enamorus
|-damage|p2a: Enamorus|0 fnt
|faint|p2a: Enamorus
|
|-weather|Snowscape|[upkeep]
|upkeep
|-message|motorskk forfeited.
|
|win|ultracentrifuge
|raw|ultracentrifuge's rating: 1445 &rarr; <strong>1472</strong><br />(+27 for winning)
|raw|motorskk's rating: 1568 &rarr; <strong>1541</strong><br />(-27 for losing)
|l|☆motorskk
|player|p2|
|l|☆ultracentrifuge
|player|p1|
