|j|☆Oryxs
|j|☆PachuMerin
|t:|1760810035
|gametype|singles
|player|p1|Oryxs|lusamine-nihilego|1183
|player|p2|PachuMerin|twins|1221
|gen|9
|tier|[Gen 9] OU
|rated|
|rule|HP Percentage Mod: HP is shown in percentages
|rule|Endless Battle Clause: Forcing endless battles is banned
|rule|Species Clause: Limit one of each Pokémon
|rule|OHKO Clause: OHKO moves are banned
|rule|Evasion Items Clause: Evasion items are banned
|rule|Evasion Moves Clause: Evasion moves are banned
|rule|Evasion Abilities Clause: Evasion abilities are banned
|rule|Sleep Moves Clause: Sleep-inducing moves are banned
|clearpoke
|poke|p1|Blaziken, F|
|poke|p1|Kingambit, M|
|poke|p1|Gliscor, F|
|poke|p1|Great Tusk|
|poke|p1|Maushold|
|poke|p1|Dondozo, M|
|poke|p2|Eelektross, F|
|poke|p2|Heatran, M|
|poke|p2|Froslass, F|
|poke|p2|Haxorus, M|
|poke|p2|Skeledirge, F|
|poke|p2|Alomomola, F|
|teampreview
|inactive|Battle timer is ON: inactive players will automatically lose when time's up. (requested by Oryxs)
|
|t:|1760810044
|teamsize|p1|6
|teamsize|p2|6
|start
|switch|p1a: Gliscor|Gliscor, F|100/100
|switch|p2a: Eelektross|Eelektross, F|100/100
|turn|1
|
|t:|1760810055
|-terastallize|p2a: Eelektross|Poison
|move|p1a: Gliscor|Protect|p1a: Gliscor
|-singleturn|p1a: Gliscor|Protect
|move|p2a: Eelektross|Coil|p2a: Eelektross
|-boost|p2a: Eelektross|atk|1
|-boost|p2a: Eelektross|def|1
|-boost|p2a: Eelektross|accuracy|1
|
|-status|p1a: Gliscor|tox|[from] item: Toxic Orb
|upkeep
|turn|2
|
|t:|1760810063
|move|p1a: Gliscor|Toxic Spikes|p2a: Eelektross
|-sidestart|p2: PachuMerin|move: Toxic Spikes
|move|p2a: Eelektross|Coil|p2a: Eelektross
|-boost|p2a: Eelektross|atk|1
|-boost|p2a: Eelektross|def|1
|-boost|p2a: Eelektross|accuracy|1
|
|upkeep
|turn|3
|
|t:|1760810069
|move|p1a: Gliscor|Toxic Spikes|p2a: Eelektross
|-sidestart|p2: PachuMerin|move: Toxic Spikes
|move|p2a: Eelektross|Coil|p2a: Eelektross
|-boost|p2a: Eelektross|atk|1
|-boost|p2a: Eelektross|def|1
|-boost|p2a: Eelektross|accuracy|1
|
|upkeep
|turn|4
|
|t:|1760810072
|move|p1a: Gliscor|Stealth Rock|p2a: Eelektross
|-sidestart|p2: PachuMerin|move: Stealth Rock
|move|p2a: Eelektross|Liquidation|p1a: Gliscor
|-supereffective|p1a: Gliscor
|-damage|p1a: Gliscor|15/100 tox
|
|-heal|p1a: Gliscor|27/100 tox|[from] ability: Poison Heal
|upkeep
|turn|5
|
|t:|1760810078
|move|p1a: Gliscor|Earthquake|p2a: Eelektross
|-immune|p2a: Eelektross|[from] ability: Levitate
|move|p2a: Eelektross|Coil|p2a: Eelektross
|-boost|p2a: Eelektross|atk|1
|-boost|p2a: Eelektross|def|1
|-boost|p2a: Eelektross|accuracy|1
|
|-heal|p1a: Gliscor|39/100 tox|[from] ability: Poison Heal
|upkeep
|turn|6
|
|t:|1760810094
|switch|p1a: Great Tusk|Great Tusk|100/100
|-enditem|p1a: Great Tusk|Booster Energy
|-activate|p1a: Great Tusk|ability: Protosynthesis|[fromitem]
|-start|p1a: Great Tusk|protosynthesisatk
|move|p2a: Eelektross|Liquidation|p1a: Great Tusk
|-supereffective|p1a: Great Tusk
|-damage|p1a: Great Tusk|0 fnt
|faint|p1a: Great Tusk
|-end|p1a: Great Tusk|Protosynthesis|[silent]
|
|upkeep
|
|t:|1760810104
|switch|p1a: Dondozo|Dondozo, M|100/100
|turn|7
|
|t:|1760810112
|-terastallize|p1a: Dondozo|Poison
|move|p2a: Eelektross|Zap Cannon|p1a: Dondozo|[miss]
|-miss|p2a: Eelektross|p1a: Dondozo
|move|p1a: Dondozo|Curse|p1a: Dondozo
|-unboost|p1a: Dondozo|spe|1
|-boost|p1a: Dondozo|atk|1
|-boost|p1a: Dondozo|def|1
|
|upkeep
|turn|8
|
|t:|1760810117
|move|p2a: Eelektross|Zap Cannon|p1a: Dondozo|[miss]
|-miss|p2a: Eelektross|p1a: Dondozo
|move|p1a: Dondozo|Curse|p1a: Dondozo
|-unboost|p1a: Dondozo|spe|1
|-boost|p1a: Dondozo|atk|1
|-boost|p1a: Dondozo|def|1
|
|upkeep
|turn|9
|
|t:|1760810121
|move|p2a: Eelektross|Zap Cannon|p1a: Dondozo
|-damage|p1a: Dondozo|60/100
|-status|p1a: Dondozo|par
|cant|p1a: Dondozo|par
|
|-heal|p1a: Dondozo|66/100 par|[from] item: Leftovers
|upkeep
|turn|10
|
|t:|1760810127
|move|p2a: Eelektross|Drain Punch|p1a: Dondozo
|-resisted|p1a: Dondozo
|-damage|p1a: Dondozo|63/100 par
|cant|p1a: Dondozo|par
|
|-heal|p1a: Dondozo|70/100 par|[from] item: Leftovers
|upkeep
|turn|11
|
|t:|1760810132
|cant|p1a: Dondozo|par
|move|p2a: Eelektross|Liquidation|p1a: Dondozo
|-damage|p1a: Dondozo|63/100 par
|-unboost|p1a: Dondozo|def|1
|
|-heal|p1a: Dondozo|69/100 par|[from] item: Leftovers
|upkeep
|turn|12
|
|t:|1760810138
|move|p2a: Eelektross|Coil|p2a: Eelektross
|-boost|p2a: Eelektross|atk|1
|-boost|p2a: Eelektross|def|1
|-boost|p2a: Eelektross|accuracy|1
|move|p1a: Dondozo|Avalanche|p2a: Eelektross
|-damage|p2a: Eelektross|73/100
|
|-heal|p2a: Eelektross|79/100|[from] item: Leftovers
|-heal|p1a: Dondozo|75/100 par|[from] item: Leftovers
|upkeep
|turn|13
|c|☆Oryxs|wtf
|c|☆Oryxs|?
|
|t:|1760810145
|move|p1a: Dondozo|Protect|p1a: Dondozo
|-singleturn|p1a: Dondozo|Protect
|move|p2a: Eelektross|Coil|p2a: Eelektross
|-boost|p2a: Eelektross|atk|1
|-boost|p2a: Eelektross|def|1
|-boost|p2a: Eelektross|accuracy|1
|
|-heal|p2a: Eelektross|85/100|[from] item: Leftovers
|-heal|p1a: Dondozo|82/100 par|[from] item: Leftovers
|upkeep
|turn|14
|
|t:|1760810156
|move|p2a: Eelektross|Zap Cannon|p1a: Dondozo|[miss]
|-miss|p2a: Eelektross|p1a: Dondozo
|move|p1a: Dondozo|Curse|p1a: Dondozo
|-unboost|p1a: Dondozo|spe|1
|-boost|p1a: Dondozo|atk|1
|-boost|p1a: Dondozo|def|1
|
|-heal|p2a: Eelektross|91/100|[from] item: Leftovers
|-heal|p1a: Dondozo|88/100 par|[from] item: Leftovers
|upkeep
|turn|15
|c|☆PachuMerin|i guess unaware affects accuracy too lol
|
|t:|1760810181
|move|p1a: Dondozo|Protect|p1a: Dondozo
|-singleturn|p1a: Dondozo|Protect
|move|p2a: Eelektross|Zap Cannon|p1a: Dondozo
|-activate|p1a: Dondozo|move: Protect
|
|-heal|p2a: Eelektross|97/100|[from] item: Leftovers
|-heal|p1a: Dondozo|94/100 par|[from] item: Leftovers
|upkeep
|turn|16
|
|t:|1760810188
|move|p2a: Eelektross|Zap Cannon|p1a: Dondozo|[miss]
|-miss|p2a: Eelektross|p1a: Dondozo
|cant|p1a: Dondozo|par
|
|-heal|p2a: Eelektross|100/100|[from] item: Leftovers
|-heal|p1a: Dondozo|99/100 par|[from] item: Leftovers
|upkeep
|turn|17
|
|t:|1760810192
|move|p2a: Eelektross|Zap Cannon|p1a: Dondozo|[miss]
|-miss|p2a: Eelektross|p1a: Dondozo
|move|p1a: Dondozo|Body Press|p2a: Eelektross
|-resisted|p2a: Eelektross
|-damage|p2a: Eelektross|72/100
|
|-heal|p2a: Eelektross|78/100|[from] item: Leftovers
|-heal|p1a: Dondozo|100/100 par|[from] item: Leftovers
|upkeep
|turn|18
|
|t:|1760810198
|move|p2a: Eelektross|Zap Cannon|p1a: Dondozo
|-damage|p1a: Dondozo|58/100 par
|move|p1a: Dondozo|Avalanche|p2a: Eelektross
|-damage|p2a: Eelektross|5/100
|
|-heal|p2a: Eelektross|11/100|[from] item: Leftovers
|-heal|p1a: Dondozo|64/100 par|[from] item: Leftovers
|upkeep
|turn|19
|
|t:|1760810204
|move|p2a: Eelektross|Drain Punch|p1a: Dondozo
|-resisted|p1a: Dondozo
|-damage|p1a: Dondozo|61/100 par
|-heal|p2a: Eelektross|13/100|[from] drain|[of] p1a: Dondozo
|move|p1a: Dondozo|Avalanche|p2a: Eelektross
|-damage|p2a: Eelektross|0 fnt
|faint|p2a: Eelektross
|
|-heal|p1a: Dondozo|68/100 par|[from] item: Leftovers
|upkeep
|
|t:|1760810212
|switch|p2a: Heatran|Heatran, M|100/100
|-damage|p2a: Heatran|88/100|[from] Stealth Rock
|turn|20
|
|t:|1760810221
|move|p1a: Dondozo|Protect|p1a: Dondozo
|-singleturn|p1a: Dondozo|Protect
|move|p2a: Heatran|Earth Power|p1a: Dondozo
|-activate|p1a: Dondozo|move: Protect
|
|-heal|p2a: Heatran|94/100|[from] item: Leftovers
|-heal|p1a: Dondozo|74/100 par|[from] item: Leftovers
|upkeep
|turn|21
|
|t:|1760810234
|switch|p1a: Gliscor|Gliscor, F|39/100 tox
|move|p2a: Heatran|Earth Power|p1a: Gliscor
|-immune|p1a: Gliscor
|
|-heal|p2a: Heatran|100/100|[from] item: Leftovers
|-heal|p1a: Gliscor|52/100 tox|[from] ability: Poison Heal
|upkeep
|turn|22
|
|t:|1760810247
|move|p1a: Gliscor|Protect|p1a: Gliscor
|-singleturn|p1a: Gliscor|Protect
|move|p2a: Heatran|Taunt|p1a: Gliscor
|-activate|p1a: Gliscor|move: Protect
|
|-heal|p1a: Gliscor|64/100 tox|[from] ability: Poison Heal
|upkeep
|turn|23
|
|t:|1760810256
|move|p1a: Gliscor|Earthquake|p2a: Heatran
|-supereffective|p2a: Heatran
|-damage|p2a: Heatran|0 fnt
|faint|p2a: Heatran
|
|-heal|p1a: Gliscor|77/100 tox|[from] ability: Poison Heal
|upkeep
|c|☆PachuMerin|welp ill make note of this loss and use an acutal move over zap cannon
|
|t:|1760810279
|switch|p2a: Froslass|Froslass, F|100/100
|-status|p2a: Froslass|tox
|-damage|p2a: Froslass|76/100 tox|[from] Stealth Rock
|turn|24
|
|t:|1760810285
|move|p1a: Gliscor|Protect|p1a: Gliscor
|-singleturn|p1a: Gliscor|Protect
|move|p2a: Froslass|Triple Axel|p1a: Gliscor
|-activate|p1a: Gliscor|move: Protect
|
|-damage|p2a: Froslass|70/100 tox|[from] psn
|-heal|p1a: Gliscor|89/100 tox|[from] ability: Poison Heal
|upkeep
|turn|25
|-message|PachuMerin forfeited.
|
|win|Oryxs
|raw|Oryxs's rating: 1183 &rarr; <strong>1211</strong><br />(+28 for winning)
|raw|PachuMerin's rating: 1221 &rarr; <strong>1193</strong><br />(-28 for losing)
|l|☆PachuMerin
|player|p2|
|c|☆Oryxs|LOL gg
|l|☆Oryxs
|player|p1|
