|j|☆Quack532
|j|☆Captain Izanagi
|t:|1760749709
|gametype|singles
|player|p1|Quack532|candice|1183
|player|p2|Captain Izanagi|ltsurge|1177
|gen|9
|tier|[Gen 9] OU
|rated|
|rule|HP Percentage Mod: HP is shown in percentages
|rule|Endless Battle Clause: Forcing endless battles is banned
|rule|Species Clause: Limit one of each Pokémon
|rule|OHKO Clause: OHKO moves are banned
|rule|Evasion Items Clause: Evasion items are banned
|rule|Evasion Moves Clause: Evasion moves are banned
|rule|Evasion Abilities Clause: Evasion abilities are banned
|rule|Sleep Moves Clause: Sleep-inducing moves are banned
|clearpoke
|poke|p1|Bombirdier, F|
|poke|p1|Masquerain, M|
|poke|p1|Tyranitar, F|
|poke|p1|Lycanroc-Dusk, F|
|poke|p1|Porygon-Z|
|poke|p1|Avalugg-Hisui, M|
|poke|p2|Kommo-o, M|
|poke|p2|Diancie|
|poke|p2|Registeel|
|poke|p2|Zapdos-Galar|
|poke|p2|Weavile, M|
|poke|p2|Manaphy|
|teampreview
|inactive|Battle timer is ON: inactive players will automatically lose when time's up. (requested by Captain Izanagi)
|
|t:|1760749719
|teamsize|p1|6
|teamsize|p2|6
|start
|switch|p1a: Masquerain|Masquerain, M|100/100
|switch|p2a: The Clangbanger|Kommo-o, M|100/100
|-ability|p1a: Masquerain|Intimidate|boost
|-unboost|p2a: The Clangbanger|atk|1
|turn|1
|
|t:|1760749733
|-terastallize|p2a: The Clangbanger|Poison
|move|p1a: Masquerain|Sticky Web|p2a: The Clangbanger
|-sidestart|p2: Captain Izanagi|move: Sticky Web
|move|p2a: The Clangbanger|Clangorous Soul|p2a: The Clangbanger
|-boost|p2a: The Clangbanger|atk|1
|-boost|p2a: The Clangbanger|def|1
|-boost|p2a: The Clangbanger|spa|1
|-boost|p2a: The Clangbanger|spd|1
|-boost|p2a: The Clangbanger|spe|1
|-damage|p2a: The Clangbanger|68/100
|
|-heal|p2a: The Clangbanger|74/100|[from] item: Leftovers
|upkeep
|turn|2
|
|t:|1760749740
|move|p2a: The Clangbanger|Clangorous Soul|p2a: The Clangbanger
|-boost|p2a: The Clangbanger|atk|1
|-boost|p2a: The Clangbanger|def|1
|-boost|p2a: The Clangbanger|spa|1
|-boost|p2a: The Clangbanger|spd|1
|-boost|p2a: The Clangbanger|spe|1
|-damage|p2a: The Clangbanger|41/100
|move|p1a: Masquerain|Stun Spore|p2a: The Clangbanger
|-status|p2a: The Clangbanger|par
|
|-heal|p2a: The Clangbanger|47/100 par|[from] item: Leftovers
|upkeep
|turn|3
|
|t:|1760749750
|move|p1a: Masquerain|U-turn|p2a: The Clangbanger
|-resisted|p2a: The Clangbanger
|-damage|p2a: The Clangbanger|45/100 par
|
|t:|1760749758
|switch|p1a: Tyranitar|Tyranitar, F|100/100|[from] U-turn
|-weather|Sandstorm|[from] ability: Sand Stream|[of] p1a: Tyranitar
|move|p2a: The Clangbanger|Poison Jab|p1a: Tyranitar
|-resisted|p1a: Tyranitar
|-damage|p1a: Tyranitar|84/100
|-status|p1a: Tyranitar|psn
|
|-weather|Sandstorm|[upkeep]
|-damage|p2a: The Clangbanger|39/100 par|[from] Sandstorm
|-heal|p2a: The Clangbanger|45/100 par|[from] item: Leftovers
|-damage|p1a: Tyranitar|72/100 psn|[from] psn
|upkeep
|turn|4
|
|t:|1760749765
|move|p2a: The Clangbanger|Drain Punch|p1a: Tyranitar
|-supereffective|p1a: Tyranitar
|-damage|p1a: Tyranitar|0 fnt
|-heal|p2a: The Clangbanger|83/100 par|[from] drain|[of] p1a: Tyranitar
|faint|p1a: Tyranitar
|
|-weather|Sandstorm|[upkeep]
|-damage|p2a: The Clangbanger|77/100 par|[from] Sandstorm
|-heal|p2a: The Clangbanger|83/100 par|[from] item: Leftovers
|upkeep
|
|t:|1760749794
|switch|p1a: Bombirdier|Bombirdier, F|100/100
|turn|5
|
|t:|1760749809
|move|p1a: Bombirdier|Brave Bird|p2a: The Clangbanger
|-damage|p2a: The Clangbanger|57/100 par
|-damage|p1a: Bombirdier|90/100|[from] Recoil
|-damage|p1a: Bombirdier|80/100|[from] item: Life Orb
|move|p2a: The Clangbanger|Drain Punch|p1a: Bombirdier
|-damage|p1a: Bombirdier|19/100
|-heal|p2a: The Clangbanger|82/100 par|[from] drain|[of] p1a: Bombirdier
|
|-weather|Sandstorm|[upkeep]
|-damage|p1a: Bombirdier|13/100|[from] Sandstorm
|-damage|p2a: The Clangbanger|75/100 par|[from] Sandstorm
|-heal|p2a: The Clangbanger|82/100 par|[from] item: Leftovers
|upkeep
|turn|6
|inactive|Quack532 has 120 seconds left.
|
|t:|1760749832
|move|p1a: Bombirdier|Knock Off|p2a: The Clangbanger
|-crit|p2a: The Clangbanger
|-damage|p2a: The Clangbanger|10/100 par
|-enditem|p2a: The Clangbanger|Leftovers|[from] move: Knock Off|[of] p1a: Bombirdier
|-damage|p1a: Bombirdier|3/100|[from] item: Life Orb
|cant|p2a: The Clangbanger|par
|
|-weather|Sandstorm|[upkeep]
|-damage|p1a: Bombirdier|0 fnt|[from] Sandstorm
|-damage|p2a: The Clangbanger|4/100 par|[from] Sandstorm
|faint|p1a: Bombirdier
|upkeep
|
|t:|1760749843
|switch|p1a: Porygon-Z|Porygon-Z|100/100
|turn|7
|
|t:|1760749857
|move|p1a: Porygon-Z|Shadow Ball|p2a: The Clangbanger
|-immune|p2a: The Clangbanger|[from] ability: Bulletproof
|move|p2a: The Clangbanger|Drain Punch|p1a: Porygon-Z
|-supereffective|p1a: Porygon-Z
|-damage|p1a: Porygon-Z|0 fnt
|-heal|p2a: The Clangbanger|48/100 par|[from] drain|[of] p1a: Porygon-Z
|faint|p1a: Porygon-Z
|
|-weather|none
|upkeep
|c|☆Captain Izanagi|Lol
|c|☆Quack532|I'm stupid
|c|☆Captain Izanagi|I feel bad for that one
|
|t:|1760749885
|switch|p1a: Lycanroc|Lycanroc-Dusk, F|100/100
|turn|8
|
|t:|1760749894
|-terastallize|p1a: Lycanroc|Fighting
|move|p1a: Lycanroc|Drill Run|p2a: The Clangbanger
|-supereffective|p2a: The Clangbanger
|-damage|p2a: The Clangbanger|11/100 par
|cant|p2a: The Clangbanger|par
|
|upkeep
|turn|9
|
|t:|1760749900
|move|p1a: Lycanroc|Drill Run|p2a: The Clangbanger
|-supereffective|p2a: The Clangbanger
|-damage|p2a: The Clangbanger|0 fnt
|faint|p2a: The Clangbanger
|
|upkeep
|
|t:|1760749913
|switch|p2a: Hey It's Lenny!|Zapdos-Galar|100/100
|turn|10
|
|t:|1760749917
|switch|p1a: Masquerain|Masquerain, M|100/100
|-ability|p1a: Masquerain|Intimidate|boost
|-unboost|p2a: Hey It's Lenny!|atk|1
|-ability|p2a: Hey It's Lenny!|Defiant|boost
|-boost|p2a: Hey It's Lenny!|atk|2
|move|p2a: Hey It's Lenny!|Drill Peck|p1a: Masquerain
|-supereffective|p1a: Masquerain
|-enditem|p1a: Masquerain|Focus Sash
|-damage|p1a: Masquerain|1/100
|
|upkeep
|turn|11
|
|t:|1760749932
|move|p2a: Hey It's Lenny!|Thunderous Kick|p1a: Masquerain
|-resisted|p1a: Masquerain
|-damage|p1a: Masquerain|0 fnt
|faint|p1a: Masquerain
|
|upkeep
|
|t:|1760749942
|switch|p1a: Avalugg|Avalugg-Hisui, M|100/100
|turn|12
|
|t:|1760749946
|move|p2a: Hey It's Lenny!|Thunderous Kick|p1a: Avalugg
|-supereffective|p1a: Avalugg
|-damage|p1a: Avalugg|0 fnt
|faint|p1a: Avalugg
|
|upkeep
|
|t:|1760749951
|switch|p1a: Lycanroc|Lycanroc-Dusk, F, tera:Fighting|100/100
|turn|13
|
|t:|1760749954
|move|p1a: Lycanroc|Close Combat|p2a: Hey It's Lenny!
|-resisted|p2a: Hey It's Lenny!
|-damage|p2a: Hey It's Lenny!|33/100
|-unboost|p1a: Lycanroc|def|1
|-unboost|p1a: Lycanroc|spd|1
|move|p2a: Hey It's Lenny!|Drill Peck|p1a: Lycanroc
|-supereffective|p1a: Lycanroc
|-damage|p1a: Lycanroc|0 fnt
|faint|p1a: Lycanroc
|
|win|Captain Izanagi
|raw|Quack532's rating: 1183 &rarr; <strong>1158</strong><br />(-25 for losing)
|raw|Captain Izanagi's rating: 1177 &rarr; <strong>1202</strong><br />(+25 for winning)
|l|☆Captain Izanagi
|player|p2|
|j|☆Captain Izanagi
|player|p2|Captain Izanagi|ltsurge|
|l|☆Captain Izanagi
|player|p2|
|c|☆Quack532|gg
|l|☆Quack532
|player|p1|
