|j|☆FrogYosh
|j|☆dionysiacum
|t:|1760806377
|gametype|singles
|player|p1|FrogYosh|169|1072
|player|p2|dionysiacum|swimmerf-gen4|1124
|gen|9
|tier|[Gen 9] OU
|rated|
|rule|HP Percentage Mod: HP is shown in percentages
|rule|Endless Battle Clause: Forcing endless battles is banned
|rule|Species Clause: Limit one of each Pokémon
|rule|OHKO Clause: OHKO moves are banned
|rule|Evasion Items Clause: Evasion items are banned
|rule|Evasion Moves Clause: Evasion moves are banned
|rule|Evasion Abilities Clause: Evasion abilities are banned
|rule|Sleep Moves Clause: Sleep-inducing moves are banned
|clearpoke
|poke|p1|Darkrai|
|poke|p1|Gliscor, F|
|poke|p1|Pecharunt|
|poke|p1|Iron Hands|
|poke|p1|Empoleon, F|
|poke|p1|Deoxys-Speed|
|poke|p2|Gholdengo|
|poke|p2|Gliscor, M|
|poke|p2|Great Tusk|
|poke|p2|Garchomp, F|
|poke|p2|Clodsire, F|
|poke|p2|Garganacl, F|
|teampreview
|inactive|Battle timer is ON: inactive players will automatically lose when time's up. (requested by dionysiacum)
|
|t:|1760806395
|teamsize|p1|6
|teamsize|p2|6
|start
|switch|p1a: Deoxys|Deoxys-Speed|100/100
|switch|p2a: Garganacl|Garganacl, F|100/100
|-ability|p1a: Deoxys|Pressure
|turn|1
|
|t:|1760806404
|move|p1a: Deoxys|Knock Off|p2a: Garganacl
|-damage|p2a: Garganacl|86/100
|-enditem|p2a: Garganacl|Leftovers|[from] move: Knock Off|[of] p1a: Deoxys
|move|p2a: Garganacl|Stealth Rock|p1a: Deoxys
|-sidestart|p1: FrogYosh|move: Stealth Rock
|
|upkeep
|turn|2
|
|t:|1760806418
|move|p1a: Deoxys|Spikes|p2a: Garganacl
|-sidestart|p2: dionysiacum|Spikes
|move|p2a: Garganacl|Salt Cure|p1a: Deoxys
|-damage|p1a: Deoxys|82/100
|-start|p1a: Deoxys|Salt Cure
|
|-damage|p1a: Deoxys|69/100|[from] Salt Cure
|upkeep
|turn|3
|
|t:|1760806428
|switch|p2a: Great Tusk|Great Tusk|100/100
|-damage|p2a: Great Tusk|88/100|[from] Spikes
|-enditem|p2a: Great Tusk|Booster Energy
|-activate|p2a: Great Tusk|ability: Protosynthesis|[fromitem]
|-start|p2a: Great Tusk|protosynthesisspe
|move|p1a: Deoxys|Spikes|p2a: Great Tusk
|-sidestart|p2: dionysiacum|Spikes
|
|-damage|p1a: Deoxys|57/100|[from] Salt Cure
|upkeep
|turn|4
|
|t:|1760806442
|move|p1a: Deoxys|Reflect|p1a: Deoxys
|-sidestart|p1: FrogYosh|Reflect
|move|p2a: Great Tusk|Rapid Spin|p1a: Deoxys
|-damage|p1a: Deoxys|48/100
|-boost|p2a: Great Tusk|spe|1
|-sideend|p2: dionysiacum|Spikes|[from] move: Rapid Spin|[of] p2a: Great Tusk
|
|-damage|p1a: Deoxys|36/100|[from] Salt Cure
|upkeep
|turn|5
|
|t:|1760806450
|move|p2a: Great Tusk|Rapid Spin|p1a: Deoxys
|-damage|p1a: Deoxys|27/100
|-boost|p2a: Great Tusk|spe|1
|move|p1a: Deoxys|Light Screen|p1a: Deoxys
|-sidestart|p1: FrogYosh|move: Light Screen
|
|-damage|p1a: Deoxys|14/100|[from] Salt Cure
|upkeep
|turn|6
|
|t:|1760806460
|move|p2a: Great Tusk|Earthquake|p1a: Deoxys
|-damage|p1a: Deoxys|0 fnt
|faint|p1a: Deoxys
|
|upkeep
|
|t:|1760806467
|switch|p1a: Iron Hands|Iron Hands|100/100
|-damage|p1a: Iron Hands|94/100|[from] Stealth Rock
|turn|7
|
|t:|1760806482
|-terastallize|p1a: Iron Hands|Flying
|move|p2a: Great Tusk|Temper Flare|p1a: Iron Hands
|-crit|p1a: Iron Hands
|-damage|p1a: Iron Hands|72/100
|move|p1a: Iron Hands|Ice Punch|p2a: Great Tusk
|-supereffective|p2a: Great Tusk
|-damage|p2a: Great Tusk|48/100
|
|upkeep
|turn|8
|
|t:|1760806493
|move|p2a: Great Tusk|Ice Spinner|p1a: Iron Hands
|-supereffective|p1a: Iron Hands
|-damage|p1a: Iron Hands|57/100
|move|p1a: Iron Hands|Ice Punch|p2a: Great Tusk
|-supereffective|p2a: Great Tusk
|-damage|p2a: Great Tusk|3/100
|
|upkeep
|turn|9
|
|t:|1760806503
|move|p2a: Great Tusk|Temper Flare|p1a: Iron Hands
|-damage|p1a: Iron Hands|49/100
|move|p1a: Iron Hands|Volt Switch|p2a: Great Tusk
|-immune|p2a: Great Tusk
|
|upkeep
|turn|10
|
|t:|1760806518
|-end|p2a: Great Tusk|Protosynthesis|[silent]
|switch|p2a: Garganacl|Garganacl, F|86/100
|move|p1a: Iron Hands|Drain Punch|p2a: Garganacl
|-supereffective|p2a: Garganacl
|-damage|p2a: Garganacl|32/100
|-heal|p1a: Iron Hands|69/100|[from] drain|[of] p2a: Garganacl
|
|upkeep
|turn|11
|
|t:|1760806528
|-terastallize|p2a: Garganacl|Ghost
|move|p1a: Iron Hands|Drain Punch|p2a: Garganacl
|-immune|p2a: Garganacl
|move|p2a: Garganacl|Salt Cure|p1a: Iron Hands
|-supereffective|p1a: Iron Hands
|-damage|p1a: Iron Hands|60/100
|-start|p1a: Iron Hands|Salt Cure
|
|-damage|p1a: Iron Hands|47/100|[from] Salt Cure
|-sideend|p1: FrogYosh|Reflect
|upkeep
|turn|12
|
|t:|1760806540
|move|p2a: Garganacl|Protect|p2a: Garganacl
|-singleturn|p2a: Garganacl|Protect
|move|p1a: Iron Hands|Volt Switch|p2a: Garganacl
|-activate|p2a: Garganacl|move: Protect
|
|-damage|p1a: Iron Hands|35/100|[from] Salt Cure
|-sideend|p1: FrogYosh|move: Light Screen
|upkeep
|turn|13
|
|t:|1760806550
|switch|p2a: Gliscor|Gliscor, M|100/100
|move|p1a: Iron Hands|Volt Switch|p2a: Gliscor
|-immune|p2a: Gliscor
|
|-damage|p1a: Iron Hands|22/100|[from] Salt Cure
|-status|p2a: Gliscor|tox|[from] item: Toxic Orb
|upkeep
|turn|14
|
|t:|1760806562
|move|p2a: Gliscor|Substitute|p2a: Gliscor
|-start|p2a: Gliscor|Substitute
|-damage|p2a: Gliscor|76/100 tox
|move|p1a: Iron Hands|Ice Punch|p2a: Gliscor
|-supereffective|p2a: Gliscor
|-end|p2a: Gliscor|Substitute
|
|-heal|p2a: Gliscor|88/100 tox|[from] ability: Poison Heal
|-damage|p1a: Iron Hands|10/100|[from] Salt Cure
|upkeep
|turn|15
|
|t:|1760806570
|move|p2a: Gliscor|Substitute|p2a: Gliscor
|-start|p2a: Gliscor|Substitute
|-damage|p2a: Gliscor|63/100 tox
|move|p1a: Iron Hands|Ice Punch|p2a: Gliscor
|-supereffective|p2a: Gliscor
|-end|p2a: Gliscor|Substitute
|
|-heal|p2a: Gliscor|76/100 tox|[from] ability: Poison Heal
|-damage|p1a: Iron Hands|0 fnt|[from] Salt Cure
|faint|p1a: Iron Hands
|-end|p1a: Iron Hands|Quark Drive|[silent]
|upkeep
|
|t:|1760806573
|switch|p1a: Gliscor|Gliscor, F|100/100
|-damage|p1a: Gliscor|88/100|[from] Stealth Rock
|turn|16
|
|t:|1760806586
|move|p1a: Gliscor|Protect|p1a: Gliscor
|-singleturn|p1a: Gliscor|Protect
|move|p2a: Gliscor|Knock Off|p1a: Gliscor
|-activate|p1a: Gliscor|move: Protect
|
|-heal|p2a: Gliscor|88/100 tox|[from] ability: Poison Heal
|-status|p1a: Gliscor|tox|[from] item: Toxic Orb
|upkeep
|turn|17
|
|t:|1760806593
|move|p1a: Gliscor|Facade|p2a: Gliscor
|-damage|p2a: Gliscor|54/100 tox
|move|p2a: Gliscor|Substitute|p2a: Gliscor
|-start|p2a: Gliscor|Substitute
|-damage|p2a: Gliscor|30/100 tox
|
|-heal|p2a: Gliscor|42/100 tox|[from] ability: Poison Heal
|-heal|p1a: Gliscor|100/100 tox|[from] ability: Poison Heal
|upkeep
|turn|18
|
|t:|1760806600
|move|p2a: Gliscor|Protect|p2a: Gliscor
|-singleturn|p2a: Gliscor|Protect
|move|p1a: Gliscor|Facade|p2a: Gliscor
|-activate|p2a: Gliscor|move: Protect
|
|-heal|p2a: Gliscor|54/100 tox|[from] ability: Poison Heal
|upkeep
|turn|19
|
|t:|1760806608
|move|p1a: Gliscor|Toxic Spikes|p2a: Gliscor
|-sidestart|p2: dionysiacum|move: Toxic Spikes
|move|p2a: Gliscor|Knock Off|p1a: Gliscor
|-damage|p1a: Gliscor|81/100 tox
|-enditem|p1a: Gliscor|Toxic Orb|[from] move: Knock Off|[of] p2a: Gliscor
|
|-heal|p2a: Gliscor|67/100 tox|[from] ability: Poison Heal
|-heal|p1a: Gliscor|93/100 tox|[from] ability: Poison Heal
|upkeep
|turn|20
|
|t:|1760806620
|move|p2a: Gliscor|Protect|p2a: Gliscor
|-singleturn|p2a: Gliscor|Protect
|move|p1a: Gliscor|Toxic Spikes|p2a: Gliscor
|-sidestart|p2: dionysiacum|move: Toxic Spikes
|
|-heal|p2a: Gliscor|79/100 tox|[from] ability: Poison Heal
|-heal|p1a: Gliscor|100/100 tox|[from] ability: Poison Heal
|upkeep
|turn|21
|
|t:|1760806630
|move|p1a: Gliscor|Facade|p2a: Gliscor
|-end|p2a: Gliscor|Substitute
|move|p2a: Gliscor|Knock Off|p1a: Gliscor
|-damage|p1a: Gliscor|86/100 tox
|
|-heal|p2a: Gliscor|92/100 tox|[from] ability: Poison Heal
|-heal|p1a: Gliscor|98/100 tox|[from] ability: Poison Heal
|upkeep
|turn|22
|
|t:|1760806640
|move|p2a: Gliscor|Protect|p2a: Gliscor
|-singleturn|p2a: Gliscor|Protect
|move|p1a: Gliscor|Facade|p2a: Gliscor
|-activate|p2a: Gliscor|move: Protect
|
|-heal|p1a: Gliscor|100/100 tox|[from] ability: Poison Heal
|-heal|p2a: Gliscor|100/100 tox|[from] ability: Poison Heal
|upkeep
|turn|23
|
|t:|1760806650
|move|p2a: Gliscor|Substitute|p2a: Gliscor
|-start|p2a: Gliscor|Substitute
|-damage|p2a: Gliscor|76/100 tox
|move|p1a: Gliscor|Facade|p2a: Gliscor
|-end|p2a: Gliscor|Substitute
|
|-heal|p2a: Gliscor|88/100 tox|[from] ability: Poison Heal
|upkeep
|turn|24
|
|t:|1760806660
|move|p2a: Gliscor|Protect|p2a: Gliscor
|-singleturn|p2a: Gliscor|Protect
|move|p1a: Gliscor|Facade|p2a: Gliscor
|-activate|p2a: Gliscor|move: Protect
|
|-heal|p2a: Gliscor|100/100 tox|[from] ability: Poison Heal
|upkeep
|turn|25
|
|t:|1760806668
|move|p1a: Gliscor|Facade|p2a: Gliscor
|-damage|p2a: Gliscor|68/100 tox
|move|p2a: Gliscor|Substitute|p2a: Gliscor
|-start|p2a: Gliscor|Substitute
|-damage|p2a: Gliscor|43/100 tox
|
|-heal|p2a: Gliscor|55/100 tox|[from] ability: Poison Heal
|upkeep
|turn|26
|
|t:|1760806675
|move|p2a: Gliscor|Protect|p2a: Gliscor
|-singleturn|p2a: Gliscor|Protect
|move|p1a: Gliscor|Facade|p2a: Gliscor
|-activate|p2a: Gliscor|move: Protect
|
|-heal|p2a: Gliscor|68/100 tox|[from] ability: Poison Heal
|upkeep
|turn|27
|
|t:|1760806681
|move|p2a: Gliscor|Protect|p2a: Gliscor
|-singleturn|p2a: Gliscor|Protect
|move|p1a: Gliscor|Facade|p2a: Gliscor
|-activate|p2a: Gliscor|move: Protect
|
|-heal|p2a: Gliscor|80/100 tox|[from] ability: Poison Heal
|upkeep
|turn|28
|
|t:|1760806688
|move|p2a: Gliscor|Protect||[still]
|-fail|p2a: Gliscor
|move|p1a: Gliscor|Facade|p2a: Gliscor
|-end|p2a: Gliscor|Substitute
|
|-heal|p2a: Gliscor|92/100 tox|[from] ability: Poison Heal
|upkeep
|turn|29
|
|t:|1760806695
|move|p2a: Gliscor|Substitute|p2a: Gliscor
|-start|p2a: Gliscor|Substitute
|-damage|p2a: Gliscor|68/100 tox
|move|p1a: Gliscor|Facade|p2a: Gliscor
|-end|p2a: Gliscor|Substitute
|
|-heal|p2a: Gliscor|80/100 tox|[from] ability: Poison Heal
|upkeep
|turn|30
|
|t:|1760806700
|move|p2a: Gliscor|Protect|p2a: Gliscor
|-singleturn|p2a: Gliscor|Protect
|move|p1a: Gliscor|Facade|p2a: Gliscor
|-activate|p2a: Gliscor|move: Protect
|
|-heal|p2a: Gliscor|92/100 tox|[from] ability: Poison Heal
|upkeep
|turn|31
|
|t:|1760806708
|move|p1a: Gliscor|Earthquake|p2a: Gliscor
|-immune|p2a: Gliscor
|move|p2a: Gliscor|Substitute|p2a: Gliscor
|-start|p2a: Gliscor|Substitute
|-damage|p2a: Gliscor|68/100 tox
|
|-heal|p2a: Gliscor|80/100 tox|[from] ability: Poison Heal
|upkeep
|turn|32
|
|t:|1760806715
|move|p2a: Gliscor|Protect|p2a: Gliscor
|-singleturn|p2a: Gliscor|Protect
|move|p1a: Gliscor|Facade|p2a: Gliscor
|-activate|p2a: Gliscor|move: Protect
|
|-heal|p2a: Gliscor|92/100 tox|[from] ability: Poison Heal
|upkeep
|turn|33
|
|t:|1760806724
|move|p2a: Gliscor|Protect||[still]
|-fail|p2a: Gliscor
|move|p1a: Gliscor|Facade|p2a: Gliscor
|-end|p2a: Gliscor|Substitute
|
|-heal|p2a: Gliscor|100/100 tox|[from] ability: Poison Heal
|upkeep
|turn|34
|
|t:|1760806733
|move|p2a: Gliscor|Protect|p2a: Gliscor
|-singleturn|p2a: Gliscor|Protect
|move|p1a: Gliscor|Facade|p2a: Gliscor
|-activate|p2a: Gliscor|move: Protect
|
|upkeep
|turn|35
|
|t:|1760806737
|move|p2a: Gliscor|Substitute|p2a: Gliscor
|-start|p2a: Gliscor|Substitute
|-damage|p2a: Gliscor|76/100 tox
|move|p1a: Gliscor|Facade|p2a: Gliscor
|-end|p2a: Gliscor|Substitute
|
|-heal|p2a: Gliscor|88/100 tox|[from] ability: Poison Heal
|upkeep
|turn|36
|
|t:|1760806742
|move|p1a: Gliscor|Earthquake|p2a: Gliscor
|-immune|p2a: Gliscor
|move|p2a: Gliscor|Substitute|p2a: Gliscor
|-start|p2a: Gliscor|Substitute
|-damage|p2a: Gliscor|63/100 tox
|
|-heal|p2a: Gliscor|76/100 tox|[from] ability: Poison Heal
|upkeep
|turn|37
|
|t:|1760806750
|move|p2a: Gliscor|Protect|p2a: Gliscor
|-singleturn|p2a: Gliscor|Protect
|move|p1a: Gliscor|Earthquake|p2a: Gliscor
|-activate|p2a: Gliscor|move: Protect
|
|-heal|p2a: Gliscor|88/100 tox|[from] ability: Poison Heal
|upkeep
|turn|38
|
|t:|1760806755
|move|p1a: Gliscor|Toxic Spikes||[still]
|-fail|p1a: Gliscor
|move|p2a: Gliscor|Knock Off|p1a: Gliscor
|-damage|p1a: Gliscor|87/100 tox
|
|-heal|p2a: Gliscor|100/100 tox|[from] ability: Poison Heal
|-heal|p1a: Gliscor|99/100 tox|[from] ability: Poison Heal
|upkeep
|turn|39
|
|t:|1760806762
|move|p2a: Gliscor|Knock Off|p1a: Gliscor
|-damage|p1a: Gliscor|86/100 tox
|move|p1a: Gliscor|Facade|p2a: Gliscor
|-end|p2a: Gliscor|Substitute
|
|-heal|p1a: Gliscor|98/100 tox|[from] ability: Poison Heal
|upkeep
|turn|40
|
|t:|1760806768
|move|p2a: Gliscor|Protect|p2a: Gliscor
|-singleturn|p2a: Gliscor|Protect
|move|p1a: Gliscor|Facade|p2a: Gliscor
|-activate|p2a: Gliscor|move: Protect
|
|-heal|p1a: Gliscor|100/100 tox|[from] ability: Poison Heal
|upkeep
|turn|41
|
|t:|1760806774
|switch|p2a: Gholdengo|Gholdengo|100/100
|move|p1a: Gliscor|Facade|p2a: Gholdengo
|-immune|p2a: Gholdengo
|
|upkeep
|turn|42
|
|t:|1760806783
|switch|p1a: Darkrai|Darkrai|100/100
|-damage|p1a: Darkrai|88/100|[from] Stealth Rock
|move|p2a: Gholdengo|Shadow Ball|p1a: Darkrai
|-resisted|p1a: Darkrai
|-damage|p1a: Darkrai|50/100
|
|upkeep
|turn|43
|
|t:|1760806791
|switch|p2a: Clodsire|Clodsire, F|100/100
|-sideend|p2: dionysiacum|move: Toxic Spikes|[of] p2a: Clodsire
|move|p1a: Darkrai|Dark Pulse|p2a: Clodsire
|-damage|p2a: Clodsire|64/100
|-damage|p1a: Darkrai|40/100|[from] item: Life Orb
|
|-heal|p2a: Clodsire|71/100|[from] item: Leftovers
|upkeep
|turn|44
|
|t:|1760806803
|move|p1a: Darkrai|Nasty Plot|p1a: Darkrai
|-boost|p1a: Darkrai|spa|2
|move|p2a: Clodsire|Toxic|p1a: Darkrai
|-status|p1a: Darkrai|tox
|
|-heal|p2a: Clodsire|77/100|[from] item: Leftovers
|-damage|p1a: Darkrai|34/100 tox|[from] psn
|upkeep
|turn|45
|
|t:|1760806809
|move|p2a: Clodsire|Protect|p2a: Clodsire
|-singleturn|p2a: Clodsire|Protect
|move|p1a: Darkrai|Focus Blast|p2a: Clodsire
|-activate|p2a: Clodsire|move: Protect
|
|-heal|p2a: Clodsire|83/100|[from] item: Leftovers
|-damage|p1a: Darkrai|21/100 tox|[from] psn
|upkeep
|turn|46
|
|t:|1760806823
|move|p1a: Darkrai|Focus Blast|p2a: Clodsire
|-resisted|p2a: Clodsire
|-damage|p2a: Clodsire|64/100
|-damage|p1a: Darkrai|12/100 tox|[from] item: Life Orb
|move|p2a: Clodsire|Recover|p2a: Clodsire
|-heal|p2a: Clodsire|100/100
|
|-damage|p1a: Darkrai|0 fnt|[from] psn
|faint|p1a: Darkrai
|upkeep
|
|t:|1760806836
|switch|p1a: Pecharunt|Pecharunt|100/100
|-damage|p1a: Pecharunt|88/100|[from] Stealth Rock
|turn|47
|
|t:|1760806851
|move|p1a: Pecharunt|Nasty Plot|p1a: Pecharunt
|-boost|p1a: Pecharunt|spa|2
|move|p2a: Clodsire|Earthquake|p1a: Pecharunt
|-supereffective|p1a: Pecharunt
|-damage|p1a: Pecharunt|58/100
|
|-heal|p1a: Pecharunt|64/100|[from] item: Leftovers
|upkeep
|turn|48
|
|t:|1760806858
|move|p1a: Pecharunt|Nasty Plot|p1a: Pecharunt
|-boost|p1a: Pecharunt|spa|2
|move|p2a: Clodsire|Earthquake|p1a: Pecharunt
|-supereffective|p1a: Pecharunt
|-damage|p1a: Pecharunt|32/100
|
|-heal|p1a: Pecharunt|38/100|[from] item: Leftovers
|upkeep
|turn|49
|
|t:|1760806866
|move|p1a: Pecharunt|Recover|p1a: Pecharunt
|-heal|p1a: Pecharunt|88/100
|move|p2a: Clodsire|Earthquake|p1a: Pecharunt
|-supereffective|p1a: Pecharunt
|-damage|p1a: Pecharunt|55/100
|
|-heal|p1a: Pecharunt|61/100|[from] item: Leftovers
|upkeep
|turn|50
|
|t:|1760806872
|move|p1a: Pecharunt|Nasty Plot|p1a: Pecharunt
|-boost|p1a: Pecharunt|spa|2
|move|p2a: Clodsire|Earthquake|p1a: Pecharunt
|-supereffective|p1a: Pecharunt
|-damage|p1a: Pecharunt|27/100
|
|-heal|p1a: Pecharunt|33/100|[from] item: Leftovers
|upkeep
|turn|51
|
|t:|1760806877
|move|p1a: Pecharunt|Recover|p1a: Pecharunt
|-heal|p1a: Pecharunt|83/100
|move|p2a: Clodsire|Earthquake|p1a: Pecharunt
|-supereffective|p1a: Pecharunt
|-damage|p1a: Pecharunt|52/100
|
|-heal|p1a: Pecharunt|58/100|[from] item: Leftovers
|upkeep
|turn|52
|
|t:|1760806882
|move|p1a: Pecharunt|Recover|p1a: Pecharunt
|-heal|p1a: Pecharunt|100/100
|move|p2a: Clodsire|Earthquake|p1a: Pecharunt
|-supereffective|p1a: Pecharunt
|-damage|p1a: Pecharunt|70/100
|
|-heal|p1a: Pecharunt|77/100|[from] item: Leftovers
|upkeep
|turn|53
|
|t:|1760806889
|move|p1a: Pecharunt|Shadow Ball|p2a: Clodsire
|-damage|p2a: Clodsire|78/100
|move|p2a: Clodsire|Earthquake|p1a: Pecharunt
|-supereffective|p1a: Pecharunt
|-damage|p1a: Pecharunt|45/100
|
|-heal|p1a: Pecharunt|51/100|[from] item: Leftovers
|-heal|p2a: Clodsire|85/100|[from] item: Leftovers
|upkeep
|turn|54
|
|t:|1760806896
|move|p1a: Pecharunt|Shadow Ball|p2a: Clodsire
|-damage|p2a: Clodsire|61/100
|-unboost|p2a: Clodsire|spd|1
|move|p2a: Clodsire|Earthquake|p1a: Pecharunt
|-supereffective|p1a: Pecharunt
|-damage|p1a: Pecharunt|18/100
|
|-heal|p1a: Pecharunt|24/100|[from] item: Leftovers
|-heal|p2a: Clodsire|68/100|[from] item: Leftovers
|upkeep
|turn|55
|
|t:|1760806903
|move|p1a: Pecharunt|Recover|p1a: Pecharunt
|-heal|p1a: Pecharunt|74/100
|move|p2a: Clodsire|Earthquake|p1a: Pecharunt
|-supereffective|p1a: Pecharunt
|-crit|p1a: Pecharunt
|-damage|p1a: Pecharunt|27/100
|
|-heal|p1a: Pecharunt|33/100|[from] item: Leftovers
|-heal|p2a: Clodsire|74/100|[from] item: Leftovers
|upkeep
|turn|56
|
|t:|1760806908
|move|p1a: Pecharunt|Recover|p1a: Pecharunt
|-heal|p1a: Pecharunt|83/100
|move|p2a: Clodsire|Earthquake|p1a: Pecharunt
|-supereffective|p1a: Pecharunt
|-damage|p1a: Pecharunt|52/100
|
|-heal|p1a: Pecharunt|58/100|[from] item: Leftovers
|-heal|p2a: Clodsire|80/100|[from] item: Leftovers
|upkeep
|turn|57
|
|t:|1760806914
|move|p1a: Pecharunt|Shadow Ball|p2a: Clodsire
|-damage|p2a: Clodsire|49/100
|move|p2a: Clodsire|Earthquake|p1a: Pecharunt
|-supereffective|p1a: Pecharunt
|-damage|p1a: Pecharunt|26/100
|
|-heal|p1a: Pecharunt|32/100|[from] item: Leftovers
|-heal|p2a: Clodsire|55/100|[from] item: Leftovers
|upkeep
|turn|58
|
|t:|1760806920
|move|p1a: Pecharunt|Recover|p1a: Pecharunt
|-heal|p1a: Pecharunt|82/100
|move|p2a: Clodsire|Recover|p2a: Clodsire
|-heal|p2a: Clodsire|100/100
|
|-heal|p1a: Pecharunt|88/100|[from] item: Leftovers
|upkeep
|turn|59
|
|t:|1760806925
|move|p1a: Pecharunt|Shadow Ball|p2a: Clodsire
|-damage|p2a: Clodsire|66/100
|move|p2a: Clodsire|Earthquake|p1a: Pecharunt
|-supereffective|p1a: Pecharunt
|-damage|p1a: Pecharunt|54/100
|
|-heal|p1a: Pecharunt|60/100|[from] item: Leftovers
|-heal|p2a: Clodsire|72/100|[from] item: Leftovers
|upkeep
|turn|60
|
|t:|1760806931
|move|p1a: Pecharunt|Shadow Ball|p2a: Clodsire
|-damage|p2a: Clodsire|40/100
|move|p2a: Clodsire|Earthquake|p1a: Pecharunt
|-supereffective|p1a: Pecharunt
|-damage|p1a: Pecharunt|25/100
|
|-heal|p1a: Pecharunt|31/100|[from] item: Leftovers
|-heal|p2a: Clodsire|46/100|[from] item: Leftovers
|upkeep
|turn|61
|
|t:|1760806937
|move|p1a: Pecharunt|Recover|p1a: Pecharunt
|-heal|p1a: Pecharunt|81/100
|move|p2a: Clodsire|Recover|p2a: Clodsire
|-heal|p2a: Clodsire|96/100
|
|-heal|p1a: Pecharunt|87/100|[from] item: Leftovers
|-heal|p2a: Clodsire|100/100|[from] item: Leftovers
|upkeep
|turn|62
|
|t:|1760806943
|move|p1a: Pecharunt|Shadow Ball|p2a: Clodsire
|-damage|p2a: Clodsire|68/100
|move|p2a: Clodsire|Earthquake|p1a: Pecharunt
|-supereffective|p1a: Pecharunt
|-damage|p1a: Pecharunt|56/100
|
|-heal|p1a: Pecharunt|62/100|[from] item: Leftovers
|-heal|p2a: Clodsire|74/100|[from] item: Leftovers
|upkeep
|turn|63
|
|t:|1760806949
|move|p1a: Pecharunt|Shadow Ball|p2a: Clodsire
|-damage|p2a: Clodsire|40/100
|-unboost|p2a: Clodsire|spd|1
|move|p2a: Clodsire|Earthquake|p1a: Pecharunt
|-supereffective|p1a: Pecharunt
|-damage|p1a: Pecharunt|32/100
|
|-heal|p1a: Pecharunt|38/100|[from] item: Leftovers
|-heal|p2a: Clodsire|46/100|[from] item: Leftovers
|upkeep
|turn|64
|
|t:|1760806959
|move|p2a: Clodsire|Protect|p2a: Clodsire
|-singleturn|p2a: Clodsire|Protect
|move|p1a: Pecharunt|Recover|p1a: Pecharunt
|-heal|p1a: Pecharunt|88/100
|
|-heal|p1a: Pecharunt|94/100|[from] item: Leftovers
|-heal|p2a: Clodsire|53/100|[from] item: Leftovers
|upkeep
|turn|65
|
|t:|1760806971
|switch|p2a: Great Tusk|Great Tusk|3/100
|move|p1a: Pecharunt|Shadow Ball|p2a: Great Tusk
|-damage|p2a: Great Tusk|0 fnt
|faint|p2a: Great Tusk
|-end|p2a: Great Tusk|Protosynthesis|[silent]
|
|-heal|p1a: Pecharunt|99/100|[from] item: Leftovers
|upkeep
|
|t:|1760806976
|switch|p2a: Clodsire|Clodsire, F|53/100
|turn|66
|
|t:|1760806979
|move|p1a: Pecharunt|Shadow Ball|p2a: Clodsire
|-damage|p2a: Clodsire|29/100
|move|p2a: Clodsire|Recover|p2a: Clodsire
|-heal|p2a: Clodsire|79/100
|
|-heal|p1a: Pecharunt|100/100|[from] item: Leftovers
|-heal|p2a: Clodsire|86/100|[from] item: Leftovers
|upkeep
|turn|67
|
|t:|1760806984
|move|p1a: Pecharunt|Shadow Ball|p2a: Clodsire
|-damage|p2a: Clodsire|63/100
|move|p2a: Clodsire|Earthquake|p1a: Pecharunt
|-supereffective|p1a: Pecharunt
|-crit|p1a: Pecharunt
|-damage|p1a: Pecharunt|56/100
|
|-heal|p1a: Pecharunt|62/100|[from] item: Leftovers
|-heal|p2a: Clodsire|70/100|[from] item: Leftovers
|upkeep
|turn|68
|
|t:|1760806992
|move|p1a: Pecharunt|Shadow Ball|p2a: Clodsire
|-damage|p2a: Clodsire|47/100
|-unboost|p2a: Clodsire|spd|1
|move|p2a: Clodsire|Recover|p2a: Clodsire
|-heal|p2a: Clodsire|97/100
|
|-heal|p1a: Pecharunt|68/100|[from] item: Leftovers
|-heal|p2a: Clodsire|100/100|[from] item: Leftovers
|upkeep
|turn|69
|
|t:|1760806999
|move|p2a: Clodsire|Protect|p2a: Clodsire
|-singleturn|p2a: Clodsire|Protect
|move|p1a: Pecharunt|Shadow Ball|p2a: Clodsire
|-activate|p2a: Clodsire|move: Protect
|
|-heal|p1a: Pecharunt|74/100|[from] item: Leftovers
|upkeep
|turn|70
|
|t:|1760807005
|move|p1a: Pecharunt|Shadow Ball|p2a: Clodsire
|-damage|p2a: Clodsire|68/100
|move|p2a: Clodsire|Toxic|p1a: Pecharunt
|-immune|p1a: Pecharunt
|
|-heal|p1a: Pecharunt|80/100|[from] item: Leftovers
|-heal|p2a: Clodsire|74/100|[from] item: Leftovers
|upkeep
|turn|71
|
|t:|1760807010
|move|p1a: Pecharunt|Shadow Ball|p2a: Clodsire
|-damage|p2a: Clodsire|41/100
|move|p2a: Clodsire|Recover|p2a: Clodsire
|-heal|p2a: Clodsire|91/100
|
|-heal|p1a: Pecharunt|87/100|[from] item: Leftovers
|-heal|p2a: Clodsire|97/100|[from] item: Leftovers
|upkeep
|turn|72
|
|t:|1760807015
|move|p1a: Pecharunt|Shadow Ball|p2a: Clodsire
|-damage|p2a: Clodsire|64/100
|move|p2a: Clodsire|Toxic|p1a: Pecharunt
|-immune|p1a: Pecharunt
|
|-heal|p1a: Pecharunt|93/100|[from] item: Leftovers
|-heal|p2a: Clodsire|71/100|[from] item: Leftovers
|upkeep
|turn|73
|
|t:|1760807023
|move|p1a: Pecharunt|Shadow Ball|p2a: Clodsire
|-damage|p2a: Clodsire|34/100
|move|p2a: Clodsire|Recover|p2a: Clodsire
|-heal|p2a: Clodsire|84/100
|
|-heal|p1a: Pecharunt|99/100|[from] item: Leftovers
|-heal|p2a: Clodsire|90/100|[from] item: Leftovers
|upkeep
|turn|74
|
|t:|1760807031
|move|p1a: Pecharunt|Shadow Ball|p2a: Clodsire
|-damage|p2a: Clodsire|56/100
|-unboost|p2a: Clodsire|spd|1
|move|p2a: Clodsire|Toxic|p1a: Pecharunt
|-immune|p1a: Pecharunt
|
|-heal|p1a: Pecharunt|100/100|[from] item: Leftovers
|-heal|p2a: Clodsire|63/100|[from] item: Leftovers
|upkeep
|turn|75
|
|t:|1760807037
|move|p2a: Clodsire|Protect|p2a: Clodsire
|-singleturn|p2a: Clodsire|Protect
|move|p1a: Pecharunt|Shadow Ball|p2a: Clodsire
|-activate|p2a: Clodsire|move: Protect
|
|-heal|p2a: Clodsire|69/100|[from] item: Leftovers
|upkeep
|turn|76
|
|t:|1760807047
|move|p2a: Clodsire|Protect|p2a: Clodsire
|-singleturn|p2a: Clodsire|Protect
|move|p1a: Pecharunt|Shadow Ball|p2a: Clodsire
|-activate|p2a: Clodsire|move: Protect
|
|-heal|p2a: Clodsire|75/100|[from] item: Leftovers
|upkeep
|turn|77
|
|t:|1760807054
|move|p1a: Pecharunt|Shadow Ball|p2a: Clodsire
|-damage|p2a: Clodsire|28/100
|-unboost|p2a: Clodsire|spd|1
|move|p2a: Clodsire|Recover|p2a: Clodsire
|-heal|p2a: Clodsire|78/100
|
|-heal|p2a: Clodsire|85/100|[from] item: Leftovers
|upkeep
|turn|78
|
|t:|1760807062
|move|p2a: Clodsire|Protect|p2a: Clodsire
|-singleturn|p2a: Clodsire|Protect
|move|p1a: Pecharunt|Shadow Ball|p2a: Clodsire
|-activate|p2a: Clodsire|move: Protect
|
|-heal|p2a: Clodsire|91/100|[from] item: Leftovers
|upkeep
|turn|79
|
|t:|1760807067
|move|p2a: Clodsire|Protect||[still]
|-fail|p2a: Clodsire
|move|p1a: Pecharunt|Shadow Ball|p2a: Clodsire
|-damage|p2a: Clodsire|30/100
|
|-heal|p2a: Clodsire|36/100|[from] item: Leftovers
|upkeep
|turn|80
|
|t:|1760807073
|move|p2a: Clodsire|Protect|p2a: Clodsire
|-singleturn|p2a: Clodsire|Protect
|move|p1a: Pecharunt|Nasty Plot|p1a: Pecharunt
|-boost|p1a: Pecharunt|spa|0
|
|-heal|p2a: Clodsire|42/100|[from] item: Leftovers
|upkeep
|turn|81
|
|t:|1760807080
|move|p2a: Clodsire|Protect|p2a: Clodsire
|-singleturn|p2a: Clodsire|Protect
|move|p1a: Pecharunt|Shadow Ball|p2a: Clodsire
|-activate|p2a: Clodsire|move: Protect
|
|-heal|p2a: Clodsire|49/100|[from] item: Leftovers
|upkeep
|turn|82
|
|t:|1760807090
|move|p2a: Clodsire|Protect||[still]
|-fail|p2a: Clodsire
|move|p1a: Pecharunt|Shadow Ball|p2a: Clodsire
|-damage|p2a: Clodsire|0 fnt
|faint|p2a: Clodsire
|
|upkeep
|
|t:|1760807113
|switch|p2a: Gholdengo|Gholdengo|100/100
|turn|83
|
|t:|1760807121
|move|p2a: Gholdengo|Shadow Ball|p1a: Pecharunt
|-supereffective|p1a: Pecharunt
|-damage|p1a: Pecharunt|0 fnt
|faint|p1a: Pecharunt
|
|upkeep
|
|t:|1760807124
|switch|p1a: Gliscor|Gliscor, F|100/100 tox
|-damage|p1a: Gliscor|88/100 tox|[from] Stealth Rock
|turn|84
|
|t:|1760807128
|move|p1a: Gliscor|Toxic Spikes|p2a: Gholdengo
|-sidestart|p2: dionysiacum|move: Toxic Spikes
|move|p2a: Gholdengo|Shadow Ball|p1a: Gliscor
|-damage|p1a: Gliscor|14/100 tox
|-unboost|p1a: Gliscor|spd|1
|
|-heal|p1a: Gliscor|26/100 tox|[from] ability: Poison Heal
|upkeep
|turn|85
|
|t:|1760807134
|switch|p1a: Empoleon|Empoleon, F|100/100
|-damage|p1a: Empoleon|94/100|[from] Stealth Rock
|move|p2a: Gholdengo|Shadow Ball|p1a: Empoleon
|-damage|p1a: Empoleon|56/100
|-unboost|p1a: Empoleon|spd|1
|-ability|p1a: Empoleon|Competitive|boost
|-boost|p1a: Empoleon|spa|2
|
|-heal|p1a: Empoleon|63/100|[from] item: Leftovers
|upkeep
|turn|86
|
|t:|1760807145
|move|p2a: Gholdengo|Shadow Ball|p1a: Empoleon
|-damage|p1a: Empoleon|9/100
|move|p1a: Empoleon|Ice Beam|p2a: Gholdengo
|-resisted|p2a: Gholdengo
|-damage|p2a: Gholdengo|73/100
|
|-heal|p1a: Empoleon|16/100|[from] item: Leftovers
|upkeep
|turn|87
|
|t:|1760807150
|move|p2a: Gholdengo|Shadow Ball|p1a: Empoleon
|-damage|p1a: Empoleon|0 fnt
|faint|p1a: Empoleon
|
|upkeep
|
|t:|1760807152
|switch|p1a: Gliscor|Gliscor, F|26/100 tox
|-damage|p1a: Gliscor|14/100 tox|[from] Stealth Rock
|turn|88
|
|t:|1760807157
|move|p1a: Gliscor|Protect|p1a: Gliscor
|-singleturn|p1a: Gliscor|Protect
|move|p2a: Gholdengo|Shadow Ball|p1a: Gliscor
|-activate|p1a: Gliscor|move: Protect
|
|-heal|p1a: Gliscor|26/100 tox|[from] ability: Poison Heal
|upkeep
|turn|89
|
|t:|1760807159
|move|p1a: Gliscor|Protect||[still]
|-fail|p1a: Gliscor
|move|p2a: Gholdengo|Shadow Ball|p1a: Gliscor
|-damage|p1a: Gliscor|0 fnt
|faint|p1a: Gliscor
|
|win|dionysiacum
|raw|FrogYosh's rating: 1072 &rarr; <strong>1054</strong><br />(-18 for losing)
|raw|dionysiacum's rating: 1124 &rarr; <strong>1145</strong><br />(+21 for winning)
|c|☆dionysiacum|thx
