|j|☆JJTEPIGBOSS
|j|☆Dansiger
|t:|1760771691
|gametype|singles
|player|p1|JJTEPIGBOSS|266|1040
|player|p2|Dansiger|palmer|1080
|gen|9
|tier|[Gen 9] OU
|rated|
|rule|HP Percentage Mod: HP is shown in percentages
|rule|Endless Battle Clause: Forcing endless battles is banned
|rule|Species Clause: Limit one of each Pokémon
|rule|OHKO Clause: OHKO moves are banned
|rule|Evasion Items Clause: Evasion items are banned
|rule|Evasion Moves Clause: Evasion moves are banned
|rule|Evasion Abilities Clause: Evasion abilities are banned
|rule|Sleep Moves Clause: Sleep-inducing moves are banned
|clearpoke
|poke|p1|Quaquaval, F|
|poke|p1|Ludicolo, F|
|poke|p1|Oricorio-Pom-Pom, M|
|poke|p1|Lilligant-Hisui, F|
|poke|p1|Hitmontop, M|
|poke|p1|Bellossom, M|
|poke|p2|Arcanine, M|
|poke|p2|Blastoise, F|
|poke|p2|Raichu, F|
|poke|p2|Vileplume, F|
|poke|p2|Heracross, M|
|poke|p2|Umbreon, F|
|teampreview
|inactive|Battle timer is ON: inactive players will automatically lose when time's up. (requested by JJTEPIGBOSS)
|
|t:|1760771709
|teamsize|p1|6
|teamsize|p2|6
|start
|switch|p1a: Ludicolo|Ludicolo, F|100/100
|switch|p2a: Heracross|Heracross, M|100/100
|turn|1
|
|t:|1760771720
|move|p2a: Heracross|Swords Dance|p2a: Heracross
|-boost|p2a: Heracross|atk|2
|move|p1a: Ludicolo|Hydro Pump|p2a: Heracross|[miss]
|-miss|p1a: Ludicolo|p2a: Heracross
|
|-status|p2a: Heracross|brn|[from] item: Flame Orb
|upkeep
|turn|2
|
|t:|1760771730
|-terastallize|p1a: Ludicolo|Steel
|move|p2a: Heracross|Facade|p1a: Ludicolo
|-resisted|p1a: Ludicolo
|-damage|p1a: Ludicolo|0 fnt
|faint|p1a: Ludicolo
|
|-damage|p2a: Heracross|95/100 brn|[from] brn
|upkeep
|
|t:|1760771742
|switch|p1a: Lilligant|Lilligant-Hisui, F|100/100
|turn|3
|
|t:|1760771747
|move|p1a: Lilligant|Aerial Ace|p2a: Heracross
|-supereffective|p2a: Heracross
|-damage|p2a: Heracross|0 fnt
|faint|p2a: Heracross
|
|upkeep
|
|t:|1760771755
|switch|p2a: Blastoise|Blastoise, F|100/100
|turn|4
|
|t:|1760771759
|switch|p1a: Quaquaval|Quaquaval, F|100/100
|-terastallize|p2a: Blastoise|Grass
|move|p2a: Blastoise|Shell Smash|p2a: Blastoise
|-unboost|p2a: Blastoise|def|1
|-unboost|p2a: Blastoise|spd|1
|-boost|p2a: Blastoise|atk|2
|-boost|p2a: Blastoise|spa|2
|-boost|p2a: Blastoise|spe|2
|-enditem|p1a: Quaquaval|Mirror Herb
|-boost|p1a: Quaquaval|atk|2|[from] item: Mirror Herb
|-boost|p1a: Quaquaval|spa|2|[from] item: Mirror Herb
|-boost|p1a: Quaquaval|spe|2|[from] item: Mirror Herb
|-enditem|p2a: Blastoise|White Herb
|-clearnegativeboost|p2a: Blastoise|[silent]
|
|upkeep
|turn|5
|
|t:|1760771778
|move|p1a: Quaquaval|Ice Spinner|p2a: Blastoise
|-supereffective|p2a: Blastoise
|-crit|p2a: Blastoise
|-damage|p2a: Blastoise|0 fnt
|faint|p2a: Blastoise
|-ability|p1a: Quaquaval|Moxie|boost
|-boost|p1a: Quaquaval|atk|1
|
|upkeep
|
|t:|1760771785
|switch|p2a: Raichu|Raichu, F|100/100
|turn|6
|
|t:|1760771797
|move|p1a: Quaquaval|Close Combat|p2a: Raichu
|-damage|p2a: Raichu|0 fnt
|-unboost|p1a: Quaquaval|def|1
|-unboost|p1a: Quaquaval|spd|1
|faint|p2a: Raichu
|-ability|p1a: Quaquaval|Moxie|boost
|-boost|p1a: Quaquaval|atk|1
|
|upkeep
|
|t:|1760771805
|switch|p2a: Arcanine|Arcanine, M|100/100
|-ability|p2a: Arcanine|Intimidate|boost
|-unboost|p1a: Quaquaval|atk|1
|turn|7
|
|t:|1760771812
|move|p2a: Arcanine|Extreme Speed|p1a: Quaquaval
|-damage|p1a: Quaquaval|49/100
|move|p1a: Quaquaval|Aqua Step|p2a: Arcanine
|-supereffective|p2a: Arcanine
|-damage|p2a: Arcanine|0 fnt
|-boost|p1a: Quaquaval|spe|1
|faint|p2a: Arcanine
|-ability|p1a: Quaquaval|Moxie|boost
|-boost|p1a: Quaquaval|atk|1
|
|upkeep
|
|t:|1760771827
|switch|p2a: Umbreon|Umbreon, F|100/100
|turn|8
|
|t:|1760771833
|move|p1a: Quaquaval|Close Combat|p2a: Umbreon
|-supereffective|p2a: Umbreon
|-damage|p2a: Umbreon|0 fnt
|-unboost|p1a: Quaquaval|def|1
|-unboost|p1a: Quaquaval|spd|1
|faint|p2a: Umbreon
|-ability|p1a: Quaquaval|Moxie|boost
|-boost|p1a: Quaquaval|atk|1
|
|upkeep
|
|t:|1760771841
|switch|p2a: Vileplume|Vileplume, F|100/100
|turn|9
|c|☆JJTEPIGBOSS|Gg
|
|t:|1760771848
|move|p1a: Quaquaval|Ice Spinner|p2a: Vileplume
|-supereffective|p2a: Vileplume
|-damage|p2a: Vileplume|0 fnt
|faint|p2a: Vileplume
|
|win|JJTEPIGBOSS
|raw|JJTEPIGBOSS's rating: 1040 &rarr; <strong>1078</strong><br />(+38 for winning)
|raw|Dansiger's rating: 1080 &rarr; <strong>1055</strong><br />(-25 for losing)
|l|☆Dansiger
|player|p2|
