|j|☆Jinghan Yu
|j|☆RK Earth 9000
|t:|1760778441
|gametype|singles
|player|p1|Jinghan Yu|nate|1187
|player|p2|RK Earth 9000|volkner|1154
|gen|9
|tier|[Gen 9] OU
|rated|
|rule|HP Percentage Mod: HP is shown in percentages
|rule|Endless Battle Clause: Forcing endless battles is banned
|rule|Species Clause: Limit one of each Pokémon
|rule|OHKO Clause: OHKO moves are banned
|rule|Evasion Items Clause: Evasion items are banned
|rule|Evasion Moves Clause: Evasion moves are banned
|rule|Evasion Abilities Clause: Evasion abilities are banned
|rule|Sleep Moves Clause: Sleep-inducing moves are banned
|clearpoke
|poke|p1|Scizor, M|
|poke|p1|Tyranitar, M|
|poke|p1|Garchomp, M|
|poke|p1|Gyarados, M|
|poke|p1|Gengar, M|
|poke|p1|Excadrill, M|
|poke|p2|Azumarill, F|
|poke|p2|Tropius, F|
|poke|p2|Kilowattrel, M|
|poke|p2|Araquanid, M|
|poke|p2|Registeel|
|poke|p2|Hitmontop, M|
|teampreview
|inactive|Battle timer is ON: inactive players will automatically lose when time's up. (requested by Jinghan Yu)
|inactive|RK Earth 9000 has 120 seconds left.
|
|t:|1760778520
|teamsize|p1|6
|teamsize|p2|6
|start
|switch|p1a: Osten|Gyarados, M, shiny|100/100
|switch|p2a: Registeel|Registeel, shiny|100/100
|-ability|p1a: Osten|Intimidate|boost
|-fail|p2a: Registeel|unboost|[from] ability: Clear Body|[of] p2a: Registeel
|turn|1
|
|t:|1760778529
|move|p1a: Osten|Dragon Dance|p1a: Osten
|-boost|p1a: Osten|atk|1
|-boost|p1a: Osten|spe|1
|move|p2a: Registeel|Thunder Wave|p1a: Osten
|-status|p1a: Osten|par
|
|upkeep
|turn|2
|
|t:|1760778540
|cant|p1a: Osten|par
|move|p2a: Registeel|Stealth Rock|p1a: Osten
|-sidestart|p1: Jinghan Yu|move: Stealth Rock
|
|upkeep
|turn|3
|
|t:|1760778545
|switch|p2a: Tropius|Tropius, F, shiny|100/100
|cant|p1a: Osten|par
|
|upkeep
|turn|4
|
|t:|1760778551
|cant|p1a: Osten|par
|move|p2a: Tropius|Leech Seed|p1a: Osten
|-start|p1a: Osten|move: Leech Seed
|
|-damage|p1a: Osten|88/100 par|[from] Leech Seed|[of] p2a: Tropius
|upkeep
|turn|5
|
|t:|1760778559
|switch|p1a: Timothy|Tyranitar, M|100/100
|-damage|p1a: Timothy|88/100|[from] Stealth Rock
|-weather|Sandstorm|[from] ability: Sand Stream|[of] p1a: Timothy
|move|p2a: Tropius|Substitute|p2a: Tropius
|-start|p2a: Tropius|Substitute
|-damage|p2a: Tropius|76/100
|
|-weather|Sandstorm|[upkeep]
|-damage|p2a: Tropius|69/100|[from] Sandstorm
|upkeep
|turn|6
|
|t:|1760778572
|move|p1a: Timothy|Rock Slide|p2a: Tropius
|-supereffective|p2a: Tropius
|-end|p2a: Tropius|Substitute
|move|p2a: Tropius|Leech Seed|p1a: Timothy
|-start|p1a: Timothy|move: Leech Seed
|
|-weather|Sandstorm|[upkeep]
|-damage|p2a: Tropius|63/100|[from] Sandstorm
|-damage|p1a: Timothy|76/100|[from] Leech Seed|[of] p2a: Tropius
|-heal|p2a: Tropius|75/100|[silent]
|upkeep
|turn|7
|
|t:|1760778585
|switch|p2a: Hitmontop|Hitmontop, M, shiny|100/100
|move|p1a: Timothy|Rock Slide|p2a: Hitmontop
|-resisted|p2a: Hitmontop
|-damage|p2a: Hitmontop|76/100
|
|-weather|Sandstorm|[upkeep]
|-damage|p2a: Hitmontop|70/100|[from] Sandstorm
|-damage|p1a: Timothy|64/100|[from] Leech Seed|[of] p2a: Hitmontop
|-heal|p2a: Hitmontop|87/100|[silent]
|upkeep
|turn|8
|
|t:|1760778604
|switch|p1a: Osten|Gyarados, M, shiny|88/100 par
|-damage|p1a: Osten|63/100 par|[from] Stealth Rock
|-ability|p1a: Osten|Intimidate|boost
|-unboost|p2a: Hitmontop|atk|1
|move|p2a: Hitmontop|Triple Axel|p1a: Osten
|-damage|p1a: Osten|55/100 par
|-damage|p1a: Osten|40/100 par
|-damage|p1a: Osten|18/100 par
|-hitcount|p1a: Osten|3
|
|-weather|Sandstorm|[upkeep]
|-damage|p2a: Hitmontop|80/100|[from] Sandstorm
|-damage|p1a: Osten|12/100 par|[from] Sandstorm
|-heal|p1a: Osten|18/100 par|[from] item: Leftovers
|upkeep
|turn|9
|
|t:|1760778619
|move|p2a: Hitmontop|Triple Axel|p1a: Osten
|-damage|p1a: Osten|10/100 par
|-damage|p1a: Osten|0 fnt
|faint|p1a: Osten
|-hitcount|p1: Osten|2
|
|-weather|Sandstorm|[upkeep]
|-damage|p2a: Hitmontop|74/100|[from] Sandstorm
|upkeep
|
|t:|1760778622
|switch|p1a: Emmett|Excadrill, M|100/100
|-damage|p1a: Emmett|97/100|[from] Stealth Rock
|-item|p1a: Emmett|Air Balloon
|turn|10
|
|t:|1760778634
|move|p2a: Hitmontop|Mach Punch|p1a: Emmett
|-supereffective|p1a: Emmett
|-damage|p1a: Emmett|49/100
|-enditem|p1a: Emmett|Air Balloon
|move|p1a: Emmett|Swords Dance|p1a: Emmett
|-boost|p1a: Emmett|atk|2
|
|-weather|Sandstorm|[upkeep]
|-damage|p2a: Hitmontop|68/100|[from] Sandstorm
|upkeep
|turn|11
|
|t:|1760778644
|move|p2a: Hitmontop|Mach Punch|p1a: Emmett
|-supereffective|p1a: Emmett
|-damage|p1a: Emmett|0 fnt
|faint|p1a: Emmett
|
|-weather|Sandstorm|[upkeep]
|-damage|p2a: Hitmontop|62/100|[from] Sandstorm
|upkeep
|
|t:|1760778648
|switch|p1a: Mangus|Garchomp, M, shiny|100/100
|-damage|p1a: Mangus|94/100|[from] Stealth Rock
|turn|12
|
|t:|1760778655
|-terastallize|p1a: Mangus|Ghost
|move|p1a: Mangus|Swords Dance|p1a: Mangus
|-boost|p1a: Mangus|atk|2
|move|p2a: Hitmontop|Triple Axel|p1a: Mangus
|-damage|p1a: Mangus|88/100
|-damage|p2a: Hitmontop|50/100|[from] ability: Rough Skin|[of] p1a: Mangus
|-damage|p2a: Hitmontop|33/100|[from] item: Rocky Helmet|[of] p1a: Mangus
|-damage|p1a: Mangus|75/100
|-damage|p2a: Hitmontop|21/100|[from] ability: Rough Skin|[of] p1a: Mangus
|-damage|p2a: Hitmontop|4/100|[from] item: Rocky Helmet|[of] p1a: Mangus
|-damage|p1a: Mangus|57/100
|-damage|p2a: Hitmontop|0 fnt|[from] ability: Rough Skin|[of] p1a: Mangus
|faint|p2a: Hitmontop
|-hitcount|p1a: Mangus|3
|
|-weather|none
|upkeep
|
|t:|1760778677
|switch|p2a: Kilowattrel|Kilowattrel, M, shiny|100/100
|turn|13
|
|t:|1760778682
|move|p2a: Kilowattrel|Thunderbolt|p1a: Mangus
|-damage|p1a: Mangus|0 fnt
|faint|p1a: Mangus
|
|upkeep
|
|t:|1760778687
|switch|p1a: Nasim|Gengar, M|100/100
|-damage|p1a: Nasim|88/100|[from] Stealth Rock
|turn|14
|
|t:|1760778691
|move|p2a: Kilowattrel|Thunderbolt|p1a: Nasim
|-damage|p1a: Nasim|0 fnt
|faint|p1a: Nasim
|
|upkeep
|
|t:|1760778694
|switch|p1a: Boden|Scizor, M, shiny|100/100
|-damage|p1a: Boden|88/100|[from] Stealth Rock
|turn|15
|
|t:|1760778699
|move|p2a: Kilowattrel|Thunderbolt|p1a: Boden
|-damage|p1a: Boden|8/100
|move|p1a: Boden|Swords Dance|p1a: Boden
|-boost|p1a: Boden|atk|2
|
|upkeep
|turn|16
|
|t:|1760778705
|move|p1a: Boden|Bullet Punch|p2a: Kilowattrel
|-resisted|p2a: Kilowattrel
|-damage|p2a: Kilowattrel|24/100
|move|p2a: Kilowattrel|Thunderbolt|p1a: Boden
|-damage|p1a: Boden|0 fnt
|faint|p1a: Boden
|
|upkeep
|
|t:|1760778708
|switch|p1a: Timothy|Tyranitar, M|64/100
|-damage|p1a: Timothy|51/100|[from] Stealth Rock
|-weather|Sandstorm|[from] ability: Sand Stream|[of] p1a: Timothy
|turn|17
|
|t:|1760778718
|move|p2a: Kilowattrel|Thunderbolt|p1a: Timothy
|-damage|p1a: Timothy|9/100
|move|p1a: Timothy|Rock Slide|p2a: Kilowattrel
|-supereffective|p2a: Kilowattrel
|-damage|p2a: Kilowattrel|0 fnt
|faint|p2a: Kilowattrel
|
|-weather|Sandstorm|[upkeep]
|upkeep
|
|t:|1760778730
|switch|p2a: Azumarill|Azumarill, F, shiny|100/100
|turn|18
|
|t:|1760778733
|move|p2a: Azumarill|Aqua Jet|p1a: Timothy
|-supereffective|p1a: Timothy
|-damage|p1a: Timothy|0 fnt
|faint|p1a: Timothy
|
|win|RK Earth 9000
|raw|Jinghan Yu's rating: 1187 &rarr; <strong>1160</strong><br />(-27 for losing)
|raw|RK Earth 9000's rating: 1154 &rarr; <strong>1181</strong><br />(+27 for winning)
|l|☆Jinghan Yu
|player|p1|
|l|☆RK Earth 9000
|player|p2|
