|j|☆thekingthegoat
|j|☆sorenn
|t:|1760737869
|gametype|singles
|player|p1|thekingthegoat|101|1507
|player|p2|sorenn|madame-gen4dp|1438
|gen|9
|tier|[Gen 9] OU
|rated|
|rule|HP Percentage Mod: HP is shown in percentages
|rule|Endless Battle Clause: Forcing endless battles is banned
|rule|Species Clause: Limit one of each Pokémon
|rule|OHKO Clause: OHKO moves are banned
|rule|Evasion Items Clause: Evasion items are banned
|rule|Evasion Moves Clause: Evasion moves are banned
|rule|Evasion Abilities Clause: Evasion abilities are banned
|rule|Sleep Moves Clause: Sleep-inducing moves are banned
|clearpoke
|poke|p1|Ribombee, F|
|poke|p1|Gholdengo|
|poke|p1|Great Tusk|
|poke|p1|Raging Bolt|
|poke|p1|Ogerpon-Cornerstone, F|
|poke|p1|Ceruledge, F|
|poke|p2|Meowscarada, M|
|poke|p2|Blissey, F|
|poke|p2|Cresselia, F|
|poke|p2|Maushold-Four|
|poke|p2|Quagsire, F|
|poke|p2|Dragapult, M|
|teampreview
|inactive|Battle timer is ON: inactive players will automatically lose when time's up. (requested by thekingthegoat)
|
|t:|1760737885
|teamsize|p1|6
|teamsize|p2|6
|start
|switch|p1a: GREAT NECK|Raging Bolt|100/100
|switch|p2a: U.N.I.T.E|Maushold-Four|100/100
|-enditem|p1a: GREAT NECK|Booster Energy
|-activate|p1a: GREAT NECK|ability: Protosynthesis|[fromitem]
|-start|p1a: GREAT NECK|protosynthesisspa
|turn|1
|
|t:|1760737891
|switch|p2a: Fat Ma|Blissey, F, shiny|100/100
|move|p1a: GREAT NECK|Dragon Pulse|p2a: Fat Ma
|-damage|p2a: Fat Ma|77/100
|
|upkeep
|turn|2
|
|t:|1760737896
|move|p1a: GREAT NECK|Calm Mind|p1a: GREAT NECK
|-boost|p1a: GREAT NECK|spa|1
|-boost|p1a: GREAT NECK|spd|1
|move|p2a: Fat Ma|Trick|p1a: GREAT NECK
|-activate|p2a: Fat Ma|move: Trick|[of] p1a: GREAT NECK
|-item|p1a: GREAT NECK|Choice Band|[from] move: Trick
|-enditem|p2a: Fat Ma|Choice Band|[silent]|[from] move: Trick
|
|upkeep
|turn|3
|
|t:|1760737902
|move|p1a: GREAT NECK|Dragon Pulse|p2a: Fat Ma
|-damage|p2a: Fat Ma|39/100
|move|p2a: Fat Ma|Soft-Boiled|p2a: Fat Ma
|-heal|p2a: Fat Ma|89/100
|
|upkeep
|turn|4
|
|t:|1760737907
|move|p1a: GREAT NECK|Dragon Pulse|p2a: Fat Ma
|-crit|p2a: Fat Ma
|-damage|p2a: Fat Ma|35/100
|move|p2a: Fat Ma|Soft-Boiled|p2a: Fat Ma
|-heal|p2a: Fat Ma|85/100
|
|upkeep
|turn|5
|
|t:|1760737911
|move|p1a: GREAT NECK|Dragon Pulse|p2a: Fat Ma
|-damage|p2a: Fat Ma|45/100
|move|p2a: Fat Ma|Seismic Toss|p1a: GREAT NECK
|-damage|p1a: GREAT NECK|75/100
|
|upkeep
|turn|6
|
|t:|1760737913
|move|p1a: GREAT NECK|Dragon Pulse|p2a: Fat Ma
|-damage|p2a: Fat Ma|10/100
|move|p2a: Fat Ma|Soft-Boiled|p2a: Fat Ma
|-heal|p2a: Fat Ma|60/100
|
|upkeep
|turn|7
|
|t:|1760737916
|move|p1a: GREAT NECK|Dragon Pulse|p2a: Fat Ma
|-damage|p2a: Fat Ma|21/100
|move|p2a: Fat Ma|Soft-Boiled|p2a: Fat Ma
|-heal|p2a: Fat Ma|71/100
|
|upkeep
|turn|8
|
|t:|1760737918
|move|p1a: GREAT NECK|Dragon Pulse|p2a: Fat Ma
|-damage|p2a: Fat Ma|37/100
|move|p2a: Fat Ma|Seismic Toss|p1a: GREAT NECK
|-damage|p1a: GREAT NECK|49/100
|
|upkeep
|turn|9
|
|t:|1760737921
|move|p1a: GREAT NECK|Dragon Pulse|p2a: Fat Ma
|-damage|p2a: Fat Ma|0 fnt
|faint|p2a: Fat Ma
|
|upkeep
|
|t:|1760737925
|switch|p2a: U.N.I.T.E|Maushold-Four|100/100
|turn|10
|
|t:|1760737927
|move|p2a: U.N.I.T.E|Population Bomb|p1a: GREAT NECK
|-damage|p1a: GREAT NECK|39/100
|-damage|p1a: GREAT NECK|29/100
|-damage|p1a: GREAT NECK|18/100
|-damage|p1a: GREAT NECK|8/100
|-crit|p1a: GREAT NECK
|-damage|p1a: GREAT NECK|0 fnt
|faint|p1a: GREAT NECK
|-end|p1a: GREAT NECK|Protosynthesis|[silent]
|-hitcount|p1: GREAT NECK|5
|
|upkeep
|
|t:|1760737929
|switch|p1a: TORE UP|Ceruledge, F, shiny|100/100
|turn|11
|
|t:|1760737934
|switch|p2a: Maria Flores|Quagsire, F, shiny|100/100
|move|p1a: TORE UP|Close Combat|p2a: Maria Flores
|-damage|p2a: Maria Flores|68/100
|-unboost|p1a: TORE UP|def|1
|-unboost|p1a: TORE UP|spd|1
|
|-heal|p2a: Maria Flores|74/100|[from] item: Leftovers
|upkeep
|turn|12
|
|t:|1760737941
|switch|p1a: BANDIT|Great Tusk, shiny|100/100
|-enditem|p1a: BANDIT|Booster Energy
|-activate|p1a: BANDIT|ability: Protosynthesis|[fromitem]
|-start|p1a: BANDIT|protosynthesisatk
|move|p2a: Maria Flores|Toxic|p1a: BANDIT
|-status|p1a: BANDIT|tox
|
|-heal|p2a: Maria Flores|80/100|[from] item: Leftovers
|-damage|p1a: BANDIT|94/100 tox|[from] psn
|upkeep
|turn|13
|
|t:|1760737944
|switch|p2a: Pearline|Cresselia, F, shiny|100/100
|move|p1a: BANDIT|Headlong Rush|p2a: Pearline
|-immune|p2a: Pearline|[from] ability: Levitate
|
|-damage|p1a: BANDIT|82/100 tox|[from] psn
|upkeep
|turn|14
|
|t:|1760737948
|-end|p1a: BANDIT|Protosynthesis|[silent]
|switch|p1a: KRYPTONITE|Gholdengo, shiny|100/100
|-item|p1a: KRYPTONITE|Air Balloon
|move|p2a: Pearline|Reflect|p2a: Pearline
|-sidestart|p2: sorenn|Reflect
|
|upkeep
|turn|15
|
|t:|1760737952
|switch|p2a: ZayaVR|Meowscarada, M, shiny|100/100
|move|p1a: KRYPTONITE|Nasty Plot|p1a: KRYPTONITE
|-boost|p1a: KRYPTONITE|spa|2
|
|upkeep
|turn|16
|
|t:|1760737955
|-terastallize|p1a: KRYPTONITE|Fighting
|move|p2a: ZayaVR|Knock Off|p1a: KRYPTONITE
|-start|p2a: ZayaVR|typechange|Dark|[from] ability: Protean
|-resisted|p1a: KRYPTONITE
|-damage|p1a: KRYPTONITE|66/100
|-enditem|p1a: KRYPTONITE|Air Balloon
|move|p1a: KRYPTONITE|Focus Blast|p2a: ZayaVR
|-supereffective|p2a: ZayaVR
|-damage|p2a: ZayaVR|0 fnt
|faint|p2a: ZayaVR
|
|upkeep
|
|t:|1760737958
|switch|p2a: U.N.I.T.E|Maushold-Four|100/100
|turn|17
|
|t:|1760737961
|switch|p1a: TORE UP|Ceruledge, F, shiny|100/100
|move|p2a: U.N.I.T.E|Population Bomb|p1a: TORE UP
|-immune|p1a: TORE UP
|
|upkeep
|turn|18
|
|t:|1760737964
|switch|p2a: Maria Flores|Quagsire, F, shiny|80/100
|move|p1a: TORE UP|Close Combat|p2a: Maria Flores
|-damage|p2a: Maria Flores|64/100
|-unboost|p1a: TORE UP|def|1
|-unboost|p1a: TORE UP|spd|1
|
|-heal|p2a: Maria Flores|71/100|[from] item: Leftovers
|upkeep
|turn|19
|
|t:|1760737969
|switch|p1a: KRYPTONITE|Gholdengo, shiny, tera:Fighting|66/100
|switch|p2a: Pearline|Cresselia, F, shiny|100/100
|
|upkeep
|turn|20
|
|t:|1760737972
|move|p1a: KRYPTONITE|Nasty Plot|p1a: KRYPTONITE
|-boost|p1a: KRYPTONITE|spa|2
|move|p2a: Pearline|Psychic|p1a: KRYPTONITE
|-supereffective|p1a: KRYPTONITE
|-damage|p1a: KRYPTONITE|14/100
|-unboost|p1a: KRYPTONITE|spd|1
|
|upkeep
|turn|21
|
|t:|1760737974
|move|p1a: KRYPTONITE|Shadow Ball|p2a: Pearline
|-supereffective|p2a: Pearline
|-damage|p2a: Pearline|0 fnt
|faint|p2a: Pearline
|
|-sideend|p2: sorenn|Reflect
|upkeep
|
|t:|1760737978
|switch|p2a: U.N.I.T.E|Maushold-Four|100/100
|turn|22
|
|t:|1760737983
|switch|p1a: TORE UP|Ceruledge, F, shiny|100/100
|move|p2a: U.N.I.T.E|Bite|p1a: TORE UP
|-supereffective|p1a: TORE UP
|-damage|p1a: TORE UP|40/100
|-ability|p1a: TORE UP|Weak Armor|boost
|-unboost|p1a: TORE UP|def|1
|-boost|p1a: TORE UP|spe|2
|
|upkeep
|turn|23
|
|t:|1760737987
|switch|p2a: Maria Flores|Quagsire, F, shiny|71/100
|move|p1a: TORE UP|Close Combat|p2a: Maria Flores
|-damage|p2a: Maria Flores|41/100
|-unboost|p1a: TORE UP|def|1
|-unboost|p1a: TORE UP|spd|1
|
|-heal|p2a: Maria Flores|47/100|[from] item: Leftovers
|upkeep
|turn|24
|
|t:|1760737991
|switch|p1a: KRYPTONITE|Gholdengo, shiny, tera:Fighting|14/100
|move|p2a: Maria Flores|Recover|p2a: Maria Flores
|-heal|p2a: Maria Flores|97/100
|
|-heal|p2a: Maria Flores|100/100|[from] item: Leftovers
|upkeep
|turn|25
|
|t:|1760737994
|switch|p2a: U.N.I.T.E|Maushold-Four|100/100
|move|p1a: KRYPTONITE|Shadow Ball|p2a: U.N.I.T.E
|-immune|p2a: U.N.I.T.E
|
|upkeep
|turn|26
|
|t:|1760737997
|move|p2a: U.N.I.T.E|Bite|p1a: KRYPTONITE
|-resisted|p1a: KRYPTONITE
|-damage|p1a: KRYPTONITE|3/100
|move|p1a: KRYPTONITE|Focus Blast|p2a: U.N.I.T.E
|-supereffective|p2a: U.N.I.T.E
|-damage|p2a: U.N.I.T.E|0 fnt
|faint|p2a: U.N.I.T.E
|
|upkeep
|
|t:|1760738001
|switch|p2a: Spoooookkyyyy|Dragapult, M, shiny|100/100
|turn|27
|
|t:|1760738003
|move|p2a: Spoooookkyyyy|Shadow Ball|p1a: KRYPTONITE
|-damage|p1a: KRYPTONITE|0 fnt
|faint|p1a: KRYPTONITE
|
|upkeep
|
|t:|1760738005
|switch|p1a: BROTHER STONE|Ogerpon-Cornerstone, F|100/100
|turn|28
|
|t:|1760738009
|switch|p2a: Maria Flores|Quagsire, F, shiny|100/100
|move|p1a: BROTHER STONE|Ivy Cudgel|p2a: Maria Flores|[anim] Ivy Cudgel Rock
|-resisted|p2a: Maria Flores
|-damage|p2a: Maria Flores|79/100
|
|-heal|p2a: Maria Flores|85/100|[from] item: Leftovers
|upkeep
|turn|29
|
|t:|1760738013
|switch|p1a: BANDIT|Great Tusk, shiny|82/100 tox
|move|p2a: Maria Flores|Stockpile|p2a: Maria Flores
|-start|p2a: Maria Flores|stockpile1
|-boost|p2a: Maria Flores|def|1
|-boost|p2a: Maria Flores|spd|1
|
|-heal|p2a: Maria Flores|91/100|[from] item: Leftovers
|-damage|p1a: BANDIT|76/100 tox|[from] psn
|upkeep
|turn|30
|
|t:|1760738016
|move|p1a: BANDIT|Headlong Rush|p2a: Maria Flores
|-damage|p2a: Maria Flores|61/100
|-unboost|p1a: BANDIT|def|1
|-unboost|p1a: BANDIT|spd|1
|move|p2a: Maria Flores|Stockpile|p2a: Maria Flores
|-start|p2a: Maria Flores|stockpile2
|-boost|p2a: Maria Flores|def|1
|-boost|p2a: Maria Flores|spd|1
|
|-heal|p2a: Maria Flores|68/100|[from] item: Leftovers
|-damage|p1a: BANDIT|63/100 tox|[from] psn
|upkeep
|turn|31
|
|t:|1760738024
|-end|p1a: BANDIT|Protosynthesis|[silent]
|switch|p1a: NEW DROP|Ribombee, F, shiny|100/100
|move|p2a: Maria Flores|Stockpile|p2a: Maria Flores
|-start|p2a: Maria Flores|stockpile3
|-boost|p2a: Maria Flores|def|1
|-boost|p2a: Maria Flores|spd|1
|
|-heal|p2a: Maria Flores|74/100|[from] item: Leftovers
|upkeep
|turn|32
|
|t:|1760738030
|-terastallize|p2a: Maria Flores|Bug
|move|p1a: NEW DROP|Skill Swap|p2a: Maria Flores
|-activate|p1a: NEW DROP|move: Skill Swap|Unaware|Shield Dust|[of] p2a: Maria Flores
|move|p2a: Maria Flores|Toxic|p1a: NEW DROP
|-status|p1a: NEW DROP|tox
|
|-heal|p2a: Maria Flores|80/100|[from] item: Leftovers
|-damage|p1a: NEW DROP|94/100 tox|[from] psn
|upkeep
|turn|33
|
|t:|1760738036
|move|p1a: NEW DROP|Moonblast|p2a: Maria Flores
|-damage|p2a: Maria Flores|29/100
|move|p2a: Maria Flores|Recover|p2a: Maria Flores
|-heal|p2a: Maria Flores|79/100
|
|-heal|p2a: Maria Flores|85/100|[from] item: Leftovers
|-damage|p1a: NEW DROP|82/100 tox|[from] psn
|upkeep
|turn|34
|
|t:|1760738040
|move|p1a: NEW DROP|Moonblast|p2a: Maria Flores
|-damage|p2a: Maria Flores|39/100
|move|p2a: Maria Flores|Recover|p2a: Maria Flores
|-heal|p2a: Maria Flores|89/100
|
|-heal|p2a: Maria Flores|95/100|[from] item: Leftovers
|-damage|p1a: NEW DROP|64/100 tox|[from] psn
|upkeep
|turn|35
|
|t:|1760738043
|move|p1a: NEW DROP|Moonblast|p2a: Maria Flores
|-damage|p2a: Maria Flores|43/100
|move|p2a: Maria Flores|Recover|p2a: Maria Flores
|-heal|p2a: Maria Flores|93/100
|
|-heal|p2a: Maria Flores|99/100|[from] item: Leftovers
|-damage|p1a: NEW DROP|39/100 tox|[from] psn
|upkeep
|turn|36
|
|t:|1760738046
|move|p1a: NEW DROP|Moonblast|p2a: Maria Flores
|-damage|p2a: Maria Flores|54/100
|move|p2a: Maria Flores|Recover|p2a: Maria Flores
|-heal|p2a: Maria Flores|100/100
|
|-damage|p1a: NEW DROP|9/100 tox|[from] psn
|upkeep
|turn|37
|
|t:|1760738049
|move|p1a: NEW DROP|Moonblast|p2a: Maria Flores
|-crit|p2a: Maria Flores
|-damage|p2a: Maria Flores|27/100
|move|p2a: Maria Flores|Recover|p2a: Maria Flores
|-heal|p2a: Maria Flores|77/100
|
|-heal|p2a: Maria Flores|83/100|[from] item: Leftovers
|-damage|p1a: NEW DROP|0 fnt|[from] psn
|faint|p1a: NEW DROP
|upkeep
|
|t:|1760738052
|switch|p1a: TORE UP|Ceruledge, F, shiny|40/100
|turn|38
|
|t:|1760738054
|move|p1a: TORE UP|Bitter Blade|p2a: Maria Flores
|-supereffective|p2a: Maria Flores
|-damage|p2a: Maria Flores|57/100
|-heal|p1a: TORE UP|58/100|[from] drain|[of] p2a: Maria Flores
|move|p2a: Maria Flores|Earthquake|p1a: TORE UP
|-supereffective|p1a: TORE UP
|-damage|p1a: TORE UP|0 fnt
|faint|p1a: TORE UP
|
|-heal|p2a: Maria Flores|63/100|[from] item: Leftovers
|upkeep
|
|t:|1760738059
|switch|p1a: BROTHER STONE|Ogerpon-Cornerstone, F|100/100
|turn|39
|
|t:|1760738061
|move|p1a: BROTHER STONE|Ivy Cudgel|p2a: Maria Flores|[anim] Ivy Cudgel Rock
|-supereffective|p2a: Maria Flores
|-damage|p2a: Maria Flores|26/100
|move|p2a: Maria Flores|Toxic|p1a: BROTHER STONE
|-status|p1a: BROTHER STONE|tox
|
|-heal|p2a: Maria Flores|32/100|[from] item: Leftovers
|-damage|p1a: BROTHER STONE|95/100 tox|[from] psn
|upkeep
|turn|40
|
|t:|1760738064
|move|p1a: BROTHER STONE|Ivy Cudgel|p2a: Maria Flores|[anim] Ivy Cudgel Rock
|-supereffective|p2a: Maria Flores
|-damage|p2a: Maria Flores|0 fnt
|faint|p2a: Maria Flores
|
|-damage|p1a: BROTHER STONE|83/100 tox|[from] psn
|upkeep
|
|t:|1760738074
|switch|p2a: Spoooookkyyyy|Dragapult, M, shiny|100/100
|turn|41
|
|t:|1760738077
|move|p2a: Spoooookkyyyy|Hydro Pump|p1a: BROTHER STONE
|-damage|p1a: BROTHER STONE|28/100 tox
|move|p1a: BROTHER STONE|Ivy Cudgel|p2a: Spoooookkyyyy|[anim] Ivy Cudgel Rock
|-damage|p2a: Spoooookkyyyy|12/100
|
|-damage|p1a: BROTHER STONE|10/100 tox|[from] psn
|upkeep
|turn|42
|
|t:|1760738079
|move|p2a: Spoooookkyyyy|Hydro Pump|p1a: BROTHER STONE|[miss]
|-miss|p2a: Spoooookkyyyy|p1a: BROTHER STONE
|move|p1a: BROTHER STONE|Ivy Cudgel|p2a: Spoooookkyyyy|[anim] Ivy Cudgel Rock
|-damage|p2a: Spoooookkyyyy|0 fnt
|faint|p2a: Spoooookkyyyy
|
|win|thekingthegoat
|raw|thekingthegoat's rating: 1507 &rarr; <strong>1523</strong><br />(+16 for winning)
|raw|sorenn's rating: 1438 &rarr; <strong>1422</strong><br />(-16 for losing)
|l|☆thekingthegoat
|player|p1|
|l|☆sorenn
|player|p2|
