|j|☆dj istivi
|j|☆Joshi86
|t:|1760806332
|gametype|singles
|player|p1|dj istivi|dawn|
|player|p2|Joshi86|anabel-gen7|
|gen|9
|tier|[Gen 9] OU
|rule|HP Percentage Mod: HP is shown in percentages
|rule|Endless Battle Clause: Forcing endless battles is banned
|rule|Species Clause: Limit one of each Pokémon
|rule|OHKO Clause: OHKO moves are banned
|rule|Evasion Items Clause: Evasion items are banned
|rule|Evasion Moves Clause: Evasion moves are banned
|rule|Evasion Abilities Clause: Evasion abilities are banned
|rule|Sleep Moves Clause: Sleep-inducing moves are banned
|clearpoke
|poke|p1|Great Tusk|
|poke|p1|Kingambit, M|
|poke|p1|Dragapult, M|
|poke|p1|Iron Valiant|
|poke|p1|Gholdengo|
|poke|p1|Dragonite, F|
|poke|p2|Ogerpon-Wellspring, F|
|poke|p2|Garchomp, M|
|poke|p2|Lokix, M|
|poke|p2|Iron Moth|
|poke|p2|Dragonite, F|
|poke|p2|Kingambit, M|
|teampreview
|
|t:|1760806379
|teamsize|p1|6
|teamsize|p2|6
|start
|switch|p1a: Dragapult|Dragapult, M|100/100
|switch|p2a: Lokix|Lokix, M|100/100
|turn|1
|
|t:|1760806402
|-terastallize|p2a: Lokix|Bug
|move|p2a: Lokix|First Impression|p1a: Dragapult
|-resisted|p1a: Dragapult
|-damage|p1a: Dragapult|0 fnt
|faint|p1a: Dragapult
|
|upkeep
|
|t:|1760806417
|switch|p1a: Iron Valiant|Iron Valiant|100/100
|-enditem|p1a: Iron Valiant|Booster Energy
|-activate|p1a: Iron Valiant|ability: Quark Drive|[fromitem]
|-start|p1a: Iron Valiant|quarkdrivespe
|turn|2
|
|t:|1760806425
|switch|p2a: Iron Moth|Iron Moth|100/100
|move|p1a: Iron Valiant|Calm Mind|p1a: Iron Valiant
|-boost|p1a: Iron Valiant|spa|1
|-boost|p1a: Iron Valiant|spd|1
|
|upkeep
|turn|3
|
|t:|1760806432
|move|p1a: Iron Valiant|Psyshock|p2a: Iron Moth
|-supereffective|p2a: Iron Moth
|-damage|p2a: Iron Moth|0 fnt
|faint|p2a: Iron Moth
|-end|p2a: Iron Moth|Quark Drive|[silent]
|
|upkeep
|
|t:|1760806473
|switch|p2a: Ogerpon|Ogerpon-Wellspring, F|100/100
|turn|4
|
|t:|1760806480
|move|p1a: Iron Valiant|Focus Blast|p2a: Ogerpon
|-damage|p2a: Ogerpon|6/100
|move|p2a: Ogerpon|Ivy Cudgel|p1a: Iron Valiant|[anim] Ivy Cudgel Water
|-damage|p1a: Iron Valiant|30/100
|
|upkeep
|turn|5
|
|t:|1760806493
|switch|p2a: Lokix|Lokix, M, tera:Bug|100/100
|move|p1a: Iron Valiant|Moonblast|p2a: Lokix
|-damage|p2a: Lokix|0 fnt
|faint|p2a: Lokix
|
|upkeep
|
|t:|1760806511
|switch|p2a: Dragonite|Dragonite, F|100/100
|turn|6
|
|t:|1760806526
|move|p1a: Iron Valiant|Moonblast|p2a: Dragonite
|-supereffective|p2a: Dragonite
|-damage|p2a: Dragonite|54/100
|move|p2a: Dragonite|Earthquake|p1a: Iron Valiant
|-damage|p1a: Iron Valiant|0 fnt
|faint|p1a: Iron Valiant
|-end|p1a: Iron Valiant|Quark Drive|[silent]
|
|upkeep
|
|t:|1760806531
|switch|p1a: Great Tusk|Great Tusk|100/100
|turn|7
|
|t:|1760806541
|switch|p2a: Garchomp|Garchomp, M|100/100
|move|p1a: Great Tusk|Rapid Spin|p2a: Garchomp
|-damage|p2a: Garchomp|92/100
|-boost|p1a: Great Tusk|spe|1
|-damage|p1a: Great Tusk|88/100|[from] ability: Rough Skin|[of] p2a: Garchomp
|-damage|p1a: Great Tusk|71/100|[from] item: Rocky Helmet|[of] p2a: Garchomp
|
|upkeep
|turn|8
|
|t:|1760806575
|-end|p1a: Great Tusk|Protosynthesis|[silent]
|switch|p1a: Dragonite|Dragonite, F|100/100
|move|p2a: Garchomp|Spikes|p1a: Dragonite
|-sidestart|p1: dj istivi|Spikes
|
|upkeep
|turn|9
|
|t:|1760806582
|move|p1a: Dragonite|Ice Spinner|p2a: Garchomp
|-supereffective|p2a: Garchomp
|-damage|p2a: Garchomp|12/100
|-damage|p1a: Dragonite|88/100|[from] ability: Rough Skin|[of] p2a: Garchomp
|-damage|p1a: Dragonite|72/100|[from] item: Rocky Helmet|[of] p2a: Garchomp
|move|p2a: Garchomp|Dragon Tail|p1a: Dragonite
|-supereffective|p1a: Dragonite
|-damage|p1a: Dragonite|12/100
|drag|p1a: Great Tusk|Great Tusk|71/100
|
|upkeep
|turn|10
|
|t:|1760806602
|move|p1a: Great Tusk|Knock Off|p2a: Garchomp
|-damage|p2a: Garchomp|0 fnt
|-damage|p1a: Great Tusk|59/100|[from] ability: Rough Skin|[of] p2a: Garchomp
|-damage|p1a: Great Tusk|42/100|[from] item: Rocky Helmet|[of] p2a: Garchomp
|-enditem|p2a: Garchomp|Rocky Helmet|[from] move: Knock Off|[of] p1a: Great Tusk
|faint|p2a: Garchomp
|
|upkeep
|
|t:|1760806614
|switch|p2a: Dragonite|Dragonite, F|54/100
|turn|11
|
|t:|1760806624
|move|p1a: Great Tusk|Rapid Spin|p2a: Dragonite
|-damage|p2a: Dragonite|39/100
|-boost|p1a: Great Tusk|spe|1
|-sideend|p1: dj istivi|Spikes|[from] move: Rapid Spin|[of] p1a: Great Tusk
|move|p2a: Dragonite|Roost|p2a: Dragonite
|-heal|p2a: Dragonite|89/100
|-singleturn|p2a: Dragonite|move: Roost
|
|upkeep
|turn|12
|
|t:|1760806633
|move|p1a: Great Tusk|Knock Off|p2a: Dragonite
|-damage|p2a: Dragonite|64/100
|-enditem|p2a: Dragonite|Heavy-Duty Boots|[from] move: Knock Off|[of] p1a: Great Tusk
|move|p2a: Dragonite|Dragon Dance|p2a: Dragonite
|-boost|p2a: Dragonite|atk|1
|-boost|p2a: Dragonite|spe|1
|
|upkeep
|turn|13
|
|t:|1760806642
|move|p1a: Great Tusk|Close Combat|p2a: Dragonite
|-resisted|p2a: Dragonite
|-damage|p2a: Dragonite|41/100
|-unboost|p1a: Great Tusk|def|1
|-unboost|p1a: Great Tusk|spd|1
|move|p2a: Dragonite|Roost|p2a: Dragonite
|-heal|p2a: Dragonite|91/100
|-singleturn|p2a: Dragonite|move: Roost
|
|upkeep
|turn|14
|
|t:|1760806652
|move|p1a: Great Tusk|Close Combat|p2a: Dragonite
|-resisted|p2a: Dragonite
|-damage|p2a: Dragonite|65/100
|-unboost|p1a: Great Tusk|def|1
|-unboost|p1a: Great Tusk|spd|1
|move|p2a: Dragonite|Dragon Dance|p2a: Dragonite
|-boost|p2a: Dragonite|atk|1
|-boost|p2a: Dragonite|spe|1
|
|upkeep
|turn|15
|
|t:|1760806661
|-end|p1a: Great Tusk|Protosynthesis|[silent]
|switch|p1a: Gholdengo|Gholdengo|100/100
|-item|p1a: Gholdengo|Air Balloon
|move|p2a: Dragonite|Roost|p2a: Dragonite
|-heal|p2a: Dragonite|100/100
|-singleturn|p2a: Dragonite|move: Roost
|
|upkeep
|turn|16
|
|t:|1760806668
|switch|p2a: Kingambit|Kingambit, M|100/100
|-activate|p2a: Kingambit|ability: Supreme Overlord
|-start|p2a: Kingambit|fallen3|[silent]
|move|p1a: Gholdengo|Nasty Plot|p1a: Gholdengo
|-boost|p1a: Gholdengo|spa|2
|
|upkeep
|turn|17
|
|t:|1760806681
|switch|p1a: Great Tusk|Great Tusk|42/100
|move|p2a: Kingambit|Iron Head|p1a: Great Tusk
|-damage|p1a: Great Tusk|6/100
|
|upkeep
|turn|18
|
|t:|1760806688
|move|p2a: Kingambit|Sucker Punch|p1a: Great Tusk
|-resisted|p1a: Great Tusk
|-damage|p1a: Great Tusk|0 fnt
|faint|p1a: Great Tusk
|-end|p1a: Great Tusk|Protosynthesis|[silent]
|
|upkeep
|
|t:|1760806691
|switch|p1a: Dragonite|Dragonite, F|12/100
|turn|19
|
|t:|1760806698
|move|p1a: Dragonite|Earthquake|p2a: Kingambit
|-supereffective|p2a: Kingambit
|-damage|p2a: Kingambit|43/100
|move|p2a: Kingambit|Kowtow Cleave|p1a: Dragonite
|-damage|p1a: Dragonite|0 fnt
|faint|p1a: Dragonite
|
|-heal|p2a: Kingambit|49/100|[from] item: Leftovers
|upkeep
|
|t:|1760806702
|switch|p1a: Kingambit|Kingambit, M|100/100
|-activate|p1a: Kingambit|ability: Supreme Overlord
|-start|p1a: Kingambit|fallen4|[silent]
|turn|20
|
|t:|1760806708
|move|p2a: Kingambit|Iron Head|p1a: Kingambit
|-resisted|p1a: Kingambit
|-damage|p1a: Kingambit|77/100
|move|p1a: Kingambit|Swords Dance|p1a: Kingambit
|-boost|p1a: Kingambit|atk|2
|
|-heal|p2a: Kingambit|56/100|[from] item: Leftovers
|-heal|p1a: Kingambit|84/100|[from] item: Leftovers
|upkeep
|turn|21
|
|t:|1760806723
|move|p2a: Kingambit|Iron Head|p1a: Kingambit
|-resisted|p1a: Kingambit
|-damage|p1a: Kingambit|60/100
|cant|p1a: Kingambit|flinch
|
|-heal|p2a: Kingambit|62/100|[from] item: Leftovers
|-heal|p1a: Kingambit|66/100|[from] item: Leftovers
|upkeep
|turn|22
|
|t:|1760806733
|move|p2a: Kingambit|Iron Head|p1a: Kingambit
|-resisted|p1a: Kingambit
|-damage|p1a: Kingambit|45/100
|move|p1a: Kingambit|Swords Dance|p1a: Kingambit
|-boost|p1a: Kingambit|atk|2
|
|-heal|p2a: Kingambit|68/100|[from] item: Leftovers
|-heal|p1a: Kingambit|51/100|[from] item: Leftovers
|upkeep
|turn|23
|
|t:|1760806739
|move|p1a: Kingambit|Sucker Punch|p2a: Kingambit
|-resisted|p2a: Kingambit
|-damage|p2a: Kingambit|0 fnt
|faint|p2a: Kingambit
|-end|p2a: Kingambit|fallen3|[silent]
|
|-heal|p1a: Kingambit|57/100|[from] item: Leftovers
|upkeep
|
|t:|1760806761
|switch|p2a: Dragonite|Dragonite, F|100/100
|turn|24
|
|t:|1760806770
|-terastallize|p1a: Kingambit|Flying
|move|p2a: Dragonite|Earthquake|p1a: Kingambit
|-immune|p1a: Kingambit
|move|p1a: Kingambit|Kowtow Cleave|p2a: Dragonite
|-damage|p2a: Dragonite|10/100
|
|-heal|p1a: Kingambit|63/100|[from] item: Leftovers
|upkeep
|turn|25
|
|t:|1760806778
|move|p2a: Dragonite|Roost|p2a: Dragonite
|-heal|p2a: Dragonite|60/100
|-singleturn|p2a: Dragonite|move: Roost
|move|p1a: Kingambit|Kowtow Cleave|p2a: Dragonite
|-damage|p2a: Dragonite|0 fnt
|faint|p2a: Dragonite
|
|-heal|p1a: Kingambit|70/100|[from] item: Leftovers
|upkeep
|
|t:|1760806781
|switch|p2a: Ogerpon|Ogerpon-Wellspring, F|6/100
|turn|26
|
|t:|1760806790
|move|p2a: Ogerpon|Ivy Cudgel|p1a: Kingambit|[anim] Ivy Cudgel Water
|-damage|p1a: Kingambit|30/100
|move|p1a: Kingambit|Iron Head|p2a: Ogerpon
|-resisted|p2a: Ogerpon
|-damage|p2a: Ogerpon|0 fnt
|faint|p2a: Ogerpon
|
|win|dj istivi
|c|☆Joshi86|gg
