|j|☆WLRd7134
|j|☆conerytv
|t:|1760820751
|gametype|singles
|player|p1|WLRd7134|riley|1080
|player|p2|conerytv|dragontamer|1105
|gen|9
|tier|[Gen 9] OU
|rated|
|rule|HP Percentage Mod: HP is shown in percentages
|rule|Endless Battle Clause: Forcing endless battles is banned
|rule|Species Clause: Limit one of each Pokémon
|rule|OHKO Clause: OHKO moves are banned
|rule|Evasion Items Clause: Evasion items are banned
|rule|Evasion Moves Clause: Evasion moves are banned
|rule|Evasion Abilities Clause: Evasion abilities are banned
|rule|Sleep Moves Clause: Sleep-inducing moves are banned
|clearpoke
|poke|p1|Dragonite, F|
|poke|p1|Gliscor, M|
|poke|p1|Armarouge, M|
|poke|p1|Gallade, M|
|poke|p1|Gastrodon, F|
|poke|p1|Galvantula, F|
|poke|p2|Serperior, M|
|poke|p2|Dragapult, F|
|poke|p2|Grimmsnarl, M|
|poke|p2|Iron Treads|
|poke|p2|Tornadus-Therian, M|
|poke|p2|Darkrai|
|teampreview
|inactive|Battle timer is ON: inactive players will automatically lose when time's up. (requested by conerytv)
|inactive|conerytv has 120 seconds left.
|
|t:|1760820782
|teamsize|p1|6
|teamsize|p2|6
|start
|switch|p1a: Galvantula|Galvantula, F|100/100
|switch|p2a: Serperior|Serperior, M, shiny|100/100
|turn|1
|
|t:|1760820791
|move|p2a: Serperior|Glare|p1a: Galvantula
|-immune|p1a: Galvantula
|move|p1a: Galvantula|Sticky Web|p2a: Serperior
|-sidestart|p2: conerytv|move: Sticky Web
|
|upkeep
|turn|2
|
|t:|1760820800
|move|p2a: Serperior|Leech Seed|p1a: Galvantula
|-start|p1a: Galvantula|move: Leech Seed
|move|p1a: Galvantula|Thunder|p2a: Serperior
|-resisted|p2a: Serperior
|-damage|p2a: Serperior|77/100
|
|-heal|p2a: Serperior|84/100|[from] item: Leftovers
|-damage|p1a: Galvantula|88/100|[from] Leech Seed|[of] p2a: Serperior
|-heal|p2a: Serperior|93/100|[silent]
|upkeep
|turn|3
|
|t:|1760820810
|move|p2a: Serperior|Leaf Storm|p1a: Galvantula
|-resisted|p1a: Galvantula
|-damage|p1a: Galvantula|55/100
|-boost|p2a: Serperior|spa|2
|move|p1a: Galvantula|Bug Buzz|p2a: Serperior
|-supereffective|p2a: Serperior
|-damage|p2a: Serperior|16/100
|
|-heal|p2a: Serperior|23/100|[from] item: Leftovers
|-damage|p1a: Galvantula|42/100|[from] Leech Seed|[of] p2a: Serperior
|-heal|p2a: Serperior|33/100|[silent]
|upkeep
|turn|4
|
|t:|1760820822
|move|p2a: Serperior|Leaf Storm|p1a: Galvantula
|-resisted|p1a: Galvantula
|-damage|p1a: Galvantula|0 fnt
|-boost|p2a: Serperior|spa|2
|faint|p1a: Galvantula
|
|-heal|p2a: Serperior|39/100|[from] item: Leftovers
|upkeep
|
|t:|1760820832
|switch|p1a: Armarouge|Armarouge, M|100/100
|turn|5
|
|t:|1760820836
|move|p2a: Serperior|Glare|p1a: Armarouge
|-status|p1a: Armarouge|par
|cant|p1a: Armarouge|par
|
|-heal|p2a: Serperior|45/100|[from] item: Leftovers
|upkeep
|turn|6
|
|t:|1760820843
|move|p2a: Serperior|Leech Seed|p1a: Armarouge|[miss]
|-miss|p2a: Serperior|p1a: Armarouge
|cant|p1a: Armarouge|par
|
|-heal|p2a: Serperior|51/100|[from] item: Leftovers
|upkeep
|turn|7
|
|t:|1760820858
|-terastallize|p2a: Serperior|Fire
|move|p2a: Serperior|Leech Seed|p1a: Armarouge
|-start|p1a: Armarouge|move: Leech Seed
|cant|p1a: Armarouge|par
|
|-heal|p2a: Serperior|57/100|[from] item: Leftovers
|-damage|p1a: Armarouge|88/100 par|[from] Leech Seed|[of] p2a: Serperior
|-heal|p2a: Serperior|70/100|[silent]
|upkeep
|turn|8
|
|t:|1760820868
|move|p2a: Serperior|Leaf Storm|p1a: Armarouge
|-resisted|p1a: Armarouge
|-damage|p1a: Armarouge|27/100 par
|-boost|p2a: Serperior|spa|2
|move|p1a: Armarouge|Psyshock|p2a: Serperior
|-damage|p2a: Serperior|24/100
|
|-heal|p2a: Serperior|30/100|[from] item: Leftovers
|-damage|p1a: Armarouge|15/100 par|[from] Leech Seed|[of] p2a: Serperior
|-heal|p2a: Serperior|43/100|[silent]
|upkeep
|turn|9
|
|t:|1760820879
|move|p2a: Serperior|Leaf Storm|p1a: Armarouge
|-resisted|p1a: Armarouge
|-damage|p1a: Armarouge|0 fnt
|faint|p1a: Armarouge
|
|-heal|p2a: Serperior|49/100|[from] item: Leftovers
|upkeep
|
|t:|1760820885
|switch|p1a: Dragonite|Dragonite, F|100/100
|turn|10
|
|t:|1760820890
|move|p2a: Serperior|Glare|p1a: Dragonite
|-status|p1a: Dragonite|par
|move|p1a: Dragonite|Earthquake|p2a: Serperior
|-supereffective|p2a: Serperior
|-damage|p2a: Serperior|0 fnt
|faint|p2a: Serperior
|
|upkeep
|
|t:|1760820894
|switch|p2a: Dragapult|Dragapult, F|100/100
|-activate|p2a: Dragapult|move: Sticky Web
|-unboost|p2a: Dragapult|spe|1
|turn|11
|
|t:|1760820900
|move|p2a: Dragapult|Hex|p1a: Dragonite
|-damage|p1a: Dragonite|52/100 par
|move|p1a: Dragonite|Ice Spinner|p2a: Dragapult
|-supereffective|p2a: Dragapult
|-damage|p2a: Dragapult|10/100
|
|upkeep
|turn|12
|
|t:|1760820906
|move|p2a: Dragapult|Hex|p1a: Dragonite
|-damage|p1a: Dragonite|0 fnt
|faint|p1a: Dragonite
|
|upkeep
|
|t:|1760820912
|switch|p1a: Gastrodon|Gastrodon, F|100/100
|turn|13
|
|t:|1760820918
|switch|p2a: Tornadus|Tornadus-Therian, M|100/100
|move|p1a: Gastrodon|Ice Beam|p2a: Tornadus
|-supereffective|p2a: Tornadus
|-damage|p2a: Tornadus|53/100
|
|upkeep
|turn|14
|
|t:|1760820928
|move|p2a: Tornadus|U-turn|p1a: Gastrodon
|-damage|p1a: Gastrodon|85/100
|-damage|p2a: Tornadus|37/100|[from] item: Rocky Helmet|[of] p1a: Gastrodon
|
|t:|1760820929
|switch|p2a: Iron Treads|Iron Treads|100/100|[from] U-turn
|-activate|p2a: Iron Treads|move: Sticky Web
|-unboost|p2a: Iron Treads|spe|1
|-enditem|p2a: Iron Treads|Booster Energy
|-activate|p2a: Iron Treads|ability: Quark Drive|[fromitem]
|-start|p2a: Iron Treads|quarkdriveatk
|move|p1a: Gastrodon|Ice Beam|p2a: Iron Treads
|-damage|p2a: Iron Treads|75/100
|
|upkeep
|turn|15
|
|t:|1760820946
|move|p2a: Iron Treads|Rapid Spin|p1a: Gastrodon
|-damage|p1a: Gastrodon|63/100
|-boost|p2a: Iron Treads|spe|1
|-damage|p2a: Iron Treads|58/100|[from] item: Rocky Helmet|[of] p1a: Gastrodon
|-sideend|p2: conerytv|Sticky Web|[from] move: Rapid Spin|[of] p2a: Iron Treads
|move|p1a: Gastrodon|Ice Beam|p2a: Iron Treads
|-damage|p2a: Iron Treads|29/100
|
|upkeep
|turn|16
|
|t:|1760820956
|move|p2a: Iron Treads|Stealth Rock|p1a: Gastrodon
|-sidestart|p1: WLRd7134|move: Stealth Rock
|move|p1a: Gastrodon|Ice Beam|p2a: Iron Treads
|-damage|p2a: Iron Treads|0 fnt
|faint|p2a: Iron Treads
|-end|p2a: Iron Treads|Quark Drive|[silent]
|
|upkeep
|
|t:|1760820960
|switch|p2a: Grimmsnarl|Grimmsnarl, M|100/100
|turn|17
|
|t:|1760820966
|move|p2a: Grimmsnarl|Fake Out|p1a: Gastrodon
|-damage|p1a: Gastrodon|46/100
|-damage|p2a: Grimmsnarl|84/100|[from] item: Rocky Helmet|[of] p1a: Gastrodon
|cant|p1a: Gastrodon|flinch
|
|upkeep
|turn|18
|
|t:|1760820972
|move|p2a: Grimmsnarl|Parting Shot|p1a: Gastrodon
|-unboost|p1a: Gastrodon|atk|1
|-unboost|p1a: Gastrodon|spa|1
|
|t:|1760820975
|switch|p2a: Darkrai|Darkrai|100/100|[from] Parting Shot
|move|p1a: Gastrodon|Earthquake|p2a: Darkrai
|-damage|p2a: Darkrai|76/100
|
|upkeep
|turn|19
|
|t:|1760820988
|switch|p1a: Gallade|Gallade, M|100/100
|-damage|p1a: Gallade|94/100|[from] Stealth Rock
|move|p2a: Darkrai|Dark Pulse|p1a: Gallade
|-damage|p1a: Gallade|45/100
|
|upkeep
|turn|20
|
|t:|1760820996
|move|p2a: Darkrai|Dark Pulse|p1a: Gallade
|-damage|p1a: Gallade|0 fnt
|faint|p1a: Gallade
|
|upkeep
|
|t:|1760821001
|switch|p1a: Gliscor|Gliscor, M|100/100
|-damage|p1a: Gliscor|88/100|[from] Stealth Rock
|turn|21
|
|t:|1760821005
|move|p1a: Gliscor|Protect|p1a: Gliscor
|-singleturn|p1a: Gliscor|Protect
|move|p2a: Darkrai|Dark Pulse|p1a: Gliscor
|-activate|p1a: Gliscor|move: Protect
|
|-status|p1a: Gliscor|tox|[from] item: Toxic Orb
|upkeep
|turn|22
|
|t:|1760821013
|move|p2a: Darkrai|Dark Pulse|p1a: Gliscor
|-damage|p1a: Gliscor|22/100 tox
|move|p1a: Gliscor|Facade|p2a: Darkrai
|-damage|p2a: Darkrai|20/100
|
|-heal|p1a: Gliscor|35/100 tox|[from] ability: Poison Heal
|upkeep
|turn|23
|
|t:|1760821021
|move|p1a: Gliscor|Protect|p1a: Gliscor
|-singleturn|p1a: Gliscor|Protect
|move|p2a: Darkrai|Dark Pulse|p1a: Gliscor
|-activate|p1a: Gliscor|move: Protect
|
|-heal|p1a: Gliscor|47/100 tox|[from] ability: Poison Heal
|upkeep
|turn|24
|
|t:|1760821029
|move|p2a: Darkrai|Dark Pulse|p1a: Gliscor
|-damage|p1a: Gliscor|0 fnt
|faint|p1a: Gliscor
|
|upkeep
|
|t:|1760821033
|switch|p1a: Gastrodon|Gastrodon, F|46/100
|-damage|p1a: Gastrodon|40/100|[from] Stealth Rock
|turn|25
|l|☆conerytv
|inactive|conerytv disconnected and has a minute to reconnect!
|player|p2|
|inactive|conerytv has 30 seconds to reconnect!
|inactive|conerytv has 20 seconds to reconnect!
|inactive|conerytv has 15 seconds to reconnect!
|inactive|conerytv has 10 seconds to reconnect!
|inactive|conerytv has 5 seconds to reconnect!
|-message|conerytv lost due to inactivity.
|
|win|WLRd7134
|raw|WLRd7134's rating: 1080 &rarr; <strong>1110</strong><br />(+30 for winning)
|raw|conerytv's rating: 1105 &rarr; <strong>1078</strong><br />(-27 for losing)
|l|☆WLRd7134
|player|p1|
