|j|☆aeryaria
|j|☆Arcane Brain
|t:|1760731333
|gametype|singles
|player|p1|aeryaria|iris-gen5bw2|1276
|player|p2|Arcane Brain|1|1259
|gen|9
|tier|[Gen 9] OU
|rated|
|rule|HP Percentage Mod: HP is shown in percentages
|rule|Endless Battle Clause: Forcing endless battles is banned
|rule|Species Clause: Limit one of each Pokémon
|rule|OHKO Clause: OHKO moves are banned
|rule|Evasion Items Clause: Evasion items are banned
|rule|Evasion Moves Clause: Evasion moves are banned
|rule|Evasion Abilities Clause: Evasion abilities are banned
|rule|Sleep Moves Clause: Sleep-inducing moves are banned
|clearpoke
|poke|p1|Dondozo, M|
|poke|p1|Blissey, F|
|poke|p1|Corviknight, F|
|poke|p1|Weezing-Galar, F|
|poke|p1|Gliscor, F|
|poke|p1|Toxapex, F|
|poke|p2|Delphox, F|
|poke|p2|Indeedee, M|
|poke|p2|Hatterene, F|
|poke|p2|Cinderace, F|
|poke|p2|Hawlucha, M|
|poke|p2|Walking Wake|
|teampreview
|
|t:|1760731346
|teamsize|p1|6
|teamsize|p2|6
|start
|switch|p1a: Gliscor|Gliscor, F|100/100
|switch|p2a: Hatterene|Hatterene, F, shiny|100/100
|turn|1
|
|t:|1760731353
|move|p1a: Gliscor|Protect|p1a: Gliscor
|-singleturn|p1a: Gliscor|Protect
|move|p2a: Hatterene|Psychic Noise|p1a: Gliscor
|-activate|p1a: Gliscor|move: Protect
|
|-status|p1a: Gliscor|tox|[from] item: Toxic Orb
|upkeep
|turn|2
|
|t:|1760731373
|move|p1a: Gliscor|Knock Off|p2a: Hatterene
|-damage|p2a: Hatterene|82/100
|-enditem|p2a: Hatterene|Eject Button|[from] move: Knock Off|[of] p1a: Gliscor
|move|p2a: Hatterene|Nuzzle|p1a: Gliscor
|-immune|p1a: Gliscor
|
|upkeep
|turn|3
|
|t:|1760731379
|move|p1a: Gliscor|Earthquake|p2a: Hatterene
|-damage|p2a: Hatterene|56/100
|move|p2a: Hatterene|Psychic Noise|p1a: Gliscor
|-damage|p1a: Gliscor|71/100 tox
|-start|p1a: Gliscor|move: Heal Block
|
|upkeep
|turn|4
|
|t:|1760731403
|switch|p2a: Walking Wake|Walking Wake|100/100
|move|p1a: Gliscor|Earthquake|p2a: Walking Wake
|-damage|p2a: Walking Wake|66/100
|
|-end|p1a: Gliscor|move: Heal Block
|upkeep
|turn|5
|inactive|Battle timer is ON: inactive players will automatically lose when time's up. (requested by aeryaria)
|
|t:|1760731417
|move|p1a: Gliscor|Protect|p1a: Gliscor
|-singleturn|p1a: Gliscor|Protect
|move|p2a: Walking Wake|Knock Off|p1a: Gliscor
|-activate|p1a: Gliscor|move: Protect
|
|-heal|p1a: Gliscor|84/100 tox|[from] ability: Poison Heal
|upkeep
|turn|6
|
|t:|1760731432
|move|p2a: Walking Wake|Flip Turn|p1a: Gliscor
|-supereffective|p1a: Gliscor
|-damage|p1a: Gliscor|59/100 tox
|
|t:|1760731435
|-end|p2a: Walking Wake|Protosynthesis|[silent]
|switch|p2a: Hatterene|Hatterene, F, shiny|56/100|[from] Flip Turn
|move|p1a: Gliscor|Spikes|p2a: Hatterene
|move|p2a: Hatterene|Spikes|p1a: Gliscor|[from] ability: Magic Bounce
|-sidestart|p1: aeryaria|Spikes
|
|-heal|p1a: Gliscor|72/100 tox|[from] ability: Poison Heal
|upkeep
|turn|7
|
|t:|1760731444
|move|p1a: Gliscor|Protect|p1a: Gliscor
|-singleturn|p1a: Gliscor|Protect
|move|p2a: Hatterene|Psychic Noise|p1a: Gliscor
|-activate|p1a: Gliscor|move: Protect
|
|-heal|p1a: Gliscor|84/100 tox|[from] ability: Poison Heal
|upkeep
|turn|8
|
|t:|1760731451
|move|p1a: Gliscor|Earthquake|p2a: Hatterene
|-damage|p2a: Hatterene|29/100
|move|p2a: Hatterene|Psychic Noise|p1a: Gliscor
|-damage|p1a: Gliscor|56/100 tox
|-start|p1a: Gliscor|move: Heal Block
|
|upkeep
|turn|9
|
|t:|1760731460
|switch|p2a: Walking Wake|Walking Wake|66/100
|move|p1a: Gliscor|Earthquake|p2a: Walking Wake
|-damage|p2a: Walking Wake|31/100
|
|-end|p1a: Gliscor|move: Heal Block
|upkeep
|turn|10
|
|t:|1760731468
|move|p1a: Gliscor|Protect|p1a: Gliscor
|-singleturn|p1a: Gliscor|Protect
|move|p2a: Walking Wake|Surf|p1a: Gliscor
|-activate|p1a: Gliscor|move: Protect
|
|-heal|p1a: Gliscor|68/100 tox|[from] ability: Poison Heal
|upkeep
|turn|11
|
|t:|1760731488
|switch|p1a: Toxapex|Toxapex, F|100/100
|-damage|p1a: Toxapex|88/100|[from] Spikes
|move|p2a: Walking Wake|Knock Off|p1a: Toxapex
|-damage|p1a: Toxapex|75/100
|-enditem|p1a: Toxapex|Leftovers|[from] move: Knock Off|[of] p2a: Walking Wake
|
|upkeep
|turn|12
|
|t:|1760731500
|-end|p2a: Walking Wake|Protosynthesis|[silent]
|switch|p2a: Hatterene|Hatterene, F, shiny|29/100
|move|p1a: Toxapex|Toxic|p2a: Hatterene
|move|p2a: Hatterene|Toxic|p1a: Toxapex|[from] ability: Magic Bounce
|-immune|p1a: Toxapex
|
|upkeep
|turn|13
|
|t:|1760731512
|switch|p1a: Corviknight|Corviknight, F|100/100
|-ability|p1a: Corviknight|Pressure
|move|p2a: Hatterene|Psychic Noise|p1a: Corviknight
|-resisted|p1a: Corviknight
|-damage|p1a: Corviknight|85/100
|-start|p1a: Corviknight|move: Heal Block
|
|upkeep
|turn|14
|
|t:|1760731517
|move|p1a: Corviknight|Defog|p2a: Hatterene
|move|p2a: Hatterene|Defog|p1a: Corviknight|[from] ability: Magic Bounce
|-unboost|p1a: Corviknight|evasion|1
|-sideend|p1: aeryaria|Spikes|[from] move: Defog|[of] p2a: Hatterene
|move|p2a: Hatterene|Nuzzle|p1a: Corviknight
|-supereffective|p1a: Corviknight
|-damage|p1a: Corviknight|80/100
|-status|p1a: Corviknight|par
|
|-end|p1a: Corviknight|move: Heal Block
|upkeep
|turn|15
|
|t:|1760731525
|switch|p2a: Indeedee|Indeedee, M, shiny|100/100
|-fieldstart|move: Psychic Terrain|[from] ability: Psychic Surge|[of] p2a: Indeedee
|switch|p1a: Blissey|Blissey, F|100/100
|
|upkeep
|turn|16
|
|t:|1760731532
|switch|p2a: Hatterene|Hatterene, F, shiny|29/100
|move|p1a: Blissey|Stealth Rock|p2a: Hatterene
|move|p2a: Hatterene|Stealth Rock|p1a: Blissey|[from] ability: Magic Bounce
|-sidestart|p1: aeryaria|move: Stealth Rock
|
|upkeep
|turn|17
|
|t:|1760731540
|move|p1a: Blissey|Seismic Toss|p2a: Hatterene
|-damage|p2a: Hatterene|0 fnt
|faint|p2a: Hatterene
|
|upkeep
|
|t:|1760731544
|switch|p2a: Hawlucha|Hawlucha, M, shiny|100/100
|-enditem|p2a: Hawlucha|Psychic Seed
|-boost|p2a: Hawlucha|spd|1|[from] item: Psychic Seed
|turn|18
|
|t:|1760731559
|switch|p2a: Delphox|Delphox, F, shiny|100/100
|switch|p1a: Weezing|Weezing-Galar, F|100/100
|-ability|p1a: Weezing|Neutralizing Gas
|
|upkeep
|turn|19
|
|t:|1760731569
|move|p2a: Delphox|Psychic Noise|p1a: Weezing
|-supereffective|p1a: Weezing
|-damage|p1a: Weezing|0 fnt
|faint|p1a: Weezing
|-end|p1a: Weezing|ability: Neutralizing Gas
|-enditem|p2a: Delphox|Throat Spray
|-boost|p2a: Delphox|spa|1|[from] item: Throat Spray
|
|upkeep
|
|t:|1760731589
|switch|p1a: Blissey|Blissey, F|100/100
|-damage|p1a: Blissey|88/100|[from] Stealth Rock
|turn|20
|
|t:|1760731604
|move|p2a: Delphox|Focus Blast|p1a: Blissey
|-supereffective|p1a: Blissey
|-damage|p1a: Blissey|52/100
|-item|p2a: Delphox|Leftovers|[from] ability: Magician|[of] p1a: Blissey
|move|p1a: Blissey|Seismic Toss|p2a: Delphox
|-damage|p2a: Delphox|66/100
|
|-heal|p2a: Delphox|72/100|[from] item: Leftovers
|upkeep
|turn|21
|
|t:|1760731620
|-terastallize|p2a: Delphox|Fighting
|move|p2a: Delphox|Focus Blast|p1a: Blissey
|-supereffective|p1a: Blissey
|-damage|p1a: Blissey|0 fnt
|faint|p1a: Blissey
|
|-heal|p2a: Delphox|79/100|[from] item: Leftovers
|upkeep
|
|t:|1760731628
|switch|p1a: Gliscor|Gliscor, F|68/100 tox
|-damage|p1a: Gliscor|56/100 tox|[from] Stealth Rock
|turn|22
|
|t:|1760731640
|move|p2a: Delphox|Psychic Noise|p1a: Gliscor
|-damage|p1a: Gliscor|0 fnt
|faint|p1a: Gliscor
|
|-heal|p2a: Delphox|85/100|[from] item: Leftovers
|-fieldend|move: Psychic Terrain
|upkeep
|-message|aeryaria forfeited.
|
|win|Arcane Brain
|raw|aeryaria's rating: 1276 &rarr; <strong>1250</strong><br />(-26 for losing)
|raw|Arcane Brain's rating: 1259 &rarr; <strong>1285</strong><br />(+26 for winning)
|l|☆Arcane Brain
|player|p2|
