|j|☆Chief_Ironside
|j|☆kfp4
|t:|1760760657
|gametype|singles
|player|p1|Chief_Ironside|crasherwake|1383
|player|p2|kfp4|2|1291
|gen|9
|tier|[Gen 9] OU
|rated|
|rule|HP Percentage Mod: HP is shown in percentages
|rule|Endless Battle Clause: Forcing endless battles is banned
|rule|Species Clause: Limit one of each Pokémon
|rule|OHKO Clause: OHKO moves are banned
|rule|Evasion Items Clause: Evasion items are banned
|rule|Evasion Moves Clause: Evasion moves are banned
|rule|Evasion Abilities Clause: Evasion abilities are banned
|rule|Sleep Moves Clause: Sleep-inducing moves are banned
|clearpoke
|poke|p1|Breloom, F|
|poke|p1|Infernape, F|
|poke|p1|Mandibuzz, F|
|poke|p1|Heatran, F|
|poke|p1|Araquanid, M|
|poke|p1|Latias, F|
|poke|p2|Kingambit, F|
|poke|p2|Cinderace, F|
|poke|p2|Landorus-Therian, M|
|poke|p2|Iron Valiant|
|poke|p2|Kyurem|
|poke|p2|Slowking-Galar, M|
|teampreview
|inactive|Battle timer is ON: inactive players will automatically lose when time's up. (requested by Chief_Ironside)
|
|t:|1760760669
|teamsize|p1|6
|teamsize|p2|6
|start
|switch|p1a: Araquanid|Araquanid, M|100/100
|switch|p2a: Mr. Freeze|Kyurem, shiny|100/100
|-ability|p2a: Mr. Freeze|Pressure
|turn|1
|
|t:|1760760672
|move|p2a: Mr. Freeze|Substitute|p2a: Mr. Freeze
|-start|p2a: Mr. Freeze|Substitute
|-damage|p2a: Mr. Freeze|76/100
|move|p1a: Araquanid|Sticky Web|p2a: Mr. Freeze
|-sidestart|p2: kfp4|move: Sticky Web
|
|-heal|p2a: Mr. Freeze|82/100|[from] item: Leftovers
|upkeep
|turn|2
|
|t:|1760760681
|switch|p1a: Mandibuzz|Mandibuzz, F|100/100
|move|p2a: Mr. Freeze|Freeze-Dry|p1a: Mandibuzz
|-supereffective|p1a: Mandibuzz
|-damage|p1a: Mandibuzz|37/100
|
|-heal|p2a: Mr. Freeze|88/100|[from] item: Leftovers
|upkeep
|turn|3
|
|t:|1760760687
|switch|p1a: Infernape|Infernape, F|100/100
|move|p2a: Mr. Freeze|Freeze-Dry|p1a: Infernape
|-resisted|p1a: Infernape
|-damage|p1a: Infernape|71/100
|
|-heal|p2a: Mr. Freeze|94/100|[from] item: Leftovers
|upkeep
|turn|4
|
|t:|1760760692
|move|p1a: Infernape|Encore|p2a: Mr. Freeze
|-start|p2a: Mr. Freeze|Encore
|move|p2a: Mr. Freeze|Freeze-Dry|p1a: Infernape
|-resisted|p1a: Infernape
|-crit|p1a: Infernape
|-damage|p1a: Infernape|32/100
|
|-heal|p2a: Mr. Freeze|99/100|[from] item: Leftovers
|upkeep
|turn|5
|
|t:|1760760700
|switch|p1a: Heatran|Heatran, F|100/100
|move|p2a: Mr. Freeze|Freeze-Dry|p1a: Heatran
|-resisted|p1a: Heatran
|-damage|p1a: Heatran|92/100
|
|-heal|p2a: Mr. Freeze|100/100|[from] item: Leftovers
|-heal|p1a: Heatran|98/100|[from] item: Leftovers
|upkeep
|turn|6
|
|t:|1760760704
|move|p2a: Mr. Freeze|Freeze-Dry|p1a: Heatran
|-resisted|p1a: Heatran
|-damage|p1a: Heatran|89/100
|move|p1a: Heatran|Magma Storm|p2a: Mr. Freeze
|-end|p2a: Mr. Freeze|Substitute
|
|-heal|p1a: Heatran|95/100|[from] item: Leftovers
|-end|p2a: Mr. Freeze|Encore
|upkeep
|turn|7
|
|t:|1760760713
|-terastallize|p1a: Heatran|Grass
|move|p2a: Mr. Freeze|Earth Power|p1a: Heatran
|-resisted|p1a: Heatran
|-damage|p1a: Heatran|80/100
|move|p1a: Heatran|Magma Storm|p2a: Mr. Freeze
|-damage|p2a: Mr. Freeze|57/100
|-activate|p2a: Mr. Freeze|move: Magma Storm|[of] p1a: Heatran
|
|-heal|p2a: Mr. Freeze|63/100|[from] item: Leftovers
|-heal|p1a: Heatran|86/100|[from] item: Leftovers
|-damage|p2a: Mr. Freeze|50/100|[from] move: Magma Storm|[partiallytrapped]
|upkeep
|turn|8
|
|t:|1760760728
|move|p2a: Mr. Freeze|Protect|p2a: Mr. Freeze
|-singleturn|p2a: Mr. Freeze|Protect
|move|p1a: Heatran|Magma Storm|p2a: Mr. Freeze
|-activate|p2a: Mr. Freeze|move: Protect
|
|-heal|p2a: Mr. Freeze|57/100|[from] item: Leftovers
|-heal|p1a: Heatran|92/100|[from] item: Leftovers
|-damage|p2a: Mr. Freeze|44/100|[from] move: Magma Storm|[partiallytrapped]
|upkeep
|turn|9
|
|t:|1760760732
|move|p2a: Mr. Freeze|Substitute|p2a: Mr. Freeze
|-start|p2a: Mr. Freeze|Substitute
|-end|p2a: Mr. Freeze|Magma Storm|[partiallytrapped]|[silent]
|-damage|p2a: Mr. Freeze|19/100
|move|p1a: Heatran|Magma Storm|p2a: Mr. Freeze
|-end|p2a: Mr. Freeze|Substitute
|
|-heal|p2a: Mr. Freeze|25/100|[from] item: Leftovers
|-heal|p1a: Heatran|99/100|[from] item: Leftovers
|upkeep
|turn|10
|
|t:|1760760739
|move|p2a: Mr. Freeze|Protect|p2a: Mr. Freeze
|-singleturn|p2a: Mr. Freeze|Protect
|move|p1a: Heatran|Taunt|p2a: Mr. Freeze
|-activate|p2a: Mr. Freeze|move: Protect
|
|-heal|p2a: Mr. Freeze|32/100|[from] item: Leftovers
|-heal|p1a: Heatran|100/100|[from] item: Leftovers
|upkeep
|turn|11
|
|t:|1760760742
|move|p2a: Mr. Freeze|Freeze-Dry|p1a: Heatran
|-supereffective|p1a: Heatran
|-damage|p1a: Heatran|31/100
|move|p1a: Heatran|Earth Power|p2a: Mr. Freeze
|-damage|p2a: Mr. Freeze|4/100
|
|-heal|p2a: Mr. Freeze|10/100|[from] item: Leftovers
|-heal|p1a: Heatran|37/100|[from] item: Leftovers
|upkeep
|turn|12
|
|t:|1760760745
|move|p2a: Mr. Freeze|Freeze-Dry|p1a: Heatran
|-supereffective|p1a: Heatran
|-damage|p1a: Heatran|0 fnt
|faint|p1a: Heatran
|
|-heal|p2a: Mr. Freeze|16/100|[from] item: Leftovers
|upkeep
|
|t:|1760760748
|switch|p1a: Breloom|Breloom, F|100/100
|turn|13
|
|t:|1760760754
|switch|p2a: Homelandor|Landorus-Therian, M, shiny|100/100
|-ability|p2a: Homelandor|Intimidate|boost
|-unboost|p1a: Breloom|atk|1
|move|p1a: Breloom|Mach Punch|p2a: Homelandor
|-resisted|p2a: Homelandor
|-damage|p2a: Homelandor|90/100
|-damage|p1a: Breloom|84/100|[from] item: Rocky Helmet|[of] p2a: Homelandor
|
|upkeep
|turn|14
|
|t:|1760760758
|switch|p1a: Mandibuzz|Mandibuzz, F|37/100
|move|p2a: Homelandor|U-turn|p1a: Mandibuzz
|-damage|p1a: Mandibuzz|23/100
|
|t:|1760760760
|switch|p2a: Kristine|Cinderace, F, shiny|100/100|[from] U-turn
|
|upkeep
|turn|15
|
|t:|1760760765
|move|p2a: Kristine|Pyro Ball|p1a: Mandibuzz
|-damage|p1a: Mandibuzz|0 fnt
|faint|p1a: Mandibuzz
|
|upkeep
|
|t:|1760760769
|switch|p1a: Araquanid|Araquanid, M|100/100
|turn|16
|
|t:|1760760774
|move|p2a: Kristine|U-turn|p1a: Araquanid
|-damage|p1a: Araquanid|83/100
|
|t:|1760760777
|switch|p2a: Homelandor|Landorus-Therian, M, shiny|90/100|[from] U-turn
|-ability|p2a: Homelandor|Intimidate|boost
|-unboost|p1a: Araquanid|atk|1
|move|p1a: Araquanid|Surf|p2a: Homelandor
|-supereffective|p2a: Homelandor
|-damage|p2a: Homelandor|0 fnt
|faint|p2a: Homelandor
|
|upkeep
|
|t:|1760760780
|switch|p2a: Chillionaire|Slowking-Galar, M, shiny|100/100
|turn|17
|
|t:|1760760786
|switch|p1a: Infernape|Infernape, F|32/100
|move|p2a: Chillionaire|Sludge Bomb|p1a: Infernape
|-damage|p1a: Infernape|0 fnt
|faint|p1a: Infernape
|
|upkeep
|
|t:|1760760787
|switch|p1a: Latias|Latias, F|100/100
|turn|18
|
|t:|1760760789
|move|p1a: Latias|Calm Mind|p1a: Latias
|-boost|p1a: Latias|spa|1
|-boost|p1a: Latias|spd|1
|move|p2a: Chillionaire|Thunder Wave|p1a: Latias
|-status|p1a: Latias|par
|
|upkeep
|turn|19
|
|t:|1760760795
|cant|p1a: Latias|par
|-prepare|p2a: Chillionaire|Chilly Reception|[premajor]
|move|p2a: Chillionaire|Chilly Reception|p2a: Chillionaire
|-weather|Snowscape
|
|t:|1760760796
|switch|p2a: Daenerys|Kingambit, F|100/100|[from] Chilly Reception
|-activate|p2a: Daenerys|move: Sticky Web
|-unboost|p2a: Daenerys|spe|1
|-activate|p2a: Daenerys|ability: Supreme Overlord
|-start|p2a: Daenerys|fallen1|[silent]
|
|-weather|Snowscape|[upkeep]
|upkeep
|turn|20
|
|t:|1760760799
|move|p1a: Latias|Aura Sphere|p2a: Daenerys
|-supereffective|p2a: Daenerys
|-damage|p2a: Daenerys|0 fnt
|faint|p2a: Daenerys
|-end|p2a: Daenerys|fallen1|[silent]
|
|-weather|Snowscape|[upkeep]
|upkeep
|
|t:|1760760803
|switch|p2a: Kristine|Cinderace, F, shiny|100/100
|turn|21
|
|t:|1760760806
|move|p2a: Kristine|Court Change|p2a: Kristine
|-swapsideconditions
|-activate|p2a: Kristine|move: Court Change
|move|p1a: Latias|Agility|p1a: Latias
|-boost|p1a: Latias|spe|2
|
|-weather|Snowscape|[upkeep]
|upkeep
|turn|22
|
|t:|1760760817
|move|p2a: Kristine|U-turn|p1a: Latias
|-supereffective|p1a: Latias
|-damage|p1a: Latias|73/100 par
|-enditem|p1a: Latias|Weakness Policy
|-boost|p1a: Latias|atk|2|[from] item: Weakness Policy
|-boost|p1a: Latias|spa|2|[from] item: Weakness Policy
|
|t:|1760760819
|switch|p2a: WALL-Y|Iron Valiant|100/100|[from] U-turn
|-enditem|p2a: WALL-Y|Booster Energy
|-activate|p2a: WALL-Y|ability: Quark Drive|[fromitem]
|-start|p2a: WALL-Y|quarkdrivespe
|cant|p1a: Latias|par
|
|-weather|Snowscape|[upkeep]
|upkeep
|turn|23
|
|t:|1760760823
|move|p2a: WALL-Y|Encore|p1a: Latias
|-start|p1a: Latias|Encore
|move|p1a: Latias|Agility|p1a: Latias
|-boost|p1a: Latias|spe|2
|
|-weather|none
|upkeep
|turn|24
|
|t:|1760760827
|move|p2a: WALL-Y|Calm Mind|p2a: WALL-Y
|-boost|p2a: WALL-Y|spa|1
|-boost|p2a: WALL-Y|spd|1
|cant|p1a: Latias|par
|
|upkeep
|turn|25
|
|t:|1760760832
|move|p2a: WALL-Y|Calm Mind|p2a: WALL-Y
|-boost|p2a: WALL-Y|spa|1
|-boost|p2a: WALL-Y|spd|1
|move|p1a: Latias|Agility|p1a: Latias
|-boost|p1a: Latias|spe|2
|
|-end|p1a: Latias|Encore
|upkeep
|turn|26
|
|t:|1760760836
|move|p1a: Latias|Stored Power|p2a: WALL-Y
|-supereffective|p2a: WALL-Y
|-damage|p2a: WALL-Y|0 fnt
|faint|p2a: WALL-Y
|-end|p2a: WALL-Y|Quark Drive|[silent]
|
|upkeep
|
|t:|1760760839
|switch|p2a: Kristine|Cinderace, F, shiny|100/100
|turn|27
|
|t:|1760760841
|-terastallize|p2a: Kristine|Bug
|move|p1a: Latias|Stored Power|p2a: Kristine
|-damage|p2a: Kristine|0 fnt
|faint|p2a: Kristine
|
|upkeep
|-message|kfp4 forfeited.
|
|win|Chief_Ironside
|raw|Chief_Ironside's rating: 1383 &rarr; <strong>1398</strong><br />(+15 for winning)
|raw|kfp4's rating: 1291 &rarr; <strong>1272</strong><br />(-19 for losing)
|l|☆kfp4
|player|p2|
|l|☆Chief_Ironside
|player|p1|
