|j|☆fallen five
|j|☆nezk025
|t:|1760804105
|gametype|singles
|player|p1|fallen five|266|1439
|player|p2|nezk025|nate|1393
|gen|9
|tier|[Gen 9] OU
|rated|
|rule|HP Percentage Mod: HP is shown in percentages
|rule|Endless Battle Clause: Forcing endless battles is banned
|rule|Species Clause: Limit one of each Pokémon
|rule|OHKO Clause: OHKO moves are banned
|rule|Evasion Items Clause: Evasion items are banned
|rule|Evasion Moves Clause: Evasion moves are banned
|rule|Evasion Abilities Clause: Evasion abilities are banned
|rule|Sleep Moves Clause: Sleep-inducing moves are banned
|clearpoke
|poke|p1|Excadrill, M|
|poke|p1|Garganacl, M|
|poke|p1|Dragapult, M|
|poke|p1|Tyranitar, M|
|poke|p1|Pecharunt|
|poke|p1|Moltres|
|poke|p2|Rillaboom, F|
|poke|p2|Raging Bolt|
|poke|p2|Weavile, M|
|poke|p2|Okidogi, M|
|poke|p2|Alomomola, M|
|poke|p2|Iron Treads|
|teampreview
|inactive|Battle timer is ON: inactive players will automatically lose when time's up. (requested by fallen five)
|
|t:|1760804124
|teamsize|p1|6
|teamsize|p2|6
|start
|switch|p1a: Garganacl|Garganacl, M|100/100
|switch|p2a: Okidogi|Okidogi, M|100/100
|turn|1
|
|t:|1760804141
|move|p2a: Okidogi|Toxic|p1a: Garganacl
|-immune|p1a: Garganacl|[from] ability: Purifying Salt
|move|p1a: Garganacl|Salt Cure|p2a: Okidogi
|-resisted|p2a: Okidogi
|-damage|p2a: Okidogi|96/100
|-start|p2a: Okidogi|Salt Cure
|
|-heal|p2a: Okidogi|100/100|[from] item: Leftovers
|-damage|p2a: Okidogi|88/100|[from] Salt Cure
|upkeep
|turn|2
|
|t:|1760804147
|move|p2a: Okidogi|Bulk Up|p2a: Okidogi
|-boost|p2a: Okidogi|atk|1
|-boost|p2a: Okidogi|def|1
|move|p1a: Garganacl|Iron Defense|p1a: Garganacl
|-boost|p1a: Garganacl|def|2
|
|-heal|p2a: Okidogi|94/100|[from] item: Leftovers
|-damage|p2a: Okidogi|82/100|[from] Salt Cure
|upkeep
|turn|3
|
|t:|1760804153
|move|p2a: Okidogi|Bulk Up|p2a: Okidogi
|-boost|p2a: Okidogi|atk|1
|-boost|p2a: Okidogi|def|1
|move|p1a: Garganacl|Iron Defense|p1a: Garganacl
|-boost|p1a: Garganacl|def|2
|
|-heal|p2a: Okidogi|88/100|[from] item: Leftovers
|-damage|p2a: Okidogi|75/100|[from] Salt Cure
|upkeep
|turn|4
|
|t:|1760804155
|move|p2a: Okidogi|Bulk Up|p2a: Okidogi
|-boost|p2a: Okidogi|atk|1
|-boost|p2a: Okidogi|def|1
|move|p1a: Garganacl|Iron Defense|p1a: Garganacl
|-boost|p1a: Garganacl|def|2
|
|-heal|p2a: Okidogi|82/100|[from] item: Leftovers
|-damage|p2a: Okidogi|69/100|[from] Salt Cure
|upkeep
|turn|5
|
|t:|1760804158
|move|p2a: Okidogi|Bulk Up|p2a: Okidogi
|-boost|p2a: Okidogi|atk|1
|-boost|p2a: Okidogi|def|1
|move|p1a: Garganacl|Body Press|p2a: Okidogi
|-resisted|p2a: Okidogi
|-damage|p2a: Okidogi|58/100
|
|-heal|p2a: Okidogi|64/100|[from] item: Leftovers
|-damage|p2a: Okidogi|52/100|[from] Salt Cure
|upkeep
|turn|6
|
|t:|1760804162
|move|p2a: Okidogi|Drain Punch|p1a: Garganacl
|-supereffective|p1a: Garganacl
|-damage|p1a: Garganacl|72/100
|-heal|p2a: Okidogi|67/100|[from] drain|[of] p1a: Garganacl
|move|p1a: Garganacl|Body Press|p2a: Okidogi
|-resisted|p2a: Okidogi
|-damage|p2a: Okidogi|54/100
|
|-heal|p2a: Okidogi|60/100|[from] item: Leftovers
|-heal|p1a: Garganacl|78/100|[from] item: Leftovers
|-damage|p2a: Okidogi|48/100|[from] Salt Cure
|upkeep
|turn|7
|
|t:|1760804170
|move|p2a: Okidogi|Bulk Up|p2a: Okidogi
|-boost|p2a: Okidogi|atk|1
|-boost|p2a: Okidogi|def|1
|move|p1a: Garganacl|Recover|p1a: Garganacl
|-heal|p1a: Garganacl|100/100
|
|-heal|p2a: Okidogi|54/100|[from] item: Leftovers
|-damage|p2a: Okidogi|42/100|[from] Salt Cure
|upkeep
|turn|8
|
|t:|1760804173
|move|p2a: Okidogi|Bulk Up|p2a: Okidogi
|-boost|p2a: Okidogi|atk|1
|-boost|p2a: Okidogi|def|1
|move|p1a: Garganacl|Body Press|p2a: Okidogi
|-resisted|p2a: Okidogi
|-damage|p2a: Okidogi|34/100
|
|-heal|p2a: Okidogi|40/100|[from] item: Leftovers
|-damage|p2a: Okidogi|27/100|[from] Salt Cure
|upkeep
|turn|9
|
|t:|1760804176
|move|p2a: Okidogi|Drain Punch|p1a: Garganacl
|-supereffective|p1a: Garganacl
|-damage|p1a: Garganacl|61/100
|-heal|p2a: Okidogi|48/100|[from] drain|[of] p1a: Garganacl
|move|p1a: Garganacl|Body Press|p2a: Okidogi
|-resisted|p2a: Okidogi
|-damage|p2a: Okidogi|40/100
|
|-heal|p2a: Okidogi|46/100|[from] item: Leftovers
|-heal|p1a: Garganacl|68/100|[from] item: Leftovers
|-damage|p2a: Okidogi|34/100|[from] Salt Cure
|upkeep
|turn|10
|
|t:|1760804187
|move|p2a: Okidogi|Drain Punch|p1a: Garganacl
|-supereffective|p1a: Garganacl
|-damage|p1a: Garganacl|29/100
|-heal|p2a: Okidogi|54/100|[from] drain|[of] p1a: Garganacl
|move|p1a: Garganacl|Recover|p1a: Garganacl
|-heal|p1a: Garganacl|79/100
|
|-heal|p2a: Okidogi|60/100|[from] item: Leftovers
|-heal|p1a: Garganacl|85/100|[from] item: Leftovers
|-damage|p2a: Okidogi|48/100|[from] Salt Cure
|upkeep
|turn|11
|
|t:|1760804210
|-terastallize|p1a: Garganacl|Water
|move|p2a: Okidogi|Toxic|p1a: Garganacl
|-immune|p1a: Garganacl|[from] ability: Purifying Salt
|move|p1a: Garganacl|Body Press|p2a: Okidogi
|-resisted|p2a: Okidogi
|-damage|p2a: Okidogi|38/100
|
|-heal|p2a: Okidogi|44/100|[from] item: Leftovers
|-heal|p1a: Garganacl|91/100|[from] item: Leftovers
|-damage|p2a: Okidogi|32/100|[from] Salt Cure
|upkeep
|turn|12
|
|t:|1760804225
|move|p2a: Okidogi|Drain Punch|p1a: Garganacl
|-damage|p1a: Garganacl|70/100
|-heal|p2a: Okidogi|43/100|[from] drain|[of] p1a: Garganacl
|move|p1a: Garganacl|Body Press|p2a: Okidogi
|-resisted|p2a: Okidogi
|-damage|p2a: Okidogi|35/100
|
|-heal|p2a: Okidogi|41/100|[from] item: Leftovers
|-heal|p1a: Garganacl|76/100|[from] item: Leftovers
|-damage|p2a: Okidogi|28/100|[from] Salt Cure
|upkeep
|turn|13
|
|t:|1760804230
|move|p2a: Okidogi|Drain Punch|p1a: Garganacl
|-damage|p1a: Garganacl|56/100
|-heal|p2a: Okidogi|39/100|[from] drain|[of] p1a: Garganacl
|move|p1a: Garganacl|Body Press|p2a: Okidogi
|-resisted|p2a: Okidogi
|-damage|p2a: Okidogi|31/100
|
|-heal|p2a: Okidogi|37/100|[from] item: Leftovers
|-heal|p1a: Garganacl|62/100|[from] item: Leftovers
|-damage|p2a: Okidogi|25/100|[from] Salt Cure
|upkeep
|turn|14
|
|t:|1760804237
|move|p2a: Okidogi|Drain Punch|p1a: Garganacl
|-damage|p1a: Garganacl|41/100
|-heal|p2a: Okidogi|36/100|[from] drain|[of] p1a: Garganacl
|move|p1a: Garganacl|Recover|p1a: Garganacl
|-heal|p1a: Garganacl|91/100
|
|-heal|p2a: Okidogi|42/100|[from] item: Leftovers
|-heal|p1a: Garganacl|97/100|[from] item: Leftovers
|-damage|p2a: Okidogi|30/100|[from] Salt Cure
|upkeep
|turn|15
|
|t:|1760804243
|move|p2a: Okidogi|Drain Punch|p1a: Garganacl
|-damage|p1a: Garganacl|77/100
|-heal|p2a: Okidogi|41/100|[from] drain|[of] p1a: Garganacl
|move|p1a: Garganacl|Body Press|p2a: Okidogi
|-resisted|p2a: Okidogi
|-damage|p2a: Okidogi|32/100
|
|-heal|p2a: Okidogi|38/100|[from] item: Leftovers
|-heal|p1a: Garganacl|83/100|[from] item: Leftovers
|-damage|p2a: Okidogi|25/100|[from] Salt Cure
|upkeep
|turn|16
|
|t:|1760804250
|move|p2a: Okidogi|Drain Punch|p1a: Garganacl
|-damage|p1a: Garganacl|61/100
|-heal|p2a: Okidogi|38/100|[from] drain|[of] p1a: Garganacl
|move|p1a: Garganacl|Body Press|p2a: Okidogi
|-resisted|p2a: Okidogi
|-damage|p2a: Okidogi|28/100
|
|-heal|p2a: Okidogi|34/100|[from] item: Leftovers
|-heal|p1a: Garganacl|67/100|[from] item: Leftovers
|-damage|p2a: Okidogi|22/100|[from] Salt Cure
|upkeep
|turn|17
|
|t:|1760804257
|move|p2a: Okidogi|Drain Punch|p1a: Garganacl
|-damage|p1a: Garganacl|47/100
|-heal|p2a: Okidogi|33/100|[from] drain|[of] p1a: Garganacl
|move|p1a: Garganacl|Recover|p1a: Garganacl
|-heal|p1a: Garganacl|97/100
|
|-heal|p2a: Okidogi|39/100|[from] item: Leftovers
|-heal|p1a: Garganacl|100/100|[from] item: Leftovers
|-damage|p2a: Okidogi|27/100|[from] Salt Cure
|upkeep
|turn|18
|
|t:|1760804263
|move|p2a: Okidogi|Drain Punch|p1a: Garganacl
|-damage|p1a: Garganacl|81/100
|-heal|p2a: Okidogi|37/100|[from] drain|[of] p1a: Garganacl
|move|p1a: Garganacl|Body Press|p2a: Okidogi
|-resisted|p2a: Okidogi
|-damage|p2a: Okidogi|28/100
|
|-heal|p2a: Okidogi|34/100|[from] item: Leftovers
|-heal|p1a: Garganacl|87/100|[from] item: Leftovers
|-damage|p2a: Okidogi|22/100|[from] Salt Cure
|upkeep
|turn|19
|
|t:|1760804270
|move|p2a: Okidogi|Drain Punch|p1a: Garganacl
|-damage|p1a: Garganacl|65/100
|-heal|p2a: Okidogi|34/100|[from] drain|[of] p1a: Garganacl
|move|p1a: Garganacl|Body Press|p2a: Okidogi
|-resisted|p2a: Okidogi
|-damage|p2a: Okidogi|25/100
|
|-heal|p2a: Okidogi|32/100|[from] item: Leftovers
|-heal|p1a: Garganacl|71/100|[from] item: Leftovers
|-damage|p2a: Okidogi|19/100|[from] Salt Cure
|upkeep
|turn|20
|
|t:|1760804277
|move|p2a: Okidogi|Drain Punch|p1a: Garganacl
|-damage|p1a: Garganacl|52/100
|-heal|p2a: Okidogi|29/100|[from] drain|[of] p1a: Garganacl
|move|p1a: Garganacl|Recover|p1a: Garganacl
|-heal|p1a: Garganacl|100/100
|
|-heal|p2a: Okidogi|35/100|[from] item: Leftovers
|-damage|p2a: Okidogi|23/100|[from] Salt Cure
|upkeep
|turn|21
|
|t:|1760804284
|move|p2a: Okidogi|Drain Punch|p1a: Garganacl
|-damage|p1a: Garganacl|79/100
|-heal|p2a: Okidogi|35/100|[from] drain|[of] p1a: Garganacl
|move|p1a: Garganacl|Body Press|p2a: Okidogi
|-resisted|p2a: Okidogi
|-damage|p2a: Okidogi|26/100
|
|-heal|p2a: Okidogi|32/100|[from] item: Leftovers
|-heal|p1a: Garganacl|85/100|[from] item: Leftovers
|-damage|p2a: Okidogi|20/100|[from] Salt Cure
|upkeep
|turn|22
|
|t:|1760804302
|move|p2a: Okidogi|Drain Punch|p1a: Garganacl
|-damage|p1a: Garganacl|66/100
|-heal|p2a: Okidogi|30/100|[from] drain|[of] p1a: Garganacl
|move|p1a: Garganacl|Body Press|p2a: Okidogi
|-resisted|p2a: Okidogi
|-damage|p2a: Okidogi|21/100
|
|-heal|p2a: Okidogi|27/100|[from] item: Leftovers
|-heal|p1a: Garganacl|73/100|[from] item: Leftovers
|-damage|p2a: Okidogi|15/100|[from] Salt Cure
|upkeep
|turn|23
|
|t:|1760804312
|switch|p2a: Raging Bolt|Raging Bolt|100/100
|move|p1a: Garganacl|Body Press|p2a: Raging Bolt
|-damage|p2a: Raging Bolt|31/100
|
|-heal|p2a: Raging Bolt|38/100|[from] item: Leftovers
|-heal|p1a: Garganacl|79/100|[from] item: Leftovers
|upkeep
|turn|24
|
|t:|1760804322
|switch|p1a: Tyranitar|Tyranitar, M|100/100
|-weather|Sandstorm|[from] ability: Sand Stream|[of] p1a: Tyranitar
|move|p2a: Raging Bolt|Thunderbolt|p1a: Tyranitar
|-damage|p1a: Tyranitar|79/100
|
|-weather|Sandstorm|[upkeep]
|-damage|p2a: Raging Bolt|31/100|[from] Sandstorm
|-heal|p2a: Raging Bolt|38/100|[from] item: Leftovers
|upkeep
|turn|25
|
|t:|1760804335
|-end|p2a: Raging Bolt|Protosynthesis|[silent]
|switch|p2a: Alomomola|Alomomola, M|100/100
|move|p1a: Tyranitar|Stealth Rock|p2a: Alomomola
|-sidestart|p2: nezk025|move: Stealth Rock
|
|-weather|Sandstorm|[upkeep]
|-damage|p2a: Alomomola|94/100|[from] Sandstorm
|upkeep
|turn|26
|
|t:|1760804346
|move|p1a: Tyranitar|Knock Off|p2a: Alomomola
|-damage|p2a: Alomomola|68/100
|-enditem|p2a: Alomomola|Assault Vest|[from] move: Knock Off|[of] p1a: Tyranitar
|move|p2a: Alomomola|Flip Turn|p1a: Tyranitar
|-supereffective|p1a: Tyranitar
|-damage|p1a: Tyranitar|52/100
|
|t:|1760804350
|switch|p2a: Okidogi|Okidogi, M|15/100|[from] Flip Turn
|-damage|p2a: Okidogi|9/100|[from] Stealth Rock
|
|-weather|Sandstorm|[upkeep]
|-damage|p2a: Okidogi|3/100|[from] Sandstorm
|-heal|p2a: Okidogi|9/100|[from] item: Leftovers
|upkeep
|turn|27
|
|t:|1760804357
|switch|p1a: Pecharunt|Pecharunt|100/100
|move|p2a: Okidogi|Drain Punch|p1a: Pecharunt
|-immune|p1a: Pecharunt
|
|-weather|Sandstorm|[upkeep]
|-damage|p2a: Okidogi|3/100|[from] Sandstorm
|-damage|p1a: Pecharunt|94/100|[from] Sandstorm
|-heal|p2a: Okidogi|9/100|[from] item: Leftovers
|upkeep
|turn|28
|
|t:|1760804368
|switch|p2a: Iron Treads|Iron Treads|100/100
|-damage|p2a: Iron Treads|98/100|[from] Stealth Rock
|move|p1a: Pecharunt|Shadow Ball|p2a: Iron Treads
|-damage|p2a: Iron Treads|73/100
|
|-weather|Sandstorm|[upkeep]
|-damage|p1a: Pecharunt|88/100|[from] Sandstorm
|-heal|p2a: Iron Treads|79/100|[from] item: Leftovers
|upkeep
|turn|29
|
|t:|1760804377
|switch|p1a: Moltres|Moltres|100/100
|move|p2a: Iron Treads|Rapid Spin|p1a: Moltres
|-damage|p1a: Moltres|91/100
|-boost|p2a: Iron Treads|spe|1
|-sideend|p2: nezk025|Stealth Rock|[from] move: Rapid Spin|[of] p2a: Iron Treads
|
|-weather|Sandstorm|[upkeep]
|-damage|p1a: Moltres|85/100|[from] Sandstorm
|-heal|p2a: Iron Treads|85/100|[from] item: Leftovers
|upkeep
|turn|30
|
|t:|1760804385
|move|p2a: Iron Treads|Volt Switch|p1a: Moltres
|-supereffective|p1a: Moltres
|-damage|p1a: Moltres|62/100
|
|t:|1760804391
|-end|p2a: Iron Treads|Quark Drive|[silent]
|switch|p2a: Alomomola|Alomomola, M|100/100|[from] Volt Switch
|move|p1a: Moltres|Will-O-Wisp|p2a: Alomomola
|-status|p2a: Alomomola|brn
|
|-weather|Sandstorm|[upkeep]
|-damage|p1a: Moltres|56/100|[from] Sandstorm
|-damage|p2a: Alomomola|94/100 brn|[from] Sandstorm
|-damage|p2a: Alomomola|88/100 brn|[from] brn
|upkeep
|turn|31
|
|t:|1760804400
|move|p1a: Moltres|Roost|p1a: Moltres
|-heal|p1a: Moltres|100/100
|-singleturn|p1a: Moltres|move: Roost
|move|p2a: Alomomola|Flip Turn|p1a: Moltres
|-supereffective|p1a: Moltres
|-damage|p1a: Moltres|89/100
|
|t:|1760804407
|switch|p2a: Raging Bolt|Raging Bolt|38/100|[from] Flip Turn
|
|-weather|none
|-heal|p2a: Raging Bolt|44/100|[from] item: Leftovers
|upkeep
|turn|32
|
|t:|1760804425
|move|p1a: Moltres|U-turn|p2a: Raging Bolt
|-damage|p2a: Raging Bolt|33/100
|
|t:|1760804433
|switch|p1a: Tyranitar|Tyranitar, M|52/100|[from] U-turn
|-weather|Sandstorm|[from] ability: Sand Stream|[of] p1a: Tyranitar
|move|p2a: Raging Bolt|Thunderbolt|p1a: Tyranitar
|-damage|p1a: Tyranitar|31/100
|
|-weather|Sandstorm|[upkeep]
|-damage|p2a: Raging Bolt|26/100|[from] Sandstorm
|-heal|p2a: Raging Bolt|33/100|[from] item: Leftovers
|upkeep
|turn|33
|
|t:|1760804452
|-end|p2a: Raging Bolt|Protosynthesis|[silent]
|switch|p2a: Alomomola|Alomomola, M|100/100 brn
|move|p1a: Tyranitar|Stealth Rock|p2a: Alomomola
|-sidestart|p2: nezk025|move: Stealth Rock
|
|-weather|Sandstorm|[upkeep]
|-damage|p2a: Alomomola|94/100 brn|[from] Sandstorm
|-damage|p2a: Alomomola|88/100 brn|[from] brn
|upkeep
|turn|34
|
|t:|1760804460
|switch|p1a: Pecharunt|Pecharunt|88/100
|move|p2a: Alomomola|Flip Turn|p1a: Pecharunt
|-damage|p1a: Pecharunt|85/100
|
|t:|1760804467
|switch|p2a: Iron Treads|Iron Treads|85/100|[from] Flip Turn
|-damage|p2a: Iron Treads|82/100|[from] Stealth Rock
|
|-weather|Sandstorm|[upkeep]
|-damage|p1a: Pecharunt|79/100|[from] Sandstorm
|-heal|p2a: Iron Treads|88/100|[from] item: Leftovers
|upkeep
|turn|35
|
|t:|1760804473
|switch|p1a: Excadrill|Excadrill, M|100/100
|-item|p1a: Excadrill|Air Balloon
|move|p2a: Iron Treads|Rapid Spin|p1a: Excadrill
|-resisted|p1a: Excadrill
|-damage|p1a: Excadrill|92/100
|-boost|p2a: Iron Treads|spe|1
|-enditem|p1a: Excadrill|Air Balloon
|-sideend|p2: nezk025|Stealth Rock|[from] move: Rapid Spin|[of] p2a: Iron Treads
|
|-weather|Sandstorm|[upkeep]
|-heal|p2a: Iron Treads|94/100|[from] item: Leftovers
|upkeep
|turn|36
|
|t:|1760804487
|move|p1a: Excadrill|Earthquake|p2a: Iron Treads
|-supereffective|p2a: Iron Treads
|-damage|p2a: Iron Treads|9/100
|move|p2a: Iron Treads|High Horsepower|p1a: Excadrill
|-supereffective|p1a: Excadrill
|-damage|p1a: Excadrill|0 fnt
|faint|p1a: Excadrill
|
|-weather|Sandstorm|[upkeep]
|-heal|p2a: Iron Treads|15/100|[from] item: Leftovers
|upkeep
|
|t:|1760804492
|switch|p1a: Moltres|Moltres|89/100
|turn|37
|
|t:|1760804500
|move|p2a: Iron Treads|Volt Switch|p1a: Moltres
|-supereffective|p1a: Moltres
|-damage|p1a: Moltres|64/100
|
|t:|1760804516
|-end|p2a: Iron Treads|Quark Drive|[silent]
|switch|p2a: Raging Bolt|Raging Bolt|33/100|[from] Volt Switch
|move|p1a: Moltres|U-turn|p2a: Raging Bolt
|-damage|p2a: Raging Bolt|21/100
|
|t:|1760804520
|switch|p1a: Dragapult|Dragapult, M|100/100|[from] U-turn
|
|-weather|Sandstorm|[upkeep]
|-damage|p1a: Dragapult|95/100|[from] Sandstorm
|-damage|p2a: Raging Bolt|15/100|[from] Sandstorm
|-heal|p2a: Raging Bolt|21/100|[from] item: Leftovers
|upkeep
|turn|38
|
|t:|1760804530
|-end|p2a: Raging Bolt|Protosynthesis|[silent]
|switch|p2a: Alomomola|Alomomola, M|100/100 brn
|move|p1a: Dragapult|U-turn|p2a: Alomomola
|-damage|p2a: Alomomola|77/100 brn
|
|t:|1760804533
|switch|p1a: Pecharunt|Pecharunt|79/100|[from] U-turn
|
|-weather|Sandstorm|[upkeep]
|-damage|p1a: Pecharunt|73/100|[from] Sandstorm
|-damage|p2a: Alomomola|71/100 brn|[from] Sandstorm
|-damage|p2a: Alomomola|65/100 brn|[from] brn
|upkeep
|turn|39
|
|t:|1760804541
|move|p1a: Pecharunt|Shadow Ball|p2a: Alomomola
|-damage|p2a: Alomomola|43/100 brn
|move|p2a: Alomomola|Flip Turn|p1a: Pecharunt
|-damage|p1a: Pecharunt|69/100
|
|t:|1760804545
|switch|p2a: Weavile|Weavile, M|100/100|[from] Flip Turn
|
|-weather|none
|upkeep
|turn|40
|
|t:|1760804549
|move|p2a: Weavile|Icicle Crash|p1a: Pecharunt
|-damage|p1a: Pecharunt|40/100
|move|p1a: Pecharunt|Recover|p1a: Pecharunt
|-heal|p1a: Pecharunt|90/100
|
|upkeep
|turn|41
|
|t:|1760804556
|switch|p2a: Iron Treads|Iron Treads|15/100
|move|p1a: Pecharunt|Malignant Chain|p2a: Iron Treads
|-immune|p2a: Iron Treads
|
|-heal|p2a: Iron Treads|21/100|[from] item: Leftovers
|upkeep
|turn|42
|
|t:|1760804564
|move|p2a: Iron Treads|Volt Switch|p1a: Pecharunt
|-damage|p1a: Pecharunt|79/100
|
|t:|1760804568
|-end|p2a: Iron Treads|Quark Drive|[silent]
|switch|p2a: Alomomola|Alomomola, M|77/100 brn|[from] Volt Switch
|move|p1a: Pecharunt|Shadow Ball|p2a: Alomomola
|-damage|p2a: Alomomola|53/100 brn
|
|-damage|p2a: Alomomola|47/100 brn|[from] brn
|upkeep
|turn|43
|
|t:|1760804576
|move|p1a: Pecharunt|Malignant Chain|p2a: Alomomola
|-damage|p2a: Alomomola|19/100 brn
|move|p2a: Alomomola|Flip Turn|p1a: Pecharunt
|-damage|p1a: Pecharunt|75/100
|
|t:|1760804581
|switch|p2a: Weavile|Weavile, M|100/100|[from] Flip Turn
|
|upkeep
|turn|44
|
|t:|1760804588
|-terastallize|p2a: Weavile|Dark
|move|p2a: Weavile|Knock Off|p1a: Pecharunt
|-supereffective|p1a: Pecharunt
|-damage|p1a: Pecharunt|0 fnt
|-enditem|p1a: Pecharunt|Heavy-Duty Boots|[from] move: Knock Off|[of] p2a: Weavile
|faint|p1a: Pecharunt
|
|upkeep
|
|t:|1760804594
|switch|p1a: Dragapult|Dragapult, M|95/100
|turn|45
|
|t:|1760804603
|switch|p2a: Okidogi|Okidogi, M|9/100
|move|p1a: Dragapult|Dragon Darts|p2a: Okidogi
|-damage|p2a: Okidogi|0 fnt
|faint|p2a: Okidogi
|
|upkeep
|
|t:|1760804612
|switch|p2a: Rillaboom|Rillaboom, F|100/100
|-fieldstart|move: Grassy Terrain|[from] ability: Grassy Surge|[of] p2a: Rillaboom
|turn|46
|
|t:|1760804622
|switch|p1a: Moltres|Moltres|64/100
|move|p2a: Rillaboom|Knock Off|p1a: Moltres
|-damage|p1a: Moltres|40/100
|-enditem|p1a: Moltres|Heavy-Duty Boots|[from] move: Knock Off|[of] p2a: Rillaboom
|
|upkeep
|turn|47
|
|t:|1760804634
|switch|p2a: Alomomola|Alomomola, M|52/100 brn
|move|p1a: Moltres|Roost|p1a: Moltres
|-heal|p1a: Moltres|90/100
|-singleturn|p1a: Moltres|move: Roost
|
|-heal|p1a: Moltres|96/100|[from] Grassy Terrain
|-heal|p2a: Alomomola|58/100 brn|[from] Grassy Terrain
|-damage|p2a: Alomomola|52/100 brn|[from] brn
|upkeep
|turn|48
|
|t:|1760804640
|move|p1a: Moltres|Flamethrower|p2a: Alomomola
|-resisted|p2a: Alomomola
|-damage|p2a: Alomomola|34/100 brn
|move|p2a: Alomomola|Flip Turn|p1a: Moltres
|-supereffective|p1a: Moltres
|-damage|p1a: Moltres|85/100
|
|t:|1760804645
|switch|p2a: Raging Bolt|Raging Bolt|21/100|[from] Flip Turn
|
|-heal|p2a: Raging Bolt|28/100|[from] Grassy Terrain
|-heal|p2a: Raging Bolt|34/100|[from] item: Leftovers
|upkeep
|turn|49
|
|t:|1760804655
|-end|p2a: Raging Bolt|Protosynthesis|[silent]
|switch|p2a: Iron Treads|Iron Treads|21/100
|move|p1a: Moltres|U-turn|p2a: Iron Treads
|-resisted|p2a: Iron Treads
|-damage|p2a: Iron Treads|16/100
|
|t:|1760804658
|switch|p1a: Dragapult|Dragapult, M|95/100|[from] U-turn
|
|-heal|p1a: Dragapult|100/100|[from] Grassy Terrain
|-heal|p2a: Iron Treads|22/100|[from] Grassy Terrain
|-heal|p2a: Iron Treads|28/100|[from] item: Leftovers
|upkeep
|turn|50
|
|t:|1760804672
|-end|p2a: Iron Treads|Quark Drive|[silent]
|switch|p2a: Rillaboom|Rillaboom, F|100/100
|move|p1a: Dragapult|Dragon Darts|p2a: Rillaboom
|-damage|p2a: Rillaboom|59/100
|-anim|p1a: Dragapult|Dragon Darts|p2a: Rillaboom
|-damage|p2a: Rillaboom|17/100
|
|-heal|p2a: Rillaboom|23/100|[from] Grassy Terrain
|-fieldend|move: Grassy Terrain
|upkeep
|turn|51
|
|t:|1760804681
|move|p1a: Dragapult|Dragon Darts|p2a: Rillaboom
|-damage|p2a: Rillaboom|0 fnt
|faint|p2a: Rillaboom
|
|upkeep
|
|t:|1760804687
|switch|p2a: Alomomola|Alomomola, M|67/100 brn
|turn|52
|
|t:|1760804698
|move|p1a: Dragapult|Dragon Darts|p2a: Alomomola
|-damage|p2a: Alomomola|43/100 brn
|-anim|p1a: Dragapult|Dragon Darts|p2a: Alomomola
|-damage|p2a: Alomomola|19/100 brn
|move|p2a: Alomomola|Scald|p1a: Dragapult
|-resisted|p1a: Dragapult
|-damage|p1a: Dragapult|92/100
|-status|p1a: Dragapult|brn
|
|-damage|p1a: Dragapult|86/100 brn|[from] brn
|-damage|p2a: Alomomola|12/100 brn|[from] brn
|upkeep
|turn|53
|
|t:|1760804706
|switch|p2a: Iron Treads|Iron Treads|28/100
|move|p1a: Dragapult|Dragon Darts|p2a: Iron Treads
|-resisted|p2a: Iron Treads
|-damage|p2a: Iron Treads|20/100
|-anim|p1a: Dragapult|Dragon Darts|p2a: Iron Treads
|-resisted|p2a: Iron Treads
|-damage|p2a: Iron Treads|13/100
|
|-heal|p2a: Iron Treads|19/100|[from] item: Leftovers
|-damage|p1a: Dragapult|80/100 brn|[from] brn
|upkeep
|turn|54
|
|t:|1760804728
|move|p1a: Dragapult|Dragon Darts|p2a: Iron Treads
|-resisted|p2a: Iron Treads
|-damage|p2a: Iron Treads|12/100
|-anim|p1a: Dragapult|Dragon Darts|p2a: Iron Treads
|-resisted|p2a: Iron Treads
|-damage|p2a: Iron Treads|4/100
|move|p2a: Iron Treads|Stealth Rock|p1a: Dragapult
|-sidestart|p1: fallen five|move: Stealth Rock
|
|-heal|p2a: Iron Treads|10/100|[from] item: Leftovers
|-damage|p1a: Dragapult|74/100 brn|[from] brn
|upkeep
|turn|55
|
|t:|1760804734
|move|p1a: Dragapult|Dragon Darts|p2a: Iron Treads
|-resisted|p2a: Iron Treads
|-damage|p2a: Iron Treads|2/100
|-anim|p1a: Dragapult|Dragon Darts|p2a: Iron Treads
|-resisted|p2a: Iron Treads
|-crit|p2a: Iron Treads
|-damage|p2a: Iron Treads|0 fnt
|faint|p2a: Iron Treads
|-end|p2a: Iron Treads|Quark Drive|[silent]
|
|-damage|p1a: Dragapult|68/100 brn|[from] brn
|upkeep
|
|t:|1760804739
|switch|p2a: Weavile|Weavile, M, tera:Dark|100/100
|turn|56
|
|t:|1760804745
|move|p2a: Weavile|Ice Shard|p1a: Dragapult
|-supereffective|p1a: Dragapult
|-damage|p1a: Dragapult|0 fnt
|faint|p1a: Dragapult
|
|upkeep
|
|t:|1760804750
|switch|p1a: Garganacl|Garganacl, M, tera:Water|79/100
|-damage|p1a: Garganacl|66/100|[from] Stealth Rock
|turn|57
|
|t:|1760804755
|switch|p2a: Raging Bolt|Raging Bolt|34/100
|move|p1a: Garganacl|Recover|p1a: Garganacl
|-heal|p1a: Garganacl|100/100
|
|-heal|p2a: Raging Bolt|40/100|[from] item: Leftovers
|upkeep
|turn|58
|
|t:|1760804766
|move|p2a: Raging Bolt|Thunderbolt|p1a: Garganacl
|-supereffective|p1a: Garganacl
|-damage|p1a: Garganacl|32/100
|move|p1a: Garganacl|Salt Cure|p2a: Raging Bolt
|-damage|p2a: Raging Bolt|30/100
|-start|p2a: Raging Bolt|Salt Cure
|
|-heal|p2a: Raging Bolt|36/100|[from] item: Leftovers
|-heal|p1a: Garganacl|38/100|[from] item: Leftovers
|-damage|p2a: Raging Bolt|24/100|[from] Salt Cure
|upkeep
|turn|59
|
|t:|1760804787
|move|p2a: Raging Bolt|Thunderbolt|p1a: Garganacl
|-supereffective|p1a: Garganacl
|-damage|p1a: Garganacl|0 fnt
|faint|p1a: Garganacl
|
|-heal|p2a: Raging Bolt|30/100|[from] item: Leftovers
|-damage|p2a: Raging Bolt|17/100|[from] Salt Cure
|upkeep
|
|t:|1760804796
|switch|p1a: Moltres|Moltres|85/100
|-damage|p1a: Moltres|35/100|[from] Stealth Rock
|turn|60
|
|t:|1760804803
|move|p1a: Moltres|Roost|p1a: Moltres
|-heal|p1a: Moltres|85/100
|-singleturn|p1a: Moltres|move: Roost
|move|p2a: Raging Bolt|Thunderbolt|p1a: Moltres
|-damage|p1a: Moltres|34/100
|
|-heal|p2a: Raging Bolt|24/100|[from] item: Leftovers
|-damage|p2a: Raging Bolt|11/100|[from] Salt Cure
|upkeep
|turn|61
|
|t:|1760804808
|move|p1a: Moltres|Roost|p1a: Moltres
|-heal|p1a: Moltres|85/100
|-singleturn|p1a: Moltres|move: Roost
|move|p2a: Raging Bolt|Draco Meteor|p1a: Moltres|[miss]
|-miss|p2a: Raging Bolt|p1a: Moltres
|
|-heal|p2a: Raging Bolt|17/100|[from] item: Leftovers
|-damage|p2a: Raging Bolt|5/100|[from] Salt Cure
|upkeep
|turn|62
|
|t:|1760804820
|-end|p2a: Raging Bolt|Protosynthesis|[silent]
|switch|p2a: Alomomola|Alomomola, M|46/100 brn
|move|p1a: Moltres|Will-O-Wisp|p2a: Alomomola
|-fail|p2a: Alomomola|brn
|
|-damage|p2a: Alomomola|40/100 brn|[from] brn
|upkeep
|turn|63
|
|t:|1760804826
|move|p1a: Moltres|Flamethrower|p2a: Alomomola
|-resisted|p2a: Alomomola
|-damage|p2a: Alomomola|21/100 brn
|move|p2a: Alomomola|Flip Turn|p1a: Moltres
|-supereffective|p1a: Moltres
|-damage|p1a: Moltres|73/100
|
|t:|1760804831
|switch|p2a: Raging Bolt|Raging Bolt|5/100|[from] Flip Turn
|
|-heal|p2a: Raging Bolt|11/100|[from] item: Leftovers
|upkeep
|turn|64
|
|t:|1760804855
|move|p2a: Raging Bolt|Thunderclap|p1a: Moltres
|-supereffective|p1a: Moltres
|-damage|p1a: Moltres|0 fnt
|faint|p1a: Moltres
|
|-heal|p2a: Raging Bolt|17/100|[from] item: Leftovers
|upkeep
|
|t:|1760804857
|switch|p1a: Tyranitar|Tyranitar, M|31/100
|-damage|p1a: Tyranitar|18/100|[from] Stealth Rock
|-weather|Sandstorm|[from] ability: Sand Stream|[of] p1a: Tyranitar
|turn|65
|
|t:|1760804867
|move|p2a: Raging Bolt|Thunderbolt|p1a: Tyranitar
|-crit|p1a: Tyranitar
|-damage|p1a: Tyranitar|0 fnt
|faint|p1a: Tyranitar
|
|win|nezk025
|raw|fallen five's rating: 1439 &rarr; <strong>1416</strong><br />(-23 for losing)
|raw|nezk025's rating: 1393 &rarr; <strong>1416</strong><br />(+23 for winning)
|l|☆fallen five
|player|p1|
|l|☆nezk025
|player|p2|
