|badge|p2|bronze|gen9ubers|100-7
|uhtml|medal-msg|<div class="broadcast-blue">Curious what those medals under the avatar are? PS now has Ladder Seasons! For more information, check out the <a href="https://www.smogon.com/forums/threads/3740067/">thread on Smogon.</a></div>
|j|☆saler87
|j|☆Dracokorosenai
|t:|1760783111
|gametype|singles
|player|p1|saler87|lucas|1233
|player|p2|Dracokorosenai|gambler|1224
|gen|9
|tier|[Gen 9] OU
|rated|
|rule|HP Percentage Mod: HP is shown in percentages
|rule|Endless Battle Clause: Forcing endless battles is banned
|rule|Species Clause: Limit one of each Pokémon
|rule|OHKO Clause: OHKO moves are banned
|rule|Evasion Items Clause: Evasion items are banned
|rule|Evasion Moves Clause: Evasion moves are banned
|rule|Evasion Abilities Clause: Evasion abilities are banned
|rule|Sleep Moves Clause: Sleep-inducing moves are banned
|clearpoke
|poke|p1|Grimmsnarl, M|
|poke|p1|Scizor, M|
|poke|p1|Ceruledge, M|
|poke|p1|Glimmora, F|
|poke|p1|Iron Valiant|
|poke|p1|Hydreigon, M|
|poke|p2|Kingambit, M|
|poke|p2|Corviknight, M|
|poke|p2|Iron Moth|
|poke|p2|Darkrai|
|poke|p2|Dragapult, M|
|poke|p2|Regidrago|
|teampreview
|
|t:|1760783126
|teamsize|p1|6
|teamsize|p2|6
|start
|switch|p1a: Ceruledge|Ceruledge, M|100/100
|switch|p2a: Darkrai|Darkrai, shiny|100/100
|turn|1
|
|t:|1760783142
|switch|p1a: Scizor|Scizor, M|100/100
|move|p2a: Darkrai|Dark Pulse|p1a: Scizor
|-damage|p1a: Scizor|38/100
|-damage|p2a: Darkrai|91/100|[from] item: Life Orb
|
|upkeep
|turn|2
|inactive|Battle timer is ON: inactive players will automatically lose when time's up. (requested by Dracokorosenai)
|
|t:|1760783154
|move|p2a: Darkrai|Dark Pulse|p1a: Scizor
|-damage|p1a: Scizor|0 fnt
|faint|p1a: Scizor
|-damage|p2a: Darkrai|81/100|[from] item: Life Orb
|
|upkeep
|
|t:|1760783166
|switch|p1a: Grimmsnarl|Grimmsnarl, M|100/100
|turn|3
|
|t:|1760783172
|move|p1a: Grimmsnarl|Light Screen|p1a: Grimmsnarl
|-sidestart|p1: saler87|move: Light Screen
|move|p2a: Darkrai|Sludge Bomb|p1a: Grimmsnarl
|-supereffective|p1a: Grimmsnarl
|-crit|p1a: Grimmsnarl
|-damage|p1a: Grimmsnarl|0 fnt
|faint|p1a: Grimmsnarl
|-damage|p2a: Darkrai|71/100|[from] item: Life Orb
|
|upkeep
|inactive|saler87 has 120 seconds left.
|
|t:|1760783207
|switch|p1a: Hydreigon|Hydreigon, M|100/100
|turn|4
|
|t:|1760783212
|-terastallize|p2a: Darkrai|Fighting
|move|p2a: Darkrai|Focus Blast|p1a: Hydreigon|[miss]
|-miss|p2a: Darkrai|p1a: Hydreigon
|move|p1a: Hydreigon|Draco Meteor|p2a: Darkrai
|-damage|p2a: Darkrai|0 fnt
|-unboost|p1a: Hydreigon|spa|2
|faint|p2a: Darkrai
|
|upkeep
|
|t:|1760783224
|switch|p2a: Regidrago|Regidrago|100/100
|turn|5
|
|t:|1760783233
|move|p2a: Regidrago|Dragon Energy|p1a: Hydreigon
|-supereffective|p1a: Hydreigon
|-damage|p1a: Hydreigon|0 fnt
|faint|p1a: Hydreigon
|
|upkeep
|
|t:|1760783241
|switch|p1a: Iron Valiant|Iron Valiant|100/100
|-enditem|p1a: Iron Valiant|Booster Energy
|-activate|p1a: Iron Valiant|ability: Quark Drive|[fromitem]
|-start|p1a: Iron Valiant|quarkdrivespe
|turn|6
|
|t:|1760783248
|switch|p2a: Iron Moth|Iron Moth|100/100
|-enditem|p2a: Iron Moth|Booster Energy
|-activate|p2a: Iron Moth|ability: Quark Drive|[fromitem]
|-start|p2a: Iron Moth|quarkdrivespe
|move|p1a: Iron Valiant|Calm Mind|p1a: Iron Valiant
|-boost|p1a: Iron Valiant|spa|1
|-boost|p1a: Iron Valiant|spd|1
|
|upkeep
|turn|7
|
|t:|1760783258
|-terastallize|p1a: Iron Valiant|Electric
|move|p1a: Iron Valiant|Calm Mind|p1a: Iron Valiant
|-boost|p1a: Iron Valiant|spa|1
|-boost|p1a: Iron Valiant|spd|1
|move|p2a: Iron Moth|Sludge Wave|p1a: Iron Valiant
|-damage|p1a: Iron Valiant|80/100
|
|upkeep
|turn|8
|
|t:|1760783269
|move|p1a: Iron Valiant|Psyshock|p2a: Iron Moth
|-supereffective|p2a: Iron Moth
|-damage|p2a: Iron Moth|0 fnt
|faint|p2a: Iron Moth
|-end|p2a: Iron Moth|Quark Drive|[silent]
|
|upkeep
|
|t:|1760783278
|switch|p2a: Dragapult|Dragapult, M|100/100
|turn|9
|
|t:|1760783284
|move|p1a: Iron Valiant|Moonblast|p2a: Dragapult
|-supereffective|p2a: Dragapult
|-damage|p2a: Dragapult|0 fnt
|faint|p2a: Dragapult
|
|upkeep
|
|t:|1760783287
|switch|p2a: Kingambit|Kingambit, M|100/100
|-activate|p2a: Kingambit|ability: Supreme Overlord
|-start|p2a: Kingambit|fallen3|[silent]
|turn|10
|
|t:|1760783294
|move|p2a: Kingambit|Sucker Punch|p1a: Iron Valiant
|-damage|p1a: Iron Valiant|11/100
|move|p1a: Iron Valiant|Thunderbolt|p2a: Kingambit
|-damage|p2a: Kingambit|8/100
|
|-heal|p2a: Kingambit|14/100|[from] item: Leftovers
|-sideend|p1: saler87|move: Light Screen
|upkeep
|turn|11
|
|t:|1760783303
|-end|p1a: Iron Valiant|Quark Drive|[silent]
|switch|p1a: Glimmora|Glimmora, F|100/100
|move|p2a: Kingambit|Sucker Punch||[still]
|-fail|p2a: Kingambit
|
|-heal|p2a: Kingambit|21/100|[from] item: Leftovers
|upkeep
|turn|12
|
|t:|1760783312
|move|p1a: Glimmora|Earth Power|p2a: Kingambit
|-supereffective|p2a: Kingambit
|-damage|p2a: Kingambit|0 fnt
|faint|p2a: Kingambit
|-end|p2a: Kingambit|fallen3|[silent]
|
|upkeep
|
|t:|1760783318
|switch|p2a: Corviknight|Corviknight, M|100/100
|-ability|p2a: Corviknight|Pressure
|turn|13
|
|t:|1760783323
|move|p1a: Glimmora|Stealth Rock|p2a: Corviknight
|-sidestart|p2: Dracokorosenai|move: Stealth Rock
|move|p2a: Corviknight|Body Press|p1a: Glimmora
|-damage|p1a: Glimmora|85/100
|-activate|p1a: Glimmora|ability: Toxic Debris
|-sidestart|p2: Dracokorosenai|move: Toxic Spikes
|
|-heal|p1a: Glimmora|92/100|[from] item: Leftovers
|upkeep
|turn|14
|
|t:|1760783333
|switch|p1a: Ceruledge|Ceruledge, M|100/100
|move|p2a: Corviknight|Iron Defense|p2a: Corviknight
|-boost|p2a: Corviknight|def|2
|
|upkeep
|turn|15
|
|t:|1760783341
|switch|p1a: Glimmora|Glimmora, F|92/100
|move|p2a: Corviknight|Defog|p1a: Glimmora
|-unboost|p1a: Glimmora|evasion|1
|-sideend|p2: Dracokorosenai|Toxic Spikes|[from] move: Defog|[of] p2a: Corviknight
|-sideend|p2: Dracokorosenai|Stealth Rock|[from] move: Defog|[of] p2a: Corviknight
|
|-heal|p1a: Glimmora|98/100|[from] item: Leftovers
|upkeep
|turn|16
|
|t:|1760783350
|move|p1a: Glimmora|Stealth Rock|p2a: Corviknight
|-sidestart|p2: Dracokorosenai|move: Stealth Rock
|move|p2a: Corviknight|Body Press|p1a: Glimmora
|-damage|p1a: Glimmora|71/100
|-activate|p1a: Glimmora|ability: Toxic Debris
|-sidestart|p2: Dracokorosenai|move: Toxic Spikes
|
|-heal|p1a: Glimmora|78/100|[from] item: Leftovers
|upkeep
|turn|17
|
|t:|1760783361
|switch|p1a: Iron Valiant|Iron Valiant, tera:Electric|11/100
|move|p2a: Corviknight|Body Press|p1a: Iron Valiant
|-damage|p1a: Iron Valiant|0 fnt
|faint|p1a: Iron Valiant
|-end|p1a: Iron Valiant|Quark Drive|[silent]
|
|upkeep
|
|t:|1760783370
|switch|p1a: Ceruledge|Ceruledge, M|100/100
|turn|18
|
|t:|1760783373
|move|p1a: Ceruledge|Swords Dance|p1a: Ceruledge
|-boost|p1a: Ceruledge|atk|2
|move|p2a: Corviknight|Defog|p1a: Ceruledge
|-unboost|p1a: Ceruledge|evasion|1
|-sideend|p2: Dracokorosenai|Toxic Spikes|[from] move: Defog|[of] p2a: Corviknight
|-sideend|p2: Dracokorosenai|Stealth Rock|[from] move: Defog|[of] p2a: Corviknight
|
|upkeep
|turn|19
|
|t:|1760783380
|move|p1a: Ceruledge|Swords Dance|p1a: Ceruledge
|-boost|p1a: Ceruledge|atk|2
|move|p2a: Corviknight|Iron Defense|p2a: Corviknight
|-boost|p2a: Corviknight|def|2
|
|upkeep
|turn|20
|
|t:|1760783386
|move|p1a: Ceruledge|Bitter Blade|p2a: Corviknight
|-supereffective|p2a: Corviknight
|-damage|p2a: Corviknight|28/100
|move|p2a: Corviknight|Iron Defense|p2a: Corviknight
|-boost|p2a: Corviknight|def|2
|
|-heal|p2a: Corviknight|34/100|[from] item: Leftovers
|upkeep
|turn|21
|
|t:|1760783395
|move|p1a: Ceruledge|Bitter Blade|p2a: Corviknight
|-supereffective|p2a: Corviknight
|-damage|p2a: Corviknight|0 fnt
|faint|p2a: Corviknight
|
|upkeep
|
|t:|1760783401
|switch|p2a: Regidrago|Regidrago|100/100
|turn|22
|
|t:|1760783412
|move|p1a: Ceruledge|Shadow Sneak|p2a: Regidrago
|-damage|p2a: Regidrago|32/100
|move|p2a: Regidrago|Earth Power|p1a: Ceruledge
|-supereffective|p1a: Ceruledge
|-damage|p1a: Ceruledge|37/100
|
|upkeep
|turn|23
|-message|Dracokorosenai forfeited.
|
|win|saler87
|raw|saler87's rating: 1233 &rarr; <strong>1257</strong><br />(+24 for winning)
|raw|Dracokorosenai's rating: 1224 &rarr; <strong>1200</strong><br />(-24 for losing)
|l|☆Dracokorosenai
|player|p2|
|l|☆saler87
|player|p1|
