|j|☆vapelordell
|j|☆healboy009
|t:|1760785657
|gametype|singles
|player|p1|vapelordell|170|1459
|player|p2|healboy009|backpacker|1493
|gen|9
|tier|[Gen 9] OU
|rated|
|rule|HP Percentage Mod: HP is shown in percentages
|rule|Endless Battle Clause: Forcing endless battles is banned
|rule|Species Clause: Limit one of each Pokémon
|rule|OHKO Clause: OHKO moves are banned
|rule|Evasion Items Clause: Evasion items are banned
|rule|Evasion Moves Clause: Evasion moves are banned
|rule|Evasion Abilities Clause: Evasion abilities are banned
|rule|Sleep Moves Clause: Sleep-inducing moves are banned
|clearpoke
|poke|p1|Dondozo, M|
|poke|p1|Blissey, F|
|poke|p1|Corviknight, F|
|poke|p1|Weezing-Galar, F|
|poke|p1|Gliscor, F|
|poke|p1|Toxapex, M|
|poke|p2|Skeledirge, F|
|poke|p2|Ogerpon-Wellspring, F|
|poke|p2|Dragapult, F|
|poke|p2|Weezing-Galar, F|
|poke|p2|Ting-Lu|
|poke|p2|Corviknight, M|
|teampreview
|inactive|Battle timer is ON: inactive players will automatically lose when time's up. (requested by healboy009)
|inactive|vapelordell has 120 seconds left.
|
|t:|1760785712
|teamsize|p1|6
|teamsize|p2|6
|start
|switch|p1a: Toxapex|Toxapex, M|100/100
|switch|p2a: Ogerpon|Ogerpon-Wellspring, F|100/100
|turn|1
|j| RedemptiveSketch
|
|t:|1760785728
|move|p2a: Ogerpon|Knock Off|p1a: Toxapex
|-damage|p1a: Toxapex|73/100
|-enditem|p1a: Toxapex|Leftovers|[from] move: Knock Off|[of] p2a: Ogerpon
|move|p1a: Toxapex|Toxic Spikes|p2a: Ogerpon
|-sidestart|p2: healboy009|move: Toxic Spikes
|
|upkeep
|turn|2
|
|t:|1760785733
|move|p2a: Ogerpon|Spikes|p1a: Toxapex
|-sidestart|p1: vapelordell|Spikes
|move|p1a: Toxapex|Toxic Spikes|p2a: Ogerpon
|-sidestart|p2: healboy009|move: Toxic Spikes
|
|upkeep
|turn|3
|
|t:|1760785736
|move|p2a: Ogerpon|Spikes|p1a: Toxapex
|-sidestart|p1: vapelordell|Spikes
|move|p1a: Toxapex|Toxic|p2a: Ogerpon
|-status|p2a: Ogerpon|tox
|
|-damage|p2a: Ogerpon|94/100 tox|[from] psn
|upkeep
|turn|4
|
|t:|1760785744
|switch|p1a: Gliscor|Gliscor, F|100/100
|move|p2a: Ogerpon|Spikes|p1a: Gliscor
|-sidestart|p1: vapelordell|Spikes
|
|-damage|p2a: Ogerpon|82/100 tox|[from] psn
|-status|p1a: Gliscor|tox|[from] item: Toxic Orb
|upkeep
|turn|5
|
|t:|1760785753
|move|p1a: Gliscor|Protect|p1a: Gliscor
|-singleturn|p1a: Gliscor|Protect
|move|p2a: Ogerpon|Ivy Cudgel|p1a: Gliscor|[anim] Ivy Cudgel Water
|-activate|p1a: Gliscor|move: Protect
|
|-damage|p2a: Ogerpon|64/100 tox|[from] psn
|upkeep
|turn|6
|
|t:|1760785756
|switch|p1a: Toxapex|Toxapex, M|100/100
|-damage|p1a: Toxapex|75/100|[from] Spikes
|move|p2a: Ogerpon|Synthesis|p2a: Ogerpon
|-heal|p2a: Ogerpon|100/100 tox
|
|-damage|p2a: Ogerpon|76/100 tox|[from] psn
|upkeep
|turn|7
|
|t:|1760785762
|switch|p2a: Weezing|Weezing-Galar, F|100/100
|-ability|p2a: Weezing|Neutralizing Gas
|-sideend|p2: healboy009|move: Toxic Spikes|[of] p2a: Weezing
|move|p1a: Toxapex|Toxic|p2a: Weezing
|-immune|p2a: Weezing
|
|upkeep
|turn|8
|
|t:|1760785769
|switch|p1a: Weezing|Weezing-Galar, F|100/100
|-ability|p1a: Weezing|Neutralizing Gas
|move|p2a: Weezing|Will-O-Wisp|p1a: Weezing
|-status|p1a: Weezing|brn
|
|-damage|p1a: Weezing|95/100 brn|[from] brn
|upkeep
|turn|9
|
|t:|1760785773
|move|p2a: Weezing|Sludge Bomb|p1a: Weezing
|-damage|p1a: Weezing|59/100 brn
|move|p1a: Weezing|Defog|p2a: Weezing
|-unboost|p2a: Weezing|evasion|1
|-sideend|p1: vapelordell|Spikes|[from] move: Defog|[of] p1a: Weezing
|
|-damage|p1a: Weezing|53/100 brn|[from] brn
|upkeep
|turn|10
|
|t:|1760785792
|switch|p1a: Blissey|Blissey, F|100/100
|move|p2a: Weezing|Will-O-Wisp|p1a: Blissey
|-status|p1a: Blissey|brn
|
|-damage|p1a: Blissey|94/100 brn|[from] brn
|upkeep
|turn|11
|
|t:|1760785800
|-end|p2a: Weezing|ability: Neutralizing Gas
|switch|p2a: Corviknight|Corviknight, M|100/100
|-ability|p2a: Corviknight|Pressure
|move|p1a: Blissey|Stealth Rock|p2a: Corviknight
|-sidestart|p2: healboy009|move: Stealth Rock
|
|-heal|p1a: Blissey|100/100 brn|[from] item: Leftovers
|-damage|p1a: Blissey|94/100 brn|[from] brn
|upkeep
|turn|12
|j| frgtrgkwokerf
|
|t:|1760785806
|-curestatus|p1a: Blissey|brn|[from] ability: Natural Cure
|switch|p1a: Gliscor|Gliscor, F|100/100 tox
|move|p2a: Corviknight|Iron Defense|p2a: Corviknight
|-boost|p2a: Corviknight|def|2
|
|upkeep
|turn|13
|j| TheNewBrends11@!
|l| frgtrgkwokerf
|
|t:|1760785817
|move|p1a: Gliscor|Knock Off|p2a: Corviknight
|-damage|p2a: Corviknight|94/100
|-damage|p1a: Gliscor|84/100 tox|[from] item: Rocky Helmet|[of] p2a: Corviknight
|-enditem|p2a: Corviknight|Rocky Helmet|[from] move: Knock Off|[of] p1a: Gliscor
|move|p2a: Corviknight|Iron Defense|p2a: Corviknight
|-boost|p2a: Corviknight|def|2
|
|-heal|p1a: Gliscor|97/100 tox|[from] ability: Poison Heal
|upkeep
|turn|14
|
|t:|1760785821
|switch|p1a: Toxapex|Toxapex, M|75/100
|move|p2a: Corviknight|Iron Defense|p2a: Corviknight
|-boost|p2a: Corviknight|def|2
|
|upkeep
|turn|15
|
|t:|1760785824
|move|p2a: Corviknight|Body Press|p1a: Toxapex
|-resisted|p1a: Toxapex
|-damage|p1a: Toxapex|32/100
|move|p1a: Toxapex|Haze|p1a: Toxapex
|-clearallboost
|
|upkeep
|turn|16
|
|t:|1760785829
|move|p2a: Corviknight|Brave Bird|p1a: Toxapex
|-damage|p1a: Toxapex|5/100
|-damage|p2a: Corviknight|87/100|[from] Recoil
|move|p1a: Toxapex|Recover|p1a: Toxapex
|-heal|p1a: Toxapex|55/100
|
|upkeep
|turn|17
|
|t:|1760785834
|move|p2a: Corviknight|Brave Bird|p1a: Toxapex
|-damage|p1a: Toxapex|25/100
|-damage|p2a: Corviknight|80/100|[from] Recoil
|move|p1a: Toxapex|Recover|p1a: Toxapex
|-heal|p1a: Toxapex|75/100
|
|upkeep
|turn|18
|
|t:|1760785840
|switch|p1a: Gliscor|Gliscor, F|97/100 tox
|move|p2a: Corviknight|Brave Bird|p1a: Gliscor
|-damage|p1a: Gliscor|69/100 tox
|-damage|p2a: Corviknight|72/100|[from] Recoil
|
|-heal|p1a: Gliscor|82/100 tox|[from] ability: Poison Heal
|upkeep
|turn|19
|
|t:|1760785844
|move|p1a: Gliscor|Spikes|p2a: Corviknight
|-sidestart|p2: healboy009|Spikes
|move|p2a: Corviknight|Iron Defense|p2a: Corviknight
|-boost|p2a: Corviknight|def|2
|
|-heal|p1a: Gliscor|94/100 tox|[from] ability: Poison Heal
|upkeep
|turn|20
|
|t:|1760785847
|switch|p1a: Toxapex|Toxapex, M|100/100
|move|p2a: Corviknight|Iron Defense|p2a: Corviknight
|-boost|p2a: Corviknight|def|2
|
|upkeep
|turn|21
|
|t:|1760785850
|move|p2a: Corviknight|Body Press|p1a: Toxapex
|-resisted|p1a: Toxapex
|-damage|p1a: Toxapex|69/100
|move|p1a: Toxapex|Haze|p1a: Toxapex
|-clearallboost
|
|upkeep
|turn|22
|
|t:|1760785853
|switch|p1a: Gliscor|Gliscor, F|94/100 tox
|move|p2a: Corviknight|Brave Bird|p1a: Gliscor
|-damage|p1a: Gliscor|65/100 tox
|-damage|p2a: Corviknight|63/100|[from] Recoil
|
|-heal|p1a: Gliscor|77/100 tox|[from] ability: Poison Heal
|upkeep
|turn|23
|
|t:|1760785858
|move|p1a: Gliscor|Spikes|p2a: Corviknight
|-sidestart|p2: healboy009|Spikes
|move|p2a: Corviknight|Iron Defense|p2a: Corviknight
|-boost|p2a: Corviknight|def|2
|
|-heal|p1a: Gliscor|90/100 tox|[from] ability: Poison Heal
|upkeep
|turn|24
|
|t:|1760785860
|switch|p1a: Toxapex|Toxapex, M|100/100
|move|p2a: Corviknight|Iron Defense|p2a: Corviknight
|-boost|p2a: Corviknight|def|2
|
|upkeep
|turn|25
|
|t:|1760785863
|move|p2a: Corviknight|Body Press|p1a: Toxapex
|-resisted|p1a: Toxapex
|-damage|p1a: Toxapex|69/100
|move|p1a: Toxapex|Haze|p1a: Toxapex
|-clearallboost
|
|upkeep
|turn|26
|
|t:|1760785868
|switch|p1a: Gliscor|Gliscor, F|90/100 tox
|move|p2a: Corviknight|Iron Defense|p2a: Corviknight
|-boost|p2a: Corviknight|def|2
|
|-heal|p1a: Gliscor|100/100 tox|[from] ability: Poison Heal
|upkeep
|turn|27
|j| Sanesa8724
|
|t:|1760785872
|switch|p1a: Toxapex|Toxapex, M|100/100
|move|p2a: Corviknight|Iron Defense|p2a: Corviknight
|-boost|p2a: Corviknight|def|2
|
|upkeep
|turn|28
|
|t:|1760785874
|move|p2a: Corviknight|Body Press|p1a: Toxapex
|-resisted|p1a: Toxapex
|-damage|p1a: Toxapex|69/100
|move|p1a: Toxapex|Haze|p1a: Toxapex
|-clearallboost
|
|upkeep
|turn|29
|
|t:|1760785877
|switch|p1a: Gliscor|Gliscor, F|100/100 tox
|move|p2a: Corviknight|Brave Bird|p1a: Gliscor
|-damage|p1a: Gliscor|71/100 tox
|-damage|p2a: Corviknight|55/100|[from] Recoil
|
|-heal|p1a: Gliscor|84/100 tox|[from] ability: Poison Heal
|upkeep
|turn|30
|
|t:|1760785880
|move|p1a: Gliscor|Spikes|p2a: Corviknight
|-sidestart|p2: healboy009|Spikes
|move|p2a: Corviknight|Roost|p2a: Corviknight
|-heal|p2a: Corviknight|100/100
|-singleturn|p2a: Corviknight|move: Roost
|
|-heal|p1a: Gliscor|96/100 tox|[from] ability: Poison Heal
|upkeep
|turn|31
|l| Sanesa8724
|
|t:|1760785882
|switch|p1a: Toxapex|Toxapex, M|100/100
|switch|p2a: Weezing|Weezing-Galar, F|100/100
|-ability|p2a: Weezing|Neutralizing Gas
|
|upkeep
|turn|32
|
|t:|1760785891
|switch|p1a: Blissey|Blissey, F|94/100
|move|p2a: Weezing|Defog|p1a: Blissey
|-unboost|p1a: Blissey|evasion|1
|-sideend|p2: healboy009|Spikes|[from] move: Defog|[of] p2a: Weezing
|-sideend|p2: healboy009|Stealth Rock|[from] move: Defog|[of] p2a: Weezing
|
|-heal|p1a: Blissey|100/100|[from] item: Leftovers
|upkeep
|turn|33
|
|t:|1760785894
|move|p2a: Weezing|Will-O-Wisp|p1a: Blissey
|-status|p1a: Blissey|brn
|move|p1a: Blissey|Seismic Toss|p2a: Weezing
|-damage|p2a: Weezing|71/100
|
|-damage|p1a: Blissey|94/100 brn|[from] brn
|upkeep
|turn|34
|
|t:|1760785897
|move|p2a: Weezing|Pain Split|p1a: Blissey
|-sethp|p1a: Blissey|65/100 brn|[from] move: Pain Split|[silent]
|-sethp|p2a: Weezing|100/100|[from] move: Pain Split
|move|p1a: Blissey|Seismic Toss|p2a: Weezing
|-damage|p2a: Weezing|71/100
|
|-heal|p1a: Blissey|71/100 brn|[from] item: Leftovers
|-damage|p1a: Blissey|65/100 brn|[from] brn
|upkeep
|turn|35
|
|t:|1760785901
|move|p2a: Weezing|Pain Split|p1a: Blissey
|-sethp|p1a: Blissey|51/100 brn|[from] move: Pain Split|[silent]
|-sethp|p2a: Weezing|99/100|[from] move: Pain Split
|move|p1a: Blissey|Soft-Boiled|p1a: Blissey
|-heal|p1a: Blissey|100/100 brn
|
|-damage|p1a: Blissey|94/100 brn|[from] brn
|upkeep
|turn|36
|
|t:|1760785905
|move|p2a: Weezing|Pain Split|p1a: Blissey
|-sethp|p1a: Blissey|72/100 brn|[from] move: Pain Split|[silent]
|-sethp|p2a: Weezing|100/100|[from] move: Pain Split
|move|p1a: Blissey|Stealth Rock|p2a: Weezing
|-sidestart|p2: healboy009|move: Stealth Rock
|
|-heal|p1a: Blissey|79/100 brn|[from] item: Leftovers
|-damage|p1a: Blissey|72/100 brn|[from] brn
|upkeep
|turn|37
|
|t:|1760785909
|move|p2a: Weezing|Defog|p1a: Blissey
|-unboost|p1a: Blissey|evasion|1
|-sideend|p2: healboy009|Stealth Rock|[from] move: Defog|[of] p2a: Weezing
|move|p1a: Blissey|Soft-Boiled|p1a: Blissey
|-heal|p1a: Blissey|100/100 brn
|
|-damage|p1a: Blissey|94/100 brn|[from] brn
|upkeep
|turn|38
|
|t:|1760785921
|switch|p1a: Gliscor|Gliscor, F|96/100 tox
|move|p2a: Weezing|Pain Split|p1a: Gliscor
|-sethp|p1a: Gliscor|96/100 tox|[from] move: Pain Split|[silent]
|-sethp|p2a: Weezing|100/100|[from] move: Pain Split
|
|-damage|p1a: Gliscor|89/100 tox|[from] psn
|upkeep
|turn|39
|
|t:|1760785926
|move|p2a: Weezing|Sludge Bomb|p1a: Gliscor
|-resisted|p1a: Gliscor
|-damage|p1a: Gliscor|77/100 tox
|move|p1a: Gliscor|Knock Off|p2a: Weezing
|-resisted|p2a: Weezing
|-damage|p2a: Weezing|92/100
|-enditem|p2a: Weezing|Heavy-Duty Boots|[from] move: Knock Off|[of] p1a: Gliscor
|
|-damage|p1a: Gliscor|65/100 tox|[from] psn
|upkeep
|turn|40
|
|t:|1760785934
|move|p1a: Gliscor|Protect|p1a: Gliscor
|-singleturn|p1a: Gliscor|Protect
|move|p2a: Weezing|Sludge Bomb|p1a: Gliscor
|-activate|p1a: Gliscor|move: Protect
|
|-damage|p1a: Gliscor|46/100 tox|[from] psn
|upkeep
|turn|41
|
|t:|1760785940
|switch|p1a: Corviknight|Corviknight, F|100/100
|move|p2a: Weezing|Pain Split|p1a: Corviknight
|-sethp|p1a: Corviknight|89/100|[from] move: Pain Split|[silent]
|-sethp|p2a: Weezing|100/100|[from] move: Pain Split
|
|-heal|p1a: Corviknight|95/100|[from] item: Leftovers
|upkeep
|turn|42
|
|t:|1760785944
|switch|p1a: Toxapex|Toxapex, M|100/100
|move|p2a: Weezing|Will-O-Wisp|p1a: Toxapex
|-status|p1a: Toxapex|brn
|
|-damage|p1a: Toxapex|94/100 brn|[from] brn
|upkeep
|turn|43
|
|t:|1760785951
|move|p2a: Weezing|Sludge Bomb|p1a: Toxapex
|-resisted|p1a: Toxapex
|-damage|p1a: Toxapex|85/100 brn
|move|p1a: Toxapex|Toxic Spikes|p2a: Weezing
|-sidestart|p2: healboy009|move: Toxic Spikes
|
|-damage|p1a: Toxapex|79/100 brn|[from] brn
|upkeep
|turn|44
|
|t:|1760785954
|move|p2a: Weezing|Defog|p1a: Toxapex
|-unboost|p1a: Toxapex|evasion|1
|-sideend|p2: healboy009|Toxic Spikes|[from] move: Defog|[of] p2a: Weezing
|move|p1a: Toxapex|Toxic Spikes|p2a: Weezing
|-sidestart|p2: healboy009|move: Toxic Spikes
|
|-damage|p1a: Toxapex|73/100 brn|[from] brn
|upkeep
|turn|45
|
|t:|1760785961
|move|p2a: Weezing|Defog|p1a: Toxapex
|-unboost|p1a: Toxapex|evasion|1
|-sideend|p2: healboy009|Toxic Spikes|[from] move: Defog|[of] p2a: Weezing
|move|p1a: Toxapex|Toxic Spikes|p2a: Weezing
|-sidestart|p2: healboy009|move: Toxic Spikes
|
|-damage|p1a: Toxapex|67/100 brn|[from] brn
|upkeep
|turn|46
|
|t:|1760785965
|-end|p2a: Weezing|ability: Neutralizing Gas
|switch|p2a: Corviknight|Corviknight, M|100/100
|-ability|p2a: Corviknight|Pressure
|move|p1a: Toxapex|Toxic Spikes|p2a: Corviknight
|-sidestart|p2: healboy009|move: Toxic Spikes
|
|-damage|p1a: Toxapex|60/100 brn|[from] brn
|upkeep
|turn|47
|
|t:|1760785969
|switch|p2a: Weezing|Weezing-Galar, F|100/100
|-ability|p2a: Weezing|Neutralizing Gas
|-sideend|p2: healboy009|move: Toxic Spikes|[of] p2a: Weezing
|switch|p1a: Gliscor|Gliscor, F|46/100 tox
|
|-damage|p1a: Gliscor|40/100 tox|[from] psn
|upkeep
|turn|48
|
|t:|1760785977
|switch|p1a: Toxapex|Toxapex, M|60/100 brn
|move|p2a: Weezing|Sludge Bomb|p1a: Toxapex
|-resisted|p1a: Toxapex
|-damage|p1a: Toxapex|51/100 brn
|
|-damage|p1a: Toxapex|45/100 brn|[from] brn
|upkeep
|turn|49
|
|t:|1760785982
|move|p2a: Weezing|Sludge Bomb|p1a: Toxapex
|-resisted|p1a: Toxapex
|-damage|p1a: Toxapex|36/100 brn
|move|p1a: Toxapex|Recover|p1a: Toxapex
|-heal|p1a: Toxapex|86/100 brn
|
|-damage|p1a: Toxapex|80/100 brn|[from] brn
|upkeep
|turn|50
|
|t:|1760785993
|-end|p2a: Weezing|ability: Neutralizing Gas
|switch|p2a: Corviknight|Corviknight, M|100/100
|-ability|p2a: Corviknight|Pressure
|switch|p1a: Blissey|Blissey, F|94/100 brn
|
|-heal|p1a: Blissey|100/100 brn|[from] item: Leftovers
|-damage|p1a: Blissey|94/100 brn|[from] brn
|upkeep
|turn|51
|
|t:|1760785997
|switch|p2a: Weezing|Weezing-Galar, F|100/100
|-ability|p2a: Weezing|Neutralizing Gas
|switch|p1a: Gliscor|Gliscor, F|40/100 tox
|
|-damage|p1a: Gliscor|34/100 tox|[from] psn
|upkeep
|turn|52
|
|t:|1760786002
|switch|p1a: Blissey|Blissey, F|94/100 brn
|move|p2a: Weezing|Sludge Bomb|p1a: Blissey
|-damage|p1a: Blissey|85/100 brn
|
|-heal|p1a: Blissey|91/100 brn|[from] item: Leftovers
|-damage|p1a: Blissey|85/100 brn|[from] brn
|upkeep
|turn|53
|
|t:|1760786011
|switch|p1a: Toxapex|Toxapex, M|100/100 brn
|move|p2a: Weezing|Sludge Bomb|p1a: Toxapex
|-resisted|p1a: Toxapex
|-crit|p1a: Toxapex
|-damage|p1a: Toxapex|87/100 brn
|
|-damage|p1a: Toxapex|80/100 brn|[from] brn
|upkeep
|turn|54
|
|t:|1760786015
|-end|p2a: Weezing|ability: Neutralizing Gas
|switch|p2a: Corviknight|Corviknight, M|100/100
|-ability|p2a: Corviknight|Pressure
|switch|p1a: Dondozo|Dondozo, M|100/100
|
|upkeep
|turn|55
|
|t:|1760786020
|move|p2a: Corviknight|Brave Bird|p1a: Dondozo
|-damage|p1a: Dondozo|84/100
|-damage|p2a: Corviknight|94/100|[from] Recoil
|move|p1a: Dondozo|Avalanche|p2a: Corviknight
|-crit|p2a: Corviknight
|-damage|p2a: Corviknight|71/100
|
|-heal|p1a: Dondozo|91/100|[from] item: Leftovers
|upkeep
|turn|56
|
|t:|1760786024
|move|p2a: Corviknight|Brave Bird|p1a: Dondozo
|-damage|p1a: Dondozo|73/100
|-damage|p2a: Corviknight|64/100|[from] Recoil
|move|p1a: Dondozo|Avalanche|p2a: Corviknight
|-damage|p2a: Corviknight|47/100
|
|-heal|p1a: Dondozo|79/100|[from] item: Leftovers
|upkeep
|turn|57
|
|t:|1760786027
|move|p2a: Corviknight|Roost|p2a: Corviknight
|-heal|p2a: Corviknight|97/100
|-singleturn|p2a: Corviknight|move: Roost
|move|p1a: Dondozo|Avalanche|p2a: Corviknight
|-resisted|p2a: Corviknight
|-damage|p2a: Corviknight|92/100
|
|-heal|p1a: Dondozo|85/100|[from] item: Leftovers
|upkeep
|turn|58
|
|t:|1760786031
|move|p2a: Corviknight|Brave Bird|p1a: Dondozo
|-damage|p1a: Dondozo|69/100
|-damage|p2a: Corviknight|86/100|[from] Recoil
|move|p1a: Dondozo|Avalanche|p2a: Corviknight
|-damage|p2a: Corviknight|70/100
|
|-heal|p1a: Dondozo|75/100|[from] item: Leftovers
|upkeep
|turn|59
|
|t:|1760786033
|move|p2a: Corviknight|Brave Bird|p1a: Dondozo
|-damage|p1a: Dondozo|59/100
|-damage|p2a: Corviknight|63/100|[from] Recoil
|move|p1a: Dondozo|Avalanche|p2a: Corviknight
|-damage|p2a: Corviknight|45/100
|
|-heal|p1a: Dondozo|65/100|[from] item: Leftovers
|upkeep
|turn|60
|
|t:|1760786036
|move|p2a: Corviknight|Roost|p2a: Corviknight
|-heal|p2a: Corviknight|95/100
|-singleturn|p2a: Corviknight|move: Roost
|move|p1a: Dondozo|Body Press|p2a: Corviknight
|-supereffective|p2a: Corviknight
|-damage|p2a: Corviknight|64/100
|
|-heal|p1a: Dondozo|71/100|[from] item: Leftovers
|upkeep
|turn|61
|
|t:|1760786038
|move|p2a: Corviknight|Brave Bird|p1a: Dondozo
|-damage|p1a: Dondozo|54/100
|-damage|p2a: Corviknight|57/100|[from] Recoil
|move|p1a: Dondozo|Avalanche|p2a: Corviknight
|-damage|p2a: Corviknight|39/100
|
|-heal|p1a: Dondozo|61/100|[from] item: Leftovers
|upkeep
|turn|62
|
|t:|1760786042
|move|p2a: Corviknight|Roost|p2a: Corviknight
|-heal|p2a: Corviknight|89/100
|-singleturn|p2a: Corviknight|move: Roost
|move|p1a: Dondozo|Body Press|p2a: Corviknight
|-supereffective|p2a: Corviknight
|-damage|p2a: Corviknight|55/100
|
|-heal|p1a: Dondozo|67/100|[from] item: Leftovers
|upkeep
|turn|63
|
|t:|1760786048
|move|p2a: Corviknight|Roost|p2a: Corviknight
|-heal|p2a: Corviknight|100/100
|-singleturn|p2a: Corviknight|move: Roost
|move|p1a: Dondozo|Body Press|p2a: Corviknight
|-supereffective|p2a: Corviknight
|-damage|p2a: Corviknight|69/100
|
|-heal|p1a: Dondozo|73/100|[from] item: Leftovers
|upkeep
|turn|64
|
|t:|1760786051
|move|p2a: Corviknight|Brave Bird|p1a: Dondozo
|-damage|p1a: Dondozo|56/100
|-damage|p2a: Corviknight|62/100|[from] Recoil
|move|p1a: Dondozo|Rest|p1a: Dondozo
|-status|p1a: Dondozo|slp|[from] move: Rest
|-heal|p1a: Dondozo|100/100 slp|[silent]
|
|upkeep
|turn|65
|
|t:|1760786055
|move|p2a: Corviknight|Roost|p2a: Corviknight
|-heal|p2a: Corviknight|100/100
|-singleturn|p2a: Corviknight|move: Roost
|cant|p1a: Dondozo|slp
|move|p1a: Dondozo|Sleep Talk|p1a: Dondozo
|move|p1a: Dondozo|Avalanche|p2a: Corviknight|[from] move: Sleep Talk
|-resisted|p2a: Corviknight
|-damage|p2a: Corviknight|96/100
|
|upkeep
|turn|66
|
|t:|1760786057
|move|p2a: Corviknight|Brave Bird|p1a: Dondozo
|-damage|p1a: Dondozo|84/100 slp
|-damage|p2a: Corviknight|89/100|[from] Recoil
|cant|p1a: Dondozo|slp
|move|p1a: Dondozo|Sleep Talk|p1a: Dondozo
|move|p1a: Dondozo|Rest||[from] move: Sleep Talk|[still]
|-fail|p1a: Dondozo
|
|-heal|p1a: Dondozo|90/100 slp|[from] item: Leftovers
|upkeep
|turn|67
|
|t:|1760786061
|move|p2a: Corviknight|Brave Bird|p1a: Dondozo
|-damage|p1a: Dondozo|72/100 slp
|-damage|p2a: Corviknight|82/100|[from] Recoil
|-curestatus|p1a: Dondozo|slp|[msg]
|move|p1a: Dondozo|Body Press|p2a: Corviknight
|-damage|p2a: Corviknight|64/100
|
|-heal|p1a: Dondozo|78/100|[from] item: Leftovers
|upkeep
|turn|68
|
|t:|1760786063
|move|p2a: Corviknight|Brave Bird|p1a: Dondozo
|-damage|p1a: Dondozo|61/100
|-damage|p2a: Corviknight|57/100|[from] Recoil
|move|p1a: Dondozo|Body Press|p2a: Corviknight
|-damage|p2a: Corviknight|40/100
|
|-heal|p1a: Dondozo|67/100|[from] item: Leftovers
|upkeep
|turn|69
|
|t:|1760786067
|move|p2a: Corviknight|Roost|p2a: Corviknight
|-heal|p2a: Corviknight|90/100
|-singleturn|p2a: Corviknight|move: Roost
|move|p1a: Dondozo|Rest|p1a: Dondozo
|-status|p1a: Dondozo|slp|[from] move: Rest
|-heal|p1a: Dondozo|100/100 slp|[silent]
|
|upkeep
|turn|70
|
|t:|1760786069
|move|p2a: Corviknight|Brave Bird|p1a: Dondozo
|-damage|p1a: Dondozo|84/100 slp
|-damage|p2a: Corviknight|83/100|[from] Recoil
|cant|p1a: Dondozo|slp
|move|p1a: Dondozo|Sleep Talk|p1a: Dondozo
|move|p1a: Dondozo|Body Press|p2a: Corviknight|[from] move: Sleep Talk
|-damage|p2a: Corviknight|65/100
|
|-heal|p1a: Dondozo|90/100 slp|[from] item: Leftovers
|upkeep
|turn|71
|
|t:|1760786071
|move|p2a: Corviknight|Brave Bird|p1a: Dondozo
|-damage|p1a: Dondozo|74/100 slp
|-damage|p2a: Corviknight|59/100|[from] Recoil
|cant|p1a: Dondozo|slp
|move|p1a: Dondozo|Sleep Talk|p1a: Dondozo
|move|p1a: Dondozo|Avalanche|p2a: Corviknight|[from] move: Sleep Talk
|-damage|p2a: Corviknight|41/100
|
|-heal|p1a: Dondozo|80/100 slp|[from] item: Leftovers
|upkeep
|turn|72
|
|t:|1760786074
|move|p2a: Corviknight|Roost|p2a: Corviknight
|-heal|p2a: Corviknight|91/100
|-singleturn|p2a: Corviknight|move: Roost
|-curestatus|p1a: Dondozo|slp|[msg]
|move|p1a: Dondozo|Sleep Talk||[still]
|-fail|p1a: Dondozo
|
|-heal|p1a: Dondozo|86/100|[from] item: Leftovers
|upkeep
|turn|73
|
|t:|1760786079
|move|p2a: Corviknight|Brave Bird|p1a: Dondozo
|-damage|p1a: Dondozo|71/100
|-damage|p2a: Corviknight|85/100|[from] Recoil
|move|p1a: Dondozo|Rest|p1a: Dondozo
|-status|p1a: Dondozo|slp|[from] move: Rest
|-heal|p1a: Dondozo|100/100 slp|[silent]
|
|upkeep
|turn|74
|
|t:|1760786081
|move|p2a: Corviknight|Brave Bird|p1a: Dondozo
|-damage|p1a: Dondozo|85/100 slp
|-damage|p2a: Corviknight|78/100|[from] Recoil
|cant|p1a: Dondozo|slp
|move|p1a: Dondozo|Sleep Talk|p1a: Dondozo
|move|p1a: Dondozo|Body Press|p2a: Corviknight|[from] move: Sleep Talk
|-damage|p2a: Corviknight|61/100
|
|-heal|p1a: Dondozo|91/100 slp|[from] item: Leftovers
|upkeep
|turn|75
|
|t:|1760786086
|move|p2a: Corviknight|Brave Bird|p1a: Dondozo
|-damage|p1a: Dondozo|75/100 slp
|-damage|p2a: Corviknight|54/100|[from] Recoil
|cant|p1a: Dondozo|slp
|move|p1a: Dondozo|Sleep Talk|p1a: Dondozo
|move|p1a: Dondozo|Rest||[from] move: Sleep Talk|[still]
|-fail|p1a: Dondozo
|
|-heal|p1a: Dondozo|81/100 slp|[from] item: Leftovers
|upkeep
|turn|76
|j| wallik
|
|t:|1760786098
|move|p2a: Corviknight|Brave Bird|p1a: Dondozo
|-damage|p1a: Dondozo|64/100 slp
|-damage|p2a: Corviknight|47/100|[from] Recoil
|-curestatus|p1a: Dondozo|slp|[msg]
|move|p1a: Dondozo|Avalanche|p2a: Corviknight
|-damage|p2a: Corviknight|30/100
|
|-heal|p1a: Dondozo|70/100|[from] item: Leftovers
|upkeep
|turn|77
|
|t:|1760786103
|move|p2a: Corviknight|Brave Bird|p1a: Dondozo
|-damage|p1a: Dondozo|55/100
|-damage|p2a: Corviknight|24/100|[from] Recoil
|move|p1a: Dondozo|Rest|p1a: Dondozo
|-status|p1a: Dondozo|slp|[from] move: Rest
|-heal|p1a: Dondozo|100/100 slp|[silent]
|
|upkeep
|turn|78
|
|t:|1760786105
|move|p2a: Corviknight|Brave Bird|p1a: Dondozo
|-damage|p1a: Dondozo|83/100 slp
|-damage|p2a: Corviknight|16/100|[from] Recoil
|cant|p1a: Dondozo|slp
|move|p1a: Dondozo|Sleep Talk|p1a: Dondozo
|move|p1a: Dondozo|Avalanche|p2a: Corviknight|[from] move: Sleep Talk
|-damage|p2a: Corviknight|0 fnt
|faint|p2a: Corviknight
|
|-heal|p1a: Dondozo|89/100 slp|[from] item: Leftovers
|upkeep
|
|t:|1760786113
|switch|p2a: Ogerpon|Ogerpon-Wellspring, F|76/100 tox
|turn|79
|
|t:|1760786118
|switch|p1a: Toxapex|Toxapex, M|100/100 brn
|move|p2a: Ogerpon|Ivy Cudgel|p1a: Toxapex|[anim] Ivy Cudgel Water
|-resisted|p1a: Toxapex
|-damage|p1a: Toxapex|79/100 brn
|
|-damage|p2a: Ogerpon|70/100 tox|[from] psn
|-damage|p1a: Toxapex|73/100 brn|[from] brn
|upkeep
|turn|80
|
|t:|1760786124
|move|p2a: Ogerpon|Spikes|p1a: Toxapex
|-sidestart|p1: vapelordell|Spikes
|move|p1a: Toxapex|Recover|p1a: Toxapex
|-heal|p1a: Toxapex|100/100 brn
|
|-damage|p2a: Ogerpon|58/100 tox|[from] psn
|-damage|p1a: Toxapex|94/100 brn|[from] brn
|upkeep
|turn|81
|
|t:|1760786127
|move|p2a: Ogerpon|Synthesis|p2a: Ogerpon
|-heal|p2a: Ogerpon|100/100 tox
|move|p1a: Toxapex|Toxic Spikes|p2a: Ogerpon
|-sidestart|p2: healboy009|move: Toxic Spikes
|
|-damage|p2a: Ogerpon|82/100 tox|[from] psn
|-damage|p1a: Toxapex|88/100 brn|[from] brn
|upkeep
|turn|82
|
|t:|1760786130
|switch|p2a: Weezing|Weezing-Galar, F|100/100
|-ability|p2a: Weezing|Neutralizing Gas
|-sideend|p2: healboy009|move: Toxic Spikes|[of] p2a: Weezing
|move|p1a: Toxapex|Toxic Spikes|p2a: Weezing
|-sidestart|p2: healboy009|move: Toxic Spikes
|
|-damage|p1a: Toxapex|82/100 brn|[from] brn
|upkeep
|turn|83
|
|t:|1760786136
|switch|p1a: Dondozo|Dondozo, M|89/100 slp
|-damage|p1a: Dondozo|77/100 slp|[from] Spikes
|move|p2a: Weezing|Defog|p1a: Dondozo
|-unboost|p1a: Dondozo|evasion|1
|-sideend|p1: vapelordell|Spikes|[from] move: Defog|[of] p2a: Weezing
|-sideend|p2: healboy009|Toxic Spikes|[from] move: Defog|[of] p2a: Weezing
|
|-heal|p1a: Dondozo|83/100 slp|[from] item: Leftovers
|upkeep
|turn|84
|
|t:|1760786145
|move|p2a: Weezing|Sludge Bomb|p1a: Dondozo
|-damage|p1a: Dondozo|59/100 slp
|cant|p1a: Dondozo|slp
|move|p1a: Dondozo|Sleep Talk|p1a: Dondozo
|move|p1a: Dondozo|Rest||[from] move: Sleep Talk|[still]
|-fail|p1a: Dondozo
|
|-heal|p1a: Dondozo|65/100 slp|[from] item: Leftovers
|upkeep
|turn|85
|l| wallik
|
|t:|1760786150
|move|p2a: Weezing|Sludge Bomb|p1a: Dondozo
|-damage|p1a: Dondozo|41/100 slp
|-curestatus|p1a: Dondozo|slp|[msg]
|move|p1a: Dondozo|Rest|p1a: Dondozo
|-status|p1a: Dondozo|slp|[from] move: Rest
|-heal|p1a: Dondozo|100/100 slp|[silent]
|
|upkeep
|turn|86
|
|t:|1760786155
|move|p2a: Weezing|Sludge Bomb|p1a: Dondozo
|-damage|p1a: Dondozo|76/100 slp
|cant|p1a: Dondozo|slp
|
|-heal|p1a: Dondozo|82/100 slp|[from] item: Leftovers
|upkeep
|turn|87
|
|t:|1760786158
|move|p2a: Weezing|Sludge Bomb|p1a: Dondozo
|-damage|p1a: Dondozo|54/100 slp
|cant|p1a: Dondozo|slp
|
|-heal|p1a: Dondozo|60/100 slp|[from] item: Leftovers
|upkeep
|turn|88
|
|t:|1760786161
|move|p2a: Weezing|Sludge Bomb|p1a: Dondozo
|-damage|p1a: Dondozo|34/100 slp
|-curestatus|p1a: Dondozo|slp|[msg]
|move|p1a: Dondozo|Rest|p1a: Dondozo
|-status|p1a: Dondozo|slp|[from] move: Rest
|-heal|p1a: Dondozo|100/100 slp|[silent]
|
|upkeep
|turn|89
|
|t:|1760786163
|switch|p1a: Corviknight|Corviknight, F|95/100
|move|p2a: Weezing|Pain Split|p1a: Corviknight
|-sethp|p1a: Corviknight|89/100|[from] move: Pain Split|[silent]
|-sethp|p2a: Weezing|100/100|[from] move: Pain Split
|
|-heal|p1a: Corviknight|96/100|[from] item: Leftovers
|upkeep
|turn|90
|
|t:|1760786169
|switch|p1a: Dondozo|Dondozo, M|100/100 slp
|move|p2a: Weezing|Will-O-Wisp||[still]
|-fail|p2a: Weezing
|
|upkeep
|turn|91
|
|t:|1760786172
|move|p2a: Weezing|Pain Split|p1a: Dondozo
|-sethp|p1a: Dondozo|84/100 slp|[from] move: Pain Split|[silent]
|-sethp|p2a: Weezing|100/100|[from] move: Pain Split
|cant|p1a: Dondozo|slp
|
|-heal|p1a: Dondozo|90/100 slp|[from] item: Leftovers
|upkeep
|turn|92
|
|t:|1760786175
|move|p2a: Weezing|Pain Split|p1a: Dondozo
|-sethp|p1a: Dondozo|78/100 slp|[from] move: Pain Split|[silent]
|-sethp|p2a: Weezing|100/100|[from] move: Pain Split
|cant|p1a: Dondozo|slp
|
|-heal|p1a: Dondozo|84/100 slp|[from] item: Leftovers
|upkeep
|turn|93
|
|t:|1760786184
|switch|p1a: Corviknight|Corviknight, F|96/100
|move|p2a: Weezing|Will-O-Wisp|p1a: Corviknight
|-status|p1a: Corviknight|brn
|
|-heal|p1a: Corviknight|100/100 brn|[from] item: Leftovers
|-damage|p1a: Corviknight|94/100 brn|[from] brn
|upkeep
|turn|94
|
|t:|1760786188
|switch|p1a: Dondozo|Dondozo, M|84/100 slp
|move|p2a: Weezing|Pain Split|p1a: Dondozo
|-sethp|p1a: Dondozo|76/100 slp|[from] move: Pain Split|[silent]
|-sethp|p2a: Weezing|100/100|[from] move: Pain Split
|
|-heal|p1a: Dondozo|82/100 slp|[from] item: Leftovers
|upkeep
|turn|95
|
|t:|1760786192
|switch|p1a: Corviknight|Corviknight, F|94/100 brn
|move|p2a: Weezing|Pain Split|p1a: Corviknight
|-sethp|p1a: Corviknight|89/100 brn|[from] move: Pain Split|[silent]
|-sethp|p2a: Weezing|100/100|[from] move: Pain Split
|
|-heal|p1a: Corviknight|95/100 brn|[from] item: Leftovers
|-damage|p1a: Corviknight|89/100 brn|[from] brn
|upkeep
|turn|96
|
|t:|1760786196
|switch|p1a: Toxapex|Toxapex, M|82/100 brn
|move|p2a: Weezing|Pain Split|p1a: Toxapex
|-sethp|p1a: Toxapex|96/100 brn|[from] move: Pain Split|[silent]
|-sethp|p2a: Weezing|87/100|[from] move: Pain Split
|
|-damage|p1a: Toxapex|90/100 brn|[from] brn
|upkeep
|turn|97
|
|t:|1760786202
|-end|p2a: Weezing|ability: Neutralizing Gas
|switch|p2a: Ting-Lu|Ting-Lu, shiny|100/100
|-ability|p2a: Ting-Lu|Vessel of Ruin
|move|p1a: Toxapex|Toxic Spikes|p2a: Ting-Lu
|-sidestart|p2: healboy009|move: Toxic Spikes
|
|-damage|p1a: Toxapex|83/100 brn|[from] brn
|upkeep
|turn|98
|
|t:|1760786206
|move|p2a: Ting-Lu|Stealth Rock|p1a: Toxapex
|-sidestart|p1: vapelordell|move: Stealth Rock
|move|p1a: Toxapex|Toxic|p2a: Ting-Lu
|-status|p2a: Ting-Lu|tox
|
|-damage|p2a: Ting-Lu|94/100 tox|[from] psn
|-damage|p1a: Toxapex|77/100 brn|[from] brn
|upkeep
|turn|99
|
|t:|1760786209
|switch|p2a: Weezing|Weezing-Galar, F|87/100
|-ability|p2a: Weezing|Neutralizing Gas
|-sideend|p2: healboy009|move: Toxic Spikes|[of] p2a: Weezing
|switch|p1a: Corviknight|Corviknight, F|89/100 brn
|-damage|p1a: Corviknight|76/100 brn|[from] Stealth Rock
|
|-heal|p1a: Corviknight|83/100 brn|[from] item: Leftovers
|-damage|p1a: Corviknight|76/100 brn|[from] brn
|upkeep
|turn|100
|
|t:|1760786213
|-end|p2a: Weezing|ability: Neutralizing Gas
|-ability|p1a: Corviknight|Pressure
|switch|p2a: Ting-Lu|Ting-Lu, shiny|94/100 tox
|-ability|p2a: Ting-Lu|Vessel of Ruin
|move|p1a: Corviknight|Defog|p2a: Ting-Lu
|-unboost|p2a: Ting-Lu|evasion|1
|-sideend|p1: vapelordell|Stealth Rock|[from] move: Defog|[of] p1a: Corviknight
|
|-heal|p1a: Corviknight|83/100 brn|[from] item: Leftovers
|-heal|p2a: Ting-Lu|100/100 tox|[from] item: Leftovers
|-damage|p2a: Ting-Lu|94/100 tox|[from] psn
|-damage|p1a: Corviknight|76/100 brn|[from] brn
|upkeep
|turn|101
|
|t:|1760786218
|move|p1a: Corviknight|Iron Defense|p1a: Corviknight
|-boost|p1a: Corviknight|def|2
|move|p2a: Ting-Lu|Stealth Rock|p1a: Corviknight
|-sidestart|p1: vapelordell|move: Stealth Rock
|
|-heal|p1a: Corviknight|83/100 brn|[from] item: Leftovers
|-heal|p2a: Ting-Lu|100/100 tox|[from] item: Leftovers
|-damage|p2a: Ting-Lu|88/100 tox|[from] psn
|-damage|p1a: Corviknight|76/100 brn|[from] brn
|upkeep
|turn|102
|
|t:|1760786223
|move|p1a: Corviknight|Body Press|p2a: Ting-Lu
|-supereffective|p2a: Ting-Lu
|-damage|p2a: Ting-Lu|60/100 tox
|move|p2a: Ting-Lu|Rest|p2a: Ting-Lu
|-status|p2a: Ting-Lu|slp|[from] move: Rest
|-heal|p2a: Ting-Lu|100/100 slp|[silent]
|
|-heal|p1a: Corviknight|83/100 brn|[from] item: Leftovers
|-damage|p1a: Corviknight|76/100 brn|[from] brn
|upkeep
|turn|103
|
|t:|1760786227
|move|p1a: Corviknight|Defog|p2a: Ting-Lu
|-unboost|p2a: Ting-Lu|evasion|1
|-sideend|p1: vapelordell|Stealth Rock|[from] move: Defog|[of] p1a: Corviknight
|cant|p2a: Ting-Lu|slp
|
|-heal|p1a: Corviknight|83/100 brn|[from] item: Leftovers
|-damage|p1a: Corviknight|76/100 brn|[from] brn
|upkeep
|turn|104
|
|t:|1760786230
|move|p1a: Corviknight|Iron Defense|p1a: Corviknight
|-boost|p1a: Corviknight|def|2
|cant|p2a: Ting-Lu|slp
|
|-heal|p1a: Corviknight|83/100 brn|[from] item: Leftovers
|-damage|p1a: Corviknight|76/100 brn|[from] brn
|upkeep
|turn|105
|
|t:|1760786253
|switch|p2a: Dragapult|Dragapult, F|100/100
|move|p1a: Corviknight|Body Press|p2a: Dragapult
|-immune|p2a: Dragapult
|
|-heal|p1a: Corviknight|83/100 brn|[from] item: Leftovers
|-damage|p1a: Corviknight|76/100 brn|[from] brn
|upkeep
|turn|106
|
|t:|1760786260
|move|p2a: Dragapult|U-turn|p1a: Corviknight
|-resisted|p1a: Corviknight
|-damage|p1a: Corviknight|76/100 brn
|
|t:|1760786264
|switch|p2a: Weezing|Weezing-Galar, F|87/100|[from] U-turn
|-ability|p2a: Weezing|Neutralizing Gas
|move|p1a: Corviknight|Roost|p1a: Corviknight
|-heal|p1a: Corviknight|100/100 brn
|-singleturn|p1a: Corviknight|move: Roost
|
|-damage|p1a: Corviknight|94/100 brn|[from] brn
|upkeep
|turn|107
|
|t:|1760786271
|-end|p2a: Weezing|ability: Neutralizing Gas
|-ability|p1a: Corviknight|Pressure
|switch|p2a: Dragapult|Dragapult, F|100/100
|move|p1a: Corviknight|Body Press|p2a: Dragapult
|-immune|p2a: Dragapult
|
|-heal|p1a: Corviknight|100/100 brn|[from] item: Leftovers
|-damage|p1a: Corviknight|94/100 brn|[from] brn
|upkeep
|turn|108
|
|t:|1760786278
|move|p2a: Dragapult|U-turn|p1a: Corviknight
|-resisted|p1a: Corviknight
|-damage|p1a: Corviknight|93/100 brn
|
|t:|1760786281
|switch|p2a: Weezing|Weezing-Galar, F|87/100|[from] U-turn
|-ability|p2a: Weezing|Neutralizing Gas
|move|p1a: Corviknight|Roost|p1a: Corviknight
|-heal|p1a: Corviknight|100/100 brn
|-singleturn|p1a: Corviknight|move: Roost
|
|-damage|p1a: Corviknight|94/100 brn|[from] brn
|upkeep
|turn|109
|
|t:|1760786288
|-end|p2a: Weezing|ability: Neutralizing Gas
|-ability|p1a: Corviknight|Pressure
|switch|p2a: Dragapult|Dragapult, F|100/100
|switch|p1a: Gliscor|Gliscor, F|34/100 tox
|
|-heal|p1a: Gliscor|46/100 tox|[from] ability: Poison Heal
|upkeep
|turn|110
|j| RaeRae0
|
|t:|1760786295
|switch|p2a: Weezing|Weezing-Galar, F|87/100
|-ability|p2a: Weezing|Neutralizing Gas
|switch|p1a: Toxapex|Toxapex, M|77/100 brn
|
|-damage|p1a: Toxapex|71/100 brn|[from] brn
|upkeep
|turn|111
|
|t:|1760786302
|-end|p2a: Weezing|ability: Neutralizing Gas
|switch|p2a: Ting-Lu|Ting-Lu, shiny|100/100 slp
|-ability|p2a: Ting-Lu|Vessel of Ruin
|move|p1a: Toxapex|Toxic Spikes|p2a: Ting-Lu
|-sidestart|p2: healboy009|move: Toxic Spikes
|
|-damage|p1a: Toxapex|65/100 brn|[from] brn
|upkeep
|turn|112
|j| Sanesa8724
|
|t:|1760786309
|switch|p1a: Gliscor|Gliscor, F|46/100 tox
|-curestatus|p2a: Ting-Lu|slp|[msg]
|move|p2a: Ting-Lu|Earthquake|p1a: Gliscor
|-immune|p1a: Gliscor
|
|-heal|p1a: Gliscor|59/100 tox|[from] ability: Poison Heal
|upkeep
|turn|113
|
|t:|1760786315
|switch|p2a: Weezing|Weezing-Galar, F|87/100
|-ability|p2a: Weezing|Neutralizing Gas
|-sideend|p2: healboy009|move: Toxic Spikes|[of] p2a: Weezing
|move|p1a: Gliscor|Earthquake|p2a: Weezing
|-supereffective|p2a: Weezing
|-damage|p2a: Weezing|36/100
|
|-damage|p1a: Gliscor|46/100 tox|[from] psn
|upkeep
|turn|114
|l| Sanesa8724
|l| RaeRae0
|
|t:|1760786344
|-end|p2a: Weezing|ability: Neutralizing Gas
|switch|p2a: Ogerpon|Ogerpon-Wellspring, F|82/100 tox
|move|p1a: Gliscor|Earthquake|p2a: Ogerpon
|-resisted|p2a: Ogerpon
|-damage|p2a: Ogerpon|64/100 tox
|
|-damage|p2a: Ogerpon|58/100 tox|[from] psn
|-heal|p1a: Gliscor|59/100 tox|[from] ability: Poison Heal
|upkeep
|turn|115
|
|t:|1760786351
|switch|p1a: Toxapex|Toxapex, M|98/100 brn
|move|p2a: Ogerpon|Spikes|p1a: Toxapex
|-sidestart|p1: vapelordell|Spikes
|
|-damage|p2a: Ogerpon|46/100 tox|[from] psn
|-damage|p1a: Toxapex|92/100 brn|[from] brn
|upkeep
|turn|116
|
|t:|1760786356
|switch|p2a: Weezing|Weezing-Galar, F|36/100
|-ability|p2a: Weezing|Neutralizing Gas
|move|p1a: Toxapex|Toxic Spikes|p2a: Weezing
|-sidestart|p2: healboy009|move: Toxic Spikes
|
|-damage|p1a: Toxapex|85/100 brn|[from] brn
|upkeep
|turn|117
|
|t:|1760786359
|move|p2a: Weezing|Pain Split|p1a: Toxapex
|-sethp|p1a: Toxapex|63/100 brn|[from] move: Pain Split|[silent]
|-sethp|p2a: Weezing|57/100|[from] move: Pain Split
|move|p1a: Toxapex|Toxic Spikes|p2a: Weezing
|-sidestart|p2: healboy009|move: Toxic Spikes
|
|-damage|p1a: Toxapex|56/100 brn|[from] brn
|upkeep
|turn|118
|
|t:|1760786367
|switch|p1a: Corviknight|Corviknight, F|94/100 brn
|move|p2a: Weezing|Sludge Bomb|p1a: Corviknight
|-immune|p1a: Corviknight
|
|-heal|p1a: Corviknight|100/100 brn|[from] item: Leftovers
|-damage|p1a: Corviknight|94/100 brn|[from] brn
|upkeep
|turn|119
|
|t:|1760786379
|move|p2a: Weezing|Pain Split|p1a: Corviknight
|-sethp|p1a: Corviknight|71/100 brn|[from] move: Pain Split|[silent]
|-sethp|p2a: Weezing|85/100|[from] move: Pain Split
|move|p1a: Corviknight|Body Press|p2a: Weezing
|-resisted|p2a: Weezing
|-damage|p2a: Weezing|82/100
|
|-heal|p1a: Corviknight|77/100 brn|[from] item: Leftovers
|-damage|p1a: Corviknight|71/100 brn|[from] brn
|upkeep
|turn|120
|
|t:|1760786385
|move|p2a: Weezing|Defog|p1a: Corviknight
|-unboost|p1a: Corviknight|evasion|1
|-sideend|p1: vapelordell|Spikes|[from] move: Defog|[of] p2a: Weezing
|-sideend|p2: healboy009|Toxic Spikes|[from] move: Defog|[of] p2a: Weezing
|move|p1a: Corviknight|Body Press|p2a: Weezing
|-resisted|p2a: Weezing
|-damage|p2a: Weezing|80/100
|
|-heal|p1a: Corviknight|77/100 brn|[from] item: Leftovers
|-damage|p1a: Corviknight|71/100 brn|[from] brn
|upkeep
|turn|121
|
|t:|1760786392
|-end|p2a: Weezing|ability: Neutralizing Gas
|-ability|p1a: Corviknight|Pressure
|switch|p2a: Dragapult|Dragapult, F|100/100
|move|p1a: Corviknight|Roost|p1a: Corviknight
|-heal|p1a: Corviknight|100/100 brn
|-singleturn|p1a: Corviknight|move: Roost
|
|-damage|p1a: Corviknight|94/100 brn|[from] brn
|upkeep
|turn|122
|
|t:|1760786399
|switch|p1a: Gliscor|Gliscor, F|59/100 tox
|move|p2a: Dragapult|Hex|p1a: Gliscor
|-damage|p1a: Gliscor|0 fnt
|faint|p1a: Gliscor
|
|upkeep
|
|t:|1760786404
|switch|p1a: Blissey|Blissey, F|85/100 brn
|turn|123
|
|t:|1760786409
|switch|p2a: Skeledirge|Skeledirge, F|100/100
|-curestatus|p1a: Blissey|brn|[from] ability: Natural Cure
|switch|p1a: Corviknight|Corviknight, F|94/100 brn
|-ability|p1a: Corviknight|Pressure
|
|-heal|p1a: Corviknight|100/100 brn|[from] item: Leftovers
|-damage|p1a: Corviknight|94/100 brn|[from] brn
|upkeep
|turn|124
|
|t:|1760786414
|switch|p1a: Toxapex|Toxapex, M|56/100 brn
|switch|p2a: Dragapult|Dragapult, F|100/100
|
|-damage|p1a: Toxapex|50/100 brn|[from] brn
|upkeep
|turn|125
|
|t:|1760786418
|move|p2a: Dragapult|U-turn|p1a: Toxapex
|-resisted|p1a: Toxapex
|-damage|p1a: Toxapex|43/100 brn
|
|t:|1760786422
|switch|p2a: Weezing|Weezing-Galar, F|80/100|[from] U-turn
|-ability|p2a: Weezing|Neutralizing Gas
|move|p1a: Toxapex|Recover|p1a: Toxapex
|-heal|p1a: Toxapex|93/100 brn
|
|-damage|p1a: Toxapex|87/100 brn|[from] brn
|upkeep
|turn|126
|-message|vapelordell forfeited.
|
|win|healboy009
|raw|vapelordell's rating: 1459 &rarr; <strong>1441</strong><br />(-18 for losing)
|raw|healboy009's rating: 1493 &rarr; <strong>1511</strong><br />(+18 for winning)
|l|☆vapelordell
|player|p1|
|c|☆healboy009|Gg
|c|☆healboy009|Hahhaha
|c|☆healboy009|Guys gg
|l|☆healboy009
|player|p2|
|j| Sanesa8724
|l| RedemptiveSketch
|l| Sanesa8724
|j| Dragon Gucci
|l| Dragon Gucci
