|j|☆rippiplayer
|j|☆azeard
|t:|1760791398
|gametype|singles
|player|p1|rippiplayer|leaf-masters|1403
|player|p2|azeard|265|1443
|gen|9
|tier|[Gen 9] OU
|rated|
|rule|HP Percentage Mod: HP is shown in percentages
|rule|Endless Battle Clause: Forcing endless battles is banned
|rule|Species Clause: Limit one of each Pokémon
|rule|OHKO Clause: OHKO moves are banned
|rule|Evasion Items Clause: Evasion items are banned
|rule|Evasion Moves Clause: Evasion moves are banned
|rule|Evasion Abilities Clause: Evasion abilities are banned
|rule|Sleep Moves Clause: Sleep-inducing moves are banned
|clearpoke
|poke|p1|Great Tusk|
|poke|p1|Landorus-Therian, M|
|poke|p1|Slowking-Galar, M|
|poke|p1|Ogerpon-Wellspring, F|
|poke|p1|Kingambit, F|
|poke|p1|Zapdos|
|poke|p2|Kleavor, M|
|poke|p2|Skeledirge, F|
|poke|p2|Kingambit, F|
|poke|p2|Ogerpon-Wellspring, F|
|poke|p2|Latios, M|
|poke|p2|Iron Crown|
|teampreview
|inactive|Battle timer is ON: inactive players will automatically lose when time's up. (requested by rippiplayer)
|
|t:|1760791410
|teamsize|p1|6
|teamsize|p2|6
|start
|switch|p1a: Slanderous|Landorus-Therian, M|100/100
|switch|p2a: Ogerpon|Ogerpon-Wellspring, F|100/100
|-ability|p1a: Slanderous|Intimidate|boost
|-unboost|p2a: Ogerpon|atk|1
|turn|1
|
|t:|1760791415
|move|p1a: Slanderous|U-turn|p2a: Ogerpon
|-supereffective|p2a: Ogerpon
|-damage|p2a: Ogerpon|28/100
|
|t:|1760791423
|switch|p1a: Snow bring|Slowking-Galar, M|100/100|[from] U-turn
|move|p2a: Ogerpon|Ivy Cudgel|p1a: Snow bring|[anim] Ivy Cudgel Water
|-damage|p1a: Snow bring|71/100
|
|upkeep
|turn|2
|
|t:|1760791449
|switch|p2a: Kleavor|Kleavor, M|100/100
|switch|p1a: Zapdos|Zapdos|100/100
|
|upkeep
|turn|3
|
|t:|1760791455
|switch|p1a: Hate Musk|Great Tusk|100/100
|move|p2a: Kleavor|Stone Axe|p1a: Hate Musk
|-resisted|p1a: Hate Musk
|-damage|p1a: Hate Musk|92/100
|-sidestart|p1: rippiplayer|move: Stealth Rock
|
|upkeep
|turn|4
|
|t:|1760791464
|switch|p2a: Latios|Latios, M|100/100
|move|p1a: Hate Musk|Headlong Rush|p2a: Latios
|-immune|p2a: Latios|[from] ability: Levitate
|
|upkeep
|turn|5
|
|t:|1760791472
|-end|p1a: Hate Musk|Protosynthesis|[silent]
|switch|p1a: Snow bring|Slowking-Galar, M|100/100
|-damage|p1a: Snow bring|88/100|[from] Stealth Rock
|move|p2a: Latios|Luster Purge|p1a: Snow bring
|-damage|p1a: Snow bring|60/100
|-unboost|p1a: Snow bring|spd|1
|
|upkeep
|turn|6
|
|t:|1760791483
|move|p2a: Latios|Thunderbolt|p1a: Snow bring
|-damage|p1a: Snow bring|35/100
|move|p1a: Snow bring|Sludge Bomb|p2a: Latios
|-damage|p2a: Latios|64/100
|
|upkeep
|turn|7
|
|t:|1760791489
|switch|p1a: Slanderous|Landorus-Therian, M|100/100
|-damage|p1a: Slanderous|88/100|[from] Stealth Rock
|-ability|p1a: Slanderous|Intimidate|boost
|-unboost|p2a: Latios|atk|1
|move|p2a: Latios|Draco Meteor|p1a: Slanderous
|-damage|p1a: Slanderous|0 fnt
|-unboost|p2a: Latios|spa|2
|faint|p1a: Slanderous
|
|upkeep
|
|t:|1760791496
|switch|p1a: Boulder gone|Ogerpon-Wellspring, F|100/100
|-damage|p1a: Boulder gone|88/100|[from] Stealth Rock
|turn|8
|
|t:|1760791507
|switch|p2a: Ogerpon|Ogerpon-Wellspring, F|28/100
|move|p1a: Boulder gone|Knock Off|p2a: Ogerpon
|-damage|p2a: Ogerpon|0 fnt
|faint|p2a: Ogerpon
|
|upkeep
|
|t:|1760791512
|switch|p2a: Kleavor|Kleavor, M|100/100
|turn|9
|
|t:|1760791519
|switch|p1a: Hate Musk|Great Tusk|92/100
|move|p2a: Kleavor|U-turn|p1a: Hate Musk
|-resisted|p1a: Hate Musk
|-damage|p1a: Hate Musk|81/100
|
|t:|1760791532
|switch|p2a: Iron Crown|Iron Crown|100/100|[from] U-turn
|-item|p2a: Iron Crown|Air Balloon
|
|upkeep
|turn|10
|
|t:|1760791543
|-end|p1a: Hate Musk|Protosynthesis|[silent]
|switch|p1a: Win gambling|Kingambit, F|100/100
|-damage|p1a: Win gambling|94/100|[from] Stealth Rock
|-activate|p1a: Win gambling|ability: Supreme Overlord
|-start|p1a: Win gambling|fallen1|[silent]
|move|p2a: Iron Crown|Agility|p2a: Iron Crown
|-boost|p2a: Iron Crown|spe|2
|
|-heal|p1a: Win gambling|100/100|[from] item: Leftovers
|upkeep
|turn|11
|
|t:|1760791556
|move|p1a: Win gambling|Sucker Punch|p2a: Iron Crown
|-supereffective|p2a: Iron Crown
|-damage|p2a: Iron Crown|0 fnt
|-enditem|p2a: Iron Crown|Air Balloon
|faint|p2a: Iron Crown
|-end|p2a: Iron Crown|Quark Drive|[silent]
|
|upkeep
|
|t:|1760791564
|switch|p2a: Skeledirge|Skeledirge, F|100/100
|turn|12
|
|t:|1760791574
|-end|p1a: Win gambling|fallen1|[silent]
|switch|p1a: Snow bring|Slowking-Galar, M|68/100
|-damage|p1a: Snow bring|56/100|[from] Stealth Rock
|move|p2a: Skeledirge|Will-O-Wisp|p1a: Snow bring
|-status|p1a: Snow bring|brn
|
|-damage|p1a: Snow bring|50/100 brn|[from] brn
|upkeep
|turn|13
|
|t:|1760791578
|move|p2a: Skeledirge|Shadow Ball|p1a: Snow bring
|-supereffective|p1a: Snow bring
|-damage|p1a: Snow bring|17/100 brn
|move|p1a: Snow bring|Surf|p2a: Skeledirge
|-supereffective|p2a: Skeledirge
|-damage|p2a: Skeledirge|68/100
|
|-damage|p1a: Snow bring|11/100 brn|[from] brn
|upkeep
|turn|14
|
|t:|1760791585
|switch|p1a: Boulder gone|Ogerpon-Wellspring, F|88/100
|-damage|p1a: Boulder gone|76/100|[from] Stealth Rock
|move|p2a: Skeledirge|Torch Song|p1a: Boulder gone
|-damage|p1a: Boulder gone|40/100
|-boost|p2a: Skeledirge|spa|1
|
|upkeep
|turn|15
|
|t:|1760791592
|-terastallize|p2a: Skeledirge|Fairy
|move|p1a: Boulder gone|Ivy Cudgel|p2a: Skeledirge|[anim] Ivy Cudgel Water
|-damage|p2a: Skeledirge|21/100
|move|p2a: Skeledirge|Torch Song|p1a: Boulder gone
|-damage|p1a: Boulder gone|0 fnt
|-boost|p2a: Skeledirge|spa|1
|faint|p1a: Boulder gone
|
|upkeep
|
|t:|1760791604
|switch|p1a: Zapdos|Zapdos|100/100
|turn|16
|
|t:|1760791613
|move|p1a: Zapdos|Discharge|p2a: Skeledirge
|-damage|p2a: Skeledirge|0 fnt
|faint|p2a: Skeledirge
|
|upkeep
|
|t:|1760791615
|switch|p2a: Kleavor|Kleavor, M|100/100
|turn|17
|
|t:|1760791626
|-terastallize|p1a: Zapdos|Steel
|move|p2a: Kleavor|Close Combat|p1a: Zapdos
|-supereffective|p1a: Zapdos
|-damage|p1a: Zapdos|14/100
|-unboost|p2a: Kleavor|def|1
|-unboost|p2a: Kleavor|spd|1
|-status|p2a: Kleavor|par|[from] ability: Static|[of] p1a: Zapdos
|move|p1a: Zapdos|Hurricane|p2a: Kleavor
|-damage|p2a: Kleavor|0 fnt
|faint|p2a: Kleavor
|
|upkeep
|
|t:|1760791634
|switch|p2a: Latios|Latios, M|64/100
|turn|18
|
|t:|1760791638
|move|p2a: Latios|Thunderbolt|p1a: Zapdos
|-damage|p1a: Zapdos|0 fnt
|faint|p1a: Zapdos
|
|upkeep
|
|t:|1760791640
|switch|p1a: Win gambling|Kingambit, F|100/100
|-damage|p1a: Win gambling|94/100|[from] Stealth Rock
|-activate|p1a: Win gambling|ability: Supreme Overlord
|-start|p1a: Win gambling|fallen3|[silent]
|turn|19
|
|t:|1760791652
|move|p2a: Latios|Thunderbolt|p1a: Win gambling
|-damage|p1a: Win gambling|62/100
|move|p1a: Win gambling|Low Kick|p2a: Latios
|-resisted|p2a: Latios
|-damage|p2a: Latios|35/100
|
|-heal|p1a: Win gambling|68/100|[from] item: Leftovers
|upkeep
|turn|20
|
|t:|1760791658
|move|p2a: Latios|Thunderbolt|p1a: Win gambling
|-damage|p1a: Win gambling|32/100
|move|p1a: Win gambling|Iron Head|p2a: Latios
|-damage|p2a: Latios|0 fnt
|faint|p2a: Latios
|
|-heal|p1a: Win gambling|38/100|[from] item: Leftovers
|upkeep
|
|t:|1760791660
|switch|p2a: Kingambit|Kingambit, F|100/100
|-activate|p2a: Kingambit|ability: Supreme Overlord
|-start|p2a: Kingambit|fallen5|[silent]
|-item|p2a: Kingambit|Air Balloon
|turn|21
|
|t:|1760791665
|move|p1a: Win gambling|Low Kick|p2a: Kingambit
|-supereffective|p2a: Kingambit
|-damage|p2a: Kingambit|0 fnt
|-enditem|p2a: Kingambit|Air Balloon
|faint|p2a: Kingambit
|-end|p2a: Kingambit|fallen5|[silent]
|
|win|rippiplayer
|raw|rippiplayer's rating: 1403 &rarr; <strong>1425</strong><br />(+22 for winning)
|raw|azeard's rating: 1443 &rarr; <strong>1421</strong><br />(-22 for losing)
|c|☆rippiplayer|gg
|l|☆rippiplayer
|player|p1|
|l|☆azeard
|player|p2|
