|j|☆cihninja
|j|☆luca1996
|t:|1760736347
|gametype|singles
|player|p1|cihninja|hilbert-wonderlauncher|1409
|player|p2|luca1996|boarder|1380
|gen|9
|tier|[Gen 9] OU
|rated|
|rule|HP Percentage Mod: HP is shown in percentages
|rule|Endless Battle Clause: Forcing endless battles is banned
|rule|Species Clause: Limit one of each Pokémon
|rule|OHKO Clause: OHKO moves are banned
|rule|Evasion Items Clause: Evasion items are banned
|rule|Evasion Moves Clause: Evasion moves are banned
|rule|Evasion Abilities Clause: Evasion abilities are banned
|rule|Sleep Moves Clause: Sleep-inducing moves are banned
|clearpoke
|poke|p1|Garganacl, M|
|poke|p1|Kyurem|
|poke|p1|Cinderace, F|
|poke|p1|Zamazenta-*|
|poke|p1|Cresselia, F|
|poke|p1|Arcanine-Hisui, F|
|poke|p2|Gurdurr, M|
|poke|p2|Araquanid, M|
|poke|p2|Moltres-Galar|
|poke|p2|Entei|
|poke|p2|Great Tusk|
|poke|p2|Primarina, M|
|teampreview
|inactive|Battle timer is ON: inactive players will automatically lose when time's up. (requested by cihninja)
|
|t:|1760736366
|teamsize|p1|6
|teamsize|p2|6
|start
|switch|p1a: Garganacl|Garganacl, M, shiny|100/100
|switch|p2a: Araquanid|Araquanid, M|100/100
|turn|1
|
|t:|1760736371
|move|p2a: Araquanid|Liquidation|p1a: Garganacl
|-supereffective|p1a: Garganacl
|-damage|p1a: Garganacl|19/100
|-unboost|p1a: Garganacl|def|1
|move|p1a: Garganacl|Salt Cure|p2a: Araquanid
|-supereffective|p2a: Araquanid
|-damage|p2a: Araquanid|72/100
|-start|p2a: Araquanid|Salt Cure
|
|-heal|p1a: Garganacl|25/100|[from] item: Leftovers
|-damage|p2a: Araquanid|47/100|[from] Salt Cure
|upkeep
|turn|2
|
|t:|1760736376
|switch|p1a: Kyurem|Kyurem|100/100
|-ability|p1a: Kyurem|Pressure
|move|p2a: Araquanid|Liquidation|p1a: Kyurem
|-resisted|p1a: Kyurem
|-damage|p1a: Kyurem|68/100
|
|-damage|p2a: Araquanid|22/100|[from] Salt Cure
|upkeep
|turn|3
|-enditem|p2a: Araquanid|Custap Berry|[eat]
|-activate|p2a: Araquanid|item: Custap Berry|[consumed]
|
|t:|1760736381
|move|p2a: Araquanid|Sticky Web|p1a: Kyurem
|-sidestart|p1: cihninja|move: Sticky Web
|move|p1a: Kyurem|Dragon Dance|p1a: Kyurem
|-boost|p1a: Kyurem|atk|1
|-boost|p1a: Kyurem|spe|1
|
|-damage|p2a: Araquanid|0 fnt|[from] Salt Cure
|faint|p2a: Araquanid
|upkeep
|
|t:|1760736385
|switch|p2a: Gurdurr|Gurdurr, M|100/100
|turn|4
|
|t:|1760736390
|-terastallize|p1a: Kyurem|Ice
|move|p1a: Kyurem|Icicle Spear|p2a: Gurdurr
|-damage|p2a: Gurdurr|83/100
|-damage|p2a: Gurdurr|64/100
|-damage|p2a: Gurdurr|47/100
|-damage|p2a: Gurdurr|30/100
|-damage|p2a: Gurdurr|12/100
|-hitcount|p2a: Gurdurr|5
|move|p2a: Gurdurr|Drain Punch|p1a: Kyurem
|-supereffective|p1a: Kyurem
|-damage|p1a: Kyurem|0 fnt
|-heal|p2a: Gurdurr|47/100|[from] drain|[of] p1a: Kyurem
|faint|p1a: Kyurem
|
|upkeep
|
|t:|1760736395
|switch|p1a: Cinderace|Cinderace, F|100/100
|turn|5
|
|t:|1760736399
|move|p1a: Cinderace|Court Change|p1a: Cinderace
|-swapsideconditions
|-activate|p1a: Cinderace|move: Court Change
|move|p2a: Gurdurr|Drain Punch|p1a: Cinderace
|-damage|p1a: Cinderace|42/100
|-heal|p2a: Gurdurr|74/100|[from] drain|[of] p1a: Cinderace
|
|upkeep
|turn|6
|
|t:|1760736401
|move|p1a: Cinderace|Pyro Ball|p2a: Gurdurr
|-damage|p2a: Gurdurr|41/100
|move|p2a: Gurdurr|Drain Punch|p1a: Cinderace
|-damage|p1a: Cinderace|0 fnt
|-heal|p2a: Gurdurr|60/100|[from] drain|[of] p1a: Cinderace
|faint|p1a: Cinderace
|
|upkeep
|
|t:|1760736405
|switch|p1a: Zamazenta|Zamazenta|100/100
|-ability|p1a: Zamazenta|Dauntless Shield|boost
|-boost|p1a: Zamazenta|def|1
|turn|7
|
|t:|1760736410
|switch|p2a: Moltres|Moltres-Galar|100/100
|move|p1a: Zamazenta|Iron Defense|p1a: Zamazenta
|-boost|p1a: Zamazenta|def|2
|
|upkeep
|turn|8
|
|t:|1760736417
|move|p1a: Zamazenta|Body Press|p2a: Moltres
|-damage|p2a: Moltres|12/100
|-ability|p2a: Moltres|Berserk|boost
|-boost|p2a: Moltres|spa|1
|move|p2a: Moltres|Air Slash|p1a: Zamazenta
|-supereffective|p1a: Zamazenta
|-damage|p1a: Zamazenta|23/100
|
|-heal|p1a: Zamazenta|29/100|[from] item: Leftovers
|upkeep
|turn|9
|
|t:|1760736421
|move|p1a: Zamazenta|Body Press|p2a: Moltres
|-damage|p2a: Moltres|0 fnt
|faint|p2a: Moltres
|
|-heal|p1a: Zamazenta|36/100|[from] item: Leftovers
|upkeep
|
|t:|1760736423
|switch|p2a: Primarina|Primarina, M|100/100
|-activate|p2a: Primarina|move: Sticky Web
|-unboost|p2a: Primarina|spe|1
|turn|10
|
|t:|1760736430
|move|p1a: Zamazenta|Body Press|p2a: Primarina
|-resisted|p2a: Primarina
|-damage|p2a: Primarina|50/100
|move|p2a: Primarina|Moonblast|p1a: Zamazenta
|-supereffective|p1a: Zamazenta
|-damage|p1a: Zamazenta|0 fnt
|faint|p1a: Zamazenta
|
|upkeep
|
|t:|1760736432
|switch|p1a: Garganacl|Garganacl, M, shiny|25/100
|turn|11
|
|t:|1760736434
|move|p1a: Garganacl|Salt Cure|p2a: Primarina
|-damage|p2a: Primarina|32/100
|-start|p2a: Primarina|Salt Cure
|move|p2a: Primarina|Surf|p1a: Garganacl
|-supereffective|p1a: Garganacl
|-damage|p1a: Garganacl|0 fnt
|faint|p1a: Garganacl
|
|-damage|p2a: Primarina|7/100|[from] Salt Cure
|upkeep
|
|t:|1760736438
|switch|p1a: Cresselia|Cresselia, F|100/100
|turn|12
|
|t:|1760736441
|move|p1a: Cresselia|Calm Mind|p1a: Cresselia
|-boost|p1a: Cresselia|spa|1
|-boost|p1a: Cresselia|spd|1
|move|p2a: Primarina|Surf|p1a: Cresselia
|-damage|p1a: Cresselia|69/100
|
|-heal|p1a: Cresselia|75/100|[from] item: Leftovers
|-damage|p2a: Primarina|0 fnt|[from] Salt Cure
|faint|p2a: Primarina
|upkeep
|
|t:|1760736445
|switch|p2a: Entei|Entei|100/100
|-activate|p2a: Entei|move: Sticky Web
|-unboost|p2a: Entei|spe|1
|turn|13
|
|t:|1760736449
|move|p1a: Cresselia|Calm Mind|p1a: Cresselia
|-boost|p1a: Cresselia|spa|1
|-boost|p1a: Cresselia|spd|1
|-enditem|p2a: Entei|Mirror Herb
|-boost|p2a: Entei|spa|1|[from] item: Mirror Herb
|-boost|p2a: Entei|spd|1|[from] item: Mirror Herb
|move|p2a: Entei|Swagger|p1a: Cresselia
|-boost|p1a: Cresselia|atk|2
|-start|p1a: Cresselia|confusion
|
|-heal|p1a: Cresselia|82/100|[from] item: Leftovers
|upkeep
|turn|14
|
|t:|1760736461
|-activate|p1a: Cresselia|confusion
|move|p1a: Cresselia|Stored Power|p2a: Entei
|-damage|p2a: Entei|37/100
|move|p2a: Entei|Sacred Fire|p1a: Cresselia
|-damage|p1a: Cresselia|51/100
|-status|p1a: Cresselia|brn
|
|-heal|p1a: Cresselia|57/100 brn|[from] item: Leftovers
|-damage|p1a: Cresselia|51/100 brn|[from] brn
|upkeep
|turn|15
|
|t:|1760736468
|-activate|p1a: Cresselia|confusion
|move|p1a: Cresselia|Moonlight|p1a: Cresselia
|-heal|p1a: Cresselia|100/100 brn
|move|p2a: Entei|Sacred Fire|p1a: Cresselia
|-damage|p1a: Cresselia|74/100 brn
|
|-heal|p1a: Cresselia|80/100 brn|[from] item: Leftovers
|-damage|p1a: Cresselia|74/100 brn|[from] brn
|upkeep
|turn|16
|
|t:|1760736472
|-end|p1a: Cresselia|confusion
|move|p1a: Cresselia|Stored Power|p2a: Entei
|-damage|p2a: Entei|0 fnt
|faint|p2a: Entei
|
|-heal|p1a: Cresselia|80/100 brn|[from] item: Leftovers
|-damage|p1a: Cresselia|74/100 brn|[from] brn
|upkeep
|
|t:|1760736476
|switch|p2a: Gurdurr|Gurdurr, M|60/100
|-activate|p2a: Gurdurr|move: Sticky Web
|-unboost|p2a: Gurdurr|spe|1
|turn|17
|
|t:|1760736479
|move|p1a: Cresselia|Stored Power|p2a: Gurdurr
|-supereffective|p2a: Gurdurr
|-damage|p2a: Gurdurr|0 fnt
|faint|p2a: Gurdurr
|
|-heal|p1a: Cresselia|80/100 brn|[from] item: Leftovers
|-damage|p1a: Cresselia|74/100 brn|[from] brn
|upkeep
|
|t:|1760736481
|switch|p2a: Great Tusk|Great Tusk|100/100
|-activate|p2a: Great Tusk|move: Sticky Web
|-unboost|p2a: Great Tusk|spe|1
|turn|18
|
|t:|1760736483
|-terastallize|p2a: Great Tusk|Ground
|move|p1a: Cresselia|Stored Power|p2a: Great Tusk
|-crit|p2a: Great Tusk
|-damage|p2a: Great Tusk|15/100
|move|p2a: Great Tusk|Rapid Spin|p1a: Cresselia
|-damage|p1a: Cresselia|62/100 brn
|-boost|p2a: Great Tusk|spe|1
|-sideend|p2: luca1996|Sticky Web|[from] move: Rapid Spin|[of] p2a: Great Tusk
|
|-heal|p1a: Cresselia|69/100 brn|[from] item: Leftovers
|-damage|p1a: Cresselia|62/100 brn|[from] brn
|upkeep
|turn|19
|
|t:|1760736489
|move|p1a: Cresselia|Stored Power|p2a: Great Tusk
|-damage|p2a: Great Tusk|0 fnt
|faint|p2a: Great Tusk
|-end|p2a: Great Tusk|Protosynthesis|[silent]
|
|win|cihninja
|raw|cihninja's rating: 1409 &rarr; <strong>1427</strong><br />(+18 for winning)
|raw|luca1996's rating: 1380 &rarr; <strong>1362</strong><br />(-18 for losing)
|l|☆cihninja
|player|p1|
|l|☆luca1996
|player|p2|
