|j|☆DDanMurp
|j|‽Uchiwahero
|t:|1760728075
|gametype|singles
|player|p1|DDanMurp|266|1379
|player|p2|Uchiwahero|cynthia-gen7|1363
|gen|9
|tier|[Gen 9] OU
|rated|
|rule|HP Percentage Mod: HP is shown in percentages
|rule|Endless Battle Clause: Forcing endless battles is banned
|rule|Species Clause: Limit one of each Pokémon
|rule|OHKO Clause: OHKO moves are banned
|rule|Evasion Items Clause: Evasion items are banned
|rule|Evasion Moves Clause: Evasion moves are banned
|rule|Evasion Abilities Clause: Evasion abilities are banned
|rule|Sleep Moves Clause: Sleep-inducing moves are banned
|clearpoke
|poke|p1|Thundurus, M|
|poke|p1|Iron Valiant|
|poke|p1|Iron Treads|
|poke|p1|Raging Bolt|
|poke|p1|Iron Hands|
|poke|p1|Iron Leaves|
|poke|p2|Ninetales-Alola, F|
|poke|p2|Garchomp, F|
|poke|p2|Dragonite, F|
|poke|p2|Feraligatr, M|
|poke|p2|Raging Bolt|
|poke|p2|Zamazenta-*|
|teampreview
|inactive|Battle timer is ON: inactive players will automatically lose when time's up. (requested by Uchiwahero)
|l|☆DDanMurp
|inactive|DDanMurp disconnected and has a minute to reconnect!
|player|p1|
|inactive|DDanMurp has 30 seconds to reconnect!
|inactive|DDanMurp has 20 seconds to reconnect!
|inactive|DDanMurp has 15 seconds to reconnect!
|inactive|DDanMurp has 10 seconds to reconnect!
|j|☆DDanMurp
|inactive|DDanMurp reconnected and has 100 seconds left.
|player|p1|DDanMurp|266|
|inactive|DDanMurp has 90 seconds left.
|
|t:|1760728155
|teamsize|p1|6
|teamsize|p2|6
|start
|switch|p1a: HeHeHeHa!|Thundurus, M|100/100
|switch|p2a: Ninetales|Ninetales-Alola, F|100/100
|-weather|Snowscape|[from] ability: Snow Warning|[of] p2a: Ninetales
|turn|1
|inactive|DDanMurp has 120 seconds left.
|
|t:|1760728188
|move|p1a: HeHeHeHa!|Knock Off|p2a: Ninetales
|-resisted|p2a: Ninetales
|-damage|p2a: Ninetales|89/100
|-enditem|p2a: Ninetales|Light Clay|[from] move: Knock Off|[of] p1a: HeHeHeHa!
|move|p2a: Ninetales|Aurora Veil|p2a: Ninetales
|-sidestart|p2: Uchiwahero|move: Aurora Veil
|
|-weather|Snowscape|[upkeep]
|upkeep
|turn|2
|inactive|DDanMurp has 120 seconds left.
|inactive|Uchiwahero has 120 seconds left.
|inactive|DDanMurp has 90 seconds left.
|
|t:|1760728224
|switch|p2a: Garchomp|Garchomp, F|100/100
|move|p1a: HeHeHeHa!|U-turn|p2a: Garchomp
|-damage|p2a: Garchomp|88/100
|-damage|p1a: HeHeHeHa!|88/100|[from] ability: Rough Skin|[of] p2a: Garchomp
|inactive|DDanMurp has 90 seconds left.
|
|t:|1760728245
|switch|p1a: Iron Valiant|Iron Valiant|100/100|[from] U-turn
|
|-weather|Snowscape|[upkeep]
|upkeep
|turn|3
|inactive|Uchiwahero has 120 seconds left.
|
|t:|1760728284
|move|p1a: Iron Valiant|Moonblast|p2a: Garchomp
|-supereffective|p2a: Garchomp
|-damage|p2a: Garchomp|7/100
|move|p2a: Garchomp|Earthquake|p1a: Iron Valiant
|-damage|p1a: Iron Valiant|28/100
|
|-weather|Snowscape|[upkeep]
|upkeep
|turn|4
|inactive|DDanMurp has 90 seconds left.
|
|t:|1760728303
|move|p1a: Iron Valiant|Moonblast|p2a: Garchomp
|-supereffective|p2a: Garchomp
|-damage|p2a: Garchomp|0 fnt
|faint|p2a: Garchomp
|
|-weather|Snowscape|[upkeep]
|upkeep
|inactive|Uchiwahero has 90 seconds left.
|
|t:|1760728342
|switch|p2a: Raging Bolt|Raging Bolt|100/100
|-enditem|p2a: Raging Bolt|Booster Energy
|-activate|p2a: Raging Bolt|ability: Protosynthesis|[fromitem]
|-start|p2a: Raging Bolt|protosynthesisspa
|turn|5
|inactive|DDanMurp has 90 seconds left.
|
|t:|1760728360
|-end|p1a: Iron Valiant|Quark Drive|[silent]
|switch|p1a: Iron Treads|Iron Treads|100/100
|move|p2a: Raging Bolt|Calm Mind|p2a: Raging Bolt
|-boost|p2a: Raging Bolt|spa|1
|-boost|p2a: Raging Bolt|spd|1
|
|-weather|none
|-sideend|p2: Uchiwahero|move: Aurora Veil
|upkeep
|turn|6
|inactive|Uchiwahero has 90 seconds left.
|
|t:|1760728369
|move|p1a: Iron Treads|Earthquake|p2a: Raging Bolt
|-supereffective|p2a: Raging Bolt
|-damage|p2a: Raging Bolt|26/100
|move|p2a: Raging Bolt|Dragon Pulse|p1a: Iron Treads
|-resisted|p1a: Iron Treads
|-damage|p1a: Iron Treads|37/100
|
|-heal|p1a: Iron Treads|43/100|[from] item: Leftovers
|upkeep
|turn|7
|inactive|DDanMurp has 90 seconds left.
|inactive|Uchiwahero has 90 seconds left.
|
|t:|1760728382
|-end|p2a: Raging Bolt|Protosynthesis|[silent]
|switch|p2a: Dragonite|Dragonite, F|100/100
|move|p1a: Iron Treads|Earthquake|p2a: Dragonite
|-immune|p2a: Dragonite
|
|-heal|p1a: Iron Treads|49/100|[from] item: Leftovers
|upkeep
|turn|8
|l|☆DDanMurp
|inactive|DDanMurp disconnected and has a minute to reconnect!
|player|p1|
|inactive|Uchiwahero has 90 seconds left.
|j|☆DDanMurp
|inactive|DDanMurp reconnected and has 85 seconds left.
|player|p1|DDanMurp|266|
|
|t:|1760728412
|-end|p1a: Iron Treads|Quark Drive|[silent]
|switch|p1a: HeHeHeHa!|Thundurus, M|88/100
|move|p2a: Dragonite|Dragon Dance|p2a: Dragonite
|-boost|p2a: Dragonite|atk|1
|-boost|p2a: Dragonite|spe|1
|
|upkeep
|turn|9
|inactive|Uchiwahero has 90 seconds left.
|
|t:|1760728424
|-terastallize|p2a: Dragonite|Normal
|move|p2a: Dragonite|Extreme Speed|p1a: HeHeHeHa!
|-damage|p1a: HeHeHeHa!|0 fnt
|faint|p1a: HeHeHeHa!
|
|upkeep
|
|t:|1760728435
|switch|p1a: Iron Hands|Iron Hands|100/100
|turn|10
|
|t:|1760728445
|-terastallize|p1a: Iron Hands|Steel
|move|p2a: Dragonite|Earthquake|p1a: Iron Hands
|-supereffective|p1a: Iron Hands
|-enditem|p1a: Iron Hands|Shuca Berry|[eat]
|-enditem|p1a: Iron Hands|Shuca Berry|[weaken]
|-damage|p1a: Iron Hands|67/100
|move|p1a: Iron Hands|Drain Punch|p2a: Dragonite
|-supereffective|p2a: Dragonite
|-damage|p2a: Dragonite|49/100
|-heal|p1a: Iron Hands|85/100|[from] drain|[of] p2a: Dragonite
|
|upkeep
|turn|11
|
|t:|1760728457
|move|p2a: Dragonite|Earthquake|p1a: Iron Hands
|-supereffective|p1a: Iron Hands
|-damage|p1a: Iron Hands|18/100
|move|p1a: Iron Hands|Drain Punch|p2a: Dragonite
|-supereffective|p2a: Dragonite
|-damage|p2a: Dragonite|0 fnt
|-heal|p1a: Iron Hands|36/100|[from] drain|[of] p2a: Dragonite
|faint|p2a: Dragonite
|
|upkeep
|
|t:|1760728468
|switch|p2a: Ninetales|Ninetales-Alola, F|89/100
|-weather|Snowscape|[from] ability: Snow Warning|[of] p2a: Ninetales
|turn|12
|inactive|DDanMurp has 90 seconds left.
|inactive|DDanMurp has 60 seconds left.
|
|t:|1760728514
|-end|p1a: Iron Hands|Quark Drive|[silent]
|switch|p1a: Iron Treads|Iron Treads|49/100
|move|p2a: Ninetales|Aurora Veil|p2a: Ninetales
|-sidestart|p2: Uchiwahero|move: Aurora Veil
|
|-weather|Snowscape|[upkeep]
|-heal|p1a: Iron Treads|55/100|[from] item: Leftovers
|upkeep
|turn|13
|
|t:|1760728537
|switch|p2a: Feraligatr|Feraligatr, M|100/100
|move|p1a: Iron Treads|Iron Head|p2a: Feraligatr
|-resisted|p2a: Feraligatr
|-damage|p2a: Feraligatr|91/100
|
|-weather|Snowscape|[upkeep]
|-heal|p1a: Iron Treads|61/100|[from] item: Leftovers
|upkeep
|turn|14
|
|t:|1760728555
|-end|p1a: Iron Treads|Quark Drive|[silent]
|switch|p1a: Iron Hands|Iron Hands, tera:Steel|36/100
|move|p2a: Feraligatr|Dragon Dance|p2a: Feraligatr
|-boost|p2a: Feraligatr|atk|1
|-boost|p2a: Feraligatr|spe|1
|
|-weather|Snowscape|[upkeep]
|upkeep
|turn|15
|inactive|DDanMurp has 30 seconds left.
|
|t:|1760728592
|move|p2a: Feraligatr|Earthquake|p1a: Iron Hands
|-supereffective|p1a: Iron Hands
|-damage|p1a: Iron Hands|0 fnt
|faint|p1a: Iron Hands
|-end|p1a: Iron Hands|Quark Drive|[silent]
|-damage|p2a: Feraligatr|81/100|[from] item: Life Orb
|
|-weather|Snowscape|[upkeep]
|upkeep
|inactive|DDanMurp has 30 seconds left this turn.
|
|t:|1760728597
|switch|p1a: Raging Bolt|Raging Bolt|100/100
|turn|16
|inactive|Uchiwahero has 120 seconds left.
|
|t:|1760728607
|move|p2a: Feraligatr|Earthquake|p1a: Raging Bolt
|-supereffective|p1a: Raging Bolt
|-damage|p1a: Raging Bolt|0 fnt
|faint|p1a: Raging Bolt
|-end|p1a: Raging Bolt|Protosynthesis|[silent]
|-damage|p2a: Feraligatr|71/100|[from] item: Life Orb
|
|-weather|none
|-sideend|p2: Uchiwahero|move: Aurora Veil
|upkeep
|inactive|DDanMurp has 30 seconds left.
|inactive|DDanMurp has 20 seconds left.
|inactive|DDanMurp has 15 seconds left.
|inactive|DDanMurp has 10 seconds left.
|
|t:|1760728639
|switch|p1a: Iron Leaves|Iron Leaves|100/100
|-enditem|p1a: Iron Leaves|Booster Energy
|-activate|p1a: Iron Leaves|ability: Quark Drive|[fromitem]
|-start|p1a: Iron Leaves|quarkdrivespe
|turn|17
|inactive|DDanMurp has 20 seconds left this turn.
|inactive|Uchiwahero has 120 seconds left.
|
|t:|1760728655
|move|p1a: Iron Leaves|Leaf Blade|p2a: Feraligatr
|-supereffective|p2a: Feraligatr
|-damage|p2a: Feraligatr|0 fnt
|faint|p2a: Feraligatr
|
|upkeep
|
|t:|1760728663
|switch|p2a: Zamazenta|Zamazenta|100/100
|-ability|p2a: Zamazenta|Dauntless Shield|boost
|-boost|p2a: Zamazenta|def|1
|turn|18
|inactive|DDanMurp has 30 seconds left.
|inactive|DDanMurp has 20 seconds left.
|inactive|DDanMurp has 15 seconds left.
|inactive|DDanMurp has 10 seconds left.
|
|t:|1760728690
|move|p1a: Iron Leaves|Swords Dance|p1a: Iron Leaves
|-boost|p1a: Iron Leaves|atk|2
|move|p2a: Zamazenta|Iron Defense|p2a: Zamazenta
|-boost|p2a: Zamazenta|def|2
|
|upkeep
|turn|19
|inactive|DDanMurp has 20 seconds left this turn.
|inactive|Uchiwahero has 120 seconds left.
|
|t:|1760728726
|move|p1a: Iron Leaves|Swords Dance|p1a: Iron Leaves
|-boost|p1a: Iron Leaves|atk|2
|move|p2a: Zamazenta|Substitute|p2a: Zamazenta
|-start|p2a: Zamazenta|Substitute
|-damage|p2a: Zamazenta|76/100
|
|-heal|p2a: Zamazenta|82/100|[from] item: Leftovers
|upkeep
|turn|20
|inactive|DDanMurp has 30 seconds left this turn.
|
|t:|1760728731
|move|p1a: Iron Leaves|Psyblade|p2a: Zamazenta
|-supereffective|p2a: Zamazenta
|-end|p2a: Zamazenta|Substitute
|move|p2a: Zamazenta|Iron Defense|p2a: Zamazenta
|-boost|p2a: Zamazenta|def|2
|
|-heal|p2a: Zamazenta|88/100|[from] item: Leftovers
|upkeep
|turn|21
|
|t:|1760728737
|move|p1a: Iron Leaves|Psyblade|p2a: Zamazenta
|-supereffective|p2a: Zamazenta
|-damage|p2a: Zamazenta|40/100
|move|p2a: Zamazenta|Body Press|p1a: Iron Leaves
|-resisted|p1a: Iron Leaves
|-damage|p1a: Iron Leaves|36/100
|
|-heal|p2a: Zamazenta|46/100|[from] item: Leftovers
|upkeep
|turn|22
|inactive|Uchiwahero has 120 seconds left.
|
|t:|1760728748
|move|p1a: Iron Leaves|Psyblade|p2a: Zamazenta
|-supereffective|p2a: Zamazenta
|-damage|p2a: Zamazenta|0 fnt
|faint|p2a: Zamazenta
|
|upkeep
|inactive|Uchiwahero has 120 seconds left.
|
|t:|1760728762
|switch|p2a: Ninetales|Ninetales-Alola, F|89/100
|-weather|Snowscape|[from] ability: Snow Warning|[of] p2a: Ninetales
|turn|23
|
|t:|1760728765
|move|p1a: Iron Leaves|Psyblade|p2a: Ninetales
|-damage|p2a: Ninetales|0 fnt
|faint|p2a: Ninetales
|
|-weather|Snowscape|[upkeep]
|upkeep
|
|t:|1760728767
|switch|p2a: Raging Bolt|Raging Bolt|26/100
|turn|24
|
|t:|1760728774
|move|p2a: Raging Bolt|Thunderclap||[still]
|-fail|p2a: Raging Bolt
|move|p1a: Iron Leaves|Swords Dance|p1a: Iron Leaves
|-boost|p1a: Iron Leaves|atk|2
|
|-weather|Snowscape|[upkeep]
|upkeep
|turn|25
|
|t:|1760728785
|move|p2a: Raging Bolt|Thunderclap|p1a: Iron Leaves
|-resisted|p1a: Iron Leaves
|-damage|p1a: Iron Leaves|16/100
|move|p1a: Iron Leaves|Psyblade|p2a: Raging Bolt
|-damage|p2a: Raging Bolt|0 fnt
|faint|p2a: Raging Bolt
|-end|p2a: Raging Bolt|Protosynthesis|[silent]
|
|win|DDanMurp
|raw|DDanMurp's rating: 1379 &rarr; <strong>1399</strong><br />(+20 for winning)
|raw|Uchiwahero's rating: 1382 &rarr; <strong>1362</strong><br />(-20 for losing)
|l|‽Uchiwahero
|player|p2|
|l|☆DDanMurp
|player|p1|
