|j|☆Romuo
|j|☆krytto
|t:|1760777543
|gametype|singles
|player|p1|Romuo|blackbelt|1173
|player|p2|krytto|steven|1149
|gen|9
|tier|[Gen 9] OU
|rated|
|rule|HP Percentage Mod: HP is shown in percentages
|rule|Endless Battle Clause: Forcing endless battles is banned
|rule|Species Clause: Limit one of each Pokémon
|rule|OHKO Clause: OHKO moves are banned
|rule|Evasion Items Clause: Evasion items are banned
|rule|Evasion Moves Clause: Evasion moves are banned
|rule|Evasion Abilities Clause: Evasion abilities are banned
|rule|Sleep Moves Clause: Sleep-inducing moves are banned
|clearpoke
|poke|p1|Haxorus, M|
|poke|p1|Azumarill, F|
|poke|p1|Zamazenta-*|
|poke|p1|Thundurus-Therian, M|
|poke|p1|Iron Moth|
|poke|p1|Hoopa-Unbound|
|poke|p2|Suicune|
|poke|p2|Deoxys-Speed|
|poke|p2|Hydreigon, F|
|poke|p2|Regigigas|
|poke|p2|Thundurus-Therian, M|
|poke|p2|Clodsire, M|
|teampreview
|inactive|Battle timer is ON: inactive players will automatically lose when time's up. (requested by krytto)
|
|t:|1760777562
|teamsize|p1|6
|teamsize|p2|6
|start
|switch|p1a: Thorfinn|Thundurus-Therian, M|100/100
|switch|p2a: Deoxys|Deoxys-Speed|100/100
|-ability|p2a: Deoxys|Pressure
|turn|1
|
|t:|1760777571
|move|p2a: Deoxys|Stealth Rock|p1a: Thorfinn
|-sidestart|p1: Romuo|move: Stealth Rock
|move|p1a: Thorfinn|Volt Switch|p2a: Deoxys
|-damage|p2a: Deoxys|41/100
|
|t:|1760777577
|switch|p1a: Bibi|Azumarill, F, shiny|100/100|[from] Volt Switch
|-damage|p1a: Bibi|88/100|[from] Stealth Rock
|
|-heal|p1a: Bibi|94/100|[from] item: Leftovers
|upkeep
|turn|2
|
|t:|1760777585
|move|p1a: Bibi|Aqua Jet|p2a: Deoxys
|-damage|p2a: Deoxys|5/100
|move|p2a: Deoxys|Thunder Wave|p1a: Bibi
|-status|p1a: Bibi|par
|
|-heal|p1a: Bibi|100/100 par|[from] item: Leftovers
|upkeep
|turn|3
|
|t:|1760777594
|cant|p1a: Bibi|par
|move|p2a: Deoxys|Psycho Boost|p1a: Bibi
|-damage|p1a: Bibi|41/100 par
|-unboost|p2a: Deoxys|spa|2
|
|-heal|p1a: Bibi|47/100 par|[from] item: Leftovers
|upkeep
|turn|4
|
|t:|1760777603
|move|p1a: Bibi|Aqua Jet|p2a: Deoxys
|-damage|p2a: Deoxys|0 fnt
|faint|p2a: Deoxys
|
|-heal|p1a: Bibi|53/100 par|[from] item: Leftovers
|upkeep
|
|t:|1760777608
|switch|p2a: Thundurus|Thundurus-Therian, M|100/100
|turn|5
|
|t:|1760777619
|switch|p1a: Thorfinn|Thundurus-Therian, M|100/100
|-damage|p1a: Thorfinn|76/100|[from] Stealth Rock
|move|p2a: Thundurus|Volt Switch|p1a: Thorfinn
|-heal|p1a: Thorfinn|100/100|[from] ability: Volt Absorb|[of] p2a: Thundurus
|
|upkeep
|turn|6
|
|t:|1760777628
|switch|p2a: Clodsire|Clodsire, M|100/100
|-terastallize|p1a: Thorfinn|Ice
|move|p1a: Thorfinn|Tera Blast|p2a: Clodsire|[anim] Tera Blast Ice
|-supereffective|p2a: Clodsire
|-damage|p2a: Clodsire|42/100
|
|-heal|p2a: Clodsire|48/100|[from] item: Leftovers
|upkeep
|turn|7
|
|t:|1760777639
|move|p1a: Thorfinn|Tera Blast|p2a: Clodsire|[anim] Tera Blast Ice
|-supereffective|p2a: Clodsire
|-damage|p2a: Clodsire|0 fnt
|faint|p2a: Clodsire
|
|upkeep
|
|t:|1760777646
|switch|p2a: Hydreigon|Hydreigon, F|100/100
|turn|8
|
|t:|1760777650
|-terastallize|p2a: Hydreigon|Electric
|move|p1a: Thorfinn|Tera Blast|p2a: Hydreigon|[anim] Tera Blast Ice
|-damage|p2a: Hydreigon|48/100
|move|p2a: Hydreigon|Focus Energy|p2a: Hydreigon
|-start|p2a: Hydreigon|move: Focus Energy
|
|upkeep
|turn|9
|
|t:|1760777658
|move|p1a: Thorfinn|Tera Blast|p2a: Hydreigon|[anim] Tera Blast Ice
|-damage|p2a: Hydreigon|0 fnt
|faint|p2a: Hydreigon
|
|upkeep
|
|t:|1760777663
|switch|p2a: Regigigas|Regigigas|100/100
|-start|p2a: Regigigas|ability: Slow Start
|turn|10
|
|t:|1760777669
|move|p2a: Regigigas|Protect|p2a: Regigigas
|-singleturn|p2a: Regigigas|Protect
|move|p1a: Thorfinn|Volt Switch|p2a: Regigigas
|-activate|p2a: Regigigas|move: Protect
|
|upkeep
|turn|11
|
|t:|1760777676
|move|p1a: Thorfinn|Volt Switch|p2a: Regigigas
|-damage|p2a: Regigigas|70/100
|
|t:|1760777681
|switch|p1a: Starwolf|Zamazenta|100/100|[from] Volt Switch
|-damage|p1a: Starwolf|94/100|[from] Stealth Rock
|-ability|p1a: Starwolf|Dauntless Shield|boost
|-boost|p1a: Starwolf|def|1
|move|p2a: Regigigas|Substitute|p2a: Regigigas
|-start|p2a: Regigigas|Substitute
|-damage|p2a: Regigigas|45/100
|
|-heal|p2a: Regigigas|51/100|[from] item: Leftovers
|upkeep
|turn|12
|
|t:|1760777693
|move|p2a: Regigigas|Protect|p2a: Regigigas
|-singleturn|p2a: Regigigas|Protect
|move|p1a: Starwolf|Close Combat|p2a: Regigigas
|-activate|p2a: Regigigas|move: Protect
|
|-heal|p2a: Regigigas|57/100|[from] item: Leftovers
|upkeep
|turn|13
|
|t:|1760777702
|move|p1a: Starwolf|Close Combat|p2a: Regigigas
|-supereffective|p2a: Regigigas
|-end|p2a: Regigigas|Substitute
|-unboost|p1a: Starwolf|def|1
|-unboost|p1a: Starwolf|spd|1
|-damage|p1a: Starwolf|84/100|[from] item: Life Orb
|move|p2a: Regigigas|Knock Off|p1a: Starwolf
|-resisted|p1a: Starwolf
|-damage|p1a: Starwolf|75/100
|-enditem|p1a: Starwolf|Life Orb|[from] move: Knock Off|[of] p2a: Regigigas
|
|-heal|p2a: Regigigas|63/100|[from] item: Leftovers
|upkeep
|turn|14
|
|t:|1760777715
|move|p2a: Regigigas|Protect|p2a: Regigigas
|-singleturn|p2a: Regigigas|Protect
|move|p1a: Starwolf|Close Combat|p2a: Regigigas
|-activate|p2a: Regigigas|move: Protect
|
|-heal|p2a: Regigigas|70/100|[from] item: Leftovers
|-end|p2a: Regigigas|Slow Start
|upkeep
|turn|15
|
|t:|1760777732
|move|p1a: Starwolf|Close Combat|p2a: Regigigas
|-supereffective|p2a: Regigigas
|-damage|p2a: Regigigas|0 fnt
|-unboost|p1a: Starwolf|def|1
|-unboost|p1a: Starwolf|spd|1
|faint|p2a: Regigigas
|
|upkeep
|
|t:|1760777737
|switch|p2a: Thundurus|Thundurus-Therian, M|100/100
|turn|16
|
|t:|1760777742
|move|p1a: Starwolf|Stone Edge|p2a: Thundurus|[miss]
|-miss|p1a: Starwolf|p2a: Thundurus
|move|p2a: Thundurus|Grass Knot|p1a: Starwolf
|-damage|p1a: Starwolf|0 fnt
|faint|p1a: Starwolf
|
|upkeep
|
|t:|1760777757
|switch|p1a: Omega|Haxorus, M, shiny|100/100
|-damage|p1a: Omega|88/100|[from] Stealth Rock
|-ability|p1a: Omega|Mold Breaker
|turn|17
|
|t:|1760777763
|move|p2a: Thundurus|Grass Knot|p1a: Omega
|-resisted|p1a: Omega
|-damage|p1a: Omega|44/100
|move|p1a: Omega|Dragon Dance|p1a: Omega
|-boost|p1a: Omega|atk|1
|-boost|p1a: Omega|spe|1
|
|upkeep
|turn|18
|
|t:|1760777772
|move|p1a: Omega|Outrage|p2a: Thundurus
|-damage|p2a: Thundurus|0 fnt
|faint|p2a: Thundurus
|-damage|p1a: Omega|34/100|[from] item: Life Orb
|
|upkeep
|
|t:|1760777774
|switch|p2a: Suicune|Suicune|100/100
|-ability|p2a: Suicune|Pressure
|turn|19
|
|t:|1760777782
|move|p1a: Omega|Outrage|p2a: Suicune|[from] lockedmove
|-damage|p2a: Suicune|12/100
|-damage|p1a: Omega|24/100|[from] item: Life Orb
|-start|p1a: Omega|confusion|[fatigue]
|move|p2a: Suicune|Substitute|p2a: Suicune
|-fail|p2a: Suicune|move: Substitute|[weak]
|
|-heal|p2a: Suicune|19/100|[from] item: Leftovers
|upkeep
|turn|20
|
|t:|1760777794
|-activate|p1a: Omega|confusion
|move|p1a: Omega|Earthquake|p2a: Suicune
|-crit|p2a: Suicune
|-damage|p2a: Suicune|0 fnt
|faint|p2a: Suicune
|-damage|p1a: Omega|14/100|[from] item: Life Orb
|
|win|Romuo
|raw|Romuo's rating: 1173 &rarr; <strong>1196</strong><br />(+23 for winning)
|raw|krytto's rating: 1149 &rarr; <strong>1126</strong><br />(-23 for losing)
|l|☆Romuo
|player|p1|
|l|☆krytto
|player|p2|
