|j|☆Volga123
|j|☆general_wellesley
|t:|1760723392
|gametype|singles
|player|p1|Volga123|cynthia|1420
|player|p2|general_wellesley|gambler|1455
|gen|9
|tier|[Gen 9] OU
|rated|
|rule|HP Percentage Mod: HP is shown in percentages
|rule|Endless Battle Clause: Forcing endless battles is banned
|rule|Species Clause: Limit one of each Pokémon
|rule|OHKO Clause: OHKO moves are banned
|rule|Evasion Items Clause: Evasion items are banned
|rule|Evasion Moves Clause: Evasion moves are banned
|rule|Evasion Abilities Clause: Evasion abilities are banned
|rule|Sleep Moves Clause: Sleep-inducing moves are banned
|clearpoke
|poke|p1|Araquanid, M|
|poke|p1|Politoed, M|
|poke|p1|Raging Bolt|
|poke|p1|Donphan, F|
|poke|p1|Iron Jugulis|
|poke|p1|Clodsire, M|
|poke|p2|Lokix, F|
|poke|p2|Slowking-Galar, F|
|poke|p2|Gholdengo|
|poke|p2|Great Tusk|
|poke|p2|Dragapult, F|
|poke|p2|Ogerpon-Wellspring, F|
|teampreview
|inactive|Battle timer is ON: inactive players will automatically lose when time's up. (requested by general_wellesley)
|
|t:|1760723422
|teamsize|p1|6
|teamsize|p2|6
|start
|switch|p1a: Clodsire|Clodsire, M|100/100
|switch|p2a: Dragapult|Dragapult, F|100/100
|turn|1
|
|t:|1760723440
|move|p2a: Dragapult|U-turn|p1a: Clodsire
|-resisted|p1a: Clodsire
|-crit|p1a: Clodsire
|-damage|p1a: Clodsire|91/100
|
|t:|1760723443
|switch|p2a: Great Tusk|Great Tusk|100/100|[from] U-turn
|move|p1a: Clodsire|Toxic|p2a: Great Tusk
|-status|p2a: Great Tusk|tox
|
|-heal|p1a: Clodsire|97/100|[from] item: Black Sludge
|-damage|p2a: Great Tusk|94/100 tox|[from] psn
|upkeep
|turn|2
|
|t:|1760723455
|switch|p1a: Araquanid|Araquanid, M|100/100
|move|p2a: Great Tusk|Stealth Rock|p1a: Araquanid
|-sidestart|p1: Volga123|move: Stealth Rock
|
|-heal|p2a: Great Tusk|100/100 tox|[from] item: Leftovers
|-damage|p2a: Great Tusk|88/100 tox|[from] psn
|upkeep
|turn|3
|
|t:|1760723461
|-end|p2a: Great Tusk|Protosynthesis|[silent]
|switch|p2a: Dragapult|Dragapult, F|100/100
|move|p1a: Araquanid|Sticky Web|p2a: Dragapult
|-sidestart|p2: general_wellesley|move: Sticky Web
|
|upkeep
|turn|4
|
|t:|1760723480
|switch|p1a: Politoed|Politoed, M|100/100
|-damage|p1a: Politoed|88/100|[from] Stealth Rock
|-weather|RainDance|[from] ability: Drizzle|[of] p1a: Politoed
|move|p2a: Dragapult|Shadow Ball|p1a: Politoed
|-damage|p1a: Politoed|39/100
|
|-weather|RainDance|[upkeep]
|upkeep
|turn|5
|
|t:|1760723489
|switch|p1a: Iron Jugulis|Iron Jugulis|100/100
|-damage|p1a: Iron Jugulis|76/100|[from] Stealth Rock
|-enditem|p1a: Iron Jugulis|Booster Energy
|-activate|p1a: Iron Jugulis|ability: Quark Drive|[fromitem]
|-start|p1a: Iron Jugulis|quarkdrivespe
|move|p2a: Dragapult|Shadow Ball|p1a: Iron Jugulis
|-resisted|p1a: Iron Jugulis
|-damage|p1a: Iron Jugulis|45/100
|
|-weather|RainDance|[upkeep]
|upkeep
|turn|6
|
|t:|1760723507
|switch|p2a: Lokix|Lokix, F|100/100
|-activate|p2a: Lokix|move: Sticky Web
|-unboost|p2a: Lokix|spe|1
|move|p1a: Iron Jugulis|Dark Pulse|p2a: Lokix
|-resisted|p2a: Lokix
|-damage|p2a: Lokix|60/100
|
|-weather|RainDance|[upkeep]
|upkeep
|turn|7
|
|t:|1760723517
|-end|p1a: Iron Jugulis|Quark Drive|[silent]
|switch|p1a: Donphan|Donphan, F|100/100
|-damage|p1a: Donphan|94/100|[from] Stealth Rock
|move|p2a: Lokix|First Impression|p1a: Donphan
|-damage|p1a: Donphan|53/100
|
|-weather|RainDance|[upkeep]
|-heal|p1a: Donphan|59/100|[from] item: Leftovers
|upkeep
|turn|8
|
|t:|1760723528
|switch|p2a: Gholdengo|Gholdengo|100/100
|-item|p2a: Gholdengo|Air Balloon
|move|p1a: Donphan|Ice Spinner|p2a: Gholdengo
|-resisted|p2a: Gholdengo
|-damage|p2a: Gholdengo|85/100
|-enditem|p2a: Gholdengo|Air Balloon
|
|-weather|RainDance|[upkeep]
|-heal|p1a: Donphan|66/100|[from] item: Leftovers
|upkeep
|turn|9
|
|t:|1760723547
|move|p2a: Gholdengo|Make It Rain|p1a: Donphan
|-damage|p1a: Donphan|0 fnt
|-unboost|p2a: Gholdengo|spa|1
|faint|p1a: Donphan
|
|-weather|RainDance|[upkeep]
|upkeep
|
|t:|1760723552
|switch|p1a: Iron Jugulis|Iron Jugulis|45/100
|-damage|p1a: Iron Jugulis|20/100|[from] Stealth Rock
|turn|10
|
|t:|1760723570
|move|p1a: Iron Jugulis|Hurricane|p2a: Gholdengo
|-resisted|p2a: Gholdengo
|-crit|p2a: Gholdengo
|-damage|p2a: Gholdengo|39/100
|move|p2a: Gholdengo|Make It Rain|p1a: Iron Jugulis
|-damage|p1a: Iron Jugulis|0 fnt
|-unboost|p2a: Gholdengo|spa|1
|faint|p1a: Iron Jugulis
|-end|p1a: Iron Jugulis|Quark Drive|[silent]
|
|-weather|RainDance|[upkeep]
|upkeep
|-message|Volga123 forfeited.
|
|win|general_wellesley
|raw|Volga123's rating: 1420 &rarr; <strong>1402</strong><br />(-18 for losing)
|raw|general_wellesley's rating: 1455 &rarr; <strong>1473</strong><br />(+18 for winning)
|l|☆Volga123
|player|p1|
|l|☆general_wellesley
|player|p2|
