|j|☆henry151th
|j|☆Pig Perfect
|t:|1760725814
|gametype|singles
|player|p1|henry151th|wallace|1569
|player|p2|Pig Perfect|workerice|1516
|gen|9
|tier|[Gen 9] OU
|rated|
|rule|HP Percentage Mod: HP is shown in percentages
|rule|Endless Battle Clause: Forcing endless battles is banned
|rule|Species Clause: Limit one of each Pokémon
|rule|OHKO Clause: OHKO moves are banned
|rule|Evasion Items Clause: Evasion items are banned
|rule|Evasion Moves Clause: Evasion moves are banned
|rule|Evasion Abilities Clause: Evasion abilities are banned
|rule|Sleep Moves Clause: Sleep-inducing moves are banned
|clearpoke
|poke|p1|Bellibolt, F|
|poke|p1|Tinkaton, F|
|poke|p1|Rillaboom, M|
|poke|p1|Dragapult, F|
|poke|p1|Alomomola, M|
|poke|p1|Great Tusk|
|poke|p2|Alomomola, M|
|poke|p2|Goodra-Hisui, M|
|poke|p2|Great Tusk|
|poke|p2|Magnezone|
|poke|p2|Rillaboom, F|
|poke|p2|Slowking-Galar, M|
|teampreview
|inactive|Battle timer is ON: inactive players will automatically lose when time's up. (requested by henry151th)
|
|t:|1760725850
|teamsize|p1|6
|teamsize|p2|6
|start
|switch|p1a: NIGHTWING|Dragapult, F|100/100
|switch|p2a: Steel MagnZolias|Magnezone|100/100
|turn|1
|
|t:|1760725856
|move|p1a: NIGHTWING|Flamethrower|p2a: Steel MagnZolias
|-supereffective|p2a: Steel MagnZolias
|-damage|p2a: Steel MagnZolias|3/100
|move|p2a: Steel MagnZolias|Flash Cannon|p1a: NIGHTWING
|-damage|p1a: NIGHTWING|0 fnt
|faint|p1a: NIGHTWING
|
|upkeep
|
|t:|1760725864
|switch|p1a: METRO BOOMER|Rillaboom, M|100/100
|-fieldstart|move: Grassy Terrain|[from] ability: Grassy Surge|[of] p1a: METRO BOOMER
|turn|2
|
|t:|1760725881
|switch|p2a: Chippin’snails|Goodra-Hisui, M|100/100
|move|p1a: METRO BOOMER|U-turn|p2a: Chippin’snails
|-resisted|p2a: Chippin’snails
|-damage|p2a: Chippin’snails|81/100
|
|t:|1760725888
|switch|p1a: Midtusk|Great Tusk|100/100|[from] U-turn
|
|-heal|p2a: Chippin’snails|87/100|[from] Grassy Terrain
|upkeep
|turn|3
|
|t:|1760725904
|-end|p1a: Midtusk|Protosynthesis|[silent]
|switch|p1a: BOLTENHEIMER|Bellibolt, F|100/100
|switch|p2a: Pepto Bismola|Alomomola, M|100/100
|
|upkeep
|turn|4
|
|t:|1760725912
|switch|p2a: Don Dreidel|Great Tusk|100/100
|move|p1a: BOLTENHEIMER|Soak|p2a: Don Dreidel
|-start|p2a: Don Dreidel|typechange|Water
|
|upkeep
|turn|5
|
|t:|1760725918
|-end|p2a: Don Dreidel|Protosynthesis|[silent]
|switch|p2a: Not quite my tempo|Rillaboom, F|100/100
|move|p1a: BOLTENHEIMER|Discharge|p2a: Not quite my tempo
|-resisted|p2a: Not quite my tempo
|-damage|p2a: Not quite my tempo|88/100
|
|-heal|p2a: Not quite my tempo|94/100|[from] Grassy Terrain
|upkeep
|turn|6
|
|t:|1760725934
|-terastallize|p1a: BOLTENHEIMER|Flying
|move|p2a: Not quite my tempo|Wood Hammer|p1a: BOLTENHEIMER
|-resisted|p1a: BOLTENHEIMER
|-damage|p1a: BOLTENHEIMER|60/100
|-start|p1a: BOLTENHEIMER|Charge|Wood Hammer|[from] ability: Electromorphosis
|-damage|p2a: Not quite my tempo|80/100|[from] Recoil
|move|p1a: BOLTENHEIMER|Toxic|p2a: Not quite my tempo
|-status|p2a: Not quite my tempo|tox
|
|-heal|p2a: Not quite my tempo|86/100 tox|[from] Grassy Terrain
|-damage|p2a: Not quite my tempo|80/100 tox|[from] psn
|-fieldend|move: Grassy Terrain
|upkeep
|turn|7
|
|t:|1760725946
|switch|p2a: Don Dreidel|Great Tusk|100/100
|move|p1a: BOLTENHEIMER|Slack Off|p1a: BOLTENHEIMER
|-heal|p1a: BOLTENHEIMER|100/100
|
|upkeep
|turn|8
|
|t:|1760725958
|move|p2a: Don Dreidel|Ice Spinner|p1a: BOLTENHEIMER
|-supereffective|p1a: BOLTENHEIMER
|-damage|p1a: BOLTENHEIMER|54/100
|-start|p1a: BOLTENHEIMER|Charge|Ice Spinner|[from] ability: Electromorphosis
|move|p1a: BOLTENHEIMER|Soak|p2a: Don Dreidel
|-start|p2a: Don Dreidel|typechange|Water
|
|upkeep
|turn|9
|
|t:|1760725985
|-terastallize|p2a: Don Dreidel|Ice
|move|p2a: Don Dreidel|Ice Spinner|p1a: BOLTENHEIMER
|-supereffective|p1a: BOLTENHEIMER
|-damage|p1a: BOLTENHEIMER|0 fnt
|faint|p1a: BOLTENHEIMER
|
|upkeep
|
|t:|1760725991
|switch|p1a: METRO BOOMER|Rillaboom, M|100/100
|-fieldstart|move: Grassy Terrain|[from] ability: Grassy Surge|[of] p1a: METRO BOOMER
|turn|10
|
|t:|1760725996
|switch|p1a: Alomolested|Alomomola, M|100/100
|move|p2a: Don Dreidel|Ice Spinner|p1a: Alomolested
|-resisted|p1a: Alomolested
|-damage|p1a: Alomolested|88/100
|-fieldend|move: Grassy Terrain
|
|upkeep
|turn|11
|
|t:|1760726002
|-end|p2a: Don Dreidel|Protosynthesis|[silent]
|switch|p2a: Not quite my tempo|Rillaboom, F|80/100 tox
|-fieldstart|move: Grassy Terrain|[from] ability: Grassy Surge|[of] p2a: Not quite my tempo
|move|p1a: Alomolested|Flip Turn|p2a: Not quite my tempo
|-resisted|p2a: Not quite my tempo
|-damage|p2a: Not quite my tempo|71/100 tox
|
|t:|1760726008
|switch|p1a: RAGNAROK|Tinkaton, F|100/100|[from] Flip Turn
|-ability|p1a: RAGNAROK|Mold Breaker
|-item|p1a: RAGNAROK|Air Balloon
|
|-heal|p2a: Not quite my tempo|78/100 tox|[from] Grassy Terrain
|-damage|p2a: Not quite my tempo|71/100 tox|[from] psn
|upkeep
|turn|12
|inactive|Pig Perfect has 120 seconds left.
|
|t:|1760726055
|move|p1a: RAGNAROK|Stealth Rock|p2a: Not quite my tempo
|-sidestart|p2: Pig Perfect|move: Stealth Rock
|move|p2a: Not quite my tempo|Low Kick|p1a: RAGNAROK
|-damage|p1a: RAGNAROK|60/100
|-enditem|p1a: RAGNAROK|Air Balloon
|
|-heal|p1a: RAGNAROK|66/100|[from] Grassy Terrain
|-heal|p2a: Not quite my tempo|78/100 tox|[from] Grassy Terrain
|-damage|p2a: Not quite my tempo|65/100 tox|[from] psn
|upkeep
|turn|13
|
|t:|1760726063
|switch|p2a: Don Dreidel|Great Tusk, tera:Ice|100/100
|move|p1a: RAGNAROK|Gigaton Hammer|p2a: Don Dreidel
|-supereffective|p2a: Don Dreidel
|-damage|p2a: Don Dreidel|34/100
|
|-heal|p2a: Don Dreidel|40/100|[from] Grassy Terrain
|-heal|p1a: RAGNAROK|72/100|[from] Grassy Terrain
|upkeep
|turn|14
|
|t:|1760726072
|move|p2a: Don Dreidel|Rapid Spin|p1a: RAGNAROK
|-resisted|p1a: RAGNAROK
|-damage|p1a: RAGNAROK|62/100
|-boost|p2a: Don Dreidel|spe|1
|-sideend|p2: Pig Perfect|Stealth Rock|[from] move: Rapid Spin|[of] p2a: Don Dreidel
|move|p1a: RAGNAROK|Thunder Wave|p2a: Don Dreidel
|-status|p2a: Don Dreidel|par
|
|-heal|p1a: RAGNAROK|68/100|[from] Grassy Terrain
|-heal|p2a: Don Dreidel|47/100 par|[from] Grassy Terrain
|upkeep
|turn|15
|inactive|Pig Perfect has 120 seconds left.
|
|t:|1760726088
|-end|p2a: Don Dreidel|Protosynthesis|[silent]
|switch|p2a: Steel MagnZolias|Magnezone|3/100
|move|p1a: RAGNAROK|Gigaton Hammer|p2a: Steel MagnZolias
|-resisted|p2a: Steel MagnZolias
|-damage|p2a: Steel MagnZolias|0 fnt
|faint|p2a: Steel MagnZolias
|
|-heal|p1a: RAGNAROK|74/100|[from] Grassy Terrain
|-fieldend|move: Grassy Terrain
|upkeep
|
|t:|1760726099
|switch|p2a: Don Dreidel|Great Tusk, tera:Ice|47/100 par
|turn|16
|
|t:|1760726103
|switch|p1a: Alomolested|Alomomola, M|100/100
|move|p2a: Don Dreidel|Headlong Rush|p1a: Alomolested
|-damage|p1a: Alomolested|61/100
|-unboost|p2a: Don Dreidel|def|1
|-unboost|p2a: Don Dreidel|spd|1
|
|upkeep
|turn|17
|inactive|Pig Perfect has 120 seconds left.
|
|t:|1760726109
|move|p2a: Don Dreidel|Stealth Rock|p1a: Alomolested
|-sidestart|p1: henry151th|move: Stealth Rock
|move|p1a: Alomolested|Wish|p1a: Alomolested
|
|upkeep
|turn|18
|inactive|Pig Perfect has 120 seconds left.
|
|t:|1760726120
|-end|p2a: Don Dreidel|Protosynthesis|[silent]
|switch|p2a: Chippin’snails|Goodra-Hisui, M|87/100
|move|p1a: Alomolested|Flip Turn|p2a: Chippin’snails
|-resisted|p2a: Chippin’snails
|-damage|p2a: Chippin’snails|79/100
|
|t:|1760726127
|switch|p1a: RAGNAROK|Tinkaton, F|74/100|[from] Flip Turn
|-damage|p1a: RAGNAROK|68/100|[from] Stealth Rock
|-ability|p1a: RAGNAROK|Mold Breaker
|
|-heal|p1a: RAGNAROK|100/100|[from] move: Wish|[wisher] Alomolested
|upkeep
|turn|19
|
|t:|1760726129
|switch|p1a: Alomolested|Alomomola, M|94/100
|move|p2a: Chippin’snails|Flamethrower|p1a: Alomolested
|-resisted|p1a: Alomolested
|-crit|p1a: Alomolested
|-damage|p1a: Alomolested|73/100
|-status|p1a: Alomolested|brn
|
|-damage|p1a: Alomolested|67/100 brn|[from] brn
|upkeep
|turn|20
|
|t:|1760726136
|move|p2a: Chippin’snails|Draco Meteor|p1a: Alomolested|[miss]
|-miss|p2a: Chippin’snails|p1a: Alomolested
|move|p1a: Alomolested|Flip Turn|p2a: Chippin’snails
|-resisted|p2a: Chippin’snails
|-damage|p2a: Chippin’snails|75/100
|
|t:|1760726138
|switch|p1a: Midtusk|Great Tusk|100/100|[from] Flip Turn
|
|upkeep
|turn|21
|
|t:|1760726142
|switch|p2a: Pepto Bismola|Alomomola, M|100/100
|move|p1a: Midtusk|Headlong Rush|p2a: Pepto Bismola
|-damage|p2a: Pepto Bismola|66/100
|-unboost|p1a: Midtusk|def|1
|-unboost|p1a: Midtusk|spd|1
|
|upkeep
|turn|22
|
|t:|1760726147
|move|p1a: Midtusk|Rapid Spin|p2a: Pepto Bismola
|-damage|p2a: Pepto Bismola|56/100
|-boost|p1a: Midtusk|spe|1
|-sideend|p1: henry151th|Stealth Rock|[from] move: Rapid Spin|[of] p1a: Midtusk
|move|p2a: Pepto Bismola|Flip Turn|p1a: Midtusk
|-supereffective|p1a: Midtusk
|-crit|p1a: Midtusk
|-damage|p1a: Midtusk|50/100
|
|t:|1760726149
|switch|p2a: Not quite my tempo|Rillaboom, F|65/100 tox|[from] Flip Turn
|-fieldstart|move: Grassy Terrain|[from] ability: Grassy Surge|[of] p2a: Not quite my tempo
|
|-heal|p1a: Midtusk|57/100|[from] Grassy Terrain
|-heal|p2a: Not quite my tempo|71/100 tox|[from] Grassy Terrain
|-damage|p2a: Not quite my tempo|65/100 tox|[from] psn
|upkeep
|turn|23
|
|t:|1760726155
|-end|p1a: Midtusk|Protosynthesis|[silent]
|switch|p1a: RAGNAROK|Tinkaton, F|100/100
|-ability|p1a: RAGNAROK|Mold Breaker
|move|p2a: Not quite my tempo|Grassy Glide|p1a: RAGNAROK
|-resisted|p1a: RAGNAROK
|-damage|p1a: RAGNAROK|79/100
|
|-heal|p1a: RAGNAROK|85/100|[from] Grassy Terrain
|-heal|p2a: Not quite my tempo|71/100 tox|[from] Grassy Terrain
|-damage|p2a: Not quite my tempo|59/100 tox|[from] psn
|upkeep
|turn|24
|
|t:|1760726178
|switch|p2a: Pepto Bismola|Alomomola, M|89/100
|move|p1a: RAGNAROK|Stealth Rock|p2a: Pepto Bismola
|-sidestart|p2: Pig Perfect|move: Stealth Rock
|
|-heal|p1a: RAGNAROK|91/100|[from] Grassy Terrain
|-heal|p2a: Pepto Bismola|95/100|[from] Grassy Terrain
|upkeep
|turn|25
|
|t:|1760726182
|move|p1a: RAGNAROK|Thunder Wave|p2a: Pepto Bismola
|-status|p2a: Pepto Bismola|par
|cant|p2a: Pepto Bismola|par
|
|-heal|p1a: RAGNAROK|97/100|[from] Grassy Terrain
|-heal|p2a: Pepto Bismola|100/100 par|[from] Grassy Terrain
|upkeep
|turn|26
|
|t:|1760726191
|switch|p1a: Alomolested|Alomomola, M|99/100 brn
|cant|p2a: Pepto Bismola|par
|
|-heal|p1a: Alomolested|100/100 brn|[from] Grassy Terrain
|-damage|p1a: Alomolested|94/100 brn|[from] brn
|-fieldend|move: Grassy Terrain
|upkeep
|turn|27
|
|t:|1760726196
|move|p1a: Alomolested|Wish|p1a: Alomolested
|move|p2a: Pepto Bismola|Wish|p2a: Pepto Bismola
|
|-damage|p1a: Alomolested|88/100 brn|[from] brn
|upkeep
|turn|28
|
|t:|1760726200
|move|p1a: Alomolested|Flip Turn|p2a: Pepto Bismola
|-resisted|p2a: Pepto Bismola
|-damage|p2a: Pepto Bismola|98/100 par
|
|t:|1760726202
|switch|p1a: Midtusk|Great Tusk|57/100|[from] Flip Turn
|cant|p2a: Pepto Bismola|par
|
|-heal|p1a: Midtusk|100/100|[from] move: Wish|[wisher] Alomolested
|-heal|p2a: Pepto Bismola|100/100 par|[from] move: Wish|[wisher] Pepto Bismola
|upkeep
|turn|29
|inactive|Pig Perfect has 120 seconds left.
|
|t:|1760726236
|-end|p1a: Midtusk|Protosynthesis|[silent]
|switch|p1a: METRO BOOMER|Rillaboom, M|100/100
|-fieldstart|move: Grassy Terrain|[from] ability: Grassy Surge|[of] p1a: METRO BOOMER
|move|p2a: Pepto Bismola|Chilling Water|p1a: METRO BOOMER
|-resisted|p1a: METRO BOOMER
|-damage|p1a: METRO BOOMER|95/100
|-unboost|p1a: METRO BOOMER|atk|1
|
|-heal|p1a: METRO BOOMER|100/100|[from] Grassy Terrain
|upkeep
|turn|30
|
|t:|1760726243
|move|p1a: METRO BOOMER|Wood Hammer|p2a: Pepto Bismola
|-supereffective|p2a: Pepto Bismola
|-damage|p2a: Pepto Bismola|0 fnt
|faint|p2a: Pepto Bismola
|-damage|p1a: METRO BOOMER|49/100|[from] Recoil
|
|-heal|p1a: METRO BOOMER|55/100|[from] Grassy Terrain
|upkeep
|inactive|Pig Perfect has 120 seconds left.
|
|t:|1760726253
|switch|p2a: Dr. Inosaur|Slowking-Galar, M|100/100
|turn|31
|
|t:|1760726257
|switch|p1a: RAGNAROK|Tinkaton, F|97/100
|-ability|p1a: RAGNAROK|Mold Breaker
|-prepare|p2a: Dr. Inosaur|Chilly Reception|[premajor]
|move|p2a: Dr. Inosaur|Chilly Reception|p2a: Dr. Inosaur
|-weather|Snowscape
|
|t:|1760726259
|switch|p2a: Don Dreidel|Great Tusk, tera:Ice|47/100 par|[from] Chilly Reception
|
|-weather|Snowscape|[upkeep]
|-heal|p1a: RAGNAROK|100/100|[from] Grassy Terrain
|-heal|p2a: Don Dreidel|53/100 par|[from] Grassy Terrain
|upkeep
|turn|32
|
|t:|1760726267
|-end|p2a: Don Dreidel|Protosynthesis|[silent]
|switch|p2a: Chippin’snails|Goodra-Hisui, M|75/100
|-damage|p2a: Chippin’snails|69/100|[from] Stealth Rock
|move|p1a: RAGNAROK|Gigaton Hammer|p2a: Chippin’snails
|-resisted|p2a: Chippin’snails
|-damage|p2a: Chippin’snails|48/100
|
|-weather|Snowscape|[upkeep]
|-heal|p2a: Chippin’snails|54/100|[from] Grassy Terrain
|upkeep
|turn|33
|
|t:|1760726275
|move|p1a: RAGNAROK|Thunder Wave|p2a: Chippin’snails
|-status|p2a: Chippin’snails|par
|cant|p2a: Chippin’snails|par
|
|-weather|Snowscape|[upkeep]
|-heal|p2a: Chippin’snails|60/100 par|[from] Grassy Terrain
|-fieldend|move: Grassy Terrain
|upkeep
|turn|34
|
|t:|1760726280
|switch|p1a: Alomolested|Alomomola, M|100/100 brn
|move|p2a: Chippin’snails|Flamethrower|p1a: Alomolested
|-resisted|p1a: Alomolested
|-damage|p1a: Alomolested|86/100 brn
|
|-weather|Snowscape|[upkeep]
|-damage|p1a: Alomolested|80/100 brn|[from] brn
|upkeep
|turn|35
|
|t:|1760726287
|move|p1a: Alomolested|Flip Turn|p2a: Chippin’snails
|-resisted|p2a: Chippin’snails
|-damage|p2a: Chippin’snails|56/100 par
|
|t:|1760726290
|switch|p1a: RAGNAROK|Tinkaton, F|100/100|[from] Flip Turn
|-ability|p1a: RAGNAROK|Mold Breaker
|move|p2a: Chippin’snails|Knock Off|p1a: RAGNAROK
|-resisted|p1a: RAGNAROK
|-damage|p1a: RAGNAROK|93/100
|
|-weather|none
|upkeep
|turn|36
|
|t:|1760726293
|move|p1a: RAGNAROK|Encore|p2a: Chippin’snails
|-start|p2a: Chippin’snails|Encore
|move|p2a: Chippin’snails|Knock Off|p1a: RAGNAROK
|-resisted|p1a: RAGNAROK
|-damage|p1a: RAGNAROK|85/100
|
|upkeep
|turn|37
|
|t:|1760726297
|switch|p1a: Midtusk|Great Tusk|100/100
|switch|p2a: Dr. Inosaur|Slowking-Galar, M|100/100
|
|upkeep
|turn|38
|
|t:|1760726305
|move|p1a: Midtusk|Headlong Rush|p2a: Dr. Inosaur
|-supereffective|p2a: Dr. Inosaur
|-damage|p2a: Dr. Inosaur|0 fnt
|-unboost|p1a: Midtusk|def|1
|-unboost|p1a: Midtusk|spd|1
|faint|p2a: Dr. Inosaur
|
|upkeep
|
|t:|1760726312
|switch|p2a: Not quite my tempo|Rillaboom, F|59/100 tox
|-damage|p2a: Not quite my tempo|46/100 tox|[from] Stealth Rock
|-fieldstart|move: Grassy Terrain|[from] ability: Grassy Surge|[of] p2a: Not quite my tempo
|turn|39
|
|t:|1760726315
|-end|p1a: Midtusk|Protosynthesis|[silent]
|switch|p1a: RAGNAROK|Tinkaton, F|85/100
|-ability|p1a: RAGNAROK|Mold Breaker
|move|p2a: Not quite my tempo|Grassy Glide|p1a: RAGNAROK
|-resisted|p1a: RAGNAROK
|-damage|p1a: RAGNAROK|64/100
|
|-heal|p1a: RAGNAROK|70/100|[from] Grassy Terrain
|-heal|p2a: Not quite my tempo|53/100 tox|[from] Grassy Terrain
|-damage|p2a: Not quite my tempo|46/100 tox|[from] psn
|upkeep
|turn|40
|
|t:|1760726319
|switch|p2a: Chippin’snails|Goodra-Hisui, M|56/100 par
|-damage|p2a: Chippin’snails|50/100 par|[from] Stealth Rock
|move|p1a: RAGNAROK|Gigaton Hammer|p2a: Chippin’snails
|-resisted|p2a: Chippin’snails
|-damage|p2a: Chippin’snails|29/100 par
|
|-heal|p1a: RAGNAROK|76/100|[from] Grassy Terrain
|-heal|p2a: Chippin’snails|35/100 par|[from] Grassy Terrain
|upkeep
|turn|41
|
|t:|1760726323
|switch|p1a: Alomolested|Alomomola, M|100/100 brn
|switch|p2a: Don Dreidel|Great Tusk, tera:Ice|53/100 par
|
|-heal|p2a: Don Dreidel|59/100 par|[from] Grassy Terrain
|-damage|p1a: Alomolested|94/100 brn|[from] brn
|upkeep
|turn|42
|
|t:|1760726327
|move|p2a: Don Dreidel|Rapid Spin|p1a: Alomolested
|-damage|p1a: Alomolested|83/100 brn
|-boost|p2a: Don Dreidel|spe|1
|-sideend|p2: Pig Perfect|Stealth Rock|[from] move: Rapid Spin|[of] p2a: Don Dreidel
|move|p1a: Alomolested|Flip Turn|p2a: Don Dreidel
|-damage|p2a: Don Dreidel|53/100 par
|
|t:|1760726330
|switch|p1a: Midtusk|Great Tusk|100/100|[from] Flip Turn
|
|-heal|p2a: Don Dreidel|59/100 par|[from] Grassy Terrain
|upkeep
|turn|43
|
|t:|1760726343
|move|p1a: Midtusk|Close Combat|p2a: Don Dreidel
|-supereffective|p2a: Don Dreidel
|-damage|p2a: Don Dreidel|0 fnt
|-unboost|p1a: Midtusk|def|1
|-unboost|p1a: Midtusk|spd|1
|faint|p2a: Don Dreidel
|-end|p2a: Don Dreidel|Protosynthesis|[silent]
|
|-fieldend|move: Grassy Terrain
|upkeep
|
|t:|1760726347
|switch|p2a: Not quite my tempo|Rillaboom, F|46/100 tox
|-fieldstart|move: Grassy Terrain|[from] ability: Grassy Surge|[of] p2a: Not quite my tempo
|turn|44
|
|t:|1760726357
|-end|p1a: Midtusk|Protosynthesis|[silent]
|switch|p1a: RAGNAROK|Tinkaton, F|76/100
|-ability|p1a: RAGNAROK|Mold Breaker
|move|p2a: Not quite my tempo|Wood Hammer|p1a: RAGNAROK
|-resisted|p1a: RAGNAROK
|-damage|p1a: RAGNAROK|24/100
|-damage|p2a: Not quite my tempo|30/100 tox|[from] Recoil
|
|-heal|p1a: RAGNAROK|31/100|[from] Grassy Terrain
|-heal|p2a: Not quite my tempo|36/100 tox|[from] Grassy Terrain
|-damage|p2a: Not quite my tempo|30/100 tox|[from] psn
|upkeep
|turn|45
|
|t:|1760726365
|switch|p2a: Chippin’snails|Goodra-Hisui, M|35/100 par
|move|p1a: RAGNAROK|Gigaton Hammer|p2a: Chippin’snails
|-resisted|p2a: Chippin’snails
|-damage|p2a: Chippin’snails|16/100 par
|
|-heal|p1a: RAGNAROK|37/100|[from] Grassy Terrain
|-heal|p2a: Chippin’snails|22/100 par|[from] Grassy Terrain
|upkeep
|turn|46
|
|t:|1760726368
|switch|p1a: Alomolested|Alomomola, M|100/100 brn
|move|p2a: Chippin’snails|Draco Meteor|p1a: Alomolested|[miss]
|-miss|p2a: Chippin’snails|p1a: Alomolested
|
|-heal|p2a: Chippin’snails|28/100 par|[from] Grassy Terrain
|-damage|p1a: Alomolested|94/100 brn|[from] brn
|upkeep
|turn|47
|
|t:|1760726375
|move|p1a: Alomolested|Wish|p1a: Alomolested
|cant|p2a: Chippin’snails|par
|
|-heal|p1a: Alomolested|100/100 brn|[from] Grassy Terrain
|-heal|p2a: Chippin’snails|34/100 par|[from] Grassy Terrain
|-damage|p1a: Alomolested|94/100 brn|[from] brn
|upkeep
|turn|48
|
|t:|1760726379
|move|p1a: Alomolested|Flip Turn|p2a: Chippin’snails
|-resisted|p2a: Chippin’snails
|-damage|p2a: Chippin’snails|30/100 par
|
|t:|1760726381
|switch|p1a: RAGNAROK|Tinkaton, F|37/100|[from] Flip Turn
|-ability|p1a: RAGNAROK|Mold Breaker
|move|p2a: Chippin’snails|Flamethrower|p1a: RAGNAROK
|-supereffective|p1a: RAGNAROK
|-damage|p1a: RAGNAROK|0 fnt
|faint|p1a: RAGNAROK
|
|-heal|p2a: Chippin’snails|36/100 par|[from] Grassy Terrain
|-fieldend|move: Grassy Terrain
|upkeep
|
|t:|1760726388
|switch|p1a: Midtusk|Great Tusk|100/100
|turn|49
|
|t:|1760726404
|move|p1a: Midtusk|Close Combat|p2a: Chippin’snails
|-supereffective|p2a: Chippin’snails
|-damage|p2a: Chippin’snails|0 fnt
|-unboost|p1a: Midtusk|def|1
|-unboost|p1a: Midtusk|spd|1
|faint|p2a: Chippin’snails
|
|upkeep
|
|t:|1760726405
|switch|p2a: Not quite my tempo|Rillaboom, F|30/100 tox
|-fieldstart|move: Grassy Terrain|[from] ability: Grassy Surge|[of] p2a: Not quite my tempo
|turn|50
|
|t:|1760726409
|-end|p1a: Midtusk|Protosynthesis|[silent]
|switch|p1a: Alomolested|Alomomola, M|100/100 brn
|move|p2a: Not quite my tempo|Grassy Glide|p1a: Alomolested
|-supereffective|p1a: Alomolested
|-damage|p1a: Alomolested|54/100 brn
|
|-heal|p2a: Not quite my tempo|36/100 tox|[from] Grassy Terrain
|-heal|p1a: Alomolested|60/100 brn|[from] Grassy Terrain
|-damage|p2a: Not quite my tempo|30/100 tox|[from] psn
|-damage|p1a: Alomolested|54/100 brn|[from] brn
|upkeep
|turn|51
|
|t:|1760726414
|move|p2a: Not quite my tempo|Grassy Glide|p1a: Alomolested
|-supereffective|p1a: Alomolested
|-damage|p1a: Alomolested|3/100 brn
|move|p1a: Alomolested|Wish|p1a: Alomolested
|
|-heal|p2a: Not quite my tempo|36/100 tox|[from] Grassy Terrain
|-heal|p1a: Alomolested|9/100 brn|[from] Grassy Terrain
|-damage|p2a: Not quite my tempo|23/100 tox|[from] psn
|-damage|p1a: Alomolested|3/100 brn|[from] brn
|upkeep
|turn|52
|
|t:|1760726417
|move|p1a: Alomolested|Protect|p1a: Alomolested
|-singleturn|p1a: Alomolested|Protect
|move|p2a: Not quite my tempo|Grassy Glide|p1a: Alomolested
|-activate|p1a: Alomolested|move: Protect
|
|-heal|p1a: Alomolested|53/100 brn|[from] move: Wish|[wisher] Alomolested
|-heal|p2a: Not quite my tempo|30/100 tox|[from] Grassy Terrain
|-heal|p1a: Alomolested|59/100 brn|[from] Grassy Terrain
|-damage|p2a: Not quite my tempo|11/100 tox|[from] psn
|-damage|p1a: Alomolested|53/100 brn|[from] brn
|upkeep
|turn|53
|-message|Pig Perfect forfeited.
|
|win|henry151th
|raw|henry151th's rating: 1569 &rarr; <strong>1586</strong><br />(+17 for winning)
|raw|Pig Perfect's rating: 1516 &rarr; <strong>1499</strong><br />(-17 for losing)
|l|☆Pig Perfect
|player|p2|
