|j|☆Admin Briar
|j|☆leifohman
|t:|1760763031
|gametype|singles
|player|p1|Admin Briar|colress|1427
|player|p2|leifohman|101|1401
|gen|9
|tier|[Gen 9] OU
|rated|
|rule|HP Percentage Mod: HP is shown in percentages
|rule|Endless Battle Clause: Forcing endless battles is banned
|rule|Species Clause: Limit one of each Pokémon
|rule|OHKO Clause: OHKO moves are banned
|rule|Evasion Items Clause: Evasion items are banned
|rule|Evasion Moves Clause: Evasion moves are banned
|rule|Evasion Abilities Clause: Evasion abilities are banned
|rule|Sleep Moves Clause: Sleep-inducing moves are banned
|clearpoke
|poke|p1|Gyarados, M|
|poke|p1|Gliscor, M|
|poke|p1|Corviknight, F|
|poke|p1|Ninetales-Alola, F|
|poke|p1|Polteageist|
|poke|p1|Blaziken, M|
|poke|p2|Pikachu-Original, M|
|poke|p2|Dragonite, M|
|poke|p2|Lucario, M|
|poke|p2|Gengar, M|
|poke|p2|Charizard, M|
|poke|p2|Jumpluff, F|
|teampreview
|inactive|Battle timer is ON: inactive players will automatically lose when time's up. (requested by leifohman)
|
|t:|1760763050
|teamsize|p1|6
|teamsize|p2|6
|start
|switch|p1a: Ninetales|Ninetales-Alola, F|100/100
|switch|p2a: Gengar|Gengar, M, shiny|100/100
|-weather|Snowscape|[from] ability: Snow Warning|[of] p1a: Ninetales
|turn|1
|
|t:|1760763059
|move|p2a: Gengar|Shadow Ball|p1a: Ninetales
|-damage|p1a: Ninetales|51/100
|move|p1a: Ninetales|Aurora Veil|p1a: Ninetales
|-sidestart|p1: Admin Briar|move: Aurora Veil
|
|-weather|Snowscape|[upkeep]
|upkeep
|turn|2
|
|t:|1760763069
|move|p2a: Gengar|Shadow Ball|p1a: Ninetales
|-damage|p1a: Ninetales|24/100
|move|p1a: Ninetales|Encore|p2a: Gengar
|-start|p2a: Gengar|Encore
|
|-weather|Snowscape|[upkeep]
|upkeep
|turn|3
|
|t:|1760763076
|switch|p1a: Gyarados|Gyarados, M|100/100
|move|p2a: Gengar|Shadow Ball|p1a: Gyarados
|-damage|p1a: Gyarados|78/100
|
|-weather|Snowscape|[upkeep]
|-heal|p1a: Gyarados|84/100|[from] item: Leftovers
|upkeep
|turn|4
|inactive|leifohman has 120 seconds left.
|inactive|leifohman has 90 seconds left.
|
|t:|1760763147
|move|p2a: Gengar|Shadow Ball|p1a: Gyarados
|-damage|p1a: Gyarados|64/100
|-unboost|p1a: Gyarados|spd|1
|move|p1a: Gyarados|Dragon Dance|p1a: Gyarados
|-boost|p1a: Gyarados|atk|1
|-boost|p1a: Gyarados|spe|1
|
|-weather|Snowscape|[upkeep]
|-heal|p1a: Gyarados|70/100|[from] item: Leftovers
|upkeep
|turn|5
|
|t:|1760763158
|move|p1a: Gyarados|Crunch|p2a: Gengar
|-supereffective|p2a: Gengar
|-enditem|p2a: Gengar|Focus Sash
|-damage|p2a: Gengar|1/100
|-unboost|p2a: Gengar|def|1
|move|p2a: Gengar|Shadow Ball|p1a: Gyarados
|-damage|p1a: Gyarados|38/100
|
|-weather|none
|-heal|p1a: Gyarados|44/100|[from] item: Leftovers
|-end|p2a: Gengar|Encore
|upkeep
|turn|6
|inactive|leifohman has 90 seconds left.
|
|t:|1760763177
|move|p1a: Gyarados|Ice Fang|p2a: Gengar
|-damage|p2a: Gengar|0 fnt
|faint|p2a: Gengar
|-ability|p1a: Gyarados|Moxie|boost
|-boost|p1a: Gyarados|atk|1
|
|-heal|p1a: Gyarados|50/100|[from] item: Leftovers
|upkeep
|inactive|leifohman has 60 seconds left.
|
|t:|1760763209
|switch|p2a: Dragonite|Dragonite, M|100/100
|turn|7
|inactive|leifohman has 60 seconds left.
|
|t:|1760763222
|move|p1a: Gyarados|Ice Fang|p2a: Dragonite
|-supereffective|p2a: Dragonite
|-damage|p2a: Dragonite|4/100
|move|p2a: Dragonite|Draco Meteor|p1a: Gyarados
|-damage|p1a: Gyarados|4/100
|-unboost|p2a: Dragonite|spa|2
|
|-heal|p1a: Gyarados|10/100|[from] item: Leftovers
|-heal|p2a: Dragonite|10/100|[from] item: Leftovers
|upkeep
|turn|8
|inactive|leifohman has 60 seconds left.
|
|t:|1760763231
|move|p2a: Dragonite|Extreme Speed|p1a: Gyarados
|-damage|p1a: Gyarados|0 fnt
|faint|p1a: Gyarados
|
|-heal|p2a: Dragonite|16/100|[from] item: Leftovers
|-sideend|p1: Admin Briar|move: Aurora Veil
|upkeep
|
|t:|1760763243
|switch|p1a: Polteageist|Polteageist|100/100
|turn|9
|inactive|leifohman has 60 seconds left.
|
|t:|1760763262
|move|p2a: Dragonite|Draco Meteor|p1a: Polteageist
|-damage|p1a: Polteageist|68/100
|-unboost|p2a: Dragonite|spa|2
|move|p1a: Polteageist|Shell Smash|p1a: Polteageist
|-unboost|p1a: Polteageist|def|1
|-unboost|p1a: Polteageist|spd|1
|-boost|p1a: Polteageist|atk|2
|-boost|p1a: Polteageist|spa|2
|-boost|p1a: Polteageist|spe|2
|
|-heal|p2a: Dragonite|22/100|[from] item: Leftovers
|upkeep
|turn|10
|
|t:|1760763275
|move|p1a: Polteageist|Shadow Ball|p2a: Dragonite
|-damage|p2a: Dragonite|0 fnt
|faint|p2a: Dragonite
|
|upkeep
|inactive|leifohman has 60 seconds left.
|
|t:|1760763303
|switch|p2a: Lucario|Lucario, M, shiny|100/100
|turn|11
|
|t:|1760763308
|-terastallize|p2a: Lucario|Normal
|move|p1a: Polteageist|Strength Sap|p2a: Lucario
|-unboost|p2a: Lucario|atk|1
|-heal|p1a: Polteageist|100/100
|move|p2a: Lucario|Earthquake|p1a: Polteageist
|-damage|p1a: Polteageist|24/100
|-ability|p1a: Polteageist|Weak Armor|boost
|-unboost|p1a: Polteageist|def|1
|-boost|p1a: Polteageist|spe|2
|-damage|p2a: Lucario|91/100|[from] item: Life Orb
|
|upkeep
|turn|12
|inactive|leifohman has 60 seconds left.
|
|t:|1760763326
|move|p1a: Polteageist|Stored Power|p2a: Lucario
|-damage|p2a: Lucario|0 fnt
|faint|p2a: Lucario
|
|upkeep
|
|t:|1760763342
|switch|p2a: Jumpluff|Jumpluff, F|100/100
|turn|13
|
|t:|1760763349
|move|p1a: Polteageist|Stored Power|p2a: Jumpluff
|-damage|p2a: Jumpluff|0 fnt
|faint|p2a: Jumpluff
|
|upkeep
|-message|leifohman forfeited.
|
|win|Admin Briar
|raw|Admin Briar's rating: 1427 &rarr; <strong>1446</strong><br />(+19 for winning)
|raw|leifohman's rating: 1401 &rarr; <strong>1382</strong><br />(-19 for losing)
|l|☆leifohman
|player|p2|
|l|☆Admin Briar
|player|p1|
