|badge|p1|bronze|gen9doublesou|100-7
|badge|p1|bronze|gen9ubers|100-7
|uhtml|medal-msg|<div class="broadcast-blue">Curious what those medals under the avatar are? PS now has Ladder Seasons! For more information, check out the <a href="https://www.smogon.com/forums/threads/3740067/">thread on Smogon.</a></div>
|j|☆RoaringMoonlight2
|j|☆art of unmoning
|t:|1760881437
|gametype|singles
|player|p1|RoaringMoonlight2|turo-ai|1780
|player|p2|art of unmoning|waiter-gen4dp|1745
|gen|9
|tier|[Gen 9] OU
|rated|
|rule|HP Percentage Mod: HP is shown in percentages
|rule|Endless Battle Clause: Forcing endless battles is banned
|rule|Species Clause: Limit one of each Pokémon
|rule|OHKO Clause: OHKO moves are banned
|rule|Evasion Items Clause: Evasion items are banned
|rule|Evasion Moves Clause: Evasion moves are banned
|rule|Evasion Abilities Clause: Evasion abilities are banned
|rule|Sleep Moves Clause: Sleep-inducing moves are banned
|clearpoke
|poke|p1|Glimmora, F|
|poke|p1|Iron Valiant|
|poke|p1|Raging Bolt|
|poke|p1|Ogerpon-Wellspring, F|
|poke|p1|Kingambit, F|
|poke|p1|Ceruledge, F|
|poke|p2|Slowking, M|
|poke|p2|Tyranitar, F|
|poke|p2|Excadrill, F|
|poke|p2|Zamazenta-*|
|poke|p2|Corviknight, F|
|poke|p2|Weezing-Galar, F|
|teampreview
|inactive|Battle timer is ON: inactive players will automatically lose when time's up. (requested by art of unmoning)
|inactive|RoaringMoonlight2 also wants the timer to be on.
|c|☆art of unmoning|Hf
|
|t:|1760881466
|teamsize|p1|6
|teamsize|p2|6
|start
|switch|p1a: Fleur de Cuivre|Glimmora, F|100/100
|switch|p2a: Excadrill|Excadrill, F|100/100
|turn|1
|
|t:|1760881473
|switch|p1a: Masqurécage|Ogerpon-Wellspring, F|100/100
|move|p2a: Excadrill|Earthquake|p1a: Masqurécage
|-resisted|p1a: Masqurécage
|-damage|p1a: Masqurécage|70/100
|
|upkeep
|turn|2
|
|t:|1760881477
|switch|p2a: Corviknight|Corviknight, F|100/100
|-ability|p2a: Corviknight|Pressure
|move|p1a: Masqurécage|Ivy Cudgel|p2a: Corviknight|[anim] Ivy Cudgel Water
|-damage|p2a: Corviknight|62/100
|
|-heal|p2a: Corviknight|68/100|[from] item: Leftovers
|upkeep
|turn|3
|
|t:|1760881487
|move|p1a: Masqurécage|Ivy Cudgel|p2a: Corviknight|[anim] Ivy Cudgel Water
|-damage|p2a: Corviknight|28/100
|move|p2a: Corviknight|Brave Bird|p1a: Masqurécage
|-supereffective|p1a: Masqurécage
|-damage|p1a: Masqurécage|0 fnt
|faint|p1a: Masqurécage
|-damage|p2a: Corviknight|9/100|[from] Recoil
|
|-heal|p2a: Corviknight|16/100|[from] item: Leftovers
|upkeep
|
|t:|1760881489
|switch|p1a: Fleur de Cuivre|Glimmora, F|100/100
|turn|4
|
|t:|1760881500
|switch|p2a: Excadrill|Excadrill, F|100/100
|move|p1a: Fleur de Cuivre|Meteor Beam||[still]
|-prepare|p1a: Fleur de Cuivre|Meteor Beam
|-boost|p1a: Fleur de Cuivre|spa|1
|-enditem|p1a: Fleur de Cuivre|Power Herb
|-anim|p1a: Fleur de Cuivre|Meteor Beam|p2a: Excadrill
|-resisted|p2a: Excadrill
|-damage|p2a: Excadrill|75/100
|
|-heal|p2a: Excadrill|82/100|[from] item: Leftovers
|upkeep
|turn|5
|inactive|RoaringMoonlight2 has 120 seconds left.
|
|t:|1760881542
|move|p2a: Excadrill|Earthquake|p1a: Fleur de Cuivre
|-supereffective|p1a: Fleur de Cuivre
|-damage|p1a: Fleur de Cuivre|0 fnt
|-activate|p1a: Fleur de Cuivre|ability: Toxic Debris
|-sidestart|p2: art of unmoning|move: Toxic Spikes
|faint|p1a: Fleur de Cuivre
|
|-heal|p2a: Excadrill|88/100|[from] item: Leftovers
|upkeep
|
|t:|1760881552
|switch|p1a: Escrameur|Ceruledge, F|100/100
|turn|6
|j| blueflea.n
|inactive|RoaringMoonlight2 has 90 seconds left.
|
|t:|1760881583
|switch|p2a: Tyranitar|Tyranitar, F|100/100
|-status|p2a: Tyranitar|psn
|-weather|Sandstorm|[from] ability: Sand Stream|[of] p2a: Tyranitar
|move|p1a: Escrameur|Swords Dance|p1a: Escrameur
|-boost|p1a: Escrameur|atk|2
|
|-weather|Sandstorm|[upkeep]
|-damage|p1a: Escrameur|94/100|[from] Sandstorm
|-damage|p2a: Tyranitar|88/100 psn|[from] psn
|upkeep
|turn|7
|
|t:|1760881592
|move|p1a: Escrameur|Bitter Blade|p2a: Tyranitar
|-resisted|p2a: Tyranitar
|-damage|p2a: Tyranitar|53/100 psn
|-heal|p1a: Escrameur|100/100|[from] drain|[of] p2a: Tyranitar
|move|p2a: Tyranitar|Stealth Rock|p1a: Escrameur
|-sidestart|p1: RoaringMoonlight2|move: Stealth Rock
|
|-weather|Sandstorm|[upkeep]
|-damage|p1a: Escrameur|94/100|[from] Sandstorm
|-heal|p2a: Tyranitar|60/100 psn|[from] item: Leftovers
|-damage|p2a: Tyranitar|47/100 psn|[from] psn
|upkeep
|turn|8
|inactive|RoaringMoonlight2 has 90 seconds left.
|
|t:|1760881630
|move|p1a: Escrameur|Poltergeist|p2a: Tyranitar
|-activate|p2a: Tyranitar|move: Poltergeist|Leftovers
|-resisted|p2a: Tyranitar
|-damage|p2a: Tyranitar|3/100 psn
|move|p2a: Tyranitar|Knock Off|p1a: Escrameur
|-supereffective|p1a: Escrameur
|-crit|p1a: Escrameur
|-damage|p1a: Escrameur|0 fnt
|-enditem|p1a: Escrameur|Focus Sash|[from] move: Knock Off|[of] p2a: Tyranitar
|faint|p1a: Escrameur
|
|-weather|Sandstorm|[upkeep]
|-heal|p2a: Tyranitar|10/100 psn|[from] item: Leftovers
|-damage|p2a: Tyranitar|0 fnt|[from] psn
|faint|p2a: Tyranitar
|upkeep
|inactive|RoaringMoonlight2 has 60 seconds left.
|
|t:|1760881646
|switch|p1a: Raille-Cou|Raging Bolt|100/100
|switch|p2a: Excadrill|Excadrill, F|88/100
|-damage|p1a: Raille-Cou|88/100|[from] Stealth Rock
|turn|9
|inactive|RoaringMoonlight2 has 60 seconds left.
|inactive|RoaringMoonlight2 has 30 seconds left.
|
|t:|1760881698
|move|p2a: Excadrill|Earthquake|p1a: Raille-Cou
|-supereffective|p1a: Raille-Cou
|-damage|p1a: Raille-Cou|0 fnt
|faint|p1a: Raille-Cou
|-end|p1a: Raille-Cou|Protosynthesis|[silent]
|
|-weather|Sandstorm|[upkeep]
|-heal|p2a: Excadrill|94/100|[from] item: Leftovers
|upkeep
|inactive|RoaringMoonlight2 has 30 seconds left this turn.
|
|t:|1760881700
|switch|p1a: Général 50/50|Kingambit, F|100/100
|-damage|p1a: Général 50/50|94/100|[from] Stealth Rock
|-activate|p1a: Général 50/50|ability: Supreme Overlord
|-start|p1a: Général 50/50|fallen4|[silent]
|turn|10
|inactive|RoaringMoonlight2 has 30 seconds left.
|inactive|RoaringMoonlight2 has 20 seconds left.
|inactive|RoaringMoonlight2 has 15 seconds left.
|
|t:|1760881729
|-terastallize|p1a: Général 50/50|Dark
|move|p1a: Général 50/50|Sucker Punch|p2a: Excadrill
|-damage|p2a: Excadrill|0 fnt
|faint|p2a: Excadrill
|
|-weather|none
|upkeep
|
|t:|1760881735
|switch|p2a: Zamazenta|Zamazenta|100/100
|-status|p2a: Zamazenta|psn
|-ability|p2a: Zamazenta|Dauntless Shield|boost
|-boost|p2a: Zamazenta|def|1
|turn|11
|inactive|RoaringMoonlight2 has 30 seconds left this turn.
|inactive|RoaringMoonlight2 has 20 seconds left.
|inactive|RoaringMoonlight2 has 15 seconds left.
|
|t:|1760881754
|switch|p2a: Weezing|Weezing-Galar, F|100/100
|-ability|p2a: Weezing|Neutralizing Gas
|-sideend|p2: art of unmoning|move: Toxic Spikes|[of] p2a: Weezing
|move|p1a: Général 50/50|Sucker Punch||[still]
|-fail|p1a: Général 50/50
|
|upkeep
|turn|12
|inactive|RoaringMoonlight2 has 25 seconds left this turn.
|
|t:|1760881759
|-end|p1a: Général 50/50|fallen4|[silent]
|switch|p1a: Terminator|Iron Valiant|100/100
|-damage|p1a: Terminator|94/100|[from] Stealth Rock
|move|p2a: Weezing|Will-O-Wisp|p1a: Terminator
|-status|p1a: Terminator|brn
|
|-damage|p1a: Terminator|88/100 brn|[from] brn
|upkeep
|turn|13
|
|t:|1760881763
|-end|p2a: Weezing|ability: Neutralizing Gas
|switch|p2a: Corviknight|Corviknight, F|16/100
|-enditem|p1a: Terminator|Booster Energy
|-activate|p1a: Terminator|ability: Quark Drive|[fromitem]
|-start|p1a: Terminator|quarkdrivespe
|-ability|p2a: Corviknight|Pressure
|move|p1a: Terminator|Psyshock|p2a: Corviknight
|-resisted|p2a: Corviknight
|-damage|p2a: Corviknight|8/100
|
|-heal|p2a: Corviknight|14/100|[from] item: Leftovers
|-damage|p1a: Terminator|82/100 brn|[from] brn
|upkeep
|turn|14
|
|t:|1760881770
|move|p1a: Terminator|Moonblast|p2a: Corviknight
|-resisted|p2a: Corviknight
|-damage|p2a: Corviknight|0 fnt
|faint|p2a: Corviknight
|
|-damage|p1a: Terminator|76/100 brn|[from] brn
|upkeep
|
|t:|1760881772
|switch|p2a: Weezing|Weezing-Galar, F|100/100
|-ability|p2a: Weezing|Neutralizing Gas
|turn|15
|inactive|RoaringMoonlight2 has 30 seconds left.
|inactive|RoaringMoonlight2 has 20 seconds left.
|-message|RoaringMoonlight2 forfeited.
|
|win|art of unmoning
|raw|RoaringMoonlight2's rating: 1780 &rarr; <strong>1758</strong><br />(-22 for losing)
|raw|art of unmoning's rating: 1745 &rarr; <strong>1767</strong><br />(+22 for winning)
|l|☆RoaringMoonlight2
|player|p1|
|l|☆art of unmoning
|player|p2|
|l| blueflea.n
