|j|☆mosfroth
|j|‽clydethesuperhero
|t:|1760803596
|gametype|singles
|player|p1|mosfroth|bruno|1506
|player|p2|clydethesuperhero|doubleteam|1520
|gen|9
|tier|[Gen 9] OU
|rated|
|rule|HP Percentage Mod: HP is shown in percentages
|rule|Endless Battle Clause: Forcing endless battles is banned
|rule|Species Clause: Limit one of each Pokémon
|rule|OHKO Clause: OHKO moves are banned
|rule|Evasion Items Clause: Evasion items are banned
|rule|Evasion Moves Clause: Evasion moves are banned
|rule|Evasion Abilities Clause: Evasion abilities are banned
|rule|Sleep Moves Clause: Sleep-inducing moves are banned
|clearpoke
|poke|p1|Enamorus, F|
|poke|p1|Great Tusk|
|poke|p1|Iron Crown|
|poke|p1|Lokix, M|
|poke|p1|Alomomola, M|
|poke|p1|Pecharunt|
|poke|p2|Hatterene, F|
|poke|p2|Ogerpon, F|
|poke|p2|Iron Crown|
|poke|p2|Deoxys-Speed|
|poke|p2|Indeedee, M|
|poke|p2|Armarouge, M|
|teampreview
|inactive|Battle timer is ON: inactive players will automatically lose when time's up. (requested by clydethesuperhero)
|
|t:|1760803618
|teamsize|p1|6
|teamsize|p2|6
|start
|switch|p1a: Pisces|Alomomola, M, shiny|100/100
|switch|p2a: Indeedee|Indeedee, M, shiny|100/100
|-fieldstart|move: Psychic Terrain|[from] ability: Psychic Surge|[of] p2a: Indeedee
|turn|1
|
|t:|1760803632
|switch|p2a: Ogerpon|Ogerpon, F|100/100
|move|p1a: Pisces|Flip Turn|p2a: Ogerpon
|-resisted|p2a: Ogerpon
|-damage|p2a: Ogerpon|90/100
|
|t:|1760803659
|switch|p1a: Edgar|Lokix, M, shiny|100/100|[from] Flip Turn
|
|upkeep
|turn|2
|
|t:|1760803670
|switch|p2a: Armarouge|Armarouge, M, shiny|100/100
|move|p1a: Edgar|U-turn|p2a: Armarouge
|-damage|p2a: Armarouge|46/100
|-ability|p2a: Armarouge|Weak Armor|boost
|-unboost|p2a: Armarouge|def|1
|-boost|p2a: Armarouge|spe|2
|
|t:|1760803682
|switch|p1a: Pisces|Alomomola, M, shiny|100/100|[from] U-turn
|
|upkeep
|turn|3
|
|t:|1760803690
|move|p2a: Armarouge|Endure|p2a: Armarouge
|-singleturn|p2a: Armarouge|move: Endure
|move|p1a: Pisces|Flip Turn|p2a: Armarouge
|-supereffective|p2a: Armarouge
|-crit|p2a: Armarouge
|-activate|p2a: Armarouge|move: Endure
|-damage|p2a: Armarouge|1/100
|-ability|p2a: Armarouge|Weak Armor|boost
|-unboost|p2a: Armarouge|def|1
|-boost|p2a: Armarouge|spe|2
|-enditem|p2a: Armarouge|Weakness Policy
|-boost|p2a: Armarouge|atk|2|[from] item: Weakness Policy
|-boost|p2a: Armarouge|spa|2|[from] item: Weakness Policy
|inactive|mosfroth has 120 seconds left.
|
|t:|1760803727
|switch|p1a: Edgar|Lokix, M, shiny|100/100|[from] Flip Turn
|
|upkeep
|turn|4
|inactive|mosfroth has 120 seconds left.
|
|t:|1760803743
|switch|p1a: Pisces|Alomomola, M, shiny|100/100
|move|p2a: Armarouge|Armor Cannon|p1a: Pisces
|-resisted|p1a: Pisces
|-damage|p1a: Pisces|65/100
|-unboost|p2a: Armarouge|def|1
|-unboost|p2a: Armarouge|spd|1
|
|upkeep
|turn|5
|
|t:|1760803750
|move|p2a: Armarouge|Expanding Force|p1a: Pisces
|-crit|p1a: Pisces
|-damage|p1a: Pisces|0 fnt
|faint|p1a: Pisces
|
|upkeep
|inactive|mosfroth has 120 seconds left.
|
|t:|1760803776
|switch|p1a: Overseer|Pecharunt|100/100
|turn|6
|
|t:|1760803789
|move|p2a: Armarouge|Armor Cannon|p1a: Overseer
|-crit|p1a: Overseer
|-damage|p1a: Overseer|0 fnt
|-unboost|p2a: Armarouge|def|1
|-unboost|p2a: Armarouge|spd|1
|faint|p1a: Overseer
|
|upkeep
|
|t:|1760803798
|switch|p1a: Behemoth|Great Tusk, shiny|100/100
|turn|7
|
|t:|1760803815
|move|p2a: Armarouge|Expanding Force|p1a: Behemoth
|-supereffective|p1a: Behemoth
|-damage|p1a: Behemoth|0 fnt
|faint|p1a: Behemoth
|-end|p1a: Behemoth|Protosynthesis|[silent]
|
|upkeep
|
|t:|1760803835
|switch|p1a: Braveheart|Iron Crown|100/100
|turn|8
|
|t:|1760803843
|move|p2a: Armarouge|Armor Cannon|p1a: Braveheart
|-supereffective|p1a: Braveheart
|-damage|p1a: Braveheart|0 fnt
|-unboost|p2a: Armarouge|def|1
|-unboost|p2a: Armarouge|spd|1
|faint|p1a: Braveheart
|-end|p1a: Braveheart|Quark Drive|[silent]
|
|-fieldend|move: Psychic Terrain
|upkeep
|
|t:|1760803845
|switch|p1a: Edgar|Lokix, M, shiny|100/100
|turn|9
|
|t:|1760803849
|switch|p2a: Indeedee|Indeedee, M, shiny|100/100
|-fieldstart|move: Psychic Terrain|[from] ability: Psychic Surge|[of] p2a: Indeedee
|move|p1a: Edgar|First Impression|p2a: Indeedee
|-activate|p2a: Indeedee|move: Psychic Terrain
|
|upkeep
|turn|10
|-message|mosfroth forfeited.
|
|win|clydethesuperhero
|raw|mosfroth's rating: 1506 &rarr; <strong>1487</strong><br />(-19 for losing)
|raw|clydethesuperhero's rating: 1520 &rarr; <strong>1539</strong><br />(+19 for winning)
