|badge|p1|silver|gen9doublesou|30-7
|badge|p1|bronze|gen9ru|100-7
|uhtml|medal-msg|<div class="broadcast-blue">Curious what those medals under the avatar are? PS now has Ladder Seasons! For more information, check out the <a href="https://www.smogon.com/forums/threads/3740067/">thread on Smogon.</a></div>
|j|☆3idk
|j|☆MooFarmer
|t:|1760861170
|gametype|singles
|player|p1|3idk|cynthia-masters|1717
|player|p2|MooFarmer|1|1801
|gen|9
|tier|[Gen 9] OU
|rated|
|rule|HP Percentage Mod: HP is shown in percentages
|rule|Endless Battle Clause: Forcing endless battles is banned
|rule|Species Clause: Limit one of each Pokémon
|rule|OHKO Clause: OHKO moves are banned
|rule|Evasion Items Clause: Evasion items are banned
|rule|Evasion Moves Clause: Evasion moves are banned
|rule|Evasion Abilities Clause: Evasion abilities are banned
|rule|Sleep Moves Clause: Sleep-inducing moves are banned
|clearpoke
|poke|p1|Pelipper, M|
|poke|p1|Tornadus-Therian, M|
|poke|p1|Iron Treads|
|poke|p1|Decidueye-Hisui, F|
|poke|p1|Barraskewda, F|
|poke|p1|Raging Bolt|
|poke|p2|Kyurem|
|poke|p2|Corviknight, M|
|poke|p2|Ting-Lu|
|poke|p2|Dondozo, M|
|poke|p2|Slowking-Galar, L99, F|
|poke|p2|Cinderace, M|
|teampreview
|inactive|Battle timer is ON: inactive players will automatically lose when time's up. (requested by 3idk)
|inactive|MooFarmer has 120 seconds left.
|
|t:|1760861216
|teamsize|p1|6
|teamsize|p2|6
|start
|switch|p1a: Iron Treads|Iron Treads|100/100
|switch|p2a: Kyurem|Kyurem|100/100
|-ability|p2a: Kyurem|Pressure
|turn|1
|inactive|MooFarmer also wants the timer to be on.
|inactive|MooFarmer has 120 seconds left.
|
|t:|1760861262
|move|p2a: Kyurem|Freeze-Dry|p1a: Iron Treads
|-damage|p1a: Iron Treads|70/100
|move|p1a: Iron Treads|Knock Off|p2a: Kyurem
|-damage|p2a: Kyurem|76/100
|-enditem|p2a: Kyurem|Leftovers|[from] move: Knock Off|[of] p1a: Iron Treads
|
|-heal|p1a: Iron Treads|76/100|[from] item: Leftovers
|upkeep
|turn|2
|inactive|MooFarmer has 90 seconds left.
|
|t:|1760861308
|move|p2a: Kyurem|Freeze-Dry|p1a: Iron Treads
|-damage|p1a: Iron Treads|48/100
|move|p1a: Iron Treads|Earthquake|p2a: Kyurem
|-damage|p2a: Kyurem|41/100
|
|-heal|p1a: Iron Treads|54/100|[from] item: Leftovers
|upkeep
|turn|3
|j| lakob
|inactive|MooFarmer has 60 seconds left.
|
|t:|1760861353
|move|p2a: Kyurem|Earth Power|p1a: Iron Treads
|-supereffective|p1a: Iron Treads
|-damage|p1a: Iron Treads|8/100
|-unboost|p1a: Iron Treads|spd|1
|move|p1a: Iron Treads|Earthquake|p2a: Kyurem
|-damage|p2a: Kyurem|8/100
|
|-heal|p1a: Iron Treads|14/100|[from] item: Leftovers
|upkeep
|turn|4
|j| wyjmjl
|
|t:|1760861362
|move|p2a: Kyurem|Freeze-Dry|p1a: Iron Treads
|-damage|p1a: Iron Treads|0 fnt
|faint|p1a: Iron Treads
|-end|p1a: Iron Treads|Quark Drive|[silent]
|
|upkeep
|
|t:|1760861365
|switch|p1a: Tornadus|Tornadus-Therian, M|100/100
|turn|5
|
|t:|1760861374
|move|p2a: Kyurem|Protect|p2a: Kyurem
|-singleturn|p2a: Kyurem|Protect
|move|p1a: Tornadus|U-turn|p2a: Kyurem
|-activate|p2a: Kyurem|move: Protect
|
|upkeep
|turn|6
|
|t:|1760861382
|switch|p2a: Slowking|Slowking-Galar, L99, F|100/100
|move|p1a: Tornadus|U-turn|p2a: Slowking
|-damage|p2a: Slowking|85/100
|
|t:|1760861387
|switch|p1a: Barraskewda|Barraskewda, F|100/100|[from] U-turn
|
|upkeep
|turn|7
|j| Rainbow Chrome
|
|t:|1760861395
|move|p1a: Barraskewda|Flip Turn|p2a: Slowking
|-damage|p2a: Slowking|42/100
|-damage|p1a: Barraskewda|91/100|[from] item: Life Orb
|
|t:|1760861400
|switch|p1a: Tornadus|Tornadus-Therian, M|100/100|[from] Flip Turn
|move|p2a: Slowking|Toxic|p1a: Tornadus
|-status|p1a: Tornadus|tox
|
|-damage|p1a: Tornadus|94/100 tox|[from] psn
|upkeep
|turn|8
|l| wyjmjl
|
|t:|1760861409
|switch|p2a: Corviknight|Corviknight, M|100/100
|-ability|p2a: Corviknight|Pressure
|move|p1a: Tornadus|Hurricane|p2a: Corviknight
|-resisted|p2a: Corviknight
|-damage|p2a: Corviknight|66/100
|
|-damage|p1a: Tornadus|82/100 tox|[from] psn
|upkeep
|turn|9
|j| 0WithdrawalSyndrom
|
|t:|1760861420
|switch|p1a: Pelipper|Pelipper, M|100/100
|-weather|RainDance|[from] ability: Drizzle|[of] p1a: Pelipper
|move|p2a: Corviknight|Roost|p2a: Corviknight
|-heal|p2a: Corviknight|100/100
|-singleturn|p2a: Corviknight|move: Roost
|
|-weather|RainDance|[upkeep]
|upkeep
|turn|10
|
|t:|1760861429
|move|p2a: Corviknight|U-turn|p1a: Pelipper
|-resisted|p1a: Pelipper
|-damage|p1a: Pelipper|95/100
|c| 0WithdrawalSyndrom|decidueye??
|c|☆3idk|pon, lokix , hsamu ,gambit check
|c|☆3idk|also some other stuff like kewda
|inactive|MooFarmer has 60 seconds left.
|c| 0WithdrawalSyndrom|oh
|
|t:|1760861475
|switch|p2a: Slowking|Slowking-Galar, L99, F|75/100|[from] U-turn
|move|p1a: Pelipper|U-turn|p2a: Slowking
|-damage|p2a: Slowking|65/100
|
|t:|1760861481
|switch|p1a: Tornadus|Tornadus-Therian, M|100/100 tox|[from] U-turn
|
|-weather|RainDance|[upkeep]
|-damage|p1a: Tornadus|94/100 tox|[from] psn
|upkeep
|turn|11
|c|☆3idk|!showset decidueye-hisui
|c| 3idk|/raw <div class="infobox">Decidueye (Decidueye-Hisui) @ Rocky Helmet  <br />Ability: Scrappy  <br />Tera Type: Ghost  <br />EVs: 252 HP &#x2f; 252 Def &#x2f; 4 Spe  <br />Impish Nature  <br />- Roost  <br />- U-turn  <br />- Triple Arrows  <br />- Defog  <br /><br /></div>
|inactive|MooFarmer has 30 seconds left.
|inactive|MooFarmer has 20 seconds left.
|c|☆3idk|also hits dengo.
|
|t:|1760861525
|switch|p2a: Ting-Lu|Ting-Lu|100/100
|-ability|p2a: Ting-Lu|Vessel of Ruin
|-terastallize|p1a: Tornadus|Flying
|move|p1a: Tornadus|Hurricane|p2a: Ting-Lu
|-damage|p2a: Ting-Lu|55/100
|-start|p2a: Ting-Lu|confusion
|
|-weather|RainDance|[upkeep]
|-heal|p2a: Ting-Lu|61/100|[from] item: Leftovers
|-damage|p1a: Tornadus|82/100 tox|[from] psn
|upkeep
|turn|12
|inactive|MooFarmer has 30 seconds left this turn.
|
|t:|1760861535
|move|p1a: Tornadus|Hurricane|p2a: Ting-Lu
|-damage|p2a: Ting-Lu|17/100
|-activate|p2a: Ting-Lu|confusion
|move|p2a: Ting-Lu|Payback|p1a: Tornadus
|-damage|p1a: Tornadus|29/100 tox
|
|-weather|RainDance|[upkeep]
|-heal|p2a: Ting-Lu|23/100|[from] item: Leftovers
|-damage|p1a: Tornadus|11/100 tox|[from] psn
|upkeep
|turn|13
|inactive|MooFarmer has 30 seconds left.
|
|t:|1760861543
|switch|p1a: Decidueye|Decidueye-Hisui, F|100/100
|switch|p2a: Kyurem|Kyurem|8/100
|-ability|p2a: Kyurem|Pressure
|
|-weather|RainDance|[upkeep]
|upkeep
|turn|14
|
|t:|1760861552
|move|p2a: Kyurem|Freeze-Dry|p1a: Decidueye
|-supereffective|p1a: Decidueye
|-damage|p1a: Decidueye|29/100
|move|p1a: Decidueye|U-turn|p2a: Kyurem
|-damage|p2a: Kyurem|0 fnt
|faint|p2a: Kyurem
|
|t:|1760861558
|switch|p1a: Tornadus|Tornadus-Therian, M, tera:Flying|44/100 tox|[from] U-turn
|
|-weather|RainDance|[upkeep]
|-damage|p1a: Tornadus|38/100 tox|[from] psn
|upkeep
|
|t:|1760861566
|switch|p2a: Slowking|Slowking-Galar, L99, F|98/100
|turn|15
|
|t:|1760861574
|move|p1a: Tornadus|U-turn|p2a: Slowking
|-damage|p2a: Slowking|84/100
|
|t:|1760861577
|switch|p1a: Decidueye|Decidueye-Hisui, F|29/100|[from] U-turn
|-prepare|p2a: Slowking|Chilly Reception|[premajor]
|move|p2a: Slowking|Chilly Reception|p2a: Slowking
|-weather|Snowscape
|
|t:|1760861586
|switch|p2a: Cinderace|Cinderace, M|100/100|[from] Chilly Reception
|
|-weather|Snowscape|[upkeep]
|upkeep
|turn|16
|
|t:|1760861594
|switch|p1a: Pelipper|Pelipper, M|95/100
|-weather|RainDance|[from] ability: Drizzle|[of] p1a: Pelipper
|move|p2a: Cinderace|U-turn|p1a: Pelipper
|-resisted|p1a: Pelipper
|-damage|p1a: Pelipper|87/100
|
|t:|1760861603
|switch|p2a: Slowking|Slowking-Galar, L99, F|100/100|[from] U-turn
|
|-weather|RainDance|[upkeep]
|upkeep
|turn|17
|inactive|MooFarmer has 60 seconds left.
|
|t:|1760861611
|move|p1a: Pelipper|U-turn|p2a: Slowking
|-damage|p2a: Slowking|91/100
|
|t:|1760861614
|switch|p1a: Tornadus|Tornadus-Therian, M, tera:Flying|71/100 tox|[from] U-turn
|move|p2a: Slowking|Sludge Bomb|p1a: Tornadus
|-damage|p1a: Tornadus|33/100 tox
|
|-weather|RainDance|[upkeep]
|-damage|p1a: Tornadus|27/100 tox|[from] psn
|upkeep
|turn|18
|
|t:|1760861622
|move|p1a: Tornadus|U-turn|p2a: Slowking
|-damage|p2a: Slowking|77/100
|
|t:|1760861625
|switch|p1a: Decidueye|Decidueye-Hisui, F|29/100|[from] U-turn
|-prepare|p2a: Slowking|Chilly Reception|[premajor]
|move|p2a: Slowking|Chilly Reception|p2a: Slowking
|-weather|Snowscape
|
|t:|1760861633
|switch|p2a: Cinderace|Cinderace, M|100/100|[from] Chilly Reception
|
|-weather|Snowscape|[upkeep]
|upkeep
|turn|19
|
|t:|1760861642
|switch|p1a: Pelipper|Pelipper, M|87/100
|-weather|RainDance|[from] ability: Drizzle|[of] p1a: Pelipper
|move|p2a: Cinderace|U-turn|p1a: Pelipper
|-resisted|p1a: Pelipper
|-damage|p1a: Pelipper|80/100
|c| 0WithdrawalSyndrom|pivoting loop
|
|t:|1760861651
|switch|p2a: Slowking|Slowking-Galar, L99, F|100/100|[from] U-turn
|
|-weather|RainDance|[upkeep]
|upkeep
|turn|20
|
|t:|1760861659
|move|p1a: Pelipper|U-turn|p2a: Slowking
|-crit|p2a: Slowking
|-damage|p2a: Slowking|85/100
|
|t:|1760861665
|switch|p1a: Decidueye|Decidueye-Hisui, F|29/100|[from] U-turn
|move|p2a: Slowking|Sludge Bomb|p1a: Decidueye
|-supereffective|p1a: Decidueye
|-damage|p1a: Decidueye|0 fnt
|faint|p1a: Decidueye
|
|-weather|RainDance|[upkeep]
|upkeep
|
|t:|1760861669
|switch|p1a: Barraskewda|Barraskewda, F|91/100
|turn|21
|l| rainbowchrome
|inactive|MooFarmer has 90 seconds left.
|
|t:|1760861714
|switch|p2a: Corviknight|Corviknight, M|100/100
|-ability|p2a: Corviknight|Pressure
|move|p1a: Barraskewda|Liquidation|p2a: Corviknight
|-damage|p2a: Corviknight|45/100
|-damage|p1a: Barraskewda|74/100|[from] item: Rocky Helmet|[of] p2a: Corviknight
|-damage|p1a: Barraskewda|64/100|[from] item: Life Orb
|
|-weather|RainDance|[upkeep]
|upkeep
|turn|22
|inactive|MooFarmer has 60 seconds left.
|inactive|MooFarmer has 30 seconds left.
|
|t:|1760861760
|switch|p1a: Tornadus|Tornadus-Therian, M, tera:Flying|60/100 tox
|move|p2a: Corviknight|Roost|p2a: Corviknight
|-heal|p2a: Corviknight|95/100
|-singleturn|p2a: Corviknight|move: Roost
|
|-weather|RainDance|[upkeep]
|-damage|p1a: Tornadus|54/100 tox|[from] psn
|upkeep
|turn|23
|
|t:|1760861768
|move|p1a: Tornadus|Weather Ball|p2a: Corviknight
|-damage|p2a: Corviknight|24/100
|move|p2a: Corviknight|Roost|p2a: Corviknight
|-heal|p2a: Corviknight|74/100
|-singleturn|p2a: Corviknight|move: Roost
|
|-weather|RainDance|[upkeep]
|-damage|p1a: Tornadus|42/100 tox|[from] psn
|upkeep
|turn|24
|
|t:|1760861778
|move|p1a: Tornadus|Weather Ball|p2a: Corviknight
|-damage|p2a: Corviknight|2/100
|move|p2a: Corviknight|U-turn|p1a: Tornadus
|-resisted|p1a: Tornadus
|-damage|p1a: Tornadus|32/100 tox
|
|t:|1760861787
|switch|p2a: Slowking|Slowking-Galar, L99, F|100/100|[from] U-turn
|
|-weather|RainDance|[upkeep]
|-damage|p1a: Tornadus|14/100 tox|[from] psn
|upkeep
|turn|25
|
|t:|1760861795
|switch|p1a: Barraskewda|Barraskewda, F|64/100
|move|p2a: Slowking|Future Sight|p1a: Barraskewda
|-start|p2a: Slowking|move: Future Sight
|
|-weather|RainDance|[upkeep]
|upkeep
|turn|26
|
|t:|1760861804
|switch|p2a: Dondozo|Dondozo, M|100/100
|move|p1a: Barraskewda|Liquidation|p2a: Dondozo
|-resisted|p2a: Dondozo
|-damage|p2a: Dondozo|81/100
|-damage|p1a: Barraskewda|54/100|[from] item: Life Orb
|
|-weather|none
|-heal|p2a: Dondozo|87/100|[from] item: Leftovers
|upkeep
|turn|27
|l| 0WithdrawalSyndrom
|
|t:|1760861813
|move|p1a: Barraskewda|Flip Turn|p2a: Dondozo
|-resisted|p2a: Dondozo
|-damage|p2a: Dondozo|77/100
|-damage|p1a: Barraskewda|45/100|[from] item: Life Orb
|
|t:|1760861816
|switch|p1a: Pelipper|Pelipper, M|80/100|[from] Flip Turn
|-weather|RainDance|[from] ability: Drizzle|[of] p1a: Pelipper
|move|p2a: Dondozo|Body Press|p1a: Pelipper
|-resisted|p1a: Pelipper
|-crit|p1a: Pelipper
|-damage|p1a: Pelipper|66/100
|
|-weather|RainDance|[upkeep]
|-end|p1a: Pelipper|move: Future Sight
|-crit|p1a: Pelipper
|-damage|p1a: Pelipper|0 fnt
|faint|p1a: Pelipper
|-heal|p2a: Dondozo|84/100|[from] item: Leftovers
|upkeep
|
|t:|1760861823
|switch|p1a: Tornadus|Tornadus-Therian, M, tera:Flying|47/100 tox
|turn|28
|
|t:|1760861831
|switch|p2a: Corviknight|Corviknight, M|2/100
|-ability|p2a: Corviknight|Pressure
|move|p1a: Tornadus|Hurricane|p2a: Corviknight
|-resisted|p2a: Corviknight
|-damage|p2a: Corviknight|0 fnt
|faint|p2a: Corviknight
|
|-weather|RainDance|[upkeep]
|-damage|p1a: Tornadus|41/100 tox|[from] psn
|upkeep
|
|t:|1760861839
|switch|p2a: Slowking|Slowking-Galar, L99, F|100/100
|turn|29
|
|t:|1760861848
|move|p1a: Tornadus|Hurricane|p2a: Slowking
|-damage|p2a: Slowking|36/100
|-start|p2a: Slowking|confusion
|-activate|p2a: Slowking|confusion
|move|p2a: Slowking|Sludge Bomb|p1a: Tornadus
|-damage|p1a: Tornadus|0 fnt
|faint|p1a: Tornadus
|
|-weather|RainDance|[upkeep]
|upkeep
|
|t:|1760861857
|switch|p1a: Raging Bolt|Raging Bolt|100/100
|-enditem|p1a: Raging Bolt|Booster Energy
|-activate|p1a: Raging Bolt|ability: Protosynthesis|[fromitem]
|-start|p1a: Raging Bolt|protosynthesisspa
|turn|30
|
|t:|1760861865
|switch|p2a: Ting-Lu|Ting-Lu|23/100
|-ability|p2a: Ting-Lu|Vessel of Ruin
|move|p1a: Raging Bolt|Weather Ball|p2a: Ting-Lu
|-supereffective|p2a: Ting-Lu
|-damage|p2a: Ting-Lu|0 fnt
|faint|p2a: Ting-Lu
|
|-weather|RainDance|[upkeep]
|upkeep
|inactive|MooFarmer has 60 seconds left.
|
|t:|1760861910
|switch|p2a: Slowking|Slowking-Galar, L99, F|69/100
|turn|31
|inactive|MooFarmer has 30 seconds left.
|inactive|MooFarmer has 20 seconds left.
|inactive|MooFarmer has 15 seconds left.
|
|t:|1760861955
|move|p1a: Raging Bolt|Thunder|p2a: Slowking
|-damage|p2a: Slowking|21/100
|move|p2a: Slowking|Toxic|p1a: Raging Bolt
|-status|p1a: Raging Bolt|tox
|
|-weather|RainDance|[upkeep]
|-damage|p1a: Raging Bolt|94/100 tox|[from] psn
|upkeep
|turn|32
|inactive|MooFarmer has 25 seconds left this turn.
|inactive|MooFarmer has 20 seconds left.
|
|t:|1760861964
|switch|p2a: Dondozo|Dondozo, M|84/100
|move|p1a: Raging Bolt|Thunder|p2a: Dondozo
|-supereffective|p2a: Dondozo
|-damage|p2a: Dondozo|0 fnt
|faint|p2a: Dondozo
|
|-weather|RainDance|[upkeep]
|-damage|p1a: Raging Bolt|82/100 tox|[from] psn
|upkeep
|inactive|MooFarmer has 25 seconds left this turn.
|inactive|MooFarmer has 20 seconds left.
|
|t:|1760861972
|switch|p2a: Cinderace|Cinderace, M|100/100
|turn|33
|inactive|MooFarmer has 30 seconds left this turn.
|
|t:|1760861979
|move|p2a: Cinderace|U-turn|p1a: Raging Bolt
|-damage|p1a: Raging Bolt|65/100 tox
|inactive|MooFarmer has 30 seconds left this turn.
|
|t:|1760861987
|switch|p2a: Slowking|Slowking-Galar, L99, F|54/100|[from] U-turn
|move|p1a: Raging Bolt|Thunder|p2a: Slowking
|-damage|p2a: Slowking|0 fnt
|faint|p2a: Slowking
|
|-weather|RainDance|[upkeep]
|-damage|p1a: Raging Bolt|47/100 tox|[from] psn
|upkeep
|inactive|MooFarmer has 30 seconds left this turn.
|
|t:|1760861995
|switch|p2a: Cinderace|Cinderace, M|100/100
|turn|34
|inactive|MooFarmer has 30 seconds left.
|
|t:|1760862002
|move|p2a: Cinderace|Pyro Ball|p1a: Raging Bolt|[miss]
|-miss|p2a: Cinderace|p1a: Raging Bolt
|move|p1a: Raging Bolt|Thunder|p2a: Cinderace
|-damage|p2a: Cinderace|0 fnt
|faint|p2a: Cinderace
|
|win|3idk
|raw|3idk's rating: 1717 &rarr; <strong>1742</strong><br />(+25 for winning)
|raw|MooFarmer's rating: 1801 &rarr; <strong>1776</strong><br />(-25 for losing)
|l|☆MooFarmer
|player|p2|
