|j|☆Grindset mindset
|j|☆testaccountn999
|t:|1760728365
|gametype|singles
|player|p1|Grindset mindset|skyla|1601
|player|p2|testaccountn999|lucas|1672
|gen|9
|tier|[Gen 9] OU
|rated|
|rule|HP Percentage Mod: HP is shown in percentages
|rule|Endless Battle Clause: Forcing endless battles is banned
|rule|Species Clause: Limit one of each Pokémon
|rule|OHKO Clause: OHKO moves are banned
|rule|Evasion Items Clause: Evasion items are banned
|rule|Evasion Moves Clause: Evasion moves are banned
|rule|Evasion Abilities Clause: Evasion abilities are banned
|rule|Sleep Moves Clause: Sleep-inducing moves are banned
|clearpoke
|poke|p1|Ogerpon-Cornerstone, F|
|poke|p1|Primarina, M|
|poke|p1|Armarouge, F|
|poke|p1|Raging Bolt|
|poke|p1|Great Tusk|
|poke|p1|Zapdos-Galar|
|poke|p2|Meowscarada, F|
|poke|p2|Kyurem|
|poke|p2|Hatterene, F|
|poke|p2|Alomomola, F|
|poke|p2|Great Tusk|
|poke|p2|Tornadus-Therian, M|
|teampreview
|inactive|Battle timer is ON: inactive players will automatically lose when time's up. (requested by Grindset mindset)
|
|t:|1760728387
|teamsize|p1|6
|teamsize|p2|6
|start
|switch|p1a: Zapdos|Zapdos-Galar|100/100
|switch|p2a: Meowscarada|Meowscarada, F|100/100
|turn|1
|
|t:|1760728393
|switch|p2a: Tornadus|Tornadus-Therian, M|100/100
|move|p1a: Zapdos|Close Combat|p2a: Tornadus
|-resisted|p2a: Tornadus
|-damage|p2a: Tornadus|61/100
|-unboost|p1a: Zapdos|def|1
|-unboost|p1a: Zapdos|spd|1
|
|upkeep
|turn|2
|
|t:|1760728405
|switch|p1a: Armarouge|Armarouge, F|100/100
|move|p2a: Tornadus|U-turn|p1a: Armarouge
|-damage|p1a: Armarouge|85/100
|-ability|p1a: Armarouge|Weak Armor|boost
|-unboost|p1a: Armarouge|def|1
|-boost|p1a: Armarouge|spe|2
|
|t:|1760728427
|switch|p2a: Alomomola|Alomomola, F|100/100|[from] U-turn
|
|upkeep
|turn|3
|
|t:|1760728430
|move|p1a: Armarouge|Psychic Terrain|p1a: Armarouge
|-fieldstart|move: Psychic Terrain
|move|p2a: Alomomola|Flip Turn|p1a: Armarouge
|-supereffective|p1a: Armarouge
|-damage|p1a: Armarouge|31/100
|-ability|p1a: Armarouge|Weak Armor|boost
|-unboost|p1a: Armarouge|def|1
|-boost|p1a: Armarouge|spe|2
|-enditem|p1a: Armarouge|Weakness Policy
|-boost|p1a: Armarouge|atk|2|[from] item: Weakness Policy
|-boost|p1a: Armarouge|spa|2|[from] item: Weakness Policy
|inactive|testaccountn999 has 120 seconds left.
|
|t:|1760728465
|switch|p2a: Meowscarada|Meowscarada, F|100/100|[from] Flip Turn
|
|upkeep
|turn|4
|
|t:|1760728470
|switch|p2a: Alomomola|Alomomola, F|100/100
|move|p1a: Armarouge|Armor Cannon|p2a: Alomomola
|-resisted|p2a: Alomomola
|-damage|p2a: Alomomola|70/100
|-unboost|p1a: Armarouge|def|1
|-unboost|p1a: Armarouge|spd|1
|
|upkeep
|turn|5
|
|t:|1760728475
|switch|p2a: Meowscarada|Meowscarada, F|100/100
|move|p1a: Armarouge|Stored Power|p2a: Meowscarada
|-immune|p2a: Meowscarada
|
|upkeep
|turn|6
|
|t:|1760728483
|switch|p2a: Alomomola|Alomomola, F|100/100
|move|p1a: Armarouge|Stored Power|p2a: Alomomola
|-crit|p2a: Alomomola
|-damage|p2a: Alomomola|0 fnt
|faint|p2a: Alomomola
|
|upkeep
|-message|testaccountn999 forfeited.
|
|win|Grindset mindset
|raw|Grindset mindset's rating: 1601 &rarr; <strong>1625</strong><br />(+24 for winning)
|raw|testaccountn999's rating: 1672 &rarr; <strong>1648</strong><br />(-24 for losing)
|l|☆testaccountn999
|player|p2|
|l|☆Grindset mindset
|player|p1|
