|j|☆Fat Nerd 22
|j|☆bronzong72
|t:|1760854298
|gametype|singles
|player|p1|Fat Nerd 22|169|1252
|player|p2|bronzong72|falkner|1231
|gen|9
|tier|[Gen 9] OU
|rated|
|rule|HP Percentage Mod: HP is shown in percentages
|rule|Endless Battle Clause: Forcing endless battles is banned
|rule|Species Clause: Limit one of each Pokémon
|rule|OHKO Clause: OHKO moves are banned
|rule|Evasion Items Clause: Evasion items are banned
|rule|Evasion Moves Clause: Evasion moves are banned
|rule|Evasion Abilities Clause: Evasion abilities are banned
|rule|Sleep Moves Clause: Sleep-inducing moves are banned
|clearpoke
|poke|p1|Hawlucha, F|
|poke|p1|Great Tusk|
|poke|p1|Gholdengo|
|poke|p1|Milotic, F|
|poke|p1|Cinderace, M|
|poke|p1|Ogerpon, F|
|poke|p2|Great Tusk|
|poke|p2|Meowscarada, F|
|poke|p2|Heatran, F|
|poke|p2|Glimmora, M|
|poke|p2|Primarina, F|
|poke|p2|Zapdos|
|teampreview
|inactive|Battle timer is ON: inactive players will automatically lose when time's up. (requested by bronzong72)
|
|t:|1760854313
|teamsize|p1|6
|teamsize|p2|6
|start
|switch|p1a: Great Tusk|Great Tusk|100/100
|switch|p2a: Laura|Meowscarada, F|100/100
|turn|1
|
|t:|1760854326
|-end|p1a: Great Tusk|Protosynthesis|[silent]
|switch|p1a: Milotic|Milotic, F|100/100
|move|p2a: Laura|Knock Off|p1a: Milotic
|-start|p2a: Laura|typechange|Dark|[from] ability: Protean
|-damage|p1a: Milotic|28/100
|-damage|p2a: Laura|84/100|[from] item: Rocky Helmet|[of] p1a: Milotic
|-enditem|p1a: Milotic|Rocky Helmet|[from] move: Knock Off|[of] p2a: Laura
|
|upkeep
|turn|2
|inactive|Fat Nerd 22 has 120 seconds left.
|
|t:|1760854368
|move|p2a: Laura|Knock Off|p1a: Milotic
|-damage|p1a: Milotic|0 fnt
|faint|p1a: Milotic
|
|upkeep
|inactive|Fat Nerd 22 has 90 seconds left.
|
|t:|1760854399
|switch|p1a: Falling Flight|Hawlucha, F|100/100
|turn|3
|
|t:|1760854407
|switch|p2a: Sprinkles|Zapdos|100/100
|move|p1a: Falling Flight|Swords Dance|p1a: Falling Flight
|-boost|p1a: Falling Flight|atk|2
|
|upkeep
|turn|4
|
|t:|1760854417
|switch|p1a: Great Tusk|Great Tusk|100/100
|move|p2a: Sprinkles|Thunderbolt|p1a: Great Tusk
|-immune|p1a: Great Tusk
|
|upkeep
|turn|5
|
|t:|1760854423
|move|p2a: Sprinkles|Heat Wave|p1a: Great Tusk
|-damage|p1a: Great Tusk|81/100
|move|p1a: Great Tusk|Earthquake|p2a: Sprinkles
|-immune|p2a: Sprinkles
|
|upkeep
|turn|6
|
|t:|1760854428
|move|p2a: Sprinkles|Heat Wave|p1a: Great Tusk
|-damage|p1a: Great Tusk|63/100
|move|p1a: Great Tusk|Ice Spinner|p2a: Sprinkles
|-supereffective|p2a: Sprinkles
|-damage|p2a: Sprinkles|61/100
|
|upkeep
|turn|7
|
|t:|1760854434
|move|p2a: Sprinkles|Heat Wave|p1a: Great Tusk
|-damage|p1a: Great Tusk|45/100
|move|p1a: Great Tusk|Ice Spinner|p2a: Sprinkles
|-supereffective|p2a: Sprinkles
|-damage|p2a: Sprinkles|20/100
|
|upkeep
|turn|8
|
|t:|1760854442
|move|p2a: Sprinkles|Roost|p2a: Sprinkles
|-heal|p2a: Sprinkles|70/100
|-singleturn|p2a: Sprinkles|move: Roost
|move|p1a: Great Tusk|Rapid Spin|p2a: Sprinkles
|-damage|p2a: Sprinkles|56/100
|-boost|p1a: Great Tusk|spe|1
|
|upkeep
|turn|9
|
|t:|1760854449
|move|p1a: Great Tusk|Ice Spinner|p2a: Sprinkles
|-supereffective|p2a: Sprinkles
|-damage|p2a: Sprinkles|14/100
|-status|p1a: Great Tusk|par|[from] ability: Static|[of] p2a: Sprinkles
|move|p2a: Sprinkles|Heat Wave|p1a: Great Tusk
|-damage|p1a: Great Tusk|26/100 par
|
|upkeep
|turn|10
|
|t:|1760854461
|move|p2a: Sprinkles|Roost|p2a: Sprinkles
|-heal|p2a: Sprinkles|64/100
|-singleturn|p2a: Sprinkles|move: Roost
|move|p1a: Great Tusk|Ice Spinner|p2a: Sprinkles
|-damage|p2a: Sprinkles|45/100
|
|upkeep
|turn|11
|
|t:|1760854472
|switch|p2a: Great Tusk|Great Tusk|100/100
|move|p1a: Great Tusk|Ice Spinner|p2a: Great Tusk
|-supereffective|p2a: Great Tusk
|-damage|p2a: Great Tusk|61/100
|-damage|p1a: Great Tusk|9/100 par|[from] item: Rocky Helmet|[of] p2a: Great Tusk
|
|upkeep
|turn|12
|
|t:|1760854480
|move|p2a: Great Tusk|Rapid Spin|p1a: Great Tusk
|-damage|p1a: Great Tusk|0 fnt
|-boost|p2a: Great Tusk|spe|1
|faint|p1a: Great Tusk
|-end|p1a: Great Tusk|Protosynthesis|[silent]
|
|upkeep
|
|t:|1760854495
|switch|p1a: Falling Flight|Hawlucha, F|100/100
|turn|13
|
|t:|1760854499
|move|p2a: Great Tusk|Stealth Rock|p1a: Falling Flight
|-sidestart|p1: Fat Nerd 22|move: Stealth Rock
|move|p1a: Falling Flight|Swords Dance|p1a: Falling Flight
|-boost|p1a: Falling Flight|atk|2
|
|upkeep
|turn|14
|
|t:|1760854503
|move|p2a: Great Tusk|Ice Spinner|p1a: Falling Flight
|-supereffective|p1a: Falling Flight
|-damage|p1a: Falling Flight|28/100
|move|p1a: Falling Flight|Acrobatics|p2a: Great Tusk
|-supereffective|p2a: Great Tusk
|-damage|p2a: Great Tusk|0 fnt
|-damage|p1a: Falling Flight|12/100|[from] item: Rocky Helmet|[of] p2a: Great Tusk
|faint|p2a: Great Tusk
|-end|p2a: Great Tusk|Protosynthesis|[silent]
|
|upkeep
|
|t:|1760854520
|switch|p2a: Sprinkles|Zapdos|45/100
|turn|15
|
|t:|1760854528
|-terastallize|p1a: Falling Flight|Fighting
|move|p1a: Falling Flight|Close Combat|p2a: Sprinkles
|-resisted|p2a: Sprinkles
|-damage|p2a: Sprinkles|0 fnt
|-unboost|p1a: Falling Flight|def|1
|-unboost|p1a: Falling Flight|spd|1
|-status|p1a: Falling Flight|par|[from] ability: Static|[of] p2a: Sprinkles
|faint|p2a: Sprinkles
|
|upkeep
|
|t:|1760854539
|switch|p2a: Heatran|Heatran, F|100/100
|turn|16
|
|t:|1760854542
|move|p2a: Heatran|Flame Charge|p1a: Falling Flight
|-crit|p1a: Falling Flight
|-damage|p1a: Falling Flight|0 fnt
|-boost|p2a: Heatran|spe|1
|faint|p1a: Falling Flight
|
|upkeep
|
|t:|1760854547
|switch|p1a: Cinderace|Cinderace, M|100/100
|turn|17
|
|t:|1760854551
|move|p2a: Heatran|Scorching Sands|p1a: Cinderace
|-supereffective|p1a: Cinderace
|-damage|p1a: Cinderace|33/100
|move|p1a: Cinderace|Court Change|p1a: Cinderace
|-start|p1a: Cinderace|typechange|Normal|[from] ability: Libero
|-swapsideconditions
|-activate|p1a: Cinderace|move: Court Change
|
|upkeep
|turn|18
|
|t:|1760854558
|move|p2a: Heatran|Scorching Sands|p1a: Cinderace
|-damage|p1a: Cinderace|0 fnt
|faint|p1a: Cinderace
|
|upkeep
|
|t:|1760854568
|switch|p1a: Gholdengo|Gholdengo|100/100
|turn|19
|
|t:|1760854576
|move|p2a: Heatran|Magma Storm|p1a: Gholdengo
|-supereffective|p1a: Gholdengo
|-crit|p1a: Gholdengo
|-damage|p1a: Gholdengo|0 fnt
|faint|p1a: Gholdengo
|
|upkeep
|
|t:|1760854578
|switch|p1a: Ogerpon|Ogerpon, F|100/100
|turn|20
|
|t:|1760854581
|move|p2a: Heatran|Magma Storm|p1a: Ogerpon|[miss]
|-miss|p2a: Heatran|p1a: Ogerpon
|move|p1a: Ogerpon|Brick Break|p2a: Heatran
|-supereffective|p2a: Heatran
|-damage|p2a: Heatran|53/100
|
|-heal|p2a: Heatran|59/100|[from] item: Leftovers
|upkeep
|turn|21
|
|t:|1760854587
|move|p2a: Heatran|Magma Storm|p1a: Ogerpon
|-supereffective|p1a: Ogerpon
|-damage|p1a: Ogerpon|0 fnt
|faint|p1a: Ogerpon
|
|win|bronzong72
|raw|Fat Nerd 22's rating: 1252 &rarr; <strong>1225</strong><br />(-27 for losing)
|raw|bronzong72's rating: 1231 &rarr; <strong>1258</strong><br />(+27 for winning)
|l|☆Fat Nerd 22
|player|p1|
|l|☆bronzong72
|player|p2|
