|j|☆senilegaming
|j|☆teatrero mugroso
|t:|1760752162
|gametype|singles
|player|p1|senilegaming|clay|1249
|player|p2|teatrero mugroso|blue|1258
|gen|9
|tier|[Gen 9] OU
|rated|
|rule|HP Percentage Mod: HP is shown in percentages
|rule|Endless Battle Clause: Forcing endless battles is banned
|rule|Species Clause: Limit one of each Pokémon
|rule|OHKO Clause: OHKO moves are banned
|rule|Evasion Items Clause: Evasion items are banned
|rule|Evasion Moves Clause: Evasion moves are banned
|rule|Evasion Abilities Clause: Evasion abilities are banned
|rule|Sleep Moves Clause: Sleep-inducing moves are banned
|clearpoke
|poke|p1|Iron Treads|
|poke|p1|Ninetales-Alola, F|
|poke|p1|Haxorus, M|
|poke|p1|Kingambit, M|
|poke|p1|Primarina, F|
|poke|p1|Zamazenta-*|
|poke|p2|Clefable, F|
|poke|p2|Blastoise, F|
|poke|p2|Gengar, F|
|poke|p2|Magneton|
|poke|p2|Dragonite, F|
|poke|p2|Moltres|
|teampreview
|inactive|Battle timer is ON: inactive players will automatically lose when time's up. (requested by teatrero mugroso)
|inactive|senilegaming has 120 seconds left.
|
|t:|1760752197
|teamsize|p1|6
|teamsize|p2|6
|start
|switch|p1a: Ninetoucher|Ninetales-Alola, F|100/100
|switch|p2a: Gengar|Gengar, F|100/100
|-weather|Snowscape|[from] ability: Snow Warning|[of] p1a: Ninetoucher
|turn|1
|inactive|teatrero mugroso has 120 seconds left.
|
|t:|1760752234
|move|p2a: Gengar|Sludge Wave|p1a: Ninetoucher
|-supereffective|p1a: Ninetoucher
|-damage|p1a: Ninetoucher|11/100
|move|p1a: Ninetoucher|Aurora Veil|p1a: Ninetoucher
|-sidestart|p1: senilegaming|move: Aurora Veil
|
|-weather|Snowscape|[upkeep]
|upkeep
|turn|2
|inactive|teatrero mugroso has 120 seconds left.
|
|t:|1760752244
|switch|p1a: DontTreadOnMe|Iron Treads|100/100
|-enditem|p1a: DontTreadOnMe|Booster Energy
|-activate|p1a: DontTreadOnMe|ability: Quark Drive|[fromitem]
|-start|p1a: DontTreadOnMe|quarkdrivespe
|move|p2a: Gengar|Focus Blast|p1a: DontTreadOnMe
|-supereffective|p1a: DontTreadOnMe
|-damage|p1a: DontTreadOnMe|41/100
|
|-weather|Snowscape|[upkeep]
|upkeep
|turn|3
|
|t:|1760752254
|move|p1a: DontTreadOnMe|Earth Power|p2a: Gengar
|-supereffective|p2a: Gengar
|-enditem|p2a: Gengar|Focus Sash
|-damage|p2a: Gengar|1/100
|move|p2a: Gengar|Focus Blast|p1a: DontTreadOnMe
|-supereffective|p1a: DontTreadOnMe
|-damage|p1a: DontTreadOnMe|0 fnt
|faint|p1a: DontTreadOnMe
|-end|p1a: DontTreadOnMe|Quark Drive|[silent]
|
|-weather|Snowscape|[upkeep]
|upkeep
|
|t:|1760752258
|switch|p1a: Hax|Haxorus, M, shiny|100/100
|-ability|p1a: Hax|Mold Breaker
|turn|4
|
|t:|1760752270
|move|p2a: Gengar|Destiny Bond|p2a: Gengar
|-singlemove|p2a: Gengar|Destiny Bond
|move|p1a: Hax|Scale Shot|p2a: Gengar
|-damage|p2a: Gengar|0 fnt
|faint|p2a: Gengar
|-activate|p2a: Gengar|move: Destiny Bond
|faint|p1a: Hax
|-hitcount|p2: Gengar|1
|
|-weather|Snowscape|[upkeep]
|upkeep
|inactive|teatrero mugroso has 120 seconds left.
|
|t:|1760752292
|switch|p2a: Clefable|Clefable, F|100/100
|switch|p1a: OzamaBinLadderin|Zamazenta|100/100
|-ability|p1a: OzamaBinLadderin|Dauntless Shield|boost
|-boost|p1a: OzamaBinLadderin|def|1
|turn|5
|inactive|teatrero mugroso has 120 seconds left.
|
|t:|1760752298
|switch|p1a: Gingkambit|Kingambit, M|100/100
|-activate|p1a: Gingkambit|ability: Supreme Overlord
|-start|p1a: Gingkambit|fallen2|[silent]
|move|p2a: Clefable|Stealth Rock|p1a: Gingkambit
|-sidestart|p1: senilegaming|move: Stealth Rock
|
|-weather|none
|upkeep
|turn|6
|inactive|teatrero mugroso has 120 seconds left.
|
|t:|1760752308
|switch|p2a: Moltres|Moltres|100/100
|move|p1a: Gingkambit|Swords Dance|p1a: Gingkambit
|-boost|p1a: Gingkambit|atk|2
|
|upkeep
|turn|7
|
|t:|1760752315
|move|p2a: Moltres|Will-O-Wisp|p1a: Gingkambit
|-status|p1a: Gingkambit|brn
|-enditem|p1a: Gingkambit|Lum Berry|[eat]
|-curestatus|p1a: Gingkambit|brn|[msg]
|move|p1a: Gingkambit|Kowtow Cleave|p2a: Moltres
|-damage|p2a: Moltres|0 fnt
|faint|p2a: Moltres
|
|upkeep
|inactive|teatrero mugroso has 120 seconds left.
|
|t:|1760752327
|switch|p2a: Dragonite|Dragonite, F|100/100
|turn|8
|
|t:|1760752335
|move|p2a: Dragonite|Earthquake|p1a: Gingkambit
|-supereffective|p1a: Gingkambit
|-damage|p1a: Gingkambit|51/100
|move|p1a: Gingkambit|Kowtow Cleave|p2a: Dragonite
|-damage|p2a: Dragonite|36/100
|
|-sideend|p1: senilegaming|move: Aurora Veil
|upkeep
|turn|9
|inactive|teatrero mugroso has 120 seconds left.
|
|t:|1760752361
|switch|p2a: Blastoise|Blastoise, F|100/100
|move|p1a: Gingkambit|Sucker Punch||[still]
|-fail|p1a: Gingkambit
|
|upkeep
|turn|10
|
|t:|1760752366
|move|p2a: Blastoise|Body Press|p1a: Gingkambit
|-supereffective|p1a: Gingkambit
|-damage|p1a: Gingkambit|0 fnt
|faint|p1a: Gingkambit
|-end|p1a: Gingkambit|fallen2|[silent]
|
|upkeep
|
|t:|1760752370
|switch|p1a: Ninetoucher|Ninetales-Alola, F|11/100
|-damage|p1a: Ninetoucher|0 fnt|[from] Stealth Rock
|faint|p1a: Ninetoucher
|
|t:|1760752377
|switch|p1a: PrimarinaCarpenter|Primarina, F|100/100
|-damage|p1a: PrimarinaCarpenter|88/100|[from] Stealth Rock
|turn|11
|
|t:|1760752387
|switch|p2a: Magneton|Magneton|100/100
|move|p1a: PrimarinaCarpenter|Calm Mind|p1a: PrimarinaCarpenter
|-boost|p1a: PrimarinaCarpenter|spa|1
|-boost|p1a: PrimarinaCarpenter|spd|1
|
|-heal|p1a: PrimarinaCarpenter|94/100|[from] item: Leftovers
|upkeep
|turn|12
|
|t:|1760752394
|move|p2a: Magneton|Thunderbolt|p1a: PrimarinaCarpenter
|-supereffective|p1a: PrimarinaCarpenter
|-damage|p1a: PrimarinaCarpenter|16/100
|move|p1a: PrimarinaCarpenter|Psychic Noise|p2a: Magneton
|-damage|p2a: Magneton|0 fnt
|faint|p2a: Magneton
|
|-heal|p1a: PrimarinaCarpenter|22/100|[from] item: Leftovers
|upkeep
|
|t:|1760752403
|switch|p2a: Clefable|Clefable, F|100/100
|turn|13
|
|t:|1760752407
|move|p1a: PrimarinaCarpenter|Draining Kiss|p2a: Clefable
|-damage|p2a: Clefable|86/100
|-heal|p1a: PrimarinaCarpenter|34/100|[from] drain|[of] p2a: Clefable
|move|p2a: Clefable|Moonblast|p1a: PrimarinaCarpenter
|-damage|p1a: PrimarinaCarpenter|8/100
|
|-heal|p1a: PrimarinaCarpenter|14/100|[from] item: Leftovers
|-heal|p2a: Clefable|92/100|[from] item: Leftovers
|upkeep
|turn|14
|
|t:|1760752415
|move|p1a: PrimarinaCarpenter|Draining Kiss|p2a: Clefable
|-damage|p2a: Clefable|77/100
|-heal|p1a: PrimarinaCarpenter|26/100|[from] drain|[of] p2a: Clefable
|move|p2a: Clefable|Moonblast|p1a: PrimarinaCarpenter
|-damage|p1a: PrimarinaCarpenter|0 fnt
|faint|p1a: PrimarinaCarpenter
|
|-heal|p2a: Clefable|83/100|[from] item: Leftovers
|upkeep
|
|t:|1760752418
|switch|p1a: OzamaBinLadderin|Zamazenta|100/100
|-damage|p1a: OzamaBinLadderin|94/100|[from] Stealth Rock
|turn|15
|
|t:|1760752428
|move|p1a: OzamaBinLadderin|Iron Defense|p1a: OzamaBinLadderin
|-boost|p1a: OzamaBinLadderin|def|2
|move|p2a: Clefable|Thunder Wave|p1a: OzamaBinLadderin
|-status|p1a: OzamaBinLadderin|par
|
|-heal|p1a: OzamaBinLadderin|100/100 par|[from] item: Leftovers
|-heal|p2a: Clefable|89/100|[from] item: Leftovers
|upkeep
|turn|16
|
|t:|1760752438
|move|p1a: OzamaBinLadderin|Body Press|p2a: Clefable
|-resisted|p2a: Clefable
|-damage|p2a: Clefable|73/100
|move|p2a: Clefable|Moonblast|p1a: OzamaBinLadderin
|-supereffective|p1a: OzamaBinLadderin
|-damage|p1a: OzamaBinLadderin|53/100 par
|
|-heal|p1a: OzamaBinLadderin|59/100 par|[from] item: Leftovers
|-heal|p2a: Clefable|79/100|[from] item: Leftovers
|upkeep
|turn|17
|
|t:|1760752461
|-terastallize|p2a: Clefable|Fairy
|move|p1a: OzamaBinLadderin|Body Press|p2a: Clefable
|-resisted|p2a: Clefable
|-damage|p2a: Clefable|63/100
|move|p2a: Clefable|Moonblast|p1a: OzamaBinLadderin
|-supereffective|p1a: OzamaBinLadderin
|-damage|p1a: OzamaBinLadderin|0 fnt
|faint|p1a: OzamaBinLadderin
|
|win|teatrero mugroso
|raw|senilegaming's rating: 1249 &rarr; <strong>1225</strong><br />(-24 for losing)
|raw|teatrero mugroso's rating: 1258 &rarr; <strong>1282</strong><br />(+24 for winning)
|l|☆senilegaming
|player|p1|
