|j|☆Kadeerkarim64
|j|☆HZBKAI7
|t:|1760850109
|gametype|singles
|player|p1|Kadeerkarim64|iris-gen5bw2|1143
|player|p2|HZBKAI7|2|1126
|gen|9
|tier|[Gen 9] OU
|rated|
|rule|HP Percentage Mod: HP is shown in percentages
|rule|Endless Battle Clause: Forcing endless battles is banned
|rule|Species Clause: Limit one of each Pokémon
|rule|OHKO Clause: OHKO moves are banned
|rule|Evasion Items Clause: Evasion items are banned
|rule|Evasion Moves Clause: Evasion moves are banned
|rule|Evasion Abilities Clause: Evasion abilities are banned
|rule|Sleep Moves Clause: Sleep-inducing moves are banned
|clearpoke
|poke|p1|Galvantula, M|
|poke|p1|Cinderace, F|
|poke|p1|Goodra, F|
|poke|p1|Blastoise, F|
|poke|p1|Donphan, F|
|poke|p1|Primeape, M|
|poke|p2|Kingambit, F|
|poke|p2|Iron Treads|
|poke|p2|Necrozma|
|poke|p2|Pecharunt|
|poke|p2|Enamorus, F|
|poke|p2|Samurott-Hisui, F|
|teampreview
|
|t:|1760850139
|teamsize|p1|6
|teamsize|p2|6
|start
|switch|p1a: Goodra|Goodra, F|100/100
|switch|p2a: Samurott|Samurott-Hisui, F, shiny|100/100
|turn|1
|
|t:|1760850149
|move|p2a: Samurott|Knock Off|p1a: Goodra
|-damage|p1a: Goodra|9/100
|-ability|p1a: Goodra|Gooey
|-unboost|p2a: Samurott|spe|1
|-enditem|p1a: Goodra|Leftovers|[from] move: Knock Off|[of] p2a: Samurott
|move|p1a: Goodra|Acid Spray|p2a: Samurott
|-damage|p2a: Samurott|81/100
|-unboost|p2a: Samurott|spd|2
|
|upkeep
|turn|2
|
|t:|1760850160
|-terastallize|p1a: Goodra|Poison
|move|p1a: Goodra|Sludge Bomb|p2a: Samurott
|-damage|p2a: Samurott|0 fnt
|faint|p2a: Samurott
|
|upkeep
|
|t:|1760850160
|switch|p2a: Iron Treads|Iron Treads|100/100
|turn|3
|
|t:|1760850193
|switch|p1a: Donphan|Donphan, F|100/100
|move|p2a: Iron Treads|Earthquake|p1a: Donphan
|-damage|p1a: Donphan|74/100
|
|upkeep
|turn|4
|
|t:|1760850214
|move|p2a: Iron Treads|Ice Spinner|p1a: Donphan
|-supereffective|p1a: Donphan
|-damage|p1a: Donphan|43/100
|-damage|p2a: Iron Treads|84/100|[from] item: Rocky Helmet|[of] p1a: Donphan
|move|p1a: Donphan|Earthquake|p2a: Iron Treads
|-supereffective|p2a: Iron Treads
|-damage|p2a: Iron Treads|13/100
|
|upkeep
|turn|5
|
|t:|1760850229
|move|p2a: Iron Treads|Ice Spinner|p1a: Donphan
|-supereffective|p1a: Donphan
|-damage|p1a: Donphan|16/100
|-damage|p2a: Iron Treads|0 fnt|[from] item: Rocky Helmet|[of] p1a: Donphan
|faint|p2a: Iron Treads
|-end|p2a: Iron Treads|Quark Drive|[silent]
|move|p1a: Donphan|Earthquake|p2: Iron Treads|[notarget]
|-fail|p1a: Donphan
|
|upkeep
|
|t:|1760850229
|switch|p2a: Necrozma|Necrozma, shiny|100/100
|turn|6
|
|t:|1760850242
|move|p2a: Necrozma|Photon Geyser|p1a: Donphan
|-damage|p1a: Donphan|0 fnt
|faint|p1a: Donphan
|
|upkeep
|
|t:|1760850253
|switch|p1a: Galvantula|Galvantula, M|100/100
|turn|7
|
|t:|1760850268
|move|p1a: Galvantula|Thunder Wave|p2a: Necrozma
|-status|p2a: Necrozma|par
|move|p2a: Necrozma|Photon Geyser|p1a: Galvantula
|-enditem|p1a: Galvantula|Focus Sash
|-damage|p1a: Galvantula|1/100
|
|upkeep
|turn|8
|
|t:|1760850281
|move|p1a: Galvantula|Sticky Web|p2a: Necrozma
|-sidestart|p2: HZBKAI7|move: Sticky Web
|move|p2a: Necrozma|Photon Geyser|p1a: Galvantula
|-damage|p1a: Galvantula|0 fnt
|faint|p1a: Galvantula
|
|upkeep
|
|t:|1760850318
|switch|p1a: Blastoise|Blastoise, F|100/100
|turn|9
|
|t:|1760850322
|move|p1a: Blastoise|Shell Smash|p1a: Blastoise
|-unboost|p1a: Blastoise|def|1
|-unboost|p1a: Blastoise|spd|1
|-boost|p1a: Blastoise|atk|2
|-boost|p1a: Blastoise|spa|2
|-boost|p1a: Blastoise|spe|2
|-enditem|p1a: Blastoise|White Herb
|-clearnegativeboost|p1a: Blastoise|[silent]
|cant|p2a: Necrozma|par
|
|upkeep
|turn|10
|
|t:|1760850331
|move|p1a: Blastoise|Surf|p2a: Necrozma
|-damage|p2a: Necrozma|38/100 par
|cant|p2a: Necrozma|par
|
|upkeep
|turn|11
|
|t:|1760850336
|move|p1a: Blastoise|Surf|p2a: Necrozma
|-damage|p2a: Necrozma|0 fnt
|faint|p2a: Necrozma
|
|upkeep
|
|t:|1760850337
|switch|p2a: Pecharunt|Pecharunt|100/100
|-item|p2a: Pecharunt|Air Balloon
|turn|12
|
|t:|1760850344
|move|p1a: Blastoise|Surf|p2a: Pecharunt
|-damage|p2a: Pecharunt|27/100
|-enditem|p2a: Pecharunt|Air Balloon
|move|p2a: Pecharunt|Malignant Chain|p1a: Blastoise
|-damage|p1a: Blastoise|61/100
|-status|p1a: Blastoise|tox
|-start|p1a: Blastoise|confusion|[from] ability: Poison Puppeteer|[of] p2a: Pecharunt
|
|-damage|p1a: Blastoise|55/100 tox|[from] psn
|upkeep
|turn|13
|
|t:|1760850358
|-activate|p1a: Blastoise|confusion
|move|p1a: Blastoise|Surf|p2a: Pecharunt
|-damage|p2a: Pecharunt|0 fnt
|faint|p2a: Pecharunt
|
|-damage|p1a: Blastoise|43/100 tox|[from] psn
|upkeep
|
|t:|1760850358
|switch|p2a: Enamorus|Enamorus, F, shiny|100/100
|turn|14
|
|t:|1760850367
|-end|p1a: Blastoise|confusion
|move|p1a: Blastoise|Ice Beam|p2a: Enamorus
|-supereffective|p2a: Enamorus
|-damage|p2a: Enamorus|0 fnt
|faint|p2a: Enamorus
|
|-damage|p1a: Blastoise|25/100 tox|[from] psn
|upkeep
|
|t:|1760850367
|switch|p2a: Kingambit|Kingambit, F, shiny|100/100
|-activate|p2a: Kingambit|move: Sticky Web
|-unboost|p2a: Kingambit|spe|1
|-activate|p2a: Kingambit|ability: Supreme Overlord
|-start|p2a: Kingambit|fallen5|[silent]
|turn|15
|
|t:|1760850381
|move|p1a: Blastoise|Surf|p2a: Kingambit
|-damage|p2a: Kingambit|36/100
|move|p2a: Kingambit|Kowtow Cleave|p1a: Blastoise
|-damage|p1a: Blastoise|0 fnt
|faint|p1a: Blastoise
|
|upkeep
|
|t:|1760850389
|switch|p1a: Primeape|Primeape, M|100/100
|turn|16
|
|t:|1760850392
|move|p1a: Primeape|Drain Punch|p2a: Kingambit
|-supereffective|p2a: Kingambit
|-damage|p2a: Kingambit|0 fnt
|faint|p2a: Kingambit
|-end|p2a: Kingambit|fallen5|[silent]
|
|win|Kadeerkarim64
|raw|Kadeerkarim64's rating: 1143 &rarr; <strong>1167</strong><br />(+24 for winning)
|raw|HZBKAI7's rating: 1126 &rarr; <strong>1102</strong><br />(-24 for losing)
|l|☆HZBKAI7
|player|p2|
|l|☆Kadeerkarim64
|player|p1|
|j|☆Kadeerkarim64
|player|p1|Kadeerkarim64|iris-gen5bw2|
|l|☆Kadeerkarim64
|player|p1|
