|j|☆xudoman
|j|☆ryukuu
|t:|1760835713
|gametype|singles
|player|p1|xudoman|harlequin|1175
|player|p2|ryukuu|rollerskater|1182
|gen|9
|tier|[Gen 9] OU
|rated|
|rule|HP Percentage Mod: HP is shown in percentages
|rule|Endless Battle Clause: Forcing endless battles is banned
|rule|Species Clause: Limit one of each Pokémon
|rule|OHKO Clause: OHKO moves are banned
|rule|Evasion Items Clause: Evasion items are banned
|rule|Evasion Moves Clause: Evasion moves are banned
|rule|Evasion Abilities Clause: Evasion abilities are banned
|rule|Sleep Moves Clause: Sleep-inducing moves are banned
|clearpoke
|poke|p1|Gholdengo|
|poke|p1|Galvantula, M|
|poke|p1|Tatsugiri-Stretchy, M|
|poke|p1|Moltres|
|poke|p1|Iron Hands|
|poke|p1|Dudunsparce-*, F|
|poke|p2|Magnezone|
|poke|p2|Flamigo, M|
|poke|p2|Galvantula, F|
|poke|p2|Zapdos-Galar|
|poke|p2|Porygon-Z|
|poke|p2|Flygon, F|
|teampreview
|
|t:|1760835718
|teamsize|p1|6
|teamsize|p2|6
|start
|switch|p1a: Galvantula|Galvantula, M|100/100
|switch|p2a: Galvantula|Galvantula, F, shiny|100/100
|turn|1
|inactive|Battle timer is ON: inactive players will automatically lose when time's up. (requested by ryukuu)
|
|t:|1760835722
|move|p1a: Galvantula|Sticky Web|p2a: Galvantula
|-sidestart|p2: ryukuu|move: Sticky Web
|move|p2a: Galvantula|Sticky Web|p1a: Galvantula
|-sidestart|p1: xudoman|move: Sticky Web
|
|upkeep
|turn|2
|
|t:|1760835734
|switch|p1a: Dudunsparce|Dudunsparce, F|100/100
|-activate|p1a: Dudunsparce|move: Sticky Web
|-unboost|p1a: Dudunsparce|spe|1
|move|p2a: Galvantula|Thunder|p1a: Dudunsparce
|-damage|p1a: Dudunsparce|67/100
|
|-heal|p1a: Dudunsparce|73/100|[from] item: Leftovers
|upkeep
|turn|3
|
|t:|1760835744
|move|p2a: Galvantula|Thunder|p1a: Dudunsparce
|-damage|p1a: Dudunsparce|45/100
|move|p1a: Dudunsparce|Coil|p1a: Dudunsparce
|-boost|p1a: Dudunsparce|atk|1
|-boost|p1a: Dudunsparce|def|1
|-boost|p1a: Dudunsparce|accuracy|1
|
|-heal|p1a: Dudunsparce|51/100|[from] item: Leftovers
|upkeep
|turn|4
|
|t:|1760835751
|move|p2a: Galvantula|Thunder|p1a: Dudunsparce
|-damage|p1a: Dudunsparce|18/100
|move|p1a: Dudunsparce|Dragon Tail|p2a: Galvantula
|-damage|p2a: Galvantula|56/100
|drag|p2a: Porygon-Z|Porygon-Z|100/100
|-activate|p2a: Porygon-Z|move: Sticky Web
|-unboost|p2a: Porygon-Z|spe|1
|
|-heal|p1a: Dudunsparce|24/100|[from] item: Leftovers
|upkeep
|turn|5
|
|t:|1760835762
|move|p2a: Porygon-Z|Tri Attack|p1a: Dudunsparce
|-damage|p1a: Dudunsparce|0 fnt
|faint|p1a: Dudunsparce
|
|upkeep
|
|t:|1760835767
|switch|p1a: Tatsugiri|Tatsugiri-Stretchy, M|100/100
|turn|6
|
|t:|1760835772
|move|p1a: Tatsugiri|Nasty Plot|p1a: Tatsugiri
|-boost|p1a: Tatsugiri|spa|2
|move|p2a: Porygon-Z|Tri Attack|p1a: Tatsugiri
|-damage|p1a: Tatsugiri|25/100
|
|upkeep
|turn|7
|
|t:|1760835780
|switch|p2a: Galvantula|Galvantula, F, shiny|56/100
|-activate|p2a: Galvantula|move: Sticky Web
|-unboost|p2a: Galvantula|spe|1
|move|p1a: Tatsugiri|Draco Meteor|p2a: Galvantula
|-damage|p2a: Galvantula|0 fnt
|-unboost|p1a: Tatsugiri|spa|2
|faint|p2a: Galvantula
|
|upkeep
|
|t:|1760835789
|switch|p2a: Flamigo|Flamigo, M|100/100
|turn|8
|
|t:|1760835795
|move|p2a: Flamigo|U-turn|p1a: Tatsugiri
|-damage|p1a: Tatsugiri|0 fnt
|faint|p1a: Tatsugiri
|
|t:|1760835803
|switch|p2a: Flygon|Flygon, F, shiny|100/100|[from] U-turn
|
|upkeep
|
|t:|1760835809
|switch|p1a: Moltres|Moltres|100/100
|turn|9
|
|t:|1760835812
|move|p2a: Flygon|Stone Edge|p1a: Moltres
|-supereffective|p1a: Moltres
|-damage|p1a: Moltres|0 fnt
|faint|p1a: Moltres
|
|upkeep
|
|t:|1760835820
|switch|p1a: Iron Hands|Iron Hands|100/100
|-activate|p1a: Iron Hands|move: Sticky Web
|-unboost|p1a: Iron Hands|spe|1
|-enditem|p1a: Iron Hands|Booster Energy
|-activate|p1a: Iron Hands|ability: Quark Drive|[fromitem]
|-start|p1a: Iron Hands|quarkdriveatk
|turn|10
|
|t:|1760835830
|switch|p2a: Magnezone|Magnezone|100/100
|-activate|p2a: Magnezone|move: Sticky Web
|-unboost|p2a: Magnezone|spe|1
|-terastallize|p1a: Iron Hands|Flying
|move|p1a: Iron Hands|Swords Dance|p1a: Iron Hands
|-boost|p1a: Iron Hands|atk|2
|
|upkeep
|turn|11
|
|t:|1760835840
|move|p2a: Magnezone|Discharge|p1a: Iron Hands
|-supereffective|p1a: Iron Hands
|-damage|p1a: Iron Hands|40/100
|move|p1a: Iron Hands|Drain Punch|p2a: Magnezone
|-supereffective|p2a: Magnezone
|-damage|p2a: Magnezone|0 fnt
|-heal|p1a: Iron Hands|77/100|[from] drain|[of] p2a: Magnezone
|faint|p2a: Magnezone
|
|upkeep
|
|t:|1760835852
|switch|p2a: Porygon-Z|Porygon-Z|100/100
|-activate|p2a: Porygon-Z|move: Sticky Web
|-unboost|p2a: Porygon-Z|spe|1
|turn|12
|
|t:|1760835861
|-terastallize|p2a: Porygon-Z|Electric
|move|p2a: Porygon-Z|Discharge|p1a: Iron Hands
|-supereffective|p1a: Iron Hands
|-damage|p1a: Iron Hands|0 fnt
|faint|p1a: Iron Hands
|-end|p1a: Iron Hands|Quark Drive|[silent]
|
|upkeep
|
|t:|1760835874
|switch|p1a: Galvantula|Galvantula, M|100/100
|-activate|p1a: Galvantula|move: Sticky Web
|-unboost|p1a: Galvantula|spe|1
|turn|13
|
|t:|1760835878
|switch|p2a: Flygon|Flygon, F, shiny|100/100
|move|p1a: Galvantula|Energy Ball|p2a: Flygon
|-damage|p2a: Flygon|68/100
|
|upkeep
|turn|14
|
|t:|1760835887
|move|p2a: Flygon|U-turn|p1a: Galvantula
|-damage|p1a: Galvantula|57/100
|
|t:|1760835896
|switch|p2a: Flamigo|Flamigo, M|100/100|[from] U-turn
|move|p1a: Galvantula|Bug Buzz|p2a: Flamigo
|-resisted|p2a: Flamigo
|-damage|p2a: Flamigo|84/100
|
|upkeep
|turn|15
|
|t:|1760835903
|move|p2a: Flamigo|U-turn|p1a: Galvantula
|-damage|p1a: Galvantula|14/100
|
|t:|1760835906
|switch|p2a: Flygon|Flygon, F, shiny|68/100|[from] U-turn
|move|p1a: Galvantula|Thunder|p2a: Flygon
|-immune|p2a: Flygon
|
|upkeep
|turn|16
|-message|xudoman forfeited.
|
|win|ryukuu
|raw|xudoman's rating: 1175 &rarr; <strong>1151</strong><br />(-24 for losing)
|raw|ryukuu's rating: 1182 &rarr; <strong>1206</strong><br />(+24 for winning)
|l|☆xudoman
|player|p1|
|c|☆ryukuu|gg
|l|☆ryukuu
|player|p2|
