|j|☆Qiao2005
|j|☆versacis
|t:|1760869194
|gametype|singles
|player|p1|Qiao2005|266|1168
|player|p2|versacis|bugcatcher-gen4dp|1230
|gen|9
|tier|[Gen 9] OU
|rated|
|rule|HP Percentage Mod: HP is shown in percentages
|rule|Endless Battle Clause: Forcing endless battles is banned
|rule|Species Clause: Limit one of each Pokémon
|rule|OHKO Clause: OHKO moves are banned
|rule|Evasion Items Clause: Evasion items are banned
|rule|Evasion Moves Clause: Evasion moves are banned
|rule|Evasion Abilities Clause: Evasion abilities are banned
|rule|Sleep Moves Clause: Sleep-inducing moves are banned
|clearpoke
|poke|p1|Deoxys-Speed|
|poke|p1|Hydrapple, F|
|poke|p1|Clodsire, F|
|poke|p1|Iron Treads|
|poke|p1|Basculegion, M|
|poke|p1|Mimikyu, F|
|poke|p2|Hydrapple, F|
|poke|p2|Garchomp, M|
|poke|p2|Sylveon, M|
|poke|p2|Regigigas|
|poke|p2|Slowking, F|
|poke|p2|Conkeldurr, M|
|teampreview
|
|t:|1760869214
|teamsize|p1|6
|teamsize|p2|6
|start
|switch|p1a: Deoxys|Deoxys-Speed|100/100
|switch|p2a: Slowking|Slowking, F|100/100
|-ability|p1a: Deoxys|Pressure
|turn|1
|inactive|Battle timer is ON: inactive players will automatically lose when time's up. (requested by Qiao2005)
|
|t:|1760869226
|move|p1a: Deoxys|Knock Off|p2a: Slowking
|-supereffective|p2a: Slowking
|-damage|p2a: Slowking|31/100
|-enditem|p2a: Slowking|Choice Scarf|[from] move: Knock Off|[of] p1a: Deoxys
|move|p2a: Slowking|Trick|p1a: Deoxys
|-activate|p2a: Slowking|move: Trick|[of] p1a: Deoxys
|-enditem|p1a: Deoxys|Choice Scarf|[silent]|[from] move: Trick
|-item|p2a: Slowking|Choice Scarf|[from] move: Trick
|
|upkeep
|turn|2
|
|t:|1760869239
|switch|p2a: Garchomp|Garchomp, M|100/100
|move|p1a: Deoxys|Knock Off|p2a: Garchomp
|-damage|p2a: Garchomp|80/100
|-damage|p1a: Deoxys|88/100|[from] ability: Rough Skin|[of] p2a: Garchomp
|-damage|p1a: Deoxys|71/100|[from] item: Rocky Helmet|[of] p2a: Garchomp
|-enditem|p2a: Garchomp|Rocky Helmet|[from] move: Knock Off|[of] p1a: Deoxys
|
|upkeep
|turn|3
|c|☆Qiao2005|:)
|
|t:|1760869268
|switch|p1a: Basculegion|Basculegion, M|100/100
|move|p2a: Garchomp|Poison Jab|p1a: Basculegion
|-resisted|p1a: Basculegion
|-damage|p1a: Basculegion|82/100
|
|upkeep
|turn|4
|
|t:|1760869276
|move|p1a: Basculegion|Flip Turn|p2a: Garchomp
|-damage|p2a: Garchomp|52/100
|-damage|p1a: Basculegion|70/100|[from] ability: Rough Skin|[of] p2a: Garchomp
|
|t:|1760869284
|switch|p1a: Mimikyu|Mimikyu, F|100/100|[from] Flip Turn
|move|p2a: Garchomp|Dragon Tail|p1a: Mimikyu
|-immune|p1a: Mimikyu
|
|upkeep
|turn|5
|
|t:|1760869299
|switch|p2a: Conkeldurr|Conkeldurr, M|100/100
|move|p1a: Mimikyu|Curse|p2a: Conkeldurr
|-start|p2a: Conkeldurr|Curse|[of] p1a: Mimikyu
|-damage|p1a: Mimikyu|51/100
|
|-damage|p2a: Conkeldurr|76/100|[from] Curse
|-status|p2a: Conkeldurr|brn|[from] item: Flame Orb
|upkeep
|turn|6
|
|t:|1760869310
|switch|p1a: Deoxys|Deoxys-Speed|71/100
|-ability|p1a: Deoxys|Pressure
|switch|p2a: Sylveon|Sylveon, M|100/100
|
|upkeep
|turn|7
|
|t:|1760869322
|move|p1a: Deoxys|Trick|p2a: Sylveon
|-activate|p1a: Deoxys|move: Trick|[of] p2a: Sylveon
|-enditem|p2a: Sylveon|Leftovers|[silent]|[from] move: Trick
|-item|p1a: Deoxys|Leftovers|[from] move: Trick
|move|p2a: Sylveon|Wish|p2a: Sylveon
|
|-heal|p1a: Deoxys|78/100|[from] item: Leftovers
|upkeep
|turn|8
|
|t:|1760869333
|switch|p2a: Garchomp|Garchomp, M|52/100
|move|p1a: Deoxys|Stealth Rock|p2a: Garchomp
|-sidestart|p2: versacis|move: Stealth Rock
|
|-heal|p2a: Garchomp|99/100|[from] move: Wish|[wisher] Sylveon
|-heal|p1a: Deoxys|84/100|[from] item: Leftovers
|upkeep
|turn|9
|
|t:|1760869347
|move|p1a: Deoxys|Extreme Speed|p2a: Garchomp
|-damage|p2a: Garchomp|81/100
|-damage|p1a: Deoxys|71/100|[from] ability: Rough Skin|[of] p2a: Garchomp
|move|p2a: Garchomp|Earthquake|p1a: Deoxys
|-damage|p1a: Deoxys|15/100
|
|-heal|p1a: Deoxys|21/100|[from] item: Leftovers
|upkeep
|turn|10
|
|t:|1760869360
|move|p1a: Deoxys|Extreme Speed|p2a: Garchomp
|-damage|p2a: Garchomp|64/100
|-damage|p1a: Deoxys|9/100|[from] ability: Rough Skin|[of] p2a: Garchomp
|move|p2a: Garchomp|Earthquake|p1a: Deoxys
|-damage|p1a: Deoxys|0 fnt
|faint|p1a: Deoxys
|
|upkeep
|
|t:|1760869367
|switch|p1a: Basculegion|Basculegion, M|70/100
|turn|11
|
|t:|1760869377
|-terastallize|p1a: Basculegion|Water
|move|p1a: Basculegion|Wave Crash|p2a: Garchomp
|-damage|p2a: Garchomp|3/100
|-damage|p1a: Basculegion|57/100|[from] ability: Rough Skin|[of] p2a: Garchomp
|-damage|p1a: Basculegion|37/100|[from] Recoil
|move|p2a: Garchomp|Poison Jab|p1a: Basculegion
|-damage|p1a: Basculegion|3/100
|
|upkeep
|turn|12
|
|t:|1760869396
|switch|p1a: Clodsire|Clodsire, F|100/100
|move|p2a: Garchomp|Poison Jab|p1a: Clodsire
|-resisted|p1a: Clodsire
|-damage|p1a: Clodsire|93/100
|
|-heal|p1a: Clodsire|99/100|[from] item: Black Sludge
|upkeep
|turn|13
|
|t:|1760869404
|move|p2a: Garchomp|Earthquake|p1a: Clodsire
|-supereffective|p1a: Clodsire
|-damage|p1a: Clodsire|0 fnt
|faint|p1a: Clodsire
|
|upkeep
|
|t:|1760869408
|switch|p1a: Mimikyu|Mimikyu, F|51/100
|turn|14
|
|t:|1760869411
|move|p1a: Mimikyu|Shadow Sneak|p2a: Garchomp
|-damage|p2a: Garchomp|0 fnt
|-damage|p1a: Mimikyu|38/100|[from] ability: Rough Skin|[of] p2a: Garchomp
|faint|p2a: Garchomp
|
|upkeep
|
|t:|1760869434
|switch|p2a: Regigigas|Regigigas|100/100
|-damage|p2a: Regigigas|88/100|[from] Stealth Rock
|-start|p2a: Regigigas|ability: Slow Start
|turn|15
|
|t:|1760869441
|move|p1a: Mimikyu|Curse|p2a: Regigigas
|-start|p2a: Regigigas|Curse|[of] p1a: Mimikyu
|-damage|p1a: Mimikyu|0 fnt
|faint|p1a: Mimikyu
|move|p2a: Regigigas|Ice Punch|p1: Mimikyu|[notarget]
|-fail|p2a: Regigigas
|
|-heal|p2a: Regigigas|94/100|[from] item: Leftovers
|-damage|p2a: Regigigas|69/100|[from] Curse
|upkeep
|
|t:|1760869452
|switch|p1a: Hydrapple|Hydrapple, F|100/100
|turn|16
|
|t:|1760869457
|switch|p2a: Sylveon|Sylveon, M|100/100
|-damage|p2a: Sylveon|88/100|[from] Stealth Rock
|move|p1a: Hydrapple|Infestation|p2a: Sylveon
|-resisted|p2a: Sylveon
|-damage|p2a: Sylveon|86/100
|-activate|p2a: Sylveon|move: Infestation|[of] p1a: Hydrapple
|
|-damage|p2a: Sylveon|74/100|[from] move: Infestation|[partiallytrapped]
|upkeep
|turn|17
|
|t:|1760869467
|switch|p1a: Iron Treads|Iron Treads, shiny|100/100
|move|p2a: Sylveon|Moonblast|p1a: Iron Treads
|-resisted|p1a: Iron Treads
|-damage|p1a: Iron Treads|72/100
|
|-end|p2a: Sylveon|Infestation|[partiallytrapped]|[silent]
|upkeep
|turn|18
|
|t:|1760869483
|switch|p2a: Hydrapple|Hydrapple, F, shiny|100/100
|-damage|p2a: Hydrapple|88/100|[from] Stealth Rock
|move|p1a: Iron Treads|Rapid Spin|p2a: Hydrapple
|-crit|p2a: Hydrapple
|-damage|p2a: Hydrapple|69/100
|-boost|p1a: Iron Treads|spe|1
|
|-heal|p2a: Hydrapple|75/100|[from] item: Leftovers
|upkeep
|turn|19
|
|t:|1760869494
|move|p1a: Iron Treads|Ice Spinner|p2a: Hydrapple
|-supereffective|p2a: Hydrapple
|-damage|p2a: Hydrapple|2/100
|move|p2a: Hydrapple|Earth Power|p1a: Iron Treads
|-supereffective|p1a: Iron Treads
|-damage|p1a: Iron Treads|0 fnt
|faint|p1a: Iron Treads
|-end|p1a: Iron Treads|Quark Drive|[silent]
|
|-heal|p2a: Hydrapple|8/100|[from] item: Leftovers
|upkeep
|
|t:|1760869503
|switch|p1a: Basculegion|Basculegion, M, tera:Water|3/100
|turn|20
|
|t:|1760869512
|switch|p2a: Regigigas|Regigigas|69/100
|-damage|p2a: Regigigas|57/100|[from] Stealth Rock
|-start|p2a: Regigigas|ability: Slow Start
|move|p1a: Basculegion|Flip Turn|p2a: Regigigas
|-damage|p2a: Regigigas|27/100
|
|t:|1760869520
|switch|p1a: Hydrapple|Hydrapple, F|100/100|[from] Flip Turn
|
|-heal|p2a: Regigigas|33/100|[from] item: Leftovers
|upkeep
|turn|21
|
|t:|1760869526
|move|p2a: Regigigas|Ice Punch|p1a: Hydrapple
|-supereffective|p1a: Hydrapple
|-damage|p1a: Hydrapple|53/100
|move|p1a: Hydrapple|Infestation|p2a: Regigigas
|-damage|p2a: Regigigas|28/100
|-activate|p2a: Regigigas|move: Infestation|[of] p1a: Hydrapple
|
|-heal|p2a: Regigigas|34/100|[from] item: Leftovers
|-heal|p1a: Hydrapple|60/100|[from] item: Leftovers
|-damage|p2a: Regigigas|22/100|[from] move: Infestation|[partiallytrapped]
|upkeep
|turn|22
|
|t:|1760869536
|move|p2a: Regigigas|Double-Edge|p1a: Hydrapple
|-damage|p1a: Hydrapple|34/100
|-damage|p2a: Regigigas|14/100|[from] Recoil
|move|p1a: Hydrapple|Giga Drain|p2a: Regigigas
|-damage|p2a: Regigigas|0 fnt
|-heal|p1a: Hydrapple|41/100|[from] drain|[of] p2a: Regigigas
|faint|p2a: Regigigas
|
|-heal|p1a: Hydrapple|47/100|[from] item: Leftovers
|upkeep
|
|t:|1760869553
|switch|p2a: Sylveon|Sylveon, M|74/100
|-damage|p2a: Sylveon|61/100|[from] Stealth Rock
|turn|23
|
|t:|1760869567
|move|p2a: Sylveon|Moonblast|p1a: Hydrapple
|-supereffective|p1a: Hydrapple
|-damage|p1a: Hydrapple|0 fnt
|faint|p1a: Hydrapple
|
|upkeep
|
|t:|1760869576
|switch|p1a: Basculegion|Basculegion, M, tera:Water|3/100
|turn|24
|
|t:|1760869580
|move|p1a: Basculegion|Phantom Force||[still]
|-prepare|p1a: Basculegion|Phantom Force
|move|p2a: Sylveon|Moonblast|p1a: Basculegion|[miss]
|-miss|p2a: Sylveon|p1a: Basculegion
|
|upkeep
|turn|25
|
|t:|1760869585
|move|p2a: Sylveon|Protect|p2a: Sylveon
|-singleturn|p2a: Sylveon|Protect
|move|p1a: Basculegion|Phantom Force|p2a: Sylveon|[from] lockedmove
|-activate|p2a: Sylveon|move: Phantom Force|[broken]
|-damage|p2a: Sylveon|3/100
|
|upkeep
|turn|26
|
|t:|1760869595
|move|p1a: Basculegion|Phantom Force||[still]
|-prepare|p1a: Basculegion|Phantom Force
|move|p2a: Sylveon|Wish|p2a: Sylveon
|
|upkeep
|turn|27
|
|t:|1760869605
|move|p1a: Basculegion|Phantom Force|p2a: Sylveon|[from] lockedmove
|-damage|p2a: Sylveon|0 fnt
|faint|p2a: Sylveon
|
|upkeep
|
|t:|1760869610
|switch|p2a: Conkeldurr|Conkeldurr, M|76/100 brn
|-damage|p2a: Conkeldurr|70/100 brn|[from] Stealth Rock
|turn|28
|
|t:|1760869614
|move|p2a: Conkeldurr|Mach Punch|p1a: Basculegion
|-damage|p1a: Basculegion|0 fnt
|faint|p1a: Basculegion
|
|win|versacis
|raw|Qiao2005's rating: 1168 &rarr; <strong>1147</strong><br />(-21 for losing)
|raw|versacis's rating: 1230 &rarr; <strong>1251</strong><br />(+21 for winning)
|c|☆versacis|gg
|l|☆versacis
|player|p2|
|l|☆Qiao2005
|player|p1|
