|j|☆seannkao
|j|☆Pengerson
|t:|1760821415
|gametype|singles
|player|p1|seannkao|265|1142
|player|p2|Pengerson|gambler|1178
|gen|9
|tier|[Gen 9] OU
|rated|
|rule|HP Percentage Mod: HP is shown in percentages
|rule|Endless Battle Clause: Forcing endless battles is banned
|rule|Species Clause: Limit one of each Pokémon
|rule|OHKO Clause: OHKO moves are banned
|rule|Evasion Items Clause: Evasion items are banned
|rule|Evasion Moves Clause: Evasion moves are banned
|rule|Evasion Abilities Clause: Evasion abilities are banned
|rule|Sleep Moves Clause: Sleep-inducing moves are banned
|clearpoke
|poke|p1|Clodsire, F|
|poke|p1|Dondozo, F|
|poke|p1|Gliscor, F|
|poke|p1|Corviknight, M|
|poke|p1|Toxapex, M|
|poke|p1|Blissey, F|
|poke|p2|Shaymin|
|poke|p2|Kingambit, M|
|poke|p2|Heracross, M|
|poke|p2|Infernape, M|
|poke|p2|Darkrai|
|poke|p2|Gholdengo|
|teampreview
|inactive|Battle timer is ON: inactive players will automatically lose when time's up. (requested by Pengerson)
|
|t:|1760821431
|teamsize|p1|6
|teamsize|p2|6
|start
|switch|p1a: Gliscor|Gliscor, F|100/100
|switch|p2a: Heracross|Heracross, M|100/100
|turn|1
|
|t:|1760821438
|switch|p2a: Darkrai|Darkrai, shiny|100/100
|move|p1a: Gliscor|Protect||[still]
|-fail|p1a: Gliscor
|
|-status|p1a: Gliscor|tox|[from] item: Toxic Orb
|upkeep
|turn|2
|
|t:|1760821457
|switch|p1a: Blissey|Blissey, F|100/100
|-terastallize|p2a: Darkrai|Poison
|move|p2a: Darkrai|Nasty Plot|p2a: Darkrai
|-boost|p2a: Darkrai|spa|2
|
|upkeep
|turn|3
|
|t:|1760821468
|move|p2a: Darkrai|Nasty Plot|p2a: Darkrai
|-boost|p2a: Darkrai|spa|2
|move|p1a: Blissey|Calm Mind|p1a: Blissey
|-boost|p1a: Blissey|spa|1
|-boost|p1a: Blissey|spd|1
|
|upkeep
|turn|4
|
|t:|1760821475
|move|p2a: Darkrai|Nasty Plot|p2a: Darkrai
|-boost|p2a: Darkrai|spa|2
|move|p1a: Blissey|Calm Mind|p1a: Blissey
|-boost|p1a: Blissey|spa|1
|-boost|p1a: Blissey|spd|1
|
|upkeep
|turn|5
|
|t:|1760821481
|move|p2a: Darkrai|Sludge Bomb|p1a: Blissey
|-damage|p1a: Blissey|68/100
|-damage|p2a: Darkrai|91/100|[from] item: Life Orb
|move|p1a: Blissey|Calm Mind|p1a: Blissey
|-boost|p1a: Blissey|spa|1
|-boost|p1a: Blissey|spd|1
|
|upkeep
|turn|6
|
|t:|1760821488
|move|p2a: Darkrai|Sludge Bomb|p1a: Blissey
|-damage|p1a: Blissey|39/100
|-damage|p2a: Darkrai|81/100|[from] item: Life Orb
|move|p1a: Blissey|Calm Mind|p1a: Blissey
|-boost|p1a: Blissey|spa|1
|-boost|p1a: Blissey|spd|1
|
|upkeep
|turn|7
|c|☆Pengerson|i need one critt
|
|t:|1760821501
|move|p2a: Darkrai|Sludge Bomb|p1a: Blissey
|-damage|p1a: Blissey|15/100
|-damage|p2a: Darkrai|71/100|[from] item: Life Orb
|move|p1a: Blissey|Soft-Boiled|p1a: Blissey
|-heal|p1a: Blissey|65/100
|
|upkeep
|turn|8
|c|☆seannkao|phew
|
|t:|1760821512
|move|p2a: Darkrai|Sludge Bomb|p1a: Blissey
|-damage|p1a: Blissey|40/100
|-damage|p2a: Darkrai|61/100|[from] item: Life Orb
|move|p1a: Blissey|Soft-Boiled|p1a: Blissey
|-heal|p1a: Blissey|90/100
|
|upkeep
|turn|9
|
|t:|1760821518
|move|p2a: Darkrai|Sludge Bomb|p1a: Blissey
|-damage|p1a: Blissey|66/100
|-damage|p2a: Darkrai|51/100|[from] item: Life Orb
|move|p1a: Blissey|Calm Mind|p1a: Blissey
|-boost|p1a: Blissey|spa|1
|-boost|p1a: Blissey|spd|1
|
|upkeep
|turn|10
|
|t:|1760821543
|move|p2a: Darkrai|Sludge Bomb|p1a: Blissey
|-damage|p1a: Blissey|45/100
|-damage|p2a: Darkrai|41/100|[from] item: Life Orb
|move|p1a: Blissey|Shadow Ball|p2a: Darkrai
|-damage|p2a: Darkrai|0 fnt
|faint|p2a: Darkrai
|
|upkeep
|
|t:|1760821551
|switch|p2a: Heracross|Heracross, M|100/100
|turn|11
|inactive|seannkao has 120 seconds left.
|
|t:|1760821583
|switch|p1a: Gliscor|Gliscor, F|100/100 tox
|move|p2a: Heracross|Knock Off|p1a: Gliscor
|-damage|p1a: Gliscor|74/100 tox
|-enditem|p1a: Gliscor|Toxic Orb|[from] move: Knock Off|[of] p2a: Heracross
|
|-heal|p1a: Gliscor|86/100 tox|[from] ability: Poison Heal
|-status|p2a: Heracross|brn|[from] item: Flame Orb
|upkeep
|turn|12
|inactive|seannkao has 120 seconds left.
|
|t:|1760821597
|move|p2a: Heracross|Facade|p1a: Gliscor
|-damage|p1a: Gliscor|29/100 tox
|move|p1a: Gliscor|Knock Off|p2a: Heracross
|-resisted|p2a: Heracross
|-damage|p2a: Heracross|86/100 brn
|-enditem|p2a: Heracross|Flame Orb|[from] move: Knock Off|[of] p1a: Gliscor
|
|-heal|p1a: Gliscor|42/100 tox|[from] ability: Poison Heal
|-damage|p2a: Heracross|80/100 brn|[from] brn
|upkeep
|turn|13
|
|t:|1760821607
|move|p1a: Gliscor|Protect|p1a: Gliscor
|-singleturn|p1a: Gliscor|Protect
|move|p2a: Heracross|Facade|p1a: Gliscor
|-activate|p1a: Gliscor|move: Protect
|
|-heal|p1a: Gliscor|54/100 tox|[from] ability: Poison Heal
|-damage|p2a: Heracross|74/100 brn|[from] brn
|upkeep
|turn|14
|
|t:|1760821616
|switch|p1a: Dondozo|Dondozo, F|100/100
|move|p2a: Heracross|Facade|p1a: Dondozo
|-damage|p1a: Dondozo|71/100
|
|-damage|p2a: Heracross|68/100 brn|[from] brn
|upkeep
|turn|15
|
|t:|1760821631
|move|p2a: Heracross|Facade|p1a: Dondozo
|-damage|p1a: Dondozo|37/100
|move|p1a: Dondozo|Avalanche|p2a: Heracross
|-damage|p2a: Heracross|32/100 brn
|
|-damage|p2a: Heracross|26/100 brn|[from] brn
|upkeep
|turn|16
|
|t:|1760821641
|move|p2a: Heracross|Close Combat|p1a: Dondozo
|-damage|p1a: Dondozo|0 fnt
|-unboost|p2a: Heracross|def|1
|-unboost|p2a: Heracross|spd|1
|faint|p1a: Dondozo
|
|-damage|p2a: Heracross|20/100 brn|[from] brn
|upkeep
|
|t:|1760821649
|switch|p1a: Clodsire|Clodsire, F, shiny|100/100
|turn|17
|
|t:|1760821657
|switch|p2a: Shaymin|Shaymin, shiny|100/100
|move|p1a: Clodsire|Earthquake|p2a: Shaymin
|-resisted|p2a: Shaymin
|-crit|p2a: Shaymin
|-damage|p2a: Shaymin|80/100
|
|-heal|p2a: Shaymin|86/100|[from] item: Leftovers
|upkeep
|turn|18
|
|t:|1760821666
|move|p2a: Shaymin|Earth Power|p1a: Clodsire
|-supereffective|p1a: Clodsire
|-damage|p1a: Clodsire|75/100
|move|p1a: Clodsire|Toxic|p2a: Shaymin
|-status|p2a: Shaymin|tox
|
|-heal|p2a: Shaymin|93/100 tox|[from] item: Leftovers
|-damage|p2a: Shaymin|86/100 tox|[from] psn
|upkeep
|turn|19
|
|t:|1760821688
|-curestatus|p2a: Shaymin|tox|[from] ability: Natural Cure
|switch|p2a: Infernape|Infernape, M|100/100
|move|p1a: Clodsire|Stealth Rock|p2a: Infernape
|-sidestart|p2: Pengerson|move: Stealth Rock
|
|upkeep
|turn|20
|
|t:|1760821695
|move|p2a: Infernape|Flare Blitz|p1a: Clodsire
|-damage|p1a: Clodsire|0 fnt
|faint|p1a: Clodsire
|-damage|p2a: Infernape|62/100|[from] Recoil
|
|upkeep
|c|☆seannkao|HOOWWWW
|
|t:|1760821705
|switch|p1a: Toxapex|Toxapex, M|100/100
|turn|21
|
|t:|1760821711
|switch|p2a: Gholdengo|Gholdengo|100/100
|-damage|p2a: Gholdengo|94/100|[from] Stealth Rock
|-item|p2a: Gholdengo|Air Balloon
|move|p1a: Toxapex|Toxic|p2a: Gholdengo
|-immune|p2a: Gholdengo|[from] ability: Good as Gold
|
|upkeep
|turn|22
|
|t:|1760821719
|move|p2a: Gholdengo|Nasty Plot|p2a: Gholdengo
|-boost|p2a: Gholdengo|spa|2
|move|p1a: Toxapex|Infestation|p2a: Gholdengo
|-resisted|p2a: Gholdengo
|-damage|p2a: Gholdengo|94/100
|-activate|p2a: Gholdengo|move: Infestation|[of] p1a: Toxapex
|-enditem|p2a: Gholdengo|Air Balloon
|
|-damage|p2a: Gholdengo|81/100|[from] move: Infestation|[partiallytrapped]
|upkeep
|turn|23
|
|t:|1760821732
|move|p2a: Gholdengo|Shadow Ball|p1a: Toxapex
|-damage|p1a: Toxapex|40/100
|move|p1a: Toxapex|Infestation|p2a: Gholdengo
|-resisted|p2a: Gholdengo
|-damage|p2a: Gholdengo|81/100
|
|-damage|p2a: Gholdengo|68/100|[from] move: Infestation|[partiallytrapped]
|upkeep
|turn|24
|
|t:|1760821741
|move|p2a: Gholdengo|Nasty Plot|p2a: Gholdengo
|-boost|p2a: Gholdengo|spa|2
|move|p1a: Toxapex|Recover|p1a: Toxapex
|-heal|p1a: Toxapex|90/100
|
|-damage|p2a: Gholdengo|56/100|[from] move: Infestation|[partiallytrapped]
|upkeep
|turn|25
|
|t:|1760821750
|move|p2a: Gholdengo|Shadow Ball|p1a: Toxapex
|-damage|p1a: Toxapex|5/100
|move|p1a: Toxapex|Recover|p1a: Toxapex
|-heal|p1a: Toxapex|55/100
|
|-damage|p2a: Gholdengo|44/100|[from] move: Infestation|[partiallytrapped]
|upkeep
|turn|26
|inactive|seannkao has 120 seconds left.
|
|t:|1760821789
|move|p2a: Gholdengo|Shadow Ball|p1a: Toxapex
|-damage|p1a: Toxapex|0 fnt
|faint|p1a: Toxapex
|
|-end|p2a: Gholdengo|Infestation|[partiallytrapped]
|upkeep
|
|t:|1760821794
|switch|p1a: Blissey|Blissey, F|45/100
|turn|27
|c|☆seannkao|gg
|
|t:|1760821812
|move|p2a: Gholdengo|Make It Rain|p1a: Blissey
|-damage|p1a: Blissey|0 fnt
|-unboost|p2a: Gholdengo|spa|1
|faint|p1a: Blissey
|
|upkeep
|inactive|seannkao has 120 seconds left.
|-message|seannkao forfeited.
|
|win|Pengerson
|raw|seannkao's rating: 1142 &rarr; <strong>1120</strong><br />(-22 for losing)
|raw|Pengerson's rating: 1178 &rarr; <strong>1200</strong><br />(+22 for winning)
|l|☆seannkao
|player|p1|
|l|☆Pengerson
|player|p2|
