|j|☆CC Foot Soldier
|j|☆Slimytime
|t:|1760721321
|gametype|singles
|player|p1|CC Foot Soldier|waiter-gen4|1716
|player|p2|Slimytime|266|1723
|gen|9
|tier|[Gen 9] OU
|rated|
|rule|HP Percentage Mod: HP is shown in percentages
|rule|Endless Battle Clause: Forcing endless battles is banned
|rule|Species Clause: Limit one of each Pokémon
|rule|OHKO Clause: OHKO moves are banned
|rule|Evasion Items Clause: Evasion items are banned
|rule|Evasion Moves Clause: Evasion moves are banned
|rule|Evasion Abilities Clause: Evasion abilities are banned
|rule|Sleep Moves Clause: Sleep-inducing moves are banned
|clearpoke
|poke|p1|Grimmsnarl, M|
|poke|p1|Kyurem|
|poke|p1|Iron Moth|
|poke|p1|Maushold|
|poke|p1|Scizor, F|
|poke|p1|Alomomola, M|
|poke|p2|Rillaboom, F|
|poke|p2|Ceruledge, M|
|poke|p2|Landorus-Therian, M|
|poke|p2|Darkrai|
|poke|p2|Kingambit, M|
|poke|p2|Comfey, M|
|teampreview
|
|t:|1760721329
|teamsize|p1|6
|teamsize|p2|6
|start
|switch|p1a: Grimmsnarl|Grimmsnarl, M|100/100
|switch|p2a: Landorus|Landorus-Therian, M|100/100
|-ability|p2a: Landorus|Intimidate|boost
|-unboost|p1a: Grimmsnarl|atk|1
|turn|1
|
|t:|1760721337
|move|p1a: Grimmsnarl|Parting Shot|p2a: Landorus
|-unboost|p2a: Landorus|atk|1
|-unboost|p2a: Landorus|spa|1
|
|t:|1760721340
|switch|p1a: Kyurem|Kyurem|100/100|[from] Parting Shot
|-ability|p1a: Kyurem|Pressure
|move|p2a: Landorus|U-turn|p1a: Kyurem
|-damage|p1a: Kyurem|89/100
|
|t:|1760721353
|switch|p2a: Darkrai|Darkrai|100/100|[from] U-turn
|
|upkeep
|turn|2
|
|t:|1760721359
|move|p2a: Darkrai|Dark Pulse|p1a: Kyurem
|-damage|p1a: Kyurem|47/100
|move|p1a: Kyurem|Dragon Dance|p1a: Kyurem
|-boost|p1a: Kyurem|atk|1
|-boost|p1a: Kyurem|spe|1
|
|upkeep
|turn|3
|
|t:|1760721365
|move|p1a: Kyurem|Icicle Spear|p2a: Darkrai
|-damage|p2a: Darkrai|73/100
|-damage|p2a: Darkrai|46/100
|-damage|p2a: Darkrai|23/100
|-damage|p2a: Darkrai|0 fnt
|faint|p2a: Darkrai
|-hitcount|p2: Darkrai|4
|
|upkeep
|
|t:|1760721368
|switch|p2a: Kingambit|Kingambit, M|100/100
|-activate|p2a: Kingambit|ability: Supreme Overlord
|-start|p2a: Kingambit|fallen1|[silent]
|turn|4
|
|t:|1760721376
|switch|p1a: Alomomola|Alomomola, M|100/100
|move|p2a: Kingambit|Kowtow Cleave|p1a: Alomomola
|-damage|p1a: Alomomola|65/100
|-enditem|p1a: Alomomola|Eject Button
|
|t:|1760721381
|switch|p1a: Iron Moth|Iron Moth|100/100
|-enditem|p1a: Iron Moth|Booster Energy
|-activate|p1a: Iron Moth|ability: Quark Drive|[fromitem]
|-start|p1a: Iron Moth|quarkdrivespe
|
|upkeep
|turn|5
|
|t:|1760721386
|move|p1a: Iron Moth|Fiery Dance|p2a: Kingambit
|-supereffective|p2a: Kingambit
|-damage|p2a: Kingambit|11/100
|move|p2a: Kingambit|Kowtow Cleave|p1a: Iron Moth
|-damage|p1a: Iron Moth|14/100
|
|-heal|p2a: Kingambit|17/100|[from] item: Leftovers
|upkeep
|turn|6
|j| isaac_gam3r
|
|t:|1760721395
|move|p1a: Iron Moth|Fiery Dance|p2a: Kingambit
|-supereffective|p2a: Kingambit
|-damage|p2a: Kingambit|0 fnt
|faint|p2a: Kingambit
|-end|p2a: Kingambit|fallen1|[silent]
|
|upkeep
|
|t:|1760721397
|switch|p2a: Ceruledge|Ceruledge, M|100/100
|turn|7
|
|t:|1760721409
|-end|p1a: Iron Moth|Quark Drive|[silent]
|switch|p1a: Maushold|Maushold|100/100
|move|p2a: Ceruledge|Bulk Up|p2a: Ceruledge
|-boost|p2a: Ceruledge|atk|1
|-boost|p2a: Ceruledge|def|1
|
|upkeep
|turn|8
|
|t:|1760721415
|switch|p2a: Landorus|Landorus-Therian, M|100/100
|-ability|p2a: Landorus|Intimidate|boost
|-unboost|p1a: Maushold|atk|1
|move|p1a: Maushold|Encore||[still]
|-fail|p1a: Maushold
|
|upkeep
|turn|9
|
|t:|1760721427
|switch|p1a: Iron Moth|Iron Moth|14/100
|move|p2a: Landorus|Earth Power|p1a: Iron Moth
|-supereffective|p1a: Iron Moth
|-damage|p1a: Iron Moth|0 fnt
|faint|p1a: Iron Moth
|-end|p1a: Iron Moth|Quark Drive|[silent]
|
|upkeep
|
|t:|1760721436
|switch|p1a: Kyurem|Kyurem|47/100
|-ability|p1a: Kyurem|Pressure
|turn|10
|
|t:|1760721439
|move|p1a: Kyurem|Icicle Spear|p2a: Landorus
|-supereffective|p2a: Landorus
|-damage|p2a: Landorus|53/100
|-supereffective|p2a: Landorus
|-damage|p2a: Landorus|6/100
|-supereffective|p2a: Landorus
|-crit|p2a: Landorus
|-damage|p2a: Landorus|0 fnt
|faint|p2a: Landorus
|-hitcount|p2: Landorus|3
|
|upkeep
|
|t:|1760721442
|switch|p2a: Ceruledge|Ceruledge, M|100/100
|turn|11
|
|t:|1760721458
|move|p1a: Kyurem|Icicle Spear|p2a: Ceruledge
|-resisted|p2a: Ceruledge
|-damage|p2a: Ceruledge|92/100
|-resisted|p2a: Ceruledge
|-damage|p2a: Ceruledge|84/100
|-resisted|p2a: Ceruledge
|-damage|p2a: Ceruledge|77/100
|-resisted|p2a: Ceruledge
|-damage|p2a: Ceruledge|70/100
|-resisted|p2a: Ceruledge
|-damage|p2a: Ceruledge|63/100
|-hitcount|p2a: Ceruledge|5
|move|p2a: Ceruledge|Bitter Blade|p1a: Kyurem
|-damage|p1a: Kyurem|14/100
|-heal|p2a: Ceruledge|81/100|[from] drain|[of] p1a: Kyurem
|
|upkeep
|turn|12
|l| isaac_gam3r
|
|t:|1760721471
|move|p1a: Kyurem|Icicle Spear|p2a: Ceruledge
|-resisted|p2a: Ceruledge
|-damage|p2a: Ceruledge|73/100
|-resisted|p2a: Ceruledge
|-damage|p2a: Ceruledge|65/100
|-resisted|p2a: Ceruledge
|-damage|p2a: Ceruledge|57/100
|-resisted|p2a: Ceruledge
|-damage|p2a: Ceruledge|48/100
|-resisted|p2a: Ceruledge
|-damage|p2a: Ceruledge|40/100
|-hitcount|p2a: Ceruledge|5
|move|p2a: Ceruledge|Bulk Up|p2a: Ceruledge
|-boost|p2a: Ceruledge|atk|1
|-boost|p2a: Ceruledge|def|1
|
|upkeep
|turn|13
|
|t:|1760721483
|move|p2a: Ceruledge|Shadow Sneak|p1a: Kyurem
|-damage|p1a: Kyurem|0 fnt
|faint|p1a: Kyurem
|
|upkeep
|
|t:|1760721486
|switch|p1a: Maushold|Maushold|100/100
|turn|14
|
|t:|1760721491
|move|p1a: Maushold|Population Bomb|p2a: Ceruledge
|-immune|p2a: Ceruledge
|move|p2a: Ceruledge|Poltergeist|p1a: Maushold
|-immune|p1a: Maushold
|
|upkeep
|turn|15
|c|☆CC Foot Soldier|wow
|c|☆CC Foot Soldier|that was brave
|c|☆CC Foot Soldier|or very stupid of you
|
|t:|1760721505
|move|p1a: Maushold|Encore|p2a: Ceruledge
|-start|p2a: Ceruledge|Encore
|move|p2a: Ceruledge|Poltergeist|p1a: Maushold
|-immune|p1a: Maushold
|
|upkeep
|turn|16
|
|t:|1760721510
|switch|p2a: Rillaboom|Rillaboom, F|100/100
|-fieldstart|move: Grassy Terrain|[from] ability: Grassy Surge|[of] p2a: Rillaboom
|move|p1a: Maushold|Tidy Up|p1a: Maushold
|-boost|p1a: Maushold|atk|1
|-boost|p1a: Maushold|spe|1
|
|upkeep
|turn|17
|
|t:|1760721525
|move|p2a: Rillaboom|Grassy Glide|p1a: Maushold
|-damage|p1a: Maushold|6/100
|move|p1a: Maushold|Population Bomb|p2a: Rillaboom
|-damage|p2a: Rillaboom|82/100
|-damage|p2a: Rillaboom|63/100
|-damage|p2a: Rillaboom|46/100
|-crit|p2a: Rillaboom
|-damage|p2a: Rillaboom|18/100
|-crit|p2a: Rillaboom
|-damage|p2a: Rillaboom|0 fnt
|faint|p2a: Rillaboom
|-hitcount|p2: Rillaboom|5
|
|-heal|p1a: Maushold|12/100|[from] Grassy Terrain
|upkeep
|
|t:|1760721529
|switch|p2a: Comfey|Comfey, M|100/100
|-enditem|p2a: Comfey|Grassy Seed
|-boost|p2a: Comfey|def|1|[from] item: Grassy Seed
|turn|18
|
|t:|1760721547
|switch|p1a: Scizor|Scizor, F|100/100
|move|p2a: Comfey|Draining Kiss|p1a: Scizor
|-resisted|p1a: Scizor
|-damage|p1a: Scizor|84/100
|
|-heal|p1a: Scizor|91/100|[from] Grassy Terrain
|upkeep
|turn|19
|
|t:|1760721553
|-terastallize|p2a: Comfey|Steel
|move|p2a: Comfey|Calm Mind|p2a: Comfey
|-boost|p2a: Comfey|spa|1
|-boost|p2a: Comfey|spd|1
|move|p1a: Scizor|Swords Dance|p1a: Scizor
|-boost|p1a: Scizor|atk|2
|
|-heal|p1a: Scizor|97/100|[from] Grassy Terrain
|upkeep
|turn|20
|
|t:|1760721562
|move|p2a: Comfey|Stored Power|p1a: Scizor
|-resisted|p1a: Scizor
|-damage|p1a: Scizor|71/100
|move|p1a: Scizor|Close Combat|p2a: Comfey
|-supereffective|p2a: Comfey
|-damage|p2a: Comfey|0 fnt
|-unboost|p1a: Scizor|def|1
|-unboost|p1a: Scizor|spd|1
|faint|p2a: Comfey
|
|-heal|p1a: Scizor|77/100|[from] Grassy Terrain
|-fieldend|move: Grassy Terrain
|upkeep
|
|t:|1760721564
|switch|p2a: Ceruledge|Ceruledge, M|40/100
|turn|21
|
|t:|1760721573
|move|p1a: Scizor|Bullet Punch|p2a: Ceruledge
|-resisted|p2a: Ceruledge
|-damage|p2a: Ceruledge|0 fnt
|faint|p2a: Ceruledge
|
|win|CC Foot Soldier
|raw|CC Foot Soldier's rating: 1716 &rarr; <strong>1736</strong><br />(+20 for winning)
|raw|Slimytime's rating: 1723 &rarr; <strong>1703</strong><br />(-20 for losing)
|l|☆CC Foot Soldier
|player|p1|
|l|☆Slimytime
|player|p2|
