|j|☆Kazuelasnt
|j|☆Test4823
|t:|1760761342
|gametype|singles
|player|p1|Kazuelasnt|cress|1448
|player|p2|Test4823|101|1482
|gen|9
|tier|[Gen 9] OU
|rated|
|rule|HP Percentage Mod: HP is shown in percentages
|rule|Endless Battle Clause: Forcing endless battles is banned
|rule|Species Clause: Limit one of each Pokémon
|rule|OHKO Clause: OHKO moves are banned
|rule|Evasion Items Clause: Evasion items are banned
|rule|Evasion Moves Clause: Evasion moves are banned
|rule|Evasion Abilities Clause: Evasion abilities are banned
|rule|Sleep Moves Clause: Sleep-inducing moves are banned
|clearpoke
|poke|p1|Ninetales, M|
|poke|p1|Lilligant-Hisui, F|
|poke|p1|Walking Wake|
|poke|p1|Great Tusk|
|poke|p1|Iron Moth|
|poke|p1|Heatran, F|
|poke|p2|Landorus-Therian, M|
|poke|p2|Heatran, F|
|poke|p2|Toxapex, M|
|poke|p2|Goodra-Hisui, M|
|poke|p2|Meowscarada, M|
|poke|p2|Weezing-Galar, M|
|teampreview
|inactive|Battle timer is ON: inactive players will automatically lose when time's up. (requested by Test4823)
|
|t:|1760761359
|teamsize|p1|6
|teamsize|p2|6
|start
|switch|p1a: Chujin|Ninetales, M, shiny|100/100
|switch|p2a: Landorus|Landorus-Therian, M|100/100
|-ability|p2a: Landorus|Intimidate|boost
|-unboost|p1a: Chujin|atk|1
|-weather|SunnyDay|[from] ability: Drought|[of] p1a: Chujin
|turn|1
|
|t:|1760761365
|switch|p1a: Mi Amada <3|Lilligant-Hisui, F|100/100
|move|p2a: Landorus|Earthquake|p1a: Mi Amada <3
|-resisted|p1a: Mi Amada <3
|-damage|p1a: Mi Amada <3|61/100
|
|-weather|SunnyDay|[upkeep]
|upkeep
|turn|2
|
|t:|1760761370
|switch|p2a: Toxapex|Toxapex, M|100/100
|move|p1a: Mi Amada <3|Triple Axel|p2a: Toxapex
|-resisted|p2a: Toxapex
|-damage|p2a: Toxapex|97/100
|-resisted|p2a: Toxapex
|-damage|p2a: Toxapex|90/100
|-resisted|p2a: Toxapex
|-damage|p2a: Toxapex|79/100
|-hitcount|p2a: Toxapex|3
|-damage|p1a: Mi Amada <3|51/100|[from] item: Life Orb
|
|-weather|SunnyDay|[upkeep]
|upkeep
|turn|3
|
|t:|1760761376
|switch|p1a: Cosa de Lava|Heatran, F|100/100
|-item|p1a: Cosa de Lava|Air Balloon
|move|p2a: Toxapex|Sludge Wave|p1a: Cosa de Lava
|-immune|p1a: Cosa de Lava
|
|-weather|SunnyDay|[upkeep]
|upkeep
|turn|4
|
|t:|1760761382
|move|p1a: Cosa de Lava|Stealth Rock|p2a: Toxapex
|-sidestart|p2: Test4823|move: Stealth Rock
|move|p2a: Toxapex|Surf|p1a: Cosa de Lava
|-supereffective|p1a: Cosa de Lava
|-damage|p1a: Cosa de Lava|75/100
|-enditem|p1a: Cosa de Lava|Air Balloon
|
|-weather|SunnyDay|[upkeep]
|upkeep
|turn|5
|
|t:|1760761385
|switch|p2a: Heatran|Heatran, F|100/100
|-damage|p2a: Heatran|88/100|[from] Stealth Rock
|-item|p2a: Heatran|Air Balloon
|move|p1a: Cosa de Lava|Magma Storm|p2a: Heatran
|-start|p2a: Heatran|ability: Flash Fire
|
|-weather|SunnyDay|[upkeep]
|upkeep
|turn|6
|
|t:|1760761391
|switch|p1a: Ondulagua|Walking Wake|100/100
|-activate|p1a: Ondulagua|ability: Protosynthesis
|-start|p1a: Ondulagua|protosynthesisspa
|move|p2a: Heatran|Earth Power|p1a: Ondulagua
|-damage|p1a: Ondulagua|58/100
|
|-weather|SunnyDay|[upkeep]
|upkeep
|turn|7
|
|t:|1760761401
|-end|p2a: Heatran|ability: Flash Fire|[silent]
|switch|p2a: Toxapex|Toxapex, M|100/100
|-damage|p2a: Toxapex|88/100|[from] Stealth Rock
|move|p1a: Ondulagua|Hydro Steam|p2a: Toxapex
|-resisted|p2a: Toxapex
|-damage|p2a: Toxapex|51/100
|
|-weather|SunnyDay|[upkeep]
|upkeep
|turn|8
|
|t:|1760761407
|move|p1a: Ondulagua|Hydro Steam|p2a: Toxapex
|-resisted|p2a: Toxapex
|-damage|p2a: Toxapex|16/100
|move|p2a: Toxapex|Sludge Wave|p1a: Ondulagua
|-damage|p1a: Ondulagua|19/100
|
|-weather|none
|-end|p1a: Ondulagua|Protosynthesis
|upkeep
|turn|9
|
|t:|1760761412
|switch|p2a: Goodra|Goodra-Hisui, M|100/100
|-damage|p2a: Goodra|94/100|[from] Stealth Rock
|move|p1a: Ondulagua|Hydro Steam|p2a: Goodra
|-resisted|p2a: Goodra
|-damage|p2a: Goodra|71/100
|
|-heal|p2a: Goodra|77/100|[from] item: Leftovers
|upkeep
|turn|10
|
|t:|1760761415
|-end|p1a: Ondulagua|Protosynthesis|[silent]
|switch|p1a: Cosa de Lava|Heatran, F|75/100
|move|p2a: Goodra|Knock Off|p1a: Cosa de Lava
|-damage|p1a: Cosa de Lava|60/100
|
|-heal|p2a: Goodra|83/100|[from] item: Leftovers
|upkeep
|turn|11
|
|t:|1760761418
|switch|p2a: Heatran|Heatran, F|88/100
|-damage|p2a: Heatran|76/100|[from] Stealth Rock
|-item|p2a: Heatran|Air Balloon
|move|p1a: Cosa de Lava|Magma Storm|p2a: Heatran
|-start|p2a: Heatran|ability: Flash Fire
|
|upkeep
|turn|12
|
|t:|1760761426
|move|p1a: Cosa de Lava|Taunt|p2a: Heatran
|-start|p2a: Heatran|move: Taunt
|move|p2a: Heatran|Earth Power|p1a: Cosa de Lava
|-supereffective|p1a: Cosa de Lava
|-damage|p1a: Cosa de Lava|0 fnt
|faint|p1a: Cosa de Lava
|
|upkeep
|
|t:|1760761431
|switch|p1a: Mi Amada <3|Lilligant-Hisui, F|51/100
|turn|13
|
|t:|1760761437
|-end|p2a: Heatran|ability: Flash Fire|[silent]
|switch|p2a: Toxapex|Toxapex, M|49/100
|-damage|p2a: Toxapex|37/100|[from] Stealth Rock
|move|p1a: Mi Amada <3|Close Combat|p2a: Toxapex
|-resisted|p2a: Toxapex
|-damage|p2a: Toxapex|8/100
|-unboost|p1a: Mi Amada <3|def|1
|-unboost|p1a: Mi Amada <3|spd|1
|-damage|p1a: Mi Amada <3|41/100|[from] item: Life Orb
|
|upkeep
|turn|14
|
|t:|1760761444
|switch|p2a: Goodra|Goodra-Hisui, M|83/100
|-damage|p2a: Goodra|77/100|[from] Stealth Rock
|move|p1a: Mi Amada <3|Close Combat|p2a: Goodra
|-supereffective|p2a: Goodra
|-damage|p2a: Goodra|0 fnt
|-unboost|p1a: Mi Amada <3|def|1
|-unboost|p1a: Mi Amada <3|spd|1
|faint|p2a: Goodra
|-damage|p1a: Mi Amada <3|31/100|[from] item: Life Orb
|
|upkeep
|
|t:|1760761452
|switch|p2a: Meowscarada|Meowscarada, M|100/100
|-damage|p2a: Meowscarada|88/100|[from] Stealth Rock
|turn|15
|
|t:|1760761457
|switch|p1a: Ferropolilla|Iron Moth|100/100
|-enditem|p1a: Ferropolilla|Booster Energy
|-activate|p1a: Ferropolilla|ability: Quark Drive|[fromitem]
|-start|p1a: Ferropolilla|quarkdrivespe
|move|p2a: Meowscarada|U-turn|p1a: Ferropolilla
|-start|p2a: Meowscarada|typechange|Bug|[from] ability: Protean
|-resisted|p1a: Ferropolilla
|-damage|p1a: Ferropolilla|83/100
|
|t:|1760761464
|switch|p2a: Heatran|Heatran, F|76/100|[from] U-turn
|-damage|p2a: Heatran|63/100|[from] Stealth Rock
|-item|p2a: Heatran|Air Balloon
|
|upkeep
|turn|16
|
|t:|1760761467
|-end|p1a: Ferropolilla|Quark Drive|[silent]
|switch|p1a: DA T U S K|Great Tusk|100/100
|move|p2a: Heatran|Earth Power|p1a: DA T U S K
|-damage|p1a: DA T U S K|68/100
|
|upkeep
|turn|17
|
|t:|1760761472
|switch|p2a: Weezing|Weezing-Galar, M|100/100
|-damage|p2a: Weezing|88/100|[from] Stealth Rock
|move|p1a: DA T U S K|Rapid Spin|p2a: Weezing
|-damage|p2a: Weezing|68/100
|-boost|p1a: DA T U S K|spe|1
|
|-heal|p2a: Weezing|74/100|[from] item: Leftovers
|upkeep
|turn|18
|
|t:|1760761483
|move|p1a: DA T U S K|Headlong Rush|p2a: Weezing
|-immune|p2a: Weezing|[from] ability: Levitate
|move|p2a: Weezing|Defog|p1a: DA T U S K
|-unboost|p1a: DA T U S K|evasion|1
|-sideend|p2: Test4823|Stealth Rock|[from] move: Defog|[of] p2a: Weezing
|
|-heal|p2a: Weezing|80/100|[from] item: Leftovers
|upkeep
|turn|19
|
|t:|1760761496
|move|p1a: DA T U S K|Temper Flare|p2a: Weezing
|-damage|p2a: Weezing|14/100
|move|p2a: Weezing|Strange Steam|p1a: DA T U S K
|-supereffective|p1a: DA T U S K
|-damage|p1a: DA T U S K|1/100
|
|-heal|p2a: Weezing|20/100|[from] item: Leftovers
|upkeep
|turn|20
|
|t:|1760761506
|switch|p2a: Toxapex|Toxapex, M|41/100
|move|p1a: DA T U S K|Rapid Spin|p2a: Toxapex
|-damage|p2a: Toxapex|28/100
|-boost|p1a: DA T U S K|spe|1
|
|upkeep
|turn|21
|
|t:|1760761514
|switch|p2a: Weezing|Weezing-Galar, M|20/100
|move|p1a: DA T U S K|Headlong Rush|p2a: Weezing
|-immune|p2a: Weezing|[from] ability: Levitate
|
|-heal|p2a: Weezing|27/100|[from] item: Leftovers
|upkeep
|turn|22
|
|t:|1760761519
|move|p1a: DA T U S K|Temper Flare|p2a: Weezing
|-damage|p2a: Weezing|0 fnt
|faint|p2a: Weezing
|
|upkeep
|
|t:|1760761523
|switch|p2a: Meowscarada|Meowscarada, M|88/100
|turn|23
|
|t:|1760761528
|move|p2a: Meowscarada|Sucker Punch|p1a: DA T U S K
|-start|p2a: Meowscarada|typechange|Dark|[from] ability: Protean
|-resisted|p1a: DA T U S K
|-damage|p1a: DA T U S K|0 fnt
|faint|p1a: DA T U S K
|-end|p1a: DA T U S K|Protosynthesis|[silent]
|
|upkeep
|
|t:|1760761535
|switch|p1a: Chujin|Ninetales, M, shiny|100/100
|-weather|SunnyDay|[from] ability: Drought|[of] p1a: Chujin
|turn|24
|
|t:|1760761540
|switch|p2a: Heatran|Heatran, F|63/100
|-item|p2a: Heatran|Air Balloon
|switch|p1a: Ondulagua|Walking Wake|19/100
|-activate|p1a: Ondulagua|ability: Protosynthesis
|-start|p1a: Ondulagua|protosynthesisspa
|
|-weather|SunnyDay|[upkeep]
|upkeep
|turn|25
|
|t:|1760761546
|switch|p2a: Toxapex|Toxapex, M|61/100
|move|p1a: Ondulagua|Hydro Steam|p2a: Toxapex
|-resisted|p2a: Toxapex
|-damage|p2a: Toxapex|27/100
|
|-weather|SunnyDay|[upkeep]
|upkeep
|turn|26
|
|t:|1760761551
|move|p1a: Ondulagua|Hydro Steam|p2a: Toxapex
|-resisted|p2a: Toxapex
|-damage|p2a: Toxapex|0 fnt
|faint|p2a: Toxapex
|
|-weather|SunnyDay|[upkeep]
|upkeep
|
|t:|1760761555
|switch|p2a: Landorus|Landorus-Therian, M|100/100
|-ability|p2a: Landorus|Intimidate|boost
|-unboost|p1a: Ondulagua|atk|1
|turn|27
|
|t:|1760761562
|-end|p1a: Ondulagua|Protosynthesis|[silent]
|switch|p1a: Mi Amada <3|Lilligant-Hisui, F|31/100
|move|p2a: Landorus|Earthquake|p1a: Mi Amada <3
|-resisted|p1a: Mi Amada <3
|-damage|p1a: Mi Amada <3|0 fnt
|faint|p1a: Mi Amada <3
|
|-weather|SunnyDay|[upkeep]
|upkeep
|
|t:|1760761569
|switch|p1a: Chujin|Ninetales, M, shiny|100/100
|turn|28
|
|t:|1760761573
|-terastallize|p2a: Landorus|Ground
|-terastallize|p1a: Chujin|Grass
|move|p2a: Landorus|Earthquake|p1a: Chujin
|-resisted|p1a: Chujin
|-damage|p1a: Chujin|48/100
|move|p1a: Chujin|Healing Wish|p1a: Chujin
|faint|p1a: Chujin
|
|-weather|SunnyDay|[upkeep]
|upkeep
|
|t:|1760761582
|switch|p1a: Ondulagua|Walking Wake|19/100
|-heal|p1a: Ondulagua|100/100|[from] move: Healing Wish
|-activate|p1a: Ondulagua|ability: Protosynthesis
|-start|p1a: Ondulagua|protosynthesisspa
|turn|29
|
|t:|1760761593
|move|p2a: Landorus|Earthquake|p1a: Ondulagua
|-damage|p1a: Ondulagua|18/100
|move|p1a: Ondulagua|Hydro Steam|p2a: Landorus
|-supereffective|p2a: Landorus
|-damage|p2a: Landorus|0 fnt
|faint|p2a: Landorus
|
|-weather|SunnyDay|[upkeep]
|upkeep
|
|t:|1760761596
|switch|p2a: Meowscarada|Meowscarada, M|88/100
|turn|30
|
|t:|1760761600
|-end|p1a: Ondulagua|Protosynthesis|[silent]
|switch|p1a: Ferropolilla|Iron Moth|83/100
|move|p2a: Meowscarada|Flower Trick|p1a: Ferropolilla
|-start|p2a: Meowscarada|typechange|Grass|[from] ability: Protean
|-resisted|p1a: Ferropolilla
|-crit|p1a: Ferropolilla
|-damage|p1a: Ferropolilla|56/100
|
|-weather|SunnyDay|[upkeep]
|upkeep
|turn|31
|
|t:|1760761609
|switch|p2a: Heatran|Heatran, F|63/100
|-item|p2a: Heatran|Air Balloon
|-end|p1a: Ferropolilla|Quark Drive|[silent]
|switch|p1a: Ondulagua|Walking Wake|18/100
|-activate|p1a: Ondulagua|ability: Protosynthesis
|-start|p1a: Ondulagua|protosynthesisspa
|
|-weather|none
|-end|p1a: Ondulagua|Protosynthesis
|upkeep
|turn|32
|
|t:|1760761622
|move|p1a: Ondulagua|Hydro Steam|p2a: Heatran
|-supereffective|p2a: Heatran
|-damage|p2a: Heatran|0 fnt
|-enditem|p2a: Heatran|Air Balloon
|faint|p2a: Heatran
|
|upkeep
|
|t:|1760761625
|switch|p2a: Meowscarada|Meowscarada, M|88/100
|turn|33
|
|t:|1760761636
|move|p2a: Meowscarada|Flower Trick|p1a: Ondulagua
|-start|p2a: Meowscarada|typechange|Grass|[from] ability: Protean
|-crit|p1a: Ondulagua
|-damage|p1a: Ondulagua|0 fnt
|faint|p1a: Ondulagua
|-end|p1a: Ondulagua|Protosynthesis|[silent]
|
|upkeep
|inactive|Kazuelasnt has 120 seconds left.
|
|t:|1760761676
|switch|p1a: Ferropolilla|Iron Moth|56/100
|turn|34
|
|t:|1760761678
|move|p2a: Meowscarada|Flower Trick|p1a: Ferropolilla
|-resisted|p1a: Ferropolilla
|-crit|p1a: Ferropolilla
|-damage|p1a: Ferropolilla|29/100
|move|p1a: Ferropolilla|Fiery Dance|p2a: Meowscarada
|-supereffective|p2a: Meowscarada
|-damage|p2a: Meowscarada|0 fnt
|faint|p2a: Meowscarada
|
|win|Kazuelasnt
|raw|Kazuelasnt's rating: 1448 &rarr; <strong>1470</strong><br />(+22 for winning)
|raw|Test4823's rating: 1482 &rarr; <strong>1460</strong><br />(-22 for losing)
|c|☆Test4823|gg
|c|☆Kazuelasnt|Gg
|l|☆Test4823
|player|p2|
|l|☆Kazuelasnt
|player|p1|
