|j|☆HZBKAI3
|j|☆braisedporkyy
|t:|1760759918
|gametype|singles
|player|p1|HZBKAI3|266|1051
|player|p2|braisedporkyy|266|1084
|gen|9
|tier|[Gen 9] OU
|rated|
|rule|HP Percentage Mod: HP is shown in percentages
|rule|Endless Battle Clause: Forcing endless battles is banned
|rule|Species Clause: Limit one of each Pokémon
|rule|OHKO Clause: OHKO moves are banned
|rule|Evasion Items Clause: Evasion items are banned
|rule|Evasion Moves Clause: Evasion moves are banned
|rule|Evasion Abilities Clause: Evasion abilities are banned
|rule|Sleep Moves Clause: Sleep-inducing moves are banned
|clearpoke
|poke|p1|Jirachi|
|poke|p1|Gholdengo|
|poke|p1|Gliscor, M|
|poke|p1|Iron Moth|
|poke|p1|Quaquaval, M|
|poke|p1|Iron Boulder|
|poke|p2|Scrafty, F|
|poke|p2|Vaporeon, F|
|poke|p2|Heatran, F|
|poke|p2|Tentacruel, F|
|poke|p2|Pecharunt|
|poke|p2|Hydreigon, F|
|teampreview
|inactive|Battle timer is ON: inactive players will automatically lose when time's up. (requested by braisedporkyy)
|
|t:|1760759934
|teamsize|p1|6
|teamsize|p2|6
|start
|switch|p1a: Jirachi|Jirachi|100/100
|switch|p2a: Vaporeon|Vaporeon, F|100/100
|turn|1
|
|t:|1760759940
|move|p1a: Jirachi|Aura Sphere|p2a: Vaporeon
|-damage|p2a: Vaporeon|86/100
|move|p2a: Vaporeon|Ice Beam|p1a: Jirachi
|-resisted|p1a: Jirachi
|-damage|p1a: Jirachi|91/100
|
|-heal|p1a: Jirachi|97/100|[from] item: Leftovers
|upkeep
|turn|2
|
|t:|1760759950
|move|p1a: Jirachi|Aura Sphere|p2a: Vaporeon
|-damage|p2a: Vaporeon|73/100
|move|p2a: Vaporeon|Ice Beam|p1a: Jirachi
|-resisted|p1a: Jirachi
|-damage|p1a: Jirachi|87/100
|
|-heal|p1a: Jirachi|93/100|[from] item: Leftovers
|upkeep
|turn|3
|
|t:|1760759959
|move|p1a: Jirachi|Aura Sphere|p2a: Vaporeon
|-damage|p2a: Vaporeon|58/100
|move|p2a: Vaporeon|Wish|p2a: Vaporeon
|
|-heal|p1a: Jirachi|99/100|[from] item: Leftovers
|upkeep
|turn|4
|
|t:|1760759967
|move|p1a: Jirachi|Aura Sphere|p2a: Vaporeon
|-damage|p2a: Vaporeon|45/100
|-enditem|p2a: Vaporeon|Sitrus Berry|[eat]
|-heal|p2a: Vaporeon|70/100|[from] item: Sitrus Berry
|move|p2a: Vaporeon|Ice Beam|p1a: Jirachi
|-resisted|p1a: Jirachi
|-crit|p1a: Jirachi
|-damage|p1a: Jirachi|85/100
|
|-heal|p2a: Vaporeon|100/100|[from] move: Wish|[wisher] Vaporeon
|-heal|p1a: Jirachi|91/100|[from] item: Leftovers
|upkeep
|turn|5
|
|t:|1760759981
|move|p1a: Jirachi|Aura Sphere|p2a: Vaporeon
|-damage|p2a: Vaporeon|86/100
|move|p2a: Vaporeon|Ice Beam|p1a: Jirachi
|-resisted|p1a: Jirachi
|-damage|p1a: Jirachi|82/100
|
|-heal|p1a: Jirachi|88/100|[from] item: Leftovers
|upkeep
|turn|6
|
|t:|1760759990
|move|p1a: Jirachi|Aura Sphere|p2a: Vaporeon
|-damage|p2a: Vaporeon|72/100
|move|p2a: Vaporeon|Ice Beam|p1a: Jirachi
|-resisted|p1a: Jirachi
|-damage|p1a: Jirachi|78/100
|
|-heal|p1a: Jirachi|84/100|[from] item: Leftovers
|upkeep
|turn|7
|
|t:|1760759999
|move|p1a: Jirachi|Aura Sphere|p2a: Vaporeon
|-damage|p2a: Vaporeon|57/100
|move|p2a: Vaporeon|Ice Beam|p1a: Jirachi
|-resisted|p1a: Jirachi
|-damage|p1a: Jirachi|74/100
|
|-heal|p1a: Jirachi|80/100|[from] item: Leftovers
|upkeep
|turn|8
|
|t:|1760760008
|move|p1a: Jirachi|Aura Sphere|p2a: Vaporeon
|-damage|p2a: Vaporeon|43/100
|move|p2a: Vaporeon|Ice Beam|p1a: Jirachi
|-resisted|p1a: Jirachi
|-damage|p1a: Jirachi|70/100
|
|-heal|p1a: Jirachi|76/100|[from] item: Leftovers
|upkeep
|turn|9
|
|t:|1760760018
|move|p1a: Jirachi|Aura Sphere|p2a: Vaporeon
|-damage|p2a: Vaporeon|29/100
|move|p2a: Vaporeon|Wish|p2a: Vaporeon
|
|-heal|p1a: Jirachi|82/100|[from] item: Leftovers
|upkeep
|turn|10
|
|t:|1760760025
|move|p1a: Jirachi|Aura Sphere|p2a: Vaporeon
|-damage|p2a: Vaporeon|14/100
|move|p2a: Vaporeon|Ice Beam|p1a: Jirachi
|-resisted|p1a: Jirachi
|-damage|p1a: Jirachi|73/100
|
|-heal|p2a: Vaporeon|64/100|[from] move: Wish|[wisher] Vaporeon
|-heal|p1a: Jirachi|79/100|[from] item: Leftovers
|upkeep
|turn|11
|
|t:|1760760036
|move|p1a: Jirachi|Aura Sphere|p2a: Vaporeon
|-damage|p2a: Vaporeon|50/100
|move|p2a: Vaporeon|Ice Beam|p1a: Jirachi
|-resisted|p1a: Jirachi
|-damage|p1a: Jirachi|70/100
|
|-heal|p1a: Jirachi|76/100|[from] item: Leftovers
|upkeep
|turn|12
|
|t:|1760760046
|move|p1a: Jirachi|Aura Sphere|p2a: Vaporeon
|-damage|p2a: Vaporeon|35/100
|move|p2a: Vaporeon|Wish|p2a: Vaporeon
|
|-heal|p1a: Jirachi|82/100|[from] item: Leftovers
|upkeep
|turn|13
|
|t:|1760760053
|move|p1a: Jirachi|Aura Sphere|p2a: Vaporeon
|-damage|p2a: Vaporeon|20/100
|move|p2a: Vaporeon|Ice Beam|p1a: Jirachi
|-resisted|p1a: Jirachi
|-damage|p1a: Jirachi|72/100
|
|-heal|p2a: Vaporeon|70/100|[from] move: Wish|[wisher] Vaporeon
|-heal|p1a: Jirachi|78/100|[from] item: Leftovers
|upkeep
|turn|14
|
|t:|1760760064
|move|p1a: Jirachi|Aura Sphere|p2a: Vaporeon
|-damage|p2a: Vaporeon|55/100
|move|p2a: Vaporeon|Wish|p2a: Vaporeon
|
|-heal|p1a: Jirachi|84/100|[from] item: Leftovers
|upkeep
|turn|15
|
|t:|1760760072
|move|p2a: Vaporeon|Protect|p2a: Vaporeon
|-singleturn|p2a: Vaporeon|Protect
|move|p1a: Jirachi|Aura Sphere|p2a: Vaporeon
|-activate|p2a: Vaporeon|move: Protect
|
|-heal|p2a: Vaporeon|100/100|[from] move: Wish|[wisher] Vaporeon
|-heal|p1a: Jirachi|90/100|[from] item: Leftovers
|upkeep
|turn|16
|
|t:|1760760082
|switch|p2a: Pecharunt|Pecharunt|100/100
|move|p1a: Jirachi|Aura Sphere|p2a: Pecharunt
|-immune|p2a: Pecharunt
|
|-heal|p1a: Jirachi|96/100|[from] item: Leftovers
|upkeep
|turn|17
|
|t:|1760760099
|switch|p2a: Hydreigon|Hydreigon, F|100/100
|move|p1a: Jirachi|Stored Power|p2a: Hydreigon
|-immune|p2a: Hydreigon
|
|-heal|p1a: Jirachi|100/100|[from] item: Leftovers
|upkeep
|turn|18
|
|t:|1760760108
|move|p2a: Hydreigon|Substitute|p2a: Hydreigon
|-start|p2a: Hydreigon|Substitute
|-damage|p2a: Hydreigon|76/100
|move|p1a: Jirachi|Aura Sphere|p2a: Hydreigon
|-supereffective|p2a: Hydreigon
|-end|p2a: Hydreigon|Substitute
|
|-heal|p2a: Hydreigon|82/100|[from] item: Leftovers
|upkeep
|turn|19
|
|t:|1760760121
|move|p2a: Hydreigon|Draco Meteor|p1a: Jirachi
|-resisted|p1a: Jirachi
|-damage|p1a: Jirachi|72/100
|-unboost|p2a: Hydreigon|spa|2
|move|p1a: Jirachi|Aura Sphere|p2a: Hydreigon
|-supereffective|p2a: Hydreigon
|-crit|p2a: Hydreigon
|-damage|p2a: Hydreigon|0 fnt
|faint|p2a: Hydreigon
|
|-heal|p1a: Jirachi|78/100|[from] item: Leftovers
|upkeep
|
|t:|1760760136
|switch|p2a: Heatran|Heatran, F|100/100
|-item|p2a: Heatran|Air Balloon
|turn|20
|
|t:|1760760141
|move|p2a: Heatran|Magma Storm|p1a: Jirachi
|-supereffective|p1a: Jirachi
|-damage|p1a: Jirachi|0 fnt
|faint|p1a: Jirachi
|
|upkeep
|
|t:|1760760142
|switch|p1a: Iron Boulder|Iron Boulder|100/100
|-enditem|p1a: Iron Boulder|Booster Energy
|-activate|p1a: Iron Boulder|ability: Quark Drive|[fromitem]
|-start|p1a: Iron Boulder|quarkdrivespe
|turn|21
|
|t:|1760760160
|switch|p2a: Vaporeon|Vaporeon, F|100/100
|move|p1a: Iron Boulder|Earthquake|p2a: Vaporeon
|-damage|p2a: Vaporeon|61/100
|
|upkeep
|turn|22
|
|t:|1760760168
|move|p1a: Iron Boulder|Mighty Cleave|p2a: Vaporeon
|-damage|p2a: Vaporeon|5/100
|move|p2a: Vaporeon|Wish|p2a: Vaporeon
|
|upkeep
|turn|23
|
|t:|1760760179
|move|p2a: Vaporeon|Protect|p2a: Vaporeon
|-singleturn|p2a: Vaporeon|Protect
|move|p1a: Iron Boulder|Mighty Cleave|p2a: Vaporeon
|-damage|p2a: Vaporeon|0 fnt
|faint|p2a: Vaporeon
|
|upkeep
|
|t:|1760760191
|switch|p2a: Scrafty|Scrafty, F|100/100
|turn|24
|
|t:|1760760194
|move|p1a: Iron Boulder|Close Combat|p2a: Scrafty
|-supereffective|p2a: Scrafty
|-damage|p2a: Scrafty|25/100
|-unboost|p1a: Iron Boulder|def|1
|-unboost|p1a: Iron Boulder|spd|1
|move|p2a: Scrafty|Bulk Up|p2a: Scrafty
|-boost|p2a: Scrafty|atk|1
|-boost|p2a: Scrafty|def|1
|
|-heal|p2a: Scrafty|31/100|[from] item: Leftovers
|upkeep
|turn|25
|
|t:|1760760207
|-terastallize|p2a: Scrafty|Poison
|move|p1a: Iron Boulder|Close Combat|p2a: Scrafty
|-resisted|p2a: Scrafty
|-damage|p2a: Scrafty|20/100
|-unboost|p1a: Iron Boulder|def|1
|-unboost|p1a: Iron Boulder|spd|1
|move|p2a: Scrafty|Rest|p2a: Scrafty
|-status|p2a: Scrafty|slp|[from] move: Rest
|-heal|p2a: Scrafty|100/100 slp|[silent]
|
|-activate|p2a: Scrafty|ability: Shed Skin
|-curestatus|p2a: Scrafty|slp|[msg]
|upkeep
|turn|26
|
|t:|1760760223
|move|p1a: Iron Boulder|Earthquake|p2a: Scrafty
|-supereffective|p2a: Scrafty
|-damage|p2a: Scrafty|63/100
|move|p2a: Scrafty|Crunch|p1a: Iron Boulder
|-supereffective|p1a: Iron Boulder
|-damage|p1a: Iron Boulder|0 fnt
|faint|p1a: Iron Boulder
|-end|p1a: Iron Boulder|Quark Drive|[silent]
|
|-heal|p2a: Scrafty|69/100|[from] item: Leftovers
|upkeep
|
|t:|1760760223
|switch|p1a: Iron Moth|Iron Moth|100/100
|-enditem|p1a: Iron Moth|Booster Energy
|-activate|p1a: Iron Moth|ability: Quark Drive|[fromitem]
|-start|p1a: Iron Moth|quarkdrivespe
|turn|27
|
|t:|1760760240
|switch|p2a: Tentacruel|Tentacruel, F|100/100
|move|p1a: Iron Moth|Fiery Dance|p2a: Tentacruel
|-resisted|p2a: Tentacruel
|-damage|p2a: Tentacruel|92/100
|-boost|p1a: Iron Moth|spa|1
|
|upkeep
|turn|28
|
|t:|1760760251
|move|p1a: Iron Moth|Sludge Wave|p2a: Tentacruel
|-resisted|p2a: Tentacruel
|-damage|p2a: Tentacruel|79/100
|move|p2a: Tentacruel|Knock Off|p1a: Iron Moth
|-damage|p1a: Iron Moth|86/100
|
|upkeep
|turn|29
|
|t:|1760760262
|move|p1a: Iron Moth|Sludge Wave|p2a: Tentacruel
|-resisted|p2a: Tentacruel
|-crit|p2a: Tentacruel
|-damage|p2a: Tentacruel|57/100
|move|p2a: Tentacruel|Flip Turn|p1a: Iron Moth
|-supereffective|p1a: Iron Moth
|-damage|p1a: Iron Moth|44/100
|
|t:|1760760274
|switch|p2a: Heatran|Heatran, F|100/100|[from] Flip Turn
|-item|p2a: Heatran|Air Balloon
|
|upkeep
|turn|30
|
|t:|1760760280
|move|p1a: Iron Moth|Fiery Dance|p2a: Heatran
|-start|p2a: Heatran|ability: Flash Fire
|move|p2a: Heatran|Earth Power|p1a: Iron Moth
|-supereffective|p1a: Iron Moth
|-damage|p1a: Iron Moth|0 fnt
|faint|p1a: Iron Moth
|-end|p1a: Iron Moth|Quark Drive|[silent]
|
|upkeep
|
|t:|1760760280
|switch|p1a: Quaquaval|Quaquaval, M|100/100
|turn|31
|
|t:|1760760293
|-end|p2a: Heatran|ability: Flash Fire|[silent]
|switch|p2a: Tentacruel|Tentacruel, F|57/100
|-terastallize|p1a: Quaquaval|Steel
|move|p1a: Quaquaval|Close Combat|p2a: Tentacruel
|-resisted|p2a: Tentacruel
|-damage|p2a: Tentacruel|16/100
|-unboost|p1a: Quaquaval|def|1
|-unboost|p1a: Quaquaval|spd|1
|
|upkeep
|turn|32
|
|t:|1760760303
|move|p1a: Quaquaval|Knock Off|p2a: Tentacruel
|-damage|p2a: Tentacruel|0 fnt
|-enditem|p2a: Tentacruel|Assault Vest|[from] move: Knock Off|[of] p1a: Quaquaval
|faint|p2a: Tentacruel
|-ability|p1a: Quaquaval|Moxie|boost
|-boost|p1a: Quaquaval|atk|1
|
|upkeep
|
|t:|1760760315
|switch|p2a: Heatran|Heatran, F|100/100
|-item|p2a: Heatran|Air Balloon
|turn|33
|
|t:|1760760320
|move|p1a: Quaquaval|Close Combat|p2a: Heatran
|-supereffective|p2a: Heatran
|-damage|p2a: Heatran|0 fnt
|-unboost|p1a: Quaquaval|def|1
|-unboost|p1a: Quaquaval|spd|1
|-enditem|p2a: Heatran|Air Balloon
|faint|p2a: Heatran
|-ability|p1a: Quaquaval|Moxie|boost
|-boost|p1a: Quaquaval|atk|1
|
|upkeep
|
|t:|1760760332
|switch|p2a: Scrafty|Scrafty, F, tera:Poison|69/100
|turn|34
|
|t:|1760760339
|move|p1a: Quaquaval|Aqua Step|p2a: Scrafty
|-damage|p2a: Scrafty|0 fnt
|-boost|p1a: Quaquaval|spe|1
|faint|p2a: Scrafty
|-ability|p1a: Quaquaval|Moxie|boost
|-boost|p1a: Quaquaval|atk|1
|
|upkeep
|-message|braisedporkyy forfeited.
|
|win|HZBKAI3
|raw|HZBKAI3's rating: 1051 &rarr; <strong>1086</strong><br />(+35 for winning)
|raw|braisedporkyy's rating: 1084 &rarr; <strong>1059</strong><br />(-25 for losing)
|l|☆HZBKAI3
|player|p1|
|l|☆braisedporkyy
|player|p2|
