|j|☆geeknaut
|j|☆Loki_CPA
|t:|1760849757
|gametype|singles
|player|p1|geeknaut|schoolkid-gen4|1264
|player|p2|Loki_CPA|thorton|1280
|gen|9
|tier|[Gen 9] OU
|rated|
|rule|HP Percentage Mod: HP is shown in percentages
|rule|Endless Battle Clause: Forcing endless battles is banned
|rule|Species Clause: Limit one of each Pokémon
|rule|OHKO Clause: OHKO moves are banned
|rule|Evasion Items Clause: Evasion items are banned
|rule|Evasion Moves Clause: Evasion moves are banned
|rule|Evasion Abilities Clause: Evasion abilities are banned
|rule|Sleep Moves Clause: Sleep-inducing moves are banned
|clearpoke
|poke|p1|Swampert, M|
|poke|p1|Corviknight, M|
|poke|p1|Jolteon, M|
|poke|p1|Gengar, M|
|poke|p1|Weavile, F|
|poke|p1|Dragonite, M|
|poke|p2|Landorus-Therian, M|
|poke|p2|Samurott-Hisui, M|
|poke|p2|Pecharunt|
|poke|p2|Scizor, F|
|poke|p2|Latios, M|
|poke|p2|Zamazenta-*|
|teampreview
|inactive|Battle timer is ON: inactive players will automatically lose when time's up. (requested by geeknaut)
|
|t:|1760849778
|teamsize|p1|6
|teamsize|p2|6
|start
|switch|p1a: Jolteon|Jolteon, M|100/100
|switch|p2a: Scizor|Scizor, F|100/100
|turn|1
|
|t:|1760849806
|switch|p1a: Swampert|Swampert, M|100/100
|switch|p2a: Landorus|Landorus-Therian, M|100/100
|-ability|p2a: Landorus|Intimidate|boost
|-unboost|p1a: Swampert|atk|1
|
|upkeep
|turn|2
|
|t:|1760849815
|move|p2a: Landorus|Stealth Rock|p1a: Swampert
|-sidestart|p1: geeknaut|move: Stealth Rock
|move|p1a: Swampert|Stealth Rock|p2a: Landorus
|-sidestart|p2: Loki_CPA|move: Stealth Rock
|
|upkeep
|turn|3
|inactive|geeknaut has 120 seconds left.
|
|t:|1760849836
|move|p2a: Landorus|U-turn|p1a: Swampert
|-damage|p1a: Swampert|82/100
|
|t:|1760849840
|switch|p2a: Scizor|Scizor, F|100/100|[from] U-turn
|move|p1a: Swampert|Flip Turn|p2a: Scizor
|-damage|p2a: Scizor|81/100
|inactive|geeknaut has 120 seconds left.
|
|t:|1760849864
|switch|p1a: Jolteon|Jolteon, M|100/100|[from] Flip Turn
|
|upkeep
|turn|4
|
|t:|1760849876
|move|p1a: Jolteon|Volt Switch|p2a: Scizor
|-damage|p2a: Scizor|37/100
|
|t:|1760849880
|switch|p1a: Swampert|Swampert, M|82/100|[from] Volt Switch
|-damage|p1a: Swampert|76/100|[from] Stealth Rock
|move|p2a: Scizor|Swords Dance|p2a: Scizor
|-boost|p2a: Scizor|atk|2
|
|-heal|p1a: Swampert|82/100|[from] item: Leftovers
|upkeep
|turn|5
|inactive|geeknaut has 120 seconds left.
|
|t:|1760849893
|move|p2a: Scizor|Knock Off|p1a: Swampert
|-damage|p1a: Swampert|21/100
|-enditem|p1a: Swampert|Leftovers|[from] move: Knock Off|[of] p2a: Scizor
|move|p1a: Swampert|Earthquake|p2a: Scizor
|-crit|p2a: Scizor
|-damage|p2a: Scizor|0 fnt
|faint|p2a: Scizor
|
|upkeep
|
|t:|1760849910
|switch|p2a: Latios|Latios, M|100/100
|-damage|p2a: Latios|88/100|[from] Stealth Rock
|turn|6
|inactive|geeknaut has 120 seconds left.
|
|t:|1760849932
|move|p2a: Latios|Calm Mind|p2a: Latios
|-boost|p2a: Latios|spa|1
|-boost|p2a: Latios|spd|1
|move|p1a: Swampert|Flip Turn|p2a: Latios
|-resisted|p2a: Latios
|-damage|p2a: Latios|65/100
|
|t:|1760849939
|switch|p1a: Gengar|Gengar, M|100/100|[from] Flip Turn
|-damage|p1a: Gengar|88/100|[from] Stealth Rock
|
|upkeep
|turn|7
|
|t:|1760849951
|move|p1a: Gengar|Encore|p2a: Latios
|-start|p2a: Latios|Encore
|move|p2a: Latios|Calm Mind|p2a: Latios
|-boost|p2a: Latios|spa|1
|-boost|p2a: Latios|spd|1
|
|upkeep
|turn|8
|inactive|geeknaut has 120 seconds left.
|
|t:|1760849976
|move|p1a: Gengar|Nasty Plot|p1a: Gengar
|-boost|p1a: Gengar|spa|2
|move|p2a: Latios|Calm Mind|p2a: Latios
|-boost|p2a: Latios|spa|1
|-boost|p2a: Latios|spd|1
|
|upkeep
|turn|9
|
|t:|1760849991
|move|p1a: Gengar|Encore||[still]
|-fail|p1a: Gengar
|move|p2a: Latios|Calm Mind|p2a: Latios
|-boost|p2a: Latios|spa|1
|-boost|p2a: Latios|spd|1
|
|-end|p2a: Latios|Encore
|upkeep
|turn|10
|
|t:|1760850002
|move|p1a: Gengar|Nasty Plot|p1a: Gengar
|-boost|p1a: Gengar|spa|2
|move|p2a: Latios|Psychic Noise|p1a: Gengar
|-supereffective|p1a: Gengar
|-damage|p1a: Gengar|0 fnt
|-start|p2a: Latios|Disable|Psychic Noise|[from] ability: Cursed Body|[of] p1a: Gengar
|faint|p1a: Gengar
|
|upkeep
|c|☆geeknaut|oops i suck lol
|inactive|geeknaut has 90 seconds left.
|
|t:|1760850028
|switch|p1a: Weavile|Weavile, F|100/100
|-damage|p1a: Weavile|76/100|[from] Stealth Rock
|-ability|p1a: Weavile|Pressure
|turn|11
|
|t:|1760850038
|-terastallize|p2a: Latios|Steel
|move|p1a: Weavile|Triple Axel|p2a: Latios
|-resisted|p2a: Latios
|-damage|p2a: Latios|58/100
|-resisted|p2a: Latios
|-damage|p2a: Latios|42/100
|-resisted|p2a: Latios
|-damage|p2a: Latios|20/100
|-hitcount|p2a: Latios|3
|move|p2a: Latios|Draco Meteor|p1a: Weavile
|-damage|p1a: Weavile|0 fnt
|-unboost|p2a: Latios|spa|2
|faint|p1a: Weavile
|
|upkeep
|
|t:|1760850046
|switch|p1a: Dragonite|Dragonite, M|100/100
|turn|12
|
|t:|1760850056
|move|p1a: Dragonite|Extreme Speed|p2a: Latios
|-resisted|p2a: Latios
|-damage|p2a: Latios|0 fnt
|faint|p2a: Latios
|
|upkeep
|
|t:|1760850077
|switch|p2a: Zamazenta|Zamazenta|100/100
|-damage|p2a: Zamazenta|94/100|[from] Stealth Rock
|-ability|p2a: Zamazenta|Dauntless Shield|boost
|-boost|p2a: Zamazenta|def|1
|turn|13
|
|t:|1760850090
|move|p2a: Zamazenta|Iron Defense|p2a: Zamazenta
|-boost|p2a: Zamazenta|def|2
|move|p1a: Dragonite|Dragon Dance|p1a: Dragonite
|-boost|p1a: Dragonite|atk|1
|-boost|p1a: Dragonite|spe|1
|
|-heal|p2a: Zamazenta|100/100|[from] item: Leftovers
|upkeep
|turn|14
|
|t:|1760850095
|move|p1a: Dragonite|Dragon Dance|p1a: Dragonite
|-boost|p1a: Dragonite|atk|1
|-boost|p1a: Dragonite|spe|1
|move|p2a: Zamazenta|Roar|p1a: Dragonite
|drag|p1a: Swampert|Swampert, M|21/100
|-damage|p1a: Swampert|15/100|[from] Stealth Rock
|
|upkeep
|turn|15
|
|t:|1760850111
|move|p2a: Zamazenta|Body Press|p1a: Swampert
|-damage|p1a: Swampert|0 fnt
|faint|p1a: Swampert
|
|upkeep
|c|☆geeknaut|im so mad i screwed up that encore
|inactive|geeknaut has 120 seconds left.
|
|t:|1760850124
|switch|p1a: Dragonite|Dragonite, M|100/100
|turn|16
|
|t:|1760850129
|move|p2a: Zamazenta|Body Press|p1a: Dragonite
|-resisted|p1a: Dragonite
|-damage|p1a: Dragonite|73/100
|move|p1a: Dragonite|Dragon Dance|p1a: Dragonite
|-boost|p1a: Dragonite|atk|1
|-boost|p1a: Dragonite|spe|1
|
|upkeep
|turn|17
|
|t:|1760850141
|move|p2a: Zamazenta|Body Press|p1a: Dragonite
|-resisted|p1a: Dragonite
|-damage|p1a: Dragonite|16/100
|move|p1a: Dragonite|Earthquake|p2a: Zamazenta
|-damage|p2a: Zamazenta|84/100
|
|-heal|p2a: Zamazenta|90/100|[from] item: Leftovers
|upkeep
|turn|18
|
|t:|1760850154
|move|p2a: Zamazenta|Body Press|p1a: Dragonite
|-resisted|p1a: Dragonite
|-damage|p1a: Dragonite|0 fnt
|faint|p1a: Dragonite
|
|-heal|p2a: Zamazenta|96/100|[from] item: Leftovers
|upkeep
|
|t:|1760850156
|switch|p1a: Jolteon|Jolteon, M|100/100
|turn|19
|
|t:|1760850171
|-terastallize|p1a: Jolteon|Fairy
|move|p1a: Jolteon|Calm Mind|p1a: Jolteon
|-boost|p1a: Jolteon|spa|1
|-boost|p1a: Jolteon|spd|1
|move|p2a: Zamazenta|Body Press|p1a: Jolteon
|-resisted|p1a: Jolteon
|-damage|p1a: Jolteon|13/100
|
|-heal|p2a: Zamazenta|100/100|[from] item: Leftovers
|upkeep
|turn|20
|
|t:|1760850182
|move|p1a: Jolteon|Alluring Voice|p2a: Zamazenta
|-supereffective|p2a: Zamazenta
|-damage|p2a: Zamazenta|4/100
|move|p2a: Zamazenta|Body Press|p1a: Jolteon
|-resisted|p1a: Jolteon
|-damage|p1a: Jolteon|0 fnt
|faint|p1a: Jolteon
|
|-heal|p2a: Zamazenta|10/100|[from] item: Leftovers
|upkeep
|
|t:|1760850185
|switch|p1a: Corviknight|Corviknight, M|100/100
|-damage|p1a: Corviknight|88/100|[from] Stealth Rock
|turn|21
|
|t:|1760850195
|move|p2a: Zamazenta|Body Press|p1a: Corviknight
|-damage|p1a: Corviknight|28/100
|-damage|p2a: Zamazenta|0 fnt|[from] item: Rocky Helmet|[of] p1a: Corviknight
|faint|p2a: Zamazenta
|move|p1a: Corviknight|U-turn|p2: Zamazenta|[notarget]
|-fail|p1a: Corviknight
|
|upkeep
|c|☆geeknaut|gs
|c|☆geeknaut|ggs
|-message|geeknaut forfeited.
|
|win|Loki_CPA
|raw|geeknaut's rating: 1264 &rarr; <strong>1240</strong><br />(-24 for losing)
|raw|Loki_CPA's rating: 1280 &rarr; <strong>1304</strong><br />(+24 for winning)
|l|☆geeknaut
|player|p1|
|l|☆Loki_CPA
|player|p2|
