|j|☆Brimbordur
|j|☆Killer07
|t:|1760832290
|gametype|singles
|player|p1|Brimbordur|depotagent|1448
|player|p2|Killer07|pokekid|1386
|gen|9
|tier|[Gen 9] OU
|rated|
|rule|HP Percentage Mod: HP is shown in percentages
|rule|Endless Battle Clause: Forcing endless battles is banned
|rule|Species Clause: Limit one of each Pokémon
|rule|OHKO Clause: OHKO moves are banned
|rule|Evasion Items Clause: Evasion items are banned
|rule|Evasion Moves Clause: Evasion moves are banned
|rule|Evasion Abilities Clause: Evasion abilities are banned
|rule|Sleep Moves Clause: Sleep-inducing moves are banned
|clearpoke
|poke|p1|Clefable, M|
|poke|p1|Moltres|
|poke|p1|Gliscor, M|
|poke|p1|Corviknight, M|
|poke|p1|Gholdengo|
|poke|p1|Gastrodon-East, F|
|poke|p2|Goodra-Hisui, M|
|poke|p2|Corviknight, F|
|poke|p2|Rillaboom, M|
|poke|p2|Grimmsnarl, M|
|poke|p2|Blaziken, F|
|poke|p2|Regidrago|
|teampreview
|
|t:|1760832305
|teamsize|p1|6
|teamsize|p2|6
|start
|switch|p1a: Gliscor|Gliscor, M|100/100
|switch|p2a: Regidrago|Regidrago|100/100
|turn|1
|
|t:|1760832311
|switch|p1a: Clefable|Clefable, M|100/100
|move|p2a: Regidrago|Dragon Energy|p1a: Clefable
|-immune|p1a: Clefable
|
|upkeep
|turn|2
|
|t:|1760832316
|switch|p2a: Goodra|Goodra-Hisui, M, shiny|100/100
|move|p1a: Clefable|Knock Off|p2a: Goodra
|-damage|p2a: Goodra|83/100
|-enditem|p2a: Goodra|Assault Vest|[from] move: Knock Off|[of] p1a: Clefable
|
|upkeep
|turn|3
|
|t:|1760832324
|switch|p1a: Gastrodon|Gastrodon-East, F|100/100
|move|p2a: Goodra|Flash Cannon|p1a: Gastrodon
|-resisted|p1a: Gastrodon
|-damage|p1a: Gastrodon|89/100
|
|upkeep
|turn|4
|
|t:|1760832330
|switch|p2a: Grimmsnarl|Grimmsnarl, M|100/100
|move|p1a: Gastrodon|Stealth Rock|p2a: Grimmsnarl
|-sidestart|p2: Killer07|move: Stealth Rock
|
|upkeep
|turn|5
|
|t:|1760832333
|move|p2a: Grimmsnarl|Reflect|p2a: Grimmsnarl
|-sidestart|p2: Killer07|Reflect
|move|p1a: Gastrodon|Sludge Bomb|p2a: Grimmsnarl
|-supereffective|p2a: Grimmsnarl
|-damage|p2a: Grimmsnarl|55/100
|
|upkeep
|turn|6
|
|t:|1760832338
|move|p2a: Grimmsnarl|Parting Shot|p1a: Gastrodon
|-unboost|p1a: Gastrodon|atk|1
|-unboost|p1a: Gastrodon|spa|1
|
|t:|1760832343
|switch|p2a: Corviknight|Corviknight, F|100/100|[from] Parting Shot
|-damage|p2a: Corviknight|88/100|[from] Stealth Rock
|-ability|p2a: Corviknight|Pressure
|move|p1a: Gastrodon|Sludge Bomb|p2a: Corviknight
|-immune|p2a: Corviknight
|
|upkeep
|turn|7
|
|t:|1760832347
|switch|p1a: Gliscor|Gliscor, M|100/100
|move|p2a: Corviknight|Defog|p1a: Gliscor
|-unboost|p1a: Gliscor|evasion|1
|-sideend|p2: Killer07|Stealth Rock|[from] move: Defog|[of] p2a: Corviknight
|
|-status|p1a: Gliscor|tox|[from] item: Toxic Orb
|upkeep
|turn|8
|
|t:|1760832350
|move|p1a: Gliscor|Spikes|p2a: Corviknight
|-sidestart|p2: Killer07|Spikes
|move|p2a: Corviknight|Brave Bird|p1a: Gliscor
|-damage|p1a: Gliscor|74/100 tox
|-damage|p2a: Corviknight|80/100|[from] Recoil
|
|-heal|p1a: Gliscor|87/100 tox|[from] ability: Poison Heal
|upkeep
|turn|9
|
|t:|1760832355
|move|p1a: Gliscor|Knock Off|p2a: Corviknight
|-damage|p2a: Corviknight|74/100
|-damage|p1a: Gliscor|70/100 tox|[from] item: Rocky Helmet|[of] p2a: Corviknight
|-enditem|p2a: Corviknight|Rocky Helmet|[from] move: Knock Off|[of] p1a: Gliscor
|move|p2a: Corviknight|Defog|p1a: Gliscor
|-unboost|p1a: Gliscor|evasion|1
|-sideend|p2: Killer07|Spikes|[from] move: Defog|[of] p2a: Corviknight
|
|-heal|p1a: Gliscor|83/100 tox|[from] ability: Poison Heal
|upkeep
|turn|10
|
|t:|1760832360
|switch|p1a: Moltres|Moltres|100/100
|move|p2a: Corviknight|U-turn|p1a: Moltres
|-resisted|p1a: Moltres
|-damage|p1a: Moltres|98/100
|
|t:|1760832392
|switch|p2a: Regidrago|Regidrago|100/100|[from] U-turn
|
|upkeep
|turn|11
|
|t:|1760832404
|switch|p1a: Corviknight|Corviknight, M|100/100
|-ability|p1a: Corviknight|Pressure
|move|p2a: Regidrago|Ancient Power|p1a: Corviknight
|-damage|p1a: Corviknight|84/100
|
|upkeep
|turn|12
|
|t:|1760832410
|switch|p2a: Corviknight|Corviknight, F|74/100
|-ability|p2a: Corviknight|Pressure
|move|p1a: Corviknight|U-turn|p2a: Corviknight
|-resisted|p2a: Corviknight
|-damage|p2a: Corviknight|73/100
|
|t:|1760832413
|switch|p1a: Moltres|Moltres|98/100|[from] U-turn
|
|-sideend|p2: Killer07|Reflect
|upkeep
|turn|13
|
|t:|1760832429
|move|p1a: Moltres|Flamethrower|p2a: Corviknight
|-supereffective|p2a: Corviknight
|-damage|p2a: Corviknight|0 fnt
|faint|p2a: Corviknight
|
|upkeep
|l|☆Killer07
|player|p2|
|inactive|Battle timer is ON: inactive players will automatically lose when time's up. (requested by Brimbordur)
|inactive|Killer07 has 30 seconds to reconnect!
|inactive|Killer07 has 20 seconds to reconnect!
|inactive|Killer07 has 15 seconds to reconnect!
|inactive|Killer07 has 10 seconds to reconnect!
|inactive|Killer07 has 5 seconds to reconnect!
|-message|Killer07 lost due to inactivity.
|
|win|Brimbordur
|raw|Brimbordur's rating: 1448 &rarr; <strong>1464</strong><br />(+16 for winning)
|raw|Killer07's rating: 1386 &rarr; <strong>1370</strong><br />(-16 for losing)
