|j|☆ineverhaxed
|j|☆ShyBlizz-
|t:|1760749355
|gametype|singles
|player|p1|ineverhaxed|265|1202
|player|p2|ShyBlizz-|tuber|1189
|gen|9
|tier|[Gen 9] OU
|rated|
|rule|HP Percentage Mod: HP is shown in percentages
|rule|Endless Battle Clause: Forcing endless battles is banned
|rule|Species Clause: Limit one of each Pokémon
|rule|OHKO Clause: OHKO moves are banned
|rule|Evasion Items Clause: Evasion items are banned
|rule|Evasion Moves Clause: Evasion moves are banned
|rule|Evasion Abilities Clause: Evasion abilities are banned
|rule|Sleep Moves Clause: Sleep-inducing moves are banned
|clearpoke
|poke|p1|Illumise, F|
|poke|p1|Cloyster, M|
|poke|p1|Blissey, F|
|poke|p1|Darkrai|
|poke|p1|Cinderace, M|
|poke|p1|Lokix, F|
|poke|p2|Breloom, M|
|poke|p2|Zapdos|
|poke|p2|Rillaboom, F|
|poke|p2|Okidogi, M|
|poke|p2|Toxapex, F|
|poke|p2|Conkeldurr, F|
|teampreview
|
|t:|1760749367
|teamsize|p1|6
|teamsize|p2|6
|start
|switch|p1a: Illumise|Illumise, F|100/100
|switch|p2a: Okidogi|Okidogi, M|100/100
|turn|1
|
|t:|1760749371
|move|p2a: Okidogi|Poison Fang|p1a: Illumise
|-damage|p1a: Illumise|78/100
|-status|p1a: Illumise|tox
|move|p1a: Illumise|Infestation|p2a: Okidogi
|-resisted|p2a: Okidogi
|-damage|p2a: Okidogi|99/100
|-activate|p2a: Okidogi|move: Infestation|[of] p1a: Illumise
|
|-heal|p1a: Illumise|84/100 tox|[from] item: Leftovers
|-damage|p1a: Illumise|78/100 tox|[from] psn
|-damage|p2a: Okidogi|88/100|[from] move: Infestation|[partiallytrapped]
|upkeep
|turn|2
|
|t:|1760749380
|move|p2a: Okidogi|Knock Off|p1a: Illumise
|-damage|p1a: Illumise|51/100 tox
|-enditem|p1a: Illumise|Leftovers|[from] move: Knock Off|[of] p2a: Okidogi
|move|p1a: Illumise|Mud-Slap|p2a: Okidogi
|-supereffective|p2a: Okidogi
|-damage|p2a: Okidogi|84/100
|-unboost|p2a: Okidogi|accuracy|1
|
|-damage|p1a: Illumise|38/100 tox|[from] psn
|-damage|p2a: Okidogi|71/100|[from] move: Infestation|[partiallytrapped]
|upkeep
|turn|3
|
|t:|1760749392
|move|p1a: Illumise|Encore|p2a: Okidogi
|-start|p2a: Okidogi|Encore
|move|p2a: Okidogi|Knock Off|p1a: Illumise
|-damage|p1a: Illumise|19/100 tox
|
|-damage|p1a: Illumise|1/100 tox|[from] psn
|-damage|p2a: Okidogi|59/100|[from] move: Infestation|[partiallytrapped]
|upkeep
|turn|4
|
|t:|1760749401
|move|p2a: Okidogi|Knock Off|p1a: Illumise|[miss]
|-miss|p2a: Okidogi|p1a: Illumise
|move|p1a: Illumise|Mud-Slap|p2a: Okidogi
|-supereffective|p2a: Okidogi
|-damage|p2a: Okidogi|55/100
|-unboost|p2a: Okidogi|accuracy|1
|
|-damage|p1a: Illumise|0 fnt|[from] psn
|faint|p1a: Illumise
|-end|p2a: Okidogi|Infestation|[partiallytrapped]|[silent]
|upkeep
|
|t:|1760749408
|switch|p1a: Cloyster|Cloyster, M|100/100
|turn|5
|
|t:|1760749414
|switch|p2a: Toxapex|Toxapex, F, shiny|100/100
|move|p1a: Cloyster|Shell Smash|p1a: Cloyster
|-unboost|p1a: Cloyster|def|1
|-unboost|p1a: Cloyster|spd|1
|-boost|p1a: Cloyster|atk|2
|-boost|p1a: Cloyster|spa|2
|-boost|p1a: Cloyster|spe|2
|
|upkeep
|turn|6
|
|t:|1760749420
|-terastallize|p1a: Cloyster|Ghost
|move|p1a: Cloyster|Tera Blast|p2a: Toxapex|[anim] Tera Blast Ghost
|-damage|p2a: Toxapex|53/100
|move|p2a: Toxapex|Icy Wind|p1a: Cloyster
|-damage|p1a: Cloyster|71/100
|-unboost|p1a: Cloyster|spe|1
|
|-heal|p2a: Toxapex|59/100|[from] item: Black Sludge
|upkeep
|turn|7
|
|t:|1760749428
|move|p1a: Cloyster|Shell Smash|p1a: Cloyster
|-unboost|p1a: Cloyster|def|1
|-unboost|p1a: Cloyster|spd|1
|-boost|p1a: Cloyster|atk|2
|-boost|p1a: Cloyster|spa|2
|-boost|p1a: Cloyster|spe|2
|move|p2a: Toxapex|Recover|p2a: Toxapex
|-heal|p2a: Toxapex|100/100
|
|upkeep
|turn|8
|
|t:|1760749432
|move|p1a: Cloyster|Tera Blast|p2a: Toxapex|[anim] Tera Blast Ghost
|-crit|p2a: Toxapex
|-damage|p2a: Toxapex|2/100
|move|p2a: Toxapex|Icy Wind|p1a: Cloyster
|-damage|p1a: Cloyster|32/100
|-unboost|p1a: Cloyster|spe|1
|
|-heal|p2a: Toxapex|8/100|[from] item: Black Sludge
|upkeep
|turn|9
|
|t:|1760749441
|move|p1a: Cloyster|Shell Smash|p1a: Cloyster
|-unboost|p1a: Cloyster|def|1
|-unboost|p1a: Cloyster|spd|1
|-boost|p1a: Cloyster|atk|2
|-boost|p1a: Cloyster|spa|2
|-boost|p1a: Cloyster|spe|2
|move|p2a: Toxapex|Icy Wind|p1a: Cloyster
|-damage|p1a: Cloyster|0 fnt
|faint|p1a: Cloyster
|
|-heal|p2a: Toxapex|14/100|[from] item: Black Sludge
|upkeep
|-message|ineverhaxed forfeited.
|
|win|ShyBlizz-
|raw|ineverhaxed's rating: 1202 &rarr; <strong>1176</strong><br />(-26 for losing)
|raw|ShyBlizz-'s rating: 1189 &rarr; <strong>1215</strong><br />(+26 for winning)
|l|☆ineverhaxed
|player|p1|
|l|☆ShyBlizz-
|player|p2|
