|j|☆darkcr7
|j|☆ractars
|t:|1760847210
|gametype|singles
|player|p1|darkcr7|alder|1188
|player|p2|ractars|gentleman|1147
|gen|9
|tier|[Gen 9] OU
|rated|
|rule|HP Percentage Mod: HP is shown in percentages
|rule|Endless Battle Clause: Forcing endless battles is banned
|rule|Species Clause: Limit one of each Pokémon
|rule|OHKO Clause: OHKO moves are banned
|rule|Evasion Items Clause: Evasion items are banned
|rule|Evasion Moves Clause: Evasion moves are banned
|rule|Evasion Abilities Clause: Evasion abilities are banned
|rule|Sleep Moves Clause: Sleep-inducing moves are banned
|clearpoke
|poke|p1|Samurott-Hisui, M|
|poke|p1|Heatran, M|
|poke|p1|Latios, M|
|poke|p1|Iron Valiant|
|poke|p1|Iron Treads|
|poke|p1|Dragapult, M|
|poke|p2|Volcanion|
|poke|p2|Garchomp, M|
|poke|p2|Zapdos|
|poke|p2|Metagross|
|poke|p2|Darkrai|
|poke|p2|Mimikyu, M|
|teampreview
|inactive|Battle timer is ON: inactive players will automatically lose when time's up. (requested by darkcr7)
|
|t:|1760847232
|teamsize|p1|6
|teamsize|p2|6
|start
|switch|p1a: Samurott|Samurott-Hisui, M, shiny|100/100
|switch|p2a: Metagross|Metagross|100/100
|turn|1
|
|t:|1760847242
|move|p1a: Samurott|Ceaseless Edge|p2a: Metagross
|-supereffective|p2a: Metagross
|-damage|p2a: Metagross|31/100
|-sidestart|p2: ractars|Spikes
|move|p2a: Metagross|Thunder Punch|p1a: Samurott
|-supereffective|p1a: Samurott
|-damage|p1a: Samurott|14/100
|
|upkeep
|turn|2
|
|t:|1760847252
|move|p2a: Metagross|Bullet Punch|p1a: Samurott
|-resisted|p1a: Samurott
|-damage|p1a: Samurott|0 fnt
|faint|p1a: Samurott
|
|upkeep
|
|t:|1760847262
|switch|p1a: Heatran|Heatran, M|100/100
|turn|3
|
|t:|1760847268
|switch|p2a: Volcanion|Volcanion|100/100
|move|p1a: Heatran|Stealth Rock|p2a: Volcanion
|-sidestart|p2: ractars|move: Stealth Rock
|
|upkeep
|turn|4
|
|t:|1760847279
|switch|p1a: Dragapult|Dragapult, M|100/100
|move|p2a: Volcanion|Steam Eruption|p1a: Dragapult
|-resisted|p1a: Dragapult
|-damage|p1a: Dragapult|61/100
|
|upkeep
|turn|5
|
|t:|1760847293
|switch|p2a: Mimikyu|Mimikyu, M|100/100
|-damage|p2a: Mimikyu|88/100|[from] Spikes
|-damage|p2a: Mimikyu|76/100|[from] Stealth Rock
|move|p1a: Dragapult|Dragon Darts|p2a: Mimikyu
|-immune|p2a: Mimikyu
|
|upkeep
|turn|6
|
|t:|1760847304
|switch|p1a: Heatran|Heatran, M|100/100
|move|p2a: Mimikyu|Swords Dance|p2a: Mimikyu
|-boost|p2a: Mimikyu|atk|2
|
|upkeep
|turn|7
|
|t:|1760847312
|move|p2a: Mimikyu|Swords Dance|p2a: Mimikyu
|-boost|p2a: Mimikyu|atk|2
|move|p1a: Heatran|Will-O-Wisp|p2a: Mimikyu
|-status|p2a: Mimikyu|brn
|
|-damage|p2a: Mimikyu|70/100 brn|[from] brn
|upkeep
|turn|8
|
|t:|1760847323
|move|p2a: Mimikyu|Swords Dance|p2a: Mimikyu
|-boost|p2a: Mimikyu|atk|2
|move|p1a: Heatran|Lava Plume|p2a: Mimikyu
|-activate|p2a: Mimikyu|ability: Disguise
|-damage|p2a: Mimikyu|70/100 brn
|detailschange|p2a: Mimikyu|Mimikyu-Busted, M
|-damage|p2a: Mimikyu|57/100 brn|[from] pokemon: Mimikyu-Busted
|-enditem|p2a: Mimikyu|Red Card|[of] p1a: Heatran
|drag|p1a: Iron Valiant|Iron Valiant, shiny|100/100
|
|-damage|p2a: Mimikyu|51/100 brn|[from] brn
|upkeep
|turn|9
|
|t:|1760847341
|-end|p1a: Iron Valiant|Quark Drive|[silent]
|switch|p1a: Heatran|Heatran, M|100/100
|move|p2a: Mimikyu|Drain Punch|p1a: Heatran
|-supereffective|p1a: Heatran
|-damage|p1a: Heatran|50/100
|-heal|p2a: Mimikyu|91/100 brn|[from] drain|[of] p1a: Heatran
|-damage|p2a: Mimikyu|74/100 brn|[from] item: Rocky Helmet|[of] p1a: Heatran
|
|-damage|p2a: Mimikyu|68/100 brn|[from] brn
|upkeep
|turn|10
|
|t:|1760847358
|switch|p1a: Dragapult|Dragapult, M|61/100
|move|p2a: Mimikyu|Play Rough|p1a: Dragapult
|-supereffective|p1a: Dragapult
|-damage|p1a: Dragapult|0 fnt
|faint|p1a: Dragapult
|
|-damage|p2a: Mimikyu|62/100 brn|[from] brn
|upkeep
|
|t:|1760847368
|switch|p1a: Iron Treads|Iron Treads|100/100
|turn|11
|
|t:|1760847372
|move|p2a: Mimikyu|Drain Punch|p1a: Iron Treads
|-supereffective|p1a: Iron Treads
|-damage|p1a: Iron Treads|38/100
|-heal|p2a: Mimikyu|100/100 brn|[from] drain|[of] p1a: Iron Treads
|move|p1a: Iron Treads|Iron Head|p2a: Mimikyu
|-supereffective|p2a: Mimikyu
|-damage|p2a: Mimikyu|5/100 brn
|
|-heal|p1a: Iron Treads|44/100|[from] item: Leftovers
|-damage|p2a: Mimikyu|0 fnt|[from] brn
|faint|p2a: Mimikyu
|upkeep
|
|t:|1760847389
|switch|p2a: Volcanion|Volcanion|100/100
|turn|12
|
|t:|1760847395
|-end|p1a: Iron Treads|Quark Drive|[silent]
|switch|p1a: Latios|Latios, M|100/100
|move|p2a: Volcanion|Steam Eruption|p1a: Latios
|-resisted|p1a: Latios
|-damage|p1a: Latios|66/100
|
|upkeep
|turn|13
|
|t:|1760847405
|move|p1a: Latios|Draco Meteor|p2a: Volcanion
|-damage|p2a: Volcanion|28/100
|-unboost|p1a: Latios|spa|2
|move|p2a: Volcanion|Sludge Wave|p1a: Latios
|-damage|p1a: Latios|25/100
|
|upkeep
|turn|14
|
|t:|1760847429
|switch|p2a: Zapdos|Zapdos|100/100
|-ability|p2a: Zapdos|Pressure
|move|p1a: Latios|Draco Meteor|p2a: Zapdos
|-damage|p2a: Zapdos|53/100
|-unboost|p1a: Latios|spa|2
|
|upkeep
|turn|15
|
|t:|1760847441
|switch|p1a: Iron Valiant|Iron Valiant, shiny|100/100
|move|p2a: Zapdos|Hurricane|p1a: Iron Valiant
|-supereffective|p1a: Iron Valiant
|-damage|p1a: Iron Valiant|0 fnt
|faint|p1a: Iron Valiant
|-end|p1a: Iron Valiant|Quark Drive|[silent]
|
|upkeep
|
|t:|1760847449
|switch|p1a: Latios|Latios, M|25/100
|turn|16
|
|t:|1760847454
|move|p1a: Latios|Draco Meteor|p2a: Zapdos
|-damage|p2a: Zapdos|0 fnt
|-unboost|p1a: Latios|spa|2
|faint|p2a: Zapdos
|
|upkeep
|
|t:|1760847462
|switch|p2a: Darkrai|Darkrai|100/100
|-damage|p2a: Darkrai|88/100|[from] Spikes
|-damage|p2a: Darkrai|76/100|[from] Stealth Rock
|turn|17
|
|t:|1760847471
|switch|p1a: Iron Treads|Iron Treads|44/100
|move|p2a: Darkrai|Focus Blast|p1a: Iron Treads
|-supereffective|p1a: Iron Treads
|-damage|p1a: Iron Treads|0 fnt
|faint|p1a: Iron Treads
|-end|p1a: Iron Treads|Quark Drive|[silent]
|
|upkeep
|
|t:|1760847479
|switch|p1a: Latios|Latios, M|25/100
|turn|18
|
|t:|1760847492
|switch|p2a: Volcanion|Volcanion|28/100
|move|p1a: Latios|Aura Sphere|p2a: Volcanion
|-damage|p2a: Volcanion|0 fnt
|faint|p2a: Volcanion
|
|upkeep
|
|t:|1760847502
|switch|p2a: Garchomp|Garchomp, M|100/100
|-damage|p2a: Garchomp|88/100|[from] Spikes
|-damage|p2a: Garchomp|82/100|[from] Stealth Rock
|turn|19
|
|t:|1760847512
|switch|p1a: Heatran|Heatran, M|50/100
|move|p2a: Garchomp|Earthquake|p1a: Heatran
|-supereffective|p1a: Heatran
|-damage|p1a: Heatran|0 fnt
|faint|p1a: Heatran
|
|upkeep
|
|t:|1760847520
|switch|p1a: Latios|Latios, M|25/100
|turn|20
|
|t:|1760847524
|-terastallize|p1a: Latios|Steel
|-terastallize|p2a: Garchomp|Fairy
|move|p1a: Latios|Draco Meteor|p2a: Garchomp
|-immune|p2a: Garchomp
|move|p2a: Garchomp|Scale Shot|p1a: Latios|[miss]
|-miss|p2a: Garchomp|p1a: Latios
|
|upkeep
|turn|21
|-message|darkcr7 forfeited.
|
|win|ractars
|raw|darkcr7's rating: 1188 &rarr; <strong>1160</strong><br />(-28 for losing)
|raw|ractars's rating: 1147 &rarr; <strong>1175</strong><br />(+28 for winning)
|l|☆darkcr7
|player|p1|
|l|☆ractars
|player|p2|
