|j|☆steezy1
|j|☆Danslerr
|t:|1760867589
|gametype|singles
|player|p1|steezy1|1|1272
|player|p2|Danslerr|cynthia|1224
|gen|9
|tier|[Gen 9] OU
|rated|
|rule|HP Percentage Mod: HP is shown in percentages
|rule|Endless Battle Clause: Forcing endless battles is banned
|rule|Species Clause: Limit one of each Pokémon
|rule|OHKO Clause: OHKO moves are banned
|rule|Evasion Items Clause: Evasion items are banned
|rule|Evasion Moves Clause: Evasion moves are banned
|rule|Evasion Abilities Clause: Evasion abilities are banned
|rule|Sleep Moves Clause: Sleep-inducing moves are banned
|clearpoke
|poke|p1|Quaquaval, F|
|poke|p1|Rotom-Mow|
|poke|p1|Excadrill, M|
|poke|p1|Darkrai|
|poke|p1|Kyurem|
|poke|p1|Gholdengo|
|poke|p2|Samurott-Hisui, F|
|poke|p2|Ogerpon-Cornerstone, F|
|poke|p2|Darkrai|
|poke|p2|Gholdengo|
|poke|p2|Raging Bolt|
|poke|p2|Great Tusk|
|teampreview
|
|t:|1760867595
|teamsize|p1|6
|teamsize|p2|6
|start
|switch|p1a: Rotom|Rotom-Mow|100/100
|switch|p2a: Hamurott|Samurott-Hisui, F|100/100
|turn|1
|
|t:|1760867612
|move|p1a: Rotom|Leaf Storm|p2a: Hamurott
|-supereffective|p2a: Hamurott
|-enditem|p2a: Hamurott|Focus Sash
|-damage|p2a: Hamurott|1/100
|-unboost|p1a: Rotom|spa|2
|move|p2a: Hamurott|Ceaseless Edge|p1a: Rotom|[miss]
|-miss|p2a: Hamurott|p1a: Rotom
|
|upkeep
|turn|2
|
|t:|1760867620
|move|p2a: Hamurott|Sucker Punch|p1a: Rotom
|-damage|p1a: Rotom|53/100
|move|p1a: Rotom|Leaf Storm|p2a: Hamurott
|-supereffective|p2a: Hamurott
|-damage|p2a: Hamurott|0 fnt
|-unboost|p1a: Rotom|spa|2
|faint|p2a: Hamurott
|
|upkeep
|
|t:|1760867639
|switch|p2a: Mr. Sandman|Darkrai|100/100
|turn|3
|
|t:|1760867644
|switch|p1a: Quaquaval|Quaquaval, F|100/100
|move|p2a: Mr. Sandman|Nasty Plot|p2a: Mr. Sandman
|-boost|p2a: Mr. Sandman|spa|2
|
|upkeep
|turn|4
|
|t:|1760867655
|move|p2a: Mr. Sandman|Will-O-Wisp|p1a: Quaquaval
|-status|p1a: Quaquaval|brn
|move|p1a: Quaquaval|Aqua Step|p2a: Mr. Sandman
|-damage|p2a: Mr. Sandman|79/100
|-boost|p1a: Quaquaval|spe|1
|
|-damage|p1a: Quaquaval|94/100 brn|[from] brn
|upkeep
|turn|5
|
|t:|1760867665
|-terastallize|p2a: Mr. Sandman|Poison
|move|p2a: Mr. Sandman|Sludge Bomb|p1a: Quaquaval
|-damage|p1a: Quaquaval|0 fnt
|faint|p1a: Quaquaval
|
|upkeep
|
|t:|1760867674
|switch|p1a: Rotom|Rotom-Mow|53/100
|turn|6
|
|t:|1760867678
|move|p1a: Rotom|Trick|p2a: Mr. Sandman
|-activate|p1a: Rotom|move: Trick|[of] p2a: Mr. Sandman
|-item|p2a: Mr. Sandman|Choice Scarf|[from] move: Trick
|-item|p1a: Rotom|Heavy-Duty Boots|[from] move: Trick
|move|p2a: Mr. Sandman|Dark Pulse|p1a: Rotom
|-damage|p1a: Rotom|0 fnt
|faint|p1a: Rotom
|
|upkeep
|inactive|Battle timer is ON: inactive players will automatically lose when time's up. (requested by Danslerr)
|
|t:|1760867686
|switch|p1a: Darkrai|Darkrai|100/100
|turn|7
|
|t:|1760867691
|move|p2a: Mr. Sandman|Dark Pulse|p1a: Darkrai
|-resisted|p1a: Darkrai
|-damage|p1a: Darkrai|42/100
|move|p1a: Darkrai|Dark Pulse|p2a: Mr. Sandman
|-damage|p2a: Mr. Sandman|0 fnt
|faint|p2a: Mr. Sandman
|
|upkeep
|
|t:|1760867700
|switch|p2a: Big Snout|Great Tusk|100/100
|-enditem|p2a: Big Snout|Booster Energy
|-activate|p2a: Big Snout|ability: Protosynthesis|[fromitem]
|-start|p2a: Big Snout|protosynthesisspe
|turn|8
|
|t:|1760867707
|switch|p1a: Gholdengo|Gholdengo|100/100
|-item|p1a: Gholdengo|Air Balloon
|move|p2a: Big Snout|Headlong Rush|p1a: Gholdengo
|-immune|p1a: Gholdengo
|
|upkeep
|turn|9
|
|t:|1760867716
|move|p2a: Big Snout|Ice Spinner|p1a: Gholdengo
|-resisted|p1a: Gholdengo
|-damage|p1a: Gholdengo|89/100
|-enditem|p1a: Gholdengo|Air Balloon
|move|p1a: Gholdengo|Shadow Ball|p2a: Big Snout
|-damage|p2a: Big Snout|42/100
|
|upkeep
|turn|10
|inactive|steezy1 has 120 seconds left.
|inactive|steezy1 has 90 seconds left.
|
|t:|1760867778
|-terastallize|p1a: Gholdengo|Flying
|move|p2a: Big Snout|Headlong Rush|p1a: Gholdengo
|-immune|p1a: Gholdengo
|move|p1a: Gholdengo|Shadow Ball|p2a: Big Snout
|-damage|p2a: Big Snout|0 fnt
|faint|p2a: Big Snout
|-end|p2a: Big Snout|Protosynthesis|[silent]
|
|upkeep
|
|t:|1760867797
|switch|p2a: Dommy Mommy|Ogerpon-Cornerstone, F|100/100
|turn|11
|
|t:|1760867805
|move|p2a: Dommy Mommy|Ivy Cudgel|p1a: Gholdengo|[anim] Ivy Cudgel Rock
|-supereffective|p1a: Gholdengo
|-crit|p1a: Gholdengo
|-damage|p1a: Gholdengo|0 fnt
|faint|p1a: Gholdengo
|
|upkeep
|inactive|steezy1 has 90 seconds left.
|
|t:|1760867828
|switch|p1a: Darkrai|Darkrai|42/100
|turn|12
|
|t:|1760867834
|move|p1a: Darkrai|Ice Beam|p2a: Dommy Mommy
|-supereffective|p2a: Dommy Mommy
|-ability|p2a: Dommy Mommy|Sturdy
|-damage|p2a: Dommy Mommy|1/100
|-status|p2a: Dommy Mommy|frz
|cant|p2a: Dommy Mommy|frz
|
|upkeep
|turn|13
|
|t:|1760867846
|switch|p1a: Excadrill|Excadrill, M|100/100
|-ability|p1a: Excadrill|Mold Breaker
|cant|p2a: Dommy Mommy|frz
|
|upkeep
|turn|14
|
|t:|1760867852
|-curestatus|p2a: Dommy Mommy|frz|[msg]
|move|p2a: Dommy Mommy|Low Kick|p1a: Excadrill
|-supereffective|p1a: Excadrill
|-damage|p1a: Excadrill|28/100
|move|p1a: Excadrill|Rapid Spin|p2a: Dommy Mommy
|-resisted|p2a: Dommy Mommy
|-damage|p2a: Dommy Mommy|0 fnt
|-boost|p1a: Excadrill|spe|1
|faint|p2a: Dommy Mommy
|
|upkeep
|
|t:|1760867860
|switch|p2a: Mr. Cheese|Gholdengo|100/100
|turn|15
|
|t:|1760867867
|move|p1a: Excadrill|Earthquake|p2a: Mr. Cheese
|-supereffective|p2a: Mr. Cheese
|-damage|p2a: Mr. Cheese|0 fnt
|faint|p2a: Mr. Cheese
|
|upkeep
|-message|Danslerr forfeited.
|
|win|steezy1
|raw|steezy1's rating: 1272 &rarr; <strong>1294</strong><br />(+22 for winning)
|raw|Danslerr's rating: 1224 &rarr; <strong>1202</strong><br />(-22 for losing)
|l|☆Danslerr
|player|p2|
|l|☆steezy1
|player|p1|
