|j|☆undertalethemovie
|j|☆chon123
|t:|1760856861
|gametype|singles
|player|p1|undertalethemovie|n|1120
|player|p2|chon123|wallace|1186
|gen|9
|tier|[Gen 9] OU
|rated|
|rule|HP Percentage Mod: HP is shown in percentages
|rule|Endless Battle Clause: Forcing endless battles is banned
|rule|Species Clause: Limit one of each Pokémon
|rule|OHKO Clause: OHKO moves are banned
|rule|Evasion Items Clause: Evasion items are banned
|rule|Evasion Moves Clause: Evasion moves are banned
|rule|Evasion Abilities Clause: Evasion abilities are banned
|rule|Sleep Moves Clause: Sleep-inducing moves are banned
|clearpoke
|poke|p1|Clodsire, F|
|poke|p1|Ogerpon-Wellspring, F|
|poke|p1|Zoroark-Hisui, F|
|poke|p1|Zamazenta-*|
|poke|p1|Cinderace, F|
|poke|p1|Deoxys-Speed|
|poke|p2|Pelipper, F|
|poke|p2|Rillaboom, M|
|poke|p2|Kingambit, F|
|poke|p2|Floatzel, F|
|poke|p2|Ludicolo, F|
|poke|p2|Gastrodon, F|
|teampreview
|inactive|Battle timer is ON: inactive players will automatically lose when time's up. (requested by undertalethemovie)
|
|t:|1760856869
|teamsize|p1|6
|teamsize|p2|6
|start
|switch|p1a: Pokemon Shield|Zamazenta|100/100
|switch|p2a: Pelipper|Pelipper, F|100/100
|-ability|p1a: Pokemon Shield|Dauntless Shield|boost
|-boost|p1a: Pokemon Shield|def|1
|-weather|RainDance|[from] ability: Drizzle|[of] p2a: Pelipper
|turn|1
|
|t:|1760856877
|move|p1a: Pokemon Shield|Wild Charge|p2a: Pelipper
|-supereffective|p2a: Pelipper
|-damage|p2a: Pelipper|0 fnt
|faint|p2a: Pelipper
|-damage|p1a: Pokemon Shield|76/100|[from] Recoil
|
|-weather|RainDance|[upkeep]
|upkeep
|
|t:|1760856886
|switch|p2a: Ludicolo|Ludicolo, F|100/100
|turn|2
|inactive|undertalethemovie has 120 seconds left.
|
|t:|1760856925
|switch|p1a: The Writer|Ogerpon-Wellspring, F|100/100
|move|p2a: Ludicolo|Weather Ball|p1a: The Writer
|-immune|p1a: The Writer|[from] ability: Water Absorb
|
|-weather|RainDance|[upkeep]
|upkeep
|turn|3
|
|t:|1760856934
|move|p2a: Ludicolo|Giga Drain|p1a: The Writer
|-damage|p1a: The Writer|64/100
|move|p1a: The Writer|U-turn|p2a: Ludicolo
|-supereffective|p2a: Ludicolo
|-damage|p2a: Ludicolo|18/100
|
|t:|1760856937
|switch|p1a: Mumbo|Clodsire, F|100/100|[from] U-turn
|-item|p1a: Mumbo|Air Balloon
|
|-weather|RainDance|[upkeep]
|upkeep
|turn|4
|
|t:|1760856945
|move|p1a: Mumbo|Shadow Sneak|p2a: Ludicolo
|-damage|p2a: Ludicolo|0 fnt
|faint|p2a: Ludicolo
|
|-weather|RainDance|[upkeep]
|upkeep
|
|t:|1760856949
|switch|p2a: Floatzel|Floatzel, F|100/100
|turn|5
|
|t:|1760856952
|move|p1a: Mumbo|Detect|p1a: Mumbo
|-singleturn|p1a: Mumbo|Protect
|move|p2a: Floatzel|Wave Crash|p1a: Mumbo
|-activate|p1a: Mumbo|move: Protect
|
|-weather|RainDance|[upkeep]
|upkeep
|turn|6
|
|t:|1760856958
|switch|p1a: The Writer|Ogerpon-Wellspring, F|64/100
|move|p2a: Floatzel|Wave Crash|p1a: The Writer
|-heal|p1a: The Writer|89/100|[from] ability: Water Absorb|[of] p2a: Floatzel
|
|-weather|RainDance|[upkeep]
|upkeep
|turn|7
|
|t:|1760856970
|switch|p2a: Gastrodon|Gastrodon, F|100/100
|move|p1a: The Writer|U-turn|p2a: Gastrodon
|-damage|p2a: Gastrodon|79/100
|inactive|undertalethemovie has 120 seconds left.
|
|t:|1760857004
|switch|p1a: Minami Torishima|Deoxys-Speed|100/100|[from] U-turn
|-ability|p1a: Minami Torishima|Pressure
|
|-weather|RainDance|[upkeep]
|-heal|p2a: Gastrodon|85/100|[from] item: Leftovers
|upkeep
|turn|8
|c|☆chon123|ay pa no me pises
|
|t:|1760857019
|move|p1a: Minami Torishima|Psycho Boost|p2a: Gastrodon
|-damage|p2a: Gastrodon|3/100
|-unboost|p1a: Minami Torishima|spa|2
|move|p2a: Gastrodon|Earth Power|p1a: Minami Torishima
|-damage|p1a: Minami Torishima|57/100
|
|-weather|none
|-heal|p2a: Gastrodon|9/100|[from] item: Leftovers
|upkeep
|turn|9
|
|t:|1760857031
|switch|p1a: Mumbo|Clodsire, F|100/100
|-item|p1a: Mumbo|Air Balloon
|switch|p2a: Floatzel|Floatzel, F|100/100
|
|upkeep
|turn|10
|
|t:|1760857042
|move|p1a: Mumbo|Will-O-Wisp|p2a: Floatzel
|-status|p2a: Floatzel|brn
|move|p2a: Floatzel|Wave Crash|p1a: Mumbo
|-damage|p1a: Mumbo|14/100
|replace|p1a: Count St. Germain|Zoroark-Hisui, F, shiny
|-end|p1a: Count St. Germain|Illusion
|-enditem|p1a: Count St. Germain|Air Balloon
|-damage|p2a: Floatzel|81/100 brn|[from] Recoil
|
|-damage|p2a: Floatzel|75/100 brn|[from] brn
|upkeep
|turn|11
|
|t:|1760857052
|move|p1a: Count St. Germain|Detect|p1a: Count St. Germain
|-singleturn|p1a: Count St. Germain|Protect
|move|p2a: Floatzel|Wave Crash|p1a: Count St. Germain
|-activate|p1a: Count St. Germain|move: Protect
|
|-damage|p2a: Floatzel|69/100 brn|[from] brn
|upkeep
|turn|12
|
|t:|1760857064
|switch|p2a: Gastrodon|Gastrodon, F|9/100
|move|p1a: Count St. Germain|Hex|p2a: Gastrodon
|-damage|p2a: Gastrodon|0 fnt
|faint|p2a: Gastrodon
|
|upkeep
|
|t:|1760857073
|switch|p2a: Floatzel|Floatzel, F|69/100 brn
|turn|13
|
|t:|1760857076
|switch|p2a: Rillaboom|Rillaboom, M|100/100
|-fieldstart|move: Grassy Terrain|[from] ability: Grassy Surge|[of] p2a: Rillaboom
|move|p1a: Count St. Germain|Hex|p2a: Rillaboom
|-damage|p2a: Rillaboom|57/100
|
|-heal|p1a: Count St. Germain|20/100|[from] Grassy Terrain
|-heal|p2a: Rillaboom|63/100|[from] Grassy Terrain
|upkeep
|turn|14
|
|t:|1760857085
|move|p1a: Count St. Germain|Detect|p1a: Count St. Germain
|-singleturn|p1a: Count St. Germain|Protect
|move|p2a: Rillaboom|Grassy Glide|p1a: Count St. Germain
|-activate|p1a: Count St. Germain|move: Protect
|
|-heal|p1a: Count St. Germain|25/100|[from] Grassy Terrain
|-heal|p2a: Rillaboom|69/100|[from] Grassy Terrain
|upkeep
|turn|15
|
|t:|1760857093
|switch|p1a: Pokemon Shield|Zamazenta|76/100
|move|p2a: Rillaboom|Grassy Glide|p1a: Pokemon Shield
|-damage|p1a: Pokemon Shield|33/100
|-damage|p2a: Rillaboom|59/100|[from] item: Life Orb
|
|-heal|p1a: Pokemon Shield|39/100|[from] Grassy Terrain
|-heal|p2a: Rillaboom|66/100|[from] Grassy Terrain
|upkeep
|turn|16
|
|t:|1760857102
|-terastallize|p1a: Pokemon Shield|Steel
|move|p2a: Rillaboom|Grassy Glide|p1a: Pokemon Shield
|-resisted|p1a: Pokemon Shield
|-damage|p1a: Pokemon Shield|18/100
|-damage|p2a: Rillaboom|56/100|[from] item: Life Orb
|move|p1a: Pokemon Shield|Close Combat|p2a: Rillaboom
|-damage|p2a: Rillaboom|0 fnt
|-unboost|p1a: Pokemon Shield|def|1
|-unboost|p1a: Pokemon Shield|spd|1
|faint|p2a: Rillaboom
|
|-heal|p1a: Pokemon Shield|24/100|[from] Grassy Terrain
|upkeep
|
|t:|1760857114
|switch|p2a: Floatzel|Floatzel, F|69/100 brn
|turn|17
|
|t:|1760857117
|move|p2a: Floatzel|Aqua Jet|p1a: Pokemon Shield
|-damage|p1a: Pokemon Shield|4/100
|move|p1a: Pokemon Shield|Wild Charge|p2a: Floatzel
|-supereffective|p2a: Floatzel
|-damage|p2a: Floatzel|0 fnt
|faint|p2a: Floatzel
|-damage|p1a: Pokemon Shield|0 fnt|[from] Recoil
|faint|p1a: Pokemon Shield
|
|-fieldend|move: Grassy Terrain
|upkeep
|inactive|chon123 has 120 seconds left.
|
|t:|1760857151
|switch|p1a: Mumbo|Clodsire, F|25/100
|switch|p2a: Kingambit|Kingambit, F|100/100
|-activate|p2a: Kingambit|ability: Supreme Overlord
|-start|p2a: Kingambit|fallen5|[silent]
|turn|18
|
|t:|1760857157
|move|p1a: Mumbo|Will-O-Wisp|p2a: Kingambit
|-status|p2a: Kingambit|brn
|move|p2a: Kingambit|Swords Dance|p2a: Kingambit
|-boost|p2a: Kingambit|atk|2
|
|-damage|p2a: Kingambit|94/100 brn|[from] brn
|upkeep
|turn|19
|
|t:|1760857165
|switch|p1a: Mumbo|Clodsire, F|100/100
|-item|p1a: Mumbo|Air Balloon
|move|p2a: Kingambit|Swords Dance|p2a: Kingambit
|-boost|p2a: Kingambit|atk|2
|
|-heal|p2a: Kingambit|100/100 brn|[from] item: Leftovers
|-damage|p2a: Kingambit|94/100 brn|[from] brn
|upkeep
|turn|20
|
|t:|1760857174
|move|p2a: Kingambit|Swords Dance|p2a: Kingambit
|-boost|p2a: Kingambit|atk|2
|move|p1a: Mumbo|Earthquake|p2a: Kingambit
|-supereffective|p2a: Kingambit
|-damage|p2a: Kingambit|55/100 brn
|
|-heal|p2a: Kingambit|61/100 brn|[from] item: Leftovers
|-damage|p2a: Kingambit|55/100 brn|[from] brn
|upkeep
|turn|21
|
|t:|1760857185
|-terastallize|p2a: Kingambit|Fairy
|move|p2a: Kingambit|Iron Head|p1a: Mumbo
|-damage|p1a: Mumbo|62/100
|-enditem|p1a: Mumbo|Air Balloon
|move|p1a: Mumbo|Earthquake|p2a: Kingambit
|-damage|p2a: Kingambit|35/100 brn
|
|-heal|p2a: Kingambit|41/100 brn|[from] item: Leftovers
|-damage|p2a: Kingambit|35/100 brn|[from] brn
|upkeep
|turn|22
|
|t:|1760857195
|move|p2a: Kingambit|Iron Head|p1a: Mumbo
|-damage|p1a: Mumbo|21/100
|cant|p1a: Mumbo|flinch
|
|-heal|p2a: Kingambit|41/100 brn|[from] item: Leftovers
|-damage|p2a: Kingambit|35/100 brn|[from] brn
|upkeep
|turn|23
|
|t:|1760857214
|move|p2a: Kingambit|Iron Head|p1a: Mumbo
|-damage|p1a: Mumbo|0 fnt
|faint|p1a: Mumbo
|
|-heal|p2a: Kingambit|41/100 brn|[from] item: Leftovers
|-damage|p2a: Kingambit|35/100 brn|[from] brn
|upkeep
|
|t:|1760857215
|switch|p1a: Minami Torishima|Deoxys-Speed|25/100
|turn|24
|
|t:|1760857233
|move|p1a: Minami Torishima|Shadow Sneak|p2a: Kingambit
|-damage|p2a: Kingambit|25/100 brn
|move|p2a: Kingambit|Sucker Punch||[still]
|-fail|p2a: Kingambit
|
|-heal|p2a: Kingambit|31/100 brn|[from] item: Leftovers
|-damage|p2a: Kingambit|25/100 brn|[from] brn
|upkeep
|turn|25
|
|t:|1760857241
|move|p1a: Minami Torishima|Shadow Sneak|p2a: Kingambit
|-crit|p2a: Kingambit
|-damage|p2a: Kingambit|12/100 brn
|move|p2a: Kingambit|Sucker Punch||[still]
|-fail|p2a: Kingambit
|
|-heal|p2a: Kingambit|18/100 brn|[from] item: Leftovers
|-damage|p2a: Kingambit|12/100 brn|[from] brn
|upkeep
|turn|26
|
|t:|1760857249
|move|p1a: Minami Torishima|Shadow Sneak|p2a: Kingambit
|-damage|p2a: Kingambit|3/100 brn
|move|p2a: Kingambit|Kowtow Cleave|p1a: Minami Torishima
|-supereffective|p1a: Minami Torishima
|-damage|p1a: Minami Torishima|0 fnt
|replace|p1a: Count St. Germain|Zoroark-Hisui, F, shiny
|-end|p1a: Count St. Germain|Illusion
|faint|p1a: Count St. Germain
|
|-heal|p2a: Kingambit|9/100 brn|[from] item: Leftovers
|-damage|p2a: Kingambit|3/100 brn|[from] brn
|upkeep
|
|t:|1760857262
|switch|p1a: The Writer|Ogerpon-Wellspring, F|89/100
|turn|27
|
|t:|1760857269
|move|p2a: Kingambit|Sucker Punch|p1a: The Writer
|-damage|p1a: The Writer|0 fnt
|faint|p1a: The Writer
|
|-heal|p2a: Kingambit|9/100 brn|[from] item: Leftovers
|-damage|p2a: Kingambit|3/100 brn|[from] brn
|upkeep
|
|t:|1760857272
|switch|p1a: Ingerland|Cinderace, F|100/100
|turn|28
|
|t:|1760857278
|switch|p1a: Minami Torishima|Deoxys-Speed|57/100
|-ability|p1a: Minami Torishima|Pressure
|move|p2a: Kingambit|Sucker Punch||[still]
|-fail|p2a: Kingambit
|
|-heal|p2a: Kingambit|9/100 brn|[from] item: Leftovers
|-damage|p2a: Kingambit|3/100 brn|[from] brn
|upkeep
|turn|29
|
|t:|1760857287
|move|p1a: Minami Torishima|Ice Beam|p2a: Kingambit
|-damage|p2a: Kingambit|0 fnt
|faint|p2a: Kingambit
|-end|p2a: Kingambit|fallen5|[silent]
|
|win|undertalethemovie
|raw|undertalethemovie's rating: 1120 &rarr; <strong>1150</strong><br />(+30 for winning)
|raw|chon123's rating: 1186 &rarr; <strong>1156</strong><br />(-30 for losing)
|c|☆chon123|gg
|l|☆undertalethemovie
|player|p1|
|l|☆chon123
|player|p2|
