|j|☆exroen
|j|☆Frowzysx
|t:|1760838645
|gametype|singles
|player|p1|exroen|101|1176
|player|p2|Frowzysx|palmer|1146
|gen|9
|tier|[Gen 9] OU
|rated|
|rule|HP Percentage Mod: HP is shown in percentages
|rule|Endless Battle Clause: Forcing endless battles is banned
|rule|Species Clause: Limit one of each Pokémon
|rule|OHKO Clause: OHKO moves are banned
|rule|Evasion Items Clause: Evasion items are banned
|rule|Evasion Moves Clause: Evasion moves are banned
|rule|Evasion Abilities Clause: Evasion abilities are banned
|rule|Sleep Moves Clause: Sleep-inducing moves are banned
|clearpoke
|poke|p1|Rotom-Heat|
|poke|p1|Hydreigon, F|
|poke|p1|Amoonguss, M|
|poke|p1|Great Tusk|
|poke|p1|Scizor, F|
|poke|p1|Gholdengo|
|poke|p2|Chandelure, F|
|poke|p2|Samurott-Hisui, F|
|poke|p2|Ogerpon-Wellspring, F|
|poke|p2|Zapdos|
|poke|p2|Cinderace, M|
|poke|p2|Darkrai|
|teampreview
|inactive|Battle timer is ON: inactive players will automatically lose when time's up. (requested by Frowzysx)
|
|t:|1760838660
|teamsize|p1|6
|teamsize|p2|6
|start
|switch|p1a: Great Tusk|Great Tusk|100/100
|switch|p2a: Zapdos|Zapdos|100/100
|turn|1
|
|t:|1760838670
|move|p1a: Great Tusk|Stealth Rock|p2a: Zapdos
|-sidestart|p2: Frowzysx|move: Stealth Rock
|move|p2a: Zapdos|Hurricane|p1a: Great Tusk|[miss]
|-miss|p2a: Zapdos|p1a: Great Tusk
|
|upkeep
|turn|2
|
|t:|1760838685
|-end|p1a: Great Tusk|Protosynthesis|[silent]
|switch|p1a: Rotom|Rotom-Heat|100/100
|move|p2a: Zapdos|Thunder Wave|p1a: Rotom
|-immune|p1a: Rotom
|
|upkeep
|turn|3
|
|t:|1760838698
|move|p2a: Zapdos|Volt Switch|p1a: Rotom
|-resisted|p1a: Rotom
|-damage|p1a: Rotom|85/100
|
|t:|1760838711
|switch|p2a: Cinderace|Cinderace, M|100/100|[from] Volt Switch
|move|p1a: Rotom|Will-O-Wisp|p2a: Cinderace
|-immune|p2a: Cinderace
|
|upkeep
|turn|4
|
|t:|1760838724
|move|p2a: Cinderace|Court Change|p2a: Cinderace
|-swapsideconditions
|-activate|p2a: Cinderace|move: Court Change
|move|p1a: Rotom|Volt Switch|p2a: Cinderace
|-damage|p2a: Cinderace|68/100
|
|t:|1760838730
|switch|p1a: Great Tusk|Great Tusk|100/100|[from] Volt Switch
|-damage|p1a: Great Tusk|98/100|[from] Stealth Rock
|
|upkeep
|turn|5
|
|t:|1760838740
|move|p2a: Cinderace|Will-O-Wisp|p1a: Great Tusk
|-status|p1a: Great Tusk|brn
|move|p1a: Great Tusk|Headlong Rush|p2a: Cinderace
|-supereffective|p2a: Cinderace
|-damage|p2a: Cinderace|0 fnt
|-unboost|p1a: Great Tusk|def|1
|-unboost|p1a: Great Tusk|spd|1
|faint|p2a: Cinderace
|-enditem|p1a: Great Tusk|Eject Pack
|
|t:|1760838759
|-end|p1a: Great Tusk|Protosynthesis|[silent]
|switch|p1a: Amoonguss|Amoonguss, M|100/100
|-damage|p1a: Amoonguss|88/100|[from] Stealth Rock
|
|upkeep
|
|t:|1760838766
|switch|p2a: Chandelure|Chandelure, F, shiny|100/100
|turn|6
|
|t:|1760838786
|switch|p1a: Rotom|Rotom-Heat|85/100
|move|p2a: Chandelure|Fire Blast|p1a: Rotom
|-resisted|p1a: Rotom
|-damage|p1a: Rotom|51/100
|
|upkeep
|turn|7
|
|t:|1760838793
|move|p2a: Chandelure|Fire Blast|p1a: Rotom
|-resisted|p1a: Rotom
|-damage|p1a: Rotom|21/100
|move|p1a: Rotom|Pain Split|p2a: Chandelure
|-sethp|p2a: Chandelure|62/100|[from] move: Pain Split|[silent]
|-sethp|p1a: Rotom|53/100|[from] move: Pain Split
|
|upkeep
|turn|8
|
|t:|1760838813
|switch|p2a: Darkrai|Darkrai|100/100
|move|p1a: Rotom|Pain Split|p2a: Darkrai
|-sethp|p2a: Darkrai|79/100|[from] move: Pain Split|[silent]
|-sethp|p1a: Rotom|73/100|[from] move: Pain Split
|
|upkeep
|turn|9
|
|t:|1760838823
|move|p2a: Darkrai|Dark Pulse|p1a: Rotom
|-damage|p1a: Rotom|28/100
|cant|p1a: Rotom|flinch
|
|upkeep
|turn|10
|
|t:|1760838831
|move|p2a: Darkrai|Dark Pulse|p1a: Rotom
|-crit|p1a: Rotom
|-damage|p1a: Rotom|0 fnt
|faint|p1a: Rotom
|
|upkeep
|
|t:|1760838845
|switch|p1a: Hydreigon|Hydreigon, F|100/100
|-damage|p1a: Hydreigon|88/100|[from] Stealth Rock
|turn|11
|
|t:|1760838851
|switch|p2a: Samurott|Samurott-Hisui, F|100/100
|move|p1a: Hydreigon|U-turn|p2a: Samurott
|-supereffective|p2a: Samurott
|-damage|p2a: Samurott|67/100
|
|t:|1760838858
|switch|p1a: Scizor|Scizor, F|100/100|[from] U-turn
|-damage|p1a: Scizor|88/100|[from] Stealth Rock
|
|upkeep
|turn|12
|
|t:|1760838865
|move|p2a: Samurott|Knock Off|p1a: Scizor
|-damage|p1a: Scizor|44/100
|-enditem|p1a: Scizor|Choice Band|[from] move: Knock Off|[of] p2a: Samurott
|move|p1a: Scizor|U-turn|p2a: Samurott
|-supereffective|p2a: Samurott
|-damage|p2a: Samurott|0 fnt
|faint|p2a: Samurott
|
|t:|1760838874
|switch|p1a: Great Tusk|Great Tusk|98/100 brn|[from] U-turn
|-damage|p1a: Great Tusk|95/100 brn|[from] Stealth Rock
|
|-damage|p1a: Great Tusk|88/100 brn|[from] brn
|upkeep
|
|t:|1760838882
|switch|p2a: Chandelure|Chandelure, F, shiny|62/100
|turn|13
|
|t:|1760838888
|move|p2a: Chandelure|Energy Ball|p1a: Great Tusk
|-supereffective|p1a: Great Tusk
|-damage|p1a: Great Tusk|0 fnt
|faint|p1a: Great Tusk
|-end|p1a: Great Tusk|Protosynthesis|[silent]
|
|upkeep
|
|t:|1760838900
|switch|p1a: Hydreigon|Hydreigon, F|88/100
|-damage|p1a: Hydreigon|76/100|[from] Stealth Rock
|turn|14
|
|t:|1760838905
|switch|p2a: Zapdos|Zapdos|100/100
|move|p1a: Hydreigon|Dark Pulse|p2a: Zapdos
|-damage|p2a: Zapdos|63/100
|
|upkeep
|turn|15
|
|t:|1760838919
|switch|p1a: Amoonguss|Amoonguss, M|100/100
|-damage|p1a: Amoonguss|88/100|[from] Stealth Rock
|move|p2a: Zapdos|Roost|p2a: Zapdos
|-heal|p2a: Zapdos|100/100
|-singleturn|p2a: Zapdos|move: Roost
|
|upkeep
|turn|16
|
|t:|1760838933
|-terastallize|p2a: Zapdos|Steel
|move|p2a: Zapdos|Hurricane|p1a: Amoonguss
|-supereffective|p1a: Amoonguss
|-damage|p1a: Amoonguss|3/100
|move|p1a: Amoonguss|Sludge Bomb|p2a: Zapdos
|-immune|p2a: Zapdos
|
|upkeep
|turn|17
|
|t:|1760838949
|switch|p1a: Gholdengo|Gholdengo|100/100
|-damage|p1a: Gholdengo|94/100|[from] Stealth Rock
|-item|p1a: Gholdengo|Air Balloon
|move|p2a: Zapdos|Volt Switch|p1a: Gholdengo
|-damage|p1a: Gholdengo|59/100
|-enditem|p1a: Gholdengo|Air Balloon
|
|t:|1760838959
|switch|p2a: Chandelure|Chandelure, F, shiny|62/100|[from] Volt Switch
|
|upkeep
|turn|18
|
|t:|1760838966
|-terastallize|p1a: Gholdengo|Flying
|move|p2a: Chandelure|Fire Blast|p1a: Gholdengo
|-damage|p1a: Gholdengo|0 fnt
|faint|p1a: Gholdengo
|
|upkeep
|
|t:|1760838976
|switch|p1a: Hydreigon|Hydreigon, F|76/100
|-damage|p1a: Hydreigon|64/100|[from] Stealth Rock
|turn|19
|
|t:|1760838981
|switch|p2a: Zapdos|Zapdos, tera:Steel|100/100
|move|p1a: Hydreigon|Draco Meteor|p2a: Zapdos
|-resisted|p2a: Zapdos
|-damage|p2a: Zapdos|67/100
|-unboost|p1a: Hydreigon|spa|2
|
|upkeep
|turn|20
|
|t:|1760838992
|switch|p1a: Amoonguss|Amoonguss, M|36/100
|-damage|p1a: Amoonguss|24/100|[from] Stealth Rock
|move|p2a: Zapdos|Roost|p2a: Zapdos
|-heal|p2a: Zapdos|100/100
|
|upkeep
|turn|21
|-message|exroen forfeited.
|
|win|Frowzysx
|raw|exroen's rating: 1176 &rarr; <strong>1149</strong><br />(-27 for losing)
|raw|Frowzysx's rating: 1146 &rarr; <strong>1173</strong><br />(+27 for winning)
|l|☆exroen
|player|p1|
