|j|☆Izlymoney
|j|☆Qazxcdewsf
|t:|1760882122
|gametype|singles
|player|p1|Izlymoney|dragontamer|1491
|player|p2|Qazxcdewsf|1|1477
|gen|9
|tier|[Gen 9] OU
|rated|
|rule|HP Percentage Mod: HP is shown in percentages
|rule|Endless Battle Clause: Forcing endless battles is banned
|rule|Species Clause: Limit one of each Pokémon
|rule|OHKO Clause: OHKO moves are banned
|rule|Evasion Items Clause: Evasion items are banned
|rule|Evasion Moves Clause: Evasion moves are banned
|rule|Evasion Abilities Clause: Evasion abilities are banned
|rule|Sleep Moves Clause: Sleep-inducing moves are banned
|clearpoke
|poke|p1|Indeedee, M|
|poke|p1|Polteageist-Antique|
|poke|p1|Hatterene, F|
|poke|p1|Iron Boulder|
|poke|p1|Cinderace, F|
|poke|p1|Ogerpon-Cornerstone, F|
|poke|p2|Gliscor, F|
|poke|p2|Darkrai|
|poke|p2|Tyranitar, M|
|poke|p2|Tinkaton, F|
|poke|p2|Slowking-Galar, F|
|poke|p2|Latios, M|
|teampreview
|
|t:|1760882137
|teamsize|p1|6
|teamsize|p2|6
|start
|switch|p1a: publ|Indeedee, M|100/100
|switch|p2a: Slowking|Slowking-Galar, F|100/100
|-fieldstart|move: Psychic Terrain|[from] ability: Psychic Surge|[of] p1a: publ
|turn|1
|inactive|Battle timer is ON: inactive players will automatically lose when time's up. (requested by Qazxcdewsf)
|
|t:|1760882147
|switch|p1a: cool hat|Hatterene, F, shiny|100/100
|switch|p2a: Tyranitar|Tyranitar, M|100/100
|-weather|Sandstorm|[from] ability: Sand Stream|[of] p2a: Tyranitar
|
|-weather|Sandstorm|[upkeep]
|-damage|p1a: cool hat|95/100|[from] Sandstorm
|upkeep
|turn|2
|
|t:|1760882163
|move|p2a: Tyranitar|Knock Off|p1a: cool hat
|-damage|p1a: cool hat|53/100
|-enditem|p1a: cool hat|Eject Button|[from] move: Knock Off|[of] p2a: Tyranitar
|move|p1a: cool hat|Draining Kiss|p2a: Tyranitar
|-supereffective|p2a: Tyranitar
|-damage|p2a: Tyranitar|77/100
|-heal|p1a: cool hat|76/100|[from] drain|[of] p2a: Tyranitar
|
|-weather|Sandstorm|[upkeep]
|-damage|p1a: cool hat|70/100|[from] Sandstorm
|upkeep
|turn|3
|
|t:|1760882171
|switch|p2a: Slowking|Slowking-Galar, F|100/100
|move|p1a: cool hat|Draining Kiss|p2a: Slowking
|-resisted|p2a: Slowking
|-damage|p2a: Slowking|94/100
|-heal|p1a: cool hat|76/100|[from] drain|[of] p2a: Slowking
|
|-weather|Sandstorm|[upkeep]
|-damage|p2a: Slowking|88/100|[from] Sandstorm
|-damage|p1a: cool hat|70/100|[from] Sandstorm
|upkeep
|turn|4
|
|t:|1760882186
|move|p2a: Slowking|Future Sight|p1a: cool hat
|-start|p2a: Slowking|move: Future Sight
|move|p1a: cool hat|Psyshock|p2a: Slowking
|-damage|p2a: Slowking|49/100
|
|-weather|Sandstorm|[upkeep]
|-damage|p2a: Slowking|43/100|[from] Sandstorm
|-damage|p1a: cool hat|64/100|[from] Sandstorm
|upkeep
|turn|5
|
|t:|1760882194
|switch|p2a: Darkrai|Darkrai|100/100
|move|p1a: cool hat|Psyshock|p2a: Darkrai
|-immune|p2a: Darkrai
|
|-weather|none
|upkeep
|turn|6
|
|t:|1760882204
|-terastallize|p2a: Darkrai|Dark
|move|p2a: Darkrai|Dark Pulse|p1a: cool hat
|-damage|p1a: cool hat|7/100
|cant|p1a: cool hat|flinch
|
|-end|p1a: cool hat|move: Future Sight
|-resisted|p1a: cool hat
|-damage|p1a: cool hat|0 fnt
|faint|p1a: cool hat
|upkeep
|
|t:|1760882234
|switch|p1a: Ogerpon|Ogerpon-Cornerstone, F|100/100
|turn|7
|
|t:|1760882248
|switch|p2a: Slowking|Slowking-Galar, F|76/100
|move|p1a: Ogerpon|Ivy Cudgel|p2a: Slowking|[anim] Ivy Cudgel Rock
|-damage|p2a: Slowking|29/100
|
|upkeep
|turn|8
|
|t:|1760882264
|move|p1a: Ogerpon|Swords Dance|p1a: Ogerpon
|-boost|p1a: Ogerpon|atk|2
|move|p2a: Slowking|Sludge Bomb|p1a: Ogerpon
|-damage|p1a: Ogerpon|59/100
|
|-fieldend|move: Psychic Terrain
|upkeep
|turn|9
|
|t:|1760882274
|switch|p2a: Latios|Latios, M|100/100
|move|p1a: Ogerpon|Ivy Cudgel|p2a: Latios|[anim] Ivy Cudgel Rock
|-crit|p2a: Latios
|-damage|p2a: Latios|0 fnt
|faint|p2a: Latios
|
|upkeep
|
|t:|1760882286
|switch|p2a: Darkrai|Darkrai, tera:Dark|100/100
|turn|10
|
|t:|1760882301
|switch|p1a: publ|Indeedee, M|100/100
|-fieldstart|move: Psychic Terrain|[from] ability: Psychic Surge|[of] p1a: publ
|move|p2a: Darkrai|Dark Pulse|p1a: publ
|-supereffective|p1a: publ
|-damage|p1a: publ|0 fnt
|faint|p1a: publ
|
|upkeep
|
|t:|1760882316
|switch|p1a: oolong tea|Polteageist-Antique, shiny|100/100
|turn|11
|
|t:|1760882321
|-terastallize|p1a: oolong tea|Fighting
|move|p2a: Darkrai|Dark Pulse|p1a: oolong tea
|-resisted|p1a: oolong tea
|-damage|p1a: oolong tea|67/100
|move|p1a: oolong tea|Shell Smash|p1a: oolong tea
|-unboost|p1a: oolong tea|def|1
|-unboost|p1a: oolong tea|spd|1
|-boost|p1a: oolong tea|atk|2
|-boost|p1a: oolong tea|spa|2
|-boost|p1a: oolong tea|spe|2
|
|upkeep
|turn|12
|
|t:|1760882332
|switch|p2a: Tyranitar|Tyranitar, M|77/100
|-weather|Sandstorm|[from] ability: Sand Stream|[of] p2a: Tyranitar
|move|p1a: oolong tea|Tera Blast|p2a: Tyranitar|[anim] Tera Blast Fighting
|-supereffective|p2a: Tyranitar
|-damage|p2a: Tyranitar|0 fnt
|faint|p2a: Tyranitar
|
|-weather|Sandstorm|[upkeep]
|-damage|p1a: oolong tea|61/100|[from] Sandstorm
|upkeep
|
|t:|1760882341
|switch|p2a: Tinkaton|Tinkaton, F|100/100
|-ability|p2a: Tinkaton|Mold Breaker
|turn|13
|
|t:|1760882350
|switch|p1a: bnuy|Cinderace, F|100/100
|move|p2a: Tinkaton|Gigaton Hammer|p1a: bnuy
|-resisted|p1a: bnuy
|-damage|p1a: bnuy|59/100
|
|-weather|Sandstorm|[upkeep]
|-damage|p1a: bnuy|53/100|[from] Sandstorm
|upkeep
|turn|14
|
|t:|1760882365
|switch|p2a: Slowking|Slowking-Galar, F|62/100
|move|p1a: bnuy|U-turn|p2a: Slowking
|-start|p1a: bnuy|typechange|Bug|[from] ability: Libero
|-damage|p2a: Slowking|35/100
|
|t:|1760882376
|switch|p1a: Ogerpon|Ogerpon-Cornerstone, F|59/100|[from] U-turn
|
|-weather|Sandstorm|[upkeep]
|-damage|p2a: Slowking|29/100|[from] Sandstorm
|upkeep
|turn|15
|
|t:|1760882386
|move|p1a: Ogerpon|Swords Dance|p1a: Ogerpon
|-boost|p1a: Ogerpon|atk|2
|move|p2a: Slowking|Sludge Bomb|p1a: Ogerpon
|-damage|p1a: Ogerpon|32/100
|
|-weather|Sandstorm|[upkeep]
|-damage|p2a: Slowking|22/100|[from] Sandstorm
|upkeep
|turn|16
|
|t:|1760882388
|move|p1a: Ogerpon|Ivy Cudgel|p2a: Slowking|[anim] Ivy Cudgel Rock
|-crit|p2a: Slowking
|-damage|p2a: Slowking|0 fnt
|faint|p2a: Slowking
|
|-weather|none
|upkeep
|
|t:|1760882391
|switch|p2a: Darkrai|Darkrai, tera:Dark|100/100
|turn|17
|
|t:|1760882397
|move|p2a: Darkrai|Dark Pulse|p1a: Ogerpon
|-damage|p1a: Ogerpon|0 fnt
|faint|p1a: Ogerpon
|
|-fieldend|move: Psychic Terrain
|upkeep
|
|t:|1760882401
|switch|p1a: oolong tea|Polteageist-Antique, shiny, tera:Fighting|61/100
|turn|18
|
|t:|1760882406
|switch|p2a: Tinkaton|Tinkaton, F|100/100
|-ability|p2a: Tinkaton|Mold Breaker
|move|p1a: oolong tea|Shell Smash|p1a: oolong tea
|-unboost|p1a: oolong tea|def|1
|-unboost|p1a: oolong tea|spd|1
|-boost|p1a: oolong tea|atk|2
|-boost|p1a: oolong tea|spa|2
|-boost|p1a: oolong tea|spe|2
|
|upkeep
|turn|19
|
|t:|1760882417
|move|p1a: oolong tea|Shadow Ball|p2a: Tinkaton
|-damage|p2a: Tinkaton|12/100
|move|p2a: Tinkaton|Gigaton Hammer|p1a: oolong tea
|-damage|p1a: oolong tea|0 fnt
|faint|p1a: oolong tea
|
|-heal|p2a: Tinkaton|18/100|[from] item: Leftovers
|upkeep
|
|t:|1760882424
|switch|p1a: bnuy|Cinderace, F|53/100
|turn|20
|
|t:|1760882429
|move|p1a: bnuy|Pyro Ball|p2a: Tinkaton
|-supereffective|p2a: Tinkaton
|-damage|p2a: Tinkaton|0 fnt
|faint|p2a: Tinkaton
|
|upkeep
|
|t:|1760882432
|switch|p2a: Gliscor|Gliscor, F|100/100
|turn|21
|
|t:|1760882439
|move|p1a: bnuy|Pyro Ball|p2a: Gliscor
|-damage|p2a: Gliscor|67/100
|move|p2a: Gliscor|Earthquake|p1a: bnuy
|-supereffective|p1a: bnuy
|-damage|p1a: bnuy|0 fnt
|faint|p1a: bnuy
|
|-status|p2a: Gliscor|tox|[from] item: Toxic Orb
|upkeep
|
|t:|1760882444
|switch|p1a: rock guy|Iron Boulder|100/100
|-enditem|p1a: rock guy|Booster Energy
|-activate|p1a: rock guy|ability: Quark Drive|[fromitem]
|-start|p1a: rock guy|quarkdrivespe
|turn|22
|
|t:|1760882447
|move|p1a: rock guy|Swords Dance|p1a: rock guy
|-boost|p1a: rock guy|atk|2
|move|p2a: Gliscor|Earthquake|p1a: rock guy
|-supereffective|p1a: rock guy
|-damage|p1a: rock guy|12/100
|
|-heal|p2a: Gliscor|80/100 tox|[from] ability: Poison Heal
|upkeep
|turn|23
|
|t:|1760882454
|move|p1a: rock guy|Mighty Cleave|p2a: Gliscor
|-crit|p2a: Gliscor
|-damage|p2a: Gliscor|0 fnt
|faint|p2a: Gliscor
|
|upkeep
|
|t:|1760882457
|switch|p2a: Darkrai|Darkrai, tera:Dark|100/100
|turn|24
|
|t:|1760882462
|move|p2a: Darkrai|Sucker Punch|p1a: rock guy
|-supereffective|p1a: rock guy
|-damage|p1a: rock guy|0 fnt
|faint|p1a: rock guy
|-end|p1a: rock guy|Quark Drive|[silent]
|
|win|Qazxcdewsf
|raw|Izlymoney's rating: 1491 &rarr; <strong>1470</strong><br />(-21 for losing)
|raw|Qazxcdewsf's rating: 1477 &rarr; <strong>1498</strong><br />(+21 for winning)
|l|☆Qazxcdewsf
|player|p2|
|l|☆Izlymoney
|player|p1|
