|j|☆minhbeossss
|j|☆Reqkt
|t:|1760757847
|gametype|singles
|player|p1|minhbeossss|102|1134
|player|p2|Reqkt|102|1114
|gen|9
|tier|[Gen 9] OU
|rated|
|rule|HP Percentage Mod: HP is shown in percentages
|rule|Endless Battle Clause: Forcing endless battles is banned
|rule|Species Clause: Limit one of each Pokémon
|rule|OHKO Clause: OHKO moves are banned
|rule|Evasion Items Clause: Evasion items are banned
|rule|Evasion Moves Clause: Evasion moves are banned
|rule|Evasion Abilities Clause: Evasion abilities are banned
|rule|Sleep Moves Clause: Sleep-inducing moves are banned
|clearpoke
|poke|p1|Ninetales, F|
|poke|p1|Walking Wake|
|poke|p1|Venusaur, M|
|poke|p1|Slither Wing|
|poke|p1|Hatterene, F|
|poke|p1|Great Tusk|
|poke|p2|Indeedee-F, F|
|poke|p2|Metagross|
|poke|p2|Malamar, F|
|poke|p2|Heatran, M|
|poke|p2|Snorlax, F|
|poke|p2|Porygon2|
|teampreview
|inactive|Battle timer is ON: inactive players will automatically lose when time's up. (requested by minhbeossss)
|
|t:|1760757863
|teamsize|p1|6
|teamsize|p2|6
|start
|switch|p1a: Ninetales|Ninetales, F|100/100
|switch|p2a: Porygon2|Porygon2|100/100
|-weather|SunnyDay|[from] ability: Drought|[of] p1a: Ninetales
|turn|1
|
|t:|1760757875
|move|p1a: Ninetales|Will-O-Wisp|p2a: Porygon2
|-status|p2a: Porygon2|brn
|move|p2a: Porygon2|Trick Room|p2a: Porygon2
|-fieldstart|move: Trick Room|[of] p2a: Porygon2
|
|-weather|SunnyDay|[upkeep]
|-damage|p2a: Porygon2|94/100 brn|[from] brn
|upkeep
|turn|2
|
|t:|1760757889
|switch|p2a: Heatran|Heatran, M|100/100
|move|p1a: Ninetales|Flamethrower|p2a: Heatran
|-start|p2a: Heatran|ability: Flash Fire
|
|-weather|SunnyDay|[upkeep]
|upkeep
|turn|3
|
|t:|1760757898
|switch|p1a: Walking Wake|Walking Wake|100/100
|-activate|p1a: Walking Wake|ability: Protosynthesis
|-start|p1a: Walking Wake|protosynthesisspe
|move|p2a: Heatran|Earth Power|p1a: Walking Wake
|-damage|p1a: Walking Wake|61/100
|-unboost|p1a: Walking Wake|spd|1
|
|-weather|SunnyDay|[upkeep]
|upkeep
|turn|4
|c|☆minhbeossss|Why
|c|☆minhbeossss|Why
|inactive|Reqkt has 120 seconds left.
|
|t:|1760757933
|-terastallize|p2a: Heatran|Grass
|move|p2a: Heatran|Flamethrower|p1a: Walking Wake
|-resisted|p1a: Walking Wake
|-damage|p1a: Walking Wake|13/100
|move|p1a: Walking Wake|Hydro Steam|p2a: Heatran
|-resisted|p2a: Heatran
|-damage|p2a: Heatran|65/100
|
|-weather|SunnyDay|[upkeep]
|upkeep
|turn|5
|inactive|Reqkt has 120 seconds left.
|
|t:|1760757946
|-end|p1a: Walking Wake|Protosynthesis|[silent]
|switch|p1a: Hatterene|Hatterene, F|100/100
|move|p2a: Heatran|Flamethrower|p1a: Hatterene
|-damage|p1a: Hatterene|11/100
|-enditem|p1a: Hatterene|Eject Button
|
|t:|1760757954
|switch|p1a: Slither Wing|Slither Wing|100/100
|-activate|p1a: Slither Wing|ability: Protosynthesis
|-start|p1a: Slither Wing|protosynthesisatk
|
|-weather|SunnyDay|[upkeep]
|-fieldend|move: Trick Room
|upkeep
|turn|6
|inactive|Reqkt has 120 seconds left.
|
|t:|1760757983
|-end|p2a: Heatran|ability: Flash Fire|[silent]
|switch|p2a: Malamar|Malamar, F|100/100
|move|p1a: Slither Wing|U-turn|p2a: Malamar
|-supereffective|p2a: Malamar
|-damage|p2a: Malamar|0 fnt
|faint|p2a: Malamar
|
|t:|1760757992
|-end|p1a: Slither Wing|Protosynthesis|[silent]
|switch|p1a: Walking Wake|Walking Wake|13/100|[from] U-turn
|-activate|p1a: Walking Wake|ability: Protosynthesis
|-start|p1a: Walking Wake|protosynthesisspe
|
|-weather|SunnyDay|[upkeep]
|upkeep
|
|t:|1760758001
|switch|p2a: Heatran|Heatran, M, tera:Grass|65/100
|turn|7
|
|t:|1760758008
|move|p1a: Walking Wake|Draco Meteor|p2a: Heatran
|-damage|p2a: Heatran|0 fnt
|-unboost|p1a: Walking Wake|spa|2
|faint|p2a: Heatran
|
|-weather|SunnyDay|[upkeep]
|upkeep
|
|t:|1760758020
|switch|p2a: Porygon2|Porygon2|94/100 brn
|turn|8
|
|t:|1760758027
|-end|p1a: Walking Wake|Protosynthesis|[silent]
|switch|p1a: Hatterene|Hatterene, F|11/100
|move|p2a: Porygon2|Trick Room|p2a: Porygon2
|-fieldstart|move: Trick Room|[of] p2a: Porygon2
|
|-weather|none
|-damage|p2a: Porygon2|88/100 brn|[from] brn
|upkeep
|turn|9
|inactive|Reqkt has 120 seconds left.
|
|t:|1760758038
|switch|p2a: Metagross|Metagross|100/100
|move|p1a: Hatterene|Healing Wish|p1a: Hatterene
|faint|p1a: Hatterene
|
|upkeep
|
|t:|1760758046
|switch|p1a: Great Tusk|Great Tusk|100/100
|turn|10
|
|t:|1760758058
|move|p2a: Metagross|Iron Defense|p2a: Metagross
|-boost|p2a: Metagross|def|2
|move|p1a: Great Tusk|Headlong Rush|p2a: Metagross
|-supereffective|p2a: Metagross
|-damage|p2a: Metagross|51/100
|-unboost|p1a: Great Tusk|def|1
|-unboost|p1a: Great Tusk|spd|1
|
|upkeep
|turn|11
|
|t:|1760758066
|move|p2a: Metagross|Psychic Fangs|p1a: Great Tusk
|-supereffective|p1a: Great Tusk
|-crit|p1a: Great Tusk
|-damage|p1a: Great Tusk|0 fnt
|faint|p1a: Great Tusk
|-end|p1a: Great Tusk|Protosynthesis|[silent]
|
|upkeep
|
|t:|1760758074
|switch|p1a: Slither Wing|Slither Wing|100/100
|turn|12
|
|t:|1760758083
|move|p2a: Metagross|Psychic Fangs|p1a: Slither Wing
|-supereffective|p1a: Slither Wing
|-damage|p1a: Slither Wing|0 fnt
|faint|p1a: Slither Wing
|-end|p1a: Slither Wing|Protosynthesis|[silent]
|
|-fieldend|move: Trick Room
|upkeep
|
|t:|1760758086
|switch|p1a: Walking Wake|Walking Wake|13/100
|-heal|p1a: Walking Wake|100/100|[from] move: Healing Wish
|turn|13
|
|t:|1760758102
|-terastallize|p1a: Walking Wake|Water
|move|p1a: Walking Wake|Hydro Steam|p2a: Metagross
|-damage|p2a: Metagross|0 fnt
|faint|p2a: Metagross
|
|upkeep
|inactive|Reqkt has 120 seconds left.
|
|t:|1760758123
|switch|p2a: Porygon2|Porygon2|88/100 brn
|turn|14
|
|t:|1760758130
|move|p1a: Walking Wake|Hydro Steam|p2a: Porygon2
|-damage|p2a: Porygon2|53/100 brn
|move|p2a: Porygon2|Trick Room|p2a: Porygon2
|-fieldstart|move: Trick Room|[of] p2a: Porygon2
|
|-damage|p2a: Porygon2|47/100 brn|[from] brn
|upkeep
|turn|15
|
|t:|1760758137
|move|p2a: Porygon2|Recover|p2a: Porygon2
|-heal|p2a: Porygon2|97/100 brn
|move|p1a: Walking Wake|Hydro Steam|p2a: Porygon2
|-damage|p2a: Porygon2|57/100 brn
|
|-damage|p2a: Porygon2|50/100 brn|[from] brn
|upkeep
|turn|16
|
|t:|1760758146
|move|p2a: Porygon2|Discharge|p1a: Walking Wake
|-supereffective|p1a: Walking Wake
|-damage|p1a: Walking Wake|58/100
|move|p1a: Walking Wake|Hydro Steam|p2a: Porygon2
|-damage|p2a: Porygon2|11/100 brn
|
|-damage|p2a: Porygon2|5/100 brn|[from] brn
|upkeep
|turn|17
|
|t:|1760758155
|-end|p1a: Walking Wake|Protosynthesis|[silent]
|switch|p1a: Ninetales|Ninetales, F|100/100
|-weather|SunnyDay|[from] ability: Drought|[of] p1a: Ninetales
|move|p2a: Porygon2|Discharge|p1a: Ninetales
|-damage|p1a: Ninetales|74/100
|
|-weather|SunnyDay|[upkeep]
|-damage|p2a: Porygon2|0 fnt|[from] brn
|faint|p2a: Porygon2
|upkeep
|
|t:|1760758166
|switch|p2a: Snorlax|Snorlax, F|100/100
|turn|18
|
|t:|1760758173
|move|p2a: Snorlax|Earthquake|p1a: Ninetales
|-supereffective|p1a: Ninetales
|-damage|p1a: Ninetales|0 fnt
|faint|p1a: Ninetales
|
|-weather|SunnyDay|[upkeep]
|-fieldend|move: Trick Room
|upkeep
|
|t:|1760758177
|switch|p1a: Walking Wake|Walking Wake, tera:Water|58/100
|-activate|p1a: Walking Wake|ability: Protosynthesis
|-start|p1a: Walking Wake|protosynthesisspe
|turn|19
|
|t:|1760758187
|move|p1a: Walking Wake|Hydro Steam|p2a: Snorlax
|-damage|p2a: Snorlax|33/100
|-enditem|p2a: Snorlax|Figy Berry|[eat]
|-heal|p2a: Snorlax|67/100|[from] item: Figy Berry
|move|p2a: Snorlax|Body Slam|p1a: Walking Wake
|-damage|p1a: Walking Wake|8/100
|
|-weather|SunnyDay|[upkeep]
|upkeep
|turn|20
|
|t:|1760758197
|move|p1a: Walking Wake|Hydro Steam|p2a: Snorlax
|-damage|p2a: Snorlax|0 fnt
|faint|p2a: Snorlax
|
|-weather|SunnyDay|[upkeep]
|upkeep
|
|t:|1760758204
|switch|p2a: Indeedee|Indeedee-F, F|100/100
|-fieldstart|move: Psychic Terrain|[from] ability: Psychic Surge|[of] p2a: Indeedee
|turn|21
|
|t:|1760758210
|move|p1a: Walking Wake|Hydro Steam|p2a: Indeedee
|-damage|p2a: Indeedee|0 fnt
|faint|p2a: Indeedee
|
|win|minhbeossss
|raw|minhbeossss's rating: 1134 &rarr; <strong>1158</strong><br />(+24 for winning)
|raw|Reqkt's rating: 1114 &rarr; <strong>1090</strong><br />(-24 for losing)
|l|☆minhbeossss
|player|p1|
|l|☆Reqkt
|player|p2|
