|j|☆henry151th
|j|☆Quackstorm
|t:|1760851537
|gametype|singles
|player|p1|henry151th|wallace|1567
|player|p2|Quackstorm|burglar-gen2|1498
|gen|9
|tier|[Gen 9] OU
|rated|
|rule|HP Percentage Mod: HP is shown in percentages
|rule|Endless Battle Clause: Forcing endless battles is banned
|rule|Species Clause: Limit one of each Pokémon
|rule|OHKO Clause: OHKO moves are banned
|rule|Evasion Items Clause: Evasion items are banned
|rule|Evasion Moves Clause: Evasion moves are banned
|rule|Evasion Abilities Clause: Evasion abilities are banned
|rule|Sleep Moves Clause: Sleep-inducing moves are banned
|clearpoke
|poke|p1|Bellibolt, F|
|poke|p1|Tinkaton, F|
|poke|p1|Rillaboom, F|
|poke|p1|Dragapult, M|
|poke|p1|Alomomola, F|
|poke|p1|Great Tusk|
|poke|p2|Pelipper, F|
|poke|p2|Hatterene, F|
|poke|p2|Iron Treads|
|poke|p2|Toxicroak, F|
|poke|p2|Barraskewda, F|
|poke|p2|Zapdos|
|teampreview
|
|t:|1760851553
|teamsize|p1|6
|teamsize|p2|6
|start
|switch|p1a: BOLTENHEIMER|Bellibolt, F|100/100
|switch|p2a: Iron Treads|Iron Treads|100/100
|turn|1
|
|t:|1760851558
|move|p2a: Iron Treads|Stealth Rock|p1a: BOLTENHEIMER
|-sidestart|p1: henry151th|move: Stealth Rock
|move|p1a: BOLTENHEIMER|Soak|p2a: Iron Treads
|-start|p2a: Iron Treads|typechange|Water
|
|upkeep
|turn|2
|
|t:|1760851564
|move|p2a: Iron Treads|Volt Switch|p1a: BOLTENHEIMER
|-resisted|p1a: BOLTENHEIMER
|-damage|p1a: BOLTENHEIMER|96/100
|-start|p1a: BOLTENHEIMER|Charge|Volt Switch|[from] ability: Electromorphosis
|
|t:|1760851574
|-end|p2a: Iron Treads|Quark Drive|[silent]
|switch|p2a: Hatterene|Hatterene, F|100/100|[from] Volt Switch
|move|p1a: BOLTENHEIMER|Discharge|p2a: Hatterene
|-damage|p2a: Hatterene|46/100
|-enditem|p2a: Hatterene|Eject Button
|-end|p1a: BOLTENHEIMER|Charge|[silent]
|
|t:|1760851583
|switch|p2a: Iron Treads|Iron Treads|100/100
|
|upkeep
|turn|3
|
|t:|1760851591
|switch|p1a: METRO BOOMER|Rillaboom, F|100/100
|-damage|p1a: METRO BOOMER|88/100|[from] Stealth Rock
|-fieldstart|move: Grassy Terrain|[from] ability: Grassy Surge|[of] p1a: METRO BOOMER
|move|p2a: Iron Treads|Earthquake|p1a: METRO BOOMER
|-resisted|p1a: METRO BOOMER
|-damage|p1a: METRO BOOMER|79/100
|
|-heal|p1a: METRO BOOMER|85/100|[from] Grassy Terrain
|upkeep
|turn|4
|
|t:|1760851598
|-end|p2a: Iron Treads|Quark Drive|[silent]
|switch|p2a: Toxicroak|Toxicroak, F|100/100
|move|p1a: METRO BOOMER|Wood Hammer|p2a: Toxicroak
|-resisted|p2a: Toxicroak
|-damage|p2a: Toxicroak|37/100
|-damage|p1a: METRO BOOMER|69/100|[from] item: Rocky Helmet|[of] p2a: Toxicroak
|-damage|p1a: METRO BOOMER|46/100|[from] Recoil
|
|-heal|p1a: METRO BOOMER|52/100|[from] Grassy Terrain
|-heal|p2a: Toxicroak|44/100|[from] Grassy Terrain
|upkeep
|turn|5
|
|t:|1760851612
|move|p1a: METRO BOOMER|Wood Hammer|p2a: Toxicroak
|-resisted|p2a: Toxicroak
|-damage|p2a: Toxicroak|0 fnt
|-damage|p1a: METRO BOOMER|36/100|[from] item: Rocky Helmet|[of] p2a: Toxicroak
|faint|p2a: Toxicroak
|-damage|p1a: METRO BOOMER|20/100|[from] Recoil
|
|-heal|p1a: METRO BOOMER|27/100|[from] Grassy Terrain
|upkeep
|
|t:|1760851618
|switch|p2a: Zapdos|Zapdos|100/100
|turn|6
|
|t:|1760851623
|switch|p1a: RAGNAROK|Tinkaton, F|100/100
|-damage|p1a: RAGNAROK|94/100|[from] Stealth Rock
|-ability|p1a: RAGNAROK|Mold Breaker
|-item|p1a: RAGNAROK|Air Balloon
|move|p2a: Zapdos|Volt Switch|p1a: RAGNAROK
|-damage|p1a: RAGNAROK|60/100
|-enditem|p1a: RAGNAROK|Air Balloon
|
|t:|1760851633
|switch|p2a: Iron Treads|Iron Treads|100/100|[from] Volt Switch
|
|-heal|p1a: RAGNAROK|66/100|[from] Grassy Terrain
|upkeep
|turn|7
|
|t:|1760851638
|switch|p1a: Midtusk|Great Tusk|100/100
|move|p2a: Iron Treads|Earthquake|p1a: Midtusk
|-crit|p1a: Midtusk
|-damage|p1a: Midtusk|81/100
|
|-heal|p1a: Midtusk|87/100|[from] Grassy Terrain
|-fieldend|move: Grassy Terrain
|upkeep
|turn|8
|
|t:|1760851643
|-end|p2a: Iron Treads|Quark Drive|[silent]
|switch|p2a: Pelipper|Pelipper, F|100/100
|-weather|RainDance|[from] ability: Drizzle|[of] p2a: Pelipper
|move|p1a: Midtusk|Rapid Spin|p2a: Pelipper
|-damage|p2a: Pelipper|83/100
|-boost|p1a: Midtusk|spe|1
|-sideend|p1: henry151th|Stealth Rock|[from] move: Rapid Spin|[of] p1a: Midtusk
|
|-weather|RainDance|[upkeep]
|upkeep
|turn|9
|
|t:|1760851653
|-end|p1a: Midtusk|Protosynthesis|[silent]
|switch|p1a: Alomolested|Alomomola, F|100/100
|move|p2a: Pelipper|U-turn|p1a: Alomolested
|-damage|p1a: Alomolested|95/100
|
|t:|1760851655
|switch|p2a: Zapdos|Zapdos|100/100|[from] U-turn
|
|-weather|RainDance|[upkeep]
|upkeep
|turn|10
|
|t:|1760851664
|move|p1a: Alomolested|Protect|p1a: Alomolested
|-singleturn|p1a: Alomolested|Protect
|move|p2a: Zapdos|Hurricane|p1a: Alomolested
|-activate|p1a: Alomolested|move: Protect
|
|-weather|RainDance|[upkeep]
|upkeep
|turn|11
|
|t:|1760851669
|switch|p1a: RAGNAROK|Tinkaton, F|66/100
|-ability|p1a: RAGNAROK|Mold Breaker
|move|p2a: Zapdos|Hurricane|p1a: RAGNAROK
|-resisted|p1a: RAGNAROK
|-damage|p1a: RAGNAROK|38/100
|
|-weather|RainDance|[upkeep]
|upkeep
|turn|12
|
|t:|1760851678
|-terastallize|p2a: Zapdos|Flying
|move|p2a: Zapdos|Hurricane|p1a: RAGNAROK
|-resisted|p1a: RAGNAROK
|-damage|p1a: RAGNAROK|1/100
|-start|p1a: RAGNAROK|confusion
|-activate|p1a: RAGNAROK|confusion
|-damage|p1a: RAGNAROK|0 fnt|[from] confusion
|faint|p1a: RAGNAROK
|
|-weather|RainDance|[upkeep]
|upkeep
|
|t:|1760851681
|switch|p1a: NIGHTWING|Dragapult, M|100/100
|turn|13
|
|t:|1760851691
|switch|p2a: Hatterene|Hatterene, F|46/100
|-terastallize|p1a: NIGHTWING|Ghost
|move|p1a: NIGHTWING|Shadow Ball|p2a: Hatterene
|-supereffective|p2a: Hatterene
|-damage|p2a: Hatterene|0 fnt
|faint|p2a: Hatterene
|
|-weather|RainDance|[upkeep]
|upkeep
|
|t:|1760851697
|switch|p2a: Barraskewda|Barraskewda, F|100/100
|turn|14
|
|t:|1760851703
|switch|p1a: Alomolested|Alomomola, F|100/100
|move|p2a: Barraskewda|Flip Turn|p1a: Alomolested
|-resisted|p1a: Alomolested
|-damage|p1a: Alomolested|79/100
|
|t:|1760851706
|switch|p2a: Zapdos|Zapdos, tera:Flying|100/100|[from] Flip Turn
|
|-weather|RainDance|[upkeep]
|upkeep
|turn|15
|
|t:|1760851710
|move|p1a: Alomolested|Protect|p1a: Alomolested
|-singleturn|p1a: Alomolested|Protect
|move|p2a: Zapdos|Hurricane|p1a: Alomolested
|-activate|p1a: Alomolested|move: Protect
|
|-weather|none
|upkeep
|turn|16
|
|t:|1760851714
|switch|p1a: BOLTENHEIMER|Bellibolt, F|96/100
|move|p2a: Zapdos|Hurricane|p1a: BOLTENHEIMER
|-resisted|p1a: BOLTENHEIMER
|-damage|p1a: BOLTENHEIMER|61/100
|-start|p1a: BOLTENHEIMER|confusion
|-start|p1a: BOLTENHEIMER|Charge|Hurricane|[from] ability: Electromorphosis
|
|upkeep
|turn|17
|
|t:|1760851721
|switch|p2a: Iron Treads|Iron Treads|100/100
|-activate|p1a: BOLTENHEIMER|confusion
|move|p1a: BOLTENHEIMER|Slack Off|p1a: BOLTENHEIMER
|-heal|p1a: BOLTENHEIMER|100/100
|
|upkeep
|turn|18
|
|t:|1760851725
|switch|p1a: Alomolested|Alomomola, F|100/100
|move|p2a: Iron Treads|Stealth Rock|p1a: Alomolested
|-sidestart|p1: henry151th|move: Stealth Rock
|
|upkeep
|turn|19
|
|t:|1760851728
|move|p2a: Iron Treads|Volt Switch|p1a: Alomolested
|-supereffective|p1a: Alomolested
|-damage|p1a: Alomolested|76/100
|
|t:|1760851732
|-end|p2a: Iron Treads|Quark Drive|[silent]
|switch|p2a: Pelipper|Pelipper, F|83/100|[from] Volt Switch
|-weather|RainDance|[from] ability: Drizzle|[of] p2a: Pelipper
|move|p1a: Alomolested|Wish|p1a: Alomolested
|
|-weather|RainDance|[upkeep]
|upkeep
|turn|20
|
|t:|1760851740
|move|p2a: Pelipper|Hurricane|p1a: Alomolested
|-damage|p1a: Alomolested|40/100
|move|p1a: Alomolested|Flip Turn|p2a: Pelipper
|-resisted|p2a: Pelipper
|-damage|p2a: Pelipper|71/100
|
|t:|1760851744
|switch|p1a: METRO BOOMER|Rillaboom, F|27/100|[from] Flip Turn
|-damage|p1a: METRO BOOMER|14/100|[from] Stealth Rock
|-fieldstart|move: Grassy Terrain|[from] ability: Grassy Surge|[of] p1a: METRO BOOMER
|
|-weather|RainDance|[upkeep]
|-heal|p1a: METRO BOOMER|83/100|[from] move: Wish|[wisher] Alomolested
|-heal|p1a: METRO BOOMER|89/100|[from] Grassy Terrain
|upkeep
|turn|21
|
|t:|1760851750
|move|p1a: METRO BOOMER|Wood Hammer|p2a: Pelipper
|-crit|p2a: Pelipper
|-damage|p2a: Pelipper|0 fnt
|faint|p2a: Pelipper
|-damage|p1a: METRO BOOMER|67/100|[from] Recoil
|
|-weather|RainDance|[upkeep]
|-heal|p1a: METRO BOOMER|74/100|[from] Grassy Terrain
|upkeep
|
|t:|1760851752
|switch|p2a: Zapdos|Zapdos, tera:Flying|100/100
|turn|22
|
|t:|1760851765
|switch|p1a: BOLTENHEIMER|Bellibolt, F|100/100
|move|p2a: Zapdos|Thunder|p1a: BOLTENHEIMER
|-resisted|p1a: BOLTENHEIMER
|-damage|p1a: BOLTENHEIMER|73/100
|-start|p1a: BOLTENHEIMER|Charge|Thunder|[from] ability: Electromorphosis
|
|-weather|RainDance|[upkeep]
|-heal|p1a: BOLTENHEIMER|79/100|[from] Grassy Terrain
|upkeep
|turn|23
|
|t:|1760851772
|switch|p2a: Iron Treads|Iron Treads|100/100
|move|p1a: BOLTENHEIMER|Soak|p2a: Iron Treads
|-start|p2a: Iron Treads|typechange|Water
|
|-weather|RainDance|[upkeep]
|-heal|p1a: BOLTENHEIMER|85/100|[from] Grassy Terrain
|upkeep
|turn|24
|
|t:|1760851776
|move|p2a: Iron Treads|Earthquake|p1a: BOLTENHEIMER
|-supereffective|p1a: BOLTENHEIMER
|-damage|p1a: BOLTENHEIMER|66/100
|-start|p1a: BOLTENHEIMER|Charge|Earthquake|[from] ability: Electromorphosis
|move|p1a: BOLTENHEIMER|Discharge|p2a: Iron Treads
|-supereffective|p2a: Iron Treads
|-damage|p2a: Iron Treads|15/100
|-end|p1a: BOLTENHEIMER|Charge|[silent]
|
|-weather|RainDance|[upkeep]
|-heal|p2a: Iron Treads|21/100|[from] Grassy Terrain
|-heal|p2a: Iron Treads|27/100|[from] item: Leftovers
|-heal|p1a: BOLTENHEIMER|72/100|[from] Grassy Terrain
|-fieldend|move: Grassy Terrain
|upkeep
|turn|25
|
|t:|1760851789
|switch|p1a: Alomolested|Alomomola, F|74/100
|move|p2a: Iron Treads|Earthquake|p1a: Alomolested
|-damage|p1a: Alomolested|60/100
|
|-weather|RainDance|[upkeep]
|-heal|p2a: Iron Treads|33/100|[from] item: Leftovers
|upkeep
|turn|26
|
|t:|1760851792
|move|p1a: Alomolested|Protect|p1a: Alomolested
|-singleturn|p1a: Alomolested|Protect
|move|p2a: Iron Treads|Volt Switch|p1a: Alomolested
|-activate|p1a: Alomolested|move: Protect
|
|-weather|none
|-heal|p2a: Iron Treads|39/100|[from] item: Leftovers
|upkeep
|turn|27
|
|t:|1760851795
|move|p2a: Iron Treads|Volt Switch|p1a: Alomolested
|-supereffective|p1a: Alomolested
|-damage|p1a: Alomolested|37/100
|
|t:|1760851798
|-end|p2a: Iron Treads|Quark Drive|[silent]
|switch|p2a: Zapdos|Zapdos, tera:Flying|100/100|[from] Volt Switch
|move|p1a: Alomolested|Wish|p1a: Alomolested
|
|upkeep
|turn|28
|
|t:|1760851806
|switch|p1a: BOLTENHEIMER|Bellibolt, F|72/100
|move|p2a: Zapdos|Volt Switch|p1a: BOLTENHEIMER
|-resisted|p1a: BOLTENHEIMER
|-damage|p1a: BOLTENHEIMER|55/100
|-start|p1a: BOLTENHEIMER|Charge|Volt Switch|[from] ability: Electromorphosis
|
|t:|1760851812
|switch|p2a: Iron Treads|Iron Treads|39/100|[from] Volt Switch
|
|-heal|p1a: BOLTENHEIMER|100/100|[from] move: Wish|[wisher] Alomolested
|-heal|p2a: Iron Treads|45/100|[from] item: Leftovers
|upkeep
|turn|29
|
|t:|1760851815
|switch|p1a: METRO BOOMER|Rillaboom, F|74/100
|-damage|p1a: METRO BOOMER|61/100|[from] Stealth Rock
|-fieldstart|move: Grassy Terrain|[from] ability: Grassy Surge|[of] p1a: METRO BOOMER
|move|p2a: Iron Treads|Earthquake|p1a: METRO BOOMER
|-resisted|p1a: METRO BOOMER
|-damage|p1a: METRO BOOMER|52/100
|
|-heal|p1a: METRO BOOMER|58/100|[from] Grassy Terrain
|-heal|p2a: Iron Treads|51/100|[from] Grassy Terrain
|-heal|p2a: Iron Treads|57/100|[from] item: Leftovers
|upkeep
|turn|30
|
|t:|1760851820
|move|p1a: METRO BOOMER|Wood Hammer|p2a: Iron Treads
|-crit|p2a: Iron Treads
|-damage|p2a: Iron Treads|0 fnt
|faint|p2a: Iron Treads
|-end|p2a: Iron Treads|Quark Drive|[silent]
|-damage|p1a: METRO BOOMER|37/100|[from] Recoil
|
|-heal|p1a: METRO BOOMER|43/100|[from] Grassy Terrain
|upkeep
|
|t:|1760851822
|switch|p2a: Zapdos|Zapdos, tera:Flying|100/100
|turn|31
|
|t:|1760851831
|switch|p2a: Barraskewda|Barraskewda, F|100/100
|switch|p1a: BOLTENHEIMER|Bellibolt, F|100/100
|
|upkeep
|turn|32
|
|t:|1760851833
|move|p2a: Barraskewda|Liquidation|p1a: BOLTENHEIMER
|-damage|p1a: BOLTENHEIMER|44/100
|-start|p1a: BOLTENHEIMER|Charge|Liquidation|[from] ability: Electromorphosis
|move|p1a: BOLTENHEIMER|Discharge|p2a: Barraskewda
|-supereffective|p2a: Barraskewda
|-damage|p2a: Barraskewda|0 fnt
|faint|p2a: Barraskewda
|-end|p1a: BOLTENHEIMER|Charge|[silent]
|
|-heal|p1a: BOLTENHEIMER|50/100|[from] Grassy Terrain
|upkeep
|
|t:|1760851837
|switch|p2a: Zapdos|Zapdos, tera:Flying|100/100
|turn|33
|
|t:|1760851839
|move|p2a: Zapdos|Hurricane|p1a: BOLTENHEIMER
|-resisted|p1a: BOLTENHEIMER
|-damage|p1a: BOLTENHEIMER|14/100
|-start|p1a: BOLTENHEIMER|Charge|Hurricane|[from] ability: Electromorphosis
|move|p1a: BOLTENHEIMER|Slack Off|p1a: BOLTENHEIMER
|-heal|p1a: BOLTENHEIMER|64/100
|
|-heal|p1a: BOLTENHEIMER|70/100|[from] Grassy Terrain
|-fieldend|move: Grassy Terrain
|upkeep
|turn|34
|
|t:|1760851844
|move|p2a: Zapdos|Hurricane|p1a: BOLTENHEIMER
|-resisted|p1a: BOLTENHEIMER
|-damage|p1a: BOLTENHEIMER|36/100
|-start|p1a: BOLTENHEIMER|Charge|Hurricane|[from] ability: Electromorphosis
|move|p1a: BOLTENHEIMER|Discharge|p2a: Zapdos
|-supereffective|p2a: Zapdos
|-damage|p2a: Zapdos|0 fnt
|faint|p2a: Zapdos
|-end|p1a: BOLTENHEIMER|Charge|[silent]
|
|win|henry151th
|raw|henry151th's rating: 1567 &rarr; <strong>1583</strong><br />(+16 for winning)
|raw|Quackstorm's rating: 1498 &rarr; <strong>1482</strong><br />(-16 for losing)
|l|☆Quackstorm
|player|p2|
