|j|☆MrTable00
|j|☆Satanplayzpokemon
|t:|1760833342
|gametype|singles
|player|p1|MrTable00|pokemaniac|
|player|p2|Satanplayzpokemon|burglar|
|gen|9
|tier|[Gen 9] OU
|rule|HP Percentage Mod: HP is shown in percentages
|rule|Endless Battle Clause: Forcing endless battles is banned
|rule|Species Clause: Limit one of each Pokémon
|rule|OHKO Clause: OHKO moves are banned
|rule|Evasion Items Clause: Evasion items are banned
|rule|Evasion Moves Clause: Evasion moves are banned
|rule|Evasion Abilities Clause: Evasion abilities are banned
|rule|Sleep Moves Clause: Sleep-inducing moves are banned
|clearpoke
|poke|p1|Latios, M|
|poke|p1|Snom, F|
|poke|p1|Alomomola, M|
|poke|p1|Golurk|
|poke|p1|Slowbro-Galar, F|
|poke|p1|Okidogi, M|
|poke|p2|Clefable, M|
|poke|p2|Leavanny, F|
|poke|p2|Tauros-Paldea-Blaze, M|
|poke|p2|Pachirisu, F|
|poke|p2|Dragonite, M|
|poke|p2|Slowking, M|
|teampreview
|c|☆MrTable00|watch snom!
|c|☆Satanplayzpokemon|Yooooooo snom epic
|
|t:|1760833361
|teamsize|p1|6
|teamsize|p2|6
|start
|switch|p1a: Golurk|Golurk|100/100
|switch|p2a: Leavanny|Leavanny, F|100/100
|turn|1
|
|t:|1760833367
|move|p2a: Leavanny|Sticky Web|p1a: Golurk
|-sidestart|p1: MrTable00|move: Sticky Web
|move|p1a: Golurk|Poltergeist|p2a: Leavanny
|-activate|p2a: Leavanny|move: Poltergeist|Focus Sash
|-enditem|p2a: Leavanny|Focus Sash
|-damage|p2a: Leavanny|1/100
|
|upkeep
|turn|2
|
|t:|1760833375
|switch|p1a: Okidogi|Okidogi, M|100/100
|-activate|p1a: Okidogi|move: Sticky Web
|-unboost|p1a: Okidogi|spe|1
|move|p2a: Leavanny|Knock Off|p1a: Okidogi
|-resisted|p1a: Okidogi
|-damage|p1a: Okidogi|88/100
|-enditem|p1a: Okidogi|Assault Vest|[from] move: Knock Off|[of] p2a: Leavanny
|
|upkeep
|turn|3
|
|t:|1760833383
|move|p2a: Leavanny|Pounce|p1a: Okidogi
|-resisted|p1a: Okidogi
|-damage|p1a: Okidogi|81/100
|-unboost|p1a: Okidogi|spe|1
|move|p1a: Okidogi|Knock Off|p2a: Leavanny
|-damage|p2a: Leavanny|0 fnt
|faint|p2a: Leavanny
|
|upkeep
|
|t:|1760833403
|switch|p2a: Dragonite|Dragonite, M|100/100
|turn|4
|c|☆MrTable00|okidogi is not at its fastest rn
|c|☆Satanplayzpokemon|This okidogi is a problem
|
|t:|1760833429
|move|p2a: Dragonite|Dragon Dance|p2a: Dragonite
|-boost|p2a: Dragonite|atk|1
|-boost|p2a: Dragonite|spe|1
|move|p1a: Okidogi|Ice Punch|p2a: Dragonite
|-supereffective|p2a: Dragonite
|-damage|p2a: Dragonite|0 fnt
|faint|p2a: Dragonite
|
|upkeep
|c|☆Satanplayzpokemon|Big problem
|
|t:|1760833445
|switch|p2a: Pachirisu|Pachirisu, F|100/100
|turn|5
|c|☆MrTable00|thought ur gonna d dance :)
|
|t:|1760833453
|switch|p1a: Golurk|Golurk|100/100
|-activate|p1a: Golurk|move: Sticky Web
|-unboost|p1a: Golurk|spe|1
|move|p2a: Pachirisu|Encore||[still]
|-fail|p2a: Pachirisu
|
|upkeep
|turn|6
|
|t:|1760833462
|switch|p2a: Slowking|Slowking, M|100/100
|move|p1a: Golurk|Trick|p2a: Slowking
|-activate|p1a: Golurk|move: Trick|[of] p2a: Slowking
|-item|p2a: Slowking|Choice Band|[from] move: Trick
|-item|p1a: Golurk|Light Clay|[from] move: Trick
|
|upkeep
|turn|7
|c|☆Satanplayzpokemon|Oh dear
|c|☆MrTable00|u dont have a spacial attacker left snom cant ohko anyone :(
|
|t:|1760833503
|switch|p1a: Snom :3|Snom, F|100/100
|-activate|p1a: Snom :3|move: Sticky Web
|-unboost|p1a: Snom :3|spe|1
|move|p2a: Slowking|Scald|p1a: Snom :3
|-damage|p1a: Snom :3|83/100
|-status|p1a: Snom :3|brn
|
|-damage|p1a: Snom :3|77/100 brn|[from] brn
|upkeep
|turn|8
|
|t:|1760833514
|move|p2a: Slowking|Scald|p1a: Snom :3
|-damage|p1a: Snom :3|60/100 brn
|move|p1a: Snom :3|Mirror Coat|p2a: Slowking
|-damage|p2a: Slowking|78/100
|
|-damage|p1a: Snom :3|54/100 brn|[from] brn
|upkeep
|turn|9
|c|☆Satanplayzpokemon|The snom
|c|☆MrTable00|yea snom is now lost :(
|
|t:|1760833540
|switch|p2a: Tauros|Tauros-Paldea-Blaze, M|100/100
|switch|p1a: Slowbro|Slowbro-Galar, F|100/100
|-activate|p1a: Slowbro|move: Sticky Web
|-unboost|p1a: Slowbro|spe|1
|
|upkeep
|turn|10
|c|☆MrTable00|enter fastbro
|c|☆MrTable00|who will hopefully ouspeed
|c|☆Satanplayzpokemon|Ok uhhhhhh I lost
|
|t:|1760833574
|-terastallize|p2a: Tauros|Ghost
|move|p2a: Tauros|Trailblaze|p1a: Slowbro
|-resisted|p1a: Slowbro
|-damage|p1a: Slowbro|94/100
|-boost|p2a: Tauros|spe|1
|move|p1a: Slowbro|Psychic|p2a: Tauros
|-damage|p2a: Tauros|41/100
|
|upkeep
|turn|11
|c|☆MrTable00|tauros is slow right?
|
|t:|1760833584
|move|p2a: Tauros|Endure|p2a: Tauros
|-singleturn|p2a: Tauros|move: Endure
|move|p1a: Slowbro|Psychic|p2a: Tauros
|-activate|p2a: Tauros|move: Endure
|-damage|p2a: Tauros|1/100
|-enditem|p2a: Tauros|Liechi Berry|[eat]
|-boost|p2a: Tauros|atk|1|[from] item: Liechi Berry
|
|upkeep
|turn|12
|
|t:|1760833595
|move|p2a: Tauros|Raging Bull|p1a: Slowbro
|-damage|p1a: Slowbro|40/100
|move|p1a: Slowbro|Psychic|p2a: Tauros
|-damage|p2a: Tauros|0 fnt
|faint|p2a: Tauros
|
|upkeep
|
|t:|1760833600
|switch|p2a: Clefable|Clefable, M|100/100
|turn|13
|c|☆Satanplayzpokemon|Yep that’s gg
|-activate|p1a: Slowbro|ability: Quick Draw
|
|t:|1760833613
|move|p1a: Slowbro|Shell Side Arm|p2a: Clefable|[anim] Shell Side Arm Special
|-supereffective|p2a: Clefable
|-damage|p2a: Clefable|24/100
|-hint|Special Shell Side Arm
|move|p2a: Clefable|Charge Beam|p1a: Slowbro
|-damage|p1a: Slowbro|28/100
|-boost|p2a: Clefable|spa|1
|
|-heal|p2a: Clefable|30/100|[from] item: Leftovers
|upkeep
|turn|14
|c|☆MrTable00|u won the 50 50 3 turns in a row if that makes u feel better
|
|t:|1760833625
|move|p2a: Clefable|Moonlight|p2a: Clefable
|-heal|p2a: Clefable|80/100
|move|p1a: Slowbro|Shell Side Arm|p2a: Clefable|[anim] Shell Side Arm Special
|-supereffective|p2a: Clefable
|-damage|p2a: Clefable|0 fnt
|-hint|Special Shell Side Arm
|faint|p2a: Clefable
|
|upkeep
|c|☆Satanplayzpokemon|I guess
|
|t:|1760833637
|switch|p2a: Slowking|Slowking, M|100/100
|turn|15
|
|t:|1760833641
|move|p1a: Slowbro|Psychic|p2a: Slowking
|-resisted|p2a: Slowking
|-damage|p2a: Slowking|83/100
|move|p2a: Slowking|Future Sight|p1a: Slowbro
|-start|p2a: Slowking|move: Future Sight
|
|upkeep
|turn|16
|c|☆Satanplayzpokemon|Yikes not a single ko embarrassing
|
|t:|1760833658
|switch|p2a: Pachirisu|Pachirisu, F|100/100
|move|p1a: Slowbro|Psychic|p2a: Pachirisu
|-damage|p2a: Pachirisu|49/100
|-enditem|p2a: Pachirisu|Sitrus Berry|[eat]
|-heal|p2a: Pachirisu|74/100|[from] item: Sitrus Berry
|
|upkeep
|turn|17
|
|t:|1760833666
|switch|p1a: Alomomola|Alomomola, M|100/100
|move|p2a: Pachirisu|Nuzzle|p1a: Alomomola
|-supereffective|p1a: Alomomola
|-damage|p1a: Alomomola|97/100
|-status|p1a: Alomomola|par
|
|-end|p1a: Alomomola|move: Future Sight
|-damage|p1a: Alomomola|50/100 par
|upkeep
|turn|18
|
|t:|1760833679
|switch|p1a: Golurk|Golurk|100/100
|-activate|p1a: Golurk|move: Sticky Web
|-unboost|p1a: Golurk|spe|1
|move|p2a: Pachirisu|Super Fang|p1a: Golurk
|-immune|p1a: Golurk
|
|upkeep
|turn|19
|
|t:|1760833689
|switch|p2a: Slowking|Slowking, M|100/100
|move|p1a: Golurk|Earthquake|p2a: Slowking
|-damage|p2a: Slowking|56/100
|
|upkeep
|turn|20
|
|t:|1760833695
|move|p1a: Golurk|Poltergeist|p2a: Slowking
|-activate|p2a: Slowking|move: Poltergeist|Choice Band
|-supereffective|p2a: Slowking
|-damage|p2a: Slowking|0 fnt
|faint|p2a: Slowking
|
|upkeep
|
|t:|1760833698
|switch|p2a: Pachirisu|Pachirisu, F|74/100
|turn|21
|c|☆MrTable00|sadly snom did not get to sweep
|c|☆Satanplayzpokemon|Ok last rematch
|
|t:|1760833716
|move|p2a: Pachirisu|Encore|p1a: Golurk
|-start|p1a: Golurk|Encore
|move|p1a: Golurk|Poltergeist||[still]
|-fail|p1a: Golurk
|
|upkeep
|turn|22
|
|t:|1760833725
|switch|p1a: Snom :3|Snom, F|54/100 brn
|-activate|p1a: Snom :3|move: Sticky Web
|-unboost|p1a: Snom :3|spe|1
|move|p2a: Pachirisu|Super Fang|p1a: Snom :3
|-damage|p1a: Snom :3|27/100 brn
|
|-damage|p1a: Snom :3|21/100 brn|[from] brn
|upkeep
|turn|23
|
|t:|1760833739
|move|p2a: Pachirisu|Volt Switch|p1a: Snom :3
|-damage|p1a: Snom :3|14/100 brn
|move|p1a: Snom :3|Icy Wind|p2a: Pachirisu
|-damage|p2a: Pachirisu|62/100
|-unboost|p2a: Pachirisu|spe|1
|
|-damage|p1a: Snom :3|8/100 brn|[from] brn
|upkeep
|turn|24
|c|☆Satanplayzpokemon|Switch to golurk preserve snom
|c|☆MrTable00|should i use the same team- or perhaps not snom
|c|☆MrTable00|ur right
|c|☆Satanplayzpokemon|Either way
|c|☆MrTable00|long live snom
|
|t:|1760833774
|switch|p1a: Golurk|Golurk|100/100
|-activate|p1a: Golurk|move: Sticky Web
|-unboost|p1a: Golurk|spe|1
|move|p2a: Pachirisu|Volt Switch|p1a: Golurk
|-immune|p1a: Golurk
|
|upkeep
|turn|25
|
|t:|1760833782
|move|p2a: Pachirisu|Nuzzle|p1a: Golurk
|-immune|p1a: Golurk
|move|p1a: Golurk|Earthquake|p2a: Pachirisu
|-supereffective|p2a: Pachirisu
|-damage|p2a: Pachirisu|0 fnt
|faint|p2a: Pachirisu
|
|win|MrTable00
|c|☆MrTable00|gg
|c|☆MrTable00|so
|c|☆Satanplayzpokemon|Long live snom gg
|c|☆MrTable00|not snom team or indeed snom team
|c|☆Satanplayzpokemon|Snom
|l|☆MrTable00
|player|p1|
|c|☆Satanplayzpokemon|I don’t have another team so
