|j|☆crazey19
|j|☆SuceurDeFildrong
|t:|1760820097
|gametype|singles
|player|p1|crazey19|265|1491
|player|p2|SuceurDeFildrong|102|1474
|gen|9
|tier|[Gen 9] OU
|rated|
|rule|HP Percentage Mod: HP is shown in percentages
|rule|Endless Battle Clause: Forcing endless battles is banned
|rule|Species Clause: Limit one of each Pokémon
|rule|OHKO Clause: OHKO moves are banned
|rule|Evasion Items Clause: Evasion items are banned
|rule|Evasion Moves Clause: Evasion moves are banned
|rule|Evasion Abilities Clause: Evasion abilities are banned
|rule|Sleep Moves Clause: Sleep-inducing moves are banned
|clearpoke
|poke|p1|Sceptile, M|
|poke|p1|Iron Moth|
|poke|p1|Glimmora, M|
|poke|p1|Samurott-Hisui, F|
|poke|p1|Iron Crown|
|poke|p1|Indeedee-F, F|
|poke|p2|Garchomp, F|
|poke|p2|Greninja-*, M|
|poke|p2|Dragonite, M|
|poke|p2|Sandy Shocks|
|poke|p2|Iron Valiant|
|poke|p2|Kingambit, F|
|teampreview
|l|☆SuceurDeFildrong
|player|p2|
|
|t:|1760820110
|teamsize|p1|6
|teamsize|p2|6
|start
|switch|p1a: Glimmora|Glimmora, M|100/100
|switch|p2a: Garchomp|Garchomp, F|100/100
|turn|1
|j|☆SuceurDeFildrong
|player|p2|SuceurDeFildrong|102|
|
|t:|1760820126
|move|p2a: Garchomp|Earthquake|p1a: Glimmora
|-supereffective|p1a: Glimmora
|-enditem|p1a: Glimmora|Focus Sash
|-damage|p1a: Glimmora|1/100
|-activate|p1a: Glimmora|ability: Toxic Debris
|-sidestart|p2: SuceurDeFildrong|move: Toxic Spikes
|move|p1a: Glimmora|Stealth Rock|p2a: Garchomp
|-sidestart|p2: SuceurDeFildrong|move: Stealth Rock
|
|upkeep
|turn|2
|
|t:|1760820131
|move|p2a: Garchomp|Stealth Rock|p1a: Glimmora
|-sidestart|p1: crazey19|move: Stealth Rock
|move|p1a: Glimmora|Mortal Spin|p2a: Garchomp
|-resisted|p2a: Garchomp
|-damage|p2a: Garchomp|98/100
|-status|p2a: Garchomp|psn
|-damage|p1a: Glimmora|0 fnt|[from] ability: Rough Skin|[of] p2a: Garchomp
|faint|p1a: Glimmora
|
|-damage|p2a: Garchomp|86/100 psn|[from] psn
|upkeep
|
|t:|1760820135
|switch|p1a: Samurott|Samurott-Hisui, F|100/100
|-damage|p1a: Samurott|88/100|[from] Stealth Rock
|turn|3
|inactive|Battle timer is ON: inactive players will automatically lose when time's up. (requested by SuceurDeFildrong)
|
|t:|1760820156
|move|p2a: Garchomp|Spikes|p1a: Samurott
|-sidestart|p1: crazey19|Spikes
|move|p1a: Samurott|Knock Off|p2a: Garchomp
|-damage|p2a: Garchomp|54/100 psn
|-damage|p1a: Samurott|76/100|[from] ability: Rough Skin|[of] p2a: Garchomp
|-damage|p1a: Samurott|60/100|[from] item: Rocky Helmet|[of] p2a: Garchomp
|-enditem|p2a: Garchomp|Rocky Helmet|[from] move: Knock Off|[of] p1a: Samurott
|
|-damage|p2a: Garchomp|42/100 psn|[from] psn
|upkeep
|turn|4
|
|t:|1760820165
|move|p2a: Garchomp|Earthquake|p1a: Samurott
|-damage|p1a: Samurott|14/100
|move|p1a: Samurott|Ceaseless Edge|p2a: Garchomp
|-damage|p2a: Garchomp|10/100 psn
|-damage|p1a: Samurott|2/100|[from] ability: Rough Skin|[of] p2a: Garchomp
|-sidestart|p2: SuceurDeFildrong|Spikes
|
|-damage|p2a: Garchomp|0 fnt|[from] psn
|faint|p2a: Garchomp
|upkeep
|inactive|SuceurDeFildrong has 120 seconds left.
|
|t:|1760820198
|switch|p2a: Greninja|Greninja, M|100/100
|-status|p2a: Greninja|psn
|-damage|p2a: Greninja|88/100 psn|[from] Stealth Rock
|-damage|p2a: Greninja|76/100 psn|[from] Spikes
|turn|5
|
|t:|1760820205
|move|p1a: Samurott|Sucker Punch|p2a: Greninja
|-resisted|p2a: Greninja
|-damage|p2a: Greninja|49/100 psn
|move|p2a: Greninja|Dark Pulse|p1a: Samurott
|-resisted|p1a: Samurott
|-damage|p1a: Samurott|0 fnt
|faint|p1a: Samurott
|-ability|p2a: Greninja|Battle Bond|boost
|-boost|p2a: Greninja|atk|1
|-boost|p2a: Greninja|spa|1
|-boost|p2a: Greninja|spe|1
|-activate|p2a: Greninja|ability: Battle Bond
|-damage|p2a: Greninja|39/100 psn|[from] item: Life Orb
|
|-damage|p2a: Greninja|26/100 psn|[from] psn
|upkeep
|
|t:|1760820216
|switch|p1a: Indeedee|Indeedee-F, F|100/100
|-damage|p1a: Indeedee|88/100|[from] Stealth Rock
|-damage|p1a: Indeedee|75/100|[from] Spikes
|-fieldstart|move: Psychic Terrain|[from] ability: Psychic Surge|[of] p1a: Indeedee
|turn|6
|
|t:|1760820228
|move|p2a: Greninja|Dark Pulse|p1a: Indeedee
|-supereffective|p1a: Indeedee
|-damage|p1a: Indeedee|0 fnt
|faint|p1a: Indeedee
|-damage|p2a: Greninja|17/100 psn|[from] item: Life Orb
|
|-damage|p2a: Greninja|4/100 psn|[from] psn
|upkeep
|
|t:|1760820232
|switch|p1a: Iron Crown|Iron Crown|100/100
|-damage|p1a: Iron Crown|94/100|[from] Stealth Rock
|-damage|p1a: Iron Crown|82/100|[from] Spikes
|turn|7
|
|t:|1760820239
|move|p2a: Greninja|Dark Pulse|p1a: Iron Crown
|-supereffective|p1a: Iron Crown
|-damage|p1a: Iron Crown|0 fnt
|faint|p1a: Iron Crown
|-end|p1a: Iron Crown|Quark Drive|[silent]
|-damage|p2a: Greninja|0 fnt|[from] item: Life Orb
|faint|p2a: Greninja
|
|upkeep
|
|t:|1760820256
|switch|p2a: Iron Valiant|Iron Valiant|100/100
|switch|p1a: Iron Moth|Iron Moth|100/100
|-status|p2a: Iron Valiant|psn
|-damage|p2a: Iron Valiant|94/100 psn|[from] Stealth Rock
|-damage|p2a: Iron Valiant|82/100 psn|[from] Spikes
|-damage|p1a: Iron Moth|76/100|[from] Stealth Rock
|-damage|p1a: Iron Moth|63/100|[from] Spikes
|-enditem|p2a: Iron Valiant|Booster Energy
|-activate|p2a: Iron Valiant|ability: Quark Drive|[fromitem]
|-start|p2a: Iron Valiant|quarkdrivespe
|-enditem|p1a: Iron Moth|Booster Energy
|-activate|p1a: Iron Moth|ability: Quark Drive|[fromitem]
|-start|p1a: Iron Moth|quarkdrivespe
|turn|8
|
|t:|1760820262
|move|p2a: Iron Valiant|Destiny Bond|p2a: Iron Valiant
|-singlemove|p2a: Iron Valiant|Destiny Bond
|move|p1a: Iron Moth|Sludge Wave|p2a: Iron Valiant
|-supereffective|p2a: Iron Valiant
|-damage|p2a: Iron Valiant|0 fnt
|faint|p2a: Iron Valiant
|-activate|p2a: Iron Valiant|move: Destiny Bond
|-end|p2a: Iron Valiant|Quark Drive|[silent]
|faint|p1a: Iron Moth
|-end|p1a: Iron Moth|Quark Drive|[silent]
|
|upkeep
|
|t:|1760820267
|switch|p2a: Sandy Shocks|Sandy Shocks|100/100
|switch|p1a: lizard|Sceptile, M, shiny|100/100
|-status|p2a: Sandy Shocks|psn
|-damage|p2a: Sandy Shocks|94/100 psn|[from] Stealth Rock
|-damage|p2a: Sandy Shocks|82/100 psn|[from] Spikes
|-damage|p1a: lizard|88/100|[from] Stealth Rock
|-damage|p1a: lizard|76/100|[from] Spikes
|-enditem|p2a: Sandy Shocks|Booster Energy
|-activate|p2a: Sandy Shocks|ability: Protosynthesis|[fromitem]
|-start|p2a: Sandy Shocks|protosynthesisspe
|turn|9
|
|t:|1760820274
|move|p2a: Sandy Shocks|Substitute|p2a: Sandy Shocks
|-start|p2a: Sandy Shocks|Substitute
|-damage|p2a: Sandy Shocks|57/100 psn
|move|p1a: lizard|Substitute|p1a: lizard
|-start|p1a: lizard|Substitute
|-damage|p1a: lizard|51/100
|
|-damage|p2a: Sandy Shocks|45/100 psn|[from] psn
|upkeep
|turn|10
|
|t:|1760820280
|move|p2a: Sandy Shocks|Tera Blast|p1a: lizard
|-end|p1a: lizard|Substitute
|move|p1a: lizard|Swords Dance|p1a: lizard
|-boost|p1a: lizard|atk|2
|
|-damage|p2a: Sandy Shocks|32/100 psn|[from] psn
|upkeep
|turn|11
|-message|crazey19 forfeited.
|
|win|SuceurDeFildrong
|raw|crazey19's rating: 1491 &rarr; <strong>1470</strong><br />(-21 for losing)
|raw|SuceurDeFildrong's rating: 1474 &rarr; <strong>1495</strong><br />(+21 for winning)
|l|☆crazey19
|player|p1|
|l|☆SuceurDeFildrong
|player|p2|
