|badge|p2|bronze|gen9ou|100-7
|uhtml|medal-msg|<div class="broadcast-blue">Curious what those medals under the avatar are? PS now has Ladder Seasons! For more information, check out the <a href="https://www.smogon.com/forums/threads/3740067/">thread on Smogon.</a></div>
|j|☆deepfriedmagikarp
|j|☆torvik en place
|t:|1760835221
|gametype|singles
|player|p1|deepfriedmagikarp|pokemonranger-gen4|1817
|player|p2|torvik en place|lucas|1938
|gen|9
|tier|[Gen 9] OU
|rated|
|rule|HP Percentage Mod: HP is shown in percentages
|rule|Endless Battle Clause: Forcing endless battles is banned
|rule|Species Clause: Limit one of each Pokémon
|rule|OHKO Clause: OHKO moves are banned
|rule|Evasion Items Clause: Evasion items are banned
|rule|Evasion Moves Clause: Evasion moves are banned
|rule|Evasion Abilities Clause: Evasion abilities are banned
|rule|Sleep Moves Clause: Sleep-inducing moves are banned
|clearpoke
|poke|p1|Ogerpon-Wellspring, F|
|poke|p1|Kingambit, F|
|poke|p1|Landorus-Therian, M|
|poke|p1|Glimmora, F|
|poke|p1|Dragapult, F|
|poke|p1|Iron Valiant|
|poke|p2|Darkrai|
|poke|p2|Enamorus, F|
|poke|p2|Cinderace, F|
|poke|p2|Great Tusk|
|poke|p2|Alomomola, F|
|poke|p2|Amoonguss, F|
|teampreview
|inactive|Battle timer is ON: inactive players will automatically lose when time's up. (requested by deepfriedmagikarp)
|
|t:|1760835249
|teamsize|p1|6
|teamsize|p2|6
|start
|switch|p1a: Landorus|Landorus-Therian, M|100/100
|switch|p2a: Darkrai|Darkrai|100/100
|-ability|p1a: Landorus|Intimidate|boost
|-unboost|p2a: Darkrai|atk|1
|turn|1
|
|t:|1760835261
|switch|p1a: Kingambit|Kingambit, F|100/100
|move|p2a: Darkrai|Ice Beam|p1a: Kingambit
|-resisted|p1a: Kingambit
|-damage|p1a: Kingambit|84/100
|
|-heal|p1a: Kingambit|90/100|[from] item: Leftovers
|upkeep
|turn|2
|
|t:|1760835281
|switch|p2a: Alomomola|Alomomola, F|100/100
|move|p1a: Kingambit|Iron Head|p2a: Alomomola
|-resisted|p2a: Alomomola
|-damage|p2a: Alomomola|83/100
|
|-heal|p1a: Kingambit|96/100|[from] item: Leftovers
|upkeep
|turn|3
|j| ty-tyui↻
|
|t:|1760835289
|-end|p1a: Kingambit|fallenundefined|[silent]
|switch|p1a: Ogerpon|Ogerpon-Wellspring, F|100/100
|switch|p2a: Cinderace|Cinderace, F|100/100
|
|upkeep
|turn|4
|
|t:|1760835293
|switch|p1a: Landorus|Landorus-Therian, M|100/100
|-ability|p1a: Landorus|Intimidate|boost
|-unboost|p2a: Cinderace|atk|1
|move|p2a: Cinderace|U-turn|p1a: Landorus
|-resisted|p1a: Landorus
|-damage|p1a: Landorus|94/100
|-damage|p2a: Cinderace|84/100|[from] item: Rocky Helmet|[of] p1a: Landorus
|
|t:|1760835319
|switch|p2a: Enamorus|Enamorus, F|100/100|[from] U-turn
|
|upkeep
|turn|5
|j| Nacht556
|
|t:|1760835322
|-terastallize|p2a: Enamorus|Fairy
|move|p2a: Enamorus|Moonblast|p1a: Landorus
|-damage|p1a: Landorus|0 fnt
|faint|p1a: Landorus
|
|upkeep
|
|t:|1760835329
|switch|p1a: Glimmora|Glimmora, F|100/100
|turn|6
|inactive|torvik en place has 120 seconds left.
|inactive|torvik en place has 90 seconds left.
|
|t:|1760835395
|switch|p2a: Alomomola|Alomomola, F|100/100
|move|p1a: Glimmora|Meteor Beam||[still]
|-prepare|p1a: Glimmora|Meteor Beam
|-boost|p1a: Glimmora|spa|1
|-enditem|p1a: Glimmora|Power Herb
|-anim|p1a: Glimmora|Meteor Beam|p2a: Alomomola
|-damage|p2a: Alomomola|49/100
|
|upkeep
|turn|7
|inactive|torvik en place has 90 seconds left.
|
|t:|1760835408
|move|p1a: Glimmora|Spikes|p2a: Alomomola
|-sidestart|p2: torvik en place|Spikes
|move|p2a: Alomomola|Flip Turn|p1a: Glimmora
|-supereffective|p1a: Glimmora
|-damage|p1a: Glimmora|61/100
|-activate|p1a: Glimmora|ability: Toxic Debris
|-sidestart|p2: torvik en place|move: Toxic Spikes
|
|t:|1760835429
|switch|p2a: Cinderace|Cinderace, F|84/100|[from] Flip Turn
|
|upkeep
|turn|8
|
|t:|1760835445
|move|p2a: Cinderace|Court Change|p2a: Cinderace
|-swapsideconditions
|-activate|p2a: Cinderace|move: Court Change
|move|p1a: Glimmora|Earth Power|p2a: Cinderace
|-supereffective|p2a: Cinderace
|-damage|p2a: Cinderace|0 fnt
|faint|p2a: Cinderace
|
|upkeep
|inactive|torvik en place has 60 seconds left.
|
|t:|1760835476
|switch|p2a: Enamorus|Enamorus, F, tera:Fairy|100/100
|turn|9
|inactive|torvik en place has 60 seconds left.
|
|t:|1760835511
|switch|p1a: Dragapult|Dragapult, F|100/100
|-damage|p1a: Dragapult|88/100|[from] Spikes
|-status|p1a: Dragapult|psn
|move|p2a: Enamorus|Moonblast|p1a: Dragapult
|-supereffective|p1a: Dragapult
|-damage|p1a: Dragapult|0 fnt
|faint|p1a: Dragapult
|
|upkeep
|
|t:|1760835517
|switch|p1a: Ogerpon|Ogerpon-Wellspring, F|100/100
|-damage|p1a: Ogerpon|88/100|[from] Spikes
|-status|p1a: Ogerpon|psn
|turn|10
|
|t:|1760835520
|switch|p2a: Amoonguss|Amoonguss, F|100/100
|move|p1a: Ogerpon|Ivy Cudgel|p2a: Amoonguss|[anim] Ivy Cudgel Water
|-resisted|p2a: Amoonguss
|-damage|p2a: Amoonguss|79/100
|
|-damage|p1a: Ogerpon|76/100 psn|[from] psn
|upkeep
|turn|11
|
|t:|1760835523
|switch|p1a: Glimmora|Glimmora, F|61/100
|-damage|p1a: Glimmora|49/100|[from] Spikes
|-sideend|p1: deepfriedmagikarp|move: Toxic Spikes|[of] p1a: Glimmora
|move|p2a: Amoonguss|Leaf Storm|p1a: Glimmora
|-damage|p1a: Glimmora|0 fnt
|-unboost|p2a: Amoonguss|spa|2
|faint|p1a: Glimmora
|-enditem|p2a: Amoonguss|Eject Pack
|
|t:|1760835531
|switch|p2a: Great Tusk|Great Tusk|100/100
|
|upkeep
|
|t:|1760835550
|switch|p1a: Ogerpon|Ogerpon-Wellspring, F|76/100 psn
|-damage|p1a: Ogerpon|64/100 psn|[from] Spikes
|turn|12
|
|t:|1760835567
|move|p2a: Great Tusk|Close Combat|p1a: Ogerpon
|-damage|p1a: Ogerpon|0 fnt
|-unboost|p2a: Great Tusk|def|1
|-unboost|p2a: Great Tusk|spd|1
|faint|p1a: Ogerpon
|
|upkeep
|
|t:|1760835572
|switch|p1a: Iron Valiant|Iron Valiant|100/100
|-damage|p1a: Iron Valiant|88/100|[from] Spikes
|-enditem|p1a: Iron Valiant|Booster Energy
|-activate|p1a: Iron Valiant|ability: Quark Drive|[fromitem]
|-start|p1a: Iron Valiant|quarkdrivespe
|turn|13
|
|t:|1760835576
|-end|p2a: Great Tusk|Protosynthesis|[silent]
|switch|p2a: Alomomola|Alomomola, F|82/100
|move|p1a: Iron Valiant|Swords Dance|p1a: Iron Valiant
|-boost|p1a: Iron Valiant|atk|2
|
|upkeep
|turn|14
|inactive|torvik en place has 90 seconds left.
|
|t:|1760835596
|move|p1a: Iron Valiant|Swords Dance|p1a: Iron Valiant
|-boost|p1a: Iron Valiant|atk|2
|move|p2a: Alomomola|Body Slam|p1a: Iron Valiant
|-damage|p1a: Iron Valiant|69/100
|-status|p1a: Iron Valiant|par
|
|upkeep
|turn|15
|
|t:|1760835600
|move|p1a: Iron Valiant|Spirit Break|p2a: Alomomola
|-damage|p2a: Alomomola|0 fnt
|faint|p2a: Alomomola
|
|upkeep
|j| simplegent
|inactive|torvik en place has 90 seconds left.
|
|t:|1760835613
|switch|p2a: Enamorus|Enamorus, F, tera:Fairy|100/100
|turn|16
|c|☆deepfriedmagikarp|goes for it once, gets it lovely
|
|t:|1760835621
|move|p2a: Enamorus|Moonblast|p1a: Iron Valiant
|-supereffective|p1a: Iron Valiant
|-damage|p1a: Iron Valiant|0 fnt
|faint|p1a: Iron Valiant
|-end|p1a: Iron Valiant|Quark Drive|[silent]
|
|upkeep
|
|t:|1760835622
|switch|p1a: Kingambit|Kingambit, F|96/100
|-damage|p1a: Kingambit|84/100|[from] Spikes
|-activate|p1a: Kingambit|ability: Supreme Overlord
|-start|p1a: Kingambit|fallen5|[silent]
|turn|17
|
|t:|1760835624
|-terastallize|p1a: Kingambit|Fire
|move|p2a: Enamorus|Moonblast|p1a: Kingambit
|-resisted|p1a: Kingambit
|-damage|p1a: Kingambit|35/100
|move|p1a: Kingambit|Swords Dance|p1a: Kingambit
|-boost|p1a: Kingambit|atk|2
|
|-heal|p1a: Kingambit|41/100|[from] item: Leftovers
|upkeep
|turn|18
|
|t:|1760835632
|move|p1a: Kingambit|Sucker Punch|p2a: Enamorus
|-resisted|p2a: Enamorus
|-damage|p2a: Enamorus|0 fnt
|faint|p2a: Enamorus
|
|-heal|p1a: Kingambit|47/100|[from] item: Leftovers
|upkeep
|
|t:|1760835633
|switch|p2a: Great Tusk|Great Tusk|100/100
|turn|19
|
|t:|1760835636
|move|p1a: Kingambit|Sucker Punch|p2a: Great Tusk
|-resisted|p2a: Great Tusk
|-damage|p2a: Great Tusk|53/100
|move|p2a: Great Tusk|Headlong Rush|p1a: Kingambit
|-supereffective|p1a: Kingambit
|-damage|p1a: Kingambit|0 fnt
|-unboost|p2a: Great Tusk|def|1
|-unboost|p2a: Great Tusk|spd|1
|faint|p1a: Kingambit
|-end|p1a: Kingambit|fallen5|[silent]
|
|win|torvik en place
|raw|deepfriedmagikarp's rating: 1817 &rarr; <strong>1804</strong><br />(-13 for losing)
|raw|torvik en place's rating: 1938 &rarr; <strong>1951</strong><br />(+13 for winning)
|l|☆deepfriedmagikarp
|player|p1|
|l|☆torvik en place
|player|p2|
|l| ty-tyui↻
|l| simplegent
