|j|☆Gojiratar
|j|☆OP Earthquakes
|t:|1760879916
|gametype|singles
|player|p1|Gojiratar|rancher|1535
|player|p2|OP Earthquakes|giovanni-masters|1564
|gen|9
|tier|[Gen 9] OU
|rated|
|rule|HP Percentage Mod: HP is shown in percentages
|rule|Endless Battle Clause: Forcing endless battles is banned
|rule|Species Clause: Limit one of each Pokémon
|rule|OHKO Clause: OHKO moves are banned
|rule|Evasion Items Clause: Evasion items are banned
|rule|Evasion Moves Clause: Evasion moves are banned
|rule|Evasion Abilities Clause: Evasion abilities are banned
|rule|Sleep Moves Clause: Sleep-inducing moves are banned
|clearpoke
|poke|p1|Tyranitar, M|
|poke|p1|Ting-Lu|
|poke|p1|Zamazenta-*|
|poke|p1|Corviknight, M|
|poke|p1|Dragapult, M|
|poke|p1|Rillaboom, F|
|poke|p2|Excadrill, F|
|poke|p2|Hawlucha, M|
|poke|p2|Kyurem|
|poke|p2|Tyranitar, F|
|poke|p2|Pawmot, M|
|poke|p2|Thundurus-Therian, M|
|teampreview
|inactive|Battle timer is ON: inactive players will automatically lose when time's up. (requested by OP Earthquakes)
|c|☆OP Earthquakes|GLHF!
|inactive|Gojiratar has 120 seconds left.
|inactive|OP Earthquakes has 120 seconds left.
|inactive|Gojiratar has 90 seconds left.
|
|t:|1760879982
|teamsize|p1|6
|teamsize|p2|6
|start
|switch|p1a: Dragapult|Dragapult, M|100/100
|switch|p2a: Frieza|Kyurem, shiny|100/100
|-ability|p2a: Frieza|Pressure
|turn|1
|
|t:|1760879989
|switch|p2a: Shukaku|Tyranitar, F, shiny|100/100
|-weather|Sandstorm|[from] ability: Sand Stream|[of] p2a: Shukaku
|move|p1a: Dragapult|U-turn|p2a: Shukaku
|-supereffective|p2a: Shukaku
|-damage|p2a: Shukaku|71/100
|
|t:|1760880000
|switch|p1a: Rillaboom|Rillaboom, F|100/100|[from] U-turn
|-fieldstart|move: Grassy Terrain|[from] ability: Grassy Surge|[of] p1a: Rillaboom
|
|-weather|Sandstorm|[upkeep]
|-damage|p1a: Rillaboom|94/100|[from] Sandstorm
|-heal|p1a: Rillaboom|100/100|[from] Grassy Terrain
|-heal|p2a: Shukaku|77/100|[from] Grassy Terrain
|upkeep
|turn|2
|
|t:|1760880008
|switch|p2a: Frieza|Kyurem, shiny|100/100
|-ability|p2a: Frieza|Pressure
|move|p1a: Rillaboom|U-turn|p2a: Frieza
|-damage|p2a: Frieza|64/100
|
|t:|1760880013
|switch|p1a: Dragapult|Dragapult, M|100/100|[from] U-turn
|
|-weather|Sandstorm|[upkeep]
|-damage|p1a: Dragapult|95/100|[from] Sandstorm
|-damage|p2a: Frieza|58/100|[from] Sandstorm
|-heal|p1a: Dragapult|100/100|[from] Grassy Terrain
|-heal|p2a: Frieza|64/100|[from] Grassy Terrain
|upkeep
|turn|3
|
|t:|1760880018
|switch|p2a: OP|Excadrill, F|100/100
|move|p1a: Dragapult|Dragon Darts|p2a: OP
|-resisted|p2a: OP
|-damage|p2a: OP|86/100
|-anim|p1a: Dragapult|Dragon Darts|p2a: OP
|-resisted|p2a: OP
|-damage|p2a: OP|71/100
|
|-weather|Sandstorm|[upkeep]
|-damage|p1a: Dragapult|95/100|[from] Sandstorm
|-heal|p2a: OP|77/100|[from] Grassy Terrain
|-heal|p1a: Dragapult|100/100|[from] Grassy Terrain
|upkeep
|turn|4
|
|t:|1760880041
|-terastallize|p2a: OP|Fire
|move|p2a: OP|Tera Blast|p1a: Dragapult|[anim] Tera Blast Fire
|-resisted|p1a: Dragapult
|-damage|p1a: Dragapult|54/100
|move|p1a: Dragapult|Will-O-Wisp|p2a: OP
|-immune|p2a: OP
|
|-weather|Sandstorm|[upkeep]
|-damage|p1a: Dragapult|48/100|[from] Sandstorm
|-heal|p2a: OP|83/100|[from] Grassy Terrain
|-heal|p1a: Dragapult|54/100|[from] Grassy Terrain
|upkeep
|turn|5
|
|t:|1760880056
|switch|p2a: Itachi|Hawlucha, M, shiny|100/100
|-ability|p2a: Itachi|Mold Breaker
|switch|p1a: Ting-Lu|Ting-Lu|100/100
|-ability|p1a: Ting-Lu|Vessel of Ruin
|
|-weather|Sandstorm|[upkeep]
|-damage|p2a: Itachi|94/100|[from] Sandstorm
|-fieldend|move: Grassy Terrain
|upkeep
|turn|6
|
|t:|1760880061
|move|p2a: Itachi|Swords Dance|p2a: Itachi
|-boost|p2a: Itachi|atk|2
|move|p1a: Ting-Lu|Whirlwind|p2a: Itachi
|drag|p2a: Shukaku|Tyranitar, F, shiny|77/100
|
|-weather|Sandstorm|[upkeep]
|upkeep
|turn|7
|
|t:|1760880068
|switch|p2a: Frieza|Kyurem, shiny|64/100
|-ability|p2a: Frieza|Pressure
|move|p1a: Ting-Lu|Stealth Rock|p2a: Frieza
|-sidestart|p2: OP Earthquakes|move: Stealth Rock
|
|-weather|Sandstorm|[upkeep]
|-damage|p2a: Frieza|58/100|[from] Sandstorm
|upkeep
|turn|8
|
|t:|1760880072
|switch|p1a: Corviknight|Corviknight, M|100/100
|-ability|p1a: Corviknight|Pressure
|move|p2a: Frieza|Freeze-Dry|p1a: Corviknight
|-damage|p1a: Corviknight|62/100
|
|-weather|none
|upkeep
|turn|9
|
|t:|1760880080
|switch|p2a: Itachi|Hawlucha, M, shiny|94/100
|-damage|p2a: Itachi|82/100|[from] Stealth Rock
|-ability|p2a: Itachi|Mold Breaker
|move|p1a: Corviknight|Body Press|p2a: Itachi
|-resisted|p2a: Itachi
|-damage|p2a: Itachi|63/100
|-enditem|p2a: Itachi|Red Card|[of] p1a: Corviknight
|drag|p1a: Dragapult|Dragapult, M|54/100
|
|upkeep
|turn|10
|
|t:|1760880093
|switch|p2a: Shukaku|Tyranitar, F, shiny|77/100
|-damage|p2a: Shukaku|65/100|[from] Stealth Rock
|-weather|Sandstorm|[from] ability: Sand Stream|[of] p2a: Shukaku
|move|p1a: Dragapult|Will-O-Wisp|p2a: Shukaku
|-status|p2a: Shukaku|brn
|
|-weather|Sandstorm|[upkeep]
|-damage|p1a: Dragapult|48/100|[from] Sandstorm
|-damage|p2a: Shukaku|58/100 brn|[from] brn
|upkeep
|turn|11
|
|t:|1760880101
|move|p1a: Dragapult|U-turn|p2a: Shukaku
|-supereffective|p2a: Shukaku
|-damage|p2a: Shukaku|32/100 brn
|
|t:|1760880104
|switch|p1a: Ting-Lu|Ting-Lu|100/100|[from] U-turn
|-ability|p1a: Ting-Lu|Vessel of Ruin
|move|p2a: Shukaku|Stealth Rock|p1a: Ting-Lu
|-sidestart|p1: Gojiratar|move: Stealth Rock
|
|-weather|Sandstorm|[upkeep]
|-damage|p2a: Shukaku|26/100 brn|[from] brn
|upkeep
|turn|12
|
|t:|1760880111
|move|p1a: Ting-Lu|Earthquake|p2a: Shukaku
|-supereffective|p2a: Shukaku
|-damage|p2a: Shukaku|0 fnt
|faint|p2a: Shukaku
|
|-weather|Sandstorm|[upkeep]
|upkeep
|
|t:|1760880116
|switch|p2a: Frieza|Kyurem, shiny|58/100
|-damage|p2a: Frieza|33/100|[from] Stealth Rock
|-ability|p2a: Frieza|Pressure
|turn|13
|
|t:|1760880124
|switch|p1a: Zamazenta|Zamazenta|100/100
|-ability|p1a: Zamazenta|Dauntless Shield|boost
|-boost|p1a: Zamazenta|def|1
|move|p2a: Frieza|Freeze-Dry|p1a: Zamazenta
|-damage|p1a: Zamazenta|64/100
|-status|p1a: Zamazenta|frz
|
|-weather|Sandstorm|[upkeep]
|-damage|p1a: Zamazenta|57/100 frz|[from] Sandstorm
|-damage|p2a: Frieza|27/100|[from] Sandstorm
|upkeep
|turn|14
|
|t:|1760880131
|cant|p1a: Zamazenta|frz
|move|p2a: Frieza|Freeze-Dry|p1a: Zamazenta
|-damage|p1a: Zamazenta|18/100 frz
|
|-weather|Sandstorm|[upkeep]
|-damage|p1a: Zamazenta|12/100 frz|[from] Sandstorm
|-damage|p2a: Frieza|21/100|[from] Sandstorm
|upkeep
|turn|15
|
|t:|1760880136
|-curestatus|p1a: Zamazenta|frz|[msg]
|move|p1a: Zamazenta|Close Combat|p2a: Frieza
|-supereffective|p2a: Frieza
|-damage|p2a: Frieza|0 fnt
|-unboost|p1a: Zamazenta|def|1
|-unboost|p1a: Zamazenta|spd|1
|faint|p2a: Frieza
|
|-weather|Sandstorm|[upkeep]
|-damage|p1a: Zamazenta|5/100|[from] Sandstorm
|upkeep
|
|t:|1760880149
|switch|p2a: OP|Excadrill, F, tera:Fire|83/100
|-damage|p2a: OP|58/100|[from] Stealth Rock
|turn|16
|
|t:|1760880153
|switch|p1a: Ting-Lu|Ting-Lu|100/100
|-damage|p1a: Ting-Lu|94/100|[from] Stealth Rock
|-ability|p1a: Ting-Lu|Vessel of Ruin
|move|p2a: OP|Iron Head|p1a: Ting-Lu
|-damage|p1a: Ting-Lu|56/100
|
|-weather|Sandstorm|[upkeep]
|-heal|p1a: Ting-Lu|62/100|[from] item: Leftovers
|upkeep
|turn|17
|
|t:|1760880164
|switch|p2a: Itachi|Hawlucha, M, shiny|63/100
|-damage|p2a: Itachi|50/100|[from] Stealth Rock
|-ability|p2a: Itachi|Mold Breaker
|move|p1a: Ting-Lu|Earthquake|p2a: Itachi
|-immune|p2a: Itachi
|
|-weather|none
|-heal|p1a: Ting-Lu|68/100|[from] item: Leftovers
|upkeep
|turn|18
|
|t:|1760880169
|move|p2a: Itachi|Brave Bird|p1a: Ting-Lu
|-damage|p1a: Ting-Lu|40/100
|-damage|p2a: Itachi|35/100|[from] Recoil
|move|p1a: Ting-Lu|Whirlwind|p2a: Itachi
|drag|p2a: Thundurus|Thundurus-Therian, M|100/100
|-damage|p2a: Thundurus|76/100|[from] Stealth Rock
|
|-heal|p1a: Ting-Lu|47/100|[from] item: Leftovers
|upkeep
|turn|19
|
|t:|1760880180
|move|p2a: Thundurus|Tera Blast|p1a: Ting-Lu
|-crit|p1a: Ting-Lu
|-damage|p1a: Ting-Lu|27/100
|move|p1a: Ting-Lu|Ruination|p2a: Thundurus
|-damage|p2a: Thundurus|38/100
|
|-heal|p1a: Ting-Lu|33/100|[from] item: Leftovers
|upkeep
|turn|20
|
|t:|1760880189
|move|p2a: Thundurus|Tera Blast|p1a: Ting-Lu
|-damage|p1a: Ting-Lu|20/100
|move|p1a: Ting-Lu|Ruination|p2a: Thundurus
|-damage|p2a: Thundurus|20/100
|
|-heal|p1a: Ting-Lu|26/100|[from] item: Leftovers
|upkeep
|turn|21
|
|t:|1760880195
|switch|p2a: Porunga|Pawmot, M|100/100
|-damage|p2a: Porunga|95/100|[from] Stealth Rock
|switch|p1a: Dragapult|Dragapult, M|48/100
|
|upkeep
|turn|22
|
|t:|1760880204
|move|p1a: Dragapult|Will-O-Wisp|p2a: Porunga
|-status|p2a: Porunga|brn
|move|p2a: Porunga|Revival Blessing|p2a: Porunga
|-enditem|p2a: Porunga|Leppa Berry|[eat]
|-activate|p2a: Porunga|item: Leppa Berry|Revival Blessing|[consumed]
|
|t:|1760880209
|-heal|p2: Shukaku|50/100|[from] move: Revival Blessing
|
|-damage|p2a: Porunga|89/100 brn|[from] brn
|upkeep
|turn|23
|
|t:|1760880213
|switch|p2a: Shukaku|Tyranitar, F, shiny|50/100
|-damage|p2a: Shukaku|38/100|[from] Stealth Rock
|-weather|Sandstorm|[from] ability: Sand Stream|[of] p2a: Shukaku
|move|p1a: Dragapult|Hex|p2a: Shukaku
|-resisted|p2a: Shukaku
|-damage|p2a: Shukaku|29/100
|
|-weather|Sandstorm|[upkeep]
|-damage|p1a: Dragapult|42/100|[from] Sandstorm
|upkeep
|turn|24
|
|t:|1760880221
|move|p1a: Dragapult|U-turn|p2a: Shukaku
|-supereffective|p2a: Shukaku
|-damage|p2a: Shukaku|2/100
|
|t:|1760880223
|switch|p1a: Corviknight|Corviknight, M|62/100|[from] U-turn
|-damage|p1a: Corviknight|50/100|[from] Stealth Rock
|-ability|p1a: Corviknight|Pressure
|move|p2a: Shukaku|Ice Beam|p1a: Corviknight
|-damage|p1a: Corviknight|25/100
|
|-weather|Sandstorm|[upkeep]
|upkeep
|turn|25
|
|t:|1760880232
|switch|p2a: Itachi|Hawlucha, M, shiny|35/100
|-damage|p2a: Itachi|22/100|[from] Stealth Rock
|-ability|p2a: Itachi|Mold Breaker
|move|p1a: Corviknight|Roost|p1a: Corviknight
|-heal|p1a: Corviknight|75/100
|-singleturn|p1a: Corviknight|move: Roost
|
|-weather|Sandstorm|[upkeep]
|-damage|p2a: Itachi|16/100|[from] Sandstorm
|upkeep
|turn|26
|
|t:|1760880237
|switch|p1a: Zamazenta|Zamazenta|5/100
|move|p2a: Itachi|Defog|p1a: Zamazenta
|-unboost|p1a: Zamazenta|evasion|1
|-sideend|p1: Gojiratar|Stealth Rock|[from] move: Defog|[of] p2a: Itachi
|-sideend|p2: OP Earthquakes|Stealth Rock|[from] move: Defog|[of] p2a: Itachi
|
|-weather|Sandstorm|[upkeep]
|-damage|p1a: Zamazenta|0 fnt|[from] Sandstorm
|-damage|p2a: Itachi|10/100|[from] Sandstorm
|faint|p1a: Zamazenta
|upkeep
|
|t:|1760880244
|switch|p1a: Rillaboom|Rillaboom, F|100/100
|-fieldstart|move: Grassy Terrain|[from] ability: Grassy Surge|[of] p1a: Rillaboom
|turn|27
|
|t:|1760880251
|switch|p2a: Thundurus|Thundurus-Therian, M|20/100
|move|p1a: Rillaboom|Grassy Glide|p2a: Thundurus
|-resisted|p2a: Thundurus
|-damage|p2a: Thundurus|0 fnt
|faint|p2a: Thundurus
|
|-weather|Sandstorm|[upkeep]
|-damage|p1a: Rillaboom|94/100|[from] Sandstorm
|-heal|p1a: Rillaboom|100/100|[from] Grassy Terrain
|upkeep
|
|t:|1760880256
|switch|p2a: OP|Excadrill, F, tera:Fire|58/100
|turn|28
|
|t:|1760880262
|-terastallize|p1a: Rillaboom|Grass
|move|p1a: Rillaboom|Grassy Glide|p2a: OP
|-resisted|p2a: OP
|-damage|p2a: OP|0 fnt
|faint|p2a: OP
|
|-weather|Sandstorm|[upkeep]
|-damage|p1a: Rillaboom|94/100|[from] Sandstorm
|-heal|p1a: Rillaboom|100/100|[from] Grassy Terrain
|upkeep
|-message|OP Earthquakes forfeited.
|
|win|Gojiratar
|raw|Gojiratar's rating: 1553 &rarr; <strong>1574</strong><br />(+21 for winning)
|raw|OP Earthquakes's rating: 1564 &rarr; <strong>1543</strong><br />(-21 for losing)
|l|☆OP Earthquakes
|player|p2|
|l|☆Gojiratar
|player|p1|
