|j|☆MakodaBeast
|j|☆NOOKOK
|t:|1760768802
|gametype|singles
|player|p1|MakodaBeast|2|1173
|player|p2|NOOKOK|nate|1213
|gen|9
|tier|[Gen 9] OU
|rated|
|rule|HP Percentage Mod: HP is shown in percentages
|rule|Endless Battle Clause: Forcing endless battles is banned
|rule|Species Clause: Limit one of each Pokémon
|rule|OHKO Clause: OHKO moves are banned
|rule|Evasion Items Clause: Evasion items are banned
|rule|Evasion Moves Clause: Evasion moves are banned
|rule|Evasion Abilities Clause: Evasion abilities are banned
|rule|Sleep Moves Clause: Sleep-inducing moves are banned
|clearpoke
|poke|p1|Tyranitar, M|
|poke|p1|Excadrill, M|
|poke|p1|Corviknight, M|
|poke|p1|Heatran, M|
|poke|p1|Clefable, F|
|poke|p1|Quagsire, M|
|poke|p2|Polteageist|
|poke|p2|Ceruledge, M|
|poke|p2|Glimmora, M|
|poke|p2|Great Tusk|
|poke|p2|Samurott-Hisui, M|
|poke|p2|Iron Valiant|
|teampreview
|
|t:|1760768819
|teamsize|p1|6
|teamsize|p2|6
|start
|switch|p1a: Corviknight|Corviknight, M, shiny|100/100
|switch|p2a: Iron Valiant|Iron Valiant|100/100
|-ability|p1a: Corviknight|Pressure
|-enditem|p2a: Iron Valiant|Booster Energy
|-activate|p2a: Iron Valiant|ability: Quark Drive|[fromitem]
|-start|p2a: Iron Valiant|quarkdrivespe
|turn|1
|
|t:|1760768832
|move|p2a: Iron Valiant|Knock Off|p1a: Corviknight
|-damage|p1a: Corviknight|82/100
|-damage|p2a: Iron Valiant|84/100|[from] item: Rocky Helmet|[of] p1a: Corviknight
|-enditem|p1a: Corviknight|Rocky Helmet|[from] move: Knock Off|[of] p2a: Iron Valiant
|move|p1a: Corviknight|Reflect|p1a: Corviknight
|-sidestart|p1: MakodaBeast|Reflect
|
|upkeep
|turn|2
|
|t:|1760768838
|move|p2a: Iron Valiant|Encore|p1a: Corviknight
|-start|p1a: Corviknight|Encore
|move|p1a: Corviknight|Reflect||[still]
|-fail|p1a: Corviknight
|
|upkeep
|turn|3
|
|t:|1760768844
|switch|p1a: Clefable|Clefable, F, shiny|100/100
|move|p2a: Iron Valiant|Moonblast|p1a: Clefable
|-damage|p1a: Clefable|58/100
|-unboost|p1a: Clefable|spa|1
|
|upkeep
|turn|4
|
|t:|1760768855
|switch|p1a: Tyranitar|Tyranitar, M, shiny|100/100
|-weather|Sandstorm|[from] ability: Sand Stream|[of] p1a: Tyranitar
|move|p2a: Iron Valiant|Moonblast|p1a: Tyranitar
|-supereffective|p1a: Tyranitar
|-damage|p1a: Tyranitar|72/100
|
|-weather|Sandstorm|[upkeep]
|-damage|p2a: Iron Valiant|78/100|[from] Sandstorm
|upkeep
|turn|5
|
|t:|1760768866
|switch|p1a: Clefable|Clefable, F, shiny|58/100
|move|p2a: Iron Valiant|Close Combat|p1a: Clefable
|-resisted|p1a: Clefable
|-damage|p1a: Clefable|45/100
|-unboost|p2a: Iron Valiant|def|1
|-unboost|p2a: Iron Valiant|spd|1
|
|-weather|Sandstorm|[upkeep]
|-damage|p2a: Iron Valiant|71/100|[from] Sandstorm
|-sideend|p1: MakodaBeast|Reflect
|upkeep
|turn|6
|
|t:|1760768871
|move|p2a: Iron Valiant|Close Combat|p1a: Clefable
|-resisted|p1a: Clefable
|-damage|p1a: Clefable|15/100
|-unboost|p2a: Iron Valiant|def|1
|-unboost|p2a: Iron Valiant|spd|1
|move|p1a: Clefable|Moonblast|p2a: Iron Valiant
|-supereffective|p2a: Iron Valiant
|-damage|p2a: Iron Valiant|0 fnt
|faint|p2a: Iron Valiant
|-end|p2a: Iron Valiant|Quark Drive|[silent]
|
|-weather|Sandstorm|[upkeep]
|upkeep
|
|t:|1760768876
|switch|p2a: Samurott|Samurott-Hisui, M|100/100
|turn|7
|
|t:|1760768898
|switch|p1a: Corviknight|Corviknight, M, shiny|82/100
|-ability|p1a: Corviknight|Pressure
|move|p2a: Samurott|Ceaseless Edge|p1a: Corviknight
|-damage|p1a: Corviknight|55/100
|-sidestart|p1: MakodaBeast|Spikes
|
|-weather|Sandstorm|[upkeep]
|-damage|p2a: Samurott|94/100|[from] Sandstorm
|upkeep
|turn|8
|
|t:|1760768913
|switch|p2a: Glimmora|Glimmora, M|100/100
|move|p1a: Corviknight|Reflect|p1a: Corviknight
|-sidestart|p1: MakodaBeast|Reflect
|
|-weather|none
|upkeep
|turn|9
|
|t:|1760768917
|switch|p1a: Tyranitar|Tyranitar, M, shiny|72/100
|-damage|p1a: Tyranitar|59/100|[from] Spikes
|-weather|Sandstorm|[from] ability: Sand Stream|[of] p1a: Tyranitar
|move|p2a: Glimmora|Power Gem|p1a: Tyranitar
|-damage|p1a: Tyranitar|48/100
|
|-weather|Sandstorm|[upkeep]
|upkeep
|turn|10
|
|t:|1760768927
|move|p2a: Glimmora|Stealth Rock|p1a: Tyranitar
|-sidestart|p1: MakodaBeast|move: Stealth Rock
|move|p1a: Tyranitar|Earthquake|p2a: Glimmora
|-supereffective|p2a: Glimmora
|-enditem|p2a: Glimmora|Focus Sash
|-damage|p2a: Glimmora|1/100
|-activate|p2a: Glimmora|ability: Toxic Debris
|-sidestart|p1: MakodaBeast|move: Toxic Spikes
|
|-weather|Sandstorm|[upkeep]
|upkeep
|turn|11
|
|t:|1760768937
|move|p2a: Glimmora|Earth Power|p1a: Tyranitar
|-supereffective|p1a: Tyranitar
|-damage|p1a: Tyranitar|28/100
|-unboost|p1a: Tyranitar|spd|1
|move|p1a: Tyranitar|Earthquake|p2a: Glimmora
|-supereffective|p2a: Glimmora
|-damage|p2a: Glimmora|0 fnt
|-activate|p2a: Glimmora|ability: Toxic Debris
|-sidestart|p1: MakodaBeast|move: Toxic Spikes
|faint|p2a: Glimmora
|
|-weather|Sandstorm|[upkeep]
|upkeep
|
|t:|1760768941
|switch|p2a: Samurott|Samurott-Hisui, M|94/100
|turn|12
|
|t:|1760768952
|switch|p1a: Corviknight|Corviknight, M, shiny|55/100
|-damage|p1a: Corviknight|43/100|[from] Stealth Rock
|-ability|p1a: Corviknight|Pressure
|move|p2a: Samurott|Razor Shell|p1a: Corviknight
|-damage|p1a: Corviknight|28/100
|-unboost|p1a: Corviknight|def|1
|
|-weather|Sandstorm|[upkeep]
|-damage|p2a: Samurott|88/100|[from] Sandstorm
|-sideend|p1: MakodaBeast|Reflect
|upkeep
|turn|13
|
|t:|1760768960
|move|p2a: Samurott|Razor Shell|p1a: Corviknight|[miss]
|-miss|p2a: Samurott|p1a: Corviknight
|move|p1a: Corviknight|Defog|p2a: Samurott
|-unboost|p2a: Samurott|evasion|1
|-sideend|p1: MakodaBeast|Spikes|[from] move: Defog|[of] p1a: Corviknight
|-sideend|p1: MakodaBeast|Toxic Spikes|[from] move: Defog|[of] p1a: Corviknight
|-sideend|p1: MakodaBeast|Stealth Rock|[from] move: Defog|[of] p1a: Corviknight
|
|-weather|none
|upkeep
|turn|14
|
|t:|1760768973
|switch|p1a: Tyranitar|Tyranitar, M, shiny|28/100
|-weather|Sandstorm|[from] ability: Sand Stream|[of] p1a: Tyranitar
|move|p2a: Samurott|Ceaseless Edge|p1a: Tyranitar
|-resisted|p1a: Tyranitar
|-damage|p1a: Tyranitar|11/100
|-sidestart|p1: MakodaBeast|Spikes
|
|-weather|Sandstorm|[upkeep]
|-damage|p2a: Samurott|82/100|[from] Sandstorm
|upkeep
|turn|15
|
|t:|1760768979
|switch|p1a: Clefable|Clefable, F, shiny|15/100
|move|p2a: Samurott|Aqua Jet|p1a: Clefable
|-damage|p1a: Clefable|0 fnt
|faint|p1a: Clefable
|
|-weather|Sandstorm|[upkeep]
|-damage|p2a: Samurott|76/100|[from] Sandstorm
|upkeep
|
|t:|1760768981
|switch|p1a: Excadrill|Excadrill, M, shiny|100/100
|-damage|p1a: Excadrill|88/100|[from] Spikes
|turn|16
|
|t:|1760768987
|move|p1a: Excadrill|Earthquake|p2a: Samurott
|-damage|p2a: Samurott|0 fnt
|faint|p2a: Samurott
|
|-weather|Sandstorm|[upkeep]
|upkeep
|
|t:|1760768991
|switch|p2a: Great Tusk|Great Tusk|100/100
|turn|17
|
|t:|1760768999
|switch|p1a: Corviknight|Corviknight, M, shiny|28/100
|-ability|p1a: Corviknight|Pressure
|move|p2a: Great Tusk|Headlong Rush|p1a: Corviknight
|-immune|p1a: Corviknight
|
|-weather|Sandstorm|[upkeep]
|upkeep
|turn|18
|
|t:|1760769005
|move|p2a: Great Tusk|Rapid Spin|p1a: Corviknight
|-resisted|p1a: Corviknight
|-damage|p1a: Corviknight|23/100
|-boost|p2a: Great Tusk|spe|1
|move|p1a: Corviknight|Reflect|p1a: Corviknight
|-sidestart|p1: MakodaBeast|Reflect
|
|-weather|none
|upkeep
|turn|19
|
|t:|1760769009
|move|p2a: Great Tusk|Ice Spinner|p1a: Corviknight
|-damage|p1a: Corviknight|15/100
|move|p1a: Corviknight|U-turn|p2a: Great Tusk
|-resisted|p2a: Great Tusk
|-damage|p2a: Great Tusk|96/100
|
|t:|1760769015
|switch|p1a: Quagsire|Quagsire, M, shiny|100/100|[from] U-turn
|-damage|p1a: Quagsire|88/100|[from] Spikes
|
|upkeep
|turn|20
|
|t:|1760769018
|move|p2a: Great Tusk|Stealth Rock|p1a: Quagsire
|-sidestart|p1: MakodaBeast|move: Stealth Rock
|move|p1a: Quagsire|Toxic|p2a: Great Tusk
|-status|p2a: Great Tusk|tox
|
|-damage|p2a: Great Tusk|89/100 tox|[from] psn
|upkeep
|turn|21
|
|t:|1760769025
|move|p2a: Great Tusk|Headlong Rush|p1a: Quagsire
|-damage|p1a: Quagsire|58/100
|-unboost|p2a: Great Tusk|def|1
|-unboost|p2a: Great Tusk|spd|1
|move|p1a: Quagsire|Spikes|p2a: Great Tusk
|-sidestart|p2: NOOKOK|Spikes
|
|-damage|p2a: Great Tusk|77/100 tox|[from] psn
|upkeep
|turn|22
|
|t:|1760769028
|move|p2a: Great Tusk|Rapid Spin|p1a: Quagsire
|-damage|p1a: Quagsire|49/100
|-boost|p2a: Great Tusk|spe|1
|-sideend|p2: NOOKOK|Spikes|[from] move: Rapid Spin|[of] p2a: Great Tusk
|-enditem|p1a: Quagsire|Sitrus Berry|[eat]
|-heal|p1a: Quagsire|74/100|[from] item: Sitrus Berry
|move|p1a: Quagsire|Earthquake|p2a: Great Tusk
|-crit|p2a: Great Tusk
|-damage|p2a: Great Tusk|27/100 tox
|
|-damage|p2a: Great Tusk|9/100 tox|[from] psn
|-sideend|p1: MakodaBeast|Reflect
|upkeep
|turn|23
|
|t:|1760769034
|move|p2a: Great Tusk|Rapid Spin|p1a: Quagsire
|-damage|p1a: Quagsire|57/100
|-boost|p2a: Great Tusk|spe|1
|move|p1a: Quagsire|Spikes|p2a: Great Tusk
|-sidestart|p2: NOOKOK|Spikes
|
|-damage|p2a: Great Tusk|0 fnt|[from] psn
|faint|p2a: Great Tusk
|-end|p2a: Great Tusk|Protosynthesis|[silent]
|upkeep
|
|t:|1760769038
|switch|p2a: Ceruledge|Ceruledge, M|100/100
|-damage|p2a: Ceruledge|88/100|[from] Spikes
|turn|24
|
|t:|1760769041
|move|p2a: Ceruledge|Bitter Blade|p1a: Quagsire
|-resisted|p1a: Quagsire
|-damage|p1a: Quagsire|30/100
|-heal|p2a: Ceruledge|100/100|[from] drain|[of] p1a: Quagsire
|move|p1a: Quagsire|Earthquake|p2a: Ceruledge
|-supereffective|p2a: Ceruledge
|-damage|p2a: Ceruledge|17/100
|-ability|p2a: Ceruledge|Weak Armor|boost
|-unboost|p2a: Ceruledge|def|1
|-boost|p2a: Ceruledge|spe|2
|
|upkeep
|turn|25
|
|t:|1760769049
|move|p2a: Ceruledge|Poltergeist||[still]
|-fail|p2a: Ceruledge
|move|p1a: Quagsire|Earthquake|p2a: Ceruledge
|-supereffective|p2a: Ceruledge
|-damage|p2a: Ceruledge|0 fnt
|faint|p2a: Ceruledge
|
|upkeep
|-message|NOOKOK forfeited.
|
|win|MakodaBeast
|raw|MakodaBeast's rating: 1173 &rarr; <strong>1201</strong><br />(+28 for winning)
|raw|NOOKOK's rating: 1213 &rarr; <strong>1185</strong><br />(-28 for losing)
|l|☆NOOKOK
|player|p2|
|l|☆MakodaBeast
|player|p1|
