|j|☆Maxacality
|j|☆Sakuya2024
|t:|1760733792
|gametype|singles
|player|p1|Maxacality|brycenman|1275
|player|p2|Sakuya2024|102|1290
|gen|9
|tier|[Gen 9] OU
|rated|
|rule|HP Percentage Mod: HP is shown in percentages
|rule|Endless Battle Clause: Forcing endless battles is banned
|rule|Species Clause: Limit one of each Pokémon
|rule|OHKO Clause: OHKO moves are banned
|rule|Evasion Items Clause: Evasion items are banned
|rule|Evasion Moves Clause: Evasion moves are banned
|rule|Evasion Abilities Clause: Evasion abilities are banned
|rule|Sleep Moves Clause: Sleep-inducing moves are banned
|clearpoke
|poke|p1|Ceruledge, M|
|poke|p1|Clodsire, F|
|poke|p1|Avalugg-Hisui, F|
|poke|p1|Thundurus, M|
|poke|p1|Quaquaval, M|
|poke|p1|Orthworm, M|
|poke|p2|Kingambit, M|
|poke|p2|Deoxys-Speed|
|poke|p2|Great Tusk|
|poke|p2|Dragonite, M|
|poke|p2|Iron Moth|
|poke|p2|Primarina, F|
|teampreview
|
|t:|1760733807
|teamsize|p1|6
|teamsize|p2|6
|start
|switch|p1a: Avalugg|Avalugg-Hisui, F|100/100
|switch|p2a: Moebius|Deoxys-Speed|100/100
|-ability|p2a: Moebius|Pressure
|turn|1
|
|t:|1760733815
|move|p2a: Moebius|Focus Blast|p1a: Avalugg|[miss]
|-miss|p2a: Moebius|p1a: Avalugg
|move|p1a: Avalugg|Stealth Rock|p2a: Moebius
|-sidestart|p2: Sakuya2024|move: Stealth Rock
|
|upkeep
|turn|2
|
|t:|1760733823
|move|p2a: Moebius|Focus Blast|p1a: Avalugg
|-supereffective|p1a: Avalugg
|-ability|p1a: Avalugg|Sturdy
|-damage|p1a: Avalugg|1/100
|move|p1a: Avalugg|Mountain Gale|p2a: Moebius
|-damage|p2a: Moebius|34/100
|
|upkeep
|turn|3
|-enditem|p1a: Avalugg|Custap Berry|[eat]
|-activate|p1a: Avalugg|item: Custap Berry|[consumed]
|
|t:|1760733831
|move|p1a: Avalugg|Earthquake|p2a: Moebius
|-damage|p2a: Moebius|0 fnt
|faint|p2a: Moebius
|
|upkeep
|
|t:|1760733844
|switch|p2a: Anomaly|Great Tusk|100/100
|-damage|p2a: Anomaly|98/100|[from] Stealth Rock
|-enditem|p2a: Anomaly|Booster Energy
|-activate|p2a: Anomaly|ability: Protosynthesis|[fromitem]
|-start|p2a: Anomaly|protosynthesisatk
|turn|4
|
|t:|1760733855
|switch|p1a: Ceruledge|Ceruledge, M|100/100
|move|p2a: Anomaly|Ice Spinner|p1a: Ceruledge
|-resisted|p1a: Ceruledge
|-damage|p1a: Ceruledge|74/100
|-ability|p1a: Ceruledge|Weak Armor|boost
|-unboost|p1a: Ceruledge|def|1
|-boost|p1a: Ceruledge|spe|2
|
|upkeep
|turn|5
|
|t:|1760733864
|move|p1a: Ceruledge|Poltergeist||[still]
|-fail|p1a: Ceruledge
|move|p2a: Anomaly|Headlong Rush|p1a: Ceruledge
|-supereffective|p1a: Ceruledge
|-damage|p1a: Ceruledge|0 fnt
|-unboost|p2a: Anomaly|def|1
|-unboost|p2a: Anomaly|spd|1
|faint|p1a: Ceruledge
|
|upkeep
|
|t:|1760733867
|switch|p1a: Thundurus|Thundurus, M|100/100
|turn|6
|
|t:|1760733883
|-end|p2a: Anomaly|Protosynthesis|[silent]
|switch|p2a: Meruem|Kingambit, M|100/100
|-damage|p2a: Meruem|94/100|[from] Stealth Rock
|-activate|p2a: Meruem|ability: Supreme Overlord
|-start|p2a: Meruem|fallen1|[silent]
|move|p1a: Thundurus|Grass Knot|p2a: Meruem
|-resisted|p2a: Meruem
|-damage|p2a: Meruem|79/100
|
|upkeep
|turn|7
|
|t:|1760733891
|move|p1a: Thundurus|Volt Switch|p2a: Meruem
|-damage|p2a: Meruem|39/100
|
|t:|1760733893
|switch|p1a: Orthworm|Orthworm, M|100/100|[from] Volt Switch
|move|p2a: Meruem|Swords Dance|p2a: Meruem
|-boost|p2a: Meruem|atk|2
|
|upkeep
|turn|8
|
|t:|1760733902
|move|p1a: Orthworm|Iron Defense|p1a: Orthworm
|-boost|p1a: Orthworm|def|2
|move|p2a: Meruem|Kowtow Cleave|p1a: Orthworm
|-damage|p1a: Orthworm|59/100
|
|-heal|p1a: Orthworm|65/100|[from] item: Leftovers
|upkeep
|turn|9
|
|t:|1760733912
|-end|p2a: Meruem|fallen1|[silent]
|switch|p2a: Siren|Primarina, F|100/100
|-damage|p2a: Siren|88/100|[from] Stealth Rock
|move|p1a: Orthworm|Iron Defense|p1a: Orthworm
|-boost|p1a: Orthworm|def|2
|
|-heal|p1a: Orthworm|71/100|[from] item: Leftovers
|upkeep
|turn|10
|
|t:|1760733929
|switch|p2a: Anomаly|Iron Moth|100/100
|-damage|p2a: Anomаly|76/100|[from] Stealth Rock
|-enditem|p2a: Anomаly|Booster Energy
|-activate|p2a: Anomаly|ability: Quark Drive|[fromitem]
|-start|p2a: Anomаly|quarkdrivespe
|-terastallize|p1a: Orthworm|Electric
|move|p1a: Orthworm|Heavy Slam|p2a: Anomаly
|-resisted|p2a: Anomаly
|-damage|p2a: Anomаly|48/100
|
|-heal|p1a: Orthworm|77/100|[from] item: Leftovers
|upkeep
|turn|11
|
|t:|1760733946
|-terastallize|p2a: Anomаly|Ground
|move|p2a: Anomаly|Tera Blast|p1a: Orthworm|[anim] Tera Blast Ground
|-heal|p1a: Orthworm|100/100|[from] ability: Earth Eater|[of] p2a: Anomаly
|move|p1a: Orthworm|Body Press|p2a: Anomаly
|-damage|p2a: Anomаly|0 fnt
|faint|p2a: Anomаly
|-end|p2a: Anomаly|Quark Drive|[silent]
|
|upkeep
|inactive|Battle timer is ON: inactive players will automatically lose when time's up. (requested by Maxacality)
|c|☆Sakuya2024|how do i forfeit
|inactive|Sakuya2024 has 120 seconds left.
|-message|Sakuya2024 forfeited.
|
|win|Maxacality
|raw|Maxacality's rating: 1275 &rarr; <strong>1301</strong><br />(+26 for winning)
|raw|Sakuya2024's rating: 1290 &rarr; <strong>1264</strong><br />(-26 for losing)
|l|☆Sakuya2024
|player|p2|
|l|☆Maxacality
|player|p1|
