|j|☆Potential Man
|j|☆one_angry_jew
|t:|1760742431
|gametype|singles
|player|p1|Potential Man|brock-gen2|1409
|player|p2|one_angry_jew|266|1499
|gen|9
|tier|[Gen 9] OU
|rated|
|rule|HP Percentage Mod: HP is shown in percentages
|rule|Endless Battle Clause: Forcing endless battles is banned
|rule|Species Clause: Limit one of each Pokémon
|rule|OHKO Clause: OHKO moves are banned
|rule|Evasion Items Clause: Evasion items are banned
|rule|Evasion Moves Clause: Evasion moves are banned
|rule|Evasion Abilities Clause: Evasion abilities are banned
|rule|Sleep Moves Clause: Sleep-inducing moves are banned
|clearpoke
|poke|p1|Toxtricity, F|
|poke|p1|Darkrai|
|poke|p1|Great Tusk|
|poke|p1|Gholdengo|
|poke|p1|Dragapult, F|
|poke|p1|Hatterene, F|
|poke|p2|Vaporeon, M|
|poke|p2|Sylveon, F|
|poke|p2|Espeon, M|
|poke|p2|Jolteon, M|
|poke|p2|Glaceon, M|
|poke|p2|Umbreon, M|
|teampreview
|inactive|Battle timer is ON: inactive players will automatically lose when time's up. (requested by Potential Man)
|
|t:|1760742440
|teamsize|p1|6
|teamsize|p2|6
|start
|switch|p1a: Bad Amp|Toxtricity, F, shiny|100/100
|switch|p2a: Vaporeon|Vaporeon, M|100/100
|turn|1
|
|t:|1760742448
|switch|p2a: Jolteon|Jolteon, M|100/100
|move|p1a: Bad Amp|Boomburst|p2a: Jolteon
|-crit|p2a: Jolteon
|-damage|p2a: Jolteon|0 fnt
|faint|p2a: Jolteon
|
|upkeep
|
|t:|1760742452
|switch|p2a: Vaporeon|Vaporeon, M|100/100
|turn|2
|
|t:|1760742456
|-terastallize|p1a: Bad Amp|Normal
|move|p1a: Bad Amp|Boomburst|p2a: Vaporeon
|-damage|p2a: Vaporeon|0 fnt
|faint|p2a: Vaporeon
|
|upkeep
|
|t:|1760742459
|switch|p2a: Sylveon|Sylveon, F|100/100
|turn|3
|
|t:|1760742461
|move|p1a: Bad Amp|Boomburst|p2a: Sylveon
|-damage|p2a: Sylveon|35/100
|move|p2a: Sylveon|Hyper Voice|p1a: Bad Amp
|-damage|p1a: Bad Amp|61/100
|
|upkeep
|turn|4
|
|t:|1760742468
|-terastallize|p2a: Sylveon|Steel
|move|p1a: Bad Amp|Boomburst|p2a: Sylveon
|-resisted|p2a: Sylveon
|-damage|p2a: Sylveon|4/100
|move|p2a: Sylveon|Hyper Voice|p1a: Bad Amp
|-damage|p1a: Bad Amp|21/100
|
|upkeep
|turn|5
|
|t:|1760742473
|move|p2a: Sylveon|Quick Attack|p1a: Bad Amp
|-crit|p1a: Bad Amp
|-damage|p1a: Bad Amp|0 fnt
|faint|p1a: Bad Amp
|
|upkeep
|
|t:|1760742484
|switch|p1a: Hatterene|Hatterene, F|100/100
|turn|6
|
|t:|1760742487
|move|p2a: Sylveon|Shadow Ball|p1a: Hatterene
|-supereffective|p1a: Hatterene
|-damage|p1a: Hatterene|63/100
|move|p1a: Hatterene|Draining Kiss|p2a: Sylveon
|-resisted|p2a: Sylveon
|-damage|p2a: Sylveon|0 fnt
|-heal|p1a: Hatterene|66/100|[from] drain|[of] p2a: Sylveon
|faint|p2a: Sylveon
|
|upkeep
|
|t:|1760742495
|switch|p2a: Espeon|Espeon, M|100/100
|turn|7
|
|t:|1760742498
|move|p2a: Espeon|Shadow Ball|p1a: Hatterene
|-supereffective|p1a: Hatterene
|-damage|p1a: Hatterene|31/100
|move|p1a: Hatterene|Nuzzle|p2a: Espeon
|-damage|p2a: Espeon|94/100
|-status|p2a: Espeon|par
|
|upkeep
|turn|8
|
|t:|1760742500
|move|p2a: Espeon|Shadow Ball|p1a: Hatterene
|-supereffective|p1a: Hatterene
|-damage|p1a: Hatterene|0 fnt
|faint|p1a: Hatterene
|
|upkeep
|
|t:|1760742504
|switch|p1a: Dragapult|Dragapult, F, shiny|100/100
|turn|9
|
|t:|1760742506
|switch|p2a: Umbreon|Umbreon, M|100/100
|move|p1a: Dragapult|U-turn|p2a: Umbreon
|-supereffective|p2a: Umbreon
|-damage|p2a: Umbreon|57/100
|
|t:|1760742511
|switch|p1a: Darkrai|Darkrai|100/100|[from] U-turn
|
|-heal|p2a: Umbreon|63/100|[from] item: Leftovers
|upkeep
|turn|10
|
|t:|1760742514
|move|p1a: Darkrai|Trick|p2a: Umbreon
|-activate|p1a: Darkrai|move: Trick|[of] p2a: Umbreon
|-item|p2a: Umbreon|Choice Scarf|[from] move: Trick
|-item|p1a: Darkrai|Leftovers|[from] move: Trick
|move|p2a: Umbreon|Wish|p2a: Umbreon
|
|upkeep
|turn|11
|-message|one_angry_jew forfeited.
|
|win|Potential Man
|raw|Potential Man's rating: 1409 &rarr; <strong>1434</strong><br />(+25 for winning)
|raw|one_angry_jew's rating: 1499 &rarr; <strong>1474</strong><br />(-25 for losing)
|l|☆one_angry_jew
|player|p2|
|l|☆Potential Man
|player|p1|
