|j|☆pastagirl
|j|☆MicrowaveHeart
|t:|1760738944
|gametype|singles
|player|p1|pastagirl|elesa|1692
|player|p2|MicrowaveHeart|workerice|1657
|gen|9
|tier|[Gen 9] OU
|rated|
|rule|HP Percentage Mod: HP is shown in percentages
|rule|Endless Battle Clause: Forcing endless battles is banned
|rule|Species Clause: Limit one of each Pokémon
|rule|OHKO Clause: OHKO moves are banned
|rule|Evasion Items Clause: Evasion items are banned
|rule|Evasion Moves Clause: Evasion moves are banned
|rule|Evasion Abilities Clause: Evasion abilities are banned
|rule|Sleep Moves Clause: Sleep-inducing moves are banned
|clearpoke
|poke|p1|Cresselia, F|
|poke|p1|Hatterene, F|
|poke|p1|Porygon2|
|poke|p1|Ursaluna, M|
|poke|p1|Iron Hands|
|poke|p1|Enamorus-Therian, F|
|poke|p2|Gholdengo|
|poke|p2|Incineroar, M|
|poke|p2|Ogerpon-Wellspring, F|
|poke|p2|Iron Treads|
|poke|p2|Tornadus-Therian, M|
|poke|p2|Mamoswine, F|
|teampreview
|inactive|Battle timer is ON: inactive players will automatically lose when time's up. (requested by pastagirl)
|
|t:|1760738972
|teamsize|p1|6
|teamsize|p2|6
|start
|switch|p1a: BLUE VELVET|Hatterene, F|100/100
|switch|p2a: Tornadus|Tornadus-Therian, M|100/100
|turn|1
|
|t:|1760738987
|move|p2a: Tornadus|U-turn|p1a: BLUE VELVET
|-damage|p1a: BLUE VELVET|89/100
|
|t:|1760738990
|switch|p2a: Mamoswine|Mamoswine, F, shiny|100/100|[from] U-turn
|move|p1a: BLUE VELVET|Trick Room|p1a: BLUE VELVET
|-fieldstart|move: Trick Room|[of] p1a: BLUE VELVET
|
|upkeep
|turn|2
|
|t:|1760739003
|move|p1a: BLUE VELVET|Psychic Noise|p2a: Mamoswine
|-damage|p2a: Mamoswine|62/100
|-start|p2a: Mamoswine|move: Heal Block
|move|p2a: Mamoswine|Curse|p2a: Mamoswine
|-unboost|p2a: Mamoswine|spe|1
|-boost|p2a: Mamoswine|atk|1
|-boost|p2a: Mamoswine|def|1
|
|upkeep
|turn|3
|
|t:|1760739019
|move|p1a: BLUE VELVET|Healing Wish|p1a: BLUE VELVET
|faint|p1a: BLUE VELVET
|move|p2a: Mamoswine|Icicle Crash|p1: BLUE VELVET|[notarget]
|-fail|p2a: Mamoswine
|
|-end|p2a: Mamoswine|move: Heal Block
|upkeep
|
|t:|1760739041
|switch|p1a: INLAND EMPIRE|Enamorus-Therian, F|100/100
|turn|4
|
|t:|1760739062
|move|p2a: Mamoswine|Ice Shard|p1a: INLAND EMPIRE
|-supereffective|p1a: INLAND EMPIRE
|-damage|p1a: INLAND EMPIRE|45/100
|move|p1a: INLAND EMPIRE|Moonblast|p2a: Mamoswine
|-damage|p2a: Mamoswine|0 fnt
|faint|p2a: Mamoswine
|-damage|p1a: INLAND EMPIRE|35/100|[from] item: Life Orb
|
|upkeep
|
|t:|1760739071
|switch|p2a: Tornadus|Tornadus-Therian, M|100/100
|turn|5
|
|t:|1760739083
|switch|p1a: THE ELEPHANT MAN|Iron Hands|100/100
|move|p2a: Tornadus|Bleakwind Storm|p1a: THE ELEPHANT MAN
|-damage|p1a: THE ELEPHANT MAN|67/100
|
|-fieldend|move: Trick Room
|upkeep
|turn|6
|
|t:|1760739093
|move|p2a: Tornadus|U-turn|p1a: THE ELEPHANT MAN
|-resisted|p1a: THE ELEPHANT MAN
|-crit|p1a: THE ELEPHANT MAN
|-damage|p1a: THE ELEPHANT MAN|60/100
|
|t:|1760739097
|switch|p2a: Incineroar|Incineroar, M|100/100|[from] U-turn
|-ability|p2a: Incineroar|Intimidate|boost
|-unboost|p1a: THE ELEPHANT MAN|atk|1
|move|p1a: THE ELEPHANT MAN|Ice Punch|p2a: Incineroar
|-resisted|p2a: Incineroar
|-damage|p2a: Incineroar|92/100
|-damage|p1a: THE ELEPHANT MAN|50/100|[from] item: Life Orb
|
|upkeep
|turn|7
|
|t:|1760739107
|move|p2a: Incineroar|Knock Off|p1a: THE ELEPHANT MAN
|-resisted|p1a: THE ELEPHANT MAN
|-damage|p1a: THE ELEPHANT MAN|37/100
|-enditem|p1a: THE ELEPHANT MAN|Life Orb|[from] move: Knock Off|[of] p2a: Incineroar
|move|p1a: THE ELEPHANT MAN|Earthquake|p2a: Incineroar
|-supereffective|p2a: Incineroar
|-damage|p2a: Incineroar|56/100
|
|upkeep
|turn|8
|
|t:|1760739118
|move|p2a: Incineroar|Will-O-Wisp|p1a: THE ELEPHANT MAN
|-status|p1a: THE ELEPHANT MAN|brn
|move|p1a: THE ELEPHANT MAN|Close Combat|p2a: Incineroar
|-supereffective|p2a: Incineroar
|-damage|p2a: Incineroar|26/100
|-unboost|p1a: THE ELEPHANT MAN|def|1
|-unboost|p1a: THE ELEPHANT MAN|spd|1
|
|-damage|p1a: THE ELEPHANT MAN|31/100 brn|[from] brn
|upkeep
|turn|9
|
|t:|1760739129
|-end|p1a: THE ELEPHANT MAN|Quark Drive|[silent]
|switch|p1a: WILD AT HEART|Ursaluna, M|100/100
|move|p2a: Incineroar|Parting Shot|p1a: WILD AT HEART
|-unboost|p1a: WILD AT HEART|atk|1
|-unboost|p1a: WILD AT HEART|spa|1
|
|t:|1760739137
|switch|p2a: Ogerpon|Ogerpon-Wellspring, F|100/100|[from] Parting Shot
|
|-status|p1a: WILD AT HEART|brn|[from] item: Flame Orb
|upkeep
|turn|10
|
|t:|1760739143
|switch|p1a: LOST HIGHWAY|Cresselia, F|100/100
|move|p2a: Ogerpon|Ivy Cudgel|p1a: LOST HIGHWAY|[anim] Ivy Cudgel Water
|-damage|p1a: LOST HIGHWAY|69/100
|
|upkeep
|turn|11
|
|t:|1760739151
|switch|p2a: Tornadus|Tornadus-Therian, M|100/100
|move|p1a: LOST HIGHWAY|Moonlight|p1a: LOST HIGHWAY
|-heal|p1a: LOST HIGHWAY|100/100
|
|upkeep
|turn|12
|
|t:|1760739154
|move|p2a: Tornadus|Knock Off|p1a: LOST HIGHWAY
|-supereffective|p1a: LOST HIGHWAY
|-damage|p1a: LOST HIGHWAY|81/100
|-enditem|p1a: LOST HIGHWAY|Mental Herb|[from] move: Knock Off|[of] p2a: Tornadus
|move|p1a: LOST HIGHWAY|Trick Room|p1a: LOST HIGHWAY
|-fieldstart|move: Trick Room|[of] p1a: LOST HIGHWAY
|
|upkeep
|turn|13
|
|t:|1760739164
|switch|p1a: THE ELEPHANT MAN|Iron Hands|31/100 brn
|-heal|p1a: THE ELEPHANT MAN|100/100|[from] move: Healing Wish
|move|p2a: Tornadus|Bleakwind Storm|p1a: THE ELEPHANT MAN|[miss]
|-miss|p2a: Tornadus|p1a: THE ELEPHANT MAN
|
|upkeep
|turn|14
|j| Finkachu
|
|t:|1760739174
|switch|p2a: Incineroar|Incineroar, M|26/100
|-ability|p2a: Incineroar|Intimidate|boost
|-unboost|p1a: THE ELEPHANT MAN|atk|1
|move|p1a: THE ELEPHANT MAN|Supercell Slam|p2a: Incineroar
|-damage|p2a: Incineroar|0 fnt
|faint|p2a: Incineroar
|
|upkeep
|
|t:|1760739194
|switch|p2a: Iron Treads|Iron Treads|100/100
|turn|15
|
|t:|1760739208
|move|p1a: THE ELEPHANT MAN|Close Combat|p2a: Iron Treads
|-supereffective|p2a: Iron Treads
|-damage|p2a: Iron Treads|32/100
|-unboost|p1a: THE ELEPHANT MAN|def|1
|-unboost|p1a: THE ELEPHANT MAN|spd|1
|move|p2a: Iron Treads|Stealth Rock|p1a: THE ELEPHANT MAN
|-sidestart|p1: pastagirl|move: Stealth Rock
|
|-heal|p2a: Iron Treads|38/100|[from] item: Leftovers
|upkeep
|turn|16
|
|t:|1760739220
|-end|p2a: Iron Treads|Quark Drive|[silent]
|switch|p2a: Gholdengo|Gholdengo|100/100
|move|p1a: THE ELEPHANT MAN|Close Combat|p2a: Gholdengo
|-immune|p2a: Gholdengo
|
|-fieldend|move: Trick Room
|upkeep
|turn|17
|
|t:|1760739231
|switch|p2a: Iron Treads|Iron Treads|38/100
|-end|p1a: THE ELEPHANT MAN|Quark Drive|[silent]
|switch|p1a: INLAND EMPIRE|Enamorus-Therian, F|35/100
|-damage|p1a: INLAND EMPIRE|10/100|[from] Stealth Rock
|
|-heal|p2a: Iron Treads|44/100|[from] item: Leftovers
|upkeep
|turn|18
|
|t:|1760739241
|move|p2a: Iron Treads|Knock Off|p1a: INLAND EMPIRE
|-resisted|p1a: INLAND EMPIRE
|-damage|p1a: INLAND EMPIRE|0 fnt
|-enditem|p1a: INLAND EMPIRE|Life Orb|[from] move: Knock Off|[of] p2a: Iron Treads
|faint|p1a: INLAND EMPIRE
|
|-heal|p2a: Iron Treads|50/100|[from] item: Leftovers
|upkeep
|
|t:|1760739258
|switch|p1a: ERASERHEAD|Porygon2|100/100
|-damage|p1a: ERASERHEAD|88/100|[from] Stealth Rock
|-ability|p1a: ERASERHEAD|Download|boost
|-boost|p1a: ERASERHEAD|spa|1
|turn|19
|
|t:|1760739265
|move|p2a: Iron Treads|Knock Off|p1a: ERASERHEAD
|-damage|p1a: ERASERHEAD|73/100
|-enditem|p1a: ERASERHEAD|Eviolite|[from] move: Knock Off|[of] p2a: Iron Treads
|move|p1a: ERASERHEAD|Trick Room|p1a: ERASERHEAD
|-fieldstart|move: Trick Room|[of] p1a: ERASERHEAD
|
|-heal|p2a: Iron Treads|57/100|[from] item: Leftovers
|upkeep
|turn|20
|
|t:|1760739276
|move|p1a: ERASERHEAD|Ice Beam|p2a: Iron Treads
|-damage|p2a: Iron Treads|20/100
|move|p2a: Iron Treads|Earthquake|p1a: ERASERHEAD
|-damage|p1a: ERASERHEAD|36/100
|
|-heal|p2a: Iron Treads|27/100|[from] item: Leftovers
|upkeep
|turn|21
|
|t:|1760739289
|-end|p2a: Iron Treads|Quark Drive|[silent]
|switch|p2a: Gholdengo|Gholdengo|100/100
|move|p1a: ERASERHEAD|Ice Beam|p2a: Gholdengo
|-resisted|p2a: Gholdengo
|-damage|p2a: Gholdengo|79/100
|
|-heal|p2a: Gholdengo|85/100|[from] item: Leftovers
|upkeep
|turn|22
|
|t:|1760739302
|-terastallize|p1a: ERASERHEAD|Ground
|move|p1a: ERASERHEAD|Tera Blast|p2a: Gholdengo|[anim] Tera Blast Ground
|-supereffective|p2a: Gholdengo
|-damage|p2a: Gholdengo|0 fnt
|faint|p2a: Gholdengo
|
|upkeep
|
|t:|1760739311
|switch|p2a: Tornadus|Tornadus-Therian, M|100/100
|turn|23
|
|t:|1760739316
|move|p1a: ERASERHEAD|Ice Beam|p2a: Tornadus
|-supereffective|p2a: Tornadus
|-damage|p2a: Tornadus|38/100
|move|p2a: Tornadus|U-turn|p1a: ERASERHEAD
|-damage|p1a: ERASERHEAD|22/100
|
|t:|1760739322
|switch|p2a: Ogerpon|Ogerpon-Wellspring, F|100/100|[from] U-turn
|
|-fieldend|move: Trick Room
|upkeep
|turn|24
|
|t:|1760739330
|move|p2a: Ogerpon|Ivy Cudgel|p1a: ERASERHEAD|[anim] Ivy Cudgel Water
|-supereffective|p1a: ERASERHEAD
|-damage|p1a: ERASERHEAD|0 fnt
|faint|p1a: ERASERHEAD
|
|upkeep
|
|t:|1760739336
|switch|p1a: THE ELEPHANT MAN|Iron Hands|100/100
|-damage|p1a: THE ELEPHANT MAN|94/100|[from] Stealth Rock
|turn|25
|
|t:|1760739349
|move|p2a: Ogerpon|Swords Dance|p2a: Ogerpon
|-boost|p2a: Ogerpon|atk|2
|move|p1a: THE ELEPHANT MAN|Close Combat|p2a: Ogerpon
|-damage|p2a: Ogerpon|10/100
|-unboost|p1a: THE ELEPHANT MAN|def|1
|-unboost|p1a: THE ELEPHANT MAN|spd|1
|
|upkeep
|turn|26
|
|t:|1760739359
|-terastallize|p2a: Ogerpon|Water
|detailschange|p2a: Ogerpon|Ogerpon-Wellspring-Tera, F, tera:Water
|-ability|p2a: Ogerpon|Embody Aspect (Wellspring)|boost
|-boost|p2a: Ogerpon|spd|1
|move|p2a: Ogerpon|Ivy Cudgel|p1a: THE ELEPHANT MAN|[anim] Ivy Cudgel Water
|-damage|p1a: THE ELEPHANT MAN|0 fnt
|faint|p1a: THE ELEPHANT MAN
|-end|p1a: THE ELEPHANT MAN|Quark Drive|[silent]
|
|upkeep
|
|t:|1760739362
|switch|p1a: LOST HIGHWAY|Cresselia, F|81/100
|-damage|p1a: LOST HIGHWAY|68/100|[from] Stealth Rock
|turn|27
|
|t:|1760739371
|move|p2a: Ogerpon|Ivy Cudgel|p1a: LOST HIGHWAY|[anim] Ivy Cudgel Water
|-damage|p1a: LOST HIGHWAY|0 fnt
|faint|p1a: LOST HIGHWAY
|
|upkeep
|-message|pastagirl forfeited.
|
|win|MicrowaveHeart
|raw|pastagirl's rating: 1692 &rarr; <strong>1670</strong><br />(-22 for losing)
|raw|MicrowaveHeart's rating: 1657 &rarr; <strong>1679</strong><br />(+22 for winning)
|l|☆MicrowaveHeart
|player|p2|
