|j|☆olaf-18
|j|☆viutil
|t:|1760798090
|gametype|singles
|player|p1|olaf-18|1|1570
|player|p2|viutil|265|1607
|gen|9
|tier|[Gen 9] OU
|rated|
|rule|HP Percentage Mod: HP is shown in percentages
|rule|Endless Battle Clause: Forcing endless battles is banned
|rule|Species Clause: Limit one of each Pokémon
|rule|OHKO Clause: OHKO moves are banned
|rule|Evasion Items Clause: Evasion items are banned
|rule|Evasion Moves Clause: Evasion moves are banned
|rule|Evasion Abilities Clause: Evasion abilities are banned
|rule|Sleep Moves Clause: Sleep-inducing moves are banned
|clearpoke
|poke|p1|Slowking-Galar, F|
|poke|p1|Ting-Lu|
|poke|p1|Kingambit, F|
|poke|p1|Diancie|
|poke|p1|Armarouge, F|
|poke|p1|Ursaluna, M|
|poke|p2|Gholdengo|
|poke|p2|Iron Crown|
|poke|p2|Kyurem|
|poke|p2|Cinderace, F|
|poke|p2|Rillaboom, M|
|poke|p2|Great Tusk|
|teampreview
|
|t:|1760798101
|teamsize|p1|6
|teamsize|p2|6
|start
|switch|p1a: Armarouge|Armarouge, F|100/100
|switch|p2a: Iron Crown|Iron Crown|100/100
|turn|1
|
|t:|1760798111
|-end|p2a: Iron Crown|Quark Drive|[silent]
|switch|p2a: Gholdengo|Gholdengo|100/100
|move|p1a: Armarouge|Armor Cannon|p2a: Gholdengo
|-supereffective|p2a: Gholdengo
|-damage|p2a: Gholdengo|0 fnt
|-unboost|p1a: Armarouge|def|1
|-unboost|p1a: Armarouge|spd|1
|faint|p2a: Gholdengo
|
|upkeep
|
|t:|1760798116
|switch|p2a: Kyurem|Kyurem|100/100
|-ability|p2a: Kyurem|Pressure
|turn|2
|
|t:|1760798123
|move|p2a: Kyurem|Dragon Dance|p2a: Kyurem
|-boost|p2a: Kyurem|atk|1
|-boost|p2a: Kyurem|spe|1
|move|p1a: Armarouge|Armor Cannon|p2a: Kyurem
|-damage|p2a: Kyurem|33/100
|-unboost|p1a: Armarouge|def|1
|-unboost|p1a: Armarouge|spd|1
|
|upkeep
|turn|3
|
|t:|1760798132
|move|p1a: Armarouge|Endure|p1a: Armarouge
|-singleturn|p1a: Armarouge|move: Endure
|move|p2a: Kyurem|Scale Shot|p1a: Armarouge
|-damage|p1a: Armarouge|61/100
|-ability|p1a: Armarouge|Weak Armor|boost
|-unboost|p1a: Armarouge|def|1
|-boost|p1a: Armarouge|spe|2
|-damage|p1a: Armarouge|16/100
|-ability|p1a: Armarouge|Weak Armor|boost
|-unboost|p1a: Armarouge|def|1
|-boost|p1a: Armarouge|spe|2
|-activate|p1a: Armarouge|move: Endure
|-damage|p1a: Armarouge|1/100
|-ability|p1a: Armarouge|Weak Armor|boost
|-unboost|p1a: Armarouge|def|1
|-boost|p1a: Armarouge|spe|2
|-activate|p1a: Armarouge|move: Endure
|-damage|p1a: Armarouge|1/100
|-ability|p1a: Armarouge|Weak Armor|boost
|-unboost|p1a: Armarouge|def|1
|-activate|p1a: Armarouge|move: Endure
|-damage|p1a: Armarouge|1/100
|-hitcount|p1a: Armarouge|5
|-unboost|p2a: Kyurem|def|1
|-boost|p2a: Kyurem|spe|1
|
|upkeep
|turn|4
|
|t:|1760798149
|move|p1a: Armarouge|Armor Cannon|p2a: Kyurem
|-damage|p2a: Kyurem|0 fnt
|-unboost|p1a: Armarouge|spd|1
|faint|p2a: Kyurem
|
|upkeep
|
|t:|1760798151
|switch|p2a: Rillaboom|Rillaboom, M|100/100
|-fieldstart|move: Grassy Terrain|[from] ability: Grassy Surge|[of] p2a: Rillaboom
|turn|5
|
|t:|1760798157
|move|p1a: Armarouge|Endure|p1a: Armarouge
|-singleturn|p1a: Armarouge|move: Endure
|move|p2a: Rillaboom|Grassy Glide|p1a: Armarouge
|-resisted|p1a: Armarouge
|-crit|p1a: Armarouge
|-activate|p1a: Armarouge|move: Endure
|-damage|p1a: Armarouge|1/100
|
|-heal|p1a: Armarouge|7/100|[from] Grassy Terrain
|upkeep
|turn|6
|
|t:|1760798164
|move|p1a: Armarouge|Endure|p1a: Armarouge
|-singleturn|p1a: Armarouge|move: Endure
|move|p2a: Rillaboom|Grassy Glide|p1a: Armarouge
|-resisted|p1a: Armarouge
|-activate|p1a: Armarouge|move: Endure
|-damage|p1a: Armarouge|1/100
|
|-heal|p1a: Armarouge|7/100|[from] Grassy Terrain
|upkeep
|turn|7
|
|t:|1760798167
|move|p2a: Rillaboom|Grassy Glide|p1a: Armarouge
|-resisted|p1a: Armarouge
|-damage|p1a: Armarouge|0 fnt
|faint|p1a: Armarouge
|
|upkeep
|
|t:|1760798182
|switch|p1a: Slowking|Slowking-Galar, F|100/100
|turn|8
|
|t:|1760798186
|switch|p2a: Iron Crown|Iron Crown|100/100
|move|p1a: Slowking|Trick Room|p1a: Slowking
|-fieldstart|move: Trick Room|[of] p1a: Slowking
|
|upkeep
|turn|9
|
|t:|1760798194
|move|p1a: Slowking|Flamethrower|p2a: Iron Crown
|-supereffective|p2a: Iron Crown
|-damage|p2a: Iron Crown|38/100
|-enditem|p2a: Iron Crown|Weakness Policy
|-boost|p2a: Iron Crown|atk|2|[from] item: Weakness Policy
|-boost|p2a: Iron Crown|spa|2|[from] item: Weakness Policy
|move|p2a: Iron Crown|Tachyon Cutter|p1a: Slowking
|-damage|p1a: Slowking|53/100
|-damage|p1a: Slowking|9/100
|-hitcount|p1a: Slowking|2
|
|-heal|p1a: Slowking|15/100|[from] Grassy Terrain
|-heal|p2a: Iron Crown|44/100|[from] Grassy Terrain
|-fieldend|move: Grassy Terrain
|upkeep
|turn|10
|
|t:|1760798207
|-terastallize|p2a: Iron Crown|Fighting
|move|p1a: Slowking|Flamethrower|p2a: Iron Crown
|-damage|p2a: Iron Crown|11/100
|move|p2a: Iron Crown|Tachyon Cutter|p1a: Slowking
|-damage|p1a: Slowking|0 fnt
|faint|p1a: Slowking
|-hitcount|p1: Slowking|1
|
|upkeep
|
|t:|1760798211
|switch|p1a: Diancie|Diancie|100/100
|turn|11
|
|t:|1760798222
|-end|p2a: Iron Crown|Quark Drive|[silent]
|switch|p2a: Cinderace|Cinderace, F|100/100
|move|p1a: Diancie|Moonblast|p2a: Cinderace
|-resisted|p2a: Cinderace
|-damage|p2a: Cinderace|71/100
|
|upkeep
|turn|12
|
|t:|1760798229
|switch|p2a: Rillaboom|Rillaboom, M|100/100
|-fieldstart|move: Grassy Terrain|[from] ability: Grassy Surge|[of] p2a: Rillaboom
|move|p1a: Diancie|Earth Power|p2a: Rillaboom
|-resisted|p2a: Rillaboom
|-damage|p2a: Rillaboom|82/100
|
|-heal|p2a: Rillaboom|88/100|[from] Grassy Terrain
|-fieldend|move: Trick Room
|upkeep
|turn|13
|
|t:|1760798235
|switch|p1a: Kingambit|Kingambit, F|100/100
|-activate|p1a: Kingambit|ability: Supreme Overlord
|-start|p1a: Kingambit|fallen2|[silent]
|move|p2a: Rillaboom|Wood Hammer|p1a: Kingambit
|-resisted|p1a: Kingambit
|-damage|p1a: Kingambit|55/100
|-damage|p2a: Rillaboom|71/100|[from] Recoil
|
|-heal|p2a: Rillaboom|77/100|[from] Grassy Terrain
|-heal|p1a: Kingambit|61/100|[from] Grassy Terrain
|upkeep
|turn|14
|
|t:|1760798242
|switch|p2a: Great Tusk|Great Tusk|100/100
|move|p1a: Kingambit|Kowtow Cleave|p2a: Great Tusk
|-resisted|p2a: Great Tusk
|-damage|p2a: Great Tusk|74/100
|-damage|p1a: Kingambit|51/100|[from] item: Life Orb
|
|-heal|p2a: Great Tusk|80/100|[from] Grassy Terrain
|-heal|p2a: Great Tusk|86/100|[from] item: Leftovers
|-heal|p1a: Kingambit|57/100|[from] Grassy Terrain
|upkeep
|turn|15
|
|t:|1760798247
|move|p2a: Great Tusk|Knock Off|p1a: Kingambit
|-resisted|p1a: Kingambit
|-damage|p1a: Kingambit|46/100
|-enditem|p1a: Kingambit|Life Orb|[from] move: Knock Off|[of] p2a: Great Tusk
|move|p1a: Kingambit|Kowtow Cleave|p2a: Great Tusk
|-resisted|p2a: Great Tusk
|-damage|p2a: Great Tusk|65/100
|
|-heal|p2a: Great Tusk|71/100|[from] Grassy Terrain
|-heal|p2a: Great Tusk|77/100|[from] item: Leftovers
|-heal|p1a: Kingambit|52/100|[from] Grassy Terrain
|upkeep
|turn|16
|
|t:|1760798251
|move|p2a: Great Tusk|Earthquake|p1a: Kingambit
|-supereffective|p1a: Kingambit
|-damage|p1a: Kingambit|13/100
|move|p1a: Kingambit|Swords Dance|p1a: Kingambit
|-boost|p1a: Kingambit|atk|2
|
|-heal|p2a: Great Tusk|84/100|[from] Grassy Terrain
|-heal|p2a: Great Tusk|90/100|[from] item: Leftovers
|-heal|p1a: Kingambit|20/100|[from] Grassy Terrain
|-fieldend|move: Grassy Terrain
|upkeep
|turn|17
|
|t:|1760798254
|move|p2a: Great Tusk|Earthquake|p1a: Kingambit
|-supereffective|p1a: Kingambit
|-damage|p1a: Kingambit|0 fnt
|faint|p1a: Kingambit
|-end|p1a: Kingambit|fallen2|[silent]
|
|-heal|p2a: Great Tusk|96/100|[from] item: Leftovers
|upkeep
|
|t:|1760798259
|switch|p1a: Diancie|Diancie|100/100
|turn|18
|
|t:|1760798263
|-terastallize|p1a: Diancie|Flying
|move|p2a: Great Tusk|Knock Off|p1a: Diancie
|-damage|p1a: Diancie|73/100
|-enditem|p1a: Diancie|Power Herb|[from] move: Knock Off|[of] p2a: Great Tusk
|move|p1a: Diancie|Moonblast|p2a: Great Tusk
|-supereffective|p2a: Great Tusk
|-damage|p2a: Great Tusk|0 fnt
|faint|p2a: Great Tusk
|-end|p2a: Great Tusk|Protosynthesis|[silent]
|
|upkeep
|
|t:|1760798292
|switch|p2a: Cinderace|Cinderace, F|71/100
|turn|19
|
|t:|1760798297
|move|p2a: Cinderace|Pyro Ball|p1a: Diancie
|-damage|p1a: Diancie|28/100
|move|p1a: Diancie|Trick Room|p1a: Diancie
|-fieldstart|move: Trick Room|[of] p1a: Diancie
|
|upkeep
|turn|20
|
|t:|1760798310
|switch|p1a: Ursaluna|Ursaluna, M|100/100
|switch|p2a: Rillaboom|Rillaboom, M|77/100
|-fieldstart|move: Grassy Terrain|[from] ability: Grassy Surge|[of] p2a: Rillaboom
|
|-heal|p2a: Rillaboom|83/100|[from] Grassy Terrain
|-status|p1a: Ursaluna|brn|[from] item: Flame Orb
|upkeep
|turn|21
|
|t:|1760798318
|move|p2a: Rillaboom|Grassy Glide|p1a: Ursaluna
|-supereffective|p1a: Ursaluna
|-damage|p1a: Ursaluna|26/100 brn
|move|p1a: Ursaluna|Facade|p2a: Rillaboom
|-damage|p2a: Rillaboom|0 fnt
|faint|p2a: Rillaboom
|
|-heal|p1a: Ursaluna|32/100 brn|[from] Grassy Terrain
|-damage|p1a: Ursaluna|26/100 brn|[from] brn
|upkeep
|-message|viutil forfeited.
|
|win|olaf-18
|raw|olaf-18's rating: 1570 &rarr; <strong>1592</strong><br />(+22 for winning)
|raw|viutil's rating: 1607 &rarr; <strong>1585</strong><br />(-22 for losing)
|l|☆viutil
|player|p2|
|l|☆olaf-18
|player|p1|
