|j|☆asterius15
|j|☆yyyggg is
|t:|1760838322
|gametype|singles
|player|p1|asterius15|170|1099
|player|p2|yyyggg is|2|1158
|gen|9
|tier|[Gen 9] OU
|rated|
|rule|HP Percentage Mod: HP is shown in percentages
|rule|Endless Battle Clause: Forcing endless battles is banned
|rule|Species Clause: Limit one of each Pokémon
|rule|OHKO Clause: OHKO moves are banned
|rule|Evasion Items Clause: Evasion items are banned
|rule|Evasion Moves Clause: Evasion moves are banned
|rule|Evasion Abilities Clause: Evasion abilities are banned
|rule|Sleep Moves Clause: Sleep-inducing moves are banned
|clearpoke
|poke|p1|Ursaluna, F|
|poke|p1|Typhlosion-Hisui, F|
|poke|p1|Lilligant-Hisui, F|
|poke|p1|Zoroark-Hisui, M|
|poke|p1|Wyrdeer, F|
|poke|p1|Overqwil, M|
|poke|p2|Heatran, F|
|poke|p2|Sinistcha-Masterpiece|
|poke|p2|Samurott-Hisui, F|
|poke|p2|Zapdos|
|poke|p2|Slowking-Galar, M|
|poke|p2|Kyurem|
|teampreview
|inactive|Battle timer is ON: inactive players will automatically lose when time's up. (requested by yyyggg is)
|
|t:|1760838345
|teamsize|p1|6
|teamsize|p2|6
|start
|switch|p1a: Wyrdeer|Wyrdeer, F|100/100
|switch|p2a: Samurott|Samurott-Hisui, F|100/100
|-ability|p1a: Wyrdeer|Intimidate|boost
|-unboost|p2a: Samurott|atk|1
|turn|1
|
|t:|1760838357
|move|p2a: Samurott|Ceaseless Edge|p1a: Wyrdeer
|-supereffective|p1a: Wyrdeer
|-damage|p1a: Wyrdeer|34/100
|-sidestart|p1: asterius15|Spikes
|move|p1a: Wyrdeer|Thunderbolt|p2a: Samurott
|-supereffective|p2a: Samurott
|-damage|p2a: Samurott|46/100
|
|upkeep
|turn|2
|
|t:|1760838367
|switch|p1a: Overqwil|Overqwil, M|100/100
|-damage|p1a: Overqwil|88/100|[from] Spikes
|-ability|p1a: Overqwil|Intimidate|boost
|-unboost|p2a: Samurott|atk|1
|move|p2a: Samurott|Ceaseless Edge|p1a: Overqwil|[miss]
|-miss|p2a: Samurott|p1a: Overqwil
|
|upkeep
|turn|3
|
|t:|1760838380
|switch|p2a: Heatran|Heatran, F|100/100
|move|p1a: Overqwil|Toxic Spikes|p2a: Heatran
|-sidestart|p2: yyyggg is|move: Toxic Spikes
|
|upkeep
|turn|4
|
|t:|1760838389
|move|p1a: Overqwil|Aqua Jet|p2a: Heatran
|-supereffective|p2a: Heatran
|-damage|p2a: Heatran|82/100
|move|p2a: Heatran|Magma Storm|p1a: Overqwil
|-crit|p1a: Overqwil
|-damage|p1a: Overqwil|32/100
|-activate|p1a: Overqwil|move: Magma Storm|[of] p2a: Heatran
|-enditem|p1a: Overqwil|Red Card|[of] p2a: Heatran
|drag|p2a: Slowking|Slowking-Galar, M|100/100
|-sideend|p2: yyyggg is|move: Toxic Spikes|[of] p2a: Slowking
|
|-end|p1a: Overqwil|Magma Storm|[partiallytrapped]|[silent]
|upkeep
|turn|5
|
|t:|1760838401
|move|p1a: Overqwil|Pain Split|p2a: Slowking
|-sethp|p2a: Slowking|65/100|[from] move: Pain Split|[silent]
|-sethp|p1a: Overqwil|69/100|[from] move: Pain Split
|move|p2a: Slowking|Future Sight|p1a: Overqwil
|-start|p2a: Slowking|move: Future Sight
|
|-heal|p2a: Slowking|71/100|[from] item: Black Sludge
|upkeep
|turn|6
|
|t:|1760838410
|move|p1a: Overqwil|Toxic Spikes|p2a: Slowking
|-sidestart|p2: yyyggg is|move: Toxic Spikes
|-prepare|p2a: Slowking|Chilly Reception|[premajor]
|move|p2a: Slowking|Chilly Reception|p2a: Slowking
|-weather|Snowscape
|
|t:|1760838416
|switch|p2a: Zapdos|Zapdos|100/100|[from] Chilly Reception
|
|-weather|Snowscape|[upkeep]
|upkeep
|turn|7
|
|t:|1760838422
|move|p2a: Zapdos|U-turn|p1a: Overqwil
|-damage|p1a: Overqwil|56/100
|
|t:|1760838425
|switch|p2a: Slowking|Slowking-Galar, M|100/100|[from] U-turn
|-sideend|p2: yyyggg is|move: Toxic Spikes|[of] p2a: Slowking
|move|p1a: Overqwil|Barb Barrage|p2a: Slowking
|-resisted|p2a: Slowking
|-damage|p2a: Slowking|88/100
|
|-weather|Snowscape|[upkeep]
|-end|p1a: Overqwil|move: Future Sight
|-immune|p1a: Overqwil
|-heal|p2a: Slowking|94/100|[from] item: Black Sludge
|upkeep
|turn|8
|
|t:|1760838439
|move|p1a: Overqwil|Pain Split|p2a: Slowking
|-sethp|p2a: Slowking|74/100|[from] move: Pain Split|[silent]
|-sethp|p1a: Overqwil|78/100|[from] move: Pain Split
|-prepare|p2a: Slowking|Chilly Reception|[premajor]
|move|p2a: Slowking|Chilly Reception|p2a: Slowking
|
|t:|1760838455
|switch|p2a: Samurott|Samurott-Hisui, F|46/100|[from] Chilly Reception
|
|-weather|Snowscape|[upkeep]
|upkeep
|turn|9
|
|t:|1760838463
|move|p2a: Samurott|Sacred Sword|p1a: Overqwil
|-damage|p1a: Overqwil|41/100
|move|p1a: Overqwil|Barb Barrage|p2a: Samurott
|-damage|p2a: Samurott|16/100
|
|-weather|Snowscape|[upkeep]
|upkeep
|turn|10
|
|t:|1760838477
|move|p2a: Samurott|Razor Shell|p1a: Overqwil
|-damage|p1a: Overqwil|0 fnt
|faint|p1a: Overqwil
|
|-weather|none
|upkeep
|
|t:|1760838491
|switch|p1a: Lilligant|Lilligant-Hisui, F|100/100
|-damage|p1a: Lilligant|88/100|[from] Spikes
|turn|11
|
|t:|1760838500
|switch|p2a: Slowking|Slowking-Galar, M|100/100
|move|p1a: Lilligant|Aerial Ace|p2a: Slowking
|-crit|p2a: Slowking
|-damage|p2a: Slowking|57/100
|
|-heal|p2a: Slowking|63/100|[from] item: Black Sludge
|upkeep
|turn|12
|
|t:|1760838511
|move|p1a: Lilligant|Leaf Blade|p2a: Slowking
|-resisted|p2a: Slowking
|-damage|p2a: Slowking|33/100
|move|p2a: Slowking|Future Sight|p1a: Lilligant
|-start|p2a: Slowking|move: Future Sight
|
|-heal|p2a: Slowking|39/100|[from] item: Black Sludge
|upkeep
|turn|13
|
|t:|1760838520
|switch|p2a: Sinistcha|Sinistcha-Masterpiece|100/100
|move|p1a: Lilligant|Leaf Blade|p2a: Sinistcha
|-resisted|p2a: Sinistcha
|-damage|p2a: Sinistcha|76/100
|-damage|p1a: Lilligant|71/100|[from] item: Rocky Helmet|[of] p2a: Sinistcha
|
|upkeep
|turn|14
|
|t:|1760838533
|switch|p1a: Wyrdeer|Wyrdeer, F|34/100
|-damage|p1a: Wyrdeer|22/100|[from] Spikes
|-ability|p1a: Wyrdeer|Intimidate|boost
|-unboost|p2a: Sinistcha|atk|1
|move|p2a: Sinistcha|Calm Mind|p2a: Sinistcha
|-boost|p2a: Sinistcha|spa|1
|-boost|p2a: Sinistcha|spd|1
|
|-end|p1a: Wyrdeer|move: Future Sight
|-resisted|p1a: Wyrdeer
|-damage|p1a: Wyrdeer|3/100
|upkeep
|turn|15
|
|t:|1760838547
|move|p2a: Sinistcha|Matcha Gotcha|p1a: Wyrdeer
|-damage|p1a: Wyrdeer|0 fnt
|-heal|p2a: Sinistcha|78/100|[from] drain|[of] p1a: Wyrdeer
|faint|p1a: Wyrdeer
|
|upkeep
|
|t:|1760838559
|switch|p1a: Lilligant|Lilligant-Hisui, F|71/100
|-damage|p1a: Lilligant|59/100|[from] Spikes
|turn|16
|
|t:|1760838567
|move|p1a: Lilligant|Aerial Ace|p2a: Sinistcha
|-supereffective|p2a: Sinistcha
|-damage|p2a: Sinistcha|37/100
|-damage|p1a: Lilligant|42/100|[from] item: Rocky Helmet|[of] p2a: Sinistcha
|move|p2a: Sinistcha|Strength Sap|p1a: Lilligant
|-unboost|p1a: Lilligant|atk|1
|-heal|p2a: Sinistcha|100/100
|
|upkeep
|turn|17
|
|t:|1760838578
|move|p1a: Lilligant|Ice Spinner|p2a: Sinistcha
|-supereffective|p2a: Sinistcha
|-damage|p2a: Sinistcha|64/100
|-damage|p1a: Lilligant|26/100|[from] item: Rocky Helmet|[of] p2a: Sinistcha
|move|p2a: Sinistcha|Matcha Gotcha|p1a: Lilligant
|-resisted|p1a: Lilligant
|-damage|p1a: Lilligant|0 fnt
|-heal|p2a: Sinistcha|74/100|[from] drain|[of] p1a: Lilligant
|faint|p1a: Lilligant
|
|upkeep
|
|t:|1760838590
|switch|p1a: Typhlosion|Typhlosion-Hisui, F|100/100
|-damage|p1a: Typhlosion|88/100|[from] Spikes
|turn|18
|
|t:|1760838600
|switch|p2a: Heatran|Heatran, F|82/100
|move|p1a: Typhlosion|Eruption|p2a: Heatran
|-start|p2a: Heatran|ability: Flash Fire
|
|-heal|p2a: Heatran|88/100|[from] item: Leftovers
|upkeep
|turn|19
|
|t:|1760838610
|switch|p1a: Ursaluna|Ursaluna, F|100/100
|-damage|p1a: Ursaluna|88/100|[from] Spikes
|move|p2a: Heatran|Stealth Rock|p1a: Ursaluna
|-sidestart|p1: asterius15|move: Stealth Rock
|
|-heal|p2a: Heatran|94/100|[from] item: Leftovers
|-status|p1a: Ursaluna|brn|[from] item: Flame Orb
|upkeep
|turn|20
|
|t:|1760838627
|-terastallize|p2a: Heatran|Flying
|move|p2a: Heatran|Magma Storm|p1a: Ursaluna
|-damage|p1a: Ursaluna|32/100 brn
|-activate|p1a: Ursaluna|move: Magma Storm|[of] p2a: Heatran
|move|p1a: Ursaluna|Facade|p2a: Heatran
|-damage|p2a: Heatran|12/100
|
|-heal|p2a: Heatran|18/100|[from] item: Leftovers
|-damage|p1a: Ursaluna|26/100 brn|[from] brn
|-damage|p1a: Ursaluna|13/100 brn|[from] move: Magma Storm|[partiallytrapped]
|upkeep
|turn|21
|
|t:|1760838641
|move|p2a: Heatran|Protect|p2a: Heatran
|-singleturn|p2a: Heatran|Protect
|move|p1a: Ursaluna|Facade|p2a: Heatran
|-activate|p2a: Heatran|move: Protect
|
|-heal|p2a: Heatran|24/100|[from] item: Leftovers
|-damage|p1a: Ursaluna|7/100 brn|[from] brn
|-damage|p1a: Ursaluna|0 fnt|[from] move: Magma Storm|[partiallytrapped]
|faint|p1a: Ursaluna
|upkeep
|
|t:|1760838664
|switch|p1a: Typhlosion|Typhlosion-Hisui, F|88/100
|-damage|p1a: Typhlosion|75/100|[from] Spikes
|-damage|p1a: Typhlosion|50/100|[from] Stealth Rock
|turn|22
|
|t:|1760838671
|move|p2a: Heatran|Protect||[still]
|-fail|p2a: Heatran
|move|p1a: Typhlosion|Infernal Parade|p2a: Heatran
|-damage|p2a: Heatran|5/100
|
|-heal|p2a: Heatran|11/100|[from] item: Leftovers
|upkeep
|turn|23
|
|t:|1760838680
|move|p1a: Typhlosion|Infernal Parade|p2a: Heatran
|-damage|p2a: Heatran|0 fnt
|faint|p2a: Heatran
|
|upkeep
|
|t:|1760838691
|switch|p2a: Zapdos|Zapdos|100/100
|turn|24
|
|t:|1760838694
|move|p1a: Typhlosion|Infernal Parade|p2a: Zapdos
|-damage|p2a: Zapdos|68/100
|move|p2a: Zapdos|Thunderbolt|p1a: Typhlosion
|-damage|p1a: Typhlosion|0 fnt
|faint|p1a: Typhlosion
|
|upkeep
|
|t:|1760838702
|switch|p1a: Zoroark|Zoroark-Hisui, M|100/100
|-damage|p1a: Zoroark|88/100|[from] Spikes
|-damage|p1a: Zoroark|76/100|[from] Stealth Rock
|turn|25
|
|t:|1760838712
|move|p1a: Zoroark|Bitter Malice|p2a: Zapdos
|-damage|p2a: Zapdos|28/100
|-unboost|p2a: Zapdos|atk|1
|move|p2a: Zapdos|Thunderbolt|p1a: Zoroark
|-damage|p1a: Zoroark|0 fnt
|faint|p1a: Zoroark
|
|win|yyyggg is
|raw|asterius15's rating: 1099 &rarr; <strong>1078</strong><br />(-21 for losing)
|raw|yyyggg is's rating: 1158 &rarr; <strong>1179</strong><br />(+21 for winning)
|l|☆yyyggg is
|player|p2|
|l|☆asterius15
|player|p1|
