|j|☆LordFueg
|j|☆DonDeLenguas
|t:|1760746438
|gametype|singles
|player|p1|LordFueg|1|1543
|player|p2|DonDeLenguas|102|1575
|gen|9
|tier|[Gen 9] OU
|rated|
|rule|HP Percentage Mod: HP is shown in percentages
|rule|Endless Battle Clause: Forcing endless battles is banned
|rule|Species Clause: Limit one of each Pokémon
|rule|OHKO Clause: OHKO moves are banned
|rule|Evasion Items Clause: Evasion items are banned
|rule|Evasion Moves Clause: Evasion moves are banned
|rule|Evasion Abilities Clause: Evasion abilities are banned
|rule|Sleep Moves Clause: Sleep-inducing moves are banned
|clearpoke
|poke|p1|Cresselia, F|
|poke|p1|Hatterene, F|
|poke|p1|Iron Hands|
|poke|p1|Ursaluna, M|
|poke|p1|Torkoal, M|
|poke|p1|Scream Tail|
|poke|p2|Primarina, F|
|poke|p2|Meowscarada, M|
|poke|p2|Heatran, F|
|poke|p2|Dragapult, F|
|poke|p2|Iron Valiant|
|poke|p2|Great Tusk|
|teampreview
|inactive|Battle timer is ON: inactive players will automatically lose when time's up. (requested by LordFueg)
|
|t:|1760746459
|teamsize|p1|6
|teamsize|p2|6
|start
|switch|p1a: Hatterene|Hatterene, F|100/100
|switch|p2a: Dragapult|Dragapult, F|100/100
|turn|1
|
|t:|1760746466
|move|p2a: Dragapult|Shadow Ball|p1a: Hatterene
|-supereffective|p1a: Hatterene
|-enditem|p1a: Hatterene|Focus Sash
|-damage|p1a: Hatterene|1/100
|move|p1a: Hatterene|Trick Room|p1a: Hatterene
|-fieldstart|move: Trick Room|[of] p1a: Hatterene
|
|upkeep
|turn|2
|
|t:|1760746481
|switch|p2a: Great Tusk|Great Tusk|100/100
|move|p1a: Hatterene|Misty Explosion|p2a: Great Tusk
|-supereffective|p2a: Great Tusk
|-damage|p2a: Great Tusk|0 fnt
|faint|p1a: Hatterene
|faint|p2a: Great Tusk
|-end|p2a: Great Tusk|Protosynthesis|[silent]
|
|upkeep
|
|t:|1760746494
|switch|p1a: Iron Hands|Iron Hands|100/100
|switch|p2a: Primarina|Primarina, F|100/100
|-enditem|p1a: Iron Hands|Booster Energy
|-activate|p1a: Iron Hands|ability: Quark Drive|[fromitem]
|-start|p1a: Iron Hands|quarkdriveatk
|turn|3
|
|t:|1760746502
|switch|p2a: Dragapult|Dragapult, F|100/100
|move|p1a: Iron Hands|Supercell Slam|p2a: Dragapult
|-resisted|p2a: Dragapult
|-damage|p2a: Dragapult|48/100
|
|upkeep
|turn|4
|
|t:|1760746520
|switch|p2a: Meowscarada|Meowscarada, M|100/100
|move|p1a: Iron Hands|Supercell Slam|p2a: Meowscarada
|-resisted|p2a: Meowscarada
|-damage|p2a: Meowscarada|35/100
|
|upkeep
|turn|5
|
|t:|1760746529
|move|p1a: Iron Hands|Supercell Slam|p2a: Meowscarada
|-resisted|p2a: Meowscarada
|-damage|p2a: Meowscarada|0 fnt
|faint|p2a: Meowscarada
|
|-fieldend|move: Trick Room
|upkeep
|
|t:|1760746538
|switch|p2a: Iron Valiant|Iron Valiant|100/100
|-enditem|p2a: Iron Valiant|Booster Energy
|-activate|p2a: Iron Valiant|ability: Quark Drive|[fromitem]
|-start|p2a: Iron Valiant|quarkdrivespe
|turn|6
|
|t:|1760746550
|move|p2a: Iron Valiant|Moonblast|p1a: Iron Hands
|-supereffective|p1a: Iron Hands
|-damage|p1a: Iron Hands|31/100
|move|p1a: Iron Hands|Supercell Slam|p2a: Iron Valiant
|-damage|p2a: Iron Valiant|5/100
|
|upkeep
|turn|7
|
|t:|1760746564
|-end|p1a: Iron Hands|Quark Drive|[silent]
|switch|p1a: Scream Tail|Scream Tail|100/100
|move|p2a: Iron Valiant|Moonblast|p1a: Scream Tail
|-damage|p1a: Scream Tail|73/100
|
|upkeep
|turn|8
|
|t:|1760746569
|move|p2a: Iron Valiant|Moonblast|p1a: Scream Tail
|-damage|p1a: Scream Tail|46/100
|move|p1a: Scream Tail|Trick Room|p1a: Scream Tail
|-fieldstart|move: Trick Room|[of] p1a: Scream Tail
|
|upkeep
|turn|9
|
|t:|1760746575
|move|p1a: Scream Tail|Misty Explosion|p2a: Iron Valiant
|-supereffective|p2a: Iron Valiant
|-damage|p2a: Iron Valiant|0 fnt
|faint|p1a: Scream Tail
|-end|p1a: Scream Tail|Protosynthesis|[silent]
|faint|p2a: Iron Valiant
|-end|p2a: Iron Valiant|Quark Drive|[silent]
|
|upkeep
|
|t:|1760746586
|switch|p1a: Iron Hands|Iron Hands|31/100
|switch|p2a: Heatran|Heatran, F|100/100
|turn|10
|
|t:|1760746601
|-terastallize|p2a: Heatran|Grass
|move|p1a: Iron Hands|Close Combat|p2a: Heatran
|-crit|p2a: Heatran
|-damage|p2a: Heatran|6/100
|-unboost|p1a: Iron Hands|def|1
|-unboost|p1a: Iron Hands|spd|1
|move|p2a: Heatran|Stealth Rock|p1a: Iron Hands
|-sidestart|p1: LordFueg|move: Stealth Rock
|
|-heal|p2a: Heatran|13/100|[from] item: Leftovers
|upkeep
|turn|11
|
|t:|1760746614
|move|p1a: Iron Hands|Ice Punch|p2a: Heatran
|-supereffective|p2a: Heatran
|-damage|p2a: Heatran|0 fnt
|faint|p2a: Heatran
|
|upkeep
|
|t:|1760746616
|switch|p2a: Primarina|Primarina, F|100/100
|turn|12
|
|t:|1760746621
|switch|p2a: Dragapult|Dragapult, F|48/100
|move|p1a: Iron Hands|Supercell Slam|p2a: Dragapult
|-resisted|p2a: Dragapult
|-damage|p2a: Dragapult|6/100
|
|-fieldend|move: Trick Room
|upkeep
|turn|13
|
|t:|1760746639
|move|p2a: Dragapult|Draco Meteor|p1a: Iron Hands
|-damage|p1a: Iron Hands|0 fnt
|-unboost|p2a: Dragapult|spa|2
|faint|p1a: Iron Hands
|-end|p1a: Iron Hands|Quark Drive|[silent]
|
|upkeep
|
|t:|1760746643
|switch|p1a: Cresselia|Cresselia, F|100/100
|-damage|p1a: Cresselia|88/100|[from] Stealth Rock
|turn|14
|
|t:|1760746649
|switch|p2a: Primarina|Primarina, F|100/100
|move|p1a: Cresselia|Trick Room|p1a: Cresselia
|-fieldstart|move: Trick Room|[of] p1a: Cresselia
|
|upkeep
|turn|15
|
|t:|1760746664
|switch|p1a: Torkoal|Torkoal, M|100/100
|-damage|p1a: Torkoal|76/100|[from] Stealth Rock
|-weather|SunnyDay|[from] ability: Drought|[of] p1a: Torkoal
|move|p2a: Primarina|Surf|p1a: Torkoal
|-supereffective|p1a: Torkoal
|-damage|p1a: Torkoal|14/100
|
|-weather|SunnyDay|[upkeep]
|upkeep
|turn|16
|
|t:|1760746677
|move|p1a: Torkoal|Solar Beam||[still]
|-prepare|p1a: Torkoal|Solar Beam
|-anim|p1a: Torkoal|Solar Beam|p2a: Primarina
|-supereffective|p2a: Primarina
|-damage|p2a: Primarina|36/100
|move|p2a: Primarina|Surf|p1a: Torkoal
|-supereffective|p1a: Torkoal
|-damage|p1a: Torkoal|0 fnt
|faint|p1a: Torkoal
|
|-weather|SunnyDay|[upkeep]
|upkeep
|
|t:|1760746684
|switch|p1a: Ursaluna|Ursaluna, M|100/100
|-damage|p1a: Ursaluna|94/100|[from] Stealth Rock
|turn|17
|
|t:|1760746692
|switch|p2a: Dragapult|Dragapult, F|6/100
|-terastallize|p1a: Ursaluna|Normal
|move|p1a: Ursaluna|Facade|p2a: Dragapult
|-immune|p2a: Dragapult
|
|-weather|SunnyDay|[upkeep]
|-status|p1a: Ursaluna|brn|[from] item: Flame Orb
|upkeep
|turn|18
|
|t:|1760746718
|switch|p2a: Primarina|Primarina, F|36/100
|move|p1a: Ursaluna|Fire Punch|p2a: Primarina
|-resisted|p2a: Primarina
|-damage|p2a: Primarina|0 fnt
|faint|p2a: Primarina
|
|-weather|SunnyDay|[upkeep]
|-damage|p1a: Ursaluna|88/100 brn|[from] brn
|-fieldend|move: Trick Room
|upkeep
|
|t:|1760746724
|switch|p2a: Dragapult|Dragapult, F|6/100
|turn|19
|
|t:|1760746727
|move|p2a: Dragapult|Draco Meteor|p1a: Ursaluna
|-damage|p1a: Ursaluna|15/100 brn
|-unboost|p2a: Dragapult|spa|2
|move|p1a: Ursaluna|Fire Punch|p2a: Dragapult
|-resisted|p2a: Dragapult
|-damage|p2a: Dragapult|0 fnt
|faint|p2a: Dragapult
|
|win|LordFueg
|raw|LordFueg's rating: 1543 &rarr; <strong>1565</strong><br />(+22 for winning)
|raw|DonDeLenguas's rating: 1575 &rarr; <strong>1553</strong><br />(-22 for losing)
|l|☆LordFueg
|player|p1|
|l|☆DonDeLenguas
|player|p2|
