|j|☆Deathfrogie
|j|☆AlmightyHD
|t:|1760822226
|gametype|singles
|player|p1|Deathfrogie|101|1582
|player|p2|AlmightyHD|acetrainerf-gen4dp|1543
|gen|9
|tier|[Gen 9] OU
|rated|
|rule|HP Percentage Mod: HP is shown in percentages
|rule|Endless Battle Clause: Forcing endless battles is banned
|rule|Species Clause: Limit one of each Pokémon
|rule|OHKO Clause: OHKO moves are banned
|rule|Evasion Items Clause: Evasion items are banned
|rule|Evasion Moves Clause: Evasion moves are banned
|rule|Evasion Abilities Clause: Evasion abilities are banned
|rule|Sleep Moves Clause: Sleep-inducing moves are banned
|clearpoke
|poke|p1|Pelipper, F|
|poke|p1|Toxicroak, M|
|poke|p1|Iron Treads|
|poke|p1|Hatterene, F|
|poke|p1|Zapdos|
|poke|p1|Barraskewda, M|
|poke|p2|Dragonite, F|
|poke|p2|Tyranitar, F|
|poke|p2|Excadrill, M|
|poke|p2|Ogerpon-Wellspring, F|
|poke|p2|Moltres|
|poke|p2|Uxie|
|teampreview
|inactive|Battle timer is ON: inactive players will automatically lose when time's up. (requested by Deathfrogie)
|
|t:|1760822251
|teamsize|p1|6
|teamsize|p2|6
|start
|switch|p1a: Iron Treads|Iron Treads|100/100
|switch|p2a: Dragonite|Dragonite, F|100/100
|turn|1
|
|t:|1760822260
|move|p2a: Dragonite|Fire Punch|p1a: Iron Treads
|-supereffective|p1a: Iron Treads
|-damage|p1a: Iron Treads|35/100
|move|p1a: Iron Treads|Stealth Rock|p2a: Dragonite
|-sidestart|p2: AlmightyHD|move: Stealth Rock
|
|-heal|p1a: Iron Treads|41/100|[from] item: Leftovers
|upkeep
|turn|2
|
|t:|1760822272
|switch|p2a: Ogerpon|Ogerpon-Wellspring, F|100/100
|-damage|p2a: Ogerpon|88/100|[from] Stealth Rock
|-end|p1a: Iron Treads|Quark Drive|[silent]
|switch|p1a: Pelipper|Pelipper, F|100/100
|-weather|RainDance|[from] ability: Drizzle|[of] p1a: Pelipper
|
|-weather|RainDance|[upkeep]
|upkeep
|turn|3
|
|t:|1760822279
|switch|p1a: Toxicroak|Toxicroak, M|100/100
|move|p2a: Ogerpon|Knock Off|p1a: Toxicroak
|-resisted|p1a: Toxicroak
|-damage|p1a: Toxicroak|82/100
|-damage|p2a: Ogerpon|72/100|[from] item: Rocky Helmet|[of] p1a: Toxicroak
|-enditem|p1a: Toxicroak|Rocky Helmet|[from] move: Knock Off|[of] p2a: Ogerpon
|
|-weather|RainDance|[upkeep]
|-heal|p1a: Toxicroak|95/100|[from] ability: Dry Skin
|upkeep
|turn|4
|
|t:|1760822291
|switch|p2a: Dragonite|Dragonite, F|100/100
|-damage|p2a: Dragonite|76/100|[from] Stealth Rock
|move|p1a: Toxicroak|Drain Punch|p2a: Dragonite
|-resisted|p2a: Dragonite
|-damage|p2a: Dragonite|62/100
|-heal|p1a: Toxicroak|100/100|[from] drain|[of] p2a: Dragonite
|
|-weather|RainDance|[upkeep]
|upkeep
|turn|5
|
|t:|1760822303
|move|p2a: Dragonite|Outrage|p1a: Toxicroak
|-damage|p1a: Toxicroak|0 fnt
|faint|p1a: Toxicroak
|
|-weather|RainDance|[upkeep]
|upkeep
|
|t:|1760822311
|switch|p1a: Barraskewda|Barraskewda, M|100/100
|turn|6
|
|t:|1760822314
|-terastallize|p1a: Barraskewda|Water
|move|p1a: Barraskewda|Liquidation|p2a: Dragonite
|-resisted|p2a: Dragonite
|-damage|p2a: Dragonite|0 fnt
|faint|p2a: Dragonite
|
|-weather|RainDance|[upkeep]
|upkeep
|
|t:|1760822320
|switch|p2a: Ogerpon|Ogerpon-Wellspring, F|72/100
|-damage|p2a: Ogerpon|59/100|[from] Stealth Rock
|turn|7
|
|t:|1760822335
|switch|p1a: Hatterene|Hatterene, F|100/100
|-terastallize|p2a: Ogerpon|Water
|detailschange|p2a: Ogerpon|Ogerpon-Wellspring-Tera, F, tera:Water
|-ability|p2a: Ogerpon|Embody Aspect (Wellspring)|boost
|-boost|p2a: Ogerpon|spd|1
|move|p2a: Ogerpon|Ivy Cudgel|p1a: Hatterene|[anim] Ivy Cudgel Water
|-damage|p1a: Hatterene|0 fnt
|faint|p1a: Hatterene
|
|-weather|RainDance|[upkeep]
|upkeep
|
|t:|1760822340
|switch|p1a: Barraskewda|Barraskewda, M, tera:Water|100/100
|turn|8
|
|t:|1760822346
|switch|p2a: Uxie|Uxie, shiny|100/100
|-damage|p2a: Uxie|88/100|[from] Stealth Rock
|move|p1a: Barraskewda|Close Combat|p2a: Uxie
|-resisted|p2a: Uxie
|-damage|p2a: Uxie|70/100
|-unboost|p1a: Barraskewda|def|1
|-unboost|p1a: Barraskewda|spd|1
|-damage|p1a: Barraskewda|84/100|[from] item: Rocky Helmet|[of] p2a: Uxie
|
|-weather|RainDance|[upkeep]
|upkeep
|turn|9
|
|t:|1760822356
|switch|p1a: Iron Treads|Iron Treads|41/100
|move|p2a: Uxie|Stealth Rock|p1a: Iron Treads
|-sidestart|p1: Deathfrogie|move: Stealth Rock
|
|-weather|none
|-heal|p1a: Iron Treads|47/100|[from] item: Leftovers
|upkeep
|turn|10
|
|t:|1760822360
|switch|p2a: Moltres|Moltres|100/100
|move|p1a: Iron Treads|Rapid Spin|p2a: Moltres
|-damage|p2a: Moltres|92/100
|-boost|p1a: Iron Treads|spe|1
|-status|p1a: Iron Treads|brn|[from] ability: Flame Body|[of] p2a: Moltres
|-sideend|p1: Deathfrogie|Stealth Rock|[from] move: Rapid Spin|[of] p1a: Iron Treads
|
|-heal|p1a: Iron Treads|53/100 brn|[from] item: Leftovers
|-damage|p1a: Iron Treads|47/100 brn|[from] brn
|upkeep
|turn|11
|
|t:|1760822366
|move|p1a: Iron Treads|Volt Switch|p2a: Moltres
|-supereffective|p2a: Moltres
|-damage|p2a: Moltres|68/100
|
|t:|1760822368
|-end|p1a: Iron Treads|Quark Drive|[silent]
|switch|p1a: Pelipper|Pelipper, F|100/100|[from] Volt Switch
|-weather|RainDance|[from] ability: Drizzle|[of] p1a: Pelipper
|move|p2a: Moltres|U-turn|p1a: Pelipper
|-resisted|p1a: Pelipper
|-damage|p1a: Pelipper|93/100
|
|t:|1760822370
|switch|p2a: Tyranitar|Tyranitar, F, shiny|100/100|[from] U-turn
|-damage|p2a: Tyranitar|88/100|[from] Stealth Rock
|-weather|Sandstorm|[from] ability: Sand Stream|[of] p2a: Tyranitar
|
|-weather|Sandstorm|[upkeep]
|-damage|p1a: Pelipper|87/100|[from] Sandstorm
|upkeep
|turn|12
|
|t:|1760822378
|switch|p1a: Iron Treads|Iron Treads|47/100 brn
|move|p2a: Tyranitar|Stone Edge|p1a: Iron Treads
|-resisted|p1a: Iron Treads
|-damage|p1a: Iron Treads|29/100 brn
|
|-weather|Sandstorm|[upkeep]
|-heal|p1a: Iron Treads|35/100 brn|[from] item: Leftovers
|-damage|p1a: Iron Treads|29/100 brn|[from] brn
|upkeep
|turn|13
|
|t:|1760822383
|switch|p2a: Excadrill|Excadrill, M|100/100
|-damage|p2a: Excadrill|97/100|[from] Stealth Rock
|-item|p2a: Excadrill|Air Balloon
|move|p1a: Iron Treads|Earthquake|p2a: Excadrill
|-immune|p2a: Excadrill
|
|-weather|Sandstorm|[upkeep]
|-heal|p1a: Iron Treads|35/100 brn|[from] item: Leftovers
|-damage|p1a: Iron Treads|29/100 brn|[from] brn
|upkeep
|turn|14
|
|t:|1760822389
|move|p2a: Excadrill|Earthquake|p1a: Iron Treads
|-supereffective|p1a: Iron Treads
|-damage|p1a: Iron Treads|0 fnt
|faint|p1a: Iron Treads
|-end|p1a: Iron Treads|Quark Drive|[silent]
|
|-weather|Sandstorm|[upkeep]
|upkeep
|
|t:|1760822398
|switch|p1a: Barraskewda|Barraskewda, M, tera:Water|84/100
|turn|15
|
|t:|1760822405
|switch|p2a: Moltres|Moltres|68/100
|move|p1a: Barraskewda|Aqua Jet|p2a: Moltres
|-supereffective|p2a: Moltres
|-damage|p2a: Moltres|3/100
|
|-weather|none
|upkeep
|turn|16
|
|t:|1760822411
|switch|p2a: Ogerpon|Ogerpon-Wellspring-Tera, F, tera:Water|59/100
|-damage|p2a: Ogerpon|47/100|[from] Stealth Rock
|-ability|p2a: Ogerpon|Embody Aspect (Wellspring)|boost
|-boost|p2a: Ogerpon|spd|1
|move|p1a: Barraskewda|Aqua Jet|p2a: Ogerpon
|-resisted|p2a: Ogerpon
|-damage|p2a: Ogerpon|19/100
|
|upkeep
|turn|17
|
|t:|1760822436
|switch|p2a: Moltres|Moltres|3/100
|move|p1a: Barraskewda|Aqua Jet|p2a: Moltres
|-supereffective|p2a: Moltres
|-damage|p2a: Moltres|0 fnt
|faint|p2a: Moltres
|
|upkeep
|
|t:|1760822440
|switch|p2a: Uxie|Uxie, shiny|70/100
|-damage|p2a: Uxie|57/100|[from] Stealth Rock
|turn|18
|
|t:|1760822443
|switch|p1a: Zapdos|Zapdos|100/100
|move|p2a: Uxie|Psychic Noise|p1a: Zapdos
|-damage|p1a: Zapdos|75/100
|-start|p1a: Zapdos|move: Heal Block
|
|upkeep
|turn|19
|
|t:|1760822452
|move|p1a: Zapdos|Volt Switch|p2a: Uxie
|-damage|p2a: Uxie|15/100
|
|t:|1760822455
|switch|p1a: Pelipper|Pelipper, F|87/100|[from] Volt Switch
|-weather|RainDance|[from] ability: Drizzle|[of] p1a: Pelipper
|move|p2a: Uxie|Stealth Rock|p1a: Pelipper
|-sidestart|p1: Deathfrogie|move: Stealth Rock
|
|-weather|RainDance|[upkeep]
|upkeep
|turn|20
|
|t:|1760822468
|move|p2a: Uxie|Pain Split|p1a: Pelipper
|-sethp|p1a: Pelipper|51/100|[from] move: Pain Split|[silent]
|-sethp|p2a: Uxie|47/100|[from] move: Pain Split
|move|p1a: Pelipper|Tailwind|p1a: Pelipper
|-sidestart|p1: Deathfrogie|move: Tailwind
|
|-weather|RainDance|[upkeep]
|upkeep
|turn|21
|
|t:|1760822478
|move|p1a: Pelipper|U-turn|p2a: Uxie
|-supereffective|p2a: Uxie
|-damage|p2a: Uxie|36/100
|-damage|p1a: Pelipper|35/100|[from] item: Rocky Helmet|[of] p2a: Uxie
|
|t:|1760822480
|switch|p1a: Zapdos|Zapdos|75/100|[from] U-turn
|-damage|p1a: Zapdos|50/100|[from] Stealth Rock
|move|p2a: Uxie|Pain Split|p1a: Zapdos
|-sethp|p1a: Zapdos|45/100|[from] move: Pain Split|[silent]
|-sethp|p2a: Uxie|41/100|[from] move: Pain Split
|
|-weather|RainDance|[upkeep]
|upkeep
|turn|22
|
|t:|1760822491
|move|p1a: Zapdos|Volt Switch|p2a: Uxie
|-crit|p2a: Uxie
|-damage|p2a: Uxie|0 fnt
|faint|p2a: Uxie
|
|t:|1760822493
|switch|p1a: Barraskewda|Barraskewda, M, tera:Water|84/100|[from] Volt Switch
|-damage|p1a: Barraskewda|72/100|[from] Stealth Rock
|
|-weather|RainDance|[upkeep]
|upkeep
|
|t:|1760822500
|switch|p2a: Tyranitar|Tyranitar, F, shiny|88/100
|-damage|p2a: Tyranitar|76/100|[from] Stealth Rock
|-weather|Sandstorm|[from] ability: Sand Stream|[of] p2a: Tyranitar
|turn|23
|
|t:|1760822506
|switch|p2a: Ogerpon|Ogerpon-Wellspring-Tera, F, tera:Water|19/100
|-damage|p2a: Ogerpon|6/100|[from] Stealth Rock
|-ability|p2a: Ogerpon|Embody Aspect (Wellspring)|boost
|-boost|p2a: Ogerpon|spd|1
|move|p1a: Barraskewda|Liquidation|p2a: Ogerpon
|-resisted|p2a: Ogerpon
|-crit|p2a: Ogerpon
|-damage|p2a: Ogerpon|0 fnt
|faint|p2a: Ogerpon
|detailschange|p2: Ogerpon|Ogerpon-Wellspring, F|[silent]
|
|-weather|Sandstorm|[upkeep]
|-damage|p1a: Barraskewda|66/100|[from] Sandstorm
|-sideend|p1: Deathfrogie|move: Tailwind
|upkeep
|
|t:|1760822513
|switch|p2a: Excadrill|Excadrill, M|97/100
|-damage|p2a: Excadrill|94/100|[from] Stealth Rock
|-item|p2a: Excadrill|Air Balloon
|turn|24
|
|t:|1760822531
|switch|p1a: Pelipper|Pelipper, F|35/100
|-damage|p1a: Pelipper|10/100|[from] Stealth Rock
|-weather|RainDance|[from] ability: Drizzle|[of] p1a: Pelipper
|move|p2a: Excadrill|Rock Slide|p1a: Pelipper
|-supereffective|p1a: Pelipper
|-damage|p1a: Pelipper|0 fnt
|faint|p1a: Pelipper
|
|-weather|RainDance|[upkeep]
|upkeep
|
|t:|1760822537
|switch|p1a: Barraskewda|Barraskewda, M, tera:Water|66/100
|-damage|p1a: Barraskewda|54/100|[from] Stealth Rock
|turn|25
|
|t:|1760822548
|switch|p2a: Tyranitar|Tyranitar, F, shiny|76/100
|-damage|p2a: Tyranitar|64/100|[from] Stealth Rock
|-weather|Sandstorm|[from] ability: Sand Stream|[of] p2a: Tyranitar
|move|p1a: Barraskewda|Liquidation|p2a: Tyranitar
|-supereffective|p2a: Tyranitar
|-damage|p2a: Tyranitar|0 fnt
|faint|p2a: Tyranitar
|
|-weather|Sandstorm|[upkeep]
|-damage|p1a: Barraskewda|48/100|[from] Sandstorm
|upkeep
|
|t:|1760822550
|switch|p2a: Excadrill|Excadrill, M|94/100
|-damage|p2a: Excadrill|91/100|[from] Stealth Rock
|-item|p2a: Excadrill|Air Balloon
|turn|26
|
|t:|1760822554
|switch|p1a: Zapdos|Zapdos|45/100
|-damage|p1a: Zapdos|20/100|[from] Stealth Rock
|move|p2a: Excadrill|Earthquake|p1a: Zapdos
|-immune|p1a: Zapdos
|
|-weather|Sandstorm|[upkeep]
|-damage|p1a: Zapdos|14/100|[from] Sandstorm
|upkeep
|turn|27
|
|t:|1760822561
|move|p2a: Excadrill|Rock Slide|p1a: Zapdos
|-supereffective|p1a: Zapdos
|-damage|p1a: Zapdos|0 fnt
|faint|p1a: Zapdos
|
|-weather|Sandstorm|[upkeep]
|upkeep
|
|t:|1760822563
|switch|p1a: Barraskewda|Barraskewda, M, tera:Water|48/100
|-damage|p1a: Barraskewda|35/100|[from] Stealth Rock
|turn|28
|
|t:|1760822567
|move|p1a: Barraskewda|Aqua Jet|p2a: Excadrill
|-supereffective|p2a: Excadrill
|-damage|p2a: Excadrill|0 fnt
|-enditem|p2a: Excadrill|Air Balloon
|faint|p2a: Excadrill
|
|win|Deathfrogie
|raw|Deathfrogie's rating: 1582 &rarr; <strong>1600</strong><br />(+18 for winning)
|raw|AlmightyHD's rating: 1543 &rarr; <strong>1525</strong><br />(-18 for losing)
|l|☆AlmightyHD
|player|p2|
