|j|☆undertalethemovie
|j|☆moumu4
|t:|1760860900
|gametype|singles
|player|p1|undertalethemovie|n|1144
|player|p2|moumu4|pokekid|1098
|gen|9
|tier|[Gen 9] OU
|rated|
|rule|HP Percentage Mod: HP is shown in percentages
|rule|Endless Battle Clause: Forcing endless battles is banned
|rule|Species Clause: Limit one of each Pokémon
|rule|OHKO Clause: OHKO moves are banned
|rule|Evasion Items Clause: Evasion items are banned
|rule|Evasion Moves Clause: Evasion moves are banned
|rule|Evasion Abilities Clause: Evasion abilities are banned
|rule|Sleep Moves Clause: Sleep-inducing moves are banned
|clearpoke
|poke|p1|Clodsire, F|
|poke|p1|Ogerpon-Wellspring, F|
|poke|p1|Zoroark-Hisui, M|
|poke|p1|Zamazenta-*|
|poke|p1|Cinderace, F|
|poke|p1|Deoxys-Speed|
|poke|p2|Raichu-Alola, M|
|poke|p2|Pincurchin, M|
|poke|p2|Raging Bolt|
|poke|p2|Iron Hands|
|poke|p2|Iron Valiant|
|poke|p2|Ogerpon, F|
|teampreview
|
|t:|1760860909
|teamsize|p1|6
|teamsize|p2|6
|start
|switch|p1a: Ingerland|Cinderace, F|100/100
|switch|p2a: Pincurchin|Pincurchin, M|100/100
|-fieldstart|move: Electric Terrain|[from] ability: Electric Surge|[of] p2a: Pincurchin
|turn|1
|inactive|Battle timer is ON: inactive players will automatically lose when time's up. (requested by undertalethemovie)
|
|t:|1760860930
|switch|p1a: Mumbo|Clodsire, F|100/100
|-item|p1a: Mumbo|Air Balloon
|move|p2a: Pincurchin|Scald|p1a: Mumbo
|-supereffective|p1a: Mumbo
|-damage|p1a: Mumbo|81/100
|-status|p1a: Mumbo|brn
|-enditem|p1a: Mumbo|Air Balloon
|
|-damage|p1a: Mumbo|75/100 brn|[from] brn
|upkeep
|turn|2
|
|t:|1760860936
|move|p1a: Mumbo|Toxic Spikes|p2a: Pincurchin
|-sidestart|p2: moumu4|move: Toxic Spikes
|move|p2a: Pincurchin|Spikes|p1a: Mumbo
|-sidestart|p1: undertalethemovie|Spikes
|
|-damage|p1a: Mumbo|69/100 brn|[from] brn
|upkeep
|turn|3
|
|t:|1760860959
|switch|p2a: Ogerpon|Ogerpon, F|100/100
|move|p1a: Mumbo|Toxic Spikes|p2a: Ogerpon
|-sidestart|p2: moumu4|move: Toxic Spikes
|
|-damage|p1a: Mumbo|63/100 brn|[from] brn
|upkeep
|turn|4
|
|t:|1760860971
|-terastallize|p1a: Mumbo|Flying
|move|p2a: Ogerpon|Encore|p1a: Mumbo
|-start|p1a: Mumbo|Encore
|move|p1a: Mumbo|Toxic Spikes||[still]
|-fail|p1a: Mumbo
|
|-damage|p1a: Mumbo|57/100 brn|[from] brn
|upkeep
|turn|5
|
|t:|1760860978
|switch|p1a: Ingerland|Cinderace, F|100/100
|move|p2a: Ogerpon|Leech Seed|p1a: Ingerland
|-start|p1a: Ingerland|move: Leech Seed
|
|-damage|p1a: Ingerland|88/100|[from] Leech Seed|[of] p2a: Ogerpon
|upkeep
|turn|6
|
|t:|1760860989
|move|p2a: Ogerpon|Spiky Shield|p2a: Ogerpon
|-singleturn|p2a: Ogerpon|move: Protect
|move|p1a: Ingerland|Pyro Ball|p2a: Ogerpon
|-activate|p2a: Ogerpon|move: Protect
|
|-damage|p1a: Ingerland|76/100|[from] Leech Seed|[of] p2a: Ogerpon
|upkeep
|turn|7
|
|t:|1760861010
|switch|p2a: Raging Bolt|Raging Bolt|100/100
|-status|p2a: Raging Bolt|tox
|-enditem|p2a: Raging Bolt|Booster Energy
|-activate|p2a: Raging Bolt|ability: Protosynthesis|[fromitem]
|-start|p2a: Raging Bolt|protosynthesisspa
|move|p1a: Ingerland|U-turn|p2a: Raging Bolt
|-start|p1a: Ingerland|typechange|Bug|[from] ability: Libero
|-damage|p2a: Raging Bolt|75/100 tox
|
|t:|1760861014
|switch|p1a: Mumbo|Clodsire, F, tera:Flying|57/100 brn|[from] U-turn
|
|-damage|p2a: Raging Bolt|69/100 tox|[from] psn
|-damage|p1a: Mumbo|51/100 brn|[from] brn
|upkeep
|turn|8
|
|t:|1760861020
|move|p2a: Raging Bolt|Dragon Pulse|p1a: Mumbo
|-crit|p1a: Mumbo
|-damage|p1a: Mumbo|0 fnt
|faint|p1a: Mumbo
|
|-damage|p2a: Raging Bolt|57/100 tox|[from] psn
|-fieldend|move: Electric Terrain
|upkeep
|
|t:|1760861023
|switch|p1a: Ingerland|Cinderace, F|100/100
|-item|p1a: Ingerland|Air Balloon
|turn|9
|
|t:|1760861029
|move|p1a: Ingerland|Detect|p1a: Ingerland
|-singleturn|p1a: Ingerland|Protect
|move|p2a: Raging Bolt|Thunderclap||[still]
|-fail|p2a: Raging Bolt
|
|-damage|p2a: Raging Bolt|38/100 tox|[from] psn
|upkeep
|turn|10
|
|t:|1760861034
|switch|p1a: Ingerland|Cinderace, F|76/100
|move|p2a: Raging Bolt|Thunderclap||[still]
|-fail|p2a: Raging Bolt
|
|-damage|p2a: Raging Bolt|14/100 tox|[from] psn
|upkeep
|turn|11
|
|t:|1760861042
|move|p2a: Raging Bolt|Thunderclap|p1a: Ingerland
|-damage|p1a: Ingerland|1/100
|move|p1a: Ingerland|U-turn|p2a: Raging Bolt
|-start|p1a: Ingerland|typechange|Bug|[from] ability: Libero
|-damage|p2a: Raging Bolt|0 fnt
|faint|p2a: Raging Bolt
|-end|p2a: Raging Bolt|Protosynthesis|[silent]
|
|t:|1760861045
|switch|p1a: Ingerland|Cinderace, F|100/100|[from] U-turn
|-item|p1a: Ingerland|Air Balloon
|
|upkeep
|
|t:|1760861053
|switch|p2a: Pincurchin|Pincurchin, M|100/100
|-status|p2a: Pincurchin|tox
|-fieldstart|move: Electric Terrain|[from] ability: Electric Surge|[of] p2a: Pincurchin
|turn|12
|
|t:|1760861059
|move|p1a: Ingerland|Detect|p1a: Ingerland
|-singleturn|p1a: Ingerland|Protect
|move|p2a: Pincurchin|Discharge|p1a: Ingerland
|-activate|p1a: Ingerland|move: Protect
|
|-damage|p2a: Pincurchin|94/100 tox|[from] psn
|upkeep
|turn|13
|
|t:|1760861061
|move|p1a: Ingerland|Hex|p2a: Pincurchin
|-damage|p2a: Pincurchin|4/100 tox
|move|p2a: Pincurchin|Discharge|p1a: Ingerland
|-damage|p1a: Ingerland|35/100
|-status|p1a: Ingerland|par
|replace|p1a: Count St. Germain|Zoroark-Hisui, M, shiny
|-end|p1a: Count St. Germain|Illusion
|-enditem|p1a: Count St. Germain|Air Balloon
|
|-damage|p2a: Pincurchin|0 fnt|[from] psn
|faint|p2a: Pincurchin
|upkeep
|
|t:|1760861068
|switch|p2a: Raichu|Raichu-Alola, M, shiny|100/100
|turn|14
|
|t:|1760861077
|switch|p1a: Ingerland|Cinderace, F|1/100
|move|p2a: Raichu|Volt Switch|p1a: Ingerland
|-damage|p1a: Ingerland|0 fnt
|faint|p1a: Ingerland
|
|t:|1760861087
|switch|p2a: Ogerpon|Ogerpon, F|100/100|[from] Volt Switch
|
|upkeep
|
|t:|1760861090
|switch|p1a: Minami Torishima|Deoxys-Speed|100/100
|-damage|p1a: Minami Torishima|88/100|[from] Spikes
|-ability|p1a: Minami Torishima|Pressure
|turn|15
|
|t:|1760861099
|-terastallize|p2a: Ogerpon|Grass
|detailschange|p2a: Ogerpon|Ogerpon-Teal-Tera, F, tera:Grass
|-ability|p2a: Ogerpon|Embody Aspect (Teal)|boost
|-boost|p2a: Ogerpon|spe|1
|move|p2a: Ogerpon|Ivy Cudgel|p1a: Minami Torishima
|-damage|p1a: Minami Torishima|8/100
|move|p1a: Minami Torishima|Ice Beam|p2a: Ogerpon
|-supereffective|p2a: Ogerpon
|-damage|p2a: Ogerpon|21/100
|
|upkeep
|turn|16
|
|t:|1760861113
|move|p2a: Ogerpon|Ivy Cudgel|p1a: Minami Torishima
|-damage|p1a: Minami Torishima|0 fnt
|faint|p1a: Minami Torishima
|
|upkeep
|
|t:|1760861115
|switch|p1a: The Writer|Ogerpon-Wellspring, F|35/100 par
|-damage|p1a: The Writer|22/100 par|[from] Spikes
|turn|17
|
|t:|1760861127
|cant|p1a: The Writer|par
|move|p2a: Ogerpon|Ivy Cudgel|p1a: The Writer
|-damage|p1a: The Writer|0 fnt
|replace|p1a: Count St. Germain|Zoroark-Hisui, M, shiny
|-end|p1a: Count St. Germain|Illusion
|faint|p1a: Count St. Germain
|
|upkeep
|
|t:|1760861132
|switch|p1a: Pokemon Shield|Zamazenta|100/100
|-damage|p1a: Pokemon Shield|88/100|[from] Spikes
|-ability|p1a: Pokemon Shield|Dauntless Shield|boost
|-boost|p1a: Pokemon Shield|def|1
|turn|18
|
|t:|1760861143
|move|p2a: Ogerpon|Leech Seed|p1a: Pokemon Shield
|-start|p1a: Pokemon Shield|move: Leech Seed
|move|p1a: Pokemon Shield|Iron Head|p2a: Ogerpon
|-damage|p2a: Ogerpon|0 fnt
|faint|p2a: Ogerpon
|detailschange|p2: Ogerpon|Ogerpon, F|[silent]
|
|upkeep
|
|t:|1760861152
|switch|p2a: Iron Hands|Iron Hands|100/100
|-status|p2a: Iron Hands|tox
|-activate|p2a: Iron Hands|ability: Quark Drive
|-start|p2a: Iron Hands|quarkdriveatk
|turn|19
|
|t:|1760861156
|switch|p1a: The Writer|Ogerpon-Wellspring, F|100/100
|-damage|p1a: The Writer|88/100|[from] Spikes
|move|p2a: Iron Hands|Drain Punch|p1a: The Writer
|-damage|p1a: The Writer|9/100
|
|-damage|p2a: Iron Hands|94/100 tox|[from] psn
|-fieldend|move: Electric Terrain
|-end|p2a: Iron Hands|Quark Drive
|upkeep
|turn|20
|
|t:|1760861165
|move|p1a: The Writer|Ivy Cudgel|p2a: Iron Hands|[anim] Ivy Cudgel Water
|-damage|p2a: Iron Hands|59/100 tox
|move|p2a: Iron Hands|Drain Punch|p1a: The Writer
|-damage|p1a: The Writer|0 fnt
|-heal|p2a: Iron Hands|62/100 tox|[from] drain|[of] p1a: The Writer
|faint|p1a: The Writer
|
|-damage|p2a: Iron Hands|50/100 tox|[from] psn
|upkeep
|
|t:|1760861170
|switch|p1a: Pokemon Shield|Zamazenta|88/100
|-damage|p1a: Pokemon Shield|76/100|[from] Spikes
|turn|21
|
|t:|1760861174
|move|p1a: Pokemon Shield|Iron Head|p2a: Iron Hands
|-resisted|p2a: Iron Hands
|-damage|p2a: Iron Hands|41/100 tox
|cant|p2a: Iron Hands|flinch
|
|-damage|p2a: Iron Hands|22/100 tox|[from] psn
|upkeep
|turn|22
|
|t:|1760861190
|move|p1a: Pokemon Shield|Wild Charge|p2a: Iron Hands
|-resisted|p2a: Iron Hands
|-damage|p2a: Iron Hands|12/100 tox
|-damage|p1a: Pokemon Shield|72/100|[from] Recoil
|move|p2a: Iron Hands|Drain Punch|p1a: Pokemon Shield
|-damage|p1a: Pokemon Shield|32/100
|-heal|p2a: Iron Hands|25/100 tox|[from] drain|[of] p1a: Pokemon Shield
|
|-damage|p2a: Iron Hands|1/100 tox|[from] psn
|upkeep
|turn|23
|
|t:|1760861202
|move|p1a: Pokemon Shield|Iron Head|p2a: Iron Hands
|-resisted|p2a: Iron Hands
|-damage|p2a: Iron Hands|0 fnt
|faint|p2a: Iron Hands
|-end|p2a: Iron Hands|Quark Drive|[silent]
|
|upkeep
|
|t:|1760861205
|switch|p2a: Iron Valiant|Iron Valiant|100/100
|-status|p2a: Iron Valiant|tox
|turn|24
|
|t:|1760861211
|move|p1a: Pokemon Shield|Iron Head|p2a: Iron Valiant
|-supereffective|p2a: Iron Valiant
|-damage|p2a: Iron Valiant|26/100 tox
|move|p2a: Iron Valiant|Fire Punch|p1a: Pokemon Shield
|-damage|p1a: Pokemon Shield|0 fnt
|faint|p1a: Pokemon Shield
|
|win|moumu4
|raw|undertalethemovie's rating: 1144 &rarr; <strong>1116</strong><br />(-28 for losing)
|raw|moumu4's rating: 1098 &rarr; <strong>1127</strong><br />(+29 for winning)
|l|☆undertalethemovie
|player|p1|
|l|☆moumu4
|player|p2|
