|j|☆Volga123
|j|☆gokubatman2
|t:|1760722454
|gametype|singles
|player|p1|Volga123|cynthia|1476
|player|p2|gokubatman2|bruno|1474
|gen|9
|tier|[Gen 9] OU
|rated|
|rule|HP Percentage Mod: HP is shown in percentages
|rule|Endless Battle Clause: Forcing endless battles is banned
|rule|Species Clause: Limit one of each Pokémon
|rule|OHKO Clause: OHKO moves are banned
|rule|Evasion Items Clause: Evasion items are banned
|rule|Evasion Moves Clause: Evasion moves are banned
|rule|Evasion Abilities Clause: Evasion abilities are banned
|rule|Sleep Moves Clause: Sleep-inducing moves are banned
|clearpoke
|poke|p1|Araquanid, M|
|poke|p1|Politoed, M|
|poke|p1|Raging Bolt|
|poke|p1|Bisharp, F|
|poke|p1|Iron Jugulis|
|poke|p1|Clodsire, M|
|poke|p2|Gholdengo|
|poke|p2|Great Tusk|
|poke|p2|Clefable, M|
|poke|p2|Ogerpon-Wellspring, F|
|poke|p2|Ceruledge, F|
|poke|p2|Dragonite, M|
|teampreview
|inactive|Battle timer is ON: inactive players will automatically lose when time's up. (requested by gokubatman2)
|c|☆gokubatman2|Glhf
|
|t:|1760722477
|teamsize|p1|6
|teamsize|p2|6
|start
|switch|p1a: Araquanid|Araquanid, M|100/100
|switch|p2a: Clefable|Clefable, M|100/100
|turn|1
|
|t:|1760722483
|move|p2a: Clefable|Stealth Rock|p1a: Araquanid
|-sidestart|p1: Volga123|move: Stealth Rock
|move|p1a: Araquanid|Liquidation|p2a: Clefable
|-damage|p2a: Clefable|26/100
|
|upkeep
|turn|2
|
|t:|1760722493
|switch|p2a: Ogerpon|Ogerpon-Wellspring, F|100/100
|switch|p1a: Politoed|Politoed, M|100/100
|-damage|p1a: Politoed|88/100|[from] Stealth Rock
|-weather|RainDance|[from] ability: Drizzle|[of] p1a: Politoed
|
|-weather|RainDance|[upkeep]
|upkeep
|turn|3
|
|t:|1760722502
|switch|p1a: Clodsire|Clodsire, M|100/100
|-damage|p1a: Clodsire|94/100|[from] Stealth Rock
|move|p2a: Ogerpon|Spikes|p1a: Clodsire
|-sidestart|p1: Volga123|Spikes
|
|-weather|RainDance|[upkeep]
|-heal|p1a: Clodsire|100/100|[from] item: Black Sludge
|upkeep
|turn|4
|
|t:|1760722508
|move|p2a: Ogerpon|Knock Off|p1a: Clodsire
|-damage|p1a: Clodsire|75/100
|-enditem|p1a: Clodsire|Black Sludge|[from] move: Knock Off|[of] p2a: Ogerpon
|move|p1a: Clodsire|Toxic|p2a: Ogerpon
|-status|p2a: Ogerpon|tox
|
|-weather|RainDance|[upkeep]
|-damage|p2a: Ogerpon|95/100 tox|[from] psn
|upkeep
|turn|5
|
|t:|1760722525
|switch|p1a: Iron Jugulis|Iron Jugulis|100/100
|-damage|p1a: Iron Jugulis|76/100|[from] Stealth Rock
|-enditem|p1a: Iron Jugulis|Booster Energy
|-activate|p1a: Iron Jugulis|ability: Quark Drive|[fromitem]
|-start|p1a: Iron Jugulis|quarkdrivespe
|move|p2a: Ogerpon|Spikes|p1a: Iron Jugulis
|-sidestart|p1: Volga123|Spikes
|
|-weather|RainDance|[upkeep]
|-damage|p2a: Ogerpon|83/100 tox|[from] psn
|upkeep
|turn|6
|
|t:|1760722544
|switch|p2a: Clefable|Clefable, M|26/100
|move|p1a: Iron Jugulis|Hurricane|p2a: Clefable
|-damage|p2a: Clefable|0 fnt
|faint|p2a: Clefable
|
|-weather|RainDance|[upkeep]
|upkeep
|
|t:|1760722550
|switch|p2a: Dragonite|Dragonite, M|100/100
|turn|7
|
|t:|1760722555
|move|p1a: Iron Jugulis|Hurricane|p2a: Dragonite
|-damage|p2a: Dragonite|81/100
|move|p2a: Dragonite|Dragon Dance|p2a: Dragonite
|-boost|p2a: Dragonite|atk|1
|-boost|p2a: Dragonite|spe|1
|
|-weather|RainDance|[upkeep]
|upkeep
|turn|8
|
|t:|1760722562
|move|p1a: Iron Jugulis|Hurricane|p2a: Dragonite
|-crit|p2a: Dragonite
|-damage|p2a: Dragonite|28/100
|move|p2a: Dragonite|Dragon Dance|p2a: Dragonite
|-boost|p2a: Dragonite|atk|1
|-boost|p2a: Dragonite|spe|1
|
|-weather|RainDance|[upkeep]
|upkeep
|turn|9
|
|t:|1760722568
|move|p1a: Iron Jugulis|Hurricane|p2a: Dragonite
|-damage|p2a: Dragonite|0 fnt
|faint|p2a: Dragonite
|
|-weather|none
|upkeep
|inactive|gokubatman2 has 120 seconds left.
|
|t:|1760722616
|switch|p2a: Gholdengo|Gholdengo|100/100
|-item|p2a: Gholdengo|Air Balloon
|turn|10
|
|t:|1760722621
|-terastallize|p2a: Gholdengo|Fairy
|move|p1a: Iron Jugulis|Dark Pulse|p2a: Gholdengo
|-resisted|p2a: Gholdengo
|-damage|p2a: Gholdengo|77/100
|-enditem|p2a: Gholdengo|Air Balloon
|move|p2a: Gholdengo|Make It Rain|p1a: Iron Jugulis
|-damage|p1a: Iron Jugulis|2/100
|-unboost|p2a: Gholdengo|spa|1
|
|upkeep
|turn|11
|inactive|gokubatman2 has 120 seconds left.
|
|t:|1760722652
|switch|p2a: Ogerpon|Ogerpon-Wellspring, F|83/100 tox
|move|p1a: Iron Jugulis|Hurricane|p2a: Ogerpon
|-supereffective|p2a: Ogerpon
|-damage|p2a: Ogerpon|0 fnt
|faint|p2a: Ogerpon
|
|upkeep
|
|t:|1760722657
|switch|p2a: Ceruledge|Ceruledge, F|100/100
|turn|12
|
|t:|1760722660
|move|p2a: Ceruledge|Shadow Sneak|p1a: Iron Jugulis
|-resisted|p1a: Iron Jugulis
|-damage|p1a: Iron Jugulis|0 fnt
|faint|p1a: Iron Jugulis
|-end|p1a: Iron Jugulis|Quark Drive|[silent]
|
|upkeep
|
|t:|1760722664
|switch|p1a: Politoed|Politoed, M|88/100
|-damage|p1a: Politoed|75/100|[from] Stealth Rock
|-damage|p1a: Politoed|59/100|[from] Spikes
|-weather|RainDance|[from] ability: Drizzle|[of] p1a: Politoed
|turn|13
|inactive|gokubatman2 has 120 seconds left.
|
|t:|1760722681
|move|p2a: Ceruledge|Poltergeist|p1a: Politoed
|-activate|p1a: Politoed|move: Poltergeist|Damp Rock
|-damage|p1a: Politoed|0 fnt
|faint|p1a: Politoed
|
|-weather|RainDance|[upkeep]
|upkeep
|
|t:|1760722696
|switch|p1a: Raging Bolt|Raging Bolt|100/100
|-damage|p1a: Raging Bolt|88/100|[from] Stealth Rock
|-damage|p1a: Raging Bolt|72/100|[from] Spikes
|-enditem|p1a: Raging Bolt|Booster Energy
|-activate|p1a: Raging Bolt|ability: Protosynthesis|[fromitem]
|-start|p1a: Raging Bolt|protosynthesisspa
|turn|14
|inactive|gokubatman2 has 120 seconds left.
|
|t:|1760722719
|move|p2a: Ceruledge|Swords Dance|p2a: Ceruledge
|-boost|p2a: Ceruledge|atk|2
|move|p1a: Raging Bolt|Weather Ball|p2a: Ceruledge
|-supereffective|p2a: Ceruledge
|-enditem|p2a: Ceruledge|Focus Sash
|-damage|p2a: Ceruledge|1/100
|
|-weather|RainDance|[upkeep]
|upkeep
|turn|15
|
|t:|1760722724
|move|p2a: Ceruledge|Shadow Sneak|p1a: Raging Bolt
|-damage|p1a: Raging Bolt|40/100
|move|p1a: Raging Bolt|Weather Ball|p2a: Ceruledge
|-supereffective|p2a: Ceruledge
|-damage|p2a: Ceruledge|0 fnt
|faint|p2a: Ceruledge
|
|-weather|RainDance|[upkeep]
|upkeep
|
|t:|1760722731
|switch|p2a: Great Tusk|Great Tusk|100/100
|turn|16
|
|t:|1760722734
|move|p2a: Great Tusk|Headlong Rush|p1a: Raging Bolt
|-supereffective|p1a: Raging Bolt
|-damage|p1a: Raging Bolt|0 fnt
|-unboost|p2a: Great Tusk|def|1
|-unboost|p2a: Great Tusk|spd|1
|faint|p1a: Raging Bolt
|-end|p1a: Raging Bolt|Protosynthesis|[silent]
|
|-weather|RainDance|[upkeep]
|upkeep
|
|t:|1760722737
|switch|p1a: Araquanid|Araquanid, M|100/100
|-damage|p1a: Araquanid|75/100|[from] Stealth Rock
|-damage|p1a: Araquanid|59/100|[from] Spikes
|turn|17
|inactive|gokubatman2 has 120 seconds left.
|
|t:|1760722764
|move|p2a: Great Tusk|Knock Off|p1a: Araquanid
|-damage|p1a: Araquanid|26/100
|-enditem|p1a: Araquanid|Choice Band|[from] move: Knock Off|[of] p2a: Great Tusk
|move|p1a: Araquanid|Liquidation|p2a: Great Tusk
|-supereffective|p2a: Great Tusk
|-damage|p2a: Great Tusk|0 fnt
|-damage|p1a: Araquanid|10/100|[from] item: Rocky Helmet|[of] p2a: Great Tusk
|faint|p2a: Great Tusk
|-end|p2a: Great Tusk|Protosynthesis|[silent]
|
|-weather|RainDance|[upkeep]
|upkeep
|
|t:|1760722770
|switch|p2a: Gholdengo|Gholdengo, tera:Fairy|77/100
|turn|18
|
|t:|1760722776
|move|p2a: Gholdengo|Shadow Ball|p1a: Araquanid
|-damage|p1a: Araquanid|0 fnt
|faint|p1a: Araquanid
|
|-weather|RainDance|[upkeep]
|upkeep
|
|t:|1760722778
|switch|p1a: Bisharp|Bisharp, F|100/100
|-damage|p1a: Bisharp|95/100|[from] Stealth Rock
|-damage|p1a: Bisharp|78/100|[from] Spikes
|turn|19
|
|t:|1760722780
|move|p2a: Gholdengo|Focus Blast|p1a: Bisharp
|-supereffective|p1a: Bisharp
|-damage|p1a: Bisharp|0 fnt
|faint|p1a: Bisharp
|
|-weather|RainDance|[upkeep]
|upkeep
|
|t:|1760722783
|switch|p1a: Clodsire|Clodsire, M|75/100
|-damage|p1a: Clodsire|68/100|[from] Stealth Rock
|-damage|p1a: Clodsire|52/100|[from] Spikes
|turn|20
|
|t:|1760722789
|move|p2a: Gholdengo|Make It Rain|p1a: Clodsire
|-damage|p1a: Clodsire|3/100
|-unboost|p2a: Gholdengo|spa|1
|move|p1a: Clodsire|Recover|p1a: Clodsire
|-heal|p1a: Clodsire|53/100
|
|-weather|none
|upkeep
|turn|21
|
|t:|1760722795
|move|p2a: Gholdengo|Make It Rain|p1a: Clodsire
|-damage|p1a: Clodsire|20/100
|-unboost|p2a: Gholdengo|spa|1
|move|p1a: Clodsire|Recover|p1a: Clodsire
|-heal|p1a: Clodsire|70/100
|
|upkeep
|turn|22
|
|t:|1760722802
|move|p2a: Gholdengo|Nasty Plot|p2a: Gholdengo
|-boost|p2a: Gholdengo|spa|2
|move|p1a: Clodsire|Recover|p1a: Clodsire
|-heal|p1a: Clodsire|100/100
|
|upkeep
|turn|23
|
|t:|1760722809
|move|p2a: Gholdengo|Nasty Plot|p2a: Gholdengo
|-boost|p2a: Gholdengo|spa|2
|move|p1a: Clodsire|Earthquake|p2a: Gholdengo
|-damage|p2a: Gholdengo|47/100
|
|upkeep
|turn|24
|
|t:|1760722817
|-terastallize|p1a: Clodsire|Ground
|move|p2a: Gholdengo|Make It Rain|p1a: Clodsire
|-damage|p1a: Clodsire|9/100
|-unboost|p2a: Gholdengo|spa|1
|move|p1a: Clodsire|Earthquake|p2a: Gholdengo
|-damage|p2a: Gholdengo|7/100
|
|upkeep
|turn|25
|
|t:|1760722822
|move|p2a: Gholdengo|Make It Rain|p1a: Clodsire
|-damage|p1a: Clodsire|0 fnt
|-unboost|p2a: Gholdengo|spa|1
|faint|p1a: Clodsire
|
|win|gokubatman2
|raw|Volga123's rating: 1476 &rarr; <strong>1456</strong><br />(-20 for losing)
|raw|gokubatman2's rating: 1474 &rarr; <strong>1494</strong><br />(+20 for winning)
|c|☆gokubatman2|Gg
|l|☆Volga123
|player|p1|
|l|☆gokubatman2
|player|p2|
|j|☆gokubatman2
|player|p2|gokubatman2|bruno|
|l|☆gokubatman2
|player|p2|
