|j|☆alexxledain
|j|☆Agent Dave
|t:|1760782308
|gametype|singles
|player|p1|alexxledain|swimmer|1158
|player|p2|Agent Dave|hugh|1108
|gen|9
|tier|[Gen 9] OU
|rated|
|rule|HP Percentage Mod: HP is shown in percentages
|rule|Endless Battle Clause: Forcing endless battles is banned
|rule|Species Clause: Limit one of each Pokémon
|rule|OHKO Clause: OHKO moves are banned
|rule|Evasion Items Clause: Evasion items are banned
|rule|Evasion Moves Clause: Evasion moves are banned
|rule|Evasion Abilities Clause: Evasion abilities are banned
|rule|Sleep Moves Clause: Sleep-inducing moves are banned
|clearpoke
|poke|p1|Pelipper, M|
|poke|p1|Barraskewda, F|
|poke|p1|Thundurus, M|
|poke|p1|Goodra-Hisui, F|
|poke|p1|Dondozo, F|
|poke|p1|Forretress, F|
|poke|p2|Slaking, M|
|poke|p2|Kingambit, M|
|poke|p2|Gholdengo|
|poke|p2|Regirock|
|poke|p2|Sinistcha-Masterpiece|
|poke|p2|Raging Bolt|
|teampreview
|inactive|Battle timer is ON: inactive players will automatically lose when time's up. (requested by Agent Dave)
|
|t:|1760782329
|teamsize|p1|6
|teamsize|p2|6
|start
|switch|p1a: Pimp BALL|Forretress, F, shiny|100/100
|switch|p2a: Slaking|Slaking, M, shiny|100/100
|turn|1
|
|t:|1760782337
|-terastallize|p2a: Slaking|Normal
|move|p2a: Slaking|Giga Impact|p1a: Pimp BALL
|-resisted|p1a: Pimp BALL
|-damage|p1a: Pimp BALL|54/100
|-mustrecharge|p2a: Slaking
|move|p1a: Pimp BALL|Stealth Rock|p2a: Slaking
|-sidestart|p2: Agent Dave|move: Stealth Rock
|
|upkeep
|turn|2
|
|t:|1760782347
|switch|p1a: Terence|Pelipper, M|100/100
|-weather|RainDance|[from] ability: Drizzle|[of] p1a: Terence
|cant|p2a: Slaking|recharge
|
|-weather|RainDance|[upkeep]
|upkeep
|turn|3
|
|t:|1760782360
|switch|p1a: Pimp BALL|Forretress, F, shiny|54/100
|move|p2a: Slaking|Giga Impact|p1a: Pimp BALL
|-resisted|p1a: Pimp BALL
|-crit|p1a: Pimp BALL
|-damage|p1a: Pimp BALL|0 fnt
|-mustrecharge|p2a: Slaking
|faint|p1a: Pimp BALL
|
|-weather|RainDance|[upkeep]
|upkeep
|
|t:|1760782371
|switch|p1a: Nemon't|Barraskewda, F, shiny|100/100
|turn|4
|
|t:|1760782376
|move|p1a: Nemon't|Liquidation|p2a: Slaking
|-damage|p2a: Slaking|25/100
|cant|p2a: Slaking|recharge
|
|-weather|RainDance|[upkeep]
|upkeep
|turn|5
|
|t:|1760782383
|move|p1a: Nemon't|Liquidation|p2a: Slaking
|-damage|p2a: Slaking|0 fnt
|faint|p2a: Slaking
|
|-weather|RainDance|[upkeep]
|upkeep
|
|t:|1760782397
|switch|p2a: Raging Bolt|Raging Bolt|100/100
|-damage|p2a: Raging Bolt|88/100|[from] Stealth Rock
|-enditem|p2a: Raging Bolt|Booster Energy
|-activate|p2a: Raging Bolt|ability: Protosynthesis|[fromitem]
|-start|p2a: Raging Bolt|protosynthesisspa
|turn|6
|
|t:|1760782407
|switch|p1a: Bozo|Dondozo, F|100/100
|move|p2a: Raging Bolt|Thunderclap||[still]
|-fail|p2a: Raging Bolt
|
|-weather|RainDance|[upkeep]
|upkeep
|turn|7
|
|t:|1760782415
|-terastallize|p1a: Bozo|Grass
|move|p2a: Raging Bolt|Thunderbolt|p1a: Bozo
|-resisted|p1a: Bozo
|-damage|p1a: Bozo|63/100
|move|p1a: Bozo|Wave Crash|p2a: Raging Bolt
|-resisted|p2a: Raging Bolt
|-damage|p2a: Raging Bolt|54/100
|-damage|p1a: Bozo|52/100|[from] Recoil
|
|-weather|RainDance|[upkeep]
|-heal|p1a: Bozo|58/100|[from] item: Leftovers
|upkeep
|turn|8
|
|t:|1760782427
|move|p2a: Raging Bolt|Dragon Pulse|p1a: Bozo
|-damage|p1a: Bozo|0 fnt
|faint|p1a: Bozo
|
|-weather|RainDance|[upkeep]
|upkeep
|
|t:|1760782439
|switch|p1a: Joie|Goodra-Hisui, F|100/100
|turn|9
|
|t:|1760782463
|move|p2a: Raging Bolt|Dragon Pulse|p1a: Joie
|-damage|p1a: Joie|72/100
|move|p1a: Joie|Dragon Tail|p2a: Raging Bolt
|-supereffective|p2a: Raging Bolt
|-damage|p2a: Raging Bolt|23/100
|-end|p2a: Raging Bolt|Protosynthesis|[silent]
|drag|p2a: Sinistcha|Sinistcha-Masterpiece, shiny|100/100
|-damage|p2a: Sinistcha|88/100|[from] Stealth Rock
|
|-weather|none
|-heal|p2a: Sinistcha|94/100|[from] item: Leftovers
|upkeep
|turn|10
|
|t:|1760782477
|switch|p1a: Terence|Pelipper, M|100/100
|-weather|RainDance|[from] ability: Drizzle|[of] p1a: Terence
|move|p2a: Sinistcha|Shadow Ball|p1a: Terence
|-damage|p1a: Terence|34/100
|
|-weather|RainDance|[upkeep]
|-heal|p2a: Sinistcha|99/100|[from] item: Leftovers
|upkeep
|turn|11
|
|t:|1760782492
|move|p2a: Sinistcha|Matcha Gotcha|p1a: Terence
|-damage|p1a: Terence|0 fnt
|-heal|p2a: Sinistcha|100/100|[from] drain|[of] p1a: Terence
|faint|p1a: Terence
|
|-weather|RainDance|[upkeep]
|upkeep
|
|t:|1760782502
|switch|p1a: Nemon't|Barraskewda, F, shiny|100/100
|turn|12
|
|t:|1760782523
|switch|p1a: Joie|Goodra-Hisui, F|72/100
|move|p2a: Sinistcha|Matcha Gotcha|p1a: Joie
|-ability|p1a: Joie|Sap Sipper|boost
|-boost|p1a: Joie|atk|1
|
|-weather|RainDance|[upkeep]
|upkeep
|turn|13
|
|t:|1760782532
|move|p2a: Sinistcha|Strength Sap|p1a: Joie
|-ability|p1a: Joie|Sap Sipper|boost
|-boost|p1a: Joie|atk|1
|move|p1a: Joie|Dragon Tail|p2a: Sinistcha
|-damage|p2a: Sinistcha|65/100
|drag|p2a: Regirock|Regirock, shiny|100/100
|-damage|p2a: Regirock|88/100|[from] Stealth Rock
|
|-weather|RainDance|[upkeep]
|-heal|p2a: Regirock|94/100|[from] item: Leftovers
|upkeep
|turn|14
|
|t:|1760782545
|move|p1a: Joie|Flash Cannon|p2a: Regirock
|-supereffective|p2a: Regirock
|-crit|p2a: Regirock
|-damage|p2a: Regirock|0 fnt
|faint|p2a: Regirock
|
|-weather|RainDance|[upkeep]
|upkeep
|
|t:|1760782556
|switch|p2a: Sinistcha|Sinistcha-Masterpiece, shiny|65/100
|-damage|p2a: Sinistcha|53/100|[from] Stealth Rock
|turn|15
|
|t:|1760782564
|move|p2a: Sinistcha|Shadow Ball|p1a: Joie
|-damage|p1a: Joie|54/100
|move|p1a: Joie|Ice Beam|p2a: Sinistcha
|-supereffective|p2a: Sinistcha
|-damage|p2a: Sinistcha|0 fnt
|faint|p2a: Sinistcha
|
|-weather|RainDance|[upkeep]
|upkeep
|
|t:|1760782573
|switch|p2a: Raging Bolt|Raging Bolt|23/100
|-damage|p2a: Raging Bolt|11/100|[from] Stealth Rock
|turn|16
|
|t:|1760782588
|move|p2a: Raging Bolt|Dragon Pulse|p1a: Joie
|-damage|p1a: Joie|31/100
|move|p1a: Joie|Dragon Tail|p2a: Raging Bolt
|-supereffective|p2a: Raging Bolt
|-damage|p2a: Raging Bolt|0 fnt
|faint|p2a: Raging Bolt
|-end|p2a: Raging Bolt|Protosynthesis|[silent]
|
|-weather|RainDance|[upkeep]
|upkeep
|
|t:|1760782599
|switch|p2a: Gholdengo|Gholdengo|100/100
|-damage|p2a: Gholdengo|94/100|[from] Stealth Rock
|turn|17
|
|t:|1760782609
|move|p2a: Gholdengo|Shadow Ball|p1a: Joie
|-damage|p1a: Joie|5/100
|-unboost|p1a: Joie|spd|1
|-damage|p2a: Gholdengo|85/100|[from] item: Life Orb
|move|p1a: Joie|Draco Meteor|p2a: Gholdengo
|-resisted|p2a: Gholdengo
|-damage|p2a: Gholdengo|48/100
|-unboost|p1a: Joie|spa|2
|
|-weather|none
|upkeep
|turn|18
|
|t:|1760782621
|move|p2a: Gholdengo|Shadow Ball|p1a: Joie
|-damage|p1a: Joie|0 fnt
|faint|p1a: Joie
|-damage|p2a: Gholdengo|39/100|[from] item: Life Orb
|
|upkeep
|
|t:|1760782629
|switch|p1a: Nemon't|Barraskewda, F, shiny|100/100
|turn|19
|
|t:|1760782637
|move|p1a: Nemon't|Drill Run|p2a: Gholdengo
|-supereffective|p2a: Gholdengo
|-damage|p2a: Gholdengo|0 fnt
|faint|p2a: Gholdengo
|
|upkeep
|
|t:|1760782641
|switch|p2a: Kingambit|Kingambit, M, shiny|100/100
|-damage|p2a: Kingambit|94/100|[from] Stealth Rock
|-activate|p2a: Kingambit|ability: Supreme Overlord
|-start|p2a: Kingambit|fallen5|[silent]
|turn|20
|
|t:|1760782650
|switch|p1a: Leg day|Thundurus, M|100/100
|move|p2a: Kingambit|Swords Dance|p2a: Kingambit
|-boost|p2a: Kingambit|atk|2
|
|upkeep
|turn|21
|
|t:|1760782658
|move|p1a: Leg day|Thunder Wave|p2a: Kingambit
|-hint|Since gen 7, Dark is immune to Prankster moves.
|-immune|p2a: Kingambit
|move|p2a: Kingambit|Sucker Punch||[still]
|-fail|p2a: Kingambit
|
|upkeep
|turn|22
|
|t:|1760782677
|move|p1a: Leg day|Thunder Wave|p2a: Kingambit
|-hint|Since gen 7, Dark is immune to Prankster moves.
|-immune|p2a: Kingambit
|move|p2a: Kingambit|Sucker Punch||[still]
|-fail|p2a: Kingambit
|
|upkeep
|turn|23
|
|t:|1760782687
|move|p2a: Kingambit|Sucker Punch|p1a: Leg day
|-damage|p1a: Leg day|0 fnt
|faint|p1a: Leg day
|
|upkeep
|
|t:|1760782692
|switch|p1a: Nemon't|Barraskewda, F, shiny|100/100
|turn|24
|
|t:|1760782699
|move|p2a: Kingambit|Sucker Punch|p1a: Nemon't
|-damage|p1a: Nemon't|0 fnt
|faint|p1a: Nemon't
|
|win|Agent Dave
|raw|alexxledain's rating: 1158 &rarr; <strong>1129</strong><br />(-29 for losing)
|raw|Agent Dave's rating: 1108 &rarr; <strong>1137</strong><br />(+29 for winning)
|l|☆alexxledain
|player|p1|
|c|☆Agent Dave|gg
|l|☆Agent Dave
|player|p2|
