|j|‽Brigadi25
|j|☆the same as here
|t:|1760735327
|gametype|singles
|player|p1|Brigadi25|bugcatcher-gen4dp|1312
|player|p2|the same as here|janitor|1354
|gen|9
|tier|[Gen 9] OU
|rated|
|rule|HP Percentage Mod: HP is shown in percentages
|rule|Endless Battle Clause: Forcing endless battles is banned
|rule|Species Clause: Limit one of each Pokémon
|rule|OHKO Clause: OHKO moves are banned
|rule|Evasion Items Clause: Evasion items are banned
|rule|Evasion Moves Clause: Evasion moves are banned
|rule|Evasion Abilities Clause: Evasion abilities are banned
|rule|Sleep Moves Clause: Sleep-inducing moves are banned
|clearpoke
|poke|p1|Ribombee, M|
|poke|p1|Ogerpon-Wellspring, F|
|poke|p1|Tornadus-Therian, M|
|poke|p1|Goodra, F|
|poke|p1|Iron Crown|
|poke|p1|Iron Treads|
|poke|p2|Gholdengo|
|poke|p2|Samurott-Hisui, F|
|poke|p2|Slowking-Galar, M|
|poke|p2|Zamazenta-*|
|poke|p2|Landorus-Therian, M|
|poke|p2|Great Tusk|
|teampreview
|inactive|Battle timer is ON: inactive players will automatically lose when time's up. (requested by Brigadi25)
|
|t:|1760735340
|teamsize|p1|6
|teamsize|p2|6
|start
|switch|p1a: Ribombee|Ribombee, M|100/100
|switch|p2a: Slowking|Slowking-Galar, M|100/100
|turn|1
|
|t:|1760735352
|move|p1a: Ribombee|Sticky Web|p2a: Slowking
|-sidestart|p2: the same as here|move: Sticky Web
|move|p2a: Slowking|Future Sight|p1a: Ribombee
|-start|p2a: Slowking|move: Future Sight
|
|upkeep
|turn|2
|
|t:|1760735372
|switch|p2a: Landorus|Landorus-Therian, M|100/100
|-ability|p2a: Landorus|Intimidate|boost
|-unboost|p1a: Ribombee|atk|1
|move|p1a: Ribombee|Stun Spore|p2a: Landorus
|-status|p2a: Landorus|par
|
|upkeep
|turn|3
|
|t:|1760735383
|move|p1a: Ribombee|U-turn|p2a: Landorus
|-resisted|p2a: Landorus
|-damage|p2a: Landorus|96/100 par
|-damage|p1a: Ribombee|84/100|[from] item: Rocky Helmet|[of] p2a: Landorus
|
|t:|1760735394
|switch|p1a: Ogerpon|Ogerpon-Wellspring, F|100/100|[from] U-turn
|move|p2a: Landorus|U-turn|p1a: Ogerpon
|-supereffective|p1a: Ogerpon
|-crit|p1a: Ogerpon
|-damage|p1a: Ogerpon|21/100
|
|t:|1760735405
|switch|p2a: Samurott|Samurott-Hisui, F|100/100|[from] U-turn
|-activate|p2a: Samurott|move: Sticky Web
|-unboost|p2a: Samurott|spe|1
|
|-end|p1a: Ogerpon|move: Future Sight
|-crit|p1a: Ogerpon
|-damage|p1a: Ogerpon|0 fnt
|faint|p1a: Ogerpon
|upkeep
|
|t:|1760735424
|switch|p1a: Ribombee|Ribombee, M|84/100
|turn|4
|
|t:|1760735427
|switch|p2a: Gholdengo|Gholdengo|100/100
|-item|p2a: Gholdengo|Air Balloon
|move|p1a: Ribombee|Moonblast|p2a: Gholdengo
|-resisted|p2a: Gholdengo
|-damage|p2a: Gholdengo|79/100
|-unboost|p2a: Gholdengo|spa|1
|-enditem|p2a: Gholdengo|Air Balloon
|
|upkeep
|turn|5
|
|t:|1760735439
|move|p1a: Ribombee|U-turn|p2a: Gholdengo
|-resisted|p2a: Gholdengo
|-damage|p2a: Gholdengo|77/100
|
|t:|1760735442
|switch|p1a: Goodra|Goodra, F|100/100|[from] U-turn
|move|p2a: Gholdengo|Thunder Wave|p1a: Goodra
|-status|p1a: Goodra|par
|
|upkeep
|turn|6
|
|t:|1760735450
|switch|p2a: Samurott|Samurott-Hisui, F|100/100
|-activate|p2a: Samurott|move: Sticky Web
|-unboost|p2a: Samurott|spe|1
|cant|p1a: Goodra|par
|
|upkeep
|turn|7
|
|t:|1760735459
|switch|p1a: Ribombee|Ribombee, M|84/100
|move|p2a: Samurott|Knock Off|p1a: Ribombee
|-resisted|p1a: Ribombee
|-damage|p1a: Ribombee|46/100
|-enditem|p1a: Ribombee|Focus Sash|[from] move: Knock Off|[of] p2a: Samurott
|
|upkeep
|turn|8
|
|t:|1760735477
|switch|p2a: Gholdengo|Gholdengo|77/100
|-activate|p2a: Gholdengo|move: Sticky Web
|-unboost|p2a: Gholdengo|spe|1
|move|p1a: Ribombee|U-turn|p2a: Gholdengo
|-resisted|p2a: Gholdengo
|-damage|p2a: Gholdengo|75/100
|
|t:|1760735483
|switch|p1a: Iron Treads|Iron Treads|100/100|[from] U-turn
|
|upkeep
|turn|9
|
|t:|1760735496
|switch|p2a: Landorus|Landorus-Therian, M|96/100 par
|-ability|p2a: Landorus|Intimidate|boost
|-unboost|p1a: Iron Treads|atk|1
|move|p1a: Iron Treads|Ice Spinner|p2a: Landorus
|-supereffective|p2a: Landorus
|-damage|p2a: Landorus|35/100 par
|-damage|p1a: Iron Treads|84/100|[from] item: Rocky Helmet|[of] p2a: Landorus
|
|upkeep
|turn|10
|
|t:|1760735512
|move|p1a: Iron Treads|Ice Spinner|p2a: Landorus
|-supereffective|p2a: Landorus
|-damage|p2a: Landorus|0 fnt
|-damage|p1a: Iron Treads|67/100|[from] item: Rocky Helmet|[of] p2a: Landorus
|faint|p2a: Landorus
|
|upkeep
|
|t:|1760735514
|switch|p2a: Great Tusk|Great Tusk|100/100
|turn|11
|
|t:|1760735527
|-terastallize|p1a: Iron Treads|Ghost
|move|p1a: Iron Treads|Ice Spinner|p2a: Great Tusk
|-supereffective|p2a: Great Tusk
|-damage|p2a: Great Tusk|76/100
|move|p2a: Great Tusk|Rapid Spin|p1a: Iron Treads
|-immune|p1a: Iron Treads
|
|upkeep
|turn|12
|
|t:|1760735537
|-end|p1a: Iron Treads|Quark Drive|[silent]
|switch|p1a: Tornadus|Tornadus-Therian, M|100/100
|-end|p2a: Great Tusk|Protosynthesis|[silent]
|switch|p2a: Samurott|Samurott-Hisui, F|100/100
|-activate|p2a: Samurott|move: Sticky Web
|-unboost|p2a: Samurott|spe|1
|
|upkeep
|turn|13
|
|t:|1760735545
|move|p1a: Tornadus|U-turn|p2a: Samurott
|-supereffective|p2a: Samurott
|-damage|p2a: Samurott|67/100
|
|t:|1760735552
|switch|p1a: Ribombee|Ribombee, M|46/100|[from] U-turn
|move|p2a: Samurott|Knock Off|p1a: Ribombee
|-resisted|p1a: Ribombee
|-damage|p1a: Ribombee|24/100
|
|upkeep
|turn|14
|
|t:|1760735561
|move|p2a: Samurott|Sucker Punch|p1a: Ribombee
|-resisted|p1a: Ribombee
|-damage|p1a: Ribombee|0 fnt
|faint|p1a: Ribombee
|
|upkeep
|
|t:|1760735573
|switch|p1a: Iron Treads|Iron Treads, tera:Ghost|67/100
|turn|15
|
|t:|1760735580
|-end|p1a: Iron Treads|Quark Drive|[silent]
|switch|p1a: Tornadus|Tornadus-Therian, M|100/100
|move|p2a: Samurott|Ceaseless Edge|p1a: Tornadus
|-damage|p1a: Tornadus|62/100
|-sidestart|p1: Brigadi25|Spikes
|
|upkeep
|turn|16
|
|t:|1760735588
|move|p1a: Tornadus|Bleakwind Storm|p2a: Samurott
|-damage|p2a: Samurott|47/100
|move|p2a: Samurott|Knock Off|p1a: Tornadus
|-damage|p1a: Tornadus|23/100
|-enditem|p1a: Tornadus|Heavy-Duty Boots|[from] move: Knock Off|[of] p2a: Samurott
|
|upkeep
|turn|17
|
|t:|1760735596
|move|p2a: Samurott|Sucker Punch||[still]
|-fail|p2a: Samurott
|move|p1a: Tornadus|Taunt|p2a: Samurott
|-start|p2a: Samurott|move: Taunt
|
|upkeep
|turn|18
|
|t:|1760735605
|move|p2a: Samurott|Sucker Punch|p1a: Tornadus
|-damage|p1a: Tornadus|0 fnt
|faint|p1a: Tornadus
|
|upkeep
|
|t:|1760735610
|switch|p1a: Iron Treads|Iron Treads, tera:Ghost|67/100
|-damage|p1a: Iron Treads|55/100|[from] Spikes
|turn|19
|
|t:|1760735620
|-end|p1a: Iron Treads|Quark Drive|[silent]
|switch|p1a: Goodra|Goodra, F|100/100 par
|-damage|p1a: Goodra|88/100 par|[from] Spikes
|move|p2a: Samurott|Sucker Punch||[still]
|-fail|p2a: Samurott
|
|upkeep
|turn|20
|
|t:|1760735632
|switch|p2a: Slowking|Slowking-Galar, M|100/100
|move|p1a: Goodra|Sludge Bomb|p2a: Slowking
|-resisted|p2a: Slowking
|-damage|p2a: Slowking|93/100
|
|upkeep
|turn|21
|
|t:|1760735639
|cant|p1a: Goodra|par
|move|p2a: Slowking|Future Sight|p1a: Goodra
|-start|p2a: Slowking|move: Future Sight
|
|upkeep
|turn|22
|
|t:|1760735642
|move|p1a: Goodra|Earthquake|p2a: Slowking
|-supereffective|p2a: Slowking
|-damage|p2a: Slowking|54/100
|-prepare|p2a: Slowking|Chilly Reception|[premajor]
|move|p2a: Slowking|Chilly Reception|p2a: Slowking
|-weather|Snowscape
|
|t:|1760735651
|switch|p2a: Great Tusk|Great Tusk|76/100|[from] Chilly Reception
|
|-weather|Snowscape|[upkeep]
|upkeep
|turn|23
|
|t:|1760735661
|switch|p1a: Iron Treads|Iron Treads, tera:Ghost|55/100
|-damage|p1a: Iron Treads|43/100|[from] Spikes
|move|p2a: Great Tusk|Rapid Spin|p1a: Iron Treads
|-immune|p1a: Iron Treads
|
|-weather|Snowscape|[upkeep]
|-end|p1a: Iron Treads|move: Future Sight
|-damage|p1a: Iron Treads|3/100
|upkeep
|turn|24
|
|t:|1760735676
|-end|p2a: Great Tusk|Protosynthesis|[silent]
|switch|p2a: Zamazenta|Zamazenta|100/100
|-activate|p2a: Zamazenta|move: Sticky Web
|-unboost|p2a: Zamazenta|spe|1
|-ability|p2a: Zamazenta|Dauntless Shield|boost
|-boost|p2a: Zamazenta|def|1
|move|p1a: Iron Treads|Ice Spinner|p2a: Zamazenta
|-damage|p2a: Zamazenta|86/100
|
|-weather|Snowscape|[upkeep]
|upkeep
|turn|25
|
|t:|1760735688
|move|p1a: Iron Treads|Earthquake|p2a: Zamazenta
|-damage|p2a: Zamazenta|57/100
|move|p2a: Zamazenta|Crunch|p1a: Iron Treads
|-supereffective|p1a: Iron Treads
|-damage|p1a: Iron Treads|0 fnt
|faint|p1a: Iron Treads
|-end|p1a: Iron Treads|Quark Drive|[silent]
|
|-weather|Snowscape|[upkeep]
|upkeep
|
|t:|1760735698
|switch|p1a: Iron Crown|Iron Crown|100/100
|-damage|p1a: Iron Crown|88/100|[from] Spikes
|-enditem|p1a: Iron Crown|Booster Energy
|-activate|p1a: Iron Crown|ability: Quark Drive|[fromitem]
|-start|p1a: Iron Crown|quarkdrivespe
|turn|26
|
|t:|1760735705
|move|p1a: Iron Crown|Psyshock|p2a: Zamazenta
|-supereffective|p2a: Zamazenta
|-crit|p2a: Zamazenta
|-damage|p2a: Zamazenta|0 fnt
|faint|p2a: Zamazenta
|
|-weather|none
|upkeep
|
|t:|1760735710
|switch|p2a: Samurott|Samurott-Hisui, F|47/100
|-activate|p2a: Samurott|move: Sticky Web
|-unboost|p2a: Samurott|spe|1
|turn|27
|
|t:|1760735716
|move|p1a: Iron Crown|Calm Mind|p1a: Iron Crown
|-boost|p1a: Iron Crown|spa|1
|-boost|p1a: Iron Crown|spd|1
|move|p2a: Samurott|Knock Off|p1a: Iron Crown
|-supereffective|p1a: Iron Crown
|-damage|p1a: Iron Crown|41/100
|
|upkeep
|turn|28
|
|t:|1760735727
|move|p2a: Samurott|Sucker Punch||[still]
|-fail|p2a: Samurott
|move|p1a: Iron Crown|Calm Mind|p1a: Iron Crown
|-boost|p1a: Iron Crown|spa|1
|-boost|p1a: Iron Crown|spd|1
|
|upkeep
|turn|29
|
|t:|1760735732
|move|p2a: Samurott|Sucker Punch||[still]
|-fail|p2a: Samurott
|move|p1a: Iron Crown|Calm Mind|p1a: Iron Crown
|-boost|p1a: Iron Crown|spa|1
|-boost|p1a: Iron Crown|spd|1
|
|upkeep
|turn|30
|
|t:|1760735739
|move|p2a: Samurott|Sucker Punch|p1a: Iron Crown
|-supereffective|p1a: Iron Crown
|-damage|p1a: Iron Crown|0 fnt
|faint|p1a: Iron Crown
|-end|p1a: Iron Crown|Quark Drive|[silent]
|
|upkeep
|
|t:|1760735744
|switch|p1a: Goodra|Goodra, F|88/100 par
|-damage|p1a: Goodra|76/100 par|[from] Spikes
|turn|31
|
|t:|1760735748
|move|p2a: Samurott|Ceaseless Edge|p1a: Goodra
|-damage|p1a: Goodra|31/100 par
|-sidestart|p1: Brigadi25|Spikes
|cant|p1a: Goodra|par
|
|upkeep
|turn|32
|
|t:|1760735754
|move|p2a: Samurott|Ceaseless Edge|p1a: Goodra|[miss]
|-miss|p2a: Samurott|p1a: Goodra
|move|p1a: Goodra|Sludge Bomb|p2a: Samurott
|-damage|p2a: Samurott|32/100
|
|upkeep
|turn|33
|
|t:|1760735760
|move|p1a: Goodra|Sludge Bomb|p2a: Samurott
|-damage|p2a: Samurott|18/100
|move|p2a: Samurott|Ceaseless Edge|p1a: Goodra
|-damage|p1a: Goodra|0 fnt
|-sidestart|p1: Brigadi25|Spikes
|faint|p1a: Goodra
|
|win|the same as here
|raw|Brigadi25's rating: 1312 &rarr; <strong>1294</strong><br />(-18 for losing)
|raw|the same as here's rating: 1354 &rarr; <strong>1372</strong><br />(+18 for winning)
|c|☆the same as here|GG
|l|‽Brigadi25
|player|p1|
|l|☆the same as here
|player|p2|
