|j|☆MooFarmer
|j|☆NagaraFan
|t:|1760799422
|gametype|singles
|player|p1|MooFarmer|1|1748
|player|p2|NagaraFan|acetrainerf|1743
|gen|9
|tier|[Gen 9] OU
|rated|
|rule|HP Percentage Mod: HP is shown in percentages
|rule|Endless Battle Clause: Forcing endless battles is banned
|rule|Species Clause: Limit one of each Pokémon
|rule|OHKO Clause: OHKO moves are banned
|rule|Evasion Items Clause: Evasion items are banned
|rule|Evasion Moves Clause: Evasion moves are banned
|rule|Evasion Abilities Clause: Evasion abilities are banned
|rule|Sleep Moves Clause: Sleep-inducing moves are banned
|clearpoke
|poke|p1|Kyurem|
|poke|p1|Corviknight, M|
|poke|p1|Ting-Lu|
|poke|p1|Dondozo, F|
|poke|p1|Slowking-Galar, L99, M|
|poke|p1|Cinderace, F|
|poke|p2|Garganacl, F|
|poke|p2|Heatran, M|
|poke|p2|Corviknight, M|
|poke|p2|Great Tusk|
|poke|p2|Rillaboom, M|
|poke|p2|Gholdengo|
|teampreview
|inactive|Battle timer is ON: inactive players will automatically lose when time's up. (requested by MooFarmer)
|
|t:|1760799471
|teamsize|p1|6
|teamsize|p2|6
|start
|switch|p1a: Kyurem|Kyurem|100/100
|switch|p2a: Gholdengo|Gholdengo|100/100
|-ability|p1a: Kyurem|Pressure
|turn|1
|inactive|MooFarmer has 120 seconds left.
|
|t:|1760799524
|move|p2a: Gholdengo|Make It Rain|p1a: Kyurem
|-supereffective|p1a: Kyurem
|-damage|p1a: Kyurem|0 fnt
|-unboost|p2a: Gholdengo|spa|1
|faint|p1a: Kyurem
|
|upkeep
|inactive|MooFarmer has 90 seconds left.
|j| wgw2333
|
|t:|1760799569
|switch|p1a: Dondozo|Dondozo, F|100/100
|turn|2
|inactive|MooFarmer has 60 seconds left.
|
|t:|1760799614
|switch|p2a: Rillaboom|Rillaboom, M|100/100
|-fieldstart|move: Grassy Terrain|[from] ability: Grassy Surge|[of] p2a: Rillaboom
|move|p1a: Dondozo|Waterfall|p2a: Rillaboom
|-resisted|p2a: Rillaboom
|-damage|p2a: Rillaboom|85/100
|
|-heal|p2a: Rillaboom|91/100|[from] Grassy Terrain
|upkeep
|turn|3
|
|t:|1760799623
|switch|p1a: Corviknight|Corviknight, M|100/100
|-ability|p1a: Corviknight|Pressure
|move|p2a: Rillaboom|Knock Off|p1a: Corviknight
|-damage|p1a: Corviknight|67/100
|-damage|p2a: Rillaboom|75/100|[from] item: Rocky Helmet|[of] p1a: Corviknight
|-enditem|p1a: Corviknight|Rocky Helmet|[from] move: Knock Off|[of] p2a: Rillaboom
|
|-heal|p2a: Rillaboom|81/100|[from] Grassy Terrain
|upkeep
|turn|4
|
|t:|1760799641
|switch|p2a: Corviknight|Corviknight, M|100/100
|-ability|p2a: Corviknight|Pressure
|move|p1a: Corviknight|Roost|p1a: Corviknight
|-heal|p1a: Corviknight|100/100
|-singleturn|p1a: Corviknight|move: Roost
|
|upkeep
|turn|5
|
|t:|1760799651
|switch|p1a: Cinderace|Cinderace, F|100/100
|move|p2a: Corviknight|Body Press|p1a: Cinderace
|-damage|p1a: Cinderace|71/100
|
|-heal|p1a: Cinderace|77/100|[from] Grassy Terrain
|upkeep
|turn|6
|
|t:|1760799663
|switch|p2a: Garganacl|Garganacl, F|100/100
|move|p1a: Cinderace|U-turn|p2a: Garganacl
|-damage|p2a: Garganacl|89/100
|
|t:|1760799673
|switch|p1a: Ting-Lu|Ting-Lu|100/100|[from] U-turn
|-ability|p1a: Ting-Lu|Vessel of Ruin
|
|-heal|p2a: Garganacl|95/100|[from] Grassy Terrain
|-heal|p2a: Garganacl|100/100|[from] item: Leftovers
|-fieldend|move: Grassy Terrain
|upkeep
|turn|7
|inactive|MooFarmer has 60 seconds left.
|
|t:|1760799682
|switch|p2a: Rillaboom|Rillaboom, M|81/100
|-fieldstart|move: Grassy Terrain|[from] ability: Grassy Surge|[of] p2a: Rillaboom
|move|p1a: Ting-Lu|Earthquake|p2a: Rillaboom
|-resisted|p2a: Rillaboom
|-damage|p2a: Rillaboom|71/100
|
|-heal|p2a: Rillaboom|78/100|[from] Grassy Terrain
|upkeep
|turn|8
|
|t:|1760799691
|switch|p1a: Corviknight|Corviknight, M|100/100
|-ability|p1a: Corviknight|Pressure
|move|p2a: Rillaboom|U-turn|p1a: Corviknight
|-resisted|p1a: Corviknight
|-damage|p1a: Corviknight|95/100
|
|t:|1760799697
|switch|p2a: Heatran|Heatran, M|100/100|[from] U-turn
|
|upkeep
|turn|9
|
|t:|1760799716
|switch|p1a: Dondozo|Dondozo, F|100/100
|move|p2a: Heatran|Stealth Rock|p1a: Dondozo
|-sidestart|p1: MooFarmer|move: Stealth Rock
|
|upkeep
|turn|10
|
|t:|1760799725
|switch|p1a: Cinderace|Cinderace, F|77/100
|move|p2a: Heatran|Taunt|p1a: Cinderace
|-start|p1a: Cinderace|move: Taunt
|
|-heal|p1a: Cinderace|83/100|[from] Grassy Terrain
|upkeep
|turn|11
|
|t:|1760799733
|switch|p1a: Ting-Lu|Ting-Lu|100/100
|-damage|p1a: Ting-Lu|94/100|[from] Stealth Rock
|-ability|p1a: Ting-Lu|Vessel of Ruin
|move|p2a: Heatran|Magma Storm|p1a: Ting-Lu
|-damage|p1a: Ting-Lu|78/100
|-activate|p1a: Ting-Lu|move: Magma Storm|[of] p2a: Heatran
|
|-heal|p1a: Ting-Lu|84/100|[from] Grassy Terrain
|-heal|p1a: Ting-Lu|90/100|[from] item: Leftovers
|-damage|p1a: Ting-Lu|78/100|[from] move: Magma Storm|[partiallytrapped]
|-fieldend|move: Grassy Terrain
|upkeep
|turn|12
|inactive|MooFarmer has 90 seconds left.
|inactive|NagaraFan has 120 seconds left.
|
|t:|1760799778
|switch|p2a: Corviknight|Corviknight, M|100/100
|-ability|p2a: Corviknight|Pressure
|move|p1a: Ting-Lu|Earthquake|p2a: Corviknight
|-immune|p2a: Corviknight
|
|-heal|p1a: Ting-Lu|84/100|[from] item: Leftovers
|-end|p1a: Ting-Lu|Magma Storm|[partiallytrapped]|[silent]
|upkeep
|turn|13
|inactive|MooFarmer has 90 seconds left.
|inactive|MooFarmer has 60 seconds left.
|
|t:|1760799823
|switch|p1a: Cinderace|Cinderace, F|83/100
|move|p2a: Corviknight|U-turn|p1a: Cinderace
|-resisted|p1a: Cinderace
|-damage|p1a: Cinderace|74/100
|
|t:|1760799840
|switch|p2a: Garganacl|Garganacl, F|100/100|[from] U-turn
|
|upkeep
|turn|14
|inactive|MooFarmer has 60 seconds left.
|
|t:|1760799885
|move|p1a: Cinderace|Court Change|p1a: Cinderace
|-swapsideconditions
|-activate|p1a: Cinderace|move: Court Change
|move|p2a: Garganacl|Salt Cure|p1a: Cinderace
|-supereffective|p1a: Cinderace
|-damage|p1a: Cinderace|42/100
|-start|p1a: Cinderace|Salt Cure
|
|-damage|p1a: Cinderace|30/100|[from] Salt Cure
|upkeep
|turn|15
|
|t:|1760799894
|move|p1a: Cinderace|U-turn|p2a: Garganacl
|-damage|p2a: Garganacl|89/100
|
|t:|1760799904
|switch|p1a: Slowking|Slowking-Galar, L99, M|100/100|[from] U-turn
|move|p2a: Garganacl|Salt Cure|p1a: Slowking
|-damage|p1a: Slowking|86/100
|-start|p1a: Slowking|Salt Cure
|
|-heal|p2a: Garganacl|95/100|[from] item: Leftovers
|-damage|p1a: Slowking|73/100|[from] Salt Cure
|upkeep
|turn|16
|inactive|NagaraFan has 120 seconds left.
|
|t:|1760799916
|switch|p2a: Heatran|Heatran, M|100/100
|-damage|p2a: Heatran|88/100|[from] Stealth Rock
|switch|p1a: Ting-Lu|Ting-Lu|84/100
|-ability|p1a: Ting-Lu|Vessel of Ruin
|
|-heal|p2a: Heatran|94/100|[from] item: Leftovers
|-heal|p1a: Ting-Lu|90/100|[from] item: Leftovers
|upkeep
|turn|17
|inactive|NagaraFan has 120 seconds left.
|
|t:|1760799924
|switch|p2a: Corviknight|Corviknight, M|100/100
|-damage|p2a: Corviknight|88/100|[from] Stealth Rock
|-ability|p2a: Corviknight|Pressure
|switch|p1a: Cinderace|Cinderace, F|30/100
|
|upkeep
|turn|18
|inactive|NagaraFan has 120 seconds left.
|
|t:|1760799946
|switch|p2a: Heatran|Heatran, M|94/100
|-damage|p2a: Heatran|82/100|[from] Stealth Rock
|move|p1a: Cinderace|U-turn|p2a: Heatran
|-resisted|p2a: Heatran
|-damage|p2a: Heatran|78/100
|
|t:|1760799955
|switch|p1a: Dondozo|Dondozo, F|100/100|[from] U-turn
|
|-heal|p2a: Heatran|84/100|[from] item: Leftovers
|upkeep
|turn|19
|inactive|MooFarmer has 60 seconds left.
|inactive|NagaraFan has 120 seconds left.
|
|t:|1760799964
|switch|p2a: Gholdengo|Gholdengo|100/100
|-damage|p2a: Gholdengo|94/100|[from] Stealth Rock
|move|p1a: Dondozo|Curse|p1a: Dondozo
|-unboost|p1a: Dondozo|spe|1
|-boost|p1a: Dondozo|atk|1
|-boost|p1a: Dondozo|def|1
|
|upkeep
|turn|20
|
|t:|1760799974
|move|p2a: Gholdengo|Trick|p1a: Dondozo
|-activate|p2a: Gholdengo|move: Trick|[of] p1a: Dondozo
|-item|p1a: Dondozo|Choice Scarf|[from] move: Trick
|-item|p2a: Gholdengo|Leftovers|[from] move: Trick
|move|p1a: Dondozo|Waterfall|p2a: Gholdengo
|-damage|p2a: Gholdengo|49/100
|
|-heal|p2a: Gholdengo|55/100|[from] item: Leftovers
|upkeep
|turn|21
|inactive|NagaraFan has 120 seconds left.
|
|t:|1760799993
|switch|p2a: Corviknight|Corviknight, M|88/100
|-damage|p2a: Corviknight|76/100|[from] Stealth Rock
|-ability|p2a: Corviknight|Pressure
|move|p1a: Dondozo|Waterfall|p2a: Corviknight
|-damage|p2a: Corviknight|48/100
|-damage|p1a: Dondozo|84/100|[from] item: Rocky Helmet|[of] p2a: Corviknight
|
|upkeep
|turn|22
|
|t:|1760800002
|switch|p1a: Cinderace|Cinderace, F|30/100
|move|p2a: Corviknight|Defog|p1a: Cinderace
|-unboost|p1a: Cinderace|evasion|1
|-sideend|p2: NagaraFan|Stealth Rock|[from] move: Defog|[of] p2a: Corviknight
|
|upkeep
|turn|23
|
|t:|1760800011
|switch|p2a: Heatran|Heatran, M|84/100
|move|p1a: Cinderace|U-turn|p2a: Heatran
|-resisted|p2a: Heatran
|-damage|p2a: Heatran|80/100
|
|t:|1760800019
|switch|p1a: Ting-Lu|Ting-Lu|90/100|[from] U-turn
|-ability|p1a: Ting-Lu|Vessel of Ruin
|
|-heal|p2a: Heatran|87/100|[from] item: Leftovers
|-heal|p1a: Ting-Lu|96/100|[from] item: Leftovers
|upkeep
|turn|24
|j| crackstone
|inactive|NagaraFan has 120 seconds left.
|
|t:|1760800051
|switch|p2a: Great Tusk|Great Tusk|100/100
|move|p1a: Ting-Lu|Payback|p2a: Great Tusk
|-resisted|p2a: Great Tusk
|-damage|p2a: Great Tusk|93/100
|
|-heal|p1a: Ting-Lu|100/100|[from] item: Leftovers
|upkeep
|turn|25
|inactive|MooFarmer has 90 seconds left.
|inactive|NagaraFan has 120 seconds left.
|l| crackstone
|inactive|MooFarmer has 60 seconds left.
|
|t:|1760800097
|switch|p1a: Corviknight|Corviknight, M|95/100
|-ability|p1a: Corviknight|Pressure
|move|p2a: Great Tusk|Ice Spinner|p1a: Corviknight
|-damage|p1a: Corviknight|78/100
|
|upkeep
|turn|26
|inactive|MooFarmer has 30 seconds left.
|inactive|MooFarmer has 20 seconds left.
|inactive|MooFarmer has 15 seconds left.
|
|t:|1760800143
|-end|p2a: Great Tusk|Protosynthesis|[silent]
|switch|p2a: Garganacl|Garganacl, F|95/100
|switch|p1a: Cinderace|Cinderace, F|30/100
|
|-heal|p2a: Garganacl|100/100|[from] item: Leftovers
|upkeep
|turn|27
|inactive|MooFarmer has 25 seconds left this turn.
|inactive|MooFarmer has 20 seconds left.
|
|t:|1760800151
|move|p1a: Cinderace|U-turn|p2a: Garganacl
|-damage|p2a: Garganacl|89/100
|inactive|MooFarmer has 25 seconds left this turn.
|inactive|MooFarmer has 20 seconds left.
|
|t:|1760800161
|switch|p1a: Slowking|Slowking-Galar, L99, M|100/100|[from] U-turn
|move|p2a: Garganacl|Iron Defense|p2a: Garganacl
|-boost|p2a: Garganacl|def|2
|
|-heal|p2a: Garganacl|95/100|[from] item: Leftovers
|upkeep
|turn|28
|inactive|MooFarmer has 30 seconds left this turn.
|
|t:|1760800175
|move|p2a: Garganacl|Iron Defense|p2a: Garganacl
|-boost|p2a: Garganacl|def|2
|move|p1a: Slowking|Future Sight|p2a: Garganacl
|-start|p1a: Slowking|move: Future Sight
|
|-heal|p2a: Garganacl|100/100|[from] item: Leftovers
|upkeep
|turn|29
|inactive|MooFarmer has 30 seconds left.
|
|t:|1760800183
|move|p2a: Garganacl|Iron Defense|p2a: Garganacl
|-boost|p2a: Garganacl|def|2
|-prepare|p1a: Slowking|Chilly Reception|[premajor]
|move|p1a: Slowking|Chilly Reception|p1a: Slowking
|-weather|Snowscape
|inactive|MooFarmer has 30 seconds left.
|
|t:|1760800191
|switch|p1a: Corviknight|Corviknight, M|78/100|[from] Chilly Reception
|-ability|p1a: Corviknight|Pressure
|
|-weather|Snowscape|[upkeep]
|upkeep
|turn|30
|inactive|NagaraFan has 120 seconds left.
|
|t:|1760800203
|move|p1a: Corviknight|U-turn|p2a: Garganacl
|-damage|p2a: Garganacl|98/100
|
|t:|1760800213
|switch|p1a: Slowking|Slowking-Galar, L99, M|100/100|[from] U-turn
|move|p2a: Garganacl|Body Press|p1a: Slowking
|-resisted|p1a: Slowking
|-damage|p1a: Slowking|75/100
|
|-weather|Snowscape|[upkeep]
|-end|p2a: Garganacl|move: Future Sight
|-damage|p2a: Garganacl|67/100
|-heal|p2a: Garganacl|73/100|[from] item: Leftovers
|upkeep
|turn|31
|inactive|NagaraFan has 120 seconds left.
|
|t:|1760800230
|move|p2a: Garganacl|Salt Cure|p1a: Slowking
|-damage|p1a: Slowking|60/100
|-start|p1a: Slowking|Salt Cure
|-prepare|p1a: Slowking|Chilly Reception|[premajor]
|move|p1a: Slowking|Chilly Reception|p1a: Slowking
|
|t:|1760800239
|switch|p1a: Dondozo|Dondozo, F|84/100|[from] Chilly Reception
|
|-weather|Snowscape|[upkeep]
|-heal|p2a: Garganacl|79/100|[from] item: Leftovers
|upkeep
|turn|32
|inactive|NagaraFan has 120 seconds left.
|
|t:|1760800265
|switch|p2a: Corviknight|Corviknight, M|48/100
|-ability|p2a: Corviknight|Pressure
|move|p1a: Dondozo|Waterfall|p2a: Corviknight
|-damage|p2a: Corviknight|29/100
|-damage|p1a: Dondozo|67/100|[from] item: Rocky Helmet|[of] p2a: Corviknight
|
|-weather|Snowscape|[upkeep]
|upkeep
|turn|33
|
|t:|1760800275
|switch|p1a: Slowking|Slowking-Galar, L99, M|94/100
|move|p2a: Corviknight|U-turn|p1a: Slowking
|-damage|p1a: Slowking|79/100
|
|t:|1760800278
|switch|p2a: Heatran|Heatran, M|87/100|[from] U-turn
|
|-weather|none
|-heal|p2a: Heatran|93/100|[from] item: Leftovers
|upkeep
|turn|34
|inactive|MooFarmer has 60 seconds left.
|inactive|NagaraFan has 120 seconds left.
|
|t:|1760800294
|move|p2a: Heatran|Magma Storm|p1a: Slowking
|-damage|p1a: Slowking|52/100
|-activate|p1a: Slowking|move: Magma Storm|[of] p2a: Heatran
|-prepare|p1a: Slowking|Chilly Reception|[premajor]
|move|p1a: Slowking|Chilly Reception|p1a: Slowking
|-weather|Snowscape
|inactive|MooFarmer has 60 seconds left.
|
|t:|1760800303
|switch|p1a: Dondozo|Dondozo, F|67/100|[from] Chilly Reception
|
|-weather|Snowscape|[upkeep]
|-heal|p2a: Heatran|99/100|[from] item: Leftovers
|upkeep
|turn|35
|inactive|NagaraFan has 120 seconds left.
|
|t:|1760800327
|switch|p2a: Corviknight|Corviknight, M|29/100
|-ability|p2a: Corviknight|Pressure
|switch|p1a: Cinderace|Cinderace, F|30/100
|
|-weather|Snowscape|[upkeep]
|upkeep
|turn|36
|
|t:|1760800335
|switch|p2a: Heatran|Heatran, M|99/100
|move|p1a: Cinderace|U-turn|p2a: Heatran
|-resisted|p2a: Heatran
|-damage|p2a: Heatran|95/100
|
|t:|1760800344
|switch|p1a: Slowking|Slowking-Galar, L99, M|85/100|[from] U-turn
|
|-weather|Snowscape|[upkeep]
|-heal|p2a: Heatran|100/100|[from] item: Leftovers
|upkeep
|turn|37
|
|t:|1760800353
|move|p2a: Heatran|Taunt|p1a: Slowking
|-start|p1a: Slowking|move: Taunt
|-prepare|p1a: Slowking|Chilly Reception|[premajor]
|cant|p1a: Slowking|move: Taunt|Chilly Reception
|
|-weather|Snowscape|[upkeep]
|upkeep
|turn|38
|
|t:|1760800363
|switch|p1a: Ting-Lu|Ting-Lu|100/100
|-ability|p1a: Ting-Lu|Vessel of Ruin
|move|p2a: Heatran|Magma Storm|p1a: Ting-Lu
|-damage|p1a: Ting-Lu|82/100
|-activate|p1a: Ting-Lu|move: Magma Storm|[of] p2a: Heatran
|
|-weather|none
|-heal|p1a: Ting-Lu|88/100|[from] item: Leftovers
|-damage|p1a: Ting-Lu|76/100|[from] move: Magma Storm|[partiallytrapped]
|upkeep
|turn|39
|inactive|NagaraFan has 120 seconds left.
|
|t:|1760800392
|-terastallize|p2a: Heatran|Grass
|move|p2a: Heatran|Taunt|p1a: Ting-Lu
|-start|p1a: Ting-Lu|move: Taunt
|move|p1a: Ting-Lu|Payback|p2a: Heatran
|-damage|p2a: Heatran|71/100
|
|-heal|p2a: Heatran|77/100|[from] item: Leftovers
|-heal|p1a: Ting-Lu|82/100|[from] item: Leftovers
|-damage|p1a: Ting-Lu|69/100|[from] move: Magma Storm|[partiallytrapped]
|upkeep
|turn|40
|inactive|MooFarmer has 90 seconds left.
|inactive|NagaraFan has 120 seconds left.
|
|t:|1760800401
|move|p2a: Heatran|Magma Storm|p1a: Ting-Lu
|-damage|p1a: Ting-Lu|51/100
|move|p1a: Ting-Lu|Payback|p2a: Heatran
|-damage|p2a: Heatran|45/100
|
|-heal|p2a: Heatran|51/100|[from] item: Leftovers
|-heal|p1a: Ting-Lu|57/100|[from] item: Leftovers
|-damage|p1a: Ting-Lu|45/100|[from] move: Magma Storm|[partiallytrapped]
|upkeep
|turn|41
|inactive|NagaraFan has 120 seconds left.
|
|t:|1760800413
|move|p2a: Heatran|Magma Storm|p1a: Ting-Lu|[miss]
|-miss|p2a: Heatran|p1a: Ting-Lu
|move|p1a: Ting-Lu|Payback|p2a: Heatran
|-damage|p2a: Heatran|20/100
|
|-heal|p2a: Heatran|26/100|[from] item: Leftovers
|-heal|p1a: Ting-Lu|51/100|[from] item: Leftovers
|-damage|p1a: Ting-Lu|39/100|[from] move: Magma Storm|[partiallytrapped]
|-end|p1a: Ting-Lu|move: Taunt
|upkeep
|turn|42
|
|t:|1760800422
|move|p2a: Heatran|Taunt|p1a: Ting-Lu
|-start|p1a: Ting-Lu|move: Taunt
|move|p1a: Ting-Lu|Payback|p2a: Heatran
|-damage|p2a: Heatran|0 fnt
|faint|p2a: Heatran
|
|-heal|p1a: Ting-Lu|45/100|[from] item: Leftovers
|-end|p1a: Ting-Lu|Magma Storm|[partiallytrapped]|[silent]
|upkeep
|inactive|NagaraFan has 120 seconds left.
|
|t:|1760800432
|switch|p2a: Rillaboom|Rillaboom, M|78/100
|-fieldstart|move: Grassy Terrain|[from] ability: Grassy Surge|[of] p2a: Rillaboom
|turn|43
|inactive|NagaraFan has 120 seconds left.
|inactive|MooFarmer has 90 seconds left.
|
|t:|1760800477
|switch|p1a: Corviknight|Corviknight, M|78/100
|-ability|p1a: Corviknight|Pressure
|move|p2a: Rillaboom|U-turn|p1a: Corviknight
|-resisted|p1a: Corviknight
|-damage|p1a: Corviknight|72/100
|inactive|NagaraFan has 90 seconds left.
|
|t:|1760800522
|switch|p2a: Corviknight|Corviknight, M|29/100|[from] U-turn
|-ability|p2a: Corviknight|Pressure
|
|upkeep
|turn|44
|inactive|NagaraFan has 60 seconds left.
|
|t:|1760800538
|move|p2a: Corviknight|Roost|p2a: Corviknight
|-heal|p2a: Corviknight|79/100
|-singleturn|p2a: Corviknight|move: Roost
|move|p1a: Corviknight|Roost|p1a: Corviknight
|-heal|p1a: Corviknight|100/100
|-singleturn|p1a: Corviknight|move: Roost
|
|-heal|p2a: Corviknight|85/100|[from] Grassy Terrain
|upkeep
|turn|45
|inactive|MooFarmer has 90 seconds left.
|inactive|NagaraFan has 60 seconds left.
|
|t:|1760800550
|switch|p1a: Dondozo|Dondozo, F|67/100
|move|p2a: Corviknight|Body Press|p1a: Dondozo
|-damage|p1a: Dondozo|57/100
|
|-heal|p1a: Dondozo|63/100|[from] Grassy Terrain
|upkeep
|turn|46
|
|t:|1760800559
|move|p2a: Corviknight|U-turn|p1a: Dondozo
|-damage|p1a: Dondozo|57/100
|
|t:|1760800563
|switch|p2a: Rillaboom|Rillaboom, M|78/100|[from] U-turn
|move|p1a: Dondozo|Waterfall|p2a: Rillaboom
|-resisted|p2a: Rillaboom
|-damage|p2a: Rillaboom|63/100
|
|-heal|p2a: Rillaboom|69/100|[from] Grassy Terrain
|-heal|p1a: Dondozo|63/100|[from] Grassy Terrain
|upkeep
|turn|47
|inactive|MooFarmer has 90 seconds left.
|
|t:|1760800608
|switch|p1a: Corviknight|Corviknight, M|100/100
|-ability|p1a: Corviknight|Pressure
|move|p2a: Rillaboom|U-turn|p1a: Corviknight
|-resisted|p1a: Corviknight
|-damage|p1a: Corviknight|95/100
|
|t:|1760800623
|switch|p2a: Garganacl|Garganacl, F|79/100|[from] U-turn
|
|-heal|p2a: Garganacl|85/100|[from] Grassy Terrain
|-heal|p2a: Garganacl|91/100|[from] item: Leftovers
|-fieldend|move: Grassy Terrain
|upkeep
|turn|48
|
|t:|1760800631
|move|p1a: Corviknight|U-turn|p2a: Garganacl
|-damage|p2a: Garganacl|82/100
|
|t:|1760800640
|switch|p1a: Slowking|Slowking-Galar, L99, M|100/100|[from] U-turn
|move|p2a: Garganacl|Salt Cure|p1a: Slowking
|-damage|p1a: Slowking|85/100
|-start|p1a: Slowking|Salt Cure
|
|-heal|p2a: Garganacl|88/100|[from] item: Leftovers
|-damage|p1a: Slowking|73/100|[from] Salt Cure
|upkeep
|turn|49
|inactive|NagaraFan has 90 seconds left.
|inactive|NagaraFan has 60 seconds left.
|
|t:|1760800698
|switch|p2a: Gholdengo|Gholdengo|55/100
|switch|p1a: Ting-Lu|Ting-Lu|45/100
|-ability|p1a: Ting-Lu|Vessel of Ruin
|
|-heal|p2a: Gholdengo|61/100|[from] item: Leftovers
|-heal|p1a: Ting-Lu|51/100|[from] item: Leftovers
|upkeep
|turn|50
|
|t:|1760800713
|switch|p2a: Rillaboom|Rillaboom, M|69/100
|-fieldstart|move: Grassy Terrain|[from] ability: Grassy Surge|[of] p2a: Rillaboom
|move|p1a: Ting-Lu|Payback|p2a: Rillaboom
|-damage|p2a: Rillaboom|49/100
|
|-heal|p2a: Rillaboom|56/100|[from] Grassy Terrain
|-heal|p1a: Ting-Lu|57/100|[from] Grassy Terrain
|-heal|p1a: Ting-Lu|64/100|[from] item: Leftovers
|upkeep
|turn|51
|inactive|MooFarmer has 90 seconds left.
|inactive|MooFarmer has 60 seconds left.
|inactive|NagaraFan has 30 seconds left.
|
|t:|1760800765
|switch|p1a: Corviknight|Corviknight, M|95/100
|-ability|p1a: Corviknight|Pressure
|move|p2a: Rillaboom|Grassy Glide|p1a: Corviknight
|-resisted|p1a: Corviknight
|-damage|p1a: Corviknight|86/100
|
|-heal|p2a: Rillaboom|62/100|[from] Grassy Terrain
|upkeep
|turn|52
|inactive|NagaraFan has 30 seconds left.
|
|t:|1760800773
|switch|p2a: Garganacl|Garganacl, F|88/100
|move|p1a: Corviknight|Roost|p1a: Corviknight
|-heal|p1a: Corviknight|100/100
|-singleturn|p1a: Corviknight|move: Roost
|
|-heal|p2a: Garganacl|95/100|[from] Grassy Terrain
|-heal|p2a: Garganacl|100/100|[from] item: Leftovers
|upkeep
|turn|53
|inactive|MooFarmer has 60 seconds left.
|
|t:|1760800783
|move|p1a: Corviknight|U-turn|p2a: Garganacl
|-damage|p2a: Garganacl|92/100
|inactive|MooFarmer has 60 seconds left.
|
|t:|1760800792
|switch|p1a: Ting-Lu|Ting-Lu|64/100|[from] U-turn
|-ability|p1a: Ting-Lu|Vessel of Ruin
|move|p2a: Garganacl|Iron Defense|p2a: Garganacl
|-boost|p2a: Garganacl|def|2
|
|-heal|p1a: Ting-Lu|70/100|[from] Grassy Terrain
|-heal|p1a: Ting-Lu|76/100|[from] item: Leftovers
|-heal|p2a: Garganacl|98/100|[from] Grassy Terrain
|-heal|p2a: Garganacl|100/100|[from] item: Leftovers
|upkeep
|turn|54
|inactive|NagaraFan has 30 seconds left.
|
|t:|1760800820
|switch|p1a: Slowking|Slowking-Galar, L99, M|100/100
|switch|p2a: Corviknight|Corviknight, M|85/100
|-ability|p2a: Corviknight|Pressure
|
|-fieldend|move: Grassy Terrain
|upkeep
|turn|55
|inactive|NagaraFan has 30 seconds left.
|
|t:|1760800828
|move|p2a: Corviknight|U-turn|p1a: Slowking
|-damage|p1a: Slowking|86/100
|inactive|NagaraFan has 30 seconds left.
|
|t:|1760800836
|switch|p2a: Gholdengo|Gholdengo|61/100|[from] U-turn
|move|p1a: Slowking|Future Sight|p2a: Gholdengo
|-start|p1a: Slowking|move: Future Sight
|
|-heal|p2a: Gholdengo|67/100|[from] item: Leftovers
|upkeep
|turn|56
|
|t:|1760800845
|switch|p1a: Ting-Lu|Ting-Lu|76/100
|-ability|p1a: Ting-Lu|Vessel of Ruin
|move|p2a: Gholdengo|Shadow Ball|p1a: Ting-Lu
|-resisted|p1a: Ting-Lu
|-damage|p1a: Ting-Lu|67/100
|
|-heal|p2a: Gholdengo|73/100|[from] item: Leftovers
|-heal|p1a: Ting-Lu|73/100|[from] item: Leftovers
|upkeep
|turn|57
|
|t:|1760800853
|switch|p2a: Corviknight|Corviknight, M|85/100
|-ability|p2a: Corviknight|Pressure
|switch|p1a: Cinderace|Cinderace, F|30/100
|
|-end|p2a: Corviknight|move: Future Sight
|-resisted|p2a: Corviknight
|-damage|p2a: Corviknight|64/100
|upkeep
|turn|58
|inactive|MooFarmer has 90 seconds left.
|
|t:|1760800863
|switch|p1a: Ting-Lu|Ting-Lu|73/100
|-ability|p1a: Ting-Lu|Vessel of Ruin
|switch|p2a: Garganacl|Garganacl, F|100/100
|
|-heal|p1a: Ting-Lu|80/100|[from] item: Leftovers
|upkeep
|turn|59
|
|t:|1760800873
|switch|p2a: Corviknight|Corviknight, M|64/100
|-ability|p2a: Corviknight|Pressure
|move|p1a: Ting-Lu|Earthquake|p2a: Corviknight
|-immune|p2a: Corviknight
|
|-heal|p1a: Ting-Lu|86/100|[from] item: Leftovers
|upkeep
|turn|60
|
|t:|1760800882
|switch|p1a: Slowking|Slowking-Galar, L99, M|100/100
|move|p2a: Corviknight|U-turn|p1a: Slowking
|-damage|p1a: Slowking|86/100
|inactive|NagaraFan has 30 seconds left.
|inactive|NagaraFan has 20 seconds left.
|inactive|NagaraFan has 15 seconds left.
|inactive|NagaraFan has 10 seconds left.
|inactive|NagaraFan has 5 seconds left.
|
|t:|1760800932
|switch|p2a: Gholdengo|Gholdengo|73/100|[from] U-turn
|
|-heal|p2a: Gholdengo|79/100|[from] item: Leftovers
|upkeep
|turn|61
|inactive|NagaraFan has 15 seconds left this turn.
|inactive|NagaraFan has 10 seconds left.
|
|t:|1760800940
|switch|p1a: Ting-Lu|Ting-Lu|86/100
|-ability|p1a: Ting-Lu|Vessel of Ruin
|move|p2a: Gholdengo|Shadow Ball|p1a: Ting-Lu
|-resisted|p1a: Ting-Lu
|-damage|p1a: Ting-Lu|77/100
|
|-heal|p2a: Gholdengo|85/100|[from] item: Leftovers
|-heal|p1a: Ting-Lu|83/100|[from] item: Leftovers
|upkeep
|turn|62
|inactive|NagaraFan has 20 seconds left this turn.
|
|t:|1760800949
|switch|p2a: Corviknight|Corviknight, M|64/100
|-ability|p2a: Corviknight|Pressure
|switch|p1a: Cinderace|Cinderace, F|30/100
|
|upkeep
|turn|63
|inactive|NagaraFan has 30 seconds left this turn.
|inactive|MooFarmer has 120 seconds left.
|
|t:|1760800958
|switch|p2a: Garganacl|Garganacl, F|100/100
|move|p1a: Cinderace|Pyro Ball|p2a: Garganacl
|-resisted|p2a: Garganacl
|-damage|p2a: Garganacl|76/100
|
|-heal|p2a: Garganacl|82/100|[from] item: Leftovers
|upkeep
|turn|64
|inactive|NagaraFan has 30 seconds left.
|
|t:|1760800969
|move|p1a: Cinderace|U-turn|p2a: Garganacl
|-damage|p2a: Garganacl|71/100
|
|t:|1760800978
|switch|p1a: Slowking|Slowking-Galar, L99, M|100/100|[from] U-turn
|move|p2a: Garganacl|Salt Cure|p1a: Slowking
|-damage|p1a: Slowking|86/100
|-start|p1a: Slowking|Salt Cure
|
|-heal|p2a: Garganacl|77/100|[from] item: Leftovers
|-damage|p1a: Slowking|73/100|[from] Salt Cure
|upkeep
|turn|65
|
|t:|1760800987
|switch|p1a: Ting-Lu|Ting-Lu|83/100
|-ability|p1a: Ting-Lu|Vessel of Ruin
|move|p2a: Garganacl|Iron Defense|p2a: Garganacl
|-boost|p2a: Garganacl|def|2
|
|-heal|p1a: Ting-Lu|89/100|[from] item: Leftovers
|-heal|p2a: Garganacl|83/100|[from] item: Leftovers
|upkeep
|turn|66
|inactive|NagaraFan has 30 seconds left.
|
|t:|1760801005
|switch|p1a: Slowking|Slowking-Galar, L99, M|100/100
|move|p2a: Garganacl|Salt Cure|p1a: Slowking
|-damage|p1a: Slowking|86/100
|-start|p1a: Slowking|Salt Cure
|
|-heal|p2a: Garganacl|89/100|[from] item: Leftovers
|-damage|p1a: Slowking|73/100|[from] Salt Cure
|upkeep
|turn|67
|
|t:|1760801014
|move|p2a: Garganacl|Iron Defense|p2a: Garganacl
|-boost|p2a: Garganacl|def|2
|-prepare|p1a: Slowking|Chilly Reception|[premajor]
|move|p1a: Slowking|Chilly Reception|p1a: Slowking
|-weather|Snowscape
|
|t:|1760801023
|switch|p1a: Ting-Lu|Ting-Lu|89/100|[from] Chilly Reception
|-ability|p1a: Ting-Lu|Vessel of Ruin
|
|-weather|Snowscape|[upkeep]
|-heal|p1a: Ting-Lu|95/100|[from] item: Leftovers
|-heal|p2a: Garganacl|96/100|[from] item: Leftovers
|upkeep
|turn|68
|j| lord shiddenfards
|
|t:|1760801034
|switch|p1a: Slowking|Slowking-Galar, L99, M|100/100
|move|p2a: Garganacl|Body Press|p1a: Slowking
|-resisted|p1a: Slowking
|-damage|p1a: Slowking|83/100
|
|-weather|Snowscape|[upkeep]
|-heal|p2a: Garganacl|100/100|[from] item: Leftovers
|upkeep
|turn|69
|inactive|NagaraFan has 30 seconds left.
|
|t:|1760801062
|switch|p2a: Gholdengo|Gholdengo|85/100
|-prepare|p1a: Slowking|Chilly Reception|[premajor]
|move|p1a: Slowking|Chilly Reception|p1a: Slowking
|
|t:|1760801070
|switch|p1a: Ting-Lu|Ting-Lu|95/100|[from] Chilly Reception
|-ability|p1a: Ting-Lu|Vessel of Ruin
|
|-weather|Snowscape|[upkeep]
|-heal|p2a: Gholdengo|91/100|[from] item: Leftovers
|-heal|p1a: Ting-Lu|100/100|[from] item: Leftovers
|upkeep
|turn|70
|j| 3idk
|
|t:|1760801081
|switch|p2a: Corviknight|Corviknight, M|64/100
|-ability|p2a: Corviknight|Pressure
|switch|p1a: Cinderace|Cinderace, F|30/100
|
|-weather|Snowscape|[upkeep]
|upkeep
|turn|71
|
|t:|1760801090
|switch|p2a: Garganacl|Garganacl, F|100/100
|move|p1a: Cinderace|Pyro Ball|p2a: Garganacl
|-resisted|p2a: Garganacl
|-damage|p2a: Garganacl|76/100
|
|-weather|none
|-heal|p2a: Garganacl|82/100|[from] item: Leftovers
|upkeep
|turn|72
|
|t:|1760801100
|switch|p2a: Corviknight|Corviknight, M|64/100
|-ability|p2a: Corviknight|Pressure
|move|p1a: Cinderace|U-turn|p2a: Corviknight
|-resisted|p2a: Corviknight
|-damage|p2a: Corviknight|61/100
|-damage|p1a: Cinderace|14/100|[from] item: Rocky Helmet|[of] p2a: Corviknight
|
|t:|1760801109
|switch|p1a: Ting-Lu|Ting-Lu|100/100|[from] U-turn
|-ability|p1a: Ting-Lu|Vessel of Ruin
|
|upkeep
|turn|73
|
|t:|1760801119
|switch|p1a: Slowking|Slowking-Galar, L99, M|100/100
|move|p2a: Corviknight|U-turn|p1a: Slowking
|-damage|p1a: Slowking|86/100
|
|t:|1760801123
|switch|p2a: Great Tusk|Great Tusk|93/100|[from] U-turn
|
|upkeep
|turn|74
|inactive|NagaraFan has 60 seconds left.
|inactive|MooFarmer has 120 seconds left.
|
|t:|1760801168
|-end|p2a: Great Tusk|Protosynthesis|[silent]
|switch|p2a: Gholdengo|Gholdengo|91/100
|switch|p1a: Corviknight|Corviknight, M|100/100
|-ability|p1a: Corviknight|Pressure
|
|-heal|p2a: Gholdengo|97/100|[from] item: Leftovers
|upkeep
|turn|75
|
|t:|1760801183
|switch|p2a: Corviknight|Corviknight, M|61/100
|-ability|p2a: Corviknight|Pressure
|switch|p1a: Ting-Lu|Ting-Lu|100/100
|-ability|p1a: Ting-Lu|Vessel of Ruin
|
|upkeep
|turn|76
|inactive|NagaraFan has 30 seconds left.
|
|t:|1760801205
|switch|p1a: Slowking|Slowking-Galar, L99, M|100/100
|move|p2a: Corviknight|U-turn|p1a: Slowking
|-damage|p1a: Slowking|85/100
|inactive|NagaraFan has 30 seconds left.
|
|t:|1760801214
|switch|p2a: Gholdengo|Gholdengo|97/100|[from] U-turn
|
|-heal|p2a: Gholdengo|100/100|[from] item: Leftovers
|upkeep
|turn|77
|inactive|NagaraFan has 30 seconds left.
|
|t:|1760801231
|switch|p2a: Rillaboom|Rillaboom, M|62/100
|-fieldstart|move: Grassy Terrain|[from] ability: Grassy Surge|[of] p2a: Rillaboom
|switch|p1a: Ting-Lu|Ting-Lu|100/100
|-ability|p1a: Ting-Lu|Vessel of Ruin
|
|-heal|p2a: Rillaboom|68/100|[from] Grassy Terrain
|upkeep
|turn|78
|inactive|NagaraFan has 30 seconds left.
|inactive|NagaraFan has 20 seconds left.
|
|t:|1760801246
|switch|p1a: Corviknight|Corviknight, M|100/100
|-ability|p1a: Corviknight|Pressure
|move|p2a: Rillaboom|Knock Off|p1a: Corviknight
|-damage|p1a: Corviknight|81/100
|
|-heal|p2a: Rillaboom|74/100|[from] Grassy Terrain
|upkeep
|turn|79
|inactive|NagaraFan has 30 seconds left this turn.
|inactive|NagaraFan has 20 seconds left.
|inactive|NagaraFan has 15 seconds left.
|inactive|NagaraFan has 10 seconds left.
|
|t:|1760801269
|move|p2a: Rillaboom|Knock Off|p1a: Corviknight
|-damage|p1a: Corviknight|59/100
|move|p1a: Corviknight|Roost|p1a: Corviknight
|-heal|p1a: Corviknight|100/100
|-singleturn|p1a: Corviknight|move: Roost
|
|-heal|p2a: Rillaboom|80/100|[from] Grassy Terrain
|upkeep
|turn|80
|inactive|NagaraFan has 20 seconds left this turn.
|inactive|NagaraFan has 15 seconds left.
|
|t:|1760801278
|switch|p2a: Corviknight|Corviknight, M|61/100
|-ability|p2a: Corviknight|Pressure
|move|p1a: Corviknight|U-turn|p2a: Corviknight
|-resisted|p2a: Corviknight
|-damage|p2a: Corviknight|59/100
|-damage|p1a: Corviknight|84/100|[from] item: Rocky Helmet|[of] p2a: Corviknight
|
|t:|1760801287
|switch|p1a: Cinderace|Cinderace, F|14/100|[from] U-turn
|
|-heal|p1a: Cinderace|20/100|[from] Grassy Terrain
|upkeep
|turn|81
|inactive|NagaraFan has 30 seconds left this turn.
|
|t:|1760801295
|switch|p2a: Garganacl|Garganacl, F|82/100
|move|p1a: Cinderace|Pyro Ball|p2a: Garganacl
|-resisted|p2a: Garganacl
|-damage|p2a: Garganacl|59/100
|
|-heal|p1a: Cinderace|26/100|[from] Grassy Terrain
|-heal|p2a: Garganacl|66/100|[from] Grassy Terrain
|-heal|p2a: Garganacl|72/100|[from] item: Leftovers
|-fieldend|move: Grassy Terrain
|upkeep
|turn|82
|inactive|NagaraFan has 30 seconds left.
|inactive|NagaraFan has 20 seconds left.
|
|t:|1760801312
|move|p1a: Cinderace|U-turn|p2a: Garganacl
|-damage|p2a: Garganacl|60/100
|
|t:|1760801321
|switch|p1a: Slowking|Slowking-Galar, L99, M|100/100|[from] U-turn
|move|p2a: Garganacl|Iron Defense|p2a: Garganacl
|-boost|p2a: Garganacl|def|2
|
|-heal|p2a: Garganacl|67/100|[from] item: Leftovers
|upkeep
|turn|83
|inactive|NagaraFan has 30 seconds left.
|
|t:|1760801330
|switch|p2a: Gholdengo|Gholdengo|100/100
|move|p1a: Slowking|Future Sight|p2a: Gholdengo
|-start|p1a: Slowking|move: Future Sight
|
|upkeep
|turn|84
|
|t:|1760801338
|move|p2a: Gholdengo|Shadow Ball|p1a: Slowking
|-supereffective|p1a: Slowking
|-damage|p1a: Slowking|51/100
|-prepare|p1a: Slowking|Chilly Reception|[premajor]
|move|p1a: Slowking|Chilly Reception|p1a: Slowking
|-weather|Snowscape
|
|t:|1760801347
|switch|p1a: Cinderace|Cinderace, F|26/100|[from] Chilly Reception
|
|-weather|Snowscape|[upkeep]
|upkeep
|turn|85
|inactive|NagaraFan has 30 seconds left.
|inactive|NagaraFan has 20 seconds left.
|inactive|NagaraFan has 15 seconds left.
|inactive|NagaraFan has 10 seconds left.
|
|t:|1760801389
|switch|p2a: Garganacl|Garganacl, F|67/100
|move|p1a: Cinderace|U-turn|p2a: Garganacl
|-damage|p2a: Garganacl|54/100
|
|t:|1760801398
|switch|p1a: Ting-Lu|Ting-Lu|100/100|[from] U-turn
|-ability|p1a: Ting-Lu|Vessel of Ruin
|
|-weather|Snowscape|[upkeep]
|-end|p2a: Garganacl|move: Future Sight
|-damage|p2a: Garganacl|32/100
|-heal|p2a: Garganacl|38/100|[from] item: Leftovers
|upkeep
|turn|86
|inactive|NagaraFan has 25 seconds left this turn.
|inactive|NagaraFan has 20 seconds left.
|
|t:|1760801406
|switch|p2a: Rillaboom|Rillaboom, M|80/100
|-fieldstart|move: Grassy Terrain|[from] ability: Grassy Surge|[of] p2a: Rillaboom
|move|p1a: Ting-Lu|Payback|p2a: Rillaboom
|-damage|p2a: Rillaboom|58/100
|
|-weather|Snowscape|[upkeep]
|-heal|p2a: Rillaboom|64/100|[from] Grassy Terrain
|upkeep
|turn|87
|inactive|NagaraFan has 30 seconds left this turn.
|
|t:|1760801415
|switch|p1a: Corviknight|Corviknight, M|84/100
|-ability|p1a: Corviknight|Pressure
|move|p2a: Rillaboom|U-turn|p1a: Corviknight
|-resisted|p1a: Corviknight
|-damage|p1a: Corviknight|78/100
|inactive|NagaraFan has 30 seconds left this turn.
|
|t:|1760801419
|switch|p2a: Garganacl|Garganacl, F|38/100|[from] U-turn
|
|-weather|Snowscape|[upkeep]
|-heal|p2a: Garganacl|44/100|[from] Grassy Terrain
|-heal|p2a: Garganacl|50/100|[from] item: Leftovers
|upkeep
|turn|88
|
|t:|1760801428
|move|p1a: Corviknight|U-turn|p2a: Garganacl
|-damage|p2a: Garganacl|42/100
|
|t:|1760801437
|switch|p1a: Slowking|Slowking-Galar, L99, M|85/100|[from] U-turn
|move|p2a: Garganacl|Recover|p2a: Garganacl
|-heal|p2a: Garganacl|92/100
|
|-weather|none
|-heal|p2a: Garganacl|98/100|[from] Grassy Terrain
|-heal|p2a: Garganacl|100/100|[from] item: Leftovers
|-heal|p1a: Slowking|91/100|[from] Grassy Terrain
|upkeep
|turn|89
|
|t:|1760801456
|switch|p2a: Great Tusk|Great Tusk|93/100
|move|p1a: Slowking|Future Sight|p2a: Great Tusk
|-start|p1a: Slowking|move: Future Sight
|
|-heal|p2a: Great Tusk|99/100|[from] Grassy Terrain
|-heal|p1a: Slowking|97/100|[from] Grassy Terrain
|upkeep
|turn|90
|inactive|NagaraFan has 30 seconds left.
|inactive|MooFarmer has 120 seconds left.
|
|t:|1760801501
|switch|p1a: Corviknight|Corviknight, M|78/100
|-ability|p1a: Corviknight|Pressure
|move|p2a: Great Tusk|Headlong Rush|p1a: Corviknight
|-immune|p1a: Corviknight
|
|-heal|p2a: Great Tusk|100/100|[from] Grassy Terrain
|-fieldend|move: Grassy Terrain
|upkeep
|turn|91
|inactive|NagaraFan has 30 seconds left.
|inactive|MooFarmer has 90 seconds left.
|
|t:|1760801546
|-end|p2a: Great Tusk|Protosynthesis|[silent]
|switch|p2a: Gholdengo|Gholdengo|100/100
|move|p1a: Corviknight|Roost|p1a: Corviknight
|-heal|p1a: Corviknight|100/100
|-singleturn|p1a: Corviknight|move: Roost
|
|-end|p2a: Gholdengo|move: Future Sight
|-resisted|p2a: Gholdengo
|-damage|p2a: Gholdengo|76/100
|-heal|p2a: Gholdengo|82/100|[from] item: Leftovers
|upkeep
|turn|92
|inactive|NagaraFan has 30 seconds left.
|
|t:|1760801557
|switch|p2a: Corviknight|Corviknight, M|59/100
|-ability|p2a: Corviknight|Pressure
|switch|p1a: Ting-Lu|Ting-Lu|100/100
|-ability|p1a: Ting-Lu|Vessel of Ruin
|
|upkeep
|turn|93
|inactive|MooFarmer has 90 seconds left.
|inactive|NagaraFan has 30 seconds left.
|inactive|NagaraFan has 20 seconds left.
|inactive|NagaraFan has 15 seconds left.
|
|t:|1760801582
|move|p2a: Corviknight|U-turn|p1a: Ting-Lu
|-supereffective|p1a: Ting-Lu
|-damage|p1a: Ting-Lu|85/100
|inactive|NagaraFan has 20 seconds left this turn.
|inactive|NagaraFan has 15 seconds left.
|
|t:|1760801589
|switch|p2a: Rillaboom|Rillaboom, M|64/100|[from] U-turn
|-fieldstart|move: Grassy Terrain|[from] ability: Grassy Surge|[of] p2a: Rillaboom
|move|p1a: Ting-Lu|Earthquake|p2a: Rillaboom
|-resisted|p2a: Rillaboom
|-damage|p2a: Rillaboom|55/100
|
|-heal|p2a: Rillaboom|61/100|[from] Grassy Terrain
|-heal|p1a: Ting-Lu|91/100|[from] Grassy Terrain
|-heal|p1a: Ting-Lu|97/100|[from] item: Leftovers
|upkeep
|turn|94
|inactive|NagaraFan has 25 seconds left this turn.
|inactive|NagaraFan has 20 seconds left.
|
|t:|1760801599
|switch|p1a: Corviknight|Corviknight, M|100/100
|-ability|p1a: Corviknight|Pressure
|move|p2a: Rillaboom|Knock Off|p1a: Corviknight
|-damage|p1a: Corviknight|79/100
|
|-heal|p2a: Rillaboom|67/100|[from] Grassy Terrain
|upkeep
|turn|95
|inactive|NagaraFan has 30 seconds left this turn.
|inactive|NagaraFan has 20 seconds left.
|
|t:|1760801610
|switch|p2a: Corviknight|Corviknight, M|59/100
|-ability|p2a: Corviknight|Pressure
|move|p1a: Corviknight|Roost|p1a: Corviknight
|-heal|p1a: Corviknight|100/100
|-singleturn|p1a: Corviknight|move: Roost
|
|upkeep
|turn|96
|inactive|NagaraFan has 30 seconds left this turn.
|inactive|NagaraFan has 20 seconds left.
|
|t:|1760801621
|switch|p1a: Dondozo|Dondozo, F|63/100
|move|p2a: Corviknight|Body Press|p1a: Dondozo
|-damage|p1a: Dondozo|52/100
|
|-heal|p1a: Dondozo|58/100|[from] Grassy Terrain
|upkeep
|turn|97
|inactive|NagaraFan has 30 seconds left this turn.
|l| lord shiddenfards
|
|t:|1760801631
|move|p2a: Corviknight|U-turn|p1a: Dondozo
|-damage|p1a: Dondozo|52/100
|inactive|NagaraFan has 30 seconds left this turn.
|
|t:|1760801635
|switch|p2a: Gholdengo|Gholdengo|82/100|[from] U-turn
|move|p1a: Dondozo|Rest|p1a: Dondozo
|-status|p1a: Dondozo|slp|[from] move: Rest
|-heal|p1a: Dondozo|100/100 slp|[silent]
|
|-heal|p2a: Gholdengo|88/100|[from] Grassy Terrain
|-heal|p2a: Gholdengo|94/100|[from] item: Leftovers
|-fieldend|move: Grassy Terrain
|upkeep
|turn|98
|inactive|NagaraFan has 30 seconds left.
|
|t:|1760801651
|switch|p2a: Rillaboom|Rillaboom, M|67/100
|-fieldstart|move: Grassy Terrain|[from] ability: Grassy Surge|[of] p2a: Rillaboom
|switch|p1a: Slowking|Slowking-Galar, L99, M|100/100
|
|-heal|p2a: Rillaboom|74/100|[from] Grassy Terrain
|upkeep
|turn|99
|inactive|NagaraFan has 30 seconds left.
|inactive|NagaraFan has 20 seconds left.
|inactive|NagaraFan has 15 seconds left.
|inactive|NagaraFan has 10 seconds left.
|
|t:|1760801679
|-terastallize|p1a: Slowking|Water
|move|p2a: Rillaboom|Knock Off|p1a: Slowking
|-damage|p1a: Slowking|39/100
|-enditem|p1a: Slowking|Heavy-Duty Boots|[from] move: Knock Off|[of] p2a: Rillaboom
|move|p1a: Slowking|Sludge Bomb|p2a: Rillaboom
|-supereffective|p2a: Rillaboom
|-damage|p2a: Rillaboom|0 fnt
|faint|p2a: Rillaboom
|
|-heal|p1a: Slowking|46/100|[from] Grassy Terrain
|upkeep
|inactive|NagaraFan has 15 seconds left this turn.
|inactive|NagaraFan has 10 seconds left.
|inactive|NagaraFan has 5 seconds left.
|
|t:|1760801693
|switch|p2a: Garganacl|Garganacl, F|100/100
|turn|100
|inactive|NagaraFan has 15 seconds left this turn.
|
|t:|1760801702
|move|p2a: Garganacl|Iron Defense|p2a: Garganacl
|-boost|p2a: Garganacl|def|2
|-prepare|p1a: Slowking|Chilly Reception|[premajor]
|move|p1a: Slowking|Chilly Reception|p1a: Slowking
|-weather|Snowscape
|l| wgw2333
|
|t:|1760801710
|switch|p1a: Cinderace|Cinderace, F|26/100|[from] Chilly Reception
|
|-weather|Snowscape|[upkeep]
|-heal|p1a: Cinderace|32/100|[from] Grassy Terrain
|upkeep
|turn|101
|inactive|NagaraFan has 25 seconds left this turn.
|inactive|NagaraFan has 20 seconds left.
|
|t:|1760801719
|move|p1a: Cinderace|U-turn|p2a: Garganacl
|-damage|p2a: Garganacl|95/100
|
|t:|1760801728
|switch|p1a: Slowking|Slowking-Galar, L99, M, tera:Water|79/100|[from] U-turn
|move|p2a: Garganacl|Salt Cure|p1a: Slowking
|-crit|p1a: Slowking
|-damage|p1a: Slowking|58/100
|-start|p1a: Slowking|Salt Cure
|
|-weather|Snowscape|[upkeep]
|-heal|p2a: Garganacl|100/100|[from] Grassy Terrain
|-heal|p1a: Slowking|64/100|[from] Grassy Terrain
|-damage|p1a: Slowking|39/100|[from] Salt Cure
|upkeep
|turn|102
|inactive|NagaraFan has 30 seconds left this turn.
|inactive|NagaraFan has 20 seconds left.
|
|t:|1760801740
|switch|p1a: Dondozo|Dondozo, F|100/100 slp
|move|p2a: Garganacl|Iron Defense|p2a: Garganacl
|-boost|p2a: Garganacl|def|2
|
|-weather|Snowscape|[upkeep]
|-fieldend|move: Grassy Terrain
|upkeep
|turn|103
|inactive|NagaraFan has 25 seconds left this turn.
|inactive|NagaraFan has 20 seconds left.
|inactive|NagaraFan has 15 seconds left.
|
|t:|1760801751
|switch|p1a: Slowking|Slowking-Galar, L99, M, tera:Water|73/100
|move|p2a: Garganacl|Salt Cure|p1a: Slowking
|-damage|p1a: Slowking|58/100
|-start|p1a: Slowking|Salt Cure
|
|-weather|Snowscape|[upkeep]
|-damage|p1a: Slowking|33/100|[from] Salt Cure
|upkeep
|turn|104
|inactive|NagaraFan has 20 seconds left this turn.
|inactive|NagaraFan has 15 seconds left.
|inactive|NagaraFan has 10 seconds left.
|
|t:|1760801763
|switch|p1a: Dondozo|Dondozo, F|100/100 slp
|move|p2a: Garganacl|Iron Defense|p2a: Garganacl
|-boost|p2a: Garganacl|def|2
|
|-weather|none
|upkeep
|turn|105
|inactive|NagaraFan has 15 seconds left this turn.
|inactive|NagaraFan has 10 seconds left.
|
|t:|1760801771
|switch|p1a: Slowking|Slowking-Galar, L99, M, tera:Water|66/100
|move|p2a: Garganacl|Body Press|p1a: Slowking
|-damage|p1a: Slowking|0 fnt
|faint|p1a: Slowking
|
|upkeep
|
|t:|1760801780
|switch|p1a: Cinderace|Cinderace, F|32/100
|turn|106
|inactive|NagaraFan has 20 seconds left this turn.
|
|t:|1760801790
|move|p1a: Cinderace|U-turn|p2a: Garganacl
|-damage|p2a: Garganacl|97/100
|
|t:|1760801799
|switch|p1a: Dondozo|Dondozo, F|100/100 slp|[from] U-turn
|move|p2a: Garganacl|Salt Cure|p1a: Dondozo
|-damage|p1a: Dondozo|95/100 slp
|-start|p1a: Dondozo|Salt Cure
|
|-heal|p2a: Garganacl|100/100|[from] item: Leftovers
|-damage|p1a: Dondozo|70/100 slp|[from] Salt Cure
|upkeep
|turn|107
|inactive|NagaraFan has 30 seconds left this turn.
|inactive|NagaraFan has 20 seconds left.
|
|t:|1760801809
|switch|p1a: Corviknight|Corviknight, M|100/100
|-ability|p1a: Corviknight|Pressure
|move|p2a: Garganacl|Body Press|p1a: Corviknight
|-damage|p1a: Corviknight|42/100
|
|upkeep
|turn|108
|inactive|NagaraFan has 25 seconds left this turn.
|inactive|NagaraFan has 20 seconds left.
|
|t:|1760801818
|move|p1a: Corviknight|U-turn|p2a: Garganacl
|-damage|p2a: Garganacl|98/100
|
|t:|1760801827
|switch|p1a: Ting-Lu|Ting-Lu|97/100|[from] U-turn
|-ability|p1a: Ting-Lu|Vessel of Ruin
|move|p2a: Garganacl|Body Press|p1a: Ting-Lu
|-supereffective|p1a: Ting-Lu
|-damage|p1a: Ting-Lu|0 fnt
|faint|p1a: Ting-Lu
|
|-heal|p2a: Garganacl|100/100|[from] item: Leftovers
|upkeep
|
|t:|1760801836
|switch|p1a: Dondozo|Dondozo, F|70/100 slp
|turn|109
|
|t:|1760801844
|switch|p1a: Corviknight|Corviknight, M|42/100
|-ability|p1a: Corviknight|Pressure
|move|p2a: Garganacl|Salt Cure|p1a: Corviknight
|-damage|p1a: Corviknight|33/100
|-start|p1a: Corviknight|Salt Cure
|
|-damage|p1a: Corviknight|9/100|[from] Salt Cure
|upkeep
|turn|110
|inactive|NagaraFan has 30 seconds left.
|
|t:|1760801855
|move|p1a: Corviknight|U-turn|p2a: Garganacl
|-damage|p2a: Garganacl|98/100
|
|t:|1760801863
|switch|p1a: Dondozo|Dondozo, F|70/100 slp|[from] U-turn
|move|p2a: Garganacl|Body Press|p1a: Dondozo
|-damage|p1a: Dondozo|59/100 slp
|
|-heal|p2a: Garganacl|100/100|[from] item: Leftovers
|upkeep
|turn|111
|
|t:|1760801871
|switch|p1a: Corviknight|Corviknight, M|9/100
|-ability|p1a: Corviknight|Pressure
|move|p2a: Garganacl|Salt Cure|p1a: Corviknight
|-damage|p1a: Corviknight|0 fnt
|faint|p1a: Corviknight
|
|upkeep
|
|t:|1760801879
|switch|p1a: Cinderace|Cinderace, F|32/100
|turn|112
|
|t:|1760801886
|move|p1a: Cinderace|U-turn|p2a: Garganacl
|-damage|p2a: Garganacl|97/100
|
|t:|1760801894
|switch|p1a: Dondozo|Dondozo, F|59/100 slp|[from] U-turn
|move|p2a: Garganacl|Salt Cure|p1a: Dondozo
|-damage|p1a: Dondozo|53/100 slp
|-start|p1a: Dondozo|Salt Cure
|
|-heal|p2a: Garganacl|100/100|[from] item: Leftovers
|-damage|p1a: Dondozo|28/100 slp|[from] Salt Cure
|upkeep
|turn|113
|
|t:|1760801905
|switch|p1a: Cinderace|Cinderace, F|32/100
|move|p2a: Garganacl|Salt Cure|p1a: Cinderace
|-supereffective|p1a: Cinderace
|-damage|p1a: Cinderace|0 fnt
|faint|p1a: Cinderace
|
|upkeep
|
|t:|1760801911
|switch|p1a: Dondozo|Dondozo, F|28/100 slp
|turn|114
|
|t:|1760801916
|cant|p1a: Dondozo|slp
|move|p2a: Garganacl|Salt Cure|p1a: Dondozo
|-damage|p1a: Dondozo|22/100 slp
|-start|p1a: Dondozo|Salt Cure
|
|-damage|p1a: Dondozo|0 fnt|[from] Salt Cure
|faint|p1a: Dondozo
|
|win|NagaraFan
|raw|MooFarmer's rating: 1748 &rarr; <strong>1728</strong><br />(-20 for losing)
|raw|NagaraFan's rating: 1743 &rarr; <strong>1763</strong><br />(+20 for winning)
|l|☆MooFarmer
|player|p1|
|l|☆NagaraFan
|player|p2|
|l| 3idk
