|j|☆tetration
|j|☆Lord Sodium
|t:|1760803170
|gametype|singles
|player|p1|tetration|101|1590
|player|p2|Lord Sodium|alec-anime|1641
|gen|9
|tier|[Gen 9] OU
|rated|
|rule|HP Percentage Mod: HP is shown in percentages
|rule|Endless Battle Clause: Forcing endless battles is banned
|rule|Species Clause: Limit one of each Pokémon
|rule|OHKO Clause: OHKO moves are banned
|rule|Evasion Items Clause: Evasion items are banned
|rule|Evasion Moves Clause: Evasion moves are banned
|rule|Evasion Abilities Clause: Evasion abilities are banned
|rule|Sleep Moves Clause: Sleep-inducing moves are banned
|clearpoke
|poke|p1|Kingambit, F|
|poke|p1|Cinderace, F|
|poke|p1|Landorus-Therian, M|
|poke|p1|Iron Valiant|
|poke|p1|Kyurem|
|poke|p1|Slowking-Galar, M|
|poke|p2|Mamoswine, M|
|poke|p2|Slowking-Galar, F|
|poke|p2|Rillaboom, M|
|poke|p2|Corviknight, F|
|poke|p2|Samurott-Hisui, F|
|poke|p2|Raging Bolt|
|teampreview
|inactive|Battle timer is ON: inactive players will automatically lose when time's up. (requested by tetration)
|
|t:|1760803199
|teamsize|p1|6
|teamsize|p2|6
|start
|switch|p1a: Cinderace|Cinderace, F|100/100
|switch|p2a: Samurott|Samurott-Hisui, F|100/100
|turn|1
|
|t:|1760803206
|switch|p1a: Kyurem|Kyurem, shiny|100/100
|-ability|p1a: Kyurem|Pressure
|move|p2a: Samurott|Razor Shell|p1a: Kyurem
|-resisted|p1a: Kyurem
|-damage|p1a: Kyurem|75/100
|-unboost|p1a: Kyurem|def|1
|
|-heal|p1a: Kyurem|81/100|[from] item: Leftovers
|upkeep
|turn|2
|
|t:|1760803215
|switch|p2a: Slowking|Slowking-Galar, F|100/100
|move|p1a: Kyurem|Freeze-Dry|p2a: Slowking
|-damage|p2a: Slowking|78/100
|
|-heal|p1a: Kyurem|88/100|[from] item: Leftovers
|upkeep
|turn|3
|
|t:|1760803220
|switch|p1a: Slowking|Slowking-Galar, M|100/100
|move|p2a: Slowking|Future Sight|p1a: Slowking
|-start|p2a: Slowking|move: Future Sight
|
|upkeep
|turn|4
|
|t:|1760803233
|move|p2a: Slowking|Thunder Wave|p1a: Slowking
|-status|p1a: Slowking|par
|cant|p1a: Slowking|par
|
|upkeep
|turn|5
|
|t:|1760803244
|-prepare|p2a: Slowking|Chilly Reception|[premajor]
|move|p2a: Slowking|Chilly Reception|p2a: Slowking
|-weather|Snowscape
|
|t:|1760803248
|switch|p2a: Mamoswine|Mamoswine, M|100/100|[from] Chilly Reception
|cant|p1a: Slowking|par
|
|-weather|Snowscape|[upkeep]
|-end|p1a: Slowking|move: Future Sight
|-damage|p1a: Slowking|74/100 par
|upkeep
|turn|6
|
|t:|1760803261
|switch|p1a: Landorus|Landorus-Therian, M|100/100
|-ability|p1a: Landorus|Intimidate|boost
|-unboost|p2a: Mamoswine|atk|1
|move|p2a: Mamoswine|Icicle Spear|p1a: Landorus
|-supereffective|p1a: Landorus
|-damage|p1a: Landorus|63/100
|-supereffective|p1a: Landorus
|-damage|p1a: Landorus|28/100
|-supereffective|p1a: Landorus
|-damage|p1a: Landorus|0 fnt
|faint|p1a: Landorus
|-hitcount|p1: Landorus|3
|
|-weather|Snowscape|[upkeep]
|upkeep
|
|t:|1760803272
|switch|p1a: Kyurem|Kyurem, shiny|88/100
|-ability|p1a: Kyurem|Pressure
|turn|7
|
|t:|1760803281
|switch|p2a: Slowking|Slowking-Galar, F|100/100
|move|p1a: Kyurem|Substitute|p1a: Kyurem
|-start|p1a: Kyurem|Substitute
|-damage|p1a: Kyurem|63/100
|
|-weather|Snowscape|[upkeep]
|-heal|p1a: Kyurem|69/100|[from] item: Leftovers
|upkeep
|turn|8
|
|t:|1760803285
|-terastallize|p1a: Kyurem|Ground
|move|p1a: Kyurem|Earth Power|p2a: Slowking
|-supereffective|p2a: Slowking
|-damage|p2a: Slowking|47/100
|move|p2a: Slowking|Sludge Bomb|p1a: Kyurem
|-resisted|p1a: Kyurem
|-activate|p1a: Kyurem|move: Substitute|[damage]
|
|-weather|Snowscape|[upkeep]
|-heal|p1a: Kyurem|75/100|[from] item: Leftovers
|upkeep
|turn|9
|
|t:|1760803299
|-terastallize|p2a: Slowking|Water
|move|p1a: Kyurem|Earth Power|p2a: Slowking
|-damage|p2a: Slowking|20/100
|move|p2a: Slowking|Sludge Bomb|p1a: Kyurem
|-resisted|p1a: Kyurem
|-end|p1a: Kyurem|Substitute
|
|-weather|none
|-heal|p1a: Kyurem|81/100|[from] item: Leftovers
|upkeep
|turn|10
|
|t:|1760803304
|move|p1a: Kyurem|Freeze-Dry|p2a: Slowking
|-supereffective|p2a: Slowking
|-damage|p2a: Slowking|0 fnt
|faint|p2a: Slowking
|
|-heal|p1a: Kyurem|87/100|[from] item: Leftovers
|upkeep
|
|t:|1760803306
|switch|p2a: Rillaboom|Rillaboom, M|100/100
|-fieldstart|move: Grassy Terrain|[from] ability: Grassy Surge|[of] p2a: Rillaboom
|turn|11
|
|t:|1760803310
|switch|p1a: Cinderace|Cinderace, F|100/100
|move|p2a: Rillaboom|Knock Off|p1a: Cinderace
|-damage|p1a: Cinderace|46/100
|-enditem|p1a: Cinderace|Heavy-Duty Boots|[from] move: Knock Off|[of] p2a: Rillaboom
|-damage|p2a: Rillaboom|91/100|[from] item: Life Orb
|
|-heal|p1a: Cinderace|52/100|[from] Grassy Terrain
|-heal|p2a: Rillaboom|97/100|[from] Grassy Terrain
|upkeep
|turn|12
|
|t:|1760803324
|switch|p2a: Raging Bolt|Raging Bolt|100/100
|-enditem|p2a: Raging Bolt|Booster Energy
|-activate|p2a: Raging Bolt|ability: Protosynthesis|[fromitem]
|-start|p2a: Raging Bolt|protosynthesisspa
|move|p1a: Cinderace|U-turn|p2a: Raging Bolt
|-damage|p2a: Raging Bolt|84/100
|
|t:|1760803327
|switch|p1a: Kyurem|Kyurem, shiny, tera:Ground|87/100|[from] U-turn
|-ability|p1a: Kyurem|Pressure
|
|-heal|p1a: Kyurem|94/100|[from] Grassy Terrain
|-heal|p1a: Kyurem|99/100|[from] item: Leftovers
|-heal|p2a: Raging Bolt|91/100|[from] Grassy Terrain
|upkeep
|turn|13
|
|t:|1760803331
|move|p1a: Kyurem|Earth Power|p2a: Raging Bolt
|-supereffective|p2a: Raging Bolt
|-damage|p2a: Raging Bolt|0 fnt
|faint|p2a: Raging Bolt
|-end|p2a: Raging Bolt|Protosynthesis|[silent]
|
|-heal|p1a: Kyurem|100/100|[from] Grassy Terrain
|upkeep
|
|t:|1760803335
|switch|p2a: Samurott|Samurott-Hisui, F|100/100
|turn|14
|
|t:|1760803340
|move|p1a: Kyurem|Protect|p1a: Kyurem
|-singleturn|p1a: Kyurem|Protect
|move|p2a: Samurott|Razor Shell|p1a: Kyurem
|-activate|p1a: Kyurem|move: Protect
|
|upkeep
|turn|15
|
|t:|1760803352
|switch|p1a: Slowking|Slowking-Galar, M|100/100 par
|move|p2a: Samurott|Razor Shell|p1a: Slowking
|-damage|p1a: Slowking|50/100 par
|
|-heal|p1a: Slowking|56/100 par|[from] Grassy Terrain
|-fieldend|move: Grassy Terrain
|upkeep
|turn|16
|j| iamfrhaan007
|
|t:|1760803359
|move|p2a: Samurott|Razor Shell|p1a: Slowking
|-damage|p1a: Slowking|0 fnt
|faint|p1a: Slowking
|
|upkeep
|
|t:|1760803366
|switch|p1a: Iron Valiant|Iron Valiant|100/100
|-enditem|p1a: Iron Valiant|Booster Energy
|-activate|p1a: Iron Valiant|ability: Quark Drive|[fromitem]
|-start|p1a: Iron Valiant|quarkdrivespe
|turn|17
|
|t:|1760803372
|switch|p2a: Mamoswine|Mamoswine, M|100/100
|move|p1a: Iron Valiant|Moonblast|p2a: Mamoswine
|-damage|p2a: Mamoswine|33/100
|
|upkeep
|turn|18
|
|t:|1760803375
|move|p2a: Mamoswine|Ice Shard|p1a: Iron Valiant
|-damage|p1a: Iron Valiant|69/100
|move|p1a: Iron Valiant|Moonblast|p2a: Mamoswine
|-damage|p2a: Mamoswine|0 fnt
|faint|p2a: Mamoswine
|
|upkeep
|
|t:|1760803377
|switch|p2a: Rillaboom|Rillaboom, M|97/100
|-fieldstart|move: Grassy Terrain|[from] ability: Grassy Surge|[of] p2a: Rillaboom
|turn|19
|
|t:|1760803384
|-end|p1a: Iron Valiant|Quark Drive|[silent]
|switch|p1a: Cinderace|Cinderace, F|52/100
|move|p2a: Rillaboom|Grassy Glide|p1a: Cinderace
|-resisted|p1a: Cinderace
|-damage|p1a: Cinderace|24/100
|-damage|p2a: Rillaboom|87/100|[from] item: Life Orb
|
|-heal|p1a: Cinderace|30/100|[from] Grassy Terrain
|-heal|p2a: Rillaboom|93/100|[from] Grassy Terrain
|upkeep
|turn|20
|
|t:|1760803394
|move|p2a: Rillaboom|Grassy Glide|p1a: Cinderace
|-resisted|p1a: Cinderace
|-damage|p1a: Cinderace|2/100
|-damage|p2a: Rillaboom|83/100|[from] item: Life Orb
|move|p1a: Cinderace|U-turn|p2a: Rillaboom
|-supereffective|p2a: Rillaboom
|-crit|p2a: Rillaboom
|-damage|p2a: Rillaboom|20/100
|
|t:|1760803402
|switch|p1a: Kyurem|Kyurem, shiny, tera:Ground|100/100|[from] U-turn
|-ability|p1a: Kyurem|Pressure
|
|-heal|p2a: Rillaboom|26/100|[from] Grassy Terrain
|upkeep
|turn|21
|
|t:|1760803405
|move|p1a: Kyurem|Protect|p1a: Kyurem
|-singleturn|p1a: Kyurem|Protect
|move|p2a: Rillaboom|Grassy Glide|p1a: Kyurem
|-activate|p1a: Kyurem|move: Protect
|
|-heal|p2a: Rillaboom|32/100|[from] Grassy Terrain
|upkeep
|turn|22
|
|t:|1760803418
|switch|p1a: Cinderace|Cinderace, F|2/100
|move|p2a: Rillaboom|Grassy Glide|p1a: Cinderace
|-resisted|p1a: Cinderace
|-damage|p1a: Cinderace|0 fnt
|faint|p1a: Cinderace
|-damage|p2a: Rillaboom|22/100|[from] item: Life Orb
|
|-heal|p2a: Rillaboom|28/100|[from] Grassy Terrain
|upkeep
|
|t:|1760803426
|switch|p1a: Kingambit|Kingambit, F, shiny|100/100
|-activate|p1a: Kingambit|ability: Supreme Overlord
|-start|p1a: Kingambit|fallen3|[silent]
|turn|23
|
|t:|1760803430
|switch|p2a: Corviknight|Corviknight, F|100/100
|-ability|p2a: Corviknight|Pressure
|move|p1a: Kingambit|Iron Head|p2a: Corviknight
|-resisted|p2a: Corviknight
|-damage|p2a: Corviknight|81/100
|-damage|p1a: Kingambit|84/100|[from] item: Rocky Helmet|[of] p2a: Corviknight
|
|-heal|p1a: Kingambit|90/100|[from] Grassy Terrain
|-heal|p1a: Kingambit|96/100|[from] item: Leftovers
|-fieldend|move: Grassy Terrain
|upkeep
|turn|24
|
|t:|1760803440
|-end|p1a: Kingambit|fallen3|[silent]
|switch|p1a: Iron Valiant|Iron Valiant|69/100
|switch|p2a: Samurott|Samurott-Hisui, F|100/100
|
|upkeep
|turn|25
|
|t:|1760803450
|move|p2a: Samurott|Razor Shell|p1a: Iron Valiant
|-damage|p1a: Iron Valiant|7/100
|-unboost|p1a: Iron Valiant|def|1
|move|p1a: Iron Valiant|Moonblast|p2a: Samurott
|-supereffective|p2a: Samurott
|-damage|p2a: Samurott|0 fnt
|faint|p2a: Samurott
|
|upkeep
|
|t:|1760803455
|switch|p2a: Rillaboom|Rillaboom, M|28/100
|-fieldstart|move: Grassy Terrain|[from] ability: Grassy Surge|[of] p2a: Rillaboom
|turn|26
|
|t:|1760803477
|-end|p1a: Iron Valiant|Quark Drive|[silent]
|switch|p1a: Kingambit|Kingambit, F, shiny|96/100
|-activate|p1a: Kingambit|ability: Supreme Overlord
|-start|p1a: Kingambit|fallen3|[silent]
|move|p2a: Rillaboom|Knock Off|p1a: Kingambit
|-resisted|p1a: Kingambit
|-damage|p1a: Kingambit|78/100
|-enditem|p1a: Kingambit|Leftovers|[from] move: Knock Off|[of] p2a: Rillaboom
|-damage|p2a: Rillaboom|18/100|[from] item: Life Orb
|
|-heal|p2a: Rillaboom|24/100|[from] Grassy Terrain
|-heal|p1a: Kingambit|84/100|[from] Grassy Terrain
|upkeep
|turn|27
|
|t:|1760803485
|switch|p2a: Corviknight|Corviknight, F|81/100
|-ability|p2a: Corviknight|Pressure
|move|p1a: Kingambit|Sucker Punch||[still]
|-fail|p1a: Kingambit
|
|-heal|p1a: Kingambit|90/100|[from] Grassy Terrain
|upkeep
|turn|28
|
|t:|1760803493
|-end|p1a: Kingambit|fallen3|[silent]
|switch|p1a: Iron Valiant|Iron Valiant|7/100
|move|p2a: Corviknight|Iron Defense|p2a: Corviknight
|-boost|p2a: Corviknight|def|2
|
|-heal|p1a: Iron Valiant|13/100|[from] Grassy Terrain
|upkeep
|turn|29
|
|t:|1760803499
|move|p1a: Iron Valiant|Encore|p2a: Corviknight
|-start|p2a: Corviknight|Encore
|move|p2a: Corviknight|Iron Defense|p2a: Corviknight
|-boost|p2a: Corviknight|def|2
|
|-heal|p1a: Iron Valiant|20/100|[from] Grassy Terrain
|upkeep
|turn|30
|c|☆Lord Sodium|gg
|-message|Lord Sodium forfeited.
|
|win|tetration
|raw|tetration's rating: 1590 &rarr; <strong>1613</strong><br />(+23 for winning)
|raw|Lord Sodium's rating: 1641 &rarr; <strong>1618</strong><br />(-23 for losing)
|l|☆Lord Sodium
|player|p2|
|c|☆tetration|gg
|l| iamfrhaan007
