|j|☆powerfull_rock
|j|☆Rabzzz
|t:|1760800685
|gametype|singles
|player|p1|powerfull_rock|blackbelt|1746
|player|p2|Rabzzz|#mwpvimurkrows|1759
|gen|9
|tier|[Gen 9] OU
|rated|
|rule|HP Percentage Mod: HP is shown in percentages
|rule|Endless Battle Clause: Forcing endless battles is banned
|rule|Species Clause: Limit one of each Pokémon
|rule|OHKO Clause: OHKO moves are banned
|rule|Evasion Items Clause: Evasion items are banned
|rule|Evasion Moves Clause: Evasion moves are banned
|rule|Evasion Abilities Clause: Evasion abilities are banned
|rule|Sleep Moves Clause: Sleep-inducing moves are banned
|clearpoke
|poke|p1|Clodsire, M|
|poke|p1|Conkeldurr, M|
|poke|p1|Enamorus, F|
|poke|p1|Ceruledge, F|
|poke|p1|Skarmory, M|
|poke|p1|Sinistcha|
|poke|p2|Iron Boulder|
|poke|p2|Ting-Lu|
|poke|p2|Great Tusk|
|poke|p2|Enamorus, F|
|poke|p2|Gholdengo|
|poke|p2|Rotom-Wash|
|teampreview
|inactive|Battle timer is ON: inactive players will automatically lose when time's up. (requested by powerfull_rock)
|
|t:|1760800707
|teamsize|p1|6
|teamsize|p2|6
|start
|switch|p1a: Wide Shoulder|Conkeldurr, M, shiny|100/100
|switch|p2a: Gholdengo|Gholdengo|100/100
|turn|1
|
|t:|1760800722
|switch|p1a: Fat Body|Clodsire, M, shiny|100/100
|move|p2a: Gholdengo|Hex|p1a: Fat Body
|-damage|p1a: Fat Body|82/100
|
|-heal|p1a: Fat Body|88/100|[from] item: Leftovers
|upkeep
|turn|2
|
|t:|1760800733
|switch|p2a: Great Tusk|Great Tusk|100/100
|move|p1a: Fat Body|Earthquake|p2a: Great Tusk
|-damage|p2a: Great Tusk|79/100
|
|-heal|p1a: Fat Body|94/100|[from] item: Leftovers
|upkeep
|turn|3
|
|t:|1760800739
|move|p2a: Great Tusk|Stealth Rock|p1a: Fat Body
|-sidestart|p1: powerfull_rock|move: Stealth Rock
|move|p1a: Fat Body|Toxic|p2a: Great Tusk
|-status|p2a: Great Tusk|tox
|
|-heal|p1a: Fat Body|100/100|[from] item: Leftovers
|-damage|p2a: Great Tusk|73/100 tox|[from] psn
|upkeep
|turn|4
|
|t:|1760800744
|switch|p1a: Metal Wing|Skarmory, M|100/100
|-damage|p1a: Metal Wing|88/100|[from] Stealth Rock
|move|p2a: Great Tusk|Knock Off|p1a: Metal Wing
|-damage|p1a: Metal Wing|62/100
|-enditem|p1a: Metal Wing|Leftovers|[from] move: Knock Off|[of] p2a: Great Tusk
|
|-damage|p2a: Great Tusk|61/100 tox|[from] psn
|upkeep
|turn|5
|
|t:|1760800764
|-end|p2a: Great Tusk|Protosynthesis|[silent]
|switch|p2a: Rotom|Rotom-Wash|100/100
|move|p1a: Metal Wing|Spikes|p2a: Rotom
|-sidestart|p2: Rabzzz|Spikes
|
|upkeep
|turn|6
|
|t:|1760800768
|move|p2a: Rotom|Will-O-Wisp|p1a: Metal Wing
|-status|p1a: Metal Wing|brn
|move|p1a: Metal Wing|Roost|p1a: Metal Wing
|-heal|p1a: Metal Wing|100/100 brn
|-singleturn|p1a: Metal Wing|move: Roost
|
|-damage|p1a: Metal Wing|95/100 brn|[from] brn
|upkeep
|turn|7
|
|t:|1760800772
|switch|p1a: Fat Body|Clodsire, M, shiny|100/100
|-damage|p1a: Fat Body|94/100|[from] Stealth Rock
|move|p2a: Rotom|Volt Switch|p1a: Fat Body
|-immune|p1a: Fat Body
|
|-heal|p1a: Fat Body|100/100|[from] item: Leftovers
|upkeep
|turn|8
|
|t:|1760800779
|move|p2a: Rotom|Will-O-Wisp|p1a: Fat Body
|-status|p1a: Fat Body|brn
|move|p1a: Fat Body|Toxic|p2a: Rotom
|-status|p2a: Rotom|tox
|
|-damage|p2a: Rotom|95/100 tox|[from] psn
|-damage|p1a: Fat Body|94/100 brn|[from] brn
|upkeep
|turn|9
|j| Coerspol
|
|t:|1760800788
|switch|p2a: Ting-Lu|Ting-Lu|100/100
|-damage|p2a: Ting-Lu|88/100|[from] Spikes
|-ability|p2a: Ting-Lu|Vessel of Ruin
|move|p1a: Fat Body|Stealth Rock|p2a: Ting-Lu
|-sidestart|p2: Rabzzz|move: Stealth Rock
|
|-heal|p2a: Ting-Lu|94/100|[from] item: Leftovers
|-heal|p1a: Fat Body|100/100 brn|[from] item: Leftovers
|-damage|p1a: Fat Body|94/100 brn|[from] brn
|upkeep
|turn|10
|
|t:|1760800796
|switch|p2a: Gholdengo|Gholdengo|100/100
|-damage|p2a: Gholdengo|88/100|[from] Spikes
|-damage|p2a: Gholdengo|82/100|[from] Stealth Rock
|switch|p1a: Wide Shoulder|Conkeldurr, M, shiny|100/100
|-damage|p1a: Wide Shoulder|94/100|[from] Stealth Rock
|
|-heal|p2a: Gholdengo|88/100|[from] item: Leftovers
|-status|p1a: Wide Shoulder|brn|[from] item: Flame Orb
|upkeep
|turn|11
|
|t:|1760800799
|move|p2a: Gholdengo|Hex|p1a: Wide Shoulder
|-damage|p1a: Wide Shoulder|21/100 brn
|move|p1a: Wide Shoulder|Knock Off|p2a: Gholdengo
|-supereffective|p2a: Gholdengo
|-damage|p2a: Gholdengo|17/100
|-enditem|p2a: Gholdengo|Leftovers|[from] move: Knock Off|[of] p1a: Wide Shoulder
|
|-damage|p1a: Wide Shoulder|14/100 brn|[from] brn
|upkeep
|turn|12
|
|t:|1760800813
|switch|p1a: Clean Edge|Ceruledge, F|100/100
|move|p2a: Gholdengo|Hex|p1a: Clean Edge
|-supereffective|p1a: Clean Edge
|-damage|p1a: Clean Edge|61/100
|
|upkeep
|turn|13
|
|t:|1760800826
|move|p1a: Clean Edge|Bitter Blade|p2a: Gholdengo
|-supereffective|p2a: Gholdengo
|-damage|p2a: Gholdengo|0 fnt
|-heal|p1a: Clean Edge|70/100|[from] drain|[of] p2a: Gholdengo
|faint|p2a: Gholdengo
|
|upkeep
|inactive|Rabzzz has 120 seconds left.
|
|t:|1760800865
|switch|p2a: Great Tusk|Great Tusk|61/100 tox
|turn|14
|
|t:|1760800871
|switch|p1a: Metal Wing|Skarmory, M|95/100 brn
|-damage|p1a: Metal Wing|82/100 brn|[from] Stealth Rock
|move|p2a: Great Tusk|Knock Off|p1a: Metal Wing
|-damage|p1a: Metal Wing|64/100 brn
|
|-damage|p2a: Great Tusk|55/100 tox|[from] psn
|-damage|p1a: Metal Wing|58/100 brn|[from] brn
|upkeep
|turn|15
|
|t:|1760800877
|switch|p1a: Broken Vessel|Sinistcha, shiny|100/100
|move|p2a: Great Tusk|Rapid Spin|p1a: Broken Vessel
|-immune|p1a: Broken Vessel
|
|-damage|p2a: Great Tusk|42/100 tox|[from] psn
|upkeep
|turn|16
|
|t:|1760800884
|-end|p2a: Great Tusk|Protosynthesis|[silent]
|switch|p2a: Ting-Lu|Ting-Lu|94/100
|-damage|p2a: Ting-Lu|82/100|[from] Spikes
|-damage|p2a: Ting-Lu|76/100|[from] Stealth Rock
|-ability|p2a: Ting-Lu|Vessel of Ruin
|switch|p1a: Metal Wing|Skarmory, M|58/100 brn
|-damage|p1a: Metal Wing|46/100 brn|[from] Stealth Rock
|
|-heal|p2a: Ting-Lu|82/100|[from] item: Leftovers
|-damage|p1a: Metal Wing|40/100 brn|[from] brn
|upkeep
|turn|17
|
|t:|1760800900
|switch|p1a: Wide Shoulder|Conkeldurr, M, shiny|14/100 brn
|-damage|p1a: Wide Shoulder|8/100 brn|[from] Stealth Rock
|move|p2a: Ting-Lu|Spikes|p1a: Wide Shoulder
|-sidestart|p1: powerfull_rock|Spikes
|
|-heal|p2a: Ting-Lu|88/100|[from] item: Leftovers
|-damage|p1a: Wide Shoulder|2/100 brn|[from] brn
|upkeep
|turn|18
|
|t:|1760800916
|switch|p2a: Great Tusk|Great Tusk|42/100 tox
|move|p1a: Wide Shoulder|Drain Punch|p2a: Great Tusk
|-damage|p2a: Great Tusk|0 fnt
|-heal|p1a: Wide Shoulder|21/100 brn|[from] drain|[of] p2a: Great Tusk
|faint|p2a: Great Tusk
|-end|p2a: Great Tusk|Protosynthesis|[silent]
|
|-damage|p1a: Wide Shoulder|15/100 brn|[from] brn
|upkeep
|inactive|Rabzzz has 120 seconds left.
|
|t:|1760800938
|switch|p2a: Enamorus|Enamorus, F|100/100
|-damage|p2a: Enamorus|76/100|[from] Stealth Rock
|turn|19
|
|t:|1760800942
|move|p1a: Wide Shoulder|Mach Punch|p2a: Enamorus
|-resisted|p2a: Enamorus
|-damage|p2a: Enamorus|62/100
|move|p2a: Enamorus|Draining Kiss|p1a: Wide Shoulder
|-supereffective|p1a: Wide Shoulder
|-damage|p1a: Wide Shoulder|0 fnt
|-heal|p2a: Enamorus|77/100|[from] drain|[of] p1a: Wide Shoulder
|faint|p1a: Wide Shoulder
|
|upkeep
|
|t:|1760800952
|switch|p1a: Love Snake|Enamorus, F|100/100
|-damage|p1a: Love Snake|76/100|[from] Stealth Rock
|turn|20
|
|t:|1760800967
|move|p2a: Enamorus|Draining Kiss|p1a: Love Snake
|-damage|p1a: Love Snake|16/100
|-heal|p2a: Enamorus|100/100|[from] drain|[of] p1a: Love Snake
|move|p1a: Love Snake|Moonblast|p2a: Enamorus
|-damage|p2a: Enamorus|28/100
|
|-heal|p1a: Love Snake|23/100|[from] item: Leftovers
|upkeep
|turn|21
|
|t:|1760800974
|move|p1a: Love Snake|Moonblast|p2a: Enamorus
|-damage|p2a: Enamorus|0 fnt
|faint|p2a: Enamorus
|
|-heal|p1a: Love Snake|29/100|[from] item: Leftovers
|upkeep
|
|t:|1760800981
|switch|p2a: Rotom|Rotom-Wash|95/100 tox
|-damage|p2a: Rotom|82/100 tox|[from] Stealth Rock
|turn|22
|
|t:|1760800985
|move|p1a: Love Snake|Moonblast|p2a: Rotom
|-damage|p2a: Rotom|28/100 tox
|move|p2a: Rotom|Volt Switch|p1a: Love Snake
|-supereffective|p1a: Love Snake
|-damage|p1a: Love Snake|0 fnt
|faint|p1a: Love Snake
|
|t:|1760800991
|switch|p2a: Ting-Lu|Ting-Lu|88/100|[from] Volt Switch
|-damage|p2a: Ting-Lu|76/100|[from] Spikes
|-damage|p2a: Ting-Lu|69/100|[from] Stealth Rock
|-ability|p2a: Ting-Lu|Vessel of Ruin
|
|-heal|p2a: Ting-Lu|76/100|[from] item: Leftovers
|upkeep
|
|t:|1760800999
|switch|p1a: Metal Wing|Skarmory, M|40/100 brn
|-damage|p1a: Metal Wing|28/100 brn|[from] Stealth Rock
|turn|23
|
|t:|1760801010
|switch|p2a: Rotom|Rotom-Wash|28/100 tox
|-damage|p2a: Rotom|16/100 tox|[from] Stealth Rock
|move|p1a: Metal Wing|Whirlwind|p2a: Rotom
|drag|p2a: Iron Boulder|Iron Boulder|100/100
|-damage|p2a: Iron Boulder|88/100|[from] Spikes
|-damage|p2a: Iron Boulder|76/100|[from] Stealth Rock
|-enditem|p2a: Iron Boulder|Booster Energy
|-activate|p2a: Iron Boulder|ability: Quark Drive|[fromitem]
|-start|p2a: Iron Boulder|quarkdrivespe
|
|-damage|p1a: Metal Wing|22/100 brn|[from] brn
|upkeep
|turn|24
|
|t:|1760801020
|move|p2a: Iron Boulder|Mighty Cleave|p1a: Metal Wing
|-damage|p1a: Metal Wing|0 fnt
|faint|p1a: Metal Wing
|
|upkeep
|
|t:|1760801022
|switch|p1a: Broken Vessel|Sinistcha, shiny|100/100
|turn|25
|
|t:|1760801037
|-end|p2a: Iron Boulder|Quark Drive|[silent]
|switch|p2a: Rotom|Rotom-Wash|16/100 tox
|-damage|p2a: Rotom|3/100 tox|[from] Stealth Rock
|move|p1a: Broken Vessel|Matcha Gotcha|p2a: Rotom
|-supereffective|p2a: Rotom
|-damage|p2a: Rotom|0 fnt
|faint|p2a: Rotom
|
|upkeep
|
|t:|1760801039
|switch|p2a: Ting-Lu|Ting-Lu|76/100
|-damage|p2a: Ting-Lu|63/100|[from] Spikes
|-damage|p2a: Ting-Lu|57/100|[from] Stealth Rock
|-ability|p2a: Ting-Lu|Vessel of Ruin
|turn|26
|
|t:|1760801049
|move|p1a: Broken Vessel|Matcha Gotcha|p2a: Ting-Lu
|-supereffective|p2a: Ting-Lu
|-damage|p2a: Ting-Lu|30/100
|move|p2a: Ting-Lu|Ruination|p1a: Broken Vessel
|-damage|p1a: Broken Vessel|50/100
|
|-heal|p2a: Ting-Lu|36/100|[from] item: Leftovers
|upkeep
|turn|27
|
|t:|1760801066
|move|p1a: Broken Vessel|Matcha Gotcha|p2a: Ting-Lu
|-supereffective|p2a: Ting-Lu
|-damage|p2a: Ting-Lu|9/100
|-heal|p1a: Broken Vessel|71/100|[from] drain|[of] p2a: Ting-Lu
|move|p2a: Ting-Lu|Ruination|p1a: Broken Vessel
|-damage|p1a: Broken Vessel|36/100
|
|-heal|p2a: Ting-Lu|15/100|[from] item: Leftovers
|upkeep
|turn|28
|
|t:|1760801077
|move|p1a: Broken Vessel|Iron Defense|p1a: Broken Vessel
|-boost|p1a: Broken Vessel|def|2
|move|p2a: Ting-Lu|Ruination|p1a: Broken Vessel
|-damage|p1a: Broken Vessel|18/100
|
|-heal|p2a: Ting-Lu|21/100|[from] item: Leftovers
|upkeep
|turn|29
|
|t:|1760801089
|move|p1a: Broken Vessel|Iron Defense|p1a: Broken Vessel
|-boost|p1a: Broken Vessel|def|2
|move|p2a: Ting-Lu|Whirlwind|p1a: Broken Vessel
|drag|p1a: Fat Body|Clodsire, M, shiny|94/100 brn
|-damage|p1a: Fat Body|88/100 brn|[from] Stealth Rock
|-damage|p1a: Fat Body|76/100 brn|[from] Spikes
|
|-heal|p2a: Ting-Lu|27/100|[from] item: Leftovers
|-heal|p1a: Fat Body|82/100 brn|[from] item: Leftovers
|-damage|p1a: Fat Body|76/100 brn|[from] brn
|upkeep
|turn|30
|
|t:|1760801106
|move|p1a: Fat Body|Toxic|p2a: Ting-Lu
|-status|p2a: Ting-Lu|tox
|move|p2a: Ting-Lu|Whirlwind|p1a: Fat Body
|drag|p1a: Broken Vessel|Sinistcha, shiny|18/100
|
|-heal|p2a: Ting-Lu|34/100 tox|[from] item: Leftovers
|-damage|p2a: Ting-Lu|27/100 tox|[from] psn
|upkeep
|turn|31
|
|t:|1760801114
|move|p1a: Broken Vessel|Iron Defense|p1a: Broken Vessel
|-boost|p1a: Broken Vessel|def|2
|move|p2a: Ting-Lu|Whirlwind|p1a: Broken Vessel
|drag|p1a: Fat Body|Clodsire, M, shiny|76/100 brn
|-damage|p1a: Fat Body|70/100 brn|[from] Stealth Rock
|-damage|p1a: Fat Body|57/100 brn|[from] Spikes
|
|-heal|p2a: Ting-Lu|34/100 tox|[from] item: Leftovers
|-heal|p1a: Fat Body|63/100 brn|[from] item: Leftovers
|-damage|p2a: Ting-Lu|21/100 tox|[from] psn
|-damage|p1a: Fat Body|57/100 brn|[from] brn
|upkeep
|turn|32
|
|t:|1760801128
|move|p2a: Ting-Lu|Spikes|p1a: Fat Body
|-sidestart|p1: powerfull_rock|Spikes
|move|p1a: Fat Body|Recover|p1a: Fat Body
|-heal|p1a: Fat Body|100/100 brn
|
|-heal|p2a: Ting-Lu|27/100 tox|[from] item: Leftovers
|-damage|p2a: Ting-Lu|9/100 tox|[from] psn
|-damage|p1a: Fat Body|94/100 brn|[from] brn
|upkeep
|turn|33
|
|t:|1760801137
|move|p2a: Ting-Lu|Spikes|p1a: Fat Body
|-sidestart|p1: powerfull_rock|Spikes
|move|p1a: Fat Body|Recover|p1a: Fat Body
|-heal|p1a: Fat Body|100/100 brn
|
|-heal|p2a: Ting-Lu|15/100 tox|[from] item: Leftovers
|-damage|p2a: Ting-Lu|0 fnt|[from] psn
|faint|p2a: Ting-Lu
|-damage|p1a: Fat Body|94/100 brn|[from] brn
|upkeep
|
|t:|1760801141
|switch|p2a: Iron Boulder|Iron Boulder|76/100
|-damage|p2a: Iron Boulder|63/100|[from] Spikes
|-damage|p2a: Iron Boulder|51/100|[from] Stealth Rock
|turn|34
|
|t:|1760801144
|-terastallize|p2a: Iron Boulder|Flying
|move|p2a: Iron Boulder|Substitute|p2a: Iron Boulder
|-start|p2a: Iron Boulder|Substitute
|-damage|p2a: Iron Boulder|26/100
|move|p1a: Fat Body|Earthquake|p2a: Iron Boulder
|-immune|p2a: Iron Boulder
|
|-heal|p1a: Fat Body|100/100 brn|[from] item: Leftovers
|-damage|p1a: Fat Body|94/100 brn|[from] brn
|upkeep
|turn|35
|
|t:|1760801156
|move|p2a: Iron Boulder|Swords Dance|p2a: Iron Boulder
|-boost|p2a: Iron Boulder|atk|2
|move|p1a: Fat Body|Recover|p1a: Fat Body
|-heal|p1a: Fat Body|100/100 brn
|
|-damage|p1a: Fat Body|94/100 brn|[from] brn
|upkeep
|turn|36
|
|t:|1760801161
|switch|p1a: Broken Vessel|Sinistcha, shiny|18/100
|move|p2a: Iron Boulder|Swords Dance|p2a: Iron Boulder
|-boost|p2a: Iron Boulder|atk|2
|
|upkeep
|turn|37
|
|t:|1760801164
|move|p2a: Iron Boulder|Mighty Cleave|p1a: Broken Vessel
|-damage|p1a: Broken Vessel|0 fnt
|faint|p1a: Broken Vessel
|
|upkeep
|
|t:|1760801166
|switch|p1a: Fat Body|Clodsire, M, shiny|94/100 brn
|-damage|p1a: Fat Body|88/100 brn|[from] Stealth Rock
|-damage|p1a: Fat Body|63/100 brn|[from] Spikes
|turn|38
|
|t:|1760801172
|move|p2a: Iron Boulder|Swords Dance|p2a: Iron Boulder
|-boost|p2a: Iron Boulder|atk|2
|move|p1a: Fat Body|Recover|p1a: Fat Body
|-heal|p1a: Fat Body|100/100 brn
|
|-damage|p1a: Fat Body|94/100 brn|[from] brn
|upkeep
|turn|39
|
|t:|1760801174
|move|p2a: Iron Boulder|Earthquake|p1a: Fat Body
|-supereffective|p1a: Fat Body
|-damage|p1a: Fat Body|0 fnt
|faint|p1a: Fat Body
|
|upkeep
|
|t:|1760801176
|switch|p1a: Clean Edge|Ceruledge, F|70/100
|turn|40
|
|t:|1760801181
|-terastallize|p1a: Clean Edge|Bug
|move|p1a: Clean Edge|Shadow Sneak|p2a: Iron Boulder
|-activate|p2a: Iron Boulder|move: Substitute|[damage]
|move|p2a: Iron Boulder|Mighty Cleave|p1a: Clean Edge
|-supereffective|p1a: Clean Edge
|-damage|p1a: Clean Edge|0 fnt
|faint|p1a: Clean Edge
|
|win|Rabzzz
|raw|powerfull_rock's rating: 1746 &rarr; <strong>1727</strong><br />(-19 for losing)
|raw|Rabzzz's rating: 1759 &rarr; <strong>1778</strong><br />(+19 for winning)
|c|☆Rabzzz|gg
|l|☆powerfull_rock
|player|p1|
|l|☆Rabzzz
|player|p2|
