|j|☆HZBKAI
|j|☆tubfrog
|t:|1760850505
|gametype|singles
|player|p1|HZBKAI|266|1155
|player|p2|tubfrog|102|1232
|gen|9
|tier|[Gen 9] OU
|rated|
|rule|HP Percentage Mod: HP is shown in percentages
|rule|Endless Battle Clause: Forcing endless battles is banned
|rule|Species Clause: Limit one of each Pokémon
|rule|OHKO Clause: OHKO moves are banned
|rule|Evasion Items Clause: Evasion items are banned
|rule|Evasion Moves Clause: Evasion moves are banned
|rule|Evasion Abilities Clause: Evasion abilities are banned
|rule|Sleep Moves Clause: Sleep-inducing moves are banned
|clearpoke
|poke|p1|Ceruledge, F|
|poke|p1|Kyurem|
|poke|p1|Manaphy|
|poke|p1|Metagross|
|poke|p1|Okidogi, M|
|poke|p1|Zoroark-Hisui, F|
|poke|p2|Great Tusk|
|poke|p2|Dragonite, F|
|poke|p2|Walking Wake|
|poke|p2|Hatterene, F|
|poke|p2|Raging Bolt|
|poke|p2|Ninetales, F|
|teampreview
|
|t:|1760850543
|teamsize|p1|6
|teamsize|p2|6
|start
|switch|p1a: Okidogi|Okidogi, M|100/100
|switch|p2a: Ninetales|Ninetales, F|100/100
|-weather|SunnyDay|[from] ability: Drought|[of] p2a: Ninetales
|turn|1
|inactive|Battle timer is ON: inactive players will automatically lose when time's up. (requested by HZBKAI)
|
|t:|1760850569
|switch|p2a: Hatterene|Hatterene, F|100/100
|move|p1a: Okidogi|Drain Punch|p2a: Hatterene
|-resisted|p2a: Hatterene
|-damage|p2a: Hatterene|92/100
|-enditem|p2a: Hatterene|Eject Button
|
|t:|1760850584
|switch|p2a: Walking Wake|Walking Wake|100/100
|-activate|p2a: Walking Wake|ability: Protosynthesis
|-start|p2a: Walking Wake|protosynthesisspe
|
|-weather|SunnyDay|[upkeep]
|upkeep
|turn|2
|
|t:|1760850587
|move|p2a: Walking Wake|Hydro Steam|p1a: Okidogi
|-damage|p1a: Okidogi|31/100
|move|p1a: Okidogi|Drain Punch|p2a: Walking Wake
|-damage|p2a: Walking Wake|63/100
|-heal|p1a: Okidogi|47/100|[from] drain|[of] p2a: Walking Wake
|
|-weather|SunnyDay|[upkeep]
|-heal|p1a: Okidogi|53/100|[from] item: Leftovers
|upkeep
|turn|3
|
|t:|1760850593
|move|p2a: Walking Wake|Hydro Steam|p1a: Okidogi
|-damage|p1a: Okidogi|0 fnt
|faint|p1a: Okidogi
|
|-weather|SunnyDay|[upkeep]
|upkeep
|
|t:|1760850593
|switch|p1a: Metagross|Metagross|100/100
|turn|4
|
|t:|1760850598
|-terastallize|p2a: Walking Wake|Water
|move|p2a: Walking Wake|Hydro Steam|p1a: Metagross
|-damage|p1a: Metagross|0 fnt
|faint|p1a: Metagross
|
|-weather|SunnyDay|[upkeep]
|upkeep
|
|t:|1760850598
|switch|p1a: Ceruledge|Ceruledge, F|100/100
|turn|5
|
|t:|1760850604
|move|p2a: Walking Wake|Hydro Steam|p1a: Ceruledge
|-supereffective|p1a: Ceruledge
|-enditem|p1a: Ceruledge|Focus Sash
|-damage|p1a: Ceruledge|1/100
|move|p1a: Ceruledge|Poltergeist|p2a: Walking Wake
|-activate|p2a: Walking Wake|move: Poltergeist|Choice Specs
|-damage|p2a: Walking Wake|7/100
|
|-weather|SunnyDay|[upkeep]
|upkeep
|turn|6
|
|t:|1760850611
|move|p2a: Walking Wake|Hydro Steam|p1a: Ceruledge
|-supereffective|p1a: Ceruledge
|-damage|p1a: Ceruledge|0 fnt
|faint|p1a: Ceruledge
|
|-weather|SunnyDay|[upkeep]
|upkeep
|
|t:|1760850611
|switch|p1a: Manaphy|Manaphy|100/100
|turn|7
|
|t:|1760850615
|-end|p2a: Walking Wake|Protosynthesis|[silent]
|switch|p2a: Hatterene|Hatterene, F|92/100
|move|p1a: Manaphy|Shadow Ball|p2a: Hatterene
|-supereffective|p2a: Hatterene
|-damage|p2a: Hatterene|35/100
|-unboost|p2a: Hatterene|spd|1
|
|-weather|SunnyDay|[upkeep]
|upkeep
|turn|8
|
|t:|1760850621
|move|p1a: Manaphy|Shadow Ball|p2a: Hatterene
|-supereffective|p2a: Hatterene
|-damage|p2a: Hatterene|0 fnt
|faint|p2a: Hatterene
|
|-weather|none
|upkeep
|
|t:|1760850623
|switch|p2a: Ninetales|Ninetales, F|100/100
|-weather|SunnyDay|[from] ability: Drought|[of] p2a: Ninetales
|turn|9
|
|t:|1760850634
|move|p1a: Manaphy|Shadow Ball|p2a: Ninetales
|-damage|p2a: Ninetales|73/100
|move|p2a: Ninetales|Overheat|p1a: Manaphy|[miss]
|-miss|p2a: Ninetales|p1a: Manaphy
|
|-weather|SunnyDay|[upkeep]
|upkeep
|turn|10
|
|t:|1760850643
|move|p1a: Manaphy|Shadow Ball|p2a: Ninetales
|-damage|p2a: Ninetales|43/100
|move|p2a: Ninetales|Overheat|p1a: Manaphy|[miss]
|-miss|p2a: Ninetales|p1a: Manaphy
|
|-weather|SunnyDay|[upkeep]
|upkeep
|turn|11
|
|t:|1760850664
|switch|p2a: Dragonite|Dragonite, F|100/100
|move|p1a: Manaphy|Shadow Ball|p2a: Dragonite
|-damage|p2a: Dragonite|81/100
|
|-weather|SunnyDay|[upkeep]
|upkeep
|turn|12
|
|t:|1760850669
|move|p1a: Manaphy|Shadow Ball|p2a: Dragonite
|-damage|p2a: Dragonite|39/100
|move|p2a: Dragonite|Dragon Dance|p2a: Dragonite
|-boost|p2a: Dragonite|atk|1
|-boost|p2a: Dragonite|spe|1
|
|-weather|SunnyDay|[upkeep]
|upkeep
|turn|13
|
|t:|1760850672
|move|p2a: Dragonite|Roost|p2a: Dragonite
|-heal|p2a: Dragonite|89/100
|-singleturn|p2a: Dragonite|move: Roost
|move|p1a: Manaphy|Shadow Ball|p2a: Dragonite
|-damage|p2a: Dragonite|46/100
|-unboost|p2a: Dragonite|spd|1
|
|-weather|SunnyDay|[upkeep]
|upkeep
|turn|14
|
|t:|1760850674
|move|p2a: Dragonite|Roost|p2a: Dragonite
|-heal|p2a: Dragonite|96/100
|-singleturn|p2a: Dragonite|move: Roost
|move|p1a: Manaphy|Shadow Ball|p2a: Dragonite
|-damage|p2a: Dragonite|36/100
|-unboost|p2a: Dragonite|spd|1
|
|-weather|SunnyDay|[upkeep]
|upkeep
|turn|15
|
|t:|1760850689
|move|p2a: Dragonite|Roost|p2a: Dragonite
|-heal|p2a: Dragonite|86/100
|-singleturn|p2a: Dragonite|move: Roost
|move|p1a: Manaphy|Shadow Ball|p2a: Dragonite
|-crit|p2a: Dragonite
|-damage|p2a: Dragonite|0 fnt
|faint|p2a: Dragonite
|
|-weather|SunnyDay|[upkeep]
|upkeep
|
|t:|1760850707
|switch|p2a: Raging Bolt|Raging Bolt|100/100
|-item|p2a: Raging Bolt|Air Balloon
|-activate|p2a: Raging Bolt|ability: Protosynthesis
|-start|p2a: Raging Bolt|protosynthesisspa
|turn|16
|
|t:|1760850712
|move|p2a: Raging Bolt|Thunderclap|p1a: Manaphy
|-damage|p1a: Manaphy|0 fnt
|replace|p1a: Zoroark|Zoroark-Hisui, F
|-end|p1a: Zoroark|Illusion
|faint|p1a: Zoroark
|
|-weather|none
|-end|p2a: Raging Bolt|Protosynthesis
|upkeep
|
|t:|1760850712
|switch|p1a: Kyurem|Kyurem|100/100
|-ability|p1a: Kyurem|Pressure
|turn|17
|
|t:|1760850717
|move|p1a: Kyurem|Icicle Spear|p2a: Raging Bolt
|-supereffective|p2a: Raging Bolt
|-crit|p2a: Raging Bolt
|-damage|p2a: Raging Bolt|70/100
|-enditem|p2a: Raging Bolt|Air Balloon
|-supereffective|p2a: Raging Bolt
|-damage|p2a: Raging Bolt|49/100
|-supereffective|p2a: Raging Bolt
|-crit|p2a: Raging Bolt
|-damage|p2a: Raging Bolt|15/100
|-supereffective|p2a: Raging Bolt
|-damage|p2a: Raging Bolt|0 fnt
|faint|p2a: Raging Bolt
|-end|p2a: Raging Bolt|Protosynthesis|[silent]
|-hitcount|p2: Raging Bolt|4
|
|upkeep
|
|t:|1760850730
|switch|p2a: Ninetales|Ninetales, F|43/100
|-weather|SunnyDay|[from] ability: Drought|[of] p2a: Ninetales
|turn|18
|
|t:|1760850735
|move|p1a: Kyurem|Tera Blast|p2a: Ninetales
|-crit|p2a: Ninetales
|-damage|p2a: Ninetales|20/100
|move|p2a: Ninetales|Healing Wish|p2a: Ninetales
|faint|p2a: Ninetales
|
|-weather|SunnyDay|[upkeep]
|upkeep
|
|t:|1760850741
|switch|p2a: Walking Wake|Walking Wake, tera:Water|7/100
|-heal|p2a: Walking Wake|100/100|[from] move: Healing Wish
|-activate|p2a: Walking Wake|ability: Protosynthesis
|-start|p2a: Walking Wake|protosynthesisspe
|turn|19
|
|t:|1760850744
|move|p2a: Walking Wake|Dragon Pulse|p1a: Kyurem
|-supereffective|p1a: Kyurem
|-damage|p1a: Kyurem|0 fnt
|faint|p1a: Kyurem
|
|-weather|SunnyDay|[upkeep]
|upkeep
|
|t:|1760850744
|switch|p1a: Manaphy|Manaphy|100/100
|turn|20
|
|t:|1760850747
|move|p2a: Walking Wake|Dragon Pulse|p1a: Manaphy
|-damage|p1a: Manaphy|41/100
|move|p1a: Manaphy|Alluring Voice|p2a: Walking Wake
|-damage|p2a: Walking Wake|71/100
|
|-weather|SunnyDay|[upkeep]
|-heal|p1a: Manaphy|47/100|[from] item: Leftovers
|upkeep
|turn|21
|
|t:|1760850751
|move|p2a: Walking Wake|Dragon Pulse|p1a: Manaphy
|-damage|p1a: Manaphy|0 fnt
|faint|p1a: Manaphy
|
|win|tubfrog
|raw|HZBKAI's rating: 1155 &rarr; <strong>1135</strong><br />(-20 for losing)
|raw|tubfrog's rating: 1232 &rarr; <strong>1252</strong><br />(+20 for winning)
|n|☆HZBKAI|hzbkai
|l|☆tubfrog
|player|p2|
|n|☆HZBKAI|hzbkai
