|j|☆ZeisePuiles
|j|☆ScryMagma
|t:|1760880191
|gametype|singles
|player|p1|ZeisePuiles|cynthia-gen4|1169
|player|p2|ScryMagma|170|1144
|gen|9
|tier|[Gen 9] OU
|rated|
|rule|HP Percentage Mod: HP is shown in percentages
|rule|Endless Battle Clause: Forcing endless battles is banned
|rule|Species Clause: Limit one of each Pokémon
|rule|OHKO Clause: OHKO moves are banned
|rule|Evasion Items Clause: Evasion items are banned
|rule|Evasion Moves Clause: Evasion moves are banned
|rule|Evasion Abilities Clause: Evasion abilities are banned
|rule|Sleep Moves Clause: Sleep-inducing moves are banned
|clearpoke
|poke|p1|Glastrier|
|poke|p1|Politoed, M|
|poke|p1|Basculegion, M|
|poke|p1|Duraludon, F|
|poke|p1|Thundurus, M|
|poke|p1|Arcanine-Hisui, F|
|poke|p2|Salamence, M|
|poke|p2|Gyarados, M|
|poke|p2|Kyurem|
|poke|p2|Goodra-Hisui, F|
|poke|p2|Primarina, M|
|poke|p2|Ting-Lu|
|teampreview
|inactive|Battle timer is ON: inactive players will automatically lose when time's up. (requested by ZeisePuiles)
|
|t:|1760880195
|teamsize|p1|6
|teamsize|p2|6
|start
|switch|p1a: Glastrier|Glastrier|100/100
|switch|p2a: Goodra|Goodra-Hisui, F|100/100
|turn|1
|
|t:|1760880201
|-terastallize|p2a: Goodra|Water
|move|p2a: Goodra|Flamethrower|p1a: Glastrier
|-supereffective|p1a: Glastrier
|-damage|p1a: Glastrier|60/100
|move|p1a: Glastrier|Curse|p1a: Glastrier
|-unboost|p1a: Glastrier|spe|1
|-boost|p1a: Glastrier|atk|1
|-boost|p1a: Glastrier|def|1
|
|-heal|p1a: Glastrier|67/100|[from] item: Leftovers
|upkeep
|turn|2
|
|t:|1760880207
|switch|p1a: Politoed|Politoed, M|100/100
|-weather|RainDance|[from] ability: Drizzle|[of] p1a: Politoed
|move|p2a: Goodra|Flamethrower|p1a: Politoed
|-resisted|p1a: Politoed
|-damage|p1a: Politoed|94/100
|
|-weather|RainDance|[upkeep]
|upkeep
|turn|3
|
|t:|1760880215
|switch|p1a: Thundurus|Thundurus, M|100/100
|move|p2a: Goodra|Thunderbolt|p1a: Thundurus
|-damage|p1a: Thundurus|61/100
|
|-weather|RainDance|[upkeep]
|upkeep
|turn|4
|
|t:|1760880223
|switch|p2a: Ting-Lu|Ting-Lu|100/100
|-ability|p2a: Ting-Lu|Vessel of Ruin
|move|p1a: Thundurus|Thunder|p2a: Ting-Lu
|-immune|p2a: Ting-Lu
|
|-weather|RainDance|[upkeep]
|upkeep
|turn|5
|
|t:|1760880234
|switch|p1a: Basculegion|Basculegion, M|100/100
|move|p2a: Ting-Lu|Heavy Slam|p1a: Basculegion
|-resisted|p1a: Basculegion
|-damage|p1a: Basculegion|82/100
|
|-weather|RainDance|[upkeep]
|upkeep
|turn|6
|
|t:|1760880251
|switch|p2a: Kyurem|Kyurem, shiny|100/100
|-ability|p2a: Kyurem|Pressure
|move|p1a: Basculegion|Flip Turn|p2a: Kyurem
|-resisted|p2a: Kyurem
|-damage|p2a: Kyurem|78/100
|
|t:|1760880267
|switch|p1a: Glastrier|Glastrier|67/100|[from] Flip Turn
|
|-weather|none
|-heal|p1a: Glastrier|73/100|[from] item: Leftovers
|upkeep
|turn|7
|
|t:|1760880272
|move|p2a: Kyurem|Flash Cannon|p1a: Glastrier
|-supereffective|p1a: Glastrier
|-damage|p1a: Glastrier|34/100
|move|p1a: Glastrier|Curse|p1a: Glastrier
|-unboost|p1a: Glastrier|spe|1
|-boost|p1a: Glastrier|atk|1
|-boost|p1a: Glastrier|def|1
|
|-heal|p1a: Glastrier|40/100|[from] item: Leftovers
|upkeep
|turn|8
|
|t:|1760880281
|move|p2a: Kyurem|Flash Cannon|p1a: Glastrier
|-supereffective|p1a: Glastrier
|-damage|p1a: Glastrier|1/100
|move|p1a: Glastrier|Close Combat|p2a: Kyurem
|-supereffective|p2a: Kyurem
|-damage|p2a: Kyurem|0 fnt
|-unboost|p1a: Glastrier|def|1
|-unboost|p1a: Glastrier|spd|1
|faint|p2a: Kyurem
|-ability|p1a: Glastrier|Chilling Neigh|boost
|-boost|p1a: Glastrier|atk|1
|
|-heal|p1a: Glastrier|7/100|[from] item: Leftovers
|upkeep
|
|t:|1760880288
|switch|p2a: Gyarados|Gyarados, M|100/100
|turn|9
|
|t:|1760880297
|switch|p1a: Politoed|Politoed, M|94/100
|-weather|RainDance|[from] ability: Drizzle|[of] p1a: Politoed
|move|p2a: Gyarados|Temper Flare|p1a: Politoed
|-resisted|p1a: Politoed
|-damage|p1a: Politoed|88/100
|-damage|p2a: Gyarados|84/100|[from] item: Rocky Helmet|[of] p1a: Politoed
|
|-weather|RainDance|[upkeep]
|upkeep
|turn|10
|
|t:|1760880310
|switch|p2a: Goodra|Goodra-Hisui, F, tera:Water|100/100
|switch|p1a: Thundurus|Thundurus, M|61/100
|
|-weather|RainDance|[upkeep]
|upkeep
|turn|11
|
|t:|1760880321
|switch|p1a: Basculegion|Basculegion, M|82/100
|move|p2a: Goodra|Ice Beam|p1a: Basculegion
|-resisted|p1a: Basculegion
|-damage|p1a: Basculegion|66/100
|
|-weather|RainDance|[upkeep]
|upkeep
|turn|12
|
|t:|1760880326
|move|p1a: Basculegion|Flip Turn|p2a: Goodra
|-resisted|p2a: Goodra
|-damage|p2a: Goodra|67/100
|-ability|p2a: Goodra|Gooey
|-unboost|p1a: Basculegion|spe|1
|
|t:|1760880332
|switch|p1a: Thundurus|Thundurus, M|61/100|[from] Flip Turn
|move|p2a: Goodra|Thunderbolt|p1a: Thundurus
|-damage|p1a: Thundurus|20/100
|
|-weather|RainDance|[upkeep]
|upkeep
|turn|13
|
|t:|1760880337
|move|p1a: Thundurus|Thunder|p2a: Goodra
|-supereffective|p2a: Goodra
|-damage|p2a: Goodra|0 fnt
|faint|p2a: Goodra
|-damage|p1a: Thundurus|10/100|[from] item: Life Orb
|
|-weather|none
|upkeep
|
|t:|1760880345
|switch|p2a: Salamence|Salamence, M|100/100
|turn|14
|
|t:|1760880360
|switch|p1a: Politoed|Politoed, M|88/100
|-weather|RainDance|[from] ability: Drizzle|[of] p1a: Politoed
|move|p2a: Salamence|Dragon Dance|p2a: Salamence
|-boost|p2a: Salamence|atk|1
|-boost|p2a: Salamence|spe|1
|
|-weather|RainDance|[upkeep]
|upkeep
|turn|15
|
|t:|1760880364
|move|p2a: Salamence|Dragon Claw|p1a: Politoed
|-damage|p1a: Politoed|28/100
|-damage|p2a: Salamence|84/100|[from] item: Rocky Helmet|[of] p1a: Politoed
|move|p1a: Politoed|Encore|p2a: Salamence
|-start|p2a: Salamence|Encore
|
|-weather|RainDance|[upkeep]
|upkeep
|turn|16
|
|t:|1760880382
|switch|p1a: Duraludon|Duraludon, F|100/100
|move|p2a: Salamence|Dragon Claw|p1a: Duraludon
|-damage|p1a: Duraludon|63/100
|
|-weather|RainDance|[upkeep]
|upkeep
|turn|17
|
|t:|1760880397
|switch|p2a: Ting-Lu|Ting-Lu|100/100
|-ability|p2a: Ting-Lu|Vessel of Ruin
|move|p1a: Duraludon|Dragon Tail|p2a: Ting-Lu
|-crit|p2a: Ting-Lu
|-damage|p2a: Ting-Lu|86/100
|drag|p2a: Primarina|Primarina, M|100/100
|
|-weather|RainDance|[upkeep]
|upkeep
|turn|18
|
|t:|1760880407
|move|p1a: Duraludon|Stealth Rock|p2a: Primarina
|-sidestart|p2: ScryMagma|move: Stealth Rock
|move|p2a: Primarina|Draining Kiss|p1a: Duraludon
|-damage|p1a: Duraludon|41/100
|
|-weather|none
|upkeep
|turn|19
|
|t:|1760880414
|move|p1a: Duraludon|Thunder Wave|p2a: Primarina
|-status|p2a: Primarina|par
|cant|p2a: Primarina|par
|
|upkeep
|turn|20
|
|t:|1760880425
|switch|p1a: Politoed|Politoed, M|28/100
|-weather|RainDance|[from] ability: Drizzle|[of] p1a: Politoed
|move|p2a: Primarina|Draining Kiss|p1a: Politoed
|-damage|p1a: Politoed|8/100
|-damage|p2a: Primarina|84/100 par|[from] item: Rocky Helmet|[of] p1a: Politoed
|
|-weather|RainDance|[upkeep]
|upkeep
|turn|21
|
|t:|1760880436
|move|p1a: Politoed|Hydro Pump|p2a: Primarina|[miss]
|-miss|p1a: Politoed|p2a: Primarina
|cant|p2a: Primarina|par
|
|-weather|RainDance|[upkeep]
|upkeep
|turn|22
|
|t:|1760880438
|move|p1a: Politoed|Hydro Pump|p2a: Primarina
|-resisted|p2a: Primarina
|-damage|p2a: Primarina|66/100 par
|cant|p2a: Primarina|par
|
|-weather|RainDance|[upkeep]
|upkeep
|turn|23
|
|t:|1760880441
|move|p1a: Politoed|Hydro Pump|p2a: Primarina
|-resisted|p2a: Primarina
|-damage|p2a: Primarina|48/100 par
|move|p2a: Primarina|Psychic|p1a: Politoed
|-damage|p1a: Politoed|0 fnt
|faint|p1a: Politoed
|
|-weather|RainDance|[upkeep]
|upkeep
|
|t:|1760880442
|switch|p1a: Thundurus|Thundurus, M|10/100
|turn|24
|
|t:|1760880446
|switch|p2a: Ting-Lu|Ting-Lu|86/100
|-damage|p2a: Ting-Lu|80/100|[from] Stealth Rock
|-ability|p2a: Ting-Lu|Vessel of Ruin
|move|p1a: Thundurus|Thunder|p2a: Ting-Lu
|-immune|p2a: Ting-Lu
|
|-weather|none
|upkeep
|turn|25
|
|t:|1760880451
|switch|p1a: Basculegion|Basculegion, M|66/100
|move|p2a: Ting-Lu|Lash Out|p1a: Basculegion
|-supereffective|p1a: Basculegion
|-damage|p1a: Basculegion|0 fnt
|faint|p1a: Basculegion
|
|upkeep
|
|t:|1760880455
|switch|p1a: Arcanine|Arcanine-Hisui, F|100/100
|-ability|p1a: Arcanine|Intimidate|boost
|-unboost|p2a: Ting-Lu|atk|1
|turn|26
|
|t:|1760880460
|move|p1a: Arcanine|Will-O-Wisp|p2a: Ting-Lu
|-status|p2a: Ting-Lu|brn
|move|p2a: Ting-Lu|Earthquake|p1a: Arcanine
|-supereffective|p1a: Arcanine
|-damage|p1a: Arcanine|43/100
|
|-heal|p1a: Arcanine|49/100|[from] item: Leftovers
|-damage|p2a: Ting-Lu|74/100 brn|[from] brn
|upkeep
|turn|27
|
|t:|1760880468
|move|p1a: Arcanine|Morning Sun|p1a: Arcanine
|-heal|p1a: Arcanine|99/100
|move|p2a: Ting-Lu|Earthquake|p1a: Arcanine
|-supereffective|p1a: Arcanine
|-damage|p1a: Arcanine|42/100
|
|-heal|p1a: Arcanine|48/100|[from] item: Leftovers
|-damage|p2a: Ting-Lu|67/100 brn|[from] brn
|upkeep
|turn|28
|
|t:|1760880474
|move|p1a: Arcanine|Morning Sun|p1a: Arcanine
|-heal|p1a: Arcanine|98/100
|move|p2a: Ting-Lu|Earthquake|p1a: Arcanine
|-supereffective|p1a: Arcanine
|-damage|p1a: Arcanine|42/100
|
|-heal|p1a: Arcanine|48/100|[from] item: Leftovers
|-damage|p2a: Ting-Lu|61/100 brn|[from] brn
|upkeep
|turn|29
|
|t:|1760880484
|-terastallize|p1a: Arcanine|Grass
|move|p1a: Arcanine|Morning Sun|p1a: Arcanine
|-heal|p1a: Arcanine|98/100
|move|p2a: Ting-Lu|Earthquake|p1a: Arcanine
|-resisted|p1a: Arcanine
|-crit|p1a: Arcanine
|-damage|p1a: Arcanine|83/100
|
|-heal|p1a: Arcanine|89/100|[from] item: Leftovers
|-damage|p2a: Ting-Lu|55/100 brn|[from] brn
|upkeep
|turn|30
|
|t:|1760880492
|move|p1a: Arcanine|Stone Edge|p2a: Ting-Lu
|-resisted|p2a: Ting-Lu
|-damage|p2a: Ting-Lu|42/100 brn
|move|p2a: Ting-Lu|Lash Out|p1a: Arcanine
|-damage|p1a: Arcanine|79/100
|
|-heal|p1a: Arcanine|86/100|[from] item: Leftovers
|-damage|p2a: Ting-Lu|35/100 brn|[from] brn
|upkeep
|turn|31
|
|t:|1760880494
|move|p1a: Arcanine|Stone Edge|p2a: Ting-Lu
|-resisted|p2a: Ting-Lu
|-damage|p2a: Ting-Lu|21/100 brn
|move|p2a: Ting-Lu|Lash Out|p1a: Arcanine
|-crit|p1a: Arcanine
|-damage|p1a: Arcanine|60/100
|
|-heal|p1a: Arcanine|66/100|[from] item: Leftovers
|-damage|p2a: Ting-Lu|14/100 brn|[from] brn
|upkeep
|turn|32
|
|t:|1760880503
|move|p1a: Arcanine|Morning Sun|p1a: Arcanine
|-heal|p1a: Arcanine|100/100
|move|p2a: Ting-Lu|Heavy Slam|p1a: Arcanine
|-damage|p1a: Arcanine|91/100
|
|-heal|p1a: Arcanine|97/100|[from] item: Leftovers
|-damage|p2a: Ting-Lu|8/100 brn|[from] brn
|upkeep
|turn|33
|
|t:|1760880507
|move|p1a: Arcanine|Stone Edge|p2a: Ting-Lu
|-resisted|p2a: Ting-Lu
|-damage|p2a: Ting-Lu|0 fnt
|faint|p2a: Ting-Lu
|
|-heal|p1a: Arcanine|100/100|[from] item: Leftovers
|upkeep
|
|t:|1760880513
|switch|p2a: Salamence|Salamence, M|84/100
|-damage|p2a: Salamence|59/100|[from] Stealth Rock
|turn|34
|
|t:|1760880521
|move|p2a: Salamence|Dragon Claw|p1a: Arcanine
|-damage|p1a: Arcanine|59/100
|move|p1a: Arcanine|Will-O-Wisp|p2a: Salamence|[miss]
|-miss|p1a: Arcanine|p2a: Salamence
|
|-heal|p1a: Arcanine|65/100|[from] item: Leftovers
|upkeep
|turn|35
|
|t:|1760880524
|move|p2a: Salamence|Dragon Claw|p1a: Arcanine
|-damage|p1a: Arcanine|27/100
|move|p1a: Arcanine|Will-O-Wisp|p2a: Salamence
|-status|p2a: Salamence|brn
|
|-heal|p1a: Arcanine|33/100|[from] item: Leftovers
|-damage|p2a: Salamence|53/100 brn|[from] brn
|upkeep
|turn|36
|
|t:|1760880531
|switch|p2a: Gyarados|Gyarados, M|84/100
|-damage|p2a: Gyarados|59/100|[from] Stealth Rock
|move|p1a: Arcanine|Morning Sun|p1a: Arcanine
|-heal|p1a: Arcanine|83/100
|
|-heal|p1a: Arcanine|89/100|[from] item: Leftovers
|upkeep
|turn|37
|
|t:|1760880540
|move|p2a: Gyarados|Temper Flare|p1a: Arcanine
|-supereffective|p1a: Arcanine
|-damage|p1a: Arcanine|34/100
|move|p1a: Arcanine|Will-O-Wisp|p2a: Gyarados
|-status|p2a: Gyarados|brn
|
|-heal|p1a: Arcanine|40/100|[from] item: Leftovers
|-damage|p2a: Gyarados|53/100 brn|[from] brn
|upkeep
|turn|38
|
|t:|1760880548
|move|p2a: Gyarados|Temper Flare|p1a: Arcanine
|-supereffective|p1a: Arcanine
|-damage|p1a: Arcanine|17/100
|move|p1a: Arcanine|Morning Sun|p1a: Arcanine
|-heal|p1a: Arcanine|67/100
|
|-heal|p1a: Arcanine|73/100|[from] item: Leftovers
|-damage|p2a: Gyarados|47/100 brn|[from] brn
|upkeep
|turn|39
|-message|ScryMagma forfeited.
|
|win|ZeisePuiles
|raw|ZeisePuiles's rating: 1169 &rarr; <strong>1192</strong><br />(+23 for winning)
|raw|ScryMagma's rating: 1144 &rarr; <strong>1121</strong><br />(-23 for losing)
|l|☆ScryMagma
|player|p2|
|l|☆ZeisePuiles
|player|p1|
