|j|☆praveenkumart236
|j|☆EdgarproUranium
|t:|1760879419
|gametype|singles
|player|p1|praveenkumart236|2|1442
|player|p2|EdgarproUranium|parasollady|1514
|gen|9
|tier|[Gen 9] OU
|rated|
|rule|HP Percentage Mod: HP is shown in percentages
|rule|Endless Battle Clause: Forcing endless battles is banned
|rule|Species Clause: Limit one of each Pokémon
|rule|OHKO Clause: OHKO moves are banned
|rule|Evasion Items Clause: Evasion items are banned
|rule|Evasion Moves Clause: Evasion moves are banned
|rule|Evasion Abilities Clause: Evasion abilities are banned
|rule|Sleep Moves Clause: Sleep-inducing moves are banned
|clearpoke
|poke|p1|Iron Treads|
|poke|p1|Darkrai|
|poke|p1|Sylveon, F|
|poke|p1|Slowking, M|
|poke|p1|Meowscarada, F|
|poke|p1|Garchomp, M|
|poke|p2|Lilligant-Hisui, F|
|poke|p2|Iron Crown|
|poke|p2|Alomomola, F|
|poke|p2|Glimmora, M|
|poke|p2|Weavile, M|
|poke|p2|Heatran, M|
|teampreview
|inactive|Battle timer is ON: inactive players will automatically lose when time's up. (requested by praveenkumart236)
|
|t:|1760879449
|teamsize|p1|6
|teamsize|p2|6
|start
|switch|p1a: Garchomp|Garchomp, M|100/100
|switch|p2a: Lilligant|Lilligant-Hisui, F|100/100
|turn|1
|inactive|praveenkumart236 has 120 seconds left.
|
|t:|1760879488
|switch|p1a: Darkrai|Darkrai|100/100
|move|p2a: Lilligant|Triple Axel|p1a: Darkrai
|-damage|p1a: Darkrai|88/100
|-hitcount|p1a: Darkrai|1
|
|upkeep
|turn|2
|inactive|praveenkumart236 has 120 seconds left.
|
|t:|1760879514
|switch|p2a: Heatran|Heatran, M|100/100
|move|p1a: Darkrai|Dark Pulse|p2a: Heatran
|-damage|p2a: Heatran|69/100
|
|-heal|p2a: Heatran|75/100|[from] item: Leftovers
|upkeep
|turn|3
|
|t:|1760879529
|switch|p1a: Garchomp|Garchomp, M|100/100
|move|p2a: Heatran|Magma Storm|p1a: Garchomp
|-resisted|p1a: Garchomp
|-damage|p1a: Garchomp|80/100
|-activate|p1a: Garchomp|move: Magma Storm|[of] p2a: Heatran
|
|-heal|p2a: Heatran|82/100|[from] item: Leftovers
|-damage|p1a: Garchomp|68/100|[from] move: Magma Storm|[partiallytrapped]
|upkeep
|turn|4
|
|t:|1760879542
|switch|p2a: Glimmora|Glimmora, M|100/100
|move|p1a: Garchomp|Spikes|p2a: Glimmora
|-sidestart|p2: EdgarproUranium|Spikes
|
|-end|p1a: Garchomp|Magma Storm|[partiallytrapped]|[silent]
|upkeep
|turn|5
|inactive|praveenkumart236 has 90 seconds left.
|
|t:|1760879559
|move|p2a: Glimmora|Mortal Spin|p1a: Garchomp
|-resisted|p1a: Garchomp
|-damage|p1a: Garchomp|66/100
|-status|p1a: Garchomp|psn
|-damage|p2a: Glimmora|88/100|[from] ability: Rough Skin|[of] p1a: Garchomp
|-damage|p2a: Glimmora|72/100|[from] item: Rocky Helmet|[of] p1a: Garchomp
|-sideend|p2: EdgarproUranium|Spikes|[from] move: Mortal Spin|[of] p2a: Glimmora
|move|p1a: Garchomp|Earthquake|p2a: Glimmora
|-supereffective|p2a: Glimmora
|-damage|p2a: Glimmora|0 fnt
|-activate|p2a: Glimmora|ability: Toxic Debris
|-sidestart|p1: praveenkumart236|move: Toxic Spikes
|faint|p2a: Glimmora
|
|-damage|p1a: Garchomp|53/100 psn|[from] psn
|upkeep
|
|t:|1760879576
|switch|p2a: Lilligant|Lilligant-Hisui, F|100/100
|turn|6
|inactive|praveenkumart236 has 90 seconds left.
|
|t:|1760879613
|switch|p1a: Slowking|Slowking, M|100/100
|move|p2a: Lilligant|Victory Dance|p2a: Lilligant
|-boost|p2a: Lilligant|atk|1
|-boost|p2a: Lilligant|def|1
|-boost|p2a: Lilligant|spe|1
|
|upkeep
|turn|7
|inactive|praveenkumart236 has 60 seconds left.
|
|t:|1760879653
|switch|p1a: Garchomp|Garchomp, M|53/100 psn
|move|p2a: Lilligant|Leaf Blade|p1a: Garchomp
|-damage|p1a: Garchomp|0 fnt
|-damage|p2a: Lilligant|88/100|[from] ability: Rough Skin|[of] p1a: Garchomp
|-damage|p2a: Lilligant|71/100|[from] item: Rocky Helmet|[of] p1a: Garchomp
|faint|p1a: Garchomp
|
|upkeep
|
|t:|1760879662
|switch|p1a: Darkrai|Darkrai|88/100
|-status|p1a: Darkrai|psn
|turn|8
|
|t:|1760879669
|switch|p2a: Heatran|Heatran, M|82/100
|move|p1a: Darkrai|Ice Beam|p2a: Heatran
|-resisted|p2a: Heatran
|-damage|p2a: Heatran|75/100
|
|-heal|p2a: Heatran|82/100|[from] item: Leftovers
|-damage|p1a: Darkrai|75/100 psn|[from] psn
|upkeep
|turn|9
|inactive|praveenkumart236 has 60 seconds left.
|
|t:|1760879677
|switch|p1a: Iron Treads|Iron Treads|100/100
|-item|p1a: Iron Treads|Air Balloon
|move|p2a: Heatran|Magma Storm|p1a: Iron Treads
|-supereffective|p1a: Iron Treads
|-damage|p1a: Iron Treads|0 fnt
|-enditem|p1a: Iron Treads|Air Balloon
|faint|p1a: Iron Treads
|-end|p1a: Iron Treads|Quark Drive|[silent]
|
|-heal|p2a: Heatran|88/100|[from] item: Leftovers
|upkeep
|inactive|praveenkumart236 has 60 seconds left.
|
|t:|1760879687
|switch|p1a: Slowking|Slowking, M|100/100
|turn|10
|inactive|praveenkumart236 has 60 seconds left.
|
|t:|1760879695
|move|p2a: Heatran|Taunt|p1a: Slowking
|-start|p1a: Slowking|move: Taunt
|move|p1a: Slowking|Future Sight|p2a: Heatran
|-start|p1a: Slowking|move: Future Sight
|
|-heal|p2a: Heatran|94/100|[from] item: Leftovers
|upkeep
|turn|11
|
|t:|1760879703
|move|p2a: Heatran|Magma Storm|p1a: Slowking
|-resisted|p1a: Slowking
|-damage|p1a: Slowking|87/100
|-activate|p1a: Slowking|move: Magma Storm|[of] p2a: Heatran
|move|p1a: Slowking|Scald|p2a: Heatran
|-supereffective|p2a: Heatran
|-damage|p2a: Heatran|52/100
|
|-heal|p2a: Heatran|58/100|[from] item: Leftovers
|-damage|p1a: Slowking|74/100|[from] move: Magma Storm|[partiallytrapped]
|upkeep
|turn|12
|
|t:|1760879713
|move|p2a: Heatran|Protect|p2a: Heatran
|-singleturn|p2a: Heatran|Protect
|move|p1a: Slowking|Scald|p2a: Heatran
|-activate|p2a: Heatran|move: Protect
|
|-end|p2a: Heatran|move: Future Sight
|-resisted|p2a: Heatran
|-damage|p2a: Heatran|44/100
|-heal|p2a: Heatran|50/100|[from] item: Leftovers
|-damage|p1a: Slowking|62/100|[from] move: Magma Storm|[partiallytrapped]
|-end|p1a: Slowking|move: Taunt
|upkeep
|turn|13
|
|t:|1760879723
|switch|p2a: Iron Crown|Iron Crown|100/100
|move|p1a: Slowking|Future Sight|p2a: Iron Crown
|-start|p1a: Slowking|move: Future Sight
|
|-end|p1a: Slowking|Magma Storm|[partiallytrapped]|[silent]
|upkeep
|turn|14
|
|t:|1760879727
|move|p2a: Iron Crown|Volt Switch|p1a: Slowking
|-supereffective|p1a: Slowking
|-damage|p1a: Slowking|13/100
|
|t:|1760879738
|-end|p2a: Iron Crown|Quark Drive|[silent]
|switch|p2a: Weavile|Weavile, M|100/100|[from] Volt Switch
|-ability|p2a: Weavile|Pressure
|-prepare|p1a: Slowking|Chilly Reception|[premajor]
|move|p1a: Slowking|Chilly Reception|p1a: Slowking
|-weather|Snowscape
|inactive|praveenkumart236 has 90 seconds left.
|
|t:|1760879756
|switch|p1a: Sylveon|Sylveon, F|100/100|[from] Chilly Reception
|-status|p1a: Sylveon|psn
|
|-weather|Snowscape|[upkeep]
|-damage|p1a: Sylveon|88/100 psn|[from] psn
|upkeep
|turn|15
|
|t:|1760879768
|switch|p2a: Heatran|Heatran, M|50/100
|move|p1a: Sylveon|Hyper Voice|p2a: Heatran
|-resisted|p2a: Heatran
|-damage|p2a: Heatran|44/100
|
|-weather|Snowscape|[upkeep]
|-end|p2a: Heatran|move: Future Sight
|-resisted|p2a: Heatran
|-damage|p2a: Heatran|30/100
|-heal|p2a: Heatran|36/100|[from] item: Leftovers
|-heal|p1a: Sylveon|94/100 psn|[from] item: Leftovers
|-damage|p1a: Sylveon|82/100 psn|[from] psn
|upkeep
|turn|16
|
|t:|1760879782
|move|p2a: Heatran|Magma Storm|p1a: Sylveon
|-damage|p1a: Sylveon|50/100 psn
|-activate|p1a: Sylveon|move: Magma Storm|[of] p2a: Heatran
|move|p1a: Sylveon|Wish|p1a: Sylveon
|
|-weather|Snowscape|[upkeep]
|-heal|p2a: Heatran|42/100|[from] item: Leftovers
|-heal|p1a: Sylveon|56/100 psn|[from] item: Leftovers
|-damage|p1a: Sylveon|44/100 psn|[from] psn
|-damage|p1a: Sylveon|31/100 psn|[from] move: Magma Storm|[partiallytrapped]
|upkeep
|turn|17
|
|t:|1760879790
|move|p2a: Heatran|Taunt|p1a: Sylveon
|-start|p1a: Sylveon|move: Taunt
|move|p1a: Sylveon|Hyper Voice|p2a: Heatran
|-resisted|p2a: Heatran
|-damage|p2a: Heatran|35/100
|
|-weather|Snowscape|[upkeep]
|-heal|p1a: Sylveon|81/100 psn|[from] move: Wish|[wisher] Sylveon
|-heal|p2a: Heatran|41/100|[from] item: Leftovers
|-heal|p1a: Sylveon|88/100 psn|[from] item: Leftovers
|-damage|p1a: Sylveon|75/100 psn|[from] psn
|-damage|p1a: Sylveon|63/100 psn|[from] move: Magma Storm|[partiallytrapped]
|upkeep
|turn|18
|-message|praveenkumart236 forfeited.
|
|win|EdgarproUranium
|raw|praveenkumart236's rating: 1442 &rarr; <strong>1426</strong><br />(-16 for losing)
|raw|EdgarproUranium's rating: 1514 &rarr; <strong>1530</strong><br />(+16 for winning)
|l|☆praveenkumart236
|player|p1|
|l|☆EdgarproUranium
|player|p2|
