|j|☆ogerponheimer
|j|☆ArinDuv
|t:|1760863593
|gametype|singles
|player|p1|ogerponheimer|cynthia-gen7|1129
|player|p2|ArinDuv|elesa|1160
|gen|9
|tier|[Gen 9] OU
|rated|
|rule|HP Percentage Mod: HP is shown in percentages
|rule|Endless Battle Clause: Forcing endless battles is banned
|rule|Species Clause: Limit one of each Pokémon
|rule|OHKO Clause: OHKO moves are banned
|rule|Evasion Items Clause: Evasion items are banned
|rule|Evasion Moves Clause: Evasion moves are banned
|rule|Evasion Abilities Clause: Evasion abilities are banned
|rule|Sleep Moves Clause: Sleep-inducing moves are banned
|clearpoke
|poke|p1|Gholdengo|
|poke|p1|Kingambit, F|
|poke|p1|Zamazenta-*|
|poke|p1|Dragonite, M|
|poke|p1|Ogerpon-Wellspring, F|
|poke|p1|Pecharunt|
|poke|p2|Decidueye-Hisui, F|
|poke|p2|Zamazenta-*|
|poke|p2|Slowking-Galar, M|
|poke|p2|Iron Treads|
|poke|p2|Dragapult, M|
|poke|p2|Garganacl, M|
|teampreview
|
|t:|1760863605
|teamsize|p1|6
|teamsize|p2|6
|start
|switch|p1a: Pecharunt|Pecharunt|100/100
|switch|p2a: Garganacl|Garganacl, M|100/100
|turn|1
|
|t:|1760863611
|move|p1a: Pecharunt|Malignant Chain|p2a: Garganacl
|-resisted|p2a: Garganacl
|-damage|p2a: Garganacl|90/100
|move|p2a: Garganacl|Salt Cure|p1a: Pecharunt
|-damage|p1a: Pecharunt|93/100
|-start|p1a: Pecharunt|Salt Cure
|
|-heal|p1a: Pecharunt|99/100|[from] item: Black Sludge
|-heal|p2a: Garganacl|96/100|[from] item: Leftovers
|-damage|p1a: Pecharunt|87/100|[from] Salt Cure
|upkeep
|turn|2
|
|t:|1760863621
|move|p1a: Pecharunt|Parting Shot|p2a: Garganacl
|-unboost|p2a: Garganacl|atk|1
|-unboost|p2a: Garganacl|spa|1
|
|t:|1760863628
|switch|p1a: Gholdengo|Gholdengo|100/100|[from] Parting Shot
|move|p2a: Garganacl|Stealth Rock|p1a: Gholdengo
|-sidestart|p1: ogerponheimer|move: Stealth Rock
|
|-heal|p2a: Garganacl|100/100|[from] item: Leftovers
|upkeep
|turn|3
|
|t:|1760863637
|move|p2a: Garganacl|Protect|p2a: Garganacl
|-singleturn|p2a: Garganacl|Protect
|move|p1a: Gholdengo|Make It Rain|p2a: Garganacl
|-activate|p2a: Garganacl|move: Protect
|
|upkeep
|turn|4
|
|t:|1760863647
|switch|p1a: Ogerpon|Ogerpon-Wellspring, F|100/100
|-damage|p1a: Ogerpon|88/100|[from] Stealth Rock
|move|p2a: Garganacl|Salt Cure|p1a: Ogerpon
|-damage|p1a: Ogerpon|75/100
|-start|p1a: Ogerpon|Salt Cure
|
|-damage|p1a: Ogerpon|50/100|[from] Salt Cure
|upkeep
|turn|5
|
|t:|1760863659
|switch|p2a: Slowking|Slowking-Galar, M|100/100
|move|p1a: Ogerpon|Ivy Cudgel|p2a: Slowking|[anim] Ivy Cudgel Water
|-damage|p2a: Slowking|35/100
|
|-damage|p1a: Ogerpon|25/100|[from] Salt Cure
|upkeep
|turn|6
|
|t:|1760863670
|move|p1a: Ogerpon|Knock Off|p2a: Slowking
|-supereffective|p2a: Slowking
|-damage|p2a: Slowking|0 fnt
|-enditem|p2a: Slowking|Heavy-Duty Boots|[from] move: Knock Off|[of] p1a: Ogerpon
|faint|p2a: Slowking
|
|-damage|p1a: Ogerpon|0 fnt|[from] Salt Cure
|faint|p1a: Ogerpon
|upkeep
|
|t:|1760863681
|switch|p1a: Gholdengo|Gholdengo|100/100
|switch|p2a: Iron Treads|Iron Treads|100/100
|-damage|p1a: Gholdengo|94/100|[from] Stealth Rock
|turn|7
|
|t:|1760863687
|switch|p1a: Dragonite|Dragonite, M|100/100
|move|p2a: Iron Treads|Volt Switch|p1a: Dragonite
|-damage|p1a: Dragonite|95/100
|
|t:|1760863694
|-end|p2a: Iron Treads|Quark Drive|[silent]
|switch|p2a: Decidueye|Decidueye-Hisui, F, shiny|100/100|[from] Volt Switch
|
|upkeep
|turn|8
|
|t:|1760863699
|-terastallize|p2a: Decidueye|Steel
|move|p1a: Dragonite|Ice Spinner|p2a: Decidueye
|-resisted|p2a: Decidueye
|-damage|p2a: Decidueye|82/100
|move|p2a: Decidueye|Triple Arrows|p1a: Dragonite
|-resisted|p1a: Dragonite
|-damage|p1a: Dragonite|73/100
|-unboost|p1a: Dragonite|def|1
|
|upkeep
|turn|9
|
|t:|1760863713
|switch|p2a: Iron Treads|Iron Treads|100/100
|move|p1a: Dragonite|Earthquake|p2a: Iron Treads
|-supereffective|p2a: Iron Treads
|-damage|p2a: Iron Treads|43/100
|
|upkeep
|turn|10
|
|t:|1760863721
|switch|p1a: Gholdengo|Gholdengo|94/100
|-damage|p1a: Gholdengo|88/100|[from] Stealth Rock
|move|p2a: Iron Treads|Volt Switch|p1a: Gholdengo
|-damage|p1a: Gholdengo|76/100
|
|t:|1760863728
|-end|p2a: Iron Treads|Quark Drive|[silent]
|switch|p2a: Decidueye|Decidueye-Hisui, F, shiny, tera:Steel|82/100|[from] Volt Switch
|
|upkeep
|turn|11
|
|t:|1760863733
|move|p2a: Decidueye|Shadow Sneak|p1a: Gholdengo
|-supereffective|p1a: Gholdengo
|-damage|p1a: Gholdengo|50/100
|move|p1a: Gholdengo|Shadow Ball|p2a: Decidueye
|-damage|p2a: Decidueye|26/100
|-unboost|p2a: Decidueye|spd|1
|
|upkeep
|turn|12
|
|t:|1760863742
|move|p1a: Gholdengo|Shadow Ball|p2a: Decidueye
|-damage|p2a: Decidueye|0 fnt
|faint|p2a: Decidueye
|
|upkeep
|
|t:|1760863750
|switch|p2a: Dragapult|Dragapult, M|100/100
|turn|13
|inactive|Battle timer is ON: inactive players will automatically lose when time's up. (requested by ArinDuv)
|
|t:|1760863761
|switch|p1a: Kingambit|Kingambit, F|100/100
|-damage|p1a: Kingambit|94/100|[from] Stealth Rock
|-activate|p1a: Kingambit|ability: Supreme Overlord
|-start|p1a: Kingambit|fallen1|[silent]
|move|p2a: Dragapult|Shadow Ball|p1a: Kingambit
|-resisted|p1a: Kingambit
|-damage|p1a: Kingambit|68/100
|
|upkeep
|turn|14
|
|t:|1760863770
|switch|p2a: Garganacl|Garganacl, M|100/100
|move|p1a: Kingambit|Kowtow Cleave|p2a: Garganacl
|-damage|p2a: Garganacl|61/100
|
|-heal|p2a: Garganacl|67/100|[from] item: Leftovers
|upkeep
|turn|15
|
|t:|1760863787
|-terastallize|p1a: Kingambit|Dark
|move|p1a: Kingambit|Iron Head|p2a: Garganacl
|-supereffective|p2a: Garganacl
|-damage|p2a: Garganacl|0 fnt
|faint|p2a: Garganacl
|
|upkeep
|
|t:|1760863795
|switch|p2a: Zamazenta|Zamazenta|100/100
|-ability|p2a: Zamazenta|Dauntless Shield|boost
|-boost|p2a: Zamazenta|def|1
|turn|16
|
|t:|1760863800
|-end|p1a: Kingambit|fallen1|[silent]
|switch|p1a: Pecharunt|Pecharunt|87/100
|-damage|p1a: Pecharunt|75/100|[from] Stealth Rock
|move|p2a: Zamazenta|Iron Defense|p2a: Zamazenta
|-boost|p2a: Zamazenta|def|2
|
|-heal|p1a: Pecharunt|81/100|[from] item: Black Sludge
|upkeep
|turn|17
|
|t:|1760863810
|move|p1a: Pecharunt|Malignant Chain|p2a: Zamazenta
|-crit|p2a: Zamazenta
|-damage|p2a: Zamazenta|63/100
|move|p2a: Zamazenta|Roar|p1a: Pecharunt
|drag|p1a: Kingambit|Kingambit, F, tera:Dark|68/100
|-damage|p1a: Kingambit|56/100|[from] Stealth Rock
|-activate|p1a: Kingambit|ability: Supreme Overlord
|-start|p1a: Kingambit|fallen1|[silent]
|
|-heal|p2a: Zamazenta|69/100|[from] item: Leftovers
|upkeep
|turn|18
|
|t:|1760863820
|move|p2a: Zamazenta|Crunch|p1a: Kingambit
|-resisted|p1a: Kingambit
|-damage|p1a: Kingambit|47/100
|move|p1a: Kingambit|Iron Head|p2a: Zamazenta
|-damage|p2a: Zamazenta|54/100
|
|-heal|p2a: Zamazenta|61/100|[from] item: Leftovers
|upkeep
|turn|19
|
|t:|1760863828
|move|p2a: Zamazenta|Crunch|p1a: Kingambit
|-resisted|p1a: Kingambit
|-damage|p1a: Kingambit|40/100
|move|p1a: Kingambit|Iron Head|p2a: Zamazenta
|-crit|p2a: Zamazenta
|-damage|p2a: Zamazenta|5/100
|
|-heal|p2a: Zamazenta|11/100|[from] item: Leftovers
|upkeep
|turn|20
|
|t:|1760863838
|move|p2a: Zamazenta|Iron Defense|p2a: Zamazenta
|-boost|p2a: Zamazenta|def|2
|move|p1a: Kingambit|Iron Head|p2a: Zamazenta
|-damage|p2a: Zamazenta|0 fnt
|faint|p2a: Zamazenta
|
|upkeep
|
|t:|1760863845
|switch|p2a: Dragapult|Dragapult, M|100/100
|turn|21
|c|☆ogerponheimer|read you like a book haha
|
|t:|1760863848
|move|p1a: Kingambit|Sucker Punch|p2a: Dragapult
|-supereffective|p2a: Dragapult
|-damage|p2a: Dragapult|0 fnt
|faint|p2a: Dragapult
|
|upkeep
|-message|ArinDuv forfeited.
|
|win|ogerponheimer
|raw|ogerponheimer's rating: 1129 &rarr; <strong>1156</strong><br />(+27 for winning)
|raw|ArinDuv's rating: 1160 &rarr; <strong>1133</strong><br />(-27 for losing)
|l|☆ArinDuv
|player|p2|
