|j|☆gus2007
|j|☆a1ksuns
|t:|1760790532
|gametype|singles
|player|p1|gus2007|102|1245
|player|p2|a1ksuns|102|1247
|gen|9
|tier|[Gen 9] OU
|rated|
|rule|HP Percentage Mod: HP is shown in percentages
|rule|Endless Battle Clause: Forcing endless battles is banned
|rule|Species Clause: Limit one of each Pokémon
|rule|OHKO Clause: OHKO moves are banned
|rule|Evasion Items Clause: Evasion items are banned
|rule|Evasion Moves Clause: Evasion moves are banned
|rule|Evasion Abilities Clause: Evasion abilities are banned
|rule|Sleep Moves Clause: Sleep-inducing moves are banned
|clearpoke
|poke|p1|Regidrago|
|poke|p1|Galvantula, M|
|poke|p1|Lokix, M|
|poke|p1|Iron Crown|
|poke|p1|Gholdengo|
|poke|p1|Dragonite, F|
|poke|p2|Torkoal, M|
|poke|p2|Charizard, M|
|poke|p2|Walking Wake|
|poke|p2|Raging Bolt|
|poke|p2|Great Tusk|
|poke|p2|Lilligant-Hisui, F|
|teampreview
|inactive|Battle timer is ON: inactive players will automatically lose when time's up. (requested by a1ksuns)
|
|t:|1760790546
|teamsize|p1|6
|teamsize|p2|6
|start
|switch|p1a: Iron Crown|Iron Crown|100/100
|switch|p2a: Torkoal|Torkoal, M, shiny|100/100
|-weather|SunnyDay|[from] ability: Drought|[of] p2a: Torkoal
|turn|1
|
|t:|1760790558
|move|p1a: Iron Crown|Volt Switch|p2a: Torkoal
|-damage|p2a: Torkoal|65/100
|
|t:|1760790563
|-end|p1a: Iron Crown|Quark Drive|[silent]
|switch|p1a: Galvantula|Galvantula, M|100/100|[from] Volt Switch
|move|p2a: Torkoal|Stealth Rock|p1a: Galvantula
|-sidestart|p1: gus2007|move: Stealth Rock
|
|-weather|SunnyDay|[upkeep]
|upkeep
|turn|2
|
|t:|1760790569
|move|p1a: Galvantula|Sticky Web|p2a: Torkoal
|-sidestart|p2: a1ksuns|move: Sticky Web
|move|p2a: Torkoal|Rapid Spin|p1a: Galvantula
|-damage|p1a: Galvantula|85/100
|-boost|p2a: Torkoal|spe|1
|-sideend|p2: a1ksuns|Sticky Web|[from] move: Rapid Spin|[of] p2a: Torkoal
|
|-weather|SunnyDay|[upkeep]
|upkeep
|turn|3
|
|t:|1760790586
|move|p1a: Galvantula|Thunder Wave|p2a: Torkoal
|-status|p2a: Torkoal|par
|cant|p2a: Torkoal|par
|
|-weather|SunnyDay|[upkeep]
|upkeep
|turn|4
|
|t:|1760790590
|move|p1a: Galvantula|Sticky Web|p2a: Torkoal
|-sidestart|p2: a1ksuns|move: Sticky Web
|move|p2a: Torkoal|Rapid Spin|p1a: Galvantula
|-damage|p1a: Galvantula|69/100
|-boost|p2a: Torkoal|spe|1
|-sideend|p2: a1ksuns|Sticky Web|[from] move: Rapid Spin|[of] p2a: Torkoal
|
|-weather|SunnyDay|[upkeep]
|upkeep
|turn|5
|
|t:|1760790593
|move|p1a: Galvantula|Sticky Web|p2a: Torkoal
|-sidestart|p2: a1ksuns|move: Sticky Web
|move|p2a: Torkoal|Rapid Spin|p1a: Galvantula
|-damage|p1a: Galvantula|51/100
|-boost|p2a: Torkoal|spe|1
|-sideend|p2: a1ksuns|Sticky Web|[from] move: Rapid Spin|[of] p2a: Torkoal
|
|-weather|SunnyDay|[upkeep]
|upkeep
|turn|6
|
|t:|1760790597
|move|p1a: Galvantula|Sticky Web|p2a: Torkoal
|-sidestart|p2: a1ksuns|move: Sticky Web
|move|p2a: Torkoal|Rapid Spin|p1a: Galvantula
|-damage|p1a: Galvantula|33/100
|-boost|p2a: Torkoal|spe|1
|-sideend|p2: a1ksuns|Sticky Web|[from] move: Rapid Spin|[of] p2a: Torkoal
|
|-weather|SunnyDay|[upkeep]
|upkeep
|turn|7
|
|t:|1760790608
|move|p1a: Galvantula|Volt Switch|p2a: Torkoal
|-damage|p2a: Torkoal|28/100 par
|
|t:|1760790612
|switch|p1a: Gholdengo|Gholdengo|100/100|[from] Volt Switch
|-damage|p1a: Gholdengo|94/100|[from] Stealth Rock
|cant|p2a: Torkoal|par
|
|-weather|SunnyDay|[upkeep]
|-heal|p1a: Gholdengo|100/100|[from] item: Leftovers
|upkeep
|turn|8
|
|t:|1760790618
|move|p1a: Gholdengo|Shadow Ball|p2a: Torkoal
|-damage|p2a: Torkoal|0 fnt
|faint|p2a: Torkoal
|
|-weather|none
|upkeep
|
|t:|1760790624
|switch|p2a: Charizard|Charizard, M, shiny|100/100
|turn|9
|
|t:|1760790640
|move|p2a: Charizard|Flamethrower|p1a: Gholdengo
|-supereffective|p1a: Gholdengo
|-damage|p1a: Gholdengo|0 fnt
|faint|p1a: Gholdengo
|
|upkeep
|
|t:|1760790646
|switch|p1a: Regidrago|Regidrago|100/100
|-damage|p1a: Regidrago|88/100|[from] Stealth Rock
|turn|10
|
|t:|1760790655
|move|p1a: Regidrago|Dragon Energy|p2a: Charizard
|-damage|p2a: Charizard|0 fnt
|faint|p2a: Charizard
|
|upkeep
|
|t:|1760790666
|switch|p2a: Great Tusk|Great Tusk|100/100
|-enditem|p2a: Great Tusk|Booster Energy
|-activate|p2a: Great Tusk|ability: Protosynthesis|[fromitem]
|-start|p2a: Great Tusk|protosynthesisspe
|turn|11
|
|t:|1760790681
|move|p2a: Great Tusk|Ice Spinner|p1a: Regidrago
|-supereffective|p1a: Regidrago
|-damage|p1a: Regidrago|41/100
|move|p1a: Regidrago|Dragon Energy|p2a: Great Tusk
|-damage|p2a: Great Tusk|40/100
|
|upkeep
|turn|12
|
|t:|1760790689
|move|p2a: Great Tusk|Ice Spinner|p1a: Regidrago
|-supereffective|p1a: Regidrago
|-damage|p1a: Regidrago|0 fnt
|faint|p1a: Regidrago
|
|upkeep
|
|t:|1760790716
|switch|p1a: Lokix|Lokix, M|100/100
|-damage|p1a: Lokix|76/100|[from] Stealth Rock
|turn|13
|
|t:|1760790744
|move|p1a: Lokix|First Impression|p2a: Great Tusk
|-resisted|p2a: Great Tusk
|-damage|p2a: Great Tusk|13/100
|move|p2a: Great Tusk|Headlong Rush|p1a: Lokix
|-resisted|p1a: Lokix
|-damage|p1a: Lokix|40/100
|-unboost|p2a: Great Tusk|def|1
|-unboost|p2a: Great Tusk|spd|1
|
|upkeep
|turn|14
|
|t:|1760790762
|move|p1a: Lokix|Sucker Punch|p2a: Great Tusk
|-resisted|p2a: Great Tusk
|-damage|p2a: Great Tusk|0 fnt
|faint|p2a: Great Tusk
|-end|p2a: Great Tusk|Protosynthesis|[silent]
|
|upkeep
|
|t:|1760790771
|switch|p2a: Raging Bolt|Raging Bolt|100/100
|turn|15
|
|t:|1760790780
|move|p1a: Lokix|Swords Dance|p1a: Lokix
|-boost|p1a: Lokix|atk|2
|move|p2a: Raging Bolt|Thunderbolt|p1a: Lokix
|-damage|p1a: Lokix|0 fnt
|faint|p1a: Lokix
|
|upkeep
|
|t:|1760790784
|switch|p1a: Iron Crown|Iron Crown|100/100
|-damage|p1a: Iron Crown|94/100|[from] Stealth Rock
|turn|16
|
|t:|1760790795
|move|p1a: Iron Crown|Psychic Noise|p2a: Raging Bolt
|-damage|p2a: Raging Bolt|60/100
|-start|p2a: Raging Bolt|move: Heal Block
|move|p2a: Raging Bolt|Thunderbolt|p1a: Iron Crown
|-crit|p1a: Iron Crown
|-damage|p1a: Iron Crown|17/100
|
|upkeep
|turn|17
|
|t:|1760790801
|move|p2a: Raging Bolt|Thunderclap|p1a: Iron Crown
|-damage|p1a: Iron Crown|0 fnt
|faint|p1a: Iron Crown
|-end|p1a: Iron Crown|Quark Drive|[silent]
|
|-end|p2a: Raging Bolt|move: Heal Block
|upkeep
|
|t:|1760790804
|switch|p1a: Dragonite|Dragonite, F|100/100
|-damage|p1a: Dragonite|75/100|[from] Stealth Rock
|turn|18
|
|t:|1760790807
|-terastallize|p1a: Dragonite|Normal
|move|p1a: Dragonite|Dragon Dance|p1a: Dragonite
|-boost|p1a: Dragonite|atk|1
|-boost|p1a: Dragonite|spe|1
|move|p2a: Raging Bolt|Dragon Pulse|p1a: Dragonite
|-damage|p1a: Dragonite|22/100
|
|upkeep
|turn|19
|
|t:|1760790817
|move|p1a: Dragonite|Extreme Speed|p2a: Raging Bolt
|-damage|p2a: Raging Bolt|0 fnt
|faint|p2a: Raging Bolt
|-end|p2a: Raging Bolt|Protosynthesis|[silent]
|
|upkeep
|
|t:|1760790822
|switch|p2a: Walking Wake|Walking Wake|100/100
|turn|20
|
|t:|1760790826
|move|p1a: Dragonite|Extreme Speed|p2a: Walking Wake
|-damage|p2a: Walking Wake|31/100
|move|p2a: Walking Wake|Hydro Steam|p1a: Dragonite
|-damage|p1a: Dragonite|0 fnt
|faint|p1a: Dragonite
|
|upkeep
|
|t:|1760790829
|switch|p1a: Galvantula|Galvantula, M|33/100
|-damage|p1a: Galvantula|8/100|[from] Stealth Rock
|turn|21
|
|t:|1760790835
|move|p2a: Walking Wake|Hydro Steam|p1a: Galvantula
|-damage|p1a: Galvantula|0 fnt
|faint|p1a: Galvantula
|
|win|a1ksuns
|raw|gus2007's rating: 1217 &rarr; <strong>1194</strong><br />(-23 for losing)
|raw|a1ksuns's rating: 1247 &rarr; <strong>1270</strong><br />(+23 for winning)
|l|☆gus2007
|player|p1|
|c|☆a1ksuns|gg
|l|☆a1ksuns
|player|p2|
