|j|☆crockcorak
|j|☆Wrenellen
|t:|1760790939
|gametype|singles
|player|p1|crockcorak|266|1462
|player|p2|Wrenellen|grimsley|1492
|gen|9
|tier|[Gen 9] OU
|rated|
|rule|HP Percentage Mod: HP is shown in percentages
|rule|Endless Battle Clause: Forcing endless battles is banned
|rule|Species Clause: Limit one of each Pokémon
|rule|OHKO Clause: OHKO moves are banned
|rule|Evasion Items Clause: Evasion items are banned
|rule|Evasion Moves Clause: Evasion moves are banned
|rule|Evasion Abilities Clause: Evasion abilities are banned
|rule|Sleep Moves Clause: Sleep-inducing moves are banned
|clearpoke
|poke|p1|Ceruledge, M|
|poke|p1|Hydrapple, M|
|poke|p1|Hatterene, F|
|poke|p1|Samurott-Hisui, F|
|poke|p1|Landorus-Therian, M|
|poke|p1|Moltres|
|poke|p2|Virizion|
|poke|p2|Grimmsnarl, M|
|poke|p2|Latias, F|
|poke|p2|Iron Moth|
|poke|p2|Great Tusk|
|poke|p2|Iron Hands|
|teampreview
|inactive|Battle timer is ON: inactive players will automatically lose when time's up. (requested by crockcorak)
|
|t:|1760790961
|teamsize|p1|6
|teamsize|p2|6
|start
|switch|p1a: Landorus|Landorus-Therian, M|100/100
|switch|p2a: Iron Moth|Iron Moth|100/100
|-ability|p1a: Landorus|Intimidate|boost
|-unboost|p2a: Iron Moth|atk|1
|-enditem|p2a: Iron Moth|Booster Energy
|-activate|p2a: Iron Moth|ability: Quark Drive|[fromitem]
|-start|p2a: Iron Moth|quarkdrivespe
|turn|1
|
|t:|1760790968
|move|p2a: Iron Moth|Fiery Dance|p1a: Landorus
|-damage|p1a: Landorus|52/100
|-boost|p2a: Iron Moth|spa|1
|move|p1a: Landorus|Earthquake|p2a: Iron Moth
|-supereffective|p2a: Iron Moth
|-damage|p2a: Iron Moth|0 fnt
|faint|p2a: Iron Moth
|-end|p2a: Iron Moth|Quark Drive|[silent]
|
|upkeep
|
|t:|1760790983
|switch|p2a: Latias|Latias, F|100/100
|turn|2
|
|t:|1760790986
|switch|p1a: Samurott|Samurott-Hisui, F, shiny|100/100
|move|p2a: Latias|Agility|p2a: Latias
|-boost|p2a: Latias|spe|2
|
|upkeep
|turn|3
|
|t:|1760790994
|switch|p2a: Virizion|Virizion|100/100
|move|p1a: Samurott|Ceaseless Edge|p2a: Virizion
|-resisted|p2a: Virizion
|-damage|p2a: Virizion|69/100
|-ability|p2a: Virizion|Justified|boost
|-boost|p2a: Virizion|atk|1
|-sidestart|p2: Wrenellen|Spikes
|
|-heal|p2a: Virizion|75/100|[from] item: Leftovers
|upkeep
|turn|4
|
|t:|1760791011
|switch|p1a: Moltres|Moltres|100/100
|move|p2a: Virizion|Calm Mind|p2a: Virizion
|-boost|p2a: Virizion|spa|1
|-boost|p2a: Virizion|spd|1
|
|-heal|p2a: Virizion|82/100|[from] item: Leftovers
|upkeep
|turn|5
|
|t:|1760791028
|-terastallize|p2a: Virizion|Electric
|move|p2a: Virizion|Tera Blast|p1a: Moltres|[anim] Tera Blast Electric
|-supereffective|p1a: Moltres
|-damage|p1a: Moltres|8/100
|move|p1a: Moltres|Flamethrower|p2a: Virizion
|-damage|p2a: Virizion|57/100
|
|-heal|p2a: Virizion|63/100|[from] item: Leftovers
|upkeep
|turn|6
|
|t:|1760791039
|switch|p1a: Hydrapple|Hydrapple, M|100/100
|move|p2a: Virizion|Tera Blast|p1a: Hydrapple|[anim] Tera Blast Electric
|-resisted|p1a: Hydrapple
|-damage|p1a: Hydrapple|92/100
|
|-heal|p2a: Virizion|70/100|[from] item: Leftovers
|upkeep
|turn|7
|
|t:|1760791042
|move|p2a: Virizion|Vacuum Wave|p1a: Hydrapple
|-damage|p1a: Hydrapple|75/100
|move|p1a: Hydrapple|Earth Power|p2a: Virizion
|-supereffective|p2a: Virizion
|-damage|p2a: Virizion|31/100
|
|-heal|p2a: Virizion|37/100|[from] item: Leftovers
|upkeep
|turn|8
|
|t:|1760791047
|move|p2a: Virizion|Giga Drain|p1a: Hydrapple
|-resisted|p1a: Hydrapple
|-damage|p1a: Hydrapple|68/100
|-heal|p2a: Virizion|41/100|[from] drain|[of] p1a: Hydrapple
|move|p1a: Hydrapple|Fickle Beam|p2a: Virizion
|-damage|p2a: Virizion|15/100
|
|-heal|p2a: Virizion|21/100|[from] item: Leftovers
|upkeep
|turn|9
|inactive|Wrenellen has 120 seconds left.
|
|t:|1760791081
|move|p2a: Virizion|Vacuum Wave|p1a: Hydrapple
|-damage|p1a: Hydrapple|53/100
|move|p1a: Hydrapple|Fickle Beam|p2a: Virizion|[anim] Fickle Beam All Out
|-activate|p1a: Hydrapple|move: Fickle Beam
|-damage|p2a: Virizion|0 fnt
|faint|p2a: Virizion
|
|upkeep
|
|t:|1760791085
|switch|p2a: Latias|Latias, F|100/100
|turn|10
|
|t:|1760791091
|move|p2a: Latias|Calm Mind|p2a: Latias
|-boost|p2a: Latias|spa|1
|-boost|p2a: Latias|spd|1
|move|p1a: Hydrapple|Fickle Beam|p2a: Latias
|-supereffective|p2a: Latias
|-damage|p2a: Latias|60/100
|-enditem|p2a: Latias|Weakness Policy
|-boost|p2a: Latias|atk|2|[from] item: Weakness Policy
|-boost|p2a: Latias|spa|2|[from] item: Weakness Policy
|
|upkeep
|turn|11
|
|t:|1760791098
|move|p2a: Latias|Agility|p2a: Latias
|-boost|p2a: Latias|spe|2
|move|p1a: Hydrapple|Draco Meteor|p2a: Latias
|-supereffective|p2a: Latias
|-damage|p2a: Latias|0 fnt
|-unboost|p1a: Hydrapple|spa|2
|faint|p2a: Latias
|
|upkeep
|
|t:|1760791104
|switch|p2a: Iron Hands|Iron Hands|100/100
|-damage|p2a: Iron Hands|88/100|[from] Spikes
|-enditem|p2a: Iron Hands|Booster Energy
|-activate|p2a: Iron Hands|ability: Quark Drive|[fromitem]
|-start|p2a: Iron Hands|quarkdriveatk
|turn|12
|
|t:|1760791112
|switch|p1a: Moltres|Moltres|8/100
|move|p2a: Iron Hands|Swords Dance|p2a: Iron Hands
|-boost|p2a: Iron Hands|atk|2
|
|upkeep
|turn|13
|
|t:|1760791120
|move|p1a: Moltres|Roost|p1a: Moltres
|-heal|p1a: Moltres|58/100
|-singleturn|p1a: Moltres|move: Roost
|move|p2a: Iron Hands|Thunder Punch|p1a: Moltres
|-damage|p1a: Moltres|0 fnt
|faint|p1a: Moltres
|
|upkeep
|
|t:|1760791124
|switch|p1a: Landorus|Landorus-Therian, M|52/100
|-ability|p1a: Landorus|Intimidate|boost
|-unboost|p2a: Iron Hands|atk|1
|turn|14
|
|t:|1760791127
|move|p1a: Landorus|Earthquake|p2a: Iron Hands
|-supereffective|p2a: Iron Hands
|-damage|p2a: Iron Hands|0 fnt
|faint|p2a: Iron Hands
|-end|p2a: Iron Hands|Quark Drive|[silent]
|
|upkeep
|
|t:|1760791130
|switch|p2a: Great Tusk|Great Tusk|100/100
|-damage|p2a: Great Tusk|88/100|[from] Spikes
|-enditem|p2a: Great Tusk|Booster Energy
|-activate|p2a: Great Tusk|ability: Protosynthesis|[fromitem]
|-start|p2a: Great Tusk|protosynthesisspe
|turn|15
|
|t:|1760791145
|switch|p1a: Hydrapple|Hydrapple, M|87/100
|move|p2a: Great Tusk|Bulk Up|p2a: Great Tusk
|-boost|p2a: Great Tusk|atk|1
|-boost|p2a: Great Tusk|def|1
|
|upkeep
|turn|16
|
|t:|1760791150
|move|p2a: Great Tusk|Ice Spinner|p1a: Hydrapple
|-supereffective|p1a: Hydrapple
|-damage|p1a: Hydrapple|0 fnt
|faint|p1a: Hydrapple
|
|upkeep
|
|t:|1760791153
|switch|p1a: Samurott|Samurott-Hisui, F, shiny|100/100
|turn|17
|
|t:|1760791156
|move|p2a: Great Tusk|Rapid Spin|p1a: Samurott
|-damage|p1a: Samurott|72/100
|-boost|p2a: Great Tusk|spe|1
|-sideend|p2: Wrenellen|Spikes|[from] move: Rapid Spin|[of] p2a: Great Tusk
|move|p1a: Samurott|Razor Shell|p2a: Great Tusk
|-supereffective|p2a: Great Tusk
|-damage|p2a: Great Tusk|49/100
|-unboost|p2a: Great Tusk|def|1
|
|upkeep
|turn|18
|
|t:|1760791160
|-terastallize|p1a: Samurott|Ghost
|move|p2a: Great Tusk|Headlong Rush|p1a: Samurott
|-damage|p1a: Samurott|0 fnt
|-unboost|p2a: Great Tusk|def|1
|-unboost|p2a: Great Tusk|spd|1
|faint|p1a: Samurott
|
|upkeep
|
|t:|1760791165
|switch|p1a: Landorus|Landorus-Therian, M|52/100
|-ability|p1a: Landorus|Intimidate|boost
|-unboost|p2a: Great Tusk|atk|1
|turn|19
|
|t:|1760791168
|move|p2a: Great Tusk|Ice Spinner|p1a: Landorus
|-supereffective|p1a: Landorus
|-damage|p1a: Landorus|0 fnt
|faint|p1a: Landorus
|
|upkeep
|
|t:|1760791173
|switch|p1a: Ceruledge|Ceruledge, M|100/100
|turn|20
|
|t:|1760791181
|move|p1a: Ceruledge|Shadow Sneak|p2a: Great Tusk
|-damage|p2a: Great Tusk|29/100
|move|p2a: Great Tusk|Headlong Rush|p1a: Ceruledge
|-supereffective|p1a: Ceruledge
|-damage|p1a: Ceruledge|0 fnt
|-unboost|p2a: Great Tusk|def|1
|-unboost|p2a: Great Tusk|spd|1
|faint|p1a: Ceruledge
|
|upkeep
|-message|crockcorak forfeited.
|
|win|Wrenellen
|raw|crockcorak's rating: 1462 &rarr; <strong>1444</strong><br />(-18 for losing)
|raw|Wrenellen's rating: 1492 &rarr; <strong>1510</strong><br />(+18 for winning)
|l|☆crockcorak
|player|p1|
|l| wrenellen
