|j|☆Chase5423
|j|☆hellh0le
|t:|1760768493
|gametype|singles
|player|p1|Chase5423|veteran|1113
|player|p2|hellh0le|cheryl|1113
|gen|9
|tier|[Gen 9] OU
|rated|
|rule|HP Percentage Mod: HP is shown in percentages
|rule|Endless Battle Clause: Forcing endless battles is banned
|rule|Species Clause: Limit one of each Pokémon
|rule|OHKO Clause: OHKO moves are banned
|rule|Evasion Items Clause: Evasion items are banned
|rule|Evasion Moves Clause: Evasion moves are banned
|rule|Evasion Abilities Clause: Evasion abilities are banned
|rule|Sleep Moves Clause: Sleep-inducing moves are banned
|clearpoke
|poke|p1|Garchomp, M|
|poke|p1|Dragapult, F|
|poke|p1|Toxapex, F|
|poke|p1|Garganacl, F|
|poke|p1|Iron Moth|
|poke|p1|Scream Tail|
|poke|p2|Pelipper, F|
|poke|p2|Beartic, F|
|poke|p2|Barraskewda, M|
|poke|p2|Ogerpon-Wellspring, F|
|poke|p2|Zapdos|
|poke|p2|Hatterene, F|
|teampreview
|inactive|Battle timer is ON: inactive players will automatically lose when time's up. (requested by Chase5423)
|inactive|hellh0le has 120 seconds left.
|inactive|hellh0le has 90 seconds left.
|
|t:|1760768571
|teamsize|p1|6
|teamsize|p2|6
|start
|switch|p1a: Toxapex|Toxapex, F|100/100
|switch|p2a: Pelipper|Pelipper, F|100/100
|-weather|RainDance|[from] ability: Drizzle|[of] p2a: Pelipper
|turn|1
|
|t:|1760768585
|move|p2a: Pelipper|U-turn|p1a: Toxapex
|-resisted|p1a: Toxapex
|-damage|p1a: Toxapex|97/100
|
|t:|1760768600
|switch|p2a: Zapdos|Zapdos|100/100|[from] U-turn
|move|p1a: Toxapex|Toxic|p2a: Zapdos
|-status|p2a: Zapdos|tox
|
|-weather|RainDance|[upkeep]
|-heal|p1a: Toxapex|100/100|[from] item: Black Sludge
|-damage|p2a: Zapdos|94/100 tox|[from] psn
|upkeep
|turn|2
|
|t:|1760768612
|switch|p1a: Garchomp|Garchomp, M|100/100
|move|p2a: Zapdos|Hurricane|p1a: Garchomp
|-damage|p1a: Garchomp|50/100
|
|-weather|RainDance|[upkeep]
|-damage|p2a: Zapdos|82/100 tox|[from] psn
|upkeep
|turn|3
|
|t:|1760768623
|switch|p1a: Toxapex|Toxapex, F|100/100
|move|p2a: Zapdos|Hurricane|p1a: Toxapex
|-damage|p1a: Toxapex|65/100
|
|-weather|RainDance|[upkeep]
|-heal|p1a: Toxapex|70/100|[from] item: Black Sludge
|-damage|p2a: Zapdos|63/100 tox|[from] psn
|upkeep
|turn|4
|
|t:|1760768630
|move|p2a: Zapdos|Volt Switch|p1a: Toxapex
|-supereffective|p1a: Toxapex
|-damage|p1a: Toxapex|25/100
|
|t:|1760768635
|switch|p2a: Hatterene|Hatterene, F|100/100|[from] Volt Switch
|move|p1a: Toxapex|Recover|p1a: Toxapex
|-heal|p1a: Toxapex|75/100
|
|-weather|RainDance|[upkeep]
|-heal|p1a: Toxapex|81/100|[from] item: Black Sludge
|upkeep
|turn|5
|
|t:|1760768653
|switch|p2a: Barraskewda|Barraskewda, M|100/100
|move|p1a: Toxapex|Infestation|p2a: Barraskewda
|-damage|p2a: Barraskewda|94/100
|-activate|p2a: Barraskewda|move: Infestation|[of] p1a: Toxapex
|
|-weather|RainDance|[upkeep]
|-heal|p1a: Toxapex|87/100|[from] item: Black Sludge
|-damage|p2a: Barraskewda|82/100|[from] move: Infestation|[partiallytrapped]
|upkeep
|turn|6
|
|t:|1760768660
|move|p2a: Barraskewda|Flip Turn|p1a: Toxapex
|-resisted|p1a: Toxapex
|-crit|p1a: Toxapex
|-damage|p1a: Toxapex|52/100
|
|t:|1760768674
|switch|p2a: Zapdos|Zapdos|63/100 tox|[from] Flip Turn
|move|p1a: Toxapex|Toxic|p2a: Zapdos
|-fail|p2a: Zapdos|tox
|
|-weather|RainDance|[upkeep]
|-heal|p1a: Toxapex|58/100|[from] item: Black Sludge
|-damage|p2a: Zapdos|57/100 tox|[from] psn
|upkeep
|turn|7
|
|t:|1760768682
|switch|p2a: Ogerpon|Ogerpon-Wellspring, F|100/100
|switch|p1a: Garganacl|Garganacl, F|100/100
|
|-weather|RainDance|[upkeep]
|upkeep
|turn|8
|
|t:|1760768691
|-terastallize|p1a: Garganacl|Water
|move|p2a: Ogerpon|Ivy Cudgel|p1a: Garganacl|[anim] Ivy Cudgel Water
|-resisted|p1a: Garganacl
|-crit|p1a: Garganacl
|-damage|p1a: Garganacl|57/100
|move|p1a: Garganacl|Curse|p1a: Garganacl
|-unboost|p1a: Garganacl|spe|1
|-boost|p1a: Garganacl|atk|1
|-boost|p1a: Garganacl|def|1
|
|-weather|none
|upkeep
|turn|9
|
|t:|1760768710
|move|p2a: Ogerpon|Power Whip|p1a: Garganacl
|-supereffective|p1a: Garganacl
|-damage|p1a: Garganacl|0 fnt
|faint|p1a: Garganacl
|
|upkeep
|
|t:|1760768718
|switch|p1a: Dragapult|Dragapult, F|100/100
|turn|10
|
|t:|1760768730
|switch|p2a: Hatterene|Hatterene, F|100/100
|move|p1a: Dragapult|U-turn|p2a: Hatterene
|-damage|p2a: Hatterene|82/100
|-enditem|p2a: Hatterene|Eject Button
|
|t:|1760768738
|switch|p2a: Pelipper|Pelipper, F|100/100
|-weather|RainDance|[from] ability: Drizzle|[of] p2a: Pelipper
|
|-weather|RainDance|[upkeep]
|upkeep
|turn|11
|
|t:|1760768746
|move|p1a: Dragapult|Will-O-Wisp|p2a: Pelipper
|-status|p2a: Pelipper|brn
|move|p2a: Pelipper|U-turn|p1a: Dragapult
|-resisted|p1a: Dragapult
|-damage|p1a: Dragapult|97/100
|
|t:|1760768750
|switch|p2a: Beartic|Beartic, F|100/100|[from] U-turn
|
|-weather|RainDance|[upkeep]
|upkeep
|turn|12
|
|t:|1760768758
|move|p1a: Dragapult|Will-O-Wisp|p2a: Beartic
|-status|p2a: Beartic|brn
|move|p2a: Beartic|Icicle Spear|p1a: Dragapult
|-supereffective|p1a: Dragapult
|-damage|p1a: Dragapult|76/100
|-supereffective|p1a: Dragapult
|-damage|p1a: Dragapult|54/100
|-supereffective|p1a: Dragapult
|-damage|p1a: Dragapult|34/100
|-supereffective|p1a: Dragapult
|-damage|p1a: Dragapult|13/100
|-supereffective|p1a: Dragapult
|-damage|p1a: Dragapult|0 fnt
|faint|p1a: Dragapult
|-hitcount|p1: Dragapult|5
|
|-weather|RainDance|[upkeep]
|-damage|p2a: Beartic|94/100 brn|[from] brn
|upkeep
|
|t:|1760768766
|switch|p1a: Iron Moth|Iron Moth|100/100
|-enditem|p1a: Iron Moth|Booster Energy
|-activate|p1a: Iron Moth|ability: Quark Drive|[fromitem]
|-start|p1a: Iron Moth|quarkdrivespe
|turn|13
|
|t:|1760768773
|move|p1a: Iron Moth|Substitute|p1a: Iron Moth
|-start|p1a: Iron Moth|Substitute
|-damage|p1a: Iron Moth|76/100
|move|p2a: Beartic|Earthquake|p1a: Iron Moth
|-supereffective|p1a: Iron Moth
|-end|p1a: Iron Moth|Substitute
|
|-weather|RainDance|[upkeep]
|-damage|p2a: Beartic|88/100 brn|[from] brn
|upkeep
|turn|14
|
|t:|1760768780
|move|p1a: Iron Moth|Fiery Dance|p2a: Beartic
|-supereffective|p2a: Beartic
|-damage|p2a: Beartic|41/100 brn
|move|p2a: Beartic|Earthquake|p1a: Iron Moth
|-supereffective|p1a: Iron Moth
|-damage|p1a: Iron Moth|0 fnt
|faint|p1a: Iron Moth
|-end|p1a: Iron Moth|Quark Drive|[silent]
|
|-weather|RainDance|[upkeep]
|-damage|p2a: Beartic|35/100 brn|[from] brn
|upkeep
|
|t:|1760768788
|switch|p1a: Scream Tail|Scream Tail|100/100
|turn|15
|
|t:|1760768806
|switch|p2a: Ogerpon|Ogerpon-Wellspring, F|100/100
|move|p1a: Scream Tail|Wish|p1a: Scream Tail
|
|-weather|RainDance|[upkeep]
|upkeep
|turn|16
|
|t:|1760768826
|move|p2a: Ogerpon|Power Whip|p1a: Scream Tail
|-damage|p1a: Scream Tail|56/100
|move|p1a: Scream Tail|Dazzling Gleam|p2a: Ogerpon
|-damage|p2a: Ogerpon|80/100
|
|-weather|RainDance|[upkeep]
|-heal|p1a: Scream Tail|100/100|[from] move: Wish|[wisher] Scream Tail
|upkeep
|turn|17
|
|t:|1760768835
|-terastallize|p2a: Ogerpon|Water
|detailschange|p2a: Ogerpon|Ogerpon-Wellspring-Tera, F, tera:Water
|-ability|p2a: Ogerpon|Embody Aspect (Wellspring)|boost
|-boost|p2a: Ogerpon|spd|1
|move|p2a: Ogerpon|Ivy Cudgel|p1a: Scream Tail|[anim] Ivy Cudgel Water
|-damage|p1a: Scream Tail|19/100
|move|p1a: Scream Tail|Wish|p1a: Scream Tail
|
|-weather|none
|-heal|p1a: Scream Tail|26/100|[from] item: Leftovers
|upkeep
|turn|18
|
|t:|1760768847
|-end|p1a: Scream Tail|Protosynthesis|[silent]
|switch|p1a: Toxapex|Toxapex, F|92/100
|move|p2a: Ogerpon|Power Whip|p1a: Toxapex
|-damage|p1a: Toxapex|37/100
|
|-heal|p1a: Toxapex|100/100|[from] move: Wish|[wisher] Scream Tail
|upkeep
|turn|19
|
|t:|1760768854
|move|p2a: Ogerpon|Power Whip|p1a: Toxapex|[miss]
|-miss|p2a: Ogerpon|p1a: Toxapex
|move|p1a: Toxapex|Infestation|p2a: Ogerpon
|-damage|p2a: Ogerpon|77/100
|-activate|p2a: Ogerpon|move: Infestation|[of] p1a: Toxapex
|
|-damage|p2a: Ogerpon|65/100|[from] move: Infestation|[partiallytrapped]
|upkeep
|turn|20
|
|t:|1760768861
|move|p2a: Ogerpon|Power Whip|p1a: Toxapex
|-damage|p1a: Toxapex|45/100
|move|p1a: Toxapex|Toxic|p2a: Ogerpon
|-status|p2a: Ogerpon|tox
|
|-heal|p1a: Toxapex|51/100|[from] item: Black Sludge
|-damage|p2a: Ogerpon|59/100 tox|[from] psn
|-damage|p2a: Ogerpon|47/100 tox|[from] move: Infestation|[partiallytrapped]
|upkeep
|turn|21
|
|t:|1760768879
|move|p2a: Ogerpon|Power Whip|p1a: Toxapex
|-damage|p1a: Toxapex|0 fnt
|faint|p1a: Toxapex
|
|-damage|p2a: Ogerpon|35/100 tox|[from] psn
|-end|p2a: Ogerpon|Infestation|[partiallytrapped]|[silent]
|upkeep
|
|t:|1760768887
|switch|p1a: Scream Tail|Scream Tail|26/100
|turn|22
|
|t:|1760768891
|move|p2a: Ogerpon|Ivy Cudgel|p1a: Scream Tail|[anim] Ivy Cudgel Water
|-damage|p1a: Scream Tail|0 fnt
|faint|p1a: Scream Tail
|-end|p1a: Scream Tail|Protosynthesis|[silent]
|
|-damage|p2a: Ogerpon|17/100 tox|[from] psn
|upkeep
|
|t:|1760768893
|switch|p1a: Garchomp|Garchomp, M|50/100
|turn|23
|
|t:|1760768899
|move|p2a: Ogerpon|Ivy Cudgel|p1a: Garchomp|[anim] Ivy Cudgel Water
|-damage|p1a: Garchomp|3/100
|move|p1a: Garchomp|Earthquake|p2a: Ogerpon
|-damage|p2a: Ogerpon|0 fnt
|faint|p2a: Ogerpon
|detailschange|p2: Ogerpon|Ogerpon-Wellspring, F|[silent]
|
|upkeep
|
|t:|1760768905
|switch|p2a: Barraskewda|Barraskewda, M|82/100
|turn|24
|-message|Chase5423 forfeited.
|
|win|hellh0le
|raw|Chase5423's rating: 1113 &rarr; <strong>1088</strong><br />(-25 for losing)
|raw|hellh0le's rating: 1113 &rarr; <strong>1138</strong><br />(+25 for winning)
|l|☆Chase5423
|player|p1|
