|j|☆Auburn Hills
|j|☆leontief47
|t:|1760720493
|gametype|singles
|player|p1|Auburn Hills|alder|1802
|player|p2|leontief47|clerk|1729
|gen|9
|tier|[Gen 9] OU
|rated|
|rule|HP Percentage Mod: HP is shown in percentages
|rule|Endless Battle Clause: Forcing endless battles is banned
|rule|Species Clause: Limit one of each Pokémon
|rule|OHKO Clause: OHKO moves are banned
|rule|Evasion Items Clause: Evasion items are banned
|rule|Evasion Moves Clause: Evasion moves are banned
|rule|Evasion Abilities Clause: Evasion abilities are banned
|rule|Sleep Moves Clause: Sleep-inducing moves are banned
|clearpoke
|poke|p1|Iron Moth|
|poke|p1|Umbreon, M|
|poke|p1|Garchomp, F|
|poke|p1|Glimmora, F|
|poke|p1|Gholdengo|
|poke|p1|Dragonite, F|
|poke|p2|Rillaboom, F|
|poke|p2|Ogerpon-Cornerstone, F|
|poke|p2|Raging Bolt|
|poke|p2|Zamazenta-*|
|poke|p2|Hawlucha, F|
|poke|p2|Iron Treads|
|teampreview
|
|t:|1760720503
|teamsize|p1|6
|teamsize|p2|6
|start
|switch|p1a: Julia Jacklin|Glimmora, F|100/100
|switch|p2a: Iron Treads|Iron Treads|100/100
|-enditem|p2a: Iron Treads|Booster Energy
|-activate|p2a: Iron Treads|ability: Quark Drive|[fromitem]
|-start|p2a: Iron Treads|quarkdrivespe
|turn|1
|
|t:|1760720506
|move|p2a: Iron Treads|Earth Power|p1a: Julia Jacklin
|-supereffective|p1a: Julia Jacklin
|-enditem|p1a: Julia Jacklin|Focus Sash
|-damage|p1a: Julia Jacklin|1/100
|move|p1a: Julia Jacklin|Earth Power|p2a: Iron Treads
|-supereffective|p2a: Iron Treads
|-damage|p2a: Iron Treads|7/100
|
|upkeep
|turn|2
|
|t:|1760720510
|move|p2a: Iron Treads|Stealth Rock|p1a: Julia Jacklin
|-sidestart|p1: Auburn Hills|move: Stealth Rock
|move|p1a: Julia Jacklin|Earth Power|p2a: Iron Treads
|-supereffective|p2a: Iron Treads
|-damage|p2a: Iron Treads|0 fnt
|faint|p2a: Iron Treads
|-end|p2a: Iron Treads|Quark Drive|[silent]
|
|upkeep
|
|t:|1760720513
|switch|p2a: Raging Bolt|Raging Bolt|100/100
|turn|3
|
|t:|1760720517
|move|p1a: Julia Jacklin|Mortal Spin|p2a: Raging Bolt
|-damage|p2a: Raging Bolt|96/100
|-status|p2a: Raging Bolt|psn
|-sideend|p1: Auburn Hills|Stealth Rock|[from] move: Mortal Spin|[of] p1a: Julia Jacklin
|move|p2a: Raging Bolt|Dragon Pulse|p1a: Julia Jacklin
|-damage|p1a: Julia Jacklin|0 fnt
|faint|p1a: Julia Jacklin
|
|-damage|p2a: Raging Bolt|83/100 psn|[from] psn
|upkeep
|
|t:|1760720520
|switch|p1a: Rat Tally|Garchomp, F|100/100
|turn|4
|
|t:|1760720523
|-end|p2a: Raging Bolt|Protosynthesis|[silent]
|switch|p2a: Rillaboom|Rillaboom, F|100/100
|-fieldstart|move: Grassy Terrain|[from] ability: Grassy Surge|[of] p2a: Rillaboom
|move|p1a: Rat Tally|Scale Shot|p2a: Rillaboom|[miss]
|-miss|p1a: Rat Tally|p2a: Rillaboom
|
|upkeep
|turn|5
|
|t:|1760720529
|switch|p1a: Elucid|Dragonite, F|100/100
|move|p2a: Rillaboom|Wood Hammer|p1a: Elucid
|-resisted|p1a: Elucid
|-damage|p1a: Elucid|88/100
|-damage|p2a: Rillaboom|97/100|[from] Recoil
|
|-heal|p2a: Rillaboom|100/100|[from] Grassy Terrain
|upkeep
|turn|6
|inactive|Battle timer is ON: inactive players will automatically lose when time's up. (requested by leontief47)
|
|t:|1760720548
|move|p1a: Elucid|Ice Spinner|p2a: Rillaboom
|-supereffective|p2a: Rillaboom
|-damage|p2a: Rillaboom|43/100
|-fieldend|move: Grassy Terrain
|move|p2a: Rillaboom|U-turn|p1a: Elucid
|-resisted|p1a: Elucid
|-damage|p1a: Elucid|75/100
|
|t:|1760720551
|switch|p2a: Zamazenta|Zamazenta|100/100|[from] U-turn
|-ability|p2a: Zamazenta|Dauntless Shield|boost
|-boost|p2a: Zamazenta|def|1
|
|upkeep
|turn|7
|
|t:|1760720554
|switch|p1a: Smino|Gholdengo|100/100
|move|p2a: Zamazenta|Ice Fang|p1a: Smino
|-resisted|p1a: Smino
|-damage|p1a: Smino|86/100
|-damage|p2a: Zamazenta|91/100|[from] item: Life Orb
|
|upkeep
|turn|8
|j| Ggtggg
|
|t:|1760720564
|-terastallize|p2a: Zamazenta|Dark
|move|p1a: Smino|Shadow Ball|p2a: Zamazenta
|-resisted|p2a: Zamazenta
|-damage|p2a: Zamazenta|72/100
|-unboost|p2a: Zamazenta|spd|1
|move|p2a: Zamazenta|Crunch|p1a: Smino
|-supereffective|p1a: Smino
|-damage|p1a: Smino|0 fnt
|faint|p1a: Smino
|-damage|p2a: Zamazenta|62/100|[from] item: Life Orb
|
|upkeep
|
|t:|1760720567
|switch|p1a: Carly Rae|Iron Moth|100/100
|-enditem|p1a: Carly Rae|Booster Energy
|-activate|p1a: Carly Rae|ability: Quark Drive|[fromitem]
|-start|p1a: Carly Rae|quarkdrivespe
|turn|9
|
|t:|1760720574
|switch|p2a: Rillaboom|Rillaboom, F|43/100
|-fieldstart|move: Grassy Terrain|[from] ability: Grassy Surge|[of] p2a: Rillaboom
|move|p1a: Carly Rae|Dazzling Gleam|p2a: Rillaboom
|-damage|p2a: Rillaboom|10/100
|
|-heal|p2a: Rillaboom|16/100|[from] Grassy Terrain
|upkeep
|turn|10
|
|t:|1760720580
|move|p2a: Rillaboom|Grassy Glide|p1a: Carly Rae
|-resisted|p1a: Carly Rae
|-damage|p1a: Carly Rae|85/100
|move|p1a: Carly Rae|Fiery Dance|p2a: Rillaboom
|-supereffective|p2a: Rillaboom
|-damage|p2a: Rillaboom|0 fnt
|-boost|p1a: Carly Rae|spa|1
|faint|p2a: Rillaboom
|
|-heal|p1a: Carly Rae|91/100|[from] Grassy Terrain
|upkeep
|
|t:|1760720583
|switch|p2a: Ogerpon|Ogerpon-Cornerstone, F|100/100
|turn|11
|
|t:|1760720586
|-terastallize|p1a: Carly Rae|Fairy
|move|p1a: Carly Rae|Fiery Dance|p2a: Ogerpon
|-damage|p2a: Ogerpon|29/100
|move|p2a: Ogerpon|Ivy Cudgel|p1a: Carly Rae|[anim] Ivy Cudgel Rock
|-damage|p1a: Carly Rae|3/100
|
|-heal|p1a: Carly Rae|9/100|[from] Grassy Terrain
|-heal|p2a: Ogerpon|35/100|[from] Grassy Terrain
|upkeep
|turn|12
|
|t:|1760720593
|move|p1a: Carly Rae|Fiery Dance|p2a: Ogerpon
|-damage|p2a: Ogerpon|0 fnt
|-boost|p1a: Carly Rae|spa|1
|faint|p2a: Ogerpon
|
|-heal|p1a: Carly Rae|15/100|[from] Grassy Terrain
|upkeep
|
|t:|1760720595
|switch|p2a: Hawlucha|Hawlucha, F|100/100
|-enditem|p2a: Hawlucha|Grassy Seed
|-boost|p2a: Hawlucha|def|1|[from] item: Grassy Seed
|turn|13
|
|t:|1760720601
|move|p2a: Hawlucha|Acrobatics|p1a: Carly Rae
|-damage|p1a: Carly Rae|0 fnt
|faint|p1a: Carly Rae
|-end|p1a: Carly Rae|Quark Drive|[silent]
|
|upkeep
|
|t:|1760720604
|switch|p1a: Elucid|Dragonite, F|75/100
|turn|14
|
|t:|1760720609
|move|p2a: Hawlucha|Swords Dance|p2a: Hawlucha
|-boost|p2a: Hawlucha|atk|2
|move|p1a: Elucid|Ice Spinner|p2a: Hawlucha
|-supereffective|p2a: Hawlucha
|-damage|p2a: Hawlucha|45/100
|-fieldend|move: Grassy Terrain
|
|upkeep
|turn|15
|
|t:|1760720615
|switch|p1a: Alvvays|Umbreon, M|100/100
|move|p2a: Hawlucha|Acrobatics|p1a: Alvvays
|-damage|p1a: Alvvays|18/100
|
|-heal|p1a: Alvvays|24/100|[from] item: Leftovers
|upkeep
|turn|16
|
|t:|1760720617
|move|p2a: Hawlucha|Acrobatics|p1a: Alvvays
|-damage|p1a: Alvvays|0 fnt
|faint|p1a: Alvvays
|
|upkeep
|
|t:|1760720619
|switch|p1a: Elucid|Dragonite, F|75/100
|turn|17
|
|t:|1760720621
|move|p1a: Elucid|Extreme Speed|p2a: Hawlucha
|-damage|p2a: Hawlucha|15/100
|move|p2a: Hawlucha|Acrobatics|p1a: Elucid
|-damage|p1a: Elucid|0 fnt
|faint|p1a: Elucid
|
|upkeep
|-message|Auburn Hills forfeited.
|
|win|leontief47
|raw|Auburn Hills's rating: 1802 &rarr; <strong>1778</strong><br />(-24 for losing)
|raw|leontief47's rating: 1729 &rarr; <strong>1753</strong><br />(+24 for winning)
|l|☆Auburn Hills
|player|p1|
|l|☆leontief47
|player|p2|
