|j|☆darkthrillz
|j|☆pegfan
|t:|1760718690
|gametype|singles
|player|p1|darkthrillz|shadowtriad|1298
|player|p2|pegfan|twins-gen4dp|1286
|gen|9
|tier|[Gen 9] OU
|rated|
|rule|HP Percentage Mod: HP is shown in percentages
|rule|Endless Battle Clause: Forcing endless battles is banned
|rule|Species Clause: Limit one of each Pokémon
|rule|OHKO Clause: OHKO moves are banned
|rule|Evasion Items Clause: Evasion items are banned
|rule|Evasion Moves Clause: Evasion moves are banned
|rule|Evasion Abilities Clause: Evasion abilities are banned
|rule|Sleep Moves Clause: Sleep-inducing moves are banned
|clearpoke
|poke|p1|Milotic, M|
|poke|p1|Ceruledge, M|
|poke|p1|Tauros-Paldea-Blaze, M|
|poke|p1|Tornadus-Therian, M|
|poke|p1|Toxtricity-Low-Key, M|
|poke|p1|Espeon, M|
|poke|p2|Araquanid, M|
|poke|p2|Cinderace, F|
|poke|p2|Serperior, M|
|poke|p2|Kingambit, M|
|poke|p2|Milotic, M|
|poke|p2|Dragapult, M|
|teampreview
|
|t:|1760718696
|teamsize|p1|6
|teamsize|p2|6
|start
|switch|p1a: Tauros|Tauros-Paldea-Blaze, M|100/100
|switch|p2a: Araquanid|Araquanid, M|100/100
|-ability|p1a: Tauros|Intimidate|boost
|-unboost|p2a: Araquanid|atk|1
|turn|1
|
|t:|1760718702
|move|p1a: Tauros|Will-O-Wisp|p2a: Araquanid
|-immune|p2a: Araquanid|[from] ability: Water Bubble
|move|p2a: Araquanid|Sticky Web|p1a: Tauros
|-sidestart|p1: darkthrillz|move: Sticky Web
|
|upkeep
|turn|2
|
|t:|1760718706
|switch|p1a: Lotic|Milotic, M, shiny|100/100
|-activate|p1a: Lotic|move: Sticky Web
|-unboost|p1a: Lotic|spe|1
|-ability|p1a: Lotic|Competitive|boost
|-boost|p1a: Lotic|spa|2
|move|p2a: Araquanid|Surf|p1a: Lotic
|-resisted|p1a: Lotic
|-damage|p1a: Lotic|92/100
|
|-heal|p1a: Lotic|98/100|[from] item: Leftovers
|upkeep
|turn|3
|
|t:|1760718714
|move|p2a: Araquanid|Endeavor|p1a: Lotic
|-damage|p1a: Lotic|87/100
|move|p1a: Lotic|Scald|p2a: Araquanid
|-resisted|p2a: Araquanid
|-damage|p2a: Araquanid|83/100
|
|-heal|p1a: Lotic|93/100|[from] item: Leftovers
|upkeep
|turn|4
|
|t:|1760718724
|move|p2a: Araquanid|Endeavor|p1a: Lotic
|-damage|p1a: Lotic|72/100
|move|p1a: Lotic|Scald|p2a: Araquanid
|-resisted|p2a: Araquanid
|-damage|p2a: Araquanid|66/100
|
|-heal|p1a: Lotic|78/100|[from] item: Leftovers
|upkeep
|turn|5
|
|t:|1760718729
|move|p2a: Araquanid|Endeavor|p1a: Lotic
|-damage|p1a: Lotic|57/100
|move|p1a: Lotic|Draining Kiss|p2a: Araquanid
|-damage|p2a: Araquanid|53/100
|-heal|p1a: Lotic|65/100|[from] drain|[of] p2a: Araquanid
|
|-heal|p1a: Lotic|71/100|[from] item: Leftovers
|upkeep
|turn|6
|
|t:|1760718734
|move|p2a: Araquanid|Endeavor|p1a: Lotic
|-damage|p1a: Lotic|46/100
|move|p1a: Lotic|Recover|p1a: Lotic
|-heal|p1a: Lotic|96/100
|
|-heal|p1a: Lotic|100/100|[from] item: Leftovers
|upkeep
|turn|7
|
|t:|1760718739
|switch|p1a: Ceruledge|Ceruledge, M, shiny|100/100
|-activate|p1a: Ceruledge|move: Sticky Web
|-unboost|p1a: Ceruledge|spe|1
|move|p2a: Araquanid|Endeavor|p1a: Ceruledge
|-immune|p1a: Ceruledge
|
|upkeep
|turn|8
|
|t:|1760718742
|move|p1a: Ceruledge|Bulk Up|p1a: Ceruledge
|-boost|p1a: Ceruledge|atk|1
|-boost|p1a: Ceruledge|def|1
|move|p2a: Araquanid|Surf|p1a: Ceruledge
|-supereffective|p1a: Ceruledge
|-damage|p1a: Ceruledge|28/100
|-enditem|p1a: Ceruledge|Weakness Policy
|-boost|p1a: Ceruledge|atk|2|[from] item: Weakness Policy
|-boost|p1a: Ceruledge|spa|2|[from] item: Weakness Policy
|
|upkeep
|turn|9
|
|t:|1760718750
|-terastallize|p1a: Ceruledge|Grass
|move|p1a: Ceruledge|Poltergeist|p2a: Araquanid
|-activate|p2a: Araquanid|move: Poltergeist|Custap Berry
|-damage|p2a: Araquanid|0 fnt
|faint|p2a: Araquanid
|
|upkeep
|inactive|Battle timer is ON: inactive players will automatically lose when time's up. (requested by darkthrillz)
|
|t:|1760718795
|switch|p2a: Cinderace|Cinderace, F|100/100
|turn|10
|
|t:|1760718797
|move|p1a: Ceruledge|Endure|p1a: Ceruledge
|-singleturn|p1a: Ceruledge|move: Endure
|move|p2a: Cinderace|Court Change|p2a: Cinderace
|-swapsideconditions
|-activate|p2a: Cinderace|move: Court Change
|
|upkeep
|turn|11
|
|t:|1760718806
|move|p2a: Cinderace|Pyro Ball|p1a: Ceruledge
|-supereffective|p1a: Ceruledge
|-damage|p1a: Ceruledge|0 fnt
|faint|p1a: Ceruledge
|
|upkeep
|
|t:|1760718814
|switch|p1a: Tornadus|Tornadus-Therian, M|100/100
|turn|12
|
|t:|1760718817
|move|p2a: Cinderace|U-turn|p1a: Tornadus
|-resisted|p1a: Tornadus
|-damage|p1a: Tornadus|88/100
|
|t:|1760718820
|switch|p2a: Kingambit|Kingambit, M|100/100|[from] U-turn
|-activate|p2a: Kingambit|move: Sticky Web
|-unboost|p2a: Kingambit|spe|1
|-ability|p2a: Kingambit|Defiant|boost
|-boost|p2a: Kingambit|atk|2
|move|p1a: Tornadus|Tailwind|p1a: Tornadus
|-sidestart|p1: darkthrillz|move: Tailwind
|
|upkeep
|turn|13
|
|t:|1760718827
|switch|p1a: Tauros|Tauros-Paldea-Blaze, M|100/100
|-ability|p1a: Tauros|Intimidate|boost
|-unboost|p2a: Kingambit|atk|1
|-ability|p2a: Kingambit|Defiant|boost
|-boost|p2a: Kingambit|atk|2
|move|p2a: Kingambit|Kowtow Cleave|p1a: Tauros
|-resisted|p1a: Tauros
|-damage|p1a: Tauros|56/100
|
|upkeep
|turn|14
|
|t:|1760718834
|switch|p2a: Dragapult|Dragapult, M|100/100
|-activate|p2a: Dragapult|move: Sticky Web
|-fail|p2a: Dragapult|unboost|[from] ability: Clear Body|[of] p2a: Dragapult
|move|p1a: Tauros|Will-O-Wisp|p2a: Dragapult
|-status|p2a: Dragapult|brn
|
|-damage|p2a: Dragapult|95/100 brn|[from] brn
|upkeep
|turn|15
|c|☆darkthrillz|Lol nice team
|
|t:|1760718853
|switch|p1a: Lotic|Milotic, M, shiny|100/100
|move|p2a: Dragapult|U-turn|p1a: Lotic
|-damage|p1a: Lotic|82/100
|c|☆pegfan|thanks
|
|t:|1760718857
|switch|p2a: Serperior|Serperior, M|100/100|[from] U-turn
|-activate|p2a: Serperior|move: Sticky Web
|-boost|p2a: Serperior|spe|1
|
|-heal|p1a: Lotic|88/100|[from] item: Leftovers
|-sideend|p1: darkthrillz|move: Tailwind
|upkeep
|turn|16
|
|t:|1760718872
|switch|p1a: Tornadus|Tornadus-Therian, M|100/100
|-terastallize|p2a: Serperior|Fire
|move|p2a: Serperior|Leaf Storm|p1a: Tornadus
|-resisted|p1a: Tornadus
|-damage|p1a: Tornadus|81/100
|-boost|p2a: Serperior|spa|2
|
|upkeep
|turn|17
|
|t:|1760718885
|move|p2a: Serperior|Leaf Storm|p1a: Tornadus
|-resisted|p1a: Tornadus
|-damage|p1a: Tornadus|41/100
|-boost|p2a: Serperior|spa|2
|-enditem|p1a: Tornadus|Sitrus Berry|[eat]
|-heal|p1a: Tornadus|66/100|[from] item: Sitrus Berry
|move|p1a: Tornadus|Tailwind|p1a: Tornadus
|-sidestart|p1: darkthrillz|move: Tailwind
|
|upkeep
|turn|18
|
|t:|1760718892
|move|p1a: Tornadus|Acrobatics|p2a: Serperior
|-damage|p2a: Serperior|53/100
|move|p2a: Serperior|Substitute|p2a: Serperior
|-start|p2a: Serperior|Substitute
|-damage|p2a: Serperior|28/100
|
|-heal|p2a: Serperior|34/100|[from] item: Leftovers
|upkeep
|turn|19
|
|t:|1760718900
|move|p1a: Tornadus|Acrobatics|p2a: Serperior
|-end|p2a: Serperior|Substitute
|move|p2a: Serperior|Glare|p1a: Tornadus
|-status|p1a: Tornadus|par
|
|-heal|p2a: Serperior|40/100|[from] item: Leftovers
|upkeep
|turn|20
|
|t:|1760718910
|move|p2a: Serperior|Tera Blast|p1a: Tornadus|[anim] Tera Blast Fire
|-damage|p1a: Tornadus|0 fnt
|faint|p1a: Tornadus
|
|-heal|p2a: Serperior|47/100|[from] item: Leftovers
|-sideend|p1: darkthrillz|move: Tailwind
|upkeep
|
|t:|1760718919
|switch|p1a: BLAARGH!!|Toxtricity-Low-Key, M|100/100
|turn|21
|
|t:|1760718923
|move|p2a: Serperior|Tera Blast|p1a: BLAARGH!!|[anim] Tera Blast Fire
|-damage|p1a: BLAARGH!!|0 fnt
|faint|p1a: BLAARGH!!
|
|-heal|p2a: Serperior|53/100|[from] item: Leftovers
|upkeep
|
|t:|1760718927
|switch|p1a: Lotic|Milotic, M, shiny|88/100
|turn|22
|-message|darkthrillz forfeited.
|
|win|pegfan
|raw|darkthrillz's rating: 1298 &rarr; <strong>1272</strong><br />(-26 for losing)
|raw|pegfan's rating: 1286 &rarr; <strong>1312</strong><br />(+26 for winning)
|l|☆darkthrillz
|player|p1|
|l|☆pegfan
|player|p2|
