|j|‽zeep vs zoop
|j|☆Spud Webbs
|t:|1760804878
|gametype|singles
|player|p1|zeep vs zoop|iris-gen5bw2|1825
|player|p2|Spud Webbs|2|1779
|gen|9
|tier|[Gen 9] OU
|rated|
|rule|HP Percentage Mod: HP is shown in percentages
|rule|Endless Battle Clause: Forcing endless battles is banned
|rule|Species Clause: Limit one of each Pokémon
|rule|OHKO Clause: OHKO moves are banned
|rule|Evasion Items Clause: Evasion items are banned
|rule|Evasion Moves Clause: Evasion moves are banned
|rule|Evasion Abilities Clause: Evasion abilities are banned
|rule|Sleep Moves Clause: Sleep-inducing moves are banned
|clearpoke
|poke|p1|Zamazenta-*|
|poke|p1|Latios, M|
|poke|p1|Weezing-Galar, M|
|poke|p1|Moltres|
|poke|p1|Ting-Lu|
|poke|p1|Gholdengo|
|poke|p2|Ceruledge, F|
|poke|p2|Ninetales, F|
|poke|p2|Enamorus, F|
|poke|p2|Raging Bolt|
|poke|p2|Great Tusk|
|poke|p2|Leavanny, M|
|teampreview
|inactive|Battle timer is ON: inactive players will automatically lose when time's up. (requested by zeep vs zoop)
|
|t:|1760804905
|teamsize|p1|6
|teamsize|p2|6
|start
|switch|p1a: Weezing|Weezing-Galar, M|100/100
|switch|p2a: free L|Enamorus, F|100/100
|-ability|p1a: Weezing|Neutralizing Gas
|turn|1
|
|t:|1760804908
|-end|p1a: Weezing|ability: Neutralizing Gas
|switch|p1a: Moltres|Moltres|100/100
|move|p2a: free L|Earth Power|p1a: Moltres
|-immune|p1a: Moltres
|
|upkeep
|turn|2
|
|t:|1760804912
|switch|p2a: fine tales|Ninetales, F|100/100
|-weather|SunnyDay|[from] ability: Drought|[of] p2a: fine tales
|switch|p1a: Latios|Latios, M|100/100
|
|-weather|SunnyDay|[upkeep]
|upkeep
|turn|3
|
|t:|1760804916
|move|p1a: Latios|Luster Purge|p2a: fine tales
|-damage|p2a: fine tales|23/100
|move|p2a: fine tales|Will-O-Wisp|p1a: Latios
|-status|p1a: Latios|brn
|
|-weather|SunnyDay|[upkeep]
|-damage|p1a: Latios|95/100 brn|[from] brn
|upkeep
|turn|4
|j| corynet
|
|t:|1760804937
|switch|p2a: aint no chump|Great Tusk|100/100
|-activate|p2a: aint no chump|ability: Protosynthesis
|-start|p2a: aint no chump|protosynthesisatk
|move|p1a: Latios|Luster Purge|p2a: aint no chump
|-supereffective|p2a: aint no chump
|-damage|p2a: aint no chump|0 fnt
|faint|p2a: aint no chump
|-end|p2a: aint no chump|Protosynthesis|[silent]
|
|-weather|SunnyDay|[upkeep]
|-damage|p1a: Latios|89/100 brn|[from] brn
|upkeep
|
|t:|1760804938
|switch|p2a: LEAVanny! Get it?|Leavanny, M|100/100
|turn|5
|
|t:|1760804941
|switch|p1a: Weezing|Weezing-Galar, M|100/100
|-ability|p1a: Weezing|Neutralizing Gas
|move|p2a: LEAVanny! Get it?|Lunge|p1a: Weezing
|-resisted|p1a: Weezing
|-damage|p1a: Weezing|94/100
|-unboost|p1a: Weezing|atk|1
|
|-weather|SunnyDay|[upkeep]
|upkeep
|turn|6
|
|t:|1760804944
|move|p2a: LEAVanny! Get it?|Sticky Web|p1a: Weezing
|-sidestart|p1: zeep vs zoop|move: Sticky Web
|move|p1a: Weezing|Will-O-Wisp|p2a: LEAVanny! Get it?
|-status|p2a: LEAVanny! Get it?|brn
|
|-weather|SunnyDay|[upkeep]
|-damage|p2a: LEAVanny! Get it?|94/100 brn|[from] brn
|upkeep
|turn|7
|
|t:|1760804947
|switch|p2a: try me bish|Ceruledge, F|100/100
|move|p1a: Weezing|Defog|p2a: try me bish
|-unboost|p2a: try me bish|evasion|1
|-sideend|p1: zeep vs zoop|Sticky Web|[from] move: Defog|[of] p1a: Weezing
|
|-weather|SunnyDay|[upkeep]
|upkeep
|turn|8
|
|t:|1760804953
|-end|p1a: Weezing|ability: Neutralizing Gas
|switch|p1a: Ting-Lu|Ting-Lu|100/100
|-ability|p1a: Ting-Lu|Vessel of Ruin
|move|p2a: try me bish|Swords Dance|p2a: try me bish
|-boost|p2a: try me bish|atk|2
|
|-weather|SunnyDay|[upkeep]
|upkeep
|turn|9
|
|t:|1760804961
|-terastallize|p2a: try me bish|Fire
|move|p2a: try me bish|Bitter Blade|p1a: Ting-Lu
|-damage|p1a: Ting-Lu|0 fnt
|-damage|p2a: try me bish|84/100|[from] item: Rocky Helmet|[of] p1a: Ting-Lu
|faint|p1a: Ting-Lu
|-damage|p2a: try me bish|74/100|[from] item: Life Orb
|
|-weather|none
|upkeep
|
|t:|1760804966
|switch|p1a: Zamazenta|Zamazenta|100/100
|-ability|p1a: Zamazenta|Dauntless Shield|boost
|-boost|p1a: Zamazenta|def|1
|turn|10
|
|t:|1760804970
|switch|p2a: fine tales|Ninetales, F|23/100
|-weather|SunnyDay|[from] ability: Drought|[of] p2a: fine tales
|move|p1a: Zamazenta|Close Combat|p2a: fine tales
|-damage|p2a: fine tales|0 fnt
|-unboost|p1a: Zamazenta|def|1
|-unboost|p1a: Zamazenta|spd|1
|faint|p2a: fine tales
|
|-weather|SunnyDay|[upkeep]
|upkeep
|
|t:|1760804973
|switch|p2a: free L|Enamorus, F|100/100
|turn|11
|
|t:|1760804976
|switch|p1a: Moltres|Moltres|100/100
|move|p2a: free L|Weather Ball|p1a: Moltres
|-resisted|p1a: Moltres
|-damage|p1a: Moltres|71/100
|
|-weather|SunnyDay|[upkeep]
|upkeep
|turn|12
|
|t:|1760804978
|switch|p2a: I got you fam|Raging Bolt|100/100
|-activate|p2a: I got you fam|ability: Protosynthesis
|-start|p2a: I got you fam|protosynthesisspa
|move|p1a: Moltres|Flamethrower|p2a: I got you fam
|-resisted|p2a: I got you fam
|-damage|p2a: I got you fam|73/100
|
|-weather|SunnyDay|[upkeep]
|upkeep
|turn|13
|
|t:|1760804986
|switch|p1a: Weezing|Weezing-Galar, M|94/100
|-ability|p1a: Weezing|Neutralizing Gas
|move|p2a: I got you fam|Thunderbolt|p1a: Weezing
|-damage|p1a: Weezing|6/100
|-status|p1a: Weezing|par
|-damage|p2a: I got you fam|63/100|[from] item: Life Orb
|
|-weather|SunnyDay|[upkeep]
|upkeep
|turn|14
|
|t:|1760804990
|move|p2a: I got you fam|Thunderbolt|p1a: Weezing
|-damage|p1a: Weezing|0 fnt
|faint|p1a: Weezing
|-end|p1a: Weezing|ability: Neutralizing Gas
|-damage|p2a: I got you fam|53/100|[from] item: Life Orb
|
|-weather|SunnyDay|[upkeep]
|upkeep
|
|t:|1760805001
|switch|p1a: Latios|Latios, M|89/100 brn
|turn|15
|
|t:|1760805004
|move|p2a: I got you fam|Thunderclap|p1a: Latios
|-resisted|p1a: Latios
|-damage|p1a: Latios|55/100 brn
|-damage|p2a: I got you fam|43/100|[from] item: Life Orb
|move|p1a: Latios|Luster Purge|p2a: I got you fam
|-damage|p2a: I got you fam|0 fnt
|faint|p2a: I got you fam
|-end|p2a: I got you fam|Protosynthesis|[silent]
|
|-weather|SunnyDay|[upkeep]
|-damage|p1a: Latios|49/100 brn|[from] brn
|upkeep
|
|t:|1760805008
|switch|p2a: LEAVanny! Get it?|Leavanny, M|94/100 brn
|turn|16
|
|t:|1760805013
|move|p2a: LEAVanny! Get it?|Sticky Web|p1a: Latios
|-sidestart|p1: zeep vs zoop|move: Sticky Web
|move|p1a: Latios|Luster Purge|p2a: LEAVanny! Get it?
|-damage|p2a: LEAVanny! Get it?|0 fnt
|faint|p2a: LEAVanny! Get it?
|
|-weather|SunnyDay|[upkeep]
|-damage|p1a: Latios|43/100 brn|[from] brn
|upkeep
|
|t:|1760805016
|switch|p2a: try me bish|Ceruledge, F, tera:Fire|74/100
|turn|17
|
|t:|1760805019
|move|p2a: try me bish|Shadow Sneak|p1a: Latios
|-supereffective|p1a: Latios
|-damage|p1a: Latios|0 fnt
|faint|p1a: Latios
|-damage|p2a: try me bish|64/100|[from] item: Life Orb
|
|-weather|none
|upkeep
|
|t:|1760805025
|switch|p1a: Zamazenta|Zamazenta|100/100
|-activate|p1a: Zamazenta|move: Sticky Web
|-unboost|p1a: Zamazenta|spe|1
|turn|18
|
|t:|1760805027
|switch|p2a: free L|Enamorus, F|100/100
|move|p1a: Zamazenta|Close Combat|p2a: free L
|-resisted|p2a: free L
|-damage|p2a: free L|66/100
|-unboost|p1a: Zamazenta|def|1
|-unboost|p1a: Zamazenta|spd|1
|
|upkeep
|turn|19
|
|t:|1760805033
|switch|p1a: Moltres|Moltres|71/100
|move|p2a: free L|Healing Wish|p2a: free L
|faint|p2a: free L
|
|upkeep
|
|t:|1760805034
|switch|p2a: try me bish|Ceruledge, F, tera:Fire|64/100
|-heal|p2a: try me bish|100/100|[from] move: Healing Wish
|turn|20
|
|t:|1760805039
|switch|p1a: Zamazenta|Zamazenta|100/100
|-activate|p1a: Zamazenta|move: Sticky Web
|-unboost|p1a: Zamazenta|spe|1
|move|p2a: try me bish|Swords Dance|p2a: try me bish
|-boost|p2a: try me bish|atk|2
|
|upkeep
|turn|21
|
|t:|1760805045
|-terastallize|p1a: Zamazenta|Fighting
|move|p1a: Zamazenta|Close Combat|p2a: try me bish
|-damage|p2a: try me bish|0 fnt
|-unboost|p1a: Zamazenta|def|1
|-unboost|p1a: Zamazenta|spd|1
|faint|p2a: try me bish
|
|win|zeep vs zoop
|raw|zeep vs zoop's rating: 1825 &rarr; <strong>1842</strong><br />(+17 for winning)
|raw|Spud Webbs's rating: 1779 &rarr; <strong>1762</strong><br />(-17 for losing)
|l|‽zeep vs zoop
|player|p1|
|l|☆Spud Webbs
|player|p2|
