|j|☆zebramessiah
|j|☆unreadables
|t:|1760767520
|gametype|singles
|player|p1|zebramessiah|dancer|1098
|player|p2|unreadables|1|1077
|gen|9
|tier|[Gen 9] OU
|rated|
|rule|HP Percentage Mod: HP is shown in percentages
|rule|Endless Battle Clause: Forcing endless battles is banned
|rule|Species Clause: Limit one of each Pokémon
|rule|OHKO Clause: OHKO moves are banned
|rule|Evasion Items Clause: Evasion items are banned
|rule|Evasion Moves Clause: Evasion moves are banned
|rule|Evasion Abilities Clause: Evasion abilities are banned
|rule|Sleep Moves Clause: Sleep-inducing moves are banned
|clearpoke
|poke|p1|Regidrago|
|poke|p1|Milotic, M|
|poke|p1|Lycanroc-Dusk, F|
|poke|p1|Pyroar, M|
|poke|p1|Overqwil, M|
|poke|p1|Orthworm, F|
|poke|p2|Toxapex, F|
|poke|p2|Weezing-Galar, M|
|poke|p2|Hatterene, F|
|poke|p2|Ursaluna, M|
|poke|p2|Dondozo, F|
|poke|p2|Garganacl, M|
|teampreview
|
|t:|1760767528
|teamsize|p1|6
|teamsize|p2|6
|start
|switch|p1a: Orthworm|Orthworm, F|100/100
|switch|p2a: Hatterene|Hatterene, F|100/100
|turn|1
|
|t:|1760767536
|switch|p2a: Garganacl|Garganacl, M|100/100
|move|p1a: Orthworm|Spikes|p2a: Garganacl
|-sidestart|p2: unreadables|Spikes
|
|upkeep
|turn|2
|
|t:|1760767550
|move|p1a: Orthworm|Coil|p1a: Orthworm
|-boost|p1a: Orthworm|atk|1
|-boost|p1a: Orthworm|def|1
|-boost|p1a: Orthworm|accuracy|1
|move|p2a: Garganacl|Curse|p2a: Garganacl
|-unboost|p2a: Garganacl|spe|1
|-boost|p2a: Garganacl|atk|1
|-boost|p2a: Garganacl|def|1
|
|upkeep
|turn|3
|
|t:|1760767564
|move|p1a: Orthworm|Spikes|p2a: Garganacl
|-sidestart|p2: unreadables|Spikes
|move|p2a: Garganacl|Salt Cure|p1a: Orthworm
|-resisted|p1a: Orthworm
|-damage|p1a: Orthworm|94/100
|-start|p1a: Orthworm|Salt Cure
|
|-heal|p1a: Orthworm|99/100|[from] item: Leftovers
|-damage|p1a: Orthworm|75/100|[from] Salt Cure
|upkeep
|turn|4
|
|t:|1760767576
|move|p1a: Orthworm|Body Press|p2a: Garganacl
|-supereffective|p2a: Garganacl
|-damage|p2a: Garganacl|67/100
|-damage|p1a: Orthworm|58/100|[from] item: Rocky Helmet|[of] p2a: Garganacl
|move|p2a: Garganacl|Curse|p2a: Garganacl
|-unboost|p2a: Garganacl|spe|1
|-boost|p2a: Garganacl|atk|1
|-boost|p2a: Garganacl|def|1
|
|-heal|p1a: Orthworm|64/100|[from] item: Leftovers
|-damage|p1a: Orthworm|39/100|[from] Salt Cure
|upkeep
|turn|5
|
|t:|1760767596
|switch|p1a: Milotic|Milotic, M|100/100
|move|p2a: Garganacl|Curse|p2a: Garganacl
|-unboost|p2a: Garganacl|spe|1
|-boost|p2a: Garganacl|atk|1
|-boost|p2a: Garganacl|def|1
|
|-status|p1a: Milotic|brn|[from] item: Flame Orb
|upkeep
|turn|6
|
|t:|1760767605
|move|p2a: Garganacl|Iron Head|p1a: Milotic
|-resisted|p1a: Milotic
|-damage|p1a: Milotic|83/100 brn
|move|p1a: Milotic|Dragon Tail|p2a: Garganacl|[miss]
|-miss|p1a: Milotic|p2a: Garganacl
|
|-damage|p1a: Milotic|77/100 brn|[from] brn
|upkeep
|turn|7
|
|t:|1760767619
|move|p2a: Garganacl|Salt Cure|p1a: Milotic
|-damage|p1a: Milotic|53/100 brn
|-start|p1a: Milotic|Salt Cure
|move|p1a: Milotic|Dragon Tail|p2a: Garganacl
|-damage|p2a: Garganacl|66/100
|-damage|p1a: Milotic|37/100 brn|[from] item: Rocky Helmet|[of] p2a: Garganacl
|drag|p2a: Ursaluna|Ursaluna, M|100/100
|-damage|p2a: Ursaluna|84/100|[from] Spikes
|
|-damage|p1a: Milotic|30/100 brn|[from] brn
|-damage|p1a: Milotic|6/100 brn|[from] Salt Cure
|-status|p2a: Ursaluna|brn|[from] item: Flame Orb
|upkeep
|turn|8
|
|t:|1760767633
|move|p2a: Ursaluna|Protect|p2a: Ursaluna
|-singleturn|p2a: Ursaluna|Protect
|move|p1a: Milotic|Flip Turn|p2a: Ursaluna
|-activate|p2a: Ursaluna|move: Protect
|
|-damage|p1a: Milotic|0 fnt|[from] brn
|faint|p1a: Milotic
|-damage|p2a: Ursaluna|78/100 brn|[from] brn
|upkeep
|
|t:|1760767643
|switch|p1a: Orthworm|Orthworm, F|39/100
|turn|9
|
|t:|1760767660
|move|p1a: Orthworm|Coil|p1a: Orthworm
|-boost|p1a: Orthworm|atk|1
|-boost|p1a: Orthworm|def|1
|-boost|p1a: Orthworm|accuracy|1
|move|p2a: Ursaluna|Drain Punch|p1a: Orthworm
|-supereffective|p1a: Orthworm
|-damage|p1a: Orthworm|0 fnt
|-heal|p2a: Ursaluna|92/100 brn|[from] drain|[of] p1a: Orthworm
|faint|p1a: Orthworm
|
|-damage|p2a: Ursaluna|86/100 brn|[from] brn
|upkeep
|
|t:|1760767671
|switch|p1a: Lycanroc|Lycanroc-Dusk, F|100/100
|turn|10
|
|t:|1760767680
|move|p1a: Lycanroc|Stealth Rock|p2a: Ursaluna
|-sidestart|p2: unreadables|move: Stealth Rock
|move|p2a: Ursaluna|Headlong Rush|p1a: Lycanroc
|-supereffective|p1a: Lycanroc
|-enditem|p1a: Lycanroc|Focus Sash
|-damage|p1a: Lycanroc|1/100
|-unboost|p2a: Ursaluna|def|1
|-unboost|p2a: Ursaluna|spd|1
|
|-damage|p2a: Ursaluna|80/100 brn|[from] brn
|upkeep
|turn|11
|
|t:|1760767691
|move|p1a: Lycanroc|Endeavor|p2a: Ursaluna
|-damage|p2a: Ursaluna|1/100 brn
|move|p2a: Ursaluna|Drain Punch|p1a: Lycanroc
|-supereffective|p1a: Lycanroc
|-damage|p1a: Lycanroc|0 fnt
|-heal|p2a: Ursaluna|1/100 brn|[from] drain|[of] p1a: Lycanroc
|faint|p1a: Lycanroc
|
|-damage|p2a: Ursaluna|0 fnt|[from] brn
|faint|p2a: Ursaluna
|upkeep
|
|t:|1760767709
|switch|p1a: Regidrago|Regidrago|100/100
|switch|p2a: Weezing|Weezing-Galar, M|100/100
|-ability|p2a: Weezing|Neutralizing Gas
|-damage|p2a: Weezing|84/100|[from] Spikes
|-damage|p2a: Weezing|72/100|[from] Stealth Rock
|turn|12
|
|t:|1760767721
|-terastallize|p1a: Regidrago|Steel
|move|p1a: Regidrago|Tera Blast|p2a: Weezing|[anim] Tera Blast Steel
|-supereffective|p2a: Weezing
|-damage|p2a: Weezing|0 fnt
|faint|p2a: Weezing
|-end|p2a: Weezing|ability: Neutralizing Gas
|
|upkeep
|
|t:|1760767737
|switch|p2a: Dondozo|Dondozo, F|100/100
|-damage|p2a: Dondozo|84/100|[from] Spikes
|-damage|p2a: Dondozo|71/100|[from] Stealth Rock
|turn|13
|
|t:|1760767744
|switch|p1a: Overqwil|Overqwil, M|100/100
|-ability|p1a: Overqwil|Intimidate|boost
|-unboost|p2a: Dondozo|atk|1
|-terastallize|p2a: Dondozo|Water
|move|p2a: Dondozo|Wave Crash|p1a: Overqwil
|-damage|p1a: Overqwil|28/100
|-damage|p2a: Dondozo|56/100|[from] Recoil
|-enditem|p1a: Overqwil|Red Card|[of] p2a: Dondozo
|drag|p2a: Toxapex|Toxapex, F|100/100
|-damage|p2a: Toxapex|84/100|[from] Spikes
|-damage|p2a: Toxapex|72/100|[from] Stealth Rock
|
|-heal|p2a: Toxapex|78/100|[from] item: Black Sludge
|upkeep
|turn|14
|
|t:|1760767766
|move|p1a: Overqwil|Swords Dance|p1a: Overqwil
|-boost|p1a: Overqwil|atk|2
|move|p2a: Toxapex|Toxic Spikes|p1a: Overqwil
|-sidestart|p1: zebramessiah|move: Toxic Spikes
|
|-heal|p2a: Toxapex|84/100|[from] item: Black Sludge
|upkeep
|turn|15
|
|t:|1760767781
|switch|p2a: Hatterene|Hatterene, F|100/100
|-damage|p2a: Hatterene|84/100|[from] Spikes
|-damage|p2a: Hatterene|72/100|[from] Stealth Rock
|move|p1a: Overqwil|Swords Dance|p1a: Overqwil
|-boost|p1a: Overqwil|atk|2
|
|upkeep
|turn|16
|
|t:|1760767793
|move|p1a: Overqwil|Barb Barrage|p2a: Hatterene
|-supereffective|p2a: Hatterene
|-damage|p2a: Hatterene|0 fnt
|faint|p2a: Hatterene
|
|upkeep
|
|t:|1760767796
|switch|p2a: Toxapex|Toxapex, F|100/100
|-damage|p2a: Toxapex|84/100|[from] Spikes
|-damage|p2a: Toxapex|72/100|[from] Stealth Rock
|turn|17
|
|t:|1760767803
|move|p2a: Toxapex|Baneful Bunker|p2a: Toxapex
|-singleturn|p2a: Toxapex|move: Protect
|move|p1a: Overqwil|Throat Chop|p2a: Toxapex
|-activate|p2a: Toxapex|move: Protect
|
|-heal|p2a: Toxapex|78/100|[from] item: Black Sludge
|upkeep
|turn|18
|
|t:|1760767811
|move|p1a: Overqwil|Throat Chop|p2a: Toxapex
|-damage|p2a: Toxapex|11/100
|-start|p2a: Toxapex|Throat Chop|[silent]
|move|p2a: Toxapex|Recover|p2a: Toxapex
|-heal|p2a: Toxapex|61/100
|
|-heal|p2a: Toxapex|68/100|[from] item: Black Sludge
|upkeep
|turn|19
|
|t:|1760767822
|move|p1a: Overqwil|Swords Dance|p1a: Overqwil
|-boost|p1a: Overqwil|atk|2
|move|p2a: Toxapex|Recover|p2a: Toxapex
|-heal|p2a: Toxapex|100/100
|
|-end|p2a: Toxapex|Throat Chop|[silent]
|upkeep
|turn|20
|
|t:|1760767832
|switch|p2a: Dondozo|Dondozo, F, tera:Water|56/100
|-damage|p2a: Dondozo|40/100|[from] Spikes
|-damage|p2a: Dondozo|27/100|[from] Stealth Rock
|move|p1a: Overqwil|Throat Chop|p2a: Dondozo
|-damage|p2a: Dondozo|8/100
|-start|p2a: Dondozo|Throat Chop|[silent]
|
|upkeep
|turn|21
|
|t:|1760767852
|move|p1a: Overqwil|Throat Chop|p2a: Dondozo
|-damage|p2a: Dondozo|0 fnt
|faint|p2a: Dondozo
|
|upkeep
|
|t:|1760767853
|switch|p2a: Garganacl|Garganacl, M|66/100
|-damage|p2a: Garganacl|49/100|[from] Spikes
|-damage|p2a: Garganacl|37/100|[from] Stealth Rock
|turn|22
|
|t:|1760767868
|move|p1a: Overqwil|Throat Chop|p2a: Garganacl
|-damage|p2a: Garganacl|0 fnt
|-damage|p1a: Overqwil|11/100|[from] item: Rocky Helmet|[of] p2a: Garganacl
|faint|p2a: Garganacl
|
|upkeep
|
|t:|1760767871
|switch|p2a: Toxapex|Toxapex, F|100/100
|-damage|p2a: Toxapex|84/100|[from] Spikes
|-damage|p2a: Toxapex|72/100|[from] Stealth Rock
|turn|23
|
|t:|1760767880
|move|p1a: Overqwil|Throat Chop|p2a: Toxapex
|-damage|p2a: Toxapex|0 fnt
|faint|p2a: Toxapex
|
|win|zebramessiah
|raw|zebramessiah's rating: 1098 &rarr; <strong>1122</strong><br />(+24 for winning)
|raw|unreadables's rating: 1077 &rarr; <strong>1057</strong><br />(-20 for losing)
|l|☆unreadables
|player|p2|
|l|☆zebramessiah
|player|p1|
