|j|☆LucaLLD
|j|☆Aceitope
|t:|1760718706
|gametype|singles
|player|p1|LucaLLD|266|1313
|player|p2|Aceitope|caitlin-masters|1276
|gen|9
|tier|[Gen 9] OU
|rated|
|rule|HP Percentage Mod: HP is shown in percentages
|rule|Endless Battle Clause: Forcing endless battles is banned
|rule|Species Clause: Limit one of each Pokémon
|rule|OHKO Clause: OHKO moves are banned
|rule|Evasion Items Clause: Evasion items are banned
|rule|Evasion Moves Clause: Evasion moves are banned
|rule|Evasion Abilities Clause: Evasion abilities are banned
|rule|Sleep Moves Clause: Sleep-inducing moves are banned
|clearpoke
|poke|p1|Weezing-Galar, M|
|poke|p1|Ting-Lu|
|poke|p1|Ogerpon-Wellspring, F|
|poke|p1|Zapdos|
|poke|p1|Tinkaton, F|
|poke|p1|Latios, M|
|poke|p2|Mamoswine, F|
|poke|p2|Iron Valiant|
|poke|p2|Glimmora, M|
|poke|p2|Hatterene, F|
|poke|p2|Heatran, F|
|poke|p2|Zamazenta-*|
|teampreview
|inactive|Battle timer is ON: inactive players will automatically lose when time's up. (requested by LucaLLD)
|
|t:|1760718721
|teamsize|p1|6
|teamsize|p2|6
|start
|switch|p1a: Ogerpon|Ogerpon-Wellspring, F|100/100
|switch|p2a: Hatterene|Hatterene, F|100/100
|turn|1
|
|t:|1760718730
|-terastallize|p1a: Ogerpon|Water
|detailschange|p1a: Ogerpon|Ogerpon-Wellspring-Tera, F, tera:Water
|-ability|p1a: Ogerpon|Embody Aspect (Wellspring)|boost
|-boost|p1a: Ogerpon|spd|1
|move|p1a: Ogerpon|Ivy Cudgel|p2a: Hatterene|[anim] Ivy Cudgel Water
|-crit|p2a: Hatterene
|-damage|p2a: Hatterene|0 fnt
|faint|p2a: Hatterene
|
|upkeep
|c|☆Aceitope|Blessed
|
|t:|1760718750
|switch|p2a: Zamazenta|Zamazenta|100/100
|-ability|p2a: Zamazenta|Dauntless Shield|boost
|-boost|p2a: Zamazenta|def|1
|turn|2
|
|t:|1760718765
|switch|p1a: Weezing|Weezing-Galar, M|100/100
|move|p2a: Zamazenta|Iron Defense|p2a: Zamazenta
|-boost|p2a: Zamazenta|def|2
|
|upkeep
|turn|3
|
|t:|1760718771
|move|p2a: Zamazenta|Substitute|p2a: Zamazenta
|-start|p2a: Zamazenta|Substitute
|-damage|p2a: Zamazenta|76/100
|move|p1a: Weezing|Toxic||[still]
|-fail|p1a: Weezing
|
|-heal|p2a: Zamazenta|82/100|[from] item: Leftovers
|upkeep
|turn|4
|
|t:|1760718779
|move|p2a: Zamazenta|Iron Defense|p2a: Zamazenta
|-boost|p2a: Zamazenta|def|2
|move|p1a: Weezing|Strange Steam|p2a: Zamazenta
|-supereffective|p2a: Zamazenta
|-end|p2a: Zamazenta|Substitute
|
|-heal|p2a: Zamazenta|88/100|[from] item: Leftovers
|upkeep
|turn|5
|
|t:|1760718792
|-terastallize|p2a: Zamazenta|Steel
|move|p2a: Zamazenta|Substitute|p2a: Zamazenta
|-start|p2a: Zamazenta|Substitute
|-damage|p2a: Zamazenta|63/100
|move|p1a: Weezing|Strange Steam|p2a: Zamazenta
|-resisted|p2a: Zamazenta
|-activate|p2a: Zamazenta|move: Substitute|[damage]
|
|-heal|p2a: Zamazenta|69/100|[from] item: Leftovers
|upkeep
|turn|6
|
|t:|1760718801
|move|p2a: Zamazenta|Iron Defense|p2a: Zamazenta
|-boost|p2a: Zamazenta|def|1
|move|p1a: Weezing|Fire Blast|p2a: Zamazenta
|-supereffective|p2a: Zamazenta
|-end|p2a: Zamazenta|Substitute
|
|-heal|p2a: Zamazenta|75/100|[from] item: Leftovers
|upkeep
|turn|7
|
|t:|1760718812
|switch|p2a: Heatran|Heatran, F|100/100
|move|p1a: Weezing|Fire Blast|p2a: Heatran
|-start|p2a: Heatran|ability: Flash Fire
|
|upkeep
|turn|8
|
|t:|1760718835
|switch|p1a: Ogerpon|Ogerpon-Wellspring-Tera, F, tera:Water|100/100
|-ability|p1a: Ogerpon|Embody Aspect (Wellspring)|boost
|-boost|p1a: Ogerpon|spd|1
|move|p2a: Heatran|Will-O-Wisp|p1a: Ogerpon
|-status|p1a: Ogerpon|brn
|
|-damage|p1a: Ogerpon|95/100 brn|[from] brn
|upkeep
|turn|9
|
|t:|1760718850
|move|p1a: Ogerpon|Swords Dance|p1a: Ogerpon
|-boost|p1a: Ogerpon|atk|2
|move|p2a: Heatran|Stealth Rock|p1a: Ogerpon
|-sidestart|p1: LucaLLD|move: Stealth Rock
|
|-damage|p1a: Ogerpon|89/100 brn|[from] brn
|upkeep
|turn|10
|
|t:|1760718857
|-end|p2a: Heatran|ability: Flash Fire|[silent]
|switch|p2a: Zamazenta|Zamazenta, tera:Steel|75/100
|move|p1a: Ogerpon|Swords Dance|p1a: Ogerpon
|-boost|p1a: Ogerpon|atk|2
|
|-heal|p2a: Zamazenta|81/100|[from] item: Leftovers
|-damage|p1a: Ogerpon|83/100 brn|[from] brn
|upkeep
|turn|11
|
|t:|1760718871
|move|p2a: Zamazenta|Iron Defense|p2a: Zamazenta
|-boost|p2a: Zamazenta|def|2
|move|p1a: Ogerpon|Ivy Cudgel|p2a: Zamazenta|[anim] Ivy Cudgel Water
|-damage|p2a: Zamazenta|28/100
|
|-heal|p2a: Zamazenta|34/100|[from] item: Leftovers
|-damage|p1a: Ogerpon|77/100 brn|[from] brn
|upkeep
|turn|12
|
|t:|1760718879
|move|p2a: Zamazenta|Body Press|p1a: Ogerpon
|-damage|p1a: Ogerpon|0 fnt
|faint|p1a: Ogerpon
|detailschange|p1: Ogerpon|Ogerpon-Wellspring, F|[silent]
|
|-heal|p2a: Zamazenta|40/100|[from] item: Leftovers
|upkeep
|
|t:|1760718888
|switch|p1a: Ting-Lu|Ting-Lu|100/100
|-damage|p1a: Ting-Lu|94/100|[from] Stealth Rock
|-ability|p1a: Ting-Lu|Vessel of Ruin
|turn|13
|
|t:|1760718902
|move|p2a: Zamazenta|Body Press|p1a: Ting-Lu
|-supereffective|p1a: Ting-Lu
|-damage|p1a: Ting-Lu|42/100
|move|p1a: Ting-Lu|Ruination|p2a: Zamazenta
|-damage|p2a: Zamazenta|20/100
|
|-heal|p2a: Zamazenta|27/100|[from] item: Leftovers
|-heal|p1a: Ting-Lu|48/100|[from] item: Leftovers
|upkeep
|turn|14
|
|t:|1760718914
|switch|p2a: Mamoswine|Mamoswine, F|100/100
|move|p1a: Ting-Lu|Whirlwind|p2a: Mamoswine
|drag|p2a: Heatran|Heatran, F|100/100
|
|-heal|p1a: Ting-Lu|54/100|[from] item: Leftovers
|upkeep
|turn|15
|inactive|Aceitope has 120 seconds left.
|
|t:|1760718950
|switch|p2a: Mamoswine|Mamoswine, F|100/100
|move|p1a: Ting-Lu|Earthquake|p2a: Mamoswine
|-damage|p2a: Mamoswine|61/100
|
|-heal|p1a: Ting-Lu|60/100|[from] item: Leftovers
|upkeep
|turn|16
|inactive|Aceitope has 120 seconds left.
|
|t:|1760718962
|move|p2a: Mamoswine|Icicle Crash|p1a: Ting-Lu
|-supereffective|p1a: Ting-Lu
|-damage|p1a: Ting-Lu|0 fnt
|faint|p1a: Ting-Lu
|
|upkeep
|
|t:|1760718975
|switch|p1a: Weezing|Weezing-Galar, M|100/100
|-damage|p1a: Weezing|88/100|[from] Stealth Rock
|turn|17
|
|t:|1760718981
|switch|p1a: Zapdos|Zapdos|100/100
|-damage|p1a: Zapdos|75/100|[from] Stealth Rock
|move|p2a: Mamoswine|Icicle Crash|p1a: Zapdos
|-supereffective|p1a: Zapdos
|-damage|p1a: Zapdos|0 fnt
|faint|p1a: Zapdos
|
|upkeep
|-message|LucaLLD forfeited.
|
|win|Aceitope
|raw|LucaLLD's rating: 1313 &rarr; <strong>1291</strong><br />(-22 for losing)
|raw|Aceitope's rating: 1276 &rarr; <strong>1304</strong><br />(+28 for winning)
|l|☆LucaLLD
|player|p1|
|l|☆Aceitope
|player|p2|
