|j|☆texett
|j|☆stariaki
|t:|1760876545
|gametype|singles
|player|p1|texett|lady|1611
|player|p2|stariaki|chuck|1736
|gen|9
|tier|[Gen 9] OU
|rated|
|rule|HP Percentage Mod: HP is shown in percentages
|rule|Endless Battle Clause: Forcing endless battles is banned
|rule|Species Clause: Limit one of each Pokémon
|rule|OHKO Clause: OHKO moves are banned
|rule|Evasion Items Clause: Evasion items are banned
|rule|Evasion Moves Clause: Evasion moves are banned
|rule|Evasion Abilities Clause: Evasion abilities are banned
|rule|Sleep Moves Clause: Sleep-inducing moves are banned
|clearpoke
|poke|p1|Great Tusk|
|poke|p1|Raikou|
|poke|p1|Alomomola, F|
|poke|p1|Hydrapple, M|
|poke|p1|Dragonite, M|
|poke|p1|Flygon, M|
|poke|p2|Polteageist|
|poke|p2|Scizor, F|
|poke|p2|Dragonite, F|
|poke|p2|Great Tusk|
|poke|p2|Cinderace, M|
|poke|p2|Alomomola, F|
|teampreview
|inactive|Battle timer is ON: inactive players will automatically lose when time's up. (requested by texett)
|inactive|stariaki has 120 seconds left.
|c|☆stariaki|Cool team
|
|t:|1760876591
|teamsize|p1|6
|teamsize|p2|6
|start
|switch|p1a: Flygon|Flygon, M, shiny|100/100
|switch|p2a: Scizor|Scizor, F|100/100
|turn|1
|
|t:|1760876595
|move|p1a: Flygon|Flamethrower|p2a: Scizor
|-supereffective|p2a: Scizor
|-damage|p2a: Scizor|17/100
|move|p2a: Scizor|U-turn|p1a: Flygon
|-damage|p1a: Flygon|56/100
|
|t:|1760876605
|switch|p2a: Alomomola|Alomomola, F|100/100|[from] U-turn
|
|-heal|p1a: Flygon|62/100|[from] item: Leftovers
|upkeep
|turn|2
|
|t:|1760876609
|move|p1a: Flygon|Stealth Rock|p2a: Alomomola
|-sidestart|p2: stariaki|move: Stealth Rock
|move|p2a: Alomomola|Flip Turn|p1a: Flygon
|-damage|p1a: Flygon|47/100
|
|t:|1760876614
|switch|p2a: Great Tusk|Great Tusk|100/100|[from] Flip Turn
|-damage|p2a: Great Tusk|97/100|[from] Stealth Rock
|
|-heal|p1a: Flygon|54/100|[from] item: Leftovers
|upkeep
|turn|3
|
|t:|1760876620
|switch|p1a: Alomomola|Alomomola, F, shiny|100/100
|move|p2a: Great Tusk|Rapid Spin|p1a: Alomomola
|-damage|p1a: Alomomola|91/100
|-boost|p2a: Great Tusk|spe|1
|-sideend|p2: stariaki|Stealth Rock|[from] move: Rapid Spin|[of] p2a: Great Tusk
|
|upkeep
|turn|4
|
|t:|1760876626
|-end|p2a: Great Tusk|Protosynthesis|[silent]
|switch|p2a: Alomomola|Alomomola, F|100/100
|move|p1a: Alomomola|Flip Turn|p2a: Alomomola
|-resisted|p2a: Alomomola
|-damage|p2a: Alomomola|96/100
|-damage|p1a: Alomomola|74/100|[from] item: Rocky Helmet|[of] p2a: Alomomola
|
|t:|1760876628
|switch|p1a: Raikou|Raikou, shiny|100/100|[from] Flip Turn
|-ability|p1a: Raikou|Pressure
|
|upkeep
|turn|5
|
|t:|1760876633
|move|p1a: Raikou|Volt Switch|p2a: Alomomola
|-supereffective|p2a: Alomomola
|-damage|p2a: Alomomola|0 fnt
|faint|p2a: Alomomola
|
|t:|1760876639
|switch|p1a: Alomomola|Alomomola, F, shiny|100/100|[from] Volt Switch
|
|upkeep
|
|t:|1760876647
|switch|p2a: Scizor|Scizor, F|17/100
|turn|6
|
|t:|1760876649
|move|p2a: Scizor|U-turn|p1a: Alomomola
|-damage|p1a: Alomomola|68/100
|
|t:|1760876653
|switch|p2a: Dragonite|Dragonite, F|100/100|[from] U-turn
|move|p1a: Alomomola|Flip Turn|p2a: Dragonite
|-resisted|p2a: Dragonite
|-damage|p2a: Dragonite|97/100
|
|t:|1760876658
|switch|p1a: Hydrapple|Hydrapple, M, shiny|100/100|[from] Flip Turn
|
|-heal|p2a: Dragonite|100/100|[from] item: Leftovers
|upkeep
|turn|7
|
|t:|1760876662
|-terastallize|p1a: Hydrapple|Fairy
|move|p2a: Dragonite|Dragon Dance|p2a: Dragonite
|-boost|p2a: Dragonite|atk|1
|-boost|p2a: Dragonite|spe|1
|move|p1a: Hydrapple|Fickle Beam|p2a: Dragonite|[anim] Fickle Beam All Out
|-activate|p1a: Hydrapple|move: Fickle Beam
|-supereffective|p2a: Dragonite
|-damage|p2a: Dragonite|47/100
|
|-heal|p2a: Dragonite|54/100|[from] item: Leftovers
|upkeep
|turn|8
|
|t:|1760876677
|-terastallize|p2a: Dragonite|Steel
|move|p2a: Dragonite|Roost|p2a: Dragonite
|-heal|p2a: Dragonite|100/100
|move|p1a: Hydrapple|Fickle Beam|p2a: Dragonite
|-resisted|p2a: Dragonite
|-damage|p2a: Dragonite|93/100
|
|-heal|p2a: Dragonite|99/100|[from] item: Leftovers
|upkeep
|turn|9
|
|t:|1760876683
|move|p2a: Dragonite|Dragon Dance|p2a: Dragonite
|-boost|p2a: Dragonite|atk|1
|-boost|p2a: Dragonite|spe|1
|move|p1a: Hydrapple|Earth Power|p2a: Dragonite
|-supereffective|p2a: Dragonite
|-damage|p2a: Dragonite|56/100
|
|-heal|p2a: Dragonite|63/100|[from] item: Leftovers
|upkeep
|turn|10
|
|t:|1760876693
|move|p2a: Dragonite|Roost|p2a: Dragonite
|-heal|p2a: Dragonite|100/100
|move|p1a: Hydrapple|Nasty Plot|p1a: Hydrapple
|-boost|p1a: Hydrapple|spa|2
|
|upkeep
|turn|11
|
|t:|1760876700
|move|p2a: Dragonite|Earthquake|p1a: Hydrapple
|-damage|p1a: Hydrapple|62/100
|move|p1a: Hydrapple|Giga Drain|p2a: Dragonite
|-resisted|p2a: Dragonite
|-damage|p2a: Dragonite|87/100
|-heal|p1a: Hydrapple|68/100|[from] drain|[of] p2a: Dragonite
|
|-heal|p2a: Dragonite|93/100|[from] item: Leftovers
|upkeep
|turn|12
|
|t:|1760876707
|move|p2a: Dragonite|Earthquake|p1a: Hydrapple
|-damage|p1a: Hydrapple|29/100
|move|p1a: Hydrapple|Earth Power|p2a: Dragonite
|-supereffective|p2a: Dragonite
|-damage|p2a: Dragonite|4/100
|
|-heal|p2a: Dragonite|10/100|[from] item: Leftovers
|upkeep
|turn|13
|
|t:|1760876715
|switch|p1a: Dragonite|Dragonite, M, shiny|100/100
|move|p2a: Dragonite|Ice Spinner|p1a: Dragonite
|-supereffective|p1a: Dragonite
|-damage|p1a: Dragonite|0 fnt
|faint|p1a: Dragonite
|
|-heal|p2a: Dragonite|17/100|[from] item: Leftovers
|upkeep
|
|t:|1760876728
|switch|p1a: Hydrapple|Hydrapple, M, shiny, tera:Fairy|62/100
|turn|14
|
|t:|1760876735
|move|p2a: Dragonite|Roost|p2a: Dragonite
|-heal|p2a: Dragonite|67/100
|move|p1a: Hydrapple|Earth Power|p2a: Dragonite
|-supereffective|p2a: Dragonite
|-damage|p2a: Dragonite|22/100
|
|-heal|p2a: Dragonite|28/100|[from] item: Leftovers
|upkeep
|turn|15
|
|t:|1760876742
|move|p2a: Dragonite|Roost|p2a: Dragonite
|-heal|p2a: Dragonite|78/100
|move|p1a: Hydrapple|Earth Power|p2a: Dragonite
|-supereffective|p2a: Dragonite
|-damage|p2a: Dragonite|36/100
|
|-heal|p2a: Dragonite|42/100|[from] item: Leftovers
|upkeep
|turn|16
|
|t:|1760876748
|move|p2a: Dragonite|Roost|p2a: Dragonite
|-heal|p2a: Dragonite|92/100
|move|p1a: Hydrapple|Earth Power|p2a: Dragonite
|-supereffective|p2a: Dragonite
|-damage|p2a: Dragonite|47/100
|
|-heal|p2a: Dragonite|53/100|[from] item: Leftovers
|upkeep
|turn|17
|
|t:|1760876755
|move|p2a: Dragonite|Earthquake|p1a: Hydrapple
|-damage|p1a: Hydrapple|24/100
|move|p1a: Hydrapple|Giga Drain|p2a: Dragonite
|-resisted|p2a: Dragonite
|-damage|p2a: Dragonite|39/100
|-heal|p1a: Hydrapple|30/100|[from] drain|[of] p2a: Dragonite
|
|-heal|p2a: Dragonite|46/100|[from] item: Leftovers
|upkeep
|turn|18
|
|t:|1760876764
|switch|p1a: Alomomola|Alomomola, F, shiny|100/100
|move|p2a: Dragonite|Earthquake|p1a: Alomomola
|-damage|p1a: Alomomola|68/100
|
|-heal|p2a: Dragonite|52/100|[from] item: Leftovers
|upkeep
|turn|19
|
|t:|1760876769
|move|p2a: Dragonite|Roost|p2a: Dragonite
|-heal|p2a: Dragonite|100/100
|move|p1a: Alomomola|Wish|p1a: Alomomola
|
|upkeep
|turn|20
|
|t:|1760876773
|move|p2a: Dragonite|Dragon Dance|p2a: Dragonite
|-boost|p2a: Dragonite|atk|1
|-boost|p2a: Dragonite|spe|1
|move|p1a: Alomomola|Scald|p2a: Dragonite
|-damage|p2a: Dragonite|95/100
|
|-heal|p1a: Alomomola|100/100|[from] move: Wish|[wisher] Alomomola
|-heal|p2a: Dragonite|100/100|[from] item: Leftovers
|upkeep
|turn|21
|
|t:|1760876777
|move|p2a: Dragonite|Dragon Dance|p2a: Dragonite
|-boost|p2a: Dragonite|atk|1
|-boost|p2a: Dragonite|spe|1
|move|p1a: Alomomola|Wish|p1a: Alomomola
|
|upkeep
|turn|22
|
|t:|1760876784
|move|p2a: Dragonite|Dragon Dance|p2a: Dragonite
|-boost|p2a: Dragonite|atk|1
|-boost|p2a: Dragonite|spe|1
|move|p1a: Alomomola|Scald|p2a: Dragonite
|-damage|p2a: Dragonite|94/100
|
|-heal|p2a: Dragonite|100/100|[from] item: Leftovers
|upkeep
|turn|23
|
|t:|1760876786
|move|p2a: Dragonite|Earthquake|p1a: Alomomola
|-damage|p1a: Alomomola|41/100
|move|p1a: Alomomola|Scald|p2a: Dragonite
|-damage|p2a: Dragonite|94/100
|-status|p2a: Dragonite|brn
|
|-heal|p2a: Dragonite|100/100 brn|[from] item: Leftovers
|-damage|p2a: Dragonite|94/100 brn|[from] brn
|upkeep
|turn|24
|
|t:|1760876793
|switch|p2a: Polteageist|Polteageist|100/100
|move|p1a: Alomomola|Wish|p1a: Alomomola
|
|upkeep
|turn|25
|
|t:|1760876801
|move|p2a: Polteageist|Shell Smash|p2a: Polteageist
|-unboost|p2a: Polteageist|def|1
|-unboost|p2a: Polteageist|spd|1
|-boost|p2a: Polteageist|atk|2
|-boost|p2a: Polteageist|spa|2
|-boost|p2a: Polteageist|spe|2
|move|p1a: Alomomola|Scald|p2a: Polteageist
|-crit|p2a: Polteageist
|-damage|p2a: Polteageist|63/100
|-status|p2a: Polteageist|brn
|
|-heal|p1a: Alomomola|91/100|[from] move: Wish|[wisher] Alomomola
|-damage|p2a: Polteageist|56/100 brn|[from] brn
|upkeep
|turn|26
|
|t:|1760876806
|move|p2a: Polteageist|Stored Power|p1a: Alomomola
|-damage|p1a: Alomomola|0 fnt
|faint|p1a: Alomomola
|
|-damage|p2a: Polteageist|50/100 brn|[from] brn
|upkeep
|
|t:|1760876811
|switch|p1a: Great Tusk|Great Tusk, shiny|100/100
|turn|27
|
|t:|1760876813
|move|p2a: Polteageist|Stored Power|p1a: Great Tusk
|-supereffective|p1a: Great Tusk
|-damage|p1a: Great Tusk|0 fnt
|faint|p1a: Great Tusk
|-end|p1a: Great Tusk|Protosynthesis|[silent]
|
|-damage|p2a: Polteageist|44/100 brn|[from] brn
|upkeep
|-message|texett forfeited.
|
|win|stariaki
|raw|texett's rating: 1611 &rarr; <strong>1598</strong><br />(-13 for losing)
|raw|stariaki's rating: 1736 &rarr; <strong>1749</strong><br />(+13 for winning)
|l|☆texett
|player|p1|
|l|☆stariaki
|player|p2|
