|badge|p2|bronze|gen9ou|100-7
|uhtml|medal-msg|<div class="broadcast-blue">Curious what those medals under the avatar are? PS now has Ladder Seasons! For more information, check out the <a href="https://www.smogon.com/forums/threads/3740067/">thread on Smogon.</a></div>
|j|☆StarChewer
|j|☆Sanesa8724
|t:|1760869507
|gametype|singles
|player|p1|StarChewer|lusamine-nihilego|
|player|p2|Sanesa8724|265|
|gen|9
|tier|[Gen 9] OU
|rule|HP Percentage Mod: HP is shown in percentages
|rule|Endless Battle Clause: Forcing endless battles is banned
|rule|Species Clause: Limit one of each Pokémon
|rule|OHKO Clause: OHKO moves are banned
|rule|Evasion Items Clause: Evasion items are banned
|rule|Evasion Moves Clause: Evasion moves are banned
|rule|Evasion Abilities Clause: Evasion abilities are banned
|rule|Sleep Moves Clause: Sleep-inducing moves are banned
|clearpoke
|poke|p1|Dragapult, M|
|poke|p1|Glimmora, M|
|poke|p1|Kingambit, F|
|poke|p1|Serperior, F|
|poke|p1|Zamazenta-*|
|poke|p1|Slowking-Galar, F|
|poke|p2|Rillaboom, F|
|poke|p2|Zamazenta-*|
|poke|p2|Ogerpon, F|
|poke|p2|Moltres|
|poke|p2|Iron Treads|
|poke|p2|Gholdengo|
|teampreview
|inactive|Battle timer is ON: inactive players will automatically lose when time's up. (requested by StarChewer)
|c|☆Sanesa8724|Glhf
|c|☆StarChewer|u2
|
|t:|1760869524
|teamsize|p1|6
|teamsize|p2|6
|start
|switch|p1a: Medusa|Serperior, F, shiny|100/100
|switch|p2a: Gholdengo|Gholdengo|100/100
|turn|1
|
|t:|1760869532
|move|p1a: Medusa|Substitute|p1a: Medusa
|-start|p1a: Medusa|Substitute
|-damage|p1a: Medusa|76/100
|move|p2a: Gholdengo|Nasty Plot|p2a: Gholdengo
|-boost|p2a: Gholdengo|spa|2
|
|-heal|p1a: Medusa|82/100|[from] item: Leftovers
|upkeep
|turn|2
|
|t:|1760869534
|move|p1a: Medusa|Leaf Storm|p2a: Gholdengo
|-resisted|p2a: Gholdengo
|-damage|p2a: Gholdengo|75/100
|-boost|p1a: Medusa|spa|2
|move|p2a: Gholdengo|Shadow Ball|p1a: Medusa
|-end|p1a: Medusa|Substitute
|
|-heal|p1a: Medusa|88/100|[from] item: Leftovers
|upkeep
|turn|3
|
|t:|1760869544
|switch|p1a: Cockroach|Kingambit, F|100/100
|move|p2a: Gholdengo|Make It Rain|p1a: Cockroach
|-resisted|p1a: Cockroach
|-damage|p1a: Cockroach|21/100
|-unboost|p2a: Gholdengo|spa|1
|
|-heal|p1a: Cockroach|27/100|[from] item: Leftovers
|upkeep
|turn|4
|
|t:|1760869554
|switch|p2a: Iron Treads|Iron Treads|100/100
|move|p1a: Cockroach|Sucker Punch||[still]
|-fail|p1a: Cockroach
|
|-heal|p1a: Cockroach|33/100|[from] item: Leftovers
|upkeep
|turn|5
|
|t:|1760869557
|-end|p1a: Cockroach|fallenundefined|[silent]
|switch|p1a: Medusa|Serperior, F, shiny|88/100
|move|p2a: Iron Treads|Stealth Rock|p1a: Medusa
|-sidestart|p1: StarChewer|move: Stealth Rock
|
|-heal|p1a: Medusa|94/100|[from] item: Leftovers
|upkeep
|turn|6
|
|t:|1760869563
|-end|p2a: Iron Treads|Quark Drive|[silent]
|switch|p2a: Moltres|Moltres|100/100
|move|p1a: Medusa|Substitute|p1a: Medusa
|-start|p1a: Medusa|Substitute
|-damage|p1a: Medusa|70/100
|
|-heal|p1a: Medusa|76/100|[from] item: Leftovers
|upkeep
|turn|7
|
|t:|1760869565
|move|p1a: Medusa|Glare|p2a: Moltres
|-status|p2a: Moltres|par
|move|p2a: Moltres|Roar|p1a: Medusa
|drag|p1a: Bubonic|Dragapult, M, shiny|100/100
|
|upkeep
|turn|8
|
|t:|1760869570
|move|p1a: Bubonic|Hex|p2a: Moltres
|-damage|p2a: Moltres|63/100 par
|cant|p2a: Moltres|par
|
|upkeep
|turn|9
|
|t:|1760869574
|move|p1a: Bubonic|Hex|p2a: Moltres
|-damage|p2a: Moltres|24/100 par
|move|p2a: Moltres|U-turn|p1a: Bubonic
|-resisted|p1a: Bubonic
|-damage|p1a: Bubonic|90/100
|
|t:|1760869582
|switch|p2a: Ogerpon|Ogerpon, F|100/100|[from] U-turn
|
|upkeep
|turn|10
|
|t:|1760869586
|-terastallize|p2a: Ogerpon|Grass
|detailschange|p2a: Ogerpon|Ogerpon-Teal-Tera, F, tera:Grass
|-ability|p2a: Ogerpon|Embody Aspect (Teal)|boost
|-boost|p2a: Ogerpon|spe|1
|move|p2a: Ogerpon|Knock Off|p1a: Bubonic
|-supereffective|p1a: Bubonic
|-damage|p1a: Bubonic|0 fnt
|-enditem|p1a: Bubonic|Heavy-Duty Boots|[from] move: Knock Off|[of] p2a: Ogerpon
|faint|p1a: Bubonic
|-damage|p2a: Ogerpon|91/100|[from] item: Life Orb
|
|upkeep
|
|t:|1760869603
|switch|p1a: Medusa|Serperior, F, shiny|76/100
|-damage|p1a: Medusa|63/100|[from] Stealth Rock
|turn|11
|
|t:|1760869614
|switch|p2a: Gholdengo|Gholdengo|75/100
|switch|p1a: Asbestos|Glimmora, M, shiny|100/100
|-damage|p1a: Asbestos|88/100|[from] Stealth Rock
|
|upkeep
|turn|12
|
|t:|1760869640
|switch|p1a: GlowUp|Slowking-Galar, F|100/100
|-damage|p1a: GlowUp|88/100|[from] Stealth Rock
|move|p2a: Gholdengo|Make It Rain|p1a: GlowUp
|-damage|p1a: GlowUp|61/100
|-unboost|p2a: Gholdengo|spa|1
|
|upkeep
|turn|13
|
|t:|1760869645
|switch|p2a: Moltres|Moltres|24/100 par
|move|p1a: GlowUp|Flamethrower|p2a: Moltres
|-resisted|p2a: Moltres
|-damage|p2a: Moltres|17/100 par
|
|upkeep
|turn|14
|
|t:|1760869651
|cant|p2a: Moltres|par
|move|p1a: GlowUp|Psychic Noise|p2a: Moltres
|-damage|p2a: Moltres|0 fnt
|faint|p2a: Moltres
|
|upkeep
|
|t:|1760869654
|switch|p2a: Iron Treads|Iron Treads|100/100
|turn|15
|
|t:|1760869662
|move|p2a: Iron Treads|High Horsepower|p1a: GlowUp
|-supereffective|p1a: GlowUp
|-damage|p1a: GlowUp|0 fnt
|faint|p1a: GlowUp
|
|upkeep
|
|t:|1760869665
|switch|p1a: Medusa|Serperior, F, shiny|63/100
|-damage|p1a: Medusa|51/100|[from] Stealth Rock
|turn|16
|
|t:|1760869672
|move|p1a: Medusa|Substitute|p1a: Medusa
|-start|p1a: Medusa|Substitute
|-damage|p1a: Medusa|26/100
|move|p2a: Iron Treads|Knock Off|p1a: Medusa
|-end|p1a: Medusa|Substitute
|
|-heal|p1a: Medusa|32/100|[from] item: Leftovers
|upkeep
|turn|17
|
|t:|1760869679
|move|p1a: Medusa|Glare|p2a: Iron Treads
|-status|p2a: Iron Treads|par
|move|p2a: Iron Treads|Knock Off|p1a: Medusa
|-damage|p1a: Medusa|2/100
|-enditem|p1a: Medusa|Leftovers|[from] move: Knock Off|[of] p2a: Iron Treads
|
|upkeep
|turn|18
|
|t:|1760869686
|-end|p2a: Iron Treads|Quark Drive|[silent]
|switch|p2a: Rillaboom|Rillaboom, F|100/100
|-fieldstart|move: Grassy Terrain|[from] ability: Grassy Surge|[of] p2a: Rillaboom
|move|p1a: Medusa|Leaf Storm|p2a: Rillaboom
|-resisted|p2a: Rillaboom
|-damage|p2a: Rillaboom|64/100
|-boost|p1a: Medusa|spa|2
|
|-heal|p1a: Medusa|8/100|[from] Grassy Terrain
|-heal|p2a: Rillaboom|71/100|[from] Grassy Terrain
|upkeep
|turn|19
|
|t:|1760869693
|switch|p1a: Asbestos|Glimmora, M, shiny|88/100
|-damage|p1a: Asbestos|76/100|[from] Stealth Rock
|move|p2a: Rillaboom|Grassy Glide|p1a: Asbestos
|-damage|p1a: Asbestos|26/100
|-activate|p1a: Asbestos|ability: Toxic Debris
|-sidestart|p2: Sanesa8724|move: Toxic Spikes
|-enditem|p1a: Asbestos|Red Card|[of] p2a: Rillaboom
|drag|p2a: Ogerpon|Ogerpon-Teal-Tera, F, tera:Grass|91/100
|-status|p2a: Ogerpon|psn
|-ability|p2a: Ogerpon|Embody Aspect (Teal)|boost
|-boost|p2a: Ogerpon|spe|1
|
|-heal|p2a: Ogerpon|97/100 psn|[from] Grassy Terrain
|-heal|p1a: Asbestos|32/100|[from] Grassy Terrain
|-damage|p2a: Ogerpon|84/100 psn|[from] psn
|upkeep
|turn|20
|
|t:|1760869703
|move|p2a: Ogerpon|Ivy Cudgel|p1a: Asbestos
|-crit|p1a: Asbestos
|-damage|p1a: Asbestos|0 fnt
|-activate|p1a: Asbestos|ability: Toxic Debris
|-sidestart|p2: Sanesa8724|move: Toxic Spikes
|faint|p1a: Asbestos
|-damage|p2a: Ogerpon|74/100 psn|[from] item: Life Orb
|
|-heal|p2a: Ogerpon|80/100 psn|[from] Grassy Terrain
|-damage|p2a: Ogerpon|68/100 psn|[from] psn
|upkeep
|
|t:|1760869712
|switch|p1a: DogeCoin|Zamazenta|100/100
|-damage|p1a: DogeCoin|94/100|[from] Stealth Rock
|-ability|p1a: DogeCoin|Dauntless Shield|boost
|-boost|p1a: DogeCoin|def|1
|turn|21
|
|t:|1760869715
|move|p2a: Ogerpon|Ivy Cudgel|p1a: DogeCoin
|-damage|p1a: DogeCoin|42/100
|-damage|p2a: Ogerpon|58/100 psn|[from] item: Life Orb
|move|p1a: DogeCoin|Iron Defense|p1a: DogeCoin
|-boost|p1a: DogeCoin|def|2
|
|-heal|p2a: Ogerpon|64/100 psn|[from] Grassy Terrain
|-heal|p1a: DogeCoin|48/100|[from] Grassy Terrain
|-heal|p1a: DogeCoin|54/100|[from] item: Leftovers
|-damage|p2a: Ogerpon|52/100 psn|[from] psn
|upkeep
|turn|22
|
|t:|1760869721
|move|p2a: Ogerpon|Swords Dance|p2a: Ogerpon
|-boost|p2a: Ogerpon|atk|2
|move|p1a: DogeCoin|Iron Defense|p1a: DogeCoin
|-boost|p1a: DogeCoin|def|2
|
|-heal|p2a: Ogerpon|58/100 psn|[from] Grassy Terrain
|-heal|p1a: DogeCoin|60/100|[from] Grassy Terrain
|-heal|p1a: DogeCoin|66/100|[from] item: Leftovers
|-damage|p2a: Ogerpon|46/100 psn|[from] psn
|upkeep
|turn|23
|
|t:|1760869726
|move|p1a: DogeCoin|Protect|p1a: DogeCoin
|-singleturn|p1a: DogeCoin|Protect
|move|p2a: Ogerpon|Ivy Cudgel|p1a: DogeCoin
|-activate|p1a: DogeCoin|move: Protect
|
|-heal|p2a: Ogerpon|51/100 psn|[from] Grassy Terrain
|-heal|p1a: DogeCoin|72/100|[from] Grassy Terrain
|-heal|p1a: DogeCoin|78/100|[from] item: Leftovers
|-damage|p2a: Ogerpon|39/100 psn|[from] psn
|upkeep
|turn|24
|
|t:|1760869734
|-terastallize|p1a: DogeCoin|Fire
|move|p2a: Ogerpon|Ivy Cudgel|p1a: DogeCoin
|-resisted|p1a: DogeCoin
|-damage|p1a: DogeCoin|55/100
|-damage|p2a: Ogerpon|29/100 psn|[from] item: Life Orb
|move|p1a: DogeCoin|Iron Defense|p1a: DogeCoin
|-boost|p1a: DogeCoin|def|1
|
|-heal|p2a: Ogerpon|35/100 psn|[from] Grassy Terrain
|-heal|p1a: DogeCoin|61/100|[from] Grassy Terrain
|-heal|p1a: DogeCoin|67/100|[from] item: Leftovers
|-damage|p2a: Ogerpon|23/100 psn|[from] psn
|upkeep
|turn|25
|
|t:|1760869740
|move|p1a: DogeCoin|Protect|p1a: DogeCoin
|-singleturn|p1a: DogeCoin|Protect
|move|p2a: Ogerpon|Rock Tomb|p1a: DogeCoin
|-activate|p1a: DogeCoin|move: Protect
|
|-heal|p2a: Ogerpon|29/100 psn|[from] Grassy Terrain
|-heal|p1a: DogeCoin|73/100|[from] Grassy Terrain
|-heal|p1a: DogeCoin|79/100|[from] item: Leftovers
|-damage|p2a: Ogerpon|17/100 psn|[from] psn
|-fieldend|move: Grassy Terrain
|upkeep
|turn|26
|
|t:|1760869745
|move|p2a: Ogerpon|Rock Tomb|p1a: DogeCoin
|-supereffective|p1a: DogeCoin
|-damage|p1a: DogeCoin|62/100
|-unboost|p1a: DogeCoin|spe|1
|-damage|p2a: Ogerpon|7/100 psn|[from] item: Life Orb
|move|p1a: DogeCoin|Body Press|p2a: Ogerpon
|-damage|p2a: Ogerpon|0 fnt
|faint|p2a: Ogerpon
|detailschange|p2: Ogerpon|Ogerpon, F|[silent]
|
|-heal|p1a: DogeCoin|68/100|[from] item: Leftovers
|upkeep
|
|t:|1760869750
|switch|p2a: Rillaboom|Rillaboom, F|71/100
|-status|p2a: Rillaboom|tox
|-fieldstart|move: Grassy Terrain|[from] ability: Grassy Surge|[of] p2a: Rillaboom
|turn|27
|
|t:|1760869754
|move|p1a: DogeCoin|Body Press|p2a: Rillaboom
|-damage|p2a: Rillaboom|0 fnt
|faint|p2a: Rillaboom
|
|-heal|p1a: DogeCoin|74/100|[from] Grassy Terrain
|-heal|p1a: DogeCoin|80/100|[from] item: Leftovers
|upkeep
|
|t:|1760869755
|switch|p2a: Gholdengo|Gholdengo|75/100
|-enditem|p2a: Gholdengo|Grassy Seed
|-boost|p2a: Gholdengo|def|1|[from] item: Grassy Seed
|turn|28
|
|t:|1760869759
|move|p1a: DogeCoin|Crunch|p2a: Gholdengo
|-supereffective|p2a: Gholdengo
|-damage|p2a: Gholdengo|48/100
|-unboost|p2a: Gholdengo|def|1
|move|p2a: Gholdengo|Recover|p2a: Gholdengo
|-heal|p2a: Gholdengo|98/100
|
|-heal|p1a: DogeCoin|86/100|[from] Grassy Terrain
|-heal|p1a: DogeCoin|92/100|[from] item: Leftovers
|-heal|p2a: Gholdengo|100/100|[from] Grassy Terrain
|upkeep
|turn|29
|
|t:|1760869764
|move|p1a: DogeCoin|Crunch|p2a: Gholdengo
|-supereffective|p2a: Gholdengo
|-damage|p2a: Gholdengo|59/100
|move|p2a: Gholdengo|Shadow Ball|p1a: DogeCoin
|-crit|p1a: DogeCoin
|-damage|p1a: DogeCoin|32/100
|
|-heal|p1a: DogeCoin|38/100|[from] Grassy Terrain
|-heal|p1a: DogeCoin|44/100|[from] item: Leftovers
|-heal|p2a: Gholdengo|66/100|[from] Grassy Terrain
|upkeep
|turn|30
|
|t:|1760869769
|move|p1a: DogeCoin|Crunch|p2a: Gholdengo
|-supereffective|p2a: Gholdengo
|-damage|p2a: Gholdengo|20/100
|-unboost|p2a: Gholdengo|def|1
|move|p2a: Gholdengo|Shadow Ball|p1a: DogeCoin
|-damage|p1a: DogeCoin|8/100
|-unboost|p1a: DogeCoin|spd|1
|
|-heal|p1a: DogeCoin|14/100|[from] Grassy Terrain
|-heal|p1a: DogeCoin|20/100|[from] item: Leftovers
|-heal|p2a: Gholdengo|26/100|[from] Grassy Terrain
|upkeep
|turn|31
|
|t:|1760869775
|move|p1a: DogeCoin|Crunch|p2a: Gholdengo
|-supereffective|p2a: Gholdengo
|-damage|p2a: Gholdengo|0 fnt
|faint|p2a: Gholdengo
|
|-heal|p1a: DogeCoin|26/100|[from] Grassy Terrain
|-heal|p1a: DogeCoin|32/100|[from] item: Leftovers
|upkeep
|
|t:|1760869776
|switch|p2a: Zamazenta|Zamazenta|100/100
|-status|p2a: Zamazenta|tox
|-ability|p2a: Zamazenta|Dauntless Shield|boost
|-boost|p2a: Zamazenta|def|1
|turn|32
|
|t:|1760869780
|move|p2a: Zamazenta|Iron Defense|p2a: Zamazenta
|-boost|p2a: Zamazenta|def|2
|move|p1a: DogeCoin|Body Press|p2a: Zamazenta
|-damage|p2a: Zamazenta|64/100 tox
|
|-heal|p2a: Zamazenta|70/100 tox|[from] Grassy Terrain
|-heal|p2a: Zamazenta|76/100 tox|[from] item: Leftovers
|-heal|p1a: DogeCoin|38/100|[from] Grassy Terrain
|-heal|p1a: DogeCoin|44/100|[from] item: Leftovers
|-damage|p2a: Zamazenta|70/100 tox|[from] psn
|upkeep
|turn|33
|
|t:|1760869793
|move|p2a: Zamazenta|Iron Defense|p2a: Zamazenta
|-boost|p2a: Zamazenta|def|2
|move|p1a: DogeCoin|Body Press|p2a: Zamazenta
|-damage|p2a: Zamazenta|44/100 tox
|
|-heal|p2a: Zamazenta|50/100 tox|[from] Grassy Terrain
|-heal|p2a: Zamazenta|56/100 tox|[from] item: Leftovers
|-heal|p1a: DogeCoin|50/100|[from] Grassy Terrain
|-heal|p1a: DogeCoin|56/100|[from] item: Leftovers
|-damage|p2a: Zamazenta|44/100 tox|[from] psn
|upkeep
|turn|34
|
|t:|1760869798
|move|p2a: Zamazenta|Body Press|p1a: DogeCoin
|-damage|p1a: DogeCoin|34/100
|move|p1a: DogeCoin|Body Press|p2a: Zamazenta
|-damage|p2a: Zamazenta|16/100 tox
|
|-heal|p2a: Zamazenta|22/100 tox|[from] Grassy Terrain
|-heal|p2a: Zamazenta|28/100 tox|[from] item: Leftovers
|-heal|p1a: DogeCoin|40/100|[from] Grassy Terrain
|-heal|p1a: DogeCoin|46/100|[from] item: Leftovers
|-damage|p2a: Zamazenta|10/100 tox|[from] psn
|-fieldend|move: Grassy Terrain
|upkeep
|turn|35
|
|t:|1760869803
|move|p2a: Zamazenta|Body Press|p1a: DogeCoin
|-damage|p1a: DogeCoin|23/100
|move|p1a: DogeCoin|Body Press|p2a: Zamazenta
|-damage|p2a: Zamazenta|0 fnt
|faint|p2a: Zamazenta
|
|-heal|p1a: DogeCoin|29/100|[from] item: Leftovers
|upkeep
|
|t:|1760869805
|switch|p2a: Iron Treads|Iron Treads|100/100 par
|turn|36
|
|t:|1760869812
|move|p1a: DogeCoin|Protect|p1a: DogeCoin
|-singleturn|p1a: DogeCoin|Protect
|move|p2a: Iron Treads|High Horsepower|p1a: DogeCoin
|-activate|p1a: DogeCoin|move: Protect
|
|-heal|p1a: DogeCoin|35/100|[from] item: Leftovers
|upkeep
|turn|37
|
|t:|1760869814
|move|p1a: DogeCoin|Body Press|p2a: Iron Treads
|-supereffective|p2a: Iron Treads
|-crit|p2a: Iron Treads
|-damage|p2a: Iron Treads|0 fnt
|faint|p2a: Iron Treads
|-end|p2a: Iron Treads|Quark Drive|[silent]
|
|win|StarChewer
|c|☆StarChewer|gg
|c|☆Sanesa8724|Do I have to elaborate on the rng again?
|c|☆StarChewer|at this point it seems like your team is violatile
|c|☆StarChewer|like if rng causes you to autolose, then maybe change some things up
|c|☆Sanesa8724|Most of the time I can beat rng
|l|☆Sanesa8724
|player|p2|
