|j|☆Antrum09
|j|☆miscellandorus
|t:|1760810672
|gametype|singles
|player|p1|Antrum09|nurse|1451
|player|p2|miscellandorus|2|1443
|gen|9
|tier|[Gen 9] OU
|rated|
|rule|HP Percentage Mod: HP is shown in percentages
|rule|Endless Battle Clause: Forcing endless battles is banned
|rule|Species Clause: Limit one of each Pokémon
|rule|OHKO Clause: OHKO moves are banned
|rule|Evasion Items Clause: Evasion items are banned
|rule|Evasion Moves Clause: Evasion moves are banned
|rule|Evasion Abilities Clause: Evasion abilities are banned
|rule|Sleep Moves Clause: Sleep-inducing moves are banned
|clearpoke
|poke|p1|Ursaluna, F|
|poke|p1|Slowking-Galar, F|
|poke|p1|Garchomp, M|
|poke|p1|Kingambit, M|
|poke|p1|Raging Bolt|
|poke|p1|Azumarill, F|
|poke|p2|Walking Wake|
|poke|p2|Maushold-Four|
|poke|p2|Dragonite, M|
|poke|p2|Weezing-Galar, M|
|poke|p2|Great Tusk|
|poke|p2|Muk-Alola, F|
|teampreview
|inactive|Battle timer is ON: inactive players will automatically lose when time's up. (requested by Antrum09)
|
|t:|1760810695
|teamsize|p1|6
|teamsize|p2|6
|start
|switch|p1a: Azumarill|Azumarill, F|100/100
|switch|p2a: Walking Wake|Walking Wake|100/100
|turn|1
|
|t:|1760810703
|move|p2a: Walking Wake|Flip Turn|p1a: Azumarill
|-resisted|p1a: Azumarill
|-damage|p1a: Azumarill|91/100
|
|t:|1760810709
|-end|p2a: Walking Wake|Protosynthesis|[silent]
|switch|p2a: Great Tusk|Great Tusk|100/100|[from] Flip Turn
|move|p1a: Azumarill|Play Rough|p2a: Great Tusk|[miss]
|-miss|p1a: Azumarill|p2a: Great Tusk
|
|upkeep
|turn|2
|c|☆Antrum09|Bruh
|
|t:|1760810727
|move|p2a: Great Tusk|Stealth Rock|p1a: Azumarill
|-sidestart|p1: Antrum09|move: Stealth Rock
|move|p1a: Azumarill|Liquidation|p2a: Great Tusk
|-supereffective|p2a: Great Tusk
|-damage|p2a: Great Tusk|47/100
|-damage|p1a: Azumarill|74/100|[from] item: Rocky Helmet|[of] p2a: Great Tusk
|
|upkeep
|turn|3
|
|t:|1760810750
|-end|p2a: Great Tusk|Protosynthesis|[silent]
|switch|p2a: Walking Wake|Walking Wake|100/100
|move|p1a: Azumarill|Liquidation|p2a: Walking Wake
|-resisted|p2a: Walking Wake
|-damage|p2a: Walking Wake|86/100
|
|upkeep
|turn|4
|inactive|miscellandorus has 120 seconds left.
|
|t:|1760810775
|-terastallize|p2a: Walking Wake|Steel
|move|p2a: Walking Wake|Hydro Steam|p1a: Azumarill
|-resisted|p1a: Azumarill
|-damage|p1a: Azumarill|63/100
|move|p1a: Azumarill|Play Rough|p2a: Walking Wake
|-resisted|p2a: Walking Wake
|-crit|p2a: Walking Wake
|-damage|p2a: Walking Wake|42/100
|
|upkeep
|turn|5
|inactive|miscellandorus has 120 seconds left.
|
|t:|1760810793
|-end|p2a: Walking Wake|Protosynthesis|[silent]
|switch|p2a: Maushold|Maushold-Four|100/100
|move|p1a: Azumarill|Liquidation|p2a: Maushold
|-damage|p2a: Maushold|11/100
|
|upkeep
|turn|6
|inactive|miscellandorus has 120 seconds left.
|
|t:|1760810804
|switch|p2a: Dragonite|Dragonite, M|100/100
|move|p1a: Azumarill|Aqua Jet|p2a: Dragonite
|-resisted|p2a: Dragonite
|-damage|p2a: Dragonite|93/100
|
|upkeep
|turn|7
|
|t:|1760810812
|move|p2a: Dragonite|Earthquake|p1a: Azumarill
|-damage|p1a: Azumarill|0 fnt
|faint|p1a: Azumarill
|
|upkeep
|
|t:|1760810827
|switch|p1a: Slowking|Slowking-Galar, F|100/100
|-damage|p1a: Slowking|88/100|[from] Stealth Rock
|turn|8
|inactive|miscellandorus has 120 seconds left.
|inactive|miscellandorus has 90 seconds left.
|
|t:|1760810901
|move|p2a: Dragonite|Earthquake|p1a: Slowking
|-supereffective|p1a: Slowking
|-damage|p1a: Slowking|0 fnt
|faint|p1a: Slowking
|
|upkeep
|l|☆Antrum09
|inactive|Antrum09 disconnected and has a minute to reconnect!
|player|p1|
|j|☆Antrum09
|inactive|Antrum09 reconnected and has 140 seconds left.
|player|p1|Antrum09|nurse|
|
|t:|1760810917
|switch|p1a: Raging Bolt|Raging Bolt|100/100
|-damage|p1a: Raging Bolt|88/100|[from] Stealth Rock
|-enditem|p1a: Raging Bolt|Booster Energy
|-activate|p1a: Raging Bolt|ability: Protosynthesis|[fromitem]
|-start|p1a: Raging Bolt|protosynthesisspa
|turn|9
|
|t:|1760810925
|switch|p2a: Muk|Muk-Alola, F|100/100
|-terastallize|p1a: Raging Bolt|Grass
|move|p1a: Raging Bolt|Dragon Pulse|p2a: Muk
|-damage|p2a: Muk|68/100
|
|-heal|p2a: Muk|74/100|[from] item: Black Sludge
|upkeep
|turn|10
|
|t:|1760810928
|move|p1a: Raging Bolt|Calm Mind|p1a: Raging Bolt
|-boost|p1a: Raging Bolt|spa|1
|-boost|p1a: Raging Bolt|spd|1
|move|p2a: Muk|Poison Jab|p1a: Raging Bolt
|-supereffective|p1a: Raging Bolt
|-damage|p1a: Raging Bolt|43/100
|
|-heal|p2a: Muk|80/100|[from] item: Black Sludge
|upkeep
|turn|11
|
|t:|1760810935
|move|p2a: Muk|Protect|p2a: Muk
|-singleturn|p2a: Muk|Protect
|move|p1a: Raging Bolt|Dragon Pulse|p2a: Muk
|-activate|p2a: Muk|move: Protect
|
|-heal|p2a: Muk|86/100|[from] item: Black Sludge
|upkeep
|turn|12
|
|t:|1760810937
|move|p1a: Raging Bolt|Dragon Pulse|p2a: Muk
|-damage|p2a: Muk|38/100
|move|p2a: Muk|Poison Jab|p1a: Raging Bolt
|-supereffective|p1a: Raging Bolt
|-damage|p1a: Raging Bolt|0 fnt
|faint|p1a: Raging Bolt
|-end|p1a: Raging Bolt|Protosynthesis|[silent]
|
|-heal|p2a: Muk|44/100|[from] item: Black Sludge
|upkeep
|-message|Antrum09 forfeited.
|
|win|miscellandorus
|raw|Antrum09's rating: 1451 &rarr; <strong>1431</strong><br />(-20 for losing)
|raw|miscellandorus's rating: 1443 &rarr; <strong>1463</strong><br />(+20 for winning)
|l|☆Antrum09
|player|p1|
