|j|☆CC Foot Soldier
|j|☆healorant
|t:|1760718320
|gametype|singles
|player|p1|CC Foot Soldier|waiter-gen4|1734
|player|p2|healorant|alder|1780
|gen|9
|tier|[Gen 9] OU
|rated|
|rule|HP Percentage Mod: HP is shown in percentages
|rule|Endless Battle Clause: Forcing endless battles is banned
|rule|Species Clause: Limit one of each Pokémon
|rule|OHKO Clause: OHKO moves are banned
|rule|Evasion Items Clause: Evasion items are banned
|rule|Evasion Moves Clause: Evasion moves are banned
|rule|Evasion Abilities Clause: Evasion abilities are banned
|rule|Sleep Moves Clause: Sleep-inducing moves are banned
|clearpoke
|poke|p1|Rillaboom, F|
|poke|p1|Ogerpon-Wellspring, F|
|poke|p1|Gholdengo|
|poke|p1|Ting-Lu|
|poke|p1|Meowscarada, M|
|poke|p1|Great Tusk|
|poke|p2|Rillaboom, F|
|poke|p2|Hatterene, F|
|poke|p2|Tornadus-Therian, M|
|poke|p2|Kyurem|
|poke|p2|Garchomp, M|
|poke|p2|Darkrai|
|teampreview
|inactive|Battle timer is ON: inactive players will automatically lose when time's up. (requested by healorant)
|c|☆CC Foot Soldier|hf
|c|☆healorant|hf
|
|t:|1760718356
|teamsize|p1|6
|teamsize|p2|6
|start
|switch|p1a: Rillaboom|Rillaboom, F|100/100
|switch|p2a: Hatterene|Hatterene, F|100/100
|-fieldstart|move: Grassy Terrain|[from] ability: Grassy Surge|[of] p1a: Rillaboom
|turn|1
|
|t:|1760718363
|switch|p2a: Tornadus|Tornadus-Therian, M|100/100
|move|p1a: Rillaboom|U-turn|p2a: Tornadus
|-resisted|p2a: Tornadus
|-damage|p2a: Tornadus|86/100
|
|t:|1760718390
|switch|p1a: Ting-Lu|Ting-Lu|100/100|[from] U-turn
|-ability|p1a: Ting-Lu|Vessel of Ruin
|
|upkeep
|turn|2
|
|t:|1760718402
|move|p2a: Tornadus|U-turn|p1a: Ting-Lu
|-supereffective|p1a: Ting-Lu
|-damage|p1a: Ting-Lu|86/100
|
|t:|1760718407
|switch|p2a: Hatterene|Hatterene, F|100/100|[from] U-turn
|move|p1a: Ting-Lu|Stealth Rock|p2a: Hatterene
|move|p2a: Hatterene|Stealth Rock|p1a: Ting-Lu|[from] ability: Magic Bounce
|-sidestart|p1: CC Foot Soldier|move: Stealth Rock
|
|-heal|p1a: Ting-Lu|92/100|[from] Grassy Terrain
|-heal|p1a: Ting-Lu|98/100|[from] item: Leftovers
|upkeep
|turn|3
|
|t:|1760718417
|switch|p1a: Gholdengo|Gholdengo|100/100
|-damage|p1a: Gholdengo|94/100|[from] Stealth Rock
|-item|p1a: Gholdengo|Air Balloon
|move|p2a: Hatterene|Draining Kiss|p1a: Gholdengo
|-resisted|p1a: Gholdengo
|-damage|p1a: Gholdengo|84/100
|-enditem|p1a: Gholdengo|Air Balloon
|
|-heal|p1a: Gholdengo|90/100|[from] Grassy Terrain
|upkeep
|turn|4
|
|t:|1760718434
|switch|p2a: Tornadus|Tornadus-Therian, M|100/100
|move|p1a: Gholdengo|Make It Rain|p2a: Tornadus
|-crit|p2a: Tornadus
|-damage|p2a: Tornadus|50/100
|-unboost|p1a: Gholdengo|spa|1
|
|-heal|p1a: Gholdengo|96/100|[from] Grassy Terrain
|upkeep
|turn|5
|
|t:|1760718442
|move|p2a: Tornadus|U-turn|p1a: Gholdengo
|-resisted|p1a: Gholdengo
|-damage|p1a: Gholdengo|94/100
|
|t:|1760718444
|switch|p2a: Darkrai|Darkrai|100/100|[from] U-turn
|move|p1a: Gholdengo|Thunder Wave|p2a: Darkrai
|-status|p2a: Darkrai|par
|
|-heal|p1a: Gholdengo|99/100|[from] Grassy Terrain
|upkeep
|turn|6
|
|t:|1760718457
|switch|p1a: Ting-Lu|Ting-Lu|98/100
|-damage|p1a: Ting-Lu|92/100|[from] Stealth Rock
|-ability|p1a: Ting-Lu|Vessel of Ruin
|move|p2a: Darkrai|Nasty Plot|p2a: Darkrai
|-boost|p2a: Darkrai|spa|2
|
|-heal|p1a: Ting-Lu|98/100|[from] Grassy Terrain
|-heal|p1a: Ting-Lu|100/100|[from] item: Leftovers
|upkeep
|turn|7
|
|t:|1760718467
|switch|p2a: Hatterene|Hatterene, F|100/100
|move|p1a: Ting-Lu|Stealth Rock|p2a: Hatterene
|move|p2a: Hatterene|Stealth Rock||[from] ability: Magic Bounce|[still]
|-fail|p2a: Hatterene
|
|upkeep
|turn|8
|
|t:|1760718475
|move|p2a: Hatterene|Nuzzle|p1a: Ting-Lu
|-immune|p1a: Ting-Lu
|move|p1a: Ting-Lu|Whirlwind|p2a: Hatterene
|move|p2a: Hatterene|Whirlwind|p1a: Ting-Lu|[from] ability: Magic Bounce
|drag|p1a: Rillaboom|Rillaboom, F|100/100
|-damage|p1a: Rillaboom|88/100|[from] Stealth Rock
|
|-heal|p1a: Rillaboom|94/100|[from] Grassy Terrain
|-fieldend|move: Grassy Terrain
|upkeep
|turn|9
|
|t:|1760718484
|move|p1a: Rillaboom|Knock Off|p2a: Hatterene
|-damage|p2a: Hatterene|72/100
|-damage|p1a: Rillaboom|78/100|[from] item: Rocky Helmet|[of] p2a: Hatterene
|-enditem|p2a: Hatterene|Rocky Helmet|[from] move: Knock Off|[of] p1a: Rillaboom
|move|p2a: Hatterene|Nuzzle|p1a: Rillaboom
|-resisted|p1a: Rillaboom
|-damage|p1a: Rillaboom|76/100
|-status|p1a: Rillaboom|par
|
|upkeep
|turn|10
|
|t:|1760718493
|move|p1a: Rillaboom|Wood Hammer|p2a: Hatterene
|-damage|p2a: Hatterene|15/100
|-damage|p1a: Rillaboom|60/100 par|[from] Recoil
|move|p2a: Hatterene|Pain Split|p1a: Rillaboom
|-sethp|p1a: Rillaboom|36/100 par|[from] move: Pain Split|[silent]
|-sethp|p2a: Hatterene|45/100|[from] move: Pain Split
|
|upkeep
|turn|11
|
|t:|1760718502
|switch|p2a: Tornadus|Tornadus-Therian, M|84/100
|move|p1a: Rillaboom|U-turn|p2a: Tornadus
|-resisted|p2a: Tornadus
|-damage|p2a: Tornadus|70/100
|
|t:|1760718514
|switch|p1a: Ogerpon|Ogerpon-Wellspring, F|100/100|[from] U-turn
|-damage|p1a: Ogerpon|88/100|[from] Stealth Rock
|
|upkeep
|turn|12
|
|t:|1760718519
|-terastallize|p1a: Ogerpon|Water
|detailschange|p1a: Ogerpon|Ogerpon-Wellspring-Tera, F, tera:Water
|-ability|p1a: Ogerpon|Embody Aspect (Wellspring)|boost
|-boost|p1a: Ogerpon|spd|1
|move|p2a: Tornadus|U-turn|p1a: Ogerpon
|-damage|p1a: Ogerpon|71/100
|
|t:|1760718525
|switch|p2a: Hatterene|Hatterene, F|45/100|[from] U-turn
|move|p1a: Ogerpon|Ivy Cudgel|p2a: Hatterene|[anim] Ivy Cudgel Water
|-crit|p2a: Hatterene
|-damage|p2a: Hatterene|0 fnt
|faint|p2a: Hatterene
|
|upkeep
|
|t:|1760718530
|switch|p2a: Rillaboom|Rillaboom, F|100/100
|-fieldstart|move: Grassy Terrain|[from] ability: Grassy Surge|[of] p2a: Rillaboom
|turn|13
|
|t:|1760718536
|switch|p1a: Gholdengo|Gholdengo|99/100
|-damage|p1a: Gholdengo|94/100|[from] Stealth Rock
|move|p2a: Rillaboom|Swords Dance|p2a: Rillaboom
|-boost|p2a: Rillaboom|atk|2
|
|-heal|p1a: Gholdengo|99/100|[from] Grassy Terrain
|upkeep
|turn|14
|inactive|healorant has 120 seconds left.
|
|t:|1760718575
|-terastallize|p2a: Rillaboom|Grass
|move|p2a: Rillaboom|Wood Hammer|p1a: Gholdengo
|-resisted|p1a: Gholdengo
|-damage|p1a: Gholdengo|0 fnt
|faint|p1a: Gholdengo
|-damage|p2a: Rillaboom|66/100|[from] Recoil
|-damage|p2a: Rillaboom|56/100|[from] item: Life Orb
|
|-heal|p2a: Rillaboom|62/100|[from] Grassy Terrain
|upkeep
|
|t:|1760718586
|switch|p1a: Meowscarada|Meowscarada, M|100/100
|-damage|p1a: Meowscarada|88/100|[from] Stealth Rock
|turn|15
|
|t:|1760718595
|move|p2a: Rillaboom|Grassy Glide|p1a: Meowscarada
|-resisted|p1a: Meowscarada
|-damage|p1a: Meowscarada|0 fnt
|faint|p1a: Meowscarada
|-damage|p2a: Rillaboom|52/100|[from] item: Life Orb
|
|-heal|p2a: Rillaboom|58/100|[from] Grassy Terrain
|upkeep
|
|t:|1760718611
|switch|p1a: Rillaboom|Rillaboom, F|36/100 par
|-damage|p1a: Rillaboom|24/100 par|[from] Stealth Rock
|turn|16
|
|t:|1760718615
|move|p2a: Rillaboom|Grassy Glide|p1a: Rillaboom
|-resisted|p1a: Rillaboom
|-damage|p1a: Rillaboom|0 fnt
|faint|p1a: Rillaboom
|-damage|p2a: Rillaboom|48/100|[from] item: Life Orb
|
|-heal|p2a: Rillaboom|55/100|[from] Grassy Terrain
|upkeep
|c|☆healorant|gg
|
|t:|1760718624
|switch|p1a: Great Tusk|Great Tusk|100/100
|turn|17
|
|t:|1760718631
|move|p2a: Rillaboom|Grassy Glide|p1a: Great Tusk
|-supereffective|p1a: Great Tusk
|-damage|p1a: Great Tusk|0 fnt
|faint|p1a: Great Tusk
|-end|p1a: Great Tusk|Protosynthesis|[silent]
|-damage|p2a: Rillaboom|45/100|[from] item: Life Orb
|
|-heal|p2a: Rillaboom|51/100|[from] Grassy Terrain
|-fieldend|move: Grassy Terrain
|upkeep
|
|t:|1760718638
|switch|p1a: Ogerpon|Ogerpon-Wellspring-Tera, F, tera:Water|71/100
|-damage|p1a: Ogerpon|58/100|[from] Stealth Rock
|-ability|p1a: Ogerpon|Embody Aspect (Wellspring)|boost
|-boost|p1a: Ogerpon|spd|1
|turn|18
|
|t:|1760718644
|switch|p2a: Garchomp|Garchomp, M|100/100
|move|p1a: Ogerpon|Swords Dance|p1a: Ogerpon
|-boost|p1a: Ogerpon|atk|2
|
|upkeep
|turn|19
|
|t:|1760718649
|move|p1a: Ogerpon|Ivy Cudgel|p2a: Garchomp|[anim] Ivy Cudgel Water
|-damage|p2a: Garchomp|0 fnt
|faint|p2a: Garchomp
|
|upkeep
|
|t:|1760718652
|switch|p2a: Rillaboom|Rillaboom, F, tera:Grass|51/100
|-fieldstart|move: Grassy Terrain|[from] ability: Grassy Surge|[of] p2a: Rillaboom
|turn|20
|
|t:|1760718657
|move|p1a: Ogerpon|Grassy Glide|p2a: Rillaboom
|-resisted|p2a: Rillaboom
|-damage|p2a: Rillaboom|2/100
|move|p2a: Rillaboom|Grassy Glide|p1a: Ogerpon
|-supereffective|p1a: Ogerpon
|-damage|p1a: Ogerpon|0 fnt
|faint|p1a: Ogerpon
|detailschange|p1: Ogerpon|Ogerpon-Wellspring, F|[silent]
|-damage|p2a: Rillaboom|0 fnt|[from] item: Life Orb
|faint|p2a: Rillaboom
|
|upkeep
|c|☆healorant|lol
|
|t:|1760718675
|switch|p1a: Ting-Lu|Ting-Lu|100/100
|switch|p2a: Tornadus|Tornadus-Therian, M|100/100
|-damage|p1a: Ting-Lu|94/100|[from] Stealth Rock
|-ability|p1a: Ting-Lu|Vessel of Ruin
|turn|21
|c|☆CC Foot Soldier|you nearly looked like such a nob
|j| PIDGEY GORDITO
|c|☆healorant|facts
|
|t:|1760718687
|move|p2a: Tornadus|Knock Off|p1a: Ting-Lu
|-resisted|p1a: Ting-Lu
|-damage|p1a: Ting-Lu|88/100
|-enditem|p1a: Ting-Lu|Leftovers|[from] move: Knock Off|[of] p2a: Tornadus
|move|p1a: Ting-Lu|Stealth Rock|p2a: Tornadus
|-sidestart|p2: healorant|move: Stealth Rock
|
|-heal|p1a: Ting-Lu|95/100|[from] Grassy Terrain
|upkeep
|turn|22
|
|t:|1760718694
|move|p2a: Tornadus|Heat Wave|p1a: Ting-Lu|[miss]
|-miss|p2a: Tornadus|p1a: Ting-Lu
|move|p1a: Ting-Lu|Spikes|p2a: Tornadus
|-sidestart|p2: healorant|Spikes
|
|-heal|p1a: Ting-Lu|100/100|[from] Grassy Terrain
|upkeep
|turn|23
|
|t:|1760718700
|move|p2a: Tornadus|Heat Wave|p1a: Ting-Lu
|-damage|p1a: Ting-Lu|90/100
|move|p1a: Ting-Lu|Spikes|p2a: Tornadus
|-sidestart|p2: healorant|Spikes
|
|-heal|p1a: Ting-Lu|97/100|[from] Grassy Terrain
|upkeep
|turn|24
|
|t:|1760718706
|move|p2a: Tornadus|Heat Wave|p1a: Ting-Lu
|-damage|p1a: Ting-Lu|87/100
|move|p1a: Ting-Lu|Spikes|p2a: Tornadus
|-sidestart|p2: healorant|Spikes
|
|-heal|p1a: Ting-Lu|93/100|[from] Grassy Terrain
|-fieldend|move: Grassy Terrain
|upkeep
|turn|25
|
|t:|1760718712
|move|p2a: Tornadus|Heat Wave|p1a: Ting-Lu
|-damage|p1a: Ting-Lu|83/100
|move|p1a: Ting-Lu|Whirlwind|p2a: Tornadus
|drag|p2a: Darkrai|Darkrai|100/100 par
|-damage|p2a: Darkrai|88/100 par|[from] Stealth Rock
|-damage|p2a: Darkrai|63/100 par|[from] Spikes
|
|-heal|p2a: Darkrai|69/100 par|[from] item: Leftovers
|upkeep
|turn|26
|
|t:|1760718720
|move|p2a: Darkrai|Ice Beam|p1a: Ting-Lu
|-supereffective|p1a: Ting-Lu
|-damage|p1a: Ting-Lu|56/100
|move|p1a: Ting-Lu|Earthquake|p2a: Darkrai
|-damage|p2a: Darkrai|20/100 par
|
|-heal|p2a: Darkrai|26/100 par|[from] item: Leftovers
|upkeep
|turn|27
|
|t:|1760718728
|move|p2a: Darkrai|Ice Beam|p1a: Ting-Lu
|-supereffective|p1a: Ting-Lu
|-damage|p1a: Ting-Lu|31/100
|move|p1a: Ting-Lu|Whirlwind|p2a: Darkrai
|drag|p2a: Tornadus|Tornadus-Therian, M|100/100
|-damage|p2a: Tornadus|76/100|[from] Stealth Rock
|
|upkeep
|turn|28
|
|t:|1760718735
|move|p2a: Tornadus|Heat Wave|p1a: Ting-Lu
|-damage|p1a: Ting-Lu|21/100
|move|p1a: Ting-Lu|Whirlwind|p2a: Tornadus
|drag|p2a: Darkrai|Darkrai|26/100 par
|-damage|p2a: Darkrai|13/100 par|[from] Stealth Rock
|-damage|p2a: Darkrai|0 fnt|[from] Spikes
|faint|p2a: Darkrai
|
|upkeep
|
|t:|1760718739
|switch|p2a: Tornadus|Tornadus-Therian, M|100/100
|-damage|p2a: Tornadus|76/100|[from] Stealth Rock
|turn|29
|
|t:|1760718745
|move|p2a: Tornadus|Heat Wave|p1a: Ting-Lu
|-damage|p1a: Ting-Lu|10/100
|move|p1a: Ting-Lu|Whirlwind|p2a: Tornadus
|drag|p2a: Kyurem|Kyurem|100/100
|-damage|p2a: Kyurem|76/100|[from] Stealth Rock
|-damage|p2a: Kyurem|51/100|[from] Spikes
|-ability|p2a: Kyurem|Pressure
|
|upkeep
|turn|30
|
|t:|1760718753
|move|p2a: Kyurem|Earth Power|p1a: Ting-Lu
|-damage|p1a: Ting-Lu|0 fnt
|faint|p1a: Ting-Lu
|
|win|healorant
|raw|CC Foot Soldier's rating: 1734 &rarr; <strong>1717</strong><br />(-17 for losing)
|raw|healorant's rating: 1780 &rarr; <strong>1797</strong><br />(+17 for winning)
|c|☆healorant|gg
|c|☆CC Foot Soldier|g
|l|☆CC Foot Soldier
|player|p1|
|l|☆healorant
|player|p2|
