|j|☆tqzerstgqzt
|j|☆xail44
|t:|1760785629
|gametype|singles
|player|p1|tqzerstgqzt|2|1132
|player|p2|xail44|170|1144
|gen|9
|tier|[Gen 9] OU
|rated|
|rule|HP Percentage Mod: HP is shown in percentages
|rule|Endless Battle Clause: Forcing endless battles is banned
|rule|Species Clause: Limit one of each Pokémon
|rule|OHKO Clause: OHKO moves are banned
|rule|Evasion Items Clause: Evasion items are banned
|rule|Evasion Moves Clause: Evasion moves are banned
|rule|Evasion Abilities Clause: Evasion abilities are banned
|rule|Sleep Moves Clause: Sleep-inducing moves are banned
|clearpoke
|poke|p1|Toxapex, F|
|poke|p1|Gliscor, F|
|poke|p1|Blissey, F|
|poke|p1|Dondozo, F|
|poke|p1|Moltres|
|poke|p1|Cresselia, F|
|poke|p2|Leafeon, F|
|poke|p2|Sunflora, M|
|poke|p2|Ninetales, F|
|poke|p2|Swampert, M|
|poke|p2|Slither Wing|
|poke|p2|Grafaiai, M|
|teampreview
|inactive|Battle timer is ON: inactive players will automatically lose when time's up. (requested by xail44)
|
|t:|1760785641
|teamsize|p1|6
|teamsize|p2|6
|start
|switch|p1a: Toxapex|Toxapex, F|100/100
|switch|p2a: Swampert|Swampert, M|100/100
|turn|1
|
|t:|1760785649
|move|p1a: Toxapex|Baneful Bunker|p1a: Toxapex
|-singleturn|p1a: Toxapex|move: Protect
|move|p2a: Swampert|Knock Off|p1a: Toxapex
|-activate|p1a: Toxapex|move: Protect
|-status|p2a: Swampert|psn
|
|-damage|p2a: Swampert|88/100 psn|[from] psn
|upkeep
|turn|2
|
|t:|1760785658
|move|p2a: Swampert|Stealth Rock|p1a: Toxapex
|-sidestart|p1: tqzerstgqzt|move: Stealth Rock
|move|p1a: Toxapex|Toxic Spikes|p2a: Swampert
|-sidestart|p2: xail44|move: Toxic Spikes
|
|-heal|p2a: Swampert|94/100 psn|[from] item: Leftovers
|-damage|p2a: Swampert|82/100 psn|[from] psn
|upkeep
|turn|3
|
|t:|1760785663
|move|p2a: Swampert|Knock Off|p1a: Toxapex
|-crit|p1a: Toxapex
|-damage|p1a: Toxapex|70/100
|-enditem|p1a: Toxapex|Heavy-Duty Boots|[from] move: Knock Off|[of] p2a: Swampert
|move|p1a: Toxapex|Toxic Spikes|p2a: Swampert
|-sidestart|p2: xail44|move: Toxic Spikes
|
|-heal|p2a: Swampert|88/100 psn|[from] item: Leftovers
|-damage|p2a: Swampert|76/100 psn|[from] psn
|upkeep
|turn|4
|
|t:|1760785673
|switch|p1a: Gliscor|Gliscor, F|100/100
|-damage|p1a: Gliscor|88/100|[from] Stealth Rock
|move|p2a: Swampert|Earthquake|p1a: Gliscor
|-immune|p1a: Gliscor
|
|-heal|p2a: Swampert|82/100 psn|[from] item: Leftovers
|-damage|p2a: Swampert|70/100 psn|[from] psn
|-status|p1a: Gliscor|tox|[from] item: Toxic Orb
|upkeep
|turn|5
|
|t:|1760785681
|move|p1a: Gliscor|Knock Off|p2a: Swampert
|-damage|p2a: Swampert|51/100 psn
|-enditem|p2a: Swampert|Leftovers|[from] move: Knock Off|[of] p1a: Gliscor
|move|p2a: Swampert|Flip Turn|p1a: Gliscor
|-supereffective|p1a: Gliscor
|-damage|p1a: Gliscor|52/100 tox
|
|t:|1760785684
|switch|p2a: Grafaiai|Grafaiai, M|100/100|[from] Flip Turn
|-item|p2a: Grafaiai|Air Balloon
|
|-heal|p1a: Gliscor|65/100 tox|[from] ability: Poison Heal
|upkeep
|turn|6
|
|t:|1760785693
|move|p1a: Gliscor|Protect|p1a: Gliscor
|-singleturn|p1a: Gliscor|Protect
|move|p2a: Grafaiai|Encore|p1a: Gliscor
|-activate|p1a: Gliscor|move: Protect
|
|-heal|p1a: Gliscor|77/100 tox|[from] ability: Poison Heal
|upkeep
|turn|7
|
|t:|1760785700
|switch|p1a: Toxapex|Toxapex, F|100/100
|-damage|p1a: Toxapex|88/100|[from] Stealth Rock
|move|p2a: Grafaiai|Sunny Day|p2a: Grafaiai
|-weather|SunnyDay
|
|-weather|SunnyDay|[upkeep]
|upkeep
|turn|8
|
|t:|1760785706
|move|p2a: Grafaiai|Poison Jab|p1a: Toxapex
|-resisted|p1a: Toxapex
|-damage|p1a: Toxapex|81/100
|move|p1a: Toxapex|Toxic Spikes||[still]
|-fail|p1a: Toxapex
|
|-weather|SunnyDay|[upkeep]
|upkeep
|turn|9
|
|t:|1760785715
|switch|p1a: Gliscor|Gliscor, F|77/100 tox
|-damage|p1a: Gliscor|65/100 tox|[from] Stealth Rock
|move|p2a: Grafaiai|Parting Shot|p1a: Gliscor
|-unboost|p1a: Gliscor|atk|1
|-unboost|p1a: Gliscor|spa|1
|
|t:|1760785719
|switch|p2a: Swampert|Swampert, M|51/100 psn|[from] Parting Shot
|
|-weather|SunnyDay|[upkeep]
|-heal|p1a: Gliscor|77/100 tox|[from] ability: Poison Heal
|-damage|p2a: Swampert|39/100 psn|[from] psn
|upkeep
|turn|10
|
|t:|1760785725
|move|p1a: Gliscor|Protect|p1a: Gliscor
|-singleturn|p1a: Gliscor|Protect
|move|p2a: Swampert|Flip Turn|p1a: Gliscor
|-activate|p1a: Gliscor|move: Protect
|
|-weather|SunnyDay|[upkeep]
|-heal|p1a: Gliscor|90/100 tox|[from] ability: Poison Heal
|-damage|p2a: Swampert|26/100 psn|[from] psn
|upkeep
|turn|11
|
|t:|1760785733
|switch|p2a: Grafaiai|Grafaiai, M|100/100
|-item|p2a: Grafaiai|Air Balloon
|move|p1a: Gliscor|Spikes|p2a: Grafaiai
|-sidestart|p2: xail44|Spikes
|
|-weather|none
|-heal|p1a: Gliscor|100/100 tox|[from] ability: Poison Heal
|upkeep
|turn|12
|
|t:|1760785747
|move|p2a: Grafaiai|Sunny Day|p2a: Grafaiai
|-weather|SunnyDay
|move|p1a: Gliscor|Spikes|p2a: Grafaiai
|-sidestart|p2: xail44|Spikes
|
|-weather|SunnyDay|[upkeep]
|upkeep
|turn|13
|
|t:|1760785757
|move|p2a: Grafaiai|Encore|p1a: Gliscor
|-start|p1a: Gliscor|Encore
|move|p1a: Gliscor|Spikes|p2a: Grafaiai
|-sidestart|p2: xail44|Spikes
|
|-weather|SunnyDay|[upkeep]
|upkeep
|turn|14
|
|t:|1760785775
|switch|p2a: Sunflora|Sunflora, M|100/100
|-status|p2a: Sunflora|tox
|-damage|p2a: Sunflora|76/100 tox|[from] Spikes
|switch|p1a: Toxapex|Toxapex, F|100/100
|-damage|p1a: Toxapex|88/100|[from] Stealth Rock
|
|-weather|SunnyDay|[upkeep]
|-damage|p2a: Sunflora|70/100 tox|[from] psn
|upkeep
|turn|15
|
|t:|1760785786
|switch|p1a: Blissey|Blissey, F|100/100
|move|p2a: Sunflora|Giga Drain|p1a: Blissey
|-damage|p1a: Blissey|88/100
|-heal|p2a: Sunflora|85/100 tox|[from] drain|[of] p1a: Blissey
|-damage|p2a: Sunflora|75/100 tox|[from] item: Life Orb
|
|-weather|SunnyDay|[upkeep]
|-damage|p2a: Sunflora|63/100 tox|[from] psn
|upkeep
|turn|16
|
|t:|1760785792
|switch|p2a: Grafaiai|Grafaiai, M|100/100
|-item|p2a: Grafaiai|Air Balloon
|move|p1a: Blissey|Stealth Rock|p2a: Grafaiai
|-sidestart|p2: xail44|move: Stealth Rock
|
|-weather|none
|upkeep
|turn|17
|
|t:|1760785799
|switch|p1a: Gliscor|Gliscor, F|100/100 tox
|-damage|p1a: Gliscor|88/100 tox|[from] Stealth Rock
|move|p2a: Grafaiai|Poison Jab|p1a: Gliscor
|-resisted|p1a: Gliscor
|-damage|p1a: Gliscor|81/100 tox
|
|-heal|p1a: Gliscor|93/100 tox|[from] ability: Poison Heal
|upkeep
|turn|18
|
|t:|1760785815
|switch|p1a: Cresselia|Cresselia, F|100/100
|-damage|p1a: Cresselia|88/100|[from] Stealth Rock
|move|p2a: Grafaiai|Parting Shot|p1a: Cresselia
|-unboost|p1a: Cresselia|atk|1
|-unboost|p1a: Cresselia|spa|1
|
|t:|1760785822
|switch|p2a: Swampert|Swampert, M|26/100 psn|[from] Parting Shot
|-damage|p2a: Swampert|1/100 psn|[from] Spikes
|-damage|p2a: Swampert|0 fnt|[from] Stealth Rock
|faint|p2a: Swampert
|
|upkeep
|
|t:|1760785833
|switch|p2a: Sunflora|Sunflora, M|63/100 tox
|-damage|p2a: Sunflora|38/100 tox|[from] Spikes
|-damage|p2a: Sunflora|26/100 tox|[from] Stealth Rock
|turn|19
|
|t:|1760785843
|switch|p2a: Grafaiai|Grafaiai, M|100/100
|-damage|p2a: Grafaiai|88/100|[from] Stealth Rock
|-item|p2a: Grafaiai|Air Balloon
|move|p1a: Cresselia|Calm Mind|p1a: Cresselia
|-boost|p1a: Cresselia|spa|1
|-boost|p1a: Cresselia|spd|1
|
|upkeep
|turn|20
|
|t:|1760785851
|move|p2a: Grafaiai|Encore|p1a: Cresselia
|-start|p1a: Cresselia|Encore
|move|p1a: Cresselia|Calm Mind|p1a: Cresselia
|-boost|p1a: Cresselia|spa|1
|-boost|p1a: Cresselia|spd|1
|
|upkeep
|turn|21
|
|t:|1760785859
|move|p2a: Grafaiai|Sunny Day|p2a: Grafaiai
|-weather|SunnyDay
|move|p1a: Cresselia|Calm Mind|p1a: Cresselia
|-boost|p1a: Cresselia|spa|1
|-boost|p1a: Cresselia|spd|1
|
|-weather|SunnyDay|[upkeep]
|upkeep
|turn|22
|
|t:|1760785864
|switch|p2a: Slither Wing|Slither Wing|100/100
|-status|p2a: Slither Wing|tox
|-damage|p2a: Slither Wing|76/100 tox|[from] Spikes
|-damage|p2a: Slither Wing|64/100 tox|[from] Stealth Rock
|-activate|p2a: Slither Wing|ability: Protosynthesis
|-start|p2a: Slither Wing|protosynthesisatk
|move|p1a: Cresselia|Calm Mind|p1a: Cresselia
|-boost|p1a: Cresselia|spa|1
|-boost|p1a: Cresselia|spd|1
|
|-weather|SunnyDay|[upkeep]
|-damage|p2a: Slither Wing|57/100 tox|[from] psn
|-end|p1a: Cresselia|Encore
|upkeep
|turn|23
|
|t:|1760785882
|switch|p1a: Moltres|Moltres|100/100
|move|p2a: Slither Wing|First Impression|p1a: Moltres
|-resisted|p1a: Moltres
|-damage|p1a: Moltres|90/100
|
|-weather|SunnyDay|[upkeep]
|-damage|p2a: Slither Wing|45/100 tox|[from] psn
|upkeep
|turn|24
|
|t:|1760785894
|-end|p2a: Slither Wing|Protosynthesis|[silent]
|switch|p2a: Grafaiai|Grafaiai, M|88/100
|-damage|p2a: Grafaiai|76/100|[from] Stealth Rock
|-item|p2a: Grafaiai|Air Balloon
|move|p1a: Moltres|Roost|p1a: Moltres
|-heal|p1a: Moltres|100/100
|-singleturn|p1a: Moltres|move: Roost
|
|-weather|SunnyDay|[upkeep]
|upkeep
|turn|25
|
|t:|1760785903
|switch|p1a: Toxapex|Toxapex, F|100/100
|-damage|p1a: Toxapex|88/100|[from] Stealth Rock
|move|p2a: Grafaiai|Poison Jab|p1a: Toxapex
|-resisted|p1a: Toxapex
|-damage|p1a: Toxapex|80/100
|
|-weather|none
|upkeep
|turn|26
|
|t:|1760785911
|move|p1a: Toxapex|Baneful Bunker|p1a: Toxapex
|-singleturn|p1a: Toxapex|move: Protect
|move|p2a: Grafaiai|Poison Jab|p1a: Toxapex
|-activate|p1a: Toxapex|move: Protect
|
|upkeep
|turn|27
|
|t:|1760785915
|switch|p1a: Cresselia|Cresselia, F|88/100
|-damage|p1a: Cresselia|76/100|[from] Stealth Rock
|move|p2a: Grafaiai|Poison Jab|p1a: Cresselia
|-damage|p1a: Cresselia|59/100
|
|upkeep
|turn|28
|
|t:|1760785922
|move|p2a: Grafaiai|Sunny Day|p2a: Grafaiai
|-weather|SunnyDay
|move|p1a: Cresselia|Moonlight|p1a: Cresselia
|-heal|p1a: Cresselia|100/100
|
|-weather|SunnyDay|[upkeep]
|upkeep
|turn|29
|
|t:|1760785926
|switch|p1a: Gliscor|Gliscor, F|93/100 tox
|-damage|p1a: Gliscor|81/100 tox|[from] Stealth Rock
|move|p2a: Grafaiai|Poison Jab|p1a: Gliscor
|-resisted|p1a: Gliscor
|-damage|p1a: Gliscor|72/100 tox
|
|-weather|SunnyDay|[upkeep]
|-heal|p1a: Gliscor|85/100 tox|[from] ability: Poison Heal
|upkeep
|turn|30
|
|t:|1760785932
|switch|p2a: Ninetales|Ninetales, F|100/100
|-status|p2a: Ninetales|tox
|-damage|p2a: Ninetales|76/100 tox|[from] Spikes
|-damage|p2a: Ninetales|51/100 tox|[from] Stealth Rock
|move|p1a: Gliscor|Protect||[still]
|-fail|p1a: Gliscor
|
|-weather|SunnyDay|[upkeep]
|-damage|p2a: Ninetales|45/100 tox|[from] psn
|-heal|p1a: Gliscor|97/100 tox|[from] ability: Poison Heal
|upkeep
|turn|31
|
|t:|1760785945
|move|p1a: Gliscor|Protect|p1a: Gliscor
|-singleturn|p1a: Gliscor|Protect
|move|p2a: Ninetales|Fire Blast|p1a: Gliscor
|-activate|p1a: Gliscor|move: Protect
|
|-weather|SunnyDay|[upkeep]
|-damage|p2a: Ninetales|33/100 tox|[from] psn
|-heal|p1a: Gliscor|100/100 tox|[from] ability: Poison Heal
|upkeep
|turn|32
|
|t:|1760785951
|switch|p1a: Blissey|Blissey, F|88/100
|move|p2a: Ninetales|Encore||[still]
|-fail|p2a: Ninetales
|
|-weather|none
|-damage|p2a: Ninetales|15/100 tox|[from] psn
|upkeep
|turn|33
|
|t:|1760785959
|move|p2a: Ninetales|Fire Blast|p1a: Blissey
|-damage|p1a: Blissey|75/100
|-status|p1a: Blissey|brn
|move|p1a: Blissey|Soft-Boiled|p1a: Blissey
|-heal|p1a: Blissey|100/100 brn
|
|-damage|p2a: Ninetales|0 fnt|[from] psn
|faint|p2a: Ninetales
|-damage|p1a: Blissey|94/100 brn|[from] brn
|upkeep
|
|t:|1760785975
|switch|p2a: Sunflora|Sunflora, M|26/100 tox
|-damage|p2a: Sunflora|1/100 tox|[from] Spikes
|-damage|p2a: Sunflora|0 fnt|[from] Stealth Rock
|faint|p2a: Sunflora
|-message|xail44 forfeited.
|
|win|tqzerstgqzt
|raw|tqzerstgqzt's rating: 1132 &rarr; <strong>1158</strong><br />(+26 for winning)
|raw|xail44's rating: 1144 &rarr; <strong>1118</strong><br />(-26 for losing)
|l|☆xail44
|player|p2|
|l|☆tqzerstgqzt
|player|p1|
