|j|☆mateuscavalo
|j|☆werearewe
|t:|1760736407
|gametype|singles
|player|p1|mateuscavalo|1|1533
|player|p2|werearewe|1|1634
|gen|9
|tier|[Gen 9] OU
|rated|
|rule|HP Percentage Mod: HP is shown in percentages
|rule|Endless Battle Clause: Forcing endless battles is banned
|rule|Species Clause: Limit one of each Pokémon
|rule|OHKO Clause: OHKO moves are banned
|rule|Evasion Items Clause: Evasion items are banned
|rule|Evasion Moves Clause: Evasion moves are banned
|rule|Evasion Abilities Clause: Evasion abilities are banned
|rule|Sleep Moves Clause: Sleep-inducing moves are banned
|clearpoke
|poke|p1|Reuniclus, F|
|poke|p1|Kingambit, M|
|poke|p1|Ogerpon-Wellspring, F|
|poke|p1|Landorus-Therian, M|
|poke|p1|Iron Valiant|
|poke|p1|Cinderace, M|
|poke|p2|Ribombee, M|
|poke|p2|Cinderace, F|
|poke|p2|Ogerpon, F|
|poke|p2|Milotic, M|
|poke|p2|Kingambit, F|
|poke|p2|Empoleon, F|
|teampreview
|inactive|Battle timer is ON: inactive players will automatically lose when time's up. (requested by mateuscavalo)
|inactive|werearewe has 120 seconds left.
|inactive|werearewe has 90 seconds left.
|
|t:|1760736493
|teamsize|p1|6
|teamsize|p2|6
|start
|switch|p1a: Solar Flare|Cinderace, M|100/100
|switch|p2a: Ribombee|Ribombee, M|100/100
|turn|1
|
|t:|1760736499
|move|p2a: Ribombee|Sticky Web|p1a: Solar Flare
|-sidestart|p1: mateuscavalo|move: Sticky Web
|move|p1a: Solar Flare|Pyro Ball|p2a: Ribombee
|-supereffective|p2a: Ribombee
|-enditem|p2a: Ribombee|Focus Sash
|-damage|p2a: Ribombee|1/100
|
|upkeep
|turn|2
|
|t:|1760736524
|switch|p1a: Terratomere|Ogerpon-Wellspring, F|100/100
|-activate|p1a: Terratomere|move: Sticky Web
|-unboost|p1a: Terratomere|spe|1
|move|p2a: Ribombee|U-turn|p1a: Terratomere
|-supereffective|p1a: Terratomere
|-damage|p1a: Terratomere|68/100
|
|t:|1760736531
|switch|p2a: Ogerpon|Ogerpon, F|100/100|[from] U-turn
|
|upkeep
|turn|3
|
|t:|1760736549
|switch|p1a: Earth|Landorus-Therian, M|100/100
|-ability|p1a: Earth|Intimidate|boost
|-unboost|p2a: Ogerpon|atk|1
|-ability|p2a: Ogerpon|Defiant|boost
|-boost|p2a: Ogerpon|atk|2
|move|p2a: Ogerpon|Knock Off|p1a: Earth
|-damage|p1a: Earth|53/100
|-damage|p2a: Ogerpon|84/100|[from] item: Rocky Helmet|[of] p1a: Earth
|-enditem|p1a: Earth|Rocky Helmet|[from] move: Knock Off|[of] p2a: Ogerpon
|
|upkeep
|turn|4
|
|t:|1760736557
|move|p2a: Ogerpon|Ivy Cudgel|p1a: Earth
|-damage|p1a: Earth|0 fnt
|faint|p1a: Earth
|
|upkeep
|
|t:|1760736562
|switch|p1a: Solar Flare|Cinderace, M|100/100
|turn|5
|
|t:|1760736590
|switch|p2a: Cinderace|Cinderace, F|100/100
|move|p1a: Solar Flare|Pyro Ball|p2a: Cinderace
|-resisted|p2a: Cinderace
|-damage|p2a: Cinderace|67/100
|
|upkeep
|turn|6
|inactive|mateuscavalo has 120 seconds left.
|
|t:|1760736621
|move|p2a: Cinderace|Court Change|p2a: Cinderace
|-swapsideconditions
|-activate|p2a: Cinderace|move: Court Change
|move|p1a: Solar Flare|Gunk Shot|p2a: Cinderace
|-start|p1a: Solar Flare|typechange|Poison|[from] ability: Libero
|-damage|p2a: Cinderace|0 fnt
|faint|p2a: Cinderace
|
|upkeep
|inactive|werearewe has 120 seconds left.
|
|t:|1760736641
|switch|p2a: Kingambit|Kingambit, F|100/100
|-activate|p2a: Kingambit|move: Sticky Web
|-unboost|p2a: Kingambit|spe|1
|-ability|p2a: Kingambit|Defiant|boost
|-boost|p2a: Kingambit|atk|2
|turn|7
|
|t:|1760736646
|move|p1a: Solar Flare|Court Change|p1a: Solar Flare
|-swapsideconditions
|-activate|p1a: Solar Flare|move: Court Change
|move|p2a: Kingambit|Kowtow Cleave|p1a: Solar Flare
|-damage|p1a: Solar Flare|0 fnt
|faint|p1a: Solar Flare
|
|upkeep
|
|t:|1760736654
|switch|p1a: Excelsus|Iron Valiant|100/100
|-activate|p1a: Excelsus|move: Sticky Web
|-unboost|p1a: Excelsus|spe|1
|turn|8
|
|t:|1760736668
|-terastallize|p2a: Kingambit|Fairy
|move|p1a: Excelsus|Vacuum Wave|p2a: Kingambit
|-resisted|p2a: Kingambit
|-damage|p2a: Kingambit|95/100
|move|p2a: Kingambit|Tera Blast|p1a: Excelsus|[anim] Tera Blast Fairy
|-supereffective|p1a: Excelsus
|-damage|p1a: Excelsus|0 fnt
|faint|p1a: Excelsus
|-end|p1a: Excelsus|Quark Drive|[silent]
|
|upkeep
|
|t:|1760736675
|switch|p1a: Terratomere|Ogerpon-Wellspring, F|68/100
|-activate|p1a: Terratomere|move: Sticky Web
|-unboost|p1a: Terratomere|spe|1
|turn|9
|
|t:|1760736683
|move|p2a: Kingambit|Sucker Punch||[still]
|-fail|p2a: Kingambit
|move|p1a: Terratomere|Substitute|p1a: Terratomere
|-start|p1a: Terratomere|Substitute
|-damage|p1a: Terratomere|43/100
|
|upkeep
|turn|10
|
|t:|1760736697
|move|p1a: Terratomere|Swords Dance|p1a: Terratomere
|-boost|p1a: Terratomere|atk|2
|move|p2a: Kingambit|Kowtow Cleave|p1a: Terratomere
|-end|p1a: Terratomere|Substitute
|
|upkeep
|turn|11
|c|☆mateuscavalo|i hate sucker punch omg
|c|☆mateuscavalo|50/50 is sad
|inactive|werearewe has 120 seconds left.
|c|☆werearewe|lol
|inactive|mateuscavalo has 120 seconds left.
|inactive|werearewe has 90 seconds left.
|inactive|mateuscavalo has 90 seconds left.
|
|t:|1760736773
|move|p1a: Terratomere|Ivy Cudgel|p2a: Kingambit|[anim] Ivy Cudgel Water
|-damage|p2a: Kingambit|11/100
|move|p2a: Kingambit|Kowtow Cleave|p1a: Terratomere
|-damage|p1a: Terratomere|0 fnt
|faint|p1a: Terratomere
|
|upkeep
|c|☆mateuscavalo|lol not ko
|c|☆mateuscavalo|gg
|
|t:|1760736780
|switch|p1a: Murasama|Kingambit, M|100/100
|-activate|p1a: Murasama|move: Sticky Web
|-unboost|p1a: Murasama|spe|1
|-activate|p1a: Murasama|ability: Supreme Overlord
|-start|p1a: Murasama|fallen4|[silent]
|turn|12
|
|t:|1760736792
|move|p1a: Murasama|Kowtow Cleave|p2a: Kingambit
|-resisted|p2a: Kingambit
|-damage|p2a: Kingambit|0 fnt
|faint|p2a: Kingambit
|
|upkeep
|
|t:|1760736800
|switch|p2a: Ogerpon|Ogerpon, F|84/100
|turn|13
|
|t:|1760736810
|-end|p1a: Murasama|fallen4|[silent]
|switch|p1a: Metastasis|Reuniclus, F|100/100
|-activate|p1a: Metastasis|move: Sticky Web
|-unboost|p1a: Metastasis|spe|1
|move|p2a: Ogerpon|Superpower|p1a: Metastasis
|-resisted|p1a: Metastasis
|-damage|p1a: Metastasis|81/100
|-unboost|p2a: Ogerpon|atk|1
|-unboost|p2a: Ogerpon|def|1
|-enditem|p2a: Ogerpon|White Herb
|-clearnegativeboost|p2a: Ogerpon|[silent]
|
|upkeep
|turn|14
|inactive|werearewe has 90 seconds left.
|
|t:|1760736837
|move|p2a: Ogerpon|Knock Off|p1a: Metastasis
|-supereffective|p1a: Metastasis
|-damage|p1a: Metastasis|21/100
|-enditem|p1a: Metastasis|Life Orb|[from] move: Knock Off|[of] p2a: Ogerpon
|move|p1a: Metastasis|Trick Room|p1a: Metastasis
|-fieldstart|move: Trick Room|[of] p1a: Metastasis
|
|upkeep
|turn|15
|inactive|werearewe has 90 seconds left.
|
|t:|1760736856
|move|p1a: Metastasis|Psychic|p2a: Ogerpon
|-damage|p2a: Ogerpon|29/100
|move|p2a: Ogerpon|Encore|p1a: Metastasis
|-start|p1a: Metastasis|Encore
|
|upkeep
|turn|16
|
|t:|1760736859
|switch|p2a: Empoleon|Empoleon, F|100/100
|move|p1a: Metastasis|Psychic|p2a: Empoleon
|-resisted|p2a: Empoleon
|-damage|p2a: Empoleon|85/100
|
|upkeep
|turn|17
|
|t:|1760736862
|move|p1a: Metastasis|Psychic|p2a: Empoleon
|-resisted|p2a: Empoleon
|-damage|p2a: Empoleon|70/100
|move|p2a: Empoleon|Surf|p1a: Metastasis
|-damage|p1a: Metastasis|0 fnt
|faint|p1a: Metastasis
|
|upkeep
|
|t:|1760736864
|switch|p1a: Murasama|Kingambit, M|100/100
|-activate|p1a: Murasama|move: Sticky Web
|-unboost|p1a: Murasama|spe|1
|-activate|p1a: Murasama|ability: Supreme Overlord
|-start|p1a: Murasama|fallen5|[silent]
|turn|18
|
|t:|1760736868
|move|p2a: Empoleon|Vacuum Wave|p1a: Murasama
|-supereffective|p1a: Murasama
|-damage|p1a: Murasama|44/100
|move|p1a: Murasama|Swords Dance|p1a: Murasama
|-boost|p1a: Murasama|atk|2
|
|-heal|p1a: Murasama|50/100|[from] item: Leftovers
|-fieldend|move: Trick Room
|upkeep
|turn|19
|
|t:|1760736874
|-terastallize|p1a: Murasama|Fairy
|move|p2a: Empoleon|Vacuum Wave|p1a: Murasama
|-resisted|p1a: Murasama
|-damage|p1a: Murasama|42/100
|move|p1a: Murasama|Kowtow Cleave|p2a: Empoleon
|-damage|p2a: Empoleon|0 fnt
|faint|p2a: Empoleon
|
|-heal|p1a: Murasama|49/100|[from] item: Leftovers
|upkeep
|inactive|werearewe has 120 seconds left.
|
|t:|1760736905
|switch|p2a: Ogerpon|Ogerpon, F|29/100
|turn|20
|
|t:|1760736920
|move|p2a: Ogerpon|Encore|p1a: Murasama
|-start|p1a: Murasama|Encore
|move|p1a: Murasama|Kowtow Cleave|p2a: Ogerpon
|-damage|p2a: Ogerpon|0 fnt
|faint|p2a: Ogerpon
|
|-heal|p1a: Murasama|55/100|[from] item: Leftovers
|upkeep
|
|t:|1760736923
|switch|p2a: Ribombee|Ribombee, M|1/100
|turn|21
|inactive|werearewe has 120 seconds left.
|
|t:|1760736943
|move|p2a: Ribombee|Moonblast|p1a: Murasama
|-damage|p1a: Murasama|16/100
|-unboost|p1a: Murasama|spa|1
|move|p1a: Murasama|Kowtow Cleave|p2a: Ribombee
|-resisted|p2a: Ribombee
|-damage|p2a: Ribombee|0 fnt
|faint|p2a: Ribombee
|
|-heal|p1a: Murasama|22/100|[from] item: Leftovers
|upkeep
|inactive|werearewe has 120 seconds left.
|
|t:|1760736949
|switch|p2a: Milotic|Milotic, M|100/100
|turn|22
|
|t:|1760736953
|move|p2a: Milotic|Scald|p1a: Murasama
|-damage|p1a: Murasama|0 fnt
|faint|p1a: Murasama
|-end|p1a: Murasama|fallen5|[silent]
|
|win|werearewe
|raw|mateuscavalo's rating: 1533 &rarr; <strong>1517</strong><br />(-16 for losing)
|raw|werearewe's rating: 1608 &rarr; <strong>1624</strong><br />(+16 for winning)
|l|☆werearewe
|player|p2|
