|badge|p2|bronze|gen9ou|100-7
|uhtml|medal-msg|<div class="broadcast-blue">Curious what those medals under the avatar are? PS now has Ladder Seasons! For more information, check out the <a href="https://www.smogon.com/forums/threads/3740067/">thread on Smogon.</a></div>
|j|☆art of unmoning
|j|☆ouww miguel o hara
|t:|1760793181
|gametype|singles
|player|p1|art of unmoning|waiter-gen4dp|1734
|player|p2|ouww miguel o hara|giovanni|1857
|gen|9
|tier|[Gen 9] OU
|rated|
|rule|HP Percentage Mod: HP is shown in percentages
|rule|Endless Battle Clause: Forcing endless battles is banned
|rule|Species Clause: Limit one of each Pokémon
|rule|OHKO Clause: OHKO moves are banned
|rule|Evasion Items Clause: Evasion items are banned
|rule|Evasion Moves Clause: Evasion moves are banned
|rule|Evasion Abilities Clause: Evasion abilities are banned
|rule|Sleep Moves Clause: Sleep-inducing moves are banned
|clearpoke
|poke|p1|Slowking, F|
|poke|p1|Tyranitar, F|
|poke|p1|Excadrill, F|
|poke|p1|Zamazenta-*|
|poke|p1|Corviknight, F|
|poke|p1|Weezing-Galar, F|
|poke|p2|Zamazenta-*|
|poke|p2|Iron Moth|
|poke|p2|Gliscor, F|
|poke|p2|Clefable, F|
|poke|p2|Blissey, F|
|poke|p2|Dragapult, F|
|teampreview
|inactive|Battle timer is ON: inactive players will automatically lose when time's up. (requested by art of unmoning)
|c|☆art of unmoning|Hf
|c|☆ouww miguel o hara|u2
|
|t:|1760793207
|teamsize|p1|6
|teamsize|p2|6
|start
|switch|p1a: Tyranitar|Tyranitar, F|100/100
|switch|p2a: Gliscor|Gliscor, F|100/100
|-weather|Sandstorm|[from] ability: Sand Stream|[of] p1a: Tyranitar
|turn|1
|
|t:|1760793211
|move|p2a: Gliscor|Protect|p2a: Gliscor
|-singleturn|p2a: Gliscor|Protect
|move|p1a: Tyranitar|Roar|p2a: Gliscor
|drag|p2a: Zamazenta|Zamazenta|100/100
|-ability|p2a: Zamazenta|Dauntless Shield|boost
|-boost|p2a: Zamazenta|def|1
|
|-weather|Sandstorm|[upkeep]
|-damage|p2a: Zamazenta|94/100|[from] Sandstorm
|-heal|p2a: Zamazenta|100/100|[from] item: Leftovers
|upkeep
|turn|2
|
|t:|1760793218
|switch|p1a: Slowking|Slowking, F|100/100
|move|p2a: Zamazenta|Body Press|p1a: Slowking
|-resisted|p1a: Slowking
|-damage|p1a: Slowking|71/100
|
|-weather|Sandstorm|[upkeep]
|-damage|p2a: Zamazenta|94/100|[from] Sandstorm
|-damage|p1a: Slowking|65/100|[from] Sandstorm
|-heal|p2a: Zamazenta|100/100|[from] item: Leftovers
|upkeep
|turn|3
|
|t:|1760793225
|switch|p2a: Blissey|Blissey, F|100/100
|move|p1a: Slowking|Psychic Noise|p2a: Blissey
|-damage|p2a: Blissey|90/100
|-start|p2a: Blissey|move: Heal Block
|
|-weather|Sandstorm|[upkeep]
|-damage|p2a: Blissey|83/100|[from] Sandstorm
|-damage|p1a: Slowking|59/100|[from] Sandstorm
|upkeep
|turn|4
|
|t:|1760793229
|switch|p1a: Excadrill|Excadrill, F|100/100
|move|p2a: Blissey|Stealth Rock|p1a: Excadrill
|-sidestart|p1: art of unmoning|move: Stealth Rock
|
|-weather|Sandstorm|[upkeep]
|-damage|p2a: Blissey|77/100|[from] Sandstorm
|-end|p2a: Blissey|move: Heal Block
|upkeep
|turn|5
|
|t:|1760793234
|switch|p2a: Gliscor|Gliscor, F|100/100
|move|p1a: Excadrill|Rapid Spin|p2a: Gliscor
|-damage|p2a: Gliscor|88/100
|-boost|p1a: Excadrill|spe|1
|-sideend|p1: art of unmoning|Stealth Rock|[from] move: Rapid Spin|[of] p1a: Excadrill
|
|-weather|none
|-status|p2a: Gliscor|tox|[from] item: Toxic Orb
|upkeep
|turn|6
|
|t:|1760793239
|switch|p1a: Corviknight|Corviknight, F|100/100
|-ability|p1a: Corviknight|Pressure
|move|p2a: Gliscor|Knock Off|p1a: Corviknight
|-damage|p1a: Corviknight|87/100
|-enditem|p1a: Corviknight|Leftovers|[from] move: Knock Off|[of] p2a: Gliscor
|
|-heal|p2a: Gliscor|100/100 tox|[from] ability: Poison Heal
|upkeep
|turn|7
|
|t:|1760793244
|move|p2a: Gliscor|Knock Off|p1a: Corviknight
|-damage|p1a: Corviknight|78/100
|move|p1a: Corviknight|Iron Defense|p1a: Corviknight
|-boost|p1a: Corviknight|def|2
|
|upkeep
|turn|8
|
|t:|1760793249
|switch|p2a: Clefable|Clefable, F|100/100
|move|p1a: Corviknight|Brave Bird|p2a: Clefable
|-damage|p2a: Clefable|74/100
|-damage|p1a: Corviknight|69/100|[from] Recoil
|
|upkeep
|turn|9
|
|t:|1760793256
|switch|p1a: Excadrill|Excadrill, F|100/100
|move|p2a: Clefable|Moonblast|p1a: Excadrill
|-resisted|p1a: Excadrill
|-damage|p1a: Excadrill|84/100
|
|-heal|p1a: Excadrill|90/100|[from] item: Leftovers
|upkeep
|turn|10
|
|t:|1760793260
|switch|p2a: Gliscor|Gliscor, F|100/100 tox
|move|p1a: Excadrill|Swords Dance|p1a: Excadrill
|-boost|p1a: Excadrill|atk|2
|
|-heal|p1a: Excadrill|96/100|[from] item: Leftovers
|upkeep
|turn|11
|
|t:|1760793265
|switch|p1a: Corviknight|Corviknight, F|69/100
|-ability|p1a: Corviknight|Pressure
|move|p2a: Gliscor|Earthquake|p1a: Corviknight
|-immune|p1a: Corviknight
|
|upkeep
|turn|12
|
|t:|1760793270
|switch|p2a: Clefable|Clefable, F|74/100
|move|p1a: Corviknight|Brave Bird|p2a: Clefable
|-damage|p2a: Clefable|45/100
|-damage|p1a: Corviknight|58/100|[from] Recoil
|
|upkeep
|turn|13
|
|t:|1760793277
|switch|p1a: Excadrill|Excadrill, F|96/100
|move|p2a: Clefable|Moonlight|p2a: Clefable
|-heal|p2a: Clefable|95/100
|
|-heal|p1a: Excadrill|100/100|[from] item: Leftovers
|upkeep
|turn|14
|
|t:|1760793281
|switch|p2a: Gliscor|Gliscor, F|100/100 tox
|move|p1a: Excadrill|Rapid Spin|p2a: Gliscor
|-damage|p2a: Gliscor|87/100 tox
|-boost|p1a: Excadrill|spe|1
|
|-heal|p2a: Gliscor|99/100 tox|[from] ability: Poison Heal
|upkeep
|turn|15
|
|t:|1760793284
|switch|p1a: Corviknight|Corviknight, F|58/100
|-ability|p1a: Corviknight|Pressure
|move|p2a: Gliscor|Knock Off|p1a: Corviknight
|-damage|p1a: Corviknight|49/100
|
|-heal|p2a: Gliscor|100/100 tox|[from] ability: Poison Heal
|upkeep
|turn|16
|
|t:|1760793288
|switch|p2a: Dragapult|Dragapult, F|100/100
|move|p1a: Corviknight|Roost|p1a: Corviknight
|-heal|p1a: Corviknight|99/100
|-singleturn|p1a: Corviknight|move: Roost
|
|upkeep
|turn|17
|
|t:|1760793292
|switch|p1a: Slowking|Slowking, F|93/100
|move|p2a: Dragapult|Will-O-Wisp|p1a: Slowking|[miss]
|-miss|p2a: Dragapult|p1a: Slowking
|
|upkeep
|turn|18
|
|t:|1760793296
|switch|p2a: Blissey|Blissey, F|77/100
|move|p1a: Slowking|Psychic Noise|p2a: Blissey
|-damage|p2a: Blissey|67/100
|-start|p2a: Blissey|move: Heal Block
|
|upkeep
|turn|19
|
|t:|1760793301
|switch|p1a: Excadrill|Excadrill, F|100/100
|move|p2a: Blissey|Stealth Rock|p1a: Excadrill
|-sidestart|p1: art of unmoning|move: Stealth Rock
|
|-end|p2a: Blissey|move: Heal Block
|upkeep
|turn|20
|
|t:|1760793307
|switch|p2a: Gliscor|Gliscor, F|100/100 tox
|move|p1a: Excadrill|Earthquake|p2a: Gliscor
|-immune|p2a: Gliscor
|
|upkeep
|turn|21
|
|t:|1760793311
|switch|p1a: Corviknight|Corviknight, F|99/100
|-damage|p1a: Corviknight|86/100|[from] Stealth Rock
|-ability|p1a: Corviknight|Pressure
|switch|p2a: Dragapult|Dragapult, F|100/100
|
|upkeep
|turn|22
|j| pdmkrjfdc
|
|t:|1760793314
|switch|p1a: Slowking|Slowking, F|100/100
|-damage|p1a: Slowking|88/100|[from] Stealth Rock
|move|p2a: Dragapult|Will-O-Wisp|p1a: Slowking
|-status|p1a: Slowking|brn
|
|-damage|p1a: Slowking|82/100 brn|[from] brn
|upkeep
|turn|23
|
|t:|1760793329
|switch|p2a: Blissey|Blissey, F|67/100
|move|p1a: Slowking|Psychic Noise|p2a: Blissey
|-damage|p2a: Blissey|55/100
|-start|p2a: Blissey|move: Heal Block
|
|-damage|p1a: Slowking|76/100 brn|[from] brn
|upkeep
|turn|24
|
|t:|1760793336
|switch|p2a: Dragapult|Dragapult, F|100/100
|switch|p1a: Weezing|Weezing-Galar, F|100/100
|-ability|p1a: Weezing|Neutralizing Gas
|
|upkeep
|turn|25
|
|t:|1760793347
|-end|p1a: Weezing|ability: Neutralizing Gas
|switch|p1a: Slowking|Slowking, F|100/100 brn
|-damage|p1a: Slowking|88/100 brn|[from] Stealth Rock
|move|p2a: Dragapult|Substitute|p2a: Dragapult
|-start|p2a: Dragapult|Substitute
|-damage|p2a: Dragapult|76/100
|
|-damage|p1a: Slowking|82/100 brn|[from] brn
|upkeep
|turn|26
|
|t:|1760793350
|move|p2a: Dragapult|Hex|p1a: Slowking
|-supereffective|p1a: Slowking
|-damage|p1a: Slowking|26/100 brn
|move|p1a: Slowking|Psychic Noise|p2a: Dragapult
|-damage|p2a: Dragapult|28/100
|-start|p2a: Dragapult|move: Heal Block
|
|-damage|p1a: Slowking|20/100 brn|[from] brn
|upkeep
|turn|27
|
|t:|1760793357
|switch|p1a: Tyranitar|Tyranitar, F|100/100
|-damage|p1a: Tyranitar|88/100|[from] Stealth Rock
|-weather|Sandstorm|[from] ability: Sand Stream|[of] p1a: Tyranitar
|move|p2a: Dragapult|Dragon Darts|p1a: Tyranitar
|-damage|p1a: Tyranitar|73/100
|-anim|p2a: Dragapult|Dragon Darts|p1a: Tyranitar
|-damage|p1a: Tyranitar|59/100
|
|-weather|Sandstorm|[upkeep]
|-damage|p2a: Dragapult|22/100|[from] Sandstorm
|-heal|p1a: Tyranitar|65/100|[from] item: Leftovers
|-end|p2a: Dragapult|move: Heal Block
|upkeep
|turn|28
|
|t:|1760793366
|switch|p1a: Slowking|Slowking, F|54/100 brn
|-damage|p1a: Slowking|41/100 brn|[from] Stealth Rock
|move|p2a: Dragapult|Will-O-Wisp|p1a: Slowking
|-fail|p1a: Slowking|brn
|
|-weather|Sandstorm|[upkeep]
|-damage|p2a: Dragapult|16/100|[from] Sandstorm
|-damage|p1a: Slowking|35/100 brn|[from] Sandstorm
|-damage|p1a: Slowking|29/100 brn|[from] brn
|upkeep
|turn|29
|
|t:|1760793375
|switch|p1a: Tyranitar|Tyranitar, F|65/100
|-damage|p1a: Tyranitar|52/100|[from] Stealth Rock
|move|p2a: Dragapult|Dragon Darts|p1a: Tyranitar
|-damage|p1a: Tyranitar|37/100
|-anim|p2a: Dragapult|Dragon Darts|p1a: Tyranitar
|-damage|p1a: Tyranitar|20/100
|
|-weather|Sandstorm|[upkeep]
|-damage|p2a: Dragapult|10/100|[from] Sandstorm
|-heal|p1a: Tyranitar|26/100|[from] item: Leftovers
|upkeep
|turn|30
|j| riyuezi
|
|t:|1760793385
|switch|p1a: Weezing|Weezing-Galar, F|100/100
|-ability|p1a: Weezing|Neutralizing Gas
|move|p2a: Dragapult|Dragon Darts|p1a: Weezing
|-immune|p1a: Weezing
|
|-weather|Sandstorm|[upkeep]
|-damage|p2a: Dragapult|4/100|[from] Sandstorm
|-damage|p1a: Weezing|95/100|[from] Sandstorm
|upkeep
|turn|31
|
|t:|1760793390
|move|p2a: Dragapult|Hex|p1a: Weezing
|-damage|p1a: Weezing|57/100
|move|p1a: Weezing|Defog|p2a: Dragapult
|-sideend|p1: art of unmoning|Stealth Rock|[from] move: Defog|[of] p1a: Weezing
|
|-weather|none
|upkeep
|turn|32
|
|t:|1760793395
|-end|p1a: Weezing|ability: Neutralizing Gas
|switch|p1a: Tyranitar|Tyranitar, F|26/100
|-weather|Sandstorm|[from] ability: Sand Stream|[of] p1a: Tyranitar
|move|p2a: Dragapult|Dragon Darts|p1a: Tyranitar
|-damage|p1a: Tyranitar|11/100
|-anim|p2a: Dragapult|Dragon Darts|p1a: Tyranitar
|-damage|p1a: Tyranitar|0 fnt
|faint|p1a: Tyranitar
|
|-weather|Sandstorm|[upkeep]
|-damage|p2a: Dragapult|0 fnt|[from] Sandstorm
|faint|p2a: Dragapult
|upkeep
|
|t:|1760793406
|switch|p2a: Gliscor|Gliscor, F|100/100 tox
|switch|p1a: Slowking|Slowking, F|62/100 brn
|turn|33
|
|t:|1760793409
|switch|p1a: Corviknight|Corviknight, F|86/100
|-ability|p1a: Corviknight|Pressure
|move|p2a: Gliscor|Knock Off|p1a: Corviknight
|-damage|p1a: Corviknight|77/100
|
|-weather|Sandstorm|[upkeep]
|upkeep
|turn|34
|
|t:|1760793414
|move|p2a: Gliscor|Knock Off|p1a: Corviknight
|-damage|p1a: Corviknight|67/100
|move|p1a: Corviknight|Brave Bird|p2a: Gliscor
|-damage|p2a: Gliscor|73/100 tox
|-damage|p1a: Corviknight|59/100|[from] Recoil
|
|-weather|Sandstorm|[upkeep]
|-heal|p2a: Gliscor|86/100 tox|[from] ability: Poison Heal
|upkeep
|turn|35
|
|t:|1760793421
|switch|p1a: Weezing|Weezing-Galar, F|57/100
|-ability|p1a: Weezing|Neutralizing Gas
|move|p2a: Gliscor|Knock Off|p1a: Weezing
|-resisted|p1a: Weezing
|-damage|p1a: Weezing|50/100
|-enditem|p1a: Weezing|Heavy-Duty Boots|[from] move: Knock Off|[of] p2a: Gliscor
|
|-weather|Sandstorm|[upkeep]
|-damage|p1a: Weezing|45/100|[from] Sandstorm
|-damage|p2a: Gliscor|67/100 tox|[from] psn
|upkeep
|turn|36
|
|t:|1760793429
|move|p2a: Gliscor|Earthquake|p1a: Weezing
|-supereffective|p1a: Weezing
|-damage|p1a: Weezing|0 fnt
|faint|p1a: Weezing
|-end|p1a: Weezing|ability: Neutralizing Gas
|
|-weather|none
|-heal|p2a: Gliscor|80/100 tox|[from] ability: Poison Heal
|upkeep
|
|t:|1760793434
|switch|p1a: Corviknight|Corviknight, F|59/100
|-ability|p1a: Corviknight|Pressure
|turn|37
|
|t:|1760793438
|switch|p2a: Iron Moth|Iron Moth|100/100
|move|p1a: Corviknight|Iron Defense|p1a: Corviknight
|-boost|p1a: Corviknight|def|2
|
|upkeep
|turn|38
|j| 3idk
|inactive|ouww miguel o hara has 120 seconds left.
|
|t:|1760793469
|switch|p1a: Slowking|Slowking, F|96/100 brn
|move|p2a: Iron Moth|Fiery Dance|p1a: Slowking
|-resisted|p1a: Slowking
|-damage|p1a: Slowking|83/100 brn
|
|-damage|p1a: Slowking|77/100 brn|[from] brn
|upkeep
|turn|39
|
|t:|1760793483
|-end|p2a: Iron Moth|Quark Drive|[silent]
|switch|p2a: Blissey|Blissey, F|55/100
|move|p1a: Slowking|Psychic Noise|p2a: Blissey
|-damage|p2a: Blissey|43/100
|-start|p2a: Blissey|move: Heal Block
|
|-damage|p1a: Slowking|71/100 brn|[from] brn
|upkeep
|turn|40
|j| nonchalantbufalant
|
|t:|1760793492
|move|p2a: Blissey|Stealth Rock|p1a: Slowking
|-sidestart|p1: art of unmoning|move: Stealth Rock
|move|p1a: Slowking|Future Sight|p2a: Blissey
|-start|p1a: Slowking|move: Future Sight
|
|-damage|p1a: Slowking|65/100 brn|[from] brn
|-end|p2a: Blissey|move: Heal Block
|upkeep
|turn|41
|
|t:|1760793498
|switch|p2a: Gliscor|Gliscor, F|80/100 tox
|move|p1a: Slowking|Psychic Noise|p2a: Gliscor
|-crit|p2a: Gliscor
|-damage|p2a: Gliscor|41/100 tox
|-start|p2a: Gliscor|move: Heal Block
|
|-damage|p1a: Slowking|59/100 brn|[from] brn
|upkeep
|turn|42
|
|t:|1760793505
|switch|p1a: Corviknight|Corviknight, F|59/100
|-damage|p1a: Corviknight|46/100|[from] Stealth Rock
|-ability|p1a: Corviknight|Pressure
|move|p2a: Gliscor|Knock Off|p1a: Corviknight
|-crit|p1a: Corviknight
|-damage|p1a: Corviknight|33/100
|
|-end|p2a: Gliscor|move: Future Sight
|-damage|p2a: Gliscor|2/100 tox
|-end|p2a: Gliscor|move: Heal Block
|upkeep
|turn|43
|j| Fifo drummer
|
|t:|1760793511
|switch|p2a: Zamazenta|Zamazenta|100/100
|move|p1a: Corviknight|Roost|p1a: Corviknight
|-heal|p1a: Corviknight|83/100
|-singleturn|p1a: Corviknight|move: Roost
|
|upkeep
|turn|44
|
|t:|1760793514
|switch|p1a: Slowking|Slowking, F|92/100 brn
|-damage|p1a: Slowking|80/100 brn|[from] Stealth Rock
|move|p2a: Zamazenta|Iron Defense|p2a: Zamazenta
|-boost|p2a: Zamazenta|def|2
|
|-damage|p1a: Slowking|74/100 brn|[from] brn
|upkeep
|turn|45
|
|t:|1760793521
|move|p2a: Zamazenta|Crunch|p1a: Slowking
|-supereffective|p1a: Slowking
|-damage|p1a: Slowking|39/100 brn
|move|p1a: Slowking|Psychic Noise|p2a: Zamazenta
|-supereffective|p2a: Zamazenta
|-damage|p2a: Zamazenta|48/100
|-start|p2a: Zamazenta|move: Heal Block
|
|-damage|p1a: Slowking|33/100 brn|[from] brn
|upkeep
|turn|46
|
|t:|1760793529
|switch|p1a: Corviknight|Corviknight, F|83/100
|-damage|p1a: Corviknight|71/100|[from] Stealth Rock
|-ability|p1a: Corviknight|Pressure
|move|p2a: Zamazenta|Body Press|p1a: Corviknight
|-damage|p1a: Corviknight|12/100
|
|-end|p2a: Zamazenta|move: Heal Block
|upkeep
|turn|47
|
|t:|1760793538
|move|p2a: Zamazenta|Body Press|p1a: Corviknight
|-crit|p1a: Corviknight
|-damage|p1a: Corviknight|0 fnt
|faint|p1a: Corviknight
|
|-heal|p2a: Zamazenta|54/100|[from] item: Leftovers
|upkeep
|
|t:|1760793539
|switch|p1a: Slowking|Slowking, F|66/100 brn
|-damage|p1a: Slowking|53/100 brn|[from] Stealth Rock
|turn|48
|
|t:|1760793559
|-terastallize|p2a: Zamazenta|Steel
|-terastallize|p1a: Slowking|Fairy
|move|p2a: Zamazenta|Crunch|p1a: Slowking
|-resisted|p1a: Slowking
|-damage|p1a: Slowking|44/100 brn
|-unboost|p1a: Slowking|def|1
|move|p1a: Slowking|Psychic Noise|p2a: Zamazenta
|-resisted|p2a: Zamazenta
|-damage|p2a: Zamazenta|41/100
|-start|p2a: Zamazenta|move: Heal Block
|
|-damage|p1a: Slowking|38/100 brn|[from] brn
|upkeep
|turn|49
|
|t:|1760793570
|switch|p1a: Zamazenta|Zamazenta|100/100
|-damage|p1a: Zamazenta|94/100|[from] Stealth Rock
|-ability|p1a: Zamazenta|Dauntless Shield|boost
|-boost|p1a: Zamazenta|def|1
|move|p2a: Zamazenta|Iron Defense|p2a: Zamazenta
|-boost|p2a: Zamazenta|def|2
|
|-end|p2a: Zamazenta|move: Heal Block
|upkeep
|turn|50
|
|t:|1760793572
|move|p1a: Zamazenta|Close Combat|p2a: Zamazenta
|-supereffective|p2a: Zamazenta
|-damage|p2a: Zamazenta|0 fnt
|-unboost|p1a: Zamazenta|def|1
|-unboost|p1a: Zamazenta|spd|1
|faint|p2a: Zamazenta
|
|upkeep
|
|t:|1760793595
|switch|p2a: Iron Moth|Iron Moth|100/100
|turn|51
|l| riyuezi
|
|t:|1760793605
|switch|p1a: Slowking|Slowking, F, tera:Fairy|71/100 brn
|-damage|p1a: Slowking|59/100 brn|[from] Stealth Rock
|move|p2a: Iron Moth|Substitute|p2a: Iron Moth
|-start|p2a: Iron Moth|Substitute
|-damage|p2a: Iron Moth|76/100
|
|-damage|p1a: Slowking|52/100 brn|[from] brn
|upkeep
|turn|52
|
|t:|1760793608
|move|p2a: Iron Moth|Sludge Wave|p1a: Slowking
|-supereffective|p1a: Slowking
|-damage|p1a: Slowking|0 fnt
|faint|p1a: Slowking
|
|upkeep
|
|t:|1760793621
|switch|p1a: Excadrill|Excadrill, F|100/100
|-damage|p1a: Excadrill|98/100|[from] Stealth Rock
|turn|53
|
|t:|1760793623
|move|p2a: Iron Moth|Fiery Dance|p1a: Excadrill
|-supereffective|p1a: Excadrill
|-damage|p1a: Excadrill|0 fnt
|-boost|p2a: Iron Moth|spa|1
|faint|p1a: Excadrill
|
|upkeep
|
|t:|1760793626
|switch|p1a: Zamazenta|Zamazenta|94/100
|-damage|p1a: Zamazenta|88/100|[from] Stealth Rock
|turn|54
|c|☆art of unmoning|Gg
|c|☆ouww miguel o hara|gg
|
|t:|1760793638
|move|p1a: Zamazenta|Stone Edge|p2a: Iron Moth
|-supereffective|p2a: Iron Moth
|-end|p2a: Iron Moth|Substitute
|move|p2a: Iron Moth|Sludge Wave|p1a: Zamazenta
|-damage|p1a: Zamazenta|9/100
|-status|p1a: Zamazenta|psn
|
|-damage|p1a: Zamazenta|0 fnt|[from] psn
|faint|p1a: Zamazenta
|
|win|ouww miguel o hara
|raw|art of unmoning's rating: 1734 &rarr; <strong>1721</strong><br />(-13 for losing)
|raw|ouww miguel o hara's rating: 1857 &rarr; <strong>1870</strong><br />(+13 for winning)
|l|☆art of unmoning
|player|p1|
|l|☆ouww miguel o hara
|player|p2|
