|j|☆Campyy
|j|☆morton cologne
|t:|1760764327
|gametype|singles
|player|p1|Campyy|170|1293
|player|p2|morton cologne|1|1244
|gen|9
|tier|[Gen 9] OU
|rated|
|rule|HP Percentage Mod: HP is shown in percentages
|rule|Endless Battle Clause: Forcing endless battles is banned
|rule|Species Clause: Limit one of each Pokémon
|rule|OHKO Clause: OHKO moves are banned
|rule|Evasion Items Clause: Evasion items are banned
|rule|Evasion Moves Clause: Evasion moves are banned
|rule|Evasion Abilities Clause: Evasion abilities are banned
|rule|Sleep Moves Clause: Sleep-inducing moves are banned
|clearpoke
|poke|p1|Slowking-Galar, M|
|poke|p1|Scizor, F|
|poke|p1|Moltres|
|poke|p1|Meowscarada, F|
|poke|p1|Raging Bolt|
|poke|p1|Great Tusk|
|poke|p2|Tyranitar, F|
|poke|p2|Zapdos|
|poke|p2|Dragapult, F|
|poke|p2|Gholdengo|
|poke|p2|Blastoise, M|
|poke|p2|Iron Valiant|
|teampreview
|inactive|Battle timer is ON: inactive players will automatically lose when time's up. (requested by Campyy)
|
|t:|1760764336
|teamsize|p1|6
|teamsize|p2|6
|start
|switch|p1a: Scizor|Scizor, F, shiny|100/100
|switch|p2a: Tyranitar|Tyranitar, F|100/100
|-weather|Sandstorm|[from] ability: Sand Stream|[of] p2a: Tyranitar
|turn|1
|
|t:|1760764345
|move|p1a: Scizor|U-turn|p2a: Tyranitar
|-supereffective|p2a: Tyranitar
|-damage|p2a: Tyranitar|11/100
|
|t:|1760764350
|switch|p1a: Great Tusk|Great Tusk|100/100|[from] U-turn
|move|p2a: Tyranitar|Fire Blast|p1a: Great Tusk
|-damage|p1a: Great Tusk|51/100
|
|-weather|Sandstorm|[upkeep]
|upkeep
|turn|2
|
|t:|1760764358
|-end|p1a: Great Tusk|Protosynthesis|[silent]
|switch|p1a: Slowking|Slowking-Galar, M|100/100
|switch|p2a: Dragapult|Dragapult, F|100/100
|
|-weather|Sandstorm|[upkeep]
|-damage|p2a: Dragapult|95/100|[from] Sandstorm
|-damage|p1a: Slowking|94/100|[from] Sandstorm
|upkeep
|turn|3
|
|t:|1760764366
|switch|p1a: Great Tusk|Great Tusk|51/100
|move|p2a: Dragapult|Dragon Darts|p1a: Great Tusk
|-damage|p1a: Great Tusk|25/100
|-anim|p2a: Dragapult|Dragon Darts|p1a: Great Tusk
|-damage|p1a: Great Tusk|0 fnt
|faint|p1a: Great Tusk
|-end|p1a: Great Tusk|Protosynthesis|[silent]
|-damage|p2a: Dragapult|85/100|[from] item: Life Orb
|
|-weather|Sandstorm|[upkeep]
|-damage|p2a: Dragapult|79/100|[from] Sandstorm
|upkeep
|
|t:|1760764369
|switch|p1a: Moltres|Moltres|100/100
|turn|4
|
|t:|1760764388
|switch|p2a: Tyranitar|Tyranitar, F|11/100
|move|p1a: Moltres|U-turn|p2a: Tyranitar
|-supereffective|p2a: Tyranitar
|-damage|p2a: Tyranitar|0 fnt
|faint|p2a: Tyranitar
|
|t:|1760764392
|switch|p1a: Meowscarada|Meowscarada, F|100/100|[from] U-turn
|
|-weather|Sandstorm|[upkeep]
|-damage|p1a: Meowscarada|94/100|[from] Sandstorm
|upkeep
|
|t:|1760764399
|switch|p2a: Iron Valiant|Iron Valiant|100/100
|-enditem|p2a: Iron Valiant|Booster Energy
|-activate|p2a: Iron Valiant|ability: Quark Drive|[fromitem]
|-start|p2a: Iron Valiant|quarkdrivespe
|turn|5
|
|t:|1760764406
|move|p1a: Meowscarada|U-turn|p2a: Iron Valiant
|-start|p1a: Meowscarada|typechange|Bug|[from] ability: Protean
|-resisted|p2a: Iron Valiant
|-damage|p2a: Iron Valiant|91/100
|
|t:|1760764408
|switch|p1a: Scizor|Scizor, F, shiny|100/100|[from] U-turn
|move|p2a: Iron Valiant|Swords Dance|p2a: Iron Valiant
|-boost|p2a: Iron Valiant|atk|2
|
|-weather|none
|upkeep
|turn|6
|
|t:|1760764420
|-end|p2a: Iron Valiant|Quark Drive|[silent]
|switch|p2a: Zapdos|Zapdos|100/100
|move|p1a: Scizor|Bullet Punch|p2a: Zapdos
|-resisted|p2a: Zapdos
|-damage|p2a: Zapdos|72/100
|-status|p1a: Scizor|par|[from] ability: Static|[of] p2a: Zapdos
|
|upkeep
|turn|7
|
|t:|1760764427
|switch|p1a: Slowking|Slowking-Galar, M|100/100
|move|p2a: Zapdos|Volt Switch|p1a: Slowking
|-damage|p1a: Slowking|77/100
|
|t:|1760764432
|switch|p2a: Gholdengo|Gholdengo|100/100|[from] Volt Switch
|
|upkeep
|turn|8
|
|t:|1760764436
|-terastallize|p1a: Slowking|Water
|move|p2a: Gholdengo|Nasty Plot|p2a: Gholdengo
|-boost|p2a: Gholdengo|spa|2
|-prepare|p1a: Slowking|Chilly Reception|[premajor]
|move|p1a: Slowking|Chilly Reception|p1a: Slowking
|-weather|Snowscape
|
|t:|1760764441
|switch|p1a: Moltres|Moltres|100/100|[from] Chilly Reception
|
|-weather|Snowscape|[upkeep]
|upkeep
|turn|9
|
|t:|1760764447
|move|p1a: Moltres|Flamethrower|p2a: Gholdengo
|-supereffective|p2a: Gholdengo
|-damage|p2a: Gholdengo|29/100
|move|p2a: Gholdengo|Make It Rain|p1a: Moltres
|-resisted|p1a: Moltres
|-damage|p1a: Moltres|46/100
|-unboost|p2a: Gholdengo|spa|1
|
|-weather|Snowscape|[upkeep]
|-heal|p2a: Gholdengo|35/100|[from] item: Leftovers
|upkeep
|turn|10
|
|t:|1760764459
|move|p1a: Moltres|Roost|p1a: Moltres
|-heal|p1a: Moltres|96/100
|-singleturn|p1a: Moltres|move: Roost
|move|p2a: Gholdengo|Make It Rain|p1a: Moltres
|-resisted|p1a: Moltres
|-damage|p1a: Moltres|54/100
|-unboost|p2a: Gholdengo|spa|1
|
|-weather|Snowscape|[upkeep]
|-heal|p2a: Gholdengo|41/100|[from] item: Leftovers
|upkeep
|turn|11
|
|t:|1760764466
|move|p1a: Moltres|Roost|p1a: Moltres
|-heal|p1a: Moltres|100/100
|-singleturn|p1a: Moltres|move: Roost
|move|p2a: Gholdengo|Recover|p2a: Gholdengo
|-heal|p2a: Gholdengo|91/100
|
|-weather|Snowscape|[upkeep]
|-heal|p2a: Gholdengo|97/100|[from] item: Leftovers
|upkeep
|turn|12
|
|t:|1760764471
|move|p1a: Moltres|Flamethrower|p2a: Gholdengo
|-supereffective|p2a: Gholdengo
|-damage|p2a: Gholdengo|25/100
|-status|p2a: Gholdengo|brn
|move|p2a: Gholdengo|Nasty Plot|p2a: Gholdengo
|-boost|p2a: Gholdengo|spa|2
|
|-weather|none
|-heal|p2a: Gholdengo|31/100 brn|[from] item: Leftovers
|-damage|p2a: Gholdengo|25/100 brn|[from] brn
|upkeep
|turn|13
|
|t:|1760764480
|move|p1a: Moltres|Flamethrower|p2a: Gholdengo
|-supereffective|p2a: Gholdengo
|-damage|p2a: Gholdengo|0 fnt
|faint|p2a: Gholdengo
|
|upkeep
|
|t:|1760764483
|switch|p2a: Blastoise|Blastoise, M|100/100
|turn|14
|
|t:|1760764487
|switch|p1a: Slowking|Slowking-Galar, M, tera:Water|100/100
|move|p2a: Blastoise|Shell Smash|p2a: Blastoise
|-unboost|p2a: Blastoise|def|1
|-unboost|p2a: Blastoise|spd|1
|-boost|p2a: Blastoise|atk|2
|-boost|p2a: Blastoise|spa|2
|-boost|p2a: Blastoise|spe|2
|-enditem|p2a: Blastoise|White Herb
|-clearnegativeboost|p2a: Blastoise|[silent]
|
|upkeep
|turn|15
|
|t:|1760764494
|move|p2a: Blastoise|Shell Smash|p2a: Blastoise
|-unboost|p2a: Blastoise|def|1
|-unboost|p2a: Blastoise|spd|1
|-boost|p2a: Blastoise|atk|2
|-boost|p2a: Blastoise|spa|2
|-boost|p2a: Blastoise|spe|2
|move|p1a: Slowking|Future Sight|p2a: Blastoise
|-start|p1a: Slowking|move: Future Sight
|
|upkeep
|turn|16
|
|t:|1760764506
|move|p2a: Blastoise|Aura Sphere|p1a: Slowking
|-damage|p1a: Slowking|63/100
|-prepare|p1a: Slowking|Chilly Reception|[premajor]
|move|p1a: Slowking|Chilly Reception|p1a: Slowking
|-weather|Snowscape
|
|t:|1760764510
|switch|p1a: Raging Bolt|Raging Bolt|100/100|[from] Chilly Reception
|
|-weather|Snowscape|[upkeep]
|upkeep
|turn|17
|
|t:|1760764514
|move|p1a: Raging Bolt|Thunderclap|p2a: Blastoise
|-supereffective|p2a: Blastoise
|-damage|p2a: Blastoise|0 fnt
|faint|p2a: Blastoise
|
|-weather|Snowscape|[upkeep]
|-hint|Future Sight did not hit because the target is fainted.
|upkeep
|
|t:|1760764518
|switch|p2a: Iron Valiant|Iron Valiant|91/100
|turn|18
|
|t:|1760764521
|-end|p1a: Raging Bolt|Protosynthesis|[silent]
|switch|p1a: Moltres|Moltres|100/100
|move|p2a: Iron Valiant|Swords Dance|p2a: Iron Valiant
|-boost|p2a: Iron Valiant|atk|2
|
|-weather|Snowscape|[upkeep]
|upkeep
|turn|19
|
|t:|1760764525
|move|p2a: Iron Valiant|Poison Jab|p1a: Moltres
|-damage|p1a: Moltres|59/100
|move|p1a: Moltres|Will-O-Wisp|p2a: Iron Valiant
|-status|p2a: Iron Valiant|brn
|
|-weather|Snowscape|[upkeep]
|-damage|p2a: Iron Valiant|85/100 brn|[from] brn
|upkeep
|turn|20
|
|t:|1760764531
|move|p2a: Iron Valiant|Poison Jab|p1a: Moltres
|-damage|p1a: Moltres|39/100
|move|p1a: Moltres|Roost|p1a: Moltres
|-heal|p1a: Moltres|89/100
|-singleturn|p1a: Moltres|move: Roost
|
|-weather|none
|-damage|p2a: Iron Valiant|78/100 brn|[from] brn
|upkeep
|turn|21
|
|t:|1760764534
|move|p2a: Iron Valiant|Poison Jab|p1a: Moltres
|-crit|p1a: Moltres
|-damage|p1a: Moltres|61/100
|move|p1a: Moltres|U-turn|p2a: Iron Valiant
|-resisted|p2a: Iron Valiant
|-damage|p2a: Iron Valiant|74/100 brn
|
|t:|1760764538
|switch|p1a: Scizor|Scizor, F, shiny|100/100 par|[from] U-turn
|
|-damage|p2a: Iron Valiant|67/100 brn|[from] brn
|upkeep
|turn|22
|-message|morton cologne forfeited.
|
|win|Campyy
|raw|Campyy's rating: 1293 &rarr; <strong>1314</strong><br />(+21 for winning)
|raw|morton cologne's rating: 1244 &rarr; <strong>1223</strong><br />(-21 for losing)
|l|☆morton cologne
|player|p2|
|l|☆Campyy
|player|p1|
