|j|☆qwp1027
|j|‽XIXINANA
|t:|1760833458
|gametype|singles
|player|p1|qwp1027|caitlin-masters|1321
|player|p2|XIXINANA|nate|1427
|gen|9
|tier|[Gen 9] OU
|rated|
|rule|HP Percentage Mod: HP is shown in percentages
|rule|Endless Battle Clause: Forcing endless battles is banned
|rule|Species Clause: Limit one of each Pokémon
|rule|OHKO Clause: OHKO moves are banned
|rule|Evasion Items Clause: Evasion items are banned
|rule|Evasion Moves Clause: Evasion moves are banned
|rule|Evasion Abilities Clause: Evasion abilities are banned
|rule|Sleep Moves Clause: Sleep-inducing moves are banned
|clearpoke
|poke|p1|Walking Wake|
|poke|p1|Hatterene, F|
|poke|p1|Landorus-Therian, M|
|poke|p1|Raging Bolt|
|poke|p1|Lokix, M|
|poke|p1|Ninetales, M|
|poke|p2|Lycanroc-Midnight, M|
|poke|p2|Zoroark-Hisui, F|
|poke|p2|Greninja-*, M|
|poke|p2|Kleavor, F|
|poke|p2|Iron Hands|
|poke|p2|Regidrago|
|teampreview
|inactive|Battle timer is ON: inactive players will automatically lose when time's up. (requested by qwp1027)
|
|t:|1760833470
|teamsize|p1|6
|teamsize|p2|6
|start
|switch|p1a: Landorus|Landorus-Therian, M|100/100
|switch|p2a: Kleavor|Kleavor, F|100/100
|-ability|p1a: Landorus|Intimidate|boost
|-unboost|p2a: Kleavor|atk|1
|turn|1
|
|t:|1760833474
|move|p2a: Kleavor|Stone Axe|p1a: Landorus
|-damage|p1a: Landorus|66/100
|-damage|p2a: Kleavor|84/100|[from] item: Rocky Helmet|[of] p1a: Landorus
|-sidestart|p1: qwp1027|move: Stealth Rock
|move|p1a: Landorus|Stealth Rock|p2a: Kleavor
|-sidestart|p2: XIXINANA|move: Stealth Rock
|
|upkeep
|turn|2
|
|t:|1760833481
|move|p2a: Kleavor|Stone Axe|p1a: Landorus
|-damage|p1a: Landorus|33/100
|-damage|p2a: Kleavor|68/100|[from] item: Rocky Helmet|[of] p1a: Landorus
|move|p1a: Landorus|Earthquake|p2a: Kleavor
|-damage|p2a: Kleavor|0 fnt
|faint|p2a: Kleavor
|
|upkeep
|
|t:|1760833496
|switch|p2a: Iron Hands|Iron Hands|100/100
|-damage|p2a: Iron Hands|88/100|[from] Stealth Rock
|turn|3
|
|t:|1760833501
|move|p2a: Iron Hands|Hyper Voice|p1a: Landorus
|-damage|p1a: Landorus|0 fnt
|faint|p1a: Landorus
|
|upkeep
|
|t:|1760833505
|switch|p1a: Ninetales|Ninetales, M|100/100
|-damage|p1a: Ninetales|76/100|[from] Stealth Rock
|-weather|SunnyDay|[from] ability: Drought|[of] p1a: Ninetales
|turn|4
|
|t:|1760833509
|move|p2a: Iron Hands|Hyper Voice|p1a: Ninetales
|-damage|p1a: Ninetales|0 fnt
|faint|p1a: Ninetales
|
|-weather|SunnyDay|[upkeep]
|upkeep
|
|t:|1760833514
|switch|p1a: Walking Wake|Walking Wake|100/100
|-damage|p1a: Walking Wake|88/100|[from] Stealth Rock
|-activate|p1a: Walking Wake|ability: Protosynthesis
|-start|p1a: Walking Wake|protosynthesisspa
|turn|5
|
|t:|1760833527
|move|p2a: Iron Hands|Hyper Voice|p1a: Walking Wake
|-damage|p1a: Walking Wake|6/100
|move|p1a: Walking Wake|Draco Meteor|p2a: Iron Hands
|-damage|p2a: Iron Hands|0 fnt
|-unboost|p1a: Walking Wake|spa|2
|replace|p2a: Zoroark|Zoroark-Hisui, F
|-end|p2a: Zoroark|Illusion
|faint|p2a: Zoroark
|
|-weather|SunnyDay|[upkeep]
|upkeep
|
|t:|1760833549
|switch|p2a: Lycanroc|Lycanroc-Midnight, M|100/100
|-damage|p2a: Lycanroc|88/100|[from] Stealth Rock
|turn|6
|
|t:|1760833551
|move|p2a: Lycanroc|Sucker Punch|p1a: Walking Wake
|-damage|p1a: Walking Wake|0 fnt
|faint|p1a: Walking Wake
|-end|p1a: Walking Wake|Protosynthesis|[silent]
|-damage|p2a: Lycanroc|78/100|[from] item: Life Orb
|
|-weather|SunnyDay|[upkeep]
|upkeep
|
|t:|1760833555
|switch|p1a: Raging Bolt|Raging Bolt|100/100
|-damage|p1a: Raging Bolt|88/100|[from] Stealth Rock
|-activate|p1a: Raging Bolt|ability: Protosynthesis
|-start|p1a: Raging Bolt|protosynthesisspa
|turn|7
|
|t:|1760833562
|move|p2a: Lycanroc|Sucker Punch|p1a: Raging Bolt
|-damage|p1a: Raging Bolt|59/100
|-damage|p2a: Lycanroc|68/100|[from] item: Life Orb
|move|p1a: Raging Bolt|Draco Meteor|p2a: Lycanroc
|-damage|p2a: Lycanroc|0 fnt
|-unboost|p1a: Raging Bolt|spa|2
|faint|p2a: Lycanroc
|
|-weather|SunnyDay|[upkeep]
|upkeep
|
|t:|1760833575
|switch|p2a: Iron Hands|Iron Hands|100/100
|-damage|p2a: Iron Hands|94/100|[from] Stealth Rock
|turn|8
|
|t:|1760833578
|-end|p1a: Raging Bolt|Protosynthesis|[silent]
|switch|p1a: Hatterene|Hatterene, F|100/100
|-damage|p1a: Hatterene|88/100|[from] Stealth Rock
|move|p2a: Iron Hands|Fake Out|p1a: Hatterene
|-crit|p1a: Hatterene
|-damage|p1a: Hatterene|59/100
|
|-weather|SunnyDay|[upkeep]
|upkeep
|turn|9
|
|t:|1760833591
|move|p2a: Iron Hands|Supercell Slam|p1a: Hatterene
|-damage|p1a: Hatterene|0 fnt
|faint|p1a: Hatterene
|
|-weather|SunnyDay|[upkeep]
|upkeep
|
|t:|1760833595
|switch|p1a: Raging Bolt|Raging Bolt|59/100
|-damage|p1a: Raging Bolt|47/100|[from] Stealth Rock
|-activate|p1a: Raging Bolt|ability: Protosynthesis
|-start|p1a: Raging Bolt|protosynthesisspa
|turn|10
|
|t:|1760833603
|move|p1a: Raging Bolt|Draco Meteor|p2a: Iron Hands
|-damage|p2a: Iron Hands|45/100
|-unboost|p1a: Raging Bolt|spa|2
|move|p2a: Iron Hands|Close Combat|p1a: Raging Bolt
|-damage|p1a: Raging Bolt|0 fnt
|-unboost|p2a: Iron Hands|def|1
|-unboost|p2a: Iron Hands|spd|1
|faint|p1a: Raging Bolt
|-end|p1a: Raging Bolt|Protosynthesis|[silent]
|
|-weather|SunnyDay|[upkeep]
|upkeep
|
|t:|1760833610
|switch|p1a: Lokix|Lokix, M|100/100
|-damage|p1a: Lokix|76/100|[from] Stealth Rock
|turn|11
|
|t:|1760833618
|-end|p2a: Iron Hands|Quark Drive|[silent]
|switch|p2a: Regidrago|Regidrago|100/100
|-damage|p2a: Regidrago|88/100|[from] Stealth Rock
|-terastallize|p1a: Lokix|Bug
|move|p1a: Lokix|First Impression|p2a: Regidrago
|-damage|p2a: Regidrago|0 fnt
|faint|p2a: Regidrago
|
|-weather|none
|upkeep
|
|t:|1760833627
|switch|p2a: Iron Hands|Iron Hands|45/100
|-damage|p2a: Iron Hands|39/100|[from] Stealth Rock
|turn|12
|
|t:|1760833630
|move|p2a: Iron Hands|Fake Out|p1a: Lokix
|-damage|p1a: Lokix|50/100
|cant|p1a: Lokix|flinch
|
|upkeep
|turn|13
|
|t:|1760833636
|move|p1a: Lokix|First Impression||[still]
|-hint|First Impression only works on your first turn out.
|-fail|p1a: Lokix
|move|p2a: Iron Hands|Supercell Slam|p1a: Lokix
|-damage|p1a: Lokix|0 fnt
|faint|p1a: Lokix
|
|win|XIXINANA
|raw|qwp1027's rating: 1321 &rarr; <strong>1307</strong><br />(-14 for losing)
|raw|XIXINANA's rating: 1427 &rarr; <strong>1441</strong><br />(+14 for winning)
|l|‽XIXINANA
|player|p2|
