|j|☆jigobo
|j|☆frrrer34343
|t:|1760760218
|gametype|singles
|player|p1|jigobo|parasollady-gen4|1412
|player|p2|frrrer34343|101|1375
|gen|9
|tier|[Gen 9] OU
|rated|
|rule|HP Percentage Mod: HP is shown in percentages
|rule|Endless Battle Clause: Forcing endless battles is banned
|rule|Species Clause: Limit one of each Pokémon
|rule|OHKO Clause: OHKO moves are banned
|rule|Evasion Items Clause: Evasion items are banned
|rule|Evasion Moves Clause: Evasion moves are banned
|rule|Evasion Abilities Clause: Evasion abilities are banned
|rule|Sleep Moves Clause: Sleep-inducing moves are banned
|clearpoke
|poke|p1|Raging Bolt|
|poke|p1|Gholdengo|
|poke|p1|Kingambit, M|
|poke|p1|Great Tusk|
|poke|p1|Meowscarada, F|
|poke|p1|Moltres|
|poke|p2|Hatterene, F|
|poke|p2|Dragapult, F|
|poke|p2|Iron Treads|
|poke|p2|Umbreon, F|
|poke|p2|Gholdengo|
|poke|p2|Ogerpon-Wellspring, F|
|teampreview
|inactive|Battle timer is ON: inactive players will automatically lose when time's up. (requested by jigobo)
|inactive|frrrer34343 has 120 seconds left.
|inactive|frrrer34343 has 90 seconds left.
|
|t:|1760760284
|teamsize|p1|6
|teamsize|p2|6
|start
|switch|p1a: Meowscarada|Meowscarada, F|100/100
|switch|p2a: Hatterene|Hatterene, F|100/100
|turn|1
|
|t:|1760760295
|move|p1a: Meowscarada|U-turn|p2a: Hatterene
|-start|p1a: Meowscarada|typechange|Bug|[from] ability: Protean
|-damage|p2a: Hatterene|73/100
|
|t:|1760760299
|switch|p1a: Moltres|Moltres|100/100|[from] U-turn
|move|p2a: Hatterene|Nuzzle|p1a: Moltres
|-supereffective|p1a: Moltres
|-damage|p1a: Moltres|95/100
|-status|p1a: Moltres|par
|-status|p2a: Hatterene|brn|[from] ability: Flame Body|[of] p1a: Moltres
|
|-heal|p2a: Hatterene|79/100 brn|[from] item: Leftovers
|-damage|p2a: Hatterene|73/100 brn|[from] brn
|upkeep
|turn|2
|
|t:|1760760318
|switch|p2a: Ogerpon|Ogerpon-Wellspring, F|100/100
|move|p1a: Moltres|Flamethrower|p2a: Ogerpon
|-damage|p2a: Ogerpon|59/100
|
|upkeep
|turn|3
|
|t:|1760760326
|switch|p1a: Raging Bolt|Raging Bolt|100/100
|move|p2a: Ogerpon|Ivy Cudgel|p1a: Raging Bolt|[anim] Ivy Cudgel Water
|-resisted|p1a: Raging Bolt
|-damage|p1a: Raging Bolt|78/100
|
|-heal|p1a: Raging Bolt|85/100|[from] item: Leftovers
|upkeep
|turn|4
|inactive|frrrer34343 has 120 seconds left.
|
|t:|1760760361
|switch|p2a: Iron Treads|Iron Treads|100/100
|move|p1a: Raging Bolt|Dragon Tail|p2a: Iron Treads
|-resisted|p2a: Iron Treads
|-damage|p2a: Iron Treads|95/100
|-end|p2a: Iron Treads|Quark Drive|[silent]
|drag|p2a: Hatterene|Hatterene, F|73/100 brn
|
|-heal|p1a: Raging Bolt|91/100|[from] item: Leftovers
|-heal|p2a: Hatterene|79/100 brn|[from] item: Leftovers
|-damage|p2a: Hatterene|73/100 brn|[from] brn
|upkeep
|turn|5
|inactive|frrrer34343 has 120 seconds left.
|
|t:|1760760373
|switch|p2a: Iron Treads|Iron Treads|95/100
|move|p1a: Raging Bolt|Volt Switch|p2a: Iron Treads
|-immune|p2a: Iron Treads
|
|-heal|p2a: Iron Treads|100/100|[from] item: Leftovers
|-heal|p1a: Raging Bolt|97/100|[from] item: Leftovers
|upkeep
|turn|6
|inactive|frrrer34343 has 120 seconds left.
|
|t:|1760760382
|-end|p1a: Raging Bolt|Protosynthesis|[silent]
|switch|p1a: Moltres|Moltres|95/100 par
|move|p2a: Iron Treads|Knock Off|p1a: Moltres
|-damage|p1a: Moltres|79/100 par
|-enditem|p1a: Moltres|Heavy-Duty Boots|[from] move: Knock Off|[of] p2a: Iron Treads
|
|upkeep
|turn|7
|
|t:|1760760388
|move|p2a: Iron Treads|Stealth Rock|p1a: Moltres
|-sidestart|p1: jigobo|move: Stealth Rock
|move|p1a: Moltres|Flamethrower|p2a: Iron Treads
|-supereffective|p2a: Iron Treads
|-damage|p2a: Iron Treads|36/100
|-status|p2a: Iron Treads|brn
|
|-heal|p2a: Iron Treads|42/100 brn|[from] item: Leftovers
|-damage|p2a: Iron Treads|36/100 brn|[from] brn
|upkeep
|turn|8
|inactive|frrrer34343 has 120 seconds left.
|c|☆frrrer34343|man thats annoying.
|c|☆frrrer34343|25% chance for paralysis but nah
|
|t:|1760760433
|-end|p2a: Iron Treads|Quark Drive|[silent]
|switch|p2a: Dragapult|Dragapult, F|100/100
|move|p1a: Moltres|Flamethrower|p2a: Dragapult
|-resisted|p2a: Dragapult
|-damage|p2a: Dragapult|74/100
|
|upkeep
|turn|9
|c|☆jigobo|A Night of Sympathy
|
|t:|1760760461
|move|p2a: Dragapult|Hex|p1a: Moltres
|-damage|p1a: Moltres|0 fnt
|faint|p1a: Moltres
|
|upkeep
|
|t:|1760760468
|switch|p1a: Meowscarada|Meowscarada, F|100/100
|-damage|p1a: Meowscarada|88/100|[from] Stealth Rock
|turn|10
|
|t:|1760760478
|switch|p2a: Hatterene|Hatterene, F|73/100 brn
|move|p1a: Meowscarada|Knock Off|p2a: Hatterene
|-start|p1a: Meowscarada|typechange|Dark|[from] ability: Protean
|-damage|p2a: Hatterene|33/100 brn
|-enditem|p2a: Hatterene|Leftovers|[from] move: Knock Off|[of] p1a: Meowscarada
|
|-damage|p2a: Hatterene|27/100 brn|[from] brn
|upkeep
|turn|11
|
|t:|1760760487
|move|p1a: Meowscarada|Knock Off|p2a: Hatterene
|-damage|p2a: Hatterene|0 fnt
|faint|p2a: Hatterene
|
|upkeep
|
|t:|1760760495
|switch|p2a: Gholdengo|Gholdengo|100/100
|turn|12
|
|t:|1760760498
|move|p1a: Meowscarada|Knock Off|p2a: Gholdengo
|-supereffective|p2a: Gholdengo
|-damage|p2a: Gholdengo|35/100
|-enditem|p2a: Gholdengo|Leftovers|[from] move: Knock Off|[of] p1a: Meowscarada
|move|p2a: Gholdengo|Thunder Wave|p1a: Meowscarada
|-status|p1a: Meowscarada|par
|
|upkeep
|turn|13
|
|t:|1760760502
|cant|p1a: Meowscarada|par
|move|p2a: Gholdengo|Recover|p2a: Gholdengo
|-heal|p2a: Gholdengo|85/100
|
|upkeep
|turn|14
|
|t:|1760760520
|move|p1a: Meowscarada|Knock Off|p2a: Gholdengo
|-supereffective|p2a: Gholdengo
|-damage|p2a: Gholdengo|38/100
|move|p2a: Gholdengo|Hex|p1a: Meowscarada
|-resisted|p1a: Meowscarada
|-damage|p1a: Meowscarada|41/100 par
|
|upkeep
|turn|15
|
|t:|1760760535
|switch|p2a: Ogerpon|Ogerpon-Wellspring, F|59/100
|move|p1a: Meowscarada|Knock Off|p2a: Ogerpon
|-damage|p2a: Ogerpon|18/100
|
|upkeep
|turn|16
|
|t:|1760760543
|move|p2a: Ogerpon|Play Rough|p1a: Meowscarada
|-supereffective|p1a: Meowscarada
|-damage|p1a: Meowscarada|0 fnt
|faint|p1a: Meowscarada
|
|upkeep
|
|t:|1760760547
|switch|p1a: Raging Bolt|Raging Bolt|97/100
|-damage|p1a: Raging Bolt|85/100|[from] Stealth Rock
|turn|17
|
|t:|1760760558
|move|p1a: Raging Bolt|Thunderclap|p2a: Ogerpon
|-damage|p2a: Ogerpon|0 fnt
|faint|p2a: Ogerpon
|
|-heal|p1a: Raging Bolt|91/100|[from] item: Leftovers
|upkeep
|
|t:|1760760565
|switch|p2a: Iron Treads|Iron Treads|36/100 brn
|turn|18
|
|t:|1760760572
|-end|p1a: Raging Bolt|Protosynthesis|[silent]
|switch|p1a: Great Tusk|Great Tusk|100/100
|-damage|p1a: Great Tusk|98/100|[from] Stealth Rock
|-enditem|p1a: Great Tusk|Booster Energy
|-activate|p1a: Great Tusk|ability: Protosynthesis|[fromitem]
|-start|p1a: Great Tusk|protosynthesisatk
|move|p2a: Iron Treads|Earthquake|p1a: Great Tusk
|-crit|p1a: Great Tusk
|-damage|p1a: Great Tusk|77/100
|
|-heal|p2a: Iron Treads|42/100 brn|[from] item: Leftovers
|-damage|p2a: Iron Treads|36/100 brn|[from] brn
|upkeep
|turn|19
|
|t:|1760760583
|-end|p2a: Iron Treads|Quark Drive|[silent]
|switch|p2a: Umbreon|Umbreon, F|100/100
|move|p1a: Great Tusk|Ice Spinner|p2a: Umbreon
|-damage|p2a: Umbreon|77/100
|
|-heal|p2a: Umbreon|83/100|[from] item: Leftovers
|upkeep
|turn|20
|
|t:|1760760589
|move|p1a: Great Tusk|Close Combat|p2a: Umbreon
|-supereffective|p2a: Umbreon
|-crit|p2a: Umbreon
|-damage|p2a: Umbreon|0 fnt
|-unboost|p1a: Great Tusk|def|1
|-unboost|p1a: Great Tusk|spd|1
|faint|p2a: Umbreon
|
|upkeep
|
|t:|1760760608
|switch|p2a: Dragapult|Dragapult, F|74/100
|turn|21
|
|t:|1760760613
|move|p2a: Dragapult|Shadow Ball|p1a: Great Tusk
|-damage|p1a: Great Tusk|0 fnt
|faint|p1a: Great Tusk
|-end|p1a: Great Tusk|Protosynthesis|[silent]
|
|upkeep
|
|t:|1760760623
|switch|p1a: Kingambit|Kingambit, M|100/100
|-damage|p1a: Kingambit|94/100|[from] Stealth Rock
|-activate|p1a: Kingambit|ability: Supreme Overlord
|-start|p1a: Kingambit|fallen3|[silent]
|turn|22
|
|t:|1760760631
|switch|p2a: Iron Treads|Iron Treads|36/100 brn
|move|p1a: Kingambit|Kowtow Cleave|p2a: Iron Treads
|-damage|p2a: Iron Treads|0 fnt
|faint|p2a: Iron Treads
|-end|p2a: Iron Treads|Quark Drive|[silent]
|-damage|p1a: Kingambit|84/100|[from] item: Life Orb
|
|upkeep
|
|t:|1760760634
|switch|p2a: Gholdengo|Gholdengo|38/100
|turn|23
|
|t:|1760760643
|move|p2a: Gholdengo|Focus Blast|p1a: Kingambit
|-supereffective|p1a: Kingambit
|-damage|p1a: Kingambit|0 fnt
|faint|p1a: Kingambit
|-end|p1a: Kingambit|fallen3|[silent]
|
|upkeep
|
|t:|1760760654
|switch|p1a: Raging Bolt|Raging Bolt|91/100
|-damage|p1a: Raging Bolt|78/100|[from] Stealth Rock
|turn|24
|
|t:|1760760663
|move|p1a: Raging Bolt|Thunderclap|p2a: Gholdengo
|-damage|p2a: Gholdengo|0 fnt
|faint|p2a: Gholdengo
|
|-heal|p1a: Raging Bolt|85/100|[from] item: Leftovers
|upkeep
|
|t:|1760760666
|switch|p2a: Dragapult|Dragapult, F|74/100
|turn|25
|
|t:|1760760671
|-terastallize|p2a: Dragapult|Ghost
|move|p2a: Dragapult|Shadow Ball|p1a: Raging Bolt
|-damage|p1a: Raging Bolt|16/100
|move|p1a: Raging Bolt|Draco Meteor|p2a: Dragapult
|-damage|p2a: Dragapult|0 fnt
|-unboost|p1a: Raging Bolt|spa|2
|faint|p2a: Dragapult
|
|win|jigobo
|raw|jigobo's rating: 1412 &rarr; <strong>1431</strong><br />(+19 for winning)
|raw|frrrer34343's rating: 1395 &rarr; <strong>1376</strong><br />(-19 for losing)
|l|☆jigobo
|player|p1|
