|j|☆OP Earthquakes
|j|☆Grindset mindset
|t:|1760761338
|gametype|singles
|player|p1|OP Earthquakes|giovanni-masters|1466
|player|p2|Grindset mindset|skyla|1577
|gen|9
|tier|[Gen 9] OU
|rated|
|rule|HP Percentage Mod: HP is shown in percentages
|rule|Endless Battle Clause: Forcing endless battles is banned
|rule|Species Clause: Limit one of each Pokémon
|rule|OHKO Clause: OHKO moves are banned
|rule|Evasion Items Clause: Evasion items are banned
|rule|Evasion Moves Clause: Evasion moves are banned
|rule|Evasion Abilities Clause: Evasion abilities are banned
|rule|Sleep Moves Clause: Sleep-inducing moves are banned
|clearpoke
|poke|p1|Excadrill, M|
|poke|p1|Hawlucha, M|
|poke|p1|Kyurem|
|poke|p1|Tyranitar, M|
|poke|p1|Pawmot, M|
|poke|p1|Thundurus-Therian, M|
|poke|p2|Ogerpon-Cornerstone, F|
|poke|p2|Primarina, F|
|poke|p2|Armarouge, M|
|poke|p2|Great Tusk|
|poke|p2|Zapdos-Galar|
|poke|p2|Sandshrew-Alola, M|
|teampreview
|inactive|Battle timer is ON: inactive players will automatically lose when time's up. (requested by Grindset mindset)
|inactive|OP Earthquakes also wants the timer to be on.
|c|☆OP Earthquakes|GLHF!
|
|t:|1760761353
|teamsize|p1|6
|teamsize|p2|6
|start
|switch|p1a: Itachi|Hawlucha, M, shiny|100/100
|switch|p2a: Ogerpon|Ogerpon-Cornerstone, F|100/100
|-ability|p1a: Itachi|Mold Breaker
|turn|1
|
|t:|1760761357
|move|p1a: Itachi|Brave Bird|p2a: Ogerpon
|-damage|p2a: Ogerpon|33/100
|-damage|p1a: Itachi|78/100|[from] Recoil
|move|p2a: Ogerpon|Ivy Cudgel|p1a: Itachi|[anim] Ivy Cudgel Rock
|-damage|p1a: Itachi|0 fnt
|faint|p1a: Itachi
|
|upkeep
|
|t:|1760761363
|switch|p1a: Thundurus|Thundurus-Therian, M|100/100
|turn|2
|
|t:|1760761369
|-terastallize|p1a: Thundurus|Flying
|move|p1a: Thundurus|Tera Blast|p2a: Ogerpon|[anim] Tera Blast Flying
|-damage|p2a: Ogerpon|0 fnt
|faint|p2a: Ogerpon
|
|upkeep
|
|t:|1760761377
|switch|p2a: Sandshrew|Sandshrew-Alola, M|100/100
|turn|3
|
|t:|1760761381
|switch|p1a: OP|Excadrill, M|100/100
|move|p2a: Sandshrew|Mirror Coat||[still]
|-fail|p2a: Sandshrew
|
|upkeep
|turn|4
|
|t:|1760761387
|switch|p1a: Thundurus|Thundurus-Therian, M, tera:Flying|100/100
|move|p2a: Sandshrew|Counter||[still]
|-fail|p2a: Sandshrew
|
|upkeep
|turn|5
|
|t:|1760761394
|move|p1a: Thundurus|Volt Switch|p2a: Sandshrew
|-enditem|p2a: Sandshrew|Focus Sash
|-damage|p2a: Sandshrew|1/100
|
|t:|1760761400
|switch|p1a: Shukaku|Tyranitar, M, shiny|100/100|[from] Volt Switch
|-weather|Sandstorm|[from] ability: Sand Stream|[of] p1a: Shukaku
|move|p2a: Sandshrew|Mirror Coat|p1a: Shukaku
|-immune|p1a: Shukaku
|
|-weather|Sandstorm|[upkeep]
|upkeep
|turn|6
|
|t:|1760761410
|move|p2a: Sandshrew|Endeavor|p1a: Shukaku
|-damage|p1a: Shukaku|1/100
|move|p1a: Shukaku|Stealth Rock|p2a: Sandshrew
|-sidestart|p2: Grindset mindset|move: Stealth Rock
|
|-weather|Sandstorm|[upkeep]
|upkeep
|turn|7
|
|t:|1760761434
|switch|p1a: Frieza|Kyurem, shiny|100/100
|-ability|p1a: Frieza|Pressure
|move|p2a: Sandshrew|Endeavor|p1a: Frieza
|-damage|p1a: Frieza|1/100
|
|-weather|Sandstorm|[upkeep]
|-damage|p1a: Frieza|0 fnt|[from] Sandstorm
|faint|p1a: Frieza
|upkeep
|
|t:|1760761442
|switch|p1a: OP|Excadrill, M|100/100
|turn|8
|
|t:|1760761445
|move|p1a: OP|Iron Head|p2a: Sandshrew
|-damage|p2a: Sandshrew|0 fnt
|faint|p2a: Sandshrew
|
|-weather|Sandstorm|[upkeep]
|upkeep
|
|t:|1760761452
|switch|p2a: Primarina|Primarina, F|100/100
|-damage|p2a: Primarina|88/100|[from] Stealth Rock
|turn|9
|
|t:|1760761454
|move|p1a: OP|Iron Head|p2a: Primarina
|-damage|p2a: Primarina|10/100
|move|p2a: Primarina|Surf|p1a: OP
|-supereffective|p1a: OP
|-damage|p1a: OP|0 fnt
|faint|p1a: OP
|
|-weather|Sandstorm|[upkeep]
|-damage|p2a: Primarina|4/100|[from] Sandstorm
|upkeep
|
|t:|1760761460
|switch|p1a: Thundurus|Thundurus-Therian, M, tera:Flying|100/100
|turn|10
|
|t:|1760761462
|move|p1a: Thundurus|Tera Blast|p2a: Primarina|[anim] Tera Blast Flying
|-damage|p2a: Primarina|0 fnt
|faint|p2a: Primarina
|
|-weather|Sandstorm|[upkeep]
|-damage|p1a: Thundurus|94/100|[from] Sandstorm
|upkeep
|
|t:|1760761468
|switch|p2a: Great Tusk|Great Tusk|100/100
|-damage|p2a: Great Tusk|98/100|[from] Stealth Rock
|-enditem|p2a: Great Tusk|Booster Energy
|-activate|p2a: Great Tusk|ability: Protosynthesis|[fromitem]
|-start|p2a: Great Tusk|protosynthesisatk
|turn|11
|
|t:|1760761484
|switch|p1a: Porunga|Pawmot, M|100/100
|-terastallize|p2a: Great Tusk|Ice
|move|p2a: Great Tusk|Rapid Spin|p1a: Porunga
|-damage|p1a: Porunga|64/100
|-boost|p2a: Great Tusk|spe|1
|-sideend|p2: Grindset mindset|Stealth Rock|[from] move: Rapid Spin|[of] p2a: Great Tusk
|
|-weather|Sandstorm|[upkeep]
|-damage|p2a: Great Tusk|91/100|[from] Sandstorm
|-damage|p1a: Porunga|58/100|[from] Sandstorm
|upkeep
|turn|12
|
|t:|1760761496
|move|p2a: Great Tusk|Ice Spinner|p1a: Porunga
|-damage|p1a: Porunga|0 fnt
|faint|p1a: Porunga
|
|-weather|none
|upkeep
|
|t:|1760761501
|switch|p1a: Shukaku|Tyranitar, M, shiny|1/100
|-weather|Sandstorm|[from] ability: Sand Stream|[of] p1a: Shukaku
|turn|13
|
|t:|1760761507
|move|p2a: Great Tusk|Rapid Spin|p1a: Shukaku
|-resisted|p1a: Shukaku
|-damage|p1a: Shukaku|0 fnt
|-boost|p2a: Great Tusk|spe|1
|faint|p1a: Shukaku
|
|-weather|Sandstorm|[upkeep]
|-damage|p2a: Great Tusk|85/100|[from] Sandstorm
|upkeep
|
|t:|1760761513
|switch|p1a: Thundurus|Thundurus-Therian, M, tera:Flying|94/100
|turn|14
|
|t:|1760761516
|move|p2a: Great Tusk|Ice Spinner|p1a: Thundurus
|-supereffective|p1a: Thundurus
|-damage|p1a: Thundurus|0 fnt
|faint|p1a: Thundurus
|
|win|Grindset mindset
|raw|OP Earthquakes's rating: 1466 &rarr; <strong>1452</strong><br />(-14 for losing)
|raw|Grindset mindset's rating: 1577 &rarr; <strong>1591</strong><br />(+14 for winning)
|l|☆OP Earthquakes
|player|p1|
|l|☆Grindset mindset
|player|p2|
