|j|☆lyra89
|j|☆moi88763
|t:|1760849013
|gametype|singles
|player|p1|lyra89|roxie|1132
|player|p2|moi88763|buck|1132
|gen|9
|tier|[Gen 9] OU
|rated|
|rule|HP Percentage Mod: HP is shown in percentages
|rule|Endless Battle Clause: Forcing endless battles is banned
|rule|Species Clause: Limit one of each Pokémon
|rule|OHKO Clause: OHKO moves are banned
|rule|Evasion Items Clause: Evasion items are banned
|rule|Evasion Moves Clause: Evasion moves are banned
|rule|Evasion Abilities Clause: Evasion abilities are banned
|rule|Sleep Moves Clause: Sleep-inducing moves are banned
|clearpoke
|poke|p1|Pecharunt|
|poke|p1|Garganacl, F|
|poke|p1|Alomomola, F|
|poke|p1|Moltres|
|poke|p1|Sinistcha|
|poke|p1|Grafaiai, F|
|poke|p2|Torkoal, F|
|poke|p2|Slither Wing|
|poke|p2|Rotom-Wash|
|poke|p2|Bisharp, M|
|poke|p2|Lilligant-Hisui, F|
|poke|p2|Mandibuzz, F|
|teampreview
|
|t:|1760849038
|teamsize|p1|6
|teamsize|p2|6
|start
|switch|p1a: Joueur de lol|Garganacl, F, shiny|100/100
|switch|p2a: Rotom|Rotom-Wash|100/100
|turn|1
|
|t:|1760849046
|switch|p1a: Soupe miteuse|Sinistcha, shiny|100/100
|move|p2a: Rotom|Hydro Pump|p1a: Soupe miteuse
|-resisted|p1a: Soupe miteuse
|-damage|p1a: Soupe miteuse|76/100
|
|upkeep
|turn|2
|
|t:|1760849057
|switch|p2a: Torkoal|Torkoal, F|100/100
|-weather|SunnyDay|[from] ability: Drought|[of] p2a: Torkoal
|move|p1a: Soupe miteuse|Matcha Gotcha|p2a: Torkoal
|-resisted|p2a: Torkoal
|-damage|p2a: Torkoal|79/100
|-heal|p1a: Soupe miteuse|87/100|[from] drain|[of] p2a: Torkoal
|
|-weather|SunnyDay|[upkeep]
|-heal|p2a: Torkoal|85/100|[from] item: Leftovers
|upkeep
|turn|3
|
|t:|1760849070
|switch|p1a: Healer compulsif|Alomomola, F, shiny|100/100
|move|p2a: Torkoal|Heat Wave|p1a: Healer compulsif
|-resisted|p1a: Healer compulsif
|-damage|p1a: Healer compulsif|62/100
|-status|p1a: Healer compulsif|brn
|
|-weather|SunnyDay|[upkeep]
|-heal|p2a: Torkoal|91/100|[from] item: Leftovers
|-damage|p1a: Healer compulsif|56/100 brn|[from] brn
|upkeep
|turn|4
|
|t:|1760849081
|move|p1a: Healer compulsif|Wish|p1a: Healer compulsif
|move|p2a: Torkoal|Solar Beam||[still]
|-prepare|p2a: Torkoal|Solar Beam
|-anim|p2a: Torkoal|Solar Beam|p1a: Healer compulsif
|-supereffective|p1a: Healer compulsif
|-damage|p1a: Healer compulsif|0 fnt
|faint|p1a: Healer compulsif
|
|-weather|SunnyDay|[upkeep]
|-heal|p2a: Torkoal|98/100|[from] item: Leftovers
|upkeep
|
|t:|1760849091
|switch|p1a: Joueur de lol|Garganacl, F, shiny|100/100
|turn|5
|
|t:|1760849097
|switch|p2a: Rotom|Rotom-Wash|100/100
|move|p1a: Joueur de lol|Salt Cure|p2a: Rotom
|-damage|p2a: Rotom|89/100
|-start|p2a: Rotom|Salt Cure
|
|-weather|SunnyDay|[upkeep]
|-damage|p2a: Rotom|64/100|[from] Salt Cure
|upkeep
|turn|6
|
|t:|1760849106
|move|p2a: Rotom|Will-O-Wisp|p1a: Joueur de lol
|-immune|p1a: Joueur de lol|[from] ability: Purifying Salt
|move|p1a: Joueur de lol|Recover||[still]
|-fail|p1a: Joueur de lol|heal
|
|-weather|none
|-damage|p2a: Rotom|39/100|[from] Salt Cure
|upkeep
|turn|7
|
|t:|1760849115
|move|p1a: Joueur de lol|Protect|p1a: Joueur de lol
|-singleturn|p1a: Joueur de lol|Protect
|move|p2a: Rotom|Hydro Pump|p1a: Joueur de lol
|-activate|p1a: Joueur de lol|move: Protect
|
|-damage|p2a: Rotom|14/100|[from] Salt Cure
|upkeep
|turn|8
|
|t:|1760849125
|switch|p1a: Soupe miteuse|Sinistcha, shiny|87/100
|move|p2a: Rotom|Pain Split|p1a: Soupe miteuse
|-sethp|p1a: Soupe miteuse|50/100|[from] move: Pain Split|[silent]
|-sethp|p2a: Rotom|57/100|[from] move: Pain Split
|
|-damage|p2a: Rotom|32/100|[from] Salt Cure
|upkeep
|turn|9
|
|t:|1760849134
|switch|p2a: Torkoal|Torkoal, F|98/100
|-weather|SunnyDay|[from] ability: Drought|[of] p2a: Torkoal
|move|p1a: Soupe miteuse|Matcha Gotcha|p2a: Torkoal
|-resisted|p2a: Torkoal
|-damage|p2a: Torkoal|77/100
|-heal|p1a: Soupe miteuse|60/100|[from] drain|[of] p2a: Torkoal
|
|-weather|SunnyDay|[upkeep]
|-heal|p2a: Torkoal|83/100|[from] item: Leftovers
|upkeep
|turn|10
|
|t:|1760849147
|switch|p1a: Joueur de lol|Garganacl, F, shiny|100/100
|move|p2a: Torkoal|Heat Wave|p1a: Joueur de lol
|-resisted|p1a: Joueur de lol
|-damage|p1a: Joueur de lol|81/100
|
|-weather|SunnyDay|[upkeep]
|-heal|p1a: Joueur de lol|87/100|[from] item: Leftovers
|-heal|p2a: Torkoal|89/100|[from] item: Leftovers
|upkeep
|turn|11
|
|t:|1760849156
|move|p1a: Joueur de lol|Salt Cure|p2a: Torkoal
|-supereffective|p2a: Torkoal
|-damage|p2a: Torkoal|69/100
|-start|p2a: Torkoal|Salt Cure
|move|p2a: Torkoal|Solar Beam||[still]
|-prepare|p2a: Torkoal|Solar Beam
|-anim|p2a: Torkoal|Solar Beam|p1a: Joueur de lol
|-supereffective|p1a: Joueur de lol
|-damage|p1a: Joueur de lol|39/100
|
|-weather|SunnyDay|[upkeep]
|-heal|p1a: Joueur de lol|45/100|[from] item: Leftovers
|-heal|p2a: Torkoal|75/100|[from] item: Leftovers
|-damage|p2a: Torkoal|63/100|[from] Salt Cure
|upkeep
|turn|12
|
|t:|1760849169
|move|p1a: Joueur de lol|Protect|p1a: Joueur de lol
|-singleturn|p1a: Joueur de lol|Protect
|move|p2a: Torkoal|Solar Beam||[still]
|-prepare|p2a: Torkoal|Solar Beam
|-anim|p2a: Torkoal|Solar Beam|p1a: Joueur de lol
|-activate|p1a: Joueur de lol|move: Protect
|
|-weather|SunnyDay|[upkeep]
|-heal|p1a: Joueur de lol|51/100|[from] item: Leftovers
|-heal|p2a: Torkoal|69/100|[from] item: Leftovers
|-damage|p2a: Torkoal|57/100|[from] Salt Cure
|upkeep
|turn|13
|
|t:|1760849180
|move|p1a: Joueur de lol|Recover|p1a: Joueur de lol
|-heal|p1a: Joueur de lol|100/100
|move|p2a: Torkoal|Solar Beam||[still]
|-prepare|p2a: Torkoal|Solar Beam
|-anim|p2a: Torkoal|Solar Beam|p1a: Joueur de lol
|-supereffective|p1a: Joueur de lol
|-damage|p1a: Joueur de lol|57/100
|
|-weather|none
|-heal|p1a: Joueur de lol|63/100|[from] item: Leftovers
|-heal|p2a: Torkoal|63/100|[from] item: Leftovers
|-damage|p2a: Torkoal|51/100|[from] Salt Cure
|upkeep
|turn|14
|
|t:|1760849213
|switch|p2a: Rotom|Rotom-Wash|32/100
|move|p1a: Joueur de lol|Earthquake|p2a: Rotom
|-immune|p2a: Rotom|[from] ability: Levitate
|
|-heal|p1a: Joueur de lol|69/100|[from] item: Leftovers
|upkeep
|turn|15
|
|t:|1760849223
|switch|p1a: Soupe miteuse|Sinistcha, shiny|60/100
|move|p2a: Rotom|Hydro Pump|p1a: Soupe miteuse|[miss]
|-miss|p2a: Rotom|p1a: Soupe miteuse
|
|upkeep
|turn|16
|
|t:|1760849234
|move|p2a: Rotom|Volt Switch|p1a: Soupe miteuse
|-resisted|p1a: Soupe miteuse
|-damage|p1a: Soupe miteuse|44/100
|
|t:|1760849240
|switch|p2a: Slither Wing|Slither Wing|100/100|[from] Volt Switch
|-enditem|p2a: Slither Wing|Booster Energy
|-activate|p2a: Slither Wing|ability: Protosynthesis|[fromitem]
|-start|p2a: Slither Wing|protosynthesisatk
|move|p1a: Soupe miteuse|Shadow Ball|p2a: Slither Wing
|-damage|p2a: Slither Wing|69/100
|
|upkeep
|turn|17
|
|t:|1760849249
|move|p2a: Slither Wing|Flame Charge|p1a: Soupe miteuse
|-supereffective|p1a: Soupe miteuse
|-damage|p1a: Soupe miteuse|28/100
|-boost|p2a: Slither Wing|spe|1
|move|p1a: Soupe miteuse|Matcha Gotcha|p2a: Slither Wing
|-resisted|p2a: Slither Wing
|-damage|p2a: Slither Wing|53/100
|-heal|p1a: Soupe miteuse|35/100|[from] drain|[of] p2a: Slither Wing
|
|upkeep
|turn|18
|
|t:|1760849260
|move|p2a: Slither Wing|Leech Life|p1a: Soupe miteuse
|-damage|p1a: Soupe miteuse|0 fnt
|-heal|p2a: Slither Wing|72/100|[from] drain|[of] p1a: Soupe miteuse
|faint|p1a: Soupe miteuse
|
|upkeep
|
|t:|1760849266
|switch|p1a: KFC|Moltres|100/100
|turn|19
|
|t:|1760849279
|-end|p2a: Slither Wing|Protosynthesis|[silent]
|switch|p2a: Torkoal|Torkoal, F|51/100
|-weather|SunnyDay|[from] ability: Drought|[of] p2a: Torkoal
|move|p1a: KFC|Flamethrower|p2a: Torkoal
|-resisted|p2a: Torkoal
|-damage|p2a: Torkoal|14/100
|
|-weather|SunnyDay|[upkeep]
|-heal|p2a: Torkoal|20/100|[from] item: Leftovers
|upkeep
|turn|20
|
|t:|1760849289
|move|p1a: KFC|Flamethrower|p2a: Torkoal
|-resisted|p2a: Torkoal
|-damage|p2a: Torkoal|0 fnt
|faint|p2a: Torkoal
|
|-weather|SunnyDay|[upkeep]
|upkeep
|
|t:|1760849297
|switch|p2a: Rotom|Rotom-Wash|32/100
|turn|21
|
|t:|1760849308
|-terastallize|p1a: KFC|Fairy
|move|p1a: KFC|Flamethrower|p2a: Rotom
|-resisted|p2a: Rotom
|-damage|p2a: Rotom|4/100
|move|p2a: Rotom|Pain Split|p1a: KFC
|-sethp|p1a: KFC|52/100|[from] move: Pain Split|[silent]
|-sethp|p2a: Rotom|66/100|[from] move: Pain Split
|
|-weather|SunnyDay|[upkeep]
|upkeep
|turn|22
|
|t:|1760849319
|move|p1a: KFC|U-turn|p2a: Rotom
|-damage|p2a: Rotom|55/100
|
|t:|1760849323
|switch|p1a: Pomme d'a-mort|Pecharunt|100/100|[from] U-turn
|move|p2a: Rotom|Volt Switch|p1a: Pomme d'a-mort
|-damage|p1a: Pomme d'a-mort|77/100
|
|t:|1760849329
|switch|p2a: Bisharp|Bisharp, M|100/100|[from] Volt Switch
|
|-weather|SunnyDay|[upkeep]
|upkeep
|turn|23
|
|t:|1760849336
|switch|p1a: KFC|Moltres, tera:Fairy|52/100
|move|p2a: Bisharp|Sucker Punch||[still]
|-fail|p2a: Bisharp
|
|-weather|none
|upkeep
|turn|24
|
|t:|1760849349
|switch|p2a: Rotom|Rotom-Wash|55/100
|move|p1a: KFC|Flamethrower|p2a: Rotom
|-resisted|p2a: Rotom
|-damage|p2a: Rotom|34/100
|
|upkeep
|turn|25
|
|t:|1760849358
|move|p1a: KFC|Flamethrower|p2a: Rotom
|-resisted|p2a: Rotom
|-damage|p2a: Rotom|13/100
|move|p2a: Rotom|Will-O-Wisp|p1a: KFC
|-status|p1a: KFC|brn
|
|-damage|p1a: KFC|46/100 brn|[from] brn
|upkeep
|turn|26
|
|t:|1760849367
|move|p1a: KFC|Flamethrower|p2a: Rotom
|-resisted|p2a: Rotom
|-damage|p2a: Rotom|0 fnt
|faint|p2a: Rotom
|
|-damage|p1a: KFC|40/100 brn|[from] brn
|upkeep
|
|t:|1760849376
|switch|p2a: Lilligant|Lilligant-Hisui, F|100/100
|turn|27
|
|t:|1760849384
|switch|p2a: Mandibuzz|Mandibuzz, F|100/100
|move|p1a: KFC|Flamethrower|p2a: Mandibuzz
|-damage|p2a: Mandibuzz|69/100
|
|-damage|p1a: KFC|34/100 brn|[from] brn
|upkeep
|turn|28
|
|t:|1760849393
|move|p1a: KFC|U-turn|p2a: Mandibuzz
|-damage|p2a: Mandibuzz|65/100
|-damage|p1a: KFC|17/100 brn|[from] item: Rocky Helmet|[of] p2a: Mandibuzz
|
|t:|1760849398
|switch|p1a: Pomme d'a-mort|Pecharunt|77/100|[from] U-turn
|move|p2a: Mandibuzz|Foul Play|p1a: Pomme d'a-mort
|-supereffective|p1a: Pomme d'a-mort
|-damage|p1a: Pomme d'a-mort|50/100
|
|upkeep
|turn|29
|
|t:|1760849408
|move|p1a: Pomme d'a-mort|Parting Shot|p2a: Mandibuzz
|-unboost|p2a: Mandibuzz|atk|1
|-unboost|p2a: Mandibuzz|spa|1
|
|t:|1760849411
|switch|p1a: Joueur de lol|Garganacl, F, shiny|69/100|[from] Parting Shot
|move|p2a: Mandibuzz|Foul Play|p1a: Joueur de lol
|-damage|p1a: Joueur de lol|48/100
|
|-heal|p1a: Joueur de lol|54/100|[from] item: Leftovers
|upkeep
|turn|30
|
|t:|1760849423
|move|p2a: Mandibuzz|Toxic|p1a: Joueur de lol|[miss]
|-miss|p2a: Mandibuzz|p1a: Joueur de lol
|move|p1a: Joueur de lol|Salt Cure|p2a: Mandibuzz
|-supereffective|p2a: Mandibuzz
|-damage|p2a: Mandibuzz|49/100
|-start|p2a: Mandibuzz|Salt Cure
|
|-heal|p1a: Joueur de lol|61/100|[from] item: Leftovers
|-damage|p2a: Mandibuzz|37/100|[from] Salt Cure
|upkeep
|turn|31
|
|t:|1760849434
|move|p2a: Mandibuzz|Roost|p2a: Mandibuzz
|-heal|p2a: Mandibuzz|87/100
|-singleturn|p2a: Mandibuzz|move: Roost
|move|p1a: Joueur de lol|Recover|p1a: Joueur de lol
|-heal|p1a: Joueur de lol|100/100
|
|-damage|p2a: Mandibuzz|74/100|[from] Salt Cure
|upkeep
|turn|32
|
|t:|1760849443
|switch|p1a: Pomme d'a-mort|Pecharunt|50/100
|move|p2a: Mandibuzz|Toxic|p1a: Pomme d'a-mort
|-immune|p1a: Pomme d'a-mort
|
|-damage|p2a: Mandibuzz|62/100|[from] Salt Cure
|upkeep
|turn|33
|
|t:|1760849455
|move|p1a: Pomme d'a-mort|Malignant Chain|p2a: Mandibuzz
|-damage|p2a: Mandibuzz|35/100
|-status|p2a: Mandibuzz|tox
|-start|p2a: Mandibuzz|confusion|[from] ability: Poison Puppeteer|[of] p1a: Pomme d'a-mort
|-activate|p2a: Mandibuzz|confusion
|move|p2a: Mandibuzz|Foul Play|p1a: Pomme d'a-mort
|-supereffective|p1a: Pomme d'a-mort
|-damage|p1a: Pomme d'a-mort|23/100
|
|-damage|p2a: Mandibuzz|29/100 tox|[from] psn
|-damage|p2a: Mandibuzz|17/100 tox|[from] Salt Cure
|upkeep
|turn|34
|
|t:|1760849468
|move|p1a: Pomme d'a-mort|Malignant Chain|p2a: Mandibuzz
|-damage|p2a: Mandibuzz|0 fnt
|faint|p2a: Mandibuzz
|
|upkeep
|
|t:|1760849484
|switch|p2a: Slither Wing|Slither Wing|72/100
|turn|35
|
|t:|1760849490
|move|p1a: Pomme d'a-mort|Parting Shot|p2a: Slither Wing
|-unboost|p2a: Slither Wing|atk|1
|-unboost|p2a: Slither Wing|spa|1
|
|t:|1760849494
|switch|p1a: KFC|Moltres, tera:Fairy|17/100 brn|[from] Parting Shot
|move|p2a: Slither Wing|Earthquake|p1a: KFC
|-damage|p1a: KFC|0 fnt
|faint|p1a: KFC
|
|upkeep
|
|t:|1760849502
|switch|p1a: Pomme d'a-mort|Pecharunt|23/100
|turn|36
|
|t:|1760849517
|move|p1a: Pomme d'a-mort|Malignant Chain|p2a: Slither Wing
|-damage|p2a: Slither Wing|41/100
|move|p2a: Slither Wing|Earthquake|p1a: Pomme d'a-mort
|-supereffective|p1a: Pomme d'a-mort
|-damage|p1a: Pomme d'a-mort|0 fnt
|faint|p1a: Pomme d'a-mort
|
|upkeep
|
|t:|1760849527
|switch|p1a: Grafaiai|Grafaiai, F, shiny|100/100
|turn|37
|
|t:|1760849539
|move|p2a: Slither Wing|Earthquake|p1a: Grafaiai
|-supereffective|p1a: Grafaiai
|-damage|p1a: Grafaiai|33/100
|move|p1a: Grafaiai|Dig||[still]
|-prepare|p1a: Grafaiai|Dig
|
|upkeep
|turn|38
|
|t:|1760849549
|move|p2a: Slither Wing|Earthquake|p1a: Grafaiai
|-supereffective|p1a: Grafaiai
|-damage|p1a: Grafaiai|0 fnt
|faint|p1a: Grafaiai
|
|upkeep
|
|t:|1760849554
|switch|p1a: Joueur de lol|Garganacl, F, shiny|100/100
|turn|39
|
|t:|1760849561
|move|p2a: Slither Wing|Close Combat|p1a: Joueur de lol
|-supereffective|p1a: Joueur de lol
|-damage|p1a: Joueur de lol|45/100
|-unboost|p2a: Slither Wing|def|1
|-unboost|p2a: Slither Wing|spd|1
|move|p1a: Joueur de lol|Salt Cure|p2a: Slither Wing
|-damage|p2a: Slither Wing|13/100
|-start|p2a: Slither Wing|Salt Cure
|
|-heal|p1a: Joueur de lol|51/100|[from] item: Leftovers
|-damage|p2a: Slither Wing|0 fnt|[from] Salt Cure
|faint|p2a: Slither Wing
|-end|p2a: Slither Wing|Protosynthesis|[silent]
|upkeep
|
|t:|1760849567
|switch|p2a: Lilligant|Lilligant-Hisui, F|100/100
|turn|40
|
|t:|1760849578
|move|p2a: Lilligant|Close Combat|p1a: Joueur de lol
|-supereffective|p1a: Joueur de lol
|-damage|p1a: Joueur de lol|0 fnt
|-unboost|p2a: Lilligant|def|1
|-unboost|p2a: Lilligant|spd|1
|faint|p1a: Joueur de lol
|
|win|moi88763
|raw|lyra89's rating: 1132 &rarr; <strong>1107</strong><br />(-25 for losing)
|raw|moi88763's rating: 1132 &rarr; <strong>1157</strong><br />(+25 for winning)
|l|☆lyra89
|player|p1|
|l|☆moi88763
|player|p2|
