|j|☆handsomepancreas1
|j|☆64Unitesdespleen
|t:|1760854156
|gametype|singles
|player|p1|handsomepancreas1|pokemonrangerf-gen4|1217
|player|p2|64Unitesdespleen|winona|1283
|gen|9
|tier|[Gen 9] OU
|rated|
|rule|HP Percentage Mod: HP is shown in percentages
|rule|Endless Battle Clause: Forcing endless battles is banned
|rule|Species Clause: Limit one of each Pokémon
|rule|OHKO Clause: OHKO moves are banned
|rule|Evasion Items Clause: Evasion items are banned
|rule|Evasion Moves Clause: Evasion moves are banned
|rule|Evasion Abilities Clause: Evasion abilities are banned
|rule|Sleep Moves Clause: Sleep-inducing moves are banned
|clearpoke
|poke|p1|Raging Bolt|
|poke|p1|Cinderace, M|
|poke|p1|Kingambit, M|
|poke|p1|Great Tusk|
|poke|p1|Iron Valiant|
|poke|p1|Ogerpon-Wellspring, F|
|poke|p2|Torkoal, M|
|poke|p2|Slowking, M|
|poke|p2|Iron Hands|
|poke|p2|Cresselia, F|
|poke|p2|Glastrier|
|poke|p2|Hatterene, F|
|teampreview
|inactive|Battle timer is ON: inactive players will automatically lose when time's up. (requested by 64Unitesdespleen)
|
|t:|1760854171
|teamsize|p1|6
|teamsize|p2|6
|start
|switch|p1a: Kingambit|Kingambit, M|100/100
|switch|p2a: Hatterene|Hatterene, F|100/100
|turn|1
|
|t:|1760854182
|move|p1a: Kingambit|Iron Head|p2a: Hatterene
|-supereffective|p2a: Hatterene
|-enditem|p2a: Hatterene|Focus Sash
|-damage|p2a: Hatterene|1/100
|move|p2a: Hatterene|Trick Room|p2a: Hatterene
|-fieldstart|move: Trick Room|[of] p2a: Hatterene
|
|upkeep
|turn|2
|
|t:|1760854192
|move|p2a: Hatterene|Healing Wish|p2a: Hatterene
|faint|p2a: Hatterene
|move|p1a: Kingambit|Iron Head|p2: Hatterene|[notarget]
|-fail|p1a: Kingambit
|
|upkeep
|
|t:|1760854198
|switch|p2a: Iron Hands|Iron Hands|100/100
|turn|3
|
|t:|1760854204
|-end|p1a: Kingambit|fallenundefined|[silent]
|switch|p1a: Cinderace|Cinderace, M|100/100
|move|p2a: Iron Hands|Drain Punch|p1a: Cinderace
|-damage|p1a: Cinderace|25/100
|
|upkeep
|turn|4
|
|t:|1760854212
|move|p2a: Iron Hands|Drain Punch|p1a: Cinderace
|-damage|p1a: Cinderace|0 fnt
|faint|p1a: Cinderace
|
|upkeep
|
|t:|1760854216
|switch|p1a: Great Tusk|Great Tusk|100/100
|turn|5
|
|t:|1760854220
|-end|p2a: Iron Hands|Quark Drive|[silent]
|switch|p2a: Cresselia|Cresselia, F|100/100
|move|p1a: Great Tusk|Bulk Up|p1a: Great Tusk
|-boost|p1a: Great Tusk|atk|1
|-boost|p1a: Great Tusk|def|1
|
|-fieldend|move: Trick Room
|upkeep
|turn|6
|
|t:|1760854229
|move|p1a: Great Tusk|Headlong Rush|p2a: Cresselia
|-immune|p2a: Cresselia|[from] ability: Levitate
|move|p2a: Cresselia|Trick Room|p2a: Cresselia
|-fieldstart|move: Trick Room|[of] p2a: Cresselia
|
|upkeep
|turn|7
|
|t:|1760854238
|-terastallize|p1a: Great Tusk|Steel
|move|p2a: Cresselia|Moonblast|p1a: Great Tusk
|-resisted|p1a: Great Tusk
|-damage|p1a: Great Tusk|86/100
|move|p1a: Great Tusk|Ice Spinner|p2a: Cresselia
|-damage|p2a: Cresselia|78/100
|
|-heal|p1a: Great Tusk|92/100|[from] item: Leftovers
|upkeep
|turn|8
|
|t:|1760854248
|move|p2a: Cresselia|Lunar Dance|p2a: Cresselia
|faint|p2a: Cresselia
|move|p1a: Great Tusk|Ice Spinner|p2: Cresselia|[notarget]
|-fail|p1a: Great Tusk
|
|-heal|p1a: Great Tusk|98/100|[from] item: Leftovers
|upkeep
|
|t:|1760854250
|switch|p2a: Torkoal|Torkoal, M|100/100
|-weather|SunnyDay|[from] ability: Drought|[of] p2a: Torkoal
|-activate|p1a: Great Tusk|ability: Protosynthesis
|-start|p1a: Great Tusk|protosynthesisatk
|turn|9
|
|t:|1760854261
|move|p2a: Torkoal|Eruption|p1a: Great Tusk
|-supereffective|p1a: Great Tusk
|-damage|p1a: Great Tusk|0 fnt
|faint|p1a: Great Tusk
|-end|p1a: Great Tusk|Protosynthesis|[silent]
|
|-weather|SunnyDay|[upkeep]
|upkeep
|
|t:|1760854269
|switch|p1a: Raging Bolt|Raging Bolt|100/100
|-activate|p1a: Raging Bolt|ability: Protosynthesis
|-start|p1a: Raging Bolt|protosynthesisspa
|turn|10
|
|t:|1760854276
|switch|p2a: Iron Hands|Iron Hands|100/100
|-heal|p2a: Iron Hands|100/100|[from] move: Lunar Dance
|move|p1a: Raging Bolt|Draco Meteor|p2a: Iron Hands
|-damage|p2a: Iron Hands|24/100
|-unboost|p1a: Raging Bolt|spa|2
|
|-weather|SunnyDay|[upkeep]
|-fieldend|move: Trick Room
|upkeep
|turn|11
|
|t:|1760854285
|move|p1a: Raging Bolt|Draco Meteor|p2a: Iron Hands
|-damage|p2a: Iron Hands|0 fnt
|-unboost|p1a: Raging Bolt|spa|2
|faint|p2a: Iron Hands
|-end|p2a: Iron Hands|Quark Drive|[silent]
|
|-weather|SunnyDay|[upkeep]
|upkeep
|
|t:|1760854289
|switch|p2a: Glastrier|Glastrier|100/100
|turn|12
|
|t:|1760854296
|-end|p1a: Raging Bolt|Protosynthesis|[silent]
|switch|p1a: Kingambit|Kingambit, M|100/100
|-activate|p1a: Kingambit|ability: Supreme Overlord
|-start|p1a: Kingambit|fallen2|[silent]
|move|p2a: Glastrier|Close Combat|p1a: Kingambit
|-supereffective|p1a: Kingambit
|-damage|p1a: Kingambit|0 fnt
|-unboost|p2a: Glastrier|def|1
|-unboost|p2a: Glastrier|spd|1
|faint|p1a: Kingambit
|-end|p1a: Kingambit|fallen2|[silent]
|-ability|p2a: Glastrier|Chilling Neigh|boost
|-boost|p2a: Glastrier|atk|1
|
|-weather|SunnyDay|[upkeep]
|upkeep
|
|t:|1760854305
|switch|p1a: Raging Bolt|Raging Bolt|100/100
|-activate|p1a: Raging Bolt|ability: Protosynthesis
|-start|p1a: Raging Bolt|protosynthesisspa
|turn|13
|
|t:|1760854316
|move|p1a: Raging Bolt|Draco Meteor|p2a: Glastrier
|-damage|p2a: Glastrier|0 fnt
|-unboost|p1a: Raging Bolt|spa|2
|faint|p2a: Glastrier
|
|-weather|none
|-end|p1a: Raging Bolt|Protosynthesis
|upkeep
|
|t:|1760854319
|switch|p2a: Slowking|Slowking, M|100/100
|turn|14
|
|t:|1760854322
|-end|p1a: Raging Bolt|Protosynthesis|[silent]
|switch|p1a: Ogerpon|Ogerpon-Wellspring, F|100/100
|move|p2a: Slowking|Trick Room|p2a: Slowking
|-fieldstart|move: Trick Room|[of] p2a: Slowking
|
|upkeep
|turn|15
|
|t:|1760854328
|-prepare|p2a: Slowking|Chilly Reception|[premajor]
|move|p2a: Slowking|Chilly Reception|p2a: Slowking
|-weather|Snowscape
|
|t:|1760854330
|switch|p2a: Torkoal|Torkoal, M|100/100|[from] Chilly Reception
|-weather|SunnyDay|[from] ability: Drought|[of] p2a: Torkoal
|move|p1a: Ogerpon|Ivy Cudgel|p2a: Torkoal|[anim] Ivy Cudgel Water
|-supereffective|p2a: Torkoal
|-damage|p2a: Torkoal|53/100
|
|-weather|SunnyDay|[upkeep]
|upkeep
|turn|16
|c|☆handsomepancreas1|i always thought chilling reception was - priority lol
|
|t:|1760854358
|-terastallize|p2a: Torkoal|Fire
|move|p2a: Torkoal|Weather Ball|p1a: Ogerpon
|-damage|p1a: Ogerpon|0 fnt
|faint|p1a: Ogerpon
|
|-weather|SunnyDay|[upkeep]
|upkeep
|
|t:|1760854366
|switch|p1a: Raging Bolt|Raging Bolt|100/100
|-activate|p1a: Raging Bolt|ability: Protosynthesis
|-start|p1a: Raging Bolt|protosynthesisspa
|turn|17
|
|t:|1760854377
|switch|p2a: Slowking|Slowking, M|100/100
|move|p1a: Raging Bolt|Thunderbolt|p2a: Slowking
|-supereffective|p2a: Slowking
|-damage|p2a: Slowking|18/100
|
|-weather|SunnyDay|[upkeep]
|upkeep
|turn|18
|-message|64Unitesdespleen forfeited.
|
|win|handsomepancreas1
|raw|handsomepancreas1's rating: 1217 &rarr; <strong>1247</strong><br />(+30 for winning)
|raw|64Unitesdespleen's rating: 1283 &rarr; <strong>1253</strong><br />(-30 for losing)
|l|☆64Unitesdespleen
|player|p2|
|l|☆handsomepancreas1
|player|p1|
