|j|☆hahajustin
|j|☆Darkarrow
|t:|1760761575
|gametype|singles
|player|p1|hahajustin|shadowtriad|1707
|player|p2|Darkarrow|265|1668
|gen|9
|tier|[Gen 9] OU
|rated|
|rule|HP Percentage Mod: HP is shown in percentages
|rule|Endless Battle Clause: Forcing endless battles is banned
|rule|Species Clause: Limit one of each Pokémon
|rule|OHKO Clause: OHKO moves are banned
|rule|Evasion Items Clause: Evasion items are banned
|rule|Evasion Moves Clause: Evasion moves are banned
|rule|Evasion Abilities Clause: Evasion abilities are banned
|rule|Sleep Moves Clause: Sleep-inducing moves are banned
|clearpoke
|poke|p1|Landorus-Therian, M|
|poke|p1|Darkrai|
|poke|p1|Kingambit, M|
|poke|p1|Cinderace, F|
|poke|p1|Zapdos|
|poke|p1|Samurott-Hisui, F|
|poke|p2|Ninetales-Alola, M|
|poke|p2|Darkrai|
|poke|p2|Ceruledge, M|
|poke|p2|Gliscor, M|
|poke|p2|Hatterene, F|
|poke|p2|Kommo-o, F|
|teampreview
|
|t:|1760761596
|teamsize|p1|6
|teamsize|p2|6
|start
|switch|p1a: Zapdos|Zapdos|100/100
|switch|p2a: Ninetales|Ninetales-Alola, M|100/100
|-weather|Snowscape|[from] ability: Snow Warning|[of] p2a: Ninetales
|turn|1
|
|t:|1760761604
|move|p2a: Ninetales|Freeze-Dry|p1a: Zapdos
|-supereffective|p1a: Zapdos
|-damage|p1a: Zapdos|58/100
|move|p1a: Zapdos|Volt Switch|p2a: Ninetales
|-damage|p2a: Ninetales|73/100
|
|t:|1760761610
|switch|p1a: Cinderace|Cinderace, F|100/100|[from] Volt Switch
|
|-weather|Snowscape|[upkeep]
|upkeep
|turn|2
|
|t:|1760761622
|switch|p1a: Zapdos|Zapdos|58/100
|switch|p2a: Ceruledge|Ceruledge, M|100/100
|
|-weather|Snowscape|[upkeep]
|upkeep
|turn|3
|j| Finkachu
|
|t:|1760761634
|switch|p2a: Gliscor|Gliscor, M|100/100
|move|p1a: Zapdos|Roost|p1a: Zapdos
|-heal|p1a: Zapdos|100/100
|-singleturn|p1a: Zapdos|move: Roost
|
|-weather|Snowscape|[upkeep]
|-status|p2a: Gliscor|tox|[from] item: Toxic Orb
|upkeep
|turn|4
|
|t:|1760761649
|switch|p1a: Samurott|Samurott-Hisui, F, shiny|100/100
|move|p2a: Gliscor|Swords Dance|p2a: Gliscor
|-boost|p2a: Gliscor|atk|2
|
|-weather|Snowscape|[upkeep]
|upkeep
|turn|5
|
|t:|1760761672
|switch|p1a: Landorus|Landorus-Therian, M|100/100
|-ability|p1a: Landorus|Intimidate|boost
|-unboost|p2a: Gliscor|atk|1
|move|p2a: Gliscor|Facade|p1a: Landorus
|-damage|p1a: Landorus|44/100
|-damage|p2a: Gliscor|84/100 tox|[from] item: Rocky Helmet|[of] p1a: Landorus
|
|-weather|none
|-heal|p2a: Gliscor|97/100 tox|[from] ability: Poison Heal
|upkeep
|turn|6
|
|t:|1760761680
|move|p1a: Landorus|U-turn|p2a: Gliscor
|-resisted|p2a: Gliscor
|-damage|p2a: Gliscor|86/100 tox
|j| Champion reko
|
|t:|1760761687
|switch|p1a: Darkrai|Darkrai, shiny|100/100|[from] U-turn
|move|p2a: Gliscor|Agility|p2a: Gliscor
|-boost|p2a: Gliscor|spe|2
|
|-heal|p2a: Gliscor|99/100 tox|[from] ability: Poison Heal
|upkeep
|turn|7
|
|t:|1760761701
|-terastallize|p2a: Gliscor|Normal
|move|p2a: Gliscor|Swords Dance|p2a: Gliscor
|-boost|p2a: Gliscor|atk|2
|move|p1a: Darkrai|Ice Beam|p2a: Gliscor
|-damage|p2a: Gliscor|61/100 tox
|
|-heal|p2a: Gliscor|74/100 tox|[from] ability: Poison Heal
|upkeep
|turn|8
|
|t:|1760761706
|switch|p1a: Landorus|Landorus-Therian, M|44/100
|-ability|p1a: Landorus|Intimidate|boost
|-unboost|p2a: Gliscor|atk|1
|move|p2a: Gliscor|Facade|p1a: Landorus
|-damage|p1a: Landorus|0 fnt
|-damage|p2a: Gliscor|57/100 tox|[from] item: Rocky Helmet|[of] p1a: Landorus
|faint|p1a: Landorus
|
|-heal|p2a: Gliscor|70/100 tox|[from] ability: Poison Heal
|upkeep
|j| poor ce
|
|t:|1760761740
|switch|p1a: Samurott|Samurott-Hisui, F, shiny|100/100
|turn|9
|
|t:|1760761743
|move|p1a: Samurott|Sucker Punch|p2a: Gliscor
|-damage|p2a: Gliscor|44/100 tox
|move|p2a: Gliscor|Facade|p1a: Samurott
|-damage|p1a: Samurott|0 fnt
|faint|p1a: Samurott
|
|-heal|p2a: Gliscor|57/100 tox|[from] ability: Poison Heal
|upkeep
|
|t:|1760761747
|switch|p1a: Kingambit|Kingambit, M|100/100
|-activate|p1a: Kingambit|ability: Supreme Overlord
|-start|p1a: Kingambit|fallen2|[silent]
|turn|10
|
|t:|1760761761
|-terastallize|p1a: Kingambit|Ghost
|move|p2a: Gliscor|Facade|p1a: Kingambit
|-immune|p1a: Kingambit
|move|p1a: Kingambit|Kowtow Cleave|p2a: Gliscor
|-damage|p2a: Gliscor|10/100 tox
|
|-heal|p2a: Gliscor|23/100 tox|[from] ability: Poison Heal
|upkeep
|turn|11
|
|t:|1760761774
|switch|p2a: Ninetales|Ninetales-Alola, M|73/100
|-weather|Snowscape|[from] ability: Snow Warning|[of] p2a: Ninetales
|move|p1a: Kingambit|Sucker Punch||[still]
|-fail|p1a: Kingambit
|
|-weather|Snowscape|[upkeep]
|upkeep
|turn|12
|
|t:|1760761781
|-end|p1a: Kingambit|fallen2|[silent]
|switch|p1a: Cinderace|Cinderace, F|100/100
|move|p2a: Ninetales|Encore||[still]
|-fail|p2a: Ninetales
|
|-weather|Snowscape|[upkeep]
|upkeep
|turn|13
|
|t:|1760761793
|switch|p1a: Zapdos|Zapdos|100/100
|switch|p2a: Ceruledge|Ceruledge, M|100/100
|
|-weather|Snowscape|[upkeep]
|upkeep
|turn|14
|
|t:|1760761801
|switch|p2a: Darkrai|Darkrai|100/100
|move|p1a: Zapdos|Volt Switch|p2a: Darkrai
|-damage|p2a: Darkrai|59/100
|l| Champion reko
|
|t:|1760761811
|switch|p1a: Darkrai|Darkrai, shiny|100/100|[from] Volt Switch
|
|-weather|Snowscape|[upkeep]
|-heal|p2a: Darkrai|65/100|[from] item: Leftovers
|upkeep
|turn|15
|
|t:|1760761814
|move|p2a: Darkrai|Focus Blast|p1a: Darkrai
|-supereffective|p1a: Darkrai
|-damage|p1a: Darkrai|0 fnt
|faint|p1a: Darkrai
|
|-weather|none
|-heal|p2a: Darkrai|71/100|[from] item: Leftovers
|upkeep
|
|t:|1760761820
|switch|p1a: Zapdos|Zapdos|100/100
|turn|16
|
|t:|1760761823
|move|p2a: Darkrai|Dark Pulse|p1a: Zapdos
|-damage|p1a: Zapdos|60/100
|move|p1a: Zapdos|Thunder Wave|p2a: Darkrai
|-status|p2a: Darkrai|par
|
|-heal|p2a: Darkrai|77/100 par|[from] item: Leftovers
|upkeep
|turn|17
|
|t:|1760761834
|move|p1a: Zapdos|Hurricane|p2a: Darkrai
|-damage|p2a: Darkrai|18/100 par
|move|p2a: Darkrai|Dark Pulse|p1a: Zapdos
|-damage|p1a: Zapdos|17/100
|
|-heal|p2a: Darkrai|24/100 par|[from] item: Leftovers
|upkeep
|turn|18
|
|t:|1760761843
|switch|p2a: Ninetales|Ninetales-Alola, M|73/100
|-weather|Snowscape|[from] ability: Snow Warning|[of] p2a: Ninetales
|move|p1a: Zapdos|Roost|p1a: Zapdos
|-heal|p1a: Zapdos|67/100
|-singleturn|p1a: Zapdos|move: Roost
|
|-weather|Snowscape|[upkeep]
|upkeep
|turn|19
|
|t:|1760761853
|move|p2a: Ninetales|Freeze-Dry|p1a: Zapdos
|-supereffective|p1a: Zapdos
|-damage|p1a: Zapdos|28/100
|-status|p1a: Zapdos|frz
|cant|p1a: Zapdos|frz
|
|-weather|Snowscape|[upkeep]
|upkeep
|turn|20
|
|t:|1760761858
|move|p2a: Ninetales|Aurora Veil|p2a: Ninetales
|-sidestart|p2: Darkarrow|move: Aurora Veil
|cant|p1a: Zapdos|frz
|
|-weather|Snowscape|[upkeep]
|upkeep
|turn|21
|
|t:|1760761865
|switch|p2a: Ceruledge|Ceruledge, M|100/100
|switch|p1a: Cinderace|Cinderace, F|100/100
|
|-weather|Snowscape|[upkeep]
|upkeep
|turn|22
|
|t:|1760761875
|move|p1a: Cinderace|Gunk Shot|p2a: Ceruledge|[miss]
|-start|p1a: Cinderace|typechange|Poison|[from] ability: Libero
|-miss|p1a: Cinderace|p2a: Ceruledge
|move|p2a: Ceruledge|Bulk Up|p2a: Ceruledge
|-boost|p2a: Ceruledge|atk|1
|-boost|p2a: Ceruledge|def|1
|
|-weather|none
|upkeep
|turn|23
|
|t:|1760761877
|move|p1a: Cinderace|Court Change|p1a: Cinderace
|-swapsideconditions
|-activate|p1a: Cinderace|move: Court Change
|move|p2a: Ceruledge|Bulk Up|p2a: Ceruledge
|-boost|p2a: Ceruledge|atk|1
|-boost|p2a: Ceruledge|def|1
|
|upkeep
|turn|24
|
|t:|1760761879
|switch|p1a: Kingambit|Kingambit, M, tera:Ghost|100/100
|-activate|p1a: Kingambit|ability: Supreme Overlord
|-start|p1a: Kingambit|fallen3|[silent]
|move|p2a: Ceruledge|Bulk Up|p2a: Ceruledge
|-boost|p2a: Ceruledge|atk|1
|-boost|p2a: Ceruledge|def|1
|
|upkeep
|turn|25
|
|t:|1760761886
|move|p2a: Ceruledge|Bulk Up|p2a: Ceruledge
|-boost|p2a: Ceruledge|atk|1
|-boost|p2a: Ceruledge|def|1
|move|p1a: Kingambit|Swords Dance|p1a: Kingambit
|-boost|p1a: Kingambit|atk|2
|
|upkeep
|turn|26
|
|t:|1760761893
|move|p2a: Ceruledge|Shadow Sneak|p1a: Kingambit
|-supereffective|p1a: Kingambit
|-damage|p1a: Kingambit|64/100
|move|p1a: Kingambit|Kowtow Cleave|p2a: Ceruledge
|-supereffective|p2a: Ceruledge
|-damage|p2a: Ceruledge|6/100
|
|-heal|p1a: Kingambit|70/100|[from] item: Leftovers
|upkeep
|turn|27
|
|t:|1760761896
|move|p2a: Ceruledge|Shadow Sneak|p1a: Kingambit
|-supereffective|p1a: Kingambit
|-damage|p1a: Kingambit|33/100
|move|p1a: Kingambit|Kowtow Cleave|p2a: Ceruledge
|-supereffective|p2a: Ceruledge
|-damage|p2a: Ceruledge|0 fnt
|faint|p2a: Ceruledge
|
|-heal|p1a: Kingambit|39/100|[from] item: Leftovers
|-sideend|p1: hahajustin|move: Aurora Veil
|upkeep
|
|t:|1760761904
|switch|p2a: Ninetales|Ninetales-Alola, M|73/100
|-weather|Snowscape|[from] ability: Snow Warning|[of] p2a: Ninetales
|turn|28
|
|t:|1760761908
|move|p2a: Ninetales|Aurora Veil|p2a: Ninetales
|-sidestart|p2: Darkarrow|move: Aurora Veil
|move|p1a: Kingambit|Iron Head|p2a: Ninetales
|-supereffective|p2a: Ninetales
|-damage|p2a: Ninetales|0 fnt
|faint|p2a: Ninetales
|
|-weather|Snowscape|[upkeep]
|-heal|p1a: Kingambit|45/100|[from] item: Leftovers
|upkeep
|
|t:|1760761923
|switch|p2a: Gliscor|Gliscor, M, tera:Normal|23/100 tox
|turn|29
|
|t:|1760761964
|move|p1a: Kingambit|Sucker Punch|p2a: Gliscor
|-damage|p2a: Gliscor|0 fnt
|faint|p2a: Gliscor
|
|-weather|Snowscape|[upkeep]
|-heal|p1a: Kingambit|51/100|[from] item: Leftovers
|upkeep
|
|t:|1760761971
|switch|p2a: Darkrai|Darkrai|24/100 par
|turn|30
|
|t:|1760761983
|move|p1a: Kingambit|Sucker Punch|p2a: Darkrai
|-resisted|p2a: Darkrai
|-damage|p2a: Darkrai|0 fnt
|faint|p2a: Darkrai
|
|-weather|Snowscape|[upkeep]
|-heal|p1a: Kingambit|57/100|[from] item: Leftovers
|upkeep
|
|t:|1760761988
|switch|p2a: Hatterene|Hatterene, F|100/100
|turn|31
|
|t:|1760762000
|move|p1a: Kingambit|Iron Head|p2a: Hatterene
|-supereffective|p2a: Hatterene
|-damage|p2a: Hatterene|0 fnt
|faint|p2a: Hatterene
|
|-weather|Snowscape|[upkeep]
|-heal|p1a: Kingambit|63/100|[from] item: Leftovers
|upkeep
|
|t:|1760762002
|switch|p2a: Kommo-o|Kommo-o, F|100/100
|turn|32
|
|t:|1760762017
|move|p2a: Kommo-o|Clangorous Soul|p2a: Kommo-o
|-boost|p2a: Kommo-o|atk|1
|-boost|p2a: Kommo-o|def|1
|-boost|p2a: Kommo-o|spa|1
|-boost|p2a: Kommo-o|spd|1
|-boost|p2a: Kommo-o|spe|1
|-damage|p2a: Kommo-o|68/100
|move|p1a: Kingambit|Iron Head|p2a: Kommo-o
|-damage|p2a: Kommo-o|30/100
|
|-weather|none
|-heal|p1a: Kingambit|69/100|[from] item: Leftovers
|upkeep
|turn|33
|
|t:|1760762031
|move|p2a: Kommo-o|Flamethrower|p1a: Kingambit
|-damage|p1a: Kingambit|27/100
|move|p1a: Kingambit|Iron Head|p2a: Kommo-o
|-damage|p2a: Kommo-o|0 fnt
|faint|p2a: Kommo-o
|
|win|hahajustin
|raw|hahajustin's rating: 1707 &rarr; <strong>1725</strong><br />(+18 for winning)
|raw|Darkarrow's rating: 1668 &rarr; <strong>1650</strong><br />(-18 for losing)
|l|☆Darkarrow
|player|p2|
|c|☆hahajustin|gg
|l|☆hahajustin
|player|p1|
|l| poor ce
