|j|☆webofspider
|j|☆e0_o
|t:|1760848953
|gametype|singles
|player|p1|webofspider|parasollady|1232
|player|p2|e0_o|ethan-gen2c|1243
|gen|9
|tier|[Gen 9] OU
|rated|
|rule|HP Percentage Mod: HP is shown in percentages
|rule|Endless Battle Clause: Forcing endless battles is banned
|rule|Species Clause: Limit one of each Pokémon
|rule|OHKO Clause: OHKO moves are banned
|rule|Evasion Items Clause: Evasion items are banned
|rule|Evasion Moves Clause: Evasion moves are banned
|rule|Evasion Abilities Clause: Evasion abilities are banned
|rule|Sleep Moves Clause: Sleep-inducing moves are banned
|clearpoke
|poke|p1|Tornadus-Therian, M|
|poke|p1|Garganacl, F|
|poke|p1|Lanturn, M|
|poke|p1|Quaquaval, M|
|poke|p1|Moltres|
|poke|p1|Lokix, F|
|poke|p2|Iron Moth|
|poke|p2|Great Tusk|
|poke|p2|Ogerpon-Wellspring, F|
|poke|p2|Gholdengo|
|poke|p2|Pecharunt|
|poke|p2|Rillaboom, F|
|teampreview
|inactive|Battle timer is ON: inactive players will automatically lose when time's up. (requested by e0_o)
|inactive|webofspider also wants the timer to be on.
|
|t:|1760848983
|teamsize|p1|6
|teamsize|p2|6
|start
|switch|p1a: Tornadus|Tornadus-Therian, M, shiny|100/100
|switch|p2a: Ogerpon|Ogerpon-Wellspring, F|100/100
|turn|1
|
|t:|1760848989
|switch|p2a: Gholdengo|Gholdengo|100/100
|move|p1a: Tornadus|Hurricane|p2a: Gholdengo
|-resisted|p2a: Gholdengo
|-damage|p2a: Gholdengo|69/100
|
|upkeep
|turn|2
|
|t:|1760848994
|switch|p2a: Pecharunt|Pecharunt|100/100
|move|p1a: Tornadus|Heat Wave|p2a: Pecharunt|[miss]
|-miss|p1a: Tornadus|p2a: Pecharunt
|
|upkeep
|turn|3
|
|t:|1760848999
|move|p1a: Tornadus|U-turn|p2a: Pecharunt
|-resisted|p2a: Pecharunt
|-damage|p2a: Pecharunt|99/100
|
|t:|1760849002
|switch|p1a: Garganacl|Garganacl, F, shiny|100/100|[from] U-turn
|move|p2a: Pecharunt|Toxic|p1a: Garganacl
|-immune|p1a: Garganacl|[from] ability: Purifying Salt
|
|-heal|p2a: Pecharunt|100/100|[from] item: Leftovers
|upkeep
|turn|4
|
|t:|1760849014
|move|p2a: Pecharunt|Parting Shot|p1a: Garganacl
|-unboost|p1a: Garganacl|atk|1
|-unboost|p1a: Garganacl|spa|1
|
|t:|1760849016
|switch|p2a: Ogerpon|Ogerpon-Wellspring, F|100/100|[from] Parting Shot
|move|p1a: Garganacl|Iron Defense|p1a: Garganacl
|-boost|p1a: Garganacl|def|2
|
|upkeep
|turn|5
|
|t:|1760849022
|-terastallize|p1a: Garganacl|Flying
|move|p2a: Ogerpon|Ivy Cudgel|p1a: Garganacl|[anim] Ivy Cudgel Water
|-damage|p1a: Garganacl|82/100
|move|p1a: Garganacl|Salt Cure|p2a: Ogerpon
|-damage|p2a: Ogerpon|87/100
|-start|p2a: Ogerpon|Salt Cure
|
|-heal|p1a: Garganacl|88/100|[from] item: Leftovers
|-damage|p2a: Ogerpon|62/100|[from] Salt Cure
|upkeep
|turn|6
|
|t:|1760849030
|move|p2a: Ogerpon|U-turn|p1a: Garganacl
|-resisted|p1a: Garganacl
|-damage|p1a: Garganacl|83/100
|
|t:|1760849033
|switch|p2a: Iron Moth|Iron Moth|100/100|[from] U-turn
|-enditem|p2a: Iron Moth|Booster Energy
|-activate|p2a: Iron Moth|ability: Quark Drive|[fromitem]
|-start|p2a: Iron Moth|quarkdrivespe
|move|p1a: Garganacl|Salt Cure|p2a: Iron Moth
|-supereffective|p2a: Iron Moth
|-damage|p2a: Iron Moth|72/100
|-start|p2a: Iron Moth|Salt Cure
|
|-heal|p1a: Garganacl|89/100|[from] item: Leftovers
|-damage|p2a: Iron Moth|60/100|[from] Salt Cure
|upkeep
|turn|7
|
|t:|1760849042
|move|p2a: Iron Moth|Sludge Wave|p1a: Garganacl
|-crit|p1a: Garganacl
|-damage|p1a: Garganacl|44/100
|move|p1a: Garganacl|Recover|p1a: Garganacl
|-heal|p1a: Garganacl|94/100
|
|-heal|p1a: Garganacl|99/100|[from] item: Leftovers
|-damage|p2a: Iron Moth|47/100|[from] Salt Cure
|upkeep
|turn|8
|
|t:|1760849062
|move|p2a: Iron Moth|Sludge Wave|p1a: Garganacl
|-damage|p1a: Garganacl|69/100
|move|p1a: Garganacl|Salt Cure|p2a: Iron Moth
|-supereffective|p2a: Iron Moth
|-damage|p2a: Iron Moth|21/100
|
|-heal|p1a: Garganacl|75/100|[from] item: Leftovers
|-damage|p2a: Iron Moth|8/100|[from] Salt Cure
|upkeep
|turn|9
|
|t:|1760849070
|move|p1a: Garganacl|Protect|p1a: Garganacl
|-singleturn|p1a: Garganacl|Protect
|move|p2a: Iron Moth|Sludge Wave|p1a: Garganacl
|-activate|p1a: Garganacl|move: Protect
|
|-heal|p1a: Garganacl|81/100|[from] item: Leftovers
|-damage|p2a: Iron Moth|0 fnt|[from] Salt Cure
|faint|p2a: Iron Moth
|-end|p2a: Iron Moth|Quark Drive|[silent]
|upkeep
|
|t:|1760849076
|switch|p2a: Gholdengo|Gholdengo|69/100
|turn|10
|
|t:|1760849083
|move|p2a: Gholdengo|Shadow Ball|p1a: Garganacl
|-damage|p1a: Garganacl|68/100
|move|p1a: Garganacl|Recover|p1a: Garganacl
|-heal|p1a: Garganacl|100/100
|
|upkeep
|turn|11
|
|t:|1760849085
|move|p2a: Gholdengo|Shadow Ball|p1a: Garganacl
|-damage|p1a: Garganacl|85/100
|move|p1a: Garganacl|Salt Cure|p2a: Gholdengo
|-resisted|p2a: Gholdengo
|-damage|p2a: Gholdengo|64/100
|-start|p2a: Gholdengo|Salt Cure
|
|-heal|p1a: Garganacl|92/100|[from] item: Leftovers
|-damage|p2a: Gholdengo|39/100|[from] Salt Cure
|upkeep
|turn|12
|
|t:|1760849092
|switch|p2a: Pecharunt|Pecharunt|100/100
|move|p1a: Garganacl|Iron Defense|p1a: Garganacl
|-boost|p1a: Garganacl|def|2
|
|-heal|p1a: Garganacl|98/100|[from] item: Leftovers
|upkeep
|turn|13
|
|t:|1760849096
|move|p2a: Pecharunt|Parting Shot|p1a: Garganacl
|-unboost|p1a: Garganacl|atk|1
|-unboost|p1a: Garganacl|spa|1
|
|t:|1760849097
|switch|p2a: Gholdengo|Gholdengo|39/100|[from] Parting Shot
|move|p1a: Garganacl|Salt Cure|p2a: Gholdengo
|-resisted|p2a: Gholdengo
|-damage|p2a: Gholdengo|35/100
|-start|p2a: Gholdengo|Salt Cure
|
|-heal|p1a: Garganacl|100/100|[from] item: Leftovers
|-damage|p2a: Gholdengo|11/100|[from] Salt Cure
|upkeep
|turn|14
|
|t:|1760849103
|switch|p2a: Pecharunt|Pecharunt|100/100
|move|p1a: Garganacl|Salt Cure|p2a: Pecharunt
|-damage|p2a: Pecharunt|97/100
|-start|p2a: Pecharunt|Salt Cure
|
|-heal|p2a: Pecharunt|100/100|[from] item: Leftovers
|-damage|p2a: Pecharunt|88/100|[from] Salt Cure
|upkeep
|turn|15
|
|t:|1760849109
|move|p1a: Garganacl|Protect|p1a: Garganacl
|-singleturn|p1a: Garganacl|Protect
|move|p2a: Pecharunt|Shadow Ball|p1a: Garganacl
|-activate|p1a: Garganacl|move: Protect
|
|-heal|p2a: Pecharunt|94/100|[from] item: Leftovers
|-damage|p2a: Pecharunt|82/100|[from] Salt Cure
|upkeep
|turn|16
|
|t:|1760849115
|move|p2a: Pecharunt|Parting Shot|p1a: Garganacl
|-unboost|p1a: Garganacl|atk|1
|-unboost|p1a: Garganacl|spa|1
|
|t:|1760849116
|switch|p2a: Gholdengo|Gholdengo|11/100|[from] Parting Shot
|move|p1a: Garganacl|Salt Cure|p2a: Gholdengo
|-resisted|p2a: Gholdengo
|-damage|p2a: Gholdengo|7/100
|-start|p2a: Gholdengo|Salt Cure
|
|-damage|p2a: Gholdengo|0 fnt|[from] Salt Cure
|faint|p2a: Gholdengo
|upkeep
|-message|e0_o forfeited.
|
|win|webofspider
|raw|webofspider's rating: 1232 &rarr; <strong>1258</strong><br />(+26 for winning)
|raw|e0_o's rating: 1243 &rarr; <strong>1217</strong><br />(-26 for losing)
|l|☆e0_o
|player|p2|
