|j|☆ineverhaxed
|j|☆Jinghan Yu
|t:|1760792872
|gametype|singles
|player|p1|ineverhaxed|101|1220
|player|p2|Jinghan Yu|nate|1222
|gen|9
|tier|[Gen 9] OU
|rated|
|rule|HP Percentage Mod: HP is shown in percentages
|rule|Endless Battle Clause: Forcing endless battles is banned
|rule|Species Clause: Limit one of each Pokémon
|rule|OHKO Clause: OHKO moves are banned
|rule|Evasion Items Clause: Evasion items are banned
|rule|Evasion Moves Clause: Evasion moves are banned
|rule|Evasion Abilities Clause: Evasion abilities are banned
|rule|Sleep Moves Clause: Sleep-inducing moves are banned
|clearpoke
|poke|p1|Illumise, F|
|poke|p1|Cloyster, F|
|poke|p1|Blissey, F|
|poke|p1|Darkrai|
|poke|p1|Cinderace, F|
|poke|p1|Lokix, F|
|poke|p2|Scizor, M|
|poke|p2|Tyranitar, M|
|poke|p2|Garchomp, M|
|poke|p2|Gyarados, M|
|poke|p2|Venusaur, M|
|poke|p2|Excadrill, M|
|teampreview
|
|t:|1760792881
|teamsize|p1|6
|teamsize|p2|6
|start
|switch|p1a: Blissey|Blissey, F|100/100
|switch|p2a: Osten|Gyarados, M, shiny|100/100
|-ability|p2a: Osten|Intimidate|boost
|-unboost|p1a: Blissey|atk|1
|turn|1
|
|t:|1760792884
|move|p2a: Osten|Dragon Dance|p2a: Osten
|-boost|p2a: Osten|atk|1
|-boost|p2a: Osten|spe|1
|move|p1a: Blissey|Thunderbolt|p2a: Osten
|-supereffective|p2a: Osten
|-damage|p2a: Osten|10/100
|
|-heal|p2a: Osten|16/100|[from] item: Leftovers
|upkeep
|turn|2
|
|t:|1760792893
|move|p2a: Osten|Waterfall|p1a: Blissey
|-damage|p1a: Blissey|38/100
|move|p1a: Blissey|Thunderbolt|p2a: Osten
|-supereffective|p2a: Osten
|-damage|p2a: Osten|0 fnt
|faint|p2a: Osten
|
|-heal|p1a: Blissey|44/100|[from] item: Leftovers
|upkeep
|
|t:|1760792900
|switch|p2a: Timothy|Tyranitar, M|100/100
|-weather|Sandstorm|[from] ability: Sand Stream|[of] p2a: Timothy
|turn|3
|
|t:|1760792906
|move|p2a: Timothy|Earthquake|p1a: Blissey
|-damage|p1a: Blissey|10/100
|move|p1a: Blissey|Thunderbolt|p2a: Timothy
|-damage|p2a: Timothy|88/100
|
|-weather|Sandstorm|[upkeep]
|-damage|p1a: Blissey|4/100|[from] Sandstorm
|-heal|p1a: Blissey|10/100|[from] item: Leftovers
|upkeep
|turn|4
|
|t:|1760792915
|move|p2a: Timothy|Rock Slide|p1a: Blissey|[miss]
|-miss|p2a: Timothy|p1a: Blissey
|move|p1a: Blissey|Thunderbolt|p2a: Timothy
|-damage|p2a: Timothy|74/100
|
|-weather|Sandstorm|[upkeep]
|-damage|p1a: Blissey|4/100|[from] Sandstorm
|-heal|p1a: Blissey|10/100|[from] item: Leftovers
|upkeep
|turn|5
|
|t:|1760792917
|move|p2a: Timothy|Rock Slide|p1a: Blissey
|-damage|p1a: Blissey|0 fnt
|faint|p1a: Blissey
|
|-weather|Sandstorm|[upkeep]
|upkeep
|
|t:|1760792926
|switch|p1a: Cinderace|Cinderace, F|100/100
|turn|6
|
|t:|1760792930
|switch|p2a: Devon|Venusaur, M|100/100
|move|p1a: Cinderace|Will-O-Wisp|p2a: Devon
|-status|p2a: Devon|brn
|
|-weather|Sandstorm|[upkeep]
|-damage|p1a: Cinderace|95/100|[from] Sandstorm
|-damage|p2a: Devon|95/100 brn|[from] Sandstorm
|-heal|p2a: Devon|100/100 brn|[from] item: Leftovers
|-damage|p2a: Devon|95/100 brn|[from] brn
|upkeep
|turn|7
|
|t:|1760792936
|switch|p2a: Timothy|Tyranitar, M|74/100
|move|p1a: Cinderace|Acrobatics|p2a: Timothy
|-start|p1a: Cinderace|typechange|Flying|[from] ability: Libero
|-resisted|p2a: Timothy
|-damage|p2a: Timothy|63/100
|
|-weather|Sandstorm|[upkeep]
|-damage|p1a: Cinderace|89/100|[from] Sandstorm
|upkeep
|turn|8
|
|t:|1760792941
|move|p1a: Cinderace|Will-O-Wisp|p2a: Timothy
|-status|p2a: Timothy|brn
|move|p2a: Timothy|Sunny Day|p2a: Timothy
|-weather|SunnyDay
|
|-weather|SunnyDay|[upkeep]
|-damage|p2a: Timothy|57/100 brn|[from] brn
|upkeep
|turn|9
|
|t:|1760792952
|switch|p1a: Illumise|Illumise, F|100/100
|move|p2a: Timothy|Rock Slide|p1a: Illumise
|-supereffective|p1a: Illumise
|-crit|p1a: Illumise
|-damage|p1a: Illumise|38/100
|
|-weather|SunnyDay|[upkeep]
|-heal|p1a: Illumise|45/100|[from] item: Leftovers
|-damage|p2a: Timothy|51/100 brn|[from] brn
|upkeep
|turn|10
|
|t:|1760792958
|move|p2a: Timothy|Rock Slide|p1a: Illumise
|-supereffective|p1a: Illumise
|-damage|p1a: Illumise|7/100
|move|p1a: Illumise|Mud-Slap|p2a: Timothy
|-supereffective|p2a: Timothy
|-damage|p2a: Timothy|44/100 brn
|-unboost|p2a: Timothy|accuracy|1
|
|-weather|SunnyDay|[upkeep]
|-heal|p1a: Illumise|13/100|[from] item: Leftovers
|-damage|p2a: Timothy|38/100 brn|[from] brn
|upkeep
|turn|11
|
|t:|1760792970
|move|p2a: Timothy|Earthquake|p1a: Illumise|[miss]
|-miss|p2a: Timothy|p1a: Illumise
|move|p1a: Illumise|Mud-Slap|p2a: Timothy
|-supereffective|p2a: Timothy
|-damage|p2a: Timothy|31/100 brn
|-unboost|p2a: Timothy|accuracy|1
|
|-weather|SunnyDay|[upkeep]
|-heal|p1a: Illumise|19/100|[from] item: Leftovers
|-damage|p2a: Timothy|25/100 brn|[from] brn
|upkeep
|turn|12
|
|t:|1760792981
|move|p2a: Timothy|Rock Slide|p1a: Illumise|[miss]
|-miss|p2a: Timothy|p1a: Illumise
|move|p1a: Illumise|Mud-Slap|p2a: Timothy
|-supereffective|p2a: Timothy
|-damage|p2a: Timothy|17/100 brn
|-unboost|p2a: Timothy|accuracy|1
|
|-weather|none
|-heal|p1a: Illumise|25/100|[from] item: Leftovers
|-damage|p2a: Timothy|11/100 brn|[from] brn
|upkeep
|turn|13
|
|t:|1760792997
|move|p2a: Timothy|Sunny Day|p2a: Timothy
|-weather|SunnyDay
|move|p1a: Illumise|Mud-Slap|p2a: Timothy
|-supereffective|p2a: Timothy
|-damage|p2a: Timothy|4/100 brn
|-unboost|p2a: Timothy|accuracy|1
|
|-weather|SunnyDay|[upkeep]
|-heal|p1a: Illumise|32/100|[from] item: Leftovers
|-damage|p2a: Timothy|0 fnt|[from] brn
|faint|p2a: Timothy
|upkeep
|
|t:|1760793001
|switch|p2a: Devon|Venusaur, M|95/100 brn
|turn|14
|
|t:|1760793011
|move|p1a: Illumise|Substitute|p1a: Illumise
|-start|p1a: Illumise|Substitute
|-damage|p1a: Illumise|7/100
|move|p2a: Devon|Weather Ball|p1a: Illumise
|-supereffective|p1a: Illumise
|-end|p1a: Illumise|Substitute
|
|-weather|SunnyDay|[upkeep]
|-heal|p2a: Devon|100/100 brn|[from] item: Leftovers
|-heal|p1a: Illumise|13/100|[from] item: Leftovers
|-damage|p2a: Devon|95/100 brn|[from] brn
|upkeep
|turn|15
|
|t:|1760793020
|move|p1a: Illumise|Encore|p2a: Devon
|-start|p2a: Devon|Encore
|move|p2a: Devon|Weather Ball|p1a: Illumise
|-supereffective|p1a: Illumise
|-damage|p1a: Illumise|0 fnt
|faint|p1a: Illumise
|
|-weather|SunnyDay|[upkeep]
|-heal|p2a: Devon|100/100 brn|[from] item: Leftovers
|-damage|p2a: Devon|95/100 brn|[from] brn
|upkeep
|
|t:|1760793031
|switch|p1a: Darkrai|Darkrai|100/100
|turn|16
|l|☆Jinghan Yu
|player|p2|
|inactive|Battle timer is ON: inactive players will automatically lose when time's up. (requested by ineverhaxed)
|j|☆Jinghan Yu
|inactive|Jinghan Yu reconnected and has 135 seconds left.
|player|p2|Jinghan Yu|nate|
|
|t:|1760793083
|move|p1a: Darkrai|Dark Pulse|p2a: Devon
|-damage|p2a: Devon|37/100 brn
|cant|p2a: Devon|flinch
|
|-weather|SunnyDay|[upkeep]
|-heal|p2a: Devon|43/100 brn|[from] item: Leftovers
|-damage|p2a: Devon|37/100 brn|[from] brn
|upkeep
|turn|17
|
|t:|1760793089
|move|p1a: Darkrai|Dark Pulse|p2a: Devon
|-damage|p2a: Devon|0 fnt
|faint|p2a: Devon
|
|-weather|none
|upkeep
|
|t:|1760793092
|switch|p2a: Boden|Scizor, M, shiny|100/100
|turn|18
|
|t:|1760793097
|move|p1a: Darkrai|Dark Pulse|p2a: Boden
|-damage|p2a: Boden|41/100
|cant|p2a: Boden|flinch
|
|upkeep
|turn|19
|
|t:|1760793103
|move|p2a: Boden|Bullet Punch|p1a: Darkrai
|-damage|p1a: Darkrai|46/100
|move|p1a: Darkrai|Dark Pulse|p2a: Boden
|-crit|p2a: Boden
|-damage|p2a: Boden|0 fnt
|faint|p2a: Boden
|
|upkeep
|
|t:|1760793108
|switch|p2a: Mangus|Garchomp, M, shiny|100/100
|turn|20
|
|t:|1760793113
|move|p1a: Darkrai|Dark Pulse|p2a: Mangus
|-damage|p2a: Mangus|47/100
|cant|p2a: Mangus|flinch
|
|upkeep
|turn|21
|
|t:|1760793119
|move|p1a: Darkrai|Dark Pulse|p2a: Mangus
|-damage|p2a: Mangus|0 fnt
|faint|p2a: Mangus
|
|upkeep
|
|t:|1760793121
|switch|p2a: Emmett|Excadrill, M|100/100
|-item|p2a: Emmett|Air Balloon
|turn|22
|
|t:|1760793126
|move|p1a: Darkrai|Dark Pulse|p2a: Emmett
|-damage|p2a: Emmett|41/100
|-enditem|p2a: Emmett|Air Balloon
|move|p2a: Emmett|Earthquake|p1a: Darkrai
|-damage|p1a: Darkrai|0 fnt
|faint|p1a: Darkrai
|
|upkeep
|
|t:|1760793134
|switch|p1a: Lokix|Lokix, F|100/100
|turn|23
|
|t:|1760793140
|move|p2a: Emmett|Earthquake|p1a: Lokix
|-resisted|p1a: Lokix
|-damage|p1a: Lokix|64/100
|move|p1a: Lokix|U-turn|p2a: Emmett
|-resisted|p2a: Emmett
|-damage|p2a: Emmett|0 fnt
|faint|p2a: Emmett
|
|win|ineverhaxed
|raw|ineverhaxed's rating: 1220 &rarr; <strong>1245</strong><br />(+25 for winning)
|raw|Jinghan Yu's rating: 1222 &rarr; <strong>1197</strong><br />(-25 for losing)
|l|☆Jinghan Yu
|player|p2|
|l|☆ineverhaxed
|player|p1|
