|j|☆literxlly
|j|☆Tqswell
|t:|1760763581
|gametype|singles
|player|p1|literxlly|clerkf|1408
|player|p2|Tqswell|clown|1407
|gen|9
|tier|[Gen 9] OU
|rated|
|rule|HP Percentage Mod: HP is shown in percentages
|rule|Endless Battle Clause: Forcing endless battles is banned
|rule|Species Clause: Limit one of each Pokémon
|rule|OHKO Clause: OHKO moves are banned
|rule|Evasion Items Clause: Evasion items are banned
|rule|Evasion Moves Clause: Evasion moves are banned
|rule|Evasion Abilities Clause: Evasion abilities are banned
|rule|Sleep Moves Clause: Sleep-inducing moves are banned
|clearpoke
|poke|p1|Ogerpon-Wellspring, F|
|poke|p1|Alomomola, F|
|poke|p1|Hatterene, F|
|poke|p1|Garganacl, F|
|poke|p1|Great Tusk|
|poke|p1|Dragonite, F|
|poke|p2|Deoxys-Speed|
|poke|p2|Ogerpon-Wellspring, F|
|poke|p2|Dragonite, F|
|poke|p2|Gliscor, F|
|poke|p2|Gholdengo|
|poke|p2|Glimmora, F|
|teampreview
|inactive|Battle timer is ON: inactive players will automatically lose when time's up. (requested by Tqswell)
|
|t:|1760763605
|teamsize|p1|6
|teamsize|p2|6
|start
|switch|p1a: Garganacl|Garganacl, F|100/100
|switch|p2a: Glimmora|Glimmora, F|100/100
|turn|1
|
|t:|1760763630
|switch|p1a: Hatterene|Hatterene, F|100/100
|move|p2a: Glimmora|Stealth Rock|p1a: Hatterene
|move|p1a: Hatterene|Stealth Rock|p2a: Glimmora|[from] ability: Magic Bounce
|-sidestart|p2: Tqswell|move: Stealth Rock
|
|upkeep
|turn|2
|
|t:|1760763635
|move|p2a: Glimmora|Mortal Spin|p1a: Hatterene
|-supereffective|p1a: Hatterene
|-damage|p1a: Hatterene|89/100
|-status|p1a: Hatterene|psn
|-sideend|p2: Tqswell|Stealth Rock|[from] move: Mortal Spin|[of] p2a: Glimmora
|move|p1a: Hatterene|Psychic Noise|p2a: Glimmora
|-supereffective|p2a: Glimmora
|-damage|p2a: Glimmora|27/100
|-start|p2a: Glimmora|move: Heal Block
|
|-heal|p1a: Hatterene|95/100 psn|[from] item: Leftovers
|-damage|p1a: Hatterene|82/100 psn|[from] psn
|upkeep
|turn|3
|
|t:|1760763662
|switch|p2a: Gliscor|Gliscor, F|100/100
|switch|p1a: Great Tusk|Great Tusk|100/100
|
|-status|p2a: Gliscor|tox|[from] item: Toxic Orb
|upkeep
|turn|4
|inactive|Tqswell has 120 seconds left.
|inactive|literxlly has 120 seconds left.
|
|t:|1760763685
|switch|p2a: Deoxys|Deoxys-Speed|100/100
|-ability|p2a: Deoxys|Pressure
|-terastallize|p1a: Great Tusk|Ice
|move|p1a: Great Tusk|Ice Spinner|p2a: Deoxys
|-damage|p2a: Deoxys|48/100
|
|upkeep
|turn|5
|inactive|Tqswell has 120 seconds left.
|
|t:|1760763695
|move|p2a: Deoxys|Reflect|p2a: Deoxys
|-sidestart|p2: Tqswell|Reflect
|move|p1a: Great Tusk|Ice Spinner|p2a: Deoxys
|-damage|p2a: Deoxys|22/100
|
|upkeep
|turn|6
|inactive|literxlly has 120 seconds left.
|
|t:|1760763717
|move|p2a: Deoxys|Light Screen|p2a: Deoxys
|-sidestart|p2: Tqswell|move: Light Screen
|move|p1a: Great Tusk|Ice Spinner|p2a: Deoxys
|-damage|p2a: Deoxys|0 fnt
|faint|p2a: Deoxys
|
|upkeep
|inactive|Tqswell has 120 seconds left.
|
|t:|1760763735
|switch|p2a: Glimmora|Glimmora, F|27/100
|turn|7
|inactive|literxlly has 120 seconds left.
|
|t:|1760763756
|move|p1a: Great Tusk|Headlong Rush|p2a: Glimmora
|-supereffective|p2a: Glimmora
|-damage|p2a: Glimmora|0 fnt
|-unboost|p1a: Great Tusk|def|1
|-unboost|p1a: Great Tusk|spd|1
|-activate|p2a: Glimmora|ability: Toxic Debris
|-sidestart|p1: literxlly|move: Toxic Spikes
|faint|p2a: Glimmora
|
|upkeep
|inactive|Tqswell has 120 seconds left.
|
|t:|1760763788
|switch|p2a: Dragonite|Dragonite, F|100/100
|turn|8
|inactive|literxlly has 120 seconds left.
|inactive|Tqswell has 90 seconds left.
|
|t:|1760763823
|-end|p1a: Great Tusk|Protosynthesis|[silent]
|switch|p1a: Garganacl|Garganacl, F|100/100
|-terastallize|p2a: Dragonite|Flying
|move|p2a: Dragonite|Dragon Dance|p2a: Dragonite
|-boost|p2a: Dragonite|atk|1
|-boost|p2a: Dragonite|spe|1
|
|upkeep
|turn|9
|inactive|Tqswell has 90 seconds left.
|
|t:|1760763829
|move|p2a: Dragonite|Earthquake|p1a: Garganacl
|-supereffective|p1a: Garganacl
|-damage|p1a: Garganacl|31/100
|move|p1a: Garganacl|Salt Cure|p2a: Dragonite
|-supereffective|p2a: Dragonite
|-damage|p2a: Dragonite|93/100
|-start|p2a: Dragonite|Salt Cure
|
|-heal|p2a: Dragonite|99/100|[from] item: Leftovers
|-heal|p1a: Garganacl|37/100|[from] item: Leftovers
|-damage|p2a: Dragonite|87/100|[from] Salt Cure
|upkeep
|turn|10
|
|t:|1760763837
|move|p2a: Dragonite|Earthquake|p1a: Garganacl
|-supereffective|p1a: Garganacl
|-damage|p1a: Garganacl|0 fnt
|faint|p1a: Garganacl
|
|-heal|p2a: Dragonite|93/100|[from] item: Leftovers
|-damage|p2a: Dragonite|80/100|[from] Salt Cure
|upkeep
|
|t:|1760763852
|switch|p1a: Dragonite|Dragonite, F|100/100
|turn|11
|
|t:|1760763861
|move|p2a: Dragonite|Tera Blast|p1a: Dragonite|[anim] Tera Blast Flying
|-damage|p1a: Dragonite|62/100
|move|p1a: Dragonite|Roost|p1a: Dragonite
|-heal|p1a: Dragonite|100/100
|-singleturn|p1a: Dragonite|move: Roost
|
|-heal|p2a: Dragonite|87/100|[from] item: Leftovers
|-damage|p2a: Dragonite|74/100|[from] Salt Cure
|upkeep
|turn|12
|inactive|literxlly has 120 seconds left.
|
|t:|1760763876
|move|p2a: Dragonite|Dragon Dance|p2a: Dragonite
|-boost|p2a: Dragonite|atk|1
|-boost|p2a: Dragonite|spe|1
|move|p1a: Dragonite|Dragon Tail|p2a: Dragonite
|-damage|p2a: Dragonite|56/100
|drag|p2a: Gliscor|Gliscor, F|100/100 tox
|
|-sideend|p2: Tqswell|Reflect
|upkeep
|turn|13
|inactive|literxlly has 120 seconds left.
|
|t:|1760763897
|switch|p1a: Great Tusk|Great Tusk, tera:Ice|100/100
|move|p2a: Gliscor|Swords Dance|p2a: Gliscor
|-boost|p2a: Gliscor|atk|2
|
|-sideend|p2: Tqswell|move: Light Screen
|upkeep
|turn|14
|
|t:|1760763905
|move|p2a: Gliscor|Protect|p2a: Gliscor
|-singleturn|p2a: Gliscor|Protect
|move|p1a: Great Tusk|Ice Spinner|p2a: Gliscor
|-activate|p2a: Gliscor|move: Protect
|
|upkeep
|turn|15
|inactive|Tqswell has 120 seconds left.
|
|t:|1760763923
|switch|p2a: Gholdengo|Gholdengo|100/100
|move|p1a: Great Tusk|Ice Spinner|p2a: Gholdengo
|-resisted|p2a: Gholdengo
|-damage|p2a: Gholdengo|82/100
|
|upkeep
|turn|16
|
|t:|1760763928
|-end|p1a: Great Tusk|Protosynthesis|[silent]
|switch|p1a: Alomomola|Alomomola, F|100/100
|-status|p1a: Alomomola|psn
|move|p2a: Gholdengo|Make It Rain|p1a: Alomomola
|-resisted|p1a: Alomomola
|-damage|p1a: Alomomola|85/100 psn
|-unboost|p2a: Gholdengo|spa|1
|
|-damage|p1a: Alomomola|73/100 psn|[from] psn
|upkeep
|turn|17
|
|t:|1760763934
|switch|p2a: Ogerpon|Ogerpon-Wellspring, F|100/100
|move|p1a: Alomomola|Flip Turn|p2a: Ogerpon
|-immune|p2a: Ogerpon|[from] ability: Water Absorb
|
|-damage|p1a: Alomomola|61/100 psn|[from] psn
|upkeep
|turn|18
|
|t:|1760763948
|switch|p1a: Dragonite|Dragonite, F|100/100
|move|p2a: Ogerpon|Trailblaze|p1a: Dragonite
|-resisted|p1a: Dragonite
|-damage|p1a: Dragonite|97/100
|-boost|p2a: Ogerpon|spe|1
|-damage|p2a: Ogerpon|84/100|[from] item: Rocky Helmet|[of] p1a: Dragonite
|
|upkeep
|turn|19
|
|t:|1760763962
|move|p2a: Ogerpon|Knock Off|p1a: Dragonite
|-damage|p1a: Dragonite|56/100
|-damage|p2a: Ogerpon|67/100|[from] item: Rocky Helmet|[of] p1a: Dragonite
|-enditem|p1a: Dragonite|Rocky Helmet|[from] move: Knock Off|[of] p2a: Ogerpon
|move|p1a: Dragonite|Roost|p1a: Dragonite
|-heal|p1a: Dragonite|100/100
|-singleturn|p1a: Dragonite|move: Roost
|
|upkeep
|turn|20
|inactive|Tqswell has 120 seconds left.
|
|t:|1760763983
|switch|p2a: Gliscor|Gliscor, F|100/100 tox
|move|p1a: Dragonite|Dragon Tail|p2a: Gliscor
|-damage|p2a: Gliscor|63/100 tox
|drag|p2a: Gholdengo|Gholdengo|82/100
|
|upkeep
|turn|21
|
|t:|1760763993
|move|p2a: Gholdengo|Thunder Wave|p1a: Dragonite
|-status|p1a: Dragonite|par
|move|p1a: Dragonite|Roost||[still]
|-fail|p1a: Dragonite|heal
|
|upkeep
|turn|22
|
|t:|1760763999
|switch|p2a: Gliscor|Gliscor, F|63/100 tox
|move|p1a: Dragonite|Earthquake|p2a: Gliscor
|-immune|p2a: Gliscor
|
|-heal|p2a: Gliscor|75/100 tox|[from] ability: Poison Heal
|upkeep
|turn|23
|
|t:|1760764005
|switch|p1a: Great Tusk|Great Tusk, tera:Ice|100/100
|move|p2a: Gliscor|Protect||[still]
|-fail|p2a: Gliscor
|
|-heal|p2a: Gliscor|88/100 tox|[from] ability: Poison Heal
|upkeep
|turn|24
|
|t:|1760764019
|switch|p2a: Gholdengo|Gholdengo|82/100
|move|p1a: Great Tusk|Ice Spinner|p2a: Gholdengo
|-resisted|p2a: Gholdengo
|-damage|p2a: Gholdengo|62/100
|
|upkeep
|turn|25
|
|t:|1760764025
|move|p2a: Gholdengo|Trick|p1a: Great Tusk
|-activate|p2a: Gholdengo|move: Trick|[of] p1a: Great Tusk
|-item|p1a: Great Tusk|Choice Scarf|[from] move: Trick
|-item|p2a: Gholdengo|Heavy-Duty Boots|[from] move: Trick
|move|p1a: Great Tusk|Headlong Rush|p2a: Gholdengo
|-supereffective|p2a: Gholdengo
|-damage|p2a: Gholdengo|0 fnt
|-unboost|p1a: Great Tusk|def|1
|-unboost|p1a: Great Tusk|spd|1
|faint|p2a: Gholdengo
|
|upkeep
|
|t:|1760764046
|switch|p2a: Dragonite|Dragonite, F, tera:Flying|56/100
|turn|26
|
|t:|1760764051
|-end|p1a: Great Tusk|Protosynthesis|[silent]
|switch|p1a: Dragonite|Dragonite, F|100/100 par
|move|p2a: Dragonite|Roost|p2a: Dragonite
|-heal|p2a: Dragonite|100/100
|-hint|If a Terastallized Pokemon uses Roost, it remains Flying-type.
|
|upkeep
|turn|27
|
|t:|1760764064
|move|p2a: Dragonite|Tera Blast|p1a: Dragonite|[anim] Tera Blast Flying
|-damage|p1a: Dragonite|75/100 par
|move|p1a: Dragonite|Dragon Tail|p2a: Dragonite
|-damage|p2a: Dragonite|82/100
|drag|p2a: Gliscor|Gliscor, F|88/100 tox
|
|-heal|p2a: Gliscor|99/100 tox|[from] ability: Poison Heal
|upkeep
|turn|28
|
|t:|1760764075
|move|p2a: Gliscor|Facade|p1a: Dragonite
|-damage|p1a: Dragonite|41/100 par
|move|p1a: Dragonite|Roost|p1a: Dragonite
|-heal|p1a: Dragonite|91/100 par
|-singleturn|p1a: Dragonite|move: Roost
|
|-heal|p2a: Gliscor|100/100 tox|[from] ability: Poison Heal
|upkeep
|turn|29
|
|t:|1760764082
|move|p2a: Gliscor|Facade|p1a: Dragonite
|-damage|p1a: Dragonite|56/100 par
|move|p1a: Dragonite|Dragon Tail|p2a: Gliscor
|-damage|p2a: Gliscor|64/100 tox
|drag|p2a: Ogerpon|Ogerpon-Wellspring, F|67/100
|
|upkeep
|turn|30
|
|t:|1760764092
|switch|p2a: Dragonite|Dragonite, F, tera:Flying|82/100
|move|p1a: Dragonite|Roost|p1a: Dragonite
|-heal|p1a: Dragonite|100/100 par
|-singleturn|p1a: Dragonite|move: Roost
|
|-heal|p2a: Dragonite|88/100|[from] item: Leftovers
|upkeep
|turn|31
|
|t:|1760764098
|move|p2a: Dragonite|Tera Blast|p1a: Dragonite|[anim] Tera Blast Flying
|-damage|p1a: Dragonite|73/100 par
|move|p1a: Dragonite|Dragon Tail|p2a: Dragonite
|-damage|p2a: Dragonite|47/100
|drag|p2a: Gliscor|Gliscor, F|64/100 tox
|
|-heal|p2a: Gliscor|77/100 tox|[from] ability: Poison Heal
|upkeep
|turn|32
|
|t:|1760764123
|switch|p1a: Great Tusk|Great Tusk, tera:Ice|100/100
|-status|p1a: Great Tusk|psn
|move|p2a: Gliscor|Swords Dance|p2a: Gliscor
|-boost|p2a: Gliscor|atk|2
|
|-damage|p1a: Great Tusk|88/100 psn|[from] psn
|-heal|p2a: Gliscor|89/100 tox|[from] ability: Poison Heal
|upkeep
|turn|33
|
|t:|1760764127
|move|p2a: Gliscor|Protect|p2a: Gliscor
|-singleturn|p2a: Gliscor|Protect
|move|p1a: Great Tusk|Ice Spinner|p2a: Gliscor
|-activate|p2a: Gliscor|move: Protect
|
|-damage|p1a: Great Tusk|76/100 psn|[from] psn
|-heal|p2a: Gliscor|100/100 tox|[from] ability: Poison Heal
|upkeep
|turn|34
|inactive|Tqswell has 120 seconds left.
|inactive|Tqswell has 90 seconds left.
|
|t:|1760764199
|move|p1a: Great Tusk|Ice Spinner|p2a: Gliscor
|-supereffective|p2a: Gliscor
|-damage|p2a: Gliscor|0 fnt
|faint|p2a: Gliscor
|
|-damage|p1a: Great Tusk|63/100 psn|[from] psn
|upkeep
|
|t:|1760764203
|switch|p2a: Ogerpon|Ogerpon-Wellspring, F|67/100
|turn|35
|inactive|Tqswell has 90 seconds left.
|
|t:|1760764228
|-end|p1a: Great Tusk|Protosynthesis|[silent]
|switch|p1a: Ogerpon|Ogerpon-Wellspring, F|100/100
|-status|p1a: Ogerpon|psn
|move|p2a: Ogerpon|Trailblaze|p1a: Ogerpon
|-damage|p1a: Ogerpon|54/100 psn
|-boost|p2a: Ogerpon|spe|1
|
|-damage|p1a: Ogerpon|42/100 psn|[from] psn
|upkeep
|turn|36
|
|t:|1760764235
|move|p2a: Ogerpon|Trailblaze|p1a: Ogerpon
|-damage|p1a: Ogerpon|3/100 psn
|-boost|p2a: Ogerpon|spe|1
|move|p1a: Ogerpon|U-turn|p2a: Ogerpon
|-supereffective|p2a: Ogerpon
|-damage|p2a: Ogerpon|0 fnt
|faint|p2a: Ogerpon
|inactive|literxlly has 120 seconds left.
|
|t:|1760764256
|switch|p1a: Great Tusk|Great Tusk, tera:Ice|63/100 psn|[from] U-turn
|
|-damage|p1a: Great Tusk|51/100 psn|[from] psn
|upkeep
|
|t:|1760764258
|switch|p2a: Dragonite|Dragonite, F, tera:Flying|47/100
|turn|37
|
|t:|1760764265
|move|p1a: Great Tusk|Ice Spinner|p2a: Dragonite
|-supereffective|p2a: Dragonite
|-damage|p2a: Dragonite|0 fnt
|faint|p2a: Dragonite
|
|win|literxlly
|raw|literxlly's rating: 1408 &rarr; <strong>1428</strong><br />(+20 for winning)
|raw|Tqswell's rating: 1407 &rarr; <strong>1387</strong><br />(-20 for losing)
|l|☆Tqswell
|player|p2|
|c|☆literxlly|absolute max roll into absolute min roll on trailblaze lol
|c|☆literxlly|gg
