|j|☆Sou_training
|j|☆gamemaster54
|t:|1760859915
|gametype|singles
|player|p1|Sou_training|169|1123
|player|p2|gamemaster54|gambler|1052
|gen|9
|tier|[Gen 9] OU
|rated|
|rule|HP Percentage Mod: HP is shown in percentages
|rule|Endless Battle Clause: Forcing endless battles is banned
|rule|Species Clause: Limit one of each Pokémon
|rule|OHKO Clause: OHKO moves are banned
|rule|Evasion Items Clause: Evasion items are banned
|rule|Evasion Moves Clause: Evasion moves are banned
|rule|Evasion Abilities Clause: Evasion abilities are banned
|rule|Sleep Moves Clause: Sleep-inducing moves are banned
|clearpoke
|poke|p1|Iron Crown|
|poke|p1|Samurott-Hisui, M|
|poke|p1|Zapdos|
|poke|p1|Dragapult, M|
|poke|p1|Great Tusk|
|poke|p1|Iron Boulder|
|poke|p2|Quaquaval, F|
|poke|p2|Grimmsnarl, M|
|poke|p2|Gastrodon, F|
|poke|p2|Moltres-Galar|
|poke|p2|Excadrill, M|
|poke|p2|Deoxys-Defense|
|teampreview
|
|t:|1760859934
|teamsize|p1|6
|teamsize|p2|6
|start
|switch|p1a: Everytime We Touch|Samurott-Hisui, M|100/100
|switch|p2a: Grimmsnarl|Grimmsnarl, M, shiny|100/100
|turn|1
|
|t:|1760859992
|switch|p1a: Mindreader|Iron Crown|100/100
|move|p2a: Grimmsnarl|Reflect|p2a: Grimmsnarl
|-sidestart|p2: gamemaster54|Reflect
|
|upkeep
|turn|2
|
|t:|1760860000
|move|p2a: Grimmsnarl|Parting Shot|p1a: Mindreader
|-unboost|p1a: Mindreader|atk|1
|-unboost|p1a: Mindreader|spa|1
|
|t:|1760860040
|switch|p2a: Excadrill|Excadrill, M|100/100|[from] Parting Shot
|-ability|p2a: Excadrill|Mold Breaker
|move|p1a: Mindreader|Volt Switch|p2a: Excadrill
|-immune|p2a: Excadrill
|
|upkeep
|turn|3
|
|t:|1760860054
|-end|p1a: Mindreader|Quark Drive|[silent]
|switch|p1a: Hurikan|Zapdos|100/100
|move|p2a: Excadrill|Earthquake|p1a: Hurikan
|-immune|p1a: Hurikan
|
|upkeep
|turn|4
|
|t:|1760860075
|move|p2a: Excadrill|Rock Slide|p1a: Hurikan
|-supereffective|p1a: Hurikan
|-damage|p1a: Hurikan|61/100
|move|p1a: Hurikan|U-turn|p2a: Excadrill
|-resisted|p2a: Excadrill
|-damage|p2a: Excadrill|96/100
|
|t:|1760860124
|switch|p1a: Everytime We Touch|Samurott-Hisui, M|100/100|[from] U-turn
|
|-heal|p2a: Excadrill|100/100|[from] item: Leftovers
|upkeep
|turn|5
|
|t:|1760860177
|switch|p2a: Deoxys|Deoxys-Defense|100/100
|-ability|p2a: Deoxys|Pressure
|move|p1a: Everytime We Touch|Flip Turn|p2a: Deoxys
|-damage|p2a: Deoxys|93/100
|-damage|p1a: Everytime We Touch|84/100|[from] item: Rocky Helmet|[of] p2a: Deoxys
|
|t:|1760860204
|switch|p1a: Revery|Iron Boulder|100/100|[from] Flip Turn
|-enditem|p1a: Revery|Booster Energy
|-activate|p1a: Revery|ability: Quark Drive|[fromitem]
|-start|p1a: Revery|quarkdrivespe
|
|upkeep
|turn|6
|
|t:|1760860214
|-terastallize|p1a: Revery|Fighting
|move|p1a: Revery|Swords Dance|p1a: Revery
|-boost|p1a: Revery|atk|2
|move|p2a: Deoxys|Stealth Rock|p1a: Revery
|-sidestart|p1: Sou_training|move: Stealth Rock
|
|upkeep
|turn|7
|
|t:|1760860226
|switch|p2a: Gastrodon|Gastrodon, F|100/100
|move|p1a: Revery|Swords Dance|p1a: Revery
|-boost|p1a: Revery|atk|2
|
|upkeep
|turn|8
|
|t:|1760860262
|move|p1a: Revery|Close Combat|p2a: Gastrodon
|-damage|p2a: Gastrodon|12/100
|-unboost|p1a: Revery|def|1
|-unboost|p1a: Revery|spd|1
|move|p2a: Gastrodon|Clear Smog|p1a: Revery
|-damage|p1a: Revery|83/100
|-clearboost|p1a: Revery
|
|-heal|p2a: Gastrodon|18/100|[from] item: Leftovers
|-sideend|p2: gamemaster54|Reflect
|upkeep
|turn|9
|
|t:|1760860275
|move|p1a: Revery|Mighty Cleave|p2a: Gastrodon
|-resisted|p2a: Gastrodon
|-damage|p2a: Gastrodon|0 fnt
|faint|p2a: Gastrodon
|
|upkeep
|
|t:|1760860300
|switch|p2a: Grimmsnarl|Grimmsnarl, M, shiny|100/100
|turn|10
|
|t:|1760860322
|-end|p1a: Revery|Quark Drive|[silent]
|switch|p1a: Mindreader|Iron Crown|100/100
|-damage|p1a: Mindreader|94/100|[from] Stealth Rock
|move|p2a: Grimmsnarl|Spirit Break|p1a: Mindreader
|-resisted|p1a: Mindreader
|-damage|p1a: Mindreader|79/100
|-unboost|p1a: Mindreader|spa|1
|
|upkeep
|turn|11
|
|t:|1760860338
|move|p2a: Grimmsnarl|Parting Shot|p1a: Mindreader
|-unboost|p1a: Mindreader|atk|1
|-unboost|p1a: Mindreader|spa|1
|
|t:|1760860342
|switch|p2a: Excadrill|Excadrill, M|100/100|[from] Parting Shot
|-ability|p2a: Excadrill|Mold Breaker
|move|p1a: Mindreader|Volt Switch|p2a: Excadrill
|-immune|p2a: Excadrill
|
|upkeep
|turn|12
|
|t:|1760860357
|-end|p1a: Mindreader|Quark Drive|[silent]
|switch|p1a: Hurikan|Zapdos|61/100
|move|p2a: Excadrill|Rapid Spin|p1a: Hurikan
|-damage|p1a: Hurikan|48/100
|-boost|p2a: Excadrill|spe|1
|
|upkeep
|turn|13
|
|t:|1760860367
|move|p2a: Excadrill|Rock Slide|p1a: Hurikan
|-supereffective|p1a: Hurikan
|-damage|p1a: Hurikan|8/100
|move|p1a: Hurikan|U-turn|p2a: Excadrill
|-resisted|p2a: Excadrill
|-damage|p2a: Excadrill|92/100
|
|t:|1760860382
|switch|p1a: Everytime We Touch|Samurott-Hisui, M|84/100|[from] U-turn
|-damage|p1a: Everytime We Touch|72/100|[from] Stealth Rock
|
|-heal|p2a: Excadrill|98/100|[from] item: Leftovers
|upkeep
|turn|14
|
|t:|1760860394
|switch|p2a: Deoxys|Deoxys-Defense|93/100
|-ability|p2a: Deoxys|Pressure
|move|p1a: Everytime We Touch|Flip Turn|p2a: Deoxys
|-damage|p2a: Deoxys|75/100
|-damage|p1a: Everytime We Touch|55/100|[from] item: Rocky Helmet|[of] p2a: Deoxys
|
|t:|1760860403
|switch|p1a: Revery|Iron Boulder, tera:Fighting|83/100|[from] Flip Turn
|-damage|p1a: Revery|77/100|[from] Stealth Rock
|
|upkeep
|turn|15
|
|t:|1760860410
|move|p1a: Revery|Swords Dance|p1a: Revery
|-boost|p1a: Revery|atk|2
|move|p2a: Deoxys|Spikes|p1a: Revery
|-sidestart|p1: Sou_training|Spikes
|
|upkeep
|turn|16
|
|t:|1760860416
|move|p1a: Revery|Swords Dance|p1a: Revery
|-boost|p1a: Revery|atk|2
|move|p2a: Deoxys|Thunder Wave|p1a: Revery
|-status|p1a: Revery|par
|
|upkeep
|turn|17
|
|t:|1760860425
|move|p2a: Deoxys|Spikes|p1a: Revery
|-sidestart|p1: Sou_training|Spikes
|cant|p1a: Revery|par
|
|upkeep
|turn|18
|
|t:|1760860430
|move|p2a: Deoxys|Spikes|p1a: Revery
|-sidestart|p1: Sou_training|Spikes
|move|p1a: Revery|Mighty Cleave|p2a: Deoxys
|-damage|p2a: Deoxys|0 fnt
|-damage|p1a: Revery|61/100 par|[from] item: Rocky Helmet|[of] p2a: Deoxys
|faint|p2a: Deoxys
|
|upkeep
|
|t:|1760860438
|switch|p2a: Moltres|Moltres-Galar, shiny|100/100
|turn|19
|
|t:|1760860444
|move|p2a: Moltres|Air Slash|p1a: Revery
|-supereffective|p1a: Revery
|-damage|p1a: Revery|8/100 par
|cant|p1a: Revery|par
|
|upkeep
|turn|20
|
|t:|1760860461
|-end|p1a: Revery|Quark Drive|[silent]
|switch|p1a: Mindreader|Iron Crown|79/100
|-damage|p1a: Mindreader|73/100|[from] Stealth Rock
|-damage|p1a: Mindreader|48/100|[from] Spikes
|move|p2a: Moltres|Air Slash|p1a: Mindreader
|-resisted|p1a: Mindreader
|-damage|p1a: Mindreader|35/100
|
|upkeep
|turn|21
|
|t:|1760860472
|move|p1a: Mindreader|Focus Blast|p2a: Moltres
|-damage|p2a: Moltres|58/100
|move|p2a: Moltres|Fiery Wrath|p1a: Mindreader
|-supereffective|p1a: Mindreader
|-damage|p1a: Mindreader|0 fnt
|faint|p1a: Mindreader
|-end|p1a: Mindreader|Quark Drive|[silent]
|
|upkeep
|
|t:|1760860480
|switch|p1a: Pump It|Great Tusk|100/100
|turn|22
|
|t:|1760860489
|move|p2a: Moltres|Air Slash|p1a: Pump It
|-supereffective|p1a: Pump It
|-damage|p1a: Pump It|24/100
|move|p1a: Pump It|Rapid Spin|p2a: Moltres
|-damage|p2a: Moltres|42/100
|-boost|p1a: Pump It|spe|1
|-sideend|p1: Sou_training|Spikes|[from] move: Rapid Spin|[of] p1a: Pump It
|-sideend|p1: Sou_training|Stealth Rock|[from] move: Rapid Spin|[of] p1a: Pump It
|-ability|p2a: Moltres|Berserk|boost
|-boost|p2a: Moltres|spa|1
|
|upkeep
|turn|23
|
|t:|1760860499
|move|p1a: Pump It|Ice Spinner|p2a: Moltres
|-supereffective|p2a: Moltres
|-damage|p2a: Moltres|0 fnt
|faint|p2a: Moltres
|
|upkeep
|
|t:|1760860515
|switch|p2a: Grimmsnarl|Grimmsnarl, M, shiny|100/100
|turn|24
|
|t:|1760860565
|move|p2a: Grimmsnarl|Reflect|p2a: Grimmsnarl
|-sidestart|p2: gamemaster54|Reflect
|move|p1a: Pump It|Headlong Rush|p2a: Grimmsnarl
|-damage|p2a: Grimmsnarl|62/100
|-unboost|p1a: Pump It|def|1
|-unboost|p1a: Pump It|spd|1
|
|upkeep
|turn|25
|
|t:|1760860572
|move|p1a: Pump It|Headlong Rush|p2a: Grimmsnarl
|-damage|p2a: Grimmsnarl|21/100
|-unboost|p1a: Pump It|def|1
|-unboost|p1a: Pump It|spd|1
|move|p2a: Grimmsnarl|Spirit Break|p1a: Pump It
|-supereffective|p1a: Pump It
|-crit|p1a: Pump It
|-damage|p1a: Pump It|0 fnt
|faint|p1a: Pump It
|-end|p1a: Pump It|Protosynthesis|[silent]
|
|upkeep
|
|t:|1760860588
|switch|p1a: Everytime We Touch|Samurott-Hisui, M|55/100
|turn|26
|
|t:|1760860596
|move|p1a: Everytime We Touch|Flip Turn|p2a: Grimmsnarl
|-damage|p2a: Grimmsnarl|5/100
|
|t:|1760860607
|switch|p1a: Revery|Iron Boulder, tera:Fighting|8/100 par|[from] Flip Turn
|move|p2a: Grimmsnarl|Spirit Break|p1a: Revery
|-supereffective|p1a: Revery
|-damage|p1a: Revery|0 fnt
|faint|p1a: Revery
|-end|p1a: Revery|Quark Drive|[silent]
|
|upkeep
|
|t:|1760860616
|switch|p1a: Everytime We Touch|Samurott-Hisui, M|55/100
|turn|27
|
|t:|1760860619
|move|p2a: Grimmsnarl|Parting Shot|p1a: Everytime We Touch
|-hint|Since gen 7, Dark is immune to Prankster moves.
|-immune|p1a: Everytime We Touch
|move|p1a: Everytime We Touch|Flip Turn|p2a: Grimmsnarl
|-damage|p2a: Grimmsnarl|0 fnt
|faint|p2a: Grimmsnarl
|
|t:|1760860651
|switch|p1a: Parasite|Dragapult, M|100/100|[from] Flip Turn
|
|upkeep
|
|t:|1760860656
|switch|p2a: Quaquaval|Quaquaval, F|100/100
|turn|28
|
|t:|1760860666
|-terastallize|p2a: Quaquaval|Flying
|move|p1a: Parasite|Dragon Darts|p2a: Quaquaval
|-damage|p2a: Quaquaval|75/100
|-anim|p1a: Parasite|Dragon Darts|p2a: Quaquaval
|-damage|p2a: Quaquaval|52/100
|move|p2a: Quaquaval|Swords Dance|p2a: Quaquaval
|-boost|p2a: Quaquaval|atk|2
|
|upkeep
|turn|29
|
|t:|1760860676
|move|p1a: Parasite|Dragon Darts|p2a: Quaquaval
|-crit|p2a: Quaquaval
|-damage|p2a: Quaquaval|0 fnt
|faint|p2a: Quaquaval
|
|upkeep
|
|t:|1760860683
|switch|p2a: Excadrill|Excadrill, M|98/100
|-ability|p2a: Excadrill|Mold Breaker
|turn|30
|
|t:|1760860689
|switch|p1a: Everytime We Touch|Samurott-Hisui, M|55/100
|move|p2a: Excadrill|Rock Slide|p1a: Everytime We Touch
|-damage|p1a: Everytime We Touch|23/100
|
|-heal|p2a: Excadrill|100/100|[from] item: Leftovers
|upkeep
|turn|31
|
|t:|1760860733
|move|p1a: Everytime We Touch|Sacred Sword|p2a: Excadrill
|-supereffective|p2a: Excadrill
|-damage|p2a: Excadrill|37/100
|move|p2a: Excadrill|Rock Slide|p1a: Everytime We Touch
|-damage|p1a: Everytime We Touch|0 fnt
|faint|p1a: Everytime We Touch
|
|-heal|p2a: Excadrill|43/100|[from] item: Leftovers
|-sideend|p2: gamemaster54|Reflect
|upkeep
|
|t:|1760860745
|switch|p1a: Parasite|Dragapult, M|100/100
|turn|32
|
|t:|1760860756
|move|p1a: Parasite|Sucker Punch|p2a: Excadrill
|-damage|p2a: Excadrill|0 fnt
|faint|p2a: Excadrill
|
|win|Sou_training
|raw|Sou_training's rating: 1123 &rarr; <strong>1143</strong><br />(+20 for winning)
|raw|gamemaster54's rating: 1052 &rarr; <strong>1038</strong><br />(-14 for losing)
|l|☆gamemaster54
|player|p2|
|c|☆Sou_training|Gg
