|j|☆Kazuelasnt
|j|☆repete64
|t:|1760814091
|gametype|singles
|player|p1|Kazuelasnt|cress|1531
|player|p2|repete64|169|1514
|gen|9
|tier|[Gen 9] OU
|rated|
|rule|HP Percentage Mod: HP is shown in percentages
|rule|Endless Battle Clause: Forcing endless battles is banned
|rule|Species Clause: Limit one of each Pokémon
|rule|OHKO Clause: OHKO moves are banned
|rule|Evasion Items Clause: Evasion items are banned
|rule|Evasion Moves Clause: Evasion moves are banned
|rule|Evasion Abilities Clause: Evasion abilities are banned
|rule|Sleep Moves Clause: Sleep-inducing moves are banned
|clearpoke
|poke|p1|Ninetales, M|
|poke|p1|Lilligant-Hisui, F|
|poke|p1|Walking Wake|
|poke|p1|Great Tusk|
|poke|p1|Iron Moth|
|poke|p1|Heatran, F|
|poke|p2|Barraskewda, M|
|poke|p2|Pelipper, M|
|poke|p2|Iron Treads|
|poke|p2|Raging Bolt|
|poke|p2|Greninja-*, M|
|poke|p2|Scizor, F|
|teampreview
|
|t:|1760814136
|teamsize|p1|6
|teamsize|p2|6
|start
|switch|p1a: Ondulagua|Walking Wake|100/100
|switch|p2a: Raging Bolt|Raging Bolt|100/100
|turn|1
|
|t:|1760814161
|-terastallize|p2a: Raging Bolt|Electric
|move|p1a: Ondulagua|Draco Meteor|p2a: Raging Bolt
|-damage|p2a: Raging Bolt|3/100
|-unboost|p1a: Ondulagua|spa|2
|move|p2a: Raging Bolt|Volt Switch|p1a: Ondulagua
|-damage|p1a: Ondulagua|10/100
|
|t:|1760814168
|-end|p2a: Raging Bolt|Protosynthesis|[silent]
|switch|p2a: Barraskewda|Barraskewda, M|100/100|[from] Volt Switch
|
|upkeep
|turn|2
|
|t:|1760814183
|move|p2a: Barraskewda|Flip Turn|p1a: Ondulagua
|-resisted|p1a: Ondulagua
|-damage|p1a: Ondulagua|0 fnt
|faint|p1a: Ondulagua
|-end|p1a: Ondulagua|Protosynthesis|[silent]
|
|t:|1760814191
|switch|p2a: Pelipper|Pelipper, M|100/100|[from] Flip Turn
|-weather|RainDance|[from] ability: Drizzle|[of] p2a: Pelipper
|
|-weather|RainDance|[upkeep]
|upkeep
|
|t:|1760814210
|switch|p1a: Chujin|Ninetales, M, shiny|100/100
|-weather|SunnyDay|[from] ability: Drought|[of] p1a: Chujin
|turn|3
|
|t:|1760814215
|switch|p1a: Mi Amada <3|Lilligant-Hisui, F|100/100
|move|p2a: Pelipper|U-turn|p1a: Mi Amada <3
|-damage|p1a: Mi Amada <3|87/100
|
|t:|1760814224
|switch|p2a: Scizor|Scizor, F|100/100|[from] U-turn
|
|-weather|SunnyDay|[upkeep]
|upkeep
|turn|4
|
|t:|1760814239
|switch|p1a: DA T U S K|Great Tusk|100/100
|-activate|p1a: DA T U S K|ability: Protosynthesis
|-start|p1a: DA T U S K|protosynthesisatk
|move|p2a: Scizor|U-turn|p1a: DA T U S K
|-resisted|p1a: DA T U S K
|-damage|p1a: DA T U S K|79/100
|
|t:|1760814250
|switch|p2a: Pelipper|Pelipper, M|100/100|[from] U-turn
|-weather|RainDance|[from] ability: Drizzle|[of] p2a: Pelipper
|-end|p1a: DA T U S K|Protosynthesis
|
|-weather|RainDance|[upkeep]
|upkeep
|turn|5
|l|☆Kazuelasnt
|player|p1|
|j|☆Kazuelasnt
|player|p1|Kazuelasnt|cress|
|
|t:|1760814274
|move|p1a: DA T U S K|Ice Spinner|p2a: Pelipper
|-damage|p2a: Pelipper|67/100
|move|p2a: Pelipper|Hurricane|p1a: DA T U S K
|-supereffective|p1a: DA T U S K
|-damage|p1a: DA T U S K|0 fnt
|faint|p1a: DA T U S K
|-end|p1a: DA T U S K|Protosynthesis|[silent]
|
|-weather|RainDance|[upkeep]
|upkeep
|-message|Kazuelasnt forfeited.
|
|win|repete64
|raw|Kazuelasnt's rating: 1531 &rarr; <strong>1510</strong><br />(-21 for losing)
|raw|repete64's rating: 1514 &rarr; <strong>1535</strong><br />(+21 for winning)
|l|☆Kazuelasnt
|player|p1|
|l|☆repete64
|player|p2|
