|j|☆caesar nivis
|j|☆Gulptubus
|t:|1760789478
|gametype|singles
|player|p1|caesar nivis|lance|1568
|player|p2|Gulptubus|pokemonranger-gen4|1574
|gen|9
|tier|[Gen 9] OU
|rated|
|rule|HP Percentage Mod: HP is shown in percentages
|rule|Endless Battle Clause: Forcing endless battles is banned
|rule|Species Clause: Limit one of each Pokémon
|rule|OHKO Clause: OHKO moves are banned
|rule|Evasion Items Clause: Evasion items are banned
|rule|Evasion Moves Clause: Evasion moves are banned
|rule|Evasion Abilities Clause: Evasion abilities are banned
|rule|Sleep Moves Clause: Sleep-inducing moves are banned
|clearpoke
|poke|p1|Ninetales-Alola, F|
|poke|p1|Ursaluna, F|
|poke|p1|Moltres-Galar|
|poke|p1|Iron Treads|
|poke|p1|Glastrier|
|poke|p1|Dondozo, F|
|poke|p2|Kyurem|
|poke|p2|Rillaboom, M|
|poke|p2|Cinderace, F|
|poke|p2|Slowking-Galar, M|
|poke|p2|Great Tusk|
|poke|p2|Enamorus, F|
|teampreview
|inactive|Battle timer is ON: inactive players will automatically lose when time's up. (requested by caesar nivis)
|inactive|caesar nivis has 120 seconds left.
|
|t:|1760789530
|teamsize|p1|6
|teamsize|p2|6
|start
|switch|p1a: Moltres|Moltres-Galar|100/100
|switch|p2a: Cinderace|Cinderace, F|100/100
|turn|1
|
|t:|1760789535
|move|p2a: Cinderace|U-turn|p1a: Moltres
|-damage|p1a: Moltres|75/100
|
|t:|1760789546
|switch|p2a: Enamorus|Enamorus, F|100/100|[from] U-turn
|move|p1a: Moltres|Fiery Wrath|p2a: Enamorus
|-resisted|p2a: Enamorus
|-damage|p2a: Enamorus|68/100
|
|-heal|p1a: Moltres|81/100|[from] item: Leftovers
|upkeep
|turn|2
|
|t:|1760789551
|switch|p1a: Iron Treads|Iron Treads|100/100
|move|p2a: Enamorus|Moonblast|p1a: Iron Treads
|-resisted|p1a: Iron Treads
|-damage|p1a: Iron Treads|67/100
|
|upkeep
|turn|3
|
|t:|1760789554
|switch|p2a: Rillaboom|Rillaboom, M|100/100
|-fieldstart|move: Grassy Terrain|[from] ability: Grassy Surge|[of] p2a: Rillaboom
|move|p1a: Iron Treads|Iron Head|p2a: Rillaboom
|-damage|p2a: Rillaboom|59/100
|
|-heal|p1a: Iron Treads|73/100|[from] Grassy Terrain
|-heal|p2a: Rillaboom|65/100|[from] Grassy Terrain
|upkeep
|turn|4
|
|t:|1760789559
|move|p1a: Iron Treads|Ice Spinner|p2a: Rillaboom
|-supereffective|p2a: Rillaboom
|-damage|p2a: Rillaboom|11/100
|-fieldend|move: Grassy Terrain
|move|p2a: Rillaboom|U-turn|p1a: Iron Treads
|-resisted|p1a: Iron Treads
|-damage|p1a: Iron Treads|56/100
|
|t:|1760789566
|switch|p2a: Kyurem|Kyurem|100/100|[from] U-turn
|-ability|p2a: Kyurem|Pressure
|
|upkeep
|turn|5
|
|t:|1760789573
|move|p1a: Iron Treads|Iron Head|p2a: Kyurem
|-supereffective|p2a: Kyurem
|-damage|p2a: Kyurem|28/100
|move|p2a: Kyurem|Substitute|p2a: Kyurem
|-start|p2a: Kyurem|Substitute
|-damage|p2a: Kyurem|3/100
|
|-heal|p2a: Kyurem|9/100|[from] item: Leftovers
|upkeep
|turn|6
|
|t:|1760789577
|move|p1a: Iron Treads|Iron Head|p2a: Kyurem
|-supereffective|p2a: Kyurem
|-end|p2a: Kyurem|Substitute
|move|p2a: Kyurem|Earth Power|p1a: Iron Treads
|-supereffective|p1a: Iron Treads
|-damage|p1a: Iron Treads|0 fnt
|faint|p1a: Iron Treads
|-end|p1a: Iron Treads|Quark Drive|[silent]
|
|-heal|p2a: Kyurem|15/100|[from] item: Leftovers
|upkeep
|
|t:|1760789583
|switch|p1a: Ninetales|Ninetales-Alola, F|100/100
|-weather|Snowscape|[from] ability: Snow Warning|[of] p1a: Ninetales
|turn|7
|
|t:|1760789588
|switch|p2a: Rillaboom|Rillaboom, M|11/100
|-fieldstart|move: Grassy Terrain|[from] ability: Grassy Surge|[of] p2a: Rillaboom
|move|p1a: Ninetales|Moonblast|p2a: Rillaboom
|-damage|p2a: Rillaboom|0 fnt
|faint|p2a: Rillaboom
|
|-weather|Snowscape|[upkeep]
|upkeep
|
|t:|1760789593
|switch|p2a: Cinderace|Cinderace, F|100/100
|turn|8
|
|t:|1760789601
|move|p2a: Cinderace|Pyro Ball|p1a: Ninetales
|-supereffective|p1a: Ninetales
|-damage|p1a: Ninetales|11/100
|move|p1a: Ninetales|Aurora Veil|p1a: Ninetales
|-sidestart|p1: caesar nivis|move: Aurora Veil
|
|-weather|Snowscape|[upkeep]
|-heal|p1a: Ninetales|17/100|[from] Grassy Terrain
|upkeep
|turn|9
|
|t:|1760789604
|switch|p1a: Ursaluna|Ursaluna, F|100/100
|move|p2a: Cinderace|Court Change|p2a: Cinderace
|-swapsideconditions
|-activate|p2a: Cinderace|move: Court Change
|
|-weather|Snowscape|[upkeep]
|-status|p1a: Ursaluna|brn|[from] item: Flame Orb
|upkeep
|turn|10
|
|t:|1760789609
|move|p2a: Cinderace|U-turn|p1a: Ursaluna
|-damage|p1a: Ursaluna|84/100 brn
|
|t:|1760789611
|switch|p2a: Enamorus|Enamorus, F|68/100|[from] U-turn
|move|p1a: Ursaluna|Facade|p2a: Enamorus
|-damage|p2a: Enamorus|0 fnt
|faint|p2a: Enamorus
|
|-weather|Snowscape|[upkeep]
|-heal|p1a: Ursaluna|90/100 brn|[from] Grassy Terrain
|-damage|p1a: Ursaluna|84/100 brn|[from] brn
|upkeep
|
|t:|1760789616
|switch|p2a: Kyurem|Kyurem|15/100
|-ability|p2a: Kyurem|Pressure
|turn|11
|
|t:|1760789620
|switch|p1a: Glastrier|Glastrier|100/100
|move|p2a: Kyurem|Protect||[still]
|-fail|p2a: Kyurem
|
|-weather|none
|-heal|p2a: Kyurem|21/100|[from] Grassy Terrain
|-heal|p2a: Kyurem|27/100|[from] item: Leftovers
|-fieldend|move: Grassy Terrain
|upkeep
|turn|12
|
|t:|1760789633
|switch|p2a: Slowking|Slowking-Galar, M, shiny|100/100
|move|p1a: Glastrier|Avalanche|p2a: Slowking
|-damage|p2a: Slowking|80/100
|
|upkeep
|turn|13
|
|t:|1760789642
|move|p1a: Glastrier|High Horsepower|p2a: Slowking
|-supereffective|p2a: Slowking
|-damage|p2a: Slowking|36/100
|move|p2a: Slowking|Future Sight|p1a: Glastrier
|-start|p2a: Slowking|move: Future Sight
|
|upkeep
|turn|14
|
|t:|1760789650
|switch|p2a: Great Tusk|Great Tusk|100/100
|move|p1a: Glastrier|High Horsepower|p2a: Great Tusk
|-damage|p2a: Great Tusk|89/100
|
|upkeep
|turn|15
|
|t:|1760789662
|move|p2a: Great Tusk|Knock Off|p1a: Glastrier
|-damage|p1a: Glastrier|80/100
|-enditem|p1a: Glastrier|Assault Vest|[from] move: Knock Off|[of] p2a: Great Tusk
|move|p1a: Glastrier|Avalanche|p2a: Great Tusk
|-supereffective|p2a: Great Tusk
|-damage|p2a: Great Tusk|45/100
|
|-end|p1a: Glastrier|move: Future Sight
|-damage|p1a: Glastrier|43/100
|-sideend|p2: Gulptubus|move: Aurora Veil
|upkeep
|turn|16
|
|t:|1760789668
|move|p2a: Great Tusk|Close Combat|p1a: Glastrier
|-supereffective|p1a: Glastrier
|-damage|p1a: Glastrier|0 fnt
|-unboost|p2a: Great Tusk|def|1
|-unboost|p2a: Great Tusk|spd|1
|faint|p1a: Glastrier
|
|upkeep
|
|t:|1760789670
|switch|p1a: Moltres|Moltres-Galar|81/100
|turn|17
|
|t:|1760789680
|move|p2a: Great Tusk|Knock Off|p1a: Moltres
|-resisted|p1a: Moltres
|-damage|p1a: Moltres|66/100
|-enditem|p1a: Moltres|Leftovers|[from] move: Knock Off|[of] p2a: Great Tusk
|move|p1a: Moltres|Agility|p1a: Moltres
|-boost|p1a: Moltres|spe|2
|
|upkeep
|turn|18
|
|t:|1760789686
|move|p1a: Moltres|Air Slash|p2a: Great Tusk
|-supereffective|p2a: Great Tusk
|-damage|p2a: Great Tusk|0 fnt
|faint|p2a: Great Tusk
|-end|p2a: Great Tusk|Protosynthesis|[silent]
|
|upkeep
|
|t:|1760789692
|switch|p2a: Cinderace|Cinderace, F|100/100
|turn|19
|
|t:|1760789696
|move|p1a: Moltres|Fiery Wrath|p2a: Cinderace
|-damage|p2a: Cinderace|44/100
|cant|p2a: Cinderace|flinch
|
|upkeep
|turn|20
|
|t:|1760789700
|move|p1a: Moltres|Fiery Wrath|p2a: Cinderace
|-damage|p2a: Cinderace|0 fnt
|faint|p2a: Cinderace
|
|upkeep
|
|t:|1760789702
|switch|p2a: Slowking|Slowking-Galar, M, shiny|70/100
|turn|21
|
|t:|1760789707
|-terastallize|p2a: Slowking|Water
|move|p1a: Moltres|Fiery Wrath|p2a: Slowking
|-crit|p2a: Slowking
|-damage|p2a: Slowking|32/100
|move|p2a: Slowking|Ice Beam|p1a: Moltres
|-supereffective|p1a: Moltres
|-damage|p1a: Moltres|26/100
|-ability|p1a: Moltres|Berserk|boost
|-boost|p1a: Moltres|spa|1
|
|upkeep
|turn|22
|-message|Gulptubus forfeited.
|
|win|caesar nivis
|raw|caesar nivis's rating: 1568 &rarr; <strong>1588</strong><br />(+20 for winning)
|raw|Gulptubus's rating: 1574 &rarr; <strong>1554</strong><br />(-20 for losing)
|l|☆Gulptubus
|player|p2|
|l|☆caesar nivis
|player|p1|
