|j|☆solcreciente
|j|☆Kalakengking
|t:|1760873227
|gametype|singles
|player|p1|solcreciente|gambler|1294
|player|p2|Kalakengking|gladion-stance|1285
|gen|9
|tier|[Gen 9] OU
|rated|
|rule|HP Percentage Mod: HP is shown in percentages
|rule|Endless Battle Clause: Forcing endless battles is banned
|rule|Species Clause: Limit one of each Pokémon
|rule|OHKO Clause: OHKO moves are banned
|rule|Evasion Items Clause: Evasion items are banned
|rule|Evasion Moves Clause: Evasion moves are banned
|rule|Evasion Abilities Clause: Evasion abilities are banned
|rule|Sleep Moves Clause: Sleep-inducing moves are banned
|clearpoke
|poke|p1|Slowking-Galar, M|
|poke|p1|Ting-Lu|
|poke|p1|Corviknight, F|
|poke|p1|Rotom-Wash|
|poke|p1|Cinderace, M|
|poke|p1|Iron Valiant|
|poke|p2|Ninetales, F|
|poke|p2|Typhlosion, F|
|poke|p2|Torkoal, M|
|poke|p2|Great Tusk|
|poke|p2|Walking Wake|
|poke|p2|Whimsicott, M|
|teampreview
|inactive|Battle timer is ON: inactive players will automatically lose when time's up. (requested by Kalakengking)
|
|t:|1760873251
|teamsize|p1|6
|teamsize|p2|6
|start
|switch|p1a: Slowking|Slowking-Galar, M|100/100
|switch|p2a: Ninetales|Ninetales, F|100/100
|-weather|SunnyDay|[from] ability: Drought|[of] p2a: Ninetales
|turn|1
|
|t:|1760873270
|move|p2a: Ninetales|Will-O-Wisp|p1a: Slowking
|-status|p1a: Slowking|brn
|move|p1a: Slowking|Thunder Wave|p2a: Ninetales
|-status|p2a: Ninetales|par
|
|-weather|SunnyDay|[upkeep]
|-damage|p1a: Slowking|94/100 brn|[from] brn
|upkeep
|turn|2
|
|t:|1760873277
|switch|p2a: Great Tusk|Great Tusk|100/100
|-activate|p2a: Great Tusk|ability: Protosynthesis
|-start|p2a: Great Tusk|protosynthesisspe
|-prepare|p1a: Slowking|Chilly Reception|[premajor]
|move|p1a: Slowking|Chilly Reception|p1a: Slowking
|-weather|Snowscape
|-end|p2a: Great Tusk|Protosynthesis
|c|☆solcreciente|!dt great tusk
|c| solcreciente|/raw <div class="message"><ul class="utilichart"><li class="result"><span class="col numcol">OU</span> <span class="col iconcol"><psicon pokemon="greattusk"/></span> <span class="col pokemonnamecol" style="white-space:nowrap"><a href="https://dex.pokemonshowdown.com/pokemon/greattusk" target="_blank">Great Tusk</a></span> <span class="col typecol"><img src="https://play.pokemonshowdown.com/sprites/types/Ground.png" alt="Ground" height="14" width="32"><img src="https://play.pokemonshowdown.com/sprites/types/Fighting.png" alt="Fighting" height="14" width="32"></span> <span style="float:left;min-height:26px"><span class="col abilitycol">Protosynthesis</span><span class="col abilitycol"></span></span><span style="float:left;min-height:26px"><span class="col statcol"><em>HP</em><br />115</span> <span class="col statcol"><em>Atk</em><br />131</span> <span class="col statcol"><em>Def</em><br />131</span> <span class="col statcol"><em>SpA</em><br />53</span> <span class="col statcol"><em>SpD</em><br />53</span> <span class="col statcol"><em>Spe</em><br />87</span> <span class="col bstcol"><em>BST<br />570</em></span> </span></li><li style="clear:both"></li></ul></div>
|c| solcreciente|/raw <font size="1"><font color="#686868">Dex#:</font> 984&nbsp;|&ThickSpace;<font color="#686868">Gen:</font> 9&nbsp;|&ThickSpace;<font color="#686868">Height:</font> 2.2 m&nbsp;|&ThickSpace;<font color="#686868">Weight:</font> 320 kg <em>(120 BP)</em>&nbsp;|&ThickSpace;<font color="#686868">Dex Colour:</font> Purple&nbsp;|&ThickSpace;<font color="#686868">Egg Group(s):</font> Undiscovered&nbsp;|&ThickSpace;<font color="#686868">Does Not Evolve</font></font>

|inactive|solcreciente has 120 seconds left.
|
|t:|1760873324
|switch|p1a: Iron Valiant|Iron Valiant|100/100|[from] Chilly Reception
|
|-weather|Snowscape|[upkeep]
|upkeep
|turn|3
|
|t:|1760873337
|-end|p2a: Great Tusk|Protosynthesis|[silent]
|switch|p2a: Torkoal|Torkoal, M|100/100
|-weather|SunnyDay|[from] ability: Drought|[of] p2a: Torkoal
|move|p1a: Iron Valiant|Moonblast|p2a: Torkoal
|-resisted|p2a: Torkoal
|-damage|p2a: Torkoal|52/100
|
|-weather|SunnyDay|[upkeep]
|upkeep
|turn|4
|inactive|solcreciente has 120 seconds left.
|
|t:|1760873360
|switch|p2a: Whimsicott|Whimsicott, M|100/100
|move|p1a: Iron Valiant|Moonblast|p2a: Whimsicott
|-damage|p2a: Whimsicott|0 fnt
|faint|p2a: Whimsicott
|
|-weather|SunnyDay|[upkeep]
|upkeep
|
|t:|1760873364
|switch|p2a: Typhlosion|Typhlosion, F|100/100
|turn|5
|c|☆solcreciente|!dt typhlosion
|c| solcreciente|/raw <div class="message"><ul class="utilichart"><li class="result"><span class="col numcol">ZU</span> <span class="col iconcol"><psicon pokemon="typhlosion"/></span> <span class="col pokemonnamecol" style="white-space:nowrap"><a href="https://dex.pokemonshowdown.com/pokemon/typhlosion" target="_blank">Typhlosion</a></span> <span class="col typecol"><img src="https://play.pokemonshowdown.com/sprites/types/Fire.png" alt="Fire" height="14" width="32"></span> <span style="float:left;min-height:26px"><span class="col abilitycol">Blaze</span><span class="col abilitycol"><em>Flash Fire</em></span></span><span style="float:left;min-height:26px"><span class="col statcol"><em>HP</em><br />78</span> <span class="col statcol"><em>Atk</em><br />84</span> <span class="col statcol"><em>Def</em><br />78</span> <span class="col statcol"><em>SpA</em><br />109</span> <span class="col statcol"><em>SpD</em><br />85</span> <span class="col statcol"><em>Spe</em><br />100</span> <span class="col bstcol"><em>BST<br />534</em></span> </span></li><li style="clear:both"></li></ul></div>
|c| solcreciente|/raw <font size="1"><font color="#686868">Dex#:</font> 157&nbsp;|&ThickSpace;<font color="#686868">Gen:</font> 2&nbsp;|&ThickSpace;<font color="#686868">Height:</font> 1.7 m&nbsp;|&ThickSpace;<font color="#686868">Weight:</font> 79.5 kg <em>(80 BP)</em>&nbsp;|&ThickSpace;<font color="#686868">Dex Colour:</font> Yellow&nbsp;|&ThickSpace;<font color="#686868">Egg Group(s):</font> Field&nbsp;|&ThickSpace;<font color="#686868">Pre-Evolution:</font> Quilava&nbsp;|&ThickSpace;<font color="#686868">Does Not Evolve</font></font>

|inactive|solcreciente has 90 seconds left.
|
|t:|1760873407
|-end|p1a: Iron Valiant|Quark Drive|[silent]
|switch|p1a: Ting-Lu|Ting-Lu|100/100
|-ability|p1a: Ting-Lu|Vessel of Ruin
|-terastallize|p2a: Typhlosion|Fire
|move|p2a: Typhlosion|Eruption|p1a: Ting-Lu
|-damage|p1a: Ting-Lu|42/100
|
|-weather|SunnyDay|[upkeep]
|-heal|p1a: Ting-Lu|48/100|[from] item: Leftovers
|upkeep
|turn|6
|
|t:|1760873432
|switch|p1a: Rotom|Rotom-Wash|100/100
|move|p2a: Typhlosion|Eruption|p1a: Rotom
|-resisted|p1a: Rotom
|-damage|p1a: Rotom|30/100
|
|-weather|SunnyDay|[upkeep]
|upkeep
|turn|7
|
|t:|1760873443
|move|p2a: Typhlosion|Eruption|p1a: Rotom
|-resisted|p1a: Rotom
|-damage|p1a: Rotom|0 fnt
|faint|p1a: Rotom
|
|-weather|SunnyDay|[upkeep]
|upkeep
|
|t:|1760873447
|switch|p1a: Cinderace|Cinderace, M|100/100
|turn|8
|
|t:|1760873459
|switch|p2a: Great Tusk|Great Tusk|100/100
|-activate|p2a: Great Tusk|ability: Protosynthesis
|-start|p2a: Great Tusk|protosynthesisspe
|-terastallize|p1a: Cinderace|Fire
|move|p1a: Cinderace|Pyro Ball|p2a: Great Tusk
|-crit|p2a: Great Tusk
|-damage|p2a: Great Tusk|0 fnt
|faint|p2a: Great Tusk
|-end|p2a: Great Tusk|Protosynthesis|[silent]
|
|-weather|SunnyDay|[upkeep]
|upkeep
|
|t:|1760873470
|switch|p2a: Typhlosion|Typhlosion, F, tera:Fire|100/100
|turn|9
|
|t:|1760873479
|move|p2a: Typhlosion|Eruption|p1a: Cinderace
|-resisted|p1a: Cinderace
|-damage|p1a: Cinderace|10/100
|move|p1a: Cinderace|Pyro Ball|p2a: Typhlosion
|-start|p2a: Typhlosion|ability: Flash Fire
|
|-weather|SunnyDay|[upkeep]
|upkeep
|turn|10
|inactive|solcreciente has 90 seconds left.
|
|t:|1760873494
|move|p2a: Typhlosion|Eruption|p1a: Cinderace
|-resisted|p1a: Cinderace
|-damage|p1a: Cinderace|0 fnt
|faint|p1a: Cinderace
|
|-weather|none
|upkeep
|
|t:|1760873512
|switch|p1a: Slowking|Slowking-Galar, M|100/100 brn
|turn|11
|
|t:|1760873517
|-end|p2a: Typhlosion|ability: Flash Fire|[silent]
|switch|p2a: Ninetales|Ninetales, F|100/100 par
|-weather|SunnyDay|[from] ability: Drought|[of] p2a: Ninetales
|move|p1a: Slowking|Sludge Bomb|p2a: Ninetales
|-damage|p2a: Ninetales|61/100 par
|
|-weather|SunnyDay|[upkeep]
|-damage|p1a: Slowking|94/100 brn|[from] brn
|upkeep
|turn|12
|inactive|solcreciente has 90 seconds left.
|
|t:|1760873526
|move|p2a: Ninetales|Solar Beam||[still]
|-prepare|p2a: Ninetales|Solar Beam
|-anim|p2a: Ninetales|Solar Beam|p1a: Slowking
|-resisted|p1a: Slowking
|-damage|p1a: Slowking|84/100 brn
|-prepare|p1a: Slowking|Chilly Reception|[premajor]
|move|p1a: Slowking|Chilly Reception|p1a: Slowking
|-weather|Snowscape
|inactive|solcreciente has 90 seconds left.
|
|t:|1760873534
|switch|p1a: Ting-Lu|Ting-Lu|48/100|[from] Chilly Reception
|-ability|p1a: Ting-Lu|Vessel of Ruin
|
|-weather|Snowscape|[upkeep]
|-heal|p1a: Ting-Lu|55/100|[from] item: Leftovers
|upkeep
|turn|13
|
|t:|1760873541
|move|p2a: Ninetales|Healing Wish|p2a: Ninetales
|faint|p2a: Ninetales
|move|p1a: Ting-Lu|Stealth Rock|p2: Ninetales
|-sidestart|p2: Kalakengking|move: Stealth Rock
|
|-weather|Snowscape|[upkeep]
|-heal|p1a: Ting-Lu|61/100|[from] item: Leftovers
|upkeep
|
|t:|1760873546
|switch|p2a: Torkoal|Torkoal, M|52/100
|-heal|p2a: Torkoal|100/100|[from] move: Healing Wish
|-damage|p2a: Torkoal|76/100|[from] Stealth Rock
|-weather|SunnyDay|[from] ability: Drought|[of] p2a: Torkoal
|turn|14
|
|t:|1760873555
|move|p1a: Ting-Lu|Earthquake|p2a: Torkoal
|-supereffective|p2a: Torkoal
|-damage|p2a: Torkoal|17/100
|move|p2a: Torkoal|Rapid Spin|p1a: Ting-Lu
|-damage|p1a: Ting-Lu|56/100
|-boost|p2a: Torkoal|spe|1
|-sideend|p2: Kalakengking|Stealth Rock|[from] move: Rapid Spin|[of] p2a: Torkoal
|
|-weather|SunnyDay|[upkeep]
|-heal|p1a: Ting-Lu|62/100|[from] item: Leftovers
|upkeep
|turn|15
|
|t:|1760873561
|switch|p2a: Walking Wake|Walking Wake|100/100
|-activate|p2a: Walking Wake|ability: Protosynthesis
|-start|p2a: Walking Wake|protosynthesisspa
|move|p1a: Ting-Lu|Stealth Rock|p2a: Walking Wake
|-sidestart|p2: Kalakengking|move: Stealth Rock
|
|-weather|SunnyDay|[upkeep]
|-heal|p1a: Ting-Lu|68/100|[from] item: Leftovers
|upkeep
|turn|16
|inactive|solcreciente has 120 seconds left.
|
|t:|1760873578
|move|p2a: Walking Wake|Hydro Steam|p1a: Ting-Lu
|-supereffective|p1a: Ting-Lu
|-damage|p1a: Ting-Lu|5/100
|move|p1a: Ting-Lu|Ruination|p2a: Walking Wake
|-damage|p2a: Walking Wake|51/100
|
|-weather|SunnyDay|[upkeep]
|-heal|p1a: Ting-Lu|11/100|[from] item: Leftovers
|upkeep
|turn|17
|
|t:|1760873595
|move|p2a: Walking Wake|Hydro Steam|p1a: Ting-Lu
|-supereffective|p1a: Ting-Lu
|-damage|p1a: Ting-Lu|0 fnt
|faint|p1a: Ting-Lu
|
|-weather|SunnyDay|[upkeep]
|upkeep
|inactive|solcreciente has 90 seconds left.
|
|t:|1760873617
|switch|p1a: Iron Valiant|Iron Valiant|100/100
|turn|18
|
|t:|1760873620
|move|p1a: Iron Valiant|Psyshock|p2a: Walking Wake
|-damage|p2a: Walking Wake|10/100
|move|p2a: Walking Wake|Weather Ball|p1a: Iron Valiant
|-damage|p1a: Iron Valiant|0 fnt
|faint|p1a: Iron Valiant
|-end|p1a: Iron Valiant|Quark Drive|[silent]
|
|-weather|SunnyDay|[upkeep]
|upkeep
|
|t:|1760873629
|switch|p1a: Slowking|Slowking-Galar, M|100/100 brn
|turn|19
|
|t:|1760873636
|move|p2a: Walking Wake|Dragon Pulse|p1a: Slowking
|-damage|p1a: Slowking|61/100 brn
|move|p1a: Slowking|Sludge Bomb|p2a: Walking Wake
|-damage|p2a: Walking Wake|0 fnt
|faint|p2a: Walking Wake
|-end|p2a: Walking Wake|Protosynthesis|[silent]
|
|-weather|SunnyDay|[upkeep]
|-damage|p1a: Slowking|55/100 brn|[from] brn
|upkeep
|
|t:|1760873641
|switch|p2a: Typhlosion|Typhlosion, F, tera:Fire|100/100
|-damage|p2a: Typhlosion|76/100|[from] Stealth Rock
|turn|20
|
|t:|1760873651
|switch|p1a: Corviknight|Corviknight, F|100/100
|-ability|p1a: Corviknight|Pressure
|move|p2a: Typhlosion|Scorching Sands|p1a: Corviknight
|-immune|p1a: Corviknight
|
|-weather|SunnyDay|[upkeep]
|upkeep
|turn|21
|c|☆solcreciente|gg
|
|t:|1760873672
|move|p2a: Typhlosion|Scorching Sands|p1a: Corviknight
|-immune|p1a: Corviknight
|move|p1a: Corviknight|Body Press|p2a: Typhlosion
|-damage|p2a: Typhlosion|38/100
|
|-weather|none
|upkeep
|turn|22
|
|t:|1760873677
|switch|p2a: Torkoal|Torkoal, M|17/100
|-damage|p2a: Torkoal|0 fnt|[from] Stealth Rock
|faint|p2a: Torkoal
|move|p1a: Corviknight|Body Press|p2: Torkoal|[notarget]
|-fail|p1a: Corviknight
|
|upkeep
|-message|Kalakengking forfeited.
|
|win|solcreciente
|raw|solcreciente's rating: 1294 &rarr; <strong>1318</strong><br />(+24 for winning)
|raw|Kalakengking's rating: 1285 &rarr; <strong>1261</strong><br />(-24 for losing)
|l|☆Kalakengking
|player|p2|
|l|☆solcreciente
|player|p1|
