|j|☆IsAeos
|j|☆ProboZap
|t:|1760765547
|gametype|singles
|player|p1|IsAeos|steven|1182
|player|p2|ProboZap|thorton|1152
|gen|9
|tier|[Gen 9] OU
|rated|
|rule|HP Percentage Mod: HP is shown in percentages
|rule|Endless Battle Clause: Forcing endless battles is banned
|rule|Species Clause: Limit one of each Pokémon
|rule|OHKO Clause: OHKO moves are banned
|rule|Evasion Items Clause: Evasion items are banned
|rule|Evasion Moves Clause: Evasion moves are banned
|rule|Evasion Abilities Clause: Evasion abilities are banned
|rule|Sleep Moves Clause: Sleep-inducing moves are banned
|clearpoke
|poke|p1|Cinccino, F|
|poke|p1|Ceruledge, M|
|poke|p1|Tsareena, F|
|poke|p1|Hawlucha, F|
|poke|p1|Espeon, M|
|poke|p1|Jirachi|
|poke|p2|Scovillain, F|
|poke|p2|Walking Wake|
|poke|p2|Empoleon, M|
|poke|p2|Torkoal, M|
|poke|p2|Hydreigon, M|
|poke|p2|Mamoswine, F|
|teampreview
|inactive|Battle timer is ON: inactive players will automatically lose when time's up. (requested by IsAeos)
|
|t:|1760765553
|teamsize|p1|6
|teamsize|p2|6
|start
|switch|p1a: Hawlucha|Hawlucha, F|100/100
|switch|p2a: Empoleon|Empoleon, M|100/100
|turn|1
|
|t:|1760765563
|move|p1a: Hawlucha|High Jump Kick|p2a: Empoleon
|-supereffective|p2a: Empoleon
|-enditem|p2a: Empoleon|Focus Sash
|-damage|p2a: Empoleon|1/100
|move|p2a: Empoleon|Ice Beam|p1a: Hawlucha
|-supereffective|p1a: Hawlucha
|-damage|p1a: Hawlucha|24/100
|
|upkeep
|turn|2
|
|t:|1760765578
|move|p1a: Hawlucha|Sky Attack||[still]
|-prepare|p1a: Hawlucha|Sky Attack
|-enditem|p1a: Hawlucha|Power Herb
|-anim|p1a: Hawlucha|Sky Attack|p2a: Empoleon
|-resisted|p2a: Empoleon
|-damage|p2a: Empoleon|0 fnt
|faint|p2a: Empoleon
|
|upkeep
|
|t:|1760765585
|switch|p2a: Torkoal|Torkoal, M|100/100
|-weather|SunnyDay|[from] ability: Drought|[of] p2a: Torkoal
|turn|3
|
|t:|1760765604
|move|p1a: Hawlucha|High Jump Kick|p2a: Torkoal
|-damage|p2a: Torkoal|63/100
|move|p2a: Torkoal|Lava Plume|p1a: Hawlucha
|-damage|p1a: Hawlucha|0 fnt
|faint|p1a: Hawlucha
|
|-weather|SunnyDay|[upkeep]
|upkeep
|
|t:|1760765621
|switch|p1a: Cinccino|Cinccino, F, shiny|100/100
|turn|4
|
|t:|1760765624
|move|p1a: Cinccino|Rock Blast|p2a: Torkoal
|-supereffective|p2a: Torkoal
|-damage|p2a: Torkoal|50/100
|-supereffective|p2a: Torkoal
|-crit|p2a: Torkoal
|-damage|p2a: Torkoal|31/100
|-supereffective|p2a: Torkoal
|-damage|p2a: Torkoal|16/100
|-supereffective|p2a: Torkoal
|-damage|p2a: Torkoal|2/100
|-hitcount|p2a: Torkoal|4
|move|p2a: Torkoal|Iron Defense|p2a: Torkoal
|-boost|p2a: Torkoal|def|2
|
|-weather|SunnyDay|[upkeep]
|upkeep
|turn|5
|
|t:|1760765636
|switch|p2a: Hydreigon|Hydreigon, M|100/100
|move|p1a: Cinccino|Tail Slap|p2a: Hydreigon
|-damage|p2a: Hydreigon|82/100
|-crit|p2a: Hydreigon
|-damage|p2a: Hydreigon|56/100
|-damage|p2a: Hydreigon|36/100
|-damage|p2a: Hydreigon|19/100
|-hitcount|p2a: Hydreigon|4
|
|-weather|SunnyDay|[upkeep]
|upkeep
|turn|6
|
|t:|1760765647
|move|p2a: Hydreigon|Dark Pulse|p1a: Cinccino
|-damage|p1a: Cinccino|31/100
|move|p1a: Cinccino|Triple Axel|p2a: Hydreigon|[miss]
|-miss|p1a: Cinccino|p2a: Hydreigon
|
|-weather|SunnyDay|[upkeep]
|upkeep
|turn|7
|
|t:|1760765653
|move|p2a: Hydreigon|Dark Pulse|p1a: Cinccino
|-damage|p1a: Cinccino|0 fnt
|faint|p1a: Cinccino
|
|-weather|SunnyDay|[upkeep]
|upkeep
|
|t:|1760765658
|switch|p1a: Jirachi|Jirachi|100/100
|turn|8
|
|t:|1760765664
|-terastallize|p1a: Jirachi|Fairy
|move|p2a: Hydreigon|Dark Pulse|p1a: Jirachi
|-resisted|p1a: Jirachi
|-damage|p1a: Jirachi|81/100
|move|p1a: Jirachi|Charge Beam|p2a: Hydreigon
|-resisted|p2a: Hydreigon
|-damage|p2a: Hydreigon|11/100
|-boost|p1a: Jirachi|spa|1
|
|-weather|SunnyDay|[upkeep]
|-heal|p1a: Jirachi|87/100|[from] item: Leftovers
|upkeep
|turn|9
|
|t:|1760765679
|switch|p2a: Scovillain|Scovillain, F|100/100
|move|p1a: Jirachi|Charge Beam|p2a: Scovillain|[miss]
|-miss|p1a: Jirachi|p2a: Scovillain
|
|-weather|SunnyDay|[upkeep]
|-heal|p1a: Jirachi|93/100|[from] item: Leftovers
|upkeep
|turn|10
|
|t:|1760765687
|move|p2a: Scovillain|Overheat|p1a: Jirachi
|-damage|p1a: Jirachi|0 fnt
|-unboost|p2a: Scovillain|spa|2
|faint|p1a: Jirachi
|-damage|p2a: Scovillain|91/100|[from] item: Life Orb
|
|-weather|none
|upkeep
|
|t:|1760765696
|switch|p1a: Espeon|Espeon, M|100/100
|turn|11
|
|t:|1760765702
|move|p1a: Espeon|Confuse Ray|p2a: Scovillain
|-start|p2a: Scovillain|confusion
|-activate|p2a: Scovillain|confusion
|move|p2a: Scovillain|Stomping Tantrum|p1a: Espeon
|-damage|p1a: Espeon|64/100
|-damage|p2a: Scovillain|81/100|[from] item: Life Orb
|
|-heal|p1a: Espeon|70/100|[from] item: Leftovers
|upkeep
|turn|12
|
|t:|1760765712
|switch|p2a: Torkoal|Torkoal, M|2/100
|-weather|SunnyDay|[from] ability: Drought|[of] p2a: Torkoal
|move|p1a: Espeon|Draining Kiss|p2a: Torkoal
|-resisted|p2a: Torkoal
|-damage|p2a: Torkoal|0 fnt
|-heal|p1a: Espeon|71/100|[from] drain|[of] p2a: Torkoal
|faint|p2a: Torkoal
|
|-weather|SunnyDay|[upkeep]
|-heal|p1a: Espeon|77/100|[from] item: Leftovers
|upkeep
|
|t:|1760765724
|switch|p2a: Scovillain|Scovillain, F|81/100
|turn|13
|
|t:|1760765734
|move|p2a: Scovillain|Solar Beam||[still]
|-prepare|p2a: Scovillain|Solar Beam
|-anim|p2a: Scovillain|Solar Beam|p1a: Espeon
|-damage|p1a: Espeon|0 fnt
|faint|p1a: Espeon
|-damage|p2a: Scovillain|71/100|[from] item: Life Orb
|
|-weather|SunnyDay|[upkeep]
|upkeep
|
|t:|1760765743
|switch|p1a: Ceruledge|Ceruledge, M|100/100
|turn|14
|
|t:|1760765749
|move|p2a: Scovillain|Solar Beam||[still]
|-prepare|p2a: Scovillain|Solar Beam
|-anim|p2a: Scovillain|Solar Beam|p1a: Ceruledge
|-resisted|p1a: Ceruledge
|-crit|p1a: Ceruledge
|-damage|p1a: Ceruledge|32/100
|-damage|p2a: Scovillain|61/100|[from] item: Life Orb
|move|p1a: Ceruledge|Bitter Blade|p2a: Scovillain
|-damage|p2a: Scovillain|0 fnt
|-heal|p1a: Ceruledge|60/100|[from] drain|[of] p2a: Scovillain
|faint|p2a: Scovillain
|
|-weather|SunnyDay|[upkeep]
|upkeep
|
|t:|1760765753
|switch|p2a: Hydreigon|Hydreigon, M|11/100
|turn|15
|
|t:|1760765766
|move|p2a: Hydreigon|Dark Pulse|p1a: Ceruledge
|-supereffective|p1a: Ceruledge
|-crit|p1a: Ceruledge
|-damage|p1a: Ceruledge|0 fnt
|faint|p1a: Ceruledge
|
|-weather|SunnyDay|[upkeep]
|upkeep
|
|t:|1760765770
|switch|p1a: Tsareena|Tsareena, F|100/100
|turn|16
|
|t:|1760765775
|move|p2a: Hydreigon|Dark Pulse|p1a: Tsareena
|-damage|p1a: Tsareena|72/100
|move|p1a: Tsareena|Low Kick|p2a: Hydreigon
|-supereffective|p2a: Hydreigon
|-damage|p2a: Hydreigon|0 fnt
|faint|p2a: Hydreigon
|
|-weather|SunnyDay|[upkeep]
|upkeep
|
|t:|1760765781
|switch|p2a: Mamoswine|Mamoswine, F|100/100
|turn|17
|
|t:|1760765785
|-terastallize|p2a: Mamoswine|Electric
|move|p2a: Mamoswine|Icicle Spear|p1a: Tsareena
|-supereffective|p1a: Tsareena
|-damage|p1a: Tsareena|44/100
|-supereffective|p1a: Tsareena
|-damage|p1a: Tsareena|20/100
|-supereffective|p1a: Tsareena
|-damage|p1a: Tsareena|0 fnt
|faint|p1a: Tsareena
|-hitcount|p1: Tsareena|3
|
|win|ProboZap
|raw|IsAeos's rating: 1182 &rarr; <strong>1155</strong><br />(-27 for losing)
|raw|ProboZap's rating: 1152 &rarr; <strong>1179</strong><br />(+27 for winning)
|l|☆ProboZap
|player|p2|
|l|☆IsAeos
|player|p1|
