|j|☆OP Earthquakes
|j|☆Prince_Soowon
|t:|1760723398
|gametype|singles
|player|p1|OP Earthquakes|giovanni-masters|1517
|player|p2|Prince_Soowon|maylene|1523
|gen|9
|tier|[Gen 9] OU
|rated|
|rule|HP Percentage Mod: HP is shown in percentages
|rule|Endless Battle Clause: Forcing endless battles is banned
|rule|Species Clause: Limit one of each Pokémon
|rule|OHKO Clause: OHKO moves are banned
|rule|Evasion Items Clause: Evasion items are banned
|rule|Evasion Moves Clause: Evasion moves are banned
|rule|Evasion Abilities Clause: Evasion abilities are banned
|rule|Sleep Moves Clause: Sleep-inducing moves are banned
|clearpoke
|poke|p1|Excadrill, M|
|poke|p1|Hawlucha, M|
|poke|p1|Kyurem|
|poke|p1|Tyranitar, M|
|poke|p1|Pawmot, F|
|poke|p1|Volcanion|
|poke|p2|Excadrill, F|
|poke|p2|Mamoswine, F|
|poke|p2|Scizor, M|
|poke|p2|Keldeo|
|poke|p2|Slowking-Galar, M|
|poke|p2|Dragonite, F|
|teampreview
|inactive|Battle timer is ON: inactive players will automatically lose when time's up. (requested by OP Earthquakes)
|c|☆OP Earthquakes|YOOOO
|c|☆OP Earthquakes|GLHF!
|
|t:|1760723416
|teamsize|p1|6
|teamsize|p2|6
|start
|switch|p1a: Volcanion|Volcanion|100/100
|switch|p2a: Keldeo|Keldeo|100/100
|turn|1
|c|☆Prince_Soowon|Ty ty
|c|☆Prince_Soowon|u2
|
|t:|1760723425
|-terastallize|p1a: Volcanion|Fairy
|move|p1a: Volcanion|Tera Blast|p2a: Keldeo|[anim] Tera Blast Fairy
|-supereffective|p2a: Keldeo
|-damage|p2a: Keldeo|0 fnt
|faint|p2a: Keldeo
|
|upkeep
|
|t:|1760723432
|switch|p2a: Scizor|Scizor, M|100/100
|turn|2
|
|t:|1760723440
|switch|p1a: Itachi|Hawlucha, M, shiny|100/100
|-ability|p1a: Itachi|Mold Breaker
|move|p2a: Scizor|Bullet Punch|p1a: Itachi
|-damage|p1a: Itachi|26/100
|-enditem|p1a: Itachi|Red Card|[of] p2a: Scizor
|drag|p2a: Slowking|Slowking-Galar, M|100/100
|
|upkeep
|turn|3
|
|t:|1760723457
|switch|p1a: Shukaku|Tyranitar, M, shiny|100/100
|-weather|Sandstorm|[from] ability: Sand Stream|[of] p1a: Shukaku
|-prepare|p2a: Slowking|Chilly Reception|[premajor]
|move|p2a: Slowking|Chilly Reception|p2a: Slowking
|-weather|Snowscape
|
|t:|1760723461
|switch|p2a: Scizor|Scizor, M|100/100|[from] Chilly Reception
|
|-weather|Snowscape|[upkeep]
|upkeep
|turn|4
|
|t:|1760723467
|switch|p1a: Volcanion|Volcanion, tera:Fairy|100/100
|move|p2a: Scizor|U-turn|p1a: Volcanion
|-resisted|p1a: Volcanion
|-damage|p1a: Volcanion|72/100
|
|t:|1760723481
|switch|p2a: Excadrill|Excadrill, F|100/100|[from] U-turn
|-ability|p2a: Excadrill|Mold Breaker
|
|-weather|Snowscape|[upkeep]
|upkeep
|turn|5
|
|t:|1760723487
|move|p1a: Volcanion|Flamethrower|p2a: Excadrill
|-supereffective|p2a: Excadrill
|-enditem|p2a: Excadrill|Focus Sash
|-damage|p2a: Excadrill|1/100
|-status|p2a: Excadrill|brn
|move|p2a: Excadrill|Stealth Rock|p1a: Volcanion
|-sidestart|p1: OP Earthquakes|move: Stealth Rock
|
|-weather|Snowscape|[upkeep]
|-damage|p2a: Excadrill|0 fnt|[from] brn
|faint|p2a: Excadrill
|upkeep
|
|t:|1760723493
|switch|p2a: Scizor|Scizor, M|100/100
|turn|6
|inactive|OP Earthquakes has 120 seconds left.
|c|☆OP Earthquakes|THINK
|inactive|OP Earthquakes has 90 seconds left.
|c|☆Prince_Soowon|Brain blast
|c|☆OP Earthquakes|LOL
|inactive|OP Earthquakes has 60 seconds left.
|
|t:|1760723590
|move|p2a: Scizor|Bullet Punch|p1a: Volcanion
|-supereffective|p1a: Volcanion
|-damage|p1a: Volcanion|0 fnt
|faint|p1a: Volcanion
|
|-weather|Snowscape|[upkeep]
|upkeep
|
|t:|1760723594
|switch|p1a: Porunga|Pawmot, F|100/100
|-damage|p1a: Porunga|95/100|[from] Stealth Rock
|turn|7
|
|t:|1760723614
|move|p2a: Scizor|Bullet Punch|p1a: Porunga
|-resisted|p1a: Porunga
|-damage|p1a: Porunga|61/100
|move|p1a: Porunga|Revival Blessing|p1a: Porunga
|
|t:|1760723618
|-heal|p1: Volcanion|50/100|[from] move: Revival Blessing
|
|-weather|none
|upkeep
|turn|8
|
|t:|1760723622
|move|p2a: Scizor|Bullet Punch|p1a: Porunga
|-resisted|p1a: Porunga
|-damage|p1a: Porunga|24/100
|move|p1a: Porunga|Rest|p1a: Porunga
|-status|p1a: Porunga|slp|[from] move: Rest
|-heal|p1a: Porunga|100/100 slp|[silent]
|
|upkeep
|turn|9
|
|t:|1760723627
|switch|p1a: Volcanion|Volcanion|50/100
|-damage|p1a: Volcanion|26/100|[from] Stealth Rock
|switch|p2a: Mamoswine|Mamoswine, F|100/100
|
|upkeep
|turn|10
|
|t:|1760723637
|switch|p2a: Slowking|Slowking-Galar, M|100/100
|move|p1a: Volcanion|Flamethrower|p2a: Slowking
|-damage|p2a: Slowking|60/100
|
|upkeep
|turn|11
|
|t:|1760723645
|switch|p1a: OP|Excadrill, M|100/100
|-damage|p1a: OP|97/100|[from] Stealth Rock
|-prepare|p2a: Slowking|Chilly Reception|[premajor]
|move|p2a: Slowking|Chilly Reception|p2a: Slowking
|-weather|Snowscape
|
|t:|1760723656
|switch|p2a: Dragonite|Dragonite, F|100/100|[from] Chilly Reception
|
|-weather|Snowscape|[upkeep]
|upkeep
|turn|12
|
|t:|1760723659
|switch|p1a: Shukaku|Tyranitar, M, shiny|100/100
|-damage|p1a: Shukaku|88/100|[from] Stealth Rock
|-weather|Sandstorm|[from] ability: Sand Stream|[of] p1a: Shukaku
|move|p2a: Dragonite|Dragon Dance|p2a: Dragonite
|-boost|p2a: Dragonite|atk|1
|-boost|p2a: Dragonite|spe|1
|
|-weather|Sandstorm|[upkeep]
|-damage|p2a: Dragonite|94/100|[from] Sandstorm
|upkeep
|turn|13
|inactive|OP Earthquakes has 120 seconds left.
|
|t:|1760723672
|move|p2a: Dragonite|Earthquake|p1a: Shukaku
|-supereffective|p1a: Shukaku
|-damage|p1a: Shukaku|11/100
|move|p1a: Shukaku|Thunder Wave|p2a: Dragonite
|-status|p2a: Dragonite|par
|
|-weather|Sandstorm|[upkeep]
|-damage|p2a: Dragonite|88/100 par|[from] Sandstorm
|upkeep
|turn|14
|inactive|OP Earthquakes has 120 seconds left.
|c|☆OP Earthquakes|PREDICTING
|c|☆OP Earthquakes|STEEL
|inactive|Prince_Soowon has 120 seconds left.
|c|☆OP Earthquakes|TERA
|c|☆OP Earthquakes|BEST CHOICE
|
|t:|1760723707
|cant|p2a: Dragonite|par
|move|p1a: Shukaku|Ice Beam|p2a: Dragonite
|-supereffective|p2a: Dragonite
|-damage|p2a: Dragonite|0 fnt
|faint|p2a: Dragonite
|
|-weather|Sandstorm|[upkeep]
|upkeep
|
|t:|1760723711
|switch|p2a: Mamoswine|Mamoswine, F|100/100
|turn|15
|c|☆Prince_Soowon|Heemheem
|inactive|OP Earthquakes has 120 seconds left.
|j| RedemptiveSketch
|
|t:|1760723735
|move|p2a: Mamoswine|Ice Shard|p1a: Shukaku
|-damage|p1a: Shukaku|0 fnt
|faint|p1a: Shukaku
|-damage|p2a: Mamoswine|91/100|[from] item: Life Orb
|
|-weather|Sandstorm|[upkeep]
|upkeep
|
|t:|1760723757
|switch|p1a: Frieza|Kyurem, shiny|100/100
|-damage|p1a: Frieza|76/100|[from] Stealth Rock
|-ability|p1a: Frieza|Pressure
|turn|16
|j| riyuezi
|
|t:|1760723781
|move|p1a: Frieza|Freeze-Dry|p2a: Mamoswine
|-damage|p2a: Mamoswine|36/100
|move|p2a: Mamoswine|Earthquake|p1a: Frieza
|-damage|p1a: Frieza|8/100
|-damage|p2a: Mamoswine|26/100|[from] item: Life Orb
|
|-weather|Sandstorm|[upkeep]
|-damage|p1a: Frieza|2/100|[from] Sandstorm
|upkeep
|turn|17
|l| riyuezi
|
|t:|1760723805
|move|p2a: Mamoswine|Ice Shard|p1a: Frieza
|-damage|p1a: Frieza|0 fnt
|faint|p1a: Frieza
|-damage|p2a: Mamoswine|16/100|[from] item: Life Orb
|
|-weather|Sandstorm|[upkeep]
|upkeep
|
|t:|1760723807
|switch|p1a: OP|Excadrill, M|97/100
|-damage|p1a: OP|94/100|[from] Stealth Rock
|turn|18
|
|t:|1760723822
|move|p2a: Mamoswine|Ice Shard|p1a: OP
|-damage|p1a: OP|53/100
|-damage|p2a: Mamoswine|6/100|[from] item: Life Orb
|move|p1a: OP|Earthquake|p2a: Mamoswine
|-damage|p2a: Mamoswine|0 fnt
|faint|p2a: Mamoswine
|
|-weather|Sandstorm|[upkeep]
|upkeep
|
|t:|1760723825
|switch|p2a: Scizor|Scizor, M|100/100
|turn|19
|
|t:|1760723836
|-terastallize|p2a: Scizor|Steel
|move|p2a: Scizor|Bullet Punch|p1a: OP
|-resisted|p1a: OP
|-damage|p1a: OP|7/100
|move|p1a: OP|Earthquake|p2a: Scizor
|-supereffective|p2a: Scizor
|-damage|p2a: Scizor|0 fnt
|faint|p2a: Scizor
|
|-weather|none
|upkeep
|c|☆Prince_Soowon|I’m a fool and disrracted
|c|☆OP Earthquakes|GG
|c|☆Prince_Soowon|powerful earthquakes indeed
|
|t:|1760723854
|switch|p2a: Slowking|Slowking-Galar, M|93/100
|turn|20
|-message|Prince_Soowon forfeited.
|
|win|OP Earthquakes
|raw|OP Earthquakes's rating: 1517 &rarr; <strong>1537</strong><br />(+20 for winning)
|raw|Prince_Soowon's rating: 1523 &rarr; <strong>1503</strong><br />(-20 for losing)
|l|☆Prince_Soowon
|player|p2|
|l| RedemptiveSketch
