|j|☆sancorv1
|j|☆gock glocker
|t:|1760846336
|gametype|singles
|player|p1|sancorv1|pokemonranger-gen4|1472
|player|p2|gock glocker|101|1560
|gen|9
|tier|[Gen 9] OU
|rated|
|rule|HP Percentage Mod: HP is shown in percentages
|rule|Endless Battle Clause: Forcing endless battles is banned
|rule|Species Clause: Limit one of each Pokémon
|rule|OHKO Clause: OHKO moves are banned
|rule|Evasion Items Clause: Evasion items are banned
|rule|Evasion Moves Clause: Evasion moves are banned
|rule|Evasion Abilities Clause: Evasion abilities are banned
|rule|Sleep Moves Clause: Sleep-inducing moves are banned
|clearpoke
|poke|p1|Zamazenta-*|
|poke|p1|Ogerpon-Wellspring, F|
|poke|p1|Slowking-Galar, F|
|poke|p1|Great Tusk|
|poke|p1|Kingambit, M|
|poke|p1|Zapdos|
|poke|p2|Pecharunt|
|poke|p2|Garganacl, F|
|poke|p2|Hatterene, F|
|poke|p2|Iron Treads|
|poke|p2|Samurott-Hisui, F|
|poke|p2|Dragonite, F|
|teampreview
|inactive|Battle timer is ON: inactive players will automatically lose when time's up. (requested by gock glocker)
|
|t:|1760846355
|teamsize|p1|6
|teamsize|p2|6
|start
|switch|p1a: Ogerpon|Ogerpon-Wellspring, F|100/100
|switch|p2a: Iron Treads|Iron Treads|100/100
|turn|1
|
|t:|1760846360
|-end|p2a: Iron Treads|Quark Drive|[silent]
|switch|p2a: Hatterene|Hatterene, F|100/100
|move|p1a: Ogerpon|Ivy Cudgel|p2a: Hatterene|[anim] Ivy Cudgel Water
|-damage|p2a: Hatterene|52/100
|
|upkeep
|turn|2
|
|t:|1760846366
|move|p1a: Ogerpon|Power Whip|p2a: Hatterene
|-damage|p2a: Hatterene|0 fnt
|-damage|p1a: Ogerpon|84/100|[from] item: Rocky Helmet|[of] p2a: Hatterene
|faint|p2a: Hatterene
|
|upkeep
|
|t:|1760846374
|switch|p2a: Dragonite|Dragonite, F|100/100
|turn|3
|
|t:|1760846381
|move|p1a: Ogerpon|Knock Off|p2a: Dragonite
|-damage|p2a: Dragonite|79/100
|-enditem|p2a: Dragonite|Loaded Dice|[from] move: Knock Off|[of] p1a: Ogerpon
|move|p2a: Dragonite|Dragon Dance|p2a: Dragonite
|-boost|p2a: Dragonite|atk|1
|-boost|p2a: Dragonite|spe|1
|
|upkeep
|turn|4
|
|t:|1760846385
|switch|p1a: Zapdos|Zapdos|100/100
|move|p2a: Dragonite|Dragon Dance|p2a: Dragonite
|-boost|p2a: Dragonite|atk|1
|-boost|p2a: Dragonite|spe|1
|
|upkeep
|turn|5
|
|t:|1760846388
|move|p2a: Dragonite|Scale Shot|p1a: Zapdos|[miss]
|-miss|p2a: Dragonite|p1a: Zapdos
|move|p1a: Zapdos|Thunder Wave|p2a: Dragonite
|-status|p2a: Dragonite|par
|
|upkeep
|turn|6
|
|t:|1760846394
|move|p2a: Dragonite|Scale Shot|p1a: Zapdos
|-damage|p1a: Zapdos|80/100
|-damage|p1a: Zapdos|60/100
|-hitcount|p1a: Zapdos|2
|-unboost|p2a: Dragonite|def|1
|-boost|p2a: Dragonite|spe|1
|move|p1a: Zapdos|Volt Switch|p2a: Dragonite
|-damage|p2a: Dragonite|48/100 par
|
|t:|1760846400
|switch|p1a: Zamazenta|Zamazenta|100/100|[from] Volt Switch
|-ability|p1a: Zamazenta|Dauntless Shield|boost
|-boost|p1a: Zamazenta|def|1
|
|upkeep
|turn|7
|
|t:|1760846406
|move|p1a: Zamazenta|Ice Fang|p2a: Dragonite|[miss]
|-miss|p1a: Zamazenta|p2a: Dragonite
|move|p2a: Dragonite|Scale Shot|p1a: Zamazenta|[miss]
|-miss|p2a: Dragonite|p1a: Zamazenta
|
|upkeep
|turn|8
|
|t:|1760846411
|switch|p2a: Pecharunt|Pecharunt|100/100
|move|p1a: Zamazenta|Ice Fang|p2a: Pecharunt
|-damage|p2a: Pecharunt|88/100
|
|upkeep
|turn|9
|
|t:|1760846434
|switch|p1a: Kingambit|Kingambit, M|100/100
|move|p2a: Pecharunt|Malignant Chain|p1a: Kingambit
|-immune|p1a: Kingambit
|
|upkeep
|turn|10
|
|t:|1760846441
|switch|p2a: Iron Treads|Iron Treads|100/100
|move|p1a: Kingambit|Swords Dance|p1a: Kingambit
|-boost|p1a: Kingambit|atk|2
|
|upkeep
|turn|11
|
|t:|1760846447
|move|p2a: Iron Treads|Earthquake|p1a: Kingambit
|-supereffective|p1a: Kingambit
|-damage|p1a: Kingambit|40/100
|move|p1a: Kingambit|Low Kick|p2a: Iron Treads
|-supereffective|p2a: Iron Treads
|-damage|p2a: Iron Treads|0 fnt
|faint|p2a: Iron Treads
|-end|p2a: Iron Treads|Quark Drive|[silent]
|
|-heal|p1a: Kingambit|46/100|[from] item: Leftovers
|upkeep
|-message|gock glocker forfeited.
|
|win|sancorv1
|raw|sancorv1's rating: 1472 &rarr; <strong>1497</strong><br />(+25 for winning)
|raw|gock glocker's rating: 1560 &rarr; <strong>1535</strong><br />(-25 for losing)
|l|☆gock glocker
|player|p2|
