|j|☆sdor16
|j|☆AllHailLechuguita
|t:|1760798973
|gametype|singles
|player|p1|sdor16|2|1460
|player|p2|AllHailLechuguita|169|1501
|gen|9
|tier|[Gen 9] OU
|rated|
|rule|HP Percentage Mod: HP is shown in percentages
|rule|Endless Battle Clause: Forcing endless battles is banned
|rule|Species Clause: Limit one of each Pokémon
|rule|OHKO Clause: OHKO moves are banned
|rule|Evasion Items Clause: Evasion items are banned
|rule|Evasion Moves Clause: Evasion moves are banned
|rule|Evasion Abilities Clause: Evasion abilities are banned
|rule|Sleep Moves Clause: Sleep-inducing moves are banned
|clearpoke
|poke|p1|Pelipper, M|
|poke|p1|Greninja-*, M|
|poke|p1|Toxicroak, F|
|poke|p1|Iron Treads|
|poke|p1|Barraskewda, F|
|poke|p1|Thundurus-Therian, M|
|poke|p2|Ogerpon-Wellspring, F|
|poke|p2|Ribombee, F|
|poke|p2|Great Tusk|
|poke|p2|Kingambit, M|
|poke|p2|Skeledirge, F|
|poke|p2|Gholdengo|
|teampreview
|
|t:|1760798992
|teamsize|p1|6
|teamsize|p2|6
|start
|switch|p1a: Barraskewda|Barraskewda, F|100/100
|switch|p2a: Ribombee|Ribombee, F, shiny|100/100
|turn|1
|
|t:|1760798996
|move|p2a: Ribombee|Stun Spore|p1a: Barraskewda
|-status|p1a: Barraskewda|par
|move|p1a: Barraskewda|Flip Turn|p2a: Ribombee
|-enditem|p2a: Ribombee|Focus Sash
|-damage|p2a: Ribombee|1/100
|
|t:|1760799001
|switch|p1a: Greninja|Greninja, M|100/100|[from] Flip Turn
|
|upkeep
|turn|2
|
|t:|1760799004
|switch|p2a: Ogerpon|Ogerpon-Wellspring, F|100/100
|move|p1a: Greninja|Water Shuriken|p2a: Ogerpon
|-immune|p2a: Ogerpon|[from] ability: Water Absorb
|
|upkeep
|turn|3
|
|t:|1760799007
|switch|p1a: Thundurus|Thundurus-Therian, M|100/100
|move|p2a: Ogerpon|Encore||[still]
|-fail|p2a: Ogerpon
|
|upkeep
|turn|4
|
|t:|1760799016
|switch|p2a: Great Tusk|Great Tusk, shiny|100/100
|-enditem|p2a: Great Tusk|Booster Energy
|-activate|p2a: Great Tusk|ability: Protosynthesis|[fromitem]
|-start|p2a: Great Tusk|protosynthesisatk
|move|p1a: Thundurus|Focus Blast|p2a: Great Tusk
|-damage|p2a: Great Tusk|27/100
|
|upkeep
|turn|5
|
|t:|1760799019
|move|p1a: Thundurus|Focus Blast|p2a: Great Tusk|[miss]
|-miss|p1a: Thundurus|p2a: Great Tusk
|move|p2a: Great Tusk|Ice Spinner|p1a: Thundurus
|-supereffective|p1a: Thundurus
|-damage|p1a: Thundurus|0 fnt
|faint|p1a: Thundurus
|
|upkeep
|
|t:|1760799025
|switch|p1a: Greninja|Greninja, M|100/100
|turn|6
|
|t:|1760799028
|-end|p2a: Great Tusk|Protosynthesis|[silent]
|switch|p2a: Ogerpon|Ogerpon-Wellspring, F|100/100
|move|p1a: Greninja|Dark Pulse|p2a: Ogerpon
|-damage|p2a: Ogerpon|56/100
|
|upkeep
|turn|7
|
|t:|1760799034
|switch|p1a: Toxicroak|Toxicroak, F|100/100
|move|p2a: Ogerpon|Horn Leech|p1a: Toxicroak
|-resisted|p1a: Toxicroak
|-crit|p1a: Toxicroak
|-damage|p1a: Toxicroak|70/100
|-heal|p2a: Ogerpon|74/100|[from] drain|[of] p1a: Toxicroak
|-damage|p2a: Ogerpon|58/100|[from] item: Rocky Helmet|[of] p1a: Toxicroak
|
|upkeep
|turn|8
|
|t:|1760799040
|switch|p2a: Great Tusk|Great Tusk, shiny|27/100
|move|p1a: Toxicroak|Drain Punch|p2a: Great Tusk
|-damage|p2a: Great Tusk|7/100
|-heal|p1a: Toxicroak|81/100|[from] drain|[of] p2a: Great Tusk
|
|upkeep
|turn|9
|
|t:|1760799045
|switch|p1a: Pelipper|Pelipper, M|100/100
|-weather|RainDance|[from] ability: Drizzle|[of] p1a: Pelipper
|move|p2a: Great Tusk|Headlong Rush|p1a: Pelipper
|-immune|p1a: Pelipper
|
|-weather|RainDance|[upkeep]
|upkeep
|turn|10
|
|t:|1760799056
|move|p2a: Great Tusk|Ice Spinner|p1a: Pelipper
|-damage|p1a: Pelipper|72/100
|move|p1a: Pelipper|U-turn|p2a: Great Tusk
|-resisted|p2a: Great Tusk
|-damage|p2a: Great Tusk|4/100
|
|t:|1760799059
|switch|p1a: Greninja|Greninja, M|100/100|[from] U-turn
|
|-weather|RainDance|[upkeep]
|upkeep
|turn|11
|
|t:|1760799064
|-end|p2a: Great Tusk|Protosynthesis|[silent]
|switch|p2a: Kingambit|Kingambit, M, shiny|100/100
|move|p1a: Greninja|Dark Pulse|p2a: Kingambit
|-resisted|p2a: Kingambit
|-damage|p2a: Kingambit|81/100
|
|-weather|RainDance|[upkeep]
|upkeep
|turn|12
|
|t:|1760799070
|move|p1a: Greninja|Surf|p2a: Kingambit
|-damage|p2a: Kingambit|8/100
|move|p2a: Kingambit|Swords Dance|p2a: Kingambit
|-boost|p2a: Kingambit|atk|2
|
|-weather|RainDance|[upkeep]
|upkeep
|turn|13
|
|t:|1760799074
|-end|p2a: Kingambit|fallenundefined|[silent]
|switch|p2a: Ogerpon|Ogerpon-Wellspring, F|58/100
|move|p1a: Greninja|Water Shuriken|p2a: Ogerpon
|-heal|p2a: Ogerpon|83/100|[from] ability: Water Absorb|[of] p1a: Greninja
|
|-weather|RainDance|[upkeep]
|upkeep
|turn|14
|
|t:|1760799078
|switch|p1a: Toxicroak|Toxicroak, F|81/100
|move|p2a: Ogerpon|Swords Dance|p2a: Ogerpon
|-boost|p2a: Ogerpon|atk|2
|
|-weather|RainDance|[upkeep]
|-heal|p1a: Toxicroak|93/100|[from] ability: Dry Skin
|upkeep
|turn|15
|
|t:|1760799090
|switch|p2a: Skeledirge|Skeledirge, F|100/100
|move|p1a: Toxicroak|Drain Punch|p2a: Skeledirge
|-immune|p2a: Skeledirge
|
|-weather|RainDance|[upkeep]
|-heal|p1a: Toxicroak|100/100|[from] ability: Dry Skin
|upkeep
|turn|16
|
|t:|1760799093
|move|p1a: Toxicroak|Toxic|p2a: Skeledirge
|-status|p2a: Skeledirge|tox
|move|p2a: Skeledirge|Will-O-Wisp|p1a: Toxicroak
|-status|p1a: Toxicroak|brn
|
|-weather|none
|-damage|p2a: Skeledirge|94/100 tox|[from] psn
|-damage|p1a: Toxicroak|94/100 brn|[from] brn
|upkeep
|turn|17
|
|t:|1760799102
|switch|p1a: Greninja|Greninja, M|100/100
|move|p2a: Skeledirge|Torch Song|p1a: Greninja
|-resisted|p1a: Greninja
|-damage|p1a: Greninja|77/100
|-boost|p2a: Skeledirge|spa|1
|
|-damage|p2a: Skeledirge|82/100 tox|[from] psn
|upkeep
|turn|18
|
|t:|1760799107
|switch|p2a: Ogerpon|Ogerpon-Wellspring, F|83/100
|move|p1a: Greninja|Dark Pulse|p2a: Ogerpon
|-damage|p2a: Ogerpon|36/100
|
|upkeep
|turn|19
|
|t:|1760799112
|switch|p2a: Kingambit|Kingambit, M, shiny|8/100
|switch|p1a: Toxicroak|Toxicroak, F|94/100 brn
|
|-damage|p1a: Toxicroak|88/100 brn|[from] brn
|upkeep
|turn|20
|
|t:|1760799119
|move|p1a: Toxicroak|Drain Punch|p2a: Kingambit
|-supereffective|p2a: Kingambit
|-damage|p2a: Kingambit|0 fnt
|-heal|p1a: Toxicroak|92/100 brn|[from] drain|[of] p2a: Kingambit
|faint|p2a: Kingambit
|-end|p2a: Kingambit|fallenundefined|[silent]
|
|-damage|p1a: Toxicroak|86/100 brn|[from] brn
|upkeep
|
|t:|1760799121
|switch|p2a: Ribombee|Ribombee, F, shiny|1/100
|turn|21
|
|t:|1760799124
|switch|p1a: Iron Treads|Iron Treads|100/100
|-enditem|p1a: Iron Treads|Booster Energy
|-activate|p1a: Iron Treads|ability: Quark Drive|[fromitem]
|-start|p1a: Iron Treads|quarkdrivespe
|move|p2a: Ribombee|Sticky Web|p1a: Iron Treads
|-sidestart|p1: sdor16|move: Sticky Web
|
|upkeep
|turn|22
|
|t:|1760799127
|switch|p2a: Gholdengo|Gholdengo|100/100
|-item|p2a: Gholdengo|Air Balloon
|move|p1a: Iron Treads|Earth Power|p2a: Gholdengo
|-immune|p2a: Gholdengo
|
|upkeep
|turn|23
|
|t:|1760799133
|move|p1a: Iron Treads|Stealth Rock|p2a: Gholdengo
|-sidestart|p2: AllHailLechuguita|move: Stealth Rock
|move|p2a: Gholdengo|Focus Blast|p1a: Iron Treads|[miss]
|-miss|p2a: Gholdengo|p1a: Iron Treads
|
|upkeep
|turn|24
|
|t:|1760799138
|move|p1a: Iron Treads|Volt Switch|p2a: Gholdengo
|-damage|p2a: Gholdengo|80/100
|-enditem|p2a: Gholdengo|Air Balloon
|
|t:|1760799141
|-end|p1a: Iron Treads|Quark Drive|[silent]
|switch|p1a: Barraskewda|Barraskewda, F|100/100 par|[from] Volt Switch
|-activate|p1a: Barraskewda|move: Sticky Web
|-unboost|p1a: Barraskewda|spe|1
|move|p2a: Gholdengo|Focus Blast|p1a: Barraskewda
|-damage|p1a: Barraskewda|12/100 par
|-unboost|p1a: Barraskewda|spd|1
|
|upkeep
|turn|25
|
|t:|1760799147
|move|p1a: Barraskewda|Aqua Jet|p2a: Gholdengo
|-damage|p2a: Gholdengo|41/100
|move|p2a: Gholdengo|Hex|p1a: Barraskewda
|-damage|p1a: Barraskewda|0 fnt
|faint|p1a: Barraskewda
|
|upkeep
|
|t:|1760799157
|switch|p1a: Pelipper|Pelipper, M|72/100
|-weather|RainDance|[from] ability: Drizzle|[of] p1a: Pelipper
|turn|26
|
|t:|1760799159
|move|p2a: Gholdengo|Thunder Wave|p1a: Pelipper
|-status|p1a: Pelipper|par
|move|p1a: Pelipper|U-turn|p2a: Gholdengo
|-resisted|p2a: Gholdengo
|-damage|p2a: Gholdengo|39/100
|
|t:|1760799162
|switch|p1a: Greninja|Greninja, M|77/100|[from] U-turn
|-activate|p1a: Greninja|move: Sticky Web
|-unboost|p1a: Greninja|spe|1
|
|-weather|RainDance|[upkeep]
|upkeep
|turn|27
|
|t:|1760799169
|switch|p2a: Ribombee|Ribombee, F, shiny|1/100
|-damage|p2a: Ribombee|0 fnt|[from] Stealth Rock
|faint|p2a: Ribombee
|move|p1a: Greninja|Dark Pulse|p2: Ribombee|[notarget]
|-fail|p1a: Greninja
|
|-weather|RainDance|[upkeep]
|upkeep
|
|t:|1760799175
|switch|p2a: Ogerpon|Ogerpon-Wellspring, F|36/100
|-damage|p2a: Ogerpon|23/100|[from] Stealth Rock
|turn|28
|
|t:|1760799180
|switch|p1a: Toxicroak|Toxicroak, F|86/100 brn
|-activate|p1a: Toxicroak|move: Sticky Web
|-unboost|p1a: Toxicroak|spe|1
|move|p2a: Ogerpon|Horn Leech|p1a: Toxicroak
|-resisted|p1a: Toxicroak
|-damage|p1a: Toxicroak|65/100 brn
|-heal|p2a: Ogerpon|36/100|[from] drain|[of] p1a: Toxicroak
|-damage|p2a: Ogerpon|19/100|[from] item: Rocky Helmet|[of] p1a: Toxicroak
|
|-weather|RainDance|[upkeep]
|-heal|p1a: Toxicroak|78/100 brn|[from] ability: Dry Skin
|-damage|p1a: Toxicroak|72/100 brn|[from] brn
|upkeep
|turn|29
|
|t:|1760799188
|switch|p2a: Great Tusk|Great Tusk, shiny|4/100
|-damage|p2a: Great Tusk|1/100|[from] Stealth Rock
|switch|p1a: Iron Treads|Iron Treads|100/100
|-activate|p1a: Iron Treads|move: Sticky Web
|-unboost|p1a: Iron Treads|spe|1
|
|-weather|RainDance|[upkeep]
|upkeep
|turn|30
|
|t:|1760799195
|-terastallize|p1a: Iron Treads|Water
|move|p2a: Great Tusk|Close Combat|p1a: Iron Treads
|-damage|p1a: Iron Treads|47/100
|-unboost|p2a: Great Tusk|def|1
|-unboost|p2a: Great Tusk|spd|1
|move|p1a: Iron Treads|Rapid Spin|p2a: Great Tusk
|-damage|p2a: Great Tusk|0 fnt
|-boost|p1a: Iron Treads|spe|1
|-sideend|p1: sdor16|Sticky Web|[from] move: Rapid Spin|[of] p1a: Iron Treads
|faint|p2a: Great Tusk
|-end|p2a: Great Tusk|Protosynthesis|[silent]
|
|-weather|RainDance|[upkeep]
|upkeep
|
|t:|1760799200
|switch|p2a: Ogerpon|Ogerpon-Wellspring, F|19/100
|-damage|p2a: Ogerpon|7/100|[from] Stealth Rock
|turn|31
|
|t:|1760799203
|-end|p1a: Iron Treads|Quark Drive|[silent]
|switch|p1a: Toxicroak|Toxicroak, F|72/100 brn
|move|p2a: Ogerpon|Horn Leech|p1a: Toxicroak
|-resisted|p1a: Toxicroak
|-damage|p1a: Toxicroak|52/100 brn
|-heal|p2a: Ogerpon|19/100|[from] drain|[of] p1a: Toxicroak
|-damage|p2a: Ogerpon|2/100|[from] item: Rocky Helmet|[of] p1a: Toxicroak
|
|-weather|RainDance|[upkeep]
|-heal|p1a: Toxicroak|65/100 brn|[from] ability: Dry Skin
|-damage|p1a: Toxicroak|59/100 brn|[from] brn
|upkeep
|turn|32
|
|t:|1760799208
|move|p1a: Toxicroak|Sucker Punch|p2a: Ogerpon
|-damage|p2a: Ogerpon|0 fnt
|faint|p2a: Ogerpon
|
|-weather|RainDance|[upkeep]
|-heal|p1a: Toxicroak|71/100 brn|[from] ability: Dry Skin
|-damage|p1a: Toxicroak|65/100 brn|[from] brn
|upkeep
|
|t:|1760799211
|switch|p2a: Skeledirge|Skeledirge, F|82/100 tox
|turn|33
|
|t:|1760799222
|switch|p1a: Iron Treads|Iron Treads, tera:Water|47/100
|move|p2a: Skeledirge|Torch Song|p1a: Iron Treads
|-resisted|p1a: Iron Treads
|-damage|p1a: Iron Treads|38/100
|-boost|p2a: Skeledirge|spa|1
|
|-weather|none
|-damage|p2a: Skeledirge|76/100 tox|[from] psn
|upkeep
|turn|34
|
|t:|1760799227
|move|p1a: Iron Treads|Earth Power|p2a: Skeledirge
|-supereffective|p2a: Skeledirge
|-damage|p2a: Skeledirge|24/100 tox
|-unboost|p2a: Skeledirge|spd|1
|move|p2a: Skeledirge|Will-O-Wisp|p1a: Iron Treads|[miss]
|-miss|p2a: Skeledirge|p1a: Iron Treads
|
|-damage|p2a: Skeledirge|11/100 tox|[from] psn
|upkeep
|turn|35
|-message|AllHailLechuguita forfeited.
|
|win|sdor16
|raw|sdor16's rating: 1460 &rarr; <strong>1482</strong><br />(+22 for winning)
|raw|AllHailLechuguita's rating: 1501 &rarr; <strong>1479</strong><br />(-22 for losing)
|l|☆AllHailLechuguita
|player|p2|
|l|☆sdor16
|player|p1|
