|j|☆sargentcharge
|j|☆essqmy
|t:|1760863537
|gametype|singles
|player|p1|sargentcharge|pilot|1129
|player|p2|essqmy|102|1177
|gen|9
|tier|[Gen 9] OU
|rated|
|rule|HP Percentage Mod: HP is shown in percentages
|rule|Endless Battle Clause: Forcing endless battles is banned
|rule|Species Clause: Limit one of each Pokémon
|rule|OHKO Clause: OHKO moves are banned
|rule|Evasion Items Clause: Evasion items are banned
|rule|Evasion Moves Clause: Evasion moves are banned
|rule|Evasion Abilities Clause: Evasion abilities are banned
|rule|Sleep Moves Clause: Sleep-inducing moves are banned
|clearpoke
|poke|p1|Avalugg-Hisui, M|
|poke|p1|Landorus-Therian, M|
|poke|p1|Ceruledge, F|
|poke|p1|Iron Valiant|
|poke|p1|Gengar, F|
|poke|p1|Iron Moth|
|poke|p2|Skeledirge, F|
|poke|p2|Ogerpon-Wellspring, F|
|poke|p2|Dragapult, M|
|poke|p2|Corviknight, M|
|poke|p2|Weezing-Galar, M|
|poke|p2|Ting-Lu|
|teampreview
|
|t:|1760863557
|teamsize|p1|6
|teamsize|p2|6
|start
|switch|p1a: Landorus|Landorus-Therian, M|100/100
|switch|p2a: Ogerpon|Ogerpon-Wellspring, F|100/100
|-ability|p1a: Landorus|Intimidate|boost
|-unboost|p2a: Ogerpon|atk|1
|turn|1
|
|t:|1760863568
|move|p1a: Landorus|U-turn|p2a: Ogerpon
|-supereffective|p2a: Ogerpon
|-damage|p2a: Ogerpon|42/100
|
|t:|1760863572
|switch|p1a: Avalugg|Avalugg-Hisui, M|100/100|[from] U-turn
|move|p2a: Ogerpon|Knock Off|p1a: Avalugg
|-damage|p1a: Avalugg|88/100
|-enditem|p1a: Avalugg|Leftovers|[from] move: Knock Off|[of] p2a: Ogerpon
|
|upkeep
|turn|2
|
|t:|1760863596
|move|p2a: Ogerpon|Ivy Cudgel|p1a: Avalugg|[anim] Ivy Cudgel Water
|-supereffective|p1a: Avalugg
|-damage|p1a: Avalugg|52/100
|move|p1a: Avalugg|Curse|p1a: Avalugg
|-unboost|p1a: Avalugg|spe|1
|-boost|p1a: Avalugg|atk|1
|-boost|p1a: Avalugg|def|1
|
|upkeep
|turn|3
|
|t:|1760863605
|move|p2a: Ogerpon|Ivy Cudgel|p1a: Avalugg|[anim] Ivy Cudgel Water
|-supereffective|p1a: Avalugg
|-damage|p1a: Avalugg|24/100
|move|p1a: Avalugg|Curse|p1a: Avalugg
|-unboost|p1a: Avalugg|spe|1
|-boost|p1a: Avalugg|atk|1
|-boost|p1a: Avalugg|def|1
|
|upkeep
|turn|4
|
|t:|1760863614
|move|p2a: Ogerpon|Ivy Cudgel|p1a: Avalugg|[anim] Ivy Cudgel Water
|-supereffective|p1a: Avalugg
|-damage|p1a: Avalugg|6/100
|move|p1a: Avalugg|Recover|p1a: Avalugg
|-heal|p1a: Avalugg|56/100
|
|upkeep
|turn|5
|
|t:|1760863628
|move|p2a: Ogerpon|Spikes|p1a: Avalugg
|-sidestart|p1: sargentcharge|Spikes
|move|p1a: Avalugg|Recover|p1a: Avalugg
|-heal|p1a: Avalugg|100/100
|
|upkeep
|turn|6
|
|t:|1760863639
|move|p2a: Ogerpon|Spikes|p1a: Avalugg
|-sidestart|p1: sargentcharge|Spikes
|move|p1a: Avalugg|Crunch|p2a: Ogerpon
|-damage|p2a: Ogerpon|0 fnt
|faint|p2a: Ogerpon
|
|upkeep
|
|t:|1760863648
|switch|p2a: Skeledirge|Skeledirge, F|100/100
|turn|7
|
|t:|1760863662
|-terastallize|p2a: Skeledirge|Dark
|move|p2a: Skeledirge|Earth Power|p1a: Avalugg
|-supereffective|p1a: Avalugg
|-damage|p1a: Avalugg|6/100
|move|p1a: Avalugg|Crunch|p2a: Skeledirge
|-resisted|p2a: Skeledirge
|-crit|p2a: Skeledirge
|-damage|p2a: Skeledirge|75/100
|
|upkeep
|turn|8
|
|t:|1760863672
|move|p2a: Skeledirge|Torch Song|p1a: Avalugg
|-damage|p1a: Avalugg|0 fnt
|-boost|p2a: Skeledirge|spa|1
|faint|p1a: Avalugg
|
|upkeep
|
|t:|1760863680
|switch|p1a: Landorus|Landorus-Therian, M|100/100
|-ability|p1a: Landorus|Intimidate|boost
|-unboost|p2a: Skeledirge|atk|1
|turn|9
|
|t:|1760863685
|switch|p2a: Corviknight|Corviknight, M|100/100
|move|p1a: Landorus|U-turn|p2a: Corviknight
|-resisted|p2a: Corviknight
|-damage|p2a: Corviknight|96/100
|-damage|p1a: Landorus|84/100|[from] item: Rocky Helmet|[of] p2a: Corviknight
|
|t:|1760863694
|switch|p1a: Iron Valiant|Iron Valiant|100/100|[from] U-turn
|-damage|p1a: Iron Valiant|84/100|[from] Spikes
|-enditem|p1a: Iron Valiant|Booster Energy
|-activate|p1a: Iron Valiant|ability: Quark Drive|[fromitem]
|-start|p1a: Iron Valiant|quarkdrivespa
|
|upkeep
|turn|10
|
|t:|1760863702
|move|p1a: Iron Valiant|Thunderbolt|p2a: Corviknight
|-supereffective|p2a: Corviknight
|-damage|p2a: Corviknight|15/100
|move|p2a: Corviknight|U-turn|p1a: Iron Valiant
|-resisted|p1a: Iron Valiant
|-damage|p1a: Iron Valiant|80/100
|
|t:|1760863726
|switch|p2a: Weezing|Weezing-Galar, M|100/100|[from] U-turn
|-ability|p2a: Weezing|Neutralizing Gas
|
|upkeep
|turn|11
|
|t:|1760863746
|move|p1a: Iron Valiant|Moonblast|p2a: Weezing
|-resisted|p2a: Weezing
|-damage|p2a: Weezing|65/100
|move|p2a: Weezing|Pain Split|p1a: Iron Valiant
|-sethp|p1a: Iron Valiant|77/100|[from] move: Pain Split|[silent]
|-sethp|p2a: Weezing|67/100|[from] move: Pain Split
|
|upkeep
|turn|12
|
|t:|1760863755
|move|p1a: Iron Valiant|Thunder Wave|p2a: Weezing
|-status|p2a: Weezing|par
|move|p2a: Weezing|Will-O-Wisp|p1a: Iron Valiant
|-status|p1a: Iron Valiant|brn
|
|-damage|p1a: Iron Valiant|71/100 brn|[from] brn
|upkeep
|turn|13
|
|t:|1760863766
|move|p1a: Iron Valiant|Thunderbolt|p2a: Weezing
|-damage|p2a: Weezing|19/100 par
|move|p2a: Weezing|Pain Split|p1a: Iron Valiant
|-sethp|p1a: Iron Valiant|46/100 brn|[from] move: Pain Split|[silent]
|-sethp|p2a: Weezing|40/100 par|[from] move: Pain Split
|
|-damage|p1a: Iron Valiant|40/100 brn|[from] brn
|upkeep
|turn|14
|
|t:|1760863775
|move|p1a: Iron Valiant|Thunderbolt|p2a: Weezing
|-damage|p2a: Weezing|0 fnt
|faint|p2a: Weezing
|-end|p2a: Weezing|ability: Neutralizing Gas
|
|-damage|p1a: Iron Valiant|34/100 brn|[from] brn
|upkeep
|
|t:|1760863781
|switch|p2a: Dragapult|Dragapult, M|100/100
|turn|15
|
|t:|1760863787
|move|p2a: Dragapult|Hex|p1a: Iron Valiant
|-damage|p1a: Iron Valiant|0 fnt
|faint|p1a: Iron Valiant
|-end|p1a: Iron Valiant|Quark Drive|[silent]
|
|upkeep
|
|t:|1760863806
|switch|p1a: Landorus|Landorus-Therian, M|84/100
|-ability|p1a: Landorus|Intimidate|boost
|-fail|p2a: Dragapult|unboost|[from] ability: Clear Body|[of] p2a: Dragapult
|turn|16
|
|t:|1760863814
|move|p2a: Dragapult|Hex|p1a: Landorus
|-damage|p1a: Landorus|33/100
|move|p1a: Landorus|Outrage|p2a: Dragapult
|-supereffective|p2a: Dragapult
|-damage|p2a: Dragapult|0 fnt
|faint|p2a: Dragapult
|
|upkeep
|
|t:|1760863833
|switch|p2a: Ting-Lu|Ting-Lu|100/100
|-ability|p2a: Ting-Lu|Vessel of Ruin
|turn|17
|
|t:|1760863842
|move|p1a: Landorus|Outrage|p2a: Ting-Lu|[from] lockedmove
|-damage|p2a: Ting-Lu|74/100
|move|p2a: Ting-Lu|Stealth Rock|p1a: Landorus
|-sidestart|p1: sargentcharge|move: Stealth Rock
|
|-heal|p2a: Ting-Lu|80/100|[from] item: Leftovers
|upkeep
|turn|18
|
|t:|1760863849
|move|p1a: Landorus|Outrage|p2a: Ting-Lu|[from] lockedmove
|-damage|p2a: Ting-Lu|54/100
|-start|p1a: Landorus|confusion|[fatigue]
|move|p2a: Ting-Lu|Throat Chop|p1a: Landorus
|-damage|p1a: Landorus|0 fnt
|faint|p1a: Landorus
|
|-heal|p2a: Ting-Lu|60/100|[from] item: Leftovers
|upkeep
|
|t:|1760863864
|switch|p1a: Iron Moth|Iron Moth|100/100
|-damage|p1a: Iron Moth|84/100|[from] Spikes
|-damage|p1a: Iron Moth|59/100|[from] Stealth Rock
|turn|19
|
|t:|1760863871
|move|p1a: Iron Moth|Energy Ball|p2a: Ting-Lu
|-supereffective|p2a: Ting-Lu
|-damage|p2a: Ting-Lu|12/100
|move|p2a: Ting-Lu|Earthquake|p1a: Iron Moth
|-supereffective|p1a: Iron Moth
|-crit|p1a: Iron Moth
|-damage|p1a: Iron Moth|0 fnt
|faint|p1a: Iron Moth
|-end|p1a: Iron Moth|Quark Drive|[silent]
|
|-heal|p2a: Ting-Lu|18/100|[from] item: Leftovers
|upkeep
|
|t:|1760863884
|switch|p1a: Ceruledge|Ceruledge, F|100/100
|-damage|p1a: Ceruledge|84/100|[from] Spikes
|-damage|p1a: Ceruledge|59/100|[from] Stealth Rock
|turn|20
|
|t:|1760863890
|move|p1a: Ceruledge|Bitter Blade|p2a: Ting-Lu
|-damage|p2a: Ting-Lu|0 fnt
|-heal|p1a: Ceruledge|75/100|[from] drain|[of] p2a: Ting-Lu
|faint|p2a: Ting-Lu
|
|upkeep
|
|t:|1760863896
|switch|p2a: Skeledirge|Skeledirge, F, tera:Dark|75/100
|turn|21
|
|t:|1760863903
|-terastallize|p1a: Ceruledge|Fire
|move|p1a: Ceruledge|Bitter Blade|p2a: Skeledirge
|-damage|p2a: Skeledirge|25/100
|-heal|p1a: Ceruledge|100/100|[from] drain|[of] p2a: Skeledirge
|move|p2a: Skeledirge|Slack Off|p2a: Skeledirge
|-heal|p2a: Skeledirge|75/100
|
|upkeep
|turn|22
|
|t:|1760863914
|move|p1a: Ceruledge|Bitter Blade|p2a: Skeledirge
|-damage|p2a: Skeledirge|25/100
|move|p2a: Skeledirge|Earth Power|p1a: Ceruledge
|-supereffective|p1a: Ceruledge
|-damage|p1a: Ceruledge|48/100
|
|upkeep
|turn|23
|-message|essqmy forfeited.
|
|win|sargentcharge
|raw|sargentcharge's rating: 1129 &rarr; <strong>1157</strong><br />(+28 for winning)
|raw|essqmy's rating: 1177 &rarr; <strong>1149</strong><br />(-28 for losing)
|l|☆essqmy
|player|p2|
|l|☆sargentcharge
|player|p1|
