|j|☆lean4khan
|j|☆MalachiteOW
|t:|1760743441
|gametype|singles
|player|p1|lean4khan|biker-gen4|1300
|player|p2|MalachiteOW|miku-ghost|1327
|gen|9
|tier|[Gen 9] OU
|rated|
|rule|HP Percentage Mod: HP is shown in percentages
|rule|Endless Battle Clause: Forcing endless battles is banned
|rule|Species Clause: Limit one of each Pokémon
|rule|OHKO Clause: OHKO moves are banned
|rule|Evasion Items Clause: Evasion items are banned
|rule|Evasion Moves Clause: Evasion moves are banned
|rule|Evasion Abilities Clause: Evasion abilities are banned
|rule|Sleep Moves Clause: Sleep-inducing moves are banned
|clearpoke
|poke|p1|Typhlosion, F|
|poke|p1|Ninetales, M|
|poke|p1|Walking Wake|
|poke|p1|Slither Wing|
|poke|p1|Ogerpon-Wellspring, F|
|poke|p1|Great Tusk|
|poke|p2|Frosmoth, F|
|poke|p2|Alomomola, M|
|poke|p2|Dragapult, M|
|poke|p2|Slowking-Galar, F|
|poke|p2|Zapdos|
|poke|p2|Great Tusk|
|teampreview
|inactive|Battle timer is ON: inactive players will automatically lose when time's up. (requested by MalachiteOW)
|
|t:|1760743450
|teamsize|p1|6
|teamsize|p2|6
|start
|switch|p1a: Ogerpon|Ogerpon-Wellspring, F|100/100
|switch|p2a: Dragapult|Dragapult, M|100/100
|turn|1
|
|t:|1760743455
|move|p2a: Dragapult|U-turn|p1a: Ogerpon
|-supereffective|p1a: Ogerpon
|-damage|p1a: Ogerpon|54/100
|
|t:|1760743458
|switch|p2a: Zapdos|Zapdos|100/100|[from] U-turn
|move|p1a: Ogerpon|Spikes|p2a: Zapdos
|-sidestart|p2: MalachiteOW|Spikes
|
|upkeep
|turn|2
|
|t:|1760743475
|move|p1a: Ogerpon|Ivy Cudgel|p2a: Zapdos|[anim] Ivy Cudgel Water
|-crit|p2a: Zapdos
|-damage|p2a: Zapdos|33/100
|move|p2a: Zapdos|Thunder Wave|p1a: Ogerpon
|-status|p1a: Ogerpon|par
|
|upkeep
|turn|3
|
|t:|1760743480
|move|p2a: Zapdos|Roost|p2a: Zapdos
|-heal|p2a: Zapdos|83/100
|-singleturn|p2a: Zapdos|move: Roost
|move|p1a: Ogerpon|Ivy Cudgel|p2a: Zapdos|[anim] Ivy Cudgel Water
|-damage|p2a: Zapdos|41/100
|
|upkeep
|turn|4
|
|t:|1760743489
|move|p2a: Zapdos|Hurricane|p1a: Ogerpon
|-supereffective|p1a: Ogerpon
|-damage|p1a: Ogerpon|0 fnt
|faint|p1a: Ogerpon
|
|upkeep
|
|t:|1760743498
|switch|p1a: Walking Wake|Walking Wake|100/100
|turn|5
|
|t:|1760743503
|switch|p2a: Slowking|Slowking-Galar, F|100/100
|move|p1a: Walking Wake|Draco Meteor|p2a: Slowking
|-damage|p2a: Slowking|46/100
|-unboost|p1a: Walking Wake|spa|2
|
|upkeep
|turn|6
|
|t:|1760743507
|-end|p1a: Walking Wake|Protosynthesis|[silent]
|switch|p1a: Ninetales|Ninetales, M|100/100
|-weather|SunnyDay|[from] ability: Drought|[of] p1a: Ninetales
|move|p2a: Slowking|Future Sight|p1a: Ninetales
|-start|p2a: Slowking|move: Future Sight
|
|-weather|SunnyDay|[upkeep]
|upkeep
|turn|7
|
|t:|1760743514
|move|p1a: Ninetales|Will-O-Wisp|p2a: Slowking
|-status|p2a: Slowking|brn
|-prepare|p2a: Slowking|Chilly Reception|[premajor]
|move|p2a: Slowking|Chilly Reception|p2a: Slowking
|-weather|Snowscape
|
|t:|1760743544
|switch|p2a: Frosmoth|Frosmoth, F|100/100|[from] Chilly Reception
|-damage|p2a: Frosmoth|88/100|[from] Spikes
|
|-weather|Snowscape|[upkeep]
|-heal|p2a: Frosmoth|94/100|[from] item: Leftovers
|upkeep
|turn|8
|
|t:|1760743547
|-terastallize|p2a: Frosmoth|Electric
|move|p1a: Ninetales|Flamethrower|p2a: Frosmoth
|-damage|p2a: Frosmoth|84/100
|move|p2a: Frosmoth|Substitute|p2a: Frosmoth
|-start|p2a: Frosmoth|Substitute
|-damage|p2a: Frosmoth|59/100
|
|-weather|Snowscape|[upkeep]
|-end|p1a: Ninetales|move: Future Sight
|-damage|p1a: Ninetales|71/100
|-heal|p2a: Frosmoth|65/100|[from] item: Leftovers
|upkeep
|turn|9
|
|t:|1760743553
|move|p1a: Ninetales|Encore|p2a: Frosmoth
|-start|p2a: Frosmoth|Encore
|move|p2a: Frosmoth|Substitute|p2a: Frosmoth
|-fail|p2a: Frosmoth|move: Substitute
|
|-weather|Snowscape|[upkeep]
|-heal|p2a: Frosmoth|71/100|[from] item: Leftovers
|upkeep
|turn|10
|
|t:|1760743569
|switch|p1a: Great Tusk|Great Tusk|100/100
|move|p2a: Frosmoth|Substitute|p2a: Frosmoth
|-fail|p2a: Frosmoth|move: Substitute
|
|-weather|Snowscape|[upkeep]
|-heal|p2a: Frosmoth|77/100|[from] item: Leftovers
|upkeep
|turn|11
|
|t:|1760743578
|switch|p2a: Zapdos|Zapdos|41/100
|move|p1a: Great Tusk|Ice Spinner|p2a: Zapdos
|-supereffective|p2a: Zapdos
|-damage|p2a: Zapdos|0 fnt
|faint|p2a: Zapdos
|
|-weather|none
|upkeep
|
|t:|1760743584
|switch|p2a: Alomomola|Alomomola, M|100/100
|turn|12
|
|t:|1760743590
|-end|p1a: Great Tusk|Protosynthesis|[silent]
|switch|p1a: Ninetales|Ninetales, M|71/100
|-weather|SunnyDay|[from] ability: Drought|[of] p1a: Ninetales
|move|p2a: Alomomola|Flip Turn|p1a: Ninetales
|-supereffective|p1a: Ninetales
|-damage|p1a: Ninetales|52/100
|
|t:|1760743597
|switch|p2a: Dragapult|Dragapult, M|100/100|[from] Flip Turn
|-damage|p2a: Dragapult|88/100|[from] Spikes
|
|-weather|SunnyDay|[upkeep]
|upkeep
|turn|13
|
|t:|1760743616
|switch|p1a: Slither Wing|Slither Wing|100/100
|-activate|p1a: Slither Wing|ability: Protosynthesis
|-start|p1a: Slither Wing|protosynthesisatk
|move|p2a: Dragapult|Draco Meteor|p1a: Slither Wing
|-damage|p1a: Slither Wing|4/100
|-unboost|p2a: Dragapult|spa|2
|
|-weather|SunnyDay|[upkeep]
|upkeep
|turn|14
|
|t:|1760743629
|switch|p2a: Great Tusk|Great Tusk|100/100
|-activate|p2a: Great Tusk|ability: Protosynthesis
|-start|p2a: Great Tusk|protosynthesisatk
|move|p1a: Slither Wing|First Impression|p2a: Great Tusk
|-resisted|p2a: Great Tusk
|-damage|p2a: Great Tusk|76/100
|
|-weather|SunnyDay|[upkeep]
|upkeep
|turn|15
|
|t:|1760743636
|move|p2a: Great Tusk|Rapid Spin|p1a: Slither Wing
|-damage|p1a: Slither Wing|0 fnt
|-boost|p2a: Great Tusk|spe|1
|-sideend|p2: MalachiteOW|Spikes|[from] move: Rapid Spin|[of] p2a: Great Tusk
|faint|p1a: Slither Wing
|-end|p1a: Slither Wing|Protosynthesis|[silent]
|
|-weather|SunnyDay|[upkeep]
|upkeep
|
|t:|1760743641
|switch|p1a: Walking Wake|Walking Wake|100/100
|-activate|p1a: Walking Wake|ability: Protosynthesis
|-start|p1a: Walking Wake|protosynthesisspe
|turn|16
|
|t:|1760743647
|-end|p2a: Great Tusk|Protosynthesis|[silent]
|switch|p2a: Slowking|Slowking-Galar, F|80/100 brn
|move|p1a: Walking Wake|Hydro Steam|p2a: Slowking
|-damage|p2a: Slowking|25/100 brn
|
|-weather|SunnyDay|[upkeep]
|-damage|p2a: Slowking|19/100 brn|[from] brn
|upkeep
|turn|17
|
|t:|1760743653
|switch|p2a: Alomomola|Alomomola, M|100/100
|move|p1a: Walking Wake|Hydro Steam|p2a: Alomomola
|-resisted|p2a: Alomomola
|-damage|p2a: Alomomola|59/100
|
|-weather|SunnyDay|[upkeep]
|upkeep
|turn|18
|
|t:|1760743656
|move|p1a: Walking Wake|Hydro Steam|p2a: Alomomola
|-resisted|p2a: Alomomola
|-damage|p2a: Alomomola|20/100
|move|p2a: Alomomola|Flip Turn|p1a: Walking Wake
|-resisted|p1a: Walking Wake
|-damage|p1a: Walking Wake|98/100
|
|t:|1760743658
|switch|p2a: Frosmoth|Frosmoth, F, tera:Electric|77/100|[from] Flip Turn
|
|-weather|SunnyDay|[upkeep]
|-heal|p2a: Frosmoth|84/100|[from] item: Leftovers
|upkeep
|turn|19
|
|t:|1760743661
|move|p1a: Walking Wake|Hydro Steam|p2a: Frosmoth
|-damage|p2a: Frosmoth|48/100
|move|p2a: Frosmoth|Quiver Dance|p2a: Frosmoth
|-boost|p2a: Frosmoth|spa|1
|-boost|p2a: Frosmoth|spd|1
|-boost|p2a: Frosmoth|spe|1
|
|-weather|none
|-end|p1a: Walking Wake|Protosynthesis
|-heal|p2a: Frosmoth|55/100|[from] item: Leftovers
|upkeep
|turn|20
|
|t:|1760743671
|-end|p1a: Walking Wake|Protosynthesis|[silent]
|switch|p1a: Great Tusk|Great Tusk|100/100
|move|p2a: Frosmoth|Quiver Dance|p2a: Frosmoth
|-boost|p2a: Frosmoth|spa|1
|-boost|p2a: Frosmoth|spd|1
|-boost|p2a: Frosmoth|spe|1
|
|-heal|p2a: Frosmoth|61/100|[from] item: Leftovers
|upkeep
|turn|21
|
|t:|1760743677
|-terastallize|p1a: Great Tusk|Fairy
|move|p2a: Frosmoth|Ice Beam|p1a: Great Tusk
|-damage|p1a: Great Tusk|0 fnt
|faint|p1a: Great Tusk
|-end|p1a: Great Tusk|Protosynthesis|[silent]
|
|-heal|p2a: Frosmoth|67/100|[from] item: Leftovers
|upkeep
|-message|lean4khan forfeited.
|
|win|MalachiteOW
|raw|lean4khan's rating: 1300 &rarr; <strong>1277</strong><br />(-23 for losing)
|raw|MalachiteOW's rating: 1327 &rarr; <strong>1345</strong><br />(+18 for winning)
|l|☆lean4khan
|player|p1|
