|j|☆bidofest
|j|☆cr aries
|t:|1760869410
|gametype|singles
|player|p1|bidofest|265|1685
|player|p2|cr aries|266|1656
|gen|9
|tier|[Gen 9] OU
|rated|
|rule|HP Percentage Mod: HP is shown in percentages
|rule|Endless Battle Clause: Forcing endless battles is banned
|rule|Species Clause: Limit one of each Pokémon
|rule|OHKO Clause: OHKO moves are banned
|rule|Evasion Items Clause: Evasion items are banned
|rule|Evasion Moves Clause: Evasion moves are banned
|rule|Evasion Abilities Clause: Evasion abilities are banned
|rule|Sleep Moves Clause: Sleep-inducing moves are banned
|clearpoke
|poke|p1|Kingambit, F|
|poke|p1|Cinderace, F|
|poke|p1|Landorus-Therian, M|
|poke|p1|Iron Valiant|
|poke|p1|Kyurem|
|poke|p1|Slowking-Galar, M|
|poke|p2|Weavile, F|
|poke|p2|Gholdengo|
|poke|p2|Slowking-Galar, M|
|poke|p2|Corviknight, M|
|poke|p2|Sandy Shocks|
|poke|p2|Heatran, M|
|teampreview
|inactive|Battle timer is ON: inactive players will automatically lose when time's up. (requested by bidofest)
|inactive|cr aries has 120 seconds left.
|
|t:|1760869465
|teamsize|p1|6
|teamsize|p2|6
|start
|switch|p1a: Cinderace|Cinderace, F|100/100
|switch|p2a: Weavile|Weavile, F|100/100
|turn|1
|
|t:|1760869471
|switch|p2a: Corviknight|Corviknight, M|100/100
|-ability|p2a: Corviknight|Pressure
|move|p1a: Cinderace|U-turn|p2a: Corviknight
|-resisted|p2a: Corviknight
|-damage|p2a: Corviknight|98/100
|-damage|p1a: Cinderace|84/100|[from] item: Rocky Helmet|[of] p2a: Corviknight
|
|t:|1760869480
|switch|p1a: Kyurem|Kyurem|100/100|[from] U-turn
|-ability|p1a: Kyurem|Pressure
|
|upkeep
|turn|2
|
|t:|1760869504
|move|p1a: Kyurem|Freeze-Dry|p2a: Corviknight
|-damage|p2a: Corviknight|61/100
|move|p2a: Corviknight|Brave Bird|p1a: Kyurem
|-damage|p1a: Kyurem|68/100
|-damage|p2a: Corviknight|50/100|[from] Recoil
|
|-heal|p1a: Kyurem|74/100|[from] item: Leftovers
|upkeep
|turn|3
|
|t:|1760869513
|move|p1a: Kyurem|Freeze-Dry|p2a: Corviknight
|-damage|p2a: Corviknight|17/100
|move|p2a: Corviknight|Roost|p2a: Corviknight
|-heal|p2a: Corviknight|67/100
|-singleturn|p2a: Corviknight|move: Roost
|
|-heal|p1a: Kyurem|80/100|[from] item: Leftovers
|upkeep
|turn|4
|
|t:|1760869518
|switch|p2a: Slowking|Slowking-Galar, M|100/100
|move|p1a: Kyurem|Substitute|p1a: Kyurem
|-start|p1a: Kyurem|Substitute
|-damage|p1a: Kyurem|55/100
|
|-heal|p1a: Kyurem|61/100|[from] item: Leftovers
|upkeep
|turn|5
|
|t:|1760869521
|move|p1a: Kyurem|Earth Power|p2a: Slowking
|-supereffective|p2a: Slowking
|-damage|p2a: Slowking|67/100
|-unboost|p2a: Slowking|spd|1
|move|p2a: Slowking|Future Sight|p1a: Kyurem
|-start|p2a: Slowking|move: Future Sight
|
|-heal|p1a: Kyurem|68/100|[from] item: Leftovers
|upkeep
|turn|6
|
|t:|1760869526
|switch|p2a: Corviknight|Corviknight, M|67/100
|-ability|p2a: Corviknight|Pressure
|move|p1a: Kyurem|Freeze-Dry|p2a: Corviknight
|-damage|p2a: Corviknight|30/100
|
|-heal|p1a: Kyurem|74/100|[from] item: Leftovers
|upkeep
|turn|7
|
|t:|1760869531
|switch|p2a: Slowking|Slowking-Galar, M|99/100
|move|p1a: Kyurem|Freeze-Dry|p2a: Slowking
|-damage|p2a: Slowking|79/100
|
|-end|p1a: Kyurem|move: Future Sight
|-end|p1a: Kyurem|Substitute
|-heal|p1a: Kyurem|80/100|[from] item: Leftovers
|upkeep
|turn|8
|
|t:|1760869536
|move|p1a: Kyurem|Protect|p1a: Kyurem
|-singleturn|p1a: Kyurem|Protect
|move|p2a: Slowking|Sludge Bomb|p1a: Kyurem
|-activate|p1a: Kyurem|move: Protect
|
|-heal|p1a: Kyurem|86/100|[from] item: Leftovers
|upkeep
|turn|9
|
|t:|1760869543
|switch|p1a: Kingambit|Kingambit, F|100/100
|move|p2a: Slowking|Sludge Bomb|p1a: Kingambit
|-immune|p1a: Kingambit
|
|upkeep
|turn|10
|
|t:|1760869549
|switch|p2a: Heatran|Heatran, M|100/100
|move|p1a: Kingambit|Kowtow Cleave|p2a: Heatran
|-damage|p2a: Heatran|68/100
|
|-heal|p2a: Heatran|74/100|[from] item: Leftovers
|upkeep
|turn|11
|inactive|cr aries has 120 seconds left.
|
|t:|1760869600
|-end|p1a: Kingambit|fallenundefined|[silent]
|switch|p1a: Cinderace|Cinderace, F|84/100
|move|p2a: Heatran|Stealth Rock|p1a: Cinderace
|-sidestart|p1: bidofest|move: Stealth Rock
|
|-heal|p2a: Heatran|80/100|[from] item: Leftovers
|upkeep
|turn|12
|
|t:|1760869611
|move|p1a: Cinderace|Pyro Ball|p2a: Heatran
|-start|p2a: Heatran|ability: Flash Fire
|move|p2a: Heatran|Magma Storm|p1a: Cinderace
|-resisted|p1a: Cinderace
|-damage|p1a: Cinderace|47/100
|-activate|p1a: Cinderace|move: Magma Storm|[of] p2a: Heatran
|
|-heal|p2a: Heatran|86/100|[from] item: Leftovers
|-damage|p1a: Cinderace|35/100|[from] move: Magma Storm|[partiallytrapped]
|upkeep
|turn|13
|
|t:|1760869616
|move|p1a: Cinderace|U-turn|p2a: Heatran
|-resisted|p2a: Heatran
|-damage|p2a: Heatran|84/100
|
|t:|1760869621
|switch|p1a: Landorus|Landorus-Therian, M|100/100|[from] U-turn
|-damage|p1a: Landorus|88/100|[from] Stealth Rock
|-ability|p1a: Landorus|Intimidate|boost
|-unboost|p2a: Heatran|atk|1
|move|p2a: Heatran|Stealth Rock||[still]
|-fail|p2a: Heatran
|
|-heal|p2a: Heatran|90/100|[from] item: Leftovers
|upkeep
|turn|14
|
|t:|1760869631
|-end|p2a: Heatran|ability: Flash Fire|[silent]
|switch|p2a: Corviknight|Corviknight, M|30/100
|-ability|p2a: Corviknight|Pressure
|move|p1a: Landorus|Earthquake|p2a: Corviknight
|-immune|p2a: Corviknight
|
|upkeep
|turn|15
|
|t:|1760869634
|move|p1a: Landorus|Taunt|p2a: Corviknight
|-start|p2a: Corviknight|move: Taunt
|cant|p2a: Corviknight|move: Taunt|Roost
|
|upkeep
|turn|16
|
|t:|1760869640
|switch|p2a: Slowking|Slowking-Galar, M|100/100
|move|p1a: Landorus|Rock Tomb|p2a: Slowking
|-damage|p2a: Slowking|81/100
|-unboost|p2a: Slowking|spe|1
|
|upkeep
|turn|17
|
|t:|1760869650
|switch|p2a: Corviknight|Corviknight, M|30/100
|-ability|p2a: Corviknight|Pressure
|move|p1a: Landorus|Earthquake|p2a: Corviknight
|-immune|p2a: Corviknight
|
|upkeep
|turn|18
|
|t:|1760869655
|move|p1a: Landorus|Taunt|p2a: Corviknight
|-start|p2a: Corviknight|move: Taunt
|move|p2a: Corviknight|U-turn|p1a: Landorus
|-resisted|p1a: Landorus
|-damage|p1a: Landorus|82/100
|-damage|p2a: Corviknight|13/100|[from] item: Rocky Helmet|[of] p1a: Landorus
|
|t:|1760869657
|switch|p2a: Weavile|Weavile, F|100/100|[from] U-turn
|
|upkeep
|turn|19
|
|t:|1760869669
|switch|p1a: Kingambit|Kingambit, F|100/100
|-damage|p1a: Kingambit|94/100|[from] Stealth Rock
|move|p2a: Weavile|Knock Off|p1a: Kingambit
|-resisted|p1a: Kingambit
|-damage|p1a: Kingambit|76/100
|-enditem|p1a: Kingambit|Leftovers|[from] move: Knock Off|[of] p2a: Weavile
|
|upkeep
|turn|20
|
|t:|1760869677
|move|p2a: Weavile|Knock Off|p1a: Kingambit
|-resisted|p1a: Kingambit
|-damage|p1a: Kingambit|62/100
|move|p1a: Kingambit|Kowtow Cleave|p2a: Weavile
|-resisted|p2a: Weavile
|-damage|p2a: Weavile|56/100
|
|upkeep
|turn|21
|
|t:|1760869680
|move|p2a: Weavile|Low Kick|p1a: Kingambit
|-supereffective|p1a: Kingambit
|-damage|p1a: Kingambit|0 fnt
|faint|p1a: Kingambit
|-end|p1a: Kingambit|fallenundefined|[silent]
|
|upkeep
|
|t:|1760869693
|switch|p1a: Iron Valiant|Iron Valiant|100/100
|-damage|p1a: Iron Valiant|94/100|[from] Stealth Rock
|-enditem|p1a: Iron Valiant|Booster Energy
|-activate|p1a: Iron Valiant|ability: Quark Drive|[fromitem]
|-start|p1a: Iron Valiant|quarkdrivespe
|turn|22
|
|t:|1760869714
|switch|p2a: Slowking|Slowking-Galar, M|100/100
|move|p1a: Iron Valiant|Calm Mind|p1a: Iron Valiant
|-boost|p1a: Iron Valiant|spa|1
|-boost|p1a: Iron Valiant|spd|1
|
|upkeep
|turn|23
|
|t:|1760869721
|-terastallize|p1a: Iron Valiant|Ghost
|move|p1a: Iron Valiant|Shadow Ball|p2a: Slowking
|-supereffective|p2a: Slowking
|-damage|p2a: Slowking|28/100
|move|p2a: Slowking|Sludge Bomb|p1a: Iron Valiant
|-resisted|p1a: Iron Valiant
|-damage|p1a: Iron Valiant|72/100
|-status|p1a: Iron Valiant|psn
|
|-damage|p1a: Iron Valiant|60/100 psn|[from] psn
|upkeep
|turn|24
|j| Disscratch
|
|t:|1760869727
|switch|p2a: Corviknight|Corviknight, M|13/100
|-ability|p2a: Corviknight|Pressure
|move|p1a: Iron Valiant|Shadow Ball|p2a: Corviknight
|-damage|p2a: Corviknight|0 fnt
|faint|p2a: Corviknight
|
|-damage|p1a: Iron Valiant|48/100 psn|[from] psn
|upkeep
|
|t:|1760869738
|switch|p2a: Weavile|Weavile, F|56/100
|turn|25
|
|t:|1760869743
|-terastallize|p2a: Weavile|Ghost
|move|p1a: Iron Valiant|Shadow Ball|p2a: Weavile
|-supereffective|p2a: Weavile
|-damage|p2a: Weavile|0 fnt
|faint|p2a: Weavile
|
|-damage|p1a: Iron Valiant|35/100 psn|[from] psn
|upkeep
|
|t:|1760869747
|switch|p2a: Heatran|Heatran, M|90/100
|turn|26
|
|t:|1760869750
|move|p1a: Iron Valiant|Shadow Ball|p2a: Heatran
|-damage|p2a: Heatran|41/100
|move|p2a: Heatran|Magma Storm|p1a: Iron Valiant
|-damage|p1a: Iron Valiant|0 fnt
|faint|p1a: Iron Valiant
|-end|p1a: Iron Valiant|Quark Drive|[silent]
|
|-heal|p2a: Heatran|48/100|[from] item: Leftovers
|upkeep
|
|t:|1760869757
|switch|p1a: Landorus|Landorus-Therian, M|82/100
|-damage|p1a: Landorus|70/100|[from] Stealth Rock
|-ability|p1a: Landorus|Intimidate|boost
|-unboost|p2a: Heatran|atk|1
|turn|27
|
|t:|1760869760
|move|p1a: Landorus|Earthquake|p2a: Heatran
|-supereffective|p2a: Heatran
|-damage|p2a: Heatran|0 fnt
|faint|p2a: Heatran
|
|upkeep
|
|t:|1760869763
|switch|p2a: Gholdengo|Gholdengo|100/100
|turn|28
|
|t:|1760869769
|switch|p1a: Slowking|Slowking-Galar, M|100/100
|move|p2a: Gholdengo|Shadow Ball|p1a: Slowking
|-supereffective|p1a: Slowking
|-damage|p1a: Slowking|61/100
|
|upkeep
|turn|29
|
|t:|1760869775
|switch|p2a: Slowking|Slowking-Galar, M|62/100
|-prepare|p1a: Slowking|Chilly Reception|[premajor]
|move|p1a: Slowking|Chilly Reception|p1a: Slowking
|-weather|Snowscape
|
|t:|1760869777
|switch|p1a: Cinderace|Cinderace, F|35/100|[from] Chilly Reception
|
|-weather|Snowscape|[upkeep]
|upkeep
|turn|30
|
|t:|1760869784
|move|p1a: Cinderace|Court Change|p1a: Cinderace
|-swapsideconditions
|-activate|p1a: Cinderace|move: Court Change
|move|p2a: Slowking|Future Sight|p1a: Cinderace
|-start|p2a: Slowking|move: Future Sight
|
|-weather|Snowscape|[upkeep]
|upkeep
|turn|31
|
|t:|1760869788
|move|p1a: Cinderace|Pyro Ball|p2a: Slowking
|-damage|p2a: Slowking|14/100
|-prepare|p2a: Slowking|Chilly Reception|[premajor]
|move|p2a: Slowking|Chilly Reception|p2a: Slowking
|
|t:|1760869795
|switch|p2a: Sandy Shocks|Sandy Shocks|100/100|[from] Chilly Reception
|-damage|p2a: Sandy Shocks|94/100|[from] Stealth Rock
|-enditem|p2a: Sandy Shocks|Booster Energy
|-activate|p2a: Sandy Shocks|ability: Protosynthesis|[fromitem]
|-start|p2a: Sandy Shocks|protosynthesisspe
|
|-weather|Snowscape|[upkeep]
|upkeep
|turn|32
|
|t:|1760869808
|move|p2a: Sandy Shocks|Earth Power|p1a: Cinderace
|-supereffective|p1a: Cinderace
|-damage|p1a: Cinderace|0 fnt
|faint|p1a: Cinderace
|
|-weather|Snowscape|[upkeep]
|-hint|Future Sight did not hit because the target is fainted.
|upkeep
|
|t:|1760869816
|switch|p1a: Landorus|Landorus-Therian, M|70/100
|-ability|p1a: Landorus|Intimidate|boost
|-unboost|p2a: Sandy Shocks|atk|1
|turn|33
|
|t:|1760869821
|move|p2a: Sandy Shocks|Tera Blast|p1a: Landorus
|-damage|p1a: Landorus|40/100
|move|p1a: Landorus|Earthquake|p2a: Sandy Shocks
|-supereffective|p2a: Sandy Shocks
|-crit|p2a: Sandy Shocks
|-damage|p2a: Sandy Shocks|0 fnt
|faint|p2a: Sandy Shocks
|-end|p2a: Sandy Shocks|Protosynthesis|[silent]
|
|-weather|none
|upkeep
|-message|cr aries forfeited.
|
|win|bidofest
|raw|bidofest's rating: 1685 &rarr; <strong>1703</strong><br />(+18 for winning)
|raw|cr aries's rating: 1656 &rarr; <strong>1638</strong><br />(-18 for losing)
|l|☆cr aries
|player|p2|
|l|☆bidofest
|player|p1|
|l| Disscratch
