|j|☆Veridis Quo Zurau
|j|☆yzzim
|t:|1760722268
|gametype|singles
|player|p1|Veridis Quo Zurau|ingo|1241
|player|p2|yzzim|cynthia|1210
|gen|9
|tier|[Gen 9] OU
|rated|
|rule|HP Percentage Mod: HP is shown in percentages
|rule|Endless Battle Clause: Forcing endless battles is banned
|rule|Species Clause: Limit one of each Pokémon
|rule|OHKO Clause: OHKO moves are banned
|rule|Evasion Items Clause: Evasion items are banned
|rule|Evasion Moves Clause: Evasion moves are banned
|rule|Evasion Abilities Clause: Evasion abilities are banned
|rule|Sleep Moves Clause: Sleep-inducing moves are banned
|clearpoke
|poke|p1|Toxapex, M|
|poke|p1|Gliscor, M|
|poke|p1|Salazzle, F|
|poke|p1|Slowking-Galar, F|
|poke|p1|Ting-Lu|
|poke|p1|Corviknight, M|
|poke|p2|Scrafty, M|
|poke|p2|Rotom-Wash|
|poke|p2|Weezing-Galar, M|
|poke|p2|Greninja-*, M|
|poke|p2|Skeledirge, M|
|poke|p2|Ogerpon, F|
|teampreview
|inactive|Battle timer is ON: inactive players will automatically lose when time's up. (requested by yzzim)
|inactive|Veridis Quo Zurau also wants the timer to be on.
|
|t:|1760722278
|teamsize|p1|6
|teamsize|p2|6
|start
|switch|p1a: Toxapex|Toxapex, M|100/100
|switch|p2a: Weezing|Weezing-Galar, M|100/100
|turn|1
|
|t:|1760722292
|switch|p1a: Slowking|Slowking-Galar, F|100/100
|move|p2a: Weezing|Will-O-Wisp|p1a: Slowking
|-status|p1a: Slowking|brn
|
|-damage|p1a: Slowking|94/100 brn|[from] brn
|upkeep
|turn|2
|
|t:|1760722308
|switch|p2a: Skeledirge|Skeledirge, M|100/100
|move|p1a: Slowking|Future Sight|p2a: Skeledirge
|-start|p1a: Slowking|move: Future Sight
|
|-damage|p1a: Slowking|88/100 brn|[from] brn
|upkeep
|turn|3
|
|t:|1760722324
|move|p2a: Skeledirge|Torch Song|p1a: Slowking
|-damage|p1a: Slowking|69/100 brn
|-boost|p2a: Skeledirge|spa|1
|move|p1a: Slowking|Toxic|p2a: Skeledirge
|-status|p2a: Skeledirge|tox
|
|-damage|p2a: Skeledirge|94/100 tox|[from] psn
|-damage|p1a: Slowking|63/100 brn|[from] brn
|upkeep
|turn|4
|
|t:|1760722329
|switch|p1a: Toxapex|Toxapex, M|100/100
|move|p2a: Skeledirge|Torch Song|p1a: Toxapex
|-resisted|p1a: Toxapex
|-damage|p1a: Toxapex|86/100
|-boost|p2a: Skeledirge|spa|1
|
|-end|p2a: Skeledirge|move: Future Sight
|-damage|p2a: Skeledirge|52/100 tox
|-heal|p1a: Toxapex|92/100|[from] item: Black Sludge
|-damage|p2a: Skeledirge|40/100 tox|[from] psn
|upkeep
|turn|5
|
|t:|1760722348
|move|p2a: Skeledirge|Slack Off|p2a: Skeledirge
|-heal|p2a: Skeledirge|90/100 tox
|move|p1a: Toxapex|Toxic|p2a: Skeledirge
|-fail|p2a: Skeledirge|tox
|
|-heal|p1a: Toxapex|98/100|[from] item: Black Sludge
|-damage|p2a: Skeledirge|72/100 tox|[from] psn
|upkeep
|turn|6
|
|t:|1760722356
|move|p2a: Skeledirge|Earth Power|p1a: Toxapex
|-supereffective|p1a: Toxapex
|-damage|p1a: Toxapex|38/100
|-unboost|p1a: Toxapex|spd|1
|move|p1a: Toxapex|Haze|p1a: Toxapex
|-clearallboost
|
|-heal|p1a: Toxapex|44/100|[from] item: Black Sludge
|-damage|p2a: Skeledirge|47/100 tox|[from] psn
|upkeep
|turn|7
|
|t:|1760722361
|move|p2a: Skeledirge|Earth Power|p1a: Toxapex
|-supereffective|p1a: Toxapex
|-damage|p1a: Toxapex|14/100
|move|p1a: Toxapex|Recover|p1a: Toxapex
|-heal|p1a: Toxapex|64/100
|
|-heal|p1a: Toxapex|71/100|[from] item: Black Sludge
|-damage|p2a: Skeledirge|17/100 tox|[from] psn
|upkeep
|turn|8
|
|t:|1760722366
|move|p2a: Skeledirge|Slack Off|p2a: Skeledirge
|-heal|p2a: Skeledirge|67/100 tox
|move|p1a: Toxapex|Recover|p1a: Toxapex
|-heal|p1a: Toxapex|100/100
|
|-damage|p2a: Skeledirge|30/100 tox|[from] psn
|upkeep
|turn|9
|
|t:|1760722373
|move|p2a: Skeledirge|Slack Off|p2a: Skeledirge
|-heal|p2a: Skeledirge|81/100 tox
|move|p1a: Toxapex|Toxic|p2a: Skeledirge
|-fail|p2a: Skeledirge|tox
|
|-damage|p2a: Skeledirge|38/100 tox|[from] psn
|upkeep
|turn|10
|
|t:|1760722387
|switch|p1a: Gliscor|Gliscor, M|100/100
|move|p2a: Skeledirge|Slack Off|p2a: Skeledirge
|-heal|p2a: Skeledirge|88/100 tox
|
|-damage|p2a: Skeledirge|39/100 tox|[from] psn
|-status|p1a: Gliscor|tox|[from] item: Toxic Orb
|upkeep
|turn|11
|
|t:|1760722400
|switch|p1a: Salazzle|Salazzle, F|100/100
|move|p2a: Skeledirge|Torch Song|p1a: Salazzle
|-resisted|p1a: Salazzle
|-damage|p1a: Salazzle|75/100
|-boost|p2a: Skeledirge|spa|1
|
|-heal|p1a: Salazzle|81/100|[from] item: Leftovers
|-damage|p2a: Skeledirge|0 fnt|[from] psn
|faint|p2a: Skeledirge
|upkeep
|
|t:|1760722411
|switch|p2a: Rotom|Rotom-Wash|100/100
|turn|12
|
|t:|1760722417
|switch|p1a: Slowking|Slowking-Galar, F|96/100 brn
|move|p2a: Rotom|Hydro Pump|p1a: Slowking|[miss]
|-miss|p2a: Rotom|p1a: Slowking
|
|-damage|p1a: Slowking|90/100 brn|[from] brn
|upkeep
|turn|13
|
|t:|1760722422
|move|p2a: Rotom|Shadow Ball|p1a: Slowking
|-supereffective|p1a: Slowking
|-damage|p1a: Slowking|62/100 brn
|-unboost|p1a: Slowking|spd|1
|move|p1a: Slowking|Future Sight|p2a: Rotom
|-start|p1a: Slowking|move: Future Sight
|
|-damage|p1a: Slowking|56/100 brn|[from] brn
|upkeep
|turn|14
|
|t:|1760722430
|switch|p1a: Toxapex|Toxapex, M|100/100
|move|p2a: Rotom|Shadow Ball|p1a: Toxapex
|-damage|p1a: Toxapex|85/100
|-unboost|p1a: Toxapex|spd|1
|
|-heal|p1a: Toxapex|92/100|[from] item: Black Sludge
|upkeep
|turn|15
|
|t:|1760722435
|move|p2a: Rotom|Shadow Ball|p1a: Toxapex
|-damage|p1a: Toxapex|67/100
|-unboost|p1a: Toxapex|spd|1
|move|p1a: Toxapex|Toxic|p2a: Rotom
|-status|p2a: Rotom|tox
|
|-end|p2a: Rotom|move: Future Sight
|-damage|p2a: Rotom|44/100 tox
|-heal|p2a: Rotom|50/100 tox|[from] item: Leftovers
|-heal|p1a: Toxapex|73/100|[from] item: Black Sludge
|-damage|p2a: Rotom|44/100 tox|[from] psn
|upkeep
|turn|16
|
|t:|1760722444
|switch|p1a: Slowking|Slowking-Galar, F|89/100 brn
|move|p2a: Rotom|Discharge|p1a: Slowking
|-crit|p1a: Slowking
|-damage|p1a: Slowking|58/100 brn
|
|-heal|p2a: Rotom|50/100 tox|[from] item: Leftovers
|-damage|p2a: Rotom|38/100 tox|[from] psn
|-damage|p1a: Slowking|52/100 brn|[from] brn
|upkeep
|turn|17
|
|t:|1760722456
|move|p2a: Rotom|Shadow Ball|p1a: Slowking
|-supereffective|p1a: Slowking
|-damage|p1a: Slowking|23/100 brn
|move|p1a: Slowking|Slack Off|p1a: Slowking
|-heal|p1a: Slowking|73/100 brn
|
|-heal|p2a: Rotom|44/100 tox|[from] item: Leftovers
|-damage|p2a: Rotom|25/100 tox|[from] psn
|-damage|p1a: Slowking|67/100 brn|[from] brn
|upkeep
|turn|18
|
|t:|1760722471
|move|p2a: Rotom|Shadow Ball|p1a: Slowking
|-supereffective|p1a: Slowking
|-damage|p1a: Slowking|37/100 brn
|-unboost|p1a: Slowking|spd|1
|move|p1a: Slowking|Future Sight|p2a: Rotom
|-start|p1a: Slowking|move: Future Sight
|
|-heal|p2a: Rotom|32/100 tox|[from] item: Leftovers
|-damage|p2a: Rotom|7/100 tox|[from] psn
|-damage|p1a: Slowking|30/100 brn|[from] brn
|upkeep
|turn|19
|
|t:|1760722480
|switch|p1a: Toxapex|Toxapex, M|100/100
|move|p2a: Rotom|Shadow Ball|p1a: Toxapex
|-damage|p1a: Toxapex|85/100
|
|-heal|p2a: Rotom|13/100 tox|[from] item: Leftovers
|-heal|p1a: Toxapex|91/100|[from] item: Black Sludge
|-damage|p2a: Rotom|0 fnt|[from] psn
|faint|p2a: Rotom
|upkeep
|
|t:|1760722487
|switch|p2a: Scrafty|Scrafty, M|100/100
|-ability|p2a: Scrafty|Intimidate|boost
|-unboost|p1a: Toxapex|atk|1
|turn|20
|
|t:|1760722491
|move|p2a: Scrafty|Fake Out|p1a: Toxapex
|-damage|p1a: Toxapex|82/100
|cant|p1a: Toxapex|flinch
|
|-end|p2a: Scrafty|move: Future Sight
|-immune|p2a: Scrafty
|-heal|p1a: Toxapex|88/100|[from] item: Black Sludge
|upkeep
|turn|21
|
|t:|1760722500
|move|p2a: Scrafty|Knock Off|p1a: Toxapex
|-damage|p1a: Toxapex|52/100
|-enditem|p1a: Toxapex|Black Sludge|[from] move: Knock Off|[of] p2a: Scrafty
|move|p1a: Toxapex|Toxic|p2a: Scrafty
|-status|p2a: Scrafty|tox
|
|-damage|p2a: Scrafty|95/100 tox|[from] psn
|upkeep
|turn|22
|
|t:|1760722505
|move|p2a: Scrafty|Dragon Dance|p2a: Scrafty
|-boost|p2a: Scrafty|atk|1
|-boost|p2a: Scrafty|spe|1
|move|p1a: Toxapex|Recover|p1a: Toxapex
|-heal|p1a: Toxapex|100/100
|
|-damage|p2a: Scrafty|83/100 tox|[from] psn
|upkeep
|turn|23
|
|t:|1760722508
|move|p2a: Scrafty|Dragon Dance|p2a: Scrafty
|-boost|p2a: Scrafty|atk|1
|-boost|p2a: Scrafty|spe|1
|move|p1a: Toxapex|Haze|p1a: Toxapex
|-clearallboost
|
|-damage|p2a: Scrafty|65/100 tox|[from] psn
|upkeep
|turn|24
|
|t:|1760722520
|move|p2a: Scrafty|Dragon Dance|p2a: Scrafty
|-boost|p2a: Scrafty|atk|1
|-boost|p2a: Scrafty|spe|1
|move|p1a: Toxapex|Chilling Water|p2a: Scrafty
|-damage|p2a: Scrafty|54/100 tox
|
|-damage|p2a: Scrafty|30/100 tox|[from] psn
|upkeep
|turn|25
|
|t:|1760722523
|move|p2a: Scrafty|Knock Off|p1a: Toxapex
|-damage|p1a: Toxapex|70/100
|move|p1a: Toxapex|Haze|p1a: Toxapex
|-clearallboost
|
|-damage|p2a: Scrafty|0 fnt|[from] psn
|faint|p2a: Scrafty
|upkeep
|
|t:|1760722539
|switch|p2a: Greninja|Greninja, M|100/100
|turn|26
|
|t:|1760722541
|move|p2a: Greninja|Dark Pulse|p1a: Toxapex
|-damage|p1a: Toxapex|39/100
|-damage|p2a: Greninja|91/100|[from] item: Life Orb
|move|p1a: Toxapex|Toxic|p2a: Greninja
|-status|p2a: Greninja|tox
|
|-damage|p2a: Greninja|85/100 tox|[from] psn
|upkeep
|turn|27
|
|t:|1760722557
|move|p2a: Greninja|Dark Pulse|p1a: Toxapex
|-damage|p1a: Toxapex|10/100
|-damage|p2a: Greninja|75/100 tox|[from] item: Life Orb
|move|p1a: Toxapex|Recover|p1a: Toxapex
|-heal|p1a: Toxapex|60/100
|
|-damage|p2a: Greninja|63/100 tox|[from] psn
|upkeep
|turn|28
|
|t:|1760722562
|switch|p2a: Ogerpon|Ogerpon, F|100/100
|move|p1a: Toxapex|Recover|p1a: Toxapex
|-heal|p1a: Toxapex|100/100
|
|upkeep
|turn|29
|
|t:|1760722568
|move|p2a: Ogerpon|Encore|p1a: Toxapex
|-start|p1a: Toxapex|Encore
|move|p1a: Toxapex|Recover||[still]
|-fail|p1a: Toxapex|heal
|
|upkeep
|turn|30
|
|t:|1760722572
|switch|p1a: Corviknight|Corviknight, M|100/100
|-ability|p1a: Corviknight|Pressure
|move|p2a: Ogerpon|Ivy Cudgel|p1a: Corviknight
|-resisted|p1a: Corviknight
|-damage|p1a: Corviknight|91/100
|
|-heal|p1a: Corviknight|97/100|[from] item: Leftovers
|upkeep
|turn|31
|
|t:|1760722583
|move|p2a: Ogerpon|U-turn|p1a: Corviknight
|-resisted|p1a: Corviknight
|-damage|p1a: Corviknight|92/100
|
|t:|1760722587
|switch|p2a: Greninja|Greninja, M|63/100 tox|[from] U-turn
|move|p1a: Corviknight|Body Press|p2a: Greninja
|-supereffective|p2a: Greninja
|-damage|p2a: Greninja|1/100 tox
|
|-heal|p1a: Corviknight|99/100|[from] item: Leftovers
|-damage|p2a: Greninja|0 fnt|[from] psn
|faint|p2a: Greninja
|upkeep
|
|t:|1760722601
|switch|p2a: Ogerpon|Ogerpon, F|100/100
|turn|32
|
|t:|1760722604
|move|p2a: Ogerpon|Knock Off|p1a: Corviknight
|-damage|p1a: Corviknight|74/100
|-enditem|p1a: Corviknight|Leftovers|[from] move: Knock Off|[of] p2a: Ogerpon
|move|p1a: Corviknight|Body Press|p2a: Ogerpon
|-damage|p2a: Ogerpon|77/100
|
|-heal|p2a: Ogerpon|83/100|[from] item: Leftovers
|upkeep
|turn|33
|
|t:|1760722622
|move|p2a: Ogerpon|Encore|p1a: Corviknight
|-start|p1a: Corviknight|Encore
|move|p1a: Corviknight|Body Press|p2a: Ogerpon
|-damage|p2a: Ogerpon|57/100
|
|-heal|p2a: Ogerpon|63/100|[from] item: Leftovers
|upkeep
|turn|34
|
|t:|1760722627
|switch|p2a: Weezing|Weezing-Galar, M|100/100
|move|p1a: Corviknight|Body Press|p2a: Weezing
|-resisted|p2a: Weezing
|-damage|p2a: Weezing|98/100
|
|upkeep
|turn|35
|
|t:|1760722643
|move|p1a: Corviknight|Body Press|p2a: Weezing
|-resisted|p2a: Weezing
|-damage|p2a: Weezing|95/100
|move|p2a: Weezing|Will-O-Wisp|p1a: Corviknight
|-status|p1a: Corviknight|brn
|
|-damage|p1a: Corviknight|68/100 brn|[from] brn
|-end|p1a: Corviknight|Encore
|upkeep
|turn|36
|
|t:|1760722663
|switch|p2a: Ogerpon|Ogerpon, F|63/100
|move|p1a: Corviknight|Body Press|p2a: Ogerpon
|-damage|p2a: Ogerpon|50/100
|
|-heal|p2a: Ogerpon|56/100|[from] item: Leftovers
|-damage|p1a: Corviknight|62/100 brn|[from] brn
|upkeep
|turn|37
|
|t:|1760722669
|move|p2a: Ogerpon|Encore|p1a: Corviknight
|-start|p1a: Corviknight|Encore
|move|p1a: Corviknight|Body Press|p2a: Ogerpon
|-damage|p2a: Ogerpon|44/100
|
|-heal|p2a: Ogerpon|50/100|[from] item: Leftovers
|-damage|p1a: Corviknight|55/100 brn|[from] brn
|upkeep
|turn|38
|
|t:|1760722681
|move|p2a: Ogerpon|Knock Off|p1a: Corviknight
|-damage|p1a: Corviknight|38/100 brn
|move|p1a: Corviknight|Body Press|p2a: Ogerpon
|-damage|p2a: Ogerpon|37/100
|
|-heal|p2a: Ogerpon|43/100|[from] item: Leftovers
|-damage|p1a: Corviknight|32/100 brn|[from] brn
|upkeep
|turn|39
|
|t:|1760722687
|move|p2a: Ogerpon|Knock Off|p1a: Corviknight
|-damage|p1a: Corviknight|13/100 brn
|move|p1a: Corviknight|Body Press|p2a: Ogerpon
|-damage|p2a: Ogerpon|31/100
|
|-heal|p2a: Ogerpon|37/100|[from] item: Leftovers
|-damage|p1a: Corviknight|7/100 brn|[from] brn
|-end|p1a: Corviknight|Encore
|upkeep
|turn|40
|
|t:|1760722696
|move|p2a: Ogerpon|Encore|p1a: Corviknight
|-start|p1a: Corviknight|Encore
|move|p1a: Corviknight|Body Press|p2a: Ogerpon
|-damage|p2a: Ogerpon|23/100
|
|-heal|p2a: Ogerpon|29/100|[from] item: Leftovers
|-damage|p1a: Corviknight|0 fnt|[from] brn
|faint|p1a: Corviknight
|upkeep
|
|t:|1760722699
|switch|p1a: Salazzle|Salazzle, F|81/100
|turn|41
|
|t:|1760722716
|move|p1a: Salazzle|Flamethrower|p2a: Ogerpon
|-supereffective|p2a: Ogerpon
|-damage|p2a: Ogerpon|0 fnt
|faint|p2a: Ogerpon
|
|-heal|p1a: Salazzle|87/100|[from] item: Leftovers
|upkeep
|
|t:|1760722720
|switch|p2a: Weezing|Weezing-Galar, M|95/100
|turn|42
|
|t:|1760722726
|move|p1a: Salazzle|Toxic|p2a: Weezing
|-status|p2a: Weezing|tox
|move|p2a: Weezing|Sludge Bomb|p1a: Salazzle
|-resisted|p1a: Salazzle
|-damage|p1a: Salazzle|68/100
|
|-heal|p1a: Salazzle|74/100|[from] item: Leftovers
|-damage|p2a: Weezing|89/100 tox|[from] psn
|upkeep
|turn|43
|
|t:|1760722752
|move|p1a: Salazzle|Substitute|p1a: Salazzle
|-start|p1a: Salazzle|Substitute
|-damage|p1a: Salazzle|49/100
|move|p2a: Weezing|Sludge Bomb|p1a: Salazzle
|-resisted|p1a: Salazzle
|-activate|p1a: Salazzle|move: Substitute|[damage]
|
|-heal|p1a: Salazzle|56/100|[from] item: Leftovers
|-damage|p2a: Weezing|77/100 tox|[from] psn
|upkeep
|turn|44
|
|t:|1760722759
|move|p1a: Salazzle|Flamethrower|p2a: Weezing
|-damage|p2a: Weezing|34/100 tox
|move|p2a: Weezing|Sludge Bomb|p1a: Salazzle
|-resisted|p1a: Salazzle
|-end|p1a: Salazzle|Substitute
|
|-heal|p1a: Salazzle|62/100|[from] item: Leftovers
|-damage|p2a: Weezing|16/100 tox|[from] psn
|upkeep
|turn|45
|
|t:|1760722770
|-terastallize|p2a: Weezing|Flying
|move|p1a: Salazzle|Substitute|p1a: Salazzle
|-start|p1a: Salazzle|Substitute
|-damage|p1a: Salazzle|37/100
|move|p2a: Weezing|Sludge Bomb|p1a: Salazzle
|-resisted|p1a: Salazzle
|-activate|p1a: Salazzle|move: Substitute|[damage]
|
|-heal|p1a: Salazzle|43/100|[from] item: Leftovers
|-damage|p2a: Weezing|0 fnt|[from] psn
|faint|p2a: Weezing
|
|win|Veridis Quo Zurau
|raw|Veridis Quo Zurau's rating: 1241 &rarr; <strong>1264</strong><br />(+23 for winning)
|raw|yzzim's rating: 1210 &rarr; <strong>1187</strong><br />(-23 for losing)
|l|☆yzzim
|player|p2|
|l|☆Veridis Quo Zurau
|player|p1|
