|badge|p2|silver|gen9doublesou|30-7
|badge|p2|bronze|gen9ru|100-7
|uhtml|medal-msg|<div class="broadcast-blue">Curious what those medals under the avatar are? PS now has Ladder Seasons! For more information, check out the <a href="https://www.smogon.com/forums/threads/3740067/">thread on Smogon.</a></div>
|j|☆Pig Perfect
|j|☆3idk
|t:|1760793499
|gametype|singles
|player|p1|Pig Perfect|workerice|1542
|player|p2|3idk|cynthia-masters|1613
|gen|9
|tier|[Gen 9] OU
|rated|
|rule|HP Percentage Mod: HP is shown in percentages
|rule|Endless Battle Clause: Forcing endless battles is banned
|rule|Species Clause: Limit one of each Pokémon
|rule|OHKO Clause: OHKO moves are banned
|rule|Evasion Items Clause: Evasion items are banned
|rule|Evasion Moves Clause: Evasion moves are banned
|rule|Evasion Abilities Clause: Evasion abilities are banned
|rule|Sleep Moves Clause: Sleep-inducing moves are banned
|clearpoke
|poke|p1|Alomomola, F|
|poke|p1|Goodra-Hisui, F|
|poke|p1|Great Tusk|
|poke|p1|Magnezone|
|poke|p1|Pecharunt|
|poke|p1|Rillaboom, F|
|poke|p2|Pelipper, F|
|poke|p2|Tornadus-Therian, M|
|poke|p2|Iron Treads|
|poke|p2|Decidueye-Hisui, F|
|poke|p2|Barraskewda, F|
|poke|p2|Raging Bolt|
|teampreview
|inactive|Battle timer is ON: inactive players will automatically lose when time's up. (requested by 3idk)
|
|t:|1760793529
|teamsize|p1|6
|teamsize|p2|6
|start
|switch|p1a: Not quite my tempo|Rillaboom, F|100/100
|switch|p2a: Barraskewda|Barraskewda, F|100/100
|-fieldstart|move: Grassy Terrain|[from] ability: Grassy Surge|[of] p1a: Not quite my tempo
|turn|1
|inactive|Pig Perfect has 120 seconds left.
|
|t:|1760793575
|switch|p2a: Decidueye|Decidueye-Hisui, F|100/100
|move|p1a: Not quite my tempo|Knock Off|p2a: Decidueye
|-resisted|p2a: Decidueye
|-damage|p2a: Decidueye|88/100
|-damage|p1a: Not quite my tempo|84/100|[from] item: Rocky Helmet|[of] p2a: Decidueye
|-enditem|p2a: Decidueye|Rocky Helmet|[from] move: Knock Off|[of] p1a: Not quite my tempo
|
|-heal|p1a: Not quite my tempo|90/100|[from] Grassy Terrain
|-heal|p2a: Decidueye|94/100|[from] Grassy Terrain
|upkeep
|turn|2
|
|t:|1760793588
|switch|p1a: Put on some pads|Pecharunt|100/100
|move|p2a: Decidueye|U-turn|p1a: Put on some pads
|-resisted|p1a: Put on some pads
|-damage|p1a: Put on some pads|98/100
|
|t:|1760793594
|switch|p2a: Pelipper|Pelipper, F|100/100|[from] U-turn
|-weather|RainDance|[from] ability: Drizzle|[of] p2a: Pelipper
|
|-weather|RainDance|[upkeep]
|-heal|p1a: Put on some pads|100/100|[from] Grassy Terrain
|upkeep
|turn|3
|
|t:|1760793599
|move|p1a: Put on some pads|Parting Shot|p2a: Pelipper
|-unboost|p2a: Pelipper|atk|1
|-unboost|p2a: Pelipper|spa|1
|
|t:|1760793603
|switch|p1a: Steel MagnZolias|Magnezone|100/100|[from] Parting Shot
|move|p2a: Pelipper|U-turn|p1a: Steel MagnZolias
|-resisted|p1a: Steel MagnZolias
|-damage|p1a: Steel MagnZolias|97/100
|
|t:|1760793608
|switch|p2a: Barraskewda|Barraskewda, F|100/100|[from] U-turn
|
|-weather|RainDance|[upkeep]
|-heal|p1a: Steel MagnZolias|100/100|[from] Grassy Terrain
|upkeep
|turn|4
|
|t:|1760793612
|switch|p1a: Bepto Pismola|Alomomola, F|100/100
|move|p2a: Barraskewda|Aqua Jet|p1a: Bepto Pismola
|-resisted|p1a: Bepto Pismola
|-damage|p1a: Bepto Pismola|89/100
|-damage|p2a: Barraskewda|91/100|[from] item: Life Orb
|
|-weather|RainDance|[upkeep]
|-heal|p2a: Barraskewda|97/100|[from] Grassy Terrain
|-heal|p1a: Bepto Pismola|95/100|[from] Grassy Terrain
|upkeep
|turn|5
|
|t:|1760793618
|move|p2a: Barraskewda|Flip Turn|p1a: Bepto Pismola
|-resisted|p1a: Bepto Pismola
|-damage|p1a: Bepto Pismola|77/100
|-damage|p2a: Barraskewda|87/100|[from] item: Life Orb
|
|t:|1760793622
|switch|p2a: Decidueye|Decidueye-Hisui, F|94/100|[from] Flip Turn
|move|p1a: Bepto Pismola|Flip Turn|p2a: Decidueye
|-resisted|p2a: Decidueye
|-damage|p2a: Decidueye|83/100
|
|t:|1760793629
|switch|p1a: Steel MagnZolias|Magnezone|100/100|[from] Flip Turn
|
|-weather|RainDance|[upkeep]
|-heal|p2a: Decidueye|89/100|[from] Grassy Terrain
|-fieldend|move: Grassy Terrain
|upkeep
|turn|6
|
|t:|1760793638
|move|p1a: Steel MagnZolias|Steel Beam|p2a: Decidueye
|-damage|p2a: Decidueye|0 fnt
|-damage|p1a: Steel MagnZolias|50/100|[from] steelbeam
|faint|p2a: Decidueye
|
|-weather|RainDance|[upkeep]
|upkeep
|
|t:|1760793643
|switch|p2a: Barraskewda|Barraskewda, F|87/100
|turn|7
|
|t:|1760793647
|switch|p1a: Bepto Pismola|Alomomola, F|100/100
|move|p2a: Barraskewda|Flip Turn|p1a: Bepto Pismola
|-resisted|p1a: Bepto Pismola
|-damage|p1a: Bepto Pismola|81/100
|-damage|p2a: Barraskewda|77/100|[from] item: Life Orb
|
|t:|1760793652
|switch|p2a: Tornadus|Tornadus-Therian, M|100/100|[from] Flip Turn
|
|-weather|RainDance|[upkeep]
|upkeep
|turn|8
|
|t:|1760793657
|switch|p1a: Garold Snail|Goodra-Hisui, F|100/100
|move|p2a: Tornadus|Hurricane|p1a: Garold Snail
|-resisted|p1a: Garold Snail
|-damage|p1a: Garold Snail|85/100
|
|-weather|RainDance|[upkeep]
|upkeep
|turn|9
|
|t:|1760793664
|switch|p2a: Iron Treads|Iron Treads|100/100
|move|p1a: Garold Snail|Knock Off|p2a: Iron Treads
|-damage|p2a: Iron Treads|85/100
|-enditem|p2a: Iron Treads|Leftovers|[from] move: Knock Off|[of] p1a: Garold Snail
|
|-weather|none
|upkeep
|turn|10
|
|t:|1760793670
|move|p2a: Iron Treads|Stealth Rock|p1a: Garold Snail
|-sidestart|p1: Pig Perfect|move: Stealth Rock
|move|p1a: Garold Snail|Flamethrower|p2a: Iron Treads
|-supereffective|p2a: Iron Treads
|-damage|p2a: Iron Treads|31/100
|
|upkeep
|turn|11
|
|t:|1760793676
|switch|p1a: Bepto Pismola|Alomomola, F|100/100
|move|p2a: Iron Treads|Knock Off|p1a: Bepto Pismola
|-damage|p1a: Bepto Pismola|86/100
|-enditem|p1a: Bepto Pismola|Heavy-Duty Boots|[from] move: Knock Off|[of] p2a: Iron Treads
|
|upkeep
|turn|12
|
|t:|1760793681
|-end|p2a: Iron Treads|Quark Drive|[silent]
|switch|p2a: Pelipper|Pelipper, F|100/100
|-weather|RainDance|[from] ability: Drizzle|[of] p2a: Pelipper
|move|p1a: Bepto Pismola|Wish|p1a: Bepto Pismola
|
|-weather|RainDance|[upkeep]
|upkeep
|turn|13
|
|t:|1760793687
|move|p2a: Pelipper|U-turn|p1a: Bepto Pismola
|-crit|p1a: Bepto Pismola
|-damage|p1a: Bepto Pismola|77/100
|
|t:|1760793691
|switch|p2a: Tornadus|Tornadus-Therian, M|100/100|[from] U-turn
|move|p1a: Bepto Pismola|Flip Turn|p2a: Tornadus
|-damage|p2a: Tornadus|68/100
|
|t:|1760793695
|switch|p1a: Steel MagnZolias|Magnezone|50/100|[from] Flip Turn
|-damage|p1a: Steel MagnZolias|44/100|[from] Stealth Rock
|
|-weather|RainDance|[upkeep]
|-heal|p1a: Steel MagnZolias|100/100|[from] move: Wish|[wisher] Bepto Pismola
|upkeep
|turn|14
|
|t:|1760793702
|switch|p1a: Garold Snail|Goodra-Hisui, F|85/100
|-damage|p1a: Garold Snail|79/100|[from] Stealth Rock
|move|p2a: Tornadus|Focus Blast|p1a: Garold Snail
|-supereffective|p1a: Garold Snail
|-damage|p1a: Garold Snail|31/100
|
|-weather|RainDance|[upkeep]
|upkeep
|turn|15
|
|t:|1760793708
|switch|p2a: Barraskewda|Barraskewda, F|77/100
|move|p1a: Garold Snail|Draco Meteor|p2a: Barraskewda
|-damage|p2a: Barraskewda|0 fnt
|-unboost|p1a: Garold Snail|spa|2
|faint|p2a: Barraskewda
|
|-weather|RainDance|[upkeep]
|upkeep
|
|t:|1760793714
|switch|p2a: Tornadus|Tornadus-Therian, M|100/100
|turn|16
|
|t:|1760793717
|move|p2a: Tornadus|Hurricane|p1a: Garold Snail
|-resisted|p1a: Garold Snail
|-damage|p1a: Garold Snail|14/100
|-start|p1a: Garold Snail|confusion
|-activate|p1a: Garold Snail|confusion
|-damage|p1a: Garold Snail|5/100|[from] confusion
|
|-weather|RainDance|[upkeep]
|upkeep
|turn|17
|
|t:|1760793720
|move|p2a: Tornadus|Hurricane|p1a: Garold Snail
|-resisted|p1a: Garold Snail
|-damage|p1a: Garold Snail|0 fnt
|faint|p1a: Garold Snail
|
|-weather|RainDance|[upkeep]
|upkeep
|
|t:|1760793725
|switch|p1a: Put on some pads|Pecharunt|100/100
|turn|18
|
|t:|1760793729
|-terastallize|p2a: Tornadus|Flying
|move|p2a: Tornadus|Hurricane|p1a: Put on some pads
|-damage|p1a: Put on some pads|1/100
|move|p1a: Put on some pads|Malignant Chain|p2a: Tornadus
|-damage|p2a: Tornadus|61/100
|
|-weather|RainDance|[upkeep]
|upkeep
|turn|19
|
|t:|1760793738
|move|p2a: Tornadus|Hurricane|p1a: Put on some pads
|-damage|p1a: Put on some pads|0 fnt
|faint|p1a: Put on some pads
|
|-weather|none
|upkeep
|
|t:|1760793751
|switch|p1a: Bepto Pismola|Alomomola, F|100/100
|-damage|p1a: Bepto Pismola|88/100|[from] Stealth Rock
|turn|20
|
|t:|1760793759
|switch|p2a: Pelipper|Pelipper, F|100/100
|-weather|RainDance|[from] ability: Drizzle|[of] p2a: Pelipper
|move|p1a: Bepto Pismola|Flip Turn|p2a: Pelipper
|-resisted|p2a: Pelipper
|-crit|p2a: Pelipper
|-damage|p2a: Pelipper|87/100
|
|t:|1760793764
|switch|p1a: Steel MagnZolias|Magnezone|100/100|[from] Flip Turn
|-damage|p1a: Steel MagnZolias|94/100|[from] Stealth Rock
|
|-weather|RainDance|[upkeep]
|upkeep
|turn|21
|
|t:|1760793774
|switch|p2a: Iron Treads|Iron Treads|31/100
|move|p1a: Steel MagnZolias|Volt Switch|p2a: Iron Treads
|-immune|p2a: Iron Treads
|
|-weather|RainDance|[upkeep]
|upkeep
|turn|22
|
|t:|1760793783
|switch|p1a: Don Dreidel|Great Tusk|100/100
|move|p2a: Iron Treads|Earthquake|p1a: Don Dreidel
|-damage|p1a: Don Dreidel|72/100
|
|-weather|RainDance|[upkeep]
|upkeep
|turn|23
|
|t:|1760793791
|-end|p2a: Iron Treads|Quark Drive|[silent]
|switch|p2a: Tornadus|Tornadus-Therian, M, tera:Flying|94/100
|move|p1a: Don Dreidel|Rapid Spin|p2a: Tornadus
|-damage|p2a: Tornadus|68/100
|-boost|p1a: Don Dreidel|spe|1
|-sideend|p1: Pig Perfect|Stealth Rock|[from] move: Rapid Spin|[of] p1a: Don Dreidel
|
|-weather|RainDance|[upkeep]
|upkeep
|turn|24
|
|t:|1760793797
|switch|p2a: Iron Treads|Iron Treads|31/100
|move|p1a: Don Dreidel|Ice Spinner|p2a: Iron Treads
|-damage|p2a: Iron Treads|9/100
|
|-weather|RainDance|[upkeep]
|upkeep
|turn|25
|
|t:|1760793803
|move|p1a: Don Dreidel|Ice Spinner|p2a: Iron Treads
|-damage|p2a: Iron Treads|0 fnt
|faint|p2a: Iron Treads
|-end|p2a: Iron Treads|Quark Drive|[silent]
|
|-weather|RainDance|[upkeep]
|upkeep
|
|t:|1760793806
|switch|p2a: Tornadus|Tornadus-Therian, M, tera:Flying|100/100
|turn|26
|
|t:|1760793813
|-end|p1a: Don Dreidel|Protosynthesis|[silent]
|switch|p1a: Bepto Pismola|Alomomola, F|100/100
|move|p2a: Tornadus|Weather Ball|p1a: Bepto Pismola
|-resisted|p1a: Bepto Pismola
|-damage|p1a: Bepto Pismola|66/100
|
|-weather|RainDance|[upkeep]
|upkeep
|turn|27
|
|t:|1760793819
|move|p1a: Bepto Pismola|Protect|p1a: Bepto Pismola
|-singleturn|p1a: Bepto Pismola|Protect
|move|p2a: Tornadus|Weather Ball|p1a: Bepto Pismola
|-activate|p1a: Bepto Pismola|move: Protect
|
|-weather|none
|upkeep
|turn|28
|
|t:|1760793823
|switch|p2a: Pelipper|Pelipper, F|87/100
|-weather|RainDance|[from] ability: Drizzle|[of] p2a: Pelipper
|move|p1a: Bepto Pismola|Flip Turn|p2a: Pelipper
|-resisted|p2a: Pelipper
|-damage|p2a: Pelipper|78/100
|
|t:|1760793826
|switch|p1a: Steel MagnZolias|Magnezone|94/100|[from] Flip Turn
|
|-weather|RainDance|[upkeep]
|upkeep
|turn|29
|
|t:|1760793832
|switch|p2a: Raging Bolt|Raging Bolt|100/100
|-enditem|p2a: Raging Bolt|Booster Energy
|-activate|p2a: Raging Bolt|ability: Protosynthesis|[fromitem]
|-start|p2a: Raging Bolt|protosynthesisspa
|move|p1a: Steel MagnZolias|Volt Switch|p2a: Raging Bolt
|-resisted|p2a: Raging Bolt
|-damage|p2a: Raging Bolt|82/100
|
|t:|1760793835
|switch|p1a: Don Dreidel|Great Tusk|72/100|[from] Volt Switch
|
|-weather|RainDance|[upkeep]
|upkeep
|turn|30
|
|t:|1760793842
|move|p1a: Don Dreidel|Headlong Rush|p2a: Raging Bolt
|-supereffective|p2a: Raging Bolt
|-damage|p2a: Raging Bolt|0 fnt
|-unboost|p1a: Don Dreidel|def|1
|-unboost|p1a: Don Dreidel|spd|1
|faint|p2a: Raging Bolt
|-end|p2a: Raging Bolt|Protosynthesis|[silent]
|
|-weather|RainDance|[upkeep]
|upkeep
|
|t:|1760793846
|switch|p2a: Tornadus|Tornadus-Therian, M, tera:Flying|100/100
|turn|31
|
|t:|1760793853
|move|p2a: Tornadus|Hurricane|p1a: Don Dreidel
|-supereffective|p1a: Don Dreidel
|-damage|p1a: Don Dreidel|0 fnt
|faint|p1a: Don Dreidel
|-end|p1a: Don Dreidel|Protosynthesis|[silent]
|
|-weather|RainDance|[upkeep]
|upkeep
|
|t:|1760793856
|switch|p1a: Steel MagnZolias|Magnezone|94/100
|turn|32
|
|t:|1760793860
|move|p2a: Tornadus|Hurricane|p1a: Steel MagnZolias
|-resisted|p1a: Steel MagnZolias
|-damage|p1a: Steel MagnZolias|61/100
|move|p1a: Steel MagnZolias|Thunderbolt|p2a: Tornadus
|-supereffective|p2a: Tornadus
|-damage|p2a: Tornadus|0 fnt
|faint|p2a: Tornadus
|
|-weather|RainDance|[upkeep]
|upkeep
|c|☆Pig Perfect|gg
|-message|3idk forfeited.
|
|win|Pig Perfect
|raw|Pig Perfect's rating: 1542 &rarr; <strong>1566</strong><br />(+24 for winning)
|raw|3idk's rating: 1613 &rarr; <strong>1589</strong><br />(-24 for losing)
|l|☆3idk
|player|p2|
|l|☆Pig Perfect
|player|p1|
