|j|☆Tirpo8
|j|☆blackgokuking
|t:|1760740531
|gametype|singles
|player|p1|Tirpo8|elesa|1529
|player|p2|blackgokuking|depotagent|1490
|gen|9
|tier|[Gen 9] OU
|rated|
|rule|HP Percentage Mod: HP is shown in percentages
|rule|Endless Battle Clause: Forcing endless battles is banned
|rule|Species Clause: Limit one of each Pokémon
|rule|OHKO Clause: OHKO moves are banned
|rule|Evasion Items Clause: Evasion items are banned
|rule|Evasion Moves Clause: Evasion moves are banned
|rule|Evasion Abilities Clause: Evasion abilities are banned
|rule|Sleep Moves Clause: Sleep-inducing moves are banned
|clearpoke
|poke|p1|Heatran, F|
|poke|p1|Primarina, F|
|poke|p1|Great Tusk|
|poke|p1|Rillaboom, F|
|poke|p1|Pecharunt|
|poke|p1|Latios, M|
|poke|p2|Rillaboom, F|
|poke|p2|Magnezone|
|poke|p2|Great Tusk|
|poke|p2|Dragapult, F|
|poke|p2|Kingambit, F|
|poke|p2|Tornadus-Therian, M|
|teampreview
|inactive|Battle timer is ON: inactive players will automatically lose when time's up. (requested by Tirpo8)
|
|t:|1760740542
|teamsize|p1|6
|teamsize|p2|6
|start
|switch|p1a: Heatran|Heatran, F|100/100
|switch|p2a: Tornadus|Tornadus-Therian, M|100/100
|turn|1
|
|t:|1760740545
|move|p2a: Tornadus|Knock Off|p1a: Heatran
|-damage|p1a: Heatran|80/100
|-enditem|p1a: Heatran|Leftovers|[from] move: Knock Off|[of] p2a: Tornadus
|move|p1a: Heatran|Magma Storm|p2a: Tornadus
|-damage|p2a: Tornadus|66/100
|-activate|p2a: Tornadus|move: Magma Storm|[of] p1a: Heatran
|
|-damage|p2a: Tornadus|54/100|[from] move: Magma Storm|[partiallytrapped]
|upkeep
|turn|2
|
|t:|1760740551
|move|p2a: Tornadus|U-turn|p1a: Heatran
|-resisted|p1a: Heatran
|-damage|p1a: Heatran|77/100
|
|t:|1760740556
|switch|p2a: Dragapult|Dragapult, F|100/100|[from] U-turn
|move|p1a: Heatran|Magma Storm|p2a: Dragapult
|-resisted|p2a: Dragapult
|-damage|p2a: Dragapult|65/100
|-activate|p2a: Dragapult|move: Magma Storm|[of] p1a: Heatran
|
|-damage|p2a: Dragapult|53/100|[from] move: Magma Storm|[partiallytrapped]
|upkeep
|turn|3
|
|t:|1760740563
|move|p2a: Dragapult|Shadow Ball|p1a: Heatran
|-damage|p1a: Heatran|22/100
|move|p1a: Heatran|Will-O-Wisp|p2a: Dragapult|[miss]
|-miss|p1a: Heatran|p2a: Dragapult
|
|-damage|p2a: Dragapult|40/100|[from] move: Magma Storm|[partiallytrapped]
|upkeep
|turn|4
|
|t:|1760740569
|switch|p1a: Primarina|Primarina, F|100/100
|move|p2a: Dragapult|Shadow Ball|p1a: Primarina
|-damage|p1a: Primarina|67/100
|
|-end|p2a: Dragapult|Magma Storm|[partiallytrapped]|[silent]
|upkeep
|turn|5
|
|t:|1760740573
|switch|p2a: Tornadus|Tornadus-Therian, M|87/100
|move|p1a: Primarina|Moonblast|p2a: Tornadus
|-damage|p2a: Tornadus|49/100
|
|upkeep
|turn|6
|
|t:|1760740578
|move|p2a: Tornadus|U-turn|p1a: Primarina
|-resisted|p1a: Primarina
|-damage|p1a: Primarina|57/100
|
|t:|1760740583
|switch|p2a: Magnezone|Magnezone|100/100|[from] U-turn
|move|p1a: Primarina|Surf|p2a: Magnezone
|-damage|p2a: Magnezone|34/100
|
|upkeep
|turn|7
|
|t:|1760740592
|move|p2a: Magnezone|Flash Cannon|p1a: Primarina
|-damage|p1a: Primarina|20/100
|move|p1a: Primarina|Surf|p2a: Magnezone
|-crit|p2a: Magnezone
|-damage|p2a: Magnezone|0 fnt
|faint|p2a: Magnezone
|
|upkeep
|
|t:|1760740597
|switch|p2a: Dragapult|Dragapult, F|40/100
|turn|8
|
|t:|1760740605
|move|p2a: Dragapult|Shadow Ball|p1a: Primarina
|-damage|p1a: Primarina|0 fnt
|faint|p1a: Primarina
|
|upkeep
|
|t:|1760740607
|switch|p1a: Latios|Latios, M|100/100
|turn|9
|
|t:|1760740613
|switch|p1a: Rillaboom|Rillaboom, F|100/100
|-fieldstart|move: Grassy Terrain|[from] ability: Grassy Surge|[of] p1a: Rillaboom
|switch|p2a: Tornadus|Tornadus-Therian, M|83/100
|
|upkeep
|turn|10
|
|t:|1760740619
|switch|p1a: Heatran|Heatran, F|22/100
|move|p2a: Tornadus|U-turn|p1a: Heatran
|-resisted|p1a: Heatran
|-damage|p1a: Heatran|18/100
|
|t:|1760740623
|switch|p2a: Dragapult|Dragapult, F|40/100|[from] U-turn
|
|-heal|p2a: Dragapult|46/100|[from] Grassy Terrain
|-heal|p1a: Heatran|24/100|[from] Grassy Terrain
|upkeep
|turn|11
|
|t:|1760740629
|move|p2a: Dragapult|Shadow Ball|p1a: Heatran
|-damage|p1a: Heatran|0 fnt
|faint|p1a: Heatran
|
|-heal|p2a: Dragapult|52/100|[from] Grassy Terrain
|upkeep
|
|t:|1760740631
|switch|p1a: Latios|Latios, M|100/100
|turn|12
|
|t:|1760740634
|switch|p2a: Tornadus|Tornadus-Therian, M|100/100
|move|p1a: Latios|Luster Purge|p2a: Tornadus
|-damage|p2a: Tornadus|65/100
|-unboost|p2a: Tornadus|spd|1
|
|upkeep
|turn|13
|
|t:|1760740640
|move|p1a: Latios|Luster Purge|p2a: Tornadus
|-damage|p2a: Tornadus|12/100
|move|p2a: Tornadus|Knock Off|p1a: Latios
|-supereffective|p1a: Latios
|-damage|p1a: Latios|45/100
|-enditem|p1a: Latios|Choice Scarf|[from] move: Knock Off|[of] p2a: Tornadus
|
|-fieldend|move: Grassy Terrain
|upkeep
|turn|14
|
|t:|1760740649
|switch|p2a: Kingambit|Kingambit, F|100/100
|-activate|p2a: Kingambit|ability: Supreme Overlord
|-start|p2a: Kingambit|fallen1|[silent]
|move|p1a: Latios|Aura Sphere|p2a: Kingambit
|-supereffective|p2a: Kingambit
|-damage|p2a: Kingambit|0 fnt
|faint|p2a: Kingambit
|-end|p2a: Kingambit|fallen1|[silent]
|
|upkeep
|
|t:|1760740656
|switch|p2a: Dragapult|Dragapult, F|52/100
|turn|15
|
|t:|1760740665
|switch|p1a: Pecharunt|Pecharunt|100/100
|move|p2a: Dragapult|Shadow Ball|p1a: Pecharunt
|-supereffective|p1a: Pecharunt
|-damage|p1a: Pecharunt|0 fnt
|faint|p1a: Pecharunt
|
|upkeep
|
|t:|1760740667
|switch|p1a: Rillaboom|Rillaboom, F|100/100
|-fieldstart|move: Grassy Terrain|[from] ability: Grassy Surge|[of] p1a: Rillaboom
|turn|16
|
|t:|1760740678
|switch|p2a: Rillaboom|Rillaboom, F|100/100
|move|p1a: Rillaboom|Knock Off|p2a: Rillaboom
|-damage|p2a: Rillaboom|42/100
|-enditem|p2a: Rillaboom|Choice Band|[from] move: Knock Off|[of] p1a: Rillaboom
|
|-heal|p2a: Rillaboom|48/100|[from] Grassy Terrain
|upkeep
|turn|17
|
|t:|1760740685
|switch|p1a: Great Tusk|Great Tusk|100/100
|move|p2a: Rillaboom|U-turn|p1a: Great Tusk
|-resisted|p1a: Great Tusk
|-damage|p1a: Great Tusk|91/100
|
|t:|1760740690
|switch|p2a: Great Tusk|Great Tusk|100/100|[from] U-turn
|
|-heal|p1a: Great Tusk|97/100|[from] Grassy Terrain
|upkeep
|turn|18
|
|t:|1760740695
|-end|p1a: Great Tusk|Protosynthesis|[silent]
|switch|p1a: Rillaboom|Rillaboom, F|100/100
|move|p2a: Great Tusk|Ice Spinner|p1a: Rillaboom
|-supereffective|p1a: Rillaboom
|-damage|p1a: Rillaboom|46/100
|-fieldend|move: Grassy Terrain
|
|upkeep
|turn|19
|
|t:|1760740700
|move|p1a: Rillaboom|Wood Hammer|p2a: Great Tusk
|-supereffective|p2a: Great Tusk
|-damage|p2a: Great Tusk|13/100
|-damage|p1a: Rillaboom|30/100|[from] item: Rocky Helmet|[of] p2a: Great Tusk
|-damage|p1a: Rillaboom|0 fnt|[from] Recoil
|faint|p1a: Rillaboom
|move|p2a: Great Tusk|Ice Spinner|p1: Rillaboom|[notarget]
|-fail|p2a: Great Tusk
|
|upkeep
|
|t:|1760740703
|switch|p1a: Great Tusk|Great Tusk|97/100
|turn|20
|
|t:|1760740707
|move|p1a: Great Tusk|Rapid Spin|p2a: Great Tusk
|-damage|p2a: Great Tusk|5/100
|-boost|p1a: Great Tusk|spe|1
|-damage|p1a: Great Tusk|81/100|[from] item: Rocky Helmet|[of] p2a: Great Tusk
|move|p2a: Great Tusk|Ice Spinner|p1a: Great Tusk
|-supereffective|p1a: Great Tusk
|-damage|p1a: Great Tusk|46/100
|
|upkeep
|turn|21
|
|t:|1760740712
|move|p1a: Great Tusk|Ice Spinner|p2a: Great Tusk
|-supereffective|p2a: Great Tusk
|-damage|p2a: Great Tusk|0 fnt
|-damage|p1a: Great Tusk|29/100|[from] item: Rocky Helmet|[of] p2a: Great Tusk
|faint|p2a: Great Tusk
|-end|p2a: Great Tusk|Protosynthesis|[silent]
|
|upkeep
|
|t:|1760740716
|switch|p2a: Rillaboom|Rillaboom, F|48/100
|-fieldstart|move: Grassy Terrain|[from] ability: Grassy Surge|[of] p2a: Rillaboom
|turn|22
|
|t:|1760740722
|-terastallize|p1a: Great Tusk|Steel
|-terastallize|p2a: Rillaboom|Grass
|move|p2a: Rillaboom|Grassy Glide|p1a: Great Tusk
|-resisted|p1a: Great Tusk
|-damage|p1a: Great Tusk|10/100
|move|p1a: Great Tusk|Ice Spinner|p2a: Rillaboom
|-supereffective|p2a: Rillaboom
|-damage|p2a: Rillaboom|0 fnt
|-fieldend|move: Grassy Terrain
|faint|p2a: Rillaboom
|
|upkeep
|
|t:|1760740728
|switch|p2a: Tornadus|Tornadus-Therian, M|45/100
|turn|23
|
|t:|1760740733
|switch|p2a: Dragapult|Dragapult, F|52/100
|move|p1a: Great Tusk|Ice Spinner|p2a: Dragapult
|-supereffective|p2a: Dragapult
|-damage|p2a: Dragapult|0 fnt
|faint|p2a: Dragapult
|
|upkeep
|
|t:|1760740735
|switch|p2a: Tornadus|Tornadus-Therian, M|78/100
|turn|24
|
|t:|1760740737
|move|p1a: Great Tusk|Ice Spinner|p2a: Tornadus
|-supereffective|p2a: Tornadus
|-damage|p2a: Tornadus|18/100
|move|p2a: Tornadus|Heat Wave|p1a: Great Tusk
|-supereffective|p1a: Great Tusk
|-damage|p1a: Great Tusk|0 fnt
|faint|p1a: Great Tusk
|-end|p1a: Great Tusk|Protosynthesis|[silent]
|
|upkeep
|
|t:|1760740739
|switch|p1a: Latios|Latios, M|45/100
|turn|25
|
|t:|1760740742
|move|p2a: Tornadus|U-turn|p1a: Latios
|-supereffective|p1a: Latios
|-damage|p1a: Latios|7/100
|move|p1a: Latios|Luster Purge|p2a: Tornadus
|-damage|p2a: Tornadus|0 fnt
|faint|p2a: Tornadus
|
|win|Tirpo8
|raw|Tirpo8's rating: 1529 &rarr; <strong>1547</strong><br />(+18 for winning)
|raw|blackgokuking's rating: 1490 &rarr; <strong>1472</strong><br />(-18 for losing)
|c|☆Tirpo8|gg
|l|☆blackgokuking
|player|p2|
|l|☆Tirpo8
|player|p1|
|j|☆blackgokuking
|player|p2|blackgokuking|depotagent|
