|j|☆madkingbandit
|j|☆Nevitchen
|t:|1760888844
|gametype|singles
|player|p1|madkingbandit|170|1161
|player|p2|Nevitchen|102|1144
|gen|9
|tier|[Gen 9] OU
|rated|
|rule|HP Percentage Mod: HP is shown in percentages
|rule|Endless Battle Clause: Forcing endless battles is banned
|rule|Species Clause: Limit one of each Pokémon
|rule|OHKO Clause: OHKO moves are banned
|rule|Evasion Items Clause: Evasion items are banned
|rule|Evasion Moves Clause: Evasion moves are banned
|rule|Evasion Abilities Clause: Evasion abilities are banned
|rule|Sleep Moves Clause: Sleep-inducing moves are banned
|clearpoke
|poke|p1|Rillaboom, F|
|poke|p1|Ogerpon, F|
|poke|p1|Gholdengo|
|poke|p1|Iron Treads|
|poke|p1|Hawlucha, M|
|poke|p1|Iron Moth|
|poke|p2|Dragonite, F|
|poke|p2|Zamazenta-*|
|poke|p2|Landorus-Therian, M|
|poke|p2|Gholdengo|
|poke|p2|Darkrai|
|poke|p2|Primarina, F|
|teampreview
|j| DarkOkto
|inactive|Battle timer is ON: inactive players will automatically lose when time's up. (requested by madkingbandit)
|
|t:|1760888869
|teamsize|p1|6
|teamsize|p2|6
|start
|switch|p1a: Rillaboom|Rillaboom, F|100/100
|switch|p2a: Eine wolke|Landorus-Therian, M|100/100
|-fieldstart|move: Grassy Terrain|[from] ability: Grassy Surge|[of] p1a: Rillaboom
|-ability|p2a: Eine wolke|Intimidate|boost
|-unboost|p1a: Rillaboom|atk|1
|turn|1
|
|t:|1760888890
|move|p1a: Rillaboom|Wood Hammer|p2a: Eine wolke
|-damage|p2a: Eine wolke|27/100
|-damage|p1a: Rillaboom|84/100|[from] item: Rocky Helmet|[of] p2a: Eine wolke
|-damage|p1a: Rillaboom|57/100|[from] Recoil
|move|p2a: Eine wolke|Stealth Rock|p1a: Rillaboom
|-sidestart|p1: madkingbandit|move: Stealth Rock
|
|-heal|p1a: Rillaboom|63/100|[from] Grassy Terrain
|upkeep
|turn|2
|
|t:|1760888904
|move|p1a: Rillaboom|Wood Hammer|p2a: Eine wolke
|-damage|p2a: Eine wolke|0 fnt
|-damage|p1a: Rillaboom|47/100|[from] item: Rocky Helmet|[of] p2a: Eine wolke
|faint|p2a: Eine wolke
|-damage|p1a: Rillaboom|37/100|[from] Recoil
|
|-heal|p1a: Rillaboom|43/100|[from] Grassy Terrain
|upkeep
|inactive|Nevitchen has 120 seconds left.
|
|t:|1760888945
|switch|p2a: Edgy guy|Darkrai|100/100
|turn|3
|
|t:|1760888965
|switch|p1a: Iron Treads|Iron Treads, shiny|100/100
|-damage|p1a: Iron Treads|97/100|[from] Stealth Rock
|-enditem|p1a: Iron Treads|Booster Energy
|-activate|p1a: Iron Treads|ability: Quark Drive|[fromitem]
|-start|p1a: Iron Treads|quarkdrivespe
|move|p2a: Edgy guy|Dark Pulse|p1a: Iron Treads
|-damage|p1a: Iron Treads|0 fnt
|faint|p1a: Iron Treads
|-end|p1a: Iron Treads|Quark Drive|[silent]
|
|upkeep
|
|t:|1760888972
|switch|p1a: Hawlucha|Hawlucha, M|100/100
|-damage|p1a: Hawlucha|88/100|[from] Stealth Rock
|-enditem|p1a: Hawlucha|Grassy Seed
|-boost|p1a: Hawlucha|def|1|[from] item: Grassy Seed
|turn|4
|inactive|Nevitchen has 90 seconds left.
|inactive|Nevitchen has 60 seconds left.
|
|t:|1760889034
|switch|p2a: Mirko|Gholdengo|100/100
|move|p1a: Hawlucha|Close Combat|p2a: Mirko
|-immune|p2a: Mirko
|
|upkeep
|turn|5
|
|t:|1760889053
|switch|p1a: Ogerpon|Ogerpon, F|100/100
|-damage|p1a: Ogerpon|88/100|[from] Stealth Rock
|move|p2a: Mirko|Make It Rain|p1a: Ogerpon
|-damage|p1a: Ogerpon|0 fnt
|-unboost|p2a: Mirko|spa|1
|faint|p1a: Ogerpon
|
|-fieldend|move: Grassy Terrain
|upkeep
|
|t:|1760889056
|switch|p1a: Gholdengo|Gholdengo|100/100
|-damage|p1a: Gholdengo|94/100|[from] Stealth Rock
|turn|6
|
|t:|1760889073
|switch|p2a: Singsala|Primarina, F|100/100
|move|p1a: Gholdengo|Shadow Ball|p2a: Singsala
|-damage|p2a: Singsala|77/100
|
|upkeep
|turn|7
|inactive|Nevitchen has 30 seconds left.
|inactive|Nevitchen has 20 seconds left.
|
|t:|1760889108
|move|p1a: Gholdengo|Make It Rain|p2a: Singsala
|-damage|p2a: Singsala|45/100
|-unboost|p1a: Gholdengo|spa|1
|move|p2a: Singsala|Surf|p1a: Gholdengo
|-crit|p1a: Gholdengo
|-damage|p1a: Gholdengo|21/100
|
|upkeep
|turn|8
|inactive|Nevitchen has 30 seconds left this turn.
|inactive|Nevitchen has 20 seconds left.
|inactive|Nevitchen has 15 seconds left.
|inactive|madkingbandit has 120 seconds left.
|
|t:|1760889141
|-terastallize|p1a: Gholdengo|Water
|move|p1a: Gholdengo|Recover|p1a: Gholdengo
|-heal|p1a: Gholdengo|71/100
|move|p2a: Singsala|Surf|p1a: Gholdengo
|-resisted|p1a: Gholdengo
|-damage|p1a: Gholdengo|47/100
|
|upkeep
|turn|9
|inactive|Nevitchen has 25 seconds left this turn.
|inactive|Nevitchen has 20 seconds left.
|
|t:|1760889148
|move|p1a: Gholdengo|Recover|p1a: Gholdengo
|-heal|p1a: Gholdengo|97/100
|move|p2a: Singsala|Moonblast|p1a: Gholdengo
|-damage|p1a: Gholdengo|45/100
|-unboost|p1a: Gholdengo|spa|1
|
|upkeep
|turn|10
|inactive|Nevitchen has 30 seconds left this turn.
|
|t:|1760889158
|switch|p1a: Rillaboom|Rillaboom, F|43/100
|-damage|p1a: Rillaboom|31/100|[from] Stealth Rock
|-fieldstart|move: Grassy Terrain|[from] ability: Grassy Surge|[of] p1a: Rillaboom
|move|p2a: Singsala|Moonblast|p1a: Rillaboom
|-damage|p1a: Rillaboom|0 fnt
|faint|p1a: Rillaboom
|
|-heal|p2a: Singsala|51/100|[from] Grassy Terrain
|upkeep
|
|t:|1760889164
|switch|p1a: Iron Moth|Iron Moth, shiny|100/100
|-damage|p1a: Iron Moth|75/100|[from] Stealth Rock
|-enditem|p1a: Iron Moth|Booster Energy
|-activate|p1a: Iron Moth|ability: Quark Drive|[fromitem]
|-start|p1a: Iron Moth|quarkdrivespe
|turn|11
|
|t:|1760889168
|move|p1a: Iron Moth|Sludge Wave|p2a: Singsala
|-supereffective|p2a: Singsala
|-damage|p2a: Singsala|0 fnt
|faint|p2a: Singsala
|
|-heal|p1a: Iron Moth|82/100|[from] Grassy Terrain
|upkeep
|
|t:|1760889173
|switch|p2a: Lass mich carryn|Dragonite, F|100/100
|turn|12
|
|t:|1760889189
|-terastallize|p2a: Lass mich carryn|Flying
|move|p1a: Iron Moth|Dazzling Gleam|p2a: Lass mich carryn
|-crit|p2a: Lass mich carryn
|-damage|p2a: Lass mich carryn|79/100
|move|p2a: Lass mich carryn|Tera Blast|p1a: Iron Moth|[anim] Tera Blast Flying
|-damage|p1a: Iron Moth|0 fnt
|faint|p1a: Iron Moth
|-end|p1a: Iron Moth|Quark Drive|[silent]
|
|upkeep
|
|t:|1760889204
|switch|p1a: Hawlucha|Hawlucha, M|88/100
|-damage|p1a: Hawlucha|76/100|[from] Stealth Rock
|turn|13
|
|t:|1760889208
|move|p1a: Hawlucha|Stone Edge|p2a: Lass mich carryn
|-supereffective|p2a: Lass mich carryn
|-damage|p2a: Lass mich carryn|14/100
|move|p2a: Lass mich carryn|Tera Blast|p1a: Hawlucha|[anim] Tera Blast Flying
|-supereffective|p1a: Hawlucha
|-damage|p1a: Hawlucha|0 fnt
|faint|p1a: Hawlucha
|
|upkeep
|
|t:|1760889218
|switch|p1a: Gholdengo|Gholdengo, tera:Water|45/100
|-damage|p1a: Gholdengo|33/100|[from] Stealth Rock
|-enditem|p1a: Gholdengo|Grassy Seed
|-boost|p1a: Gholdengo|def|1|[from] item: Grassy Seed
|turn|14
|inactive|Nevitchen has 60 seconds left.
|
|t:|1760889233
|move|p2a: Lass mich carryn|Dragon Dance|p2a: Lass mich carryn
|-boost|p2a: Lass mich carryn|atk|1
|-boost|p2a: Lass mich carryn|spe|1
|move|p1a: Gholdengo|Recover|p1a: Gholdengo
|-heal|p1a: Gholdengo|83/100
|
|-heal|p1a: Gholdengo|89/100|[from] Grassy Terrain
|-fieldend|move: Grassy Terrain
|upkeep
|turn|15
|inactive|Nevitchen has 60 seconds left.
|
|t:|1760889245
|move|p2a: Lass mich carryn|Tera Blast|p1a: Gholdengo|[anim] Tera Blast Flying
|-damage|p1a: Gholdengo|39/100
|move|p1a: Gholdengo|Shadow Ball|p2a: Lass mich carryn
|-damage|p2a: Lass mich carryn|0 fnt
|faint|p2a: Lass mich carryn
|
|upkeep
|inactive|Nevitchen has 60 seconds left.
|
|t:|1760889253
|switch|p2a: Edgy guy|Darkrai|100/100
|turn|16
|
|t:|1760889258
|move|p2a: Edgy guy|Sludge Bomb|p1a: Gholdengo
|-damage|p1a: Gholdengo|0 fnt
|faint|p1a: Gholdengo
|
|win|Nevitchen
|raw|madkingbandit's rating: 1161 &rarr; <strong>1135</strong><br />(-26 for losing)
|raw|Nevitchen's rating: 1144 &rarr; <strong>1170</strong><br />(+26 for winning)
|l|☆madkingbandit
|player|p1|
