|j|‽KingKripple
|j|☆5afqkan
|t:|1760864063
|gametype|singles
|player|p1|KingKripple|266|1108
|player|p2|5afqkan|102|1144
|gen|9
|tier|[Gen 9] OU
|rated|
|rule|HP Percentage Mod: HP is shown in percentages
|rule|Endless Battle Clause: Forcing endless battles is banned
|rule|Species Clause: Limit one of each Pokémon
|rule|OHKO Clause: OHKO moves are banned
|rule|Evasion Items Clause: Evasion items are banned
|rule|Evasion Moves Clause: Evasion moves are banned
|rule|Evasion Abilities Clause: Evasion abilities are banned
|rule|Sleep Moves Clause: Sleep-inducing moves are banned
|clearpoke
|poke|p1|Torkoal, M|
|poke|p1|Exeggutor, F|
|poke|p1|Dragapult, M|
|poke|p1|Moltres-Galar|
|poke|p1|Donphan, F|
|poke|p1|Conkeldurr, F|
|poke|p2|Magnezone|
|poke|p2|Torterra, F|
|poke|p2|Mimikyu, M|
|poke|p2|Weavile, F|
|poke|p2|Keldeo-Resolute|
|poke|p2|Moltres|
|teampreview
|
|t:|1760864072
|teamsize|p1|6
|teamsize|p2|6
|start
|switch|p1a: Donphan|Donphan, F|100/100
|switch|p2a: Weavile|Weavile, F|100/100
|-ability|p2a: Weavile|Pressure
|turn|1
|
|t:|1760864097
|move|p2a: Weavile|Icicle Crash|p1a: Donphan
|-supereffective|p1a: Donphan
|-crit|p1a: Donphan
|-damage|p1a: Donphan|2/100
|move|p1a: Donphan|Stealth Rock|p2a: Weavile
|-sidestart|p2: 5afqkan|move: Stealth Rock
|
|upkeep
|turn|2
|-enditem|p1a: Donphan|Custap Berry|[eat]
|-activate|p1a: Donphan|item: Custap Berry|[consumed]
|
|t:|1760864105
|move|p2a: Weavile|Ice Shard|p1a: Donphan
|-supereffective|p1a: Donphan
|-damage|p1a: Donphan|0 fnt
|faint|p1a: Donphan
|
|upkeep
|
|t:|1760864114
|switch|p1a: Torkoal|Torkoal, M|100/100
|-weather|SunnyDay|[from] ability: Drought|[of] p1a: Torkoal
|turn|3
|
|t:|1760864127
|move|p2a: Weavile|Knock Off|p1a: Torkoal
|-damage|p1a: Torkoal|64/100
|-enditem|p1a: Torkoal|Heat Rock|[from] move: Knock Off|[of] p2a: Weavile
|move|p1a: Torkoal|Will-O-Wisp|p2a: Weavile
|-status|p2a: Weavile|brn
|
|-weather|SunnyDay|[upkeep]
|-damage|p2a: Weavile|94/100 brn|[from] brn
|upkeep
|turn|4
|
|t:|1760864139
|move|p2a: Weavile|Poison Jab|p1a: Torkoal
|-damage|p1a: Torkoal|55/100
|move|p1a: Torkoal|Flamethrower|p2a: Weavile
|-supereffective|p2a: Weavile
|-damage|p2a: Weavile|0 fnt
|faint|p2a: Weavile
|
|-weather|SunnyDay|[upkeep]
|upkeep
|
|t:|1760864154
|switch|p2a: Moltres|Moltres|100/100
|turn|5
|
|t:|1760864164
|switch|p1a: Moltres|Moltres-Galar|100/100
|move|p2a: Moltres|Air Slash|p1a: Moltres
|-damage|p1a: Moltres|66/100
|
|-weather|SunnyDay|[upkeep]
|upkeep
|turn|6
|
|t:|1760864178
|move|p1a: Moltres|Nasty Plot|p1a: Moltres
|-boost|p1a: Moltres|spa|2
|move|p2a: Moltres|Ancient Power|p1a: Moltres
|-supereffective|p1a: Moltres
|-damage|p1a: Moltres|27/100
|-ability|p1a: Moltres|Berserk|boost
|-boost|p1a: Moltres|spa|1
|
|-weather|SunnyDay|[upkeep]
|upkeep
|turn|7
|
|t:|1760864197
|-terastallize|p1a: Moltres|Dark
|move|p1a: Moltres|Fiery Wrath|p2a: Moltres
|-damage|p2a: Moltres|0 fnt
|faint|p2a: Moltres
|
|-weather|SunnyDay|[upkeep]
|upkeep
|
|t:|1760864205
|switch|p2a: Keldeo|Keldeo-Resolute|100/100
|-damage|p2a: Keldeo|94/100|[from] Stealth Rock
|turn|8
|
|t:|1760864210
|move|p2a: Keldeo|Vacuum Wave|p1a: Moltres
|-supereffective|p1a: Moltres
|-damage|p1a: Moltres|0 fnt
|faint|p1a: Moltres
|
|-weather|SunnyDay|[upkeep]
|-heal|p2a: Keldeo|100/100|[from] item: Leftovers
|upkeep
|
|t:|1760864220
|switch|p1a: Exeggutor|Exeggutor, F, shiny|100/100
|turn|9
|
|t:|1760864228
|move|p1a: Exeggutor|Growth|p1a: Exeggutor
|-boost|p1a: Exeggutor|atk|2
|-boost|p1a: Exeggutor|spa|2
|move|p2a: Keldeo|Icy Wind|p1a: Exeggutor
|-supereffective|p1a: Exeggutor
|-damage|p1a: Exeggutor|51/100
|-unboost|p1a: Exeggutor|spe|1
|
|-weather|SunnyDay|[upkeep]
|upkeep
|turn|10
|
|t:|1760864238
|move|p2a: Keldeo|Icy Wind|p1a: Exeggutor
|-supereffective|p1a: Exeggutor
|-damage|p1a: Exeggutor|0 fnt
|faint|p1a: Exeggutor
|
|-weather|none
|upkeep
|
|t:|1760864249
|switch|p1a: Conkeldurr|Conkeldurr, F|100/100
|turn|11
|
|t:|1760864262
|move|p2a: Keldeo|Surf|p1a: Conkeldurr
|-damage|p1a: Conkeldurr|52/100
|move|p1a: Conkeldurr|Dynamic Punch|p2a: Keldeo
|-damage|p2a: Keldeo|33/100
|-start|p2a: Keldeo|confusion
|
|-heal|p2a: Keldeo|39/100|[from] item: Leftovers
|upkeep
|turn|12
|
|t:|1760864275
|-activate|p2a: Keldeo|confusion
|move|p2a: Keldeo|Surf|p1a: Conkeldurr
|-damage|p1a: Conkeldurr|8/100
|move|p1a: Conkeldurr|Dynamic Punch|p2a: Keldeo|[miss]
|-miss|p1a: Conkeldurr|p2a: Keldeo
|-enditem|p1a: Conkeldurr|Blunder Policy
|-boost|p1a: Conkeldurr|spe|2
|
|-heal|p2a: Keldeo|45/100|[from] item: Leftovers
|upkeep
|turn|13
|
|t:|1760864286
|-end|p2a: Keldeo|confusion
|move|p2a: Keldeo|Vacuum Wave|p1a: Conkeldurr
|-damage|p1a: Conkeldurr|0 fnt
|faint|p1a: Conkeldurr
|
|-heal|p2a: Keldeo|51/100|[from] item: Leftovers
|upkeep
|
|t:|1760864293
|switch|p1a: Dragapult|Dragapult, M|100/100
|turn|14
|
|t:|1760864309
|move|p1a: Dragapult|Dragon Darts|p2a: Keldeo
|-damage|p2a: Keldeo|18/100
|-anim|p1a: Dragapult|Dragon Darts|p2a: Keldeo
|-damage|p2a: Keldeo|0 fnt
|faint|p2a: Keldeo
|
|upkeep
|
|t:|1760864317
|switch|p2a: Torterra|Torterra, F|100/100
|-damage|p2a: Torterra|94/100|[from] Stealth Rock
|turn|15
|
|t:|1760864324
|move|p1a: Dragapult|U-turn|p2a: Torterra
|-supereffective|p2a: Torterra
|-damage|p2a: Torterra|48/100
|
|t:|1760864328
|switch|p1a: Torkoal|Torkoal, M|55/100|[from] U-turn
|-weather|SunnyDay|[from] ability: Drought|[of] p1a: Torkoal
|move|p2a: Torterra|Earthquake|p1a: Torkoal
|-supereffective|p1a: Torkoal
|-damage|p1a: Torkoal|0 fnt
|faint|p1a: Torkoal
|
|-weather|SunnyDay|[upkeep]
|upkeep
|
|t:|1760864339
|switch|p1a: Dragapult|Dragapult, M|100/100
|turn|16
|
|t:|1760864343
|move|p1a: Dragapult|U-turn|p2a: Torterra
|-supereffective|p2a: Torterra
|-damage|p2a: Torterra|0 fnt
|faint|p2a: Torterra
|
|-weather|SunnyDay|[upkeep]
|upkeep
|
|t:|1760864345
|switch|p2a: Magnezone|Magnezone|100/100
|-damage|p2a: Magnezone|94/100|[from] Stealth Rock
|turn|17
|
|t:|1760864354
|move|p1a: Dragapult|Phantom Force||[still]
|-prepare|p1a: Dragapult|Phantom Force
|-enditem|p1a: Dragapult|Power Herb
|-anim|p1a: Dragapult|Phantom Force|p2a: Magnezone
|-damage|p2a: Magnezone|52/100
|move|p2a: Magnezone|Flash Cannon|p1a: Dragapult
|-damage|p1a: Dragapult|13/100
|
|-weather|SunnyDay|[upkeep]
|upkeep
|turn|18
|
|t:|1760864368
|move|p1a: Dragapult|Dragon Darts|p2a: Magnezone
|-resisted|p2a: Magnezone
|-damage|p2a: Magnezone|40/100
|-anim|p1a: Dragapult|Dragon Darts|p2a: Magnezone
|-resisted|p2a: Magnezone
|-damage|p2a: Magnezone|28/100
|move|p2a: Magnezone|Flash Cannon|p1a: Dragapult
|-damage|p1a: Dragapult|0 fnt
|faint|p1a: Dragapult
|
|win|5afqkan
|raw|KingKripple's rating: 1108 &rarr; <strong>1084</strong><br />(-24 for losing)
|raw|5afqkan's rating: 1118 &rarr; <strong>1142</strong><br />(+24 for winning)
|l|☆5afqkan
|player|p2|
|l|‽KingKripple
|player|p1|
