|j|☆bludsconio
|j|☆qaqkiller
|t:|1760857320
|gametype|singles
|player|p1|bludsconio|102|1515
|player|p2|qaqkiller|maid|1471
|gen|9
|tier|[Gen 9] OU
|rated|
|rule|HP Percentage Mod: HP is shown in percentages
|rule|Endless Battle Clause: Forcing endless battles is banned
|rule|Species Clause: Limit one of each Pokémon
|rule|OHKO Clause: OHKO moves are banned
|rule|Evasion Items Clause: Evasion items are banned
|rule|Evasion Moves Clause: Evasion moves are banned
|rule|Evasion Abilities Clause: Evasion abilities are banned
|rule|Sleep Moves Clause: Sleep-inducing moves are banned
|clearpoke
|poke|p1|Latios, M|
|poke|p1|Rotom-Wash|
|poke|p1|Gholdengo|
|poke|p1|Ting-Lu|
|poke|p1|Iron Valiant|
|poke|p1|Hydreigon, F|
|poke|p2|Kyurem|
|poke|p2|Slowking-Galar, M|
|poke|p2|Alomomola, M|
|poke|p2|Iron Valiant|
|poke|p2|Iron Treads|
|poke|p2|Tornadus-Therian, M|
|teampreview
|inactive|Battle timer is ON: inactive players will automatically lose when time's up. (requested by qaqkiller)
|inactive|bludsconio has 120 seconds left.
|inactive|bludsconio has 90 seconds left.
|
|t:|1760857388
|teamsize|p1|6
|teamsize|p2|6
|start
|switch|p1a: Shmatios|Latios, M|100/100
|switch|p2a: Tornadus|Tornadus-Therian, M, shiny|100/100
|turn|1
|
|t:|1760857410
|move|p1a: Shmatios|Flip Turn|p2a: Tornadus
|-damage|p2a: Tornadus|88/100
|
|t:|1760857414
|switch|p1a: Bottom-Wash|Rotom-Wash|100/100|[from] Flip Turn
|move|p2a: Tornadus|Knock Off|p1a: Bottom-Wash
|-damage|p1a: Bottom-Wash|84/100
|-enditem|p1a: Bottom-Wash|Leftovers|[from] move: Knock Off|[of] p2a: Tornadus
|
|upkeep
|turn|2
|
|t:|1760857424
|move|p2a: Tornadus|U-turn|p1a: Bottom-Wash
|-crit|p1a: Bottom-Wash
|-damage|p1a: Bottom-Wash|67/100
|
|t:|1760857430
|switch|p2a: Slowking|Slowking-Galar, M, shiny|100/100|[from] U-turn
|move|p1a: Bottom-Wash|Volt Switch|p2a: Slowking
|-damage|p2a: Slowking|86/100
|
|t:|1760857434
|switch|p1a: LuLu|Ting-Lu|100/100|[from] Volt Switch
|-ability|p1a: LuLu|Vessel of Ruin
|
|upkeep
|turn|3
|
|t:|1760857440
|move|p1a: LuLu|Stealth Rock|p2a: Slowking
|-sidestart|p2: qaqkiller|move: Stealth Rock
|-prepare|p2a: Slowking|Chilly Reception|[premajor]
|move|p2a: Slowking|Chilly Reception|p2a: Slowking
|-weather|Snowscape
|
|t:|1760857442
|switch|p2a: Kyurem|Kyurem, shiny|100/100|[from] Chilly Reception
|-ability|p2a: Kyurem|Pressure
|
|-weather|Snowscape|[upkeep]
|upkeep
|turn|4
|
|t:|1760857457
|switch|p1a: Shmoldengo|Gholdengo|100/100
|-item|p1a: Shmoldengo|Air Balloon
|move|p2a: Kyurem|Blizzard|p1a: Shmoldengo
|-resisted|p1a: Shmoldengo
|-damage|p1a: Shmoldengo|71/100
|-enditem|p1a: Shmoldengo|Air Balloon
|
|-weather|Snowscape|[upkeep]
|upkeep
|turn|5
|
|t:|1760857468
|-terastallize|p2a: Kyurem|Ground
|move|p2a: Kyurem|Earth Power|p1a: Shmoldengo
|-supereffective|p1a: Shmoldengo
|-damage|p1a: Shmoldengo|0 fnt
|faint|p1a: Shmoldengo
|
|-weather|Snowscape|[upkeep]
|upkeep
|
|t:|1760857477
|switch|p1a: 3HeadedSnake|Hydreigon, F|100/100
|turn|6
|
|t:|1760857482
|switch|p2a: Iron Treads|Iron Treads, shiny|100/100
|-damage|p2a: Iron Treads|98/100|[from] Stealth Rock
|move|p1a: 3HeadedSnake|Draco Meteor|p2a: Iron Treads|[miss]
|-miss|p1a: 3HeadedSnake|p2a: Iron Treads
|
|-weather|Snowscape|[upkeep]
|-heal|p2a: Iron Treads|100/100|[from] item: Leftovers
|upkeep
|turn|7
|
|t:|1760857489
|move|p1a: 3HeadedSnake|Draco Meteor|p2a: Iron Treads
|-resisted|p2a: Iron Treads
|-damage|p2a: Iron Treads|63/100
|-unboost|p1a: 3HeadedSnake|spa|2
|move|p2a: Iron Treads|Stealth Rock|p1a: 3HeadedSnake
|-sidestart|p1: bludsconio|move: Stealth Rock
|
|-weather|none
|-heal|p2a: Iron Treads|69/100|[from] item: Leftovers
|upkeep
|turn|8
|
|t:|1760857500
|switch|p1a: LuLu|Ting-Lu|100/100
|-damage|p1a: LuLu|94/100|[from] Stealth Rock
|-ability|p1a: LuLu|Vessel of Ruin
|move|p2a: Iron Treads|Knock Off|p1a: LuLu
|-resisted|p1a: LuLu
|-damage|p1a: LuLu|87/100
|-enditem|p1a: LuLu|Leftovers|[from] move: Knock Off|[of] p2a: Iron Treads
|
|-heal|p2a: Iron Treads|75/100|[from] item: Leftovers
|upkeep
|turn|9
|
|t:|1760857512
|-end|p2a: Iron Treads|Quark Drive|[silent]
|switch|p2a: Alomomola|Alomomola, M, shiny|100/100
|move|p1a: LuLu|Earthquake|p2a: Alomomola
|-damage|p2a: Alomomola|81/100
|
|upkeep
|turn|10
|
|t:|1760857517
|move|p1a: LuLu|Ruination|p2a: Alomomola
|-damage|p2a: Alomomola|41/100
|move|p2a: Alomomola|Flip Turn|p1a: LuLu
|-supereffective|p1a: LuLu
|-damage|p1a: LuLu|70/100
|
|t:|1760857520
|switch|p2a: Kyurem|Kyurem, shiny, tera:Ground|100/100|[from] Flip Turn
|-ability|p2a: Kyurem|Pressure
|
|upkeep
|turn|11
|
|t:|1760857540
|move|p2a: Kyurem|Freeze-Dry|p1a: LuLu
|-supereffective|p1a: LuLu
|-damage|p1a: LuLu|41/100
|move|p1a: LuLu|Ruination|p2a: Kyurem
|-damage|p2a: Kyurem|51/100
|
|upkeep
|turn|12
|inactive|bludsconio has 120 seconds left.
|
|t:|1760857563
|move|p2a: Kyurem|Freeze-Dry|p1a: LuLu
|-supereffective|p1a: LuLu
|-damage|p1a: LuLu|10/100
|move|p1a: LuLu|Earthquake|p2a: Kyurem
|-damage|p2a: Kyurem|14/100
|
|upkeep
|turn|13
|inactive|bludsconio has 120 seconds left.
|
|t:|1760857590
|switch|p2a: Alomomola|Alomomola, M, shiny|74/100
|move|p1a: LuLu|Earthquake|p2a: Alomomola
|-damage|p2a: Alomomola|54/100
|
|upkeep
|turn|14
|
|t:|1760857600
|move|p1a: LuLu|Earthquake|p2a: Alomomola
|-damage|p2a: Alomomola|36/100
|move|p2a: Alomomola|Wish|p2a: Alomomola
|
|upkeep
|turn|15
|inactive|bludsconio has 90 seconds left.
|
|t:|1760857636
|move|p2a: Alomomola|Protect|p2a: Alomomola
|-singleturn|p2a: Alomomola|Protect
|move|p1a: LuLu|Whirlwind|p2a: Alomomola
|drag|p2a: Tornadus|Tornadus-Therian, M, shiny|100/100
|
|upkeep
|turn|16
|inactive|bludsconio has 90 seconds left.
|
|t:|1760857648
|switch|p2a: Alomomola|Alomomola, M, shiny|69/100
|move|p1a: LuLu|Ruination|p2a: Alomomola|[miss]
|-miss|p1a: LuLu|p2a: Alomomola
|
|upkeep
|turn|17
|
|t:|1760857653
|move|p1a: LuLu|Ruination|p2a: Alomomola
|-damage|p2a: Alomomola|35/100
|move|p2a: Alomomola|Wish|p2a: Alomomola
|
|upkeep
|turn|18
|
|t:|1760857657
|move|p1a: LuLu|Earthquake|p2a: Alomomola
|-damage|p2a: Alomomola|15/100
|move|p2a: Alomomola|Flip Turn|p1a: LuLu
|-supereffective|p1a: LuLu
|-damage|p1a: LuLu|0 fnt
|faint|p1a: LuLu
|
|t:|1760857660
|switch|p2a: Kyurem|Kyurem, shiny, tera:Ground|14/100|[from] Flip Turn
|-ability|p2a: Kyurem|Pressure
|
|-heal|p2a: Kyurem|83/100|[from] move: Wish|[wisher] Alomomola
|upkeep
|
|t:|1760857666
|switch|p1a: 3HeadedSnake|Hydreigon, F|100/100
|-damage|p1a: 3HeadedSnake|88/100|[from] Stealth Rock
|turn|19
|
|t:|1760857673
|switch|p2a: Iron Treads|Iron Treads, shiny|75/100
|-damage|p2a: Iron Treads|73/100|[from] Stealth Rock
|move|p1a: 3HeadedSnake|Dark Pulse|p2a: Iron Treads
|-damage|p2a: Iron Treads|21/100
|
|-heal|p2a: Iron Treads|27/100|[from] item: Leftovers
|upkeep
|turn|20
|
|t:|1760857685
|move|p1a: 3HeadedSnake|Dark Pulse|p2a: Iron Treads
|-damage|p2a: Iron Treads|0 fnt
|faint|p2a: Iron Treads
|-end|p2a: Iron Treads|Quark Drive|[silent]
|
|upkeep
|
|t:|1760857690
|switch|p2a: Iron Valiant|Iron Valiant, shiny|100/100
|-damage|p2a: Iron Valiant|94/100|[from] Stealth Rock
|-enditem|p2a: Iron Valiant|Booster Energy
|-activate|p2a: Iron Valiant|ability: Quark Drive|[fromitem]
|-start|p2a: Iron Valiant|quarkdrivespe
|turn|21
|
|t:|1760857702
|switch|p1a: Bottom-Wash|Rotom-Wash|67/100
|-damage|p1a: Bottom-Wash|55/100|[from] Stealth Rock
|move|p2a: Iron Valiant|Moonblast|p1a: Bottom-Wash
|-damage|p1a: Bottom-Wash|7/100
|
|upkeep
|turn|22
|
|t:|1760857710
|move|p2a: Iron Valiant|Moonblast|p1a: Bottom-Wash
|-damage|p1a: Bottom-Wash|0 fnt
|faint|p1a: Bottom-Wash
|
|upkeep
|
|t:|1760857717
|switch|p1a: 3HeadedSnake|Hydreigon, F|88/100
|-damage|p1a: 3HeadedSnake|76/100|[from] Stealth Rock
|turn|23
|
|t:|1760857722
|-terastallize|p1a: 3HeadedSnake|Steel
|move|p2a: Iron Valiant|Moonblast|p1a: 3HeadedSnake
|-resisted|p1a: 3HeadedSnake
|-damage|p1a: 3HeadedSnake|49/100
|move|p1a: 3HeadedSnake|Flash Cannon|p2a: Iron Valiant
|-supereffective|p2a: Iron Valiant
|-crit|p2a: Iron Valiant
|-damage|p2a: Iron Valiant|0 fnt
|faint|p2a: Iron Valiant
|-end|p2a: Iron Valiant|Quark Drive|[silent]
|
|upkeep
|
|t:|1760857741
|switch|p2a: Tornadus|Tornadus-Therian, M, shiny|100/100
|turn|24
|
|t:|1760857750
|move|p2a: Tornadus|Heat Wave|p1a: 3HeadedSnake
|-supereffective|p1a: 3HeadedSnake
|-damage|p1a: 3HeadedSnake|0 fnt
|faint|p1a: 3HeadedSnake
|
|upkeep
|
|t:|1760857754
|switch|p1a: Shmatios|Latios, M|100/100
|-damage|p1a: Shmatios|88/100|[from] Stealth Rock
|turn|25
|
|t:|1760857759
|move|p1a: Shmatios|Draco Meteor|p2a: Tornadus
|-damage|p2a: Tornadus|28/100
|-unboost|p1a: Shmatios|spa|2
|move|p2a: Tornadus|Knock Off|p1a: Shmatios
|-supereffective|p1a: Shmatios
|-damage|p1a: Shmatios|37/100
|-enditem|p1a: Shmatios|Choice Scarf|[from] move: Knock Off|[of] p2a: Tornadus
|
|upkeep
|turn|26
|
|t:|1760857770
|switch|p2a: Slowking|Slowking-Galar, M, shiny|100/100
|move|p1a: Shmatios|Luster Purge|p2a: Slowking
|-damage|p2a: Slowking|85/100
|
|upkeep
|turn|27
|
|t:|1760857782
|move|p1a: Shmatios|Draco Meteor|p2a: Slowking
|-damage|p2a: Slowking|66/100
|-unboost|p1a: Shmatios|spa|2
|move|p2a: Slowking|Future Sight|p1a: Shmatios
|-start|p2a: Slowking|move: Future Sight
|
|upkeep
|turn|28
|
|t:|1760857789
|move|p1a: Shmatios|Draco Meteor|p2a: Slowking|[miss]
|-miss|p1a: Shmatios|p2a: Slowking
|move|p2a: Slowking|Thunder Wave|p1a: Shmatios
|-status|p1a: Shmatios|par
|
|upkeep
|turn|29
|
|t:|1760857794
|move|p1a: Shmatios|Draco Meteor|p2a: Slowking
|-damage|p2a: Slowking|53/100
|-unboost|p1a: Shmatios|spa|2
|-prepare|p2a: Slowking|Chilly Reception|[premajor]
|move|p2a: Slowking|Chilly Reception|p2a: Slowking
|-weather|Snowscape
|
|t:|1760857799
|switch|p2a: Kyurem|Kyurem, shiny, tera:Ground|83/100|[from] Chilly Reception
|-ability|p2a: Kyurem|Pressure
|
|-weather|Snowscape|[upkeep]
|-end|p1a: Shmatios|move: Future Sight
|-resisted|p1a: Shmatios
|-damage|p1a: Shmatios|13/100 par
|upkeep
|turn|30
|
|t:|1760857808
|move|p2a: Kyurem|Blizzard|p1a: Shmatios
|-supereffective|p1a: Shmatios
|-damage|p1a: Shmatios|0 fnt
|faint|p1a: Shmatios
|
|-weather|Snowscape|[upkeep]
|upkeep
|
|t:|1760857810
|switch|p1a: MissThang|Iron Valiant|100/100
|turn|31
|
|t:|1760857816
|move|p1a: MissThang|Moonblast|p2a: Kyurem
|-damage|p2a: Kyurem|36/100
|move|p2a: Kyurem|Blizzard|p1a: MissThang
|-damage|p1a: MissThang|0 fnt
|faint|p1a: MissThang
|-end|p1a: MissThang|Quark Drive|[silent]
|
|win|qaqkiller
|raw|bludsconio's rating: 1515 &rarr; <strong>1492</strong><br />(-23 for losing)
|raw|qaqkiller's rating: 1471 &rarr; <strong>1494</strong><br />(+23 for winning)
|l|☆bludsconio
|player|p1|
|l|☆qaqkiller
|player|p2|
