|j|☆mik22
|j|☆Agent Strike
|t:|1760849287
|gametype|singles
|player|p1|mik22|crasherwake|1442
|player|p2|Agent Strike|policeman-gen4|1413
|gen|9
|tier|[Gen 9] OU
|rated|
|rule|HP Percentage Mod: HP is shown in percentages
|rule|Endless Battle Clause: Forcing endless battles is banned
|rule|Species Clause: Limit one of each Pokémon
|rule|OHKO Clause: OHKO moves are banned
|rule|Evasion Items Clause: Evasion items are banned
|rule|Evasion Moves Clause: Evasion moves are banned
|rule|Evasion Abilities Clause: Evasion abilities are banned
|rule|Sleep Moves Clause: Sleep-inducing moves are banned
|clearpoke
|poke|p1|Kingambit, M|
|poke|p1|Pelipper, M|
|poke|p1|Kingdra, M|
|poke|p1|Iron Hands|
|poke|p1|Ogerpon-Wellspring, F|
|poke|p1|Hoopa-Unbound|
|poke|p2|Great Tusk|
|poke|p2|Kingambit, M|
|poke|p2|Moltres|
|poke|p2|Dragapult, F|
|poke|p2|Primarina, F|
|poke|p2|Meowscarada, M|
|teampreview
|inactive|Battle timer is ON: inactive players will automatically lose when time's up. (requested by mik22)
|
|t:|1760849294
|teamsize|p1|6
|teamsize|p2|6
|start
|switch|p1a: Pelipper|Pelipper, M|100/100
|switch|p2a: Primarina|Primarina, F|100/100
|-weather|RainDance|[from] ability: Drizzle|[of] p1a: Pelipper
|turn|1
|
|t:|1760849307
|switch|p2a: Moltres|Moltres|100/100
|switch|p1a: Hoopa|Hoopa-Unbound|100/100
|
|-weather|RainDance|[upkeep]
|upkeep
|turn|2
|
|t:|1760849313
|-terastallize|p1a: Hoopa|Poison
|move|p2a: Moltres|U-turn|p1a: Hoopa
|-resisted|p1a: Hoopa
|-damage|p1a: Hoopa|93/100
|
|t:|1760849328
|switch|p2a: Kingambit|Kingambit, M, shiny|100/100|[from] U-turn
|move|p1a: Hoopa|Thunderbolt|p2a: Kingambit
|-damage|p2a: Kingambit|63/100
|
|-weather|RainDance|[upkeep]
|-heal|p2a: Kingambit|69/100|[from] item: Leftovers
|upkeep
|turn|3
|
|t:|1760849339
|-end|p2a: Kingambit|fallenundefined|[silent]
|switch|p2a: Dragapult|Dragapult, F, shiny|100/100
|switch|p1a: Iron Hands|Iron Hands|100/100
|
|-weather|RainDance|[upkeep]
|upkeep
|turn|4
|
|t:|1760849343
|move|p2a: Dragapult|Hydro Pump|p1a: Iron Hands
|-damage|p1a: Iron Hands|38/100
|move|p1a: Iron Hands|Ice Punch|p2a: Dragapult
|-supereffective|p2a: Dragapult
|-damage|p2a: Dragapult|13/100
|-status|p2a: Dragapult|frz
|
|-weather|RainDance|[upkeep]
|upkeep
|turn|5
|
|t:|1760849348
|cant|p2a: Dragapult|frz
|move|p1a: Iron Hands|Ice Punch|p2a: Dragapult
|-supereffective|p2a: Dragapult
|-damage|p2a: Dragapult|0 fnt
|faint|p2a: Dragapult
|
|-weather|RainDance|[upkeep]
|upkeep
|
|t:|1760849354
|switch|p2a: Great Tusk|Great Tusk|100/100
|turn|6
|
|t:|1760849358
|move|p2a: Great Tusk|Stealth Rock|p1a: Iron Hands
|-sidestart|p1: mik22|move: Stealth Rock
|move|p1a: Iron Hands|Ice Punch|p2a: Great Tusk
|-supereffective|p2a: Great Tusk
|-damage|p2a: Great Tusk|70/100
|
|-weather|RainDance|[upkeep]
|-heal|p2a: Great Tusk|76/100|[from] item: Leftovers
|upkeep
|turn|7
|
|t:|1760849364
|move|p2a: Great Tusk|Earthquake|p1a: Iron Hands
|-supereffective|p1a: Iron Hands
|-enditem|p1a: Iron Hands|Shuca Berry|[eat]
|-enditem|p1a: Iron Hands|Shuca Berry|[weaken]
|-damage|p1a: Iron Hands|13/100
|move|p1a: Iron Hands|Ice Punch|p2a: Great Tusk
|-supereffective|p2a: Great Tusk
|-damage|p2a: Great Tusk|46/100
|
|-weather|RainDance|[upkeep]
|-heal|p2a: Great Tusk|52/100|[from] item: Leftovers
|upkeep
|turn|8
|
|t:|1760849372
|move|p2a: Great Tusk|Rapid Spin|p1a: Iron Hands
|-damage|p1a: Iron Hands|4/100
|-boost|p2a: Great Tusk|spe|1
|move|p1a: Iron Hands|Ice Punch|p2a: Great Tusk
|-supereffective|p2a: Great Tusk
|-damage|p2a: Great Tusk|23/100
|-status|p2a: Great Tusk|frz
|
|-weather|none
|-heal|p2a: Great Tusk|30/100 frz|[from] item: Leftovers
|upkeep
|turn|9
|
|t:|1760849375
|cant|p2a: Great Tusk|frz
|move|p1a: Iron Hands|Ice Punch|p2a: Great Tusk
|-supereffective|p2a: Great Tusk
|-damage|p2a: Great Tusk|2/100 frz
|
|-heal|p2a: Great Tusk|8/100 frz|[from] item: Leftovers
|upkeep
|turn|10
|
|t:|1760849377
|cant|p2a: Great Tusk|frz
|move|p1a: Iron Hands|Ice Punch|p2a: Great Tusk
|-supereffective|p2a: Great Tusk
|-crit|p2a: Great Tusk
|-damage|p2a: Great Tusk|0 fnt
|faint|p2a: Great Tusk
|-end|p2a: Great Tusk|Protosynthesis|[silent]
|
|upkeep
|
|t:|1760849383
|switch|p2a: Meowscarada|Meowscarada, M|100/100
|turn|11
|
|t:|1760849386
|move|p2a: Meowscarada|U-turn|p1a: Iron Hands
|-start|p2a: Meowscarada|typechange|Bug|[from] ability: Protean
|-resisted|p1a: Iron Hands
|-damage|p1a: Iron Hands|0 fnt
|faint|p1a: Iron Hands
|-end|p1a: Iron Hands|Quark Drive|[silent]
|
|t:|1760849390
|switch|p2a: Primarina|Primarina, F|100/100|[from] U-turn
|
|upkeep
|
|t:|1760849397
|switch|p1a: Hoopa|Hoopa-Unbound, tera:Poison|93/100
|-damage|p1a: Hoopa|80/100|[from] Stealth Rock
|turn|12
|
|t:|1760849406
|move|p1a: Hoopa|Gunk Shot|p2a: Primarina
|-supereffective|p2a: Primarina
|-damage|p2a: Primarina|2/100
|move|p2a: Primarina|Surf|p1a: Hoopa
|-damage|p1a: Hoopa|61/100
|
|-heal|p2a: Primarina|8/100|[from] item: Leftovers
|upkeep
|turn|13
|
|t:|1760849413
|switch|p2a: Kingambit|Kingambit, M, shiny|69/100
|-activate|p2a: Kingambit|ability: Supreme Overlord
|-start|p2a: Kingambit|fallen2|[silent]
|move|p1a: Hoopa|Thunderbolt|p2a: Kingambit
|-damage|p2a: Kingambit|26/100
|
|-heal|p2a: Kingambit|32/100|[from] item: Leftovers
|upkeep
|turn|14
|
|t:|1760849416
|move|p1a: Hoopa|Drain Punch|p2a: Kingambit
|-supereffective|p2a: Kingambit
|-damage|p2a: Kingambit|0 fnt
|-heal|p1a: Hoopa|76/100|[from] drain|[of] p2a: Kingambit
|faint|p2a: Kingambit
|-end|p2a: Kingambit|fallen2|[silent]
|
|upkeep
|
|t:|1760849420
|switch|p2a: Moltres|Moltres|100/100
|turn|15
|
|t:|1760849424
|move|p2a: Moltres|Hurricane|p1a: Hoopa
|-damage|p1a: Hoopa|52/100
|move|p1a: Hoopa|Thunderbolt|p2a: Moltres
|-supereffective|p2a: Moltres
|-damage|p2a: Moltres|23/100
|-status|p2a: Moltres|par
|
|upkeep
|turn|16
|
|t:|1760849428
|move|p1a: Hoopa|Thunderbolt|p2a: Moltres
|-supereffective|p2a: Moltres
|-damage|p2a: Moltres|0 fnt
|faint|p2a: Moltres
|
|upkeep
|
|t:|1760849432
|switch|p2a: Meowscarada|Meowscarada, M|100/100
|turn|17
|
|t:|1760849436
|move|p2a: Meowscarada|Triple Axel|p1a: Hoopa
|-start|p2a: Meowscarada|typechange|Ice|[from] ability: Protean
|-damage|p1a: Hoopa|43/100
|-damage|p1a: Hoopa|21/100
|-damage|p1a: Hoopa|0 fnt
|faint|p1a: Hoopa
|-hitcount|p1: Hoopa|3
|
|upkeep
|
|t:|1760849447
|switch|p1a: Pelipper|Pelipper, M|100/100
|-damage|p1a: Pelipper|76/100|[from] Stealth Rock
|-weather|RainDance|[from] ability: Drizzle|[of] p1a: Pelipper
|turn|18
|
|t:|1760849450
|move|p2a: Meowscarada|Triple Axel|p1a: Pelipper
|-damage|p1a: Pelipper|68/100
|-damage|p1a: Pelipper|54/100
|-damage|p1a: Pelipper|31/100
|-hitcount|p1a: Pelipper|3
|move|p1a: Pelipper|Weather Ball|p2a: Meowscarada
|-damage|p2a: Meowscarada|21/100
|
|-weather|RainDance|[upkeep]
|upkeep
|turn|19
|
|t:|1760849455
|move|p2a: Meowscarada|Triple Axel|p1a: Pelipper
|-damage|p1a: Pelipper|23/100
|-damage|p1a: Pelipper|9/100
|-damage|p1a: Pelipper|0 fnt
|faint|p1a: Pelipper
|-hitcount|p1: Pelipper|3
|
|-weather|RainDance|[upkeep]
|upkeep
|
|t:|1760849459
|switch|p1a: Kingdra|Kingdra, M, shiny|100/100
|-damage|p1a: Kingdra|88/100|[from] Stealth Rock
|turn|20
|
|t:|1760849462
|move|p1a: Kingdra|Weather Ball|p2a: Meowscarada
|-damage|p2a: Meowscarada|0 fnt
|faint|p2a: Meowscarada
|
|-weather|RainDance|[upkeep]
|upkeep
|-message|Agent Strike forfeited.
|
|win|mik22
|raw|mik22's rating: 1442 &rarr; <strong>1460</strong><br />(+18 for winning)
|raw|Agent Strike's rating: 1413 &rarr; <strong>1395</strong><br />(-18 for losing)
|l|☆Agent Strike
|player|p2|
|l|☆mik22
|player|p1|
