|j|☆Lunartaiga
|j|☆Blue Chew Mew
|t:|1760849639
|gametype|singles
|player|p1|Lunartaiga|volkner|1208
|player|p2|Blue Chew Mew|169|1222
|gen|9
|tier|[Gen 9] OU
|rated|
|rule|HP Percentage Mod: HP is shown in percentages
|rule|Endless Battle Clause: Forcing endless battles is banned
|rule|Species Clause: Limit one of each Pokémon
|rule|OHKO Clause: OHKO moves are banned
|rule|Evasion Items Clause: Evasion items are banned
|rule|Evasion Moves Clause: Evasion moves are banned
|rule|Evasion Abilities Clause: Evasion abilities are banned
|rule|Sleep Moves Clause: Sleep-inducing moves are banned
|clearpoke
|poke|p1|Blaziken, M|
|poke|p1|Hatterene, F|
|poke|p1|Kommo-o, M|
|poke|p1|Meowscarada, M|
|poke|p1|Cinderace, M|
|poke|p1|Froslass, F|
|poke|p2|Greninja-*, M|
|poke|p2|Pecharunt|
|poke|p2|Ogerpon-Wellspring, F|
|poke|p2|Corviknight, F|
|poke|p2|Garganacl, M|
|poke|p2|Iron Valiant|
|teampreview
|inactive|Battle timer is ON: inactive players will automatically lose when time's up. (requested by Lunartaiga)
|
|t:|1760849646
|teamsize|p1|6
|teamsize|p2|6
|start
|switch|p1a: Cinderace|Cinderace, M|100/100
|switch|p2a: Pecharunt|Pecharunt|100/100
|turn|1
|
|t:|1760849653
|move|p1a: Cinderace|U-turn|p2a: Pecharunt
|-start|p1a: Cinderace|typechange|Bug|[from] ability: Libero
|-resisted|p2a: Pecharunt
|-damage|p2a: Pecharunt|96/100
|
|t:|1760849663
|switch|p1a: Froslass|Froslass, F|100/100|[from] U-turn
|move|p2a: Pecharunt|Malignant Chain|p1a: Froslass
|-resisted|p1a: Froslass
|-damage|p1a: Froslass|66/100
|-status|p1a: Froslass|tox
|-start|p1a: Froslass|confusion|[from] ability: Poison Puppeteer|[of] p2a: Pecharunt
|
|-damage|p1a: Froslass|60/100 tox|[from] psn
|upkeep
|turn|2
|
|t:|1760849675
|-activate|p1a: Froslass|confusion
|move|p1a: Froslass|Shadow Ball|p2a: Pecharunt
|-supereffective|p2a: Pecharunt
|-damage|p2a: Pecharunt|7/100
|move|p2a: Pecharunt|Shadow Ball|p1a: Froslass
|-supereffective|p1a: Froslass
|-damage|p1a: Froslass|0 fnt
|faint|p1a: Froslass
|
|upkeep
|
|t:|1760849684
|switch|p1a: Meowscarada|Meowscarada, M|100/100
|turn|3
|
|t:|1760849689
|move|p1a: Meowscarada|Play Rough|p2a: Pecharunt
|-start|p1a: Meowscarada|typechange|Fairy|[from] ability: Protean
|-resisted|p2a: Pecharunt
|-damage|p2a: Pecharunt|0 fnt
|faint|p2a: Pecharunt
|
|upkeep
|
|t:|1760849701
|switch|p2a: Garganacl|Garganacl, M|100/100
|turn|4
|
|t:|1760849704
|switch|p1a: Kommo-o|Kommo-o, M|100/100
|move|p2a: Garganacl|Salt Cure|p1a: Kommo-o
|-resisted|p1a: Kommo-o
|-damage|p1a: Kommo-o|94/100
|-start|p1a: Kommo-o|Salt Cure
|
|-damage|p1a: Kommo-o|82/100|[from] Salt Cure
|upkeep
|turn|5
|
|t:|1760849713
|switch|p2a: Corviknight|Corviknight, F|100/100
|-ability|p2a: Corviknight|Pressure
|move|p1a: Kommo-o|Clangorous Soul|p1a: Kommo-o
|-boost|p1a: Kommo-o|atk|1
|-boost|p1a: Kommo-o|def|1
|-boost|p1a: Kommo-o|spa|1
|-boost|p1a: Kommo-o|spd|1
|-boost|p1a: Kommo-o|spe|1
|-damage|p1a: Kommo-o|49/100
|
|-damage|p1a: Kommo-o|36/100|[from] Salt Cure
|upkeep
|turn|6
|
|t:|1760849730
|move|p1a: Kommo-o|Flamethrower|p2a: Corviknight
|-supereffective|p2a: Corviknight
|-damage|p2a: Corviknight|46/100
|move|p2a: Corviknight|Body Press|p1a: Kommo-o
|-damage|p1a: Kommo-o|24/100
|
|-damage|p1a: Kommo-o|11/100|[from] Salt Cure
|upkeep
|turn|7
|
|t:|1760849739
|switch|p2a: Garganacl|Garganacl, M|100/100
|move|p1a: Kommo-o|Flamethrower|p2a: Garganacl
|-resisted|p2a: Garganacl
|-damage|p2a: Garganacl|85/100
|
|-heal|p2a: Garganacl|91/100|[from] item: Leftovers
|-damage|p1a: Kommo-o|0 fnt|[from] Salt Cure
|faint|p1a: Kommo-o
|upkeep
|
|t:|1760849745
|switch|p1a: Meowscarada|Meowscarada, M|100/100
|turn|8
|
|t:|1760849753
|move|p2a: Garganacl|Protect|p2a: Garganacl
|-singleturn|p2a: Garganacl|Protect
|move|p1a: Meowscarada|Flower Trick|p2a: Garganacl
|-start|p1a: Meowscarada|typechange|Grass|[from] ability: Protean
|-activate|p2a: Garganacl|move: Protect
|
|-heal|p2a: Garganacl|98/100|[from] item: Leftovers
|upkeep
|turn|9
|
|t:|1760849764
|switch|p2a: Corviknight|Corviknight, F|46/100
|-ability|p2a: Corviknight|Pressure
|move|p1a: Meowscarada|Flower Trick|p2a: Corviknight
|-resisted|p2a: Corviknight
|-crit|p2a: Corviknight
|-damage|p2a: Corviknight|37/100
|
|upkeep
|turn|10
|
|t:|1760849774
|switch|p1a: Cinderace|Cinderace, M|100/100
|move|p2a: Corviknight|Roost|p2a: Corviknight
|-heal|p2a: Corviknight|87/100
|-singleturn|p2a: Corviknight|move: Roost
|
|upkeep
|turn|11
|
|t:|1760849785
|switch|p2a: Garganacl|Garganacl, M|98/100
|move|p1a: Cinderace|Pyro Ball|p2a: Garganacl
|-resisted|p2a: Garganacl
|-crit|p2a: Garganacl
|-damage|p2a: Garganacl|76/100
|
|-heal|p2a: Garganacl|82/100|[from] item: Leftovers
|upkeep
|turn|12
|
|t:|1760849793
|move|p1a: Cinderace|High Jump Kick|p2a: Garganacl
|-start|p1a: Cinderace|typechange|Fighting|[from] ability: Libero
|-supereffective|p2a: Garganacl
|-damage|p2a: Garganacl|9/100
|move|p2a: Garganacl|Salt Cure|p1a: Cinderace
|-resisted|p1a: Cinderace
|-damage|p1a: Cinderace|90/100
|-start|p1a: Cinderace|Salt Cure
|
|-heal|p2a: Garganacl|15/100|[from] item: Leftovers
|-damage|p1a: Cinderace|78/100|[from] Salt Cure
|upkeep
|turn|13
|
|t:|1760849805
|-terastallize|p1a: Cinderace|Fire
|move|p2a: Garganacl|Protect|p2a: Garganacl
|-singleturn|p2a: Garganacl|Protect
|move|p1a: Cinderace|Pyro Ball|p2a: Garganacl
|-activate|p2a: Garganacl|move: Protect
|
|-heal|p2a: Garganacl|21/100|[from] item: Leftovers
|-damage|p1a: Cinderace|65/100|[from] Salt Cure
|upkeep
|turn|14
|
|t:|1760849829
|switch|p2a: Greninja|Greninja, M|100/100
|move|p1a: Cinderace|Pyro Ball|p2a: Greninja
|-resisted|p2a: Greninja
|-damage|p2a: Greninja|46/100
|-status|p2a: Greninja|brn
|
|-damage|p2a: Greninja|40/100 brn|[from] brn
|-damage|p1a: Cinderace|53/100|[from] Salt Cure
|upkeep
|turn|15
|
|t:|1760849840
|switch|p2a: Garganacl|Garganacl, M|21/100
|switch|p1a: Meowscarada|Meowscarada, M|100/100
|
|-heal|p2a: Garganacl|27/100|[from] item: Leftovers
|upkeep
|turn|16
|
|t:|1760849848
|switch|p2a: Corviknight|Corviknight, F|87/100
|-ability|p2a: Corviknight|Pressure
|move|p1a: Meowscarada|Knock Off|p2a: Corviknight
|-start|p1a: Meowscarada|typechange|Dark|[from] ability: Protean
|-damage|p2a: Corviknight|50/100
|-damage|p1a: Meowscarada|84/100|[from] item: Rocky Helmet|[of] p2a: Corviknight
|-enditem|p2a: Corviknight|Rocky Helmet|[from] move: Knock Off|[of] p1a: Meowscarada
|
|upkeep
|turn|17
|
|t:|1760849859
|switch|p1a: Blaziken|Blaziken, M|100/100
|move|p2a: Corviknight|Body Press|p1a: Blaziken
|-damage|p1a: Blaziken|68/100
|
|upkeep
|turn|18
|
|t:|1760849868
|switch|p2a: Garganacl|Garganacl, M|27/100
|move|p1a: Blaziken|Flare Blitz|p2a: Garganacl
|-resisted|p2a: Garganacl
|-crit|p2a: Garganacl
|-damage|p2a: Garganacl|3/100
|-damage|p1a: Blaziken|57/100|[from] Recoil
|
|-heal|p2a: Garganacl|9/100|[from] item: Leftovers
|-ability|p1a: Blaziken|Speed Boost|boost
|-boost|p1a: Blaziken|spe|1
|upkeep
|turn|19
|
|t:|1760849880
|move|p1a: Blaziken|Rock Slide|p2a: Garganacl
|-damage|p2a: Garganacl|0 fnt
|faint|p2a: Garganacl
|
|-ability|p1a: Blaziken|Speed Boost|boost
|-boost|p1a: Blaziken|spe|1
|upkeep
|
|t:|1760849888
|switch|p2a: Ogerpon|Ogerpon-Wellspring, F|100/100
|turn|20
|
|t:|1760849893
|move|p1a: Blaziken|Close Combat|p2a: Ogerpon
|-damage|p2a: Ogerpon|20/100
|-unboost|p1a: Blaziken|def|1
|-unboost|p1a: Blaziken|spd|1
|move|p2a: Ogerpon|U-turn|p1a: Blaziken
|-resisted|p1a: Blaziken
|-crit|p1a: Blaziken
|-damage|p1a: Blaziken|33/100
|
|t:|1760849904
|switch|p2a: Corviknight|Corviknight, F|50/100|[from] U-turn
|-ability|p2a: Corviknight|Pressure
|
|-ability|p1a: Blaziken|Speed Boost|boost
|-boost|p1a: Blaziken|spe|1
|upkeep
|turn|21
|
|t:|1760849913
|move|p1a: Blaziken|Flare Blitz|p2a: Corviknight
|-supereffective|p2a: Corviknight
|-damage|p2a: Corviknight|0 fnt
|faint|p2a: Corviknight
|-damage|p1a: Blaziken|11/100|[from] Recoil
|
|-ability|p1a: Blaziken|Speed Boost|boost
|-boost|p1a: Blaziken|spe|1
|upkeep
|
|t:|1760849925
|switch|p2a: Greninja|Greninja, M|40/100 brn
|turn|22
|
|t:|1760849930
|switch|p2a: Ogerpon|Ogerpon-Wellspring, F|20/100
|move|p1a: Blaziken|Close Combat|p2a: Ogerpon
|-damage|p2a: Ogerpon|0 fnt
|-unboost|p1a: Blaziken|def|1
|-unboost|p1a: Blaziken|spd|1
|faint|p2a: Ogerpon
|
|-ability|p1a: Blaziken|Speed Boost|boost
|-boost|p1a: Blaziken|spe|1
|upkeep
|
|t:|1760849941
|switch|p2a: Iron Valiant|Iron Valiant|100/100
|turn|23
|
|t:|1760849952
|-terastallize|p2a: Iron Valiant|Ghost
|move|p1a: Blaziken|Flare Blitz|p2a: Iron Valiant
|-damage|p2a: Iron Valiant|30/100
|-damage|p1a: Blaziken|0 fnt|[from] Recoil
|faint|p1a: Blaziken
|move|p2a: Iron Valiant|Moonblast|p1: Blaziken|[notarget]
|-fail|p2a: Iron Valiant
|
|upkeep
|
|t:|1760849960
|switch|p1a: Cinderace|Cinderace, M, tera:Fire|53/100
|turn|24
|
|t:|1760849964
|move|p1a: Cinderace|Pyro Ball|p2a: Iron Valiant
|-damage|p2a: Iron Valiant|0 fnt
|faint|p2a: Iron Valiant
|-end|p2a: Iron Valiant|Quark Drive|[silent]
|
|upkeep
|
|t:|1760849968
|switch|p2a: Greninja|Greninja, M|40/100 brn
|turn|25
|
|t:|1760849972
|switch|p1a: Meowscarada|Meowscarada, M|84/100
|move|p2a: Greninja|Ice Beam|p1a: Meowscarada
|-supereffective|p1a: Meowscarada
|-damage|p1a: Meowscarada|0 fnt
|faint|p1a: Meowscarada
|-ability|p2a: Greninja|Battle Bond|boost
|-boost|p2a: Greninja|atk|1
|-boost|p2a: Greninja|spa|1
|-boost|p2a: Greninja|spe|1
|-activate|p2a: Greninja|ability: Battle Bond
|
|-damage|p2a: Greninja|34/100 brn|[from] brn
|upkeep
|
|t:|1760849978
|switch|p1a: Cinderace|Cinderace, M, tera:Fire|53/100
|turn|26
|
|t:|1760849987
|move|p2a: Greninja|Hydro Pump|p1a: Cinderace
|-supereffective|p1a: Cinderace
|-damage|p1a: Cinderace|0 fnt
|faint|p1a: Cinderace
|
|-damage|p2a: Greninja|28/100 brn|[from] brn
|upkeep
|
|t:|1760849989
|switch|p1a: Hatterene|Hatterene, F|100/100
|turn|27
|
|t:|1760849997
|move|p2a: Greninja|Gunk Shot|p1a: Hatterene
|-supereffective|p1a: Hatterene
|-damage|p1a: Hatterene|53/100
|-status|p1a: Hatterene|psn
|move|p1a: Hatterene|Psychic|p2a: Greninja
|-immune|p2a: Greninja
|
|-heal|p1a: Hatterene|59/100 psn|[from] item: Leftovers
|-damage|p1a: Hatterene|47/100 psn|[from] psn
|-damage|p2a: Greninja|22/100 brn|[from] brn
|upkeep
|turn|28
|
|t:|1760850009
|move|p2a: Greninja|Gunk Shot|p1a: Hatterene
|-supereffective|p1a: Hatterene
|-damage|p1a: Hatterene|0 fnt
|faint|p1a: Hatterene
|
|win|Blue Chew Mew
|raw|Lunartaiga's rating: 1208 &rarr; <strong>1184</strong><br />(-24 for losing)
|raw|Blue Chew Mew's rating: 1222 &rarr; <strong>1246</strong><br />(+24 for winning)
|l|☆Lunartaiga
|player|p1|
|l|☆Blue Chew Mew
|player|p2|
