|j|☆eemiee
|j|☆Grindset mindset
|t:|1760741703
|gametype|singles
|player|p1|eemiee|170|1735
|player|p2|Grindset mindset|skyla|1652
|gen|9
|tier|[Gen 9] OU
|rated|
|rule|HP Percentage Mod: HP is shown in percentages
|rule|Endless Battle Clause: Forcing endless battles is banned
|rule|Species Clause: Limit one of each Pokémon
|rule|OHKO Clause: OHKO moves are banned
|rule|Evasion Items Clause: Evasion items are banned
|rule|Evasion Moves Clause: Evasion moves are banned
|rule|Evasion Abilities Clause: Evasion abilities are banned
|rule|Sleep Moves Clause: Sleep-inducing moves are banned
|clearpoke
|poke|p1|Chandelure, M|
|poke|p1|Torkoal, F|
|poke|p1|Dragonite, M|
|poke|p1|Walking Wake|
|poke|p1|Slither Wing|
|poke|p1|Corviknight, F|
|poke|p2|Ogerpon-Cornerstone, F|
|poke|p2|Primarina, F|
|poke|p2|Armarouge, F|
|poke|p2|Great Tusk|
|poke|p2|Zapdos-Galar|
|poke|p2|Sandshrew-Alola, M|
|teampreview
|inactive|Battle timer is ON: inactive players will automatically lose when time's up. (requested by Grindset mindset)
|
|t:|1760741718
|teamsize|p1|6
|teamsize|p2|6
|start
|switch|p1a: Torkoal|Torkoal, F|100/100
|switch|p2a: Ogerpon|Ogerpon-Cornerstone, F|100/100
|-weather|SunnyDay|[from] ability: Drought|[of] p1a: Torkoal
|turn|1
|
|t:|1760741724
|switch|p1a: Corviknight|Corviknight, F|100/100
|-ability|p1a: Corviknight|Pressure
|move|p2a: Ogerpon|Ivy Cudgel|p1a: Corviknight|[anim] Ivy Cudgel Rock
|-damage|p1a: Corviknight|63/100
|
|-weather|SunnyDay|[upkeep]
|upkeep
|turn|2
|
|t:|1760741726
|move|p2a: Ogerpon|Swords Dance|p2a: Ogerpon
|-boost|p2a: Ogerpon|atk|2
|move|p1a: Corviknight|U-turn|p2a: Ogerpon
|-supereffective|p2a: Ogerpon
|-damage|p2a: Ogerpon|63/100
|
|t:|1760741729
|switch|p1a: Walking Wake|Walking Wake|100/100|[from] U-turn
|-activate|p1a: Walking Wake|ability: Protosynthesis
|-start|p1a: Walking Wake|protosynthesisspa
|
|-weather|SunnyDay|[upkeep]
|upkeep
|turn|3
|
|t:|1760741735
|switch|p2a: Primarina|Primarina, F|100/100
|move|p1a: Walking Wake|Hydro Steam|p2a: Primarina
|-resisted|p2a: Primarina
|-crit|p2a: Primarina
|-damage|p2a: Primarina|62/100
|
|-weather|SunnyDay|[upkeep]
|upkeep
|turn|4
|
|t:|1760741741
|-end|p1a: Walking Wake|Protosynthesis|[silent]
|switch|p1a: Corviknight|Corviknight, F|63/100
|-ability|p1a: Corviknight|Pressure
|move|p2a: Primarina|Flip Turn|p1a: Corviknight
|-damage|p1a: Corviknight|59/100
|-damage|p2a: Primarina|46/100|[from] item: Rocky Helmet|[of] p1a: Corviknight
|
|t:|1760741745
|switch|p2a: Ogerpon|Ogerpon-Cornerstone, F|63/100|[from] Flip Turn
|
|-weather|SunnyDay|[upkeep]
|upkeep
|turn|5
|
|t:|1760741751
|move|p2a: Ogerpon|Ivy Cudgel|p1a: Corviknight|[anim] Ivy Cudgel Rock
|-damage|p1a: Corviknight|23/100
|move|p1a: Corviknight|U-turn|p2a: Ogerpon
|-supereffective|p2a: Ogerpon
|-damage|p2a: Ogerpon|25/100
|
|t:|1760741754
|switch|p1a: Walking Wake|Walking Wake|100/100|[from] U-turn
|-activate|p1a: Walking Wake|ability: Protosynthesis
|-start|p1a: Walking Wake|protosynthesisspa
|
|-weather|SunnyDay|[upkeep]
|upkeep
|turn|6
|
|t:|1760741757
|switch|p2a: Primarina|Primarina, F|46/100
|move|p1a: Walking Wake|Hydro Steam|p2a: Primarina
|-resisted|p2a: Primarina
|-damage|p2a: Primarina|20/100
|
|-weather|SunnyDay|[upkeep]
|upkeep
|turn|7
|
|t:|1760741760
|move|p1a: Walking Wake|Hydro Steam|p2a: Primarina
|-resisted|p2a: Primarina
|-damage|p2a: Primarina|0 fnt
|faint|p2a: Primarina
|
|-weather|SunnyDay|[upkeep]
|upkeep
|
|t:|1760741764
|switch|p2a: Zapdos|Zapdos-Galar|100/100
|turn|8
|
|t:|1760741769
|move|p1a: Walking Wake|Hydro Steam|p2a: Zapdos
|-damage|p2a: Zapdos|5/100
|move|p2a: Zapdos|Close Combat|p1a: Walking Wake
|-damage|p1a: Walking Wake|1/100
|-unboost|p2a: Zapdos|def|1
|-unboost|p2a: Zapdos|spd|1
|
|-weather|none
|-end|p1a: Walking Wake|Protosynthesis
|upkeep
|turn|9
|
|t:|1760741774
|move|p1a: Walking Wake|Hydro Steam|p2a: Zapdos
|-damage|p2a: Zapdos|0 fnt
|faint|p2a: Zapdos
|
|upkeep
|
|t:|1760741778
|switch|p2a: Sandshrew|Sandshrew-Alola, M|100/100
|turn|10
|
|t:|1760741782
|-end|p1a: Walking Wake|Protosynthesis|[silent]
|switch|p1a: Torkoal|Torkoal, F|100/100
|-weather|SunnyDay|[from] ability: Drought|[of] p1a: Torkoal
|move|p2a: Sandshrew|Ice Shard|p1a: Torkoal
|-resisted|p1a: Torkoal
|-damage|p1a: Torkoal|96/100
|
|-weather|SunnyDay|[upkeep]
|upkeep
|turn|11
|
|t:|1760741786
|switch|p2a: Armarouge|Armarouge, F|100/100
|move|p1a: Torkoal|Stealth Rock|p2a: Armarouge
|-sidestart|p2: Grindset mindset|move: Stealth Rock
|
|-weather|SunnyDay|[upkeep]
|upkeep
|turn|12
|
|t:|1760741791
|switch|p1a: Chandelure|Chandelure, M|100/100
|move|p2a: Armarouge|Armor Cannon|p1a: Chandelure
|-start|p1a: Chandelure|ability: Flash Fire
|
|-weather|SunnyDay|[upkeep]
|upkeep
|turn|13
|-message|Grindset mindset forfeited.
|
|win|eemiee
|raw|eemiee's rating: 1735 &rarr; <strong>1750</strong><br />(+15 for winning)
|raw|Grindset mindset's rating: 1652 &rarr; <strong>1637</strong><br />(-15 for losing)
|l|☆Grindset mindset
|player|p2|
|l|☆eemiee
|player|p1|
