|j|☆scald spamm
|j|☆hehe moon
|t:|1760877883
|gametype|singles
|player|p1|scald spamm|2|1469
|player|p2|hehe moon|cheryl|1428
|gen|9
|tier|[Gen 9] OU
|rated|
|rule|HP Percentage Mod: HP is shown in percentages
|rule|Endless Battle Clause: Forcing endless battles is banned
|rule|Species Clause: Limit one of each Pokémon
|rule|OHKO Clause: OHKO moves are banned
|rule|Evasion Items Clause: Evasion items are banned
|rule|Evasion Moves Clause: Evasion moves are banned
|rule|Evasion Abilities Clause: Evasion abilities are banned
|rule|Sleep Moves Clause: Sleep-inducing moves are banned
|clearpoke
|poke|p1|Mamoswine, M|
|poke|p1|Landorus-Therian, M|
|poke|p1|Slowking-Galar, F|
|poke|p1|Kingambit, M|
|poke|p1|Kommo-o, F|
|poke|p1|Hatterene, F|
|poke|p2|Zapdos|
|poke|p2|Hatterene, F|
|poke|p2|Iron Valiant|
|poke|p2|Kingambit, M|
|poke|p2|Dragapult, M|
|poke|p2|Pecharunt|
|teampreview
|inactive|Battle timer is ON: inactive players will automatically lose when time's up. (requested by hehe moon)
|inactive|scald spamm also wants the timer to be on.
|
|t:|1760877908
|teamsize|p1|6
|teamsize|p2|6
|start
|switch|p1a: Landorus|Landorus-Therian, M|100/100
|switch|p2a: Zapdos|Zapdos|100/100
|-ability|p1a: Landorus|Intimidate|boost
|-unboost|p2a: Zapdos|atk|1
|turn|1
|
|t:|1760877929
|move|p1a: Landorus|Stealth Rock|p2a: Zapdos
|-sidestart|p2: hehe moon|move: Stealth Rock
|move|p2a: Zapdos|Hurricane|p1a: Landorus
|-damage|p1a: Landorus|53/100
|
|-heal|p1a: Landorus|59/100|[from] item: Leftovers
|upkeep
|turn|2
|
|t:|1760877936
|switch|p1a: Mamoswine|Mamoswine, M|100/100
|move|p2a: Zapdos|Hurricane|p1a: Mamoswine|[miss]
|-miss|p2a: Zapdos|p1a: Mamoswine
|
|upkeep
|turn|3
|
|t:|1760877941
|switch|p2a: Pecharunt|Pecharunt|100/100
|move|p1a: Mamoswine|Icicle Crash|p2a: Pecharunt
|-damage|p2a: Pecharunt|64/100
|
|upkeep
|turn|4
|
|t:|1760877946
|switch|p1a: Slowking|Slowking-Galar, F|100/100
|move|p2a: Pecharunt|Malignant Chain|p1a: Slowking
|-resisted|p1a: Slowking
|-damage|p1a: Slowking|94/100
|
|upkeep
|turn|5
|
|t:|1760877950
|move|p2a: Pecharunt|Parting Shot|p1a: Slowking
|-unboost|p1a: Slowking|atk|1
|-unboost|p1a: Slowking|spa|1
|
|t:|1760877953
|switch|p2a: Kingambit|Kingambit, M|100/100|[from] Parting Shot
|-damage|p2a: Kingambit|94/100|[from] Stealth Rock
|move|p1a: Slowking|Psyshock|p2a: Kingambit
|-immune|p2a: Kingambit
|
|-heal|p2a: Kingambit|100/100|[from] item: Leftovers
|upkeep
|turn|6
|
|t:|1760877957
|switch|p1a: Kommo-o|Kommo-o, F|100/100
|move|p2a: Kingambit|Kowtow Cleave|p1a: Kommo-o
|-resisted|p1a: Kommo-o
|-damage|p1a: Kommo-o|86/100
|-damage|p2a: Kingambit|84/100|[from] item: Rocky Helmet|[of] p1a: Kommo-o
|
|-heal|p2a: Kingambit|90/100|[from] item: Leftovers
|upkeep
|turn|7
|
|t:|1760877963
|-end|p2a: Kingambit|fallenundefined|[silent]
|switch|p2a: Pecharunt|Pecharunt|64/100
|move|p1a: Kommo-o|Flamethrower|p2a: Pecharunt
|-damage|p2a: Pecharunt|42/100
|-status|p2a: Pecharunt|brn
|
|-damage|p2a: Pecharunt|36/100 brn|[from] brn
|upkeep
|turn|8
|
|t:|1760877968
|move|p1a: Kommo-o|Draco Meteor|p2a: Pecharunt
|-damage|p2a: Pecharunt|0 fnt
|-unboost|p1a: Kommo-o|spa|2
|faint|p2a: Pecharunt
|
|upkeep
|
|t:|1760877973
|switch|p2a: Hatterene|Hatterene, F|100/100
|-damage|p2a: Hatterene|88/100|[from] Stealth Rock
|turn|9
|
|t:|1760877976
|switch|p1a: Slowking|Slowking-Galar, F|100/100
|move|p2a: Hatterene|Nuzzle|p1a: Slowking
|-damage|p1a: Slowking|97/100
|-status|p1a: Slowking|par
|
|upkeep
|turn|10
|
|t:|1760877979
|move|p2a: Hatterene|Psyshock|p1a: Slowking
|-damage|p1a: Slowking|50/100 par
|move|p1a: Slowking|Sludge Bomb|p2a: Hatterene
|-supereffective|p2a: Hatterene
|-damage|p2a: Hatterene|32/100
|-status|p2a: Hatterene|psn
|
|-damage|p2a: Hatterene|19/100 psn|[from] psn
|upkeep
|turn|11
|
|t:|1760877989
|switch|p1a: Kingambit|Kingambit, M|100/100
|move|p2a: Hatterene|Psyshock|p1a: Kingambit
|-immune|p1a: Kingambit
|
|-damage|p2a: Hatterene|7/100 psn|[from] psn
|upkeep
|turn|12
|
|t:|1760877996
|move|p1a: Kingambit|Kowtow Cleave|p2a: Hatterene
|-damage|p2a: Hatterene|0 fnt
|faint|p2a: Hatterene
|
|upkeep
|
|t:|1760878001
|switch|p2a: Zapdos|Zapdos|100/100
|turn|13
|
|t:|1760878004
|-end|p1a: Kingambit|fallenundefined|[silent]
|switch|p1a: Mamoswine|Mamoswine, M|100/100
|move|p2a: Zapdos|Hurricane|p1a: Mamoswine
|-damage|p1a: Mamoswine|34/100
|
|upkeep
|turn|14
|
|t:|1760878013
|move|p1a: Mamoswine|Icicle Crash|p2a: Zapdos|[miss]
|-miss|p1a: Mamoswine|p2a: Zapdos
|move|p2a: Zapdos|Hurricane|p1a: Mamoswine
|-damage|p1a: Mamoswine|0 fnt
|faint|p1a: Mamoswine
|
|upkeep
|c|☆scald spamm|-_-
|
|t:|1760878029
|switch|p1a: Hatterene|Hatterene, F|100/100
|turn|15
|c|☆hehe moon|if ur cb its a roll
|
|t:|1760878047
|move|p2a: Zapdos|Hurricane|p1a: Hatterene
|-damage|p1a: Hatterene|48/100
|-start|p1a: Hatterene|confusion
|-activate|p1a: Hatterene|confusion
|move|p1a: Hatterene|Psychic Noise|p2a: Zapdos
|-damage|p2a: Zapdos|65/100
|-start|p2a: Zapdos|move: Heal Block
|
|-heal|p1a: Hatterene|54/100|[from] item: Leftovers
|upkeep
|turn|16
|c|☆scald spamm|atleast i could have gotten damage
|
|t:|1760878061
|move|p2a: Zapdos|Hurricane|p1a: Hatterene
|-damage|p1a: Hatterene|7/100
|-activate|p1a: Hatterene|confusion
|move|p1a: Hatterene|Pain Split|p2a: Zapdos
|-sethp|p2a: Zapdos|35/100|[from] move: Pain Split|[silent]
|-sethp|p1a: Hatterene|43/100|[from] move: Pain Split
|
|-heal|p1a: Hatterene|49/100|[from] item: Leftovers
|-end|p2a: Zapdos|move: Heal Block
|upkeep
|turn|17
|
|t:|1760878068
|switch|p1a: Kingambit|Kingambit, M|100/100
|-activate|p1a: Kingambit|ability: Supreme Overlord
|-start|p1a: Kingambit|fallen1|[silent]
|move|p2a: Zapdos|Hurricane|p1a: Kingambit
|-resisted|p1a: Kingambit
|-damage|p1a: Kingambit|74/100
|
|-heal|p1a: Kingambit|80/100|[from] item: Leftovers
|upkeep
|turn|18
|c|☆hehe moon|yeah true
|
|t:|1760878078
|move|p2a: Zapdos|Roost|p2a: Zapdos
|-heal|p2a: Zapdos|86/100
|-singleturn|p2a: Zapdos|move: Roost
|move|p1a: Kingambit|Kowtow Cleave|p2a: Zapdos
|-damage|p2a: Zapdos|43/100
|
|-heal|p1a: Kingambit|86/100|[from] item: Leftovers
|upkeep
|turn|19
|
|t:|1760878085
|move|p2a: Zapdos|Roost|p2a: Zapdos
|-heal|p2a: Zapdos|93/100
|-singleturn|p2a: Zapdos|move: Roost
|move|p1a: Kingambit|Swords Dance|p1a: Kingambit
|-boost|p1a: Kingambit|atk|2
|
|-heal|p1a: Kingambit|93/100|[from] item: Leftovers
|upkeep
|turn|20
|
|t:|1760878088
|move|p2a: Zapdos|Thunder Wave|p1a: Kingambit
|-status|p1a: Kingambit|par
|move|p1a: Kingambit|Kowtow Cleave|p2a: Zapdos
|-damage|p2a: Zapdos|12/100
|
|-heal|p1a: Kingambit|99/100 par|[from] item: Leftovers
|upkeep
|turn|21
|
|t:|1760878094
|move|p2a: Zapdos|Volt Switch|p1a: Kingambit
|-damage|p1a: Kingambit|63/100 par
|
|t:|1760878098
|switch|p2a: Kingambit|Kingambit, M|90/100|[from] Volt Switch
|-damage|p2a: Kingambit|84/100|[from] Stealth Rock
|-activate|p2a: Kingambit|ability: Supreme Overlord
|-start|p2a: Kingambit|fallen2|[silent]
|move|p1a: Kingambit|Kowtow Cleave|p2a: Kingambit
|-resisted|p2a: Kingambit
|-damage|p2a: Kingambit|39/100
|
|-heal|p2a: Kingambit|45/100|[from] item: Leftovers
|-heal|p1a: Kingambit|69/100 par|[from] item: Leftovers
|upkeep
|turn|22
|
|t:|1760878108
|-end|p1a: Kingambit|fallen1|[silent]
|switch|p1a: Kommo-o|Kommo-o, F|86/100
|move|p2a: Kingambit|Iron Head|p1a: Kommo-o
|-damage|p1a: Kommo-o|51/100
|-damage|p2a: Kingambit|29/100|[from] item: Rocky Helmet|[of] p1a: Kommo-o
|
|-heal|p2a: Kingambit|35/100|[from] item: Leftovers
|upkeep
|turn|23
|
|t:|1760878117
|move|p1a: Kommo-o|Flamethrower|p2a: Kingambit
|-supereffective|p2a: Kingambit
|-damage|p2a: Kingambit|0 fnt
|faint|p2a: Kingambit
|-end|p2a: Kingambit|fallen2|[silent]
|
|upkeep
|
|t:|1760878120
|switch|p2a: Dragapult|Dragapult, M|100/100
|-damage|p2a: Dragapult|88/100|[from] Stealth Rock
|turn|24
|
|t:|1760878123
|move|p2a: Dragapult|Substitute|p2a: Dragapult
|-start|p2a: Dragapult|Substitute
|-damage|p2a: Dragapult|63/100
|move|p1a: Kommo-o|Draco Meteor|p2a: Dragapult
|-supereffective|p2a: Dragapult
|-end|p2a: Dragapult|Substitute
|-unboost|p1a: Kommo-o|spa|2
|
|-heal|p2a: Dragapult|69/100|[from] item: Leftovers
|upkeep
|turn|25
|
|t:|1760878127
|move|p2a: Dragapult|Dragon Darts|p1a: Kommo-o
|-supereffective|p1a: Kommo-o
|-damage|p1a: Kommo-o|26/100
|-anim|p2a: Dragapult|Dragon Darts|p1a: Kommo-o
|-supereffective|p1a: Kommo-o
|-damage|p1a: Kommo-o|2/100
|move|p1a: Kommo-o|Roar|p2a: Dragapult
|drag|p2a: Iron Valiant|Iron Valiant|100/100
|-damage|p2a: Iron Valiant|94/100|[from] Stealth Rock
|-enditem|p2a: Iron Valiant|Booster Energy
|-activate|p2a: Iron Valiant|ability: Quark Drive|[fromitem]
|-start|p2a: Iron Valiant|quarkdrivespe
|
|upkeep
|turn|26
|
|t:|1760878133
|move|p2a: Iron Valiant|Moonblast|p1a: Kommo-o
|-supereffective|p1a: Kommo-o
|-damage|p1a: Kommo-o|0 fnt
|faint|p1a: Kommo-o
|
|upkeep
|
|t:|1760878146
|switch|p1a: Slowking|Slowking-Galar, F|83/100 par
|turn|27
|
|t:|1760878164
|move|p2a: Iron Valiant|Hex|p1a: Slowking
|-supereffective|p1a: Slowking
|-damage|p1a: Slowking|43/100 par
|move|p1a: Slowking|Sludge Bomb|p2a: Iron Valiant
|-supereffective|p2a: Iron Valiant
|-damage|p2a: Iron Valiant|0 fnt
|faint|p2a: Iron Valiant
|-end|p2a: Iron Valiant|Quark Drive|[silent]
|
|upkeep
|
|t:|1760878168
|switch|p2a: Dragapult|Dragapult, M|69/100
|-damage|p2a: Dragapult|57/100|[from] Stealth Rock
|turn|28
|
|t:|1760878172
|move|p2a: Dragapult|Hex|p1a: Slowking
|-supereffective|p1a: Slowking
|-damage|p1a: Slowking|0 fnt
|faint|p1a: Slowking
|
|-heal|p2a: Dragapult|63/100|[from] item: Leftovers
|upkeep
|
|t:|1760878176
|switch|p1a: Kingambit|Kingambit, M|69/100 par
|-activate|p1a: Kingambit|ability: Supreme Overlord
|-start|p1a: Kingambit|fallen3|[silent]
|turn|29
|
|t:|1760878181
|move|p2a: Dragapult|Substitute|p2a: Dragapult
|-start|p2a: Dragapult|Substitute
|-damage|p2a: Dragapult|38/100
|move|p1a: Kingambit|Kowtow Cleave|p2a: Dragapult
|-supereffective|p2a: Dragapult
|-end|p2a: Dragapult|Substitute
|
|-heal|p2a: Dragapult|44/100|[from] item: Leftovers
|-heal|p1a: Kingambit|76/100 par|[from] item: Leftovers
|upkeep
|turn|30
|
|t:|1760878186
|move|p2a: Dragapult|Substitute|p2a: Dragapult
|-start|p2a: Dragapult|Substitute
|-damage|p2a: Dragapult|19/100
|move|p1a: Kingambit|Kowtow Cleave|p2a: Dragapult
|-supereffective|p2a: Dragapult
|-end|p2a: Dragapult|Substitute
|
|-heal|p2a: Dragapult|25/100|[from] item: Leftovers
|-heal|p1a: Kingambit|82/100 par|[from] item: Leftovers
|upkeep
|turn|31
|
|t:|1760878192
|move|p2a: Dragapult|Hex|p1a: Kingambit
|-resisted|p1a: Kingambit
|-damage|p1a: Kingambit|51/100 par
|move|p1a: Kingambit|Kowtow Cleave|p2a: Dragapult
|-supereffective|p2a: Dragapult
|-crit|p2a: Dragapult
|-damage|p2a: Dragapult|0 fnt
|faint|p2a: Dragapult
|
|-heal|p1a: Kingambit|57/100 par|[from] item: Leftovers
|upkeep
|
|t:|1760878194
|switch|p2a: Zapdos|Zapdos|12/100
|turn|32
|
|t:|1760878197
|move|p2a: Zapdos|Roost|p2a: Zapdos
|-heal|p2a: Zapdos|62/100
|-singleturn|p2a: Zapdos|move: Roost
|cant|p1a: Kingambit|par
|
|-heal|p1a: Kingambit|63/100 par|[from] item: Leftovers
|upkeep
|turn|33
|
|t:|1760878203
|move|p2a: Zapdos|Roost|p2a: Zapdos
|-heal|p2a: Zapdos|100/100
|-singleturn|p2a: Zapdos|move: Roost
|cant|p1a: Kingambit|par
|
|-heal|p1a: Kingambit|69/100 par|[from] item: Leftovers
|upkeep
|turn|34
|
|t:|1760878209
|move|p2a: Zapdos|Volt Switch|p1a: Kingambit
|-damage|p1a: Kingambit|38/100 par
|move|p1a: Kingambit|Swords Dance|p1a: Kingambit
|-boost|p1a: Kingambit|atk|2
|
|-heal|p1a: Kingambit|44/100 par|[from] item: Leftovers
|upkeep
|turn|35
|
|t:|1760878212
|move|p2a: Zapdos|Volt Switch|p1a: Kingambit
|-damage|p1a: Kingambit|13/100 par
|move|p1a: Kingambit|Kowtow Cleave|p2a: Zapdos
|-damage|p2a: Zapdos|11/100
|
|-heal|p1a: Kingambit|19/100 par|[from] item: Leftovers
|upkeep
|turn|36
|
|t:|1760878218
|move|p1a: Kingambit|Sucker Punch||[still]
|-fail|p1a: Kingambit
|move|p2a: Zapdos|Roost|p2a: Zapdos
|-heal|p2a: Zapdos|61/100
|-singleturn|p2a: Zapdos|move: Roost
|
|-heal|p1a: Kingambit|25/100 par|[from] item: Leftovers
|upkeep
|turn|37
|
|t:|1760878220
|move|p1a: Kingambit|Sucker Punch||[still]
|-fail|p1a: Kingambit
|move|p2a: Zapdos|Roost|p2a: Zapdos
|-heal|p2a: Zapdos|100/100
|-singleturn|p2a: Zapdos|move: Roost
|
|-heal|p1a: Kingambit|31/100 par|[from] item: Leftovers
|upkeep
|turn|38
|
|t:|1760878222
|move|p1a: Kingambit|Sucker Punch|p2a: Zapdos
|-damage|p2a: Zapdos|27/100
|move|p2a: Zapdos|Volt Switch|p1a: Kingambit
|-damage|p1a: Kingambit|0 fnt
|faint|p1a: Kingambit
|-end|p1a: Kingambit|fallen3|[silent]
|
|upkeep
|inactive|scald spamm has 120 seconds left.
|c|☆hehe moon|i feel bad
|
|t:|1760878256
|switch|p1a: Landorus|Landorus-Therian, M|59/100
|-ability|p1a: Landorus|Intimidate|boost
|-unboost|p2a: Zapdos|atk|1
|turn|39
|c|☆hehe moon|want me to tera steel
|c|☆scald spamm|your choice
|
|t:|1760878267
|-terastallize|p2a: Zapdos|Steel
|move|p1a: Landorus|Taunt|p2a: Zapdos
|-start|p2a: Zapdos|move: Taunt
|cant|p2a: Zapdos|move: Taunt|Roost
|
|-heal|p1a: Landorus|65/100|[from] item: Leftovers
|upkeep
|turn|40
|
|t:|1760878274
|move|p1a: Landorus|Earth Power|p2a: Zapdos
|-supereffective|p2a: Zapdos
|-damage|p2a: Zapdos|0 fnt
|faint|p2a: Zapdos
|
|win|scald spamm
|raw|scald spamm's rating: 1469 &rarr; <strong>1487</strong><br />(+18 for winning)
|raw|hehe moon's rating: 1428 &rarr; <strong>1410</strong><br />(-18 for losing)
|c|☆hehe moon|ggs
|c|☆scald spamm|bad descision by you
|l|☆hehe moon
|player|p2|
|c|☆scald spamm|nah i hate players like u
|l|☆scald spamm
|player|p1|
