|j|☆byuself
|j|☆Mr Tpen
|t:|1760723341
|gametype|singles
|player|p1|byuself|2|1748
|player|p2|Mr Tpen|266|1750
|gen|9
|tier|[Gen 9] OU
|rated|
|rule|HP Percentage Mod: HP is shown in percentages
|rule|Endless Battle Clause: Forcing endless battles is banned
|rule|Species Clause: Limit one of each Pokémon
|rule|OHKO Clause: OHKO moves are banned
|rule|Evasion Items Clause: Evasion items are banned
|rule|Evasion Moves Clause: Evasion moves are banned
|rule|Evasion Abilities Clause: Evasion abilities are banned
|rule|Sleep Moves Clause: Sleep-inducing moves are banned
|clearpoke
|poke|p1|Walking Wake|
|poke|p1|Cresselia, F|
|poke|p1|Ninetales, F|
|poke|p1|Lilligant-Hisui, F|
|poke|p1|Raging Bolt|
|poke|p1|Great Tusk|
|poke|p2|Enamorus, F|
|poke|p2|Kyurem|
|poke|p2|Landorus-Therian, M|
|poke|p2|Kingambit, F|
|poke|p2|Ogerpon-Wellspring, F|
|poke|p2|Glimmora, F|
|teampreview
|inactive|Battle timer is ON: inactive players will automatically lose when time's up. (requested by Mr Tpen)
|
|t:|1760723349
|teamsize|p1|6
|teamsize|p2|6
|start
|switch|p1a: Walking Wake|Walking Wake|100/100
|switch|p2a: Kyurem|Kyurem|100/100
|-ability|p2a: Kyurem|Pressure
|turn|1
|
|t:|1760723353
|-end|p1a: Walking Wake|Protosynthesis|[silent]
|switch|p1a: Cresselia|Cresselia, F|100/100
|move|p2a: Kyurem|Freeze-Dry|p1a: Cresselia
|-damage|p1a: Cresselia|77/100
|-status|p1a: Cresselia|frz
|
|-heal|p1a: Cresselia|83/100 frz|[from] item: Leftovers
|upkeep
|turn|2
|
|t:|1760723357
|switch|p2a: Ogerpon|Ogerpon-Wellspring, F|100/100
|cant|p1a: Cresselia|frz
|
|-heal|p1a: Cresselia|90/100 frz|[from] item: Leftovers
|upkeep
|turn|3
|
|t:|1760723362
|switch|p1a: Raging Bolt|Raging Bolt|100/100
|move|p2a: Ogerpon|Knock Off|p1a: Raging Bolt
|-damage|p1a: Raging Bolt|64/100
|-enditem|p1a: Raging Bolt|Choice Specs|[from] move: Knock Off|[of] p2a: Ogerpon
|
|upkeep
|turn|4
|
|t:|1760723366
|move|p2a: Ogerpon|U-turn|p1a: Raging Bolt
|-damage|p1a: Raging Bolt|39/100
|
|t:|1760723368
|switch|p2a: Landorus|Landorus-Therian, M|100/100|[from] U-turn
|-ability|p2a: Landorus|Intimidate|boost
|-unboost|p1a: Raging Bolt|atk|1
|move|p1a: Raging Bolt|Draco Meteor|p2a: Landorus
|-damage|p2a: Landorus|18/100
|-unboost|p1a: Raging Bolt|spa|2
|
|upkeep
|turn|5
|
|t:|1760723376
|-end|p1a: Raging Bolt|Protosynthesis|[silent]
|switch|p1a: Cresselia|Cresselia, F|90/100 frz
|move|p2a: Landorus|Stealth Rock|p1a: Cresselia
|-sidestart|p1: byuself|move: Stealth Rock
|
|-heal|p1a: Cresselia|96/100 frz|[from] item: Leftovers
|upkeep
|turn|6
|
|t:|1760723379
|switch|p2a: Ogerpon|Ogerpon-Wellspring, F|100/100
|cant|p1a: Cresselia|frz
|
|-heal|p1a: Cresselia|100/100 frz|[from] item: Leftovers
|upkeep
|turn|7
|
|t:|1760723382
|move|p2a: Ogerpon|Knock Off|p1a: Cresselia
|-supereffective|p1a: Cresselia
|-damage|p1a: Cresselia|52/100 frz
|-enditem|p1a: Cresselia|Leftovers|[from] move: Knock Off|[of] p2a: Ogerpon
|cant|p1a: Cresselia|frz
|
|upkeep
|turn|8
|
|t:|1760723384
|move|p2a: Ogerpon|Ivy Cudgel|p1a: Cresselia|[anim] Ivy Cudgel Water
|-damage|p1a: Cresselia|15/100 frz
|cant|p1a: Cresselia|frz
|
|upkeep
|turn|9
|
|t:|1760723386
|move|p2a: Ogerpon|U-turn|p1a: Cresselia
|-supereffective|p1a: Cresselia
|-damage|p1a: Cresselia|0 fnt
|faint|p1a: Cresselia
|
|t:|1760723389
|switch|p2a: Kyurem|Kyurem|100/100|[from] U-turn
|-ability|p2a: Kyurem|Pressure
|
|upkeep
|
|t:|1760723392
|switch|p1a: Ninetales|Ninetales, F|100/100
|-damage|p1a: Ninetales|76/100|[from] Stealth Rock
|-weather|SunnyDay|[from] ability: Drought|[of] p1a: Ninetales
|turn|10
|
|t:|1760723398
|switch|p1a: Walking Wake|Walking Wake|100/100
|-damage|p1a: Walking Wake|88/100|[from] Stealth Rock
|-activate|p1a: Walking Wake|ability: Protosynthesis
|-start|p1a: Walking Wake|protosynthesisspa
|move|p2a: Kyurem|Draco Meteor|p1a: Walking Wake
|-supereffective|p1a: Walking Wake
|-damage|p1a: Walking Wake|0 fnt
|-unboost|p2a: Kyurem|spa|2
|faint|p1a: Walking Wake
|-end|p1a: Walking Wake|Protosynthesis|[silent]
|
|-weather|SunnyDay|[upkeep]
|upkeep
|
|t:|1760723400
|switch|p1a: Lilligant|Lilligant-Hisui, F|100/100
|-damage|p1a: Lilligant|94/100|[from] Stealth Rock
|turn|11
|
|t:|1760723405
|switch|p2a: Glimmora|Glimmora, F|100/100
|move|p1a: Lilligant|Triple Axel|p2a: Glimmora
|-damage|p2a: Glimmora|93/100
|-activate|p2a: Glimmora|ability: Toxic Debris
|-sidestart|p1: byuself|move: Toxic Spikes
|-damage|p2a: Glimmora|81/100
|-activate|p2a: Glimmora|ability: Toxic Debris
|-sidestart|p1: byuself|move: Toxic Spikes
|-damage|p2a: Glimmora|61/100
|-hitcount|p2a: Glimmora|3
|-enditem|p2a: Glimmora|Red Card|[of] p1a: Lilligant
|drag|p1a: Ninetales|Ninetales, F|76/100
|-damage|p1a: Ninetales|51/100|[from] Stealth Rock
|-status|p1a: Ninetales|tox
|
|-weather|SunnyDay|[upkeep]
|-damage|p1a: Ninetales|45/100 tox|[from] psn
|upkeep
|turn|12
|
|t:|1760723408
|move|p1a: Ninetales|Scorching Sands|p2a: Glimmora
|-supereffective|p2a: Glimmora
|-damage|p2a: Glimmora|0 fnt
|faint|p2a: Glimmora
|
|-weather|SunnyDay|[upkeep]
|-damage|p1a: Ninetales|32/100 tox|[from] psn
|upkeep
|
|t:|1760723415
|switch|p2a: Ogerpon|Ogerpon-Wellspring, F|100/100
|turn|13
|
|t:|1760723417
|switch|p1a: Great Tusk|Great Tusk|100/100
|-damage|p1a: Great Tusk|98/100|[from] Stealth Rock
|-status|p1a: Great Tusk|tox
|-activate|p1a: Great Tusk|ability: Protosynthesis
|-start|p1a: Great Tusk|protosynthesisspe
|move|p2a: Ogerpon|Knock Off|p1a: Great Tusk
|-resisted|p1a: Great Tusk
|-damage|p1a: Great Tusk|85/100 tox
|-enditem|p1a: Great Tusk|Eject Pack|[from] move: Knock Off|[of] p2a: Ogerpon
|
|-weather|SunnyDay|[upkeep]
|-damage|p1a: Great Tusk|79/100 tox|[from] psn
|upkeep
|turn|14
|
|t:|1760723423
|move|p1a: Great Tusk|Rapid Spin|p2a: Ogerpon
|-damage|p2a: Ogerpon|80/100
|-boost|p1a: Great Tusk|spe|1
|-sideend|p1: byuself|Toxic Spikes|[from] move: Rapid Spin|[of] p1a: Great Tusk
|-sideend|p1: byuself|Stealth Rock|[from] move: Rapid Spin|[of] p1a: Great Tusk
|move|p2a: Ogerpon|Ivy Cudgel|p1a: Great Tusk|[anim] Ivy Cudgel Water
|-supereffective|p1a: Great Tusk
|-crit|p1a: Great Tusk
|-damage|p1a: Great Tusk|19/100 tox
|
|-weather|SunnyDay|[upkeep]
|-damage|p1a: Great Tusk|7/100 tox|[from] psn
|upkeep
|turn|15
|
|t:|1760723428
|switch|p2a: Landorus|Landorus-Therian, M|18/100
|-ability|p2a: Landorus|Intimidate|boost
|-unboost|p1a: Great Tusk|atk|1
|move|p1a: Great Tusk|Stealth Rock|p2a: Landorus
|-sidestart|p2: Mr Tpen|move: Stealth Rock
|
|-weather|SunnyDay|[upkeep]
|-damage|p1a: Great Tusk|0 fnt|[from] psn
|faint|p1a: Great Tusk
|-end|p1a: Great Tusk|Protosynthesis|[silent]
|upkeep
|
|t:|1760723432
|switch|p1a: Lilligant|Lilligant-Hisui, F|94/100
|turn|16
|
|t:|1760723436
|move|p1a: Lilligant|Solar Blade||[still]
|-prepare|p1a: Lilligant|Solar Blade
|-anim|p1a: Lilligant|Solar Blade|p2a: Landorus
|-damage|p2a: Landorus|0 fnt
|-damage|p1a: Lilligant|78/100|[from] item: Rocky Helmet|[of] p2a: Landorus
|faint|p2a: Landorus
|-damage|p1a: Lilligant|68/100|[from] item: Life Orb
|
|-weather|SunnyDay|[upkeep]
|upkeep
|
|t:|1760723443
|switch|p2a: Enamorus|Enamorus, F|100/100
|turn|17
|
|t:|1760723447
|switch|p1a: Raging Bolt|Raging Bolt|39/100
|-activate|p1a: Raging Bolt|ability: Protosynthesis
|-start|p1a: Raging Bolt|protosynthesisspa
|switch|p2a: Ogerpon|Ogerpon-Wellspring, F|80/100
|-damage|p2a: Ogerpon|68/100|[from] Stealth Rock
|
|-weather|none
|-end|p1a: Raging Bolt|Protosynthesis
|upkeep
|turn|18
|
|t:|1760723453
|move|p2a: Ogerpon|Knock Off|p1a: Raging Bolt
|-damage|p1a: Raging Bolt|17/100
|move|p1a: Raging Bolt|Volt Switch|p2a: Ogerpon
|-damage|p2a: Ogerpon|17/100
|
|t:|1760723456
|-end|p1a: Raging Bolt|Protosynthesis|[silent]
|switch|p1a: Ninetales|Ninetales, F|32/100 tox|[from] Volt Switch
|-weather|SunnyDay|[from] ability: Drought|[of] p1a: Ninetales
|
|-weather|SunnyDay|[upkeep]
|-damage|p1a: Ninetales|26/100 tox|[from] psn
|upkeep
|turn|19
|
|t:|1760723461
|switch|p1a: Raging Bolt|Raging Bolt|17/100
|-activate|p1a: Raging Bolt|ability: Protosynthesis
|-start|p1a: Raging Bolt|protosynthesisspa
|move|p2a: Ogerpon|Knock Off|p1a: Raging Bolt
|-damage|p1a: Raging Bolt|0 fnt
|faint|p1a: Raging Bolt
|-end|p1a: Raging Bolt|Protosynthesis|[silent]
|
|-weather|SunnyDay|[upkeep]
|upkeep
|
|t:|1760723462
|switch|p1a: Lilligant|Lilligant-Hisui, F|68/100
|turn|20
|
|t:|1760723465
|move|p1a: Lilligant|Solar Blade||[still]
|-prepare|p1a: Lilligant|Solar Blade
|-anim|p1a: Lilligant|Solar Blade|p2a: Ogerpon
|-damage|p2a: Ogerpon|0 fnt
|faint|p2a: Ogerpon
|-damage|p1a: Lilligant|58/100|[from] item: Life Orb
|
|-weather|SunnyDay|[upkeep]
|upkeep
|
|t:|1760723469
|switch|p2a: Kyurem|Kyurem|100/100
|-damage|p2a: Kyurem|76/100|[from] Stealth Rock
|-ability|p2a: Kyurem|Pressure
|turn|21
|
|t:|1760723478
|switch|p1a: Ninetales|Ninetales, F|26/100 tox
|move|p2a: Kyurem|Draco Meteor|p1a: Ninetales
|-damage|p1a: Ninetales|0 fnt
|-unboost|p2a: Kyurem|spa|2
|faint|p1a: Ninetales
|
|-weather|SunnyDay|[upkeep]
|upkeep
|
|t:|1760723480
|switch|p1a: Lilligant|Lilligant-Hisui, F|58/100
|turn|22
|
|t:|1760723483
|switch|p2a: Enamorus|Enamorus, F|100/100
|move|p1a: Lilligant|Close Combat|p2a: Enamorus
|-resisted|p2a: Enamorus
|-damage|p2a: Enamorus|71/100
|-unboost|p1a: Lilligant|def|1
|-unboost|p1a: Lilligant|spd|1
|-damage|p1a: Lilligant|48/100|[from] item: Life Orb
|
|-weather|SunnyDay|[upkeep]
|upkeep
|turn|23
|
|t:|1760723487
|move|p1a: Lilligant|Triple Axel|p2a: Enamorus
|-supereffective|p2a: Enamorus
|-damage|p2a: Enamorus|43/100
|-supereffective|p2a: Enamorus
|-damage|p2a: Enamorus|0 fnt
|faint|p2a: Enamorus
|-hitcount|p2: Enamorus|2
|-damage|p1a: Lilligant|38/100|[from] item: Life Orb
|
|-weather|SunnyDay|[upkeep]
|upkeep
|
|t:|1760723491
|switch|p2a: Kingambit|Kingambit, F|100/100
|-damage|p2a: Kingambit|94/100|[from] Stealth Rock
|-activate|p2a: Kingambit|ability: Supreme Overlord
|-start|p2a: Kingambit|fallen4|[silent]
|-item|p2a: Kingambit|Air Balloon
|turn|24
|j| jimmy powka
|
|t:|1760723494
|-terastallize|p2a: Kingambit|Ghost
|move|p1a: Lilligant|Close Combat|p2a: Kingambit
|-immune|p2a: Kingambit
|move|p2a: Kingambit|Iron Head|p1a: Lilligant
|-damage|p1a: Lilligant|0 fnt
|faint|p1a: Lilligant
|
|win|Mr Tpen
|raw|byuself's rating: 1748 &rarr; <strong>1728</strong><br />(-20 for losing)
|raw|Mr Tpen's rating: 1750 &rarr; <strong>1770</strong><br />(+20 for winning)
|l|☆byuself
|player|p1|
|l|☆Mr Tpen
|player|p2|
