|j|☆Bogatyum
|j|☆DexTrainerRed
|t:|1760832199
|gametype|singles
|player|p1|Bogatyum|ethan|1130
|player|p2|DexTrainerRed|ash-kalos|1158
|gen|9
|tier|[Gen 9] OU
|rated|
|rule|HP Percentage Mod: HP is shown in percentages
|rule|Endless Battle Clause: Forcing endless battles is banned
|rule|Species Clause: Limit one of each Pokémon
|rule|OHKO Clause: OHKO moves are banned
|rule|Evasion Items Clause: Evasion items are banned
|rule|Evasion Moves Clause: Evasion moves are banned
|rule|Evasion Abilities Clause: Evasion abilities are banned
|rule|Sleep Moves Clause: Sleep-inducing moves are banned
|clearpoke
|poke|p1|Cloyster, M|
|poke|p1|Moltres|
|poke|p1|Gengar, M|
|poke|p1|Zapdos|
|poke|p1|Poliwrath, M|
|poke|p1|Scream Tail|
|poke|p2|Infernape, M|
|poke|p2|Staraptor, M|
|poke|p2|Torterra, M|
|poke|p2|Empoleon, M|
|poke|p2|Garchomp, F|
|poke|p2|Pikachu, M|
|teampreview
|inactive|Battle timer is ON: inactive players will automatically lose when time's up. (requested by DexTrainerRed)
|
|t:|1760832220
|teamsize|p1|6
|teamsize|p2|6
|start
|switch|p1a: Cloyster|Cloyster, M|100/100
|switch|p2a: Garchomp|Garchomp, F|100/100
|turn|1
|
|t:|1760832227
|-terastallize|p2a: Garchomp|Steel
|move|p2a: Garchomp|Scale Shot|p1a: Cloyster
|-damage|p1a: Cloyster|90/100
|-damage|p1a: Cloyster|80/100
|-damage|p1a: Cloyster|68/100
|-damage|p1a: Cloyster|57/100
|-damage|p1a: Cloyster|45/100
|-hitcount|p1a: Cloyster|5
|-unboost|p2a: Garchomp|def|1
|-boost|p2a: Garchomp|spe|1
|move|p1a: Cloyster|Shell Smash|p1a: Cloyster
|-unboost|p1a: Cloyster|def|1
|-unboost|p1a: Cloyster|spd|1
|-boost|p1a: Cloyster|atk|2
|-boost|p1a: Cloyster|spa|2
|-boost|p1a: Cloyster|spe|2
|-enditem|p1a: Cloyster|White Herb
|-clearnegativeboost|p1a: Cloyster|[silent]
|
|upkeep
|turn|2
|
|t:|1760832247
|-terastallize|p1a: Cloyster|Electric
|move|p2a: Garchomp|Iron Head|p1a: Cloyster
|-resisted|p1a: Cloyster
|-damage|p1a: Cloyster|27/100
|move|p1a: Cloyster|Drill Run|p2a: Garchomp
|-supereffective|p2a: Garchomp
|-damage|p2a: Garchomp|0 fnt
|-damage|p1a: Cloyster|15/100|[from] ability: Rough Skin|[of] p2a: Garchomp
|faint|p2a: Garchomp
|
|upkeep
|
|t:|1760832257
|switch|p2a: Infernape|Infernape, M|100/100
|turn|3
|
|t:|1760832275
|move|p1a: Cloyster|Drill Run|p2a: Infernape
|-supereffective|p2a: Infernape
|-enditem|p2a: Infernape|Focus Sash
|-damage|p2a: Infernape|1/100
|move|p2a: Infernape|Aura Sphere|p1a: Cloyster
|-damage|p1a: Cloyster|0 fnt
|faint|p1a: Cloyster
|
|upkeep
|
|t:|1760832285
|switch|p1a: Poliwrath|Poliwrath, M|100/100
|turn|4
|
|t:|1760832288
|move|p2a: Infernape|Grass Knot|p1a: Poliwrath
|-supereffective|p1a: Poliwrath
|-crit|p1a: Poliwrath
|-damage|p1a: Poliwrath|22/100
|-enditem|p1a: Poliwrath|Sitrus Berry|[eat]
|-heal|p1a: Poliwrath|47/100|[from] item: Sitrus Berry
|move|p1a: Poliwrath|Belly Drum||[still]
|-fail|p1a: Poliwrath
|
|upkeep
|turn|5
|
|t:|1760832298
|move|p2a: Infernape|Grass Knot|p1a: Poliwrath
|-supereffective|p1a: Poliwrath
|-damage|p1a: Poliwrath|0 fnt
|faint|p1a: Poliwrath
|
|upkeep
|
|t:|1760832306
|switch|p1a: Gengar|Gengar, M|100/100
|turn|6
|
|t:|1760832312
|move|p2a: Infernape|Flamethrower|p1a: Gengar
|-enditem|p1a: Gengar|Focus Sash
|-damage|p1a: Gengar|1/100
|move|p1a: Gengar|Hex|p2a: Infernape
|-damage|p2a: Infernape|0 fnt
|faint|p2a: Infernape
|
|upkeep
|
|t:|1760832320
|switch|p2a: Staraptor|Staraptor, M|100/100
|turn|7
|
|t:|1760832328
|switch|p1a: Scream Tail|Scream Tail|100/100
|move|p2a: Staraptor|U-turn|p1a: Scream Tail
|-damage|p1a: Scream Tail|80/100
|
|t:|1760832334
|switch|p2a: Empoleon|Empoleon, M|100/100|[from] U-turn
|
|-heal|p1a: Scream Tail|86/100|[from] item: Leftovers
|upkeep
|turn|8
|
|t:|1760832345
|move|p1a: Scream Tail|Calm Mind|p1a: Scream Tail
|-boost|p1a: Scream Tail|spa|1
|-boost|p1a: Scream Tail|spd|1
|move|p2a: Empoleon|Agility|p2a: Empoleon
|-boost|p2a: Empoleon|spe|2
|
|-heal|p1a: Scream Tail|92/100|[from] item: Leftovers
|upkeep
|turn|9
|
|t:|1760832354
|move|p2a: Empoleon|Hydro Pump|p1a: Scream Tail
|-damage|p1a: Scream Tail|52/100
|-damage|p2a: Empoleon|90/100|[from] item: Life Orb
|move|p1a: Scream Tail|Wish|p1a: Scream Tail
|
|-heal|p1a: Scream Tail|58/100|[from] item: Leftovers
|upkeep
|turn|10
|
|t:|1760832365
|move|p2a: Empoleon|Hydro Pump|p1a: Scream Tail
|-damage|p1a: Scream Tail|22/100
|-damage|p2a: Empoleon|80/100|[from] item: Life Orb
|move|p1a: Scream Tail|Calm Mind|p1a: Scream Tail
|-boost|p1a: Scream Tail|spa|1
|-boost|p1a: Scream Tail|spd|1
|
|-heal|p1a: Scream Tail|72/100|[from] move: Wish|[wisher] Scream Tail
|-heal|p1a: Scream Tail|78/100|[from] item: Leftovers
|upkeep
|turn|11
|
|t:|1760832376
|switch|p2a: Pikachu|Pikachu, M|100/100
|move|p1a: Scream Tail|Wish|p1a: Scream Tail
|
|-heal|p1a: Scream Tail|84/100|[from] item: Leftovers
|upkeep
|turn|12
|
|t:|1760832383
|move|p1a: Scream Tail|Calm Mind|p1a: Scream Tail
|-boost|p1a: Scream Tail|spa|1
|-boost|p1a: Scream Tail|spd|1
|move|p2a: Pikachu|Volt Tackle|p1a: Scream Tail
|-damage|p1a: Scream Tail|38/100
|-damage|p2a: Pikachu|73/100|[from] Recoil
|
|-heal|p1a: Scream Tail|88/100|[from] move: Wish|[wisher] Scream Tail
|-heal|p1a: Scream Tail|94/100|[from] item: Leftovers
|upkeep
|turn|13
|
|t:|1760832394
|move|p1a: Scream Tail|Wish|p1a: Scream Tail
|move|p2a: Pikachu|Volt Tackle|p1a: Scream Tail
|-damage|p1a: Scream Tail|50/100
|-damage|p2a: Pikachu|48/100|[from] Recoil
|
|-heal|p1a: Scream Tail|56/100|[from] item: Leftovers
|upkeep
|turn|14
|
|t:|1760832403
|move|p1a: Scream Tail|Boomburst|p2a: Pikachu
|-damage|p2a: Pikachu|0 fnt
|faint|p2a: Pikachu
|
|-heal|p1a: Scream Tail|100/100|[from] move: Wish|[wisher] Scream Tail
|upkeep
|
|t:|1760832410
|switch|p2a: Staraptor|Staraptor, M|100/100
|turn|15
|
|t:|1760832413
|move|p2a: Staraptor|Double-Edge|p1a: Scream Tail
|-damage|p1a: Scream Tail|31/100
|-damage|p2a: Staraptor|73/100|[from] Recoil
|move|p1a: Scream Tail|Calm Mind|p1a: Scream Tail
|-boost|p1a: Scream Tail|spa|1
|-boost|p1a: Scream Tail|spd|1
|
|-heal|p1a: Scream Tail|37/100|[from] item: Leftovers
|upkeep
|turn|16
|
|t:|1760832424
|move|p2a: Staraptor|Double-Edge|p1a: Scream Tail
|-damage|p1a: Scream Tail|0 fnt
|faint|p1a: Scream Tail
|-end|p1a: Scream Tail|Protosynthesis|[silent]
|-damage|p2a: Staraptor|59/100|[from] Recoil
|
|upkeep
|
|t:|1760832431
|switch|p1a: Gengar|Gengar, M|1/100
|turn|17
|
|t:|1760832435
|switch|p2a: Empoleon|Empoleon, M|80/100
|move|p1a: Gengar|Sludge Bomb|p2a: Empoleon
|-immune|p2a: Empoleon
|
|upkeep
|turn|18
|-message|Bogatyum forfeited.
|
|win|DexTrainerRed
|raw|Bogatyum's rating: 1130 &rarr; <strong>1107</strong><br />(-23 for losing)
|raw|DexTrainerRed's rating: 1158 &rarr; <strong>1181</strong><br />(+23 for winning)
|l|☆Bogatyum
|player|p1|
|l|☆DexTrainerRed
|player|p2|
