|j|☆WingedOnion
|j|☆prakshep
|t:|1760863011
|gametype|singles
|player|p1|WingedOnion|102|1524
|player|p2|prakshep|nate|1502
|gen|9
|tier|[Gen 9] OU
|rated|
|rule|HP Percentage Mod: HP is shown in percentages
|rule|Endless Battle Clause: Forcing endless battles is banned
|rule|Species Clause: Limit one of each Pokémon
|rule|OHKO Clause: OHKO moves are banned
|rule|Evasion Items Clause: Evasion items are banned
|rule|Evasion Moves Clause: Evasion moves are banned
|rule|Evasion Abilities Clause: Evasion abilities are banned
|rule|Sleep Moves Clause: Sleep-inducing moves are banned
|clearpoke
|poke|p1|Great Tusk|
|poke|p1|Tornadus-Therian, M|
|poke|p1|Raging Bolt|
|poke|p1|Slowking-Galar, M|
|poke|p1|Hoopa-Unbound|
|poke|p1|Clefable, M|
|poke|p2|Ursaluna, F|
|poke|p2|Iron Boulder|
|poke|p2|Iron Moth|
|poke|p2|Raging Bolt|
|poke|p2|Quaquaval, F|
|poke|p2|Iron Jugulis|
|teampreview
|inactive|Battle timer is ON: inactive players will automatically lose when time's up. (requested by WingedOnion)
|
|t:|1760863021
|teamsize|p1|6
|teamsize|p2|6
|start
|switch|p1a: Hoopa|Hoopa-Unbound|100/100
|switch|p2a: Iron Jugulis|Iron Jugulis|100/100
|-enditem|p2a: Iron Jugulis|Booster Energy
|-activate|p2a: Iron Jugulis|ability: Quark Drive|[fromitem]
|-start|p2a: Iron Jugulis|quarkdrivespe
|turn|1
|
|t:|1760863026
|move|p2a: Iron Jugulis|Hurricane|p1a: Hoopa
|-damage|p1a: Hoopa|55/100
|move|p1a: Hoopa|Drain Punch|p2a: Iron Jugulis
|-damage|p2a: Iron Jugulis|43/100
|-heal|p1a: Hoopa|87/100|[from] drain|[of] p2a: Iron Jugulis
|
|upkeep
|turn|2
|
|t:|1760863040
|switch|p1a: Slowking|Slowking-Galar, M|100/100
|move|p2a: Iron Jugulis|Hurricane|p1a: Slowking
|-damage|p1a: Slowking|64/100
|-start|p1a: Slowking|confusion
|
|upkeep
|turn|3
|
|t:|1760863045
|move|p2a: Iron Jugulis|Dark Pulse|p1a: Slowking
|-supereffective|p1a: Slowking
|-crit|p1a: Slowking
|-damage|p1a: Slowking|0 fnt
|faint|p1a: Slowking
|
|upkeep
|
|t:|1760863049
|switch|p1a: Clefable|Clefable, M|100/100
|turn|4
|
|t:|1760863054
|move|p2a: Iron Jugulis|Earth Power|p1a: Clefable
|-damage|p1a: Clefable|71/100
|move|p1a: Clefable|Moonblast|p2a: Iron Jugulis
|-supereffective|p2a: Iron Jugulis
|-damage|p2a: Iron Jugulis|0 fnt
|faint|p2a: Iron Jugulis
|-end|p2a: Iron Jugulis|Quark Drive|[silent]
|
|-heal|p1a: Clefable|77/100|[from] item: Leftovers
|upkeep
|
|t:|1760863059
|switch|p2a: Iron Moth|Iron Moth|100/100
|-enditem|p2a: Iron Moth|Booster Energy
|-activate|p2a: Iron Moth|ability: Quark Drive|[fromitem]
|-start|p2a: Iron Moth|quarkdrivespe
|turn|5
|
|t:|1760863074
|switch|p1a: Tornadus|Tornadus-Therian, M|100/100
|move|p2a: Iron Moth|Fiery Dance|p1a: Tornadus
|-damage|p1a: Tornadus|61/100
|-boost|p2a: Iron Moth|spa|1
|
|upkeep
|turn|6
|
|t:|1760863077
|move|p2a: Iron Moth|Fiery Dance|p1a: Tornadus
|-damage|p1a: Tornadus|0 fnt
|faint|p1a: Tornadus
|
|upkeep
|
|t:|1760863088
|switch|p1a: Hoopa|Hoopa-Unbound|87/100
|turn|7
|
|t:|1760863091
|move|p2a: Iron Moth|Dazzling Gleam|p1a: Hoopa
|-supereffective|p1a: Hoopa
|-damage|p1a: Hoopa|11/100
|move|p1a: Hoopa|Hyperspace Fury|p2a: Iron Moth
|-damage|p2a: Iron Moth|0 fnt
|-unboost|p1a: Hoopa|def|1
|faint|p2a: Iron Moth
|-end|p2a: Iron Moth|Quark Drive|[silent]
|
|upkeep
|
|t:|1760863095
|switch|p2a: Quaquaval|Quaquaval, F|100/100
|turn|8
|
|t:|1760863097
|move|p2a: Quaquaval|Rapid Spin|p1a: Hoopa
|-damage|p1a: Hoopa|0 fnt
|-boost|p2a: Quaquaval|spe|1
|faint|p1a: Hoopa
|-ability|p2a: Quaquaval|Moxie|boost
|-boost|p2a: Quaquaval|atk|1
|
|upkeep
|
|t:|1760863100
|switch|p1a: Raging Bolt|Raging Bolt|100/100
|turn|9
|
|t:|1760863103
|move|p2a: Quaquaval|Close Combat|p1a: Raging Bolt
|-damage|p1a: Raging Bolt|11/100
|-unboost|p2a: Quaquaval|def|1
|-unboost|p2a: Quaquaval|spd|1
|move|p1a: Raging Bolt|Draco Meteor|p2a: Quaquaval
|-damage|p2a: Quaquaval|0 fnt
|-unboost|p1a: Raging Bolt|spa|2
|faint|p2a: Quaquaval
|
|upkeep
|
|t:|1760863119
|switch|p2a: Ursaluna|Ursaluna, F|100/100
|turn|10
|
|t:|1760863124
|move|p1a: Raging Bolt|Draco Meteor|p2a: Ursaluna|[miss]
|-miss|p1a: Raging Bolt|p2a: Ursaluna
|move|p2a: Ursaluna|Facade|p1a: Raging Bolt
|-damage|p1a: Raging Bolt|0 fnt
|faint|p1a: Raging Bolt
|-end|p1a: Raging Bolt|Protosynthesis|[silent]
|
|-status|p2a: Ursaluna|brn|[from] item: Flame Orb
|upkeep
|
|t:|1760863128
|switch|p1a: Great Tusk|Great Tusk|100/100
|turn|11
|
|t:|1760863135
|move|p1a: Great Tusk|Close Combat|p2a: Ursaluna
|-supereffective|p2a: Ursaluna
|-damage|p2a: Ursaluna|16/100 brn
|-unboost|p1a: Great Tusk|def|1
|-unboost|p1a: Great Tusk|spd|1
|move|p2a: Ursaluna|Facade|p1a: Great Tusk
|-damage|p1a: Great Tusk|0 fnt
|faint|p1a: Great Tusk
|-end|p1a: Great Tusk|Protosynthesis|[silent]
|
|-damage|p2a: Ursaluna|10/100 brn|[from] brn
|upkeep
|
|t:|1760863137
|switch|p1a: Clefable|Clefable, M|77/100
|turn|12
|
|t:|1760863142
|move|p1a: Clefable|Moonblast|p2a: Ursaluna
|-damage|p2a: Ursaluna|0 fnt
|faint|p2a: Ursaluna
|
|-heal|p1a: Clefable|83/100|[from] item: Leftovers
|upkeep
|
|t:|1760863145
|switch|p2a: Raging Bolt|Raging Bolt|100/100
|-enditem|p2a: Raging Bolt|Booster Energy
|-activate|p2a: Raging Bolt|ability: Protosynthesis|[fromitem]
|-start|p2a: Raging Bolt|protosynthesisspa
|turn|13
|
|t:|1760863147
|move|p2a: Raging Bolt|Thunderbolt|p1a: Clefable
|-damage|p1a: Clefable|25/100
|move|p1a: Clefable|Calm Mind|p1a: Clefable
|-boost|p1a: Clefable|spa|1
|-boost|p1a: Clefable|spd|1
|
|-heal|p1a: Clefable|31/100|[from] item: Leftovers
|upkeep
|turn|14
|
|t:|1760863152
|move|p2a: Raging Bolt|Thunderbolt|p1a: Clefable
|-damage|p1a: Clefable|0 fnt
|faint|p1a: Clefable
|
|win|prakshep
|raw|WingedOnion's rating: 1524 &rarr; <strong>1503</strong><br />(-21 for losing)
|raw|prakshep's rating: 1502 &rarr; <strong>1523</strong><br />(+21 for winning)
|l|☆prakshep
|player|p2|
|l|☆WingedOnion
|player|p1|
