|j|☆Loempia
|j|☆ori456
|t:|1760783772
|gametype|singles
|player|p1|Loempia|102|1396
|player|p2|ori456|1|1334
|gen|9
|tier|[Gen 9] OU
|rated|
|rule|HP Percentage Mod: HP is shown in percentages
|rule|Endless Battle Clause: Forcing endless battles is banned
|rule|Species Clause: Limit one of each Pokémon
|rule|OHKO Clause: OHKO moves are banned
|rule|Evasion Items Clause: Evasion items are banned
|rule|Evasion Moves Clause: Evasion moves are banned
|rule|Evasion Abilities Clause: Evasion abilities are banned
|rule|Sleep Moves Clause: Sleep-inducing moves are banned
|clearpoke
|poke|p1|Okidogi, M|
|poke|p1|Ting-Lu|
|poke|p1|Ogerpon-Wellspring, F|
|poke|p1|Great Tusk|
|poke|p1|Dragonite, M|
|poke|p1|Enamorus, F|
|poke|p2|Samurott-Hisui, F|
|poke|p2|Corviknight, M|
|poke|p2|Torkoal, F|
|poke|p2|Walking Wake|
|poke|p2|Dragapult, F|
|poke|p2|Kingambit, M|
|teampreview
|
|t:|1760783781
|teamsize|p1|6
|teamsize|p2|6
|start
|switch|p1a: Okidogi|Okidogi, M|100/100
|switch|p2a: Samurott|Samurott-Hisui, F|100/100
|turn|1
|
|t:|1760783790
|move|p2a: Samurott|Ceaseless Edge|p1a: Okidogi
|-resisted|p1a: Okidogi
|-damage|p1a: Okidogi|80/100
|-sidestart|p1: Loempia|Spikes
|move|p1a: Okidogi|Drain Punch|p2a: Samurott
|-supereffective|p2a: Samurott
|-damage|p2a: Samurott|0 fnt
|-heal|p1a: Okidogi|100/100|[from] drain|[of] p2a: Samurott
|faint|p2a: Samurott
|
|upkeep
|
|t:|1760783800
|switch|p2a: Torkoal|Torkoal, F|100/100
|-weather|SunnyDay|[from] ability: Drought|[of] p2a: Torkoal
|turn|2
|
|t:|1760783815
|switch|p2a: Walking Wake|Walking Wake|100/100
|-activate|p2a: Walking Wake|ability: Protosynthesis
|-start|p2a: Walking Wake|protosynthesisspa
|move|p1a: Okidogi|Knock Off|p2a: Walking Wake
|-damage|p2a: Walking Wake|63/100
|-enditem|p2a: Walking Wake|Choice Scarf|[from] move: Knock Off|[of] p1a: Okidogi
|
|-weather|SunnyDay|[upkeep]
|upkeep
|turn|3
|
|t:|1760783829
|move|p2a: Walking Wake|Hydro Steam|p1a: Okidogi
|-damage|p1a: Okidogi|43/100
|move|p1a: Okidogi|Drain Punch|p2a: Walking Wake
|-damage|p2a: Walking Wake|20/100
|-heal|p1a: Okidogi|63/100|[from] drain|[of] p2a: Walking Wake
|
|-weather|SunnyDay|[upkeep]
|upkeep
|turn|4
|
|t:|1760783839
|switch|p1a: Ogerpon|Ogerpon-Wellspring, F|100/100
|-damage|p1a: Ogerpon|88/100|[from] Spikes
|move|p2a: Walking Wake|Hydro Steam|p1a: Ogerpon
|-heal|p1a: Ogerpon|100/100|[from] ability: Water Absorb|[of] p2a: Walking Wake
|
|-weather|SunnyDay|[upkeep]
|upkeep
|turn|5
|l|☆Loempia
|player|p1|
|j|☆Loempia
|player|p1|Loempia|102|
|
|t:|1760783867
|-end|p2a: Walking Wake|Protosynthesis|[silent]
|switch|p2a: Corviknight|Corviknight, M|100/100
|-ability|p2a: Corviknight|Unnerve
|move|p1a: Ogerpon|Power Whip|p2a: Corviknight
|-resisted|p2a: Corviknight
|-damage|p2a: Corviknight|90/100
|-damage|p1a: Ogerpon|84/100|[from] item: Rocky Helmet|[of] p2a: Corviknight
|
|-weather|SunnyDay|[upkeep]
|upkeep
|turn|6
|
|t:|1760783879
|switch|p1a: Great Tusk|Great Tusk|100/100
|-activate|p1a: Great Tusk|ability: Protosynthesis
|-start|p1a: Great Tusk|protosynthesisatk
|move|p2a: Corviknight|U-turn|p1a: Great Tusk
|-resisted|p1a: Great Tusk
|-damage|p1a: Great Tusk|95/100
|
|t:|1760783890
|switch|p2a: Walking Wake|Walking Wake|20/100|[from] U-turn
|-activate|p2a: Walking Wake|ability: Protosynthesis
|-start|p2a: Walking Wake|protosynthesisspa
|
|-weather|none
|-end|p2a: Walking Wake|Protosynthesis
|-end|p1a: Great Tusk|Protosynthesis
|upkeep
|turn|7
|
|t:|1760783903
|move|p2a: Walking Wake|Hydro Steam|p1a: Great Tusk
|-supereffective|p1a: Great Tusk
|-damage|p1a: Great Tusk|0 fnt
|faint|p1a: Great Tusk
|-end|p1a: Great Tusk|Protosynthesis|[silent]
|
|upkeep
|
|t:|1760783908
|switch|p1a: Okidogi|Okidogi, M|63/100
|-damage|p1a: Okidogi|50/100|[from] Spikes
|turn|8
|
|t:|1760783913
|-end|p2a: Walking Wake|Protosynthesis|[silent]
|switch|p2a: Corviknight|Corviknight, M|90/100
|-ability|p2a: Corviknight|Unnerve
|move|p1a: Okidogi|Drain Punch|p2a: Corviknight
|-damage|p2a: Corviknight|63/100
|-heal|p1a: Okidogi|64/100|[from] drain|[of] p2a: Corviknight
|-damage|p1a: Okidogi|48/100|[from] item: Rocky Helmet|[of] p2a: Corviknight
|
|upkeep
|turn|9
|
|t:|1760783924
|move|p1a: Okidogi|Knock Off|p2a: Corviknight
|-damage|p2a: Corviknight|40/100
|-damage|p1a: Okidogi|31/100|[from] item: Rocky Helmet|[of] p2a: Corviknight
|-enditem|p2a: Corviknight|Rocky Helmet|[from] move: Knock Off|[of] p1a: Okidogi
|move|p2a: Corviknight|Brave Bird|p1a: Okidogi
|-supereffective|p1a: Okidogi
|-damage|p1a: Okidogi|0 fnt
|faint|p1a: Okidogi
|-damage|p2a: Corviknight|31/100|[from] Recoil
|
|upkeep
|
|t:|1760783940
|switch|p1a: Enamorus|Enamorus, F|100/100
|turn|10
|
|t:|1760783944
|move|p1a: Enamorus|Mystical Fire|p2a: Corviknight
|-supereffective|p2a: Corviknight
|-damage|p2a: Corviknight|0 fnt
|faint|p2a: Corviknight
|
|upkeep
|
|t:|1760783955
|switch|p2a: Torkoal|Torkoal, F|100/100
|-weather|SunnyDay|[from] ability: Drought|[of] p2a: Torkoal
|turn|11
|
|t:|1760783962
|move|p1a: Enamorus|Mystical Fire|p2a: Torkoal
|-resisted|p2a: Torkoal
|-damage|p2a: Torkoal|82/100
|-unboost|p2a: Torkoal|spa|1
|move|p2a: Torkoal|Clear Smog|p1a: Enamorus
|-supereffective|p1a: Enamorus
|-damage|p1a: Enamorus|80/100
|-clearboost|p1a: Enamorus
|
|-weather|SunnyDay|[upkeep]
|upkeep
|turn|12
|
|t:|1760783974
|switch|p1a: Ting-Lu|Ting-Lu|100/100
|-damage|p1a: Ting-Lu|88/100|[from] Spikes
|-ability|p1a: Ting-Lu|Vessel of Ruin
|move|p2a: Torkoal|Clear Smog|p1a: Ting-Lu
|-resisted|p1a: Ting-Lu
|-damage|p1a: Ting-Lu|86/100
|-clearboost|p1a: Ting-Lu
|
|-weather|SunnyDay|[upkeep]
|-heal|p1a: Ting-Lu|92/100|[from] item: Leftovers
|upkeep
|turn|13
|
|t:|1760783990
|move|p1a: Ting-Lu|Spikes|p2a: Torkoal
|-sidestart|p2: ori456|Spikes
|move|p2a: Torkoal|Solar Beam||[still]
|-prepare|p2a: Torkoal|Solar Beam
|-anim|p2a: Torkoal|Solar Beam|p1a: Ting-Lu
|-supereffective|p1a: Ting-Lu
|-damage|p1a: Ting-Lu|72/100
|
|-weather|SunnyDay|[upkeep]
|-heal|p1a: Ting-Lu|78/100|[from] item: Leftovers
|upkeep
|turn|14
|
|t:|1760784000
|move|p1a: Ting-Lu|Earthquake|p2a: Torkoal
|-supereffective|p2a: Torkoal
|-damage|p2a: Torkoal|42/100
|move|p2a: Torkoal|Rapid Spin|p1a: Ting-Lu
|-crit|p1a: Ting-Lu
|-damage|p1a: Ting-Lu|72/100
|-boost|p2a: Torkoal|spe|1
|-sideend|p2: ori456|Spikes|[from] move: Rapid Spin|[of] p2a: Torkoal
|
|-weather|SunnyDay|[upkeep]
|-heal|p1a: Ting-Lu|79/100|[from] item: Leftovers
|upkeep
|turn|15
|
|t:|1760784011
|switch|p2a: Walking Wake|Walking Wake|20/100
|-activate|p2a: Walking Wake|ability: Protosynthesis
|-start|p2a: Walking Wake|protosynthesisspa
|move|p1a: Ting-Lu|Earthquake|p2a: Walking Wake
|-damage|p2a: Walking Wake|0 fnt
|faint|p2a: Walking Wake
|-end|p2a: Walking Wake|Protosynthesis|[silent]
|
|-weather|none
|-heal|p1a: Ting-Lu|85/100|[from] item: Leftovers
|upkeep
|l|☆Loempia
|player|p1|
|
|t:|1760784024
|switch|p2a: Dragapult|Dragapult, F|100/100
|turn|16
|j|☆Loempia
|player|p1|Loempia|102|
|
|t:|1760784033
|move|p2a: Dragapult|Psychic Fangs|p1a: Ting-Lu
|-immune|p1a: Ting-Lu
|move|p1a: Ting-Lu|Earthquake|p2a: Dragapult
|-damage|p2a: Dragapult|46/100
|
|-heal|p1a: Ting-Lu|91/100|[from] item: Leftovers
|upkeep
|turn|17
|
|t:|1760784041
|move|p2a: Dragapult|Dragon Darts|p1a: Ting-Lu
|-damage|p1a: Ting-Lu|77/100
|-anim|p2a: Dragapult|Dragon Darts|p1a: Ting-Lu
|-damage|p1a: Ting-Lu|64/100
|-damage|p2a: Dragapult|37/100|[from] item: Life Orb
|move|p1a: Ting-Lu|Spikes|p2a: Dragapult
|-sidestart|p2: ori456|Spikes
|
|-heal|p1a: Ting-Lu|70/100|[from] item: Leftovers
|upkeep
|turn|18
|
|t:|1760784051
|move|p2a: Dragapult|Dragon Darts|p1a: Ting-Lu
|-damage|p1a: Ting-Lu|55/100
|-anim|p2a: Dragapult|Dragon Darts|p1a: Ting-Lu
|-damage|p1a: Ting-Lu|42/100
|-damage|p2a: Dragapult|27/100|[from] item: Life Orb
|move|p1a: Ting-Lu|Spikes|p2a: Dragapult
|-sidestart|p2: ori456|Spikes
|
|-heal|p1a: Ting-Lu|48/100|[from] item: Leftovers
|upkeep
|turn|19
|
|t:|1760784061
|move|p2a: Dragapult|Dragon Darts|p1a: Ting-Lu
|-damage|p1a: Ting-Lu|34/100
|-anim|p2a: Dragapult|Dragon Darts|p1a: Ting-Lu
|-crit|p1a: Ting-Lu
|-damage|p1a: Ting-Lu|13/100
|-damage|p2a: Dragapult|17/100|[from] item: Life Orb
|move|p1a: Ting-Lu|Earthquake|p2a: Dragapult
|-damage|p2a: Dragapult|0 fnt
|faint|p2a: Dragapult
|
|-heal|p1a: Ting-Lu|19/100|[from] item: Leftovers
|upkeep
|
|t:|1760784074
|switch|p2a: Torkoal|Torkoal, F|42/100
|-damage|p2a: Torkoal|25/100|[from] Spikes
|-weather|SunnyDay|[from] ability: Drought|[of] p2a: Torkoal
|turn|20
|
|t:|1760784089
|-terastallize|p2a: Torkoal|Water
|move|p1a: Ting-Lu|Earthquake|p2a: Torkoal
|-damage|p2a: Torkoal|4/100
|move|p2a: Torkoal|Rapid Spin|p1a: Ting-Lu
|-damage|p1a: Ting-Lu|15/100
|-boost|p2a: Torkoal|spe|1
|-sideend|p2: ori456|Spikes|[from] move: Rapid Spin|[of] p2a: Torkoal
|
|-weather|SunnyDay|[upkeep]
|-heal|p1a: Ting-Lu|21/100|[from] item: Leftovers
|upkeep
|turn|21
|
|t:|1760784100
|move|p2a: Torkoal|Solar Beam||[still]
|-prepare|p2a: Torkoal|Solar Beam
|-anim|p2a: Torkoal|Solar Beam|p1a: Ting-Lu
|-supereffective|p1a: Ting-Lu
|-damage|p1a: Ting-Lu|0 fnt
|faint|p1a: Ting-Lu
|
|-weather|SunnyDay|[upkeep]
|upkeep
|
|t:|1760784110
|switch|p1a: Dragonite|Dragonite, M|100/100
|turn|22
|
|t:|1760784115
|move|p1a: Dragonite|Earthquake|p2a: Torkoal
|-damage|p2a: Torkoal|0 fnt
|faint|p2a: Torkoal
|
|-weather|SunnyDay|[upkeep]
|upkeep
|
|t:|1760784121
|switch|p2a: Kingambit|Kingambit, M|100/100
|-activate|p2a: Kingambit|ability: Supreme Overlord
|-start|p2a: Kingambit|fallen5|[silent]
|turn|23
|
|t:|1760784126
|move|p1a: Dragonite|Earthquake|p2a: Kingambit
|-supereffective|p2a: Kingambit
|-damage|p2a: Kingambit|43/100
|move|p2a: Kingambit|Kowtow Cleave|p1a: Dragonite
|-damage|p1a: Dragonite|48/100
|-damage|p2a: Kingambit|33/100|[from] item: Life Orb
|
|-weather|SunnyDay|[upkeep]
|upkeep
|turn|24
|
|t:|1760784136
|move|p2a: Kingambit|Sucker Punch|p1a: Dragonite
|-damage|p1a: Dragonite|0 fnt
|faint|p1a: Dragonite
|-damage|p2a: Kingambit|23/100|[from] item: Life Orb
|
|-weather|none
|upkeep
|
|t:|1760784138
|switch|p1a: Enamorus|Enamorus, F|80/100
|turn|25
|
|t:|1760784150
|move|p2a: Kingambit|Sucker Punch|p1a: Enamorus
|-resisted|p1a: Enamorus
|-damage|p1a: Enamorus|13/100
|-damage|p2a: Kingambit|13/100|[from] item: Life Orb
|move|p1a: Enamorus|Earth Power|p2a: Kingambit
|-supereffective|p2a: Kingambit
|-damage|p2a: Kingambit|0 fnt
|faint|p2a: Kingambit
|-end|p2a: Kingambit|fallen5|[silent]
|
|win|Loempia
|raw|Loempia's rating: 1396 &rarr; <strong>1412</strong><br />(+16 for winning)
|raw|ori456's rating: 1334 &rarr; <strong>1318</strong><br />(-16 for losing)
|l|☆ori456
|player|p2|
|l|☆Loempia
|player|p1|
