|j|☆bananana324
|j|☆frrrer34343
|t:|1760761730
|gametype|singles
|player|p1|bananana324|biker-gen4|1403
|player|p2|frrrer34343|101|1374
|gen|9
|tier|[Gen 9] OU
|rated|
|rule|HP Percentage Mod: HP is shown in percentages
|rule|Endless Battle Clause: Forcing endless battles is banned
|rule|Species Clause: Limit one of each Pokémon
|rule|OHKO Clause: OHKO moves are banned
|rule|Evasion Items Clause: Evasion items are banned
|rule|Evasion Moves Clause: Evasion moves are banned
|rule|Evasion Abilities Clause: Evasion abilities are banned
|rule|Sleep Moves Clause: Sleep-inducing moves are banned
|clearpoke
|poke|p1|Pelipper, F|
|poke|p1|Zapdos|
|poke|p1|Barraskewda, F|
|poke|p1|Ogerpon-Wellspring, F|
|poke|p1|Iron Treads|
|poke|p1|Walking Wake|
|poke|p2|Hatterene, F|
|poke|p2|Dragapult, F|
|poke|p2|Iron Treads|
|poke|p2|Umbreon, M|
|poke|p2|Gholdengo|
|poke|p2|Ogerpon-Wellspring, F|
|teampreview
|inactive|Battle timer is ON: inactive players will automatically lose when time's up. (requested by frrrer34343)
|
|t:|1760761744
|teamsize|p1|6
|teamsize|p2|6
|start
|switch|p1a: Iron Treads|Iron Treads|100/100
|switch|p2a: Dragapult|Dragapult, F|100/100
|turn|1
|
|t:|1760761751
|move|p2a: Dragapult|Fire Blast|p1a: Iron Treads
|-supereffective|p1a: Iron Treads
|-damage|p1a: Iron Treads|0 fnt
|faint|p1a: Iron Treads
|-end|p1a: Iron Treads|Quark Drive|[silent]
|
|upkeep
|
|t:|1760761756
|switch|p1a: Pelipper|Pelipper, F|100/100
|-weather|RainDance|[from] ability: Drizzle|[of] p1a: Pelipper
|turn|2
|
|t:|1760761764
|switch|p2a: Hatterene|Hatterene, F|100/100
|move|p1a: Pelipper|Hurricane|p2a: Hatterene
|-damage|p2a: Hatterene|59/100
|
|-weather|RainDance|[upkeep]
|-heal|p2a: Hatterene|65/100|[from] item: Leftovers
|upkeep
|turn|3
|
|t:|1760761772
|move|p1a: Pelipper|Hurricane|p2a: Hatterene
|-damage|p2a: Hatterene|26/100
|-start|p2a: Hatterene|confusion
|-activate|p2a: Hatterene|confusion
|-damage|p2a: Hatterene|19/100|[from] confusion
|
|-weather|RainDance|[upkeep]
|-heal|p2a: Hatterene|25/100|[from] item: Leftovers
|upkeep
|turn|4
|c|☆frrrer34343|nice
|
|t:|1760761784
|switch|p2a: Gholdengo|Gholdengo|100/100
|move|p1a: Pelipper|U-turn|p2a: Gholdengo
|-resisted|p2a: Gholdengo
|-damage|p2a: Gholdengo|99/100
|
|t:|1760761796
|switch|p1a: Walking Wake|Walking Wake|100/100|[from] U-turn
|-enditem|p1a: Walking Wake|Booster Energy
|-activate|p1a: Walking Wake|ability: Protosynthesis|[fromitem]
|-start|p1a: Walking Wake|protosynthesisspa
|
|-weather|RainDance|[upkeep]
|-heal|p2a: Gholdengo|100/100|[from] item: Leftovers
|upkeep
|turn|5
|
|t:|1760761803
|-terastallize|p2a: Gholdengo|Water
|move|p1a: Walking Wake|Hydro Pump|p2a: Gholdengo
|-resisted|p2a: Gholdengo
|-damage|p2a: Gholdengo|43/100
|move|p2a: Gholdengo|Thunder Wave|p1a: Walking Wake
|-status|p1a: Walking Wake|par
|
|-weather|RainDance|[upkeep]
|-heal|p2a: Gholdengo|49/100|[from] item: Leftovers
|upkeep
|turn|6
|
|t:|1760761812
|switch|p2a: Hatterene|Hatterene, F|25/100
|move|p1a: Walking Wake|Draco Meteor|p2a: Hatterene
|-immune|p2a: Hatterene
|
|-weather|RainDance|[upkeep]
|-heal|p2a: Hatterene|31/100|[from] item: Leftovers
|upkeep
|turn|7
|
|t:|1760761821
|switch|p2a: Ogerpon|Ogerpon-Wellspring, F|100/100
|-terastallize|p1a: Walking Wake|Ghost
|move|p1a: Walking Wake|Tera Blast|p2a: Ogerpon|[anim] Tera Blast Ghost
|-damage|p2a: Ogerpon|40/100
|
|-weather|RainDance|[upkeep]
|upkeep
|turn|8
|
|t:|1760761830
|move|p2a: Ogerpon|Power Whip|p1a: Walking Wake
|-damage|p1a: Walking Wake|25/100 par
|move|p1a: Walking Wake|Draco Meteor|p2a: Ogerpon
|-damage|p2a: Ogerpon|0 fnt
|-unboost|p1a: Walking Wake|spa|2
|faint|p2a: Ogerpon
|
|-weather|RainDance|[upkeep]
|upkeep
|
|t:|1760761842
|switch|p2a: Gholdengo|Gholdengo, tera:Water|49/100
|turn|9
|
|t:|1760761845
|move|p2a: Gholdengo|Recover|p2a: Gholdengo
|-heal|p2a: Gholdengo|99/100
|move|p1a: Walking Wake|Draco Meteor|p2a: Gholdengo
|-damage|p2a: Gholdengo|58/100
|-unboost|p1a: Walking Wake|spa|2
|
|-weather|none
|-heal|p2a: Gholdengo|64/100|[from] item: Leftovers
|upkeep
|turn|10
|
|t:|1760761854
|-end|p1a: Walking Wake|Protosynthesis|[silent]
|switch|p1a: Pelipper|Pelipper, F|100/100
|-weather|RainDance|[from] ability: Drizzle|[of] p1a: Pelipper
|move|p2a: Gholdengo|Thunder Wave|p1a: Pelipper
|-status|p1a: Pelipper|par
|
|-weather|RainDance|[upkeep]
|-heal|p2a: Gholdengo|70/100|[from] item: Leftovers
|upkeep
|turn|11
|
|t:|1760761863
|switch|p1a: Zapdos|Zapdos|100/100
|move|p2a: Gholdengo|Hex|p1a: Zapdos
|-damage|p1a: Zapdos|75/100
|
|-weather|RainDance|[upkeep]
|-heal|p2a: Gholdengo|76/100|[from] item: Leftovers
|upkeep
|turn|12
|
|t:|1760761872
|switch|p2a: Hatterene|Hatterene, F|31/100
|move|p1a: Zapdos|Weather Ball|p2a: Hatterene
|-damage|p2a: Hatterene|0 fnt
|faint|p2a: Hatterene
|
|-weather|RainDance|[upkeep]
|upkeep
|
|t:|1760761875
|switch|p2a: Dragapult|Dragapult, F|100/100
|turn|13
|
|t:|1760761888
|switch|p1a: Walking Wake|Walking Wake, tera:Ghost|25/100 par
|move|p2a: Dragapult|Draco Meteor|p1a: Walking Wake
|-damage|p1a: Walking Wake|0 fnt
|-unboost|p2a: Dragapult|spa|2
|faint|p1a: Walking Wake
|-end|p1a: Walking Wake|Protosynthesis|[silent]
|
|-weather|RainDance|[upkeep]
|upkeep
|
|t:|1760761896
|switch|p1a: Ogerpon|Ogerpon-Wellspring, F|100/100
|turn|14
|
|t:|1760761903
|switch|p2a: Iron Treads|Iron Treads|100/100
|move|p1a: Ogerpon|Swords Dance|p1a: Ogerpon
|-boost|p1a: Ogerpon|atk|2
|
|-weather|RainDance|[upkeep]
|upkeep
|turn|15
|
|t:|1760761910
|move|p1a: Ogerpon|Ivy Cudgel|p2a: Iron Treads|[anim] Ivy Cudgel Water
|-supereffective|p2a: Iron Treads
|-damage|p2a: Iron Treads|0 fnt
|faint|p2a: Iron Treads
|-end|p2a: Iron Treads|Quark Drive|[silent]
|
|-weather|RainDance|[upkeep]
|upkeep
|
|t:|1760761915
|switch|p2a: Dragapult|Dragapult, F|100/100
|turn|16
|
|t:|1760761926
|move|p2a: Dragapult|Draco Meteor|p1a: Ogerpon
|-damage|p1a: Ogerpon|0 fnt
|-unboost|p2a: Dragapult|spa|2
|faint|p1a: Ogerpon
|
|-weather|RainDance|[upkeep]
|upkeep
|
|t:|1760761931
|switch|p1a: Barraskewda|Barraskewda, F|100/100
|turn|17
|
|t:|1760761940
|switch|p2a: Gholdengo|Gholdengo, tera:Water|76/100
|move|p1a: Barraskewda|Liquidation|p2a: Gholdengo
|-resisted|p2a: Gholdengo
|-crit|p2a: Gholdengo
|-damage|p2a: Gholdengo|22/100
|-unboost|p2a: Gholdengo|def|1
|
|-weather|none
|-heal|p2a: Gholdengo|29/100|[from] item: Leftovers
|upkeep
|turn|18
|c|☆frrrer34343|WTF
|c|☆frrrer34343|THE HURRICANE AND CONFUISION WAS ALREADY LUCKY
|
|t:|1760761967
|switch|p2a: Dragapult|Dragapult, F|100/100
|move|p1a: Barraskewda|Liquidation|p2a: Dragapult
|-resisted|p2a: Dragapult
|-damage|p2a: Dragapult|54/100
|
|upkeep
|turn|19
|
|t:|1760761974
|switch|p1a: Pelipper|Pelipper, F|100/100 par
|-weather|RainDance|[from] ability: Drizzle|[of] p1a: Pelipper
|move|p2a: Dragapult|Shadow Ball|p1a: Pelipper
|-damage|p1a: Pelipper|18/100 par
|
|-weather|RainDance|[upkeep]
|upkeep
|turn|20
|
|t:|1760761981
|switch|p2a: Gholdengo|Gholdengo, tera:Water|29/100
|move|p1a: Pelipper|U-turn|p2a: Gholdengo
|-damage|p2a: Gholdengo|22/100
|
|t:|1760761986
|switch|p1a: Barraskewda|Barraskewda, F|100/100|[from] U-turn
|
|-weather|RainDance|[upkeep]
|-heal|p2a: Gholdengo|29/100|[from] item: Leftovers
|upkeep
|turn|21
|
|t:|1760761991
|move|p1a: Barraskewda|Liquidation|p2a: Gholdengo
|-resisted|p2a: Gholdengo
|-damage|p2a: Gholdengo|0 fnt
|faint|p2a: Gholdengo
|
|-weather|RainDance|[upkeep]
|upkeep
|
|t:|1760761995
|switch|p2a: Umbreon|Umbreon, M|100/100
|turn|22
|
|t:|1760762000
|switch|p1a: Pelipper|Pelipper, F|18/100 par
|move|p2a: Umbreon|Protect||[still]
|-fail|p2a: Umbreon
|
|-weather|RainDance|[upkeep]
|upkeep
|turn|23
|
|t:|1760762006
|move|p2a: Umbreon|Foul Play|p1a: Pelipper
|-damage|p1a: Pelipper|6/100 par
|move|p1a: Pelipper|Hurricane|p2a: Umbreon
|-damage|p2a: Umbreon|76/100
|
|-weather|RainDance|[upkeep]
|-heal|p2a: Umbreon|82/100|[from] item: Leftovers
|upkeep
|turn|24
|
|t:|1760762015
|move|p2a: Umbreon|Wish|p2a: Umbreon
|move|p1a: Pelipper|U-turn|p2a: Umbreon
|-supereffective|p2a: Umbreon
|-damage|p2a: Umbreon|72/100
|
|t:|1760762019
|switch|p1a: Barraskewda|Barraskewda, F|100/100|[from] U-turn
|
|-weather|RainDance|[upkeep]
|-heal|p2a: Umbreon|78/100|[from] item: Leftovers
|upkeep
|turn|25
|
|t:|1760762038
|move|p2a: Umbreon|Protect|p2a: Umbreon
|-singleturn|p2a: Umbreon|Protect
|move|p1a: Barraskewda|Liquidation|p2a: Umbreon
|-activate|p2a: Umbreon|move: Protect
|
|-weather|RainDance|[upkeep]
|-heal|p2a: Umbreon|100/100|[from] move: Wish|[wisher] Umbreon
|upkeep
|turn|26
|
|t:|1760762048
|switch|p1a: Zapdos|Zapdos|75/100
|move|p2a: Umbreon|Wish|p2a: Umbreon
|
|-weather|none
|upkeep
|turn|27
|
|t:|1760762055
|move|p1a: Zapdos|Hurricane|p2a: Umbreon
|-damage|p2a: Umbreon|61/100
|move|p2a: Umbreon|Foul Play|p1a: Zapdos
|-damage|p1a: Zapdos|52/100
|
|-heal|p2a: Umbreon|100/100|[from] move: Wish|[wisher] Umbreon
|upkeep
|turn|28
|
|t:|1760762063
|move|p1a: Zapdos|Roost|p1a: Zapdos
|-heal|p1a: Zapdos|100/100
|-singleturn|p1a: Zapdos|move: Roost
|move|p2a: Umbreon|Wish|p2a: Umbreon
|
|upkeep
|turn|29
|
|t:|1760762069
|switch|p1a: Pelipper|Pelipper, F|6/100 par
|-weather|RainDance|[from] ability: Drizzle|[of] p1a: Pelipper
|switch|p2a: Dragapult|Dragapult, F|54/100
|
|-weather|RainDance|[upkeep]
|-heal|p2a: Dragapult|100/100|[from] move: Wish|[wisher] Umbreon
|upkeep
|turn|30
|
|t:|1760762078
|switch|p2a: Umbreon|Umbreon, M|100/100
|move|p1a: Pelipper|U-turn|p2a: Umbreon
|-supereffective|p2a: Umbreon
|-damage|p2a: Umbreon|90/100
|
|t:|1760762083
|switch|p1a: Barraskewda|Barraskewda, F|100/100|[from] U-turn
|
|-weather|RainDance|[upkeep]
|-heal|p2a: Umbreon|96/100|[from] item: Leftovers
|upkeep
|turn|31
|
|t:|1760762088
|move|p2a: Umbreon|Protect|p2a: Umbreon
|-singleturn|p2a: Umbreon|Protect
|move|p1a: Barraskewda|Close Combat|p2a: Umbreon
|-activate|p2a: Umbreon|move: Protect
|
|-weather|RainDance|[upkeep]
|-heal|p2a: Umbreon|100/100|[from] item: Leftovers
|upkeep
|turn|32
|
|t:|1760762099
|switch|p1a: Zapdos|Zapdos|100/100
|switch|p2a: Dragapult|Dragapult, F|100/100
|
|-weather|RainDance|[upkeep]
|upkeep
|turn|33
|
|t:|1760762105
|move|p2a: Dragapult|Draco Meteor|p1a: Zapdos
|-damage|p1a: Zapdos|13/100
|-unboost|p2a: Dragapult|spa|2
|move|p1a: Zapdos|Hurricane|p2a: Dragapult
|-damage|p2a: Dragapult|13/100
|
|-weather|RainDance|[upkeep]
|upkeep
|turn|34
|
|t:|1760762113
|move|p2a: Dragapult|Draco Meteor|p1a: Zapdos
|-damage|p1a: Zapdos|0 fnt
|-unboost|p2a: Dragapult|spa|2
|faint|p1a: Zapdos
|
|-weather|RainDance|[upkeep]
|upkeep
|
|t:|1760762119
|switch|p1a: Barraskewda|Barraskewda, F|100/100
|turn|35
|
|t:|1760762122
|move|p1a: Barraskewda|Liquidation|p2a: Dragapult
|-resisted|p2a: Dragapult
|-damage|p2a: Dragapult|0 fnt
|faint|p2a: Dragapult
|
|-weather|RainDance|[upkeep]
|upkeep
|
|t:|1760762125
|switch|p2a: Umbreon|Umbreon, M|100/100
|turn|36
|
|t:|1760762131
|switch|p1a: Pelipper|Pelipper, F|6/100 par
|move|p2a: Umbreon|Protect||[still]
|-fail|p2a: Umbreon
|
|-weather|none
|upkeep
|turn|37
|
|t:|1760762139
|move|p2a: Umbreon|Foul Play|p1a: Pelipper
|-damage|p1a: Pelipper|0 fnt
|faint|p1a: Pelipper
|
|upkeep
|
|t:|1760762143
|switch|p1a: Barraskewda|Barraskewda, F|100/100
|turn|38
|
|t:|1760762146
|move|p2a: Umbreon|Protect|p2a: Umbreon
|-singleturn|p2a: Umbreon|Protect
|move|p1a: Barraskewda|Close Combat|p2a: Umbreon
|-activate|p2a: Umbreon|move: Protect
|
|upkeep
|turn|39
|
|t:|1760762155
|move|p1a: Barraskewda|Close Combat|p2a: Umbreon
|-supereffective|p2a: Umbreon
|-damage|p2a: Umbreon|17/100
|-unboost|p1a: Barraskewda|def|1
|-unboost|p1a: Barraskewda|spd|1
|move|p2a: Umbreon|Foul Play|p1a: Barraskewda
|-damage|p1a: Barraskewda|0 fnt
|faint|p1a: Barraskewda
|
|win|frrrer34343
|raw|bananana324's rating: 1403 &rarr; <strong>1381</strong><br />(-22 for losing)
|raw|frrrer34343's rating: 1374 &rarr; <strong>1396</strong><br />(+22 for winning)
|c|☆frrrer34343|EVEN AFTER GOD LUCK
|c|☆frrrer34343|STAY MAD
|l|☆bananana324
|player|p1|
