|j|☆Spammernoob
|j|☆hoons
|t:|1760728347
|gametype|singles
|player|p1|Spammernoob|265|1618
|player|p2|hoons|1|1668
|gen|9
|tier|[Gen 9] OU
|rated|
|rule|HP Percentage Mod: HP is shown in percentages
|rule|Endless Battle Clause: Forcing endless battles is banned
|rule|Species Clause: Limit one of each Pokémon
|rule|OHKO Clause: OHKO moves are banned
|rule|Evasion Items Clause: Evasion items are banned
|rule|Evasion Moves Clause: Evasion moves are banned
|rule|Evasion Abilities Clause: Evasion abilities are banned
|rule|Sleep Moves Clause: Sleep-inducing moves are banned
|clearpoke
|poke|p1|Raging Bolt|
|poke|p1|Iron Valiant|
|poke|p1|Great Tusk|
|poke|p1|Moltres|
|poke|p1|Ogerpon-Wellspring, F|
|poke|p1|Gholdengo|
|poke|p2|Dragapult, F|
|poke|p2|Kyurem|
|poke|p2|Gholdengo|
|poke|p2|Ting-Lu|
|poke|p2|Enamorus, F|
|poke|p2|Dondozo, F|
|teampreview
|
|t:|1760728388
|teamsize|p1|6
|teamsize|p2|6
|start
|switch|p1a: Moltres|Moltres|100/100
|switch|p2a: Dragapult|Dragapult, F|100/100
|turn|1
|j| gronwar
|
|t:|1760728398
|move|p2a: Dragapult|Draco Meteor|p1a: Moltres
|-crit|p1a: Moltres
|-damage|p1a: Moltres|24/100
|-unboost|p2a: Dragapult|spa|2
|-damage|p2a: Dragapult|91/100|[from] item: Life Orb
|move|p1a: Moltres|Flamethrower|p2a: Dragapult
|-resisted|p2a: Dragapult
|-damage|p2a: Dragapult|66/100
|
|upkeep
|turn|2
|
|t:|1760728429
|move|p2a: Dragapult|Dragon Darts|p1a: Moltres
|-crit|p1a: Moltres
|-damage|p1a: Moltres|0 fnt
|faint|p1a: Moltres
|-damage|p2a: Dragapult|57/100|[from] item: Life Orb
|
|upkeep
|c|☆Spammernoob|hm
|c|☆Spammernoob|good start
|
|t:|1760728438
|switch|p1a: Iron Valiant|Iron Valiant|100/100
|-enditem|p1a: Iron Valiant|Booster Energy
|-activate|p1a: Iron Valiant|ability: Quark Drive|[fromitem]
|-start|p1a: Iron Valiant|quarkdrivespe
|turn|3
|
|t:|1760728447
|switch|p2a: Dondozo|Dondozo, F|100/100
|move|p1a: Iron Valiant|Knock Off|p2a: Dondozo
|-damage|p2a: Dondozo|88/100
|-enditem|p2a: Dondozo|Leftovers|[from] move: Knock Off|[of] p1a: Iron Valiant
|
|upkeep
|turn|4
|
|t:|1760728452
|-end|p1a: Iron Valiant|Quark Drive|[silent]
|switch|p1a: Ogerpon|Ogerpon-Wellspring, F|100/100
|move|p2a: Dondozo|Body Press|p1a: Ogerpon
|-damage|p1a: Ogerpon|66/100
|
|upkeep
|turn|5
|j| charlie AAA
|l| charlie AAA
|
|t:|1760728468
|switch|p2a: Kyurem|Kyurem|100/100
|-ability|p2a: Kyurem|Pressure
|move|p1a: Ogerpon|Spikes|p2a: Kyurem
|-sidestart|p2: hoons|Spikes
|
|upkeep
|turn|6
|
|t:|1760728472
|move|p1a: Ogerpon|U-turn|p2a: Kyurem
|-damage|p2a: Kyurem|74/100
|
|t:|1760728475
|switch|p1a: Gholdengo|Gholdengo|100/100|[from] U-turn
|move|p2a: Kyurem|Freeze-Dry|p1a: Gholdengo
|-resisted|p1a: Gholdengo
|-damage|p1a: Gholdengo|79/100
|
|-heal|p2a: Kyurem|80/100|[from] item: Leftovers
|upkeep
|turn|7
|
|t:|1760728483
|move|p2a: Kyurem|Protect|p2a: Kyurem
|-singleturn|p2a: Kyurem|Protect
|move|p1a: Gholdengo|Shadow Ball|p2a: Kyurem
|-activate|p2a: Kyurem|move: Protect
|
|-heal|p2a: Kyurem|87/100|[from] item: Leftovers
|upkeep
|turn|8
|
|t:|1760728488
|switch|p1a: Ogerpon|Ogerpon-Wellspring, F|66/100
|move|p2a: Kyurem|Earth Power|p1a: Ogerpon
|-resisted|p1a: Ogerpon
|-damage|p1a: Ogerpon|48/100
|
|-heal|p2a: Kyurem|93/100|[from] item: Leftovers
|upkeep
|turn|9
|
|t:|1760728492
|move|p2a: Kyurem|Protect|p2a: Kyurem
|-singleturn|p2a: Kyurem|Protect
|move|p1a: Ogerpon|U-turn|p2a: Kyurem
|-activate|p2a: Kyurem|move: Protect
|
|-heal|p2a: Kyurem|99/100|[from] item: Leftovers
|upkeep
|turn|10
|
|t:|1760728498
|move|p1a: Ogerpon|Knock Off|p2a: Kyurem
|-damage|p2a: Kyurem|66/100
|-enditem|p2a: Kyurem|Leftovers|[from] move: Knock Off|[of] p1a: Ogerpon
|move|p2a: Kyurem|Earth Power|p1a: Ogerpon
|-resisted|p1a: Ogerpon
|-damage|p1a: Ogerpon|31/100
|
|upkeep
|turn|11
|
|t:|1760728502
|move|p1a: Ogerpon|U-turn|p2a: Kyurem
|-crit|p2a: Kyurem
|-damage|p2a: Kyurem|32/100
|
|t:|1760728507
|switch|p1a: Gholdengo|Gholdengo|79/100|[from] U-turn
|move|p2a: Kyurem|Earth Power|p1a: Gholdengo
|-supereffective|p1a: Gholdengo
|-damage|p1a: Gholdengo|13/100
|
|upkeep
|turn|12
|
|t:|1760728515
|move|p1a: Gholdengo|Make It Rain|p2a: Kyurem
|-supereffective|p2a: Kyurem
|-damage|p2a: Kyurem|0 fnt
|-unboost|p1a: Gholdengo|spa|1
|faint|p2a: Kyurem
|
|upkeep
|
|t:|1760728523
|switch|p2a: Gholdengo|Gholdengo|100/100
|-damage|p2a: Gholdengo|88/100|[from] Spikes
|turn|13
|
|t:|1760728530
|switch|p1a: Raging Bolt|Raging Bolt|100/100
|move|p2a: Gholdengo|Make It Rain|p1a: Raging Bolt
|-resisted|p1a: Raging Bolt
|-crit|p1a: Raging Bolt
|-damage|p1a: Raging Bolt|24/100
|-unboost|p2a: Gholdengo|spa|1
|
|upkeep
|turn|14
|
|t:|1760728534
|move|p2a: Gholdengo|Make It Rain|p1a: Raging Bolt
|-resisted|p1a: Raging Bolt
|-damage|p1a: Raging Bolt|0 fnt
|-unboost|p2a: Gholdengo|spa|1
|faint|p1a: Raging Bolt
|-end|p1a: Raging Bolt|Protosynthesis|[silent]
|
|upkeep
|
|t:|1760728539
|switch|p1a: Ogerpon|Ogerpon-Wellspring, F|31/100
|turn|15
|
|t:|1760728544
|switch|p2a: Enamorus|Enamorus, F|100/100
|move|p1a: Ogerpon|Knock Off|p2a: Enamorus
|-resisted|p2a: Enamorus
|-crit|p2a: Enamorus
|-damage|p2a: Enamorus|56/100
|-enditem|p2a: Enamorus|Choice Scarf|[from] move: Knock Off|[of] p1a: Ogerpon
|
|upkeep
|turn|16
|
|t:|1760728553
|switch|p2a: Dondozo|Dondozo, F|88/100
|-damage|p2a: Dondozo|75/100|[from] Spikes
|move|p1a: Ogerpon|Ivy Cudgel|p2a: Dondozo|[anim] Ivy Cudgel Water
|-resisted|p2a: Dondozo
|-damage|p2a: Dondozo|61/100
|
|upkeep
|turn|17
|
|t:|1760728560
|move|p1a: Ogerpon|U-turn|p2a: Dondozo
|-damage|p2a: Dondozo|49/100
|
|t:|1760728562
|switch|p1a: Iron Valiant|Iron Valiant|100/100|[from] U-turn
|move|p2a: Dondozo|Waterfall|p1a: Iron Valiant
|-damage|p1a: Iron Valiant|63/100
|
|upkeep
|turn|18
|
|t:|1760728573
|move|p1a: Iron Valiant|Knock Off|p2a: Dondozo
|-damage|p2a: Dondozo|41/100
|move|p2a: Dondozo|Rest|p2a: Dondozo
|-status|p2a: Dondozo|slp|[from] move: Rest
|-heal|p2a: Dondozo|100/100 slp|[silent]
|
|upkeep
|turn|19
|
|t:|1760728580
|move|p1a: Iron Valiant|Thunderbolt|p2a: Dondozo
|-supereffective|p2a: Dondozo
|-damage|p2a: Dondozo|43/100 slp
|cant|p2a: Dondozo|slp
|move|p2a: Dondozo|Sleep Talk|p2a: Dondozo
|move|p2a: Dondozo|Rest||[from] move: Sleep Talk|[still]
|-fail|p2a: Dondozo
|
|upkeep
|turn|20
|
|t:|1760728588
|-end|p1a: Iron Valiant|Quark Drive|[silent]
|switch|p1a: Ogerpon|Ogerpon-Wellspring, F|31/100
|switch|p2a: Ting-Lu|Ting-Lu|100/100
|-damage|p2a: Ting-Lu|88/100|[from] Spikes
|-ability|p2a: Ting-Lu|Vessel of Ruin
|
|-heal|p2a: Ting-Lu|94/100|[from] item: Leftovers
|upkeep
|turn|21
|
|t:|1760728596
|move|p1a: Ogerpon|Ivy Cudgel|p2a: Ting-Lu|[anim] Ivy Cudgel Water
|-supereffective|p2a: Ting-Lu
|-damage|p2a: Ting-Lu|29/100
|move|p2a: Ting-Lu|Payback|p1a: Ogerpon
|-crit|p1a: Ogerpon
|-damage|p1a: Ogerpon|0 fnt
|faint|p1a: Ogerpon
|
|-heal|p2a: Ting-Lu|35/100|[from] item: Leftovers
|upkeep
|
|t:|1760728613
|switch|p1a: Great Tusk|Great Tusk|100/100
|turn|22
|
|t:|1760728618
|move|p1a: Great Tusk|Rapid Spin|p2a: Ting-Lu
|-damage|p2a: Ting-Lu|28/100
|-boost|p1a: Great Tusk|spe|1
|move|p2a: Ting-Lu|Earthquake|p1a: Great Tusk
|-damage|p1a: Great Tusk|76/100
|
|-heal|p2a: Ting-Lu|34/100|[from] item: Leftovers
|upkeep
|turn|23
|
|t:|1760728626
|move|p1a: Great Tusk|Ice Spinner|p2a: Ting-Lu
|-supereffective|p2a: Ting-Lu
|-damage|p2a: Ting-Lu|9/100
|move|p2a: Ting-Lu|Spikes|p1a: Great Tusk
|-sidestart|p1: Spammernoob|Spikes
|
|-heal|p2a: Ting-Lu|15/100|[from] item: Leftovers
|upkeep
|turn|24
|
|t:|1760728634
|move|p1a: Great Tusk|Rapid Spin|p2a: Ting-Lu
|-damage|p2a: Ting-Lu|7/100
|-boost|p1a: Great Tusk|spe|1
|-sideend|p1: Spammernoob|Spikes|[from] move: Rapid Spin|[of] p1a: Great Tusk
|move|p2a: Ting-Lu|Earthquake|p1a: Great Tusk
|-damage|p1a: Great Tusk|51/100
|
|-heal|p2a: Ting-Lu|13/100|[from] item: Leftovers
|upkeep
|turn|25
|
|t:|1760728639
|move|p1a: Great Tusk|Ice Spinner|p2a: Ting-Lu
|-supereffective|p2a: Ting-Lu
|-damage|p2a: Ting-Lu|0 fnt
|faint|p2a: Ting-Lu
|
|upkeep
|
|t:|1760728641
|switch|p2a: Dondozo|Dondozo, F|43/100 slp
|-damage|p2a: Dondozo|30/100 slp|[from] Spikes
|turn|26
|
|t:|1760728647
|move|p1a: Great Tusk|Headlong Rush|p2a: Dondozo
|-damage|p2a: Dondozo|7/100 slp
|-unboost|p1a: Great Tusk|def|1
|-unboost|p1a: Great Tusk|spd|1
|cant|p2a: Dondozo|slp
|move|p2a: Dondozo|Sleep Talk|p2a: Dondozo
|move|p2a: Dondozo|Rest||[from] move: Sleep Talk|[still]
|-fail|p2a: Dondozo
|
|upkeep
|turn|27
|
|t:|1760728657
|move|p1a: Great Tusk|Headlong Rush|p2a: Dondozo
|-crit|p2a: Dondozo
|-damage|p2a: Dondozo|0 fnt
|-unboost|p1a: Great Tusk|def|1
|-unboost|p1a: Great Tusk|spd|1
|faint|p2a: Dondozo
|
|upkeep
|
|t:|1760728672
|switch|p2a: Enamorus|Enamorus, F|56/100
|turn|28
|
|t:|1760728677
|-terastallize|p2a: Enamorus|Fairy
|move|p1a: Great Tusk|Ice Spinner|p2a: Enamorus
|-damage|p2a: Enamorus|20/100
|move|p2a: Enamorus|Moonblast|p1a: Great Tusk
|-supereffective|p1a: Great Tusk
|-damage|p1a: Great Tusk|0 fnt
|faint|p1a: Great Tusk
|-end|p1a: Great Tusk|Protosynthesis|[silent]
|
|upkeep
|
|t:|1760728681
|switch|p1a: Gholdengo|Gholdengo|13/100
|turn|29
|
|t:|1760728694
|move|p1a: Gholdengo|Shadow Ball|p2a: Enamorus
|-damage|p2a: Enamorus|0 fnt
|faint|p2a: Enamorus
|
|upkeep
|
|t:|1760728695
|switch|p2a: Gholdengo|Gholdengo|88/100
|-damage|p2a: Gholdengo|76/100|[from] Spikes
|turn|30
|
|t:|1760728716
|move|p1a: Gholdengo|Shadow Ball|p2a: Gholdengo
|-supereffective|p2a: Gholdengo
|-damage|p2a: Gholdengo|0 fnt
|faint|p2a: Gholdengo
|
|upkeep
|
|t:|1760728719
|switch|p2a: Dragapult|Dragapult, F|57/100
|-damage|p2a: Dragapult|44/100|[from] Spikes
|turn|31
|-message|hoons forfeited.
|
|win|Spammernoob
|raw|Spammernoob's rating: 1618 &rarr; <strong>1641</strong><br />(+23 for winning)
|raw|hoons's rating: 1668 &rarr; <strong>1645</strong><br />(-23 for losing)
|l|☆hoons
|player|p2|
