|j|☆Paris Ampharos
|j|☆AlmightyHD
|t:|1760818321
|gametype|singles
|player|p1|Paris Ampharos|acerola-masters3|1457
|player|p2|AlmightyHD|acetrainerf-gen4dp|1452
|gen|9
|tier|[Gen 9] OU
|rated|
|rule|HP Percentage Mod: HP is shown in percentages
|rule|Endless Battle Clause: Forcing endless battles is banned
|rule|Species Clause: Limit one of each Pokémon
|rule|OHKO Clause: OHKO moves are banned
|rule|Evasion Items Clause: Evasion items are banned
|rule|Evasion Moves Clause: Evasion moves are banned
|rule|Evasion Abilities Clause: Evasion abilities are banned
|rule|Sleep Moves Clause: Sleep-inducing moves are banned
|clearpoke
|poke|p1|Sinistcha|
|poke|p1|Gliscor, F|
|poke|p1|Tinkaton, F|
|poke|p1|Keldeo|
|poke|p1|Ting-Lu|
|poke|p1|Dragonite, F|
|poke|p2|Dragonite, M|
|poke|p2|Tyranitar, F|
|poke|p2|Excadrill, F|
|poke|p2|Ogerpon-Wellspring, F|
|poke|p2|Moltres|
|poke|p2|Uxie|
|teampreview
|inactive|Battle timer is ON: inactive players will automatically lose when time's up. (requested by Paris Ampharos)
|
|t:|1760818340
|teamsize|p1|6
|teamsize|p2|6
|start
|switch|p1a: Ting-Lu|Ting-Lu|100/100
|switch|p2a: Moltres|Moltres|100/100
|-ability|p1a: Ting-Lu|Vessel of Ruin
|turn|1
|
|t:|1760818346
|move|p2a: Moltres|Flamethrower|p1a: Ting-Lu
|-damage|p1a: Ting-Lu|85/100
|move|p1a: Ting-Lu|Spikes|p2a: Moltres
|-sidestart|p2: AlmightyHD|Spikes
|
|-heal|p1a: Ting-Lu|92/100|[from] item: Leftovers
|upkeep
|turn|2
|
|t:|1760818354
|move|p2a: Moltres|Flamethrower|p1a: Ting-Lu
|-damage|p1a: Ting-Lu|77/100
|move|p1a: Ting-Lu|Ruination|p2a: Moltres
|-damage|p2a: Moltres|51/100
|
|-heal|p1a: Ting-Lu|83/100|[from] item: Leftovers
|upkeep
|turn|3
|
|t:|1760818364
|move|p2a: Moltres|Roost|p2a: Moltres
|-heal|p2a: Moltres|100/100
|-singleturn|p2a: Moltres|move: Roost
|move|p1a: Ting-Lu|Spikes|p2a: Moltres
|-sidestart|p2: AlmightyHD|Spikes
|
|-heal|p1a: Ting-Lu|89/100|[from] item: Leftovers
|upkeep
|turn|4
|
|t:|1760818367
|move|p2a: Moltres|Flamethrower|p1a: Ting-Lu
|-damage|p1a: Ting-Lu|73/100
|move|p1a: Ting-Lu|Ruination|p2a: Moltres
|-damage|p2a: Moltres|51/100
|
|-heal|p1a: Ting-Lu|79/100|[from] item: Leftovers
|upkeep
|turn|5
|
|t:|1760818369
|move|p2a: Moltres|Flamethrower|p1a: Ting-Lu
|-damage|p1a: Ting-Lu|65/100
|move|p1a: Ting-Lu|Spikes|p2a: Moltres
|-sidestart|p2: AlmightyHD|Spikes
|
|-heal|p1a: Ting-Lu|71/100|[from] item: Leftovers
|upkeep
|turn|6
|
|t:|1760818372
|move|p2a: Moltres|Flamethrower|p1a: Ting-Lu
|-damage|p1a: Ting-Lu|57/100
|-status|p1a: Ting-Lu|brn
|move|p1a: Ting-Lu|Ruination|p2a: Moltres
|-damage|p2a: Moltres|26/100
|
|-heal|p1a: Ting-Lu|63/100 brn|[from] item: Leftovers
|-damage|p1a: Ting-Lu|57/100 brn|[from] brn
|upkeep
|turn|7
|
|t:|1760818374
|move|p2a: Moltres|Roost|p2a: Moltres
|-heal|p2a: Moltres|76/100
|-singleturn|p2a: Moltres|move: Roost
|move|p1a: Ting-Lu|Ruination|p2a: Moltres
|-damage|p2a: Moltres|38/100
|
|-heal|p1a: Ting-Lu|63/100 brn|[from] item: Leftovers
|-damage|p1a: Ting-Lu|57/100 brn|[from] brn
|upkeep
|turn|8
|
|t:|1760818382
|move|p2a: Moltres|Roost|p2a: Moltres
|-heal|p2a: Moltres|88/100
|-singleturn|p2a: Moltres|move: Roost
|move|p1a: Ting-Lu|Ruination|p2a: Moltres
|-damage|p2a: Moltres|44/100
|
|-heal|p1a: Ting-Lu|63/100 brn|[from] item: Leftovers
|-damage|p1a: Ting-Lu|57/100 brn|[from] brn
|upkeep
|turn|9
|
|t:|1760818403
|move|p2a: Moltres|Roost|p2a: Moltres
|-heal|p2a: Moltres|94/100
|-singleturn|p2a: Moltres|move: Roost
|move|p1a: Ting-Lu|Ruination|p2a: Moltres
|-damage|p2a: Moltres|47/100
|
|-heal|p1a: Ting-Lu|63/100 brn|[from] item: Leftovers
|-damage|p1a: Ting-Lu|57/100 brn|[from] brn
|upkeep
|turn|10
|
|t:|1760818406
|move|p2a: Moltres|Flamethrower|p1a: Ting-Lu
|-damage|p1a: Ting-Lu|41/100 brn
|move|p1a: Ting-Lu|Ruination|p2a: Moltres
|-damage|p2a: Moltres|24/100
|
|-heal|p1a: Ting-Lu|47/100 brn|[from] item: Leftovers
|-damage|p1a: Ting-Lu|41/100 brn|[from] brn
|upkeep
|turn|11
|
|t:|1760818408
|move|p2a: Moltres|Flamethrower|p1a: Ting-Lu
|-damage|p1a: Ting-Lu|27/100 brn
|move|p1a: Ting-Lu|Ruination|p2a: Moltres|[miss]
|-miss|p1a: Ting-Lu|p2a: Moltres
|
|-heal|p1a: Ting-Lu|33/100 brn|[from] item: Leftovers
|-damage|p1a: Ting-Lu|27/100 brn|[from] brn
|upkeep
|turn|12
|
|t:|1760818411
|switch|p1a: Keldeo|Keldeo|100/100
|move|p2a: Moltres|Flamethrower|p1a: Keldeo
|-resisted|p1a: Keldeo
|-damage|p1a: Keldeo|80/100
|
|upkeep
|turn|13
|
|t:|1760818419
|switch|p2a: Ogerpon|Ogerpon-Wellspring, F|100/100
|-damage|p2a: Ogerpon|76/100|[from] Spikes
|move|p1a: Keldeo|Aura Sphere|p2a: Ogerpon
|-crit|p2a: Ogerpon
|-damage|p2a: Ogerpon|5/100
|
|upkeep
|turn|14
|
|t:|1760818428
|switch|p2a: Uxie|Uxie, shiny|100/100
|move|p1a: Keldeo|Vacuum Wave|p2a: Uxie
|-resisted|p2a: Uxie
|-crit|p2a: Uxie
|-damage|p2a: Uxie|88/100
|
|upkeep
|turn|15
|
|t:|1760818436
|move|p1a: Keldeo|Flip Turn|p2a: Uxie
|-damage|p2a: Uxie|80/100
|-damage|p1a: Keldeo|63/100|[from] item: Rocky Helmet|[of] p2a: Uxie
|
|t:|1760818441
|switch|p1a: Ting-Lu|Ting-Lu|27/100 brn|[from] Flip Turn
|-ability|p1a: Ting-Lu|Vessel of Ruin
|move|p2a: Uxie|Stealth Rock|p1a: Ting-Lu
|-sidestart|p1: Paris Ampharos|move: Stealth Rock
|
|-heal|p1a: Ting-Lu|33/100 brn|[from] item: Leftovers
|-damage|p1a: Ting-Lu|27/100 brn|[from] brn
|upkeep
|turn|16
|
|t:|1760818445
|switch|p2a: Moltres|Moltres|24/100
|move|p1a: Ting-Lu|Ruination|p2a: Moltres
|-damage|p2a: Moltres|12/100
|
|-heal|p1a: Ting-Lu|33/100 brn|[from] item: Leftovers
|-damage|p1a: Ting-Lu|27/100 brn|[from] brn
|upkeep
|turn|17
|
|t:|1760818448
|move|p2a: Moltres|Flamethrower|p1a: Ting-Lu
|-damage|p1a: Ting-Lu|10/100 brn
|move|p1a: Ting-Lu|Whirlwind|p2a: Moltres
|drag|p2a: Dragonite|Dragonite, M|100/100
|
|-heal|p1a: Ting-Lu|17/100 brn|[from] item: Leftovers
|-damage|p1a: Ting-Lu|10/100 brn|[from] brn
|upkeep
|turn|18
|
|t:|1760818456
|move|p2a: Dragonite|Ice Spinner|p1a: Ting-Lu
|-supereffective|p1a: Ting-Lu
|-damage|p1a: Ting-Lu|0 fnt
|faint|p1a: Ting-Lu
|
|upkeep
|
|t:|1760818472
|switch|p1a: Tinkaton|Tinkaton, F|100/100
|-damage|p1a: Tinkaton|94/100|[from] Stealth Rock
|-item|p1a: Tinkaton|Air Balloon
|turn|19
|
|t:|1760818476
|move|p1a: Tinkaton|Encore|p2a: Dragonite
|-start|p2a: Dragonite|Encore
|move|p2a: Dragonite|Ice Spinner|p1a: Tinkaton
|-resisted|p1a: Tinkaton
|-damage|p1a: Tinkaton|69/100
|-enditem|p1a: Tinkaton|Air Balloon
|-enditem|p2a: Dragonite|Choice Band|[silent]|[from] ability: Pickpocket|[of] p2a: Dragonite
|-item|p1a: Tinkaton|Choice Band|[from] ability: Pickpocket|[of] p2a: Dragonite
|
|upkeep
|turn|20
|inactive|Paris Ampharos has 120 seconds left.
|inactive|AlmightyHD has 120 seconds left.
|
|t:|1760818516
|move|p1a: Tinkaton|Stealth Rock|p2a: Dragonite
|-sidestart|p2: AlmightyHD|move: Stealth Rock
|move|p2a: Dragonite|Ice Spinner|p1a: Tinkaton
|-resisted|p1a: Tinkaton
|-damage|p1a: Tinkaton|52/100
|
|upkeep
|turn|21
|inactive|Paris Ampharos has 120 seconds left.
|
|t:|1760818541
|switch|p1a: Keldeo|Keldeo|63/100
|move|p2a: Dragonite|Ice Spinner|p1a: Keldeo
|-resisted|p1a: Keldeo
|-damage|p1a: Keldeo|44/100
|
|-end|p2a: Dragonite|Encore
|upkeep
|turn|22
|
|t:|1760818546
|move|p2a: Dragonite|Extreme Speed|p1a: Keldeo
|-damage|p1a: Keldeo|10/100
|move|p1a: Keldeo|Flip Turn|p2a: Dragonite
|-resisted|p2a: Dragonite
|-damage|p2a: Dragonite|97/100
|
|t:|1760818552
|switch|p1a: Tinkaton|Tinkaton, F|52/100|[from] Flip Turn
|-damage|p1a: Tinkaton|46/100|[from] Stealth Rock
|
|upkeep
|turn|23
|
|t:|1760818572
|move|p1a: Tinkaton|Encore|p2a: Dragonite
|-start|p2a: Dragonite|Encore
|move|p2a: Dragonite|Extreme Speed|p1a: Tinkaton
|-resisted|p1a: Tinkaton
|-damage|p1a: Tinkaton|28/100
|
|upkeep
|turn|24
|
|t:|1760818580
|switch|p1a: Sinistcha|Sinistcha|100/100
|switch|p2a: Tyranitar|Tyranitar, F, shiny|100/100
|-damage|p2a: Tyranitar|76/100|[from] Spikes
|-damage|p2a: Tyranitar|63/100|[from] Stealth Rock
|-weather|Sandstorm|[from] ability: Sand Stream|[of] p2a: Tyranitar
|
|-weather|Sandstorm|[upkeep]
|-damage|p1a: Sinistcha|94/100|[from] Sandstorm
|upkeep
|turn|25
|inactive|Paris Ampharos has 120 seconds left.
|
|t:|1760818609
|switch|p1a: Tinkaton|Tinkaton, F|28/100
|-damage|p1a: Tinkaton|22/100|[from] Stealth Rock
|move|p2a: Tyranitar|Knock Off|p1a: Tinkaton
|-resisted|p1a: Tinkaton
|-damage|p1a: Tinkaton|0 fnt
|-enditem|p1a: Tinkaton|Choice Band|[from] move: Knock Off|[of] p2a: Tyranitar
|faint|p1a: Tinkaton
|
|-weather|Sandstorm|[upkeep]
|upkeep
|
|t:|1760818612
|switch|p1a: Keldeo|Keldeo|10/100
|turn|26
|inactive|Paris Ampharos has 120 seconds left.
|
|t:|1760818629
|switch|p2a: Uxie|Uxie, shiny|80/100
|-damage|p2a: Uxie|67/100|[from] Stealth Rock
|move|p1a: Keldeo|Aura Sphere|p2a: Uxie
|-resisted|p2a: Uxie
|-damage|p2a: Uxie|52/100
|
|-weather|Sandstorm|[upkeep]
|-damage|p1a: Keldeo|4/100|[from] Sandstorm
|-damage|p2a: Uxie|46/100|[from] Sandstorm
|upkeep
|turn|27
|
|t:|1760818637
|move|p1a: Keldeo|Flip Turn|p2a: Uxie
|-damage|p2a: Uxie|38/100
|-damage|p1a: Keldeo|0 fnt|[from] item: Rocky Helmet|[of] p2a: Uxie
|faint|p1a: Keldeo
|move|p2a: Uxie|Knock Off|p1: Keldeo|[notarget]
|-fail|p2a: Uxie
|
|-weather|Sandstorm|[upkeep]
|-damage|p2a: Uxie|32/100|[from] Sandstorm
|upkeep
|inactive|Paris Ampharos has 120 seconds left.
|inactive|Paris Ampharos has 90 seconds left.
|
|t:|1760818682
|switch|p1a: Gliscor|Gliscor, F|100/100
|-damage|p1a: Gliscor|88/100|[from] Stealth Rock
|turn|28
|
|t:|1760818686
|move|p1a: Gliscor|Protect|p1a: Gliscor
|-singleturn|p1a: Gliscor|Protect
|move|p2a: Uxie|Pain Split|p1a: Gliscor
|-activate|p1a: Gliscor|move: Protect
|
|-weather|none
|-status|p1a: Gliscor|tox|[from] item: Toxic Orb
|upkeep
|turn|29
|
|t:|1760818697
|switch|p2a: Dragonite|Dragonite, M|97/100
|-damage|p2a: Dragonite|72/100|[from] Stealth Rock
|move|p1a: Gliscor|Knock Off|p2a: Dragonite
|-damage|p2a: Dragonite|57/100
|
|-heal|p1a: Gliscor|100/100 tox|[from] ability: Poison Heal
|upkeep
|turn|30
|
|t:|1760818715
|move|p1a: Gliscor|Protect|p1a: Gliscor
|-singleturn|p1a: Gliscor|Protect
|move|p2a: Dragonite|Ice Spinner|p1a: Gliscor
|-activate|p1a: Gliscor|move: Protect
|
|upkeep
|turn|31
|
|t:|1760818724
|-terastallize|p1a: Gliscor|Normal
|move|p1a: Gliscor|Facade|p2a: Dragonite
|-damage|p2a: Dragonite|8/100
|move|p2a: Dragonite|Ice Spinner|p1a: Gliscor
|-damage|p1a: Gliscor|78/100 tox
|
|-heal|p1a: Gliscor|90/100 tox|[from] ability: Poison Heal
|upkeep
|turn|32
|
|t:|1760818744
|move|p1a: Gliscor|Knock Off|p2a: Dragonite
|-damage|p2a: Dragonite|0 fnt
|faint|p2a: Dragonite
|
|-heal|p1a: Gliscor|100/100 tox|[from] ability: Poison Heal
|upkeep
|
|t:|1760818755
|switch|p2a: Excadrill|Excadrill, F|100/100
|-damage|p2a: Excadrill|97/100|[from] Stealth Rock
|-item|p2a: Excadrill|Air Balloon
|turn|33
|inactive|Paris Ampharos has 90 seconds left.
|
|t:|1760818784
|move|p1a: Gliscor|Protect|p1a: Gliscor
|-singleturn|p1a: Gliscor|Protect
|move|p2a: Excadrill|Rapid Spin|p1a: Gliscor
|-activate|p1a: Gliscor|move: Protect
|
|upkeep
|turn|34
|
|t:|1760818788
|switch|p1a: Sinistcha|Sinistcha|94/100
|move|p2a: Excadrill|Rapid Spin|p1a: Sinistcha
|-immune|p1a: Sinistcha
|
|upkeep
|turn|35
|
|t:|1760818807
|switch|p2a: Moltres|Moltres|12/100
|move|p1a: Sinistcha|Matcha Gotcha|p2a: Moltres
|-resisted|p2a: Moltres
|-damage|p2a: Moltres|4/100
|-heal|p1a: Sinistcha|99/100|[from] drain|[of] p2a: Moltres
|
|upkeep
|turn|36
|inactive|Paris Ampharos has 90 seconds left.
|
|t:|1760818836
|switch|p1a: Gliscor|Gliscor, F, tera:Normal|100/100 tox
|-damage|p1a: Gliscor|88/100 tox|[from] Stealth Rock
|move|p2a: Moltres|Roost|p2a: Moltres
|-heal|p2a: Moltres|55/100
|-singleturn|p2a: Moltres|move: Roost
|
|-heal|p1a: Gliscor|100/100 tox|[from] ability: Poison Heal
|upkeep
|turn|37
|inactive|Paris Ampharos has 90 seconds left.
|
|t:|1760818849
|move|p1a: Gliscor|Knock Off|p2a: Moltres
|-damage|p2a: Moltres|40/100
|-enditem|p2a: Moltres|Heavy-Duty Boots|[from] move: Knock Off|[of] p1a: Gliscor
|move|p2a: Moltres|Roar|p1a: Gliscor
|drag|p1a: Sinistcha|Sinistcha|99/100
|
|upkeep
|turn|38
|
|t:|1760818856
|switch|p1a: Gliscor|Gliscor, F, tera:Normal|100/100 tox
|-damage|p1a: Gliscor|88/100 tox|[from] Stealth Rock
|move|p2a: Moltres|Flamethrower|p1a: Gliscor
|-damage|p1a: Gliscor|39/100 tox
|
|-heal|p1a: Gliscor|51/100 tox|[from] ability: Poison Heal
|upkeep
|turn|39
|
|t:|1760818861
|move|p1a: Gliscor|Protect|p1a: Gliscor
|-singleturn|p1a: Gliscor|Protect
|move|p2a: Moltres|Roost|p2a: Moltres
|-heal|p2a: Moltres|90/100
|-singleturn|p2a: Moltres|move: Roost
|
|-heal|p1a: Gliscor|64/100 tox|[from] ability: Poison Heal
|upkeep
|turn|40
|
|t:|1760818864
|move|p1a: Gliscor|Facade|p2a: Moltres
|-damage|p2a: Moltres|57/100
|move|p2a: Moltres|Flamethrower|p1a: Gliscor
|-damage|p1a: Gliscor|19/100 tox
|
|-heal|p1a: Gliscor|31/100 tox|[from] ability: Poison Heal
|upkeep
|turn|41
|
|t:|1760818868
|move|p1a: Gliscor|Protect|p1a: Gliscor
|-singleturn|p1a: Gliscor|Protect
|move|p2a: Moltres|Flamethrower|p1a: Gliscor
|-activate|p1a: Gliscor|move: Protect
|
|-heal|p1a: Gliscor|44/100 tox|[from] ability: Poison Heal
|upkeep
|turn|42
|
|t:|1760818873
|move|p1a: Gliscor|Facade|p2a: Moltres
|-damage|p2a: Moltres|21/100
|move|p2a: Moltres|Flamethrower|p1a: Gliscor
|-damage|p1a: Gliscor|0 fnt
|faint|p1a: Gliscor
|
|upkeep
|
|t:|1760818877
|switch|p1a: Dragonite|Dragonite, F|100/100
|turn|43
|
|t:|1760818882
|move|p1a: Dragonite|Extreme Speed|p2a: Moltres
|-damage|p2a: Moltres|0 fnt
|-status|p1a: Dragonite|brn|[from] ability: Flame Body|[of] p2a: Moltres
|faint|p2a: Moltres
|
|-damage|p1a: Dragonite|94/100 brn|[from] brn
|upkeep
|
|t:|1760818887
|switch|p2a: Uxie|Uxie, shiny|32/100
|-damage|p2a: Uxie|20/100|[from] Stealth Rock
|turn|44
|
|t:|1760818898
|move|p2a: Uxie|Psychic Noise|p1a: Dragonite
|-damage|p1a: Dragonite|76/100 brn
|-start|p1a: Dragonite|move: Heal Block
|move|p1a: Dragonite|Dragon Tail|p2a: Uxie
|-damage|p2a: Uxie|10/100
|-damage|p1a: Dragonite|60/100 brn|[from] item: Rocky Helmet|[of] p2a: Uxie
|drag|p2a: Ogerpon|Ogerpon-Wellspring, F|5/100
|-damage|p2a: Ogerpon|0 fnt|[from] Spikes
|faint|p2a: Ogerpon
|
|-damage|p1a: Dragonite|54/100 brn|[from] brn
|upkeep
|
|t:|1760818928
|switch|p2a: Tyranitar|Tyranitar, F, shiny|63/100
|-damage|p2a: Tyranitar|38/100|[from] Spikes
|-damage|p2a: Tyranitar|26/100|[from] Stealth Rock
|-weather|Sandstorm|[from] ability: Sand Stream|[of] p2a: Tyranitar
|turn|45
|
|t:|1760818934
|move|p2a: Tyranitar|Knock Off|p1a: Dragonite
|-damage|p1a: Dragonite|0 fnt
|-enditem|p1a: Dragonite|Heavy-Duty Boots|[from] move: Knock Off|[of] p2a: Tyranitar
|faint|p1a: Dragonite
|
|-weather|Sandstorm|[upkeep]
|upkeep
|
|t:|1760818936
|switch|p1a: Sinistcha|Sinistcha|99/100
|turn|46
|
|t:|1760818939
|move|p2a: Tyranitar|Knock Off|p1a: Sinistcha
|-supereffective|p1a: Sinistcha
|-damage|p1a: Sinistcha|0 fnt
|-enditem|p1a: Sinistcha|Heavy-Duty Boots|[from] move: Knock Off|[of] p2a: Tyranitar
|faint|p1a: Sinistcha
|
|win|AlmightyHD
|raw|Paris Ampharos's rating: 1476 &rarr; <strong>1455</strong><br />(-21 for losing)
|raw|AlmightyHD's rating: 1452 &rarr; <strong>1473</strong><br />(+21 for winning)
|l|☆Paris Ampharos
|player|p1|
|l|☆AlmightyHD
|player|p2|
