|j|☆teratera mega
|j|☆TheTheyThemler
|t:|1760886261
|gametype|singles
|player|p1|teratera mega|yancy|1209
|player|p2|TheTheyThemler|n|1191
|gen|9
|tier|[Gen 9] OU
|rated|
|rule|HP Percentage Mod: HP is shown in percentages
|rule|Endless Battle Clause: Forcing endless battles is banned
|rule|Species Clause: Limit one of each Pokémon
|rule|OHKO Clause: OHKO moves are banned
|rule|Evasion Items Clause: Evasion items are banned
|rule|Evasion Moves Clause: Evasion moves are banned
|rule|Evasion Abilities Clause: Evasion abilities are banned
|rule|Sleep Moves Clause: Sleep-inducing moves are banned
|clearpoke
|poke|p1|Ogerpon-Wellspring, F|
|poke|p1|Kingambit, M|
|poke|p1|Landorus-Therian, M|
|poke|p1|Glimmora, M|
|poke|p1|Dragapult, M|
|poke|p1|Iron Valiant|
|poke|p2|Charjabug, F|
|poke|p2|Serperior, F|
|poke|p2|Ceruledge, F|
|poke|p2|Gholdengo|
|poke|p2|Umbreon, F|
|poke|p2|Great Tusk|
|teampreview
|inactive|Battle timer is ON: inactive players will automatically lose when time's up. (requested by teratera mega)
|
|t:|1760886272
|teamsize|p1|6
|teamsize|p2|6
|start
|switch|p1a: Glimmora|Glimmora, M|100/100
|switch|p2a: 🎩|Gholdengo|100/100
|turn|1
|inactive|TheTheyThemler has 120 seconds left.
|inactive|TheTheyThemler has 90 seconds left.
|inactive|TheTheyThemler has 60 seconds left.
|
|t:|1760886377
|switch|p1a: Ogerpon|Ogerpon-Wellspring, F|100/100
|move|p2a: 🎩|Make It Rain|p1a: Ogerpon
|-resisted|p1a: Ogerpon
|-damage|p1a: Ogerpon|67/100
|-unboost|p2a: 🎩|spa|1
|
|upkeep
|turn|2
|
|t:|1760886387
|switch|p2a: 🐍|Serperior, F, shiny|100/100
|move|p1a: Ogerpon|Ivy Cudgel|p2a: 🐍|[anim] Ivy Cudgel Water
|-resisted|p2a: 🐍
|-damage|p2a: 🐍|64/100
|
|upkeep
|turn|3
|
|t:|1760886392
|move|p2a: 🐍|Leaf Storm|p1a: Ogerpon
|-damage|p1a: Ogerpon|13/100
|-boost|p2a: 🐍|spa|2
|move|p1a: Ogerpon|Ivy Cudgel|p2a: 🐍|[anim] Ivy Cudgel Water
|-resisted|p2a: 🐍
|-damage|p2a: 🐍|28/100
|
|upkeep
|turn|4
|
|t:|1760886401
|move|p2a: 🐍|Leaf Storm|p1a: Ogerpon
|-damage|p1a: Ogerpon|0 fnt
|-boost|p2a: 🐍|spa|2
|faint|p1a: Ogerpon
|
|upkeep
|
|t:|1760886404
|switch|p1a: Iron Valiant|Iron Valiant|100/100
|-enditem|p1a: Iron Valiant|Booster Energy
|-activate|p1a: Iron Valiant|ability: Quark Drive|[fromitem]
|-start|p1a: Iron Valiant|quarkdrivespe
|turn|5
|
|t:|1760886434
|move|p1a: Iron Valiant|Knock Off|p2a: 🐍
|-damage|p2a: 🐍|0 fnt
|-enditem|p2a: 🐍|Wide Lens|[from] move: Knock Off|[of] p1a: Iron Valiant
|faint|p2a: 🐍
|
|upkeep
|
|t:|1760886440
|switch|p2a: 🚍|Charjabug, F, shiny|100/100
|turn|6
|
|t:|1760886446
|move|p1a: Iron Valiant|Swords Dance|p1a: Iron Valiant
|-boost|p1a: Iron Valiant|atk|2
|move|p2a: 🚍|Thunder Wave|p1a: Iron Valiant
|-status|p1a: Iron Valiant|par
|
|upkeep
|turn|7
|
|t:|1760886451
|move|p1a: Iron Valiant|Encore|p2a: 🚍
|-start|p2a: 🚍|Encore
|move|p2a: 🚍|Thunder Wave|p1a: Iron Valiant|[miss]
|-miss|p2a: 🚍|p1a: Iron Valiant
|
|upkeep
|turn|8
|
|t:|1760886455
|switch|p2a: 🐘|Great Tusk, shiny|100/100
|move|p1a: Iron Valiant|Spirit Break|p2a: 🐘
|-supereffective|p2a: 🐘
|-damage|p2a: 🐘|8/100
|-unboost|p2a: 🐘|spa|1
|
|-heal|p2a: 🐘|14/100|[from] item: Leftovers
|upkeep
|turn|9
|
|t:|1760886464
|cant|p1a: Iron Valiant|par
|move|p2a: 🐘|Earthquake|p1a: Iron Valiant
|-damage|p1a: Iron Valiant|40/100 par
|
|-heal|p2a: 🐘|20/100|[from] item: Leftovers
|upkeep
|turn|10
|
|t:|1760886468
|move|p1a: Iron Valiant|Spirit Break|p2a: 🐘
|-supereffective|p2a: 🐘
|-damage|p2a: 🐘|0 fnt
|faint|p2a: 🐘
|-end|p2a: 🐘|Protosynthesis|[silent]
|
|upkeep
|
|t:|1760886472
|switch|p2a: 🚍|Charjabug, F, shiny|100/100
|turn|11
|
|t:|1760886475
|move|p1a: Iron Valiant|Knock Off|p2a: 🚍
|-damage|p2a: 🚍|66/100
|-enditem|p2a: 🚍|Eviolite|[from] move: Knock Off|[of] p1a: Iron Valiant
|move|p2a: 🚍|Sticky Web|p1a: Iron Valiant
|-sidestart|p1: teratera mega|move: Sticky Web
|
|upkeep
|turn|12
|
|t:|1760886479
|move|p1a: Iron Valiant|Spirit Break|p2a: 🚍
|-damage|p2a: 🚍|3/100
|-unboost|p2a: 🚍|spa|1
|move|p2a: 🚍|Lunge|p1a: Iron Valiant
|-resisted|p1a: Iron Valiant
|-damage|p1a: Iron Valiant|33/100 par
|-unboost|p1a: Iron Valiant|atk|1
|
|upkeep
|turn|13
|
|t:|1760886487
|move|p1a: Iron Valiant|Spirit Break|p2a: 🚍
|-damage|p2a: 🚍|0 fnt
|faint|p2a: 🚍
|
|upkeep
|
|t:|1760886497
|switch|p2a: 🎩|Gholdengo|100/100
|turn|14
|
|t:|1760886499
|move|p2a: 🎩|Hex|p1a: Iron Valiant
|-damage|p1a: Iron Valiant|0 fnt
|faint|p1a: Iron Valiant
|-end|p1a: Iron Valiant|Quark Drive|[silent]
|
|upkeep
|
|t:|1760886504
|switch|p1a: Dragapult|Dragapult, M|100/100
|-activate|p1a: Dragapult|move: Sticky Web
|-fail|p1a: Dragapult|unboost|[from] ability: Clear Body|[of] p1a: Dragapult
|turn|15
|
|t:|1760886513
|-terastallize|p2a: 🎩|Fairy
|move|p1a: Dragapult|U-turn|p2a: 🎩
|-resisted|p2a: 🎩
|-damage|p2a: 🎩|91/100
|
|t:|1760886517
|switch|p1a: Kingambit|Kingambit, M|100/100|[from] U-turn
|-activate|p1a: Kingambit|move: Sticky Web
|-unboost|p1a: Kingambit|spe|1
|-activate|p1a: Kingambit|ability: Supreme Overlord
|-start|p1a: Kingambit|fallen2|[silent]
|move|p2a: 🎩|Dazzling Gleam|p1a: Kingambit
|-damage|p1a: Kingambit|60/100
|
|-heal|p2a: 🎩|97/100|[from] item: Leftovers
|-heal|p1a: Kingambit|66/100|[from] item: Leftovers
|upkeep
|turn|16
|
|t:|1760886530
|move|p2a: 🎩|Thunder Wave|p1a: Kingambit
|-status|p1a: Kingambit|par
|cant|p1a: Kingambit|par
|
|-heal|p2a: 🎩|100/100|[from] item: Leftovers
|-heal|p1a: Kingambit|73/100 par|[from] item: Leftovers
|upkeep
|turn|17
|
|t:|1760886546
|move|p2a: 🎩|Dazzling Gleam|p1a: Kingambit
|-damage|p1a: Kingambit|28/100 par
|move|p1a: Kingambit|Iron Head|p2a: 🎩
|-supereffective|p2a: 🎩
|-damage|p2a: 🎩|0 fnt
|faint|p2a: 🎩
|
|-heal|p1a: Kingambit|35/100 par|[from] item: Leftovers
|upkeep
|
|t:|1760886553
|switch|p2a: ⚔️|Ceruledge, F, shiny|100/100
|turn|18
|
|t:|1760886557
|move|p2a: ⚔️|Bitter Blade|p1a: Kingambit
|-supereffective|p1a: Kingambit
|-damage|p1a: Kingambit|0 fnt
|faint|p1a: Kingambit
|-end|p1a: Kingambit|fallen2|[silent]
|
|upkeep
|l|☆teratera mega
|inactive|teratera mega disconnected and has a minute to reconnect!
|player|p1|
|inactive|teratera mega has 30 seconds to reconnect!
|j|☆teratera mega
|inactive|teratera mega reconnected and has 95 seconds left.
|player|p1|teratera mega|yancy|
|
|t:|1760886614
|switch|p1a: Glimmora|Glimmora, M|100/100
|-activate|p1a: Glimmora|move: Sticky Web
|-unboost|p1a: Glimmora|spe|1
|turn|19
|inactive|TheTheyThemler has 120 seconds left.
|l|☆teratera mega
|inactive|teratera mega disconnected and has a minute to reconnect!
|player|p1|
|
|t:|1760886653
|move|p2a: ⚔️|Bulk Up|p2a: ⚔️
|-boost|p2a: ⚔️|atk|1
|-boost|p2a: ⚔️|def|1
|move|p1a: Glimmora|Meteor Beam||[still]
|-prepare|p1a: Glimmora|Meteor Beam
|-boost|p1a: Glimmora|spa|1
|-enditem|p1a: Glimmora|Power Herb
|-anim|p1a: Glimmora|Meteor Beam|p2a: ⚔️
|-supereffective|p2a: ⚔️
|-damage|p2a: ⚔️|0 fnt
|faint|p2a: ⚔️
|
|upkeep
|-message|TheTheyThemler forfeited.
|
|win|teratera mega
|raw|teratera mega's rating: 1209 &rarr; <strong>1233</strong><br />(+24 for winning)
|raw|TheTheyThemler's rating: 1191 &rarr; <strong>1167</strong><br />(-24 for losing)
