|j|☆pcklee
|j|☆SpongeGar & Patar
|t:|1760736958
|gametype|singles
|player|p1|pcklee|2|1520
|player|p2|SpongeGar & Patar|101|1775
|gen|9
|tier|[Gen 9] OU
|rated|
|rule|HP Percentage Mod: HP is shown in percentages
|rule|Endless Battle Clause: Forcing endless battles is banned
|rule|Species Clause: Limit one of each Pokémon
|rule|OHKO Clause: OHKO moves are banned
|rule|Evasion Items Clause: Evasion items are banned
|rule|Evasion Moves Clause: Evasion moves are banned
|rule|Evasion Abilities Clause: Evasion abilities are banned
|rule|Sleep Moves Clause: Sleep-inducing moves are banned
|clearpoke
|poke|p1|Gliscor, M|
|poke|p1|Dondozo, M|
|poke|p1|Alomomola, M|
|poke|p1|Blissey, F|
|poke|p1|Corviknight, F|
|poke|p1|Zamazenta-*|
|poke|p2|Kyurem|
|poke|p2|Corviknight, F|
|poke|p2|Ting-Lu|
|poke|p2|Dondozo, F|
|poke|p2|Slowking-Galar, L99, M|
|poke|p2|Cinderace, M|
|teampreview
|
|t:|1760737009
|teamsize|p1|6
|teamsize|p2|6
|start
|switch|p1a: Gliscor|Gliscor, M, shiny|100/100
|switch|p2a: Kyurem|Kyurem|100/100
|-ability|p2a: Kyurem|Pressure
|turn|1
|inactive|Battle timer is ON: inactive players will automatically lose when time's up. (requested by SpongeGar & Patar)
|inactive|SpongeGar & Patar has 120 seconds left.
|
|t:|1760737057
|move|p1a: Gliscor|Protect|p1a: Gliscor
|-singleturn|p1a: Gliscor|Protect
|move|p2a: Kyurem|Freeze-Dry|p1a: Gliscor
|-activate|p1a: Gliscor|move: Protect
|
|-status|p1a: Gliscor|tox|[from] item: Toxic Orb
|upkeep
|turn|2
|inactive|SpongeGar & Patar has 120 seconds left.
|
|t:|1760737106
|switch|p1a: Blissey|Blissey, F, shiny|100/100
|move|p2a: Kyurem|Freeze-Dry|p1a: Blissey
|-damage|p1a: Blissey|89/100
|
|-heal|p1a: Blissey|95/100|[from] item: Leftovers
|upkeep
|turn|3
|inactive|SpongeGar & Patar has 90 seconds left.
|
|t:|1760737156
|switch|p2a: Dondozo|Dondozo, F|100/100
|move|p1a: Blissey|Calm Mind|p1a: Blissey
|-boost|p1a: Blissey|spa|1
|-boost|p1a: Blissey|spd|1
|
|-heal|p1a: Blissey|100/100|[from] item: Leftovers
|upkeep
|turn|4
|inactive|SpongeGar & Patar has 60 seconds left.
|
|t:|1760737204
|switch|p1a: Gliscor|Gliscor, M, shiny|100/100 tox
|move|p2a: Dondozo|Body Press|p1a: Gliscor
|-resisted|p1a: Gliscor
|-damage|p1a: Gliscor|92/100 tox
|
|-heal|p1a: Gliscor|100/100 tox|[from] ability: Poison Heal
|upkeep
|turn|5
|
|t:|1760737214
|move|p1a: Gliscor|Knock Off|p2a: Dondozo
|-damage|p2a: Dondozo|92/100
|-enditem|p2a: Dondozo|Leftovers|[from] move: Knock Off|[of] p1a: Gliscor
|move|p2a: Dondozo|Curse|p2a: Dondozo
|-unboost|p2a: Dondozo|spe|1
|-boost|p2a: Dondozo|atk|1
|-boost|p2a: Dondozo|def|1
|
|upkeep
|turn|6
|
|t:|1760737224
|move|p1a: Gliscor|Stealth Rock|p2a: Dondozo
|-sidestart|p2: SpongeGar & Patar|move: Stealth Rock
|move|p2a: Dondozo|Waterfall|p1a: Gliscor
|-supereffective|p1a: Gliscor
|-damage|p1a: Gliscor|46/100 tox
|
|-heal|p1a: Gliscor|59/100 tox|[from] ability: Poison Heal
|upkeep
|turn|7
|
|t:|1760737233
|move|p1a: Gliscor|Protect|p1a: Gliscor
|-singleturn|p1a: Gliscor|Protect
|move|p2a: Dondozo|Curse|p2a: Dondozo
|-unboost|p2a: Dondozo|spe|1
|-boost|p2a: Dondozo|atk|1
|-boost|p2a: Dondozo|def|1
|
|-heal|p1a: Gliscor|71/100 tox|[from] ability: Poison Heal
|upkeep
|turn|8
|
|t:|1760737243
|switch|p1a: Dondozo|Dondozo, M|100/100
|move|p2a: Dondozo|Waterfall|p1a: Dondozo
|-resisted|p1a: Dondozo
|-damage|p1a: Dondozo|95/100
|
|-heal|p1a: Dondozo|100/100|[from] item: Leftovers
|upkeep
|turn|9
|
|t:|1760737254
|move|p1a: Dondozo|Order Up|p2a: Dondozo
|-damage|p2a: Dondozo|83/100
|move|p2a: Dondozo|Curse|p2a: Dondozo
|-unboost|p2a: Dondozo|spe|1
|-boost|p2a: Dondozo|atk|1
|-boost|p2a: Dondozo|def|1
|
|upkeep
|turn|10
|
|t:|1760737263
|move|p1a: Dondozo|Order Up|p2a: Dondozo
|-damage|p2a: Dondozo|75/100
|move|p2a: Dondozo|Curse|p2a: Dondozo
|-unboost|p2a: Dondozo|spe|1
|-boost|p2a: Dondozo|atk|1
|-boost|p2a: Dondozo|def|1
|
|upkeep
|turn|11
|inactive|SpongeGar & Patar has 60 seconds left.
|
|t:|1760737273
|move|p1a: Dondozo|Order Up|p2a: Dondozo
|-damage|p2a: Dondozo|67/100
|move|p2a: Dondozo|Body Press|p1a: Dondozo
|-crit|p1a: Dondozo
|-damage|p1a: Dondozo|80/100
|
|-heal|p1a: Dondozo|87/100|[from] item: Leftovers
|upkeep
|turn|12
|
|t:|1760737282
|move|p1a: Dondozo|Order Up|p2a: Dondozo
|-damage|p2a: Dondozo|59/100
|move|p2a: Dondozo|Body Press|p1a: Dondozo
|-damage|p1a: Dondozo|74/100
|
|-heal|p1a: Dondozo|80/100|[from] item: Leftovers
|upkeep
|turn|13
|
|t:|1760737291
|move|p1a: Dondozo|Order Up|p2a: Dondozo
|-damage|p2a: Dondozo|51/100
|move|p2a: Dondozo|Body Press|p1a: Dondozo
|-damage|p1a: Dondozo|67/100
|
|-heal|p1a: Dondozo|73/100|[from] item: Leftovers
|upkeep
|turn|14
|
|t:|1760737302
|move|p1a: Dondozo|Order Up|p2a: Dondozo
|-damage|p2a: Dondozo|43/100
|move|p2a: Dondozo|Rest|p2a: Dondozo
|-status|p2a: Dondozo|slp|[from] move: Rest
|-heal|p2a: Dondozo|100/100 slp|[silent]
|
|-heal|p1a: Dondozo|80/100|[from] item: Leftovers
|upkeep
|turn|15
|
|t:|1760737311
|switch|p1a: Zamazenta|Zamazenta|100/100
|-ability|p1a: Zamazenta|Dauntless Shield|boost
|-boost|p1a: Zamazenta|def|1
|cant|p2a: Dondozo|slp
|
|upkeep
|turn|16
|j| Nikator98
|
|t:|1760737328
|cant|p2a: Dondozo|slp
|move|p1a: Zamazenta|Roar|p2a: Dondozo
|drag|p2a: Kyurem|Kyurem|100/100
|-damage|p2a: Kyurem|75/100|[from] Stealth Rock
|-ability|p2a: Kyurem|Pressure
|
|-heal|p2a: Kyurem|82/100|[from] item: Leftovers
|upkeep
|turn|17
|inactive|SpongeGar & Patar has 90 seconds left.
|l| Nikator98
|
|t:|1760737337
|switch|p2a: Corviknight|Corviknight, F|100/100
|-damage|p2a: Corviknight|88/100|[from] Stealth Rock
|-ability|p2a: Corviknight|Pressure
|move|p1a: Zamazenta|Body Press|p2a: Corviknight
|-damage|p2a: Corviknight|57/100
|-damage|p1a: Zamazenta|84/100|[from] item: Rocky Helmet|[of] p2a: Corviknight
|
|-heal|p1a: Zamazenta|90/100|[from] item: Leftovers
|upkeep
|turn|18
|inactive|SpongeGar & Patar has 90 seconds left.
|inactive|SpongeGar & Patar has 60 seconds left.
|
|t:|1760737387
|move|p1a: Zamazenta|Iron Defense|p1a: Zamazenta
|-boost|p1a: Zamazenta|def|2
|move|p2a: Corviknight|Roost|p2a: Corviknight
|-heal|p2a: Corviknight|100/100
|-singleturn|p2a: Corviknight|move: Roost
|
|-heal|p1a: Zamazenta|96/100|[from] item: Leftovers
|upkeep
|turn|19
|
|t:|1760737397
|move|p1a: Zamazenta|Iron Defense|p1a: Zamazenta
|-boost|p1a: Zamazenta|def|2
|move|p2a: Corviknight|Defog|p1a: Zamazenta
|-unboost|p1a: Zamazenta|evasion|1
|-sideend|p2: SpongeGar & Patar|Stealth Rock|[from] move: Defog|[of] p2a: Corviknight
|
|-heal|p1a: Zamazenta|100/100|[from] item: Leftovers
|upkeep
|turn|20
|inactive|SpongeGar & Patar has 60 seconds left.
|
|t:|1760737407
|switch|p2a: Dondozo|Dondozo, F|100/100 slp
|move|p1a: Zamazenta|Body Press|p2a: Dondozo
|-damage|p2a: Dondozo|85/100 slp
|
|upkeep
|turn|21
|inactive|SpongeGar & Patar has 60 seconds left.
|
|t:|1760737428
|switch|p1a: Alomomola|Alomomola, M|100/100
|-curestatus|p2a: Dondozo|slp|[msg]
|move|p2a: Dondozo|Waterfall|p1a: Alomomola
|-resisted|p1a: Alomomola
|-damage|p1a: Alomomola|92/100
|
|-heal|p1a: Alomomola|98/100|[from] item: Leftovers
|upkeep
|turn|22
|inactive|SpongeGar & Patar has 60 seconds left.
|
|t:|1760737439
|move|p1a: Alomomola|Tickle|p2a: Dondozo
|-unboost|p2a: Dondozo|atk|1
|-unboost|p2a: Dondozo|def|1
|move|p2a: Dondozo|Waterfall|p1a: Alomomola
|-resisted|p1a: Alomomola
|-damage|p1a: Alomomola|92/100
|
|-heal|p1a: Alomomola|98/100|[from] item: Leftovers
|upkeep
|turn|23
|inactive|SpongeGar & Patar has 60 seconds left.
|
|t:|1760737450
|switch|p2a: Kyurem|Kyurem|82/100
|-ability|p2a: Kyurem|Pressure
|move|p1a: Alomomola|Tickle|p2a: Kyurem
|-unboost|p2a: Kyurem|atk|1
|-unboost|p2a: Kyurem|def|1
|
|-heal|p2a: Kyurem|88/100|[from] item: Leftovers
|-heal|p1a: Alomomola|100/100|[from] item: Leftovers
|upkeep
|turn|24
|
|t:|1760737460
|switch|p1a: Blissey|Blissey, F, shiny|100/100
|move|p2a: Kyurem|Freeze-Dry|p1a: Blissey
|-damage|p1a: Blissey|90/100
|
|-heal|p2a: Kyurem|94/100|[from] item: Leftovers
|-heal|p1a: Blissey|96/100|[from] item: Leftovers
|upkeep
|turn|25
|
|t:|1760737470
|move|p2a: Kyurem|Freeze-Dry|p1a: Blissey
|-damage|p1a: Blissey|85/100
|move|p1a: Blissey|Calm Mind|p1a: Blissey
|-boost|p1a: Blissey|spa|1
|-boost|p1a: Blissey|spd|1
|
|-heal|p2a: Kyurem|99/100|[from] item: Leftovers
|-heal|p1a: Blissey|91/100|[from] item: Leftovers
|upkeep
|turn|26
|
|t:|1760737480
|switch|p2a: Dondozo|Dondozo, F|85/100
|move|p1a: Blissey|Calm Mind|p1a: Blissey
|-boost|p1a: Blissey|spa|1
|-boost|p1a: Blissey|spd|1
|
|-heal|p1a: Blissey|98/100|[from] item: Leftovers
|upkeep
|turn|27
|
|t:|1760737489
|switch|p1a: Alomomola|Alomomola, M|100/100
|move|p2a: Dondozo|Waterfall|p1a: Alomomola
|-resisted|p1a: Alomomola
|-damage|p1a: Alomomola|92/100
|
|-heal|p1a: Alomomola|98/100|[from] item: Leftovers
|upkeep
|turn|28
|
|t:|1760737501
|move|p1a: Alomomola|Tickle|p2a: Dondozo
|-unboost|p2a: Dondozo|atk|1
|-unboost|p2a: Dondozo|def|1
|move|p2a: Dondozo|Waterfall|p1a: Alomomola
|-resisted|p1a: Alomomola
|-damage|p1a: Alomomola|91/100
|
|-heal|p1a: Alomomola|98/100|[from] item: Leftovers
|upkeep
|turn|29
|
|t:|1760737512
|switch|p2a: Kyurem|Kyurem|99/100
|-ability|p2a: Kyurem|Pressure
|move|p1a: Alomomola|Flip Turn|p2a: Kyurem
|-resisted|p2a: Kyurem
|-damage|p2a: Kyurem|93/100
|
|t:|1760737520
|switch|p1a: Zamazenta|Zamazenta|100/100|[from] Flip Turn
|
|-heal|p2a: Kyurem|99/100|[from] item: Leftovers
|upkeep
|turn|30
|
|t:|1760737530
|switch|p2a: Slowking|Slowking-Galar, L99, M|100/100
|move|p1a: Zamazenta|Body Press|p2a: Slowking
|-resisted|p2a: Slowking
|-damage|p2a: Slowking|92/100
|
|upkeep
|turn|31
|inactive|SpongeGar & Patar has 90 seconds left.
|
|t:|1760737542
|move|p1a: Zamazenta|Crunch|p2a: Slowking
|-supereffective|p2a: Slowking
|-damage|p2a: Slowking|49/100
|-prepare|p2a: Slowking|Chilly Reception|[premajor]
|move|p2a: Slowking|Chilly Reception|p2a: Slowking
|-weather|Snowscape
|
|t:|1760737552
|switch|p2a: Dondozo|Dondozo, F|85/100|[from] Chilly Reception
|
|-weather|Snowscape|[upkeep]
|upkeep
|turn|32
|
|t:|1760737562
|switch|p1a: Alomomola|Alomomola, M|100/100
|move|p2a: Dondozo|Waterfall|p1a: Alomomola
|-resisted|p1a: Alomomola
|-damage|p1a: Alomomola|92/100
|
|-weather|Snowscape|[upkeep]
|-heal|p1a: Alomomola|98/100|[from] item: Leftovers
|upkeep
|turn|33
|inactive|SpongeGar & Patar has 90 seconds left.
|
|t:|1760737573
|move|p1a: Alomomola|Flip Turn|p2a: Dondozo
|-resisted|p2a: Dondozo
|-damage|p2a: Dondozo|82/100
|
|t:|1760737576
|switch|p1a: Dondozo|Dondozo, M|80/100|[from] Flip Turn
|move|p2a: Dondozo|Waterfall|p1a: Dondozo
|-resisted|p1a: Dondozo
|-damage|p1a: Dondozo|74/100
|
|-weather|Snowscape|[upkeep]
|-heal|p1a: Dondozo|80/100|[from] item: Leftovers
|upkeep
|turn|34
|inactive|SpongeGar & Patar has 90 seconds left.
|inactive|SpongeGar & Patar has 60 seconds left.
|
|t:|1760737626
|switch|p1a: Alomomola|Alomomola, M|100/100
|move|p2a: Dondozo|Waterfall|p1a: Alomomola
|-resisted|p1a: Alomomola
|-damage|p1a: Alomomola|92/100
|
|-weather|Snowscape|[upkeep]
|-heal|p1a: Alomomola|98/100|[from] item: Leftovers
|upkeep
|turn|35
|inactive|SpongeGar & Patar has 60 seconds left.
|inactive|SpongeGar & Patar has 30 seconds left.
|inactive|SpongeGar & Patar has 20 seconds left.
|inactive|SpongeGar & Patar has 15 seconds left.
|
|t:|1760737677
|move|p1a: Alomomola|Tickle|p2a: Dondozo
|-unboost|p2a: Dondozo|atk|1
|-unboost|p2a: Dondozo|def|1
|move|p2a: Dondozo|Waterfall|p1a: Alomomola
|-resisted|p1a: Alomomola
|-crit|p1a: Alomomola
|-damage|p1a: Alomomola|85/100
|
|-weather|none
|-heal|p1a: Alomomola|91/100|[from] item: Leftovers
|upkeep
|turn|36
|inactive|SpongeGar & Patar has 25 seconds left this turn.
|inactive|SpongeGar & Patar has 20 seconds left.
|inactive|SpongeGar & Patar has 15 seconds left.
|
|t:|1760737688
|switch|p2a: Kyurem|Kyurem|99/100
|-ability|p2a: Kyurem|Pressure
|move|p1a: Alomomola|Tickle|p2a: Kyurem
|-unboost|p2a: Kyurem|atk|1
|-unboost|p2a: Kyurem|def|1
|
|-heal|p2a: Kyurem|100/100|[from] item: Leftovers
|-heal|p1a: Alomomola|97/100|[from] item: Leftovers
|upkeep
|turn|37
|inactive|SpongeGar & Patar has 25 seconds left this turn.
|inactive|SpongeGar & Patar has 20 seconds left.
|
|t:|1760737698
|switch|p1a: Blissey|Blissey, F, shiny|98/100
|move|p2a: Kyurem|Freeze-Dry|p1a: Blissey
|-damage|p1a: Blissey|87/100
|
|-heal|p1a: Blissey|93/100|[from] item: Leftovers
|upkeep
|turn|38
|inactive|SpongeGar & Patar has 30 seconds left this turn.
|
|t:|1760737707
|switch|p2a: Slowking|Slowking-Galar, L99, M|83/100
|move|p1a: Blissey|Calm Mind|p1a: Blissey
|-boost|p1a: Blissey|spa|1
|-boost|p1a: Blissey|spd|1
|
|-heal|p1a: Blissey|99/100|[from] item: Leftovers
|upkeep
|turn|39
|inactive|SpongeGar & Patar has 30 seconds left.
|
|t:|1760737717
|switch|p1a: Gliscor|Gliscor, M, shiny|71/100 tox
|-prepare|p2a: Slowking|Chilly Reception|[premajor]
|move|p2a: Slowking|Chilly Reception|p2a: Slowking
|-weather|Snowscape
|inactive|SpongeGar & Patar has 30 seconds left.
|
|t:|1760737726
|switch|p2a: Kyurem|Kyurem|100/100|[from] Chilly Reception
|-ability|p2a: Kyurem|Pressure
|
|-weather|Snowscape|[upkeep]
|-heal|p1a: Gliscor|84/100 tox|[from] ability: Poison Heal
|upkeep
|turn|40
|
|t:|1760737736
|switch|p1a: Blissey|Blissey, F, shiny|99/100
|move|p2a: Kyurem|Freeze-Dry|p1a: Blissey
|-damage|p1a: Blissey|88/100
|
|-weather|Snowscape|[upkeep]
|-heal|p1a: Blissey|94/100|[from] item: Leftovers
|upkeep
|turn|41
|
|t:|1760737746
|switch|p2a: Dondozo|Dondozo, F|82/100
|move|p1a: Blissey|Calm Mind|p1a: Blissey
|-boost|p1a: Blissey|spa|1
|-boost|p1a: Blissey|spd|1
|
|-weather|Snowscape|[upkeep]
|-heal|p1a: Blissey|99/100|[from] item: Leftovers
|upkeep
|turn|42
|
|t:|1760737759
|switch|p1a: Gliscor|Gliscor, M, shiny|84/100 tox
|move|p2a: Dondozo|Waterfall|p1a: Gliscor
|-supereffective|p1a: Gliscor
|-damage|p1a: Gliscor|52/100 tox
|
|-weather|Snowscape|[upkeep]
|-heal|p1a: Gliscor|65/100 tox|[from] ability: Poison Heal
|upkeep
|turn|43
|
|t:|1760737769
|move|p1a: Gliscor|Stealth Rock|p2a: Dondozo
|-sidestart|p2: SpongeGar & Patar|move: Stealth Rock
|move|p2a: Dondozo|Waterfall|p1a: Gliscor
|-supereffective|p1a: Gliscor
|-damage|p1a: Gliscor|31/100 tox
|
|-weather|none
|-heal|p1a: Gliscor|43/100 tox|[from] ability: Poison Heal
|upkeep
|turn|44
|
|t:|1760737779
|move|p1a: Gliscor|Protect|p1a: Gliscor
|-singleturn|p1a: Gliscor|Protect
|move|p2a: Dondozo|Curse|p2a: Dondozo
|-unboost|p2a: Dondozo|spe|1
|-boost|p2a: Dondozo|atk|1
|-boost|p2a: Dondozo|def|1
|
|-heal|p1a: Gliscor|56/100 tox|[from] ability: Poison Heal
|upkeep
|turn|45
|inactive|SpongeGar & Patar has 60 seconds left.
|
|t:|1760737789
|switch|p1a: Alomomola|Alomomola, M|100/100
|move|p2a: Dondozo|Waterfall|p1a: Alomomola
|-resisted|p1a: Alomomola
|-damage|p1a: Alomomola|87/100
|
|-heal|p1a: Alomomola|93/100|[from] item: Leftovers
|upkeep
|turn|46
|inactive|SpongeGar & Patar has 60 seconds left.
|
|t:|1760737800
|move|p1a: Alomomola|Tickle|p2a: Dondozo
|-unboost|p2a: Dondozo|atk|1
|-unboost|p2a: Dondozo|def|1
|move|p2a: Dondozo|Curse|p2a: Dondozo
|-unboost|p2a: Dondozo|spe|1
|-boost|p2a: Dondozo|atk|1
|-boost|p2a: Dondozo|def|1
|
|-heal|p1a: Alomomola|99/100|[from] item: Leftovers
|upkeep
|turn|47
|
|t:|1760737809
|move|p1a: Alomomola|Tickle|p2a: Dondozo
|-unboost|p2a: Dondozo|atk|1
|-unboost|p2a: Dondozo|def|1
|move|p2a: Dondozo|Curse|p2a: Dondozo
|-unboost|p2a: Dondozo|spe|1
|-boost|p2a: Dondozo|atk|1
|-boost|p2a: Dondozo|def|1
|
|-heal|p1a: Alomomola|100/100|[from] item: Leftovers
|upkeep
|turn|48
|
|t:|1760737819
|move|p1a: Alomomola|Tickle|p2a: Dondozo
|-unboost|p2a: Dondozo|atk|1
|-unboost|p2a: Dondozo|def|1
|move|p2a: Dondozo|Curse|p2a: Dondozo
|-unboost|p2a: Dondozo|spe|1
|-boost|p2a: Dondozo|atk|1
|-boost|p2a: Dondozo|def|1
|
|upkeep
|turn|49
|
|t:|1760737828
|move|p1a: Alomomola|Tickle|p2a: Dondozo
|-unboost|p2a: Dondozo|atk|1
|-unboost|p2a: Dondozo|def|1
|move|p2a: Dondozo|Curse|p2a: Dondozo
|-unboost|p2a: Dondozo|spe|1
|-boost|p2a: Dondozo|atk|1
|-boost|p2a: Dondozo|def|1
|
|upkeep
|turn|50
|
|t:|1760737837
|move|p1a: Alomomola|Tickle|p2a: Dondozo
|-unboost|p2a: Dondozo|atk|1
|-unboost|p2a: Dondozo|def|1
|move|p2a: Dondozo|Curse|p2a: Dondozo
|-unboost|p2a: Dondozo|spe|1
|-boost|p2a: Dondozo|atk|1
|-boost|p2a: Dondozo|def|1
|
|upkeep
|turn|51
|
|t:|1760737847
|move|p1a: Alomomola|Tickle|p2a: Dondozo
|-unboost|p2a: Dondozo|atk|1
|-unboost|p2a: Dondozo|def|1
|move|p2a: Dondozo|Curse|p2a: Dondozo
|-boost|p2a: Dondozo|atk|1
|-boost|p2a: Dondozo|def|1
|
|upkeep
|turn|52
|inactive|SpongeGar & Patar has 90 seconds left.
|
|t:|1760737856
|move|p1a: Alomomola|Tickle|p2a: Dondozo
|-unboost|p2a: Dondozo|atk|1
|-unboost|p2a: Dondozo|def|1
|move|p2a: Dondozo|Curse|p2a: Dondozo
|-boost|p2a: Dondozo|atk|1
|-boost|p2a: Dondozo|def|1
|
|upkeep
|turn|53
|inactive|SpongeGar & Patar has 90 seconds left.
|inactive|SpongeGar & Patar has 60 seconds left.
|
|t:|1760737905
|move|p1a: Alomomola|Tickle|p2a: Dondozo
|-unboost|p2a: Dondozo|atk|1
|-unboost|p2a: Dondozo|def|1
|move|p2a: Dondozo|Curse|p2a: Dondozo
|-boost|p2a: Dondozo|atk|1
|-boost|p2a: Dondozo|def|1
|
|upkeep
|turn|54
|inactive|SpongeGar & Patar has 60 seconds left.
|inactive|SpongeGar & Patar has 30 seconds left.
|inactive|SpongeGar & Patar has 20 seconds left.
|
|t:|1760737954
|move|p1a: Alomomola|Tickle|p2a: Dondozo
|-unboost|p2a: Dondozo|atk|1
|-unboost|p2a: Dondozo|def|1
|move|p2a: Dondozo|Curse|p2a: Dondozo
|-boost|p2a: Dondozo|atk|1
|-boost|p2a: Dondozo|def|1
|
|upkeep
|turn|55
|inactive|SpongeGar & Patar has 30 seconds left this turn.
|
|t:|1760737963
|move|p1a: Alomomola|Tickle|p2a: Dondozo
|-unboost|p2a: Dondozo|atk|1
|-unboost|p2a: Dondozo|def|1
|move|p2a: Dondozo|Curse|p2a: Dondozo
|-boost|p2a: Dondozo|atk|1
|-boost|p2a: Dondozo|def|1
|
|upkeep
|turn|56
|inactive|SpongeGar & Patar has 30 seconds left.
|
|t:|1760737972
|move|p1a: Alomomola|Tickle|p2a: Dondozo
|-unboost|p2a: Dondozo|atk|1
|-unboost|p2a: Dondozo|def|1
|move|p2a: Dondozo|Curse|p2a: Dondozo
|-boost|p2a: Dondozo|atk|1
|-boost|p2a: Dondozo|def|1
|
|upkeep
|turn|57
|
|t:|1760737982
|move|p1a: Alomomola|Tickle|p2a: Dondozo
|-unboost|p2a: Dondozo|atk|1
|-unboost|p2a: Dondozo|def|1
|move|p2a: Dondozo|Body Press|p1a: Alomomola
|-damage|p1a: Alomomola|82/100
|
|-heal|p1a: Alomomola|88/100|[from] item: Leftovers
|upkeep
|turn|58
|
|t:|1760737992
|switch|p2a: Corviknight|Corviknight, F|100/100
|-damage|p2a: Corviknight|88/100|[from] Stealth Rock
|-ability|p2a: Corviknight|Pressure
|move|p1a: Alomomola|Tickle|p2a: Corviknight
|-unboost|p2a: Corviknight|atk|1
|-unboost|p2a: Corviknight|def|1
|
|-heal|p1a: Alomomola|94/100|[from] item: Leftovers
|upkeep
|turn|59
|
|t:|1760738007
|move|p2a: Corviknight|Defog|p1a: Alomomola
|-unboost|p1a: Alomomola|evasion|1
|-sideend|p2: SpongeGar & Patar|Stealth Rock|[from] move: Defog|[of] p2a: Corviknight
|move|p1a: Alomomola|Flip Turn|p2a: Corviknight
|-damage|p2a: Corviknight|75/100
|-damage|p1a: Alomomola|78/100|[from] item: Rocky Helmet|[of] p2a: Corviknight
|
|t:|1760738016
|switch|p1a: Gliscor|Gliscor, M, shiny|56/100 tox|[from] Flip Turn
|
|-heal|p1a: Gliscor|68/100 tox|[from] ability: Poison Heal
|upkeep
|turn|60
|
|t:|1760738026
|move|p1a: Gliscor|Stealth Rock|p2a: Corviknight
|-sidestart|p2: SpongeGar & Patar|move: Stealth Rock
|move|p2a: Corviknight|Brave Bird|p1a: Gliscor
|-damage|p1a: Gliscor|54/100 tox
|-damage|p2a: Corviknight|70/100|[from] Recoil
|
|-heal|p1a: Gliscor|66/100 tox|[from] ability: Poison Heal
|upkeep
|turn|61
|
|t:|1760738035
|move|p1a: Gliscor|Knock Off|p2a: Corviknight
|-damage|p2a: Corviknight|52/100
|-damage|p1a: Gliscor|50/100 tox|[from] item: Rocky Helmet|[of] p2a: Corviknight
|-enditem|p2a: Corviknight|Rocky Helmet|[from] move: Knock Off|[of] p1a: Gliscor
|move|p2a: Corviknight|Roost|p2a: Corviknight
|-heal|p2a: Corviknight|100/100
|-singleturn|p2a: Corviknight|move: Roost
|
|-heal|p1a: Gliscor|62/100 tox|[from] ability: Poison Heal
|upkeep
|turn|62
|inactive|SpongeGar & Patar has 60 seconds left.
|
|t:|1760738046
|move|p1a: Gliscor|Protect|p1a: Gliscor
|-singleturn|p1a: Gliscor|Protect
|move|p2a: Corviknight|Defog|p1a: Gliscor
|-activate|p1a: Gliscor|move: Protect
|
|-heal|p1a: Gliscor|75/100 tox|[from] ability: Poison Heal
|upkeep
|turn|63
|
|t:|1760738056
|move|p1a: Gliscor|Knock Off|p2a: Corviknight
|-damage|p2a: Corviknight|87/100
|move|p2a: Corviknight|Defog|p1a: Gliscor
|-unboost|p1a: Gliscor|evasion|1
|-sideend|p2: SpongeGar & Patar|Stealth Rock|[from] move: Defog|[of] p2a: Corviknight
|
|-heal|p1a: Gliscor|87/100 tox|[from] ability: Poison Heal
|upkeep
|turn|64
|
|t:|1760738065
|move|p1a: Gliscor|Stealth Rock|p2a: Corviknight
|-sidestart|p2: SpongeGar & Patar|move: Stealth Rock
|move|p2a: Corviknight|Roost|p2a: Corviknight
|-heal|p2a: Corviknight|100/100
|-singleturn|p2a: Corviknight|move: Roost
|
|-heal|p1a: Gliscor|99/100 tox|[from] ability: Poison Heal
|upkeep
|turn|65
|
|t:|1760738075
|move|p1a: Gliscor|Knock Off|p2a: Corviknight
|-damage|p2a: Corviknight|87/100
|move|p2a: Corviknight|Defog|p1a: Gliscor
|-unboost|p1a: Gliscor|evasion|1
|-sideend|p2: SpongeGar & Patar|Stealth Rock|[from] move: Defog|[of] p2a: Corviknight
|
|-heal|p1a: Gliscor|100/100 tox|[from] ability: Poison Heal
|upkeep
|turn|66
|
|t:|1760738085
|move|p1a: Gliscor|Stealth Rock|p2a: Corviknight
|-sidestart|p2: SpongeGar & Patar|move: Stealth Rock
|move|p2a: Corviknight|Roost|p2a: Corviknight
|-heal|p2a: Corviknight|100/100
|-singleturn|p2a: Corviknight|move: Roost
|
|upkeep
|turn|67
|
|t:|1760738094
|move|p1a: Gliscor|Knock Off|p2a: Corviknight
|-damage|p2a: Corviknight|87/100
|move|p2a: Corviknight|Defog|p1a: Gliscor
|-unboost|p1a: Gliscor|evasion|1
|-sideend|p2: SpongeGar & Patar|Stealth Rock|[from] move: Defog|[of] p2a: Corviknight
|
|upkeep
|turn|68
|inactive|SpongeGar & Patar has 90 seconds left.
|
|t:|1760738104
|move|p1a: Gliscor|Stealth Rock|p2a: Corviknight
|-sidestart|p2: SpongeGar & Patar|move: Stealth Rock
|move|p2a: Corviknight|Roost|p2a: Corviknight
|-heal|p2a: Corviknight|100/100
|-singleturn|p2a: Corviknight|move: Roost
|
|upkeep
|turn|69
|
|t:|1760738113
|move|p1a: Gliscor|Knock Off|p2a: Corviknight
|-damage|p2a: Corviknight|88/100
|move|p2a: Corviknight|Defog|p1a: Gliscor
|-unboost|p1a: Gliscor|evasion|1
|-sideend|p2: SpongeGar & Patar|Stealth Rock|[from] move: Defog|[of] p2a: Corviknight
|
|upkeep
|turn|70
|
|t:|1760738123
|move|p1a: Gliscor|Stealth Rock|p2a: Corviknight
|-sidestart|p2: SpongeGar & Patar|move: Stealth Rock
|move|p2a: Corviknight|Roost|p2a: Corviknight
|-heal|p2a: Corviknight|100/100
|-singleturn|p2a: Corviknight|move: Roost
|
|upkeep
|turn|71
|
|t:|1760738132
|move|p1a: Gliscor|Knock Off|p2a: Corviknight
|-damage|p2a: Corviknight|87/100
|move|p2a: Corviknight|Defog|p1a: Gliscor
|-unboost|p1a: Gliscor|evasion|1
|-sideend|p2: SpongeGar & Patar|Stealth Rock|[from] move: Defog|[of] p2a: Corviknight
|
|upkeep
|turn|72
|
|t:|1760738142
|move|p1a: Gliscor|Stealth Rock|p2a: Corviknight
|-sidestart|p2: SpongeGar & Patar|move: Stealth Rock
|move|p2a: Corviknight|Roost|p2a: Corviknight
|-heal|p2a: Corviknight|100/100
|-singleturn|p2a: Corviknight|move: Roost
|
|upkeep
|turn|73
|c|☆pcklee|lets make history
|
|t:|1760738152
|move|p1a: Gliscor|Knock Off|p2a: Corviknight
|-crit|p2a: Corviknight
|-damage|p2a: Corviknight|81/100
|move|p2a: Corviknight|Defog|p1a: Gliscor
|-unboost|p1a: Gliscor|evasion|1
|-sideend|p2: SpongeGar & Patar|Stealth Rock|[from] move: Defog|[of] p2a: Corviknight
|
|upkeep
|turn|74
|c|☆pcklee|for the longest game ever
|inactive|SpongeGar & Patar has 120 seconds left.
|
|t:|1760738161
|move|p1a: Gliscor|Stealth Rock|p2a: Corviknight
|-sidestart|p2: SpongeGar & Patar|move: Stealth Rock
|move|p2a: Corviknight|Roost|p2a: Corviknight
|-heal|p2a: Corviknight|100/100
|-singleturn|p2a: Corviknight|move: Roost
|
|upkeep
|turn|75
|
|t:|1760738171
|move|p1a: Gliscor|Knock Off|p2a: Corviknight
|-damage|p2a: Corviknight|88/100
|move|p2a: Corviknight|Defog|p1a: Gliscor
|-unboost|p1a: Gliscor|evasion|0
|-sideend|p2: SpongeGar & Patar|Stealth Rock|[from] move: Defog|[of] p2a: Corviknight
|
|upkeep
|turn|76
|
|t:|1760738180
|move|p1a: Gliscor|Stealth Rock|p2a: Corviknight
|-sidestart|p2: SpongeGar & Patar|move: Stealth Rock
|move|p2a: Corviknight|U-turn|p1a: Gliscor
|-resisted|p1a: Gliscor
|-damage|p1a: Gliscor|97/100 tox
|
|t:|1760738190
|switch|p2a: Cinderace|Cinderace, M|100/100|[from] U-turn
|
|-heal|p1a: Gliscor|100/100 tox|[from] ability: Poison Heal
|upkeep
|turn|77
|
|t:|1760738200
|move|p2a: Cinderace|Court Change|p2a: Cinderace
|-swapsideconditions
|-activate|p2a: Cinderace|move: Court Change
|move|p1a: Gliscor|Toxic|p2a: Cinderace
|-status|p2a: Cinderace|tox
|
|-damage|p2a: Cinderace|94/100 tox|[from] psn
|upkeep
|turn|78
|
|t:|1760738209
|switch|p2a: Kyurem|Kyurem|100/100
|-ability|p2a: Kyurem|Pressure
|move|p1a: Gliscor|Knock Off|p2a: Kyurem
|-damage|p2a: Kyurem|79/100
|-enditem|p2a: Kyurem|Leftovers|[from] move: Knock Off|[of] p1a: Gliscor
|
|upkeep
|turn|79
|
|t:|1760738219
|switch|p1a: Blissey|Blissey, F, shiny|99/100
|-damage|p1a: Blissey|88/100|[from] Stealth Rock
|move|p2a: Kyurem|Freeze-Dry|p1a: Blissey
|-damage|p1a: Blissey|78/100
|
|-heal|p1a: Blissey|84/100|[from] item: Leftovers
|upkeep
|turn|80
|inactive|SpongeGar & Patar has 120 seconds left.
|
|t:|1760738269
|switch|p2a: Dondozo|Dondozo, F|82/100
|move|p1a: Blissey|Calm Mind|p1a: Blissey
|-boost|p1a: Blissey|spa|1
|-boost|p1a: Blissey|spd|1
|
|-heal|p1a: Blissey|90/100|[from] item: Leftovers
|upkeep
|turn|81
|inactive|SpongeGar & Patar has 90 seconds left.
|
|t:|1760738318
|switch|p1a: Alomomola|Alomomola, M|100/100
|-damage|p1a: Alomomola|88/100|[from] Stealth Rock
|move|p2a: Dondozo|Waterfall|p1a: Alomomola
|-resisted|p1a: Alomomola
|-damage|p1a: Alomomola|80/100
|
|-heal|p1a: Alomomola|86/100|[from] item: Leftovers
|upkeep
|turn|82
|inactive|SpongeGar & Patar has 60 seconds left.
|inactive|SpongeGar & Patar has 30 seconds left.
|
|t:|1760738369
|switch|p2a: Cinderace|Cinderace, M|94/100 tox
|move|p1a: Alomomola|Tickle|p2a: Cinderace
|-unboost|p2a: Cinderace|atk|1
|-unboost|p2a: Cinderace|def|1
|
|-heal|p1a: Alomomola|92/100|[from] item: Leftovers
|-damage|p2a: Cinderace|88/100 tox|[from] psn
|upkeep
|turn|83
|inactive|SpongeGar & Patar has 30 seconds left.
|
|t:|1760738381
|move|p2a: Cinderace|U-turn|p1a: Alomomola
|-crit|p1a: Alomomola
|-damage|p1a: Alomomola|72/100
|inactive|SpongeGar & Patar has 30 seconds left.
|
|t:|1760738391
|switch|p2a: Kyurem|Kyurem|79/100|[from] U-turn
|-ability|p2a: Kyurem|Pressure
|move|p1a: Alomomola|Flip Turn|p2a: Kyurem
|-resisted|p2a: Kyurem
|-damage|p2a: Kyurem|72/100
|
|t:|1760738401
|switch|p1a: Blissey|Blissey, F, shiny|90/100|[from] Flip Turn
|-damage|p1a: Blissey|77/100|[from] Stealth Rock
|
|-heal|p1a: Blissey|84/100|[from] item: Leftovers
|upkeep
|turn|84
|
|t:|1760738413
|switch|p2a: Dondozo|Dondozo, F|82/100
|move|p1a: Blissey|Seismic Toss|p2a: Dondozo
|-damage|p2a: Dondozo|62/100
|
|-heal|p1a: Blissey|90/100|[from] item: Leftovers
|upkeep
|turn|85
|
|t:|1760738424
|switch|p1a: Alomomola|Alomomola, M|100/100
|-damage|p1a: Alomomola|88/100|[from] Stealth Rock
|switch|p2a: Cinderace|Cinderace, M|88/100 tox
|
|-heal|p1a: Alomomola|94/100|[from] item: Leftovers
|-damage|p2a: Cinderace|82/100 tox|[from] psn
|upkeep
|turn|86
|
|t:|1760738436
|move|p2a: Cinderace|U-turn|p1a: Alomomola
|-damage|p1a: Alomomola|83/100
|
|t:|1760738446
|switch|p2a: Kyurem|Kyurem|72/100|[from] U-turn
|-ability|p2a: Kyurem|Pressure
|move|p1a: Alomomola|Flip Turn|p2a: Kyurem
|-resisted|p2a: Kyurem
|-damage|p2a: Kyurem|65/100
|
|t:|1760738453
|switch|p1a: Blissey|Blissey, F, shiny|90/100|[from] Flip Turn
|-damage|p1a: Blissey|77/100|[from] Stealth Rock
|
|-heal|p1a: Blissey|83/100|[from] item: Leftovers
|upkeep
|turn|87
|
|t:|1760738463
|switch|p2a: Dondozo|Dondozo, F|62/100
|move|p1a: Blissey|Seismic Toss|p2a: Dondozo
|-damage|p2a: Dondozo|42/100
|
|-heal|p1a: Blissey|89/100|[from] item: Leftovers
|upkeep
|turn|88
|
|t:|1760738473
|switch|p1a: Gliscor|Gliscor, M, shiny|100/100 tox
|-damage|p1a: Gliscor|88/100 tox|[from] Stealth Rock
|move|p2a: Dondozo|Waterfall|p1a: Gliscor
|-supereffective|p1a: Gliscor
|-damage|p1a: Gliscor|53/100 tox
|
|-heal|p1a: Gliscor|66/100 tox|[from] ability: Poison Heal
|upkeep
|turn|89
|
|t:|1760738482
|move|p1a: Gliscor|Stealth Rock|p2a: Dondozo
|-sidestart|p2: SpongeGar & Patar|move: Stealth Rock
|move|p2a: Dondozo|Waterfall|p1a: Gliscor
|-supereffective|p1a: Gliscor
|-damage|p1a: Gliscor|33/100 tox
|
|-heal|p1a: Gliscor|46/100 tox|[from] ability: Poison Heal
|upkeep
|turn|90
|inactive|SpongeGar & Patar has 60 seconds left.
|
|t:|1760738492
|move|p1a: Gliscor|Protect|p1a: Gliscor
|-singleturn|p1a: Gliscor|Protect
|move|p2a: Dondozo|Waterfall|p1a: Gliscor
|-activate|p1a: Gliscor|move: Protect
|
|-heal|p1a: Gliscor|58/100 tox|[from] ability: Poison Heal
|upkeep
|turn|91
|
|t:|1760738501
|switch|p1a: Alomomola|Alomomola, M|100/100
|-damage|p1a: Alomomola|88/100|[from] Stealth Rock
|move|p2a: Dondozo|Waterfall|p1a: Alomomola
|-resisted|p1a: Alomomola
|-damage|p1a: Alomomola|79/100
|
|-heal|p1a: Alomomola|85/100|[from] item: Leftovers
|upkeep
|turn|92
|
|t:|1760738512
|move|p1a: Alomomola|Tickle|p2a: Dondozo
|-unboost|p2a: Dondozo|atk|1
|-unboost|p2a: Dondozo|def|1
|move|p2a: Dondozo|Rest|p2a: Dondozo
|-status|p2a: Dondozo|slp|[from] move: Rest
|-heal|p2a: Dondozo|100/100 slp|[silent]
|
|-heal|p1a: Alomomola|91/100|[from] item: Leftovers
|upkeep
|turn|93
|
|t:|1760738521
|move|p1a: Alomomola|Wish|p1a: Alomomola
|cant|p2a: Dondozo|slp
|
|-heal|p1a: Alomomola|98/100|[from] item: Leftovers
|upkeep
|turn|94
|
|t:|1760738530
|move|p1a: Alomomola|Flip Turn|p2a: Dondozo
|-resisted|p2a: Dondozo
|-damage|p2a: Dondozo|95/100 slp
|
|t:|1760738534
|switch|p1a: Gliscor|Gliscor, M, shiny|58/100 tox|[from] Flip Turn
|-damage|p1a: Gliscor|46/100 tox|[from] Stealth Rock
|cant|p2a: Dondozo|slp
|
|-heal|p1a: Gliscor|100/100 tox|[from] move: Wish|[wisher] Alomomola
|upkeep
|turn|95
|
|t:|1760738551
|switch|p1a: Alomomola|Alomomola, M|100/100
|-damage|p1a: Alomomola|88/100|[from] Stealth Rock
|-curestatus|p2a: Dondozo|slp|[msg]
|move|p2a: Dondozo|Waterfall|p1a: Alomomola
|-resisted|p1a: Alomomola
|-damage|p1a: Alomomola|83/100
|
|-heal|p1a: Alomomola|89/100|[from] item: Leftovers
|upkeep
|turn|96
|inactive|SpongeGar & Patar has 90 seconds left.
|
|t:|1760738564
|switch|p2a: Slowking|Slowking-Galar, L99, M|100/100
|move|p1a: Alomomola|Protect||[still]
|-fail|p1a: Alomomola
|
|-heal|p1a: Alomomola|95/100|[from] item: Leftovers
|upkeep
|turn|97
|inactive|SpongeGar & Patar has 90 seconds left.
|
|t:|1760738573
|move|p1a: Alomomola|Flip Turn|p2a: Slowking
|-damage|p2a: Slowking|84/100
|
|t:|1760738577
|switch|p1a: Blissey|Blissey, F, shiny|89/100|[from] Flip Turn
|-damage|p1a: Blissey|77/100|[from] Stealth Rock
|move|p2a: Slowking|Future Sight|p1a: Blissey
|-start|p2a: Slowking|move: Future Sight
|
|-heal|p1a: Blissey|83/100|[from] item: Leftovers
|upkeep
|turn|98
|inactive|SpongeGar & Patar has 90 seconds left.
|inactive|SpongeGar & Patar has 60 seconds left.
|
|t:|1760738626
|move|p1a: Blissey|Calm Mind|p1a: Blissey
|-boost|p1a: Blissey|spa|1
|-boost|p1a: Blissey|spd|1
|move|p2a: Slowking|Toxic|p1a: Blissey
|-status|p1a: Blissey|tox
|
|-heal|p1a: Blissey|89/100 tox|[from] item: Leftovers
|-damage|p1a: Blissey|83/100 tox|[from] psn
|upkeep
|turn|99
|inactive|SpongeGar & Patar has 60 seconds left.
|inactive|SpongeGar & Patar has 30 seconds left.
|
|t:|1760738674
|move|p1a: Blissey|Shadow Ball|p2a: Slowking
|-supereffective|p2a: Slowking
|-damage|p2a: Slowking|57/100
|move|p2a: Slowking|Sludge Bomb|p1a: Blissey
|-damage|p1a: Blissey|76/100 tox
|
|-end|p1a: Blissey|move: Future Sight
|-damage|p1a: Blissey|66/100 tox
|-heal|p1a: Blissey|72/100 tox|[from] item: Leftovers
|-damage|p1a: Blissey|60/100 tox|[from] psn
|upkeep
|turn|100
|inactive|SpongeGar & Patar has 30 seconds left.
|inactive|pcklee has 120 seconds left.
|
|t:|1760738691
|-curestatus|p1a: Blissey|tox|[from] ability: Natural Cure
|switch|p1a: Gliscor|Gliscor, M, shiny|100/100 tox
|-damage|p1a: Gliscor|88/100 tox|[from] Stealth Rock
|move|p2a: Slowking|Future Sight|p1a: Gliscor
|-start|p2a: Slowking|move: Future Sight
|
|-heal|p1a: Gliscor|100/100 tox|[from] ability: Poison Heal
|upkeep
|turn|101
|inactive|SpongeGar & Patar has 30 seconds left this turn.
|inactive|pcklee has 120 seconds left.
|
|t:|1760738700
|switch|p2a: Dondozo|Dondozo, F|95/100
|-damage|p2a: Dondozo|83/100|[from] Stealth Rock
|move|p1a: Gliscor|Knock Off|p2a: Dondozo
|-damage|p2a: Dondozo|77/100
|
|upkeep
|turn|102
|inactive|SpongeGar & Patar has 30 seconds left this turn.
|inactive|pcklee has 120 seconds left.
|
|t:|1760738710
|switch|p1a: Alomomola|Alomomola, M|100/100
|-damage|p1a: Alomomola|88/100|[from] Stealth Rock
|switch|p2a: Slowking|Slowking-Galar, L99, M|90/100
|
|-end|p1a: Alomomola|move: Future Sight
|-damage|p1a: Alomomola|52/100
|-heal|p1a: Alomomola|58/100|[from] item: Leftovers
|upkeep
|turn|103
|inactive|SpongeGar & Patar has 30 seconds left this turn.
|inactive|pcklee has 120 seconds left.
|
|t:|1760738726
|move|p1a: Alomomola|Flip Turn|p2a: Slowking
|-damage|p2a: Slowking|73/100
|
|t:|1760738729
|switch|p1a: Blissey|Blissey, F, shiny|60/100|[from] Flip Turn
|-damage|p1a: Blissey|48/100|[from] Stealth Rock
|move|p2a: Slowking|Toxic|p1a: Blissey
|-status|p1a: Blissey|tox
|
|-heal|p1a: Blissey|54/100 tox|[from] item: Leftovers
|-damage|p1a: Blissey|48/100 tox|[from] psn
|upkeep
|turn|104
|inactive|SpongeGar & Patar has 30 seconds left.
|
|t:|1760738740
|move|p1a: Blissey|Soft-Boiled|p1a: Blissey
|-heal|p1a: Blissey|98/100 tox
|move|p2a: Slowking|Future Sight|p1a: Blissey
|-start|p2a: Slowking|move: Future Sight
|
|-heal|p1a: Blissey|100/100 tox|[from] item: Leftovers
|-damage|p1a: Blissey|88/100 tox|[from] psn
|upkeep
|turn|105
|inactive|SpongeGar & Patar has 30 seconds left.
|
|t:|1760738752
|-curestatus|p1a: Blissey|tox|[from] ability: Natural Cure
|switch|p1a: Alomomola|Alomomola, M|91/100
|-damage|p1a: Alomomola|79/100|[from] Stealth Rock
|switch|p2a: Cinderace|Cinderace, M|82/100 tox
|
|-heal|p1a: Alomomola|85/100|[from] item: Leftovers
|-damage|p2a: Cinderace|76/100 tox|[from] psn
|upkeep
|turn|106
|inactive|SpongeGar & Patar has 30 seconds left.
|
|t:|1760738763
|switch|p2a: Slowking|Slowking-Galar, L99, M|100/100
|move|p1a: Alomomola|Flip Turn|p2a: Slowking
|-damage|p2a: Slowking|84/100
|
|t:|1760738768
|switch|p1a: Blissey|Blissey, F, shiny|88/100|[from] Flip Turn
|-damage|p1a: Blissey|76/100|[from] Stealth Rock
|
|-end|p1a: Blissey|move: Future Sight
|-damage|p1a: Blissey|64/100
|-heal|p1a: Blissey|70/100|[from] item: Leftovers
|upkeep
|turn|107
|
|t:|1760738778
|move|p1a: Blissey|Calm Mind|p1a: Blissey
|-boost|p1a: Blissey|spa|1
|-boost|p1a: Blissey|spd|1
|move|p2a: Slowking|Future Sight|p1a: Blissey
|-start|p2a: Slowking|move: Future Sight
|
|-heal|p1a: Blissey|76/100|[from] item: Leftovers
|upkeep
|turn|108
|
|t:|1760738792
|move|p1a: Blissey|Calm Mind|p1a: Blissey
|-boost|p1a: Blissey|spa|1
|-boost|p1a: Blissey|spd|1
|move|p2a: Slowking|Toxic|p1a: Blissey
|-status|p1a: Blissey|tox
|
|-heal|p1a: Blissey|82/100 tox|[from] item: Leftovers
|-damage|p1a: Blissey|76/100 tox|[from] psn
|upkeep
|turn|109
|
|t:|1760738801
|move|p1a: Blissey|Shadow Ball|p2a: Slowking
|-supereffective|p2a: Slowking
|-damage|p2a: Slowking|48/100
|move|p2a: Slowking|Sludge Bomb|p1a: Blissey
|-crit|p1a: Blissey
|-damage|p1a: Blissey|60/100 tox
|
|-end|p1a: Blissey|move: Future Sight
|-crit|p1a: Blissey
|-damage|p1a: Blissey|42/100 tox
|-heal|p1a: Blissey|48/100 tox|[from] item: Leftovers
|-damage|p1a: Blissey|36/100 tox|[from] psn
|upkeep
|turn|110
|inactive|pcklee has 90 seconds left.
|inactive|SpongeGar & Patar has 30 seconds left.
|
|t:|1760738823
|-curestatus|p1a: Blissey|tox|[from] ability: Natural Cure
|switch|p1a: Alomomola|Alomomola, M|100/100
|-damage|p1a: Alomomola|88/100|[from] Stealth Rock
|move|p2a: Slowking|Future Sight|p1a: Alomomola
|-start|p2a: Slowking|move: Future Sight
|
|-heal|p1a: Alomomola|94/100|[from] item: Leftovers
|upkeep
|turn|111
|inactive|SpongeGar & Patar has 30 seconds left.
|
|t:|1760738832
|move|p1a: Alomomola|Wish|p1a: Alomomola
|move|p2a: Slowking|Toxic|p1a: Alomomola
|-status|p1a: Alomomola|tox
|
|-heal|p1a: Alomomola|99/100 tox|[from] item: Leftovers
|-damage|p1a: Alomomola|94/100 tox|[from] psn
|upkeep
|turn|112
|inactive|SpongeGar & Patar has 30 seconds left.
|
|t:|1760738841
|switch|p2a: Dondozo|Dondozo, F|77/100
|-damage|p2a: Dondozo|64/100|[from] Stealth Rock
|move|p1a: Alomomola|Flip Turn|p2a: Dondozo
|-resisted|p2a: Dondozo
|-damage|p2a: Dondozo|61/100
|
|t:|1760738854
|switch|p1a: Blissey|Blissey, F, shiny|36/100|[from] Flip Turn
|-damage|p1a: Blissey|23/100|[from] Stealth Rock
|
|-end|p1a: Blissey|move: Future Sight
|-damage|p1a: Blissey|11/100
|-heal|p1a: Blissey|47/100|[from] move: Wish|[wisher] Alomomola
|-heal|p1a: Blissey|53/100|[from] item: Leftovers
|upkeep
|turn|113
|
|t:|1760738864
|switch|p1a: Alomomola|Alomomola, M|100/100 tox
|-damage|p1a: Alomomola|88/100 tox|[from] Stealth Rock
|move|p2a: Dondozo|Body Press|p1a: Alomomola
|-damage|p1a: Alomomola|68/100 tox
|
|-heal|p1a: Alomomola|74/100 tox|[from] item: Leftovers
|-damage|p1a: Alomomola|68/100 tox|[from] psn
|upkeep
|turn|114
|inactive|SpongeGar & Patar has 30 seconds left.
|
|t:|1760738874
|move|p1a: Alomomola|Flip Turn|p2a: Dondozo
|-resisted|p2a: Dondozo
|-damage|p2a: Dondozo|57/100
|
|t:|1760738883
|switch|p1a: Gliscor|Gliscor, M, shiny|100/100 tox|[from] Flip Turn
|-damage|p1a: Gliscor|88/100 tox|[from] Stealth Rock
|move|p2a: Dondozo|Body Press|p1a: Gliscor
|-resisted|p1a: Gliscor
|-crit|p1a: Gliscor
|-damage|p1a: Gliscor|76/100 tox
|
|-heal|p1a: Gliscor|88/100 tox|[from] ability: Poison Heal
|upkeep
|turn|115
|
|t:|1760738893
|move|p1a: Gliscor|Toxic|p2a: Dondozo
|-status|p2a: Dondozo|tox
|move|p2a: Dondozo|Waterfall|p1a: Gliscor
|-supereffective|p1a: Gliscor
|-damage|p1a: Gliscor|53/100 tox
|
|-heal|p1a: Gliscor|65/100 tox|[from] ability: Poison Heal
|-damage|p2a: Dondozo|51/100 tox|[from] psn
|upkeep
|turn|116
|
|t:|1760738903
|move|p1a: Gliscor|Knock Off|p2a: Dondozo
|-damage|p2a: Dondozo|44/100 tox
|move|p2a: Dondozo|Rest|p2a: Dondozo
|-status|p2a: Dondozo|slp|[from] move: Rest
|-heal|p2a: Dondozo|100/100 slp|[silent]
|
|-heal|p1a: Gliscor|78/100 tox|[from] ability: Poison Heal
|upkeep
|turn|117
|
|t:|1760738916
|switch|p1a: Blissey|Blissey, F, shiny|53/100
|-damage|p1a: Blissey|41/100|[from] Stealth Rock
|cant|p2a: Dondozo|slp
|
|-heal|p1a: Blissey|47/100|[from] item: Leftovers
|upkeep
|turn|118
|
|t:|1760738925
|move|p1a: Blissey|Soft-Boiled|p1a: Blissey
|-heal|p1a: Blissey|97/100
|cant|p2a: Dondozo|slp
|
|-heal|p1a: Blissey|100/100|[from] item: Leftovers
|upkeep
|turn|119
|
|t:|1760738939
|switch|p1a: Gliscor|Gliscor, M, shiny|78/100 tox
|-damage|p1a: Gliscor|65/100 tox|[from] Stealth Rock
|-curestatus|p2a: Dondozo|slp|[msg]
|move|p2a: Dondozo|Waterfall|p1a: Gliscor
|-supereffective|p1a: Gliscor
|-damage|p1a: Gliscor|34/100 tox
|
|-heal|p1a: Gliscor|47/100 tox|[from] ability: Poison Heal
|upkeep
|turn|120
|
|t:|1760738949
|move|p1a: Gliscor|Protect|p1a: Gliscor
|-singleturn|p1a: Gliscor|Protect
|move|p2a: Dondozo|Waterfall|p1a: Gliscor
|-activate|p1a: Gliscor|move: Protect
|
|-heal|p1a: Gliscor|59/100 tox|[from] ability: Poison Heal
|upkeep
|turn|121
|
|t:|1760738958
|switch|p1a: Alomomola|Alomomola, M|100/100 tox
|-damage|p1a: Alomomola|88/100 tox|[from] Stealth Rock
|move|p2a: Dondozo|Waterfall|p1a: Alomomola
|-resisted|p1a: Alomomola
|-damage|p1a: Alomomola|78/100 tox
|
|-heal|p1a: Alomomola|84/100 tox|[from] item: Leftovers
|-damage|p1a: Alomomola|78/100 tox|[from] psn
|upkeep
|turn|122
|inactive|SpongeGar & Patar has 30 seconds left.
|
|t:|1760738969
|switch|p2a: Slowking|Slowking-Galar, L99, M|82/100
|move|p1a: Alomomola|Flip Turn|p2a: Slowking
|-damage|p2a: Slowking|65/100
|inactive|pcklee has 60 seconds left.
|
|t:|1760738984
|switch|p1a: Zamazenta|Zamazenta|100/100|[from] Flip Turn
|-damage|p1a: Zamazenta|94/100|[from] Stealth Rock
|
|-heal|p1a: Zamazenta|100/100|[from] item: Leftovers
|upkeep
|turn|123
|
|t:|1760738994
|switch|p2a: Ting-Lu|Ting-Lu|100/100
|-damage|p2a: Ting-Lu|94/100|[from] Stealth Rock
|-ability|p2a: Ting-Lu|Vessel of Ruin
|move|p1a: Zamazenta|Crunch|p2a: Ting-Lu
|-resisted|p2a: Ting-Lu
|-damage|p2a: Ting-Lu|88/100
|
|-heal|p2a: Ting-Lu|94/100|[from] item: Leftovers
|upkeep
|turn|124
|inactive|SpongeGar & Patar has 30 seconds left.
|
|t:|1760739004
|switch|p2a: Slowking|Slowking-Galar, L99, M|98/100
|move|p1a: Zamazenta|Iron Defense|p1a: Zamazenta
|-boost|p1a: Zamazenta|def|2
|
|upkeep
|turn|125
|inactive|SpongeGar & Patar has 30 seconds left.
|
|t:|1760739020
|switch|p1a: Gliscor|Gliscor, M, shiny|59/100 tox
|-damage|p1a: Gliscor|47/100 tox|[from] Stealth Rock
|move|p2a: Slowking|Future Sight|p1a: Gliscor
|-start|p2a: Slowking|move: Future Sight
|
|-heal|p1a: Gliscor|59/100 tox|[from] ability: Poison Heal
|upkeep
|turn|126
|inactive|SpongeGar & Patar has 30 seconds left.
|
|t:|1760739030
|move|p1a: Gliscor|Knock Off|p2a: Slowking
|-supereffective|p2a: Slowking
|-damage|p2a: Slowking|56/100
|-enditem|p2a: Slowking|Heavy-Duty Boots|[from] move: Knock Off|[of] p1a: Gliscor
|move|p2a: Slowking|Sludge Bomb|p1a: Gliscor
|-resisted|p1a: Gliscor
|-damage|p1a: Gliscor|39/100 tox
|
|-heal|p1a: Gliscor|52/100 tox|[from] ability: Poison Heal
|upkeep
|turn|127
|inactive|SpongeGar & Patar has 30 seconds left.
|
|t:|1760739040
|switch|p1a: Blissey|Blissey, F, shiny|100/100
|-damage|p1a: Blissey|88/100|[from] Stealth Rock
|switch|p2a: Cinderace|Cinderace, M|76/100 tox
|
|-end|p1a: Blissey|move: Future Sight
|-damage|p1a: Blissey|74/100
|-heal|p1a: Blissey|80/100|[from] item: Leftovers
|-damage|p2a: Cinderace|70/100 tox|[from] psn
|upkeep
|turn|128
|inactive|SpongeGar & Patar has 30 seconds left.
|
|t:|1760739053
|switch|p1a: Alomomola|Alomomola, M|100/100 tox
|-damage|p1a: Alomomola|88/100 tox|[from] Stealth Rock
|move|p2a: Cinderace|U-turn|p1a: Alomomola
|-damage|p1a: Alomomola|75/100 tox
|inactive|SpongeGar & Patar has 30 seconds left.
|
|t:|1760739064
|switch|p2a: Slowking|Slowking-Galar, L99, M|90/100|[from] U-turn
|-damage|p2a: Slowking|77/100|[from] Stealth Rock
|
|-heal|p1a: Alomomola|81/100 tox|[from] item: Leftovers
|-damage|p1a: Alomomola|75/100 tox|[from] psn
|upkeep
|turn|129
|inactive|SpongeGar & Patar has 30 seconds left this turn.
|
|t:|1760739073
|move|p1a: Alomomola|Flip Turn|p2a: Slowking
|-damage|p2a: Slowking|61/100
|
|t:|1760739088
|switch|p1a: Blissey|Blissey, F, shiny|80/100|[from] Flip Turn
|-damage|p1a: Blissey|68/100|[from] Stealth Rock
|move|p2a: Slowking|Sludge Bomb|p1a: Blissey
|-damage|p1a: Blissey|58/100
|
|-heal|p1a: Blissey|64/100|[from] item: Leftovers
|upkeep
|turn|130
|inactive|SpongeGar & Patar has 30 seconds left.
|inactive|pcklee has 30 seconds left.
|
|t:|1760739102
|move|p1a: Blissey|Calm Mind|p1a: Blissey
|-boost|p1a: Blissey|spa|1
|-boost|p1a: Blissey|spd|1
|move|p2a: Slowking|Future Sight|p1a: Blissey
|-start|p2a: Slowking|move: Future Sight
|
|-heal|p1a: Blissey|70/100|[from] item: Leftovers
|upkeep
|turn|131
|inactive|pcklee has 30 seconds left.
|inactive|SpongeGar & Patar has 30 seconds left.
|
|t:|1760739112
|switch|p2a: Ting-Lu|Ting-Lu|94/100
|-damage|p2a: Ting-Lu|88/100|[from] Stealth Rock
|-ability|p2a: Ting-Lu|Vessel of Ruin
|move|p1a: Blissey|Shadow Ball|p2a: Ting-Lu
|-resisted|p2a: Ting-Lu
|-damage|p2a: Ting-Lu|84/100
|-unboost|p2a: Ting-Lu|spd|1
|
|-heal|p1a: Blissey|77/100|[from] item: Leftovers
|-heal|p2a: Ting-Lu|90/100|[from] item: Leftovers
|upkeep
|turn|132
|inactive|pcklee has 30 seconds left.
|inactive|SpongeGar & Patar has 30 seconds left.
|inactive|pcklee has 20 seconds left.
|inactive|pcklee has 15 seconds left.
|inactive|pcklee has 10 seconds left.
|
|t:|1760739141
|switch|p1a: Corviknight|Corviknight, F|100/100
|-damage|p1a: Corviknight|88/100|[from] Stealth Rock
|-ability|p1a: Corviknight|Pressure
|move|p2a: Ting-Lu|Earthquake|p1a: Corviknight
|-immune|p1a: Corviknight
|
|-end|p1a: Corviknight|move: Future Sight
|-resisted|p1a: Corviknight
|-damage|p1a: Corviknight|71/100
|-heal|p2a: Ting-Lu|96/100|[from] item: Leftovers
|-heal|p1a: Corviknight|77/100|[from] item: Leftovers
|upkeep
|turn|133
|inactive|pcklee has 15 seconds left this turn.
|inactive|pcklee has 10 seconds left.
|inactive|SpongeGar & Patar has 30 seconds left.
|inactive|pcklee has 5 seconds left.
|
|t:|1760739152
|switch|p2a: Slowking|Slowking-Galar, L99, M|95/100
|-damage|p2a: Slowking|82/100|[from] Stealth Rock
|move|p1a: Corviknight|U-turn|p2a: Slowking
|-damage|p2a: Slowking|66/100
|inactive|pcklee has 10 seconds left this turn.
|inactive|pcklee has 5 seconds left.
|
|t:|1760739158
|switch|p1a: Zamazenta|Zamazenta|100/100|[from] U-turn
|-damage|p1a: Zamazenta|94/100|[from] Stealth Rock
|
|-heal|p1a: Zamazenta|100/100|[from] item: Leftovers
|upkeep
|turn|134
|inactive|pcklee has 10 seconds left this turn.
|inactive|pcklee has 5 seconds left.
|
|t:|1760739168
|-terastallize|p1a: Zamazenta|Steel
|move|p1a: Zamazenta|Crunch|p2a: Slowking
|-supereffective|p2a: Slowking
|-damage|p2a: Slowking|22/100
|move|p2a: Slowking|Toxic|p1a: Zamazenta
|-immune|p1a: Zamazenta
|
|upkeep
|turn|135
|inactive|pcklee has 10 seconds left this turn.
|inactive|pcklee has 5 seconds left.
|
|t:|1760739178
|switch|p2a: Dondozo|Dondozo, F|100/100
|-damage|p2a: Dondozo|88/100|[from] Stealth Rock
|move|p1a: Zamazenta|Crunch|p2a: Dondozo
|-damage|p2a: Dondozo|79/100
|
|upkeep
|turn|136
|inactive|pcklee has 10 seconds left this turn.
|inactive|pcklee has 5 seconds left.
|
|t:|1760739188
|switch|p1a: Alomomola|Alomomola, M|100/100 tox
|-damage|p1a: Alomomola|88/100 tox|[from] Stealth Rock
|move|p2a: Dondozo|Waterfall|p1a: Alomomola
|-resisted|p1a: Alomomola
|-damage|p1a: Alomomola|79/100 tox
|
|-heal|p1a: Alomomola|85/100 tox|[from] item: Leftovers
|-damage|p1a: Alomomola|79/100 tox|[from] psn
|upkeep
|turn|137
|inactive|pcklee has 10 seconds left this turn.
|inactive|pcklee has 5 seconds left.
|inactive|SpongeGar & Patar has 30 seconds left.
|
|t:|1760739198
|switch|p2a: Slowking|Slowking-Galar, L99, M|55/100
|-damage|p2a: Slowking|43/100|[from] Stealth Rock
|move|p1a: Alomomola|Flip Turn|p2a: Slowking
|-damage|p2a: Slowking|26/100
|inactive|pcklee has 10 seconds left this turn.
|inactive|pcklee has 5 seconds left.
|
|t:|1760739204
|switch|p1a: Zamazenta|Zamazenta, tera:Steel|100/100|[from] Flip Turn
|-damage|p1a: Zamazenta|94/100|[from] Stealth Rock
|
|-heal|p1a: Zamazenta|100/100|[from] item: Leftovers
|upkeep
|turn|138
|inactive|pcklee has 10 seconds left this turn.
|inactive|pcklee has 5 seconds left.
|
|t:|1760739214
|switch|p2a: Ting-Lu|Ting-Lu|96/100
|-damage|p2a: Ting-Lu|90/100|[from] Stealth Rock
|-ability|p2a: Ting-Lu|Vessel of Ruin
|move|p1a: Zamazenta|Iron Defense|p1a: Zamazenta
|-boost|p1a: Zamazenta|def|2
|
|-heal|p2a: Ting-Lu|96/100|[from] item: Leftovers
|upkeep
|turn|139
|inactive|pcklee has 10 seconds left this turn.
|inactive|pcklee has 5 seconds left.
|
|t:|1760739223
|switch|p2a: Dondozo|Dondozo, F|79/100
|-damage|p2a: Dondozo|67/100|[from] Stealth Rock
|move|p1a: Zamazenta|Body Press|p2a: Dondozo
|-damage|p2a: Dondozo|52/100
|
|upkeep
|turn|140
|inactive|pcklee has 10 seconds left this turn.
|inactive|pcklee has 5 seconds left.
|
|t:|1760739233
|switch|p1a: Alomomola|Alomomola, M|100/100 tox
|-damage|p1a: Alomomola|88/100 tox|[from] Stealth Rock
|move|p2a: Dondozo|Body Press|p1a: Alomomola
|-damage|p1a: Alomomola|68/100 tox
|
|-heal|p1a: Alomomola|74/100 tox|[from] item: Leftovers
|-damage|p1a: Alomomola|68/100 tox|[from] psn
|upkeep
|turn|141
|inactive|pcklee has 10 seconds left this turn.
|inactive|pcklee has 5 seconds left.
|inactive|SpongeGar & Patar has 30 seconds left.
|
|t:|1760739244
|move|p1a: Alomomola|Flip Turn|p2a: Dondozo
|-resisted|p2a: Dondozo
|-damage|p2a: Dondozo|48/100
|inactive|pcklee has 10 seconds left this turn.
|
|t:|1760739248
|switch|p1a: Gliscor|Gliscor, M, shiny|52/100 tox|[from] Flip Turn
|-damage|p1a: Gliscor|39/100 tox|[from] Stealth Rock
|move|p2a: Dondozo|Body Press|p1a: Gliscor
|-resisted|p1a: Gliscor
|-damage|p1a: Gliscor|31/100 tox
|
|-heal|p1a: Gliscor|44/100 tox|[from] ability: Poison Heal
|upkeep
|turn|142
|inactive|pcklee has 15 seconds left this turn.
|inactive|pcklee has 10 seconds left.
|
|t:|1760739257
|move|p1a: Gliscor|Protect|p1a: Gliscor
|-singleturn|p1a: Gliscor|Protect
|move|p2a: Dondozo|Rest|p2a: Dondozo
|-status|p2a: Dondozo|slp|[from] move: Rest
|-heal|p2a: Dondozo|100/100 slp|[silent]
|
|-heal|p1a: Gliscor|56/100 tox|[from] ability: Poison Heal
|upkeep
|turn|143
|inactive|pcklee has 15 seconds left this turn.
|inactive|pcklee has 10 seconds left.
|
|t:|1760739266
|move|p1a: Gliscor|Knock Off|p2a: Dondozo
|-damage|p2a: Dondozo|94/100 slp
|cant|p2a: Dondozo|slp
|
|-heal|p1a: Gliscor|69/100 tox|[from] ability: Poison Heal
|upkeep
|turn|144
|inactive|pcklee has 15 seconds left this turn.
|inactive|pcklee has 10 seconds left.
|
|t:|1760739276
|move|p1a: Gliscor|Knock Off|p2a: Dondozo
|-damage|p2a: Dondozo|87/100 slp
|cant|p2a: Dondozo|slp
|
|-heal|p1a: Gliscor|81/100 tox|[from] ability: Poison Heal
|upkeep
|turn|145
|inactive|pcklee has 15 seconds left this turn.
|inactive|pcklee has 10 seconds left.
|
|t:|1760739286
|move|p1a: Gliscor|Knock Off|p2a: Dondozo
|-damage|p2a: Dondozo|80/100 slp
|-curestatus|p2a: Dondozo|slp|[msg]
|move|p2a: Dondozo|Rest|p2a: Dondozo
|-status|p2a: Dondozo|slp|[from] move: Rest
|-heal|p2a: Dondozo|100/100 slp|[silent]
|
|-heal|p1a: Gliscor|94/100 tox|[from] ability: Poison Heal
|upkeep
|turn|146
|inactive|pcklee has 15 seconds left this turn.
|inactive|pcklee has 10 seconds left.
|
|t:|1760739296
|move|p1a: Gliscor|Protect|p1a: Gliscor
|-singleturn|p1a: Gliscor|Protect
|cant|p2a: Dondozo|slp
|
|-heal|p1a: Gliscor|100/100 tox|[from] ability: Poison Heal
|upkeep
|turn|147
|inactive|pcklee has 15 seconds left this turn.
|inactive|pcklee has 10 seconds left.
|
|t:|1760739305
|switch|p1a: Alomomola|Alomomola, M|100/100 tox
|-damage|p1a: Alomomola|88/100 tox|[from] Stealth Rock
|cant|p2a: Dondozo|slp
|
|-heal|p1a: Alomomola|94/100 tox|[from] item: Leftovers
|-damage|p1a: Alomomola|88/100 tox|[from] psn
|upkeep
|turn|148
|inactive|pcklee has 15 seconds left this turn.
|inactive|pcklee has 10 seconds left.
|
|t:|1760739314
|switch|p2a: Slowking|Slowking-Galar, L99, M|59/100
|-damage|p2a: Slowking|47/100|[from] Stealth Rock
|move|p1a: Alomomola|Flip Turn|p2a: Slowking
|-damage|p2a: Slowking|29/100
|inactive|pcklee has 15 seconds left this turn.
|inactive|pcklee has 10 seconds left.
|
|t:|1760739321
|switch|p1a: Zamazenta|Zamazenta, tera:Steel|100/100|[from] Flip Turn
|-damage|p1a: Zamazenta|94/100|[from] Stealth Rock
|
|-heal|p1a: Zamazenta|100/100|[from] item: Leftovers
|upkeep
|turn|149
|inactive|pcklee has 15 seconds left this turn.
|inactive|pcklee has 10 seconds left.
|
|t:|1760739330
|switch|p2a: Dondozo|Dondozo, F|100/100 slp
|-damage|p2a: Dondozo|88/100 slp|[from] Stealth Rock
|move|p1a: Zamazenta|Body Press|p2a: Dondozo
|-damage|p2a: Dondozo|74/100 slp
|
|upkeep
|turn|150
|inactive|pcklee has 15 seconds left this turn.
|inactive|pcklee has 10 seconds left.
|
|t:|1760739340
|switch|p1a: Alomomola|Alomomola, M|100/100 tox
|-damage|p1a: Alomomola|88/100 tox|[from] Stealth Rock
|-curestatus|p2a: Dondozo|slp|[msg]
|move|p2a: Dondozo|Body Press|p1a: Alomomola
|-damage|p1a: Alomomola|69/100 tox
|
|-heal|p1a: Alomomola|75/100 tox|[from] item: Leftovers
|-damage|p1a: Alomomola|69/100 tox|[from] psn
|upkeep
|turn|151
|inactive|pcklee has 15 seconds left this turn.
|inactive|pcklee has 10 seconds left.
|inactive|pcklee has 5 seconds left.
|
|t:|1760739350
|move|p1a: Alomomola|Flip Turn|p2a: Dondozo
|-resisted|p2a: Dondozo
|-damage|p2a: Dondozo|70/100
|inactive|pcklee has 10 seconds left this turn.
|
|t:|1760739353
|switch|p1a: Gliscor|Gliscor, M, shiny|100/100 tox|[from] Flip Turn
|-damage|p1a: Gliscor|88/100 tox|[from] Stealth Rock
|move|p2a: Dondozo|Body Press|p1a: Gliscor
|-resisted|p1a: Gliscor
|-damage|p1a: Gliscor|79/100 tox
|
|-heal|p1a: Gliscor|91/100 tox|[from] ability: Poison Heal
|upkeep
|turn|152
|inactive|pcklee has 15 seconds left this turn.
|inactive|pcklee has 10 seconds left.
|
|t:|1760739363
|move|p1a: Gliscor|Toxic|p2a: Dondozo
|-status|p2a: Dondozo|tox
|move|p2a: Dondozo|Rest|p2a: Dondozo
|-status|p2a: Dondozo|slp|[from] move: Rest
|-heal|p2a: Dondozo|100/100 slp|[silent]
|
|-heal|p1a: Gliscor|100/100 tox|[from] ability: Poison Heal
|upkeep
|turn|153
|inactive|pcklee has 15 seconds left this turn.
|inactive|pcklee has 10 seconds left.
|
|t:|1760739373
|switch|p1a: Alomomola|Alomomola, M|100/100 tox
|-damage|p1a: Alomomola|88/100 tox|[from] Stealth Rock
|cant|p2a: Dondozo|slp
|
|-heal|p1a: Alomomola|94/100 tox|[from] item: Leftovers
|-damage|p1a: Alomomola|88/100 tox|[from] psn
|upkeep
|turn|154
|inactive|pcklee has 15 seconds left this turn.
|inactive|pcklee has 10 seconds left.
|
|t:|1760739382
|move|p1a: Alomomola|Flip Turn|p2a: Dondozo
|-resisted|p2a: Dondozo
|-damage|p2a: Dondozo|97/100 slp
|inactive|pcklee has 15 seconds left this turn.
|
|t:|1760739386
|switch|p1a: Gliscor|Gliscor, M, shiny|100/100 tox|[from] Flip Turn
|-damage|p1a: Gliscor|88/100 tox|[from] Stealth Rock
|cant|p2a: Dondozo|slp
|
|-heal|p1a: Gliscor|100/100 tox|[from] ability: Poison Heal
|upkeep
|turn|155
|inactive|pcklee has 20 seconds left this turn.
|inactive|pcklee has 15 seconds left.
|j| LT123VB 87
|
|t:|1760739395
|switch|p1a: Alomomola|Alomomola, M|100/100 tox
|-damage|p1a: Alomomola|88/100 tox|[from] Stealth Rock
|-curestatus|p2a: Dondozo|slp|[msg]
|move|p2a: Dondozo|Body Press|p1a: Alomomola
|-crit|p1a: Alomomola
|-damage|p1a: Alomomola|62/100 tox
|
|-heal|p1a: Alomomola|68/100 tox|[from] item: Leftovers
|-damage|p1a: Alomomola|62/100 tox|[from] psn
|upkeep
|turn|156
|inactive|pcklee has 20 seconds left this turn.
|inactive|pcklee has 15 seconds left.
|inactive|pcklee has 10 seconds left.
|
|t:|1760739406
|switch|p1a: Gliscor|Gliscor, M, shiny|100/100 tox
|-damage|p1a: Gliscor|88/100 tox|[from] Stealth Rock
|switch|p2a: Slowking|Slowking-Galar, L99, M|62/100
|-damage|p2a: Slowking|50/100|[from] Stealth Rock
|
|-heal|p1a: Gliscor|100/100 tox|[from] ability: Poison Heal
|upkeep
|turn|157
|inactive|pcklee has 15 seconds left this turn.
|inactive|pcklee has 10 seconds left.
|
|t:|1760739416
|switch|p2a: Dondozo|Dondozo, F|97/100
|-damage|p2a: Dondozo|85/100|[from] Stealth Rock
|move|p1a: Gliscor|Knock Off|p2a: Dondozo
|-damage|p2a: Dondozo|78/100
|
|upkeep
|turn|158
|inactive|pcklee has 15 seconds left this turn.
|inactive|pcklee has 10 seconds left.
|
|t:|1760739426
|move|p1a: Gliscor|Toxic|p2a: Dondozo
|-status|p2a: Dondozo|tox
|move|p2a: Dondozo|Body Press|p1a: Gliscor
|-resisted|p1a: Gliscor
|-damage|p1a: Gliscor|92/100 tox
|
|-heal|p1a: Gliscor|100/100 tox|[from] ability: Poison Heal
|-damage|p2a: Dondozo|72/100 tox|[from] psn
|upkeep
|turn|159
|inactive|pcklee has 15 seconds left this turn.
|inactive|pcklee has 10 seconds left.
|
|t:|1760739435
|switch|p1a: Alomomola|Alomomola, M|95/100 tox
|-damage|p1a: Alomomola|82/100 tox|[from] Stealth Rock
|move|p2a: Dondozo|Rest|p2a: Dondozo
|-status|p2a: Dondozo|slp|[from] move: Rest
|-heal|p2a: Dondozo|100/100 slp|[silent]
|
|-heal|p1a: Alomomola|88/100 tox|[from] item: Leftovers
|-damage|p1a: Alomomola|82/100 tox|[from] psn
|upkeep
|turn|160
|inactive|pcklee has 15 seconds left this turn.
|inactive|pcklee has 10 seconds left.
|inactive|pcklee has 5 seconds left.
|
|t:|1760739445
|switch|p1a: Gliscor|Gliscor, M, shiny|100/100 tox
|-damage|p1a: Gliscor|88/100 tox|[from] Stealth Rock
|cant|p2a: Dondozo|slp
|
|-heal|p1a: Gliscor|100/100 tox|[from] ability: Poison Heal
|upkeep
|turn|161
|inactive|pcklee has 10 seconds left this turn.
|inactive|pcklee has 5 seconds left.
|
|t:|1760739455
|switch|p1a: Alomomola|Alomomola, M|100/100 tox
|-damage|p1a: Alomomola|88/100 tox|[from] Stealth Rock
|cant|p2a: Dondozo|slp
|
|-heal|p1a: Alomomola|94/100 tox|[from] item: Leftovers
|-damage|p1a: Alomomola|88/100 tox|[from] psn
|upkeep
|turn|162
|inactive|pcklee has 10 seconds left this turn.
|inactive|pcklee has 5 seconds left.
|
|t:|1760739464
|switch|p1a: Gliscor|Gliscor, M, shiny|100/100 tox
|-damage|p1a: Gliscor|88/100 tox|[from] Stealth Rock
|switch|p2a: Slowking|Slowking-Galar, L99, M|83/100
|-damage|p2a: Slowking|71/100|[from] Stealth Rock
|
|-heal|p1a: Gliscor|100/100 tox|[from] ability: Poison Heal
|upkeep
|turn|163
|inactive|pcklee has 10 seconds left this turn.
|
|t:|1760739474
|switch|p2a: Dondozo|Dondozo, F|100/100 slp
|-damage|p2a: Dondozo|88/100 slp|[from] Stealth Rock
|move|p1a: Gliscor|Knock Off|p2a: Dondozo
|-damage|p2a: Dondozo|81/100 slp
|
|upkeep
|turn|164
|inactive|pcklee has 15 seconds left this turn.
|inactive|pcklee has 10 seconds left.
|
|t:|1760739483
|switch|p1a: Alomomola|Alomomola, M|100/100 tox
|-damage|p1a: Alomomola|88/100 tox|[from] Stealth Rock
|-curestatus|p2a: Dondozo|slp|[msg]
|move|p2a: Dondozo|Body Press|p1a: Alomomola
|-damage|p1a: Alomomola|71/100 tox
|
|-heal|p1a: Alomomola|77/100 tox|[from] item: Leftovers
|-damage|p1a: Alomomola|71/100 tox|[from] psn
|upkeep
|turn|165
|inactive|pcklee has 15 seconds left this turn.
|inactive|pcklee has 10 seconds left.
|
|t:|1760739494
|switch|p1a: Gliscor|Gliscor, M, shiny|100/100 tox
|-damage|p1a: Gliscor|88/100 tox|[from] Stealth Rock
|move|p2a: Dondozo|Body Press|p1a: Gliscor
|-resisted|p1a: Gliscor
|-damage|p1a: Gliscor|79/100 tox
|
|-heal|p1a: Gliscor|92/100 tox|[from] ability: Poison Heal
|upkeep
|turn|166
|inactive|pcklee has 15 seconds left this turn.
|inactive|SpongeGar & Patar has 30 seconds left.
|
|t:|1760739504
|move|p1a: Gliscor|Toxic|p2a: Dondozo
|-status|p2a: Dondozo|tox
|move|p2a: Dondozo|Body Press|p1a: Gliscor
|-resisted|p1a: Gliscor
|-damage|p1a: Gliscor|84/100 tox
|
|-heal|p1a: Gliscor|96/100 tox|[from] ability: Poison Heal
|-damage|p2a: Dondozo|75/100 tox|[from] psn
|upkeep
|turn|167
|inactive|pcklee has 20 seconds left this turn.
|inactive|pcklee has 15 seconds left.
|inactive|SpongeGar & Patar has 30 seconds left.
|
|t:|1760739513
|switch|p1a: Alomomola|Alomomola, M|100/100 tox
|-damage|p1a: Alomomola|88/100 tox|[from] Stealth Rock
|switch|p2a: Ting-Lu|Ting-Lu|96/100
|-damage|p2a: Ting-Lu|90/100|[from] Stealth Rock
|-ability|p2a: Ting-Lu|Vessel of Ruin
|
|-heal|p2a: Ting-Lu|96/100|[from] item: Leftovers
|-heal|p1a: Alomomola|94/100 tox|[from] item: Leftovers
|-damage|p1a: Alomomola|88/100 tox|[from] psn
|upkeep
|turn|168
|inactive|pcklee has 20 seconds left this turn.
|inactive|pcklee has 15 seconds left.
|inactive|SpongeGar & Patar has 30 seconds left.
|inactive|pcklee has 10 seconds left.
|
|t:|1760739525
|move|p2a: Ting-Lu|Earthquake|p1a: Alomomola
|-damage|p1a: Alomomola|63/100 tox
|move|p1a: Alomomola|Flip Turn|p2a: Ting-Lu
|-supereffective|p2a: Ting-Lu
|-damage|p2a: Ting-Lu|78/100
|inactive|pcklee has 15 seconds left this turn.
|inactive|pcklee has 10 seconds left.
|
|t:|1760739531
|switch|p1a: Dondozo|Dondozo, M|80/100|[from] Flip Turn
|-damage|p1a: Dondozo|67/100|[from] Stealth Rock
|
|-heal|p2a: Ting-Lu|84/100|[from] item: Leftovers
|-heal|p1a: Dondozo|74/100|[from] item: Leftovers
|upkeep
|turn|169
|inactive|pcklee has 15 seconds left this turn.
|inactive|pcklee has 10 seconds left.
|
|t:|1760739541
|switch|p2a: Slowking|Slowking-Galar, L99, M|100/100
|-damage|p2a: Slowking|88/100|[from] Stealth Rock
|move|p1a: Dondozo|Curse|p1a: Dondozo
|-unboost|p1a: Dondozo|spe|1
|-boost|p1a: Dondozo|atk|1
|-boost|p1a: Dondozo|def|1
|
|-heal|p1a: Dondozo|80/100|[from] item: Leftovers
|upkeep
|turn|170
|inactive|pcklee has 15 seconds left this turn.
|inactive|pcklee has 10 seconds left.
|
|t:|1760739550
|move|p1a: Dondozo|Curse|p1a: Dondozo
|-unboost|p1a: Dondozo|spe|1
|-boost|p1a: Dondozo|atk|1
|-boost|p1a: Dondozo|def|1
|move|p2a: Slowking|Toxic|p1a: Dondozo
|-status|p1a: Dondozo|tox
|
|-heal|p1a: Dondozo|86/100 tox|[from] item: Leftovers
|-damage|p1a: Dondozo|80/100 tox|[from] psn
|upkeep
|turn|171
|inactive|pcklee has 15 seconds left this turn.
|inactive|pcklee has 10 seconds left.
|
|t:|1760739560
|-prepare|p2a: Slowking|Chilly Reception|[premajor]
|move|p2a: Slowking|Chilly Reception|p2a: Slowking
|-weather|Snowscape
|
|t:|1760739569
|switch|p2a: Ting-Lu|Ting-Lu|84/100|[from] Chilly Reception
|-damage|p2a: Ting-Lu|78/100|[from] Stealth Rock
|-ability|p2a: Ting-Lu|Vessel of Ruin
|move|p1a: Dondozo|Curse|p1a: Dondozo
|-unboost|p1a: Dondozo|spe|1
|-boost|p1a: Dondozo|atk|1
|-boost|p1a: Dondozo|def|1
|
|-weather|Snowscape|[upkeep]
|-heal|p2a: Ting-Lu|84/100|[from] item: Leftovers
|-heal|p1a: Dondozo|86/100 tox|[from] item: Leftovers
|-damage|p1a: Dondozo|74/100 tox|[from] psn
|upkeep
|turn|172
|inactive|pcklee has 20 seconds left this turn.
|inactive|pcklee has 15 seconds left.
|inactive|pcklee has 10 seconds left.
|
|t:|1760739581
|move|p2a: Ting-Lu|Earthquake|p1a: Dondozo
|-damage|p1a: Dondozo|66/100 tox
|move|p1a: Dondozo|Liquidation|p2a: Ting-Lu
|-supereffective|p2a: Ting-Lu
|-damage|p2a: Ting-Lu|2/100
|
|-weather|Snowscape|[upkeep]
|-heal|p2a: Ting-Lu|8/100|[from] item: Leftovers
|-heal|p1a: Dondozo|72/100 tox|[from] item: Leftovers
|-damage|p1a: Dondozo|54/100 tox|[from] psn
|upkeep
|turn|173
|inactive|pcklee has 15 seconds left this turn.
|inactive|pcklee has 10 seconds left.
|
|t:|1760739591
|move|p2a: Ting-Lu|Earthquake|p1a: Dondozo
|-damage|p1a: Dondozo|47/100 tox
|move|p1a: Dondozo|Rest|p1a: Dondozo
|-status|p1a: Dondozo|slp|[from] move: Rest
|-heal|p1a: Dondozo|100/100 slp|[silent]
|
|-weather|Snowscape|[upkeep]
|-heal|p2a: Ting-Lu|15/100|[from] item: Leftovers
|upkeep
|turn|174
|inactive|pcklee has 15 seconds left this turn.
|inactive|pcklee has 10 seconds left.
|
|t:|1760739601
|move|p2a: Ting-Lu|Rest|p2a: Ting-Lu
|-status|p2a: Ting-Lu|slp|[from] move: Rest
|-heal|p2a: Ting-Lu|100/100 slp|[silent]
|cant|p1a: Dondozo|slp
|
|-weather|Snowscape|[upkeep]
|upkeep
|turn|175
|inactive|pcklee has 15 seconds left this turn.
|inactive|pcklee has 10 seconds left.
|
|t:|1760739610
|cant|p2a: Ting-Lu|slp
|move|p2a: Ting-Lu|Sleep Talk|p2a: Ting-Lu
|move|p2a: Ting-Lu|Earthquake|p1a: Dondozo|[from] move: Sleep Talk
|-damage|p1a: Dondozo|93/100 slp
|cant|p1a: Dondozo|slp
|
|-weather|none
|-heal|p1a: Dondozo|99/100 slp|[from] item: Leftovers
|upkeep
|turn|176
|inactive|pcklee has 15 seconds left this turn.
|inactive|pcklee has 10 seconds left.
|
|t:|1760739620
|switch|p2a: Dondozo|Dondozo, F|75/100 tox
|-damage|p2a: Dondozo|63/100 tox|[from] Stealth Rock
|-curestatus|p1a: Dondozo|slp|[msg]
|move|p1a: Dondozo|Curse|p1a: Dondozo
|-unboost|p1a: Dondozo|spe|1
|-boost|p1a: Dondozo|atk|1
|-boost|p1a: Dondozo|def|1
|
|-heal|p1a: Dondozo|100/100|[from] item: Leftovers
|-damage|p2a: Dondozo|57/100 tox|[from] psn
|upkeep
|turn|177
|inactive|pcklee has 15 seconds left this turn.
|inactive|pcklee has 10 seconds left.
|inactive|pcklee has 5 seconds left.
|
|t:|1760739631
|switch|p1a: Alomomola|Alomomola, M|96/100 tox
|-damage|p1a: Alomomola|84/100 tox|[from] Stealth Rock
|move|p2a: Dondozo|Rest|p2a: Dondozo
|-status|p2a: Dondozo|slp|[from] move: Rest
|-heal|p2a: Dondozo|100/100 slp|[silent]
|
|-heal|p1a: Alomomola|90/100 tox|[from] item: Leftovers
|-damage|p1a: Alomomola|84/100 tox|[from] psn
|upkeep
|turn|178
|inactive|pcklee has 10 seconds left this turn.
|inactive|pcklee has 5 seconds left.
|-message|pcklee lost due to inactivity.
|
|win|SpongeGar & Patar
|raw|pcklee's rating: 1520 &rarr; <strong>1513</strong><br />(-7 for losing)
|raw|SpongeGar &amp; Patar's rating: 1775 &rarr; <strong>1782</strong><br />(+7 for winning)
|l|☆SpongeGar & Patar
|player|p2|
