|j|☆LX1987
|j|☆senpako
|t:|1760782305
|gametype|singles
|player|p1|LX1987|170|1350
|player|p2|senpako|koga|1347
|gen|9
|tier|[Gen 9] OU
|rated|
|rule|HP Percentage Mod: HP is shown in percentages
|rule|Endless Battle Clause: Forcing endless battles is banned
|rule|Species Clause: Limit one of each Pokémon
|rule|OHKO Clause: OHKO moves are banned
|rule|Evasion Items Clause: Evasion items are banned
|rule|Evasion Moves Clause: Evasion moves are banned
|rule|Evasion Abilities Clause: Evasion abilities are banned
|rule|Sleep Moves Clause: Sleep-inducing moves are banned
|clearpoke
|poke|p1|Chesnaught, F|
|poke|p1|Entei|
|poke|p1|Weezing-Galar, F|
|poke|p1|Dragapult, F|
|poke|p1|Swampert, M|
|poke|p1|Hypno, F|
|poke|p2|Zamazenta-*|
|poke|p2|Greninja-*, M|
|poke|p2|Cinderace, F|
|poke|p2|Blaziken, M|
|poke|p2|Raging Bolt|
|poke|p2|Tsareena, F|
|teampreview
|inactive|Battle timer is ON: inactive players will automatically lose when time's up. (requested by senpako)
|
|t:|1760782329
|teamsize|p1|6
|teamsize|p2|6
|start
|switch|p1a: Hypno|Hypno, F|100/100
|switch|p2a: Zamazenta|Zamazenta|100/100
|-activate|p1a: Hypno|ability: Forewarn|Wild Charge|[of] p2a: Zamazenta
|-ability|p2a: Zamazenta|Dauntless Shield|boost
|-boost|p2a: Zamazenta|def|1
|turn|1
|
|t:|1760782344
|switch|p2a: Tsareena|Tsareena, F|100/100
|move|p1a: Hypno|Switcheroo|p2a: Tsareena
|-activate|p1a: Hypno|move: Trick|[of] p2a: Tsareena
|-item|p2a: Tsareena|Choice Scarf|[from] move: Switcheroo
|-item|p1a: Hypno|Choice Scarf|[from] move: Switcheroo
|
|upkeep
|turn|2
|
|t:|1760782354
|move|p2a: Tsareena|Knock Off|p1a: Hypno
|-supereffective|p1a: Hypno
|-damage|p1a: Hypno|9/100
|-enditem|p1a: Hypno|Choice Scarf|[from] move: Knock Off|[of] p2a: Tsareena
|move|p1a: Hypno|Dazzling Gleam|p2a: Tsareena
|-damage|p2a: Tsareena|77/100
|
|upkeep
|turn|3
|
|t:|1760782363
|switch|p1a: Chesnaught|Chesnaught, F|100/100
|move|p2a: Tsareena|Knock Off|p1a: Chesnaught
|-resisted|p1a: Chesnaught
|-damage|p1a: Chesnaught|90/100
|-damage|p2a: Tsareena|61/100|[from] item: Rocky Helmet|[of] p1a: Chesnaught
|-enditem|p1a: Chesnaught|Rocky Helmet|[from] move: Knock Off|[of] p2a: Tsareena
|
|upkeep
|turn|4
|
|t:|1760782374
|switch|p2a: Zamazenta|Zamazenta|100/100
|move|p1a: Chesnaught|Leech Seed|p2a: Zamazenta
|-start|p2a: Zamazenta|move: Leech Seed
|
|-damage|p2a: Zamazenta|88/100|[from] Leech Seed|[of] p1a: Chesnaught
|-heal|p1a: Chesnaught|100/100|[silent]
|upkeep
|turn|5
|
|t:|1760782383
|switch|p2a: Cinderace|Cinderace, F|100/100
|switch|p1a: Weezing|Weezing-Galar, F|100/100
|-ability|p1a: Weezing|Neutralizing Gas
|
|upkeep
|turn|6
|
|t:|1760782399
|move|p2a: Cinderace|Pyro Ball|p1a: Weezing
|-damage|p1a: Weezing|58/100
|move|p1a: Weezing|Toxic|p2a: Cinderace
|-status|p2a: Cinderace|tox
|
|-heal|p1a: Weezing|64/100|[from] item: Black Sludge
|-damage|p2a: Cinderace|95/100 tox|[from] psn
|upkeep
|turn|7
|
|t:|1760782410
|-end|p1a: Weezing|ability: Neutralizing Gas
|switch|p1a: Chesnaught|Chesnaught, F|100/100
|move|p2a: Cinderace|U-turn|p1a: Chesnaught
|-start|p2a: Cinderace|typechange|Bug|[from] ability: Libero
|-damage|p1a: Chesnaught|80/100
|inactive|senpako has 120 seconds left.
|
|t:|1760782441
|switch|p2a: Chickenfast|Blaziken, M|100/100|[from] U-turn
|
|upkeep
|turn|8
|
|t:|1760782451
|move|p2a: Chickenfast|Protect|p2a: Chickenfast
|-singleturn|p2a: Chickenfast|Protect
|move|p1a: Chesnaught|Leech Seed|p2a: Chickenfast
|-activate|p2a: Chickenfast|move: Protect
|
|-ability|p2a: Chickenfast|Speed Boost|boost
|-boost|p2a: Chickenfast|spe|1
|upkeep
|turn|9
|
|t:|1760782461
|move|p2a: Chickenfast|Flare Blitz|p1a: Chesnaught
|-supereffective|p1a: Chesnaught
|-damage|p1a: Chesnaught|0 fnt
|faint|p1a: Chesnaught
|-damage|p2a: Chickenfast|70/100|[from] Recoil
|
|-ability|p2a: Chickenfast|Speed Boost|boost
|-boost|p2a: Chickenfast|spe|1
|upkeep
|
|t:|1760782470
|switch|p1a: Swampert|Swampert, M|100/100
|turn|10
|
|t:|1760782480
|move|p2a: Chickenfast|Close Combat|p1a: Swampert
|-damage|p1a: Swampert|40/100
|-unboost|p2a: Chickenfast|def|1
|-unboost|p2a: Chickenfast|spd|1
|move|p1a: Swampert|Flip Turn|p2a: Chickenfast
|-supereffective|p2a: Chickenfast
|-damage|p2a: Chickenfast|0 fnt
|faint|p2a: Chickenfast
|
|t:|1760782490
|switch|p1a: Hypno|Hypno, F|9/100|[from] Flip Turn
|
|upkeep
|
|t:|1760782493
|switch|p2a: Itachi|Greninja, M|100/100
|turn|11
|
|t:|1760782498
|move|p2a: Itachi|Water Shuriken|p1a: Hypno
|-damage|p1a: Hypno|2/100
|-damage|p1a: Hypno|0 fnt
|faint|p1a: Hypno
|-ability|p2a: Itachi|Battle Bond|boost
|-boost|p2a: Itachi|atk|1
|-boost|p2a: Itachi|spa|1
|-boost|p2a: Itachi|spe|1
|-activate|p2a: Itachi|ability: Battle Bond
|-hitcount|p1: Hypno|2
|
|upkeep
|
|t:|1760782510
|switch|p1a: Swampert|Swampert, M|40/100
|turn|12
|
|t:|1760782524
|move|p2a: Itachi|Sludge Wave|p1a: Swampert
|-resisted|p1a: Swampert
|-damage|p1a: Swampert|29/100
|move|p1a: Swampert|Earthquake|p2a: Itachi
|-damage|p2a: Itachi|29/100
|
|upkeep
|turn|13
|
|t:|1760782550
|move|p2a: Itachi|Ice Beam|p1a: Swampert
|-damage|p1a: Swampert|8/100
|move|p1a: Swampert|Avalanche|p2a: Itachi
|-resisted|p2a: Itachi
|-damage|p2a: Itachi|2/100
|
|upkeep
|turn|14
|
|t:|1760782562
|move|p2a: Itachi|Ice Beam|p1a: Swampert
|-damage|p1a: Swampert|0 fnt
|faint|p1a: Swampert
|
|upkeep
|
|t:|1760782568
|switch|p1a: Entei|Entei|100/100
|-ability|p1a: Entei|Pressure
|turn|15
|
|t:|1760782575
|-terastallize|p1a: Entei|Normal
|move|p1a: Entei|Extreme Speed|p2a: Itachi
|-damage|p2a: Itachi|0 fnt
|faint|p2a: Itachi
|
|upkeep
|
|t:|1760782580
|switch|p2a: Zamazenta|Zamazenta|88/100
|turn|16
|
|t:|1760782584
|switch|p1a: Weezing|Weezing-Galar, F|64/100
|-ability|p1a: Weezing|Neutralizing Gas
|move|p2a: Zamazenta|Iron Defense|p2a: Zamazenta
|-boost|p2a: Zamazenta|def|2
|
|-heal|p2a: Zamazenta|94/100|[from] item: Leftovers
|-heal|p1a: Weezing|70/100|[from] item: Black Sludge
|upkeep
|turn|17
|
|t:|1760782595
|move|p2a: Zamazenta|Wild Charge|p1a: Weezing
|-damage|p1a: Weezing|53/100
|-damage|p2a: Zamazenta|90/100|[from] Recoil
|move|p1a: Weezing|Strange Steam|p2a: Zamazenta
|-supereffective|p2a: Zamazenta
|-damage|p2a: Zamazenta|45/100
|
|-heal|p2a: Zamazenta|51/100|[from] item: Leftovers
|-heal|p1a: Weezing|59/100|[from] item: Black Sludge
|upkeep
|turn|18
|
|t:|1760782612
|switch|p2a: Cinderace|Cinderace, F|95/100 tox
|move|p1a: Weezing|Toxic|p2a: Cinderace
|-fail|p2a: Cinderace|tox
|
|-heal|p1a: Weezing|65/100|[from] item: Black Sludge
|-damage|p2a: Cinderace|89/100 tox|[from] psn
|upkeep
|turn|19
|
|t:|1760782622
|-end|p1a: Weezing|ability: Neutralizing Gas
|switch|p1a: Dragapult|Dragapult, F|100/100
|move|p2a: Cinderace|U-turn|p1a: Dragapult
|-start|p2a: Cinderace|typechange|Bug|[from] ability: Libero
|-resisted|p1a: Dragapult
|-damage|p1a: Dragapult|76/100
|
|t:|1760782631
|switch|p2a: Zamazenta|Zamazenta|51/100|[from] U-turn
|
|-heal|p2a: Zamazenta|57/100|[from] item: Leftovers
|upkeep
|turn|20
|
|t:|1760782644
|move|p1a: Dragapult|Will-O-Wisp|p2a: Zamazenta
|-status|p2a: Zamazenta|brn
|move|p2a: Zamazenta|Play Rough|p1a: Dragapult
|-supereffective|p1a: Dragapult
|-damage|p1a: Dragapult|42/100
|
|-heal|p2a: Zamazenta|63/100 brn|[from] item: Leftovers
|-damage|p2a: Zamazenta|57/100 brn|[from] brn
|upkeep
|turn|21
|
|t:|1760782655
|move|p1a: Dragapult|Hex|p2a: Zamazenta
|-damage|p2a: Zamazenta|1/100 brn
|-damage|p1a: Dragapult|32/100|[from] item: Life Orb
|move|p2a: Zamazenta|Play Rough|p1a: Dragapult
|-supereffective|p1a: Dragapult
|-damage|p1a: Dragapult|0 fnt
|faint|p1a: Dragapult
|
|-heal|p2a: Zamazenta|7/100 brn|[from] item: Leftovers
|-damage|p2a: Zamazenta|1/100 brn|[from] brn
|upkeep
|
|t:|1760782669
|switch|p1a: Entei|Entei, tera:Normal|100/100
|-ability|p1a: Entei|Pressure
|turn|22
|
|t:|1760782673
|switch|p2a: Tsareena|Tsareena, F|61/100
|move|p1a: Entei|Extreme Speed||[still]
|cant|p2a: Tsareena|ability: Queenly Majesty|Extreme Speed|[of] p1a: Entei
|
|upkeep
|turn|23
|
|t:|1760782687
|switch|p1a: Weezing|Weezing-Galar, F|65/100
|-ability|p1a: Weezing|Neutralizing Gas
|move|p2a: Tsareena|Petal Blizzard|p1a: Weezing
|-resisted|p1a: Weezing
|-damage|p1a: Weezing|49/100
|
|-heal|p1a: Weezing|55/100|[from] item: Black Sludge
|upkeep
|turn|24
|
|t:|1760782697
|switch|p2a: Zamazenta|Zamazenta|1/100 brn
|move|p1a: Weezing|Fire Blast|p2a: Zamazenta
|-damage|p2a: Zamazenta|0 fnt
|faint|p2a: Zamazenta
|
|-heal|p1a: Weezing|61/100|[from] item: Black Sludge
|upkeep
|
|t:|1760782706
|switch|p2a: Tsareena|Tsareena, F|61/100
|turn|25
|
|t:|1760782710
|move|p2a: Tsareena|Knock Off|p1a: Weezing
|-resisted|p1a: Weezing
|-damage|p1a: Weezing|50/100
|-enditem|p1a: Weezing|Black Sludge|[from] move: Knock Off|[of] p2a: Tsareena
|move|p1a: Weezing|Fire Blast|p2a: Tsareena
|-supereffective|p2a: Tsareena
|-damage|p2a: Tsareena|2/100
|
|upkeep
|turn|26
|
|t:|1760782719
|move|p2a: Tsareena|Knock Off|p1a: Weezing
|-resisted|p1a: Weezing
|-damage|p1a: Weezing|43/100
|move|p1a: Weezing|Strange Steam|p2a: Tsareena
|-damage|p2a: Tsareena|0 fnt
|faint|p2a: Tsareena
|
|upkeep
|
|t:|1760782725
|switch|p2a: Cinderace|Cinderace, F|89/100 tox
|turn|27
|
|t:|1760782732
|move|p2a: Cinderace|Pyro Ball|p1a: Weezing
|-damage|p1a: Weezing|4/100
|move|p1a: Weezing|Strange Steam|p2a: Cinderace
|-resisted|p2a: Cinderace
|-damage|p2a: Cinderace|67/100 tox
|
|-damage|p2a: Cinderace|61/100 tox|[from] psn
|upkeep
|turn|28
|
|t:|1760782741
|move|p2a: Cinderace|U-turn|p1a: Weezing
|-resisted|p1a: Weezing
|-damage|p1a: Weezing|0 fnt
|faint|p1a: Weezing
|-end|p1a: Weezing|ability: Neutralizing Gas
|
|t:|1760782743
|switch|p2a: Raging Bolt|Raging Bolt|100/100|[from] U-turn
|-enditem|p2a: Raging Bolt|Booster Energy
|-activate|p2a: Raging Bolt|ability: Protosynthesis|[fromitem]
|-start|p2a: Raging Bolt|protosynthesisspa
|
|upkeep
|
|t:|1760782754
|switch|p1a: Entei|Entei, tera:Normal|100/100
|-ability|p1a: Entei|Pressure
|turn|29
|
|t:|1760782761
|move|p1a: Entei|Swagger|p2a: Raging Bolt
|-boost|p2a: Raging Bolt|atk|2
|-start|p2a: Raging Bolt|confusion
|-enditem|p1a: Entei|Mirror Herb
|-boost|p1a: Entei|atk|2|[from] item: Mirror Herb
|-activate|p2a: Raging Bolt|confusion
|move|p2a: Raging Bolt|Thunderbolt|p1a: Entei
|-damage|p1a: Entei|16/100
|
|upkeep
|turn|30
|
|t:|1760782771
|move|p1a: Entei|Extreme Speed|p2a: Raging Bolt
|-damage|p2a: Raging Bolt|40/100
|-activate|p2a: Raging Bolt|confusion
|-damage|p2a: Raging Bolt|30/100|[from] confusion
|
|upkeep
|turn|31
|
|t:|1760782780
|move|p1a: Entei|Extreme Speed|p2a: Raging Bolt
|-damage|p2a: Raging Bolt|0 fnt
|faint|p2a: Raging Bolt
|-end|p2a: Raging Bolt|Protosynthesis|[silent]
|
|upkeep
|
|t:|1760782782
|switch|p2a: Cinderace|Cinderace, F|61/100 tox
|turn|32
|
|t:|1760782788
|move|p1a: Entei|Extreme Speed|p2a: Cinderace
|-damage|p2a: Cinderace|0 fnt
|faint|p2a: Cinderace
|
|win|LX1987
|raw|LX1987's rating: 1350 &rarr; <strong>1370</strong><br />(+20 for winning)
|raw|senpako's rating: 1347 &rarr; <strong>1327</strong><br />(-20 for losing)
|l|☆senpako
|player|p2|
|l|☆LX1987
|player|p1|
