|j|☆o monstro01
|j|☆Af Lele.Tomas
|t:|1760790500
|gametype|singles
|player|p1|o monstro01|clay|1616
|player|p2|Af Lele.Tomas|nate|1572
|gen|9
|tier|[Gen 9] OU
|rated|
|rule|HP Percentage Mod: HP is shown in percentages
|rule|Endless Battle Clause: Forcing endless battles is banned
|rule|Species Clause: Limit one of each Pokémon
|rule|OHKO Clause: OHKO moves are banned
|rule|Evasion Items Clause: Evasion items are banned
|rule|Evasion Moves Clause: Evasion moves are banned
|rule|Evasion Abilities Clause: Evasion abilities are banned
|rule|Sleep Moves Clause: Sleep-inducing moves are banned
|clearpoke
|poke|p1|Iron Valiant|
|poke|p1|Slowking-Galar, F|
|poke|p1|Landorus-Therian, M|
|poke|p1|Dragapult, F|
|poke|p1|Ogerpon-Wellspring, F|
|poke|p1|Zamazenta-*|
|poke|p2|Indeedee, M|
|poke|p2|Armarouge, M|
|poke|p2|Iron Treads|
|poke|p2|Polteageist|
|poke|p2|Hatterene, F|
|poke|p2|Kyurem|
|teampreview
|inactive|Battle timer is ON: inactive players will automatically lose when time's up. (requested by Af Lele.Tomas)
|
|t:|1760790509
|teamsize|p1|6
|teamsize|p2|6
|start
|switch|p1a: Iron Valiant|Iron Valiant|100/100
|switch|p2a: Indeedee|Indeedee, M|100/100
|-fieldstart|move: Psychic Terrain|[from] ability: Psychic Surge|[of] p2a: Indeedee
|-enditem|p1a: Iron Valiant|Booster Energy
|-activate|p1a: Iron Valiant|ability: Quark Drive|[fromitem]
|-start|p1a: Iron Valiant|quarkdrivespe
|turn|1
|
|t:|1760790519
|switch|p2a: Hatterene|Hatterene, F|100/100
|move|p1a: Iron Valiant|Knock Off|p2a: Hatterene
|-damage|p2a: Hatterene|73/100
|-enditem|p2a: Hatterene|Eject Button|[from] move: Knock Off|[of] p1a: Iron Valiant
|
|upkeep
|turn|2
|
|t:|1760790527
|-end|p1a: Iron Valiant|Quark Drive|[silent]
|switch|p1a: Slowking|Slowking-Galar, F|100/100
|move|p2a: Hatterene|Nuzzle|p1a: Slowking
|-damage|p1a: Slowking|96/100
|-status|p1a: Slowking|par
|
|upkeep
|turn|3
|
|t:|1760790534
|move|p2a: Hatterene|Psyshock|p1a: Slowking
|-damage|p1a: Slowking|51/100 par
|move|p1a: Slowking|Future Sight|p2a: Hatterene
|-start|p1a: Slowking|move: Future Sight
|
|upkeep
|turn|4
|
|t:|1760790541
|move|p2a: Hatterene|Psyshock|p1a: Slowking
|-damage|p1a: Slowking|6/100 par
|cant|p1a: Slowking|par
|
|upkeep
|turn|5
|
|t:|1760790551
|switch|p1a: Landorus|Landorus-Therian, M|100/100
|-ability|p1a: Landorus|Intimidate|boost
|-unboost|p2a: Hatterene|atk|1
|move|p2a: Hatterene|Psyshock|p1a: Landorus
|-damage|p1a: Landorus|70/100
|
|-end|p2a: Hatterene|move: Future Sight
|-resisted|p2a: Hatterene
|-damage|p2a: Hatterene|44/100
|upkeep
|turn|6
|
|t:|1760790562
|move|p1a: Landorus|Earthquake|p2a: Hatterene
|-damage|p2a: Hatterene|3/100
|move|p2a: Hatterene|Psyshock|p1a: Landorus
|-damage|p1a: Landorus|40/100
|
|upkeep
|turn|7
|
|t:|1760790569
|move|p1a: Landorus|U-turn|p2a: Hatterene
|-damage|p2a: Hatterene|0 fnt
|faint|p2a: Hatterene
|
|t:|1760790576
|switch|p1a: Slowking|Slowking-Galar, F|39/100 par|[from] U-turn
|
|upkeep
|
|t:|1760790579
|switch|p2a: Polteageist|Polteageist|100/100
|turn|8
|
|t:|1760790583
|move|p2a: Polteageist|Shadow Ball|p1a: Slowking
|-supereffective|p1a: Slowking
|-damage|p1a: Slowking|0 fnt
|faint|p1a: Slowking
|
|-fieldend|move: Psychic Terrain
|upkeep
|
|t:|1760790590
|switch|p1a: Dragapult|Dragapult, F|100/100
|turn|9
|
|t:|1760790596
|switch|p2a: Iron Treads|Iron Treads|100/100
|-enditem|p2a: Iron Treads|Booster Energy
|-activate|p2a: Iron Treads|ability: Quark Drive|[fromitem]
|-start|p2a: Iron Treads|quarkdrivespe
|-terastallize|p1a: Dragapult|Ghost
|move|p1a: Dragapult|Tera Blast|p2a: Iron Treads|[anim] Tera Blast Ghost
|-damage|p2a: Iron Treads|31/100
|
|upkeep
|turn|10
|
|t:|1760790608
|move|p2a: Iron Treads|Knock Off|p1a: Dragapult
|-supereffective|p1a: Dragapult
|-damage|p1a: Dragapult|22/100
|-enditem|p1a: Dragapult|Choice Band|[from] move: Knock Off|[of] p2a: Iron Treads
|move|p1a: Dragapult|Tera Blast|p2a: Iron Treads|[anim] Tera Blast Ghost
|-damage|p2a: Iron Treads|0 fnt
|faint|p2a: Iron Treads
|-end|p2a: Iron Treads|Quark Drive|[silent]
|
|upkeep
|
|t:|1760790621
|switch|p2a: Armarouge|Armarouge, M|100/100
|turn|11
|
|t:|1760790629
|move|p1a: Dragapult|Tera Blast|p2a: Armarouge|[anim] Tera Blast Ghost
|-supereffective|p2a: Armarouge
|-enditem|p2a: Armarouge|Focus Sash
|-damage|p2a: Armarouge|1/100
|-ability|p2a: Armarouge|Weak Armor|boost
|-unboost|p2a: Armarouge|def|1
|-boost|p2a: Armarouge|spe|2
|move|p2a: Armarouge|Calm Mind|p2a: Armarouge
|-boost|p2a: Armarouge|spa|1
|-boost|p2a: Armarouge|spd|1
|
|upkeep
|turn|12
|
|t:|1760790641
|move|p1a: Dragapult|Sucker Punch|p2a: Armarouge
|-supereffective|p2a: Armarouge
|-damage|p2a: Armarouge|0 fnt
|faint|p2a: Armarouge
|
|upkeep
|
|t:|1760790643
|switch|p2a: Indeedee|Indeedee, M|100/100
|-fieldstart|move: Psychic Terrain|[from] ability: Psychic Surge|[of] p2a: Indeedee
|turn|13
|
|t:|1760790651
|switch|p1a: Landorus|Landorus-Therian, M|40/100
|-ability|p1a: Landorus|Intimidate|boost
|-unboost|p2a: Indeedee|atk|1
|move|p2a: Indeedee|Healing Wish|p2a: Indeedee
|faint|p2a: Indeedee
|
|upkeep
|
|t:|1760790654
|switch|p2a: Polteageist|Polteageist|100/100
|turn|14
|
|t:|1760790662
|move|p2a: Polteageist|Shell Smash|p2a: Polteageist
|-unboost|p2a: Polteageist|def|1
|-unboost|p2a: Polteageist|spd|1
|-boost|p2a: Polteageist|atk|2
|-boost|p2a: Polteageist|spa|2
|-boost|p2a: Polteageist|spe|2
|move|p1a: Landorus|Rock Tomb|p2a: Polteageist
|-damage|p2a: Polteageist|44/100
|-unboost|p2a: Polteageist|spe|1
|-ability|p2a: Polteageist|Weak Armor|boost
|-unboost|p2a: Polteageist|def|1
|-boost|p2a: Polteageist|spe|2
|
|upkeep
|turn|15
|
|t:|1760790677
|move|p2a: Polteageist|Stored Power|p1a: Landorus
|-damage|p1a: Landorus|0 fnt
|faint|p1a: Landorus
|
|upkeep
|inactive|o monstro01 has 120 seconds left.
|
|t:|1760790701
|switch|p1a: Ogerpon|Ogerpon-Wellspring, F|100/100
|turn|16
|
|t:|1760790705
|move|p2a: Polteageist|Stored Power|p1a: Ogerpon
|-damage|p1a: Ogerpon|0 fnt
|faint|p1a: Ogerpon
|
|upkeep
|
|t:|1760790711
|switch|p1a: Iron Valiant|Iron Valiant|100/100
|turn|17
|
|t:|1760790715
|move|p2a: Polteageist|Stored Power|p1a: Iron Valiant
|-supereffective|p1a: Iron Valiant
|-damage|p1a: Iron Valiant|0 fnt
|faint|p1a: Iron Valiant
|-end|p1a: Iron Valiant|Quark Drive|[silent]
|
|upkeep
|-message|o monstro01 forfeited.
|
|win|Af Lele.Tomas
|raw|o monstro01's rating: 1616 &rarr; <strong>1593</strong><br />(-23 for losing)
|raw|Af Lele.Tomas's rating: 1572 &rarr; <strong>1595</strong><br />(+23 for winning)
|l|☆o monstro01
|player|p1|
|l|☆Af Lele.Tomas
|player|p2|
