|j|☆i am patrat
|j|‽Settleslugger
|t:|1760836153
|gametype|singles
|player|p1|i am patrat|hilbert|1391
|player|p2|Settleslugger|101|1418
|gen|9
|tier|[Gen 9] OU
|rated|
|rule|HP Percentage Mod: HP is shown in percentages
|rule|Endless Battle Clause: Forcing endless battles is banned
|rule|Species Clause: Limit one of each Pokémon
|rule|OHKO Clause: OHKO moves are banned
|rule|Evasion Items Clause: Evasion items are banned
|rule|Evasion Moves Clause: Evasion moves are banned
|rule|Evasion Abilities Clause: Evasion abilities are banned
|rule|Sleep Moves Clause: Sleep-inducing moves are banned
|clearpoke
|poke|p1|Lilligant, F|
|poke|p1|Dragapult, M|
|poke|p1|Great Tusk|
|poke|p1|Landorus-Therian, M|
|poke|p1|Kingambit, F|
|poke|p1|Iron Crown|
|poke|p2|Blissey, F|
|poke|p2|Cinderace, M|
|poke|p2|Corviknight, M|
|poke|p2|Greninja-*, M|
|poke|p2|Meowscarada, F|
|poke|p2|Sableye, M|
|teampreview
|inactive|Battle timer is ON: inactive players will automatically lose when time's up. (requested by Settleslugger)
|
|t:|1760836176
|teamsize|p1|6
|teamsize|p2|6
|start
|switch|p1a: Landorus|Landorus-Therian, M|100/100
|switch|p2a: Sableye|Sableye, M|100/100
|-ability|p1a: Landorus|Intimidate|boost
|-unboost|p2a: Sableye|atk|1
|turn|1
|
|t:|1760836186
|move|p2a: Sableye|Will-O-Wisp|p1a: Landorus
|-status|p1a: Landorus|brn
|move|p1a: Landorus|Stealth Rock|p2a: Sableye
|-sidestart|p2: Settleslugger|move: Stealth Rock
|
|-damage|p1a: Landorus|95/100 brn|[from] brn
|upkeep
|turn|2
|
|t:|1760836192
|move|p2a: Sableye|Encore|p1a: Landorus
|-start|p1a: Landorus|Encore
|move|p1a: Landorus|Stealth Rock||[still]
|-fail|p1a: Landorus
|
|-damage|p1a: Landorus|89/100 brn|[from] brn
|upkeep
|turn|3
|
|t:|1760836203
|move|p1a: Landorus|Stealth Rock||[still]
|-fail|p1a: Landorus
|move|p2a: Sableye|Knock Off|p1a: Landorus
|-damage|p1a: Landorus|71/100 brn
|-damage|p2a: Sableye|84/100|[from] item: Rocky Helmet|[of] p1a: Landorus
|-enditem|p1a: Landorus|Rocky Helmet|[from] move: Knock Off|[of] p2a: Sableye
|
|-heal|p2a: Sableye|90/100|[from] item: Leftovers
|-damage|p1a: Landorus|65/100 brn|[from] brn
|upkeep
|turn|4
|
|t:|1760836219
|switch|p1a: Lilligant|Lilligant, F|100/100
|move|p2a: Sableye|Knock Off|p1a: Lilligant
|-damage|p1a: Lilligant|72/100
|-enditem|p1a: Lilligant|Leftovers|[from] move: Knock Off|[of] p2a: Sableye
|
|-heal|p2a: Sableye|96/100|[from] item: Leftovers
|upkeep
|turn|5
|
|t:|1760836229
|switch|p2a: Cinderace|Cinderace, M|100/100
|move|p1a: Lilligant|Alluring Voice|p2a: Cinderace
|-resisted|p2a: Cinderace
|-damage|p2a: Cinderace|86/100
|
|upkeep
|turn|6
|
|t:|1760836237
|switch|p1a: Great Tusk|Great Tusk|100/100
|move|p2a: Cinderace|Court Change|p2a: Cinderace
|-start|p2a: Cinderace|typechange|Normal|[from] ability: Libero
|-swapsideconditions
|-activate|p2a: Cinderace|move: Court Change
|
|upkeep
|turn|7
|
|t:|1760836244
|switch|p2a: Corviknight|Corviknight, M|100/100
|-ability|p2a: Corviknight|Pressure
|move|p1a: Great Tusk|Bulk Up|p1a: Great Tusk
|-boost|p1a: Great Tusk|atk|1
|-boost|p1a: Great Tusk|def|1
|
|upkeep
|turn|8
|
|t:|1760836254
|move|p1a: Great Tusk|Rapid Spin|p2a: Corviknight
|-resisted|p2a: Corviknight
|-damage|p2a: Corviknight|93/100
|-boost|p1a: Great Tusk|spe|1
|-damage|p1a: Great Tusk|84/100|[from] item: Rocky Helmet|[of] p2a: Corviknight
|-sideend|p1: i am patrat|Stealth Rock|[from] move: Rapid Spin|[of] p1a: Great Tusk
|move|p2a: Corviknight|U-turn|p1a: Great Tusk
|-resisted|p1a: Great Tusk
|-damage|p1a: Great Tusk|81/100
|
|t:|1760836256
|switch|p2a: Sableye|Sableye, M|96/100|[from] U-turn
|
|-heal|p2a: Sableye|100/100|[from] item: Leftovers
|upkeep
|turn|9
|
|t:|1760836266
|-end|p1a: Great Tusk|Protosynthesis|[silent]
|switch|p1a: Landorus|Landorus-Therian, M|65/100 brn
|-ability|p1a: Landorus|Intimidate|boost
|-unboost|p2a: Sableye|atk|1
|move|p2a: Sableye|Will-O-Wisp|p1a: Landorus
|-fail|p1a: Landorus|brn
|
|-damage|p1a: Landorus|59/100 brn|[from] brn
|upkeep
|turn|10
|
|t:|1760836275
|switch|p2a: Corviknight|Corviknight, M|93/100
|-ability|p2a: Corviknight|Pressure
|move|p1a: Landorus|Earth Power|p2a: Corviknight
|-immune|p2a: Corviknight
|
|-damage|p1a: Landorus|53/100 brn|[from] brn
|upkeep
|turn|11
|
|t:|1760836292
|switch|p1a: Iron Crown|Iron Crown|100/100
|-enditem|p1a: Iron Crown|Booster Energy
|-activate|p1a: Iron Crown|ability: Quark Drive|[fromitem]
|-start|p1a: Iron Crown|quarkdrivespe
|move|p2a: Corviknight|U-turn|p1a: Iron Crown
|-damage|p1a: Iron Crown|88/100
|
|t:|1760836299
|switch|p2a: Blissey|Blissey, F|100/100|[from] U-turn
|
|upkeep
|turn|12
|
|t:|1760836304
|move|p1a: Iron Crown|Calm Mind|p1a: Iron Crown
|-boost|p1a: Iron Crown|spa|1
|-boost|p1a: Iron Crown|spd|1
|move|p2a: Blissey|Seismic Toss|p1a: Iron Crown
|-damage|p1a: Iron Crown|57/100
|
|upkeep
|turn|13
|
|t:|1760836311
|move|p1a: Iron Crown|Psyshock|p2a: Blissey
|-damage|p2a: Blissey|45/100
|move|p2a: Blissey|Seismic Toss|p1a: Iron Crown
|-damage|p1a: Iron Crown|25/100
|
|-heal|p2a: Blissey|51/100|[from] item: Leftovers
|upkeep
|turn|14
|
|t:|1760836318
|switch|p2a: Sableye|Sableye, M|100/100
|move|p1a: Iron Crown|Psyshock|p2a: Sableye
|-immune|p2a: Sableye
|
|upkeep
|turn|15
|
|t:|1760836329
|-end|p1a: Iron Crown|Quark Drive|[silent]
|switch|p1a: Lilligant|Lilligant, F|72/100
|move|p2a: Sableye|Encore||[still]
|-fail|p2a: Sableye
|
|upkeep
|turn|16
|
|t:|1760836337
|switch|p2a: Blissey|Blissey, F|51/100
|move|p1a: Lilligant|Quiver Dance|p1a: Lilligant
|-boost|p1a: Lilligant|spa|1
|-boost|p1a: Lilligant|spd|1
|-boost|p1a: Lilligant|spe|1
|
|-heal|p2a: Blissey|58/100|[from] item: Leftovers
|upkeep
|turn|17
|
|t:|1760836346
|move|p1a: Lilligant|Giga Drain|p2a: Blissey
|-damage|p2a: Blissey|41/100
|-heal|p1a: Lilligant|92/100|[from] drain|[of] p2a: Blissey
|move|p2a: Blissey|Soft-Boiled|p2a: Blissey
|-heal|p2a: Blissey|91/100
|
|-heal|p2a: Blissey|97/100|[from] item: Leftovers
|upkeep
|turn|18
|
|t:|1760836356
|switch|p1a: Dragapult|Dragapult, M|100/100
|switch|p2a: Sableye|Sableye, M|100/100
|
|upkeep
|turn|19
|
|t:|1760836369
|switch|p1a: Landorus|Landorus-Therian, M|53/100 brn
|-ability|p1a: Landorus|Intimidate|boost
|-unboost|p2a: Sableye|atk|1
|move|p2a: Sableye|Knock Off|p1a: Landorus
|-damage|p1a: Landorus|42/100 brn
|
|-damage|p1a: Landorus|36/100 brn|[from] brn
|upkeep
|turn|20
|
|t:|1760836377
|switch|p2a: Corviknight|Corviknight, M|93/100
|-ability|p2a: Corviknight|Pressure
|move|p1a: Landorus|Stealth Rock|p2a: Corviknight
|-sidestart|p2: Settleslugger|move: Stealth Rock
|
|-damage|p1a: Landorus|30/100 brn|[from] brn
|upkeep
|turn|21
|
|t:|1760836385
|move|p1a: Landorus|U-turn|p2a: Corviknight
|-resisted|p2a: Corviknight
|-damage|p2a: Corviknight|92/100
|-damage|p1a: Landorus|14/100 brn|[from] item: Rocky Helmet|[of] p2a: Corviknight
|
|t:|1760836390
|switch|p1a: Iron Crown|Iron Crown|25/100|[from] U-turn
|move|p2a: Corviknight|Defog|p1a: Iron Crown
|-unboost|p1a: Iron Crown|evasion|1
|-sideend|p2: Settleslugger|Stealth Rock|[from] move: Defog|[of] p2a: Corviknight
|
|upkeep
|turn|22
|
|t:|1760836400
|switch|p2a: Blissey|Blissey, F|97/100
|move|p1a: Iron Crown|Tachyon Cutter|p2a: Blissey
|-damage|p2a: Blissey|89/100
|-damage|p2a: Blissey|82/100
|-hitcount|p2a: Blissey|2
|
|-heal|p2a: Blissey|88/100|[from] item: Leftovers
|upkeep
|turn|23
|
|t:|1760836408
|move|p1a: Iron Crown|Psyshock|p2a: Blissey
|-damage|p2a: Blissey|50/100
|move|p2a: Blissey|Stealth Rock|p1a: Iron Crown
|-sidestart|p1: i am patrat|move: Stealth Rock
|
|-heal|p2a: Blissey|56/100|[from] item: Leftovers
|upkeep
|turn|24
|
|t:|1760836414
|switch|p2a: Corviknight|Corviknight, M|92/100
|-ability|p2a: Corviknight|Pressure
|move|p1a: Iron Crown|Tachyon Cutter|p2a: Corviknight
|-resisted|p2a: Corviknight
|-damage|p2a: Corviknight|81/100
|-resisted|p2a: Corviknight
|-damage|p2a: Corviknight|69/100
|-hitcount|p2a: Corviknight|2
|
|upkeep
|turn|25
|
|t:|1760836422
|move|p1a: Iron Crown|Calm Mind|p1a: Iron Crown
|-boost|p1a: Iron Crown|spa|1
|-boost|p1a: Iron Crown|spd|1
|move|p2a: Corviknight|U-turn|p1a: Iron Crown
|-damage|p1a: Iron Crown|13/100
|
|t:|1760836430
|switch|p2a: Greninja|Greninja, M|100/100|[from] U-turn
|
|upkeep
|turn|26
|
|t:|1760836434
|move|p2a: Greninja|Water Shuriken|p1a: Iron Crown
|-start|p2a: Greninja|typechange|Water|[from] ability: Protean
|-damage|p1a: Iron Crown|6/100
|-damage|p1a: Iron Crown|0 fnt
|faint|p1a: Iron Crown
|-end|p1a: Iron Crown|Quark Drive|[silent]
|-hitcount|p1: Iron Crown|2
|
|upkeep
|
|t:|1760836443
|switch|p1a: Lilligant|Lilligant, F|92/100
|-damage|p1a: Lilligant|79/100|[from] Stealth Rock
|turn|27
|
|t:|1760836448
|switch|p2a: Blissey|Blissey, F|56/100
|move|p1a: Lilligant|Quiver Dance|p1a: Lilligant
|-boost|p1a: Lilligant|spa|1
|-boost|p1a: Lilligant|spd|1
|-boost|p1a: Lilligant|spe|1
|
|-heal|p2a: Blissey|62/100|[from] item: Leftovers
|upkeep
|turn|28
|
|t:|1760836461
|move|p1a: Lilligant|Quiver Dance|p1a: Lilligant
|-boost|p1a: Lilligant|spa|1
|-boost|p1a: Lilligant|spd|1
|-boost|p1a: Lilligant|spe|1
|move|p2a: Blissey|Seismic Toss|p1a: Lilligant
|-damage|p1a: Lilligant|44/100
|
|-heal|p2a: Blissey|68/100|[from] item: Leftovers
|upkeep
|turn|29
|
|t:|1760836475
|switch|p2a: Corviknight|Corviknight, M|69/100
|-ability|p2a: Corviknight|Pressure
|move|p1a: Lilligant|Quiver Dance|p1a: Lilligant
|-boost|p1a: Lilligant|spa|1
|-boost|p1a: Lilligant|spd|1
|-boost|p1a: Lilligant|spe|1
|
|upkeep
|turn|30
|
|t:|1760836493
|-terastallize|p1a: Lilligant|Rock
|move|p1a: Lilligant|Tera Blast|p2a: Corviknight|[anim] Tera Blast Rock
|-damage|p2a: Corviknight|0 fnt
|faint|p2a: Corviknight
|
|upkeep
|
|t:|1760836504
|switch|p2a: Cinderace|Cinderace, M|86/100
|turn|31
|
|t:|1760836508
|move|p2a: Cinderace|Sucker Punch||[still]
|-fail|p2a: Cinderace
|move|p1a: Lilligant|Quiver Dance|p1a: Lilligant
|-boost|p1a: Lilligant|spa|1
|-boost|p1a: Lilligant|spd|1
|-boost|p1a: Lilligant|spe|1
|
|upkeep
|turn|32
|
|t:|1760836515
|move|p2a: Cinderace|Sucker Punch|p1a: Lilligant
|-start|p2a: Cinderace|typechange|Dark|[from] ability: Libero
|-damage|p1a: Lilligant|4/100
|move|p1a: Lilligant|Giga Drain|p2a: Cinderace
|-damage|p2a: Cinderace|0 fnt
|-heal|p1a: Lilligant|58/100|[from] drain|[of] p2a: Cinderace
|faint|p2a: Cinderace
|
|upkeep
|
|t:|1760836538
|switch|p2a: Blissey|Blissey, F|68/100
|turn|33
|
|t:|1760836541
|move|p1a: Lilligant|Giga Drain|p2a: Blissey
|-damage|p2a: Blissey|39/100
|-heal|p1a: Lilligant|92/100|[from] drain|[of] p2a: Blissey
|move|p2a: Blissey|Soft-Boiled|p2a: Blissey
|-heal|p2a: Blissey|89/100
|
|-heal|p2a: Blissey|95/100|[from] item: Leftovers
|upkeep
|turn|34
|
|t:|1760836549
|move|p1a: Lilligant|Quiver Dance|p1a: Lilligant
|-boost|p1a: Lilligant|spa|1
|-boost|p1a: Lilligant|spd|1
|-boost|p1a: Lilligant|spe|1
|move|p2a: Blissey|Seismic Toss|p1a: Lilligant
|-damage|p1a: Lilligant|56/100
|
|-heal|p2a: Blissey|100/100|[from] item: Leftovers
|upkeep
|turn|35
|
|t:|1760836557
|move|p1a: Lilligant|Quiver Dance|p1a: Lilligant
|-boost|p1a: Lilligant|spa|1
|-boost|p1a: Lilligant|spd|1
|-boost|p1a: Lilligant|spe|1
|move|p2a: Blissey|Seismic Toss|p1a: Lilligant
|-damage|p1a: Lilligant|21/100
|
|upkeep
|turn|36
|
|t:|1760836565
|move|p1a: Lilligant|Giga Drain|p2a: Blissey
|-damage|p2a: Blissey|58/100
|-heal|p1a: Lilligant|71/100|[from] drain|[of] p2a: Blissey
|move|p2a: Blissey|Seismic Toss|p1a: Lilligant
|-damage|p1a: Lilligant|35/100
|
|-heal|p2a: Blissey|64/100|[from] item: Leftovers
|upkeep
|turn|37
|
|t:|1760836574
|move|p1a: Lilligant|Giga Drain|p2a: Blissey
|-damage|p2a: Blissey|24/100
|-heal|p1a: Lilligant|82/100|[from] drain|[of] p2a: Blissey
|move|p2a: Blissey|Soft-Boiled|p2a: Blissey
|-heal|p2a: Blissey|74/100
|
|-heal|p2a: Blissey|80/100|[from] item: Leftovers
|upkeep
|turn|38
|
|t:|1760836584
|move|p1a: Lilligant|Giga Drain|p2a: Blissey
|-damage|p2a: Blissey|41/100
|-heal|p1a: Lilligant|100/100|[from] drain|[of] p2a: Blissey
|move|p2a: Blissey|Seismic Toss|p1a: Lilligant
|-damage|p1a: Lilligant|65/100
|
|-heal|p2a: Blissey|47/100|[from] item: Leftovers
|upkeep
|turn|39
|
|t:|1760836594
|move|p1a: Lilligant|Tera Blast|p2a: Blissey|[anim] Tera Blast Rock
|-damage|p2a: Blissey|4/100
|move|p2a: Blissey|Soft-Boiled|p2a: Blissey
|-heal|p2a: Blissey|54/100
|
|-heal|p2a: Blissey|61/100|[from] item: Leftovers
|upkeep
|turn|40
|
|t:|1760836603
|move|p1a: Lilligant|Tera Blast|p2a: Blissey|[anim] Tera Blast Rock
|-damage|p2a: Blissey|14/100
|move|p2a: Blissey|Soft-Boiled|p2a: Blissey
|-heal|p2a: Blissey|64/100
|
|-heal|p2a: Blissey|70/100|[from] item: Leftovers
|upkeep
|turn|41
|
|t:|1760836615
|move|p1a: Lilligant|Tera Blast|p2a: Blissey|[anim] Tera Blast Rock
|-damage|p2a: Blissey|28/100
|move|p2a: Blissey|Seismic Toss|p1a: Lilligant
|-damage|p1a: Lilligant|29/100
|
|-heal|p2a: Blissey|34/100|[from] item: Leftovers
|upkeep
|turn|42
|
|t:|1760836625
|move|p1a: Lilligant|Giga Drain|p2a: Blissey
|-crit|p2a: Blissey
|-damage|p2a: Blissey|0 fnt
|-heal|p1a: Lilligant|68/100|[from] drain|[of] p2a: Blissey
|faint|p2a: Blissey
|
|upkeep
|-message|Settleslugger forfeited.
|
|win|i am patrat
|raw|i am patrat's rating: 1391 &rarr; <strong>1413</strong><br />(+22 for winning)
|raw|Settleslugger's rating: 1418 &rarr; <strong>1396</strong><br />(-22 for losing)
|l|‽Settleslugger
|player|p2|
|l|☆i am patrat
|player|p1|
