|j|☆crissing0511
|j|☆Tripleo20
|t:|1760856889
|gametype|singles
|player|p1|crissing0511|169|1065
|player|p2|Tripleo20|101|1052
|gen|9
|tier|[Gen 9] OU
|rated|
|rule|HP Percentage Mod: HP is shown in percentages
|rule|Endless Battle Clause: Forcing endless battles is banned
|rule|Species Clause: Limit one of each Pokémon
|rule|OHKO Clause: OHKO moves are banned
|rule|Evasion Items Clause: Evasion items are banned
|rule|Evasion Moves Clause: Evasion moves are banned
|rule|Evasion Abilities Clause: Evasion abilities are banned
|rule|Sleep Moves Clause: Sleep-inducing moves are banned
|clearpoke
|poke|p1|Froslass, F|
|poke|p1|Mamoswine, M|
|poke|p1|Zapdos|
|poke|p1|Swampert, M|
|poke|p1|Arcanine, F|
|poke|p1|Dragapult, M|
|poke|p2|Ninetales-Alola, M|
|poke|p2|Cetitan, F|
|poke|p2|Avalugg, M|
|poke|p2|Weavile, F|
|poke|p2|Piloswine, M|
|poke|p2|Froslass, F|
|teampreview
|
|t:|1760856909
|teamsize|p1|6
|teamsize|p2|6
|start
|switch|p1a: Mamoswine|Mamoswine, M|100/100
|switch|p2a: Ninetales|Ninetales-Alola, M|100/100
|-weather|Snowscape|[from] ability: Snow Warning|[of] p2a: Ninetales
|turn|1
|
|t:|1760856918
|move|p2a: Ninetales|Aurora Veil|p2a: Ninetales
|-sidestart|p2: Tripleo20|move: Aurora Veil
|move|p1a: Mamoswine|Earthquake|p2a: Ninetales
|-damage|p2a: Ninetales|72/100
|
|-weather|Snowscape|[upkeep]
|upkeep
|turn|2
|
|t:|1760856927
|switch|p2a: Cetitan|Cetitan, F|100/100
|move|p1a: Mamoswine|Earthquake|p2a: Cetitan
|-crit|p2a: Cetitan
|-damage|p2a: Cetitan|44/100
|-enditem|p2a: Cetitan|Sitrus Berry|[eat]
|-heal|p2a: Cetitan|69/100|[from] item: Sitrus Berry
|
|-weather|Snowscape|[upkeep]
|upkeep
|turn|3
|
|t:|1760856939
|move|p2a: Cetitan|Icicle Crash|p1a: Mamoswine
|-damage|p1a: Mamoswine|89/100
|move|p1a: Mamoswine|Earthquake|p2a: Cetitan
|-damage|p2a: Cetitan|51/100
|
|-weather|Snowscape|[upkeep]
|upkeep
|turn|4
|
|t:|1760856946
|move|p2a: Cetitan|Icicle Crash|p1a: Mamoswine
|-damage|p1a: Mamoswine|77/100
|move|p1a: Mamoswine|Earthquake|p2a: Cetitan
|-damage|p2a: Cetitan|32/100
|
|-weather|Snowscape|[upkeep]
|upkeep
|turn|5
|
|t:|1760856954
|switch|p2a: Piloswine|Piloswine, M|100/100
|move|p1a: Mamoswine|Earthquake|p2a: Piloswine
|-damage|p2a: Piloswine|86/100
|
|-weather|none
|-sideend|p2: Tripleo20|move: Aurora Veil
|upkeep
|turn|6
|
|t:|1760856969
|move|p1a: Mamoswine|Freeze-Dry|p2a: Piloswine
|-damage|p2a: Piloswine|71/100
|move|p2a: Piloswine|Stealth Rock|p1a: Mamoswine
|-sidestart|p1: crissing0511|move: Stealth Rock
|
|upkeep
|turn|7
|
|t:|1760856978
|move|p1a: Mamoswine|Earthquake|p2a: Piloswine
|-damage|p2a: Piloswine|31/100
|move|p2a: Piloswine|Rock Slide|p1a: Mamoswine
|-damage|p1a: Mamoswine|55/100
|
|upkeep
|turn|8
|
|t:|1760856984
|move|p1a: Mamoswine|Earthquake|p2a: Piloswine
|-damage|p2a: Piloswine|0 fnt
|faint|p2a: Piloswine
|
|upkeep
|
|t:|1760856993
|switch|p2a: Ninetales|Ninetales-Alola, M|72/100
|-weather|Snowscape|[from] ability: Snow Warning|[of] p2a: Ninetales
|turn|9
|
|t:|1760856999
|move|p2a: Ninetales|Aurora Veil|p2a: Ninetales
|-sidestart|p2: Tripleo20|move: Aurora Veil
|move|p1a: Mamoswine|Earthquake|p2a: Ninetales
|-damage|p2a: Ninetales|43/100
|
|-weather|Snowscape|[upkeep]
|upkeep
|turn|10
|
|t:|1760857003
|move|p2a: Ninetales|Moonblast|p1a: Mamoswine
|-damage|p1a: Mamoswine|11/100
|move|p1a: Mamoswine|Earthquake|p2a: Ninetales
|-damage|p2a: Ninetales|15/100
|
|-weather|Snowscape|[upkeep]
|upkeep
|turn|11
|
|t:|1760857010
|move|p2a: Ninetales|Moonblast|p1a: Mamoswine
|-crit|p1a: Mamoswine
|-damage|p1a: Mamoswine|0 fnt
|faint|p1a: Mamoswine
|
|-weather|Snowscape|[upkeep]
|upkeep
|
|t:|1760857021
|switch|p1a: Zapdos|Zapdos|100/100
|-damage|p1a: Zapdos|76/100|[from] Stealth Rock
|turn|12
|
|t:|1760857028
|move|p2a: Ninetales|Blizzard|p1a: Zapdos
|-supereffective|p1a: Zapdos
|-damage|p1a: Zapdos|0 fnt
|faint|p1a: Zapdos
|
|-weather|Snowscape|[upkeep]
|upkeep
|
|t:|1760857039
|switch|p1a: Arcanine|Arcanine, F|100/100
|-damage|p1a: Arcanine|76/100|[from] Stealth Rock
|-ability|p1a: Arcanine|Intimidate|boost
|-unboost|p2a: Ninetales|atk|1
|turn|13
|
|t:|1760857050
|-terastallize|p1a: Arcanine|Fire
|move|p2a: Ninetales|Protect|p2a: Ninetales
|-singleturn|p2a: Ninetales|Protect
|move|p1a: Arcanine|Flame Charge|p2a: Ninetales
|-activate|p2a: Ninetales|move: Protect
|
|-weather|none
|-heal|p1a: Arcanine|82/100|[from] item: Leftovers
|-sideend|p2: Tripleo20|move: Aurora Veil
|upkeep
|turn|14
|
|t:|1760857063
|switch|p2a: Cetitan|Cetitan, F|32/100
|move|p1a: Arcanine|Flame Charge|p2a: Cetitan
|-supereffective|p2a: Cetitan
|-damage|p2a: Cetitan|0 fnt
|-boost|p1a: Arcanine|spe|1
|faint|p2a: Cetitan
|
|-heal|p1a: Arcanine|88/100|[from] item: Leftovers
|upkeep
|
|t:|1760857073
|switch|p2a: Froslass|Froslass, F|100/100
|turn|15
|
|t:|1760857085
|move|p1a: Arcanine|Crunch|p2a: Froslass
|-supereffective|p2a: Froslass
|-damage|p2a: Froslass|17/100
|-unboost|p2a: Froslass|def|1
|move|p2a: Froslass|Taunt|p1a: Arcanine
|-start|p1a: Arcanine|move: Taunt
|
|-heal|p1a: Arcanine|94/100|[from] item: Leftovers
|upkeep
|turn|16
|
|t:|1760857096
|move|p1a: Arcanine|Flame Charge|p2a: Froslass
|-supereffective|p2a: Froslass
|-damage|p2a: Froslass|0 fnt
|-boost|p1a: Arcanine|spe|1
|-start|p1a: Arcanine|Disable|Flame Charge|[from] ability: Cursed Body|[of] p2a: Froslass
|faint|p2a: Froslass
|
|-heal|p1a: Arcanine|100/100|[from] item: Leftovers
|upkeep
|
|t:|1760857106
|switch|p2a: Ninetales|Ninetales-Alola, M|15/100
|-weather|Snowscape|[from] ability: Snow Warning|[of] p2a: Ninetales
|turn|17
|
|t:|1760857113
|move|p1a: Arcanine|Crunch|p2a: Ninetales
|-resisted|p2a: Ninetales
|-damage|p2a: Ninetales|2/100
|move|p2a: Ninetales|Aurora Veil|p2a: Ninetales
|-sidestart|p2: Tripleo20|move: Aurora Veil
|
|-weather|Snowscape|[upkeep]
|upkeep
|turn|18
|
|t:|1760857121
|move|p1a: Arcanine|Crunch|p2a: Ninetales
|-resisted|p2a: Ninetales
|-damage|p2a: Ninetales|0 fnt
|faint|p2a: Ninetales
|
|-weather|Snowscape|[upkeep]
|-end|p1a: Arcanine|move: Taunt
|upkeep
|
|t:|1760857128
|switch|p2a: Avalugg|Avalugg, M|100/100
|turn|19
|
|t:|1760857133
|move|p1a: Arcanine|Raging Fury|p2a: Avalugg
|-supereffective|p2a: Avalugg
|-damage|p2a: Avalugg|78/100
|move|p2a: Avalugg|Iron Defense|p2a: Avalugg
|-boost|p2a: Avalugg|def|2
|
|-weather|Snowscape|[upkeep]
|-end|p1a: Arcanine|Disable
|upkeep
|turn|20
|
|t:|1760857141
|move|p1a: Arcanine|Raging Fury|p2a: Avalugg|[from] lockedmove
|-supereffective|p2a: Avalugg
|-damage|p2a: Avalugg|64/100
|move|p2a: Avalugg|Iron Defense|p2a: Avalugg
|-boost|p2a: Avalugg|def|2
|
|-weather|Snowscape|[upkeep]
|upkeep
|turn|21
|
|t:|1760857148
|move|p1a: Arcanine|Raging Fury|p2a: Avalugg|[from] lockedmove
|-supereffective|p2a: Avalugg
|-damage|p2a: Avalugg|56/100
|-start|p1a: Arcanine|confusion|[fatigue]
|move|p2a: Avalugg|Iron Defense|p2a: Avalugg
|-boost|p2a: Avalugg|def|2
|
|-weather|none
|-sideend|p2: Tripleo20|move: Aurora Veil
|upkeep
|turn|22
|
|t:|1760857160
|-activate|p1a: Arcanine|confusion
|move|p1a: Arcanine|Close Combat|p2a: Avalugg
|-supereffective|p2a: Avalugg
|-damage|p2a: Avalugg|47/100
|-unboost|p1a: Arcanine|def|1
|-unboost|p1a: Arcanine|spd|1
|move|p2a: Avalugg|Recover|p2a: Avalugg
|-heal|p2a: Avalugg|97/100
|
|upkeep
|turn|23
|
|t:|1760857175
|switch|p1a: Froslass|Froslass, F|100/100
|-damage|p1a: Froslass|76/100|[from] Stealth Rock
|move|p2a: Avalugg|Body Press|p1a: Froslass
|-immune|p1a: Froslass
|
|-heal|p1a: Froslass|82/100|[from] item: Leftovers
|upkeep
|turn|24
|
|t:|1760857187
|move|p1a: Froslass|Shadow Ball|p2a: Avalugg
|-damage|p2a: Avalugg|62/100
|-unboost|p2a: Avalugg|spd|1
|move|p2a: Avalugg|Rapid Spin|p1a: Froslass
|-immune|p1a: Froslass
|
|-heal|p1a: Froslass|88/100|[from] item: Leftovers
|upkeep
|turn|25
|
|t:|1760857200
|move|p1a: Froslass|Shadow Ball|p2a: Avalugg
|-damage|p2a: Avalugg|12/100
|move|p2a: Avalugg|Recover|p2a: Avalugg
|-heal|p2a: Avalugg|62/100
|
|-heal|p1a: Froslass|94/100|[from] item: Leftovers
|upkeep
|turn|26
|
|t:|1760857211
|switch|p2a: Weavile|Weavile, F|100/100
|-ability|p2a: Weavile|Pressure
|move|p1a: Froslass|Shadow Ball|p2a: Weavile
|-resisted|p2a: Weavile
|-damage|p2a: Weavile|81/100
|-unboost|p2a: Weavile|spd|1
|
|-heal|p1a: Froslass|99/100|[from] item: Leftovers
|upkeep
|turn|27
|
|t:|1760857221
|move|p2a: Weavile|Swords Dance|p2a: Weavile
|-boost|p2a: Weavile|atk|2
|move|p1a: Froslass|Destiny Bond|p1a: Froslass
|-singlemove|p1a: Froslass|Destiny Bond
|
|-heal|p1a: Froslass|100/100|[from] item: Leftovers
|upkeep
|turn|28
|
|t:|1760857238
|move|p2a: Weavile|Swords Dance|p2a: Weavile
|-boost|p2a: Weavile|atk|2
|move|p1a: Froslass|Thunder|p2a: Weavile
|-damage|p2a: Weavile|20/100
|
|upkeep
|turn|29
|
|t:|1760857249
|move|p2a: Weavile|Knock Off|p1a: Froslass
|-supereffective|p1a: Froslass
|-damage|p1a: Froslass|0 fnt
|-enditem|p1a: Froslass|Leftovers|[from] move: Knock Off|[of] p2a: Weavile
|faint|p1a: Froslass
|
|upkeep
|
|t:|1760857257
|switch|p1a: Swampert|Swampert, M|100/100
|-damage|p1a: Swampert|94/100|[from] Stealth Rock
|turn|30
|
|t:|1760857261
|move|p2a: Weavile|Knock Off|p1a: Swampert
|-damage|p1a: Swampert|0 fnt
|-enditem|p1a: Swampert|Leftovers|[from] move: Knock Off|[of] p2a: Weavile
|faint|p1a: Swampert
|
|upkeep
|
|t:|1760857274
|switch|p1a: Dragapult|Dragapult, M|100/100
|-damage|p1a: Dragapult|88/100|[from] Stealth Rock
|turn|31
|
|t:|1760857281
|move|p1a: Dragapult|Phantom Force||[still]
|-prepare|p1a: Dragapult|Phantom Force
|move|p2a: Weavile|Triple Axel|p1a: Dragapult|[miss]
|-miss|p2a: Weavile|p1a: Dragapult
|
|upkeep
|turn|32
|
|t:|1760857289
|switch|p2a: Avalugg|Avalugg, M|62/100
|move|p1a: Dragapult|Phantom Force|p2a: Avalugg|[from] lockedmove
|-damage|p2a: Avalugg|37/100
|-damage|p1a: Dragapult|78/100|[from] item: Life Orb
|
|upkeep
|turn|33
|
|t:|1760857296
|move|p1a: Dragapult|Dragon Dance|p1a: Dragapult
|-boost|p1a: Dragapult|atk|1
|-boost|p1a: Dragapult|spe|1
|move|p2a: Avalugg|Recover|p2a: Avalugg
|-heal|p2a: Avalugg|87/100
|
|upkeep
|turn|34
|
|t:|1760857301
|move|p1a: Dragapult|Dragon Dance|p1a: Dragapult
|-boost|p1a: Dragapult|atk|1
|-boost|p1a: Dragapult|spe|1
|move|p2a: Avalugg|Iron Defense|p2a: Avalugg
|-boost|p2a: Avalugg|def|2
|
|upkeep
|turn|35
|
|t:|1760857308
|move|p1a: Dragapult|Dragon Darts|p2a: Avalugg
|-damage|p2a: Avalugg|71/100
|-anim|p1a: Dragapult|Dragon Darts|p2a: Avalugg
|-damage|p2a: Avalugg|57/100
|-damage|p1a: Dragapult|69/100|[from] item: Life Orb
|move|p2a: Avalugg|Iron Defense|p2a: Avalugg
|-boost|p2a: Avalugg|def|2
|
|upkeep
|turn|36
|
|t:|1760857317
|move|p1a: Dragapult|Dragon Darts|p2a: Avalugg
|-damage|p2a: Avalugg|47/100
|-anim|p1a: Dragapult|Dragon Darts|p2a: Avalugg
|-damage|p2a: Avalugg|38/100
|-damage|p1a: Dragapult|59/100|[from] item: Life Orb
|move|p2a: Avalugg|Recover|p2a: Avalugg
|-heal|p2a: Avalugg|88/100
|
|upkeep
|turn|37
|
|t:|1760857326
|move|p1a: Dragapult|Draco Meteor|p2a: Avalugg
|-damage|p2a: Avalugg|33/100
|-unboost|p1a: Dragapult|spa|2
|-damage|p1a: Dragapult|49/100|[from] item: Life Orb
|move|p2a: Avalugg|Iron Defense|p2a: Avalugg
|-boost|p2a: Avalugg|def|2
|
|upkeep
|turn|38
|
|t:|1760857337
|-terastallize|p2a: Avalugg|Ice
|move|p1a: Dragapult|Draco Meteor|p2a: Avalugg
|-damage|p2a: Avalugg|3/100
|-unboost|p1a: Dragapult|spa|2
|-damage|p1a: Dragapult|39/100|[from] item: Life Orb
|move|p2a: Avalugg|Recover|p2a: Avalugg
|-heal|p2a: Avalugg|53/100
|
|upkeep
|turn|39
|
|t:|1760857350
|move|p1a: Dragapult|Draco Meteor|p2a: Avalugg|[miss]
|-miss|p1a: Dragapult|p2a: Avalugg
|move|p2a: Avalugg|Recover|p2a: Avalugg
|-heal|p2a: Avalugg|100/100
|
|upkeep
|turn|40
|
|t:|1760857357
|move|p1a: Dragapult|Draco Meteor|p2a: Avalugg
|-damage|p2a: Avalugg|80/100
|-unboost|p1a: Dragapult|spa|2
|-damage|p1a: Dragapult|30/100|[from] item: Life Orb
|move|p2a: Avalugg|Rapid Spin|p1a: Dragapult
|-immune|p1a: Dragapult
|
|upkeep
|turn|41
|
|t:|1760857369
|move|p1a: Dragapult|Draco Meteor|p2a: Avalugg
|-damage|p2a: Avalugg|66/100
|-damage|p1a: Dragapult|20/100|[from] item: Life Orb
|move|p2a: Avalugg|Recover|p2a: Avalugg
|-heal|p2a: Avalugg|100/100
|
|upkeep
|turn|42
|
|t:|1760857377
|move|p1a: Dragapult|Phantom Force||[still]
|-prepare|p1a: Dragapult|Phantom Force
|move|p2a: Avalugg|Rapid Spin|p1a: Dragapult|[miss]
|-miss|p2a: Avalugg|p1a: Dragapult
|
|upkeep
|turn|43
|
|t:|1760857382
|move|p1a: Dragapult|Phantom Force|p2a: Avalugg|[from] lockedmove
|-damage|p2a: Avalugg|87/100
|-damage|p1a: Dragapult|10/100|[from] item: Life Orb
|move|p2a: Avalugg|Rapid Spin|p1a: Dragapult
|-immune|p1a: Dragapult
|
|upkeep
|turn|44
|
|t:|1760857390
|move|p1a: Dragapult|Dragon Dance|p1a: Dragapult
|-boost|p1a: Dragapult|atk|1
|-boost|p1a: Dragapult|spe|1
|move|p2a: Avalugg|Body Press|p1a: Dragapult
|-immune|p1a: Dragapult
|
|upkeep
|turn|45
|
|t:|1760857396
|switch|p1a: Arcanine|Arcanine, F, tera:Fire|100/100
|-damage|p1a: Arcanine|76/100|[from] Stealth Rock
|-ability|p1a: Arcanine|Intimidate|boost
|-unboost|p2a: Avalugg|atk|1
|move|p2a: Avalugg|Body Press|p1a: Arcanine
|-damage|p1a: Arcanine|0 fnt
|faint|p1a: Arcanine
|
|upkeep
|-message|crissing0511 forfeited.
|
|win|Tripleo20
|raw|crissing0511's rating: 1065 &rarr; <strong>1045</strong><br />(-20 for losing)
|raw|Tripleo20's rating: 1052 &rarr; <strong>1085</strong><br />(+33 for winning)
|l|☆crissing0511
|player|p1|
|l|☆Tripleo20
|player|p2|
