|j|☆N_Alder
|j|☆SasoriVzla7
|t:|1760731443
|gametype|singles
|player|p1|N_Alder|shadowtriad|1618
|player|p2|SasoriVzla7|lucian|1590
|gen|9
|tier|[Gen 9] OU
|rated|
|rule|HP Percentage Mod: HP is shown in percentages
|rule|Endless Battle Clause: Forcing endless battles is banned
|rule|Species Clause: Limit one of each Pokémon
|rule|OHKO Clause: OHKO moves are banned
|rule|Evasion Items Clause: Evasion items are banned
|rule|Evasion Moves Clause: Evasion moves are banned
|rule|Evasion Abilities Clause: Evasion abilities are banned
|rule|Sleep Moves Clause: Sleep-inducing moves are banned
|clearpoke
|poke|p1|Darkrai|
|poke|p1|Landorus-Therian, M|
|poke|p1|Araquanid, F|
|poke|p1|Gholdengo|
|poke|p1|Moltres|
|poke|p1|Rillaboom, M|
|poke|p2|Empoleon, F|
|poke|p2|Great Tusk|
|poke|p2|Landorus-Therian, M|
|poke|p2|Sinistcha|
|poke|p2|Darkrai|
|poke|p2|Arcanine-Hisui, F|
|teampreview
|inactive|Battle timer is ON: inactive players will automatically lose when time's up. (requested by N_Alder)
|
|t:|1760731472
|teamsize|p1|6
|teamsize|p2|6
|start
|switch|p1a: Araquanid|Araquanid, F, shiny|100/100
|switch|p2a: Landorus|Landorus-Therian, M|100/100
|-ability|p2a: Landorus|Intimidate|boost
|-unboost|p1a: Araquanid|atk|1
|turn|1
|
|t:|1760731478
|-terastallize|p2a: Landorus|Flying
|move|p2a: Landorus|Tera Blast|p1a: Araquanid|[anim] Tera Blast Flying
|-supereffective|p1a: Araquanid
|-damage|p1a: Araquanid|0 fnt
|faint|p1a: Araquanid
|
|upkeep
|
|t:|1760731485
|switch|p1a: Gholdengo|Gholdengo, shiny|100/100
|-item|p1a: Gholdengo|Air Balloon
|turn|2
|
|t:|1760731493
|switch|p2a: Empoleon|Empoleon, F|100/100
|move|p1a: Gholdengo|Nasty Plot|p1a: Gholdengo
|-boost|p1a: Gholdengo|spa|2
|
|upkeep
|turn|3
|
|t:|1760731498
|move|p1a: Gholdengo|Shadow Ball|p2a: Empoleon
|-damage|p2a: Empoleon|37/100
|-unboost|p2a: Empoleon|spd|1
|-ability|p2a: Empoleon|Competitive|boost
|-boost|p2a: Empoleon|spa|2
|move|p2a: Empoleon|Knock Off|p1a: Gholdengo
|-supereffective|p1a: Gholdengo
|-damage|p1a: Gholdengo|63/100
|-enditem|p1a: Gholdengo|Air Balloon
|
|-heal|p2a: Empoleon|44/100|[from] item: Leftovers
|upkeep
|turn|4
|
|t:|1760731513
|move|p1a: Gholdengo|Make It Rain|p2a: Empoleon
|-resisted|p2a: Empoleon
|-damage|p2a: Empoleon|10/100
|-unboost|p1a: Gholdengo|spa|1
|move|p2a: Empoleon|Surf|p1a: Gholdengo
|-damage|p1a: Gholdengo|0 fnt
|faint|p1a: Gholdengo
|
|-heal|p2a: Empoleon|16/100|[from] item: Leftovers
|upkeep
|
|t:|1760731521
|switch|p1a: Rillaboom|Rillaboom, M, shiny|100/100
|-fieldstart|move: Grassy Terrain|[from] ability: Grassy Surge|[of] p1a: Rillaboom
|turn|5
|
|t:|1760731524
|switch|p2a: Sinistcha|Sinistcha|100/100
|move|p1a: Rillaboom|Drum Beating|p2a: Sinistcha
|-resisted|p2a: Sinistcha
|-damage|p2a: Sinistcha|80/100
|-unboost|p2a: Sinistcha|spe|1
|
|-heal|p2a: Sinistcha|86/100|[from] Grassy Terrain
|upkeep
|turn|6
|
|t:|1760731531
|move|p1a: Rillaboom|Knock Off|p2a: Sinistcha
|-supereffective|p2a: Sinistcha
|-damage|p2a: Sinistcha|35/100
|-damage|p1a: Rillaboom|84/100|[from] item: Rocky Helmet|[of] p2a: Sinistcha
|-enditem|p2a: Sinistcha|Rocky Helmet|[from] move: Knock Off|[of] p1a: Rillaboom
|move|p2a: Sinistcha|Shadow Ball|p1a: Rillaboom
|-damage|p1a: Rillaboom|63/100
|
|-heal|p1a: Rillaboom|69/100|[from] Grassy Terrain
|-heal|p2a: Sinistcha|41/100|[from] Grassy Terrain
|upkeep
|turn|7
|
|t:|1760731539
|move|p1a: Rillaboom|U-turn|p2a: Sinistcha
|-damage|p2a: Sinistcha|22/100
|
|t:|1760731542
|switch|p1a: Landorus|Landorus-Therian, M, shiny|100/100|[from] U-turn
|-ability|p1a: Landorus|Intimidate|boost
|-unboost|p2a: Sinistcha|atk|1
|move|p2a: Sinistcha|Strength Sap|p1a: Landorus
|-fail|p1a: Landorus|unboost|[from] item: Clear Amulet|[of] p1a: Landorus
|-heal|p2a: Sinistcha|100/100
|
|upkeep
|turn|8
|
|t:|1760731546
|move|p1a: Landorus|Swords Dance|p1a: Landorus
|-boost|p1a: Landorus|atk|2
|move|p2a: Sinistcha|Matcha Gotcha|p1a: Landorus|[miss]
|-miss|p2a: Sinistcha|p1a: Landorus
|
|upkeep
|turn|9
|
|t:|1760731551
|move|p1a: Landorus|Swords Dance|p1a: Landorus
|-boost|p1a: Landorus|atk|2
|move|p2a: Sinistcha|Matcha Gotcha|p1a: Landorus
|-damage|p1a: Landorus|43/100
|
|-fieldend|move: Grassy Terrain
|upkeep
|turn|10
|
|t:|1760731559
|move|p1a: Landorus|Stone Edge|p2a: Sinistcha
|-damage|p2a: Sinistcha|0 fnt
|faint|p2a: Sinistcha
|
|upkeep
|
|t:|1760731562
|switch|p2a: Landorus|Landorus-Therian, M, tera:Flying|100/100
|-ability|p2a: Landorus|Intimidate|boost
|-fail|p1a: Landorus|unboost|[from] item: Clear Amulet|[of] p1a: Landorus
|turn|11
|
|t:|1760731564
|switch|p1a: Moltres|Moltres, shiny|100/100
|move|p2a: Landorus|Tera Blast|p1a: Moltres|[anim] Tera Blast Flying
|-damage|p1a: Moltres|59/100
|
|upkeep
|turn|12
|
|t:|1760731571
|move|p2a: Landorus|Tera Blast|p1a: Moltres|[anim] Tera Blast Flying
|-damage|p1a: Moltres|17/100
|move|p1a: Moltres|Will-O-Wisp|p2a: Landorus|[miss]
|-miss|p1a: Moltres|p2a: Landorus
|
|upkeep
|turn|13
|-message|N_Alder forfeited.
|
|win|SasoriVzla7
|raw|N_Alder's rating: 1618 &rarr; <strong>1596</strong><br />(-22 for losing)
|raw|SasoriVzla7's rating: 1590 &rarr; <strong>1612</strong><br />(+22 for winning)
|l|☆N_Alder
|player|p1|
|l|☆SasoriVzla7
|player|p2|
