|j|☆chenke
|j|☆AminitraboTTT
|t:|1760845026
|gametype|singles
|player|p1|chenke|clerk|
|player|p2|AminitraboTTT|supernerd|
|gen|9
|tier|[Gen 9] OU
|rule|HP Percentage Mod: HP is shown in percentages
|rule|Endless Battle Clause: Forcing endless battles is banned
|rule|Species Clause: Limit one of each Pokémon
|rule|OHKO Clause: OHKO moves are banned
|rule|Evasion Items Clause: Evasion items are banned
|rule|Evasion Moves Clause: Evasion moves are banned
|rule|Evasion Abilities Clause: Evasion abilities are banned
|rule|Sleep Moves Clause: Sleep-inducing moves are banned
|clearpoke
|poke|p1|Garchomp, M|
|poke|p1|Dragonite, F|
|poke|p1|Greninja-*, M|
|poke|p1|Gholdengo|
|poke|p2|Gliscor, M|
|poke|p2|Alomomola, F|
|poke|p2|Gholdengo|
|poke|p2|Hoopa-Unbound|
|poke|p2|Cinderace, M|
|poke|p2|Zamazenta-*|
|teampreview
|c|☆AminitraboTTT|Hola, soy AminitraboTTT, el bot de la sala Español. gl hf
|inactive|Battle timer is ON: inactive players will automatically lose when time's up. (requested by AminitraboTTT)
|
|t:|1760845033
|teamsize|p1|4
|teamsize|p2|6
|start
|switch|p1a: Greninja|Greninja, M|100/100
|switch|p2a: Hoopa|Hoopa-Unbound|100/100
|turn|1
|
|t:|1760845039
|switch|p1a: Garchomp|Garchomp, M|100/100
|-terastallize|p2a: Hoopa|Fairy
|move|p2a: Hoopa|Gunk Shot|p1a: Garchomp
|-resisted|p1a: Garchomp
|-damage|p1a: Garchomp|83/100
|
|upkeep
|turn|2
|
|t:|1760845048
|move|p1a: Garchomp|Swords Dance|p1a: Garchomp
|-boost|p1a: Garchomp|atk|2
|move|p2a: Hoopa|Knock Off|p1a: Garchomp
|-damage|p1a: Garchomp|42/100
|-damage|p2a: Hoopa|88/100|[from] ability: Rough Skin|[of] p1a: Garchomp
|-damage|p2a: Hoopa|72/100|[from] item: Rocky Helmet|[of] p1a: Garchomp
|-enditem|p1a: Garchomp|Rocky Helmet|[from] move: Knock Off|[of] p2a: Hoopa
|
|upkeep
|turn|3
|
|t:|1760845050
|move|p1a: Garchomp|Earthquake|p2a: Hoopa
|-damage|p2a: Hoopa|0 fnt
|faint|p2a: Hoopa
|
|upkeep
|
|t:|1760845050
|switch|p2a: Gliscor|Gliscor, M|100/100
|turn|4
|
|t:|1760845053
|move|p1a: Garchomp|Outrage|p2a: Gliscor
|-damage|p2a: Gliscor|5/100
|move|p2a: Gliscor|Earthquake|p1a: Garchomp
|-crit|p1a: Garchomp
|-damage|p1a: Garchomp|1/100
|
|-status|p2a: Gliscor|tox|[from] item: Toxic Orb
|upkeep
|turn|5
|
|t:|1760845059
|move|p1a: Garchomp|Outrage|p2a: Gliscor|[from] lockedmove
|-damage|p2a: Gliscor|0 fnt
|faint|p2a: Gliscor
|-start|p1a: Garchomp|confusion|[fatigue]
|
|upkeep
|
|t:|1760845059
|switch|p2a: Zamazenta|Zamazenta|100/100
|-ability|p2a: Zamazenta|Dauntless Shield|boost
|-boost|p2a: Zamazenta|def|1
|turn|6
|
|t:|1760845063
|switch|p1a: Gholdengo|Gholdengo|100/100
|move|p2a: Zamazenta|Crunch|p1a: Gholdengo
|-supereffective|p1a: Gholdengo
|-damage|p1a: Gholdengo|59/100
|-unboost|p1a: Gholdengo|def|1
|
|-heal|p1a: Gholdengo|65/100|[from] item: Leftovers
|upkeep
|turn|7
|
|t:|1760845072
|-terastallize|p1a: Gholdengo|Flying
|move|p2a: Zamazenta|Iron Defense|p2a: Zamazenta
|-boost|p2a: Zamazenta|def|2
|move|p1a: Gholdengo|Substitute|p1a: Gholdengo
|-start|p1a: Gholdengo|Substitute
|-damage|p1a: Gholdengo|40/100
|
|-heal|p1a: Gholdengo|46/100|[from] item: Leftovers
|upkeep
|turn|8
|
|t:|1760845087
|move|p2a: Zamazenta|Crunch|p1a: Gholdengo
|-end|p1a: Gholdengo|Substitute
|move|p1a: Gholdengo|Nasty Plot|p1a: Gholdengo
|-boost|p1a: Gholdengo|spa|2
|
|-heal|p1a: Gholdengo|52/100|[from] item: Leftovers
|upkeep
|turn|9
|
|t:|1760845089
|move|p2a: Zamazenta|Iron Defense|p2a: Zamazenta
|-boost|p2a: Zamazenta|def|2
|move|p1a: Gholdengo|Shadow Ball|p2a: Zamazenta
|-damage|p2a: Zamazenta|16/100
|
|-heal|p2a: Zamazenta|22/100|[from] item: Leftovers
|-heal|p1a: Gholdengo|59/100|[from] item: Leftovers
|upkeep
|turn|10
|
|t:|1760845091
|switch|p2a: Gholdengo|Gholdengo|100/100
|move|p1a: Gholdengo|Shadow Ball|p2a: Gholdengo
|-supereffective|p2a: Gholdengo
|-damage|p2a: Gholdengo|0 fnt
|faint|p2a: Gholdengo
|
|-heal|p1a: Gholdengo|65/100|[from] item: Leftovers
|upkeep
|
|t:|1760845092
|switch|p2a: Cinderace|Cinderace, M|100/100
|turn|11
|
|t:|1760845098
|switch|p1a: Greninja|Greninja, M|100/100
|move|p2a: Cinderace|Pyro Ball|p1a: Greninja|[miss]
|-miss|p2a: Cinderace|p1a: Greninja
|
|upkeep
|turn|12
|
|t:|1760845108
|switch|p2a: Zamazenta|Zamazenta|22/100
|move|p1a: Greninja|Surf|p2a: Zamazenta
|-damage|p2a: Zamazenta|0 fnt
|faint|p2a: Zamazenta
|-ability|p1a: Greninja|Battle Bond|boost
|-boost|p1a: Greninja|atk|1
|-boost|p1a: Greninja|spa|1
|-boost|p1a: Greninja|spe|1
|-activate|p1a: Greninja|ability: Battle Bond
|-damage|p1a: Greninja|91/100|[from] item: Life Orb
|
|upkeep
|
|t:|1760845108
|switch|p2a: Alomomola|Alomomola, F|100/100
|turn|13
|
|t:|1760845116
|move|p1a: Greninja|Dark Pulse|p2a: Alomomola
|-damage|p2a: Alomomola|21/100
|-enditem|p2a: Alomomola|Red Card|[of] p1a: Greninja
|drag|p1a: Gholdengo|Gholdengo, tera:Flying|65/100
|move|p2a: Alomomola|Wish|p2a: Alomomola
|
|-heal|p1a: Gholdengo|71/100|[from] item: Leftovers
|upkeep
|turn|14
|
|t:|1760845123
|switch|p2a: Cinderace|Cinderace, M|100/100
|move|p1a: Gholdengo|Substitute|p1a: Gholdengo
|-start|p1a: Gholdengo|Substitute
|-damage|p1a: Gholdengo|46/100
|
|-heal|p1a: Gholdengo|52/100|[from] item: Leftovers
|upkeep
|turn|15
|
|t:|1760845127
|move|p2a: Cinderace|Pyro Ball|p1a: Gholdengo
|-crit|p1a: Gholdengo
|-end|p1a: Gholdengo|Substitute
|move|p1a: Gholdengo|Shadow Ball|p2a: Cinderace
|-damage|p2a: Cinderace|30/100
|
|-heal|p1a: Gholdengo|58/100|[from] item: Leftovers
|upkeep
|turn|16
|
|t:|1760845133
|move|p2a: Cinderace|Pyro Ball|p1a: Gholdengo
|-damage|p1a: Gholdengo|4/100
|move|p1a: Gholdengo|Shadow Ball|p2a: Cinderace
|-damage|p2a: Cinderace|0 fnt
|faint|p2a: Cinderace
|
|-heal|p1a: Gholdengo|10/100|[from] item: Leftovers
|upkeep
|
|t:|1760845133
|switch|p2a: Alomomola|Alomomola, F|54/100
|turn|17
|
|t:|1760845139
|move|p1a: Gholdengo|Shadow Ball|p2a: Alomomola
|-damage|p2a: Alomomola|0 fnt
|faint|p2a: Alomomola
|
|win|chenke
|c|☆AminitraboTTT|oof :(
|l|☆AminitraboTTT
|player|p2|
