|j|☆OP Earthquakes
|j|☆v4lentin_harvey
|t:|1760815877
|gametype|singles
|player|p1|OP Earthquakes|giovanni-masters|1473
|player|p2|v4lentin_harvey|nurse|1421
|gen|9
|tier|[Gen 9] OU
|rated|
|rule|HP Percentage Mod: HP is shown in percentages
|rule|Endless Battle Clause: Forcing endless battles is banned
|rule|Species Clause: Limit one of each Pokémon
|rule|OHKO Clause: OHKO moves are banned
|rule|Evasion Items Clause: Evasion items are banned
|rule|Evasion Moves Clause: Evasion moves are banned
|rule|Evasion Abilities Clause: Evasion abilities are banned
|rule|Sleep Moves Clause: Sleep-inducing moves are banned
|clearpoke
|poke|p1|Excadrill, M|
|poke|p1|Hawlucha, M|
|poke|p1|Kyurem|
|poke|p1|Tyranitar, M|
|poke|p1|Pawmot, F|
|poke|p1|Thundurus-Therian, M|
|poke|p2|Ditto|
|poke|p2|Hoopa-Unbound|
|poke|p2|Alomomola, M|
|poke|p2|Weezing-Galar, F|
|poke|p2|Corviknight, F|
|poke|p2|Gliscor, M|
|teampreview
|inactive|Battle timer is ON: inactive players will automatically lose when time's up. (requested by OP Earthquakes)
|c|☆OP Earthquakes|GLHF!
|inactive|OP Earthquakes has 120 seconds left.
|
|t:|1760815915
|teamsize|p1|6
|teamsize|p2|6
|start
|switch|p1a: Shukaku|Tyranitar, M, shiny|100/100
|switch|p2a: Fuck this one|Hoopa-Unbound|100/100
|-weather|Sandstorm|[from] ability: Sand Stream|[of] p1a: Shukaku
|turn|1
|
|t:|1760815926
|switch|p1a: Itachi|Hawlucha, M, shiny|100/100
|-ability|p1a: Itachi|Mold Breaker
|move|p2a: Fuck this one|Drain Punch|p1a: Itachi
|-resisted|p1a: Itachi
|-damage|p1a: Itachi|61/100
|-enditem|p1a: Itachi|Red Card|[of] p2a: Fuck this one
|drag|p2a: Anti-Meta|Weezing-Galar, F|100/100
|-ability|p2a: Anti-Meta|Neutralizing Gas
|
|-weather|Sandstorm|[upkeep]
|-damage|p1a: Itachi|55/100|[from] Sandstorm
|-damage|p2a: Anti-Meta|95/100|[from] Sandstorm
|upkeep
|turn|2
|
|t:|1760815938
|switch|p1a: OP|Excadrill, M|100/100
|move|p2a: Anti-Meta|Will-O-Wisp|p1a: OP
|-status|p1a: OP|brn
|
|-weather|Sandstorm|[upkeep]
|-damage|p2a: Anti-Meta|89/100|[from] Sandstorm
|-damage|p1a: OP|94/100 brn|[from] brn
|upkeep
|turn|3
|
|t:|1760815947
|switch|p1a: Thundurus|Thundurus-Therian, M|100/100
|-end|p2a: Anti-Meta|ability: Neutralizing Gas
|switch|p2a: Small PP(stall)|Corviknight, F|100/100
|-ability|p2a: Small PP(stall)|Pressure
|
|-weather|Sandstorm|[upkeep]
|-damage|p1a: Thundurus|94/100|[from] Sandstorm
|upkeep
|turn|4
|
|t:|1760815959
|switch|p1a: Frieza|Kyurem, shiny|100/100
|-ability|p1a: Frieza|Pressure
|switch|p2a: Gliscor|Gliscor, M|100/100
|
|-weather|Sandstorm|[upkeep]
|-damage|p1a: Frieza|94/100|[from] Sandstorm
|-status|p2a: Gliscor|tox|[from] item: Toxic Orb
|upkeep
|turn|5
|
|t:|1760815969
|move|p2a: Gliscor|Protect|p2a: Gliscor
|-singleturn|p2a: Gliscor|Protect
|move|p1a: Frieza|Freeze-Dry|p2a: Gliscor
|-activate|p2a: Gliscor|move: Protect
|
|-weather|Sandstorm|[upkeep]
|-damage|p1a: Frieza|88/100|[from] Sandstorm
|upkeep
|turn|6
|
|t:|1760815987
|switch|p2a: Anti-Meta|Weezing-Galar, F|89/100
|-ability|p2a: Anti-Meta|Neutralizing Gas
|move|p1a: Frieza|Freeze-Dry|p2a: Anti-Meta
|-damage|p2a: Anti-Meta|33/100
|
|-weather|Sandstorm|[upkeep]
|-damage|p1a: Frieza|82/100|[from] Sandstorm
|-damage|p2a: Anti-Meta|27/100|[from] Sandstorm
|upkeep
|turn|7
|
|t:|1760815997
|move|p1a: Frieza|Freeze-Dry|p2a: Anti-Meta
|-damage|p2a: Anti-Meta|0 fnt
|faint|p2a: Anti-Meta
|-end|p2a: Anti-Meta|ability: Neutralizing Gas
|-ability|p1a: Frieza|Pressure
|
|-weather|Sandstorm|[upkeep]
|-damage|p1a: Frieza|76/100|[from] Sandstorm
|upkeep
|
|t:|1760816007
|switch|p2a: No U|Ditto|100/100
|-transform|p2a: No U|p1a: Frieza|[from] ability: Imposter
|-ability|p2a: No U|Pressure
|turn|8
|inactive|v4lentin_harvey has 120 seconds left.
|
|t:|1760816045
|-terastallize|p2a: No U|Ghost
|move|p2a: No U|Shadow Ball|p1a: Frieza
|-damage|p1a: Frieza|36/100
|move|p1a: Frieza|Endeavor|p2a: No U
|-immune|p2a: No U
|
|-weather|none
|upkeep
|turn|9
|inactive|OP Earthquakes has 120 seconds left.
|
|t:|1760816078
|switch|p1a: Shukaku|Tyranitar, M, shiny|100/100
|-weather|Sandstorm|[from] ability: Sand Stream|[of] p1a: Shukaku
|move|p2a: No U|Shadow Ball|p1a: Shukaku
|-resisted|p1a: Shukaku
|-damage|p1a: Shukaku|84/100
|
|-weather|Sandstorm|[upkeep]
|-damage|p2a: No U|94/100|[from] Sandstorm
|upkeep
|turn|10
|
|t:|1760816088
|switch|p2a: Small PP(stall)|Corviknight, F|100/100
|-ability|p2a: Small PP(stall)|Pressure
|move|p1a: Shukaku|Stealth Rock|p2a: Small PP(stall)
|-sidestart|p2: v4lentin_harvey|move: Stealth Rock
|
|-weather|Sandstorm|[upkeep]
|upkeep
|turn|11
|
|t:|1760816095
|move|p2a: Small PP(stall)|U-turn|p1a: Shukaku
|-supereffective|p1a: Shukaku
|-damage|p1a: Shukaku|66/100
|
|t:|1760816099
|switch|p2a: Gliscor|Gliscor, M|100/100 tox|[from] U-turn
|-damage|p2a: Gliscor|88/100 tox|[from] Stealth Rock
|move|p1a: Shukaku|Thunder Wave|p2a: Gliscor
|-immune|p2a: Gliscor
|
|-weather|Sandstorm|[upkeep]
|-heal|p2a: Gliscor|100/100 tox|[from] ability: Poison Heal
|upkeep
|turn|12
|
|t:|1760816110
|move|p2a: Gliscor|Toxic|p1a: Shukaku
|-status|p1a: Shukaku|tox
|move|p1a: Shukaku|Ice Beam|p2a: Gliscor
|-supereffective|p2a: Gliscor
|-damage|p2a: Gliscor|18/100 tox
|
|-weather|Sandstorm|[upkeep]
|-heal|p2a: Gliscor|30/100 tox|[from] ability: Poison Heal
|-damage|p1a: Shukaku|60/100 tox|[from] psn
|upkeep
|turn|13
|
|t:|1760816119
|switch|p2a: Small PP(stall)|Corviknight, F|100/100
|-damage|p2a: Small PP(stall)|88/100|[from] Stealth Rock
|-ability|p2a: Small PP(stall)|Pressure
|move|p1a: Shukaku|Roar|p2a: Small PP(stall)
|drag|p2a: No U|Ditto, tera:Ghost|94/100
|-damage|p2a: No U|82/100|[from] Stealth Rock
|-transform|p2a: No U|p1a: Shukaku|[from] ability: Imposter
|
|-weather|Sandstorm|[upkeep]
|-damage|p2a: No U|76/100|[from] Sandstorm
|-damage|p1a: Shukaku|48/100 tox|[from] psn
|upkeep
|turn|14
|inactive|v4lentin_harvey has 120 seconds left.
|
|t:|1760816135
|switch|p2a: Small PP(stall)|Corviknight, F|88/100
|-damage|p2a: Small PP(stall)|76/100|[from] Stealth Rock
|-ability|p2a: Small PP(stall)|Pressure
|switch|p1a: Itachi|Hawlucha, M, shiny|55/100
|-ability|p1a: Itachi|Mold Breaker
|
|-weather|Sandstorm|[upkeep]
|-damage|p1a: Itachi|49/100|[from] Sandstorm
|upkeep
|turn|15
|
|t:|1760816152
|switch|p1a: Frieza|Kyurem, shiny|36/100
|-ability|p1a: Frieza|Pressure
|move|p2a: Small PP(stall)|Brave Bird|p1a: Frieza
|-damage|p1a: Frieza|3/100
|-damage|p2a: Small PP(stall)|65/100|[from] Recoil
|
|-weather|Sandstorm|[upkeep]
|-damage|p1a: Frieza|0 fnt|[from] Sandstorm
|faint|p1a: Frieza
|upkeep
|
|t:|1760816160
|switch|p1a: Thundurus|Thundurus-Therian, M|94/100
|turn|16
|inactive|v4lentin_harvey has 120 seconds left.
|
|t:|1760816180
|switch|p2a: No U|Ditto, tera:Ghost|76/100
|-damage|p2a: No U|64/100|[from] Stealth Rock
|-transform|p2a: No U|p1a: Thundurus|[from] ability: Imposter
|move|p1a: Thundurus|Weather Ball|p2a: No U
|-damage|p2a: No U|4/100
|
|-weather|none
|upkeep
|turn|17
|inactive|v4lentin_harvey has 120 seconds left.
|
|t:|1760816195
|switch|p1a: Shukaku|Tyranitar, M, shiny|48/100 tox
|-weather|Sandstorm|[from] ability: Sand Stream|[of] p1a: Shukaku
|move|p2a: No U|Tera Blast|p1a: Shukaku|[anim] Tera Blast Ghost
|-resisted|p1a: Shukaku
|-damage|p1a: Shukaku|31/100 tox
|
|-weather|Sandstorm|[upkeep]
|-damage|p2a: No U|0 fnt|[from] Sandstorm
|faint|p2a: No U
|-damage|p1a: Shukaku|25/100 tox|[from] psn
|upkeep
|inactive|v4lentin_harvey has 120 seconds left.
|
|t:|1760816206
|switch|p2a: Fuck this one|Hoopa-Unbound|100/100
|-damage|p2a: Fuck this one|88/100|[from] Stealth Rock
|turn|18
|inactive|v4lentin_harvey has 120 seconds left.
|
|t:|1760816222
|switch|p1a: OP|Excadrill, M|94/100 brn
|move|p2a: Fuck this one|Knock Off|p1a: OP
|-damage|p1a: OP|0 fnt
|-enditem|p1a: OP|Choice Band|[from] move: Knock Off|[of] p2a: Fuck this one
|faint|p1a: OP
|
|-weather|Sandstorm|[upkeep]
|-damage|p2a: Fuck this one|82/100|[from] Sandstorm
|upkeep
|c|☆OP Earthquakes|HUGE
|
|t:|1760816241
|switch|p1a: Itachi|Hawlucha, M, shiny|49/100
|-ability|p1a: Itachi|Mold Breaker
|turn|19
|inactive|v4lentin_harvey has 120 seconds left.
|
|t:|1760816247
|switch|p2a: Scald...|Alomomola, M|100/100
|move|p1a: Itachi|Brave Bird|p2a: Scald...
|-damage|p2a: Scald...|75/100
|-damage|p1a: Itachi|34/100|[from] Recoil
|
|-weather|Sandstorm|[upkeep]
|-damage|p1a: Itachi|28/100|[from] Sandstorm
|-damage|p2a: Scald...|68/100|[from] Sandstorm
|upkeep
|turn|20
|
|t:|1760816257
|move|p1a: Itachi|Swords Dance|p1a: Itachi
|-boost|p1a: Itachi|atk|2
|move|p2a: Scald...|Wish|p2a: Scald...
|
|-weather|Sandstorm|[upkeep]
|-damage|p1a: Itachi|22/100|[from] Sandstorm
|-damage|p2a: Scald...|62/100|[from] Sandstorm
|upkeep
|turn|21
|
|t:|1760816264
|move|p1a: Itachi|Encore|p2a: Scald...
|-start|p2a: Scald...|Encore
|move|p2a: Scald...|Wish||[still]
|-fail|p2a: Scald...
|
|-weather|Sandstorm|[upkeep]
|-damage|p1a: Itachi|16/100|[from] Sandstorm
|-damage|p2a: Scald...|56/100|[from] Sandstorm
|-heal|p2a: Scald...|100/100|[from] move: Wish|[wisher] Scald...
|upkeep
|turn|22
|
|t:|1760816273
|move|p1a: Itachi|Brave Bird|p2a: Scald...
|-damage|p2a: Scald...|50/100
|-damage|p1a: Itachi|0 fnt|[from] Recoil
|faint|p1a: Itachi
|move|p2a: Scald...|Wish|p2a: Scald...
|
|-weather|Sandstorm|[upkeep]
|-damage|p2a: Scald...|44/100|[from] Sandstorm
|upkeep
|
|t:|1760816284
|switch|p1a: Thundurus|Thundurus-Therian, M|94/100
|turn|23
|
|t:|1760816290
|switch|p2a: Fuck this one|Hoopa-Unbound|82/100
|-damage|p2a: Fuck this one|70/100|[from] Stealth Rock
|move|p1a: Thundurus|Weather Ball|p2a: Fuck this one
|-damage|p2a: Fuck this one|34/100
|
|-weather|Sandstorm|[upkeep]
|-damage|p1a: Thundurus|88/100|[from] Sandstorm
|-damage|p2a: Fuck this one|28/100|[from] Sandstorm
|-heal|p2a: Fuck this one|100/100|[from] move: Wish|[wisher] Scald...
|upkeep
|turn|24
|inactive|OP Earthquakes has 120 seconds left.
|
|t:|1760816324
|switch|p1a: Shukaku|Tyranitar, M, shiny|25/100 tox
|move|p2a: Fuck this one|Knock Off|p1a: Shukaku
|-resisted|p1a: Shukaku
|-damage|p1a: Shukaku|0 fnt
|-enditem|p1a: Shukaku|Smooth Rock|[from] move: Knock Off|[of] p2a: Fuck this one
|faint|p1a: Shukaku
|
|-weather|none
|upkeep
|
|t:|1760816329
|switch|p1a: Porunga|Pawmot, F|100/100
|turn|25
|
|t:|1760816338
|move|p1a: Porunga|Revival Blessing|p1a: Porunga
|-enditem|p1a: Porunga|Leppa Berry|[eat]
|-activate|p1a: Porunga|item: Leppa Berry|Revival Blessing|[consumed]
|
|t:|1760816343
|-heal|p1: OP|50/100|[from] move: Revival Blessing
|move|p2a: Fuck this one|Knock Off|p1a: Porunga
|-resisted|p1a: Porunga
|-crit|p1a: Porunga
|-damage|p1a: Porunga|35/100
|
|upkeep
|turn|26
|
|t:|1760816349
|move|p1a: Porunga|Revival Blessing|p1a: Porunga
|
|t:|1760816355
|-heal|p1: Frieza|50/100|[from] move: Revival Blessing
|move|p2a: Fuck this one|Knock Off|p1a: Porunga
|-resisted|p1a: Porunga
|-damage|p1a: Porunga|0 fnt
|faint|p1a: Porunga
|
|upkeep
|
|t:|1760816360
|switch|p1a: OP|Excadrill, M|50/100
|turn|27
|
|t:|1760816372
|-terastallize|p1a: OP|Fire
|move|p1a: OP|Tera Blast|p2a: Fuck this one|[anim] Tera Blast Fire
|-damage|p2a: Fuck this one|18/100
|move|p2a: Fuck this one|Knock Off|p1a: OP
|-damage|p1a: OP|0 fnt
|faint|p1a: OP
|
|upkeep
|
|t:|1760816379
|switch|p1a: Frieza|Kyurem, shiny|50/100
|-ability|p1a: Frieza|Pressure
|turn|28
|
|t:|1760816400
|switch|p2a: Gliscor|Gliscor, M|30/100 tox
|-damage|p2a: Gliscor|18/100 tox|[from] Stealth Rock
|move|p1a: Frieza|Freeze-Dry|p2a: Gliscor
|-supereffective|p2a: Gliscor
|-damage|p2a: Gliscor|0 fnt
|faint|p2a: Gliscor
|
|upkeep
|c|☆v4lentin_harvey|fuck
|
|t:|1760816411
|switch|p2a: Scald...|Alomomola, M|77/100
|turn|29
|
|t:|1760816416
|switch|p1a: Thundurus|Thundurus-Therian, M|88/100
|move|p2a: Scald...|Protect||[still]
|-fail|p2a: Scald...
|
|upkeep
|turn|30
|
|t:|1760816423
|move|p1a: Thundurus|Volt Switch|p2a: Scald...
|-supereffective|p2a: Scald...
|-damage|p2a: Scald...|0 fnt
|faint|p2a: Scald...
|
|t:|1760816427
|switch|p1a: Frieza|Kyurem, shiny|50/100|[from] Volt Switch
|-ability|p1a: Frieza|Pressure
|
|upkeep
|c|☆v4lentin_harvey|gg
|c|☆OP Earthquakes|GG
|
|t:|1760816432
|switch|p2a: Small PP(stall)|Corviknight, F|65/100
|-damage|p2a: Small PP(stall)|53/100|[from] Stealth Rock
|-ability|p2a: Small PP(stall)|Pressure
|turn|31
|
|t:|1760816437
|move|p1a: Frieza|Freeze-Dry|p2a: Small PP(stall)
|-damage|p2a: Small PP(stall)|17/100
|move|p2a: Small PP(stall)|Brave Bird|p1a: Frieza
|-damage|p1a: Frieza|15/100
|-damage|p2a: Small PP(stall)|5/100|[from] Recoil
|
|upkeep
|turn|32
|
|t:|1760816444
|move|p1a: Frieza|Freeze-Dry|p2a: Small PP(stall)
|-damage|p2a: Small PP(stall)|0 fnt
|faint|p2a: Small PP(stall)
|
|upkeep
|
|t:|1760816449
|switch|p2a: Fuck this one|Hoopa-Unbound|18/100
|-damage|p2a: Fuck this one|6/100|[from] Stealth Rock
|turn|33
|
|t:|1760816453
|move|p1a: Frieza|Freeze-Dry|p2a: Fuck this one
|-damage|p2a: Fuck this one|0 fnt
|faint|p2a: Fuck this one
|
|win|OP Earthquakes
|raw|OP Earthquakes's rating: 1473 &rarr; <strong>1490</strong><br />(+17 for winning)
|raw|v4lentin_harvey's rating: 1421 &rarr; <strong>1404</strong><br />(-17 for losing)
|l|☆OP Earthquakes
|player|p1|
