|j|☆orion212114
|j|☆sayhead
|t:|1760875036
|gametype|singles
|player|p1|orion212114|bugcatcher-gen4dp|1058
|player|p2|sayhead|265|1062
|gen|9
|tier|[Gen 9] OU
|rated|
|rule|HP Percentage Mod: HP is shown in percentages
|rule|Endless Battle Clause: Forcing endless battles is banned
|rule|Species Clause: Limit one of each Pokémon
|rule|OHKO Clause: OHKO moves are banned
|rule|Evasion Items Clause: Evasion items are banned
|rule|Evasion Moves Clause: Evasion moves are banned
|rule|Evasion Abilities Clause: Evasion abilities are banned
|rule|Sleep Moves Clause: Sleep-inducing moves are banned
|clearpoke
|poke|p1|Garchomp, M|
|poke|p1|Gyarados, M|
|poke|p1|Ceruledge, M|
|poke|p1|Metagross|
|poke|p1|Darkrai|
|poke|p1|Meowscarada, F|
|poke|p2|Pelipper, M|
|poke|p2|Basculegion, M|
|poke|p2|Scizor, M|
|poke|p2|Zapdos|
|poke|p2|Serperior, M|
|poke|p2|Milotic, M|
|teampreview
|inactive|Battle timer is ON: inactive players will automatically lose when time's up. (requested by orion212114)
|
|t:|1760875059
|teamsize|p1|6
|teamsize|p2|6
|start
|switch|p1a: Ceruledge|Ceruledge, M|100/100
|switch|p2a: Pelipper|Pelipper, M|100/100
|-weather|RainDance|[from] ability: Drizzle|[of] p2a: Pelipper
|turn|1
|
|t:|1760875065
|switch|p1a: Gyarados|Gyarados, M|100/100
|-ability|p1a: Gyarados|Intimidate|boost
|-unboost|p2a: Pelipper|atk|1
|move|p2a: Pelipper|U-turn|p1a: Gyarados
|-resisted|p1a: Gyarados
|-damage|p1a: Gyarados|96/100
|
|t:|1760875072
|switch|p2a: Zapdos|Zapdos|100/100|[from] U-turn
|
|-weather|RainDance|[upkeep]
|upkeep
|turn|2
|
|t:|1760875091
|switch|p1a: Garchomp|Garchomp, M|100/100
|move|p2a: Zapdos|Thunder|p1a: Garchomp
|-immune|p1a: Garchomp
|
|-weather|RainDance|[upkeep]
|upkeep
|turn|3
|
|t:|1760875100
|move|p2a: Zapdos|Hurricane|p1a: Garchomp
|-damage|p1a: Garchomp|50/100
|move|p1a: Garchomp|Dragon Claw|p2a: Zapdos
|-damage|p2a: Zapdos|56/100
|-status|p1a: Garchomp|par|[from] ability: Static|[of] p2a: Zapdos
|
|-weather|RainDance|[upkeep]
|upkeep
|turn|4
|
|t:|1760875108
|move|p2a: Zapdos|Hurricane|p1a: Garchomp
|-damage|p1a: Garchomp|0 fnt
|faint|p1a: Garchomp
|
|-weather|RainDance|[upkeep]
|upkeep
|
|t:|1760875123
|switch|p1a: Darkrai|Darkrai|100/100
|turn|5
|
|t:|1760875133
|move|p1a: Darkrai|Ice Beam|p2a: Zapdos
|-supereffective|p2a: Zapdos
|-damage|p2a: Zapdos|0 fnt
|faint|p2a: Zapdos
|
|-weather|none
|upkeep
|
|t:|1760875138
|switch|p2a: Pelipper|Pelipper, M|100/100
|-weather|RainDance|[from] ability: Drizzle|[of] p2a: Pelipper
|turn|6
|
|t:|1760875155
|switch|p1a: Gyarados|Gyarados, M|96/100
|-ability|p1a: Gyarados|Intimidate|boost
|-unboost|p2a: Pelipper|atk|1
|switch|p2a: Basculegion|Basculegion, M|100/100
|
|-weather|RainDance|[upkeep]
|upkeep
|turn|7
|
|t:|1760875166
|-terastallize|p1a: Gyarados|Electric
|move|p2a: Basculegion|Wave Crash|p1a: Gyarados
|-damage|p1a: Gyarados|0 fnt
|faint|p1a: Gyarados
|-damage|p2a: Basculegion|73/100|[from] Recoil
|
|-weather|RainDance|[upkeep]
|upkeep
|
|t:|1760875174
|switch|p1a: Metagross|Metagross|100/100
|turn|8
|
|t:|1760875180
|switch|p2a: Scizor|Scizor, M|100/100
|move|p1a: Metagross|Thunder Punch|p2a: Scizor
|-damage|p2a: Scizor|70/100
|-status|p2a: Scizor|par
|
|-weather|RainDance|[upkeep]
|upkeep
|turn|9
|
|t:|1760875188
|move|p1a: Metagross|Psychic Fangs|p2a: Scizor
|-resisted|p2a: Scizor
|-damage|p2a: Scizor|43/100 par
|move|p2a: Scizor|Swords Dance|p2a: Scizor
|-boost|p2a: Scizor|atk|2
|
|-weather|RainDance|[upkeep]
|upkeep
|turn|10
|
|t:|1760875196
|move|p1a: Metagross|Iron Head|p2a: Scizor
|-resisted|p2a: Scizor
|-damage|p2a: Scizor|15/100 par
|move|p2a: Scizor|Close Combat|p1a: Metagross
|-damage|p1a: Metagross|33/100
|-unboost|p2a: Scizor|def|1
|-unboost|p2a: Scizor|spd|1
|-damage|p2a: Scizor|5/100 par|[from] item: Life Orb
|
|-weather|none
|upkeep
|turn|11
|
|t:|1760875206
|move|p2a: Scizor|Bullet Punch|p1a: Metagross
|-resisted|p1a: Metagross
|-damage|p1a: Metagross|5/100
|-damage|p2a: Scizor|0 fnt|[from] item: Life Orb
|faint|p2a: Scizor
|move|p1a: Metagross|Psychic Fangs|p2: Scizor|[notarget]
|-fail|p1a: Metagross
|
|upkeep
|
|t:|1760875213
|switch|p2a: Pelipper|Pelipper, M|100/100
|-weather|RainDance|[from] ability: Drizzle|[of] p2a: Pelipper
|turn|12
|
|t:|1760875218
|move|p2a: Pelipper|U-turn|p1a: Metagross
|-damage|p1a: Metagross|0 fnt
|faint|p1a: Metagross
|
|t:|1760875228
|switch|p2a: Milotic|Milotic, M|100/100|[from] U-turn
|
|-weather|RainDance|[upkeep]
|upkeep
|
|t:|1760875232
|switch|p1a: Meowscarada|Meowscarada, F|100/100
|turn|13
|
|t:|1760875239
|move|p1a: Meowscarada|Flower Trick|p2a: Milotic
|-start|p1a: Meowscarada|typechange|Grass|[from] ability: Protean
|-supereffective|p2a: Milotic
|-crit|p2a: Milotic
|-damage|p2a: Milotic|19/100
|move|p2a: Milotic|Avalanche|p1a: Meowscarada
|-supereffective|p1a: Meowscarada
|-damage|p1a: Meowscarada|46/100
|
|-weather|RainDance|[upkeep]
|upkeep
|turn|14
|
|t:|1760875268
|switch|p2a: Serperior|Serperior, M|100/100
|move|p1a: Meowscarada|Flower Trick|p2a: Serperior
|-resisted|p2a: Serperior
|-crit|p2a: Serperior
|-damage|p2a: Serperior|69/100
|
|-weather|RainDance|[upkeep]
|upkeep
|turn|15
|
|t:|1760875276
|move|p1a: Meowscarada|Triple Axel|p2a: Serperior
|-supereffective|p2a: Serperior
|-damage|p2a: Serperior|53/100
|-supereffective|p2a: Serperior
|-damage|p2a: Serperior|23/100
|-supereffective|p2a: Serperior
|-damage|p2a: Serperior|0 fnt
|faint|p2a: Serperior
|-hitcount|p2: Serperior|3
|
|-weather|RainDance|[upkeep]
|upkeep
|
|t:|1760875286
|switch|p2a: Pelipper|Pelipper, M|100/100
|turn|16
|
|t:|1760875288
|move|p1a: Meowscarada|Flower Trick|p2a: Pelipper
|-crit|p2a: Pelipper
|-damage|p2a: Pelipper|40/100
|move|p2a: Pelipper|U-turn|p1a: Meowscarada
|-supereffective|p1a: Meowscarada
|-damage|p1a: Meowscarada|17/100
|
|t:|1760875295
|switch|p2a: Basculegion|Basculegion, M|73/100|[from] U-turn
|
|-weather|none
|upkeep
|turn|17
|
|t:|1760875304
|move|p2a: Basculegion|Aqua Jet|p1a: Meowscarada
|-resisted|p1a: Meowscarada
|-damage|p1a: Meowscarada|2/100
|move|p1a: Meowscarada|Flower Trick|p2a: Basculegion
|-supereffective|p2a: Basculegion
|-crit|p2a: Basculegion
|-damage|p2a: Basculegion|0 fnt
|faint|p2a: Basculegion
|
|upkeep
|
|t:|1760875310
|switch|p2a: Pelipper|Pelipper, M|40/100
|-weather|RainDance|[from] ability: Drizzle|[of] p2a: Pelipper
|turn|18
|
|t:|1760875319
|move|p1a: Meowscarada|Flower Trick|p2a: Pelipper
|-crit|p2a: Pelipper
|-damage|p2a: Pelipper|0 fnt
|faint|p2a: Pelipper
|
|-weather|RainDance|[upkeep]
|upkeep
|
|t:|1760875322
|switch|p2a: Milotic|Milotic, M|19/100
|turn|19
|
|t:|1760875326
|move|p1a: Meowscarada|Flower Trick|p2a: Milotic
|-supereffective|p2a: Milotic
|-crit|p2a: Milotic
|-damage|p2a: Milotic|0 fnt
|faint|p2a: Milotic
|
|win|orion212114
|raw|orion212114's rating: 1058 &rarr; <strong>1090</strong><br />(+32 for winning)
|raw|sayhead's rating: 1062 &rarr; <strong>1042</strong><br />(-20 for losing)
|l|☆sayhead
|player|p2|
