|j|☆nickolucky
|j|☆roll&shoot
|t:|1760887601
|gametype|singles
|player|p1|nickolucky|pokemonranger|1483
|player|p2|roll&shoot|dancer|1495
|gen|9
|tier|[Gen 9] OU
|rated|
|rule|HP Percentage Mod: HP is shown in percentages
|rule|Endless Battle Clause: Forcing endless battles is banned
|rule|Species Clause: Limit one of each Pokémon
|rule|OHKO Clause: OHKO moves are banned
|rule|Evasion Items Clause: Evasion items are banned
|rule|Evasion Moves Clause: Evasion moves are banned
|rule|Evasion Abilities Clause: Evasion abilities are banned
|rule|Sleep Moves Clause: Sleep-inducing moves are banned
|clearpoke
|poke|p1|Indeedee, M|
|poke|p1|Polteageist-Antique|
|poke|p1|Hatterene, F|
|poke|p1|Maushold-Four|
|poke|p1|Armarouge, F|
|poke|p1|Hawlucha, F|
|poke|p2|Dragonite, M|
|poke|p2|Rillaboom, M|
|poke|p2|Corviknight, F|
|poke|p2|Ting-Lu|
|poke|p2|Iron Crown|
|poke|p2|Gholdengo|
|teampreview
|
|t:|1760887611
|teamsize|p1|6
|teamsize|p2|6
|start
|switch|p1a: Indeedee|Indeedee, M|100/100
|switch|p2a: Ting-Lu|Ting-Lu|100/100
|-fieldstart|move: Psychic Terrain|[from] ability: Psychic Surge|[of] p1a: Indeedee
|-ability|p2a: Ting-Lu|Vessel of Ruin
|turn|1
|
|t:|1760887626
|switch|p1a: Hatterene|Hatterene, F|100/100
|move|p2a: Ting-Lu|Ruination|p1a: Hatterene
|-damage|p1a: Hatterene|50/100
|-enditem|p1a: Hatterene|Eject Button
|
|t:|1760887633
|switch|p1a: Hawlucha|Hawlucha, F|100/100
|-enditem|p1a: Hawlucha|Psychic Seed
|-boost|p1a: Hawlucha|spd|1|[from] item: Psychic Seed
|
|upkeep
|turn|2
|
|t:|1760887639
|move|p1a: Hawlucha|Swords Dance|p1a: Hawlucha
|-boost|p1a: Hawlucha|atk|2
|move|p2a: Ting-Lu|Whirlwind|p1a: Hawlucha
|drag|p1a: Maushold|Maushold-Four|100/100
|
|upkeep
|turn|3
|
|t:|1760887648
|switch|p2a: Corviknight|Corviknight, F|100/100
|-ability|p2a: Corviknight|Pressure
|move|p1a: Maushold|Encore||[still]
|-fail|p1a: Maushold
|
|upkeep
|turn|4
|
|t:|1760887657
|switch|p1a: Hawlucha|Hawlucha, F|100/100
|move|p2a: Corviknight|U-turn|p1a: Hawlucha
|-resisted|p1a: Hawlucha
|-damage|p1a: Hawlucha|96/100
|
|t:|1760887665
|switch|p2a: Gholdengo|Gholdengo|100/100|[from] U-turn
|
|upkeep
|turn|5
|
|t:|1760887670
|move|p2a: Gholdengo|Trick|p1a: Hawlucha
|-activate|p2a: Gholdengo|move: Trick|[of] p1a: Hawlucha
|-item|p1a: Hawlucha|Choice Scarf|[from] move: Trick
|-enditem|p2a: Gholdengo|Choice Scarf|[silent]|[from] move: Trick
|move|p1a: Hawlucha|Swords Dance|p1a: Hawlucha
|-boost|p1a: Hawlucha|atk|2
|
|upkeep
|turn|6
|
|t:|1760887677
|switch|p1a: Hatterene|Hatterene, F|50/100
|move|p2a: Gholdengo|Dazzling Gleam|p1a: Hatterene
|-damage|p1a: Hatterene|23/100
|
|upkeep
|turn|7
|
|t:|1760887683
|move|p2a: Gholdengo|Shadow Ball|p1a: Hatterene
|-supereffective|p1a: Hatterene
|-damage|p1a: Hatterene|0 fnt
|faint|p1a: Hatterene
|
|upkeep
|
|t:|1760887690
|switch|p1a: Polteageist|Polteageist-Antique|100/100
|turn|8
|
|t:|1760887693
|move|p2a: Gholdengo|Shadow Ball|p1a: Polteageist
|-supereffective|p1a: Polteageist
|-damage|p1a: Polteageist|3/100
|move|p1a: Polteageist|Shadow Ball|p2a: Gholdengo
|-supereffective|p2a: Gholdengo
|-damage|p2a: Gholdengo|0 fnt
|faint|p2a: Gholdengo
|
|-fieldend|move: Psychic Terrain
|upkeep
|
|t:|1760887703
|switch|p2a: Iron Crown|Iron Crown|100/100
|turn|9
|
|t:|1760887720
|switch|p1a: Armarouge|Armarouge, F|100/100
|move|p2a: Iron Crown|Volt Switch|p1a: Armarouge
|-damage|p1a: Armarouge|72/100
|
|t:|1760887728
|-end|p2a: Iron Crown|Quark Drive|[silent]
|switch|p2a: Ting-Lu|Ting-Lu|100/100|[from] Volt Switch
|-ability|p2a: Ting-Lu|Vessel of Ruin
|
|upkeep
|turn|10
|
|t:|1760887736
|move|p1a: Armarouge|Endure|p1a: Armarouge
|-singleturn|p1a: Armarouge|move: Endure
|move|p2a: Ting-Lu|Earthquake|p1a: Armarouge
|-supereffective|p1a: Armarouge
|-activate|p1a: Armarouge|move: Endure
|-damage|p1a: Armarouge|1/100
|-ability|p1a: Armarouge|Weak Armor|boost
|-unboost|p1a: Armarouge|def|1
|-boost|p1a: Armarouge|spe|2
|-enditem|p1a: Armarouge|Weakness Policy
|-boost|p1a: Armarouge|atk|2|[from] item: Weakness Policy
|-boost|p1a: Armarouge|spa|2|[from] item: Weakness Policy
|
|upkeep
|turn|11
|
|t:|1760887748
|move|p1a: Armarouge|Energy Ball|p2a: Ting-Lu
|-supereffective|p2a: Ting-Lu
|-damage|p2a: Ting-Lu|34/100
|move|p2a: Ting-Lu|Earthquake|p1a: Armarouge
|-supereffective|p1a: Armarouge
|-damage|p1a: Armarouge|0 fnt
|faint|p1a: Armarouge
|
|-heal|p2a: Ting-Lu|40/100|[from] item: Leftovers
|upkeep
|
|t:|1760887753
|switch|p1a: Hawlucha|Hawlucha, F|96/100
|turn|12
|
|t:|1760887761
|switch|p2a: Corviknight|Corviknight, F|100/100
|-ability|p2a: Corviknight|Pressure
|move|p1a: Hawlucha|Acrobatics|p2a: Corviknight
|-resisted|p2a: Corviknight
|-damage|p2a: Corviknight|93/100
|-damage|p1a: Hawlucha|80/100|[from] item: Rocky Helmet|[of] p2a: Corviknight
|
|upkeep
|turn|13
|
|t:|1760887771
|switch|p1a: Indeedee|Indeedee, M|100/100
|-fieldstart|move: Psychic Terrain|[from] ability: Psychic Surge|[of] p1a: Indeedee
|move|p2a: Corviknight|U-turn|p1a: Indeedee
|-supereffective|p1a: Indeedee
|-damage|p1a: Indeedee|41/100
|
|t:|1760887777
|switch|p2a: Rillaboom|Rillaboom, M|100/100|[from] U-turn
|-fieldstart|move: Grassy Terrain|[from] ability: Grassy Surge|[of] p2a: Rillaboom
|
|-heal|p1a: Indeedee|47/100|[from] Grassy Terrain
|upkeep
|turn|14
|
|t:|1760887785
|switch|p1a: Hawlucha|Hawlucha, F|80/100
|move|p2a: Rillaboom|U-turn|p1a: Hawlucha
|-resisted|p1a: Hawlucha
|-damage|p1a: Hawlucha|71/100
|
|t:|1760887791
|switch|p2a: Corviknight|Corviknight, F|93/100|[from] U-turn
|-ability|p2a: Corviknight|Pressure
|
|upkeep
|turn|15
|
|t:|1760887797
|move|p1a: Hawlucha|Close Combat|p2a: Corviknight
|-damage|p2a: Corviknight|61/100
|-unboost|p1a: Hawlucha|def|1
|-unboost|p1a: Hawlucha|spd|1
|-damage|p1a: Hawlucha|54/100|[from] item: Rocky Helmet|[of] p2a: Corviknight
|move|p2a: Corviknight|U-turn|p1a: Hawlucha
|-resisted|p1a: Hawlucha
|-damage|p1a: Hawlucha|47/100
|
|t:|1760887809
|switch|p2a: Ting-Lu|Ting-Lu|40/100|[from] U-turn
|-ability|p2a: Ting-Lu|Vessel of Ruin
|
|-heal|p2a: Ting-Lu|46/100|[from] Grassy Terrain
|-heal|p2a: Ting-Lu|53/100|[from] item: Leftovers
|upkeep
|turn|16
|
|t:|1760887819
|-terastallize|p2a: Ting-Lu|Ghost
|move|p1a: Hawlucha|Close Combat|p2a: Ting-Lu
|-immune|p2a: Ting-Lu
|move|p2a: Ting-Lu|Stealth Rock|p1a: Hawlucha
|-sidestart|p1: nickolucky|move: Stealth Rock
|
|-heal|p2a: Ting-Lu|59/100|[from] Grassy Terrain
|-heal|p2a: Ting-Lu|65/100|[from] item: Leftovers
|upkeep
|turn|17
|
|t:|1760887832
|switch|p1a: Maushold|Maushold-Four|100/100
|-damage|p1a: Maushold|88/100|[from] Stealth Rock
|switch|p2a: Corviknight|Corviknight, F|61/100
|-ability|p2a: Corviknight|Pressure
|
|-heal|p1a: Maushold|94/100|[from] Grassy Terrain
|-fieldend|move: Grassy Terrain
|upkeep
|turn|18
|
|t:|1760887844
|move|p1a: Maushold|Tidy Up|p1a: Maushold
|-sideend|p1: nickolucky|Stealth Rock
|-activate|p1a: Maushold|move: Tidy Up
|-boost|p1a: Maushold|atk|1
|-boost|p1a: Maushold|spe|1
|move|p2a: Corviknight|Roost|p2a: Corviknight
|-heal|p2a: Corviknight|100/100
|-singleturn|p2a: Corviknight|move: Roost
|
|upkeep
|turn|19
|
|t:|1760887853
|move|p1a: Maushold|Tidy Up|p1a: Maushold
|-boost|p1a: Maushold|atk|1
|-boost|p1a: Maushold|spe|1
|move|p2a: Corviknight|Brave Bird|p1a: Maushold
|-damage|p1a: Maushold|38/100
|-damage|p2a: Corviknight|87/100|[from] Recoil
|
|upkeep
|turn|20
|
|t:|1760887861
|move|p1a: Maushold|Population Bomb|p2a: Corviknight
|-resisted|p2a: Corviknight
|-damage|p2a: Corviknight|80/100
|-damage|p1a: Maushold|22/100|[from] item: Rocky Helmet|[of] p2a: Corviknight
|-resisted|p2a: Corviknight
|-damage|p2a: Corviknight|73/100
|-damage|p1a: Maushold|5/100|[from] item: Rocky Helmet|[of] p2a: Corviknight
|-resisted|p2a: Corviknight
|-damage|p2a: Corviknight|67/100
|-damage|p1a: Maushold|0 fnt|[from] item: Rocky Helmet|[of] p2a: Corviknight
|faint|p1a: Maushold
|-hitcount|p2a: Corviknight|3
|move|p2a: Corviknight|Brave Bird|p1: Maushold|[notarget]
|-fail|p2a: Corviknight
|
|upkeep
|
|t:|1760887868
|switch|p1a: Hawlucha|Hawlucha, F|47/100
|turn|21
|
|t:|1760887878
|move|p1a: Hawlucha|Close Combat|p2a: Corviknight
|-damage|p2a: Corviknight|31/100
|-unboost|p1a: Hawlucha|def|1
|-unboost|p1a: Hawlucha|spd|1
|-damage|p1a: Hawlucha|31/100|[from] item: Rocky Helmet|[of] p2a: Corviknight
|move|p2a: Corviknight|Roost|p2a: Corviknight
|-heal|p2a: Corviknight|81/100
|-singleturn|p2a: Corviknight|move: Roost
|
|upkeep
|turn|22
|
|t:|1760887888
|switch|p1a: Polteageist|Polteageist-Antique|3/100
|move|p2a: Corviknight|Roost|p2a: Corviknight
|-heal|p2a: Corviknight|100/100
|-singleturn|p2a: Corviknight|move: Roost
|
|upkeep
|turn|23
|-message|nickolucky forfeited.
|
|win|roll&shoot
|raw|nickolucky's rating: 1483 &rarr; <strong>1464</strong><br />(-19 for losing)
|raw|roll&amp;shoot's rating: 1495 &rarr; <strong>1514</strong><br />(+19 for winning)
|l|☆nickolucky
|player|p1|
|l|☆roll&shoot
|player|p2|
