|j|☆i win 99.9%
|j|☆Genius au
|t:|1760766077
|gametype|singles
|player|p1|i win 99.9%|169|1138
|player|p2|Genius au|youngster-gen4dp|1125
|gen|9
|tier|[Gen 9] OU
|rated|
|rule|HP Percentage Mod: HP is shown in percentages
|rule|Endless Battle Clause: Forcing endless battles is banned
|rule|Species Clause: Limit one of each Pokémon
|rule|OHKO Clause: OHKO moves are banned
|rule|Evasion Items Clause: Evasion items are banned
|rule|Evasion Moves Clause: Evasion moves are banned
|rule|Evasion Abilities Clause: Evasion abilities are banned
|rule|Sleep Moves Clause: Sleep-inducing moves are banned
|clearpoke
|poke|p1|Iron Moth|
|poke|p1|Dondozo, M|
|poke|p1|Polteageist|
|poke|p1|Serperior, F|
|poke|p1|Hoopa-Unbound|
|poke|p1|Raging Bolt|
|poke|p2|Hitmonlee, M|
|poke|p2|Volcanion|
|poke|p2|Trevenant, F|
|poke|p2|Skeledirge, M|
|poke|p2|Heracross, F|
|poke|p2|Shiftry, F|
|teampreview
|inactive|Battle timer is ON: inactive players will automatically lose when time's up. (requested by i win 99.9%)
|
|t:|1760766085
|teamsize|p1|6
|teamsize|p2|6
|start
|switch|p1a: Serperior|Serperior, F|100/100
|switch|p2a: Shiftry|Shiftry, F|100/100
|turn|1
|
|t:|1760766089
|move|p1a: Serperior|Substitute|p1a: Serperior
|-start|p1a: Serperior|Substitute
|-damage|p1a: Serperior|75/100
|move|p2a: Shiftry|Tailwind|p2a: Shiftry
|-sidestart|p2: Genius au|move: Tailwind
|-ability|p2a: Shiftry|Wind Rider|boost
|-boost|p2a: Shiftry|atk|1
|
|upkeep
|turn|2
|
|t:|1760766097
|switch|p2a: Skeledirge|Skeledirge, M|100/100
|-terastallize|p1a: Serperior|Stellar
|move|p1a: Serperior|Tera Blast|p2a: Skeledirge|[anim] Tera Blast Stellar
|-damage|p2a: Skeledirge|79/100
|-boost|p1a: Serperior|atk|1
|-boost|p1a: Serperior|spa|1
|
|upkeep
|turn|3
|
|t:|1760766109
|move|p1a: Serperior|Leech Seed|p2a: Skeledirge
|-start|p2a: Skeledirge|move: Leech Seed
|move|p2a: Skeledirge|Torch Song|p1a: Serperior
|-supereffective|p1a: Serperior
|-damage|p1a: Serperior|8/100
|-boost|p2a: Skeledirge|spa|1
|-heal|p2a: Skeledirge|85/100|[from] item: Shell Bell|[of] p1a: Serperior
|
|-damage|p2a: Skeledirge|72/100|[from] Leech Seed|[of] p1a: Serperior
|-heal|p1a: Serperior|25/100|[silent]
|upkeep
|turn|4
|
|t:|1760766121
|move|p1a: Serperior|Tera Blast|p2a: Skeledirge|[anim] Tera Blast Stellar
|-damage|p2a: Skeledirge|54/100
|-boost|p1a: Serperior|atk|1
|-boost|p1a: Serperior|spa|1
|move|p2a: Skeledirge|Torch Song|p1a: Serperior
|-supereffective|p1a: Serperior
|-damage|p1a: Serperior|0 fnt
|-boost|p2a: Skeledirge|spa|1
|faint|p1a: Serperior
|-heal|p2a: Skeledirge|56/100|[from] item: Shell Bell|[of] p1: Serperior
|
|-sideend|p2: Genius au|move: Tailwind
|upkeep
|
|t:|1760766126
|switch|p1a: Polteageist|Polteageist|100/100
|turn|5
|
|t:|1760766138
|move|p1a: Polteageist|Shadow Ball|p2a: Skeledirge
|-supereffective|p2a: Skeledirge
|-damage|p2a: Skeledirge|0 fnt
|faint|p2a: Skeledirge
|
|upkeep
|c|☆i win 99.9%|!dt torch song
|c| i win 99.9%|/raw <ul class="utilichart"><li class="result"><span class="col movenamecol"><a href="https://dex.pokemonshowdown.com/moves/torchsong">Torch Song</a></span> <span class="col typecol"><img src="//play.pokemonshowdown.com/sprites/types/Fire.png" alt="Fire" width="32" height="14"><img src="//play.pokemonshowdown.com/sprites/categories/Special.png" alt="Special" width="32" height="14"></span> <span class="col labelcol"><em>Power</em><br>80</span> <span class="col widelabelcol"><em>Accuracy</em><br>100%</span> <span class="col pplabelcol"><em>PP</em><br>16</span> <span class="col movedesccol">100% chance to raise the user's Sp. Atk by 1.</span> </li><li style="clear:both"></li></ul>
|c| i win 99.9%|/raw <font size="1"><font color="#686868">Priority:</font> 0&nbsp;|&ThickSpace;<font color="#686868">Gen:</font> 9&nbsp;|&ThickSpace;&#10003; Boosted by Sheer Force&nbsp;|&ThickSpace;&#10003; Sound&nbsp;|&ThickSpace;&#10003; Bypasses Substitutes&nbsp;|&ThickSpace;<font color="#686868">Z-Power:</font> 160&nbsp;|&ThickSpace;<font color="#686868">Target:</font> One Adjacent Pokémon</font>

|
|t:|1760766143
|switch|p2a: Heracross|Heracross, F|100/100
|turn|6
|
|t:|1760766153
|move|p2a: Heracross|Night Slash|p1a: Polteageist
|-supereffective|p1a: Polteageist
|-damage|p1a: Polteageist|11/100
|move|p1a: Polteageist|Shell Smash|p1a: Polteageist
|-unboost|p1a: Polteageist|def|1
|-unboost|p1a: Polteageist|spd|1
|-boost|p1a: Polteageist|atk|2
|-boost|p1a: Polteageist|spa|2
|-boost|p1a: Polteageist|spe|2
|-enditem|p1a: Polteageist|White Herb
|-clearnegativeboost|p1a: Polteageist|[silent]
|
|-status|p2a: Heracross|brn|[from] item: Flame Orb
|upkeep
|turn|7
|
|t:|1760766163
|move|p1a: Polteageist|Shadow Ball|p2a: Heracross
|-damage|p2a: Heracross|0 fnt
|faint|p2a: Heracross
|
|upkeep
|
|t:|1760766169
|switch|p2a: Shiftry|Shiftry, F|100/100
|turn|8
|
|t:|1760766175
|move|p1a: Polteageist|Shadow Ball|p2a: Shiftry
|-resisted|p2a: Shiftry
|-damage|p2a: Shiftry|32/100
|move|p2a: Shiftry|Tailwind|p2a: Shiftry
|-sidestart|p2: Genius au|move: Tailwind
|-ability|p2a: Shiftry|Wind Rider|boost
|-boost|p2a: Shiftry|atk|1
|
|upkeep
|turn|9
|
|t:|1760766183
|move|p2a: Shiftry|Knock Off|p1a: Polteageist
|-supereffective|p1a: Polteageist
|-damage|p1a: Polteageist|0 fnt
|faint|p1a: Polteageist
|
|upkeep
|
|t:|1760766186
|switch|p1a: Dondozo|Dondozo, M, shiny|100/100
|turn|10
|
|t:|1760766196
|move|p2a: Shiftry|Knock Off|p1a: Dondozo
|-damage|p1a: Dondozo|74/100
|-enditem|p1a: Dondozo|Leftovers|[from] move: Knock Off|[of] p2a: Shiftry
|move|p1a: Dondozo|Curse|p1a: Dondozo
|-unboost|p1a: Dondozo|spe|1
|-boost|p1a: Dondozo|atk|1
|-boost|p1a: Dondozo|def|1
|
|upkeep
|turn|11
|
|t:|1760766208
|switch|p2a: Trevenant|Trevenant, F|100/100
|move|p1a: Dondozo|Body Press|p2a: Trevenant
|-immune|p2a: Trevenant
|
|-sideend|p2: Genius au|move: Tailwind
|upkeep
|turn|12
|
|t:|1760766217
|move|p2a: Trevenant|Leech Seed|p1a: Dondozo
|-start|p1a: Dondozo|move: Leech Seed
|move|p1a: Dondozo|Outrage|p2a: Trevenant
|-damage|p2a: Trevenant|32/100
|-enditem|p2a: Trevenant|Sitrus Berry|[eat]
|-heal|p2a: Trevenant|57/100|[from] item: Sitrus Berry
|
|-damage|p1a: Dondozo|62/100|[from] Leech Seed|[of] p2a: Trevenant
|-heal|p2a: Trevenant|74/100|[silent]
|-item|p2a: Trevenant|Sitrus Berry|[from] ability: Harvest
|upkeep
|turn|13
|
|t:|1760766238
|move|p2a: Trevenant|Substitute|p2a: Trevenant
|-start|p2a: Trevenant|Substitute
|-damage|p2a: Trevenant|49/100
|-enditem|p2a: Trevenant|Sitrus Berry|[eat]
|-heal|p2a: Trevenant|74/100|[from] item: Sitrus Berry
|move|p1a: Dondozo|Outrage|p2a: Trevenant|[from] lockedmove
|-end|p2a: Trevenant|Substitute
|-start|p1a: Dondozo|confusion|[fatigue]
|
|-damage|p1a: Dondozo|50/100|[from] Leech Seed|[of] p2a: Trevenant
|-heal|p2a: Trevenant|90/100|[silent]
|-item|p2a: Trevenant|Sitrus Berry|[from] ability: Harvest
|upkeep
|turn|14
|
|t:|1760766250
|move|p2a: Trevenant|Substitute|p2a: Trevenant
|-start|p2a: Trevenant|Substitute
|-damage|p2a: Trevenant|65/100
|-activate|p1a: Dondozo|confusion
|move|p1a: Dondozo|Outrage|p2a: Trevenant
|-end|p2a: Trevenant|Substitute
|
|-damage|p1a: Dondozo|37/100|[from] Leech Seed|[of] p2a: Trevenant
|-heal|p2a: Trevenant|82/100|[silent]
|upkeep
|turn|15
|
|t:|1760766259
|move|p2a: Trevenant|Substitute|p2a: Trevenant
|-start|p2a: Trevenant|Substitute
|-damage|p2a: Trevenant|57/100
|-end|p1a: Dondozo|confusion
|move|p1a: Dondozo|Outrage|p2a: Trevenant|[from] lockedmove
|-end|p2a: Trevenant|Substitute
|-start|p1a: Dondozo|confusion|[fatigue]
|
|-damage|p1a: Dondozo|25/100|[from] Leech Seed|[of] p2a: Trevenant
|-heal|p2a: Trevenant|74/100|[silent]
|upkeep
|turn|16
|
|t:|1760766268
|switch|p1a: Hoopa|Hoopa-Unbound|100/100
|move|p2a: Trevenant|Substitute|p2a: Trevenant
|-start|p2a: Trevenant|Substitute
|-damage|p2a: Trevenant|49/100
|-enditem|p2a: Trevenant|Sitrus Berry|[eat]
|-heal|p2a: Trevenant|74/100|[from] item: Sitrus Berry
|
|-item|p2a: Trevenant|Sitrus Berry|[from] ability: Harvest
|upkeep
|turn|17
|
|t:|1760766284
|move|p1a: Hoopa|Hyperspace Fury|p2a: Trevenant
|-supereffective|p2a: Trevenant
|-damage|p2a: Trevenant|0 fnt
|-unboost|p1a: Hoopa|def|1
|faint|p2a: Trevenant
|
|upkeep
|
|t:|1760766291
|switch|p2a: Volcanion|Volcanion|100/100
|turn|18
|
|t:|1760766294
|move|p1a: Hoopa|Hyperspace Fury|p2a: Volcanion
|-damage|p2a: Volcanion|50/100
|-unboost|p1a: Hoopa|def|1
|move|p2a: Volcanion|Earth Power|p1a: Hoopa
|-damage|p1a: Hoopa|54/100
|
|upkeep
|turn|19
|
|t:|1760766302
|move|p1a: Hoopa|Hyperspace Fury|p2a: Volcanion
|-damage|p2a: Volcanion|0 fnt
|-unboost|p1a: Hoopa|def|1
|faint|p2a: Volcanion
|
|upkeep
|
|t:|1760766305
|switch|p2a: Hitmonlee|Hitmonlee, M|100/100
|turn|20
|
|t:|1760766311
|switch|p1a: Dondozo|Dondozo, M, shiny|25/100
|move|p2a: Hitmonlee|Endure||[still]
|-fail|p2a: Hitmonlee
|
|upkeep
|turn|21
|
|t:|1760766320
|move|p2a: Hitmonlee|Knock Off|p1a: Dondozo
|-damage|p1a: Dondozo|10/100
|move|p1a: Dondozo|Wave Crash|p2a: Hitmonlee
|-damage|p2a: Hitmonlee|0 fnt
|faint|p2a: Hitmonlee
|-damage|p1a: Dondozo|0 fnt|[from] Recoil
|faint|p1a: Dondozo
|
|upkeep
|
|t:|1760766330
|switch|p2a: Shiftry|Shiftry, F|32/100
|switch|p1a: Iron Moth|Iron Moth|100/100
|-enditem|p1a: Iron Moth|Booster Energy
|-activate|p1a: Iron Moth|ability: Quark Drive|[fromitem]
|-start|p1a: Iron Moth|quarkdrivespe
|turn|22
|-message|Genius au forfeited.
|
|win|i win 99.9%
|raw|i win 99.9%'s rating: 1138 &rarr; <strong>1162</strong><br />(+24 for winning)
|raw|Genius au's rating: 1125 &rarr; <strong>1101</strong><br />(-24 for losing)
|l|☆i win 99.9%
|player|p1|
|j|☆i win 99.9%
|player|p1|i win 99.9%|169|
