|j|☆sp240sx
|j|☆NoNSket
|t:|1760849929
|gametype|singles
|player|p1|sp240sx|blackbelt-gen4dp|1075
|player|p2|NoNSket|265|1138
|gen|9
|tier|[Gen 9] OU
|rated|
|rule|HP Percentage Mod: HP is shown in percentages
|rule|Endless Battle Clause: Forcing endless battles is banned
|rule|Species Clause: Limit one of each Pokémon
|rule|OHKO Clause: OHKO moves are banned
|rule|Evasion Items Clause: Evasion items are banned
|rule|Evasion Moves Clause: Evasion moves are banned
|rule|Evasion Abilities Clause: Evasion abilities are banned
|rule|Sleep Moves Clause: Sleep-inducing moves are banned
|clearpoke
|poke|p1|Great Tusk|
|poke|p1|Iron Valiant|
|poke|p1|Ceruledge, M|
|poke|p1|Rillaboom, M|
|poke|p1|Kingambit, F|
|poke|p1|Corviknight, M|
|poke|p2|Mimikyu, M|
|poke|p2|Venusaur, F|
|poke|p2|Skarmory, F|
|poke|p2|Electrode|
|poke|p2|Gyarados, F|
|poke|p2|Dugtrio, F|
|teampreview
|inactive|Battle timer is ON: inactive players will automatically lose when time's up. (requested by sp240sx)
|
|t:|1760849955
|teamsize|p1|6
|teamsize|p2|6
|start
|switch|p1a: Great Tusk|Great Tusk|100/100
|switch|p2a: Skarmory|Skarmory, F|100/100
|turn|1
|
|t:|1760849974
|move|p1a: Great Tusk|Stealth Rock|p2a: Skarmory
|-sidestart|p2: NoNSket|move: Stealth Rock
|move|p2a: Skarmory|Stealth Rock|p1a: Great Tusk
|-sidestart|p1: sp240sx|move: Stealth Rock
|
|upkeep
|turn|2
|
|t:|1760849980
|move|p1a: Great Tusk|Ice Spinner|p2a: Skarmory
|-damage|p2a: Skarmory|77/100
|-damage|p1a: Great Tusk|84/100|[from] item: Rocky Helmet|[of] p2a: Skarmory
|move|p2a: Skarmory|Iron Defense|p2a: Skarmory
|-boost|p2a: Skarmory|def|2
|
|upkeep
|turn|3
|
|t:|1760849999
|move|p1a: Great Tusk|Close Combat|p2a: Skarmory
|-damage|p2a: Skarmory|52/100
|-unboost|p1a: Great Tusk|def|1
|-unboost|p1a: Great Tusk|spd|1
|-damage|p1a: Great Tusk|68/100|[from] item: Rocky Helmet|[of] p2a: Skarmory
|move|p2a: Skarmory|Iron Defense|p2a: Skarmory
|-boost|p2a: Skarmory|def|2
|
|upkeep
|turn|4
|
|t:|1760850011
|-end|p1a: Great Tusk|Protosynthesis|[silent]
|switch|p1a: Corviknight|Corviknight, M|100/100
|-damage|p1a: Corviknight|88/100|[from] Stealth Rock
|-ability|p1a: Corviknight|Pressure
|move|p2a: Skarmory|Roost|p2a: Skarmory
|-heal|p2a: Skarmory|100/100
|-singleturn|p2a: Skarmory|move: Roost
|
|upkeep
|turn|5
|
|t:|1760850024
|move|p2a: Skarmory|Body Press|p1a: Corviknight
|-damage|p1a: Corviknight|27/100
|-damage|p2a: Skarmory|84/100|[from] item: Rocky Helmet|[of] p1a: Corviknight
|move|p1a: Corviknight|Defog|p2a: Skarmory
|-unboost|p2a: Skarmory|evasion|1
|-sideend|p2: NoNSket|Stealth Rock|[from] move: Defog|[of] p1a: Corviknight
|-sideend|p1: sp240sx|Stealth Rock|[from] move: Defog|[of] p1a: Corviknight
|
|upkeep
|turn|6
|inactive|sp240sx has 120 seconds left.
|
|t:|1760850050
|switch|p1a: Iron Valiant|Iron Valiant|100/100
|move|p2a: Skarmory|Body Press|p1a: Iron Valiant
|-resisted|p1a: Iron Valiant
|-damage|p1a: Iron Valiant|52/100
|
|upkeep
|turn|7
|inactive|sp240sx has 120 seconds left.
|
|t:|1760850062
|move|p1a: Iron Valiant|Shadow Ball|p2a: Skarmory
|-damage|p2a: Skarmory|58/100
|move|p2a: Skarmory|Stealth Rock|p1a: Iron Valiant
|-sidestart|p1: sp240sx|move: Stealth Rock
|
|upkeep
|turn|8
|
|t:|1760850068
|move|p1a: Iron Valiant|Encore|p2a: Skarmory
|-start|p2a: Skarmory|Encore
|move|p2a: Skarmory|Stealth Rock||[still]
|-fail|p2a: Skarmory
|
|upkeep
|turn|9
|
|t:|1760850074
|move|p1a: Iron Valiant|Calm Mind|p1a: Iron Valiant
|-boost|p1a: Iron Valiant|spa|1
|-boost|p1a: Iron Valiant|spd|1
|move|p2a: Skarmory|Stealth Rock||[still]
|-fail|p2a: Skarmory
|
|upkeep
|turn|10
|
|t:|1760850084
|move|p1a: Iron Valiant|Shadow Ball|p2a: Skarmory
|-damage|p2a: Skarmory|19/100
|move|p2a: Skarmory|Stealth Rock||[still]
|-fail|p2a: Skarmory
|
|-end|p2a: Skarmory|Encore
|upkeep
|turn|11
|
|t:|1760850092
|move|p1a: Iron Valiant|Shadow Ball|p2a: Skarmory
|-damage|p2a: Skarmory|0 fnt
|faint|p2a: Skarmory
|
|upkeep
|
|t:|1760850106
|switch|p2a: Venusaur|Venusaur, F|100/100
|turn|12
|
|t:|1760850121
|-end|p1a: Iron Valiant|Quark Drive|[silent]
|switch|p1a: Corviknight|Corviknight, M|27/100
|-damage|p1a: Corviknight|15/100|[from] Stealth Rock
|-ability|p1a: Corviknight|Pressure
|move|p2a: Venusaur|Sludge Bomb|p1a: Corviknight
|-immune|p1a: Corviknight
|
|upkeep
|turn|13
|
|t:|1760850132
|-terastallize|p2a: Venusaur|Dragon
|move|p2a: Venusaur|Giga Drain|p1a: Corviknight
|-resisted|p1a: Corviknight
|-damage|p1a: Corviknight|8/100
|move|p1a: Corviknight|Roost|p1a: Corviknight
|-heal|p1a: Corviknight|58/100
|-singleturn|p1a: Corviknight|move: Roost
|
|upkeep
|turn|14
|
|t:|1760850149
|move|p2a: Venusaur|Leech Seed|p1a: Corviknight
|-start|p1a: Corviknight|move: Leech Seed
|move|p1a: Corviknight|Defog|p2a: Venusaur
|-unboost|p2a: Venusaur|evasion|1
|-sideend|p1: sp240sx|Stealth Rock|[from] move: Defog|[of] p1a: Corviknight
|
|-damage|p1a: Corviknight|45/100|[from] Leech Seed|[of] p2a: Venusaur
|upkeep
|turn|15
|
|t:|1760850161
|switch|p1a: Rillaboom|Rillaboom, M|100/100
|-fieldstart|move: Grassy Terrain|[from] ability: Grassy Surge|[of] p1a: Rillaboom
|move|p2a: Venusaur|Leech Seed|p1a: Rillaboom
|-immune|p1a: Rillaboom
|
|upkeep
|turn|16
|
|t:|1760850184
|move|p1a: Rillaboom|U-turn|p2a: Venusaur
|-damage|p2a: Venusaur|77/100
|
|t:|1760850187
|switch|p1a: Iron Valiant|Iron Valiant|52/100|[from] U-turn
|move|p2a: Venusaur|Sludge Bomb|p1a: Iron Valiant
|-supereffective|p1a: Iron Valiant
|-damage|p1a: Iron Valiant|0 fnt
|faint|p1a: Iron Valiant
|-end|p1a: Iron Valiant|Quark Drive|[silent]
|
|-heal|p2a: Venusaur|83/100|[from] Grassy Terrain
|-heal|p2a: Venusaur|89/100|[from] item: Leftovers
|upkeep
|inactive|sp240sx has 120 seconds left.
|
|t:|1760850215
|switch|p1a: Great Tusk|Great Tusk|68/100
|turn|17
|
|t:|1760850224
|move|p1a: Great Tusk|Ice Spinner|p2a: Venusaur
|-supereffective|p2a: Venusaur
|-damage|p2a: Venusaur|24/100
|-fieldend|move: Grassy Terrain
|move|p2a: Venusaur|Giga Drain|p1a: Great Tusk
|-supereffective|p1a: Great Tusk
|-damage|p1a: Great Tusk|0 fnt
|-heal|p2a: Venusaur|58/100|[from] drain|[of] p1a: Great Tusk
|faint|p1a: Great Tusk
|-end|p1a: Great Tusk|Protosynthesis|[silent]
|
|-heal|p2a: Venusaur|64/100|[from] item: Leftovers
|upkeep
|inactive|sp240sx has 120 seconds left.
|inactive|sp240sx has 90 seconds left.
|
|t:|1760850266
|switch|p1a: Corviknight|Corviknight, M|45/100
|-ability|p1a: Corviknight|Pressure
|turn|18
|inactive|sp240sx has 90 seconds left.
|
|t:|1760850271
|move|p2a: Venusaur|Leech Seed|p1a: Corviknight
|-start|p1a: Corviknight|move: Leech Seed
|move|p1a: Corviknight|Roost|p1a: Corviknight
|-heal|p1a: Corviknight|95/100
|-singleturn|p1a: Corviknight|move: Roost
|
|-heal|p2a: Venusaur|70/100|[from] item: Leftovers
|-damage|p1a: Corviknight|83/100|[from] Leech Seed|[of] p2a: Venusaur
|-heal|p2a: Venusaur|82/100|[silent]
|upkeep
|turn|19
|inactive|sp240sx has 90 seconds left.
|
|t:|1760850292
|move|p2a: Venusaur|Giga Drain|p1a: Corviknight
|-resisted|p1a: Corviknight
|-damage|p1a: Corviknight|75/100
|-heal|p2a: Venusaur|85/100|[from] drain|[of] p1a: Corviknight
|move|p1a: Corviknight|Brave Bird|p2a: Venusaur
|-damage|p2a: Venusaur|39/100
|-damage|p1a: Corviknight|59/100|[from] Recoil
|
|-heal|p2a: Venusaur|45/100|[from] item: Leftovers
|-damage|p1a: Corviknight|46/100|[from] Leech Seed|[of] p2a: Venusaur
|-heal|p2a: Venusaur|57/100|[silent]
|upkeep
|turn|20
|
|t:|1760850305
|move|p2a: Venusaur|Giga Drain|p1a: Corviknight
|-resisted|p1a: Corviknight
|-damage|p1a: Corviknight|39/100
|-heal|p2a: Venusaur|60/100|[from] drain|[of] p1a: Corviknight
|move|p1a: Corviknight|Roost|p1a: Corviknight
|-heal|p1a: Corviknight|89/100
|-singleturn|p1a: Corviknight|move: Roost
|
|-heal|p2a: Venusaur|66/100|[from] item: Leftovers
|-damage|p1a: Corviknight|76/100|[from] Leech Seed|[of] p2a: Venusaur
|-heal|p2a: Venusaur|78/100|[silent]
|upkeep
|turn|21
|
|t:|1760850319
|move|p2a: Venusaur|Giga Drain|p1a: Corviknight
|-resisted|p1a: Corviknight
|-damage|p1a: Corviknight|68/100
|-heal|p2a: Venusaur|82/100|[from] drain|[of] p1a: Corviknight
|move|p1a: Corviknight|Brave Bird|p2a: Venusaur
|-damage|p2a: Venusaur|38/100
|-damage|p1a: Corviknight|53/100|[from] Recoil
|
|-heal|p2a: Venusaur|44/100|[from] item: Leftovers
|-damage|p1a: Corviknight|40/100|[from] Leech Seed|[of] p2a: Venusaur
|-heal|p2a: Venusaur|55/100|[silent]
|upkeep
|turn|22
|
|t:|1760850331
|move|p2a: Venusaur|Giga Drain|p1a: Corviknight
|-resisted|p1a: Corviknight
|-damage|p1a: Corviknight|32/100
|-heal|p2a: Venusaur|59/100|[from] drain|[of] p1a: Corviknight
|move|p1a: Corviknight|Roost|p1a: Corviknight
|-heal|p1a: Corviknight|82/100
|-singleturn|p1a: Corviknight|move: Roost
|
|-heal|p2a: Venusaur|65/100|[from] item: Leftovers
|-damage|p1a: Corviknight|70/100|[from] Leech Seed|[of] p2a: Venusaur
|-heal|p2a: Venusaur|76/100|[silent]
|upkeep
|turn|23
|
|t:|1760850355
|switch|p1a: Ceruledge|Ceruledge, M|100/100
|move|p2a: Venusaur|Giga Drain|p1a: Ceruledge
|-resisted|p1a: Ceruledge
|-damage|p1a: Ceruledge|79/100
|-heal|p2a: Venusaur|85/100|[from] drain|[of] p1a: Ceruledge
|
|-heal|p1a: Ceruledge|85/100|[from] item: Leftovers
|-heal|p2a: Venusaur|91/100|[from] item: Leftovers
|upkeep
|turn|24
|
|t:|1760850373
|move|p1a: Ceruledge|Bitter Blade|p2a: Venusaur
|-resisted|p2a: Venusaur
|-damage|p2a: Venusaur|68/100
|-heal|p1a: Ceruledge|99/100|[from] drain|[of] p2a: Venusaur
|move|p2a: Venusaur|Leech Seed|p1a: Ceruledge
|-start|p1a: Ceruledge|move: Leech Seed
|
|-heal|p1a: Ceruledge|100/100|[from] item: Leftovers
|-heal|p2a: Venusaur|74/100|[from] item: Leftovers
|-damage|p1a: Ceruledge|88/100|[from] Leech Seed|[of] p2a: Venusaur
|-heal|p2a: Venusaur|84/100|[silent]
|upkeep
|turn|25
|
|t:|1760850385
|switch|p1a: Corviknight|Corviknight, M|70/100
|-ability|p1a: Corviknight|Pressure
|move|p2a: Venusaur|Sludge Bomb|p1a: Corviknight
|-immune|p1a: Corviknight
|
|-heal|p2a: Venusaur|90/100|[from] item: Leftovers
|upkeep
|turn|26
|
|t:|1760850395
|move|p2a: Venusaur|Leech Seed|p1a: Corviknight
|-start|p1a: Corviknight|move: Leech Seed
|move|p1a: Corviknight|Brave Bird|p2a: Venusaur
|-damage|p2a: Venusaur|46/100
|-damage|p1a: Corviknight|55/100|[from] Recoil
|
|-heal|p2a: Venusaur|52/100|[from] item: Leftovers
|-damage|p1a: Corviknight|42/100|[from] Leech Seed|[of] p2a: Venusaur
|-heal|p2a: Venusaur|64/100|[silent]
|upkeep
|turn|27
|
|t:|1760850405
|switch|p1a: Ceruledge|Ceruledge, M|88/100
|move|p2a: Venusaur|Giga Drain|p1a: Ceruledge
|-resisted|p1a: Ceruledge
|-damage|p1a: Ceruledge|66/100
|-heal|p2a: Venusaur|73/100|[from] drain|[of] p1a: Ceruledge
|
|-heal|p1a: Ceruledge|72/100|[from] item: Leftovers
|-heal|p2a: Venusaur|79/100|[from] item: Leftovers
|upkeep
|turn|28
|
|t:|1760850425
|switch|p1a: Corviknight|Corviknight, M|42/100
|-ability|p1a: Corviknight|Pressure
|move|p2a: Venusaur|Leech Seed|p1a: Corviknight
|-start|p1a: Corviknight|move: Leech Seed
|
|-heal|p2a: Venusaur|85/100|[from] item: Leftovers
|-damage|p1a: Corviknight|30/100|[from] Leech Seed|[of] p2a: Venusaur
|-heal|p2a: Venusaur|96/100|[silent]
|upkeep
|turn|29
|
|t:|1760850438
|move|p2a: Venusaur|Giga Drain|p1a: Corviknight
|-resisted|p1a: Corviknight
|-damage|p1a: Corviknight|22/100
|-heal|p2a: Venusaur|99/100|[from] drain|[of] p1a: Corviknight
|move|p1a: Corviknight|Roost|p1a: Corviknight
|-heal|p1a: Corviknight|72/100
|-singleturn|p1a: Corviknight|move: Roost
|
|-heal|p2a: Venusaur|100/100|[from] item: Leftovers
|-damage|p1a: Corviknight|59/100|[from] Leech Seed|[of] p2a: Venusaur
|upkeep
|turn|30
|inactive|sp240sx has 60 seconds left.
|
|t:|1760850455
|switch|p1a: Kingambit|Kingambit, F|100/100
|-activate|p1a: Kingambit|ability: Supreme Overlord
|-start|p1a: Kingambit|fallen2|[silent]
|move|p2a: Venusaur|Giga Drain|p1a: Kingambit
|-resisted|p1a: Kingambit
|-damage|p1a: Kingambit|84/100
|
|upkeep
|turn|31
|inactive|sp240sx has 60 seconds left.
|
|t:|1760850467
|move|p2a: Venusaur|Leech Seed|p1a: Kingambit
|-start|p1a: Kingambit|move: Leech Seed
|move|p1a: Kingambit|Swords Dance|p1a: Kingambit
|-boost|p1a: Kingambit|atk|2
|
|-damage|p1a: Kingambit|72/100|[from] Leech Seed|[of] p2a: Venusaur
|upkeep
|turn|32
|
|t:|1760850487
|switch|p2a: Mimikyu|Mimikyu, M|100/100
|move|p1a: Kingambit|Kowtow Cleave|p2a: Mimikyu
|-activate|p2a: Mimikyu|ability: Disguise
|-damage|p2a: Mimikyu|100/100
|detailschange|p2a: Mimikyu|Mimikyu-Busted, M
|-damage|p2a: Mimikyu|88/100|[from] pokemon: Mimikyu-Busted
|
|-heal|p2a: Mimikyu|94/100|[from] item: Leftovers
|-damage|p1a: Kingambit|59/100|[from] Leech Seed|[of] p2a: Mimikyu
|-heal|p2a: Mimikyu|100/100|[silent]
|upkeep
|turn|33
|inactive|sp240sx has 60 seconds left.
|
|t:|1760850506
|-end|p1a: Kingambit|fallen2|[silent]
|switch|p1a: Ceruledge|Ceruledge, M|72/100
|move|p2a: Mimikyu|Drain Punch|p1a: Ceruledge
|-immune|p1a: Ceruledge
|
|-heal|p1a: Ceruledge|79/100|[from] item: Leftovers
|upkeep
|turn|34
|inactive|sp240sx has 60 seconds left.
|
|t:|1760850522
|move|p2a: Mimikyu|Shadow Claw|p1a: Ceruledge
|-supereffective|p1a: Ceruledge
|-damage|p1a: Ceruledge|4/100
|move|p1a: Ceruledge|Bitter Blade|p2a: Mimikyu
|-damage|p2a: Mimikyu|23/100
|-heal|p1a: Ceruledge|37/100|[from] drain|[of] p2a: Mimikyu
|
|-heal|p2a: Mimikyu|29/100|[from] item: Leftovers
|-heal|p1a: Ceruledge|43/100|[from] item: Leftovers
|upkeep
|turn|35
|inactive|sp240sx has 60 seconds left.
|
|t:|1760850538
|move|p1a: Ceruledge|Shadow Sneak|p2a: Mimikyu
|-supereffective|p2a: Mimikyu
|-damage|p2a: Mimikyu|0 fnt
|faint|p2a: Mimikyu
|
|-heal|p1a: Ceruledge|50/100|[from] item: Leftovers
|upkeep
|
|t:|1760850541
|switch|p2a: Gyarados|Gyarados, F|100/100
|-ability|p2a: Gyarados|Intimidate|boost
|-unboost|p1a: Ceruledge|atk|1
|turn|36
|
|t:|1760850550
|switch|p1a: Rillaboom|Rillaboom, M|100/100
|-fieldstart|move: Grassy Terrain|[from] ability: Grassy Surge|[of] p1a: Rillaboom
|move|p2a: Gyarados|Dragon Dance|p2a: Gyarados
|-boost|p2a: Gyarados|atk|1
|-boost|p2a: Gyarados|spe|1
|
|upkeep
|turn|37
|inactive|sp240sx has 60 seconds left.
|
|t:|1760850569
|move|p1a: Rillaboom|Fake Out|p2a: Gyarados
|-damage|p2a: Gyarados|84/100
|cant|p2a: Gyarados|flinch
|
|-heal|p2a: Gyarados|90/100|[from] item: Leftovers
|upkeep
|turn|38
|inactive|sp240sx has 60 seconds left.
|
|t:|1760850579
|move|p2a: Gyarados|Body Slam|p1a: Rillaboom
|-damage|p1a: Rillaboom|59/100
|-status|p1a: Rillaboom|par
|move|p1a: Rillaboom|Knock Off|p2a: Gyarados
|-damage|p2a: Gyarados|53/100
|-enditem|p2a: Gyarados|Leftovers|[from] move: Knock Off|[of] p1a: Rillaboom
|
|-heal|p1a: Rillaboom|65/100 par|[from] Grassy Terrain
|upkeep
|turn|39
|inactive|sp240sx has 60 seconds left.
|
|t:|1760850595
|move|p1a: Rillaboom|Grassy Glide|p2a: Gyarados
|-damage|p2a: Gyarados|11/100
|move|p2a: Gyarados|Dragon Dance|p2a: Gyarados
|-boost|p2a: Gyarados|atk|1
|-boost|p2a: Gyarados|spe|1
|
|-heal|p1a: Rillaboom|71/100 par|[from] Grassy Terrain
|upkeep
|turn|40
|inactive|sp240sx has 60 seconds left.
|
|t:|1760850604
|move|p1a: Rillaboom|Grassy Glide|p2a: Gyarados
|-damage|p2a: Gyarados|0 fnt
|faint|p2a: Gyarados
|
|-heal|p1a: Rillaboom|77/100 par|[from] Grassy Terrain
|-fieldend|move: Grassy Terrain
|upkeep
|
|t:|1760850609
|switch|p2a: Venusaur|Venusaur, F, tera:Dragon|100/100
|turn|41
|
|t:|1760850621
|switch|p1a: Corviknight|Corviknight, M|59/100
|-ability|p1a: Corviknight|Pressure
|move|p2a: Venusaur|Leech Seed|p1a: Corviknight
|-start|p1a: Corviknight|move: Leech Seed
|
|-damage|p1a: Corviknight|47/100|[from] Leech Seed|[of] p2a: Venusaur
|upkeep
|turn|42
|
|t:|1760850632
|switch|p2a: Dugtrio|Dugtrio, F|100/100
|move|p1a: Corviknight|Roost|p1a: Corviknight
|-heal|p1a: Corviknight|97/100
|-singleturn|p1a: Corviknight|move: Roost
|
|-damage|p1a: Corviknight|84/100|[from] Leech Seed|[of] p2a: Dugtrio
|upkeep
|turn|43
|
|t:|1760850644
|switch|p1a: Rillaboom|Rillaboom, M|77/100 par
|-fieldstart|move: Grassy Terrain|[from] ability: Grassy Surge|[of] p1a: Rillaboom
|move|p2a: Dugtrio|Curse|p2a: Dugtrio
|-unboost|p2a: Dugtrio|spe|1
|-boost|p2a: Dugtrio|atk|1
|-boost|p2a: Dugtrio|def|1
|
|-heal|p1a: Rillaboom|84/100 par|[from] Grassy Terrain
|upkeep
|turn|44
|inactive|sp240sx has 60 seconds left.
|
|t:|1760850660
|switch|p2a: Venusaur|Venusaur, F, tera:Dragon|100/100
|move|p1a: Rillaboom|Fake Out|p2a: Venusaur
|-damage|p2a: Venusaur|86/100
|
|-heal|p2a: Venusaur|92/100|[from] Grassy Terrain
|-heal|p2a: Venusaur|98/100|[from] item: Leftovers
|-heal|p1a: Rillaboom|90/100 par|[from] Grassy Terrain
|upkeep
|turn|45
|inactive|sp240sx has 60 seconds left.
|
|t:|1760850676
|move|p2a: Venusaur|Leech Seed|p1a: Rillaboom
|-immune|p1a: Rillaboom
|move|p1a: Rillaboom|Knock Off|p2a: Venusaur
|-damage|p2a: Venusaur|63/100
|-enditem|p2a: Venusaur|Leftovers|[from] move: Knock Off|[of] p1a: Rillaboom
|
|-heal|p2a: Venusaur|69/100|[from] Grassy Terrain
|-heal|p1a: Rillaboom|96/100 par|[from] Grassy Terrain
|upkeep
|turn|46
|inactive|sp240sx has 60 seconds left.
|
|t:|1760850688
|move|p2a: Venusaur|Sludge Bomb|p1a: Rillaboom
|-supereffective|p1a: Rillaboom
|-damage|p1a: Rillaboom|43/100 par
|move|p1a: Rillaboom|U-turn|p2a: Venusaur
|-damage|p2a: Venusaur|47/100
|
|t:|1760850695
|switch|p1a: Corviknight|Corviknight, M|84/100|[from] U-turn
|-ability|p1a: Corviknight|Pressure
|
|-heal|p2a: Venusaur|53/100|[from] Grassy Terrain
|upkeep
|turn|47
|inactive|sp240sx has 60 seconds left.
|
|t:|1760850705
|move|p2a: Venusaur|Leech Seed|p1a: Corviknight|[miss]
|-miss|p2a: Venusaur|p1a: Corviknight
|move|p1a: Corviknight|Brave Bird|p2a: Venusaur
|-damage|p2a: Venusaur|10/100
|-damage|p1a: Corviknight|69/100|[from] Recoil
|
|-heal|p2a: Venusaur|16/100|[from] Grassy Terrain
|-fieldend|move: Grassy Terrain
|upkeep
|turn|48
|inactive|sp240sx has 60 seconds left.
|
|t:|1760850715
|move|p2a: Venusaur|Leaf Storm|p1a: Corviknight
|-resisted|p1a: Corviknight
|-damage|p1a: Corviknight|48/100
|-unboost|p2a: Venusaur|spa|2
|move|p1a: Corviknight|Brave Bird|p2a: Venusaur
|-damage|p2a: Venusaur|0 fnt
|faint|p2a: Venusaur
|-damage|p1a: Corviknight|43/100|[from] Recoil
|
|upkeep
|
|t:|1760850719
|switch|p2a: Electrode|Electrode|100/100
|turn|49
|inactive|sp240sx has 60 seconds left.
|
|t:|1760850734
|move|p2a: Electrode|Charge Beam|p1a: Corviknight|[miss]
|-miss|p2a: Electrode|p1a: Corviknight
|move|p1a: Corviknight|U-turn|p2a: Electrode
|-damage|p2a: Electrode|72/100
|-status|p1a: Corviknight|par|[from] ability: Static|[of] p2a: Electrode
|inactive|sp240sx has 60 seconds left.
|
|t:|1760850741
|switch|p1a: Rillaboom|Rillaboom, M|43/100 par|[from] U-turn
|-fieldstart|move: Grassy Terrain|[from] ability: Grassy Surge|[of] p1a: Rillaboom
|
|-heal|p2a: Electrode|78/100|[from] Grassy Terrain
|-heal|p1a: Rillaboom|49/100 par|[from] Grassy Terrain
|upkeep
|turn|50
|inactive|sp240sx has 60 seconds left.
|
|t:|1760850754
|move|p1a: Rillaboom|Fake Out|p2a: Electrode
|-damage|p2a: Electrode|55/100
|cant|p2a: Electrode|flinch
|
|-heal|p2a: Electrode|61/100|[from] Grassy Terrain
|-heal|p1a: Rillaboom|55/100 par|[from] Grassy Terrain
|upkeep
|turn|51
|
|t:|1760850762
|move|p1a: Rillaboom|Grassy Glide|p2a: Electrode
|-damage|p2a: Electrode|3/100
|move|p2a: Electrode|Charge Beam|p1a: Rillaboom
|-resisted|p1a: Rillaboom
|-damage|p1a: Rillaboom|48/100 par
|-boost|p2a: Electrode|spa|1
|
|-heal|p2a: Electrode|9/100|[from] Grassy Terrain
|-heal|p1a: Rillaboom|55/100 par|[from] Grassy Terrain
|upkeep
|turn|52
|
|t:|1760850772
|move|p1a: Rillaboom|Grassy Glide|p2a: Electrode
|-damage|p2a: Electrode|0 fnt
|faint|p2a: Electrode
|
|-heal|p1a: Rillaboom|61/100 par|[from] Grassy Terrain
|upkeep
|
|t:|1760850775
|switch|p2a: Dugtrio|Dugtrio, F|100/100
|turn|53
|
|t:|1760850787
|move|p1a: Rillaboom|Grassy Glide|p2a: Dugtrio
|-supereffective|p2a: Dugtrio
|-damage|p2a: Dugtrio|0 fnt
|faint|p2a: Dugtrio
|
|win|sp240sx
|raw|sp240sx's rating: 1075 &rarr; <strong>1109</strong><br />(+34 for winning)
|raw|NoNSket's rating: 1138 &rarr; <strong>1109</strong><br />(-29 for losing)
|l|☆NoNSket
|player|p2|
|l|☆sp240sx
|player|p1|
