|j|☆axcen
|j|☆luca1996
|t:|1760735941
|gametype|singles
|player|p1|axcen|palmer|1349
|player|p2|luca1996|boarder|1385
|gen|9
|tier|[Gen 9] OU
|rated|
|rule|HP Percentage Mod: HP is shown in percentages
|rule|Endless Battle Clause: Forcing endless battles is banned
|rule|Species Clause: Limit one of each Pokémon
|rule|OHKO Clause: OHKO moves are banned
|rule|Evasion Items Clause: Evasion items are banned
|rule|Evasion Moves Clause: Evasion moves are banned
|rule|Evasion Abilities Clause: Evasion abilities are banned
|rule|Sleep Moves Clause: Sleep-inducing moves are banned
|clearpoke
|poke|p1|Scizor, M|
|poke|p1|Lokix, M|
|poke|p1|Lycanroc-Dusk, F|
|poke|p1|Keldeo|
|poke|p1|Greninja-*, M|
|poke|p1|Staraptor, M|
|poke|p2|Gurdurr, F|
|poke|p2|Araquanid, M|
|poke|p2|Moltres-Galar|
|poke|p2|Entei|
|poke|p2|Great Tusk|
|poke|p2|Primarina, M|
|teampreview
|inactive|Battle timer is ON: inactive players will automatically lose when time's up. (requested by luca1996)
|
|t:|1760735966
|teamsize|p1|6
|teamsize|p2|6
|start
|switch|p1a: Staraptor|Staraptor, M|100/100
|switch|p2a: Araquanid|Araquanid, M|100/100
|-ability|p1a: Staraptor|Intimidate|boost
|-unboost|p2a: Araquanid|atk|1
|turn|1
|
|t:|1760735986
|move|p1a: Staraptor|Brave Bird|p2a: Araquanid
|-supereffective|p2a: Araquanid
|-damage|p2a: Araquanid|0 fnt
|faint|p2a: Araquanid
|-damage|p1a: Staraptor|71/100|[from] Recoil
|
|upkeep
|
|t:|1760735989
|switch|p2a: Moltres|Moltres-Galar|100/100
|turn|2
|
|t:|1760735994
|move|p1a: Staraptor|Brave Bird|p2a: Moltres
|-damage|p2a: Moltres|36/100
|-damage|p1a: Staraptor|49/100|[from] Recoil
|-ability|p2a: Moltres|Berserk|boost
|-boost|p2a: Moltres|spa|1
|move|p2a: Moltres|Agility|p2a: Moltres
|-boost|p2a: Moltres|spe|2
|
|upkeep
|turn|3
|
|t:|1760736004
|move|p1a: Staraptor|Quick Attack|p2a: Moltres
|-damage|p2a: Moltres|15/100
|move|p2a: Moltres|Fiery Wrath|p1a: Staraptor
|-damage|p1a: Staraptor|0 fnt
|faint|p1a: Staraptor
|
|upkeep
|
|t:|1760736014
|switch|p1a: Greninja|Greninja, M|100/100
|turn|4
|
|t:|1760736020
|move|p1a: Greninja|Water Shuriken|p2a: Moltres
|-damage|p2a: Moltres|10/100
|-damage|p2a: Moltres|4/100
|-damage|p2a: Moltres|0 fnt
|faint|p2a: Moltres
|-ability|p1a: Greninja|Battle Bond|boost
|-boost|p1a: Greninja|atk|1
|-boost|p1a: Greninja|spa|1
|-boost|p1a: Greninja|spe|1
|-activate|p1a: Greninja|ability: Battle Bond
|-hitcount|p2: Moltres|3
|
|upkeep
|
|t:|1760736024
|switch|p2a: Primarina|Primarina, M|100/100
|turn|5
|
|t:|1760736037
|-terastallize|p1a: Greninja|Water
|move|p1a: Greninja|Surf|p2a: Primarina
|-resisted|p2a: Primarina
|-damage|p2a: Primarina|74/100
|move|p2a: Primarina|Moonblast|p1a: Greninja
|-damage|p1a: Greninja|23/100
|
|upkeep
|turn|6
|
|t:|1760736046
|switch|p1a: Scizor|Scizor, M|100/100
|move|p2a: Primarina|Moonblast|p1a: Scizor
|-resisted|p1a: Scizor
|-damage|p1a: Scizor|69/100
|
|upkeep
|turn|7
|
|t:|1760736052
|move|p1a: Scizor|U-turn|p2a: Primarina
|-resisted|p2a: Primarina
|-damage|p2a: Primarina|35/100
|
|t:|1760736056
|switch|p1a: Keldeo|Keldeo|100/100|[from] U-turn
|move|p2a: Primarina|Surf|p1a: Keldeo
|-resisted|p1a: Keldeo
|-damage|p1a: Keldeo|74/100
|
|upkeep
|turn|8
|
|t:|1760736063
|move|p1a: Keldeo|Air Slash|p2a: Primarina
|-damage|p2a: Primarina|13/100
|cant|p2a: Primarina|flinch
|
|upkeep
|turn|9
|
|t:|1760736069
|move|p1a: Keldeo|Air Slash|p2a: Primarina
|-damage|p2a: Primarina|0 fnt
|faint|p2a: Primarina
|
|upkeep
|
|t:|1760736075
|switch|p2a: Gurdurr|Gurdurr, F|100/100
|turn|10
|
|t:|1760736078
|move|p1a: Keldeo|Air Slash|p2a: Gurdurr
|-supereffective|p2a: Gurdurr
|-damage|p2a: Gurdurr|16/100
|move|p2a: Gurdurr|Drain Punch|p1a: Keldeo
|-damage|p1a: Keldeo|22/100
|-heal|p2a: Gurdurr|38/100|[from] drain|[of] p1a: Keldeo
|
|upkeep
|turn|11
|
|t:|1760736084
|move|p2a: Gurdurr|Mach Punch|p1a: Keldeo
|-damage|p1a: Keldeo|0 fnt
|faint|p1a: Keldeo
|
|upkeep
|
|t:|1760736089
|switch|p1a: Greninja|Greninja, M, tera:Water|23/100
|turn|12
|
|t:|1760736093
|move|p1a: Greninja|Water Shuriken|p2a: Gurdurr
|-damage|p2a: Gurdurr|28/100
|-damage|p2a: Gurdurr|17/100
|-damage|p2a: Gurdurr|6/100
|-damage|p2a: Gurdurr|0 fnt
|faint|p2a: Gurdurr
|-hitcount|p2: Gurdurr|4
|
|upkeep
|
|t:|1760736100
|switch|p2a: Entei|Entei|100/100
|turn|13
|
|t:|1760736103
|move|p2a: Entei|Extreme Speed|p1a: Greninja
|-damage|p1a: Greninja|0 fnt
|faint|p1a: Greninja
|
|upkeep
|
|t:|1760736107
|switch|p1a: Lycanroc|Lycanroc-Dusk, F|100/100
|turn|14
|
|t:|1760736127
|switch|p2a: Great Tusk|Great Tusk|100/100
|move|p1a: Lycanroc|Accelerock|p2a: Great Tusk
|-resisted|p2a: Great Tusk
|-damage|p2a: Great Tusk|96/100
|
|upkeep
|turn|15
|
|t:|1760736138
|move|p1a: Lycanroc|Accelerock|p2a: Great Tusk
|-resisted|p2a: Great Tusk
|-damage|p2a: Great Tusk|90/100
|move|p2a: Great Tusk|Earthquake|p1a: Lycanroc
|-supereffective|p1a: Lycanroc
|-damage|p1a: Lycanroc|0 fnt
|faint|p1a: Lycanroc
|
|upkeep
|
|t:|1760736142
|switch|p1a: Scizor|Scizor, M|69/100
|turn|16
|
|t:|1760736147
|-terastallize|p2a: Great Tusk|Ground
|move|p2a: Great Tusk|Earthquake|p1a: Scizor
|-crit|p1a: Scizor
|-damage|p1a: Scizor|0 fnt
|faint|p1a: Scizor
|
|upkeep
|-message|axcen forfeited.
|
|win|luca1996
|raw|axcen's rating: 1349 &rarr; <strong>1331</strong><br />(-18 for losing)
|raw|luca1996's rating: 1385 &rarr; <strong>1403</strong><br />(+18 for winning)
|l|☆axcen
|player|p1|
|l|☆luca1996
|player|p2|
