|j|☆michael00000000
|j|☆bidofest
|t:|1760777797
|gametype|singles
|player|p1|michael00000000|clair|1775
|player|p2|bidofest|1|1733
|gen|9
|tier|[Gen 9] OU
|rated|
|rule|HP Percentage Mod: HP is shown in percentages
|rule|Endless Battle Clause: Forcing endless battles is banned
|rule|Species Clause: Limit one of each Pokémon
|rule|OHKO Clause: OHKO moves are banned
|rule|Evasion Items Clause: Evasion items are banned
|rule|Evasion Moves Clause: Evasion moves are banned
|rule|Evasion Abilities Clause: Evasion abilities are banned
|rule|Sleep Moves Clause: Sleep-inducing moves are banned
|clearpoke
|poke|p1|Gardevoir, F|
|poke|p1|Iron Valiant|
|poke|p1|Arcanine, M|
|poke|p1|Hatterene, F|
|poke|p1|Dragapult, F|
|poke|p1|Milotic, F|
|poke|p2|Kingambit, F|
|poke|p2|Cinderace, F|
|poke|p2|Landorus-Therian, M|
|poke|p2|Iron Valiant|
|poke|p2|Kyurem|
|poke|p2|Slowking-Galar, M|
|teampreview
|inactive|Battle timer is ON: inactive players will automatically lose when time's up. (requested by bidofest)
|j| Djtfkyyrf
|
|t:|1760777815
|teamsize|p1|6
|teamsize|p2|6
|start
|switch|p1a: Ceteres|Milotic, F, shiny|100/100
|switch|p2a: Cinderace|Cinderace, F|100/100
|turn|1
|j| nonchalantbufalant
|
|t:|1760777818
|move|p2a: Cinderace|U-turn|p1a: Ceteres
|-damage|p1a: Ceteres|87/100
|
|t:|1760777821
|switch|p2a: Slowking|Slowking-Galar, M|100/100|[from] U-turn
|move|p1a: Ceteres|Scald|p2a: Slowking
|-damage|p2a: Slowking|85/100
|-status|p2a: Slowking|brn
|
|-heal|p1a: Ceteres|93/100|[from] item: Leftovers
|-damage|p2a: Slowking|79/100 brn|[from] brn
|upkeep
|turn|2
|
|t:|1760777826
|switch|p1a: Mercé|Dragapult, F, shiny|100/100
|move|p2a: Slowking|Sludge Bomb|p1a: Mercé
|-resisted|p1a: Mercé
|-damage|p1a: Mercé|77/100
|
|-damage|p2a: Slowking|73/100 brn|[from] brn
|upkeep
|turn|3
|
|t:|1760777831
|switch|p2a: Landorus|Landorus-Therian, M|100/100
|-ability|p2a: Landorus|Intimidate|boost
|-fail|p1a: Mercé|unboost|[from] ability: Clear Body|[of] p1a: Mercé
|move|p1a: Mercé|Will-O-Wisp|p2a: Landorus
|-status|p2a: Landorus|brn
|
|-damage|p2a: Landorus|94/100 brn|[from] brn
|upkeep
|turn|4
|
|t:|1760777839
|move|p1a: Mercé|Hex|p2a: Landorus
|-damage|p2a: Landorus|20/100 brn
|move|p2a: Landorus|U-turn|p1a: Mercé
|-resisted|p1a: Mercé
|-damage|p1a: Mercé|69/100
|
|t:|1760777846
|switch|p2a: Iron Valiant|Iron Valiant|100/100|[from] U-turn
|-enditem|p2a: Iron Valiant|Booster Energy
|-activate|p2a: Iron Valiant|ability: Quark Drive|[fromitem]
|-start|p2a: Iron Valiant|quarkdrivespe
|
|upkeep
|turn|5
|
|t:|1760777850
|move|p2a: Iron Valiant|Shadow Ball|p1a: Mercé
|-supereffective|p1a: Mercé
|-damage|p1a: Mercé|0 fnt
|faint|p1a: Mercé
|
|upkeep
|
|t:|1760777854
|switch|p1a: Rhea|Gardevoir, F, shiny|100/100
|turn|6
|
|t:|1760777870
|-terastallize|p2a: Iron Valiant|Ghost
|move|p2a: Iron Valiant|Calm Mind|p2a: Iron Valiant
|-boost|p2a: Iron Valiant|spa|1
|-boost|p2a: Iron Valiant|spd|1
|move|p1a: Rhea|Psyshock|p2a: Iron Valiant
|-damage|p2a: Iron Valiant|40/100
|
|upkeep
|turn|7
|
|t:|1760777874
|move|p2a: Iron Valiant|Shadow Ball|p1a: Rhea
|-supereffective|p1a: Rhea
|-damage|p1a: Rhea|24/100
|-unboost|p1a: Rhea|spd|1
|move|p1a: Rhea|Psyshock|p2a: Iron Valiant
|-damage|p2a: Iron Valiant|0 fnt
|faint|p2a: Iron Valiant
|-end|p2a: Iron Valiant|Quark Drive|[silent]
|
|upkeep
|
|t:|1760777886
|switch|p2a: Cinderace|Cinderace, F|100/100
|-ability|p1a: Rhea|Blaze|Trace|[from] ability: Trace|[of] p2a: Cinderace
|turn|8
|
|t:|1760777888
|switch|p1a: Nimbus|Arcanine, M|100/100
|-ability|p1a: Nimbus|Intimidate|boost
|-unboost|p2a: Cinderace|atk|1
|move|p2a: Cinderace|U-turn|p1a: Nimbus
|-resisted|p1a: Nimbus
|-damage|p1a: Nimbus|93/100
|
|t:|1760777893
|switch|p2a: Landorus|Landorus-Therian, M|20/100 brn|[from] U-turn
|-ability|p2a: Landorus|Intimidate|boost
|-unboost|p1a: Nimbus|atk|1
|
|-damage|p2a: Landorus|14/100 brn|[from] brn
|upkeep
|turn|9
|
|t:|1760777899
|move|p1a: Nimbus|Extreme Speed|p2a: Landorus
|-damage|p2a: Landorus|0 fnt
|-damage|p1a: Nimbus|77/100|[from] item: Rocky Helmet|[of] p2a: Landorus
|faint|p2a: Landorus
|
|upkeep
|
|t:|1760777905
|switch|p2a: Kyurem|Kyurem|100/100
|-ability|p2a: Kyurem|Pressure
|turn|10
|
|t:|1760777907
|switch|p1a: Rhea|Gardevoir, F, shiny|24/100
|-ability|p1a: Rhea|Pressure|Trace|[from] ability: Trace|[of] p2a: Kyurem
|-ability|p1a: Rhea|Pressure
|move|p2a: Kyurem|Earth Power|p1a: Rhea
|-crit|p1a: Rhea
|-damage|p1a: Rhea|0 fnt
|faint|p1a: Rhea
|
|upkeep
|
|t:|1760777910
|switch|p1a: Noir|Hatterene, F, shiny|100/100
|turn|11
|
|t:|1760777916
|switch|p2a: Slowking|Slowking-Galar, M|100/100 brn
|move|p1a: Noir|Future Sight|p2a: Slowking
|-start|p1a: Noir|move: Future Sight
|
|-damage|p2a: Slowking|94/100 brn|[from] brn
|upkeep
|turn|12
|
|t:|1760777921
|switch|p1a: Nimbus|Arcanine, M|77/100
|-ability|p1a: Nimbus|Intimidate|boost
|-unboost|p2a: Slowking|atk|1
|move|p2a: Slowking|Sludge Bomb|p1a: Nimbus
|-damage|p1a: Nimbus|34/100
|-status|p1a: Nimbus|psn
|
|-damage|p1a: Nimbus|21/100 psn|[from] psn
|-damage|p2a: Slowking|88/100 brn|[from] brn
|upkeep
|turn|13
|
|t:|1760777926
|switch|p2a: Cinderace|Cinderace, F|100/100
|move|p1a: Nimbus|Flare Blitz|p2a: Cinderace
|-resisted|p2a: Cinderace
|-damage|p2a: Cinderace|48/100
|-damage|p1a: Nimbus|2/100 psn|[from] Recoil
|
|-end|p2a: Cinderace|move: Future Sight
|-damage|p2a: Cinderace|0 fnt
|faint|p2a: Cinderace
|-damage|p1a: Nimbus|0 fnt|[from] psn
|faint|p1a: Nimbus
|upkeep
|
|t:|1760777936
|switch|p2a: Slowking|Slowking-Galar, M|100/100 brn
|switch|p1a: Noir|Hatterene, F, shiny|100/100
|turn|14
|
|t:|1760777938
|move|p1a: Noir|Future Sight|p2a: Slowking
|-start|p1a: Noir|move: Future Sight
|move|p2a: Slowking|Psychic Noise|p1a: Noir
|-resisted|p1a: Noir
|-damage|p1a: Noir|91/100
|-start|p1a: Noir|move: Heal Block
|
|-damage|p2a: Slowking|94/100 brn|[from] brn
|upkeep
|turn|15
|
|t:|1760777941
|move|p1a: Noir|Mystical Fire|p2a: Slowking
|-damage|p2a: Slowking|76/100 brn
|-unboost|p2a: Slowking|spa|1
|move|p2a: Slowking|Sludge Bomb|p1a: Noir
|-supereffective|p1a: Noir
|-damage|p1a: Noir|59/100
|
|-damage|p2a: Slowking|70/100 brn|[from] brn
|-end|p1a: Noir|move: Heal Block
|upkeep
|turn|16
|
|t:|1760777946
|move|p1a: Noir|Mystical Fire|p2a: Slowking
|-damage|p2a: Slowking|51/100 brn
|-unboost|p2a: Slowking|spa|1
|-prepare|p2a: Slowking|Chilly Reception|[premajor]
|move|p2a: Slowking|Chilly Reception|p2a: Slowking
|-weather|Snowscape
|
|t:|1760777948
|switch|p2a: Kingambit|Kingambit, F|100/100|[from] Chilly Reception
|-activate|p2a: Kingambit|ability: Supreme Overlord
|-start|p2a: Kingambit|fallen3|[silent]
|
|-weather|Snowscape|[upkeep]
|-end|p2a: Kingambit|move: Future Sight
|-immune|p2a: Kingambit
|upkeep
|turn|17
|
|t:|1760777954
|move|p2a: Kingambit|Kowtow Cleave|p1a: Noir
|-damage|p1a: Noir|0 fnt
|faint|p1a: Noir
|
|-weather|Snowscape|[upkeep]
|upkeep
|
|t:|1760777960
|switch|p1a: Ceteres|Milotic, F, shiny|93/100
|turn|18
|
|t:|1760777963
|move|p1a: Ceteres|Scald|p2a: Kingambit
|-damage|p2a: Kingambit|73/100
|move|p2a: Kingambit|Swords Dance|p2a: Kingambit
|-boost|p2a: Kingambit|atk|2
|
|-weather|Snowscape|[upkeep]
|-heal|p1a: Ceteres|99/100|[from] item: Leftovers
|-heal|p2a: Kingambit|79/100|[from] item: Leftovers
|upkeep
|turn|19
|
|t:|1760777967
|move|p2a: Kingambit|Sucker Punch||[still]
|-fail|p2a: Kingambit
|move|p1a: Ceteres|Haze|p1a: Ceteres
|-clearallboost
|
|-weather|Snowscape|[upkeep]
|-heal|p1a: Ceteres|100/100|[from] item: Leftovers
|-heal|p2a: Kingambit|85/100|[from] item: Leftovers
|upkeep
|turn|20
|
|t:|1760777971
|-end|p2a: Kingambit|fallen3|[silent]
|switch|p2a: Slowking|Slowking-Galar, M|84/100 brn
|move|p1a: Ceteres|Scald|p2a: Slowking
|-damage|p2a: Slowking|69/100 brn
|
|-weather|none
|-damage|p2a: Slowking|63/100 brn|[from] brn
|upkeep
|turn|21
|
|t:|1760777976
|move|p1a: Ceteres|Scald|p2a: Slowking
|-damage|p2a: Slowking|47/100 brn
|move|p2a: Slowking|Thunder Wave|p1a: Ceteres|[miss]
|-miss|p2a: Slowking|p1a: Ceteres
|
|-damage|p2a: Slowking|40/100 brn|[from] brn
|upkeep
|turn|22
|
|t:|1760777981
|move|p1a: Ceteres|Scald|p2a: Slowking
|-damage|p2a: Slowking|24/100 brn
|move|p2a: Slowking|Thunder Wave|p1a: Ceteres
|-status|p1a: Ceteres|par
|
|-damage|p2a: Slowking|18/100 brn|[from] brn
|upkeep
|turn|23
|
|t:|1760777984
|switch|p2a: Kyurem|Kyurem|100/100
|-ability|p2a: Kyurem|Pressure
|move|p1a: Ceteres|Scald|p2a: Kyurem
|-resisted|p2a: Kyurem
|-crit|p2a: Kyurem
|-damage|p2a: Kyurem|80/100
|-status|p2a: Kyurem|brn
|
|-heal|p2a: Kyurem|86/100 brn|[from] item: Leftovers
|-damage|p2a: Kyurem|80/100 brn|[from] brn
|upkeep
|turn|24
|
|t:|1760777987
|switch|p1a: Hermé|Iron Valiant, shiny|100/100
|-enditem|p1a: Hermé|Booster Energy
|-activate|p1a: Hermé|ability: Quark Drive|[fromitem]
|-start|p1a: Hermé|quarkdrivespe
|move|p2a: Kyurem|Protect||[still]
|-fail|p2a: Kyurem
|
|-heal|p2a: Kyurem|86/100 brn|[from] item: Leftovers
|-damage|p2a: Kyurem|80/100 brn|[from] brn
|upkeep
|turn|25
|
|t:|1760777995
|move|p1a: Hermé|Brick Break|p2a: Kyurem
|-supereffective|p2a: Kyurem
|-damage|p2a: Kyurem|8/100 brn
|move|p2a: Kyurem|Freeze-Dry|p1a: Hermé
|-damage|p1a: Hermé|31/100
|
|-heal|p2a: Kyurem|14/100 brn|[from] item: Leftovers
|-damage|p2a: Kyurem|8/100 brn|[from] brn
|upkeep
|turn|26
|
|t:|1760778003
|move|p1a: Hermé|Brick Break|p2a: Kyurem
|-supereffective|p2a: Kyurem
|-damage|p2a: Kyurem|0 fnt
|faint|p2a: Kyurem
|
|upkeep
|
|t:|1760778008
|switch|p2a: Slowking|Slowking-Galar, M|51/100 brn
|turn|27
|
|t:|1760778014
|move|p1a: Hermé|Knock Off|p2a: Slowking
|-supereffective|p2a: Slowking
|-damage|p2a: Slowking|0 fnt
|-enditem|p2a: Slowking|Heavy-Duty Boots|[from] move: Knock Off|[of] p1a: Hermé
|faint|p2a: Slowking
|
|upkeep
|j| PQPP214
|
|t:|1760778017
|switch|p2a: Kingambit|Kingambit, F|85/100
|-activate|p2a: Kingambit|ability: Supreme Overlord
|-start|p2a: Kingambit|fallen5|[silent]
|turn|28
|
|t:|1760778019
|move|p2a: Kingambit|Sucker Punch||[still]
|-fail|p2a: Kingambit
|move|p1a: Hermé|Destiny Bond|p1a: Hermé
|-singlemove|p1a: Hermé|Destiny Bond
|
|-heal|p2a: Kingambit|92/100|[from] item: Leftovers
|upkeep
|turn|29
|c|☆michael00000000|gg wp
|
|t:|1760778033
|move|p1a: Hermé|Brick Break|p2a: Kingambit
|-supereffective|p2a: Kingambit
|-damage|p2a: Kingambit|0 fnt
|faint|p2a: Kingambit
|-end|p2a: Kingambit|fallen5|[silent]
|
|win|michael00000000
|raw|michael00000000's rating: 1775 &rarr; <strong>1793</strong><br />(+18 for winning)
|raw|bidofest's rating: 1733 &rarr; <strong>1715</strong><br />(-18 for losing)
|l|☆bidofest
|player|p2|
|l|☆michael00000000
|player|p1|
