|j|☆cr aries
|j|☆ice spice enjoyer
|t:|1760869828
|gametype|singles
|player|p1|cr aries|266|1638
|player|p2|ice spice enjoyer|hoopster|1663
|gen|9
|tier|[Gen 9] OU
|rated|
|rule|HP Percentage Mod: HP is shown in percentages
|rule|Endless Battle Clause: Forcing endless battles is banned
|rule|Species Clause: Limit one of each Pokémon
|rule|OHKO Clause: OHKO moves are banned
|rule|Evasion Items Clause: Evasion items are banned
|rule|Evasion Moves Clause: Evasion moves are banned
|rule|Evasion Abilities Clause: Evasion abilities are banned
|rule|Sleep Moves Clause: Sleep-inducing moves are banned
|clearpoke
|poke|p1|Weavile, F|
|poke|p1|Gholdengo|
|poke|p1|Slowking-Galar, M|
|poke|p1|Corviknight, M|
|poke|p1|Sandy Shocks|
|poke|p1|Heatran, M|
|poke|p2|Meowscarada, F|
|poke|p2|Clefable, M|
|poke|p2|Skarmory, M|
|poke|p2|Ting-Lu|
|poke|p2|Dragapult, M|
|poke|p2|Slither Wing|
|teampreview
|inactive|Battle timer is ON: inactive players will automatically lose when time's up. (requested by cr aries)
|
|t:|1760869855
|teamsize|p1|6
|teamsize|p2|6
|start
|switch|p1a: Corviknight|Corviknight, M|100/100
|switch|p2a: Slither Wing|Slither Wing|100/100
|-ability|p1a: Corviknight|Pressure
|turn|1
|
|t:|1760869859
|move|p2a: Slither Wing|Will-O-Wisp|p1a: Corviknight
|-status|p1a: Corviknight|brn
|move|p1a: Corviknight|U-turn|p2a: Slither Wing
|-resisted|p2a: Slither Wing
|-damage|p2a: Slither Wing|98/100
|inactive|cr aries has 120 seconds left.
|
|t:|1760869912
|switch|p1a: Slowking|Slowking-Galar, M|100/100|[from] U-turn
|
|upkeep
|turn|2
|
|t:|1760869917
|move|p2a: Slither Wing|U-turn|p1a: Slowking
|-damage|p1a: Slowking|65/100
|
|t:|1760869923
|-end|p2a: Slither Wing|Protosynthesis|[silent]
|switch|p2a: Ting-Lu|Ting-Lu|100/100|[from] U-turn
|-ability|p2a: Ting-Lu|Vessel of Ruin
|move|p1a: Slowking|Toxic Spikes|p2a: Ting-Lu
|-sidestart|p2: ice spice enjoyer|move: Toxic Spikes
|
|upkeep
|turn|3
|inactive|cr aries has 120 seconds left.
|inactive|cr aries has 90 seconds left.
|
|t:|1760869972
|move|p2a: Ting-Lu|Throat Chop|p1a: Slowking
|-supereffective|p1a: Slowking
|-damage|p1a: Slowking|2/100
|-start|p1a: Slowking|Throat Chop|[silent]
|move|p1a: Slowking|Sludge Bomb|p2a: Ting-Lu
|-resisted|p2a: Ting-Lu
|-damage|p2a: Ting-Lu|93/100
|-status|p2a: Ting-Lu|psn
|
|-heal|p2a: Ting-Lu|99/100 psn|[from] item: Leftovers
|-damage|p2a: Ting-Lu|87/100 psn|[from] psn
|upkeep
|turn|4
|inactive|cr aries has 90 seconds left.
|
|t:|1760869978
|switch|p1a: Corviknight|Corviknight, M|100/100 brn
|-ability|p1a: Corviknight|Pressure
|move|p2a: Ting-Lu|Throat Chop|p1a: Corviknight
|-damage|p1a: Corviknight|83/100 brn
|-start|p1a: Corviknight|Throat Chop|[silent]
|-damage|p2a: Ting-Lu|71/100 psn|[from] item: Rocky Helmet|[of] p1a: Corviknight
|
|-heal|p2a: Ting-Lu|77/100 psn|[from] item: Leftovers
|-damage|p2a: Ting-Lu|65/100 psn|[from] psn
|-damage|p1a: Corviknight|77/100 brn|[from] brn
|upkeep
|turn|5
|
|t:|1760869982
|switch|p2a: Dragapult|Dragapult, M|100/100
|move|p1a: Corviknight|Roost|p1a: Corviknight
|-heal|p1a: Corviknight|100/100 brn
|-singleturn|p1a: Corviknight|move: Roost
|
|-damage|p1a: Corviknight|94/100 brn|[from] brn
|-end|p1a: Corviknight|Throat Chop|[silent]
|upkeep
|turn|6
|
|t:|1760869990
|switch|p1a: Heatran|Heatran, M|100/100
|move|p2a: Dragapult|Thunder Wave|p1a: Heatran
|-status|p1a: Heatran|par
|
|upkeep
|turn|7
|
|t:|1760870001
|move|p2a: Dragapult|U-turn|p1a: Heatran
|-resisted|p1a: Heatran
|-damage|p1a: Heatran|97/100 par
|
|t:|1760870006
|switch|p2a: Ting-Lu|Ting-Lu|65/100 psn|[from] U-turn
|-ability|p2a: Ting-Lu|Vessel of Ruin
|move|p1a: Heatran|Magma Storm|p2a: Ting-Lu
|-damage|p2a: Ting-Lu|46/100 psn
|-activate|p2a: Ting-Lu|move: Magma Storm|[of] p1a: Heatran
|
|-heal|p2a: Ting-Lu|52/100 psn|[from] item: Leftovers
|-heal|p1a: Heatran|100/100 par|[from] item: Leftovers
|-damage|p2a: Ting-Lu|40/100 psn|[from] psn
|-damage|p2a: Ting-Lu|27/100 psn|[from] move: Magma Storm|[partiallytrapped]
|upkeep
|turn|8
|
|t:|1760870013
|move|p1a: Heatran|Protect|p1a: Heatran
|-singleturn|p1a: Heatran|Protect
|move|p2a: Ting-Lu|Rest|p2a: Ting-Lu
|-status|p2a: Ting-Lu|slp|[from] move: Rest
|-heal|p2a: Ting-Lu|100/100 slp|[silent]
|
|-damage|p2a: Ting-Lu|88/100 slp|[from] move: Magma Storm|[partiallytrapped]
|upkeep
|turn|9
|
|t:|1760870020
|cant|p2a: Ting-Lu|slp
|move|p2a: Ting-Lu|Sleep Talk|p2a: Ting-Lu
|move|p2a: Ting-Lu|Rest||[from] move: Sleep Talk|[still]
|-fail|p2a: Ting-Lu
|move|p1a: Heatran|Stealth Rock|p2a: Ting-Lu
|-sidestart|p2: ice spice enjoyer|move: Stealth Rock
|
|-heal|p2a: Ting-Lu|94/100 slp|[from] item: Leftovers
|-damage|p2a: Ting-Lu|82/100 slp|[from] move: Magma Storm|[partiallytrapped]
|upkeep
|turn|10
|
|t:|1760870026
|switch|p1a: Corviknight|Corviknight, M|94/100 brn
|-ability|p1a: Corviknight|Pressure
|cant|p2a: Ting-Lu|slp
|move|p2a: Ting-Lu|Sleep Talk|p2a: Ting-Lu
|move|p2a: Ting-Lu|Earthquake|p1a: Corviknight|[from] move: Sleep Talk
|-immune|p1a: Corviknight
|
|-heal|p2a: Ting-Lu|88/100 slp|[from] item: Leftovers
|-damage|p1a: Corviknight|88/100 brn|[from] brn
|-end|p2a: Ting-Lu|Magma Storm|[partiallytrapped]|[silent]
|upkeep
|turn|11
|
|t:|1760870040
|switch|p2a: Clefable|Clefable, M|100/100
|-status|p2a: Clefable|psn
|move|p1a: Corviknight|Brave Bird|p2a: Clefable
|-damage|p2a: Clefable|86/100 psn
|-damage|p1a: Corviknight|84/100 brn|[from] Recoil
|
|-heal|p2a: Clefable|92/100 psn|[from] item: Leftovers
|-damage|p1a: Corviknight|78/100 brn|[from] brn
|upkeep
|turn|12
|
|t:|1760870050
|move|p1a: Corviknight|U-turn|p2a: Clefable
|-resisted|p2a: Clefable
|-damage|p2a: Clefable|89/100 psn
|
|t:|1760870053
|switch|p1a: Slowking|Slowking-Galar, M|36/100|[from] U-turn
|move|p2a: Clefable|Knock Off|p1a: Slowking
|-supereffective|p1a: Slowking
|-crit|p1a: Slowking
|-damage|p1a: Slowking|0 fnt
|-enditem|p1a: Slowking|Heavy-Duty Boots|[from] move: Knock Off|[of] p2a: Clefable
|faint|p1a: Slowking
|
|-heal|p2a: Clefable|95/100 psn|[from] item: Leftovers
|upkeep
|
|t:|1760870058
|switch|p1a: Gholdengo|Gholdengo|100/100
|turn|13
|
|t:|1760870080
|switch|p2a: Ting-Lu|Ting-Lu|88/100 slp
|-damage|p2a: Ting-Lu|82/100 slp|[from] Stealth Rock
|-ability|p2a: Ting-Lu|Vessel of Ruin
|move|p1a: Gholdengo|Nasty Plot|p1a: Gholdengo
|-boost|p1a: Gholdengo|spa|2
|
|-heal|p2a: Ting-Lu|88/100 slp|[from] item: Leftovers
|upkeep
|turn|14
|inactive|cr aries has 120 seconds left.
|
|t:|1760870128
|move|p1a: Gholdengo|Nasty Plot|p1a: Gholdengo
|-boost|p1a: Gholdengo|spa|2
|-curestatus|p2a: Ting-Lu|slp|[msg]
|move|p2a: Ting-Lu|Earthquake|p1a: Gholdengo
|-supereffective|p1a: Gholdengo
|-damage|p1a: Gholdengo|51/100
|
|-heal|p2a: Ting-Lu|94/100|[from] item: Leftovers
|upkeep
|turn|15
|
|t:|1760870137
|-terastallize|p1a: Gholdengo|Fighting
|move|p1a: Gholdengo|Recover|p1a: Gholdengo
|-heal|p1a: Gholdengo|100/100
|move|p2a: Ting-Lu|Earthquake|p1a: Gholdengo
|-damage|p1a: Gholdengo|73/100
|
|-heal|p2a: Ting-Lu|100/100|[from] item: Leftovers
|upkeep
|turn|16
|
|t:|1760870151
|move|p1a: Gholdengo|Shadow Ball|p2a: Ting-Lu
|-resisted|p2a: Ting-Lu
|-damage|p2a: Ting-Lu|78/100
|move|p2a: Ting-Lu|Earthquake|p1a: Gholdengo
|-damage|p1a: Gholdengo|49/100
|
|-heal|p2a: Ting-Lu|85/100|[from] item: Leftovers
|upkeep
|turn|17
|
|t:|1760870172
|switch|p2a: Dragapult|Dragapult, M|100/100
|move|p1a: Gholdengo|Recover|p1a: Gholdengo
|-heal|p1a: Gholdengo|99/100
|
|upkeep
|turn|18
|inactive|ice spice enjoyer has 120 seconds left.
|
|t:|1760870192
|move|p2a: Dragapult|Dragon Darts|p1a: Gholdengo
|-damage|p1a: Gholdengo|84/100
|-anim|p2a: Dragapult|Dragon Darts|p1a: Gholdengo
|-damage|p1a: Gholdengo|69/100
|move|p1a: Gholdengo|Shadow Ball|p2a: Dragapult
|-supereffective|p2a: Dragapult
|-damage|p2a: Dragapult|0 fnt
|faint|p2a: Dragapult
|
|upkeep
|inactive|ice spice enjoyer has 120 seconds left.
|-message|ice spice enjoyer forfeited.
|
|win|cr aries
|raw|cr aries's rating: 1638 &rarr; <strong>1659</strong><br />(+21 for winning)
|raw|ice spice enjoyer's rating: 1663 &rarr; <strong>1642</strong><br />(-21 for losing)
|l|☆cr aries
|player|p1|
|l|☆ice spice enjoyer
|player|p2|
