|j|☆the goat(literal)
|j|☆Lonelyenders
|t:|1760876747
|gametype|singles
|player|p1|the goat(literal)|2|1190
|player|p2|Lonelyenders|acetrainer|1212
|gen|9
|tier|[Gen 9] OU
|rated|
|rule|HP Percentage Mod: HP is shown in percentages
|rule|Endless Battle Clause: Forcing endless battles is banned
|rule|Species Clause: Limit one of each Pokémon
|rule|OHKO Clause: OHKO moves are banned
|rule|Evasion Items Clause: Evasion items are banned
|rule|Evasion Moves Clause: Evasion moves are banned
|rule|Evasion Abilities Clause: Evasion abilities are banned
|rule|Sleep Moves Clause: Sleep-inducing moves are banned
|clearpoke
|poke|p1|Scrafty, F|
|poke|p1|Klefki, F|
|poke|p1|Raging Bolt|
|poke|p1|Moltres|
|poke|p1|Primarina, F|
|poke|p1|Amoonguss, M|
|poke|p2|Azumarill, F|
|poke|p2|Kyurem|
|poke|p2|Iron Valiant|
|poke|p2|Great Tusk|
|poke|p2|Iron Crown|
|poke|p2|Zapdos|
|teampreview
|inactive|Battle timer is ON: inactive players will automatically lose when time's up. (requested by Lonelyenders)
|
|t:|1760876753
|teamsize|p1|6
|teamsize|p2|6
|start
|switch|p1a: Klefki|Klefki, F|100/100
|switch|p2a: Zapdos|Zapdos|100/100
|turn|1
|
|t:|1760876757
|move|p1a: Klefki|Light Screen|p1a: Klefki
|-sidestart|p1: the goat(literal)|move: Light Screen
|move|p2a: Zapdos|Discharge|p1a: Klefki
|-damage|p1a: Klefki|79/100
|-status|p1a: Klefki|par
|
|upkeep
|turn|2
|
|t:|1760876760
|cant|p1a: Klefki|par
|move|p2a: Zapdos|Volt Switch|p1a: Klefki
|-damage|p1a: Klefki|60/100 par
|
|t:|1760876765
|switch|p2a: Kyurem|Kyurem|100/100|[from] Volt Switch
|-ability|p2a: Kyurem|Pressure
|
|upkeep
|turn|3
|
|t:|1760876768
|cant|p1a: Klefki|par
|move|p2a: Kyurem|Dragon Dance|p2a: Kyurem
|-boost|p2a: Kyurem|atk|1
|-boost|p2a: Kyurem|spe|1
|
|upkeep
|turn|4
|
|t:|1760876773
|move|p1a: Klefki|Reflect|p1a: Klefki
|-sidestart|p1: the goat(literal)|Reflect
|move|p2a: Kyurem|Icicle Spear|p1a: Klefki
|-resisted|p1a: Klefki
|-damage|p1a: Klefki|56/100 par
|-resisted|p1a: Klefki
|-damage|p1a: Klefki|53/100 par
|-resisted|p1a: Klefki
|-damage|p1a: Klefki|49/100 par
|-resisted|p1a: Klefki
|-damage|p1a: Klefki|45/100 par
|-resisted|p1a: Klefki
|-damage|p1a: Klefki|41/100 par
|-hitcount|p1a: Klefki|5
|
|upkeep
|turn|5
|
|t:|1760876777
|move|p2a: Kyurem|Dragon Dance|p2a: Kyurem
|-boost|p2a: Kyurem|atk|1
|-boost|p2a: Kyurem|spe|1
|move|p1a: Klefki|Draining Kiss|p2a: Kyurem
|-supereffective|p2a: Kyurem
|-damage|p2a: Kyurem|74/100
|-heal|p1a: Klefki|66/100 par|[from] drain|[of] p2a: Kyurem
|
|upkeep
|turn|6
|
|t:|1760876779
|move|p1a: Klefki|Spikes|p2a: Kyurem
|-sidestart|p2: Lonelyenders|Spikes
|move|p2a: Kyurem|Icicle Spear|p1a: Klefki
|-resisted|p1a: Klefki
|-damage|p1a: Klefki|60/100 par
|-resisted|p1a: Klefki
|-damage|p1a: Klefki|55/100 par
|-resisted|p1a: Klefki
|-damage|p1a: Klefki|50/100 par
|-resisted|p1a: Klefki
|-damage|p1a: Klefki|45/100 par
|-hitcount|p1a: Klefki|4
|
|upkeep
|turn|7
|
|t:|1760876785
|-terastallize|p2a: Kyurem|Ground
|move|p2a: Kyurem|Tera Blast|p1a: Klefki|[anim] Tera Blast Ground
|-supereffective|p1a: Klefki
|-damage|p1a: Klefki|0 fnt
|faint|p1a: Klefki
|
|upkeep
|
|t:|1760876791
|switch|p1a: Primarina|Primarina, F|100/100
|turn|8
|
|t:|1760876819
|switch|p2a: Zapdos|Zapdos|100/100
|move|p1a: Primarina|Psychic Noise|p2a: Zapdos
|-damage|p2a: Zapdos|53/100
|-start|p2a: Zapdos|move: Heal Block
|
|-sideend|p1: the goat(literal)|move: Light Screen
|upkeep
|turn|9
|
|t:|1760876827
|switch|p1a: Amoonguss|Amoonguss, M|100/100
|move|p2a: Zapdos|Discharge|p1a: Amoonguss
|-resisted|p1a: Amoonguss
|-damage|p1a: Amoonguss|85/100
|-enditem|p1a: Amoonguss|Eject Button
|
|t:|1760876832
|switch|p1a: Raging Bolt|Raging Bolt|100/100
|
|-end|p2a: Zapdos|move: Heal Block
|upkeep
|turn|10
|
|t:|1760876842
|switch|p2a: Azumarill|Azumarill, F|100/100
|-damage|p2a: Azumarill|88/100|[from] Spikes
|move|p1a: Raging Bolt|Calm Mind|p1a: Raging Bolt
|-boost|p1a: Raging Bolt|spa|1
|-boost|p1a: Raging Bolt|spd|1
|
|upkeep
|turn|11
|
|t:|1760876849
|move|p1a: Raging Bolt|Thunderbolt|p2a: Azumarill
|-supereffective|p2a: Azumarill
|-crit|p2a: Azumarill
|-damage|p2a: Azumarill|0 fnt
|faint|p2a: Azumarill
|
|-sideend|p1: the goat(literal)|Reflect
|upkeep
|
|t:|1760876851
|switch|p2a: Great Tusk|Great Tusk|100/100
|-damage|p2a: Great Tusk|88/100|[from] Spikes
|turn|12
|
|t:|1760876859
|-terastallize|p1a: Raging Bolt|Fairy
|move|p2a: Great Tusk|Headlong Rush|p1a: Raging Bolt
|-damage|p1a: Raging Bolt|61/100
|-unboost|p2a: Great Tusk|def|1
|-unboost|p2a: Great Tusk|spd|1
|move|p1a: Raging Bolt|Dragon Pulse|p2a: Great Tusk
|-damage|p2a: Great Tusk|0 fnt
|faint|p2a: Great Tusk
|-end|p2a: Great Tusk|Protosynthesis|[silent]
|
|-heal|p1a: Raging Bolt|67/100|[from] item: Leftovers
|upkeep
|
|t:|1760876861
|switch|p2a: Iron Crown|Iron Crown|100/100
|-damage|p2a: Iron Crown|88/100|[from] Spikes
|turn|13
|
|t:|1760876873
|move|p1a: Raging Bolt|Thunderclap|p2a: Iron Crown
|-damage|p2a: Iron Crown|38/100
|move|p2a: Iron Crown|Tachyon Cutter|p1a: Raging Bolt
|-supereffective|p1a: Raging Bolt
|-damage|p1a: Raging Bolt|15/100
|-supereffective|p1a: Raging Bolt
|-damage|p1a: Raging Bolt|0 fnt
|faint|p1a: Raging Bolt
|-end|p1a: Raging Bolt|Protosynthesis|[silent]
|-hitcount|p1: Raging Bolt|2
|
|upkeep
|
|t:|1760876877
|switch|p1a: Scrafty|Scrafty, F|100/100
|turn|14
|
|t:|1760876880
|-end|p2a: Iron Crown|Quark Drive|[silent]
|switch|p2a: Zapdos|Zapdos|53/100
|move|p1a: Scrafty|Dragon Dance|p1a: Scrafty
|-boost|p1a: Scrafty|atk|1
|-boost|p1a: Scrafty|spe|1
|
|upkeep
|turn|15
|
|t:|1760876883
|move|p1a: Scrafty|Ice Punch|p2a: Zapdos
|-supereffective|p2a: Zapdos
|-damage|p2a: Zapdos|0 fnt
|faint|p2a: Zapdos
|-ability|p1a: Scrafty|Moxie|boost
|-boost|p1a: Scrafty|atk|1
|
|upkeep
|
|t:|1760876887
|switch|p2a: Iron Valiant|Iron Valiant|100/100
|-damage|p2a: Iron Valiant|88/100|[from] Spikes
|-enditem|p2a: Iron Valiant|Booster Energy
|-activate|p2a: Iron Valiant|ability: Quark Drive|[fromitem]
|-start|p2a: Iron Valiant|quarkdrivespe
|turn|16
|
|t:|1760876895
|move|p2a: Iron Valiant|Moonblast|p1a: Scrafty
|-supereffective|p1a: Scrafty
|-damage|p1a: Scrafty|0 fnt
|faint|p1a: Scrafty
|
|upkeep
|
|t:|1760876897
|switch|p1a: Amoonguss|Amoonguss, M|100/100
|turn|17
|
|t:|1760876903
|-end|p2a: Iron Valiant|Quark Drive|[silent]
|switch|p2a: Iron Crown|Iron Crown|38/100
|-damage|p2a: Iron Crown|25/100|[from] Spikes
|move|p1a: Amoonguss|Foul Play|p2a: Iron Crown
|-supereffective|p2a: Iron Crown
|-damage|p2a: Iron Crown|0 fnt
|faint|p2a: Iron Crown
|-end|p2a: Iron Crown|Quark Drive|[silent]
|
|upkeep
|
|t:|1760876906
|switch|p2a: Kyurem|Kyurem, tera:Ground|74/100
|-damage|p2a: Kyurem|62/100|[from] Spikes
|-ability|p2a: Kyurem|Pressure
|turn|18
|
|t:|1760876910
|move|p2a: Kyurem|Icicle Spear|p1a: Amoonguss
|-supereffective|p1a: Amoonguss
|-damage|p1a: Amoonguss|82/100
|-supereffective|p1a: Amoonguss
|-damage|p1a: Amoonguss|62/100
|-supereffective|p1a: Amoonguss
|-damage|p1a: Amoonguss|44/100
|-supereffective|p1a: Amoonguss
|-damage|p1a: Amoonguss|24/100
|-hitcount|p1a: Amoonguss|4
|move|p1a: Amoonguss|Giga Drain|p2a: Kyurem
|-supereffective|p2a: Kyurem
|-damage|p2a: Kyurem|20/100
|-heal|p1a: Amoonguss|43/100|[from] drain|[of] p2a: Kyurem
|
|upkeep
|turn|19
|
|t:|1760876914
|switch|p1a: Moltres|Moltres|100/100
|move|p2a: Kyurem|Icicle Spear|p1a: Moltres
|-damage|p1a: Moltres|92/100
|-damage|p1a: Moltres|83/100
|-damage|p1a: Moltres|74/100
|-damage|p1a: Moltres|65/100
|-damage|p1a: Moltres|55/100
|-hitcount|p1a: Moltres|5
|
|upkeep
|turn|20
|
|t:|1760876921
|switch|p1a: Primarina|Primarina, F|100/100
|move|p2a: Kyurem|Icicle Spear|p1a: Primarina
|-resisted|p1a: Primarina
|-damage|p1a: Primarina|91/100
|-resisted|p1a: Primarina
|-damage|p1a: Primarina|82/100
|-resisted|p1a: Primarina
|-damage|p1a: Primarina|73/100
|-resisted|p1a: Primarina
|-damage|p1a: Primarina|65/100
|-hitcount|p1a: Primarina|4
|
|upkeep
|turn|21
|
|t:|1760876927
|move|p2a: Kyurem|Icicle Spear|p1a: Primarina
|-resisted|p1a: Primarina
|-damage|p1a: Primarina|56/100
|-resisted|p1a: Primarina
|-damage|p1a: Primarina|47/100
|-resisted|p1a: Primarina
|-damage|p1a: Primarina|38/100
|-resisted|p1a: Primarina
|-damage|p1a: Primarina|29/100
|-hitcount|p1a: Primarina|4
|move|p1a: Primarina|Draining Kiss|p2a: Kyurem
|-damage|p2a: Kyurem|0 fnt
|-heal|p1a: Primarina|47/100|[from] drain|[of] p2a: Kyurem
|faint|p2a: Kyurem
|
|upkeep
|
|t:|1760876929
|switch|p2a: Iron Valiant|Iron Valiant|88/100
|-damage|p2a: Iron Valiant|76/100|[from] Spikes
|turn|22
|
|t:|1760876931
|move|p2a: Iron Valiant|Calm Mind|p2a: Iron Valiant
|-boost|p2a: Iron Valiant|spa|1
|-boost|p2a: Iron Valiant|spd|1
|move|p1a: Primarina|Draining Kiss|p2a: Iron Valiant
|-supereffective|p2a: Iron Valiant
|-damage|p2a: Iron Valiant|11/100
|-heal|p1a: Primarina|91/100|[from] drain|[of] p2a: Iron Valiant
|
|upkeep
|turn|23
|
|t:|1760876936
|move|p2a: Iron Valiant|Moonblast|p1a: Primarina
|-damage|p1a: Primarina|49/100
|move|p1a: Primarina|Flip Turn|p2a: Iron Valiant
|-damage|p2a: Iron Valiant|0 fnt
|faint|p2a: Iron Valiant
|-end|p2a: Iron Valiant|Quark Drive|[silent]
|
|win|the goat(literal)
|raw|the goat(literal)'s rating: 1190 &rarr; <strong>1217</strong><br />(+27 for winning)
|raw|Lonelyenders's rating: 1212 &rarr; <strong>1185</strong><br />(-27 for losing)
|l|☆the goat(literal)
|player|p1|
|l|☆Lonelyenders
|player|p2|
