|j|☆godliestwalrus
|j|☆zeryph
|t:|1760718422
|gametype|singles
|player|p1|godliestwalrus|acerola|1511
|player|p2|zeryph|1|1489
|gen|9
|tier|[Gen 9] OU
|rated|
|rule|HP Percentage Mod: HP is shown in percentages
|rule|Endless Battle Clause: Forcing endless battles is banned
|rule|Species Clause: Limit one of each Pokémon
|rule|OHKO Clause: OHKO moves are banned
|rule|Evasion Items Clause: Evasion items are banned
|rule|Evasion Moves Clause: Evasion moves are banned
|rule|Evasion Abilities Clause: Evasion abilities are banned
|rule|Sleep Moves Clause: Sleep-inducing moves are banned
|clearpoke
|poke|p1|Meowscarada, M|
|poke|p1|Iron Crown|
|poke|p1|Gliscor, F|
|poke|p1|Greninja-*, M|
|poke|p1|Weezing-Galar, F|
|poke|p1|Dragonite, F|
|poke|p2|Bellibolt, F|
|poke|p2|Rillaboom, F|
|poke|p2|Alomomola, M|
|poke|p2|Tinkaton, F|
|poke|p2|Great Tusk|
|poke|p2|Dragapult, M|
|teampreview
|inactive|Battle timer is ON: inactive players will automatically lose when time's up. (requested by godliestwalrus)
|
|t:|1760718436
|teamsize|p1|6
|teamsize|p2|6
|start
|switch|p1a: Gliscor|Gliscor, F|100/100
|switch|p2a: Rillaboom|Rillaboom, F|100/100
|-fieldstart|move: Grassy Terrain|[from] ability: Grassy Surge|[of] p2a: Rillaboom
|turn|1
|inactive|godliestwalrus has 120 seconds left.
|
|t:|1760718468
|move|p1a: Gliscor|Protect|p1a: Gliscor
|-singleturn|p1a: Gliscor|Protect
|move|p2a: Rillaboom|Knock Off|p1a: Gliscor
|-activate|p1a: Gliscor|move: Protect
|
|-status|p1a: Gliscor|tox|[from] item: Toxic Orb
|upkeep
|turn|2
|
|t:|1760718492
|switch|p2a: Tinkaton|Tinkaton, F|100/100
|-item|p2a: Tinkaton|Air Balloon
|move|p1a: Gliscor|Toxic|p2a: Tinkaton
|-immune|p2a: Tinkaton
|
|upkeep
|turn|3
|l|☆godliestwalrus
|inactive|godliestwalrus disconnected and has a minute to reconnect!
|player|p1|
|inactive|godliestwalrus has 30 seconds to reconnect!
|inactive|godliestwalrus has 20 seconds to reconnect!
|inactive|godliestwalrus has 15 seconds to reconnect!
|j|☆godliestwalrus
|inactive|godliestwalrus reconnected and has 90 seconds left.
|player|p1|godliestwalrus|acerola|
|
|t:|1760718545
|move|p1a: Gliscor|Stealth Rock|p2a: Tinkaton
|-sidestart|p2: zeryph|move: Stealth Rock
|move|p2a: Tinkaton|Stealth Rock|p1a: Gliscor
|-sidestart|p1: godliestwalrus|move: Stealth Rock
|
|upkeep
|turn|4
|inactive|godliestwalrus has 90 seconds left.
|
|t:|1760718554
|switch|p1a: Iron Crown|Iron Crown|100/100
|-damage|p1a: Iron Crown|94/100|[from] Stealth Rock
|move|p2a: Tinkaton|Encore||[still]
|-fail|p2a: Tinkaton
|
|-heal|p1a: Iron Crown|100/100|[from] Grassy Terrain
|upkeep
|turn|5
|
|t:|1760718561
|move|p1a: Iron Crown|Tachyon Cutter|p2a: Tinkaton
|-crit|p2a: Tinkaton
|-damage|p2a: Tinkaton|72/100
|-enditem|p2a: Tinkaton|Air Balloon
|-damage|p2a: Tinkaton|54/100
|-hitcount|p2a: Tinkaton|2
|move|p2a: Tinkaton|Thunder Wave|p1a: Iron Crown
|-status|p1a: Iron Crown|par
|
|-heal|p2a: Tinkaton|60/100|[from] Grassy Terrain
|-fieldend|move: Grassy Terrain
|upkeep
|turn|6
|
|t:|1760718577
|switch|p2a: Bellibolt|Bellibolt, F, shiny|100/100
|move|p1a: Iron Crown|Volt Switch|p2a: Bellibolt
|-resisted|p2a: Bellibolt
|-damage|p2a: Bellibolt|93/100
|-start|p2a: Bellibolt|Charge|Volt Switch|[from] ability: Electromorphosis
|
|t:|1760718582
|-end|p1a: Iron Crown|Quark Drive|[silent]
|switch|p1a: Meowscarada|Meowscarada, M|100/100|[from] Volt Switch
|-damage|p1a: Meowscarada|88/100|[from] Stealth Rock
|
|upkeep
|turn|7
|inactive|zeryph has 120 seconds left.
|inactive|zeryph has 90 seconds left.
|
|t:|1760718642
|move|p1a: Meowscarada|U-turn|p2a: Bellibolt
|-start|p1a: Meowscarada|typechange|Bug|[from] ability: Protean
|-damage|p2a: Bellibolt|48/100
|-start|p2a: Bellibolt|Charge|U-turn|[from] ability: Electromorphosis
|inactive|godliestwalrus has 90 seconds left.
|
|t:|1760718692
|switch|p1a: Gliscor|Gliscor, F|100/100 tox|[from] U-turn
|-damage|p1a: Gliscor|88/100 tox|[from] Stealth Rock
|move|p2a: Bellibolt|Toxic|p1a: Gliscor
|-fail|p1a: Gliscor|tox
|
|-heal|p1a: Gliscor|100/100 tox|[from] ability: Poison Heal
|upkeep
|turn|8
|
|t:|1760718705
|move|p1a: Gliscor|Earthquake|p2a: Bellibolt
|-supereffective|p2a: Bellibolt
|-damage|p2a: Bellibolt|0 fnt
|faint|p2a: Bellibolt
|
|upkeep
|-message|zeryph forfeited.
|
|win|godliestwalrus
|raw|godliestwalrus's rating: 1511 &rarr; <strong>1530</strong><br />(+19 for winning)
|raw|zeryph's rating: 1489 &rarr; <strong>1470</strong><br />(-19 for losing)
|l|☆zeryph
|player|p2|
|l|☆godliestwalrus
|player|p1|
