|j|☆luca1996
|j|☆ori456
|t:|1760721888
|gametype|singles
|player|p1|luca1996|boarder|1275
|player|p2|ori456|266|1307
|gen|9
|tier|[Gen 9] OU
|rated|
|rule|HP Percentage Mod: HP is shown in percentages
|rule|Endless Battle Clause: Forcing endless battles is banned
|rule|Species Clause: Limit one of each Pokémon
|rule|OHKO Clause: OHKO moves are banned
|rule|Evasion Items Clause: Evasion items are banned
|rule|Evasion Moves Clause: Evasion moves are banned
|rule|Evasion Abilities Clause: Evasion abilities are banned
|rule|Sleep Moves Clause: Sleep-inducing moves are banned
|clearpoke
|poke|p1|Goodra, M|
|poke|p1|Snorlax, F|
|poke|p1|Primarina, M|
|poke|p1|Cinderace, F|
|poke|p1|Primeape, M|
|poke|p1|Iron Jugulis|
|poke|p2|Samurott-Hisui, M|
|poke|p2|Garganacl, M|
|poke|p2|Torkoal, M|
|poke|p2|Walking Wake|
|poke|p2|Dragapult, M|
|poke|p2|Kingambit, M|
|teampreview
|inactive|Battle timer is ON: inactive players will automatically lose when time's up. (requested by luca1996)
|
|t:|1760721895
|teamsize|p1|6
|teamsize|p2|6
|start
|switch|p1a: Iron Jugulis|Iron Jugulis|100/100
|switch|p2a: Kingambit|Kingambit, M|100/100
|turn|1
|
|t:|1760721902
|-end|p1a: Iron Jugulis|Quark Drive|[silent]
|switch|p1a: Primeape|Primeape, M|100/100
|move|p2a: Kingambit|Swords Dance|p2a: Kingambit
|-boost|p2a: Kingambit|atk|2
|
|upkeep
|turn|2
|
|t:|1760721917
|-terastallize|p2a: Kingambit|Fire
|move|p1a: Primeape|Drain Punch|p2a: Kingambit
|-damage|p2a: Kingambit|79/100
|move|p2a: Kingambit|Iron Head|p1a: Primeape
|-damage|p1a: Primeape|0 fnt
|faint|p1a: Primeape
|-damage|p2a: Kingambit|70/100|[from] item: Life Orb
|
|upkeep
|
|t:|1760721926
|switch|p1a: Iron Jugulis|Iron Jugulis|100/100
|turn|3
|
|t:|1760721932
|move|p1a: Iron Jugulis|Meteor Beam||[still]
|-prepare|p1a: Iron Jugulis|Meteor Beam
|-boost|p1a: Iron Jugulis|spa|1
|-enditem|p1a: Iron Jugulis|Power Herb
|-anim|p1a: Iron Jugulis|Meteor Beam|p2a: Kingambit
|-supereffective|p2a: Kingambit
|-damage|p2a: Kingambit|0 fnt
|faint|p2a: Kingambit
|-end|p2a: Kingambit|fallenundefined|[silent]
|
|upkeep
|
|t:|1760721951
|switch|p2a: Garganacl|Garganacl, M, shiny|100/100
|turn|4
|
|t:|1760721958
|move|p1a: Iron Jugulis|Dark Pulse|p2a: Garganacl
|-damage|p2a: Garganacl|43/100
|cant|p2a: Garganacl|flinch
|
|-heal|p2a: Garganacl|49/100|[from] item: Leftovers
|upkeep
|turn|5
|
|t:|1760721966
|move|p1a: Iron Jugulis|Dark Pulse|p2a: Garganacl
|-damage|p2a: Garganacl|0 fnt
|faint|p2a: Garganacl
|
|upkeep
|
|t:|1760721971
|switch|p2a: Torkoal|Torkoal, M|100/100
|-weather|SunnyDay|[from] ability: Drought|[of] p2a: Torkoal
|turn|6
|
|t:|1760721990
|move|p1a: Iron Jugulis|Dark Pulse|p2a: Torkoal
|-damage|p2a: Torkoal|44/100
|move|p2a: Torkoal|Fire Blast|p1a: Iron Jugulis
|-damage|p1a: Iron Jugulis|43/100
|
|-weather|SunnyDay|[upkeep]
|upkeep
|turn|7
|
|t:|1760722000
|move|p1a: Iron Jugulis|Dark Pulse|p2a: Torkoal
|-damage|p2a: Torkoal|0 fnt
|faint|p2a: Torkoal
|
|-weather|SunnyDay|[upkeep]
|upkeep
|
|t:|1760722006
|switch|p2a: Walking Wake|Walking Wake|100/100
|-activate|p2a: Walking Wake|ability: Protosynthesis
|-start|p2a: Walking Wake|protosynthesisspa
|turn|8
|
|t:|1760722011
|move|p2a: Walking Wake|Hydro Steam|p1a: Iron Jugulis
|-damage|p1a: Iron Jugulis|0 fnt
|faint|p1a: Iron Jugulis
|-end|p1a: Iron Jugulis|Quark Drive|[silent]
|
|-weather|SunnyDay|[upkeep]
|upkeep
|
|t:|1760722016
|switch|p1a: Primarina|Primarina, M|100/100
|turn|9
|
|t:|1760722020
|move|p2a: Walking Wake|Hydro Steam|p1a: Primarina
|-resisted|p1a: Primarina
|-damage|p1a: Primarina|68/100
|move|p1a: Primarina|Moonblast|p2a: Walking Wake
|-supereffective|p2a: Walking Wake
|-damage|p2a: Walking Wake|0 fnt
|faint|p2a: Walking Wake
|-end|p2a: Walking Wake|Protosynthesis|[silent]
|
|-weather|SunnyDay|[upkeep]
|-heal|p1a: Primarina|74/100|[from] item: Leftovers
|upkeep
|
|t:|1760722031
|switch|p2a: Dragapult|Dragapult, M|100/100
|turn|10
|inactive|luca1996 has 120 seconds left.
|
|t:|1760722065
|move|p2a: Dragapult|Psychic Fangs|p1a: Primarina
|-damage|p1a: Primarina|24/100
|-damage|p2a: Dragapult|91/100|[from] item: Life Orb
|move|p1a: Primarina|Moonblast|p2a: Dragapult
|-supereffective|p2a: Dragapult
|-damage|p2a: Dragapult|0 fnt
|faint|p2a: Dragapult
|
|-weather|none
|-heal|p1a: Primarina|30/100|[from] item: Leftovers
|upkeep
|
|t:|1760722079
|switch|p2a: Samurott|Samurott-Hisui, M|100/100
|turn|11
|
|t:|1760722094
|move|p2a: Samurott|Aqua Cutter|p1a: Primarina
|-resisted|p1a: Primarina
|-damage|p1a: Primarina|0 fnt
|faint|p1a: Primarina
|
|upkeep
|
|t:|1760722098
|switch|p1a: Goodra|Goodra, M|100/100
|turn|12
|
|t:|1760722102
|move|p2a: Samurott|Ceaseless Edge|p1a: Goodra|[miss]
|-miss|p2a: Samurott|p1a: Goodra
|move|p1a: Goodra|Dragon Pulse|p2a: Samurott
|-damage|p2a: Samurott|59/100
|
|upkeep
|turn|13
|
|t:|1760722109
|move|p2a: Samurott|Ceaseless Edge|p1a: Goodra
|-damage|p1a: Goodra|41/100
|-ability|p1a: Goodra|Gooey
|-unboost|p2a: Samurott|spe|1
|-sidestart|p1: luca1996|Spikes
|move|p1a: Goodra|Dragon Pulse|p2a: Samurott
|-damage|p2a: Samurott|14/100
|
|upkeep
|turn|14
|c|☆luca1996|gg
|
|t:|1760722119
|move|p2a: Samurott|Aqua Jet|p1a: Goodra
|-resisted|p1a: Goodra
|-damage|p1a: Goodra|29/100
|-ability|p1a: Goodra|Gooey
|-unboost|p2a: Samurott|spe|1
|move|p1a: Goodra|Dragon Pulse|p2a: Samurott
|-damage|p2a: Samurott|0 fnt
|faint|p2a: Samurott
|
|win|luca1996
|raw|luca1996's rating: 1275 &rarr; <strong>1302</strong><br />(+27 for winning)
|raw|ori456's rating: 1307 &rarr; <strong>1285</strong><br />(-22 for losing)
|l|☆luca1996
|player|p1|
|l|☆ori456
|player|p2|
