|j|☆masquerade bail
|j|☆acavemana
|t:|1760764556
|gametype|singles
|player|p1|masquerade bail|evelyn|1284
|player|p2|acavemana|102|1222
|gen|9
|tier|[Gen 9] OU
|rated|
|rule|HP Percentage Mod: HP is shown in percentages
|rule|Endless Battle Clause: Forcing endless battles is banned
|rule|Species Clause: Limit one of each Pokémon
|rule|OHKO Clause: OHKO moves are banned
|rule|Evasion Items Clause: Evasion items are banned
|rule|Evasion Moves Clause: Evasion moves are banned
|rule|Evasion Abilities Clause: Evasion abilities are banned
|rule|Sleep Moves Clause: Sleep-inducing moves are banned
|clearpoke
|poke|p1|Primarina, M|
|poke|p1|Great Tusk|
|poke|p1|Kingambit, M|
|poke|p1|Slowking-Galar, M|
|poke|p1|Ogerpon, F|
|poke|p1|Enamorus, F|
|poke|p2|Ting-Lu|
|poke|p2|Quaquaval, M|
|poke|p2|Heatran, M|
|poke|p2|Zapdos|
|poke|p2|Krookodile, F|
|poke|p2|Chansey, F|
|teampreview
|inactive|Battle timer is ON: inactive players will automatically lose when time's up. (requested by masquerade bail)
|
|t:|1760764564
|teamsize|p1|6
|teamsize|p2|6
|start
|switch|p1a: Ogerpon|Ogerpon, F|100/100
|switch|p2a: Krookodile|Krookodile, F|100/100
|-ability|p2a: Krookodile|Intimidate|boost
|-unboost|p1a: Ogerpon|atk|1
|-ability|p1a: Ogerpon|Defiant|boost
|-boost|p1a: Ogerpon|atk|2
|turn|1
|
|t:|1760764581
|move|p2a: Krookodile|Gunk Shot|p1a: Ogerpon
|-supereffective|p1a: Ogerpon
|-damage|p1a: Ogerpon|0 fnt
|faint|p1a: Ogerpon
|
|upkeep
|
|t:|1760764593
|switch|p1a: Kingambit|Kingambit, M, shiny|100/100
|-activate|p1a: Kingambit|ability: Supreme Overlord
|-start|p1a: Kingambit|fallen1|[silent]
|turn|2
|
|t:|1760764598
|switch|p2a: Zapdos|Zapdos|100/100
|move|p1a: Kingambit|Swords Dance|p1a: Kingambit
|-boost|p1a: Kingambit|atk|2
|
|upkeep
|turn|3
|
|t:|1760764604
|move|p2a: Zapdos|Heat Wave|p1a: Kingambit
|-supereffective|p1a: Kingambit
|-damage|p1a: Kingambit|31/100
|move|p1a: Kingambit|Kowtow Cleave|p2a: Zapdos
|-damage|p2a: Zapdos|0 fnt
|-damage|p1a: Kingambit|14/100|[from] item: Rocky Helmet|[of] p2a: Zapdos
|-status|p1a: Kingambit|par|[from] ability: Static|[of] p2a: Zapdos
|faint|p2a: Zapdos
|
|-heal|p1a: Kingambit|20/100 par|[from] item: Leftovers
|upkeep
|
|t:|1760764620
|switch|p2a: Quaquaval|Quaquaval, M|100/100
|turn|4
|
|t:|1760764624
|move|p1a: Kingambit|Sucker Punch|p2a: Quaquaval
|-resisted|p2a: Quaquaval
|-damage|p2a: Quaquaval|52/100
|move|p2a: Quaquaval|Aqua Step|p1a: Kingambit
|-damage|p1a: Kingambit|0 fnt
|-boost|p2a: Quaquaval|spe|1
|faint|p1a: Kingambit
|-end|p1a: Kingambit|fallen1|[silent]
|-ability|p2a: Quaquaval|Moxie|boost
|-boost|p2a: Quaquaval|atk|1
|-damage|p2a: Quaquaval|42/100|[from] item: Life Orb
|
|upkeep
|
|t:|1760764628
|switch|p1a: Enamorus|Enamorus, F, shiny|100/100
|turn|5
|
|t:|1760764638
|move|p1a: Enamorus|Moonblast|p2a: Quaquaval
|-supereffective|p2a: Quaquaval
|-damage|p2a: Quaquaval|0 fnt
|faint|p2a: Quaquaval
|
|upkeep
|
|t:|1760764648
|switch|p2a: Heatran|Heatran, M|100/100
|-item|p2a: Heatran|Air Balloon
|turn|6
|
|t:|1760764657
|switch|p1a: Slowking|Slowking-Galar, M, shiny|100/100
|move|p2a: Heatran|Flash Cannon|p1a: Slowking
|-damage|p1a: Slowking|78/100
|
|upkeep
|turn|7
|
|t:|1760764670
|move|p2a: Heatran|Scorching Sands|p1a: Slowking
|-supereffective|p1a: Slowking
|-damage|p1a: Slowking|50/100
|move|p1a: Slowking|Flamethrower|p2a: Heatran
|-start|p2a: Heatran|ability: Flash Fire
|
|upkeep
|turn|8
|
|t:|1760764682
|move|p2a: Heatran|Lava Plume|p1a: Slowking
|-damage|p1a: Slowking|13/100
|move|p1a: Slowking|Psychic Noise|p2a: Heatran
|-resisted|p2a: Heatran
|-damage|p2a: Heatran|89/100
|-start|p2a: Heatran|move: Heal Block
|-enditem|p2a: Heatran|Air Balloon
|
|upkeep
|turn|9
|
|t:|1760764693
|move|p2a: Heatran|Lava Plume|p1a: Slowking
|-damage|p1a: Slowking|0 fnt
|faint|p1a: Slowking
|
|-end|p2a: Heatran|move: Heal Block
|upkeep
|
|t:|1760764697
|switch|p1a: Enamorus|Enamorus, F, shiny|100/100
|turn|10
|
|t:|1760764704
|move|p1a: Enamorus|Earth Power|p2a: Heatran
|-supereffective|p2a: Heatran
|-damage|p2a: Heatran|0 fnt
|faint|p2a: Heatran
|
|upkeep
|
|t:|1760764722
|switch|p2a: Chansey|Chansey, F|100/100
|turn|11
|
|t:|1760764729
|switch|p1a: Primarina|Primarina, M, shiny|100/100
|move|p2a: Chansey|Thunder Wave|p1a: Primarina
|-status|p1a: Primarina|par
|
|upkeep
|turn|12
|
|t:|1760764737
|move|p2a: Chansey|Stealth Rock|p1a: Primarina
|-sidestart|p1: masquerade bail|move: Stealth Rock
|move|p1a: Primarina|Substitute|p1a: Primarina
|-start|p1a: Primarina|Substitute
|-damage|p1a: Primarina|76/100 par
|
|-heal|p1a: Primarina|82/100 par|[from] item: Leftovers
|upkeep
|turn|13
|
|t:|1760764745
|move|p2a: Chansey|Seismic Toss|p1a: Primarina
|-end|p1a: Primarina|Substitute
|move|p1a: Primarina|Whirlpool|p2a: Chansey
|-damage|p2a: Chansey|94/100
|-activate|p2a: Chansey|move: Whirlpool|[of] p1a: Primarina
|
|-heal|p1a: Primarina|88/100 par|[from] item: Leftovers
|-damage|p2a: Chansey|82/100|[from] move: Whirlpool|[partiallytrapped]
|upkeep
|turn|14
|
|t:|1760764755
|move|p2a: Chansey|Seismic Toss|p1a: Primarina
|-damage|p1a: Primarina|54/100 par
|cant|p1a: Primarina|par
|
|-heal|p1a: Primarina|60/100 par|[from] item: Leftovers
|-damage|p2a: Chansey|69/100|[from] move: Whirlpool|[partiallytrapped]
|upkeep
|turn|15
|
|t:|1760764767
|-terastallize|p1a: Primarina|Ghost
|move|p2a: Chansey|Seismic Toss|p1a: Primarina
|-immune|p1a: Primarina
|move|p1a: Primarina|Substitute|p1a: Primarina
|-start|p1a: Primarina|Substitute
|-damage|p1a: Primarina|35/100 par
|
|-heal|p1a: Primarina|41/100 par|[from] item: Leftovers
|-damage|p2a: Chansey|57/100|[from] move: Whirlpool|[partiallytrapped]
|upkeep
|turn|16
|
|t:|1760764780
|move|p2a: Chansey|Soft-Boiled|p2a: Chansey
|-heal|p2a: Chansey|100/100
|move|p1a: Primarina|Moonblast|p2a: Chansey
|-damage|p2a: Chansey|83/100
|
|-heal|p1a: Primarina|47/100 par|[from] item: Leftovers
|-damage|p2a: Chansey|70/100|[from] move: Whirlpool|[partiallytrapped]
|upkeep
|turn|17
|
|t:|1760764800
|move|p2a: Chansey|Thunder Wave||[still]
|-fail|p2a: Chansey
|cant|p1a: Primarina|par
|
|-heal|p1a: Primarina|53/100 par|[from] item: Leftovers
|-damage|p2a: Chansey|58/100|[from] move: Whirlpool|[partiallytrapped]
|upkeep
|turn|18
|
|t:|1760764808
|move|p2a: Chansey|Soft-Boiled|p2a: Chansey
|-heal|p2a: Chansey|100/100
|cant|p1a: Primarina|par
|
|-heal|p1a: Primarina|59/100 par|[from] item: Leftovers
|-end|p2a: Chansey|Whirlpool|[partiallytrapped]
|upkeep
|turn|19
|
|t:|1760764819
|switch|p2a: Ting-Lu|Ting-Lu|100/100
|-ability|p2a: Ting-Lu|Vessel of Ruin
|move|p1a: Primarina|Whirlpool|p2a: Ting-Lu
|-supereffective|p2a: Ting-Lu
|-damage|p2a: Ting-Lu|83/100
|-activate|p2a: Ting-Lu|move: Whirlpool|[of] p1a: Primarina
|
|-heal|p2a: Ting-Lu|89/100|[from] item: Leftovers
|-heal|p1a: Primarina|65/100 par|[from] item: Leftovers
|-damage|p2a: Ting-Lu|77/100|[from] move: Whirlpool|[partiallytrapped]
|upkeep
|turn|20
|
|t:|1760764833
|move|p2a: Ting-Lu|Earthquake|p1a: Primarina
|-end|p1a: Primarina|Substitute
|cant|p1a: Primarina|par
|
|-heal|p2a: Ting-Lu|83/100|[from] item: Leftovers
|-heal|p1a: Primarina|71/100 par|[from] item: Leftovers
|-damage|p2a: Ting-Lu|71/100|[from] move: Whirlpool|[partiallytrapped]
|upkeep
|turn|21
|
|t:|1760764843
|switch|p1a: Great Tusk|Great Tusk, shiny|100/100
|-damage|p1a: Great Tusk|98/100|[from] Stealth Rock
|move|p2a: Ting-Lu|Ruination|p1a: Great Tusk
|-damage|p1a: Great Tusk|49/100
|
|-heal|p2a: Ting-Lu|77/100|[from] item: Leftovers
|-end|p2a: Ting-Lu|Whirlpool|[partiallytrapped]|[silent]
|upkeep
|turn|22
|
|t:|1760764862
|switch|p2a: Krookodile|Krookodile, F|100/100
|-ability|p2a: Krookodile|Intimidate|boost
|-unboost|p1a: Great Tusk|atk|1
|move|p1a: Great Tusk|Ice Spinner|p2a: Krookodile
|-supereffective|p2a: Krookodile
|-damage|p2a: Krookodile|54/100
|
|upkeep
|turn|23
|
|t:|1760764875
|move|p2a: Krookodile|Gunk Shot|p1a: Great Tusk
|-resisted|p1a: Great Tusk
|-damage|p1a: Great Tusk|34/100
|-status|p1a: Great Tusk|psn
|move|p1a: Great Tusk|Headlong Rush|p2a: Krookodile
|-damage|p2a: Krookodile|1/100
|-unboost|p1a: Great Tusk|def|1
|-unboost|p1a: Great Tusk|spd|1
|
|-damage|p1a: Great Tusk|22/100 psn|[from] psn
|upkeep
|turn|24
|
|t:|1760764887
|move|p2a: Krookodile|Gunk Shot|p1a: Great Tusk
|-resisted|p1a: Great Tusk
|-crit|p1a: Great Tusk
|-damage|p1a: Great Tusk|0 fnt
|faint|p1a: Great Tusk
|-end|p1a: Great Tusk|Protosynthesis|[silent]
|
|upkeep
|
|t:|1760764909
|switch|p1a: Enamorus|Enamorus, F, shiny|100/100
|-damage|p1a: Enamorus|76/100|[from] Stealth Rock
|turn|25
|
|t:|1760764913
|move|p1a: Enamorus|Moonblast|p2a: Krookodile
|-supereffective|p2a: Krookodile
|-damage|p2a: Krookodile|0 fnt
|faint|p2a: Krookodile
|
|upkeep
|
|t:|1760764919
|switch|p2a: Chansey|Chansey, F|100/100
|turn|26
|
|t:|1760764929
|move|p1a: Enamorus|Moonblast|p2a: Chansey
|-damage|p2a: Chansey|82/100
|move|p2a: Chansey|Thunder Wave|p1a: Enamorus
|-status|p1a: Enamorus|par
|
|upkeep
|turn|27
|
|t:|1760764936
|cant|p1a: Enamorus|par
|move|p2a: Chansey|Seismic Toss|p1a: Enamorus
|-damage|p1a: Enamorus|41/100 par
|
|upkeep
|turn|28
|
|t:|1760764942
|switch|p1a: Primarina|Primarina, M, shiny, tera:Ghost|71/100 par
|-damage|p1a: Primarina|59/100 par|[from] Stealth Rock
|move|p2a: Chansey|Seismic Toss|p1a: Primarina
|-immune|p1a: Primarina
|
|-heal|p1a: Primarina|65/100 par|[from] item: Leftovers
|upkeep
|turn|29
|
|t:|1760764952
|switch|p2a: Ting-Lu|Ting-Lu|77/100
|-ability|p2a: Ting-Lu|Vessel of Ruin
|move|p1a: Primarina|Substitute|p1a: Primarina
|-start|p1a: Primarina|Substitute
|-damage|p1a: Primarina|40/100 par
|
|-heal|p2a: Ting-Lu|83/100|[from] item: Leftovers
|-heal|p1a: Primarina|46/100 par|[from] item: Leftovers
|upkeep
|turn|30
|
|t:|1760764963
|move|p2a: Ting-Lu|Earthquake|p1a: Primarina
|-end|p1a: Primarina|Substitute
|move|p1a: Primarina|Moonblast|p2a: Ting-Lu
|-supereffective|p2a: Ting-Lu
|-damage|p2a: Ting-Lu|41/100
|
|-heal|p2a: Ting-Lu|47/100|[from] item: Leftovers
|-heal|p1a: Primarina|52/100 par|[from] item: Leftovers
|upkeep
|turn|31
|
|t:|1760764972
|switch|p1a: Enamorus|Enamorus, F, shiny|41/100 par
|-damage|p1a: Enamorus|16/100 par|[from] Stealth Rock
|move|p2a: Ting-Lu|Earthquake|p1a: Enamorus
|-immune|p1a: Enamorus
|
|-heal|p2a: Ting-Lu|53/100|[from] item: Leftovers
|upkeep
|turn|32
|
|t:|1760764984
|switch|p2a: Chansey|Chansey, F|82/100
|move|p1a: Enamorus|Healing Wish|p1a: Enamorus
|faint|p1a: Enamorus
|
|upkeep
|
|t:|1760764986
|switch|p1a: Primarina|Primarina, M, shiny, tera:Ghost|52/100 par
|-heal|p1a: Primarina|100/100|[from] move: Healing Wish
|-damage|p1a: Primarina|88/100|[from] Stealth Rock
|turn|33
|
|t:|1760765010
|move|p1a: Primarina|Substitute|p1a: Primarina
|-start|p1a: Primarina|Substitute
|-damage|p1a: Primarina|63/100
|move|p2a: Chansey|Thunder Wave||[still]
|-fail|p2a: Chansey
|
|-heal|p1a: Primarina|69/100|[from] item: Leftovers
|upkeep
|turn|34
|
|t:|1760765025
|switch|p2a: Ting-Lu|Ting-Lu|53/100
|-ability|p2a: Ting-Lu|Vessel of Ruin
|move|p1a: Primarina|Whirlpool|p2a: Ting-Lu|[miss]
|-miss|p1a: Primarina|p2a: Ting-Lu
|
|-heal|p1a: Primarina|75/100|[from] item: Leftovers
|-heal|p2a: Ting-Lu|59/100|[from] item: Leftovers
|upkeep
|turn|35
|
|t:|1760765040
|move|p1a: Primarina|Moonblast|p2a: Ting-Lu
|-supereffective|p2a: Ting-Lu
|-damage|p2a: Ting-Lu|18/100
|-unboost|p2a: Ting-Lu|spa|1
|move|p2a: Ting-Lu|Earthquake|p1a: Primarina
|-end|p1a: Primarina|Substitute
|
|-heal|p1a: Primarina|81/100|[from] item: Leftovers
|-heal|p2a: Ting-Lu|25/100|[from] item: Leftovers
|upkeep
|turn|36
|
|t:|1760765052
|move|p1a: Primarina|Moonblast|p2a: Ting-Lu
|-supereffective|p2a: Ting-Lu
|-damage|p2a: Ting-Lu|0 fnt
|faint|p2a: Ting-Lu
|
|-heal|p1a: Primarina|87/100|[from] item: Leftovers
|upkeep
|-message|acavemana forfeited.
|
|win|masquerade bail
|raw|masquerade bail's rating: 1284 &rarr; <strong>1305</strong><br />(+21 for winning)
|raw|acavemana's rating: 1222 &rarr; <strong>1201</strong><br />(-21 for losing)
|l|☆acavemana
|player|p2|
|l|☆masquerade bail
|player|p1|
