|j|☆Nice Mice
|j|☆I_HATE_ZOROARK
|t:|1760782952
|gametype|singles
|player|p1|Nice Mice|caitlin|1130
|player|p2|I_HATE_ZOROARK|beauty-gen4dp|1164
|gen|9
|tier|[Gen 9] OU
|rated|
|rule|HP Percentage Mod: HP is shown in percentages
|rule|Endless Battle Clause: Forcing endless battles is banned
|rule|Species Clause: Limit one of each Pokémon
|rule|OHKO Clause: OHKO moves are banned
|rule|Evasion Items Clause: Evasion items are banned
|rule|Evasion Moves Clause: Evasion moves are banned
|rule|Evasion Abilities Clause: Evasion abilities are banned
|rule|Sleep Moves Clause: Sleep-inducing moves are banned
|clearpoke
|poke|p1|Tyranitar, M|
|poke|p1|Gholdengo|
|poke|p1|Zamazenta-*|
|poke|p1|Rillaboom, M|
|poke|p1|Garchomp, F|
|poke|p1|Zapdos|
|poke|p2|Scizor, F|
|poke|p2|Thundurus-Therian, M|
|poke|p2|Dragonite, F|
|poke|p2|Zamazenta-*|
|poke|p2|Meowscarada, F|
|poke|p2|Azumarill, F|
|teampreview
|inactive|Battle timer is ON: inactive players will automatically lose when time's up. (requested by Nice Mice)
|
|t:|1760782959
|teamsize|p1|6
|teamsize|p2|6
|start
|switch|p1a: Rillaboom|Rillaboom, M|100/100
|switch|p2a: Azumarill|Azumarill, F|100/100
|-fieldstart|move: Grassy Terrain|[from] ability: Grassy Surge|[of] p1a: Rillaboom
|turn|1
|
|t:|1760782966
|move|p1a: Rillaboom|U-turn|p2a: Azumarill
|-resisted|p2a: Azumarill
|-damage|p2a: Azumarill|88/100
|
|t:|1760782969
|switch|p1a: Zapdos|Zapdos|100/100|[from] U-turn
|move|p2a: Azumarill|Ice Spinner|p1a: Zapdos
|-supereffective|p1a: Zapdos
|-damage|p1a: Zapdos|3/100
|-fieldend|move: Grassy Terrain
|-damage|p2a: Azumarill|78/100|[from] item: Life Orb
|
|upkeep
|turn|2
|
|t:|1760782974
|move|p2a: Azumarill|Aqua Jet|p1a: Zapdos
|-damage|p1a: Zapdos|0 fnt
|faint|p1a: Zapdos
|-damage|p2a: Azumarill|68/100|[from] item: Life Orb
|
|upkeep
|
|t:|1760782976
|switch|p1a: Rillaboom|Rillaboom, M|100/100
|-fieldstart|move: Grassy Terrain|[from] ability: Grassy Surge|[of] p1a: Rillaboom
|turn|3
|
|t:|1760782982
|-terastallize|p1a: Rillaboom|Grass
|move|p1a: Rillaboom|Grassy Glide|p2a: Azumarill
|-supereffective|p2a: Azumarill
|-damage|p2a: Azumarill|0 fnt
|faint|p2a: Azumarill
|
|upkeep
|
|t:|1760782992
|switch|p2a: Meowscarada|Meowscarada, F|100/100
|turn|4
|
|t:|1760782997
|move|p2a: Meowscarada|Fling|p1a: Rillaboom
|-start|p2a: Meowscarada|typechange|Dark|[from] ability: Protean
|-damage|p1a: Rillaboom|84/100
|-status|p1a: Rillaboom|tox
|-enditem|p2a: Meowscarada|Toxic Orb|[from] move: Fling
|move|p1a: Rillaboom|U-turn|p2a: Meowscarada
|-supereffective|p2a: Meowscarada
|-crit|p2a: Meowscarada
|-damage|p2a: Meowscarada|0 fnt
|faint|p2a: Meowscarada
|
|t:|1760783010
|switch|p1a: Tyranitar|Tyranitar, M|100/100|[from] U-turn
|-weather|Sandstorm|[from] ability: Sand Stream|[of] p1a: Tyranitar
|
|-weather|Sandstorm|[upkeep]
|upkeep
|
|t:|1760783013
|switch|p2a: Zamazenta|Zamazenta|100/100
|-ability|p2a: Zamazenta|Dauntless Shield|boost
|-boost|p2a: Zamazenta|def|1
|turn|5
|
|t:|1760783017
|switch|p1a: Gholdengo|Gholdengo|100/100
|-item|p1a: Gholdengo|Air Balloon
|move|p2a: Zamazenta|Iron Defense|p2a: Zamazenta
|-boost|p2a: Zamazenta|def|2
|
|-weather|Sandstorm|[upkeep]
|-damage|p2a: Zamazenta|94/100|[from] Sandstorm
|-heal|p2a: Zamazenta|100/100|[from] Grassy Terrain
|upkeep
|turn|6
|
|t:|1760783021
|move|p2a: Zamazenta|Wild Charge|p1a: Gholdengo
|-damage|p1a: Gholdengo|84/100
|-enditem|p1a: Gholdengo|Air Balloon
|-damage|p2a: Zamazenta|96/100|[from] Recoil
|move|p1a: Gholdengo|Thunder Wave|p2a: Zamazenta
|-status|p2a: Zamazenta|par
|
|-weather|Sandstorm|[upkeep]
|-damage|p2a: Zamazenta|89/100 par|[from] Sandstorm
|-heal|p1a: Gholdengo|90/100|[from] Grassy Terrain
|-heal|p2a: Zamazenta|96/100 par|[from] Grassy Terrain
|-heal|p2a: Zamazenta|100/100 par|[from] item: Leftovers
|upkeep
|turn|7
|
|t:|1760783026
|move|p1a: Gholdengo|Hex|p2a: Zamazenta
|-damage|p2a: Zamazenta|45/100 par
|cant|p2a: Zamazenta|par
|
|-weather|Sandstorm|[upkeep]
|-damage|p2a: Zamazenta|39/100 par|[from] Sandstorm
|-heal|p1a: Gholdengo|96/100|[from] Grassy Terrain
|-heal|p2a: Zamazenta|45/100 par|[from] Grassy Terrain
|-heal|p2a: Zamazenta|51/100 par|[from] item: Leftovers
|-fieldend|move: Grassy Terrain
|upkeep
|turn|8
|
|t:|1760783031
|move|p1a: Gholdengo|Hex|p2a: Zamazenta
|-damage|p2a: Zamazenta|0 fnt
|faint|p2a: Zamazenta
|
|-weather|none
|upkeep
|
|t:|1760783034
|switch|p2a: Dragonite|Dragonite, F|100/100
|turn|9
|
|t:|1760783039
|move|p2a: Dragonite|Dragon Dance|p2a: Dragonite
|-boost|p2a: Dragonite|atk|1
|-boost|p2a: Dragonite|spe|1
|move|p1a: Gholdengo|Make It Rain|p2a: Dragonite
|-damage|p2a: Dragonite|71/100
|-unboost|p1a: Gholdengo|spa|1
|
|-heal|p2a: Dragonite|77/100|[from] item: Leftovers
|upkeep
|turn|10
|
|t:|1760783048
|move|p2a: Dragonite|Earthquake|p1a: Gholdengo
|-supereffective|p1a: Gholdengo
|-damage|p1a: Gholdengo|22/100
|move|p1a: Gholdengo|Thunder Wave|p2a: Dragonite
|-status|p2a: Dragonite|par
|
|-heal|p2a: Dragonite|83/100 par|[from] item: Leftovers
|upkeep
|turn|11
|
|t:|1760783055
|move|p1a: Gholdengo|Recover|p1a: Gholdengo
|-heal|p1a: Gholdengo|72/100
|move|p2a: Dragonite|Earthquake|p1a: Gholdengo
|-supereffective|p1a: Gholdengo
|-damage|p1a: Gholdengo|0 fnt
|faint|p1a: Gholdengo
|
|-heal|p2a: Dragonite|90/100 par|[from] item: Leftovers
|upkeep
|
|t:|1760783062
|switch|p1a: Tyranitar|Tyranitar, M|100/100
|-weather|Sandstorm|[from] ability: Sand Stream|[of] p1a: Tyranitar
|turn|12
|
|t:|1760783078
|-terastallize|p2a: Dragonite|Normal
|move|p1a: Tyranitar|Ice Punch|p2a: Dragonite
|-damage|p2a: Dragonite|62/100 par
|move|p2a: Dragonite|Earthquake|p1a: Tyranitar
|-supereffective|p1a: Tyranitar
|-damage|p1a: Tyranitar|0 fnt
|faint|p1a: Tyranitar
|
|-weather|Sandstorm|[upkeep]
|-damage|p2a: Dragonite|56/100 par|[from] Sandstorm
|-heal|p2a: Dragonite|62/100 par|[from] item: Leftovers
|upkeep
|
|t:|1760783089
|switch|p1a: Zamazenta|Zamazenta|100/100
|-ability|p1a: Zamazenta|Dauntless Shield|boost
|-boost|p1a: Zamazenta|def|1
|turn|13
|
|t:|1760783095
|cant|p2a: Dragonite|par
|move|p1a: Zamazenta|Heavy Slam|p2a: Dragonite
|-damage|p2a: Dragonite|48/100 par
|
|-weather|Sandstorm|[upkeep]
|-damage|p1a: Zamazenta|94/100|[from] Sandstorm
|-damage|p2a: Dragonite|41/100 par|[from] Sandstorm
|-heal|p2a: Dragonite|48/100 par|[from] item: Leftovers
|upkeep
|turn|14
|
|t:|1760783100
|move|p2a: Dragonite|Extreme Speed|p1a: Zamazenta
|-damage|p1a: Zamazenta|47/100
|move|p1a: Zamazenta|Close Combat|p2a: Dragonite
|-supereffective|p2a: Dragonite
|-crit|p2a: Dragonite
|-damage|p2a: Dragonite|0 fnt
|-unboost|p1a: Zamazenta|def|1
|-unboost|p1a: Zamazenta|spd|1
|faint|p2a: Dragonite
|
|-weather|Sandstorm|[upkeep]
|-damage|p1a: Zamazenta|41/100|[from] Sandstorm
|upkeep
|
|t:|1760783114
|switch|p2a: Thundurus|Thundurus-Therian, M|100/100
|turn|15
|
|t:|1760783119
|move|p2a: Thundurus|Psychic|p1a: Zamazenta
|-supereffective|p1a: Zamazenta
|-damage|p1a: Zamazenta|0 fnt
|faint|p1a: Zamazenta
|
|-weather|Sandstorm|[upkeep]
|-damage|p2a: Thundurus|94/100|[from] Sandstorm
|upkeep
|
|t:|1760783122
|switch|p1a: Garchomp|Garchomp, F|100/100
|turn|16
|
|t:|1760783128
|move|p2a: Thundurus|Nasty Plot|p2a: Thundurus
|-boost|p2a: Thundurus|spa|2
|move|p1a: Garchomp|Dragon Tail|p2a: Thundurus
|-damage|p2a: Thundurus|54/100
|drag|p2a: Scizor|Scizor, F|100/100
|
|-weather|none
|upkeep
|turn|17
|
|t:|1760783136
|move|p2a: Scizor|Knock Off|p1a: Garchomp
|-damage|p1a: Garchomp|80/100
|-damage|p2a: Scizor|88/100|[from] ability: Rough Skin|[of] p1a: Garchomp
|-damage|p2a: Scizor|72/100|[from] item: Rocky Helmet|[of] p1a: Garchomp
|-enditem|p1a: Garchomp|Rocky Helmet|[from] move: Knock Off|[of] p2a: Scizor
|move|p1a: Garchomp|Earthquake|p2a: Scizor
|-damage|p2a: Scizor|16/100
|
|upkeep
|turn|18
|
|t:|1760783145
|move|p2a: Scizor|Bullet Punch|p1a: Garchomp
|-damage|p1a: Garchomp|59/100
|-damage|p2a: Scizor|4/100|[from] ability: Rough Skin|[of] p1a: Garchomp
|move|p1a: Garchomp|Stealth Rock|p2a: Scizor
|-sidestart|p2: I_HATE_ZOROARK|move: Stealth Rock
|
|upkeep
|turn|19
|
|t:|1760783154
|move|p2a: Scizor|Bullet Punch|p1a: Garchomp
|-damage|p1a: Garchomp|41/100
|-damage|p2a: Scizor|0 fnt|[from] ability: Rough Skin|[of] p1a: Garchomp
|faint|p2a: Scizor
|move|p1a: Garchomp|Dragon Tail|p2: Scizor|[notarget]
|-fail|p1a: Garchomp
|
|upkeep
|
|t:|1760783157
|switch|p2a: Thundurus|Thundurus-Therian, M|54/100
|turn|20
|
|t:|1760783165
|move|p2a: Thundurus|Focus Blast|p1a: Garchomp
|-damage|p1a: Garchomp|1/100
|move|p1a: Garchomp|Dragon Tail|p2a: Thundurus
|-damage|p2a: Thundurus|14/100
|
|upkeep
|turn|21
|
|t:|1760783172
|move|p2a: Thundurus|Psychic|p1a: Garchomp
|-damage|p1a: Garchomp|0 fnt
|faint|p1a: Garchomp
|
|upkeep
|
|t:|1760783174
|switch|p1a: Rillaboom|Rillaboom, M, tera:Grass|84/100 tox
|-fieldstart|move: Grassy Terrain|[from] ability: Grassy Surge|[of] p1a: Rillaboom
|turn|22
|
|t:|1760783178
|move|p1a: Rillaboom|Grassy Glide|p2a: Thundurus
|-resisted|p2a: Thundurus
|-damage|p2a: Thundurus|0 fnt
|faint|p2a: Thundurus
|
|win|Nice Mice
|raw|Nice Mice's rating: 1130 &rarr; <strong>1157</strong><br />(+27 for winning)
|raw|I_HATE_ZOROARK's rating: 1164 &rarr; <strong>1137</strong><br />(-27 for losing)
|l|☆I_HATE_ZOROARK
|player|p2|
