|j|☆YJIOG
|j|☆yuhy
|t:|1760829710
|gametype|singles
|player|p1|YJIOG|scientist-gen4dp|1437
|player|p2|yuhy|benga|1438
|gen|9
|tier|[Gen 9] OU
|rated|
|rule|HP Percentage Mod: HP is shown in percentages
|rule|Endless Battle Clause: Forcing endless battles is banned
|rule|Species Clause: Limit one of each Pokémon
|rule|OHKO Clause: OHKO moves are banned
|rule|Evasion Items Clause: Evasion items are banned
|rule|Evasion Moves Clause: Evasion moves are banned
|rule|Evasion Abilities Clause: Evasion abilities are banned
|rule|Sleep Moves Clause: Sleep-inducing moves are banned
|clearpoke
|poke|p1|Electivire, F|
|poke|p1|Alomomola, M|
|poke|p1|Dragapult, M|
|poke|p1|Hydrapple, F|
|poke|p1|Great Tusk|
|poke|p1|Goodra-Hisui, M|
|poke|p2|Dragapult, F|
|poke|p2|Ogerpon-Wellspring, F|
|poke|p2|Iron Valiant|
|poke|p2|Clefable, F|
|poke|p2|Corviknight, F|
|poke|p2|Ting-Lu|
|teampreview
|inactive|Battle timer is ON: inactive players will automatically lose when time's up. (requested by YJIOG)
|
|t:|1760829784
|teamsize|p1|6
|teamsize|p2|6
|start
|switch|p1a: Great Tusk|Great Tusk|100/100
|switch|p2a: Ting-Lu|Ting-Lu|100/100
|-ability|p2a: Ting-Lu|Vessel of Ruin
|turn|1
|
|t:|1760829791
|switch|p2a: Clefable|Clefable, F|100/100
|move|p1a: Great Tusk|Stealth Rock|p2a: Clefable
|-sidestart|p2: yuhy|move: Stealth Rock
|
|upkeep
|turn|2
|
|t:|1760829805
|-end|p1a: Great Tusk|Protosynthesis|[silent]
|switch|p1a: Goodra|Goodra-Hisui, M|100/100
|move|p2a: Clefable|Stealth Rock|p1a: Goodra
|-sidestart|p1: YJIOG|move: Stealth Rock
|
|upkeep
|turn|3
|
|t:|1760829811
|move|p2a: Clefable|Thunder Wave|p1a: Goodra|[miss]
|-miss|p2a: Clefable|p1a: Goodra
|move|p1a: Goodra|Knock Off|p2a: Clefable
|-resisted|p2a: Clefable
|-damage|p2a: Clefable|87/100
|-damage|p1a: Goodra|84/100|[from] item: Rocky Helmet|[of] p2a: Clefable
|-enditem|p2a: Clefable|Rocky Helmet|[from] move: Knock Off|[of] p1a: Goodra
|
|upkeep
|turn|4
|
|t:|1760829819
|move|p2a: Clefable|Moonblast|p1a: Goodra
|-damage|p1a: Goodra|71/100
|move|p1a: Goodra|Flash Cannon|p2a: Clefable
|-supereffective|p2a: Clefable
|-damage|p2a: Clefable|39/100
|
|upkeep
|turn|5
|
|t:|1760829834
|switch|p2a: Ting-Lu|Ting-Lu|100/100
|-damage|p2a: Ting-Lu|94/100|[from] Stealth Rock
|-ability|p2a: Ting-Lu|Vessel of Ruin
|move|p1a: Goodra|Flash Cannon|p2a: Ting-Lu
|-damage|p2a: Ting-Lu|85/100
|
|upkeep
|turn|6
|
|t:|1760829843
|switch|p1a: Alomomola|Alomomola, M|100/100
|move|p2a: Ting-Lu|Ruination|p1a: Alomomola
|-damage|p1a: Alomomola|50/100
|
|upkeep
|turn|7
|
|t:|1760829851
|switch|p2a: Clefable|Clefable, F|39/100
|move|p1a: Alomomola|Scald|p2a: Clefable
|-damage|p2a: Clefable|30/100
|-status|p2a: Clefable|brn
|
|upkeep
|turn|8
|
|t:|1760829859
|move|p1a: Alomomola|Flip Turn|p2a: Clefable
|-damage|p2a: Clefable|10/100 brn
|
|t:|1760829861
|switch|p1a: Goodra|Goodra-Hisui, M|71/100|[from] Flip Turn
|-damage|p1a: Goodra|65/100|[from] Stealth Rock
|move|p2a: Clefable|Moonlight|p2a: Clefable
|-heal|p2a: Clefable|60/100 brn
|
|upkeep
|turn|9
|
|t:|1760829870
|switch|p2a: Ting-Lu|Ting-Lu|85/100
|-damage|p2a: Ting-Lu|79/100|[from] Stealth Rock
|-ability|p2a: Ting-Lu|Vessel of Ruin
|move|p1a: Goodra|Flash Cannon|p2a: Ting-Lu
|-crit|p2a: Ting-Lu
|-damage|p2a: Ting-Lu|67/100
|
|upkeep
|turn|10
|
|t:|1760829879
|switch|p1a: Alomomola|Alomomola, M|84/100
|move|p2a: Ting-Lu|Earthquake|p1a: Alomomola
|-damage|p1a: Alomomola|65/100
|
|upkeep
|turn|11
|
|t:|1760829889
|switch|p2a: Ogerpon|Ogerpon-Wellspring, F|100/100
|-damage|p2a: Ogerpon|88/100|[from] Stealth Rock
|move|p1a: Alomomola|Flip Turn|p2a: Ogerpon
|-heal|p2a: Ogerpon|100/100|[from] ability: Water Absorb|[of] p1a: Alomomola
|
|upkeep
|turn|12
|
|t:|1760829897
|switch|p1a: Hydrapple|Hydrapple, F|100/100
|move|p2a: Ogerpon|Spikes|p1a: Hydrapple
|-sidestart|p1: YJIOG|Spikes
|
|upkeep
|turn|13
|
|t:|1760829902
|switch|p2a: Ting-Lu|Ting-Lu|67/100
|-damage|p2a: Ting-Lu|61/100|[from] Stealth Rock
|-ability|p2a: Ting-Lu|Vessel of Ruin
|move|p1a: Hydrapple|Nasty Plot|p1a: Hydrapple
|-boost|p1a: Hydrapple|spa|2
|
|upkeep
|turn|14
|
|t:|1760829911
|move|p2a: Ting-Lu|Ruination|p1a: Hydrapple
|-damage|p1a: Hydrapple|50/100
|move|p1a: Hydrapple|Giga Drain|p2a: Ting-Lu
|-supereffective|p2a: Ting-Lu
|-damage|p2a: Ting-Lu|26/100
|-heal|p1a: Hydrapple|72/100|[from] drain|[of] p2a: Ting-Lu
|
|upkeep
|turn|15
|
|t:|1760829919
|move|p2a: Ting-Lu|Ruination|p1a: Hydrapple
|-damage|p1a: Hydrapple|36/100
|move|p1a: Hydrapple|Giga Drain|p2a: Ting-Lu
|-supereffective|p2a: Ting-Lu
|-damage|p2a: Ting-Lu|0 fnt
|-heal|p1a: Hydrapple|52/100|[from] drain|[of] p2a: Ting-Lu
|faint|p2a: Ting-Lu
|
|upkeep
|
|t:|1760829946
|switch|p2a: Dragapult|Dragapult, F|100/100
|-damage|p2a: Dragapult|88/100|[from] Stealth Rock
|turn|16
|
|t:|1760829952
|switch|p1a: Goodra|Goodra-Hisui, M|65/100
|-damage|p1a: Goodra|59/100|[from] Stealth Rock
|-damage|p1a: Goodra|47/100|[from] Spikes
|move|p2a: Dragapult|U-turn|p1a: Goodra
|-resisted|p1a: Goodra
|-damage|p1a: Goodra|38/100
|
|t:|1760829961
|switch|p2a: Iron Valiant|Iron Valiant|100/100|[from] U-turn
|-damage|p2a: Iron Valiant|94/100|[from] Stealth Rock
|-enditem|p2a: Iron Valiant|Booster Energy
|-activate|p2a: Iron Valiant|ability: Quark Drive|[fromitem]
|-start|p2a: Iron Valiant|quarkdrivespe
|
|upkeep
|turn|17
|
|t:|1760829976
|-terastallize|p1a: Goodra|Fairy
|move|p2a: Iron Valiant|Close Combat|p1a: Goodra
|-resisted|p1a: Goodra
|-damage|p1a: Goodra|7/100
|-unboost|p2a: Iron Valiant|def|1
|-unboost|p2a: Iron Valiant|spd|1
|move|p1a: Goodra|Flash Cannon|p2a: Iron Valiant
|-supereffective|p2a: Iron Valiant
|-damage|p2a: Iron Valiant|0 fnt
|faint|p2a: Iron Valiant
|-end|p2a: Iron Valiant|Quark Drive|[silent]
|
|upkeep
|
|t:|1760829983
|switch|p2a: Ogerpon|Ogerpon-Wellspring, F|100/100
|-damage|p2a: Ogerpon|88/100|[from] Stealth Rock
|turn|18
|
|t:|1760829992
|switch|p1a: Hydrapple|Hydrapple, F|85/100
|move|p2a: Ogerpon|Ivy Cudgel|p1a: Hydrapple|[anim] Ivy Cudgel Water
|-resisted|p1a: Hydrapple
|-damage|p1a: Hydrapple|77/100
|
|upkeep
|turn|19
|
|t:|1760830000
|switch|p2a: Corviknight|Corviknight, F|100/100
|-damage|p2a: Corviknight|88/100|[from] Stealth Rock
|-ability|p2a: Corviknight|Pressure
|move|p1a: Hydrapple|Fickle Beam|p2a: Corviknight
|-resisted|p2a: Corviknight
|-damage|p2a: Corviknight|71/100
|
|upkeep
|turn|20
|
|t:|1760830010
|switch|p1a: Great Tusk|Great Tusk|100/100
|move|p2a: Corviknight|U-turn|p1a: Great Tusk
|-resisted|p1a: Great Tusk
|-damage|p1a: Great Tusk|95/100
|
|t:|1760830013
|switch|p2a: Dragapult|Dragapult, F|88/100|[from] U-turn
|-damage|p2a: Dragapult|76/100|[from] Stealth Rock
|
|upkeep
|turn|21
|
|t:|1760830023
|-end|p1a: Great Tusk|Protosynthesis|[silent]
|switch|p1a: Goodra|Goodra-Hisui, M, tera:Fairy|7/100
|-damage|p1a: Goodra|0 fnt|[from] Stealth Rock
|faint|p1a: Goodra
|move|p2a: Dragapult|Draco Meteor|p1: Goodra|[notarget]
|-fail|p2a: Dragapult
|
|upkeep
|
|t:|1760830035
|switch|p1a: Dragapult|Dragapult, M|100/100
|-damage|p1a: Dragapult|88/100|[from] Stealth Rock
|-damage|p1a: Dragapult|76/100|[from] Spikes
|turn|22
|
|t:|1760830045
|switch|p2a: Clefable|Clefable, F|60/100 brn
|move|p1a: Dragapult|Shadow Ball|p2a: Clefable
|-damage|p2a: Clefable|20/100 brn
|
|upkeep
|turn|23
|
|t:|1760830051
|move|p1a: Dragapult|Shadow Ball|p2a: Clefable
|-damage|p2a: Clefable|0 fnt
|faint|p2a: Clefable
|
|upkeep
|
|t:|1760830057
|switch|p2a: Dragapult|Dragapult, F|76/100
|-damage|p2a: Dragapult|64/100|[from] Stealth Rock
|turn|24
|
|t:|1760830065
|-terastallize|p2a: Dragapult|Dark
|move|p2a: Dragapult|Draco Meteor|p1a: Dragapult|[miss]
|-miss|p2a: Dragapult|p1a: Dragapult
|move|p1a: Dragapult|Shadow Ball|p2a: Dragapult
|-resisted|p2a: Dragapult
|-damage|p2a: Dragapult|26/100
|
|upkeep
|turn|25
|
|t:|1760830074
|move|p2a: Dragapult|Draco Meteor|p1a: Dragapult
|-supereffective|p1a: Dragapult
|-damage|p1a: Dragapult|0 fnt
|-unboost|p2a: Dragapult|spa|2
|faint|p1a: Dragapult
|
|upkeep
|
|t:|1760830082
|switch|p1a: Great Tusk|Great Tusk|95/100
|turn|26
|
|t:|1760830087
|switch|p2a: Corviknight|Corviknight, F|71/100
|-damage|p2a: Corviknight|59/100|[from] Stealth Rock
|-ability|p2a: Corviknight|Pressure
|move|p1a: Great Tusk|Rapid Spin|p2a: Corviknight
|-resisted|p2a: Corviknight
|-damage|p2a: Corviknight|54/100
|-boost|p1a: Great Tusk|spe|1
|-damage|p1a: Great Tusk|79/100|[from] item: Rocky Helmet|[of] p2a: Corviknight
|-sideend|p1: YJIOG|Spikes|[from] move: Rapid Spin|[of] p1a: Great Tusk
|-sideend|p1: YJIOG|Stealth Rock|[from] move: Rapid Spin|[of] p1a: Great Tusk
|
|upkeep
|turn|27
|
|t:|1760830098
|-end|p1a: Great Tusk|Protosynthesis|[silent]
|switch|p1a: Electivire|Electivire, F|100/100
|move|p2a: Corviknight|Defog|p1a: Electivire
|-unboost|p1a: Electivire|evasion|1
|-sideend|p2: yuhy|Stealth Rock|[from] move: Defog|[of] p2a: Corviknight
|
|upkeep
|turn|28
|
|t:|1760830109
|move|p1a: Electivire|Thunderbolt|p2a: Corviknight
|-supereffective|p2a: Corviknight
|-damage|p2a: Corviknight|0 fnt
|faint|p2a: Corviknight
|-damage|p1a: Electivire|91/100|[from] item: Life Orb
|
|upkeep
|
|t:|1760830130
|switch|p2a: Ogerpon|Ogerpon-Wellspring, F|88/100
|turn|29
|
|t:|1760830134
|switch|p1a: Hydrapple|Hydrapple, F|100/100
|move|p2a: Ogerpon|Ivy Cudgel|p1a: Hydrapple|[anim] Ivy Cudgel Water
|-resisted|p1a: Hydrapple
|-damage|p1a: Hydrapple|92/100
|
|upkeep
|turn|30
|inactive|yuhy has 120 seconds left.
|
|t:|1760830166
|move|p2a: Ogerpon|Spikes|p1a: Hydrapple
|-sidestart|p1: YJIOG|Spikes
|move|p1a: Hydrapple|Fickle Beam|p2a: Ogerpon
|-damage|p2a: Ogerpon|47/100
|
|upkeep
|turn|31
|inactive|yuhy has 120 seconds left.
|
|t:|1760830175
|move|p2a: Ogerpon|Ivy Cudgel|p1a: Hydrapple|[anim] Ivy Cudgel Water
|-resisted|p1a: Hydrapple
|-damage|p1a: Hydrapple|84/100
|move|p1a: Hydrapple|Fickle Beam|p2a: Ogerpon
|-damage|p2a: Ogerpon|10/100
|
|upkeep
|turn|32
|
|t:|1760830182
|move|p2a: Ogerpon|Ivy Cudgel|p1a: Hydrapple|[anim] Ivy Cudgel Water
|-resisted|p1a: Hydrapple
|-crit|p1a: Hydrapple
|-damage|p1a: Hydrapple|72/100
|move|p1a: Hydrapple|Giga Drain|p2a: Ogerpon
|-damage|p2a: Ogerpon|0 fnt
|-heal|p1a: Hydrapple|75/100|[from] drain|[of] p2a: Ogerpon
|faint|p2a: Ogerpon
|
|upkeep
|
|t:|1760830185
|switch|p2a: Dragapult|Dragapult, F, tera:Dark|26/100
|turn|33
|
|t:|1760830194
|switch|p1a: Electivire|Electivire, F|91/100
|-damage|p1a: Electivire|78/100|[from] Spikes
|move|p2a: Dragapult|Draco Meteor|p1a: Electivire|[miss]
|-miss|p2a: Dragapult|p1a: Electivire
|
|upkeep
|turn|34
|
|t:|1760830202
|move|p2a: Dragapult|Draco Meteor|p1a: Electivire|[miss]
|-miss|p2a: Dragapult|p1a: Electivire
|move|p1a: Electivire|Thunderbolt|p2a: Dragapult
|-damage|p2a: Dragapult|0 fnt
|faint|p2a: Dragapult
|-damage|p1a: Electivire|68/100|[from] item: Life Orb
|
|win|YJIOG
|raw|YJIOG's rating: 1437 &rarr; <strong>1456</strong><br />(+19 for winning)
|raw|yuhy's rating: 1419 &rarr; <strong>1400</strong><br />(-19 for losing)
|l|☆yuhy
|player|p2|
|l|☆YJIOG
|player|p1|
