|j|☆aquagoboom
|j|☆tomatic
|t:|1760792760
|gametype|singles
|player|p1|aquagoboom|169|1534
|player|p2|tomatic|blackbelt-gen4dp|1502
|gen|9
|tier|[Gen 9] OU
|rated|
|rule|HP Percentage Mod: HP is shown in percentages
|rule|Endless Battle Clause: Forcing endless battles is banned
|rule|Species Clause: Limit one of each Pokémon
|rule|OHKO Clause: OHKO moves are banned
|rule|Evasion Items Clause: Evasion items are banned
|rule|Evasion Moves Clause: Evasion moves are banned
|rule|Evasion Abilities Clause: Evasion abilities are banned
|rule|Sleep Moves Clause: Sleep-inducing moves are banned
|clearpoke
|poke|p1|Garchomp, M|
|poke|p1|Darkrai|
|poke|p1|Gholdengo|
|poke|p1|Ogerpon-Wellspring, F|
|poke|p1|Iron Valiant|
|poke|p1|Iron Treads|
|poke|p2|Maushold-Four|
|poke|p2|Scizor, F|
|poke|p2|Landorus-Therian, M|
|poke|p2|Dragonite, F|
|poke|p2|Hatterene, F|
|poke|p2|Rotom-Wash|
|teampreview
|
|t:|1760792777
|teamsize|p1|6
|teamsize|p2|6
|start
|switch|p1a: Gholdengo|Gholdengo|100/100
|switch|p2a: Rotom|Rotom-Wash|100/100
|-item|p1a: Gholdengo|Air Balloon
|turn|1
|
|t:|1760792795
|switch|p1a: Ogerpon|Ogerpon-Wellspring, F|100/100
|move|p2a: Rotom|Volt Switch|p1a: Ogerpon
|-damage|p1a: Ogerpon|65/100
|
|t:|1760792811
|switch|p2a: Landorus|Landorus-Therian, M|100/100|[from] Volt Switch
|-ability|p2a: Landorus|Intimidate|boost
|-unboost|p1a: Ogerpon|atk|1
|
|upkeep
|turn|2
|
|t:|1760792818
|switch|p1a: Garchomp|Garchomp, M|100/100
|move|p2a: Landorus|U-turn|p1a: Garchomp
|-damage|p1a: Garchomp|86/100
|-damage|p2a: Landorus|88/100|[from] ability: Rough Skin|[of] p1a: Garchomp
|-damage|p2a: Landorus|72/100|[from] item: Rocky Helmet|[of] p1a: Garchomp
|
|t:|1760792825
|switch|p2a: Hatterene|Hatterene, F|100/100|[from] U-turn
|
|upkeep
|turn|3
|
|t:|1760792833
|switch|p1a: Iron Treads|Iron Treads|100/100
|move|p2a: Hatterene|Mystical Fire|p1a: Iron Treads
|-supereffective|p1a: Iron Treads
|-crit|p1a: Iron Treads
|-damage|p1a: Iron Treads|13/100
|-unboost|p1a: Iron Treads|spa|1
|
|-heal|p1a: Iron Treads|19/100|[from] item: Leftovers
|upkeep
|turn|4
|
|t:|1760792837
|move|p1a: Iron Treads|Knock Off|p2a: Hatterene
|-damage|p2a: Hatterene|72/100
|-enditem|p2a: Hatterene|Assault Vest|[from] move: Knock Off|[of] p1a: Iron Treads
|move|p2a: Hatterene|Mystical Fire|p1a: Iron Treads
|-supereffective|p1a: Iron Treads
|-damage|p1a: Iron Treads|0 fnt
|faint|p1a: Iron Treads
|-end|p1a: Iron Treads|Quark Drive|[silent]
|
|upkeep
|
|t:|1760792842
|switch|p1a: Gholdengo|Gholdengo|100/100
|-item|p1a: Gholdengo|Air Balloon
|turn|5
|
|t:|1760792858
|switch|p1a: Ogerpon|Ogerpon-Wellspring, F|65/100
|switch|p2a: Rotom|Rotom-Wash|100/100
|
|upkeep
|turn|6
|
|t:|1760792862
|move|p2a: Rotom|Volt Switch|p1a: Ogerpon
|-damage|p1a: Ogerpon|33/100
|
|t:|1760792866
|switch|p2a: Landorus|Landorus-Therian, M|72/100|[from] Volt Switch
|-ability|p2a: Landorus|Intimidate|boost
|-unboost|p1a: Ogerpon|atk|1
|move|p1a: Ogerpon|Trailblaze|p2a: Landorus
|-damage|p2a: Landorus|53/100
|-boost|p1a: Ogerpon|spe|1
|-damage|p1a: Ogerpon|17/100|[from] item: Rocky Helmet|[of] p2a: Landorus
|
|upkeep
|turn|7
|
|t:|1760792876
|move|p1a: Ogerpon|Ivy Cudgel|p2a: Landorus|[anim] Ivy Cudgel Water
|-supereffective|p2a: Landorus
|-damage|p2a: Landorus|0 fnt
|faint|p2a: Landorus
|
|upkeep
|
|t:|1760792879
|switch|p2a: Scizor|Scizor, F|100/100
|turn|8
|
|t:|1760792888
|switch|p1a: Garchomp|Garchomp, M|86/100
|move|p2a: Scizor|Swords Dance|p2a: Scizor
|-boost|p2a: Scizor|atk|2
|
|upkeep
|turn|9
|
|t:|1760792894
|move|p2a: Scizor|Bullet Punch|p1a: Garchomp
|-damage|p1a: Garchomp|35/100
|-damage|p2a: Scizor|88/100|[from] ability: Rough Skin|[of] p1a: Garchomp
|-damage|p2a: Scizor|72/100|[from] item: Rocky Helmet|[of] p1a: Garchomp
|move|p1a: Garchomp|Dragon Tail|p2a: Scizor|[miss]
|-miss|p1a: Garchomp|p2a: Scizor
|
|upkeep
|turn|10
|
|t:|1760792902
|move|p2a: Scizor|Knock Off|p1a: Garchomp
|-damage|p1a: Garchomp|0 fnt
|-damage|p2a: Scizor|60/100|[from] ability: Rough Skin|[of] p1a: Garchomp
|-damage|p2a: Scizor|43/100|[from] item: Rocky Helmet|[of] p1a: Garchomp
|-enditem|p1a: Garchomp|Rocky Helmet|[from] move: Knock Off|[of] p2a: Scizor
|faint|p1a: Garchomp
|
|upkeep
|
|t:|1760792910
|switch|p1a: Gholdengo|Gholdengo|100/100
|-item|p1a: Gholdengo|Air Balloon
|turn|11
|
|t:|1760792929
|switch|p2a: Rotom|Rotom-Wash|100/100
|move|p1a: Gholdengo|Thunder Wave|p2a: Rotom
|-immune|p2a: Rotom
|
|upkeep
|turn|12
|inactive|Battle timer is ON: inactive players will automatically lose when time's up. (requested by tomatic)
|
|t:|1760792951
|move|p2a: Rotom|Volt Switch|p1a: Gholdengo
|-damage|p1a: Gholdengo|68/100
|-enditem|p1a: Gholdengo|Air Balloon
|
|t:|1760792953
|switch|p2a: Hatterene|Hatterene, F|72/100|[from] Volt Switch
|move|p1a: Gholdengo|Hex|p2a: Hatterene
|-supereffective|p2a: Hatterene
|-damage|p2a: Hatterene|19/100
|
|upkeep
|turn|13
|
|t:|1760792965
|move|p1a: Gholdengo|Hex|p2a: Hatterene
|-supereffective|p2a: Hatterene
|-damage|p2a: Hatterene|0 fnt
|faint|p2a: Hatterene
|
|upkeep
|
|t:|1760792969
|switch|p2a: Dragonite|Dragonite, F|100/100
|turn|14
|
|t:|1760792974
|move|p2a: Dragonite|Earthquake|p1a: Gholdengo
|-supereffective|p1a: Gholdengo
|-damage|p1a: Gholdengo|20/100
|move|p1a: Gholdengo|Thunder Wave|p2a: Dragonite
|-status|p2a: Dragonite|par
|
|upkeep
|turn|15
|
|t:|1760792982
|move|p1a: Gholdengo|Recover|p1a: Gholdengo
|-heal|p1a: Gholdengo|70/100
|move|p2a: Dragonite|Earthquake|p1a: Gholdengo
|-supereffective|p1a: Gholdengo
|-damage|p1a: Gholdengo|21/100
|
|upkeep
|turn|16
|
|t:|1760792991
|move|p1a: Gholdengo|Recover|p1a: Gholdengo
|-heal|p1a: Gholdengo|72/100
|move|p2a: Dragonite|Dragon Dance|p2a: Dragonite
|-boost|p2a: Dragonite|atk|1
|-boost|p2a: Dragonite|spe|1
|
|upkeep
|turn|17
|
|t:|1760792995
|move|p1a: Gholdengo|Hex|p2a: Dragonite
|-damage|p2a: Dragonite|71/100 par
|cant|p2a: Dragonite|par
|
|-heal|p2a: Dragonite|77/100 par|[from] item: Leftovers
|upkeep
|turn|18
|
|t:|1760793000
|move|p1a: Gholdengo|Hex|p2a: Dragonite
|-damage|p2a: Dragonite|19/100 par
|move|p2a: Dragonite|Earthquake|p1a: Gholdengo
|-supereffective|p1a: Gholdengo
|-damage|p1a: Gholdengo|0 fnt
|faint|p1a: Gholdengo
|
|-heal|p2a: Dragonite|26/100 par|[from] item: Leftovers
|upkeep
|
|t:|1760793010
|switch|p1a: Darkrai|Darkrai|100/100
|turn|19
|
|t:|1760793021
|move|p1a: Darkrai|Ice Beam|p2a: Dragonite
|-supereffective|p2a: Dragonite
|-damage|p2a: Dragonite|0 fnt
|faint|p2a: Dragonite
|
|upkeep
|
|t:|1760793036
|switch|p2a: Maushold|Maushold-Four|100/100
|turn|20
|
|t:|1760793039
|move|p1a: Darkrai|Knock Off|p2a: Maushold
|-crit|p2a: Maushold
|-damage|p2a: Maushold|27/100
|-enditem|p2a: Maushold|Wide Lens|[from] move: Knock Off|[of] p1a: Darkrai
|move|p2a: Maushold|Population Bomb|p1a: Darkrai|[miss]
|-miss|p2a: Maushold|p1a: Darkrai
|
|upkeep
|turn|21
|
|t:|1760793061
|move|p1a: Darkrai|Dark Pulse|p2a: Maushold
|-damage|p2a: Maushold|0 fnt
|faint|p2a: Maushold
|
|upkeep
|
|t:|1760793062
|switch|p2a: Rotom|Rotom-Wash|100/100
|turn|22
|
|t:|1760793073
|switch|p1a: Ogerpon|Ogerpon-Wellspring, F|17/100
|move|p2a: Rotom|Trick||[still]
|-fail|p2a: Rotom
|
|upkeep
|turn|23
|
|t:|1760793080
|switch|p2a: Scizor|Scizor, F|43/100
|move|p1a: Ogerpon|Synthesis|p1a: Ogerpon
|-heal|p1a: Ogerpon|67/100
|
|upkeep
|turn|24
|
|t:|1760793085
|switch|p2a: Rotom|Rotom-Wash|100/100
|move|p1a: Ogerpon|Ivy Cudgel|p2a: Rotom|[anim] Ivy Cudgel Water
|-resisted|p2a: Rotom
|-damage|p2a: Rotom|65/100
|
|upkeep
|turn|25
|
|t:|1760793091
|move|p2a: Rotom|Volt Switch|p1a: Ogerpon
|-damage|p1a: Ogerpon|33/100
|
|t:|1760793093
|switch|p2a: Scizor|Scizor, F|43/100|[from] Volt Switch
|move|p1a: Ogerpon|Trailblaze|p2a: Scizor
|-resisted|p2a: Scizor
|-damage|p2a: Scizor|36/100
|-boost|p1a: Ogerpon|spe|1
|
|upkeep
|turn|26
|
|t:|1760793099
|move|p2a: Scizor|Bullet Punch|p1a: Ogerpon
|-resisted|p1a: Ogerpon
|-damage|p1a: Ogerpon|9/100
|move|p1a: Ogerpon|Ivy Cudgel|p2a: Scizor|[anim] Ivy Cudgel Water
|-damage|p2a: Scizor|0 fnt
|faint|p2a: Scizor
|
|upkeep
|c|☆tomatic|gg
|
|t:|1760793108
|switch|p2a: Rotom|Rotom-Wash|65/100
|turn|27
|c|☆aquagoboom|gg
|
|t:|1760793113
|-terastallize|p2a: Rotom|Steel
|move|p1a: Ogerpon|Trailblaze|p2a: Rotom
|-resisted|p2a: Rotom
|-damage|p2a: Rotom|47/100
|-boost|p1a: Ogerpon|spe|1
|move|p2a: Rotom|Volt Switch|p1a: Ogerpon
|-damage|p1a: Ogerpon|0 fnt
|faint|p1a: Ogerpon
|
|upkeep
|
|t:|1760793120
|switch|p1a: Darkrai|Darkrai|100/100
|turn|28
|
|t:|1760793122
|move|p2a: Rotom|Volt Switch|p1a: Darkrai
|-damage|p1a: Darkrai|57/100
|move|p1a: Darkrai|Dark Pulse|p2a: Rotom
|-damage|p2a: Rotom|0 fnt
|faint|p2a: Rotom
|
|win|aquagoboom
|raw|aquagoboom's rating: 1534 &rarr; <strong>1552</strong><br />(+18 for winning)
|raw|tomatic's rating: 1502 &rarr; <strong>1484</strong><br />(-18 for losing)
|l|☆tomatic
|player|p2|
|l|☆aquagoboom
|player|p1|
