|j|☆freakoffweeb
|j|☆brodiewhat
|t:|1760890430
|gametype|singles
|player|p1|freakoffweeb|102|1710
|player|p2|brodiewhat|jogger|1619
|gen|9
|tier|[Gen 9] OU
|rated|
|rule|HP Percentage Mod: HP is shown in percentages
|rule|Endless Battle Clause: Forcing endless battles is banned
|rule|Species Clause: Limit one of each Pokémon
|rule|OHKO Clause: OHKO moves are banned
|rule|Evasion Items Clause: Evasion items are banned
|rule|Evasion Moves Clause: Evasion moves are banned
|rule|Evasion Abilities Clause: Evasion abilities are banned
|rule|Sleep Moves Clause: Sleep-inducing moves are banned
|clearpoke
|poke|p1|Zamazenta-*|
|poke|p1|Scizor, M|
|poke|p1|Kyurem|
|poke|p1|Weezing-Galar, M|
|poke|p1|Zapdos|
|poke|p1|Ting-Lu|
|poke|p2|Blissey, F|
|poke|p2|Gholdengo|
|poke|p2|Clodsire, F|
|poke|p2|Dragonite, M|
|poke|p2|Gliscor, F|
|poke|p2|Mandibuzz, F|
|teampreview
|inactive|Battle timer is ON: inactive players will automatically lose when time's up. (requested by brodiewhat)
|inactive|freakoffweeb also wants the timer to be on.
|inactive|brodiewhat has 120 seconds left.
|inactive|brodiewhat has 90 seconds left.
|inactive|brodiewhat has 60 seconds left.
|
|t:|1760890534
|teamsize|p1|6
|teamsize|p2|6
|start
|switch|p1a: Zapdos|Zapdos|100/100
|switch|p2a: Gliscor|Gliscor, F|100/100
|turn|1
|
|t:|1760890539
|move|p2a: Gliscor|Protect|p2a: Gliscor
|-singleturn|p2a: Gliscor|Protect
|move|p1a: Zapdos|Hurricane|p2a: Gliscor
|-activate|p2a: Gliscor|move: Protect
|
|-status|p2a: Gliscor|tox|[from] item: Toxic Orb
|upkeep
|turn|2
|j| BeerGod
|
|t:|1760890544
|switch|p2a: Clodsire|Clodsire, F|100/100
|move|p1a: Zapdos|Hurricane|p2a: Clodsire|[miss]
|-miss|p1a: Zapdos|p2a: Clodsire
|
|upkeep
|turn|3
|
|t:|1760890549
|switch|p1a: Buzzkill|Scizor, M, shiny|100/100
|move|p2a: Clodsire|Toxic Spikes|p1a: Buzzkill
|-sidestart|p1: freakoffweeb|move: Toxic Spikes
|
|upkeep
|turn|4
|
|t:|1760890559
|switch|p2a: Mandibuzz|Mandibuzz, F|100/100
|move|p1a: Buzzkill|Knock Off|p2a: Mandibuzz
|-resisted|p2a: Mandibuzz
|-damage|p2a: Mandibuzz|88/100
|-enditem|p2a: Mandibuzz|Heavy-Duty Boots|[from] move: Knock Off|[of] p1a: Buzzkill
|
|upkeep
|turn|5
|
|t:|1760890569
|move|p2a: Mandibuzz|Knock Off|p1a: Buzzkill
|-damage|p1a: Buzzkill|75/100
|-enditem|p1a: Buzzkill|Sitrus Berry|[from] move: Knock Off|[of] p2a: Mandibuzz
|move|p1a: Buzzkill|Defog|p2a: Mandibuzz
|-unboost|p2a: Mandibuzz|evasion|1
|-sideend|p1: freakoffweeb|Toxic Spikes|[from] move: Defog|[of] p1a: Buzzkill
|
|upkeep
|turn|6
|
|t:|1760890574
|move|p2a: Mandibuzz|U-turn|p1a: Buzzkill
|-resisted|p1a: Buzzkill
|-damage|p1a: Buzzkill|69/100
|
|t:|1760890578
|switch|p2a: Gliscor|Gliscor, F|100/100 tox|[from] U-turn
|move|p1a: Buzzkill|U-turn|p2a: Gliscor
|-resisted|p2a: Gliscor
|-damage|p2a: Gliscor|87/100 tox
|
|t:|1760890581
|switch|p1a: Kyurem|Kyurem|100/100|[from] U-turn
|-ability|p1a: Kyurem|Pressure
|
|-heal|p2a: Gliscor|99/100 tox|[from] ability: Poison Heal
|upkeep
|turn|7
|
|t:|1760890586
|switch|p2a: Blissey|Blissey, F|100/100
|move|p1a: Kyurem|Freeze-Dry|p2a: Blissey
|-damage|p2a: Blissey|90/100
|
|upkeep
|turn|8
|
|t:|1760890593
|move|p1a: Kyurem|Icicle Spear|p2a: Blissey
|-damage|p2a: Blissey|77/100
|-damage|p2a: Blissey|65/100
|-damage|p2a: Blissey|53/100
|-damage|p2a: Blissey|40/100
|-hitcount|p2a: Blissey|4
|move|p2a: Blissey|Seismic Toss|p1a: Kyurem
|-damage|p1a: Kyurem|75/100
|
|upkeep
|turn|9
|
|t:|1760890605
|switch|p2a: Gholdengo|Gholdengo|100/100
|move|p1a: Kyurem|Icicle Spear|p2a: Gholdengo
|-resisted|p2a: Gholdengo
|-damage|p2a: Gholdengo|95/100
|-resisted|p2a: Gholdengo
|-damage|p2a: Gholdengo|89/100
|-resisted|p2a: Gholdengo
|-damage|p2a: Gholdengo|83/100
|-resisted|p2a: Gholdengo
|-damage|p2a: Gholdengo|77/100
|-resisted|p2a: Gholdengo
|-damage|p2a: Gholdengo|71/100
|-hitcount|p2a: Gholdengo|5
|
|upkeep
|turn|10
|
|t:|1760890609
|-terastallize|p1a: Kyurem|Ground
|move|p2a: Gholdengo|Trick|p1a: Kyurem
|-activate|p2a: Gholdengo|move: Trick|[of] p1a: Kyurem
|-item|p1a: Kyurem|Choice Scarf|[from] move: Trick
|-item|p2a: Gholdengo|Loaded Dice|[from] move: Trick
|move|p1a: Kyurem|Earth Power|p2a: Gholdengo
|-supereffective|p2a: Gholdengo
|-damage|p2a: Gholdengo|0 fnt
|faint|p2a: Gholdengo
|
|upkeep
|
|t:|1760890617
|switch|p2a: Dragonite|Dragonite, M|100/100
|turn|11
|
|t:|1760890622
|switch|p1a: Weezing|Weezing-Galar, M|100/100
|-ability|p1a: Weezing|Neutralizing Gas
|move|p2a: Dragonite|Hurricane|p1a: Weezing
|-damage|p1a: Weezing|46/100
|
|upkeep
|turn|12
|
|t:|1760890627
|move|p2a: Dragonite|Hurricane|p1a: Weezing
|-damage|p1a: Weezing|0 fnt
|faint|p1a: Weezing
|-end|p1a: Weezing|ability: Neutralizing Gas
|
|upkeep
|
|t:|1760890630
|switch|p1a: Buzzkill|Scizor, M, shiny|69/100
|turn|13
|
|t:|1760890634
|move|p1a: Buzzkill|Bullet Punch|p2a: Dragonite
|-damage|p2a: Dragonite|84/100
|move|p2a: Dragonite|Dragon Tail|p1a: Buzzkill
|-resisted|p1a: Buzzkill
|-damage|p1a: Buzzkill|56/100
|drag|p1a: Ting-Lu|Ting-Lu|100/100
|-ability|p1a: Ting-Lu|Vessel of Ruin
|
|upkeep
|turn|14
|
|t:|1760890644
|switch|p2a: Mandibuzz|Mandibuzz, F|88/100
|move|p1a: Ting-Lu|Stealth Rock|p2a: Mandibuzz
|-sidestart|p2: brodiewhat|move: Stealth Rock
|
|upkeep
|turn|15
|
|t:|1760890648
|switch|p1a: Buzzkill|Scizor, M, shiny|56/100
|move|p2a: Mandibuzz|Defog|p1a: Buzzkill
|-unboost|p1a: Buzzkill|evasion|1
|-sideend|p2: brodiewhat|Stealth Rock|[from] move: Defog|[of] p2a: Mandibuzz
|
|upkeep
|turn|16
|
|t:|1760890652
|move|p2a: Mandibuzz|U-turn|p1a: Buzzkill
|-resisted|p1a: Buzzkill
|-damage|p1a: Buzzkill|49/100
|
|t:|1760890655
|switch|p2a: Gliscor|Gliscor, F|99/100 tox|[from] U-turn
|move|p1a: Buzzkill|U-turn|p2a: Gliscor
|-resisted|p2a: Gliscor
|-damage|p2a: Gliscor|86/100 tox
|
|t:|1760890669
|switch|p1a: Kyurem|Kyurem, tera:Ground|75/100|[from] U-turn
|-ability|p1a: Kyurem|Pressure
|
|-heal|p2a: Gliscor|99/100 tox|[from] ability: Poison Heal
|upkeep
|turn|17
|
|t:|1760890682
|move|p2a: Gliscor|Protect|p2a: Gliscor
|-singleturn|p2a: Gliscor|Protect
|move|p1a: Kyurem|Icicle Spear|p2a: Gliscor
|-activate|p2a: Gliscor|move: Protect
|
|-heal|p2a: Gliscor|100/100 tox|[from] ability: Poison Heal
|upkeep
|turn|18
|
|t:|1760890691
|switch|p1a: Buzzkill|Scizor, M, shiny|49/100
|-terastallize|p2a: Gliscor|Water
|move|p2a: Gliscor|Sand Tomb|p1a: Buzzkill|[miss]
|-miss|p2a: Gliscor|p1a: Buzzkill
|
|upkeep
|turn|19
|
|t:|1760890696
|move|p2a: Gliscor|Sand Tomb|p1a: Buzzkill
|-damage|p1a: Buzzkill|37/100
|-activate|p1a: Buzzkill|move: Sand Tomb|[of] p2a: Gliscor
|move|p1a: Buzzkill|U-turn|p2a: Gliscor
|-damage|p2a: Gliscor|76/100 tox
|
|t:|1760890701
|switch|p1a: Zapdos|Zapdos|100/100|[from] U-turn
|
|-heal|p2a: Gliscor|88/100 tox|[from] ability: Poison Heal
|upkeep
|turn|20
|
|t:|1760890706
|move|p2a: Gliscor|Protect|p2a: Gliscor
|-singleturn|p2a: Gliscor|Protect
|move|p1a: Zapdos|Hurricane|p2a: Gliscor
|-activate|p2a: Gliscor|move: Protect
|
|-heal|p2a: Gliscor|100/100 tox|[from] ability: Poison Heal
|upkeep
|turn|21
|
|t:|1760890713
|switch|p1a: Kyurem|Kyurem, tera:Ground|75/100
|-ability|p1a: Kyurem|Pressure
|switch|p2a: Dragonite|Dragonite, M|84/100
|
|upkeep
|turn|22
|
|t:|1760890718
|switch|p2a: Blissey|Blissey, F|40/100
|move|p1a: Kyurem|Freeze-Dry|p2a: Blissey
|-damage|p2a: Blissey|29/100
|
|upkeep
|turn|23
|
|t:|1760890723
|switch|p1a: Buzzkill|Scizor, M, shiny|37/100
|move|p2a: Blissey|Soft-Boiled|p2a: Blissey
|-heal|p2a: Blissey|79/100
|
|upkeep
|turn|24
|
|t:|1760890727
|move|p1a: Buzzkill|U-turn|p2a: Blissey
|-damage|p2a: Blissey|42/100
|
|t:|1760890729
|switch|p1a: Kyurem|Kyurem, tera:Ground|75/100|[from] U-turn
|-ability|p1a: Kyurem|Pressure
|move|p2a: Blissey|Flamethrower|p1a: Kyurem
|-damage|p1a: Kyurem|58/100
|
|upkeep
|turn|25
|
|t:|1760890740
|switch|p2a: Mandibuzz|Mandibuzz, F|88/100
|move|p1a: Kyurem|Freeze-Dry|p2a: Mandibuzz
|-supereffective|p2a: Mandibuzz
|-damage|p2a: Mandibuzz|34/100
|
|upkeep
|turn|26
|
|t:|1760890745
|switch|p2a: Blissey|Blissey, F|42/100
|move|p1a: Kyurem|Freeze-Dry|p2a: Blissey
|-damage|p2a: Blissey|31/100
|
|upkeep
|turn|27
|
|t:|1760890748
|move|p1a: Kyurem|Freeze-Dry|p2a: Blissey
|-crit|p2a: Blissey
|-damage|p2a: Blissey|15/100
|-status|p2a: Blissey|frz
|cant|p2a: Blissey|frz
|
|upkeep
|turn|28
|
|t:|1760890755
|-curestatus|p2a: Blissey|frz|[from] ability: Natural Cure
|switch|p2a: Clodsire|Clodsire, F|100/100
|move|p1a: Kyurem|Freeze-Dry|p2a: Clodsire
|-supereffective|p2a: Clodsire
|-damage|p2a: Clodsire|66/100
|
|upkeep
|turn|29
|
|t:|1760890769
|switch|p1a: Buzzkill|Scizor, M, shiny|37/100
|move|p2a: Clodsire|Toxic Spikes|p1a: Buzzkill
|-sidestart|p1: freakoffweeb|move: Toxic Spikes
|
|upkeep
|turn|30
|
|t:|1760890775
|move|p1a: Buzzkill|Defog|p2a: Clodsire
|-unboost|p2a: Clodsire|evasion|1
|-sideend|p1: freakoffweeb|Toxic Spikes|[from] move: Defog|[of] p1a: Buzzkill
|move|p2a: Clodsire|Earthquake|p1a: Buzzkill
|-damage|p1a: Buzzkill|9/100
|
|upkeep
|turn|31
|
|t:|1760890803
|move|p1a: Buzzkill|Knock Off|p2a: Clodsire
|-damage|p2a: Clodsire|26/100
|-enditem|p2a: Clodsire|Heavy-Duty Boots|[from] move: Knock Off|[of] p1a: Buzzkill
|move|p2a: Clodsire|Recover|p2a: Clodsire
|-heal|p2a: Clodsire|76/100
|
|upkeep
|turn|32
|
|t:|1760890806
|move|p1a: Buzzkill|Bullet Punch|p2a: Clodsire
|-damage|p2a: Clodsire|36/100
|move|p2a: Clodsire|Earthquake|p1a: Buzzkill
|-damage|p1a: Buzzkill|0 fnt
|faint|p1a: Buzzkill
|
|upkeep
|
|t:|1760890810
|switch|p1a: Kyurem|Kyurem, tera:Ground|58/100
|-ability|p1a: Kyurem|Pressure
|turn|33
|
|t:|1760890821
|move|p1a: Kyurem|Icicle Spear|p2a: Clodsire
|-supereffective|p2a: Clodsire
|-crit|p2a: Clodsire
|-damage|p2a: Clodsire|0 fnt
|faint|p2a: Clodsire
|-hitcount|p2: Clodsire|1
|
|upkeep
|
|t:|1760890824
|switch|p2a: Gliscor|Gliscor, F, tera:Water|100/100 tox
|turn|34
|
|t:|1760890831
|switch|p1a: Zapdos|Zapdos|100/100
|move|p2a: Gliscor|Toxic|p1a: Zapdos
|-status|p1a: Zapdos|tox
|
|-damage|p1a: Zapdos|94/100 tox|[from] psn
|upkeep
|turn|35
|
|t:|1760890841
|switch|p2a: Dragonite|Dragonite, M|84/100
|move|p1a: Zapdos|Volt Switch|p2a: Dragonite
|-damage|p2a: Dragonite|61/100
|
|t:|1760890847
|switch|p1a: Kyurem|Kyurem, tera:Ground|58/100|[from] Volt Switch
|-ability|p1a: Kyurem|Pressure
|
|upkeep
|turn|36
|
|t:|1760890856
|switch|p2a: Mandibuzz|Mandibuzz, F|34/100
|move|p1a: Kyurem|Freeze-Dry|p2a: Mandibuzz
|-supereffective|p2a: Mandibuzz
|-damage|p2a: Mandibuzz|0 fnt
|faint|p2a: Mandibuzz
|
|upkeep
|
|t:|1760890862
|switch|p2a: Blissey|Blissey, F|15/100
|turn|37
|
|t:|1760890875
|move|p1a: Kyurem|Freeze-Dry|p2a: Blissey
|-damage|p2a: Blissey|3/100
|move|p2a: Blissey|Soft-Boiled|p2a: Blissey
|-heal|p2a: Blissey|53/100
|
|upkeep
|turn|38
|
|t:|1760890881
|switch|p1a: Zlawg|Zamazenta, shiny|100/100
|-ability|p1a: Zlawg|Dauntless Shield|boost
|-boost|p1a: Zlawg|def|1
|move|p2a: Blissey|Soft-Boiled|p2a: Blissey
|-heal|p2a: Blissey|100/100
|
|upkeep
|turn|39
|
|t:|1760890884
|switch|p2a: Dragonite|Dragonite, M|61/100
|move|p1a: Zlawg|Iron Defense|p1a: Zlawg
|-boost|p1a: Zlawg|def|2
|
|upkeep
|turn|40
|
|t:|1760890887
|move|p1a: Zlawg|Stone Edge|p2a: Dragonite
|-supereffective|p2a: Dragonite
|-crit|p2a: Dragonite
|-damage|p2a: Dragonite|0 fnt
|faint|p2a: Dragonite
|
|upkeep
|
|t:|1760890890
|switch|p2a: Gliscor|Gliscor, F, tera:Water|100/100 tox
|turn|41
|
|t:|1760890905
|move|p1a: Zlawg|Body Press|p2a: Gliscor
|-damage|p2a: Gliscor|47/100 tox
|move|p2a: Gliscor|Toxic|p1a: Zlawg
|-status|p1a: Zlawg|tox
|
|-damage|p1a: Zlawg|94/100 tox|[from] psn
|-heal|p2a: Gliscor|59/100 tox|[from] ability: Poison Heal
|upkeep
|turn|42
|
|t:|1760890912
|move|p1a: Zlawg|Iron Defense|p1a: Zlawg
|-boost|p1a: Zlawg|def|2
|move|p2a: Gliscor|Sand Tomb|p1a: Zlawg
|-damage|p1a: Zlawg|92/100 tox
|-activate|p1a: Zlawg|move: Sand Tomb|[of] p2a: Gliscor
|
|-heal|p1a: Zlawg|98/100 tox|[from] item: Leftovers
|-damage|p1a: Zlawg|86/100 tox|[from] psn
|-heal|p2a: Gliscor|72/100 tox|[from] ability: Poison Heal
|-damage|p1a: Zlawg|73/100 tox|[from] move: Sand Tomb|[partiallytrapped]
|upkeep
|turn|43
|
|t:|1760890922
|move|p2a: Gliscor|Protect|p2a: Gliscor
|-singleturn|p2a: Gliscor|Protect
|move|p1a: Zlawg|Body Press|p2a: Gliscor
|-activate|p2a: Gliscor|move: Protect
|
|-heal|p1a: Zlawg|79/100 tox|[from] item: Leftovers
|-damage|p1a: Zlawg|61/100 tox|[from] psn
|-heal|p2a: Gliscor|84/100 tox|[from] ability: Poison Heal
|-damage|p1a: Zlawg|48/100 tox|[from] move: Sand Tomb|[partiallytrapped]
|upkeep
|turn|44
|l| BeerGod
|
|t:|1760890935
|move|p2a: Gliscor|Protect|p2a: Gliscor
|-singleturn|p2a: Gliscor|Protect
|move|p1a: Zlawg|Body Press|p2a: Gliscor
|-activate|p2a: Gliscor|move: Protect
|
|-heal|p1a: Zlawg|55/100 tox|[from] item: Leftovers
|-damage|p1a: Zlawg|30/100 tox|[from] psn
|-heal|p2a: Gliscor|97/100 tox|[from] ability: Poison Heal
|-damage|p1a: Zlawg|18/100 tox|[from] move: Sand Tomb|[partiallytrapped]
|upkeep
|turn|45
|j| BeerGod
|
|t:|1760890956
|move|p1a: Zlawg|Body Press|p2a: Gliscor
|-damage|p2a: Gliscor|21/100 tox
|move|p2a: Gliscor|Spikes|p1a: Zlawg
|-sidestart|p1: freakoffweeb|Spikes
|
|-heal|p1a: Zlawg|24/100 tox|[from] item: Leftovers
|-damage|p1a: Zlawg|0 fnt|[from] psn
|faint|p1a: Zlawg
|-heal|p2a: Gliscor|33/100 tox|[from] ability: Poison Heal
|upkeep
|
|t:|1760890961
|switch|p1a: Zapdos|Zapdos|94/100 tox
|turn|46
|
|t:|1760890964
|move|p2a: Gliscor|Protect|p2a: Gliscor
|-singleturn|p2a: Gliscor|Protect
|move|p1a: Zapdos|Volt Switch|p2a: Gliscor
|-activate|p2a: Gliscor|move: Protect
|
|-damage|p1a: Zapdos|88/100 tox|[from] psn
|-heal|p2a: Gliscor|46/100 tox|[from] ability: Poison Heal
|upkeep
|turn|47
|
|t:|1760890970
|switch|p2a: Blissey|Blissey, F|100/100
|move|p1a: Zapdos|Volt Switch|p2a: Blissey
|-damage|p2a: Blissey|89/100
|
|t:|1760890984
|switch|p1a: Kyurem|Kyurem, tera:Ground|58/100|[from] Volt Switch
|-damage|p1a: Kyurem|46/100|[from] Spikes
|-ability|p1a: Kyurem|Pressure
|
|upkeep
|turn|48
|
|t:|1760890988
|move|p1a: Kyurem|Scale Shot|p2a: Blissey
|-damage|p2a: Blissey|76/100
|-damage|p2a: Blissey|64/100
|-hitcount|p2a: Blissey|2
|-unboost|p1a: Kyurem|def|1
|-boost|p1a: Kyurem|spe|1
|move|p2a: Blissey|Soft-Boiled|p2a: Blissey
|-heal|p2a: Blissey|100/100
|
|upkeep
|turn|49
|
|t:|1760890995
|move|p1a: Kyurem|Scale Shot|p2a: Blissey
|-damage|p2a: Blissey|89/100
|-damage|p2a: Blissey|77/100
|-hitcount|p2a: Blissey|2
|-unboost|p1a: Kyurem|def|1
|-boost|p1a: Kyurem|spe|1
|move|p2a: Blissey|Seismic Toss|p1a: Kyurem
|-damage|p1a: Kyurem|20/100
|
|upkeep
|turn|50
|
|t:|1760891002
|move|p1a: Kyurem|Scale Shot|p2a: Blissey
|-damage|p2a: Blissey|65/100
|-damage|p2a: Blissey|53/100
|-damage|p2a: Blissey|42/100
|-hitcount|p2a: Blissey|3
|-unboost|p1a: Kyurem|def|1
|-boost|p1a: Kyurem|spe|1
|move|p2a: Blissey|Seismic Toss|p1a: Kyurem
|-damage|p1a: Kyurem|0 fnt
|faint|p1a: Kyurem
|
|upkeep
|
|t:|1760891008
|switch|p1a: Ting-Lu|Ting-Lu|100/100
|-damage|p1a: Ting-Lu|88/100|[from] Spikes
|-ability|p1a: Ting-Lu|Vessel of Ruin
|turn|51
|
|t:|1760891011
|switch|p2a: Gliscor|Gliscor, F, tera:Water|46/100 tox
|move|p1a: Ting-Lu|Earthquake|p2a: Gliscor
|-damage|p2a: Gliscor|21/100 tox
|
|-heal|p1a: Ting-Lu|94/100|[from] item: Leftovers
|-heal|p2a: Gliscor|34/100 tox|[from] ability: Poison Heal
|upkeep
|turn|52
|
|t:|1760891019
|move|p2a: Gliscor|Spikes|p1a: Ting-Lu
|-sidestart|p1: freakoffweeb|Spikes
|move|p1a: Ting-Lu|Whirlwind|p2a: Gliscor
|drag|p2a: Blissey|Blissey, F|42/100
|
|-heal|p1a: Ting-Lu|100/100|[from] item: Leftovers
|upkeep
|turn|53
|
|t:|1760891023
|move|p2a: Blissey|Soft-Boiled|p2a: Blissey
|-heal|p2a: Blissey|92/100
|move|p1a: Ting-Lu|Stealth Rock|p2a: Blissey
|-sidestart|p2: brodiewhat|move: Stealth Rock
|
|upkeep
|turn|54
|
|t:|1760891033
|move|p2a: Blissey|Seismic Toss|p1a: Ting-Lu
|-damage|p1a: Ting-Lu|81/100
|move|p1a: Ting-Lu|Ruination|p2a: Blissey|[miss]
|-miss|p1a: Ting-Lu|p2a: Blissey
|
|-heal|p1a: Ting-Lu|87/100|[from] item: Leftovers
|upkeep
|turn|55
|
|t:|1760891042
|switch|p2a: Gliscor|Gliscor, F, tera:Water|34/100 tox
|-damage|p2a: Gliscor|21/100 tox|[from] Stealth Rock
|move|p1a: Ting-Lu|Earthquake|p2a: Gliscor
|-damage|p2a: Gliscor|0 fnt
|faint|p2a: Gliscor
|
|-heal|p1a: Ting-Lu|93/100|[from] item: Leftovers
|upkeep
|
|t:|1760891044
|switch|p2a: Blissey|Blissey, F|92/100
|turn|56
|
|t:|1760891048
|move|p2a: Blissey|Flamethrower|p1a: Ting-Lu
|-damage|p1a: Ting-Lu|87/100
|move|p1a: Ting-Lu|Earthquake|p2a: Blissey
|-damage|p2a: Blissey|60/100
|
|-heal|p1a: Ting-Lu|93/100|[from] item: Leftovers
|upkeep
|turn|57
|
|t:|1760891051
|move|p2a: Blissey|Trick|p1a: Ting-Lu
|-activate|p2a: Blissey|move: Trick|[of] p1a: Ting-Lu
|-item|p1a: Ting-Lu|Heavy-Duty Boots|[from] move: Trick
|-item|p2a: Blissey|Leftovers|[from] move: Trick
|move|p1a: Ting-Lu|Earthquake|p2a: Blissey
|-damage|p2a: Blissey|25/100
|
|-heal|p2a: Blissey|31/100|[from] item: Leftovers
|upkeep
|turn|58
|
|t:|1760891057
|move|p2a: Blissey|Soft-Boiled|p2a: Blissey
|-heal|p2a: Blissey|81/100
|move|p1a: Ting-Lu|Ruination|p2a: Blissey
|-damage|p2a: Blissey|41/100
|
|-heal|p2a: Blissey|47/100|[from] item: Leftovers
|upkeep
|turn|59
|
|t:|1760891061
|move|p2a: Blissey|Flamethrower|p1a: Ting-Lu
|-damage|p1a: Ting-Lu|87/100
|move|p1a: Ting-Lu|Earthquake|p2a: Blissey
|-damage|p2a: Blissey|12/100
|
|-heal|p2a: Blissey|19/100|[from] item: Leftovers
|upkeep
|turn|60
|
|t:|1760891066
|move|p2a: Blissey|Flamethrower|p1a: Ting-Lu
|-damage|p1a: Ting-Lu|80/100
|move|p1a: Ting-Lu|Earthquake|p2a: Blissey
|-damage|p2a: Blissey|0 fnt
|faint|p2a: Blissey
|
|win|freakoffweeb
|raw|freakoffweeb's rating: 1729 &rarr; <strong>1743</strong><br />(+14 for winning)
|raw|brodiewhat's rating: 1619 &rarr; <strong>1605</strong><br />(-14 for losing)
|l|☆brodiewhat
|player|p2|
|l|☆freakoffweeb
|player|p1|
|l| BeerGod
