|j|☆raketoide
|j|☆KingOfKanto69
|t:|1760754295
|gametype|singles
|player|p1|raketoide|veteran-gen4|1183
|player|p2|KingOfKanto69|102|1219
|gen|9
|tier|[Gen 9] OU
|rated|
|rule|HP Percentage Mod: HP is shown in percentages
|rule|Endless Battle Clause: Forcing endless battles is banned
|rule|Species Clause: Limit one of each Pokémon
|rule|OHKO Clause: OHKO moves are banned
|rule|Evasion Items Clause: Evasion items are banned
|rule|Evasion Moves Clause: Evasion moves are banned
|rule|Evasion Abilities Clause: Evasion abilities are banned
|rule|Sleep Moves Clause: Sleep-inducing moves are banned
|clearpoke
|poke|p1|Corviknight, F|
|poke|p1|Grimmsnarl, M|
|poke|p1|Araquanid, M|
|poke|p1|Excadrill, M|
|poke|p1|Cinderace, M|
|poke|p1|Eelektross, F|
|poke|p2|Gliscor, F|
|poke|p2|Ceruledge, M|
|poke|p2|Lokix, M|
|poke|p2|Alomomola, M|
|poke|p2|Kyurem|
|poke|p2|Ogerpon-Wellspring, F|
|teampreview
|inactive|Battle timer is ON: inactive players will automatically lose when time's up. (requested by KingOfKanto69)
|
|t:|1760754317
|teamsize|p1|6
|teamsize|p2|6
|start
|switch|p1a: Cinderace|Cinderace, M|100/100
|switch|p2a: Ogerpon|Ogerpon-Wellspring, F|100/100
|turn|1
|
|t:|1760754322
|move|p1a: Cinderace|U-turn|p2a: Ogerpon
|-start|p1a: Cinderace|typechange|Bug|[from] ability: Libero
|-supereffective|p2a: Ogerpon
|-damage|p2a: Ogerpon|11/100
|
|t:|1760754331
|switch|p1a: Araquanid|Araquanid, M|100/100|[from] U-turn
|move|p2a: Ogerpon|Ivy Cudgel|p1a: Araquanid|[anim] Ivy Cudgel Water
|-resisted|p1a: Araquanid
|-damage|p1a: Araquanid|66/100
|
|upkeep
|turn|2
|
|t:|1760754342
|move|p2a: Ogerpon|Horn Leech|p1a: Araquanid
|-damage|p1a: Araquanid|19/100
|-heal|p2a: Ogerpon|34/100|[from] drain|[of] p1a: Araquanid
|move|p1a: Araquanid|Sticky Web|p2a: Ogerpon
|-sidestart|p2: KingOfKanto69|move: Sticky Web
|
|upkeep
|turn|3
|
|t:|1760754350
|switch|p1a: Corviknight|Corviknight, F|100/100
|move|p2a: Ogerpon|Horn Leech|p1a: Corviknight
|-resisted|p1a: Corviknight
|-damage|p1a: Corviknight|92/100
|-heal|p2a: Ogerpon|39/100|[from] drain|[of] p1a: Corviknight
|
|-heal|p1a: Corviknight|98/100|[from] item: Leftovers
|upkeep
|turn|4
|
|t:|1760754358
|move|p2a: Ogerpon|Ivy Cudgel|p1a: Corviknight|[anim] Ivy Cudgel Water
|-damage|p1a: Corviknight|49/100
|move|p1a: Corviknight|Brave Bird|p2a: Ogerpon
|-supereffective|p2a: Ogerpon
|-crit|p2a: Ogerpon
|-damage|p2a: Ogerpon|0 fnt
|faint|p2a: Ogerpon
|-damage|p1a: Corviknight|38/100|[from] Recoil
|
|-heal|p1a: Corviknight|44/100|[from] item: Leftovers
|upkeep
|
|t:|1760754364
|switch|p2a: Ceruledge|Ceruledge, M|100/100
|-activate|p2a: Ceruledge|move: Sticky Web
|-unboost|p2a: Ceruledge|spe|1
|turn|5
|inactive|raketoide has 120 seconds left.
|
|t:|1760754395
|switch|p1a: Grimmsnarl|Grimmsnarl, M|100/100
|move|p2a: Ceruledge|Swords Dance|p2a: Ceruledge
|-boost|p2a: Ceruledge|atk|2
|
|upkeep
|turn|6
|
|t:|1760754403
|-terastallize|p2a: Ceruledge|Fire
|move|p1a: Grimmsnarl|Reflect|p1a: Grimmsnarl
|-sidestart|p1: raketoide|Reflect
|move|p2a: Ceruledge|Bitter Blade|p1a: Grimmsnarl
|-damage|p1a: Grimmsnarl|30/100
|
|upkeep
|turn|7
|
|t:|1760754411
|move|p1a: Grimmsnarl|Taunt|p2a: Ceruledge
|-start|p2a: Ceruledge|move: Taunt
|cant|p2a: Ceruledge|move: Taunt|Swords Dance
|
|upkeep
|turn|8
|
|t:|1760754422
|switch|p1a: Cinderace|Cinderace, M|100/100
|move|p2a: Ceruledge|Bitter Blade|p1a: Cinderace
|-resisted|p1a: Cinderace
|-crit|p1a: Cinderace
|-damage|p1a: Cinderace|0 fnt
|faint|p1a: Cinderace
|
|upkeep
|
|t:|1760754431
|switch|p1a: Excadrill|Excadrill, M|100/100
|-ability|p1a: Excadrill|Mold Breaker
|turn|9
|c|☆KingOfKanto69|ty crit gods
|
|t:|1760754443
|move|p2a: Ceruledge|Shadow Sneak|p1a: Excadrill
|-damage|p1a: Excadrill|71/100
|move|p1a: Excadrill|Earthquake|p2a: Ceruledge
|-supereffective|p2a: Ceruledge
|-damage|p2a: Ceruledge|0 fnt
|faint|p2a: Ceruledge
|
|upkeep
|
|t:|1760754449
|switch|p2a: Alomomola|Alomomola, M|100/100
|-activate|p2a: Alomomola|move: Sticky Web
|-unboost|p2a: Alomomola|spe|1
|turn|10
|
|t:|1760754458
|move|p1a: Excadrill|Swords Dance|p1a: Excadrill
|-boost|p1a: Excadrill|atk|2
|move|p2a: Alomomola|Scald|p1a: Excadrill
|-supereffective|p1a: Excadrill
|-damage|p1a: Excadrill|33/100
|
|upkeep
|turn|11
|
|t:|1760754474
|-terastallize|p1a: Excadrill|Ground
|move|p1a: Excadrill|Earthquake|p2a: Alomomola
|-damage|p2a: Alomomola|30/100
|move|p2a: Alomomola|Scald|p1a: Excadrill
|-supereffective|p1a: Excadrill
|-damage|p1a: Excadrill|0 fnt
|faint|p1a: Excadrill
|
|-heal|p2a: Alomomola|37/100|[from] item: Leftovers
|upkeep
|
|t:|1760754482
|switch|p1a: Eelektross|Eelektross, F|100/100
|turn|12
|
|t:|1760754489
|move|p1a: Eelektross|Acid Spray|p2a: Alomomola
|-damage|p2a: Alomomola|22/100
|-unboost|p2a: Alomomola|spd|2
|move|p2a: Alomomola|Scald|p1a: Eelektross
|-damage|p1a: Eelektross|89/100
|
|-heal|p2a: Alomomola|28/100|[from] item: Leftovers
|upkeep
|turn|13
|
|t:|1760754496
|move|p1a: Eelektross|Giga Drain|p2a: Alomomola
|-supereffective|p2a: Alomomola
|-damage|p2a: Alomomola|0 fnt
|-heal|p1a: Eelektross|100/100|[from] drain|[of] p2a: Alomomola
|faint|p2a: Alomomola
|
|-sideend|p1: raketoide|Reflect
|upkeep
|
|t:|1760754505
|switch|p2a: Lokix|Lokix, M|100/100
|-activate|p2a: Lokix|move: Sticky Web
|-unboost|p2a: Lokix|spe|1
|turn|14
|
|t:|1760754510
|move|p2a: Lokix|First Impression|p1a: Eelektross
|-damage|p1a: Eelektross|46/100
|-damage|p2a: Lokix|91/100|[from] item: Life Orb
|move|p1a: Eelektross|Flamethrower|p2a: Lokix
|-supereffective|p2a: Lokix
|-damage|p2a: Lokix|0 fnt
|faint|p2a: Lokix
|
|upkeep
|
|t:|1760754514
|switch|p2a: Gliscor|Gliscor, F|100/100
|turn|15
|
|t:|1760754522
|move|p2a: Gliscor|Swords Dance|p2a: Gliscor
|-boost|p2a: Gliscor|atk|2
|move|p1a: Eelektross|Acid Spray|p2a: Gliscor
|-resisted|p2a: Gliscor
|-damage|p2a: Gliscor|92/100
|-unboost|p2a: Gliscor|spd|2
|
|-status|p2a: Gliscor|tox|[from] item: Toxic Orb
|upkeep
|turn|16
|
|t:|1760754534
|move|p2a: Gliscor|Facade|p1a: Eelektross
|-damage|p1a: Eelektross|0 fnt
|faint|p1a: Eelektross
|
|-heal|p2a: Gliscor|100/100 tox|[from] ability: Poison Heal
|upkeep
|
|t:|1760754540
|switch|p1a: Araquanid|Araquanid, M|19/100
|turn|17
|
|t:|1760754548
|move|p2a: Gliscor|Facade|p1a: Araquanid
|-damage|p1a: Araquanid|0 fnt
|faint|p1a: Araquanid
|
|upkeep
|
|t:|1760754552
|switch|p1a: Corviknight|Corviknight, F|44/100
|turn|18
|
|t:|1760754556
|move|p2a: Gliscor|Knock Off|p1a: Corviknight
|-damage|p1a: Corviknight|0 fnt
|-enditem|p1a: Corviknight|Leftovers|[from] move: Knock Off|[of] p2a: Gliscor
|faint|p1a: Corviknight
|
|upkeep
|
|t:|1760754558
|switch|p1a: Grimmsnarl|Grimmsnarl, M|30/100
|turn|19
|
|t:|1760754562
|move|p1a: Grimmsnarl|Reflect|p1a: Grimmsnarl
|-sidestart|p1: raketoide|Reflect
|move|p2a: Gliscor|Facade|p1a: Grimmsnarl
|-damage|p1a: Grimmsnarl|0 fnt
|faint|p1a: Grimmsnarl
|
|win|KingOfKanto69
|raw|raketoide's rating: 1183 &rarr; <strong>1161</strong><br />(-22 for losing)
|raw|KingOfKanto69's rating: 1219 &rarr; <strong>1241</strong><br />(+22 for winning)
