|j|☆Eraldin
|j|☆Maesclo
|t:|1760806815
|gametype|singles
|player|p1|Eraldin|101|1284
|player|p2|Maesclo|ninjaboy|1317
|gen|9
|tier|[Gen 9] OU
|rated|
|rule|HP Percentage Mod: HP is shown in percentages
|rule|Endless Battle Clause: Forcing endless battles is banned
|rule|Species Clause: Limit one of each Pokémon
|rule|OHKO Clause: OHKO moves are banned
|rule|Evasion Items Clause: Evasion items are banned
|rule|Evasion Moves Clause: Evasion moves are banned
|rule|Evasion Abilities Clause: Evasion abilities are banned
|rule|Sleep Moves Clause: Sleep-inducing moves are banned
|clearpoke
|poke|p1|Hatterene, F|
|poke|p1|Cresselia, F|
|poke|p1|Scream Tail|
|poke|p1|Ursaluna, M|
|poke|p1|Torkoal, M|
|poke|p1|Iron Hands|
|poke|p2|Medicham, F|
|poke|p2|Slowking-Galar, M|
|poke|p2|Zapdos|
|poke|p2|Ting-Lu|
|poke|p2|Ogerpon-Wellspring, F|
|poke|p2|Great Tusk|
|teampreview
|inactive|Battle timer is ON: inactive players will automatically lose when time's up. (requested by Eraldin)
|
|t:|1760806824
|teamsize|p1|6
|teamsize|p2|6
|start
|switch|p1a: Hatterene|Hatterene, F|100/100
|switch|p2a: Slowking|Slowking-Galar, M|100/100
|turn|1
|
|t:|1760806829
|move|p2a: Slowking|Sludge Bomb|p1a: Hatterene
|-supereffective|p1a: Hatterene
|-damage|p1a: Hatterene|29/100
|-status|p1a: Hatterene|psn
|move|p1a: Hatterene|Trick Room|p1a: Hatterene
|-fieldstart|move: Trick Room|[of] p1a: Hatterene
|
|-damage|p1a: Hatterene|17/100 psn|[from] psn
|upkeep
|turn|2
|
|t:|1760806841
|move|p2a: Slowking|Future Sight|p1a: Hatterene
|-start|p2a: Slowking|move: Future Sight
|move|p1a: Hatterene|Psychic|p2a: Slowking
|-damage|p2a: Slowking|67/100
|-unboost|p2a: Slowking|spd|1
|
|-damage|p1a: Hatterene|4/100 psn|[from] psn
|upkeep
|turn|3
|
|t:|1760806847
|-prepare|p2a: Slowking|Chilly Reception|[premajor]
|move|p2a: Slowking|Chilly Reception|p2a: Slowking
|-weather|Snowscape
|
|t:|1760806858
|switch|p2a: Ting-Lu|Ting-Lu|100/100|[from] Chilly Reception
|-ability|p2a: Ting-Lu|Vessel of Ruin
|move|p1a: Hatterene|Misty Explosion|p2a: Ting-Lu
|-supereffective|p2a: Ting-Lu
|-damage|p2a: Ting-Lu|47/100
|faint|p1a: Hatterene
|
|-weather|Snowscape|[upkeep]
|upkeep
|
|t:|1760806869
|switch|p1a: Ursaluna|Ursaluna, M|100/100
|turn|4
|
|t:|1760806888
|move|p1a: Ursaluna|Facade|p2a: Ting-Lu
|-damage|p2a: Ting-Lu|25/100
|-damage|p1a: Ursaluna|84/100|[from] item: Rocky Helmet|[of] p2a: Ting-Lu
|move|p2a: Ting-Lu|Earthquake|p1a: Ursaluna
|-damage|p1a: Ursaluna|56/100
|
|-weather|Snowscape|[upkeep]
|-end|p1a: Ursaluna|move: Future Sight
|-damage|p1a: Ursaluna|26/100
|-status|p1a: Ursaluna|brn|[from] item: Flame Orb
|upkeep
|turn|5
|
|t:|1760806900
|move|p1a: Ursaluna|Facade|p2a: Ting-Lu
|-damage|p2a: Ting-Lu|0 fnt
|-damage|p1a: Ursaluna|9/100 brn|[from] item: Rocky Helmet|[of] p2a: Ting-Lu
|faint|p2a: Ting-Lu
|
|-weather|Snowscape|[upkeep]
|-damage|p1a: Ursaluna|3/100 brn|[from] brn
|-fieldend|move: Trick Room
|upkeep
|
|t:|1760806912
|switch|p2a: Medicham|Medicham, F|100/100
|turn|6
|
|t:|1760806915
|move|p2a: Medicham|Bullet Punch|p1a: Ursaluna
|-damage|p1a: Ursaluna|0 fnt
|faint|p1a: Ursaluna
|
|-weather|Snowscape|[upkeep]
|upkeep
|
|t:|1760806917
|switch|p1a: Scream Tail|Scream Tail|100/100
|turn|7
|
|t:|1760806922
|switch|p2a: Slowking|Slowking-Galar, M|99/100
|move|p1a: Scream Tail|Trick Room|p1a: Scream Tail
|-fieldstart|move: Trick Room|[of] p1a: Scream Tail
|
|-weather|none
|upkeep
|turn|8
|
|t:|1760806931
|move|p2a: Slowking|Thunder Wave|p1a: Scream Tail
|-status|p1a: Scream Tail|par
|move|p1a: Scream Tail|Misty Explosion|p2a: Slowking
|-resisted|p2a: Slowking
|-damage|p2a: Slowking|92/100
|faint|p1a: Scream Tail
|-end|p1a: Scream Tail|Protosynthesis|[silent]
|
|upkeep
|
|t:|1760806936
|switch|p1a: Torkoal|Torkoal, M|100/100
|-weather|SunnyDay|[from] ability: Drought|[of] p1a: Torkoal
|turn|9
|
|t:|1760806941
|-terastallize|p1a: Torkoal|Fire
|-prepare|p2a: Slowking|Chilly Reception|[premajor]
|move|p2a: Slowking|Chilly Reception|p2a: Slowking
|-weather|Snowscape
|
|t:|1760806960
|switch|p2a: Zapdos|Zapdos|100/100|[from] Chilly Reception
|move|p1a: Torkoal|Eruption|p2a: Zapdos
|-damage|p2a: Zapdos|0 fnt
|faint|p2a: Zapdos
|
|-weather|Snowscape|[upkeep]
|upkeep
|inactive|Maesclo has 120 seconds left.
|
|t:|1760807010
|switch|p2a: Slowking|Slowking-Galar, M|100/100
|turn|10
|
|t:|1760807012
|move|p2a: Slowking|Sludge Bomb|p1a: Torkoal
|-damage|p1a: Torkoal|59/100
|move|p1a: Torkoal|Eruption|p2a: Slowking
|-damage|p2a: Slowking|57/100
|
|-weather|Snowscape|[upkeep]
|upkeep
|turn|11
|
|t:|1760807018
|move|p2a: Slowking|Sludge Bomb|p1a: Torkoal
|-damage|p1a: Torkoal|19/100
|move|p1a: Torkoal|Eruption|p2a: Slowking
|-damage|p2a: Slowking|42/100
|
|-weather|Snowscape|[upkeep]
|-fieldend|move: Trick Room
|upkeep
|turn|12
|inactive|Maesclo has 120 seconds left.
|
|t:|1760807029
|switch|p1a: Cresselia|Cresselia, F|100/100
|move|p2a: Slowking|Sludge Bomb|p1a: Cresselia
|-damage|p1a: Cresselia|81/100
|
|-weather|Snowscape|[upkeep]
|upkeep
|turn|13
|inactive|Maesclo has 120 seconds left.
|
|t:|1760807043
|move|p1a: Cresselia|Psychic|p2a: Slowking
|-damage|p2a: Slowking|27/100
|move|p2a: Slowking|Thunder Wave|p1a: Cresselia
|-status|p1a: Cresselia|par
|
|-weather|none
|upkeep
|turn|14
|inactive|Maesclo has 120 seconds left.
|
|t:|1760807050
|-prepare|p2a: Slowking|Chilly Reception|[premajor]
|move|p2a: Slowking|Chilly Reception|p2a: Slowking
|-weather|Snowscape
|inactive|Maesclo has 120 seconds left.
|
|t:|1760807057
|switch|p2a: Medicham|Medicham, F|100/100|[from] Chilly Reception
|move|p1a: Cresselia|Trick Room|p1a: Cresselia
|-fieldstart|move: Trick Room|[of] p1a: Cresselia
|
|-weather|Snowscape|[upkeep]
|upkeep
|turn|15
|inactive|Maesclo has 120 seconds left.
|
|t:|1760807073
|-terastallize|p2a: Medicham|Steel
|move|p2a: Medicham|Bullet Punch|p1a: Cresselia
|-damage|p1a: Cresselia|56/100 par
|move|p1a: Cresselia|Lunar Dance|p1a: Cresselia
|faint|p1a: Cresselia
|
|-weather|Snowscape|[upkeep]
|upkeep
|
|t:|1760807079
|switch|p1a: Torkoal|Torkoal, M, tera:Fire|19/100
|-heal|p1a: Torkoal|100/100|[from] move: Lunar Dance
|-weather|SunnyDay|[from] ability: Drought|[of] p1a: Torkoal
|turn|16
|
|t:|1760807087
|move|p2a: Medicham|Bullet Punch|p1a: Torkoal
|-resisted|p1a: Torkoal
|-damage|p1a: Torkoal|85/100
|move|p1a: Torkoal|Eruption|p2a: Medicham
|-supereffective|p2a: Medicham
|-crit|p2a: Medicham
|-damage|p2a: Medicham|0 fnt
|faint|p2a: Medicham
|
|-weather|SunnyDay|[upkeep]
|upkeep
|
|t:|1760807089
|switch|p2a: Slowking|Slowking-Galar, M|60/100
|turn|17
|
|t:|1760807106
|-prepare|p2a: Slowking|Chilly Reception|[premajor]
|move|p2a: Slowking|Chilly Reception|p2a: Slowking
|-weather|Snowscape
|
|t:|1760807108
|switch|p2a: Ogerpon|Ogerpon-Wellspring, F|100/100|[from] Chilly Reception
|move|p1a: Torkoal|Eruption|p2a: Ogerpon
|-crit|p2a: Ogerpon
|-damage|p2a: Ogerpon|0 fnt
|faint|p2a: Ogerpon
|
|-weather|Snowscape|[upkeep]
|upkeep
|
|t:|1760807111
|switch|p2a: Slowking|Slowking-Galar, M|93/100
|turn|18
|
|t:|1760807115
|move|p2a: Slowking|Sludge Bomb|p1a: Torkoal
|-damage|p1a: Torkoal|39/100
|move|p1a: Torkoal|Eruption|p2a: Slowking
|-damage|p2a: Slowking|63/100
|
|-weather|Snowscape|[upkeep]
|-fieldend|move: Trick Room
|upkeep
|turn|19
|
|t:|1760807125
|move|p1a: Torkoal|Eruption|p2a: Slowking
|-damage|p2a: Slowking|35/100
|move|p2a: Slowking|Sludge Bomb|p1a: Torkoal
|-damage|p1a: Torkoal|0 fnt
|faint|p1a: Torkoal
|
|-weather|Snowscape|[upkeep]
|upkeep
|
|t:|1760807130
|switch|p1a: Iron Hands|Iron Hands|100/100
|-enditem|p1a: Iron Hands|Booster Energy
|-activate|p1a: Iron Hands|ability: Quark Drive|[fromitem]
|-start|p1a: Iron Hands|quarkdriveatk
|turn|20
|
|t:|1760807138
|move|p1a: Iron Hands|Supercell Slam|p2a: Slowking
|-damage|p2a: Slowking|0 fnt
|faint|p2a: Slowking
|
|-weather|Snowscape|[upkeep]
|upkeep
|
|t:|1760807141
|switch|p2a: Great Tusk|Great Tusk|100/100
|turn|21
|
|t:|1760807146
|move|p2a: Great Tusk|Headlong Rush|p1a: Iron Hands
|-supereffective|p1a: Iron Hands
|-damage|p1a: Iron Hands|17/100
|-unboost|p2a: Great Tusk|def|1
|-unboost|p2a: Great Tusk|spd|1
|move|p1a: Iron Hands|Ice Punch|p2a: Great Tusk
|-supereffective|p2a: Great Tusk
|-damage|p2a: Great Tusk|10/100
|
|-weather|none
|upkeep
|turn|22
|
|t:|1760807156
|move|p2a: Great Tusk|Headlong Rush|p1a: Iron Hands
|-supereffective|p1a: Iron Hands
|-damage|p1a: Iron Hands|0 fnt
|-unboost|p2a: Great Tusk|def|1
|-unboost|p2a: Great Tusk|spd|1
|faint|p1a: Iron Hands
|-end|p1a: Iron Hands|Quark Drive|[silent]
|
|win|Maesclo
|raw|Eraldin's rating: 1284 &rarr; <strong>1261</strong><br />(-23 for losing)
|raw|Maesclo's rating: 1317 &rarr; <strong>1335</strong><br />(+18 for winning)
|l|☆Eraldin
|player|p1|
|l|☆Maesclo
|player|p2|
