|j|☆caesar nivis
|j|☆love is simple
|t:|1760789747
|gametype|singles
|player|p1|caesar nivis|lance|1588
|player|p2|love is simple|dawn|1577
|gen|9
|tier|[Gen 9] OU
|rated|
|rule|HP Percentage Mod: HP is shown in percentages
|rule|Endless Battle Clause: Forcing endless battles is banned
|rule|Species Clause: Limit one of each Pokémon
|rule|OHKO Clause: OHKO moves are banned
|rule|Evasion Items Clause: Evasion items are banned
|rule|Evasion Moves Clause: Evasion moves are banned
|rule|Evasion Abilities Clause: Evasion abilities are banned
|rule|Sleep Moves Clause: Sleep-inducing moves are banned
|clearpoke
|poke|p1|Ninetales-Alola, M|
|poke|p1|Ursaluna, M|
|poke|p1|Moltres-Galar|
|poke|p1|Iron Treads|
|poke|p1|Glastrier|
|poke|p1|Dondozo, M|
|poke|p2|Dondozo, M|
|poke|p2|Blissey, F|
|poke|p2|Corviknight, M|
|poke|p2|Weezing-Galar, M|
|poke|p2|Gliscor, F|
|poke|p2|Toxapex, M|
|teampreview
|inactive|Battle timer is ON: inactive players will automatically lose when time's up. (requested by caesar nivis)
|inactive|love is simple also wants the timer to be on.
|
|t:|1760789755
|teamsize|p1|6
|teamsize|p2|6
|start
|switch|p1a: Ninetales|Ninetales-Alola, M|100/100
|switch|p2a: Gliscor|Gliscor, F|100/100
|-weather|Snowscape|[from] ability: Snow Warning|[of] p1a: Ninetales
|turn|1
|j| No_Safe_Prayer
|
|t:|1760789783
|move|p2a: Gliscor|Protect|p2a: Gliscor
|-singleturn|p2a: Gliscor|Protect
|move|p1a: Ninetales|Freeze-Dry|p2a: Gliscor
|-activate|p2a: Gliscor|move: Protect
|
|-weather|Snowscape|[upkeep]
|-status|p2a: Gliscor|tox|[from] item: Toxic Orb
|upkeep
|turn|2
|
|t:|1760789792
|switch|p2a: Blissey|Blissey, F|100/100
|move|p1a: Ninetales|Encore||[still]
|-fail|p1a: Ninetales
|
|-weather|Snowscape|[upkeep]
|upkeep
|turn|3
|
|t:|1760789802
|switch|p1a: Ursaluna|Ursaluna, M|100/100
|move|p2a: Blissey|Seismic Toss|p1a: Ursaluna
|-damage|p1a: Ursaluna|79/100
|
|-weather|Snowscape|[upkeep]
|-status|p1a: Ursaluna|brn|[from] item: Flame Orb
|upkeep
|turn|4
|
|t:|1760789811
|switch|p2a: Corviknight|Corviknight, M|100/100
|-ability|p2a: Corviknight|Pressure
|-terastallize|p1a: Ursaluna|Normal
|move|p1a: Ursaluna|Facade|p2a: Corviknight
|-resisted|p2a: Corviknight
|-damage|p2a: Corviknight|48/100
|
|-weather|Snowscape|[upkeep]
|-heal|p2a: Corviknight|54/100|[from] item: Leftovers
|-damage|p1a: Ursaluna|73/100 brn|[from] brn
|upkeep
|turn|5
|
|t:|1760789828
|switch|p2a: Weezing|Weezing-Galar, M|100/100
|-ability|p2a: Weezing|Neutralizing Gas
|move|p1a: Ursaluna|Earthquake|p2a: Weezing
|-supereffective|p2a: Weezing
|-damage|p2a: Weezing|58/100
|
|-weather|none
|-damage|p1a: Ursaluna|67/100 brn|[from] brn
|upkeep
|turn|6
|
|t:|1760789838
|switch|p1a: Iron Treads|Iron Treads|100/100
|-terastallize|p2a: Weezing|Ghost
|move|p2a: Weezing|Pain Split|p1a: Iron Treads
|-sethp|p1a: Iron Treads|80/100|[from] move: Pain Split|[silent]
|-sethp|p2a: Weezing|77/100|[from] move: Pain Split
|
|upkeep
|turn|7
|
|t:|1760789843
|-end|p1a: Iron Treads|Quark Drive|[silent]
|switch|p1a: Moltres|Moltres-Galar|100/100
|-end|p2a: Weezing|ability: Neutralizing Gas
|switch|p2a: Corviknight|Corviknight, M|54/100
|-ability|p2a: Corviknight|Pressure
|
|-heal|p2a: Corviknight|60/100|[from] item: Leftovers
|upkeep
|turn|8
|
|t:|1760789849
|switch|p2a: Blissey|Blissey, F|100/100
|move|p1a: Moltres|Nasty Plot|p1a: Moltres
|-boost|p1a: Moltres|spa|2
|
|upkeep
|turn|9
|
|t:|1760789851
|move|p1a: Moltres|Fiery Wrath|p2a: Blissey
|-damage|p2a: Blissey|76/100
|move|p2a: Blissey|Calm Mind|p2a: Blissey
|-boost|p2a: Blissey|spa|1
|-boost|p2a: Blissey|spd|1
|
|-heal|p2a: Blissey|82/100|[from] item: Leftovers
|upkeep
|turn|10
|
|t:|1760789854
|switch|p1a: Ursaluna|Ursaluna, M, tera:Normal|67/100 brn
|move|p2a: Blissey|Stealth Rock|p1a: Ursaluna
|-sidestart|p1: caesar nivis|move: Stealth Rock
|
|-heal|p2a: Blissey|89/100|[from] item: Leftovers
|-damage|p1a: Ursaluna|61/100 brn|[from] brn
|upkeep
|turn|11
|
|t:|1760789858
|switch|p2a: Weezing|Weezing-Galar, M, tera:Ghost|77/100
|-ability|p2a: Weezing|Neutralizing Gas
|move|p1a: Ursaluna|Earthquake|p2a: Weezing
|-damage|p2a: Weezing|58/100
|
|-damage|p1a: Ursaluna|55/100 brn|[from] brn
|upkeep
|turn|12
|
|t:|1760789865
|switch|p1a: Moltres|Moltres-Galar|100/100
|-damage|p1a: Moltres|76/100|[from] Stealth Rock
|move|p2a: Weezing|Strange Steam|p1a: Moltres
|-supereffective|p1a: Moltres
|-damage|p1a: Moltres|30/100
|
|-heal|p1a: Moltres|36/100|[from] item: Leftovers
|upkeep
|turn|13
|l| No_Safe_Prayer
|
|t:|1760789873
|-end|p2a: Weezing|ability: Neutralizing Gas
|switch|p2a: Blissey|Blissey, F|89/100
|move|p1a: Moltres|Fiery Wrath|p2a: Blissey
|-damage|p2a: Blissey|76/100
|
|-heal|p1a: Moltres|43/100|[from] item: Leftovers
|-heal|p2a: Blissey|82/100|[from] item: Leftovers
|upkeep
|turn|14
|
|t:|1760789878
|move|p1a: Moltres|Nasty Plot|p1a: Moltres
|-boost|p1a: Moltres|spa|2
|move|p2a: Blissey|Seismic Toss|p1a: Moltres
|-damage|p1a: Moltres|11/100
|
|-heal|p1a: Moltres|18/100|[from] item: Leftovers
|-heal|p2a: Blissey|89/100|[from] item: Leftovers
|upkeep
|turn|15
|
|t:|1760789881
|move|p1a: Moltres|Fiery Wrath|p2a: Blissey
|-damage|p2a: Blissey|63/100
|move|p2a: Blissey|Seismic Toss|p1a: Moltres
|-damage|p1a: Moltres|0 fnt
|faint|p1a: Moltres
|
|-heal|p2a: Blissey|69/100|[from] item: Leftovers
|upkeep
|inactive|caesar nivis has 120 seconds left.
|
|t:|1760789915
|switch|p1a: Glastrier|Glastrier|100/100
|-damage|p1a: Glastrier|76/100|[from] Stealth Rock
|turn|16
|
|t:|1760789928
|switch|p2a: Dondozo|Dondozo, M|100/100
|move|p1a: Glastrier|Close Combat|p2a: Dondozo
|-damage|p2a: Dondozo|78/100
|-unboost|p1a: Glastrier|def|1
|-unboost|p1a: Glastrier|spd|1
|
|-heal|p2a: Dondozo|84/100|[from] item: Leftovers
|upkeep
|turn|17
|-message|caesar nivis forfeited.
|
|win|love is simple
|raw|caesar nivis's rating: 1588 &rarr; <strong>1567</strong><br />(-21 for losing)
|raw|love is simple's rating: 1577 &rarr; <strong>1598</strong><br />(+21 for winning)
|l|☆caesar nivis
|player|p1|
|l|☆love is simple
|player|p2|
