|j|☆Davi do Prado 01
|j|‽karaluchowaty
|t:|1760818220
|gametype|singles
|player|p1|Davi do Prado 01|youngster-gen4dp|1028
|player|p2|karaluchowaty|veteran|1033
|gen|9
|tier|[Gen 9] OU
|rated|
|rule|HP Percentage Mod: HP is shown in percentages
|rule|Endless Battle Clause: Forcing endless battles is banned
|rule|Species Clause: Limit one of each Pokémon
|rule|OHKO Clause: OHKO moves are banned
|rule|Evasion Items Clause: Evasion items are banned
|rule|Evasion Moves Clause: Evasion moves are banned
|rule|Evasion Abilities Clause: Evasion abilities are banned
|rule|Sleep Moves Clause: Sleep-inducing moves are banned
|clearpoke
|poke|p1|Landorus-Therian, M|
|poke|p1|Raging Bolt|
|poke|p1|Heatran, F|
|poke|p1|Dragonite, M|
|poke|p1|Gliscor, M|
|poke|p1|Iron Valiant|
|poke|p2|Victreebel, M|
|poke|p2|Slowbro-Galar, M|
|poke|p2|Rampardos, M|
|poke|p2|Scrafty, M|
|poke|p2|Ceruledge, M|
|poke|p2|Snorlax, M|
|teampreview
|
|t:|1760818229
|teamsize|p1|6
|teamsize|p2|6
|start
|switch|p1a: Landorus|Landorus-Therian, M|100/100
|switch|p2a: Ceruledge|Ceruledge, M, shiny|100/100
|-ability|p1a: Landorus|Intimidate|boost
|-unboost|p2a: Ceruledge|atk|1
|turn|1
|
|t:|1760818241
|move|p2a: Ceruledge|Bulk Up|p2a: Ceruledge
|-boost|p2a: Ceruledge|atk|1
|-boost|p2a: Ceruledge|def|1
|move|p1a: Landorus|Earthquake|p2a: Ceruledge
|-supereffective|p2a: Ceruledge
|-damage|p2a: Ceruledge|0 fnt
|faint|p2a: Ceruledge
|
|upkeep
|
|t:|1760818260
|switch|p2a: Victreebel|Victreebel, M, shiny|100/100
|turn|2
|
|t:|1760818267
|switch|p1a: Dragonite|Dragonite, M|100/100
|move|p2a: Victreebel|Giga Drain|p1a: Dragonite
|-resisted|p1a: Dragonite
|-damage|p1a: Dragonite|97/100
|
|upkeep
|turn|3
|
|t:|1760818276
|switch|p2a: Slowbro|Slowbro-Galar, M|100/100
|move|p1a: Dragonite|Earthquake|p2a: Slowbro
|-supereffective|p2a: Slowbro
|-damage|p2a: Slowbro|42/100
|
|-heal|p2a: Slowbro|48/100|[from] item: Black Sludge
|upkeep
|turn|4
|
|t:|1760818286
|move|p1a: Dragonite|Dragon Dance|p1a: Dragonite
|-boost|p1a: Dragonite|atk|1
|-boost|p1a: Dragonite|spe|1
|move|p2a: Slowbro|Psychic|p1a: Dragonite
|-damage|p1a: Dragonite|56/100
|-unboost|p1a: Dragonite|spd|1
|
|-heal|p2a: Slowbro|54/100|[from] item: Black Sludge
|upkeep
|turn|5
|
|t:|1760818298
|switch|p2a: Rampardos|Rampardos, M, shiny|100/100
|move|p1a: Dragonite|Extreme Speed|p2a: Rampardos
|-resisted|p2a: Rampardos
|-damage|p2a: Rampardos|78/100
|
|upkeep
|turn|6
|
|t:|1760818307
|switch|p1a: Gliscor|Gliscor, M|100/100
|move|p2a: Rampardos|Earthquake|p1a: Gliscor
|-immune|p1a: Gliscor
|
|-status|p1a: Gliscor|tox|[from] item: Toxic Orb
|upkeep
|turn|7
|
|t:|1760818319
|move|p1a: Gliscor|Protect|p1a: Gliscor
|-singleturn|p1a: Gliscor|Protect
|move|p2a: Rampardos|Smack Down|p1a: Gliscor
|-activate|p1a: Gliscor|move: Protect
|
|-damage|p1a: Gliscor|94/100 tox|[from] psn
|upkeep
|turn|8
|
|t:|1760818329
|move|p1a: Gliscor|Toxic|p2a: Rampardos
|-status|p2a: Rampardos|tox
|move|p2a: Rampardos|Smack Down|p1a: Gliscor
|-damage|p1a: Gliscor|70/100 tox
|-start|p1a: Gliscor|Smack Down
|
|-damage|p1a: Gliscor|58/100 tox|[from] psn
|-damage|p2a: Rampardos|72/100 tox|[from] psn
|upkeep
|turn|9
|
|t:|1760818339
|move|p1a: Gliscor|Earthquake|p2a: Rampardos
|-supereffective|p2a: Rampardos
|-damage|p2a: Rampardos|0 fnt
|faint|p2a: Rampardos
|
|-damage|p1a: Gliscor|39/100 tox|[from] psn
|upkeep
|
|t:|1760818347
|switch|p2a: Scrafty|Scrafty, M|100/100
|turn|10
|
|t:|1760818353
|switch|p1a: Landorus|Landorus-Therian, M|100/100
|-ability|p1a: Landorus|Intimidate|boost
|-unboost|p2a: Scrafty|atk|1
|move|p2a: Scrafty|Knock Off|p1a: Landorus
|-damage|p1a: Landorus|73/100
|-enditem|p1a: Landorus|Leftovers|[from] move: Knock Off|[of] p2a: Scrafty
|
|upkeep
|turn|11
|
|t:|1760818364
|move|p1a: Landorus|Earthquake|p2a: Scrafty
|-damage|p2a: Scrafty|53/100
|move|p2a: Scrafty|Swords Dance|p2a: Scrafty
|-boost|p2a: Scrafty|atk|2
|
|-heal|p2a: Scrafty|59/100|[from] item: Leftovers
|upkeep
|turn|12
|
|t:|1760818374
|move|p1a: Landorus|Earth Power|p2a: Scrafty
|-damage|p2a: Scrafty|25/100
|-unboost|p2a: Scrafty|spd|1
|move|p2a: Scrafty|Close Combat|p1a: Landorus
|-resisted|p1a: Landorus
|-damage|p1a: Landorus|34/100
|-unboost|p2a: Scrafty|def|1
|-unboost|p2a: Scrafty|spd|1
|
|-heal|p2a: Scrafty|31/100|[from] item: Leftovers
|upkeep
|turn|13
|
|t:|1760818386
|move|p1a: Landorus|Earthquake|p2a: Scrafty
|-damage|p2a: Scrafty|0 fnt
|faint|p2a: Scrafty
|
|upkeep
|
|t:|1760818393
|switch|p2a: Snorlax|Snorlax, M, shiny|100/100
|turn|14
|
|t:|1760818397
|switch|p1a: Dragonite|Dragonite, M|56/100
|move|p2a: Snorlax|Body Press|p1a: Dragonite
|-resisted|p1a: Dragonite
|-damage|p1a: Dragonite|48/100
|
|upkeep
|turn|15
|
|t:|1760818407
|move|p1a: Dragonite|Fire Punch|p2a: Snorlax
|-damage|p2a: Snorlax|83/100
|move|p2a: Snorlax|Defense Curl|p2a: Snorlax
|-boost|p2a: Snorlax|def|1
|
|-heal|p2a: Snorlax|89/100|[from] item: Leftovers
|upkeep
|turn|16
|
|t:|1760818419
|move|p1a: Dragonite|Earthquake|p2a: Snorlax
|-damage|p2a: Snorlax|74/100
|move|p2a: Snorlax|Defense Curl|p2a: Snorlax
|-boost|p2a: Snorlax|def|1
|
|-heal|p2a: Snorlax|80/100|[from] item: Leftovers
|upkeep
|turn|17
|
|t:|1760818428
|move|p1a: Dragonite|Extreme Speed|p2a: Snorlax
|-damage|p2a: Snorlax|70/100
|move|p2a: Snorlax|Defense Curl|p2a: Snorlax
|-boost|p2a: Snorlax|def|1
|
|-heal|p2a: Snorlax|76/100|[from] item: Leftovers
|upkeep
|turn|18
|
|t:|1760818437
|switch|p1a: Raging Bolt|Raging Bolt|100/100
|-enditem|p1a: Raging Bolt|Booster Energy
|-activate|p1a: Raging Bolt|ability: Protosynthesis|[fromitem]
|-start|p1a: Raging Bolt|protosynthesisspa
|move|p2a: Snorlax|Defense Curl|p2a: Snorlax
|-boost|p2a: Snorlax|def|1
|
|-heal|p2a: Snorlax|82/100|[from] item: Leftovers
|upkeep
|turn|19
|
|t:|1760818449
|move|p1a: Raging Bolt|Draco Meteor|p2a: Snorlax
|-damage|p2a: Snorlax|30/100
|-unboost|p1a: Raging Bolt|spa|2
|move|p2a: Snorlax|Body Press|p1a: Raging Bolt
|-damage|p1a: Raging Bolt|58/100
|
|-heal|p2a: Snorlax|37/100|[from] item: Leftovers
|upkeep
|turn|20
|
|t:|1760818461
|move|p1a: Raging Bolt|Draco Meteor|p2a: Snorlax
|-damage|p2a: Snorlax|7/100
|-unboost|p1a: Raging Bolt|spa|2
|move|p2a: Snorlax|Rest|p2a: Snorlax
|-status|p2a: Snorlax|slp|[from] move: Rest
|-heal|p2a: Snorlax|100/100 slp|[silent]
|
|upkeep
|turn|21
|
|t:|1760818474
|move|p1a: Raging Bolt|Thunderclap||[still]
|-fail|p1a: Raging Bolt
|cant|p2a: Snorlax|slp
|move|p2a: Snorlax|Sleep Talk|p2a: Snorlax
|move|p2a: Snorlax|Defense Curl|p2a: Snorlax|[from] move: Sleep Talk
|-boost|p2a: Snorlax|def|1
|
|upkeep
|turn|22
|
|t:|1760818484
|move|p1a: Raging Bolt|Draco Meteor|p2a: Snorlax
|-damage|p2a: Snorlax|84/100 slp
|-unboost|p1a: Raging Bolt|spa|2
|cant|p2a: Snorlax|slp
|
|-heal|p2a: Snorlax|90/100 slp|[from] item: Leftovers
|upkeep
|turn|23
|
|t:|1760818498
|-end|p1a: Raging Bolt|Protosynthesis|[silent]
|switch|p1a: Landorus|Landorus-Therian, M|34/100
|-ability|p1a: Landorus|Intimidate|boost
|-unboost|p2a: Snorlax|atk|1
|-curestatus|p2a: Snorlax|slp|[msg]
|move|p2a: Snorlax|Body Press|p1a: Landorus
|-resisted|p1a: Landorus
|-damage|p1a: Landorus|5/100
|
|-heal|p2a: Snorlax|96/100|[from] item: Leftovers
|upkeep
|turn|24
|
|t:|1760818509
|move|p1a: Landorus|Earthquake|p2a: Snorlax
|-damage|p2a: Snorlax|86/100
|move|p2a: Snorlax|Body Press|p1a: Landorus
|-resisted|p1a: Landorus
|-damage|p1a: Landorus|0 fnt
|faint|p1a: Landorus
|
|-heal|p2a: Snorlax|92/100|[from] item: Leftovers
|upkeep
|
|t:|1760818521
|switch|p1a: Gliscor|Gliscor, M|39/100 tox
|turn|25
|inactive|Battle timer is ON: inactive players will automatically lose when time's up. (requested by karaluchowaty)
|
|t:|1760818528
|move|p1a: Gliscor|Protect|p1a: Gliscor
|-singleturn|p1a: Gliscor|Protect
|move|p2a: Snorlax|Defense Curl|p2a: Snorlax
|-boost|p2a: Snorlax|def|1
|
|-heal|p2a: Snorlax|98/100|[from] item: Leftovers
|-damage|p1a: Gliscor|33/100 tox|[from] psn
|upkeep
|turn|26
|
|t:|1760818541
|move|p1a: Gliscor|Earthquake|p2a: Snorlax
|-damage|p2a: Snorlax|91/100
|move|p2a: Snorlax|Body Press|p1a: Gliscor
|-resisted|p1a: Gliscor
|-damage|p1a: Gliscor|5/100 tox
|
|-heal|p2a: Snorlax|97/100|[from] item: Leftovers
|-damage|p1a: Gliscor|0 fnt|[from] psn
|faint|p1a: Gliscor
|upkeep
|
|t:|1760818551
|switch|p1a: Iron Valiant|Iron Valiant|100/100
|-enditem|p1a: Iron Valiant|Booster Energy
|-activate|p1a: Iron Valiant|ability: Quark Drive|[fromitem]
|-start|p1a: Iron Valiant|quarkdriveatk
|turn|27
|
|t:|1760818559
|move|p1a: Iron Valiant|Close Combat|p2a: Snorlax
|-supereffective|p2a: Snorlax
|-crit|p2a: Snorlax
|-damage|p2a: Snorlax|0 fnt
|-unboost|p1a: Iron Valiant|def|1
|-unboost|p1a: Iron Valiant|spd|1
|faint|p2a: Snorlax
|
|upkeep
|
|t:|1760818572
|switch|p2a: Victreebel|Victreebel, M, shiny|100/100
|turn|28
|
|t:|1760818577
|move|p1a: Iron Valiant|Close Combat|p2a: Victreebel
|-resisted|p2a: Victreebel
|-damage|p2a: Victreebel|43/100
|-unboost|p1a: Iron Valiant|def|1
|-unboost|p1a: Iron Valiant|spd|1
|move|p2a: Victreebel|Substitute|p2a: Victreebel
|-start|p2a: Victreebel|Substitute
|-damage|p2a: Victreebel|18/100
|-enditem|p2a: Victreebel|Salac Berry|[eat]
|-boost|p2a: Victreebel|spe|1|[from] item: Salac Berry
|
|upkeep
|turn|29
|
|t:|1760818589
|move|p2a: Victreebel|Giga Drain|p1a: Iron Valiant
|-damage|p1a: Iron Valiant|20/100
|-heal|p2a: Victreebel|60/100|[from] drain|[of] p1a: Iron Valiant
|move|p1a: Iron Valiant|Expanding Force|p2a: Victreebel
|-supereffective|p2a: Victreebel
|-end|p2a: Victreebel|Substitute
|
|upkeep
|turn|30
|
|t:|1760818597
|move|p2a: Victreebel|Giga Drain|p1a: Iron Valiant
|-damage|p1a: Iron Valiant|0 fnt
|-heal|p2a: Victreebel|70/100|[from] drain|[of] p1a: Iron Valiant
|faint|p1a: Iron Valiant
|-end|p1a: Iron Valiant|Quark Drive|[silent]
|
|upkeep
|
|t:|1760818604
|switch|p1a: Raging Bolt|Raging Bolt|58/100
|turn|31
|
|t:|1760818610
|move|p2a: Victreebel|Giga Drain|p1a: Raging Bolt
|-resisted|p1a: Raging Bolt
|-damage|p1a: Raging Bolt|46/100
|-heal|p2a: Victreebel|78/100|[from] drain|[of] p1a: Raging Bolt
|move|p1a: Raging Bolt|Draco Meteor|p2a: Victreebel
|-damage|p2a: Victreebel|0 fnt
|-unboost|p1a: Raging Bolt|spa|2
|faint|p2a: Victreebel
|
|upkeep
|
|t:|1760818621
|switch|p2a: Slowbro|Slowbro-Galar, M|54/100
|turn|32
|
|t:|1760818625
|move|p1a: Raging Bolt|Draco Meteor|p2a: Slowbro
|-damage|p2a: Slowbro|19/100
|-unboost|p1a: Raging Bolt|spa|2
|move|p2a: Slowbro|Acid Spray|p1a: Raging Bolt
|-damage|p1a: Raging Bolt|32/100
|-unboost|p1a: Raging Bolt|spd|2
|
|-heal|p2a: Slowbro|25/100|[from] item: Black Sludge
|upkeep
|turn|33
|
|t:|1760818639
|move|p1a: Raging Bolt|Calm Mind|p1a: Raging Bolt
|-boost|p1a: Raging Bolt|spa|1
|-boost|p1a: Raging Bolt|spd|1
|move|p2a: Slowbro|Psychic|p1a: Raging Bolt
|-damage|p1a: Raging Bolt|0 fnt
|faint|p1a: Raging Bolt
|-end|p1a: Raging Bolt|Protosynthesis|[silent]
|
|-heal|p2a: Slowbro|31/100|[from] item: Black Sludge
|upkeep
|
|t:|1760818649
|switch|p1a: Heatran|Heatran, F|100/100
|turn|34
|-activate|p2a: Slowbro|ability: Quick Draw
|
|t:|1760818653
|move|p2a: Slowbro|Psychic|p1a: Heatran
|-resisted|p1a: Heatran
|-damage|p1a: Heatran|81/100
|move|p1a: Heatran|Magma Storm|p2a: Slowbro
|-damage|p2a: Slowbro|0 fnt
|faint|p2a: Slowbro
|
|win|Davi do Prado 01
|raw|Davi do Prado 01's rating: 1028 &rarr; <strong>1064</strong><br />(+36 for winning)
|raw|karaluchowaty's rating: 1033 &rarr; <strong>1018</strong><br />(-15 for losing)
