|j|☆Eggege
|j|☆Magenta Maylene
|t:|1760812104
|gametype|singles
|player|p1|Eggege|265|1435
|player|p2|Magenta Maylene|maylene|1437
|gen|9
|tier|[Gen 9] OU
|rated|
|rule|HP Percentage Mod: HP is shown in percentages
|rule|Endless Battle Clause: Forcing endless battles is banned
|rule|Species Clause: Limit one of each Pokémon
|rule|OHKO Clause: OHKO moves are banned
|rule|Evasion Items Clause: Evasion items are banned
|rule|Evasion Moves Clause: Evasion moves are banned
|rule|Evasion Abilities Clause: Evasion abilities are banned
|rule|Sleep Moves Clause: Sleep-inducing moves are banned
|clearpoke
|poke|p1|Ninetales-Alola, M|
|poke|p1|Cetitan, F|
|poke|p1|Kyurem|
|poke|p1|Sandslash-Alola, M|
|poke|p1|Moltres|
|poke|p1|Zamazenta-*|
|poke|p2|Clodsire, M|
|poke|p2|Maushold-Four|
|poke|p2|Abomasnow, M|
|poke|p2|Gholdengo|
|poke|p2|Moltres|
|poke|p2|Scizor, F|
|teampreview
|inactive|Battle timer is ON: inactive players will automatically lose when time's up. (requested by Magenta Maylene)
|
|t:|1760812118
|teamsize|p1|6
|teamsize|p2|6
|start
|switch|p1a: Moltres|Moltres|100/100
|switch|p2a: Lava Chicken|Moltres|100/100
|turn|1
|
|t:|1760812126
|move|p1a: Moltres|Hurricane|p2a: Lava Chicken|[miss]
|-miss|p1a: Moltres|p2a: Lava Chicken
|move|p2a: Lava Chicken|Flamethrower|p1a: Moltres
|-resisted|p1a: Moltres
|-damage|p1a: Moltres|77/100
|
|upkeep
|turn|2
|
|t:|1760812137
|switch|p2a: The Boy|Clodsire, M|100/100
|move|p1a: Moltres|Hurricane|p2a: The Boy|[miss]
|-miss|p1a: Moltres|p2a: The Boy
|
|upkeep
|turn|3
|
|t:|1760812148
|switch|p1a: OneInAMilion|Sandslash-Alola, M|100/100
|move|p2a: The Boy|Stealth Rock|p1a: OneInAMilion
|-sidestart|p1: Eggege|move: Stealth Rock
|
|upkeep
|turn|4
|
|t:|1760812155
|switch|p2a: Lava Chicken|Moltres|100/100
|move|p1a: OneInAMilion|Knock Off|p2a: Lava Chicken
|-damage|p2a: Lava Chicken|77/100
|-status|p1a: OneInAMilion|brn|[from] ability: Flame Body|[of] p2a: Lava Chicken
|-enditem|p2a: Lava Chicken|Heavy-Duty Boots|[from] move: Knock Off|[of] p1a: OneInAMilion
|
|-damage|p1a: OneInAMilion|94/100 brn|[from] brn
|upkeep
|turn|5
|
|t:|1760812162
|move|p1a: OneInAMilion|Stealth Rock|p2a: Lava Chicken
|-sidestart|p2: Magenta Maylene|move: Stealth Rock
|move|p2a: Lava Chicken|Flamethrower|p1a: OneInAMilion
|-supereffective|p1a: OneInAMilion
|-damage|p1a: OneInAMilion|0 fnt
|faint|p1a: OneInAMilion
|
|upkeep
|
|t:|1760812171
|switch|p1a: Ninetales|Ninetales-Alola, M|100/100
|-damage|p1a: Ninetales|76/100|[from] Stealth Rock
|-weather|Snowscape|[from] ability: Snow Warning|[of] p1a: Ninetales
|turn|6
|
|t:|1760812177
|move|p1a: Ninetales|Aurora Veil|p1a: Ninetales
|-sidestart|p1: Eggege|move: Aurora Veil
|move|p2a: Lava Chicken|Flamethrower|p1a: Ninetales
|-supereffective|p1a: Ninetales
|-damage|p1a: Ninetales|27/100
|
|-weather|Snowscape|[upkeep]
|upkeep
|turn|7
|
|t:|1760812186
|move|p1a: Ninetales|Blizzard|p2a: Lava Chicken
|-damage|p2a: Lava Chicken|34/100
|move|p2a: Lava Chicken|Flamethrower|p1a: Ninetales
|-supereffective|p1a: Ninetales
|-damage|p1a: Ninetales|0 fnt
|faint|p1a: Ninetales
|
|-weather|Snowscape|[upkeep]
|upkeep
|
|t:|1760812201
|switch|p1a: Cetitan|Cetitan, F|100/100
|-damage|p1a: Cetitan|76/100|[from] Stealth Rock
|turn|8
|
|t:|1760812223
|-terastallize|p1a: Cetitan|Water
|move|p1a: Cetitan|Belly Drum|p1a: Cetitan
|-damage|p1a: Cetitan|26/100
|-setboost|p1a: Cetitan|atk|6|[from] move: Belly Drum
|-enditem|p1a: Cetitan|Sitrus Berry|[eat]
|-heal|p1a: Cetitan|50/100|[from] item: Sitrus Berry
|move|p2a: Lava Chicken|Will-O-Wisp|p1a: Cetitan
|-status|p1a: Cetitan|brn
|
|-weather|Snowscape|[upkeep]
|-damage|p1a: Cetitan|44/100 brn|[from] brn
|upkeep
|turn|9
|
|t:|1760812234
|switch|p2a: The Boy|Clodsire, M|100/100
|-damage|p2a: The Boy|94/100|[from] Stealth Rock
|move|p1a: Cetitan|Liquidation|p2a: The Boy
|-supereffective|p2a: The Boy
|-damage|p2a: The Boy|48/100
|
|-weather|Snowscape|[upkeep]
|-heal|p2a: The Boy|54/100|[from] item: Black Sludge
|-damage|p1a: Cetitan|38/100 brn|[from] brn
|upkeep
|turn|10
|
|t:|1760812241
|move|p1a: Cetitan|Liquidation|p2a: The Boy
|-supereffective|p2a: The Boy
|-damage|p2a: The Boy|5/100
|move|p2a: The Boy|Recover|p2a: The Boy
|-heal|p2a: The Boy|55/100
|
|-weather|Snowscape|[upkeep]
|-heal|p2a: The Boy|61/100|[from] item: Black Sludge
|-damage|p1a: Cetitan|32/100 brn|[from] brn
|-sideend|p1: Eggege|move: Aurora Veil
|upkeep
|turn|11
|-message|Eggege forfeited.
|
|win|Magenta Maylene
|raw|Eggege's rating: 1435 &rarr; <strong>1415</strong><br />(-20 for losing)
|raw|Magenta Maylene's rating: 1437 &rarr; <strong>1457</strong><br />(+20 for winning)
|l|☆Eggege
|player|p1|
|l|☆Magenta Maylene
|player|p2|
