|j|☆pepelepiu
|j|☆DurantLatios拉帝欧斯侠
|t:|1760853357
|gametype|singles
|player|p1|pepelepiu|waiter-gen4|1352
|player|p2|DurantLatios拉帝欧斯侠|102|1357
|gen|9
|tier|[Gen 9] OU
|rated|
|rule|HP Percentage Mod: HP is shown in percentages
|rule|Endless Battle Clause: Forcing endless battles is banned
|rule|Species Clause: Limit one of each Pokémon
|rule|OHKO Clause: OHKO moves are banned
|rule|Evasion Items Clause: Evasion items are banned
|rule|Evasion Moves Clause: Evasion moves are banned
|rule|Evasion Abilities Clause: Evasion abilities are banned
|rule|Sleep Moves Clause: Sleep-inducing moves are banned
|clearpoke
|poke|p1|Tornadus-Therian, M|
|poke|p1|Dragapult, M|
|poke|p1|Skeledirge, M|
|poke|p1|Deoxys-Speed|
|poke|p1|Pecharunt|
|poke|p1|Great Tusk|
|poke|p2|Skarmory, M|
|poke|p2|Kyurem|
|poke|p2|Primarina, F|
|poke|p2|Cinderace, F|
|poke|p2|Great Tusk|
|poke|p2|Zapdos|
|teampreview
|inactive|Battle timer is ON: inactive players will automatically lose when time's up. (requested by DurantLatios拉帝欧斯侠)
|
|t:|1760853363
|teamsize|p1|6
|teamsize|p2|6
|start
|switch|p1a: Deoxys|Deoxys-Speed|100/100
|switch|p2a: Skarmory|Skarmory, M|100/100
|-ability|p1a: Deoxys|Pressure
|turn|1
|
|t:|1760853369
|move|p1a: Deoxys|Taunt|p2a: Skarmory
|-start|p2a: Skarmory|move: Taunt
|cant|p2a: Skarmory|move: Taunt|Swords Dance
|
|upkeep
|turn|2
|
|t:|1760853383
|move|p1a: Deoxys|Stealth Rock|p2a: Skarmory
|-sidestart|p2: DurantLatios拉帝欧斯侠|move: Stealth Rock
|move|p2a: Skarmory|Brave Bird|p1a: Deoxys
|-damage|p1a: Deoxys|26/100
|-damage|p2a: Skarmory|79/100|[from] Recoil
|
|-heal|p2a: Skarmory|85/100|[from] item: Leftovers
|upkeep
|turn|3
|
|t:|1760853391
|move|p1a: Deoxys|Ice Beam|p2a: Skarmory
|-damage|p2a: Skarmory|39/100
|move|p2a: Skarmory|Brave Bird|p1a: Deoxys
|-damage|p1a: Deoxys|0 fnt
|faint|p1a: Deoxys
|-damage|p2a: Skarmory|31/100|[from] Recoil
|
|-heal|p2a: Skarmory|38/100|[from] item: Leftovers
|-end|p2a: Skarmory|move: Taunt
|upkeep
|
|t:|1760853398
|switch|p1a: Skeledirge|Skeledirge, M|100/100
|turn|4
|
|t:|1760853416
|switch|p2a: Primarina|Primarina, F|100/100
|-damage|p2a: Primarina|88/100|[from] Stealth Rock
|move|p1a: Skeledirge|Torch Song|p2a: Primarina
|-resisted|p2a: Primarina
|-damage|p2a: Primarina|79/100
|-boost|p1a: Skeledirge|spa|1
|
|upkeep
|turn|5
|
|t:|1760853425
|switch|p1a: Tornadus|Tornadus-Therian, M|100/100
|move|p2a: Primarina|Psychic Noise|p1a: Tornadus
|-damage|p1a: Tornadus|46/100
|-start|p1a: Tornadus|move: Heal Block
|
|upkeep
|turn|6
|
|t:|1760853455
|move|p1a: Tornadus|Bleakwind Storm|p2a: Primarina
|-damage|p2a: Primarina|49/100
|-unboost|p2a: Primarina|spe|1
|move|p2a: Primarina|Ice Beam|p1a: Tornadus
|-supereffective|p1a: Tornadus
|-damage|p1a: Tornadus|0 fnt
|faint|p1a: Tornadus
|
|upkeep
|
|t:|1760853465
|switch|p1a: Pecharunt|Pecharunt|100/100
|-item|p1a: Pecharunt|Air Balloon
|turn|7
|
|t:|1760853480
|switch|p2a: Great Tusk|Great Tusk|100/100
|move|p1a: Pecharunt|Malignant Chain|p2a: Great Tusk
|-resisted|p2a: Great Tusk
|-damage|p2a: Great Tusk|78/100
|-status|p2a: Great Tusk|tox
|-start|p2a: Great Tusk|confusion|[from] ability: Poison Puppeteer|[of] p1a: Pecharunt
|
|-damage|p2a: Great Tusk|72/100 tox|[from] psn
|upkeep
|turn|8
|
|t:|1760853486
|-activate|p2a: Great Tusk|confusion
|move|p2a: Great Tusk|Ice Spinner|p1a: Pecharunt
|-damage|p1a: Pecharunt|85/100
|-enditem|p1a: Pecharunt|Air Balloon
|move|p1a: Pecharunt|Hex|p2a: Great Tusk
|-damage|p2a: Great Tusk|13/100 tox
|
|-damage|p2a: Great Tusk|0 fnt|[from] psn
|faint|p2a: Great Tusk
|-end|p2a: Great Tusk|Protosynthesis|[silent]
|upkeep
|
|t:|1760853501
|switch|p2a: Skarmory|Skarmory, M|38/100
|-damage|p2a: Skarmory|25/100|[from] Stealth Rock
|turn|9
|
|t:|1760853505
|move|p2a: Skarmory|Roost|p2a: Skarmory
|-heal|p2a: Skarmory|75/100
|-singleturn|p2a: Skarmory|move: Roost
|move|p1a: Pecharunt|Recover|p1a: Pecharunt
|-heal|p1a: Pecharunt|100/100
|
|-heal|p2a: Skarmory|81/100|[from] item: Leftovers
|upkeep
|turn|10
|
|t:|1760853510
|move|p2a: Skarmory|Swords Dance|p2a: Skarmory
|-boost|p2a: Skarmory|atk|2
|move|p1a: Pecharunt|Hex|p2a: Skarmory
|-damage|p2a: Skarmory|50/100
|
|-heal|p2a: Skarmory|56/100|[from] item: Leftovers
|upkeep
|turn|11
|
|t:|1760853517
|switch|p1a: Skeledirge|Skeledirge, M|100/100
|move|p2a: Skarmory|Roost|p2a: Skarmory
|-heal|p2a: Skarmory|100/100
|-singleturn|p2a: Skarmory|move: Roost
|
|upkeep
|turn|12
|
|t:|1760853522
|-terastallize|p2a: Skarmory|Ground
|move|p2a: Skarmory|Drill Run|p1a: Skeledirge
|-supereffective|p1a: Skeledirge
|-crit|p1a: Skeledirge
|-damage|p1a: Skeledirge|36/100
|move|p1a: Skeledirge|Torch Song|p2a: Skarmory
|-damage|p2a: Skarmory|49/100
|-boost|p1a: Skeledirge|spa|1
|
|-heal|p2a: Skarmory|56/100|[from] item: Leftovers
|upkeep
|turn|13
|
|t:|1760853529
|-terastallize|p1a: Skeledirge|Water
|move|p2a: Skarmory|Drill Run|p1a: Skeledirge
|-crit|p1a: Skeledirge
|-damage|p1a: Skeledirge|4/100
|move|p1a: Skeledirge|Slack Off|p1a: Skeledirge
|-heal|p1a: Skeledirge|54/100
|
|-heal|p2a: Skarmory|62/100|[from] item: Leftovers
|upkeep
|turn|14
|
|t:|1760853534
|move|p2a: Skarmory|Brave Bird|p1a: Skeledirge
|-damage|p1a: Skeledirge|18/100
|-damage|p2a: Skarmory|44/100|[from] Recoil
|move|p1a: Skeledirge|Will-O-Wisp|p2a: Skarmory
|-status|p2a: Skarmory|brn
|
|-heal|p2a: Skarmory|50/100 brn|[from] item: Leftovers
|-damage|p2a: Skarmory|44/100 brn|[from] brn
|upkeep
|turn|15
|
|t:|1760853539
|move|p2a: Skarmory|Brave Bird|p1a: Skeledirge
|-damage|p1a: Skeledirge|0 fnt
|faint|p1a: Skeledirge
|-damage|p2a: Skarmory|35/100 brn|[from] Recoil
|
|-heal|p2a: Skarmory|41/100 brn|[from] item: Leftovers
|-damage|p2a: Skarmory|35/100 brn|[from] brn
|upkeep
|
|t:|1760853550
|switch|p1a: Pecharunt|Pecharunt|100/100
|turn|16
|
|t:|1760853567
|move|p2a: Skarmory|Drill Run|p1a: Pecharunt
|-supereffective|p1a: Pecharunt
|-damage|p1a: Pecharunt|71/100
|move|p1a: Pecharunt|Hex|p2a: Skarmory
|-damage|p2a: Skarmory|0 fnt
|faint|p2a: Skarmory
|
|upkeep
|
|t:|1760853578
|switch|p2a: Kyurem|Kyurem|100/100
|-damage|p2a: Kyurem|75/100|[from] Stealth Rock
|-ability|p2a: Kyurem|Pressure
|turn|17
|
|t:|1760853604
|move|p2a: Kyurem|Substitute|p2a: Kyurem
|-start|p2a: Kyurem|Substitute
|-damage|p2a: Kyurem|50/100
|move|p1a: Pecharunt|Parting Shot|p2a: Kyurem
|-unboost|p2a: Kyurem|atk|1
|-unboost|p2a: Kyurem|spa|1
|
|t:|1760853609
|switch|p1a: Dragapult|Dragapult, M|100/100|[from] Parting Shot
|
|-heal|p2a: Kyurem|57/100|[from] item: Leftovers
|upkeep
|turn|18
|
|t:|1760853613
|move|p1a: Dragapult|Dragon Darts|p2a: Kyurem
|-supereffective|p2a: Kyurem
|-damage|p2a: Kyurem|0 fnt
|faint|p2a: Kyurem
|-damage|p1a: Dragapult|91/100|[from] item: Life Orb
|
|upkeep
|
|t:|1760853617
|switch|p2a: Cinderace|Cinderace, F|100/100
|turn|19
|
|t:|1760853620
|move|p1a: Dragapult|Dragon Darts|p2a: Cinderace
|-damage|p2a: Cinderace|58/100
|-anim|p1a: Dragapult|Dragon Darts|p2a: Cinderace
|-damage|p2a: Cinderace|22/100
|-damage|p1a: Dragapult|81/100|[from] item: Life Orb
|move|p2a: Cinderace|Will-O-Wisp|p1a: Dragapult|[miss]
|-miss|p2a: Cinderace|p1a: Dragapult
|
|upkeep
|turn|20
|
|t:|1760853624
|move|p1a: Dragapult|Dragon Darts|p2a: Cinderace
|-damage|p2a: Cinderace|0 fnt
|faint|p2a: Cinderace
|-damage|p1a: Dragapult|71/100|[from] item: Life Orb
|
|upkeep
|
|t:|1760853626
|switch|p2a: Zapdos|Zapdos|100/100
|turn|21
|
|t:|1760853631
|move|p1a: Dragapult|Dragon Dance|p1a: Dragapult
|-boost|p1a: Dragapult|atk|1
|-boost|p1a: Dragapult|spe|1
|move|p2a: Zapdos|Thunder Wave|p1a: Dragapult
|-status|p1a: Dragapult|par
|
|upkeep
|turn|22
|
|t:|1760853634
|move|p1a: Dragapult|Dragon Darts|p2a: Zapdos
|-damage|p2a: Zapdos|63/100
|-anim|p1a: Dragapult|Dragon Darts|p2a: Zapdos
|-damage|p2a: Zapdos|27/100
|-damage|p1a: Dragapult|61/100 par|[from] item: Life Orb
|move|p2a: Zapdos|Hurricane|p1a: Dragapult
|-damage|p1a: Dragapult|0 fnt
|faint|p1a: Dragapult
|
|upkeep
|
|t:|1760853638
|switch|p1a: Pecharunt|Pecharunt|71/100
|turn|23
|
|t:|1760853641
|move|p2a: Zapdos|Roost|p2a: Zapdos
|-heal|p2a: Zapdos|78/100
|-singleturn|p2a: Zapdos|move: Roost
|move|p1a: Pecharunt|Malignant Chain|p2a: Zapdos
|-damage|p2a: Zapdos|47/100
|
|upkeep
|turn|24
|
|t:|1760853644
|move|p2a: Zapdos|Thunder Wave|p1a: Pecharunt
|-status|p1a: Pecharunt|par
|cant|p1a: Pecharunt|par
|
|upkeep
|turn|25
|
|t:|1760853647
|move|p2a: Zapdos|Roost|p2a: Zapdos
|-heal|p2a: Zapdos|97/100
|-singleturn|p2a: Zapdos|move: Roost
|move|p1a: Pecharunt|Malignant Chain|p2a: Zapdos
|-damage|p2a: Zapdos|65/100
|
|upkeep
|turn|26
|
|t:|1760853649
|move|p2a: Zapdos|Roost|p2a: Zapdos
|-heal|p2a: Zapdos|100/100
|-singleturn|p2a: Zapdos|move: Roost
|move|p1a: Pecharunt|Malignant Chain|p2a: Zapdos
|-damage|p2a: Zapdos|69/100
|-status|p2a: Zapdos|tox
|-start|p2a: Zapdos|confusion|[from] ability: Poison Puppeteer|[of] p1a: Pecharunt
|
|-damage|p2a: Zapdos|63/100 tox|[from] psn
|upkeep
|turn|27
|
|t:|1760853652
|-activate|p2a: Zapdos|confusion
|move|p2a: Zapdos|Hurricane|p1a: Pecharunt
|-damage|p1a: Pecharunt|33/100 par
|move|p1a: Pecharunt|Hex|p2a: Zapdos
|-damage|p2a: Zapdos|25/100 tox
|
|-damage|p2a: Zapdos|13/100 tox|[from] psn
|upkeep
|turn|28
|
|t:|1760853658
|-activate|p2a: Zapdos|confusion
|move|p2a: Zapdos|Roost|p2a: Zapdos
|-heal|p2a: Zapdos|63/100 tox
|-singleturn|p2a: Zapdos|move: Roost
|move|p1a: Pecharunt|Hex|p2a: Zapdos
|-crit|p2a: Zapdos
|-damage|p2a: Zapdos|5/100 tox
|
|-damage|p2a: Zapdos|0 fnt|[from] psn
|faint|p2a: Zapdos
|upkeep
|
|t:|1760853661
|switch|p2a: Primarina|Primarina, F|49/100
|-damage|p2a: Primarina|37/100|[from] Stealth Rock
|turn|29
|
|t:|1760853664
|move|p2a: Primarina|Psychic Noise|p1a: Pecharunt
|-damage|p1a: Pecharunt|0 fnt
|faint|p1a: Pecharunt
|
|upkeep
|
|t:|1760853667
|switch|p1a: Great Tusk|Great Tusk|100/100
|turn|30
|
|t:|1760853671
|move|p1a: Great Tusk|Headlong Rush|p2a: Primarina
|-damage|p2a: Primarina|0 fnt
|-unboost|p1a: Great Tusk|def|1
|-unboost|p1a: Great Tusk|spd|1
|faint|p2a: Primarina
|
|win|pepelepiu
|raw|pepelepiu's rating: 1352 &rarr; <strong>1372</strong><br />(+20 for winning)
|raw|DurantLatios拉帝欧斯侠's rating: 1357 &rarr; <strong>1337</strong><br />(-20 for losing)
