|j|☆winfiftyfifties
|j|☆OUOG Sindicate
|t:|1760828394
|gametype|singles
|player|p1|winfiftyfifties|102|1622
|player|p2|OUOG Sindicate|265|1602
|gen|9
|tier|[Gen 9] OU
|rated|
|rule|HP Percentage Mod: HP is shown in percentages
|rule|Endless Battle Clause: Forcing endless battles is banned
|rule|Species Clause: Limit one of each Pokémon
|rule|OHKO Clause: OHKO moves are banned
|rule|Evasion Items Clause: Evasion items are banned
|rule|Evasion Moves Clause: Evasion moves are banned
|rule|Evasion Abilities Clause: Evasion abilities are banned
|rule|Sleep Moves Clause: Sleep-inducing moves are banned
|clearpoke
|poke|p1|Landorus-Therian, M|
|poke|p1|Ogerpon-Wellspring, F|
|poke|p1|Dragapult, M|
|poke|p1|Darkrai|
|poke|p1|Arcanine-Hisui, M|
|poke|p1|Scizor, M|
|poke|p2|Zamazenta-*|
|poke|p2|Ceruledge, M|
|poke|p2|Zapdos|
|poke|p2|Iron Crown|
|poke|p2|Araquanid, F|
|poke|p2|Landorus-Therian, M|
|teampreview
|inactive|Battle timer is ON: inactive players will automatically lose when time's up. (requested by OUOG Sindicate)
|j| Dhoom Again
|
|t:|1760828418
|teamsize|p1|6
|teamsize|p2|6
|start
|switch|p1a: Arcanine|Arcanine-Hisui, M|100/100
|switch|p2a: Araquanid|Araquanid, F|100/100
|turn|1
|
|t:|1760828422
|switch|p2a: Landorus|Landorus-Therian, M|100/100
|-ability|p2a: Landorus|Intimidate|boost
|-unboost|p1a: Arcanine|atk|1
|move|p1a: Arcanine|Head Smash|p2a: Landorus|[miss]
|-miss|p1a: Arcanine|p2a: Landorus
|
|upkeep
|turn|2
|
|t:|1760828434
|move|p2a: Landorus|Stealth Rock|p1a: Arcanine
|-sidestart|p1: winfiftyfifties|move: Stealth Rock
|move|p1a: Arcanine|Head Smash|p2a: Landorus|[miss]
|-miss|p1a: Arcanine|p2a: Landorus
|
|upkeep
|turn|3
|
|t:|1760828437
|switch|p1a: Landorus|Landorus-Therian, M|100/100
|-damage|p1a: Landorus|88/100|[from] Stealth Rock
|-ability|p1a: Landorus|Intimidate|boost
|-unboost|p2a: Landorus|atk|1
|move|p2a: Landorus|U-turn|p1a: Landorus
|-resisted|p1a: Landorus
|-crit|p1a: Landorus
|-damage|p1a: Landorus|72/100
|inactive|OUOG Sindicate has 120 seconds left.
|
|t:|1760828471
|switch|p2a: Zamazenta|Zamazenta|100/100|[from] U-turn
|-ability|p2a: Zamazenta|Dauntless Shield|boost
|-boost|p2a: Zamazenta|def|1
|
|upkeep
|turn|4
|
|t:|1760828480
|-terastallize|p1a: Landorus|Flying
|move|p2a: Zamazenta|Ice Fang|p1a: Landorus
|-supereffective|p1a: Landorus
|-damage|p1a: Landorus|1/100
|move|p1a: Landorus|Tera Blast|p2a: Zamazenta|[anim] Tera Blast Flying
|-supereffective|p2a: Zamazenta
|-damage|p2a: Zamazenta|0 fnt
|faint|p2a: Zamazenta
|
|upkeep
|
|t:|1760828490
|switch|p2a: Ceruledge|Ceruledge, M|100/100
|turn|5
|
|t:|1760828509
|move|p2a: Ceruledge|Shadow Sneak|p1a: Landorus
|-damage|p1a: Landorus|0 fnt
|faint|p1a: Landorus
|
|upkeep
|
|t:|1760828513
|switch|p1a: Darkrai|Darkrai|100/100
|-damage|p1a: Darkrai|88/100|[from] Stealth Rock
|turn|6
|
|t:|1760828517
|switch|p2a: Araquanid|Araquanid, F|100/100
|move|p1a: Darkrai|Dark Pulse|p2a: Araquanid
|-damage|p2a: Araquanid|59/100
|
|upkeep
|turn|7
|
|t:|1760828521
|move|p1a: Darkrai|Dark Pulse|p2a: Araquanid
|-damage|p2a: Araquanid|19/100
|move|p2a: Araquanid|Leech Life|p1a: Darkrai
|-supereffective|p1a: Darkrai
|-damage|p1a: Darkrai|33/100
|-heal|p2a: Araquanid|42/100|[from] drain|[of] p1a: Darkrai
|
|upkeep
|turn|8
|
|t:|1760828527
|move|p1a: Darkrai|Dark Pulse|p2a: Araquanid
|-damage|p2a: Araquanid|7/100
|move|p2a: Araquanid|Sticky Web|p1a: Darkrai
|-sidestart|p1: winfiftyfifties|move: Sticky Web
|
|upkeep
|turn|9
|
|t:|1760828535
|move|p1a: Darkrai|Dark Pulse|p2a: Araquanid
|-damage|p2a: Araquanid|0 fnt
|faint|p2a: Araquanid
|
|upkeep
|inactive|OUOG Sindicate has 120 seconds left.
|inactive|OUOG Sindicate has 90 seconds left.
|
|t:|1760828596
|switch|p2a: Landorus|Landorus-Therian, M|100/100
|-ability|p2a: Landorus|Intimidate|boost
|-unboost|p1a: Darkrai|atk|1
|turn|10
|
|t:|1760828610
|move|p1a: Darkrai|Dark Pulse|p2a: Landorus
|-damage|p2a: Landorus|29/100
|move|p2a: Landorus|U-turn|p1a: Darkrai
|-supereffective|p1a: Darkrai
|-damage|p1a: Darkrai|0 fnt
|faint|p1a: Darkrai
|inactive|OUOG Sindicate has 90 seconds left.
|inactive|OUOG Sindicate has 60 seconds left.
|
|t:|1760828658
|switch|p2a: Zapdos|Zapdos|100/100|[from] U-turn
|
|upkeep
|
|t:|1760828675
|switch|p1a: Scizor|Scizor, M|100/100
|-damage|p1a: Scizor|88/100|[from] Stealth Rock
|-activate|p1a: Scizor|move: Sticky Web
|-unboost|p1a: Scizor|spe|1
|turn|11
|
|t:|1760828686
|move|p2a: Zapdos|Hurricane|p1a: Scizor
|-damage|p1a: Scizor|29/100
|move|p1a: Scizor|Defog|p2a: Zapdos
|-unboost|p2a: Zapdos|evasion|1
|-sideend|p1: winfiftyfifties|Stealth Rock|[from] move: Defog|[of] p1a: Scizor
|-sideend|p1: winfiftyfifties|Sticky Web|[from] move: Defog|[of] p1a: Scizor
|
|upkeep
|turn|12
|
|t:|1760828694
|switch|p1a: Arcanine|Arcanine-Hisui, M|100/100
|move|p2a: Zapdos|Hurricane|p1a: Arcanine
|-resisted|p1a: Arcanine
|-damage|p1a: Arcanine|73/100
|
|upkeep
|turn|13
|
|t:|1760828699
|-terastallize|p2a: Zapdos|Water
|move|p1a: Arcanine|Flare Blitz|p2a: Zapdos
|-resisted|p2a: Zapdos
|-damage|p2a: Zapdos|64/100
|move|p2a: Zapdos|Thunder Wave|p1a: Arcanine
|-status|p1a: Arcanine|par
|
|upkeep
|turn|14
|
|t:|1760828714
|move|p2a: Zapdos|Roost|p2a: Zapdos
|-heal|p2a: Zapdos|100/100
|move|p1a: Arcanine|Flare Blitz|p2a: Zapdos
|-resisted|p2a: Zapdos
|-damage|p2a: Zapdos|64/100
|-status|p2a: Zapdos|brn
|
|-damage|p2a: Zapdos|58/100 brn|[from] brn
|upkeep
|turn|15
|inactive|OUOG Sindicate has 90 seconds left.
|
|t:|1760828727
|switch|p1a: Scizor|Scizor, M|29/100
|move|p2a: Zapdos|U-turn|p1a: Scizor
|-resisted|p1a: Scizor
|-damage|p1a: Scizor|26/100
|
|t:|1760828732
|switch|p2a: Iron Crown|Iron Crown|100/100|[from] U-turn
|
|upkeep
|turn|16
|
|t:|1760828739
|move|p1a: Scizor|Bullet Punch|p2a: Iron Crown
|-resisted|p2a: Iron Crown
|-damage|p2a: Iron Crown|72/100
|move|p2a: Iron Crown|Agility|p2a: Iron Crown
|-boost|p2a: Iron Crown|spe|2
|
|upkeep
|turn|17
|
|t:|1760828753
|move|p1a: Scizor|Bullet Punch|p2a: Iron Crown
|-resisted|p2a: Iron Crown
|-damage|p2a: Iron Crown|44/100
|move|p2a: Iron Crown|Calm Mind|p2a: Iron Crown
|-boost|p2a: Iron Crown|spa|1
|-boost|p2a: Iron Crown|spd|1
|
|upkeep
|turn|18
|
|t:|1760828758
|move|p1a: Scizor|Bullet Punch|p2a: Iron Crown
|-resisted|p2a: Iron Crown
|-damage|p2a: Iron Crown|16/100
|move|p2a: Iron Crown|Tachyon Cutter|p1a: Scizor
|-resisted|p1a: Scizor
|-damage|p1a: Scizor|3/100
|-resisted|p1a: Scizor
|-damage|p1a: Scizor|0 fnt
|faint|p1a: Scizor
|-hitcount|p1: Scizor|2
|
|upkeep
|
|t:|1760828768
|switch|p1a: Dragapult|Dragapult, M|100/100
|turn|19
|
|t:|1760828776
|move|p1a: Dragapult|Sucker Punch||[still]
|-fail|p1a: Dragapult
|move|p2a: Iron Crown|Calm Mind|p2a: Iron Crown
|-boost|p2a: Iron Crown|spa|1
|-boost|p2a: Iron Crown|spd|1
|
|upkeep
|turn|20
|
|t:|1760828781
|move|p1a: Dragapult|Sucker Punch||[still]
|-fail|p1a: Dragapult
|move|p2a: Iron Crown|Calm Mind|p2a: Iron Crown
|-boost|p2a: Iron Crown|spa|1
|-boost|p2a: Iron Crown|spd|1
|
|upkeep
|turn|21
|
|t:|1760828783
|move|p1a: Dragapult|Sucker Punch||[still]
|-fail|p1a: Dragapult
|move|p2a: Iron Crown|Calm Mind|p2a: Iron Crown
|-boost|p2a: Iron Crown|spa|1
|-boost|p2a: Iron Crown|spd|1
|
|upkeep
|turn|22
|
|t:|1760828788
|move|p1a: Dragapult|Sucker Punch||[still]
|-fail|p1a: Dragapult
|move|p2a: Iron Crown|Agility|p2a: Iron Crown
|-boost|p2a: Iron Crown|spe|2
|
|upkeep
|turn|23
|
|t:|1760828794
|move|p1a: Dragapult|Sucker Punch||[still]
|-fail|p1a: Dragapult
|move|p2a: Iron Crown|Calm Mind|p2a: Iron Crown
|-boost|p2a: Iron Crown|spa|1
|-boost|p2a: Iron Crown|spd|1
|
|upkeep
|turn|24
|
|t:|1760828802
|move|p1a: Dragapult|Sucker Punch|p2a: Iron Crown
|-supereffective|p2a: Iron Crown
|-damage|p2a: Iron Crown|0 fnt
|faint|p2a: Iron Crown
|-end|p2a: Iron Crown|Quark Drive|[silent]
|
|upkeep
|
|t:|1760828804
|switch|p2a: Ceruledge|Ceruledge, M|100/100
|turn|25
|
|t:|1760828811
|switch|p1a: Arcanine|Arcanine-Hisui, M|73/100 par
|move|p2a: Ceruledge|Bulk Up|p2a: Ceruledge
|-boost|p2a: Ceruledge|atk|1
|-boost|p2a: Ceruledge|def|1
|
|upkeep
|turn|26
|
|t:|1760828818
|switch|p2a: Zapdos|Zapdos, tera:Water|58/100 brn
|move|p1a: Arcanine|Head Smash|p2a: Zapdos
|-damage|p2a: Zapdos|0 fnt
|faint|p2a: Zapdos
|
|upkeep
|
|t:|1760828820
|switch|p2a: Landorus|Landorus-Therian, M|29/100
|-ability|p2a: Landorus|Intimidate|boost
|-unboost|p1a: Arcanine|atk|1
|turn|27
|
|t:|1760828836
|move|p2a: Landorus|Earth Power|p1a: Arcanine
|-supereffective|p1a: Arcanine
|-damage|p1a: Arcanine|0 fnt
|faint|p1a: Arcanine
|
|upkeep
|
|t:|1760828838
|switch|p1a: Ogerpon|Ogerpon-Wellspring, F|100/100
|turn|28
|
|t:|1760828844
|move|p1a: Ogerpon|Spikes|p2a: Landorus
|-sidestart|p2: OUOG Sindicate|Spikes
|move|p2a: Landorus|U-turn|p1a: Ogerpon
|-supereffective|p1a: Ogerpon
|-damage|p1a: Ogerpon|49/100
|
|t:|1760828846
|switch|p2a: Ceruledge|Ceruledge, M|100/100|[from] U-turn
|
|upkeep
|turn|29
|
|t:|1760828851
|switch|p2a: Landorus|Landorus-Therian, M|29/100
|-ability|p2a: Landorus|Intimidate|boost
|-unboost|p1a: Ogerpon|atk|1
|move|p1a: Ogerpon|Ivy Cudgel|p2a: Landorus|[anim] Ivy Cudgel Water
|-supereffective|p2a: Landorus
|-damage|p2a: Landorus|0 fnt
|faint|p2a: Landorus
|
|upkeep
|
|t:|1760828853
|switch|p2a: Ceruledge|Ceruledge, M|100/100
|turn|30
|
|t:|1760828878
|move|p1a: Ogerpon|Ivy Cudgel|p2a: Ceruledge|[anim] Ivy Cudgel Water
|-supereffective|p2a: Ceruledge
|-damage|p2a: Ceruledge|10/100
|move|p2a: Ceruledge|Bitter Blade|p1a: Ogerpon
|-damage|p1a: Ogerpon|4/100
|-heal|p2a: Ceruledge|30/100|[from] drain|[of] p1a: Ogerpon
|
|upkeep
|turn|31
|
|t:|1760828884
|move|p2a: Ceruledge|Shadow Sneak|p1a: Ogerpon
|-damage|p1a: Ogerpon|0 fnt
|faint|p1a: Ogerpon
|
|upkeep
|
|t:|1760828885
|switch|p1a: Dragapult|Dragapult, M|100/100
|turn|32
|
|t:|1760828891
|move|p2a: Ceruledge|Shadow Sneak|p1a: Dragapult
|-supereffective|p1a: Dragapult
|-damage|p1a: Dragapult|53/100
|move|p1a: Dragapult|Dragon Darts|p2a: Ceruledge
|-damage|p2a: Ceruledge|0 fnt
|faint|p2a: Ceruledge
|
|win|winfiftyfifties
|raw|winfiftyfifties's rating: 1622 &rarr; <strong>1641</strong><br />(+19 for winning)
|raw|OUOG Sindicate's rating: 1602 &rarr; <strong>1583</strong><br />(-19 for losing)
|l|☆OUOG Sindicate
|player|p2|
|c|☆winfiftyfifties|Gg
|l|☆winfiftyfifties
|player|p1|
