|j|☆Z-A_RyuEssential
|j|☆yes im fat
|t:|1760751276
|gametype|singles
|player|p1|Z-A_RyuEssential|essentia|1064
|player|p2|yes im fat|hiker-gen4|1074
|gen|9
|tier|[Gen 9] OU
|rated|
|rule|HP Percentage Mod: HP is shown in percentages
|rule|Endless Battle Clause: Forcing endless battles is banned
|rule|Species Clause: Limit one of each Pokémon
|rule|OHKO Clause: OHKO moves are banned
|rule|Evasion Items Clause: Evasion items are banned
|rule|Evasion Moves Clause: Evasion moves are banned
|rule|Evasion Abilities Clause: Evasion abilities are banned
|rule|Sleep Moves Clause: Sleep-inducing moves are banned
|clearpoke
|poke|p1|Cinderace, F|
|poke|p1|Ogerpon-Wellspring, F|
|poke|p1|Dragapult, F|
|poke|p1|Iron Valiant|
|poke|p1|Ninetales-Alola, F|
|poke|p1|Scizor, F|
|poke|p2|Blissey, F|
|poke|p2|Mudsdale, F|
|poke|p2|Comfey, M|
|poke|p2|Dragapult, F|
|poke|p2|Cinderace, M|
|poke|p2|Weezing-Galar, M|
|teampreview
|
|t:|1760751289
|teamsize|p1|6
|teamsize|p2|6
|start
|switch|p1a: Inverna|Ninetales-Alola, F|100/100
|switch|p2a: Weezing|Weezing-Galar, M|100/100
|-weather|Snowscape|[from] ability: Snow Warning|[of] p1a: Inverna
|-fieldstart|move: Misty Terrain|[from] ability: Misty Surge|[of] p2a: Weezing
|turn|1
|
|t:|1760751299
|move|p1a: Inverna|Aurora Veil|p1a: Inverna
|-sidestart|p1: Z-A_RyuEssential|move: Aurora Veil
|move|p2a: Weezing|Toxic Spikes|p1a: Inverna
|-sidestart|p1: Z-A_RyuEssential|move: Toxic Spikes
|
|-weather|Snowscape|[upkeep]
|upkeep
|turn|2
|
|t:|1760751312
|move|p1a: Inverna|Nasty Plot|p1a: Inverna
|-boost|p1a: Inverna|spa|2
|move|p2a: Weezing|Toxic Spikes|p1a: Inverna
|-sidestart|p1: Z-A_RyuEssential|move: Toxic Spikes
|
|-weather|Snowscape|[upkeep]
|upkeep
|turn|3
|
|t:|1760751317
|switch|p2a: Blissey|Blissey, F|100/100
|move|p1a: Inverna|Freeze-Dry|p2a: Blissey
|-damage|p2a: Blissey|86/100
|
|-weather|Snowscape|[upkeep]
|upkeep
|turn|4
|
|t:|1760751324
|move|p1a: Inverna|Moonblast|p2a: Blissey
|-damage|p2a: Blissey|68/100
|-unboost|p2a: Blissey|spa|1
|move|p2a: Blissey|Hyper Voice|p1a: Inverna
|-damage|p1a: Inverna|89/100
|
|-weather|Snowscape|[upkeep]
|upkeep
|turn|5
|
|t:|1760751330
|move|p1a: Inverna|Moonblast|p2a: Blissey
|-damage|p2a: Blissey|50/100
|move|p2a: Blissey|Hyper Voice|p1a: Inverna
|-damage|p1a: Inverna|76/100
|
|-weather|none
|upkeep
|turn|6
|
|t:|1760751334
|move|p1a: Inverna|Moonblast|p2a: Blissey
|-damage|p2a: Blissey|30/100
|-unboost|p2a: Blissey|spa|1
|move|p2a: Blissey|Soft-Boiled|p2a: Blissey
|-heal|p2a: Blissey|80/100
|
|upkeep
|turn|7
|
|t:|1760751341
|move|p1a: Inverna|Freeze-Dry|p2a: Blissey
|-damage|p2a: Blissey|66/100
|move|p2a: Blissey|Hyper Voice|p1a: Inverna
|-damage|p1a: Inverna|69/100
|
|upkeep
|turn|8
|
|t:|1760751346
|move|p1a: Inverna|Freeze-Dry|p2a: Blissey
|-damage|p2a: Blissey|53/100
|move|p2a: Blissey|Hyper Voice|p1a: Inverna
|-damage|p1a: Inverna|60/100
|
|-sideend|p1: Z-A_RyuEssential|move: Aurora Veil
|-fieldend|Misty Terrain
|upkeep
|turn|9
|
|t:|1760751352
|switch|p1a: Bichota|Scizor, F|100/100
|move|p2a: Blissey|Soft-Boiled|p2a: Blissey
|-heal|p2a: Blissey|100/100
|
|upkeep
|turn|10
|
|t:|1760751357
|switch|p2a: Mudsdale|Mudsdale, F|100/100
|move|p1a: Bichota|Swords Dance|p1a: Bichota
|-boost|p1a: Bichota|atk|2
|
|upkeep
|turn|11
|
|t:|1760751366
|move|p1a: Bichota|Swords Dance|p1a: Bichota
|-boost|p1a: Bichota|atk|2
|move|p2a: Mudsdale|Earthquake|p1a: Bichota
|-damage|p1a: Bichota|51/100
|
|-heal|p1a: Bichota|57/100|[from] item: Leftovers
|upkeep
|turn|12
|
|t:|1760751376
|move|p2a: Mudsdale|Protect|p2a: Mudsdale
|-singleturn|p2a: Mudsdale|Protect
|move|p1a: Bichota|Bug Bite|p2a: Mudsdale
|-activate|p2a: Mudsdale|move: Protect
|
|-heal|p1a: Bichota|63/100|[from] item: Leftovers
|upkeep
|turn|13
|
|t:|1760751380
|move|p1a: Bichota|Bug Bite|p2a: Mudsdale
|-damage|p2a: Mudsdale|21/100
|-ability|p2a: Mudsdale|Stamina|boost
|-boost|p2a: Mudsdale|def|1
|move|p2a: Mudsdale|Counter|p1a: Bichota
|-damage|p1a: Bichota|0 fnt
|faint|p1a: Bichota
|
|-heal|p2a: Mudsdale|27/100|[from] item: Leftovers
|upkeep
|
|t:|1760751393
|switch|p1a: Darkside|Dragapult, F|100/100
|-status|p1a: Darkside|tox
|turn|14
|
|t:|1760751402
|move|p2a: Mudsdale|Protect|p2a: Mudsdale
|-singleturn|p2a: Mudsdale|Protect
|move|p1a: Darkside|Dragon Dance|p1a: Darkside
|-boost|p1a: Darkside|atk|1
|-boost|p1a: Darkside|spe|1
|
|-heal|p2a: Mudsdale|33/100|[from] item: Leftovers
|-damage|p1a: Darkside|95/100 tox|[from] psn
|upkeep
|turn|15
|
|t:|1760751408
|move|p1a: Darkside|Dragon Darts|p2a: Mudsdale
|-damage|p2a: Mudsdale|13/100
|-ability|p2a: Mudsdale|Stamina|boost
|-boost|p2a: Mudsdale|def|1
|-anim|p1a: Darkside|Dragon Darts|p2a: Mudsdale
|-damage|p2a: Mudsdale|0 fnt
|faint|p2a: Mudsdale
|-damage|p1a: Darkside|85/100 tox|[from] item: Life Orb
|
|-damage|p1a: Darkside|73/100 tox|[from] psn
|upkeep
|
|t:|1760751419
|switch|p2a: Comfey|Comfey, M|100/100
|turn|16
|
|t:|1760751425
|-terastallize|p1a: Darkside|Fire
|move|p2a: Comfey|Draining Kiss|p1a: Darkside
|-resisted|p1a: Darkside
|-damage|p1a: Darkside|58/100 tox
|move|p1a: Darkside|Phantom Force||[still]
|-prepare|p1a: Darkside|Phantom Force
|
|-damage|p1a: Darkside|40/100 tox|[from] psn
|upkeep
|turn|17
|
|t:|1760751433
|switch|p2a: Blissey|Blissey, F|100/100
|move|p1a: Darkside|Phantom Force|p2a: Blissey|[from] lockedmove
|-immune|p2a: Blissey
|
|-damage|p1a: Darkside|16/100 tox|[from] psn
|upkeep
|turn|18
|
|t:|1760751436
|switch|p2a: Comfey|Comfey, M|100/100
|move|p1a: Darkside|Dragon Darts|p2a: Comfey
|-immune|p2a: Comfey
|
|-damage|p1a: Darkside|0 fnt|[from] psn
|faint|p1a: Darkside
|upkeep
|
|t:|1760751445
|switch|p1a: Messi|Cinderace, F|100/100
|-status|p1a: Messi|tox
|turn|19
|
|t:|1760751452
|switch|p2a: Weezing|Weezing-Galar, M|100/100
|-fieldstart|move: Misty Terrain|[from] ability: Misty Surge|[of] p2a: Weezing
|move|p1a: Messi|Gunk Shot|p2a: Weezing
|-start|p1a: Messi|typechange|Poison|[from] ability: Libero
|-damage|p2a: Weezing|0 fnt
|faint|p2a: Weezing
|
|-damage|p1a: Messi|95/100 tox|[from] psn
|upkeep
|
|t:|1760751472
|switch|p2a: Dragapult|Dragapult, F|100/100
|turn|20
|
|t:|1760751482
|switch|p1a: Inverna|Ninetales-Alola, F|60/100
|-weather|Snowscape|[from] ability: Snow Warning|[of] p1a: Inverna
|move|p2a: Dragapult|Phantom Force||[still]
|-prepare|p2a: Dragapult|Phantom Force
|
|-weather|Snowscape|[upkeep]
|upkeep
|turn|21
|
|t:|1760751488
|move|p2a: Dragapult|Phantom Force|p1a: Inverna|[from] lockedmove
|-damage|p1a: Inverna|27/100
|move|p1a: Inverna|Aurora Veil|p1a: Inverna
|-sidestart|p1: Z-A_RyuEssential|move: Aurora Veil
|
|-weather|Snowscape|[upkeep]
|upkeep
|turn|22
|
|t:|1760751495
|switch|p2a: Blissey|Blissey, F|100/100
|move|p1a: Inverna|Freeze-Dry|p2a: Blissey
|-damage|p2a: Blissey|94/100
|
|-weather|Snowscape|[upkeep]
|upkeep
|turn|23
|
|t:|1760751501
|switch|p1a: Messi|Cinderace, F|95/100 tox
|move|p2a: Blissey|Hyper Voice|p1a: Messi
|-damage|p1a: Messi|71/100 tox
|
|-weather|Snowscape|[upkeep]
|-damage|p1a: Messi|65/100 tox|[from] psn
|upkeep
|turn|24
|
|t:|1760751513
|switch|p2a: Dragapult|Dragapult, F|100/100
|move|p1a: Messi|Gunk Shot|p2a: Dragapult|[miss]
|-start|p1a: Messi|typechange|Poison|[from] ability: Libero
|-miss|p1a: Messi|p2a: Dragapult
|
|-weather|none
|-damage|p1a: Messi|53/100 tox|[from] psn
|upkeep
|turn|25
|
|t:|1760751519
|move|p2a: Dragapult|Substitute|p2a: Dragapult
|-start|p2a: Dragapult|Substitute
|-damage|p2a: Dragapult|76/100
|move|p1a: Messi|Gunk Shot|p2a: Dragapult
|-resisted|p2a: Dragapult
|-end|p2a: Dragapult|Substitute
|
|-heal|p2a: Dragapult|82/100|[from] item: Leftovers
|-damage|p1a: Messi|35/100 tox|[from] psn
|upkeep
|turn|26
|
|t:|1760751525
|move|p2a: Dragapult|Substitute|p2a: Dragapult
|-start|p2a: Dragapult|Substitute
|-damage|p2a: Dragapult|57/100
|move|p1a: Messi|Gunk Shot|p2a: Dragapult|[miss]
|-miss|p1a: Messi|p2a: Dragapult
|
|-heal|p2a: Dragapult|63/100|[from] item: Leftovers
|-damage|p1a: Messi|11/100 tox|[from] psn
|-fieldend|Misty Terrain
|upkeep
|turn|27
|
|t:|1760751530
|move|p2a: Dragapult|Dragon Dance|p2a: Dragapult
|-boost|p2a: Dragapult|atk|1
|-boost|p2a: Dragapult|spe|1
|move|p1a: Messi|Gunk Shot|p2a: Dragapult
|-resisted|p2a: Dragapult
|-end|p2a: Dragapult|Substitute
|
|-heal|p2a: Dragapult|69/100|[from] item: Leftovers
|-damage|p1a: Messi|0 fnt|[from] psn
|faint|p1a: Messi
|upkeep
|
|t:|1760751535
|switch|p1a: Ferropapeador|Iron Valiant|100/100
|-status|p1a: Ferropapeador|tox
|turn|28
|
|t:|1760751539
|move|p2a: Dragapult|Phantom Force||[still]
|-prepare|p2a: Dragapult|Phantom Force
|move|p1a: Ferropapeador|Moonblast|p2a: Dragapult|[miss]
|-miss|p1a: Ferropapeador|p2a: Dragapult
|
|-heal|p2a: Dragapult|75/100|[from] item: Leftovers
|-damage|p1a: Ferropapeador|94/100 tox|[from] psn
|-sideend|p1: Z-A_RyuEssential|move: Aurora Veil
|upkeep
|turn|29
|
|t:|1760751546
|move|p2a: Dragapult|Phantom Force|p1a: Ferropapeador|[from] lockedmove
|-damage|p1a: Ferropapeador|14/100 tox
|move|p1a: Ferropapeador|Moonblast|p2a: Dragapult
|-supereffective|p2a: Dragapult
|-damage|p2a: Dragapult|0 fnt
|faint|p2a: Dragapult
|-damage|p1a: Ferropapeador|4/100 tox|[from] item: Life Orb
|
|-damage|p1a: Ferropapeador|0 fnt|[from] psn
|faint|p1a: Ferropapeador
|-end|p1a: Ferropapeador|Quark Drive|[silent]
|upkeep
|
|t:|1760751558
|switch|p2a: Cinderace|Cinderace, M|100/100
|switch|p1a: Inverna|Ninetales-Alola, F|27/100
|-status|p1a: Inverna|tox
|-weather|Snowscape|[from] ability: Snow Warning|[of] p1a: Inverna
|turn|30
|
|t:|1760751560
|move|p2a: Cinderace|Pyro Ball|p1a: Inverna
|-supereffective|p1a: Inverna
|-damage|p1a: Inverna|0 fnt
|faint|p1a: Inverna
|
|-weather|Snowscape|[upkeep]
|upkeep
|
|t:|1760751563
|switch|p1a: OgerGOAT|Ogerpon-Wellspring, F|100/100
|-status|p1a: OgerGOAT|tox
|turn|31
|
|t:|1760751568
|move|p2a: Cinderace|Pyro Ball|p1a: OgerGOAT
|-damage|p1a: OgerGOAT|30/100 tox
|move|p1a: OgerGOAT|Ivy Cudgel|p2a: Cinderace|[anim] Ivy Cudgel Water
|-supereffective|p2a: Cinderace
|-enditem|p2a: Cinderace|Focus Sash
|-damage|p2a: Cinderace|1/100
|
|-weather|Snowscape|[upkeep]
|-damage|p1a: OgerGOAT|24/100 tox|[from] psn
|upkeep
|turn|32
|
|t:|1760751573
|move|p2a: Cinderace|Pyro Ball|p1a: OgerGOAT
|-damage|p1a: OgerGOAT|0 fnt
|faint|p1a: OgerGOAT
|
|win|yes im fat
|raw|Z-A_RyuEssential's rating: 1064 &rarr; <strong>1045</strong><br />(-19 for losing)
|raw|yes im fat's rating: 1074 &rarr; <strong>1102</strong><br />(+28 for winning)
|l|☆Z-A_RyuEssential
|player|p1|
|l|☆yes im fat
|player|p2|
|j|☆Z-A_RyuEssential
|player|p1|Z-A_RyuEssential|essentia|
|l|☆Z-A_RyuEssential
|player|p1|
