|j|☆turbotoby95
|j|☆gospel88
|t:|1760761381
|gametype|singles
|player|p1|turbotoby95|265|1395
|player|p2|gospel88|acetrainer-gen4dp|1368
|gen|9
|tier|[Gen 9] OU
|rated|
|rule|HP Percentage Mod: HP is shown in percentages
|rule|Endless Battle Clause: Forcing endless battles is banned
|rule|Species Clause: Limit one of each Pokémon
|rule|OHKO Clause: OHKO moves are banned
|rule|Evasion Items Clause: Evasion items are banned
|rule|Evasion Moves Clause: Evasion moves are banned
|rule|Evasion Abilities Clause: Evasion abilities are banned
|rule|Sleep Moves Clause: Sleep-inducing moves are banned
|clearpoke
|poke|p1|Vaporeon, F|
|poke|p1|Ting-Lu|
|poke|p1|Darkrai|
|poke|p1|Gholdengo|
|poke|p1|Ditto|
|poke|p1|Dragonite, M|
|poke|p2|Venusaur, M|
|poke|p2|Zapdos|
|poke|p2|Houndoom, M|
|poke|p2|Mimikyu, F|
|poke|p2|Dragonite, F|
|poke|p2|Kingdra, M|
|teampreview
|inactive|Battle timer is ON: inactive players will automatically lose when time's up. (requested by gospel88)
|
|t:|1760761392
|teamsize|p1|6
|teamsize|p2|6
|start
|switch|p1a: Yoink!|Ditto, shiny|100/100
|switch|p2a: MeteorSwarm|Kingdra, M|100/100
|-transform|p1a: Yoink!|p2a: MeteorSwarm|[from] ability: Imposter
|turn|1
|
|t:|1760761400
|switch|p2a: Mimikyu|Mimikyu, F|100/100
|move|p1a: Yoink!|Focus Energy|p1a: Yoink!
|-start|p1a: Yoink!|move: Focus Energy
|
|upkeep
|turn|2
|
|t:|1760761409
|move|p1a: Yoink!|Scald|p2a: Mimikyu
|-activate|p2a: Mimikyu|ability: Disguise
|-damage|p2a: Mimikyu|100/100
|detailschange|p2a: Mimikyu|Mimikyu-Busted, F
|-damage|p2a: Mimikyu|88/100|[from] pokemon: Mimikyu-Busted
|move|p2a: Mimikyu|Play Rough|p1a: Yoink!
|-supereffective|p1a: Yoink!
|-damage|p1a: Yoink!|0 fnt
|faint|p1a: Yoink!
|
|-heal|p2a: Mimikyu|94/100|[from] item: Leftovers
|upkeep
|
|t:|1760761419
|switch|p1a: Gyatdengo|Gholdengo|100/100
|turn|3
|
|t:|1760761426
|switch|p2a: Houndoom|Houndoom, M|100/100
|move|p1a: Gyatdengo|Thunder Wave|p2a: Houndoom
|-status|p2a: Houndoom|par
|
|upkeep
|turn|4
|
|t:|1760761434
|switch|p1a: Ting-Lu|Ting-Lu|100/100
|-ability|p1a: Ting-Lu|Vessel of Ruin
|move|p2a: Houndoom|Flame Charge|p1a: Ting-Lu
|-damage|p1a: Ting-Lu|94/100
|-boost|p2a: Houndoom|spe|1
|
|-heal|p1a: Ting-Lu|100/100|[from] item: Leftovers
|upkeep
|turn|5
|
|t:|1760761451
|move|p2a: Houndoom|Fire Blast|p1a: Ting-Lu
|-damage|p1a: Ting-Lu|68/100
|-status|p1a: Ting-Lu|brn
|move|p1a: Ting-Lu|Whirlwind|p2a: Houndoom
|drag|p2a: Venusaur|Venusaur, M|100/100
|
|-heal|p1a: Ting-Lu|74/100 brn|[from] item: Leftovers
|-damage|p1a: Ting-Lu|68/100 brn|[from] brn
|upkeep
|turn|6
|
|t:|1760761463
|move|p2a: Venusaur|Leech Seed|p1a: Ting-Lu
|-start|p1a: Ting-Lu|move: Leech Seed
|move|p1a: Ting-Lu|Spikes|p2a: Venusaur
|-sidestart|p2: gospel88|Spikes
|
|-heal|p1a: Ting-Lu|74/100 brn|[from] item: Leftovers
|-damage|p1a: Ting-Lu|62/100 brn|[from] Leech Seed|[of] p2a: Venusaur
|-damage|p1a: Ting-Lu|55/100 brn|[from] brn
|upkeep
|turn|7
|
|t:|1760761472
|switch|p1a: Gyatdengo|Gholdengo|100/100
|move|p2a: Venusaur|Curse|p2a: Venusaur
|-unboost|p2a: Venusaur|spe|1
|-boost|p2a: Venusaur|atk|1
|-boost|p2a: Venusaur|def|1
|
|upkeep
|turn|8
|
|t:|1760761480
|-terastallize|p2a: Venusaur|Dark
|move|p1a: Gyatdengo|Trick|p2a: Venusaur
|-activate|p1a: Gyatdengo|move: Trick|[of] p2a: Venusaur
|-item|p2a: Venusaur|Choice Scarf|[from] move: Trick
|-item|p1a: Gyatdengo|Leftovers|[from] move: Trick
|move|p2a: Venusaur|Tera Blast|p1a: Gyatdengo|[anim] Tera Blast Dark
|-supereffective|p1a: Gyatdengo
|-damage|p1a: Gyatdengo|18/100
|
|-heal|p1a: Gyatdengo|24/100|[from] item: Leftovers
|upkeep
|turn|9
|
|t:|1760761491
|switch|p1a: Ting-Lu|Ting-Lu|55/100 brn
|-ability|p1a: Ting-Lu|Vessel of Ruin
|move|p2a: Venusaur|Tera Blast|p1a: Ting-Lu|[anim] Tera Blast Dark
|-resisted|p1a: Ting-Lu
|-damage|p1a: Ting-Lu|48/100 brn
|
|-heal|p1a: Ting-Lu|54/100 brn|[from] item: Leftovers
|-damage|p1a: Ting-Lu|48/100 brn|[from] brn
|upkeep
|turn|10
|
|t:|1760761504
|switch|p2a: Houndoom|Houndoom, M|100/100 par
|-damage|p2a: Houndoom|88/100 par|[from] Spikes
|move|p1a: Ting-Lu|Spikes|p2a: Houndoom
|-sidestart|p2: gospel88|Spikes
|
|-heal|p1a: Ting-Lu|54/100 brn|[from] item: Leftovers
|-damage|p1a: Ting-Lu|48/100 brn|[from] brn
|upkeep
|turn|11
|
|t:|1760761514
|move|p2a: Houndoom|Fire Blast|p1a: Ting-Lu|[miss]
|-miss|p2a: Houndoom|p1a: Ting-Lu
|move|p1a: Ting-Lu|Spikes|p2a: Houndoom
|-sidestart|p2: gospel88|Spikes
|
|-heal|p1a: Ting-Lu|54/100 brn|[from] item: Leftovers
|-damage|p1a: Ting-Lu|48/100 brn|[from] brn
|upkeep
|turn|12
|
|t:|1760761517
|cant|p2a: Houndoom|par
|move|p1a: Ting-Lu|Earthquake|p2a: Houndoom
|-supereffective|p2a: Houndoom
|-crit|p2a: Houndoom
|-damage|p2a: Houndoom|0 fnt
|faint|p2a: Houndoom
|
|-heal|p1a: Ting-Lu|54/100 brn|[from] item: Leftovers
|-damage|p1a: Ting-Lu|48/100 brn|[from] brn
|upkeep
|
|t:|1760761530
|switch|p2a: MeteorSwarm|Kingdra, M|100/100
|-damage|p2a: MeteorSwarm|75/100|[from] Spikes
|turn|13
|
|t:|1760761538
|switch|p1a: Mom|Vaporeon, F, shiny|100/100
|move|p2a: MeteorSwarm|Scald|p1a: Mom
|-immune|p1a: Mom|[from] ability: Water Absorb
|
|upkeep
|turn|14
|
|t:|1760761545
|move|p2a: MeteorSwarm|Focus Energy|p2a: MeteorSwarm
|-start|p2a: MeteorSwarm|move: Focus Energy
|move|p1a: Mom|Roar|p2a: MeteorSwarm
|drag|p2a: Zapdos|Zapdos|100/100
|
|upkeep
|turn|15
|
|t:|1760761554
|switch|p1a: Ting-Lu|Ting-Lu|48/100 brn
|-ability|p1a: Ting-Lu|Vessel of Ruin
|move|p2a: Zapdos|Discharge|p1a: Ting-Lu
|-immune|p1a: Ting-Lu
|
|-heal|p1a: Ting-Lu|54/100 brn|[from] item: Leftovers
|-damage|p1a: Ting-Lu|48/100 brn|[from] brn
|upkeep
|turn|16
|
|t:|1760761558
|move|p2a: Zapdos|Heat Wave|p1a: Ting-Lu
|-damage|p1a: Ting-Lu|31/100 brn
|move|p1a: Ting-Lu|Throat Chop|p2a: Zapdos
|-damage|p2a: Zapdos|90/100
|-start|p2a: Zapdos|Throat Chop|[silent]
|-damage|p1a: Ting-Lu|14/100 brn|[from] item: Rocky Helmet|[of] p2a: Zapdos
|
|-heal|p1a: Ting-Lu|21/100 brn|[from] item: Leftovers
|-damage|p1a: Ting-Lu|14/100 brn|[from] brn
|upkeep
|turn|17
|
|t:|1760761570
|move|p2a: Zapdos|Heat Wave|p1a: Ting-Lu
|-damage|p1a: Ting-Lu|0 fnt
|faint|p1a: Ting-Lu
|
|-end|p2a: Zapdos|Throat Chop|[silent]
|upkeep
|
|t:|1760761574
|switch|p1a: Darkrai|Darkrai|100/100
|turn|18
|
|t:|1760761579
|move|p1a: Darkrai|Ice Beam|p2a: Zapdos
|-supereffective|p2a: Zapdos
|-damage|p2a: Zapdos|24/100
|move|p2a: Zapdos|Discharge|p1a: Darkrai
|-damage|p1a: Darkrai|54/100
|
|-heal|p1a: Darkrai|60/100|[from] item: Leftovers
|upkeep
|turn|19
|
|t:|1760761597
|switch|p2a: MeteorSwarm|Kingdra, M|75/100
|-damage|p2a: MeteorSwarm|50/100|[from] Spikes
|move|p1a: Darkrai|Dark Pulse|p2a: MeteorSwarm
|-damage|p2a: MeteorSwarm|3/100
|
|-heal|p1a: Darkrai|66/100|[from] item: Leftovers
|upkeep
|turn|20
|
|t:|1760761607
|move|p1a: Darkrai|Dark Pulse|p2a: MeteorSwarm
|-damage|p2a: MeteorSwarm|0 fnt
|faint|p2a: MeteorSwarm
|
|-heal|p1a: Darkrai|72/100|[from] item: Leftovers
|upkeep
|
|t:|1760761615
|switch|p2a: Venusaur|Venusaur, M, tera:Dark|100/100
|-damage|p2a: Venusaur|75/100|[from] Spikes
|turn|21
|
|t:|1760761626
|switch|p1a: Gyatdengo|Gholdengo|24/100
|move|p2a: Venusaur|Leech Seed|p1a: Gyatdengo
|-immune|p1a: Gyatdengo|[from] ability: Good as Gold
|
|-heal|p1a: Gyatdengo|30/100|[from] item: Leftovers
|upkeep
|turn|22
|
|t:|1760761635
|switch|p2a: Zapdos|Zapdos|24/100
|move|p1a: Gyatdengo|Shadow Ball|p2a: Zapdos
|-damage|p2a: Zapdos|0 fnt
|faint|p2a: Zapdos
|
|-heal|p1a: Gyatdengo|36/100|[from] item: Leftovers
|upkeep
|
|t:|1760761644
|switch|p2a: Venusaur|Venusaur, M, tera:Dark|75/100
|-damage|p2a: Venusaur|50/100|[from] Spikes
|turn|23
|
|t:|1760761649
|switch|p1a: Darkrai|Darkrai|72/100
|move|p2a: Venusaur|Tera Blast|p1a: Darkrai|[anim] Tera Blast Dark
|-resisted|p1a: Darkrai
|-damage|p1a: Darkrai|55/100
|
|-heal|p1a: Darkrai|61/100|[from] item: Leftovers
|upkeep
|turn|24
|c|☆turbotoby95|gg
|
|t:|1760761666
|move|p1a: Darkrai|Nasty Plot|p1a: Darkrai
|-boost|p1a: Darkrai|spa|2
|move|p2a: Venusaur|Tera Blast|p1a: Darkrai|[anim] Tera Blast Dark
|-resisted|p1a: Darkrai
|-crit|p1a: Darkrai
|-damage|p1a: Darkrai|38/100
|
|-heal|p1a: Darkrai|44/100|[from] item: Leftovers
|upkeep
|turn|25
|
|t:|1760761675
|move|p1a: Darkrai|Ice Beam|p2a: Venusaur
|-damage|p2a: Venusaur|6/100
|move|p2a: Venusaur|Tera Blast|p1a: Darkrai|[anim] Tera Blast Dark
|-resisted|p1a: Darkrai
|-damage|p1a: Darkrai|29/100
|
|-heal|p1a: Darkrai|35/100|[from] item: Leftovers
|upkeep
|turn|26
|
|t:|1760761683
|move|p1a: Darkrai|Ice Beam|p2a: Venusaur
|-damage|p2a: Venusaur|0 fnt
|faint|p2a: Venusaur
|
|-heal|p1a: Darkrai|41/100|[from] item: Leftovers
|upkeep
|
|t:|1760761690
|switch|p2a: Mimikyu|Mimikyu-Busted, F|94/100
|-damage|p2a: Mimikyu|69/100|[from] Spikes
|turn|27
|
|t:|1760761696
|move|p1a: Darkrai|Dark Pulse|p2a: Mimikyu
|-damage|p2a: Mimikyu|0 fnt
|faint|p2a: Mimikyu
|
|-heal|p1a: Darkrai|47/100|[from] item: Leftovers
|upkeep
|
|t:|1760761699
|switch|p2a: Dragonite|Dragonite, F|100/100
|turn|28
|
|t:|1760761704
|-terastallize|p1a: Darkrai|Ghost
|move|p1a: Darkrai|Ice Beam|p2a: Dragonite
|-supereffective|p2a: Dragonite
|-damage|p2a: Dragonite|0 fnt
|faint|p2a: Dragonite
|
|win|turbotoby95
|raw|turbotoby95's rating: 1395 &rarr; <strong>1413</strong><br />(+18 for winning)
|raw|gospel88's rating: 1368 &rarr; <strong>1350</strong><br />(-18 for losing)
|l|☆turbotoby95
|player|p1|
|l|☆gospel88
|player|p2|
|j|☆gospel88
|player|p2|gospel88|acetrainer-gen4dp|
|l|☆gospel88
|player|p2|
