|j|☆Kurt Kocaine
|j|☆luxor0545
|t:|1760751105
|gametype|singles
|player|p1|Kurt Kocaine|ghetsis|1245
|player|p2|luxor0545|1|1225
|gen|9
|tier|[Gen 9] OU
|rated|
|rule|HP Percentage Mod: HP is shown in percentages
|rule|Endless Battle Clause: Forcing endless battles is banned
|rule|Species Clause: Limit one of each Pokémon
|rule|OHKO Clause: OHKO moves are banned
|rule|Evasion Items Clause: Evasion items are banned
|rule|Evasion Moves Clause: Evasion moves are banned
|rule|Evasion Abilities Clause: Evasion abilities are banned
|rule|Sleep Moves Clause: Sleep-inducing moves are banned
|clearpoke
|poke|p1|Blaziken, M|
|poke|p1|Slowking-Galar, F|
|poke|p1|Landorus-Therian, M|
|poke|p1|Cinderace, F|
|poke|p1|Iron Crown|
|poke|p1|Garganacl, M|
|poke|p2|Samurott-Hisui, F|
|poke|p2|Ting-Lu|
|poke|p2|Ceruledge, M|
|poke|p2|Gholdengo|
|poke|p2|Dragapult, M|
|poke|p2|Kingambit, F|
|teampreview
|
|t:|1760751117
|teamsize|p1|6
|teamsize|p2|6
|start
|switch|p1a: Cinderace|Cinderace, F|100/100
|switch|p2a: Samurott|Samurott-Hisui, F|100/100
|turn|1
|
|t:|1760751124
|move|p2a: Samurott|Aqua Cutter|p1a: Cinderace
|-supereffective|p1a: Cinderace
|-crit|p1a: Cinderace
|-damage|p1a: Cinderace|0 fnt
|faint|p1a: Cinderace
|
|upkeep
|
|t:|1760751133
|switch|p1a: Iron Crown|Iron Crown|100/100
|turn|2
|
|t:|1760751145
|switch|p2a: Ting-Lu|Ting-Lu|100/100
|-ability|p2a: Ting-Lu|Vessel of Ruin
|move|p1a: Iron Crown|Focus Blast|p2a: Ting-Lu
|-supereffective|p2a: Ting-Lu
|-damage|p2a: Ting-Lu|46/100
|
|-heal|p2a: Ting-Lu|53/100|[from] item: Leftovers
|upkeep
|turn|3
|
|t:|1760751164
|switch|p2a: Gholdengo|Gholdengo|100/100
|move|p1a: Iron Crown|Focus Blast|p2a: Gholdengo
|-immune|p2a: Gholdengo
|
|upkeep
|turn|4
|
|t:|1760751174
|-end|p1a: Iron Crown|Quark Drive|[silent]
|switch|p1a: Slowking|Slowking-Galar, F|100/100
|move|p2a: Gholdengo|Thunder Wave|p1a: Slowking
|-status|p1a: Slowking|par
|
|upkeep
|turn|5
|
|t:|1760751184
|switch|p2a: Samurott|Samurott-Hisui, F|100/100
|-prepare|p1a: Slowking|Chilly Reception|[premajor]
|move|p1a: Slowking|Chilly Reception|p1a: Slowking
|-weather|Snowscape
|
|t:|1760751199
|switch|p1a: Landorus|Landorus-Therian, M|100/100|[from] Chilly Reception
|-ability|p1a: Landorus|Intimidate|boost
|-unboost|p2a: Samurott|atk|1
|
|-weather|Snowscape|[upkeep]
|upkeep
|turn|6
|
|t:|1760751210
|move|p2a: Samurott|Aqua Cutter|p1a: Landorus
|-supereffective|p1a: Landorus
|-damage|p1a: Landorus|23/100
|move|p1a: Landorus|U-turn|p2a: Samurott
|-supereffective|p2a: Samurott
|-damage|p2a: Samurott|27/100
|
|t:|1760751223
|switch|p1a: Young Thug|Garganacl, M, shiny|100/100|[from] U-turn
|
|-weather|Snowscape|[upkeep]
|upkeep
|turn|7
|
|t:|1760751234
|switch|p2a: Gholdengo|Gholdengo|100/100
|switch|p1a: Slowking|Slowking-Galar, F|100/100 par
|
|-weather|Snowscape|[upkeep]
|upkeep
|turn|8
|
|t:|1760751247
|move|p2a: Gholdengo|Hex|p1a: Slowking
|-supereffective|p1a: Slowking
|-damage|p1a: Slowking|27/100 par
|-prepare|p1a: Slowking|Chilly Reception|[premajor]
|move|p1a: Slowking|Chilly Reception|p1a: Slowking
|
|t:|1760751253
|switch|p1a: XLR8|Blaziken, M, shiny|100/100|[from] Chilly Reception
|
|-weather|Snowscape|[upkeep]
|upkeep
|turn|9
|
|t:|1760751261
|switch|p2a: Ceruledge|Ceruledge, M|100/100
|-terastallize|p1a: XLR8|Electric
|move|p1a: XLR8|Fire Blast|p2a: Ceruledge
|-start|p2a: Ceruledge|ability: Flash Fire
|
|-weather|none
|-ability|p1a: XLR8|Speed Boost|boost
|-boost|p1a: XLR8|spe|1
|upkeep
|turn|10
|
|t:|1760751274
|move|p1a: XLR8|Scorching Sands|p2a: Ceruledge
|-supereffective|p2a: Ceruledge
|-damage|p2a: Ceruledge|59/100
|move|p2a: Ceruledge|Bitter Blade|p1a: XLR8
|-damage|p1a: XLR8|0 fnt
|-heal|p2a: Ceruledge|100/100|[from] drain|[of] p1a: XLR8
|faint|p1a: XLR8
|
|upkeep
|
|t:|1760751278
|switch|p1a: Landorus|Landorus-Therian, M|23/100
|-ability|p1a: Landorus|Intimidate|boost
|-unboost|p2a: Ceruledge|atk|1
|turn|11
|inactive|Battle timer is ON: inactive players will automatically lose when time's up. (requested by Kurt Kocaine)
|
|t:|1760751296
|move|p1a: Landorus|Earthquake|p2a: Ceruledge
|-supereffective|p2a: Ceruledge
|-damage|p2a: Ceruledge|0 fnt
|faint|p2a: Ceruledge
|
|upkeep
|
|t:|1760751302
|switch|p2a: Samurott|Samurott-Hisui, F|27/100
|turn|12
|
|t:|1760751309
|switch|p1a: Young Thug|Garganacl, M, shiny|100/100
|move|p2a: Samurott|Ceaseless Edge|p1a: Young Thug
|-damage|p1a: Young Thug|71/100
|-sidestart|p1: Kurt Kocaine|Spikes
|
|-heal|p1a: Young Thug|77/100|[from] item: Leftovers
|upkeep
|turn|13
|
|t:|1760751319
|move|p2a: Samurott|Ceaseless Edge|p1a: Young Thug
|-damage|p1a: Young Thug|46/100
|-sidestart|p1: Kurt Kocaine|Spikes
|move|p1a: Young Thug|Substitute|p1a: Young Thug
|-start|p1a: Young Thug|Substitute
|-damage|p1a: Young Thug|21/100
|
|-heal|p1a: Young Thug|27/100|[from] item: Leftovers
|upkeep
|turn|14
|
|t:|1760751328
|move|p1a: Young Thug|Protect|p1a: Young Thug
|-singleturn|p1a: Young Thug|Protect
|move|p2a: Samurott|Ceaseless Edge|p1a: Young Thug
|-activate|p1a: Young Thug|move: Protect
|
|-heal|p1a: Young Thug|33/100|[from] item: Leftovers
|upkeep
|turn|15
|
|t:|1760751337
|move|p2a: Samurott|Ceaseless Edge|p1a: Young Thug
|-crit|p1a: Young Thug
|-end|p1a: Young Thug|Substitute
|-sidestart|p1: Kurt Kocaine|Spikes
|move|p1a: Young Thug|Recover|p1a: Young Thug
|-heal|p1a: Young Thug|83/100
|
|-heal|p1a: Young Thug|89/100|[from] item: Leftovers
|upkeep
|turn|16
|
|t:|1760751347
|switch|p2a: Dragapult|Dragapult, M|100/100
|move|p1a: Young Thug|Substitute|p1a: Young Thug
|-start|p1a: Young Thug|Substitute
|-damage|p1a: Young Thug|64/100
|
|-heal|p1a: Young Thug|71/100|[from] item: Leftovers
|upkeep
|turn|17
|
|t:|1760751357
|move|p2a: Dragapult|Surf|p1a: Young Thug
|-supereffective|p1a: Young Thug
|-damage|p1a: Young Thug|34/100
|move|p1a: Young Thug|Salt Cure|p2a: Dragapult
|-damage|p2a: Dragapult|83/100
|-start|p2a: Dragapult|Salt Cure
|
|-heal|p1a: Young Thug|41/100|[from] item: Leftovers
|-damage|p2a: Dragapult|70/100|[from] Salt Cure
|upkeep
|turn|18
|
|t:|1760751380
|move|p2a: Dragapult|Surf|p1a: Young Thug
|-supereffective|p1a: Young Thug
|-damage|p1a: Young Thug|8/100
|move|p1a: Young Thug|Recover|p1a: Young Thug
|-heal|p1a: Young Thug|58/100
|
|-heal|p1a: Young Thug|64/100|[from] item: Leftovers
|-damage|p2a: Dragapult|58/100|[from] Salt Cure
|upkeep
|turn|19
|inactive|luxor0545 has 120 seconds left.
|
|t:|1760751406
|switch|p2a: Gholdengo|Gholdengo|100/100
|move|p1a: Young Thug|Protect||[still]
|-fail|p1a: Young Thug
|
|-heal|p1a: Young Thug|70/100|[from] item: Leftovers
|upkeep
|turn|20
|inactive|luxor0545 has 120 seconds left.
|
|t:|1760751414
|move|p2a: Gholdengo|Hex|p1a: Young Thug
|-activate|p1a: Young Thug|move: Substitute|[damage]
|move|p1a: Young Thug|Salt Cure|p2a: Gholdengo
|-resisted|p2a: Gholdengo
|-damage|p2a: Gholdengo|95/100
|-start|p2a: Gholdengo|Salt Cure
|
|-heal|p1a: Young Thug|76/100|[from] item: Leftovers
|-damage|p2a: Gholdengo|71/100|[from] Salt Cure
|upkeep
|turn|21
|inactive|luxor0545 has 120 seconds left.
|
|t:|1760751427
|move|p1a: Young Thug|Protect|p1a: Young Thug
|-singleturn|p1a: Young Thug|Protect
|move|p2a: Gholdengo|Hex|p1a: Young Thug
|-activate|p1a: Young Thug|move: Protect
|
|-heal|p1a: Young Thug|83/100|[from] item: Leftovers
|-damage|p2a: Gholdengo|46/100|[from] Salt Cure
|upkeep
|turn|22
|
|t:|1760751436
|move|p2a: Gholdengo|Recover|p2a: Gholdengo
|-heal|p2a: Gholdengo|96/100
|move|p1a: Young Thug|Substitute|p1a: Young Thug
|-fail|p1a: Young Thug|move: Substitute
|
|-heal|p1a: Young Thug|89/100|[from] item: Leftovers
|-damage|p2a: Gholdengo|71/100|[from] Salt Cure
|upkeep
|turn|23
|inactive|luxor0545 has 120 seconds left.
|
|t:|1760751455
|switch|p2a: Dragapult|Dragapult, M|58/100
|move|p1a: Young Thug|Substitute|p1a: Young Thug
|-fail|p1a: Young Thug|move: Substitute
|
|-heal|p1a: Young Thug|95/100|[from] item: Leftovers
|upkeep
|turn|24
|
|t:|1760751464
|switch|p2a: Gholdengo|Gholdengo|71/100
|move|p1a: Young Thug|Salt Cure|p2a: Gholdengo
|-resisted|p2a: Gholdengo
|-damage|p2a: Gholdengo|66/100
|-start|p2a: Gholdengo|Salt Cure
|
|-heal|p1a: Young Thug|100/100|[from] item: Leftovers
|-damage|p2a: Gholdengo|41/100|[from] Salt Cure
|upkeep
|turn|25
|
|t:|1760751476
|switch|p2a: Dragapult|Dragapult, M|58/100
|move|p1a: Young Thug|Substitute|p1a: Young Thug
|-fail|p1a: Young Thug|move: Substitute
|
|upkeep
|turn|26
|
|t:|1760751487
|move|p2a: Dragapult|Surf|p1a: Young Thug
|-supereffective|p1a: Young Thug
|-damage|p1a: Young Thug|68/100
|move|p1a: Young Thug|Salt Cure|p2a: Dragapult
|-damage|p2a: Dragapult|38/100
|-start|p2a: Dragapult|Salt Cure
|
|-heal|p1a: Young Thug|75/100|[from] item: Leftovers
|-damage|p2a: Dragapult|26/100|[from] Salt Cure
|upkeep
|turn|27
|
|t:|1760751498
|switch|p2a: Gholdengo|Gholdengo|41/100
|move|p1a: Young Thug|Salt Cure|p2a: Gholdengo
|-resisted|p2a: Gholdengo
|-damage|p2a: Gholdengo|36/100
|-start|p2a: Gholdengo|Salt Cure
|
|-heal|p1a: Young Thug|81/100|[from] item: Leftovers
|-damage|p2a: Gholdengo|12/100|[from] Salt Cure
|upkeep
|turn|28
|
|t:|1760751509
|move|p2a: Gholdengo|Recover|p2a: Gholdengo
|-heal|p2a: Gholdengo|62/100
|move|p1a: Young Thug|Substitute|p1a: Young Thug
|-fail|p1a: Young Thug|move: Substitute
|
|-heal|p1a: Young Thug|87/100|[from] item: Leftovers
|-damage|p2a: Gholdengo|37/100|[from] Salt Cure
|upkeep
|turn|29
|inactive|luxor0545 has 120 seconds left.
|
|t:|1760751532
|move|p2a: Gholdengo|Make It Rain|p1a: Young Thug
|-supereffective|p1a: Young Thug
|-end|p1a: Young Thug|Substitute
|-unboost|p2a: Gholdengo|spa|1
|move|p1a: Young Thug|Salt Cure|p2a: Gholdengo
|-resisted|p2a: Gholdengo
|-crit|p2a: Gholdengo
|-damage|p2a: Gholdengo|30/100
|
|-heal|p1a: Young Thug|93/100|[from] item: Leftovers
|-damage|p2a: Gholdengo|5/100|[from] Salt Cure
|upkeep
|turn|30
|inactive|luxor0545 has 120 seconds left.
|
|t:|1760751544
|move|p2a: Gholdengo|Recover|p2a: Gholdengo
|-heal|p2a: Gholdengo|55/100
|move|p1a: Young Thug|Substitute|p1a: Young Thug
|-start|p1a: Young Thug|Substitute
|-damage|p1a: Young Thug|68/100
|
|-heal|p1a: Young Thug|74/100|[from] item: Leftovers
|-damage|p2a: Gholdengo|30/100|[from] Salt Cure
|upkeep
|turn|31
|inactive|luxor0545 has 120 seconds left.
|
|t:|1760751556
|switch|p2a: Samurott|Samurott-Hisui, F|27/100
|move|p1a: Young Thug|Salt Cure|p2a: Samurott
|-damage|p2a: Samurott|9/100
|-start|p2a: Samurott|Salt Cure
|
|-heal|p1a: Young Thug|80/100|[from] item: Leftovers
|-damage|p2a: Samurott|0 fnt|[from] Salt Cure
|faint|p2a: Samurott
|upkeep
|inactive|luxor0545 has 90 seconds left.
|
|t:|1760751589
|switch|p2a: Ting-Lu|Ting-Lu|53/100
|-ability|p2a: Ting-Lu|Vessel of Ruin
|turn|32
|inactive|luxor0545 has 90 seconds left.
|c|☆Kurt Kocaine|Thought it was sweet around here??
|
|t:|1760751605
|move|p2a: Ting-Lu|Stealth Rock|p1a: Young Thug
|-sidestart|p1: Kurt Kocaine|move: Stealth Rock
|move|p1a: Young Thug|Salt Cure|p2a: Ting-Lu
|-resisted|p2a: Ting-Lu
|-damage|p2a: Ting-Lu|49/100
|-start|p2a: Ting-Lu|Salt Cure
|
|-heal|p2a: Ting-Lu|55/100|[from] item: Leftovers
|-heal|p1a: Young Thug|87/100|[from] item: Leftovers
|-damage|p2a: Ting-Lu|42/100|[from] Salt Cure
|upkeep
|turn|33
|inactive|luxor0545 has 90 seconds left.
|
|t:|1760751619
|move|p2a: Ting-Lu|Earthquake|p1a: Young Thug
|-supereffective|p1a: Young Thug
|-end|p1a: Young Thug|Substitute
|move|p1a: Young Thug|Salt Cure|p2a: Ting-Lu
|-resisted|p2a: Ting-Lu
|-damage|p2a: Ting-Lu|39/100
|
|-heal|p2a: Ting-Lu|45/100|[from] item: Leftovers
|-heal|p1a: Young Thug|93/100|[from] item: Leftovers
|-damage|p2a: Ting-Lu|33/100|[from] Salt Cure
|upkeep
|turn|34
|inactive|luxor0545 has 90 seconds left.
|
|t:|1760751631
|switch|p2a: Gholdengo|Gholdengo|30/100
|switch|p1a: Landorus|Landorus-Therian, M|23/100
|-damage|p1a: Landorus|11/100|[from] Stealth Rock
|-ability|p1a: Landorus|Intimidate|boost
|-unboost|p2a: Gholdengo|atk|1
|
|upkeep
|turn|35
|inactive|luxor0545 has 90 seconds left.
|
|t:|1760751667
|move|p1a: Landorus|Earthquake|p2a: Gholdengo
|-supereffective|p2a: Gholdengo
|-damage|p2a: Gholdengo|0 fnt
|faint|p2a: Gholdengo
|
|upkeep
|inactive|luxor0545 has 60 seconds left.
|
|t:|1760751681
|switch|p2a: Dragapult|Dragapult, M|26/100
|turn|36
|c|☆Kurt Kocaine|Yeahhh... bend dat ass ova
|
|t:|1760751686
|move|p1a: Landorus|Earthquake|p2a: Dragapult
|-damage|p2a: Dragapult|0 fnt
|faint|p2a: Dragapult
|
|upkeep
|
|t:|1760751693
|switch|p2a: Kingambit|Kingambit, F|100/100
|-activate|p2a: Kingambit|ability: Supreme Overlord
|-start|p2a: Kingambit|fallen4|[silent]
|turn|37
|
|t:|1760751701
|-terastallize|p2a: Kingambit|Bug
|move|p1a: Landorus|Earthquake|p2a: Kingambit
|-resisted|p2a: Kingambit
|-damage|p2a: Kingambit|78/100
|move|p2a: Kingambit|Swords Dance|p2a: Kingambit
|-boost|p2a: Kingambit|atk|2
|
|-heal|p2a: Kingambit|84/100|[from] item: Leftovers
|upkeep
|turn|38
|
|t:|1760751713
|move|p1a: Landorus|Earthquake|p2a: Kingambit
|-resisted|p2a: Kingambit
|-damage|p2a: Kingambit|62/100
|move|p2a: Kingambit|Kowtow Cleave|p1a: Landorus
|-damage|p1a: Landorus|0 fnt
|faint|p1a: Landorus
|
|-heal|p2a: Kingambit|68/100|[from] item: Leftovers
|upkeep
|
|t:|1760751723
|switch|p1a: Iron Crown|Iron Crown|100/100
|-damage|p1a: Iron Crown|76/100|[from] Spikes
|-damage|p1a: Iron Crown|69/100|[from] Stealth Rock
|turn|39
|
|t:|1760751730
|move|p1a: Iron Crown|Tachyon Cutter|p2a: Kingambit
|-damage|p2a: Kingambit|32/100
|-damage|p2a: Kingambit|0 fnt
|faint|p2a: Kingambit
|-end|p2a: Kingambit|fallen4|[silent]
|-hitcount|p2: Kingambit|2
|
|upkeep
|
|t:|1760751736
|switch|p2a: Ting-Lu|Ting-Lu|33/100
|-ability|p2a: Ting-Lu|Vessel of Ruin
|turn|40
|-message|luxor0545 forfeited.
|
|win|Kurt Kocaine
|raw|Kurt Kocaine's rating: 1245 &rarr; <strong>1269</strong><br />(+24 for winning)
|raw|luxor0545's rating: 1225 &rarr; <strong>1201</strong><br />(-24 for losing)
|l|☆luxor0545
|player|p2|
