|j|☆bengalsfan1
|j|☆cozyprincemshroom
|t:|1760880130
|gametype|singles
|player|p1|bengalsfan1|102|1236
|player|p2|cozyprincemshroom|waiter|1212
|gen|9
|tier|[Gen 9] OU
|rated|
|rule|HP Percentage Mod: HP is shown in percentages
|rule|Endless Battle Clause: Forcing endless battles is banned
|rule|Species Clause: Limit one of each Pokémon
|rule|OHKO Clause: OHKO moves are banned
|rule|Evasion Items Clause: Evasion items are banned
|rule|Evasion Moves Clause: Evasion moves are banned
|rule|Evasion Abilities Clause: Evasion abilities are banned
|rule|Sleep Moves Clause: Sleep-inducing moves are banned
|clearpoke
|poke|p1|Thundurus-Therian, M|
|poke|p1|Quaquaval, F|
|poke|p1|Great Tusk|
|poke|p1|Venusaur, F|
|poke|p1|Goodra-Hisui, F|
|poke|p1|Azelf|
|poke|p2|Munkidori, M|
|poke|p2|Lycanroc-Dusk, M|
|poke|p2|Altaria, F|
|poke|p2|Inteleon, F|
|poke|p2|Mew|
|poke|p2|Chesnaught, M|
|teampreview
|inactive|Battle timer is ON: inactive players will automatically lose when time's up. (requested by cozyprincemshroom)
|
|t:|1760880135
|teamsize|p1|6
|teamsize|p2|6
|start
|switch|p1a: Azelf|Azelf|100/100
|switch|p2a: Munkidori|Munkidori, M|100/100
|turn|1
|
|t:|1760880156
|-terastallize|p1a: Azelf|Steel
|move|p1a: Azelf|Mystical Power|p2a: Munkidori
|-damage|p2a: Munkidori|60/100
|-boost|p1a: Azelf|spa|1
|move|p2a: Munkidori|Trick|p1a: Azelf
|-activate|p2a: Munkidori|move: Trick|[of] p1a: Azelf
|-item|p1a: Azelf|Choice Scarf|[from] move: Trick
|-item|p2a: Munkidori|Choice Scarf|[from] move: Trick
|
|upkeep
|turn|2
|
|t:|1760880167
|switch|p2a: Mew|Mew|100/100
|move|p1a: Azelf|Mystical Power|p2a: Mew
|-resisted|p2a: Mew
|-damage|p2a: Mew|75/100
|-boost|p1a: Azelf|spa|1
|
|upkeep
|turn|3
|
|t:|1760880177
|switch|p1a: Goodra|Goodra-Hisui, F|100/100
|move|p2a: Mew|Dragon Dance|p2a: Mew
|-boost|p2a: Mew|atk|1
|-boost|p2a: Mew|spe|1
|
|upkeep
|turn|4
|
|t:|1760880185
|move|p2a: Mew|Dragon Dance|p2a: Mew
|-boost|p2a: Mew|atk|1
|-boost|p2a: Mew|spe|1
|move|p1a: Goodra|Dragon Pulse|p2a: Mew
|-damage|p2a: Mew|33/100
|-enditem|p2a: Mew|Sitrus Berry|[eat]
|-heal|p2a: Mew|58/100|[from] item: Sitrus Berry
|
|upkeep
|turn|5
|
|t:|1760880193
|move|p2a: Mew|Flare Blitz|p1a: Goodra
|-damage|p1a: Goodra|31/100
|-damage|p2a: Mew|34/100|[from] Recoil
|move|p1a: Goodra|Dragon Pulse|p2a: Mew
|-damage|p2a: Mew|0 fnt
|faint|p2a: Mew
|
|upkeep
|
|t:|1760880204
|switch|p2a: Lycanroc|Lycanroc-Dusk, M|100/100
|turn|6
|
|t:|1760880207
|move|p2a: Lycanroc|Drill Run|p1a: Goodra
|-supereffective|p1a: Goodra
|-damage|p1a: Goodra|0 fnt
|faint|p1a: Goodra
|-damage|p2a: Lycanroc|91/100|[from] item: Life Orb
|
|upkeep
|
|t:|1760880219
|switch|p1a: Quaquaval|Quaquaval, F|100/100
|turn|7
|
|t:|1760880223
|move|p2a: Lycanroc|Play Rough|p1a: Quaquaval
|-supereffective|p1a: Quaquaval
|-damage|p1a: Quaquaval|0 fnt
|faint|p1a: Quaquaval
|-damage|p2a: Lycanroc|81/100|[from] item: Life Orb
|
|upkeep
|
|t:|1760880229
|switch|p1a: Azelf|Azelf, tera:Steel|100/100
|turn|8
|
|t:|1760880234
|move|p1a: Azelf|Energy Ball|p2a: Lycanroc
|-supereffective|p2a: Lycanroc
|-damage|p2a: Lycanroc|0 fnt
|faint|p2a: Lycanroc
|
|upkeep
|
|t:|1760880242
|switch|p2a: Munkidori|Munkidori, M|60/100
|turn|9
|
|t:|1760880247
|switch|p1a: Venusaur|Venusaur, F|100/100
|-terastallize|p2a: Munkidori|Fire
|move|p2a: Munkidori|Tera Blast|p1a: Venusaur|[anim] Tera Blast Fire
|-supereffective|p1a: Venusaur
|-damage|p1a: Venusaur|18/100
|
|-heal|p1a: Venusaur|24/100|[from] item: Black Sludge
|upkeep
|turn|10
|
|t:|1760880257
|move|p2a: Munkidori|Tera Blast|p1a: Venusaur|[anim] Tera Blast Fire
|-supereffective|p1a: Venusaur
|-damage|p1a: Venusaur|0 fnt
|faint|p1a: Venusaur
|
|upkeep
|
|t:|1760880264
|switch|p1a: Great Tusk|Great Tusk|100/100
|turn|11
|
|t:|1760880271
|switch|p2a: Altaria|Altaria, F|100/100
|move|p1a: Great Tusk|Rapid Spin|p2a: Altaria
|-damage|p2a: Altaria|83/100
|-boost|p1a: Great Tusk|spe|1
|
|-heal|p2a: Altaria|89/100|[from] item: Leftovers
|upkeep
|turn|12
|
|t:|1760880283
|move|p1a: Great Tusk|Stealth Rock|p2a: Altaria
|-sidestart|p2: cozyprincemshroom|move: Stealth Rock
|move|p2a: Altaria|Will-O-Wisp|p1a: Great Tusk|[miss]
|-miss|p2a: Altaria|p1a: Great Tusk
|
|-heal|p2a: Altaria|95/100|[from] item: Leftovers
|upkeep
|turn|13
|
|t:|1760880290
|move|p1a: Great Tusk|Ice Spinner|p2a: Altaria
|-supereffective|p2a: Altaria
|-damage|p2a: Altaria|0 fnt
|faint|p2a: Altaria
|
|upkeep
|
|t:|1760880296
|switch|p2a: Inteleon|Inteleon, F|100/100
|-damage|p2a: Inteleon|88/100|[from] Stealth Rock
|turn|14
|
|t:|1760880302
|move|p2a: Inteleon|Scald|p1a: Great Tusk
|-supereffective|p1a: Great Tusk
|-damage|p1a: Great Tusk|1/100
|-status|p1a: Great Tusk|brn
|move|p1a: Great Tusk|Headlong Rush|p2a: Inteleon
|-damage|p2a: Inteleon|41/100
|-unboost|p1a: Great Tusk|def|1
|-unboost|p1a: Great Tusk|spd|1
|
|-damage|p1a: Great Tusk|0 fnt|[from] brn
|faint|p1a: Great Tusk
|-end|p1a: Great Tusk|Protosynthesis|[silent]
|upkeep
|
|t:|1760880315
|switch|p1a: Azelf|Azelf, tera:Steel|100/100
|turn|15
|
|t:|1760880318
|move|p2a: Inteleon|Scald|p1a: Azelf
|-damage|p1a: Azelf|36/100
|move|p1a: Azelf|Mystical Power|p2a: Inteleon
|-damage|p2a: Inteleon|0 fnt
|-boost|p1a: Azelf|spa|1
|faint|p2a: Inteleon
|
|upkeep
|
|t:|1760880327
|switch|p2a: Munkidori|Munkidori, M, tera:Fire|60/100
|-damage|p2a: Munkidori|35/100|[from] Stealth Rock
|turn|16
|
|t:|1760880332
|move|p1a: Azelf|Mystical Power|p2a: Munkidori
|-damage|p2a: Munkidori|0 fnt
|-boost|p1a: Azelf|spa|1
|faint|p2a: Munkidori
|
|upkeep
|-message|cozyprincemshroom forfeited.
|
|win|bengalsfan1
|raw|bengalsfan1's rating: 1236 &rarr; <strong>1259</strong><br />(+23 for winning)
|raw|cozyprincemshroom's rating: 1212 &rarr; <strong>1189</strong><br />(-23 for losing)
|l|☆cozyprincemshroom
|player|p2|
|l|☆bengalsfan1
|player|p1|
