|j|☆UltraDJames
|j|☆vikigenius
|t:|1760769646
|gametype|singles
|player|p1|UltraDJames|falkner|1366
|player|p2|vikigenius|1|1319
|gen|9
|tier|[Gen 9] OU
|rated|
|rule|HP Percentage Mod: HP is shown in percentages
|rule|Endless Battle Clause: Forcing endless battles is banned
|rule|Species Clause: Limit one of each Pokémon
|rule|OHKO Clause: OHKO moves are banned
|rule|Evasion Items Clause: Evasion items are banned
|rule|Evasion Moves Clause: Evasion moves are banned
|rule|Evasion Abilities Clause: Evasion abilities are banned
|rule|Sleep Moves Clause: Sleep-inducing moves are banned
|clearpoke
|poke|p1|Entei|
|poke|p1|Corviknight, F|
|poke|p1|Glimmora, M|
|poke|p1|Cinccino, F|
|poke|p1|Quagsire, M|
|poke|p1|Deoxys-Defense|
|poke|p2|Kyurem|
|poke|p2|Iron Moth|
|poke|p2|Kingambit, M|
|poke|p2|Landorus-Therian, M|
|poke|p2|Hatterene, F|
|poke|p2|Zamazenta-*|
|teampreview
|inactive|Battle timer is ON: inactive players will automatically lose when time's up. (requested by UltraDJames)
|c|☆UltraDJames|gl
|
|t:|1760769656
|teamsize|p1|6
|teamsize|p2|6
|start
|switch|p1a: Glimmora|Glimmora, M|100/100
|switch|p2a: Landorus|Landorus-Therian, M|100/100
|-ability|p2a: Landorus|Intimidate|boost
|-unboost|p1a: Glimmora|atk|1
|turn|1
|
|t:|1760769662
|switch|p1a: Corviknight|Corviknight, F|100/100
|move|p2a: Landorus|Earthquake|p1a: Corviknight
|-immune|p1a: Corviknight
|
|upkeep
|turn|2
|
|t:|1760769671
|move|p2a: Landorus|Stealth Rock|p1a: Corviknight
|-sidestart|p1: UltraDJames|move: Stealth Rock
|move|p1a: Corviknight|Agility|p1a: Corviknight
|-boost|p1a: Corviknight|spe|2
|
|upkeep
|turn|3
|
|t:|1760769678
|switch|p2a: Hatterene|Hatterene, F|100/100
|move|p1a: Corviknight|Bulk Up|p1a: Corviknight
|-boost|p1a: Corviknight|atk|1
|-boost|p1a: Corviknight|def|1
|
|upkeep
|turn|4
|
|t:|1760769684
|move|p1a: Corviknight|Bulk Up|p1a: Corviknight
|-boost|p1a: Corviknight|atk|1
|-boost|p1a: Corviknight|def|1
|move|p2a: Hatterene|Nuzzle|p1a: Corviknight
|-supereffective|p1a: Corviknight
|-damage|p1a: Corviknight|97/100
|-status|p1a: Corviknight|par
|
|-heal|p1a: Corviknight|100/100 par|[from] item: Leftovers
|upkeep
|turn|5
|
|t:|1760769695
|move|p1a: Corviknight|Agility|p1a: Corviknight
|-boost|p1a: Corviknight|spe|2
|move|p2a: Hatterene|Healing Wish|p2a: Hatterene
|faint|p2a: Hatterene
|
|upkeep
|
|t:|1760769705
|switch|p2a: Iron Moth|Iron Moth|100/100
|-enditem|p2a: Iron Moth|Booster Energy
|-activate|p2a: Iron Moth|ability: Quark Drive|[fromitem]
|-start|p2a: Iron Moth|quarkdrivespe
|turn|6
|
|t:|1760769715
|-terastallize|p2a: Iron Moth|Fairy
|-terastallize|p1a: Corviknight|Flying
|move|p2a: Iron Moth|Fiery Dance|p1a: Corviknight
|-damage|p1a: Corviknight|74/100 par
|cant|p1a: Corviknight|par
|
|-heal|p1a: Corviknight|80/100 par|[from] item: Leftovers
|upkeep
|turn|7
|
|t:|1760769723
|move|p2a: Iron Moth|Fiery Dance|p1a: Corviknight
|-damage|p1a: Corviknight|52/100 par
|move|p1a: Corviknight|Power Trip|p2a: Iron Moth
|-resisted|p2a: Iron Moth
|-damage|p2a: Iron Moth|52/100
|
|-heal|p1a: Corviknight|58/100 par|[from] item: Leftovers
|upkeep
|turn|8
|
|t:|1760769731
|move|p2a: Iron Moth|Fiery Dance|p1a: Corviknight
|-damage|p1a: Corviknight|31/100 par
|move|p1a: Corviknight|Roost|p1a: Corviknight
|-heal|p1a: Corviknight|81/100 par
|-hint|If a Terastallized Pokemon uses Roost, it remains Flying-type.
|
|-heal|p1a: Corviknight|87/100 par|[from] item: Leftovers
|upkeep
|turn|9
|
|t:|1760769738
|move|p2a: Iron Moth|Fiery Dance|p1a: Corviknight
|-damage|p1a: Corviknight|59/100 par
|-boost|p2a: Iron Moth|spa|1
|move|p1a: Corviknight|Power Trip|p2a: Iron Moth
|-resisted|p2a: Iron Moth
|-damage|p2a: Iron Moth|2/100
|
|-heal|p1a: Corviknight|65/100 par|[from] item: Leftovers
|upkeep
|turn|10
|
|t:|1760769748
|move|p2a: Iron Moth|Sludge Wave|p1a: Corviknight
|-damage|p1a: Corviknight|13/100 par
|move|p1a: Corviknight|Roost|p1a: Corviknight
|-heal|p1a: Corviknight|63/100 par
|-hint|If a Terastallized Pokemon uses Roost, it remains Flying-type.
|
|-heal|p1a: Corviknight|70/100 par|[from] item: Leftovers
|upkeep
|turn|11
|
|t:|1760769755
|move|p2a: Iron Moth|Sludge Wave|p1a: Corviknight
|-damage|p1a: Corviknight|23/100 par
|move|p1a: Corviknight|Roost|p1a: Corviknight
|-heal|p1a: Corviknight|73/100 par
|-hint|If a Terastallized Pokemon uses Roost, it remains Flying-type.
|
|-heal|p1a: Corviknight|79/100 par|[from] item: Leftovers
|upkeep
|turn|12
|
|t:|1760769761
|move|p2a: Iron Moth|Sludge Wave|p1a: Corviknight
|-damage|p1a: Corviknight|33/100 par
|move|p1a: Corviknight|Roost|p1a: Corviknight
|-heal|p1a: Corviknight|83/100 par
|-hint|If a Terastallized Pokemon uses Roost, it remains Flying-type.
|
|-heal|p1a: Corviknight|89/100 par|[from] item: Leftovers
|upkeep
|turn|13
|
|t:|1760769768
|move|p2a: Iron Moth|Sludge Wave|p1a: Corviknight
|-damage|p1a: Corviknight|36/100 par
|move|p1a: Corviknight|Power Trip|p2a: Iron Moth
|-resisted|p2a: Iron Moth
|-damage|p2a: Iron Moth|0 fnt
|faint|p2a: Iron Moth
|-end|p2a: Iron Moth|Quark Drive|[silent]
|
|-heal|p1a: Corviknight|42/100 par|[from] item: Leftovers
|upkeep
|
|t:|1760769777
|switch|p2a: Kyurem|Kyurem|100/100
|-ability|p2a: Kyurem|Pressure
|turn|14
|
|t:|1760769785
|move|p2a: Kyurem|Icicle Spear|p1a: Corviknight
|-supereffective|p1a: Corviknight
|-damage|p1a: Corviknight|30/100 par
|-supereffective|p1a: Corviknight
|-damage|p1a: Corviknight|19/100 par
|-supereffective|p1a: Corviknight
|-crit|p1a: Corviknight
|-damage|p1a: Corviknight|0 fnt
|faint|p1a: Corviknight
|-hitcount|p1: Corviknight|3
|
|upkeep
|
|t:|1760769800
|switch|p1a: Quagsire|Quagsire, M|100/100
|-damage|p1a: Quagsire|94/100|[from] Stealth Rock
|turn|15
|
|t:|1760769812
|switch|p2a: Kingambit|Kingambit, M|100/100
|-activate|p2a: Kingambit|ability: Supreme Overlord
|-start|p2a: Kingambit|fallen2|[silent]
|move|p1a: Quagsire|Toxic|p2a: Kingambit
|-immune|p2a: Kingambit
|
|-heal|p1a: Quagsire|100/100|[from] item: Leftovers
|upkeep
|turn|16
|
|t:|1760769826
|-end|p2a: Kingambit|fallen2|[silent]
|switch|p2a: Landorus|Landorus-Therian, M|100/100
|-ability|p2a: Landorus|Intimidate|boost
|-unboost|p1a: Quagsire|atk|1
|move|p1a: Quagsire|Earthquake|p2a: Landorus
|-immune|p2a: Landorus
|
|upkeep
|turn|17
|
|t:|1760769833
|switch|p1a: Glimmora|Glimmora, M|100/100
|-damage|p1a: Glimmora|88/100|[from] Stealth Rock
|move|p2a: Landorus|Grass Knot|p1a: Glimmora
|-damage|p1a: Glimmora|72/100
|
|upkeep
|turn|18
|
|t:|1760769842
|move|p2a: Landorus|Earthquake|p1a: Glimmora
|-supereffective|p1a: Glimmora
|-damage|p1a: Glimmora|0 fnt
|-activate|p1a: Glimmora|ability: Toxic Debris
|-sidestart|p2: vikigenius|move: Toxic Spikes
|faint|p1a: Glimmora
|
|upkeep
|
|t:|1760769853
|switch|p1a: Cinccino|Cinccino, F|100/100
|-damage|p1a: Cinccino|88/100|[from] Stealth Rock
|turn|19
|
|t:|1760769859
|switch|p2a: Kingambit|Kingambit, M|100/100
|-activate|p2a: Kingambit|ability: Supreme Overlord
|-start|p2a: Kingambit|fallen2|[silent]
|move|p1a: Cinccino|Triple Axel|p2a: Kingambit
|-resisted|p2a: Kingambit
|-damage|p2a: Kingambit|97/100
|-resisted|p2a: Kingambit
|-damage|p2a: Kingambit|91/100
|-resisted|p2a: Kingambit
|-damage|p2a: Kingambit|82/100
|-hitcount|p2a: Kingambit|3
|
|-heal|p2a: Kingambit|88/100|[from] item: Leftovers
|upkeep
|turn|20
|
|t:|1760769872
|switch|p1a: Quagsire|Quagsire, M|100/100
|-damage|p1a: Quagsire|94/100|[from] Stealth Rock
|-end|p2a: Kingambit|fallen2|[silent]
|switch|p2a: Landorus|Landorus-Therian, M|100/100
|-ability|p2a: Landorus|Intimidate|boost
|-unboost|p1a: Quagsire|atk|1
|
|-heal|p1a: Quagsire|100/100|[from] item: Leftovers
|upkeep
|turn|21
|
|t:|1760769886
|move|p2a: Landorus|Earthquake|p1a: Quagsire
|-damage|p1a: Quagsire|68/100
|move|p1a: Quagsire|Toxic|p2a: Landorus
|-status|p2a: Landorus|tox
|
|-heal|p1a: Quagsire|74/100|[from] item: Leftovers
|-damage|p2a: Landorus|94/100 tox|[from] psn
|upkeep
|turn|22
|
|t:|1760769894
|move|p2a: Landorus|Earthquake|p1a: Quagsire
|-damage|p1a: Quagsire|42/100
|move|p1a: Quagsire|Stockpile|p1a: Quagsire
|-start|p1a: Quagsire|stockpile1
|-boost|p1a: Quagsire|def|1
|-boost|p1a: Quagsire|spd|1
|
|-heal|p1a: Quagsire|48/100|[from] item: Leftovers
|-damage|p2a: Landorus|82/100 tox|[from] psn
|upkeep
|turn|23
|
|t:|1760769904
|move|p2a: Landorus|Grass Knot|p1a: Quagsire
|-supereffective|p1a: Quagsire
|-damage|p1a: Quagsire|0 fnt
|faint|p1a: Quagsire
|
|-damage|p2a: Landorus|64/100 tox|[from] psn
|upkeep
|
|t:|1760769920
|switch|p1a: Cinccino|Cinccino, F|88/100
|-damage|p1a: Cinccino|76/100|[from] Stealth Rock
|turn|24
|
|t:|1760769925
|move|p1a: Cinccino|Knock Off|p2a: Landorus
|-damage|p2a: Landorus|36/100 tox
|-damage|p1a: Cinccino|59/100|[from] item: Rocky Helmet|[of] p2a: Landorus
|-enditem|p2a: Landorus|Rocky Helmet|[from] move: Knock Off|[of] p1a: Cinccino
|move|p2a: Landorus|Earthquake|p1a: Cinccino
|-damage|p1a: Cinccino|0 fnt
|faint|p1a: Cinccino
|
|-damage|p2a: Landorus|12/100 tox|[from] psn
|upkeep
|
|t:|1760769941
|switch|p1a: Deoxys|Deoxys-Defense|100/100
|-damage|p1a: Deoxys|88/100|[from] Stealth Rock
|-ability|p1a: Deoxys|Pressure
|turn|25
|
|t:|1760769947
|move|p2a: Landorus|Earthquake|p1a: Deoxys
|-damage|p1a: Deoxys|43/100
|move|p1a: Deoxys|Ice Beam|p2a: Landorus
|-supereffective|p2a: Landorus
|-damage|p2a: Landorus|0 fnt
|faint|p2a: Landorus
|
|upkeep
|
|t:|1760769971
|switch|p2a: Kyurem|Kyurem|100/100
|-status|p2a: Kyurem|psn
|-ability|p2a: Kyurem|Pressure
|turn|26
|
|t:|1760769981
|move|p1a: Deoxys|Psycho Boost|p2a: Kyurem
|-damage|p2a: Kyurem|54/100 psn
|-unboost|p1a: Deoxys|spa|2
|move|p2a: Kyurem|Icicle Spear|p1a: Deoxys
|-damage|p1a: Deoxys|28/100
|-damage|p1a: Deoxys|15/100
|-damage|p1a: Deoxys|1/100
|-damage|p1a: Deoxys|0 fnt
|faint|p1a: Deoxys
|-hitcount|p1: Deoxys|4
|
|-damage|p2a: Kyurem|42/100 psn|[from] psn
|upkeep
|
|t:|1760769988
|switch|p1a: Entei|Entei|100/100
|-damage|p1a: Entei|76/100|[from] Stealth Rock
|turn|27
|c|☆UltraDJames|ggs
|
|t:|1760769999
|move|p1a: Entei|Swagger|p2a: Kyurem|[miss]
|-miss|p1a: Entei|p2a: Kyurem
|move|p2a: Kyurem|Scale Shot|p1a: Entei
|-damage|p1a: Entei|60/100
|-damage|p1a: Entei|44/100
|-damage|p1a: Entei|28/100
|-damage|p1a: Entei|12/100
|-damage|p1a: Entei|0 fnt
|faint|p1a: Entei
|-hitcount|p1: Entei|5
|
|win|vikigenius
|raw|UltraDJames's rating: 1366 &rarr; <strong>1343</strong><br />(-23 for losing)
|raw|vikigenius's rating: 1319 &rarr; <strong>1342</strong><br />(+23 for winning)
|l|☆UltraDJames
|player|p1|
|l|☆vikigenius
|player|p2|
