|j|☆Charle_phate
|j|☆Whammmmmy
|t:|1760760853
|gametype|singles
|player|p1|Charle_phate|blue|1174
|player|p2|Whammmmmy|169|1148
|gen|9
|tier|[Gen 9] OU
|rated|
|rule|HP Percentage Mod: HP is shown in percentages
|rule|Endless Battle Clause: Forcing endless battles is banned
|rule|Species Clause: Limit one of each Pokémon
|rule|OHKO Clause: OHKO moves are banned
|rule|Evasion Items Clause: Evasion items are banned
|rule|Evasion Moves Clause: Evasion moves are banned
|rule|Evasion Abilities Clause: Evasion abilities are banned
|rule|Sleep Moves Clause: Sleep-inducing moves are banned
|clearpoke
|poke|p1|Serperior, F|
|poke|p1|Rotom-Wash|
|poke|p1|Zapdos|
|poke|p1|Heatran, F|
|poke|p1|Clefable, M|
|poke|p1|Landorus-Therian, M|
|poke|p2|Torkoal, F|
|poke|p2|Charizard, M|
|poke|p2|Venusaur, M|
|poke|p2|Pelipper, M|
|poke|p2|Blastoise, M|
|poke|p2|Basculegion, M|
|teampreview
|inactive|Battle timer is ON: inactive players will automatically lose when time's up. (requested by Whammmmmy)
|
|t:|1760760859
|teamsize|p1|6
|teamsize|p2|6
|start
|switch|p1a: Rotom|Rotom-Wash|100/100
|switch|p2a: Torkoal|Torkoal, F|100/100
|-weather|SunnyDay|[from] ability: Drought|[of] p2a: Torkoal
|turn|1
|
|t:|1760760871
|move|p1a: Rotom|Thunder Wave|p2a: Torkoal
|-status|p2a: Torkoal|par
|cant|p2a: Torkoal|par
|
|-weather|SunnyDay|[upkeep]
|upkeep
|turn|2
|
|t:|1760760880
|move|p1a: Rotom|Charge Beam|p2a: Torkoal
|-damage|p2a: Torkoal|78/100 par
|-boost|p1a: Rotom|spa|1
|move|p2a: Torkoal|Stealth Rock|p1a: Rotom
|-sidestart|p1: Charle_phate|move: Stealth Rock
|
|-weather|SunnyDay|[upkeep]
|upkeep
|turn|3
|
|t:|1760760889
|switch|p2a: Venusaur|Venusaur, M|100/100
|move|p1a: Rotom|Charge Beam|p2a: Venusaur
|-resisted|p2a: Venusaur
|-damage|p2a: Venusaur|84/100
|-boost|p1a: Rotom|spa|1
|
|-weather|SunnyDay|[upkeep]
|upkeep
|turn|4
|
|t:|1760760905
|move|p2a: Venusaur|Giga Drain|p1a: Rotom
|-supereffective|p1a: Rotom
|-damage|p1a: Rotom|26/100
|-heal|p2a: Venusaur|100/100|[from] drain|[of] p1a: Rotom
|-damage|p2a: Venusaur|91/100|[from] item: Life Orb
|move|p1a: Rotom|Thunder Wave|p2a: Venusaur
|-status|p2a: Venusaur|par
|
|-weather|SunnyDay|[upkeep]
|-heal|p1a: Rotom|32/100|[from] item: Leftovers
|upkeep
|turn|5
|
|t:|1760760932
|switch|p1a: Zapdos|Zapdos|100/100
|-damage|p1a: Zapdos|75/100|[from] Stealth Rock
|cant|p2a: Venusaur|par
|
|-weather|SunnyDay|[upkeep]
|upkeep
|turn|6
|
|t:|1760760948
|move|p2a: Venusaur|Weather Ball|p1a: Zapdos
|-damage|p1a: Zapdos|14/100
|-damage|p2a: Venusaur|81/100 par|[from] item: Life Orb
|move|p1a: Zapdos|Ancient Power|p2a: Venusaur
|-crit|p2a: Venusaur
|-damage|p2a: Venusaur|43/100 par
|
|-weather|SunnyDay|[upkeep]
|upkeep
|turn|7
|
|t:|1760760958
|move|p2a: Venusaur|Weather Ball|p1a: Zapdos
|-damage|p1a: Zapdos|0 fnt
|faint|p1a: Zapdos
|-damage|p2a: Venusaur|33/100 par|[from] item: Life Orb
|
|-weather|SunnyDay|[upkeep]
|upkeep
|
|t:|1760760971
|switch|p1a: Rotom|Rotom-Wash|32/100
|-damage|p1a: Rotom|20/100|[from] Stealth Rock
|turn|8
|
|t:|1760760998
|move|p2a: Venusaur|Sludge Bomb|p1a: Rotom
|-damage|p1a: Rotom|0 fnt
|faint|p1a: Rotom
|-damage|p2a: Venusaur|23/100 par|[from] item: Life Orb
|
|-weather|none
|upkeep
|
|t:|1760761001
|switch|p1a: Heatran|Heatran, F|100/100
|-damage|p1a: Heatran|88/100|[from] Stealth Rock
|turn|9
|
|t:|1760761010
|move|p1a: Heatran|Substitute|p1a: Heatran
|-start|p1a: Heatran|Substitute
|-damage|p1a: Heatran|63/100
|move|p2a: Venusaur|Earth Power|p1a: Heatran
|-supereffective|p1a: Heatran
|-end|p1a: Heatran|Substitute
|-damage|p2a: Venusaur|13/100 par|[from] item: Life Orb
|
|-heal|p1a: Heatran|69/100|[from] item: Leftovers
|upkeep
|turn|10
|
|t:|1760761021
|move|p1a: Heatran|Substitute|p1a: Heatran
|-start|p1a: Heatran|Substitute
|-damage|p1a: Heatran|45/100
|move|p2a: Venusaur|Earth Power|p1a: Heatran
|-supereffective|p1a: Heatran
|-end|p1a: Heatran|Substitute
|-damage|p2a: Venusaur|3/100 par|[from] item: Life Orb
|
|-heal|p1a: Heatran|51/100|[from] item: Leftovers
|upkeep
|turn|11
|
|t:|1760761048
|move|p1a: Heatran|Ancient Power|p2a: Venusaur
|-crit|p2a: Venusaur
|-damage|p2a: Venusaur|0 fnt
|faint|p2a: Venusaur
|
|-heal|p1a: Heatran|57/100|[from] item: Leftovers
|upkeep
|
|t:|1760761055
|switch|p2a: Blastoise|Blastoise, M|100/100
|turn|12
|
|t:|1760761060
|switch|p1a: Serperior|Serperior, F|100/100
|-damage|p1a: Serperior|88/100|[from] Stealth Rock
|move|p2a: Blastoise|Iron Defense|p2a: Blastoise
|-boost|p2a: Blastoise|def|2
|
|-heal|p1a: Serperior|94/100|[from] item: Leftovers
|upkeep
|turn|13
|
|t:|1760761079
|-terastallize|p2a: Blastoise|Fighting
|move|p1a: Serperior|Glare|p2a: Blastoise
|-status|p2a: Blastoise|par
|move|p2a: Blastoise|Iron Defense|p2a: Blastoise
|-boost|p2a: Blastoise|def|2
|
|-heal|p1a: Serperior|100/100|[from] item: Leftovers
|upkeep
|turn|14
|
|t:|1760761089
|move|p1a: Serperior|Substitute|p1a: Serperior
|-start|p1a: Serperior|Substitute
|-damage|p1a: Serperior|75/100
|move|p2a: Blastoise|Body Press|p1a: Serperior
|-end|p1a: Serperior|Substitute
|
|-heal|p1a: Serperior|82/100|[from] item: Leftovers
|upkeep
|turn|15
|
|t:|1760761102
|move|p1a: Serperior|Substitute|p1a: Serperior
|-start|p1a: Serperior|Substitute
|-damage|p1a: Serperior|57/100
|move|p2a: Blastoise|Body Press|p1a: Serperior
|-end|p1a: Serperior|Substitute
|
|-heal|p1a: Serperior|63/100|[from] item: Leftovers
|upkeep
|turn|16
|
|t:|1760761112
|move|p1a: Serperior|Substitute|p1a: Serperior
|-start|p1a: Serperior|Substitute
|-damage|p1a: Serperior|38/100
|cant|p2a: Blastoise|par
|
|-heal|p1a: Serperior|44/100|[from] item: Leftovers
|upkeep
|turn|17
|
|t:|1760761119
|move|p1a: Serperior|Leech Seed|p2a: Blastoise
|-start|p2a: Blastoise|move: Leech Seed
|move|p2a: Blastoise|Body Press|p1a: Serperior
|-end|p1a: Serperior|Substitute
|
|-heal|p1a: Serperior|50/100|[from] item: Leftovers
|-damage|p2a: Blastoise|88/100 par|[from] Leech Seed|[of] p1a: Serperior
|-heal|p1a: Serperior|65/100|[silent]
|upkeep
|turn|18
|
|t:|1760761145
|move|p1a: Serperior|Substitute|p1a: Serperior
|-start|p1a: Serperior|Substitute
|-damage|p1a: Serperior|40/100
|move|p2a: Blastoise|Rapid Spin|p1a: Serperior
|-activate|p1a: Serperior|move: Substitute|[damage]
|-end|p2a: Blastoise|Leech Seed|[from] move: Rapid Spin|[of] p2a: Blastoise
|-boost|p2a: Blastoise|spe|1
|
|-heal|p1a: Serperior|46/100|[from] item: Leftovers
|-heal|p2a: Blastoise|94/100 par|[from] item: Leftovers
|upkeep
|turn|19
|
|t:|1760761156
|move|p1a: Serperior|Leaf Storm|p2a: Blastoise
|-damage|p2a: Blastoise|51/100 par
|-boost|p1a: Serperior|spa|2
|move|p2a: Blastoise|Body Press|p1a: Serperior
|-end|p1a: Serperior|Substitute
|
|-heal|p1a: Serperior|52/100|[from] item: Leftovers
|-heal|p2a: Blastoise|57/100 par|[from] item: Leftovers
|upkeep
|turn|20
|
|t:|1760761168
|move|p1a: Serperior|Substitute|p1a: Serperior
|-start|p1a: Serperior|Substitute
|-damage|p1a: Serperior|27/100
|move|p2a: Blastoise|Body Press|p1a: Serperior
|-end|p1a: Serperior|Substitute
|
|-heal|p1a: Serperior|33/100|[from] item: Leftovers
|-heal|p2a: Blastoise|63/100 par|[from] item: Leftovers
|upkeep
|turn|21
|
|t:|1760761181
|move|p1a: Serperior|Substitute|p1a: Serperior
|-start|p1a: Serperior|Substitute
|-damage|p1a: Serperior|8/100
|cant|p2a: Blastoise|par
|
|-heal|p1a: Serperior|14/100|[from] item: Leftovers
|-heal|p2a: Blastoise|70/100 par|[from] item: Leftovers
|upkeep
|turn|22
|
|t:|1760761192
|move|p1a: Serperior|Leaf Storm|p2a: Blastoise|[miss]
|-miss|p1a: Serperior|p2a: Blastoise
|cant|p2a: Blastoise|par
|
|-heal|p1a: Serperior|20/100|[from] item: Leftovers
|-heal|p2a: Blastoise|76/100 par|[from] item: Leftovers
|upkeep
|turn|23
|
|t:|1760761204
|move|p1a: Serperior|Leaf Storm|p2a: Blastoise
|-damage|p2a: Blastoise|0 fnt
|-boost|p1a: Serperior|spa|2
|faint|p2a: Blastoise
|
|-heal|p1a: Serperior|27/100|[from] item: Leftovers
|upkeep
|
|t:|1760761226
|switch|p2a: Charizard|Charizard, M|100/100
|turn|24
|
|t:|1760761231
|move|p1a: Serperior|Glare|p2a: Charizard
|-status|p2a: Charizard|par
|cant|p2a: Charizard|par
|
|-heal|p1a: Serperior|33/100|[from] item: Leftovers
|upkeep
|turn|25
|
|t:|1760761239
|move|p1a: Serperior|Leech Seed|p2a: Charizard
|-start|p2a: Charizard|move: Leech Seed
|move|p2a: Charizard|Flamethrower|p1a: Serperior
|-supereffective|p1a: Serperior
|-end|p1a: Serperior|Substitute
|-damage|p2a: Charizard|91/100 par|[from] item: Life Orb
|
|-heal|p1a: Serperior|39/100|[from] item: Leftovers
|-damage|p2a: Charizard|78/100 par|[from] Leech Seed|[of] p1a: Serperior
|-heal|p1a: Serperior|52/100|[silent]
|upkeep
|turn|26
|
|t:|1760761250
|move|p1a: Serperior|Substitute|p1a: Serperior
|-start|p1a: Serperior|Substitute
|-damage|p1a: Serperior|27/100
|move|p2a: Charizard|Flamethrower|p1a: Serperior
|-supereffective|p1a: Serperior
|-end|p1a: Serperior|Substitute
|-damage|p2a: Charizard|69/100 par|[from] item: Life Orb
|
|-heal|p1a: Serperior|33/100|[from] item: Leftovers
|-damage|p2a: Charizard|56/100 par|[from] Leech Seed|[of] p1a: Serperior
|-heal|p1a: Serperior|45/100|[silent]
|upkeep
|turn|27
|
|t:|1760761264
|switch|p2a: Torkoal|Torkoal, F|78/100 par
|-weather|SunnyDay|[from] ability: Drought|[of] p2a: Torkoal
|move|p1a: Serperior|Substitute|p1a: Serperior
|-start|p1a: Serperior|Substitute
|-damage|p1a: Serperior|20/100
|
|-weather|SunnyDay|[upkeep]
|-heal|p1a: Serperior|27/100|[from] item: Leftovers
|upkeep
|turn|28
|
|t:|1760761283
|move|p1a: Serperior|Leech Seed|p2a: Torkoal|[miss]
|-miss|p1a: Serperior|p2a: Torkoal
|move|p2a: Torkoal|Lava Plume|p1a: Serperior
|-supereffective|p1a: Serperior
|-end|p1a: Serperior|Substitute
|
|-weather|SunnyDay|[upkeep]
|-heal|p1a: Serperior|33/100|[from] item: Leftovers
|upkeep
|turn|29
|
|t:|1760761293
|move|p1a: Serperior|Substitute|p1a: Serperior
|-start|p1a: Serperior|Substitute
|-damage|p1a: Serperior|8/100
|move|p2a: Torkoal|Lava Plume|p1a: Serperior
|-supereffective|p1a: Serperior
|-end|p1a: Serperior|Substitute
|
|-weather|SunnyDay|[upkeep]
|-heal|p1a: Serperior|14/100|[from] item: Leftovers
|upkeep
|turn|30
|
|t:|1760761304
|move|p1a: Serperior|Leech Seed|p2a: Torkoal
|-start|p2a: Torkoal|move: Leech Seed
|move|p2a: Torkoal|Lava Plume|p1a: Serperior
|-supereffective|p1a: Serperior
|-damage|p1a: Serperior|0 fnt
|faint|p1a: Serperior
|
|-weather|SunnyDay|[upkeep]
|upkeep
|
|t:|1760761307
|switch|p1a: Heatran|Heatran, F|57/100
|-damage|p1a: Heatran|45/100|[from] Stealth Rock
|turn|31
|
|t:|1760761317
|move|p1a: Heatran|Substitute|p1a: Heatran
|-start|p1a: Heatran|Substitute
|-damage|p1a: Heatran|20/100
|move|p2a: Torkoal|Rapid Spin|p1a: Heatran
|-resisted|p1a: Heatran
|-activate|p1a: Heatran|move: Substitute|[damage]
|-end|p2a: Torkoal|Leech Seed|[from] move: Rapid Spin|[of] p2a: Torkoal
|-boost|p2a: Torkoal|spe|1
|
|-weather|SunnyDay|[upkeep]
|-heal|p1a: Heatran|26/100|[from] item: Leftovers
|upkeep
|turn|32
|
|t:|1760761341
|switch|p2a: Pelipper|Pelipper, M|100/100
|-weather|RainDance|[from] ability: Drizzle|[of] p2a: Pelipper
|move|p1a: Heatran|Ancient Power|p2a: Pelipper
|-supereffective|p2a: Pelipper
|-damage|p2a: Pelipper|55/100
|
|-weather|RainDance|[upkeep]
|-heal|p1a: Heatran|32/100|[from] item: Leftovers
|upkeep
|turn|33
|
|t:|1760761355
|move|p1a: Heatran|Ancient Power|p2a: Pelipper
|-supereffective|p2a: Pelipper
|-damage|p2a: Pelipper|6/100
|move|p2a: Pelipper|U-turn|p1a: Heatran
|-resisted|p1a: Heatran
|-activate|p1a: Heatran|move: Substitute|[damage]
|
|t:|1760761368
|switch|p2a: Basculegion|Basculegion, M|100/100|[from] U-turn
|
|-weather|RainDance|[upkeep]
|-heal|p1a: Heatran|38/100|[from] item: Leftovers
|upkeep
|turn|34
|
|t:|1760761380
|move|p2a: Basculegion|Agility|p2a: Basculegion
|-boost|p2a: Basculegion|spe|2
|move|p1a: Heatran|Ancient Power|p2a: Basculegion
|-damage|p2a: Basculegion|81/100
|
|-weather|RainDance|[upkeep]
|-heal|p1a: Heatran|45/100|[from] item: Leftovers
|upkeep
|turn|35
|
|t:|1760761393
|move|p2a: Basculegion|Liquidation|p1a: Heatran
|-supereffective|p1a: Heatran
|-end|p1a: Heatran|Substitute
|move|p1a: Heatran|Ancient Power|p2a: Basculegion
|-damage|p2a: Basculegion|62/100
|-boost|p1a: Heatran|atk|1
|-boost|p1a: Heatran|def|1
|-boost|p1a: Heatran|spa|1
|-boost|p1a: Heatran|spd|1
|-boost|p1a: Heatran|spe|1
|
|-weather|RainDance|[upkeep]
|-heal|p1a: Heatran|51/100|[from] item: Leftovers
|upkeep
|turn|36
|
|t:|1760761411
|-terastallize|p1a: Heatran|Ghost
|move|p2a: Basculegion|Liquidation|p1a: Heatran
|-damage|p1a: Heatran|0 fnt
|faint|p1a: Heatran
|
|-weather|RainDance|[upkeep]
|upkeep
|
|t:|1760761420
|switch|p1a: Landorus|Landorus-Therian, M|100/100
|-damage|p1a: Landorus|88/100|[from] Stealth Rock
|-ability|p1a: Landorus|Intimidate|boost
|-unboost|p2a: Basculegion|atk|1
|turn|37
|
|t:|1760761426
|move|p2a: Basculegion|Liquidation|p1a: Landorus
|-supereffective|p1a: Landorus
|-damage|p1a: Landorus|0 fnt
|faint|p1a: Landorus
|
|-weather|RainDance|[upkeep]
|upkeep
|
|t:|1760761430
|switch|p1a: Clefable|Clefable, M|100/100
|turn|38
|
|t:|1760761440
|move|p2a: Basculegion|Liquidation|p1a: Clefable
|-damage|p1a: Clefable|49/100
|move|p1a: Clefable|Defense Curl|p1a: Clefable
|-boost|p1a: Clefable|def|1
|
|-weather|RainDance|[upkeep]
|-heal|p1a: Clefable|55/100|[from] item: Leftovers
|upkeep
|turn|39
|
|t:|1760761454
|move|p2a: Basculegion|Liquidation|p1a: Clefable
|-crit|p1a: Clefable
|-damage|p1a: Clefable|0 fnt
|faint|p1a: Clefable
|
|win|Whammmmmy
|raw|Charle_phate's rating: 1153 &rarr; <strong>1128</strong><br />(-25 for losing)
|raw|Whammmmmy's rating: 1148 &rarr; <strong>1173</strong><br />(+25 for winning)
|l|☆Charle_phate
|player|p1|
|l|☆Whammmmmy
|player|p2|
