|j|☆Passerby bye
|j|☆cfuelles
|t:|1760881682
|gametype|singles
|player|p1|Passerby bye|scientist-gen4|1261
|player|p2|cfuelles|101|1298
|gen|9
|tier|[Gen 9] OU
|rated|
|rule|HP Percentage Mod: HP is shown in percentages
|rule|Endless Battle Clause: Forcing endless battles is banned
|rule|Species Clause: Limit one of each Pokémon
|rule|OHKO Clause: OHKO moves are banned
|rule|Evasion Items Clause: Evasion items are banned
|rule|Evasion Moves Clause: Evasion moves are banned
|rule|Evasion Abilities Clause: Evasion abilities are banned
|rule|Sleep Moves Clause: Sleep-inducing moves are banned
|clearpoke
|poke|p1|Wigglytuff, F|
|poke|p1|Gliscor, M|
|poke|p1|Houndoom, F|
|poke|p1|Magnezone|
|poke|p1|Slowbro, F|
|poke|p1|Vileplume, F|
|poke|p2|Darkrai|
|poke|p2|Garchomp, F|
|poke|p2|Great Tusk|
|poke|p2|Moltres|
|poke|p2|Ogerpon-Wellspring, F|
|poke|p2|Pecharunt|
|teampreview
|inactive|Battle timer is ON: inactive players will automatically lose when time's up. (requested by cfuelles)
|
|t:|1760881692
|teamsize|p1|6
|teamsize|p2|6
|start
|switch|p1a: Wigglytuff|Wigglytuff, F|100/100
|switch|p2a: Ogerpon|Ogerpon-Wellspring, F|100/100
|turn|1
|
|t:|1760881698
|switch|p1a: Vileplume|Vileplume, F|100/100
|move|p2a: Ogerpon|Power Whip|p1a: Vileplume
|-resisted|p1a: Vileplume
|-damage|p1a: Vileplume|88/100
|-damage|p2a: Ogerpon|84/100|[from] item: Rocky Helmet|[of] p1a: Vileplume
|
|upkeep
|turn|2
|
|t:|1760881709
|move|p2a: Ogerpon|U-turn|p1a: Vileplume
|-damage|p1a: Vileplume|64/100
|-damage|p2a: Ogerpon|67/100|[from] item: Rocky Helmet|[of] p1a: Vileplume
|
|t:|1760881713
|switch|p2a: Pecharunt|Pecharunt|100/100|[from] U-turn
|move|p1a: Vileplume|Leech Seed|p2a: Pecharunt
|-start|p2a: Pecharunt|move: Leech Seed
|
|-damage|p2a: Pecharunt|88/100|[from] Leech Seed|[of] p1a: Vileplume
|-heal|p1a: Vileplume|77/100|[silent]
|upkeep
|turn|3
|
|t:|1760881719
|switch|p1a: Magnezone|Magnezone|100/100
|move|p2a: Pecharunt|Malignant Chain|p1a: Magnezone
|-immune|p1a: Magnezone
|
|-damage|p2a: Pecharunt|76/100|[from] Leech Seed|[of] p1a: Magnezone
|upkeep
|turn|4
|
|t:|1760881722
|move|p2a: Pecharunt|Parting Shot|p1a: Magnezone
|-unboost|p1a: Magnezone|atk|1
|-unboost|p1a: Magnezone|spa|1
|
|t:|1760881738
|switch|p2a: Garchomp|Garchomp, F|100/100|[from] Parting Shot
|move|p1a: Magnezone|Flash Cannon|p2a: Garchomp
|-damage|p2a: Garchomp|47/100
|
|upkeep
|turn|5
|
|t:|1760881745
|switch|p2a: Moltres|Moltres|100/100
|switch|p1a: Gliscor|Gliscor, M|100/100
|
|-status|p1a: Gliscor|tox|[from] item: Toxic Orb
|upkeep
|turn|6
|
|t:|1760881755
|move|p1a: Gliscor|Swords Dance|p1a: Gliscor
|-boost|p1a: Gliscor|atk|2
|move|p2a: Moltres|Roar|p1a: Gliscor
|drag|p1a: Wigglytuff|Wigglytuff, F|100/100
|
|upkeep
|turn|7
|
|t:|1760881768
|switch|p1a: Gliscor|Gliscor, M|100/100 tox
|move|p2a: Moltres|Flamethrower|p1a: Gliscor
|-damage|p1a: Gliscor|66/100 tox
|
|-heal|p1a: Gliscor|79/100 tox|[from] ability: Poison Heal
|upkeep
|turn|8
|
|t:|1760881775
|move|p1a: Gliscor|Stone Edge|p2a: Moltres
|-supereffective|p2a: Moltres
|-damage|p2a: Moltres|15/100
|move|p2a: Moltres|Roar|p1a: Gliscor
|drag|p1a: Slowbro|Slowbro, F|100/100
|
|upkeep
|turn|9
|
|t:|1760881780
|move|p2a: Moltres|Roost|p2a: Moltres
|-heal|p2a: Moltres|65/100
|-singleturn|p2a: Moltres|move: Roost
|move|p1a: Slowbro|Scald|p2a: Moltres
|-supereffective|p2a: Moltres
|-crit|p2a: Moltres
|-damage|p2a: Moltres|5/100
|
|upkeep
|turn|10
|
|t:|1760881784
|switch|p2a: Ogerpon|Ogerpon-Wellspring, F|67/100
|move|p1a: Slowbro|Nasty Plot|p1a: Slowbro
|-boost|p1a: Slowbro|spa|2
|
|upkeep
|turn|11
|
|t:|1760881792
|switch|p1a: Vileplume|Vileplume, F|77/100
|move|p2a: Ogerpon|Knock Off|p1a: Vileplume
|-damage|p1a: Vileplume|47/100
|-damage|p2a: Ogerpon|51/100|[from] item: Rocky Helmet|[of] p1a: Vileplume
|-enditem|p1a: Vileplume|Rocky Helmet|[from] move: Knock Off|[of] p2a: Ogerpon
|
|upkeep
|turn|12
|
|t:|1760881800
|move|p2a: Ogerpon|U-turn|p1a: Vileplume
|-damage|p1a: Vileplume|25/100
|
|t:|1760881804
|switch|p2a: Pecharunt|Pecharunt|76/100|[from] U-turn
|move|p1a: Vileplume|Strength Sap|p2a: Pecharunt
|-unboost|p2a: Pecharunt|atk|1
|-heal|p1a: Vileplume|71/100
|
|upkeep
|turn|13
|
|t:|1760881810
|move|p2a: Pecharunt|Malignant Chain|p1a: Vileplume
|-damage|p1a: Vileplume|39/100
|move|p1a: Vileplume|Leech Seed|p2a: Pecharunt
|-start|p2a: Pecharunt|move: Leech Seed
|
|-damage|p2a: Pecharunt|63/100|[from] Leech Seed|[of] p1a: Vileplume
|-heal|p1a: Vileplume|52/100|[silent]
|upkeep
|turn|14
|
|t:|1760881821
|move|p2a: Pecharunt|Parting Shot|p1a: Vileplume
|-unboost|p1a: Vileplume|atk|1
|-unboost|p1a: Vileplume|spa|1
|
|t:|1760881825
|switch|p2a: Moltres|Moltres|5/100|[from] Parting Shot
|move|p1a: Vileplume|Leech Seed|p2a: Moltres
|-start|p2a: Moltres|move: Leech Seed
|
|-damage|p2a: Moltres|0 fnt|[from] Leech Seed|[of] p1a: Vileplume
|-heal|p1a: Vileplume|57/100|[silent]
|faint|p2a: Moltres
|upkeep
|
|t:|1760881835
|switch|p2a: Darkrai|Darkrai|100/100
|turn|15
|
|t:|1760881843
|switch|p1a: Wigglytuff|Wigglytuff, F|100/100
|move|p2a: Darkrai|Nasty Plot|p2a: Darkrai
|-boost|p2a: Darkrai|spa|2
|
|upkeep
|turn|16
|
|t:|1760881860
|-terastallize|p1a: Wigglytuff|Steel
|move|p2a: Darkrai|Sludge Bomb|p1a: Wigglytuff
|-immune|p1a: Wigglytuff
|move|p1a: Wigglytuff|Draining Kiss|p2a: Darkrai
|-supereffective|p2a: Darkrai
|-damage|p2a: Darkrai|60/100
|
|-heal|p2a: Darkrai|66/100|[from] item: Leftovers
|upkeep
|turn|17
|
|t:|1760881866
|move|p2a: Darkrai|Dark Pulse|p1a: Wigglytuff
|-damage|p1a: Wigglytuff|61/100
|cant|p1a: Wigglytuff|flinch
|
|-heal|p2a: Darkrai|73/100|[from] item: Leftovers
|upkeep
|turn|18
|
|t:|1760881881
|switch|p2a: Great Tusk|Great Tusk|100/100
|move|p1a: Wigglytuff|Draining Kiss|p2a: Great Tusk
|-supereffective|p2a: Great Tusk
|-damage|p2a: Great Tusk|60/100
|-heal|p1a: Wigglytuff|88/100|[from] drain|[of] p2a: Great Tusk
|
|upkeep
|turn|19
|
|t:|1760881887
|switch|p1a: Slowbro|Slowbro, F|100/100
|move|p2a: Great Tusk|Ice Spinner|p1a: Slowbro
|-resisted|p1a: Slowbro
|-damage|p1a: Slowbro|93/100
|
|upkeep
|turn|20
|
|t:|1760881896
|move|p2a: Great Tusk|Headlong Rush|p1a: Slowbro
|-damage|p1a: Slowbro|58/100
|-unboost|p2a: Great Tusk|def|1
|-unboost|p2a: Great Tusk|spd|1
|move|p1a: Slowbro|Psyshock|p2a: Great Tusk
|-supereffective|p2a: Great Tusk
|-damage|p2a: Great Tusk|0 fnt
|faint|p2a: Great Tusk
|-end|p2a: Great Tusk|Protosynthesis|[silent]
|
|upkeep
|
|t:|1760881900
|switch|p2a: Pecharunt|Pecharunt|63/100
|turn|21
|
|t:|1760881906
|switch|p1a: Gliscor|Gliscor, M|79/100 tox
|move|p2a: Pecharunt|Parting Shot|p1a: Gliscor
|-unboost|p1a: Gliscor|atk|1
|-unboost|p1a: Gliscor|spa|1
|
|t:|1760881908
|switch|p2a: Darkrai|Darkrai|73/100|[from] Parting Shot
|
|-heal|p2a: Darkrai|79/100|[from] item: Leftovers
|-heal|p1a: Gliscor|91/100 tox|[from] ability: Poison Heal
|upkeep
|turn|22
|
|t:|1760881915
|move|p2a: Darkrai|Nasty Plot|p2a: Darkrai
|-boost|p2a: Darkrai|spa|2
|move|p1a: Gliscor|Swords Dance|p1a: Gliscor
|-boost|p1a: Gliscor|atk|2
|
|-heal|p2a: Darkrai|85/100|[from] item: Leftovers
|-heal|p1a: Gliscor|100/100 tox|[from] ability: Poison Heal
|upkeep
|turn|23
|
|t:|1760881919
|move|p2a: Darkrai|Ice Beam|p1a: Gliscor
|-supereffective|p1a: Gliscor
|-damage|p1a: Gliscor|0 fnt
|faint|p1a: Gliscor
|
|-heal|p2a: Darkrai|91/100|[from] item: Leftovers
|upkeep
|
|t:|1760881923
|switch|p1a: Wigglytuff|Wigglytuff, F, tera:Steel|88/100
|turn|24
|
|t:|1760881926
|move|p2a: Darkrai|Dark Pulse|p1a: Wigglytuff
|-damage|p1a: Wigglytuff|44/100
|cant|p1a: Wigglytuff|flinch
|
|-heal|p2a: Darkrai|97/100|[from] item: Leftovers
|upkeep
|turn|25
|
|t:|1760881931
|move|p2a: Darkrai|Dark Pulse|p1a: Wigglytuff
|-damage|p1a: Wigglytuff|3/100
|move|p1a: Wigglytuff|Draining Kiss|p2a: Darkrai
|-supereffective|p2a: Darkrai
|-damage|p2a: Darkrai|53/100
|-heal|p1a: Wigglytuff|30/100|[from] drain|[of] p2a: Darkrai
|
|-heal|p2a: Darkrai|59/100|[from] item: Leftovers
|upkeep
|turn|26
|
|t:|1760881939
|move|p2a: Darkrai|Dark Pulse|p1a: Wigglytuff
|-damage|p1a: Wigglytuff|0 fnt
|faint|p1a: Wigglytuff
|
|-heal|p2a: Darkrai|66/100|[from] item: Leftovers
|upkeep
|
|t:|1760881947
|switch|p1a: Houndoom|Houndoom, F|100/100
|turn|27
|
|t:|1760881955
|move|p2a: Darkrai|Dark Pulse|p1a: Houndoom
|-resisted|p1a: Houndoom
|-damage|p1a: Houndoom|52/100
|move|p1a: Houndoom|Fire Blast|p2a: Darkrai
|-damage|p2a: Darkrai|7/100
|
|-heal|p2a: Darkrai|14/100|[from] item: Leftovers
|upkeep
|turn|28
|
|t:|1760881968
|move|p2a: Darkrai|Dark Pulse|p1a: Houndoom
|-resisted|p1a: Houndoom
|-damage|p1a: Houndoom|0 fnt
|faint|p1a: Houndoom
|
|-heal|p2a: Darkrai|20/100|[from] item: Leftovers
|upkeep
|
|t:|1760881974
|switch|p1a: Magnezone|Magnezone|100/100
|turn|29
|
|t:|1760881978
|move|p2a: Darkrai|Dark Pulse|p1a: Magnezone
|-damage|p1a: Magnezone|22/100
|move|p1a: Magnezone|Flash Cannon|p2a: Darkrai
|-damage|p2a: Darkrai|0 fnt
|faint|p2a: Darkrai
|
|upkeep
|
|t:|1760881984
|switch|p2a: Garchomp|Garchomp, F|47/100
|turn|30
|
|t:|1760881995
|move|p2a: Garchomp|Stealth Rock|p1a: Magnezone
|-sidestart|p1: Passerby bye|move: Stealth Rock
|move|p1a: Magnezone|Flash Cannon|p2a: Garchomp
|-damage|p2a: Garchomp|0 fnt
|faint|p2a: Garchomp
|
|upkeep
|
|t:|1760882005
|switch|p2a: Pecharunt|Pecharunt|63/100
|turn|31
|
|t:|1760882009
|move|p2a: Pecharunt|Hex|p1a: Magnezone
|-damage|p1a: Magnezone|0 fnt
|faint|p1a: Magnezone
|
|upkeep
|
|t:|1760882012
|switch|p1a: Vileplume|Vileplume, F|57/100
|-damage|p1a: Vileplume|44/100|[from] Stealth Rock
|turn|32
|
|t:|1760882020
|move|p2a: Pecharunt|Malignant Chain|p1a: Vileplume
|-damage|p1a: Vileplume|11/100
|move|p1a: Vileplume|Strength Sap|p2a: Pecharunt
|-unboost|p2a: Pecharunt|atk|1
|-heal|p1a: Vileplume|57/100
|
|upkeep
|turn|33
|
|t:|1760882027
|move|p2a: Pecharunt|Malignant Chain|p1a: Vileplume
|-crit|p1a: Vileplume
|-damage|p1a: Vileplume|6/100
|move|p1a: Vileplume|Leech Seed|p2a: Pecharunt
|-start|p2a: Pecharunt|move: Leech Seed
|
|-damage|p2a: Pecharunt|51/100|[from] Leech Seed|[of] p1a: Vileplume
|-heal|p1a: Vileplume|20/100|[silent]
|upkeep
|turn|34
|
|t:|1760882033
|move|p2a: Pecharunt|Malignant Chain|p1a: Vileplume
|-damage|p1a: Vileplume|0 fnt
|faint|p1a: Vileplume
|
|upkeep
|
|t:|1760882037
|switch|p1a: Slowbro|Slowbro, F|91/100
|turn|35
|
|t:|1760882046
|move|p2a: Pecharunt|Malignant Chain|p1a: Slowbro
|-damage|p1a: Slowbro|57/100
|move|p1a: Slowbro|Psyshock|p2a: Pecharunt
|-supereffective|p2a: Pecharunt
|-damage|p2a: Pecharunt|24/100
|
|-damage|p2a: Pecharunt|12/100|[from] Leech Seed|[of] p1a: Slowbro
|-heal|p1a: Slowbro|69/100|[silent]
|upkeep
|turn|36
|
|t:|1760882052
|move|p2a: Pecharunt|Recover|p2a: Pecharunt
|-heal|p2a: Pecharunt|62/100
|move|p1a: Slowbro|Psyshock|p2a: Pecharunt
|-supereffective|p2a: Pecharunt
|-damage|p2a: Pecharunt|36/100
|
|-damage|p2a: Pecharunt|23/100|[from] Leech Seed|[of] p1a: Slowbro
|-heal|p1a: Slowbro|81/100|[silent]
|upkeep
|turn|37
|
|t:|1760882057
|move|p2a: Pecharunt|Malignant Chain|p1a: Slowbro
|-damage|p1a: Slowbro|47/100
|move|p1a: Slowbro|Nasty Plot|p1a: Slowbro
|-boost|p1a: Slowbro|spa|2
|
|-damage|p2a: Pecharunt|11/100|[from] Leech Seed|[of] p1a: Slowbro
|-heal|p1a: Slowbro|59/100|[silent]
|upkeep
|turn|38
|
|t:|1760882060
|move|p2a: Pecharunt|Malignant Chain|p1a: Slowbro
|-damage|p1a: Slowbro|26/100
|move|p1a: Slowbro|Psyshock|p2a: Pecharunt
|-supereffective|p2a: Pecharunt
|-damage|p2a: Pecharunt|0 fnt
|faint|p2a: Pecharunt
|
|upkeep
|
|t:|1760882063
|switch|p2a: Ogerpon|Ogerpon-Wellspring, F|51/100
|turn|39
|
|t:|1760882077
|-terastallize|p2a: Ogerpon|Water
|detailschange|p2a: Ogerpon|Ogerpon-Wellspring-Tera, F, tera:Water
|-ability|p2a: Ogerpon|Embody Aspect (Wellspring)|boost
|-boost|p2a: Ogerpon|spd|1
|move|p2a: Ogerpon|U-turn|p1a: Slowbro
|-supereffective|p1a: Slowbro
|-damage|p1a: Slowbro|0 fnt
|faint|p1a: Slowbro
|
|win|cfuelles
|raw|Passerby bye's rating: 1261 &rarr; <strong>1239</strong><br />(-22 for losing)
|raw|cfuelles's rating: 1298 &rarr; <strong>1320</strong><br />(+22 for winning)
|l|☆cfuelles
|player|p2|
|l|☆Passerby bye
|player|p1|
