|j|☆LucyLikePizza
|j|☆aslowpoem
|t:|1760808292
|gametype|singles
|player|p1|LucyLikePizza|iris-gen5bw2|1625
|player|p2|aslowpoem|plumeria|1765
|gen|9
|tier|[Gen 9] OU
|rated|
|rule|HP Percentage Mod: HP is shown in percentages
|rule|Endless Battle Clause: Forcing endless battles is banned
|rule|Species Clause: Limit one of each Pokémon
|rule|OHKO Clause: OHKO moves are banned
|rule|Evasion Items Clause: Evasion items are banned
|rule|Evasion Moves Clause: Evasion moves are banned
|rule|Evasion Abilities Clause: Evasion abilities are banned
|rule|Sleep Moves Clause: Sleep-inducing moves are banned
|clearpoke
|poke|p1|Glimmora, M|
|poke|p1|Deoxys-Speed|
|poke|p1|Iron Crown|
|poke|p1|Dragonite, F|
|poke|p1|Greninja-*, M|
|poke|p1|Sandy Shocks|
|poke|p2|Clodsire, F|
|poke|p2|Dondozo, F|
|poke|p2|Gliscor, F|
|poke|p2|Alomomola, L99, F|
|poke|p2|Corviknight, M|
|poke|p2|Sinistcha-Masterpiece|
|teampreview
|inactive|Battle timer is ON: inactive players will automatically lose when time's up. (requested by aslowpoem)
|
|t:|1760808300
|teamsize|p1|6
|teamsize|p2|6
|start
|switch|p1a: Sandy Shocks|Sandy Shocks|100/100
|switch|p2a: Tagore|Alomomola, L99, F, shiny|100/100
|-enditem|p1a: Sandy Shocks|Booster Energy
|-activate|p1a: Sandy Shocks|ability: Protosynthesis|[fromitem]
|-start|p1a: Sandy Shocks|protosynthesisspe
|turn|1
|
|t:|1760808311
|switch|p2a: Rimbaud|Clodsire, F|100/100
|move|p1a: Sandy Shocks|Stealth Rock|p2a: Rimbaud
|-sidestart|p2: aslowpoem|move: Stealth Rock
|
|upkeep
|turn|2
|
|t:|1760808321
|move|p1a: Sandy Shocks|Spikes|p2a: Rimbaud
|-sidestart|p2: aslowpoem|Spikes
|move|p2a: Rimbaud|Toxic|p1a: Sandy Shocks
|-status|p1a: Sandy Shocks|tox
|
|-damage|p1a: Sandy Shocks|94/100 tox|[from] psn
|upkeep
|turn|3
|
|t:|1760808325
|switch|p2a: Bashō|Gliscor, F|100/100
|-damage|p2a: Bashō|88/100|[from] Stealth Rock
|move|p1a: Sandy Shocks|Earth Power|p2a: Bashō
|-immune|p2a: Bashō
|
|-damage|p1a: Sandy Shocks|82/100 tox|[from] psn
|-status|p2a: Bashō|tox|[from] item: Toxic Orb
|upkeep
|turn|4
|
|t:|1760808333
|move|p2a: Bashō|Protect|p2a: Bashō
|-singleturn|p2a: Bashō|Protect
|move|p1a: Sandy Shocks|Spikes|p2a: Bashō
|-sidestart|p2: aslowpoem|Spikes
|
|-damage|p1a: Sandy Shocks|63/100 tox|[from] psn
|-heal|p2a: Bashō|100/100 tox|[from] ability: Poison Heal
|upkeep
|turn|5
|
|t:|1760808338
|-end|p1a: Sandy Shocks|Protosynthesis|[silent]
|switch|p1a: Greninja|Greninja, M|100/100
|switch|p2a: Tagore|Alomomola, L99, F, shiny|100/100
|
|upkeep
|turn|6
|
|t:|1760808345
|switch|p1a: Sandy Shocks|Sandy Shocks|63/100 tox
|move|p2a: Tagore|Scald|p1a: Sandy Shocks
|-supereffective|p1a: Sandy Shocks
|-damage|p1a: Sandy Shocks|29/100 tox
|
|-damage|p1a: Sandy Shocks|23/100 tox|[from] psn
|upkeep
|turn|7
|
|t:|1760808348
|switch|p2a: Bashō|Gliscor, F|100/100 tox
|-damage|p2a: Bashō|88/100 tox|[from] Stealth Rock
|move|p1a: Sandy Shocks|Spikes|p2a: Bashō
|-sidestart|p2: aslowpoem|Spikes
|
|-damage|p1a: Sandy Shocks|11/100 tox|[from] psn
|-heal|p2a: Bashō|100/100 tox|[from] ability: Poison Heal
|upkeep
|turn|8
|
|t:|1760808356
|move|p1a: Sandy Shocks|Thunderbolt|p2a: Bashō
|-immune|p2a: Bashō
|move|p2a: Bashō|Spikes|p1a: Sandy Shocks
|-sidestart|p1: LucyLikePizza|Spikes
|
|-damage|p1a: Sandy Shocks|0 fnt|[from] psn
|faint|p1a: Sandy Shocks
|-end|p1a: Sandy Shocks|Protosynthesis|[silent]
|upkeep
|
|t:|1760808363
|switch|p1a: Deoxys|Deoxys-Speed|100/100
|-ability|p1a: Deoxys|Pressure
|turn|9
|
|t:|1760808369
|move|p2a: Bashō|Protect|p2a: Bashō
|-singleturn|p2a: Bashō|Protect
|move|p1a: Deoxys|Nasty Plot|p1a: Deoxys
|-boost|p1a: Deoxys|spa|2
|
|upkeep
|turn|10
|
|t:|1760808383
|switch|p2a: Baudelaire|Corviknight, M, shiny|100/100
|-damage|p2a: Baudelaire|88/100|[from] Stealth Rock
|-ability|p2a: Baudelaire|Pressure
|move|p1a: Deoxys|Ice Beam|p2a: Baudelaire
|-damage|p2a: Baudelaire|38/100
|
|-heal|p2a: Baudelaire|44/100|[from] item: Leftovers
|upkeep
|turn|11
|
|t:|1760808390
|move|p2a: Baudelaire|Protect|p2a: Baudelaire
|-singleturn|p2a: Baudelaire|Protect
|move|p1a: Deoxys|Ice Beam|p2a: Baudelaire
|-activate|p2a: Baudelaire|move: Protect
|
|-heal|p2a: Baudelaire|50/100|[from] item: Leftovers
|upkeep
|turn|12
|
|t:|1760808395
|switch|p2a: Tagore|Alomomola, L99, F, shiny|100/100
|move|p1a: Deoxys|Thunderbolt|p2a: Tagore
|-supereffective|p2a: Tagore
|-damage|p2a: Tagore|21/100
|
|upkeep
|turn|13
|
|t:|1760808405
|switch|p2a: Sinistcha|Sinistcha-Masterpiece|100/100
|move|p1a: Deoxys|Thunderbolt|p2a: Sinistcha
|-resisted|p2a: Sinistcha
|-damage|p2a: Sinistcha|66/100
|
|upkeep
|turn|14
|
|t:|1760808411
|move|p1a: Deoxys|Psycho Boost|p2a: Sinistcha
|-damage|p2a: Sinistcha|0 fnt
|-unboost|p1a: Deoxys|spa|2
|faint|p2a: Sinistcha
|
|upkeep
|
|t:|1760808416
|switch|p2a: Tagore|Alomomola, L99, F, shiny|55/100
|turn|15
|
|t:|1760808430
|switch|p2a: Rimbaud|Clodsire, F|100/100
|move|p1a: Deoxys|Nasty Plot|p1a: Deoxys
|-boost|p1a: Deoxys|spa|2
|
|upkeep
|turn|16
|
|t:|1760808434
|-terastallize|p2a: Rimbaud|Steel
|move|p1a: Deoxys|Psycho Boost|p2a: Rimbaud
|-resisted|p2a: Rimbaud
|-damage|p2a: Rimbaud|81/100
|-unboost|p1a: Deoxys|spa|2
|move|p2a: Rimbaud|Toxic|p1a: Deoxys
|-status|p1a: Deoxys|tox
|
|-damage|p1a: Deoxys|94/100 tox|[from] psn
|upkeep
|turn|17
|
|t:|1760808448
|switch|p1a: Greninja|Greninja, M|100/100
|-damage|p1a: Greninja|88/100|[from] Spikes
|move|p2a: Rimbaud|Bulldoze|p1a: Greninja
|-damage|p1a: Greninja|63/100
|-unboost|p1a: Greninja|spe|1
|
|upkeep
|turn|18
|
|t:|1760808454
|switch|p2a: Tagore|Alomomola, L99, F, shiny|88/100
|move|p1a: Greninja|Dark Pulse|p2a: Tagore
|-crit|p2a: Tagore
|-damage|p2a: Tagore|35/100
|-damage|p1a: Greninja|53/100|[from] item: Life Orb
|
|upkeep
|turn|19
|
|t:|1760808461
|move|p2a: Tagore|Protect|p2a: Tagore
|-singleturn|p2a: Tagore|Protect
|move|p1a: Greninja|Dark Pulse|p2a: Tagore
|-activate|p2a: Tagore|move: Protect
|
|upkeep
|turn|20
|
|t:|1760808467
|switch|p2a: Rimbaud|Clodsire, F, tera:Steel|81/100
|move|p1a: Greninja|Dark Pulse|p2a: Rimbaud
|-damage|p2a: Rimbaud|54/100
|-damage|p1a: Greninja|43/100|[from] item: Life Orb
|
|upkeep
|turn|21
|
|t:|1760808471
|move|p1a: Greninja|Taunt|p2a: Rimbaud
|-start|p2a: Rimbaud|move: Taunt
|cant|p2a: Rimbaud|move: Taunt|Recover
|
|upkeep
|turn|22
|
|t:|1760808474
|switch|p2a: Tagore|Alomomola, L99, F, shiny|68/100
|move|p1a: Greninja|Dark Pulse|p2a: Tagore
|-damage|p2a: Tagore|35/100
|-damage|p1a: Greninja|33/100|[from] item: Life Orb
|
|upkeep
|turn|23
|
|t:|1760808479
|move|p1a: Greninja|Dark Pulse|p2a: Tagore
|-damage|p2a: Tagore|4/100
|-damage|p1a: Greninja|23/100|[from] item: Life Orb
|move|p2a: Tagore|Wish|p2a: Tagore
|
|upkeep
|turn|24
|
|t:|1760808489
|switch|p2a: Rimbaud|Clodsire, F, tera:Steel|54/100
|move|p1a: Greninja|Dark Pulse|p2a: Rimbaud
|-damage|p2a: Rimbaud|26/100
|-damage|p1a: Greninja|13/100|[from] item: Life Orb
|
|-heal|p2a: Rimbaud|87/100|[from] move: Wish|[wisher] Tagore
|upkeep
|turn|25
|
|t:|1760808499
|move|p1a: Greninja|Dark Pulse|p2a: Rimbaud
|-damage|p2a: Rimbaud|62/100
|-damage|p1a: Greninja|4/100|[from] item: Life Orb
|move|p2a: Rimbaud|Recover|p2a: Rimbaud
|-heal|p2a: Rimbaud|100/100
|
|upkeep
|turn|26
|
|t:|1760808508
|switch|p2a: Tagore|Alomomola, L99, F, shiny|37/100
|move|p1a: Greninja|Taunt|p2a: Tagore
|-start|p2a: Tagore|move: Taunt
|
|upkeep
|turn|27
|
|t:|1760808522
|switch|p2a: Rimbaud|Clodsire, F, tera:Steel|100/100
|move|p1a: Greninja|Dark Pulse|p2a: Rimbaud
|-damage|p2a: Rimbaud|75/100
|-damage|p1a: Greninja|0 fnt|[from] item: Life Orb
|faint|p1a: Greninja
|
|upkeep
|
|t:|1760808526
|switch|p1a: Dragonite|Dragonite, F|100/100
|turn|28
|
|t:|1760808534
|switch|p2a: Whitman|Dondozo, F|100/100
|move|p1a: Dragonite|Earthquake|p2a: Whitman
|-damage|p2a: Whitman|84/100
|
|upkeep
|turn|29
|
|t:|1760808540
|switch|p1a: Deoxys|Deoxys-Speed|94/100 tox
|-ability|p1a: Deoxys|Pressure
|move|p2a: Whitman|Avalanche|p1a: Deoxys
|-damage|p1a: Deoxys|74/100 tox
|
|-damage|p1a: Deoxys|68/100 tox|[from] psn
|upkeep
|turn|30
|
|t:|1760808547
|switch|p2a: Rimbaud|Clodsire, F, tera:Steel|75/100
|move|p1a: Deoxys|Nasty Plot|p1a: Deoxys
|-boost|p1a: Deoxys|spa|2
|
|-damage|p1a: Deoxys|56/100 tox|[from] psn
|upkeep
|turn|31
|
|t:|1760808553
|move|p1a: Deoxys|Thunderbolt|p2a: Rimbaud
|-damage|p2a: Rimbaud|59/100
|move|p2a: Rimbaud|Recover|p2a: Rimbaud
|-heal|p2a: Rimbaud|100/100
|
|-damage|p1a: Deoxys|37/100 tox|[from] psn
|upkeep
|turn|32
|
|t:|1760808555
|move|p1a: Deoxys|Thunderbolt|p2a: Rimbaud
|-damage|p2a: Rimbaud|83/100
|move|p2a: Rimbaud|Amnesia|p2a: Rimbaud
|-boost|p2a: Rimbaud|spd|2
|
|-damage|p1a: Deoxys|12/100 tox|[from] psn
|upkeep
|turn|33
|
|t:|1760808559
|switch|p1a: Dragonite|Dragonite, F|100/100
|move|p2a: Rimbaud|Recover|p2a: Rimbaud
|-heal|p2a: Rimbaud|100/100
|
|upkeep
|turn|34
|
|t:|1760808563
|switch|p2a: Bashō|Gliscor, F|100/100 tox
|-damage|p2a: Bashō|88/100 tox|[from] Stealth Rock
|move|p1a: Dragonite|Earthquake|p2a: Bashō
|-immune|p2a: Bashō
|
|-heal|p2a: Bashō|100/100 tox|[from] ability: Poison Heal
|upkeep
|turn|35
|
|t:|1760808567
|switch|p1a: Deoxys|Deoxys-Speed|12/100 tox
|-ability|p1a: Deoxys|Pressure
|move|p2a: Bashō|Toxic|p1a: Deoxys
|-fail|p1a: Deoxys|tox
|
|-damage|p1a: Deoxys|6/100 tox|[from] psn
|upkeep
|turn|36
|
|t:|1760808571
|move|p2a: Bashō|Protect|p2a: Bashō
|-singleturn|p2a: Bashō|Protect
|move|p1a: Deoxys|Psycho Boost|p2a: Bashō
|-activate|p2a: Bashō|move: Protect
|
|-damage|p1a: Deoxys|0 fnt|[from] psn
|faint|p1a: Deoxys
|upkeep
|
|t:|1760808576
|switch|p1a: Iron Crown|Iron Crown|100/100
|-damage|p1a: Iron Crown|88/100|[from] Spikes
|-enditem|p1a: Iron Crown|Booster Energy
|-activate|p1a: Iron Crown|ability: Quark Drive|[fromitem]
|-start|p1a: Iron Crown|quarkdrivespe
|turn|37
|
|t:|1760808583
|switch|p2a: Tagore|Alomomola, L99, F, shiny|70/100
|move|p1a: Iron Crown|Calm Mind|p1a: Iron Crown
|-boost|p1a: Iron Crown|spa|1
|-boost|p1a: Iron Crown|spd|1
|
|upkeep
|turn|38
|
|t:|1760808589
|-terastallize|p1a: Iron Crown|Fighting
|move|p1a: Iron Crown|Focus Blast|p2a: Tagore
|-damage|p2a: Tagore|10/100
|move|p2a: Tagore|Flip Turn|p1a: Iron Crown
|-damage|p1a: Iron Crown|73/100
|
|t:|1760808597
|switch|p2a: Rimbaud|Clodsire, F, tera:Steel|100/100|[from] Flip Turn
|
|upkeep
|turn|39
|
|t:|1760808602
|move|p1a: Iron Crown|Focus Blast|p2a: Rimbaud
|-supereffective|p2a: Rimbaud
|-damage|p2a: Rimbaud|39/100
|move|p2a: Rimbaud|Toxic|p1a: Iron Crown
|-status|p1a: Iron Crown|tox
|
|-damage|p1a: Iron Crown|67/100 tox|[from] psn
|upkeep
|turn|40
|
|t:|1760808608
|switch|p2a: Bashō|Gliscor, F|100/100 tox
|-damage|p2a: Bashō|88/100 tox|[from] Stealth Rock
|move|p1a: Iron Crown|Tachyon Cutter|p2a: Bashō
|-crit|p2a: Bashō
|-damage|p2a: Bashō|25/100 tox
|-damage|p2a: Bashō|0 fnt
|faint|p2a: Bashō
|-hitcount|p2: Bashō|2
|
|-damage|p1a: Iron Crown|55/100 tox|[from] psn
|upkeep
|
|t:|1760808613
|switch|p2a: Tagore|Alomomola, L99, F, shiny|43/100
|turn|41
|
|t:|1760808617
|move|p2a: Tagore|Protect|p2a: Tagore
|-singleturn|p2a: Tagore|Protect
|move|p1a: Iron Crown|Psyshock|p2a: Tagore
|-activate|p2a: Tagore|move: Protect
|
|-damage|p1a: Iron Crown|36/100 tox|[from] psn
|upkeep
|turn|42
|
|t:|1760808628
|move|p1a: Iron Crown|Psyshock|p2a: Tagore
|-damage|p2a: Tagore|0 fnt
|faint|p2a: Tagore
|
|-damage|p1a: Iron Crown|12/100 tox|[from] psn
|upkeep
|
|t:|1760808630
|switch|p2a: Baudelaire|Corviknight, M, shiny|50/100
|-damage|p2a: Baudelaire|38/100|[from] Stealth Rock
|-ability|p2a: Baudelaire|Pressure
|turn|43
|
|t:|1760808633
|move|p2a: Baudelaire|Protect|p2a: Baudelaire
|-singleturn|p2a: Baudelaire|Protect
|move|p1a: Iron Crown|Focus Blast|p2a: Baudelaire
|-activate|p2a: Baudelaire|move: Protect
|
|-heal|p2a: Baudelaire|44/100|[from] item: Leftovers
|-damage|p1a: Iron Crown|0 fnt|[from] psn
|faint|p1a: Iron Crown
|-end|p1a: Iron Crown|Quark Drive|[silent]
|upkeep
|
|t:|1760808635
|switch|p1a: Glimmora|Glimmora, M|100/100
|-damage|p1a: Glimmora|88/100|[from] Spikes
|turn|44
|
|t:|1760808638
|move|p1a: Glimmora|Power Gem|p2a: Baudelaire
|-damage|p2a: Baudelaire|11/100
|move|p2a: Baudelaire|Roost|p2a: Baudelaire
|-heal|p2a: Baudelaire|61/100
|-singleturn|p2a: Baudelaire|move: Roost
|
|-heal|p2a: Baudelaire|67/100|[from] item: Leftovers
|upkeep
|turn|45
|
|t:|1760808641
|move|p1a: Glimmora|Power Gem|p2a: Baudelaire
|-damage|p2a: Baudelaire|35/100
|move|p2a: Baudelaire|Roost|p2a: Baudelaire
|-heal|p2a: Baudelaire|85/100
|-singleturn|p2a: Baudelaire|move: Roost
|
|-heal|p2a: Baudelaire|91/100|[from] item: Leftovers
|upkeep
|turn|46
|
|t:|1760808644
|move|p2a: Baudelaire|Protect|p2a: Baudelaire
|-singleturn|p2a: Baudelaire|Protect
|move|p1a: Glimmora|Power Gem|p2a: Baudelaire
|-activate|p2a: Baudelaire|move: Protect
|
|-heal|p2a: Baudelaire|97/100|[from] item: Leftovers
|upkeep
|turn|47
|
|t:|1760808648
|move|p1a: Glimmora|Power Gem|p2a: Baudelaire
|-damage|p2a: Baudelaire|60/100
|move|p2a: Baudelaire|Substitute|p2a: Baudelaire
|-start|p2a: Baudelaire|Substitute
|-damage|p2a: Baudelaire|36/100
|
|-heal|p2a: Baudelaire|42/100|[from] item: Leftovers
|upkeep
|turn|48
|
|t:|1760808651
|move|p2a: Baudelaire|Protect|p2a: Baudelaire
|-singleturn|p2a: Baudelaire|Protect
|move|p1a: Glimmora|Power Gem|p2a: Baudelaire
|-activate|p2a: Baudelaire|move: Protect
|
|-heal|p2a: Baudelaire|48/100|[from] item: Leftovers
|upkeep
|turn|49
|
|t:|1760808654
|move|p1a: Glimmora|Power Gem|p2a: Baudelaire
|-end|p2a: Baudelaire|Substitute
|move|p2a: Baudelaire|Roost|p2a: Baudelaire
|-heal|p2a: Baudelaire|98/100
|-singleturn|p2a: Baudelaire|move: Roost
|
|-heal|p2a: Baudelaire|100/100|[from] item: Leftovers
|upkeep
|turn|50
|
|t:|1760808658
|switch|p1a: Dragonite|Dragonite, F|100/100
|move|p2a: Baudelaire|Protect||[still]
|-fail|p2a: Baudelaire
|
|upkeep
|turn|51
|
|t:|1760808661
|move|p1a: Dragonite|Dragon Dance|p1a: Dragonite
|-boost|p1a: Dragonite|atk|1
|-boost|p1a: Dragonite|spe|1
|move|p2a: Baudelaire|Substitute|p2a: Baudelaire
|-start|p2a: Baudelaire|Substitute
|-damage|p2a: Baudelaire|76/100
|
|-heal|p2a: Baudelaire|82/100|[from] item: Leftovers
|upkeep
|turn|52
|
|t:|1760808664
|move|p2a: Baudelaire|Protect|p2a: Baudelaire
|-singleturn|p2a: Baudelaire|Protect
|move|p1a: Dragonite|Dragon Dance|p1a: Dragonite
|-boost|p1a: Dragonite|atk|1
|-boost|p1a: Dragonite|spe|1
|
|-heal|p2a: Baudelaire|88/100|[from] item: Leftovers
|upkeep
|turn|53
|
|t:|1760808668
|move|p1a: Dragonite|Dragon Dance|p1a: Dragonite
|-boost|p1a: Dragonite|atk|1
|-boost|p1a: Dragonite|spe|1
|move|p2a: Baudelaire|Spite|p1a: Dragonite
|-activate|p1a: Dragonite|move: Spite|Dragon Dance|4
|
|-heal|p2a: Baudelaire|94/100|[from] item: Leftovers
|upkeep
|turn|54
|
|t:|1760808677
|switch|p1a: Glimmora|Glimmora, M|88/100
|-damage|p1a: Glimmora|76/100|[from] Spikes
|move|p2a: Baudelaire|Protect||[still]
|-fail|p2a: Baudelaire
|
|-heal|p2a: Baudelaire|99/100|[from] item: Leftovers
|upkeep
|turn|55
|
|t:|1760808681
|switch|p1a: Dragonite|Dragonite, F|100/100
|move|p2a: Baudelaire|Spite||[still]
|-fail|p2a: Baudelaire
|
|-heal|p2a: Baudelaire|100/100|[from] item: Leftovers
|upkeep
|turn|56
|-message|LucyLikePizza forfeited.
|
|win|aslowpoem
|raw|LucyLikePizza's rating: 1625 &rarr; <strong>1613</strong><br />(-12 for losing)
|raw|aslowpoem's rating: 1765 &rarr; <strong>1777</strong><br />(+12 for winning)
|l|☆LucyLikePizza
|player|p1|
|l|☆aslowpoem
|player|p2|
