|j|☆best_fighter_euw
|j|☆clouddsss
|t:|1760866571
|gametype|singles
|player|p1|best_fighter_euw|102|1214
|player|p2|clouddsss|2|1274
|gen|9
|tier|[Gen 9] OU
|rated|
|rule|HP Percentage Mod: HP is shown in percentages
|rule|Endless Battle Clause: Forcing endless battles is banned
|rule|Species Clause: Limit one of each Pokémon
|rule|OHKO Clause: OHKO moves are banned
|rule|Evasion Items Clause: Evasion items are banned
|rule|Evasion Moves Clause: Evasion moves are banned
|rule|Evasion Abilities Clause: Evasion abilities are banned
|rule|Sleep Moves Clause: Sleep-inducing moves are banned
|clearpoke
|poke|p1|Corviknight, F|
|poke|p1|Glimmora, M|
|poke|p1|Rillaboom, M|
|poke|p1|Heatran, M|
|poke|p1|Primarina, M|
|poke|p1|Scizor, M|
|poke|p2|Tauros-Paldea-Blaze, M|
|poke|p2|Vikavolt, F|
|poke|p2|Clefable, F|
|poke|p2|Houndstone, F|
|poke|p2|Hippowdon, F|
|poke|p2|Tentacruel, M|
|teampreview
|inactive|Battle timer is ON: inactive players will automatically lose when time's up. (requested by best_fighter_euw)
|
|t:|1760866577
|teamsize|p1|6
|teamsize|p2|6
|start
|switch|p1a: Rillaboom|Rillaboom, M|100/100
|switch|p2a: Vikavolt|Vikavolt, F|100/100
|-fieldstart|move: Grassy Terrain|[from] ability: Grassy Surge|[of] p1a: Rillaboom
|turn|1
|
|t:|1760866581
|move|p1a: Rillaboom|U-turn|p2a: Vikavolt
|-damage|p2a: Vikavolt|63/100
|
|t:|1760866583
|switch|p1a: Heatran|Heatran, M|100/100|[from] U-turn
|move|p2a: Vikavolt|Bug Buzz|p1a: Heatran
|-resisted|p1a: Heatran
|-damage|p1a: Heatran|95/100
|
|-heal|p1a: Heatran|100/100|[from] Grassy Terrain
|upkeep
|turn|2
|
|t:|1760866596
|switch|p2a: Tentacruel|Tentacruel, M|100/100
|move|p1a: Heatran|Earth Power|p2a: Tentacruel
|-supereffective|p2a: Tentacruel
|-damage|p2a: Tentacruel|49/100
|
|-heal|p2a: Tentacruel|55/100|[from] Grassy Terrain
|upkeep
|turn|3
|
|t:|1760866605
|move|p2a: Tentacruel|Sludge Bomb|p1a: Heatran
|-immune|p1a: Heatran
|move|p1a: Heatran|Earth Power|p2a: Tentacruel
|-supereffective|p2a: Tentacruel
|-damage|p2a: Tentacruel|0 fnt
|faint|p2a: Tentacruel
|
|upkeep
|
|t:|1760866615
|switch|p2a: Tauros|Tauros-Paldea-Blaze, M|100/100
|-ability|p2a: Tauros|Intimidate|boost
|-unboost|p1a: Heatran|atk|1
|turn|4
|
|t:|1760866620
|switch|p2a: Vikavolt|Vikavolt, F|63/100
|switch|p1a: Corviknight|Corviknight, F|100/100
|-ability|p1a: Corviknight|Pressure
|
|upkeep
|turn|5
|
|t:|1760866628
|switch|p1a: Heatran|Heatran, M|100/100
|move|p2a: Vikavolt|Volt Switch|p1a: Heatran
|-damage|p1a: Heatran|82/100
|
|t:|1760866634
|switch|p2a: Tauros|Tauros-Paldea-Blaze, M|100/100|[from] Volt Switch
|-ability|p2a: Tauros|Intimidate|boost
|-unboost|p1a: Heatran|atk|1
|
|-heal|p1a: Heatran|88/100|[from] Grassy Terrain
|-fieldend|move: Grassy Terrain
|upkeep
|turn|6
|
|t:|1760866642
|switch|p1a: Corviknight|Corviknight, F|100/100
|-ability|p1a: Corviknight|Pressure
|move|p2a: Tauros|Close Combat|p1a: Corviknight
|-damage|p1a: Corviknight|66/100
|-unboost|p2a: Tauros|def|1
|-unboost|p2a: Tauros|spd|1
|
|-heal|p1a: Corviknight|72/100|[from] item: Leftovers
|upkeep
|turn|7
|
|t:|1760866655
|switch|p2a: Hippowdon|Hippowdon, F|100/100
|-weather|Sandstorm|[from] ability: Sand Stream|[of] p2a: Hippowdon
|move|p1a: Corviknight|Body Press|p2a: Hippowdon
|-damage|p2a: Hippowdon|83/100
|
|-weather|Sandstorm|[upkeep]
|-heal|p1a: Corviknight|78/100|[from] item: Leftovers
|upkeep
|turn|8
|
|t:|1760866661
|switch|p1a: Rillaboom|Rillaboom, M|100/100
|-fieldstart|move: Grassy Terrain|[from] ability: Grassy Surge|[of] p1a: Rillaboom
|move|p2a: Hippowdon|Stealth Rock|p1a: Rillaboom
|-sidestart|p1: best_fighter_euw|move: Stealth Rock
|
|-weather|Sandstorm|[upkeep]
|-damage|p1a: Rillaboom|94/100|[from] Sandstorm
|-heal|p1a: Rillaboom|100/100|[from] Grassy Terrain
|-heal|p2a: Hippowdon|89/100|[from] Grassy Terrain
|upkeep
|turn|9
|
|t:|1760866665
|switch|p2a: Tauros|Tauros-Paldea-Blaze, M|100/100
|-ability|p2a: Tauros|Intimidate|boost
|-unboost|p1a: Rillaboom|atk|1
|move|p1a: Rillaboom|Wood Hammer|p2a: Tauros
|-resisted|p2a: Tauros
|-damage|p2a: Tauros|60/100
|-damage|p1a: Rillaboom|89/100|[from] Recoil
|
|-weather|Sandstorm|[upkeep]
|-damage|p2a: Tauros|54/100|[from] Sandstorm
|-damage|p1a: Rillaboom|83/100|[from] Sandstorm
|-heal|p2a: Tauros|60/100|[from] Grassy Terrain
|-heal|p1a: Rillaboom|89/100|[from] Grassy Terrain
|upkeep
|turn|10
|
|t:|1760866680
|switch|p2a: Hippowdon|Hippowdon, F|89/100
|switch|p1a: Glimmora|Glimmora, M|100/100
|-damage|p1a: Glimmora|88/100|[from] Stealth Rock
|
|-weather|Sandstorm|[upkeep]
|-heal|p1a: Glimmora|94/100|[from] Grassy Terrain
|-heal|p2a: Hippowdon|95/100|[from] Grassy Terrain
|upkeep
|turn|11
|
|t:|1760866687
|switch|p2a: Clefable|Clefable, F|100/100
|move|p1a: Glimmora|Mortal Spin|p2a: Clefable
|-supereffective|p2a: Clefable
|-damage|p2a: Clefable|85/100
|-status|p2a: Clefable|psn
|-sideend|p1: best_fighter_euw|Stealth Rock|[from] move: Mortal Spin|[of] p1a: Glimmora
|
|-weather|none
|-heal|p1a: Glimmora|100/100|[from] Grassy Terrain
|-heal|p2a: Clefable|91/100 psn|[from] Grassy Terrain
|-heal|p2a: Clefable|97/100 psn|[from] item: Leftovers
|-damage|p2a: Clefable|85/100 psn|[from] psn
|upkeep
|turn|12
|
|t:|1760866691
|move|p1a: Glimmora|Sludge Wave|p2a: Clefable
|-supereffective|p2a: Clefable
|-damage|p2a: Clefable|0 fnt
|faint|p2a: Clefable
|
|-fieldend|move: Grassy Terrain
|upkeep
|
|t:|1760866695
|switch|p2a: Hippowdon|Hippowdon, F|95/100
|-weather|Sandstorm|[from] ability: Sand Stream|[of] p2a: Hippowdon
|turn|13
|
|t:|1760866698
|move|p1a: Glimmora|Stealth Rock|p2a: Hippowdon
|-sidestart|p2: clouddsss|move: Stealth Rock
|move|p2a: Hippowdon|Ice Fang|p1a: Glimmora
|-damage|p1a: Glimmora|74/100
|-activate|p1a: Glimmora|ability: Toxic Debris
|-sidestart|p2: clouddsss|move: Toxic Spikes
|
|-weather|Sandstorm|[upkeep]
|upkeep
|turn|14
|
|t:|1760866702
|move|p1a: Glimmora|Earth Power|p2a: Hippowdon
|-damage|p2a: Hippowdon|64/100
|move|p2a: Hippowdon|Earthquake|p1a: Glimmora
|-supereffective|p1a: Glimmora
|-damage|p1a: Glimmora|0 fnt
|-activate|p1a: Glimmora|ability: Toxic Debris
|-sidestart|p2: clouddsss|move: Toxic Spikes
|faint|p1a: Glimmora
|
|-weather|Sandstorm|[upkeep]
|upkeep
|
|t:|1760866719
|switch|p1a: Primarina|Primarina, M|100/100
|turn|15
|
|t:|1760866722
|switch|p2a: Vikavolt|Vikavolt, F|63/100
|-damage|p2a: Vikavolt|38/100|[from] Stealth Rock
|-enditem|p2a: Vikavolt|Sitrus Berry|[eat]
|-heal|p2a: Vikavolt|63/100|[from] item: Sitrus Berry
|move|p1a: Primarina|Sparkling Aria|p2a: Vikavolt
|-damage|p2a: Vikavolt|12/100
|
|-weather|Sandstorm|[upkeep]
|-damage|p1a: Primarina|94/100|[from] Sandstorm
|-damage|p2a: Vikavolt|6/100|[from] Sandstorm
|upkeep
|turn|16
|
|t:|1760866734
|move|p1a: Primarina|Sparkling Aria|p2a: Vikavolt
|-damage|p2a: Vikavolt|0 fnt
|faint|p2a: Vikavolt
|
|-weather|Sandstorm|[upkeep]
|-damage|p1a: Primarina|88/100|[from] Sandstorm
|upkeep
|
|t:|1760866736
|switch|p2a: Houndstone|Houndstone, F|100/100
|-damage|p2a: Houndstone|88/100|[from] Stealth Rock
|-status|p2a: Houndstone|tox
|turn|17
|
|t:|1760866746
|switch|p1a: Heatran|Heatran, M|88/100
|-terastallize|p2a: Houndstone|Ghost
|move|p2a: Houndstone|Poltergeist|p1a: Heatran
|-activate|p1a: Heatran|move: Poltergeist|Assault Vest
|-damage|p1a: Heatran|7/100
|-damage|p2a: Houndstone|78/100 tox|[from] item: Life Orb
|
|-weather|none
|-damage|p2a: Houndstone|72/100 tox|[from] psn
|upkeep
|turn|18
|
|t:|1760866759
|move|p2a: Houndstone|Shadow Sneak|p1a: Heatran
|-damage|p1a: Heatran|0 fnt
|faint|p1a: Heatran
|-damage|p2a: Houndstone|63/100 tox|[from] item: Life Orb
|
|-damage|p2a: Houndstone|51/100 tox|[from] psn
|upkeep
|
|t:|1760866763
|switch|p1a: Rillaboom|Rillaboom, M|89/100
|-fieldstart|move: Grassy Terrain|[from] ability: Grassy Surge|[of] p1a: Rillaboom
|turn|19
|
|t:|1760866768
|switch|p2a: Tauros|Tauros-Paldea-Blaze, M|60/100
|-damage|p2a: Tauros|48/100|[from] Stealth Rock
|-status|p2a: Tauros|tox
|-ability|p2a: Tauros|Intimidate|boost
|-unboost|p1a: Rillaboom|atk|1
|move|p1a: Rillaboom|Wood Hammer|p2a: Tauros
|-resisted|p2a: Tauros
|-damage|p2a: Tauros|2/100 tox
|-damage|p1a: Rillaboom|76/100|[from] Recoil
|
|-heal|p2a: Tauros|8/100 tox|[from] Grassy Terrain
|-heal|p1a: Rillaboom|82/100|[from] Grassy Terrain
|-damage|p2a: Tauros|2/100 tox|[from] psn
|upkeep
|turn|20
|
|t:|1760866774
|switch|p1a: Corviknight|Corviknight, F|78/100
|-ability|p1a: Corviknight|Pressure
|move|p2a: Tauros|Raging Bull|p1a: Corviknight
|-supereffective|p1a: Corviknight
|-damage|p1a: Corviknight|26/100
|
|-heal|p2a: Tauros|8/100 tox|[from] Grassy Terrain
|-heal|p1a: Corviknight|32/100|[from] item: Leftovers
|-damage|p2a: Tauros|0 fnt|[from] psn
|faint|p2a: Tauros
|upkeep
|
|t:|1760866777
|switch|p2a: Hippowdon|Hippowdon, F|64/100
|-damage|p2a: Hippowdon|58/100|[from] Stealth Rock
|-status|p2a: Hippowdon|tox
|-enditem|p2a: Hippowdon|Lum Berry|[eat]
|-curestatus|p2a: Hippowdon|tox|[msg]
|-weather|Sandstorm|[from] ability: Sand Stream|[of] p2a: Hippowdon
|turn|21
|
|t:|1760866781
|move|p1a: Corviknight|Body Press|p2a: Hippowdon
|-damage|p2a: Hippowdon|41/100
|move|p2a: Hippowdon|Stone Edge|p1a: Corviknight
|-damage|p1a: Corviknight|11/100
|
|-weather|Sandstorm|[upkeep]
|-heal|p1a: Corviknight|17/100|[from] item: Leftovers
|-heal|p2a: Hippowdon|47/100|[from] Grassy Terrain
|upkeep
|turn|22
|
|t:|1760866784
|move|p1a: Corviknight|Body Press|p2a: Hippowdon
|-damage|p2a: Hippowdon|29/100
|move|p2a: Hippowdon|Earthquake|p1a: Corviknight
|-immune|p1a: Corviknight
|
|-weather|Sandstorm|[upkeep]
|-heal|p1a: Corviknight|23/100|[from] item: Leftovers
|-heal|p2a: Hippowdon|35/100|[from] Grassy Terrain
|upkeep
|turn|23
|
|t:|1760866787
|move|p1a: Corviknight|Body Press|p2a: Hippowdon
|-damage|p2a: Hippowdon|16/100
|move|p2a: Hippowdon|Stone Edge|p1a: Corviknight
|-damage|p1a: Corviknight|3/100
|
|-weather|Sandstorm|[upkeep]
|-heal|p1a: Corviknight|10/100|[from] item: Leftovers
|-heal|p2a: Hippowdon|22/100|[from] Grassy Terrain
|-fieldend|move: Grassy Terrain
|upkeep
|turn|24
|
|t:|1760866794
|move|p1a: Corviknight|Roost|p1a: Corviknight
|-heal|p1a: Corviknight|60/100
|-singleturn|p1a: Corviknight|move: Roost
|move|p2a: Hippowdon|Stone Edge|p1a: Corviknight|[miss]
|-miss|p2a: Hippowdon|p1a: Corviknight
|
|-weather|Sandstorm|[upkeep]
|-heal|p1a: Corviknight|66/100|[from] item: Leftovers
|upkeep
|turn|25
|
|t:|1760866798
|move|p1a: Corviknight|Body Press|p2a: Hippowdon
|-crit|p2a: Hippowdon
|-damage|p2a: Hippowdon|0 fnt
|faint|p2a: Hippowdon
|
|-weather|none
|-heal|p1a: Corviknight|72/100|[from] item: Leftovers
|upkeep
|
|t:|1760866801
|switch|p2a: Houndstone|Houndstone, F, tera:Ghost|51/100 tox
|-damage|p2a: Houndstone|38/100 tox|[from] Stealth Rock
|turn|26
|
|t:|1760866805
|move|p2a: Houndstone|Will-O-Wisp|p1a: Corviknight
|-status|p1a: Corviknight|brn
|move|p1a: Corviknight|Iron Defense|p1a: Corviknight
|-boost|p1a: Corviknight|def|2
|
|-heal|p1a: Corviknight|78/100 brn|[from] item: Leftovers
|-damage|p2a: Houndstone|32/100 tox|[from] psn
|-damage|p1a: Corviknight|72/100 brn|[from] brn
|upkeep
|turn|27
|
|t:|1760866808
|move|p2a: Houndstone|Poltergeist|p1a: Corviknight
|-activate|p1a: Corviknight|move: Poltergeist|Leftovers
|-damage|p1a: Corviknight|45/100 brn
|-damage|p2a: Houndstone|23/100 tox|[from] item: Life Orb
|move|p1a: Corviknight|Iron Defense|p1a: Corviknight
|-boost|p1a: Corviknight|def|2
|
|-heal|p1a: Corviknight|52/100 brn|[from] item: Leftovers
|-damage|p2a: Houndstone|11/100 tox|[from] psn
|-damage|p1a: Corviknight|45/100 brn|[from] brn
|upkeep
|turn|28
|
|t:|1760866813
|move|p2a: Houndstone|Poltergeist|p1a: Corviknight
|-activate|p1a: Corviknight|move: Poltergeist|Leftovers
|-damage|p1a: Corviknight|27/100 brn
|-damage|p2a: Houndstone|1/100 tox|[from] item: Life Orb
|move|p1a: Corviknight|Roost|p1a: Corviknight
|-heal|p1a: Corviknight|77/100 brn
|-singleturn|p1a: Corviknight|move: Roost
|
|-heal|p1a: Corviknight|83/100 brn|[from] item: Leftovers
|-damage|p2a: Houndstone|0 fnt|[from] psn
|faint|p2a: Houndstone
|
|win|best_fighter_euw
|raw|best_fighter_euw's rating: 1214 &rarr; <strong>1243</strong><br />(+29 for winning)
|raw|clouddsss's rating: 1274 &rarr; <strong>1245</strong><br />(-29 for losing)
|l|☆best_fighter_euw
|player|p1|
|l|☆clouddsss
|player|p2|
