|j|‽deusyancha
|j|☆Himbus
|t:|1760732753
|gametype|singles
|player|p1|deusyancha|102|1381
|player|p2|Himbus|benga|1393
|gen|9
|tier|[Gen 9] OU
|rated|
|rule|HP Percentage Mod: HP is shown in percentages
|rule|Endless Battle Clause: Forcing endless battles is banned
|rule|Species Clause: Limit one of each Pokémon
|rule|OHKO Clause: OHKO moves are banned
|rule|Evasion Items Clause: Evasion items are banned
|rule|Evasion Moves Clause: Evasion moves are banned
|rule|Evasion Abilities Clause: Evasion abilities are banned
|rule|Sleep Moves Clause: Sleep-inducing moves are banned
|clearpoke
|poke|p1|Dragapult, F|
|poke|p1|Dragonite, F|
|poke|p1|Ting-Lu|
|poke|p1|Weezing-Galar, F|
|poke|p1|Iron Crown|
|poke|p1|Zapdos|
|poke|p2|Slowbro, M|
|poke|p2|Ursaluna, M|
|poke|p2|Enamorus-Therian, F|
|poke|p2|Crawdaunt, M|
|poke|p2|Goodra-Hisui, M|
|poke|p2|Cresselia, F|
|teampreview
|inactive|Battle timer is ON: inactive players will automatically lose when time's up. (requested by Himbus)
|
|t:|1760732767
|teamsize|p1|6
|teamsize|p2|6
|start
|switch|p1a: Iron Crown|Iron Crown|100/100
|switch|p2a: Uh..|Slowbro, M, shiny|100/100
|turn|1
|
|t:|1760732772
|move|p1a: Iron Crown|Volt Switch|p2a: Uh..
|-supereffective|p2a: Uh..
|-damage|p2a: Uh..|48/100
|
|t:|1760732778
|-end|p1a: Iron Crown|Quark Drive|[silent]
|switch|p1a: Zapdos|Zapdos|100/100|[from] Volt Switch
|move|p2a: Uh..|Scald|p1a: Zapdos
|-damage|p1a: Zapdos|72/100
|
|upkeep
|turn|2
|
|t:|1760732781
|switch|p2a: Freddy 5 Bear!|Ursaluna, M, shiny|100/100
|move|p1a: Zapdos|Volt Switch|p2a: Freddy 5 Bear!
|-immune|p2a: Freddy 5 Bear!
|
|-status|p2a: Freddy 5 Bear!|brn|[from] item: Flame Orb
|upkeep
|turn|3
|
|t:|1760732795
|switch|p1a: Weezing|Weezing-Galar, F|100/100
|-ability|p1a: Weezing|Neutralizing Gas
|move|p2a: Freddy 5 Bear!|Crunch|p1a: Weezing
|-resisted|p1a: Weezing
|-damage|p1a: Weezing|95/100
|
|-damage|p2a: Freddy 5 Bear!|94/100 brn|[from] brn
|upkeep
|turn|4
|
|t:|1760732802
|move|p1a: Weezing|Toxic Spikes|p2a: Freddy 5 Bear!
|-sidestart|p2: Himbus|move: Toxic Spikes
|move|p2a: Freddy 5 Bear!|Headlong Rush|p1a: Weezing
|-supereffective|p1a: Weezing
|-crit|p1a: Weezing
|-damage|p1a: Weezing|30/100
|-unboost|p2a: Freddy 5 Bear!|def|1
|-unboost|p2a: Freddy 5 Bear!|spd|1
|
|-damage|p2a: Freddy 5 Bear!|88/100 brn|[from] brn
|upkeep
|turn|5
|
|t:|1760732811
|move|p1a: Weezing|Pain Split|p2a: Freddy 5 Bear!
|-sethp|p2a: Freddy 5 Bear!|55/100 brn|[from] move: Pain Split|[silent]
|-sethp|p1a: Weezing|76/100|[from] move: Pain Split
|move|p2a: Freddy 5 Bear!|Facade|p1a: Weezing
|-damage|p1a: Weezing|16/100
|
|-damage|p2a: Freddy 5 Bear!|49/100 brn|[from] brn
|upkeep
|turn|6
|
|t:|1760732826
|-terastallize|p2a: Freddy 5 Bear!|Stellar
|move|p1a: Weezing|Pain Split|p2a: Freddy 5 Bear!
|-sethp|p2a: Freddy 5 Bear!|30/100 brn|[from] move: Pain Split|[silent]
|-sethp|p1a: Weezing|42/100|[from] move: Pain Split
|move|p2a: Freddy 5 Bear!|Headlong Rush|p1a: Weezing
|-supereffective|p1a: Weezing
|-damage|p1a: Weezing|0 fnt
|-unboost|p2a: Freddy 5 Bear!|def|1
|-unboost|p2a: Freddy 5 Bear!|spd|1
|faint|p1a: Weezing
|-end|p1a: Weezing|ability: Neutralizing Gas
|
|-damage|p2a: Freddy 5 Bear!|24/100 brn|[from] brn
|upkeep
|
|t:|1760732837
|switch|p1a: Dragapult|Dragapult, F|100/100
|turn|7
|
|t:|1760732840
|switch|p2a: Ugly :/|Enamorus-Therian, F|100/100
|move|p1a: Dragapult|U-turn|p2a: Ugly :/
|-resisted|p2a: Ugly :/
|-damage|p2a: Ugly :/|96/100
|
|t:|1760732846
|switch|p1a: Iron Crown|Iron Crown|100/100|[from] U-turn
|
|upkeep
|turn|8
|
|t:|1760732853
|switch|p2a: Goondra🧴|Goodra-Hisui, M|100/100
|move|p1a: Iron Crown|Tachyon Cutter|p2a: Goondra🧴
|-resisted|p2a: Goondra🧴
|-damage|p2a: Goondra🧴|88/100
|-resisted|p2a: Goondra🧴
|-damage|p2a: Goondra🧴|76/100
|-hitcount|p2a: Goondra🧴|2
|
|upkeep
|turn|9
|
|t:|1760732860
|-end|p1a: Iron Crown|Quark Drive|[silent]
|switch|p1a: Ting-Lu|Ting-Lu|100/100
|-ability|p1a: Ting-Lu|Vessel of Ruin
|move|p2a: Goondra🧴|Draco Meteor|p1a: Ting-Lu
|-damage|p1a: Ting-Lu|58/100
|-unboost|p2a: Goondra🧴|spa|2
|
|-heal|p1a: Ting-Lu|64/100|[from] item: Leftovers
|upkeep
|turn|10
|
|t:|1760732866
|switch|p2a: Livin Like Larry🦞|Crawdaunt, M|100/100
|move|p1a: Ting-Lu|Stealth Rock|p2a: Livin Like Larry🦞
|-sidestart|p2: Himbus|move: Stealth Rock
|
|-heal|p1a: Ting-Lu|71/100|[from] item: Leftovers
|upkeep
|turn|11
|
|t:|1760732872
|switch|p1a: Zapdos|Zapdos|72/100
|move|p2a: Livin Like Larry🦞|Crabhammer|p1a: Zapdos
|-damage|p1a: Zapdos|0 fnt
|-status|p2a: Livin Like Larry🦞|par|[from] ability: Static|[of] p1a: Zapdos
|faint|p1a: Zapdos
|
|upkeep
|
|t:|1760732876
|switch|p1a: Iron Crown|Iron Crown|100/100
|turn|12
|
|t:|1760732879
|switch|p2a: Sailor moon.+*•|Cresselia, F, shiny|100/100
|-damage|p2a: Sailor moon.+*•|88/100|[from] Stealth Rock
|move|p1a: Iron Crown|Volt Switch|p2a: Sailor moon.+*•
|-damage|p2a: Sailor moon.+*•|67/100
|
|t:|1760732895
|-end|p1a: Iron Crown|Quark Drive|[silent]
|switch|p1a: Dragonite|Dragonite, F|100/100|[from] Volt Switch
|
|-heal|p2a: Sailor moon.+*•|73/100|[from] item: Leftovers
|upkeep
|turn|13
|
|t:|1760732900
|move|p1a: Dragonite|Dragon Dance|p1a: Dragonite
|-boost|p1a: Dragonite|atk|1
|-boost|p1a: Dragonite|spe|1
|move|p2a: Sailor moon.+*•|Future Sight|p1a: Dragonite
|-start|p2a: Sailor moon.+*•|move: Future Sight
|
|-heal|p2a: Sailor moon.+*•|79/100|[from] item: Leftovers
|upkeep
|turn|14
|
|t:|1760732906
|move|p1a: Dragonite|Dragon Dance|p1a: Dragonite
|-boost|p1a: Dragonite|atk|1
|-boost|p1a: Dragonite|spe|1
|move|p2a: Sailor moon.+*•|Trick Room|p2a: Sailor moon.+*•
|-fieldstart|move: Trick Room|[of] p2a: Sailor moon.+*•
|
|-heal|p2a: Sailor moon.+*•|85/100|[from] item: Leftovers
|upkeep
|turn|15
|
|t:|1760732910
|-terastallize|p1a: Dragonite|Normal
|move|p1a: Dragonite|Extreme Speed|p2a: Sailor moon.+*•
|-damage|p2a: Sailor moon.+*•|29/100
|move|p2a: Sailor moon.+*•|Lunar Dance|p2a: Sailor moon.+*•
|faint|p2a: Sailor moon.+*•
|
|-end|p1a: Dragonite|move: Future Sight
|-damage|p1a: Dragonite|84/100
|upkeep
|
|t:|1760732918
|switch|p2a: Freddy 5 Bear!|Ursaluna, M, shiny, tera:Stellar|24/100 brn
|-heal|p2a: Freddy 5 Bear!|100/100|[from] move: Lunar Dance
|-status|p2a: Freddy 5 Bear!|psn
|-damage|p2a: Freddy 5 Bear!|94/100 psn|[from] Stealth Rock
|turn|16
|
|t:|1760732925
|move|p1a: Dragonite|Extreme Speed|p2a: Freddy 5 Bear!
|-damage|p2a: Freddy 5 Bear!|23/100 psn
|move|p2a: Freddy 5 Bear!|Facade|p1a: Dragonite
|-damage|p1a: Dragonite|0 fnt
|faint|p1a: Dragonite
|
|-damage|p2a: Freddy 5 Bear!|11/100 psn|[from] psn
|upkeep
|
|t:|1760732937
|switch|p1a: Dragapult|Dragapult, F|100/100
|turn|17
|
|t:|1760732947
|move|p2a: Freddy 5 Bear!|Headlong Rush|p1a: Dragapult
|-damage|p1a: Dragapult|0 fnt
|-unboost|p2a: Freddy 5 Bear!|def|1
|-unboost|p2a: Freddy 5 Bear!|spd|1
|-start|p2a: Freddy 5 Bear!|Disable|Headlong Rush|[from] ability: Cursed Body|[of] p1a: Dragapult
|faint|p1a: Dragapult
|
|-damage|p2a: Freddy 5 Bear!|0 fnt|[from] psn
|faint|p2a: Freddy 5 Bear!
|upkeep
|
|t:|1760732951
|switch|p2a: Livin Like Larry🦞|Crawdaunt, M|100/100 par
|switch|p1a: Ting-Lu|Ting-Lu|71/100
|-ability|p1a: Ting-Lu|Vessel of Ruin
|turn|18
|
|t:|1760732955
|move|p2a: Livin Like Larry🦞|Crabhammer|p1a: Ting-Lu
|-supereffective|p1a: Ting-Lu
|-crit|p1a: Ting-Lu
|-damage|p1a: Ting-Lu|0 fnt
|faint|p1a: Ting-Lu
|
|-fieldend|move: Trick Room
|upkeep
|
|t:|1760732958
|switch|p1a: Iron Crown|Iron Crown|100/100
|turn|19
|
|t:|1760732961
|move|p1a: Iron Crown|Tachyon Cutter|p2a: Livin Like Larry🦞
|-resisted|p2a: Livin Like Larry🦞
|-damage|p2a: Livin Like Larry🦞|71/100 par
|-resisted|p2a: Livin Like Larry🦞
|-damage|p2a: Livin Like Larry🦞|43/100 par
|-hitcount|p2a: Livin Like Larry🦞|2
|cant|p2a: Livin Like Larry🦞|par
|
|upkeep
|turn|20
|
|t:|1760732968
|move|p1a: Iron Crown|Tachyon Cutter|p2a: Livin Like Larry🦞
|-resisted|p2a: Livin Like Larry🦞
|-damage|p2a: Livin Like Larry🦞|12/100 par
|-resisted|p2a: Livin Like Larry🦞
|-damage|p2a: Livin Like Larry🦞|0 fnt
|faint|p2a: Livin Like Larry🦞
|-hitcount|p2: Livin Like Larry🦞|2
|
|upkeep
|
|t:|1760732971
|switch|p2a: Uh..|Slowbro, M, shiny|81/100
|turn|21
|
|t:|1760732976
|move|p1a: Iron Crown|Tachyon Cutter|p2a: Uh..
|-resisted|p2a: Uh..
|-damage|p2a: Uh..|66/100
|-resisted|p2a: Uh..
|-damage|p2a: Uh..|51/100
|-hitcount|p2a: Uh..|2
|move|p2a: Uh..|Scald|p1a: Iron Crown
|-damage|p1a: Iron Crown|74/100
|
|upkeep
|turn|22
|
|t:|1760732980
|move|p1a: Iron Crown|Tachyon Cutter|p2a: Uh..
|-resisted|p2a: Uh..
|-damage|p2a: Uh..|35/100
|-resisted|p2a: Uh..
|-damage|p2a: Uh..|20/100
|-hitcount|p2a: Uh..|2
|move|p2a: Uh..|Scald|p1a: Iron Crown
|-damage|p1a: Iron Crown|49/100
|-status|p1a: Iron Crown|brn
|
|-damage|p1a: Iron Crown|43/100 brn|[from] brn
|upkeep
|turn|23
|
|t:|1760732984
|switch|p2a: Goondra🧴|Goodra-Hisui, M|76/100
|-damage|p2a: Goondra🧴|70/100|[from] Stealth Rock
|move|p1a: Iron Crown|Tachyon Cutter|p2a: Goondra🧴
|-resisted|p2a: Goondra🧴
|-damage|p2a: Goondra🧴|58/100
|-resisted|p2a: Goondra🧴
|-damage|p2a: Goondra🧴|47/100
|-hitcount|p2a: Goondra🧴|2
|
|-damage|p1a: Iron Crown|36/100 brn|[from] brn
|upkeep
|turn|24
|
|t:|1760732989
|move|p1a: Iron Crown|Tachyon Cutter|p2a: Goondra🧴
|-resisted|p2a: Goondra🧴
|-damage|p2a: Goondra🧴|34/100
|-resisted|p2a: Goondra🧴
|-damage|p2a: Goondra🧴|21/100
|-hitcount|p2a: Goondra🧴|2
|move|p2a: Goondra🧴|Thunderbolt|p1a: Iron Crown
|-damage|p1a: Iron Crown|0 fnt
|faint|p1a: Iron Crown
|-end|p1a: Iron Crown|Quark Drive|[silent]
|
|win|Himbus
|raw|deusyancha's rating: 1381 &rarr; <strong>1362</strong><br />(-19 for losing)
|raw|Himbus's rating: 1393 &rarr; <strong>1412</strong><br />(+19 for winning)
|l|☆Himbus
|player|p2|
|l|‽deusyancha
|player|p1|
