|j|☆Denison123
|j|☆ryaniscracked
|t:|1760741772
|gametype|singles
|player|p1|Denison123|red|1327
|player|p2|ryaniscracked|blackbelt-gen4dp|1329
|gen|9
|tier|[Gen 9] OU
|rated|
|rule|HP Percentage Mod: HP is shown in percentages
|rule|Endless Battle Clause: Forcing endless battles is banned
|rule|Species Clause: Limit one of each Pokémon
|rule|OHKO Clause: OHKO moves are banned
|rule|Evasion Items Clause: Evasion items are banned
|rule|Evasion Moves Clause: Evasion moves are banned
|rule|Evasion Abilities Clause: Evasion abilities are banned
|rule|Sleep Moves Clause: Sleep-inducing moves are banned
|clearpoke
|poke|p1|Ting-Lu|
|poke|p1|Walking Wake|
|poke|p1|Hatterene, F|
|poke|p1|Dragonite, M|
|poke|p1|Weezing-Galar, F|
|poke|p1|Hitmonlee, M|
|poke|p2|Darkrai|
|poke|p2|Cinderace, M|
|poke|p2|Landorus-Therian, M|
|poke|p2|Alomomola, F|
|poke|p2|Scizor, M|
|poke|p2|Slowking-Galar, F|
|teampreview
|inactive|Battle timer is ON: inactive players will automatically lose when time's up. (requested by ryaniscracked)
|
|t:|1760741785
|teamsize|p1|6
|teamsize|p2|6
|start
|switch|p1a: Walking Wake|Walking Wake|100/100
|switch|p2a: Landorus|Landorus-Therian, M|100/100
|-ability|p2a: Landorus|Intimidate|boost
|-unboost|p1a: Walking Wake|atk|1
|turn|1
|
|t:|1760741799
|move|p2a: Landorus|U-turn|p1a: Walking Wake
|-damage|p1a: Walking Wake|70/100
|
|t:|1760741802
|switch|p2a: Alomomola|Alomomola, F|100/100|[from] U-turn
|move|p1a: Walking Wake|Draco Meteor|p2a: Alomomola
|-damage|p2a: Alomomola|46/100
|-unboost|p1a: Walking Wake|spa|2
|
|upkeep
|turn|2
|
|t:|1760741823
|-end|p1a: Walking Wake|Protosynthesis|[silent]
|switch|p1a: Ting-Lu|Ting-Lu, shiny|100/100
|-ability|p1a: Ting-Lu|Vessel of Ruin
|move|p2a: Alomomola|Mirror Coat||[still]
|-fail|p2a: Alomomola
|
|upkeep
|turn|3
|
|t:|1760741831
|move|p1a: Ting-Lu|Earthquake|p2a: Alomomola
|-damage|p2a: Alomomola|20/100
|move|p2a: Alomomola|Flip Turn|p1a: Ting-Lu
|-supereffective|p1a: Ting-Lu
|-damage|p1a: Ting-Lu|84/100
|
|t:|1760741840
|switch|p2a: Slowking|Slowking-Galar, F|100/100|[from] Flip Turn
|
|-heal|p1a: Ting-Lu|90/100|[from] item: Leftovers
|upkeep
|turn|4
|
|t:|1760741847
|move|p1a: Ting-Lu|Stealth Rock|p2a: Slowking
|-sidestart|p2: ryaniscracked|move: Stealth Rock
|move|p2a: Slowking|Sludge Bomb|p1a: Ting-Lu
|-resisted|p1a: Ting-Lu
|-damage|p1a: Ting-Lu|83/100
|
|-heal|p1a: Ting-Lu|89/100|[from] item: Leftovers
|upkeep
|turn|5
|
|t:|1760741856
|move|p1a: Ting-Lu|Spikes|p2a: Slowking
|-sidestart|p2: ryaniscracked|Spikes
|-prepare|p2a: Slowking|Chilly Reception|[premajor]
|move|p2a: Slowking|Chilly Reception|p2a: Slowking
|-weather|Snowscape
|
|t:|1760741859
|switch|p2a: Scizor|Scizor, M|100/100|[from] Chilly Reception
|-damage|p2a: Scizor|88/100|[from] Stealth Rock
|-damage|p2a: Scizor|76/100|[from] Spikes
|
|-weather|Snowscape|[upkeep]
|-heal|p1a: Ting-Lu|95/100|[from] item: Leftovers
|upkeep
|turn|6
|
|t:|1760741883
|switch|p1a: Weezing|Weezing-Galar, F|100/100
|-ability|p1a: Weezing|Neutralizing Gas
|move|p2a: Scizor|U-turn|p1a: Weezing
|-resisted|p1a: Weezing
|-damage|p1a: Weezing|91/100
|
|t:|1760741891
|switch|p2a: Landorus|Landorus-Therian, M|100/100|[from] U-turn
|-damage|p2a: Landorus|88/100|[from] Stealth Rock
|
|-weather|Snowscape|[upkeep]
|-heal|p1a: Weezing|97/100|[from] item: Leftovers
|upkeep
|turn|7
|
|t:|1760741907
|-end|p1a: Weezing|ability: Neutralizing Gas
|-ability|p2a: Landorus|Intimidate|boost
|-unboost|p1a: Weezing|atk|1
|switch|p1a: Dragonite|Dragonite, M|100/100
|move|p2a: Landorus|Earthquake|p1a: Dragonite
|-immune|p1a: Dragonite
|
|-weather|Snowscape|[upkeep]
|upkeep
|turn|8
|
|t:|1760741919
|switch|p2a: Slowking|Slowking-Galar, F|100/100
|move|p1a: Dragonite|Dragon Dance|p1a: Dragonite
|-boost|p1a: Dragonite|atk|1
|-boost|p1a: Dragonite|spe|1
|
|-weather|Snowscape|[upkeep]
|upkeep
|turn|9
|
|t:|1760741931
|move|p1a: Dragonite|Dragon Dance|p1a: Dragonite
|-boost|p1a: Dragonite|atk|1
|-boost|p1a: Dragonite|spe|1
|move|p2a: Slowking|Ice Beam|p1a: Dragonite
|-supereffective|p1a: Dragonite
|-damage|p1a: Dragonite|52/100
|-status|p1a: Dragonite|frz
|
|-weather|none
|upkeep
|turn|10
|
|t:|1760741943
|cant|p1a: Dragonite|frz
|move|p2a: Slowking|Ice Beam|p1a: Dragonite
|-supereffective|p1a: Dragonite
|-damage|p1a: Dragonite|0 fnt
|faint|p1a: Dragonite
|
|upkeep
|
|t:|1760741953
|switch|p1a: Hatterene|Hatterene, F, shiny|100/100
|turn|11
|
|t:|1760741960
|move|p1a: Hatterene|Future Sight|p2a: Slowking
|-start|p1a: Hatterene|move: Future Sight
|move|p2a: Slowking|Sludge Bomb|p1a: Hatterene
|-supereffective|p1a: Hatterene
|-damage|p1a: Hatterene|65/100
|-status|p1a: Hatterene|psn
|
|-damage|p1a: Hatterene|52/100 psn|[from] psn
|upkeep
|turn|12
|
|t:|1760741970
|move|p1a: Hatterene|Nuzzle|p2a: Slowking
|-damage|p2a: Slowking|97/100
|-status|p2a: Slowking|par
|-prepare|p2a: Slowking|Chilly Reception|[premajor]
|move|p2a: Slowking|Chilly Reception|p2a: Slowking
|-weather|Snowscape
|
|t:|1760741972
|switch|p2a: Cinderace|Cinderace, M|100/100|[from] Chilly Reception
|
|-weather|Snowscape|[upkeep]
|-damage|p1a: Hatterene|40/100 psn|[from] psn
|upkeep
|turn|13
|
|t:|1760741983
|move|p2a: Cinderace|U-turn|p1a: Hatterene
|-damage|p1a: Hatterene|14/100 psn
|
|t:|1760741985
|switch|p2a: Darkrai|Darkrai|100/100|[from] U-turn
|-damage|p2a: Darkrai|88/100|[from] Stealth Rock
|-damage|p2a: Darkrai|76/100|[from] Spikes
|move|p1a: Hatterene|Nuzzle|p2a: Darkrai
|-damage|p2a: Darkrai|70/100
|-status|p2a: Darkrai|par
|
|-weather|Snowscape|[upkeep]
|-end|p2a: Darkrai|move: Future Sight
|-immune|p2a: Darkrai
|-damage|p1a: Hatterene|2/100 psn|[from] psn
|upkeep
|turn|14
|
|t:|1760741999
|switch|p2a: Alomomola|Alomomola, F|53/100
|-damage|p2a: Alomomola|41/100|[from] Stealth Rock
|-damage|p2a: Alomomola|28/100|[from] Spikes
|move|p1a: Hatterene|Dazzling Gleam|p2a: Alomomola
|-damage|p2a: Alomomola|7/100
|
|-weather|Snowscape|[upkeep]
|-damage|p1a: Hatterene|0 fnt|[from] psn
|faint|p1a: Hatterene
|upkeep
|inactive|Denison123 has 120 seconds left.
|
|t:|1760742035
|switch|p1a: Hitmonlee|Hitmonlee, M|100/100
|turn|15
|
|t:|1760742042
|switch|p2a: Slowking|Slowking-Galar, F|100/100 par
|move|p1a: Hitmonlee|Knock Off|p2a: Slowking
|-supereffective|p2a: Slowking
|-damage|p2a: Slowking|46/100 par
|-enditem|p2a: Slowking|Heavy-Duty Boots|[from] move: Knock Off|[of] p1a: Hitmonlee
|
|-weather|Snowscape|[upkeep]
|upkeep
|turn|16
|inactive|Denison123 has 120 seconds left.
|
|t:|1760742065
|move|p1a: Hitmonlee|Knock Off|p2a: Slowking
|-supereffective|p2a: Slowking
|-damage|p2a: Slowking|12/100 par
|move|p2a: Slowking|Future Sight|p1a: Hitmonlee
|-start|p2a: Slowking|move: Future Sight
|
|-weather|none
|upkeep
|turn|17
|
|t:|1760742079
|switch|p1a: Ting-Lu|Ting-Lu, shiny|95/100
|-ability|p1a: Ting-Lu|Vessel of Ruin
|switch|p2a: Alomomola|Alomomola, F|40/100
|-damage|p2a: Alomomola|28/100|[from] Stealth Rock
|-damage|p2a: Alomomola|16/100|[from] Spikes
|
|-heal|p1a: Ting-Lu|100/100|[from] item: Leftovers
|upkeep
|turn|18
|
|t:|1760742091
|move|p1a: Ting-Lu|Earthquake|p2a: Alomomola
|-damage|p2a: Alomomola|0 fnt
|faint|p2a: Alomomola
|
|-end|p1a: Ting-Lu|move: Future Sight
|-immune|p1a: Ting-Lu
|upkeep
|
|t:|1760742093
|switch|p2a: Cinderace|Cinderace, M|100/100
|turn|19
|
|t:|1760742105
|move|p2a: Cinderace|Will-O-Wisp|p1a: Ting-Lu|[miss]
|-miss|p2a: Cinderace|p1a: Ting-Lu
|move|p1a: Ting-Lu|Earthquake|p2a: Cinderace
|-supereffective|p2a: Cinderace
|-damage|p2a: Cinderace|0 fnt
|faint|p2a: Cinderace
|
|upkeep
|
|t:|1760742115
|switch|p2a: Scizor|Scizor, M|76/100
|-damage|p2a: Scizor|64/100|[from] Stealth Rock
|-damage|p2a: Scizor|52/100|[from] Spikes
|turn|20
|inactive|Denison123 has 120 seconds left.
|
|t:|1760742121
|switch|p1a: Weezing|Weezing-Galar, F|97/100
|-ability|p1a: Weezing|Neutralizing Gas
|move|p2a: Scizor|Close Combat|p1a: Weezing
|-resisted|p1a: Weezing
|-damage|p1a: Weezing|86/100
|-unboost|p2a: Scizor|def|1
|-unboost|p2a: Scizor|spd|1
|
|-heal|p1a: Weezing|92/100|[from] item: Leftovers
|upkeep
|turn|21
|inactive|Denison123 has 120 seconds left.
|
|t:|1760742135
|switch|p2a: Slowking|Slowking-Galar, F|45/100 par
|-damage|p2a: Slowking|32/100 par|[from] Stealth Rock
|-damage|p2a: Slowking|20/100 par|[from] Spikes
|move|p1a: Weezing|Will-O-Wisp||[still]
|-fail|p1a: Weezing
|
|-heal|p1a: Weezing|98/100|[from] item: Leftovers
|upkeep
|turn|22
|inactive|Denison123 has 120 seconds left.
|
|t:|1760742149
|-end|p1a: Weezing|ability: Neutralizing Gas
|switch|p1a: Ting-Lu|Ting-Lu, shiny|100/100
|-ability|p1a: Ting-Lu|Vessel of Ruin
|move|p2a: Slowking|Future Sight|p1a: Ting-Lu
|-start|p2a: Slowking|move: Future Sight
|
|upkeep
|turn|23
|inactive|Denison123 has 120 seconds left.
|
|t:|1760742164
|move|p1a: Ting-Lu|Spikes|p2a: Slowking
|-sidestart|p2: ryaniscracked|Spikes
|-prepare|p2a: Slowking|Chilly Reception|[premajor]
|move|p2a: Slowking|Chilly Reception|p2a: Slowking
|-weather|Snowscape
|
|t:|1760742167
|switch|p2a: Scizor|Scizor, M|52/100|[from] Chilly Reception
|-damage|p2a: Scizor|39/100|[from] Stealth Rock
|-damage|p2a: Scizor|23/100|[from] Spikes
|
|-weather|Snowscape|[upkeep]
|upkeep
|turn|24
|-message|ryaniscracked forfeited.
|
|win|Denison123
|raw|Denison123's rating: 1327 &rarr; <strong>1347</strong><br />(+20 for winning)
|raw|ryaniscracked's rating: 1329 &rarr; <strong>1309</strong><br />(-20 for losing)
|l|☆ryaniscracked
|player|p2|
|l|☆Denison123
|player|p1|
