|j|☆ICEANDTEAs
|j|☆tbndepzai
|t:|1760761532
|gametype|singles
|player|p1|ICEANDTEAs|2|1076
|player|p2|tbndepzai|102|1065
|gen|9
|tier|[Gen 9] OU
|rated|
|rule|HP Percentage Mod: HP is shown in percentages
|rule|Endless Battle Clause: Forcing endless battles is banned
|rule|Species Clause: Limit one of each Pokémon
|rule|OHKO Clause: OHKO moves are banned
|rule|Evasion Items Clause: Evasion items are banned
|rule|Evasion Moves Clause: Evasion moves are banned
|rule|Evasion Abilities Clause: Evasion abilities are banned
|rule|Sleep Moves Clause: Sleep-inducing moves are banned
|clearpoke
|poke|p1|Zoroark-Hisui, F|
|poke|p1|Rotom|
|poke|p1|Jirachi|
|poke|p1|Ceruledge, M|
|poke|p1|Registeel|
|poke|p1|Decidueye-Hisui, M|
|poke|p2|Pecharunt|
|poke|p2|Salazzle, F|
|poke|p2|Spidops, M|
|poke|p2|Pineco, L1, M|
|poke|p2|Dragapult, M|
|poke|p2|Jolteon, M|
|teampreview
|inactive|Battle timer is ON: inactive players will automatically lose when time's up. (requested by tbndepzai)
|
|t:|1760761540
|teamsize|p1|6
|teamsize|p2|6
|start
|switch|p1a: HIM|Decidueye-Hisui, M, shiny|100/100
|switch|p2a: Spidops|Spidops, M|100/100
|turn|1
|
|t:|1760761566
|move|p1a: HIM|Hone Claws|p1a: HIM
|-boost|p1a: HIM|atk|1
|-boost|p1a: HIM|accuracy|1
|move|p2a: Spidops|Sticky Web|p1a: HIM
|-sidestart|p1: ICEANDTEAs|move: Sticky Web
|
|upkeep
|turn|2
|
|t:|1760761576
|move|p1a: HIM|Extrasensory|p2a: Spidops
|-damage|p2a: Spidops|68/100
|move|p2a: Spidops|Circle Throw|p1a: HIM
|-immune|p1a: HIM
|
|upkeep
|turn|3
|
|t:|1760761587
|move|p1a: HIM|Extrasensory|p2a: Spidops
|-damage|p2a: Spidops|30/100
|move|p2a: Spidops|Toxic Spikes|p1a: HIM
|-sidestart|p1: ICEANDTEAs|move: Toxic Spikes
|
|upkeep
|turn|4
|
|t:|1760761593
|move|p1a: HIM|Extrasensory|p2a: Spidops
|-damage|p2a: Spidops|0 fnt
|faint|p2a: Spidops
|
|upkeep
|
|t:|1760761602
|switch|p2a: Pecharunt|Pecharunt|100/100
|turn|5
|inactive|ICEANDTEAs has 120 seconds left.
|
|t:|1760761646
|move|p1a: HIM|Extrasensory|p2a: Pecharunt
|-supereffective|p2a: Pecharunt
|-damage|p2a: Pecharunt|32/100
|move|p2a: Pecharunt|Malignant Chain|p1a: HIM
|-resisted|p1a: HIM
|-damage|p1a: HIM|59/100
|replace|p1a: Lil uzi vert|Zoroark-Hisui, F, shiny
|-end|p1a: Lil uzi vert|Illusion
|
|-heal|p2a: Pecharunt|38/100|[from] item: Leftovers
|upkeep
|turn|6
|inactive|ICEANDTEAs has 120 seconds left.
|
|t:|1760761670
|move|p1a: Lil uzi vert|Extrasensory|p2a: Pecharunt
|-supereffective|p2a: Pecharunt
|-damage|p2a: Pecharunt|0 fnt
|faint|p2a: Pecharunt
|
|upkeep
|
|t:|1760761679
|switch|p2a: Dragapult|Dragapult, M|100/100
|turn|7
|
|t:|1760761686
|move|p2a: Dragapult|Dragon Darts|p1a: Lil uzi vert
|-damage|p1a: Lil uzi vert|1/100
|-anim|p2a: Dragapult|Dragon Darts|p1a: Lil uzi vert
|-damage|p1a: Lil uzi vert|0 fnt
|faint|p1a: Lil uzi vert
|
|upkeep
|inactive|ICEANDTEAs has 120 seconds left.
|
|t:|1760761701
|switch|p1a: Ollie|Rotom|100/100
|turn|8
|
|t:|1760761706
|move|p2a: Dragapult|Phantom Force||[still]
|-prepare|p2a: Dragapult|Phantom Force
|move|p1a: Ollie|Dark Pulse|p2a: Dragapult|[miss]
|-miss|p1a: Ollie|p2a: Dragapult
|
|upkeep
|turn|9
|
|t:|1760761711
|move|p2a: Dragapult|Phantom Force|p1a: Ollie|[from] lockedmove
|-supereffective|p1a: Ollie
|-enditem|p1a: Ollie|Focus Sash
|-damage|p1a: Ollie|1/100
|move|p1a: Ollie|Dark Pulse|p2a: Dragapult
|-supereffective|p2a: Dragapult
|-damage|p2a: Dragapult|37/100
|
|upkeep
|turn|10
|
|t:|1760761720
|move|p2a: Dragapult|Dragon Darts|p1a: Ollie
|-damage|p1a: Ollie|0 fnt
|faint|p1a: Ollie
|
|upkeep
|
|t:|1760761728
|switch|p1a: Noway|Registeel|100/100
|-activate|p1a: Noway|move: Sticky Web
|-fail|p1a: Noway|unboost|[from] ability: Clear Body|[of] p1a: Noway
|turn|11
|
|t:|1760761740
|move|p2a: Dragapult|Dragon Dance|p2a: Dragapult
|-boost|p2a: Dragapult|atk|1
|-boost|p2a: Dragapult|spe|1
|move|p1a: Noway|Iron Defense|p1a: Noway
|-boost|p1a: Noway|def|2
|
|upkeep
|turn|12
|
|t:|1760761748
|switch|p2a: Salazzle|Salazzle, F|100/100
|move|p1a: Noway|Iron Defense|p1a: Noway
|-boost|p1a: Noway|def|2
|
|upkeep
|turn|13
|
|t:|1760761754
|move|p2a: Salazzle|Toxic|p1a: Noway
|-status|p1a: Noway|tox
|move|p1a: Noway|Body Press|p2a: Salazzle
|-resisted|p2a: Salazzle
|-damage|p2a: Salazzle|39/100
|
|-heal|p2a: Salazzle|46/100|[from] item: Leftovers
|-damage|p1a: Noway|94/100 tox|[from] psn
|upkeep
|turn|14
|
|t:|1760761762
|move|p2a: Salazzle|Protect|p2a: Salazzle
|-singleturn|p2a: Salazzle|Protect
|move|p1a: Noway|Body Press|p2a: Salazzle
|-activate|p2a: Salazzle|move: Protect
|
|-heal|p2a: Salazzle|52/100|[from] item: Leftovers
|-heal|p1a: Noway|100/100 tox|[from] item: Leftovers
|-damage|p1a: Noway|88/100 tox|[from] psn
|upkeep
|turn|15
|
|t:|1760761771
|switch|p2a: Dragapult|Dragapult, M|37/100
|move|p1a: Noway|Body Press|p2a: Dragapult
|-immune|p2a: Dragapult
|
|-heal|p1a: Noway|94/100 tox|[from] item: Leftovers
|-damage|p1a: Noway|76/100 tox|[from] psn
|upkeep
|turn|16
|
|t:|1760761781
|move|p2a: Dragapult|Dragon Darts|p1a: Noway
|-resisted|p1a: Noway
|-damage|p1a: Noway|74/100 tox
|-anim|p2a: Dragapult|Dragon Darts|p1a: Noway
|-resisted|p1a: Noway
|-damage|p1a: Noway|71/100 tox
|move|p1a: Noway|Heavy Slam|p2a: Dragapult
|-crit|p2a: Dragapult
|-damage|p2a: Dragapult|0 fnt
|faint|p2a: Dragapult
|
|-heal|p1a: Noway|77/100 tox|[from] item: Leftovers
|-damage|p1a: Noway|52/100 tox|[from] psn
|upkeep
|
|t:|1760761793
|switch|p2a: Salazzle|Salazzle, F|52/100
|turn|17
|
|t:|1760761807
|move|p2a: Salazzle|Protect|p2a: Salazzle
|-singleturn|p2a: Salazzle|Protect
|move|p1a: Noway|Heavy Slam|p2a: Salazzle
|-activate|p2a: Salazzle|move: Protect
|
|-heal|p2a: Salazzle|58/100|[from] item: Leftovers
|-heal|p1a: Noway|58/100 tox|[from] item: Leftovers
|-damage|p1a: Noway|28/100 tox|[from] psn
|upkeep
|turn|18
|
|t:|1760761817
|move|p2a: Salazzle|Flamethrower|p1a: Noway
|-supereffective|p1a: Noway
|-damage|p1a: Noway|0 fnt
|faint|p1a: Noway
|
|-heal|p2a: Salazzle|64/100|[from] item: Leftovers
|upkeep
|
|t:|1760761828
|switch|p1a: MY GOAT|Ceruledge, M|100/100
|-activate|p1a: MY GOAT|move: Sticky Web
|-unboost|p1a: MY GOAT|spe|1
|-status|p1a: MY GOAT|psn
|turn|19
|
|t:|1760761835
|move|p2a: Salazzle|Substitute|p2a: Salazzle
|-start|p2a: Salazzle|Substitute
|-damage|p2a: Salazzle|39/100
|move|p1a: MY GOAT|Bitter Blade|p2a: Salazzle
|-resisted|p2a: Salazzle
|-end|p2a: Salazzle|Substitute
|
|-heal|p2a: Salazzle|46/100|[from] item: Leftovers
|-damage|p1a: MY GOAT|88/100 psn|[from] psn
|upkeep
|turn|20
|
|t:|1760761845
|move|p2a: Salazzle|Protect|p2a: Salazzle
|-singleturn|p2a: Salazzle|Protect
|move|p1a: MY GOAT|Bitter Blade|p2a: Salazzle
|-activate|p2a: Salazzle|move: Protect
|
|-heal|p2a: Salazzle|52/100|[from] item: Leftovers
|-damage|p1a: MY GOAT|76/100 psn|[from] psn
|upkeep
|turn|21
|
|t:|1760761868
|move|p2a: Salazzle|Substitute|p2a: Salazzle
|-start|p2a: Salazzle|Substitute
|-damage|p2a: Salazzle|27/100
|move|p1a: MY GOAT|Bitter Blade|p2a: Salazzle
|-resisted|p2a: Salazzle
|-end|p2a: Salazzle|Substitute
|-heal|p1a: MY GOAT|90/100 psn|[from] drain|[of] p2a: Salazzle
|
|-heal|p2a: Salazzle|33/100|[from] item: Leftovers
|-damage|p1a: MY GOAT|78/100 psn|[from] psn
|upkeep
|turn|22
|
|t:|1760761879
|switch|p2a: Jolteon|Jolteon, M|100/100
|move|p1a: MY GOAT|Swords Dance|p1a: MY GOAT
|-boost|p1a: MY GOAT|atk|2
|
|-damage|p1a: MY GOAT|66/100 psn|[from] psn
|upkeep
|turn|23
|
|t:|1760761887
|move|p2a: Jolteon|Shadow Ball|p1a: MY GOAT
|-supereffective|p1a: MY GOAT
|-damage|p1a: MY GOAT|0 fnt
|faint|p1a: MY GOAT
|-damage|p2a: Jolteon|91/100|[from] item: Life Orb
|
|upkeep
|
|t:|1760761893
|switch|p1a: HIM|Decidueye-Hisui, M, shiny|100/100
|-activate|p1a: HIM|move: Sticky Web
|-unboost|p1a: HIM|spe|1
|-status|p1a: HIM|psn
|-enditem|p1a: HIM|Lum Berry|[eat]
|-curestatus|p1a: HIM|psn|[msg]
|turn|24
|
|t:|1760761902
|move|p2a: Jolteon|Alluring Voice|p1a: HIM
|-supereffective|p1a: HIM
|-damage|p1a: HIM|38/100
|-damage|p2a: Jolteon|81/100|[from] item: Life Orb
|move|p1a: HIM|Knock Off|p2a: Jolteon
|-damage|p2a: Jolteon|15/100
|-enditem|p2a: Jolteon|Life Orb|[from] move: Knock Off|[of] p1a: HIM
|
|upkeep
|turn|25
|
|t:|1760761917
|move|p2a: Jolteon|Alluring Voice|p1a: HIM
|-supereffective|p1a: HIM
|-damage|p1a: HIM|0 fnt
|faint|p1a: HIM
|
|upkeep
|
|t:|1760761921
|switch|p1a: Alfie|Jirachi|100/100
|-activate|p1a: Alfie|move: Sticky Web
|-unboost|p1a: Alfie|spe|1
|turn|26
|
|t:|1760761927
|move|p2a: Jolteon|Shadow Ball|p1a: Alfie
|-supereffective|p1a: Alfie
|-damage|p1a: Alfie|61/100
|move|p1a: Alfie|Zen Headbutt|p2a: Jolteon
|-damage|p2a: Jolteon|0 fnt
|faint|p2a: Jolteon
|
|-heal|p1a: Alfie|67/100|[from] item: Leftovers
|upkeep
|
|t:|1760761933
|switch|p2a: Salazzle|Salazzle, F|33/100
|turn|27
|
|t:|1760761940
|move|p2a: Salazzle|Toxic|p1a: Alfie
|-status|p1a: Alfie|tox
|move|p1a: Alfie|Aura Sphere|p2a: Salazzle
|-resisted|p2a: Salazzle
|-damage|p2a: Salazzle|19/100
|
|-heal|p2a: Salazzle|25/100|[from] item: Leftovers
|-heal|p1a: Alfie|73/100 tox|[from] item: Leftovers
|-damage|p1a: Alfie|67/100 tox|[from] psn
|upkeep
|turn|28
|
|t:|1760761951
|move|p2a: Salazzle|Flamethrower|p1a: Alfie
|-supereffective|p1a: Alfie
|-damage|p1a: Alfie|8/100 tox
|move|p1a: Alfie|Zen Headbutt|p2a: Salazzle
|-supereffective|p2a: Salazzle
|-damage|p2a: Salazzle|0 fnt
|faint|p2a: Salazzle
|
|-heal|p1a: Alfie|14/100 tox|[from] item: Leftovers
|-damage|p1a: Alfie|2/100 tox|[from] psn
|upkeep
|
|t:|1760761957
|switch|p2a: Pineco|Pineco, L1, M|100/100
|turn|29
|
|t:|1760761965
|move|p2a: Pineco|Protect|p2a: Pineco
|-singleturn|p2a: Pineco|Protect
|move|p1a: Alfie|Zen Headbutt|p2a: Pineco
|-activate|p2a: Pineco|move: Protect
|
|-heal|p1a: Alfie|8/100 tox|[from] item: Leftovers
|-damage|p1a: Alfie|0 fnt|[from] psn
|faint|p1a: Alfie
|
|win|tbndepzai
|raw|ICEANDTEAs's rating: 1076 &rarr; <strong>1054</strong><br />(-22 for losing)
|raw|tbndepzai's rating: 1065 &rarr; <strong>1096</strong><br />(+31 for winning)
|c|☆tbndepzai|Gg
|c|☆tbndepzai|Wanna rematch
|l|☆ICEANDTEAs
|player|p1|
|l|☆tbndepzai
|player|p2|
