|j|☆HZBKAI
|j|☆smokedsalmondawg
|t:|1760847551
|gametype|singles
|player|p1|HZBKAI|266|1053
|player|p2|smokedsalmondawg|101|1076
|gen|9
|tier|[Gen 9] OU
|rated|
|rule|HP Percentage Mod: HP is shown in percentages
|rule|Endless Battle Clause: Forcing endless battles is banned
|rule|Species Clause: Limit one of each Pokémon
|rule|OHKO Clause: OHKO moves are banned
|rule|Evasion Items Clause: Evasion items are banned
|rule|Evasion Moves Clause: Evasion moves are banned
|rule|Evasion Abilities Clause: Evasion abilities are banned
|rule|Sleep Moves Clause: Sleep-inducing moves are banned
|clearpoke
|poke|p1|Ceruledge, F|
|poke|p1|Kyurem|
|poke|p1|Manaphy|
|poke|p1|Metagross|
|poke|p1|Okidogi, M|
|poke|p1|Zoroark-Hisui, M|
|poke|p2|Dragapult, F|
|poke|p2|Gliscor, M|
|poke|p2|Scizor, M|
|poke|p2|Overqwil, M|
|poke|p2|Gyarados, F|
|poke|p2|Blaziken, M|
|teampreview
|
|t:|1760847560
|teamsize|p1|6
|teamsize|p2|6
|start
|switch|p1a: Kyurem|Kyurem|100/100
|switch|p2a: augh|Overqwil, M|100/100
|-ability|p1a: Kyurem|Pressure
|-ability|p2a: augh|Intimidate|boost
|-unboost|p1a: Kyurem|atk|1
|turn|1
|
|t:|1760847572
|move|p1a: Kyurem|Tera Blast|p2a: augh
|-damage|p2a: augh|73/100
|move|p2a: augh|Toxic Spikes|p1a: Kyurem
|-sidestart|p1: HZBKAI|move: Toxic Spikes
|
|-heal|p2a: augh|79/100|[from] item: Leftovers
|upkeep
|turn|2
|
|t:|1760847578
|move|p1a: Kyurem|Tera Blast|p2a: augh
|-damage|p2a: augh|54/100
|move|p2a: augh|Toxic Spikes|p1a: Kyurem
|-sidestart|p1: HZBKAI|move: Toxic Spikes
|
|-heal|p2a: augh|60/100|[from] item: Leftovers
|upkeep
|turn|3
|
|t:|1760847585
|move|p1a: Kyurem|Tera Blast|p2a: augh
|-damage|p2a: augh|34/100
|move|p2a: augh|Crunch|p1a: Kyurem
|-damage|p1a: Kyurem|70/100
|
|-heal|p2a: augh|40/100|[from] item: Leftovers
|upkeep
|turn|4
|
|t:|1760847607
|switch|p2a: HeartAttackGiver|Dragapult, F|100/100
|move|p1a: Kyurem|Tera Blast|p2a: HeartAttackGiver
|-immune|p2a: HeartAttackGiver
|
|upkeep
|turn|5
|
|t:|1760847620
|move|p2a: HeartAttackGiver|Dragon Darts|p1a: Kyurem
|-supereffective|p1a: Kyurem
|-damage|p1a: Kyurem|8/100
|-anim|p2a: HeartAttackGiver|Dragon Darts|p1a: Kyurem
|-supereffective|p1a: Kyurem
|-damage|p1a: Kyurem|0 fnt
|faint|p1a: Kyurem
|-damage|p2a: HeartAttackGiver|91/100|[from] item: Life Orb
|
|upkeep
|
|t:|1760847622
|switch|p1a: Ceruledge|Ceruledge, F|100/100
|-status|p1a: Ceruledge|tox
|turn|6
|inactive|Battle timer is ON: inactive players will automatically lose when time's up. (requested by HZBKAI)
|
|t:|1760847631
|move|p2a: HeartAttackGiver|Sucker Punch|p1a: Ceruledge
|-supereffective|p1a: Ceruledge
|-damage|p1a: Ceruledge|12/100 tox
|-ability|p1a: Ceruledge|Weak Armor|boost
|-unboost|p1a: Ceruledge|def|1
|-boost|p1a: Ceruledge|spe|2
|-damage|p2a: HeartAttackGiver|81/100|[from] item: Life Orb
|move|p1a: Ceruledge|Poltergeist|p2a: HeartAttackGiver
|-activate|p2a: HeartAttackGiver|move: Poltergeist|Life Orb
|-supereffective|p2a: HeartAttackGiver
|-damage|p2a: HeartAttackGiver|0 fnt
|faint|p2a: HeartAttackGiver
|
|-damage|p1a: Ceruledge|6/100 tox|[from] psn
|upkeep
|
|t:|1760847657
|switch|p2a: KFC|Blaziken, M|100/100
|turn|7
|
|t:|1760847660
|move|p2a: KFC|Protect|p2a: KFC
|-singleturn|p2a: KFC|Protect
|move|p1a: Ceruledge|Poltergeist|p2a: KFC
|-activate|p2a: KFC|move: Protect
|
|-damage|p1a: Ceruledge|0 fnt|[from] psn
|faint|p1a: Ceruledge
|-ability|p2a: KFC|Speed Boost|boost
|-boost|p2a: KFC|spe|1
|upkeep
|
|t:|1760847660
|switch|p1a: Metagross|Metagross|100/100
|turn|8
|
|t:|1760847689
|switch|p2a: Le Fish|Gyarados, F|100/100
|-ability|p2a: Le Fish|Intimidate|boost
|-fail|p1a: Metagross|unboost|[from] ability: Clear Body|[of] p1a: Metagross
|move|p1a: Metagross|Psychic Fangs|p2a: Le Fish
|-damage|p2a: Le Fish|33/100
|
|upkeep
|turn|9
|
|t:|1760847697
|move|p2a: Le Fish|Earthquake|p1a: Metagross
|-supereffective|p1a: Metagross
|-damage|p1a: Metagross|42/100
|move|p1a: Metagross|Explosion|p2a: Le Fish
|-damage|p2a: Le Fish|0 fnt
|faint|p1a: Metagross
|faint|p2a: Le Fish
|
|upkeep
|inactive|smokedsalmondawg has 120 seconds left.
|
|t:|1760847719
|switch|p2a: Balls|Gliscor, M|100/100
|switch|p1a: Okidogi|Okidogi, M|100/100
|-status|p1a: Okidogi|tox
|turn|10
|inactive|smokedsalmondawg has 120 seconds left.
|inactive|smokedsalmondawg has 90 seconds left.
|inactive|smokedsalmondawg has 60 seconds left.
|
|t:|1760847796
|move|p1a: Okidogi|Shadow Ball|p2a: Balls
|-damage|p2a: Balls|41/100
|move|p2a: Balls|U-turn|p1a: Okidogi
|-resisted|p1a: Okidogi
|-damage|p1a: Okidogi|81/100 tox
|-damage|p2a: Balls|24/100|[from] item: Rocky Helmet|[of] p1a: Okidogi
|replace|p1a: Zoroark|Zoroark-Hisui, M
|-end|p1a: Zoroark|Illusion
|
|t:|1760847810
|switch|p2a: augh|Overqwil, M|40/100|[from] U-turn
|-ability|p2a: augh|Intimidate|boost
|-unboost|p1a: Zoroark|atk|1
|
|-heal|p2a: augh|46/100|[from] item: Leftovers
|-damage|p1a: Zoroark|75/100 tox|[from] psn
|upkeep
|turn|11
|
|t:|1760847820
|move|p1a: Zoroark|Flamethrower|p2a: augh
|-damage|p2a: augh|7/100
|-status|p2a: augh|brn
|move|p2a: augh|Crunch|p1a: Zoroark
|-supereffective|p1a: Zoroark
|-damage|p1a: Zoroark|8/100 tox
|-damage|p2a: augh|0 fnt|[from] item: Rocky Helmet|[of] p1a: Zoroark
|faint|p2a: augh
|
|-damage|p1a: Zoroark|0 fnt|[from] psn
|faint|p1a: Zoroark
|upkeep
|inactive|smokedsalmondawg has 30 seconds left.
|
|t:|1760847849
|switch|p1a: Manaphy|Manaphy|100/100
|switch|p2a: KFC|Blaziken, M|100/100
|-status|p1a: Manaphy|tox
|turn|12
|
|t:|1760847855
|move|p2a: KFC|Protect|p2a: KFC
|-singleturn|p2a: KFC|Protect
|move|p1a: Manaphy|Surf|p2a: KFC
|-activate|p2a: KFC|move: Protect
|
|-damage|p1a: Manaphy|94/100 tox|[from] psn
|-ability|p2a: KFC|Speed Boost|boost
|-boost|p2a: KFC|spe|1
|upkeep
|turn|13
|
|t:|1760847865
|move|p2a: KFC|Thunder Punch|p1a: Manaphy
|-supereffective|p1a: Manaphy
|-damage|p1a: Manaphy|43/100 tox
|move|p1a: Manaphy|Surf|p2a: KFC
|-supereffective|p2a: KFC
|-damage|p2a: KFC|0 fnt
|faint|p2a: KFC
|
|-heal|p1a: Manaphy|49/100 tox|[from] item: Leftovers
|-damage|p1a: Manaphy|37/100 tox|[from] psn
|upkeep
|
|t:|1760847879
|switch|p2a: pinchsmooveoff|Scizor, M|100/100
|turn|14
|inactive|smokedsalmondawg has 30 seconds left.
|
|t:|1760847895
|move|p2a: pinchsmooveoff|Bullet Punch|p1a: Manaphy
|-resisted|p1a: Manaphy
|-damage|p1a: Manaphy|9/100 tox
|move|p1a: Manaphy|Surf|p2a: pinchsmooveoff
|-damage|p2a: pinchsmooveoff|39/100
|
|-heal|p1a: Manaphy|15/100 tox|[from] item: Leftovers
|-damage|p1a: Manaphy|0 fnt|[from] psn
|faint|p1a: Manaphy
|upkeep
|
|t:|1760847895
|switch|p1a: Okidogi|Okidogi, M|100/100
|-sideend|p1: HZBKAI|move: Toxic Spikes|[of] p1a: Okidogi
|turn|15
|inactive|smokedsalmondawg has 30 seconds left.
|
|t:|1760847913
|move|p2a: pinchsmooveoff|Bullet Punch|p1a: Okidogi
|-damage|p1a: Okidogi|59/100
|move|p1a: Okidogi|Drain Punch|p2a: pinchsmooveoff
|-damage|p2a: pinchsmooveoff|5/100
|-heal|p1a: Okidogi|72/100|[from] drain|[of] p2a: pinchsmooveoff
|
|-heal|p1a: Okidogi|78/100|[from] item: Leftovers
|upkeep
|turn|16
|inactive|smokedsalmondawg has 30 seconds left.
|
|t:|1760847926
|-terastallize|p2a: pinchsmooveoff|Bug
|move|p2a: pinchsmooveoff|Bullet Punch|p1a: Okidogi
|-damage|p1a: Okidogi|36/100
|move|p1a: Okidogi|Drain Punch|p2a: pinchsmooveoff
|-resisted|p2a: pinchsmooveoff
|-damage|p2a: pinchsmooveoff|0 fnt
|-heal|p1a: Okidogi|38/100|[from] drain|[of] p2a: pinchsmooveoff
|faint|p2a: pinchsmooveoff
|
|-heal|p1a: Okidogi|44/100|[from] item: Leftovers
|upkeep
|inactive|smokedsalmondawg has 30 seconds left.
|
|t:|1760847936
|switch|p2a: Balls|Gliscor, M|24/100
|turn|17
|
|t:|1760847940
|move|p2a: Balls|Earthquake|p1a: Okidogi
|-supereffective|p1a: Okidogi
|-damage|p1a: Okidogi|0 fnt
|faint|p1a: Okidogi
|
|win|smokedsalmondawg
|raw|HZBKAI's rating: 1053 &rarr; <strong>1036</strong><br />(-17 for losing)
|raw|smokedsalmondawg's rating: 1076 &rarr; <strong>1103</strong><br />(+27 for winning)
|n|☆HZBKAI|hzbkai
|c|☆smokedsalmondawg|dumpstered
|n|☆HZBKAI|hzbkai
