|j|☆6969VuLCaN6969
|j|☆Grunt92
|t:|1760823912
|gametype|singles
|player|p1|6969VuLCaN6969|steven|1368
|player|p2|Grunt92|rocketgrunt|1405
|gen|9
|tier|[Gen 9] OU
|rated|
|rule|HP Percentage Mod: HP is shown in percentages
|rule|Endless Battle Clause: Forcing endless battles is banned
|rule|Species Clause: Limit one of each Pokémon
|rule|OHKO Clause: OHKO moves are banned
|rule|Evasion Items Clause: Evasion items are banned
|rule|Evasion Moves Clause: Evasion moves are banned
|rule|Evasion Abilities Clause: Evasion abilities are banned
|rule|Sleep Moves Clause: Sleep-inducing moves are banned
|clearpoke
|poke|p1|Weezing-Galar, F|
|poke|p1|Hawlucha, F|
|poke|p1|Bisharp, F|
|poke|p1|Kingambit, F|
|poke|p1|Iron Crown|
|poke|p1|Landorus-Therian, M|
|poke|p2|Garchomp, F|
|poke|p2|Great Tusk|
|poke|p2|Skarmory, M|
|poke|p2|Clefable, M|
|poke|p2|Ogerpon-Wellspring, F|
|poke|p2|Bellibolt, M|
|teampreview
|inactive|Battle timer is ON: inactive players will automatically lose when time's up. (requested by Grunt92)
|
|t:|1760823932
|teamsize|p1|6
|teamsize|p2|6
|start
|switch|p1a: misters6749|Weezing-Galar, F, shiny|100/100
|switch|p2a: Bellibolt|Bellibolt, M|100/100
|-fieldstart|move: Misty Terrain|[from] ability: Misty Surge|[of] p1a: misters6749
|turn|1
|
|t:|1760823946
|switch|p1a: Bisharp|Bisharp, F|100/100
|move|p2a: Bellibolt|Volt Switch|p1a: Bisharp
|-damage|p1a: Bisharp|74/100
|
|t:|1760823960
|switch|p2a: Great Tusk|Great Tusk|100/100|[from] Volt Switch
|
|upkeep
|turn|2
|
|t:|1760823969
|switch|p1a: Landorus|Landorus-Therian, M|100/100
|-ability|p1a: Landorus|Intimidate|boost
|-unboost|p2a: Great Tusk|atk|1
|move|p2a: Great Tusk|Close Combat|p1a: Landorus
|-resisted|p1a: Landorus
|-damage|p1a: Landorus|75/100
|-unboost|p2a: Great Tusk|def|1
|-unboost|p2a: Great Tusk|spd|1
|
|upkeep
|turn|3
|
|t:|1760823974
|-end|p2a: Great Tusk|Protosynthesis|[silent]
|switch|p2a: Skarmory|Skarmory, M|100/100
|move|p1a: Landorus|Grass Knot|p2a: Skarmory
|-resisted|p2a: Skarmory
|-crit|p2a: Skarmory
|-damage|p2a: Skarmory|90/100
|-damage|p1a: Landorus|58/100|[from] item: Rocky Helmet|[of] p2a: Skarmory
|
|upkeep
|turn|4
|
|t:|1760823980
|switch|p1a: misters6749|Weezing-Galar, F, shiny|100/100
|move|p2a: Skarmory|Stealth Rock|p1a: misters6749
|-sidestart|p1: 6969VuLCaN6969|move: Stealth Rock
|
|upkeep
|turn|5
|
|t:|1760823996
|switch|p2a: Bellibolt|Bellibolt, M|100/100
|move|p1a: misters6749|Defog|p2a: Bellibolt
|-unboost|p2a: Bellibolt|evasion|1
|-sideend|p1: 6969VuLCaN6969|Stealth Rock|[from] move: Defog|[of] p1a: misters6749
|-fieldend|Misty Terrain
|
|upkeep
|turn|6
|
|t:|1760824006
|switch|p1a: Landorus|Landorus-Therian, M|58/100
|-ability|p1a: Landorus|Intimidate|boost
|-unboost|p2a: Bellibolt|atk|1
|move|p2a: Bellibolt|Chilling Water|p1a: Landorus
|-supereffective|p1a: Landorus
|-damage|p1a: Landorus|23/100
|-unboost|p1a: Landorus|atk|1
|
|upkeep
|turn|7
|
|t:|1760824015
|switch|p2a: Skarmory|Skarmory, M|90/100
|move|p1a: Landorus|U-turn|p2a: Skarmory
|-resisted|p2a: Skarmory
|-damage|p2a: Skarmory|88/100
|-damage|p1a: Landorus|6/100|[from] item: Rocky Helmet|[of] p2a: Skarmory
|
|t:|1760824018
|switch|p1a: misters6749|Weezing-Galar, F, shiny|100/100|[from] U-turn
|-fieldstart|move: Misty Terrain|[from] ability: Misty Surge|[of] p1a: misters6749
|
|upkeep
|turn|8
|
|t:|1760824035
|switch|p1a: Bisharp|Bisharp, F|74/100
|switch|p2a: Bellibolt|Bellibolt, M|100/100
|
|upkeep
|turn|9
|
|t:|1760824041
|move|p1a: Bisharp|Stealth Rock|p2a: Bellibolt
|-sidestart|p2: Grunt92|move: Stealth Rock
|move|p2a: Bellibolt|Volt Switch|p1a: Bisharp
|-damage|p1a: Bisharp|47/100
|
|t:|1760824050
|switch|p2a: Great Tusk|Great Tusk|100/100|[from] Volt Switch
|-damage|p2a: Great Tusk|98/100|[from] Stealth Rock
|
|upkeep
|turn|10
|
|t:|1760824058
|move|p2a: Great Tusk|Ice Spinner|p1a: Bisharp
|-resisted|p1a: Bisharp
|-damage|p1a: Bisharp|37/100
|-fieldend|Misty Terrain
|move|p1a: Bisharp|Iron Head|p2a: Great Tusk
|-damage|p2a: Great Tusk|65/100
|
|upkeep
|turn|11
|
|t:|1760824064
|-end|p2a: Great Tusk|Protosynthesis|[silent]
|switch|p2a: Ogerpon|Ogerpon-Wellspring, F|100/100
|-damage|p2a: Ogerpon|88/100|[from] Stealth Rock
|switch|p1a: Landorus|Landorus-Therian, M|6/100
|-ability|p1a: Landorus|Intimidate|boost
|-unboost|p2a: Ogerpon|atk|1
|
|upkeep
|turn|12
|
|t:|1760824068
|move|p1a: Landorus|U-turn|p2a: Ogerpon
|-supereffective|p2a: Ogerpon
|-damage|p2a: Ogerpon|24/100
|
|t:|1760824071
|switch|p1a: Bisharp|Bisharp, F|37/100|[from] U-turn
|move|p2a: Ogerpon|Ivy Cudgel|p1a: Bisharp|[anim] Ivy Cudgel Water
|-damage|p1a: Bisharp|7/100
|
|upkeep
|turn|13
|
|t:|1760824077
|move|p2a: Ogerpon|Swords Dance|p2a: Ogerpon
|-boost|p2a: Ogerpon|atk|2
|move|p1a: Bisharp|Iron Head|p2a: Ogerpon
|-resisted|p2a: Ogerpon
|-damage|p2a: Ogerpon|0 fnt
|faint|p2a: Ogerpon
|
|upkeep
|
|t:|1760824082
|switch|p2a: Great Tusk|Great Tusk|65/100
|-damage|p2a: Great Tusk|62/100|[from] Stealth Rock
|turn|14
|
|t:|1760824084
|move|p1a: Bisharp|Sucker Punch|p2a: Great Tusk
|-resisted|p2a: Great Tusk
|-damage|p2a: Great Tusk|49/100
|move|p2a: Great Tusk|Rapid Spin|p1a: Bisharp
|-resisted|p1a: Bisharp
|-damage|p1a: Bisharp|0 fnt
|-boost|p2a: Great Tusk|spe|1
|-sideend|p2: Grunt92|Stealth Rock|[from] move: Rapid Spin|[of] p2a: Great Tusk
|faint|p1a: Bisharp
|
|upkeep
|
|t:|1760824088
|switch|p1a: Landorus|Landorus-Therian, M|6/100
|-ability|p1a: Landorus|Intimidate|boost
|-unboost|p2a: Great Tusk|atk|1
|turn|15
|
|t:|1760824094
|move|p2a: Great Tusk|Rapid Spin|p1a: Landorus
|-damage|p1a: Landorus|0 fnt
|-boost|p2a: Great Tusk|spe|1
|faint|p1a: Landorus
|
|upkeep
|
|t:|1760824101
|switch|p1a: misters6749|Weezing-Galar, F, shiny|100/100
|-fieldstart|move: Misty Terrain|[from] ability: Misty Surge|[of] p1a: misters6749
|turn|16
|
|t:|1760824107
|-end|p2a: Great Tusk|Protosynthesis|[silent]
|switch|p2a: Bellibolt|Bellibolt, M|100/100
|switch|p1a: Hawlucha|Hawlucha, F, shiny|100/100
|-enditem|p1a: Hawlucha|Misty Seed
|-boost|p1a: Hawlucha|spd|1|[from] item: Misty Seed
|
|upkeep
|turn|17
|
|t:|1760824112
|-terastallize|p1a: Hawlucha|Electric
|move|p1a: Hawlucha|Substitute|p1a: Hawlucha
|-start|p1a: Hawlucha|Substitute
|-damage|p1a: Hawlucha|76/100
|move|p2a: Bellibolt|Volt Switch|p1a: Hawlucha
|-resisted|p1a: Hawlucha
|-activate|p1a: Hawlucha|move: Substitute|[damage]
|
|t:|1760824139
|switch|p2a: Garchomp|Garchomp, F|100/100|[from] Volt Switch
|
|upkeep
|turn|18
|
|t:|1760824144
|move|p1a: Hawlucha|Swords Dance|p1a: Hawlucha
|-boost|p1a: Hawlucha|atk|2
|move|p2a: Garchomp|Earthquake|p1a: Hawlucha
|-supereffective|p1a: Hawlucha
|-end|p1a: Hawlucha|Substitute
|
|upkeep
|turn|19
|
|t:|1760824153
|switch|p2a: Clefable|Clefable, M|100/100
|move|p1a: Hawlucha|Acrobatics|p2a: Clefable
|-damage|p2a: Clefable|65/100
|
|upkeep
|turn|20
|
|t:|1760824160
|move|p1a: Hawlucha|Acrobatics|p2a: Clefable
|-damage|p2a: Clefable|24/100
|move|p2a: Clefable|Moonlight|p2a: Clefable
|-heal|p2a: Clefable|74/100
|
|upkeep
|turn|21
|
|t:|1760824164
|move|p1a: Hawlucha|Acrobatics|p2a: Clefable
|-damage|p2a: Clefable|37/100
|move|p2a: Clefable|Moonblast|p1a: Hawlucha
|-damage|p1a: Hawlucha|34/100
|
|upkeep
|turn|22
|
|t:|1760824169
|move|p1a: Hawlucha|Acrobatics|p2a: Clefable
|-damage|p2a: Clefable|0 fnt
|faint|p2a: Clefable
|
|upkeep
|
|t:|1760824193
|switch|p2a: Skarmory|Skarmory, M|88/100
|turn|23
|
|t:|1760824197
|move|p1a: Hawlucha|Substitute|p1a: Hawlucha
|-start|p1a: Hawlucha|Substitute
|-damage|p1a: Hawlucha|10/100
|move|p2a: Skarmory|Body Press|p1a: Hawlucha
|-end|p1a: Hawlucha|Substitute
|
|-fieldend|Misty Terrain
|upkeep
|turn|24
|
|t:|1760824201
|move|p1a: Hawlucha|Close Combat|p2a: Skarmory
|-damage|p2a: Skarmory|23/100
|-unboost|p1a: Hawlucha|def|1
|-unboost|p1a: Hawlucha|spd|1
|-damage|p1a: Hawlucha|0 fnt|[from] item: Rocky Helmet|[of] p2a: Skarmory
|faint|p1a: Hawlucha
|move|p2a: Skarmory|Body Press|p1: Hawlucha|[notarget]
|-fail|p2a: Skarmory
|
|upkeep
|
|t:|1760824206
|switch|p1a: misters6749|Weezing-Galar, F, shiny|100/100
|-fieldstart|move: Misty Terrain|[from] ability: Misty Surge|[of] p1a: misters6749
|turn|25
|
|t:|1760824212
|switch|p2a: Bellibolt|Bellibolt, M|100/100
|move|p1a: misters6749|Fire Blast|p2a: Bellibolt
|-damage|p2a: Bellibolt|81/100
|-start|p2a: Bellibolt|Charge|Fire Blast|[from] ability: Electromorphosis
|
|upkeep
|turn|26
|
|t:|1760824221
|move|p1a: misters6749|Sludge Wave|p2a: Bellibolt
|-damage|p2a: Bellibolt|57/100
|-start|p2a: Bellibolt|Charge|Sludge Wave|[from] ability: Electromorphosis
|move|p2a: Bellibolt|Volt Switch|p1a: misters6749
|-damage|p1a: misters6749|20/100
|-end|p2a: Bellibolt|Charge|[silent]
|
|t:|1760824229
|switch|p2a: Great Tusk|Great Tusk|49/100|[from] Volt Switch
|
|upkeep
|turn|27
|
|t:|1760824234
|move|p2a: Great Tusk|Headlong Rush|p1a: misters6749
|-supereffective|p1a: misters6749
|-damage|p1a: misters6749|0 fnt
|-unboost|p2a: Great Tusk|def|1
|-unboost|p2a: Great Tusk|spd|1
|faint|p1a: misters6749
|
|upkeep
|
|t:|1760824237
|switch|p1a: Iron Crown|Iron Crown|100/100
|-enditem|p1a: Iron Crown|Booster Energy
|-activate|p1a: Iron Crown|ability: Quark Drive|[fromitem]
|-start|p1a: Iron Crown|quarkdrivespe
|turn|28
|
|t:|1760824262
|-end|p2a: Great Tusk|Protosynthesis|[silent]
|switch|p2a: Skarmory|Skarmory, M|23/100
|move|p1a: Iron Crown|Psychic Noise|p2a: Skarmory
|-resisted|p2a: Skarmory
|-damage|p2a: Skarmory|0 fnt
|faint|p2a: Skarmory
|
|upkeep
|
|t:|1760824264
|switch|p2a: Garchomp|Garchomp, F|100/100
|turn|29
|
|t:|1760824269
|move|p1a: Iron Crown|Tachyon Cutter|p2a: Garchomp
|-damage|p2a: Garchomp|75/100
|-damage|p2a: Garchomp|50/100
|-hitcount|p2a: Garchomp|2
|move|p2a: Garchomp|Earthquake|p1a: Iron Crown
|-supereffective|p1a: Iron Crown
|-damage|p1a: Iron Crown|0 fnt
|faint|p1a: Iron Crown
|-end|p1a: Iron Crown|Quark Drive|[silent]
|
|upkeep
|
|t:|1760824273
|switch|p1a: Kingambit|Kingambit, F|100/100
|-activate|p1a: Kingambit|ability: Supreme Overlord
|-start|p1a: Kingambit|fallen5|[silent]
|-item|p1a: Kingambit|Air Balloon
|turn|30
|
|t:|1760824285
|switch|p2a: Bellibolt|Bellibolt, M|57/100
|move|p1a: Kingambit|Sucker Punch||[still]
|-fail|p1a: Kingambit
|
|upkeep
|turn|31
|
|t:|1760824288
|move|p1a: Kingambit|Kowtow Cleave|p2a: Bellibolt
|-damage|p2a: Bellibolt|0 fnt
|faint|p2a: Bellibolt
|
|upkeep
|
|t:|1760824292
|switch|p2a: Great Tusk|Great Tusk|49/100
|turn|32
|
|t:|1760824296
|move|p1a: Kingambit|Sucker Punch|p2a: Great Tusk
|-resisted|p2a: Great Tusk
|-damage|p2a: Great Tusk|27/100
|move|p2a: Great Tusk|Close Combat|p1a: Kingambit
|-supereffective|p1a: Kingambit
|-damage|p1a: Kingambit|0 fnt
|-unboost|p2a: Great Tusk|def|1
|-unboost|p2a: Great Tusk|spd|1
|-enditem|p1a: Kingambit|Air Balloon
|faint|p1a: Kingambit
|-end|p1a: Kingambit|fallen5|[silent]
|
|win|Grunt92
|raw|6969VuLCaN6969's rating: 1368 &rarr; <strong>1350</strong><br />(-18 for losing)
|raw|Grunt92's rating: 1405 &rarr; <strong>1423</strong><br />(+18 for winning)
|l|☆6969VuLCaN6969
|player|p1|
|l|☆Grunt92
|player|p2|
