|j|☆crazey19
|j|☆pankake69
|t:|1760819515
|gametype|singles
|player|p1|crazey19|265|1490
|player|p2|pankake69|hiker-gen4|1522
|gen|9
|tier|[Gen 9] OU
|rated|
|rule|HP Percentage Mod: HP is shown in percentages
|rule|Endless Battle Clause: Forcing endless battles is banned
|rule|Species Clause: Limit one of each Pokémon
|rule|OHKO Clause: OHKO moves are banned
|rule|Evasion Items Clause: Evasion items are banned
|rule|Evasion Moves Clause: Evasion moves are banned
|rule|Evasion Abilities Clause: Evasion abilities are banned
|rule|Sleep Moves Clause: Sleep-inducing moves are banned
|clearpoke
|poke|p1|Sceptile, M|
|poke|p1|Rillaboom, M|
|poke|p1|Iron Moth|
|poke|p1|Glimmora, F|
|poke|p1|Samurott-Hisui, F|
|poke|p1|Iron Crown|
|poke|p2|Rillaboom, F|
|poke|p2|Heatran, F|
|poke|p2|Great Tusk|
|poke|p2|Tornadus-Therian, M|
|poke|p2|Primarina, M|
|poke|p2|Ting-Lu|
|teampreview
|inactive|Battle timer is ON: inactive players will automatically lose when time's up. (requested by pankake69)
|
|t:|1760819542
|teamsize|p1|6
|teamsize|p2|6
|start
|switch|p1a: Glimmora|Glimmora, F|100/100
|switch|p2a: Ting-Lu|Ting-Lu|100/100
|-ability|p2a: Ting-Lu|Vessel of Ruin
|turn|1
|
|t:|1760819551
|move|p1a: Glimmora|Stealth Rock|p2a: Ting-Lu
|-sidestart|p2: pankake69|move: Stealth Rock
|move|p2a: Ting-Lu|Spikes|p1a: Glimmora
|-sidestart|p1: crazey19|Spikes
|
|upkeep
|turn|2
|
|t:|1760819555
|move|p1a: Glimmora|Mortal Spin|p2a: Ting-Lu
|-resisted|p2a: Ting-Lu
|-damage|p2a: Ting-Lu|99/100
|-status|p2a: Ting-Lu|psn
|-sideend|p1: crazey19|Spikes|[from] move: Mortal Spin|[of] p1a: Glimmora
|move|p2a: Ting-Lu|Ruination|p1a: Glimmora
|-damage|p1a: Glimmora|51/100
|
|-heal|p2a: Ting-Lu|100/100 psn|[from] item: Leftovers
|-damage|p2a: Ting-Lu|88/100 psn|[from] psn
|upkeep
|turn|3
|
|t:|1760819562
|move|p1a: Glimmora|Earth Power|p2a: Ting-Lu
|-damage|p2a: Ting-Lu|76/100 psn
|move|p2a: Ting-Lu|Stomping Tantrum|p1a: Glimmora
|-supereffective|p1a: Glimmora
|-damage|p1a: Glimmora|0 fnt
|-activate|p1a: Glimmora|ability: Toxic Debris
|-sidestart|p2: pankake69|move: Toxic Spikes
|faint|p1a: Glimmora
|
|-heal|p2a: Ting-Lu|82/100 psn|[from] item: Leftovers
|-damage|p2a: Ting-Lu|69/100 psn|[from] psn
|upkeep
|
|t:|1760819566
|switch|p1a: Rillaboom|Rillaboom, M|100/100
|-fieldstart|move: Grassy Terrain|[from] ability: Grassy Surge|[of] p1a: Rillaboom
|turn|4
|
|t:|1760819573
|switch|p2a: Tornadus|Tornadus-Therian, M|100/100
|move|p1a: Rillaboom|Knock Off|p2a: Tornadus
|-damage|p2a: Tornadus|59/100
|-enditem|p2a: Tornadus|Heavy-Duty Boots|[from] move: Knock Off|[of] p1a: Rillaboom
|
|upkeep
|turn|5
|
|t:|1760819579
|switch|p1a: Iron Crown|Iron Crown|100/100
|move|p2a: Tornadus|U-turn|p1a: Iron Crown
|-damage|p1a: Iron Crown|84/100
|
|t:|1760819582
|switch|p2a: Great Tusk|Great Tusk|100/100|[from] U-turn
|-damage|p2a: Great Tusk|98/100|[from] Stealth Rock
|-status|p2a: Great Tusk|psn
|-enditem|p2a: Great Tusk|Booster Energy
|-activate|p2a: Great Tusk|ability: Protosynthesis|[fromitem]
|-start|p2a: Great Tusk|protosynthesisspe
|
|-heal|p2a: Great Tusk|100/100 psn|[from] Grassy Terrain
|-heal|p1a: Iron Crown|90/100|[from] Grassy Terrain
|-damage|p2a: Great Tusk|88/100 psn|[from] psn
|upkeep
|turn|6
|
|t:|1760819589
|-end|p1a: Iron Crown|Quark Drive|[silent]
|switch|p1a: Rillaboom|Rillaboom, M|100/100
|move|p2a: Great Tusk|Rapid Spin|p1a: Rillaboom
|-damage|p1a: Rillaboom|86/100
|-boost|p2a: Great Tusk|spe|1
|-sideend|p2: pankake69|Toxic Spikes|[from] move: Rapid Spin|[of] p2a: Great Tusk
|-sideend|p2: pankake69|Stealth Rock|[from] move: Rapid Spin|[of] p2a: Great Tusk
|
|-heal|p2a: Great Tusk|94/100 psn|[from] Grassy Terrain
|-heal|p1a: Rillaboom|92/100|[from] Grassy Terrain
|-damage|p2a: Great Tusk|82/100 psn|[from] psn
|upkeep
|turn|7
|
|t:|1760819594
|-end|p2a: Great Tusk|Protosynthesis|[silent]
|switch|p2a: Tornadus|Tornadus-Therian, M|92/100
|move|p1a: Rillaboom|Grassy Glide|p2a: Tornadus
|-resisted|p2a: Tornadus
|-damage|p2a: Tornadus|69/100
|
|-heal|p1a: Rillaboom|98/100|[from] Grassy Terrain
|upkeep
|turn|8
|
|t:|1760819601
|move|p2a: Tornadus|Knock Off|p1a: Rillaboom
|-crit|p1a: Rillaboom
|-damage|p1a: Rillaboom|70/100
|-enditem|p1a: Rillaboom|Terrain Extender|[from] move: Knock Off|[of] p2a: Tornadus
|move|p1a: Rillaboom|U-turn|p2a: Tornadus
|-resisted|p2a: Tornadus
|-damage|p2a: Tornadus|53/100
|
|t:|1760819614
|switch|p1a: lizard|Sceptile, M, shiny|100/100|[from] U-turn
|-enditem|p1a: lizard|Grassy Seed
|-boost|p1a: lizard|def|1|[from] item: Grassy Seed
|
|upkeep
|turn|9
|
|t:|1760819624
|-terastallize|p1a: lizard|Fairy
|move|p1a: lizard|Swords Dance|p1a: lizard
|-boost|p1a: lizard|atk|2
|move|p2a: Tornadus|Bleakwind Storm|p1a: lizard
|-damage|p1a: lizard|53/100
|-unboost|p1a: lizard|spe|1
|
|-heal|p1a: lizard|59/100|[from] Grassy Terrain
|upkeep
|turn|10
|
|t:|1760819638
|switch|p2a: Great Tusk|Great Tusk|82/100 psn
|move|p1a: lizard|Leaf Blade|p2a: Great Tusk
|-supereffective|p2a: Great Tusk
|-damage|p2a: Great Tusk|0 fnt
|faint|p2a: Great Tusk
|-end|p2a: Great Tusk|Protosynthesis|[silent]
|
|-heal|p1a: lizard|65/100|[from] Grassy Terrain
|upkeep
|
|t:|1760819643
|switch|p2a: Rillaboom|Rillaboom, F|100/100
|turn|11
|
|t:|1760819647
|move|p2a: Rillaboom|Grassy Glide|p1a: lizard
|-damage|p1a: lizard|26/100
|move|p1a: lizard|Drain Punch|p2a: Rillaboom
|-damage|p2a: Rillaboom|59/100
|-heal|p1a: lizard|53/100|[from] drain|[of] p2a: Rillaboom
|
|-heal|p1a: lizard|59/100|[from] Grassy Terrain
|-heal|p2a: Rillaboom|66/100|[from] Grassy Terrain
|-fieldend|move: Grassy Terrain
|upkeep
|turn|12
|
|t:|1760819656
|switch|p2a: Tornadus|Tornadus-Therian, M|86/100
|move|p1a: lizard|Drain Punch|p2a: Tornadus
|-resisted|p2a: Tornadus
|-damage|p2a: Tornadus|63/100
|-heal|p1a: lizard|73/100|[from] drain|[of] p2a: Tornadus
|
|upkeep
|turn|13
|
|t:|1760819659
|move|p1a: lizard|Leaf Blade|p2a: Tornadus
|-resisted|p2a: Tornadus
|-damage|p2a: Tornadus|23/100
|move|p2a: Tornadus|Bleakwind Storm|p1a: lizard
|-damage|p1a: lizard|27/100
|
|upkeep
|turn|14
|
|t:|1760819669
|switch|p2a: Rillaboom|Rillaboom, F|66/100
|-fieldstart|move: Grassy Terrain|[from] ability: Grassy Surge|[of] p2a: Rillaboom
|move|p1a: lizard|Drain Punch|p2a: Rillaboom
|-damage|p2a: Rillaboom|25/100
|-heal|p1a: lizard|54/100|[from] drain|[of] p2a: Rillaboom
|
|-heal|p1a: lizard|60/100|[from] Grassy Terrain
|-heal|p2a: Rillaboom|31/100|[from] Grassy Terrain
|upkeep
|turn|15
|
|t:|1760819674
|-terastallize|p2a: Rillaboom|Grass
|move|p2a: Rillaboom|Grassy Glide|p1a: lizard
|-damage|p1a: lizard|5/100
|move|p1a: lizard|Drain Punch|p2a: Rillaboom
|-damage|p2a: Rillaboom|0 fnt
|-heal|p1a: lizard|25/100|[from] drain|[of] p2a: Rillaboom
|faint|p2a: Rillaboom
|
|-heal|p1a: lizard|31/100|[from] Grassy Terrain
|upkeep
|
|t:|1760819681
|switch|p2a: Tornadus|Tornadus-Therian, M|56/100
|turn|16
|
|t:|1760819686
|move|p1a: lizard|Leaf Blade|p2a: Tornadus
|-resisted|p2a: Tornadus
|-crit|p2a: Tornadus
|-damage|p2a: Tornadus|0 fnt
|faint|p2a: Tornadus
|
|-heal|p1a: lizard|37/100|[from] Grassy Terrain
|upkeep
|
|t:|1760819693
|switch|p2a: Heatran|Heatran, F|100/100
|turn|17
|
|t:|1760819700
|move|p1a: lizard|Drain Punch|p2a: Heatran
|-supereffective|p2a: Heatran
|-damage|p2a: Heatran|31/100
|-heal|p1a: lizard|81/100|[from] drain|[of] p2a: Heatran
|move|p2a: Heatran|Magma Storm|p1a: lizard
|-damage|p1a: lizard|22/100
|-activate|p1a: lizard|move: Magma Storm|[of] p2a: Heatran
|
|-heal|p1a: lizard|28/100|[from] Grassy Terrain
|-heal|p2a: Heatran|37/100|[from] Grassy Terrain
|-heal|p2a: Heatran|44/100|[from] item: Leftovers
|-damage|p1a: lizard|16/100|[from] move: Magma Storm|[partiallytrapped]
|upkeep
|turn|18
|
|t:|1760819710
|move|p1a: lizard|Drain Punch|p2a: Heatran
|-supereffective|p2a: Heatran
|-damage|p2a: Heatran|0 fnt
|-heal|p1a: lizard|44/100|[from] drain|[of] p2a: Heatran
|faint|p2a: Heatran
|
|-heal|p1a: lizard|50/100|[from] Grassy Terrain
|-end|p1a: lizard|Magma Storm|[partiallytrapped]|[silent]
|upkeep
|
|t:|1760819712
|switch|p2a: Ting-Lu|Ting-Lu|69/100 psn
|-ability|p2a: Ting-Lu|Vessel of Ruin
|turn|19
|
|t:|1760819715
|move|p1a: lizard|Leaf Blade|p2a: Ting-Lu
|-supereffective|p2a: Ting-Lu
|-damage|p2a: Ting-Lu|0 fnt
|faint|p2a: Ting-Lu
|
|-heal|p1a: lizard|56/100|[from] Grassy Terrain
|upkeep
|-message|pankake69 forfeited.
|
|win|crazey19
|raw|crazey19's rating: 1490 &rarr; <strong>1512</strong><br />(+22 for winning)
|raw|pankake69's rating: 1522 &rarr; <strong>1500</strong><br />(-22 for losing)
|l|☆pankake69
|player|p2|
|l|☆crazey19
|player|p1|
