|j|☆HZBKAI3
|j|☆wtxcykl
|t:|1760763308
|gametype|singles
|player|p1|HZBKAI3|266|1137
|player|p2|wtxcykl|rosa|1165
|gen|9
|tier|[Gen 9] OU
|rated|
|rule|HP Percentage Mod: HP is shown in percentages
|rule|Endless Battle Clause: Forcing endless battles is banned
|rule|Species Clause: Limit one of each Pokémon
|rule|OHKO Clause: OHKO moves are banned
|rule|Evasion Items Clause: Evasion items are banned
|rule|Evasion Moves Clause: Evasion moves are banned
|rule|Evasion Abilities Clause: Evasion abilities are banned
|rule|Sleep Moves Clause: Sleep-inducing moves are banned
|clearpoke
|poke|p1|Jirachi|
|poke|p1|Gholdengo|
|poke|p1|Gliscor, F|
|poke|p1|Iron Moth|
|poke|p1|Quaquaval, M|
|poke|p1|Iron Boulder|
|poke|p2|Galvantula, F|
|poke|p2|Golem-Alola, M|
|poke|p2|Metagross|
|poke|p2|Scizor, F|
|poke|p2|Dondozo, F|
|poke|p2|Gallade, M|
|teampreview
|inactive|Battle timer is ON: inactive players will automatically lose when time's up. (requested by wtxcykl)
|
|t:|1760763317
|teamsize|p1|6
|teamsize|p2|6
|start
|switch|p1a: Gliscor|Gliscor, F|100/100
|switch|p2a: Galvantula|Galvantula, F|100/100
|turn|1
|
|t:|1760763324
|move|p2a: Galvantula|Sticky Web|p1a: Gliscor
|-sidestart|p1: HZBKAI3|move: Sticky Web
|move|p1a: Gliscor|Knock Off|p2a: Galvantula
|-damage|p2a: Galvantula|59/100
|-enditem|p2a: Galvantula|Focus Sash|[from] move: Knock Off|[of] p1a: Gliscor
|
|-status|p1a: Gliscor|tox|[from] item: Toxic Orb
|upkeep
|turn|2
|
|t:|1760763332
|move|p2a: Galvantula|Bug Buzz|p1a: Gliscor
|-resisted|p1a: Gliscor
|-damage|p1a: Gliscor|83/100 tox
|move|p1a: Gliscor|Knock Off|p2a: Galvantula
|-damage|p2a: Galvantula|32/100
|
|-heal|p1a: Gliscor|95/100 tox|[from] ability: Poison Heal
|upkeep
|turn|3
|
|t:|1760763341
|move|p2a: Galvantula|Bug Buzz|p1a: Gliscor
|-resisted|p1a: Gliscor
|-damage|p1a: Gliscor|79/100 tox
|move|p1a: Gliscor|Knock Off|p2a: Galvantula
|-damage|p2a: Galvantula|7/100
|
|-heal|p1a: Gliscor|92/100 tox|[from] ability: Poison Heal
|upkeep
|turn|4
|
|t:|1760763350
|move|p2a: Galvantula|Bug Buzz|p1a: Gliscor
|-resisted|p1a: Gliscor
|-damage|p1a: Gliscor|76/100 tox
|move|p1a: Gliscor|Knock Off|p2a: Galvantula
|-damage|p2a: Galvantula|0 fnt
|faint|p2a: Galvantula
|
|-heal|p1a: Gliscor|88/100 tox|[from] ability: Poison Heal
|upkeep
|
|t:|1760763360
|switch|p2a: Golem|Golem-Alola, M, shiny|100/100
|turn|5
|
|t:|1760763365
|move|p1a: Gliscor|Knock Off|p2a: Golem
|-damage|p2a: Golem|85/100
|-enditem|p2a: Golem|Custap Berry|[from] move: Knock Off|[of] p1a: Gliscor
|move|p2a: Golem|Stealth Rock|p1a: Gliscor
|-sidestart|p1: HZBKAI3|move: Stealth Rock
|
|-heal|p1a: Gliscor|100/100 tox|[from] ability: Poison Heal
|upkeep
|turn|6
|
|t:|1760763375
|move|p1a: Gliscor|Knock Off|p2a: Golem
|-damage|p2a: Golem|74/100
|move|p2a: Golem|Counter|p1a: Gliscor
|-damage|p1a: Gliscor|77/100 tox
|
|-heal|p1a: Gliscor|90/100 tox|[from] ability: Poison Heal
|upkeep
|turn|7
|
|t:|1760763384
|move|p1a: Gliscor|Knock Off|p2a: Golem
|-damage|p2a: Golem|63/100
|move|p2a: Golem|Counter|p1a: Gliscor
|-damage|p1a: Gliscor|69/100 tox
|
|-heal|p1a: Gliscor|81/100 tox|[from] ability: Poison Heal
|upkeep
|turn|8
|
|t:|1760763392
|move|p1a: Gliscor|Knock Off|p2a: Golem
|-damage|p2a: Golem|53/100
|move|p2a: Golem|Counter|p1a: Gliscor
|-damage|p1a: Gliscor|60/100 tox
|
|-heal|p1a: Gliscor|72/100 tox|[from] ability: Poison Heal
|upkeep
|turn|9
|
|t:|1760763403
|move|p1a: Gliscor|Knock Off|p2a: Golem
|-damage|p2a: Golem|42/100
|move|p2a: Golem|Counter|p1a: Gliscor
|-damage|p1a: Gliscor|49/100 tox
|
|-heal|p1a: Gliscor|61/100 tox|[from] ability: Poison Heal
|upkeep
|turn|10
|
|t:|1760763412
|move|p1a: Gliscor|Knock Off|p2a: Golem
|-damage|p2a: Golem|31/100
|move|p2a: Golem|Counter|p1a: Gliscor
|-damage|p1a: Gliscor|40/100 tox
|
|-heal|p1a: Gliscor|52/100 tox|[from] ability: Poison Heal
|upkeep
|turn|11
|
|t:|1760763421
|move|p1a: Gliscor|Knock Off|p2a: Golem
|-damage|p2a: Golem|21/100
|move|p2a: Golem|Counter|p1a: Gliscor
|-damage|p1a: Gliscor|30/100 tox
|
|-heal|p1a: Gliscor|43/100 tox|[from] ability: Poison Heal
|upkeep
|turn|12
|
|t:|1760763430
|move|p1a: Gliscor|Knock Off|p2a: Golem
|-damage|p2a: Golem|10/100
|move|p2a: Golem|Explosion|p1a: Gliscor
|-damage|p1a: Gliscor|0 fnt
|faint|p2a: Golem
|faint|p1a: Gliscor
|
|upkeep
|
|t:|1760763441
|switch|p1a: Iron Boulder|Iron Boulder|100/100
|switch|p2a: Gallade|Gallade, M, shiny|100/100
|-activate|p1a: Iron Boulder|move: Sticky Web
|-unboost|p1a: Iron Boulder|spe|1
|-damage|p1a: Iron Boulder|88/100|[from] Stealth Rock
|-enditem|p1a: Iron Boulder|Booster Energy
|-activate|p1a: Iron Boulder|ability: Quark Drive|[fromitem]
|-start|p1a: Iron Boulder|quarkdriveatk
|turn|13
|inactive|wtxcykl has 120 seconds left.
|
|t:|1760763473
|-terastallize|p2a: Gallade|Stellar
|move|p2a: Gallade|Solar Blade||[still]
|-prepare|p2a: Gallade|Solar Blade
|-enditem|p2a: Gallade|Power Herb
|-anim|p2a: Gallade|Solar Blade|p1a: Iron Boulder
|-supereffective|p1a: Iron Boulder
|-damage|p1a: Iron Boulder|0 fnt
|faint|p1a: Iron Boulder
|-end|p1a: Iron Boulder|Quark Drive|[silent]
|
|upkeep
|
|t:|1760763474
|switch|p1a: Jirachi|Jirachi|100/100
|-activate|p1a: Jirachi|move: Sticky Web
|-unboost|p1a: Jirachi|spe|1
|-damage|p1a: Jirachi|94/100|[from] Stealth Rock
|turn|14
|inactive|wtxcykl has 120 seconds left.
|
|t:|1760763492
|move|p2a: Gallade|Sacred Sword|p1a: Jirachi
|-damage|p1a: Jirachi|8/100
|move|p1a: Jirachi|Aura Sphere|p2a: Gallade
|-resisted|p2a: Gallade
|-damage|p2a: Gallade|88/100
|
|-heal|p1a: Jirachi|14/100|[from] item: Leftovers
|upkeep
|turn|15
|
|t:|1760763502
|-terastallize|p1a: Jirachi|Steel
|move|p2a: Gallade|Sacred Sword|p1a: Jirachi
|-supereffective|p1a: Jirachi
|-damage|p1a: Jirachi|0 fnt
|faint|p1a: Jirachi
|
|upkeep
|
|t:|1760763502
|switch|p1a: Gholdengo|Gholdengo|100/100
|-damage|p1a: Gholdengo|94/100|[from] Stealth Rock
|-item|p1a: Gholdengo|Air Balloon
|turn|16
|
|t:|1760763518
|switch|p2a: Dondozo|Dondozo, F|100/100
|move|p1a: Gholdengo|Make It Rain|p2a: Dondozo
|-resisted|p2a: Dondozo
|-damage|p2a: Dondozo|82/100
|-unboost|p1a: Gholdengo|spa|1
|
|upkeep
|turn|17
|inactive|wtxcykl has 120 seconds left.
|
|t:|1760763536
|move|p1a: Gholdengo|Shadow Ball|p2a: Dondozo
|-damage|p2a: Dondozo|56/100
|move|p2a: Dondozo|Order Up|p1a: Gholdengo
|-resisted|p1a: Gholdengo
|-damage|p1a: Gholdengo|82/100
|-enditem|p1a: Gholdengo|Air Balloon
|
|upkeep
|turn|18
|inactive|wtxcykl has 120 seconds left.
|
|t:|1760763553
|move|p1a: Gholdengo|Shadow Ball|p2a: Dondozo
|-damage|p2a: Dondozo|31/100
|move|p2a: Dondozo|Wave Crash|p1a: Gholdengo
|-crit|p1a: Gholdengo
|-damage|p1a: Gholdengo|0 fnt
|faint|p1a: Gholdengo
|-damage|p2a: Dondozo|14/100|[from] Recoil
|
|upkeep
|
|t:|1760763553
|switch|p1a: Iron Moth|Iron Moth|100/100
|-activate|p1a: Iron Moth|move: Sticky Web
|-unboost|p1a: Iron Moth|spe|1
|-damage|p1a: Iron Moth|76/100|[from] Stealth Rock
|-enditem|p1a: Iron Moth|Booster Energy
|-activate|p1a: Iron Moth|ability: Quark Drive|[fromitem]
|-start|p1a: Iron Moth|quarkdrivespa
|turn|19
|inactive|wtxcykl has 120 seconds left.
|
|t:|1760763571
|move|p1a: Iron Moth|Sludge Wave|p2a: Dondozo
|-damage|p2a: Dondozo|0 fnt
|faint|p2a: Dondozo
|
|upkeep
|
|t:|1760763576
|switch|p2a: Gallade|Gallade, M, shiny, tera:Stellar|88/100
|turn|20
|
|t:|1760763579
|move|p2a: Gallade|Psycho Cut|p1a: Iron Moth
|-supereffective|p1a: Iron Moth
|-damage|p1a: Iron Moth|0 fnt
|faint|p1a: Iron Moth
|-end|p1a: Iron Moth|Quark Drive|[silent]
|
|upkeep
|
|t:|1760763580
|switch|p1a: Quaquaval|Quaquaval, M|100/100
|-activate|p1a: Quaquaval|move: Sticky Web
|-unboost|p1a: Quaquaval|spe|1
|-damage|p1a: Quaquaval|94/100|[from] Stealth Rock
|turn|21
|
|t:|1760763589
|move|p2a: Gallade|Psycho Cut|p1a: Quaquaval
|-supereffective|p1a: Quaquaval
|-damage|p1a: Quaquaval|0 fnt
|faint|p1a: Quaquaval
|
|win|wtxcykl
|raw|HZBKAI3's rating: 1137 &rarr; <strong>1114</strong><br />(-23 for losing)
|raw|wtxcykl's rating: 1165 &rarr; <strong>1188</strong><br />(+23 for winning)
|l|☆HZBKAI3
|player|p1|
|l|☆wtxcykl
|player|p2|
