|j|☆gus2007
|j|☆Kopecora
|t:|1760791486
|gametype|singles
|player|p1|gus2007|102|1226
|player|p2|Kopecora|2|1215
|gen|9
|tier|[Gen 9] OU
|rated|
|rule|HP Percentage Mod: HP is shown in percentages
|rule|Endless Battle Clause: Forcing endless battles is banned
|rule|Species Clause: Limit one of each Pokémon
|rule|OHKO Clause: OHKO moves are banned
|rule|Evasion Items Clause: Evasion items are banned
|rule|Evasion Moves Clause: Evasion moves are banned
|rule|Evasion Abilities Clause: Evasion abilities are banned
|rule|Sleep Moves Clause: Sleep-inducing moves are banned
|clearpoke
|poke|p1|Gholdengo|
|poke|p1|Alomomola, M|
|poke|p1|Iron Valiant|
|poke|p1|Dragapult, M|
|poke|p1|Samurott-Hisui, F|
|poke|p1|Landorus-Therian, M|
|poke|p2|Iron Treads|
|poke|p2|Milotic, M|
|poke|p2|Metagross|
|poke|p2|Reuniclus, M|
|poke|p2|Gyarados, F|
|poke|p2|Grimmsnarl, M|
|teampreview
|inactive|Battle timer is ON: inactive players will automatically lose when time's up. (requested by gus2007)
|
|t:|1760791490
|teamsize|p1|6
|teamsize|p2|6
|start
|switch|p1a: Samurott|Samurott-Hisui, F|100/100
|switch|p2a: Grimmsnarl|Grimmsnarl, M|100/100
|turn|1
|
|t:|1760791498
|move|p2a: Grimmsnarl|Reflect|p2a: Grimmsnarl
|-sidestart|p2: Kopecora|Reflect
|move|p1a: Samurott|Aqua Cutter|p2a: Grimmsnarl
|-damage|p2a: Grimmsnarl|66/100
|
|upkeep
|turn|2
|
|t:|1760791503
|move|p2a: Grimmsnarl|Light Screen|p2a: Grimmsnarl
|-sidestart|p2: Kopecora|move: Light Screen
|move|p1a: Samurott|Aqua Cutter|p2a: Grimmsnarl
|-damage|p2a: Grimmsnarl|33/100
|
|upkeep
|turn|3
|
|t:|1760791508
|move|p2a: Grimmsnarl|Parting Shot|p1a: Samurott
|-hint|Since gen 7, Dark is immune to Prankster moves.
|-immune|p1a: Samurott
|move|p1a: Samurott|Aqua Cutter|p2a: Grimmsnarl
|-crit|p2a: Grimmsnarl
|-damage|p2a: Grimmsnarl|0 fnt
|faint|p2a: Grimmsnarl
|
|upkeep
|
|t:|1760791515
|switch|p2a: Gyarados|Gyarados, F, shiny|100/100
|turn|4
|
|t:|1760791520
|switch|p1a: Landorus|Landorus-Therian, M|100/100
|-ability|p1a: Landorus|Intimidate|boost
|-unboost|p2a: Gyarados|atk|1
|move|p2a: Gyarados|Dragon Dance|p2a: Gyarados
|-boost|p2a: Gyarados|atk|1
|-boost|p2a: Gyarados|spe|1
|
|upkeep
|turn|5
|
|t:|1760791537
|switch|p2a: Milotic|Milotic, M|100/100
|move|p1a: Landorus|U-turn|p2a: Milotic
|-damage|p2a: Milotic|90/100
|
|t:|1760791542
|switch|p1a: Dragapult|Dragapult, M|100/100|[from] U-turn
|
|-status|p2a: Milotic|brn|[from] item: Flame Orb
|upkeep
|turn|6
|
|t:|1760791556
|switch|p1a: Landorus|Landorus-Therian, M|100/100
|-ability|p1a: Landorus|Intimidate|boost
|-unboost|p2a: Milotic|atk|1
|move|p2a: Milotic|Ice Beam|p1a: Landorus
|-supereffective|p1a: Landorus
|-damage|p1a: Landorus|0 fnt
|faint|p1a: Landorus
|
|-damage|p2a: Milotic|84/100 brn|[from] brn
|upkeep
|inactive|gus2007 has 120 seconds left.
|
|t:|1760791594
|switch|p1a: Iron Valiant|Iron Valiant|100/100
|-enditem|p1a: Iron Valiant|Booster Energy
|-activate|p1a: Iron Valiant|ability: Quark Drive|[fromitem]
|-start|p1a: Iron Valiant|quarkdrivespe
|turn|7
|
|t:|1760791600
|move|p1a: Iron Valiant|Calm Mind|p1a: Iron Valiant
|-boost|p1a: Iron Valiant|spa|1
|-boost|p1a: Iron Valiant|spd|1
|move|p2a: Milotic|Scald|p1a: Iron Valiant
|-damage|p1a: Iron Valiant|68/100
|
|-damage|p2a: Milotic|78/100 brn|[from] brn
|upkeep
|turn|8
|
|t:|1760791609
|move|p1a: Iron Valiant|Calm Mind|p1a: Iron Valiant
|-boost|p1a: Iron Valiant|spa|1
|-boost|p1a: Iron Valiant|spd|1
|move|p2a: Milotic|Scald|p1a: Iron Valiant
|-damage|p1a: Iron Valiant|42/100
|
|-damage|p2a: Milotic|72/100 brn|[from] brn
|-sideend|p2: Kopecora|Reflect
|upkeep
|turn|9
|
|t:|1760791617
|move|p1a: Iron Valiant|Calm Mind|p1a: Iron Valiant
|-boost|p1a: Iron Valiant|spa|1
|-boost|p1a: Iron Valiant|spd|1
|move|p2a: Milotic|Mirror Coat||[still]
|-fail|p2a: Milotic
|
|-damage|p2a: Milotic|66/100 brn|[from] brn
|-sideend|p2: Kopecora|move: Light Screen
|upkeep
|turn|10
|
|t:|1760791625
|move|p1a: Iron Valiant|Thunderbolt|p2a: Milotic
|-supereffective|p2a: Milotic
|-damage|p2a: Milotic|0 fnt
|faint|p2a: Milotic
|
|upkeep
|
|t:|1760791632
|switch|p2a: Metagross|Metagross|100/100
|turn|11
|
|t:|1760791638
|-terastallize|p1a: Iron Valiant|Electric
|move|p1a: Iron Valiant|Thunderbolt|p2a: Metagross
|-damage|p2a: Metagross|0 fnt
|faint|p2a: Metagross
|
|upkeep
|
|t:|1760791644
|switch|p2a: Iron Treads|Iron Treads|100/100
|-enditem|p2a: Iron Treads|Booster Energy
|-activate|p2a: Iron Treads|ability: Quark Drive|[fromitem]
|-start|p2a: Iron Treads|quarkdrivespe
|turn|12
|
|t:|1760791652
|move|p1a: Iron Valiant|Moonblast|p2a: Iron Treads
|-resisted|p2a: Iron Treads
|-damage|p2a: Iron Treads|25/100
|move|p2a: Iron Treads|Earthquake|p1a: Iron Valiant
|-supereffective|p1a: Iron Valiant
|-damage|p1a: Iron Valiant|0 fnt
|faint|p1a: Iron Valiant
|-end|p1a: Iron Valiant|Quark Drive|[silent]
|
|upkeep
|
|t:|1760791657
|switch|p1a: Samurott|Samurott-Hisui, F|100/100
|turn|13
|
|t:|1760791666
|move|p2a: Iron Treads|Knock Off|p1a: Samurott
|-resisted|p1a: Samurott
|-damage|p1a: Samurott|82/100
|-enditem|p1a: Samurott|Choice Scarf|[from] move: Knock Off|[of] p2a: Iron Treads
|move|p1a: Samurott|Flip Turn|p2a: Iron Treads
|-supereffective|p2a: Iron Treads
|-damage|p2a: Iron Treads|0 fnt
|faint|p2a: Iron Treads
|-end|p2a: Iron Treads|Quark Drive|[silent]
|
|t:|1760791670
|switch|p1a: Gholdengo|Gholdengo|100/100|[from] Flip Turn
|-item|p1a: Gholdengo|Air Balloon
|
|upkeep
|
|t:|1760791677
|switch|p2a: Reuniclus|Reuniclus, M|100/100
|turn|14
|
|t:|1760791680
|move|p1a: Gholdengo|Nasty Plot|p1a: Gholdengo
|-boost|p1a: Gholdengo|spa|2
|move|p2a: Reuniclus|Trick Room|p2a: Reuniclus
|-fieldstart|move: Trick Room|[of] p2a: Reuniclus
|
|upkeep
|turn|15
|
|t:|1760791686
|move|p2a: Reuniclus|Shadow Ball|p1a: Gholdengo
|-supereffective|p1a: Gholdengo
|-damage|p1a: Gholdengo|3/100
|-enditem|p1a: Gholdengo|Air Balloon
|move|p1a: Gholdengo|Make It Rain|p2a: Reuniclus
|-damage|p2a: Reuniclus|0 fnt
|-unboost|p1a: Gholdengo|spa|1
|faint|p2a: Reuniclus
|
|upkeep
|
|t:|1760791696
|switch|p2a: Gyarados|Gyarados, F, shiny|100/100
|turn|16
|
|t:|1760791699
|move|p2a: Gyarados|Waterfall|p1a: Gholdengo
|-damage|p1a: Gholdengo|0 fnt
|faint|p1a: Gholdengo
|-ability|p2a: Gyarados|Moxie|boost
|-boost|p2a: Gyarados|atk|1
|
|upkeep
|
|t:|1760791702
|switch|p1a: Alomomola|Alomomola, M|100/100
|turn|17
|
|t:|1760791706
|move|p1a: Alomomola|Scald|p2a: Gyarados
|-resisted|p2a: Gyarados
|-damage|p2a: Gyarados|94/100
|move|p2a: Gyarados|Dragon Dance|p2a: Gyarados
|-boost|p2a: Gyarados|atk|1
|-boost|p2a: Gyarados|spe|1
|
|upkeep
|turn|18
|
|t:|1760791717
|move|p1a: Alomomola|Scald|p2a: Gyarados
|-resisted|p2a: Gyarados
|-damage|p2a: Gyarados|87/100
|move|p2a: Gyarados|Scale Shot|p1a: Alomomola
|-damage|p1a: Alomomola|86/100
|-damage|p1a: Alomomola|73/100
|-damage|p1a: Alomomola|60/100
|-damage|p1a: Alomomola|46/100
|-damage|p1a: Alomomola|31/100
|-hitcount|p1a: Alomomola|5
|-unboost|p2a: Gyarados|def|1
|-boost|p2a: Gyarados|spe|1
|
|-heal|p1a: Alomomola|37/100|[from] item: Leftovers
|-fieldend|move: Trick Room
|upkeep
|turn|19
|
|t:|1760791731
|move|p2a: Gyarados|Scale Shot|p1a: Alomomola
|-damage|p1a: Alomomola|25/100
|-damage|p1a: Alomomola|10/100
|-damage|p1a: Alomomola|0 fnt
|faint|p1a: Alomomola
|-ability|p2a: Gyarados|Moxie|boost
|-boost|p2a: Gyarados|atk|1
|-hitcount|p1: Alomomola|3
|-unboost|p2a: Gyarados|def|1
|-boost|p2a: Gyarados|spe|1
|
|upkeep
|
|t:|1760791735
|switch|p1a: Samurott|Samurott-Hisui, F|82/100
|turn|20
|
|t:|1760791744
|move|p2a: Gyarados|Scale Shot|p1a: Samurott
|-damage|p1a: Samurott|51/100
|-damage|p1a: Samurott|20/100
|-damage|p1a: Samurott|0 fnt
|faint|p1a: Samurott
|-ability|p2a: Gyarados|Moxie|boost
|-boost|p2a: Gyarados|atk|1
|-hitcount|p1: Samurott|3
|-unboost|p2a: Gyarados|def|1
|-boost|p2a: Gyarados|spe|1
|
|upkeep
|-message|gus2007 forfeited.
|
|win|Kopecora
|raw|gus2007's rating: 1226 &rarr; <strong>1200</strong><br />(-26 for losing)
|raw|Kopecora's rating: 1215 &rarr; <strong>1241</strong><br />(+26 for winning)
|l|☆gus2007
|player|p1|
|l|☆Kopecora
|player|p2|
