|j|☆etseysiul
|j|☆Pineapple_almond
|t:|1760793694
|gametype|singles
|player|p1|etseysiul|266|1128
|player|p2|Pineapple_almond|caitlin|1084
|gen|9
|tier|[Gen 9] OU
|rated|
|rule|HP Percentage Mod: HP is shown in percentages
|rule|Endless Battle Clause: Forcing endless battles is banned
|rule|Species Clause: Limit one of each Pokémon
|rule|OHKO Clause: OHKO moves are banned
|rule|Evasion Items Clause: Evasion items are banned
|rule|Evasion Moves Clause: Evasion moves are banned
|rule|Evasion Abilities Clause: Evasion abilities are banned
|rule|Sleep Moves Clause: Sleep-inducing moves are banned
|clearpoke
|poke|p1|Lokix, F|
|poke|p1|Cinderace, F|
|poke|p1|Great Tusk|
|poke|p1|Alomomola, M|
|poke|p1|Enamorus, F|
|poke|p1|Slowking-Galar, F|
|poke|p2|Hatterene, F|
|poke|p2|Alomomola, F|
|poke|p2|Shaymin|
|poke|p2|Ninetales, F|
|poke|p2|Lilligant-Hisui, F|
|poke|p2|Clodsire, F|
|teampreview
|c|☆Pineapple_almond|GL HF!
|
|t:|1760793710
|teamsize|p1|6
|teamsize|p2|6
|start
|switch|p1a: Alomomola|Alomomola, M|100/100
|switch|p2a: Teen Idle|Ninetales, F|100/100
|-weather|SunnyDay|[from] ability: Drought|[of] p2a: Teen Idle
|turn|1
|
|t:|1760793718
|move|p2a: Teen Idle|Solar Beam||[still]
|-prepare|p2a: Teen Idle|Solar Beam
|-anim|p2a: Teen Idle|Solar Beam|p1a: Alomomola
|-supereffective|p1a: Alomomola
|-damage|p1a: Alomomola|71/100
|move|p1a: Alomomola|Body Slam|p2a: Teen Idle
|-damage|p2a: Teen Idle|82/100
|
|-weather|SunnyDay|[upkeep]
|upkeep
|turn|2
|c|☆etseysiul|gl hf
|
|t:|1760793726
|move|p2a: Teen Idle|Will-O-Wisp|p1a: Alomomola|[miss]
|-miss|p2a: Teen Idle|p1a: Alomomola
|move|p1a: Alomomola|Flip Turn|p2a: Teen Idle
|-supereffective|p2a: Teen Idle
|-damage|p2a: Teen Idle|64/100
|
|t:|1760793737
|switch|p1a: Cinderace|Cinderace, F|100/100|[from] Flip Turn
|
|-weather|SunnyDay|[upkeep]
|upkeep
|turn|3
|inactive|Battle timer is ON: inactive players will automatically lose when time's up. (requested by etseysiul)
|
|t:|1760793746
|switch|p2a: ADIAML|Alomomola, F|100/100
|move|p1a: Cinderace|Pyro Ball|p2a: ADIAML
|-resisted|p2a: ADIAML
|-crit|p2a: ADIAML
|-damage|p2a: ADIAML|74/100
|
|-weather|SunnyDay|[upkeep]
|-heal|p2a: ADIAML|80/100|[from] item: Leftovers
|upkeep
|turn|4
|
|t:|1760793753
|move|p1a: Cinderace|U-turn|p2a: ADIAML
|-damage|p2a: ADIAML|70/100
|
|t:|1760793758
|switch|p1a: Alomomola|Alomomola, M|100/100|[from] U-turn
|move|p2a: ADIAML|Scald|p1a: Alomomola
|-resisted|p1a: Alomomola
|-damage|p1a: Alomomola|99/100
|
|-weather|SunnyDay|[upkeep]
|-heal|p2a: ADIAML|76/100|[from] item: Leftovers
|upkeep
|turn|5
|
|t:|1760793766
|move|p2a: ADIAML|Wish|p2a: ADIAML
|move|p1a: Alomomola|Mirror Coat||[still]
|-fail|p1a: Alomomola
|
|-weather|SunnyDay|[upkeep]
|-heal|p2a: ADIAML|82/100|[from] item: Leftovers
|upkeep
|turn|6
|inactive|etseysiul has 120 seconds left.
|
|t:|1760793811
|move|p2a: ADIAML|Scald|p1a: Alomomola
|-resisted|p1a: Alomomola
|-damage|p1a: Alomomola|97/100
|move|p1a: Alomomola|Body Slam|p2a: ADIAML
|-damage|p2a: ADIAML|74/100
|
|-weather|SunnyDay|[upkeep]
|-heal|p2a: ADIAML|100/100|[from] move: Wish|[wisher] ADIAML
|upkeep
|turn|7
|c|☆etseysiul|gag
|
|t:|1760793820
|move|p2a: ADIAML|Scald|p1a: Alomomola
|-resisted|p1a: Alomomola
|-damage|p1a: Alomomola|95/100
|move|p1a: Alomomola|Body Slam|p2a: ADIAML
|-damage|p2a: ADIAML|93/100
|-status|p2a: ADIAML|par
|
|-weather|SunnyDay|[upkeep]
|-heal|p2a: ADIAML|99/100 par|[from] item: Leftovers
|upkeep
|turn|8
|inactive|etseysiul has 120 seconds left.
|
|t:|1760793831
|switch|p1a: Slowking|Slowking-Galar, F|100/100
|move|p2a: ADIAML|Scald|p1a: Slowking
|-damage|p1a: Slowking|96/100
|-status|p1a: Slowking|brn
|
|-weather|none
|-heal|p2a: ADIAML|100/100 par|[from] item: Leftovers
|-damage|p1a: Slowking|90/100 brn|[from] brn
|upkeep
|turn|9
|inactive|etseysiul has 120 seconds left.
|
|t:|1760793840
|move|p2a: ADIAML|Flip Turn|p1a: Slowking
|-damage|p1a: Slowking|79/100 brn
|
|t:|1760793846
|switch|p2a: Teen Idle|Ninetales, F|64/100|[from] Flip Turn
|-weather|SunnyDay|[from] ability: Drought|[of] p2a: Teen Idle
|move|p1a: Slowking|Future Sight|p2a: Teen Idle
|-start|p1a: Slowking|move: Future Sight
|
|-weather|SunnyDay|[upkeep]
|-damage|p1a: Slowking|73/100 brn|[from] brn
|upkeep
|turn|10
|
|t:|1760793854
|move|p2a: Teen Idle|Hex|p1a: Slowking
|-supereffective|p1a: Slowking
|-damage|p1a: Slowking|25/100 brn
|-prepare|p1a: Slowking|Chilly Reception|[premajor]
|move|p1a: Slowking|Chilly Reception|p1a: Slowking
|-weather|Snowscape
|
|t:|1760793861
|switch|p1a: Enamorus|Enamorus, F|100/100|[from] Chilly Reception
|
|-weather|Snowscape|[upkeep]
|upkeep
|turn|11
|
|t:|1760793865
|-terastallize|p1a: Enamorus|Stellar
|move|p1a: Enamorus|Tera Blast|p2a: Teen Idle|[anim] Tera Blast Stellar
|-damage|p2a: Teen Idle|14/100
|-boost|p1a: Enamorus|atk|1
|-boost|p1a: Enamorus|spa|1
|move|p2a: Teen Idle|Will-O-Wisp|p1a: Enamorus
|-status|p1a: Enamorus|brn
|
|-weather|Snowscape|[upkeep]
|-end|p2a: Teen Idle|move: Future Sight
|-damage|p2a: Teen Idle|0 fnt
|faint|p2a: Teen Idle
|-damage|p1a: Enamorus|94/100 brn|[from] brn
|upkeep
|
|t:|1760793884
|switch|p2a: I <3 you|Clodsire, F|100/100
|turn|12
|
|t:|1760793901
|move|p2a: I <3 you|Protect|p2a: I <3 you
|-singleturn|p2a: I <3 you|Protect
|move|p1a: Enamorus|Tera Blast|p2a: I <3 you|[anim] Tera Blast Stellar
|-activate|p2a: I <3 you|move: Protect
|
|-weather|Snowscape|[upkeep]
|-damage|p1a: Enamorus|88/100 brn|[from] brn
|upkeep
|turn|13
|
|t:|1760793906
|move|p1a: Enamorus|Tera Blast|p2a: I <3 you|[anim] Tera Blast Stellar
|-damage|p2a: I <3 you|80/100
|-boost|p1a: Enamorus|atk|1
|-boost|p1a: Enamorus|spa|1
|move|p2a: I <3 you|Haze|p2a: I <3 you
|-clearallboost
|
|-weather|Snowscape|[upkeep]
|-heal|p2a: I <3 you|87/100|[from] item: Black Sludge
|-damage|p1a: Enamorus|82/100 brn|[from] brn
|upkeep
|turn|14
|
|t:|1760793917
|switch|p1a: Great Tusk|Great Tusk|100/100
|move|p2a: I <3 you|Toxic|p1a: Great Tusk
|-status|p1a: Great Tusk|tox
|
|-weather|none
|-heal|p2a: I <3 you|93/100|[from] item: Black Sludge
|-damage|p1a: Great Tusk|94/100 tox|[from] psn
|upkeep
|turn|15
|
|t:|1760793923
|move|p2a: I <3 you|Protect|p2a: I <3 you
|-singleturn|p2a: I <3 you|Protect
|move|p1a: Great Tusk|Bulk Up|p1a: Great Tusk
|-boost|p1a: Great Tusk|atk|1
|-boost|p1a: Great Tusk|def|1
|
|-heal|p1a: Great Tusk|100/100 tox|[from] item: Leftovers
|-heal|p2a: I <3 you|99/100|[from] item: Black Sludge
|-damage|p1a: Great Tusk|88/100 tox|[from] psn
|upkeep
|turn|16
|
|t:|1760793933
|move|p1a: Great Tusk|Earthquake|p2a: I <3 you
|-supereffective|p2a: I <3 you
|-damage|p2a: I <3 you|0 fnt
|faint|p2a: I <3 you
|
|-heal|p1a: Great Tusk|94/100 tox|[from] item: Leftovers
|-damage|p1a: Great Tusk|76/100 tox|[from] psn
|upkeep
|
|t:|1760793948
|switch|p2a: Oh No!|Shaymin|100/100
|turn|17
|inactive|etseysiul has 120 seconds left.
|
|t:|1760793980
|move|p2a: Oh No!|Growth|p2a: Oh No!
|-boost|p2a: Oh No!|atk|1
|-boost|p2a: Oh No!|spa|1
|move|p1a: Great Tusk|Knock Off|p2a: Oh No!
|-damage|p2a: Oh No!|54/100
|-enditem|p2a: Oh No!|Heavy-Duty Boots|[from] move: Knock Off|[of] p1a: Great Tusk
|
|-heal|p1a: Great Tusk|82/100 tox|[from] item: Leftovers
|-damage|p1a: Great Tusk|57/100 tox|[from] psn
|upkeep
|turn|18
|inactive|etseysiul has 120 seconds left.
|
|t:|1760793990
|move|p2a: Oh No!|Seed Flare|p1a: Great Tusk
|-supereffective|p1a: Great Tusk
|-damage|p1a: Great Tusk|0 fnt
|faint|p1a: Great Tusk
|-end|p1a: Great Tusk|Protosynthesis|[silent]
|
|upkeep
|
|t:|1760793995
|switch|p1a: Cinderace|Cinderace, F|100/100
|turn|19
|
|t:|1760793999
|move|p1a: Cinderace|Pyro Ball|p2a: Oh No!
|-supereffective|p2a: Oh No!
|-damage|p2a: Oh No!|0 fnt
|faint|p2a: Oh No!
|
|upkeep
|
|t:|1760794003
|switch|p2a: Froot|Hatterene, F, shiny|100/100
|turn|20
|
|t:|1760794010
|move|p1a: Cinderace|U-turn|p2a: Froot
|-damage|p2a: Froot|80/100
|
|t:|1760794014
|switch|p1a: Slowking|Slowking-Galar, F|58/100 brn|[from] U-turn
|move|p2a: Froot|Nuzzle|p1a: Slowking
|-damage|p1a: Slowking|55/100 brn
|
|-damage|p1a: Slowking|49/100 brn|[from] brn
|upkeep
|turn|21
|
|t:|1760794023
|move|p2a: Froot|Mystical Fire|p1a: Slowking
|-damage|p1a: Slowking|24/100 brn
|-unboost|p1a: Slowking|spa|1
|move|p1a: Slowking|Future Sight|p2a: Froot
|-start|p1a: Slowking|move: Future Sight
|
|-damage|p1a: Slowking|18/100 brn|[from] brn
|upkeep
|turn|22
|
|t:|1760794036
|move|p2a: Froot|Psyshock|p1a: Slowking
|-damage|p1a: Slowking|0 fnt
|faint|p1a: Slowking
|
|upkeep
|inactive|etseysiul has 120 seconds left.
|
|t:|1760794086
|switch|p1a: Lokix|Lokix, F|100/100
|turn|23
|
|t:|1760794091
|move|p1a: Lokix|First Impression|p2a: Froot
|-damage|p2a: Froot|1/100
|move|p2a: Froot|Mystical Fire|p1a: Lokix
|-supereffective|p1a: Lokix
|-damage|p1a: Lokix|0 fnt
|faint|p1a: Lokix
|
|-end|p2a: Froot|move: Future Sight
|-resisted|p2a: Froot
|-damage|p2a: Froot|0 fnt
|faint|p2a: Froot
|upkeep
|
|t:|1760794106
|switch|p1a: Enamorus|Enamorus, F, tera:Stellar|82/100 brn
|switch|p2a: Princess of Power|Lilligant-Hisui, F|100/100
|turn|24
|
|t:|1760794121
|move|p1a: Enamorus|Tera Blast|p2a: Princess of Power|[anim] Tera Blast Stellar
|-damage|p2a: Princess of Power|37/100
|-boost|p1a: Enamorus|atk|1
|-boost|p1a: Enamorus|spa|1
|move|p2a: Princess of Power|Ice Spinner|p1a: Enamorus
|-supereffective|p1a: Enamorus
|-damage|p1a: Enamorus|0 fnt
|faint|p1a: Enamorus
|
|upkeep
|
|t:|1760794129
|switch|p1a: Cinderace|Cinderace, F|100/100
|turn|25
|
|t:|1760794134
|switch|p2a: ADIAML|Alomomola, F|100/100 par
|move|p1a: Cinderace|Pyro Ball|p2a: ADIAML
|-resisted|p2a: ADIAML
|-damage|p2a: ADIAML|87/100 par
|
|-heal|p2a: ADIAML|93/100 par|[from] item: Leftovers
|upkeep
|turn|26
|
|t:|1760794140
|move|p1a: Cinderace|U-turn|p2a: ADIAML
|-damage|p2a: ADIAML|83/100 par
|
|t:|1760794145
|switch|p1a: Alomomola|Alomomola, M|100/100|[from] U-turn
|move|p2a: ADIAML|Wish|p2a: ADIAML
|
|-heal|p2a: ADIAML|90/100 par|[from] item: Leftovers
|upkeep
|turn|27
|
|t:|1760794151
|move|p1a: Alomomola|Body Slam|p2a: ADIAML
|-damage|p2a: ADIAML|82/100 par
|cant|p2a: ADIAML|par
|
|-heal|p2a: ADIAML|100/100 par|[from] move: Wish|[wisher] ADIAML
|upkeep
|turn|28
|
|t:|1760794167
|cant|p2a: ADIAML|par
|move|p1a: Alomomola|Mirror Coat||[still]
|-fail|p1a: Alomomola
|
|upkeep
|turn|29
|
|t:|1760794172
|move|p2a: ADIAML|Wish|p2a: ADIAML
|move|p1a: Alomomola|Mirror Coat||[still]
|-fail|p1a: Alomomola
|
|upkeep
|turn|30
|
|t:|1760794185
|move|p1a: Alomomola|Flip Turn|p2a: ADIAML
|-resisted|p2a: ADIAML
|-damage|p2a: ADIAML|96/100 par
|
|t:|1760794188
|switch|p1a: Cinderace|Cinderace, F|100/100|[from] Flip Turn
|cant|p2a: ADIAML|par
|
|-heal|p2a: ADIAML|100/100 par|[from] move: Wish|[wisher] ADIAML
|upkeep
|turn|31
|
|t:|1760794194
|move|p1a: Cinderace|U-turn|p2a: ADIAML
|-damage|p2a: ADIAML|90/100 par
|c|☆Pineapple_almond|One day I am going to flip turn my wish into lilligant
|
|t:|1760794207
|switch|p1a: Alomomola|Alomomola, M|100/100|[from] U-turn
|move|p2a: ADIAML|Scald|p1a: Alomomola
|-resisted|p1a: Alomomola
|-damage|p1a: Alomomola|97/100
|
|-heal|p2a: ADIAML|97/100 par|[from] item: Leftovers
|upkeep
|turn|32
|
|t:|1760794217
|cant|p2a: ADIAML|par
|move|p1a: Alomomola|Mirror Coat||[still]
|-fail|p1a: Alomomola
|
|-heal|p2a: ADIAML|100/100 par|[from] item: Leftovers
|upkeep
|turn|33
|
|t:|1760794222
|move|p2a: ADIAML|Scald|p1a: Alomomola
|-resisted|p1a: Alomomola
|-damage|p1a: Alomomola|94/100
|move|p1a: Alomomola|Mirror Coat|p2a: ADIAML
|-damage|p2a: ADIAML|94/100 par
|
|-heal|p2a: ADIAML|99/100 par|[from] item: Leftovers
|upkeep
|turn|34
|inactive|etseysiul has 120 seconds left.
|inactive|etseysiul has 90 seconds left.
|inactive|etseysiul has 60 seconds left.
|inactive|etseysiul has 30 seconds left.
|inactive|etseysiul has 20 seconds left.
|inactive|etseysiul has 15 seconds left.
|inactive|etseysiul has 10 seconds left.
|inactive|etseysiul has 5 seconds left.
|-message|etseysiul lost due to inactivity.
|
|win|Pineapple_almond
|raw|etseysiul's rating: 1128 &rarr; <strong>1100</strong><br />(-28 for losing)
|raw|Pineapple_almond's rating: 1084 &rarr; <strong>1115</strong><br />(+31 for winning)
|c|☆Pineapple_almond|GG WP :)
|l|☆Pineapple_almond
|player|p2|
|l|☆etseysiul
|player|p1|
