|j|☆champ bogar
|j|☆nfyhsueryfgius
|t:|1760837182
|gametype|singles
|player|p1|champ bogar|cynthia-masters3|1770
|player|p2|nfyhsueryfgius|ghetsis|1848
|gen|9
|tier|[Gen 9] OU
|rated|
|rule|HP Percentage Mod: HP is shown in percentages
|rule|Endless Battle Clause: Forcing endless battles is banned
|rule|Species Clause: Limit one of each Pokémon
|rule|OHKO Clause: OHKO moves are banned
|rule|Evasion Items Clause: Evasion items are banned
|rule|Evasion Moves Clause: Evasion moves are banned
|rule|Evasion Abilities Clause: Evasion abilities are banned
|rule|Sleep Moves Clause: Sleep-inducing moves are banned
|clearpoke
|poke|p1|Garchomp, F|
|poke|p1|Darkrai|
|poke|p1|Deoxys-Speed|
|poke|p1|Clodsire, M|
|poke|p1|Corviknight, F|
|poke|p1|Cinderace, M|
|poke|p2|Tornadus-Therian, M|
|poke|p2|Great Tusk|
|poke|p2|Hatterene, F|
|poke|p2|Heatran, F|
|poke|p2|Zamazenta-*|
|poke|p2|Raging Bolt|
|teampreview
|inactive|Battle timer is ON: inactive players will automatically lose when time's up. (requested by champ bogar)
|
|t:|1760837203
|teamsize|p1|6
|teamsize|p2|6
|start
|switch|p1a: Clodsire|Clodsire, M|100/100
|switch|p2a: Tornadus|Tornadus-Therian, M|100/100
|turn|1
|
|t:|1760837207
|move|p2a: Tornadus|U-turn|p1a: Clodsire
|-resisted|p1a: Clodsire
|-damage|p1a: Clodsire|93/100
|
|t:|1760837209
|switch|p2a: Hatterene|Hatterene, F|100/100|[from] U-turn
|move|p1a: Clodsire|Toxic|p2a: Hatterene
|move|p2a: Hatterene|Toxic|p1a: Clodsire|[from] ability: Magic Bounce
|-immune|p1a: Clodsire
|
|-heal|p1a: Clodsire|99/100|[from] item: Leftovers
|upkeep
|turn|2
|
|t:|1760837213
|move|p2a: Hatterene|Psychic Noise|p1a: Clodsire
|-supereffective|p1a: Clodsire
|-damage|p1a: Clodsire|60/100
|-start|p1a: Clodsire|move: Heal Block
|move|p1a: Clodsire|Poison Jab|p2a: Hatterene
|-supereffective|p2a: Hatterene
|-damage|p2a: Hatterene|62/100
|-damage|p1a: Clodsire|43/100|[from] item: Rocky Helmet|[of] p2a: Hatterene
|
|upkeep
|turn|3
|
|t:|1760837217
|switch|p1a: Darkrai|Darkrai|100/100
|move|p2a: Hatterene|Psychic Noise|p1a: Darkrai
|-immune|p1a: Darkrai
|
|upkeep
|turn|4
|
|t:|1760837227
|switch|p2a: Tornadus|Tornadus-Therian, M|100/100
|-terastallize|p1a: Darkrai|Dark
|move|p1a: Darkrai|Dark Pulse|p2a: Tornadus
|-damage|p2a: Tornadus|39/100
|
|upkeep
|turn|5
|
|t:|1760837232
|switch|p2a: Zamazenta|Zamazenta|100/100
|-ability|p2a: Zamazenta|Dauntless Shield|boost
|-boost|p2a: Zamazenta|def|1
|move|p1a: Darkrai|Dark Pulse|p2a: Zamazenta
|-resisted|p2a: Zamazenta
|-damage|p2a: Zamazenta|61/100
|
|upkeep
|turn|6
|
|t:|1760837238
|switch|p2a: Heatran|Heatran, F|100/100
|switch|p1a: Garchomp|Garchomp, F|100/100
|
|upkeep
|turn|7
|
|t:|1760837244
|switch|p2a: Great Tusk|Great Tusk|100/100
|move|p1a: Garchomp|Dragon Tail|p2a: Great Tusk
|-damage|p2a: Great Tusk|81/100
|-end|p2a: Great Tusk|Protosynthesis|[silent]
|drag|p2a: Hatterene|Hatterene, F|62/100
|
|upkeep
|turn|8
|
|t:|1760837248
|move|p1a: Garchomp|Earthquake|p2a: Hatterene
|-damage|p2a: Hatterene|27/100
|move|p2a: Hatterene|Draining Kiss|p1a: Garchomp
|-supereffective|p1a: Garchomp
|-damage|p1a: Garchomp|59/100
|-heal|p2a: Hatterene|68/100|[from] drain|[of] p1a: Garchomp
|-damage|p2a: Hatterene|56/100|[from] ability: Rough Skin|[of] p1a: Garchomp
|-damage|p2a: Hatterene|39/100|[from] item: Rocky Helmet|[of] p1a: Garchomp
|
|upkeep
|turn|9
|
|t:|1760837257
|move|p1a: Garchomp|Earthquake|p2a: Hatterene
|-damage|p2a: Hatterene|2/100
|move|p2a: Hatterene|Draining Kiss|p1a: Garchomp
|-supereffective|p1a: Garchomp
|-damage|p1a: Garchomp|16/100
|-heal|p2a: Hatterene|45/100|[from] drain|[of] p1a: Garchomp
|-damage|p2a: Hatterene|33/100|[from] ability: Rough Skin|[of] p1a: Garchomp
|-damage|p2a: Hatterene|16/100|[from] item: Rocky Helmet|[of] p1a: Garchomp
|
|upkeep
|turn|10
|
|t:|1760837260
|move|p1a: Garchomp|Earthquake|p2a: Hatterene
|-damage|p2a: Hatterene|0 fnt
|faint|p2a: Hatterene
|
|upkeep
|
|t:|1760837263
|switch|p2a: Tornadus|Tornadus-Therian, M|72/100
|turn|11
|
|t:|1760837267
|move|p1a: Garchomp|Endure|p1a: Garchomp
|-singleturn|p1a: Garchomp|move: Endure
|move|p2a: Tornadus|Bleakwind Storm|p1a: Garchomp
|-activate|p1a: Garchomp|move: Endure
|-damage|p1a: Garchomp|1/100
|
|upkeep
|turn|12
|
|t:|1760837276
|move|p2a: Tornadus|Knock Off|p1a: Garchomp
|-damage|p1a: Garchomp|0 fnt
|-damage|p2a: Tornadus|59/100|[from] ability: Rough Skin|[of] p1a: Garchomp
|-damage|p2a: Tornadus|43/100|[from] item: Rocky Helmet|[of] p1a: Garchomp
|-enditem|p1a: Garchomp|Rocky Helmet|[from] move: Knock Off|[of] p2a: Tornadus
|faint|p1a: Garchomp
|
|upkeep
|
|t:|1760837281
|switch|p1a: Darkrai|Darkrai, tera:Dark|100/100
|turn|13
|
|t:|1760837287
|switch|p2a: Zamazenta|Zamazenta|61/100
|move|p1a: Darkrai|Dark Pulse|p2a: Zamazenta
|-resisted|p2a: Zamazenta
|-damage|p2a: Zamazenta|20/100
|
|upkeep
|turn|14
|
|t:|1760837289
|switch|p1a: Corviknight|Corviknight, F|100/100
|-ability|p1a: Corviknight|Pressure
|move|p2a: Zamazenta|Close Combat|p1a: Corviknight
|-damage|p1a: Corviknight|64/100
|-unboost|p2a: Zamazenta|def|1
|-unboost|p2a: Zamazenta|spd|1
|-damage|p2a: Zamazenta|4/100|[from] item: Rocky Helmet|[of] p1a: Corviknight
|
|upkeep
|turn|15
|
|t:|1760837295
|switch|p2a: Heatran|Heatran, F|100/100
|move|p1a: Corviknight|Roost|p1a: Corviknight
|-heal|p1a: Corviknight|100/100
|-singleturn|p1a: Corviknight|move: Roost
|
|upkeep
|turn|16
|
|t:|1760837299
|switch|p1a: Clodsire|Clodsire, M|43/100
|move|p2a: Heatran|Stealth Rock|p1a: Clodsire
|-sidestart|p1: champ bogar|move: Stealth Rock
|
|-heal|p1a: Clodsire|50/100|[from] item: Leftovers
|upkeep
|turn|17
|
|t:|1760837302
|switch|p2a: Great Tusk|Great Tusk|81/100
|move|p1a: Clodsire|Recover|p1a: Clodsire
|-heal|p1a: Clodsire|99/100
|
|-heal|p1a: Clodsire|100/100|[from] item: Leftovers
|upkeep
|turn|18
|
|t:|1760837306
|switch|p1a: Corviknight|Corviknight, F|100/100
|-damage|p1a: Corviknight|88/100|[from] Stealth Rock
|-ability|p1a: Corviknight|Pressure
|move|p2a: Great Tusk|Headlong Rush|p1a: Corviknight
|-immune|p1a: Corviknight
|
|upkeep
|turn|19
|
|t:|1760837308
|-end|p2a: Great Tusk|Protosynthesis|[silent]
|switch|p2a: Heatran|Heatran, F|100/100
|move|p1a: Corviknight|U-turn|p2a: Heatran
|-resisted|p2a: Heatran
|-damage|p2a: Heatran|97/100
|
|t:|1760837313
|switch|p1a: Clodsire|Clodsire, M|100/100|[from] U-turn
|-damage|p1a: Clodsire|94/100|[from] Stealth Rock
|
|-heal|p2a: Heatran|100/100|[from] item: Leftovers
|-heal|p1a: Clodsire|100/100|[from] item: Leftovers
|upkeep
|turn|20
|
|t:|1760837319
|move|p2a: Heatran|Magma Storm|p1a: Clodsire|[miss]
|-miss|p2a: Heatran|p1a: Clodsire
|move|p1a: Clodsire|Toxic|p2a: Heatran
|-immune|p2a: Heatran
|
|upkeep
|turn|21
|
|t:|1760837321
|switch|p2a: Great Tusk|Great Tusk|81/100
|move|p1a: Clodsire|Earthquake|p2a: Great Tusk
|-damage|p2a: Great Tusk|60/100
|
|upkeep
|turn|22
|
|t:|1760837323
|switch|p1a: Corviknight|Corviknight, F|88/100
|-damage|p1a: Corviknight|76/100|[from] Stealth Rock
|-ability|p1a: Corviknight|Pressure
|move|p2a: Great Tusk|Close Combat|p1a: Corviknight
|-damage|p1a: Corviknight|35/100
|-unboost|p2a: Great Tusk|def|1
|-unboost|p2a: Great Tusk|spd|1
|-damage|p2a: Great Tusk|43/100|[from] item: Rocky Helmet|[of] p1a: Corviknight
|
|upkeep
|turn|23
|
|t:|1760837325
|move|p2a: Great Tusk|Close Combat|p1a: Corviknight
|-damage|p1a: Corviknight|0 fnt
|-unboost|p2a: Great Tusk|def|1
|-unboost|p2a: Great Tusk|spd|1
|-damage|p2a: Great Tusk|27/100|[from] item: Rocky Helmet|[of] p1a: Corviknight
|faint|p1a: Corviknight
|
|upkeep
|
|t:|1760837332
|switch|p1a: Deoxys|Deoxys-Speed, shiny|100/100
|-damage|p1a: Deoxys|88/100|[from] Stealth Rock
|-ability|p1a: Deoxys|Pressure
|turn|24
|
|t:|1760837334
|-end|p2a: Great Tusk|Protosynthesis|[silent]
|switch|p2a: Tornadus|Tornadus-Therian, M|76/100
|move|p1a: Deoxys|Ice Beam|p2a: Tornadus
|-supereffective|p2a: Tornadus
|-damage|p2a: Tornadus|32/100
|-damage|p1a: Deoxys|78/100|[from] item: Life Orb
|
|upkeep
|turn|25
|
|t:|1760837338
|switch|p2a: Heatran|Heatran, F|100/100
|move|p1a: Deoxys|Ice Beam|p2a: Heatran
|-resisted|p2a: Heatran
|-damage|p2a: Heatran|92/100
|-damage|p1a: Deoxys|68/100|[from] item: Life Orb
|
|-heal|p2a: Heatran|99/100|[from] item: Leftovers
|upkeep
|turn|26
|
|t:|1760837344
|switch|p1a: Clodsire|Clodsire, M|100/100
|-damage|p1a: Clodsire|94/100|[from] Stealth Rock
|switch|p2a: Tornadus|Tornadus-Therian, M|65/100
|
|-heal|p1a: Clodsire|100/100|[from] item: Leftovers
|upkeep
|turn|27
|
|t:|1760837352
|move|p2a: Tornadus|Knock Off|p1a: Clodsire
|-damage|p1a: Clodsire|79/100
|-enditem|p1a: Clodsire|Leftovers|[from] move: Knock Off|[of] p2a: Tornadus
|move|p1a: Clodsire|Toxic|p2a: Tornadus
|-status|p2a: Tornadus|tox
|
|-damage|p2a: Tornadus|59/100 tox|[from] psn
|upkeep
|turn|28
|
|t:|1760837359
|switch|p1a: Cinderace|Cinderace, M|100/100
|move|p2a: Tornadus|U-turn|p1a: Cinderace
|-resisted|p1a: Cinderace
|-damage|p1a: Cinderace|91/100
|
|t:|1760837364
|switch|p2a: Heatran|Heatran, F|99/100|[from] U-turn
|
|-heal|p2a: Heatran|100/100|[from] item: Leftovers
|upkeep
|turn|29
|
|t:|1760837366
|move|p1a: Cinderace|U-turn|p2a: Heatran
|-start|p1a: Cinderace|typechange|Bug|[from] ability: Libero
|-resisted|p2a: Heatran
|-damage|p2a: Heatran|91/100
|
|t:|1760837368
|switch|p1a: Clodsire|Clodsire, M|79/100|[from] U-turn
|-damage|p1a: Clodsire|73/100|[from] Stealth Rock
|move|p2a: Heatran|Magma Storm|p1a: Clodsire
|-damage|p1a: Clodsire|44/100
|-activate|p1a: Clodsire|move: Magma Storm|[of] p2a: Heatran
|
|-heal|p2a: Heatran|97/100|[from] item: Leftovers
|-damage|p1a: Clodsire|31/100|[from] move: Magma Storm|[partiallytrapped]
|upkeep
|turn|30
|
|t:|1760837376
|move|p2a: Heatran|Taunt|p1a: Clodsire
|-start|p1a: Clodsire|move: Taunt
|cant|p1a: Clodsire|move: Taunt|Recover
|
|-heal|p2a: Heatran|100/100|[from] item: Leftovers
|-damage|p1a: Clodsire|19/100|[from] move: Magma Storm|[partiallytrapped]
|upkeep
|turn|31
|
|t:|1760837378
|move|p2a: Heatran|Earth Power|p1a: Clodsire
|-supereffective|p1a: Clodsire
|-damage|p1a: Clodsire|0 fnt
|faint|p1a: Clodsire
|
|upkeep
|
|t:|1760837380
|switch|p1a: Darkrai|Darkrai, tera:Dark|100/100
|-damage|p1a: Darkrai|88/100|[from] Stealth Rock
|turn|32
|j| simplegent
|
|t:|1760837384
|move|p1a: Darkrai|Dark Pulse|p2a: Heatran
|-damage|p2a: Heatran|12/100
|move|p2a: Heatran|Magma Storm|p1a: Darkrai
|-damage|p1a: Darkrai|14/100
|-activate|p1a: Darkrai|move: Magma Storm|[of] p2a: Heatran
|
|-heal|p2a: Heatran|18/100|[from] item: Leftovers
|-damage|p1a: Darkrai|2/100|[from] move: Magma Storm|[partiallytrapped]
|upkeep
|turn|33
|
|t:|1760837389
|move|p1a: Darkrai|Dark Pulse|p2a: Heatran
|-damage|p2a: Heatran|0 fnt
|faint|p2a: Heatran
|
|-end|p1a: Darkrai|Magma Storm|[partiallytrapped]|[silent]
|upkeep
|
|t:|1760837392
|switch|p2a: Zamazenta|Zamazenta|4/100
|turn|34
|
|t:|1760837396
|move|p2a: Zamazenta|Crunch|p1a: Darkrai
|-resisted|p1a: Darkrai
|-damage|p1a: Darkrai|0 fnt
|faint|p1a: Darkrai
|
|upkeep
|
|t:|1760837403
|switch|p1a: Cinderace|Cinderace, M|91/100
|turn|35
|
|t:|1760837407
|move|p1a: Cinderace|Sucker Punch|p2a: Zamazenta
|-start|p1a: Cinderace|typechange|Dark|[from] ability: Libero
|-resisted|p2a: Zamazenta
|-damage|p2a: Zamazenta|0 fnt
|faint|p2a: Zamazenta
|
|upkeep
|
|t:|1760837410
|switch|p2a: Raging Bolt|Raging Bolt|100/100
|turn|36
|
|t:|1760837419
|move|p1a: Cinderace|Sucker Punch|p2a: Raging Bolt
|-damage|p2a: Raging Bolt|66/100
|move|p2a: Raging Bolt|Thunderbolt|p1a: Cinderace
|-damage|p1a: Cinderace|0 fnt
|faint|p1a: Cinderace
|
|upkeep
|
|t:|1760837420
|switch|p1a: Deoxys|Deoxys-Speed, shiny|68/100
|-damage|p1a: Deoxys|56/100|[from] Stealth Rock
|-ability|p1a: Deoxys|Pressure
|turn|37
|
|t:|1760837426
|-end|p2a: Raging Bolt|Protosynthesis|[silent]
|switch|p2a: Great Tusk|Great Tusk|27/100
|move|p1a: Deoxys|Substitute|p1a: Deoxys
|-start|p1a: Deoxys|Substitute
|-damage|p1a: Deoxys|31/100
|
|upkeep
|turn|38
|
|t:|1760837430
|move|p1a: Deoxys|Ice Beam|p2a: Great Tusk
|-supereffective|p2a: Great Tusk
|-damage|p2a: Great Tusk|0 fnt
|faint|p2a: Great Tusk
|-end|p2a: Great Tusk|Protosynthesis|[silent]
|-damage|p1a: Deoxys|21/100|[from] item: Life Orb
|
|upkeep
|
|t:|1760837431
|switch|p2a: Tornadus|Tornadus-Therian, M|92/100 tox
|turn|39
|
|t:|1760837435
|move|p1a: Deoxys|Substitute|p1a: Deoxys
|-fail|p1a: Deoxys|move: Substitute
|move|p2a: Tornadus|U-turn|p1a: Deoxys
|-supereffective|p1a: Deoxys
|-end|p1a: Deoxys|Substitute
|
|t:|1760837437
|switch|p2a: Raging Bolt|Raging Bolt|66/100|[from] U-turn
|
|upkeep
|turn|40
|
|t:|1760837441
|-terastallize|p2a: Raging Bolt|Fairy
|move|p1a: Deoxys|Substitute|p1a: Deoxys
|-fail|p1a: Deoxys|move: Substitute|[weak]
|move|p2a: Raging Bolt|Thunderbolt|p1a: Deoxys
|-damage|p1a: Deoxys|0 fnt
|faint|p1a: Deoxys
|
|win|nfyhsueryfgius
|raw|champ bogar's rating: 1770 &rarr; <strong>1754</strong><br />(-16 for losing)
|raw|nfyhsueryfgius's rating: 1848 &rarr; <strong>1864</strong><br />(+16 for winning)
|l|☆champ bogar
|player|p1|
|l|☆nfyhsueryfgius
|player|p2|
|l| simplegent
