|j|☆Scoobenvonduben
|j|☆drew1750
|t:|1760741328
|gametype|singles
|player|p1|Scoobenvonduben|brawly|1302
|player|p2|drew1750|2|1276
|gen|9
|tier|[Gen 9] OU
|rated|
|rule|HP Percentage Mod: HP is shown in percentages
|rule|Endless Battle Clause: Forcing endless battles is banned
|rule|Species Clause: Limit one of each Pokémon
|rule|OHKO Clause: OHKO moves are banned
|rule|Evasion Items Clause: Evasion items are banned
|rule|Evasion Moves Clause: Evasion moves are banned
|rule|Evasion Abilities Clause: Evasion abilities are banned
|rule|Sleep Moves Clause: Sleep-inducing moves are banned
|clearpoke
|poke|p1|Blissey, F|
|poke|p1|Skeledirge, F|
|poke|p1|Gliscor, M|
|poke|p1|Gyarados, M|
|poke|p1|Corviknight, M|
|poke|p1|Grafaiai, M|
|poke|p2|Pecharunt|
|poke|p2|Appletun, F|
|poke|p2|Kommo-o, F|
|poke|p2|Moltres-Galar|
|poke|p2|Kleavor, F|
|poke|p2|Dondozo, F|
|teampreview
|inactive|Battle timer is ON: inactive players will automatically lose when time's up. (requested by drew1750)
|
|t:|1760741332
|teamsize|p1|6
|teamsize|p2|6
|start
|switch|p1a: Gliscor|Gliscor, M, shiny|100/100
|switch|p2a: Kleavor|Kleavor, F|100/100
|turn|1
|
|t:|1760741336
|move|p2a: Kleavor|Stone Axe|p1a: Gliscor
|-damage|p1a: Gliscor|54/100
|-sidestart|p1: Scoobenvonduben|move: Stealth Rock
|move|p1a: Gliscor|Toxic|p2a: Kleavor
|-status|p2a: Kleavor|tox
|
|-damage|p2a: Kleavor|94/100 tox|[from] psn
|-status|p1a: Gliscor|tox|[from] item: Toxic Orb
|upkeep
|turn|2
|
|t:|1760741343
|switch|p2a: Appletun|Appletun, F|100/100
|move|p1a: Gliscor|Protect||[still]
|-fail|p1a: Gliscor
|
|-heal|p1a: Gliscor|67/100 tox|[from] ability: Poison Heal
|upkeep
|turn|3
|
|t:|1760741345
|move|p1a: Gliscor|Toxic|p2a: Appletun
|-status|p2a: Appletun|tox
|move|p2a: Appletun|Leech Seed|p1a: Gliscor
|-start|p1a: Gliscor|move: Leech Seed
|
|-damage|p1a: Gliscor|54/100 tox|[from] Leech Seed|[of] p2a: Appletun
|-heal|p1a: Gliscor|67/100 tox|[from] ability: Poison Heal
|-damage|p2a: Appletun|94/100 tox|[from] psn
|upkeep
|turn|4
|
|t:|1760741352
|switch|p1a: Corviknight|Corviknight, M|100/100
|-damage|p1a: Corviknight|88/100|[from] Stealth Rock
|switch|p2a: Pecharunt|Pecharunt|100/100
|
|-heal|p1a: Corviknight|94/100|[from] item: Leftovers
|upkeep
|turn|5
|
|t:|1760741363
|move|p2a: Pecharunt|Parting Shot|p1a: Corviknight
|-ability|p1a: Corviknight|Mirror Armor
|-unboost|p2a: Pecharunt|atk|1
|-ability|p1a: Corviknight|Mirror Armor
|-unboost|p2a: Pecharunt|spa|1
|
|t:|1760741371
|switch|p2a: Dondozo|Dondozo, F|100/100|[from] Parting Shot
|move|p1a: Corviknight|Brave Bird|p2a: Dondozo
|-damage|p2a: Dondozo|80/100
|-damage|p1a: Corviknight|87/100|[from] Recoil
|
|-heal|p1a: Corviknight|93/100|[from] item: Leftovers
|-heal|p2a: Dondozo|86/100|[from] item: Leftovers
|upkeep
|turn|6
|
|t:|1760741379
|switch|p1a: Grafaiai|Grafaiai, M|100/100
|-damage|p1a: Grafaiai|88/100|[from] Stealth Rock
|move|p2a: Dondozo|Curse|p2a: Dondozo
|-unboost|p2a: Dondozo|spe|1
|-boost|p2a: Dondozo|atk|1
|-boost|p2a: Dondozo|def|1
|
|-heal|p1a: Grafaiai|94/100|[from] item: Leftovers
|-heal|p2a: Dondozo|92/100|[from] item: Leftovers
|upkeep
|turn|7
|
|t:|1760741382
|move|p1a: Grafaiai|Encore|p2a: Dondozo
|-start|p2a: Dondozo|Encore
|move|p2a: Dondozo|Curse|p2a: Dondozo
|-unboost|p2a: Dondozo|spe|1
|-boost|p2a: Dondozo|atk|1
|-boost|p2a: Dondozo|def|1
|
|-heal|p1a: Grafaiai|99/100|[from] item: Leftovers
|-heal|p2a: Dondozo|98/100|[from] item: Leftovers
|upkeep
|turn|8
|
|t:|1760741386
|switch|p2a: Kleavor|Kleavor, F|94/100 tox
|move|p1a: Grafaiai|Knock Off|p2a: Kleavor
|-damage|p2a: Kleavor|69/100 tox
|-enditem|p2a: Kleavor|Choice Scarf|[from] move: Knock Off|[of] p1a: Grafaiai
|
|-heal|p1a: Grafaiai|100/100|[from] item: Leftovers
|-damage|p2a: Kleavor|63/100 tox|[from] psn
|upkeep
|turn|9
|
|t:|1760741389
|move|p1a: Grafaiai|Protect|p1a: Grafaiai
|-singleturn|p1a: Grafaiai|Protect
|move|p2a: Kleavor|Stone Axe|p1a: Grafaiai
|-activate|p1a: Grafaiai|move: Protect
|
|-damage|p2a: Kleavor|50/100 tox|[from] psn
|upkeep
|turn|10
|
|t:|1760741401
|switch|p1a: Corviknight|Corviknight, M|93/100
|-damage|p1a: Corviknight|80/100|[from] Stealth Rock
|move|p2a: Kleavor|Stone Axe|p1a: Corviknight
|-damage|p1a: Corviknight|34/100
|
|-heal|p1a: Corviknight|41/100|[from] item: Leftovers
|-damage|p2a: Kleavor|32/100 tox|[from] psn
|upkeep
|turn|11
|
|t:|1760741409
|switch|p2a: Moltres|Moltres-Galar|100/100
|-terastallize|p1a: Corviknight|Steel
|move|p1a: Corviknight|Roost|p1a: Corviknight
|-heal|p1a: Corviknight|91/100
|
|-heal|p1a: Corviknight|97/100|[from] item: Leftovers
|upkeep
|turn|12
|
|t:|1760741415
|move|p2a: Moltres|Agility|p2a: Moltres
|-boost|p2a: Moltres|spe|2
|move|p1a: Corviknight|Iron Defense|p1a: Corviknight
|-boost|p1a: Corviknight|def|2
|
|-heal|p1a: Corviknight|100/100|[from] item: Leftovers
|upkeep
|turn|13
|
|t:|1760741424
|move|p2a: Moltres|Nasty Plot|p2a: Moltres
|-boost|p2a: Moltres|spa|2
|move|p1a: Corviknight|Iron Defense|p1a: Corviknight
|-boost|p1a: Corviknight|def|2
|
|upkeep
|turn|14
|
|t:|1760741431
|move|p2a: Moltres|Fiery Wrath|p1a: Corviknight
|-damage|p1a: Corviknight|45/100
|move|p1a: Corviknight|Body Press|p2a: Moltres
|-crit|p2a: Moltres
|-damage|p2a: Moltres|18/100
|-ability|p2a: Moltres|Berserk|boost
|-boost|p2a: Moltres|spa|1
|
|-heal|p1a: Corviknight|51/100|[from] item: Leftovers
|upkeep
|turn|15
|
|t:|1760741442
|move|p2a: Moltres|Fiery Wrath|p1a: Corviknight
|-damage|p1a: Corviknight|0 fnt
|faint|p1a: Corviknight
|
|upkeep
|
|t:|1760741444
|switch|p1a: Blissey|Blissey, F|100/100
|-damage|p1a: Blissey|88/100|[from] Stealth Rock
|turn|16
|
|t:|1760741449
|move|p2a: Moltres|Fiery Wrath|p1a: Blissey
|-damage|p1a: Blissey|50/100
|cant|p1a: Blissey|flinch
|
|-heal|p1a: Blissey|56/100|[from] item: Leftovers
|upkeep
|turn|17
|
|t:|1760741455
|move|p2a: Moltres|Fiery Wrath|p1a: Blissey
|-damage|p1a: Blissey|19/100
|move|p1a: Blissey|Soft-Boiled|p1a: Blissey
|-heal|p1a: Blissey|69/100
|
|-heal|p1a: Blissey|75/100|[from] item: Leftovers
|upkeep
|turn|18
|
|t:|1760741459
|move|p2a: Moltres|Fiery Wrath|p1a: Blissey
|-damage|p1a: Blissey|35/100
|move|p1a: Blissey|Seismic Toss|p2a: Moltres
|-damage|p2a: Moltres|0 fnt
|faint|p2a: Moltres
|
|-heal|p1a: Blissey|41/100|[from] item: Leftovers
|upkeep
|
|t:|1760741464
|switch|p2a: Kommo-o|Kommo-o, F|100/100
|turn|19
|
|t:|1760741472
|switch|p1a: Grafaiai|Grafaiai, M|100/100
|-damage|p1a: Grafaiai|88/100|[from] Stealth Rock
|move|p2a: Kommo-o|Substitute|p2a: Kommo-o
|-start|p2a: Kommo-o|Substitute
|-damage|p2a: Kommo-o|75/100
|
|-heal|p1a: Grafaiai|94/100|[from] item: Leftovers
|upkeep
|turn|20
|
|t:|1760741476
|move|p1a: Grafaiai|Encore|p2a: Kommo-o
|-start|p2a: Kommo-o|Encore
|move|p2a: Kommo-o|Substitute|p2a: Kommo-o
|-fail|p2a: Kommo-o|move: Substitute
|
|-heal|p1a: Grafaiai|99/100|[from] item: Leftovers
|upkeep
|turn|21
|
|t:|1760741479
|move|p2a: Kommo-o|Substitute|p2a: Kommo-o
|-fail|p2a: Kommo-o|move: Substitute
|move|p1a: Grafaiai|Knock Off|p2a: Kommo-o
|-resisted|p2a: Kommo-o
|-activate|p2a: Kommo-o|move: Substitute|[damage]
|
|-heal|p1a: Grafaiai|100/100|[from] item: Leftovers
|upkeep
|turn|22
|
|t:|1760741484
|move|p2a: Kommo-o|Substitute|p2a: Kommo-o
|-fail|p2a: Kommo-o|move: Substitute
|move|p1a: Grafaiai|Knock Off|p2a: Kommo-o
|-resisted|p2a: Kommo-o
|-activate|p2a: Kommo-o|move: Substitute|[damage]
|
|-end|p2a: Kommo-o|Encore
|upkeep
|turn|23
|
|t:|1760741490
|move|p1a: Grafaiai|Encore|p2a: Kommo-o
|-start|p2a: Kommo-o|Encore
|move|p2a: Kommo-o|Substitute|p2a: Kommo-o
|-fail|p2a: Kommo-o|move: Substitute
|
|upkeep
|turn|24
|
|t:|1760741493
|switch|p2a: Kleavor|Kleavor, F|32/100 tox
|move|p1a: Grafaiai|Knock Off|p2a: Kleavor
|-damage|p2a: Kleavor|15/100 tox
|
|-damage|p2a: Kleavor|9/100 tox|[from] psn
|upkeep
|turn|25
|
|t:|1760741497
|move|p1a: Grafaiai|Protect|p1a: Grafaiai
|-singleturn|p1a: Grafaiai|Protect
|move|p2a: Kleavor|Stone Axe|p1a: Grafaiai
|-activate|p1a: Grafaiai|move: Protect
|
|-damage|p2a: Kleavor|0 fnt|[from] psn
|faint|p2a: Kleavor
|upkeep
|
|t:|1760741501
|switch|p2a: Pecharunt|Pecharunt|100/100
|turn|26
|
|t:|1760741506
|move|p1a: Grafaiai|Knock Off|p2a: Pecharunt
|-supereffective|p2a: Pecharunt
|-damage|p2a: Pecharunt|76/100
|-enditem|p2a: Pecharunt|Leftovers|[from] move: Knock Off|[of] p1a: Grafaiai
|move|p2a: Pecharunt|Parting Shot|p1a: Grafaiai
|-unboost|p1a: Grafaiai|atk|1
|-unboost|p1a: Grafaiai|spa|1
|
|t:|1760741511
|switch|p2a: Dondozo|Dondozo, F|98/100|[from] Parting Shot
|
|-heal|p2a: Dondozo|100/100|[from] item: Leftovers
|upkeep
|turn|27
|
|t:|1760741515
|move|p1a: Grafaiai|Toxic|p2a: Dondozo
|-status|p2a: Dondozo|tox
|move|p2a: Dondozo|Liquidation|p1a: Grafaiai
|-damage|p1a: Grafaiai|57/100
|
|-heal|p1a: Grafaiai|63/100|[from] item: Leftovers
|-damage|p2a: Dondozo|94/100 tox|[from] psn
|upkeep
|turn|28
|
|t:|1760741523
|move|p1a: Grafaiai|Protect|p1a: Grafaiai
|-singleturn|p1a: Grafaiai|Protect
|move|p2a: Dondozo|Liquidation|p1a: Grafaiai
|-activate|p1a: Grafaiai|move: Protect
|
|-heal|p1a: Grafaiai|69/100|[from] item: Leftovers
|-heal|p2a: Dondozo|100/100 tox|[from] item: Leftovers
|-damage|p2a: Dondozo|88/100 tox|[from] psn
|upkeep
|turn|29
|
|t:|1760741526
|move|p1a: Grafaiai|Knock Off|p2a: Dondozo
|-damage|p2a: Dondozo|76/100 tox
|-enditem|p2a: Dondozo|Leftovers|[from] move: Knock Off|[of] p1a: Grafaiai
|move|p2a: Dondozo|Liquidation|p1a: Grafaiai
|-damage|p1a: Grafaiai|28/100
|
|-heal|p1a: Grafaiai|34/100|[from] item: Leftovers
|-damage|p2a: Dondozo|57/100 tox|[from] psn
|upkeep
|turn|30
|
|t:|1760741534
|move|p1a: Grafaiai|Protect|p1a: Grafaiai
|-singleturn|p1a: Grafaiai|Protect
|move|p2a: Dondozo|Liquidation|p1a: Grafaiai
|-activate|p1a: Grafaiai|move: Protect
|
|-heal|p1a: Grafaiai|40/100|[from] item: Leftovers
|-damage|p2a: Dondozo|33/100 tox|[from] psn
|upkeep
|turn|31
|
|t:|1760741544
|move|p1a: Grafaiai|Knock Off|p2a: Dondozo
|-damage|p2a: Dondozo|25/100 tox
|move|p2a: Dondozo|Rest|p2a: Dondozo
|-status|p2a: Dondozo|slp|[from] move: Rest
|-heal|p2a: Dondozo|100/100 slp|[silent]
|
|-heal|p1a: Grafaiai|46/100|[from] item: Leftovers
|upkeep
|turn|32
|
|t:|1760741549
|switch|p2a: Appletun|Appletun, F|94/100 tox
|move|p1a: Grafaiai|Encore||[still]
|-fail|p1a: Grafaiai
|
|-heal|p1a: Grafaiai|52/100|[from] item: Leftovers
|-heal|p2a: Appletun|100/100 tox|[from] item: Leftovers
|-damage|p2a: Appletun|94/100 tox|[from] psn
|upkeep
|turn|33
|
|t:|1760741552
|move|p1a: Grafaiai|Knock Off|p2a: Appletun
|-damage|p2a: Appletun|81/100 tox
|-enditem|p2a: Appletun|Leftovers|[from] move: Knock Off|[of] p1a: Grafaiai
|move|p2a: Appletun|Leech Seed|p1a: Grafaiai
|-start|p1a: Grafaiai|move: Leech Seed
|
|-heal|p1a: Grafaiai|58/100|[from] item: Leftovers
|-damage|p1a: Grafaiai|46/100|[from] Leech Seed|[of] p2a: Appletun
|-heal|p2a: Appletun|90/100 tox|[silent]
|-damage|p2a: Appletun|78/100 tox|[from] psn
|upkeep
|turn|34
|
|t:|1760741556
|switch|p1a: Blissey|Blissey, F|41/100
|-damage|p1a: Blissey|29/100|[from] Stealth Rock
|move|p2a: Appletun|Apple Acid|p1a: Blissey
|-damage|p1a: Blissey|18/100
|-unboost|p1a: Blissey|spd|1
|
|-heal|p1a: Blissey|24/100|[from] item: Leftovers
|-damage|p2a: Appletun|60/100 tox|[from] psn
|upkeep
|turn|35
|
|t:|1760741559
|move|p1a: Blissey|Soft-Boiled|p1a: Blissey
|-heal|p1a: Blissey|74/100
|move|p2a: Appletun|Leech Seed|p1a: Blissey
|-start|p1a: Blissey|move: Leech Seed
|
|-heal|p1a: Blissey|80/100|[from] item: Leftovers
|-damage|p1a: Blissey|68/100|[from] Leech Seed|[of] p2a: Appletun
|-heal|p2a: Appletun|81/100 tox|[silent]
|-damage|p2a: Appletun|56/100 tox|[from] psn
|upkeep
|turn|36
|
|t:|1760741565
|switch|p1a: Grafaiai|Grafaiai, M|46/100
|-damage|p1a: Grafaiai|34/100|[from] Stealth Rock
|switch|p2a: Pecharunt|Pecharunt|76/100
|
|-heal|p1a: Grafaiai|40/100|[from] item: Leftovers
|upkeep
|turn|37
|
|t:|1760741585
|move|p1a: Grafaiai|Protect|p1a: Grafaiai
|-singleturn|p1a: Grafaiai|Protect
|move|p2a: Pecharunt|Parting Shot|p1a: Grafaiai
|-activate|p1a: Grafaiai|move: Protect
|
|-heal|p1a: Grafaiai|46/100|[from] item: Leftovers
|upkeep
|turn|38
|
|t:|1760741612
|move|p1a: Grafaiai|Knock Off|p2a: Pecharunt
|-supereffective|p2a: Pecharunt
|-damage|p2a: Pecharunt|59/100
|move|p2a: Pecharunt|Malignant Chain|p1a: Grafaiai
|-resisted|p1a: Grafaiai
|-damage|p1a: Grafaiai|31/100
|
|-heal|p1a: Grafaiai|37/100|[from] item: Leftovers
|upkeep
|turn|39
|inactive|Scoobenvonduben has 120 seconds left.
|l|☆Scoobenvonduben
|inactive|Scoobenvonduben disconnected and has a minute to reconnect!
|player|p1|
|j|☆Scoobenvonduben
|inactive|Scoobenvonduben reconnected and has 90 seconds left.
|player|p1|Scoobenvonduben|brawly|
|
|t:|1760741663
|move|p1a: Grafaiai|Protect|p1a: Grafaiai
|-singleturn|p1a: Grafaiai|Protect
|move|p2a: Pecharunt|Malignant Chain|p1a: Grafaiai
|-activate|p1a: Grafaiai|move: Protect
|
|-heal|p1a: Grafaiai|44/100|[from] item: Leftovers
|upkeep
|turn|40
|
|t:|1760741669
|move|p1a: Grafaiai|Knock Off|p2a: Pecharunt
|-supereffective|p2a: Pecharunt
|-damage|p2a: Pecharunt|43/100
|move|p2a: Pecharunt|Parting Shot|p1a: Grafaiai
|-unboost|p1a: Grafaiai|atk|1
|-unboost|p1a: Grafaiai|spa|1
|
|t:|1760741676
|switch|p2a: Dondozo|Dondozo, F|100/100 slp|[from] Parting Shot
|
|-heal|p1a: Grafaiai|50/100|[from] item: Leftovers
|upkeep
|turn|41
|inactive|Scoobenvonduben has 90 seconds left.
|inactive|Scoobenvonduben has 60 seconds left.
|inactive|Scoobenvonduben has 30 seconds left.
|inactive|Scoobenvonduben has 20 seconds left.
|inactive|Scoobenvonduben has 15 seconds left.
|
|t:|1760741773
|move|p1a: Grafaiai|Knock Off|p2a: Dondozo
|-damage|p2a: Dondozo|93/100 slp
|cant|p2a: Dondozo|slp
|move|p2a: Dondozo|Sleep Talk|p2a: Dondozo
|move|p2a: Dondozo|Liquidation|p1a: Grafaiai|[from] move: Sleep Talk
|-damage|p1a: Grafaiai|7/100
|
|-heal|p1a: Grafaiai|13/100|[from] item: Leftovers
|upkeep
|turn|42
|inactive|Scoobenvonduben has 25 seconds left this turn.
|inactive|Scoobenvonduben has 20 seconds left.
|
|t:|1760741781
|switch|p1a: Blissey|Blissey, F|68/100
|-damage|p1a: Blissey|55/100|[from] Stealth Rock
|cant|p2a: Dondozo|slp
|move|p2a: Dondozo|Sleep Talk|p2a: Dondozo
|move|p2a: Dondozo|Rest||[from] move: Sleep Talk|[still]
|-fail|p2a: Dondozo
|
|-heal|p1a: Blissey|61/100|[from] item: Leftovers
|upkeep
|turn|43
|inactive|Scoobenvonduben has 30 seconds left this turn.
|
|t:|1760741788
|move|p1a: Blissey|Soft-Boiled|p1a: Blissey
|-heal|p1a: Blissey|100/100
|-curestatus|p2a: Dondozo|slp|[msg]
|move|p2a: Dondozo|Liquidation|p1a: Blissey
|-damage|p1a: Blissey|73/100
|-unboost|p1a: Blissey|def|1
|
|-heal|p1a: Blissey|80/100|[from] item: Leftovers
|upkeep
|turn|44
|inactive|Scoobenvonduben has 30 seconds left.
|inactive|Scoobenvonduben has 20 seconds left.
|inactive|Scoobenvonduben has 15 seconds left.
|inactive|Scoobenvonduben has 10 seconds left.
|inactive|Scoobenvonduben has 5 seconds left.
|-message|Scoobenvonduben lost due to inactivity.
|
|win|drew1750
|raw|Scoobenvonduben's rating: 1302 &rarr; <strong>1281</strong><br />(-21 for losing)
|raw|drew1750's rating: 1276 &rarr; <strong>1303</strong><br />(+27 for winning)
|l|☆Scoobenvonduben
|player|p1|
