|j|☆BIDOOFTHEBIDOOF
|j|☆valentin.loir
|t:|1760807105
|gametype|singles
|player|p1|BIDOOFTHEBIDOOF|cynthia-gen4|1051
|player|p2|valentin.loir|170|1028
|gen|9
|tier|[Gen 9] OU
|rated|
|rule|HP Percentage Mod: HP is shown in percentages
|rule|Endless Battle Clause: Forcing endless battles is banned
|rule|Species Clause: Limit one of each Pokémon
|rule|OHKO Clause: OHKO moves are banned
|rule|Evasion Items Clause: Evasion items are banned
|rule|Evasion Moves Clause: Evasion moves are banned
|rule|Evasion Abilities Clause: Evasion abilities are banned
|rule|Sleep Moves Clause: Sleep-inducing moves are banned
|clearpoke
|poke|p1|Tinkaton, F|
|poke|p1|Moltres|
|poke|p1|Hydrapple, M|
|poke|p1|Dragonite, M|
|poke|p1|Milotic, M|
|poke|p1|Cloyster, M|
|poke|p2|Comfey, F|
|poke|p2|Meganium, M|
|poke|p2|Forretress, F|
|poke|p2|Clodsire, F|
|poke|p2|Ribombee, F|
|poke|p2|Garganacl, F|
|teampreview
|l|☆valentin.loir
|player|p2|
|j|☆valentin.loir
|player|p2|valentin.loir|170|
|
|t:|1760807134
|teamsize|p1|6
|teamsize|p2|6
|start
|switch|p1a: Moltres|Moltres|100/100
|switch|p2a: Ribombee|Ribombee, F|100/100
|turn|1
|inactive|Battle timer is ON: inactive players will automatically lose when time's up. (requested by valentin.loir)
|
|t:|1760807141
|move|p2a: Ribombee|Sticky Web|p1a: Moltres
|-sidestart|p1: BIDOOFTHEBIDOOF|move: Sticky Web
|move|p1a: Moltres|Flamethrower|p2a: Ribombee
|-supereffective|p2a: Ribombee
|-damage|p2a: Ribombee|2/100
|
|upkeep
|turn|2
|
|t:|1760807149
|move|p2a: Ribombee|Light Screen|p2a: Ribombee
|-sidestart|p2: valentin.loir|move: Light Screen
|move|p1a: Moltres|U-turn|p2a: Ribombee
|-resisted|p2a: Ribombee
|-damage|p2a: Ribombee|0 fnt
|faint|p2a: Ribombee
|
|t:|1760807160
|switch|p1a: Milotic|Milotic, M, shiny|100/100|[from] U-turn
|-activate|p1a: Milotic|move: Sticky Web
|-unboost|p1a: Milotic|spe|1
|
|-status|p1a: Milotic|brn|[from] item: Flame Orb
|upkeep
|
|t:|1760807168
|switch|p2a: Comfey|Comfey, F|100/100
|turn|3
|
|t:|1760807175
|move|p2a: Comfey|Calm Mind|p2a: Comfey
|-boost|p2a: Comfey|spa|1
|-boost|p2a: Comfey|spd|1
|move|p1a: Milotic|Scald|p2a: Comfey
|-damage|p2a: Comfey|89/100
|-status|p2a: Comfey|brn
|
|-heal|p2a: Comfey|95/100 brn|[from] item: Leftovers
|-damage|p2a: Comfey|89/100 brn|[from] brn
|-damage|p1a: Milotic|94/100 brn|[from] brn
|upkeep
|turn|4
|
|t:|1760807187
|move|p2a: Comfey|Giga Drain|p1a: Milotic
|-supereffective|p1a: Milotic
|-damage|p1a: Milotic|51/100 brn
|-heal|p2a: Comfey|100/100 brn|[from] drain|[of] p1a: Milotic
|move|p1a: Milotic|Haze|p1a: Milotic
|-clearallboost
|
|-damage|p2a: Comfey|94/100 brn|[from] brn
|-damage|p1a: Milotic|45/100 brn|[from] brn
|upkeep
|turn|5
|
|t:|1760807198
|move|p2a: Comfey|Giga Drain|p1a: Milotic
|-supereffective|p1a: Milotic
|-damage|p1a: Milotic|18/100 brn
|-heal|p2a: Comfey|100/100 brn|[from] drain|[of] p1a: Milotic
|move|p1a: Milotic|Recover|p1a: Milotic
|-heal|p1a: Milotic|68/100 brn
|
|-damage|p2a: Comfey|94/100 brn|[from] brn
|-damage|p1a: Milotic|62/100 brn|[from] brn
|upkeep
|turn|6
|
|t:|1760807209
|switch|p2a: Garganacl|Garganacl, F, shiny|100/100
|move|p1a: Milotic|Scald|p2a: Garganacl
|-supereffective|p2a: Garganacl
|-damage|p2a: Garganacl|77/100
|
|-heal|p2a: Garganacl|83/100|[from] item: Leftovers
|-damage|p1a: Milotic|56/100 brn|[from] brn
|-sideend|p2: valentin.loir|move: Light Screen
|upkeep
|turn|7
|
|t:|1760807219
|move|p1a: Milotic|Ice Beam|p2a: Garganacl
|-damage|p2a: Garganacl|64/100
|move|p2a: Garganacl|Salt Cure|p1a: Milotic
|-damage|p1a: Milotic|49/100 brn
|-start|p1a: Milotic|Salt Cure
|
|-heal|p2a: Garganacl|71/100|[from] item: Leftovers
|-damage|p1a: Milotic|43/100 brn|[from] brn
|-damage|p1a: Milotic|18/100 brn|[from] Salt Cure
|upkeep
|turn|8
|
|t:|1760807243
|move|p1a: Milotic|Scald|p2a: Garganacl
|-supereffective|p2a: Garganacl
|-damage|p2a: Garganacl|21/100
|move|p2a: Garganacl|Curse|p2a: Garganacl
|-unboost|p2a: Garganacl|spe|1
|-boost|p2a: Garganacl|atk|1
|-boost|p2a: Garganacl|def|1
|
|-heal|p2a: Garganacl|27/100|[from] item: Leftovers
|-damage|p1a: Milotic|12/100 brn|[from] brn
|-damage|p1a: Milotic|0 fnt|[from] Salt Cure
|faint|p1a: Milotic
|upkeep
|
|t:|1760807254
|switch|p1a: Hydrapple|Hydrapple, M, shiny|100/100
|-activate|p1a: Hydrapple|move: Sticky Web
|-unboost|p1a: Hydrapple|spe|1
|turn|9
|
|t:|1760807268
|switch|p2a: Comfey|Comfey, F|94/100 brn
|move|p1a: Hydrapple|Nasty Plot|p1a: Hydrapple
|-boost|p1a: Hydrapple|spa|2
|
|-heal|p2a: Comfey|100/100 brn|[from] item: Leftovers
|-damage|p2a: Comfey|94/100 brn|[from] brn
|upkeep
|turn|10
|
|t:|1760807284
|move|p2a: Comfey|Calm Mind|p2a: Comfey
|-boost|p2a: Comfey|spa|1
|-boost|p2a: Comfey|spd|1
|move|p1a: Hydrapple|Giga Drain|p2a: Comfey
|-damage|p2a: Comfey|24/100 brn
|
|-heal|p2a: Comfey|30/100 brn|[from] item: Leftovers
|-damage|p2a: Comfey|24/100 brn|[from] brn
|upkeep
|turn|11
|
|t:|1760807294
|move|p2a: Comfey|Draining Kiss|p1a: Hydrapple
|-supereffective|p1a: Hydrapple
|-damage|p1a: Hydrapple|46/100
|-heal|p2a: Comfey|94/100 brn|[from] drain|[of] p1a: Hydrapple
|move|p1a: Hydrapple|Giga Drain|p2a: Comfey
|-damage|p2a: Comfey|23/100 brn
|-heal|p1a: Hydrapple|66/100|[from] drain|[of] p2a: Comfey
|
|-heal|p2a: Comfey|29/100 brn|[from] item: Leftovers
|-heal|p1a: Hydrapple|73/100|[from] item: Leftovers
|-damage|p2a: Comfey|23/100 brn|[from] brn
|upkeep
|turn|12
|
|t:|1760807307
|move|p2a: Comfey|Draining Kiss|p1a: Hydrapple
|-supereffective|p1a: Hydrapple
|-damage|p1a: Hydrapple|13/100
|-heal|p2a: Comfey|99/100 brn|[from] drain|[of] p1a: Hydrapple
|move|p1a: Hydrapple|Giga Drain|p2a: Comfey
|-damage|p2a: Comfey|31/100 brn
|-heal|p1a: Hydrapple|33/100|[from] drain|[of] p2a: Comfey
|
|-heal|p2a: Comfey|38/100 brn|[from] item: Leftovers
|-heal|p1a: Hydrapple|39/100|[from] item: Leftovers
|-damage|p2a: Comfey|31/100 brn|[from] brn
|upkeep
|turn|13
|
|t:|1760807327
|switch|p1a: Tinkaton|Tinkaton, F|100/100
|-ability|p1a: Tinkaton|Mold Breaker
|-item|p1a: Tinkaton|Air Balloon
|move|p2a: Comfey|Draining Kiss|p1a: Tinkaton
|-resisted|p1a: Tinkaton
|-damage|p1a: Tinkaton|86/100
|-heal|p2a: Comfey|45/100 brn|[from] drain|[of] p1a: Tinkaton
|-enditem|p1a: Tinkaton|Air Balloon
|
|-heal|p2a: Comfey|52/100 brn|[from] item: Leftovers
|-damage|p2a: Comfey|45/100 brn|[from] brn
|upkeep
|turn|14
|
|t:|1760807343
|switch|p2a: Meganium|Meganium, M|100/100
|move|p1a: Tinkaton|Encore||[still]
|-fail|p1a: Tinkaton
|
|upkeep
|turn|15
|
|t:|1760807351
|move|p1a: Tinkaton|Ice Hammer|p2a: Meganium
|-supereffective|p2a: Meganium
|-damage|p2a: Meganium|58/100
|-unboost|p1a: Tinkaton|spe|1
|-damage|p1a: Tinkaton|70/100|[from] item: Rocky Helmet|[of] p2a: Meganium
|move|p2a: Meganium|Encore|p1a: Tinkaton
|-start|p1a: Tinkaton|Encore
|
|upkeep
|turn|16
|
|t:|1760807360
|move|p1a: Tinkaton|Ice Hammer|p2a: Meganium|[miss]
|-miss|p1a: Tinkaton|p2a: Meganium
|move|p2a: Meganium|Leech Seed|p1a: Tinkaton
|-start|p1a: Tinkaton|move: Leech Seed
|
|-damage|p1a: Tinkaton|57/100|[from] Leech Seed|[of] p2a: Meganium
|-heal|p2a: Meganium|69/100|[silent]
|upkeep
|turn|17
|
|t:|1760807372
|switch|p2a: Garganacl|Garganacl, F, shiny|27/100
|move|p1a: Tinkaton|Ice Hammer|p2a: Garganacl
|-damage|p2a: Garganacl|14/100
|-unboost|p1a: Tinkaton|spe|1
|
|-heal|p2a: Garganacl|20/100|[from] item: Leftovers
|-damage|p1a: Tinkaton|45/100|[from] Leech Seed|[of] p2a: Garganacl
|-heal|p2a: Garganacl|30/100|[silent]
|upkeep
|turn|18
|
|t:|1760807385
|move|p1a: Tinkaton|Ice Hammer|p2a: Garganacl
|-damage|p2a: Garganacl|17/100
|-unboost|p1a: Tinkaton|spe|1
|move|p2a: Garganacl|Recover|p2a: Garganacl
|-heal|p2a: Garganacl|67/100
|
|-heal|p2a: Garganacl|73/100|[from] item: Leftovers
|-damage|p1a: Tinkaton|33/100|[from] Leech Seed|[of] p2a: Garganacl
|-heal|p2a: Garganacl|82/100|[silent]
|-end|p1a: Tinkaton|Encore
|upkeep
|turn|19
|
|t:|1760807398
|move|p1a: Tinkaton|Stealth Rock|p2a: Garganacl
|-sidestart|p2: valentin.loir|move: Stealth Rock
|move|p2a: Garganacl|Salt Cure|p1a: Tinkaton
|-resisted|p1a: Tinkaton
|-damage|p1a: Tinkaton|23/100
|-start|p1a: Tinkaton|Salt Cure
|
|-heal|p2a: Garganacl|89/100|[from] item: Leftovers
|-damage|p1a: Tinkaton|11/100|[from] Leech Seed|[of] p2a: Garganacl
|-heal|p2a: Garganacl|98/100|[silent]
|-damage|p1a: Tinkaton|0 fnt|[from] Salt Cure
|faint|p1a: Tinkaton
|upkeep
|
|t:|1760807406
|switch|p1a: Hydrapple|Hydrapple, M, shiny|72/100
|-activate|p1a: Hydrapple|move: Sticky Web
|-unboost|p1a: Hydrapple|spe|1
|turn|20
|
|t:|1760807418
|switch|p2a: Clodsire|Clodsire, F|100/100
|-damage|p2a: Clodsire|94/100|[from] Stealth Rock
|-item|p2a: Clodsire|Air Balloon
|move|p1a: Hydrapple|Nasty Plot|p1a: Hydrapple
|-boost|p1a: Hydrapple|spa|2
|
|-heal|p1a: Hydrapple|79/100|[from] item: Leftovers
|upkeep
|turn|21
|
|t:|1760807431
|-terastallize|p1a: Hydrapple|Dark
|move|p1a: Hydrapple|Giga Drain|p2a: Clodsire
|-damage|p2a: Clodsire|50/100
|-heal|p1a: Hydrapple|100/100|[from] drain|[of] p2a: Clodsire
|-enditem|p2a: Clodsire|Air Balloon
|move|p2a: Clodsire|Toxic|p1a: Hydrapple
|-status|p1a: Hydrapple|tox
|
|-damage|p1a: Hydrapple|94/100 tox|[from] psn
|upkeep
|turn|22
|
|t:|1760807444
|move|p2a: Clodsire|Protect|p2a: Clodsire
|-singleturn|p2a: Clodsire|Protect
|move|p1a: Hydrapple|Giga Drain|p2a: Clodsire
|-activate|p2a: Clodsire|move: Protect
|
|-heal|p1a: Hydrapple|100/100 tox|[from] item: Leftovers
|-damage|p1a: Hydrapple|88/100 tox|[from] psn
|upkeep
|turn|23
|
|t:|1760807453
|move|p1a: Hydrapple|Nasty Plot|p1a: Hydrapple
|-boost|p1a: Hydrapple|spa|2
|move|p2a: Clodsire|Stealth Rock|p1a: Hydrapple
|-sidestart|p1: BIDOOFTHEBIDOOF|move: Stealth Rock
|
|-heal|p1a: Hydrapple|94/100 tox|[from] item: Leftovers
|-damage|p1a: Hydrapple|75/100 tox|[from] psn
|upkeep
|turn|24
|
|t:|1760807463
|move|p2a: Clodsire|Protect|p2a: Clodsire
|-singleturn|p2a: Clodsire|Protect
|move|p1a: Hydrapple|Nasty Plot|p1a: Hydrapple
|-boost|p1a: Hydrapple|spa|2
|
|-heal|p1a: Hydrapple|82/100 tox|[from] item: Leftovers
|-damage|p1a: Hydrapple|57/100 tox|[from] psn
|upkeep
|turn|25
|
|t:|1760807474
|move|p2a: Clodsire|Protect|p2a: Clodsire
|-singleturn|p2a: Clodsire|Protect
|move|p1a: Hydrapple|Giga Drain|p2a: Clodsire
|-activate|p2a: Clodsire|move: Protect
|
|-heal|p1a: Hydrapple|63/100 tox|[from] item: Leftovers
|-damage|p1a: Hydrapple|32/100 tox|[from] psn
|upkeep
|turn|26
|
|t:|1760807484
|move|p2a: Clodsire|Protect||[still]
|-fail|p2a: Clodsire
|move|p1a: Hydrapple|Giga Drain|p2a: Clodsire
|-damage|p2a: Clodsire|0 fnt
|-heal|p1a: Hydrapple|59/100 tox|[from] drain|[of] p2a: Clodsire
|faint|p2a: Clodsire
|
|-heal|p1a: Hydrapple|65/100 tox|[from] item: Leftovers
|-damage|p1a: Hydrapple|28/100 tox|[from] psn
|upkeep
|
|t:|1760807496
|switch|p2a: Garganacl|Garganacl, F, shiny|98/100
|-damage|p2a: Garganacl|86/100|[from] Stealth Rock
|turn|27
|
|t:|1760807500
|move|p2a: Garganacl|Protect|p2a: Garganacl
|-singleturn|p2a: Garganacl|Protect
|move|p1a: Hydrapple|Giga Drain|p2a: Garganacl
|-activate|p2a: Garganacl|move: Protect
|
|-heal|p2a: Garganacl|92/100|[from] item: Leftovers
|-heal|p1a: Hydrapple|34/100 tox|[from] item: Leftovers
|-damage|p1a: Hydrapple|0 fnt|[from] psn
|faint|p1a: Hydrapple
|upkeep
|
|t:|1760807504
|switch|p1a: Dragonite|Dragonite, M|100/100
|-damage|p1a: Dragonite|76/100|[from] Stealth Rock
|turn|28
|
|t:|1760807517
|move|p1a: Dragonite|Dragon Dance|p1a: Dragonite
|-boost|p1a: Dragonite|atk|1
|-boost|p1a: Dragonite|spe|1
|move|p2a: Garganacl|Salt Cure|p1a: Dragonite
|-supereffective|p1a: Dragonite
|-damage|p1a: Dragonite|44/100
|-start|p1a: Dragonite|Salt Cure
|-enditem|p1a: Dragonite|Weakness Policy
|-boost|p1a: Dragonite|atk|2|[from] item: Weakness Policy
|-boost|p1a: Dragonite|spa|2|[from] item: Weakness Policy
|
|-heal|p2a: Garganacl|98/100|[from] item: Leftovers
|-damage|p1a: Dragonite|32/100|[from] Salt Cure
|upkeep
|turn|29
|
|t:|1760807530
|move|p2a: Garganacl|Protect|p2a: Garganacl
|-singleturn|p2a: Garganacl|Protect
|move|p1a: Dragonite|Earthquake|p2a: Garganacl
|-activate|p2a: Garganacl|move: Protect
|
|-heal|p2a: Garganacl|100/100|[from] item: Leftovers
|-damage|p1a: Dragonite|19/100|[from] Salt Cure
|upkeep
|turn|30
|
|t:|1760807545
|-terastallize|p2a: Garganacl|Ghost
|move|p1a: Dragonite|Earthquake|p2a: Garganacl
|-damage|p2a: Garganacl|52/100
|move|p2a: Garganacl|Recover|p2a: Garganacl
|-heal|p2a: Garganacl|100/100
|
|-damage|p1a: Dragonite|7/100|[from] Salt Cure
|upkeep
|turn|31
|
|t:|1760807557
|move|p2a: Garganacl|Protect|p2a: Garganacl
|-singleturn|p2a: Garganacl|Protect
|move|p1a: Dragonite|Dragon Claw|p2a: Garganacl
|-activate|p2a: Garganacl|move: Protect
|
|-damage|p1a: Dragonite|0 fnt|[from] Salt Cure
|faint|p1a: Dragonite
|upkeep
|
|t:|1760807561
|switch|p1a: Cloyster|Cloyster, M, shiny|100/100
|-activate|p1a: Cloyster|move: Sticky Web
|-unboost|p1a: Cloyster|spe|1
|-damage|p1a: Cloyster|76/100|[from] Stealth Rock
|-enditem|p1a: Cloyster|White Herb
|-clearnegativeboost|p1a: Cloyster|[silent]
|turn|32
|l|☆BIDOOFTHEBIDOOF
|inactive|BIDOOFTHEBIDOOF disconnected and has a minute to reconnect!
|player|p1|
|inactive|BIDOOFTHEBIDOOF has 30 seconds to reconnect!
|j|☆BIDOOFTHEBIDOOF
|inactive|BIDOOFTHEBIDOOF reconnected and has 105 seconds left.
|player|p1|BIDOOFTHEBIDOOF|cynthia-gen4|
|
|t:|1760807613
|move|p1a: Cloyster|Shell Smash|p1a: Cloyster
|-unboost|p1a: Cloyster|def|1
|-unboost|p1a: Cloyster|spd|1
|-boost|p1a: Cloyster|atk|2
|-boost|p1a: Cloyster|spa|2
|-boost|p1a: Cloyster|spe|2
|move|p2a: Garganacl|Salt Cure|p1a: Cloyster
|-supereffective|p1a: Cloyster
|-damage|p1a: Cloyster|42/100
|-start|p1a: Cloyster|Salt Cure
|
|-damage|p1a: Cloyster|18/100|[from] Salt Cure
|upkeep
|turn|33
|
|t:|1760807625
|move|p2a: Garganacl|Protect|p2a: Garganacl
|-singleturn|p2a: Garganacl|Protect
|move|p1a: Cloyster|Shell Smash|p1a: Cloyster
|-unboost|p1a: Cloyster|def|1
|-unboost|p1a: Cloyster|spd|1
|-boost|p1a: Cloyster|atk|2
|-boost|p1a: Cloyster|spa|2
|-boost|p1a: Cloyster|spe|2
|
|-damage|p1a: Cloyster|0 fnt|[from] Salt Cure
|faint|p1a: Cloyster
|upkeep
|
|t:|1760807629
|switch|p1a: Moltres|Moltres|100/100
|-damage|p1a: Moltres|50/100|[from] Stealth Rock
|turn|34
|
|t:|1760807640
|move|p2a: Garganacl|Salt Cure|p1a: Moltres
|-supereffective|p1a: Moltres
|-crit|p1a: Moltres
|-damage|p1a: Moltres|0 fnt
|faint|p1a: Moltres
|
|win|valentin.loir
|raw|BIDOOFTHEBIDOOF's rating: 1051 &rarr; <strong>1032</strong><br />(-19 for losing)
|raw|valentin.loir's rating: 1028 &rarr; <strong>1066</strong><br />(+38 for winning)
