|j|☆Acu1ty
|j|☆kantoking1307
|t:|1760740645
|gametype|singles
|player|p1|Acu1ty|aquagruntf|1511
|player|p2|kantoking1307|shadowtriad|1471
|gen|9
|tier|[Gen 9] OU
|rated|
|rule|HP Percentage Mod: HP is shown in percentages
|rule|Endless Battle Clause: Forcing endless battles is banned
|rule|Species Clause: Limit one of each Pokémon
|rule|OHKO Clause: OHKO moves are banned
|rule|Evasion Items Clause: Evasion items are banned
|rule|Evasion Moves Clause: Evasion moves are banned
|rule|Evasion Abilities Clause: Evasion abilities are banned
|rule|Sleep Moves Clause: Sleep-inducing moves are banned
|clearpoke
|poke|p1|Dragapult, F|
|poke|p1|Corviknight, M|
|poke|p1|Ting-Lu|
|poke|p1|Ogerpon-Wellspring, F|
|poke|p1|Slowking-Galar, M|
|poke|p1|Zamazenta-*|
|poke|p2|Jolteon, M|
|poke|p2|Gyarados, M|
|poke|p2|Arcanine-Hisui, M|
|poke|p2|Corviknight, M|
|poke|p2|Scizor, M|
|poke|p2|Mew|
|teampreview
|inactive|Battle timer is ON: inactive players will automatically lose when time's up. (requested by Acu1ty)
|inactive|kantoking1307 has 120 seconds left.
|
|t:|1760740708
|teamsize|p1|6
|teamsize|p2|6
|start
|switch|p1a: Ogerpon|Ogerpon-Wellspring, F|100/100
|switch|p2a: Gyarados|Gyarados, M|100/100
|turn|1
|
|t:|1760740722
|move|p1a: Ogerpon|U-turn|p2a: Gyarados
|-resisted|p2a: Gyarados
|-damage|p2a: Gyarados|84/100
|
|t:|1760740725
|switch|p1a: Corviknight|Corviknight, M|100/100|[from] U-turn
|-ability|p1a: Corviknight|Pressure
|move|p2a: Gyarados|Dragon Dance|p2a: Gyarados
|-boost|p2a: Gyarados|atk|1
|-boost|p2a: Gyarados|spe|1
|
|upkeep
|turn|2
|
|t:|1760740733
|move|p2a: Gyarados|Dragon Dance|p2a: Gyarados
|-boost|p2a: Gyarados|atk|1
|-boost|p2a: Gyarados|spe|1
|move|p1a: Corviknight|Brave Bird|p2a: Gyarados
|-damage|p2a: Gyarados|38/100
|-damage|p1a: Corviknight|88/100|[from] Recoil
|
|upkeep
|turn|3
|
|t:|1760740746
|move|p2a: Gyarados|Waterfall|p1a: Corviknight
|-damage|p1a: Corviknight|35/100
|-damage|p2a: Gyarados|22/100|[from] item: Rocky Helmet|[of] p1a: Corviknight
|cant|p1a: Corviknight|flinch
|
|upkeep
|turn|4
|
|t:|1760740752
|move|p2a: Gyarados|Waterfall|p1a: Corviknight
|-damage|p1a: Corviknight|0 fnt
|-damage|p2a: Gyarados|5/100|[from] item: Rocky Helmet|[of] p1a: Corviknight
|faint|p1a: Corviknight
|-ability|p2a: Gyarados|Moxie|boost
|-boost|p2a: Gyarados|atk|1
|
|upkeep
|
|t:|1760740761
|switch|p1a: Ogerpon|Ogerpon-Wellspring, F|100/100
|turn|5
|
|t:|1760740767
|move|p2a: Gyarados|Outrage|p1a: Ogerpon
|-damage|p1a: Ogerpon|0 fnt
|faint|p1a: Ogerpon
|-ability|p2a: Gyarados|Moxie|boost
|-boost|p2a: Gyarados|atk|1
|
|upkeep
|
|t:|1760740774
|switch|p1a: Dragapult|Dragapult, F|100/100
|turn|6
|
|t:|1760740780
|-terastallize|p1a: Dragapult|Fairy
|move|p2a: Gyarados|Outrage|p1a: Dragapult|[from] lockedmove
|-immune|p1a: Dragapult
|move|p1a: Dragapult|Dragon Darts|p2a: Gyarados
|-damage|p2a: Gyarados|0 fnt
|faint|p2a: Gyarados
|
|upkeep
|
|t:|1760740796
|switch|p2a: Scizor|Scizor, M|100/100
|turn|7
|
|t:|1760740803
|move|p2a: Scizor|Bullet Punch|p1a: Dragapult
|-supereffective|p1a: Dragapult
|-damage|p1a: Dragapult|0 fnt
|faint|p1a: Dragapult
|
|upkeep
|
|t:|1760740812
|switch|p1a: Ting-Lu|Ting-Lu|100/100
|-ability|p1a: Ting-Lu|Vessel of Ruin
|turn|8
|
|t:|1760740818
|switch|p2a: Corviknight|Corviknight, M|100/100
|move|p1a: Ting-Lu|Stealth Rock|p2a: Corviknight
|-sidestart|p2: kantoking1307|move: Stealth Rock
|
|upkeep
|turn|9
|
|t:|1760740823
|move|p2a: Corviknight|Defog|p1a: Ting-Lu
|-unboost|p1a: Ting-Lu|evasion|1
|-sideend|p2: kantoking1307|Stealth Rock|[from] move: Defog|[of] p2a: Corviknight
|move|p1a: Ting-Lu|Ruination|p2a: Corviknight
|-damage|p2a: Corviknight|50/100
|
|upkeep
|turn|10
|
|t:|1760740837
|move|p2a: Corviknight|U-turn|p1a: Ting-Lu
|-supereffective|p1a: Ting-Lu
|-damage|p1a: Ting-Lu|86/100
|
|t:|1760740840
|switch|p2a: Scizor|Scizor, M|100/100|[from] U-turn
|move|p1a: Ting-Lu|Stealth Rock|p2a: Scizor
|-sidestart|p2: kantoking1307|move: Stealth Rock
|
|-heal|p1a: Ting-Lu|92/100|[from] item: Leftovers
|upkeep
|turn|11
|
|t:|1760740846
|switch|p1a: Slowking|Slowking-Galar, M|100/100
|move|p2a: Scizor|U-turn|p1a: Slowking
|-damage|p1a: Slowking|42/100
|
|t:|1760740854
|switch|p2a: Corviknight|Corviknight, M|50/100|[from] U-turn
|-damage|p2a: Corviknight|38/100|[from] Stealth Rock
|
|upkeep
|turn|12
|
|t:|1760740859
|move|p2a: Corviknight|Roost|p2a: Corviknight
|-heal|p2a: Corviknight|88/100
|-singleturn|p2a: Corviknight|move: Roost
|move|p1a: Slowking|Thunder Wave|p2a: Corviknight
|-status|p2a: Corviknight|par
|
|upkeep
|turn|13
|
|t:|1760740867
|move|p2a: Corviknight|Defog|p1a: Slowking
|-unboost|p1a: Slowking|evasion|1
|-sideend|p2: kantoking1307|Stealth Rock|[from] move: Defog|[of] p2a: Corviknight
|move|p1a: Slowking|Future Sight|p2a: Corviknight
|-start|p1a: Slowking|move: Future Sight
|
|upkeep
|turn|14
|
|t:|1760740873
|cant|p2a: Corviknight|par
|-prepare|p1a: Slowking|Chilly Reception|[premajor]
|move|p1a: Slowking|Chilly Reception|p1a: Slowking
|-weather|Snowscape
|
|t:|1760740876
|switch|p1a: Zamazenta|Zamazenta|100/100|[from] Chilly Reception
|-ability|p1a: Zamazenta|Dauntless Shield|boost
|-boost|p1a: Zamazenta|def|1
|
|-weather|Snowscape|[upkeep]
|upkeep
|turn|15
|
|t:|1760740882
|move|p1a: Zamazenta|Stone Edge|p2a: Corviknight
|-damage|p2a: Corviknight|60/100 par
|-damage|p1a: Zamazenta|91/100|[from] item: Life Orb
|move|p2a: Corviknight|U-turn|p1a: Zamazenta
|-resisted|p1a: Zamazenta
|-damage|p1a: Zamazenta|86/100
|
|t:|1760740905
|switch|p2a: Mew|Mew, shiny|100/100|[from] U-turn
|
|-weather|Snowscape|[upkeep]
|-end|p2a: Mew|move: Future Sight
|-resisted|p2a: Mew
|-damage|p2a: Mew|82/100
|upkeep
|turn|16
|
|t:|1760740920
|switch|p1a: Slowking|Slowking-Galar, M|75/100
|move|p2a: Mew|Nasty Plot|p2a: Mew
|-boost|p2a: Mew|spa|2
|
|-weather|Snowscape|[upkeep]
|upkeep
|turn|17
|
|t:|1760740930
|move|p2a: Mew|Earth Power|p1a: Slowking
|-supereffective|p1a: Slowking
|-damage|p1a: Slowking|10/100
|move|p1a: Slowking|Sludge Bomb|p2a: Mew
|-damage|p2a: Mew|50/100
|-status|p2a: Mew|psn
|-activate|p2a: Mew|ability: Synchronize
|-immune|p1a: Slowking
|-enditem|p2a: Mew|Sitrus Berry|[eat]
|-heal|p2a: Mew|75/100 psn|[from] item: Sitrus Berry
|
|-weather|Snowscape|[upkeep]
|-damage|p2a: Mew|63/100 psn|[from] psn
|upkeep
|turn|18
|
|t:|1760740949
|switch|p1a: Ting-Lu|Ting-Lu|92/100
|-ability|p1a: Ting-Lu|Vessel of Ruin
|move|p2a: Mew|Earth Power|p1a: Ting-Lu
|-damage|p1a: Ting-Lu|66/100
|
|-weather|none
|-heal|p1a: Ting-Lu|72/100|[from] item: Leftovers
|-damage|p2a: Mew|51/100 psn|[from] psn
|upkeep
|turn|19
|inactive|kantoking1307 has 120 seconds left.
|
|t:|1760740976
|switch|p2a: Scizor|Scizor, M|100/100
|move|p1a: Ting-Lu|Earthquake|p2a: Scizor
|-damage|p2a: Scizor|60/100
|
|-heal|p1a: Ting-Lu|79/100|[from] item: Leftovers
|upkeep
|turn|20
|
|t:|1760740984
|switch|p1a: Zamazenta|Zamazenta|86/100
|move|p2a: Scizor|U-turn|p1a: Zamazenta
|-resisted|p1a: Zamazenta
|-damage|p1a: Zamazenta|58/100
|inactive|kantoking1307 has 120 seconds left.
|
|t:|1760741009
|switch|p2a: Mew|Mew, shiny|51/100 psn|[from] U-turn
|
|-damage|p2a: Mew|38/100 psn|[from] psn
|upkeep
|turn|21
|
|t:|1760741024
|move|p1a: Zamazenta|Crunch|p2a: Mew
|-supereffective|p2a: Mew
|-damage|p2a: Mew|0 fnt
|faint|p2a: Mew
|-damage|p1a: Zamazenta|48/100|[from] item: Life Orb
|
|upkeep
|
|t:|1760741031
|switch|p2a: Corviknight|Corviknight, M|60/100 par
|turn|22
|
|t:|1760741039
|switch|p1a: Slowking|Slowking-Galar, M|43/100
|cant|p2a: Corviknight|par
|
|upkeep
|turn|23
|
|t:|1760741044
|cant|p2a: Corviknight|par
|move|p1a: Slowking|Future Sight|p2a: Corviknight
|-start|p1a: Slowking|move: Future Sight
|
|upkeep
|turn|24
|
|t:|1760741047
|move|p2a: Corviknight|U-turn|p1a: Slowking
|-damage|p1a: Slowking|28/100
|
|t:|1760741054
|switch|p2a: Scizor|Scizor, M|60/100|[from] U-turn
|-prepare|p1a: Slowking|Chilly Reception|[premajor]
|move|p1a: Slowking|Chilly Reception|p1a: Slowking
|-weather|Snowscape
|
|t:|1760741058
|switch|p1a: Zamazenta|Zamazenta|48/100|[from] Chilly Reception
|
|-weather|Snowscape|[upkeep]
|upkeep
|turn|25
|
|t:|1760741070
|-terastallize|p2a: Scizor|Steel
|move|p2a: Scizor|Bullet Punch|p1a: Zamazenta
|-damage|p1a: Zamazenta|0 fnt
|faint|p1a: Zamazenta
|
|-weather|Snowscape|[upkeep]
|-end|p2a: Scizor|move: Future Sight
|-resisted|p2a: Scizor
|-damage|p2a: Scizor|33/100
|upkeep
|-message|Acu1ty forfeited.
|
|win|kantoking1307
|raw|Acu1ty's rating: 1511 &rarr; <strong>1489</strong><br />(-22 for losing)
|raw|kantoking1307's rating: 1471 &rarr; <strong>1493</strong><br />(+22 for winning)
|l|☆Acu1ty
|player|p1|
|l|☆kantoking1307
|player|p2|
