|j|☆Durr plant100
|j|☆blkjptr
|t:|1760841716
|gametype|singles
|player|p1|Durr plant100|ultraforestkartenvoy|1392
|player|p2|blkjptr|caitlin|1405
|gen|9
|tier|[Gen 9] OU
|rated|
|rule|HP Percentage Mod: HP is shown in percentages
|rule|Endless Battle Clause: Forcing endless battles is banned
|rule|Species Clause: Limit one of each Pokémon
|rule|OHKO Clause: OHKO moves are banned
|rule|Evasion Items Clause: Evasion items are banned
|rule|Evasion Moves Clause: Evasion moves are banned
|rule|Evasion Abilities Clause: Evasion abilities are banned
|rule|Sleep Moves Clause: Sleep-inducing moves are banned
|clearpoke
|poke|p1|Hydrapple, M|
|poke|p1|Arcanine-Hisui, M|
|poke|p1|Slowking, F|
|poke|p1|Kingambit, M|
|poke|p1|Tinkaton, F|
|poke|p1|Latios, M|
|poke|p2|Garchomp, M|
|poke|p2|Conkeldurr, F|
|poke|p2|Braviary-Hisui, M|
|poke|p2|Cinderace, M|
|poke|p2|Corviknight, F|
|poke|p2|Metagross|
|teampreview
|inactive|Battle timer is ON: inactive players will automatically lose when time's up. (requested by blkjptr)
|inactive|Durr plant100 also wants the timer to be on.
|
|t:|1760841727
|teamsize|p1|6
|teamsize|p2|6
|start
|switch|p1a: Shaman Stone|Latios, M|100/100
|switch|p2a: Cinderace|Cinderace, M|100/100
|turn|1
|c|☆Durr plant100|Cool team
|
|t:|1760841738
|move|p2a: Cinderace|U-turn|p1a: Shaman Stone
|-start|p2a: Cinderace|typechange|Bug|[from] ability: Libero
|-supereffective|p1a: Shaman Stone
|-damage|p1a: Shaman Stone|0 fnt
|faint|p1a: Shaman Stone
|
|t:|1760841752
|switch|p2a: Garchomp|Garchomp, M|100/100|[from] U-turn
|
|upkeep
|
|t:|1760841760
|switch|p1a: Heavy Blow|Tinkaton, F|100/100
|-ability|p1a: Heavy Blow|Mold Breaker
|-item|p1a: Heavy Blow|Air Balloon
|turn|2
|
|t:|1760841765
|move|p1a: Heavy Blow|Stealth Rock|p2a: Garchomp
|-sidestart|p2: blkjptr|move: Stealth Rock
|move|p2a: Garchomp|Spikes|p1a: Heavy Blow
|-sidestart|p1: Durr plant100|Spikes
|
|upkeep
|turn|3
|
|t:|1760841773
|move|p1a: Heavy Blow|Encore|p2a: Garchomp
|-start|p2a: Garchomp|Encore
|move|p2a: Garchomp|Spikes|p1a: Heavy Blow
|-sidestart|p1: Durr plant100|Spikes
|
|upkeep
|turn|4
|
|t:|1760841778
|switch|p1a: Grubsong|Hydrapple, M|100/100
|-damage|p1a: Grubsong|84/100|[from] Spikes
|move|p2a: Garchomp|Spikes|p1a: Grubsong
|-sidestart|p1: Durr plant100|Spikes
|
|upkeep
|turn|5
|
|t:|1760841784
|switch|p2a: Metagross|Metagross|100/100
|-damage|p2a: Metagross|95/100|[from] Stealth Rock
|move|p1a: Grubsong|Nasty Plot|p1a: Grubsong
|-boost|p1a: Grubsong|spa|2
|
|upkeep
|turn|6
|
|t:|1760841790
|move|p2a: Metagross|Meteor Mash|p1a: Grubsong
|-damage|p1a: Grubsong|54/100
|-damage|p2a: Metagross|78/100|[from] item: Rocky Helmet|[of] p1a: Grubsong
|move|p1a: Grubsong|Earth Power|p2a: Metagross
|-supereffective|p2a: Metagross
|-damage|p2a: Metagross|0 fnt
|faint|p2a: Metagross
|
|upkeep
|
|t:|1760841795
|switch|p2a: Braviary|Braviary-Hisui, M|100/100
|-damage|p2a: Braviary|76/100|[from] Stealth Rock
|turn|7
|
|t:|1760841802
|switch|p1a: Lifeblood Core|Slowking, F|100/100
|move|p2a: Braviary|Psychic|p1a: Lifeblood Core
|-resisted|p1a: Lifeblood Core
|-damage|p1a: Lifeblood Core|79/100
|
|upkeep
|turn|8
|
|t:|1760841807
|move|p2a: Braviary|Hurricane|p1a: Lifeblood Core
|-damage|p1a: Lifeblood Core|19/100
|move|p1a: Lifeblood Core|Future Sight|p2a: Braviary
|-start|p1a: Lifeblood Core|move: Future Sight
|
|upkeep
|turn|9
|
|t:|1760841813
|move|p2a: Braviary|Hurricane|p1a: Lifeblood Core
|-damage|p1a: Lifeblood Core|0 fnt
|faint|p1a: Lifeblood Core
|
|upkeep
|
|t:|1760841817
|switch|p1a: Fragile Strength|Arcanine-Hisui, M|100/100
|-damage|p1a: Fragile Strength|76/100|[from] Spikes
|turn|10
|
|t:|1760841820
|move|p1a: Fragile Strength|Flare Blitz|p2a: Braviary
|-damage|p2a: Braviary|0 fnt
|faint|p2a: Braviary
|
|-hint|Future Sight did not hit because the target is fainted.
|upkeep
|
|t:|1760841823
|switch|p2a: Conkeldurr|Conkeldurr, F|100/100
|-damage|p2a: Conkeldurr|95/100|[from] Stealth Rock
|turn|11
|
|t:|1760841827
|switch|p1a: Heavy Blow|Tinkaton, F|100/100
|-ability|p1a: Heavy Blow|Mold Breaker
|-item|p1a: Heavy Blow|Air Balloon
|move|p2a: Conkeldurr|Drain Punch|p1a: Heavy Blow
|-damage|p1a: Heavy Blow|46/100
|-heal|p2a: Conkeldurr|100/100|[from] drain|[of] p1a: Heavy Blow
|-enditem|p1a: Heavy Blow|Air Balloon
|
|-status|p2a: Conkeldurr|brn|[from] item: Flame Orb
|upkeep
|turn|12
|
|t:|1760841837
|-terastallize|p2a: Conkeldurr|Fighting
|move|p2a: Conkeldurr|Mach Punch|p1a: Heavy Blow
|-damage|p1a: Heavy Blow|0 fnt
|faint|p1a: Heavy Blow
|
|-damage|p2a: Conkeldurr|95/100 brn|[from] brn
|upkeep
|
|t:|1760841850
|switch|p1a: Grubsong|Hydrapple, M|87/100
|-damage|p1a: Grubsong|62/100|[from] Spikes
|turn|13
|
|t:|1760841857
|move|p2a: Conkeldurr|Bulk Up|p2a: Conkeldurr
|-boost|p2a: Conkeldurr|atk|1
|-boost|p2a: Conkeldurr|def|1
|move|p1a: Grubsong|Giga Drain|p2a: Conkeldurr
|-damage|p2a: Conkeldurr|57/100 brn
|-heal|p1a: Grubsong|79/100|[from] drain|[of] p2a: Conkeldurr
|
|-damage|p2a: Conkeldurr|51/100 brn|[from] brn
|upkeep
|turn|14
|
|t:|1760841868
|-terastallize|p1a: Grubsong|Poison
|move|p2a: Conkeldurr|Drain Punch|p1a: Grubsong
|-resisted|p1a: Grubsong
|-damage|p1a: Grubsong|41/100
|-heal|p2a: Conkeldurr|73/100 brn|[from] drain|[of] p1a: Grubsong
|-damage|p2a: Conkeldurr|56/100 brn|[from] item: Rocky Helmet|[of] p1a: Grubsong
|move|p1a: Grubsong|Giga Drain|p2a: Conkeldurr
|-damage|p2a: Conkeldurr|20/100 brn
|-heal|p1a: Grubsong|56/100|[from] drain|[of] p2a: Conkeldurr
|
|-damage|p2a: Conkeldurr|14/100 brn|[from] brn
|upkeep
|turn|15
|
|t:|1760841881
|move|p2a: Conkeldurr|Knock Off|p1a: Grubsong
|-damage|p1a: Grubsong|6/100
|-damage|p2a: Conkeldurr|0 fnt|[from] item: Rocky Helmet|[of] p1a: Grubsong
|faint|p2a: Conkeldurr
|move|p1a: Grubsong|Giga Drain|p2: Conkeldurr|[notarget]
|-fail|p1a: Grubsong
|
|upkeep
|
|t:|1760841889
|switch|p2a: Garchomp|Garchomp, M|100/100
|-damage|p2a: Garchomp|94/100|[from] Stealth Rock
|turn|16
|
|t:|1760841896
|move|p2a: Garchomp|Earthquake|p1a: Grubsong
|-supereffective|p1a: Grubsong
|-damage|p1a: Grubsong|0 fnt
|faint|p1a: Grubsong
|
|-heal|p2a: Garchomp|100/100|[from] item: Leftovers
|upkeep
|
|t:|1760841901
|switch|p1a: Fury of the Fallen|Kingambit, M|100/100
|-damage|p1a: Fury of the Fallen|76/100|[from] Spikes
|-activate|p1a: Fury of the Fallen|ability: Supreme Overlord
|-start|p1a: Fury of the Fallen|fallen4|[silent]
|turn|17
|
|t:|1760841931
|move|p2a: Garchomp|Earthquake|p1a: Fury of the Fallen
|-supereffective|p1a: Fury of the Fallen
|-damage|p1a: Fury of the Fallen|0 fnt
|faint|p1a: Fury of the Fallen
|-end|p1a: Fury of the Fallen|fallen4|[silent]
|
|upkeep
|-message|Durr plant100 forfeited.
|
|win|blkjptr
|raw|Durr plant100's rating: 1392 &rarr; <strong>1373</strong><br />(-19 for losing)
|raw|blkjptr's rating: 1405 &rarr; <strong>1424</strong><br />(+19 for winning)
|l|☆Durr plant100
|player|p1|
|l|☆blkjptr
|player|p2|
