|j|☆len7762
|j|☆PierreRochey
|t:|1760851024
|gametype|singles
|player|p1|len7762|collector|1458
|player|p2|PierreRochey|266|1434
|gen|9
|tier|[Gen 9] OU
|rated|
|rule|HP Percentage Mod: HP is shown in percentages
|rule|Endless Battle Clause: Forcing endless battles is banned
|rule|Species Clause: Limit one of each Pokémon
|rule|OHKO Clause: OHKO moves are banned
|rule|Evasion Items Clause: Evasion items are banned
|rule|Evasion Moves Clause: Evasion moves are banned
|rule|Evasion Abilities Clause: Evasion abilities are banned
|rule|Sleep Moves Clause: Sleep-inducing moves are banned
|clearpoke
|poke|p1|Hoopa-Unbound|
|poke|p1|Hydrapple, M|
|poke|p1|Gliscor, F|
|poke|p1|Cinderace, M|
|poke|p1|Alomomola, F|
|poke|p1|Gholdengo|
|poke|p2|Deoxys-Speed|
|poke|p2|Araquanid, F|
|poke|p2|Great Tusk|
|poke|p2|Gholdengo|
|poke|p2|Enamorus, F|
|poke|p2|Iron Moth|
|teampreview
|inactive|Battle timer is ON: inactive players will automatically lose when time's up. (requested by PierreRochey)
|inactive|len7762 has 120 seconds left.
|
|t:|1760851082
|teamsize|p1|6
|teamsize|p2|6
|start
|switch|p1a: Hydrapple|Hydrapple, M, shiny|100/100
|switch|p2a: Chemin d'or|Araquanid, F|100/100
|turn|1
|
|t:|1760851110
|move|p2a: Chemin d'or|Sticky Web|p1a: Hydrapple
|-sidestart|p1: len7762|move: Sticky Web
|move|p1a: Hydrapple|Nasty Plot|p1a: Hydrapple
|-boost|p1a: Hydrapple|spa|2
|
|upkeep
|turn|2
|
|t:|1760851114
|move|p2a: Chemin d'or|Bug Buzz|p1a: Hydrapple
|-supereffective|p1a: Hydrapple
|-damage|p1a: Hydrapple|44/100
|move|p1a: Hydrapple|Giga Drain|p2a: Chemin d'or
|-damage|p2a: Chemin d'or|43/100
|-heal|p1a: Hydrapple|68/100|[from] drain|[of] p2a: Chemin d'or
|-enditem|p2a: Chemin d'or|Red Card|[of] p1a: Hydrapple
|drag|p1a: Hoopa|Hoopa-Unbound|100/100
|-activate|p1a: Hoopa|move: Sticky Web
|-unboost|p1a: Hoopa|spe|1
|
|upkeep
|turn|3
|
|t:|1760851123
|move|p1a: Hoopa|Gunk Shot|p2a: Chemin d'or
|-damage|p2a: Chemin d'or|0 fnt
|faint|p2a: Chemin d'or
|
|upkeep
|
|t:|1760851132
|switch|p2a: Enamorus|Enamorus, F|100/100
|turn|4
|
|t:|1760851137
|move|p2a: Enamorus|Moonblast|p1a: Hoopa
|-supereffective|p1a: Hoopa
|-damage|p1a: Hoopa|0 fnt
|faint|p1a: Hoopa
|-damage|p2a: Enamorus|91/100|[from] item: Life Orb
|
|upkeep
|
|t:|1760851144
|switch|p1a: Cinderace|Cinderace, M|100/100
|turn|5
|
|t:|1760851162
|-terastallize|p2a: Enamorus|Fairy
|move|p1a: Cinderace|Court Change|p1a: Cinderace
|-swapsideconditions
|-activate|p1a: Cinderace|move: Court Change
|move|p2a: Enamorus|Moonblast|p1a: Cinderace
|-resisted|p1a: Cinderace
|-damage|p1a: Cinderace|43/100
|-unboost|p1a: Cinderace|spa|1
|-damage|p2a: Enamorus|81/100|[from] item: Life Orb
|
|upkeep
|turn|6
|
|t:|1760851178
|switch|p2a: Ciao|Iron Moth|100/100
|-activate|p2a: Ciao|move: Sticky Web
|-unboost|p2a: Ciao|spe|1
|-enditem|p2a: Ciao|Booster Energy
|-activate|p2a: Ciao|ability: Quark Drive|[fromitem]
|-start|p2a: Ciao|quarkdrivespa
|move|p1a: Cinderace|Pyro Ball|p2a: Ciao|[miss]
|-miss|p1a: Cinderace|p2a: Ciao
|
|upkeep
|turn|7
|
|t:|1760851188
|move|p1a: Cinderace|U-turn|p2a: Ciao
|-resisted|p2a: Ciao
|-damage|p2a: Ciao|93/100
|
|t:|1760851192
|switch|p1a: Alomomola|Alomomola, F|100/100|[from] U-turn
|move|p2a: Ciao|Fiery Dance|p1a: Alomomola
|-resisted|p1a: Alomomola
|-damage|p1a: Alomomola|85/100
|
|upkeep
|turn|8
|
|t:|1760851200
|move|p2a: Ciao|Energy Ball|p1a: Alomomola
|-supereffective|p1a: Alomomola
|-damage|p1a: Alomomola|39/100
|move|p1a: Alomomola|Mirror Coat|p2a: Ciao
|-damage|p2a: Ciao|0 fnt
|faint|p2a: Ciao
|-end|p2a: Ciao|Quark Drive|[silent]
|
|upkeep
|
|t:|1760851206
|switch|p2a: Enamorus|Enamorus, F, tera:Fairy|81/100
|-activate|p2a: Enamorus|move: Sticky Web
|-boost|p2a: Enamorus|spe|1
|turn|9
|
|t:|1760851211
|switch|p1a: Cinderace|Cinderace, M|43/100
|move|p2a: Enamorus|Moonblast|p1a: Cinderace
|-resisted|p1a: Cinderace
|-damage|p1a: Cinderace|0 fnt
|faint|p1a: Cinderace
|-damage|p2a: Enamorus|71/100|[from] item: Life Orb
|
|upkeep
|
|t:|1760851224
|switch|p1a: Gholdengo|Gholdengo|100/100
|-item|p1a: Gholdengo|Air Balloon
|turn|10
|
|t:|1760851232
|switch|p2a: Millionaire|Gholdengo|100/100
|-item|p2a: Millionaire|Air Balloon
|move|p1a: Gholdengo|Thunder Wave|p2a: Millionaire
|-immune|p2a: Millionaire|[from] ability: Good as Gold
|
|upkeep
|turn|11
|
|t:|1760851240
|switch|p1a: Alomomola|Alomomola, F|72/100
|move|p2a: Millionaire|Nasty Plot|p2a: Millionaire
|-boost|p2a: Millionaire|spa|2
|
|upkeep
|turn|12
|
|t:|1760851245
|move|p2a: Millionaire|Nasty Plot|p2a: Millionaire
|-boost|p2a: Millionaire|spa|2
|move|p1a: Alomomola|Flip Turn|p2a: Millionaire
|-damage|p2a: Millionaire|82/100
|-enditem|p2a: Millionaire|Air Balloon
|
|t:|1760851258
|switch|p1a: Gliscor|Gliscor, F|100/100|[from] Flip Turn
|
|-status|p1a: Gliscor|tox|[from] item: Toxic Orb
|upkeep
|turn|13
|
|t:|1760851263
|move|p2a: Millionaire|Make It Rain|p1a: Gliscor
|-damage|p1a: Gliscor|0 fnt
|-unboost|p2a: Millionaire|spa|1
|faint|p1a: Gliscor
|
|upkeep
|
|t:|1760851274
|switch|p1a: Hydrapple|Hydrapple, M, shiny|100/100
|turn|14
|
|t:|1760851280
|-terastallize|p1a: Hydrapple|Steel
|move|p2a: Millionaire|Focus Blast|p1a: Hydrapple|[miss]
|-miss|p2a: Millionaire|p1a: Hydrapple
|move|p1a: Hydrapple|Earth Power|p2a: Millionaire
|-supereffective|p2a: Millionaire
|-damage|p2a: Millionaire|18/100
|
|upkeep
|turn|15
|
|t:|1760851287
|switch|p1a: Gholdengo|Gholdengo|100/100
|-item|p1a: Gholdengo|Air Balloon
|move|p2a: Millionaire|Focus Blast|p1a: Gholdengo
|-immune|p1a: Gholdengo
|
|upkeep
|turn|16
|
|t:|1760851293
|move|p2a: Millionaire|Shadow Ball|p1a: Gholdengo
|-supereffective|p1a: Gholdengo
|-damage|p1a: Gholdengo|0 fnt
|-enditem|p1a: Gholdengo|Air Balloon
|faint|p1a: Gholdengo
|
|upkeep
|-message|len7762 forfeited.
|
|win|PierreRochey
|raw|len7762's rating: 1458 &rarr; <strong>1437</strong><br />(-21 for losing)
|raw|PierreRochey's rating: 1434 &rarr; <strong>1455</strong><br />(+21 for winning)
|l|☆len7762
|player|p1|
|l|☆PierreRochey
|player|p2|
