|j|☆Pkcoach
|j|☆mravty
|t:|1760858558
|gametype|singles
|player|p1|Pkcoach|mira|1203
|player|p2|mravty|zinzolin|1209
|gen|9
|tier|[Gen 9] OU
|rated|
|rule|HP Percentage Mod: HP is shown in percentages
|rule|Endless Battle Clause: Forcing endless battles is banned
|rule|Species Clause: Limit one of each Pokémon
|rule|OHKO Clause: OHKO moves are banned
|rule|Evasion Items Clause: Evasion items are banned
|rule|Evasion Moves Clause: Evasion moves are banned
|rule|Evasion Abilities Clause: Evasion abilities are banned
|rule|Sleep Moves Clause: Sleep-inducing moves are banned
|clearpoke
|poke|p1|Lokix, M|
|poke|p1|Corviknight, M|
|poke|p1|Grimmsnarl, M|
|poke|p1|Landorus-Therian, M|
|poke|p1|Rotom-Wash|
|poke|p1|Slowking-Galar, M|
|poke|p2|Crawdaunt, M|
|poke|p2|Slowking-Galar, M|
|poke|p2|Kyurem|
|poke|p2|Cinderace, F|
|poke|p2|Iron Treads|
|poke|p2|Zapdos|
|teampreview
|inactive|Battle timer is ON: inactive players will automatically lose when time's up. (requested by mravty)
|
|t:|1760858572
|teamsize|p1|6
|teamsize|p2|6
|start
|switch|p1a: Rotom|Rotom-Wash, shiny|100/100
|switch|p2a: Slowking|Slowking-Galar, M, shiny|100/100
|turn|1
|
|t:|1760858581
|move|p1a: Rotom|Volt Switch|p2a: Slowking
|-crit|p2a: Slowking
|-damage|p2a: Slowking|68/100
|
|t:|1760858590
|switch|p1a: Slowking|Slowking-Galar, M, shiny|100/100|[from] Volt Switch
|move|p2a: Slowking|Future Sight|p1a: Slowking
|-start|p2a: Slowking|move: Future Sight
|
|upkeep
|turn|2
|
|t:|1760858599
|move|p2a: Slowking|Thunder Wave|p1a: Slowking
|-status|p1a: Slowking|par
|move|p1a: Slowking|Future Sight|p2a: Slowking
|-start|p1a: Slowking|move: Future Sight
|
|upkeep
|turn|3
|inactive|mravty has 120 seconds left.
|
|t:|1760858632
|move|p2a: Slowking|Chilling Water|p1a: Slowking
|-damage|p1a: Slowking|94/100 par
|-unboost|p1a: Slowking|atk|1
|move|p1a: Slowking|Focus Blast|p2a: Slowking
|-resisted|p2a: Slowking
|-crit|p2a: Slowking
|-damage|p2a: Slowking|59/100
|
|-end|p1a: Slowking|move: Future Sight
|-damage|p1a: Slowking|69/100 par
|upkeep
|turn|4
|inactive|mravty has 120 seconds left.
|
|t:|1760858645
|switch|p2a: Mr. Craw|Crawdaunt, M, shiny|100/100
|move|p1a: Slowking|Acid Spray|p2a: Mr. Craw
|-damage|p2a: Mr. Craw|54/100
|-unboost|p2a: Mr. Craw|spd|2
|
|-end|p2a: Mr. Craw|move: Future Sight
|-immune|p2a: Mr. Craw
|upkeep
|turn|5
|inactive|mravty has 120 seconds left.
|
|t:|1760858659
|switch|p1a: Grimmsnarl|Grimmsnarl, M|100/100
|move|p2a: Mr. Craw|Knock Off|p1a: Grimmsnarl
|-resisted|p1a: Grimmsnarl
|-damage|p1a: Grimmsnarl|79/100
|-enditem|p1a: Grimmsnarl|Light Clay|[from] move: Knock Off|[of] p2a: Mr. Craw
|
|upkeep
|turn|6
|inactive|mravty has 120 seconds left.
|
|t:|1760858674
|switch|p2a: Slowking|Slowking-Galar, M, shiny|92/100
|move|p1a: Grimmsnarl|Reflect|p1a: Grimmsnarl
|-sidestart|p1: Pkcoach|Reflect
|
|upkeep
|turn|7
|
|t:|1760858679
|move|p1a: Grimmsnarl|Parting Shot|p2a: Slowking
|-unboost|p2a: Slowking|atk|1
|-unboost|p2a: Slowking|spa|1
|
|t:|1760858683
|switch|p1a: Slowking|Slowking-Galar, M, shiny|100/100 par|[from] Parting Shot
|move|p2a: Slowking|Thunder Wave|p1a: Slowking
|-fail|p1a: Slowking|par
|
|upkeep
|turn|8
|
|t:|1760858690
|move|p2a: Slowking|Future Sight|p1a: Slowking
|-start|p2a: Slowking|move: Future Sight
|move|p1a: Slowking|Future Sight|p2a: Slowking
|-start|p1a: Slowking|move: Future Sight
|
|upkeep
|turn|9
|c|☆mravty|i have chillimg water instead of chilly reception xdd
|inactive|mravty has 120 seconds left.
|
|t:|1760858728
|switch|p2a: Zapdos|Zapdos, shiny|100/100
|cant|p1a: Slowking|par
|
|upkeep
|turn|10
|inactive|mravty has 120 seconds left.
|
|t:|1760858738
|move|p2a: Zapdos|U-turn|p1a: Slowking
|-damage|p1a: Slowking|94/100 par
|inactive|mravty has 120 seconds left.
|
|t:|1760858754
|switch|p2a: Iron Treads|Iron Treads, shiny|100/100|[from] U-turn
|move|p1a: Slowking|Focus Blast|p2a: Iron Treads|[miss]
|-miss|p1a: Slowking|p2a: Iron Treads
|
|-end|p2a: Iron Treads|move: Future Sight
|-resisted|p2a: Iron Treads
|-damage|p2a: Iron Treads|74/100
|-end|p1a: Slowking|move: Future Sight
|-damage|p1a: Slowking|71/100 par
|-sideend|p1: Pkcoach|Reflect
|upkeep
|turn|11
|
|t:|1760858767
|switch|p1a: LANDO|Landorus-Therian, M, shiny|100/100
|-ability|p1a: LANDO|Intimidate|boost
|-unboost|p2a: Iron Treads|atk|1
|move|p2a: Iron Treads|Earthquake|p1a: LANDO
|-immune|p1a: LANDO
|
|upkeep
|turn|12
|
|t:|1760858778
|-end|p2a: Iron Treads|Quark Drive|[silent]
|switch|p2a: Kyurem|Kyurem, shiny|100/100
|-ability|p2a: Kyurem|Pressure
|move|p1a: LANDO|Earthquake|p2a: Kyurem
|-damage|p2a: Kyurem|42/100
|
|upkeep
|turn|13
|
|t:|1760858795
|switch|p1a: Slowking|Slowking-Galar, M, shiny|100/100 par
|move|p2a: Kyurem|Freeze-Dry|p1a: Slowking
|-damage|p1a: Slowking|74/100 par
|
|upkeep
|turn|14
|inactive|mravty has 120 seconds left.
|
|t:|1760858806
|switch|p2a: Slowking|Slowking-Galar, M, shiny|100/100
|move|p1a: Slowking|Focus Blast|p2a: Slowking
|-resisted|p2a: Slowking
|-damage|p2a: Slowking|94/100
|
|upkeep
|turn|15
|inactive|mravty has 120 seconds left.
|
|t:|1760858813
|move|p2a: Slowking|Future Sight|p1a: Slowking
|-start|p2a: Slowking|move: Future Sight
|move|p1a: Slowking|Future Sight|p2a: Slowking
|-start|p1a: Slowking|move: Future Sight
|
|upkeep
|turn|16
|
|t:|1760858817
|move|p2a: Slowking|Future Sight||[still]
|-fail|p2a: Slowking
|move|p1a: Slowking|Acid Spray|p2a: Slowking
|-resisted|p2a: Slowking
|-damage|p2a: Slowking|88/100
|-unboost|p2a: Slowking|spd|2
|
|upkeep
|turn|17
|
|t:|1760858825
|switch|p2a: Mr. Craw|Crawdaunt, M, shiny|54/100
|cant|p1a: Slowking|par
|
|-end|p2a: Mr. Craw|move: Future Sight
|-immune|p2a: Mr. Craw
|-end|p1a: Slowking|move: Future Sight
|-damage|p1a: Slowking|47/100 par
|upkeep
|turn|18
|
|t:|1760858838
|switch|p1a: Grimmsnarl|Grimmsnarl, M|79/100
|move|p2a: Mr. Craw|Knock Off|p1a: Grimmsnarl
|-resisted|p1a: Grimmsnarl
|-damage|p1a: Grimmsnarl|64/100
|
|upkeep
|turn|19
|
|t:|1760858850
|move|p1a: Grimmsnarl|Reflect|p1a: Grimmsnarl
|-sidestart|p1: Pkcoach|Reflect
|move|p2a: Mr. Craw|Knock Off|p1a: Grimmsnarl
|-resisted|p1a: Grimmsnarl
|-damage|p1a: Grimmsnarl|57/100
|
|upkeep
|turn|20
|
|t:|1760858858
|switch|p2a: Zapdos|Zapdos, shiny|100/100
|move|p1a: Grimmsnarl|Foul Play|p2a: Zapdos
|-damage|p2a: Zapdos|81/100
|
|upkeep
|turn|21
|
|t:|1760858865
|move|p1a: Grimmsnarl|Parting Shot|p2a: Zapdos
|-unboost|p2a: Zapdos|atk|1
|-unboost|p2a: Zapdos|spa|1
|
|t:|1760858871
|switch|p1a: Slowking|Slowking-Galar, M, shiny|81/100 par|[from] Parting Shot
|move|p2a: Zapdos|Discharge|p1a: Slowking
|-damage|p1a: Slowking|69/100 par
|
|upkeep
|turn|22
|
|t:|1760858878
|move|p2a: Zapdos|U-turn|p1a: Slowking
|-damage|p1a: Slowking|65/100 par
|
|t:|1760858886
|switch|p2a: Mr. Craw|Crawdaunt, M, shiny|54/100|[from] U-turn
|move|p1a: Slowking|Future Sight|p2a: Mr. Craw
|-start|p1a: Slowking|move: Future Sight
|
|upkeep
|turn|23
|
|t:|1760858893
|switch|p1a: Grimmsnarl|Grimmsnarl, M|57/100
|move|p2a: Mr. Craw|Crabhammer|p1a: Grimmsnarl
|-damage|p1a: Grimmsnarl|15/100
|
|-sideend|p1: Pkcoach|Reflect
|upkeep
|turn|24
|
|t:|1760858902
|switch|p1a: Rotom|Rotom-Wash, shiny|100/100
|move|p2a: Mr. Craw|Crabhammer|p1a: Rotom
|-resisted|p1a: Rotom
|-damage|p1a: Rotom|22/100
|
|-end|p2a: Mr. Craw|move: Future Sight
|-immune|p2a: Mr. Craw
|upkeep
|turn|25
|
|t:|1760858917
|switch|p2a: Iron Treads|Iron Treads, shiny|74/100
|move|p1a: Rotom|Volt Switch|p2a: Iron Treads
|-immune|p2a: Iron Treads
|
|upkeep
|turn|26
|
|t:|1760858924
|switch|p1a: LANDO|Landorus-Therian, M, shiny|100/100
|-ability|p1a: LANDO|Intimidate|boost
|-unboost|p2a: Iron Treads|atk|1
|move|p2a: Iron Treads|Ice Spinner|p1a: LANDO
|-supereffective|p1a: LANDO
|-damage|p1a: LANDO|33/100
|
|upkeep
|turn|27
|
|t:|1760858933
|move|p1a: LANDO|Earthquake|p2a: Iron Treads
|-supereffective|p2a: Iron Treads
|-damage|p2a: Iron Treads|0 fnt
|faint|p2a: Iron Treads
|-end|p2a: Iron Treads|Quark Drive|[silent]
|
|upkeep
|
|t:|1760858937
|switch|p2a: Kyurem|Kyurem, shiny|42/100
|-ability|p2a: Kyurem|Pressure
|turn|28
|
|t:|1760858943
|switch|p1a: Slowking|Slowking-Galar, M, shiny|98/100 par
|move|p2a: Kyurem|Freeze-Dry|p1a: Slowking
|-damage|p1a: Slowking|68/100 par
|
|upkeep
|turn|29
|
|t:|1760858950
|switch|p2a: Slowking|Slowking-Galar, M, shiny|100/100
|move|p1a: Slowking|Focus Blast|p2a: Slowking
|-resisted|p2a: Slowking
|-damage|p2a: Slowking|94/100
|-unboost|p2a: Slowking|spd|1
|
|upkeep
|turn|30
|
|t:|1760858958
|move|p2a: Slowking|Future Sight|p1a: Slowking
|-start|p2a: Slowking|move: Future Sight
|move|p1a: Slowking|Focus Blast|p2a: Slowking
|-resisted|p2a: Slowking
|-damage|p2a: Slowking|85/100
|
|upkeep
|turn|31
|
|t:|1760858965
|move|p2a: Slowking|Sludge Bomb|p1a: Slowking
|-resisted|p1a: Slowking
|-damage|p1a: Slowking|59/100 par
|move|p1a: Slowking|Future Sight|p2a: Slowking
|-start|p1a: Slowking|move: Future Sight
|
|upkeep
|turn|32
|
|t:|1760858975
|move|p2a: Slowking|Chilling Water|p1a: Slowking
|-damage|p1a: Slowking|52/100 par
|-unboost|p1a: Slowking|atk|1
|move|p1a: Slowking|Focus Blast|p2a: Slowking
|-resisted|p2a: Slowking
|-damage|p2a: Slowking|76/100
|
|-end|p1a: Slowking|move: Future Sight
|-damage|p1a: Slowking|26/100 par
|upkeep
|turn|33
|
|t:|1760858990
|switch|p2a: Mr. Craw|Crawdaunt, M, shiny|54/100
|switch|p1a: Lokix|Lokix, M|100/100
|
|-end|p2a: Mr. Craw|move: Future Sight
|-immune|p2a: Mr. Craw
|upkeep
|turn|34
|c|☆mravty|!calc
|c| mravty|/raw <div class="infobox">Pok&eacute;mon Showdown! damage calculator. (Courtesy of Honko, Austin, dhelmise, &amp; jetou)<br />- <a href="https://calc.pokemonshowdown.com/index.html?gen=9">Damage Calculator</a></div>
|inactive|mravty has 120 seconds left.
|inactive|mravty has 90 seconds left.
|
|t:|1760859052
|-terastallize|p2a: Mr. Craw|Water
|move|p1a: Lokix|First Impression|p2a: Mr. Craw
|-damage|p2a: Mr. Craw|0 fnt
|faint|p2a: Mr. Craw
|-damage|p1a: Lokix|91/100|[from] item: Life Orb
|
|upkeep
|inactive|mravty has 90 seconds left.
|
|t:|1760859075
|switch|p2a: Slowking|Slowking-Galar, M, shiny|100/100
|turn|35
|
|t:|1760859088
|move|p1a: Lokix|Knock Off|p2a: Slowking
|-supereffective|p2a: Slowking
|-enditem|p2a: Slowking|Colbur Berry|[eat]
|-enditem|p2a: Slowking|Colbur Berry|[weaken]
|-damage|p2a: Slowking|44/100
|-damage|p1a: Lokix|81/100|[from] item: Life Orb
|move|p2a: Slowking|Chilling Water|p1a: Lokix
|-damage|p1a: Lokix|55/100
|-unboost|p1a: Lokix|atk|1
|
|upkeep
|turn|36
|inactive|mravty has 90 seconds left.
|
|t:|1760859097
|move|p1a: Lokix|Knock Off|p2a: Slowking
|-supereffective|p2a: Slowking
|-damage|p2a: Slowking|0 fnt
|faint|p2a: Slowking
|-damage|p1a: Lokix|45/100|[from] item: Life Orb
|
|upkeep
|inactive|mravty has 90 seconds left.
|
|t:|1760859103
|switch|p2a: Cinderace|Cinderace, F, shiny|100/100
|turn|37
|
|t:|1760859118
|switch|p1a: LANDO|Landorus-Therian, M, shiny|33/100
|-ability|p1a: LANDO|Intimidate|boost
|-unboost|p2a: Cinderace|atk|1
|move|p2a: Cinderace|Pyro Ball|p1a: LANDO
|-damage|p1a: LANDO|0 fnt
|faint|p1a: LANDO
|
|upkeep
|
|t:|1760859130
|switch|p1a: Rotom|Rotom-Wash, shiny|22/100
|turn|38
|
|t:|1760859139
|move|p1a: Rotom|Hydro Pump|p2a: Cinderace
|-supereffective|p2a: Cinderace
|-damage|p2a: Cinderace|0 fnt
|faint|p2a: Cinderace
|
|upkeep
|
|t:|1760859143
|switch|p2a: Kyurem|Kyurem, shiny|42/100
|-ability|p2a: Kyurem|Pressure
|turn|39
|
|t:|1760859153
|switch|p1a: Corviknight|Corviknight, M, shiny|100/100
|move|p2a: Kyurem|Freeze-Dry|p1a: Corviknight
|-damage|p1a: Corviknight|51/100
|
|upkeep
|turn|40
|
|t:|1760859161
|move|p2a: Kyurem|Freeze-Dry|p1a: Corviknight
|-damage|p1a: Corviknight|0 fnt
|faint|p1a: Corviknight
|
|upkeep
|
|t:|1760859168
|switch|p1a: Lokix|Lokix, M|45/100
|turn|41
|
|t:|1760859171
|switch|p2a: Zapdos|Zapdos, shiny|81/100
|move|p1a: Lokix|First Impression|p2a: Zapdos
|-resisted|p2a: Zapdos
|-damage|p2a: Zapdos|48/100
|-damage|p1a: Lokix|35/100|[from] item: Life Orb
|
|upkeep
|turn|42
|
|t:|1760859180
|-terastallize|p1a: Lokix|Dark
|move|p1a: Lokix|Knock Off|p2a: Zapdos
|-damage|p2a: Zapdos|0 fnt
|-enditem|p2a: Zapdos|Heavy-Duty Boots|[from] move: Knock Off|[of] p1a: Lokix
|faint|p2a: Zapdos
|-damage|p1a: Lokix|26/100|[from] item: Life Orb
|
|upkeep
|
|t:|1760859183
|switch|p2a: Kyurem|Kyurem, shiny|42/100
|-ability|p2a: Kyurem|Pressure
|turn|43
|
|t:|1760859195
|move|p1a: Lokix|Sucker Punch|p2a: Kyurem
|-damage|p2a: Kyurem|0 fnt
|faint|p2a: Kyurem
|-damage|p1a: Lokix|16/100|[from] item: Life Orb
|
|win|Pkcoach
|raw|Pkcoach's rating: 1203 &rarr; <strong>1228</strong><br />(+25 for winning)
|raw|mravty's rating: 1209 &rarr; <strong>1184</strong><br />(-25 for losing)
|l|☆mravty
|player|p2|
|c|☆Pkcoach|!calc
|c| Pkcoach|/raw <div class="infobox">Pok&eacute;mon Showdown! damage calculator. (Courtesy of Honko, Austin, dhelmise, &amp; jetou)<br />- <a href="https://calc.pokemonshowdown.com/index.html?gen=9">Damage Calculator</a></div>
|l|☆Pkcoach
|player|p1|
