|j|☆superbigmariofan1
|j|☆TrentMercer
|t:|1760748201
|gametype|singles
|player|p1|superbigmariofan1|102|1687
|player|p2|TrentMercer|n|1701
|gen|9
|tier|[Gen 9] OU
|rated|
|rule|HP Percentage Mod: HP is shown in percentages
|rule|Endless Battle Clause: Forcing endless battles is banned
|rule|Species Clause: Limit one of each Pokémon
|rule|OHKO Clause: OHKO moves are banned
|rule|Evasion Items Clause: Evasion items are banned
|rule|Evasion Moves Clause: Evasion moves are banned
|rule|Evasion Abilities Clause: Evasion abilities are banned
|rule|Sleep Moves Clause: Sleep-inducing moves are banned
|clearpoke
|poke|p1|Raging Bolt|
|poke|p1|Iron Treads|
|poke|p1|Ting-Lu|
|poke|p1|Gholdengo|
|poke|p1|Zamazenta-*|
|poke|p1|Tornadus-Therian, M|
|poke|p2|Great Tusk|
|poke|p2|Slowking-Galar, F|
|poke|p2|Zapdos|
|poke|p2|Crawdaunt, M|
|poke|p2|Chandelure, F|
|poke|p2|Scizor, M|
|teampreview
|inactive|Battle timer is ON: inactive players will automatically lose when time's up. (requested by superbigmariofan1)
|
|t:|1760748231
|teamsize|p1|6
|teamsize|p2|6
|start
|switch|p1a: Iron Treads|Iron Treads|100/100
|switch|p2a: Slowking|Slowking-Galar, F|100/100
|-enditem|p1a: Iron Treads|Booster Energy
|-activate|p1a: Iron Treads|ability: Quark Drive|[fromitem]
|-start|p1a: Iron Treads|quarkdrivespe
|turn|1
|
|t:|1760748240
|switch|p2a: Great Tusk|Great Tusk|100/100
|-enditem|p2a: Great Tusk|Booster Energy
|-activate|p2a: Great Tusk|ability: Protosynthesis|[fromitem]
|-start|p2a: Great Tusk|protosynthesisatk
|move|p1a: Iron Treads|Earthquake|p2a: Great Tusk
|-damage|p2a: Great Tusk|65/100
|
|upkeep
|turn|2
|
|t:|1760748254
|-end|p1a: Iron Treads|Quark Drive|[silent]
|switch|p1a: Tornadus|Tornadus-Therian, M|100/100
|move|p2a: Great Tusk|Stealth Rock|p1a: Tornadus
|-sidestart|p1: superbigmariofan1|move: Stealth Rock
|
|upkeep
|turn|3
|
|t:|1760748259
|-end|p2a: Great Tusk|Protosynthesis|[silent]
|switch|p2a: Slowking|Slowking-Galar, F|100/100
|move|p1a: Tornadus|Bleakwind Storm|p2a: Slowking|[miss]
|-miss|p1a: Tornadus|p2a: Slowking
|
|upkeep
|turn|4
|
|t:|1760748264
|move|p1a: Tornadus|Nasty Plot|p1a: Tornadus
|-boost|p1a: Tornadus|spa|2
|move|p2a: Slowking|Flamethrower|p1a: Tornadus
|-damage|p1a: Tornadus|65/100
|-status|p1a: Tornadus|brn
|
|-damage|p1a: Tornadus|59/100 brn|[from] brn
|upkeep
|turn|5
|
|t:|1760748267
|move|p1a: Tornadus|Dark Pulse|p2a: Slowking
|-supereffective|p2a: Slowking
|-damage|p2a: Slowking|42/100
|-damage|p1a: Tornadus|49/100 brn|[from] item: Life Orb
|move|p2a: Slowking|Ice Beam|p1a: Tornadus
|-supereffective|p1a: Tornadus
|-damage|p1a: Tornadus|0 fnt
|faint|p1a: Tornadus
|
|upkeep
|
|t:|1760748272
|switch|p1a: Iron Treads|Iron Treads|100/100
|-damage|p1a: Iron Treads|98/100|[from] Stealth Rock
|turn|6
|
|t:|1760748278
|switch|p2a: Chandelure|Chandelure, F, shiny|100/100
|move|p1a: Iron Treads|Rapid Spin|p2a: Chandelure
|-immune|p2a: Chandelure
|
|upkeep
|turn|7
|
|t:|1760748282
|move|p2a: Chandelure|Fire Blast|p1a: Iron Treads|[miss]
|-miss|p2a: Chandelure|p1a: Iron Treads
|move|p1a: Iron Treads|Earthquake|p2a: Chandelure
|-supereffective|p2a: Chandelure
|-damage|p2a: Chandelure|0 fnt
|faint|p2a: Chandelure
|
|upkeep
|
|t:|1760748294
|switch|p2a: Crawdaunt|Crawdaunt, M|100/100
|turn|8
|
|t:|1760748297
|move|p1a: Iron Treads|Earthquake|p2a: Crawdaunt
|-damage|p2a: Crawdaunt|28/100
|move|p2a: Crawdaunt|Crabhammer|p1a: Iron Treads
|-supereffective|p1a: Iron Treads
|-damage|p1a: Iron Treads|0 fnt
|faint|p1a: Iron Treads
|-end|p1a: Iron Treads|Quark Drive|[silent]
|
|upkeep
|
|t:|1760748302
|switch|p1a: Zamazenta|Zamazenta|100/100
|-damage|p1a: Zamazenta|94/100|[from] Stealth Rock
|-ability|p1a: Zamazenta|Dauntless Shield|boost
|-boost|p1a: Zamazenta|def|1
|turn|9
|
|t:|1760748307
|switch|p2a: Great Tusk|Great Tusk|65/100
|move|p1a: Zamazenta|Iron Defense|p1a: Zamazenta
|-boost|p1a: Zamazenta|def|2
|
|-heal|p1a: Zamazenta|100/100|[from] item: Leftovers
|upkeep
|turn|10
|
|t:|1760748310
|move|p1a: Zamazenta|Body Press|p2a: Great Tusk
|-damage|p2a: Great Tusk|0 fnt
|faint|p2a: Great Tusk
|-end|p2a: Great Tusk|Protosynthesis|[silent]
|
|upkeep
|
|t:|1760748313
|switch|p2a: Zapdos|Zapdos|100/100
|turn|11
|
|t:|1760748327
|switch|p1a: Ting-Lu|Ting-Lu|100/100
|-damage|p1a: Ting-Lu|94/100|[from] Stealth Rock
|-ability|p1a: Ting-Lu|Vessel of Ruin
|move|p2a: Zapdos|Hurricane|p1a: Ting-Lu|[miss]
|-miss|p2a: Zapdos|p1a: Ting-Lu
|
|upkeep
|turn|12
|inactive|superbigmariofan1 has 120 seconds left.
|
|t:|1760748362
|switch|p2a: Crawdaunt|Crawdaunt, M|28/100
|move|p1a: Ting-Lu|Payback|p2a: Crawdaunt
|-resisted|p2a: Crawdaunt
|-damage|p2a: Crawdaunt|11/100
|
|upkeep
|turn|13
|inactive|superbigmariofan1 has 120 seconds left.
|
|t:|1760748382
|-terastallize|p1a: Ting-Lu|Water
|move|p2a: Crawdaunt|Crabhammer|p1a: Ting-Lu
|-resisted|p1a: Ting-Lu
|-damage|p1a: Ting-Lu|69/100
|move|p1a: Ting-Lu|Earthquake|p2a: Crawdaunt
|-crit|p2a: Crawdaunt
|-damage|p2a: Crawdaunt|0 fnt
|faint|p2a: Crawdaunt
|
|upkeep
|
|t:|1760748394
|switch|p2a: Zapdos|Zapdos|100/100
|turn|14
|inactive|superbigmariofan1 has 120 seconds left.
|
|t:|1760748399
|move|p2a: Zapdos|Hurricane|p1a: Ting-Lu
|-damage|p1a: Ting-Lu|43/100
|move|p1a: Ting-Lu|Ruination|p2a: Zapdos
|-damage|p2a: Zapdos|51/100
|
|upkeep
|turn|15
|
|t:|1760748415
|move|p2a: Zapdos|Hurricane|p1a: Ting-Lu
|-damage|p1a: Ting-Lu|20/100
|move|p1a: Ting-Lu|Ruination|p2a: Zapdos
|-damage|p2a: Zapdos|26/100
|
|upkeep
|turn|16
|
|t:|1760748423
|move|p2a: Zapdos|Volt Switch|p1a: Ting-Lu
|-supereffective|p1a: Ting-Lu
|-damage|p1a: Ting-Lu|0 fnt
|faint|p1a: Ting-Lu
|
|t:|1760748427
|switch|p2a: Slowking|Slowking-Galar, F|76/100|[from] Volt Switch
|
|upkeep
|
|t:|1760748430
|switch|p1a: Gholdengo|Gholdengo|100/100
|-damage|p1a: Gholdengo|94/100|[from] Stealth Rock
|-item|p1a: Gholdengo|Air Balloon
|turn|17
|
|t:|1760748451
|move|p1a: Gholdengo|Shadow Ball|p2a: Slowking
|-supereffective|p2a: Slowking
|-damage|p2a: Slowking|34/100
|-unboost|p2a: Slowking|spd|1
|move|p2a: Slowking|Flamethrower|p1a: Gholdengo
|-supereffective|p1a: Gholdengo
|-damage|p1a: Gholdengo|42/100
|-status|p1a: Gholdengo|brn
|-enditem|p1a: Gholdengo|Air Balloon
|
|-damage|p1a: Gholdengo|36/100 brn|[from] brn
|upkeep
|turn|18
|
|t:|1760748462
|switch|p2a: Zapdos|Zapdos|26/100
|move|p1a: Gholdengo|Shadow Ball|p2a: Zapdos
|-damage|p2a: Zapdos|0 fnt
|faint|p2a: Zapdos
|
|-damage|p1a: Gholdengo|30/100 brn|[from] brn
|upkeep
|inactive|TrentMercer has 120 seconds left.
|
|t:|1760748479
|switch|p2a: Slowking|Slowking-Galar, F|67/100
|turn|19
|
|t:|1760748481
|switch|p2a: Scizor|Scizor, M|100/100
|move|p1a: Gholdengo|Shadow Ball|p2a: Scizor
|-damage|p2a: Scizor|50/100
|
|-damage|p1a: Gholdengo|24/100 brn|[from] brn
|upkeep
|turn|20
|
|t:|1760748486
|move|p2a: Scizor|Bullet Punch|p1a: Gholdengo
|-resisted|p1a: Gholdengo
|-damage|p1a: Gholdengo|3/100 brn
|-damage|p2a: Scizor|40/100|[from] item: Life Orb
|move|p1a: Gholdengo|Shadow Ball|p2a: Scizor
|-damage|p2a: Scizor|0 fnt
|faint|p2a: Scizor
|
|-damage|p1a: Gholdengo|0 fnt|[from] brn
|faint|p1a: Gholdengo
|upkeep
|
|t:|1760748491
|switch|p1a: Raging Bolt|Raging Bolt|100/100
|switch|p2a: Slowking|Slowking-Galar, F|100/100
|-damage|p1a: Raging Bolt|88/100|[from] Stealth Rock
|-enditem|p1a: Raging Bolt|Booster Energy
|-activate|p1a: Raging Bolt|ability: Protosynthesis|[fromitem]
|-start|p1a: Raging Bolt|protosynthesisspa
|turn|21
|
|t:|1760748495
|move|p1a: Raging Bolt|Calm Mind|p1a: Raging Bolt
|-boost|p1a: Raging Bolt|spa|1
|-boost|p1a: Raging Bolt|spd|1
|move|p2a: Slowking|Ice Beam|p1a: Raging Bolt
|-supereffective|p1a: Raging Bolt
|-damage|p1a: Raging Bolt|54/100
|
|upkeep
|turn|22
|
|t:|1760748498
|move|p1a: Raging Bolt|Thunderbolt|p2a: Slowking
|-damage|p2a: Slowking|46/100
|move|p2a: Slowking|Psyshock|p1a: Raging Bolt
|-damage|p1a: Raging Bolt|21/100
|
|upkeep
|turn|23
|
|t:|1760748501
|move|p1a: Raging Bolt|Thunderbolt|p2a: Slowking
|-damage|p2a: Slowking|0 fnt
|faint|p2a: Slowking
|
|win|superbigmariofan1
|raw|superbigmariofan1's rating: 1687 &rarr; <strong>1708</strong><br />(+21 for winning)
|raw|TrentMercer's rating: 1701 &rarr; <strong>1680</strong><br />(-21 for losing)
|l|☆TrentMercer
|player|p2|
