|j|☆Johnytt
|j|☆miscellandorus
|t:|1760806099
|gametype|singles
|player|p1|Johnytt|265|1417
|player|p2|miscellandorus|2|1385
|gen|9
|tier|[Gen 9] OU
|rated|
|rule|HP Percentage Mod: HP is shown in percentages
|rule|Endless Battle Clause: Forcing endless battles is banned
|rule|Species Clause: Limit one of each Pokémon
|rule|OHKO Clause: OHKO moves are banned
|rule|Evasion Items Clause: Evasion items are banned
|rule|Evasion Moves Clause: Evasion moves are banned
|rule|Evasion Abilities Clause: Evasion abilities are banned
|rule|Sleep Moves Clause: Sleep-inducing moves are banned
|clearpoke
|poke|p1|Arcanine-Hisui, M|
|poke|p1|Great Tusk|
|poke|p1|Hatterene, F|
|poke|p1|Darkrai|
|poke|p1|Ogerpon-Wellspring, F|
|poke|p1|Zapdos|
|poke|p2|Bellibolt, F|
|poke|p2|Slowking-Galar, F|
|poke|p2|Gliscor, M|
|poke|p2|Alomomola, F|
|poke|p2|Tauros-Paldea-Blaze, M|
|poke|p2|Dragapult, M|
|teampreview
|inactive|Battle timer is ON: inactive players will automatically lose when time's up. (requested by Johnytt)
|
|t:|1760806118
|teamsize|p1|6
|teamsize|p2|6
|start
|switch|p1a: Ogerpon|Ogerpon-Wellspring, F|100/100
|switch|p2a: Dragapult|Dragapult, M|100/100
|turn|1
|
|t:|1760806129
|switch|p1a: Hatterene|Hatterene, F|100/100
|move|p2a: Dragapult|U-turn|p1a: Hatterene
|-damage|p1a: Hatterene|76/100
|
|t:|1760806132
|switch|p2a: Bellibolt|Bellibolt, F|100/100|[from] U-turn
|
|upkeep
|turn|2
|
|t:|1760806156
|move|p2a: Bellibolt|Parabolic Charge|p1a: Hatterene
|-damage|p1a: Hatterene|60/100
|move|p1a: Hatterene|Draining Kiss|p2a: Bellibolt
|-damage|p2a: Bellibolt|80/100
|-heal|p1a: Hatterene|85/100|[from] drain|[of] p2a: Bellibolt
|-start|p2a: Bellibolt|Charge|Draining Kiss|[from] ability: Electromorphosis
|
|upkeep
|turn|3
|
|t:|1760806163
|move|p2a: Bellibolt|Parabolic Charge|p1a: Hatterene
|-damage|p1a: Hatterene|51/100
|-heal|p2a: Bellibolt|91/100|[from] drain|[of] p1a: Hatterene
|-end|p2a: Bellibolt|Charge|[silent]
|move|p1a: Hatterene|Mystical Fire|p2a: Bellibolt
|-damage|p2a: Bellibolt|70/100
|-unboost|p2a: Bellibolt|spa|1
|-start|p2a: Bellibolt|Charge|Mystical Fire|[from] ability: Electromorphosis
|
|upkeep
|turn|4
|inactive|miscellandorus has 120 seconds left.
|c|☆Johnytt|Off meta team nice
|
|t:|1760806211
|switch|p2a: Slowking|Slowking-Galar, F|100/100
|move|p1a: Hatterene|Draining Kiss|p2a: Slowking
|-resisted|p2a: Slowking
|-damage|p2a: Slowking|91/100
|-heal|p1a: Hatterene|62/100|[from] drain|[of] p2a: Slowking
|
|upkeep
|turn|5
|
|t:|1760806219
|switch|p1a: Great Tusk|Great Tusk|100/100
|-prepare|p2a: Slowking|Chilly Reception|[premajor]
|move|p2a: Slowking|Chilly Reception|p2a: Slowking
|-weather|Snowscape
|
|t:|1760806224
|switch|p2a: Gliscor|Gliscor, M|100/100|[from] Chilly Reception
|
|-weather|Snowscape|[upkeep]
|-status|p2a: Gliscor|tox|[from] item: Toxic Orb
|upkeep
|turn|6
|
|t:|1760806235
|move|p2a: Gliscor|Toxic|p1a: Great Tusk
|-status|p1a: Great Tusk|tox
|move|p1a: Great Tusk|Stealth Rock|p2a: Gliscor
|-sidestart|p2: miscellandorus|move: Stealth Rock
|
|-weather|Snowscape|[upkeep]
|-damage|p1a: Great Tusk|94/100 tox|[from] psn
|upkeep
|turn|7
|inactive|miscellandorus has 120 seconds left.
|
|t:|1760806255
|-end|p1a: Great Tusk|Protosynthesis|[silent]
|switch|p1a: Ogerpon|Ogerpon-Wellspring, F|100/100
|move|p2a: Gliscor|Substitute|p2a: Gliscor
|-start|p2a: Gliscor|Substitute
|-damage|p2a: Gliscor|75/100 tox
|
|-weather|Snowscape|[upkeep]
|-heal|p2a: Gliscor|88/100 tox|[from] ability: Poison Heal
|upkeep
|turn|8
|
|t:|1760806260
|move|p1a: Ogerpon|Knock Off|p2a: Gliscor
|-end|p2a: Gliscor|Substitute
|move|p2a: Gliscor|Toxic|p1a: Ogerpon
|-status|p1a: Ogerpon|tox
|
|-weather|Snowscape|[upkeep]
|-damage|p1a: Ogerpon|95/100 tox|[from] psn
|-heal|p2a: Gliscor|100/100 tox|[from] ability: Poison Heal
|upkeep
|turn|9
|
|t:|1760806264
|move|p2a: Gliscor|Protect|p2a: Gliscor
|-singleturn|p2a: Gliscor|Protect
|move|p1a: Ogerpon|U-turn|p2a: Gliscor
|-activate|p2a: Gliscor|move: Protect
|
|-weather|none
|-damage|p1a: Ogerpon|83/100 tox|[from] psn
|upkeep
|turn|10
|
|t:|1760806273
|-terastallize|p2a: Gliscor|Dragon
|move|p1a: Ogerpon|Ivy Cudgel|p2a: Gliscor|[anim] Ivy Cudgel Water
|-resisted|p2a: Gliscor
|-damage|p2a: Gliscor|75/100 tox
|move|p2a: Gliscor|Substitute|p2a: Gliscor
|-start|p2a: Gliscor|Substitute
|-damage|p2a: Gliscor|50/100 tox
|
|-damage|p1a: Ogerpon|65/100 tox|[from] psn
|-heal|p2a: Gliscor|62/100 tox|[from] ability: Poison Heal
|upkeep
|turn|11
|
|t:|1760806279
|switch|p1a: Hatterene|Hatterene, F|62/100
|move|p2a: Gliscor|Protect||[still]
|-fail|p2a: Gliscor
|
|-heal|p2a: Gliscor|75/100 tox|[from] ability: Poison Heal
|upkeep
|turn|12
|
|t:|1760806283
|move|p2a: Gliscor|Earthquake|p1a: Hatterene
|-damage|p1a: Hatterene|16/100
|move|p1a: Hatterene|Draining Kiss|p2a: Gliscor
|-supereffective|p2a: Gliscor
|-end|p2a: Gliscor|Substitute
|-heal|p1a: Hatterene|42/100|[from] drain|[of] p2a: Gliscor
|
|-heal|p2a: Gliscor|87/100 tox|[from] ability: Poison Heal
|upkeep
|turn|13
|
|t:|1760806295
|switch|p1a: Zapdos|Zapdos|100/100
|move|p2a: Gliscor|Earthquake|p1a: Zapdos
|-immune|p1a: Zapdos
|
|-heal|p2a: Gliscor|99/100 tox|[from] ability: Poison Heal
|upkeep
|turn|14
|
|t:|1760806305
|switch|p2a: Bellibolt|Bellibolt, F|70/100
|move|p1a: Zapdos|Volt Switch|p2a: Bellibolt
|-resisted|p2a: Bellibolt
|-damage|p2a: Bellibolt|61/100
|-start|p2a: Bellibolt|Charge|Volt Switch|[from] ability: Electromorphosis
|
|t:|1760806312
|switch|p1a: Great Tusk|Great Tusk|94/100 tox|[from] Volt Switch
|
|-damage|p1a: Great Tusk|88/100 tox|[from] psn
|upkeep
|turn|15
|
|t:|1760806318
|switch|p2a: Alomomola|Alomomola, F|100/100
|move|p1a: Great Tusk|Ice Spinner|p2a: Alomomola
|-resisted|p2a: Alomomola
|-damage|p2a: Alomomola|91/100
|
|-damage|p1a: Great Tusk|76/100 tox|[from] psn
|upkeep
|turn|16
|
|t:|1760806322
|-end|p1a: Great Tusk|Protosynthesis|[silent]
|switch|p1a: Zapdos|Zapdos|100/100
|move|p2a: Alomomola|Flip Turn|p1a: Zapdos
|-damage|p1a: Zapdos|90/100
|
|t:|1760806328
|switch|p2a: Bellibolt|Bellibolt, F|61/100|[from] Flip Turn
|
|upkeep
|turn|17
|
|t:|1760806338
|switch|p1a: Great Tusk|Great Tusk|76/100 tox
|move|p2a: Bellibolt|Slack Off|p2a: Bellibolt
|-heal|p2a: Bellibolt|100/100
|
|-damage|p1a: Great Tusk|70/100 tox|[from] psn
|upkeep
|turn|18
|
|t:|1760806345
|switch|p2a: Alomomola|Alomomola, F|100/100
|move|p1a: Great Tusk|Headlong Rush|p2a: Alomomola
|-damage|p2a: Alomomola|56/100
|-unboost|p1a: Great Tusk|def|1
|-unboost|p1a: Great Tusk|spd|1
|
|-damage|p1a: Great Tusk|57/100 tox|[from] psn
|upkeep
|turn|19
|
|t:|1760806351
|-end|p1a: Great Tusk|Protosynthesis|[silent]
|switch|p1a: Zapdos|Zapdos|90/100
|move|p2a: Alomomola|Wish|p2a: Alomomola
|
|upkeep
|turn|20
|
|t:|1760806358
|switch|p2a: Bellibolt|Bellibolt, F|100/100
|move|p1a: Zapdos|Volt Switch|p2a: Bellibolt
|-resisted|p2a: Bellibolt
|-damage|p2a: Bellibolt|92/100
|-start|p2a: Bellibolt|Charge|Volt Switch|[from] ability: Electromorphosis
|
|t:|1760806366
|switch|p1a: Ogerpon|Ogerpon-Wellspring, F|65/100 tox|[from] Volt Switch
|
|-heal|p2a: Bellibolt|100/100|[from] move: Wish|[wisher] Alomomola
|-damage|p1a: Ogerpon|59/100 tox|[from] psn
|upkeep
|turn|21
|
|t:|1760806374
|move|p1a: Ogerpon|U-turn|p2a: Bellibolt
|-damage|p2a: Bellibolt|73/100
|-start|p2a: Bellibolt|Charge|U-turn|[from] ability: Electromorphosis
|
|t:|1760806378
|switch|p1a: Great Tusk|Great Tusk|57/100 tox|[from] U-turn
|move|p2a: Bellibolt|Parabolic Charge|p1a: Great Tusk
|-immune|p1a: Great Tusk
|-end|p2a: Bellibolt|Charge|[silent]
|
|-damage|p1a: Great Tusk|51/100 tox|[from] psn
|upkeep
|turn|22
|
|t:|1760806384
|switch|p2a: Alomomola|Alomomola, F|90/100
|move|p1a: Great Tusk|Headlong Rush|p2a: Alomomola
|-damage|p2a: Alomomola|44/100
|-unboost|p1a: Great Tusk|def|1
|-unboost|p1a: Great Tusk|spd|1
|
|-damage|p1a: Great Tusk|39/100 tox|[from] psn
|upkeep
|turn|23
|
|t:|1760806390
|switch|p2a: Gliscor|Gliscor, M, tera:Dragon|99/100 tox
|-damage|p2a: Gliscor|87/100 tox|[from] Stealth Rock
|move|p1a: Great Tusk|Headlong Rush|p2a: Gliscor
|-damage|p2a: Gliscor|35/100 tox
|-unboost|p1a: Great Tusk|def|1
|-unboost|p1a: Great Tusk|spd|1
|
|-heal|p2a: Gliscor|47/100 tox|[from] ability: Poison Heal
|-damage|p1a: Great Tusk|20/100 tox|[from] psn
|upkeep
|turn|24
|
|t:|1760806399
|-end|p1a: Great Tusk|Protosynthesis|[silent]
|switch|p1a: Zapdos|Zapdos|90/100
|move|p2a: Gliscor|Substitute|p2a: Gliscor
|-start|p2a: Gliscor|Substitute
|-damage|p2a: Gliscor|22/100 tox
|
|-heal|p2a: Gliscor|35/100 tox|[from] ability: Poison Heal
|upkeep
|turn|25
|
|t:|1760806405
|switch|p1a: Hatterene|Hatterene, F|42/100
|move|p2a: Gliscor|Protect||[still]
|-fail|p2a: Gliscor
|
|-heal|p2a: Gliscor|47/100 tox|[from] ability: Poison Heal
|upkeep
|turn|26
|
|t:|1760806408
|move|p2a: Gliscor|Earthquake|p1a: Hatterene
|-damage|p1a: Hatterene|0 fnt
|faint|p1a: Hatterene
|
|-heal|p2a: Gliscor|60/100 tox|[from] ability: Poison Heal
|upkeep
|
|t:|1760806418
|switch|p1a: Zapdos|Zapdos|90/100
|turn|27
|
|t:|1760806425
|switch|p1a: Ogerpon|Ogerpon-Wellspring, F|59/100 tox
|move|p2a: Gliscor|Protect||[still]
|-fail|p2a: Gliscor
|
|-damage|p1a: Ogerpon|53/100 tox|[from] psn
|-heal|p2a: Gliscor|72/100 tox|[from] ability: Poison Heal
|upkeep
|turn|28
|
|t:|1760806429
|move|p2a: Gliscor|Protect|p2a: Gliscor
|-singleturn|p2a: Gliscor|Protect
|move|p1a: Ogerpon|Spikes|p2a: Gliscor
|-sidestart|p2: miscellandorus|Spikes
|
|-damage|p1a: Ogerpon|41/100 tox|[from] psn
|-heal|p2a: Gliscor|85/100 tox|[from] ability: Poison Heal
|upkeep
|turn|29
|
|t:|1760806432
|move|p1a: Ogerpon|U-turn|p2a: Gliscor
|-activate|p2a: Gliscor|move: Substitute|[damage]
|
|t:|1760806435
|switch|p1a: Great Tusk|Great Tusk|20/100 tox|[from] U-turn
|move|p2a: Gliscor|Substitute|p2a: Gliscor
|-fail|p2a: Gliscor|move: Substitute
|
|-heal|p2a: Gliscor|97/100 tox|[from] ability: Poison Heal
|-damage|p1a: Great Tusk|14/100 tox|[from] psn
|upkeep
|turn|30
|
|t:|1760806439
|-end|p1a: Great Tusk|Protosynthesis|[silent]
|switch|p1a: Zapdos|Zapdos|90/100
|move|p2a: Gliscor|Earthquake|p1a: Zapdos
|-immune|p1a: Zapdos
|
|-heal|p2a: Gliscor|100/100 tox|[from] ability: Poison Heal
|upkeep
|turn|31
|
|t:|1760806444
|move|p2a: Gliscor|Toxic|p1a: Zapdos
|-status|p1a: Zapdos|tox
|move|p1a: Zapdos|Volt Switch|p2a: Gliscor
|-resisted|p2a: Gliscor
|-end|p2a: Gliscor|Substitute
|
|t:|1760806469
|switch|p1a: Darkrai|Darkrai|100/100|[from] Volt Switch
|
|upkeep
|turn|32
|
|t:|1760806482
|-terastallize|p1a: Darkrai|Poison
|move|p1a: Darkrai|Trick|p2a: Gliscor
|-activate|p1a: Darkrai|move: Trick|[of] p2a: Gliscor
|-item|p2a: Gliscor|Choice Scarf|[from] move: Trick
|-item|p1a: Darkrai|Toxic Orb|[from] move: Trick
|move|p2a: Gliscor|Toxic|p1a: Darkrai
|-immune|p1a: Darkrai
|
|upkeep
|turn|33
|inactive|miscellandorus has 120 seconds left.
|
|t:|1760806527
|switch|p2a: Slowking|Slowking-Galar, F|100/100
|move|p1a: Darkrai|Ice Beam|p2a: Slowking
|-damage|p2a: Slowking|83/100
|
|upkeep
|turn|34
|inactive|miscellandorus has 120 seconds left.
|
|t:|1760806541
|move|p1a: Darkrai|Dark Pulse|p2a: Slowking
|-supereffective|p2a: Slowking
|-damage|p2a: Slowking|35/100
|move|p2a: Slowking|Future Sight|p1a: Darkrai
|-start|p2a: Slowking|move: Future Sight
|
|upkeep
|turn|35
|
|t:|1760806547
|switch|p2a: Alomomola|Alomomola, F|78/100
|move|p1a: Darkrai|Dark Pulse|p2a: Alomomola
|-damage|p2a: Alomomola|44/100
|
|upkeep
|turn|36
|
|t:|1760806561
|move|p1a: Darkrai|Trick|p2a: Alomomola
|-activate|p1a: Darkrai|move: Trick|[of] p2a: Alomomola
|-item|p2a: Alomomola|Toxic Orb|[from] move: Trick
|-item|p1a: Darkrai|Heavy-Duty Boots|[from] move: Trick
|move|p2a: Alomomola|Wish|p2a: Alomomola
|
|-end|p1a: Darkrai|move: Future Sight
|-supereffective|p1a: Darkrai
|-damage|p1a: Darkrai|0 fnt
|faint|p1a: Darkrai
|-status|p2a: Alomomola|tox|[from] item: Toxic Orb
|upkeep
|
|t:|1760806568
|switch|p1a: Ogerpon|Ogerpon-Wellspring, F|41/100 tox
|turn|37
|
|t:|1760806576
|switch|p2a: Tauros|Tauros-Paldea-Blaze, M|100/100
|-damage|p2a: Tauros|88/100|[from] Stealth Rock
|-damage|p2a: Tauros|76/100|[from] Spikes
|-ability|p2a: Tauros|Intimidate|boost
|-unboost|p1a: Ogerpon|atk|1
|move|p1a: Ogerpon|U-turn|p2a: Tauros
|-resisted|p2a: Tauros
|-damage|p2a: Tauros|72/100
|
|t:|1760806590
|switch|p1a: Zapdos|Zapdos|90/100 tox|[from] U-turn
|
|-heal|p2a: Tauros|100/100|[from] move: Wish|[wisher] Alomomola
|-damage|p1a: Zapdos|83/100 tox|[from] psn
|upkeep
|turn|38
|
|t:|1760806605
|switch|p2a: Bellibolt|Bellibolt, F|73/100
|move|p1a: Zapdos|Volt Switch|p2a: Bellibolt
|-resisted|p2a: Bellibolt
|-damage|p2a: Bellibolt|63/100
|-start|p2a: Bellibolt|Charge|Volt Switch|[from] ability: Electromorphosis
|
|t:|1760806607
|switch|p1a: Great Tusk|Great Tusk|14/100 tox|[from] Volt Switch
|
|-damage|p1a: Great Tusk|8/100 tox|[from] psn
|upkeep
|turn|39
|
|t:|1760806623
|switch|p2a: Alomomola|Alomomola, F|78/100 tox
|-damage|p2a: Alomomola|65/100 tox|[from] Stealth Rock
|-damage|p2a: Alomomola|53/100 tox|[from] Spikes
|move|p1a: Great Tusk|Headlong Rush|p2a: Alomomola
|-damage|p2a: Alomomola|13/100 tox
|-unboost|p1a: Great Tusk|def|1
|-unboost|p1a: Great Tusk|spd|1
|
|-damage|p1a: Great Tusk|0 fnt|[from] psn
|faint|p1a: Great Tusk
|-end|p1a: Great Tusk|Protosynthesis|[silent]
|-damage|p2a: Alomomola|7/100 tox|[from] psn
|upkeep
|
|t:|1760806633
|switch|p1a: Ogerpon|Ogerpon-Wellspring, F|41/100 tox
|turn|40
|
|t:|1760806640
|move|p1a: Ogerpon|U-turn|p2a: Alomomola
|-crit|p2a: Alomomola
|-damage|p2a: Alomomola|0 fnt
|faint|p2a: Alomomola
|
|t:|1760806649
|switch|p1a: Zapdos|Zapdos|83/100 tox|[from] U-turn
|
|-damage|p1a: Zapdos|77/100 tox|[from] psn
|upkeep
|
|t:|1760806663
|switch|p2a: Bellibolt|Bellibolt, F|63/100
|turn|41
|
|t:|1760806674
|move|p1a: Zapdos|Volt Switch|p2a: Bellibolt
|-resisted|p2a: Bellibolt
|-damage|p2a: Bellibolt|55/100
|-start|p2a: Bellibolt|Charge|Volt Switch|[from] ability: Electromorphosis
|
|t:|1760806677
|switch|p1a: Ogerpon|Ogerpon-Wellspring, F|41/100 tox|[from] Volt Switch
|move|p2a: Bellibolt|Parabolic Charge|p1a: Ogerpon
|-damage|p1a: Ogerpon|0 fnt
|-heal|p2a: Bellibolt|69/100|[from] drain|[of] p1a: Ogerpon
|faint|p1a: Ogerpon
|-end|p2a: Bellibolt|Charge|[silent]
|
|upkeep
|
|t:|1760806680
|switch|p1a: Arcanine|Arcanine-Hisui, M|100/100
|turn|42
|
|t:|1760806685
|switch|p2a: Tauros|Tauros-Paldea-Blaze, M|100/100
|-damage|p2a: Tauros|88/100|[from] Stealth Rock
|-damage|p2a: Tauros|76/100|[from] Spikes
|-ability|p2a: Tauros|Intimidate|boost
|-unboost|p1a: Arcanine|atk|1
|move|p1a: Arcanine|Head Smash|p2a: Tauros|[miss]
|-miss|p1a: Arcanine|p2a: Tauros
|
|-heal|p2a: Tauros|82/100|[from] item: Leftovers
|upkeep
|turn|43
|
|t:|1760806697
|switch|p1a: Zapdos|Zapdos|77/100 tox
|switch|p2a: Slowking|Slowking-Galar, F|68/100
|
|-damage|p1a: Zapdos|71/100 tox|[from] psn
|upkeep
|turn|44
|
|t:|1760806703
|move|p1a: Zapdos|Roost|p1a: Zapdos
|-heal|p1a: Zapdos|100/100 tox
|-singleturn|p1a: Zapdos|move: Roost
|move|p2a: Slowking|Future Sight|p1a: Zapdos
|-start|p2a: Slowking|move: Future Sight
|
|-damage|p1a: Zapdos|88/100 tox|[from] psn
|upkeep
|turn|45
|
|t:|1760806710
|move|p1a: Zapdos|Thunder Wave|p2a: Slowking
|-status|p2a: Slowking|par
|-prepare|p2a: Slowking|Chilly Reception|[premajor]
|move|p2a: Slowking|Chilly Reception|p2a: Slowking
|-weather|Snowscape
|
|t:|1760806715
|switch|p2a: Bellibolt|Bellibolt, F|69/100|[from] Chilly Reception
|
|-weather|Snowscape|[upkeep]
|-damage|p1a: Zapdos|69/100 tox|[from] psn
|upkeep
|turn|46
|
|t:|1760806727
|move|p1a: Zapdos|Roost|p1a: Zapdos
|-heal|p1a: Zapdos|100/100 tox
|-singleturn|p1a: Zapdos|move: Roost
|move|p2a: Bellibolt|Soak|p1a: Zapdos
|-start|p1a: Zapdos|typechange|Water
|
|-weather|Snowscape|[upkeep]
|-end|p1a: Zapdos|move: Future Sight
|-damage|p1a: Zapdos|59/100 tox
|-damage|p1a: Zapdos|34/100 tox|[from] psn
|upkeep
|turn|47
|
|t:|1760806740
|move|p1a: Zapdos|Volt Switch|p2a: Bellibolt
|-resisted|p2a: Bellibolt
|-damage|p2a: Bellibolt|63/100
|-start|p2a: Bellibolt|Charge|Volt Switch|[from] ability: Electromorphosis
|
|t:|1760806743
|switch|p1a: Arcanine|Arcanine-Hisui, M|100/100|[from] Volt Switch
|move|p2a: Bellibolt|Parabolic Charge|p1a: Arcanine
|-damage|p1a: Arcanine|39/100
|-heal|p2a: Bellibolt|87/100|[from] drain|[of] p1a: Arcanine
|-end|p2a: Bellibolt|Charge|[silent]
|
|-weather|Snowscape|[upkeep]
|upkeep
|turn|48
|
|t:|1760806755
|switch|p2a: Tauros|Tauros-Paldea-Blaze, M|82/100
|-damage|p2a: Tauros|70/100|[from] Stealth Rock
|-damage|p2a: Tauros|57/100|[from] Spikes
|-ability|p2a: Tauros|Intimidate|boost
|-unboost|p1a: Arcanine|atk|1
|move|p1a: Arcanine|Flare Blitz|p2a: Tauros
|-resisted|p2a: Tauros
|-damage|p2a: Tauros|36/100
|
|-weather|Snowscape|[upkeep]
|-heal|p2a: Tauros|42/100|[from] item: Leftovers
|upkeep
|turn|49
|
|t:|1760806763
|switch|p1a: Zapdos|Zapdos|34/100 tox
|move|p2a: Tauros|Raging Bull|p1a: Zapdos
|-damage|p1a: Zapdos|9/100 tox
|
|-weather|none
|-heal|p2a: Tauros|48/100|[from] item: Leftovers
|-damage|p1a: Zapdos|3/100 tox|[from] psn
|upkeep
|turn|50
|
|t:|1760806769
|switch|p2a: Dragapult|Dragapult, M|100/100
|move|p1a: Zapdos|Roost|p1a: Zapdos
|-heal|p1a: Zapdos|53/100 tox
|-singleturn|p1a: Zapdos|move: Roost
|
|-damage|p1a: Zapdos|40/100 tox|[from] psn
|upkeep
|turn|51
|c|☆Johnytt|Gg
|
|t:|1760806778
|move|p2a: Dragapult|Hex|p1a: Zapdos
|-damage|p1a: Zapdos|0 fnt
|faint|p1a: Zapdos
|
|upkeep
|
|t:|1760806781
|switch|p1a: Arcanine|Arcanine-Hisui, M|39/100
|turn|52
|
|t:|1760806784
|move|p2a: Dragapult|Dragon Darts|p1a: Arcanine
|-damage|p1a: Arcanine|15/100
|-anim|p2a: Dragapult|Dragon Darts|p1a: Arcanine
|-damage|p1a: Arcanine|0 fnt
|faint|p1a: Arcanine
|
|win|miscellandorus
|raw|Johnytt's rating: 1417 &rarr; <strong>1395</strong><br />(-22 for losing)
|raw|miscellandorus's rating: 1385 &rarr; <strong>1407</strong><br />(+22 for winning)
|l|☆Johnytt
|player|p1|
|l|☆miscellandorus
|player|p2|
