|j|☆Elite Sabrina
|j|☆sminey
|t:|1760761571
|gametype|singles
|player|p1|Elite Sabrina|170|1389
|player|p2|sminey|palmer|1438
|gen|9
|tier|[Gen 9] OU
|rated|
|rule|HP Percentage Mod: HP is shown in percentages
|rule|Endless Battle Clause: Forcing endless battles is banned
|rule|Species Clause: Limit one of each Pokémon
|rule|OHKO Clause: OHKO moves are banned
|rule|Evasion Items Clause: Evasion items are banned
|rule|Evasion Moves Clause: Evasion moves are banned
|rule|Evasion Abilities Clause: Evasion abilities are banned
|rule|Sleep Moves Clause: Sleep-inducing moves are banned
|clearpoke
|poke|p1|Pelipper, M|
|poke|p1|Glimmora, F|
|poke|p1|Iron Crown|
|poke|p1|Ogerpon-Wellspring, F|
|poke|p1|Manaphy|
|poke|p1|Zamazenta-*|
|poke|p2|Cinderace, F|
|poke|p2|Zapdos|
|poke|p2|Latios, M|
|poke|p2|Weavile, M|
|poke|p2|Clefable, F|
|poke|p2|Slowking-Galar, F|
|teampreview
|c|☆Elite Sabrina|gl
|c|☆Elite Sabrina|hf
|inactive|Battle timer is ON: inactive players will automatically lose when time's up. (requested by Elite Sabrina)
|c|☆sminey|hf
|
|t:|1760761587
|teamsize|p1|6
|teamsize|p2|6
|start
|switch|p1a: Pelipper|Pelipper, M|100/100
|switch|p2a: Latios|Latios, M|100/100
|-weather|RainDance|[from] ability: Drizzle|[of] p1a: Pelipper
|turn|1
|
|t:|1760761594
|switch|p1a: Iron Crown|Iron Crown|100/100
|-enditem|p1a: Iron Crown|Booster Energy
|-activate|p1a: Iron Crown|ability: Quark Drive|[fromitem]
|-start|p1a: Iron Crown|quarkdrivespe
|move|p2a: Latios|Luster Purge|p1a: Iron Crown
|-resisted|p1a: Iron Crown
|-damage|p1a: Iron Crown|90/100
|-unboost|p1a: Iron Crown|spd|1
|
|-weather|RainDance|[upkeep]
|upkeep
|turn|2
|
|t:|1760761602
|switch|p2a: Zapdos|Zapdos|100/100
|move|p1a: Iron Crown|Calm Mind|p1a: Iron Crown
|-boost|p1a: Iron Crown|spa|1
|-boost|p1a: Iron Crown|spd|1
|
|-weather|RainDance|[upkeep]
|upkeep
|turn|3
|
|t:|1760761609
|move|p1a: Iron Crown|Calm Mind|p1a: Iron Crown
|-boost|p1a: Iron Crown|spa|1
|-boost|p1a: Iron Crown|spd|1
|move|p2a: Zapdos|Thunder Wave|p1a: Iron Crown
|-status|p1a: Iron Crown|par
|
|-weather|RainDance|[upkeep]
|upkeep
|turn|4
|
|t:|1760761616
|move|p1a: Iron Crown|Tachyon Cutter|p2a: Zapdos
|-resisted|p2a: Zapdos
|-damage|p2a: Zapdos|77/100
|-resisted|p2a: Zapdos
|-damage|p2a: Zapdos|57/100
|-hitcount|p2a: Zapdos|2
|move|p2a: Zapdos|Volt Switch|p1a: Iron Crown
|-damage|p1a: Iron Crown|70/100 par
|
|t:|1760761640
|switch|p2a: Cinderace|Cinderace, F|100/100|[from] Volt Switch
|
|-weather|RainDance|[upkeep]
|upkeep
|turn|5
|
|t:|1760761644
|move|p2a: Cinderace|U-turn|p1a: Iron Crown
|-start|p2a: Cinderace|typechange|Bug|[from] ability: Libero
|-damage|p1a: Iron Crown|39/100 par
|
|t:|1760761660
|switch|p2a: Slowking|Slowking-Galar, F|100/100|[from] U-turn
|move|p1a: Iron Crown|Psyshock|p2a: Slowking
|-damage|p2a: Slowking|23/100
|
|-weather|RainDance|[upkeep]
|upkeep
|turn|6
|
|t:|1760761671
|move|p1a: Iron Crown|Tachyon Cutter|p2a: Slowking
|-damage|p2a: Slowking|2/100
|-damage|p2a: Slowking|0 fnt
|faint|p2a: Slowking
|-hitcount|p2: Slowking|2
|
|-weather|RainDance|[upkeep]
|upkeep
|
|t:|1760761674
|switch|p2a: Weavile|Weavile, M|100/100
|-ability|p2a: Weavile|Pressure
|turn|7
|
|t:|1760761677
|-end|p1a: Iron Crown|Quark Drive|[silent]
|switch|p1a: Glimmora|Glimmora, F|100/100
|move|p2a: Weavile|Knock Off|p1a: Glimmora
|-crit|p1a: Glimmora
|-damage|p1a: Glimmora|20/100
|-activate|p1a: Glimmora|ability: Toxic Debris
|-sidestart|p2: sminey|move: Toxic Spikes
|-enditem|p1a: Glimmora|Assault Vest|[from] move: Knock Off|[of] p2a: Weavile
|
|-weather|RainDance|[upkeep]
|upkeep
|turn|8
|
|t:|1760761682
|move|p2a: Weavile|Knock Off|p1a: Glimmora
|-damage|p1a: Glimmora|0 fnt
|-activate|p1a: Glimmora|ability: Toxic Debris
|-sidestart|p2: sminey|move: Toxic Spikes
|faint|p1a: Glimmora
|
|-weather|none
|upkeep
|
|t:|1760761688
|switch|p1a: Zamazenta|Zamazenta|100/100
|-ability|p1a: Zamazenta|Dauntless Shield|boost
|-boost|p1a: Zamazenta|def|1
|turn|9
|
|t:|1760761695
|switch|p2a: Clefable|Clefable, F|100/100
|move|p1a: Zamazenta|Heavy Slam|p2a: Clefable
|-supereffective|p2a: Clefable
|-damage|p2a: Clefable|28/100
|-damage|p1a: Zamazenta|91/100|[from] item: Life Orb
|
|upkeep
|turn|10
|
|t:|1760761705
|switch|p2a: Zapdos|Zapdos|57/100
|move|p1a: Zamazenta|Heavy Slam|p2a: Zapdos
|-resisted|p2a: Zapdos
|-damage|p2a: Zapdos|43/100
|-damage|p1a: Zamazenta|81/100|[from] item: Life Orb
|
|upkeep
|turn|11
|
|t:|1760761709
|move|p1a: Zamazenta|Stone Edge|p2a: Zapdos|[miss]
|-miss|p1a: Zamazenta|p2a: Zapdos
|move|p2a: Zapdos|Roost|p2a: Zapdos
|-heal|p2a: Zapdos|93/100
|-singleturn|p2a: Zapdos|move: Roost
|
|upkeep
|turn|12
|
|t:|1760761715
|move|p1a: Zamazenta|Stone Edge|p2a: Zapdos
|-supereffective|p2a: Zapdos
|-damage|p2a: Zapdos|29/100
|-damage|p1a: Zamazenta|71/100|[from] item: Life Orb
|move|p2a: Zapdos|Hurricane|p1a: Zamazenta
|-supereffective|p1a: Zamazenta
|-damage|p1a: Zamazenta|0 fnt
|faint|p1a: Zamazenta
|
|upkeep
|
|t:|1760761730
|switch|p1a: Ogerpon|Ogerpon-Wellspring, F|100/100
|turn|13
|
|t:|1760761752
|-terastallize|p2a: Zapdos|Water
|move|p1a: Ogerpon|Ivy Cudgel|p2a: Zapdos|[anim] Ivy Cudgel Water
|-resisted|p2a: Zapdos
|-damage|p2a: Zapdos|6/100
|move|p2a: Zapdos|Hurricane|p1a: Ogerpon|[miss]
|-miss|p2a: Zapdos|p1a: Ogerpon
|
|upkeep
|turn|14
|
|t:|1760761755
|move|p1a: Ogerpon|Ivy Cudgel|p2a: Zapdos|[anim] Ivy Cudgel Water
|-resisted|p2a: Zapdos
|-damage|p2a: Zapdos|0 fnt
|faint|p2a: Zapdos
|
|upkeep
|
|t:|1760761758
|switch|p2a: Cinderace|Cinderace, F|100/100
|turn|15
|
|t:|1760761762
|move|p2a: Cinderace|U-turn|p1a: Ogerpon
|-start|p2a: Cinderace|typechange|Bug|[from] ability: Libero
|-supereffective|p1a: Ogerpon
|-damage|p1a: Ogerpon|12/100
|
|t:|1760761768
|switch|p2a: Latios|Latios, M|100/100|[from] U-turn
|move|p1a: Ogerpon|Ivy Cudgel|p2a: Latios|[anim] Ivy Cudgel Water
|-resisted|p2a: Latios
|-damage|p2a: Latios|59/100
|
|upkeep
|turn|16
|
|t:|1760761781
|switch|p1a: Pelipper|Pelipper, M|100/100
|-weather|RainDance|[from] ability: Drizzle|[of] p1a: Pelipper
|move|p2a: Latios|Luster Purge|p1a: Pelipper
|-damage|p1a: Pelipper|29/100
|-unboost|p1a: Pelipper|spd|1
|
|-weather|RainDance|[upkeep]
|upkeep
|turn|17
|
|t:|1760761784
|switch|p1a: Iron Crown|Iron Crown|39/100 par
|move|p2a: Latios|Luster Purge|p1a: Iron Crown
|-resisted|p1a: Iron Crown
|-damage|p1a: Iron Crown|27/100 par
|-unboost|p1a: Iron Crown|spd|1
|
|-weather|RainDance|[upkeep]
|upkeep
|turn|18
|
|t:|1760761787
|switch|p2a: Cinderace|Cinderace, F|100/100
|cant|p1a: Iron Crown|par
|
|-weather|RainDance|[upkeep]
|upkeep
|turn|19
|
|t:|1760761791
|move|p2a: Cinderace|U-turn|p1a: Iron Crown
|-start|p2a: Cinderace|typechange|Bug|[from] ability: Libero
|-damage|p1a: Iron Crown|0 fnt
|faint|p1a: Iron Crown
|-end|p1a: Iron Crown|Quark Drive|[silent]
|
|t:|1760761800
|switch|p2a: Latios|Latios, M|59/100|[from] U-turn
|
|-weather|RainDance|[upkeep]
|upkeep
|
|t:|1760761805
|switch|p1a: Ogerpon|Ogerpon-Wellspring, F|12/100
|turn|20
|
|t:|1760761808
|move|p2a: Latios|Luster Purge|p1a: Ogerpon
|-damage|p1a: Ogerpon|0 fnt
|faint|p1a: Ogerpon
|
|-weather|RainDance|[upkeep]
|upkeep
|
|t:|1760761811
|switch|p1a: Manaphy|Manaphy|100/100
|turn|21
|
|t:|1760761818
|move|p2a: Latios|Luster Purge|p1a: Manaphy
|-damage|p1a: Manaphy|47/100
|-enditem|p1a: Manaphy|Sitrus Berry|[eat]
|-heal|p1a: Manaphy|71/100|[from] item: Sitrus Berry
|move|p1a: Manaphy|Tail Glow|p1a: Manaphy
|-boost|p1a: Manaphy|spa|3
|
|-weather|RainDance|[upkeep]
|upkeep
|turn|22
|
|t:|1760761825
|move|p2a: Latios|Luster Purge|p1a: Manaphy
|-damage|p1a: Manaphy|23/100
|-unboost|p1a: Manaphy|spd|1
|move|p1a: Manaphy|Ice Beam|p2a: Latios
|-supereffective|p2a: Latios
|-damage|p2a: Latios|0 fnt
|faint|p2a: Latios
|
|-weather|RainDance|[upkeep]
|upkeep
|
|t:|1760761834
|switch|p2a: Cinderace|Cinderace, F|100/100
|turn|23
|
|t:|1760761837
|move|p2a: Cinderace|Sucker Punch|p1a: Manaphy
|-start|p2a: Cinderace|typechange|Dark|[from] ability: Libero
|-damage|p1a: Manaphy|0 fnt
|faint|p1a: Manaphy
|
|-weather|none
|upkeep
|
|t:|1760761841
|switch|p1a: Pelipper|Pelipper, M|29/100
|-weather|RainDance|[from] ability: Drizzle|[of] p1a: Pelipper
|turn|24
|
|t:|1760761844
|move|p2a: Cinderace|U-turn|p1a: Pelipper
|-resisted|p1a: Pelipper
|-damage|p1a: Pelipper|20/100
|
|t:|1760761845
|switch|p2a: Weavile|Weavile, M|100/100|[from] U-turn
|-ability|p2a: Weavile|Pressure
|move|p1a: Pelipper|Roost|p1a: Pelipper
|-heal|p1a: Pelipper|70/100
|-singleturn|p1a: Pelipper|move: Roost
|
|-weather|RainDance|[upkeep]
|upkeep
|turn|25
|
|t:|1760761851
|move|p2a: Weavile|Swords Dance|p2a: Weavile
|-boost|p2a: Weavile|atk|2
|move|p1a: Pelipper|Roost|p1a: Pelipper
|-heal|p1a: Pelipper|100/100
|-singleturn|p1a: Pelipper|move: Roost
|
|-weather|RainDance|[upkeep]
|upkeep
|turn|26
|
|t:|1760761856
|move|p2a: Weavile|Knock Off|p1a: Pelipper
|-damage|p1a: Pelipper|29/100
|-enditem|p1a: Pelipper|Damp Rock|[from] move: Knock Off|[of] p2a: Weavile
|move|p1a: Pelipper|Weather Ball|p2a: Weavile
|-damage|p2a: Weavile|30/100
|
|-weather|RainDance|[upkeep]
|upkeep
|turn|27
|
|t:|1760761865
|move|p2a: Weavile|Knock Off|p1a: Pelipper
|-damage|p1a: Pelipper|0 fnt
|faint|p1a: Pelipper
|
|win|sminey
|raw|Elite Sabrina's rating: 1389 &rarr; <strong>1372</strong><br />(-17 for losing)
|raw|sminey's rating: 1438 &rarr; <strong>1455</strong><br />(+17 for winning)
|l|☆Elite Sabrina
|player|p1|
|c|☆sminey|gg
|l|☆sminey
|player|p2|
