|j|☆Nicox2
|j|☆Dolost
|t:|1760850816
|gametype|singles
|player|p1|Nicox2|miku-ghost|1086
|player|p2|Dolost|gentleman-gen4dp|1086
|gen|9
|tier|[Gen 9] OU
|rated|
|rule|HP Percentage Mod: HP is shown in percentages
|rule|Endless Battle Clause: Forcing endless battles is banned
|rule|Species Clause: Limit one of each Pokémon
|rule|OHKO Clause: OHKO moves are banned
|rule|Evasion Items Clause: Evasion items are banned
|rule|Evasion Moves Clause: Evasion moves are banned
|rule|Evasion Abilities Clause: Evasion abilities are banned
|rule|Sleep Moves Clause: Sleep-inducing moves are banned
|clearpoke
|poke|p1|Torkoal, F|
|poke|p1|Moltres|
|poke|p1|Great Tusk|
|poke|p1|Kingambit, F|
|poke|p1|Dragapult, M|
|poke|p1|Walking Wake|
|poke|p2|Porygon-Z|
|poke|p2|Wo-Chien|
|poke|p2|Ursaluna, M|
|poke|p2|Amoonguss, F|
|poke|p2|Sylveon, M|
|poke|p2|Scizor, M|
|teampreview
|
|t:|1760850832
|teamsize|p1|6
|teamsize|p2|6
|start
|switch|p1a: Torkoal|Torkoal, F|100/100
|switch|p2a: Porygon-Z|Porygon-Z|100/100
|-weather|SunnyDay|[from] ability: Drought|[of] p1a: Torkoal
|turn|1
|
|t:|1760850844
|-terastallize|p2a: Porygon-Z|Ground
|move|p2a: Porygon-Z|Tera Blast|p1a: Torkoal|[anim] Tera Blast Ground
|-supereffective|p1a: Torkoal
|-damage|p1a: Torkoal|0 fnt
|faint|p1a: Torkoal
|
|-weather|SunnyDay|[upkeep]
|upkeep
|
|t:|1760850851
|switch|p1a: Walking Wake|Walking Wake|100/100
|-activate|p1a: Walking Wake|ability: Protosynthesis
|-start|p1a: Walking Wake|protosynthesisspe
|turn|2
|
|t:|1760850863
|switch|p2a: Sylveon|Sylveon, M|100/100
|-terastallize|p1a: Walking Wake|Water
|move|p1a: Walking Wake|Hydro Steam|p2a: Sylveon
|-damage|p2a: Sylveon|0 fnt
|faint|p2a: Sylveon
|
|-weather|SunnyDay|[upkeep]
|upkeep
|
|t:|1760850881
|switch|p2a: Porygon-Z|Porygon-Z, tera:Ground|100/100
|turn|3
|
|t:|1760850884
|move|p1a: Walking Wake|Hydro Steam|p2a: Porygon-Z
|-supereffective|p2a: Porygon-Z
|-enditem|p2a: Porygon-Z|Focus Sash
|-damage|p2a: Porygon-Z|1/100
|move|p2a: Porygon-Z|Thunderbolt|p1a: Walking Wake
|-supereffective|p1a: Walking Wake
|-damage|p1a: Walking Wake|22/100
|
|-weather|SunnyDay|[upkeep]
|upkeep
|turn|4
|
|t:|1760850897
|switch|p2a: Scizor|Scizor, M|100/100
|move|p1a: Walking Wake|Hydro Steam|p2a: Scizor
|-damage|p2a: Scizor|0 fnt
|faint|p2a: Scizor
|
|-weather|SunnyDay|[upkeep]
|upkeep
|
|t:|1760850909
|switch|p2a: Amoonguss|Amoonguss, F|100/100
|turn|5
|
|t:|1760850916
|move|p1a: Walking Wake|Hydro Steam|p2a: Amoonguss
|-resisted|p2a: Amoonguss
|-damage|p2a: Amoonguss|46/100
|move|p2a: Amoonguss|Giga Drain|p1a: Walking Wake
|-supereffective|p1a: Walking Wake
|-damage|p1a: Walking Wake|0 fnt
|-heal|p2a: Amoonguss|55/100|[from] drain|[of] p1a: Walking Wake
|faint|p1a: Walking Wake
|-end|p1a: Walking Wake|Protosynthesis|[silent]
|
|-weather|SunnyDay|[upkeep]
|upkeep
|
|t:|1760850922
|switch|p1a: Moltres|Moltres|100/100
|turn|6
|
|t:|1760850930
|move|p1a: Moltres|Flamethrower|p2a: Amoonguss
|-supereffective|p2a: Amoonguss
|-damage|p2a: Amoonguss|0 fnt
|faint|p2a: Amoonguss
|
|-weather|SunnyDay|[upkeep]
|upkeep
|-message|Dolost forfeited.
|
|win|Nicox2
|raw|Nicox2's rating: 1086 &rarr; <strong>1113</strong><br />(+27 for winning)
|raw|Dolost's rating: 1086 &rarr; <strong>1063</strong><br />(-23 for losing)
|l|☆Dolost
|player|p2|
|l|☆Nicox2
|player|p1|
