|badge|p2|bronze|gen9ou|100-7
|uhtml|medal-msg|<div class="broadcast-blue">Curious what those medals under the avatar are? PS now has Ladder Seasons! For more information, check out the <a href="https://www.smogon.com/forums/threads/3740067/">thread on Smogon.</a></div>
|j|☆deepfriedmagikarp
|j|☆Sanesa8724
|t:|1760865412
|gametype|singles
|player|p1|deepfriedmagikarp|pokemonranger-gen4|1768
|player|p2|Sanesa8724|265|1891
|gen|9
|tier|[Gen 9] OU
|rated|
|rule|HP Percentage Mod: HP is shown in percentages
|rule|Endless Battle Clause: Forcing endless battles is banned
|rule|Species Clause: Limit one of each Pokémon
|rule|OHKO Clause: OHKO moves are banned
|rule|Evasion Items Clause: Evasion items are banned
|rule|Evasion Moves Clause: Evasion moves are banned
|rule|Evasion Abilities Clause: Evasion abilities are banned
|rule|Sleep Moves Clause: Sleep-inducing moves are banned
|clearpoke
|poke|p1|Darkrai|
|poke|p1|Manaphy|
|poke|p1|Landorus-Therian, M|
|poke|p1|Gholdengo|
|poke|p1|Raging Bolt|
|poke|p1|Iron Valiant|
|poke|p2|Rillaboom, F|
|poke|p2|Zamazenta-*|
|poke|p2|Ogerpon, F|
|poke|p2|Moltres|
|poke|p2|Iron Treads|
|poke|p2|Gholdengo|
|teampreview
|inactive|Battle timer is ON: inactive players will automatically lose when time's up. (requested by deepfriedmagikarp)
|c|☆Sanesa8724|Glhf
|j| crackstone
|inactive|Sanesa8724 has 120 seconds left.
|inactive|Sanesa8724 has 90 seconds left.
|
|t:|1760865495
|teamsize|p1|6
|teamsize|p2|6
|start
|switch|p1a: Darkrai|Darkrai|100/100
|switch|p2a: Rillaboom|Rillaboom, F|100/100
|-fieldstart|move: Grassy Terrain|[from] ability: Grassy Surge|[of] p2a: Rillaboom
|turn|1
|c|☆Sanesa8724|Missklick lol
|inactive|Sanesa8724 has 120 seconds left.
|
|t:|1760865515
|-terastallize|p1a: Darkrai|Poison
|move|p1a: Darkrai|Sludge Bomb|p2a: Rillaboom
|-supereffective|p2a: Rillaboom
|-damage|p2a: Rillaboom|0 fnt
|faint|p2a: Rillaboom
|
|upkeep
|inactive|Sanesa8724 has 120 seconds left.
|
|t:|1760865523
|switch|p2a: Iron Treads|Iron Treads|100/100
|turn|2
|
|t:|1760865526
|move|p1a: Darkrai|Focus Blast|p2a: Iron Treads
|-supereffective|p2a: Iron Treads
|-damage|p2a: Iron Treads|17/100
|move|p2a: Iron Treads|High Horsepower|p1a: Darkrai
|-supereffective|p1a: Darkrai
|-damage|p1a: Darkrai|9/100
|
|-heal|p1a: Darkrai|15/100|[from] Grassy Terrain
|-heal|p2a: Iron Treads|23/100|[from] Grassy Terrain
|-heal|p2a: Iron Treads|29/100|[from] item: Leftovers
|upkeep
|turn|3
|
|t:|1760865533
|-end|p2a: Iron Treads|Quark Drive|[silent]
|switch|p2a: Moltres|Moltres|100/100
|move|p1a: Darkrai|Dark Pulse|p2a: Moltres
|-damage|p2a: Moltres|69/100
|
|-heal|p1a: Darkrai|21/100|[from] Grassy Terrain
|upkeep
|turn|4
|
|t:|1760865548
|switch|p1a: Landorus|Landorus-Therian, M|100/100
|-ability|p1a: Landorus|Intimidate|boost
|-unboost|p2a: Moltres|atk|1
|move|p2a: Moltres|Flamethrower|p1a: Landorus
|-damage|p1a: Landorus|62/100
|
|upkeep
|turn|5
|
|t:|1760865564
|switch|p2a: Iron Treads|Iron Treads|29/100
|move|p1a: Landorus|Stealth Rock|p2a: Iron Treads
|-sidestart|p2: Sanesa8724|move: Stealth Rock
|
|-heal|p2a: Iron Treads|35/100|[from] Grassy Terrain
|-heal|p2a: Iron Treads|42/100|[from] item: Leftovers
|upkeep
|turn|6
|
|t:|1760865567
|-end|p2a: Iron Treads|Quark Drive|[silent]
|switch|p2a: Moltres|Moltres|69/100
|move|p1a: Landorus|Earthquake|p2a: Moltres
|-immune|p2a: Moltres
|
|upkeep
|turn|7
|
|t:|1760865577
|move|p1a: Landorus|Stone Edge|p2a: Moltres
|-supereffective|p2a: Moltres
|-damage|p2a: Moltres|0 fnt
|faint|p2a: Moltres
|
|upkeep
|
|t:|1760865587
|switch|p2a: Zamazenta|Zamazenta|100/100
|-damage|p2a: Zamazenta|94/100|[from] Stealth Rock
|-ability|p2a: Zamazenta|Dauntless Shield|boost
|-boost|p2a: Zamazenta|def|1
|turn|8
|
|t:|1760865593
|switch|p1a: Gholdengo|Gholdengo|100/100
|-item|p1a: Gholdengo|Air Balloon
|move|p2a: Zamazenta|Iron Defense|p2a: Zamazenta
|-boost|p2a: Zamazenta|def|2
|
|-heal|p2a: Zamazenta|100/100|[from] Grassy Terrain
|-fieldend|move: Grassy Terrain
|upkeep
|turn|9
|
|t:|1760865598
|switch|p1a: Landorus|Landorus-Therian, M|62/100
|-ability|p1a: Landorus|Intimidate|boost
|-unboost|p2a: Zamazenta|atk|1
|move|p2a: Zamazenta|Crunch|p1a: Landorus
|-damage|p1a: Landorus|47/100
|-damage|p2a: Zamazenta|84/100|[from] item: Rocky Helmet|[of] p1a: Landorus
|
|-heal|p2a: Zamazenta|90/100|[from] item: Leftovers
|upkeep
|turn|10
|
|t:|1760865603
|move|p2a: Zamazenta|Body Press|p1a: Landorus
|-resisted|p1a: Landorus
|-damage|p1a: Landorus|0 fnt
|-damage|p2a: Zamazenta|74/100|[from] item: Rocky Helmet|[of] p1a: Landorus
|faint|p1a: Landorus
|
|-heal|p2a: Zamazenta|80/100|[from] item: Leftovers
|upkeep
|j| Ctannn
|
|t:|1760865607
|switch|p1a: Gholdengo|Gholdengo|100/100
|-item|p1a: Gholdengo|Air Balloon
|turn|11
|
|t:|1760865613
|switch|p2a: Iron Treads|Iron Treads|42/100
|-damage|p2a: Iron Treads|39/100|[from] Stealth Rock
|move|p1a: Gholdengo|Shadow Ball|p2a: Iron Treads
|-damage|p2a: Iron Treads|0 fnt
|faint|p2a: Iron Treads
|-end|p2a: Iron Treads|Quark Drive|[silent]
|
|upkeep
|l| Ctannn
|
|t:|1760865630
|switch|p2a: Gholdengo|Gholdengo|100/100
|-damage|p2a: Gholdengo|94/100|[from] Stealth Rock
|turn|12
|
|t:|1760865650
|switch|p1a: Manaphy|Manaphy|100/100
|move|p2a: Gholdengo|Shadow Ball|p1a: Manaphy
|-damage|p1a: Manaphy|57/100
|
|upkeep
|turn|13
|
|t:|1760865659
|switch|p2a: Ogerpon|Ogerpon, F|100/100
|-damage|p2a: Ogerpon|88/100|[from] Stealth Rock
|move|p1a: Manaphy|Surf|p2a: Ogerpon
|-resisted|p2a: Ogerpon
|-damage|p2a: Ogerpon|68/100
|
|upkeep
|turn|14
|
|t:|1760865662
|move|p2a: Ogerpon|Ivy Cudgel|p1a: Manaphy
|-supereffective|p1a: Manaphy
|-damage|p1a: Manaphy|0 fnt
|faint|p1a: Manaphy
|-damage|p2a: Ogerpon|58/100|[from] item: Life Orb
|
|upkeep
|
|t:|1760865666
|switch|p1a: Darkrai|Darkrai, tera:Poison|21/100
|turn|15
|
|t:|1760865674
|move|p1a: Darkrai|Dark Pulse|p2a: Ogerpon
|-damage|p2a: Ogerpon|4/100
|move|p2a: Ogerpon|Ivy Cudgel|p1a: Darkrai
|-resisted|p1a: Darkrai
|-damage|p1a: Darkrai|0 fnt
|faint|p1a: Darkrai
|-damage|p2a: Ogerpon|0 fnt|[from] item: Life Orb
|faint|p2a: Ogerpon
|
|upkeep
|
|t:|1760865682
|switch|p1a: Raging Bolt|Raging Bolt|100/100
|switch|p2a: Zamazenta|Zamazenta|80/100
|-damage|p2a: Zamazenta|74/100|[from] Stealth Rock
|-enditem|p1a: Raging Bolt|Booster Energy
|-activate|p1a: Raging Bolt|ability: Protosynthesis|[fromitem]
|-start|p1a: Raging Bolt|protosynthesisspa
|turn|16
|
|t:|1760865684
|move|p2a: Zamazenta|Iron Defense|p2a: Zamazenta
|-boost|p2a: Zamazenta|def|2
|move|p1a: Raging Bolt|Thunderbolt|p2a: Zamazenta
|-damage|p2a: Zamazenta|17/100
|-status|p2a: Zamazenta|par
|
|-heal|p2a: Zamazenta|23/100 par|[from] item: Leftovers
|upkeep
|turn|17
|-message|Sanesa8724 forfeited.
|
|win|deepfriedmagikarp
|raw|deepfriedmagikarp's rating: 1768 &rarr; <strong>1795</strong><br />(+27 for winning)
|raw|Sanesa8724's rating: 1891 &rarr; <strong>1864</strong><br />(-27 for losing)
|l|☆Sanesa8724
|player|p2|
|l| crackstone
