|j|☆daveyboy8796
|j|☆mr.creep69
|t:|1760760855
|gametype|singles
|player|p1|daveyboy8796|gentleman-gen4|1139
|player|p2|mr.creep69|cynthia|1090
|gen|9
|tier|[Gen 9] OU
|rated|
|rule|HP Percentage Mod: HP is shown in percentages
|rule|Endless Battle Clause: Forcing endless battles is banned
|rule|Species Clause: Limit one of each Pokémon
|rule|OHKO Clause: OHKO moves are banned
|rule|Evasion Items Clause: Evasion items are banned
|rule|Evasion Moves Clause: Evasion moves are banned
|rule|Evasion Abilities Clause: Evasion abilities are banned
|rule|Sleep Moves Clause: Sleep-inducing moves are banned
|clearpoke
|poke|p1|Spidops, F|
|poke|p1|Kilowattrel, F|
|poke|p1|Dragonite, M|
|poke|p1|Palossand, F|
|poke|p1|Blastoise, F|
|poke|p1|Glimmora, F|
|poke|p2|Scizor, M|
|poke|p2|Blaziken, M|
|poke|p2|Zapdos|
|poke|p2|Manaphy|
|poke|p2|Dragapult, M|
|poke|p2|Landorus-Therian, M|
|teampreview
|inactive|Battle timer is ON: inactive players will automatically lose when time's up. (requested by mr.creep69)
|
|t:|1760760874
|teamsize|p1|6
|teamsize|p2|6
|start
|switch|p1a: Glimmora|Glimmora, F|100/100
|switch|p2a: Idk land flyer|Landorus-Therian, M|100/100
|-ability|p2a: Idk land flyer|Intimidate|boost
|-unboost|p1a: Glimmora|atk|1
|-item|p1a: Glimmora|Air Balloon
|turn|1
|
|t:|1760760885
|move|p2a: Idk land flyer|U-turn|p1a: Glimmora
|-resisted|p1a: Glimmora
|-damage|p1a: Glimmora|84/100
|-activate|p1a: Glimmora|ability: Toxic Debris
|-sidestart|p2: mr.creep69|move: Toxic Spikes
|-enditem|p1a: Glimmora|Air Balloon
|-damage|p2a: Idk land flyer|91/100|[from] item: Life Orb
|
|t:|1760760893
|switch|p2a: Stupid bird|Zapdos, shiny|100/100|[from] U-turn
|move|p1a: Glimmora|Stealth Rock|p2a: Stupid bird
|-sidestart|p2: mr.creep69|move: Stealth Rock
|
|upkeep
|turn|2
|
|t:|1760760905
|move|p2a: Stupid bird|Tailwind|p2a: Stupid bird
|-sidestart|p2: mr.creep69|move: Tailwind
|move|p1a: Glimmora|Power Gem|p2a: Stupid bird
|-supereffective|p2a: Stupid bird
|-damage|p2a: Stupid bird|23/100
|
|upkeep
|turn|3
|
|t:|1760760911
|move|p2a: Stupid bird|Volt Switch|p1a: Glimmora
|-damage|p1a: Glimmora|38/100
|
|t:|1760760919
|switch|p2a: Idk land flyer|Landorus-Therian, M|91/100|[from] Volt Switch
|-damage|p2a: Idk land flyer|79/100|[from] Stealth Rock
|-ability|p2a: Idk land flyer|Intimidate|boost
|-unboost|p1a: Glimmora|atk|1
|move|p1a: Glimmora|Power Gem|p2a: Idk land flyer
|-damage|p2a: Idk land flyer|36/100
|
|upkeep
|turn|4
|
|t:|1760760932
|move|p2a: Idk land flyer|Earthquake|p1a: Glimmora
|-supereffective|p1a: Glimmora
|-damage|p1a: Glimmora|0 fnt
|-activate|p1a: Glimmora|ability: Toxic Debris
|-sidestart|p2: mr.creep69|move: Toxic Spikes
|faint|p1a: Glimmora
|-damage|p2a: Idk land flyer|27/100|[from] item: Life Orb
|
|upkeep
|
|t:|1760760944
|switch|p1a: TinyWings|Dragonite, M|100/100
|turn|5
|
|t:|1760760961
|move|p2a: Idk land flyer|U-turn|p1a: TinyWings
|-resisted|p1a: TinyWings
|-damage|p1a: TinyWings|92/100
|-damage|p2a: Idk land flyer|17/100|[from] item: Life Orb
|
|t:|1760760966
|switch|p2a: Stupid bird|Zapdos, shiny|23/100|[from] U-turn
|move|p1a: TinyWings|Ice Beam|p2a: Stupid bird
|-supereffective|p2a: Stupid bird
|-damage|p2a: Stupid bird|0 fnt
|faint|p2a: Stupid bird
|
|-sideend|p2: mr.creep69|move: Tailwind
|upkeep
|
|t:|1760760983
|switch|p2a: Skibidi|Dragapult, M, shiny|100/100
|-status|p2a: Skibidi|tox
|-damage|p2a: Skibidi|88/100 tox|[from] Stealth Rock
|turn|6
|
|t:|1760760991
|move|p2a: Skibidi|Dragon Darts|p1a: TinyWings
|-supereffective|p1a: TinyWings
|-damage|p1a: TinyWings|41/100
|-anim|p2a: Skibidi|Dragon Darts|p1a: TinyWings
|-supereffective|p1a: TinyWings
|-damage|p1a: TinyWings|0 fnt
|faint|p1a: TinyWings
|
|-damage|p2a: Skibidi|82/100 tox|[from] psn
|upkeep
|
|t:|1760761007
|switch|p1a: PocketSand|Palossand, F, shiny|100/100
|turn|7
|
|t:|1760761018
|move|p2a: Skibidi|Dragon Dance|p2a: Skibidi
|-boost|p2a: Skibidi|atk|1
|-boost|p2a: Skibidi|spe|1
|move|p1a: PocketSand|Shadow Ball|p2a: Skibidi
|-supereffective|p2a: Skibidi
|-damage|p2a: Skibidi|4/100 tox
|-enditem|p2a: Skibidi|Weakness Policy
|-boost|p2a: Skibidi|atk|2|[from] item: Weakness Policy
|-boost|p2a: Skibidi|spa|2|[from] item: Weakness Policy
|
|-damage|p2a: Skibidi|0 fnt|[from] psn
|faint|p2a: Skibidi
|upkeep
|
|t:|1760761033
|switch|p2a: Idk land flyer|Landorus-Therian, M|17/100
|-damage|p2a: Idk land flyer|5/100|[from] Stealth Rock
|-ability|p2a: Idk land flyer|Intimidate|boost
|-unboost|p1a: PocketSand|atk|1
|turn|8
|
|t:|1760761044
|move|p2a: Idk land flyer|Earthquake|p1a: PocketSand
|-damage|p1a: PocketSand|59/100
|-damage|p2a: Idk land flyer|0 fnt|[from] item: Life Orb
|faint|p2a: Idk land flyer
|move|p1a: PocketSand|Shadow Ball|p2: Idk land flyer|[notarget]
|-fail|p1a: PocketSand
|
|upkeep
|
|t:|1760761054
|switch|p2a: Penile snipper|Scizor, M, shiny|100/100
|-damage|p2a: Penile snipper|88/100|[from] Stealth Rock
|turn|9
|
|t:|1760761063
|move|p2a: Penile snipper|Trailblaze|p1a: PocketSand
|-supereffective|p1a: PocketSand
|-damage|p1a: PocketSand|17/100
|-boost|p2a: Penile snipper|spe|1
|-damage|p2a: Penile snipper|71/100|[from] item: Rocky Helmet|[of] p1a: PocketSand
|-damage|p2a: Penile snipper|61/100|[from] item: Life Orb
|move|p1a: PocketSand|Shore Up|p1a: PocketSand
|-heal|p1a: PocketSand|67/100
|
|upkeep
|turn|10
|
|t:|1760761073
|move|p2a: Penile snipper|Swords Dance|p2a: Penile snipper
|-boost|p2a: Penile snipper|atk|2
|move|p1a: PocketSand|Shore Up|p1a: PocketSand
|-heal|p1a: PocketSand|100/100
|
|upkeep
|turn|11
|
|t:|1760761082
|move|p2a: Penile snipper|Trailblaze|p1a: PocketSand
|-supereffective|p1a: PocketSand
|-damage|p1a: PocketSand|19/100
|-boost|p2a: Penile snipper|spe|1
|-damage|p2a: Penile snipper|45/100|[from] item: Rocky Helmet|[of] p1a: PocketSand
|-damage|p2a: Penile snipper|35/100|[from] item: Life Orb
|move|p1a: PocketSand|Scorching Sands|p2a: Penile snipper
|-damage|p2a: Penile snipper|3/100
|
|upkeep
|turn|12
|
|t:|1760761095
|move|p2a: Penile snipper|Bullet Punch|p1a: PocketSand
|-damage|p1a: PocketSand|0 fnt
|-damage|p2a: Penile snipper|0 fnt|[from] item: Rocky Helmet|[of] p1a: PocketSand
|faint|p1a: PocketSand
|faint|p2a: Penile snipper
|
|upkeep
|
|t:|1760761113
|switch|p2a: Chciken|Blaziken, M, shiny|100/100
|switch|p1a: Zaptres|Kilowattrel, F|100/100
|-status|p2a: Chciken|tox
|-damage|p2a: Chciken|88/100 tox|[from] Stealth Rock
|turn|13
|
|t:|1760761122
|move|p1a: Zaptres|Air Slash|p2a: Chciken
|-supereffective|p2a: Chciken
|-damage|p2a: Chciken|0 fnt
|faint|p2a: Chciken
|-damage|p1a: Zaptres|91/100|[from] item: Life Orb
|
|upkeep
|
|t:|1760761128
|switch|p2a: Bluefacebaby|Manaphy, shiny|100/100
|-status|p2a: Bluefacebaby|tox
|-damage|p2a: Bluefacebaby|88/100 tox|[from] Stealth Rock
|turn|14
|
|t:|1760761134
|-terastallize|p2a: Bluefacebaby|Electric
|move|p1a: Zaptres|Electro Ball|p2a: Bluefacebaby
|-resisted|p2a: Bluefacebaby
|-damage|p2a: Bluefacebaby|72/100 tox
|-damage|p1a: Zaptres|81/100|[from] item: Life Orb
|move|p2a: Bluefacebaby|Ice Beam|p1a: Zaptres
|-supereffective|p1a: Zaptres
|-damage|p1a: Zaptres|0 fnt
|faint|p1a: Zaptres
|
|-damage|p2a: Bluefacebaby|66/100 tox|[from] psn
|upkeep
|
|t:|1760761150
|switch|p1a: Spidops|Spidops, F|100/100
|turn|15
|
|t:|1760761161
|move|p2a: Bluefacebaby|Tail Glow|p2a: Bluefacebaby
|-boost|p2a: Bluefacebaby|spa|3
|move|p1a: Spidops|Knock Off|p2a: Bluefacebaby
|-damage|p2a: Bluefacebaby|37/100 tox
|-enditem|p2a: Bluefacebaby|Salac Berry|[from] move: Knock Off|[of] p1a: Spidops
|
|-damage|p2a: Bluefacebaby|25/100 tox|[from] psn
|upkeep
|turn|16
|
|t:|1760761172
|move|p2a: Bluefacebaby|Ice Beam|p1a: Spidops
|-damage|p1a: Spidops|17/100
|move|p1a: Spidops|U-turn|p2a: Bluefacebaby
|-damage|p2a: Bluefacebaby|0 fnt
|faint|p2a: Bluefacebaby
|
|win|daveyboy8796
|raw|daveyboy8796's rating: 1139 &rarr; <strong>1160</strong><br />(+21 for winning)
|raw|mr.creep69's rating: 1090 &rarr; <strong>1070</strong><br />(-20 for losing)
|l|☆mr.creep69
|player|p2|
|l|☆daveyboy8796
|player|p1|
