|j|☆Draximus666
|j|☆Rbtnk
|t:|1760870539
|gametype|singles
|player|p1|Draximus666|lance|1133
|player|p2|Rbtnk|scientistf|1129
|gen|9
|tier|[Gen 9] OU
|rated|
|rule|HP Percentage Mod: HP is shown in percentages
|rule|Endless Battle Clause: Forcing endless battles is banned
|rule|Species Clause: Limit one of each Pokémon
|rule|OHKO Clause: OHKO moves are banned
|rule|Evasion Items Clause: Evasion items are banned
|rule|Evasion Moves Clause: Evasion moves are banned
|rule|Evasion Abilities Clause: Evasion abilities are banned
|rule|Sleep Moves Clause: Sleep-inducing moves are banned
|clearpoke
|poke|p1|Kingambit, F|
|poke|p1|Zamazenta-*|
|poke|p1|Incineroar, F|
|poke|p1|Primarina, F|
|poke|p1|Landorus-Therian, M|
|poke|p1|Cinderace, F|
|poke|p2|Cresselia, F|
|poke|p2|Lapras, F|
|poke|p2|Glimmora, F|
|poke|p2|Blaziken, M|
|poke|p2|Milotic, F|
|poke|p2|Thundurus-Therian, M|
|teampreview
|inactive|Battle timer is ON: inactive players will automatically lose when time's up. (requested by Rbtnk)
|
|t:|1760870566
|teamsize|p1|6
|teamsize|p2|6
|start
|switch|p1a: Landorus|Landorus-Therian, M|100/100
|switch|p2a: Glimmora|Glimmora, F|100/100
|-ability|p1a: Landorus|Intimidate|boost
|-unboost|p2a: Glimmora|atk|1
|turn|1
|
|t:|1760870576
|move|p2a: Glimmora|Stealth Rock|p1a: Landorus
|-sidestart|p1: Draximus666|move: Stealth Rock
|move|p1a: Landorus|Earthquake|p2a: Glimmora
|-supereffective|p2a: Glimmora
|-enditem|p2a: Glimmora|Focus Sash
|-damage|p2a: Glimmora|1/100
|-activate|p2a: Glimmora|ability: Toxic Debris
|-sidestart|p1: Draximus666|move: Toxic Spikes
|
|upkeep
|turn|2
|
|t:|1760870589
|move|p2a: Glimmora|Power Gem|p1a: Landorus
|-damage|p1a: Landorus|67/100
|move|p1a: Landorus|Earthquake|p2a: Glimmora
|-supereffective|p2a: Glimmora
|-damage|p2a: Glimmora|0 fnt
|-activate|p2a: Glimmora|ability: Toxic Debris
|-sidestart|p1: Draximus666|move: Toxic Spikes
|faint|p2a: Glimmora
|
|upkeep
|
|t:|1760870603
|switch|p2a: Cresselia|Cresselia, F, shiny|100/100
|turn|3
|
|t:|1760870620
|switch|p1a: valfrid|Incineroar, F, shiny|100/100
|-damage|p1a: valfrid|76/100|[from] Stealth Rock
|-status|p1a: valfrid|tox
|-ability|p1a: valfrid|Intimidate|boost
|-unboost|p2a: Cresselia|atk|1
|move|p2a: Cresselia|Calm Mind|p2a: Cresselia
|-boost|p2a: Cresselia|spa|1
|-boost|p2a: Cresselia|spd|1
|
|-damage|p1a: valfrid|70/100 tox|[from] psn
|upkeep
|turn|4
|
|t:|1760870633
|-terastallize|p2a: Cresselia|Electric
|move|p2a: Cresselia|Calm Mind|p2a: Cresselia
|-boost|p2a: Cresselia|spa|1
|-boost|p2a: Cresselia|spd|1
|move|p1a: valfrid|Knock Off|p2a: Cresselia
|-damage|p2a: Cresselia|62/100
|-enditem|p2a: Cresselia|Leftovers|[from] move: Knock Off|[of] p1a: valfrid
|
|-damage|p1a: valfrid|57/100 tox|[from] psn
|upkeep
|turn|5
|
|t:|1760870650
|move|p2a: Cresselia|Moonlight|p2a: Cresselia
|-heal|p2a: Cresselia|100/100
|move|p1a: valfrid|Fire Punch|p2a: Cresselia
|-damage|p2a: Cresselia|71/100
|-status|p2a: Cresselia|brn
|
|-damage|p1a: valfrid|39/100 tox|[from] psn
|-damage|p2a: Cresselia|64/100 brn|[from] brn
|upkeep
|turn|6
|
|t:|1760870660
|move|p2a: Cresselia|Calm Mind|p2a: Cresselia
|-boost|p2a: Cresselia|spa|1
|-boost|p2a: Cresselia|spd|1
|move|p1a: valfrid|Close Combat|p2a: Cresselia
|-damage|p2a: Cresselia|33/100 brn
|-unboost|p1a: valfrid|def|1
|-unboost|p1a: valfrid|spd|1
|
|-damage|p1a: valfrid|15/100 tox|[from] psn
|-damage|p2a: Cresselia|27/100 brn|[from] brn
|upkeep
|turn|7
|
|t:|1760870667
|move|p2a: Cresselia|Moonlight|p2a: Cresselia
|-heal|p2a: Cresselia|77/100 brn
|move|p1a: valfrid|Close Combat|p2a: Cresselia
|-damage|p2a: Cresselia|48/100 brn
|-unboost|p1a: valfrid|def|1
|-unboost|p1a: valfrid|spd|1
|
|-damage|p1a: valfrid|0 fnt|[from] psn
|faint|p1a: valfrid
|-damage|p2a: Cresselia|42/100 brn|[from] brn
|upkeep
|
|t:|1760870675
|switch|p1a: Landorus|Landorus-Therian, M|67/100
|-damage|p1a: Landorus|55/100|[from] Stealth Rock
|-ability|p1a: Landorus|Intimidate|boost
|-unboost|p2a: Cresselia|atk|1
|turn|8
|
|t:|1760870685
|move|p1a: Landorus|Hammer Arm|p2a: Cresselia
|-crit|p2a: Cresselia
|-damage|p2a: Cresselia|4/100 brn
|-unboost|p1a: Landorus|spe|1
|move|p2a: Cresselia|Moonlight|p2a: Cresselia
|-heal|p2a: Cresselia|54/100 brn
|
|-damage|p2a: Cresselia|48/100 brn|[from] brn
|upkeep
|turn|9
|
|t:|1760870692
|move|p2a: Cresselia|Moonlight|p2a: Cresselia
|-heal|p2a: Cresselia|98/100 brn
|move|p1a: Landorus|Hammer Arm|p2a: Cresselia
|-damage|p2a: Cresselia|69/100 brn
|-unboost|p1a: Landorus|spe|1
|
|-damage|p2a: Cresselia|63/100 brn|[from] brn
|upkeep
|turn|10
|
|t:|1760870700
|move|p2a: Cresselia|Stored Power|p1a: Landorus
|-damage|p1a: Landorus|0 fnt
|faint|p1a: Landorus
|
|-damage|p2a: Cresselia|57/100 brn|[from] brn
|upkeep
|
|t:|1760870713
|switch|p1a: Cinderace|Cinderace, F|100/100
|-damage|p1a: Cinderace|76/100|[from] Stealth Rock
|-status|p1a: Cinderace|tox
|turn|11
|
|t:|1760870721
|move|p1a: Cinderace|Court Change|p1a: Cinderace
|-start|p1a: Cinderace|typechange|Normal|[from] ability: Libero
|-swapsideconditions
|-activate|p1a: Cinderace|move: Court Change
|move|p2a: Cresselia|Thunderbolt|p1a: Cinderace
|-damage|p1a: Cinderace|0 fnt
|faint|p1a: Cinderace
|
|-damage|p2a: Cresselia|51/100 brn|[from] brn
|upkeep
|
|t:|1760870737
|switch|p1a: Zamazenta|Zamazenta|100/100
|-ability|p1a: Zamazenta|Dauntless Shield|boost
|-boost|p1a: Zamazenta|def|1
|turn|12
|
|t:|1760870745
|move|p1a: Zamazenta|Close Combat|p2a: Cresselia
|-damage|p2a: Cresselia|1/100 brn
|-unboost|p1a: Zamazenta|def|1
|-unboost|p1a: Zamazenta|spd|1
|-damage|p1a: Zamazenta|91/100|[from] item: Life Orb
|move|p2a: Cresselia|Stored Power|p1a: Zamazenta
|-supereffective|p1a: Zamazenta
|-damage|p1a: Zamazenta|0 fnt
|faint|p1a: Zamazenta
|
|-damage|p2a: Cresselia|0 fnt|[from] brn
|faint|p2a: Cresselia
|upkeep
|inactive|Rbtnk has 120 seconds left.
|
|t:|1760870777
|switch|p1a: Dhruva|Primarina, F, shiny|100/100
|switch|p2a: Thundurus|Thundurus-Therian, M, shiny|100/100
|turn|13
|
|t:|1760870789
|-terastallize|p1a: Dhruva|Fairy
|move|p2a: Thundurus|Nasty Plot|p2a: Thundurus
|-boost|p2a: Thundurus|spa|2
|move|p1a: Dhruva|Calm Mind|p1a: Dhruva
|-boost|p1a: Dhruva|spa|1
|-boost|p1a: Dhruva|spd|1
|
|upkeep
|turn|14
|
|t:|1760870797
|move|p2a: Thundurus|Flash Cannon|p1a: Dhruva
|-supereffective|p1a: Dhruva
|-damage|p1a: Dhruva|29/100
|move|p1a: Dhruva|Ice Beam|p2a: Thundurus
|-supereffective|p2a: Thundurus
|-damage|p2a: Thundurus|0 fnt
|faint|p2a: Thundurus
|-damage|p1a: Dhruva|20/100|[from] item: Life Orb
|
|upkeep
|
|t:|1760870808
|switch|p2a: Lapras|Lapras, F|100/100
|-damage|p2a: Lapras|76/100|[from] Stealth Rock
|-status|p2a: Lapras|tox
|turn|15
|
|t:|1760870817
|move|p2a: Lapras|Dragon Dance|p2a: Lapras
|-boost|p2a: Lapras|atk|1
|-boost|p2a: Lapras|spe|1
|move|p1a: Dhruva|Hydro Pump|p2a: Lapras
|-heal|p2a: Lapras|100/100 tox|[from] ability: Water Absorb|[of] p1a: Dhruva
|
|-damage|p2a: Lapras|94/100 tox|[from] psn
|upkeep
|turn|16
|
|t:|1760870825
|move|p2a: Lapras|Icicle Spear|p1a: Dhruva
|-damage|p1a: Dhruva|1/100
|-damage|p1a: Dhruva|0 fnt
|faint|p1a: Dhruva
|-hitcount|p1: Dhruva|2
|
|-heal|p2a: Lapras|100/100 tox|[from] item: Leftovers
|-damage|p2a: Lapras|88/100 tox|[from] psn
|upkeep
|
|t:|1760870830
|switch|p1a: legit me|Kingambit, F, shiny|100/100
|-activate|p1a: legit me|ability: Supreme Overlord
|-start|p1a: legit me|fallen5|[silent]
|turn|17
|
|t:|1760870840
|move|p2a: Lapras|Earthquake|p1a: legit me
|-supereffective|p1a: legit me
|-damage|p1a: legit me|37/100
|move|p1a: legit me|Brick Break|p2a: Lapras
|-supereffective|p2a: Lapras
|-damage|p2a: Lapras|3/100 tox
|
|-heal|p2a: Lapras|9/100 tox|[from] item: Leftovers
|-damage|p2a: Lapras|0 fnt|[from] psn
|faint|p2a: Lapras
|upkeep
|
|t:|1760870843
|switch|p2a: Milotic|Milotic, F|100/100
|-damage|p2a: Milotic|88/100|[from] Stealth Rock
|-status|p2a: Milotic|tox
|turn|18
|
|t:|1760870865
|move|p1a: legit me|Sucker Punch|p2a: Milotic
|-damage|p2a: Milotic|47/100 tox
|move|p2a: Milotic|Scald|p1a: legit me
|-damage|p1a: legit me|11/100
|
|-damage|p2a: Milotic|41/100 tox|[from] psn
|upkeep
|turn|19
|
|t:|1760870873
|move|p1a: legit me|Sucker Punch|p2a: Milotic
|-damage|p2a: Milotic|1/100 tox
|move|p2a: Milotic|Scald|p1a: legit me
|-damage|p1a: legit me|0 fnt
|faint|p1a: legit me
|-end|p1a: legit me|fallen5|[silent]
|
|win|Rbtnk
|raw|Draximus666's rating: 1133 &rarr; <strong>1108</strong><br />(-25 for losing)
|raw|Rbtnk's rating: 1129 &rarr; <strong>1154</strong><br />(+25 for winning)
|l|☆Rbtnk
|player|p2|
|l|☆Draximus666
|player|p1|
