|j|☆Shimeon91
|j|☆ponvhitoooo
|t:|1760731928
|gametype|singles
|player|p1|Shimeon91|1|1383
|player|p2|ponvhitoooo|2|1319
|gen|9
|tier|[Gen 9] OU
|rated|
|rule|HP Percentage Mod: HP is shown in percentages
|rule|Endless Battle Clause: Forcing endless battles is banned
|rule|Species Clause: Limit one of each Pokémon
|rule|OHKO Clause: OHKO moves are banned
|rule|Evasion Items Clause: Evasion items are banned
|rule|Evasion Moves Clause: Evasion moves are banned
|rule|Evasion Abilities Clause: Evasion abilities are banned
|rule|Sleep Moves Clause: Sleep-inducing moves are banned
|clearpoke
|poke|p1|Cetitan, F|
|poke|p1|Infernape, M|
|poke|p1|Pecharunt|
|poke|p1|Toxicroak, M|
|poke|p1|Slowking-Galar, M|
|poke|p1|Glimmora, F|
|poke|p2|Meloetta|
|poke|p2|Landorus-Therian, M|
|poke|p2|Mandibuzz, F|
|poke|p2|Alomomola, F|
|poke|p2|Chandelure, M|
|poke|p2|Conkeldurr, F|
|teampreview
|inactive|Battle timer is ON: inactive players will automatically lose when time's up. (requested by Shimeon91)
|
|t:|1760731944
|teamsize|p1|6
|teamsize|p2|6
|start
|switch|p1a: Glimmora|Glimmora, F|100/100
|switch|p2a: Landorus|Landorus-Therian, M|100/100
|-ability|p2a: Landorus|Intimidate|boost
|-unboost|p1a: Glimmora|atk|1
|turn|1
|l|☆Shimeon91
|inactive|Shimeon91 disconnected and has a minute to reconnect!
|player|p1|
|j|☆Shimeon91
|inactive|Shimeon91 reconnected and has 130 seconds left.
|player|p1|Shimeon91|1|
|inactive|Shimeon91 has 120 seconds left.
|
|t:|1760731979
|move|p1a: Glimmora|Power Gem|p2a: Landorus
|-damage|p2a: Landorus|44/100
|move|p2a: Landorus|Earthquake|p1a: Glimmora
|-supereffective|p1a: Glimmora
|-enditem|p1a: Glimmora|Focus Sash
|-damage|p1a: Glimmora|1/100
|-activate|p1a: Glimmora|ability: Toxic Debris
|-sidestart|p2: ponvhitoooo|move: Toxic Spikes
|
|upkeep
|turn|2
|inactive|ponvhitoooo has 120 seconds left.
|
|t:|1760731995
|move|p1a: Glimmora|Power Gem|p2a: Landorus
|-damage|p2a: Landorus|0 fnt
|faint|p2a: Landorus
|
|upkeep
|inactive|ponvhitoooo has 120 seconds left.
|
|t:|1760732000
|switch|p2a: Mandibuzz|Mandibuzz, F|100/100
|turn|3
|
|t:|1760732004
|-terastallize|p2a: Mandibuzz|Fairy
|move|p1a: Glimmora|Stealth Rock|p2a: Mandibuzz
|-sidestart|p2: ponvhitoooo|move: Stealth Rock
|move|p2a: Mandibuzz|Defog|p1a: Glimmora
|-unboost|p1a: Glimmora|evasion|1
|-sideend|p2: ponvhitoooo|Toxic Spikes|[from] move: Defog|[of] p2a: Mandibuzz
|-sideend|p2: ponvhitoooo|Stealth Rock|[from] move: Defog|[of] p2a: Mandibuzz
|
|upkeep
|turn|4
|
|t:|1760732016
|switch|p2a: Meloetta|Meloetta|100/100
|move|p1a: Glimmora|Stealth Rock|p2a: Meloetta
|-sidestart|p2: ponvhitoooo|move: Stealth Rock
|
|upkeep
|turn|5
|
|t:|1760732029
|switch|p1a: Slowking|Slowking-Galar, M|100/100
|move|p2a: Meloetta|Psychic|p1a: Slowking
|-damage|p1a: Slowking|73/100
|
|upkeep
|turn|6
|
|t:|1760732043
|move|p2a: Meloetta|Psyshock|p1a: Slowking
|-damage|p1a: Slowking|28/100
|-prepare|p1a: Slowking|Chilly Reception|[premajor]
|move|p1a: Slowking|Chilly Reception|p1a: Slowking
|-weather|Snowscape
|
|t:|1760732054
|switch|p1a: Cetitan|Cetitan, F, shiny|100/100|[from] Chilly Reception
|
|-weather|Snowscape|[upkeep]
|upkeep
|turn|7
|
|t:|1760732060
|switch|p2a: Alomomola|Alomomola, F|100/100
|-damage|p2a: Alomomola|88/100|[from] Stealth Rock
|move|p1a: Cetitan|Knock Off|p2a: Alomomola
|-damage|p2a: Alomomola|70/100
|-damage|p1a: Cetitan|84/100|[from] item: Rocky Helmet|[of] p2a: Alomomola
|-enditem|p2a: Alomomola|Rocky Helmet|[from] move: Knock Off|[of] p1a: Cetitan
|
|-weather|Snowscape|[upkeep]
|upkeep
|turn|8
|l|☆Shimeon91
|inactive|Shimeon91 disconnected and has a minute to reconnect!
|player|p1|
|j|☆Shimeon91
|inactive|Shimeon91 reconnected and has 125 seconds left.
|player|p1|Shimeon91|1|
|inactive|Shimeon91 has 120 seconds left.
|
|t:|1760732090
|switch|p1a: Toxicroak|Toxicroak, M|100/100
|-item|p1a: Toxicroak|Air Balloon
|move|p2a: Alomomola|Scald|p1a: Toxicroak
|-immune|p1a: Toxicroak|[from] ability: Dry Skin
|
|-weather|Snowscape|[upkeep]
|upkeep
|turn|9
|inactive|Shimeon91 has 120 seconds left.
|inactive|ponvhitoooo has 120 seconds left.
|
|t:|1760732147
|move|p1a: Toxicroak|Poison Jab|p2a: Alomomola
|-damage|p2a: Alomomola|50/100
|-status|p2a: Alomomola|psn
|move|p2a: Alomomola|Flip Turn|p1a: Toxicroak
|-immune|p1a: Toxicroak|[from] ability: Dry Skin
|
|-weather|Snowscape|[upkeep]
|-damage|p2a: Alomomola|38/100 psn|[from] psn
|upkeep
|turn|10
|inactive|Shimeon91 has 120 seconds left.
|
|t:|1760732165
|move|p1a: Toxicroak|Poison Jab|p2a: Alomomola
|-crit|p2a: Alomomola
|-damage|p2a: Alomomola|5/100 psn
|move|p2a: Alomomola|Wish|p2a: Alomomola
|
|-weather|none
|-damage|p2a: Alomomola|0 fnt|[from] psn
|faint|p2a: Alomomola
|upkeep
|
|t:|1760732173
|switch|p2a: Meloetta|Meloetta|100/100
|-damage|p2a: Meloetta|88/100|[from] Stealth Rock
|turn|11
|inactive|Shimeon91 has 120 seconds left.
|
|t:|1760732185
|move|p1a: Toxicroak|Sucker Punch|p2a: Meloetta
|-supereffective|p2a: Meloetta
|-damage|p2a: Meloetta|31/100
|move|p2a: Meloetta|Psyshock|p1a: Toxicroak
|-supereffective|p1a: Toxicroak
|-damage|p1a: Toxicroak|0 fnt
|-enditem|p1a: Toxicroak|Air Balloon
|faint|p1a: Toxicroak
|
|-heal|p2a: Meloetta|100/100|[from] move: Wish|[wisher] Alomomola
|upkeep
|l|☆Shimeon91
|inactive|Shimeon91 disconnected and has a minute to reconnect!
|player|p1|
|j|☆Shimeon91
|inactive|Shimeon91 reconnected and has 100 seconds left.
|player|p1|Shimeon91|1|
|
|t:|1760732214
|switch|p1a: Slowking|Slowking-Galar, M|61/100
|turn|12
|
|t:|1760732220
|move|p2a: Meloetta|Psyshock|p1a: Slowking
|-damage|p1a: Slowking|12/100
|-prepare|p1a: Slowking|Chilly Reception|[premajor]
|move|p1a: Slowking|Chilly Reception|p1a: Slowking
|-weather|Snowscape
|
|t:|1760732227
|switch|p1a: Cetitan|Cetitan, F, shiny|84/100|[from] Chilly Reception
|
|-weather|Snowscape|[upkeep]
|upkeep
|turn|13
|
|t:|1760732237
|switch|p2a: Conkeldurr|Conkeldurr, F|100/100
|-damage|p2a: Conkeldurr|94/100|[from] Stealth Rock
|move|p1a: Cetitan|Knock Off|p2a: Conkeldurr
|-resisted|p2a: Conkeldurr
|-damage|p2a: Conkeldurr|79/100
|-enditem|p2a: Conkeldurr|Flame Orb|[from] move: Knock Off|[of] p1a: Cetitan
|
|-weather|Snowscape|[upkeep]
|upkeep
|turn|14
|
|t:|1760732249
|switch|p1a: Glimmora|Glimmora, F|1/100
|move|p2a: Conkeldurr|Knock Off|p1a: Glimmora
|-damage|p1a: Glimmora|0 fnt
|-activate|p1a: Glimmora|ability: Toxic Debris
|-sidestart|p2: ponvhitoooo|move: Toxic Spikes
|faint|p1a: Glimmora
|
|-weather|Snowscape|[upkeep]
|upkeep
|
|t:|1760732269
|switch|p1a: Pecharunt|Pecharunt|100/100
|turn|15
|
|t:|1760732278
|switch|p2a: Mandibuzz|Mandibuzz, F, tera:Fairy|100/100
|move|p1a: Pecharunt|Malignant Chain|p2a: Mandibuzz
|-supereffective|p2a: Mandibuzz
|-damage|p2a: Mandibuzz|60/100
|-status|p2a: Mandibuzz|tox
|-start|p2a: Mandibuzz|confusion|[from] ability: Poison Puppeteer|[of] p1a: Pecharunt
|
|-weather|Snowscape|[upkeep]
|-damage|p2a: Mandibuzz|54/100 tox|[from] psn
|upkeep
|turn|16
|
|t:|1760732294
|move|p1a: Pecharunt|Malignant Chain|p2a: Mandibuzz
|-supereffective|p2a: Mandibuzz
|-damage|p2a: Mandibuzz|6/100 tox
|-activate|p2a: Mandibuzz|confusion
|move|p2a: Mandibuzz|Defog|p1a: Pecharunt
|-unboost|p1a: Pecharunt|evasion|1
|-sideend|p2: ponvhitoooo|Toxic Spikes|[from] move: Defog|[of] p2a: Mandibuzz
|-sideend|p2: ponvhitoooo|Stealth Rock|[from] move: Defog|[of] p2a: Mandibuzz
|
|-weather|none
|-damage|p2a: Mandibuzz|0 fnt|[from] psn
|faint|p2a: Mandibuzz
|upkeep
|
|t:|1760732304
|switch|p2a: Meloetta|Meloetta|100/100
|turn|17
|l|☆Shimeon91
|inactive|Shimeon91 disconnected and has a minute to reconnect!
|player|p1|
|j|☆Shimeon91
|inactive|Shimeon91 reconnected and has 95 seconds left.
|player|p1|Shimeon91|1|
|inactive|Shimeon91 has 90 seconds left.
|l|☆Shimeon91
|inactive|Shimeon91 disconnected and has a minute to reconnect!
|player|p1|
|j|☆Shimeon91
|inactive|Shimeon91 reconnected and has 70 seconds left.
|player|p1|Shimeon91|1|
|
|t:|1760732353
|-terastallize|p1a: Pecharunt|Dark
|move|p2a: Meloetta|Psychic|p1a: Pecharunt
|-immune|p1a: Pecharunt
|move|p1a: Pecharunt|Malignant Chain|p2a: Meloetta
|-damage|p2a: Meloetta|87/100
|-status|p2a: Meloetta|tox
|-start|p2a: Meloetta|confusion|[from] ability: Poison Puppeteer|[of] p1a: Pecharunt
|
|-damage|p2a: Meloetta|81/100 tox|[from] psn
|upkeep
|turn|18
|
|t:|1760732368
|switch|p2a: Conkeldurr|Conkeldurr, F|79/100
|move|p1a: Pecharunt|Parting Shot|p2a: Conkeldurr
|-unboost|p2a: Conkeldurr|atk|1
|-unboost|p2a: Conkeldurr|spa|1
|
|t:|1760732374
|switch|p1a: Infernape|Infernape, M|100/100|[from] Parting Shot
|
|upkeep
|turn|19
|
|t:|1760732380
|move|p1a: Infernape|Flamethrower|p2a: Conkeldurr
|-damage|p2a: Conkeldurr|36/100
|move|p2a: Conkeldurr|Drain Punch|p1a: Infernape
|-damage|p1a: Infernape|57/100
|-heal|p2a: Conkeldurr|51/100|[from] drain|[of] p1a: Infernape
|
|upkeep
|turn|20
|
|t:|1760732388
|switch|p2a: Chandelure|Chandelure, M|100/100
|move|p1a: Infernape|Flamethrower|p2a: Chandelure
|-start|p2a: Chandelure|ability: Flash Fire
|
|upkeep
|turn|21
|
|t:|1760732398
|switch|p1a: Slowking|Slowking-Galar, M|45/100
|move|p2a: Chandelure|Shadow Ball|p1a: Slowking
|-supereffective|p1a: Slowking
|-damage|p1a: Slowking|0 fnt
|faint|p1a: Slowking
|
|upkeep
|
|t:|1760732407
|switch|p1a: Pecharunt|Pecharunt, tera:Dark|100/100
|turn|22
|
|t:|1760732412
|-end|p2a: Chandelure|ability: Flash Fire|[silent]
|switch|p2a: Conkeldurr|Conkeldurr, F|51/100
|move|p1a: Pecharunt|Malignant Chain|p2a: Conkeldurr
|-damage|p2a: Conkeldurr|12/100
|-status|p2a: Conkeldurr|tox
|-start|p2a: Conkeldurr|confusion|[from] ability: Poison Puppeteer|[of] p1a: Pecharunt
|
|-damage|p2a: Conkeldurr|6/100 tox|[from] psn
|upkeep
|turn|23
|inactive|Shimeon91 has 90 seconds left.
|
|t:|1760732427
|-activate|p2a: Conkeldurr|confusion
|move|p2a: Conkeldurr|Mach Punch|p1a: Pecharunt
|-supereffective|p1a: Pecharunt
|-damage|p1a: Pecharunt|67/100
|move|p1a: Pecharunt|Recover|p1a: Pecharunt
|-heal|p1a: Pecharunt|100/100
|
|-damage|p2a: Conkeldurr|0 fnt|[from] psn
|faint|p2a: Conkeldurr
|upkeep
|
|t:|1760732434
|switch|p2a: Chandelure|Chandelure, M|100/100
|turn|24
|
|t:|1760732444
|move|p2a: Chandelure|Trick|p1a: Pecharunt
|-activate|p2a: Chandelure|move: Trick|[of] p1a: Pecharunt
|-item|p1a: Pecharunt|Choice Scarf|[from] move: Trick
|-item|p2a: Chandelure|Heavy-Duty Boots|[from] move: Trick
|move|p1a: Pecharunt|Shadow Ball|p2a: Chandelure
|-supereffective|p2a: Chandelure
|-damage|p2a: Chandelure|26/100
|-unboost|p2a: Chandelure|spd|1
|
|upkeep
|turn|25
|
|t:|1760732453
|switch|p1a: Infernape|Infernape, M|57/100
|switch|p2a: Meloetta|Meloetta|81/100 tox
|
|-damage|p2a: Meloetta|75/100 tox|[from] psn
|upkeep
|turn|26
|
|t:|1760732463
|switch|p1a: Pecharunt|Pecharunt, tera:Dark|100/100
|move|p2a: Meloetta|Psychic|p1a: Pecharunt
|-immune|p1a: Pecharunt
|
|-damage|p2a: Meloetta|62/100 tox|[from] psn
|upkeep
|turn|27
|
|t:|1760732473
|switch|p2a: Chandelure|Chandelure, M|26/100
|move|p1a: Pecharunt|Malignant Chain|p2a: Chandelure
|-resisted|p2a: Chandelure
|-damage|p2a: Chandelure|4/100
|-status|p2a: Chandelure|tox
|-start|p2a: Chandelure|confusion|[from] ability: Poison Puppeteer|[of] p1a: Pecharunt
|
|-damage|p2a: Chandelure|0 fnt|[from] psn
|faint|p2a: Chandelure
|upkeep
|
|t:|1760732483
|switch|p2a: Meloetta|Meloetta|62/100 tox
|turn|28
|
|t:|1760732495
|move|p1a: Pecharunt|Malignant Chain|p2a: Meloetta
|-damage|p2a: Meloetta|48/100 tox
|move|p2a: Meloetta|Thunderbolt|p1a: Pecharunt
|-damage|p1a: Pecharunt|67/100
|-status|p1a: Pecharunt|par
|
|-damage|p2a: Meloetta|42/100 tox|[from] psn
|upkeep
|turn|29
|
|t:|1760732505
|move|p2a: Meloetta|Thunderbolt|p1a: Pecharunt
|-damage|p1a: Pecharunt|33/100 par
|move|p1a: Pecharunt|Malignant Chain|p2a: Meloetta
|-damage|p2a: Meloetta|28/100 tox
|
|-damage|p2a: Meloetta|16/100 tox|[from] psn
|upkeep
|turn|30
|
|t:|1760732517
|move|p2a: Meloetta|Thunderbolt|p1a: Pecharunt
|-damage|p1a: Pecharunt|0 fnt
|faint|p1a: Pecharunt
|
|-damage|p2a: Meloetta|0 fnt|[from] psn
|faint|p2a: Meloetta
|
|win|Shimeon91
|raw|Shimeon91's rating: 1383 &rarr; <strong>1399</strong><br />(+16 for winning)
|raw|ponvhitoooo's rating: 1319 &rarr; <strong>1303</strong><br />(-16 for losing)
|l|☆ponvhitoooo
|player|p2|
|l|☆Shimeon91
|player|p1|
|j|☆Shimeon91
|player|p1|Shimeon91|1|
|l|☆Shimeon91
|player|p1|
