|j|☆babajeje
|j|☆sudout2
|t:|1760718395
|gametype|singles
|player|p1|babajeje|101|1260
|player|p2|sudout2|giovanni|1304
|gen|9
|tier|[Gen 9] OU
|rated|
|rule|HP Percentage Mod: HP is shown in percentages
|rule|Endless Battle Clause: Forcing endless battles is banned
|rule|Species Clause: Limit one of each Pokémon
|rule|OHKO Clause: OHKO moves are banned
|rule|Evasion Items Clause: Evasion items are banned
|rule|Evasion Moves Clause: Evasion moves are banned
|rule|Evasion Abilities Clause: Evasion abilities are banned
|rule|Sleep Moves Clause: Sleep-inducing moves are banned
|clearpoke
|poke|p1|Medicham, M|
|poke|p1|Kingambit, M|
|poke|p1|Zapdos|
|poke|p1|Girafarig, M|
|poke|p1|Ribombee, M|
|poke|p1|Ogerpon-Wellspring, F|
|poke|p2|Garganacl, M|
|poke|p2|Iron Valiant|
|poke|p2|Toxapex, F|
|poke|p2|Ceruledge, F|
|poke|p2|Great Tusk|
|poke|p2|Ribombee, M|
|teampreview
|
|t:|1760718408
|teamsize|p1|6
|teamsize|p2|6
|start
|switch|p1a: Ribombee|Ribombee, M|100/100
|switch|p2a: Ribombee|Ribombee, M|100/100
|turn|1
|
|t:|1760718416
|move|p1a: Ribombee|Sticky Web|p2a: Ribombee
|-sidestart|p2: sudout2|move: Sticky Web
|move|p2a: Ribombee|Sticky Web|p1a: Ribombee
|-sidestart|p1: babajeje|move: Sticky Web
|
|upkeep
|turn|2
|
|t:|1760718420
|move|p1a: Ribombee|Pounce|p2a: Ribombee
|-resisted|p2a: Ribombee
|-damage|p2a: Ribombee|90/100
|move|p2a: Ribombee|Calm Mind|p2a: Ribombee
|-boost|p2a: Ribombee|spa|1
|-boost|p2a: Ribombee|spd|1
|
|upkeep
|turn|3
|
|t:|1760718433
|switch|p1a: Zapdos|Zapdos|100/100
|move|p2a: Ribombee|Calm Mind|p2a: Ribombee
|-boost|p2a: Ribombee|spa|1
|-boost|p2a: Ribombee|spd|1
|
|upkeep
|turn|4
|
|t:|1760718439
|move|p2a: Ribombee|Draining Kiss|p1a: Zapdos
|-damage|p1a: Zapdos|62/100
|-heal|p2a: Ribombee|100/100|[from] drain|[of] p1a: Zapdos
|-status|p2a: Ribombee|par|[from] ability: Static|[of] p1a: Zapdos
|move|p1a: Zapdos|Hurricane|p2a: Ribombee|[miss]
|-miss|p1a: Zapdos|p2a: Ribombee
|
|upkeep
|turn|5
|
|t:|1760718447
|move|p1a: Zapdos|Hurricane|p2a: Ribombee
|-supereffective|p2a: Ribombee
|-damage|p2a: Ribombee|1/100 par
|move|p2a: Ribombee|Draining Kiss|p1a: Zapdos
|-damage|p1a: Zapdos|19/100
|-heal|p2a: Ribombee|49/100 par|[from] drain|[of] p1a: Zapdos
|
|upkeep
|turn|6
|
|t:|1760718454
|move|p1a: Zapdos|Hurricane|p2a: Ribombee
|-supereffective|p2a: Ribombee
|-damage|p2a: Ribombee|0 fnt
|faint|p2a: Ribombee
|
|upkeep
|
|t:|1760718459
|switch|p2a: Great Tusk|Great Tusk|100/100
|-activate|p2a: Great Tusk|move: Sticky Web
|-unboost|p2a: Great Tusk|spe|1
|-enditem|p2a: Great Tusk|Booster Energy
|-activate|p2a: Great Tusk|ability: Protosynthesis|[fromitem]
|-start|p2a: Great Tusk|protosynthesisdef
|turn|7
|
|t:|1760718465
|move|p1a: Zapdos|Hurricane|p2a: Great Tusk|[miss]
|-miss|p1a: Zapdos|p2a: Great Tusk
|move|p2a: Great Tusk|Rapid Spin|p1a: Zapdos
|-damage|p1a: Zapdos|3/100
|-boost|p2a: Great Tusk|spe|1
|-status|p2a: Great Tusk|par|[from] ability: Static|[of] p1a: Zapdos
|-sideend|p2: sudout2|Sticky Web|[from] move: Rapid Spin|[of] p2a: Great Tusk
|
|upkeep
|turn|8
|
|t:|1760718475
|-end|p2a: Great Tusk|Protosynthesis|[silent]
|switch|p2a: Garganacl|Garganacl, M, shiny|100/100
|move|p1a: Zapdos|Hurricane|p2a: Garganacl
|-resisted|p2a: Garganacl
|-damage|p2a: Garganacl|82/100
|
|-heal|p2a: Garganacl|88/100|[from] item: Leftovers
|upkeep
|turn|9
|
|t:|1760718486
|switch|p1a: Medicham|Medicham, M|100/100
|-activate|p1a: Medicham|move: Sticky Web
|-unboost|p1a: Medicham|spe|1
|move|p2a: Garganacl|Salt Cure|p1a: Medicham
|-resisted|p1a: Medicham
|-damage|p1a: Medicham|89/100
|-start|p1a: Medicham|Salt Cure
|
|-heal|p2a: Garganacl|95/100|[from] item: Leftovers
|-damage|p1a: Medicham|77/100|[from] Salt Cure
|upkeep
|turn|10
|
|t:|1760718496
|switch|p2a: Toxapex|Toxapex, F, shiny|100/100
|move|p1a: Medicham|Psycho Cut|p2a: Toxapex
|-supereffective|p2a: Toxapex
|-damage|p2a: Toxapex|13/100
|
|-heal|p2a: Toxapex|19/100|[from] item: Leftovers
|-damage|p1a: Medicham|64/100|[from] Salt Cure
|upkeep
|turn|11
|
|t:|1760718501
|move|p2a: Toxapex|Baneful Bunker|p2a: Toxapex
|-singleturn|p2a: Toxapex|move: Protect
|move|p1a: Medicham|Psycho Cut|p2a: Toxapex
|-activate|p2a: Toxapex|move: Protect
|
|-heal|p2a: Toxapex|25/100|[from] item: Leftovers
|-damage|p1a: Medicham|52/100|[from] Salt Cure
|upkeep
|turn|12
|
|t:|1760718510
|switch|p2a: Garganacl|Garganacl, M, shiny|95/100
|move|p1a: Medicham|Psycho Cut|p2a: Garganacl
|-damage|p2a: Garganacl|64/100
|
|-heal|p2a: Garganacl|70/100|[from] item: Leftovers
|-damage|p1a: Medicham|40/100|[from] Salt Cure
|upkeep
|turn|13
|
|t:|1760718513
|move|p1a: Medicham|Psycho Cut|p2a: Garganacl
|-damage|p2a: Garganacl|36/100
|move|p2a: Garganacl|Recover|p2a: Garganacl
|-heal|p2a: Garganacl|86/100
|
|-heal|p2a: Garganacl|92/100|[from] item: Leftovers
|-damage|p1a: Medicham|28/100|[from] Salt Cure
|upkeep
|turn|14
|
|t:|1760718518
|move|p1a: Medicham|Close Combat|p2a: Garganacl
|-supereffective|p2a: Garganacl
|-damage|p2a: Garganacl|0 fnt
|-unboost|p1a: Medicham|def|1
|-unboost|p1a: Medicham|spd|1
|faint|p2a: Garganacl
|
|-damage|p1a: Medicham|15/100|[from] Salt Cure
|upkeep
|
|t:|1760718528
|switch|p2a: Ceruledge|Ceruledge, F|100/100
|turn|15
|
|t:|1760718548
|move|p2a: Ceruledge|Swords Dance|p2a: Ceruledge
|-boost|p2a: Ceruledge|atk|2
|move|p1a: Medicham|Psycho Cut|p2a: Ceruledge
|-damage|p2a: Ceruledge|31/100
|-ability|p2a: Ceruledge|Weak Armor|boost
|-unboost|p2a: Ceruledge|def|1
|-boost|p2a: Ceruledge|spe|2
|
|-damage|p1a: Medicham|3/100|[from] Salt Cure
|upkeep
|turn|16
|
|t:|1760718561
|move|p2a: Ceruledge|Bitter Blade|p1a: Medicham
|-damage|p1a: Medicham|0 fnt
|-heal|p2a: Ceruledge|33/100|[from] drain|[of] p1a: Medicham
|faint|p1a: Medicham
|
|upkeep
|
|t:|1760718570
|switch|p1a: Kingambit|Kingambit, M|100/100
|-activate|p1a: Kingambit|move: Sticky Web
|-unboost|p1a: Kingambit|spe|1
|-activate|p1a: Kingambit|ability: Supreme Overlord
|-start|p1a: Kingambit|fallen1|[silent]
|turn|17
|
|t:|1760718576
|move|p2a: Ceruledge|Shadow Sneak|p1a: Kingambit
|-resisted|p1a: Kingambit
|-damage|p1a: Kingambit|87/100
|move|p1a: Kingambit|Sucker Punch||[still]
|-fail|p1a: Kingambit
|
|upkeep
|turn|18
|
|t:|1760718580
|move|p2a: Ceruledge|Shadow Sneak|p1a: Kingambit
|-resisted|p1a: Kingambit
|-damage|p1a: Kingambit|72/100
|move|p1a: Kingambit|Sucker Punch||[still]
|-fail|p1a: Kingambit
|
|upkeep
|turn|19
|
|t:|1760718585
|move|p2a: Ceruledge|Shadow Sneak|p1a: Kingambit
|-resisted|p1a: Kingambit
|-damage|p1a: Kingambit|58/100
|move|p1a: Kingambit|Sucker Punch||[still]
|-fail|p1a: Kingambit
|
|upkeep
|turn|20
|
|t:|1760718590
|move|p2a: Ceruledge|Shadow Sneak|p1a: Kingambit
|-resisted|p1a: Kingambit
|-damage|p1a: Kingambit|43/100
|move|p1a: Kingambit|Sucker Punch||[still]
|-fail|p1a: Kingambit
|
|upkeep
|turn|21
|
|t:|1760718595
|move|p1a: Kingambit|Sucker Punch|p2a: Ceruledge
|-supereffective|p2a: Ceruledge
|-damage|p2a: Ceruledge|0 fnt
|faint|p2a: Ceruledge
|
|upkeep
|
|t:|1760718607
|switch|p2a: Great Tusk|Great Tusk|100/100 par
|turn|22
|
|t:|1760718612
|-end|p1a: Kingambit|fallen1|[silent]
|switch|p1a: Ribombee|Ribombee, M|100/100
|-activate|p1a: Ribombee|move: Sticky Web
|-unboost|p1a: Ribombee|spe|1
|move|p2a: Great Tusk|Headlong Rush|p1a: Ribombee
|-resisted|p1a: Ribombee
|-damage|p1a: Ribombee|27/100
|-unboost|p2a: Great Tusk|def|1
|-unboost|p2a: Great Tusk|spd|1
|
|upkeep
|turn|23
|
|t:|1760718621
|move|p1a: Ribombee|Moonblast|p2a: Great Tusk
|-supereffective|p2a: Great Tusk
|-damage|p2a: Great Tusk|0 fnt
|faint|p2a: Great Tusk
|-end|p2a: Great Tusk|Protosynthesis|[silent]
|
|upkeep
|
|t:|1760718625
|switch|p2a: Iron Valiant|Iron Valiant, shiny|100/100
|-enditem|p2a: Iron Valiant|Booster Energy
|-activate|p2a: Iron Valiant|ability: Quark Drive|[fromitem]
|-start|p2a: Iron Valiant|quarkdrivespe
|turn|24
|
|t:|1760718632
|move|p2a: Iron Valiant|Moonblast|p1a: Ribombee
|-damage|p1a: Ribombee|0 fnt
|faint|p1a: Ribombee
|
|upkeep
|
|t:|1760718640
|switch|p1a: Ogerpon|Ogerpon-Wellspring, F|100/100
|-activate|p1a: Ogerpon|move: Sticky Web
|-unboost|p1a: Ogerpon|spe|1
|turn|25
|
|t:|1760718652
|-terastallize|p1a: Ogerpon|Water
|detailschange|p1a: Ogerpon|Ogerpon-Wellspring-Tera, F, tera:Water
|-ability|p1a: Ogerpon|Embody Aspect (Wellspring)|boost
|-boost|p1a: Ogerpon|spd|1
|move|p2a: Iron Valiant|Calm Mind|p2a: Iron Valiant
|-boost|p2a: Iron Valiant|spa|1
|-boost|p2a: Iron Valiant|spd|1
|move|p1a: Ogerpon|Ivy Cudgel|p2a: Iron Valiant|[anim] Ivy Cudgel Water
|-damage|p2a: Iron Valiant|4/100
|
|upkeep
|turn|26
|
|t:|1760718665
|-terastallize|p2a: Iron Valiant|Electric
|move|p2a: Iron Valiant|Thunderbolt|p1a: Ogerpon
|-supereffective|p1a: Ogerpon
|-damage|p1a: Ogerpon|0 fnt
|faint|p1a: Ogerpon
|detailschange|p1: Ogerpon|Ogerpon-Wellspring, F|[silent]
|
|upkeep
|
|t:|1760718680
|switch|p1a: Girafarig|Girafarig, M|100/100
|-activate|p1a: Girafarig|move: Sticky Web
|-unboost|p1a: Girafarig|spe|1
|turn|27
|
|t:|1760718689
|move|p2a: Iron Valiant|Thunderbolt|p1a: Girafarig
|-damage|p1a: Girafarig|21/100
|move|p1a: Girafarig|Dazzling Gleam|p2a: Iron Valiant
|-damage|p2a: Iron Valiant|0 fnt
|faint|p2a: Iron Valiant
|-end|p2a: Iron Valiant|Quark Drive|[silent]
|
|upkeep
|
|t:|1760718693
|switch|p2a: Toxapex|Toxapex, F, shiny|59/100
|turn|28
|
|t:|1760718695
|move|p1a: Girafarig|Calm Mind|p1a: Girafarig
|-boost|p1a: Girafarig|spa|1
|-boost|p1a: Girafarig|spd|1
|move|p2a: Toxapex|Infestation|p1a: Girafarig
|-supereffective|p1a: Girafarig
|-damage|p1a: Girafarig|17/100
|-activate|p1a: Girafarig|move: Infestation|[of] p2a: Toxapex
|
|-heal|p2a: Toxapex|65/100|[from] item: Leftovers
|-damage|p1a: Girafarig|4/100|[from] move: Infestation|[partiallytrapped]
|upkeep
|turn|29
|
|t:|1760718702
|move|p2a: Toxapex|Baneful Bunker|p2a: Toxapex
|-singleturn|p2a: Toxapex|move: Protect
|move|p1a: Girafarig|Calm Mind|p1a: Girafarig
|-boost|p1a: Girafarig|spa|1
|-boost|p1a: Girafarig|spd|1
|
|-heal|p2a: Toxapex|71/100|[from] item: Leftovers
|-damage|p1a: Girafarig|0 fnt|[from] move: Infestation|[partiallytrapped]
|faint|p1a: Girafarig
|upkeep
|
|t:|1760718709
|switch|p1a: Zapdos|Zapdos|3/100
|turn|30
|
|t:|1760718713
|move|p1a: Zapdos|Roost|p1a: Zapdos
|-heal|p1a: Zapdos|53/100
|-singleturn|p1a: Zapdos|move: Roost
|move|p2a: Toxapex|Infestation|p1a: Zapdos
|-damage|p1a: Zapdos|50/100
|-activate|p1a: Zapdos|move: Infestation|[of] p2a: Toxapex
|-status|p2a: Toxapex|par|[from] ability: Static|[of] p1a: Zapdos
|
|-heal|p2a: Toxapex|77/100 par|[from] item: Leftovers
|-damage|p1a: Zapdos|38/100|[from] move: Infestation|[partiallytrapped]
|upkeep
|turn|31
|
|t:|1760718719
|move|p2a: Toxapex|Baneful Bunker|p2a: Toxapex
|-singleturn|p2a: Toxapex|move: Protect
|move|p1a: Zapdos|Roost|p1a: Zapdos
|-heal|p1a: Zapdos|88/100
|-singleturn|p1a: Zapdos|move: Roost
|
|-heal|p2a: Toxapex|84/100 par|[from] item: Leftovers
|-damage|p1a: Zapdos|76/100|[from] move: Infestation|[partiallytrapped]
|upkeep
|turn|32
|
|t:|1760718723
|move|p1a: Zapdos|Volt Switch|p2a: Toxapex
|-supereffective|p2a: Toxapex
|-damage|p2a: Toxapex|40/100 par
|
|t:|1760718726
|switch|p1a: Kingambit|Kingambit, M|43/100|[from] Volt Switch
|-activate|p1a: Kingambit|move: Sticky Web
|-unboost|p1a: Kingambit|spe|1
|-activate|p1a: Kingambit|ability: Supreme Overlord
|-start|p1a: Kingambit|fallen4|[silent]
|move|p2a: Toxapex|Toxic|p1a: Kingambit
|-immune|p1a: Kingambit
|
|-heal|p2a: Toxapex|47/100 par|[from] item: Leftovers
|upkeep
|turn|33
|
|t:|1760718729
|move|p1a: Kingambit|Kowtow Cleave|p2a: Toxapex
|-damage|p2a: Toxapex|0 fnt
|faint|p2a: Toxapex
|
|win|babajeje
|raw|babajeje's rating: 1260 &rarr; <strong>1288</strong><br />(+28 for winning)
|raw|sudout2's rating: 1304 &rarr; <strong>1281</strong><br />(-23 for losing)
|c|☆babajeje|gg
|l|☆babajeje
|player|p1|
|l|☆sudout2
|player|p2|
