|j|☆rgood1478
|j|☆Ban Stall Pokemon
|t:|1760783177
|gametype|singles
|player|p1|rgood1478|ltsurge|1116
|player|p2|Ban Stall Pokemon|102|1126
|gen|9
|tier|[Gen 9] OU
|rated|
|rule|HP Percentage Mod: HP is shown in percentages
|rule|Endless Battle Clause: Forcing endless battles is banned
|rule|Species Clause: Limit one of each Pokémon
|rule|OHKO Clause: OHKO moves are banned
|rule|Evasion Items Clause: Evasion items are banned
|rule|Evasion Moves Clause: Evasion moves are banned
|rule|Evasion Abilities Clause: Evasion abilities are banned
|rule|Sleep Moves Clause: Sleep-inducing moves are banned
|clearpoke
|poke|p1|Pecharunt|
|poke|p1|Dragapult, M|
|poke|p1|Gliscor, F|
|poke|p1|Kingambit, F|
|poke|p1|Raging Bolt|
|poke|p1|Samurott-Hisui, F|
|poke|p2|Greninja-*, M|
|poke|p2|Zarude-Dada|
|poke|p2|Zapdos-Galar|
|poke|p2|Excadrill, M|
|poke|p2|Metagross|
|poke|p2|Thundurus-Therian, M|
|teampreview
|inactive|Battle timer is ON: inactive players will automatically lose when time's up. (requested by rgood1478)
|
|t:|1760783193
|teamsize|p1|6
|teamsize|p2|6
|start
|switch|p1a: Gliscor|Gliscor, F|100/100
|switch|p2a: Greninja|Greninja, M|100/100
|turn|1
|
|t:|1760783202
|move|p2a: Greninja|Ice Beam|p1a: Gliscor
|-start|p2a: Greninja|typechange|Ice|[from] ability: Protean
|-supereffective|p1a: Gliscor
|-damage|p1a: Gliscor|0 fnt
|faint|p1a: Gliscor
|
|upkeep
|
|t:|1760783209
|switch|p1a: Pecharunt|Pecharunt|100/100
|turn|2
|
|t:|1760783216
|switch|p2a: Excadrill|Excadrill, M|100/100
|-ability|p2a: Excadrill|Mold Breaker
|move|p1a: Pecharunt|Toxic|p2a: Excadrill
|-immune|p2a: Excadrill
|
|upkeep
|turn|3
|
|t:|1760783226
|move|p2a: Excadrill|Earthquake|p1a: Pecharunt
|-supereffective|p1a: Pecharunt
|-damage|p1a: Pecharunt|23/100
|move|p1a: Pecharunt|Parting Shot|p2a: Excadrill
|-unboost|p2a: Excadrill|atk|1
|-unboost|p2a: Excadrill|spa|1
|
|t:|1760783241
|switch|p1a: Samurott|Samurott-Hisui, F|100/100|[from] Parting Shot
|
|upkeep
|turn|4
|
|t:|1760783248
|switch|p2a: Thundurus|Thundurus-Therian, M|100/100
|move|p1a: Samurott|Sacred Sword|p2a: Thundurus
|-resisted|p2a: Thundurus
|-damage|p2a: Thundurus|63/100
|
|upkeep
|turn|5
|
|t:|1760783258
|move|p1a: Samurott|Sucker Punch|p2a: Thundurus
|-damage|p2a: Thundurus|7/100
|move|p2a: Thundurus|Discharge|p1a: Samurott
|-supereffective|p1a: Samurott
|-damage|p1a: Samurott|38/100
|
|upkeep
|turn|6
|
|t:|1760783264
|move|p1a: Samurott|Sucker Punch|p2a: Thundurus
|-damage|p2a: Thundurus|0 fnt
|faint|p2a: Thundurus
|
|upkeep
|
|t:|1760783268
|switch|p2a: Zarude|Zarude-Dada|100/100
|turn|7
|
|t:|1760783280
|-terastallize|p1a: Samurott|Fighting
|move|p2a: Zarude|U-turn|p1a: Samurott
|-resisted|p1a: Samurott
|-damage|p1a: Samurott|17/100
|
|t:|1760783285
|switch|p2a: Zapdos|Zapdos-Galar|100/100|[from] U-turn
|move|p1a: Samurott|Sacred Sword|p2a: Zapdos
|-resisted|p2a: Zapdos
|-damage|p2a: Zapdos|61/100
|
|upkeep
|turn|8
|
|t:|1760783296
|move|p2a: Zapdos|Brave Bird|p1a: Samurott
|-supereffective|p1a: Samurott
|-damage|p1a: Samurott|0 fnt
|faint|p1a: Samurott
|-damage|p2a: Zapdos|56/100|[from] Recoil
|
|upkeep
|inactive|rgood1478 has 120 seconds left.
|
|t:|1760783328
|switch|p1a: Pecharunt|Pecharunt|23/100
|turn|9
|inactive|rgood1478 has 120 seconds left.
|
|t:|1760783333
|move|p2a: Zapdos|Brave Bird|p1a: Pecharunt
|-crit|p1a: Pecharunt
|-damage|p1a: Pecharunt|0 fnt
|faint|p1a: Pecharunt
|-damage|p2a: Zapdos|48/100|[from] Recoil
|
|upkeep
|inactive|rgood1478 has 120 seconds left.
|
|t:|1760783344
|switch|p1a: Dragapult|Dragapult, M|100/100
|turn|10
|inactive|rgood1478 has 120 seconds left.
|
|t:|1760783351
|move|p2a: Zapdos|Brave Bird|p1a: Dragapult
|-damage|p1a: Dragapult|16/100
|-damage|p2a: Zapdos|21/100|[from] Recoil
|move|p1a: Dragapult|Dragon Darts|p2a: Zapdos
|-damage|p2a: Zapdos|0 fnt
|faint|p2a: Zapdos
|
|upkeep
|
|t:|1760783355
|switch|p2a: Metagross|Metagross|100/100
|turn|11
|
|t:|1760783366
|move|p1a: Dragapult|Sucker Punch|p2a: Metagross
|-supereffective|p2a: Metagross
|-damage|p2a: Metagross|64/100
|-enditem|p2a: Metagross|Weakness Policy
|-boost|p2a: Metagross|atk|2|[from] item: Weakness Policy
|-boost|p2a: Metagross|spa|2|[from] item: Weakness Policy
|move|p2a: Metagross|Bullet Punch|p1a: Dragapult
|-damage|p1a: Dragapult|0 fnt
|faint|p1a: Dragapult
|
|upkeep
|inactive|rgood1478 has 120 seconds left.
|
|t:|1760783393
|switch|p1a: Raging Bolt|Raging Bolt|100/100
|-enditem|p1a: Raging Bolt|Booster Energy
|-activate|p1a: Raging Bolt|ability: Protosynthesis|[fromitem]
|-start|p1a: Raging Bolt|protosynthesisspa
|turn|12
|
|t:|1760783403
|move|p1a: Raging Bolt|Calm Mind|p1a: Raging Bolt
|-boost|p1a: Raging Bolt|spa|1
|-boost|p1a: Raging Bolt|spd|1
|move|p2a: Metagross|Earthquake|p1a: Raging Bolt
|-supereffective|p1a: Raging Bolt
|-damage|p1a: Raging Bolt|0 fnt
|faint|p1a: Raging Bolt
|-end|p1a: Raging Bolt|Protosynthesis|[silent]
|
|upkeep
|
|t:|1760783410
|switch|p1a: Kingambit|Kingambit, F|100/100
|-activate|p1a: Kingambit|ability: Supreme Overlord
|-start|p1a: Kingambit|fallen5|[silent]
|turn|13
|
|t:|1760783423
|move|p2a: Metagross|Earthquake|p1a: Kingambit
|-supereffective|p1a: Kingambit
|-damage|p1a: Kingambit|0 fnt
|faint|p1a: Kingambit
|-end|p1a: Kingambit|fallen5|[silent]
|
|win|Ban Stall Pokemon
|raw|rgood1478's rating: 1116 &rarr; <strong>1092</strong><br />(-24 for losing)
|raw|Ban Stall Pokemon's rating: 1126 &rarr; <strong>1150</strong><br />(+24 for winning)
|l|☆Ban Stall Pokemon
|player|p2|
|l|☆rgood1478
|player|p1|
