|j|☆LX1987
|j|☆SleepyEevie
|t:|1760802156
|gametype|singles
|player|p1|LX1987|169|1366
|player|p2|SleepyEevie|lady|1340
|gen|9
|tier|[Gen 9] OU
|rated|
|rule|HP Percentage Mod: HP is shown in percentages
|rule|Endless Battle Clause: Forcing endless battles is banned
|rule|Species Clause: Limit one of each Pokémon
|rule|OHKO Clause: OHKO moves are banned
|rule|Evasion Items Clause: Evasion items are banned
|rule|Evasion Moves Clause: Evasion moves are banned
|rule|Evasion Abilities Clause: Evasion abilities are banned
|rule|Sleep Moves Clause: Sleep-inducing moves are banned
|clearpoke
|poke|p1|Chesnaught, F|
|poke|p1|Entei|
|poke|p1|Weezing-Galar, M|
|poke|p1|Dragapult, M|
|poke|p1|Swampert, F|
|poke|p1|Deoxys-Speed|
|poke|p2|Lycanroc-Dusk, F|
|poke|p2|Great Tusk|
|poke|p2|Iron Crown|
|poke|p2|Moltres|
|poke|p2|Ogerpon-Wellspring, F|
|poke|p2|Raging Bolt|
|teampreview
|inactive|Battle timer is ON: inactive players will automatically lose when time's up. (requested by SleepyEevie)
|
|t:|1760802165
|teamsize|p1|6
|teamsize|p2|6
|start
|switch|p1a: Deoxys|Deoxys-Speed|100/100
|switch|p2a: Lycanroc|Lycanroc-Dusk, F, shiny|100/100
|-ability|p1a: Deoxys|Pressure
|turn|1
|
|t:|1760802175
|move|p1a: Deoxys|Focus Blast|p2a: Lycanroc|[miss]
|-miss|p1a: Deoxys|p2a: Lycanroc
|move|p2a: Lycanroc|Stone Edge|p1a: Deoxys
|-crit|p1a: Deoxys
|-enditem|p1a: Deoxys|Focus Sash
|-damage|p1a: Deoxys|1/100
|
|upkeep
|turn|2
|
|t:|1760802184
|move|p2a: Lycanroc|Accelerock|p1a: Deoxys
|-damage|p1a: Deoxys|0 fnt
|faint|p1a: Deoxys
|
|upkeep
|
|t:|1760802190
|switch|p1a: Chesnaught|Chesnaught, F|100/100
|turn|3
|
|t:|1760802195
|switch|p2a: Moltres|Moltres|100/100
|move|p1a: Chesnaught|Knock Off|p2a: Moltres
|-crit|p2a: Moltres
|-damage|p2a: Moltres|60/100
|-status|p1a: Chesnaught|brn|[from] ability: Flame Body|[of] p2a: Moltres
|-enditem|p2a: Moltres|Heavy-Duty Boots|[from] move: Knock Off|[of] p1a: Chesnaught
|
|-damage|p1a: Chesnaught|94/100 brn|[from] brn
|upkeep
|turn|4
|
|t:|1760802207
|switch|p1a: Swampert|Swampert, F|100/100
|move|p2a: Moltres|Air Slash|p1a: Swampert
|-damage|p1a: Swampert|83/100
|
|upkeep
|turn|5
|
|t:|1760802217
|move|p2a: Moltres|U-turn|p1a: Swampert
|-damage|p1a: Swampert|69/100
|
|t:|1760802219
|switch|p2a: Ogerpon|Ogerpon-Wellspring, F|100/100|[from] U-turn
|move|p1a: Swampert|Flip Turn|p2a: Ogerpon
|-immune|p2a: Ogerpon|[from] ability: Water Absorb
|
|upkeep
|turn|6
|
|t:|1760802231
|switch|p1a: Dragapult|Dragapult, M|100/100
|move|p2a: Ogerpon|Knock Off|p1a: Dragapult
|-supereffective|p1a: Dragapult
|-damage|p1a: Dragapult|0 fnt
|-enditem|p1a: Dragapult|Life Orb|[from] move: Knock Off|[of] p2a: Ogerpon
|faint|p1a: Dragapult
|
|upkeep
|-message|LX1987 forfeited.
|
|win|SleepyEevie
|raw|LX1987's rating: 1366 &rarr; <strong>1345</strong><br />(-21 for losing)
|raw|SleepyEevie's rating: 1340 &rarr; <strong>1361</strong><br />(+21 for winning)
|l|☆LX1987
|player|p1|
