|j|☆123qazwsx
|j|☆nubemastah69
|t:|1760761886
|gametype|singles
|player|p1|123qazwsx|swimmerf|1166
|player|p2|nubemastah69|blue|1200
|gen|9
|tier|[Gen 9] OU
|rated|
|rule|HP Percentage Mod: HP is shown in percentages
|rule|Endless Battle Clause: Forcing endless battles is banned
|rule|Species Clause: Limit one of each Pokémon
|rule|OHKO Clause: OHKO moves are banned
|rule|Evasion Items Clause: Evasion items are banned
|rule|Evasion Moves Clause: Evasion moves are banned
|rule|Evasion Abilities Clause: Evasion abilities are banned
|rule|Sleep Moves Clause: Sleep-inducing moves are banned
|clearpoke
|poke|p1|Torkoal, F|
|poke|p1|Hatterene, F|
|poke|p1|Raging Bolt|
|poke|p1|Slither Wing|
|poke|p1|Venusaur, F|
|poke|p1|Walking Wake|
|poke|p2|Cloyster, M|
|poke|p2|Quaquaval, M|
|poke|p2|Raging Bolt|
|poke|p2|Slowking-Galar, M|
|poke|p2|Corviknight, F|
|poke|p2|Primarina, F|
|teampreview
|inactive|Battle timer is ON: inactive players will automatically lose when time's up. (requested by 123qazwsx)
|
|t:|1760761897
|teamsize|p1|6
|teamsize|p2|6
|start
|switch|p1a: Raging Bolt|Raging Bolt|100/100
|switch|p2a: Quaquaval|Quaquaval, M, shiny|100/100
|turn|1
|
|t:|1760761906
|-terastallize|p2a: Quaquaval|Ground
|move|p2a: Quaquaval|Focus Energy|p2a: Quaquaval
|-start|p2a: Quaquaval|move: Focus Energy
|move|p1a: Raging Bolt|Solar Beam||[still]
|-prepare|p1a: Raging Bolt|Solar Beam
|
|upkeep
|turn|2
|
|t:|1760761916
|move|p2a: Quaquaval|Substitute|p2a: Quaquaval
|-start|p2a: Quaquaval|Substitute
|-damage|p2a: Quaquaval|76/100
|move|p1a: Raging Bolt|Solar Beam|p2a: Quaquaval|[from] lockedmove
|-supereffective|p2a: Quaquaval
|-end|p2a: Quaquaval|Substitute
|-damage|p1a: Raging Bolt|91/100|[from] item: Life Orb
|
|upkeep
|turn|3
|
|t:|1760761927
|-end|p1a: Raging Bolt|Protosynthesis|[silent]
|switch|p1a: Torkoal|Torkoal, F|100/100
|-weather|SunnyDay|[from] ability: Drought|[of] p1a: Torkoal
|move|p2a: Quaquaval|Aqua Step|p1a: Torkoal
|-supereffective|p1a: Torkoal
|-crit|p1a: Torkoal
|-damage|p1a: Torkoal|50/100
|-boost|p2a: Quaquaval|spe|1
|
|-weather|SunnyDay|[upkeep]
|upkeep
|turn|4
|
|t:|1760761948
|switch|p1a: Slither Wing|Slither Wing|100/100
|-activate|p1a: Slither Wing|ability: Protosynthesis
|-start|p1a: Slither Wing|protosynthesisatk
|move|p2a: Quaquaval|Substitute|p2a: Quaquaval
|-start|p2a: Quaquaval|Substitute
|-damage|p2a: Quaquaval|51/100
|
|-weather|SunnyDay|[upkeep]
|upkeep
|turn|5
|
|t:|1760761959
|move|p2a: Quaquaval|Aqua Step|p1a: Slither Wing
|-crit|p1a: Slither Wing
|-damage|p1a: Slither Wing|64/100
|-boost|p2a: Quaquaval|spe|1
|move|p1a: Slither Wing|U-turn|p2a: Quaquaval
|-crit|p2a: Quaquaval
|-end|p2a: Quaquaval|Substitute
|
|t:|1760761972
|-end|p1a: Slither Wing|Protosynthesis|[silent]
|switch|p1a: Walking Wake|Walking Wake|100/100|[from] U-turn
|-activate|p1a: Walking Wake|ability: Protosynthesis
|-start|p1a: Walking Wake|protosynthesisspe
|
|-weather|SunnyDay|[upkeep]
|upkeep
|turn|6
|
|t:|1760761977
|move|p2a: Quaquaval|Close Combat|p1a: Walking Wake
|-crit|p1a: Walking Wake
|-damage|p1a: Walking Wake|8/100
|-unboost|p2a: Quaquaval|def|1
|-unboost|p2a: Quaquaval|spd|1
|move|p1a: Walking Wake|Hydro Steam|p2a: Quaquaval
|-supereffective|p2a: Quaquaval
|-damage|p2a: Quaquaval|0 fnt
|faint|p2a: Quaquaval
|
|-weather|SunnyDay|[upkeep]
|upkeep
|
|t:|1760761986
|switch|p2a: Raging Bolt|Raging Bolt|100/100
|-activate|p2a: Raging Bolt|ability: Protosynthesis
|-start|p2a: Raging Bolt|protosynthesisspa
|turn|7
|
|t:|1760762001
|-end|p1a: Walking Wake|Protosynthesis|[silent]
|switch|p1a: Venusaur|Venusaur, F|100/100
|move|p2a: Raging Bolt|Thunderclap||[still]
|-fail|p2a: Raging Bolt
|
|-weather|SunnyDay|[upkeep]
|upkeep
|turn|8
|
|t:|1760762014
|move|p1a: Venusaur|Growth|p1a: Venusaur
|-boost|p1a: Venusaur|atk|2
|-boost|p1a: Venusaur|spa|2
|move|p2a: Raging Bolt|Calm Mind|p2a: Raging Bolt
|-boost|p2a: Raging Bolt|spa|1
|-boost|p2a: Raging Bolt|spd|1
|
|-weather|SunnyDay|[upkeep]
|upkeep
|turn|9
|-message|nubemastah69 forfeited.
|
|win|123qazwsx
|raw|123qazwsx's rating: 1166 &rarr; <strong>1193</strong><br />(+27 for winning)
|raw|nubemastah69's rating: 1200 &rarr; <strong>1173</strong><br />(-27 for losing)
|l|☆nubemastah69
|player|p2|
|l|☆123qazwsx
|player|p1|
