|j|☆Clefable1001
|j|☆YumeKasumi76
|t:|1760720576
|gametype|singles
|player|p1|Clefable1001|psychic-gen4|1394
|player|p2|YumeKasumi76|101|1413
|gen|9
|tier|[Gen 9] OU
|rated|
|rule|HP Percentage Mod: HP is shown in percentages
|rule|Endless Battle Clause: Forcing endless battles is banned
|rule|Species Clause: Limit one of each Pokémon
|rule|OHKO Clause: OHKO moves are banned
|rule|Evasion Items Clause: Evasion items are banned
|rule|Evasion Moves Clause: Evasion moves are banned
|rule|Evasion Abilities Clause: Evasion abilities are banned
|rule|Sleep Moves Clause: Sleep-inducing moves are banned
|clearpoke
|poke|p1|Ogerpon-Wellspring, F|
|poke|p1|Kingambit, F|
|poke|p1|Landorus-Therian, M|
|poke|p1|Glimmora, F|
|poke|p1|Dragapult, F|
|poke|p1|Iron Valiant|
|poke|p2|Heracross, M|
|poke|p2|Latias, F|
|poke|p2|Honchkrow, M|
|poke|p2|Heatran, M|
|poke|p2|Brambleghast, M|
|poke|p2|Suicune|
|teampreview
|inactive|Battle timer is ON: inactive players will automatically lose when time's up. (requested by YumeKasumi76)
|
|t:|1760720589
|teamsize|p1|6
|teamsize|p2|6
|start
|switch|p1a: Landon|Landorus-Therian, M|100/100
|switch|p2a: Purifier|Suicune|100/100
|-ability|p1a: Landon|Intimidate|boost
|-unboost|p2a: Purifier|atk|1
|-ability|p2a: Purifier|Pressure
|turn|1
|
|t:|1760720593
|move|p1a: Landon|U-turn|p2a: Purifier
|-crit|p2a: Purifier
|-damage|p2a: Purifier|81/100
|
|t:|1760720597
|switch|p1a: Onion|Ogerpon-Wellspring, F|100/100|[from] U-turn
|move|p2a: Purifier|Tailwind|p2a: Purifier
|-sidestart|p2: YumeKasumi76|move: Tailwind
|
|-heal|p2a: Purifier|87/100|[from] item: Leftovers
|upkeep
|turn|2
|
|t:|1760720605
|switch|p2a: BigKusa|Brambleghast, M|100/100
|-ability|p2a: BigKusa|Wind Rider|boost
|-boost|p2a: BigKusa|atk|1
|move|p1a: Onion|Taunt|p2a: BigKusa
|-start|p2a: BigKusa|move: Taunt
|
|upkeep
|turn|3
|
|t:|1760720618
|switch|p1a: STD|Glimmora, F|100/100
|move|p2a: BigKusa|Power Whip|p1a: STD
|-damage|p1a: STD|0 fnt
|-activate|p1a: STD|ability: Toxic Debris
|-sidestart|p2: YumeKasumi76|move: Toxic Spikes
|faint|p1a: STD
|
|upkeep
|
|t:|1760720627
|switch|p1a: CLOBBAH DAT KIRBY|Kingambit, F|100/100
|-activate|p1a: CLOBBAH DAT KIRBY|ability: Supreme Overlord
|-start|p1a: CLOBBAH DAT KIRBY|fallen1|[silent]
|turn|4
|
|t:|1760720632
|switch|p2a: SogiitaGunha|Heracross, M|100/100
|-status|p2a: SogiitaGunha|psn
|move|p1a: CLOBBAH DAT KIRBY|Iron Head|p2a: SogiitaGunha
|-damage|p2a: SogiitaGunha|23/100 psn
|
|-damage|p2a: SogiitaGunha|11/100 psn|[from] psn
|-sideend|p2: YumeKasumi76|move: Tailwind
|upkeep
|turn|5
|
|t:|1760720646
|switch|p2a: Purifier|Suicune|87/100
|-status|p2a: Purifier|psn
|-ability|p2a: Purifier|Pressure
|-end|p1a: CLOBBAH DAT KIRBY|fallen1|[silent]
|switch|p1a: Landon|Landorus-Therian, M|100/100
|-ability|p1a: Landon|Intimidate|boost
|-unboost|p2a: Purifier|atk|1
|
|-heal|p2a: Purifier|94/100 psn|[from] item: Leftovers
|-damage|p2a: Purifier|81/100 psn|[from] psn
|upkeep
|turn|6
|
|t:|1760720657
|move|p1a: Landon|U-turn|p2a: Purifier
|-damage|p2a: Purifier|68/100 psn
|
|t:|1760720661
|switch|p1a: Onion|Ogerpon-Wellspring, F|100/100|[from] U-turn
|move|p2a: Purifier|Tailwind|p2a: Purifier
|-sidestart|p2: YumeKasumi76|move: Tailwind
|
|-heal|p2a: Purifier|74/100 psn|[from] item: Leftovers
|-damage|p2a: Purifier|61/100 psn|[from] psn
|upkeep
|turn|7
|
|t:|1760720670
|switch|p2a: Bianca|Latias, F|100/100
|move|p1a: Onion|Ivy Cudgel|p2a: Bianca|[anim] Ivy Cudgel Water
|-resisted|p2a: Bianca
|-damage|p2a: Bianca|77/100
|
|upkeep
|turn|8
|
|t:|1760720677
|move|p2a: Bianca|Draco Meteor|p1a: Onion
|-crit|p1a: Onion
|-damage|p1a: Onion|14/100
|-unboost|p2a: Bianca|spa|2
|-enditem|p2a: Bianca|Eject Pack
|
|t:|1760720682
|switch|p2a: BigKusa|Brambleghast, M|100/100
|-ability|p2a: BigKusa|Wind Rider|boost
|-boost|p2a: BigKusa|atk|1
|move|p1a: Onion|Play Rough|p2a: BigKusa
|-damage|p2a: BigKusa|40/100
|
|upkeep
|turn|9
|
|t:|1760720690
|switch|p1a: CLOBBAH DAT KIRBY|Kingambit, F|100/100
|-activate|p1a: CLOBBAH DAT KIRBY|ability: Supreme Overlord
|-start|p1a: CLOBBAH DAT KIRBY|fallen1|[silent]
|move|p2a: BigKusa|Rapid Spin|p1a: CLOBBAH DAT KIRBY
|-resisted|p1a: CLOBBAH DAT KIRBY
|-damage|p1a: CLOBBAH DAT KIRBY|92/100
|-boost|p2a: BigKusa|spe|1
|-sideend|p2: YumeKasumi76|Toxic Spikes|[from] move: Rapid Spin|[of] p2a: BigKusa
|
|-heal|p1a: CLOBBAH DAT KIRBY|98/100|[from] item: Leftovers
|-sideend|p2: YumeKasumi76|move: Tailwind
|upkeep
|turn|10
|
|t:|1760720701
|move|p2a: BigKusa|Strength Sap|p1a: CLOBBAH DAT KIRBY
|-unboost|p1a: CLOBBAH DAT KIRBY|atk|1
|-heal|p2a: BigKusa|100/100
|move|p1a: CLOBBAH DAT KIRBY|Swords Dance|p1a: CLOBBAH DAT KIRBY
|-boost|p1a: CLOBBAH DAT KIRBY|atk|2
|
|-heal|p1a: CLOBBAH DAT KIRBY|100/100|[from] item: Leftovers
|upkeep
|turn|11
|
|t:|1760720726
|move|p2a: BigKusa|Power Whip|p1a: CLOBBAH DAT KIRBY
|-resisted|p1a: CLOBBAH DAT KIRBY
|-damage|p1a: CLOBBAH DAT KIRBY|63/100
|move|p1a: CLOBBAH DAT KIRBY|Kowtow Cleave|p2a: BigKusa
|-supereffective|p2a: BigKusa
|-damage|p2a: BigKusa|0 fnt
|faint|p2a: BigKusa
|
|-heal|p1a: CLOBBAH DAT KIRBY|70/100|[from] item: Leftovers
|upkeep
|
|t:|1760720732
|switch|p2a: MapoTofu|Heatran, M|100/100
|turn|12
|
|t:|1760720738
|-end|p1a: CLOBBAH DAT KIRBY|fallen1|[silent]
|switch|p1a: Landon|Landorus-Therian, M|100/100
|-ability|p1a: Landon|Intimidate|boost
|-unboost|p2a: MapoTofu|atk|1
|move|p2a: MapoTofu|Stealth Rock|p1a: Landon
|-sidestart|p1: Clefable1001|move: Stealth Rock
|
|upkeep
|turn|13
|
|t:|1760720746
|move|p1a: Landon|Stealth Rock|p2a: MapoTofu
|-sidestart|p2: YumeKasumi76|move: Stealth Rock
|move|p2a: MapoTofu|Magma Storm|p1a: Landon
|-damage|p1a: Landon|55/100
|-activate|p1a: Landon|move: Magma Storm|[of] p2a: MapoTofu
|
|-damage|p1a: Landon|42/100|[from] move: Magma Storm|[partiallytrapped]
|upkeep
|turn|14
|
|t:|1760720754
|switch|p2a: SogiitaGunha|Heracross, M|11/100 psn
|-damage|p2a: SogiitaGunha|0 fnt|[from] Stealth Rock
|faint|p2a: SogiitaGunha
|move|p1a: Landon|Earthquake|p2: SogiitaGunha|[notarget]
|-fail|p1a: Landon
|
|-end|p1a: Landon|Magma Storm|[partiallytrapped]|[silent]
|upkeep
|
|t:|1760720756
|switch|p2a: Shinetori|Honchkrow, M|100/100
|-damage|p2a: Shinetori|76/100|[from] Stealth Rock
|turn|15
|
|t:|1760720768
|move|p1a: Landon|Taunt|p2a: Shinetori
|-start|p2a: Shinetori|move: Taunt
|move|p2a: Shinetori|Heat Wave|p1a: Landon
|-damage|p1a: Landon|12/100
|-damage|p2a: Shinetori|66/100|[from] item: Life Orb
|
|upkeep
|turn|16
|
|t:|1760720775
|move|p2a: Shinetori|Sucker Punch|p1a: Landon
|-crit|p1a: Landon
|-damage|p1a: Landon|0 fnt
|-damage|p2a: Shinetori|49/100|[from] item: Rocky Helmet|[of] p1a: Landon
|faint|p1a: Landon
|-ability|p2a: Shinetori|Moxie|boost
|-boost|p2a: Shinetori|atk|1
|-damage|p2a: Shinetori|39/100|[from] item: Life Orb
|
|upkeep
|
|t:|1760720784
|switch|p1a: Super Soldier|Iron Valiant|100/100
|-damage|p1a: Super Soldier|94/100|[from] Stealth Rock
|-enditem|p1a: Super Soldier|Booster Energy
|-activate|p1a: Super Soldier|ability: Quark Drive|[fromitem]
|-start|p1a: Super Soldier|quarkdrivespe
|turn|17
|
|t:|1760720790
|move|p1a: Super Soldier|Swords Dance|p1a: Super Soldier
|-boost|p1a: Super Soldier|atk|2
|move|p2a: Shinetori|Brave Bird|p1a: Super Soldier
|-supereffective|p1a: Super Soldier
|-damage|p1a: Super Soldier|0 fnt
|faint|p1a: Super Soldier
|-end|p1a: Super Soldier|Quark Drive|[silent]
|-ability|p2a: Shinetori|Moxie|boost
|-boost|p2a: Shinetori|atk|1
|-damage|p2a: Shinetori|13/100|[from] Recoil
|-damage|p2a: Shinetori|3/100|[from] item: Life Orb
|
|-end|p2a: Shinetori|move: Taunt
|upkeep
|
|t:|1760720796
|switch|p1a: CLOBBAH DAT KIRBY|Kingambit, F|70/100
|-damage|p1a: CLOBBAH DAT KIRBY|63/100|[from] Stealth Rock
|-activate|p1a: CLOBBAH DAT KIRBY|ability: Supreme Overlord
|-start|p1a: CLOBBAH DAT KIRBY|fallen3|[silent]
|turn|18
|
|t:|1760720801
|move|p2a: Shinetori|Heat Wave|p1a: CLOBBAH DAT KIRBY
|-supereffective|p1a: CLOBBAH DAT KIRBY
|-damage|p1a: CLOBBAH DAT KIRBY|10/100
|-status|p1a: CLOBBAH DAT KIRBY|brn
|-damage|p2a: Shinetori|0 fnt|[from] item: Life Orb
|faint|p2a: Shinetori
|move|p1a: CLOBBAH DAT KIRBY|Swords Dance|p1a: CLOBBAH DAT KIRBY
|-boost|p1a: CLOBBAH DAT KIRBY|atk|2
|
|-heal|p1a: CLOBBAH DAT KIRBY|16/100 brn|[from] item: Leftovers
|-damage|p1a: CLOBBAH DAT KIRBY|10/100 brn|[from] brn
|upkeep
|l|☆YumeKasumi76
|inactive|YumeKasumi76 disconnected and has a minute to reconnect!
|player|p2|
|j|☆YumeKasumi76
|inactive|YumeKasumi76 reconnected and has 125 seconds left.
|player|p2|YumeKasumi76|101|
|
|t:|1760720829
|switch|p2a: Purifier|Suicune|61/100 psn
|-damage|p2a: Purifier|49/100 psn|[from] Stealth Rock
|-ability|p2a: Purifier|Pressure
|turn|19
|
|t:|1760720835
|move|p2a: Purifier|Tailwind|p2a: Purifier
|-sidestart|p2: YumeKasumi76|move: Tailwind
|move|p1a: CLOBBAH DAT KIRBY|Kowtow Cleave|p2a: Purifier
|-damage|p2a: Purifier|11/100 psn
|
|-heal|p2a: Purifier|17/100 psn|[from] item: Leftovers
|-heal|p1a: CLOBBAH DAT KIRBY|16/100 brn|[from] item: Leftovers
|-damage|p2a: Purifier|5/100 psn|[from] psn
|-damage|p1a: CLOBBAH DAT KIRBY|10/100 brn|[from] brn
|upkeep
|turn|20
|
|t:|1760720841
|move|p1a: CLOBBAH DAT KIRBY|Sucker Punch||[still]
|-fail|p1a: CLOBBAH DAT KIRBY
|move|p2a: Purifier|Roar|p1a: CLOBBAH DAT KIRBY
|-end|p1a: CLOBBAH DAT KIRBY|fallen3|[silent]
|drag|p1a: C.P.S|Dragapult, F|100/100
|-damage|p1a: C.P.S|88/100|[from] Stealth Rock
|
|-heal|p2a: Purifier|11/100 psn|[from] item: Leftovers
|-damage|p2a: Purifier|0 fnt|[from] psn
|faint|p2a: Purifier
|upkeep
|
|t:|1760720844
|switch|p2a: Bianca|Latias, F|77/100
|-damage|p2a: Bianca|65/100|[from] Stealth Rock
|turn|21
|
|t:|1760720853
|switch|p1a: CLOBBAH DAT KIRBY|Kingambit, F|10/100 brn
|-damage|p1a: CLOBBAH DAT KIRBY|4/100 brn|[from] Stealth Rock
|-activate|p1a: CLOBBAH DAT KIRBY|ability: Supreme Overlord
|-start|p1a: CLOBBAH DAT KIRBY|fallen3|[silent]
|move|p2a: Bianca|Draco Meteor|p1a: CLOBBAH DAT KIRBY
|-resisted|p1a: CLOBBAH DAT KIRBY
|-damage|p1a: CLOBBAH DAT KIRBY|0 fnt
|-unboost|p2a: Bianca|spa|2
|faint|p1a: CLOBBAH DAT KIRBY
|-end|p1a: CLOBBAH DAT KIRBY|fallen3|[silent]
|
|upkeep
|
|t:|1760720864
|switch|p1a: C.P.S|Dragapult, F|88/100
|-damage|p1a: C.P.S|76/100|[from] Stealth Rock
|turn|22
|
|t:|1760720867
|move|p2a: Bianca|Tailwind||[still]
|-fail|p2a: Bianca
|move|p1a: C.P.S|Shadow Ball|p2a: Bianca
|-supereffective|p2a: Bianca
|-damage|p2a: Bianca|0 fnt
|faint|p2a: Bianca
|
|-sideend|p2: YumeKasumi76|move: Tailwind
|upkeep
|
|t:|1760720870
|switch|p2a: MapoTofu|Heatran, M|100/100
|-damage|p2a: MapoTofu|88/100|[from] Stealth Rock
|turn|23
|
|t:|1760720877
|-terastallize|p1a: C.P.S|Ghost
|move|p1a: C.P.S|Shadow Ball|p2a: MapoTofu
|-damage|p2a: MapoTofu|39/100
|move|p2a: MapoTofu|Magma Storm|p1a: C.P.S
|-damage|p1a: C.P.S|22/100
|-activate|p1a: C.P.S|move: Magma Storm|[of] p2a: MapoTofu
|
|-heal|p2a: MapoTofu|46/100|[from] item: Leftovers
|-damage|p1a: C.P.S|10/100|[from] move: Magma Storm|[partiallytrapped]
|upkeep
|turn|24
|
|t:|1760720882
|move|p1a: C.P.S|Shadow Ball|p2a: MapoTofu
|-damage|p2a: MapoTofu|0 fnt
|faint|p2a: MapoTofu
|
|win|Clefable1001
|raw|Clefable1001's rating: 1394 &rarr; <strong>1415</strong><br />(+21 for winning)
|raw|YumeKasumi76's rating: 1413 &rarr; <strong>1392</strong><br />(-21 for losing)
|l|☆YumeKasumi76
|player|p2|
|l|☆Clefable1001
|player|p1|
