|j|☆Crull
|j|☆kalarse
|t:|1760828646
|gametype|singles
|player|p1|Crull|janitor|
|player|p2|kalarse|fantina|
|gen|9
|tier|[Gen 9] OU
|rule|HP Percentage Mod: HP is shown in percentages
|rule|Endless Battle Clause: Forcing endless battles is banned
|rule|Species Clause: Limit one of each Pokémon
|rule|OHKO Clause: OHKO moves are banned
|rule|Evasion Items Clause: Evasion items are banned
|rule|Evasion Moves Clause: Evasion moves are banned
|rule|Evasion Abilities Clause: Evasion abilities are banned
|rule|Sleep Moves Clause: Sleep-inducing moves are banned
|clearpoke
|poke|p1|Great Tusk|
|poke|p1|Slowking-Galar, F|
|poke|p1|Ninetales-Alola, M|
|poke|p1|Eiscue, F|
|poke|p1|Primeape, M|
|poke|p1|Metagross|
|poke|p2|Pecharunt|
|poke|p2|Mamoswine, M|
|poke|p2|Heatran, F|
|poke|p2|Ribombee, M|
|poke|p2|Gliscor, F|
|poke|p2|Empoleon, M|
|teampreview
|c|☆kalarse|casi me olvido de aceptar spectators jajajaj
|j| KazumaVGC
|c|☆Crull|jajajaja suele pasar
|c|☆Crull|bueno glhf
|c|☆kalarse|glhf
|
|t:|1760828696
|teamsize|p1|6
|teamsize|p2|6
|start
|switch|p1a: Pecho de Messi|Ninetales-Alola, M|100/100
|switch|p2a: NotYippie|Ribombee, M, shiny|100/100
|-weather|Snowscape|[from] ability: Snow Warning|[of] p1a: Pecho de Messi
|turn|1
|
|t:|1760828707
|move|p2a: NotYippie|Sticky Web|p1a: Pecho de Messi
|-sidestart|p1: Crull|move: Sticky Web
|move|p1a: Pecho de Messi|Blizzard|p2a: NotYippie
|-enditem|p2a: NotYippie|Focus Sash
|-damage|p2a: NotYippie|1/100
|
|-weather|Snowscape|[upkeep]
|upkeep
|turn|2
|
|t:|1760828718
|switch|p2a: Exploto|Heatran, F|100/100
|move|p1a: Pecho de Messi|Blizzard|p2a: Exploto
|-resisted|p2a: Exploto
|-damage|p2a: Exploto|90/100
|
|-weather|Snowscape|[upkeep]
|-heal|p2a: Exploto|97/100|[from] item: Leftovers
|upkeep
|turn|3
|
|t:|1760828735
|switch|p1a: Buggy el Payaso|Slowking-Galar, F|100/100
|switch|p2a: TCNick3|Empoleon, M|100/100
|
|-weather|Snowscape|[upkeep]
|upkeep
|turn|4
|
|t:|1760828748
|move|p1a: Buggy el Payaso|Future Sight|p2a: TCNick3
|-start|p1a: Buggy el Payaso|move: Future Sight
|move|p2a: TCNick3|Roar|p1a: Buggy el Payaso
|drag|p1a: Bestia Merentiel|Primeape, M|100/100
|-activate|p1a: Bestia Merentiel|move: Sticky Web
|-unboost|p1a: Bestia Merentiel|spe|1
|-ability|p1a: Bestia Merentiel|Defiant|boost
|-boost|p1a: Bestia Merentiel|atk|2
|
|-weather|Snowscape|[upkeep]
|upkeep
|turn|5
|
|t:|1760828766
|switch|p2a: Grajeas|Pecharunt|100/100
|move|p1a: Bestia Merentiel|Rage Fist|p2a: Grajeas
|-supereffective|p2a: Grajeas
|-damage|p2a: Grajeas|70/100
|
|-weather|none
|upkeep
|turn|6
|
|t:|1760828791
|switch|p2a: Tu Veneno|Gliscor, F|100/100
|switch|p1a: XA|Metagross|100/100
|-activate|p1a: XA|move: Sticky Web
|-fail|p1a: XA|unboost|[from] ability: Clear Body|[of] p1a: XA
|
|-end|p2a: Tu Veneno|move: Future Sight
|-damage|p2a: Tu Veneno|29/100
|-status|p2a: Tu Veneno|tox|[from] item: Toxic Orb
|upkeep
|turn|7
|j| Tito Fierro
|
|t:|1760828804
|move|p2a: Tu Veneno|Protect|p2a: Tu Veneno
|-singleturn|p2a: Tu Veneno|Protect
|move|p1a: XA|Psychic Fangs|p2a: Tu Veneno
|-activate|p2a: Tu Veneno|move: Protect
|
|-heal|p2a: Tu Veneno|42/100 tox|[from] ability: Poison Heal
|upkeep
|turn|8
|
|t:|1760828823
|move|p1a: XA|Psychic Fangs|p2a: Tu Veneno
|-damage|p2a: Tu Veneno|14/100 tox
|move|p2a: Tu Veneno|Knock Off|p1a: XA
|-supereffective|p1a: XA
|-damage|p1a: XA|62/100
|-enditem|p1a: XA|Normal Gem|[from] move: Knock Off|[of] p2a: Tu Veneno
|
|-heal|p2a: Tu Veneno|26/100 tox|[from] ability: Poison Heal
|upkeep
|turn|9
|
|t:|1760828834
|move|p2a: Tu Veneno|Protect|p2a: Tu Veneno
|-singleturn|p2a: Tu Veneno|Protect
|move|p1a: XA|Agility|p1a: XA
|-boost|p1a: XA|spe|2
|
|-heal|p2a: Tu Veneno|39/100 tox|[from] ability: Poison Heal
|upkeep
|turn|10
|l| Tito Fierro
|
|t:|1760828864
|switch|p2a: NotYippie|Ribombee, M, shiny|1/100
|move|p1a: XA|Meteor Mash|p2a: NotYippie
|-supereffective|p2a: NotYippie
|-damage|p2a: NotYippie|0 fnt
|-boost|p1a: XA|atk|1
|faint|p2a: NotYippie
|
|upkeep
|
|t:|1760828899
|switch|p2a: Grajeas|Pecharunt|70/100
|turn|11
|
|t:|1760828905
|-terastallize|p2a: Grajeas|Ghost
|move|p1a: XA|Psychic Fangs|p2a: Grajeas
|-damage|p2a: Grajeas|27/100
|move|p2a: Grajeas|Shadow Ball|p1a: XA
|-supereffective|p1a: XA
|-damage|p1a: XA|0 fnt
|faint|p1a: XA
|
|upkeep
|
|t:|1760828921
|switch|p1a: Elefante Trompita|Great Tusk|100/100
|-activate|p1a: Elefante Trompita|move: Sticky Web
|-unboost|p1a: Elefante Trompita|spe|1
|turn|12
|
|t:|1760828939
|move|p2a: Grajeas|Recover|p2a: Grajeas
|-heal|p2a: Grajeas|77/100
|move|p1a: Elefante Trompita|Earthquake|p2a: Grajeas
|-damage|p2a: Grajeas|46/100
|
|upkeep
|turn|13
|
|t:|1760828947
|move|p2a: Grajeas|Recover|p2a: Grajeas
|-heal|p2a: Grajeas|97/100
|move|p1a: Elefante Trompita|Knock Off|p2a: Grajeas
|-supereffective|p2a: Grajeas
|-damage|p2a: Grajeas|59/100
|-enditem|p2a: Grajeas|Heavy-Duty Boots|[from] move: Knock Off|[of] p1a: Elefante Trompita
|
|upkeep
|turn|14
|
|t:|1760828954
|move|p2a: Grajeas|Recover|p2a: Grajeas
|-heal|p2a: Grajeas|100/100
|move|p1a: Elefante Trompita|Stealth Rock|p2a: Grajeas
|-sidestart|p2: kalarse|move: Stealth Rock
|
|upkeep
|turn|15
|
|t:|1760828966
|-end|p1a: Elefante Trompita|Protosynthesis|[silent]
|switch|p1a: Bestia Merentiel|Primeape, M|100/100
|-activate|p1a: Bestia Merentiel|move: Sticky Web
|-unboost|p1a: Bestia Merentiel|spe|1
|-ability|p1a: Bestia Merentiel|Defiant|boost
|-boost|p1a: Bestia Merentiel|atk|2
|move|p2a: Grajeas|Parting Shot|p1a: Bestia Merentiel
|-unboost|p1a: Bestia Merentiel|atk|1
|-ability|p1a: Bestia Merentiel|Defiant|boost
|-boost|p1a: Bestia Merentiel|atk|2
|-unboost|p1a: Bestia Merentiel|spa|1
|-ability|p1a: Bestia Merentiel|Defiant|boost
|-boost|p1a: Bestia Merentiel|atk|2
|
|t:|1760828993
|switch|p2a: Tu Veneno|Gliscor, F|39/100 tox|[from] Parting Shot
|-damage|p2a: Tu Veneno|26/100 tox|[from] Stealth Rock
|
|-heal|p2a: Tu Veneno|39/100 tox|[from] ability: Poison Heal
|upkeep
|turn|16
|
|t:|1760829005
|move|p2a: Tu Veneno|Knock Off|p1a: Bestia Merentiel
|-resisted|p1a: Bestia Merentiel
|-damage|p1a: Bestia Merentiel|87/100
|-enditem|p1a: Bestia Merentiel|Eviolite|[from] move: Knock Off|[of] p2a: Tu Veneno
|move|p1a: Bestia Merentiel|Bulk Up|p1a: Bestia Merentiel
|-boost|p1a: Bestia Merentiel|atk|1
|-boost|p1a: Bestia Merentiel|def|1
|
|-heal|p2a: Tu Veneno|51/100 tox|[from] ability: Poison Heal
|upkeep
|turn|17
|
|t:|1760829016
|move|p2a: Tu Veneno|Earthquake|p1a: Bestia Merentiel
|-damage|p1a: Bestia Merentiel|50/100
|move|p1a: Bestia Merentiel|Rage Fist|p2a: Tu Veneno
|-damage|p2a: Tu Veneno|0 fnt
|faint|p2a: Tu Veneno
|
|upkeep
|
|t:|1760829026
|switch|p2a: Unite|Mamoswine, M|100/100
|-damage|p2a: Unite|88/100|[from] Stealth Rock
|turn|18
|
|t:|1760829032
|move|p2a: Unite|Icicle Spear|p1a: Bestia Merentiel
|-damage|p1a: Bestia Merentiel|33/100
|-damage|p1a: Bestia Merentiel|16/100
|-damage|p1a: Bestia Merentiel|0 fnt
|faint|p1a: Bestia Merentiel
|-hitcount|p1: Bestia Merentiel|3
|
|upkeep
|
|t:|1760829040
|switch|p1a: Elefante Trompita|Great Tusk|100/100
|-activate|p1a: Elefante Trompita|move: Sticky Web
|-unboost|p1a: Elefante Trompita|spe|1
|turn|19
|
|t:|1760829053
|switch|p2a: Grajeas|Pecharunt, tera:Ghost|100/100
|-damage|p2a: Grajeas|88/100|[from] Stealth Rock
|move|p1a: Elefante Trompita|Rapid Spin|p2a: Grajeas
|-immune|p2a: Grajeas
|
|upkeep
|turn|20
|
|t:|1760829060
|-end|p1a: Elefante Trompita|Protosynthesis|[silent]
|switch|p1a: Buggy el Payaso|Slowking-Galar, F|100/100
|move|p2a: Grajeas|Shadow Ball|p1a: Buggy el Payaso
|-supereffective|p1a: Buggy el Payaso
|-damage|p1a: Buggy el Payaso|43/100
|
|upkeep
|turn|21
|
|t:|1760829090
|switch|p1a: Elefante Trompita|Great Tusk|100/100
|-activate|p1a: Elefante Trompita|move: Sticky Web
|-unboost|p1a: Elefante Trompita|spe|1
|move|p2a: Grajeas|Shadow Ball|p1a: Elefante Trompita
|-damage|p1a: Elefante Trompita|48/100
|
|-heal|p1a: Elefante Trompita|54/100|[from] item: Leftovers
|upkeep
|turn|22
|
|t:|1760829101
|move|p2a: Grajeas|Shadow Ball|p1a: Elefante Trompita
|-damage|p1a: Elefante Trompita|0 fnt
|faint|p1a: Elefante Trompita
|-end|p1a: Elefante Trompita|Protosynthesis|[silent]
|
|upkeep
|
|t:|1760829105
|switch|p1a: Pecho de Messi|Ninetales-Alola, M|100/100
|-activate|p1a: Pecho de Messi|move: Sticky Web
|-unboost|p1a: Pecho de Messi|spe|1
|-weather|Snowscape|[from] ability: Snow Warning|[of] p1a: Pecho de Messi
|turn|23
|
|t:|1760829113
|-terastallize|p1a: Pecho de Messi|Ground
|move|p2a: Grajeas|Parting Shot|p1a: Pecho de Messi
|-unboost|p1a: Pecho de Messi|atk|1
|-unboost|p1a: Pecho de Messi|spa|1
|
|t:|1760829123
|switch|p2a: Exploto|Heatran, F|97/100|[from] Parting Shot
|-damage|p2a: Exploto|84/100|[from] Stealth Rock
|move|p1a: Pecho de Messi|Tera Blast|p2a: Exploto|[anim] Tera Blast Ground
|-supereffective|p2a: Exploto
|-damage|p2a: Exploto|3/100
|
|-weather|Snowscape|[upkeep]
|-heal|p2a: Exploto|10/100|[from] item: Leftovers
|upkeep
|turn|24
|
|t:|1760829137
|move|p1a: Pecho de Messi|Tera Blast|p2a: Exploto|[anim] Tera Blast Ground
|-supereffective|p2a: Exploto
|-damage|p2a: Exploto|0 fnt
|faint|p2a: Exploto
|
|-weather|Snowscape|[upkeep]
|upkeep
|
|t:|1760829168
|switch|p2a: Unite|Mamoswine, M|88/100
|-damage|p2a: Unite|76/100|[from] Stealth Rock
|turn|25
|
|t:|1760829181
|switch|p1a: Buggy el Payaso|Slowking-Galar, F|76/100
|move|p2a: Unite|Icicle Spear|p1a: Buggy el Payaso
|-damage|p1a: Buggy el Payaso|62/100
|-damage|p1a: Buggy el Payaso|48/100
|-damage|p1a: Buggy el Payaso|35/100
|-damage|p1a: Buggy el Payaso|22/100
|-hitcount|p1a: Buggy el Payaso|4
|
|-weather|Snowscape|[upkeep]
|upkeep
|turn|26
|
|t:|1760829196
|move|p2a: Unite|Earthquake|p1a: Buggy el Payaso
|-supereffective|p1a: Buggy el Payaso
|-damage|p1a: Buggy el Payaso|0 fnt
|faint|p1a: Buggy el Payaso
|
|-weather|Snowscape|[upkeep]
|upkeep
|
|t:|1760829199
|switch|p1a: Pecho de Guardiola|Eiscue, F|100/100
|-activate|p1a: Pecho de Guardiola|move: Sticky Web
|-unboost|p1a: Pecho de Guardiola|spe|1
|turn|27
|
|t:|1760829207
|move|p2a: Unite|Icicle Spear|p1a: Pecho de Guardiola
|-activate|p1a: Pecho de Guardiola|ability: Ice Face
|-damage|p1a: Pecho de Guardiola|100/100
|detailschange|p1a: Pecho de Guardiola|Eiscue-Noice, F
|-resisted|p1a: Pecho de Guardiola
|-damage|p1a: Pecho de Guardiola|93/100
|-resisted|p1a: Pecho de Guardiola
|-damage|p1a: Pecho de Guardiola|86/100
|-resisted|p1a: Pecho de Guardiola
|-damage|p1a: Pecho de Guardiola|79/100
|-resisted|p1a: Pecho de Guardiola
|-damage|p1a: Pecho de Guardiola|73/100
|-hitcount|p1a: Pecho de Guardiola|5
|move|p1a: Pecho de Guardiola|Substitute|p1a: Pecho de Guardiola
|-start|p1a: Pecho de Guardiola|Substitute
|-damage|p1a: Pecho de Guardiola|48/100
|
|-weather|none
|upkeep
|turn|28
|
|t:|1760829243
|move|p2a: Unite|Earthquake|p1a: Pecho de Guardiola
|-end|p1a: Pecho de Guardiola|Substitute
|move|p1a: Pecho de Guardiola|Reversal|p2a: Unite
|-supereffective|p2a: Unite
|-damage|p2a: Unite|53/100
|
|upkeep
|turn|29
|
|t:|1760829252
|move|p2a: Unite|Earthquake|p1a: Pecho de Guardiola
|-damage|p1a: Pecho de Guardiola|0 fnt
|faint|p1a: Pecho de Guardiola
|
|upkeep
|
|t:|1760829255
|switch|p1a: Pecho de Messi|Ninetales-Alola, M, tera:Ground|100/100
|-activate|p1a: Pecho de Messi|move: Sticky Web
|-unboost|p1a: Pecho de Messi|spe|1
|-weather|Snowscape|[from] ability: Snow Warning|[of] p1a: Pecho de Messi
|turn|30
|
|t:|1760829265
|move|p2a: Unite|Icicle Spear|p1a: Pecho de Messi
|-supereffective|p1a: Pecho de Messi
|-damage|p1a: Pecho de Messi|63/100
|-supereffective|p1a: Pecho de Messi
|-damage|p1a: Pecho de Messi|22/100
|-supereffective|p1a: Pecho de Messi
|-damage|p1a: Pecho de Messi|0 fnt
|faint|p1a: Pecho de Messi
|-hitcount|p1: Pecho de Messi|3
|
|win|kalarse
|c|☆Crull|gg wp
|c|☆kalarse|ggswp
|l| KazumaVGC
