|j|☆Qlunk
|j|☆jadhe
|t:|1760738528
|gametype|singles
|player|p1|Qlunk|gentleman-gen4|1348
|player|p2|jadhe|170|1330
|gen|9
|tier|[Gen 9] OU
|rated|
|rule|HP Percentage Mod: HP is shown in percentages
|rule|Endless Battle Clause: Forcing endless battles is banned
|rule|Species Clause: Limit one of each Pokémon
|rule|OHKO Clause: OHKO moves are banned
|rule|Evasion Items Clause: Evasion items are banned
|rule|Evasion Moves Clause: Evasion moves are banned
|rule|Evasion Abilities Clause: Evasion abilities are banned
|rule|Sleep Moves Clause: Sleep-inducing moves are banned
|clearpoke
|poke|p1|Iron Moth|
|poke|p1|Dragonite, M|
|poke|p1|Corviknight, F|
|poke|p1|Great Tusk|
|poke|p1|Darkrai|
|poke|p1|Primarina, M|
|poke|p2|Gliscor, F|
|poke|p2|Tropius, M|
|poke|p2|Blaziken, F|
|poke|p2|Indeedee, M|
|poke|p2|Iron Treads|
|poke|p2|Latios, M|
|teampreview
|inactive|Battle timer is ON: inactive players will automatically lose when time's up. (requested by jadhe)
|
|t:|1760738545
|teamsize|p1|6
|teamsize|p2|6
|start
|switch|p1a: Gehrman|Darkrai|100/100
|switch|p2a: Tropius|Tropius, M|100/100
|turn|1
|
|t:|1760738563
|move|p1a: Gehrman|Ice Beam|p2a: Tropius
|-supereffective|p2a: Tropius
|-damage|p2a: Tropius|0 fnt
|faint|p2a: Tropius
|
|upkeep
|
|t:|1760738567
|switch|p2a: Blaziken|Blaziken, F|100/100
|turn|2
|
|t:|1760738572
|switch|p1a: Scylla|Primarina, M|100/100
|move|p2a: Blaziken|Protect||[still]
|-fail|p2a: Blaziken
|
|-ability|p2a: Blaziken|Speed Boost|boost
|-boost|p2a: Blaziken|spe|1
|upkeep
|turn|3
|
|t:|1760738581
|switch|p2a: Latios|Latios, M, shiny|100/100
|move|p1a: Scylla|Psychic Noise|p2a: Latios
|-resisted|p2a: Latios
|-damage|p2a: Latios|77/100
|-start|p2a: Latios|move: Heal Block
|
|upkeep
|turn|4
|
|t:|1760738587
|-terastallize|p2a: Latios|Electric
|move|p2a: Latios|Thunderbolt|p1a: Scylla
|-supereffective|p1a: Scylla
|-damage|p1a: Scylla|51/100
|-status|p1a: Scylla|par
|move|p1a: Scylla|Moonblast|p2a: Latios
|-damage|p2a: Latios|23/100
|-unboost|p2a: Latios|spa|1
|
|-end|p2a: Latios|move: Heal Block
|upkeep
|turn|5
|
|t:|1760738598
|move|p2a: Latios|Thunderbolt|p1a: Scylla
|-supereffective|p1a: Scylla
|-damage|p1a: Scylla|14/100 par
|move|p1a: Scylla|Psychic Noise|p2a: Latios
|-damage|p2a: Latios|0 fnt
|faint|p2a: Latios
|
|upkeep
|
|t:|1760738602
|switch|p2a: Blaziken|Blaziken, F|100/100
|turn|6
|
|t:|1760738606
|move|p2a: Blaziken|Flare Blitz|p1a: Scylla
|-resisted|p1a: Scylla
|-damage|p1a: Scylla|0 fnt
|faint|p1a: Scylla
|-damage|p2a: Blaziken|95/100|[from] Recoil
|-damage|p2a: Blaziken|85/100|[from] item: Life Orb
|
|-ability|p2a: Blaziken|Speed Boost|boost
|-boost|p2a: Blaziken|spe|1
|upkeep
|
|t:|1760738632
|switch|p1a: Nidhogg|Dragonite, M|100/100
|turn|7
|
|t:|1760738638
|switch|p2a: Gliscor|Gliscor, F|100/100
|move|p1a: Nidhogg|Dragon Dance|p1a: Nidhogg
|-boost|p1a: Nidhogg|atk|1
|-boost|p1a: Nidhogg|spe|1
|
|-status|p2a: Gliscor|tox|[from] item: Toxic Orb
|upkeep
|turn|8
|
|t:|1760738641
|move|p1a: Nidhogg|Ice Spinner|p2a: Gliscor
|-supereffective|p2a: Gliscor
|-damage|p2a: Gliscor|0 fnt
|faint|p2a: Gliscor
|
|upkeep
|
|t:|1760738645
|switch|p2a: Iron Treads|Iron Treads|100/100
|-enditem|p2a: Iron Treads|Booster Energy
|-activate|p2a: Iron Treads|ability: Quark Drive|[fromitem]
|-start|p2a: Iron Treads|quarkdrivespe
|turn|9
|
|t:|1760738652
|move|p2a: Iron Treads|Ice Spinner|p1a: Nidhogg
|-supereffective|p1a: Nidhogg
|-damage|p1a: Nidhogg|54/100
|move|p1a: Nidhogg|Earthquake|p2a: Iron Treads
|-supereffective|p2a: Iron Treads
|-damage|p2a: Iron Treads|21/100
|
|upkeep
|turn|10
|
|t:|1760738667
|-terastallize|p1a: Nidhogg|Fairy
|move|p2a: Iron Treads|Knock Off|p1a: Nidhogg
|-resisted|p1a: Nidhogg
|-damage|p1a: Nidhogg|42/100
|-enditem|p1a: Nidhogg|Heavy-Duty Boots|[from] move: Knock Off|[of] p2a: Iron Treads
|move|p1a: Nidhogg|Earthquake|p2a: Iron Treads
|-supereffective|p2a: Iron Treads
|-damage|p2a: Iron Treads|0 fnt
|faint|p2a: Iron Treads
|-end|p2a: Iron Treads|Quark Drive|[silent]
|
|upkeep
|
|t:|1760738677
|switch|p2a: Blaziken|Blaziken, F|85/100
|turn|11
|
|t:|1760738688
|move|p2a: Blaziken|Protect|p2a: Blaziken
|-singleturn|p2a: Blaziken|Protect
|move|p1a: Nidhogg|Dragon Dance|p1a: Nidhogg
|-boost|p1a: Nidhogg|atk|1
|-boost|p1a: Nidhogg|spe|1
|
|-ability|p2a: Blaziken|Speed Boost|boost
|-boost|p2a: Blaziken|spe|1
|upkeep
|turn|12
|
|t:|1760738697
|move|p2a: Blaziken|Protect||[still]
|-fail|p2a: Blaziken
|move|p1a: Nidhogg|Earthquake|p2a: Blaziken
|-supereffective|p2a: Blaziken
|-damage|p2a: Blaziken|0 fnt
|faint|p2a: Blaziken
|
|upkeep
|-message|jadhe forfeited.
|
|win|Qlunk
|raw|Qlunk's rating: 1348 &rarr; <strong>1367</strong><br />(+19 for winning)
|raw|jadhe's rating: 1330 &rarr; <strong>1311</strong><br />(-19 for losing)
|l|☆jadhe
|player|p2|
|l|☆Qlunk
|player|p1|
