|j|☆Alto Paolto
|j|☆SlowStrokeSmith
|t:|1760733190
|gametype|singles
|player|p1|Alto Paolto|li|1497
|player|p2|SlowStrokeSmith|brycenman|1469
|gen|9
|tier|[Gen 9] OU
|rated|
|rule|HP Percentage Mod: HP is shown in percentages
|rule|Endless Battle Clause: Forcing endless battles is banned
|rule|Species Clause: Limit one of each Pokémon
|rule|OHKO Clause: OHKO moves are banned
|rule|Evasion Items Clause: Evasion items are banned
|rule|Evasion Moves Clause: Evasion moves are banned
|rule|Evasion Abilities Clause: Evasion abilities are banned
|rule|Sleep Moves Clause: Sleep-inducing moves are banned
|clearpoke
|poke|p1|Iron Treads|
|poke|p1|Rotom-Wash|
|poke|p1|Iron Leaves|
|poke|p1|Iron Valiant|
|poke|p1|Pecharunt|
|poke|p1|Garganacl, F|
|poke|p2|Landorus-Therian, M|
|poke|p2|Weezing-Galar, F|
|poke|p2|Zamazenta-*|
|poke|p2|Primarina, F|
|poke|p2|Iron Moth|
|poke|p2|Ogerpon-Wellspring, F|
|teampreview
|inactive|Battle timer is ON: inactive players will automatically lose when time's up. (requested by SlowStrokeSmith)
|
|t:|1760733208
|teamsize|p1|6
|teamsize|p2|6
|start
|switch|p1a: Iron Treads|Iron Treads|100/100
|switch|p2a: Iron Moth|Iron Moth|100/100
|turn|1
|
|t:|1760733218
|-end|p1a: Iron Treads|Quark Drive|[silent]
|switch|p1a: Rotom|Rotom-Wash|100/100
|move|p2a: Iron Moth|Flamethrower|p1a: Rotom
|-resisted|p1a: Rotom
|-damage|p1a: Rotom|70/100
|
|-heal|p1a: Rotom|76/100|[from] item: Leftovers
|upkeep
|turn|2
|
|t:|1760733230
|-end|p2a: Iron Moth|Quark Drive|[silent]
|switch|p2a: Ogerpon|Ogerpon-Wellspring, F|100/100
|move|p1a: Rotom|Thunder Wave|p2a: Ogerpon
|-status|p2a: Ogerpon|par
|
|-heal|p1a: Rotom|82/100|[from] item: Leftovers
|upkeep
|turn|3
|
|t:|1760733256
|move|p1a: Rotom|Protect|p1a: Rotom
|-singleturn|p1a: Rotom|Protect
|move|p2a: Ogerpon|U-turn|p1a: Rotom
|-activate|p1a: Rotom|move: Protect
|
|-heal|p1a: Rotom|88/100|[from] item: Leftovers
|upkeep
|turn|4
|
|t:|1760733262
|move|p1a: Rotom|Hydro Pump|p2a: Ogerpon
|-immune|p2a: Ogerpon|[from] ability: Water Absorb
|move|p2a: Ogerpon|Horn Leech|p1a: Rotom
|-supereffective|p1a: Rotom
|-damage|p1a: Rotom|0 fnt
|faint|p1a: Rotom
|
|upkeep
|
|t:|1760733274
|switch|p1a: Iron Leaves|Iron Leaves|100/100
|turn|5
|
|t:|1760733279
|-end|p1a: Iron Leaves|Quark Drive|[silent]
|switch|p1a: Pecharunt|Pecharunt|100/100
|move|p2a: Ogerpon|U-turn|p1a: Pecharunt
|-resisted|p1a: Pecharunt
|-damage|p1a: Pecharunt|97/100
|
|t:|1760733285
|switch|p2a: Iron Moth|Iron Moth|100/100|[from] U-turn
|
|upkeep
|turn|6
|
|t:|1760733288
|move|p2a: Iron Moth|Flamethrower|p1a: Pecharunt
|-damage|p1a: Pecharunt|27/100
|move|p1a: Pecharunt|Parting Shot|p2a: Iron Moth
|-unboost|p2a: Iron Moth|atk|1
|-unboost|p2a: Iron Moth|spa|1
|
|t:|1760733292
|switch|p1a: Garganacl|Garganacl, F|100/100|[from] Parting Shot
|
|upkeep
|turn|7
|
|t:|1760733299
|-end|p2a: Iron Moth|Quark Drive|[silent]
|switch|p2a: Landorus|Landorus-Therian, M|100/100
|-ability|p2a: Landorus|Intimidate|boost
|-unboost|p1a: Garganacl|atk|1
|move|p1a: Garganacl|Salt Cure|p2a: Landorus
|-damage|p2a: Landorus|89/100
|-start|p2a: Landorus|Salt Cure
|
|-damage|p2a: Landorus|77/100|[from] Salt Cure
|upkeep
|turn|8
|
|t:|1760733304
|move|p1a: Garganacl|Protect|p1a: Garganacl
|-singleturn|p1a: Garganacl|Protect
|move|p2a: Landorus|U-turn|p1a: Garganacl
|-activate|p1a: Garganacl|move: Protect
|
|-damage|p2a: Landorus|65/100|[from] Salt Cure
|upkeep
|turn|9
|
|t:|1760733308
|move|p2a: Landorus|U-turn|p1a: Garganacl
|-damage|p1a: Garganacl|87/100
|
|t:|1760733312
|switch|p2a: Weezing|Weezing-Galar, F|100/100|[from] U-turn
|move|p1a: Garganacl|Salt Cure|p2a: Weezing
|-damage|p2a: Weezing|94/100
|-start|p2a: Weezing|Salt Cure
|
|-heal|p1a: Garganacl|93/100|[from] item: Leftovers
|-damage|p2a: Weezing|82/100|[from] Salt Cure
|upkeep
|turn|10
|
|t:|1760733321
|move|p1a: Garganacl|Protect|p1a: Garganacl
|-singleturn|p1a: Garganacl|Protect
|move|p2a: Weezing|Strange Steam|p1a: Garganacl
|-activate|p1a: Garganacl|move: Protect
|
|-heal|p1a: Garganacl|99/100|[from] item: Leftovers
|-damage|p2a: Weezing|69/100|[from] Salt Cure
|upkeep
|turn|11
|
|t:|1760733326
|move|p2a: Weezing|Pain Split|p1a: Garganacl
|-sethp|p1a: Garganacl|78/100|[from] move: Pain Split|[silent]
|-sethp|p2a: Weezing|95/100|[from] move: Pain Split
|move|p1a: Garganacl|Salt Cure|p2a: Weezing
|-damage|p2a: Weezing|88/100
|
|-heal|p1a: Garganacl|85/100|[from] item: Leftovers
|-damage|p2a: Weezing|76/100|[from] Salt Cure
|upkeep
|turn|12
|
|t:|1760733334
|switch|p2a: Landorus|Landorus-Therian, M|65/100
|-ability|p2a: Landorus|Intimidate|boost
|-unboost|p1a: Garganacl|atk|1
|move|p1a: Garganacl|Protect||[still]
|-fail|p1a: Garganacl
|
|-heal|p1a: Garganacl|91/100|[from] item: Leftovers
|upkeep
|turn|13
|
|t:|1760733337
|move|p2a: Landorus|Earthquake|p1a: Garganacl
|-supereffective|p1a: Garganacl
|-damage|p1a: Garganacl|34/100
|move|p1a: Garganacl|Salt Cure|p2a: Landorus
|-damage|p2a: Landorus|56/100
|-start|p2a: Landorus|Salt Cure
|
|-heal|p1a: Garganacl|40/100|[from] item: Leftovers
|-damage|p2a: Landorus|44/100|[from] Salt Cure
|upkeep
|turn|14
|
|t:|1760733342
|switch|p2a: Ogerpon|Ogerpon-Wellspring, F|100/100 par
|move|p1a: Garganacl|Protect||[still]
|-fail|p1a: Garganacl
|
|-heal|p1a: Garganacl|46/100|[from] item: Leftovers
|upkeep
|turn|15
|
|t:|1760733352
|move|p2a: Ogerpon|U-turn|p1a: Garganacl
|-damage|p1a: Garganacl|32/100
|
|t:|1760733354
|switch|p2a: Landorus|Landorus-Therian, M|44/100|[from] U-turn
|-ability|p2a: Landorus|Intimidate|boost
|-unboost|p1a: Garganacl|atk|1
|move|p1a: Garganacl|Salt Cure|p2a: Landorus
|-damage|p2a: Landorus|37/100
|-start|p2a: Landorus|Salt Cure
|
|-heal|p1a: Garganacl|38/100|[from] item: Leftovers
|-damage|p2a: Landorus|25/100|[from] Salt Cure
|upkeep
|turn|16
|
|t:|1760733357
|move|p1a: Garganacl|Protect|p1a: Garganacl
|-singleturn|p1a: Garganacl|Protect
|move|p2a: Landorus|Earthquake|p1a: Garganacl
|-activate|p1a: Garganacl|move: Protect
|
|-heal|p1a: Garganacl|44/100|[from] item: Leftovers
|-damage|p2a: Landorus|12/100|[from] Salt Cure
|upkeep
|turn|17
|
|t:|1760733367
|switch|p2a: Ogerpon|Ogerpon-Wellspring, F|100/100 par
|move|p1a: Garganacl|Recover|p1a: Garganacl
|-heal|p1a: Garganacl|94/100
|
|-heal|p1a: Garganacl|100/100|[from] item: Leftovers
|upkeep
|turn|18
|
|t:|1760733372
|move|p2a: Ogerpon|Ivy Cudgel|p1a: Garganacl|[anim] Ivy Cudgel Water
|-supereffective|p1a: Garganacl
|-damage|p1a: Garganacl|37/100
|move|p1a: Garganacl|Salt Cure|p2a: Ogerpon
|-damage|p2a: Ogerpon|93/100 par
|-start|p2a: Ogerpon|Salt Cure
|
|-heal|p1a: Garganacl|44/100|[from] item: Leftovers
|-damage|p2a: Ogerpon|68/100 par|[from] Salt Cure
|upkeep
|turn|19
|
|t:|1760733376
|move|p2a: Ogerpon|Swords Dance|p2a: Ogerpon
|-boost|p2a: Ogerpon|atk|2
|move|p1a: Garganacl|Recover|p1a: Garganacl
|-heal|p1a: Garganacl|94/100
|
|-heal|p1a: Garganacl|99/100|[from] item: Leftovers
|-damage|p2a: Ogerpon|43/100 par|[from] Salt Cure
|upkeep
|turn|20
|
|t:|1760733379
|move|p1a: Garganacl|Protect|p1a: Garganacl
|-singleturn|p1a: Garganacl|Protect
|move|p2a: Ogerpon|Ivy Cudgel|p1a: Garganacl|[anim] Ivy Cudgel Water
|-activate|p1a: Garganacl|move: Protect
|
|-heal|p1a: Garganacl|100/100|[from] item: Leftovers
|-damage|p2a: Ogerpon|18/100 par|[from] Salt Cure
|upkeep
|turn|21
|
|t:|1760733383
|move|p1a: Garganacl|Protect||[still]
|-fail|p1a: Garganacl
|cant|p2a: Ogerpon|par
|
|-damage|p2a: Ogerpon|0 fnt|[from] Salt Cure
|faint|p2a: Ogerpon
|upkeep
|c|☆SlowStrokeSmith|I hope whatever dev invented Garg is having a horrble day
|-message|SlowStrokeSmith forfeited.
|
|win|Alto Paolto
|raw|Alto Paolto's rating: 1497 &rarr; <strong>1515</strong><br />(+18 for winning)
|raw|SlowStrokeSmith's rating: 1469 &rarr; <strong>1451</strong><br />(-18 for losing)
|l|☆SlowStrokeSmith
|player|p2|
|c|☆Alto Paolto|lol
|c|☆Alto Paolto|gg
|l|☆Alto Paolto
|player|p1|
