|j|☆kate10956
|j|☆Eat uranium
|t:|1760847230
|gametype|singles
|player|p1|kate10956|ariana|1245
|player|p2|Eat uranium|102|1322
|gen|9
|tier|[Gen 9] OU
|rated|
|rule|HP Percentage Mod: HP is shown in percentages
|rule|Endless Battle Clause: Forcing endless battles is banned
|rule|Species Clause: Limit one of each Pokémon
|rule|OHKO Clause: OHKO moves are banned
|rule|Evasion Items Clause: Evasion items are banned
|rule|Evasion Moves Clause: Evasion moves are banned
|rule|Evasion Abilities Clause: Evasion abilities are banned
|rule|Sleep Moves Clause: Sleep-inducing moves are banned
|clearpoke
|poke|p1|Dragapult, M|
|poke|p1|Glimmora, M|
|poke|p1|Comfey, M|
|poke|p1|Kingambit, M|
|poke|p1|Ogerpon-Wellspring, F|
|poke|p1|Blaziken, M|
|poke|p2|Pelipper, F|
|poke|p2|Iron Treads|
|poke|p2|Toxicroak, F|
|poke|p2|Barraskewda, F|
|poke|p2|Zapdos|
|poke|p2|Ogerpon-Wellspring, F|
|teampreview
|inactive|Battle timer is ON: inactive players will automatically lose when time's up. (requested by Eat uranium)
|inactive|kate10956 has 120 seconds left.
|
|t:|1760847273
|teamsize|p1|6
|teamsize|p2|6
|start
|switch|p1a: Glimmora|Glimmora, M, shiny|100/100
|switch|p2a: Iron Treads|Iron Treads|100/100
|turn|1
|
|t:|1760847295
|move|p2a: Iron Treads|Earthquake|p1a: Glimmora
|-supereffective|p1a: Glimmora
|-damage|p1a: Glimmora|0 fnt
|-activate|p1a: Glimmora|ability: Toxic Debris
|-sidestart|p2: Eat uranium|move: Toxic Spikes
|faint|p1a: Glimmora
|
|upkeep
|
|t:|1760847299
|switch|p1a: Ogerpon|Ogerpon-Wellspring, F|100/100
|turn|2
|
|t:|1760847303
|-end|p2a: Iron Treads|Quark Drive|[silent]
|switch|p2a: Toxicroak|Toxicroak, F|100/100
|-sideend|p2: Eat uranium|move: Toxic Spikes|[of] p2a: Toxicroak
|move|p1a: Ogerpon|U-turn|p2a: Toxicroak
|-resisted|p2a: Toxicroak
|-damage|p2a: Toxicroak|94/100
|-damage|p1a: Ogerpon|84/100|[from] item: Rocky Helmet|[of] p2a: Toxicroak
|
|t:|1760847306
|switch|p1a: Blaziken|Blaziken, M, shiny|100/100|[from] U-turn
|
|upkeep
|turn|3
|
|t:|1760847315
|move|p1a: Blaziken|Knock Off|p2a: Toxicroak
|-resisted|p2a: Toxicroak
|-damage|p2a: Toxicroak|73/100
|-damage|p1a: Blaziken|84/100|[from] item: Rocky Helmet|[of] p2a: Toxicroak
|-enditem|p2a: Toxicroak|Rocky Helmet|[from] move: Knock Off|[of] p1a: Blaziken
|-damage|p1a: Blaziken|74/100|[from] item: Life Orb
|move|p2a: Toxicroak|Encore|p1a: Blaziken
|-start|p1a: Blaziken|Encore
|
|-ability|p1a: Blaziken|Speed Boost|boost
|-boost|p1a: Blaziken|spe|1
|upkeep
|turn|4
|
|t:|1760847334
|switch|p1a: Dragapult|Dragapult, M, shiny|100/100
|switch|p2a: Pelipper|Pelipper, F|100/100
|-weather|RainDance|[from] ability: Drizzle|[of] p2a: Pelipper
|
|-weather|RainDance|[upkeep]
|upkeep
|turn|5
|
|t:|1760847341
|move|p1a: Dragapult|Shadow Ball|p2a: Pelipper
|-damage|p2a: Pelipper|58/100
|-damage|p1a: Dragapult|91/100|[from] item: Life Orb
|move|p2a: Pelipper|U-turn|p1a: Dragapult
|-resisted|p1a: Dragapult
|-damage|p1a: Dragapult|84/100
|
|t:|1760847346
|switch|p2a: Barraskewda|Barraskewda, F|100/100|[from] U-turn
|
|-weather|RainDance|[upkeep]
|upkeep
|turn|6
|
|t:|1760847359
|switch|p1a: Ogerpon|Ogerpon-Wellspring, F|84/100
|-terastallize|p2a: Barraskewda|Water
|move|p2a: Barraskewda|Liquidation|p1a: Ogerpon
|-heal|p1a: Ogerpon|100/100|[from] ability: Water Absorb|[of] p2a: Barraskewda
|
|-weather|RainDance|[upkeep]
|upkeep
|turn|7
|
|t:|1760847364
|switch|p2a: Toxicroak|Toxicroak, F|73/100
|move|p1a: Ogerpon|U-turn|p2a: Toxicroak
|-resisted|p2a: Toxicroak
|-damage|p2a: Toxicroak|67/100
|
|t:|1760847370
|switch|p1a: Kingambit|Kingambit, M, shiny|100/100|[from] U-turn
|-activate|p1a: Kingambit|ability: Supreme Overlord
|-start|p1a: Kingambit|fallen1|[silent]
|
|-weather|RainDance|[upkeep]
|-heal|p2a: Toxicroak|80/100|[from] ability: Dry Skin
|upkeep
|turn|8
|
|t:|1760847376
|-end|p1a: Kingambit|fallen1|[silent]
|switch|p1a: Dragapult|Dragapult, M, shiny|84/100
|move|p2a: Toxicroak|Drain Punch|p1a: Dragapult
|-immune|p1a: Dragapult
|
|-weather|RainDance|[upkeep]
|-heal|p2a: Toxicroak|92/100|[from] ability: Dry Skin
|upkeep
|turn|9
|
|t:|1760847386
|move|p1a: Dragapult|Draco Meteor|p2a: Toxicroak
|-damage|p2a: Toxicroak|3/100
|-unboost|p1a: Dragapult|spa|2
|-damage|p1a: Dragapult|75/100|[from] item: Life Orb
|move|p2a: Toxicroak|Knock Off|p1a: Dragapult
|-supereffective|p1a: Dragapult
|-damage|p1a: Dragapult|15/100
|-enditem|p1a: Dragapult|Life Orb|[from] move: Knock Off|[of] p2a: Toxicroak
|
|-weather|RainDance|[upkeep]
|-heal|p2a: Toxicroak|16/100|[from] ability: Dry Skin
|upkeep
|turn|10
|
|t:|1760847397
|switch|p2a: Ogerpon|Ogerpon-Wellspring, F|100/100
|move|p1a: Dragapult|Dragon Darts|p2a: Ogerpon
|-damage|p2a: Ogerpon|72/100
|-anim|p1a: Dragapult|Dragon Darts|p2a: Ogerpon
|-damage|p2a: Ogerpon|47/100
|
|-weather|RainDance|[upkeep]
|upkeep
|turn|11
|
|t:|1760847416
|switch|p2a: Iron Treads|Iron Treads|100/100
|move|p1a: Dragapult|Dragon Darts|p2a: Iron Treads
|-resisted|p2a: Iron Treads
|-damage|p2a: Iron Treads|93/100
|-anim|p1a: Dragapult|Dragon Darts|p2a: Iron Treads
|-resisted|p2a: Iron Treads
|-damage|p2a: Iron Treads|84/100
|
|-weather|none
|-heal|p2a: Iron Treads|90/100|[from] item: Leftovers
|upkeep
|turn|12
|
|t:|1760847429
|move|p1a: Dragapult|Flamethrower|p2a: Iron Treads
|-supereffective|p2a: Iron Treads
|-damage|p2a: Iron Treads|68/100
|-status|p2a: Iron Treads|brn
|move|p2a: Iron Treads|Earthquake|p1a: Dragapult
|-damage|p1a: Dragapult|0 fnt
|faint|p1a: Dragapult
|
|-heal|p2a: Iron Treads|74/100 brn|[from] item: Leftovers
|-damage|p2a: Iron Treads|68/100 brn|[from] brn
|upkeep
|
|t:|1760847436
|switch|p1a: Ogerpon|Ogerpon-Wellspring, F|100/100
|turn|13
|
|t:|1760847457
|move|p1a: Ogerpon|U-turn|p2a: Iron Treads
|-resisted|p2a: Iron Treads
|-damage|p2a: Iron Treads|57/100 brn
|
|t:|1760847463
|switch|p1a: Comfey|Comfey, M, shiny|100/100|[from] U-turn
|move|p2a: Iron Treads|Stealth Rock|p1a: Comfey
|-sidestart|p1: kate10956|move: Stealth Rock
|
|-heal|p2a: Iron Treads|63/100 brn|[from] item: Leftovers
|-damage|p2a: Iron Treads|57/100 brn|[from] brn
|upkeep
|turn|14
|
|t:|1760847471
|-end|p2a: Iron Treads|Quark Drive|[silent]
|switch|p2a: Pelipper|Pelipper, F|58/100
|-weather|RainDance|[from] ability: Drizzle|[of] p2a: Pelipper
|move|p1a: Comfey|Calm Mind|p1a: Comfey
|-boost|p1a: Comfey|spa|1
|-boost|p1a: Comfey|spd|1
|
|-weather|RainDance|[upkeep]
|upkeep
|turn|15
|
|t:|1760847479
|move|p1a: Comfey|Substitute|p1a: Comfey
|-start|p1a: Comfey|Substitute
|-damage|p1a: Comfey|76/100
|move|p2a: Pelipper|U-turn|p1a: Comfey
|-resisted|p1a: Comfey
|-activate|p1a: Comfey|move: Substitute|[damage]
|
|t:|1760847493
|switch|p2a: Zapdos|Zapdos|100/100|[from] U-turn
|
|-weather|RainDance|[upkeep]
|upkeep
|turn|16
|
|t:|1760847501
|move|p2a: Zapdos|Hurricane|p1a: Comfey
|-end|p1a: Comfey|Substitute
|move|p1a: Comfey|Calm Mind|p1a: Comfey
|-boost|p1a: Comfey|spa|1
|-boost|p1a: Comfey|spd|1
|
|-weather|RainDance|[upkeep]
|upkeep
|turn|17
|
|t:|1760847508
|move|p1a: Comfey|Draining Kiss|p2a: Zapdos
|-damage|p2a: Zapdos|34/100
|-heal|p1a: Comfey|100/100|[from] drain|[of] p2a: Zapdos
|-damage|p1a: Comfey|91/100|[from] item: Life Orb
|move|p2a: Zapdos|Hurricane|p1a: Comfey
|-damage|p1a: Comfey|51/100
|
|-weather|RainDance|[upkeep]
|upkeep
|turn|18
|
|t:|1760847522
|move|p2a: Zapdos|Hurricane|p1a: Comfey
|-damage|p1a: Comfey|12/100
|-start|p1a: Comfey|confusion
|-activate|p1a: Comfey|confusion
|-damage|p1a: Comfey|5/100|[from] confusion
|
|-weather|RainDance|[upkeep]
|upkeep
|turn|19
|
|t:|1760847532
|-activate|p1a: Comfey|confusion
|move|p1a: Comfey|Draining Kiss|p2a: Zapdos
|-damage|p2a: Zapdos|0 fnt
|-heal|p1a: Comfey|32/100|[from] drain|[of] p2a: Zapdos
|-status|p1a: Comfey|par|[from] ability: Static|[of] p2a: Zapdos
|faint|p2a: Zapdos
|-damage|p1a: Comfey|22/100 par|[from] item: Life Orb
|
|-weather|RainDance|[upkeep]
|upkeep
|
|t:|1760847541
|switch|p2a: Barraskewda|Barraskewda, F, tera:Water|100/100
|turn|20
|
|t:|1760847551
|-activate|p1a: Comfey|confusion
|move|p1a: Comfey|Draining Kiss|p2a: Barraskewda
|-damage|p2a: Barraskewda|0 fnt
|-heal|p1a: Comfey|87/100 par|[from] drain|[of] p2a: Barraskewda
|faint|p2a: Barraskewda
|-damage|p1a: Comfey|77/100 par|[from] item: Life Orb
|
|-weather|RainDance|[upkeep]
|upkeep
|c|☆Eat uranium|Bro I forgot about triage
|c|☆Eat uranium|damn
|
|t:|1760847572
|switch|p2a: Ogerpon|Ogerpon-Wellspring, F|47/100
|turn|21
|inactive|kate10956 has 120 seconds left.
|
|t:|1760847603
|-end|p1a: Comfey|confusion
|move|p1a: Comfey|Draining Kiss|p2a: Ogerpon
|-damage|p2a: Ogerpon|0 fnt
|-heal|p1a: Comfey|100/100 par|[from] drain|[of] p2a: Ogerpon
|faint|p2a: Ogerpon
|-damage|p1a: Comfey|91/100 par|[from] item: Life Orb
|
|-weather|none
|upkeep
|-message|Eat uranium forfeited.
|
|win|kate10956
|raw|kate10956's rating: 1245 &rarr; <strong>1275</strong><br />(+30 for winning)
|raw|Eat uranium's rating: 1322 &rarr; <strong>1298</strong><br />(-24 for losing)
|l|☆Eat uranium
|player|p2|
|l|☆kate10956
|player|p1|
