|j|☆DYS0N
|j|☆imprisonpaulgeorge
|t:|1760725310
|gametype|singles
|player|p1|DYS0N|volkner|1491
|player|p2|imprisonpaulgeorge|169|1431
|gen|9
|tier|[Gen 9] OU
|rated|
|rule|HP Percentage Mod: HP is shown in percentages
|rule|Endless Battle Clause: Forcing endless battles is banned
|rule|Species Clause: Limit one of each Pokémon
|rule|OHKO Clause: OHKO moves are banned
|rule|Evasion Items Clause: Evasion items are banned
|rule|Evasion Moves Clause: Evasion moves are banned
|rule|Evasion Abilities Clause: Evasion abilities are banned
|rule|Sleep Moves Clause: Sleep-inducing moves are banned
|clearpoke
|poke|p1|Landorus-Therian, M|
|poke|p1|Ceruledge, M|
|poke|p1|Ogerpon-Wellspring, F|
|poke|p1|Excadrill, M|
|poke|p1|Deoxys-Speed|
|poke|p1|Iron Valiant|
|poke|p2|Ting-Lu|
|poke|p2|Gliscor, F|
|poke|p2|Sinistcha-Masterpiece|
|poke|p2|Keldeo|
|poke|p2|Tinkaton, F|
|poke|p2|Dragonite, M|
|teampreview
|
|t:|1760725339
|teamsize|p1|6
|teamsize|p2|6
|start
|switch|p1a: Deoxys|Deoxys-Speed, shiny|100/100
|switch|p2a: Tinkki Minaj|Tinkaton, F|100/100
|-ability|p1a: Deoxys|Pressure
|-ability|p2a: Tinkki Minaj|Mold Breaker
|-item|p2a: Tinkki Minaj|Air Balloon
|turn|1
|inactive|Battle timer is ON: inactive players will automatically lose when time's up. (requested by imprisonpaulgeorge)
|
|t:|1760725348
|move|p1a: Deoxys|Taunt|p2a: Tinkki Minaj
|-start|p2a: Tinkki Minaj|move: Taunt
|cant|p2a: Tinkki Minaj|move: Taunt|Stealth Rock
|
|upkeep
|turn|2
|
|t:|1760725357
|move|p1a: Deoxys|Psycho Boost|p2a: Tinkki Minaj
|-resisted|p2a: Tinkki Minaj
|-damage|p2a: Tinkki Minaj|80/100
|-unboost|p1a: Deoxys|spa|2
|-enditem|p2a: Tinkki Minaj|Air Balloon
|move|p2a: Tinkki Minaj|Gigaton Hammer|p1a: Deoxys
|-damage|p1a: Deoxys|53/100
|
|upkeep
|turn|3
|
|t:|1760725375
|switch|p2a: Jarhead|Ting-Lu|100/100
|-ability|p2a: Jarhead|Vessel of Ruin
|move|p1a: Deoxys|Light Screen|p1a: Deoxys
|-sidestart|p1: DYS0N|move: Light Screen
|
|upkeep
|turn|4
|
|t:|1760725379
|move|p1a: Deoxys|Taunt|p2a: Jarhead
|-start|p2a: Jarhead|move: Taunt
|move|p2a: Jarhead|Ruination|p1a: Deoxys
|-damage|p1a: Deoxys|27/100
|
|upkeep
|turn|5
|
|t:|1760725385
|switch|p1a: Ogerpon|Ogerpon-Wellspring, F|100/100
|move|p2a: Jarhead|Ruination|p1a: Ogerpon
|-damage|p1a: Ogerpon|50/100
|
|upkeep
|turn|6
|
|t:|1760725389
|switch|p2a: Tchavis Scott|Sinistcha-Masterpiece|100/100
|move|p1a: Ogerpon|Knock Off|p2a: Tchavis Scott
|-supereffective|p2a: Tchavis Scott
|-damage|p2a: Tchavis Scott|52/100
|-enditem|p2a: Tchavis Scott|Heavy-Duty Boots|[from] move: Knock Off|[of] p1a: Ogerpon
|
|upkeep
|turn|7
|
|t:|1760725393
|move|p1a: Ogerpon|Spikes|p2a: Tchavis Scott
|-sidestart|p2: imprisonpaulgeorge|Spikes
|move|p2a: Tchavis Scott|Strength Sap|p1a: Ogerpon
|-unboost|p1a: Ogerpon|atk|1
|-heal|p2a: Tchavis Scott|100/100
|
|upkeep
|turn|8
|
|t:|1760725397
|move|p1a: Ogerpon|Synthesis|p1a: Ogerpon
|-heal|p1a: Ogerpon|100/100
|move|p2a: Tchavis Scott|Calm Mind|p2a: Tchavis Scott
|-boost|p2a: Tchavis Scott|spa|1
|-boost|p2a: Tchavis Scott|spd|1
|
|upkeep
|turn|9
|
|t:|1760725405
|switch|p1a: Ceruledge|Ceruledge, M|100/100
|move|p2a: Tchavis Scott|Calm Mind|p2a: Tchavis Scott
|-boost|p2a: Tchavis Scott|spa|1
|-boost|p2a: Tchavis Scott|spd|1
|
|upkeep
|turn|10
|
|t:|1760725414
|-terastallize|p2a: Tchavis Scott|Poison
|move|p1a: Ceruledge|Poltergeist||[still]
|-fail|p1a: Ceruledge
|move|p2a: Tchavis Scott|Calm Mind|p2a: Tchavis Scott
|-boost|p2a: Tchavis Scott|spa|1
|-boost|p2a: Tchavis Scott|spd|1
|
|-sideend|p1: DYS0N|move: Light Screen
|upkeep
|turn|11
|
|t:|1760725424
|move|p1a: Ceruledge|Swords Dance|p1a: Ceruledge
|-boost|p1a: Ceruledge|atk|2
|move|p2a: Tchavis Scott|Shadow Ball|p1a: Ceruledge
|-supereffective|p1a: Ceruledge
|-enditem|p1a: Ceruledge|Focus Sash
|-damage|p1a: Ceruledge|1/100
|
|upkeep
|turn|12
|
|t:|1760725432
|move|p1a: Ceruledge|Swords Dance|p1a: Ceruledge
|-boost|p1a: Ceruledge|atk|2
|move|p2a: Tchavis Scott|Strength Sap|p1a: Ceruledge
|-unboost|p1a: Ceruledge|atk|1
|
|upkeep
|turn|13
|
|t:|1760725437
|move|p1a: Ceruledge|Bitter Blade|p2a: Tchavis Scott
|-damage|p2a: Tchavis Scott|55/100
|-heal|p1a: Ceruledge|26/100|[from] drain|[of] p2a: Tchavis Scott
|move|p2a: Tchavis Scott|Shadow Ball|p1a: Ceruledge
|-supereffective|p1a: Ceruledge
|-damage|p1a: Ceruledge|0 fnt
|faint|p1a: Ceruledge
|
|upkeep
|
|t:|1760725450
|switch|p1a: Landorus|Landorus-Therian, M|100/100
|-ability|p1a: Landorus|Intimidate|boost
|-unboost|p2a: Tchavis Scott|atk|1
|turn|14
|
|t:|1760725454
|switch|p2a: Secret Service|Dragonite, M|100/100
|move|p1a: Landorus|Earthquake|p2a: Secret Service
|-immune|p2a: Secret Service
|
|upkeep
|turn|15
|
|t:|1760725461
|switch|p1a: Deoxys|Deoxys-Speed, shiny|27/100
|-ability|p1a: Deoxys|Pressure
|switch|p2a: Tinkki Minaj|Tinkaton, F|80/100
|-damage|p2a: Tinkki Minaj|68/100|[from] Spikes
|-ability|p2a: Tinkki Minaj|Mold Breaker
|
|upkeep
|turn|16
|
|t:|1760725467
|move|p1a: Deoxys|Reflect|p1a: Deoxys
|-sidestart|p1: DYS0N|Reflect
|move|p2a: Tinkki Minaj|Gigaton Hammer|p1a: Deoxys
|-damage|p1a: Deoxys|3/100
|
|upkeep
|turn|17
|
|t:|1760725471
|move|p1a: Deoxys|Taunt|p2a: Tinkki Minaj
|-start|p2a: Tinkki Minaj|move: Taunt
|cant|p2a: Tinkki Minaj|move: Taunt|Stealth Rock
|
|upkeep
|turn|18
|
|t:|1760725479
|switch|p2a: Jarhead|Ting-Lu|100/100
|-damage|p2a: Jarhead|88/100|[from] Spikes
|-ability|p2a: Jarhead|Vessel of Ruin
|move|p1a: Deoxys|Psycho Boost|p2a: Jarhead
|-immune|p2a: Jarhead
|
|-heal|p2a: Jarhead|94/100|[from] item: Leftovers
|upkeep
|turn|19
|
|t:|1760725489
|switch|p1a: Landorus|Landorus-Therian, M|100/100
|-ability|p1a: Landorus|Intimidate|boost
|-unboost|p2a: Jarhead|atk|1
|move|p2a: Jarhead|Ruination|p1a: Landorus
|-damage|p1a: Landorus|51/100
|
|-heal|p2a: Jarhead|100/100|[from] item: Leftovers
|upkeep
|turn|20
|
|t:|1760725502
|move|p1a: Landorus|Stealth Rock|p2a: Jarhead
|-sidestart|p2: imprisonpaulgeorge|move: Stealth Rock
|move|p2a: Jarhead|Spikes|p1a: Landorus
|-sidestart|p1: DYS0N|Spikes
|
|upkeep
|turn|21
|
|t:|1760725509
|switch|p1a: Ogerpon|Ogerpon-Wellspring, F|100/100
|-damage|p1a: Ogerpon|88/100|[from] Spikes
|move|p2a: Jarhead|Spikes|p1a: Ogerpon
|-sidestart|p1: DYS0N|Spikes
|
|upkeep
|turn|22
|
|t:|1760725521
|switch|p2a: Tinkki Minaj|Tinkaton, F|68/100
|-damage|p2a: Tinkki Minaj|56/100|[from] Spikes
|-damage|p2a: Tinkki Minaj|50/100|[from] Stealth Rock
|-ability|p2a: Tinkki Minaj|Mold Breaker
|move|p1a: Ogerpon|Ivy Cudgel|p2a: Tinkki Minaj|[anim] Ivy Cudgel Water
|-damage|p2a: Tinkki Minaj|0 fnt
|faint|p2a: Tinkki Minaj
|
|upkeep
|
|t:|1760725528
|switch|p2a: Secret Service|Dragonite, M|100/100
|turn|23
|
|t:|1760725535
|move|p2a: Secret Service|Extreme Speed|p1a: Ogerpon
|-damage|p1a: Ogerpon|71/100
|move|p1a: Ogerpon|Knock Off|p2a: Secret Service
|-damage|p2a: Secret Service|84/100
|-enditem|p2a: Secret Service|Heavy-Duty Boots|[from] move: Knock Off|[of] p1a: Ogerpon
|
|-sideend|p1: DYS0N|Reflect
|upkeep
|turn|24
|
|t:|1760725540
|switch|p1a: Deoxys|Deoxys-Speed, shiny|3/100
|-damage|p1a: Deoxys|0 fnt|[from] Spikes
|faint|p1a: Deoxys
|move|p2a: Secret Service|Roost|p2a: Secret Service
|-heal|p2a: Secret Service|100/100
|-singleturn|p2a: Secret Service|move: Roost
|
|upkeep
|
|t:|1760725546
|switch|p1a: Landorus|Landorus-Therian, M|51/100
|-ability|p1a: Landorus|Intimidate|boost
|-unboost|p2a: Secret Service|atk|1
|turn|25
|
|t:|1760725552
|move|p1a: Landorus|Stone Edge|p2a: Secret Service
|-supereffective|p2a: Secret Service
|-damage|p2a: Secret Service|66/100
|move|p2a: Secret Service|Dragon Tail|p1a: Landorus
|-damage|p1a: Landorus|24/100
|drag|p1a: Ogerpon|Ogerpon-Wellspring, F|71/100
|-damage|p1a: Ogerpon|54/100|[from] Spikes
|
|upkeep
|turn|26
|
|t:|1760725558
|move|p1a: Ogerpon|Synthesis|p1a: Ogerpon
|-heal|p1a: Ogerpon|100/100
|move|p2a: Secret Service|Roost|p2a: Secret Service
|-heal|p2a: Secret Service|100/100
|-singleturn|p2a: Secret Service|move: Roost
|
|upkeep
|turn|27
|
|t:|1760725561
|move|p1a: Ogerpon|Spikes|p2a: Secret Service
|-sidestart|p2: imprisonpaulgeorge|Spikes
|move|p2a: Secret Service|Dragon Tail|p1a: Ogerpon
|-damage|p1a: Ogerpon|74/100
|drag|p1a: Landorus|Landorus-Therian, M|24/100
|-ability|p1a: Landorus|Intimidate|boost
|-unboost|p2a: Secret Service|atk|1
|
|upkeep
|turn|28
|
|t:|1760725567
|move|p1a: Landorus|Stone Edge|p2a: Secret Service
|-supereffective|p2a: Secret Service
|-damage|p2a: Secret Service|60/100
|move|p2a: Secret Service|Roost|p2a: Secret Service
|-heal|p2a: Secret Service|100/100
|-singleturn|p2a: Secret Service|move: Roost
|
|upkeep
|turn|29
|
|t:|1760725569
|move|p2a: Secret Service|Extreme Speed|p1a: Landorus
|-damage|p1a: Landorus|5/100
|move|p1a: Landorus|Stone Edge|p2a: Secret Service
|-supereffective|p2a: Secret Service
|-damage|p2a: Secret Service|65/100
|
|upkeep
|turn|30
|
|t:|1760725577
|move|p2a: Secret Service|Extreme Speed|p1a: Landorus
|-damage|p1a: Landorus|0 fnt
|faint|p1a: Landorus
|
|upkeep
|
|t:|1760725579
|switch|p1a: Excadrill|Excadrill, M|100/100
|-ability|p1a: Excadrill|Mold Breaker
|turn|31
|
|t:|1760725584
|switch|p2a: My Little Pwny|Keldeo|100/100
|move|p1a: Excadrill|Rapid Spin|p2a: My Little Pwny
|-damage|p2a: My Little Pwny|78/100
|-boost|p1a: Excadrill|spe|1
|-sideend|p1: DYS0N|Spikes|[from] move: Rapid Spin|[of] p1a: Excadrill
|
|upkeep
|turn|32
|
|t:|1760725588
|-terastallize|p1a: Excadrill|Steel
|move|p1a: Excadrill|Swords Dance|p1a: Excadrill
|-boost|p1a: Excadrill|atk|2
|move|p2a: My Little Pwny|Aura Sphere|p1a: Excadrill
|-supereffective|p1a: Excadrill
|-damage|p1a: Excadrill|0 fnt
|faint|p1a: Excadrill
|
|upkeep
|
|t:|1760725603
|switch|p1a: Ogerpon|Ogerpon-Wellspring, F|74/100
|turn|33
|
|t:|1760725609
|move|p2a: My Little Pwny|Aura Sphere|p1a: Ogerpon
|-damage|p1a: Ogerpon|37/100
|move|p1a: Ogerpon|Ivy Cudgel|p2a: My Little Pwny|[anim] Ivy Cudgel Water
|-resisted|p2a: My Little Pwny
|-damage|p2a: My Little Pwny|50/100
|
|upkeep
|turn|34
|
|t:|1760725614
|move|p2a: My Little Pwny|Aura Sphere|p1a: Ogerpon
|-damage|p1a: Ogerpon|2/100
|move|p1a: Ogerpon|Synthesis|p1a: Ogerpon
|-heal|p1a: Ogerpon|52/100
|
|upkeep
|turn|35
|
|t:|1760725619
|switch|p2a: Secret Service|Dragonite, M|65/100
|-damage|p2a: Secret Service|40/100|[from] Stealth Rock
|move|p1a: Ogerpon|Synthesis|p1a: Ogerpon
|-heal|p1a: Ogerpon|100/100
|
|upkeep
|turn|36
|
|t:|1760725624
|move|p1a: Ogerpon|Spikes|p2a: Secret Service
|-sidestart|p2: imprisonpaulgeorge|Spikes
|move|p2a: Secret Service|Roost|p2a: Secret Service
|-heal|p2a: Secret Service|90/100
|-singleturn|p2a: Secret Service|move: Roost
|
|upkeep
|turn|37
|
|t:|1760725627
|move|p1a: Ogerpon|Ivy Cudgel|p2a: Secret Service|[anim] Ivy Cudgel Water
|-resisted|p2a: Secret Service
|-crit|p2a: Secret Service
|-damage|p2a: Secret Service|56/100
|move|p2a: Secret Service|Roost|p2a: Secret Service
|-heal|p2a: Secret Service|100/100
|-singleturn|p2a: Secret Service|move: Roost
|
|upkeep
|turn|38
|
|t:|1760725631
|move|p2a: Secret Service|Extreme Speed|p1a: Ogerpon
|-damage|p1a: Ogerpon|66/100
|move|p1a: Ogerpon|Ivy Cudgel|p2a: Secret Service|[anim] Ivy Cudgel Water
|-resisted|p2a: Secret Service
|-damage|p2a: Secret Service|90/100
|
|upkeep
|turn|39
|
|t:|1760725641
|move|p1a: Ogerpon|Synthesis|p1a: Ogerpon
|-heal|p1a: Ogerpon|100/100
|move|p2a: Secret Service|Dragon Tail|p1a: Ogerpon
|-damage|p1a: Ogerpon|65/100
|drag|p1a: Iron Valiant|Iron Valiant|100/100
|-enditem|p1a: Iron Valiant|Booster Energy
|-activate|p1a: Iron Valiant|ability: Quark Drive|[fromitem]
|-start|p1a: Iron Valiant|quarkdrivespa
|
|upkeep
|turn|40
|
|t:|1760725644
|move|p2a: Secret Service|Extreme Speed|p1a: Iron Valiant
|-damage|p1a: Iron Valiant|60/100
|move|p1a: Iron Valiant|Moonblast|p2a: Secret Service
|-supereffective|p2a: Secret Service
|-damage|p2a: Secret Service|0 fnt
|faint|p2a: Secret Service
|
|upkeep
|
|t:|1760725649
|switch|p2a: Dance Armstrong|Gliscor, F|100/100
|-damage|p2a: Dance Armstrong|88/100|[from] Stealth Rock
|turn|41
|
|t:|1760725668
|move|p2a: Dance Armstrong|Protect|p2a: Dance Armstrong
|-singleturn|p2a: Dance Armstrong|Protect
|move|p1a: Iron Valiant|Moonblast|p2a: Dance Armstrong
|-activate|p2a: Dance Armstrong|move: Protect
|
|-status|p2a: Dance Armstrong|tox|[from] item: Toxic Orb
|upkeep
|turn|42
|-message|imprisonpaulgeorge forfeited.
|
|win|DYS0N
|raw|DYS0N's rating: 1491 &rarr; <strong>1508</strong><br />(+17 for winning)
|raw|imprisonpaulgeorge's rating: 1431 &rarr; <strong>1414</strong><br />(-17 for losing)
|l|☆imprisonpaulgeorge
|player|p2|
|l|☆DYS0N
|player|p1|
