|j|☆biohazard23ab
|j|☆Kilobyt3
|t:|1760747643
|gametype|singles
|player|p1|biohazard23ab|aaron|1101
|player|p2|Kilobyt3|lucas-gen4pt|1042
|gen|9
|tier|[Gen 9] OU
|rated|
|rule|HP Percentage Mod: HP is shown in percentages
|rule|Endless Battle Clause: Forcing endless battles is banned
|rule|Species Clause: Limit one of each Pokémon
|rule|OHKO Clause: OHKO moves are banned
|rule|Evasion Items Clause: Evasion items are banned
|rule|Evasion Moves Clause: Evasion moves are banned
|rule|Evasion Abilities Clause: Evasion abilities are banned
|rule|Sleep Moves Clause: Sleep-inducing moves are banned
|clearpoke
|poke|p1|Mudsdale, F|
|poke|p1|Gyarados, F|
|poke|p1|Delphox, F|
|poke|p1|Frosmoth, M|
|poke|p1|Azumarill, M|
|poke|p1|Cyclizar, M|
|poke|p2|Deoxys-Defense|
|poke|p2|Jirachi|
|poke|p2|Dunsparce, M|
|poke|p2|Sawsbuck-Winter, M|
|teampreview
|
|t:|1760747659
|teamsize|p1|6
|teamsize|p2|4
|start
|switch|p1a: Azumarill|Azumarill, M|100/100
|switch|p2a: Deoxys|Deoxys-Defense|100/100
|-ability|p2a: Deoxys|Pressure
|turn|1
|
|t:|1760747667
|switch|p2a: Sawsbuck|Sawsbuck-Winter, M|100/100
|move|p1a: Azumarill|Belly Drum|p1a: Azumarill
|-damage|p1a: Azumarill|50/100
|-setboost|p1a: Azumarill|atk|6|[from] move: Belly Drum
|-enditem|p1a: Azumarill|Sitrus Berry|[eat]
|-heal|p1a: Azumarill|75/100|[from] item: Sitrus Berry
|
|upkeep
|turn|2
|
|t:|1760747679
|move|p2a: Sawsbuck|Body Slam|p1a: Azumarill
|-damage|p1a: Azumarill|40/100
|move|p1a: Azumarill|Play Rough|p2a: Sawsbuck
|-damage|p2a: Sawsbuck|0 fnt
|faint|p2a: Sawsbuck
|
|upkeep
|
|t:|1760747687
|switch|p2a: Jirachi|Jirachi, shiny|100/100
|turn|3
|
|t:|1760747690
|move|p1a: Azumarill|Aqua Jet|p2a: Jirachi
|-damage|p2a: Jirachi|22/100
|move|p2a: Jirachi|Body Slam|p1a: Azumarill
|-damage|p1a: Azumarill|19/100
|-status|p1a: Azumarill|par
|
|upkeep
|turn|4
|
|t:|1760747699
|move|p1a: Azumarill|Aqua Jet|p2a: Jirachi
|-damage|p2a: Jirachi|0 fnt
|faint|p2a: Jirachi
|
|upkeep
|
|t:|1760747703
|switch|p2a: Dunsparce|Dunsparce, M|100/100
|turn|5
|
|t:|1760747707
|cant|p1a: Azumarill|par
|move|p2a: Dunsparce|Ancient Power|p1a: Azumarill
|-damage|p1a: Azumarill|8/100 par
|
|upkeep
|turn|6
|
|t:|1760747713
|cant|p1a: Azumarill|par
|move|p2a: Dunsparce|Ancient Power|p1a: Azumarill
|-damage|p1a: Azumarill|0 fnt
|faint|p1a: Azumarill
|
|upkeep
|
|t:|1760747722
|switch|p1a: Frosmoth|Frosmoth, M, shiny|100/100
|turn|7
|
|t:|1760747725
|move|p1a: Frosmoth|Ice Beam|p2a: Dunsparce
|-damage|p2a: Dunsparce|61/100
|move|p2a: Dunsparce|Ancient Power|p1a: Frosmoth
|-supereffective|p1a: Frosmoth
|-damage|p1a: Frosmoth|69/100
|
|upkeep
|turn|8
|
|t:|1760747734
|move|p1a: Frosmoth|Bug Buzz|p2a: Dunsparce
|-damage|p2a: Dunsparce|22/100
|move|p2a: Dunsparce|Ancient Power|p1a: Frosmoth
|-supereffective|p1a: Frosmoth
|-damage|p1a: Frosmoth|40/100
|
|upkeep
|turn|9
|
|t:|1760747741
|move|p1a: Frosmoth|Giga Drain|p2a: Dunsparce
|-damage|p2a: Dunsparce|0 fnt
|-heal|p1a: Frosmoth|54/100|[from] drain|[of] p2a: Dunsparce
|faint|p2a: Dunsparce
|
|upkeep
|
|t:|1760747745
|switch|p2a: Deoxys|Deoxys-Defense|100/100
|-ability|p2a: Deoxys|Pressure
|turn|10
|
|t:|1760747749
|move|p2a: Deoxys|Cosmic Power|p2a: Deoxys
|-boost|p2a: Deoxys|def|1
|-boost|p2a: Deoxys|spd|1
|move|p1a: Frosmoth|Ice Beam|p2a: Deoxys
|-damage|p2a: Deoxys|78/100
|
|-heal|p2a: Deoxys|85/100|[from] item: Leftovers
|upkeep
|turn|11
|
|t:|1760747759
|move|p2a: Deoxys|Cosmic Power|p2a: Deoxys
|-boost|p2a: Deoxys|def|1
|-boost|p2a: Deoxys|spd|1
|move|p1a: Frosmoth|Giga Drain|p2a: Deoxys
|-damage|p2a: Deoxys|75/100
|-heal|p1a: Frosmoth|60/100|[from] drain|[of] p2a: Deoxys
|
|-heal|p2a: Deoxys|81/100|[from] item: Leftovers
|upkeep
|turn|12
|
|t:|1760747768
|move|p2a: Deoxys|Cosmic Power|p2a: Deoxys
|-boost|p2a: Deoxys|def|1
|-boost|p2a: Deoxys|spd|1
|move|p1a: Frosmoth|Ice Beam|p2a: Deoxys
|-damage|p2a: Deoxys|67/100
|
|-heal|p2a: Deoxys|74/100|[from] item: Leftovers
|upkeep
|turn|13
|
|t:|1760747780
|move|p2a: Deoxys|Cosmic Power|p2a: Deoxys
|-boost|p2a: Deoxys|def|1
|-boost|p2a: Deoxys|spd|1
|move|p1a: Frosmoth|Ice Beam|p2a: Deoxys
|-damage|p2a: Deoxys|63/100
|
|-heal|p2a: Deoxys|69/100|[from] item: Leftovers
|upkeep
|turn|14
|
|t:|1760747789
|move|p2a: Deoxys|Cosmic Power|p2a: Deoxys
|-boost|p2a: Deoxys|def|1
|-boost|p2a: Deoxys|spd|1
|move|p1a: Frosmoth|Ice Beam|p2a: Deoxys
|-damage|p2a: Deoxys|59/100
|
|-heal|p2a: Deoxys|65/100|[from] item: Leftovers
|upkeep
|turn|15
|inactive|Battle timer is ON: inactive players will automatically lose when time's up. (requested by biohazard23ab)
|
|t:|1760747799
|move|p2a: Deoxys|Cosmic Power|p2a: Deoxys
|-boost|p2a: Deoxys|def|1
|-boost|p2a: Deoxys|spd|1
|move|p1a: Frosmoth|Ice Beam|p2a: Deoxys
|-damage|p2a: Deoxys|57/100
|
|-heal|p2a: Deoxys|63/100|[from] item: Leftovers
|upkeep
|turn|16
|
|t:|1760747807
|move|p2a: Deoxys|Substitute|p2a: Deoxys
|-start|p2a: Deoxys|Substitute
|-damage|p2a: Deoxys|38/100
|move|p1a: Frosmoth|Ice Beam|p2a: Deoxys
|-activate|p2a: Deoxys|move: Substitute|[damage]
|
|-heal|p2a: Deoxys|45/100|[from] item: Leftovers
|upkeep
|turn|17
|
|t:|1760747820
|move|p2a: Deoxys|Rest|p2a: Deoxys
|-status|p2a: Deoxys|slp|[from] move: Rest
|-heal|p2a: Deoxys|100/100 slp|[silent]
|move|p1a: Frosmoth|Ice Beam|p2a: Deoxys
|-activate|p2a: Deoxys|move: Substitute|[damage]
|
|upkeep
|turn|18
|
|t:|1760747835
|switch|p1a: Gyarados|Gyarados, F, shiny|100/100
|-ability|p1a: Gyarados|Intimidate|boost
|-immune|p2a: Deoxys
|cant|p2a: Deoxys|slp
|
|upkeep
|turn|19
|
|t:|1760747844
|cant|p2a: Deoxys|slp
|move|p1a: Gyarados|Crunch|p2a: Deoxys
|-supereffective|p2a: Deoxys
|-end|p2a: Deoxys|Substitute
|
|upkeep
|turn|20
|
|t:|1760747851
|-curestatus|p2a: Deoxys|slp|[msg]
|move|p2a: Deoxys|Substitute|p2a: Deoxys
|-start|p2a: Deoxys|Substitute
|-damage|p2a: Deoxys|75/100
|move|p1a: Gyarados|Earthquake|p2a: Deoxys
|-activate|p2a: Deoxys|move: Substitute|[damage]
|
|-heal|p2a: Deoxys|82/100|[from] item: Leftovers
|upkeep
|turn|21
|
|t:|1760747861
|move|p2a: Deoxys|Stored Power|p1a: Gyarados
|-damage|p1a: Gyarados|26/100
|move|p1a: Gyarados|Waterfall|p2a: Deoxys
|-activate|p2a: Deoxys|move: Substitute|[damage]
|
|-heal|p2a: Deoxys|88/100|[from] item: Leftovers
|-heal|p1a: Gyarados|32/100|[from] item: Leftovers
|upkeep
|turn|22
|
|t:|1760747871
|move|p2a: Deoxys|Stored Power|p1a: Gyarados
|-damage|p1a: Gyarados|0 fnt
|faint|p1a: Gyarados
|
|-heal|p2a: Deoxys|94/100|[from] item: Leftovers
|upkeep
|
|t:|1760747879
|switch|p1a: Cyclizar|Cyclizar, M|100/100
|turn|23
|
|t:|1760747882
|move|p1a: Cyclizar|U-turn|p2a: Deoxys
|-supereffective|p2a: Deoxys
|-activate|p2a: Deoxys|move: Substitute|[damage]
|
|t:|1760747888
|switch|p1a: Mudsdale|Mudsdale, F|100/100|[from] U-turn
|move|p2a: Deoxys|Stored Power|p1a: Mudsdale
|-damage|p1a: Mudsdale|37/100
|-ability|p1a: Mudsdale|Stamina|boost
|-boost|p1a: Mudsdale|def|1
|
|-heal|p2a: Deoxys|100/100|[from] item: Leftovers
|upkeep
|turn|24
|
|t:|1760747902
|move|p2a: Deoxys|Stored Power|p1a: Mudsdale
|-damage|p1a: Mudsdale|0 fnt
|faint|p1a: Mudsdale
|
|upkeep
|
|t:|1760747912
|switch|p1a: Cyclizar|Cyclizar, M|100/100
|turn|25
|
|t:|1760747917
|move|p1a: Cyclizar|Knock Off|p2a: Deoxys
|-supereffective|p2a: Deoxys
|-end|p2a: Deoxys|Substitute
|move|p2a: Deoxys|Stored Power|p1a: Cyclizar
|-damage|p1a: Cyclizar|12/100
|
|upkeep
|turn|26
|
|t:|1760747924
|move|p1a: Cyclizar|Knock Off|p2a: Deoxys
|-supereffective|p2a: Deoxys
|-damage|p2a: Deoxys|93/100
|-enditem|p2a: Deoxys|Leftovers|[from] move: Knock Off|[of] p1a: Cyclizar
|move|p2a: Deoxys|Stored Power|p1a: Cyclizar
|-crit|p1a: Cyclizar
|-damage|p1a: Cyclizar|0 fnt
|faint|p1a: Cyclizar
|
|upkeep
|
|t:|1760747937
|switch|p1a: Delphox|Delphox, F|100/100
|turn|27
|
|t:|1760747963
|move|p1a: Delphox|Flamethrower|p2a: Deoxys
|-damage|p2a: Deoxys|82/100
|-damage|p1a: Delphox|91/100|[from] item: Life Orb
|move|p2a: Deoxys|Substitute|p2a: Deoxys
|-start|p2a: Deoxys|Substitute
|-damage|p2a: Deoxys|57/100
|
|upkeep
|turn|28
|
|t:|1760747973
|move|p1a: Delphox|Calm Mind|p1a: Delphox
|-boost|p1a: Delphox|spa|1
|-boost|p1a: Delphox|spd|1
|move|p2a: Deoxys|Stored Power|p1a: Delphox
|-resisted|p1a: Delphox
|-damage|p1a: Delphox|66/100
|
|upkeep
|turn|29
|
|t:|1760747980
|move|p1a: Delphox|Calm Mind|p1a: Delphox
|-boost|p1a: Delphox|spa|1
|-boost|p1a: Delphox|spd|1
|move|p2a: Deoxys|Stored Power|p1a: Delphox
|-resisted|p1a: Delphox
|-damage|p1a: Delphox|46/100
|
|upkeep
|turn|30
|
|t:|1760747987
|move|p1a: Delphox|Flamethrower|p2a: Deoxys
|-activate|p2a: Deoxys|move: Substitute|[damage]
|-damage|p1a: Delphox|36/100|[from] item: Life Orb
|move|p2a: Deoxys|Stored Power|p1a: Delphox
|-resisted|p1a: Delphox
|-damage|p1a: Delphox|15/100
|
|upkeep
|turn|31
|
|t:|1760747996
|move|p1a: Delphox|Shadow Ball|p2a: Deoxys
|-supereffective|p2a: Deoxys
|-end|p2a: Deoxys|Substitute
|-damage|p1a: Delphox|5/100|[from] item: Life Orb
|move|p2a: Deoxys|Stored Power|p1a: Delphox
|-resisted|p1a: Delphox
|-damage|p1a: Delphox|0 fnt
|faint|p1a: Delphox
|
|upkeep
|
|t:|1760748010
|switch|p1a: Frosmoth|Frosmoth, M, shiny|60/100
|turn|32
|
|t:|1760748013
|move|p2a: Deoxys|Stored Power|p1a: Frosmoth
|-damage|p1a: Frosmoth|14/100
|move|p1a: Frosmoth|Ice Beam|p2a: Deoxys
|-damage|p2a: Deoxys|49/100
|
|upkeep
|turn|33
|
|t:|1760748022
|move|p2a: Deoxys|Stored Power|p1a: Frosmoth
|-damage|p1a: Frosmoth|0 fnt
|faint|p1a: Frosmoth
|
|win|Kilobyt3
|raw|biohazard23ab's rating: 1101 &rarr; <strong>1072</strong><br />(-29 for losing)
|raw|Kilobyt3's rating: 1042 &rarr; <strong>1081</strong><br />(+39 for winning)
