|j|☆kayoepic
|j|☆Loser I will lose
|t:|1760750011
|gametype|singles
|player|p1|kayoepic|veteran|
|player|p2|Loser I will lose|drayden|
|gen|9
|tier|[Gen 9] OU
|rule|HP Percentage Mod: HP is shown in percentages
|rule|Endless Battle Clause: Forcing endless battles is banned
|rule|Species Clause: Limit one of each Pokémon
|rule|OHKO Clause: OHKO moves are banned
|rule|Evasion Items Clause: Evasion items are banned
|rule|Evasion Moves Clause: Evasion moves are banned
|rule|Evasion Abilities Clause: Evasion abilities are banned
|rule|Sleep Moves Clause: Sleep-inducing moves are banned
|clearpoke
|poke|p1|Ceruledge, F|
|poke|p1|Aipom, F|
|poke|p1|Corviknight, F|
|poke|p1|Garganacl, M|
|poke|p1|Haxorus, M|
|poke|p1|Swampert, F|
|poke|p2|Ribombee, M|
|poke|p2|Alomomola, M|
|poke|p2|Excadrill, F|
|poke|p2|Glaceon, M|
|poke|p2|Rotom-Heat|
|poke|p2|Cyclizar, M|
|teampreview
|
|t:|1760750022
|teamsize|p1|6
|teamsize|p2|6
|start
|switch|p1a: Ichigo|Ceruledge, F|100/100
|switch|p2a: 150 (But yellow)|Ribombee, M|100/100
|turn|1
|
|t:|1760750034
|move|p2a: 150 (But yellow)|Stun Spore|p1a: Ichigo
|-status|p1a: Ichigo|par
|move|p1a: Ichigo|Bitter Blade|p2a: 150 (But yellow)
|-supereffective|p2a: 150 (But yellow)
|-enditem|p2a: 150 (But yellow)|Focus Sash
|-damage|p2a: 150 (But yellow)|1/100
|
|upkeep
|turn|2
|
|t:|1760750044
|move|p2a: 150 (But yellow)|Sticky Web|p1a: Ichigo
|-sidestart|p1: kayoepic|move: Sticky Web
|move|p1a: Ichigo|Bitter Blade|p2a: 150 (But yellow)
|-supereffective|p2a: 150 (But yellow)
|-damage|p2a: 150 (But yellow)|0 fnt
|faint|p2a: 150 (But yellow)
|
|upkeep
|
|t:|1760750052
|switch|p2a: 50|Cyclizar, M|100/100
|turn|3
|
|t:|1760750061
|move|p2a: 50|Knock Off|p1a: Ichigo
|-supereffective|p1a: Ichigo
|-damage|p1a: Ichigo|38/100 par
|-enditem|p1a: Ichigo|Heavy-Duty Boots|[from] move: Knock Off|[of] p2a: 50
|move|p1a: Ichigo|Close Combat|p2a: 50
|-supereffective|p2a: 50
|-damage|p2a: 50|0 fnt
|-unboost|p1a: Ichigo|def|1
|-unboost|p1a: Ichigo|spd|1
|faint|p2a: 50
|
|upkeep
|
|t:|1760750076
|switch|p2a: 150|Alomomola, M|100/100
|turn|4
|
|t:|1760750084
|move|p1a: Ichigo|Shadow Sneak|p2a: 150
|-damage|p2a: 150|90/100
|-damage|p1a: Ichigo|21/100 par|[from] item: Rocky Helmet|[of] p2a: 150
|move|p2a: 150|Tickle|p1a: Ichigo
|-unboost|p1a: Ichigo|atk|1
|-unboost|p1a: Ichigo|def|1
|
|upkeep
|turn|5
|
|t:|1760750100
|switch|p1a: Gripper|Swampert, F|100/100
|-activate|p1a: Gripper|move: Sticky Web
|-unboost|p1a: Gripper|spe|1
|move|p2a: 150|Wish|p2a: 150
|
|upkeep
|turn|6
|
|t:|1760750125
|move|p2a: 150|Flip Turn|p1a: Gripper
|-damage|p1a: Gripper|85/100
|-damage|p2a: 150|74/100|[from] item: Rocky Helmet|[of] p1a: Gripper
|l|☆Loser I will lose
|player|p2|
|j|☆Loser I will lose
|player|p2|Loser I will lose|drayden|
|
|t:|1760750206
|switch|p2a: 100|Glaceon, M|100/100|[from] Flip Turn
|move|p1a: Gripper|Ice Beam|p2a: 100
|-resisted|p2a: 100
|-damage|p2a: 100|88/100
|
|-heal|p2a: 100|100/100|[from] move: Wish|[wisher] 150
|upkeep
|turn|7
|
|t:|1760750218
|move|p2a: 100|Freeze-Dry|p1a: Gripper
|-supereffective|p1a: Gripper
|-damage|p1a: Gripper|0 fnt
|faint|p1a: Gripper
|
|upkeep
|
|t:|1760750222
|switch|p1a: Ichigo|Ceruledge, F|21/100 par
|-activate|p1a: Ichigo|move: Sticky Web
|-unboost|p1a: Ichigo|spe|1
|turn|8
|
|t:|1760750232
|switch|p2a: 150 (But red)|Rotom-Heat|100/100
|move|p1a: Ichigo|Bitter Blade|p2a: 150 (But red)
|-resisted|p2a: 150 (But red)
|-damage|p2a: 150 (But red)|75/100
|-heal|p1a: Ichigo|35/100 par|[from] drain|[of] p2a: 150 (But red)
|
|upkeep
|turn|9
|
|t:|1760750251
|move|p1a: Ichigo|Shadow Sneak|p2a: 150 (But red)
|-damage|p2a: 150 (But red)|54/100
|move|p2a: 150 (But red)|Volt Switch|p1a: Ichigo
|-damage|p1a: Ichigo|6/100 par
|
|t:|1760750260
|switch|p2a: 150|Alomomola, M|100/100|[from] Volt Switch
|
|upkeep
|turn|10
|
|t:|1760750266
|move|p1a: Ichigo|Shadow Sneak|p2a: 150
|-damage|p2a: 150|89/100
|-damage|p1a: Ichigo|0 fnt|[from] item: Rocky Helmet|[of] p2a: 150
|faint|p1a: Ichigo
|move|p2a: 150|Flip Turn|p1: Ichigo|[notarget]
|-fail|p2a: 150
|
|upkeep
|
|t:|1760750274
|switch|p1a: Big Black Starly|Corviknight, F|100/100
|-ability|p1a: Big Black Starly|Pressure
|turn|11
|
|t:|1760750280
|move|p1a: Big Black Starly|Defog|p2a: 150
|-unboost|p2a: 150|evasion|1
|-sideend|p1: kayoepic|Sticky Web|[from] move: Defog|[of] p1a: Big Black Starly
|move|p2a: 150|Wish|p2a: 150
|
|upkeep
|turn|12
|
|t:|1760750288
|move|p1a: Big Black Starly|Brave Bird|p2a: 150
|-damage|p2a: 150|68/100
|-damage|p1a: Big Black Starly|84/100|[from] item: Rocky Helmet|[of] p2a: 150
|-damage|p1a: Big Black Starly|75/100|[from] Recoil
|move|p2a: 150|Tickle|p1a: Big Black Starly
|-unboost|p1a: Big Black Starly|atk|1
|-unboost|p1a: Big Black Starly|def|1
|
|-heal|p2a: 150|100/100|[from] move: Wish|[wisher] 150
|-heal|p1a: Big Black Starly|81/100|[from] item: Leftovers
|upkeep
|turn|13
|
|t:|1760750299
|move|p1a: Big Black Starly|Roost|p1a: Big Black Starly
|-heal|p1a: Big Black Starly|100/100
|-singleturn|p1a: Big Black Starly|move: Roost
|move|p2a: 150|Tickle|p1a: Big Black Starly
|-unboost|p1a: Big Black Starly|atk|1
|-unboost|p1a: Big Black Starly|def|1
|
|upkeep
|turn|14
|
|t:|1760750316
|move|p1a: Big Black Starly|Defog|p2a: 150
|-unboost|p2a: 150|evasion|1
|move|p2a: 150|Tickle|p1a: Big Black Starly
|-unboost|p1a: Big Black Starly|atk|1
|-unboost|p1a: Big Black Starly|def|1
|
|upkeep
|turn|15
|
|t:|1760750323
|move|p1a: Big Black Starly|U-turn|p2a: 150
|-damage|p2a: 150|98/100
|-damage|p1a: Big Black Starly|84/100|[from] item: Rocky Helmet|[of] p2a: 150
|
|t:|1760750329
|switch|p1a: Mattias Jackson|Aipom, F|100/100|[from] U-turn
|move|p2a: 150|Tickle|p1a: Mattias Jackson
|-unboost|p1a: Mattias Jackson|atk|1
|-unboost|p1a: Mattias Jackson|def|1
|
|upkeep
|turn|16
|
|t:|1760750337
|move|p2a: 150|Protect|p2a: 150
|-singleturn|p2a: 150|Protect
|move|p1a: Mattias Jackson|Fake Out|p2a: 150
|-activate|p2a: 150|move: Protect
|
|upkeep
|turn|17
|
|t:|1760750343
|move|p1a: Mattias Jackson|Low Kick|p2a: 150
|-damage|p2a: 150|93/100
|-damage|p1a: Mattias Jackson|84/100|[from] item: Rocky Helmet|[of] p2a: 150
|move|p2a: 150|Flip Turn|p1a: Mattias Jackson
|-damage|p1a: Mattias Jackson|48/100
|
|t:|1760750352
|switch|p2a: 150 (But ugly)|Excadrill, F|100/100|[from] Flip Turn
|-ability|p2a: 150 (But ugly)|Mold Breaker
|
|upkeep
|turn|18
|
|t:|1760750361
|move|p2a: 150 (But ugly)|Swords Dance|p2a: 150 (But ugly)
|-boost|p2a: 150 (But ugly)|atk|2
|move|p1a: Mattias Jackson|Low Kick|p2a: 150 (But ugly)
|-supereffective|p2a: 150 (But ugly)
|-crit|p2a: 150 (But ugly)
|-damage|p2a: 150 (But ugly)|40/100
|
|-heal|p2a: 150 (But ugly)|46/100|[from] item: Leftovers
|upkeep
|turn|19
|
|t:|1760750371
|move|p2a: 150 (But ugly)|Rapid Spin|p1a: Mattias Jackson
|-damage|p1a: Mattias Jackson|0 fnt
|-boost|p2a: 150 (But ugly)|spe|1
|faint|p1a: Mattias Jackson
|
|-heal|p2a: 150 (But ugly)|52/100|[from] item: Leftovers
|upkeep
|
|t:|1760750381
|switch|p1a: Mason Troy adams|Haxorus, M|100/100
|-ability|p1a: Mason Troy adams|Mold Breaker
|turn|20
|
|t:|1760750392
|move|p1a: Mason Troy adams|Close Combat|p2a: 150 (But ugly)
|-supereffective|p2a: 150 (But ugly)
|-damage|p2a: 150 (But ugly)|0 fnt
|-unboost|p1a: Mason Troy adams|def|1
|-unboost|p1a: Mason Troy adams|spd|1
|faint|p2a: 150 (But ugly)
|
|upkeep
|
|t:|1760750400
|switch|p2a: 150|Alomomola, M|100/100
|turn|21
|
|t:|1760750406
|move|p1a: Mason Troy adams|Close Combat|p2a: 150
|-damage|p2a: 150|76/100
|-unboost|p1a: Mason Troy adams|def|1
|-unboost|p1a: Mason Troy adams|spd|1
|-damage|p1a: Mason Troy adams|84/100|[from] item: Rocky Helmet|[of] p2a: 150
|move|p2a: 150|Tickle|p1a: Mason Troy adams
|-unboost|p1a: Mason Troy adams|atk|1
|-unboost|p1a: Mason Troy adams|def|1
|
|upkeep
|turn|22
|
|t:|1760750416
|switch|p1a: Jessecore|Garganacl, M|100/100
|move|p2a: 150|Tickle|p1a: Jessecore
|-unboost|p1a: Jessecore|atk|1
|-unboost|p1a: Jessecore|def|1
|
|upkeep
|turn|23
|
|t:|1760750422
|move|p2a: 150|Protect|p2a: 150
|-singleturn|p2a: 150|Protect
|move|p1a: Jessecore|Salt Cure|p2a: 150
|-activate|p2a: 150|move: Protect
|
|upkeep
|turn|24
|
|t:|1760750452
|-terastallize|p2a: 150|Steel
|-terastallize|p1a: Jessecore|Ghost
|move|p2a: 150|Tickle|p1a: Jessecore
|-unboost|p1a: Jessecore|atk|1
|-unboost|p1a: Jessecore|def|1
|move|p1a: Jessecore|Salt Cure|p2a: 150
|-resisted|p2a: 150
|-damage|p2a: 150|74/100
|-start|p2a: 150|Salt Cure
|
|-damage|p2a: 150|49/100|[from] Salt Cure
|upkeep
|turn|25
|
|t:|1760750466
|move|p1a: Jessecore|Protect|p1a: Jessecore
|-singleturn|p1a: Jessecore|Protect
|move|p2a: 150|Flip Turn|p1a: Jessecore
|-activate|p1a: Jessecore|move: Protect
|
|-damage|p2a: 150|24/100|[from] Salt Cure
|upkeep
|turn|26
|
|t:|1760750487
|switch|p2a: 150 (But red)|Rotom-Heat|54/100
|switch|p1a: Mason Troy adams|Haxorus, M|84/100
|-ability|p1a: Mason Troy adams|Mold Breaker
|
|upkeep
|turn|27
|
|t:|1760750500
|move|p1a: Mason Troy adams|Outrage|p2a: 150 (But red)
|-damage|p2a: 150 (But red)|0 fnt
|faint|p2a: 150 (But red)
|
|upkeep
|
|t:|1760750504
|switch|p2a: 100|Glaceon, M|100/100
|turn|28
|
|t:|1760750510
|move|p1a: Mason Troy adams|Outrage|p2a: 100|[from] lockedmove
|-damage|p2a: 100|18/100
|-start|p1a: Mason Troy adams|confusion|[fatigue]
|move|p2a: 100|Ice Beam|p1a: Mason Troy adams
|-supereffective|p1a: Mason Troy adams
|-damage|p1a: Mason Troy adams|0 fnt
|faint|p1a: Mason Troy adams
|
|upkeep
|
|t:|1760750518
|switch|p1a: Jessecore|Garganacl, M, tera:Ghost|100/100
|turn|29
|
|t:|1760750526
|switch|p2a: 150|Alomomola, M, tera:Steel|57/100
|move|p1a: Jessecore|Body Press|p2a: 150
|-supereffective|p2a: 150
|-damage|p2a: 150|26/100
|-damage|p1a: Jessecore|84/100|[from] item: Rocky Helmet|[of] p2a: 150
|
|-heal|p1a: Jessecore|90/100|[from] item: Leftovers
|upkeep
|turn|30
|
|t:|1760750536
|move|p2a: 150|Protect|p2a: 150
|-singleturn|p2a: 150|Protect
|move|p1a: Jessecore|Salt Cure|p2a: 150
|-activate|p2a: 150|move: Protect
|
|-heal|p1a: Jessecore|96/100|[from] item: Leftovers
|upkeep
|turn|31
|
|t:|1760750546
|move|p2a: 150|Wish|p2a: 150
|move|p1a: Jessecore|Salt Cure|p2a: 150
|-resisted|p2a: 150
|-damage|p2a: 150|22/100
|-start|p2a: 150|Salt Cure
|
|-heal|p1a: Jessecore|100/100|[from] item: Leftovers
|-damage|p2a: 150|0 fnt|[from] Salt Cure
|faint|p2a: 150
|upkeep
|
|t:|1760750554
|switch|p2a: 100|Glaceon, M|18/100
|turn|32
|
|t:|1760750611
|move|p2a: 100|Ice Beam|p1a: Jessecore
|-damage|p1a: Jessecore|31/100
|move|p1a: Jessecore|Salt Cure|p2a: 100
|-supereffective|p2a: 100
|-damage|p2a: 100|0 fnt
|faint|p2a: 100
|
|win|kayoepic
