|j|☆ake 475
|j|☆Ivanpmd
|t:|1760875574
|gametype|singles
|player|p1|ake 475|cynthia|1100
|player|p2|Ivanpmd|cheren-gen5bw2|1064
|gen|9
|tier|[Gen 9] OU
|rated|
|rule|HP Percentage Mod: HP is shown in percentages
|rule|Endless Battle Clause: Forcing endless battles is banned
|rule|Species Clause: Limit one of each Pokémon
|rule|OHKO Clause: OHKO moves are banned
|rule|Evasion Items Clause: Evasion items are banned
|rule|Evasion Moves Clause: Evasion moves are banned
|rule|Evasion Abilities Clause: Evasion abilities are banned
|rule|Sleep Moves Clause: Sleep-inducing moves are banned
|clearpoke
|poke|p1|Gallade, M|
|poke|p1|Cinderace, F|
|poke|p1|Gengar, M|
|poke|p1|Garchomp, F|
|poke|p1|Greninja-*, M|
|poke|p1|Scizor, M|
|poke|p2|Torkoal, F|
|poke|p2|Slither Wing|
|poke|p2|Raging Bolt|
|poke|p2|Walking Wake|
|poke|p2|Ceruledge, F|
|poke|p2|Venusaur, M|
|teampreview
|inactive|Battle timer is ON: inactive players will automatically lose when time's up. (requested by Ivanpmd)
|
|t:|1760875586
|teamsize|p1|6
|teamsize|p2|6
|start
|switch|p1a: Garchomp|Garchomp, F|100/100
|switch|p2a: Torkoal|Torkoal, F, shiny|100/100
|-weather|SunnyDay|[from] ability: Drought|[of] p2a: Torkoal
|turn|1
|
|t:|1760875594
|switch|p2a: Lechuga|Venusaur, M, shiny|100/100
|move|p1a: Garchomp|Stealth Rock|p2a: Lechuga
|-sidestart|p2: Ivanpmd|move: Stealth Rock
|
|-weather|SunnyDay|[upkeep]
|upkeep
|turn|2
|
|t:|1760875602
|move|p2a: Lechuga|Growth|p2a: Lechuga
|-boost|p2a: Lechuga|atk|2
|-boost|p2a: Lechuga|spa|2
|move|p1a: Garchomp|Earthquake|p2a: Lechuga
|-damage|p2a: Lechuga|25/100
|
|-weather|SunnyDay|[upkeep]
|upkeep
|turn|3
|
|t:|1760875610
|move|p2a: Lechuga|Solar Beam||[still]
|-prepare|p2a: Lechuga|Solar Beam
|-anim|p2a: Lechuga|Solar Beam|p1a: Garchomp
|-damage|p1a: Garchomp|0 fnt
|faint|p1a: Garchomp
|-damage|p2a: Lechuga|15/100|[from] item: Life Orb
|
|-weather|SunnyDay|[upkeep]
|upkeep
|
|t:|1760875620
|switch|p1a: Scizor|Scizor, M|100/100
|turn|4
|
|t:|1760875627
|-terastallize|p2a: Lechuga|Fire
|move|p2a: Lechuga|Weather Ball|p1a: Scizor
|-supereffective|p1a: Scizor
|-damage|p1a: Scizor|0 fnt
|faint|p1a: Scizor
|-damage|p2a: Lechuga|5/100|[from] item: Life Orb
|
|-weather|SunnyDay|[upkeep]
|upkeep
|
|t:|1760875637
|switch|p1a: Cinderace|Cinderace, F|100/100
|turn|5
|
|t:|1760875641
|move|p1a: Cinderace|Sucker Punch|p2a: Lechuga
|-start|p1a: Cinderace|typechange|Dark|[from] ability: Libero
|-damage|p2a: Lechuga|0 fnt
|faint|p2a: Lechuga
|
|-weather|SunnyDay|[upkeep]
|upkeep
|
|t:|1760875658
|switch|p2a: Raging Bolt|Raging Bolt|100/100
|-damage|p2a: Raging Bolt|88/100|[from] Stealth Rock
|-activate|p2a: Raging Bolt|ability: Protosynthesis
|-start|p2a: Raging Bolt|protosynthesisspa
|turn|6
|
|t:|1760875665
|move|p2a: Raging Bolt|Thunderclap|p1a: Cinderace
|-damage|p1a: Cinderace|26/100
|move|p1a: Cinderace|Pyro Ball|p2a: Raging Bolt
|-resisted|p2a: Raging Bolt
|-damage|p2a: Raging Bolt|65/100
|
|-weather|SunnyDay|[upkeep]
|-heal|p2a: Raging Bolt|72/100|[from] item: Leftovers
|upkeep
|turn|7
|
|t:|1760875676
|move|p1a: Cinderace|Sucker Punch|p2a: Raging Bolt
|-damage|p2a: Raging Bolt|44/100
|move|p2a: Raging Bolt|Thunderclap||[still]
|-fail|p2a: Raging Bolt
|
|-weather|SunnyDay|[upkeep]
|-heal|p2a: Raging Bolt|50/100|[from] item: Leftovers
|upkeep
|turn|8
|
|t:|1760875685
|move|p1a: Cinderace|High Jump Kick|p2a: Raging Bolt
|-damage|p2a: Raging Bolt|17/100
|move|p2a: Raging Bolt|Dragon Pulse|p1a: Cinderace
|-damage|p1a: Cinderace|0 fnt
|faint|p1a: Cinderace
|
|-weather|none
|-end|p2a: Raging Bolt|Protosynthesis
|-heal|p2a: Raging Bolt|23/100|[from] item: Leftovers
|upkeep
|-message|ake 475 forfeited.
|
|win|Ivanpmd
|raw|ake 475's rating: 1100 &rarr; <strong>1072</strong><br />(-28 for losing)
|raw|Ivanpmd's rating: 1064 &rarr; <strong>1098</strong><br />(+34 for winning)
|l|☆ake 475
|player|p1|
