|j|☆MIKASAONO
|j|☆generallyjam
|t:|1760847353
|gametype|singles
|player|p1|MIKASAONO|lucas|1076
|player|p2|generallyjam|2|1073
|gen|9
|tier|[Gen 9] OU
|rated|
|rule|HP Percentage Mod: HP is shown in percentages
|rule|Endless Battle Clause: Forcing endless battles is banned
|rule|Species Clause: Limit one of each Pokémon
|rule|OHKO Clause: OHKO moves are banned
|rule|Evasion Items Clause: Evasion items are banned
|rule|Evasion Moves Clause: Evasion moves are banned
|rule|Evasion Abilities Clause: Evasion abilities are banned
|rule|Sleep Moves Clause: Sleep-inducing moves are banned
|clearpoke
|poke|p1|Iron Valiant|
|poke|p1|Slowking-Galar, M|
|poke|p1|Gliscor, M|
|poke|p1|Dragapult, F|
|poke|p1|Great Tusk|
|poke|p1|Kingambit, M|
|poke|p2|Samurott, M|
|poke|p2|Haxorus, M|
|poke|p2|Arcanine, M|
|poke|p2|Garchomp, M|
|poke|p2|Rotom-Wash|
|poke|p2|Iron Valiant|
|teampreview
|
|t:|1760847358
|teamsize|p1|6
|teamsize|p2|6
|start
|switch|p1a: Dragapult|Dragapult, F|100/100
|switch|p2a: Garchomp|Garchomp, M|100/100
|turn|1
|
|t:|1760847364
|switch|p2a: Iron Valiant|Iron Valiant|100/100
|-enditem|p2a: Iron Valiant|Booster Energy
|-activate|p2a: Iron Valiant|ability: Quark Drive|[fromitem]
|-start|p2a: Iron Valiant|quarkdrivespe
|move|p1a: Dragapult|Dragon Darts|p2a: Iron Valiant
|-immune|p2a: Iron Valiant
|
|upkeep
|turn|2
|
|t:|1760847375
|switch|p1a: Kingambit|Kingambit, M|100/100
|move|p2a: Iron Valiant|Moonblast|p1a: Kingambit
|-damage|p1a: Kingambit|46/100
|
|-heal|p1a: Kingambit|52/100|[from] item: Leftovers
|upkeep
|turn|3
|
|t:|1760847384
|move|p2a: Iron Valiant|Moonblast|p1a: Kingambit
|-damage|p1a: Kingambit|0 fnt
|faint|p1a: Kingambit
|-end|p1a: Kingambit|fallenundefined|[silent]
|
|upkeep
|
|t:|1760847389
|switch|p1a: Slowking|Slowking-Galar, M|100/100
|turn|4
|
|t:|1760847406
|-end|p2a: Iron Valiant|Quark Drive|[silent]
|switch|p2a: Garchomp|Garchomp, M|100/100
|move|p1a: Slowking|Sludge Bomb|p2a: Garchomp
|-resisted|p2a: Garchomp
|-damage|p2a: Garchomp|86/100
|-status|p2a: Garchomp|psn
|
|-damage|p2a: Garchomp|73/100 psn|[from] psn
|upkeep
|turn|5
|
|t:|1760847419
|move|p1a: Slowking|Future Sight|p2a: Garchomp
|-start|p1a: Slowking|move: Future Sight
|move|p2a: Garchomp|Dragon Tail|p1a: Slowking
|-damage|p1a: Slowking|72/100
|drag|p1a: Iron Valiant|Iron Valiant, shiny|100/100
|
|-damage|p2a: Garchomp|61/100 psn|[from] psn
|upkeep
|turn|6
|
|t:|1760847433
|move|p1a: Iron Valiant|Moonblast|p2a: Garchomp
|-supereffective|p2a: Garchomp
|-damage|p2a: Garchomp|0 fnt
|faint|p2a: Garchomp
|
|upkeep
|
|t:|1760847442
|switch|p2a: Arcanine|Arcanine, M|100/100
|-ability|p2a: Arcanine|Intimidate|boost
|-unboost|p1a: Iron Valiant|atk|1
|turn|7
|
|t:|1760847462
|move|p1a: Iron Valiant|Moonblast|p2a: Arcanine
|-resisted|p2a: Arcanine
|-damage|p2a: Arcanine|61/100
|move|p2a: Arcanine|Flare Blitz|p1a: Iron Valiant
|-damage|p1a: Iron Valiant|44/100
|-damage|p2a: Arcanine|47/100|[from] Recoil
|
|-end|p2a: Arcanine|move: Future Sight
|-damage|p2a: Arcanine|0 fnt
|faint|p2a: Arcanine
|upkeep
|
|t:|1760847482
|switch|p2a: Samurott|Samurott, M|100/100
|turn|8
|
|t:|1760847489
|-end|p1a: Iron Valiant|Quark Drive|[silent]
|switch|p1a: Slowking|Slowking-Galar, M|100/100
|-terastallize|p2a: Samurott|Water
|move|p2a: Samurott|Liquidation|p1a: Slowking
|-damage|p1a: Slowking|36/100
|-unboost|p1a: Slowking|def|1
|
|-heal|p1a: Slowking|42/100|[from] item: Black Sludge
|upkeep
|turn|9
|
|t:|1760847500
|switch|p1a: Dragapult|Dragapult, F|100/100
|move|p2a: Samurott|Aqua Jet|p1a: Dragapult
|-resisted|p1a: Dragapult
|-damage|p1a: Dragapult|79/100
|
|upkeep
|turn|10
|
|t:|1760847506
|move|p1a: Dragapult|Will-O-Wisp|p2a: Samurott
|-status|p2a: Samurott|brn
|move|p2a: Samurott|Liquidation|p1a: Dragapult
|-resisted|p1a: Dragapult
|-damage|p1a: Dragapult|58/100
|-unboost|p1a: Dragapult|def|1
|
|-damage|p2a: Samurott|94/100 brn|[from] brn
|upkeep
|turn|11
|
|t:|1760847517
|move|p1a: Dragapult|Hex|p2a: Samurott
|-damage|p2a: Samurott|7/100 brn
|move|p2a: Samurott|Liquidation|p1a: Dragapult
|-resisted|p1a: Dragapult
|-damage|p1a: Dragapult|4/100
|
|-damage|p2a: Samurott|1/100 brn|[from] brn
|upkeep
|turn|12
|
|t:|1760847526
|move|p2a: Samurott|Aqua Jet|p1a: Dragapult
|-resisted|p1a: Dragapult
|-damage|p1a: Dragapult|0 fnt
|faint|p1a: Dragapult
|
|-damage|p2a: Samurott|0 fnt|[from] brn
|faint|p2a: Samurott
|upkeep
|
|t:|1760847535
|switch|p1a: Great Tusk|Great Tusk|100/100
|switch|p2a: Rotom|Rotom-Wash|100/100
|turn|13
|
|t:|1760847544
|-terastallize|p1a: Great Tusk|Steel
|move|p1a: Great Tusk|Rapid Spin|p2a: Rotom
|-damage|p2a: Rotom|82/100
|-boost|p1a: Great Tusk|spe|1
|move|p2a: Rotom|Hydro Pump|p1a: Great Tusk
|-damage|p1a: Great Tusk|37/100
|
|-heal|p2a: Rotom|89/100|[from] item: Leftovers
|upkeep
|turn|14
|
|t:|1760847556
|move|p1a: Great Tusk|Headlong Rush|p2a: Rotom
|-immune|p2a: Rotom|[from] ability: Levitate
|move|p2a: Rotom|Hydro Pump|p1a: Great Tusk
|-crit|p1a: Great Tusk
|-damage|p1a: Great Tusk|0 fnt
|faint|p1a: Great Tusk
|-end|p1a: Great Tusk|Protosynthesis|[silent]
|
|-heal|p2a: Rotom|95/100|[from] item: Leftovers
|upkeep
|-message|MIKASAONO forfeited.
|
|win|generallyjam
|raw|MIKASAONO's rating: 1076 &rarr; <strong>1054</strong><br />(-22 for losing)
|raw|generallyjam's rating: 1073 &rarr; <strong>1102</strong><br />(+29 for winning)
|l|☆MIKASAONO
|player|p1|
|l|☆generallyjam
|player|p2|
