|j|☆Siisisihisia
|j|☆oplik
|t:|1760863016
|gametype|singles
|player|p1|Siisisihisia|265|1554
|player|p2|oplik|169|1588
|gen|9
|tier|[Gen 9] OU
|rated|
|rule|HP Percentage Mod: HP is shown in percentages
|rule|Endless Battle Clause: Forcing endless battles is banned
|rule|Species Clause: Limit one of each Pokémon
|rule|OHKO Clause: OHKO moves are banned
|rule|Evasion Items Clause: Evasion items are banned
|rule|Evasion Moves Clause: Evasion moves are banned
|rule|Evasion Abilities Clause: Evasion abilities are banned
|rule|Sleep Moves Clause: Sleep-inducing moves are banned
|clearpoke
|poke|p1|Pelipper, M|
|poke|p1|Araquanid, M|
|poke|p1|Thundurus-Therian, M|
|poke|p1|Iron Treads|
|poke|p1|Basculegion, M|
|poke|p1|Hydrapple, M|
|poke|p2|Gholdengo|
|poke|p2|Zamazenta-*|
|poke|p2|Ting-Lu|
|poke|p2|Clefable, F|
|poke|p2|Dragonite, M|
|poke|p2|Deoxys-Speed|
|teampreview
|inactive|Battle timer is ON: inactive players will automatically lose when time's up. (requested by oplik)
|
|t:|1760863032
|teamsize|p1|6
|teamsize|p2|6
|start
|switch|p1a: Pelipper|Pelipper, M|100/100
|switch|p2a: Moonrock 350|Clefable, F|100/100
|-weather|RainDance|[from] ability: Drizzle|[of] p1a: Pelipper
|turn|1
|
|t:|1760863035
|move|p1a: Pelipper|U-turn|p2a: Moonrock 350
|-resisted|p2a: Moonrock 350
|-damage|p2a: Moonrock 350|97/100
|-damage|p1a: Pelipper|84/100|[from] item: Rocky Helmet|[of] p2a: Moonrock 350
|
|t:|1760863038
|switch|p1a: Araquanid|Araquanid, M|100/100|[from] U-turn
|move|p2a: Moonrock 350|Knock Off|p1a: Araquanid
|-damage|p1a: Araquanid|85/100
|-enditem|p1a: Araquanid|Heavy-Duty Boots|[from] move: Knock Off|[of] p2a: Moonrock 350
|
|-weather|RainDance|[upkeep]
|upkeep
|turn|2
|
|t:|1760863045
|move|p2a: Moonrock 350|Stealth Rock|p1a: Araquanid
|-sidestart|p1: Siisisihisia|move: Stealth Rock
|move|p1a: Araquanid|Substitute|p1a: Araquanid
|-start|p1a: Araquanid|Substitute
|-damage|p1a: Araquanid|60/100
|
|-weather|RainDance|[upkeep]
|upkeep
|turn|3
|
|t:|1760863049
|move|p2a: Moonrock 350|Moonblast|p1a: Araquanid
|-end|p1a: Araquanid|Substitute
|move|p1a: Araquanid|Liquidation|p2a: Moonrock 350
|-damage|p2a: Moonrock 350|18/100
|-damage|p1a: Araquanid|44/100|[from] item: Rocky Helmet|[of] p2a: Moonrock 350
|
|-weather|RainDance|[upkeep]
|upkeep
|turn|4
|
|t:|1760863054
|switch|p2a: Secret Service|Dragonite, M|100/100
|move|p1a: Araquanid|Liquidation|p2a: Secret Service
|-resisted|p2a: Secret Service
|-damage|p2a: Secret Service|79/100
|
|-weather|RainDance|[upkeep]
|upkeep
|turn|5
|
|t:|1760863059
|move|p2a: Secret Service|Extreme Speed|p1a: Araquanid
|-damage|p1a: Araquanid|9/100
|move|p1a: Araquanid|Liquidation|p2a: Secret Service
|-resisted|p2a: Secret Service
|-damage|p2a: Secret Service|35/100
|
|-weather|RainDance|[upkeep]
|upkeep
|turn|6
|
|t:|1760863064
|move|p2a: Secret Service|Extreme Speed|p1a: Araquanid
|-damage|p1a: Araquanid|0 fnt
|faint|p1a: Araquanid
|
|-weather|RainDance|[upkeep]
|upkeep
|
|t:|1760863067
|switch|p1a: Basculegion|Basculegion, M|100/100
|-damage|p1a: Basculegion|88/100|[from] Stealth Rock
|turn|7
|
|t:|1760863074
|move|p1a: Basculegion|Flip Turn|p2a: Secret Service
|-resisted|p2a: Secret Service
|-damage|p2a: Secret Service|3/100
|
|t:|1760863078
|switch|p1a: Hydrapple|Hydrapple, M|100/100|[from] Flip Turn
|-damage|p1a: Hydrapple|88/100|[from] Stealth Rock
|move|p2a: Secret Service|Earthquake|p1a: Hydrapple
|-resisted|p1a: Hydrapple
|-damage|p1a: Hydrapple|73/100
|
|-weather|RainDance|[upkeep]
|upkeep
|turn|8
|
|t:|1760863084
|move|p2a: Secret Service|Roost|p2a: Secret Service
|-heal|p2a: Secret Service|54/100
|-singleturn|p2a: Secret Service|move: Roost
|move|p1a: Hydrapple|Fickle Beam|p2a: Secret Service|[anim] Fickle Beam All Out
|-activate|p1a: Hydrapple|move: Fickle Beam
|-supereffective|p2a: Secret Service
|-damage|p2a: Secret Service|0 fnt
|faint|p2a: Secret Service
|
|-weather|none
|upkeep
|
|t:|1760863087
|switch|p2a: Moonrock 350|Clefable, F|18/100
|turn|9
|
|t:|1760863094
|move|p2a: Moonrock 350|Moonlight|p2a: Moonrock 350
|-heal|p2a: Moonrock 350|68/100
|move|p1a: Hydrapple|Giga Drain|p2a: Moonrock 350
|-crit|p2a: Moonrock 350
|-damage|p2a: Moonrock 350|8/100
|-heal|p1a: Hydrapple|100/100|[from] drain|[of] p2a: Moonrock 350
|
|upkeep
|turn|10
|
|t:|1760863097
|move|p2a: Moonrock 350|Moonlight|p2a: Moonrock 350
|-heal|p2a: Moonrock 350|58/100
|move|p1a: Hydrapple|Giga Drain|p2a: Moonrock 350
|-damage|p2a: Moonrock 350|20/100
|
|upkeep
|turn|11
|
|t:|1760863100
|move|p2a: Moonrock 350|Moonlight|p2a: Moonrock 350
|-heal|p2a: Moonrock 350|70/100
|move|p1a: Hydrapple|Nasty Plot|p1a: Hydrapple
|-boost|p1a: Hydrapple|spa|2
|
|upkeep
|turn|12
|
|t:|1760863104
|move|p2a: Moonrock 350|Moonblast|p1a: Hydrapple
|-supereffective|p1a: Hydrapple
|-damage|p1a: Hydrapple|41/100
|move|p1a: Hydrapple|Giga Drain|p2a: Moonrock 350
|-damage|p2a: Moonrock 350|0 fnt
|-heal|p1a: Hydrapple|74/100|[from] drain|[of] p2a: Moonrock 350
|faint|p2a: Moonrock 350
|
|upkeep
|
|t:|1760863113
|switch|p2a: Djengo Unrained|Gholdengo|100/100
|turn|13
|
|t:|1760863116
|move|p2a: Djengo Unrained|Nasty Plot|p2a: Djengo Unrained
|-boost|p2a: Djengo Unrained|spa|2
|move|p1a: Hydrapple|Earth Power|p2a: Djengo Unrained
|-supereffective|p2a: Djengo Unrained
|-damage|p2a: Djengo Unrained|0 fnt
|faint|p2a: Djengo Unrained
|
|upkeep
|
|t:|1760863118
|switch|p2a: Dude Nasty Asf|Deoxys-Speed|100/100
|-ability|p2a: Dude Nasty Asf|Pressure
|turn|14
|
|t:|1760863121
|move|p2a: Dude Nasty Asf|Ice Beam|p1a: Hydrapple
|-supereffective|p1a: Hydrapple
|-damage|p1a: Hydrapple|0 fnt
|faint|p1a: Hydrapple
|
|upkeep
|
|t:|1760863125
|switch|p1a: Iron Treads|Iron Treads|100/100
|turn|15
|
|t:|1760863130
|switch|p2a: Up Bowl On Em|Ting-Lu|100/100
|-ability|p2a: Up Bowl On Em|Vessel of Ruin
|move|p1a: Iron Treads|Rapid Spin|p2a: Up Bowl On Em
|-damage|p2a: Up Bowl On Em|94/100
|-boost|p1a: Iron Treads|spe|1
|-sideend|p1: Siisisihisia|Stealth Rock|[from] move: Rapid Spin|[of] p1a: Iron Treads
|
|-heal|p2a: Up Bowl On Em|99/100|[from] item: Leftovers
|upkeep
|turn|16
|
|t:|1760863133
|-end|p1a: Iron Treads|Quark Drive|[silent]
|switch|p1a: Pelipper|Pelipper, M|84/100
|-weather|RainDance|[from] ability: Drizzle|[of] p1a: Pelipper
|move|p2a: Up Bowl On Em|Whirlwind|p1a: Pelipper
|drag|p1a: Basculegion|Basculegion, M|88/100
|
|-weather|RainDance|[upkeep]
|-heal|p2a: Up Bowl On Em|100/100|[from] item: Leftovers
|upkeep
|turn|17
|
|t:|1760863136
|move|p1a: Basculegion|Wave Crash|p2a: Up Bowl On Em
|-supereffective|p2a: Up Bowl On Em
|-damage|p2a: Up Bowl On Em|0 fnt
|faint|p2a: Up Bowl On Em
|-damage|p1a: Basculegion|44/100|[from] Recoil
|
|-weather|RainDance|[upkeep]
|upkeep
|
|t:|1760863141
|switch|p2a: Dude Nasty Asf|Deoxys-Speed|100/100
|-ability|p2a: Dude Nasty Asf|Pressure
|turn|18
|
|t:|1760863145
|switch|p1a: Iron Treads|Iron Treads|100/100
|move|p2a: Dude Nasty Asf|Thunderbolt|p1a: Iron Treads
|-immune|p1a: Iron Treads
|
|-weather|RainDance|[upkeep]
|upkeep
|turn|19
|
|t:|1760863147
|switch|p2a: CClifford|Zamazenta|100/100
|-ability|p2a: CClifford|Dauntless Shield|boost
|-boost|p2a: CClifford|def|1
|move|p1a: Iron Treads|Volt Switch|p2a: CClifford
|-damage|p2a: CClifford|90/100
|
|t:|1760863149
|-end|p1a: Iron Treads|Quark Drive|[silent]
|switch|p1a: Thundurus|Thundurus-Therian, M|100/100|[from] Volt Switch
|
|-weather|RainDance|[upkeep]
|upkeep
|turn|20
|
|t:|1760863153
|move|p2a: CClifford|Stone Edge|p1a: Thundurus|[miss]
|-miss|p2a: CClifford|p1a: Thundurus
|move|p1a: Thundurus|Thunder|p2a: CClifford
|-damage|p2a: CClifford|40/100
|
|-weather|RainDance|[upkeep]
|upkeep
|turn|21
|
|t:|1760863159
|-terastallize|p1a: Thundurus|Fairy
|move|p2a: CClifford|Stone Edge|p1a: Thundurus
|-damage|p1a: Thundurus|41/100
|move|p1a: Thundurus|Tera Blast|p2a: CClifford|[anim] Tera Blast Fairy
|-supereffective|p2a: CClifford
|-damage|p2a: CClifford|0 fnt
|faint|p2a: CClifford
|
|-weather|RainDance|[upkeep]
|upkeep
|
|t:|1760863163
|switch|p2a: Dude Nasty Asf|Deoxys-Speed|100/100
|-ability|p2a: Dude Nasty Asf|Pressure
|turn|22
|
|t:|1760863166
|move|p2a: Dude Nasty Asf|Ice Beam|p1a: Thundurus
|-crit|p1a: Thundurus
|-damage|p1a: Thundurus|0 fnt
|faint|p1a: Thundurus
|
|-weather|RainDance|[upkeep]
|upkeep
|
|t:|1760863171
|switch|p1a: Iron Treads|Iron Treads|100/100
|turn|23
|
|t:|1760863174
|move|p2a: Dude Nasty Asf|Ice Beam|p1a: Iron Treads
|-damage|p1a: Iron Treads|65/100
|move|p1a: Iron Treads|Rapid Spin|p2a: Dude Nasty Asf
|-damage|p2a: Dude Nasty Asf|81/100
|-boost|p1a: Iron Treads|spe|1
|
|-weather|none
|upkeep
|turn|24
|-message|oplik forfeited.
|
|win|Siisisihisia
|raw|Siisisihisia's rating: 1554 &rarr; <strong>1576</strong><br />(+22 for winning)
|raw|oplik's rating: 1588 &rarr; <strong>1566</strong><br />(-22 for losing)
|l|☆oplik
|player|p2|
|l|☆Siisisihisia
|player|p1|
