|j|☆zsu-twink
|j|☆thegamingsteve
|t:|1760768751
|gametype|singles
|player|p1|zsu-twink|skyla|1167
|player|p2|thegamingsteve|miku-fire|1230
|gen|9
|tier|[Gen 9] OU
|rated|
|rule|HP Percentage Mod: HP is shown in percentages
|rule|Endless Battle Clause: Forcing endless battles is banned
|rule|Species Clause: Limit one of each Pokémon
|rule|OHKO Clause: OHKO moves are banned
|rule|Evasion Items Clause: Evasion items are banned
|rule|Evasion Moves Clause: Evasion moves are banned
|rule|Evasion Abilities Clause: Evasion abilities are banned
|rule|Sleep Moves Clause: Sleep-inducing moves are banned
|clearpoke
|poke|p1|Quaquaval, F|
|poke|p1|Meowscarada, M|
|poke|p1|Skeledirge, M|
|poke|p1|Goodra-Hisui, F|
|poke|p1|Great Tusk|
|poke|p1|Lapras, F|
|poke|p2|Ting-Lu|
|poke|p2|Pecharunt|
|poke|p2|Darkrai|
|poke|p2|Kyurem|
|poke|p2|Quaquaval, M|
|poke|p2|Iron Moth|
|teampreview
|
|t:|1760768759
|teamsize|p1|6
|teamsize|p2|6
|start
|switch|p1a: Mad Ducky|Quaquaval, F|100/100
|switch|p2a: Darkrai|Darkrai|100/100
|turn|1
|
|t:|1760768778
|move|p2a: Darkrai|Will-O-Wisp|p1a: Mad Ducky
|-status|p1a: Mad Ducky|brn
|move|p1a: Mad Ducky|Aqua Step|p2a: Darkrai
|-damage|p2a: Darkrai|82/100
|-boost|p1a: Mad Ducky|spe|1
|
|-damage|p1a: Mad Ducky|94/100 brn|[from] brn
|upkeep
|turn|2
|
|t:|1760768793
|switch|p2a: Pecharunt|Pecharunt|100/100
|move|p1a: Mad Ducky|Low Kick|p2a: Pecharunt
|-immune|p2a: Pecharunt
|
|-heal|p1a: Mad Ducky|100/100 brn|[from] item: Leftovers
|-damage|p1a: Mad Ducky|94/100 brn|[from] brn
|upkeep
|turn|3
|
|t:|1760768803
|move|p1a: Mad Ducky|Aqua Step|p2a: Pecharunt
|-damage|p2a: Pecharunt|89/100
|-boost|p1a: Mad Ducky|spe|1
|move|p2a: Pecharunt|Nasty Plot|p2a: Pecharunt
|-boost|p2a: Pecharunt|spa|2
|
|-heal|p1a: Mad Ducky|100/100 brn|[from] item: Leftovers
|-damage|p1a: Mad Ducky|94/100 brn|[from] brn
|upkeep
|turn|4
|
|t:|1760768812
|switch|p1a: Goodra|Goodra-Hisui, F|100/100
|move|p2a: Pecharunt|Hex|p1a: Goodra
|-damage|p1a: Goodra|83/100
|
|upkeep
|turn|5
|
|t:|1760768828
|switch|p2a: Ting-Lu|Ting-Lu|100/100
|-ability|p2a: Ting-Lu|Vessel of Ruin
|move|p1a: Goodra|Flash Cannon|p2a: Ting-Lu
|-damage|p2a: Ting-Lu|85/100
|
|-heal|p2a: Ting-Lu|91/100|[from] item: Leftovers
|upkeep
|turn|6
|
|t:|1760768838
|switch|p1a: Smart 'pras|Lapras, F|100/100
|move|p2a: Ting-Lu|Spikes|p1a: Smart 'pras
|-sidestart|p1: zsu-twink|Spikes
|
|-heal|p2a: Ting-Lu|97/100|[from] item: Leftovers
|upkeep
|turn|7
|
|t:|1760768876
|move|p1a: Smart 'pras|Dragon Dance|p1a: Smart 'pras
|-boost|p1a: Smart 'pras|atk|1
|-boost|p1a: Smart 'pras|spe|1
|move|p2a: Ting-Lu|Ruination|p1a: Smart 'pras|[miss]
|-miss|p2a: Ting-Lu|p1a: Smart 'pras
|
|-heal|p2a: Ting-Lu|100/100|[from] item: Leftovers
|upkeep
|turn|8
|c|☆zsu-twink|Whirlwind me
|
|t:|1760768886
|move|p1a: Smart 'pras|Icicle Spear|p2a: Ting-Lu
|-supereffective|p2a: Ting-Lu
|-damage|p2a: Ting-Lu|85/100
|-supereffective|p2a: Ting-Lu
|-damage|p2a: Ting-Lu|69/100
|-supereffective|p2a: Ting-Lu
|-damage|p2a: Ting-Lu|51/100
|-supereffective|p2a: Ting-Lu
|-damage|p2a: Ting-Lu|35/100
|-supereffective|p2a: Ting-Lu
|-damage|p2a: Ting-Lu|18/100
|-hitcount|p2a: Ting-Lu|5
|move|p2a: Ting-Lu|Whirlwind|p1a: Smart 'pras
|drag|p1a: The Kitty|Meowscarada, M|100/100
|-damage|p1a: The Kitty|88/100|[from] Spikes
|
|-heal|p2a: Ting-Lu|25/100|[from] item: Leftovers
|upkeep
|turn|9
|
|t:|1760768903
|move|p1a: The Kitty|Nasty Plot|p1a: The Kitty
|-start|p1a: The Kitty|typechange|Dark|[from] ability: Protean
|-boost|p1a: The Kitty|spa|2
|move|p2a: Ting-Lu|Ruination|p1a: The Kitty|[miss]
|-miss|p2a: Ting-Lu|p1a: The Kitty
|
|-heal|p2a: Ting-Lu|31/100|[from] item: Leftovers
|upkeep
|turn|10
|c|☆thegamingsteve|yeah okay
|c|☆zsu-twink|Lol
|
|t:|1760768944
|-terastallize|p2a: Ting-Lu|Poison
|move|p1a: The Kitty|Giga Drain|p2a: Ting-Lu
|-resisted|p2a: Ting-Lu
|-damage|p2a: Ting-Lu|21/100
|-heal|p1a: The Kitty|97/100|[from] drain|[of] p2a: Ting-Lu
|-damage|p1a: The Kitty|87/100|[from] item: Life Orb
|move|p2a: Ting-Lu|Whirlwind|p1a: The Kitty
|drag|p1a: Greatest Tusk|Great Tusk|100/100
|-damage|p1a: Greatest Tusk|88/100|[from] Spikes
|
|-heal|p2a: Ting-Lu|28/100|[from] item: Leftovers
|upkeep
|turn|11
|
|t:|1760768957
|move|p1a: Greatest Tusk|Rapid Spin|p2a: Ting-Lu
|-damage|p2a: Ting-Lu|18/100
|-boost|p1a: Greatest Tusk|spe|1
|-sideend|p1: zsu-twink|Spikes|[from] move: Rapid Spin|[of] p1a: Greatest Tusk
|move|p2a: Ting-Lu|Ruination|p1a: Greatest Tusk
|-damage|p1a: Greatest Tusk|44/100
|
|-heal|p2a: Ting-Lu|24/100|[from] item: Leftovers
|upkeep
|turn|12
|
|t:|1760768967
|move|p1a: Greatest Tusk|Earthquake|p2a: Ting-Lu
|-supereffective|p2a: Ting-Lu
|-damage|p2a: Ting-Lu|0 fnt
|faint|p2a: Ting-Lu
|
|upkeep
|
|t:|1760768983
|switch|p2a: Quaquaval|Quaquaval, M|100/100
|turn|13
|
|t:|1760768992
|-terastallize|p1a: Greatest Tusk|Poison
|move|p1a: Greatest Tusk|Rapid Spin|p2a: Quaquaval
|-damage|p2a: Quaquaval|79/100
|-boost|p1a: Greatest Tusk|spe|1
|move|p2a: Quaquaval|Aqua Step|p1a: Greatest Tusk
|-damage|p1a: Greatest Tusk|20/100
|-boost|p2a: Quaquaval|spe|1
|
|upkeep
|turn|14
|
|t:|1760769005
|move|p2a: Quaquaval|Aqua Step|p1a: Greatest Tusk
|-damage|p1a: Greatest Tusk|0 fnt
|-boost|p2a: Quaquaval|spe|1
|faint|p1a: Greatest Tusk
|-end|p1a: Greatest Tusk|Protosynthesis|[silent]
|-ability|p2a: Quaquaval|Moxie|boost
|-boost|p2a: Quaquaval|atk|1
|
|upkeep
|
|t:|1760769009
|switch|p1a: Skeledirge|Skeledirge, M|100/100
|turn|15
|
|t:|1760769018
|move|p2a: Quaquaval|Knock Off|p1a: Skeledirge
|-supereffective|p1a: Skeledirge
|-damage|p1a: Skeledirge|47/100
|-enditem|p1a: Skeledirge|Leftovers|[from] move: Knock Off|[of] p2a: Quaquaval
|move|p1a: Skeledirge|Will-O-Wisp|p2a: Quaquaval
|-status|p2a: Quaquaval|brn
|
|-damage|p2a: Quaquaval|73/100 brn|[from] brn
|upkeep
|turn|16
|
|t:|1760769028
|move|p2a: Quaquaval|Aqua Step|p1a: Skeledirge
|-supereffective|p1a: Skeledirge
|-damage|p1a: Skeledirge|16/100
|-boost|p2a: Quaquaval|spe|1
|move|p1a: Skeledirge|Slack Off|p1a: Skeledirge
|-heal|p1a: Skeledirge|66/100
|
|-damage|p2a: Quaquaval|66/100 brn|[from] brn
|upkeep
|turn|17
|
|t:|1760769037
|move|p2a: Quaquaval|Aqua Step|p1a: Skeledirge
|-supereffective|p1a: Skeledirge
|-damage|p1a: Skeledirge|35/100
|-boost|p2a: Quaquaval|spe|1
|move|p1a: Skeledirge|Torch Song|p2a: Quaquaval
|-resisted|p2a: Quaquaval
|-damage|p2a: Quaquaval|46/100 brn
|-boost|p1a: Skeledirge|spa|1
|
|-damage|p2a: Quaquaval|40/100 brn|[from] brn
|upkeep
|turn|18
|
|t:|1760769047
|move|p2a: Quaquaval|Aqua Step|p1a: Skeledirge
|-supereffective|p1a: Skeledirge
|-damage|p1a: Skeledirge|6/100
|-boost|p2a: Quaquaval|spe|1
|move|p1a: Skeledirge|Slack Off|p1a: Skeledirge
|-heal|p1a: Skeledirge|56/100
|
|-damage|p2a: Quaquaval|34/100 brn|[from] brn
|upkeep
|turn|19
|
|t:|1760769055
|move|p2a: Quaquaval|Aqua Step|p1a: Skeledirge
|-supereffective|p1a: Skeledirge
|-damage|p1a: Skeledirge|26/100
|-boost|p2a: Quaquaval|spe|1
|move|p1a: Skeledirge|Slack Off|p1a: Skeledirge
|-heal|p1a: Skeledirge|77/100
|
|-damage|p2a: Quaquaval|28/100 brn|[from] brn
|upkeep
|turn|20
|
|t:|1760769063
|move|p2a: Quaquaval|Aqua Step|p1a: Skeledirge
|-supereffective|p1a: Skeledirge
|-damage|p1a: Skeledirge|46/100
|move|p1a: Skeledirge|Slack Off|p1a: Skeledirge
|-heal|p1a: Skeledirge|97/100
|
|-damage|p2a: Quaquaval|22/100 brn|[from] brn
|upkeep
|turn|21
|
|t:|1760769073
|move|p2a: Quaquaval|Aqua Step|p1a: Skeledirge
|-supereffective|p1a: Skeledirge
|-damage|p1a: Skeledirge|66/100
|move|p1a: Skeledirge|Hex|p2a: Quaquaval
|-damage|p2a: Quaquaval|0 fnt
|faint|p2a: Quaquaval
|
|upkeep
|
|t:|1760769088
|switch|p2a: Darkrai|Darkrai|82/100
|turn|22
|
|t:|1760769096
|switch|p1a: Mad Ducky|Quaquaval, F|94/100 brn
|move|p2a: Darkrai|Dark Pulse|p1a: Mad Ducky
|-resisted|p1a: Mad Ducky
|-damage|p1a: Mad Ducky|71/100 brn
|
|-heal|p1a: Mad Ducky|77/100 brn|[from] item: Leftovers
|-damage|p1a: Mad Ducky|71/100 brn|[from] brn
|upkeep
|turn|23
|
|t:|1760769107
|switch|p2a: Pecharunt|Pecharunt|89/100
|move|p1a: Mad Ducky|Low Kick|p2a: Pecharunt
|-immune|p2a: Pecharunt
|
|-heal|p1a: Mad Ducky|77/100 brn|[from] item: Leftovers
|-damage|p1a: Mad Ducky|71/100 brn|[from] brn
|upkeep
|turn|24
|
|t:|1760769123
|switch|p2a: Iron Moth|Iron Moth|100/100
|-enditem|p2a: Iron Moth|Booster Energy
|-activate|p2a: Iron Moth|ability: Quark Drive|[fromitem]
|-start|p2a: Iron Moth|quarkdrivespa
|switch|p1a: Goodra|Goodra-Hisui, F|83/100
|
|upkeep
|turn|25
|
|t:|1760769138
|move|p2a: Iron Moth|Agility|p2a: Iron Moth
|-boost|p2a: Iron Moth|spe|2
|move|p1a: Goodra|Thunderbolt|p2a: Iron Moth
|-damage|p2a: Iron Moth|73/100
|
|upkeep
|turn|26
|
|t:|1760769144
|move|p2a: Iron Moth|Fiery Dance|p1a: Goodra
|-crit|p1a: Goodra
|-damage|p1a: Goodra|47/100
|-boost|p2a: Iron Moth|spa|1
|move|p1a: Goodra|Thunderbolt|p2a: Iron Moth
|-damage|p2a: Iron Moth|44/100
|
|upkeep
|turn|27
|
|t:|1760769151
|move|p2a: Iron Moth|Fiery Dance|p1a: Goodra
|-damage|p1a: Goodra|10/100
|-boost|p2a: Iron Moth|spa|1
|move|p1a: Goodra|Thunderbolt|p2a: Iron Moth
|-damage|p2a: Iron Moth|15/100
|
|upkeep
|turn|28
|
|t:|1760769158
|move|p2a: Iron Moth|Fiery Dance|p1a: Goodra
|-damage|p1a: Goodra|0 fnt
|faint|p1a: Goodra
|
|upkeep
|
|t:|1760769161
|switch|p1a: Mad Ducky|Quaquaval, F|71/100 brn
|turn|29
|
|t:|1760769167
|move|p2a: Iron Moth|Dazzling Gleam|p1a: Mad Ducky
|-supereffective|p1a: Mad Ducky
|-damage|p1a: Mad Ducky|0 fnt
|faint|p1a: Mad Ducky
|
|upkeep
|
|t:|1760769174
|switch|p1a: Skeledirge|Skeledirge, M|66/100
|turn|30
|
|t:|1760769186
|move|p2a: Iron Moth|Sludge Wave|p1a: Skeledirge
|-resisted|p1a: Skeledirge
|-damage|p1a: Skeledirge|36/100
|move|p1a: Skeledirge|Slack Off|p1a: Skeledirge
|-heal|p1a: Skeledirge|86/100
|
|upkeep
|turn|31
|
|t:|1760769200
|move|p2a: Iron Moth|Sludge Wave|p1a: Skeledirge
|-resisted|p1a: Skeledirge
|-damage|p1a: Skeledirge|55/100
|move|p1a: Skeledirge|Hex|p2a: Iron Moth
|-damage|p2a: Iron Moth|0 fnt
|faint|p2a: Iron Moth
|-end|p2a: Iron Moth|Quark Drive|[silent]
|
|upkeep
|
|t:|1760769207
|switch|p2a: Darkrai|Darkrai|82/100
|turn|32
|
|t:|1760769213
|move|p2a: Darkrai|Dark Pulse|p1a: Skeledirge
|-supereffective|p1a: Skeledirge
|-damage|p1a: Skeledirge|0 fnt
|faint|p1a: Skeledirge
|
|upkeep
|
|t:|1760769218
|switch|p1a: Smart 'pras|Lapras, F|100/100
|turn|33
|
|t:|1760769223
|switch|p2a: Pecharunt|Pecharunt|89/100
|switch|p1a: The Kitty|Meowscarada, M|87/100
|
|upkeep
|turn|34
|
|t:|1760769231
|move|p1a: The Kitty|Nasty Plot|p1a: The Kitty
|-start|p1a: The Kitty|typechange|Dark|[from] ability: Protean
|-boost|p1a: The Kitty|spa|2
|move|p2a: Pecharunt|Malignant Chain|p1a: The Kitty
|-damage|p1a: The Kitty|36/100
|
|upkeep
|turn|35
|
|t:|1760769240
|move|p1a: The Kitty|Dark Pulse|p2a: Pecharunt
|-supereffective|p2a: Pecharunt
|-damage|p2a: Pecharunt|0 fnt
|faint|p2a: Pecharunt
|-damage|p1a: The Kitty|26/100|[from] item: Life Orb
|
|upkeep
|
|t:|1760769253
|switch|p2a: Darkrai|Darkrai|82/100
|turn|36
|
|t:|1760769260
|move|p2a: Darkrai|Dark Pulse|p1a: The Kitty
|-resisted|p1a: The Kitty
|-damage|p1a: The Kitty|0 fnt
|faint|p1a: The Kitty
|
|upkeep
|
|t:|1760769263
|switch|p1a: Smart 'pras|Lapras, F|100/100
|turn|37
|
|t:|1760769267
|switch|p2a: Kyurem|Kyurem|100/100
|-ability|p2a: Kyurem|Pressure
|move|p1a: Smart 'pras|Dragon Dance|p1a: Smart 'pras
|-boost|p1a: Smart 'pras|atk|1
|-boost|p1a: Smart 'pras|spe|1
|
|upkeep
|turn|38
|
|t:|1760769287
|move|p1a: Smart 'pras|Dragon Dance|p1a: Smart 'pras
|-boost|p1a: Smart 'pras|atk|1
|-boost|p1a: Smart 'pras|spe|1
|move|p2a: Kyurem|Scale Shot|p1a: Smart 'pras
|-damage|p1a: Smart 'pras|88/100
|-damage|p1a: Smart 'pras|74/100
|-damage|p1a: Smart 'pras|60/100
|-damage|p1a: Smart 'pras|46/100
|-damage|p1a: Smart 'pras|32/100
|-hitcount|p1a: Smart 'pras|5
|-unboost|p2a: Kyurem|def|1
|-boost|p2a: Kyurem|spe|1
|
|upkeep
|turn|39
|
|t:|1760769301
|move|p1a: Smart 'pras|Smart Strike|p2a: Kyurem
|-supereffective|p2a: Kyurem
|-damage|p2a: Kyurem|0 fnt
|faint|p2a: Kyurem
|
|upkeep
|
|t:|1760769314
|switch|p2a: Darkrai|Darkrai|82/100
|turn|40
|
|t:|1760769322
|move|p2a: Darkrai|Dark Pulse|p1a: Smart 'pras
|-damage|p1a: Smart 'pras|0 fnt
|faint|p1a: Smart 'pras
|
|win|thegamingsteve
|raw|zsu-twink's rating: 1167 &rarr; <strong>1146</strong><br />(-21 for losing)
|raw|thegamingsteve's rating: 1230 &rarr; <strong>1251</strong><br />(+21 for winning)
|l|☆thegamingsteve
|player|p2|
|c|☆zsu-twink|Choice scarf willowisp 👶
|l|☆zsu-twink
|player|p1|
