|j|☆Draconical Tyranny
|j|☆HZBKAI3
|t:|1760765624
|gametype|singles
|player|p1|Draconical Tyranny|265|1057
|player|p2|HZBKAI3|266|1083
|gen|9
|tier|[Gen 9] OU
|rated|
|rule|HP Percentage Mod: HP is shown in percentages
|rule|Endless Battle Clause: Forcing endless battles is banned
|rule|Species Clause: Limit one of each Pokémon
|rule|OHKO Clause: OHKO moves are banned
|rule|Evasion Items Clause: Evasion items are banned
|rule|Evasion Moves Clause: Evasion moves are banned
|rule|Evasion Abilities Clause: Evasion abilities are banned
|rule|Sleep Moves Clause: Sleep-inducing moves are banned
|clearpoke
|poke|p1|Drednaw, F|
|poke|p1|Meowscarada, M|
|poke|p1|Zapdos|
|poke|p1|Regirock|
|poke|p1|Clodsire, F|
|poke|p1|Dunsparce, M|
|poke|p2|Jirachi|
|poke|p2|Gholdengo|
|poke|p2|Gliscor, F|
|poke|p2|Iron Moth|
|poke|p2|Quaquaval, F|
|poke|p2|Iron Boulder|
|teampreview
|
|t:|1760765630
|teamsize|p1|6
|teamsize|p2|6
|start
|switch|p1a: chompy|Drednaw, F|100/100
|switch|p2a: Jirachi|Jirachi|100/100
|turn|1
|
|t:|1760765636
|move|p2a: Jirachi|Aura Sphere|p1a: chompy
|-supereffective|p1a: chompy
|-damage|p1a: chompy|38/100
|move|p1a: chompy|Shell Smash|p1a: chompy
|-unboost|p1a: chompy|def|1
|-unboost|p1a: chompy|spd|1
|-boost|p1a: chompy|atk|2
|-boost|p1a: chompy|spa|2
|-boost|p1a: chompy|spe|2
|
|upkeep
|turn|2
|
|t:|1760765646
|move|p2a: Jirachi|Aura Sphere|p1a: chompy
|-supereffective|p1a: chompy
|-damage|p1a: chompy|0 fnt
|faint|p1a: chompy
|
|upkeep
|
|t:|1760765659
|switch|p1a: zappy|Zapdos|100/100
|turn|3
|
|t:|1760765663
|move|p1a: zappy|Air Cutter|p2a: Jirachi
|-resisted|p2a: Jirachi
|-damage|p2a: Jirachi|89/100
|move|p2a: Jirachi|Calm Mind|p2a: Jirachi
|-boost|p2a: Jirachi|spa|1
|-boost|p2a: Jirachi|spd|1
|
|-heal|p2a: Jirachi|95/100|[from] item: Leftovers
|upkeep
|turn|4
|
|t:|1760765671
|move|p1a: zappy|Air Cutter|p2a: Jirachi
|-resisted|p2a: Jirachi
|-damage|p2a: Jirachi|87/100
|move|p2a: Jirachi|Calm Mind|p2a: Jirachi
|-boost|p2a: Jirachi|spa|1
|-boost|p2a: Jirachi|spd|1
|
|-heal|p2a: Jirachi|93/100|[from] item: Leftovers
|upkeep
|turn|5
|
|t:|1760765679
|move|p1a: zappy|Thunder|p2a: Jirachi
|-damage|p2a: Jirachi|72/100
|move|p2a: Jirachi|Calm Mind|p2a: Jirachi
|-boost|p2a: Jirachi|spa|1
|-boost|p2a: Jirachi|spd|1
|
|-heal|p2a: Jirachi|78/100|[from] item: Leftovers
|upkeep
|turn|6
|
|t:|1760765686
|move|p1a: zappy|Air Cutter|p2a: Jirachi
|-resisted|p2a: Jirachi
|-damage|p2a: Jirachi|73/100
|move|p2a: Jirachi|Calm Mind|p2a: Jirachi
|-boost|p2a: Jirachi|spa|1
|-boost|p2a: Jirachi|spd|1
|
|-heal|p2a: Jirachi|79/100|[from] item: Leftovers
|upkeep
|turn|7
|
|t:|1760765693
|move|p1a: zappy|Air Cutter|p2a: Jirachi
|-resisted|p2a: Jirachi
|-damage|p2a: Jirachi|75/100
|move|p2a: Jirachi|Calm Mind|p2a: Jirachi
|-boost|p2a: Jirachi|spa|1
|-boost|p2a: Jirachi|spd|1
|
|-heal|p2a: Jirachi|81/100|[from] item: Leftovers
|upkeep
|turn|8
|
|t:|1760765701
|move|p1a: zappy|Air Cutter|p2a: Jirachi
|-resisted|p2a: Jirachi
|-damage|p2a: Jirachi|77/100
|move|p2a: Jirachi|Calm Mind|p2a: Jirachi
|-boost|p2a: Jirachi|spa|1
|-boost|p2a: Jirachi|spd|1
|
|-heal|p2a: Jirachi|83/100|[from] item: Leftovers
|upkeep
|turn|9
|
|t:|1760765710
|move|p1a: zappy|Facade|p2a: Jirachi
|-resisted|p2a: Jirachi
|-damage|p2a: Jirachi|76/100
|move|p2a: Jirachi|Aura Sphere|p1a: zappy
|-resisted|p1a: zappy
|-crit|p1a: zappy
|-damage|p1a: zappy|19/100
|
|-heal|p1a: zappy|26/100|[from] item: Leftovers
|-heal|p2a: Jirachi|82/100|[from] item: Leftovers
|upkeep
|turn|10
|
|t:|1760765719
|move|p1a: zappy|Air Cutter|p2a: Jirachi
|-resisted|p2a: Jirachi
|-damage|p2a: Jirachi|79/100
|move|p2a: Jirachi|Aura Sphere|p1a: zappy
|-resisted|p1a: zappy
|-damage|p1a: zappy|0 fnt
|faint|p1a: zappy
|
|-heal|p2a: Jirachi|85/100|[from] item: Leftovers
|upkeep
|
|t:|1760765731
|switch|p1a: dave|Meowscarada, M|100/100
|turn|11
|
|t:|1760765737
|move|p1a: dave|Psych Up|p2a: Jirachi
|-start|p1a: dave|typechange|Normal|[from] ability: Protean
|-copyboost|p1a: dave|p2a: Jirachi|[from] move: Psych Up
|move|p2a: Jirachi|Aura Sphere|p1a: dave
|-supereffective|p1a: dave
|-damage|p1a: dave|27/100
|
|-heal|p2a: Jirachi|91/100|[from] item: Leftovers
|upkeep
|turn|12
|
|t:|1760765750
|move|p1a: dave|Shadow Ball|p2a: Jirachi
|-supereffective|p2a: Jirachi
|-damage|p2a: Jirachi|53/100
|-damage|p1a: dave|17/100|[from] item: Life Orb
|move|p2a: Jirachi|Aura Sphere|p1a: dave
|-supereffective|p1a: dave
|-damage|p1a: dave|0 fnt
|faint|p1a: dave
|
|-heal|p2a: Jirachi|59/100|[from] item: Leftovers
|upkeep
|
|t:|1760765765
|switch|p1a: bob|Clodsire, F|100/100
|turn|13
|
|t:|1760765771
|move|p2a: Jirachi|Stored Power|p1a: bob
|-supereffective|p1a: bob
|-crit|p1a: bob
|-damage|p1a: bob|0 fnt
|faint|p1a: bob
|
|-heal|p2a: Jirachi|65/100|[from] item: Leftovers
|upkeep
|
|t:|1760765777
|switch|p1a: Dunsparce|Dunsparce, M|100/100
|turn|14
|
|t:|1760765780
|move|p2a: Jirachi|Aura Sphere|p1a: Dunsparce
|-supereffective|p1a: Dunsparce
|-enditem|p1a: Dunsparce|Focus Sash
|-damage|p1a: Dunsparce|1/100
|move|p1a: Dunsparce|Coil|p1a: Dunsparce
|-boost|p1a: Dunsparce|atk|1
|-boost|p1a: Dunsparce|def|1
|-boost|p1a: Dunsparce|accuracy|1
|
|-heal|p2a: Jirachi|71/100|[from] item: Leftovers
|upkeep
|turn|15
|
|t:|1760765790
|move|p2a: Jirachi|Aura Sphere|p1a: Dunsparce
|-supereffective|p1a: Dunsparce
|-damage|p1a: Dunsparce|0 fnt
|faint|p1a: Dunsparce
|
|-heal|p2a: Jirachi|77/100|[from] item: Leftovers
|upkeep
|
|t:|1760765796
|switch|p1a: rock|Regirock|100/100
|turn|16
|
|t:|1760765802
|move|p2a: Jirachi|Aura Sphere|p1a: rock
|-supereffective|p1a: rock
|-ability|p1a: rock|Sturdy
|-damage|p1a: rock|1/100
|move|p1a: rock|Facade|p2a: Jirachi
|-resisted|p2a: Jirachi
|-damage|p2a: Jirachi|69/100
|
|-heal|p2a: Jirachi|75/100|[from] item: Leftovers
|-heal|p1a: rock|7/100|[from] item: Leftovers
|upkeep
|turn|17
|
|t:|1760765812
|move|p2a: Jirachi|Aura Sphere|p1a: rock
|-supereffective|p1a: rock
|-damage|p1a: rock|0 fnt
|faint|p1a: rock
|
|win|HZBKAI3
|raw|Draconical Tyranny's rating: 1057 &rarr; <strong>1040</strong><br />(-17 for losing)
|raw|HZBKAI3's rating: 1083 &rarr; <strong>1108</strong><br />(+25 for winning)
|l|☆HZBKAI3
|player|p2|
|l|☆Draconical Tyranny
|player|p1|
