|j|☆AyushToop
|j|☆karan_yadav2977
|t:|1760777209
|gametype|singles
|player|p1|AyushToop|2|1091
|player|p2|karan_yadav2977|265|1051
|gen|9
|tier|[Gen 9] OU
|rated|
|rule|HP Percentage Mod: HP is shown in percentages
|rule|Endless Battle Clause: Forcing endless battles is banned
|rule|Species Clause: Limit one of each Pokémon
|rule|OHKO Clause: OHKO moves are banned
|rule|Evasion Items Clause: Evasion items are banned
|rule|Evasion Moves Clause: Evasion moves are banned
|rule|Evasion Abilities Clause: Evasion abilities are banned
|rule|Sleep Moves Clause: Sleep-inducing moves are banned
|clearpoke
|poke|p1|Primarina, F|
|poke|p1|Kommo-o, F|
|poke|p1|Wartortle, M|
|poke|p1|Iron Moth|
|poke|p1|Scizor, F|
|poke|p1|Sinistcha-Masterpiece|
|poke|p2|Iron Treads|
|poke|p2|Great Tusk|
|poke|p2|Torkoal, F|
|poke|p2|Venusaur, F|
|poke|p2|Walking Wake|
|poke|p2|Salamence, M|
|teampreview
|
|t:|1760777228
|teamsize|p1|6
|teamsize|p2|6
|start
|switch|p1a: Kommo-o|Kommo-o, F|100/100
|switch|p2a: Torkoal|Torkoal, F|100/100
|-weather|SunnyDay|[from] ability: Drought|[of] p2a: Torkoal
|turn|1
|
|t:|1760777235
|move|p1a: Kommo-o|Swords Dance|p1a: Kommo-o
|-boost|p1a: Kommo-o|atk|2
|move|p2a: Torkoal|Stealth Rock|p1a: Kommo-o
|-sidestart|p1: AyushToop|move: Stealth Rock
|
|-weather|SunnyDay|[upkeep]
|upkeep
|turn|2
|inactive|Battle timer is ON: inactive players will automatically lose when time's up. (requested by AyushToop)
|
|t:|1760777241
|move|p1a: Kommo-o|Scale Shot|p2a: Torkoal
|-damage|p2a: Torkoal|81/100
|-damage|p2a: Torkoal|62/100
|-damage|p2a: Torkoal|44/100
|-damage|p2a: Torkoal|25/100
|-damage|p2a: Torkoal|7/100
|-hitcount|p2a: Torkoal|5
|-unboost|p1a: Kommo-o|def|1
|-boost|p1a: Kommo-o|spe|1
|move|p2a: Torkoal|Will-O-Wisp|p1a: Kommo-o
|-status|p1a: Kommo-o|brn
|
|-weather|SunnyDay|[upkeep]
|-damage|p1a: Kommo-o|94/100 brn|[from] brn
|upkeep
|turn|3
|
|t:|1760777261
|switch|p2a: Great Tusk|Great Tusk|100/100
|-activate|p2a: Great Tusk|ability: Protosynthesis
|-start|p2a: Great Tusk|protosynthesisdef
|move|p1a: Kommo-o|Scale Shot|p2a: Great Tusk
|-damage|p2a: Great Tusk|95/100
|-damage|p2a: Great Tusk|90/100
|-damage|p2a: Great Tusk|84/100
|-damage|p2a: Great Tusk|79/100
|-damage|p2a: Great Tusk|73/100
|-hitcount|p2a: Great Tusk|5
|-unboost|p1a: Kommo-o|def|1
|-boost|p1a: Kommo-o|spe|1
|
|-weather|SunnyDay|[upkeep]
|-damage|p1a: Kommo-o|88/100 brn|[from] brn
|upkeep
|turn|4
|
|t:|1760777277
|move|p1a: Kommo-o|Swords Dance|p1a: Kommo-o
|-boost|p1a: Kommo-o|atk|2
|move|p2a: Great Tusk|Ice Spinner|p1a: Kommo-o
|-supereffective|p1a: Kommo-o
|-damage|p1a: Kommo-o|0 fnt
|faint|p1a: Kommo-o
|
|-weather|SunnyDay|[upkeep]
|upkeep
|
|t:|1760777287
|switch|p1a: Scizor|Scizor, F|100/100
|-damage|p1a: Scizor|88/100|[from] Stealth Rock
|turn|5
|
|t:|1760777302
|move|p2a: Great Tusk|Earthquake|p1a: Scizor
|-damage|p1a: Scizor|40/100
|move|p1a: Scizor|Dual Wingbeat|p2a: Great Tusk
|-supereffective|p2a: Great Tusk
|-damage|p2a: Great Tusk|42/100
|-supereffective|p2a: Great Tusk
|-damage|p2a: Great Tusk|7/100
|-hitcount|p2a: Great Tusk|2
|
|-weather|SunnyDay|[upkeep]
|upkeep
|turn|6
|
|t:|1760777312
|move|p2a: Great Tusk|Earthquake|p1a: Scizor
|-damage|p1a: Scizor|0 fnt
|faint|p1a: Scizor
|
|-weather|SunnyDay|[upkeep]
|upkeep
|
|t:|1760777316
|switch|p1a: Iron Moth|Iron Moth|100/100
|-damage|p1a: Iron Moth|76/100|[from] Stealth Rock
|-enditem|p1a: Iron Moth|Booster Energy
|-activate|p1a: Iron Moth|ability: Quark Drive|[fromitem]
|-start|p1a: Iron Moth|quarkdrivespa
|turn|7
|
|t:|1760777322
|move|p1a: Iron Moth|Fiery Dance|p2a: Great Tusk
|-damage|p2a: Great Tusk|0 fnt
|-boost|p1a: Iron Moth|spa|1
|faint|p2a: Great Tusk
|-end|p2a: Great Tusk|Protosynthesis|[silent]
|
|-weather|SunnyDay|[upkeep]
|upkeep
|
|t:|1760777329
|switch|p2a: Walking Wake|Walking Wake|100/100
|-activate|p2a: Walking Wake|ability: Protosynthesis
|-start|p2a: Walking Wake|protosynthesisspa
|turn|8
|
|t:|1760777342
|-terastallize|p1a: Iron Moth|Bug
|move|p1a: Iron Moth|Light Screen|p1a: Iron Moth
|-sidestart|p1: AyushToop|move: Light Screen
|move|p2a: Walking Wake|Hydro Steam|p1a: Iron Moth
|-damage|p1a: Iron Moth|36/100
|
|-weather|none
|-end|p2a: Walking Wake|Protosynthesis
|upkeep
|-enditem|p2a: Walking Wake|Booster Energy
|-activate|p2a: Walking Wake|ability: Protosynthesis|[fromitem]
|-start|p2a: Walking Wake|protosynthesisspa
|turn|9
|
|t:|1760777358
|-end|p2a: Walking Wake|Protosynthesis|[silent]
|switch|p2a: Torkoal|Torkoal, F|7/100
|-weather|SunnyDay|[from] ability: Drought|[of] p2a: Torkoal
|move|p1a: Iron Moth|Sludge Wave|p2a: Torkoal
|-damage|p2a: Torkoal|0 fnt
|faint|p2a: Torkoal
|
|-weather|SunnyDay|[upkeep]
|upkeep
|
|t:|1760777367
|switch|p2a: Walking Wake|Walking Wake|100/100
|-activate|p2a: Walking Wake|ability: Protosynthesis
|-start|p2a: Walking Wake|protosynthesisspa
|turn|10
|
|t:|1760777372
|move|p1a: Iron Moth|Sludge Wave|p2a: Walking Wake
|-damage|p2a: Walking Wake|0 fnt
|faint|p2a: Walking Wake
|-end|p2a: Walking Wake|Protosynthesis|[silent]
|
|-weather|SunnyDay|[upkeep]
|upkeep
|
|t:|1760777381
|switch|p2a: Iron Treads|Iron Treads|100/100
|-enditem|p2a: Iron Treads|Booster Energy
|-activate|p2a: Iron Treads|ability: Quark Drive|[fromitem]
|-start|p2a: Iron Treads|quarkdrivedef
|turn|11
|
|t:|1760777389
|move|p1a: Iron Moth|Fiery Dance|p2a: Iron Treads
|-supereffective|p2a: Iron Treads
|-damage|p2a: Iron Treads|0 fnt
|faint|p2a: Iron Treads
|-end|p2a: Iron Treads|Quark Drive|[silent]
|
|-weather|SunnyDay|[upkeep]
|upkeep
|
|t:|1760777397
|switch|p2a: Venusaur|Venusaur, F|100/100
|turn|12
|
|t:|1760777401
|move|p2a: Venusaur|Weather Ball|p1a: Iron Moth
|-supereffective|p1a: Iron Moth
|-damage|p1a: Iron Moth|0 fnt
|faint|p1a: Iron Moth
|-end|p1a: Iron Moth|Quark Drive|[silent]
|
|-weather|SunnyDay|[upkeep]
|-sideend|p1: AyushToop|move: Light Screen
|upkeep
|
|t:|1760777416
|switch|p1a: Sinistcha|Sinistcha-Masterpiece|100/100
|-damage|p1a: Sinistcha|88/100|[from] Stealth Rock
|turn|13
|
|t:|1760777421
|move|p2a: Venusaur|Growth|p2a: Venusaur
|-boost|p2a: Venusaur|atk|2
|-boost|p2a: Venusaur|spa|2
|move|p1a: Sinistcha|Calm Mind|p1a: Sinistcha
|-boost|p1a: Sinistcha|spa|1
|-boost|p1a: Sinistcha|spd|1
|
|-weather|SunnyDay|[upkeep]
|-heal|p1a: Sinistcha|94/100|[from] item: Leftovers
|upkeep
|turn|14
|
|t:|1760777429
|move|p2a: Venusaur|Weather Ball|p1a: Sinistcha
|-supereffective|p1a: Sinistcha
|-damage|p1a: Sinistcha|35/100
|move|p1a: Sinistcha|Calm Mind|p1a: Sinistcha
|-boost|p1a: Sinistcha|spa|1
|-boost|p1a: Sinistcha|spd|1
|
|-weather|SunnyDay|[upkeep]
|-heal|p1a: Sinistcha|41/100|[from] item: Leftovers
|upkeep
|turn|15
|
|t:|1760777438
|move|p2a: Venusaur|Weather Ball|p1a: Sinistcha
|-supereffective|p1a: Sinistcha
|-damage|p1a: Sinistcha|0 fnt
|faint|p1a: Sinistcha
|
|-weather|SunnyDay|[upkeep]
|upkeep
|
|t:|1760777443
|switch|p1a: Primarina|Primarina, F|100/100
|-damage|p1a: Primarina|88/100|[from] Stealth Rock
|turn|16
|
|t:|1760777448
|move|p2a: Venusaur|Growth|p2a: Venusaur
|-boost|p2a: Venusaur|atk|2
|-boost|p2a: Venusaur|spa|2
|move|p1a: Primarina|Blizzard|p2a: Venusaur|[miss]
|-miss|p1a: Primarina|p2a: Venusaur
|
|-weather|none
|upkeep
|turn|17
|
|t:|1760777455
|move|p2a: Venusaur|Giga Drain|p1a: Primarina
|-supereffective|p1a: Primarina
|-damage|p1a: Primarina|0 fnt
|faint|p1a: Primarina
|
|upkeep
|
|t:|1760777458
|switch|p1a: Wartortle|Wartortle, M|100/100
|-damage|p1a: Wartortle|88/100|[from] Stealth Rock
|turn|18
|
|t:|1760777462
|move|p2a: Venusaur|Giga Drain|p1a: Wartortle
|-supereffective|p1a: Wartortle
|-damage|p1a: Wartortle|0 fnt
|faint|p1a: Wartortle
|
|win|karan_yadav2977
|raw|AyushToop's rating: 1091 &rarr; <strong>1065</strong><br />(-26 for losing)
|raw|karan_yadav2977's rating: 1051 &rarr; <strong>1087</strong><br />(+36 for winning)
|l|☆AyushToop
|player|p1|
|l|☆karan_yadav2977
|player|p2|
