|j|☆slash_poke
|j|☆Jlenny8
|t:|1760731556
|gametype|singles
|player|p1|slash_poke|volkner|1217
|player|p2|Jlenny8|1|1234
|gen|9
|tier|[Gen 9] OU
|rated|
|rule|HP Percentage Mod: HP is shown in percentages
|rule|Endless Battle Clause: Forcing endless battles is banned
|rule|Species Clause: Limit one of each Pokémon
|rule|OHKO Clause: OHKO moves are banned
|rule|Evasion Items Clause: Evasion items are banned
|rule|Evasion Moves Clause: Evasion moves are banned
|rule|Evasion Abilities Clause: Evasion abilities are banned
|rule|Sleep Moves Clause: Sleep-inducing moves are banned
|clearpoke
|poke|p1|Swampert, M|
|poke|p1|Gardevoir, M|
|poke|p1|Kingambit, F|
|poke|p1|Salamence, F|
|poke|p1|Arcanine, M|
|poke|p1|Rotom-Wash|
|poke|p2|Cinderace, M|
|poke|p2|Ogerpon-Wellspring, F|
|poke|p2|Kingambit, M|
|poke|p2|Incineroar, F|
|poke|p2|Clefable, F|
|poke|p2|Dragapult, M|
|teampreview
|inactive|Battle timer is ON: inactive players will automatically lose when time's up. (requested by slash_poke)
|inactive|slash_poke has 120 seconds left.
|
|t:|1760731602
|teamsize|p1|6
|teamsize|p2|6
|start
|switch|p1a: Kingambit|Kingambit, F|100/100
|switch|p2a: Incineroar|Incineroar, F|100/100
|-ability|p2a: Incineroar|Intimidate|boost
|-unboost|p1a: Kingambit|atk|1
|-item|p1a: Kingambit|Air Balloon
|turn|1
|
|t:|1760731618
|-end|p1a: Kingambit|fallenundefined|[silent]
|switch|p1a: Arcanine|Arcanine, M|100/100
|-ability|p1a: Arcanine|Intimidate|boost
|-unboost|p2a: Incineroar|atk|1
|move|p2a: Incineroar|Will-O-Wisp|p1a: Arcanine
|-immune|p1a: Arcanine
|
|upkeep
|turn|2
|inactive|slash_poke has 120 seconds left.
|
|t:|1760731648
|move|p1a: Arcanine|Play Rough|p2a: Incineroar
|-damage|p2a: Incineroar|59/100
|move|p2a: Incineroar|Parting Shot|p1a: Arcanine
|-unboost|p1a: Arcanine|atk|1
|-unboost|p1a: Arcanine|spa|1
|
|t:|1760731663
|switch|p2a: Cinderace|Cinderace, M|100/100|[from] Parting Shot
|
|upkeep
|turn|3
|inactive|slash_poke has 120 seconds left.
|
|t:|1760731678
|switch|p1a: Swampert|Swampert, M|100/100
|move|p2a: Cinderace|Pyro Ball|p1a: Swampert
|-resisted|p1a: Swampert
|-damage|p1a: Swampert|76/100
|
|upkeep
|turn|4
|
|t:|1760731686
|switch|p2a: Ogerpon|Ogerpon-Wellspring, F|100/100
|move|p1a: Swampert|Knock Off|p2a: Ogerpon
|-damage|p2a: Ogerpon|70/100
|
|upkeep
|turn|5
|
|t:|1760731695
|switch|p1a: Arcanine|Arcanine, M|100/100
|-ability|p1a: Arcanine|Intimidate|boost
|-unboost|p2a: Ogerpon|atk|1
|move|p2a: Ogerpon|Leech Seed|p1a: Arcanine
|-start|p1a: Arcanine|move: Leech Seed
|
|-damage|p1a: Arcanine|88/100|[from] Leech Seed|[of] p2a: Ogerpon
|-heal|p2a: Ogerpon|83/100|[silent]
|upkeep
|turn|6
|
|t:|1760731704
|switch|p1a: Gardevoir|Gardevoir, M|100/100
|-ability|p1a: Gardevoir|Water Absorb|Trace|[from] ability: Trace|[of] p2a: Ogerpon
|move|p2a: Ogerpon|U-turn|p1a: Gardevoir
|-damage|p1a: Gardevoir|69/100
|
|t:|1760731717
|switch|p2a: Clefable|Clefable, F|100/100|[from] U-turn
|
|upkeep
|turn|7
|
|t:|1760731725
|move|p1a: Gardevoir|Mystical Fire|p2a: Clefable
|-damage|p2a: Clefable|73/100
|-unboost|p2a: Clefable|spa|1
|move|p2a: Clefable|Wish|p2a: Clefable
|
|-heal|p2a: Clefable|79/100|[from] item: Leftovers
|upkeep
|turn|8
|
|t:|1760731734
|switch|p1a: Kingambit|Kingambit, F|100/100
|-item|p1a: Kingambit|Air Balloon
|switch|p2a: Incineroar|Incineroar, F|59/100
|-ability|p2a: Incineroar|Intimidate|boost
|-unboost|p1a: Kingambit|atk|1
|
|-heal|p2a: Incineroar|100/100|[from] move: Wish|[wisher] Clefable
|upkeep
|turn|9
|
|t:|1760731745
|-end|p1a: Kingambit|fallenundefined|[silent]
|switch|p1a: Arcanine|Arcanine, M|88/100
|-ability|p1a: Arcanine|Intimidate|boost
|-unboost|p2a: Incineroar|atk|1
|move|p2a: Incineroar|Fake Out|p1a: Arcanine
|-damage|p1a: Arcanine|79/100
|
|upkeep
|turn|10
|
|t:|1760731758
|move|p1a: Arcanine|Extreme Speed|p2a: Incineroar
|-crit|p2a: Incineroar
|-damage|p2a: Incineroar|45/100
|move|p2a: Incineroar|Parting Shot|p1a: Arcanine
|-unboost|p1a: Arcanine|atk|1
|-unboost|p1a: Arcanine|spa|1
|
|t:|1760731768
|switch|p2a: Cinderace|Cinderace, M|100/100|[from] Parting Shot
|
|upkeep
|turn|11
|
|t:|1760731784
|switch|p1a: Swampert|Swampert, M|76/100
|move|p2a: Cinderace|High Jump Kick|p1a: Swampert
|-start|p2a: Cinderace|typechange|Fighting|[from] ability: Libero
|-crit|p1a: Swampert
|-damage|p1a: Swampert|0 fnt
|-damage|p2a: Cinderace|84/100|[from] item: Rocky Helmet|[of] p1a: Swampert
|faint|p1a: Swampert
|
|upkeep
|
|t:|1760731789
|switch|p1a: Gardevoir|Gardevoir, M|69/100
|-ability|p1a: Gardevoir|Libero|Trace|[from] ability: Trace|[of] p2a: Cinderace
|turn|12
|
|t:|1760731799
|move|p1a: Gardevoir|Moonblast|p2a: Cinderace
|-start|p1a: Gardevoir|typechange|Fairy|[from] ability: Libero
|-supereffective|p2a: Cinderace
|-damage|p2a: Cinderace|0 fnt
|faint|p2a: Cinderace
|
|upkeep
|
|t:|1760731811
|switch|p2a: Incineroar|Incineroar, F|45/100
|-ability|p2a: Incineroar|Intimidate|boost
|-unboost|p1a: Gardevoir|atk|1
|turn|13
|
|t:|1760731823
|move|p1a: Gardevoir|Moonblast|p2a: Incineroar
|-damage|p2a: Incineroar|12/100
|-unboost|p2a: Incineroar|spa|1
|move|p2a: Incineroar|Parting Shot|p1a: Gardevoir
|-unboost|p1a: Gardevoir|atk|1
|-unboost|p1a: Gardevoir|spa|1
|inactive|Jlenny8 has 120 seconds left.
|
|t:|1760731853
|switch|p2a: Ogerpon|Ogerpon-Wellspring, F|83/100|[from] Parting Shot
|
|upkeep
|turn|14
|
|t:|1760731874
|switch|p1a: Arcanine|Arcanine, M|79/100
|-ability|p1a: Arcanine|Intimidate|boost
|-unboost|p2a: Ogerpon|atk|1
|move|p2a: Ogerpon|Ivy Cudgel|p1a: Arcanine|[anim] Ivy Cudgel Water
|-supereffective|p1a: Arcanine
|-damage|p1a: Arcanine|0 fnt
|faint|p1a: Arcanine
|
|upkeep
|
|t:|1760731883
|switch|p1a: Gardevoir|Gardevoir, M|69/100
|-ability|p1a: Gardevoir|Water Absorb|Trace|[from] ability: Trace|[of] p2a: Ogerpon
|turn|15
|
|t:|1760731889
|switch|p2a: Incineroar|Incineroar, F|12/100
|-ability|p2a: Incineroar|Intimidate|boost
|-unboost|p1a: Gardevoir|atk|1
|move|p1a: Gardevoir|Moonblast|p2a: Incineroar
|-damage|p2a: Incineroar|0 fnt
|faint|p2a: Incineroar
|
|upkeep
|
|t:|1760731902
|switch|p2a: Kingambit|Kingambit, M|100/100
|-activate|p2a: Kingambit|ability: Supreme Overlord
|-start|p2a: Kingambit|fallen2|[silent]
|-item|p2a: Kingambit|Air Balloon
|turn|16
|
|t:|1760731923
|switch|p1a: Rotom|Rotom-Wash|100/100
|move|p2a: Kingambit|Kowtow Cleave|p1a: Rotom
|-damage|p1a: Rotom|35/100
|
|upkeep
|turn|17
|
|t:|1760731941
|move|p1a: Rotom|Discharge|p2a: Kingambit
|-damage|p2a: Kingambit|74/100
|-enditem|p2a: Kingambit|Air Balloon
|move|p2a: Kingambit|Kowtow Cleave|p1a: Rotom
|-damage|p1a: Rotom|0 fnt
|faint|p1a: Rotom
|
|upkeep
|
|t:|1760731956
|switch|p1a: Gardevoir|Gardevoir, M|69/100
|-ability|p1a: Gardevoir|Supreme Overlord|Trace|[from] ability: Trace|[of] p2a: Kingambit
|-activate|p1a: Gardevoir|ability: Supreme Overlord
|-start|p1a: Gardevoir|fallen3|[silent]
|turn|18
|
|t:|1760731963
|move|p2a: Kingambit|Sucker Punch|p1a: Gardevoir
|-damage|p1a: Gardevoir|0 fnt
|faint|p1a: Gardevoir
|-end|p1a: Gardevoir|fallen3|[silent]
|
|upkeep
|
|t:|1760731972
|switch|p1a: Kingambit|Kingambit, F|100/100
|-activate|p1a: Kingambit|ability: Supreme Overlord
|-start|p1a: Kingambit|fallen4|[silent]
|-item|p1a: Kingambit|Air Balloon
|turn|19
|
|t:|1760731980
|-end|p2a: Kingambit|fallen2|[silent]
|switch|p2a: Clefable|Clefable, F|79/100
|move|p1a: Kingambit|Brick Break|p2a: Clefable
|-resisted|p2a: Clefable
|-damage|p2a: Clefable|63/100
|
|-heal|p2a: Clefable|70/100|[from] item: Leftovers
|upkeep
|turn|20
|
|t:|1760731989
|switch|p2a: Ogerpon|Ogerpon-Wellspring, F|83/100
|move|p1a: Kingambit|Iron Head|p2a: Ogerpon
|-resisted|p2a: Ogerpon
|-damage|p2a: Ogerpon|37/100
|
|upkeep
|turn|21
|
|t:|1760731996
|move|p1a: Kingambit|Sucker Punch||[still]
|-fail|p1a: Kingambit
|move|p2a: Ogerpon|Leech Seed|p1a: Kingambit
|-start|p1a: Kingambit|move: Leech Seed
|
|-damage|p1a: Kingambit|88/100|[from] Leech Seed|[of] p2a: Ogerpon
|-heal|p2a: Ogerpon|53/100|[silent]
|upkeep
|turn|22
|
|t:|1760732004
|switch|p2a: Clefable|Clefable, F|70/100
|-end|p1a: Kingambit|fallen4|[silent]
|switch|p1a: Salamence|Salamence, F|100/100
|
|-heal|p2a: Clefable|76/100|[from] item: Leftovers
|upkeep
|turn|23
|
|t:|1760732012
|switch|p1a: Kingambit|Kingambit, F|88/100
|-activate|p1a: Kingambit|ability: Supreme Overlord
|-start|p1a: Kingambit|fallen4|[silent]
|-item|p1a: Kingambit|Air Balloon
|move|p2a: Clefable|Wish|p2a: Clefable
|
|-heal|p2a: Clefable|82/100|[from] item: Leftovers
|upkeep
|turn|24
|
|t:|1760732024
|switch|p2a: Ogerpon|Ogerpon-Wellspring, F|53/100
|move|p1a: Kingambit|Swords Dance|p1a: Kingambit
|-boost|p1a: Kingambit|atk|2
|
|-heal|p2a: Ogerpon|100/100|[from] move: Wish|[wisher] Clefable
|upkeep
|turn|25
|
|t:|1760732033
|move|p2a: Ogerpon|Ivy Cudgel|p1a: Kingambit|[anim] Ivy Cudgel Water
|-damage|p1a: Kingambit|43/100
|-enditem|p1a: Kingambit|Air Balloon
|move|p1a: Kingambit|Iron Head|p2a: Ogerpon
|-resisted|p2a: Ogerpon
|-damage|p2a: Ogerpon|18/100
|
|upkeep
|turn|26
|
|t:|1760732041
|move|p1a: Kingambit|Sucker Punch||[still]
|-fail|p1a: Kingambit
|move|p2a: Ogerpon|Leech Seed|p1a: Kingambit
|-start|p1a: Kingambit|move: Leech Seed
|
|-damage|p1a: Kingambit|30/100|[from] Leech Seed|[of] p2a: Ogerpon
|-heal|p2a: Ogerpon|34/100|[silent]
|upkeep
|turn|27
|
|t:|1760732049
|-end|p1a: Kingambit|fallen4|[silent]
|switch|p1a: Salamence|Salamence, F|100/100
|move|p2a: Ogerpon|Ivy Cudgel|p1a: Salamence|[anim] Ivy Cudgel Water
|-resisted|p1a: Salamence
|-damage|p1a: Salamence|65/100
|
|upkeep
|turn|28
|
|t:|1760732059
|move|p2a: Ogerpon|U-turn|p1a: Salamence
|-resisted|p1a: Salamence
|-damage|p1a: Salamence|47/100
|
|t:|1760732082
|switch|p2a: Clefable|Clefable, F|82/100|[from] U-turn
|move|p1a: Salamence|Dual Wingbeat|p2a: Clefable
|-damage|p2a: Clefable|65/100
|-damage|p2a: Clefable|45/100
|-hitcount|p2a: Clefable|2
|
|-heal|p2a: Clefable|52/100|[from] item: Leftovers
|upkeep
|turn|29
|
|t:|1760732093
|switch|p1a: Kingambit|Kingambit, F|30/100
|-activate|p1a: Kingambit|ability: Supreme Overlord
|-start|p1a: Kingambit|fallen4|[silent]
|move|p2a: Clefable|Wish|p2a: Clefable
|
|-heal|p2a: Clefable|58/100|[from] item: Leftovers
|upkeep
|turn|30
|
|t:|1760732101
|move|p2a: Clefable|Moonblast|p1a: Kingambit
|-damage|p1a: Kingambit|0 fnt
|faint|p1a: Kingambit
|-end|p1a: Kingambit|fallen4|[silent]
|
|-heal|p2a: Clefable|100/100|[from] move: Wish|[wisher] Clefable
|upkeep
|
|t:|1760732104
|switch|p1a: Salamence|Salamence, F|47/100
|turn|31
|
|t:|1760732116
|-terastallize|p1a: Salamence|Steel
|move|p1a: Salamence|Earthquake|p2a: Clefable
|-damage|p2a: Clefable|70/100
|move|p2a: Clefable|Moonblast|p1a: Salamence
|-resisted|p1a: Salamence
|-damage|p1a: Salamence|29/100
|
|-heal|p2a: Clefable|76/100|[from] item: Leftovers
|upkeep
|turn|32
|c|☆Jlenny8|Gg
|
|t:|1760732127
|move|p1a: Salamence|Dragon Dance|p1a: Salamence
|-boost|p1a: Salamence|atk|1
|-boost|p1a: Salamence|spe|1
|move|p2a: Clefable|Wish|p2a: Clefable
|
|-heal|p2a: Clefable|82/100|[from] item: Leftovers
|upkeep
|turn|33
|
|t:|1760732134
|move|p1a: Salamence|Earthquake|p2a: Clefable
|-damage|p2a: Clefable|53/100
|move|p2a: Clefable|Moonblast|p1a: Salamence
|-resisted|p1a: Salamence
|-damage|p1a: Salamence|9/100
|
|-heal|p2a: Clefable|100/100|[from] move: Wish|[wisher] Clefable
|upkeep
|turn|34
|
|t:|1760732143
|move|p1a: Salamence|Earthquake|p2a: Clefable
|-damage|p2a: Clefable|69/100
|move|p2a: Clefable|Moonblast|p1a: Salamence
|-resisted|p1a: Salamence
|-damage|p1a: Salamence|0 fnt
|faint|p1a: Salamence
|
|win|Jlenny8
|raw|slash_poke's rating: 1217 &rarr; <strong>1193</strong><br />(-24 for losing)
|raw|Jlenny8's rating: 1234 &rarr; <strong>1258</strong><br />(+24 for winning)
|c|☆slash_poke|gg
|l|☆Jlenny8
|player|p2|
