|j|☆byuself
|j|☆Grindset mindset
|t:|1760732438
|gametype|singles
|player|p1|byuself|2|1708
|player|p2|Grindset mindset|skyla|1740
|gen|9
|tier|[Gen 9] OU
|rated|
|rule|HP Percentage Mod: HP is shown in percentages
|rule|Endless Battle Clause: Forcing endless battles is banned
|rule|Species Clause: Limit one of each Pokémon
|rule|OHKO Clause: OHKO moves are banned
|rule|Evasion Items Clause: Evasion items are banned
|rule|Evasion Moves Clause: Evasion moves are banned
|rule|Evasion Abilities Clause: Evasion abilities are banned
|rule|Sleep Moves Clause: Sleep-inducing moves are banned
|clearpoke
|poke|p1|Walking Wake|
|poke|p1|Cresselia, F|
|poke|p1|Ninetales, F|
|poke|p1|Lilligant-Hisui, F|
|poke|p1|Raging Bolt|
|poke|p1|Great Tusk|
|poke|p2|Ogerpon-Cornerstone, F|
|poke|p2|Primarina, F|
|poke|p2|Armarouge, M|
|poke|p2|Raging Bolt|
|poke|p2|Great Tusk|
|poke|p2|Zapdos-Galar|
|teampreview
|inactive|Battle timer is ON: inactive players will automatically lose when time's up. (requested by Grindset mindset)
|
|t:|1760732449
|teamsize|p1|6
|teamsize|p2|6
|start
|switch|p1a: Raging Bolt|Raging Bolt|100/100
|switch|p2a: Raging Bolt|Raging Bolt|100/100
|turn|1
|
|t:|1760732455
|-end|p1a: Raging Bolt|Protosynthesis|[silent]
|switch|p1a: Cresselia|Cresselia, F|100/100
|-end|p2a: Raging Bolt|Protosynthesis|[silent]
|switch|p2a: Great Tusk|Great Tusk|100/100
|-enditem|p2a: Great Tusk|Booster Energy
|-activate|p2a: Great Tusk|ability: Protosynthesis|[fromitem]
|-start|p2a: Great Tusk|protosynthesisatk
|
|upkeep
|turn|2
|
|t:|1760732458
|-end|p2a: Great Tusk|Protosynthesis|[silent]
|switch|p2a: Primarina|Primarina, F|100/100
|move|p1a: Cresselia|Ice Beam|p2a: Primarina
|-resisted|p2a: Primarina
|-damage|p2a: Primarina|96/100
|
|upkeep
|turn|3
|
|t:|1760732460
|move|p1a: Cresselia|Thunder Wave|p2a: Primarina
|-status|p2a: Primarina|par
|move|p2a: Primarina|Moonblast|p1a: Cresselia
|-damage|p1a: Cresselia|68/100
|-unboost|p1a: Cresselia|spa|1
|
|-heal|p1a: Cresselia|74/100|[from] item: Leftovers
|upkeep
|turn|4
|
|t:|1760732464
|switch|p1a: Ninetales|Ninetales, F|100/100
|-weather|SunnyDay|[from] ability: Drought|[of] p1a: Ninetales
|move|p2a: Primarina|Moonblast|p1a: Ninetales
|-resisted|p1a: Ninetales
|-damage|p1a: Ninetales|66/100
|
|-weather|SunnyDay|[upkeep]
|upkeep
|turn|5
|
|t:|1760732488
|switch|p1a: Cresselia|Cresselia, F|74/100
|move|p2a: Primarina|Moonblast|p1a: Cresselia
|-damage|p1a: Cresselia|42/100
|-unboost|p1a: Cresselia|spa|1
|
|-weather|SunnyDay|[upkeep]
|-heal|p1a: Cresselia|49/100|[from] item: Leftovers
|upkeep
|turn|6
|
|t:|1760732494
|switch|p2a: Raging Bolt|Raging Bolt|100/100
|-activate|p2a: Raging Bolt|ability: Protosynthesis
|-start|p2a: Raging Bolt|protosynthesisspa
|move|p1a: Cresselia|Moonlight|p1a: Cresselia
|-heal|p1a: Cresselia|100/100
|
|-weather|SunnyDay|[upkeep]
|upkeep
|turn|7
|
|t:|1760732499
|move|p1a: Cresselia|Ice Beam|p2a: Raging Bolt
|-supereffective|p2a: Raging Bolt
|-damage|p2a: Raging Bolt|80/100
|move|p2a: Raging Bolt|Ancient Power|p1a: Cresselia
|-damage|p1a: Cresselia|83/100
|
|-weather|SunnyDay|[upkeep]
|-heal|p1a: Cresselia|90/100|[from] item: Leftovers
|-heal|p2a: Raging Bolt|87/100|[from] item: Leftovers
|upkeep
|turn|8
|
|t:|1760732507
|switch|p1a: Raging Bolt|Raging Bolt|100/100
|-activate|p1a: Raging Bolt|ability: Protosynthesis
|-start|p1a: Raging Bolt|protosynthesisspa
|move|p2a: Raging Bolt|Ancient Power|p1a: Raging Bolt
|-damage|p1a: Raging Bolt|71/100
|
|-weather|SunnyDay|[upkeep]
|-heal|p2a: Raging Bolt|93/100|[from] item: Leftovers
|upkeep
|turn|9
|
|t:|1760732510
|move|p1a: Raging Bolt|Draco Meteor|p2a: Raging Bolt
|-supereffective|p2a: Raging Bolt
|-damage|p2a: Raging Bolt|0 fnt
|-unboost|p1a: Raging Bolt|spa|2
|faint|p2a: Raging Bolt
|-end|p2a: Raging Bolt|Protosynthesis|[silent]
|
|-weather|SunnyDay|[upkeep]
|upkeep
|j| Old as fvck
|
|t:|1760732513
|switch|p2a: Primarina|Primarina, F|96/100 par
|turn|10
|
|t:|1760732524
|-end|p1a: Raging Bolt|Protosynthesis|[silent]
|switch|p1a: Great Tusk|Great Tusk|100/100
|-activate|p1a: Great Tusk|ability: Protosynthesis
|-start|p1a: Great Tusk|protosynthesisspe
|cant|p2a: Primarina|par
|
|-weather|SunnyDay|[upkeep]
|upkeep
|turn|11
|
|t:|1760732527
|move|p1a: Great Tusk|Stealth Rock|p2a: Primarina
|-sidestart|p2: Grindset mindset|move: Stealth Rock
|move|p2a: Primarina|Flip Turn|p1a: Great Tusk
|-supereffective|p1a: Great Tusk
|-damage|p1a: Great Tusk|92/100
|
|t:|1760732530
|switch|p2a: Great Tusk|Great Tusk|100/100|[from] Flip Turn
|-damage|p2a: Great Tusk|98/100|[from] Stealth Rock
|-activate|p2a: Great Tusk|ability: Protosynthesis
|-start|p2a: Great Tusk|protosynthesisatk
|
|-weather|none
|-end|p1a: Great Tusk|Protosynthesis
|-end|p2a: Great Tusk|Protosynthesis
|upkeep
|turn|12
|
|t:|1760732538
|move|p1a: Great Tusk|Ice Spinner|p2a: Great Tusk
|-supereffective|p2a: Great Tusk
|-damage|p2a: Great Tusk|65/100
|move|p2a: Great Tusk|Rapid Spin|p1a: Great Tusk
|-damage|p1a: Great Tusk|80/100
|-boost|p2a: Great Tusk|spe|1
|-sideend|p2: Grindset mindset|Stealth Rock|[from] move: Rapid Spin|[of] p2a: Great Tusk
|
|upkeep
|turn|13
|
|t:|1760732542
|-end|p2a: Great Tusk|Protosynthesis|[silent]
|switch|p2a: Armarouge|Armarouge, M|100/100
|move|p1a: Great Tusk|Rapid Spin|p2a: Armarouge
|-damage|p2a: Armarouge|85/100
|-boost|p1a: Great Tusk|spe|1
|-ability|p2a: Armarouge|Weak Armor|boost
|-unboost|p2a: Armarouge|def|1
|-boost|p2a: Armarouge|spe|2
|
|upkeep
|turn|14
|
|t:|1760732551
|-end|p1a: Great Tusk|Protosynthesis|[silent]
|switch|p1a: Cresselia|Cresselia, F|90/100
|move|p2a: Armarouge|Endure||[still]
|-fail|p2a: Armarouge
|
|-heal|p1a: Cresselia|96/100|[from] item: Leftovers
|upkeep
|turn|15
|
|t:|1760732555
|switch|p2a: Zapdos|Zapdos-Galar|100/100
|move|p1a: Cresselia|Thunder Wave|p2a: Zapdos
|-status|p2a: Zapdos|par
|
|-heal|p1a: Cresselia|100/100|[from] item: Leftovers
|upkeep
|turn|16
|
|t:|1760732557
|move|p1a: Cresselia|Ice Beam|p2a: Zapdos
|-supereffective|p2a: Zapdos
|-damage|p2a: Zapdos|61/100 par
|move|p2a: Zapdos|Knock Off|p1a: Cresselia
|-supereffective|p1a: Cresselia
|-damage|p1a: Cresselia|36/100
|-enditem|p1a: Cresselia|Leftovers|[from] move: Knock Off|[of] p2a: Zapdos
|
|upkeep
|turn|17
|
|t:|1760732565
|move|p1a: Cresselia|Moonlight|p1a: Cresselia
|-heal|p1a: Cresselia|86/100
|move|p2a: Zapdos|Knock Off|p1a: Cresselia
|-supereffective|p1a: Cresselia
|-damage|p1a: Cresselia|46/100
|
|upkeep
|turn|18
|
|t:|1760732569
|move|p1a: Cresselia|Moonlight|p1a: Cresselia
|-heal|p1a: Cresselia|96/100
|move|p2a: Zapdos|Knock Off|p1a: Cresselia
|-supereffective|p1a: Cresselia
|-damage|p1a: Cresselia|54/100
|
|upkeep
|turn|19
|
|t:|1760732573
|move|p1a: Cresselia|Ice Beam|p2a: Zapdos
|-supereffective|p2a: Zapdos
|-damage|p2a: Zapdos|26/100 par
|move|p2a: Zapdos|Knock Off|p1a: Cresselia
|-supereffective|p1a: Cresselia
|-damage|p1a: Cresselia|17/100
|
|upkeep
|turn|20
|l| Old as fvck
|
|t:|1760732576
|move|p1a: Cresselia|Moonlight|p1a: Cresselia
|-heal|p1a: Cresselia|67/100
|move|p2a: Zapdos|Knock Off|p1a: Cresselia
|-supereffective|p1a: Cresselia
|-damage|p1a: Cresselia|30/100
|
|upkeep
|turn|21
|
|t:|1760732580
|move|p1a: Cresselia|Moonlight|p1a: Cresselia
|-heal|p1a: Cresselia|80/100
|move|p2a: Zapdos|Knock Off|p1a: Cresselia
|-supereffective|p1a: Cresselia
|-damage|p1a: Cresselia|42/100
|
|upkeep
|turn|22
|
|t:|1760732584
|move|p1a: Cresselia|Moonlight|p1a: Cresselia
|-heal|p1a: Cresselia|92/100
|cant|p2a: Zapdos|par
|
|upkeep
|turn|23
|
|t:|1760732588
|move|p1a: Cresselia|Ice Beam|p2a: Zapdos
|-supereffective|p2a: Zapdos
|-damage|p2a: Zapdos|0 fnt
|faint|p2a: Zapdos
|
|upkeep
|
|t:|1760732589
|switch|p2a: Primarina|Primarina, F|96/100 par
|turn|24
|
|t:|1760732597
|switch|p1a: Ninetales|Ninetales, F|66/100
|-weather|SunnyDay|[from] ability: Drought|[of] p1a: Ninetales
|move|p2a: Primarina|Surf|p1a: Ninetales
|-supereffective|p1a: Ninetales
|-damage|p1a: Ninetales|6/100
|
|-weather|SunnyDay|[upkeep]
|upkeep
|turn|25
|
|t:|1760732603
|switch|p1a: Raging Bolt|Raging Bolt|71/100
|-activate|p1a: Raging Bolt|ability: Protosynthesis
|-start|p1a: Raging Bolt|protosynthesisspa
|cant|p2a: Primarina|par
|
|-weather|SunnyDay|[upkeep]
|upkeep
|turn|26
|
|t:|1760732612
|move|p1a: Raging Bolt|Weather Ball|p2a: Primarina
|-resisted|p2a: Primarina
|-damage|p2a: Primarina|66/100 par
|cant|p2a: Primarina|par
|
|-weather|SunnyDay|[upkeep]
|upkeep
|turn|27
|
|t:|1760732628
|move|p1a: Raging Bolt|Weather Ball|p2a: Primarina
|-resisted|p2a: Primarina
|-damage|p2a: Primarina|32/100 par
|move|p2a: Primarina|Moonblast|p1a: Raging Bolt
|-supereffective|p1a: Raging Bolt
|-crit|p1a: Raging Bolt
|-damage|p1a: Raging Bolt|0 fnt
|faint|p1a: Raging Bolt
|-end|p1a: Raging Bolt|Protosynthesis|[silent]
|
|-weather|SunnyDay|[upkeep]
|upkeep
|j| Old as fvck
|l| Old as fvck
|
|t:|1760732639
|switch|p1a: Lilligant|Lilligant-Hisui, F|100/100
|turn|28
|
|t:|1760732641
|move|p1a: Lilligant|Solar Blade||[still]
|-prepare|p1a: Lilligant|Solar Blade
|-anim|p1a: Lilligant|Solar Blade|p2a: Primarina
|-supereffective|p2a: Primarina
|-damage|p2a: Primarina|0 fnt
|faint|p2a: Primarina
|-damage|p1a: Lilligant|91/100|[from] item: Life Orb
|
|-weather|SunnyDay|[upkeep]
|upkeep
|
|t:|1760732643
|switch|p2a: Armarouge|Armarouge, M|85/100
|turn|29
|
|t:|1760732647
|switch|p1a: Cresselia|Cresselia, F|92/100
|move|p2a: Armarouge|Armor Cannon|p1a: Cresselia
|-damage|p1a: Cresselia|37/100
|-unboost|p2a: Armarouge|def|1
|-unboost|p2a: Armarouge|spd|1
|
|-weather|SunnyDay|[upkeep]
|upkeep
|turn|30
|
|t:|1760732651
|switch|p1a: Walking Wake|Walking Wake|100/100
|-activate|p1a: Walking Wake|ability: Protosynthesis
|-start|p1a: Walking Wake|protosynthesisspa
|move|p2a: Armarouge|Armor Cannon|p1a: Walking Wake
|-resisted|p1a: Walking Wake
|-damage|p1a: Walking Wake|75/100
|-unboost|p2a: Armarouge|def|1
|-unboost|p2a: Armarouge|spd|1
|
|-weather|SunnyDay|[upkeep]
|upkeep
|turn|31
|
|t:|1760732654
|switch|p2a: Great Tusk|Great Tusk|65/100
|-activate|p2a: Great Tusk|ability: Protosynthesis
|-start|p2a: Great Tusk|protosynthesisatk
|move|p1a: Walking Wake|Agility|p1a: Walking Wake
|-boost|p1a: Walking Wake|spe|2
|
|-weather|none
|-end|p1a: Walking Wake|Protosynthesis
|-end|p2a: Great Tusk|Protosynthesis
|upkeep
|turn|32
|
|t:|1760732657
|move|p1a: Walking Wake|Hydro Steam|p2a: Great Tusk
|-supereffective|p2a: Great Tusk
|-damage|p2a: Great Tusk|0 fnt
|faint|p2a: Great Tusk
|-end|p2a: Great Tusk|Protosynthesis|[silent]
|-damage|p1a: Walking Wake|65/100|[from] item: Life Orb
|
|upkeep
|
|t:|1760732658
|switch|p2a: Ogerpon|Ogerpon-Cornerstone, F|100/100
|turn|33
|
|t:|1760732667
|move|p1a: Walking Wake|Hydro Steam|p2a: Ogerpon
|-damage|p2a: Ogerpon|30/100
|-damage|p1a: Walking Wake|55/100|[from] item: Life Orb
|move|p2a: Ogerpon|Ivy Cudgel|p1a: Walking Wake|[anim] Ivy Cudgel Rock
|-damage|p1a: Walking Wake|0 fnt
|faint|p1a: Walking Wake
|-end|p1a: Walking Wake|Protosynthesis|[silent]
|
|upkeep
|
|t:|1760732673
|switch|p1a: Ninetales|Ninetales, F|6/100
|-weather|SunnyDay|[from] ability: Drought|[of] p1a: Ninetales
|turn|34
|
|t:|1760732677
|move|p2a: Ogerpon|Ivy Cudgel|p1a: Ninetales|[anim] Ivy Cudgel Rock
|-supereffective|p1a: Ninetales
|-damage|p1a: Ninetales|0 fnt
|faint|p1a: Ninetales
|
|-weather|SunnyDay|[upkeep]
|upkeep
|
|t:|1760732679
|switch|p1a: Lilligant|Lilligant-Hisui, F|91/100
|turn|35
|
|t:|1760732682
|move|p1a: Lilligant|Solar Blade||[still]
|-prepare|p1a: Lilligant|Solar Blade
|-anim|p1a: Lilligant|Solar Blade|p2a: Ogerpon
|-damage|p2a: Ogerpon|0 fnt
|faint|p2a: Ogerpon
|-damage|p1a: Lilligant|81/100|[from] item: Life Orb
|
|-weather|SunnyDay|[upkeep]
|upkeep
|
|t:|1760732683
|switch|p2a: Armarouge|Armarouge, M|85/100
|turn|36
|
|t:|1760732686
|switch|p1a: Cresselia|Cresselia, F|37/100
|move|p2a: Armarouge|Armor Cannon|p1a: Cresselia
|-damage|p1a: Cresselia|0 fnt
|-unboost|p2a: Armarouge|def|1
|-unboost|p2a: Armarouge|spd|1
|faint|p1a: Cresselia
|
|-weather|SunnyDay|[upkeep]
|upkeep
|
|t:|1760732690
|switch|p1a: Lilligant|Lilligant-Hisui, F|81/100
|turn|37
|
|t:|1760732692
|move|p1a: Lilligant|Triple Axel|p2a: Armarouge
|-resisted|p2a: Armarouge
|-damage|p2a: Armarouge|78/100
|-ability|p2a: Armarouge|Weak Armor|boost
|-unboost|p2a: Armarouge|def|1
|-boost|p2a: Armarouge|spe|2
|-resisted|p2a: Armarouge
|-damage|p2a: Armarouge|61/100
|-ability|p2a: Armarouge|Weak Armor|boost
|-unboost|p2a: Armarouge|def|1
|-boost|p2a: Armarouge|spe|2
|-resisted|p2a: Armarouge
|-damage|p2a: Armarouge|28/100
|-ability|p2a: Armarouge|Weak Armor|boost
|-unboost|p2a: Armarouge|def|1
|-boost|p2a: Armarouge|spe|2
|-hitcount|p2a: Armarouge|3
|-damage|p1a: Lilligant|71/100|[from] item: Life Orb
|move|p2a: Armarouge|Armor Cannon|p1a: Lilligant
|-supereffective|p1a: Lilligant
|-damage|p1a: Lilligant|0 fnt
|-unboost|p2a: Armarouge|def|1
|-unboost|p2a: Armarouge|spd|1
|faint|p1a: Lilligant
|
|-weather|SunnyDay|[upkeep]
|upkeep
|
|t:|1760732703
|switch|p1a: Great Tusk|Great Tusk|80/100
|-activate|p1a: Great Tusk|ability: Protosynthesis
|-start|p1a: Great Tusk|protosynthesisspe
|turn|38
|
|t:|1760732708
|move|p2a: Armarouge|Endure|p2a: Armarouge
|-singleturn|p2a: Armarouge|move: Endure
|move|p1a: Great Tusk|Stealth Rock|p2a: Armarouge
|-sidestart|p2: Grindset mindset|move: Stealth Rock
|
|-weather|SunnyDay|[upkeep]
|upkeep
|turn|39
|
|t:|1760732711
|move|p2a: Armarouge|Stored Power|p1a: Great Tusk
|-supereffective|p1a: Great Tusk
|-damage|p1a: Great Tusk|0 fnt
|faint|p1a: Great Tusk
|-end|p1a: Great Tusk|Protosynthesis|[silent]
|
|win|Grindset mindset
|raw|byuself's rating: 1708 &rarr; <strong>1690</strong><br />(-18 for losing)
|raw|Grindset mindset's rating: 1740 &rarr; <strong>1758</strong><br />(+18 for winning)
|l|☆Grindset mindset
|player|p2|
|l|☆byuself
|player|p1|
