|j|☆irubic
|j|☆Hidan999
|t:|1760881141
|gametype|singles
|player|p1|irubic|ethan|1157
|player|p2|Hidan999|101|1151
|gen|9
|tier|[Gen 9] OU
|rated|
|rule|HP Percentage Mod: HP is shown in percentages
|rule|Endless Battle Clause: Forcing endless battles is banned
|rule|Species Clause: Limit one of each Pokémon
|rule|OHKO Clause: OHKO moves are banned
|rule|Evasion Items Clause: Evasion items are banned
|rule|Evasion Moves Clause: Evasion moves are banned
|rule|Evasion Abilities Clause: Evasion abilities are banned
|rule|Sleep Moves Clause: Sleep-inducing moves are banned
|clearpoke
|poke|p1|Zapdos|
|poke|p1|Iron Valiant|
|poke|p1|Kyurem|
|poke|p1|Darkrai|
|poke|p1|Iron Treads|
|poke|p1|Gliscor, M|
|poke|p2|Weavile, F|
|poke|p2|Garchomp, F|
|poke|p2|Iron Valiant|
|poke|p2|Dragapult, M|
|poke|p2|Greninja-*, M|
|poke|p2|Iron Moth|
|teampreview
|inactive|Battle timer is ON: inactive players will automatically lose when time's up. (requested by Hidan999)
|
|t:|1760881171
|teamsize|p1|6
|teamsize|p2|6
|start
|switch|p1a: Darkrai|Darkrai|100/100
|switch|p2a: Dragapult|Dragapult, M, shiny|100/100
|turn|1
|
|t:|1760881178
|move|p1a: Darkrai|Ice Beam|p2a: Dragapult
|-supereffective|p2a: Dragapult
|-damage|p2a: Dragapult|2/100
|move|p2a: Dragapult|U-turn|p1a: Darkrai
|-supereffective|p1a: Darkrai
|-damage|p1a: Darkrai|58/100
|
|t:|1760881196
|switch|p2a: Iron Valiant|Iron Valiant|100/100|[from] U-turn
|
|upkeep
|turn|2
|
|t:|1760881220
|switch|p1a: Iron Treads|Iron Treads|100/100
|-enditem|p1a: Iron Treads|Booster Energy
|-activate|p1a: Iron Treads|ability: Quark Drive|[fromitem]
|-start|p1a: Iron Treads|quarkdrivespe
|move|p2a: Iron Valiant|Knock Off|p1a: Iron Treads
|-damage|p1a: Iron Treads|81/100
|
|upkeep
|turn|3
|inactive|Hidan999 has 120 seconds left.
|
|t:|1760881250
|-end|p2a: Iron Valiant|Quark Drive|[silent]
|switch|p2a: Iron Moth|Iron Moth|100/100
|move|p1a: Iron Treads|Stealth Rock|p2a: Iron Moth
|-sidestart|p2: Hidan999|move: Stealth Rock
|
|upkeep
|turn|4
|inactive|Hidan999 has 120 seconds left.
|
|t:|1760881265
|move|p1a: Iron Treads|Earth Power|p2a: Iron Moth
|-supereffective|p2a: Iron Moth
|-damage|p2a: Iron Moth|0 fnt
|faint|p2a: Iron Moth
|-end|p2a: Iron Moth|Quark Drive|[silent]
|
|upkeep
|inactive|Hidan999 has 120 seconds left.
|
|t:|1760881272
|switch|p2a: Iron Valiant|Iron Valiant|100/100
|-damage|p2a: Iron Valiant|94/100|[from] Stealth Rock
|turn|5
|
|t:|1760881281
|move|p2a: Iron Valiant|Close Combat|p1a: Iron Treads
|-supereffective|p1a: Iron Treads
|-damage|p1a: Iron Treads|0 fnt
|-unboost|p2a: Iron Valiant|def|1
|-unboost|p2a: Iron Valiant|spd|1
|faint|p1a: Iron Treads
|-end|p1a: Iron Treads|Quark Drive|[silent]
|
|upkeep
|
|t:|1760881299
|switch|p1a: Zapdos|Zapdos|100/100
|turn|6
|
|t:|1760881307
|-end|p2a: Iron Valiant|Quark Drive|[silent]
|switch|p2a: Garchomp|Garchomp, F|100/100
|-damage|p2a: Garchomp|94/100|[from] Stealth Rock
|move|p1a: Zapdos|Hurricane|p2a: Garchomp
|-damage|p2a: Garchomp|43/100
|
|upkeep
|turn|7
|
|t:|1760881318
|move|p1a: Zapdos|Hurricane|p2a: Garchomp|[miss]
|-miss|p1a: Zapdos|p2a: Garchomp
|move|p2a: Garchomp|Breaking Swipe|p1a: Zapdos
|-damage|p1a: Zapdos|61/100
|-unboost|p1a: Zapdos|atk|1
|
|upkeep
|turn|8
|
|t:|1760881326
|move|p1a: Zapdos|Hurricane|p2a: Garchomp|[miss]
|-miss|p1a: Zapdos|p2a: Garchomp
|move|p2a: Garchomp|Breaking Swipe|p1a: Zapdos
|-damage|p1a: Zapdos|24/100
|-unboost|p1a: Zapdos|atk|1
|-status|p2a: Garchomp|par|[from] ability: Static|[of] p1a: Zapdos
|
|upkeep
|turn|9
|
|t:|1760881336
|move|p1a: Zapdos|Hurricane|p2a: Garchomp|[miss]
|-miss|p1a: Zapdos|p2a: Garchomp
|cant|p2a: Garchomp|par
|
|upkeep
|turn|10
|
|t:|1760881342
|move|p1a: Zapdos|Hurricane|p2a: Garchomp
|-damage|p2a: Garchomp|0 fnt
|faint|p2a: Garchomp
|
|upkeep
|
|t:|1760881364
|switch|p2a: Iron Valiant|Iron Valiant|94/100
|-damage|p2a: Iron Valiant|88/100|[from] Stealth Rock
|turn|11
|
|t:|1760881382
|switch|p1a: Gliscor|Gliscor, M|100/100
|move|p2a: Iron Valiant|Moonblast|p1a: Gliscor
|-damage|p1a: Gliscor|60/100
|
|-status|p1a: Gliscor|tox|[from] item: Toxic Orb
|upkeep
|turn|12
|
|t:|1760881401
|-end|p2a: Iron Valiant|Quark Drive|[silent]
|switch|p2a: Weavile|Weavile, F|100/100
|-ability|p2a: Weavile|Pressure
|move|p1a: Gliscor|Toxic|p2a: Weavile
|-status|p2a: Weavile|tox
|
|-damage|p2a: Weavile|94/100 tox|[from] psn
|-heal|p1a: Gliscor|72/100 tox|[from] ability: Poison Heal
|upkeep
|turn|13
|
|t:|1760881413
|-terastallize|p1a: Gliscor|Water
|move|p2a: Weavile|Ice Spinner|p1a: Gliscor
|-resisted|p1a: Gliscor
|-damage|p1a: Gliscor|56/100 tox
|move|p1a: Gliscor|Knock Off|p2a: Weavile
|-resisted|p2a: Weavile
|-damage|p2a: Weavile|75/100 tox
|-enditem|p2a: Weavile|Heavy-Duty Boots|[from] move: Knock Off|[of] p1a: Gliscor
|
|-damage|p2a: Weavile|63/100 tox|[from] psn
|-heal|p1a: Gliscor|68/100 tox|[from] ability: Poison Heal
|upkeep
|turn|14
|
|t:|1760881431
|move|p2a: Weavile|Knock Off|p1a: Gliscor
|-damage|p1a: Gliscor|28/100 tox
|-enditem|p1a: Gliscor|Toxic Orb|[from] move: Knock Off|[of] p2a: Weavile
|move|p1a: Gliscor|U-turn|p2a: Weavile
|-supereffective|p2a: Weavile
|-damage|p2a: Weavile|12/100 tox
|inactive|irubic has 120 seconds left.
|
|t:|1760881460
|switch|p1a: Kyurem|Kyurem|100/100|[from] U-turn
|-ability|p1a: Kyurem|Pressure
|
|-damage|p2a: Weavile|0 fnt|[from] psn
|faint|p2a: Weavile
|upkeep
|
|t:|1760881480
|switch|p2a: Iron Valiant|Iron Valiant|88/100
|-damage|p2a: Iron Valiant|82/100|[from] Stealth Rock
|turn|15
|
|t:|1760881507
|move|p2a: Iron Valiant|Moonblast|p1a: Kyurem
|-supereffective|p1a: Kyurem
|-damage|p1a: Kyurem|16/100
|move|p1a: Kyurem|Icicle Spear|p2a: Iron Valiant
|-damage|p2a: Iron Valiant|64/100
|-damage|p2a: Iron Valiant|48/100
|-damage|p2a: Iron Valiant|33/100
|-damage|p2a: Iron Valiant|16/100
|-hitcount|p2a: Iron Valiant|4
|
|upkeep
|turn|16
|inactive|irubic has 90 seconds left.
|inactive|irubic has 60 seconds left.
|
|t:|1760881564
|switch|p1a: Darkrai|Darkrai|58/100
|move|p2a: Iron Valiant|Moonblast|p1a: Darkrai
|-supereffective|p1a: Darkrai
|-damage|p1a: Darkrai|0 fnt
|faint|p1a: Darkrai
|
|upkeep
|
|t:|1760881577
|switch|p1a: Iron Valiant|Iron Valiant|100/100
|-enditem|p1a: Iron Valiant|Booster Energy
|-activate|p1a: Iron Valiant|ability: Quark Drive|[fromitem]
|-start|p1a: Iron Valiant|quarkdrivespe
|turn|17
|
|t:|1760881584
|move|p1a: Iron Valiant|Moonblast|p2a: Iron Valiant
|-supereffective|p2a: Iron Valiant
|-damage|p2a: Iron Valiant|0 fnt
|faint|p2a: Iron Valiant
|-end|p2a: Iron Valiant|Quark Drive|[silent]
|
|upkeep
|
|t:|1760881588
|switch|p2a: Dragapult|Dragapult, M, shiny|2/100
|-damage|p2a: Dragapult|0 fnt|[from] Stealth Rock
|faint|p2a: Dragapult
|
|t:|1760881596
|switch|p2a: Greninja|Greninja, M, shiny|100/100
|-damage|p2a: Greninja|88/100|[from] Stealth Rock
|turn|18
|inactive|irubic has 60 seconds left.
|
|t:|1760881609
|-terastallize|p2a: Greninja|Water
|move|p1a: Iron Valiant|Moonblast|p2a: Greninja
|-damage|p2a: Greninja|17/100
|move|p2a: Greninja|Surf|p1a: Iron Valiant
|-damage|p1a: Iron Valiant|0 fnt
|faint|p1a: Iron Valiant
|-end|p1a: Iron Valiant|Quark Drive|[silent]
|
|upkeep
|inactive|irubic has 60 seconds left.
|
|t:|1760881624
|switch|p1a: Gliscor|Gliscor, M, tera:Water|28/100 tox
|turn|19
|inactive|irubic has 60 seconds left.
|
|t:|1760881636
|move|p2a: Greninja|Surf|p1a: Gliscor
|-resisted|p1a: Gliscor
|-crit|p1a: Gliscor
|-damage|p1a: Gliscor|0 fnt
|faint|p1a: Gliscor
|
|upkeep
|
|t:|1760881663
|switch|p1a: Zapdos|Zapdos|24/100
|turn|20
|
|t:|1760881674
|move|p2a: Greninja|Surf|p1a: Zapdos
|-damage|p1a: Zapdos|0 fnt
|faint|p1a: Zapdos
|
|upkeep
|
|t:|1760881679
|switch|p1a: Kyurem|Kyurem|16/100
|-ability|p1a: Kyurem|Pressure
|turn|21
|
|t:|1760881689
|move|p2a: Greninja|Surf|p1a: Kyurem
|-resisted|p1a: Kyurem
|-damage|p1a: Kyurem|0 fnt
|faint|p1a: Kyurem
|
|win|Hidan999
|raw|irubic's rating: 1130 &rarr; <strong>1107</strong><br />(-23 for losing)
|raw|Hidan999's rating: 1151 &rarr; <strong>1174</strong><br />(+23 for winning)
