|badge|p2|bronze|gen9ou|100-7
|uhtml|medal-msg|<div class="broadcast-blue">Curious what those medals under the avatar are? PS now has Ladder Seasons! For more information, check out the <a href="https://www.smogon.com/forums/threads/3740067/">thread on Smogon.</a></div>
|j|☆p0lt
|j|☆MooFarmer
|t:|1760765916
|gametype|singles
|player|p1|p0lt|#agplivlionsden|1811
|player|p2|MooFarmer|1|1879
|gen|9
|tier|[Gen 9] OU
|rated|
|rule|HP Percentage Mod: HP is shown in percentages
|rule|Endless Battle Clause: Forcing endless battles is banned
|rule|Species Clause: Limit one of each Pokémon
|rule|OHKO Clause: OHKO moves are banned
|rule|Evasion Items Clause: Evasion items are banned
|rule|Evasion Moves Clause: Evasion moves are banned
|rule|Evasion Abilities Clause: Evasion abilities are banned
|rule|Sleep Moves Clause: Sleep-inducing moves are banned
|clearpoke
|poke|p1|Gholdengo|
|poke|p1|Zamazenta-*|
|poke|p1|Ting-Lu|
|poke|p1|Clefable, F|
|poke|p1|Dragonite, M|
|poke|p1|Deoxys-Speed|
|poke|p2|Kyurem|
|poke|p2|Corviknight, M|
|poke|p2|Ting-Lu|
|poke|p2|Dondozo, M|
|poke|p2|Slowking-Galar, L99, M|
|poke|p2|Cinderace, M|
|teampreview
|inactive|Battle timer is ON: inactive players will automatically lose when time's up. (requested by p0lt)
|c|☆p0lt|hf
|inactive|MooFarmer has 120 seconds left.
|
|t:|1760765963
|teamsize|p1|6
|teamsize|p2|6
|start
|switch|p1a: Clefable|Clefable, F|100/100
|switch|p2a: Kyurem|Kyurem|100/100
|-ability|p2a: Kyurem|Pressure
|turn|1
|inactive|MooFarmer also wants the timer to be on.
|inactive|MooFarmer has 120 seconds left.
|
|t:|1760766010
|switch|p2a: Slowking|Slowking-Galar, L99, M|100/100
|move|p1a: Clefable|Knock Off|p2a: Slowking
|-supereffective|p2a: Slowking
|-damage|p2a: Slowking|70/100
|-enditem|p2a: Slowking|Heavy-Duty Boots|[from] move: Knock Off|[of] p1a: Clefable
|
|upkeep
|turn|2
|inactive|MooFarmer has 90 seconds left.
|j| Narwhale37
|inactive|p0lt has 120 seconds left.
|
|t:|1760766057
|switch|p1a: Gholdengo|Gholdengo|100/100
|move|p2a: Slowking|Sludge Bomb|p1a: Gholdengo
|-immune|p1a: Gholdengo
|
|upkeep
|turn|3
|inactive|MooFarmer has 60 seconds left.
|j| OUHF Foenem
|
|t:|1760766103
|switch|p2a: Ting-Lu|Ting-Lu|100/100
|-ability|p2a: Ting-Lu|Vessel of Ruin
|move|p1a: Gholdengo|Nasty Plot|p1a: Gholdengo
|-boost|p1a: Gholdengo|spa|2
|
|upkeep
|turn|4
|
|t:|1760766113
|switch|p2a: Slowking|Slowking-Galar, L99, M|100/100
|move|p1a: Gholdengo|Make It Rain|p2a: Slowking
|-damage|p2a: Slowking|41/100
|-unboost|p1a: Gholdengo|spa|1
|
|upkeep
|turn|5
|
|t:|1760766122
|switch|p2a: Ting-Lu|Ting-Lu|100/100
|-ability|p2a: Ting-Lu|Vessel of Ruin
|move|p1a: Gholdengo|Nasty Plot|p1a: Gholdengo
|-boost|p1a: Gholdengo|spa|2
|
|upkeep
|turn|6
|
|t:|1760766130
|switch|p2a: Slowking|Slowking-Galar, L99, M|74/100
|move|p1a: Gholdengo|Make It Rain|p2a: Slowking
|-damage|p2a: Slowking|0 fnt
|-unboost|p1a: Gholdengo|spa|1
|faint|p2a: Slowking
|
|upkeep
|
|t:|1760766139
|switch|p2a: Kyurem|Kyurem|100/100
|-ability|p2a: Kyurem|Pressure
|turn|7
|
|t:|1760766149
|-terastallize|p1a: Gholdengo|Fairy
|move|p2a: Kyurem|Substitute|p2a: Kyurem
|-start|p2a: Kyurem|Substitute
|-damage|p2a: Kyurem|75/100
|move|p1a: Gholdengo|Make It Rain|p2a: Kyurem
|-supereffective|p2a: Kyurem
|-end|p2a: Kyurem|Substitute
|-unboost|p1a: Gholdengo|spa|1
|
|-heal|p2a: Kyurem|82/100|[from] item: Leftovers
|upkeep
|turn|8
|inactive|MooFarmer has 60 seconds left.
|
|t:|1760766157
|move|p2a: Kyurem|Freeze-Dry|p1a: Gholdengo
|-damage|p1a: Gholdengo|69/100
|move|p1a: Gholdengo|Shadow Ball|p2a: Kyurem
|-damage|p2a: Kyurem|36/100
|
|-heal|p2a: Kyurem|42/100|[from] item: Leftovers
|upkeep
|turn|9
|
|t:|1760766166
|move|p2a: Kyurem|Protect|p2a: Kyurem
|-singleturn|p2a: Kyurem|Protect
|move|p1a: Gholdengo|Recover|p1a: Gholdengo
|-heal|p1a: Gholdengo|100/100
|
|-heal|p2a: Kyurem|48/100|[from] item: Leftovers
|upkeep
|turn|10
|
|t:|1760766174
|switch|p2a: Ting-Lu|Ting-Lu|100/100
|-ability|p2a: Ting-Lu|Vessel of Ruin
|move|p1a: Gholdengo|Shadow Ball|p2a: Ting-Lu
|-resisted|p2a: Ting-Lu
|-damage|p2a: Ting-Lu|89/100
|
|-heal|p2a: Ting-Lu|95/100|[from] item: Leftovers
|upkeep
|turn|11
|j| wgw2333
|
|t:|1760766183
|move|p1a: Gholdengo|Nasty Plot|p1a: Gholdengo
|-boost|p1a: Gholdengo|spa|2
|move|p2a: Ting-Lu|Earthquake|p1a: Gholdengo
|-damage|p1a: Gholdengo|74/100
|
|-heal|p2a: Ting-Lu|100/100|[from] item: Leftovers
|upkeep
|turn|12
|
|t:|1760766191
|switch|p2a: Kyurem|Kyurem|48/100
|-ability|p2a: Kyurem|Pressure
|move|p1a: Gholdengo|Nasty Plot|p1a: Gholdengo
|-boost|p1a: Gholdengo|spa|2
|
|-heal|p2a: Kyurem|54/100|[from] item: Leftovers
|upkeep
|turn|13
|
|t:|1760766200
|move|p2a: Kyurem|Substitute|p2a: Kyurem
|-start|p2a: Kyurem|Substitute
|-damage|p2a: Kyurem|29/100
|move|p1a: Gholdengo|Shadow Ball|p2a: Kyurem
|-end|p2a: Kyurem|Substitute
|
|-heal|p2a: Kyurem|35/100|[from] item: Leftovers
|upkeep
|turn|14
|inactive|MooFarmer has 90 seconds left.
|
|t:|1760766208
|move|p2a: Kyurem|Substitute|p2a: Kyurem
|-start|p2a: Kyurem|Substitute
|-damage|p2a: Kyurem|10/100
|move|p1a: Gholdengo|Shadow Ball|p2a: Kyurem
|-end|p2a: Kyurem|Substitute
|
|-heal|p2a: Kyurem|17/100|[from] item: Leftovers
|upkeep
|turn|15
|l| OUHF Foenem
|
|t:|1760766217
|move|p2a: Kyurem|Freeze-Dry|p1a: Gholdengo
|-damage|p1a: Gholdengo|42/100
|move|p1a: Gholdengo|Recover|p1a: Gholdengo
|-heal|p1a: Gholdengo|93/100
|
|-heal|p2a: Kyurem|23/100|[from] item: Leftovers
|upkeep
|turn|16
|
|t:|1760766225
|move|p2a: Kyurem|Protect|p2a: Kyurem
|-singleturn|p2a: Kyurem|Protect
|move|p1a: Gholdengo|Shadow Ball|p2a: Kyurem
|-activate|p2a: Kyurem|move: Protect
|
|-heal|p2a: Kyurem|29/100|[from] item: Leftovers
|upkeep
|turn|17
|
|t:|1760766233
|move|p2a: Kyurem|Substitute|p2a: Kyurem
|-start|p2a: Kyurem|Substitute
|-damage|p2a: Kyurem|4/100
|move|p1a: Gholdengo|Shadow Ball|p2a: Kyurem
|-end|p2a: Kyurem|Substitute
|
|-heal|p2a: Kyurem|10/100|[from] item: Leftovers
|upkeep
|turn|18
|
|t:|1760766242
|move|p2a: Kyurem|Protect|p2a: Kyurem
|-singleturn|p2a: Kyurem|Protect
|move|p1a: Gholdengo|Nasty Plot|p1a: Gholdengo
|-boost|p1a: Gholdengo|spa|1
|
|-heal|p2a: Kyurem|16/100|[from] item: Leftovers
|upkeep
|turn|19
|
|t:|1760766250
|switch|p2a: Dondozo|Dondozo, M|100/100
|move|p1a: Gholdengo|Shadow Ball|p2a: Dondozo
|-damage|p2a: Dondozo|69/100
|
|-heal|p2a: Dondozo|75/100|[from] item: Leftovers
|upkeep
|turn|20
|inactive|MooFarmer has 120 seconds left.
|
|t:|1760766260
|switch|p1a: Clefable|Clefable, F|100/100
|move|p2a: Dondozo|Rest|p2a: Dondozo
|-status|p2a: Dondozo|slp|[from] move: Rest
|-heal|p2a: Dondozo|100/100 slp|[silent]
|
|upkeep
|turn|21
|inactive|MooFarmer has 120 seconds left.
|inactive|MooFarmer has 90 seconds left.
|
|t:|1760766306
|switch|p2a: Cinderace|Cinderace, M|100/100
|move|p1a: Clefable|Knock Off|p2a: Cinderace
|-damage|p2a: Cinderace|84/100
|-enditem|p2a: Cinderace|Heavy-Duty Boots|[from] move: Knock Off|[of] p1a: Clefable
|
|upkeep
|turn|22
|inactive|MooFarmer has 90 seconds left.
|j| epitap
|inactive|MooFarmer has 60 seconds left.
|
|t:|1760766354
|move|p2a: Cinderace|Pyro Ball|p1a: Clefable
|-damage|p1a: Clefable|65/100
|move|p1a: Clefable|Stealth Rock|p2a: Cinderace
|-sidestart|p2: MooFarmer|move: Stealth Rock
|
|upkeep
|turn|23
|j| creeeper39
|inactive|MooFarmer has 30 seconds left.
|inactive|MooFarmer has 20 seconds left.
|inactive|MooFarmer has 15 seconds left.
|
|t:|1760766400
|move|p2a: Cinderace|Pyro Ball|p1a: Clefable
|-damage|p1a: Clefable|25/100
|move|p1a: Clefable|Moonlight|p1a: Clefable
|-heal|p1a: Clefable|75/100
|
|upkeep
|turn|24
|inactive|MooFarmer has 25 seconds left this turn.
|inactive|MooFarmer has 20 seconds left.
|
|t:|1760766409
|switch|p1a: Dragonite|Dragonite, M|100/100
|move|p2a: Cinderace|Court Change|p2a: Cinderace
|-swapsideconditions
|-activate|p2a: Cinderace|move: Court Change
|
|upkeep
|turn|25
|inactive|MooFarmer has 30 seconds left this turn.
|
|t:|1760766418
|move|p2a: Cinderace|Will-O-Wisp|p1a: Dragonite
|-status|p1a: Dragonite|brn
|move|p1a: Dragonite|Earthquake|p2a: Cinderace
|-supereffective|p2a: Cinderace
|-damage|p2a: Cinderace|35/100
|
|-damage|p1a: Dragonite|94/100 brn|[from] brn
|upkeep
|turn|26
|inactive|MooFarmer has 30 seconds left.
|
|t:|1760766427
|move|p1a: Dragonite|Extreme Speed|p2a: Cinderace
|-damage|p2a: Cinderace|16/100
|move|p2a: Cinderace|U-turn|p1a: Dragonite
|-resisted|p1a: Dragonite
|-damage|p1a: Dragonite|86/100 brn
|inactive|MooFarmer has 30 seconds left.
|
|t:|1760766437
|switch|p2a: Kyurem|Kyurem|16/100|[from] U-turn
|-ability|p2a: Kyurem|Pressure
|
|-heal|p2a: Kyurem|23/100|[from] item: Leftovers
|-damage|p1a: Dragonite|80/100 brn|[from] brn
|upkeep
|turn|27
|
|t:|1760766445
|move|p2a: Kyurem|Freeze-Dry|p1a: Dragonite
|-supereffective|p1a: Dragonite
|-damage|p1a: Dragonite|0 fnt
|faint|p1a: Dragonite
|
|-heal|p2a: Kyurem|29/100|[from] item: Leftovers
|upkeep
|
|t:|1760766455
|switch|p1a: Deoxys|Deoxys-Speed|100/100
|-ability|p1a: Deoxys|Pressure
|turn|28
|
|t:|1760766463
|move|p2a: Kyurem|Protect|p2a: Kyurem
|-singleturn|p2a: Kyurem|Protect
|move|p1a: Deoxys|Nasty Plot|p1a: Deoxys
|-boost|p1a: Deoxys|spa|2
|
|-heal|p2a: Kyurem|35/100|[from] item: Leftovers
|upkeep
|turn|29
|
|t:|1760766472
|switch|p2a: Ting-Lu|Ting-Lu|100/100
|-ability|p2a: Ting-Lu|Vessel of Ruin
|move|p1a: Deoxys|Ice Beam|p2a: Ting-Lu
|-supereffective|p2a: Ting-Lu
|-damage|p2a: Ting-Lu|51/100
|
|-heal|p2a: Ting-Lu|58/100|[from] item: Leftovers
|upkeep
|turn|30
|
|t:|1760766481
|switch|p2a: Cinderace|Cinderace, M|16/100
|move|p1a: Deoxys|Ice Beam|p2a: Cinderace
|-resisted|p2a: Cinderace
|-damage|p2a: Cinderace|0 fnt
|faint|p2a: Cinderace
|
|upkeep
|
|t:|1760766490
|switch|p2a: Ting-Lu|Ting-Lu|58/100
|-ability|p2a: Ting-Lu|Vessel of Ruin
|turn|31
|inactive|MooFarmer has 60 seconds left.
|
|t:|1760766498
|switch|p2a: Kyurem|Kyurem|35/100
|-ability|p2a: Kyurem|Pressure
|move|p1a: Deoxys|Ice Beam|p2a: Kyurem
|-crit|p2a: Kyurem
|-damage|p2a: Kyurem|0 fnt
|faint|p2a: Kyurem
|
|upkeep
|inactive|MooFarmer has 60 seconds left.
|
|t:|1760766507
|switch|p2a: Ting-Lu|Ting-Lu|58/100
|-ability|p2a: Ting-Lu|Vessel of Ruin
|turn|32
|
|t:|1760766515
|move|p1a: Deoxys|Ice Beam|p2a: Ting-Lu
|-supereffective|p2a: Ting-Lu
|-damage|p2a: Ting-Lu|15/100
|-status|p2a: Ting-Lu|frz
|-curestatus|p2a: Ting-Lu|frz|[msg]
|move|p2a: Ting-Lu|Earthquake|p1a: Deoxys
|-damage|p1a: Deoxys|49/100
|
|-heal|p2a: Ting-Lu|21/100|[from] item: Leftovers
|upkeep
|turn|33
|
|t:|1760766524
|move|p1a: Deoxys|Ice Beam|p2a: Ting-Lu
|-supereffective|p2a: Ting-Lu
|-damage|p2a: Ting-Lu|0 fnt
|faint|p2a: Ting-Lu
|
|upkeep
|l| creeeper39
|
|t:|1760766533
|switch|p2a: Corviknight|Corviknight, M|100/100
|-ability|p2a: Corviknight|Pressure
|turn|34
|
|t:|1760766542
|switch|p1a: Clefable|Clefable, F|75/100
|move|p2a: Corviknight|Brave Bird|p1a: Clefable
|-damage|p1a: Clefable|49/100
|-damage|p2a: Corviknight|84/100|[from] item: Rocky Helmet|[of] p1a: Clefable
|-damage|p2a: Corviknight|75/100|[from] Recoil
|
|upkeep
|turn|35
|
|t:|1760766550
|move|p2a: Corviknight|Roost|p2a: Corviknight
|-heal|p2a: Corviknight|100/100
|-singleturn|p2a: Corviknight|move: Roost
|move|p1a: Clefable|Moonlight|p1a: Clefable
|-heal|p1a: Clefable|99/100
|
|upkeep
|turn|36
|
|t:|1760766559
|move|p2a: Corviknight|Brave Bird|p1a: Clefable
|-damage|p1a: Clefable|69/100
|-damage|p2a: Corviknight|84/100|[from] item: Rocky Helmet|[of] p1a: Clefable
|-damage|p2a: Corviknight|74/100|[from] Recoil
|move|p1a: Clefable|Stealth Rock|p2a: Corviknight
|-sidestart|p2: MooFarmer|move: Stealth Rock
|
|upkeep
|turn|37
|inactive|MooFarmer has 90 seconds left.
|
|t:|1760766567
|switch|p1a: Gholdengo|Gholdengo, tera:Fairy|93/100
|move|p2a: Corviknight|Roost|p2a: Corviknight
|-heal|p2a: Corviknight|100/100
|-singleturn|p2a: Corviknight|move: Roost
|
|upkeep
|turn|38
|
|t:|1760766576
|move|p1a: Gholdengo|Nasty Plot|p1a: Gholdengo
|-boost|p1a: Gholdengo|spa|2
|move|p2a: Corviknight|U-turn|p1a: Gholdengo
|-resisted|p1a: Gholdengo
|-damage|p1a: Gholdengo|88/100
|
|t:|1760766584
|switch|p2a: Dondozo|Dondozo, M|100/100 slp|[from] U-turn
|-damage|p2a: Dondozo|88/100 slp|[from] Stealth Rock
|
|-heal|p2a: Dondozo|94/100 slp|[from] item: Leftovers
|upkeep
|turn|39
|
|t:|1760766593
|switch|p1a: Ting-Lu|Ting-Lu|100/100
|-damage|p1a: Ting-Lu|94/100|[from] Stealth Rock
|-ability|p1a: Ting-Lu|Vessel of Ruin
|cant|p2a: Dondozo|slp
|
|-heal|p1a: Ting-Lu|100/100|[from] item: Leftovers
|-heal|p2a: Dondozo|100/100 slp|[from] item: Leftovers
|upkeep
|turn|40
|inactive|MooFarmer has 90 seconds left.
|
|t:|1760766638
|move|p1a: Ting-Lu|Spikes|p2a: Dondozo
|-sidestart|p2: MooFarmer|Spikes
|cant|p2a: Dondozo|slp
|
|upkeep
|turn|41
|inactive|MooFarmer has 60 seconds left.
|inactive|MooFarmer has 30 seconds left.
|
|t:|1760766684
|move|p1a: Ting-Lu|Spikes|p2a: Dondozo
|-sidestart|p2: MooFarmer|Spikes
|-curestatus|p2a: Dondozo|slp|[msg]
|move|p2a: Dondozo|Waterfall|p1a: Ting-Lu
|-supereffective|p1a: Ting-Lu
|-damage|p1a: Ting-Lu|72/100
|
|-heal|p1a: Ting-Lu|78/100|[from] item: Leftovers
|upkeep
|turn|42
|
|t:|1760766693
|move|p1a: Ting-Lu|Spikes|p2a: Dondozo
|-sidestart|p2: MooFarmer|Spikes
|move|p2a: Dondozo|Waterfall|p1a: Ting-Lu
|-supereffective|p1a: Ting-Lu
|-damage|p1a: Ting-Lu|50/100
|
|-heal|p1a: Ting-Lu|56/100|[from] item: Leftovers
|upkeep
|turn|43
|
|t:|1760766702
|move|p1a: Ting-Lu|Ruination|p2a: Dondozo
|-damage|p2a: Dondozo|51/100
|move|p2a: Dondozo|Waterfall|p1a: Ting-Lu
|-supereffective|p1a: Ting-Lu
|-damage|p1a: Ting-Lu|28/100
|
|-heal|p1a: Ting-Lu|34/100|[from] item: Leftovers
|-heal|p2a: Dondozo|57/100|[from] item: Leftovers
|upkeep
|turn|44
|
|t:|1760766711
|move|p2a: Dondozo|Waterfall|p1a: Ting-Lu
|-supereffective|p1a: Ting-Lu
|-damage|p1a: Ting-Lu|6/100
|move|p1a: Ting-Lu|Whirlwind|p2a: Dondozo
|drag|p2a: Corviknight|Corviknight, M|100/100
|-damage|p2a: Corviknight|88/100|[from] Stealth Rock
|-ability|p2a: Corviknight|Pressure
|
|-heal|p1a: Ting-Lu|12/100|[from] item: Leftovers
|upkeep
|turn|45
|
|t:|1760766720
|switch|p1a: Gholdengo|Gholdengo, tera:Fairy|88/100
|move|p2a: Corviknight|U-turn|p1a: Gholdengo
|-resisted|p1a: Gholdengo
|-damage|p1a: Gholdengo|82/100
|
|t:|1760766728
|switch|p2a: Dondozo|Dondozo, M|57/100|[from] U-turn
|-damage|p2a: Dondozo|44/100|[from] Stealth Rock
|-damage|p2a: Dondozo|20/100|[from] Spikes
|
|-heal|p2a: Dondozo|26/100|[from] item: Leftovers
|upkeep
|turn|46
|
|t:|1760766736
|move|p1a: Gholdengo|Shadow Ball|p2a: Dondozo
|-damage|p2a: Dondozo|0 fnt
|faint|p2a: Dondozo
|
|upkeep
|c|☆p0lt|gg
|
|t:|1760766744
|switch|p2a: Corviknight|Corviknight, M|88/100
|-damage|p2a: Corviknight|76/100|[from] Stealth Rock
|-ability|p2a: Corviknight|Pressure
|turn|47
|inactive|MooFarmer has 60 seconds left.
|
|t:|1760766751
|move|p1a: Gholdengo|Nasty Plot|p1a: Gholdengo
|-boost|p1a: Gholdengo|spa|2
|move|p2a: Corviknight|U-turn|p1a: Gholdengo
|-resisted|p1a: Gholdengo
|-damage|p1a: Gholdengo|77/100
|
|upkeep
|turn|48
|j| Scoob252525
|
|t:|1760766758
|-terastallize|p2a: Corviknight|Dragon
|move|p1a: Gholdengo|Nasty Plot|p1a: Gholdengo
|-boost|p1a: Gholdengo|spa|2
|move|p2a: Corviknight|U-turn|p1a: Gholdengo
|-resisted|p1a: Gholdengo
|-damage|p1a: Gholdengo|71/100
|
|upkeep
|turn|49
|
|t:|1760766762
|move|p1a: Gholdengo|Make It Rain|p2a: Corviknight
|-crit|p2a: Corviknight
|-damage|p2a: Corviknight|0 fnt
|-unboost|p1a: Gholdengo|spa|1
|faint|p2a: Corviknight
|
|win|p0lt
|raw|p0lt's rating: 1811 &rarr; <strong>1835</strong><br />(+24 for winning)
|raw|MooFarmer's rating: 1879 &rarr; <strong>1855</strong><br />(-24 for losing)
|l|☆MooFarmer
|player|p2|
