|j|☆alejogroot1534
|j|☆OP Earthquakes
|t:|1760764714
|gametype|singles
|player|p1|alejogroot1534|steven|1454
|player|p2|OP Earthquakes|giovanni-masters|1480
|gen|9
|tier|[Gen 9] OU
|rated|
|rule|HP Percentage Mod: HP is shown in percentages
|rule|Endless Battle Clause: Forcing endless battles is banned
|rule|Species Clause: Limit one of each Pokémon
|rule|OHKO Clause: OHKO moves are banned
|rule|Evasion Items Clause: Evasion items are banned
|rule|Evasion Moves Clause: Evasion moves are banned
|rule|Evasion Abilities Clause: Evasion abilities are banned
|rule|Sleep Moves Clause: Sleep-inducing moves are banned
|clearpoke
|poke|p1|Greninja-*, M|
|poke|p1|Zapdos|
|poke|p1|Great Tusk|
|poke|p1|Slowking-Galar, M|
|poke|p1|Meowscarada, M|
|poke|p1|Iron Valiant|
|poke|p2|Excadrill, F|
|poke|p2|Hawlucha, M|
|poke|p2|Kyurem|
|poke|p2|Tyranitar, M|
|poke|p2|Pawmot, M|
|poke|p2|Thundurus-Therian, M|
|teampreview
|inactive|Battle timer is ON: inactive players will automatically lose when time's up. (requested by OP Earthquakes)
|inactive|alejogroot1534 also wants the timer to be on.
|inactive|OP Earthquakes has 120 seconds left.
|j| RedemptiveSketch
|c|☆OP Earthquakes|GLHF!
|
|t:|1760764756
|teamsize|p1|6
|teamsize|p2|6
|start
|switch|p1a: Meowscarada|Meowscarada, M, shiny|100/100
|switch|p2a: Thundurus|Thundurus-Therian, M|100/100
|turn|1
|
|t:|1760764772
|switch|p2a: Shukaku|Tyranitar, M, shiny|100/100
|-weather|Sandstorm|[from] ability: Sand Stream|[of] p2a: Shukaku
|switch|p1a: Zapdos|Zapdos, shiny|100/100
|
|-weather|Sandstorm|[upkeep]
|-damage|p1a: Zapdos|94/100|[from] Sandstorm
|upkeep
|turn|2
|
|t:|1760764781
|switch|p2a: Thundurus|Thundurus-Therian, M|100/100
|move|p1a: Zapdos|Volt Switch|p2a: Thundurus
|-immune|p2a: Thundurus|[from] ability: Volt Absorb
|
|-weather|Sandstorm|[upkeep]
|-damage|p2a: Thundurus|94/100|[from] Sandstorm
|-damage|p1a: Zapdos|88/100|[from] Sandstorm
|upkeep
|turn|3
|
|t:|1760764793
|switch|p2a: Frieza|Kyurem, shiny|100/100
|-ability|p2a: Frieza|Pressure
|switch|p1a: Slowking|Slowking-Galar, M, shiny|100/100
|
|-weather|Sandstorm|[upkeep]
|-damage|p2a: Frieza|94/100|[from] Sandstorm
|-damage|p1a: Slowking|94/100|[from] Sandstorm
|upkeep
|turn|4
|j| JonArbuckleKart
|
|t:|1760764803
|move|p2a: Frieza|Earth Power|p1a: Slowking
|-supereffective|p1a: Slowking
|-damage|p1a: Slowking|44/100
|-unboost|p1a: Slowking|spd|1
|move|p1a: Slowking|Thunder Wave|p2a: Frieza
|-status|p2a: Frieza|par
|
|-weather|Sandstorm|[upkeep]
|-damage|p2a: Frieza|88/100 par|[from] Sandstorm
|-damage|p1a: Slowking|38/100|[from] Sandstorm
|upkeep
|turn|5
|
|t:|1760764809
|switch|p1a: Zapdos|Zapdos, shiny|88/100
|cant|p2a: Frieza|par
|
|-weather|Sandstorm|[upkeep]
|-damage|p1a: Zapdos|82/100|[from] Sandstorm
|-damage|p2a: Frieza|82/100 par|[from] Sandstorm
|upkeep
|turn|6
|
|t:|1760764816
|move|p1a: Zapdos|Volt Switch|p2a: Frieza
|-resisted|p2a: Frieza
|-damage|p2a: Frieza|68/100 par
|
|t:|1760764820
|switch|p1a: Greninja|Greninja, M|100/100|[from] Volt Switch
|cant|p2a: Frieza|par
|
|-weather|Sandstorm|[upkeep]
|-damage|p1a: Greninja|95/100|[from] Sandstorm
|-damage|p2a: Frieza|62/100 par|[from] Sandstorm
|upkeep
|turn|7
|
|t:|1760764833
|move|p1a: Greninja|Dark Pulse|p2a: Frieza
|-damage|p2a: Frieza|20/100 par
|-damage|p1a: Greninja|85/100|[from] item: Life Orb
|move|p2a: Frieza|Freeze-Dry|p1a: Greninja
|-supereffective|p1a: Greninja
|-damage|p1a: Greninja|0 fnt
|faint|p1a: Greninja
|
|-weather|Sandstorm|[upkeep]
|-damage|p2a: Frieza|14/100 par|[from] Sandstorm
|upkeep
|
|t:|1760764839
|switch|p1a: Meowscarada|Meowscarada, M, shiny|100/100
|turn|8
|
|t:|1760764848
|move|p1a: Meowscarada|U-turn|p2a: Frieza
|-start|p1a: Meowscarada|typechange|Bug|[from] ability: Protean
|-damage|p2a: Frieza|0 fnt
|faint|p2a: Frieza
|
|t:|1760764854
|switch|p1a: Slowking|Slowking-Galar, M, shiny|71/100|[from] U-turn
|
|-weather|none
|upkeep
|
|t:|1760764860
|switch|p2a: Thundurus|Thundurus-Therian, M|94/100
|turn|9
|
|t:|1760764865
|move|p2a: Thundurus|Dark Pulse|p1a: Slowking
|-supereffective|p1a: Slowking
|-crit|p1a: Slowking
|-damage|p1a: Slowking|12/100
|-prepare|p1a: Slowking|Chilly Reception|[premajor]
|move|p1a: Slowking|Chilly Reception|p1a: Slowking
|-weather|Snowscape
|
|t:|1760764870
|switch|p1a: Meowscarada|Meowscarada, M, shiny|100/100|[from] Chilly Reception
|
|-weather|Snowscape|[upkeep]
|upkeep
|turn|10
|
|t:|1760764889
|switch|p2a: Itachi|Hawlucha, M, shiny|100/100
|-ability|p2a: Itachi|Mold Breaker
|move|p1a: Meowscarada|U-turn|p2a: Itachi
|-start|p1a: Meowscarada|typechange|Bug|[from] ability: Protean
|-resisted|p2a: Itachi
|-damage|p2a: Itachi|83/100
|-enditem|p2a: Itachi|Red Card|[of] p1a: Meowscarada
|drag|p1a: Slowking|Slowking-Galar, M, shiny|45/100
|
|-weather|Snowscape|[upkeep]
|upkeep
|turn|11
|
|t:|1760764897
|move|p2a: Itachi|Brave Bird|p1a: Slowking
|-damage|p1a: Slowking|0 fnt
|faint|p1a: Slowking
|-damage|p2a: Itachi|63/100|[from] Recoil
|
|-weather|Snowscape|[upkeep]
|upkeep
|
|t:|1760764900
|switch|p1a: Zapdos|Zapdos, shiny|82/100
|turn|12
|
|t:|1760764904
|switch|p2a: Thundurus|Thundurus-Therian, M|94/100
|move|p1a: Zapdos|Volt Switch|p2a: Thundurus
|-heal|p2a: Thundurus|100/100|[from] ability: Volt Absorb|[of] p1a: Zapdos
|
|-weather|Snowscape|[upkeep]
|upkeep
|turn|13
|
|t:|1760764909
|move|p2a: Thundurus|Weather Ball|p1a: Zapdos
|-supereffective|p1a: Zapdos
|-damage|p1a: Zapdos|0 fnt
|faint|p1a: Zapdos
|
|-weather|none
|upkeep
|
|t:|1760764912
|switch|p1a: Meowscarada|Meowscarada, M, shiny|100/100
|turn|14
|
|t:|1760764929
|switch|p2a: Itachi|Hawlucha, M, shiny|63/100
|-ability|p2a: Itachi|Mold Breaker
|move|p1a: Meowscarada|U-turn|p2a: Itachi
|-start|p1a: Meowscarada|typechange|Bug|[from] ability: Protean
|-resisted|p2a: Itachi
|-damage|p2a: Itachi|46/100
|
|t:|1760764936
|switch|p1a: Great Tusk|Great Tusk, shiny|100/100|[from] U-turn
|
|upkeep
|turn|15
|
|t:|1760764939
|move|p2a: Itachi|Brave Bird|p1a: Great Tusk
|-supereffective|p1a: Great Tusk
|-damage|p1a: Great Tusk|44/100
|-damage|p2a: Itachi|29/100|[from] item: Rocky Helmet|[of] p1a: Great Tusk
|-damage|p2a: Itachi|2/100|[from] Recoil
|move|p1a: Great Tusk|Stealth Rock|p2a: Itachi
|-sidestart|p2: OP Earthquakes|move: Stealth Rock
|
|upkeep
|turn|16
|
|t:|1760764945
|move|p2a: Itachi|Defog|p1a: Great Tusk
|-unboost|p1a: Great Tusk|evasion|1
|-sideend|p2: OP Earthquakes|Stealth Rock|[from] move: Defog|[of] p2a: Itachi
|move|p1a: Great Tusk|Rapid Spin|p2a: Itachi
|-damage|p2a: Itachi|0 fnt
|-boost|p1a: Great Tusk|spe|1
|faint|p2a: Itachi
|
|upkeep
|
|t:|1760764950
|switch|p2a: Thundurus|Thundurus-Therian, M|100/100
|turn|17
|
|t:|1760764952
|-terastallize|p2a: Thundurus|Flying
|move|p2a: Thundurus|Tera Blast|p1a: Great Tusk|[anim] Tera Blast Flying
|-supereffective|p1a: Great Tusk
|-damage|p1a: Great Tusk|0 fnt
|faint|p1a: Great Tusk
|-end|p1a: Great Tusk|Protosynthesis|[silent]
|
|upkeep
|
|t:|1760764965
|switch|p1a: Iron Valiant|Iron Valiant, shiny|100/100
|-enditem|p1a: Iron Valiant|Booster Energy
|-activate|p1a: Iron Valiant|ability: Quark Drive|[fromitem]
|-start|p1a: Iron Valiant|quarkdrivespe
|turn|18
|
|t:|1760764973
|switch|p2a: Shukaku|Tyranitar, M, shiny|100/100
|-weather|Sandstorm|[from] ability: Sand Stream|[of] p2a: Shukaku
|-terastallize|p1a: Iron Valiant|Electric
|move|p1a: Iron Valiant|Calm Mind|p1a: Iron Valiant
|-boost|p1a: Iron Valiant|spa|1
|-boost|p1a: Iron Valiant|spd|1
|
|-weather|Sandstorm|[upkeep]
|-damage|p1a: Iron Valiant|94/100|[from] Sandstorm
|upkeep
|turn|19
|
|t:|1760764984
|move|p1a: Iron Valiant|Moonblast|p2a: Shukaku
|-supereffective|p2a: Shukaku
|-damage|p2a: Shukaku|11/100
|move|p2a: Shukaku|Roar|p1a: Iron Valiant
|-end|p1a: Iron Valiant|Quark Drive|[silent]
|drag|p1a: Meowscarada|Meowscarada, M, shiny|100/100
|
|-weather|Sandstorm|[upkeep]
|-damage|p1a: Meowscarada|94/100|[from] Sandstorm
|upkeep
|turn|20
|
|t:|1760764991
|move|p1a: Meowscarada|U-turn|p2a: Shukaku
|-start|p1a: Meowscarada|typechange|Bug|[from] ability: Protean
|-supereffective|p2a: Shukaku
|-damage|p2a: Shukaku|0 fnt
|faint|p2a: Shukaku
|
|t:|1760764994
|switch|p1a: Iron Valiant|Iron Valiant, shiny, tera:Electric|94/100|[from] U-turn
|
|-weather|Sandstorm|[upkeep]
|-damage|p1a: Iron Valiant|88/100|[from] Sandstorm
|upkeep
|
|t:|1760764997
|switch|p2a: OP|Excadrill, F|100/100
|turn|21
|
|t:|1760765001
|move|p2a: OP|Earthquake|p1a: Iron Valiant
|-supereffective|p1a: Iron Valiant
|-damage|p1a: Iron Valiant|0 fnt
|faint|p1a: Iron Valiant
|-end|p1a: Iron Valiant|Quark Drive|[silent]
|
|-weather|Sandstorm|[upkeep]
|upkeep
|
|t:|1760765002
|switch|p1a: Meowscarada|Meowscarada, M, shiny|94/100
|turn|22
|
|t:|1760765004
|move|p2a: OP|Earthquake|p1a: Meowscarada
|-resisted|p1a: Meowscarada
|-damage|p1a: Meowscarada|20/100
|move|p1a: Meowscarada|Triple Axel|p2a: OP
|-start|p1a: Meowscarada|typechange|Ice|[from] ability: Protean
|-damage|p2a: OP|79/100
|-damage|p2a: OP|38/100
|-damage|p2a: OP|0 fnt
|faint|p2a: OP
|-hitcount|p2: OP|3
|
|-weather|Sandstorm|[upkeep]
|-damage|p1a: Meowscarada|14/100|[from] Sandstorm
|upkeep
|
|t:|1760765011
|switch|p2a: Thundurus|Thundurus-Therian, M, tera:Flying|100/100
|turn|23
|
|t:|1760765015
|move|p2a: Thundurus|Weather Ball|p1a: Meowscarada
|-supereffective|p1a: Meowscarada
|-damage|p1a: Meowscarada|0 fnt
|faint|p1a: Meowscarada
|
|win|OP Earthquakes
|raw|alejogroot1534's rating: 1454 &rarr; <strong>1435</strong><br />(-19 for losing)
|raw|OP Earthquakes's rating: 1480 &rarr; <strong>1499</strong><br />(+19 for winning)
|c| RedemptiveSketch|gg
|l|☆alejogroot1534
|player|p1|
|c|☆OP Earthquakes|GG
|l| JonArbuckleKart
