|j|☆Hunter_of_Keys
|j|☆waterdrinker48
|t:|1760851074
|gametype|singles
|player|p1|Hunter_of_Keys|veteran|1274
|player|p2|waterdrinker48|miku-ghost|1260
|gen|9
|tier|[Gen 9] OU
|rated|
|rule|HP Percentage Mod: HP is shown in percentages
|rule|Endless Battle Clause: Forcing endless battles is banned
|rule|Species Clause: Limit one of each Pokémon
|rule|OHKO Clause: OHKO moves are banned
|rule|Evasion Items Clause: Evasion items are banned
|rule|Evasion Moves Clause: Evasion moves are banned
|rule|Evasion Abilities Clause: Evasion abilities are banned
|rule|Sleep Moves Clause: Sleep-inducing moves are banned
|clearpoke
|poke|p1|Gallade, M|
|poke|p1|Armarouge, M|
|poke|p1|Indeedee, M|
|poke|p1|Cresselia, F|
|poke|p1|Rabsca, M|
|poke|p1|Espeon, M|
|poke|p2|Iron Crown|
|poke|p2|Dragonite, F|
|poke|p2|Kingambit, F|
|poke|p2|Enamorus, F|
|poke|p2|Maushold|
|poke|p2|Meowscarada, M|
|teampreview
|inactive|Battle timer is ON: inactive players will automatically lose when time's up. (requested by waterdrinker48)
|inactive|Hunter_of_Keys also wants the timer to be on.
|
|t:|1760851083
|teamsize|p1|6
|teamsize|p2|6
|start
|switch|p1a: Indeedee|Indeedee, M|100/100
|switch|p2a: Meowscarada|Meowscarada, M|100/100
|-fieldstart|move: Psychic Terrain|[from] ability: Psychic Surge|[of] p1a: Indeedee
|turn|1
|
|t:|1760851088
|switch|p1a: Armarouge|Armarouge, M|100/100
|move|p2a: Meowscarada|Knock Off|p1a: Armarouge
|-start|p2a: Meowscarada|typechange|Dark|[from] ability: Protean
|-supereffective|p1a: Armarouge
|-damage|p1a: Armarouge|0 fnt
|-enditem|p1a: Armarouge|Weakness Policy|[from] move: Knock Off|[of] p2a: Meowscarada
|faint|p1a: Armarouge
|
|upkeep
|
|t:|1760851092
|switch|p1a: Gallade|Gallade, M|100/100
|turn|2
|
|t:|1760851098
|switch|p2a: Iron Crown|Iron Crown|100/100
|move|p1a: Gallade|Sacred Sword|p2a: Iron Crown
|-damage|p2a: Iron Crown|33/100
|
|upkeep
|turn|3
|
|t:|1760851105
|switch|p1a: Cresselia|Cresselia, F|100/100
|move|p2a: Iron Crown|Psychic|p1a: Cresselia
|-resisted|p1a: Cresselia
|-damage|p1a: Cresselia|84/100
|
|upkeep
|turn|4
|
|t:|1760851108
|-end|p2a: Iron Crown|Quark Drive|[silent]
|switch|p2a: Meowscarada|Meowscarada, M|100/100
|move|p1a: Cresselia|Thunder Wave|p2a: Meowscarada|[miss]
|-miss|p1a: Cresselia|p2a: Meowscarada
|
|upkeep
|turn|5
|
|t:|1760851113
|move|p2a: Meowscarada|Knock Off|p1a: Cresselia
|-start|p2a: Meowscarada|typechange|Dark|[from] ability: Protean
|-supereffective|p1a: Cresselia
|-damage|p1a: Cresselia|5/100
|-damage|p2a: Meowscarada|84/100|[from] item: Rocky Helmet|[of] p1a: Cresselia
|-enditem|p1a: Cresselia|Rocky Helmet|[from] move: Knock Off|[of] p2a: Meowscarada
|move|p1a: Cresselia|Thunder Wave|p2a: Meowscarada
|-status|p2a: Meowscarada|par
|
|upkeep
|turn|6
|
|t:|1760851117
|move|p1a: Cresselia|Lunar Dance|p1a: Cresselia
|faint|p1a: Cresselia
|move|p2a: Meowscarada|Knock Off|p1: Cresselia|[notarget]
|-fail|p2a: Meowscarada
|
|upkeep
|
|t:|1760851129
|switch|p1a: Gallade|Gallade, M|100/100
|-heal|p1a: Gallade|100/100|[from] move: Lunar Dance
|turn|7
|
|t:|1760851135
|switch|p2a: Kingambit|Kingambit, F|100/100
|-item|p2a: Kingambit|Air Balloon
|move|p1a: Gallade|Sacred Sword|p2a: Kingambit
|-supereffective|p2a: Kingambit
|-damage|p2a: Kingambit|0 fnt
|-enditem|p2a: Kingambit|Air Balloon
|faint|p2a: Kingambit
|-end|p2a: Kingambit|fallenundefined|[silent]
|
|upkeep
|
|t:|1760851139
|switch|p2a: Iron Crown|Iron Crown|33/100
|turn|8
|
|t:|1760851149
|move|p2a: Iron Crown|Psychic|p1a: Gallade
|-damage|p1a: Gallade|36/100
|move|p1a: Gallade|Night Slash|p2a: Iron Crown
|-supereffective|p2a: Iron Crown
|-damage|p2a: Iron Crown|0 fnt
|faint|p2a: Iron Crown
|-end|p2a: Iron Crown|Quark Drive|[silent]
|
|-fieldend|move: Psychic Terrain
|upkeep
|
|t:|1760851158
|switch|p2a: Dragonite|Dragonite, F|100/100
|turn|9
|
|t:|1760851163
|switch|p1a: Espeon|Espeon, M|100/100
|move|p2a: Dragonite|Extreme Speed|p1a: Espeon
|-damage|p1a: Espeon|68/100
|
|upkeep
|turn|10
|
|t:|1760851167
|switch|p2a: Maushold|Maushold|100/100
|move|p1a: Espeon|Thunder Wave|p2a: Maushold
|-status|p2a: Maushold|par
|
|upkeep
|turn|11
|
|t:|1760851172
|move|p1a: Espeon|Psychic Noise|p2a: Maushold
|-damage|p2a: Maushold|54/100 par
|-start|p2a: Maushold|move: Heal Block
|move|p2a: Maushold|Tidy Up|p2a: Maushold
|-boost|p2a: Maushold|atk|1
|-boost|p2a: Maushold|spe|1
|
|upkeep
|turn|12
|
|t:|1760851177
|move|p2a: Maushold|Tidy Up|p2a: Maushold
|-boost|p2a: Maushold|atk|1
|-boost|p2a: Maushold|spe|1
|move|p1a: Espeon|Psychic Noise|p2a: Maushold
|-damage|p2a: Maushold|8/100 par
|
|-end|p2a: Maushold|move: Heal Block
|upkeep
|turn|13
|
|t:|1760851181
|move|p2a: Maushold|U-turn|p1a: Espeon
|-supereffective|p1a: Espeon
|-damage|p1a: Espeon|0 fnt
|faint|p1a: Espeon
|
|t:|1760851186
|switch|p2a: Enamorus|Enamorus, F|100/100|[from] U-turn
|
|upkeep
|
|t:|1760851190
|switch|p1a: Indeedee|Indeedee, M|100/100
|-fieldstart|move: Psychic Terrain|[from] ability: Psychic Surge|[of] p1a: Indeedee
|turn|14
|
|t:|1760851195
|move|p2a: Enamorus|Healing Wish|p2a: Enamorus
|faint|p2a: Enamorus
|move|p1a: Indeedee|Healing Wish|p1a: Indeedee
|faint|p1a: Indeedee
|
|upkeep
|
|t:|1760851203
|switch|p2a: Maushold|Maushold|8/100 par
|switch|p1a: Gallade|Gallade, M|36/100
|-heal|p1a: Gallade|100/100|[from] move: Healing Wish
|-heal|p2a: Maushold|100/100|[from] move: Healing Wish
|turn|15
|
|t:|1760851209
|switch|p2a: Meowscarada|Meowscarada, M|84/100 par
|move|p1a: Gallade|Sacred Sword|p2a: Meowscarada
|-supereffective|p2a: Meowscarada
|-crit|p2a: Meowscarada
|-damage|p2a: Meowscarada|0 fnt
|faint|p2a: Meowscarada
|
|upkeep
|
|t:|1760851211
|switch|p2a: Dragonite|Dragonite, F|100/100
|turn|16
|
|t:|1760851214
|move|p1a: Gallade|Ice Punch|p2a: Dragonite
|-supereffective|p2a: Dragonite
|-damage|p2a: Dragonite|40/100
|move|p2a: Dragonite|Dragon Dance|p2a: Dragonite
|-boost|p2a: Dragonite|atk|1
|-boost|p2a: Dragonite|spe|1
|
|upkeep
|turn|17
|
|t:|1760851219
|move|p2a: Dragonite|Earthquake|p1a: Gallade
|-damage|p1a: Gallade|3/100
|move|p1a: Gallade|Ice Punch|p2a: Dragonite
|-supereffective|p2a: Dragonite
|-damage|p2a: Dragonite|0 fnt
|faint|p2a: Dragonite
|
|upkeep
|
|t:|1760851221
|switch|p2a: Maushold|Maushold|100/100
|turn|18
|
|t:|1760851226
|move|p2a: Maushold|Population Bomb|p1a: Gallade
|-damage|p1a: Gallade|0 fnt
|faint|p1a: Gallade
|-hitcount|p1: Gallade|1
|
|upkeep
|
|t:|1760851228
|switch|p1a: Rabsca|Rabsca, M|100/100
|turn|19
|
|t:|1760851233
|move|p2a: Maushold|Tidy Up|p2a: Maushold
|-boost|p2a: Maushold|atk|1
|-boost|p2a: Maushold|spe|1
|move|p1a: Rabsca|Speed Swap|p2a: Maushold
|-activate|p1a: Rabsca|move: Speed Swap|[of] p2a: Maushold
|
|upkeep
|turn|20
|
|t:|1760851252
|move|p1a: Rabsca|Revival Blessing|p1a: Rabsca
|-enditem|p1a: Rabsca|Leppa Berry|[eat]
|-activate|p1a: Rabsca|item: Leppa Berry|Revival Blessing|[consumed]
|
|t:|1760851259
|-heal|p1: Gallade|50/100|[from] move: Revival Blessing
|move|p2a: Maushold|Population Bomb|p1a: Rabsca
|-damage|p1a: Rabsca|85/100
|-damage|p1a: Rabsca|71/100
|-damage|p1a: Rabsca|57/100
|-damage|p1a: Rabsca|42/100
|-damage|p1a: Rabsca|26/100
|-damage|p1a: Rabsca|13/100
|-damage|p1a: Rabsca|0 fnt
|faint|p1a: Rabsca
|-hitcount|p1: Rabsca|7
|
|upkeep
|c|☆waterdrinker48|I’m sorry Ice punch ballade?
|
|t:|1760851261
|switch|p1a: Gallade|Gallade, M|50/100
|turn|21
|c|☆waterdrinker48|*gallade
|
|t:|1760851273
|move|p1a: Gallade|Sacred Sword|p2a: Maushold
|-supereffective|p2a: Maushold
|-damage|p2a: Maushold|0 fnt
|faint|p2a: Maushold
|
|win|Hunter_of_Keys
|raw|Hunter_of_Keys's rating: 1274 &rarr; <strong>1298</strong><br />(+24 for winning)
|raw|waterdrinker48's rating: 1260 &rarr; <strong>1236</strong><br />(-24 for losing)
|l|☆waterdrinker48
|player|p2|
|l|☆Hunter_of_Keys
|player|p1|
