|j|☆pooppocketer
|j|☆bbygrinch
|t:|1760850528
|gametype|singles
|player|p1|pooppocketer|266|1251
|player|p2|bbygrinch|hugh|1318
|gen|9
|tier|[Gen 9] OU
|rated|
|rule|HP Percentage Mod: HP is shown in percentages
|rule|Endless Battle Clause: Forcing endless battles is banned
|rule|Species Clause: Limit one of each Pokémon
|rule|OHKO Clause: OHKO moves are banned
|rule|Evasion Items Clause: Evasion items are banned
|rule|Evasion Moves Clause: Evasion moves are banned
|rule|Evasion Abilities Clause: Evasion abilities are banned
|rule|Sleep Moves Clause: Sleep-inducing moves are banned
|clearpoke
|poke|p1|Gallade, M|
|poke|p1|Hydrapple, M|
|poke|p1|Azumarill, F|
|poke|p1|Slowking-Galar, F|
|poke|p1|Mandibuzz, F|
|poke|p1|Iron Treads|
|poke|p2|Dragonite, M|
|poke|p2|Weavile, F|
|poke|p2|Gliscor, F|
|poke|p2|Rotom-Wash|
|poke|p2|Gholdengo|
|poke|p2|Great Tusk|
|teampreview
|inactive|Battle timer is ON: inactive players will automatically lose when time's up. (requested by pooppocketer)
|
|t:|1760850541
|teamsize|p1|6
|teamsize|p2|6
|start
|switch|p1a: Iron Treads|Iron Treads|100/100
|switch|p2a: ani|Rotom-Wash, shiny|100/100
|-enditem|p1a: Iron Treads|Booster Energy
|-activate|p1a: Iron Treads|ability: Quark Drive|[fromitem]
|-start|p1a: Iron Treads|quarkdrivespe
|turn|1
|
|t:|1760850552
|-end|p1a: Iron Treads|Quark Drive|[silent]
|switch|p1a: Hydrapple|Hydrapple, M|100/100
|move|p2a: ani|Will-O-Wisp|p1a: Hydrapple|[miss]
|-miss|p2a: ani|p1a: Hydrapple
|
|upkeep
|turn|2
|
|t:|1760850564
|switch|p2a: luca|Gholdengo|100/100
|move|p1a: Hydrapple|Fickle Beam|p2a: luca
|-resisted|p2a: luca
|-damage|p2a: luca|81/100
|
|upkeep
|turn|3
|
|t:|1760850571
|move|p2a: luca|Trick|p1a: Hydrapple
|-activate|p2a: luca|move: Trick|[of] p1a: Hydrapple
|-item|p1a: Hydrapple|Choice Scarf|[from] move: Trick
|-item|p2a: luca|Rocky Helmet|[from] move: Trick
|move|p1a: Hydrapple|Nasty Plot|p1a: Hydrapple
|-boost|p1a: Hydrapple|spa|2
|
|upkeep
|turn|4
|
|t:|1760850580
|switch|p1a: Mandibuzz|Mandibuzz, F|100/100
|move|p2a: luca|Shadow Ball|p1a: Mandibuzz
|-resisted|p1a: Mandibuzz
|-damage|p1a: Mandibuzz|87/100
|
|upkeep
|turn|5
|
|t:|1760850592
|move|p2a: luca|Make It Rain|p1a: Mandibuzz
|-damage|p1a: Mandibuzz|46/100
|-unboost|p2a: luca|spa|1
|move|p1a: Mandibuzz|Foul Play|p2a: luca
|-supereffective|p2a: luca
|-damage|p2a: luca|42/100
|-damage|p1a: Mandibuzz|30/100|[from] item: Rocky Helmet|[of] p2a: luca
|
|upkeep
|turn|6
|
|t:|1760850601
|move|p2a: luca|Recover|p2a: luca
|-heal|p2a: luca|93/100
|move|p1a: Mandibuzz|Roost|p1a: Mandibuzz
|-heal|p1a: Mandibuzz|80/100
|-singleturn|p1a: Mandibuzz|move: Roost
|
|upkeep
|turn|7
|
|t:|1760850609
|switch|p2a: ani|Rotom-Wash, shiny|100/100
|move|p1a: Mandibuzz|Roost|p1a: Mandibuzz
|-heal|p1a: Mandibuzz|100/100
|-singleturn|p1a: Mandibuzz|move: Roost
|
|upkeep
|turn|8
|
|t:|1760850615
|switch|p1a: Slowking|Slowking-Galar, F|100/100
|move|p2a: ani|Will-O-Wisp|p1a: Slowking
|-status|p1a: Slowking|brn
|
|-damage|p1a: Slowking|94/100 brn|[from] brn
|upkeep
|turn|9
|
|t:|1760850625
|move|p2a: ani|Volt Switch|p1a: Slowking
|-damage|p1a: Slowking|65/100 brn
|
|t:|1760850629
|switch|p2a: luca|Gholdengo|93/100|[from] Volt Switch
|move|p1a: Slowking|Trick|p2a: luca
|-immune|p2a: luca|[from] ability: Good as Gold
|
|-heal|p1a: Slowking|72/100 brn|[from] item: Black Sludge
|-damage|p1a: Slowking|65/100 brn|[from] brn
|upkeep
|turn|10
|
|t:|1760850641
|switch|p1a: Iron Treads|Iron Treads|100/100
|move|p2a: luca|Shadow Ball|p1a: Iron Treads
|-damage|p1a: Iron Treads|38/100
|
|upkeep
|turn|11
|
|t:|1760850649
|switch|p2a: francis|Gliscor, F, shiny|100/100
|move|p1a: Iron Treads|Ice Spinner|p2a: francis
|-supereffective|p2a: francis
|-damage|p2a: francis|7/100
|
|-status|p2a: francis|tox|[from] item: Toxic Orb
|upkeep
|turn|12
|
|t:|1760850657
|move|p2a: francis|Protect|p2a: francis
|-singleturn|p2a: francis|Protect
|move|p1a: Iron Treads|Rapid Spin|p2a: francis
|-activate|p2a: francis|move: Protect
|
|-heal|p2a: francis|19/100 tox|[from] ability: Poison Heal
|upkeep
|turn|13
|
|t:|1760850666
|switch|p2a: luca|Gholdengo|93/100
|move|p1a: Iron Treads|Ice Spinner|p2a: luca
|-resisted|p2a: luca
|-damage|p2a: luca|79/100
|-damage|p1a: Iron Treads|21/100|[from] item: Rocky Helmet|[of] p2a: luca
|
|upkeep
|turn|14
|
|t:|1760850676
|-end|p1a: Iron Treads|Quark Drive|[silent]
|switch|p1a: Mandibuzz|Mandibuzz, F|100/100
|move|p2a: luca|Shadow Ball|p1a: Mandibuzz
|-resisted|p1a: Mandibuzz
|-damage|p1a: Mandibuzz|87/100
|
|upkeep
|turn|15
|
|t:|1760850685
|switch|p2a: francis|Gliscor, F, shiny|19/100 tox
|move|p1a: Mandibuzz|Roost|p1a: Mandibuzz
|-heal|p1a: Mandibuzz|100/100
|-singleturn|p1a: Mandibuzz|move: Roost
|
|-heal|p2a: francis|32/100 tox|[from] ability: Poison Heal
|upkeep
|turn|16
|
|t:|1760850693
|move|p2a: francis|Protect|p2a: francis
|-singleturn|p2a: francis|Protect
|move|p1a: Mandibuzz|Foul Play|p2a: francis
|-activate|p2a: francis|move: Protect
|
|-heal|p2a: francis|44/100 tox|[from] ability: Poison Heal
|upkeep
|turn|17
|
|t:|1760850700
|move|p2a: francis|Stealth Rock|p1a: Mandibuzz
|-sidestart|p1: pooppocketer|move: Stealth Rock
|move|p1a: Mandibuzz|Foul Play|p2a: francis
|-damage|p2a: francis|5/100 tox
|
|-heal|p2a: francis|17/100 tox|[from] ability: Poison Heal
|upkeep
|turn|18
|
|t:|1760850706
|move|p2a: francis|Protect|p2a: francis
|-singleturn|p2a: francis|Protect
|move|p1a: Mandibuzz|Foul Play|p2a: francis
|-activate|p2a: francis|move: Protect
|
|-heal|p2a: francis|29/100 tox|[from] ability: Poison Heal
|upkeep
|turn|19
|inactive|bbygrinch has 120 seconds left.
|
|t:|1760850738
|switch|p2a: ani|Rotom-Wash, shiny|100/100
|move|p1a: Mandibuzz|Foul Play|p2a: ani
|-damage|p2a: ani|83/100
|
|-heal|p2a: ani|90/100|[from] item: Leftovers
|upkeep
|turn|20
|inactive|bbygrinch has 120 seconds left.
|
|t:|1760850751
|move|p2a: ani|Hydro Pump|p1a: Mandibuzz
|-damage|p1a: Mandibuzz|70/100
|move|p1a: Mandibuzz|Defog|p2a: ani
|-unboost|p2a: ani|evasion|1
|-sideend|p1: pooppocketer|Stealth Rock|[from] move: Defog|[of] p1a: Mandibuzz
|
|-heal|p2a: ani|96/100|[from] item: Leftovers
|upkeep
|turn|21
|inactive|bbygrinch has 120 seconds left.
|
|t:|1760850761
|switch|p1a: Hydrapple|Hydrapple, M|100/100
|move|p2a: ani|Thunderbolt|p1a: Hydrapple
|-resisted|p1a: Hydrapple
|-damage|p1a: Hydrapple|90/100
|
|-heal|p2a: ani|100/100|[from] item: Leftovers
|upkeep
|turn|22
|
|t:|1760850772
|switch|p2a: francis|Gliscor, F, shiny|29/100 tox
|move|p1a: Hydrapple|Earth Power|p2a: francis
|-immune|p2a: francis
|
|-heal|p2a: francis|42/100 tox|[from] ability: Poison Heal
|upkeep
|turn|23
|
|t:|1760850783
|switch|p1a: Iron Treads|Iron Treads|21/100
|move|p2a: francis|Stealth Rock|p1a: Iron Treads
|-sidestart|p1: pooppocketer|move: Stealth Rock
|
|-heal|p2a: francis|54/100 tox|[from] ability: Poison Heal
|upkeep
|turn|24
|
|t:|1760850790
|move|p2a: francis|Protect|p2a: francis
|-singleturn|p2a: francis|Protect
|move|p1a: Iron Treads|Earthquake|p2a: francis
|-activate|p2a: francis|move: Protect
|
|-heal|p2a: francis|66/100 tox|[from] ability: Poison Heal
|upkeep
|turn|25
|
|t:|1760850803
|move|p1a: Iron Treads|Ice Spinner|p2a: francis
|-supereffective|p2a: francis
|-damage|p2a: francis|0 fnt
|faint|p2a: francis
|
|upkeep
|
|t:|1760850808
|switch|p2a: nugget|Weavile, F, shiny|100/100
|-ability|p2a: nugget|Pressure
|turn|26
|
|t:|1760850822
|-end|p1a: Iron Treads|Quark Drive|[silent]
|switch|p1a: Slowking|Slowking-Galar, F|99/100 brn
|-damage|p1a: Slowking|86/100 brn|[from] Stealth Rock
|move|p2a: nugget|Knock Off|p1a: Slowking
|-supereffective|p1a: Slowking
|-damage|p1a: Slowking|0 fnt
|-enditem|p1a: Slowking|Black Sludge|[from] move: Knock Off|[of] p2a: nugget
|faint|p1a: Slowking
|-damage|p2a: nugget|91/100|[from] item: Life Orb
|
|upkeep
|
|t:|1760850832
|switch|p1a: Gallade|Gallade, M|100/100
|-damage|p1a: Gallade|94/100|[from] Stealth Rock
|turn|27
|
|t:|1760850838
|move|p1a: Gallade|Close Combat|p2a: nugget
|-supereffective|p2a: nugget
|-damage|p2a: nugget|0 fnt
|-unboost|p1a: Gallade|def|1
|-unboost|p1a: Gallade|spd|1
|faint|p2a: nugget
|
|upkeep
|
|t:|1760850852
|switch|p2a: luca|Gholdengo|79/100
|turn|28
|
|t:|1760850857
|switch|p1a: Mandibuzz|Mandibuzz, F|70/100
|switch|p2a: ani|Rotom-Wash, shiny|100/100
|
|upkeep
|turn|29
|
|t:|1760850866
|move|p2a: ani|Will-O-Wisp|p1a: Mandibuzz
|-status|p1a: Mandibuzz|brn
|move|p1a: Mandibuzz|Roost|p1a: Mandibuzz
|-heal|p1a: Mandibuzz|100/100 brn
|-singleturn|p1a: Mandibuzz|move: Roost
|
|-damage|p1a: Mandibuzz|94/100 brn|[from] brn
|upkeep
|turn|30
|
|t:|1760850875
|switch|p1a: Hydrapple|Hydrapple, M|100/100
|-damage|p1a: Hydrapple|88/100|[from] Stealth Rock
|move|p2a: ani|Thunderbolt|p1a: Hydrapple
|-resisted|p1a: Hydrapple
|-damage|p1a: Hydrapple|77/100
|
|upkeep
|turn|31
|
|t:|1760850882
|move|p1a: Hydrapple|Giga Drain|p2a: ani
|-supereffective|p2a: ani
|-damage|p2a: ani|29/100
|-heal|p1a: Hydrapple|100/100|[from] drain|[of] p2a: ani
|move|p2a: ani|Will-O-Wisp|p1a: Hydrapple
|-status|p1a: Hydrapple|brn
|
|-heal|p2a: ani|36/100|[from] item: Leftovers
|-damage|p1a: Hydrapple|94/100 brn|[from] brn
|upkeep
|turn|32
|
|t:|1760850893
|switch|p2a: luca|Gholdengo|79/100
|move|p1a: Hydrapple|Giga Drain|p2a: luca
|-resisted|p2a: luca
|-crit|p2a: luca
|-damage|p2a: luca|49/100
|-heal|p1a: Hydrapple|100/100 brn|[from] drain|[of] p2a: luca
|
|-damage|p1a: Hydrapple|94/100 brn|[from] brn
|upkeep
|turn|33
|
|t:|1760850901
|move|p2a: luca|Recover|p2a: luca
|-heal|p2a: luca|99/100
|move|p1a: Hydrapple|Giga Drain|p2a: luca
|-resisted|p2a: luca
|-damage|p2a: luca|81/100
|-heal|p1a: Hydrapple|100/100 brn|[from] drain|[of] p2a: luca
|
|-damage|p1a: Hydrapple|94/100 brn|[from] brn
|upkeep
|turn|34
|
|t:|1760850909
|switch|p1a: Mandibuzz|Mandibuzz, F|94/100 brn
|move|p2a: luca|Shadow Ball|p1a: Mandibuzz
|-resisted|p1a: Mandibuzz
|-damage|p1a: Mandibuzz|81/100 brn
|
|-damage|p1a: Mandibuzz|75/100 brn|[from] brn
|upkeep
|turn|35
|
|t:|1760850925
|move|p2a: luca|Trick|p1a: Mandibuzz
|-activate|p2a: luca|move: Trick|[of] p1a: Mandibuzz
|-item|p1a: Mandibuzz|Rocky Helmet|[from] move: Trick
|-item|p2a: luca|Heavy-Duty Boots|[from] move: Trick
|move|p1a: Mandibuzz|Roost|p1a: Mandibuzz
|-heal|p1a: Mandibuzz|100/100 brn
|-singleturn|p1a: Mandibuzz|move: Roost
|
|-damage|p1a: Mandibuzz|94/100 brn|[from] brn
|upkeep
|turn|36
|
|t:|1760850934
|switch|p2a: ani|Rotom-Wash, shiny|36/100
|move|p1a: Mandibuzz|Foul Play|p2a: ani
|-damage|p2a: ani|26/100
|
|-heal|p2a: ani|32/100|[from] item: Leftovers
|-damage|p1a: Mandibuzz|88/100 brn|[from] brn
|upkeep
|turn|37
|
|t:|1760850943
|move|p2a: ani|Volt Switch|p1a: Mandibuzz
|-supereffective|p1a: Mandibuzz
|-damage|p1a: Mandibuzz|44/100 brn
|
|t:|1760850950
|switch|p2a: luca|Gholdengo|81/100|[from] Volt Switch
|move|p1a: Mandibuzz|Defog|p2a: luca
|-immune|p2a: luca|[from] ability: Good as Gold
|
|-damage|p1a: Mandibuzz|38/100 brn|[from] brn
|upkeep
|turn|38
|
|t:|1760850974
|move|p2a: luca|Make It Rain|p1a: Mandibuzz
|-damage|p1a: Mandibuzz|0 fnt
|-unboost|p2a: luca|spa|1
|faint|p1a: Mandibuzz
|
|upkeep
|
|t:|1760850979
|switch|p1a: Hydrapple|Hydrapple, M|100/100 brn
|-damage|p1a: Hydrapple|88/100 brn|[from] Stealth Rock
|turn|39
|
|t:|1760851001
|switch|p2a: ani|Rotom-Wash, shiny|32/100
|move|p1a: Hydrapple|Fickle Beam|p2a: ani
|-damage|p2a: ani|0 fnt
|faint|p2a: ani
|
|-damage|p1a: Hydrapple|82/100 brn|[from] brn
|upkeep
|inactive|bbygrinch has 120 seconds left.
|
|t:|1760851034
|switch|p2a: manny|Great Tusk|100/100
|-enditem|p2a: manny|Booster Energy
|-activate|p2a: manny|ability: Protosynthesis|[fromitem]
|-start|p2a: manny|protosynthesisatk
|turn|40
|
|t:|1760851040
|switch|p1a: Azumarill|Azumarill, F|100/100
|-damage|p1a: Azumarill|88/100|[from] Stealth Rock
|move|p2a: manny|Rapid Spin|p1a: Azumarill
|-damage|p1a: Azumarill|65/100
|-boost|p2a: manny|spe|1
|
|upkeep
|turn|41
|inactive|bbygrinch has 120 seconds left.
|
|t:|1760851048
|move|p2a: manny|Earthquake|p1a: Azumarill
|-damage|p1a: Azumarill|0 fnt
|faint|p1a: Azumarill
|
|upkeep
|
|t:|1760851055
|switch|p1a: Hydrapple|Hydrapple, M|100/100 brn
|-damage|p1a: Hydrapple|88/100 brn|[from] Stealth Rock
|turn|42
|
|t:|1760851059
|move|p2a: manny|Ice Spinner|p1a: Hydrapple
|-supereffective|p1a: Hydrapple
|-damage|p1a: Hydrapple|0 fnt
|faint|p1a: Hydrapple
|
|upkeep
|
|t:|1760851061
|switch|p1a: Iron Treads|Iron Treads|21/100
|-damage|p1a: Iron Treads|18/100|[from] Stealth Rock
|turn|43
|
|t:|1760851066
|move|p2a: manny|Earthquake|p1a: Iron Treads
|-supereffective|p1a: Iron Treads
|-damage|p1a: Iron Treads|0 fnt
|faint|p1a: Iron Treads
|-end|p1a: Iron Treads|Quark Drive|[silent]
|
|upkeep
|
|t:|1760851067
|switch|p1a: Gallade|Gallade, M|94/100
|-damage|p1a: Gallade|88/100|[from] Stealth Rock
|turn|44
|
|t:|1760851079
|-terastallize|p1a: Gallade|Steel
|move|p2a: manny|Earthquake|p1a: Gallade
|-supereffective|p1a: Gallade
|-crit|p1a: Gallade
|-damage|p1a: Gallade|0 fnt
|faint|p1a: Gallade
|
|win|bbygrinch
|raw|pooppocketer's rating: 1251 &rarr; <strong>1231</strong><br />(-20 for losing)
|raw|bbygrinch's rating: 1318 &rarr; <strong>1334</strong><br />(+16 for winning)
|l|☆pooppocketer
|player|p1|
|l|☆bbygrinch
|player|p2|
