|j|☆JacezZ
|j|☆Mars-Snako
|t:|1760891126
|gametype|singles
|player|p1|JacezZ|blackbelt-gen4dp|1468
|player|p2|Mars-Snako|wallace|1472
|gen|9
|tier|[Gen 9] OU
|rated|
|rule|HP Percentage Mod: HP is shown in percentages
|rule|Endless Battle Clause: Forcing endless battles is banned
|rule|Species Clause: Limit one of each Pokémon
|rule|OHKO Clause: OHKO moves are banned
|rule|Evasion Items Clause: Evasion items are banned
|rule|Evasion Moves Clause: Evasion moves are banned
|rule|Evasion Abilities Clause: Evasion abilities are banned
|rule|Sleep Moves Clause: Sleep-inducing moves are banned
|clearpoke
|poke|p1|Pincurchin, F|
|poke|p1|Floatzel, F|
|poke|p1|Gholdengo|
|poke|p1|Rillaboom, F|
|poke|p1|Alomomola, F|
|poke|p1|Great Tusk|
|poke|p2|Gholdengo|
|poke|p2|Kleavor, F|
|poke|p2|Hatterene, F|
|poke|p2|Kyurem|
|poke|p2|Iron Hands|
|poke|p2|Moltres|
|teampreview
|c|☆Mars-Snako|floatzel :3
|
|t:|1760891142
|teamsize|p1|6
|teamsize|p2|6
|start
|switch|p1a: Alomomola|Alomomola, F|100/100
|switch|p2a: Kleavor|Kleavor, F|100/100
|turn|1
|
|t:|1760891146
|move|p2a: Kleavor|Stone Axe|p1a: Alomomola
|-damage|p1a: Alomomola|68/100
|-sidestart|p1: JacezZ|move: Stealth Rock
|move|p1a: Alomomola|Scald|p2a: Kleavor
|-supereffective|p2a: Kleavor
|-damage|p2a: Kleavor|54/100
|
|upkeep
|turn|2
|
|t:|1760891154
|switch|p2a: Kyurem|Kyurem|100/100
|-ability|p2a: Kyurem|Pressure
|move|p1a: Alomomola|Flip Turn|p2a: Kyurem
|-resisted|p2a: Kyurem
|-damage|p2a: Kyurem|92/100
|
|t:|1760891158
|switch|p1a: Gholdengo|Gholdengo|100/100|[from] Flip Turn
|-damage|p1a: Gholdengo|94/100|[from] Stealth Rock
|
|upkeep
|turn|3
|
|t:|1760891184
|move|p1a: Gholdengo|Make It Rain|p2a: Kyurem
|-supereffective|p2a: Kyurem
|-damage|p2a: Kyurem|0 fnt
|-unboost|p1a: Gholdengo|spa|1
|faint|p2a: Kyurem
|
|upkeep
|
|t:|1760891202
|switch|p2a: Gholdengo|Gholdengo|100/100
|turn|4
|
|t:|1760891204
|switch|p1a: Alomomola|Alomomola, F|100/100
|-damage|p1a: Alomomola|88/100|[from] Stealth Rock
|move|p2a: Gholdengo|Shadow Ball|p1a: Alomomola
|-damage|p1a: Alomomola|61/100
|
|upkeep
|turn|5
|
|t:|1760891212
|move|p2a: Gholdengo|Shadow Ball|p1a: Alomomola
|-damage|p1a: Alomomola|37/100
|move|p1a: Alomomola|Flip Turn|p2a: Gholdengo
|-damage|p2a: Gholdengo|85/100
|
|t:|1760891216
|switch|p1a: Great Tusk|Great Tusk|100/100|[from] Flip Turn
|
|upkeep
|turn|6
|
|t:|1760891220
|switch|p2a: Moltres|Moltres|100/100
|move|p1a: Great Tusk|Headlong Rush|p2a: Moltres
|-immune|p2a: Moltres
|
|upkeep
|turn|7
|
|t:|1760891231
|move|p2a: Moltres|Hurricane|p1a: Great Tusk
|-supereffective|p1a: Great Tusk
|-damage|p1a: Great Tusk|0 fnt
|faint|p1a: Great Tusk
|-end|p1a: Great Tusk|Protosynthesis|[silent]
|
|upkeep
|
|t:|1760891236
|switch|p1a: Floatzel|Floatzel, F|100/100
|-damage|p1a: Floatzel|88/100|[from] Stealth Rock
|turn|8
|
|t:|1760891256
|switch|p2a: Hatterene|Hatterene, F|100/100
|move|p1a: Floatzel|Hydro Pump|p2a: Hatterene
|-damage|p2a: Hatterene|59/100
|-damage|p1a: Floatzel|78/100|[from] item: Life Orb
|
|upkeep
|turn|9
|
|t:|1760891284
|move|p1a: Floatzel|Hydro Pump|p2a: Hatterene
|-damage|p2a: Hatterene|20/100
|-damage|p1a: Floatzel|68/100|[from] item: Life Orb
|move|p2a: Hatterene|Mystical Fire|p1a: Floatzel
|-resisted|p1a: Floatzel
|-damage|p1a: Floatzel|43/100
|-unboost|p1a: Floatzel|spa|1
|
|upkeep
|turn|10
|
|t:|1760891291
|switch|p2a: Iron Hands|Iron Hands|100/100
|move|p1a: Floatzel|Hydro Pump|p2a: Iron Hands
|-damage|p2a: Iron Hands|62/100
|-damage|p1a: Floatzel|33/100|[from] item: Life Orb
|
|upkeep
|turn|11
|
|t:|1760891312
|move|p1a: Floatzel|Hydro Pump|p2a: Iron Hands
|-damage|p2a: Iron Hands|24/100
|-damage|p1a: Floatzel|23/100|[from] item: Life Orb
|move|p2a: Iron Hands|Earthquake|p1a: Floatzel
|-damage|p1a: Floatzel|0 fnt
|faint|p1a: Floatzel
|-damage|p2a: Iron Hands|14/100|[from] item: Life Orb
|
|upkeep
|
|t:|1760891327
|switch|p1a: Rillaboom|Rillaboom, F|100/100
|-damage|p1a: Rillaboom|88/100|[from] Stealth Rock
|-fieldstart|move: Grassy Terrain|[from] ability: Grassy Surge|[of] p1a: Rillaboom
|turn|12
|
|t:|1760891335
|move|p1a: Rillaboom|Knock Off|p2a: Iron Hands
|-resisted|p2a: Iron Hands
|-damage|p2a: Iron Hands|0 fnt
|-enditem|p2a: Iron Hands|Life Orb|[from] move: Knock Off|[of] p1a: Rillaboom
|faint|p2a: Iron Hands
|-end|p2a: Iron Hands|Quark Drive|[silent]
|
|-heal|p1a: Rillaboom|94/100|[from] Grassy Terrain
|upkeep
|
|t:|1760891339
|switch|p2a: Gholdengo|Gholdengo|85/100
|turn|13
|
|t:|1760891352
|switch|p1a: Pincurchin|Pincurchin, F|100/100
|-damage|p1a: Pincurchin|88/100|[from] Stealth Rock
|-fieldstart|move: Electric Terrain|[from] ability: Electric Surge|[of] p1a: Pincurchin
|switch|p2a: Moltres|Moltres|100/100
|
|upkeep
|turn|14
|
|t:|1760891360
|move|p2a: Moltres|U-turn|p1a: Pincurchin
|-damage|p1a: Pincurchin|75/100
|
|t:|1760891364
|switch|p2a: Hatterene|Hatterene, F|20/100|[from] U-turn
|move|p1a: Pincurchin|Discharge|p2a: Hatterene
|-damage|p2a: Hatterene|0 fnt
|faint|p2a: Hatterene
|
|upkeep
|
|t:|1760891375
|switch|p2a: Kleavor|Kleavor, F|54/100
|turn|15
|
|t:|1760891380
|move|p2a: Kleavor|X-Scissor|p1a: Pincurchin
|-damage|p1a: Pincurchin|18/100
|move|p1a: Pincurchin|Scald|p2a: Kleavor
|-supereffective|p2a: Kleavor
|-damage|p2a: Kleavor|0 fnt
|faint|p2a: Kleavor
|
|upkeep
|
|t:|1760891387
|switch|p2a: Moltres|Moltres|100/100
|turn|16
|
|t:|1760891389
|move|p2a: Moltres|Scorching Sands|p1a: Pincurchin
|-supereffective|p1a: Pincurchin
|-damage|p1a: Pincurchin|0 fnt
|faint|p1a: Pincurchin
|
|upkeep
|
|t:|1760891394
|switch|p1a: Alomomola|Alomomola, F|70/100
|-damage|p1a: Alomomola|57/100|[from] Stealth Rock
|turn|17
|
|t:|1760891405
|move|p2a: Moltres|Hurricane|p1a: Alomomola|[miss]
|-miss|p2a: Moltres|p1a: Alomomola
|move|p1a: Alomomola|Flip Turn|p2a: Moltres
|-supereffective|p2a: Moltres
|-damage|p2a: Moltres|65/100
|
|t:|1760891411
|switch|p1a: Gholdengo|Gholdengo|94/100|[from] Flip Turn
|-damage|p1a: Gholdengo|88/100|[from] Stealth Rock
|
|upkeep
|turn|18
|
|t:|1760891415
|move|p1a: Gholdengo|Trick|p2a: Moltres
|-activate|p1a: Gholdengo|move: Trick|[of] p2a: Moltres
|-item|p2a: Moltres|Choice Scarf|[from] move: Trick
|-item|p1a: Gholdengo|Heavy-Duty Boots|[from] move: Trick
|move|p2a: Moltres|Flamethrower|p1a: Gholdengo
|-supereffective|p1a: Gholdengo
|-damage|p1a: Gholdengo|0 fnt
|faint|p1a: Gholdengo
|
|upkeep
|
|t:|1760891417
|switch|p1a: Alomomola|Alomomola, F|91/100
|-damage|p1a: Alomomola|78/100|[from] Stealth Rock
|turn|19
|
|t:|1760891425
|switch|p2a: Gholdengo|Gholdengo|85/100
|move|p1a: Alomomola|Flip Turn|p2a: Gholdengo
|-damage|p2a: Gholdengo|70/100
|
|t:|1760891430
|switch|p1a: Rillaboom|Rillaboom, F|94/100|[from] Flip Turn
|-damage|p1a: Rillaboom|82/100|[from] Stealth Rock
|-fieldstart|move: Grassy Terrain|[from] ability: Grassy Surge|[of] p1a: Rillaboom
|
|-heal|p1a: Rillaboom|88/100|[from] Grassy Terrain
|-heal|p2a: Gholdengo|76/100|[from] Grassy Terrain
|upkeep
|turn|20
|
|t:|1760891436
|switch|p2a: Moltres|Moltres|65/100
|move|p1a: Rillaboom|U-turn|p2a: Moltres
|-resisted|p2a: Moltres
|-damage|p2a: Moltres|55/100
|
|t:|1760891439
|switch|p1a: Alomomola|Alomomola, F|100/100|[from] U-turn
|-damage|p1a: Alomomola|88/100|[from] Stealth Rock
|
|-heal|p1a: Alomomola|94/100|[from] Grassy Terrain
|upkeep
|turn|21
|
|t:|1760891446
|move|p2a: Moltres|U-turn|p1a: Alomomola
|-damage|p1a: Alomomola|84/100
|
|t:|1760891448
|switch|p2a: Gholdengo|Gholdengo|76/100|[from] U-turn
|move|p1a: Alomomola|Scald|p2a: Gholdengo
|-damage|p2a: Gholdengo|63/100
|-status|p2a: Gholdengo|brn
|
|-heal|p2a: Gholdengo|69/100 brn|[from] Grassy Terrain
|-heal|p1a: Alomomola|90/100|[from] Grassy Terrain
|-damage|p2a: Gholdengo|63/100 brn|[from] brn
|upkeep
|turn|22
|
|t:|1760891453
|move|p2a: Gholdengo|Shadow Ball|p1a: Alomomola
|-damage|p1a: Alomomola|65/100
|-unboost|p1a: Alomomola|spd|1
|move|p1a: Alomomola|Flip Turn|p2a: Gholdengo
|-damage|p2a: Gholdengo|48/100 brn
|
|t:|1760891460
|switch|p1a: Rillaboom|Rillaboom, F|88/100|[from] Flip Turn
|-damage|p1a: Rillaboom|76/100|[from] Stealth Rock
|
|-heal|p1a: Rillaboom|82/100|[from] Grassy Terrain
|-heal|p2a: Gholdengo|54/100 brn|[from] Grassy Terrain
|-damage|p2a: Gholdengo|48/100 brn|[from] brn
|upkeep
|turn|23
|
|t:|1760891467
|switch|p2a: Moltres|Moltres|55/100
|move|p1a: Rillaboom|High Horsepower|p2a: Moltres
|-immune|p2a: Moltres
|
|-heal|p1a: Rillaboom|88/100|[from] Grassy Terrain
|-fieldend|move: Grassy Terrain
|upkeep
|turn|24
|
|t:|1760891474
|switch|p1a: Alomomola|Alomomola, F|99/100
|-damage|p1a: Alomomola|86/100|[from] Stealth Rock
|move|p2a: Moltres|Hurricane|p1a: Alomomola
|-damage|p1a: Alomomola|54/100
|
|upkeep
|turn|25
|
|t:|1760891481
|move|p2a: Moltres|Hurricane|p1a: Alomomola
|-damage|p1a: Alomomola|24/100
|move|p1a: Alomomola|Flip Turn|p2a: Moltres
|-supereffective|p2a: Moltres
|-damage|p2a: Moltres|19/100
|-status|p1a: Alomomola|brn|[from] ability: Flame Body|[of] p2a: Moltres
|
|t:|1760891484
|switch|p1a: Rillaboom|Rillaboom, F|88/100|[from] Flip Turn
|-damage|p1a: Rillaboom|76/100|[from] Stealth Rock
|-fieldstart|move: Grassy Terrain|[from] ability: Grassy Surge|[of] p1a: Rillaboom
|
|-heal|p1a: Rillaboom|82/100|[from] Grassy Terrain
|upkeep
|turn|26
|
|t:|1760891496
|move|p2a: Moltres|Hurricane|p1a: Rillaboom
|-supereffective|p1a: Rillaboom
|-damage|p1a: Rillaboom|0 fnt
|faint|p1a: Rillaboom
|
|upkeep
|
|t:|1760891501
|switch|p1a: Alomomola|Alomomola, F|57/100 brn
|-damage|p1a: Alomomola|45/100 brn|[from] Stealth Rock
|turn|27
|-message|JacezZ forfeited.
|
|win|Mars-Snako
|raw|JacezZ's rating: 1468 &rarr; <strong>1448</strong><br />(-20 for losing)
|raw|Mars-Snako's rating: 1472 &rarr; <strong>1492</strong><br />(+20 for winning)
|l|☆JacezZ
|player|p1|
|l|☆Mars-Snako
|player|p2|
