|j|☆scrubtest98
|j|☆S-993311
|t:|1760836031
|gametype|singles
|player|p1|scrubtest98|170|1498
|player|p2|S-993311|fisherman-gen4|1420
|gen|9
|tier|[Gen 9] OU
|rated|
|rule|HP Percentage Mod: HP is shown in percentages
|rule|Endless Battle Clause: Forcing endless battles is banned
|rule|Species Clause: Limit one of each Pokémon
|rule|OHKO Clause: OHKO moves are banned
|rule|Evasion Items Clause: Evasion items are banned
|rule|Evasion Moves Clause: Evasion moves are banned
|rule|Evasion Abilities Clause: Evasion abilities are banned
|rule|Sleep Moves Clause: Sleep-inducing moves are banned
|clearpoke
|poke|p1|Rillaboom, M|
|poke|p1|Zamazenta-*|
|poke|p1|Heatran, M|
|poke|p1|Ogerpon-Wellspring, F|
|poke|p1|Great Tusk|
|poke|p1|Dragapult, F|
|poke|p2|Thundurus-Therian, M|
|poke|p2|Raging Bolt|
|poke|p2|Slowking-Galar, F|
|poke|p2|Kyurem|
|poke|p2|Great Tusk|
|poke|p2|Moltres|
|teampreview
|inactive|Battle timer is ON: inactive players will automatically lose when time's up. (requested by S-993311)
|
|t:|1760836041
|teamsize|p1|6
|teamsize|p2|6
|start
|switch|p1a: Dragapult|Dragapult, F|100/100
|switch|p2a: Thundurus|Thundurus-Therian, M|100/100
|turn|1
|
|t:|1760836048
|switch|p2a: Slowking|Slowking-Galar, F|100/100
|move|p1a: Dragapult|Draco Meteor|p2a: Slowking
|-damage|p2a: Slowking|61/100
|-unboost|p1a: Dragapult|spa|2
|
|upkeep
|turn|2
|
|t:|1760836061
|switch|p1a: Heatran|Heatran, M|100/100
|move|p2a: Slowking|Ice Beam|p1a: Heatran
|-resisted|p1a: Heatran
|-damage|p1a: Heatran|96/100
|
|-heal|p1a: Heatran|100/100|[from] item: Leftovers
|upkeep
|turn|3
|
|t:|1760836091
|switch|p2a: Great Tusk|Great Tusk|100/100
|move|p1a: Heatran|Magma Storm|p2a: Great Tusk
|-damage|p2a: Great Tusk|39/100
|-activate|p2a: Great Tusk|move: Magma Storm|[of] p1a: Heatran
|
|-damage|p2a: Great Tusk|27/100|[from] move: Magma Storm|[partiallytrapped]
|upkeep
|turn|4
|
|t:|1760836101
|switch|p1a: Ogerpon|Ogerpon-Wellspring, F|100/100
|move|p2a: Great Tusk|Headlong Rush|p1a: Ogerpon
|-resisted|p1a: Ogerpon
|-damage|p1a: Ogerpon|64/100
|-unboost|p2a: Great Tusk|def|1
|-unboost|p2a: Great Tusk|spd|1
|
|-end|p2a: Great Tusk|Magma Storm|[partiallytrapped]|[silent]
|upkeep
|turn|5
|
|t:|1760836109
|move|p2a: Great Tusk|Stealth Rock|p1a: Ogerpon
|-sidestart|p1: scrubtest98|move: Stealth Rock
|move|p1a: Ogerpon|Ivy Cudgel|p2a: Great Tusk|[anim] Ivy Cudgel Water
|-supereffective|p2a: Great Tusk
|-crit|p2a: Great Tusk
|-damage|p2a: Great Tusk|0 fnt
|faint|p2a: Great Tusk
|-end|p2a: Great Tusk|Protosynthesis|[silent]
|
|upkeep
|
|t:|1760836117
|switch|p2a: Thundurus|Thundurus-Therian, M|100/100
|turn|6
|
|t:|1760836143
|switch|p1a: Heatran|Heatran, M|100/100
|-damage|p1a: Heatran|88/100|[from] Stealth Rock
|move|p2a: Thundurus|Grass Knot|p1a: Heatran
|-resisted|p1a: Heatran
|-damage|p1a: Heatran|77/100
|
|-heal|p1a: Heatran|83/100|[from] item: Leftovers
|upkeep
|turn|7
|
|t:|1760836153
|switch|p2a: Slowking|Slowking-Galar, F|94/100
|move|p1a: Heatran|Magma Storm|p2a: Slowking
|-damage|p2a: Slowking|72/100
|-activate|p2a: Slowking|move: Magma Storm|[of] p1a: Heatran
|
|-heal|p1a: Heatran|89/100|[from] item: Leftovers
|-damage|p2a: Slowking|60/100|[from] move: Magma Storm|[partiallytrapped]
|upkeep
|turn|8
|
|t:|1760836162
|move|p1a: Heatran|Earth Power|p2a: Slowking
|-supereffective|p2a: Slowking
|-damage|p2a: Slowking|32/100
|move|p2a: Slowking|Psyshock|p1a: Heatran
|-resisted|p1a: Heatran
|-damage|p1a: Heatran|73/100
|
|-heal|p1a: Heatran|79/100|[from] item: Leftovers
|-damage|p2a: Slowking|20/100|[from] move: Magma Storm|[partiallytrapped]
|upkeep
|turn|9
|
|t:|1760836171
|move|p1a: Heatran|Stealth Rock|p2a: Slowking
|-sidestart|p2: S-993311|move: Stealth Rock
|move|p2a: Slowking|Psyshock|p1a: Heatran
|-resisted|p1a: Heatran
|-damage|p1a: Heatran|63/100
|
|-heal|p1a: Heatran|69/100|[from] item: Leftovers
|-damage|p2a: Slowking|8/100|[from] move: Magma Storm|[partiallytrapped]
|upkeep
|turn|10
|
|t:|1760836179
|move|p1a: Heatran|Earth Power|p2a: Slowking
|-supereffective|p2a: Slowking
|-damage|p2a: Slowking|0 fnt
|faint|p2a: Slowking
|
|-heal|p1a: Heatran|75/100|[from] item: Leftovers
|upkeep
|
|t:|1760836189
|switch|p2a: Raging Bolt|Raging Bolt|100/100
|-damage|p2a: Raging Bolt|88/100|[from] Stealth Rock
|-enditem|p2a: Raging Bolt|Booster Energy
|-activate|p2a: Raging Bolt|ability: Protosynthesis|[fromitem]
|-start|p2a: Raging Bolt|protosynthesisspa
|turn|11
|
|t:|1760836197
|move|p1a: Heatran|Taunt|p2a: Raging Bolt
|-start|p2a: Raging Bolt|move: Taunt
|move|p2a: Raging Bolt|Dragon Pulse|p1a: Heatran
|-resisted|p1a: Heatran
|-damage|p1a: Heatran|54/100
|
|-heal|p1a: Heatran|60/100|[from] item: Leftovers
|upkeep
|turn|12
|
|t:|1760836204
|move|p1a: Heatran|Earth Power|p2a: Raging Bolt
|-supereffective|p2a: Raging Bolt
|-damage|p2a: Raging Bolt|46/100
|move|p2a: Raging Bolt|Thunderbolt|p1a: Heatran
|-damage|p1a: Heatran|18/100
|
|-heal|p1a: Heatran|24/100|[from] item: Leftovers
|upkeep
|turn|13
|
|t:|1760836211
|move|p1a: Heatran|Magma Storm|p2a: Raging Bolt
|-resisted|p2a: Raging Bolt
|-damage|p2a: Raging Bolt|28/100
|-activate|p2a: Raging Bolt|move: Magma Storm|[of] p1a: Heatran
|move|p2a: Raging Bolt|Thunderbolt|p1a: Heatran
|-damage|p1a: Heatran|0 fnt
|faint|p1a: Heatran
|
|-end|p2a: Raging Bolt|Magma Storm|[partiallytrapped]|[silent]
|-end|p2a: Raging Bolt|move: Taunt
|upkeep
|
|t:|1760836216
|switch|p1a: Great Tusk|Great Tusk|100/100
|-damage|p1a: Great Tusk|98/100|[from] Stealth Rock
|-enditem|p1a: Great Tusk|Booster Energy
|-activate|p1a: Great Tusk|ability: Protosynthesis|[fromitem]
|-start|p1a: Great Tusk|protosynthesisatk
|turn|14
|
|t:|1760836226
|-end|p2a: Raging Bolt|Protosynthesis|[silent]
|switch|p2a: Moltres|Moltres|100/100
|move|p1a: Great Tusk|Rapid Spin|p2a: Moltres
|-damage|p2a: Moltres|82/100
|-boost|p1a: Great Tusk|spe|1
|-sideend|p1: scrubtest98|Stealth Rock|[from] move: Rapid Spin|[of] p1a: Great Tusk
|
|upkeep
|turn|15
|
|t:|1760836237
|-end|p1a: Great Tusk|Protosynthesis|[silent]
|switch|p1a: Dragapult|Dragapult, F|100/100
|move|p2a: Moltres|Hurricane|p1a: Dragapult|[miss]
|-miss|p2a: Moltres|p1a: Dragapult
|
|upkeep
|turn|16
|
|t:|1760836243
|move|p1a: Dragapult|Draco Meteor|p2a: Moltres|[miss]
|-miss|p1a: Dragapult|p2a: Moltres
|move|p2a: Moltres|Hurricane|p1a: Dragapult
|-damage|p1a: Dragapult|35/100
|
|upkeep
|turn|17
|
|t:|1760836250
|-terastallize|p2a: Moltres|Fairy
|move|p1a: Dragapult|Draco Meteor|p2a: Moltres
|-immune|p2a: Moltres
|move|p2a: Moltres|Hurricane|p1a: Dragapult
|-damage|p1a: Dragapult|0 fnt
|faint|p1a: Dragapult
|
|upkeep
|
|t:|1760836257
|switch|p1a: Rillaboom|Rillaboom, M|100/100
|-fieldstart|move: Grassy Terrain|[from] ability: Grassy Surge|[of] p1a: Rillaboom
|turn|18
|
|t:|1760836263
|-terastallize|p1a: Rillaboom|Grass
|move|p1a: Rillaboom|Grassy Glide|p2a: Moltres
|-damage|p2a: Moltres|27/100
|-status|p1a: Rillaboom|brn|[from] ability: Flame Body|[of] p2a: Moltres
|move|p2a: Moltres|Flamethrower|p1a: Rillaboom
|-supereffective|p1a: Rillaboom
|-damage|p1a: Rillaboom|17/100 brn
|
|-heal|p2a: Moltres|33/100|[from] Grassy Terrain
|-heal|p1a: Rillaboom|23/100 brn|[from] Grassy Terrain
|-damage|p1a: Rillaboom|17/100 brn|[from] brn
|upkeep
|turn|19
|
|t:|1760836274
|move|p1a: Rillaboom|Grassy Glide|p2a: Moltres
|-damage|p2a: Moltres|7/100
|move|p2a: Moltres|Roost|p2a: Moltres
|-heal|p2a: Moltres|57/100
|
|-heal|p2a: Moltres|63/100|[from] Grassy Terrain
|-heal|p1a: Rillaboom|23/100 brn|[from] Grassy Terrain
|-damage|p1a: Rillaboom|17/100 brn|[from] brn
|upkeep
|turn|20
|
|t:|1760836283
|switch|p1a: Ogerpon|Ogerpon-Wellspring, F|64/100
|move|p2a: Moltres|Roost|p2a: Moltres
|-heal|p2a: Moltres|100/100
|
|-heal|p1a: Ogerpon|71/100|[from] Grassy Terrain
|upkeep
|turn|21
|
|t:|1760836290
|move|p1a: Ogerpon|Swords Dance|p1a: Ogerpon
|-boost|p1a: Ogerpon|atk|2
|move|p2a: Moltres|Hurricane|p1a: Ogerpon|[miss]
|-miss|p2a: Moltres|p1a: Ogerpon
|
|-heal|p1a: Ogerpon|77/100|[from] Grassy Terrain
|upkeep
|turn|22
|
|t:|1760836296
|move|p1a: Ogerpon|Grassy Glide|p2a: Moltres
|-damage|p2a: Moltres|38/100
|-status|p1a: Ogerpon|brn|[from] ability: Flame Body|[of] p2a: Moltres
|move|p2a: Moltres|Hurricane|p1a: Ogerpon
|-supereffective|p1a: Ogerpon
|-damage|p1a: Ogerpon|0 fnt
|faint|p1a: Ogerpon
|
|-heal|p2a: Moltres|44/100|[from] Grassy Terrain
|-fieldend|move: Grassy Terrain
|upkeep
|
|t:|1760836301
|switch|p1a: Zamazenta|Zamazenta|100/100
|-ability|p1a: Zamazenta|Dauntless Shield|boost
|-boost|p1a: Zamazenta|def|1
|turn|23
|
|t:|1760836309
|move|p1a: Zamazenta|Heavy Slam|p2a: Moltres
|-supereffective|p2a: Moltres
|-damage|p2a: Moltres|0 fnt
|-status|p1a: Zamazenta|brn|[from] ability: Flame Body|[of] p2a: Moltres
|faint|p2a: Moltres
|-damage|p1a: Zamazenta|91/100 brn|[from] item: Life Orb
|
|-damage|p1a: Zamazenta|85/100 brn|[from] brn
|upkeep
|
|t:|1760836318
|switch|p2a: Raging Bolt|Raging Bolt|28/100
|-damage|p2a: Raging Bolt|16/100|[from] Stealth Rock
|turn|24
|
|t:|1760836323
|move|p1a: Zamazenta|Crunch|p2a: Raging Bolt
|-damage|p2a: Raging Bolt|2/100
|-damage|p1a: Zamazenta|75/100 brn|[from] item: Life Orb
|move|p2a: Raging Bolt|Dragon Pulse|p1a: Zamazenta
|-damage|p1a: Zamazenta|29/100 brn
|
|-damage|p1a: Zamazenta|23/100 brn|[from] brn
|upkeep
|turn|25
|
|t:|1760836330
|move|p2a: Raging Bolt|Thunderclap|p1a: Zamazenta
|-damage|p1a: Zamazenta|0 fnt
|faint|p1a: Zamazenta
|
|upkeep
|
|t:|1760836333
|switch|p1a: Great Tusk|Great Tusk|98/100
|turn|26
|
|t:|1760836336
|move|p1a: Great Tusk|Rapid Spin|p2a: Raging Bolt
|-damage|p2a: Raging Bolt|0 fnt
|-boost|p1a: Great Tusk|spe|1
|faint|p2a: Raging Bolt
|-end|p2a: Raging Bolt|Protosynthesis|[silent]
|
|upkeep
|
|t:|1760836345
|switch|p2a: Kyurem|Kyurem|100/100
|-damage|p2a: Kyurem|76/100|[from] Stealth Rock
|-ability|p2a: Kyurem|Pressure
|turn|27
|
|t:|1760836350
|move|p2a: Kyurem|Ice Beam|p1a: Great Tusk
|-supereffective|p1a: Great Tusk
|-damage|p1a: Great Tusk|0 fnt
|faint|p1a: Great Tusk
|-end|p1a: Great Tusk|Protosynthesis|[silent]
|
|upkeep
|-message|scrubtest98 forfeited.
|
|win|S-993311
|raw|scrubtest98's rating: 1498 &rarr; <strong>1474</strong><br />(-24 for losing)
|raw|S-993311's rating: 1420 &rarr; <strong>1444</strong><br />(+24 for winning)
|l|☆scrubtest98
|player|p1|
