|j|‽sadadajksdjawd
|j|☆mo007001
|t:|1760782991
|gametype|singles
|player|p1|sadadajksdjawd|265|1125
|player|p2|mo007001|burglar|1166
|gen|9
|tier|[Gen 9] OU
|rated|
|rule|HP Percentage Mod: HP is shown in percentages
|rule|Endless Battle Clause: Forcing endless battles is banned
|rule|Species Clause: Limit one of each Pokémon
|rule|OHKO Clause: OHKO moves are banned
|rule|Evasion Items Clause: Evasion items are banned
|rule|Evasion Moves Clause: Evasion moves are banned
|rule|Evasion Abilities Clause: Evasion abilities are banned
|rule|Sleep Moves Clause: Sleep-inducing moves are banned
|clearpoke
|poke|p1|Pelipper, M|
|poke|p1|Poliwrath, F|
|poke|p1|Kilowattrel, M|
|poke|p1|Gardevoir, M|
|poke|p1|Overqwil, M|
|poke|p1|Torterra, M|
|poke|p2|Tyranitar, M|
|poke|p2|Excadrill, M|
|poke|p2|Scizor, F|
|poke|p2|Zoroark-Hisui, M|
|poke|p2|Ditto|
|poke|p2|Gallade, M|
|teampreview
|
|t:|1760782999
|teamsize|p1|6
|teamsize|p2|6
|start
|switch|p1a: Pelipper|Pelipper, M, shiny|100/100
|switch|p2a: Tyranitar|Tyranitar, M|100/100
|-weather|RainDance|[from] ability: Drizzle|[of] p1a: Pelipper
|-weather|Sandstorm|[from] ability: Sand Stream|[of] p2a: Tyranitar
|turn|1
|inactive|Battle timer is ON: inactive players will automatically lose when time's up. (requested by sadadajksdjawd)
|
|t:|1760783015
|switch|p1a: Poliwrath|Poliwrath, F|100/100
|move|p2a: Tyranitar|Ice Beam|p1a: Poliwrath
|-resisted|p1a: Poliwrath
|-damage|p1a: Poliwrath|83/100
|
|-weather|Sandstorm|[upkeep]
|-damage|p1a: Poliwrath|77/100|[from] Sandstorm
|upkeep
|turn|2
|
|t:|1760783030
|switch|p2a: Gallade|Gallade, M|100/100
|move|p1a: Poliwrath|Liquidation|p2a: Gallade
|-damage|p2a: Gallade|23/100
|replace|p2a: Zoroark|Zoroark-Hisui, M
|-end|p2a: Zoroark|Illusion
|
|-weather|Sandstorm|[upkeep]
|-damage|p2a: Zoroark|17/100|[from] Sandstorm
|-damage|p1a: Poliwrath|70/100|[from] Sandstorm
|upkeep
|turn|3
|
|t:|1760783042
|switch|p1a: Pelipper|Pelipper, M, shiny|100/100
|-weather|RainDance|[from] ability: Drizzle|[of] p1a: Pelipper
|move|p2a: Zoroark|Bitter Malice|p1a: Pelipper
|-damage|p1a: Pelipper|21/100
|-unboost|p1a: Pelipper|atk|1
|
|-weather|RainDance|[upkeep]
|upkeep
|turn|4
|
|t:|1760783057
|switch|p1a: Overqwil|Overqwil, M, shiny|100/100
|move|p2a: Zoroark|Bitter Malice|p1a: Overqwil
|-resisted|p1a: Overqwil
|-damage|p1a: Overqwil|56/100
|-unboost|p1a: Overqwil|atk|1
|
|-weather|RainDance|[upkeep]
|upkeep
|turn|5
|
|t:|1760783069
|move|p1a: Overqwil|Crunch|p2a: Zoroark
|-supereffective|p2a: Zoroark
|-crit|p2a: Zoroark
|-damage|p2a: Zoroark|0 fnt
|faint|p2a: Zoroark
|-damage|p1a: Overqwil|46/100|[from] item: Life Orb
|
|-weather|RainDance|[upkeep]
|upkeep
|
|t:|1760783077
|switch|p2a: Tyranitar|Tyranitar, M|100/100
|-weather|Sandstorm|[from] ability: Sand Stream|[of] p2a: Tyranitar
|turn|6
|
|t:|1760783090
|switch|p1a: Gardevoir|Gardevoir, M|100/100
|-ability|p1a: Gardevoir|Sand Stream|Trace|[from] ability: Trace|[of] p2a: Tyranitar
|move|p2a: Tyranitar|Thunderbolt|p1a: Gardevoir
|-damage|p1a: Gardevoir|70/100
|
|-weather|Sandstorm|[upkeep]
|-damage|p1a: Gardevoir|64/100|[from] Sandstorm
|upkeep
|turn|7
|
|t:|1760783102
|switch|p2a: Scizor|Scizor, F|100/100
|move|p1a: Gardevoir|Reflect|p1a: Gardevoir
|-sidestart|p1: sadadajksdjawd|Reflect
|
|-weather|Sandstorm|[upkeep]
|-damage|p1a: Gardevoir|58/100|[from] Sandstorm
|upkeep
|turn|8
|
|t:|1760783111
|switch|p1a: Pelipper|Pelipper, M, shiny|21/100
|-weather|RainDance|[from] ability: Drizzle|[of] p1a: Pelipper
|move|p2a: Scizor|Swords Dance|p2a: Scizor
|-boost|p2a: Scizor|atk|2
|
|-weather|RainDance|[upkeep]
|upkeep
|turn|9
|
|t:|1760783121
|move|p2a: Scizor|Dual Wingbeat|p1a: Pelipper
|-damage|p1a: Pelipper|9/100
|-damage|p1a: Pelipper|0 fnt
|faint|p1a: Pelipper
|-hitcount|p1: Pelipper|2
|
|-weather|RainDance|[upkeep]
|upkeep
|
|t:|1760783132
|switch|p1a: Poliwrath|Poliwrath, F|70/100
|turn|10
|
|t:|1760783145
|-terastallize|p1a: Poliwrath|Steel
|move|p1a: Poliwrath|Belly Drum|p1a: Poliwrath
|-damage|p1a: Poliwrath|20/100
|-setboost|p1a: Poliwrath|atk|6|[from] move: Belly Drum
|-enditem|p1a: Poliwrath|Sitrus Berry|[eat]
|-heal|p1a: Poliwrath|45/100|[from] item: Sitrus Berry
|move|p2a: Scizor|Dual Wingbeat|p1a: Poliwrath
|-resisted|p1a: Poliwrath
|-damage|p1a: Poliwrath|37/100
|-resisted|p1a: Poliwrath
|-damage|p1a: Poliwrath|29/100
|-hitcount|p1a: Poliwrath|2
|
|-weather|RainDance|[upkeep]
|upkeep
|turn|11
|
|t:|1760783160
|move|p2a: Scizor|Bullet Punch|p1a: Poliwrath
|-resisted|p1a: Poliwrath
|-damage|p1a: Poliwrath|16/100
|move|p1a: Poliwrath|Drain Punch|p2a: Scizor
|-crit|p2a: Scizor
|-damage|p2a: Scizor|0 fnt
|-heal|p1a: Poliwrath|69/100|[from] drain|[of] p2a: Scizor
|faint|p2a: Scizor
|
|-weather|RainDance|[upkeep]
|upkeep
|
|t:|1760783172
|switch|p2a: Ditto|Ditto, shiny|100/100
|-transform|p2a: Ditto|p1a: Poliwrath|[from] ability: Imposter
|-start|p2a: Ditto|typechange|Water/Fighting|[silent]
|turn|12
|
|t:|1760783181
|move|p2a: Ditto|Drain Punch|p1a: Poliwrath
|-supereffective|p1a: Poliwrath
|-damage|p1a: Poliwrath|0 fnt
|faint|p1a: Poliwrath
|
|-weather|RainDance|[upkeep]
|upkeep
|
|t:|1760783196
|switch|p1a: Gardevoir|Gardevoir, M|58/100
|-ability|p1a: Gardevoir|Swift Swim|Trace|[from] ability: Trace|[of] p2a: Ditto
|turn|13
|
|t:|1760783205
|-terastallize|p2a: Ditto|Normal
|move|p2a: Ditto|Drain Punch|p1a: Gardevoir
|-resisted|p1a: Gardevoir
|-crit|p1a: Gardevoir
|-damage|p1a: Gardevoir|0 fnt
|faint|p1a: Gardevoir
|
|-weather|RainDance|[upkeep]
|upkeep
|
|t:|1760783218
|switch|p1a: Kilowattrel|Kilowattrel, M, shiny|100/100
|turn|14
|
|t:|1760783221
|move|p2a: Ditto|Drain Punch|p1a: Kilowattrel
|-resisted|p1a: Kilowattrel
|-damage|p1a: Kilowattrel|37/100
|move|p1a: Kilowattrel|Hurricane|p2a: Ditto
|-damage|p2a: Ditto|24/100
|-start|p2a: Ditto|confusion
|-damage|p1a: Kilowattrel|27/100|[from] item: Life Orb
|
|-weather|RainDance|[upkeep]
|-sideend|p1: sadadajksdjawd|Reflect
|upkeep
|turn|15
|
|t:|1760783250
|-activate|p2a: Ditto|confusion
|move|p2a: Ditto|Drain Punch|p1a: Kilowattrel
|-resisted|p1a: Kilowattrel
|-damage|p1a: Kilowattrel|0 fnt
|-heal|p2a: Ditto|36/100|[from] drain|[of] p1a: Kilowattrel
|faint|p1a: Kilowattrel
|
|-weather|none
|upkeep
|inactive|sadadajksdjawd has 120 seconds left.
|
|t:|1760783260
|switch|p1a: Overqwil|Overqwil, M, shiny|46/100
|turn|16
|
|t:|1760783266
|switch|p2a: Tyranitar|Tyranitar, M|100/100
|-weather|Sandstorm|[from] ability: Sand Stream|[of] p2a: Tyranitar
|move|p1a: Overqwil|Crunch|p2a: Tyranitar
|-resisted|p2a: Tyranitar
|-damage|p2a: Tyranitar|79/100
|-damage|p1a: Overqwil|36/100|[from] item: Life Orb
|
|-weather|Sandstorm|[upkeep]
|-damage|p1a: Overqwil|30/100|[from] Sandstorm
|upkeep
|turn|17
|
|t:|1760783278
|move|p1a: Overqwil|Waterfall|p2a: Tyranitar
|-supereffective|p2a: Tyranitar
|-damage|p2a: Tyranitar|25/100
|-damage|p1a: Overqwil|20/100|[from] item: Life Orb
|cant|p2a: Tyranitar|flinch
|
|-weather|Sandstorm|[upkeep]
|-damage|p1a: Overqwil|14/100|[from] Sandstorm
|upkeep
|turn|18
|
|t:|1760783291
|move|p1a: Overqwil|Waterfall|p2a: Tyranitar
|-supereffective|p2a: Tyranitar
|-damage|p2a: Tyranitar|0 fnt
|faint|p2a: Tyranitar
|-damage|p1a: Overqwil|4/100|[from] item: Life Orb
|
|-weather|Sandstorm|[upkeep]
|-damage|p1a: Overqwil|0 fnt|[from] Sandstorm
|faint|p1a: Overqwil
|upkeep
|
|t:|1760783301
|switch|p1a: Torterra|Torterra, M, shiny|100/100
|switch|p2a: Excadrill|Excadrill, M|100/100
|-item|p2a: Excadrill|Air Balloon
|turn|19
|inactive|sadadajksdjawd has 120 seconds left.
|inactive|sadadajksdjawd has 90 seconds left.
|inactive|sadadajksdjawd has 60 seconds left.
|inactive|sadadajksdjawd has 30 seconds left.
|inactive|sadadajksdjawd has 20 seconds left.
|inactive|sadadajksdjawd has 15 seconds left.
|inactive|sadadajksdjawd has 10 seconds left.
|inactive|sadadajksdjawd has 5 seconds left.
|-message|sadadajksdjawd lost due to inactivity.
|
|win|mo007001
|raw|sadadajksdjawd's rating: 1125 &rarr; <strong>1103</strong><br />(-22 for losing)
|raw|mo007001's rating: 1166 &rarr; <strong>1188</strong><br />(+22 for winning)
|l|☆mo007001
|player|p2|
|l|‽sadadajksdjawd
|player|p1|
