|j|☆CiorvidSs
|j|☆nwpl23
|t:|1760780444
|gametype|singles
|player|p1|CiorvidSs|lucas|1177
|player|p2|nwpl23|266|1248
|gen|9
|tier|[Gen 9] OU
|rated|
|rule|HP Percentage Mod: HP is shown in percentages
|rule|Endless Battle Clause: Forcing endless battles is banned
|rule|Species Clause: Limit one of each Pokémon
|rule|OHKO Clause: OHKO moves are banned
|rule|Evasion Items Clause: Evasion items are banned
|rule|Evasion Moves Clause: Evasion moves are banned
|rule|Evasion Abilities Clause: Evasion abilities are banned
|rule|Sleep Moves Clause: Sleep-inducing moves are banned
|clearpoke
|poke|p1|Dragapult, F|
|poke|p1|Maushold|
|poke|p1|Toxapex, M|
|poke|p1|Salazzle, F|
|poke|p1|Corviknight, F|
|poke|p1|Hoopa-Unbound|
|poke|p2|Pelipper, M|
|poke|p2|Rillaboom, F|
|poke|p2|Raging Bolt|
|poke|p2|Great Tusk|
|poke|p2|Moltres-Galar|
|poke|p2|Kingambit, M|
|teampreview
|
|t:|1760780458
|teamsize|p1|6
|teamsize|p2|6
|start
|switch|p1a: Maushold|Maushold|100/100
|switch|p2a: Pelipper|Pelipper, M|100/100
|-weather|RainDance|[from] ability: Drizzle|[of] p2a: Pelipper
|turn|1
|
|t:|1760780482
|switch|p2a: Great Tusk|Great Tusk|100/100
|move|p1a: Maushold|Tidy Up|p1a: Maushold
|-boost|p1a: Maushold|atk|1
|-boost|p1a: Maushold|spe|1
|
|-weather|RainDance|[upkeep]
|upkeep
|turn|2
|
|t:|1760780492
|move|p1a: Maushold|Population Bomb|p2a: Great Tusk
|-damage|p2a: Great Tusk|93/100
|-damage|p1a: Maushold|84/100|[from] item: Rocky Helmet|[of] p2a: Great Tusk
|-damage|p2a: Great Tusk|84/100
|-damage|p1a: Maushold|67/100|[from] item: Rocky Helmet|[of] p2a: Great Tusk
|-damage|p2a: Great Tusk|76/100
|-damage|p1a: Maushold|51/100|[from] item: Rocky Helmet|[of] p2a: Great Tusk
|-damage|p2a: Great Tusk|68/100
|-damage|p1a: Maushold|34/100|[from] item: Rocky Helmet|[of] p2a: Great Tusk
|-crit|p2a: Great Tusk
|-damage|p2a: Great Tusk|57/100
|-damage|p1a: Maushold|18/100|[from] item: Rocky Helmet|[of] p2a: Great Tusk
|-damage|p2a: Great Tusk|49/100
|-damage|p1a: Maushold|1/100|[from] item: Rocky Helmet|[of] p2a: Great Tusk
|-damage|p2a: Great Tusk|41/100
|-damage|p1a: Maushold|0 fnt|[from] item: Rocky Helmet|[of] p2a: Great Tusk
|faint|p1a: Maushold
|-hitcount|p2a: Great Tusk|7
|move|p2a: Great Tusk|Earthquake|p1: Maushold|[notarget]
|-fail|p2a: Great Tusk
|
|-weather|RainDance|[upkeep]
|upkeep
|
|t:|1760780498
|switch|p1a: Hoopa|Hoopa-Unbound|100/100
|turn|3
|
|t:|1760780510
|-end|p2a: Great Tusk|Protosynthesis|[silent]
|switch|p2a: Moltres|Moltres-Galar|100/100
|move|p1a: Hoopa|Future Sight|p2a: Moltres
|-start|p1a: Hoopa|move: Future Sight
|
|-weather|RainDance|[upkeep]
|upkeep
|turn|4
|
|t:|1760780518
|move|p2a: Moltres|Hurricane|p1a: Hoopa
|-damage|p1a: Hoopa|63/100
|move|p1a: Hoopa|Thunder Wave|p2a: Moltres
|-status|p2a: Moltres|par
|
|-weather|RainDance|[upkeep]
|upkeep
|turn|5
|
|t:|1760780524
|move|p2a: Moltres|Hurricane|p1a: Hoopa
|-damage|p1a: Hoopa|27/100
|-start|p1a: Hoopa|confusion
|-activate|p1a: Hoopa|confusion
|move|p1a: Hoopa|Drain Punch|p2a: Moltres
|-damage|p2a: Moltres|69/100 par
|-heal|p1a: Hoopa|41/100|[from] drain|[of] p2a: Moltres
|
|-weather|RainDance|[upkeep]
|-end|p2a: Moltres|move: Future Sight
|-immune|p2a: Moltres
|upkeep
|turn|6
|
|t:|1760780537
|move|p2a: Moltres|Hurricane|p1a: Hoopa
|-damage|p1a: Hoopa|4/100
|-end|p1a: Hoopa|confusion
|move|p1a: Hoopa|Drain Punch|p2a: Moltres
|-damage|p2a: Moltres|39/100 par
|-heal|p1a: Hoopa|18/100|[from] drain|[of] p2a: Moltres
|-ability|p2a: Moltres|Berserk|boost
|-boost|p2a: Moltres|spa|1
|-enditem|p1a: Hoopa|Mirror Herb
|-boost|p1a: Hoopa|spa|1|[from] item: Mirror Herb
|
|-weather|RainDance|[upkeep]
|upkeep
|turn|7
|
|t:|1760780551
|move|p2a: Moltres|Hurricane|p1a: Hoopa
|-damage|p1a: Hoopa|0 fnt
|faint|p1a: Hoopa
|
|-weather|RainDance|[upkeep]
|upkeep
|
|t:|1760780555
|switch|p1a: Corviknight|Corviknight, F|100/100
|-ability|p1a: Corviknight|Pressure
|turn|8
|
|t:|1760780567
|switch|p2a: Rillaboom|Rillaboom, F|100/100
|-fieldstart|move: Grassy Terrain|[from] ability: Grassy Surge|[of] p2a: Rillaboom
|move|p1a: Corviknight|Steel Wing|p2a: Rillaboom
|-damage|p2a: Rillaboom|82/100
|
|-weather|none
|-heal|p2a: Rillaboom|88/100|[from] Grassy Terrain
|upkeep
|turn|9
|
|t:|1760780574
|switch|p2a: Pelipper|Pelipper, M|100/100
|-weather|RainDance|[from] ability: Drizzle|[of] p2a: Pelipper
|move|p1a: Corviknight|Bulk Up|p1a: Corviknight
|-boost|p1a: Corviknight|atk|1
|-boost|p1a: Corviknight|def|1
|
|-weather|RainDance|[upkeep]
|upkeep
|turn|10
|-message|CiorvidSs forfeited.
|
|win|nwpl23
|raw|CiorvidSs's rating: 1177 &rarr; <strong>1157</strong><br />(-20 for losing)
|raw|nwpl23's rating: 1248 &rarr; <strong>1268</strong><br />(+20 for winning)
|l|☆CiorvidSs
|player|p1|
|l|☆nwpl23
|player|p2|
