|j|☆MrTable00
|j|☆Satanplayzpokemon
|t:|1760833833
|gametype|singles
|player|p1|MrTable00|pokemaniac|
|player|p2|Satanplayzpokemon|burglar|
|gen|9
|tier|[Gen 9] OU
|rule|HP Percentage Mod: HP is shown in percentages
|rule|Endless Battle Clause: Forcing endless battles is banned
|rule|Species Clause: Limit one of each Pokémon
|rule|OHKO Clause: OHKO moves are banned
|rule|Evasion Items Clause: Evasion items are banned
|rule|Evasion Moves Clause: Evasion moves are banned
|rule|Evasion Abilities Clause: Evasion abilities are banned
|rule|Sleep Moves Clause: Sleep-inducing moves are banned
|clearpoke
|poke|p1|Latios, M|
|poke|p1|Snom, M|
|poke|p1|Alomomola, M|
|poke|p1|Golurk|
|poke|p1|Slowbro-Galar, M|
|poke|p1|Okidogi, M|
|poke|p2|Clefable, M|
|poke|p2|Leavanny, F|
|poke|p2|Tauros-Paldea-Blaze, M|
|poke|p2|Pachirisu, F|
|poke|p2|Dragonite, M|
|poke|p2|Slowking, F|
|teampreview
|c|☆Satanplayzpokemon|Take two
|
|t:|1760833852
|teamsize|p1|6
|teamsize|p2|6
|start
|switch|p1a: Slowbro|Slowbro-Galar, M|100/100
|switch|p2a: Leavanny|Leavanny, F|100/100
|turn|1
|-activate|p1a: Slowbro|ability: Quick Draw
|
|t:|1760833863
|move|p1a: Slowbro|Shell Side Arm|p2a: Leavanny|[anim] Shell Side Arm Special
|-supereffective|p2a: Leavanny
|-crit|p2a: Leavanny
|-enditem|p2a: Leavanny|Focus Sash
|-damage|p2a: Leavanny|1/100
|-hint|Special Shell Side Arm
|move|p2a: Leavanny|Sticky Web|p1a: Slowbro
|-sidestart|p1: MrTable00|move: Sticky Web
|
|upkeep
|turn|2
|
|t:|1760833871
|move|p2a: Leavanny|Knock Off|p1a: Slowbro
|-supereffective|p1a: Slowbro
|-damage|p1a: Slowbro|52/100
|-enditem|p1a: Slowbro|Quick Claw|[from] move: Knock Off|[of] p2a: Leavanny
|move|p1a: Slowbro|Nasty Plot|p1a: Slowbro
|-boost|p1a: Slowbro|spa|2
|
|upkeep
|turn|3
|c|☆MrTable00|forgot it has that
|
|t:|1760833881
|move|p2a: Leavanny|Pounce|p1a: Slowbro
|-damage|p1a: Slowbro|20/100
|-unboost|p1a: Slowbro|spe|1
|move|p1a: Slowbro|Psychic|p2a: Leavanny
|-damage|p2a: Leavanny|0 fnt
|faint|p2a: Leavanny
|
|upkeep
|
|t:|1760833893
|switch|p2a: Pachirisu|Pachirisu, F|100/100
|turn|4
|
|t:|1760833899
|move|p2a: Pachirisu|Nuzzle|p1a: Slowbro
|-damage|p1a: Slowbro|17/100
|-status|p1a: Slowbro|par
|move|p1a: Slowbro|Shell Side Arm|p2a: Pachirisu|[anim] Shell Side Arm Special
|-damage|p2a: Pachirisu|0 fnt
|-hint|Special Shell Side Arm
|faint|p2a: Pachirisu
|
|upkeep
|
|t:|1760833904
|switch|p2a: Dragonite|Dragonite, M|100/100
|turn|5
|
|t:|1760833908
|-terastallize|p2a: Dragonite|Steel
|move|p2a: Dragonite|Dragon Dance|p2a: Dragonite
|-boost|p2a: Dragonite|atk|1
|-boost|p2a: Dragonite|spe|1
|cant|p1a: Slowbro|par
|
|upkeep
|turn|6
|-activate|p1a: Slowbro|ability: Quick Draw
|
|t:|1760833916
|move|p1a: Slowbro|Psychic|p2a: Dragonite
|-resisted|p2a: Dragonite
|-damage|p2a: Dragonite|63/100
|move|p2a: Dragonite|Earthquake|p1a: Slowbro
|-supereffective|p1a: Slowbro
|-damage|p1a: Slowbro|0 fnt
|faint|p1a: Slowbro
|
|upkeep
|c|☆MrTable00|oh boy
|c|☆Satanplayzpokemon|Better already
|
|t:|1760833928
|switch|p1a: Okidogi|Okidogi, M|100/100
|-activate|p1a: Okidogi|move: Sticky Web
|-unboost|p1a: Okidogi|spe|1
|turn|7
|
|t:|1760833934
|-terastallize|p1a: Okidogi|Water
|move|p2a: Dragonite|Earthquake|p1a: Okidogi
|-damage|p1a: Okidogi|61/100
|move|p1a: Okidogi|Drain Punch|p2a: Dragonite
|-supereffective|p2a: Dragonite
|-damage|p2a: Dragonite|0 fnt
|-heal|p1a: Okidogi|93/100|[from] drain|[of] p2a: Dragonite
|faint|p2a: Dragonite
|
|upkeep
|
|t:|1760833940
|switch|p2a: Slowking|Slowking, F|100/100
|turn|8
|c|☆MrTable00|clutch
|
|t:|1760833945
|move|p1a: Okidogi|Knock Off|p2a: Slowking
|-supereffective|p2a: Slowking
|-damage|p2a: Slowking|48/100
|-enditem|p2a: Slowking|Light Clay|[from] move: Knock Off|[of] p1a: Okidogi
|move|p2a: Slowking|Reflect|p2a: Slowking
|-sidestart|p2: Satanplayzpokemon|Reflect
|
|upkeep
|turn|9
|
|t:|1760833959
|switch|p1a: Alomomola|Alomomola, M|100/100
|move|p2a: Slowking|Scald|p1a: Alomomola
|-resisted|p1a: Alomomola
|-damage|p1a: Alomomola|84/100
|
|upkeep
|turn|10
|
|t:|1760833970
|switch|p2a: Clefable|Clefable, M|100/100
|move|p1a: Alomomola|Mirror Coat||[still]
|-fail|p1a: Alomomola
|
|upkeep
|turn|11
|
|t:|1760833975
|move|p2a: Clefable|Cosmic Power|p2a: Clefable
|-boost|p2a: Clefable|def|1
|-boost|p2a: Clefable|spd|1
|move|p1a: Alomomola|Flip Turn|p2a: Clefable
|-damage|p2a: Clefable|96/100
|
|t:|1760833982
|switch|p1a: Golurk|Golurk|100/100|[from] Flip Turn
|-activate|p1a: Golurk|move: Sticky Web
|-unboost|p1a: Golurk|spe|1
|
|-heal|p2a: Clefable|100/100|[from] item: Leftovers
|upkeep
|turn|12
|c|☆MrTable00|idk why is clefable magic gaurd instead of unaware but i dont really wanna figure that out
|c|☆Satanplayzpokemon|It’s unaware
|
|t:|1760834032
|switch|p2a: Slowking|Slowking, F|81/100
|move|p1a: Golurk|Dynamic Punch|p2a: Slowking
|-resisted|p2a: Slowking
|-damage|p2a: Slowking|72/100
|-start|p2a: Slowking|confusion
|
|-sideend|p2: Satanplayzpokemon|Reflect
|upkeep
|turn|13
|c|☆MrTable00|then switch
|c|☆Satanplayzpokemon|Ok
|
|t:|1760834042
|switch|p1a: Alomomola|Alomomola, M|100/100
|-activate|p2a: Slowking|confusion
|move|p2a: Slowking|Future Sight|p1a: Alomomola
|-start|p2a: Slowking|move: Future Sight
|
|upkeep
|turn|14
|c|☆MrTable00|cause sweeper clefables fold to toxic :(
|
|t:|1760834062
|move|p1a: Alomomola|Wish|p1a: Alomomola
|-activate|p2a: Slowking|confusion
|-damage|p2a: Slowking|67/100|[from] confusion
|
|upkeep
|turn|15
|c|☆Satanplayzpokemon|Are you not choice band golurk?
|
|t:|1760834100
|switch|p1a: Snom :3|Snom, M|100/100
|-activate|p1a: Snom :3|move: Sticky Web
|-unboost|p1a: Snom :3|spe|1
|-activate|p2a: Slowking|confusion
|move|p2a: Slowking|Light Screen|p2a: Slowking
|-sidestart|p2: Satanplayzpokemon|move: Light Screen
|
|-end|p1a: Snom :3|move: Future Sight
|-damage|p1a: Snom :3|75/100
|-heal|p1a: Snom :3|100/100|[from] move: Wish|[wisher] Alomomola
|upkeep
|turn|16
|c|☆MrTable00|i am
|c|☆Satanplayzpokemon|Just checking
|
|t:|1760834112
|switch|p2a: Tauros|Tauros-Paldea-Blaze, M|100/100
|move|p1a: Snom :3|Struggle Bug|p2a: Tauros
|-resisted|p2a: Tauros
|-damage|p2a: Tauros|99/100
|-unboost|p2a: Tauros|spa|1
|
|upkeep
|turn|17
|
|t:|1760834122
|switch|p1a: Alomomola|Alomomola, M|100/100
|move|p2a: Tauros|Trailblaze|p1a: Alomomola
|-supereffective|p1a: Alomomola
|-damage|p1a: Alomomola|84/100
|-boost|p2a: Tauros|spe|1
|
|upkeep
|turn|18
|
|t:|1760834130
|move|p2a: Tauros|Trailblaze|p1a: Alomomola
|-supereffective|p1a: Alomomola
|-damage|p1a: Alomomola|67/100
|-boost|p2a: Tauros|spe|1
|move|p1a: Alomomola|Flip Turn|p2a: Tauros
|-supereffective|p2a: Tauros
|-damage|p2a: Tauros|69/100
|
|t:|1760834139
|switch|p1a: Golurk|Golurk|100/100|[from] Flip Turn
|-activate|p1a: Golurk|move: Sticky Web
|-unboost|p1a: Golurk|spe|1
|
|upkeep
|turn|19
|
|t:|1760834145
|move|p2a: Tauros|Endure|p2a: Tauros
|-singleturn|p2a: Tauros|move: Endure
|move|p1a: Golurk|Earthquake|p2a: Tauros
|-supereffective|p2a: Tauros
|-activate|p2a: Tauros|move: Endure
|-damage|p2a: Tauros|1/100
|-enditem|p2a: Tauros|Liechi Berry|[eat]
|-boost|p2a: Tauros|atk|1|[from] item: Liechi Berry
|
|-sideend|p2: Satanplayzpokemon|move: Light Screen
|upkeep
|turn|20
|c|☆MrTable00|oh man
|c|☆Satanplayzpokemon|This set is kinda cool I’ll admit
|c|☆MrTable00|the tauros?
|c|☆Satanplayzpokemon|Both
|
|t:|1760834185
|move|p2a: Tauros|Raging Bull|p1a: Golurk
|-crit|p1a: Golurk
|-damage|p1a: Golurk|13/100
|move|p1a: Golurk|Earthquake|p2a: Tauros
|-supereffective|p2a: Tauros
|-damage|p2a: Tauros|0 fnt
|faint|p2a: Tauros
|
|upkeep
|c|☆Satanplayzpokemon|Oh
|c|☆MrTable00|golurk is bulky dude
|c|☆Satanplayzpokemon|A crit too..
|
|t:|1760834214
|switch|p2a: Clefable|Clefable, M|100/100
|turn|21
|c|☆MrTable00|lowk my dummas thought anger point was +6
|
|t:|1760834231
|switch|p1a: Okidogi|Okidogi, M, tera:Water|93/100
|-activate|p1a: Okidogi|move: Sticky Web
|-unboost|p1a: Okidogi|spe|1
|move|p2a: Clefable|Cosmic Power|p2a: Clefable
|-boost|p2a: Clefable|def|1
|-boost|p2a: Clefable|spd|1
|
|upkeep
|turn|22
|c|☆Satanplayzpokemon|It is but I’m cud chew
|
|t:|1760834252
|move|p2a: Clefable|Cosmic Power|p2a: Clefable
|-boost|p2a: Clefable|def|1
|-boost|p2a: Clefable|spd|1
|move|p1a: Okidogi|Gunk Shot|p2a: Clefable
|-supereffective|p2a: Clefable
|-crit|p2a: Clefable
|-damage|p2a: Clefable|0 fnt
|faint|p2a: Clefable
|
|upkeep
|
|t:|1760834258
|switch|p2a: Slowking|Slowking, F|99/100
|turn|23
|c|☆MrTable00|wait really
|c|☆Satanplayzpokemon|Yeah
|c|☆MrTable00|im so dumb
|
|t:|1760834269
|move|p1a: Okidogi|Knock Off|p2a: Slowking
|-supereffective|p2a: Slowking
|-damage|p2a: Slowking|66/100
|move|p2a: Slowking|Future Sight|p1a: Okidogi
|-start|p2a: Slowking|move: Future Sight
|
|upkeep
|turn|24
|c|☆Satanplayzpokemon|I mean you’re winning
|c|☆Satanplayzpokemon|twice
|c|☆MrTable00|i think okidogi walls this team
|
|t:|1760834297
|switch|p1a: Snom :3|Snom, M|100/100
|-activate|p1a: Snom :3|move: Sticky Web
|-unboost|p1a: Snom :3|spe|1
|move|p2a: Slowking|Scald|p1a: Snom :3
|-damage|p1a: Snom :3|84/100
|
|upkeep
|turn|25
|c|☆MrTable00|and snom ofc
|c|☆Satanplayzpokemon|The winning factor
|
|t:|1760834321
|move|p2a: Slowking|Scald|p1a: Snom :3
|-damage|p1a: Snom :3|69/100
|-status|p1a: Snom :3|brn
|move|p1a: Snom :3|Mirror Coat|p2a: Slowking
|-damage|p2a: Slowking|45/100
|
|-end|p1a: Snom :3|move: Future Sight
|-damage|p1a: Snom :3|42/100 brn
|-damage|p1a: Snom :3|36/100 brn|[from] brn
|upkeep
|turn|26
|c|☆Satanplayzpokemon|Good game thanks for the rematchs
|c|☆MrTable00|jokes aside it eats a draco from pault ;-;
|
|t:|1760834379
|move|p2a: Slowking|Scald|p1a: Snom :3
|-crit|p1a: Snom :3
|-damage|p1a: Snom :3|13/100 brn
|move|p1a: Snom :3|Bug Buzz|p2a: Slowking
|-supereffective|p2a: Slowking
|-damage|p2a: Slowking|18/100
|
|-damage|p1a: Snom :3|7/100 brn|[from] brn
|upkeep
|turn|27
|c|☆MrTable00|gg
|c|☆Satanplayzpokemon|Dang gg
|
|t:|1760834396
|switch|p1a: Latios|Latios, M|100/100
|move|p2a: Slowking|Reflect|p2a: Slowking
|-sidestart|p2: Satanplayzpokemon|Reflect
|
|upkeep
|turn|28
|c|☆MrTable00|gotta save snom
|c|☆MrTable00|gg
|c|☆MrTable00|wp
|c|☆Satanplayzpokemon|Oh I was going to let it get the kill
|c|☆MrTable00|lol
|
|t:|1760834426
|move|p1a: Latios|Dragon Pulse|p2a: Slowking
|-damage|p2a: Slowking|0 fnt
|faint|p2a: Slowking
|
|win|MrTable00
|c|☆Satanplayzpokemon|lol gg
|c|☆MrTable00|gg
|l|☆MrTable00
|player|p1|
