|j|☆The Kobold King
|j|☆aarer
|t:|1760865866
|gametype|singles
|player|p1|The Kobold King|lance|1370
|player|p2|aarer|169|1383
|gen|9
|tier|[Gen 9] OU
|rated|
|rule|HP Percentage Mod: HP is shown in percentages
|rule|Endless Battle Clause: Forcing endless battles is banned
|rule|Species Clause: Limit one of each Pokémon
|rule|OHKO Clause: OHKO moves are banned
|rule|Evasion Items Clause: Evasion items are banned
|rule|Evasion Moves Clause: Evasion moves are banned
|rule|Evasion Abilities Clause: Evasion abilities are banned
|rule|Sleep Moves Clause: Sleep-inducing moves are banned
|clearpoke
|poke|p1|Samurott-Hisui, F|
|poke|p1|Tornadus-Therian, M|
|poke|p1|Pecharunt|
|poke|p1|Great Tusk|
|poke|p1|Clefable, F|
|poke|p1|Zamazenta-*|
|poke|p2|Hatterene, F|
|poke|p2|Walking Wake|
|poke|p2|Ceruledge, F|
|poke|p2|Ninetales, F|
|poke|p2|Zamazenta-*|
|poke|p2|Great Tusk|
|teampreview
|
|t:|1760865886
|teamsize|p1|6
|teamsize|p2|6
|start
|switch|p1a: Pecharunt|Pecharunt|100/100
|switch|p2a: Axl|Ninetales, F, shiny|100/100
|-weather|SunnyDay|[from] ability: Drought|[of] p2a: Axl
|turn|1
|
|t:|1760865892
|switch|p2a: Salem Witch|Hatterene, F, shiny|100/100
|move|p1a: Pecharunt|Malignant Chain|p2a: Salem Witch
|-supereffective|p2a: Salem Witch
|-damage|p2a: Salem Witch|58/100
|-status|p2a: Salem Witch|tox
|-start|p2a: Salem Witch|confusion|[from] ability: Poison Puppeteer|[of] p1a: Pecharunt
|
|-weather|SunnyDay|[upkeep]
|-damage|p2a: Salem Witch|52/100 tox|[from] psn
|upkeep
|turn|2
|
|t:|1760865915
|switch|p1a: Tornadus|Tornadus-Therian, M|100/100
|switch|p2a: Vasectomy|Great Tusk|100/100
|-activate|p2a: Vasectomy|ability: Protosynthesis
|-start|p2a: Vasectomy|protosynthesisspe
|
|-weather|SunnyDay|[upkeep]
|upkeep
|turn|3
|
|t:|1760865923
|move|p2a: Vasectomy|Ice Spinner|p1a: Tornadus
|-supereffective|p1a: Tornadus
|-damage|p1a: Tornadus|34/100
|move|p1a: Tornadus|Bleakwind Storm|p2a: Vasectomy
|-supereffective|p2a: Vasectomy
|-damage|p2a: Vasectomy|0 fnt
|faint|p2a: Vasectomy
|-end|p2a: Vasectomy|Protosynthesis|[silent]
|-damage|p1a: Tornadus|25/100|[from] item: Life Orb
|
|-weather|SunnyDay|[upkeep]
|upkeep
|
|t:|1760865928
|switch|p2a: Suiii|Walking Wake|100/100
|-activate|p2a: Suiii|ability: Protosynthesis
|-start|p2a: Suiii|protosynthesisspe
|turn|4
|
|t:|1760865933
|switch|p1a: Clefable|Clefable, F|100/100
|move|p2a: Suiii|Hydro Steam|p1a: Clefable
|-damage|p1a: Clefable|47/100
|
|-weather|SunnyDay|[upkeep]
|-heal|p1a: Clefable|53/100|[from] item: Leftovers
|upkeep
|turn|5
|
|t:|1760865940
|move|p2a: Suiii|Hydro Steam|p1a: Clefable
|-damage|p1a: Clefable|0 fnt
|faint|p1a: Clefable
|
|-weather|SunnyDay|[upkeep]
|upkeep
|
|t:|1760865958
|switch|p1a: Samurott|Samurott-Hisui, F|100/100
|turn|6
|
|t:|1760865963
|-terastallize|p2a: Suiii|Electric
|move|p2a: Suiii|Tera Blast|p1a: Samurott|[anim] Tera Blast Electric
|-supereffective|p1a: Samurott
|-damage|p1a: Samurott|28/100
|move|p1a: Samurott|Knock Off|p2a: Suiii
|-damage|p2a: Suiii|55/100
|-enditem|p2a: Suiii|Expert Belt|[from] move: Knock Off|[of] p1a: Samurott
|
|-weather|SunnyDay|[upkeep]
|upkeep
|turn|7
|
|t:|1760865982
|move|p1a: Samurott|Sucker Punch|p2a: Suiii
|-damage|p2a: Suiii|21/100
|move|p2a: Suiii|Dragon Pulse|p1a: Samurott
|-damage|p1a: Samurott|0 fnt
|faint|p1a: Samurott
|
|-weather|SunnyDay|[upkeep]
|upkeep
|
|t:|1760865989
|switch|p1a: Zamazenta|Zamazenta|100/100
|-ability|p1a: Zamazenta|Dauntless Shield|boost
|-boost|p1a: Zamazenta|def|1
|turn|8
|
|t:|1760866038
|-end|p2a: Suiii|Protosynthesis|[silent]
|switch|p2a: Polly|Zamazenta, shiny|100/100
|-ability|p2a: Polly|Dauntless Shield|boost
|-boost|p2a: Polly|def|1
|move|p1a: Zamazenta|Crunch|p2a: Polly
|-resisted|p2a: Polly
|-damage|p2a: Polly|92/100
|
|-weather|none
|upkeep
|turn|9
|
|t:|1760866050
|switch|p1a: Pecharunt|Pecharunt|100/100
|move|p2a: Polly|Stone Edge|p1a: Pecharunt
|-damage|p1a: Pecharunt|84/100
|
|upkeep
|turn|10
|
|t:|1760866063
|switch|p2a: Axl|Ninetales, F, shiny|100/100
|-weather|SunnyDay|[from] ability: Drought|[of] p2a: Axl
|move|p1a: Pecharunt|Malignant Chain|p2a: Axl
|-damage|p2a: Axl|72/100
|-status|p2a: Axl|tox
|-start|p2a: Axl|confusion|[from] ability: Poison Puppeteer|[of] p1a: Pecharunt
|
|-weather|SunnyDay|[upkeep]
|-damage|p2a: Axl|66/100 tox|[from] psn
|upkeep
|turn|11
|
|t:|1760866071
|-activate|p2a: Axl|confusion
|-damage|p2a: Axl|59/100 tox|[from] confusion
|move|p1a: Pecharunt|Parting Shot|p2a: Axl
|-unboost|p2a: Axl|atk|1
|-unboost|p2a: Axl|spa|1
|
|t:|1760866074
|switch|p1a: Tornadus|Tornadus-Therian, M|58/100|[from] Parting Shot
|
|-weather|SunnyDay|[upkeep]
|-damage|p2a: Axl|47/100 tox|[from] psn
|upkeep
|turn|12
|
|t:|1760866097
|switch|p1a: Pecharunt|Pecharunt|84/100
|switch|p2a: Salem Witch|Hatterene, F, shiny|52/100 tox
|
|-weather|SunnyDay|[upkeep]
|-damage|p2a: Salem Witch|46/100 tox|[from] psn
|upkeep
|turn|13
|
|t:|1760866120
|move|p1a: Pecharunt|Malignant Chain|p2a: Salem Witch
|-supereffective|p2a: Salem Witch
|-damage|p2a: Salem Witch|6/100 tox
|move|p2a: Salem Witch|Psychic Noise|p1a: Pecharunt
|-supereffective|p1a: Pecharunt
|-damage|p1a: Pecharunt|7/100
|-start|p1a: Pecharunt|move: Heal Block
|
|-weather|SunnyDay|[upkeep]
|-damage|p2a: Salem Witch|0 fnt|[from] psn
|faint|p2a: Salem Witch
|upkeep
|
|t:|1760866141
|switch|p2a: Auntie Fung|Ceruledge, F, shiny|100/100
|turn|14
|
|t:|1760866150
|switch|p1a: Zamazenta|Zamazenta|100/100
|move|p2a: Auntie Fung|Shadow Sneak|p1a: Zamazenta
|-damage|p1a: Zamazenta|82/100
|
|-weather|SunnyDay|[upkeep]
|upkeep
|turn|15
|
|t:|1760866156
|move|p1a: Zamazenta|Stone Edge|p2a: Auntie Fung
|-supereffective|p2a: Auntie Fung
|-damage|p2a: Auntie Fung|12/100
|-ability|p2a: Auntie Fung|Weak Armor|boost
|-unboost|p2a: Auntie Fung|def|1
|-boost|p2a: Auntie Fung|spe|2
|move|p2a: Auntie Fung|Swords Dance|p2a: Auntie Fung
|-boost|p2a: Auntie Fung|atk|2
|
|-weather|SunnyDay|[upkeep]
|upkeep
|turn|16
|
|t:|1760866163
|move|p2a: Auntie Fung|Bitter Blade|p1a: Zamazenta
|-damage|p1a: Zamazenta|0 fnt
|-heal|p2a: Auntie Fung|58/100|[from] drain|[of] p1a: Zamazenta
|faint|p1a: Zamazenta
|
|-weather|SunnyDay|[upkeep]
|upkeep
|inactive|Battle timer is ON: inactive players will automatically lose when time's up. (requested by aarer)
|
|t:|1760866199
|switch|p1a: Great Tusk|Great Tusk|100/100
|-activate|p1a: Great Tusk|ability: Protosynthesis
|-start|p1a: Great Tusk|protosynthesisatk
|turn|17
|inactive|aarer has 120 seconds left.
|
|t:|1760866234
|move|p2a: Auntie Fung|Solar Blade||[still]
|-prepare|p2a: Auntie Fung|Solar Blade
|-anim|p2a: Auntie Fung|Solar Blade|p1a: Great Tusk
|-supereffective|p1a: Great Tusk
|-damage|p1a: Great Tusk|0 fnt
|faint|p1a: Great Tusk
|-end|p1a: Great Tusk|Protosynthesis|[silent]
|
|-weather|none
|upkeep
|
|t:|1760866240
|switch|p1a: Tornadus|Tornadus-Therian, M|91/100
|turn|18
|
|t:|1760866249
|move|p2a: Auntie Fung|Bitter Blade|p1a: Tornadus
|-damage|p1a: Tornadus|0 fnt
|-heal|p2a: Auntie Fung|100/100|[from] drain|[of] p1a: Tornadus
|faint|p1a: Tornadus
|
|upkeep
|
|t:|1760866252
|switch|p1a: Pecharunt|Pecharunt|7/100
|turn|19
|-message|The Kobold King forfeited.
|
|win|aarer
|raw|The Kobold King's rating: 1370 &rarr; <strong>1351</strong><br />(-19 for losing)
|raw|aarer's rating: 1383 &rarr; <strong>1402</strong><br />(+19 for winning)
|l|☆The Kobold King
|player|p1|
