|j|☆Verminator
|j|☆Unhappybeams
|t:|1760749928
|gametype|singles
|player|p1|Verminator|bruno|1208
|player|p2|Unhappybeams|blackbelt-gen4dp|1241
|gen|9
|tier|[Gen 9] OU
|rated|
|rule|HP Percentage Mod: HP is shown in percentages
|rule|Endless Battle Clause: Forcing endless battles is banned
|rule|Species Clause: Limit one of each Pokémon
|rule|OHKO Clause: OHKO moves are banned
|rule|Evasion Items Clause: Evasion items are banned
|rule|Evasion Moves Clause: Evasion moves are banned
|rule|Evasion Abilities Clause: Evasion abilities are banned
|rule|Sleep Moves Clause: Sleep-inducing moves are banned
|clearpoke
|poke|p1|Weavile, F|
|poke|p1|Slowking-Galar, M|
|poke|p1|Moltres|
|poke|p1|Scizor, M|
|poke|p1|Quagsire, M|
|poke|p1|Garchomp, M|
|poke|p2|Hitmonchan, M|
|poke|p2|Latias, F|
|poke|p2|Salazzle, F|
|poke|p2|Porygon2|
|poke|p2|Gliscor, M|
|poke|p2|Volcanion|
|teampreview
|inactive|Battle timer is ON: inactive players will automatically lose when time's up. (requested by Unhappybeams)
|
|t:|1760749951
|teamsize|p1|6
|teamsize|p2|6
|start
|switch|p1a: Weavile|Weavile, F|100/100
|switch|p2a: Volcanion|Volcanion|100/100
|turn|1
|
|t:|1760749960
|switch|p1a: Quagsire|Quagsire, M|100/100
|move|p2a: Volcanion|Flamethrower|p1a: Quagsire
|-resisted|p1a: Quagsire
|-damage|p1a: Quagsire|67/100
|
|-heal|p1a: Quagsire|73/100|[from] item: Leftovers
|upkeep
|turn|2
|
|t:|1760749976
|move|p2a: Volcanion|Sludge Bomb|p1a: Quagsire
|-resisted|p1a: Quagsire
|-damage|p1a: Quagsire|52/100
|move|p1a: Quagsire|Stealth Rock|p2a: Volcanion
|-sidestart|p2: Unhappybeams|move: Stealth Rock
|
|-heal|p1a: Quagsire|58/100|[from] item: Leftovers
|upkeep
|turn|3
|
|t:|1760749987
|move|p2a: Volcanion|Sludge Bomb|p1a: Quagsire
|-resisted|p1a: Quagsire
|-damage|p1a: Quagsire|38/100
|move|p1a: Quagsire|Recover|p1a: Quagsire
|-heal|p1a: Quagsire|88/100
|
|-heal|p1a: Quagsire|94/100|[from] item: Leftovers
|upkeep
|turn|4
|
|t:|1760750000
|move|p2a: Volcanion|Sludge Bomb|p1a: Quagsire
|-resisted|p1a: Quagsire
|-damage|p1a: Quagsire|74/100
|-status|p1a: Quagsire|psn
|move|p1a: Quagsire|Earthquake|p2a: Volcanion
|-supereffective|p2a: Volcanion
|-damage|p2a: Volcanion|54/100
|
|-heal|p1a: Quagsire|80/100 psn|[from] item: Leftovers
|-damage|p1a: Quagsire|68/100 psn|[from] psn
|upkeep
|turn|5
|
|t:|1760750012
|move|p2a: Volcanion|Steam Eruption|p1a: Quagsire
|-heal|p1a: Quagsire|93/100 psn|[from] ability: Water Absorb|[of] p2a: Volcanion
|move|p1a: Quagsire|Toxic|p2a: Volcanion
|-status|p2a: Volcanion|tox
|
|-heal|p1a: Quagsire|99/100 psn|[from] item: Leftovers
|-damage|p2a: Volcanion|48/100 tox|[from] psn
|-damage|p1a: Quagsire|86/100 psn|[from] psn
|upkeep
|turn|6
|
|t:|1760750023
|move|p2a: Volcanion|Flamethrower|p1a: Quagsire
|-resisted|p1a: Quagsire
|-damage|p1a: Quagsire|53/100 psn
|move|p1a: Quagsire|Earthquake|p2a: Volcanion
|-supereffective|p2a: Volcanion
|-damage|p2a: Volcanion|0 fnt
|faint|p2a: Volcanion
|
|-heal|p1a: Quagsire|59/100 psn|[from] item: Leftovers
|-damage|p1a: Quagsire|47/100 psn|[from] psn
|upkeep
|
|t:|1760750038
|switch|p2a: Hitmonchan|Hitmonchan, M|100/100
|-damage|p2a: Hitmonchan|95/100|[from] Stealth Rock
|turn|7
|
|t:|1760750043
|move|p2a: Hitmonchan|Rapid Spin|p1a: Quagsire
|-damage|p1a: Quagsire|35/100 psn
|-boost|p2a: Hitmonchan|spe|1
|-sideend|p2: Unhappybeams|Stealth Rock|[from] move: Rapid Spin|[of] p2a: Hitmonchan
|move|p1a: Quagsire|Toxic|p2a: Hitmonchan
|-status|p2a: Hitmonchan|tox
|
|-heal|p1a: Quagsire|41/100 psn|[from] item: Leftovers
|-damage|p2a: Hitmonchan|89/100 tox|[from] psn
|-damage|p1a: Quagsire|29/100 psn|[from] psn
|upkeep
|turn|8
|
|t:|1760750055
|switch|p1a: Moltres|Moltres|100/100
|move|p2a: Hitmonchan|Knock Off|p1a: Moltres
|-damage|p1a: Moltres|70/100
|-enditem|p1a: Moltres|Heavy-Duty Boots|[from] move: Knock Off|[of] p2a: Hitmonchan
|
|-damage|p2a: Hitmonchan|77/100 tox|[from] psn
|upkeep
|turn|9
|
|t:|1760750068
|switch|p2a: Gliscor|Gliscor, M|100/100
|move|p1a: Moltres|Hurricane|p2a: Gliscor
|-damage|p2a: Gliscor|10/100
|
|-status|p2a: Gliscor|tox|[from] item: Toxic Orb
|upkeep
|turn|10
|
|t:|1760750081
|move|p2a: Gliscor|Dual Wingbeat|p1a: Moltres
|-damage|p1a: Moltres|53/100
|-damage|p1a: Moltres|34/100
|-hitcount|p1a: Moltres|2
|move|p1a: Moltres|Flamethrower|p2a: Gliscor
|-damage|p2a: Gliscor|0 fnt
|faint|p2a: Gliscor
|
|upkeep
|
|t:|1760750093
|switch|p2a: Latias|Latias, F|100/100
|turn|11
|
|t:|1760750098
|move|p2a: Latias|Thunderbolt|p1a: Moltres
|-supereffective|p1a: Moltres
|-damage|p1a: Moltres|0 fnt
|faint|p1a: Moltres
|
|upkeep
|
|t:|1760750101
|switch|p1a: Weavile|Weavile, F|100/100
|turn|12
|
|t:|1760750112
|switch|p2a: Hitmonchan|Hitmonchan, M|77/100 tox
|move|p1a: Weavile|Knock Off|p2a: Hitmonchan
|-resisted|p2a: Hitmonchan
|-damage|p2a: Hitmonchan|34/100 tox
|-enditem|p2a: Hitmonchan|Assault Vest|[from] move: Knock Off|[of] p1a: Weavile
|-damage|p1a: Weavile|91/100|[from] item: Life Orb
|
|-damage|p2a: Hitmonchan|28/100 tox|[from] psn
|upkeep
|turn|13
|
|t:|1760750124
|move|p1a: Weavile|Ice Shard|p2a: Hitmonchan
|-damage|p2a: Hitmonchan|0 fnt
|faint|p2a: Hitmonchan
|-damage|p1a: Weavile|81/100|[from] item: Life Orb
|
|upkeep
|
|t:|1760750135
|switch|p2a: Salazzle|Salazzle, F|100/100
|turn|14
|
|t:|1760750144
|switch|p1a: Quagsire|Quagsire, M|29/100 psn
|move|p2a: Salazzle|Flamethrower|p1a: Quagsire
|-resisted|p1a: Quagsire
|-damage|p1a: Quagsire|3/100 psn
|
|-heal|p1a: Quagsire|9/100 psn|[from] item: Leftovers
|-damage|p1a: Quagsire|0 fnt|[from] psn
|faint|p1a: Quagsire
|upkeep
|
|t:|1760750149
|switch|p1a: Garchomp|Garchomp, M|100/100
|turn|15
|
|t:|1760750158
|move|p2a: Salazzle|Toxic|p1a: Garchomp
|-status|p1a: Garchomp|tox
|move|p1a: Garchomp|Scale Shot|p2a: Salazzle
|-damage|p2a: Salazzle|73/100
|-damage|p2a: Salazzle|47/100
|-damage|p2a: Salazzle|21/100
|-damage|p2a: Salazzle|0 fnt
|faint|p2a: Salazzle
|-hitcount|p2: Salazzle|4
|-unboost|p1a: Garchomp|def|1
|-boost|p1a: Garchomp|spe|1
|
|-damage|p1a: Garchomp|94/100 tox|[from] psn
|upkeep
|
|t:|1760750173
|switch|p2a: Porygon2|Porygon2|100/100
|-ability|p2a: Porygon2|Download|boost
|-boost|p2a: Porygon2|atk|1
|turn|16
|
|t:|1760750179
|switch|p1a: Slowking|Slowking-Galar, M|100/100
|move|p2a: Porygon2|Blizzard|p1a: Slowking|[miss]
|-miss|p2a: Porygon2|p1a: Slowking
|
|upkeep
|turn|17
|
|t:|1760750188
|move|p2a: Porygon2|Tri Attack|p1a: Slowking
|-damage|p1a: Slowking|75/100
|move|p1a: Slowking|Toxic|p2a: Porygon2
|-status|p2a: Porygon2|tox
|
|-heal|p1a: Slowking|81/100|[from] item: Leftovers
|-damage|p2a: Porygon2|94/100 tox|[from] psn
|upkeep
|turn|18
|
|t:|1760750200
|move|p2a: Porygon2|Tri Attack|p1a: Slowking
|-damage|p1a: Slowking|58/100
|move|p1a: Slowking|Future Sight|p2a: Porygon2
|-start|p1a: Slowking|move: Future Sight
|
|-heal|p1a: Slowking|64/100|[from] item: Leftovers
|-damage|p2a: Porygon2|82/100 tox|[from] psn
|upkeep
|turn|19
|
|t:|1760750208
|move|p2a: Porygon2|Tri Attack|p1a: Slowking
|-damage|p1a: Slowking|39/100
|-prepare|p1a: Slowking|Chilly Reception|[premajor]
|move|p1a: Slowking|Chilly Reception|p1a: Slowking
|-weather|Snowscape
|
|t:|1760750214
|switch|p1a: Scizor|Scizor, M|100/100|[from] Chilly Reception
|
|-weather|Snowscape|[upkeep]
|-damage|p2a: Porygon2|64/100 tox|[from] psn
|upkeep
|turn|20
|
|t:|1760750223
|move|p1a: Scizor|Swords Dance|p1a: Scizor
|-boost|p1a: Scizor|atk|2
|move|p2a: Porygon2|Blizzard|p1a: Scizor
|-resisted|p1a: Scizor
|-damage|p1a: Scizor|79/100
|
|-weather|Snowscape|[upkeep]
|-end|p2a: Porygon2|move: Future Sight
|-damage|p2a: Porygon2|36/100 tox
|-damage|p2a: Porygon2|12/100 tox|[from] psn
|upkeep
|turn|21
|
|t:|1760750234
|-terastallize|p1a: Scizor|Steel
|move|p1a: Scizor|Bullet Punch|p2a: Porygon2
|-damage|p2a: Porygon2|0 fnt
|faint|p2a: Porygon2
|
|-weather|Snowscape|[upkeep]
|upkeep
|
|t:|1760750242
|switch|p2a: Latias|Latias, F|100/100
|turn|22
|
|t:|1760750249
|-terastallize|p2a: Latias|Electric
|move|p1a: Scizor|Bullet Punch|p2a: Latias
|-resisted|p2a: Latias
|-damage|p2a: Latias|38/100
|move|p2a: Latias|Thunderbolt|p1a: Scizor
|-damage|p1a: Scizor|26/100
|
|-weather|Snowscape|[upkeep]
|upkeep
|turn|23
|
|t:|1760750258
|move|p1a: Scizor|Bullet Punch|p2a: Latias
|-resisted|p2a: Latias
|-damage|p2a: Latias|0 fnt
|faint|p2a: Latias
|
|win|Verminator
|raw|Verminator's rating: 1208 &rarr; <strong>1235</strong><br />(+27 for winning)
|raw|Unhappybeams's rating: 1241 &rarr; <strong>1214</strong><br />(-27 for losing)
|l|☆Unhappybeams
|player|p2|
|l|☆Verminator
|player|p1|
