|j|☆armyhammerbro0
|j|☆Exatamer
|t:|1760850165
|gametype|singles
|player|p1|armyhammerbro0|riley|1086
|player|p2|Exatamer|170|1099
|gen|9
|tier|[Gen 9] OU
|rated|
|rule|HP Percentage Mod: HP is shown in percentages
|rule|Endless Battle Clause: Forcing endless battles is banned
|rule|Species Clause: Limit one of each Pokémon
|rule|OHKO Clause: OHKO moves are banned
|rule|Evasion Items Clause: Evasion items are banned
|rule|Evasion Moves Clause: Evasion moves are banned
|rule|Evasion Abilities Clause: Evasion abilities are banned
|rule|Sleep Moves Clause: Sleep-inducing moves are banned
|clearpoke
|poke|p1|Emboar, M|
|poke|p1|Skarmory, F|
|poke|p1|Noivern, M|
|poke|p1|Ceruledge, F|
|poke|p1|Glimmora, F|
|poke|p1|Primarina, F|
|poke|p2|Ninetales-Alola, M|
|poke|p2|Sandslash-Alola, M|
|poke|p2|Slowking-Galar, F|
|poke|p2|Froslass, F|
|poke|p2|Araquanid, M|
|poke|p2|Cetitan, M|
|teampreview
|
|t:|1760850171
|teamsize|p1|6
|teamsize|p2|6
|start
|switch|p1a: Glimmora|Glimmora, F|100/100
|switch|p2a: Araquanid|Araquanid, M|100/100
|turn|1
|
|t:|1760850179
|move|p1a: Glimmora|Meteor Beam||[still]
|-prepare|p1a: Glimmora|Meteor Beam
|-boost|p1a: Glimmora|spa|1
|-enditem|p1a: Glimmora|Power Herb
|-anim|p1a: Glimmora|Meteor Beam|p2a: Araquanid
|-supereffective|p2a: Araquanid
|-damage|p2a: Araquanid|0 fnt
|faint|p2a: Araquanid
|
|upkeep
|
|t:|1760850187
|switch|p2a: Ninetales|Ninetales-Alola, M, shiny|100/100
|-weather|Snowscape|[from] ability: Snow Warning|[of] p2a: Ninetales
|turn|2
|
|t:|1760850194
|switch|p2a: Cetitan|Cetitan, M|100/100
|move|p1a: Glimmora|Sludge Bomb|p2a: Cetitan
|-damage|p2a: Cetitan|36/100
|-enditem|p2a: Cetitan|Sitrus Berry|[eat]
|-heal|p2a: Cetitan|61/100|[from] item: Sitrus Berry
|
|-weather|Snowscape|[upkeep]
|upkeep
|turn|3
|
|t:|1760850207
|move|p2a: Cetitan|Earthquake|p1a: Glimmora
|-supereffective|p1a: Glimmora
|-damage|p1a: Glimmora|0 fnt
|-activate|p1a: Glimmora|ability: Toxic Debris
|-sidestart|p2: Exatamer|move: Toxic Spikes
|faint|p1a: Glimmora
|
|-weather|Snowscape|[upkeep]
|upkeep
|
|t:|1760850214
|switch|p1a: Ceruledge|Ceruledge, F|100/100
|turn|4
|
|t:|1760850218
|move|p2a: Cetitan|Earthquake|p1a: Ceruledge
|-supereffective|p1a: Ceruledge
|-damage|p1a: Ceruledge|2/100
|move|p1a: Ceruledge|Bitter Blade|p2a: Cetitan
|-supereffective|p2a: Cetitan
|-damage|p2a: Cetitan|10/100
|-heal|p1a: Ceruledge|49/100|[from] drain|[of] p2a: Cetitan
|
|-weather|Snowscape|[upkeep]
|upkeep
|turn|5
|
|t:|1760850230
|move|p1a: Ceruledge|Shadow Sneak|p2a: Cetitan
|-damage|p2a: Cetitan|0 fnt
|faint|p2a: Cetitan
|
|-weather|Snowscape|[upkeep]
|upkeep
|
|t:|1760850235
|switch|p2a: Slowking|Slowking-Galar, F|100/100
|-sideend|p2: Exatamer|move: Toxic Spikes|[of] p2a: Slowking
|turn|6
|
|t:|1760850244
|move|p1a: Ceruledge|Shadow Sneak|p2a: Slowking
|-supereffective|p2a: Slowking
|-damage|p2a: Slowking|58/100
|move|p2a: Slowking|Future Sight|p1a: Ceruledge
|-start|p2a: Slowking|move: Future Sight
|
|-weather|none
|-heal|p2a: Slowking|64/100|[from] item: Black Sludge
|upkeep
|turn|7
|
|t:|1760850253
|move|p1a: Ceruledge|Swords Dance|p1a: Ceruledge
|-boost|p1a: Ceruledge|atk|2
|-prepare|p2a: Slowking|Chilly Reception|[premajor]
|move|p2a: Slowking|Chilly Reception|p2a: Slowking
|-weather|Snowscape
|
|t:|1760850261
|switch|p2a: Sandslash|Sandslash-Alola, M|100/100|[from] Chilly Reception
|
|-weather|Snowscape|[upkeep]
|upkeep
|turn|8
|
|t:|1760850267
|move|p2a: Sandslash|Knock Off|p1a: Ceruledge
|-supereffective|p1a: Ceruledge
|-damage|p1a: Ceruledge|0 fnt
|-enditem|p1a: Ceruledge|Clear Amulet|[from] move: Knock Off|[of] p2a: Sandslash
|faint|p1a: Ceruledge
|
|-weather|Snowscape|[upkeep]
|-hint|Future Sight did not hit because the target is fainted.
|upkeep
|
|t:|1760850278
|switch|p1a: Emboar|Emboar, M|100/100
|turn|9
|
|t:|1760850286
|switch|p2a: Slowking|Slowking-Galar, F|97/100
|move|p1a: Emboar|Flare Blitz|p2a: Slowking
|-damage|p2a: Slowking|0 fnt
|faint|p2a: Slowking
|-damage|p1a: Emboar|66/100|[from] Recoil
|
|-weather|Snowscape|[upkeep]
|upkeep
|
|t:|1760850299
|switch|p2a: Sandslash|Sandslash-Alola, M|100/100
|turn|10
|
|t:|1760850301
|move|p2a: Sandslash|Iron Head|p1a: Emboar
|-resisted|p1a: Emboar
|-damage|p1a: Emboar|42/100
|move|p1a: Emboar|Flare Blitz|p2a: Sandslash
|-supereffective|p2a: Sandslash
|-damage|p2a: Sandslash|0 fnt
|faint|p2a: Sandslash
|-damage|p1a: Emboar|10/100|[from] Recoil
|
|-weather|Snowscape|[upkeep]
|upkeep
|
|t:|1760850311
|switch|p2a: Ninetales|Ninetales-Alola, M, shiny|100/100
|turn|11
|
|t:|1760850317
|move|p2a: Ninetales|Blizzard|p1a: Emboar
|-resisted|p1a: Emboar
|-damage|p1a: Emboar|0 fnt
|faint|p1a: Emboar
|
|-weather|none
|upkeep
|
|t:|1760850324
|switch|p1a: Skarmory|Skarmory, F|100/100
|turn|12
|
|t:|1760850333
|switch|p2a: Froslass|Froslass, F|100/100
|move|p1a: Skarmory|Steel Wing|p2a: Froslass
|-supereffective|p2a: Froslass
|-damage|p2a: Froslass|29/100
|-boost|p1a: Skarmory|def|1
|
|upkeep
|turn|13
|
|t:|1760850341
|move|p2a: Froslass|Thunderbolt|p1a: Skarmory
|-supereffective|p1a: Skarmory
|-damage|p1a: Skarmory|62/100
|move|p1a: Skarmory|Steel Wing|p2a: Froslass
|-supereffective|p2a: Froslass
|-damage|p2a: Froslass|0 fnt
|-start|p1a: Skarmory|Disable|Steel Wing|[from] ability: Cursed Body|[of] p2a: Froslass
|faint|p2a: Froslass
|
|upkeep
|
|t:|1760850349
|switch|p2a: Ninetales|Ninetales-Alola, M, shiny|100/100
|-weather|Snowscape|[from] ability: Snow Warning|[of] p2a: Ninetales
|turn|14
|
|t:|1760850354
|move|p2a: Ninetales|Aurora Veil|p2a: Ninetales
|-sidestart|p2: Exatamer|move: Aurora Veil
|move|p1a: Skarmory|Rock Slide|p2a: Ninetales
|-supereffective|p2a: Ninetales
|-damage|p2a: Ninetales|86/100
|
|-weather|Snowscape|[upkeep]
|upkeep
|turn|15
|
|t:|1760850363
|move|p2a: Ninetales|Blizzard|p1a: Skarmory
|-crit|p1a: Skarmory
|-damage|p1a: Skarmory|2/100
|move|p1a: Skarmory|Rock Slide|p2a: Ninetales
|-supereffective|p2a: Ninetales
|-damage|p2a: Ninetales|72/100
|
|-weather|Snowscape|[upkeep]
|upkeep
|turn|16
|
|t:|1760850371
|move|p2a: Ninetales|Blizzard|p1a: Skarmory
|-crit|p1a: Skarmory
|-damage|p1a: Skarmory|0 fnt
|faint|p1a: Skarmory
|
|-weather|Snowscape|[upkeep]
|upkeep
|
|t:|1760850377
|switch|p1a: Primarina|Primarina, F|100/100
|turn|17
|
|t:|1760850381
|-terastallize|p1a: Primarina|Steel
|move|p2a: Ninetales|Dazzling Gleam|p1a: Primarina
|-resisted|p1a: Primarina
|-damage|p1a: Primarina|88/100
|move|p1a: Primarina|Tera Blast|p2a: Ninetales|[anim] Tera Blast Steel
|-supereffective|p2a: Ninetales
|-damage|p2a: Ninetales|0 fnt
|faint|p2a: Ninetales
|
|win|armyhammerbro0
|raw|armyhammerbro0's rating: 1086 &rarr; <strong>1114</strong><br />(+28 for winning)
|raw|Exatamer's rating: 1099 &rarr; <strong>1073</strong><br />(-26 for losing)
|l|☆Exatamer
|player|p2|
|l|☆armyhammerbro0
|player|p1|
