|j|☆exroen
|j|☆djfiehej
|t:|1760800235
|gametype|singles
|player|p1|exroen|101|1104
|player|p2|djfiehej|169|1051
|gen|9
|tier|[Gen 9] OU
|rated|
|rule|HP Percentage Mod: HP is shown in percentages
|rule|Endless Battle Clause: Forcing endless battles is banned
|rule|Species Clause: Limit one of each Pokémon
|rule|OHKO Clause: OHKO moves are banned
|rule|Evasion Items Clause: Evasion items are banned
|rule|Evasion Moves Clause: Evasion moves are banned
|rule|Evasion Abilities Clause: Evasion abilities are banned
|rule|Sleep Moves Clause: Sleep-inducing moves are banned
|clearpoke
|poke|p1|Clodsire, M|
|poke|p1|Talonflame, M|
|poke|p1|Zapdos-Galar|
|poke|p1|Zoroark-Hisui, M|
|poke|p1|Iron Valiant|
|poke|p1|Kingambit, F|
|poke|p2|Ribombee, M|
|poke|p2|Rampardos, F|
|poke|p2|Bisharp, F|
|poke|p2|Deoxys-Speed|
|poke|p2|Zoroark-Hisui, F|
|poke|p2|Quagsire, F|
|teampreview
|
|t:|1760800245
|teamsize|p1|6
|teamsize|p2|6
|start
|switch|p1a: Clodsire|Clodsire, M|100/100
|switch|p2a: Ribombee|Ribombee, M|100/100
|turn|1
|
|t:|1760800262
|move|p2a: Ribombee|Sticky Web|p1a: Clodsire
|-sidestart|p1: exroen|move: Sticky Web
|move|p1a: Clodsire|Stealth Rock|p2a: Ribombee
|-sidestart|p2: djfiehej|move: Stealth Rock
|
|upkeep
|turn|2
|
|t:|1760800269
|move|p2a: Ribombee|Quiver Dance|p2a: Ribombee
|-boost|p2a: Ribombee|spa|1
|-boost|p2a: Ribombee|spd|1
|-boost|p2a: Ribombee|spe|1
|move|p1a: Clodsire|Spikes|p2a: Ribombee
|-sidestart|p2: djfiehej|Spikes
|
|upkeep
|turn|3
|
|t:|1760800279
|switch|p2a: Rampardos|Rampardos, F|100/100
|-damage|p2a: Rampardos|88/100|[from] Stealth Rock
|-damage|p2a: Rampardos|76/100|[from] Spikes
|-terastallize|p1a: Clodsire|Fairy
|move|p1a: Clodsire|Toxic|p2a: Rampardos|[miss]
|-miss|p1a: Clodsire|p2a: Rampardos
|
|upkeep
|turn|4
|
|t:|1760800292
|move|p2a: Rampardos|Head Smash|p1a: Clodsire
|-damage|p1a: Clodsire|0 fnt
|faint|p1a: Clodsire
|-damage|p2a: Rampardos|7/100|[from] Recoil
|-damage|p2a: Rampardos|0 fnt|[from] item: Life Orb
|faint|p2a: Rampardos
|
|upkeep
|
|t:|1760800303
|switch|p2a: Bisharp|Bisharp, F|100/100
|switch|p1a: Talonflame|Talonflame, M|100/100
|-damage|p2a: Bisharp|88/100|[from] Stealth Rock
|-damage|p2a: Bisharp|76/100|[from] Spikes
|turn|5
|
|t:|1760800310
|-terastallize|p2a: Bisharp|Fairy
|move|p2a: Bisharp|Hyper Voice|p1a: Talonflame
|-damage|p1a: Talonflame|45/100
|-enditem|p2a: Bisharp|Throat Spray
|-boost|p2a: Bisharp|spa|1|[from] item: Throat Spray
|move|p1a: Talonflame|Taunt|p2a: Bisharp
|-start|p2a: Bisharp|move: Taunt
|
|upkeep
|turn|6
|
|t:|1760800326
|switch|p1a: Kingambit|Kingambit, F|100/100
|-activate|p1a: Kingambit|move: Sticky Web
|-unboost|p1a: Kingambit|spe|1
|-activate|p1a: Kingambit|ability: Supreme Overlord
|-start|p1a: Kingambit|fallen1|[silent]
|move|p2a: Bisharp|Bitter Malice|p1a: Kingambit
|-resisted|p1a: Kingambit
|-damage|p1a: Kingambit|69/100
|-unboost|p1a: Kingambit|atk|1
|
|upkeep
|turn|7
|
|t:|1760800342
|move|p1a: Kingambit|Sucker Punch|p2a: Bisharp
|-resisted|p2a: Bisharp
|-damage|p2a: Bisharp|36/100
|replace|p2a: Zoroark|Zoroark-Hisui, F
|-end|p2a: Zoroark|Illusion
|move|p2a: Zoroark|Flamethrower|p1a: Kingambit
|-supereffective|p1a: Kingambit
|-damage|p1a: Kingambit|0 fnt
|faint|p1a: Kingambit
|-end|p1a: Kingambit|fallen1|[silent]
|
|upkeep
|
|t:|1760800356
|switch|p1a: Iron Valiant|Iron Valiant|100/100
|-activate|p1a: Iron Valiant|move: Sticky Web
|-unboost|p1a: Iron Valiant|spe|1
|-enditem|p1a: Iron Valiant|Booster Energy
|-activate|p1a: Iron Valiant|ability: Quark Drive|[fromitem]
|-start|p1a: Iron Valiant|quarkdrivespa
|turn|8
|
|t:|1760800366
|move|p2a: Zoroark|Hyper Voice|p1a: Iron Valiant
|-damage|p1a: Iron Valiant|0 fnt
|faint|p1a: Iron Valiant
|-end|p1a: Iron Valiant|Quark Drive|[silent]
|
|-end|p2a: Zoroark|move: Taunt
|upkeep
|-message|exroen forfeited.
|
|win|djfiehej
|raw|exroen's rating: 1104 &rarr; <strong>1075</strong><br />(-29 for losing)
|raw|djfiehej's rating: 1051 &rarr; <strong>1088</strong><br />(+37 for winning)
|l|☆exroen
|player|p1|
|l|☆djfiehej
|player|p2|
