|j|☆crazey19
|j|☆kingofdondons
|t:|1760818780
|gametype|singles
|player|p1|crazey19|265|1515
|player|p2|kingofdondons|skyla|1504
|gen|9
|tier|[Gen 9] OU
|rated|
|rule|HP Percentage Mod: HP is shown in percentages
|rule|Endless Battle Clause: Forcing endless battles is banned
|rule|Species Clause: Limit one of each Pokémon
|rule|OHKO Clause: OHKO moves are banned
|rule|Evasion Items Clause: Evasion items are banned
|rule|Evasion Moves Clause: Evasion moves are banned
|rule|Evasion Abilities Clause: Evasion abilities are banned
|rule|Sleep Moves Clause: Sleep-inducing moves are banned
|clearpoke
|poke|p1|Sceptile, M|
|poke|p1|Rillaboom, F|
|poke|p1|Iron Moth|
|poke|p1|Glimmora, M|
|poke|p1|Samurott-Hisui, F|
|poke|p1|Iron Crown|
|poke|p2|Darkrai|
|poke|p2|Deoxys-Speed|
|poke|p2|Glimmora, F|
|poke|p2|Kingambit, M|
|poke|p2|Ogerpon-Wellspring, F|
|poke|p2|Zamazenta-*|
|teampreview
|inactive|Battle timer is ON: inactive players will automatically lose when time's up. (requested by kingofdondons)
|
|t:|1760818789
|teamsize|p1|6
|teamsize|p2|6
|start
|switch|p1a: Glimmora|Glimmora, M|100/100
|switch|p2a: Deoxys|Deoxys-Speed|100/100
|-ability|p2a: Deoxys|Pressure
|turn|1
|
|t:|1760818805
|move|p2a: Deoxys|Taunt|p1a: Glimmora
|-start|p1a: Glimmora|move: Taunt
|cant|p1a: Glimmora|move: Taunt|Stealth Rock
|
|upkeep
|turn|2
|
|t:|1760818810
|switch|p1a: Samurott|Samurott-Hisui, F|100/100
|move|p2a: Deoxys|Psycho Boost|p1a: Samurott
|-immune|p1a: Samurott
|
|upkeep
|turn|3
|
|t:|1760818816
|move|p2a: Deoxys|Reflect|p2a: Deoxys
|-sidestart|p2: kingofdondons|Reflect
|move|p1a: Samurott|Knock Off|p2a: Deoxys
|-supereffective|p2a: Deoxys
|-damage|p2a: Deoxys|46/100
|-enditem|p2a: Deoxys|Light Clay|[from] move: Knock Off|[of] p1a: Samurott
|
|upkeep
|turn|4
|
|t:|1760818821
|move|p2a: Deoxys|Light Screen|p2a: Deoxys
|-sidestart|p2: kingofdondons|move: Light Screen
|move|p1a: Samurott|Ceaseless Edge|p2a: Deoxys
|-supereffective|p2a: Deoxys
|-damage|p2a: Deoxys|0 fnt
|-sidestart|p2: kingofdondons|Spikes
|faint|p2a: Deoxys
|
|upkeep
|
|t:|1760818825
|switch|p2a: Glimmora|Glimmora, F|100/100
|-damage|p2a: Glimmora|88/100|[from] Spikes
|turn|5
|
|t:|1760818829
|move|p2a: Glimmora|Meteor Beam||[still]
|-prepare|p2a: Glimmora|Meteor Beam
|-boost|p2a: Glimmora|spa|1
|-enditem|p2a: Glimmora|Power Herb
|-anim|p2a: Glimmora|Meteor Beam|p1a: Samurott
|-damage|p1a: Samurott|38/100
|move|p1a: Samurott|Razor Shell|p2a: Glimmora
|-supereffective|p2a: Glimmora
|-damage|p2a: Glimmora|29/100
|-unboost|p2a: Glimmora|def|1
|-activate|p2a: Glimmora|ability: Toxic Debris
|-sidestart|p1: crazey19|move: Toxic Spikes
|
|upkeep
|turn|6
|
|t:|1760818854
|move|p2a: Glimmora|Stealth Rock|p1a: Samurott
|-sidestart|p1: crazey19|move: Stealth Rock
|move|p1a: Samurott|Razor Shell|p2a: Glimmora
|-supereffective|p2a: Glimmora
|-damage|p2a: Glimmora|0 fnt
|-activate|p2a: Glimmora|ability: Toxic Debris
|-sidestart|p1: crazey19|move: Toxic Spikes
|faint|p2a: Glimmora
|
|upkeep
|
|t:|1760818858
|switch|p2a: Ogerpon|Ogerpon-Wellspring, F|100/100
|-damage|p2a: Ogerpon|88/100|[from] Spikes
|turn|7
|
|t:|1760818875
|switch|p1a: Glimmora|Glimmora, M|100/100
|-sideend|p1: crazey19|move: Toxic Spikes|[of] p1a: Glimmora
|-damage|p1a: Glimmora|88/100|[from] Stealth Rock
|move|p2a: Ogerpon|Low Kick|p1a: Glimmora
|-damage|p1a: Glimmora|60/100
|-activate|p1a: Glimmora|ability: Toxic Debris
|-sidestart|p2: kingofdondons|move: Toxic Spikes
|
|upkeep
|turn|8
|
|t:|1760818887
|switch|p1a: Rillaboom|Rillaboom, F|100/100
|-damage|p1a: Rillaboom|88/100|[from] Stealth Rock
|-fieldstart|move: Grassy Terrain|[from] ability: Grassy Surge|[of] p1a: Rillaboom
|move|p2a: Ogerpon|Ivy Cudgel|p1a: Rillaboom|[anim] Ivy Cudgel Water
|-resisted|p1a: Rillaboom
|-damage|p1a: Rillaboom|59/100
|
|-heal|p2a: Ogerpon|94/100|[from] Grassy Terrain
|-heal|p1a: Rillaboom|65/100|[from] Grassy Terrain
|-sideend|p2: kingofdondons|move: Light Screen
|upkeep
|turn|9
|
|t:|1760818911
|switch|p2a: Kingambit|Kingambit, M|100/100
|-damage|p2a: Kingambit|88/100|[from] Spikes
|-activate|p2a: Kingambit|ability: Supreme Overlord
|-start|p2a: Kingambit|fallen2|[silent]
|move|p1a: Rillaboom|U-turn|p2a: Kingambit
|-damage|p2a: Kingambit|79/100
|
|t:|1760818936
|switch|p1a: Iron Moth|Iron Moth|100/100|[from] U-turn
|-damage|p1a: Iron Moth|76/100|[from] Stealth Rock
|-enditem|p1a: Iron Moth|Booster Energy
|-activate|p1a: Iron Moth|ability: Quark Drive|[fromitem]
|-start|p1a: Iron Moth|quarkdrivespe
|
|-heal|p1a: Iron Moth|82/100|[from] Grassy Terrain
|-heal|p2a: Kingambit|85/100|[from] Grassy Terrain
|upkeep
|turn|10
|
|t:|1760818940
|move|p2a: Kingambit|Sucker Punch|p1a: Iron Moth
|-damage|p1a: Iron Moth|0 fnt
|faint|p1a: Iron Moth
|-end|p1a: Iron Moth|Quark Drive|[silent]
|
|-heal|p2a: Kingambit|91/100|[from] Grassy Terrain
|-sideend|p2: kingofdondons|Reflect
|upkeep
|
|t:|1760818949
|switch|p1a: lizard|Sceptile, M, shiny|100/100
|-damage|p1a: lizard|88/100|[from] Stealth Rock
|turn|11
|
|t:|1760818956
|move|p1a: lizard|Drain Punch|p2a: Kingambit
|-supereffective|p2a: Kingambit
|-damage|p2a: Kingambit|27/100
|-heal|p1a: lizard|100/100|[from] drain|[of] p2a: Kingambit
|move|p2a: Kingambit|Kowtow Cleave|p1a: lizard
|-damage|p1a: lizard|0 fnt
|faint|p1a: lizard
|
|-heal|p2a: Kingambit|33/100|[from] Grassy Terrain
|upkeep
|
|t:|1760818963
|switch|p1a: Rillaboom|Rillaboom, F|65/100
|-damage|p1a: Rillaboom|53/100|[from] Stealth Rock
|turn|12
|
|t:|1760818967
|move|p2a: Kingambit|Sucker Punch|p1a: Rillaboom
|-damage|p1a: Rillaboom|0 fnt
|faint|p1a: Rillaboom
|
|-heal|p2a: Kingambit|40/100|[from] Grassy Terrain
|upkeep
|-message|crazey19 forfeited.
|
|win|kingofdondons
|raw|crazey19's rating: 1515 &rarr; <strong>1494</strong><br />(-21 for losing)
|raw|kingofdondons's rating: 1504 &rarr; <strong>1525</strong><br />(+21 for winning)
|l|☆crazey19
|player|p1|
