|j|☆t1nkt0n
|j|☆ykykp
|t:|1760770018
|gametype|singles
|player|p1|t1nkt0n|shadowtriad|1495
|player|p2|ykykp|101|1534
|gen|9
|tier|[Gen 9] OU
|rated|
|rule|HP Percentage Mod: HP is shown in percentages
|rule|Endless Battle Clause: Forcing endless battles is banned
|rule|Species Clause: Limit one of each Pokémon
|rule|OHKO Clause: OHKO moves are banned
|rule|Evasion Items Clause: Evasion items are banned
|rule|Evasion Moves Clause: Evasion moves are banned
|rule|Evasion Abilities Clause: Evasion abilities are banned
|rule|Sleep Moves Clause: Sleep-inducing moves are banned
|clearpoke
|poke|p1|Iron Valiant|
|poke|p1|Great Tusk|
|poke|p1|Dragonite, F|
|poke|p1|Deoxys-Speed|
|poke|p1|Glimmora, M|
|poke|p1|Kingambit, M|
|poke|p2|Barraskewda, M|
|poke|p2|Pelipper, F|
|poke|p2|Tornadus-Therian, M|
|poke|p2|Decidueye-Hisui, F|
|poke|p2|Iron Treads|
|poke|p2|Iron Hands|
|teampreview
|inactive|Battle timer is ON: inactive players will automatically lose when time's up. (requested by ykykp)
|
|t:|1760770038
|teamsize|p1|6
|teamsize|p2|6
|start
|switch|p1a: Glimmora|Glimmora, M|100/100
|switch|p2a: Iron Treads|Iron Treads|100/100
|turn|1
|
|t:|1760770046
|switch|p1a: Great Tusk|Great Tusk, shiny|100/100
|-enditem|p1a: Great Tusk|Booster Energy
|-activate|p1a: Great Tusk|ability: Protosynthesis|[fromitem]
|-start|p1a: Great Tusk|protosynthesisspe
|move|p2a: Iron Treads|Earthquake|p1a: Great Tusk
|-damage|p1a: Great Tusk|78/100
|
|upkeep
|turn|2
|
|t:|1760770050
|-end|p2a: Iron Treads|Quark Drive|[silent]
|switch|p2a: Decidueye|Decidueye-Hisui, F|100/100
|move|p1a: Great Tusk|Bulk Up|p1a: Great Tusk
|-boost|p1a: Great Tusk|atk|1
|-boost|p1a: Great Tusk|def|1
|
|upkeep
|turn|3
|
|t:|1760770054
|move|p1a: Great Tusk|Bulk Up|p1a: Great Tusk
|-boost|p1a: Great Tusk|atk|1
|-boost|p1a: Great Tusk|def|1
|move|p2a: Decidueye|U-turn|p1a: Great Tusk
|-resisted|p1a: Great Tusk
|-damage|p1a: Great Tusk|76/100
|
|t:|1760770056
|switch|p2a: Pelipper|Pelipper, F|100/100|[from] U-turn
|-weather|RainDance|[from] ability: Drizzle|[of] p2a: Pelipper
|
|-weather|RainDance|[upkeep]
|upkeep
|turn|4
|
|t:|1760770059
|move|p1a: Great Tusk|Head Smash|p2a: Pelipper|[miss]
|-miss|p1a: Great Tusk|p2a: Pelipper
|move|p2a: Pelipper|Weather Ball|p1a: Great Tusk
|-supereffective|p1a: Great Tusk
|-damage|p1a: Great Tusk|0 fnt
|faint|p1a: Great Tusk
|-end|p1a: Great Tusk|Protosynthesis|[silent]
|
|-weather|RainDance|[upkeep]
|upkeep
|
|t:|1760770068
|switch|p1a: Deoxys|Deoxys-Speed|100/100
|-ability|p1a: Deoxys|Pressure
|turn|5
|
|t:|1760770074
|switch|p2a: Iron Treads|Iron Treads|100/100
|move|p1a: Deoxys|Reflect|p1a: Deoxys
|-sidestart|p1: t1nkt0n|Reflect
|
|-weather|RainDance|[upkeep]
|upkeep
|turn|6
|
|t:|1760770079
|move|p1a: Deoxys|Taunt|p2a: Iron Treads
|-start|p2a: Iron Treads|move: Taunt
|move|p2a: Iron Treads|Knock Off|p1a: Deoxys
|-supereffective|p1a: Deoxys
|-damage|p1a: Deoxys|71/100
|-enditem|p1a: Deoxys|Light Clay|[from] move: Knock Off|[of] p2a: Iron Treads
|
|-weather|RainDance|[upkeep]
|upkeep
|turn|7
|
|t:|1760770086
|switch|p1a: Dragonite|Dragonite, F, shiny|100/100
|move|p2a: Iron Treads|Earthquake|p1a: Dragonite
|-immune|p1a: Dragonite
|
|-weather|RainDance|[upkeep]
|upkeep
|turn|8
|
|t:|1760770089
|move|p1a: Dragonite|Dragon Dance|p1a: Dragonite
|-boost|p1a: Dragonite|atk|1
|-boost|p1a: Dragonite|spe|1
|move|p2a: Iron Treads|Knock Off|p1a: Dragonite
|-damage|p1a: Dragonite|93/100
|-enditem|p1a: Dragonite|Leftovers|[from] move: Knock Off|[of] p2a: Iron Treads
|
|-weather|RainDance|[upkeep]
|-end|p2a: Iron Treads|move: Taunt
|upkeep
|turn|9
|
|t:|1760770101
|-end|p2a: Iron Treads|Quark Drive|[silent]
|switch|p2a: Tornadus|Tornadus-Therian, M|100/100
|move|p1a: Dragonite|Dragon Dance|p1a: Dragonite
|-boost|p1a: Dragonite|atk|1
|-boost|p1a: Dragonite|spe|1
|
|-weather|RainDance|[upkeep]
|upkeep
|turn|10
|
|t:|1760770111
|-terastallize|p1a: Dragonite|Flying
|-terastallize|p2a: Tornadus|Flying
|move|p1a: Dragonite|Tera Blast|p2a: Tornadus|[anim] Tera Blast Flying
|-damage|p2a: Tornadus|0 fnt
|faint|p2a: Tornadus
|
|-weather|none
|upkeep
|
|t:|1760770125
|switch|p2a: Iron Hands|Iron Hands|100/100
|turn|11
|
|t:|1760770130
|move|p1a: Dragonite|Tera Blast|p2a: Iron Hands|[anim] Tera Blast Flying
|-damage|p2a: Iron Hands|24/100
|move|p2a: Iron Hands|Supercell Slam|p1a: Dragonite
|-supereffective|p1a: Dragonite
|-damage|p1a: Dragonite|28/100
|
|upkeep
|turn|12
|
|t:|1760770138
|move|p1a: Dragonite|Tera Blast|p2a: Iron Hands|[anim] Tera Blast Flying
|-damage|p2a: Iron Hands|0 fnt
|faint|p2a: Iron Hands
|-end|p2a: Iron Hands|Quark Drive|[silent]
|
|-sideend|p1: t1nkt0n|Reflect
|upkeep
|
|t:|1760770140
|switch|p2a: Pelipper|Pelipper, F|100/100
|-weather|RainDance|[from] ability: Drizzle|[of] p2a: Pelipper
|turn|13
|
|t:|1760770155
|switch|p2a: Iron Treads|Iron Treads|100/100
|move|p1a: Dragonite|Substitute|p1a: Dragonite
|-start|p1a: Dragonite|Substitute
|-damage|p1a: Dragonite|3/100
|
|-weather|RainDance|[upkeep]
|upkeep
|turn|14
|
|t:|1760770163
|move|p1a: Dragonite|Earthquake|p2a: Iron Treads
|-supereffective|p2a: Iron Treads
|-damage|p2a: Iron Treads|0 fnt
|faint|p2a: Iron Treads
|-end|p2a: Iron Treads|Quark Drive|[silent]
|
|-weather|RainDance|[upkeep]
|upkeep
|
|t:|1760770167
|switch|p2a: Barraskewda|Barraskewda, M|100/100
|turn|15
|
|t:|1760770172
|move|p2a: Barraskewda|Flip Turn|p1a: Dragonite
|-end|p1a: Dragonite|Substitute
|-damage|p2a: Barraskewda|91/100|[from] item: Life Orb
|
|t:|1760770177
|switch|p2a: Pelipper|Pelipper, F|100/100|[from] Flip Turn
|move|p1a: Dragonite|Tera Blast|p2a: Pelipper|[anim] Tera Blast Flying
|-damage|p2a: Pelipper|0 fnt
|faint|p2a: Pelipper
|
|-weather|RainDance|[upkeep]
|upkeep
|
|t:|1760770181
|switch|p2a: Barraskewda|Barraskewda, M|91/100
|turn|16
|
|t:|1760770194
|switch|p1a: Glimmora|Glimmora, M|100/100
|move|p2a: Barraskewda|Liquidation|p1a: Glimmora
|-supereffective|p1a: Glimmora
|-crit|p1a: Glimmora
|-damage|p1a: Glimmora|0 fnt
|-activate|p1a: Glimmora|ability: Toxic Debris
|-sidestart|p2: ykykp|move: Toxic Spikes
|faint|p1a: Glimmora
|-damage|p2a: Barraskewda|81/100|[from] item: Life Orb
|
|-weather|RainDance|[upkeep]
|upkeep
|
|t:|1760770200
|switch|p1a: Kingambit|Kingambit, M|100/100
|-activate|p1a: Kingambit|ability: Supreme Overlord
|-start|p1a: Kingambit|fallen2|[silent]
|turn|17
|
|t:|1760770202
|move|p1a: Kingambit|Sucker Punch|p2a: Barraskewda
|-damage|p2a: Barraskewda|0 fnt
|faint|p2a: Barraskewda
|
|-weather|RainDance|[upkeep]
|upkeep
|
|t:|1760770205
|switch|p2a: Decidueye|Decidueye-Hisui, F|100/100
|-status|p2a: Decidueye|psn
|turn|18
|-message|ykykp forfeited.
|
|win|t1nkt0n
|raw|t1nkt0n's rating: 1495 &rarr; <strong>1517</strong><br />(+22 for winning)
|raw|ykykp's rating: 1534 &rarr; <strong>1512</strong><br />(-22 for losing)
|l|☆ykykp
|player|p2|
|l|☆t1nkt0n
|player|p1|
