|j|☆stockholmwell
|j|☆Zucious
|t:|1760796021
|gametype|singles
|player|p1|stockholmwell|blackbelt-gen4|1426
|player|p2|Zucious|101|1348
|gen|9
|tier|[Gen 9] OU
|rated|
|rule|HP Percentage Mod: HP is shown in percentages
|rule|Endless Battle Clause: Forcing endless battles is banned
|rule|Species Clause: Limit one of each Pokémon
|rule|OHKO Clause: OHKO moves are banned
|rule|Evasion Items Clause: Evasion items are banned
|rule|Evasion Moves Clause: Evasion moves are banned
|rule|Evasion Abilities Clause: Evasion abilities are banned
|rule|Sleep Moves Clause: Sleep-inducing moves are banned
|clearpoke
|poke|p1|Ogerpon-Wellspring, F|
|poke|p1|Dragonite, M|
|poke|p1|Garchomp, M|
|poke|p1|Darkrai|
|poke|p1|Scizor, F|
|poke|p1|Gholdengo|
|poke|p2|Dragapult, F|
|poke|p2|Skeledirge, M|
|poke|p2|Clefable, F|
|poke|p2|Ogerpon-Wellspring, F|
|poke|p2|Landorus-Therian, M|
|poke|p2|Iron Treads|
|teampreview
|inactive|Battle timer is ON: inactive players will automatically lose when time's up. (requested by stockholmwell)
|
|t:|1760796043
|teamsize|p1|6
|teamsize|p2|6
|start
|switch|p1a: Garchomp|Garchomp, M|100/100
|switch|p2a: Clefable|Clefable, F|100/100
|turn|1
|
|t:|1760796047
|move|p1a: Garchomp|Stealth Rock|p2a: Clefable
|-sidestart|p2: Zucious|move: Stealth Rock
|move|p2a: Clefable|Moonblast|p1a: Garchomp
|-supereffective|p1a: Garchomp
|-damage|p1a: Garchomp|42/100
|-unboost|p1a: Garchomp|spa|1
|
|upkeep
|turn|2
|
|t:|1760796052
|move|p1a: Garchomp|Spikes|p2a: Clefable
|-sidestart|p2: Zucious|Spikes
|move|p2a: Clefable|Stealth Rock|p1a: Garchomp
|-sidestart|p1: stockholmwell|move: Stealth Rock
|
|upkeep
|turn|3
|
|t:|1760796056
|move|p1a: Garchomp|Spikes|p2a: Clefable
|-sidestart|p2: Zucious|Spikes
|move|p2a: Clefable|Moonblast|p1a: Garchomp
|-supereffective|p1a: Garchomp
|-damage|p1a: Garchomp|0 fnt
|faint|p1a: Garchomp
|
|upkeep
|
|t:|1760796061
|switch|p1a: Scizor|Scizor, F|100/100
|-damage|p1a: Scizor|88/100|[from] Stealth Rock
|turn|4
|
|t:|1760796077
|switch|p2a: Skeledirge|Skeledirge, M|100/100
|move|p1a: Scizor|Knock Off|p2a: Skeledirge
|-supereffective|p2a: Skeledirge
|-damage|p2a: Skeledirge|44/100
|-enditem|p2a: Skeledirge|Heavy-Duty Boots|[from] move: Knock Off|[of] p1a: Scizor
|
|upkeep
|turn|5
|
|t:|1760796083
|move|p1a: Scizor|U-turn|p2a: Skeledirge
|-resisted|p2a: Skeledirge
|-damage|p2a: Skeledirge|36/100
|
|t:|1760796090
|switch|p1a: Darkrai|Darkrai|100/100|[from] U-turn
|move|p2a: Skeledirge|Slack Off|p2a: Skeledirge
|-heal|p2a: Skeledirge|86/100
|
|upkeep
|turn|6
|
|t:|1760796104
|switch|p2a: Iron Treads|Iron Treads|100/100
|-damage|p2a: Iron Treads|98/100|[from] Stealth Rock
|-damage|p2a: Iron Treads|81/100|[from] Spikes
|move|p1a: Darkrai|Dark Pulse|p2a: Iron Treads
|-damage|p2a: Iron Treads|57/100
|
|upkeep
|turn|7
|
|t:|1760796115
|switch|p1a: Gholdengo|Gholdengo|100/100
|-damage|p1a: Gholdengo|94/100|[from] Stealth Rock
|-item|p1a: Gholdengo|Air Balloon
|move|p2a: Iron Treads|Knock Off|p1a: Gholdengo
|-supereffective|p1a: Gholdengo
|-damage|p1a: Gholdengo|61/100
|-enditem|p1a: Gholdengo|Air Balloon
|
|upkeep
|turn|8
|
|t:|1760796126
|move|p2a: Iron Treads|Earth Power|p1a: Gholdengo
|-supereffective|p1a: Gholdengo
|-damage|p1a: Gholdengo|12/100
|move|p1a: Gholdengo|Recover|p1a: Gholdengo
|-heal|p1a: Gholdengo|62/100
|
|upkeep
|turn|9
|
|t:|1760796133
|move|p2a: Iron Treads|Knock Off|p1a: Gholdengo
|-supereffective|p1a: Gholdengo
|-damage|p1a: Gholdengo|41/100
|move|p1a: Gholdengo|Recover|p1a: Gholdengo
|-heal|p1a: Gholdengo|91/100
|
|upkeep
|turn|10
|
|t:|1760796135
|move|p2a: Iron Treads|Knock Off|p1a: Gholdengo
|-supereffective|p1a: Gholdengo
|-crit|p1a: Gholdengo
|-damage|p1a: Gholdengo|54/100
|move|p1a: Gholdengo|Hex|p2a: Iron Treads
|-damage|p2a: Iron Treads|41/100
|
|upkeep
|turn|11
|
|t:|1760796141
|move|p2a: Iron Treads|Knock Off|p1a: Gholdengo
|-supereffective|p1a: Gholdengo
|-damage|p1a: Gholdengo|30/100
|move|p1a: Gholdengo|Recover|p1a: Gholdengo
|-heal|p1a: Gholdengo|80/100
|
|upkeep
|turn|12
|
|t:|1760796144
|move|p2a: Iron Treads|Earth Power|p1a: Gholdengo
|-supereffective|p1a: Gholdengo
|-damage|p1a: Gholdengo|34/100
|-unboost|p1a: Gholdengo|spd|1
|move|p1a: Gholdengo|Hex|p2a: Iron Treads
|-damage|p2a: Iron Treads|26/100
|
|upkeep
|turn|13
|
|t:|1760796148
|move|p2a: Iron Treads|Knock Off|p1a: Gholdengo
|-supereffective|p1a: Gholdengo
|-damage|p1a: Gholdengo|11/100
|move|p1a: Gholdengo|Hex|p2a: Iron Treads
|-damage|p2a: Iron Treads|10/100
|
|upkeep
|turn|14
|
|t:|1760796152
|move|p2a: Iron Treads|Knock Off|p1a: Gholdengo
|-supereffective|p1a: Gholdengo
|-damage|p1a: Gholdengo|0 fnt
|faint|p1a: Gholdengo
|
|upkeep
|
|t:|1760796156
|switch|p1a: Darkrai|Darkrai|100/100
|turn|15
|
|t:|1760796159
|move|p1a: Darkrai|Ice Beam|p2a: Iron Treads
|-damage|p2a: Iron Treads|0 fnt
|faint|p2a: Iron Treads
|-end|p2a: Iron Treads|Quark Drive|[silent]
|
|upkeep
|
|t:|1760796166
|switch|p2a: Landorus|Landorus-Therian, M|100/100
|-damage|p2a: Landorus|88/100|[from] Stealth Rock
|-ability|p2a: Landorus|Intimidate|boost
|-unboost|p1a: Darkrai|atk|1
|turn|16
|
|t:|1760796171
|move|p2a: Landorus|U-turn|p1a: Darkrai
|-supereffective|p1a: Darkrai
|-damage|p1a: Darkrai|29/100
|
|t:|1760796176
|switch|p2a: Clefable|Clefable, F|100/100|[from] U-turn
|move|p1a: Darkrai|Ice Beam|p2a: Clefable
|-damage|p2a: Clefable|71/100
|
|upkeep
|turn|17
|
|t:|1760796183
|move|p1a: Darkrai|Sludge Bomb|p2a: Clefable
|-supereffective|p2a: Clefable
|-damage|p2a: Clefable|8/100
|move|p2a: Clefable|Knock Off|p1a: Darkrai
|-resisted|p1a: Darkrai
|-damage|p1a: Darkrai|19/100
|-enditem|p1a: Darkrai|Heavy-Duty Boots|[from] move: Knock Off|[of] p2a: Clefable
|
|upkeep
|turn|18
|
|t:|1760796196
|move|p1a: Darkrai|Knock Off|p2a: Clefable
|-resisted|p2a: Clefable
|-damage|p2a: Clefable|0 fnt
|-damage|p1a: Darkrai|3/100|[from] item: Rocky Helmet|[of] p2a: Clefable
|-enditem|p2a: Clefable|Rocky Helmet|[from] move: Knock Off|[of] p1a: Darkrai
|faint|p2a: Clefable
|
|upkeep
|
|t:|1760796201
|switch|p2a: Landorus|Landorus-Therian, M|88/100
|-damage|p2a: Landorus|76/100|[from] Stealth Rock
|-ability|p2a: Landorus|Intimidate|boost
|-unboost|p1a: Darkrai|atk|1
|turn|19
|
|t:|1760796204
|move|p2a: Landorus|U-turn|p1a: Darkrai
|-supereffective|p1a: Darkrai
|-damage|p1a: Darkrai|0 fnt
|faint|p1a: Darkrai
|
|t:|1760796209
|switch|p2a: Dragapult|Dragapult, F|100/100|[from] U-turn
|
|upkeep
|
|t:|1760796215
|switch|p1a: Scizor|Scizor, F|88/100
|-damage|p1a: Scizor|76/100|[from] Stealth Rock
|turn|20
|
|t:|1760796233
|move|p2a: Dragapult|Thunder Wave|p1a: Scizor
|-status|p1a: Scizor|par
|move|p1a: Scizor|Knock Off|p2a: Dragapult
|-supereffective|p2a: Dragapult
|-damage|p2a: Dragapult|0 fnt
|-enditem|p2a: Dragapult|Heavy-Duty Boots|[from] move: Knock Off|[of] p1a: Scizor
|faint|p2a: Dragapult
|
|upkeep
|
|t:|1760796238
|switch|p2a: Skeledirge|Skeledirge, M|86/100
|-damage|p2a: Skeledirge|61/100|[from] Stealth Rock
|-damage|p2a: Skeledirge|45/100|[from] Spikes
|turn|21
|
|t:|1760796247
|move|p2a: Skeledirge|Will-O-Wisp|p1a: Scizor|[miss]
|-miss|p2a: Skeledirge|p1a: Scizor
|cant|p1a: Scizor|par
|
|upkeep
|turn|22
|
|t:|1760796251
|move|p2a: Skeledirge|Torch Song|p1a: Scizor
|-supereffective|p1a: Scizor
|-damage|p1a: Scizor|0 fnt
|-boost|p2a: Skeledirge|spa|1
|faint|p1a: Scizor
|
|upkeep
|
|t:|1760796256
|switch|p1a: Ogerpon|Ogerpon-Wellspring, F|100/100
|-damage|p1a: Ogerpon|88/100|[from] Stealth Rock
|turn|23
|
|t:|1760796266
|move|p1a: Ogerpon|Knock Off|p2a: Skeledirge
|-supereffective|p2a: Skeledirge
|-damage|p2a: Skeledirge|0 fnt
|faint|p2a: Skeledirge
|
|upkeep
|
|t:|1760796279
|switch|p2a: Landorus|Landorus-Therian, M|76/100
|-damage|p2a: Landorus|64/100|[from] Stealth Rock
|-ability|p2a: Landorus|Intimidate|boost
|-unboost|p1a: Ogerpon|atk|1
|turn|24
|
|t:|1760796290
|-terastallize|p2a: Landorus|Flying
|move|p2a: Landorus|Tera Blast|p1a: Ogerpon|[anim] Tera Blast Flying
|-supereffective|p1a: Ogerpon
|-damage|p1a: Ogerpon|0 fnt
|faint|p1a: Ogerpon
|
|upkeep
|
|t:|1760796294
|switch|p1a: Dragonite|Dragonite, M|100/100
|turn|25
|
|t:|1760796300
|-terastallize|p1a: Dragonite|Normal
|move|p2a: Landorus|Tera Blast|p1a: Dragonite|[anim] Tera Blast Flying
|-damage|p1a: Dragonite|66/100
|move|p1a: Dragonite|Dragon Dance|p1a: Dragonite
|-boost|p1a: Dragonite|atk|1
|-boost|p1a: Dragonite|spe|1
|
|upkeep
|turn|26
|
|t:|1760796304
|move|p1a: Dragonite|Extreme Speed|p2a: Landorus
|-crit|p2a: Landorus
|-damage|p2a: Landorus|0 fnt
|faint|p2a: Landorus
|
|upkeep
|n|!Zucious|zucious
|-message|Zucious forfeited.
|
|win|stockholmwell
