|j|☆Grindset mindset
|j|☆Kaleor
|t:|1760727955
|gametype|singles
|player|p1|Grindset mindset|skyla|1556
|player|p2|Kaleor|swimmer-gen4dp|1639
|gen|9
|tier|[Gen 9] OU
|rated|
|rule|HP Percentage Mod: HP is shown in percentages
|rule|Endless Battle Clause: Forcing endless battles is banned
|rule|Species Clause: Limit one of each Pokémon
|rule|OHKO Clause: OHKO moves are banned
|rule|Evasion Items Clause: Evasion items are banned
|rule|Evasion Moves Clause: Evasion moves are banned
|rule|Evasion Abilities Clause: Evasion abilities are banned
|rule|Sleep Moves Clause: Sleep-inducing moves are banned
|clearpoke
|poke|p1|Ogerpon-Cornerstone, F|
|poke|p1|Primarina, M|
|poke|p1|Armarouge, F|
|poke|p1|Raging Bolt|
|poke|p1|Great Tusk|
|poke|p1|Zapdos-Galar|
|poke|p2|Alomomola, F|
|poke|p2|Great Tusk|
|poke|p2|Slowking-Galar, M|
|poke|p2|Crawdaunt, M|
|poke|p2|Dragapult, F|
|poke|p2|Corviknight, M|
|teampreview
|inactive|Battle timer is ON: inactive players will automatically lose when time's up. (requested by Grindset mindset)
|
|t:|1760727972
|teamsize|p1|6
|teamsize|p2|6
|start
|switch|p1a: Primarina|Primarina, M|100/100
|switch|p2a: Dragapult|Dragapult, F|100/100
|turn|1
|
|t:|1760727976
|move|p2a: Dragapult|U-turn|p1a: Primarina
|-resisted|p1a: Primarina
|-damage|p1a: Primarina|91/100
|
|t:|1760727977
|switch|p2a: Slowking|Slowking-Galar, M|100/100|[from] U-turn
|move|p1a: Primarina|Moonblast|p2a: Slowking
|-resisted|p2a: Slowking
|-damage|p2a: Slowking|75/100
|
|upkeep
|turn|2
|
|t:|1760727981
|switch|p1a: Ogerpon|Ogerpon-Cornerstone, F|100/100
|move|p2a: Slowking|Future Sight|p1a: Ogerpon
|-start|p2a: Slowking|move: Future Sight
|
|upkeep
|turn|3
|
|t:|1760727985
|switch|p2a: Corviknight|Corviknight, M|100/100
|-ability|p2a: Corviknight|Pressure
|move|p1a: Ogerpon|Ivy Cudgel|p2a: Corviknight|[anim] Ivy Cudgel Rock
|-damage|p2a: Corviknight|62/100
|
|upkeep
|turn|4
|
|t:|1760727990
|switch|p1a: Armarouge|Armarouge, F|100/100
|move|p2a: Corviknight|Roost|p2a: Corviknight
|-heal|p2a: Corviknight|100/100
|-singleturn|p2a: Corviknight|move: Roost
|
|-end|p1a: Armarouge|move: Future Sight
|-resisted|p1a: Armarouge
|-damage|p1a: Armarouge|70/100
|upkeep
|turn|5
|
|t:|1760727994
|switch|p1a: Zapdos|Zapdos-Galar|100/100
|switch|p2a: Alomomola|Alomomola, F|100/100
|
|upkeep
|turn|6
|
|t:|1760727997
|move|p1a: Zapdos|U-turn|p2a: Alomomola
|-damage|p2a: Alomomola|77/100
|
|t:|1760727999
|switch|p1a: Armarouge|Armarouge, F|70/100|[from] U-turn
|move|p2a: Alomomola|Scald|p1a: Armarouge
|-supereffective|p1a: Armarouge
|-damage|p1a: Armarouge|35/100
|-enditem|p1a: Armarouge|Weakness Policy
|-boost|p1a: Armarouge|atk|2|[from] item: Weakness Policy
|-boost|p1a: Armarouge|spa|2|[from] item: Weakness Policy
|
|upkeep
|turn|7
|
|t:|1760728004
|move|p1a: Armarouge|Stored Power|p2a: Alomomola
|-damage|p2a: Alomomola|20/100
|move|p2a: Alomomola|Mirror Coat|p1a: Armarouge
|-damage|p1a: Armarouge|0 fnt
|faint|p1a: Armarouge
|
|upkeep
|
|t:|1760728008
|switch|p1a: Ogerpon|Ogerpon-Cornerstone, F|100/100
|turn|8
|
|t:|1760728010
|switch|p2a: Corviknight|Corviknight, M|100/100
|-ability|p2a: Corviknight|Pressure
|move|p1a: Ogerpon|Swords Dance|p1a: Ogerpon
|-boost|p1a: Ogerpon|atk|2
|
|upkeep
|turn|9
|
|t:|1760728017
|move|p1a: Ogerpon|Ivy Cudgel|p2a: Corviknight|[anim] Ivy Cudgel Rock
|-damage|p2a: Corviknight|25/100
|move|p2a: Corviknight|U-turn|p1a: Ogerpon
|-supereffective|p1a: Ogerpon
|-damage|p1a: Ogerpon|59/100
|
|t:|1760728019
|switch|p2a: Dragapult|Dragapult, F|100/100|[from] U-turn
|
|upkeep
|turn|10
|
|t:|1760728023
|-terastallize|p2a: Dragapult|Ghost
|move|p2a: Dragapult|Shadow Ball|p1a: Ogerpon
|-damage|p1a: Ogerpon|0 fnt
|faint|p1a: Ogerpon
|
|upkeep
|
|t:|1760728027
|switch|p1a: Raging Bolt|Raging Bolt|100/100
|turn|11
|
|t:|1760728030
|switch|p2a: Slowking|Slowking-Galar, M|100/100
|move|p1a: Raging Bolt|Thunderbolt|p2a: Slowking
|-damage|p2a: Slowking|68/100
|
|upkeep
|turn|12
|
|t:|1760728035
|move|p1a: Raging Bolt|Ancient Power|p2a: Slowking
|-damage|p2a: Slowking|53/100
|-prepare|p2a: Slowking|Chilly Reception|[premajor]
|move|p2a: Slowking|Chilly Reception|p2a: Slowking
|-weather|Snowscape
|
|t:|1760728037
|switch|p2a: Alomomola|Alomomola, F|53/100|[from] Chilly Reception
|
|-weather|Snowscape|[upkeep]
|upkeep
|turn|13
|
|t:|1760728042
|switch|p2a: Great Tusk|Great Tusk|100/100
|move|p1a: Raging Bolt|Ancient Power|p2a: Great Tusk
|-resisted|p2a: Great Tusk
|-damage|p2a: Great Tusk|92/100
|
|-weather|Snowscape|[upkeep]
|upkeep
|turn|14
|
|t:|1760728050
|-end|p1a: Raging Bolt|Protosynthesis|[silent]
|switch|p1a: Zapdos|Zapdos-Galar|100/100
|move|p2a: Great Tusk|Headlong Rush|p1a: Zapdos
|-immune|p1a: Zapdos
|
|-weather|Snowscape|[upkeep]
|upkeep
|turn|15
|
|t:|1760728053
|-end|p2a: Great Tusk|Protosynthesis|[silent]
|switch|p2a: Corviknight|Corviknight, M|25/100
|-ability|p2a: Corviknight|Pressure
|move|p1a: Zapdos|Close Combat|p2a: Corviknight
|-damage|p2a: Corviknight|0 fnt
|-unboost|p1a: Zapdos|def|1
|-unboost|p1a: Zapdos|spd|1
|-damage|p1a: Zapdos|84/100|[from] item: Rocky Helmet|[of] p2a: Corviknight
|faint|p2a: Corviknight
|
|-weather|Snowscape|[upkeep]
|upkeep
|
|t:|1760728056
|switch|p2a: Dragapult|Dragapult, F, tera:Ghost|100/100
|turn|16
|
|t:|1760728059
|switch|p1a: Primarina|Primarina, M|91/100
|move|p2a: Dragapult|Shadow Ball|p1a: Primarina
|-damage|p1a: Primarina|32/100
|-unboost|p1a: Primarina|spd|1
|
|-weather|none
|upkeep
|turn|17
|
|t:|1760728062
|move|p2a: Dragapult|Shadow Ball|p1a: Primarina
|-damage|p1a: Primarina|0 fnt
|faint|p1a: Primarina
|
|upkeep
|
|t:|1760728064
|switch|p1a: Raging Bolt|Raging Bolt|100/100
|turn|18
|
|t:|1760728070
|switch|p2a: Slowking|Slowking-Galar, M|86/100
|move|p1a: Raging Bolt|Thunderbolt|p2a: Slowking
|-damage|p2a: Slowking|53/100
|
|upkeep
|turn|19
|
|t:|1760728074
|move|p1a: Raging Bolt|Ancient Power|p2a: Slowking
|-damage|p2a: Slowking|40/100
|-boost|p1a: Raging Bolt|atk|1
|-boost|p1a: Raging Bolt|def|1
|-boost|p1a: Raging Bolt|spa|1
|-boost|p1a: Raging Bolt|spd|1
|-boost|p1a: Raging Bolt|spe|1
|move|p2a: Slowking|Future Sight|p1a: Raging Bolt
|-start|p2a: Slowking|move: Future Sight
|
|upkeep
|turn|20
|
|t:|1760728082
|move|p1a: Raging Bolt|Thunderbolt|p2a: Slowking
|-damage|p2a: Slowking|0 fnt
|faint|p2a: Slowking
|
|upkeep
|
|t:|1760728084
|switch|p2a: Alomomola|Alomomola, F|86/100
|turn|21
|
|t:|1760728087
|move|p1a: Raging Bolt|Thunderbolt|p2a: Alomomola
|-supereffective|p2a: Alomomola
|-damage|p2a: Alomomola|2/100
|move|p2a: Alomomola|Mirror Coat|p1a: Raging Bolt
|-damage|p1a: Raging Bolt|0 fnt
|faint|p1a: Raging Bolt
|-end|p1a: Raging Bolt|Protosynthesis|[silent]
|
|-hint|Future Sight did not hit because the target is fainted.
|upkeep
|
|t:|1760728091
|switch|p1a: Great Tusk|Great Tusk|100/100
|-enditem|p1a: Great Tusk|Booster Energy
|-activate|p1a: Great Tusk|ability: Protosynthesis|[fromitem]
|-start|p1a: Great Tusk|protosynthesisatk
|turn|22
|
|t:|1760728098
|switch|p2a: Dragapult|Dragapult, F, tera:Ghost|100/100
|move|p1a: Great Tusk|Headlong Rush|p2a: Dragapult
|-crit|p2a: Dragapult
|-damage|p2a: Dragapult|0 fnt
|-unboost|p1a: Great Tusk|def|1
|-unboost|p1a: Great Tusk|spd|1
|faint|p2a: Dragapult
|
|upkeep
|
|t:|1760728103
|switch|p2a: Great Tusk|Great Tusk|92/100
|turn|23
|
|t:|1760728109
|move|p2a: Great Tusk|Rapid Spin|p1a: Great Tusk
|-damage|p1a: Great Tusk|80/100
|-boost|p2a: Great Tusk|spe|1
|move|p1a: Great Tusk|Ice Spinner|p2a: Great Tusk
|-supereffective|p2a: Great Tusk
|-damage|p2a: Great Tusk|36/100
|
|upkeep
|turn|24
|
|t:|1760728111
|move|p2a: Great Tusk|Ice Spinner|p1a: Great Tusk
|-supereffective|p1a: Great Tusk
|-damage|p1a: Great Tusk|17/100
|move|p1a: Great Tusk|Ice Spinner|p2a: Great Tusk
|-supereffective|p2a: Great Tusk
|-damage|p2a: Great Tusk|0 fnt
|faint|p2a: Great Tusk
|-end|p2a: Great Tusk|Protosynthesis|[silent]
|
|upkeep
|
|t:|1760728115
|switch|p2a: Crawdaunt|Crawdaunt, M|100/100
|turn|25
|
|t:|1760728116
|move|p2a: Crawdaunt|Aqua Jet|p1a: Great Tusk
|-supereffective|p1a: Great Tusk
|-damage|p1a: Great Tusk|0 fnt
|faint|p1a: Great Tusk
|-end|p1a: Great Tusk|Protosynthesis|[silent]
|
|upkeep
|
|t:|1760728118
|switch|p1a: Zapdos|Zapdos-Galar|84/100
|turn|26
|
|t:|1760728120
|switch|p2a: Alomomola|Alomomola, F|35/100
|move|p1a: Zapdos|Close Combat|p2a: Alomomola
|-damage|p2a: Alomomola|0 fnt
|-unboost|p1a: Zapdos|def|1
|-unboost|p1a: Zapdos|spd|1
|faint|p2a: Alomomola
|
|upkeep
|
|t:|1760728122
|switch|p2a: Crawdaunt|Crawdaunt, M|100/100
|turn|27
|
|t:|1760728126
|move|p2a: Crawdaunt|Aqua Jet|p1a: Zapdos
|-damage|p1a: Zapdos|8/100
|move|p1a: Zapdos|Close Combat|p2a: Crawdaunt
|-supereffective|p2a: Crawdaunt
|-damage|p2a: Crawdaunt|0 fnt
|-unboost|p1a: Zapdos|def|1
|-unboost|p1a: Zapdos|spd|1
|faint|p2a: Crawdaunt
|
|win|Grindset mindset
|raw|Grindset mindset's rating: 1556 &rarr; <strong>1581</strong><br />(+25 for winning)
|raw|Kaleor's rating: 1639 &rarr; <strong>1614</strong><br />(-25 for losing)
|l|☆Kaleor
|player|p2|
|l|☆Grindset mindset
|player|p1|
