|j|☆Catlamity
|j|☆petertonetto
|t:|1760764252
|gametype|singles
|player|p1|Catlamity|ingo|1291
|player|p2|petertonetto|266|1230
|gen|9
|tier|[Gen 9] OU
|rated|
|rule|HP Percentage Mod: HP is shown in percentages
|rule|Endless Battle Clause: Forcing endless battles is banned
|rule|Species Clause: Limit one of each Pokémon
|rule|OHKO Clause: OHKO moves are banned
|rule|Evasion Items Clause: Evasion items are banned
|rule|Evasion Moves Clause: Evasion moves are banned
|rule|Evasion Abilities Clause: Evasion abilities are banned
|rule|Sleep Moves Clause: Sleep-inducing moves are banned
|clearpoke
|poke|p1|Hydrapple, M|
|poke|p1|Slowking-Galar, F|
|poke|p1|Rillaboom, M|
|poke|p1|Lokix, F|
|poke|p1|Ogerpon-Wellspring, F|
|poke|p1|Iron Treads|
|poke|p2|Torkoal, F|
|poke|p2|Typhlosion-Hisui, M|
|poke|p2|Walking Wake|
|poke|p2|Glimmora, M|
|poke|p2|Scizor, F|
|poke|p2|Ceruledge, F|
|teampreview
|inactive|Battle timer is ON: inactive players will automatically lose when time's up. (requested by petertonetto)
|inactive|Catlamity also wants the timer to be on.
|
|t:|1760764262
|teamsize|p1|6
|teamsize|p2|6
|start
|switch|p1a: Ogerpon|Ogerpon-Wellspring, F|100/100
|switch|p2a: Torkoal|Torkoal, F|100/100
|-weather|SunnyDay|[from] ability: Drought|[of] p2a: Torkoal
|turn|1
|
|t:|1760764276
|move|p1a: Ogerpon|U-turn|p2a: Torkoal
|-resisted|p2a: Torkoal
|-damage|p2a: Torkoal|89/100
|
|t:|1760764281
|switch|p1a: Slowking|Slowking-Galar, F|100/100|[from] U-turn
|move|p2a: Torkoal|Overheat|p1a: Slowking
|-damage|p1a: Slowking|44/100
|-unboost|p2a: Torkoal|spa|2
|
|-weather|SunnyDay|[upkeep]
|upkeep
|turn|2
|
|t:|1760764295
|switch|p1a: Ogerpon|Ogerpon-Wellspring, F|100/100
|switch|p2a: Glimmora|Glimmora, M|100/100
|
|-weather|SunnyDay|[upkeep]
|upkeep
|turn|3
|
|t:|1760764304
|move|p1a: Ogerpon|Ivy Cudgel|p2a: Glimmora|[anim] Ivy Cudgel Water
|-supereffective|p2a: Glimmora
|-damage|p2a: Glimmora|45/100
|move|p2a: Glimmora|Stealth Rock|p1a: Ogerpon
|-sidestart|p1: Catlamity|move: Stealth Rock
|
|-weather|SunnyDay|[upkeep]
|upkeep
|turn|4
|
|t:|1760764316
|move|p1a: Ogerpon|Ivy Cudgel|p2a: Glimmora|[anim] Ivy Cudgel Water
|-supereffective|p2a: Glimmora
|-damage|p2a: Glimmora|0 fnt
|faint|p2a: Glimmora
|
|-weather|SunnyDay|[upkeep]
|upkeep
|
|t:|1760764323
|switch|p2a: Scizor|Scizor, F|100/100
|turn|5
|
|t:|1760764334
|move|p1a: Ogerpon|U-turn|p2a: Scizor
|-resisted|p2a: Scizor
|-damage|p2a: Scizor|87/100
|
|t:|1760764347
|switch|p1a: Iron Treads|Iron Treads|100/100|[from] U-turn
|-damage|p1a: Iron Treads|97/100|[from] Stealth Rock
|-enditem|p1a: Iron Treads|Booster Energy
|-activate|p1a: Iron Treads|ability: Quark Drive|[fromitem]
|-start|p1a: Iron Treads|quarkdrivespe
|move|p2a: Scizor|Dual Wingbeat|p1a: Iron Treads
|-resisted|p1a: Iron Treads
|-damage|p1a: Iron Treads|84/100
|-resisted|p1a: Iron Treads
|-damage|p1a: Iron Treads|72/100
|-hitcount|p1a: Iron Treads|2
|-damage|p2a: Scizor|77/100|[from] item: Life Orb
|
|-weather|SunnyDay|[upkeep]
|upkeep
|turn|6
|
|t:|1760764370
|switch|p2a: Walking Wake|Walking Wake|100/100
|-activate|p2a: Walking Wake|ability: Protosynthesis
|-start|p2a: Walking Wake|protosynthesisspe
|move|p1a: Iron Treads|High Horsepower|p2a: Walking Wake
|-damage|p2a: Walking Wake|48/100
|
|-weather|SunnyDay|[upkeep]
|upkeep
|turn|7
|
|t:|1760764382
|-terastallize|p1a: Iron Treads|Grass
|move|p2a: Walking Wake|Hydro Steam|p1a: Iron Treads
|-resisted|p1a: Iron Treads
|-damage|p1a: Iron Treads|11/100
|move|p1a: Iron Treads|Rapid Spin|p2a: Walking Wake
|-damage|p2a: Walking Wake|32/100
|-boost|p1a: Iron Treads|spe|1
|-sideend|p1: Catlamity|Stealth Rock|[from] move: Rapid Spin|[of] p1a: Iron Treads
|
|-weather|SunnyDay|[upkeep]
|upkeep
|turn|8
|
|t:|1760764396
|move|p1a: Iron Treads|High Horsepower|p2a: Walking Wake
|-damage|p2a: Walking Wake|0 fnt
|faint|p2a: Walking Wake
|-end|p2a: Walking Wake|Protosynthesis|[silent]
|
|-weather|none
|upkeep
|
|t:|1760764401
|switch|p2a: Ceruledge|Ceruledge, F|100/100
|turn|9
|
|t:|1760764408
|move|p2a: Ceruledge|Shadow Sneak|p1a: Iron Treads
|-damage|p1a: Iron Treads|0 fnt
|faint|p1a: Iron Treads
|-end|p1a: Iron Treads|Quark Drive|[silent]
|
|upkeep
|
|t:|1760764432
|switch|p1a: Slowking|Slowking-Galar, F|77/100
|turn|10
|
|t:|1760764437
|move|p2a: Ceruledge|Swords Dance|p2a: Ceruledge
|-boost|p2a: Ceruledge|atk|2
|move|p1a: Slowking|Thunder Wave|p2a: Ceruledge
|-status|p2a: Ceruledge|par
|
|upkeep
|turn|11
|
|t:|1760764444
|move|p2a: Ceruledge|Poltergeist|p1a: Slowking
|-activate|p1a: Slowking|move: Poltergeist|Rocky Helmet
|-supereffective|p1a: Slowking
|-damage|p1a: Slowking|0 fnt
|faint|p1a: Slowking
|
|upkeep
|
|t:|1760764455
|switch|p1a: Ogerpon|Ogerpon-Wellspring, F|100/100
|turn|12
|
|t:|1760764461
|move|p1a: Ogerpon|Ivy Cudgel|p2a: Ceruledge|[anim] Ivy Cudgel Water
|-supereffective|p2a: Ceruledge
|-enditem|p2a: Ceruledge|Focus Sash
|-damage|p2a: Ceruledge|1/100 par
|-ability|p2a: Ceruledge|Weak Armor|boost
|-unboost|p2a: Ceruledge|def|1
|-boost|p2a: Ceruledge|spe|2
|cant|p2a: Ceruledge|par
|
|upkeep
|turn|13
|
|t:|1760764479
|move|p2a: Ceruledge|Shadow Sneak|p1a: Ogerpon
|-damage|p1a: Ogerpon|43/100
|move|p1a: Ogerpon|U-turn|p2a: Ceruledge
|-resisted|p2a: Ceruledge
|-damage|p2a: Ceruledge|0 fnt
|faint|p2a: Ceruledge
|
|t:|1760764497
|switch|p1a: Rillaboom|Rillaboom, M|100/100|[from] U-turn
|-fieldstart|move: Grassy Terrain|[from] ability: Grassy Surge|[of] p1a: Rillaboom
|
|upkeep
|
|t:|1760764502
|switch|p2a: Torkoal|Torkoal, F|89/100
|-weather|SunnyDay|[from] ability: Drought|[of] p2a: Torkoal
|turn|14
|
|t:|1760764512
|move|p1a: Rillaboom|U-turn|p2a: Torkoal
|-resisted|p2a: Torkoal
|-damage|p2a: Torkoal|73/100
|
|t:|1760764515
|switch|p1a: Ogerpon|Ogerpon-Wellspring, F|43/100|[from] U-turn
|move|p2a: Torkoal|Overheat|p1a: Ogerpon
|-damage|p1a: Ogerpon|0 fnt
|-unboost|p2a: Torkoal|spa|2
|faint|p1a: Ogerpon
|
|-weather|SunnyDay|[upkeep]
|-heal|p2a: Torkoal|79/100|[from] Grassy Terrain
|upkeep
|
|t:|1760764527
|switch|p1a: Hydrapple|Hydrapple, M, shiny|100/100
|turn|15
|
|t:|1760764532
|switch|p2a: Scizor|Scizor, F|77/100
|move|p1a: Hydrapple|Earth Power|p2a: Scizor
|-damage|p2a: Scizor|39/100
|
|-weather|SunnyDay|[upkeep]
|-heal|p2a: Scizor|45/100|[from] Grassy Terrain
|upkeep
|turn|16
|
|t:|1760764545
|move|p2a: Scizor|Dual Wingbeat|p1a: Hydrapple|[miss]
|-miss|p2a: Scizor|p1a: Hydrapple
|move|p1a: Hydrapple|Earth Power|p2a: Scizor
|-damage|p2a: Scizor|6/100
|
|-weather|SunnyDay|[upkeep]
|-heal|p2a: Scizor|12/100|[from] Grassy Terrain
|upkeep
|turn|17
|
|t:|1760764552
|move|p2a: Scizor|Dual Wingbeat|p1a: Hydrapple
|-supereffective|p1a: Hydrapple
|-damage|p1a: Hydrapple|59/100
|-supereffective|p1a: Hydrapple
|-damage|p1a: Hydrapple|14/100
|-hitcount|p1a: Hydrapple|2
|-damage|p2a: Scizor|2/100|[from] item: Life Orb
|move|p1a: Hydrapple|Earth Power|p2a: Scizor
|-damage|p2a: Scizor|0 fnt
|faint|p2a: Scizor
|
|-weather|SunnyDay|[upkeep]
|-heal|p1a: Hydrapple|20/100|[from] Grassy Terrain
|-fieldend|move: Grassy Terrain
|upkeep
|
|t:|1760764564
|switch|p2a: Typhlosion|Typhlosion-Hisui, M|100/100
|turn|18
|
|t:|1760764572
|move|p2a: Typhlosion|Eruption|p1a: Hydrapple
|-damage|p1a: Hydrapple|0 fnt
|faint|p1a: Hydrapple
|
|-weather|SunnyDay|[upkeep]
|upkeep
|
|t:|1760764581
|switch|p1a: Lokix|Lokix, F|100/100
|turn|19
|
|t:|1760764586
|-terastallize|p2a: Typhlosion|Ground
|move|p1a: Lokix|First Impression|p2a: Typhlosion
|-damage|p2a: Typhlosion|11/100
|move|p2a: Typhlosion|Eruption|p1a: Lokix
|-supereffective|p1a: Lokix
|-damage|p1a: Lokix|36/100
|
|-weather|SunnyDay|[upkeep]
|upkeep
|turn|20
|
|t:|1760764594
|move|p1a: Lokix|First Impression||[still]
|-hint|First Impression only works on your first turn out.
|-fail|p1a: Lokix
|move|p2a: Typhlosion|Eruption|p1a: Lokix
|-supereffective|p1a: Lokix
|-damage|p1a: Lokix|0 fnt
|faint|p1a: Lokix
|
|-weather|SunnyDay|[upkeep]
|upkeep
|
|t:|1760764601
|switch|p1a: Rillaboom|Rillaboom, M|100/100
|-fieldstart|move: Grassy Terrain|[from] ability: Grassy Surge|[of] p1a: Rillaboom
|turn|21
|
|t:|1760764605
|move|p2a: Typhlosion|Eruption|p1a: Rillaboom
|-supereffective|p1a: Rillaboom
|-damage|p1a: Rillaboom|58/100
|move|p1a: Rillaboom|High Horsepower|p2a: Typhlosion
|-damage|p2a: Typhlosion|0 fnt
|faint|p2a: Typhlosion
|
|-weather|none
|-heal|p1a: Rillaboom|64/100|[from] Grassy Terrain
|upkeep
|
|t:|1760764613
|switch|p2a: Torkoal|Torkoal, F|79/100
|-weather|SunnyDay|[from] ability: Drought|[of] p2a: Torkoal
|turn|22
|
|t:|1760764619
|move|p1a: Rillaboom|High Horsepower|p2a: Torkoal
|-supereffective|p2a: Torkoal
|-damage|p2a: Torkoal|6/100
|move|p2a: Torkoal|Overheat|p1a: Rillaboom
|-supereffective|p1a: Rillaboom
|-damage|p1a: Rillaboom|0 fnt
|-unboost|p2a: Torkoal|spa|2
|faint|p1a: Rillaboom
|
|win|petertonetto
|raw|Catlamity's rating: 1291 &rarr; <strong>1262</strong><br />(-29 for losing)
|raw|petertonetto's rating: 1230 &rarr; <strong>1259</strong><br />(+29 for winning)
|c|☆Catlamity|gg
|l|☆Catlamity
|player|p1|
|c|☆petertonetto|you messed up
|l|☆petertonetto
|player|p2|
