|j|☆Noobskillstrongs
|j|☆Sichser
|t:|1760805871
|gametype|singles
|player|p1|Noobskillstrongs|lucian|1132
|player|p2|Sichser|169|1172
|gen|9
|tier|[Gen 9] OU
|rated|
|rule|HP Percentage Mod: HP is shown in percentages
|rule|Endless Battle Clause: Forcing endless battles is banned
|rule|Species Clause: Limit one of each Pokémon
|rule|OHKO Clause: OHKO moves are banned
|rule|Evasion Items Clause: Evasion items are banned
|rule|Evasion Moves Clause: Evasion moves are banned
|rule|Evasion Abilities Clause: Evasion abilities are banned
|rule|Sleep Moves Clause: Sleep-inducing moves are banned
|clearpoke
|poke|p1|Squawkabilly-White, F|
|poke|p1|Thundurus-Therian, M|
|poke|p1|Mandibuzz, F|
|poke|p1|Gyarados, F|
|poke|p1|Volcanion|
|poke|p1|Sneasel-Hisui, M|
|poke|p2|Rotom-Wash|
|poke|p2|Landorus-Therian, M|
|poke|p2|Mimikyu, M|
|poke|p2|Iron Crown|
|poke|p2|Scizor, M|
|poke|p2|Haxorus, M|
|teampreview
|inactive|Battle timer is ON: inactive players will automatically lose when time's up. (requested by Sichser)
|
|t:|1760805880
|teamsize|p1|6
|teamsize|p2|6
|start
|switch|p1a: Thundurus|Thundurus-Therian, M|100/100
|switch|p2a: Rotom|Rotom-Wash|100/100
|turn|1
|
|t:|1760805891
|move|p1a: Thundurus|Volt Switch|p2a: Rotom
|-damage|p2a: Rotom|41/100
|-damage|p1a: Thundurus|91/100|[from] item: Life Orb
|
|t:|1760805896
|switch|p1a: Sneasel|Sneasel-Hisui, M|100/100|[from] Volt Switch
|move|p2a: Rotom|Volt Switch|p1a: Sneasel
|-damage|p1a: Sneasel|24/100
|-damage|p2a: Rotom|31/100|[from] item: Life Orb
|
|t:|1760805908
|switch|p2a: Mimikyu|Mimikyu, M|100/100|[from] Volt Switch
|
|upkeep
|turn|2
|
|t:|1760805914
|move|p2a: Mimikyu|Shadow Sneak|p1a: Sneasel
|-damage|p1a: Sneasel|0 fnt
|faint|p1a: Sneasel
|
|upkeep
|
|t:|1760805917
|switch|p1a: Squawkabilly|Squawkabilly-White, F|100/100
|-ability|p1a: Squawkabilly|Intimidate|boost
|-unboost|p2a: Mimikyu|atk|1
|turn|3
|
|t:|1760805925
|switch|p2a: Rotom|Rotom-Wash|31/100
|move|p1a: Squawkabilly|Parting Shot|p2a: Rotom
|-unboost|p2a: Rotom|atk|1
|-unboost|p2a: Rotom|spa|1
|
|t:|1760805936
|switch|p1a: Thundurus|Thundurus-Therian, M|91/100|[from] Parting Shot
|
|upkeep
|turn|4
|
|t:|1760805941
|switch|p2a: Landorus|Landorus-Therian, M|100/100
|-ability|p2a: Landorus|Intimidate|boost
|-unboost|p1a: Thundurus|atk|1
|move|p1a: Thundurus|Thunderbolt|p2a: Landorus
|-immune|p2a: Landorus
|
|upkeep
|turn|5
|
|t:|1760805949
|-terastallize|p1a: Thundurus|Ice
|move|p1a: Thundurus|Tera Blast|p2a: Landorus|[anim] Tera Blast Ice
|-supereffective|p2a: Landorus
|-damage|p2a: Landorus|0 fnt
|faint|p2a: Landorus
|-damage|p1a: Thundurus|81/100|[from] item: Life Orb
|
|upkeep
|
|t:|1760805957
|switch|p2a: Scizor|Scizor, M|100/100
|turn|6
|
|t:|1760805962
|switch|p1a: Volcanion|Volcanion|100/100
|move|p2a: Scizor|Swords Dance|p2a: Scizor
|-boost|p2a: Scizor|atk|2
|
|upkeep
|turn|7
|
|t:|1760805971
|switch|p2a: Rotom|Rotom-Wash|31/100
|move|p1a: Volcanion|Will-O-Wisp|p2a: Rotom
|-status|p2a: Rotom|brn
|
|-damage|p2a: Rotom|25/100 brn|[from] brn
|upkeep
|turn|8
|
|t:|1760805980
|move|p2a: Rotom|Discharge|p1a: Volcanion
|-supereffective|p1a: Volcanion
|-damage|p1a: Volcanion|0 fnt
|faint|p1a: Volcanion
|-damage|p2a: Rotom|15/100 brn|[from] item: Life Orb
|
|-damage|p2a: Rotom|9/100 brn|[from] brn
|upkeep
|
|t:|1760805985
|switch|p1a: Squawkabilly|Squawkabilly-White, F|100/100
|-ability|p1a: Squawkabilly|Intimidate|boost
|-unboost|p2a: Rotom|atk|1
|turn|9
|
|t:|1760805991
|move|p1a: Squawkabilly|Brave Bird|p2a: Rotom
|-resisted|p2a: Rotom
|-damage|p2a: Rotom|0 fnt
|faint|p2a: Rotom
|-damage|p1a: Squawkabilly|98/100|[from] Recoil
|
|upkeep
|
|t:|1760806004
|switch|p2a: Iron Crown|Iron Crown|100/100
|-enditem|p2a: Iron Crown|Booster Energy
|-activate|p2a: Iron Crown|ability: Quark Drive|[fromitem]
|-start|p2a: Iron Crown|quarkdrivespa
|turn|10
|
|t:|1760806012
|switch|p1a: Mandibuzz|Mandibuzz, F|100/100
|move|p2a: Iron Crown|Psychic|p1a: Mandibuzz
|-immune|p1a: Mandibuzz
|
|upkeep
|turn|11
|
|t:|1760806020
|move|p2a: Iron Crown|Air Slash|p1a: Mandibuzz
|-damage|p1a: Mandibuzz|80/100
|cant|p1a: Mandibuzz|flinch
|
|-heal|p1a: Mandibuzz|87/100|[from] item: Leftovers
|upkeep
|turn|12
|
|t:|1760806028
|move|p2a: Iron Crown|Volt Switch|p1a: Mandibuzz
|-supereffective|p1a: Mandibuzz
|-damage|p1a: Mandibuzz|45/100
|
|t:|1760806036
|-end|p2a: Iron Crown|Quark Drive|[silent]
|switch|p2a: Mimikyu|Mimikyu, M|100/100|[from] Volt Switch
|move|p1a: Mandibuzz|Foul Play|p2a: Mimikyu
|-activate|p2a: Mimikyu|ability: Disguise
|-damage|p2a: Mimikyu|100/100
|detailschange|p2a: Mimikyu|Mimikyu-Busted, M
|-damage|p2a: Mimikyu|88/100|[from] pokemon: Mimikyu-Busted
|
|-heal|p1a: Mandibuzz|51/100|[from] item: Leftovers
|upkeep
|turn|13
|
|t:|1760806048
|move|p2a: Mimikyu|Fling|p1a: Mandibuzz
|-resisted|p1a: Mandibuzz
|-damage|p1a: Mandibuzz|47/100
|-status|p1a: Mandibuzz|par
|-enditem|p2a: Mimikyu|Light Ball|[from] move: Fling
|move|p1a: Mandibuzz|Roost|p1a: Mandibuzz
|-heal|p1a: Mandibuzz|97/100 par
|-singleturn|p1a: Mandibuzz|move: Roost
|
|-heal|p1a: Mandibuzz|100/100 par|[from] item: Leftovers
|upkeep
|turn|14
|
|t:|1760806060
|move|p2a: Mimikyu|Swords Dance|p2a: Mimikyu
|-boost|p2a: Mimikyu|atk|2
|move|p1a: Mandibuzz|Toxic|p2a: Mimikyu|[miss]
|-miss|p1a: Mandibuzz|p2a: Mimikyu
|
|upkeep
|turn|15
|
|t:|1760806068
|switch|p1a: Gyarados|Gyarados, F|100/100
|-ability|p1a: Gyarados|Intimidate|boost
|-unboost|p2a: Mimikyu|atk|1
|move|p2a: Mimikyu|Swords Dance|p2a: Mimikyu
|-boost|p2a: Mimikyu|atk|2
|
|upkeep
|turn|16
|
|t:|1760806080
|move|p2a: Mimikyu|Shadow Sneak|p1a: Gyarados
|-damage|p1a: Gyarados|46/100
|move|p1a: Gyarados|Waterfall|p2a: Mimikyu
|-damage|p2a: Mimikyu|21/100
|
|upkeep
|turn|17
|
|t:|1760806087
|switch|p1a: Squawkabilly|Squawkabilly-White, F|98/100
|-ability|p1a: Squawkabilly|Intimidate|boost
|-unboost|p2a: Mimikyu|atk|1
|move|p2a: Mimikyu|Shadow Sneak|p1a: Squawkabilly
|-immune|p1a: Squawkabilly
|
|upkeep
|turn|18
|
|t:|1760806095
|move|p1a: Squawkabilly|Brave Bird|p2a: Mimikyu
|-damage|p2a: Mimikyu|0 fnt
|faint|p2a: Mimikyu
|-damage|p1a: Squawkabilly|92/100|[from] Recoil
|
|upkeep
|
|t:|1760806104
|switch|p2a: Iron Crown|Iron Crown|100/100
|turn|19
|
|t:|1760806108
|switch|p1a: Thundurus|Thundurus-Therian, M, tera:Ice|81/100
|move|p2a: Iron Crown|Volt Switch|p1a: Thundurus
|-heal|p1a: Thundurus|100/100|[from] ability: Volt Absorb|[of] p2a: Iron Crown
|
|upkeep
|turn|20
|
|t:|1760806116
|move|p1a: Thundurus|Volt Switch|p2a: Iron Crown
|-damage|p2a: Iron Crown|53/100
|-damage|p1a: Thundurus|91/100|[from] item: Life Orb
|
|t:|1760806119
|switch|p1a: Gyarados|Gyarados, F|46/100|[from] Volt Switch
|-ability|p1a: Gyarados|Intimidate|boost
|-unboost|p2a: Iron Crown|atk|1
|move|p2a: Iron Crown|Steel Beam|p1a: Gyarados
|-resisted|p1a: Gyarados
|-crit|p1a: Gyarados
|-damage|p1a: Gyarados|16/100
|-damage|p2a: Iron Crown|3/100|[from] steelbeam
|
|upkeep
|turn|21
|
|t:|1760806130
|switch|p1a: Thundurus|Thundurus-Therian, M, tera:Ice|91/100
|move|p2a: Iron Crown|Volt Switch|p1a: Thundurus
|-heal|p1a: Thundurus|100/100|[from] ability: Volt Absorb|[of] p2a: Iron Crown
|
|upkeep
|turn|22
|
|t:|1760806138
|move|p1a: Thundurus|Thunderbolt|p2a: Iron Crown
|-damage|p2a: Iron Crown|0 fnt
|faint|p2a: Iron Crown
|-end|p2a: Iron Crown|Quark Drive|[silent]
|-damage|p1a: Thundurus|91/100|[from] item: Life Orb
|
|upkeep
|
|t:|1760806145
|switch|p2a: Scizor|Scizor, M|100/100
|turn|23
|
|t:|1760806150
|switch|p1a: Squawkabilly|Squawkabilly-White, F|92/100
|-ability|p1a: Squawkabilly|Intimidate|boost
|-unboost|p2a: Scizor|atk|1
|move|p2a: Scizor|Bullet Punch|p1a: Squawkabilly
|-damage|p1a: Squawkabilly|38/100
|
|upkeep
|turn|24
|
|t:|1760806158
|switch|p1a: Gyarados|Gyarados, F|16/100
|-ability|p1a: Gyarados|Intimidate|boost
|-unboost|p2a: Scizor|atk|1
|move|p2a: Scizor|Swords Dance|p2a: Scizor
|-boost|p2a: Scizor|atk|2
|
|upkeep
|turn|25
|
|t:|1760806166
|move|p1a: Gyarados|Waterfall|p2a: Scizor
|-damage|p2a: Scizor|61/100
|move|p2a: Scizor|Swords Dance|p2a: Scizor
|-boost|p2a: Scizor|atk|2
|
|upkeep
|turn|26
|
|t:|1760806173
|move|p2a: Scizor|Bullet Punch|p1a: Gyarados
|-resisted|p1a: Gyarados
|-damage|p1a: Gyarados|0 fnt
|faint|p1a: Gyarados
|
|upkeep
|
|t:|1760806175
|switch|p1a: Mandibuzz|Mandibuzz, F|100/100 par
|turn|27
|
|t:|1760806183
|move|p2a: Scizor|Bullet Punch|p1a: Mandibuzz
|-damage|p1a: Mandibuzz|40/100 par
|move|p1a: Mandibuzz|Foul Play|p2a: Scizor
|-damage|p2a: Scizor|0 fnt
|faint|p2a: Scizor
|
|-heal|p1a: Mandibuzz|46/100 par|[from] item: Leftovers
|upkeep
|
|t:|1760806193
|switch|p2a: Haxorus|Haxorus, M|100/100
|-ability|p2a: Haxorus|Mold Breaker
|turn|28
|
|t:|1760806199
|move|p2a: Haxorus|Dragon Dance|p2a: Haxorus
|-boost|p2a: Haxorus|atk|1
|-boost|p2a: Haxorus|spe|1
|move|p1a: Mandibuzz|Foul Play|p2a: Haxorus
|-damage|p2a: Haxorus|0 fnt
|faint|p2a: Haxorus
|
|win|Noobskillstrongs
|raw|Noobskillstrongs's rating: 1132 &rarr; <strong>1160</strong><br />(+28 for winning)
|raw|Sichser's rating: 1172 &rarr; <strong>1144</strong><br />(-28 for losing)
|l|☆Noobskillstrongs
|player|p1|
|l|☆Sichser
|player|p2|
