|j|☆Rabzzz
|j|☆cr aries
|t:|1760800079
|gametype|singles
|player|p1|Rabzzz|#mwpvimurkrows|1740
|player|p2|cr aries|1|1718
|gen|9
|tier|[Gen 9] OU
|rated|
|rule|HP Percentage Mod: HP is shown in percentages
|rule|Endless Battle Clause: Forcing endless battles is banned
|rule|Species Clause: Limit one of each Pokémon
|rule|OHKO Clause: OHKO moves are banned
|rule|Evasion Items Clause: Evasion items are banned
|rule|Evasion Moves Clause: Evasion moves are banned
|rule|Evasion Abilities Clause: Evasion abilities are banned
|rule|Sleep Moves Clause: Sleep-inducing moves are banned
|clearpoke
|poke|p1|Iron Boulder|
|poke|p1|Ting-Lu|
|poke|p1|Great Tusk|
|poke|p1|Enamorus, F|
|poke|p1|Gholdengo|
|poke|p1|Rotom-Wash|
|poke|p2|Weavile, M|
|poke|p2|Gholdengo|
|poke|p2|Slowking-Galar, M|
|poke|p2|Corviknight, F|
|poke|p2|Sandy Shocks|
|poke|p2|Heatran, M|
|teampreview
|
|t:|1760800098
|teamsize|p1|6
|teamsize|p2|6
|start
|switch|p1a: Ting-Lu|Ting-Lu|100/100
|switch|p2a: Weavile|Weavile, M|100/100
|-ability|p1a: Ting-Lu|Vessel of Ruin
|turn|1
|
|t:|1760800106
|switch|p1a: Rotom|Rotom-Wash|100/100
|move|p2a: Weavile|Triple Axel|p1a: Rotom
|-resisted|p1a: Rotom
|-damage|p1a: Rotom|97/100
|-damage|p2a: Weavile|84/100|[from] item: Rocky Helmet|[of] p1a: Rotom
|-resisted|p1a: Rotom
|-damage|p1a: Rotom|89/100
|-damage|p2a: Weavile|68/100|[from] item: Rocky Helmet|[of] p1a: Rotom
|-resisted|p1a: Rotom
|-damage|p1a: Rotom|78/100
|-damage|p2a: Weavile|51/100|[from] item: Rocky Helmet|[of] p1a: Rotom
|-hitcount|p1a: Rotom|3
|
|upkeep
|turn|2
|
|t:|1760800114
|switch|p2a: Slowking|Slowking-Galar, M|100/100
|move|p1a: Rotom|Volt Switch|p2a: Slowking
|-damage|p2a: Slowking|85/100
|
|t:|1760800122
|switch|p1a: Great Tusk|Great Tusk|100/100|[from] Volt Switch
|
|upkeep
|turn|3
|
|t:|1760800148
|switch|p2a: Corviknight|Corviknight, F|100/100
|-ability|p2a: Corviknight|Pressure
|move|p1a: Great Tusk|Knock Off|p2a: Corviknight
|-damage|p2a: Corviknight|81/100
|-damage|p1a: Great Tusk|84/100|[from] item: Rocky Helmet|[of] p2a: Corviknight
|-enditem|p2a: Corviknight|Rocky Helmet|[from] move: Knock Off|[of] p1a: Great Tusk
|
|upkeep
|turn|4
|
|t:|1760800151
|move|p1a: Great Tusk|Stealth Rock|p2a: Corviknight
|-sidestart|p2: cr aries|move: Stealth Rock
|move|p2a: Corviknight|Brave Bird|p1a: Great Tusk
|-supereffective|p1a: Great Tusk
|-damage|p1a: Great Tusk|29/100
|-damage|p2a: Corviknight|64/100|[from] Recoil
|
|upkeep
|turn|5
|
|t:|1760800159
|-end|p1a: Great Tusk|Protosynthesis|[silent]
|switch|p1a: Gholdengo|Gholdengo|100/100
|move|p2a: Corviknight|Roost|p2a: Corviknight
|-heal|p2a: Corviknight|100/100
|-singleturn|p2a: Corviknight|move: Roost
|
|upkeep
|turn|6
|
|t:|1760800166
|switch|p2a: Slowking|Slowking-Galar, M|100/100
|move|p1a: Gholdengo|Thunder Wave|p2a: Slowking
|-status|p2a: Slowking|par
|
|upkeep
|turn|7
|
|t:|1760800170
|move|p1a: Gholdengo|Hex|p2a: Slowking
|-supereffective|p2a: Slowking
|-damage|p2a: Slowking|29/100 par
|move|p2a: Slowking|Toxic Spikes|p1a: Gholdengo
|-sidestart|p1: Rabzzz|move: Toxic Spikes
|
|upkeep
|turn|8
|
|t:|1760800184
|switch|p2a: Heatran|Heatran, M|100/100
|-damage|p2a: Heatran|88/100|[from] Stealth Rock
|move|p1a: Gholdengo|Hex|p2a: Heatran
|-damage|p2a: Heatran|66/100
|
|-heal|p2a: Heatran|72/100|[from] item: Leftovers
|upkeep
|turn|9
|
|t:|1760800209
|switch|p1a: Rotom|Rotom-Wash|78/100
|move|p2a: Heatran|Magma Storm|p1a: Rotom
|-resisted|p1a: Rotom
|-damage|p1a: Rotom|54/100
|-activate|p1a: Rotom|move: Magma Storm|[of] p2a: Heatran
|
|-heal|p2a: Heatran|78/100|[from] item: Leftovers
|-damage|p1a: Rotom|42/100|[from] move: Magma Storm|[partiallytrapped]
|upkeep
|turn|10
|
|t:|1760800221
|move|p2a: Heatran|Protect|p2a: Heatran
|-singleturn|p2a: Heatran|Protect
|move|p1a: Rotom|Hydro Pump|p2a: Heatran
|-activate|p2a: Heatran|move: Protect
|
|-heal|p2a: Heatran|84/100|[from] item: Leftovers
|-damage|p1a: Rotom|30/100|[from] move: Magma Storm|[partiallytrapped]
|upkeep
|turn|11
|
|t:|1760800237
|move|p1a: Rotom|Volt Switch|p2a: Heatran
|-crit|p2a: Heatran
|-damage|p2a: Heatran|54/100
|
|t:|1760800242
|switch|p1a: Enamorus|Enamorus, F|100/100|[from] Volt Switch
|move|p2a: Heatran|Magma Storm|p1a: Enamorus
|-damage|p1a: Enamorus|42/100
|-activate|p1a: Enamorus|move: Magma Storm|[of] p2a: Heatran
|
|-heal|p2a: Heatran|60/100|[from] item: Leftovers
|-damage|p1a: Enamorus|30/100|[from] move: Magma Storm|[partiallytrapped]
|upkeep
|turn|12
|
|t:|1760800247
|move|p2a: Heatran|Protect|p2a: Heatran
|-singleturn|p2a: Heatran|Protect
|move|p1a: Enamorus|Earth Power|p2a: Heatran
|-activate|p2a: Heatran|move: Protect
|
|-heal|p2a: Heatran|66/100|[from] item: Leftovers
|-damage|p1a: Enamorus|17/100|[from] move: Magma Storm|[partiallytrapped]
|upkeep
|turn|13
|
|t:|1760800251
|switch|p2a: Corviknight|Corviknight, F|100/100
|-damage|p2a: Corviknight|88/100|[from] Stealth Rock
|-ability|p2a: Corviknight|Pressure
|move|p1a: Enamorus|Earth Power|p2a: Corviknight
|-immune|p2a: Corviknight
|
|-end|p1a: Enamorus|Magma Storm|[partiallytrapped]|[silent]
|upkeep
|turn|14
|
|t:|1760800258
|switch|p1a: Rotom|Rotom-Wash|30/100
|move|p2a: Corviknight|U-turn|p1a: Rotom
|-damage|p1a: Rotom|18/100
|-damage|p2a: Corviknight|72/100|[from] item: Rocky Helmet|[of] p1a: Rotom
|
|t:|1760800261
|switch|p2a: Weavile|Weavile, M|51/100|[from] U-turn
|
|upkeep
|turn|15
|
|t:|1760800270
|move|p2a: Weavile|Knock Off|p1a: Rotom
|-damage|p1a: Rotom|0 fnt
|-damage|p2a: Weavile|35/100|[from] item: Rocky Helmet|[of] p1a: Rotom
|-enditem|p1a: Rotom|Rocky Helmet|[from] move: Knock Off|[of] p2a: Weavile
|faint|p1a: Rotom
|
|upkeep
|
|t:|1760800280
|switch|p1a: Gholdengo|Gholdengo|100/100
|turn|16
|
|t:|1760800323
|move|p2a: Weavile|Knock Off|p1a: Gholdengo
|-supereffective|p1a: Gholdengo
|-damage|p1a: Gholdengo|35/100
|-enditem|p1a: Gholdengo|Leftovers|[from] move: Knock Off|[of] p2a: Weavile
|move|p1a: Gholdengo|Thunder Wave|p2a: Weavile
|-status|p2a: Weavile|par
|
|upkeep
|turn|17
|
|t:|1760800341
|switch|p2a: Slowking|Slowking-Galar, M|62/100 par
|move|p1a: Gholdengo|Recover|p1a: Gholdengo
|-heal|p1a: Gholdengo|85/100
|
|upkeep
|turn|18
|
|t:|1760800348
|move|p1a: Gholdengo|Thunder Wave|p2a: Slowking
|-fail|p2a: Slowking|par
|-prepare|p2a: Slowking|Chilly Reception|[premajor]
|move|p2a: Slowking|Chilly Reception|p2a: Slowking
|-weather|Snowscape
|
|t:|1760800350
|switch|p2a: Heatran|Heatran, M|66/100|[from] Chilly Reception
|-damage|p2a: Heatran|54/100|[from] Stealth Rock
|
|-weather|Snowscape|[upkeep]
|-heal|p2a: Heatran|60/100|[from] item: Leftovers
|upkeep
|turn|19
|
|t:|1760800356
|switch|p1a: Enamorus|Enamorus, F|17/100
|move|p2a: Heatran|Stealth Rock|p1a: Enamorus
|-sidestart|p1: Rabzzz|move: Stealth Rock
|
|-weather|Snowscape|[upkeep]
|-heal|p2a: Heatran|66/100|[from] item: Leftovers
|upkeep
|turn|20
|
|t:|1760800361
|move|p2a: Heatran|Protect|p2a: Heatran
|-singleturn|p2a: Heatran|Protect
|move|p1a: Enamorus|Earth Power|p2a: Heatran
|-activate|p2a: Heatran|move: Protect
|
|-weather|Snowscape|[upkeep]
|-heal|p2a: Heatran|73/100|[from] item: Leftovers
|upkeep
|turn|21
|
|t:|1760800367
|switch|p1a: Gholdengo|Gholdengo|85/100
|-damage|p1a: Gholdengo|79/100|[from] Stealth Rock
|switch|p2a: Gholdengo|Gholdengo|100/100
|-damage|p2a: Gholdengo|94/100|[from] Stealth Rock
|
|-weather|Snowscape|[upkeep]
|upkeep
|turn|22
|
|t:|1760800375
|move|p1a: Gholdengo|Hex|p2a: Gholdengo
|-supereffective|p2a: Gholdengo
|-damage|p2a: Gholdengo|34/100
|move|p2a: Gholdengo|Shadow Ball|p1a: Gholdengo
|-supereffective|p1a: Gholdengo
|-damage|p1a: Gholdengo|8/100
|
|-weather|none
|upkeep
|turn|23
|
|t:|1760800389
|move|p1a: Gholdengo|Hex|p2a: Gholdengo
|-supereffective|p2a: Gholdengo
|-damage|p2a: Gholdengo|0 fnt
|faint|p2a: Gholdengo
|
|upkeep
|
|t:|1760800391
|switch|p2a: Heatran|Heatran, M|73/100
|-damage|p2a: Heatran|60/100|[from] Stealth Rock
|turn|24
|
|t:|1760800403
|move|p1a: Gholdengo|Recover|p1a: Gholdengo
|-heal|p1a: Gholdengo|58/100
|move|p2a: Heatran|Magma Storm|p1a: Gholdengo|[miss]
|-miss|p2a: Heatran|p1a: Gholdengo
|
|-heal|p2a: Heatran|66/100|[from] item: Leftovers
|upkeep
|turn|25
|
|t:|1760800430
|switch|p1a: Enamorus|Enamorus, F|17/100
|-damage|p1a: Enamorus|0 fnt|[from] Stealth Rock
|faint|p1a: Enamorus
|move|p2a: Heatran|Magma Storm|p1: Enamorus|[notarget]
|-fail|p2a: Heatran
|
|-heal|p2a: Heatran|73/100|[from] item: Leftovers
|upkeep
|
|t:|1760800432
|switch|p1a: Great Tusk|Great Tusk|29/100
|turn|26
|
|t:|1760800462
|move|p2a: Heatran|Protect|p2a: Heatran
|-singleturn|p2a: Heatran|Protect
|move|p1a: Great Tusk|Rapid Spin|p2a: Heatran
|-activate|p2a: Heatran|move: Protect
|
|-heal|p2a: Heatran|79/100|[from] item: Leftovers
|upkeep
|turn|27
|
|t:|1760800468
|switch|p2a: Corviknight|Corviknight, F|72/100
|-damage|p2a: Corviknight|59/100|[from] Stealth Rock
|-ability|p2a: Corviknight|Pressure
|move|p1a: Great Tusk|Rapid Spin|p2a: Corviknight
|-resisted|p2a: Corviknight
|-damage|p2a: Corviknight|55/100
|-boost|p1a: Great Tusk|spe|1
|-sideend|p1: Rabzzz|Toxic Spikes|[from] move: Rapid Spin|[of] p1a: Great Tusk
|-sideend|p1: Rabzzz|Stealth Rock|[from] move: Rapid Spin|[of] p1a: Great Tusk
|
|upkeep
|turn|28
|
|t:|1760800472
|-end|p1a: Great Tusk|Protosynthesis|[silent]
|switch|p1a: Gholdengo|Gholdengo|58/100
|move|p2a: Corviknight|Roost|p2a: Corviknight
|-heal|p2a: Corviknight|100/100
|-singleturn|p2a: Corviknight|move: Roost
|
|upkeep
|turn|29
|
|t:|1760800483
|move|p1a: Gholdengo|Recover|p1a: Gholdengo
|-heal|p1a: Gholdengo|100/100
|move|p2a: Corviknight|U-turn|p1a: Gholdengo
|-resisted|p1a: Gholdengo
|-damage|p1a: Gholdengo|98/100
|
|t:|1760800485
|switch|p2a: Heatran|Heatran, M|79/100|[from] U-turn
|-damage|p2a: Heatran|66/100|[from] Stealth Rock
|
|-heal|p2a: Heatran|73/100|[from] item: Leftovers
|upkeep
|turn|30
|
|t:|1760800494
|switch|p1a: Ting-Lu|Ting-Lu|100/100
|-ability|p1a: Ting-Lu|Vessel of Ruin
|switch|p2a: Slowking|Slowking-Galar, M|95/100 par
|
|upkeep
|turn|31
|
|t:|1760800505
|move|p1a: Ting-Lu|Earthquake|p2a: Slowking
|-supereffective|p2a: Slowking
|-damage|p2a: Slowking|16/100 par
|move|p2a: Slowking|Toxic Spikes|p1a: Ting-Lu
|-sidestart|p1: Rabzzz|move: Toxic Spikes
|
|upkeep
|turn|32
|
|t:|1760800511
|switch|p2a: Corviknight|Corviknight, F|100/100
|-damage|p2a: Corviknight|88/100|[from] Stealth Rock
|-ability|p2a: Corviknight|Pressure
|move|p1a: Ting-Lu|Spikes|p2a: Corviknight
|-sidestart|p2: cr aries|Spikes
|
|upkeep
|turn|33
|
|t:|1760800517
|move|p2a: Corviknight|U-turn|p1a: Ting-Lu
|-supereffective|p1a: Ting-Lu
|-damage|p1a: Ting-Lu|84/100
|
|t:|1760800520
|switch|p2a: Weavile|Weavile, M|35/100 par|[from] U-turn
|move|p1a: Ting-Lu|Ruination|p2a: Weavile
|-damage|p2a: Weavile|18/100 par
|
|-heal|p1a: Ting-Lu|90/100|[from] item: Leftovers
|upkeep
|turn|34
|
|t:|1760800528
|switch|p1a: Gholdengo|Gholdengo|98/100
|move|p2a: Weavile|Knock Off|p1a: Gholdengo
|-supereffective|p1a: Gholdengo
|-damage|p1a: Gholdengo|55/100
|
|upkeep
|turn|35
|
|t:|1760800539
|move|p1a: Gholdengo|Recover|p1a: Gholdengo
|-heal|p1a: Gholdengo|100/100
|move|p2a: Weavile|Knock Off|p1a: Gholdengo
|-supereffective|p1a: Gholdengo
|-damage|p1a: Gholdengo|56/100
|
|upkeep
|turn|36
|
|t:|1760800543
|move|p1a: Gholdengo|Hex|p2a: Weavile
|-resisted|p2a: Weavile
|-damage|p2a: Weavile|0 fnt
|faint|p2a: Weavile
|
|upkeep
|
|t:|1760800548
|switch|p2a: Heatran|Heatran, M|73/100
|-damage|p2a: Heatran|60/100|[from] Stealth Rock
|-damage|p2a: Heatran|48/100|[from] Spikes
|turn|37
|inactive|Battle timer is ON: inactive players will automatically lose when time's up. (requested by cr aries)
|
|t:|1760800560
|move|p1a: Gholdengo|Thunder Wave|p2a: Heatran
|-status|p2a: Heatran|par
|move|p2a: Heatran|Magma Storm|p1a: Gholdengo|[miss]
|-miss|p2a: Heatran|p1a: Gholdengo
|
|-heal|p2a: Heatran|54/100 par|[from] item: Leftovers
|upkeep
|turn|38
|
|t:|1760800566
|move|p1a: Gholdengo|Hex|p2a: Heatran
|-damage|p2a: Heatran|5/100 par
|cant|p2a: Heatran|par
|
|-heal|p2a: Heatran|12/100 par|[from] item: Leftovers
|upkeep
|turn|39
|c|☆cr aries|waouh
|c|☆cr aries|gg
|c|☆cr aries|too strong
|
|t:|1760800599
|move|p1a: Gholdengo|Thunder Wave|p2a: Heatran
|-fail|p2a: Heatran|par
|cant|p2a: Heatran|par
|
|-heal|p2a: Heatran|18/100 par|[from] item: Leftovers
|upkeep
|turn|40
|
|t:|1760800606
|move|p1a: Gholdengo|Thunder Wave|p2a: Heatran
|-fail|p2a: Heatran|par
|move|p2a: Heatran|Magma Storm|p1a: Gholdengo
|-supereffective|p1a: Gholdengo
|-damage|p1a: Gholdengo|0 fnt
|faint|p1a: Gholdengo
|
|-heal|p2a: Heatran|24/100 par|[from] item: Leftovers
|upkeep
|
|t:|1760800609
|switch|p1a: Great Tusk|Great Tusk|29/100
|turn|41
|
|t:|1760800612
|move|p1a: Great Tusk|Rapid Spin|p2a: Heatran
|-resisted|p2a: Heatran
|-damage|p2a: Heatran|19/100 par
|-boost|p1a: Great Tusk|spe|1
|-sideend|p1: Rabzzz|Toxic Spikes|[from] move: Rapid Spin|[of] p1a: Great Tusk
|cant|p2a: Heatran|par
|
|-heal|p2a: Heatran|25/100 par|[from] item: Leftovers
|upkeep
|turn|42
|
|t:|1760800625
|move|p1a: Great Tusk|Headlong Rush|p2a: Heatran
|-supereffective|p2a: Heatran
|-damage|p2a: Heatran|0 fnt
|-unboost|p1a: Great Tusk|def|1
|-unboost|p1a: Great Tusk|spd|1
|faint|p2a: Heatran
|
|upkeep
|
|t:|1760800627
|switch|p2a: Corviknight|Corviknight, F|88/100
|-damage|p2a: Corviknight|76/100|[from] Stealth Rock
|-ability|p2a: Corviknight|Pressure
|turn|43
|
|t:|1760800634
|-end|p1a: Great Tusk|Protosynthesis|[silent]
|switch|p1a: Iron Boulder|Iron Boulder|100/100
|-enditem|p1a: Iron Boulder|Booster Energy
|-activate|p1a: Iron Boulder|ability: Quark Drive|[fromitem]
|-start|p1a: Iron Boulder|quarkdrivespe
|move|p2a: Corviknight|Defog|p1a: Iron Boulder
|-unboost|p1a: Iron Boulder|evasion|1
|-sideend|p2: cr aries|Spikes|[from] move: Defog|[of] p2a: Corviknight
|-sideend|p2: cr aries|Stealth Rock|[from] move: Defog|[of] p2a: Corviknight
|
|upkeep
|turn|44
|
|t:|1760800642
|move|p1a: Iron Boulder|Swords Dance|p1a: Iron Boulder
|-boost|p1a: Iron Boulder|atk|2
|move|p2a: Corviknight|U-turn|p1a: Iron Boulder
|-supereffective|p1a: Iron Boulder
|-damage|p1a: Iron Boulder|66/100
|
|t:|1760800650
|switch|p2a: Sandy Shocks|Sandy Shocks|100/100|[from] U-turn
|-enditem|p2a: Sandy Shocks|Booster Energy
|-activate|p2a: Sandy Shocks|ability: Protosynthesis|[fromitem]
|-start|p2a: Sandy Shocks|protosynthesisspe
|
|upkeep
|turn|45
|
|t:|1760800656
|move|p1a: Iron Boulder|Substitute|p1a: Iron Boulder
|-start|p1a: Iron Boulder|Substitute
|-damage|p1a: Iron Boulder|41/100
|move|p2a: Sandy Shocks|Earth Power|p1a: Iron Boulder
|-supereffective|p1a: Iron Boulder
|-end|p1a: Iron Boulder|Substitute
|
|upkeep
|turn|46
|
|t:|1760800662
|move|p1a: Iron Boulder|Earthquake|p2a: Sandy Shocks
|-supereffective|p2a: Sandy Shocks
|-damage|p2a: Sandy Shocks|0 fnt
|faint|p2a: Sandy Shocks
|-end|p2a: Sandy Shocks|Protosynthesis|[silent]
|
|upkeep
|
|t:|1760800665
|switch|p2a: Corviknight|Corviknight, F|76/100
|-ability|p2a: Corviknight|Pressure
|turn|47
|c|☆cr aries|gg
|-message|cr aries forfeited.
|
|win|Rabzzz
|raw|Rabzzz's rating: 1740 &rarr; <strong>1759</strong><br />(+19 for winning)
|raw|cr aries's rating: 1718 &rarr; <strong>1699</strong><br />(-19 for losing)
|l|☆cr aries
|player|p2|
|c|☆Rabzzz|gg
|l|☆Rabzzz
|player|p1|
