|j|☆A Welcome Guest
|j|☆vghhjg
|t:|1760811629
|gametype|singles
|player|p1|A Welcome Guest|n|1813
|player|p2|vghhjg|1|1716
|gen|9
|tier|[Gen 9] OU
|rated|
|rule|HP Percentage Mod: HP is shown in percentages
|rule|Endless Battle Clause: Forcing endless battles is banned
|rule|Species Clause: Limit one of each Pokémon
|rule|OHKO Clause: OHKO moves are banned
|rule|Evasion Items Clause: Evasion items are banned
|rule|Evasion Moves Clause: Evasion moves are banned
|rule|Evasion Abilities Clause: Evasion abilities are banned
|rule|Sleep Moves Clause: Sleep-inducing moves are banned
|clearpoke
|poke|p1|Rotom-Heat|
|poke|p1|Blissey, F|
|poke|p1|Clodsire, M|
|poke|p1|Clefable, F|
|poke|p1|Skarmory, M|
|poke|p1|Hydrapple, M|
|poke|p2|Ribombee, F|
|poke|p2|Gholdengo|
|poke|p2|Dragonite, F|
|poke|p2|Great Tusk|
|poke|p2|Kingambit, F|
|poke|p2|Comfey, M|
|teampreview
|
|t:|1760811666
|teamsize|p1|6
|teamsize|p2|6
|start
|switch|p1a: Blissey|Blissey, F|100/100
|switch|p2a: Ribombee|Ribombee, F|100/100
|turn|1
|j| Capitaine Tenace
|
|t:|1760811726
|move|p2a: Ribombee|Sticky Web|p1a: Blissey
|-sidestart|p1: A Welcome Guest|move: Sticky Web
|move|p1a: Blissey|Seismic Toss|p2a: Ribombee
|-damage|p2a: Ribombee|70/100
|
|upkeep
|turn|2
|j| St.Peewee
|
|t:|1760811743
|switch|p1a: Rotom|Rotom-Heat|100/100
|move|p2a: Ribombee|Stun Spore|p1a: Rotom|[miss]
|-miss|p2a: Ribombee|p1a: Rotom
|
|upkeep
|turn|3
|
|t:|1760811747
|move|p2a: Ribombee|Skill Swap|p1a: Rotom
|-activate|p2a: Ribombee|move: Skill Swap|Levitate|Shield Dust|[of] p1a: Rotom
|move|p1a: Rotom|Volt Switch|p2a: Ribombee
|-damage|p2a: Ribombee|35/100
|
|t:|1760811757
|switch|p1a: Blissey|Blissey, F|100/100|[from] Volt Switch
|
|upkeep
|turn|4
|
|t:|1760811781
|switch|p2a: Great Tusk|Great Tusk|100/100
|move|p1a: Blissey|Seismic Toss|p2a: Great Tusk
|-damage|p2a: Great Tusk|74/100
|
|upkeep
|turn|5
|
|t:|1760811796
|switch|p1a: Rotom|Rotom-Heat|100/100
|move|p2a: Great Tusk|Stealth Rock|p1a: Rotom
|-sidestart|p1: A Welcome Guest|move: Stealth Rock
|
|upkeep
|turn|6
|
|t:|1760811832
|-end|p2a: Great Tusk|Protosynthesis|[silent]
|switch|p2a: Ribombee|Ribombee, F|35/100
|move|p1a: Rotom|Will-O-Wisp|p2a: Ribombee
|-status|p2a: Ribombee|brn
|
|-damage|p2a: Ribombee|29/100 brn|[from] brn
|upkeep
|turn|7
|
|t:|1760811866
|switch|p1a: Blissey|Blissey, F|100/100
|move|p2a: Ribombee|Psychic Noise|p1a: Blissey
|-damage|p1a: Blissey|95/100
|-start|p1a: Blissey|move: Heal Block
|
|-damage|p2a: Ribombee|23/100 brn|[from] brn
|upkeep
|turn|8
|l| St.Peewee
|
|t:|1760811905
|move|p2a: Ribombee|Psychic Noise|p1a: Blissey
|-damage|p1a: Blissey|90/100
|move|p1a: Blissey|Seismic Toss|p2a: Ribombee
|-damage|p2a: Ribombee|0 fnt
|faint|p2a: Ribombee
|
|-end|p1a: Blissey|move: Heal Block
|upkeep
|
|t:|1760811912
|switch|p2a: Great Tusk|Great Tusk|74/100
|turn|9
|
|t:|1760811916
|switch|p1a: Rotom|Rotom-Heat|100/100
|move|p2a: Great Tusk|Knock Off|p1a: Rotom
|-damage|p1a: Rotom|75/100
|-enditem|p1a: Rotom|Heavy-Duty Boots|[from] move: Knock Off|[of] p2a: Great Tusk
|
|upkeep
|turn|10
|
|t:|1760811925
|-end|p2a: Great Tusk|Protosynthesis|[silent]
|switch|p2a: Comfey|Comfey, M|100/100
|move|p1a: Rotom|Will-O-Wisp|p2a: Comfey
|-status|p2a: Comfey|brn
|
|-damage|p2a: Comfey|94/100 brn|[from] brn
|upkeep
|turn|11
|
|t:|1760811928
|move|p2a: Comfey|Calm Mind|p2a: Comfey
|-boost|p2a: Comfey|spa|1
|-boost|p2a: Comfey|spd|1
|move|p1a: Rotom|Volt Switch|p2a: Comfey
|-damage|p2a: Comfey|77/100 brn
|
|t:|1760811932
|switch|p1a: Clodsire|Clodsire, M|100/100|[from] Volt Switch
|
|-damage|p2a: Comfey|70/100 brn|[from] brn
|upkeep
|turn|12
|
|t:|1760811936
|switch|p2a: Gholdengo|Gholdengo|100/100
|-item|p2a: Gholdengo|Air Balloon
|move|p1a: Clodsire|Earthquake|p2a: Gholdengo
|-immune|p2a: Gholdengo
|
|upkeep
|turn|13
|j| 3idk
|
|t:|1760811983
|move|p2a: Gholdengo|Nasty Plot|p2a: Gholdengo
|-boost|p2a: Gholdengo|spa|2
|move|p1a: Clodsire|Amnesia|p1a: Clodsire
|-boost|p1a: Clodsire|spd|2
|
|upkeep
|turn|14
|
|t:|1760811990
|move|p2a: Gholdengo|Psyshock|p1a: Clodsire
|-supereffective|p1a: Clodsire
|-damage|p1a: Clodsire|35/100
|move|p1a: Clodsire|Amnesia|p1a: Clodsire
|-boost|p1a: Clodsire|spd|2
|
|upkeep
|turn|15
|
|t:|1760811995
|-terastallize|p1a: Clodsire|Dark
|move|p2a: Gholdengo|Psyshock|p1a: Clodsire
|-immune|p1a: Clodsire
|move|p1a: Clodsire|Recover|p1a: Clodsire
|-heal|p1a: Clodsire|85/100
|
|upkeep
|turn|16
|
|t:|1760812002
|move|p2a: Gholdengo|Dazzling Gleam|p1a: Clodsire
|-supereffective|p1a: Clodsire
|-damage|p1a: Clodsire|75/100
|move|p1a: Clodsire|Amnesia|p1a: Clodsire
|-boost|p1a: Clodsire|spd|2
|
|upkeep
|turn|17
|
|t:|1760812007
|move|p2a: Gholdengo|Nasty Plot|p2a: Gholdengo
|-boost|p2a: Gholdengo|spa|2
|move|p1a: Clodsire|Toxic|p2a: Gholdengo
|-immune|p2a: Gholdengo|[from] ability: Good as Gold
|
|upkeep
|turn|18
|
|t:|1760812020
|move|p2a: Gholdengo|Nasty Plot|p2a: Gholdengo
|-boost|p2a: Gholdengo|spa|2
|move|p1a: Clodsire|Toxic|p2a: Gholdengo
|-immune|p2a: Gholdengo|[from] ability: Good as Gold
|
|upkeep
|turn|19
|
|t:|1760812026
|move|p2a: Gholdengo|Nasty Plot|p2a: Gholdengo
|-boost|p2a: Gholdengo|spa|0
|move|p1a: Clodsire|Amnesia|p1a: Clodsire
|-boost|p1a: Clodsire|spd|0
|
|upkeep
|turn|20
|
|t:|1760812029
|move|p2a: Gholdengo|Nasty Plot|p2a: Gholdengo
|-boost|p2a: Gholdengo|spa|0
|move|p1a: Clodsire|Amnesia|p1a: Clodsire
|-boost|p1a: Clodsire|spd|0
|
|upkeep
|turn|21
|
|t:|1760812031
|move|p2a: Gholdengo|Nasty Plot|p2a: Gholdengo
|-boost|p2a: Gholdengo|spa|0
|move|p1a: Clodsire|Toxic|p2a: Gholdengo
|-immune|p2a: Gholdengo|[from] ability: Good as Gold
|
|upkeep
|turn|22
|
|t:|1760812034
|move|p2a: Gholdengo|Nasty Plot|p2a: Gholdengo
|-boost|p2a: Gholdengo|spa|0
|move|p1a: Clodsire|Toxic|p2a: Gholdengo
|-immune|p2a: Gholdengo|[from] ability: Good as Gold
|
|upkeep
|turn|23
|
|t:|1760812036
|move|p2a: Gholdengo|Nasty Plot|p2a: Gholdengo
|-boost|p2a: Gholdengo|spa|0
|move|p1a: Clodsire|Amnesia|p1a: Clodsire
|-boost|p1a: Clodsire|spd|0
|
|upkeep
|turn|24
|j| randi papa
|
|t:|1760812039
|move|p2a: Gholdengo|Nasty Plot|p2a: Gholdengo
|-boost|p2a: Gholdengo|spa|0
|move|p1a: Clodsire|Amnesia|p1a: Clodsire
|-boost|p1a: Clodsire|spd|0
|
|upkeep
|turn|25
|
|t:|1760812041
|move|p2a: Gholdengo|Nasty Plot|p2a: Gholdengo
|-boost|p2a: Gholdengo|spa|0
|move|p1a: Clodsire|Amnesia|p1a: Clodsire
|-boost|p1a: Clodsire|spd|0
|
|upkeep
|turn|26
|
|t:|1760812044
|move|p2a: Gholdengo|Nasty Plot|p2a: Gholdengo
|-boost|p2a: Gholdengo|spa|0
|move|p1a: Clodsire|Amnesia|p1a: Clodsire
|-boost|p1a: Clodsire|spd|0
|
|upkeep
|turn|27
|
|t:|1760812046
|move|p2a: Gholdengo|Nasty Plot|p2a: Gholdengo
|-boost|p2a: Gholdengo|spa|0
|move|p1a: Clodsire|Amnesia|p1a: Clodsire
|-boost|p1a: Clodsire|spd|0
|
|upkeep
|turn|28
|
|t:|1760812048
|move|p2a: Gholdengo|Nasty Plot|p2a: Gholdengo
|-boost|p2a: Gholdengo|spa|0
|move|p1a: Clodsire|Amnesia|p1a: Clodsire
|-boost|p1a: Clodsire|spd|0
|
|upkeep
|turn|29
|
|t:|1760812049
|move|p2a: Gholdengo|Nasty Plot|p2a: Gholdengo
|-boost|p2a: Gholdengo|spa|0
|move|p1a: Clodsire|Amnesia|p1a: Clodsire
|-boost|p1a: Clodsire|spd|0
|
|upkeep
|turn|30
|
|t:|1760812051
|move|p2a: Gholdengo|Nasty Plot|p2a: Gholdengo
|-boost|p2a: Gholdengo|spa|0
|move|p1a: Clodsire|Amnesia|p1a: Clodsire
|-boost|p1a: Clodsire|spd|0
|
|upkeep
|turn|31
|
|t:|1760812053
|move|p2a: Gholdengo|Nasty Plot|p2a: Gholdengo
|-boost|p2a: Gholdengo|spa|0
|move|p1a: Clodsire|Amnesia|p1a: Clodsire
|-boost|p1a: Clodsire|spd|0
|
|upkeep
|turn|32
|
|t:|1760812057
|move|p2a: Gholdengo|Nasty Plot|p2a: Gholdengo
|-boost|p2a: Gholdengo|spa|0
|move|p1a: Clodsire|Amnesia|p1a: Clodsire
|-boost|p1a: Clodsire|spd|0
|
|upkeep
|turn|33
|
|t:|1760812059
|move|p2a: Gholdengo|Nasty Plot|p2a: Gholdengo
|-boost|p2a: Gholdengo|spa|0
|move|p1a: Clodsire|Amnesia|p1a: Clodsire
|-boost|p1a: Clodsire|spd|0
|
|upkeep
|turn|34
|
|t:|1760812060
|move|p2a: Gholdengo|Nasty Plot|p2a: Gholdengo
|-boost|p2a: Gholdengo|spa|0
|move|p1a: Clodsire|Amnesia|p1a: Clodsire
|-boost|p1a: Clodsire|spd|0
|
|upkeep
|turn|35
|
|t:|1760812062
|move|p2a: Gholdengo|Nasty Plot|p2a: Gholdengo
|-boost|p2a: Gholdengo|spa|0
|move|p1a: Clodsire|Amnesia|p1a: Clodsire
|-boost|p1a: Clodsire|spd|0
|
|upkeep
|turn|36
|
|t:|1760812065
|move|p2a: Gholdengo|Nasty Plot|p2a: Gholdengo
|-boost|p2a: Gholdengo|spa|0
|move|p1a: Clodsire|Amnesia|p1a: Clodsire
|-boost|p1a: Clodsire|spd|0
|
|upkeep
|turn|37
|
|t:|1760812066
|move|p2a: Gholdengo|Nasty Plot|p2a: Gholdengo
|-boost|p2a: Gholdengo|spa|0
|move|p1a: Clodsire|Amnesia|p1a: Clodsire
|-boost|p1a: Clodsire|spd|0
|
|upkeep
|turn|38
|
|t:|1760812068
|move|p2a: Gholdengo|Nasty Plot|p2a: Gholdengo
|-boost|p2a: Gholdengo|spa|0
|move|p1a: Clodsire|Amnesia|p1a: Clodsire
|-boost|p1a: Clodsire|spd|0
|
|upkeep
|turn|39
|
|t:|1760812070
|move|p2a: Gholdengo|Nasty Plot|p2a: Gholdengo
|-boost|p2a: Gholdengo|spa|0
|move|p1a: Clodsire|Amnesia|p1a: Clodsire
|-boost|p1a: Clodsire|spd|0
|
|upkeep
|turn|40
|l| randi papa
|
|t:|1760812072
|move|p2a: Gholdengo|Nasty Plot|p2a: Gholdengo
|-boost|p2a: Gholdengo|spa|0
|move|p1a: Clodsire|Amnesia|p1a: Clodsire
|-boost|p1a: Clodsire|spd|0
|
|upkeep
|turn|41
|
|t:|1760812074
|move|p2a: Gholdengo|Nasty Plot|p2a: Gholdengo
|-boost|p2a: Gholdengo|spa|0
|move|p1a: Clodsire|Amnesia|p1a: Clodsire
|-boost|p1a: Clodsire|spd|0
|
|upkeep
|turn|42
|
|t:|1760812075
|move|p2a: Gholdengo|Nasty Plot|p2a: Gholdengo
|-boost|p2a: Gholdengo|spa|0
|move|p1a: Clodsire|Amnesia|p1a: Clodsire
|-boost|p1a: Clodsire|spd|0
|
|upkeep
|turn|43
|
|t:|1760812077
|move|p2a: Gholdengo|Nasty Plot|p2a: Gholdengo
|-boost|p2a: Gholdengo|spa|0
|move|p1a: Clodsire|Amnesia|p1a: Clodsire
|-boost|p1a: Clodsire|spd|0
|
|upkeep
|turn|44
|
|t:|1760812079
|move|p2a: Gholdengo|Nasty Plot|p2a: Gholdengo
|-boost|p2a: Gholdengo|spa|0
|move|p1a: Clodsire|Amnesia|p1a: Clodsire
|-boost|p1a: Clodsire|spd|0
|
|upkeep
|turn|45
|
|t:|1760812081
|move|p2a: Gholdengo|Nasty Plot|p2a: Gholdengo
|-boost|p2a: Gholdengo|spa|0
|move|p1a: Clodsire|Toxic|p2a: Gholdengo
|-immune|p2a: Gholdengo|[from] ability: Good as Gold
|
|upkeep
|turn|46
|
|t:|1760812084
|move|p2a: Gholdengo|Nasty Plot|p2a: Gholdengo
|-boost|p2a: Gholdengo|spa|0
|move|p1a: Clodsire|Toxic|p2a: Gholdengo
|-immune|p2a: Gholdengo|[from] ability: Good as Gold
|
|upkeep
|turn|47
|
|t:|1760812086
|move|p2a: Gholdengo|Nasty Plot|p2a: Gholdengo
|-boost|p2a: Gholdengo|spa|0
|move|p1a: Clodsire|Toxic|p2a: Gholdengo
|-immune|p2a: Gholdengo|[from] ability: Good as Gold
|
|upkeep
|turn|48
|
|t:|1760812090
|move|p2a: Gholdengo|Dazzling Gleam|p1a: Clodsire
|-supereffective|p1a: Clodsire
|-damage|p1a: Clodsire|67/100
|move|p1a: Clodsire|Recover|p1a: Clodsire
|-heal|p1a: Clodsire|100/100
|
|upkeep
|turn|49
|
|t:|1760812096
|move|p2a: Gholdengo|Psyshock|p1a: Clodsire
|-immune|p1a: Clodsire
|move|p1a: Clodsire|Earthquake|p2a: Gholdengo
|-immune|p2a: Gholdengo
|
|upkeep
|turn|50
|
|t:|1760812101
|move|p2a: Gholdengo|Psyshock|p1a: Clodsire
|-immune|p1a: Clodsire
|move|p1a: Clodsire|Earthquake|p2a: Gholdengo
|-immune|p2a: Gholdengo
|
|upkeep
|turn|51
|
|t:|1760812104
|move|p2a: Gholdengo|Psyshock|p1a: Clodsire
|-immune|p1a: Clodsire
|move|p1a: Clodsire|Toxic|p2a: Gholdengo
|-immune|p2a: Gholdengo|[from] ability: Good as Gold
|
|upkeep
|turn|52
|
|t:|1760812110
|move|p2a: Gholdengo|Shadow Ball|p1a: Clodsire
|-resisted|p1a: Clodsire
|-damage|p1a: Clodsire|98/100
|-unboost|p1a: Clodsire|spd|1
|move|p1a: Clodsire|Amnesia|p1a: Clodsire
|-boost|p1a: Clodsire|spd|1
|
|upkeep
|turn|53
|
|t:|1760812114
|move|p2a: Gholdengo|Shadow Ball|p1a: Clodsire
|-resisted|p1a: Clodsire
|-damage|p1a: Clodsire|95/100
|move|p1a: Clodsire|Toxic|p2a: Gholdengo
|-immune|p2a: Gholdengo|[from] ability: Good as Gold
|
|upkeep
|turn|54
|
|t:|1760812120
|move|p2a: Gholdengo|Shadow Ball|p1a: Clodsire
|-resisted|p1a: Clodsire
|-damage|p1a: Clodsire|93/100
|move|p1a: Clodsire|Earthquake|p2a: Gholdengo
|-immune|p2a: Gholdengo
|
|upkeep
|turn|55
|
|t:|1760812123
|move|p2a: Gholdengo|Shadow Ball|p1a: Clodsire
|-resisted|p1a: Clodsire
|-damage|p1a: Clodsire|90/100
|move|p1a: Clodsire|Earthquake|p2a: Gholdengo
|-immune|p2a: Gholdengo
|
|upkeep
|turn|56
|
|t:|1760812126
|move|p2a: Gholdengo|Shadow Ball|p1a: Clodsire
|-resisted|p1a: Clodsire
|-damage|p1a: Clodsire|87/100
|move|p1a: Clodsire|Earthquake|p2a: Gholdengo
|-immune|p2a: Gholdengo
|
|upkeep
|turn|57
|
|t:|1760812129
|move|p2a: Gholdengo|Shadow Ball|p1a: Clodsire
|-resisted|p1a: Clodsire
|-damage|p1a: Clodsire|84/100
|-unboost|p1a: Clodsire|spd|1
|move|p1a: Clodsire|Toxic|p2a: Gholdengo
|-immune|p2a: Gholdengo|[from] ability: Good as Gold
|
|upkeep
|turn|58
|l| 3idk
|
|t:|1760812134
|move|p2a: Gholdengo|Shadow Ball|p1a: Clodsire
|-resisted|p1a: Clodsire
|-damage|p1a: Clodsire|81/100
|move|p1a: Clodsire|Toxic|p2a: Gholdengo
|-immune|p2a: Gholdengo|[from] ability: Good as Gold
|
|upkeep
|turn|59
|
|t:|1760812140
|move|p2a: Gholdengo|Shadow Ball|p1a: Clodsire
|-resisted|p1a: Clodsire
|-damage|p1a: Clodsire|77/100
|-unboost|p1a: Clodsire|spd|1
|move|p1a: Clodsire|Toxic|p2a: Gholdengo
|-immune|p2a: Gholdengo|[from] ability: Good as Gold
|
|upkeep
|turn|60
|
|t:|1760812143
|move|p2a: Gholdengo|Psyshock|p1a: Clodsire
|-immune|p1a: Clodsire
|move|p1a: Clodsire|Amnesia|p1a: Clodsire
|-boost|p1a: Clodsire|spd|2
|
|upkeep
|turn|61
|
|t:|1760812148
|move|p2a: Gholdengo|Psyshock|p1a: Clodsire
|-immune|p1a: Clodsire
|move|p1a: Clodsire|Earthquake|p2a: Gholdengo
|-immune|p2a: Gholdengo
|
|upkeep
|turn|62
|
|t:|1760812151
|move|p2a: Gholdengo|Shadow Ball|p1a: Clodsire
|-resisted|p1a: Clodsire
|-damage|p1a: Clodsire|74/100
|move|p1a: Clodsire|Toxic|p2a: Gholdengo
|-immune|p2a: Gholdengo|[from] ability: Good as Gold
|
|upkeep
|turn|63
|
|t:|1760812153
|move|p2a: Gholdengo|Psyshock|p1a: Clodsire
|-immune|p1a: Clodsire
|move|p1a: Clodsire|Toxic|p2a: Gholdengo
|-immune|p2a: Gholdengo|[from] ability: Good as Gold
|
|upkeep
|turn|64
|
|t:|1760812158
|move|p2a: Gholdengo|Shadow Ball|p1a: Clodsire
|-resisted|p1a: Clodsire
|-damage|p1a: Clodsire|72/100
|move|p1a: Clodsire|Toxic|p2a: Gholdengo
|-immune|p2a: Gholdengo|[from] ability: Good as Gold
|
|upkeep
|turn|65
|
|t:|1760812167
|move|p2a: Gholdengo|Psyshock|p1a: Clodsire
|-immune|p1a: Clodsire
|move|p1a: Clodsire|Earthquake|p2a: Gholdengo
|-immune|p2a: Gholdengo
|
|upkeep
|turn|66
|
|t:|1760812171
|move|p2a: Gholdengo|Shadow Ball|p1a: Clodsire
|-resisted|p1a: Clodsire
|-damage|p1a: Clodsire|69/100
|move|p1a: Clodsire|Earthquake|p2a: Gholdengo
|-immune|p2a: Gholdengo
|
|upkeep
|turn|67
|
|t:|1760812175
|move|p2a: Gholdengo|Dazzling Gleam|p1a: Clodsire
|-supereffective|p1a: Clodsire
|-damage|p1a: Clodsire|61/100
|move|p1a: Clodsire|Earthquake|p2a: Gholdengo
|-immune|p2a: Gholdengo
|
|upkeep
|turn|68
|
|t:|1760812178
|move|p2a: Gholdengo|Shadow Ball|p1a: Clodsire
|-resisted|p1a: Clodsire
|-damage|p1a: Clodsire|58/100
|move|p1a: Clodsire|Earthquake|p2a: Gholdengo
|-immune|p2a: Gholdengo
|
|upkeep
|turn|69
|
|t:|1760812183
|move|p2a: Gholdengo|Shadow Ball|p1a: Clodsire
|-resisted|p1a: Clodsire
|-damage|p1a: Clodsire|56/100
|move|p1a: Clodsire|Earthquake|p2a: Gholdengo
|-immune|p2a: Gholdengo
|
|upkeep
|turn|70
|
|t:|1760812188
|move|p2a: Gholdengo|Shadow Ball|p1a: Clodsire
|-resisted|p1a: Clodsire
|-damage|p1a: Clodsire|53/100
|-unboost|p1a: Clodsire|spd|1
|move|p1a: Clodsire|Earthquake|p2a: Gholdengo
|-immune|p2a: Gholdengo
|
|upkeep
|turn|71
|
|t:|1760812197
|move|p2a: Gholdengo|Dazzling Gleam|p1a: Clodsire
|-supereffective|p1a: Clodsire
|-damage|p1a: Clodsire|44/100
|move|p1a: Clodsire|Earthquake|p2a: Gholdengo
|-immune|p2a: Gholdengo
|
|upkeep
|turn|72
|
|t:|1760812201
|move|p2a: Gholdengo|Shadow Ball|p1a: Clodsire
|-resisted|p1a: Clodsire
|-damage|p1a: Clodsire|41/100
|move|p1a: Clodsire|Recover|p1a: Clodsire
|-heal|p1a: Clodsire|91/100
|
|upkeep
|turn|73
|
|t:|1760812205
|move|p2a: Gholdengo|Dazzling Gleam|p1a: Clodsire
|-supereffective|p1a: Clodsire
|-damage|p1a: Clodsire|82/100
|move|p1a: Clodsire|Earthquake|p2a: Gholdengo
|-immune|p2a: Gholdengo
|
|upkeep
|turn|74
|
|t:|1760812210
|move|p2a: Gholdengo|Psyshock|p1a: Clodsire
|-immune|p1a: Clodsire
|move|p1a: Clodsire|Amnesia|p1a: Clodsire
|-boost|p1a: Clodsire|spd|1
|
|upkeep
|turn|75
|
|t:|1760812224
|move|p2a: Gholdengo|Psyshock|p1a: Clodsire
|-immune|p1a: Clodsire
|move|p1a: Clodsire|Toxic|p2a: Gholdengo
|-immune|p2a: Gholdengo|[from] ability: Good as Gold
|
|upkeep
|turn|76
|
|t:|1760812229
|move|p2a: Gholdengo|Dazzling Gleam|p1a: Clodsire
|-supereffective|p1a: Clodsire
|-damage|p1a: Clodsire|75/100
|move|p1a: Clodsire|Amnesia|p1a: Clodsire
|-boost|p1a: Clodsire|spd|0
|
|upkeep
|turn|77
|
|t:|1760812236
|move|p2a: Gholdengo|Shadow Ball|p1a: Clodsire
|-resisted|p1a: Clodsire
|-damage|p1a: Clodsire|72/100
|move|p1a: Clodsire|Earthquake|p2a: Gholdengo
|-immune|p2a: Gholdengo
|
|upkeep
|turn|78
|
|t:|1760812243
|move|p2a: Gholdengo|Dazzling Gleam|p1a: Clodsire
|-supereffective|p1a: Clodsire
|-damage|p1a: Clodsire|64/100
|move|p1a: Clodsire|Amnesia|p1a: Clodsire
|-boost|p1a: Clodsire|spd|0
|
|upkeep
|turn|79
|
|t:|1760812256
|move|p2a: Gholdengo|Shadow Ball|p1a: Clodsire
|-resisted|p1a: Clodsire
|-damage|p1a: Clodsire|60/100
|move|p1a: Clodsire|Recover|p1a: Clodsire
|-heal|p1a: Clodsire|100/100
|
|upkeep
|turn|80
|
|t:|1760812267
|move|p2a: Gholdengo|Psyshock|p1a: Clodsire
|-immune|p1a: Clodsire
|move|p1a: Clodsire|Recover||[still]
|-fail|p1a: Clodsire|heal
|
|upkeep
|turn|81
|
|t:|1760812270
|move|p2a: Gholdengo|Psyshock|p1a: Clodsire
|-immune|p1a: Clodsire
|move|p1a: Clodsire|Recover||[still]
|-fail|p1a: Clodsire|heal
|
|upkeep
|turn|82
|
|t:|1760812272
|move|p2a: Gholdengo|Psyshock|p1a: Clodsire
|-immune|p1a: Clodsire
|move|p1a: Clodsire|Recover||[still]
|-fail|p1a: Clodsire|heal
|
|upkeep
|turn|83
|
|t:|1760812275
|move|p2a: Gholdengo|Psyshock|p1a: Clodsire
|-immune|p1a: Clodsire
|move|p1a: Clodsire|Recover||[still]
|-fail|p1a: Clodsire|heal
|
|upkeep
|turn|84
|
|t:|1760812277
|move|p2a: Gholdengo|Psyshock|p1a: Clodsire
|-immune|p1a: Clodsire
|-activate|p1a: Clodsire|move: Struggle
|move|p1a: Clodsire|Struggle|p2a: Gholdengo
|-damage|p2a: Gholdengo|91/100
|-enditem|p2a: Gholdengo|Air Balloon
|-damage|p1a: Clodsire|75/100|[from] recoil
|
|upkeep
|turn|85
|
|t:|1760812282
|move|p2a: Gholdengo|Dazzling Gleam|p1a: Clodsire
|-supereffective|p1a: Clodsire
|-damage|p1a: Clodsire|67/100
|-activate|p1a: Clodsire|move: Struggle
|move|p1a: Clodsire|Struggle|p2a: Gholdengo
|-damage|p2a: Gholdengo|83/100
|-damage|p1a: Clodsire|42/100|[from] recoil
|
|upkeep
|turn|86
|
|t:|1760812286
|move|p2a: Gholdengo|Shadow Ball|p1a: Clodsire
|-resisted|p1a: Clodsire
|-damage|p1a: Clodsire|39/100
|-unboost|p1a: Clodsire|spd|1
|-activate|p1a: Clodsire|move: Struggle
|move|p1a: Clodsire|Struggle|p2a: Gholdengo
|-damage|p2a: Gholdengo|74/100
|-damage|p1a: Clodsire|13/100|[from] recoil
|
|upkeep
|turn|87
|
|t:|1760812292
|move|p2a: Gholdengo|Dazzling Gleam|p1a: Clodsire
|-supereffective|p1a: Clodsire
|-damage|p1a: Clodsire|5/100
|-activate|p1a: Clodsire|move: Struggle
|move|p1a: Clodsire|Struggle|p2a: Gholdengo
|-damage|p2a: Gholdengo|65/100
|-damage|p1a: Clodsire|0 fnt|[from] recoil
|faint|p1a: Clodsire
|
|upkeep
|
|t:|1760812295
|switch|p1a: Blissey|Blissey, F|90/100
|turn|88
|
|t:|1760812299
|move|p1a: Blissey|Protect|p1a: Blissey
|-singleturn|p1a: Blissey|Protect
|move|p2a: Gholdengo|Dazzling Gleam|p1a: Blissey
|-activate|p1a: Blissey|move: Protect
|
|upkeep
|turn|89
|
|t:|1760812303
|move|p2a: Gholdengo|Dazzling Gleam|p1a: Blissey
|-damage|p1a: Blissey|55/100
|move|p1a: Blissey|Trick|p2a: Gholdengo
|-immune|p2a: Gholdengo|[from] ability: Good as Gold
|
|upkeep
|turn|90
|j| elektrossite
|
|t:|1760812321
|switch|p2a: Great Tusk|Great Tusk|74/100
|move|p1a: Blissey|Soft-Boiled|p1a: Blissey
|-heal|p1a: Blissey|100/100
|
|upkeep
|turn|91
|
|t:|1760812330
|switch|p1a: Hydrapple|Hydrapple, M|100/100
|move|p2a: Great Tusk|Knock Off|p1a: Hydrapple
|-damage|p1a: Hydrapple|83/100
|-enditem|p1a: Hydrapple|Heavy-Duty Boots|[from] move: Knock Off|[of] p2a: Great Tusk
|
|upkeep
|turn|92
|
|t:|1760812335
|-end|p2a: Great Tusk|Protosynthesis|[silent]
|switch|p2a: Gholdengo|Gholdengo|65/100
|move|p1a: Hydrapple|Fickle Beam|p2a: Gholdengo
|-resisted|p2a: Gholdengo
|-damage|p2a: Gholdengo|47/100
|
|upkeep
|turn|93
|l| Capitaine Tenace
|
|t:|1760812346
|switch|p1a: Blissey|Blissey, F|100/100
|move|p2a: Gholdengo|Dazzling Gleam|p1a: Blissey
|-damage|p1a: Blissey|92/100
|
|upkeep
|turn|94
|
|t:|1760812350
|switch|p2a: Kingambit|Kingambit, F|100/100
|-activate|p2a: Kingambit|ability: Supreme Overlord
|-start|p2a: Kingambit|fallen1|[silent]
|move|p1a: Blissey|Seismic Toss|p2a: Kingambit
|-damage|p2a: Kingambit|71/100
|
|-heal|p2a: Kingambit|77/100|[from] item: Leftovers
|upkeep
|turn|95
|
|t:|1760812359
|switch|p1a: Skarmory|Skarmory, M|100/100
|-damage|p1a: Skarmory|88/100|[from] Stealth Rock
|move|p2a: Kingambit|Swords Dance|p2a: Kingambit
|-boost|p2a: Kingambit|atk|2
|
|-heal|p2a: Kingambit|83/100|[from] item: Leftovers
|upkeep
|turn|96
|
|t:|1760812368
|-terastallize|p2a: Kingambit|Fairy
|move|p1a: Skarmory|Iron Defense|p1a: Skarmory
|-boost|p1a: Skarmory|def|2
|move|p2a: Kingambit|Kowtow Cleave|p1a: Skarmory
|-damage|p1a: Skarmory|56/100
|-damage|p2a: Kingambit|67/100|[from] item: Rocky Helmet|[of] p1a: Skarmory
|
|-heal|p2a: Kingambit|73/100|[from] item: Leftovers
|upkeep
|turn|97
|
|t:|1760812381
|-end|p2a: Kingambit|fallen1|[silent]
|switch|p2a: Gholdengo|Gholdengo|47/100
|move|p1a: Skarmory|Roost|p1a: Skarmory
|-heal|p1a: Skarmory|100/100
|-singleturn|p1a: Skarmory|move: Roost
|
|upkeep
|turn|98
|
|t:|1760812384
|switch|p1a: Blissey|Blissey, F|92/100
|move|p2a: Gholdengo|Shadow Ball|p1a: Blissey
|-immune|p1a: Blissey
|
|upkeep
|turn|99
|
|t:|1760812391
|switch|p2a: Great Tusk|Great Tusk|74/100
|move|p1a: Blissey|Seismic Toss|p2a: Great Tusk
|-damage|p2a: Great Tusk|47/100
|
|upkeep
|turn|100
|
|t:|1760812407
|switch|p1a: Hydrapple|Hydrapple, M|100/100
|-activate|p1a: Hydrapple|move: Sticky Web
|-unboost|p1a: Hydrapple|spe|1
|-damage|p1a: Hydrapple|88/100|[from] Stealth Rock
|move|p2a: Great Tusk|Knock Off|p1a: Hydrapple
|-damage|p1a: Hydrapple|75/100
|
|upkeep
|turn|101
|
|t:|1760812423
|-end|p2a: Great Tusk|Protosynthesis|[silent]
|switch|p2a: Gholdengo|Gholdengo|47/100
|move|p1a: Hydrapple|Giga Drain|p2a: Gholdengo
|-resisted|p2a: Gholdengo
|-damage|p2a: Gholdengo|30/100
|-heal|p1a: Hydrapple|81/100|[from] drain|[of] p2a: Gholdengo
|
|upkeep
|turn|102
|
|t:|1760812428
|switch|p1a: Blissey|Blissey, F|92/100
|move|p2a: Gholdengo|Dazzling Gleam|p1a: Blissey
|-damage|p1a: Blissey|83/100
|
|upkeep
|turn|103
|
|t:|1760812432
|switch|p2a: Great Tusk|Great Tusk|47/100
|move|p1a: Blissey|Seismic Toss|p2a: Great Tusk
|-damage|p2a: Great Tusk|20/100
|
|upkeep
|turn|104
|
|t:|1760812439
|switch|p1a: Hydrapple|Hydrapple, M|100/100
|-activate|p1a: Hydrapple|move: Sticky Web
|-unboost|p1a: Hydrapple|spe|1
|-damage|p1a: Hydrapple|88/100|[from] Stealth Rock
|move|p2a: Great Tusk|Headlong Rush|p1a: Hydrapple
|-resisted|p1a: Hydrapple
|-damage|p1a: Hydrapple|69/100
|-unboost|p2a: Great Tusk|def|1
|-unboost|p2a: Great Tusk|spd|1
|
|upkeep
|turn|105
|
|t:|1760812454
|move|p2a: Great Tusk|Headlong Rush|p1a: Hydrapple
|-resisted|p1a: Hydrapple
|-damage|p1a: Hydrapple|51/100
|-unboost|p2a: Great Tusk|def|1
|-unboost|p2a: Great Tusk|spd|1
|move|p1a: Hydrapple|Giga Drain|p2a: Great Tusk
|-supereffective|p2a: Great Tusk
|-damage|p2a: Great Tusk|0 fnt
|-heal|p1a: Hydrapple|59/100|[from] drain|[of] p2a: Great Tusk
|faint|p2a: Great Tusk
|-end|p2a: Great Tusk|Protosynthesis|[silent]
|
|upkeep
|
|t:|1760812462
|switch|p2a: Comfey|Comfey, M|70/100 brn
|turn|106
|
|t:|1760812474
|switch|p1a: Clefable|Clefable, F|100/100
|-activate|p1a: Clefable|move: Sticky Web
|-unboost|p1a: Clefable|spe|1
|move|p2a: Comfey|Calm Mind|p2a: Comfey
|-boost|p2a: Comfey|spa|1
|-boost|p2a: Comfey|spd|1
|
|-damage|p2a: Comfey|64/100 brn|[from] brn
|upkeep
|turn|107
|
|t:|1760812477
|move|p2a: Comfey|Draining Kiss|p1a: Clefable
|-damage|p1a: Clefable|65/100
|-heal|p2a: Comfey|99/100 brn|[from] drain|[of] p1a: Clefable
|-damage|p2a: Comfey|89/100 brn|[from] item: Life Orb
|move|p1a: Clefable|Knock Off|p2a: Comfey
|-resisted|p2a: Comfey
|-damage|p2a: Comfey|79/100 brn
|-enditem|p2a: Comfey|Life Orb|[from] move: Knock Off|[of] p1a: Clefable
|
|-damage|p2a: Comfey|73/100 brn|[from] brn
|upkeep
|turn|108
|
|t:|1760812482
|move|p2a: Comfey|Calm Mind|p2a: Comfey
|-boost|p2a: Comfey|spa|1
|-boost|p2a: Comfey|spd|1
|move|p1a: Clefable|Moonlight|p1a: Clefable
|-heal|p1a: Clefable|100/100
|
|-damage|p2a: Comfey|67/100 brn|[from] brn
|upkeep
|turn|109
|
|t:|1760812484
|move|p2a: Comfey|Draining Kiss|p1a: Clefable
|-damage|p1a: Clefable|59/100
|-heal|p2a: Comfey|100/100 brn|[from] drain|[of] p1a: Clefable
|move|p1a: Clefable|Stealth Rock|p2a: Comfey
|-sidestart|p2: vghhjg|move: Stealth Rock
|
|-damage|p2a: Comfey|94/100 brn|[from] brn
|-damage|p2a: Comfey|82/100 brn|[from] item: Sticky Barb
|upkeep
|turn|110
|
|t:|1760812492
|switch|p1a: Blissey|Blissey, F|83/100
|move|p2a: Comfey|Calm Mind|p2a: Comfey
|-boost|p2a: Comfey|spa|1
|-boost|p2a: Comfey|spd|1
|
|-damage|p2a: Comfey|76/100 brn|[from] brn
|-damage|p2a: Comfey|63/100 brn|[from] item: Sticky Barb
|upkeep
|turn|111
|j| swampertsfists
|j| Capitaine Tenace
|
|t:|1760812499
|move|p2a: Comfey|Draining Kiss|p1a: Blissey
|-crit|p1a: Blissey
|-damage|p1a: Blissey|57/100
|-heal|p2a: Comfey|100/100 brn|[from] drain|[of] p1a: Blissey
|move|p1a: Blissey|Seismic Toss|p2a: Comfey
|-damage|p2a: Comfey|68/100 brn
|
|-damage|p2a: Comfey|62/100 brn|[from] brn
|-damage|p2a: Comfey|49/100 brn|[from] item: Sticky Barb
|upkeep
|turn|112
|
|t:|1760812514
|switch|p2a: Gholdengo|Gholdengo|30/100
|-damage|p2a: Gholdengo|24/100|[from] Stealth Rock
|move|p1a: Blissey|Soft-Boiled|p1a: Blissey
|-heal|p1a: Blissey|100/100
|
|upkeep
|turn|113
|
|t:|1760812520
|move|p2a: Gholdengo|Shadow Ball|p1a: Blissey
|-immune|p1a: Blissey
|move|p1a: Blissey|Seismic Toss|p2a: Gholdengo
|-immune|p2a: Gholdengo
|
|upkeep
|turn|114
|
|t:|1760812524
|move|p2a: Gholdengo|Shadow Ball|p1a: Blissey
|-immune|p1a: Blissey
|move|p1a: Blissey|Trick|p2a: Gholdengo
|-immune|p2a: Gholdengo|[from] ability: Good as Gold
|
|upkeep
|turn|115
|
|t:|1760812531
|move|p1a: Blissey|Protect|p1a: Blissey
|-singleturn|p1a: Blissey|Protect
|move|p2a: Gholdengo|Shadow Ball|p1a: Blissey
|-activate|p1a: Blissey|move: Protect
|
|upkeep
|turn|116
|
|t:|1760812534
|move|p1a: Blissey|Protect|p1a: Blissey
|-singleturn|p1a: Blissey|Protect
|move|p2a: Gholdengo|Dazzling Gleam|p1a: Blissey
|-activate|p1a: Blissey|move: Protect
|
|upkeep
|turn|117
|
|t:|1760812542
|switch|p2a: Comfey|Comfey, M|49/100 brn
|-damage|p2a: Comfey|37/100 brn|[from] Stealth Rock
|move|p1a: Blissey|Protect||[still]
|-fail|p1a: Blissey
|
|-damage|p2a: Comfey|31/100 brn|[from] brn
|-damage|p2a: Comfey|18/100 brn|[from] item: Sticky Barb
|upkeep
|turn|118
|
|t:|1760812551
|switch|p2a: Gholdengo|Gholdengo|24/100
|-damage|p2a: Gholdengo|18/100|[from] Stealth Rock
|move|p1a: Blissey|Protect||[still]
|-fail|p1a: Blissey
|
|upkeep
|turn|119
|
|t:|1760812560
|move|p1a: Blissey|Protect|p1a: Blissey
|-singleturn|p1a: Blissey|Protect
|move|p2a: Gholdengo|Shadow Ball|p1a: Blissey
|-activate|p1a: Blissey|move: Protect
|
|upkeep
|turn|120
|
|t:|1760812564
|move|p2a: Gholdengo|Shadow Ball|p1a: Blissey
|-immune|p1a: Blissey
|move|p1a: Blissey|Seismic Toss|p2a: Gholdengo
|-immune|p2a: Gholdengo
|
|upkeep
|turn|121
|
|t:|1760812569
|switch|p2a: Comfey|Comfey, M|18/100 brn
|-damage|p2a: Comfey|6/100 brn|[from] Stealth Rock
|move|p1a: Blissey|Protect||[still]
|-fail|p1a: Blissey
|
|-damage|p2a: Comfey|0 fnt|[from] brn
|faint|p2a: Comfey
|upkeep
|
|t:|1760812576
|switch|p2a: Dragonite|Dragonite, F|100/100
|-damage|p2a: Dragonite|75/100|[from] Stealth Rock
|turn|122
|
|t:|1760812591
|move|p2a: Dragonite|Dragon Dance|p2a: Dragonite
|-boost|p2a: Dragonite|atk|1
|-boost|p2a: Dragonite|spe|1
|move|p1a: Blissey|Seismic Toss|p2a: Dragonite
|-damage|p2a: Dragonite|48/100
|
|-heal|p2a: Dragonite|55/100|[from] item: Leftovers
|upkeep
|turn|123
|
|t:|1760812597
|switch|p1a: Rotom|Rotom-Heat|75/100
|-damage|p1a: Rotom|50/100|[from] Stealth Rock
|move|p2a: Dragonite|Roost|p2a: Dragonite
|-heal|p2a: Dragonite|100/100
|-singleturn|p2a: Dragonite|move: Roost
|
|upkeep
|turn|124
|
|t:|1760812604
|switch|p2a: Gholdengo|Gholdengo|18/100
|-damage|p2a: Gholdengo|12/100|[from] Stealth Rock
|move|p1a: Rotom|Will-O-Wisp|p2a: Gholdengo
|-immune|p2a: Gholdengo|[from] ability: Good as Gold
|
|upkeep
|turn|125
|j| Spud Webbs
|
|t:|1760812631
|move|p2a: Gholdengo|Dazzling Gleam|p1a: Rotom
|-resisted|p1a: Rotom
|-damage|p1a: Rotom|35/100
|move|p1a: Rotom|Foul Play|p2a: Gholdengo
|-supereffective|p2a: Gholdengo
|-damage|p2a: Gholdengo|0 fnt
|faint|p2a: Gholdengo
|
|upkeep
|
|t:|1760812635
|switch|p2a: Kingambit|Kingambit, F, tera:Fairy|73/100
|-damage|p2a: Kingambit|61/100|[from] Stealth Rock
|-activate|p2a: Kingambit|ability: Supreme Overlord
|-start|p2a: Kingambit|fallen4|[silent]
|turn|126
|
|t:|1760812641
|move|p1a: Rotom|Will-O-Wisp|p2a: Kingambit
|-status|p2a: Kingambit|brn
|move|p2a: Kingambit|Kowtow Cleave|p1a: Rotom
|-damage|p1a: Rotom|7/100
|
|-heal|p2a: Kingambit|67/100 brn|[from] item: Leftovers
|-damage|p2a: Kingambit|61/100 brn|[from] brn
|upkeep
|turn|127
|
|t:|1760812645
|move|p1a: Rotom|Pain Split|p2a: Kingambit
|-sethp|p2a: Kingambit|34/100 brn|[from] move: Pain Split|[silent]
|-sethp|p1a: Rotom|38/100|[from] move: Pain Split
|move|p2a: Kingambit|Swords Dance|p2a: Kingambit
|-boost|p2a: Kingambit|atk|2
|
|-heal|p2a: Kingambit|40/100 brn|[from] item: Leftovers
|-damage|p2a: Kingambit|34/100 brn|[from] brn
|upkeep
|turn|128
|
|t:|1760812650
|switch|p1a: Skarmory|Skarmory, M|100/100
|-damage|p1a: Skarmory|88/100|[from] Stealth Rock
|move|p2a: Kingambit|Kowtow Cleave|p1a: Skarmory
|-damage|p1a: Skarmory|44/100
|-damage|p2a: Kingambit|17/100 brn|[from] item: Rocky Helmet|[of] p1a: Skarmory
|
|-heal|p2a: Kingambit|23/100 brn|[from] item: Leftovers
|-damage|p2a: Kingambit|17/100 brn|[from] brn
|upkeep
|turn|129
|
|t:|1760812658
|move|p1a: Skarmory|Roost|p1a: Skarmory
|-heal|p1a: Skarmory|94/100
|-singleturn|p1a: Skarmory|move: Roost
|move|p2a: Kingambit|Kowtow Cleave|p1a: Skarmory
|-crit|p1a: Skarmory
|-damage|p1a: Skarmory|31/100
|-damage|p2a: Kingambit|1/100 brn|[from] item: Rocky Helmet|[of] p1a: Skarmory
|
|-heal|p2a: Kingambit|7/100 brn|[from] item: Leftovers
|-damage|p2a: Kingambit|1/100 brn|[from] brn
|upkeep
|turn|130
|
|t:|1760812662
|move|p1a: Skarmory|Roost|p1a: Skarmory
|-heal|p1a: Skarmory|81/100
|-singleturn|p1a: Skarmory|move: Roost
|move|p2a: Kingambit|Kowtow Cleave|p1a: Skarmory
|-damage|p1a: Skarmory|39/100
|-damage|p2a: Kingambit|0 fnt|[from] item: Rocky Helmet|[of] p1a: Skarmory
|faint|p2a: Kingambit
|-end|p2a: Kingambit|fallen4|[silent]
|
|upkeep
|
|t:|1760812665
|switch|p2a: Dragonite|Dragonite, F|100/100
|-damage|p2a: Dragonite|75/100|[from] Stealth Rock
|turn|131
|
|t:|1760812667
|move|p2a: Dragonite|Dragon Dance|p2a: Dragonite
|-boost|p2a: Dragonite|atk|1
|-boost|p2a: Dragonite|spe|1
|move|p1a: Skarmory|Roost|p1a: Skarmory
|-heal|p1a: Skarmory|89/100
|-singleturn|p1a: Skarmory|move: Roost
|
|-heal|p2a: Dragonite|82/100|[from] item: Leftovers
|upkeep
|turn|132
|
|t:|1760812671
|move|p2a: Dragonite|Dragon Dance|p2a: Dragonite
|-boost|p2a: Dragonite|atk|1
|-boost|p2a: Dragonite|spe|1
|move|p1a: Skarmory|Iron Defense|p1a: Skarmory
|-boost|p1a: Skarmory|def|2
|
|-heal|p2a: Dragonite|88/100|[from] item: Leftovers
|upkeep
|turn|133
|
|t:|1760812673
|move|p2a: Dragonite|Dragon Dance|p2a: Dragonite
|-boost|p2a: Dragonite|atk|1
|-boost|p2a: Dragonite|spe|1
|move|p1a: Skarmory|Iron Defense|p1a: Skarmory
|-boost|p1a: Skarmory|def|2
|
|-heal|p2a: Dragonite|94/100|[from] item: Leftovers
|upkeep
|turn|134
|
|t:|1760812676
|move|p2a: Dragonite|Dragon Dance|p2a: Dragonite
|-boost|p2a: Dragonite|atk|1
|-boost|p2a: Dragonite|spe|1
|move|p1a: Skarmory|Iron Defense|p1a: Skarmory
|-boost|p1a: Skarmory|def|2
|
|-heal|p2a: Dragonite|100/100|[from] item: Leftovers
|upkeep
|turn|135
|
|t:|1760812680
|move|p2a: Dragonite|Tera Blast|p1a: Skarmory
|-resisted|p1a: Skarmory
|-crit|p1a: Skarmory
|-damage|p1a: Skarmory|71/100
|move|p1a: Skarmory|Brave Bird|p2a: Dragonite
|-damage|p2a: Dragonite|86/100
|-damage|p1a: Skarmory|65/100|[from] Recoil
|
|-heal|p2a: Dragonite|92/100|[from] item: Leftovers
|upkeep
|turn|136
|
|t:|1760812693
|move|p2a: Dragonite|Tera Blast|p1a: Skarmory
|-resisted|p1a: Skarmory
|-damage|p1a: Skarmory|55/100
|move|p1a: Skarmory|Brave Bird|p2a: Dragonite
|-damage|p2a: Dragonite|62/100
|-damage|p1a: Skarmory|44/100|[from] Recoil
|
|-heal|p2a: Dragonite|68/100|[from] item: Leftovers
|upkeep
|turn|137
|l| Spud Webbs
|
|t:|1760812699
|move|p2a: Dragonite|Dragon Dance|p2a: Dragonite
|-boost|p2a: Dragonite|atk|1
|-boost|p2a: Dragonite|spe|1
|move|p1a: Skarmory|Roost|p1a: Skarmory
|-heal|p1a: Skarmory|94/100
|-singleturn|p1a: Skarmory|move: Roost
|
|-heal|p2a: Dragonite|74/100|[from] item: Leftovers
|upkeep
|turn|138
|
|t:|1760812704
|move|p2a: Dragonite|Dragon Dance|p2a: Dragonite
|-boost|p2a: Dragonite|atk|1
|-boost|p2a: Dragonite|spe|1
|move|p1a: Skarmory|Brave Bird|p2a: Dragonite
|-damage|p2a: Dragonite|42/100
|-damage|p1a: Skarmory|82/100|[from] Recoil
|
|-heal|p2a: Dragonite|48/100|[from] item: Leftovers
|upkeep
|turn|139
|
|t:|1760812711
|move|p2a: Dragonite|Roost|p2a: Dragonite
|-heal|p2a: Dragonite|98/100
|-singleturn|p2a: Dragonite|move: Roost
|move|p1a: Skarmory|Brave Bird|p2a: Dragonite
|-crit|p2a: Dragonite
|-damage|p2a: Dragonite|54/100
|-damage|p1a: Skarmory|66/100|[from] Recoil
|
|-heal|p2a: Dragonite|60/100|[from] item: Leftovers
|upkeep
|turn|140
|
|t:|1760812718
|move|p2a: Dragonite|Dragon Dance|p2a: Dragonite
|-boost|p2a: Dragonite|atk|0
|-boost|p2a: Dragonite|spe|0
|move|p1a: Skarmory|Brave Bird|p2a: Dragonite
|-damage|p2a: Dragonite|31/100
|-damage|p1a: Skarmory|55/100|[from] Recoil
|
|-heal|p2a: Dragonite|38/100|[from] item: Leftovers
|upkeep
|turn|141
|
|t:|1760812721
|move|p2a: Dragonite|Roost|p2a: Dragonite
|-heal|p2a: Dragonite|88/100
|-singleturn|p2a: Dragonite|move: Roost
|move|p1a: Skarmory|Spikes|p2a: Dragonite
|-sidestart|p2: vghhjg|Spikes
|
|-heal|p2a: Dragonite|94/100|[from] item: Leftovers
|upkeep
|turn|142
|
|t:|1760812727
|move|p2a: Dragonite|Dragon Dance|p2a: Dragonite
|-boost|p2a: Dragonite|atk|0
|-boost|p2a: Dragonite|spe|0
|move|p1a: Skarmory|Spikes|p2a: Dragonite
|-sidestart|p2: vghhjg|Spikes
|
|-heal|p2a: Dragonite|99/100|[from] item: Leftovers
|upkeep
|turn|143
|
|t:|1760812735
|move|p2a: Dragonite|Tera Blast|p1a: Skarmory
|-resisted|p1a: Skarmory
|-damage|p1a: Skarmory|45/100
|move|p1a: Skarmory|Brave Bird|p2a: Dragonite
|-damage|p2a: Dragonite|68/100
|-damage|p1a: Skarmory|33/100|[from] Recoil
|
|-heal|p2a: Dragonite|74/100|[from] item: Leftovers
|upkeep
|turn|144
|
|t:|1760812741
|move|p2a: Dragonite|Low Kick|p1a: Skarmory
|-damage|p1a: Skarmory|13/100
|-damage|p2a: Dragonite|57/100|[from] item: Rocky Helmet|[of] p1a: Skarmory
|move|p1a: Skarmory|Roost|p1a: Skarmory
|-heal|p1a: Skarmory|63/100
|-singleturn|p1a: Skarmory|move: Roost
|
|-heal|p2a: Dragonite|64/100|[from] item: Leftovers
|upkeep
|turn|145
|
|t:|1760812753
|move|p2a: Dragonite|Tera Blast|p1a: Skarmory
|-resisted|p1a: Skarmory
|-damage|p1a: Skarmory|51/100
|move|p1a: Skarmory|Spikes|p2a: Dragonite
|-sidestart|p2: vghhjg|Spikes
|
|-heal|p2a: Dragonite|70/100|[from] item: Leftovers
|upkeep
|turn|146
|
|t:|1760812761
|move|p2a: Dragonite|Tera Blast|p1a: Skarmory
|-resisted|p1a: Skarmory
|-damage|p1a: Skarmory|39/100
|move|p1a: Skarmory|Iron Defense|p1a: Skarmory
|-boost|p1a: Skarmory|def|0
|
|-heal|p2a: Dragonite|76/100|[from] item: Leftovers
|upkeep
|turn|147
|
|t:|1760812766
|move|p2a: Dragonite|Tera Blast|p1a: Skarmory
|-resisted|p1a: Skarmory
|-damage|p1a: Skarmory|28/100
|move|p1a: Skarmory|Roost|p1a: Skarmory
|-heal|p1a: Skarmory|78/100
|-singleturn|p1a: Skarmory|move: Roost
|
|-heal|p2a: Dragonite|82/100|[from] item: Leftovers
|upkeep
|turn|148
|
|t:|1760812775
|move|p2a: Dragonite|Low Kick|p1a: Skarmory
|-damage|p1a: Skarmory|59/100
|-damage|p2a: Dragonite|66/100|[from] item: Rocky Helmet|[of] p1a: Skarmory
|move|p1a: Skarmory|Brave Bird|p2a: Dragonite
|-damage|p2a: Dragonite|38/100
|-damage|p1a: Skarmory|49/100|[from] Recoil
|
|-heal|p2a: Dragonite|44/100|[from] item: Leftovers
|upkeep
|turn|149
|
|t:|1760812781
|move|p2a: Dragonite|Roost|p2a: Dragonite
|-heal|p2a: Dragonite|94/100
|-singleturn|p2a: Dragonite|move: Roost
|move|p1a: Skarmory|Iron Defense|p1a: Skarmory
|-boost|p1a: Skarmory|def|0
|
|-heal|p2a: Dragonite|99/100|[from] item: Leftovers
|upkeep
|turn|150
|
|t:|1760812786
|move|p2a: Dragonite|Tera Blast|p1a: Skarmory
|-resisted|p1a: Skarmory
|-damage|p1a: Skarmory|38/100
|move|p1a: Skarmory|Iron Defense|p1a: Skarmory
|-boost|p1a: Skarmory|def|0
|
|-heal|p2a: Dragonite|100/100|[from] item: Leftovers
|upkeep
|turn|151
|
|t:|1760812792
|move|p2a: Dragonite|Tera Blast|p1a: Skarmory
|-resisted|p1a: Skarmory
|-crit|p1a: Skarmory
|-damage|p1a: Skarmory|22/100
|move|p1a: Skarmory|Roost|p1a: Skarmory
|-heal|p1a: Skarmory|72/100
|-singleturn|p1a: Skarmory|move: Roost
|
|upkeep
|turn|152
|
|t:|1760812818
|move|p2a: Dragonite|Tera Blast|p1a: Skarmory
|-resisted|p1a: Skarmory
|-damage|p1a: Skarmory|61/100
|move|p1a: Skarmory|Brave Bird|p2a: Dragonite
|-damage|p2a: Dragonite|87/100
|-damage|p1a: Skarmory|56/100|[from] Recoil
|
|-heal|p2a: Dragonite|93/100|[from] item: Leftovers
|upkeep
|turn|153
|
|t:|1760812823
|move|p2a: Dragonite|Tera Blast|p1a: Skarmory
|-resisted|p1a: Skarmory
|-damage|p1a: Skarmory|45/100
|move|p1a: Skarmory|Brave Bird|p2a: Dragonite
|-damage|p2a: Dragonite|61/100
|-damage|p1a: Skarmory|33/100|[from] Recoil
|
|-heal|p2a: Dragonite|67/100|[from] item: Leftovers
|upkeep
|turn|154
|
|t:|1760812828
|move|p2a: Dragonite|Roost|p2a: Dragonite
|-heal|p2a: Dragonite|100/100
|-singleturn|p2a: Dragonite|move: Roost
|move|p1a: Skarmory|Brave Bird|p2a: Dragonite
|-damage|p2a: Dragonite|84/100
|-damage|p1a: Skarmory|27/100|[from] Recoil
|
|-heal|p2a: Dragonite|90/100|[from] item: Leftovers
|upkeep
|turn|155
|
|t:|1760812831
|move|p2a: Dragonite|Tera Blast|p1a: Skarmory
|-resisted|p1a: Skarmory
|-damage|p1a: Skarmory|15/100
|move|p1a: Skarmory|Brave Bird|p2a: Dragonite
|-damage|p2a: Dragonite|62/100
|-damage|p1a: Skarmory|5/100|[from] Recoil
|
|-heal|p2a: Dragonite|68/100|[from] item: Leftovers
|upkeep
|turn|156
|
|t:|1760812837
|move|p2a: Dragonite|Roost|p2a: Dragonite
|-heal|p2a: Dragonite|100/100
|-singleturn|p2a: Dragonite|move: Roost
|move|p1a: Skarmory|Brave Bird|p2a: Dragonite
|-damage|p2a: Dragonite|86/100
|-damage|p1a: Skarmory|0 fnt|[from] Recoil
|faint|p1a: Skarmory
|
|-heal|p2a: Dragonite|92/100|[from] item: Leftovers
|upkeep
|
|t:|1760812842
|switch|p1a: Hydrapple|Hydrapple, M|93/100
|-activate|p1a: Hydrapple|move: Sticky Web
|-unboost|p1a: Hydrapple|spe|1
|-damage|p1a: Hydrapple|80/100|[from] Stealth Rock
|turn|157
|
|t:|1760812847
|move|p2a: Dragonite|Low Kick|p1a: Hydrapple
|-damage|p1a: Hydrapple|15/100
|move|p1a: Hydrapple|Fickle Beam|p2a: Dragonite
|-supereffective|p2a: Dragonite
|-damage|p2a: Dragonite|33/100
|
|-heal|p2a: Dragonite|40/100|[from] item: Leftovers
|upkeep
|turn|158
|
|t:|1760812852
|move|p2a: Dragonite|Low Kick|p1a: Hydrapple
|-damage|p1a: Hydrapple|0 fnt
|faint|p1a: Hydrapple
|
|-heal|p2a: Dragonite|46/100|[from] item: Leftovers
|upkeep
|
|t:|1760812857
|switch|p1a: Clefable|Clefable, F|59/100
|-activate|p1a: Clefable|move: Sticky Web
|-unboost|p1a: Clefable|spe|1
|turn|159
|
|t:|1760812860
|move|p2a: Dragonite|Low Kick|p1a: Clefable
|-resisted|p1a: Clefable
|-damage|p1a: Clefable|25/100
|move|p1a: Clefable|Moonlight|p1a: Clefable
|-heal|p1a: Clefable|75/100
|
|-heal|p2a: Dragonite|52/100|[from] item: Leftovers
|upkeep
|turn|160
|
|t:|1760812865
|move|p2a: Dragonite|Low Kick|p1a: Clefable
|-resisted|p1a: Clefable
|-damage|p1a: Clefable|37/100
|move|p1a: Clefable|Moonlight|p1a: Clefable
|-heal|p1a: Clefable|87/100
|
|-heal|p2a: Dragonite|58/100|[from] item: Leftovers
|upkeep
|turn|161
|
|t:|1760812872
|move|p2a: Dragonite|Low Kick|p1a: Clefable
|-resisted|p1a: Clefable
|-damage|p1a: Clefable|52/100
|move|p1a: Clefable|Moonblast|p2a: Dragonite
|-supereffective|p2a: Dragonite
|-damage|p2a: Dragonite|1/100
|
|-heal|p2a: Dragonite|8/100|[from] item: Leftovers
|upkeep
|turn|162
|
|t:|1760812879
|move|p2a: Dragonite|Roost|p2a: Dragonite
|-heal|p2a: Dragonite|58/100
|-singleturn|p2a: Dragonite|move: Roost
|move|p1a: Clefable|Moonblast|p2a: Dragonite
|-supereffective|p2a: Dragonite
|-damage|p2a: Dragonite|0 fnt
|faint|p2a: Dragonite
|
|win|A Welcome Guest
|raw|A Welcome Guest's rating: 1813 &rarr; <strong>1825</strong><br />(+12 for winning)
|raw|vghhjg's rating: 1674 &rarr; <strong>1662</strong><br />(-12 for losing)
|l|☆vghhjg
|player|p2|
|c|☆A Welcome Guest|gg
|l| swampertsfists
