|j|☆fan_de_buizel
|j|☆redundantcolon
|t:|1760786890
|gametype|singles
|player|p1|fan_de_buizel|chuck|1380
|player|p2|redundantcolon|170|1505
|gen|9
|tier|[Gen 9] OU
|rated|
|rule|HP Percentage Mod: HP is shown in percentages
|rule|Endless Battle Clause: Forcing endless battles is banned
|rule|Species Clause: Limit one of each Pokémon
|rule|OHKO Clause: OHKO moves are banned
|rule|Evasion Items Clause: Evasion items are banned
|rule|Evasion Moves Clause: Evasion moves are banned
|rule|Evasion Abilities Clause: Evasion abilities are banned
|rule|Sleep Moves Clause: Sleep-inducing moves are banned
|clearpoke
|poke|p1|Clefable, M|
|poke|p1|Dragonite, F|
|poke|p1|Garchomp, F|
|poke|p1|Zamazenta-*|
|poke|p1|Porygon2|
|poke|p1|Iron Crown|
|poke|p2|Gholdengo|
|poke|p2|Ceruledge, M|
|poke|p2|Enamorus, F|
|poke|p2|Ribombee, M|
|poke|p2|Quaquaval, M|
|poke|p2|Iron Treads|
|teampreview
|inactive|Battle timer is ON: inactive players will automatically lose when time's up. (requested by fan_de_buizel)
|
|t:|1760786900
|teamsize|p1|6
|teamsize|p2|6
|start
|switch|p1a: Iron Crown|Iron Crown|100/100
|switch|p2a: Ribombee|Ribombee, M|100/100
|turn|1
|
|t:|1760786906
|switch|p2a: Iron Treads|Iron Treads, shiny|100/100
|-enditem|p2a: Iron Treads|Booster Energy
|-activate|p2a: Iron Treads|ability: Quark Drive|[fromitem]
|-start|p2a: Iron Treads|quarkdriveatk
|move|p1a: Iron Crown|Tachyon Cutter|p2a: Iron Treads
|-resisted|p2a: Iron Treads
|-damage|p2a: Iron Treads|78/100
|-resisted|p2a: Iron Treads
|-damage|p2a: Iron Treads|54/100
|-hitcount|p2a: Iron Treads|2
|
|upkeep
|turn|2
|
|t:|1760786914
|-end|p1a: Iron Crown|Quark Drive|[silent]
|switch|p1a: Dragonite|Dragonite, F|100/100
|move|p2a: Iron Treads|Rapid Spin|p1a: Dragonite
|-damage|p1a: Dragonite|88/100
|-boost|p2a: Iron Treads|spe|1
|
|upkeep
|turn|3
|
|t:|1760786923
|-terastallize|p1a: Dragonite|Fire
|move|p2a: Iron Treads|Ice Spinner|p1a: Dragonite
|-resisted|p1a: Dragonite
|-damage|p1a: Dragonite|68/100
|move|p1a: Dragonite|Fire Punch|p2a: Iron Treads
|-supereffective|p2a: Iron Treads
|-damage|p2a: Iron Treads|0 fnt
|faint|p2a: Iron Treads
|-end|p2a: Iron Treads|Quark Drive|[silent]
|
|upkeep
|
|t:|1760786932
|switch|p2a: Enamorus|Enamorus, F|100/100
|turn|4
|
|t:|1760786937
|switch|p1a: Iron Crown|Iron Crown|100/100
|move|p2a: Enamorus|Earth Power|p1a: Iron Crown
|-supereffective|p1a: Iron Crown
|-damage|p1a: Iron Crown|16/100
|-damage|p2a: Enamorus|91/100|[from] item: Life Orb
|
|upkeep
|turn|5
|
|t:|1760786944
|move|p1a: Iron Crown|Tachyon Cutter|p2a: Enamorus
|-supereffective|p2a: Enamorus
|-damage|p2a: Enamorus|0 fnt
|faint|p2a: Enamorus
|-hitcount|p2: Enamorus|1
|
|upkeep
|
|t:|1760786950
|switch|p2a: Ceruledge|Ceruledge, M|100/100
|turn|6
|
|t:|1760786952
|move|p2a: Ceruledge|Shadow Sneak|p1a: Iron Crown
|-supereffective|p1a: Iron Crown
|-damage|p1a: Iron Crown|0 fnt
|faint|p1a: Iron Crown
|-end|p1a: Iron Crown|Quark Drive|[silent]
|
|upkeep
|
|t:|1760786956
|switch|p1a: Porygon2|Porygon2|100/100
|-ability|p1a: Porygon2|Weak Armor|Trace|[from] ability: Trace|[of] p2a: Ceruledge
|turn|7
|
|t:|1760786962
|switch|p2a: Quaquaval|Quaquaval, M|100/100
|move|p1a: Porygon2|Thunder Wave|p2a: Quaquaval
|-status|p2a: Quaquaval|par
|
|upkeep
|turn|8
|
|t:|1760786970
|switch|p1a: Dragonite|Dragonite, F, tera:Fire|68/100
|move|p2a: Quaquaval|Knock Off|p1a: Dragonite
|-damage|p1a: Dragonite|30/100
|-enditem|p1a: Dragonite|Loaded Dice|[from] move: Knock Off|[of] p2a: Quaquaval
|
|upkeep
|turn|9
|
|t:|1760786974
|move|p1a: Dragonite|Scale Shot|p2a: Quaquaval
|-damage|p2a: Quaquaval|80/100 par
|-damage|p2a: Quaquaval|60/100 par
|-damage|p2a: Quaquaval|39/100 par
|-hitcount|p2a: Quaquaval|3
|-unboost|p1a: Dragonite|def|1
|-boost|p1a: Dragonite|spe|1
|move|p2a: Quaquaval|Aqua Step|p1a: Dragonite
|-supereffective|p1a: Dragonite
|-damage|p1a: Dragonite|0 fnt
|-boost|p2a: Quaquaval|spe|1
|faint|p1a: Dragonite
|-ability|p2a: Quaquaval|Moxie|boost
|-boost|p2a: Quaquaval|atk|1
|
|upkeep
|
|t:|1760786982
|switch|p1a: Porygon2|Porygon2|100/100
|-ability|p1a: Porygon2|Moxie|Trace|[from] ability: Trace|[of] p2a: Quaquaval
|turn|10
|
|t:|1760786985
|move|p2a: Quaquaval|Knock Off|p1a: Porygon2
|-damage|p1a: Porygon2|68/100
|-enditem|p1a: Porygon2|Eviolite|[from] move: Knock Off|[of] p2a: Quaquaval
|move|p1a: Porygon2|Discharge|p2a: Quaquaval
|-supereffective|p2a: Quaquaval
|-damage|p2a: Quaquaval|5/100 par
|
|upkeep
|turn|11
|
|t:|1760786989
|move|p2a: Quaquaval|Close Combat|p1a: Porygon2
|-supereffective|p1a: Porygon2
|-damage|p1a: Porygon2|0 fnt
|-unboost|p2a: Quaquaval|def|1
|-unboost|p2a: Quaquaval|spd|1
|faint|p1a: Porygon2
|-ability|p2a: Quaquaval|Moxie|boost
|-boost|p2a: Quaquaval|atk|1
|
|upkeep
|
|t:|1760786996
|switch|p1a: Garchomp|Garchomp, F|100/100
|turn|12
|
|t:|1760787006
|move|p1a: Garchomp|Stone Edge|p2a: Quaquaval
|-resisted|p2a: Quaquaval
|-damage|p2a: Quaquaval|0 fnt
|faint|p2a: Quaquaval
|
|upkeep
|
|t:|1760787010
|switch|p2a: Ribombee|Ribombee, M|100/100
|turn|13
|
|t:|1760787012
|move|p1a: Garchomp|Stone Edge|p2a: Ribombee
|-supereffective|p2a: Ribombee
|-crit|p2a: Ribombee
|-enditem|p2a: Ribombee|Focus Sash
|-damage|p2a: Ribombee|1/100
|move|p2a: Ribombee|Moonblast|p1a: Garchomp
|-supereffective|p1a: Garchomp
|-damage|p1a: Garchomp|18/100
|-unboost|p1a: Garchomp|spa|1
|
|upkeep
|turn|14
|
|t:|1760787018
|switch|p2a: Gholdengo|Gholdengo|100/100
|-item|p2a: Gholdengo|Air Balloon
|move|p1a: Garchomp|Stone Edge|p2a: Gholdengo
|-resisted|p2a: Gholdengo
|-damage|p2a: Gholdengo|80/100
|-enditem|p2a: Gholdengo|Air Balloon
|
|upkeep
|turn|15
|
|t:|1760787033
|switch|p1a: Zamazenta|Zamazenta, shiny|100/100
|-ability|p1a: Zamazenta|Dauntless Shield|boost
|-boost|p1a: Zamazenta|def|1
|move|p2a: Gholdengo|Nasty Plot|p2a: Gholdengo
|-boost|p2a: Gholdengo|spa|2
|
|upkeep
|turn|16
|
|t:|1760787037
|move|p1a: Zamazenta|Crunch|p2a: Gholdengo
|-supereffective|p2a: Gholdengo
|-damage|p2a: Gholdengo|0 fnt
|faint|p2a: Gholdengo
|
|upkeep
|
|t:|1760787040
|switch|p2a: Ceruledge|Ceruledge, M|100/100
|turn|17
|
|t:|1760787046
|-terastallize|p2a: Ceruledge|Fire
|move|p1a: Zamazenta|Crunch|p2a: Ceruledge
|-damage|p2a: Ceruledge|40/100
|-ability|p2a: Ceruledge|Weak Armor|boost
|-unboost|p2a: Ceruledge|def|1
|-boost|p2a: Ceruledge|spe|2
|move|p2a: Ceruledge|Swords Dance|p2a: Ceruledge
|-boost|p2a: Ceruledge|atk|2
|
|upkeep
|turn|18
|
|t:|1760787048
|move|p2a: Ceruledge|Bitter Blade|p1a: Zamazenta
|-damage|p1a: Zamazenta|19/100
|-heal|p2a: Ceruledge|85/100|[from] drain|[of] p1a: Zamazenta
|move|p1a: Zamazenta|Crunch|p2a: Ceruledge
|-damage|p2a: Ceruledge|0 fnt
|faint|p2a: Ceruledge
|
|upkeep
|
|t:|1760787054
|switch|p2a: Ribombee|Ribombee, M|1/100
|turn|19
|
|t:|1760787056
|move|p1a: Zamazenta|Crunch|p2a: Ribombee
|-resisted|p2a: Ribombee
|-damage|p2a: Ribombee|0 fnt
|faint|p2a: Ribombee
|
|win|fan_de_buizel
|raw|fan_de_buizel's rating: 1380 &rarr; <strong>1407</strong><br />(+27 for winning)
|raw|redundantcolon's rating: 1505 &rarr; <strong>1478</strong><br />(-27 for losing)
|l|☆fan_de_buizel
|player|p1|
