|j|☆ioalla
|j|☆OP Earthquakes
|t:|1760819801
|gametype|singles
|player|p1|ioalla|101|1523
|player|p2|OP Earthquakes|giovanni-masters|1522
|gen|9
|tier|[Gen 9] OU
|rated|
|rule|HP Percentage Mod: HP is shown in percentages
|rule|Endless Battle Clause: Forcing endless battles is banned
|rule|Species Clause: Limit one of each Pokémon
|rule|OHKO Clause: OHKO moves are banned
|rule|Evasion Items Clause: Evasion items are banned
|rule|Evasion Moves Clause: Evasion moves are banned
|rule|Evasion Abilities Clause: Evasion abilities are banned
|rule|Sleep Moves Clause: Sleep-inducing moves are banned
|clearpoke
|poke|p1|Dondozo, F|
|poke|p1|Blissey, F|
|poke|p1|Corviknight, M|
|poke|p1|Weezing-Galar, F|
|poke|p1|Gliscor, M|
|poke|p1|Toxapex, F|
|poke|p2|Excadrill, F|
|poke|p2|Hawlucha, M|
|poke|p2|Kyurem|
|poke|p2|Tyranitar, M|
|poke|p2|Pawmot, F|
|poke|p2|Thundurus-Therian, M|
|teampreview
|inactive|Battle timer is ON: inactive players will automatically lose when time's up. (requested by OP Earthquakes)
|j| Rhienwelzel
|c|☆OP Earthquakes|GLHF!
|c|☆ioalla|glhf
|
|t:|1760819817
|teamsize|p1|6
|teamsize|p2|6
|start
|switch|p1a: Gliscor|Gliscor, M|100/100
|switch|p2a: Itachi|Hawlucha, M, shiny|100/100
|-ability|p2a: Itachi|Mold Breaker
|turn|1
|
|t:|1760819828
|move|p2a: Itachi|Swords Dance|p2a: Itachi
|-boost|p2a: Itachi|atk|2
|move|p1a: Gliscor|Knock Off|p2a: Itachi
|-resisted|p2a: Itachi
|-damage|p2a: Itachi|86/100
|-enditem|p2a: Itachi|Red Card|[from] move: Knock Off|[of] p1a: Gliscor
|
|-status|p1a: Gliscor|tox|[from] item: Toxic Orb
|upkeep
|turn|2
|
|t:|1760819837
|switch|p1a: Dondozo|Dondozo, F|100/100
|move|p2a: Itachi|Encore||[still]
|-fail|p2a: Itachi
|
|upkeep
|turn|3
|
|t:|1760819843
|move|p2a: Itachi|Swords Dance|p2a: Itachi
|-boost|p2a: Itachi|atk|2
|move|p1a: Dondozo|Avalanche|p2a: Itachi
|-supereffective|p2a: Itachi
|-damage|p2a: Itachi|47/100
|
|upkeep
|turn|4
|
|t:|1760819854
|move|p2a: Itachi|Swords Dance|p2a: Itachi
|-boost|p2a: Itachi|atk|2
|move|p1a: Dondozo|Avalanche|p2a: Itachi
|-supereffective|p2a: Itachi
|-damage|p2a: Itachi|6/100
|
|upkeep
|turn|5
|
|t:|1760819860
|move|p2a: Itachi|Brave Bird|p1a: Dondozo
|-damage|p1a: Dondozo|10/100
|-damage|p2a: Itachi|0 fnt|[from] Recoil
|faint|p2a: Itachi
|move|p1a: Dondozo|Avalanche|p2: Itachi|[notarget]
|-fail|p1a: Dondozo
|
|-heal|p1a: Dondozo|17/100|[from] item: Leftovers
|upkeep
|
|t:|1760819877
|switch|p2a: Frieza|Kyurem, shiny|100/100
|-ability|p2a: Frieza|Pressure
|turn|6
|
|t:|1760819883
|switch|p2a: Shukaku|Tyranitar, M, shiny|100/100
|-weather|Sandstorm|[from] ability: Sand Stream|[of] p2a: Shukaku
|switch|p1a: Blissey|Blissey, F|100/100
|
|-weather|Sandstorm|[upkeep]
|-damage|p1a: Blissey|94/100|[from] Sandstorm
|-heal|p1a: Blissey|100/100|[from] item: Leftovers
|upkeep
|turn|7
|l| Rhienwelzel
|
|t:|1760819895
|switch|p1a: Corviknight|Corviknight, M|100/100
|-ability|p1a: Corviknight|Pressure
|move|p2a: Shukaku|Stealth Rock|p1a: Corviknight
|-sidestart|p1: ioalla|move: Stealth Rock
|
|-weather|Sandstorm|[upkeep]
|upkeep
|turn|8
|
|t:|1760819901
|move|p1a: Corviknight|Defog|p2a: Shukaku
|-unboost|p2a: Shukaku|evasion|1
|-sideend|p1: ioalla|Stealth Rock|[from] move: Defog|[of] p1a: Corviknight
|move|p2a: Shukaku|Thunder Wave|p1a: Corviknight
|-status|p1a: Corviknight|par
|
|-weather|Sandstorm|[upkeep]
|upkeep
|turn|9
|
|t:|1760819905
|move|p2a: Shukaku|Stealth Rock|p1a: Corviknight
|-sidestart|p1: ioalla|move: Stealth Rock
|move|p1a: Corviknight|Body Press|p2a: Shukaku
|-supereffective|p2a: Shukaku
|-damage|p2a: Shukaku|33/100
|
|-weather|Sandstorm|[upkeep]
|upkeep
|turn|10
|
|t:|1760819910
|switch|p2a: Thundurus|Thundurus-Therian, M|100/100
|cant|p1a: Corviknight|par
|
|-weather|Sandstorm|[upkeep]
|-damage|p2a: Thundurus|94/100|[from] Sandstorm
|upkeep
|turn|11
|
|t:|1760819918
|switch|p2a: Frieza|Kyurem, shiny|100/100
|-ability|p2a: Frieza|Pressure
|switch|p1a: Blissey|Blissey, F|100/100
|-damage|p1a: Blissey|88/100|[from] Stealth Rock
|
|-weather|Sandstorm|[upkeep]
|-damage|p2a: Frieza|94/100|[from] Sandstorm
|-damage|p1a: Blissey|82/100|[from] Sandstorm
|-heal|p1a: Blissey|88/100|[from] item: Leftovers
|upkeep
|turn|12
|
|t:|1760819924
|move|p2a: Frieza|Freeze-Dry|p1a: Blissey
|-damage|p1a: Blissey|77/100
|move|p1a: Blissey|Stealth Rock|p2a: Frieza
|-sidestart|p2: OP Earthquakes|move: Stealth Rock
|
|-weather|Sandstorm|[upkeep]
|-damage|p2a: Frieza|88/100|[from] Sandstorm
|-damage|p1a: Blissey|70/100|[from] Sandstorm
|-heal|p1a: Blissey|77/100|[from] item: Leftovers
|upkeep
|turn|13
|
|t:|1760819928
|move|p2a: Frieza|Freeze-Dry|p1a: Blissey
|-damage|p1a: Blissey|65/100
|move|p1a: Blissey|Seismic Toss|p2a: Frieza
|-damage|p2a: Frieza|63/100
|
|-weather|none
|-heal|p1a: Blissey|71/100|[from] item: Leftovers
|upkeep
|turn|14
|
|t:|1760819933
|move|p2a: Frieza|Freeze-Dry|p1a: Blissey
|-damage|p1a: Blissey|59/100
|move|p1a: Blissey|Soft-Boiled|p1a: Blissey
|-heal|p1a: Blissey|100/100
|
|upkeep
|turn|15
|
|t:|1760819937
|move|p2a: Frieza|Freeze-Dry|p1a: Blissey
|-damage|p1a: Blissey|88/100
|move|p1a: Blissey|Seismic Toss|p2a: Frieza
|-damage|p2a: Frieza|37/100
|
|-heal|p1a: Blissey|94/100|[from] item: Leftovers
|upkeep
|turn|16
|
|t:|1760819946
|move|p2a: Frieza|Freeze-Dry|p1a: Blissey
|-damage|p1a: Blissey|82/100
|move|p1a: Blissey|Seismic Toss|p2a: Frieza
|-damage|p2a: Frieza|12/100
|
|-heal|p1a: Blissey|89/100|[from] item: Leftovers
|upkeep
|turn|17
|
|t:|1760819953
|-terastallize|p2a: Frieza|Ghost
|move|p2a: Frieza|Endeavor|p1a: Blissey
|-damage|p1a: Blissey|7/100
|move|p1a: Blissey|Seismic Toss|p2a: Frieza
|-immune|p2a: Frieza
|
|-heal|p1a: Blissey|14/100|[from] item: Leftovers
|upkeep
|turn|18
|
|t:|1760819965
|move|p2a: Frieza|Freeze-Dry|p1a: Blissey
|-damage|p1a: Blissey|1/100
|move|p1a: Blissey|Soft-Boiled|p1a: Blissey
|-heal|p1a: Blissey|51/100
|
|-heal|p1a: Blissey|57/100|[from] item: Leftovers
|upkeep
|turn|19
|
|t:|1760819971
|switch|p1a: Dondozo|Dondozo, F|17/100
|-damage|p1a: Dondozo|4/100|[from] Stealth Rock
|move|p2a: Frieza|Freeze-Dry|p1a: Dondozo
|-supereffective|p1a: Dondozo
|-damage|p1a: Dondozo|0 fnt
|faint|p1a: Dondozo
|
|upkeep
|inactive|ioalla has 120 seconds left.
|
|t:|1760820008
|switch|p1a: Toxapex|Toxapex, F|100/100
|-damage|p1a: Toxapex|88/100|[from] Stealth Rock
|turn|20
|
|t:|1760820033
|switch|p2a: Shukaku|Tyranitar, M, shiny|33/100
|-damage|p2a: Shukaku|21/100|[from] Stealth Rock
|-weather|Sandstorm|[from] ability: Sand Stream|[of] p2a: Shukaku
|move|p1a: Toxapex|Toxic|p2a: Shukaku
|-status|p2a: Shukaku|tox
|
|-weather|Sandstorm|[upkeep]
|-damage|p1a: Toxapex|82/100|[from] Sandstorm
|-heal|p1a: Toxapex|88/100|[from] item: Leftovers
|-damage|p2a: Shukaku|15/100 tox|[from] psn
|upkeep
|turn|21
|inactive|ioalla has 120 seconds left.
|
|t:|1760820049
|switch|p2a: Porunga|Pawmot, F|100/100
|-damage|p2a: Porunga|95/100|[from] Stealth Rock
|move|p1a: Toxapex|Toxic Spikes|p2a: Porunga
|-sidestart|p2: OP Earthquakes|move: Toxic Spikes
|
|-weather|Sandstorm|[upkeep]
|-damage|p2a: Porunga|89/100|[from] Sandstorm
|-damage|p1a: Toxapex|82/100|[from] Sandstorm
|-heal|p1a: Toxapex|88/100|[from] item: Leftovers
|upkeep
|turn|22
|inactive|ioalla has 120 seconds left.
|
|t:|1760820060
|move|p2a: Porunga|Revival Blessing|p2a: Porunga
|-enditem|p2a: Porunga|Leppa Berry|[eat]
|-activate|p2a: Porunga|item: Leppa Berry|Revival Blessing|[consumed]
|
|t:|1760820063
|-heal|p2: Itachi|50/100|[from] move: Revival Blessing
|move|p1a: Toxapex|Toxic|p2a: Porunga
|-status|p2a: Porunga|tox
|
|-weather|Sandstorm|[upkeep]
|-damage|p2a: Porunga|83/100 tox|[from] Sandstorm
|-damage|p1a: Toxapex|82/100|[from] Sandstorm
|-heal|p1a: Toxapex|88/100|[from] item: Leftovers
|-damage|p2a: Porunga|77/100 tox|[from] psn
|upkeep
|turn|23
|inactive|ioalla has 120 seconds left.
|
|t:|1760820081
|switch|p2a: Itachi|Hawlucha, M, shiny|50/100
|-damage|p2a: Itachi|38/100|[from] Stealth Rock
|-ability|p2a: Itachi|Mold Breaker
|switch|p1a: Gliscor|Gliscor, M|100/100 tox
|-damage|p1a: Gliscor|88/100 tox|[from] Stealth Rock
|
|-weather|Sandstorm|[upkeep]
|-damage|p2a: Itachi|32/100|[from] Sandstorm
|-heal|p1a: Gliscor|100/100 tox|[from] ability: Poison Heal
|upkeep
|turn|24
|inactive|ioalla has 120 seconds left.
|
|t:|1760820103
|move|p2a: Itachi|Defog|p1a: Gliscor
|-unboost|p1a: Gliscor|evasion|1
|-sideend|p1: ioalla|Stealth Rock|[from] move: Defog|[of] p2a: Itachi
|-sideend|p2: OP Earthquakes|Toxic Spikes|[from] move: Defog|[of] p2a: Itachi
|-sideend|p2: OP Earthquakes|Stealth Rock|[from] move: Defog|[of] p2a: Itachi
|move|p1a: Gliscor|Knock Off|p2a: Itachi
|-resisted|p2a: Itachi
|-damage|p2a: Itachi|22/100
|
|-weather|Sandstorm|[upkeep]
|-damage|p2a: Itachi|16/100|[from] Sandstorm
|upkeep
|turn|25
|j| FaronAan
|
|t:|1760820125
|switch|p2a: Thundurus|Thundurus-Therian, M|94/100
|move|p1a: Gliscor|Knock Off|p2a: Thundurus
|-damage|p2a: Thundurus|63/100
|-enditem|p2a: Thundurus|Choice Scarf|[from] move: Knock Off|[of] p1a: Gliscor
|
|-weather|Sandstorm|[upkeep]
|-damage|p2a: Thundurus|57/100|[from] Sandstorm
|upkeep
|turn|26
|
|t:|1760820152
|switch|p1a: Blissey|Blissey, F|57/100
|move|p2a: Thundurus|Weather Ball|p1a: Blissey
|-damage|p1a: Blissey|45/100
|
|-weather|Sandstorm|[upkeep]
|-damage|p2a: Thundurus|51/100|[from] Sandstorm
|-damage|p1a: Blissey|39/100|[from] Sandstorm
|-heal|p1a: Blissey|45/100|[from] item: Leftovers
|upkeep
|turn|27
|
|t:|1760820160
|move|p2a: Thundurus|Volt Switch|p1a: Blissey
|-damage|p1a: Blissey|33/100
|
|t:|1760820163
|switch|p2a: Frieza|Kyurem, shiny, tera:Ghost|12/100|[from] Volt Switch
|-ability|p2a: Frieza|Pressure
|move|p1a: Blissey|Soft-Boiled|p1a: Blissey
|-heal|p1a: Blissey|83/100
|
|-weather|none
|-heal|p1a: Blissey|89/100|[from] item: Leftovers
|upkeep
|turn|28
|
|t:|1760820179
|switch|p1a: Weezing|Weezing-Galar, F|100/100
|-ability|p1a: Weezing|Neutralizing Gas
|move|p2a: Frieza|Endeavor|p1a: Weezing
|-damage|p1a: Weezing|14/100
|
|upkeep
|turn|29
|
|t:|1760820186
|move|p2a: Frieza|Freeze-Dry|p1a: Weezing
|-damage|p1a: Weezing|0 fnt
|faint|p1a: Weezing
|-end|p1a: Weezing|ability: Neutralizing Gas
|-ability|p2a: Frieza|Pressure
|
|upkeep
|
|t:|1760820188
|switch|p1a: Toxapex|Toxapex, F|100/100
|turn|30
|
|t:|1760820202
|switch|p2a: Thundurus|Thundurus-Therian, M|51/100
|move|p1a: Toxapex|Toxic|p2a: Thundurus
|-status|p2a: Thundurus|tox
|
|-damage|p2a: Thundurus|45/100 tox|[from] psn
|upkeep
|turn|31
|
|t:|1760820217
|switch|p2a: Shukaku|Tyranitar, M, shiny|15/100 tox
|-weather|Sandstorm|[from] ability: Sand Stream|[of] p2a: Shukaku
|switch|p1a: Blissey|Blissey, F|89/100
|
|-weather|Sandstorm|[upkeep]
|-damage|p1a: Blissey|83/100|[from] Sandstorm
|-heal|p1a: Blissey|89/100|[from] item: Leftovers
|-damage|p2a: Shukaku|9/100 tox|[from] psn
|upkeep
|turn|32
|
|t:|1760820241
|switch|p2a: Itachi|Hawlucha, M, shiny|16/100
|-ability|p2a: Itachi|Mold Breaker
|switch|p1a: Gliscor|Gliscor, M|100/100 tox
|
|-weather|Sandstorm|[upkeep]
|-damage|p2a: Itachi|10/100|[from] Sandstorm
|upkeep
|turn|33
|inactive|OP Earthquakes has 120 seconds left.
|
|t:|1760820261
|switch|p2a: Thundurus|Thundurus-Therian, M|45/100 tox
|move|p1a: Gliscor|Knock Off|p2a: Thundurus
|-damage|p2a: Thundurus|24/100 tox
|
|-weather|Sandstorm|[upkeep]
|-damage|p2a: Thundurus|18/100 tox|[from] Sandstorm
|-damage|p2a: Thundurus|12/100 tox|[from] psn
|upkeep
|turn|34
|inactive|OP Earthquakes has 120 seconds left.
|
|t:|1760820275
|switch|p2a: OP|Excadrill, F|100/100
|switch|p1a: Blissey|Blissey, F|89/100
|
|-weather|Sandstorm|[upkeep]
|-damage|p1a: Blissey|83/100|[from] Sandstorm
|-heal|p1a: Blissey|89/100|[from] item: Leftovers
|upkeep
|turn|35
|inactive|OP Earthquakes has 120 seconds left.
|
|t:|1760820313
|switch|p2a: Thundurus|Thundurus-Therian, M|12/100 tox
|switch|p1a: Gliscor|Gliscor, M|100/100 tox
|
|-weather|Sandstorm|[upkeep]
|-damage|p2a: Thundurus|6/100 tox|[from] Sandstorm
|-damage|p2a: Thundurus|0 fnt|[from] psn
|faint|p2a: Thundurus
|upkeep
|inactive|OP Earthquakes has 90 seconds left.
|
|t:|1760820333
|switch|p2a: Itachi|Hawlucha, M, shiny|10/100
|-ability|p2a: Itachi|Mold Breaker
|turn|36
|
|t:|1760820340
|move|p2a: Itachi|Brave Bird|p1a: Gliscor
|-crit|p1a: Gliscor
|-damage|p1a: Gliscor|43/100 tox
|-damage|p2a: Itachi|0 fnt|[from] Recoil
|faint|p2a: Itachi
|move|p1a: Gliscor|Spikes|p2: Itachi
|-sidestart|p2: OP Earthquakes|Spikes
|
|-weather|Sandstorm|[upkeep]
|-heal|p1a: Gliscor|55/100 tox|[from] ability: Poison Heal
|upkeep
|
|t:|1760820350
|switch|p2a: Porunga|Pawmot, F|77/100 tox
|-damage|p2a: Porunga|64/100 tox|[from] Spikes
|turn|37
|
|t:|1760820358
|move|p2a: Porunga|Revival Blessing|p2a: Porunga
|
|t:|1760820360
|-heal|p2: Itachi|50/100|[from] move: Revival Blessing
|move|p1a: Gliscor|Earthquake|p2a: Porunga
|-supereffective|p2a: Porunga
|-damage|p2a: Porunga|0 fnt
|faint|p2a: Porunga
|
|-weather|Sandstorm|[upkeep]
|-heal|p1a: Gliscor|68/100 tox|[from] ability: Poison Heal
|upkeep
|
|t:|1760820363
|switch|p2a: Itachi|Hawlucha, M, shiny|50/100
|-ability|p2a: Itachi|Mold Breaker
|turn|38
|
|t:|1760820388
|switch|p1a: Corviknight|Corviknight, M|100/100 par
|-ability|p1a: Corviknight|Pressure
|move|p2a: Itachi|Swords Dance|p2a: Itachi
|-boost|p2a: Itachi|atk|2
|
|-weather|none
|upkeep
|turn|39
|
|t:|1760820402
|move|p2a: Itachi|Defog|p1a: Corviknight
|-unboost|p1a: Corviknight|evasion|1
|-sideend|p2: OP Earthquakes|Spikes|[from] move: Defog|[of] p2a: Itachi
|move|p1a: Corviknight|Body Press|p2a: Itachi
|-resisted|p2a: Itachi
|-damage|p2a: Itachi|30/100
|
|upkeep
|turn|40
|
|t:|1760820414
|switch|p2a: Frieza|Kyurem, shiny, tera:Ghost|12/100
|-ability|p2a: Frieza|Pressure
|move|p1a: Corviknight|Iron Defense|p1a: Corviknight
|-boost|p1a: Corviknight|def|2
|
|upkeep
|turn|41
|
|t:|1760820436
|switch|p1a: Toxapex|Toxapex, F|100/100
|move|p2a: Frieza|Endeavor|p1a: Toxapex
|-damage|p1a: Toxapex|15/100
|
|-heal|p1a: Toxapex|22/100|[from] item: Leftovers
|upkeep
|turn|42
|inactive|OP Earthquakes has 120 seconds left.
|
|t:|1760820443
|move|p2a: Frieza|Freeze-Dry|p1a: Toxapex
|-supereffective|p1a: Toxapex
|-damage|p1a: Toxapex|0 fnt
|faint|p1a: Toxapex
|
|upkeep
|
|t:|1760820445
|switch|p1a: Gliscor|Gliscor, M|68/100 tox
|turn|43
|
|t:|1760820449
|move|p1a: Gliscor|Protect|p1a: Gliscor
|-singleturn|p1a: Gliscor|Protect
|move|p2a: Frieza|Freeze-Dry|p1a: Gliscor
|-activate|p1a: Gliscor|move: Protect
|
|-heal|p1a: Gliscor|80/100 tox|[from] ability: Poison Heal
|upkeep
|turn|44
|
|t:|1760820453
|move|p2a: Frieza|Freeze-Dry|p1a: Gliscor
|-supereffective|p1a: Gliscor
|-damage|p1a: Gliscor|0 fnt
|faint|p1a: Gliscor
|
|upkeep
|
|t:|1760820456
|switch|p1a: Blissey|Blissey, F|89/100
|turn|45
|-message|ioalla forfeited.
|
|win|OP Earthquakes
|raw|ioalla's rating: 1523 &rarr; <strong>1503</strong><br />(-20 for losing)
|raw|OP Earthquakes's rating: 1522 &rarr; <strong>1542</strong><br />(+20 for winning)
|l|☆ioalla
|player|p1|
|l| FaronAan
