|j|☆wittyphoshop
|j|☆Igoodnamename
|t:|1760869444
|gametype|singles
|player|p1|wittyphoshop|cyclist-gen4|1349
|player|p2|Igoodnamename|medium|1341
|gen|9
|tier|[Gen 9] OU
|rated|
|rule|HP Percentage Mod: HP is shown in percentages
|rule|Endless Battle Clause: Forcing endless battles is banned
|rule|Species Clause: Limit one of each Pokémon
|rule|OHKO Clause: OHKO moves are banned
|rule|Evasion Items Clause: Evasion items are banned
|rule|Evasion Moves Clause: Evasion moves are banned
|rule|Evasion Abilities Clause: Evasion abilities are banned
|rule|Sleep Moves Clause: Sleep-inducing moves are banned
|clearpoke
|poke|p1|Raging Bolt|
|poke|p1|Araquanid, M|
|poke|p1|Dragonite, F|
|poke|p1|Scizor, M|
|poke|p1|Cresselia, F|
|poke|p1|Great Tusk|
|poke|p2|Umbreon, M|
|poke|p2|Moltres|
|poke|p2|Iron Crown|
|poke|p2|Weezing-Galar, M|
|poke|p2|Rillaboom, F|
|poke|p2|Dondozo, M|
|teampreview
|j| baldiwithhair
|
|t:|1760869466
|teamsize|p1|6
|teamsize|p2|6
|start
|switch|p1a: Clamps Inc|Scizor, M, shiny|100/100
|switch|p2a: Rillaboom|Rillaboom, F|100/100
|-fieldstart|move: Grassy Terrain|[from] ability: Grassy Surge|[of] p2a: Rillaboom
|turn|1
|
|t:|1760869473
|switch|p2a: Moltres|Moltres|100/100
|move|p1a: Clamps Inc|Swords Dance|p1a: Clamps Inc
|-boost|p1a: Clamps Inc|atk|2
|
|upkeep
|turn|2
|
|t:|1760869480
|switch|p1a: Miles|Araquanid, M, shiny|100/100
|move|p2a: Moltres|Will-O-Wisp|p1a: Miles|[miss]
|-miss|p2a: Moltres|p1a: Miles
|
|upkeep
|turn|3
|
|t:|1760869489
|move|p2a: Moltres|U-turn|p1a: Miles
|-damage|p1a: Miles|84/100
|
|t:|1760869495
|switch|p2a: Weezing|Weezing-Galar, M|100/100|[from] U-turn
|-ability|p2a: Weezing|Neutralizing Gas
|move|p1a: Miles|Sticky Web|p2a: Weezing
|-sidestart|p2: Igoodnamename|move: Sticky Web
|
|-heal|p1a: Miles|90/100|[from] Grassy Terrain
|upkeep
|turn|4
|
|t:|1760869506
|move|p2a: Weezing|Will-O-Wisp|p1a: Miles
|-status|p1a: Miles|brn
|move|p1a: Miles|Surf|p2a: Weezing
|-damage|p2a: Weezing|74/100
|
|-heal|p2a: Weezing|80/100|[from] Grassy Terrain
|-heal|p1a: Miles|96/100 brn|[from] Grassy Terrain
|-damage|p1a: Miles|90/100 brn|[from] brn
|upkeep
|turn|5
|
|t:|1760869514
|move|p2a: Weezing|Defog|p1a: Miles
|-unboost|p1a: Miles|evasion|1
|-sideend|p2: Igoodnamename|Sticky Web|[from] move: Defog|[of] p2a: Weezing
|-fieldend|move: Grassy Terrain
|move|p1a: Miles|Surf|p2a: Weezing
|-damage|p2a: Weezing|53/100
|
|-damage|p1a: Miles|84/100 brn|[from] brn
|upkeep
|turn|6
|
|t:|1760869522
|move|p2a: Weezing|Pain Split|p1a: Miles
|-sethp|p1a: Miles|68/100 brn|[from] move: Pain Split|[silent]
|-sethp|p2a: Weezing|69/100|[from] move: Pain Split
|move|p1a: Miles|Sticky Web|p2a: Weezing
|-sidestart|p2: Igoodnamename|move: Sticky Web
|
|-damage|p1a: Miles|62/100 brn|[from] brn
|upkeep
|turn|7
|
|t:|1760869529
|move|p2a: Weezing|Defog|p1a: Miles
|-unboost|p1a: Miles|evasion|1
|-sideend|p2: Igoodnamename|Sticky Web|[from] move: Defog|[of] p2a: Weezing
|move|p1a: Miles|Surf|p2a: Weezing
|-damage|p2a: Weezing|45/100
|
|-damage|p1a: Miles|56/100 brn|[from] brn
|upkeep
|turn|8
|
|t:|1760869536
|move|p2a: Weezing|Pain Split|p1a: Miles
|-sethp|p1a: Miles|50/100 brn|[from] move: Pain Split|[silent]
|-sethp|p2a: Weezing|51/100|[from] move: Pain Split
|move|p1a: Miles|Sticky Web|p2a: Weezing
|-sidestart|p2: Igoodnamename|move: Sticky Web
|
|-damage|p1a: Miles|44/100 brn|[from] brn
|upkeep
|turn|9
|
|t:|1760869540
|-end|p2a: Weezing|ability: Neutralizing Gas
|switch|p2a: Umbreon|Umbreon, M|100/100
|-activate|p1a: Miles|ability: Water Bubble
|-curestatus|p1a: Miles|brn|[msg]
|-activate|p2a: Umbreon|move: Sticky Web
|-unboost|p2a: Umbreon|spe|1
|move|p1a: Miles|Surf|p2a: Umbreon
|-damage|p2a: Umbreon|80/100
|
|-heal|p2a: Umbreon|86/100|[from] item: Leftovers
|upkeep
|turn|10
|
|t:|1760869546
|move|p2a: Umbreon|Wish|p2a: Umbreon
|move|p1a: Miles|Lunge|p2a: Umbreon
|-supereffective|p2a: Umbreon
|-damage|p2a: Umbreon|55/100
|-unboost|p2a: Umbreon|atk|1
|
|-heal|p2a: Umbreon|61/100|[from] item: Leftovers
|upkeep
|turn|11
|
|t:|1760869563
|move|p2a: Umbreon|Toxic|p1a: Miles
|-status|p1a: Miles|tox
|move|p1a: Miles|Surf|p2a: Umbreon
|-damage|p2a: Umbreon|44/100
|
|-heal|p2a: Umbreon|94/100|[from] move: Wish|[wisher] Umbreon
|-heal|p2a: Umbreon|99/100|[from] item: Leftovers
|-damage|p1a: Miles|38/100 tox|[from] psn
|upkeep
|turn|12
|
|t:|1760869570
|move|p2a: Umbreon|Wish|p2a: Umbreon
|move|p1a: Miles|Lunge|p2a: Umbreon
|-supereffective|p2a: Umbreon
|-damage|p2a: Umbreon|69/100
|-unboost|p2a: Umbreon|atk|1
|
|-heal|p2a: Umbreon|75/100|[from] item: Leftovers
|-damage|p1a: Miles|25/100 tox|[from] psn
|upkeep
|turn|13
|-enditem|p1a: Miles|Custap Berry|[eat]
|-activate|p1a: Miles|item: Custap Berry|[consumed]
|
|t:|1760869578
|move|p1a: Miles|Lunge|p2a: Umbreon
|-supereffective|p2a: Umbreon
|-damage|p2a: Umbreon|42/100
|-unboost|p2a: Umbreon|atk|1
|move|p2a: Umbreon|Foul Play|p1a: Miles
|-damage|p1a: Miles|0 fnt
|faint|p1a: Miles
|
|-heal|p2a: Umbreon|92/100|[from] move: Wish|[wisher] Umbreon
|-heal|p2a: Umbreon|98/100|[from] item: Leftovers
|upkeep
|
|t:|1760869588
|switch|p1a: Clamps Inc|Scizor, M, shiny|100/100
|turn|14
|
|t:|1760869595
|switch|p2a: Moltres|Moltres|100/100
|move|p1a: Clamps Inc|U-turn|p2a: Moltres
|-resisted|p2a: Moltres
|-damage|p2a: Moltres|93/100
|
|t:|1760869600
|switch|p1a: Great Neck|Raging Bolt|100/100|[from] U-turn
|
|upkeep
|turn|15
|
|t:|1760869605
|switch|p2a: Iron Crown|Iron Crown|100/100
|-activate|p2a: Iron Crown|move: Sticky Web
|-unboost|p2a: Iron Crown|spe|1
|move|p1a: Great Neck|Volt Switch|p2a: Iron Crown
|-damage|p2a: Iron Crown|71/100
|
|t:|1760869612
|-end|p1a: Great Neck|Protosynthesis|[silent]
|switch|p1a: Space Bird 5555|Cresselia, F, shiny|100/100|[from] Volt Switch
|
|upkeep
|turn|16
|
|t:|1760869617
|move|p1a: Space Bird 5555|Thunder Wave|p2a: Iron Crown
|-status|p2a: Iron Crown|par
|move|p2a: Iron Crown|Volt Switch|p1a: Space Bird 5555
|-damage|p1a: Space Bird 5555|85/100
|
|t:|1760869625
|-end|p2a: Iron Crown|Quark Drive|[silent]
|switch|p2a: Umbreon|Umbreon, M|98/100|[from] Volt Switch
|-activate|p2a: Umbreon|move: Sticky Web
|-unboost|p2a: Umbreon|spe|1
|
|-heal|p2a: Umbreon|100/100|[from] item: Leftovers
|upkeep
|turn|17
|
|t:|1760869633
|move|p1a: Space Bird 5555|Thunder Wave|p2a: Umbreon
|-status|p2a: Umbreon|par
|-activate|p2a: Umbreon|ability: Synchronize
|-status|p1a: Space Bird 5555|par
|move|p2a: Umbreon|Wish|p2a: Umbreon
|
|upkeep
|turn|18
|
|t:|1760869644
|switch|p1a: Clamps Inc|Scizor, M, shiny|100/100
|switch|p2a: Iron Crown|Iron Crown|71/100 par
|-activate|p2a: Iron Crown|move: Sticky Web
|-unboost|p2a: Iron Crown|spe|1
|
|-heal|p2a: Iron Crown|100/100 par|[from] move: Wish|[wisher] Umbreon
|upkeep
|turn|19
|l| baldiwithhair
|
|t:|1760869650
|-end|p2a: Iron Crown|Quark Drive|[silent]
|switch|p2a: Moltres|Moltres|93/100
|move|p1a: Clamps Inc|Knock Off|p2a: Moltres
|-damage|p2a: Moltres|66/100
|-status|p1a: Clamps Inc|brn|[from] ability: Flame Body|[of] p2a: Moltres
|-enditem|p2a: Moltres|Heavy-Duty Boots|[from] move: Knock Off|[of] p1a: Clamps Inc
|
|-damage|p1a: Clamps Inc|94/100 brn|[from] brn
|upkeep
|turn|20
|
|t:|1760869657
|switch|p1a: Great Neck|Raging Bolt|100/100
|move|p2a: Moltres|Roost|p2a: Moltres
|-heal|p2a: Moltres|100/100
|-singleturn|p2a: Moltres|move: Roost
|
|upkeep
|turn|21
|
|t:|1760869662
|switch|p2a: Umbreon|Umbreon, M|100/100 par
|-activate|p2a: Umbreon|move: Sticky Web
|-unboost|p2a: Umbreon|spe|1
|move|p1a: Great Neck|Thunderbolt|p2a: Umbreon
|-damage|p2a: Umbreon|71/100 par
|
|-heal|p2a: Umbreon|77/100 par|[from] item: Leftovers
|upkeep
|turn|22
|
|t:|1760869671
|move|p1a: Great Neck|Volt Switch|p2a: Umbreon
|-damage|p2a: Umbreon|56/100 par
|
|t:|1760869674
|-end|p1a: Great Neck|Protosynthesis|[silent]
|switch|p1a: Clamps Inc|Scizor, M, shiny|94/100 brn|[from] Volt Switch
|move|p2a: Umbreon|Toxic||[still]
|-fail|p2a: Umbreon
|
|-heal|p2a: Umbreon|62/100 par|[from] item: Leftovers
|-damage|p1a: Clamps Inc|88/100 brn|[from] brn
|upkeep
|turn|23
|
|t:|1760869680
|switch|p2a: Moltres|Moltres|100/100
|move|p1a: Clamps Inc|Swords Dance|p1a: Clamps Inc
|-boost|p1a: Clamps Inc|atk|2
|
|-damage|p1a: Clamps Inc|82/100 brn|[from] brn
|upkeep
|turn|24
|
|t:|1760869687
|switch|p1a: Great Neck|Raging Bolt|100/100
|move|p2a: Moltres|Flamethrower|p1a: Great Neck
|-resisted|p1a: Great Neck
|-damage|p1a: Great Neck|81/100
|
|upkeep
|turn|25
|
|t:|1760869694
|switch|p2a: Rillaboom|Rillaboom, F|100/100
|-fieldstart|move: Grassy Terrain|[from] ability: Grassy Surge|[of] p2a: Rillaboom
|move|p1a: Great Neck|Thunderbolt|p2a: Rillaboom
|-resisted|p2a: Rillaboom
|-damage|p2a: Rillaboom|71/100
|
|-heal|p1a: Great Neck|87/100|[from] Grassy Terrain
|-heal|p2a: Rillaboom|77/100|[from] Grassy Terrain
|upkeep
|turn|26
|
|t:|1760869701
|move|p1a: Great Neck|Volt Switch|p2a: Rillaboom
|-resisted|p2a: Rillaboom
|-crit|p2a: Rillaboom
|-damage|p2a: Rillaboom|43/100
|
|t:|1760869706
|-end|p1a: Great Neck|Protosynthesis|[silent]
|switch|p1a: Space Bird 5555|Cresselia, F, shiny|85/100 par|[from] Volt Switch
|move|p2a: Rillaboom|Knock Off|p1a: Space Bird 5555
|-supereffective|p1a: Space Bird 5555
|-damage|p1a: Space Bird 5555|45/100 par
|-damage|p2a: Rillaboom|26/100|[from] item: Rocky Helmet|[of] p1a: Space Bird 5555
|-enditem|p1a: Space Bird 5555|Rocky Helmet|[from] move: Knock Off|[of] p2a: Rillaboom
|
|-heal|p2a: Rillaboom|32/100|[from] Grassy Terrain
|upkeep
|turn|27
|
|t:|1760869713
|move|p2a: Rillaboom|U-turn|p1a: Space Bird 5555
|-supereffective|p1a: Space Bird 5555
|-damage|p1a: Space Bird 5555|20/100 par
|
|t:|1760869718
|switch|p2a: Umbreon|Umbreon, M|62/100 par|[from] U-turn
|-activate|p2a: Umbreon|move: Sticky Web
|-unboost|p2a: Umbreon|spe|1
|move|p1a: Space Bird 5555|Moonlight|p1a: Space Bird 5555
|-heal|p1a: Space Bird 5555|70/100 par
|
|-heal|p2a: Umbreon|69/100 par|[from] Grassy Terrain
|-heal|p2a: Umbreon|75/100 par|[from] item: Leftovers
|upkeep
|turn|28
|
|t:|1760869729
|switch|p1a: Clamps Inc|Scizor, M, shiny|82/100 brn
|move|p2a: Umbreon|Wish|p2a: Umbreon
|
|-heal|p1a: Clamps Inc|88/100 brn|[from] Grassy Terrain
|-heal|p2a: Umbreon|81/100 par|[from] Grassy Terrain
|-heal|p2a: Umbreon|87/100 par|[from] item: Leftovers
|-damage|p1a: Clamps Inc|82/100 brn|[from] brn
|upkeep
|turn|29
|
|t:|1760869733
|switch|p2a: Rillaboom|Rillaboom, F|32/100
|move|p1a: Clamps Inc|Knock Off|p2a: Rillaboom
|-damage|p2a: Rillaboom|21/100
|-enditem|p2a: Rillaboom|Heavy-Duty Boots|[from] move: Knock Off|[of] p1a: Clamps Inc
|
|-heal|p2a: Rillaboom|70/100|[from] move: Wish|[wisher] Umbreon
|-heal|p2a: Rillaboom|76/100|[from] Grassy Terrain
|-heal|p1a: Clamps Inc|88/100 brn|[from] Grassy Terrain
|-damage|p1a: Clamps Inc|82/100 brn|[from] brn
|-fieldend|move: Grassy Terrain
|upkeep
|turn|30
|
|t:|1760869742
|move|p2a: Rillaboom|U-turn|p1a: Clamps Inc
|-resisted|p1a: Clamps Inc
|-damage|p1a: Clamps Inc|73/100 brn
|
|t:|1760869744
|switch|p2a: Moltres|Moltres|100/100|[from] U-turn
|move|p1a: Clamps Inc|U-turn|p2a: Moltres
|-resisted|p2a: Moltres
|-damage|p2a: Moltres|97/100
|
|t:|1760869749
|switch|p1a: Great Neck|Raging Bolt|87/100|[from] U-turn
|
|upkeep
|turn|31
|
|t:|1760869758
|switch|p2a: Umbreon|Umbreon, M|87/100 par
|-activate|p2a: Umbreon|move: Sticky Web
|-unboost|p2a: Umbreon|spe|1
|move|p1a: Great Neck|Thunderbolt|p2a: Umbreon
|-damage|p2a: Umbreon|59/100 par
|
|-heal|p2a: Umbreon|65/100 par|[from] item: Leftovers
|upkeep
|turn|32
|
|t:|1760869765
|move|p1a: Great Neck|Volt Switch|p2a: Umbreon
|-damage|p2a: Umbreon|43/100 par
|
|t:|1760869769
|-end|p1a: Great Neck|Protosynthesis|[silent]
|switch|p1a: Clamps Inc|Scizor, M, shiny|73/100 brn|[from] Volt Switch
|move|p2a: Umbreon|Wish|p2a: Umbreon
|
|-heal|p2a: Umbreon|49/100 par|[from] item: Leftovers
|-damage|p1a: Clamps Inc|66/100 brn|[from] brn
|upkeep
|turn|33
|
|t:|1760869780
|move|p2a: Umbreon|Protect|p2a: Umbreon
|-singleturn|p2a: Umbreon|Protect
|move|p1a: Clamps Inc|Knock Off|p2a: Umbreon
|-activate|p2a: Umbreon|move: Protect
|
|-heal|p2a: Umbreon|99/100 par|[from] move: Wish|[wisher] Umbreon
|-heal|p2a: Umbreon|100/100 par|[from] item: Leftovers
|-damage|p1a: Clamps Inc|60/100 brn|[from] brn
|upkeep
|turn|34
|
|t:|1760869785
|switch|p2a: Moltres|Moltres|97/100
|move|p1a: Clamps Inc|U-turn|p2a: Moltres
|-resisted|p2a: Moltres
|-damage|p2a: Moltres|94/100
|
|t:|1760869791
|switch|p1a: Great Neck|Raging Bolt|87/100|[from] U-turn
|
|upkeep
|turn|35
|
|t:|1760869799
|switch|p2a: Iron Crown|Iron Crown|100/100 par
|-activate|p2a: Iron Crown|move: Sticky Web
|-unboost|p2a: Iron Crown|spe|1
|move|p1a: Great Neck|Volt Switch|p2a: Iron Crown
|-damage|p2a: Iron Crown|73/100 par
|
|t:|1760869812
|-end|p1a: Great Neck|Protosynthesis|[silent]
|switch|p1a: Dr Teeth|Great Tusk|100/100|[from] Volt Switch
|
|upkeep
|turn|36
|
|t:|1760869821
|-end|p2a: Iron Crown|Quark Drive|[silent]
|switch|p2a: Rillaboom|Rillaboom, F|76/100
|-activate|p2a: Rillaboom|move: Sticky Web
|-unboost|p2a: Rillaboom|spe|1
|-fieldstart|move: Grassy Terrain|[from] ability: Grassy Surge|[of] p2a: Rillaboom
|move|p1a: Dr Teeth|Knock Off|p2a: Rillaboom
|-damage|p2a: Rillaboom|63/100
|
|-heal|p2a: Rillaboom|69/100|[from] Grassy Terrain
|upkeep
|turn|37
|
|t:|1760869829
|-end|p1a: Dr Teeth|Protosynthesis|[silent]
|switch|p1a: Space Bird 5555|Cresselia, F, shiny|70/100 par
|move|p2a: Rillaboom|Grassy Glide|p1a: Space Bird 5555
|-damage|p1a: Space Bird 5555|46/100 par
|
|-heal|p2a: Rillaboom|75/100|[from] Grassy Terrain
|upkeep
|turn|38
|
|t:|1760869834
|move|p1a: Space Bird 5555|Moonlight|p1a: Space Bird 5555
|-heal|p1a: Space Bird 5555|96/100 par
|move|p2a: Rillaboom|Knock Off|p1a: Space Bird 5555
|-supereffective|p1a: Space Bird 5555
|-damage|p1a: Space Bird 5555|73/100 par
|
|-heal|p2a: Rillaboom|81/100|[from] Grassy Terrain
|upkeep
|turn|39
|
|t:|1760869840
|move|p1a: Space Bird 5555|Ice Beam|p2a: Rillaboom
|-supereffective|p2a: Rillaboom
|-damage|p2a: Rillaboom|47/100
|move|p2a: Rillaboom|U-turn|p1a: Space Bird 5555
|-supereffective|p1a: Space Bird 5555
|-damage|p1a: Space Bird 5555|46/100 par
|
|t:|1760869849
|switch|p2a: Iron Crown|Iron Crown|73/100 par|[from] U-turn
|-activate|p2a: Iron Crown|move: Sticky Web
|-unboost|p2a: Iron Crown|spe|1
|
|-heal|p2a: Iron Crown|79/100 par|[from] Grassy Terrain
|upkeep
|turn|40
|
|t:|1760869856
|move|p1a: Space Bird 5555|Moonlight|p1a: Space Bird 5555
|-heal|p1a: Space Bird 5555|96/100 par
|move|p2a: Iron Crown|Tachyon Cutter|p1a: Space Bird 5555
|-damage|p1a: Space Bird 5555|80/100 par
|-damage|p1a: Space Bird 5555|63/100 par
|-hitcount|p1a: Space Bird 5555|2
|
|-heal|p2a: Iron Crown|86/100 par|[from] Grassy Terrain
|-fieldend|move: Grassy Terrain
|upkeep
|turn|41
|
|t:|1760869870
|-end|p2a: Iron Crown|Quark Drive|[silent]
|switch|p2a: Umbreon|Umbreon, M|100/100 par
|-activate|p2a: Umbreon|move: Sticky Web
|-unboost|p2a: Umbreon|spe|1
|cant|p1a: Space Bird 5555|par
|
|upkeep
|turn|42
|
|t:|1760869879
|switch|p1a: Clamps Inc|Scizor, M, shiny|60/100 brn
|move|p2a: Umbreon|Wish|p2a: Umbreon
|
|-damage|p1a: Clamps Inc|54/100 brn|[from] brn
|upkeep
|turn|43
|
|t:|1760869884
|move|p1a: Clamps Inc|Knock Off|p2a: Umbreon
|-resisted|p2a: Umbreon
|-damage|p2a: Umbreon|94/100 par
|-enditem|p2a: Umbreon|Leftovers|[from] move: Knock Off|[of] p1a: Clamps Inc
|move|p2a: Umbreon|Foul Play|p1a: Clamps Inc
|-damage|p1a: Clamps Inc|0 fnt
|faint|p1a: Clamps Inc
|
|-heal|p2a: Umbreon|100/100 par|[from] move: Wish|[wisher] Umbreon
|upkeep
|
|t:|1760869888
|switch|p1a: Great Neck|Raging Bolt|87/100
|turn|44
|
|t:|1760869892
|move|p1a: Great Neck|Thunderbolt|p2a: Umbreon
|-damage|p2a: Umbreon|72/100 par
|move|p2a: Umbreon|Toxic|p1a: Great Neck
|-status|p1a: Great Neck|tox
|
|-damage|p1a: Great Neck|81/100 tox|[from] psn
|upkeep
|turn|45
|
|t:|1760869899
|move|p1a: Great Neck|Volt Switch|p2a: Umbreon
|-crit|p2a: Umbreon
|-damage|p2a: Umbreon|38/100 par
|
|t:|1760869903
|-end|p1a: Great Neck|Protosynthesis|[silent]
|switch|p1a: Space Bird 5555|Cresselia, F, shiny|63/100 par|[from] Volt Switch
|cant|p2a: Umbreon|par
|
|upkeep
|turn|46
|
|t:|1760869908
|cant|p1a: Space Bird 5555|par
|move|p2a: Umbreon|Foul Play|p1a: Space Bird 5555
|-supereffective|p1a: Space Bird 5555
|-damage|p1a: Space Bird 5555|36/100 par
|
|upkeep
|turn|47
|
|t:|1760869914
|move|p1a: Space Bird 5555|Ice Beam|p2a: Umbreon
|-damage|p2a: Umbreon|30/100 par
|move|p2a: Umbreon|Wish|p2a: Umbreon
|
|upkeep
|turn|48
|
|t:|1760869920
|switch|p1a: Dr Teeth|Great Tusk|100/100
|move|p2a: Umbreon|Foul Play|p1a: Dr Teeth
|-resisted|p1a: Dr Teeth
|-crit|p1a: Dr Teeth
|-damage|p1a: Dr Teeth|82/100
|
|-heal|p2a: Umbreon|80/100 par|[from] move: Wish|[wisher] Umbreon
|upkeep
|turn|49
|
|t:|1760869929
|switch|p2a: Moltres|Moltres|94/100
|move|p1a: Dr Teeth|Close Combat|p2a: Moltres
|-resisted|p2a: Moltres
|-damage|p2a: Moltres|75/100
|-unboost|p1a: Dr Teeth|def|1
|-unboost|p1a: Dr Teeth|spd|1
|
|upkeep
|turn|50
|
|t:|1760869934
|-end|p1a: Dr Teeth|Protosynthesis|[silent]
|switch|p1a: Great Neck|Raging Bolt|81/100 tox
|move|p2a: Moltres|Will-O-Wisp|p1a: Great Neck|[miss]
|-miss|p2a: Moltres|p1a: Great Neck
|
|-damage|p1a: Great Neck|75/100 tox|[from] psn
|upkeep
|turn|51
|
|t:|1760869940
|switch|p2a: Rillaboom|Rillaboom, F|47/100
|-activate|p2a: Rillaboom|move: Sticky Web
|-unboost|p2a: Rillaboom|spe|1
|-fieldstart|move: Grassy Terrain|[from] ability: Grassy Surge|[of] p2a: Rillaboom
|move|p1a: Great Neck|Volt Switch|p2a: Rillaboom
|-resisted|p2a: Rillaboom
|-damage|p2a: Rillaboom|23/100
|
|t:|1760869946
|-end|p1a: Great Neck|Protosynthesis|[silent]
|switch|p1a: Marge|Dragonite, F|100/100|[from] Volt Switch
|
|-heal|p2a: Rillaboom|29/100|[from] Grassy Terrain
|upkeep
|turn|52
|
|t:|1760869964
|switch|p2a: Moltres|Moltres|75/100
|move|p1a: Marge|Dragon Dance|p1a: Marge
|-boost|p1a: Marge|atk|1
|-boost|p1a: Marge|spe|1
|
|upkeep
|turn|53
|
|t:|1760869971
|switch|p1a: Space Bird 5555|Cresselia, F, shiny|36/100 par
|move|p2a: Moltres|Will-O-Wisp||[still]
|-fail|p2a: Moltres
|
|upkeep
|turn|54
|
|t:|1760869979
|move|p2a: Moltres|Roost|p2a: Moltres
|-heal|p2a: Moltres|100/100
|-singleturn|p2a: Moltres|move: Roost
|cant|p1a: Space Bird 5555|par
|
|upkeep
|turn|55
|
|t:|1760869985
|switch|p2a: Iron Crown|Iron Crown|86/100 par
|-activate|p2a: Iron Crown|move: Sticky Web
|-unboost|p2a: Iron Crown|spe|1
|move|p1a: Space Bird 5555|Moonlight|p1a: Space Bird 5555
|-heal|p1a: Space Bird 5555|86/100 par
|
|-heal|p2a: Iron Crown|92/100 par|[from] Grassy Terrain
|-fieldend|move: Grassy Terrain
|upkeep
|turn|56
|
|t:|1760869994
|switch|p1a: Dr Teeth|Great Tusk|82/100
|cant|p2a: Iron Crown|par
|
|upkeep
|turn|57
|
|t:|1760870002
|-end|p1a: Dr Teeth|Protosynthesis|[silent]
|switch|p1a: Space Bird 5555|Cresselia, F, shiny|86/100 par
|-end|p2a: Iron Crown|Quark Drive|[silent]
|switch|p2a: Dondozo|Dondozo, M|100/100
|-activate|p2a: Dondozo|move: Sticky Web
|-unboost|p2a: Dondozo|spe|1
|
|upkeep
|turn|58
|
|t:|1760870007
|switch|p2a: Weezing|Weezing-Galar, M|51/100
|-ability|p2a: Weezing|Neutralizing Gas
|cant|p1a: Space Bird 5555|par
|
|upkeep
|turn|59
|
|t:|1760870011
|move|p2a: Weezing|Pain Split|p1a: Space Bird 5555
|-sethp|p1a: Space Bird 5555|62/100 par|[from] move: Pain Split|[silent]
|-sethp|p2a: Weezing|83/100|[from] move: Pain Split
|cant|p1a: Space Bird 5555|par
|
|upkeep
|turn|60
|
|t:|1760870015
|move|p2a: Weezing|Defog|p1a: Space Bird 5555
|-unboost|p1a: Space Bird 5555|evasion|1
|-sideend|p2: Igoodnamename|Sticky Web|[from] move: Defog|[of] p2a: Weezing
|move|p1a: Space Bird 5555|Thunder Wave|p2a: Weezing|[miss]
|-miss|p1a: Space Bird 5555|p2a: Weezing
|
|upkeep
|turn|61
|c|☆wittyphoshop|gg
|-message|wittyphoshop forfeited.
|
|win|Igoodnamename
|raw|wittyphoshop's rating: 1349 &rarr; <strong>1329</strong><br />(-20 for losing)
|raw|Igoodnamename's rating: 1341 &rarr; <strong>1361</strong><br />(+20 for winning)
|l|☆wittyphoshop
|player|p1|
|c|☆Igoodnamename|ggs
|l|☆Igoodnamename
|player|p2|
