|j|☆Fvckbdy
|j|☆Allheckers
|t:|1760863167
|gametype|singles
|player|p1|Fvckbdy|linebacker|1055
|player|p2|Allheckers|sabrina|1101
|gen|9
|tier|[Gen 9] OU
|rated|
|rule|HP Percentage Mod: HP is shown in percentages
|rule|Endless Battle Clause: Forcing endless battles is banned
|rule|Species Clause: Limit one of each Pokémon
|rule|OHKO Clause: OHKO moves are banned
|rule|Evasion Items Clause: Evasion items are banned
|rule|Evasion Moves Clause: Evasion moves are banned
|rule|Evasion Abilities Clause: Evasion abilities are banned
|rule|Sleep Moves Clause: Sleep-inducing moves are banned
|clearpoke
|poke|p1|Serperior, F|
|poke|p1|Mandibuzz, F|
|poke|p1|Iron Moth|
|poke|p1|Gyarados, M|
|poke|p1|Pecharunt|
|poke|p1|Garganacl, F|
|poke|p2|Keldeo-Resolute|
|poke|p2|Masquerain, F|
|poke|p2|Sableye, M|
|poke|p2|Glimmora, F|
|poke|p2|Whimsicott, M|
|poke|p2|Polteageist-Antique|
|teampreview
|
|t:|1760863183
|teamsize|p1|6
|teamsize|p2|6
|start
|switch|p1a: Garganacl|Garganacl, F|100/100
|switch|p2a: Keldeo|Keldeo-Resolute|100/100
|turn|1
|
|t:|1760863216
|switch|p1a: Gyarados|Gyarados, M|100/100
|move|p2a: Keldeo|Surf|p1a: Gyarados
|-resisted|p1a: Gyarados
|-damage|p1a: Gyarados|73/100
|
|-heal|p1a: Gyarados|79/100|[from] item: Leftovers
|upkeep
|turn|2
|
|t:|1760863228
|switch|p2a: Sableye|Sableye, M|100/100
|move|p1a: Gyarados|Dragon Dance|p1a: Gyarados
|-boost|p1a: Gyarados|atk|1
|-boost|p1a: Gyarados|spe|1
|
|-heal|p1a: Gyarados|85/100|[from] item: Leftovers
|upkeep
|turn|3
|
|t:|1760863241
|move|p2a: Sableye|Will-O-Wisp|p1a: Gyarados
|-status|p1a: Gyarados|brn
|move|p1a: Gyarados|Avalanche|p2a: Sableye
|-damage|p2a: Sableye|77/100
|
|-heal|p1a: Gyarados|91/100 brn|[from] item: Leftovers
|-heal|p2a: Sableye|83/100|[from] item: Leftovers
|-damage|p1a: Gyarados|85/100 brn|[from] brn
|upkeep
|turn|4
|inactive|Battle timer is ON: inactive players will automatically lose when time's up. (requested by Allheckers)
|
|t:|1760863289
|switch|p1a: Pecharunt|Pecharunt|100/100
|move|p2a: Sableye|Knock Off|p1a: Pecharunt
|-supereffective|p1a: Pecharunt
|-damage|p1a: Pecharunt|75/100
|-damage|p2a: Sableye|66/100|[from] item: Rocky Helmet|[of] p1a: Pecharunt
|-enditem|p1a: Pecharunt|Rocky Helmet|[from] move: Knock Off|[of] p2a: Sableye
|
|-heal|p2a: Sableye|72/100|[from] item: Leftovers
|upkeep
|turn|5
|
|t:|1760863302
|move|p2a: Sableye|Will-O-Wisp|p1a: Pecharunt
|-status|p1a: Pecharunt|brn
|move|p1a: Pecharunt|Malignant Chain|p2a: Sableye
|-resisted|p2a: Sableye
|-damage|p2a: Sableye|57/100
|-status|p2a: Sableye|tox
|-start|p2a: Sableye|confusion|[from] ability: Poison Puppeteer|[of] p1a: Pecharunt
|
|-heal|p2a: Sableye|63/100 tox|[from] item: Leftovers
|-damage|p2a: Sableye|57/100 tox|[from] psn
|-damage|p1a: Pecharunt|69/100 brn|[from] brn
|upkeep
|turn|6
|
|t:|1760863317
|move|p1a: Pecharunt|Parting Shot|p2a: Sableye
|-unboost|p2a: Sableye|atk|1
|-unboost|p2a: Sableye|spa|1
|
|t:|1760863323
|switch|p1a: Garganacl|Garganacl, F|100/100|[from] Parting Shot
|-activate|p2a: Sableye|confusion
|move|p2a: Sableye|Knock Off|p1a: Garganacl
|-damage|p1a: Garganacl|92/100
|-damage|p2a: Sableye|41/100 tox|[from] item: Rocky Helmet|[of] p1a: Garganacl
|-enditem|p1a: Garganacl|Rocky Helmet|[from] move: Knock Off|[of] p2a: Sableye
|
|-heal|p2a: Sableye|47/100 tox|[from] item: Leftovers
|-damage|p2a: Sableye|35/100 tox|[from] psn
|upkeep
|turn|7
|
|t:|1760863338
|-end|p2a: Sableye|confusion
|move|p2a: Sableye|Recover|p2a: Sableye
|-heal|p2a: Sableye|85/100 tox
|move|p1a: Garganacl|Salt Cure|p2a: Sableye
|-damage|p2a: Sableye|67/100 tox
|-start|p2a: Sableye|Salt Cure
|
|-heal|p2a: Sableye|73/100 tox|[from] item: Leftovers
|-damage|p2a: Sableye|55/100 tox|[from] psn
|-damage|p2a: Sableye|43/100 tox|[from] Salt Cure
|upkeep
|turn|8
|
|t:|1760863352
|switch|p2a: Keldeo|Keldeo-Resolute|100/100
|move|p1a: Garganacl|Salt Cure|p2a: Keldeo
|-resisted|p2a: Keldeo
|-damage|p2a: Keldeo|92/100
|-start|p2a: Keldeo|Salt Cure
|
|-damage|p2a: Keldeo|67/100|[from] Salt Cure
|upkeep
|turn|9
|
|t:|1760863363
|move|p1a: Garganacl|Protect|p1a: Garganacl
|-singleturn|p1a: Garganacl|Protect
|move|p2a: Keldeo|Icy Wind|p1a: Garganacl
|-activate|p1a: Garganacl|move: Protect
|
|-damage|p2a: Keldeo|42/100|[from] Salt Cure
|upkeep
|turn|10
|
|t:|1760863376
|switch|p1a: Gyarados|Gyarados, M|85/100 brn
|move|p2a: Keldeo|Surf|p1a: Gyarados
|-resisted|p1a: Gyarados
|-damage|p1a: Gyarados|58/100 brn
|
|-heal|p1a: Gyarados|64/100 brn|[from] item: Leftovers
|-damage|p1a: Gyarados|58/100 brn|[from] brn
|-damage|p2a: Keldeo|17/100|[from] Salt Cure
|upkeep
|turn|11
|
|t:|1760863389
|switch|p2a: Whimsicott|Whimsicott, M|100/100
|move|p1a: Gyarados|Dragon Dance|p1a: Gyarados
|-boost|p1a: Gyarados|atk|1
|-boost|p1a: Gyarados|spe|1
|
|-heal|p1a: Gyarados|64/100 brn|[from] item: Leftovers
|-damage|p1a: Gyarados|58/100 brn|[from] brn
|upkeep
|turn|12
|
|t:|1760863400
|move|p2a: Whimsicott|Substitute|p2a: Whimsicott
|-start|p2a: Whimsicott|Substitute
|-damage|p2a: Whimsicott|76/100
|move|p1a: Gyarados|Avalanche|p2a: Whimsicott
|-supereffective|p2a: Whimsicott
|-end|p2a: Whimsicott|Substitute
|
|-heal|p1a: Gyarados|64/100 brn|[from] item: Leftovers
|-heal|p2a: Whimsicott|82/100|[from] item: Leftovers
|-damage|p1a: Gyarados|58/100 brn|[from] brn
|upkeep
|turn|13
|
|t:|1760863413
|move|p2a: Whimsicott|Leech Seed|p1a: Gyarados
|-start|p1a: Gyarados|move: Leech Seed
|move|p1a: Gyarados|Avalanche|p2a: Whimsicott
|-supereffective|p2a: Whimsicott
|-damage|p2a: Whimsicott|43/100
|
|-heal|p1a: Gyarados|64/100 brn|[from] item: Leftovers
|-heal|p2a: Whimsicott|50/100|[from] item: Leftovers
|-damage|p1a: Gyarados|51/100 brn|[from] Leech Seed|[of] p2a: Whimsicott
|-heal|p2a: Whimsicott|65/100|[silent]
|-damage|p1a: Gyarados|45/100 brn|[from] brn
|upkeep
|turn|14
|
|t:|1760863432
|switch|p1a: Garganacl|Garganacl, F|92/100
|move|p2a: Whimsicott|Substitute|p2a: Whimsicott
|-start|p2a: Whimsicott|Substitute
|-damage|p2a: Whimsicott|40/100
|
|-heal|p2a: Whimsicott|46/100|[from] item: Leftovers
|upkeep
|turn|15
|
|t:|1760863444
|move|p2a: Whimsicott|Moonblast|p1a: Garganacl
|-damage|p1a: Garganacl|65/100
|move|p1a: Garganacl|Salt Cure|p2a: Whimsicott
|-activate|p2a: Whimsicott|move: Substitute|[damage]
|
|-heal|p2a: Whimsicott|53/100|[from] item: Leftovers
|upkeep
|turn|16
|
|t:|1760863456
|move|p1a: Garganacl|Protect|p1a: Garganacl
|-singleturn|p1a: Garganacl|Protect
|move|p2a: Whimsicott|Moonblast|p1a: Garganacl
|-activate|p1a: Garganacl|move: Protect
|
|-heal|p2a: Whimsicott|59/100|[from] item: Leftovers
|upkeep
|turn|17
|
|t:|1760863480
|switch|p1a: Serperior|Serperior, F|100/100
|move|p2a: Whimsicott|Moonblast|p1a: Serperior
|-damage|p1a: Serperior|62/100
|
|-heal|p1a: Serperior|69/100|[from] item: Leftovers
|-heal|p2a: Whimsicott|65/100|[from] item: Leftovers
|upkeep
|turn|18
|
|t:|1760863490
|move|p1a: Serperior|Leaf Storm|p2a: Whimsicott
|-resisted|p2a: Whimsicott
|-end|p2a: Whimsicott|Substitute
|-boost|p1a: Serperior|spa|2
|move|p2a: Whimsicott|Moonblast|p1a: Serperior
|-damage|p1a: Serperior|31/100
|-boost|p1a: Serperior|spa|1
|
|-heal|p1a: Serperior|37/100|[from] item: Leftovers
|-heal|p2a: Whimsicott|71/100|[from] item: Leftovers
|upkeep
|turn|19
|
|t:|1760863502
|move|p2a: Whimsicott|Substitute|p2a: Whimsicott
|-start|p2a: Whimsicott|Substitute
|-damage|p2a: Whimsicott|46/100
|move|p1a: Serperior|Dragon Pulse|p2a: Whimsicott
|-immune|p2a: Whimsicott
|
|-heal|p1a: Serperior|44/100|[from] item: Leftovers
|-heal|p2a: Whimsicott|52/100|[from] item: Leftovers
|upkeep
|turn|20
|
|t:|1760863517
|move|p1a: Serperior|Leaf Storm|p2a: Whimsicott
|-resisted|p2a: Whimsicott
|-end|p2a: Whimsicott|Substitute
|-boost|p1a: Serperior|spa|2
|move|p2a: Whimsicott|Moonblast|p1a: Serperior
|-damage|p1a: Serperior|3/100
|
|-heal|p1a: Serperior|9/100|[from] item: Leftovers
|-heal|p2a: Whimsicott|58/100|[from] item: Leftovers
|upkeep
|turn|21
|
|t:|1760863528
|move|p2a: Whimsicott|Substitute|p2a: Whimsicott
|-start|p2a: Whimsicott|Substitute
|-damage|p2a: Whimsicott|33/100
|move|p1a: Serperior|Leaf Storm|p2a: Whimsicott
|-resisted|p2a: Whimsicott
|-end|p2a: Whimsicott|Substitute
|-boost|p1a: Serperior|spa|1
|
|-heal|p1a: Serperior|15/100|[from] item: Leftovers
|-heal|p2a: Whimsicott|40/100|[from] item: Leftovers
|upkeep
|turn|22
|
|t:|1760863542
|move|p2a: Whimsicott|Substitute|p2a: Whimsicott
|-start|p2a: Whimsicott|Substitute
|-damage|p2a: Whimsicott|15/100
|move|p1a: Serperior|Leaf Storm|p2a: Whimsicott
|-resisted|p2a: Whimsicott
|-end|p2a: Whimsicott|Substitute
|
|-heal|p1a: Serperior|21/100|[from] item: Leftovers
|-heal|p2a: Whimsicott|21/100|[from] item: Leftovers
|upkeep
|turn|23
|
|t:|1760863551
|switch|p2a: Sableye|Sableye, M|43/100 tox
|move|p1a: Serperior|Leaf Storm|p2a: Sableye
|-damage|p2a: Sableye|0 fnt
|faint|p2a: Sableye
|
|-heal|p1a: Serperior|27/100|[from] item: Leftovers
|upkeep
|
|t:|1760863560
|switch|p2a: Polteageist|Polteageist-Antique|100/100
|turn|24
|
|t:|1760863570
|move|p1a: Serperior|Substitute|p1a: Serperior
|-start|p1a: Serperior|Substitute
|-damage|p1a: Serperior|2/100
|move|p2a: Polteageist|Shell Smash|p2a: Polteageist
|-unboost|p2a: Polteageist|def|1
|-unboost|p2a: Polteageist|spd|1
|-boost|p2a: Polteageist|atk|2
|-boost|p2a: Polteageist|spa|2
|-boost|p2a: Polteageist|spe|2
|
|-heal|p1a: Serperior|8/100|[from] item: Leftovers
|upkeep
|turn|25
|
|t:|1760863583
|move|p2a: Polteageist|Stored Power|p1a: Serperior
|-end|p1a: Serperior|Substitute
|move|p1a: Serperior|Leech Seed|p2a: Polteageist
|-start|p2a: Polteageist|move: Leech Seed
|
|-heal|p1a: Serperior|15/100|[from] item: Leftovers
|-damage|p2a: Polteageist|88/100|[from] Leech Seed|[of] p1a: Serperior
|-heal|p1a: Serperior|25/100|[silent]
|upkeep
|turn|26
|
|t:|1760863592
|move|p2a: Polteageist|Stored Power|p1a: Serperior
|-damage|p1a: Serperior|0 fnt
|faint|p1a: Serperior
|
|upkeep
|
|t:|1760863607
|switch|p1a: Mandibuzz|Mandibuzz, F|100/100
|turn|27
|
|t:|1760863620
|-terastallize|p2a: Polteageist|Fighting
|move|p2a: Polteageist|Tera Blast|p1a: Mandibuzz|[anim] Tera Blast Fighting
|-damage|p1a: Mandibuzz|28/100
|move|p1a: Mandibuzz|Knock Off|p2a: Polteageist
|-resisted|p2a: Polteageist
|-crit|p2a: Polteageist
|-damage|p2a: Polteageist|48/100
|-ability|p2a: Polteageist|Weak Armor|boost
|-unboost|p2a: Polteageist|def|1
|-boost|p2a: Polteageist|spe|2
|-enditem|p2a: Polteageist|Focus Sash|[from] move: Knock Off|[of] p1a: Mandibuzz
|
|-damage|p2a: Polteageist|35/100|[from] Leech Seed|[of] p1a: Mandibuzz
|-heal|p1a: Mandibuzz|36/100|[silent]
|upkeep
|turn|28
|
|t:|1760863640
|switch|p1a: Pecharunt|Pecharunt|69/100 brn
|move|p2a: Polteageist|Tera Blast|p1a: Pecharunt|[anim] Tera Blast Fighting
|-immune|p1a: Pecharunt
|
|-damage|p2a: Polteageist|23/100|[from] Leech Seed|[of] p1a: Pecharunt
|-heal|p1a: Pecharunt|77/100 brn|[silent]
|-damage|p1a: Pecharunt|71/100 brn|[from] brn
|upkeep
|turn|29
|
|t:|1760863656
|switch|p1a: Mandibuzz|Mandibuzz, F|36/100
|move|p2a: Polteageist|Shadow Ball|p1a: Mandibuzz
|-resisted|p1a: Mandibuzz
|-damage|p1a: Mandibuzz|2/100
|
|-damage|p2a: Polteageist|11/100|[from] Leech Seed|[of] p1a: Mandibuzz
|-heal|p1a: Mandibuzz|9/100|[silent]
|upkeep
|turn|30
|
|t:|1760863671
|switch|p1a: Garganacl|Garganacl, F|65/100
|move|p2a: Polteageist|Shadow Ball|p1a: Garganacl
|-damage|p1a: Garganacl|26/100
|
|-damage|p2a: Polteageist|0 fnt|[from] Leech Seed|[of] p1a: Garganacl
|-heal|p1a: Garganacl|32/100|[silent]
|faint|p2a: Polteageist
|upkeep
|
|t:|1760863676
|switch|p2a: Keldeo|Keldeo-Resolute|17/100
|turn|31
|
|t:|1760863690
|switch|p1a: Gyarados|Gyarados, M|45/100 brn
|move|p2a: Keldeo|Secret Sword|p1a: Gyarados
|-resisted|p1a: Gyarados
|-damage|p1a: Gyarados|17/100 brn
|
|-heal|p1a: Gyarados|23/100 brn|[from] item: Leftovers
|-damage|p1a: Gyarados|17/100 brn|[from] brn
|upkeep
|turn|32
|
|t:|1760863704
|move|p2a: Keldeo|Secret Sword|p1a: Gyarados
|-resisted|p1a: Gyarados
|-damage|p1a: Gyarados|0 fnt
|faint|p1a: Gyarados
|
|upkeep
|
|t:|1760863711
|switch|p1a: Iron Moth|Iron Moth|100/100
|turn|33
|
|t:|1760863720
|switch|p2a: Masquerain|Masquerain, F|100/100
|-ability|p2a: Masquerain|Intimidate|boost
|-unboost|p1a: Iron Moth|atk|1
|move|p1a: Iron Moth|Energy Ball|p2a: Masquerain
|-resisted|p2a: Masquerain
|-damage|p2a: Masquerain|90/100
|
|-heal|p2a: Masquerain|96/100|[from] item: Leftovers
|upkeep
|turn|34
|
|t:|1760863736
|-end|p1a: Iron Moth|Quark Drive|[silent]
|switch|p1a: Pecharunt|Pecharunt|71/100 brn
|move|p2a: Masquerain|Sticky Web|p1a: Pecharunt
|-sidestart|p1: Fvckbdy|move: Sticky Web
|
|-heal|p2a: Masquerain|100/100|[from] item: Leftovers
|-damage|p1a: Pecharunt|65/100 brn|[from] brn
|upkeep
|turn|35
|
|t:|1760863746
|move|p2a: Masquerain|Quiver Dance|p2a: Masquerain
|-boost|p2a: Masquerain|spa|1
|-boost|p2a: Masquerain|spd|1
|-boost|p2a: Masquerain|spe|1
|move|p1a: Pecharunt|Recover|p1a: Pecharunt
|-heal|p1a: Pecharunt|100/100 brn
|
|-damage|p1a: Pecharunt|94/100 brn|[from] brn
|upkeep
|turn|36
|
|t:|1760863756
|move|p2a: Masquerain|Air Slash|p1a: Pecharunt
|-damage|p1a: Pecharunt|48/100 brn
|cant|p1a: Pecharunt|flinch
|
|-damage|p1a: Pecharunt|42/100 brn|[from] brn
|upkeep
|turn|37
|
|t:|1760863764
|move|p2a: Masquerain|Air Slash|p1a: Pecharunt
|-damage|p1a: Pecharunt|0 fnt
|faint|p1a: Pecharunt
|
|upkeep
|
|t:|1760863770
|switch|p1a: Iron Moth|Iron Moth|100/100
|-activate|p1a: Iron Moth|move: Sticky Web
|-unboost|p1a: Iron Moth|spe|1
|turn|38
|
|t:|1760863776
|move|p2a: Masquerain|Air Slash|p1a: Iron Moth
|-crit|p1a: Iron Moth
|-damage|p1a: Iron Moth|50/100
|cant|p1a: Iron Moth|flinch
|
|-heal|p1a: Iron Moth|56/100|[from] item: Leftovers
|upkeep
|turn|39
|
|t:|1760863784
|move|p2a: Masquerain|Air Slash|p1a: Iron Moth
|-damage|p1a: Iron Moth|25/100
|cant|p1a: Iron Moth|flinch
|
|-heal|p1a: Iron Moth|31/100|[from] item: Leftovers
|upkeep
|turn|40
|
|t:|1760863791
|move|p2a: Masquerain|Air Slash|p1a: Iron Moth
|-damage|p1a: Iron Moth|0 fnt
|faint|p1a: Iron Moth
|-end|p1a: Iron Moth|Quark Drive|[silent]
|
|upkeep
|
|t:|1760863802
|switch|p1a: Garganacl|Garganacl, F|32/100
|-activate|p1a: Garganacl|move: Sticky Web
|-unboost|p1a: Garganacl|spe|1
|turn|41
|
|t:|1760863808
|move|p2a: Masquerain|Ice Beam|p1a: Garganacl
|-damage|p1a: Garganacl|0 fnt
|faint|p1a: Garganacl
|
|upkeep
|
|t:|1760863813
|switch|p1a: Mandibuzz|Mandibuzz, F|9/100
|turn|42
|-message|Fvckbdy forfeited.
|
|win|Allheckers
|raw|Fvckbdy's rating: 1055 &rarr; <strong>1038</strong><br />(-17 for losing)
|raw|Allheckers's rating: 1077 &rarr; <strong>1104</strong><br />(+27 for winning)
|l|☆Fvckbdy
|player|p1|
|l|☆Allheckers
|player|p2|
