|j|☆arcanonino
|j|☆DoYouTest?
|inactive|Battle timer is ON: inactive players will automatically lose when time's up.
|t:|1760807139
|gametype|singles
|player|p1|arcanonino|102|
|player|p2|DoYouTest?|unknownf|
|gen|9
|tier|[Gen 9] OU
|rated|Tournament battle
|rule|HP Percentage Mod: HP is shown in percentages
|rule|Endless Battle Clause: Forcing endless battles is banned
|rule|Species Clause: Limit one of each Pokémon
|rule|OHKO Clause: OHKO moves are banned
|rule|Evasion Items Clause: Evasion items are banned
|rule|Evasion Moves Clause: Evasion moves are banned
|rule|Evasion Abilities Clause: Evasion abilities are banned
|rule|Sleep Moves Clause: Sleep-inducing moves are banned
|clearpoke
|poke|p1|Gengar, F|
|poke|p1|Weavile, F|
|poke|p1|Gliscor, M|
|poke|p1|Rotom-Wash|
|poke|p1|Breloom, M|
|poke|p1|Talonflame, F|
|poke|p2|Samurott-Hisui, M|
|poke|p2|Heatran, M|
|poke|p2|Great Tusk|
|poke|p2|Tornadus-Therian, M|
|poke|p2|Hatterene, F|
|poke|p2|Dragapult, F|
|teampreview
|
|t:|1760807155
|teamsize|p1|6
|teamsize|p2|6
|start
|switch|p1a: Rotom|Rotom-Wash|100/100
|switch|p2a: Dragapult|Dragapult, F|100/100
|turn|1
|
|t:|1760807166
|move|p2a: Dragapult|Draco Meteor|p1a: Rotom
|-damage|p1a: Rotom|30/100
|-unboost|p2a: Dragapult|spa|2
|move|p1a: Rotom|Pain Split|p2a: Dragapult
|-sethp|p2a: Dragapult|65/100|[from] move: Pain Split|[silent]
|-sethp|p1a: Rotom|68/100|[from] move: Pain Split
|
|-heal|p1a: Rotom|74/100|[from] item: Leftovers
|upkeep
|turn|2
|
|t:|1760807174
|switch|p2a: Hatterene|Hatterene, F|100/100
|move|p1a: Rotom|Hydro Pump|p2a: Hatterene
|-damage|p2a: Hatterene|65/100
|
|-heal|p1a: Rotom|80/100|[from] item: Leftovers
|-heal|p2a: Hatterene|71/100|[from] item: Leftovers
|upkeep
|turn|3
|
|t:|1760807178
|move|p1a: Rotom|Volt Switch|p2a: Hatterene
|-damage|p2a: Hatterene|46/100
|
|t:|1760807182
|switch|p1a: Talonflame|Talonflame, F|100/100|[from] Volt Switch
|move|p2a: Hatterene|Psychic Noise|p1a: Talonflame
|-damage|p1a: Talonflame|53/100
|-start|p1a: Talonflame|move: Heal Block
|
|-heal|p2a: Hatterene|52/100|[from] item: Leftovers
|upkeep
|turn|4
|
|t:|1760807189
|switch|p1a: Weavile|Weavile, F|100/100
|-ability|p1a: Weavile|Pressure
|move|p2a: Hatterene|Nuzzle|p1a: Weavile
|-damage|p1a: Weavile|93/100
|-status|p1a: Weavile|par
|
|-heal|p2a: Hatterene|58/100|[from] item: Leftovers
|upkeep
|turn|5
|inactive|arcanonino has 120 seconds left.
|c|☆arcanonino|gg
|
|t:|1760807225
|switch|p2a: Samurott|Samurott-Hisui, M|100/100
|cant|p1a: Weavile|par
|
|upkeep
|turn|6
|
|t:|1760807232
|switch|p1a: Breloom|Breloom, M|100/100
|move|p2a: Samurott|Ceaseless Edge|p1a: Breloom
|-resisted|p1a: Breloom
|-damage|p1a: Breloom|68/100
|-sidestart|p1: arcanonino|Spikes
|
|upkeep
|turn|7
|
|t:|1760807237
|switch|p2a: Tornadus|Tornadus-Therian, M|100/100
|move|p1a: Breloom|Bullet Seed|p2a: Tornadus
|-resisted|p2a: Tornadus
|-damage|p2a: Tornadus|88/100
|-resisted|p2a: Tornadus
|-damage|p2a: Tornadus|76/100
|-resisted|p2a: Tornadus
|-damage|p2a: Tornadus|64/100
|-resisted|p2a: Tornadus
|-damage|p2a: Tornadus|53/100
|-hitcount|p2a: Tornadus|4
|
|upkeep
|turn|8
|
|t:|1760807241
|switch|p1a: Rotom|Rotom-Wash|80/100
|move|p2a: Tornadus|Bleakwind Storm|p1a: Rotom
|-resisted|p1a: Rotom
|-damage|p1a: Rotom|65/100
|-unboost|p1a: Rotom|spe|1
|
|-heal|p1a: Rotom|71/100|[from] item: Leftovers
|upkeep
|turn|9
|
|t:|1760807247
|move|p2a: Tornadus|U-turn|p1a: Rotom
|-damage|p1a: Rotom|55/100
|
|t:|1760807250
|switch|p2a: Samurott|Samurott-Hisui, M|100/100|[from] U-turn
|move|p1a: Rotom|Hydro Pump|p2a: Samurott|[miss]
|-miss|p1a: Rotom|p2a: Samurott
|
|-heal|p1a: Rotom|61/100|[from] item: Leftovers
|upkeep
|turn|10
|
|t:|1760807259
|move|p2a: Samurott|Ceaseless Edge|p1a: Rotom
|-damage|p1a: Rotom|17/100
|-sidestart|p1: arcanonino|Spikes
|move|p1a: Rotom|Will-O-Wisp|p2a: Samurott
|-status|p2a: Samurott|brn
|
|-heal|p1a: Rotom|24/100|[from] item: Leftovers
|-damage|p2a: Samurott|94/100 brn|[from] brn
|upkeep
|turn|11
|
|t:|1760807265
|move|p2a: Samurott|Ceaseless Edge|p1a: Rotom
|-damage|p1a: Rotom|2/100
|-sidestart|p1: arcanonino|Spikes
|move|p1a: Rotom|Pain Split|p2a: Samurott
|-sethp|p2a: Samurott|48/100 brn|[from] move: Pain Split|[silent]
|-sethp|p1a: Rotom|60/100|[from] move: Pain Split
|
|-heal|p1a: Rotom|66/100|[from] item: Leftovers
|-damage|p2a: Samurott|42/100 brn|[from] brn
|upkeep
|turn|12
|
|t:|1760807274
|move|p2a: Samurott|Knock Off|p1a: Rotom
|-crit|p1a: Rotom
|-damage|p1a: Rotom|32/100
|-enditem|p1a: Rotom|Leftovers|[from] move: Knock Off|[of] p2a: Samurott
|move|p1a: Rotom|Volt Switch|p2a: Samurott
|-supereffective|p2a: Samurott
|-damage|p2a: Samurott|4/100 brn
|
|t:|1760807293
|switch|p1a: Talonflame|Talonflame, F|53/100|[from] Volt Switch
|
|-damage|p2a: Samurott|0 fnt|[from] brn
|faint|p2a: Samurott
|upkeep
|
|t:|1760807297
|switch|p2a: Dragapult|Dragapult, F|65/100
|turn|13
|inactive|arcanonino has 120 seconds left.
|
|t:|1760807332
|switch|p1a: Rotom|Rotom-Wash|32/100
|move|p2a: Dragapult|Shadow Ball|p1a: Rotom
|-damage|p1a: Rotom|0 fnt
|faint|p1a: Rotom
|
|upkeep
|
|t:|1760807335
|switch|p1a: Weavile|Weavile, F|93/100 par
|-damage|p1a: Weavile|68/100 par|[from] Spikes
|-ability|p1a: Weavile|Pressure
|turn|14
|
|t:|1760807348
|switch|p2a: Heatran|Heatran, M|100/100
|cant|p1a: Weavile|par
|
|upkeep
|turn|15
|
|t:|1760807354
|switch|p1a: Talonflame|Talonflame, F|53/100
|move|p2a: Heatran|Lava Plume|p1a: Talonflame
|-resisted|p1a: Talonflame
|-damage|p1a: Talonflame|33/100
|
|upkeep
|turn|16
|
|t:|1760807358
|move|p1a: Talonflame|Defog|p2a: Heatran
|-unboost|p2a: Heatran|evasion|1
|-sideend|p1: arcanonino|Spikes|[from] move: Defog|[of] p1a: Talonflame
|move|p2a: Heatran|Stealth Rock|p1a: Talonflame
|-sidestart|p1: arcanonino|move: Stealth Rock
|
|upkeep
|turn|17
|
|t:|1760807360
|move|p1a: Talonflame|Roost|p1a: Talonflame
|-heal|p1a: Talonflame|83/100
|-singleturn|p1a: Talonflame|move: Roost
|move|p2a: Heatran|Lava Plume|p1a: Talonflame
|-resisted|p1a: Talonflame
|-damage|p1a: Talonflame|62/100
|
|upkeep
|turn|18
|
|t:|1760807364
|move|p1a: Talonflame|Defog|p2a: Heatran
|-unboost|p2a: Heatran|evasion|1
|-sideend|p1: arcanonino|Stealth Rock|[from] move: Defog|[of] p1a: Talonflame
|move|p2a: Heatran|Lava Plume|p1a: Talonflame
|-resisted|p1a: Talonflame
|-damage|p1a: Talonflame|40/100
|
|upkeep
|turn|19
|
|t:|1760807368
|switch|p1a: Gliscor|Gliscor, M|100/100
|move|p2a: Heatran|Lava Plume|p1a: Gliscor
|-damage|p1a: Gliscor|56/100
|
|-status|p1a: Gliscor|tox|[from] item: Toxic Orb
|upkeep
|turn|20
|
|t:|1760807373
|switch|p2a: Great Tusk|Great Tusk|100/100
|move|p1a: Gliscor|Knock Off|p2a: Great Tusk
|-resisted|p2a: Great Tusk
|-damage|p2a: Great Tusk|93/100
|-damage|p1a: Gliscor|39/100 tox|[from] item: Rocky Helmet|[of] p2a: Great Tusk
|-enditem|p2a: Great Tusk|Rocky Helmet|[from] move: Knock Off|[of] p1a: Gliscor
|
|-heal|p1a: Gliscor|52/100 tox|[from] ability: Poison Heal
|upkeep
|turn|21
|
|t:|1760807380
|switch|p1a: Talonflame|Talonflame, F|40/100
|move|p2a: Great Tusk|Rapid Spin|p1a: Talonflame
|-damage|p1a: Talonflame|24/100
|-boost|p2a: Great Tusk|spe|1
|-status|p2a: Great Tusk|brn|[from] ability: Flame Body|[of] p1a: Talonflame
|
|-damage|p2a: Great Tusk|86/100 brn|[from] brn
|upkeep
|turn|22
|
|t:|1760807384
|move|p2a: Great Tusk|Ice Spinner|p1a: Talonflame
|-damage|p1a: Talonflame|11/100
|move|p1a: Talonflame|Roost|p1a: Talonflame
|-heal|p1a: Talonflame|61/100
|-singleturn|p1a: Talonflame|move: Roost
|
|-damage|p2a: Great Tusk|80/100 brn|[from] brn
|upkeep
|turn|23
|
|t:|1760807388
|-end|p2a: Great Tusk|Protosynthesis|[silent]
|switch|p2a: Heatran|Heatran, M|100/100
|move|p1a: Talonflame|Roost|p1a: Talonflame
|-heal|p1a: Talonflame|100/100
|-singleturn|p1a: Talonflame|move: Roost
|
|upkeep
|turn|24
|
|t:|1760807400
|switch|p1a: Gengar|Gengar, F|100/100
|move|p2a: Heatran|Stealth Rock|p1a: Gengar
|-sidestart|p1: arcanonino|move: Stealth Rock
|
|upkeep
|turn|25
|
|t:|1760807402
|move|p1a: Gengar|Substitute|p1a: Gengar
|-start|p1a: Gengar|Substitute
|-damage|p1a: Gengar|76/100
|move|p2a: Heatran|Lava Plume|p1a: Gengar
|-end|p1a: Gengar|Substitute
|
|-heal|p1a: Gengar|82/100|[from] item: Black Sludge
|upkeep
|turn|26
|
|t:|1760807407
|move|p1a: Gengar|Disable|p2a: Heatran
|-start|p2a: Heatran|Disable|Lava Plume
|cant|p2a: Heatran|Disable|Lava Plume
|
|-heal|p1a: Gengar|88/100|[from] item: Black Sludge
|upkeep
|turn|27
|
|t:|1760807409
|move|p1a: Gengar|Substitute|p1a: Gengar
|-start|p1a: Gengar|Substitute
|-damage|p1a: Gengar|63/100
|move|p2a: Heatran|Earth Power|p1a: Gengar
|-supereffective|p1a: Gengar
|-end|p1a: Gengar|Substitute
|
|-heal|p1a: Gengar|70/100|[from] item: Black Sludge
|upkeep
|turn|28
|
|t:|1760807414
|switch|p1a: Talonflame|Talonflame, F|100/100
|move|p2a: Heatran|Earth Power|p1a: Talonflame
|-immune|p1a: Talonflame
|
|upkeep
|turn|29
|
|t:|1760807417
|move|p1a: Talonflame|Defog|p2a: Heatran
|-unboost|p2a: Heatran|evasion|1
|-sideend|p1: arcanonino|Stealth Rock|[from] move: Defog|[of] p1a: Talonflame
|move|p2a: Heatran|Will-O-Wisp|p1a: Talonflame
|-immune|p1a: Talonflame
|
|-end|p2a: Heatran|Disable
|upkeep
|turn|30
|
|t:|1760807425
|switch|p1a: Gliscor|Gliscor, M|52/100 tox
|move|p2a: Heatran|Lava Plume|p1a: Gliscor
|-damage|p1a: Gliscor|10/100 tox
|
|-heal|p1a: Gliscor|22/100 tox|[from] ability: Poison Heal
|upkeep
|turn|31
|
|t:|1760807430
|switch|p2a: Tornadus|Tornadus-Therian, M|86/100
|move|p1a: Gliscor|Earthquake|p2a: Tornadus
|-immune|p2a: Tornadus
|
|-heal|p1a: Gliscor|35/100 tox|[from] ability: Poison Heal
|upkeep
|turn|32
|
|t:|1760807432
|move|p1a: Gliscor|Protect|p1a: Gliscor
|-singleturn|p1a: Gliscor|Protect
|move|p2a: Tornadus|Bleakwind Storm|p1a: Gliscor
|-activate|p1a: Gliscor|move: Protect
|
|-heal|p1a: Gliscor|47/100 tox|[from] ability: Poison Heal
|upkeep
|turn|33
|
|t:|1760807444
|switch|p1a: Talonflame|Talonflame, F|100/100
|move|p2a: Tornadus|Bleakwind Storm|p1a: Talonflame|[miss]
|-miss|p2a: Tornadus|p1a: Talonflame
|
|upkeep
|turn|34
|
|t:|1760807451
|move|p2a: Tornadus|Bleakwind Storm|p1a: Talonflame
|-damage|p1a: Talonflame|51/100
|-unboost|p1a: Talonflame|spe|1
|move|p1a: Talonflame|Will-O-Wisp|p2a: Tornadus
|-status|p2a: Tornadus|brn
|
|-damage|p2a: Tornadus|80/100 brn|[from] brn
|upkeep
|turn|35
|
|t:|1760807461
|switch|p1a: Gengar|Gengar, F|70/100
|move|p2a: Tornadus|Bleakwind Storm|p1a: Gengar
|-damage|p1a: Gengar|15/100
|
|-heal|p1a: Gengar|22/100|[from] item: Black Sludge
|-damage|p2a: Tornadus|74/100 brn|[from] brn
|upkeep
|turn|36
|
|t:|1760807466
|move|p2a: Tornadus|Knock Off|p1a: Gengar
|-supereffective|p1a: Gengar
|-damage|p1a: Gengar|0 fnt
|-start|p2a: Tornadus|Disable|Knock Off|[from] ability: Cursed Body|[of] p1a: Gengar
|-enditem|p1a: Gengar|Black Sludge|[from] move: Knock Off|[of] p2a: Tornadus
|faint|p1a: Gengar
|
|-damage|p2a: Tornadus|68/100 brn|[from] brn
|upkeep
|
|t:|1760807470
|switch|p1a: Weavile|Weavile, F|68/100 par
|-ability|p1a: Weavile|Pressure
|turn|37
|
|t:|1760807475
|switch|p2a: Great Tusk|Great Tusk|80/100 brn
|move|p1a: Weavile|Ice Shard|p2a: Great Tusk
|-supereffective|p2a: Great Tusk
|-damage|p2a: Great Tusk|33/100 brn
|
|-damage|p2a: Great Tusk|27/100 brn|[from] brn
|upkeep
|turn|38
|
|t:|1760807483
|move|p1a: Weavile|Ice Shard|p2a: Great Tusk
|-supereffective|p2a: Great Tusk
|-damage|p2a: Great Tusk|0 fnt
|faint|p2a: Great Tusk
|-end|p2a: Great Tusk|Protosynthesis|[silent]
|
|upkeep
|
|t:|1760807489
|switch|p2a: Heatran|Heatran, M|100/100
|turn|39
|
|t:|1760807497
|switch|p1a: Breloom|Breloom, M|68/100
|move|p2a: Heatran|Lava Plume|p1a: Breloom
|-supereffective|p1a: Breloom
|-damage|p1a: Breloom|0 fnt
|faint|p1a: Breloom
|
|upkeep
|-message|arcanonino forfeited.
|
|win|DoYouTest?
|n|☆arcanonino|arcanonino
|n|☆DoYouTest?|doyoutest
|l|☆arcanonino
|player|p1|
