|j|☆KuroNoTamashi
|j|☆FenixFyre04
|t:|1760785426
|gametype|singles
|player|p1|KuroNoTamashi|102|1342
|player|p2|FenixFyre04|steven|1317
|gen|9
|tier|[Gen 9] OU
|rated|
|rule|HP Percentage Mod: HP is shown in percentages
|rule|Endless Battle Clause: Forcing endless battles is banned
|rule|Species Clause: Limit one of each Pokémon
|rule|OHKO Clause: OHKO moves are banned
|rule|Evasion Items Clause: Evasion items are banned
|rule|Evasion Moves Clause: Evasion moves are banned
|rule|Evasion Abilities Clause: Evasion abilities are banned
|rule|Sleep Moves Clause: Sleep-inducing moves are banned
|clearpoke
|poke|p1|Ursaluna, F|
|poke|p1|Mimikyu, F|
|poke|p1|Hatterene, F|
|poke|p1|Copperajah, M|
|poke|p1|Crawdaunt, F|
|poke|p1|Hoopa|
|poke|p2|Hatterene, F|
|poke|p2|Mimikyu, M|
|poke|p2|Gholdengo|
|poke|p2|Slowking, M|
|poke|p2|Slither Wing|
|poke|p2|Braviary-Hisui, M|
|teampreview
|inactive|Battle timer is ON: inactive players will automatically lose when time's up. (requested by FenixFyre04)
|
|t:|1760785446
|teamsize|p1|6
|teamsize|p2|6
|start
|switch|p1a: Crawdaunt|Crawdaunt, F|100/100
|switch|p2a: Hatterene|Hatterene, F|100/100
|turn|1
|
|t:|1760785454
|move|p1a: Crawdaunt|Crabhammer|p2a: Hatterene
|-damage|p2a: Hatterene|0 fnt
|faint|p2a: Hatterene
|
|upkeep
|
|t:|1760785462
|switch|p2a: Slither Wing|Slither Wing|100/100
|turn|2
|
|t:|1760785466
|move|p2a: Slither Wing|U-turn|p1a: Crawdaunt
|-supereffective|p1a: Crawdaunt
|-damage|p1a: Crawdaunt|0 fnt
|faint|p1a: Crawdaunt
|
|t:|1760785485
|-end|p2a: Slither Wing|Protosynthesis|[silent]
|switch|p2a: Gholdengo|Gholdengo|100/100|[from] U-turn
|
|upkeep
|
|t:|1760785488
|switch|p1a: Hoopa|Hoopa|100/100
|turn|3
|
|t:|1760785508
|-terastallize|p2a: Gholdengo|Steel
|move|p2a: Gholdengo|Make It Rain|p1a: Hoopa
|-crit|p1a: Hoopa
|-enditem|p1a: Hoopa|Focus Sash
|-damage|p1a: Hoopa|1/100
|-unboost|p2a: Gholdengo|spa|1
|move|p1a: Hoopa|Trick Room|p1a: Hoopa
|-fieldstart|move: Trick Room|[of] p1a: Hoopa
|
|upkeep
|turn|4
|
|t:|1760785523
|move|p1a: Hoopa|Shadow Ball|p2a: Gholdengo
|-damage|p2a: Gholdengo|48/100
|-item|p1a: Hoopa|Iron Plate|[from] ability: Magician|[of] p2a: Gholdengo
|move|p2a: Gholdengo|Shadow Ball|p1a: Hoopa
|-supereffective|p1a: Hoopa
|-damage|p1a: Hoopa|0 fnt
|faint|p1a: Hoopa
|
|upkeep
|
|t:|1760785532
|switch|p1a: Copperajah|Copperajah, M, shiny|100/100
|turn|5
|
|t:|1760785538
|switch|p2a: Slowking|Slowking, M|100/100
|move|p1a: Copperajah|Earthquake|p2a: Slowking
|-damage|p2a: Slowking|65/100
|-damage|p1a: Copperajah|91/100|[from] item: Life Orb
|
|upkeep
|turn|6
|
|t:|1760785544
|move|p2a: Slowking|Scald|p1a: Copperajah
|-damage|p1a: Copperajah|62/100
|move|p1a: Copperajah|Play Rough|p2a: Slowking
|-damage|p2a: Slowking|23/100
|
|upkeep
|turn|7
|
|t:|1760785553
|move|p2a: Slowking|Scald|p1a: Copperajah
|-damage|p1a: Copperajah|35/100
|-status|p1a: Copperajah|brn
|move|p1a: Copperajah|Play Rough|p2a: Slowking
|-damage|p2a: Slowking|1/100
|
|-damage|p1a: Copperajah|28/100 brn|[from] brn
|-fieldend|move: Trick Room
|upkeep
|turn|8
|
|t:|1760785565
|switch|p2a: Braviary|Braviary-Hisui, M|100/100
|move|p1a: Copperajah|Earthquake|p2a: Braviary
|-immune|p2a: Braviary
|
|-damage|p1a: Copperajah|22/100 brn|[from] brn
|upkeep
|turn|9
|
|t:|1760785571
|move|p2a: Braviary|Calm Mind|p2a: Braviary
|-boost|p2a: Braviary|spa|1
|-boost|p2a: Braviary|spd|1
|move|p1a: Copperajah|Iron Head|p2a: Braviary
|-damage|p2a: Braviary|74/100
|
|-damage|p1a: Copperajah|16/100 brn|[from] brn
|upkeep
|turn|10
|
|t:|1760785582
|move|p2a: Braviary|Calm Mind|p2a: Braviary
|-boost|p2a: Braviary|spa|1
|-boost|p2a: Braviary|spd|1
|move|p1a: Copperajah|Iron Head|p2a: Braviary
|-damage|p2a: Braviary|47/100
|
|-damage|p1a: Copperajah|10/100 brn|[from] brn
|upkeep
|turn|11
|
|t:|1760785590
|move|p2a: Braviary|Roost|p2a: Braviary
|-heal|p2a: Braviary|97/100
|-singleturn|p2a: Braviary|move: Roost
|move|p1a: Copperajah|Iron Head|p2a: Braviary
|-damage|p2a: Braviary|69/100
|
|-damage|p1a: Copperajah|3/100 brn|[from] brn
|upkeep
|turn|12
|
|t:|1760785595
|move|p2a: Braviary|Psychic|p1a: Copperajah
|-resisted|p1a: Copperajah
|-damage|p1a: Copperajah|0 fnt
|faint|p1a: Copperajah
|
|upkeep
|
|t:|1760785597
|switch|p1a: Hatterene|Hatterene, F|100/100
|turn|13
|
|t:|1760785600
|move|p2a: Braviary|Hurricane|p1a: Hatterene|[miss]
|-miss|p2a: Braviary|p1a: Hatterene
|move|p1a: Hatterene|Trick Room|p1a: Hatterene
|-fieldstart|move: Trick Room|[of] p1a: Hatterene
|
|upkeep
|turn|14
|
|t:|1760785606
|move|p1a: Hatterene|Misty Explosion|p2a: Braviary
|-damage|p2a: Braviary|37/100
|faint|p1a: Hatterene
|move|p2a: Braviary|Roost|p2a: Braviary
|-heal|p2a: Braviary|87/100
|-singleturn|p2a: Braviary|move: Roost
|
|upkeep
|
|t:|1760785609
|switch|p1a: Ursaluna|Ursaluna, F, shiny|100/100
|turn|15
|
|t:|1760785618
|move|p1a: Ursaluna|Ice Punch|p2a: Braviary
|-supereffective|p2a: Braviary
|-damage|p2a: Braviary|43/100
|move|p2a: Braviary|Psychic|p1a: Ursaluna
|-damage|p1a: Ursaluna|36/100
|
|-status|p1a: Ursaluna|brn|[from] item: Flame Orb
|upkeep
|turn|16
|
|t:|1760785625
|-terastallize|p1a: Ursaluna|Normal
|move|p1a: Ursaluna|Facade|p2a: Braviary
|-damage|p2a: Braviary|0 fnt
|faint|p2a: Braviary
|
|-damage|p1a: Ursaluna|29/100 brn|[from] brn
|upkeep
|-message|KuroNoTamashi forfeited.
|
|win|FenixFyre04
|raw|KuroNoTamashi's rating: 1342 &rarr; <strong>1321</strong><br />(-21 for losing)
|raw|FenixFyre04's rating: 1317 &rarr; <strong>1338</strong><br />(+21 for winning)
|l|☆KuroNoTamashi
|player|p1|
|l|☆FenixFyre04
|player|p2|
|j|☆KuroNoTamashi
|player|p1|KuroNoTamashi|102|
|l|☆KuroNoTamashi
|player|p1|
