|j|☆mutcaa34
|j|☆Tab_T4B
|t:|1760771318
|gametype|singles
|player|p1|mutcaa34|hilda-wonderlauncher|1170
|player|p2|Tab_T4B|morty|1179
|gen|9
|tier|[Gen 9] OU
|rated|
|rule|HP Percentage Mod: HP is shown in percentages
|rule|Endless Battle Clause: Forcing endless battles is banned
|rule|Species Clause: Limit one of each Pokémon
|rule|OHKO Clause: OHKO moves are banned
|rule|Evasion Items Clause: Evasion items are banned
|rule|Evasion Moves Clause: Evasion moves are banned
|rule|Evasion Abilities Clause: Evasion abilities are banned
|rule|Sleep Moves Clause: Sleep-inducing moves are banned
|clearpoke
|poke|p1|Basculegion, M|
|poke|p1|Pelipper, M|
|poke|p1|Iron Valiant|
|poke|p1|Gliscor, M|
|poke|p1|Serperior, F|
|poke|p1|Kyurem|
|poke|p2|Ceruledge, M|
|poke|p2|Gardevoir, F|
|poke|p2|Raging Bolt|
|poke|p2|Scizor, M|
|poke|p2|Keldeo|
|poke|p2|Meowscarada, F|
|teampreview
|inactive|Battle timer is ON: inactive players will automatically lose when time's up. (requested by Tab_T4B)
|
|t:|1760771327
|teamsize|p1|6
|teamsize|p2|6
|start
|switch|p1a: Gliscor|Gliscor, M|100/100
|switch|p2a: Keldeo|Keldeo|100/100
|turn|1
|
|t:|1760771334
|move|p2a: Keldeo|Icy Wind|p1a: Gliscor
|-supereffective|p1a: Gliscor
|-damage|p1a: Gliscor|49/100
|-unboost|p1a: Gliscor|spe|1
|move|p1a: Gliscor|Toxic|p2a: Keldeo
|-status|p2a: Keldeo|tox
|
|-damage|p2a: Keldeo|94/100 tox|[from] psn
|-status|p1a: Gliscor|tox|[from] item: Toxic Orb
|upkeep
|turn|2
|
|t:|1760771345
|move|p1a: Gliscor|Protect|p1a: Gliscor
|-singleturn|p1a: Gliscor|Protect
|move|p2a: Keldeo|Surf|p1a: Gliscor
|-activate|p1a: Gliscor|move: Protect
|
|-damage|p2a: Keldeo|82/100 tox|[from] psn
|-heal|p1a: Gliscor|62/100 tox|[from] ability: Poison Heal
|upkeep
|turn|3
|
|t:|1760771353
|move|p2a: Keldeo|Surf|p1a: Gliscor
|-supereffective|p1a: Gliscor
|-damage|p1a: Gliscor|0 fnt
|faint|p1a: Gliscor
|
|-damage|p2a: Keldeo|63/100 tox|[from] psn
|upkeep
|
|t:|1760771382
|switch|p1a: Kyurem|Kyurem, shiny|100/100
|-ability|p1a: Kyurem|Pressure
|turn|4
|
|t:|1760771395
|move|p1a: Kyurem|Dragon Dance|p1a: Kyurem
|-boost|p1a: Kyurem|atk|1
|-boost|p1a: Kyurem|spe|1
|move|p2a: Keldeo|Icy Wind|p1a: Kyurem
|-damage|p1a: Kyurem|86/100
|-unboost|p1a: Kyurem|spe|1
|
|-damage|p2a: Keldeo|38/100 tox|[from] psn
|upkeep
|turn|5
|
|t:|1760771407
|move|p1a: Kyurem|Dragon Dance|p1a: Kyurem
|-boost|p1a: Kyurem|atk|1
|-boost|p1a: Kyurem|spe|1
|move|p2a: Keldeo|Icy Wind|p1a: Kyurem
|-damage|p1a: Kyurem|72/100
|-unboost|p1a: Kyurem|spe|1
|
|-damage|p2a: Keldeo|7/100 tox|[from] psn
|upkeep
|turn|6
|
|t:|1760771420
|move|p1a: Kyurem|Icicle Spear|p2a: Keldeo
|-resisted|p2a: Keldeo
|-damage|p2a: Keldeo|0 fnt
|faint|p2a: Keldeo
|-hitcount|p2: Keldeo|1
|
|upkeep
|
|t:|1760771438
|switch|p2a: Ceruledge|Ceruledge, M, shiny|100/100
|turn|7
|
|t:|1760771449
|-terastallize|p1a: Kyurem|Fire
|move|p1a: Kyurem|Scale Shot|p2a: Ceruledge|[miss]
|-miss|p1a: Kyurem|p2a: Ceruledge
|move|p2a: Ceruledge|Swords Dance|p2a: Ceruledge
|-boost|p2a: Ceruledge|atk|2
|
|upkeep
|turn|8
|
|t:|1760771461
|move|p2a: Ceruledge|Shadow Sneak|p1a: Kyurem
|-damage|p1a: Kyurem|38/100
|move|p1a: Kyurem|Scale Shot|p2a: Ceruledge
|-damage|p2a: Ceruledge|72/100
|-damage|p2a: Ceruledge|43/100
|-damage|p2a: Ceruledge|14/100
|-damage|p2a: Ceruledge|0 fnt
|faint|p2a: Ceruledge
|-hitcount|p2: Ceruledge|4
|-unboost|p1a: Kyurem|def|1
|-boost|p1a: Kyurem|spe|1
|
|upkeep
|
|t:|1760771475
|switch|p2a: Meowscarada|Meowscarada, F|100/100
|turn|9
|
|t:|1760771483
|move|p2a: Meowscarada|Sucker Punch|p1a: Kyurem
|-start|p2a: Meowscarada|typechange|Dark|[from] ability: Protean
|-damage|p1a: Kyurem|0 fnt
|faint|p1a: Kyurem
|
|upkeep
|
|t:|1760771492
|switch|p1a: Pelipper|Pelipper, M|100/100
|-weather|RainDance|[from] ability: Drizzle|[of] p1a: Pelipper
|turn|10
|
|t:|1760771501
|move|p2a: Meowscarada|U-turn|p1a: Pelipper
|-resisted|p1a: Pelipper
|-damage|p1a: Pelipper|91/100
|
|t:|1760771506
|switch|p2a: Raging Bolt|Raging Bolt|100/100|[from] U-turn
|-enditem|p2a: Raging Bolt|Booster Energy
|-activate|p2a: Raging Bolt|ability: Protosynthesis|[fromitem]
|-start|p2a: Raging Bolt|protosynthesisspa
|move|p1a: Pelipper|Hurricane|p2a: Raging Bolt
|-resisted|p2a: Raging Bolt
|-damage|p2a: Raging Bolt|85/100
|-start|p2a: Raging Bolt|confusion
|
|-weather|RainDance|[upkeep]
|upkeep
|turn|11
|
|t:|1760771520
|-activate|p2a: Raging Bolt|confusion
|-damage|p2a: Raging Bolt|81/100|[from] confusion
|move|p1a: Pelipper|U-turn|p2a: Raging Bolt
|-damage|p2a: Raging Bolt|75/100
|
|t:|1760771527
|switch|p1a: Serperior|Serperior, F|100/100|[from] U-turn
|
|-weather|RainDance|[upkeep]
|upkeep
|turn|12
|
|t:|1760771549
|move|p1a: Serperior|Dragon Pulse|p2a: Raging Bolt
|-supereffective|p2a: Raging Bolt
|-damage|p2a: Raging Bolt|27/100
|-end|p2a: Raging Bolt|confusion
|move|p2a: Raging Bolt|Dragon Pulse|p1a: Serperior
|-damage|p1a: Serperior|30/100
|
|-weather|RainDance|[upkeep]
|upkeep
|turn|13
|
|t:|1760771558
|move|p2a: Raging Bolt|Thunderclap|p1a: Serperior
|-resisted|p1a: Serperior
|-damage|p1a: Serperior|3/100
|move|p1a: Serperior|Dragon Pulse|p2a: Raging Bolt
|-supereffective|p2a: Raging Bolt
|-damage|p2a: Raging Bolt|0 fnt
|faint|p2a: Raging Bolt
|-end|p2a: Raging Bolt|Protosynthesis|[silent]
|
|-weather|RainDance|[upkeep]
|upkeep
|
|t:|1760771566
|switch|p2a: Scizor|Scizor, M|100/100
|turn|14
|
|t:|1760771569
|move|p1a: Serperior|Dragon Pulse|p2a: Scizor
|-resisted|p2a: Scizor
|-damage|p2a: Scizor|81/100
|move|p2a: Scizor|Swords Dance|p2a: Scizor
|-boost|p2a: Scizor|atk|2
|
|-weather|RainDance|[upkeep]
|-heal|p2a: Scizor|87/100|[from] item: Leftovers
|upkeep
|turn|15
|
|t:|1760771574
|move|p1a: Serperior|Dragon Pulse|p2a: Scizor
|-resisted|p2a: Scizor
|-damage|p2a: Scizor|70/100
|move|p2a: Scizor|Swords Dance|p2a: Scizor
|-boost|p2a: Scizor|atk|2
|
|-weather|RainDance|[upkeep]
|-heal|p2a: Scizor|76/100|[from] item: Leftovers
|upkeep
|turn|16
|
|t:|1760771580
|move|p2a: Scizor|Bullet Punch|p1a: Serperior
|-damage|p1a: Serperior|0 fnt
|faint|p1a: Serperior
|
|-weather|RainDance|[upkeep]
|-heal|p2a: Scizor|82/100|[from] item: Leftovers
|upkeep
|
|t:|1760771582
|switch|p1a: Iron Valiant|Iron Valiant|100/100
|-enditem|p1a: Iron Valiant|Booster Energy
|-activate|p1a: Iron Valiant|ability: Quark Drive|[fromitem]
|-start|p1a: Iron Valiant|quarkdrivespe
|turn|17
|
|t:|1760771588
|move|p1a: Iron Valiant|Low Kick|p2a: Scizor
|-damage|p2a: Scizor|26/100
|move|p2a: Scizor|Swords Dance|p2a: Scizor
|-boost|p2a: Scizor|atk|2
|
|-weather|none
|-heal|p2a: Scizor|32/100|[from] item: Leftovers
|upkeep
|turn|18
|
|t:|1760771595
|move|p2a: Scizor|Bullet Punch|p1a: Iron Valiant
|-supereffective|p1a: Iron Valiant
|-damage|p1a: Iron Valiant|0 fnt
|faint|p1a: Iron Valiant
|-end|p1a: Iron Valiant|Quark Drive|[silent]
|
|-heal|p2a: Scizor|38/100|[from] item: Leftovers
|upkeep
|
|t:|1760771599
|switch|p1a: Pelipper|Pelipper, M|91/100
|-weather|RainDance|[from] ability: Drizzle|[of] p1a: Pelipper
|turn|19
|
|t:|1760771603
|move|p2a: Scizor|Bullet Punch|p1a: Pelipper
|-resisted|p1a: Pelipper
|-damage|p1a: Pelipper|57/100
|move|p1a: Pelipper|Weather Ball|p2a: Scizor
|-damage|p2a: Scizor|0 fnt
|faint|p2a: Scizor
|
|-weather|RainDance|[upkeep]
|upkeep
|
|t:|1760771615
|switch|p2a: Gardevoir|Gardevoir, F, shiny|100/100
|-ability|p2a: Gardevoir|Drizzle|Trace|[from] ability: Trace|[of] p1a: Pelipper
|turn|20
|
|t:|1760771622
|move|p2a: Gardevoir|Psychic Noise|p1a: Pelipper
|-damage|p1a: Pelipper|11/100
|-start|p1a: Pelipper|move: Heal Block
|move|p1a: Pelipper|Hurricane|p2a: Gardevoir
|-damage|p2a: Gardevoir|81/100
|
|-weather|RainDance|[upkeep]
|upkeep
|turn|21
|
|t:|1760771633
|move|p2a: Gardevoir|Psychic Noise|p1a: Pelipper
|-damage|p1a: Pelipper|0 fnt
|faint|p1a: Pelipper
|
|-weather|RainDance|[upkeep]
|upkeep
|
|t:|1760771635
|switch|p1a: Basculegion|Basculegion, M|100/100
|turn|22
|
|t:|1760771639
|move|p1a: Basculegion|Wave Crash|p2a: Gardevoir
|-damage|p2a: Gardevoir|0 fnt
|faint|p2a: Gardevoir
|-damage|p1a: Basculegion|77/100|[from] Recoil
|
|-weather|RainDance|[upkeep]
|upkeep
|
|t:|1760771642
|switch|p2a: Meowscarada|Meowscarada, F|100/100
|turn|23
|
|t:|1760771646
|move|p2a: Meowscarada|Sucker Punch|p1a: Basculegion
|-start|p2a: Meowscarada|typechange|Dark|[from] ability: Protean
|-supereffective|p1a: Basculegion
|-damage|p1a: Basculegion|0 fnt
|faint|p1a: Basculegion
|
|win|Tab_T4B
|raw|mutcaa34's rating: 1170 &rarr; <strong>1146</strong><br />(-24 for losing)
|raw|Tab_T4B's rating: 1179 &rarr; <strong>1203</strong><br />(+24 for winning)
|l|☆Tab_T4B
|player|p2|
|l|☆mutcaa34
|player|p1|
