|j|☆CountryBoyz
|j|☆kimigoya
|t:|1760869781
|gametype|singles
|player|p1|CountryBoyz|169|1336
|player|p2|kimigoya|102|1302
|gen|9
|tier|[Gen 9] OU
|rated|
|rule|HP Percentage Mod: HP is shown in percentages
|rule|Endless Battle Clause: Forcing endless battles is banned
|rule|Species Clause: Limit one of each Pokémon
|rule|OHKO Clause: OHKO moves are banned
|rule|Evasion Items Clause: Evasion items are banned
|rule|Evasion Moves Clause: Evasion moves are banned
|rule|Evasion Abilities Clause: Evasion abilities are banned
|rule|Sleep Moves Clause: Sleep-inducing moves are banned
|clearpoke
|poke|p1|Raikou|
|poke|p1|Dragonite, M|
|poke|p1|Enamorus, F|
|poke|p1|Zapdos|
|poke|p1|Tsareena, F|
|poke|p1|Ting-Lu|
|poke|p2|Corviknight, F|
|poke|p2|Slowking-Galar, F|
|poke|p2|Alomomola, F|
|poke|p2|Ting-Lu|
|poke|p2|Dondozo, M|
|poke|p2|Blissey, F|
|teampreview
|inactive|Battle timer is ON: inactive players will automatically lose when time's up. (requested by kimigoya)
|
|t:|1760869794
|teamsize|p1|6
|teamsize|p2|6
|start
|switch|p1a: Ting-Lu|Ting-Lu|100/100
|switch|p2a: Ting-Lu|Ting-Lu|100/100
|-ability|p1a: Ting-Lu|Vessel of Ruin
|-ability|p2a: Ting-Lu|Vessel of Ruin
|turn|1
|
|t:|1760869798
|move|p1a: Ting-Lu|Spikes|p2a: Ting-Lu
|-sidestart|p2: kimigoya|Spikes
|move|p2a: Ting-Lu|Stealth Rock|p1a: Ting-Lu
|-sidestart|p1: CountryBoyz|move: Stealth Rock
|
|upkeep
|turn|2
|
|t:|1760869800
|move|p1a: Ting-Lu|Stealth Rock|p2a: Ting-Lu
|-sidestart|p2: kimigoya|move: Stealth Rock
|move|p2a: Ting-Lu|Spikes|p1a: Ting-Lu
|-sidestart|p1: CountryBoyz|Spikes
|
|upkeep
|turn|3
|
|t:|1760869802
|move|p1a: Ting-Lu|Ruination|p2a: Ting-Lu
|-damage|p2a: Ting-Lu|50/100
|move|p2a: Ting-Lu|Spikes|p1a: Ting-Lu
|-sidestart|p1: CountryBoyz|Spikes
|
|-heal|p2a: Ting-Lu|57/100|[from] item: Leftovers
|upkeep
|turn|4
|
|t:|1760869805
|move|p1a: Ting-Lu|Spikes|p2a: Ting-Lu
|-sidestart|p2: kimigoya|Spikes
|move|p2a: Ting-Lu|Spikes|p1a: Ting-Lu
|-sidestart|p1: CountryBoyz|Spikes
|
|-heal|p2a: Ting-Lu|63/100|[from] item: Leftovers
|upkeep
|turn|5
|
|t:|1760869807
|move|p1a: Ting-Lu|Ruination|p2a: Ting-Lu
|-damage|p2a: Ting-Lu|32/100
|move|p2a: Ting-Lu|Whirlwind|p1a: Ting-Lu
|drag|p1a: Zapdos|Zapdos|100/100
|-damage|p1a: Zapdos|75/100|[from] Stealth Rock
|
|-heal|p2a: Ting-Lu|38/100|[from] item: Leftovers
|upkeep
|turn|6
|
|t:|1760869811
|move|p1a: Zapdos|U-turn|p2a: Ting-Lu
|-supereffective|p2a: Ting-Lu
|-damage|p2a: Ting-Lu|23/100
|
|t:|1760869815
|switch|p1a: Raikou|Raikou, shiny|100/100|[from] U-turn
|-damage|p1a: Raikou|88/100|[from] Stealth Rock
|-damage|p1a: Raikou|63/100|[from] Spikes
|move|p2a: Ting-Lu|Whirlwind|p1a: Raikou
|drag|p1a: Enamorus|Enamorus, F|100/100
|-damage|p1a: Enamorus|76/100|[from] Stealth Rock
|
|-heal|p2a: Ting-Lu|29/100|[from] item: Leftovers
|upkeep
|turn|7
|
|t:|1760869826
|switch|p2a: Blissey|Blissey, F|100/100
|-damage|p2a: Blissey|84/100|[from] Spikes
|-damage|p2a: Blissey|71/100|[from] Stealth Rock
|-terastallize|p1a: Enamorus|Fairy
|move|p1a: Enamorus|Moonblast|p2a: Blissey
|-damage|p2a: Blissey|38/100
|-unboost|p2a: Blissey|spa|1
|
|-heal|p2a: Blissey|45/100|[from] item: Leftovers
|upkeep
|turn|8
|
|t:|1760869833
|switch|p1a: Ting-Lu|Ting-Lu|100/100
|-damage|p1a: Ting-Lu|94/100|[from] Stealth Rock
|-damage|p1a: Ting-Lu|69/100|[from] Spikes
|-ability|p1a: Ting-Lu|Vessel of Ruin
|move|p2a: Blissey|Soft-Boiled|p2a: Blissey
|-heal|p2a: Blissey|95/100
|
|-heal|p2a: Blissey|100/100|[from] item: Leftovers
|upkeep
|turn|9
|
|t:|1760869839
|switch|p2a: Corviknight|Corviknight, F|100/100
|-damage|p2a: Corviknight|88/100|[from] Stealth Rock
|-ability|p2a: Corviknight|Pressure
|move|p1a: Ting-Lu|Spikes|p2a: Corviknight
|-sidestart|p2: kimigoya|Spikes
|
|-heal|p2a: Corviknight|94/100|[from] item: Leftovers
|upkeep
|turn|10
|
|t:|1760869842
|move|p2a: Corviknight|Defog|p1a: Ting-Lu
|-unboost|p1a: Ting-Lu|evasion|1
|-sideend|p1: CountryBoyz|Spikes|[from] move: Defog|[of] p2a: Corviknight
|-sideend|p1: CountryBoyz|Stealth Rock|[from] move: Defog|[of] p2a: Corviknight
|-sideend|p2: kimigoya|Spikes|[from] move: Defog|[of] p2a: Corviknight
|-sideend|p2: kimigoya|Stealth Rock|[from] move: Defog|[of] p2a: Corviknight
|move|p1a: Ting-Lu|Ruination|p2a: Corviknight
|-damage|p2a: Corviknight|47/100
|
|-heal|p2a: Corviknight|54/100|[from] item: Leftovers
|upkeep
|turn|11
|
|t:|1760869845
|move|p2a: Corviknight|Body Press|p1a: Ting-Lu
|-supereffective|p1a: Ting-Lu
|-damage|p1a: Ting-Lu|45/100
|-damage|p2a: Corviknight|37/100|[from] item: Rocky Helmet|[of] p1a: Ting-Lu
|move|p1a: Ting-Lu|Stealth Rock|p2a: Corviknight
|-sidestart|p2: kimigoya|move: Stealth Rock
|
|-heal|p2a: Corviknight|43/100|[from] item: Leftovers
|upkeep
|turn|12
|
|t:|1760869849
|move|p2a: Corviknight|Defog|p1a: Ting-Lu
|-unboost|p1a: Ting-Lu|evasion|1
|-sideend|p2: kimigoya|Stealth Rock|[from] move: Defog|[of] p2a: Corviknight
|move|p1a: Ting-Lu|Spikes|p2a: Corviknight
|-sidestart|p2: kimigoya|Spikes
|
|-heal|p2a: Corviknight|50/100|[from] item: Leftovers
|upkeep
|turn|13
|
|t:|1760869851
|move|p2a: Corviknight|Body Press|p1a: Ting-Lu
|-supereffective|p1a: Ting-Lu
|-damage|p1a: Ting-Lu|18/100
|-damage|p2a: Corviknight|33/100|[from] item: Rocky Helmet|[of] p1a: Ting-Lu
|move|p1a: Ting-Lu|Stealth Rock|p2a: Corviknight
|-sidestart|p2: kimigoya|move: Stealth Rock
|
|-heal|p2a: Corviknight|39/100|[from] item: Leftovers
|upkeep
|turn|14
|
|t:|1760869855
|move|p2a: Corviknight|Defog|p1a: Ting-Lu
|-unboost|p1a: Ting-Lu|evasion|1
|-sideend|p2: kimigoya|Spikes|[from] move: Defog|[of] p2a: Corviknight
|-sideend|p2: kimigoya|Stealth Rock|[from] move: Defog|[of] p2a: Corviknight
|move|p1a: Ting-Lu|Spikes|p2a: Corviknight
|-sidestart|p2: kimigoya|Spikes
|
|-heal|p2a: Corviknight|46/100|[from] item: Leftovers
|upkeep
|turn|15
|
|t:|1760869857
|move|p2a: Corviknight|Body Press|p1a: Ting-Lu
|-supereffective|p1a: Ting-Lu
|-damage|p1a: Ting-Lu|0 fnt
|-damage|p2a: Corviknight|29/100|[from] item: Rocky Helmet|[of] p1a: Ting-Lu
|faint|p1a: Ting-Lu
|
|-heal|p2a: Corviknight|35/100|[from] item: Leftovers
|upkeep
|
|t:|1760869863
|switch|p1a: Raikou|Raikou, shiny|63/100
|turn|16
|
|t:|1760869869
|switch|p2a: Blissey|Blissey, F|100/100
|-damage|p2a: Blissey|88/100|[from] Spikes
|move|p1a: Raikou|Scald|p2a: Blissey
|-damage|p2a: Blissey|80/100
|
|-heal|p1a: Raikou|69/100|[from] item: Leftovers
|-heal|p2a: Blissey|86/100|[from] item: Leftovers
|upkeep
|turn|17
|
|t:|1760869874
|move|p1a: Raikou|Substitute|p1a: Raikou
|-start|p1a: Raikou|Substitute
|-damage|p1a: Raikou|44/100
|move|p2a: Blissey|Seismic Toss|p1a: Raikou
|-end|p1a: Raikou|Substitute
|
|-heal|p1a: Raikou|51/100|[from] item: Leftovers
|-heal|p2a: Blissey|92/100|[from] item: Leftovers
|upkeep
|turn|18
|
|t:|1760869877
|switch|p1a: Zapdos|Zapdos|75/100
|move|p2a: Blissey|Seismic Toss|p1a: Zapdos
|-damage|p1a: Zapdos|49/100
|-damage|p2a: Blissey|76/100|[from] item: Rocky Helmet|[of] p1a: Zapdos
|
|-heal|p2a: Blissey|82/100|[from] item: Leftovers
|upkeep
|turn|19
|
|t:|1760869884
|move|p1a: Zapdos|Roost|p1a: Zapdos
|-heal|p1a: Zapdos|99/100
|-singleturn|p1a: Zapdos|move: Roost
|move|p2a: Blissey|Seismic Toss|p1a: Zapdos
|-damage|p1a: Zapdos|73/100
|-damage|p2a: Blissey|65/100|[from] item: Rocky Helmet|[of] p1a: Zapdos
|
|-heal|p2a: Blissey|72/100|[from] item: Leftovers
|upkeep
|turn|20
|
|t:|1760869891
|move|p1a: Zapdos|U-turn|p2a: Blissey
|-damage|p2a: Blissey|59/100
|
|t:|1760869895
|switch|p1a: Tsareena|Tsareena, F|100/100|[from] U-turn
|move|p2a: Blissey|Calm Mind|p2a: Blissey
|-boost|p2a: Blissey|spa|1
|-boost|p2a: Blissey|spd|1
|
|-heal|p2a: Blissey|65/100|[from] item: Leftovers
|upkeep
|turn|21
|
|t:|1760869901
|switch|p2a: Dondozo|Dondozo, M|100/100
|-damage|p2a: Dondozo|88/100|[from] Spikes
|move|p1a: Tsareena|Knock Off|p2a: Dondozo
|-damage|p2a: Dondozo|73/100
|-enditem|p2a: Dondozo|Leftovers|[from] move: Knock Off|[of] p1a: Tsareena
|
|upkeep
|turn|22
|
|t:|1760869905
|-terastallize|p2a: Dondozo|Dragon
|move|p1a: Tsareena|Power Whip|p2a: Dondozo
|-resisted|p2a: Dondozo
|-damage|p2a: Dondozo|58/100
|move|p2a: Dondozo|Body Press|p1a: Tsareena
|-crit|p1a: Tsareena
|-damage|p1a: Tsareena|62/100
|
|upkeep
|turn|23
|
|t:|1760869914
|switch|p1a: Enamorus|Enamorus, F, tera:Fairy|76/100
|move|p2a: Dondozo|Body Press|p1a: Enamorus
|-resisted|p1a: Enamorus
|-damage|p1a: Enamorus|54/100
|
|upkeep
|turn|24
|
|t:|1760869921
|switch|p2a: Slowking|Slowking-Galar, F|100/100
|-damage|p2a: Slowking|88/100|[from] Spikes
|move|p1a: Enamorus|Moonblast|p2a: Slowking
|-resisted|p2a: Slowking
|-damage|p2a: Slowking|57/100
|
|-heal|p2a: Slowking|63/100|[from] item: Leftovers
|upkeep
|turn|25
|
|t:|1760869924
|move|p1a: Enamorus|Moonblast|p2a: Slowking
|-resisted|p2a: Slowking
|-damage|p2a: Slowking|31/100
|-prepare|p2a: Slowking|Chilly Reception|[premajor]
|move|p2a: Slowking|Chilly Reception|p2a: Slowking
|-weather|Snowscape
|
|t:|1760869928
|switch|p2a: Blissey|Blissey, F|65/100|[from] Chilly Reception
|-damage|p2a: Blissey|53/100|[from] Spikes
|
|-weather|Snowscape|[upkeep]
|-heal|p2a: Blissey|59/100|[from] item: Leftovers
|upkeep
|turn|26
|
|t:|1760869931
|switch|p1a: Raikou|Raikou, shiny|51/100
|move|p2a: Blissey|Soft-Boiled|p2a: Blissey
|-heal|p2a: Blissey|100/100
|
|-weather|Snowscape|[upkeep]
|-heal|p1a: Raikou|57/100|[from] item: Leftovers
|upkeep
|turn|27
|
|t:|1760869940
|switch|p1a: Zapdos|Zapdos|73/100
|move|p2a: Blissey|Seismic Toss|p1a: Zapdos
|-damage|p1a: Zapdos|47/100
|-damage|p2a: Blissey|84/100|[from] item: Rocky Helmet|[of] p1a: Zapdos
|
|-weather|Snowscape|[upkeep]
|-heal|p2a: Blissey|90/100|[from] item: Leftovers
|upkeep
|turn|28
|
|t:|1760869945
|move|p1a: Zapdos|Roost|p1a: Zapdos
|-heal|p1a: Zapdos|97/100
|-singleturn|p1a: Zapdos|move: Roost
|move|p2a: Blissey|Seismic Toss|p1a: Zapdos
|-damage|p1a: Zapdos|71/100
|-damage|p2a: Blissey|74/100|[from] item: Rocky Helmet|[of] p1a: Zapdos
|-status|p2a: Blissey|par|[from] ability: Static|[of] p1a: Zapdos
|
|-weather|Snowscape|[upkeep]
|-heal|p2a: Blissey|80/100 par|[from] item: Leftovers
|upkeep
|turn|29
|
|t:|1760869951
|move|p1a: Zapdos|Hurricane|p2a: Blissey
|-damage|p2a: Blissey|65/100 par
|move|p2a: Blissey|Seismic Toss|p1a: Zapdos
|-damage|p1a: Zapdos|45/100
|-damage|p2a: Blissey|48/100 par|[from] item: Rocky Helmet|[of] p1a: Zapdos
|
|-weather|none
|-heal|p2a: Blissey|54/100 par|[from] item: Leftovers
|upkeep
|turn|30
|
|t:|1760869954
|move|p1a: Zapdos|Roost|p1a: Zapdos
|-heal|p1a: Zapdos|95/100
|-singleturn|p1a: Zapdos|move: Roost
|cant|p2a: Blissey|par
|
|-heal|p2a: Blissey|60/100 par|[from] item: Leftovers
|upkeep
|turn|31
|
|t:|1760869960
|move|p1a: Zapdos|U-turn|p2a: Blissey
|-damage|p2a: Blissey|46/100 par
|
|t:|1760869967
|switch|p1a: Tsareena|Tsareena, F|62/100|[from] U-turn
|move|p2a: Blissey|Seismic Toss|p1a: Tsareena
|-damage|p1a: Tsareena|33/100
|
|-heal|p2a: Blissey|52/100 par|[from] item: Leftovers
|upkeep
|turn|32
|
|t:|1760869975
|-curestatus|p2a: Blissey|par|[from] ability: Natural Cure
|switch|p2a: Dondozo|Dondozo, M, tera:Dragon|58/100
|-damage|p2a: Dondozo|46/100|[from] Spikes
|move|p1a: Tsareena|Low Kick|p2a: Dondozo
|-damage|p2a: Dondozo|27/100
|
|upkeep
|turn|33
|
|t:|1760869986
|switch|p1a: Enamorus|Enamorus, F, tera:Fairy|54/100
|move|p2a: Dondozo|Rest|p2a: Dondozo
|-status|p2a: Dondozo|slp|[from] move: Rest
|-heal|p2a: Dondozo|100/100 slp|[silent]
|
|upkeep
|turn|34
|
|t:|1760869994
|switch|p2a: Slowking|Slowking-Galar, F|64/100
|-damage|p2a: Slowking|52/100|[from] Spikes
|move|p1a: Enamorus|Moonblast|p2a: Slowking
|-resisted|p2a: Slowking
|-damage|p2a: Slowking|24/100
|
|-heal|p2a: Slowking|30/100|[from] item: Leftovers
|upkeep
|turn|35
|
|t:|1760869997
|switch|p2a: Blissey|Blissey, F|52/100
|-damage|p2a: Blissey|40/100|[from] Spikes
|move|p1a: Enamorus|Moonblast|p2a: Blissey
|-damage|p2a: Blissey|8/100
|
|-heal|p2a: Blissey|14/100|[from] item: Leftovers
|upkeep
|turn|36
|
|t:|1760869999
|switch|p2a: Ting-Lu|Ting-Lu|29/100
|-damage|p2a: Ting-Lu|17/100|[from] Spikes
|-ability|p2a: Ting-Lu|Vessel of Ruin
|move|p1a: Enamorus|Moonblast|p2a: Ting-Lu
|-supereffective|p2a: Ting-Lu
|-damage|p2a: Ting-Lu|0 fnt
|faint|p2a: Ting-Lu
|
|upkeep
|
|t:|1760870005
|switch|p2a: Slowking|Slowking-Galar, F|63/100
|-damage|p2a: Slowking|51/100|[from] Spikes
|turn|37
|
|t:|1760870013
|move|p1a: Enamorus|Moonblast|p2a: Slowking
|-resisted|p2a: Slowking
|-damage|p2a: Slowking|19/100
|move|p2a: Slowking|Sludge Bomb|p1a: Enamorus
|-supereffective|p1a: Enamorus
|-damage|p1a: Enamorus|0 fnt
|faint|p1a: Enamorus
|
|-heal|p2a: Slowking|25/100|[from] item: Leftovers
|upkeep
|
|t:|1760870015
|switch|p1a: Raikou|Raikou, shiny|57/100
|turn|38
|
|t:|1760870023
|move|p1a: Raikou|Discharge|p2a: Slowking
|-damage|p2a: Slowking|0 fnt
|faint|p2a: Slowking
|
|-heal|p1a: Raikou|63/100|[from] item: Leftovers
|upkeep
|
|t:|1760870026
|switch|p2a: Blissey|Blissey, F|14/100
|-damage|p2a: Blissey|1/100|[from] Spikes
|turn|39
|
|t:|1760870029
|move|p1a: Raikou|Discharge|p2a: Blissey
|-damage|p2a: Blissey|0 fnt
|faint|p2a: Blissey
|
|-heal|p1a: Raikou|69/100|[from] item: Leftovers
|upkeep
|-message|kimigoya forfeited.
|
|win|CountryBoyz
|raw|CountryBoyz's rating: 1336 &rarr; <strong>1354</strong><br />(+18 for winning)
|raw|kimigoya's rating: 1302 &rarr; <strong>1284</strong><br />(-18 for losing)
|l|☆kimigoya
|player|p2|
|c|☆CountryBoyz|Ur trash
|l|☆CountryBoyz
|player|p1|
