|j|☆amomg us
|j|☆GreenMisfire
|t:|1760760409
|gametype|singles
|player|p1|amomg us|pokekid|1376
|player|p2|GreenMisfire|acetrainer-gen4dp|1426
|gen|9
|tier|[Gen 9] OU
|rated|
|rule|HP Percentage Mod: HP is shown in percentages
|rule|Endless Battle Clause: Forcing endless battles is banned
|rule|Species Clause: Limit one of each Pokémon
|rule|OHKO Clause: OHKO moves are banned
|rule|Evasion Items Clause: Evasion items are banned
|rule|Evasion Moves Clause: Evasion moves are banned
|rule|Evasion Abilities Clause: Evasion abilities are banned
|rule|Sleep Moves Clause: Sleep-inducing moves are banned
|clearpoke
|poke|p1|Gliscor, M|
|poke|p1|Walking Wake|
|poke|p1|Slowking-Galar, M|
|poke|p1|Zamazenta-*|
|poke|p1|Ting-Lu|
|poke|p1|Kingambit, F|
|poke|p2|Araquanid, M|
|poke|p2|Kingambit, M|
|poke|p2|Raging Bolt|
|poke|p2|Iron Moth|
|poke|p2|Dragonite, M|
|poke|p2|Darkrai|
|teampreview
|inactive|Battle timer is ON: inactive players will automatically lose when time's up. (requested by GreenMisfire)
|inactive|amomg us has 120 seconds left.
|
|t:|1760760457
|teamsize|p1|6
|teamsize|p2|6
|start
|switch|p1a: Pretty Toes|Zamazenta|100/100
|switch|p2a: Nightmare|Darkrai|100/100
|-ability|p1a: Pretty Toes|Dauntless Shield|boost
|-boost|p1a: Pretty Toes|def|1
|turn|1
|
|t:|1760760472
|-terastallize|p2a: Nightmare|Poison
|move|p1a: Pretty Toes|Heavy Slam|p2a: Nightmare
|-crit|p2a: Nightmare
|-damage|p2a: Nightmare|34/100
|move|p2a: Nightmare|Nasty Plot|p2a: Nightmare
|-boost|p2a: Nightmare|spa|2
|
|upkeep
|turn|2
|
|t:|1760760484
|move|p1a: Pretty Toes|Crunch|p2a: Nightmare
|-damage|p2a: Nightmare|0 fnt
|faint|p2a: Nightmare
|
|upkeep
|
|t:|1760760487
|switch|p2a: Skeeter|Araquanid, M|100/100
|turn|3
|
|t:|1760760495
|move|p1a: Pretty Toes|Stone Edge|p2a: Skeeter
|-supereffective|p2a: Skeeter
|-damage|p2a: Skeeter|33/100
|move|p2a: Skeeter|Sticky Web|p1a: Pretty Toes
|-sidestart|p1: amomg us|move: Sticky Web
|
|upkeep
|turn|4
|
|t:|1760760505
|move|p1a: Pretty Toes|Stone Edge|p2a: Skeeter|[miss]
|-miss|p1a: Pretty Toes|p2a: Skeeter
|move|p2a: Skeeter|Endeavor|p1a: Pretty Toes
|-damage|p1a: Pretty Toes|32/100
|
|upkeep
|turn|5
|
|t:|1760760511
|move|p1a: Pretty Toes|Stone Edge|p2a: Skeeter|[miss]
|-miss|p1a: Pretty Toes|p2a: Skeeter
|move|p2a: Skeeter|Surf|p1a: Pretty Toes
|-damage|p1a: Pretty Toes|3/100
|
|upkeep
|turn|6
|
|t:|1760760514
|move|p1a: Pretty Toes|Stone Edge|p2a: Skeeter|[miss]
|-miss|p1a: Pretty Toes|p2a: Skeeter
|move|p2a: Skeeter|Surf|p1a: Pretty Toes
|-damage|p1a: Pretty Toes|0 fnt
|faint|p1a: Pretty Toes
|
|upkeep
|c|☆amomg us|n i g er
|c|☆amomg us|what the fuk
|
|t:|1760760542
|switch|p1a: Vampire|Gliscor, M|100/100
|turn|7
|c|☆amomg us|not calling u one
|c|☆amomg us|just mad (im black)
|
|t:|1760760560
|move|p1a: Vampire|Protect|p1a: Vampire
|-singleturn|p1a: Vampire|Protect
|move|p2a: Skeeter|Surf|p1a: Vampire
|-activate|p1a: Vampire|move: Protect
|
|-status|p1a: Vampire|tox|[from] item: Toxic Orb
|upkeep
|turn|8
|inactive|amomg us has 120 seconds left.
|
|t:|1760760579
|-terastallize|p1a: Vampire|Fairy
|move|p1a: Vampire|Swords Dance|p1a: Vampire
|-boost|p1a: Vampire|atk|2
|move|p2a: Skeeter|Surf|p1a: Vampire
|-damage|p1a: Vampire|60/100 tox
|
|-heal|p1a: Vampire|72/100 tox|[from] ability: Poison Heal
|upkeep
|turn|9
|inactive|amomg us has 120 seconds left.
|
|t:|1760760596
|move|p1a: Vampire|Swords Dance|p1a: Vampire
|-boost|p1a: Vampire|atk|2
|move|p2a: Skeeter|Lunge|p1a: Vampire
|-resisted|p1a: Vampire
|-damage|p1a: Vampire|63/100 tox
|-unboost|p1a: Vampire|atk|1
|
|-heal|p1a: Vampire|76/100 tox|[from] ability: Poison Heal
|upkeep
|turn|10
|inactive|amomg us has 120 seconds left.
|
|t:|1760760609
|move|p1a: Vampire|Earthquake|p2a: Skeeter
|-resisted|p2a: Skeeter
|-damage|p2a: Skeeter|0 fnt
|faint|p2a: Skeeter
|
|-heal|p1a: Vampire|88/100 tox|[from] ability: Poison Heal
|upkeep
|inactive|GreenMisfire has 120 seconds left.
|
|t:|1760760641
|switch|p2a: Morh|Iron Moth|100/100
|-enditem|p2a: Morh|Booster Energy
|-activate|p2a: Morh|ability: Quark Drive|[fromitem]
|-start|p2a: Morh|quarkdrivespa
|turn|11
|inactive|amomg us has 120 seconds left.
|inactive|GreenMisfire has 120 seconds left.
|
|t:|1760760667
|switch|p1a: Soup|Ting-Lu|100/100
|-activate|p1a: Soup|move: Sticky Web
|-unboost|p1a: Soup|spe|1
|-ability|p1a: Soup|Vessel of Ruin
|move|p2a: Morh|Sludge Wave|p1a: Soup
|-resisted|p1a: Soup
|-damage|p1a: Soup|84/100
|
|-heal|p1a: Soup|90/100|[from] item: Leftovers
|upkeep
|turn|12
|inactive|amomg us has 120 seconds left.
|
|t:|1760760677
|move|p2a: Morh|Energy Ball|p1a: Soup
|-supereffective|p1a: Soup
|-damage|p1a: Soup|54/100
|move|p1a: Soup|Stealth Rock|p2a: Morh
|-sidestart|p2: GreenMisfire|move: Stealth Rock
|
|-heal|p1a: Soup|60/100|[from] item: Leftovers
|upkeep
|turn|13
|
|t:|1760760683
|move|p2a: Morh|Fiery Dance|p1a: Soup
|-damage|p1a: Soup|31/100
|move|p1a: Soup|Earthquake|p2a: Morh
|-supereffective|p2a: Morh
|-damage|p2a: Morh|0 fnt
|faint|p2a: Morh
|-end|p2a: Morh|Quark Drive|[silent]
|
|-heal|p1a: Soup|37/100|[from] item: Leftovers
|upkeep
|
|t:|1760760692
|switch|p2a: Volvagia|Dragonite, M|100/100
|-damage|p2a: Volvagia|76/100|[from] Stealth Rock
|turn|14
|inactive|GreenMisfire has 120 seconds left.
|inactive|amomg us has 120 seconds left.
|
|t:|1760760721
|move|p2a: Volvagia|Dragon Dance|p2a: Volvagia
|-boost|p2a: Volvagia|atk|1
|-boost|p2a: Volvagia|spe|1
|move|p1a: Soup|Ruination|p2a: Volvagia
|-damage|p2a: Volvagia|38/100
|
|-heal|p1a: Soup|43/100|[from] item: Leftovers
|upkeep
|turn|15
|inactive|GreenMisfire has 120 seconds left.
|
|t:|1760760732
|move|p2a: Volvagia|Roost|p2a: Volvagia
|-heal|p2a: Volvagia|88/100
|-singleturn|p2a: Volvagia|move: Roost
|move|p1a: Soup|Ruination|p2a: Volvagia
|-damage|p2a: Volvagia|44/100
|
|-heal|p1a: Soup|50/100|[from] item: Leftovers
|upkeep
|turn|16
|
|t:|1760760740
|move|p2a: Volvagia|Dragon Dance|p2a: Volvagia
|-boost|p2a: Volvagia|atk|1
|-boost|p2a: Volvagia|spe|1
|move|p1a: Soup|Ruination|p2a: Volvagia
|-damage|p2a: Volvagia|22/100
|
|-heal|p1a: Soup|56/100|[from] item: Leftovers
|upkeep
|turn|17
|
|t:|1760760742
|move|p2a: Volvagia|Roost|p2a: Volvagia
|-heal|p2a: Volvagia|73/100
|-singleturn|p2a: Volvagia|move: Roost
|move|p1a: Soup|Ruination|p2a: Volvagia
|-damage|p2a: Volvagia|37/100
|
|-heal|p1a: Soup|62/100|[from] item: Leftovers
|upkeep
|turn|18
|
|t:|1760760754
|switch|p1a: Vampire|Gliscor, M, tera:Fairy|88/100 tox
|-activate|p1a: Vampire|move: Sticky Web
|-unboost|p1a: Vampire|spe|1
|move|p2a: Volvagia|Roost|p2a: Volvagia
|-heal|p2a: Volvagia|87/100
|-singleturn|p2a: Volvagia|move: Roost
|
|-heal|p1a: Vampire|100/100 tox|[from] ability: Poison Heal
|upkeep
|turn|19
|inactive|GreenMisfire has 120 seconds left.
|
|t:|1760760800
|move|p2a: Volvagia|Extreme Speed|p1a: Vampire
|-damage|p1a: Vampire|39/100 tox
|move|p1a: Vampire|Ice Fang|p2a: Volvagia
|-supereffective|p2a: Volvagia
|-damage|p2a: Volvagia|14/100
|-status|p2a: Volvagia|frz
|
|-heal|p1a: Vampire|51/100 tox|[from] ability: Poison Heal
|upkeep
|turn|20
|
|t:|1760760819
|cant|p2a: Volvagia|frz
|move|p1a: Vampire|Swords Dance|p1a: Vampire
|-boost|p1a: Vampire|atk|2
|
|-heal|p1a: Vampire|64/100 tox|[from] ability: Poison Heal
|upkeep
|turn|21
|inactive|GreenMisfire has 90 seconds left.
|
|t:|1760760862
|cant|p2a: Volvagia|frz
|move|p1a: Vampire|Ice Fang|p2a: Volvagia
|-supereffective|p2a: Volvagia
|-damage|p2a: Volvagia|0 fnt
|faint|p2a: Volvagia
|
|-heal|p1a: Vampire|76/100 tox|[from] ability: Poison Heal
|upkeep
|
|t:|1760760866
|switch|p2a: Knight|Kingambit, M, shiny|100/100
|-damage|p2a: Knight|94/100|[from] Stealth Rock
|-activate|p2a: Knight|ability: Supreme Overlord
|-start|p2a: Knight|fallen4|[silent]
|turn|22
|
|t:|1760760875
|move|p1a: Vampire|Earthquake|p2a: Knight
|-supereffective|p2a: Knight
|-damage|p2a: Knight|0 fnt
|faint|p2a: Knight
|-end|p2a: Knight|fallen4|[silent]
|
|-heal|p1a: Vampire|89/100 tox|[from] ability: Poison Heal
|upkeep
|
|t:|1760760877
|switch|p2a: Bolt|Raging Bolt|100/100
|-damage|p2a: Bolt|88/100|[from] Stealth Rock
|-enditem|p2a: Bolt|Booster Energy
|-activate|p2a: Bolt|ability: Protosynthesis|[fromitem]
|-start|p2a: Bolt|protosynthesisspa
|turn|23
|inactive|amomg us has 120 seconds left.
|
|t:|1760760919
|move|p2a: Bolt|Volt Switch|p1a: Vampire
|-damage|p1a: Vampire|22/100 tox
|move|p1a: Vampire|Ice Fang|p2a: Bolt
|-supereffective|p2a: Bolt
|-damage|p2a: Bolt|29/100
|
|-heal|p1a: Vampire|35/100 tox|[from] ability: Poison Heal
|upkeep
|turn|24
|l|☆GreenMisfire
|inactive|GreenMisfire disconnected and has a minute to reconnect!
|player|p2|
|c|☆amomg us|gg
|inactive|GreenMisfire has 30 seconds to reconnect!
|j|☆GreenMisfire
|inactive|GreenMisfire reconnected and has 65 seconds left.
|player|p2|GreenMisfire|acetrainer-gen4dp|
|inactive|GreenMisfire has 60 seconds left.
|
|t:|1760760978
|move|p1a: Vampire|Protect|p1a: Vampire
|-singleturn|p1a: Vampire|Protect
|move|p2a: Bolt|Volt Switch|p1a: Vampire
|-activate|p1a: Vampire|move: Protect
|
|-heal|p1a: Vampire|47/100 tox|[from] ability: Poison Heal
|upkeep
|turn|25
|inactive|amomg us has 120 seconds left.
|inactive|amomg us has 90 seconds left.
|
|t:|1760761024
|move|p2a: Bolt|Volt Switch|p1a: Vampire
|-damage|p1a: Vampire|0 fnt
|faint|p1a: Vampire
|
|upkeep
|
|t:|1760761031
|switch|p1a: Big Arm|Kingambit, F|100/100
|-activate|p1a: Big Arm|move: Sticky Web
|-unboost|p1a: Big Arm|spe|1
|-activate|p1a: Big Arm|ability: Supreme Overlord
|-start|p1a: Big Arm|fallen2|[silent]
|turn|26
|
|t:|1760761037
|move|p1a: Big Arm|Sucker Punch||[still]
|-fail|p1a: Big Arm
|move|p2a: Bolt|Calm Mind|p2a: Bolt
|-boost|p2a: Bolt|spa|1
|-boost|p2a: Bolt|spd|1
|
|upkeep
|turn|27
|
|t:|1760761042
|move|p2a: Bolt|Thunderclap|p1a: Big Arm
|-damage|p1a: Big Arm|14/100
|move|p1a: Big Arm|Kowtow Cleave|p2a: Bolt
|-damage|p2a: Bolt|0 fnt
|faint|p2a: Bolt
|-end|p2a: Bolt|Protosynthesis|[silent]
|
|win|amomg us
|raw|amomg us's rating: 1395 &rarr; <strong>1417</strong><br />(+22 for winning)
|raw|GreenMisfire's rating: 1426 &rarr; <strong>1404</strong><br />(-22 for losing)
|l|☆GreenMisfire
|player|p2|
|l|☆amomg us
|player|p1|
