|j|☆Penguinxdd
|j|☆Churrini
|t:|1760728619
|gametype|singles
|player|p1|Penguinxdd|veteran|1239
|player|p2|Churrini|brawly|1234
|gen|9
|tier|[Gen 9] OU
|rated|
|rule|HP Percentage Mod: HP is shown in percentages
|rule|Endless Battle Clause: Forcing endless battles is banned
|rule|Species Clause: Limit one of each Pokémon
|rule|OHKO Clause: OHKO moves are banned
|rule|Evasion Items Clause: Evasion items are banned
|rule|Evasion Moves Clause: Evasion moves are banned
|rule|Evasion Abilities Clause: Evasion abilities are banned
|rule|Sleep Moves Clause: Sleep-inducing moves are banned
|clearpoke
|poke|p1|Meowscarada, M|
|poke|p1|Rillaboom, F|
|poke|p1|Fezandipiti, M|
|poke|p1|Heatran, F|
|poke|p1|Weezing-Galar, M|
|poke|p1|Keldeo|
|poke|p2|Carbink|
|poke|p2|Rhyperior, M|
|poke|p2|Breloom, M|
|poke|p2|Hydrapple, M|
|poke|p2|Dusclops, M|
|poke|p2|Hoopa-Unbound|
|teampreview
|inactive|Battle timer is ON: inactive players will automatically lose when time's up. (requested by Churrini)
|
|t:|1760728629
|teamsize|p1|6
|teamsize|p2|6
|start
|switch|p1a: Rillaboom|Rillaboom, F|100/100
|switch|p2a: Kazuya|Carbink, shiny|100/100
|-fieldstart|move: Grassy Terrain|[from] ability: Grassy Surge|[of] p1a: Rillaboom
|turn|1
|
|t:|1760728635
|move|p1a: Rillaboom|Grassy Glide|p2a: Kazuya
|-supereffective|p2a: Kazuya
|-damage|p2a: Kazuya|33/100
|move|p2a: Kazuya|Trick Room|p2a: Kazuya
|-fieldstart|move: Trick Room|[of] p2a: Kazuya
|
|-heal|p2a: Kazuya|39/100|[from] Grassy Terrain
|upkeep
|turn|2
|
|t:|1760728641
|move|p1a: Rillaboom|Grassy Glide|p2a: Kazuya
|-supereffective|p2a: Kazuya
|-damage|p2a: Kazuya|0 fnt
|faint|p2a: Kazuya
|
|upkeep
|
|t:|1760728661
|switch|p2a: Manzanita|Hydrapple, M|100/100
|turn|3
|
|t:|1760728666
|switch|p1a: Fezandipiti|Fezandipiti, M|100/100
|move|p2a: Manzanita|Fickle Beam|p1a: Fezandipiti
|-immune|p1a: Fezandipiti
|
|upkeep
|turn|4
|
|t:|1760728676
|switch|p2a: Torrente|Rhyperior, M|100/100
|move|p1a: Fezandipiti|Gunk Shot|p2a: Torrente|[miss]
|-miss|p1a: Fezandipiti|p2a: Torrente
|
|upkeep
|turn|5
|
|t:|1760728687
|switch|p1a: Rillaboom|Rillaboom, F|100/100
|move|p2a: Torrente|Stone Edge|p1a: Rillaboom|[miss]
|-miss|p2a: Torrente|p1a: Rillaboom
|
|-fieldend|move: Trick Room
|-fieldend|move: Grassy Terrain
|upkeep
|turn|6
|
|t:|1760728704
|switch|p2a: Manzanita|Hydrapple, M|100/100
|move|p1a: Rillaboom|Grassy Glide|p2a: Manzanita
|-resisted|p2a: Manzanita
|-damage|p2a: Manzanita|95/100
|
|upkeep
|turn|7
|
|t:|1760728714
|move|p1a: Rillaboom|U-turn|p2a: Manzanita
|-supereffective|p2a: Manzanita
|-damage|p2a: Manzanita|59/100
|
|t:|1760728716
|switch|p1a: Fezandipiti|Fezandipiti, M|100/100|[from] U-turn
|move|p2a: Manzanita|Earth Power|p1a: Fezandipiti
|-supereffective|p1a: Fezandipiti
|-damage|p1a: Fezandipiti|33/100
|
|upkeep
|turn|8
|
|t:|1760728725
|switch|p1a: Rillaboom|Rillaboom, F|100/100
|-fieldstart|move: Grassy Terrain|[from] ability: Grassy Surge|[of] p1a: Rillaboom
|move|p2a: Manzanita|Earth Power|p1a: Rillaboom
|-resisted|p1a: Rillaboom
|-damage|p1a: Rillaboom|71/100
|
|-heal|p1a: Rillaboom|77/100|[from] Grassy Terrain
|-heal|p2a: Manzanita|65/100|[from] Grassy Terrain
|upkeep
|turn|9
|
|t:|1760728731
|switch|p2a: George Floyd|Dusclops, M|100/100
|-ability|p2a: George Floyd|Pressure
|move|p1a: Rillaboom|Knock Off|p2a: George Floyd
|-supereffective|p2a: George Floyd
|-damage|p2a: George Floyd|57/100
|-enditem|p2a: George Floyd|Eviolite|[from] move: Knock Off|[of] p1a: Rillaboom
|
|-heal|p1a: Rillaboom|83/100|[from] Grassy Terrain
|-heal|p2a: George Floyd|63/100|[from] Grassy Terrain
|upkeep
|turn|10
|
|t:|1760728737
|move|p1a: Rillaboom|Wood Hammer|p2a: George Floyd
|-damage|p2a: George Floyd|0 fnt
|faint|p2a: George Floyd
|-damage|p1a: Rillaboom|68/100|[from] Recoil
|
|-heal|p1a: Rillaboom|74/100|[from] Grassy Terrain
|upkeep
|
|t:|1760728755
|switch|p2a: Manzanita|Hydrapple, M|98/100
|turn|11
|c|☆Penguinxdd|Chill out on the nicknames bro 😭
|
|t:|1760728779
|move|p1a: Rillaboom|U-turn|p2a: Manzanita
|-supereffective|p2a: Manzanita
|-damage|p2a: Manzanita|61/100
|
|t:|1760728784
|switch|p1a: Fezandipiti|Fezandipiti, M|33/100|[from] U-turn
|move|p2a: Manzanita|Fickle Beam|p1a: Fezandipiti
|-immune|p1a: Fezandipiti
|
|-heal|p1a: Fezandipiti|39/100|[from] Grassy Terrain
|-heal|p2a: Manzanita|67/100|[from] Grassy Terrain
|upkeep
|turn|12
|
|t:|1760728790
|switch|p2a: Torrente|Rhyperior, M|100/100
|move|p1a: Fezandipiti|Roost|p1a: Fezandipiti
|-heal|p1a: Fezandipiti|89/100
|-singleturn|p1a: Fezandipiti|move: Roost
|
|-heal|p1a: Fezandipiti|95/100|[from] Grassy Terrain
|-fieldend|move: Grassy Terrain
|upkeep
|turn|13
|
|t:|1760728800
|switch|p1a: Rillaboom|Rillaboom, F|74/100
|-fieldstart|move: Grassy Terrain|[from] ability: Grassy Surge|[of] p1a: Rillaboom
|move|p2a: Torrente|Hammer Arm|p1a: Rillaboom
|-damage|p1a: Rillaboom|13/100
|-unboost|p2a: Torrente|spe|1
|
|-heal|p1a: Rillaboom|19/100|[from] Grassy Terrain
|upkeep
|turn|14
|
|t:|1760728809
|switch|p2a: Manzanita|Hydrapple, M|100/100
|move|p1a: Rillaboom|Knock Off|p2a: Manzanita
|-damage|p2a: Manzanita|72/100
|-enditem|p2a: Manzanita|Choice Specs|[from] move: Knock Off|[of] p1a: Rillaboom
|
|-heal|p1a: Rillaboom|25/100|[from] Grassy Terrain
|-heal|p2a: Manzanita|78/100|[from] Grassy Terrain
|upkeep
|turn|15
|
|t:|1760728816
|move|p1a: Rillaboom|U-turn|p2a: Manzanita
|-supereffective|p2a: Manzanita
|-damage|p2a: Manzanita|37/100
|
|t:|1760728817
|switch|p1a: Fezandipiti|Fezandipiti, M|95/100|[from] U-turn
|move|p2a: Manzanita|Earth Power|p1a: Fezandipiti
|-supereffective|p1a: Fezandipiti
|-damage|p1a: Fezandipiti|54/100
|
|-heal|p1a: Fezandipiti|60/100|[from] Grassy Terrain
|-heal|p2a: Manzanita|43/100|[from] Grassy Terrain
|upkeep
|turn|16
|
|t:|1760728827
|switch|p2a: Pablo Motos|Breloom, M|100/100
|move|p1a: Fezandipiti|Gunk Shot|p2a: Pablo Motos
|-supereffective|p2a: Pablo Motos
|-damage|p2a: Pablo Motos|0 fnt
|faint|p2a: Pablo Motos
|
|-heal|p1a: Fezandipiti|66/100|[from] Grassy Terrain
|upkeep
|
|t:|1760728833
|switch|p2a: Wise Yuri|Hoopa-Unbound|100/100
|turn|17
|
|t:|1760728837
|move|p1a: Fezandipiti|U-turn|p2a: Wise Yuri
|-supereffective|p2a: Wise Yuri
|-damage|p2a: Wise Yuri|28/100
|
|t:|1760728839
|switch|p1a: Heatran|Heatran, F|100/100|[from] U-turn
|move|p2a: Wise Yuri|Trick Room|p2a: Wise Yuri
|-fieldstart|move: Trick Room|[of] p2a: Wise Yuri
|
|-heal|p2a: Wise Yuri|34/100|[from] Grassy Terrain
|-fieldend|move: Grassy Terrain
|upkeep
|turn|18
|
|t:|1760728848
|move|p2a: Wise Yuri|Focus Blast|p1a: Heatran|[miss]
|-miss|p2a: Wise Yuri|p1a: Heatran
|move|p1a: Heatran|Magma Storm|p2a: Wise Yuri
|-damage|p2a: Wise Yuri|2/100
|-activate|p2a: Wise Yuri|move: Magma Storm|[of] p1a: Heatran
|
|-damage|p2a: Wise Yuri|0 fnt|[from] move: Magma Storm|[partiallytrapped]
|faint|p2a: Wise Yuri
|upkeep
|
|t:|1760728853
|switch|p2a: Torrente|Rhyperior, M|100/100
|turn|19
|
|t:|1760728865
|switch|p1a: Keldeo|Keldeo|100/100
|-terastallize|p2a: Torrente|Ground
|move|p2a: Torrente|Earthquake|p1a: Keldeo
|-damage|p1a: Keldeo|0 fnt
|faint|p1a: Keldeo
|
|upkeep
|
|t:|1760728870
|switch|p1a: Rillaboom|Rillaboom, F|25/100
|-fieldstart|move: Grassy Terrain|[from] ability: Grassy Surge|[of] p1a: Rillaboom
|turn|20
|
|t:|1760728876
|move|p1a: Rillaboom|Grassy Glide|p2a: Torrente
|-supereffective|p2a: Torrente
|-damage|p2a: Torrente|65/100
|move|p2a: Torrente|Earthquake|p1a: Rillaboom
|-resisted|p1a: Rillaboom
|-damage|p1a: Rillaboom|0 fnt
|faint|p1a: Rillaboom
|
|-heal|p2a: Torrente|71/100|[from] Grassy Terrain
|upkeep
|
|t:|1760728879
|switch|p1a: Weeze-Cigarette|Weezing-Galar, M|100/100
|-ability|p1a: Weeze-Cigarette|Neutralizing Gas
|turn|21
|
|t:|1760728883
|move|p2a: Torrente|Earthquake|p1a: Weeze-Cigarette
|-supereffective|p1a: Weeze-Cigarette
|-damage|p1a: Weeze-Cigarette|6/100
|move|p1a: Weeze-Cigarette|Will-O-Wisp|p2a: Torrente
|-status|p2a: Torrente|brn
|
|-heal|p2a: Torrente|77/100 brn|[from] Grassy Terrain
|-heal|p1a: Weeze-Cigarette|12/100|[from] Grassy Terrain
|-damage|p2a: Torrente|71/100 brn|[from] brn
|-fieldend|move: Trick Room
|upkeep
|turn|22
|
|t:|1760728887
|move|p1a: Weeze-Cigarette|Sludge Bomb|p2a: Torrente
|-resisted|p2a: Torrente
|-damage|p2a: Torrente|55/100 brn
|move|p2a: Torrente|Earthquake|p1a: Weeze-Cigarette
|-supereffective|p1a: Weeze-Cigarette
|-damage|p1a: Weeze-Cigarette|0 fnt
|faint|p1a: Weeze-Cigarette
|-end|p1a: Weeze-Cigarette|ability: Neutralizing Gas
|
|-heal|p2a: Torrente|61/100 brn|[from] Grassy Terrain
|-damage|p2a: Torrente|55/100 brn|[from] brn
|upkeep
|
|t:|1760728888
|switch|p1a: Meowscarada|Meowscarada, M|100/100
|turn|23
|
|t:|1760728892
|move|p1a: Meowscarada|Flower Trick|p2a: Torrente
|-start|p1a: Meowscarada|typechange|Grass|[from] ability: Protean
|-supereffective|p2a: Torrente
|-crit|p2a: Torrente
|-damage|p2a: Torrente|0 fnt
|faint|p2a: Torrente
|
|upkeep
|
|t:|1760728894
|switch|p2a: Manzanita|Hydrapple, M|76/100
|turn|24
|-message|Churrini forfeited.
|
|win|Penguinxdd
|raw|Penguinxdd's rating: 1239 &rarr; <strong>1264</strong><br />(+25 for winning)
|raw|Churrini's rating: 1234 &rarr; <strong>1209</strong><br />(-25 for losing)
|l|☆Churrini
|player|p2|
|l|☆Penguinxdd
|player|p1|
