|j|☆I am Patrat
|j|☆emeryns88
|t:|1760724486
|gametype|singles
|player|p1|I am Patrat|102|1364
|player|p2|emeryns88|hilbert|1358
|gen|9
|tier|[Gen 9] OU
|rated|
|rule|HP Percentage Mod: HP is shown in percentages
|rule|Endless Battle Clause: Forcing endless battles is banned
|rule|Species Clause: Limit one of each Pokémon
|rule|OHKO Clause: OHKO moves are banned
|rule|Evasion Items Clause: Evasion items are banned
|rule|Evasion Moves Clause: Evasion moves are banned
|rule|Evasion Abilities Clause: Evasion abilities are banned
|rule|Sleep Moves Clause: Sleep-inducing moves are banned
|clearpoke
|poke|p1|Regirock|
|poke|p1|Blaziken, F|
|poke|p1|Sinistcha|
|poke|p1|Haxorus, M|
|poke|p1|Iron Valiant|
|poke|p1|Cresselia, F|
|poke|p2|Dragonite, M|
|poke|p2|Iron Valiant|
|poke|p2|Gholdengo|
|poke|p2|Zapdos|
|poke|p2|Primarina, F|
|poke|p2|Ting-Lu|
|teampreview
|
|t:|1760724510
|teamsize|p1|6
|teamsize|p2|6
|start
|switch|p1a: Blaziken|Blaziken, F|100/100
|switch|p2a: Primarina|Primarina, F|100/100
|turn|1
|
|t:|1760724521
|switch|p1a: Sinistcha|Sinistcha|100/100
|move|p2a: Primarina|Hydro Pump|p1a: Sinistcha
|-resisted|p1a: Sinistcha
|-damage|p1a: Sinistcha|77/100
|
|-heal|p1a: Sinistcha|83/100|[from] item: Leftovers
|upkeep
|turn|2
|
|t:|1760724530
|switch|p2a: Zapdos|Zapdos|100/100
|move|p1a: Sinistcha|Calm Mind|p1a: Sinistcha
|-boost|p1a: Sinistcha|spa|1
|-boost|p1a: Sinistcha|spd|1
|
|-heal|p1a: Sinistcha|90/100|[from] item: Leftovers
|upkeep
|turn|3
|inactive|Battle timer is ON: inactive players will automatically lose when time's up. (requested by emeryns88)
|
|t:|1760724552
|move|p2a: Zapdos|Hurricane|p1a: Sinistcha
|-supereffective|p1a: Sinistcha
|-damage|p1a: Sinistcha|27/100
|-start|p1a: Sinistcha|confusion
|-activate|p1a: Sinistcha|confusion
|move|p1a: Sinistcha|Matcha Gotcha|p2a: Zapdos
|-resisted|p2a: Zapdos
|-damage|p2a: Zapdos|76/100
|-heal|p1a: Sinistcha|40/100|[from] drain|[of] p2a: Zapdos
|
|-heal|p1a: Sinistcha|46/100|[from] item: Leftovers
|upkeep
|turn|4
|
|t:|1760724565
|switch|p1a: Regirock|Regirock|100/100
|move|p2a: Zapdos|Hurricane|p1a: Regirock|[miss]
|-miss|p2a: Zapdos|p1a: Regirock
|
|upkeep
|turn|5
|
|t:|1760724574
|move|p2a: Zapdos|Volt Switch|p1a: Regirock
|-damage|p1a: Regirock|67/100
|
|t:|1760724575
|switch|p2a: Ting-Lu|Ting-Lu|100/100|[from] Volt Switch
|-ability|p2a: Ting-Lu|Vessel of Ruin
|move|p1a: Regirock|Stealth Rock|p2a: Ting-Lu
|-sidestart|p2: emeryns88|move: Stealth Rock
|
|-heal|p1a: Regirock|73/100|[from] item: Leftovers
|upkeep
|turn|6
|
|t:|1760724586
|move|p1a: Regirock|Body Press|p2a: Ting-Lu
|-supereffective|p2a: Ting-Lu
|-damage|p2a: Ting-Lu|68/100
|move|p2a: Ting-Lu|Stealth Rock|p1a: Regirock
|-sidestart|p1: I am Patrat|move: Stealth Rock
|
|-heal|p1a: Regirock|79/100|[from] item: Leftovers
|-heal|p2a: Ting-Lu|74/100|[from] item: Leftovers
|upkeep
|turn|7
|
|t:|1760724595
|switch|p1a: Blaziken|Blaziken, F|100/100
|-damage|p1a: Blaziken|88/100|[from] Stealth Rock
|move|p2a: Ting-Lu|Spikes|p1a: Blaziken
|-sidestart|p1: I am Patrat|Spikes
|
|-heal|p2a: Ting-Lu|80/100|[from] item: Leftovers
|upkeep
|turn|8
|
|t:|1760724604
|move|p1a: Blaziken|Swords Dance|p1a: Blaziken
|-boost|p1a: Blaziken|atk|2
|move|p2a: Ting-Lu|Whirlwind|p1a: Blaziken
|drag|p1a: Iron Valiant|Iron Valiant|100/100
|-damage|p1a: Iron Valiant|94/100|[from] Stealth Rock
|-damage|p1a: Iron Valiant|82/100|[from] Spikes
|-enditem|p1a: Iron Valiant|Booster Energy
|-activate|p1a: Iron Valiant|ability: Quark Drive|[fromitem]
|-start|p1a: Iron Valiant|quarkdrivespe
|
|-heal|p2a: Ting-Lu|86/100|[from] item: Leftovers
|upkeep
|turn|9
|l|☆emeryns88
|inactive|emeryns88 disconnected and has a minute to reconnect!
|player|p2|
|j|☆emeryns88
|inactive|emeryns88 reconnected and has 130 seconds left.
|player|p2|emeryns88|hilbert|
|
|t:|1760724629
|switch|p2a: Zapdos|Zapdos|76/100
|-damage|p2a: Zapdos|52/100|[from] Stealth Rock
|move|p1a: Iron Valiant|Moonblast|p2a: Zapdos
|-damage|p2a: Zapdos|5/100
|-unboost|p2a: Zapdos|spa|1
|
|upkeep
|turn|10
|
|t:|1760724637
|move|p1a: Iron Valiant|Moonblast|p2a: Zapdos
|-damage|p2a: Zapdos|0 fnt
|faint|p2a: Zapdos
|
|upkeep
|
|t:|1760724639
|switch|p2a: Primarina|Primarina, F|100/100
|-damage|p2a: Primarina|88/100|[from] Stealth Rock
|turn|11
|
|t:|1760724646
|move|p1a: Iron Valiant|Thunderbolt|p2a: Primarina
|-supereffective|p2a: Primarina
|-damage|p2a: Primarina|56/100
|-status|p2a: Primarina|par
|move|p2a: Primarina|Draining Kiss|p1a: Iron Valiant
|-supereffective|p1a: Iron Valiant
|-damage|p1a: Iron Valiant|0 fnt
|-heal|p2a: Primarina|100/100 par|[from] drain|[of] p1a: Iron Valiant
|faint|p1a: Iron Valiant
|-end|p1a: Iron Valiant|Quark Drive|[silent]
|
|upkeep
|
|t:|1760724657
|switch|p1a: Cresselia|Cresselia, F|100/100
|turn|12
|
|t:|1760724662
|switch|p2a: Ting-Lu|Ting-Lu|86/100
|-damage|p2a: Ting-Lu|80/100|[from] Stealth Rock
|-ability|p2a: Ting-Lu|Vessel of Ruin
|move|p1a: Cresselia|Calm Mind|p1a: Cresselia
|-boost|p1a: Cresselia|spa|1
|-boost|p1a: Cresselia|spd|1
|
|-heal|p2a: Ting-Lu|86/100|[from] item: Leftovers
|upkeep
|turn|13
|
|t:|1760724674
|move|p1a: Cresselia|Moonblast|p2a: Ting-Lu
|-supereffective|p2a: Ting-Lu
|-damage|p2a: Ting-Lu|55/100
|move|p2a: Ting-Lu|Whirlwind|p1a: Cresselia
|drag|p1a: Blaziken|Blaziken, F|88/100
|-damage|p1a: Blaziken|76/100|[from] Stealth Rock
|-damage|p1a: Blaziken|64/100|[from] Spikes
|
|-heal|p2a: Ting-Lu|62/100|[from] item: Leftovers
|upkeep
|turn|14
|
|t:|1760724686
|move|p1a: Blaziken|Close Combat|p2a: Ting-Lu
|-supereffective|p2a: Ting-Lu
|-damage|p2a: Ting-Lu|0 fnt
|-unboost|p1a: Blaziken|def|1
|-unboost|p1a: Blaziken|spd|1
|faint|p2a: Ting-Lu
|-damage|p1a: Blaziken|54/100|[from] item: Life Orb
|
|-ability|p1a: Blaziken|Speed Boost|boost
|-boost|p1a: Blaziken|spe|1
|upkeep
|
|t:|1760724692
|switch|p2a: Primarina|Primarina, F|100/100 par
|-damage|p2a: Primarina|88/100 par|[from] Stealth Rock
|turn|15
|
|t:|1760724704
|switch|p1a: Sinistcha|Sinistcha|46/100
|-damage|p1a: Sinistcha|34/100|[from] Stealth Rock
|-damage|p1a: Sinistcha|22/100|[from] Spikes
|move|p2a: Primarina|Psychic Noise|p1a: Sinistcha
|-damage|p1a: Sinistcha|0 fnt
|faint|p1a: Sinistcha
|
|upkeep
|
|t:|1760724715
|switch|p1a: Cresselia|Cresselia, F|100/100
|turn|16
|
|t:|1760724719
|move|p1a: Cresselia|Calm Mind|p1a: Cresselia
|-boost|p1a: Cresselia|spa|1
|-boost|p1a: Cresselia|spd|1
|move|p2a: Primarina|Psychic Noise|p1a: Cresselia
|-resisted|p1a: Cresselia
|-damage|p1a: Cresselia|94/100
|-start|p1a: Cresselia|move: Heal Block
|
|upkeep
|turn|17
|
|t:|1760724729
|switch|p2a: Gholdengo|Gholdengo|100/100
|-damage|p2a: Gholdengo|94/100|[from] Stealth Rock
|move|p1a: Cresselia|Calm Mind|p1a: Cresselia
|-boost|p1a: Cresselia|spa|1
|-boost|p1a: Cresselia|spd|1
|
|-end|p1a: Cresselia|move: Heal Block
|upkeep
|turn|18
|
|t:|1760724738
|move|p2a: Gholdengo|Trick|p1a: Cresselia
|-activate|p2a: Gholdengo|move: Trick|[of] p1a: Cresselia
|-item|p1a: Cresselia|Choice Specs|[from] move: Trick
|-item|p2a: Gholdengo|Heavy-Duty Boots|[from] move: Trick
|move|p1a: Cresselia|Calm Mind|p1a: Cresselia
|-boost|p1a: Cresselia|spa|1
|-boost|p1a: Cresselia|spd|1
|
|upkeep
|turn|19
|
|t:|1760724749
|move|p2a: Gholdengo|Shadow Ball|p1a: Cresselia
|-supereffective|p1a: Cresselia
|-damage|p1a: Cresselia|73/100
|-unboost|p1a: Cresselia|spd|1
|move|p1a: Cresselia|Calm Mind|p1a: Cresselia
|-boost|p1a: Cresselia|spa|1
|-boost|p1a: Cresselia|spd|1
|
|upkeep
|turn|20
|
|t:|1760724760
|switch|p1a: Blaziken|Blaziken, F|54/100
|-damage|p1a: Blaziken|41/100|[from] Stealth Rock
|-damage|p1a: Blaziken|29/100|[from] Spikes
|move|p2a: Gholdengo|Shadow Ball|p1a: Blaziken
|-damage|p1a: Blaziken|0 fnt
|faint|p1a: Blaziken
|
|upkeep
|
|t:|1760724770
|switch|p1a: Haxorus|Haxorus, M|100/100
|-damage|p1a: Haxorus|88/100|[from] Stealth Rock
|-damage|p1a: Haxorus|76/100|[from] Spikes
|-ability|p1a: Haxorus|Mold Breaker
|turn|21
|
|t:|1760724779
|switch|p2a: Primarina|Primarina, F|88/100 par
|-damage|p2a: Primarina|76/100 par|[from] Stealth Rock
|move|p1a: Haxorus|Earthquake|p2a: Primarina
|-damage|p2a: Primarina|33/100 par
|
|upkeep
|turn|22
|
|t:|1760724786
|move|p1a: Haxorus|Earthquake|p2a: Primarina
|-damage|p2a: Primarina|0 fnt
|faint|p2a: Primarina
|
|upkeep
|
|t:|1760724790
|switch|p2a: Iron Valiant|Iron Valiant|100/100
|-damage|p2a: Iron Valiant|94/100|[from] Stealth Rock
|-enditem|p2a: Iron Valiant|Booster Energy
|-activate|p2a: Iron Valiant|ability: Quark Drive|[fromitem]
|-start|p2a: Iron Valiant|quarkdrivespe
|turn|23
|
|t:|1760724797
|switch|p1a: Cresselia|Cresselia, F|73/100
|-damage|p1a: Cresselia|61/100|[from] Stealth Rock
|move|p2a: Iron Valiant|Spirit Break|p1a: Cresselia
|-damage|p1a: Cresselia|38/100
|-unboost|p1a: Cresselia|spa|1
|
|upkeep
|turn|24
|
|t:|1760724809
|-terastallize|p2a: Iron Valiant|Fire
|move|p2a: Iron Valiant|Knock Off|p1a: Cresselia
|-supereffective|p1a: Cresselia
|-damage|p1a: Cresselia|0 fnt
|-enditem|p1a: Cresselia|Choice Specs|[from] move: Knock Off|[of] p2a: Iron Valiant
|faint|p1a: Cresselia
|
|upkeep
|
|t:|1760724817
|switch|p1a: Regirock|Regirock|79/100
|-damage|p1a: Regirock|66/100|[from] Stealth Rock
|-damage|p1a: Regirock|54/100|[from] Spikes
|turn|25
|
|t:|1760724822
|move|p2a: Iron Valiant|Close Combat|p1a: Regirock
|-supereffective|p1a: Regirock
|-damage|p1a: Regirock|0 fnt
|-unboost|p2a: Iron Valiant|def|1
|-unboost|p2a: Iron Valiant|spd|1
|faint|p1a: Regirock
|
|upkeep
|
|t:|1760724829
|switch|p1a: Haxorus|Haxorus, M|76/100
|-damage|p1a: Haxorus|64/100|[from] Stealth Rock
|-damage|p1a: Haxorus|51/100|[from] Spikes
|-ability|p1a: Haxorus|Mold Breaker
|turn|26
|
|t:|1760724841
|-terastallize|p1a: Haxorus|Dragon
|move|p2a: Iron Valiant|Spirit Break|p1a: Haxorus
|-supereffective|p1a: Haxorus
|-damage|p1a: Haxorus|0 fnt
|faint|p1a: Haxorus
|
|win|emeryns88
|raw|I am Patrat's rating: 1364 &rarr; <strong>1344</strong><br />(-20 for losing)
|raw|emeryns88's rating: 1358 &rarr; <strong>1378</strong><br />(+20 for winning)
|l|☆emeryns88
|player|p2|
|l|☆I am Patrat
|player|p1|
