|j|‽Lucid Coffee
|j|☆koroyev1
|t:|1760720875
|gametype|singles
|player|p1|Lucid Coffee|blue|1598
|player|p2|koroyev1|roxanne|1615
|gen|9
|tier|[Gen 9] OU
|rated|
|rule|HP Percentage Mod: HP is shown in percentages
|rule|Endless Battle Clause: Forcing endless battles is banned
|rule|Species Clause: Limit one of each Pokémon
|rule|OHKO Clause: OHKO moves are banned
|rule|Evasion Items Clause: Evasion items are banned
|rule|Evasion Moves Clause: Evasion moves are banned
|rule|Evasion Abilities Clause: Evasion abilities are banned
|rule|Sleep Moves Clause: Sleep-inducing moves are banned
|clearpoke
|poke|p1|Kyurem|
|poke|p1|Landorus-Therian, M|
|poke|p1|Kingambit, F|
|poke|p1|Zamazenta-*|
|poke|p1|Great Tusk|
|poke|p1|Zapdos|
|poke|p2|Landorus-Therian, M|
|poke|p2|Corviknight, M|
|poke|p2|Zoroark-Hisui, F|
|poke|p2|Raging Bolt|
|poke|p2|Pecharunt|
|poke|p2|Samurott-Hisui, M|
|teampreview
|
|t:|1760720888
|teamsize|p1|6
|teamsize|p2|6
|start
|switch|p1a: Kyurem|Kyurem|100/100
|switch|p2a: Sammy Rot|Samurott-Hisui, M|100/100
|-ability|p1a: Kyurem|Pressure
|turn|1
|inactive|Battle timer is ON: inactive players will automatically lose when time's up. (requested by koroyev1)
|
|t:|1760720891
|move|p1a: Kyurem|Freeze-Dry|p2a: Sammy Rot
|-supereffective|p2a: Sammy Rot
|-damage|p2a: Sammy Rot|29/100
|move|p2a: Sammy Rot|Sacred Sword|p1a: Kyurem
|-supereffective|p1a: Kyurem
|-damage|p1a: Kyurem|20/100
|
|upkeep
|turn|2
|
|t:|1760720898
|move|p2a: Sammy Rot|Sucker Punch|p1a: Kyurem
|-damage|p1a: Kyurem|0 fnt
|faint|p1a: Kyurem
|
|upkeep
|
|t:|1760720903
|switch|p1a: Landorus|Landorus-Therian, M|100/100
|-ability|p1a: Landorus|Intimidate|boost
|-unboost|p2a: Sammy Rot|atk|1
|turn|3
|
|t:|1760720906
|move|p1a: Landorus|U-turn|p2a: Sammy Rot
|-supereffective|p2a: Sammy Rot
|-damage|p2a: Sammy Rot|0 fnt
|faint|p2a: Sammy Rot
|j| Sanesa8724
|l| Sanesa8724
|
|t:|1760720919
|switch|p1a: Great Tusk|Great Tusk|100/100|[from] U-turn
|
|upkeep
|
|t:|1760720922
|switch|p2a: Peter Runt|Pecharunt|100/100
|turn|4
|
|t:|1760720930
|-end|p1a: Great Tusk|Protosynthesis|[silent]
|switch|p1a: Kingambit|Kingambit, F|100/100
|-activate|p1a: Kingambit|ability: Supreme Overlord
|-start|p1a: Kingambit|fallen1|[silent]
|move|p2a: Peter Runt|Malignant Chain|p1a: Kingambit
|-immune|p1a: Kingambit
|
|upkeep
|turn|5
|
|t:|1760720947
|-end|p1a: Kingambit|fallen1|[silent]
|switch|p1a: Landorus|Landorus-Therian, M|100/100
|-ability|p1a: Landorus|Intimidate|boost
|-unboost|p2a: Peter Runt|atk|1
|move|p2a: Peter Runt|Parting Shot|p1a: Landorus
|-unboost|p1a: Landorus|atk|1
|-unboost|p1a: Landorus|spa|1
|
|t:|1760720954
|switch|p2a: Randy Bolt|Raging Bolt|100/100|[from] Parting Shot
|
|upkeep
|turn|6
|
|t:|1760720958
|move|p1a: Landorus|Taunt|p2a: Randy Bolt
|-start|p2a: Randy Bolt|move: Taunt
|move|p2a: Randy Bolt|Draco Meteor|p1a: Landorus
|-damage|p1a: Landorus|0 fnt
|-unboost|p2a: Randy Bolt|spa|2
|faint|p1a: Landorus
|
|upkeep
|
|t:|1760720979
|switch|p1a: Zamazenta|Zamazenta|100/100
|-ability|p1a: Zamazenta|Dauntless Shield|boost
|-boost|p1a: Zamazenta|def|1
|turn|7
|
|t:|1760720983
|-end|p2a: Randy Bolt|Protosynthesis|[silent]
|switch|p2a: Peter Runt|Pecharunt|100/100
|move|p1a: Zamazenta|Close Combat|p2a: Peter Runt
|-immune|p2a: Peter Runt
|
|upkeep
|turn|8
|
|t:|1760720993
|-terastallize|p1a: Zamazenta|Dark
|move|p1a: Zamazenta|Crunch|p2a: Peter Runt
|-supereffective|p2a: Peter Runt
|-damage|p2a: Peter Runt|45/100
|-damage|p1a: Zamazenta|84/100|[from] item: Rocky Helmet|[of] p2a: Peter Runt
|-damage|p1a: Zamazenta|74/100|[from] item: Life Orb
|move|p2a: Peter Runt|Parting Shot|p1a: Zamazenta
|-unboost|p1a: Zamazenta|atk|1
|-unboost|p1a: Zamazenta|spa|1
|
|t:|1760721002
|switch|p2a: Randy Bolt|Raging Bolt|100/100|[from] Parting Shot
|
|upkeep
|turn|9
|
|t:|1760721006
|switch|p1a: Great Tusk|Great Tusk|100/100
|move|p2a: Randy Bolt|Draco Meteor|p1a: Great Tusk
|-damage|p1a: Great Tusk|0 fnt
|-unboost|p2a: Randy Bolt|spa|2
|faint|p1a: Great Tusk
|-end|p1a: Great Tusk|Protosynthesis|[silent]
|
|upkeep
|
|t:|1760721011
|switch|p1a: Zamazenta|Zamazenta, tera:Dark|74/100
|turn|10
|
|t:|1760721014
|move|p1a: Zamazenta|Close Combat|p2a: Randy Bolt
|-damage|p2a: Randy Bolt|23/100
|-unboost|p1a: Zamazenta|def|1
|-unboost|p1a: Zamazenta|spd|1
|-damage|p1a: Zamazenta|64/100|[from] item: Life Orb
|move|p2a: Randy Bolt|Draco Meteor|p1a: Zamazenta
|-damage|p1a: Zamazenta|0 fnt
|-unboost|p2a: Randy Bolt|spa|2
|faint|p1a: Zamazenta
|
|upkeep
|
|t:|1760721018
|switch|p1a: Kingambit|Kingambit, F|100/100
|-activate|p1a: Kingambit|ability: Supreme Overlord
|-start|p1a: Kingambit|fallen4|[silent]
|turn|11
|
|t:|1760721022
|move|p2a: Randy Bolt|Draco Meteor|p1a: Kingambit
|-resisted|p1a: Kingambit
|-damage|p1a: Kingambit|85/100
|-unboost|p2a: Randy Bolt|spa|2
|move|p1a: Kingambit|Swords Dance|p1a: Kingambit
|-boost|p1a: Kingambit|atk|2
|
|-heal|p1a: Kingambit|91/100|[from] item: Leftovers
|upkeep
|turn|12
|
|t:|1760721027
|move|p2a: Randy Bolt|Draco Meteor|p1a: Kingambit
|-resisted|p1a: Kingambit
|-damage|p1a: Kingambit|79/100
|move|p1a: Kingambit|Swords Dance|p1a: Kingambit
|-boost|p1a: Kingambit|atk|2
|
|-heal|p1a: Kingambit|85/100|[from] item: Leftovers
|upkeep
|turn|13
|
|t:|1760721030
|move|p2a: Randy Bolt|Draco Meteor|p1a: Kingambit
|-resisted|p1a: Kingambit
|-damage|p1a: Kingambit|73/100
|move|p1a: Kingambit|Swords Dance|p1a: Kingambit
|-boost|p1a: Kingambit|atk|2
|
|-heal|p1a: Kingambit|79/100|[from] item: Leftovers
|upkeep
|turn|14
|
|t:|1760721036
|move|p2a: Randy Bolt|Draco Meteor|p1a: Kingambit
|-resisted|p1a: Kingambit
|-damage|p1a: Kingambit|65/100
|move|p1a: Kingambit|Iron Head|p2a: Randy Bolt
|-resisted|p2a: Randy Bolt
|-damage|p2a: Randy Bolt|0 fnt
|faint|p2a: Randy Bolt
|-end|p2a: Randy Bolt|Protosynthesis|[silent]
|
|-heal|p1a: Kingambit|72/100|[from] item: Leftovers
|upkeep
|
|t:|1760721039
|switch|p2a: Corey Knight|Corviknight, M|100/100
|turn|15
|
|t:|1760721043
|move|p2a: Corey Knight|Low Kick|p1a: Kingambit
|-supereffective|p1a: Kingambit
|-damage|p1a: Kingambit|0 fnt
|faint|p1a: Kingambit
|-end|p1a: Kingambit|fallen4|[silent]
|
|upkeep
|
|t:|1760721047
|switch|p1a: Zapdos|Zapdos|100/100
|turn|16
|
|t:|1760721052
|move|p2a: Corey Knight|Poltergeist|p1a: Zapdos
|-activate|p1a: Zapdos|move: Poltergeist|Assault Vest
|-damage|p1a: Zapdos|44/100
|move|p1a: Zapdos|Volt Switch|p2a: Corey Knight
|-damage|p2a: Corey Knight|31/100
|replace|p2a: Saddam|Zoroark-Hisui, F
|-end|p2a: Saddam|Illusion
|
|upkeep
|turn|17
|
|t:|1760721056
|move|p2a: Saddam|Poltergeist|p1a: Zapdos
|-activate|p1a: Zapdos|move: Poltergeist|Assault Vest
|-damage|p1a: Zapdos|0 fnt
|faint|p1a: Zapdos
|
|win|koroyev1
|raw|Lucid Coffee's rating: 1598 &rarr; <strong>1579</strong><br />(-19 for losing)
|raw|koroyev1's rating: 1615 &rarr; <strong>1634</strong><br />(+19 for winning)
|l|‽Lucid Coffee
|player|p1|
|l|☆koroyev1
|player|p2|
