|j|☆Hybbridd
|j|☆juliussuchtbauer
|t:|1760822948
|gametype|singles
|player|p1|Hybbridd|170|1543
|player|p2|juliussuchtbauer|265|1507
|gen|9
|tier|[Gen 9] OU
|rated|
|rule|HP Percentage Mod: HP is shown in percentages
|rule|Endless Battle Clause: Forcing endless battles is banned
|rule|Species Clause: Limit one of each Pokémon
|rule|OHKO Clause: OHKO moves are banned
|rule|Evasion Items Clause: Evasion items are banned
|rule|Evasion Moves Clause: Evasion moves are banned
|rule|Evasion Abilities Clause: Evasion abilities are banned
|rule|Sleep Moves Clause: Sleep-inducing moves are banned
|clearpoke
|poke|p1|Great Tusk|
|poke|p1|Raging Bolt|
|poke|p1|Iron Valiant|
|poke|p1|Dudunsparce-*, M|
|poke|p1|Latios, M|
|poke|p1|Gholdengo|
|poke|p2|Garganacl, M|
|poke|p2|Hippowdon, M|
|poke|p2|Hydrapple, M|
|poke|p2|Slowking-Galar, M|
|poke|p2|Samurott-Hisui, M|
|poke|p2|Excadrill, M|
|teampreview
|
|t:|1760822981
|teamsize|p1|6
|teamsize|p2|6
|start
|switch|p1a: Latios|Latios, M|100/100
|switch|p2a: Slowking|Slowking-Galar, M, shiny|100/100
|turn|1
|
|t:|1760822994
|move|p1a: Latios|Calm Mind|p1a: Latios
|-boost|p1a: Latios|spa|1
|-boost|p1a: Latios|spd|1
|move|p2a: Slowking|Sludge Bomb|p1a: Latios
|-damage|p1a: Latios|79/100
|
|upkeep
|turn|2
|
|t:|1760823003
|-terastallize|p1a: Latios|Steel
|move|p1a: Latios|Calm Mind|p1a: Latios
|-boost|p1a: Latios|spa|1
|-boost|p1a: Latios|spd|1
|move|p2a: Slowking|Whirlpool|p1a: Latios
|-damage|p1a: Latios|74/100
|-activate|p1a: Latios|move: Whirlpool|[of] p2a: Slowking
|
|-damage|p1a: Latios|62/100|[from] move: Whirlpool|[partiallytrapped]
|upkeep
|turn|3
|
|t:|1760823008
|move|p1a: Latios|Calm Mind|p1a: Latios
|-boost|p1a: Latios|spa|1
|-boost|p1a: Latios|spd|1
|move|p2a: Slowking|Psychic Noise|p1a: Latios
|-resisted|p1a: Latios
|-damage|p1a: Latios|56/100
|-start|p1a: Latios|move: Heal Block
|
|-damage|p1a: Latios|43/100|[from] move: Whirlpool|[partiallytrapped]
|upkeep
|turn|4
|
|t:|1760823011
|move|p1a: Latios|Psychic Noise|p2a: Slowking
|-damage|p2a: Slowking|37/100
|-start|p2a: Slowking|move: Heal Block
|move|p2a: Slowking|Flamethrower|p1a: Latios
|-supereffective|p1a: Latios
|-damage|p1a: Latios|25/100
|
|-damage|p1a: Latios|13/100|[from] move: Whirlpool|[partiallytrapped]
|-end|p1a: Latios|move: Heal Block
|upkeep
|turn|5
|
|t:|1760823033
|switch|p2a: Samurott|Samurott-Hisui, M, shiny|100/100
|move|p1a: Latios|Recover|p1a: Latios
|-heal|p1a: Latios|63/100
|
|-end|p1a: Latios|Whirlpool|[partiallytrapped]|[silent]
|upkeep
|turn|6
|
|t:|1760823048
|move|p2a: Samurott|Sucker Punch|p1a: Latios
|-damage|p1a: Latios|13/100
|move|p1a: Latios|Draco Meteor|p2a: Samurott
|-damage|p2a: Samurott|0 fnt
|-unboost|p1a: Latios|spa|2
|faint|p2a: Samurott
|
|upkeep
|
|t:|1760823053
|switch|p2a: Hippowdon|Hippowdon, M, shiny|100/100
|-weather|Sandstorm|[from] ability: Sand Stream|[of] p2a: Hippowdon
|turn|7
|
|t:|1760823058
|move|p1a: Latios|Recover|p1a: Latios
|-heal|p1a: Latios|63/100
|move|p2a: Hippowdon|Body Press|p1a: Latios
|-supereffective|p1a: Latios
|-damage|p1a: Latios|0 fnt
|faint|p1a: Latios
|
|-weather|Sandstorm|[upkeep]
|upkeep
|
|t:|1760823069
|switch|p1a: Iron Valiant|Iron Valiant|100/100
|-enditem|p1a: Iron Valiant|Booster Energy
|-activate|p1a: Iron Valiant|ability: Quark Drive|[fromitem]
|-start|p1a: Iron Valiant|quarkdrivespe
|turn|8
|
|t:|1760823084
|-terastallize|p2a: Hippowdon|Bug
|move|p1a: Iron Valiant|Encore|p2a: Hippowdon
|-start|p2a: Hippowdon|Encore
|move|p2a: Hippowdon|Body Press|p1a: Iron Valiant
|-resisted|p1a: Iron Valiant
|-damage|p1a: Iron Valiant|83/100
|
|-weather|Sandstorm|[upkeep]
|-damage|p1a: Iron Valiant|76/100|[from] Sandstorm
|-damage|p2a: Hippowdon|94/100|[from] Sandstorm
|upkeep
|turn|9
|
|t:|1760823093
|move|p1a: Iron Valiant|Knock Off|p2a: Hippowdon
|-damage|p2a: Hippowdon|80/100
|-damage|p1a: Iron Valiant|60/100|[from] item: Rocky Helmet|[of] p2a: Hippowdon
|-enditem|p2a: Hippowdon|Rocky Helmet|[from] move: Knock Off|[of] p1a: Iron Valiant
|move|p2a: Hippowdon|Body Press|p1a: Iron Valiant
|-resisted|p1a: Iron Valiant
|-damage|p1a: Iron Valiant|42/100
|
|-weather|Sandstorm|[upkeep]
|-damage|p1a: Iron Valiant|36/100|[from] Sandstorm
|-damage|p2a: Hippowdon|74/100|[from] Sandstorm
|upkeep
|turn|10
|
|t:|1760823097
|move|p1a: Iron Valiant|Moonblast|p2a: Hippowdon
|-damage|p2a: Hippowdon|21/100
|move|p2a: Hippowdon|Body Press|p1a: Iron Valiant
|-resisted|p1a: Iron Valiant
|-damage|p1a: Iron Valiant|17/100
|
|-weather|Sandstorm|[upkeep]
|-damage|p1a: Iron Valiant|11/100|[from] Sandstorm
|-damage|p2a: Hippowdon|15/100|[from] Sandstorm
|-end|p2a: Hippowdon|Encore
|upkeep
|turn|11
|
|t:|1760823106
|switch|p2a: Excadrill|Excadrill, M, shiny|100/100
|move|p1a: Iron Valiant|Moonblast|p2a: Excadrill
|-resisted|p2a: Excadrill
|-crit|p2a: Excadrill
|-damage|p2a: Excadrill|54/100
|
|-weather|none
|upkeep
|turn|12
|inactive|Battle timer is ON: inactive players will automatically lose when time's up. (requested by juliussuchtbauer)
|
|t:|1760823135
|switch|p2a: Hippowdon|Hippowdon, M, shiny, tera:Bug|15/100
|-weather|Sandstorm|[from] ability: Sand Stream|[of] p2a: Hippowdon
|move|p1a: Iron Valiant|Close Combat|p2a: Hippowdon
|-resisted|p2a: Hippowdon
|-damage|p2a: Hippowdon|2/100
|-unboost|p1a: Iron Valiant|def|1
|-unboost|p1a: Iron Valiant|spd|1
|
|-weather|Sandstorm|[upkeep]
|-damage|p1a: Iron Valiant|4/100|[from] Sandstorm
|-damage|p2a: Hippowdon|0 fnt|[from] Sandstorm
|faint|p2a: Hippowdon
|upkeep
|
|t:|1760823141
|switch|p2a: Excadrill|Excadrill, M, shiny|54/100
|turn|13
|
|t:|1760823146
|-end|p1a: Iron Valiant|Quark Drive|[silent]
|switch|p1a: Great Tusk|Great Tusk|100/100
|-enditem|p1a: Great Tusk|Booster Energy
|-activate|p1a: Great Tusk|ability: Protosynthesis|[fromitem]
|-start|p1a: Great Tusk|protosynthesisspe
|move|p2a: Excadrill|Rapid Spin|p1a: Great Tusk
|-damage|p1a: Great Tusk|88/100
|-boost|p2a: Excadrill|spe|1
|
|-weather|Sandstorm|[upkeep]
|upkeep
|turn|14
|
|t:|1760823151
|move|p2a: Excadrill|Earthquake|p1a: Great Tusk
|-damage|p1a: Great Tusk|54/100
|move|p1a: Great Tusk|Bulk Up|p1a: Great Tusk
|-boost|p1a: Great Tusk|atk|1
|-boost|p1a: Great Tusk|def|1
|
|-weather|Sandstorm|[upkeep]
|upkeep
|turn|15
|
|t:|1760823162
|move|p2a: Excadrill|Iron Head|p1a: Great Tusk
|-damage|p1a: Great Tusk|34/100
|move|p1a: Great Tusk|Rapid Spin|p2a: Excadrill
|-resisted|p2a: Excadrill
|-damage|p2a: Excadrill|37/100
|-boost|p1a: Great Tusk|spe|1
|
|-weather|Sandstorm|[upkeep]
|upkeep
|turn|16
|
|t:|1760823167
|move|p2a: Excadrill|Iron Head|p1a: Great Tusk
|-damage|p1a: Great Tusk|15/100
|move|p1a: Great Tusk|Rapid Spin|p2a: Excadrill
|-resisted|p2a: Excadrill
|-damage|p2a: Excadrill|20/100
|-boost|p1a: Great Tusk|spe|1
|
|-weather|none
|upkeep
|turn|17
|
|t:|1760823171
|move|p1a: Great Tusk|Ice Spinner|p2a: Excadrill
|-damage|p2a: Excadrill|0 fnt
|faint|p2a: Excadrill
|
|upkeep
|
|t:|1760823173
|switch|p2a: Hydrapple|Hydrapple, M, shiny|100/100
|turn|18
|
|t:|1760823175
|move|p1a: Great Tusk|Ice Spinner|p2a: Hydrapple
|-supereffective|p2a: Hydrapple
|-damage|p2a: Hydrapple|0 fnt
|faint|p2a: Hydrapple
|
|upkeep
|-message|juliussuchtbauer forfeited.
|
|win|Hybbridd
|raw|Hybbridd's rating: 1543 &rarr; <strong>1561</strong><br />(+18 for winning)
|raw|juliussuchtbauer's rating: 1507 &rarr; <strong>1489</strong><br />(-18 for losing)
|l|☆juliussuchtbauer
|player|p2|
|l|☆Hybbridd
|player|p1|
