|j|☆miffyc
|j|☆adestructive
|t:|1760759969
|gametype|singles
|player|p1|miffyc|preschooler|1323
|player|p2|adestructive|1|1316
|gen|9
|tier|[Gen 9] OU
|rated|
|rule|HP Percentage Mod: HP is shown in percentages
|rule|Endless Battle Clause: Forcing endless battles is banned
|rule|Species Clause: Limit one of each Pokémon
|rule|OHKO Clause: OHKO moves are banned
|rule|Evasion Items Clause: Evasion items are banned
|rule|Evasion Moves Clause: Evasion moves are banned
|rule|Evasion Abilities Clause: Evasion abilities are banned
|rule|Sleep Moves Clause: Sleep-inducing moves are banned
|clearpoke
|poke|p1|Samurott-Hisui, F|
|poke|p1|Great Tusk|
|poke|p1|Volcanion|
|poke|p1|Hydrapple, M|
|poke|p1|Gholdengo|
|poke|p1|Landorus-Therian, M|
|poke|p2|Primarina, M|
|poke|p2|Dragapult, M|
|poke|p2|Gliscor, M|
|poke|p2|Kyurem|
|poke|p2|Slowking-Galar, M|
|poke|p2|Great Tusk|
|teampreview
|inactive|Battle timer is ON: inactive players will automatically lose when time's up. (requested by miffyc)
|inactive|adestructive has 120 seconds left.
|
|t:|1760760011
|teamsize|p1|6
|teamsize|p2|6
|start
|switch|p1a: Samurott|Samurott-Hisui, F|100/100
|switch|p2a: Dragapult|Dragapult, M|100/100
|turn|1
|
|t:|1760760020
|move|p2a: Dragapult|U-turn|p1a: Samurott
|-supereffective|p1a: Samurott
|-damage|p1a: Samurott|24/100
|
|t:|1760760028
|switch|p2a: Great Tusk|Great Tusk|100/100|[from] U-turn
|-enditem|p2a: Great Tusk|Booster Energy
|-activate|p2a: Great Tusk|ability: Protosynthesis|[fromitem]
|-start|p2a: Great Tusk|protosynthesisatk
|move|p1a: Samurott|Knock Off|p2a: Great Tusk
|-resisted|p2a: Great Tusk
|-damage|p2a: Great Tusk|91/100
|
|upkeep
|turn|2
|
|t:|1760760037
|move|p2a: Great Tusk|Rapid Spin|p1a: Samurott
|-damage|p1a: Samurott|0 fnt
|-boost|p2a: Great Tusk|spe|1
|faint|p1a: Samurott
|
|upkeep
|
|t:|1760760053
|switch|p1a: Gholdengo|Gholdengo|100/100
|-item|p1a: Gholdengo|Air Balloon
|turn|3
|
|t:|1760760056
|move|p2a: Great Tusk|Stealth Rock|p1a: Gholdengo
|-sidestart|p1: miffyc|move: Stealth Rock
|move|p1a: Gholdengo|Make It Rain|p2a: Great Tusk
|-damage|p2a: Great Tusk|0 fnt
|-unboost|p1a: Gholdengo|spa|1
|faint|p2a: Great Tusk
|-end|p2a: Great Tusk|Protosynthesis|[silent]
|
|upkeep
|
|t:|1760760065
|switch|p2a: Dragapult|Dragapult, M|100/100
|turn|4
|
|t:|1760760072
|move|p2a: Dragapult|Phantom Force||[still]
|-prepare|p2a: Dragapult|Phantom Force
|move|p1a: Gholdengo|Shadow Ball|p2a: Dragapult|[miss]
|-miss|p1a: Gholdengo|p2a: Dragapult
|
|upkeep
|turn|5
|
|t:|1760760079
|switch|p1a: Hydrapple|Hydrapple, M|100/100
|-damage|p1a: Hydrapple|88/100|[from] Stealth Rock
|move|p2a: Dragapult|Phantom Force|p1a: Hydrapple|[from] lockedmove
|-damage|p1a: Hydrapple|52/100
|-damage|p2a: Dragapult|84/100|[from] item: Rocky Helmet|[of] p1a: Hydrapple
|
|upkeep
|turn|6
|
|t:|1760760090
|switch|p2a: Slowking|Slowking-Galar, M, shiny|100/100
|move|p1a: Hydrapple|Fickle Beam|p2a: Slowking
|-damage|p2a: Slowking|87/100
|
|upkeep
|turn|7
|
|t:|1760760094
|switch|p1a: Gholdengo|Gholdengo|100/100
|-damage|p1a: Gholdengo|94/100|[from] Stealth Rock
|-item|p1a: Gholdengo|Air Balloon
|move|p2a: Slowking|Flamethrower|p1a: Gholdengo
|-supereffective|p1a: Gholdengo
|-damage|p1a: Gholdengo|43/100
|-enditem|p1a: Gholdengo|Air Balloon
|
|upkeep
|turn|8
|
|t:|1760760103
|move|p1a: Gholdengo|Recover|p1a: Gholdengo
|-heal|p1a: Gholdengo|93/100
|move|p2a: Slowking|Flamethrower|p1a: Gholdengo
|-supereffective|p1a: Gholdengo
|-damage|p1a: Gholdengo|43/100
|
|upkeep
|turn|9
|
|t:|1760760109
|switch|p1a: Volcanion|Volcanion|100/100
|move|p2a: Slowking|Flamethrower|p1a: Volcanion
|-resisted|p1a: Volcanion
|-damage|p1a: Volcanion|93/100
|
|upkeep
|turn|10
|
|t:|1760760119
|switch|p2a: Primarina|Primarina, M|100/100
|move|p1a: Volcanion|Sludge Bomb|p2a: Primarina
|-supereffective|p2a: Primarina
|-damage|p2a: Primarina|62/100
|
|upkeep
|turn|11
|
|t:|1760760126
|move|p1a: Volcanion|Sludge Bomb|p2a: Primarina
|-supereffective|p2a: Primarina
|-damage|p2a: Primarina|21/100
|move|p2a: Primarina|Psychic Noise|p1a: Volcanion
|-damage|p1a: Volcanion|62/100
|-start|p1a: Volcanion|move: Heal Block
|
|upkeep
|turn|12
|
|t:|1760760131
|move|p1a: Volcanion|Steam Eruption|p2a: Primarina
|-resisted|p2a: Primarina
|-damage|p2a: Primarina|2/100
|move|p2a: Primarina|Psychic Noise|p1a: Volcanion
|-damage|p1a: Volcanion|33/100
|
|-end|p1a: Volcanion|move: Heal Block
|upkeep
|turn|13
|
|t:|1760760135
|switch|p2a: Slowking|Slowking-Galar, M, shiny|100/100
|move|p1a: Volcanion|Steam Eruption|p2a: Slowking
|-damage|p2a: Slowking|74/100
|
|upkeep
|turn|14
|
|t:|1760760144
|move|p1a: Volcanion|Steam Eruption|p2a: Slowking
|-damage|p2a: Slowking|47/100
|-status|p2a: Slowking|brn
|move|p2a: Slowking|Sludge Bomb|p1a: Volcanion
|-damage|p1a: Volcanion|0 fnt
|faint|p1a: Volcanion
|
|-damage|p2a: Slowking|41/100 brn|[from] brn
|upkeep
|
|t:|1760760159
|switch|p1a: Great Tusk|Great Tusk|100/100
|turn|15
|
|t:|1760760167
|switch|p2a: Primarina|Primarina, M|2/100
|move|p1a: Great Tusk|Headlong Rush|p2a: Primarina
|-damage|p2a: Primarina|0 fnt
|-unboost|p1a: Great Tusk|def|1
|-unboost|p1a: Great Tusk|spd|1
|faint|p2a: Primarina
|
|upkeep
|
|t:|1760760169
|switch|p2a: Dragapult|Dragapult, M|84/100
|turn|16
|
|t:|1760760177
|move|p2a: Dragapult|U-turn|p1a: Great Tusk
|-resisted|p1a: Great Tusk
|-damage|p1a: Great Tusk|82/100
|
|t:|1760760178
|switch|p2a: Gliscor|Gliscor, M|100/100|[from] U-turn
|move|p1a: Great Tusk|Headlong Rush|p2a: Gliscor
|-immune|p2a: Gliscor
|
|-status|p2a: Gliscor|tox|[from] item: Toxic Orb
|upkeep
|turn|17
|
|t:|1760760183
|switch|p2a: Kyurem|Kyurem, shiny|100/100
|-ability|p2a: Kyurem|Pressure
|move|p1a: Great Tusk|Ice Spinner|p2a: Kyurem
|-damage|p2a: Kyurem|75/100
|
|upkeep
|turn|18
|
|t:|1760760192
|-end|p1a: Great Tusk|Protosynthesis|[silent]
|switch|p1a: Gholdengo|Gholdengo|43/100
|-damage|p1a: Gholdengo|37/100|[from] Stealth Rock
|move|p2a: Kyurem|Ice Beam|p1a: Gholdengo
|-resisted|p1a: Gholdengo
|-damage|p1a: Gholdengo|12/100
|-status|p1a: Gholdengo|frz
|
|upkeep
|turn|19
|
|t:|1760760200
|move|p2a: Kyurem|Ice Beam|p1a: Gholdengo
|-resisted|p1a: Gholdengo
|-damage|p1a: Gholdengo|0 fnt
|faint|p1a: Gholdengo
|
|upkeep
|inactive|miffyc has 120 seconds left.
|
|t:|1760760230
|switch|p1a: Landorus|Landorus-Therian, M|100/100
|-damage|p1a: Landorus|88/100|[from] Stealth Rock
|-ability|p1a: Landorus|Intimidate|boost
|-unboost|p2a: Kyurem|atk|1
|turn|20
|
|t:|1760760235
|switch|p2a: Gliscor|Gliscor, M|100/100 tox
|move|p1a: Landorus|Stone Edge|p2a: Gliscor|[miss]
|-miss|p1a: Landorus|p2a: Gliscor
|
|upkeep
|turn|21
|
|t:|1760760239
|switch|p1a: Hydrapple|Hydrapple, M|85/100
|-damage|p1a: Hydrapple|73/100|[from] Stealth Rock
|move|p2a: Gliscor|Swords Dance|p2a: Gliscor
|-boost|p2a: Gliscor|atk|2
|
|upkeep
|turn|22
|
|t:|1760760243
|move|p2a: Gliscor|Knock Off|p1a: Hydrapple
|-damage|p1a: Hydrapple|49/100
|-damage|p2a: Gliscor|84/100 tox|[from] item: Rocky Helmet|[of] p1a: Hydrapple
|-enditem|p1a: Hydrapple|Rocky Helmet|[from] move: Knock Off|[of] p2a: Gliscor
|move|p1a: Hydrapple|Nasty Plot|p1a: Hydrapple
|-boost|p1a: Hydrapple|spa|2
|
|-heal|p2a: Gliscor|97/100 tox|[from] ability: Poison Heal
|upkeep
|turn|23
|
|t:|1760760246
|move|p2a: Gliscor|Facade|p1a: Hydrapple
|-damage|p1a: Hydrapple|17/100
|move|p1a: Hydrapple|Giga Drain|p2a: Gliscor
|-damage|p2a: Gliscor|24/100 tox
|-heal|p1a: Hydrapple|47/100|[from] drain|[of] p2a: Gliscor
|
|-heal|p2a: Gliscor|37/100 tox|[from] ability: Poison Heal
|upkeep
|turn|24
|
|t:|1760760251
|move|p2a: Gliscor|Facade|p1a: Hydrapple
|-damage|p1a: Hydrapple|15/100
|move|p1a: Hydrapple|Giga Drain|p2a: Gliscor
|-damage|p2a: Gliscor|0 fnt
|-heal|p1a: Hydrapple|31/100|[from] drain|[of] p2a: Gliscor
|faint|p2a: Gliscor
|
|upkeep
|
|t:|1760760255
|switch|p2a: Dragapult|Dragapult, M|84/100
|turn|25
|
|t:|1760760264
|-terastallize|p1a: Hydrapple|Steel
|move|p2a: Dragapult|U-turn|p1a: Hydrapple
|-resisted|p1a: Hydrapple
|-damage|p1a: Hydrapple|20/100
|
|t:|1760760269
|switch|p2a: Slowking|Slowking-Galar, M, shiny|74/100 brn|[from] U-turn
|move|p1a: Hydrapple|Fickle Beam|p2a: Slowking|[anim] Fickle Beam All Out
|-activate|p1a: Hydrapple|move: Fickle Beam
|-damage|p2a: Slowking|18/100 brn
|
|-damage|p2a: Slowking|11/100 brn|[from] brn
|upkeep
|turn|26
|
|t:|1760760274
|move|p1a: Hydrapple|Fickle Beam|p2a: Slowking
|-damage|p2a: Slowking|0 fnt
|faint|p2a: Slowking
|
|upkeep
|
|t:|1760760276
|switch|p2a: Dragapult|Dragapult, M|84/100
|turn|27
|
|t:|1760760284
|-terastallize|p2a: Dragapult|Dragon
|move|p2a: Dragapult|Dragon Darts|p1a: Hydrapple
|-resisted|p1a: Hydrapple
|-damage|p1a: Hydrapple|6/100
|-anim|p2a: Dragapult|Dragon Darts|p1a: Hydrapple
|-resisted|p1a: Hydrapple
|-damage|p1a: Hydrapple|0 fnt
|faint|p1a: Hydrapple
|
|upkeep
|
|t:|1760760292
|switch|p1a: Landorus|Landorus-Therian, M|88/100
|-damage|p1a: Landorus|76/100|[from] Stealth Rock
|-ability|p1a: Landorus|Intimidate|boost
|-fail|p2a: Dragapult|unboost|[from] ability: Clear Body|[of] p2a: Dragapult
|turn|28
|
|t:|1760760298
|move|p1a: Landorus|Earthquake|p2a: Dragapult
|-damage|p2a: Dragapult|5/100
|move|p2a: Dragapult|Dragon Darts|p1a: Landorus
|-damage|p1a: Landorus|18/100
|-anim|p2a: Dragapult|Dragon Darts|p1a: Landorus
|-damage|p1a: Landorus|0 fnt
|faint|p1a: Landorus
|
|upkeep
|
|t:|1760760300
|switch|p1a: Great Tusk|Great Tusk|82/100
|turn|29
|
|t:|1760760316
|move|p2a: Dragapult|Dragon Darts|p1a: Great Tusk
|-damage|p1a: Great Tusk|47/100
|-anim|p2a: Dragapult|Dragon Darts|p1a: Great Tusk
|-damage|p1a: Great Tusk|12/100
|move|p1a: Great Tusk|Rapid Spin|p2a: Dragapult
|-damage|p2a: Dragapult|0 fnt
|-boost|p1a: Great Tusk|spe|1
|-sideend|p1: miffyc|Stealth Rock|[from] move: Rapid Spin|[of] p1a: Great Tusk
|faint|p2a: Dragapult
|
|upkeep
|
|t:|1760760318
|switch|p2a: Kyurem|Kyurem, shiny|75/100
|-ability|p2a: Kyurem|Pressure
|turn|30
|
|t:|1760760321
|move|p1a: Great Tusk|Headlong Rush|p2a: Kyurem
|-damage|p2a: Kyurem|18/100
|-unboost|p1a: Great Tusk|def|1
|-unboost|p1a: Great Tusk|spd|1
|move|p2a: Kyurem|Ice Beam|p1a: Great Tusk
|-supereffective|p1a: Great Tusk
|-damage|p1a: Great Tusk|0 fnt
|faint|p1a: Great Tusk
|-end|p1a: Great Tusk|Protosynthesis|[silent]
|
|win|adestructive
|raw|miffyc's rating: 1323 &rarr; <strong>1303</strong><br />(-20 for losing)
|raw|adestructive's rating: 1316 &rarr; <strong>1336</strong><br />(+20 for winning)
|l|☆miffyc
|player|p1|
