|j|☆papagoi19
|j|☆Joao V9898
|t:|1760809729
|gametype|singles
|player|p1|papagoi19|gentleman-gen4|1697
|player|p2|Joao V9898|n|1626
|gen|9
|tier|[Gen 9] OU
|rated|
|rule|HP Percentage Mod: HP is shown in percentages
|rule|Endless Battle Clause: Forcing endless battles is banned
|rule|Species Clause: Limit one of each Pokémon
|rule|OHKO Clause: OHKO moves are banned
|rule|Evasion Items Clause: Evasion items are banned
|rule|Evasion Moves Clause: Evasion moves are banned
|rule|Evasion Abilities Clause: Evasion abilities are banned
|rule|Sleep Moves Clause: Sleep-inducing moves are banned
|clearpoke
|poke|p1|Dragapult, M|
|poke|p1|Slowbro, M|
|poke|p1|Samurott-Hisui, F|
|poke|p1|Gliscor, M|
|poke|p1|Great Tusk|
|poke|p1|Weezing-Galar, F|
|poke|p2|Torkoal, M|
|poke|p2|Hatterene, F|
|poke|p2|Walking Wake|
|poke|p2|Comfey, M|
|poke|p2|Great Tusk|
|poke|p2|Kingambit, M|
|teampreview
|inactive|Battle timer is ON: inactive players will automatically lose when time's up. (requested by Joao V9898)
|
|t:|1760809742
|teamsize|p1|6
|teamsize|p2|6
|start
|switch|p1a: Samurott|Samurott-Hisui, F, shiny|100/100
|switch|p2a: Torkoal|Torkoal, M|100/100
|-weather|SunnyDay|[from] ability: Drought|[of] p2a: Torkoal
|turn|1
|
|t:|1760809748
|move|p1a: Samurott|Ceaseless Edge|p2a: Torkoal
|-damage|p2a: Torkoal|66/100
|-sidestart|p2: Joao V9898|Spikes
|move|p2a: Torkoal|Stealth Rock|p1a: Samurott
|-sidestart|p1: papagoi19|move: Stealth Rock
|
|-weather|SunnyDay|[upkeep]
|upkeep
|turn|2
|
|t:|1760809751
|switch|p2a: Hatterene|Hatterene, F|100/100
|-damage|p2a: Hatterene|88/100|[from] Spikes
|move|p1a: Samurott|Knock Off|p2a: Hatterene
|-damage|p2a: Hatterene|46/100
|-enditem|p2a: Hatterene|Eject Button|[from] move: Knock Off|[of] p1a: Samurott
|
|-weather|SunnyDay|[upkeep]
|upkeep
|turn|3
|
|t:|1760809758
|move|p1a: Samurott|Ceaseless Edge|p2a: Hatterene
|-damage|p2a: Hatterene|7/100
|-sidestart|p2: Joao V9898|Spikes
|move|p2a: Hatterene|Healing Wish|p2a: Hatterene
|faint|p2a: Hatterene
|
|-weather|SunnyDay|[upkeep]
|upkeep
|
|t:|1760809766
|switch|p2a: Great Tusk|Great Tusk|100/100
|-damage|p2a: Great Tusk|84/100|[from] Spikes
|-activate|p2a: Great Tusk|ability: Protosynthesis
|-start|p2a: Great Tusk|protosynthesisatk
|turn|4
|
|t:|1760809771
|move|p2a: Great Tusk|Headlong Rush|p1a: Samurott
|-enditem|p1a: Samurott|Focus Sash
|-damage|p1a: Samurott|1/100
|-unboost|p2a: Great Tusk|def|1
|-unboost|p2a: Great Tusk|spd|1
|-enditem|p2a: Great Tusk|Eject Pack
|
|t:|1760809790
|-end|p2a: Great Tusk|Protosynthesis|[silent]
|switch|p2a: Mahoraga|Kingambit, M, shiny|100/100
|-damage|p2a: Mahoraga|84/100|[from] Spikes
|-activate|p2a: Mahoraga|ability: Supreme Overlord
|-start|p2a: Mahoraga|fallen1|[silent]
|move|p1a: Samurott|Aqua Cutter|p2a: Mahoraga
|-damage|p2a: Mahoraga|64/100
|
|-weather|SunnyDay|[upkeep]
|upkeep
|turn|5
|
|t:|1760809802
|move|p1a: Samurott|Knock Off|p2a: Mahoraga
|-resisted|p2a: Mahoraga
|-damage|p2a: Mahoraga|43/100
|-enditem|p2a: Mahoraga|Black Glasses|[from] move: Knock Off|[of] p1a: Samurott
|move|p2a: Mahoraga|Kowtow Cleave|p1a: Samurott
|-resisted|p1a: Samurott
|-damage|p1a: Samurott|0 fnt
|faint|p1a: Samurott
|
|-weather|SunnyDay|[upkeep]
|upkeep
|inactive|papagoi19 has 120 seconds left.
|
|t:|1760809850
|switch|p1a: Gliscor|Gliscor, M|100/100
|-damage|p1a: Gliscor|88/100|[from] Stealth Rock
|turn|6
|
|t:|1760809854
|move|p1a: Gliscor|Earthquake|p2a: Mahoraga
|-supereffective|p2a: Mahoraga
|-damage|p2a: Mahoraga|0 fnt
|faint|p2a: Mahoraga
|-end|p2a: Mahoraga|fallen1|[silent]
|
|-weather|SunnyDay|[upkeep]
|-status|p1a: Gliscor|tox|[from] item: Toxic Orb
|upkeep
|
|t:|1760809864
|switch|p2a: Great Tusk|Great Tusk|84/100
|-heal|p2a: Great Tusk|100/100|[from] move: Healing Wish
|-damage|p2a: Great Tusk|84/100|[from] Spikes
|-activate|p2a: Great Tusk|ability: Protosynthesis
|-start|p2a: Great Tusk|protosynthesisatk
|turn|7
|inactive|papagoi19 has 120 seconds left.
|
|t:|1760809883
|move|p2a: Great Tusk|Headlong Rush|p1a: Gliscor
|-immune|p1a: Gliscor
|move|p1a: Gliscor|Toxic|p2a: Great Tusk
|-status|p2a: Great Tusk|tox
|
|-weather|SunnyDay|[upkeep]
|-damage|p2a: Great Tusk|78/100 tox|[from] psn
|-heal|p1a: Gliscor|100/100 tox|[from] ability: Poison Heal
|upkeep
|turn|8
|
|t:|1760809889
|switch|p1a: Dragapult|Dragapult, M|100/100
|-damage|p1a: Dragapult|88/100|[from] Stealth Rock
|move|p2a: Great Tusk|Headlong Rush|p1a: Dragapult
|-damage|p1a: Dragapult|0 fnt
|-unboost|p2a: Great Tusk|def|1
|-unboost|p2a: Great Tusk|spd|1
|faint|p1a: Dragapult
|
|-weather|none
|-end|p2a: Great Tusk|Protosynthesis
|-damage|p2a: Great Tusk|65/100 tox|[from] psn
|upkeep
|
|t:|1760809897
|switch|p1a: Great Tusk|Great Tusk, shiny|100/100
|-damage|p1a: Great Tusk|98/100|[from] Stealth Rock
|turn|9
|
|t:|1760809902
|move|p2a: Great Tusk|Rapid Spin|p1a: Great Tusk
|-damage|p1a: Great Tusk|86/100
|-boost|p2a: Great Tusk|spe|1
|-sideend|p2: Joao V9898|Spikes|[from] move: Rapid Spin|[of] p2a: Great Tusk
|move|p1a: Great Tusk|Rapid Spin|p2a: Great Tusk
|-damage|p2a: Great Tusk|44/100 tox
|-boost|p1a: Great Tusk|spe|1
|-sideend|p1: papagoi19|Stealth Rock|[from] move: Rapid Spin|[of] p1a: Great Tusk
|
|-damage|p2a: Great Tusk|26/100 tox|[from] psn
|upkeep
|turn|10
|
|t:|1760809909
|move|p2a: Great Tusk|Headlong Rush|p1a: Great Tusk
|-damage|p1a: Great Tusk|50/100
|-unboost|p2a: Great Tusk|def|1
|-unboost|p2a: Great Tusk|spd|1
|move|p1a: Great Tusk|Rapid Spin|p2a: Great Tusk
|-damage|p2a: Great Tusk|0 fnt
|-boost|p1a: Great Tusk|spe|1
|faint|p2a: Great Tusk
|-end|p2a: Great Tusk|Protosynthesis|[silent]
|
|upkeep
|j| Scoob252525
|
|t:|1760809917
|switch|p2a: Torkoal|Torkoal, M|66/100
|-weather|SunnyDay|[from] ability: Drought|[of] p2a: Torkoal
|-activate|p1a: Great Tusk|ability: Protosynthesis
|-start|p1a: Great Tusk|protosynthesisspe
|turn|11
|
|t:|1760809929
|move|p1a: Great Tusk|Rapid Spin|p2a: Torkoal
|-damage|p2a: Torkoal|51/100
|-boost|p1a: Great Tusk|spe|1
|move|p2a: Torkoal|Overheat|p1a: Great Tusk
|-damage|p1a: Great Tusk|0 fnt
|-unboost|p2a: Torkoal|spa|2
|faint|p1a: Great Tusk
|-end|p1a: Great Tusk|Protosynthesis|[silent]
|
|-weather|SunnyDay|[upkeep]
|upkeep
|c|☆Joao V9898|Hahaha
|
|t:|1760809938
|switch|p1a: Weezing|Weezing-Galar, F|100/100
|-ability|p1a: Weezing|Neutralizing Gas
|turn|12
|
|t:|1760809943
|switch|p2a: Walking Wake|Walking Wake|100/100
|move|p1a: Weezing|Sludge Wave|p2a: Walking Wake
|-damage|p2a: Walking Wake|31/100
|
|-weather|SunnyDay|[upkeep]
|upkeep
|turn|13
|
|t:|1760809948
|-end|p1a: Weezing|ability: Neutralizing Gas
|-activate|p2a: Walking Wake|ability: Protosynthesis
|-start|p2a: Walking Wake|protosynthesisspe
|switch|p1a: Gliscor|Gliscor, M|100/100 tox
|move|p2a: Walking Wake|Hydro Steam|p1a: Gliscor
|-supereffective|p1a: Gliscor
|-damage|p1a: Gliscor|0 fnt
|faint|p1a: Gliscor
|
|-weather|SunnyDay|[upkeep]
|upkeep
|
|t:|1760809951
|switch|p1a: Slowbro|Slowbro, M|100/100
|turn|14
|
|t:|1760809970
|move|p2a: Walking Wake|Hydro Steam|p1a: Slowbro
|-resisted|p1a: Slowbro
|-damage|p1a: Slowbro|79/100
|move|p1a: Slowbro|Psychic Noise|p2a: Walking Wake
|-damage|p2a: Walking Wake|0 fnt
|faint|p2a: Walking Wake
|-end|p2a: Walking Wake|Protosynthesis|[silent]
|
|-weather|SunnyDay|[upkeep]
|upkeep
|
|t:|1760809975
|switch|p2a: Comfey|Comfey, M|100/100
|turn|15
|
|t:|1760809993
|move|p2a: Comfey|Growth|p2a: Comfey
|-boost|p2a: Comfey|atk|2
|-boost|p2a: Comfey|spa|2
|move|p1a: Slowbro|Icy Wind|p2a: Comfey
|-damage|p2a: Comfey|87/100
|-unboost|p2a: Comfey|spe|1
|
|-weather|SunnyDay|[upkeep]
|upkeep
|turn|16
|
|t:|1760810004
|move|p2a: Comfey|Giga Drain|p1a: Slowbro
|-supereffective|p1a: Slowbro
|-damage|p1a: Slowbro|27/100
|-heal|p2a: Comfey|100/100|[from] drain|[of] p1a: Slowbro
|-damage|p2a: Comfey|91/100|[from] item: Life Orb
|move|p1a: Slowbro|Body Slam|p2a: Comfey
|-damage|p2a: Comfey|70/100
|-status|p2a: Comfey|par
|
|-weather|SunnyDay|[upkeep]
|upkeep
|turn|17
|
|t:|1760810017
|switch|p1a: Weezing|Weezing-Galar, F|100/100
|-ability|p1a: Weezing|Neutralizing Gas
|move|p2a: Comfey|Stored Power|p1a: Weezing
|-supereffective|p1a: Weezing
|-damage|p1a: Weezing|0 fnt
|faint|p1a: Weezing
|-end|p1a: Weezing|ability: Neutralizing Gas
|-damage|p2a: Comfey|60/100 par|[from] item: Life Orb
|
|-weather|SunnyDay|[upkeep]
|upkeep
|
|t:|1760810024
|switch|p1a: Slowbro|Slowbro, M|60/100
|turn|18
|
|t:|1760810031
|-terastallize|p2a: Comfey|Steel
|move|p2a: Comfey|Giga Drain|p1a: Slowbro
|-supereffective|p1a: Slowbro
|-damage|p1a: Slowbro|6/100
|-heal|p2a: Comfey|95/100 par|[from] drain|[of] p1a: Slowbro
|-damage|p2a: Comfey|85/100 par|[from] item: Life Orb
|move|p1a: Slowbro|Psychic Noise|p2a: Comfey
|-resisted|p2a: Comfey
|-damage|p2a: Comfey|72/100 par
|-start|p2a: Comfey|move: Heal Block
|
|-weather|none
|upkeep
|turn|19
|-message|papagoi19 forfeited.
|
|win|Joao V9898
|raw|papagoi19's rating: 1697 &rarr; <strong>1673</strong><br />(-24 for losing)
|raw|Joao V9898's rating: 1626 &rarr; <strong>1650</strong><br />(+24 for winning)
|l|☆papagoi19
|player|p1|
|l|☆Joao V9898
|player|p2|
