|j|☆healboy009
|j|☆serious_rig
|t:|1760769942
|gametype|singles
|player|p1|healboy009|backpacker|1395
|player|p2|serious_rig|giovanni|1454
|gen|9
|tier|[Gen 9] OU
|rated|
|rule|HP Percentage Mod: HP is shown in percentages
|rule|Endless Battle Clause: Forcing endless battles is banned
|rule|Species Clause: Limit one of each Pokémon
|rule|OHKO Clause: OHKO moves are banned
|rule|Evasion Items Clause: Evasion items are banned
|rule|Evasion Moves Clause: Evasion moves are banned
|rule|Evasion Abilities Clause: Evasion abilities are banned
|rule|Sleep Moves Clause: Sleep-inducing moves are banned
|clearpoke
|poke|p1|Gallade, M|
|poke|p1|Blaziken, F|
|poke|p1|Samurott-Hisui, M|
|poke|p1|Greninja-*, M|
|poke|p1|Ogerpon, F|
|poke|p1|Typhlosion-Hisui, F|
|poke|p2|Zapdos|
|poke|p2|Iron Valiant|
|poke|p2|Ogerpon-Wellspring, F|
|poke|p2|Ting-Lu|
|poke|p2|Glimmora, M|
|poke|p2|Kingambit, M|
|teampreview
|inactive|Battle timer is ON: inactive players will automatically lose when time's up. (requested by serious_rig)
|
|t:|1760769947
|teamsize|p1|6
|teamsize|p2|6
|start
|switch|p1a: Gallade|Gallade, M|100/100
|switch|p2a: Zapdos|Zapdos|100/100
|turn|1
|
|t:|1760769952
|move|p2a: Zapdos|Thunder Wave|p1a: Gallade
|-status|p1a: Gallade|par
|move|p1a: Gallade|Agility|p1a: Gallade
|-boost|p1a: Gallade|spe|2
|
|upkeep
|turn|2
|
|t:|1760769957
|move|p2a: Zapdos|Hurricane|p1a: Gallade
|-supereffective|p1a: Gallade
|-damage|p1a: Gallade|0 fnt
|faint|p1a: Gallade
|
|upkeep
|
|t:|1760769965
|switch|p1a: Typhlosion|Typhlosion-Hisui, F|100/100
|turn|3
|
|t:|1760769967
|-terastallize|p1a: Typhlosion|Fire
|move|p1a: Typhlosion|Blast Burn|p2a: Zapdos
|-damage|p2a: Zapdos|0 fnt
|-mustrecharge|p1a: Typhlosion
|faint|p2a: Zapdos
|
|upkeep
|
|t:|1760769971
|switch|p2a: Ogerpon|Ogerpon-Wellspring, F|100/100
|turn|4
|
|t:|1760769994
|cant|p1a: Typhlosion|recharge
|move|p2a: Ogerpon|Knock Off|p1a: Typhlosion
|-crit|p1a: Typhlosion
|-damage|p1a: Typhlosion|21/100
|-enditem|p1a: Typhlosion|Choice Scarf|[from] move: Knock Off|[of] p2a: Ogerpon
|
|upkeep
|turn|5
|
|t:|1760770001
|move|p2a: Ogerpon|Ivy Cudgel|p1a: Typhlosion|[anim] Ivy Cudgel Water
|-supereffective|p1a: Typhlosion
|-damage|p1a: Typhlosion|0 fnt
|faint|p1a: Typhlosion
|
|upkeep
|
|t:|1760770008
|switch|p1a: Greninja|Greninja, M|100/100
|turn|6
|
|t:|1760770012
|switch|p2a: Glimmora|Glimmora, M|100/100
|-item|p2a: Glimmora|Air Balloon
|move|p1a: Greninja|Dark Pulse|p2a: Glimmora
|-damage|p2a: Glimmora|34/100
|-enditem|p2a: Glimmora|Air Balloon
|-damage|p1a: Greninja|91/100|[from] item: Life Orb
|
|upkeep
|turn|7
|
|t:|1760770016
|move|p1a: Greninja|Dark Pulse|p2a: Glimmora
|-damage|p2a: Glimmora|0 fnt
|faint|p2a: Glimmora
|-ability|p1a: Greninja|Battle Bond|boost
|-boost|p1a: Greninja|atk|1
|-boost|p1a: Greninja|spa|1
|-boost|p1a: Greninja|spe|1
|-activate|p1a: Greninja|ability: Battle Bond
|-damage|p1a: Greninja|81/100|[from] item: Life Orb
|
|upkeep
|
|t:|1760770022
|switch|p2a: Iron Valiant|Iron Valiant|100/100
|-enditem|p2a: Iron Valiant|Booster Energy
|-activate|p2a: Iron Valiant|ability: Quark Drive|[fromitem]
|-start|p2a: Iron Valiant|quarkdrivespe
|turn|8
|
|t:|1760770026
|move|p1a: Greninja|Water Shuriken|p2a: Iron Valiant
|-damage|p2a: Iron Valiant|77/100
|-damage|p2a: Iron Valiant|56/100
|-damage|p2a: Iron Valiant|31/100
|-hitcount|p2a: Iron Valiant|3
|-damage|p1a: Greninja|71/100|[from] item: Life Orb
|move|p2a: Iron Valiant|Moonblast|p1a: Greninja
|-supereffective|p1a: Greninja
|-damage|p1a: Greninja|0 fnt
|faint|p1a: Greninja
|
|upkeep
|
|t:|1760770032
|switch|p1a: Blaziken|Blaziken, F|100/100
|turn|9
|
|t:|1760770038
|move|p2a: Iron Valiant|Moonblast|p1a: Blaziken
|-damage|p1a: Blaziken|34/100
|move|p1a: Blaziken|Focus Energy|p1a: Blaziken
|-start|p1a: Blaziken|move: Focus Energy
|
|-ability|p1a: Blaziken|Speed Boost|boost
|-boost|p1a: Blaziken|spe|1
|upkeep
|turn|10
|
|t:|1760770041
|move|p1a: Blaziken|Protect|p1a: Blaziken
|-singleturn|p1a: Blaziken|Protect
|move|p2a: Iron Valiant|Moonblast|p1a: Blaziken
|-activate|p1a: Blaziken|move: Protect
|
|-ability|p1a: Blaziken|Speed Boost|boost
|-boost|p1a: Blaziken|spe|1
|upkeep
|turn|11
|
|t:|1760770046
|move|p2a: Iron Valiant|Encore|p1a: Blaziken
|-start|p1a: Blaziken|Encore
|move|p1a: Blaziken|Protect||[still]
|-fail|p1a: Blaziken
|
|-ability|p1a: Blaziken|Speed Boost|boost
|-boost|p1a: Blaziken|spe|1
|upkeep
|turn|12
|
|t:|1760770048
|move|p1a: Blaziken|Protect|p1a: Blaziken
|-singleturn|p1a: Blaziken|Protect
|move|p2a: Iron Valiant|Calm Mind|p2a: Iron Valiant
|-boost|p2a: Iron Valiant|spa|1
|-boost|p2a: Iron Valiant|spd|1
|
|-ability|p1a: Blaziken|Speed Boost|boost
|-boost|p1a: Blaziken|spe|1
|upkeep
|turn|13
|
|t:|1760770050
|move|p1a: Blaziken|Protect||[still]
|-fail|p1a: Blaziken
|move|p2a: Iron Valiant|Moonblast|p1a: Blaziken
|-damage|p1a: Blaziken|0 fnt
|faint|p1a: Blaziken
|
|upkeep
|-message|healboy009 forfeited.
|
|win|serious_rig
|raw|healboy009's rating: 1395 &rarr; <strong>1378</strong><br />(-17 for losing)
|raw|serious_rig's rating: 1454 &rarr; <strong>1471</strong><br />(+17 for winning)
|l|☆healboy009
|player|p1|
|l|☆serious_rig
|player|p2|
