|j|☆namerater1111
|j|☆Subparrrrr
|t:|1760718401
|gametype|singles
|player|p1|namerater1111|1|1247
|player|p2|Subparrrrr|cheryl|1216
|gen|9
|tier|[Gen 9] OU
|rated|
|rule|HP Percentage Mod: HP is shown in percentages
|rule|Endless Battle Clause: Forcing endless battles is banned
|rule|Species Clause: Limit one of each Pokémon
|rule|OHKO Clause: OHKO moves are banned
|rule|Evasion Items Clause: Evasion items are banned
|rule|Evasion Moves Clause: Evasion moves are banned
|rule|Evasion Abilities Clause: Evasion abilities are banned
|rule|Sleep Moves Clause: Sleep-inducing moves are banned
|clearpoke
|poke|p1|Regirock|
|poke|p1|Registeel|
|poke|p1|Regice|
|poke|p1|Great Tusk|
|poke|p1|Cinderace, M|
|poke|p1|Azelf|
|poke|p2|Lokix, F|
|poke|p2|Gliscor, F|
|poke|p2|Great Tusk|
|poke|p2|Altaria, F|
|poke|p2|Alomomola, M|
|poke|p2|Hatterene, F|
|teampreview
|inactive|Battle timer is ON: inactive players will automatically lose when time's up. (requested by Subparrrrr)
|inactive|namerater1111 also wants the timer to be on.
|c|☆Subparrrrr|W team
|
|t:|1760718413
|teamsize|p1|6
|teamsize|p2|6
|start
|switch|p1a: Azelf & the Regis|Azelf|100/100
|switch|p2a: Disorient|Gliscor, F|100/100
|turn|1
|c|☆namerater1111|thanks
|
|t:|1760718430
|move|p2a: Disorient|Protect|p2a: Disorient
|-singleturn|p2a: Disorient|Protect
|move|p1a: Azelf & the Regis|U-turn|p2a: Disorient
|-activate|p2a: Disorient|move: Protect
|
|-status|p2a: Disorient|tox|[from] item: Toxic Orb
|upkeep
|turn|2
|
|t:|1760718434
|move|p1a: Azelf & the Regis|U-turn|p2a: Disorient
|-resisted|p2a: Disorient
|-damage|p2a: Disorient|95/100 tox
|
|t:|1760718453
|switch|p1a: Tusk|Great Tusk|100/100|[from] U-turn
|move|p2a: Disorient|Stealth Rock|p1a: Tusk
|-sidestart|p1: namerater1111|move: Stealth Rock
|
|-heal|p2a: Disorient|100/100 tox|[from] ability: Poison Heal
|upkeep
|turn|3
|
|t:|1760718459
|move|p2a: Disorient|U-turn|p1a: Tusk
|-resisted|p1a: Tusk
|-damage|p1a: Tusk|97/100
|
|t:|1760718464
|switch|p2a: Hatterene|Hatterene, F|100/100|[from] U-turn
|move|p1a: Tusk|Stealth Rock|p2a: Hatterene
|move|p2a: Hatterene|Stealth Rock||[from] ability: Magic Bounce|[still]
|-fail|p2a: Hatterene
|
|upkeep
|turn|4
|
|t:|1760718479
|move|p1a: Tusk|Rapid Spin|p2a: Hatterene
|-damage|p2a: Hatterene|84/100
|-boost|p1a: Tusk|spe|1
|-sideend|p1: namerater1111|Stealth Rock|[from] move: Rapid Spin|[of] p1a: Tusk
|move|p2a: Hatterene|Future Sight|p1a: Tusk
|-start|p2a: Hatterene|move: Future Sight
|
|upkeep
|turn|5
|
|t:|1760718489
|-end|p1a: Tusk|Protosynthesis|[silent]
|switch|p1a: EEEUUUUHHHH|Regice|100/100
|move|p2a: Hatterene|Draining Kiss|p1a: EEEUUUUHHHH
|-damage|p1a: EEEUUUUHHHH|88/100
|-heal|p2a: Hatterene|95/100|[from] drain|[of] p1a: EEEUUUUHHHH
|
|upkeep
|turn|6
|
|t:|1760718498
|move|p1a: EEEUUUUHHHH|Flash Cannon|p2a: Hatterene
|-supereffective|p2a: Hatterene
|-damage|p2a: Hatterene|59/100
|move|p2a: Hatterene|Psyshock|p1a: EEEUUUUHHHH
|-damage|p1a: EEEUUUUHHHH|51/100
|
|-end|p1a: EEEUUUUHHHH|move: Future Sight
|-damage|p1a: EEEUUUUHHHH|25/100
|upkeep
|turn|7
|
|t:|1760718506
|move|p1a: EEEUUUUHHHH|Flash Cannon|p2a: Hatterene
|-supereffective|p2a: Hatterene
|-damage|p2a: Hatterene|21/100
|move|p2a: Hatterene|Psyshock|p1a: EEEUUUUHHHH
|-damage|p1a: EEEUUUUHHHH|0 fnt
|faint|p1a: EEEUUUUHHHH
|
|upkeep
|
|t:|1760718528
|switch|p1a: PWEWNEWNEW|Registeel|100/100
|turn|8
|
|t:|1760718533
|move|p1a: PWEWNEWNEW|Heavy Slam|p2a: Hatterene
|-supereffective|p2a: Hatterene
|-damage|p2a: Hatterene|0 fnt
|faint|p2a: Hatterene
|
|upkeep
|
|t:|1760718539
|switch|p2a: Altered|Altaria, F|100/100
|turn|9
|
|t:|1760718553
|move|p2a: Altered|Will-O-Wisp|p1a: PWEWNEWNEW|[miss]
|-miss|p2a: Altered|p1a: PWEWNEWNEW
|move|p1a: PWEWNEWNEW|Stealth Rock|p2a: Altered
|-sidestart|p2: Subparrrrr|move: Stealth Rock
|
|upkeep
|turn|10
|
|t:|1760718574
|move|p2a: Altered|Defog|p1a: PWEWNEWNEW
|-fail|p1a: PWEWNEWNEW|unboost|[from] ability: Clear Body|[of] p1a: PWEWNEWNEW
|-sideend|p2: Subparrrrr|Stealth Rock|[from] move: Defog|[of] p2a: Altered
|move|p1a: PWEWNEWNEW|Iron Defense|p1a: PWEWNEWNEW
|-boost|p1a: PWEWNEWNEW|def|2
|
|upkeep
|turn|11
|
|t:|1760718578
|move|p2a: Altered|Will-O-Wisp|p1a: PWEWNEWNEW
|-status|p1a: PWEWNEWNEW|brn
|move|p1a: PWEWNEWNEW|Iron Defense|p1a: PWEWNEWNEW
|-boost|p1a: PWEWNEWNEW|def|2
|
|-damage|p1a: PWEWNEWNEW|94/100 brn|[from] brn
|upkeep
|turn|12
|
|t:|1760718581
|move|p2a: Altered|Fire Spin|p1a: PWEWNEWNEW
|-supereffective|p1a: PWEWNEWNEW
|-damage|p1a: PWEWNEWNEW|87/100 brn
|-activate|p1a: PWEWNEWNEW|move: Fire Spin|[of] p2a: Altered
|move|p1a: PWEWNEWNEW|Iron Defense|p1a: PWEWNEWNEW
|-boost|p1a: PWEWNEWNEW|def|2
|
|-heal|p1a: PWEWNEWNEW|93/100 brn|[from] item: Leftovers
|-damage|p1a: PWEWNEWNEW|87/100 brn|[from] brn
|-damage|p1a: PWEWNEWNEW|75/100 brn|[from] move: Fire Spin|[partiallytrapped]
|upkeep
|turn|13
|
|t:|1760718590
|move|p2a: Altered|Fire Spin|p1a: PWEWNEWNEW
|-supereffective|p1a: PWEWNEWNEW
|-damage|p1a: PWEWNEWNEW|67/100 brn
|move|p1a: PWEWNEWNEW|Body Press|p2a: Altered
|-resisted|p2a: Altered
|-damage|p2a: Altered|65/100
|
|-heal|p1a: PWEWNEWNEW|73/100 brn|[from] item: Leftovers
|-damage|p1a: PWEWNEWNEW|67/100 brn|[from] brn
|-damage|p1a: PWEWNEWNEW|54/100 brn|[from] move: Fire Spin|[partiallytrapped]
|upkeep
|turn|14
|
|t:|1760718594
|move|p2a: Altered|Fire Spin|p1a: PWEWNEWNEW
|-supereffective|p1a: PWEWNEWNEW
|-damage|p1a: PWEWNEWNEW|46/100 brn
|move|p1a: PWEWNEWNEW|Body Press|p2a: Altered
|-resisted|p2a: Altered
|-damage|p2a: Altered|29/100
|
|-heal|p1a: PWEWNEWNEW|52/100 brn|[from] item: Leftovers
|-damage|p1a: PWEWNEWNEW|46/100 brn|[from] brn
|-damage|p1a: PWEWNEWNEW|34/100 brn|[from] move: Fire Spin|[partiallytrapped]
|upkeep
|turn|15
|
|t:|1760718605
|move|p2a: Altered|Roost|p2a: Altered
|-heal|p2a: Altered|79/100
|-singleturn|p2a: Altered|move: Roost
|move|p1a: PWEWNEWNEW|Body Press|p2a: Altered
|-damage|p2a: Altered|6/100
|
|-heal|p1a: PWEWNEWNEW|40/100 brn|[from] item: Leftovers
|-damage|p1a: PWEWNEWNEW|34/100 brn|[from] brn
|-damage|p1a: PWEWNEWNEW|21/100 brn|[from] move: Fire Spin|[partiallytrapped]
|upkeep
|turn|16
|
|t:|1760718627
|move|p2a: Altered|Roost|p2a: Altered
|-heal|p2a: Altered|56/100
|-singleturn|p2a: Altered|move: Roost
|move|p1a: PWEWNEWNEW|Body Press|p2a: Altered
|-damage|p2a: Altered|0 fnt
|faint|p2a: Altered
|
|-heal|p1a: PWEWNEWNEW|27/100 brn|[from] item: Leftovers
|-damage|p1a: PWEWNEWNEW|21/100 brn|[from] brn
|-end|p1a: PWEWNEWNEW|Fire Spin|[partiallytrapped]
|upkeep
|
|t:|1760718638
|switch|p2a: Kix|Lokix, F|100/100
|turn|17
|
|t:|1760718648
|move|p2a: Kix|U-turn|p1a: PWEWNEWNEW
|-resisted|p1a: PWEWNEWNEW
|-damage|p1a: PWEWNEWNEW|16/100 brn
|
|t:|1760718651
|switch|p2a: Disorient|Gliscor, F|100/100 tox|[from] U-turn
|move|p1a: PWEWNEWNEW|Body Press|p2a: Disorient
|-resisted|p2a: Disorient
|-damage|p2a: Disorient|81/100 tox
|
|-heal|p1a: PWEWNEWNEW|22/100 brn|[from] item: Leftovers
|-heal|p2a: Disorient|93/100 tox|[from] ability: Poison Heal
|-damage|p1a: PWEWNEWNEW|16/100 brn|[from] brn
|upkeep
|turn|18
|
|t:|1760718661
|move|p2a: Disorient|Stealth Rock|p1a: PWEWNEWNEW
|-sidestart|p1: namerater1111|move: Stealth Rock
|move|p1a: PWEWNEWNEW|Stealth Rock|p2a: Disorient
|-sidestart|p2: Subparrrrr|move: Stealth Rock
|
|-heal|p1a: PWEWNEWNEW|22/100 brn|[from] item: Leftovers
|-heal|p2a: Disorient|100/100 tox|[from] ability: Poison Heal
|-damage|p1a: PWEWNEWNEW|16/100 brn|[from] brn
|upkeep
|turn|19
|
|t:|1760718667
|move|p2a: Disorient|Knock Off|p1a: PWEWNEWNEW
|-damage|p1a: PWEWNEWNEW|13/100 brn
|-enditem|p1a: PWEWNEWNEW|Leftovers|[from] move: Knock Off|[of] p2a: Disorient
|move|p1a: PWEWNEWNEW|Body Press|p2a: Disorient
|-resisted|p2a: Disorient
|-damage|p2a: Disorient|80/100 tox
|
|-heal|p2a: Disorient|92/100 tox|[from] ability: Poison Heal
|-damage|p1a: PWEWNEWNEW|7/100 brn|[from] brn
|upkeep
|turn|20
|
|t:|1760718680
|move|p2a: Disorient|U-turn|p1a: PWEWNEWNEW
|-resisted|p1a: PWEWNEWNEW
|-damage|p1a: PWEWNEWNEW|6/100 brn
|
|t:|1760718683
|switch|p2a: Alomomola|Alomomola, M|100/100|[from] U-turn
|-damage|p2a: Alomomola|88/100|[from] Stealth Rock
|move|p1a: PWEWNEWNEW|Body Press|p2a: Alomomola
|-damage|p2a: Alomomola|52/100
|
|-heal|p2a: Alomomola|58/100|[from] item: Leftovers
|-damage|p1a: PWEWNEWNEW|0 fnt|[from] brn
|faint|p1a: PWEWNEWNEW
|upkeep
|
|t:|1760718696
|switch|p1a: Azelf & the Regis|Azelf|100/100
|-damage|p1a: Azelf & the Regis|88/100|[from] Stealth Rock
|turn|21
|
|t:|1760718703
|move|p1a: Azelf & the Regis|Psychic|p2a: Alomomola
|-damage|p2a: Alomomola|0 fnt
|faint|p2a: Alomomola
|
|upkeep
|
|t:|1760718711
|switch|p2a: Kix|Lokix, F|100/100
|-damage|p2a: Kix|76/100|[from] Stealth Rock
|turn|22
|
|t:|1760718719
|switch|p1a: Tusk|Great Tusk|97/100
|move|p2a: Kix|First Impression|p1a: Tusk
|-resisted|p1a: Tusk
|-damage|p1a: Tusk|68/100
|
|upkeep
|turn|23
|-message|Subparrrrr forfeited.
|
|win|namerater1111
|raw|namerater1111's rating: 1247 &rarr; <strong>1270</strong><br />(+23 for winning)
|raw|Subparrrrr's rating: 1216 &rarr; <strong>1193</strong><br />(-23 for losing)
|l|☆Subparrrrr
|player|p2|
|l|☆namerater1111
|player|p1|
