|j|☆Yelo_Galaxy
|j|☆Maesclo
|t:|1760721986
|gametype|singles
|player|p1|Yelo_Galaxy|102|1420
|player|p2|Maesclo|ninjaboy|1349
|gen|9
|tier|[Gen 9] OU
|rated|
|rule|HP Percentage Mod: HP is shown in percentages
|rule|Endless Battle Clause: Forcing endless battles is banned
|rule|Species Clause: Limit one of each Pokémon
|rule|OHKO Clause: OHKO moves are banned
|rule|Evasion Items Clause: Evasion items are banned
|rule|Evasion Moves Clause: Evasion moves are banned
|rule|Evasion Abilities Clause: Evasion abilities are banned
|rule|Sleep Moves Clause: Sleep-inducing moves are banned
|clearpoke
|poke|p1|Dondozo, M|
|poke|p1|Blissey, F|
|poke|p1|Corviknight, M|
|poke|p1|Weezing-Galar, F|
|poke|p1|Gliscor, F|
|poke|p1|Toxapex, F|
|poke|p2|Medicham, F|
|poke|p2|Slowking-Galar, M|
|poke|p2|Zapdos|
|poke|p2|Ting-Lu|
|poke|p2|Ogerpon-Wellspring, F|
|poke|p2|Great Tusk|
|teampreview
|inactive|Battle timer is ON: inactive players will automatically lose when time's up. (requested by Yelo_Galaxy)
|
|t:|1760722001
|teamsize|p1|6
|teamsize|p2|6
|start
|switch|p1a: Gliscor|Gliscor, F|100/100
|switch|p2a: Slowking|Slowking-Galar, M|100/100
|turn|1
|
|t:|1760722015
|switch|p2a: Great Tusk|Great Tusk|100/100
|move|p1a: Gliscor|Protect||[still]
|-fail|p1a: Gliscor
|
|-status|p1a: Gliscor|tox|[from] item: Toxic Orb
|upkeep
|turn|2
|
|t:|1760722025
|switch|p1a: Corviknight|Corviknight, M|100/100
|-ability|p1a: Corviknight|Pressure
|move|p2a: Great Tusk|Ice Spinner|p1a: Corviknight
|-damage|p1a: Corviknight|82/100
|
|-heal|p1a: Corviknight|88/100|[from] item: Leftovers
|upkeep
|turn|3
|
|t:|1760722040
|move|p2a: Great Tusk|Stealth Rock|p1a: Corviknight
|-sidestart|p1: Yelo_Galaxy|move: Stealth Rock
|move|p1a: Corviknight|Iron Defense|p1a: Corviknight
|-boost|p1a: Corviknight|def|2
|
|-heal|p1a: Corviknight|95/100|[from] item: Leftovers
|upkeep
|turn|4
|
|t:|1760722048
|-end|p2a: Great Tusk|Protosynthesis|[silent]
|switch|p2a: Medicham|Medicham, F|100/100
|move|p1a: Corviknight|Defog|p2a: Medicham
|-unboost|p2a: Medicham|evasion|1
|-sideend|p1: Yelo_Galaxy|Stealth Rock|[from] move: Defog|[of] p1a: Corviknight
|
|-heal|p1a: Corviknight|100/100|[from] item: Leftovers
|upkeep
|turn|5
|
|t:|1760722054
|move|p2a: Medicham|Close Combat|p1a: Corviknight
|-damage|p1a: Corviknight|61/100
|-unboost|p2a: Medicham|def|1
|-unboost|p2a: Medicham|spd|1
|move|p1a: Corviknight|Iron Defense|p1a: Corviknight
|-boost|p1a: Corviknight|def|2
|
|-heal|p1a: Corviknight|67/100|[from] item: Leftovers
|upkeep
|turn|6
|
|t:|1760722072
|switch|p2a: Zapdos|Zapdos|100/100
|move|p1a: Corviknight|Roost|p1a: Corviknight
|-heal|p1a: Corviknight|100/100
|-singleturn|p1a: Corviknight|move: Roost
|
|upkeep
|turn|7
|
|t:|1760722087
|switch|p1a: Gliscor|Gliscor, F|100/100 tox
|move|p2a: Zapdos|Discharge|p1a: Gliscor
|-immune|p1a: Gliscor
|
|upkeep
|turn|8
|
|t:|1760722097
|move|p2a: Zapdos|U-turn|p1a: Gliscor
|-resisted|p1a: Gliscor
|-damage|p1a: Gliscor|95/100 tox
|
|t:|1760722110
|switch|p2a: Medicham|Medicham, F|100/100|[from] U-turn
|move|p1a: Gliscor|Knock Off|p2a: Medicham
|-damage|p2a: Medicham|63/100
|-enditem|p2a: Medicham|Choice Band|[from] move: Knock Off|[of] p1a: Gliscor
|
|-heal|p1a: Gliscor|100/100 tox|[from] ability: Poison Heal
|upkeep
|turn|9
|inactive|Maesclo has 120 seconds left.
|
|t:|1760722132
|switch|p1a: Corviknight|Corviknight, M|100/100
|-ability|p1a: Corviknight|Pressure
|move|p2a: Medicham|Ice Punch|p1a: Corviknight
|-damage|p1a: Corviknight|81/100
|-status|p1a: Corviknight|frz
|
|-heal|p1a: Corviknight|87/100 frz|[from] item: Leftovers
|upkeep
|turn|10
|
|t:|1760722136
|move|p2a: Medicham|Fire Punch|p1a: Corviknight
|-supereffective|p1a: Corviknight
|-damage|p1a: Corviknight|47/100 frz
|-curestatus|p1a: Corviknight|frz|[msg]
|move|p1a: Corviknight|Body Press|p2a: Medicham
|-resisted|p2a: Medicham
|-damage|p2a: Medicham|41/100
|
|-heal|p1a: Corviknight|53/100|[from] item: Leftovers
|upkeep
|turn|11
|inactive|Maesclo has 120 seconds left.
|
|t:|1760722163
|move|p2a: Medicham|Fire Punch|p1a: Corviknight
|-supereffective|p1a: Corviknight
|-damage|p1a: Corviknight|15/100
|move|p1a: Corviknight|Roost|p1a: Corviknight
|-heal|p1a: Corviknight|65/100
|-singleturn|p1a: Corviknight|move: Roost
|
|-heal|p1a: Corviknight|71/100|[from] item: Leftovers
|upkeep
|turn|12
|
|t:|1760722192
|switch|p1a: Dondozo|Dondozo, M|100/100
|move|p2a: Medicham|Close Combat|p1a: Dondozo
|-damage|p1a: Dondozo|61/100
|-unboost|p2a: Medicham|def|1
|-unboost|p2a: Medicham|spd|1
|
|-heal|p1a: Dondozo|67/100|[from] item: Leftovers
|upkeep
|turn|13
|
|t:|1760722203
|switch|p2a: Zapdos|Zapdos|100/100
|move|p1a: Dondozo|Avalanche|p2a: Zapdos
|-supereffective|p2a: Zapdos
|-damage|p2a: Zapdos|81/100
|
|-heal|p1a: Dondozo|73/100|[from] item: Leftovers
|upkeep
|turn|14
|
|t:|1760722212
|switch|p1a: Gliscor|Gliscor, F|100/100 tox
|move|p2a: Zapdos|Hurricane|p1a: Gliscor
|-damage|p1a: Gliscor|64/100 tox
|
|-heal|p1a: Gliscor|76/100 tox|[from] ability: Poison Heal
|upkeep
|turn|15
|
|t:|1760722228
|move|p2a: Zapdos|Hurricane|p1a: Gliscor
|-damage|p1a: Gliscor|40/100 tox
|move|p1a: Gliscor|Spikes|p2a: Zapdos
|-sidestart|p2: Maesclo|Spikes
|
|-heal|p1a: Gliscor|53/100 tox|[from] ability: Poison Heal
|upkeep
|turn|16
|
|t:|1760722241
|switch|p2a: Great Tusk|Great Tusk|100/100
|move|p1a: Gliscor|Protect||[still]
|-fail|p1a: Gliscor
|
|-heal|p1a: Gliscor|65/100 tox|[from] ability: Poison Heal
|upkeep
|turn|17
|
|t:|1760722255
|move|p1a: Gliscor|Protect|p1a: Gliscor
|-singleturn|p1a: Gliscor|Protect
|move|p2a: Great Tusk|Stealth Rock|p1a: Gliscor
|-sidestart|p1: Yelo_Galaxy|move: Stealth Rock
|
|-heal|p1a: Gliscor|78/100 tox|[from] ability: Poison Heal
|upkeep
|turn|18
|
|t:|1760722280
|switch|p1a: Corviknight|Corviknight, M|71/100
|-damage|p1a: Corviknight|58/100|[from] Stealth Rock
|-ability|p1a: Corviknight|Pressure
|move|p2a: Great Tusk|Ice Spinner|p1a: Corviknight
|-damage|p1a: Corviknight|42/100
|
|-heal|p1a: Corviknight|49/100|[from] item: Leftovers
|upkeep
|turn|19
|inactive|Maesclo has 90 seconds left.
|
|t:|1760722318
|move|p2a: Great Tusk|Ice Spinner|p1a: Corviknight
|-damage|p1a: Corviknight|32/100
|move|p1a: Corviknight|Roost|p1a: Corviknight
|-heal|p1a: Corviknight|82/100
|-singleturn|p1a: Corviknight|move: Roost
|
|-heal|p1a: Corviknight|88/100|[from] item: Leftovers
|upkeep
|turn|20
|
|t:|1760722330
|-end|p2a: Great Tusk|Protosynthesis|[silent]
|switch|p2a: Slowking|Slowking-Galar, M|100/100
|move|p1a: Corviknight|Defog|p2a: Slowking
|-unboost|p2a: Slowking|evasion|1
|-sideend|p2: Maesclo|Spikes|[from] move: Defog|[of] p1a: Corviknight
|-sideend|p1: Yelo_Galaxy|Stealth Rock|[from] move: Defog|[of] p1a: Corviknight
|
|-heal|p1a: Corviknight|94/100|[from] item: Leftovers
|upkeep
|turn|21
|
|t:|1760722346
|switch|p1a: Blissey|Blissey, F|100/100
|move|p2a: Slowking|Thunder Wave|p1a: Blissey
|-status|p1a: Blissey|par
|
|upkeep
|turn|22
|
|t:|1760722353
|move|p1a: Blissey|Stealth Rock|p2a: Slowking
|-sidestart|p2: Maesclo|move: Stealth Rock
|-prepare|p2a: Slowking|Chilly Reception|[premajor]
|move|p2a: Slowking|Chilly Reception|p2a: Slowking
|-weather|Snowscape
|
|t:|1760722358
|switch|p2a: Medicham|Medicham, F|41/100|[from] Chilly Reception
|-damage|p2a: Medicham|35/100|[from] Stealth Rock
|
|-weather|Snowscape|[upkeep]
|upkeep
|turn|23
|inactive|Maesclo has 90 seconds left.
|
|t:|1760722366
|-curestatus|p1a: Blissey|par|[from] ability: Natural Cure
|switch|p1a: Corviknight|Corviknight, M|94/100
|-ability|p1a: Corviknight|Pressure
|move|p2a: Medicham|Close Combat|p1a: Corviknight
|-damage|p1a: Corviknight|45/100
|-unboost|p2a: Medicham|def|1
|-unboost|p2a: Medicham|spd|1
|
|-weather|Snowscape|[upkeep]
|-heal|p1a: Corviknight|51/100|[from] item: Leftovers
|upkeep
|turn|24
|
|t:|1760722376
|switch|p1a: Dondozo|Dondozo, M|73/100
|move|p2a: Medicham|Close Combat|p1a: Dondozo
|-damage|p1a: Dondozo|35/100
|-unboost|p2a: Medicham|def|1
|-unboost|p2a: Medicham|spd|1
|
|-weather|Snowscape|[upkeep]
|-heal|p1a: Dondozo|41/100|[from] item: Leftovers
|upkeep
|turn|25
|inactive|Maesclo has 90 seconds left.
|
|t:|1760722391
|move|p2a: Medicham|Close Combat|p1a: Dondozo
|-damage|p1a: Dondozo|1/100
|-unboost|p2a: Medicham|def|1
|-unboost|p2a: Medicham|spd|1
|move|p1a: Dondozo|Rest|p1a: Dondozo
|-status|p1a: Dondozo|slp|[from] move: Rest
|-heal|p1a: Dondozo|100/100 slp|[silent]
|
|-weather|Snowscape|[upkeep]
|upkeep
|turn|26
|inactive|Maesclo has 90 seconds left.
|
|t:|1760722411
|switch|p2a: Zapdos|Zapdos|81/100
|cant|p1a: Dondozo|slp
|move|p1a: Dondozo|Sleep Talk|p1a: Dondozo
|move|p1a: Dondozo|Rest||[from] move: Sleep Talk|[still]
|-fail|p1a: Dondozo
|
|-weather|none
|upkeep
|turn|27
|
|t:|1760722434
|switch|p1a: Gliscor|Gliscor, F|78/100 tox
|move|p2a: Zapdos|Discharge|p1a: Gliscor
|-immune|p1a: Gliscor
|
|-heal|p1a: Gliscor|90/100 tox|[from] ability: Poison Heal
|upkeep
|turn|28
|
|t:|1760722448
|switch|p2a: Medicham|Medicham, F|35/100
|-damage|p2a: Medicham|29/100|[from] Stealth Rock
|move|p1a: Gliscor|Knock Off|p2a: Medicham
|-damage|p2a: Medicham|5/100
|
|-heal|p1a: Gliscor|100/100 tox|[from] ability: Poison Heal
|upkeep
|turn|29
|
|t:|1760722459
|move|p1a: Gliscor|Protect|p1a: Gliscor
|-singleturn|p1a: Gliscor|Protect
|move|p2a: Medicham|Ice Punch|p1a: Gliscor
|-activate|p1a: Gliscor|move: Protect
|
|upkeep
|turn|30
|
|t:|1760722467
|switch|p1a: Dondozo|Dondozo, M|100/100 slp
|move|p2a: Medicham|Close Combat|p1a: Dondozo
|-damage|p1a: Dondozo|62/100 slp
|-unboost|p2a: Medicham|def|1
|-unboost|p2a: Medicham|spd|1
|
|-heal|p1a: Dondozo|68/100 slp|[from] item: Leftovers
|upkeep
|turn|31
|
|t:|1760722476
|move|p2a: Medicham|Bullet Punch|p1a: Dondozo
|-resisted|p1a: Dondozo
|-damage|p1a: Dondozo|64/100 slp
|cant|p1a: Dondozo|slp
|move|p1a: Dondozo|Sleep Talk|p1a: Dondozo
|move|p1a: Dondozo|Avalanche|p2a: Medicham|[from] move: Sleep Talk
|-damage|p2a: Medicham|0 fnt
|faint|p2a: Medicham
|
|-heal|p1a: Dondozo|70/100 slp|[from] item: Leftovers
|upkeep
|
|t:|1760722488
|switch|p2a: Ogerpon|Ogerpon-Wellspring, F|100/100
|-damage|p2a: Ogerpon|88/100|[from] Stealth Rock
|turn|32
|
|t:|1760722499
|-terastallize|p2a: Ogerpon|Water
|detailschange|p2a: Ogerpon|Ogerpon-Wellspring-Tera, F, tera:Water
|-ability|p2a: Ogerpon|Embody Aspect (Wellspring)|boost
|-boost|p2a: Ogerpon|spd|1
|-terastallize|p1a: Dondozo|Dragon
|move|p2a: Ogerpon|Horn Leech|p1a: Dondozo
|-resisted|p1a: Dondozo
|-damage|p1a: Dondozo|60/100 slp
|-heal|p2a: Ogerpon|97/100|[from] drain|[of] p1a: Dondozo
|-curestatus|p1a: Dondozo|slp|[msg]
|move|p1a: Dondozo|Sleep Talk||[still]
|-fail|p1a: Dondozo
|
|-heal|p1a: Dondozo|66/100|[from] item: Leftovers
|upkeep
|turn|33
|inactive|Maesclo has 90 seconds left.
|
|t:|1760722519
|move|p2a: Ogerpon|Knock Off|p1a: Dondozo
|-damage|p1a: Dondozo|49/100
|-enditem|p1a: Dondozo|Leftovers|[from] move: Knock Off|[of] p2a: Ogerpon
|move|p1a: Dondozo|Body Press|p2a: Ogerpon
|-damage|p2a: Ogerpon|58/100
|
|upkeep
|turn|34
|
|t:|1760722536
|switch|p2a: Zapdos|Zapdos|81/100
|move|p1a: Dondozo|Rest|p1a: Dondozo
|-status|p1a: Dondozo|slp|[from] move: Rest
|-heal|p1a: Dondozo|100/100 slp|[silent]
|
|upkeep
|turn|35
|
|t:|1760722543
|switch|p1a: Gliscor|Gliscor, F|100/100 tox
|move|p2a: Zapdos|Hurricane|p1a: Gliscor
|-damage|p1a: Gliscor|63/100 tox
|
|-heal|p1a: Gliscor|75/100 tox|[from] ability: Poison Heal
|upkeep
|turn|36
|
|t:|1760722559
|move|p2a: Zapdos|Hurricane|p1a: Gliscor
|-damage|p1a: Gliscor|38/100 tox
|move|p1a: Gliscor|Knock Off|p2a: Zapdos
|-damage|p2a: Zapdos|64/100
|-enditem|p2a: Zapdos|Heavy-Duty Boots|[from] move: Knock Off|[of] p1a: Gliscor
|
|-heal|p1a: Gliscor|50/100 tox|[from] ability: Poison Heal
|upkeep
|turn|37
|
|t:|1760722575
|move|p1a: Gliscor|Protect|p1a: Gliscor
|-singleturn|p1a: Gliscor|Protect
|move|p2a: Zapdos|Roost|p2a: Zapdos
|-heal|p2a: Zapdos|100/100
|-singleturn|p2a: Zapdos|move: Roost
|
|-heal|p1a: Gliscor|63/100 tox|[from] ability: Poison Heal
|upkeep
|turn|38
|
|t:|1760722593
|switch|p1a: Blissey|Blissey, F|100/100
|move|p2a: Zapdos|Hurricane|p1a: Blissey|[miss]
|-miss|p2a: Zapdos|p1a: Blissey
|
|upkeep
|turn|39
|
|t:|1760722615
|switch|p1a: Gliscor|Gliscor, F|63/100 tox
|move|p2a: Zapdos|U-turn|p1a: Gliscor
|-resisted|p1a: Gliscor
|-damage|p1a: Gliscor|58/100 tox
|
|t:|1760722620
|switch|p2a: Ogerpon|Ogerpon-Wellspring-Tera, F, tera:Water|58/100|[from] U-turn
|-damage|p2a: Ogerpon|46/100|[from] Stealth Rock
|-ability|p2a: Ogerpon|Embody Aspect (Wellspring)|boost
|-boost|p2a: Ogerpon|spd|1
|
|-heal|p1a: Gliscor|70/100 tox|[from] ability: Poison Heal
|upkeep
|turn|40
|
|t:|1760722633
|switch|p1a: Toxapex|Toxapex, F|100/100
|move|p2a: Ogerpon|Knock Off|p1a: Toxapex
|-damage|p1a: Toxapex|71/100
|-enditem|p1a: Toxapex|Leftovers|[from] move: Knock Off|[of] p2a: Ogerpon
|
|upkeep
|turn|41
|inactive|Maesclo has 60 seconds left.
|
|t:|1760722672
|switch|p2a: Great Tusk|Great Tusk|100/100
|switch|p1a: Dondozo|Dondozo, M, tera:Dragon|100/100 slp
|
|upkeep
|turn|42
|
|t:|1760722693
|switch|p1a: Corviknight|Corviknight, M|51/100
|-ability|p1a: Corviknight|Pressure
|move|p2a: Great Tusk|Headlong Rush|p1a: Corviknight
|-immune|p1a: Corviknight
|
|-heal|p1a: Corviknight|58/100|[from] item: Leftovers
|upkeep
|turn|43
|inactive|Maesclo has 60 seconds left.
|
|t:|1760722698
|move|p2a: Great Tusk|Rapid Spin|p1a: Corviknight
|-resisted|p1a: Corviknight
|-damage|p1a: Corviknight|52/100
|-boost|p2a: Great Tusk|spe|1
|-sideend|p2: Maesclo|Stealth Rock|[from] move: Rapid Spin|[of] p2a: Great Tusk
|move|p1a: Corviknight|Roost|p1a: Corviknight
|-heal|p1a: Corviknight|100/100
|-singleturn|p1a: Corviknight|move: Roost
|
|upkeep
|turn|44
|inactive|Maesclo has 60 seconds left.
|
|t:|1760722736
|-end|p2a: Great Tusk|Protosynthesis|[silent]
|switch|p2a: Slowking|Slowking-Galar, M|100/100
|move|p1a: Corviknight|Iron Defense|p1a: Corviknight
|-boost|p1a: Corviknight|def|2
|
|upkeep
|turn|45
|
|t:|1760722745
|switch|p1a: Gliscor|Gliscor, F|70/100 tox
|move|p2a: Slowking|Future Sight|p1a: Gliscor
|-start|p2a: Slowking|move: Future Sight
|
|-heal|p1a: Gliscor|83/100 tox|[from] ability: Poison Heal
|upkeep
|turn|46
|
|t:|1760722757
|switch|p2a: Zapdos|Zapdos|100/100
|move|p1a: Gliscor|Spikes|p2a: Zapdos
|-sidestart|p2: Maesclo|Spikes
|
|-heal|p1a: Gliscor|95/100 tox|[from] ability: Poison Heal
|upkeep
|turn|47
|
|t:|1760722766
|move|p1a: Gliscor|Protect|p1a: Gliscor
|-singleturn|p1a: Gliscor|Protect
|move|p2a: Zapdos|Hurricane|p1a: Gliscor
|-activate|p1a: Gliscor|move: Protect
|
|-end|p1a: Gliscor|move: Future Sight
|-damage|p1a: Gliscor|60/100 tox
|-heal|p1a: Gliscor|72/100 tox|[from] ability: Poison Heal
|upkeep
|turn|48
|
|t:|1760722775
|switch|p1a: Blissey|Blissey, F|100/100
|move|p2a: Zapdos|Hurricane|p1a: Blissey
|-damage|p1a: Blissey|85/100
|-start|p1a: Blissey|confusion
|
|-heal|p1a: Blissey|92/100|[from] item: Leftovers
|upkeep
|turn|49
|
|t:|1760722780
|move|p2a: Zapdos|U-turn|p1a: Blissey
|-damage|p1a: Blissey|79/100
|
|t:|1760722786
|switch|p2a: Great Tusk|Great Tusk|100/100|[from] U-turn
|-activate|p1a: Blissey|confusion
|move|p1a: Blissey|Seismic Toss|p2a: Great Tusk
|-damage|p2a: Great Tusk|74/100
|
|-heal|p1a: Blissey|85/100|[from] item: Leftovers
|upkeep
|turn|50
|inactive|Maesclo has 60 seconds left.
|
|t:|1760722794
|switch|p1a: Corviknight|Corviknight, M|100/100
|-ability|p1a: Corviknight|Pressure
|move|p2a: Great Tusk|Stealth Rock|p1a: Corviknight
|-sidestart|p1: Yelo_Galaxy|move: Stealth Rock
|
|upkeep
|turn|51
|inactive|Maesclo has 60 seconds left.
|
|t:|1760722811
|move|p2a: Great Tusk|Stealth Rock||[still]
|-fail|p2a: Great Tusk
|move|p1a: Corviknight|Defog|p2a: Great Tusk
|-unboost|p2a: Great Tusk|evasion|1
|-sideend|p2: Maesclo|Spikes|[from] move: Defog|[of] p1a: Corviknight
|-sideend|p1: Yelo_Galaxy|Stealth Rock|[from] move: Defog|[of] p1a: Corviknight
|
|upkeep
|turn|52
|
|t:|1760722819
|move|p2a: Great Tusk|Stealth Rock|p1a: Corviknight
|-sidestart|p1: Yelo_Galaxy|move: Stealth Rock
|move|p1a: Corviknight|Iron Defense|p1a: Corviknight
|-boost|p1a: Corviknight|def|2
|
|upkeep
|turn|53
|
|t:|1760722827
|-end|p2a: Great Tusk|Protosynthesis|[silent]
|switch|p2a: Slowking|Slowking-Galar, M|100/100
|move|p1a: Corviknight|Defog|p2a: Slowking
|-unboost|p2a: Slowking|evasion|1
|-sideend|p1: Yelo_Galaxy|Stealth Rock|[from] move: Defog|[of] p1a: Corviknight
|
|upkeep
|turn|54
|
|t:|1760722834
|switch|p1a: Gliscor|Gliscor, F|72/100 tox
|move|p2a: Slowking|Thunder Wave|p1a: Gliscor
|-immune|p1a: Gliscor
|
|-heal|p1a: Gliscor|85/100 tox|[from] ability: Poison Heal
|upkeep
|turn|55
|
|t:|1760722853
|move|p1a: Gliscor|Knock Off|p2a: Slowking
|-supereffective|p2a: Slowking
|-damage|p2a: Slowking|55/100
|-enditem|p2a: Slowking|Heavy-Duty Boots|[from] move: Knock Off|[of] p1a: Gliscor
|move|p2a: Slowking|Future Sight|p1a: Gliscor
|-start|p2a: Slowking|move: Future Sight
|
|-heal|p1a: Gliscor|97/100 tox|[from] ability: Poison Heal
|upkeep
|turn|56
|
|t:|1760722867
|move|p1a: Gliscor|Earthquake|p2a: Slowking
|-supereffective|p2a: Slowking
|-damage|p2a: Slowking|0 fnt
|faint|p2a: Slowking
|
|-heal|p1a: Gliscor|100/100 tox|[from] ability: Poison Heal
|upkeep
|-message|Maesclo forfeited.
|
|win|Yelo_Galaxy
|raw|Yelo_Galaxy's rating: 1420 &rarr; <strong>1436</strong><br />(+16 for winning)
|raw|Maesclo's rating: 1349 &rarr; <strong>1333</strong><br />(-16 for losing)
|l|☆Maesclo
|player|p2|
|l|☆Yelo_Galaxy
|player|p1|
