|j|☆Figtingfox
|j|☆ZacianCultist
|t:|1760862890
|gametype|singles
|player|p1|Figtingfox|proton|1000
|player|p2|ZacianCultist|harlequin|1018
|gen|9
|tier|[Gen 9] OU
|rated|
|rule|HP Percentage Mod: HP is shown in percentages
|rule|Endless Battle Clause: Forcing endless battles is banned
|rule|Species Clause: Limit one of each Pokémon
|rule|OHKO Clause: OHKO moves are banned
|rule|Evasion Items Clause: Evasion items are banned
|rule|Evasion Moves Clause: Evasion moves are banned
|rule|Evasion Abilities Clause: Evasion abilities are banned
|rule|Sleep Moves Clause: Sleep-inducing moves are banned
|clearpoke
|poke|p1|Torkoal, F|
|poke|p1|Hatterene, F|
|poke|p1|Raging Bolt|
|poke|p1|Slither Wing|
|poke|p1|Venusaur, F|
|poke|p1|Walking Wake|
|poke|p2|Deoxys-Speed|
|poke|p2|Heatran, F|
|poke|p2|Garchomp, F|
|poke|p2|Glimmora, F|
|poke|p2|Darkrai|
|poke|p2|Gardevoir, F|
|teampreview
|inactive|Battle timer is ON: inactive players will automatically lose when time's up. (requested by ZacianCultist)
|
|t:|1760862904
|teamsize|p1|6
|teamsize|p2|6
|start
|switch|p1a: Torkoal|Torkoal, F|100/100
|switch|p2a: Go to bed|Darkrai|100/100
|-weather|SunnyDay|[from] ability: Drought|[of] p1a: Torkoal
|turn|1
|
|t:|1760862920
|move|p2a: Go to bed|Trick|p1a: Torkoal
|-activate|p2a: Go to bed|move: Trick|[of] p1a: Torkoal
|-item|p1a: Torkoal|Choice Specs|[from] move: Trick
|-item|p2a: Go to bed|Heat Rock|[from] move: Trick
|move|p1a: Torkoal|Stealth Rock|p2a: Go to bed
|-sidestart|p2: ZacianCultist|move: Stealth Rock
|
|-weather|SunnyDay|[upkeep]
|upkeep
|turn|2
|
|t:|1760862940
|switch|p1a: Slither Wing|Slither Wing|100/100
|-activate|p1a: Slither Wing|ability: Protosynthesis
|-start|p1a: Slither Wing|protosynthesisatk
|move|p2a: Go to bed|Will-O-Wisp|p1a: Slither Wing
|-status|p1a: Slither Wing|brn
|
|-weather|SunnyDay|[upkeep]
|-damage|p1a: Slither Wing|94/100 brn|[from] brn
|upkeep
|turn|3
|
|t:|1760862956
|move|p1a: Slither Wing|First Impression|p2a: Go to bed
|-supereffective|p2a: Go to bed
|-damage|p2a: Go to bed|21/100
|move|p2a: Go to bed|Knock Off|p1a: Slither Wing
|-resisted|p1a: Slither Wing
|-crit|p1a: Slither Wing
|-damage|p1a: Slither Wing|69/100 brn
|-enditem|p1a: Slither Wing|Assault Vest|[from] move: Knock Off|[of] p2a: Go to bed
|
|-weather|SunnyDay|[upkeep]
|-damage|p1a: Slither Wing|63/100 brn|[from] brn
|upkeep
|turn|4
|inactive|ZacianCultist has 120 seconds left.
|
|t:|1760862986
|move|p2a: Go to bed|Trick|p1a: Slither Wing
|-activate|p2a: Go to bed|move: Trick|[of] p1a: Slither Wing
|-item|p1a: Slither Wing|Heat Rock|[from] move: Trick
|-enditem|p2a: Go to bed|Heat Rock|[silent]|[from] move: Trick
|move|p1a: Slither Wing|U-turn|p2a: Go to bed
|-supereffective|p2a: Go to bed
|-damage|p2a: Go to bed|0 fnt
|faint|p2a: Go to bed
|c|☆ZacianCultist|wait why th did I do that
|inactive|Figtingfox has 120 seconds left.
|
|t:|1760863016
|-end|p1a: Slither Wing|Protosynthesis|[silent]
|switch|p1a: Walking Wake|Walking Wake|100/100|[from] U-turn
|-activate|p1a: Walking Wake|ability: Protosynthesis
|-start|p1a: Walking Wake|protosynthesisspe
|
|-weather|SunnyDay|[upkeep]
|upkeep
|inactive|ZacianCultist has 120 seconds left.
|
|t:|1760863034
|switch|p2a: It's Hot|Heatran, F|100/100
|-damage|p2a: It's Hot|88/100|[from] Stealth Rock
|-item|p2a: It's Hot|Air Balloon
|turn|5
|
|t:|1760863040
|move|p1a: Walking Wake|Hydro Steam|p2a: It's Hot
|-supereffective|p2a: It's Hot
|-damage|p2a: It's Hot|0 fnt
|-enditem|p2a: It's Hot|Air Balloon
|faint|p2a: It's Hot
|
|-weather|SunnyDay|[upkeep]
|upkeep
|inactive|ZacianCultist has 90 seconds left.
|
|t:|1760863071
|switch|p2a: GOD|Deoxys-Speed|100/100
|-damage|p2a: GOD|88/100|[from] Stealth Rock
|-ability|p2a: GOD|Pressure
|turn|6
|c|☆Figtingfox|You got this
|inactive|ZacianCultist has 90 seconds left.
|c|☆ZacianCultist|I misremembered the type chart
|
|t:|1760863095
|move|p1a: Walking Wake|Hydro Steam|p2a: GOD
|-damage|p2a: GOD|0 fnt
|faint|p2a: GOD
|
|-weather|SunnyDay|[upkeep]
|upkeep
|c|☆ZacianCultist|My main attacker just went out
|inactive|ZacianCultist has 60 seconds left.
|c|☆ZacianCultist|also how is that thing so fast
|-message|ZacianCultist forfeited.
|
|win|Figtingfox
|raw|Figtingfox's rating: 1000 &rarr; <strong>1042</strong><br />(+42 for winning)
|raw|ZacianCultist's rating: 1018 &rarr; <strong>1005</strong><br />(-13 for losing)
|c|☆Figtingfox|Ggs
|c|☆ZacianCultist|faster than deoxys-speed
|c|☆Figtingfox|It's the sun it procs my abilty and grants a spe boost
|c|☆ZacianCultist|Protosynthesis, ohh
|c|☆ZacianCultist|alright, ggs
|l|☆ZacianCultist
|player|p2|
|l|☆Figtingfox
|player|p1|
|j|☆Figtingfox
|player|p1|Figtingfox|proton|
