|j|☆Adoumi_
|j|☆TofuTostada
|t:|1760771678
|gametype|singles
|player|p1|Adoumi_|hiker-gen4|1051
|player|p2|TofuTostada|ingo|1084
|gen|9
|tier|[Gen 9] OU
|rated|
|rule|HP Percentage Mod: HP is shown in percentages
|rule|Endless Battle Clause: Forcing endless battles is banned
|rule|Species Clause: Limit one of each Pokémon
|rule|OHKO Clause: OHKO moves are banned
|rule|Evasion Items Clause: Evasion items are banned
|rule|Evasion Moves Clause: Evasion moves are banned
|rule|Evasion Abilities Clause: Evasion abilities are banned
|rule|Sleep Moves Clause: Sleep-inducing moves are banned
|clearpoke
|poke|p1|Squawkabilly, F|
|poke|p1|Totodile, M|
|poke|p1|Calyrex|
|poke|p1|Crabominable, F|
|poke|p1|Drifblim, F|
|poke|p1|Clawitzer, M|
|poke|p2|Veluza, F|
|poke|p2|Clodsire, F|
|poke|p2|Corviknight, F|
|poke|p2|Alomomola, F|
|poke|p2|Meowscarada, F|
|poke|p2|Iron Valiant|
|teampreview
|inactive|Battle timer is ON: inactive players will automatically lose when time's up. (requested by Adoumi_)
|
|t:|1760771708
|teamsize|p1|6
|teamsize|p2|6
|start
|switch|p1a: Haribo croco|Totodile, M|100/100
|switch|p2a: Iron Valiant|Iron Valiant|100/100
|-enditem|p2a: Iron Valiant|Booster Energy
|-activate|p2a: Iron Valiant|ability: Quark Drive|[fromitem]
|-start|p2a: Iron Valiant|quarkdrivespe
|turn|1
|
|t:|1760771720
|move|p2a: Iron Valiant|Close Combat|p1a: Haribo croco
|-damage|p1a: Haribo croco|24/100
|-unboost|p2a: Iron Valiant|def|1
|-unboost|p2a: Iron Valiant|spd|1
|move|p1a: Haribo croco|Liquidation|p2a: Iron Valiant
|-damage|p2a: Iron Valiant|35/100
|
|upkeep
|turn|2
|c|☆TofuTostada|let him cook
|
|t:|1760771736
|move|p2a: Iron Valiant|Spirit Break|p1a: Haribo croco
|-damage|p1a: Haribo croco|0 fnt
|faint|p1a: Haribo croco
|
|upkeep
|
|t:|1760771752
|switch|p1a: Patate|Crabominable, F|100/100
|turn|3
|
|t:|1760771757
|-terastallize|p1a: Patate|Fighting
|move|p2a: Iron Valiant|Spirit Break|p1a: Patate
|-supereffective|p1a: Patate
|-damage|p1a: Patate|16/100
|-unboost|p1a: Patate|spa|1
|move|p1a: Patate|Bulk Up|p1a: Patate
|-boost|p1a: Patate|atk|1
|-boost|p1a: Patate|def|1
|
|-heal|p1a: Patate|22/100|[from] item: Leftovers
|upkeep
|turn|4
|
|t:|1760771769
|move|p2a: Iron Valiant|Spirit Break|p1a: Patate
|-supereffective|p1a: Patate
|-damage|p1a: Patate|0 fnt
|faint|p1a: Patate
|
|upkeep
|
|t:|1760771775
|switch|p1a: Cerf|Calyrex|100/100
|-ability|p1a: Cerf|Unnerve
|turn|5
|
|t:|1760771784
|-terastallize|p2a: Iron Valiant|Dark
|move|p2a: Iron Valiant|Knock Off|p1a: Cerf
|-supereffective|p1a: Cerf
|-damage|p1a: Cerf|30/100
|-enditem|p1a: Cerf|Heavy-Duty Boots|[from] move: Knock Off|[of] p2a: Iron Valiant
|move|p1a: Cerf|Leech Seed|p2a: Iron Valiant
|-start|p2a: Iron Valiant|move: Leech Seed
|
|-damage|p2a: Iron Valiant|23/100|[from] Leech Seed|[of] p1a: Cerf
|-heal|p1a: Cerf|39/100|[silent]
|upkeep
|turn|6
|
|t:|1760771802
|switch|p1a: Sniper|Clawitzer, M|100/100
|move|p2a: Iron Valiant|Knock Off|p1a: Sniper
|-damage|p1a: Sniper|30/100
|-enditem|p1a: Sniper|Choice Scarf|[from] move: Knock Off|[of] p2a: Iron Valiant
|
|-damage|p2a: Iron Valiant|10/100|[from] Leech Seed|[of] p1a: Sniper
|-heal|p1a: Sniper|42/100|[silent]
|upkeep
|turn|7
|
|t:|1760771821
|move|p2a: Iron Valiant|Close Combat|p1a: Sniper
|-damage|p1a: Sniper|0 fnt
|-unboost|p2a: Iron Valiant|def|1
|-unboost|p2a: Iron Valiant|spd|1
|faint|p1a: Sniper
|
|upkeep
|
|t:|1760771828
|switch|p1a: Cerf|Calyrex|39/100
|-ability|p1a: Cerf|Unnerve
|turn|8
|
|t:|1760771837
|move|p2a: Iron Valiant|Knock Off|p1a: Cerf
|-supereffective|p1a: Cerf
|-damage|p1a: Cerf|0 fnt
|faint|p1a: Cerf
|
|upkeep
|
|t:|1760771845
|switch|p1a: Ballon|Drifblim, F|100/100
|turn|9
|
|t:|1760771849
|move|p2a: Iron Valiant|Knock Off|p1a: Ballon
|-supereffective|p1a: Ballon
|-damage|p1a: Ballon|0 fnt
|-enditem|p1a: Ballon|Flame Orb|[from] move: Knock Off|[of] p2a: Iron Valiant
|faint|p1a: Ballon
|
|upkeep
|inactive|Adoumi_ has 120 seconds left.
|
|t:|1760771898
|switch|p1a: Yanis|Squawkabilly, F|100/100
|turn|10
|
|t:|1760771911
|move|p2a: Iron Valiant|Knock Off|p1a: Yanis
|-damage|p1a: Yanis|0 fnt
|-enditem|p1a: Yanis|Choice Band|[from] move: Knock Off|[of] p2a: Iron Valiant
|faint|p1a: Yanis
|
|win|TofuTostada
|raw|Adoumi_'s rating: 1051 &rarr; <strong>1035</strong><br />(-16 for losing)
|raw|TofuTostada's rating: 1084 &rarr; <strong>1109</strong><br />(+25 for winning)
|l|☆TofuTostada
|player|p2|
|l|☆Adoumi_
|player|p1|
