|j|☆riyan005
|j|☆corpseoflilith
|t:|1760770978
|gametype|singles
|player|p1|riyan005|102|1133
|player|p2|corpseoflilith|2|1151
|gen|9
|tier|[Gen 9] OU
|rated|
|rule|HP Percentage Mod: HP is shown in percentages
|rule|Endless Battle Clause: Forcing endless battles is banned
|rule|Species Clause: Limit one of each Pokémon
|rule|OHKO Clause: OHKO moves are banned
|rule|Evasion Items Clause: Evasion items are banned
|rule|Evasion Moves Clause: Evasion moves are banned
|rule|Evasion Abilities Clause: Evasion abilities are banned
|rule|Sleep Moves Clause: Sleep-inducing moves are banned
|clearpoke
|poke|p1|Iron Boulder|
|poke|p1|Revavroom, M|
|poke|p1|Corviknight, F|
|poke|p1|Ting-Lu|
|poke|p1|Kingambit, F|
|poke|p1|Blaziken, M|
|poke|p2|Iron Moth|
|poke|p2|Landorus-Therian, M|
|poke|p2|Scizor, M|
|poke|p2|Dondozo, M|
|poke|p2|Hatterene, F|
|poke|p2|Mandibuzz, F|
|teampreview
|inactive|Battle timer is ON: inactive players will automatically lose when time's up. (requested by riyan005)
|
|t:|1760770987
|teamsize|p1|6
|teamsize|p2|6
|start
|switch|p1a: Iron Boulder|Iron Boulder|100/100
|switch|p2a: Sahara|Landorus-Therian, M|100/100
|-ability|p2a: Sahara|Intimidate|boost
|-unboost|p1a: Iron Boulder|atk|1
|-enditem|p1a: Iron Boulder|Booster Energy
|-activate|p1a: Iron Boulder|ability: Quark Drive|[fromitem]
|-start|p1a: Iron Boulder|quarkdrivespe
|turn|1
|
|t:|1760770994
|switch|p2a: Matsya|Dondozo, M|100/100
|move|p1a: Iron Boulder|Mighty Cleave|p2a: Matsya
|-damage|p2a: Matsya|81/100
|
|-heal|p2a: Matsya|87/100|[from] item: Leftovers
|upkeep
|turn|2
|
|t:|1760771002
|-end|p1a: Iron Boulder|Quark Drive|[silent]
|switch|p1a: Corviknight|Corviknight, F|100/100
|move|p2a: Matsya|Wave Crash|p1a: Corviknight
|-damage|p1a: Corviknight|68/100
|-damage|p2a: Matsya|78/100|[from] Recoil
|
|-heal|p2a: Matsya|85/100|[from] item: Leftovers
|upkeep
|turn|3
|
|t:|1760771008
|switch|p2a: Stigmata|Iron Moth|100/100
|move|p1a: Corviknight|Defog|p2a: Stigmata
|-unboost|p2a: Stigmata|evasion|1
|
|upkeep
|turn|4
|
|t:|1760771015
|switch|p1a: Ting-Lu|Ting-Lu|100/100
|-ability|p1a: Ting-Lu|Vessel of Ruin
|move|p2a: Stigmata|Flamethrower|p1a: Ting-Lu
|-damage|p1a: Ting-Lu|54/100
|
|-heal|p1a: Ting-Lu|60/100|[from] item: Leftovers
|upkeep
|turn|5
|
|t:|1760771023
|-end|p2a: Stigmata|Quark Drive|[silent]
|switch|p2a: Apsara|Hatterene, F|100/100
|move|p1a: Ting-Lu|Stealth Rock|p2a: Apsara
|move|p2a: Apsara|Stealth Rock|p1a: Ting-Lu|[from] ability: Magic Bounce
|-sidestart|p1: riyan005|move: Stealth Rock
|
|-heal|p1a: Ting-Lu|67/100|[from] item: Leftovers
|upkeep
|turn|6
|
|t:|1760771030
|-terastallize|p1a: Ting-Lu|Steel
|move|p1a: Ting-Lu|Heavy Slam|p2a: Apsara
|-supereffective|p2a: Apsara
|-damage|p2a: Apsara|0 fnt
|faint|p2a: Apsara
|
|-heal|p1a: Ting-Lu|73/100|[from] item: Leftovers
|upkeep
|
|t:|1760771035
|switch|p2a: Stigmata|Iron Moth|100/100
|turn|7
|
|t:|1760771039
|move|p2a: Stigmata|Flamethrower|p1a: Ting-Lu
|-supereffective|p1a: Ting-Lu
|-damage|p1a: Ting-Lu|0 fnt
|faint|p1a: Ting-Lu
|
|upkeep
|
|t:|1760771042
|switch|p1a: Iron Boulder|Iron Boulder|100/100
|-damage|p1a: Iron Boulder|88/100|[from] Stealth Rock
|turn|8
|
|t:|1760771046
|-end|p2a: Stigmata|Quark Drive|[silent]
|switch|p2a: Sahara|Landorus-Therian, M|100/100
|-ability|p2a: Sahara|Intimidate|boost
|-unboost|p1a: Iron Boulder|atk|1
|move|p1a: Iron Boulder|Mighty Cleave|p2a: Sahara
|-damage|p2a: Sahara|61/100
|
|upkeep
|turn|9
|
|t:|1760771054
|-end|p1a: Iron Boulder|Quark Drive|[silent]
|switch|p1a: Corviknight|Corviknight, F|68/100
|-damage|p1a: Corviknight|56/100|[from] Stealth Rock
|move|p2a: Sahara|U-turn|p1a: Corviknight
|-resisted|p1a: Corviknight
|-damage|p1a: Corviknight|50/100
|
|t:|1760771056
|switch|p2a: Stigmata|Iron Moth|100/100|[from] U-turn
|
|upkeep
|turn|10
|
|t:|1760771060
|switch|p1a: Blaziken|Blaziken, M|100/100
|move|p2a: Stigmata|Flamethrower|p1a: Blaziken
|-resisted|p1a: Blaziken
|-damage|p1a: Blaziken|40/100
|
|upkeep
|turn|11
|
|t:|1760771069
|move|p1a: Blaziken|Protect|p1a: Blaziken
|-singleturn|p1a: Blaziken|Protect
|move|p2a: Stigmata|Flamethrower|p1a: Blaziken
|-activate|p1a: Blaziken|move: Protect
|
|-ability|p1a: Blaziken|Speed Boost|boost
|-boost|p1a: Blaziken|spe|1
|upkeep
|turn|12
|
|t:|1760771075
|move|p1a: Blaziken|Brave Bird|p2a: Stigmata
|-damage|p2a: Stigmata|38/100
|-damage|p1a: Blaziken|19/100|[from] Recoil
|move|p2a: Stigmata|Flamethrower|p1a: Blaziken
|-resisted|p1a: Blaziken
|-damage|p1a: Blaziken|0 fnt
|faint|p1a: Blaziken
|
|upkeep
|
|t:|1760771079
|switch|p1a: Kingambit|Kingambit, F|100/100
|-damage|p1a: Kingambit|94/100|[from] Stealth Rock
|-activate|p1a: Kingambit|ability: Supreme Overlord
|-start|p1a: Kingambit|fallen2|[silent]
|turn|13
|
|t:|1760771086
|-end|p2a: Stigmata|Quark Drive|[silent]
|switch|p2a: Sahara|Landorus-Therian, M|61/100
|-ability|p2a: Sahara|Intimidate|boost
|-unboost|p1a: Kingambit|atk|1
|move|p1a: Kingambit|Sucker Punch||[still]
|-fail|p1a: Kingambit
|
|upkeep
|turn|14
|
|t:|1760771096
|-end|p1a: Kingambit|fallen2|[silent]
|switch|p1a: Iron Boulder|Iron Boulder|88/100
|-damage|p1a: Iron Boulder|76/100|[from] Stealth Rock
|move|p2a: Sahara|Hammer Arm|p1a: Iron Boulder|[miss]
|-miss|p2a: Sahara|p1a: Iron Boulder
|
|upkeep
|turn|15
|
|t:|1760771106
|switch|p2a: Matsya|Dondozo, M|85/100
|move|p1a: Iron Boulder|Mighty Cleave|p2a: Matsya
|-damage|p2a: Matsya|64/100
|
|-heal|p2a: Matsya|70/100|[from] item: Leftovers
|upkeep
|turn|16
|
|t:|1760771114
|move|p2a: Matsya|Protect|p2a: Matsya
|-singleturn|p2a: Matsya|Protect
|move|p1a: Iron Boulder|Earthquake|p2a: Matsya
|-activate|p2a: Matsya|move: Protect
|
|-heal|p2a: Matsya|76/100|[from] item: Leftovers
|upkeep
|turn|17
|
|t:|1760771121
|switch|p2a: Sahara|Landorus-Therian, M|61/100
|-ability|p2a: Sahara|Intimidate|boost
|-unboost|p1a: Iron Boulder|atk|1
|move|p1a: Iron Boulder|Zen Headbutt|p2a: Sahara
|-damage|p2a: Sahara|30/100
|
|upkeep
|turn|18
|
|t:|1760771129
|switch|p2a: Matsya|Dondozo, M|76/100
|move|p1a: Iron Boulder|Zen Headbutt|p2a: Matsya
|-damage|p2a: Matsya|58/100
|
|-heal|p2a: Matsya|65/100|[from] item: Leftovers
|upkeep
|turn|19
|
|t:|1760771137
|move|p1a: Iron Boulder|Zen Headbutt|p2a: Matsya
|-damage|p2a: Matsya|48/100
|move|p2a: Matsya|Wave Crash|p1a: Iron Boulder
|-supereffective|p1a: Iron Boulder
|-damage|p1a: Iron Boulder|0 fnt
|faint|p1a: Iron Boulder
|-end|p1a: Iron Boulder|Quark Drive|[silent]
|-damage|p2a: Matsya|32/100|[from] Recoil
|
|-heal|p2a: Matsya|38/100|[from] item: Leftovers
|upkeep
|
|t:|1760771140
|switch|p1a: Revavroom|Revavroom, M, shiny|100/100
|-damage|p1a: Revavroom|95/100|[from] Stealth Rock
|turn|20
|
|t:|1760771150
|switch|p2a: Sahara|Landorus-Therian, M|30/100
|-ability|p2a: Sahara|Intimidate|boost
|-unboost|p1a: Revavroom|atk|1
|-enditem|p1a: Revavroom|White Herb
|-clearnegativeboost|p1a: Revavroom|[silent]
|move|p1a: Revavroom|Gunk Shot|p2a: Sahara
|-resisted|p2a: Sahara
|-damage|p2a: Sahara|0 fnt
|faint|p2a: Sahara
|
|upkeep
|
|t:|1760771153
|switch|p2a: Stigmata|Iron Moth|38/100
|turn|21
|
|t:|1760771159
|move|p2a: Stigmata|Flamethrower|p1a: Revavroom
|-supereffective|p1a: Revavroom
|-damage|p1a: Revavroom|0 fnt
|faint|p1a: Revavroom
|
|upkeep
|
|t:|1760771162
|switch|p1a: Kingambit|Kingambit, F|94/100
|-damage|p1a: Kingambit|88/100|[from] Stealth Rock
|-activate|p1a: Kingambit|ability: Supreme Overlord
|-start|p1a: Kingambit|fallen4|[silent]
|turn|22
|
|t:|1760771167
|-end|p2a: Stigmata|Quark Drive|[silent]
|switch|p2a: Matsya|Dondozo, M|38/100
|move|p1a: Kingambit|Stone Edge|p2a: Matsya
|-damage|p2a: Matsya|5/100
|-damage|p1a: Kingambit|78/100|[from] item: Life Orb
|
|-heal|p2a: Matsya|11/100|[from] item: Leftovers
|upkeep
|turn|23
|
|t:|1760771173
|move|p2a: Matsya|Protect|p2a: Matsya
|-singleturn|p2a: Matsya|Protect
|move|p1a: Kingambit|Sucker Punch||[still]
|-fail|p1a: Kingambit
|
|-heal|p2a: Matsya|17/100|[from] item: Leftovers
|upkeep
|turn|24
|
|t:|1760771179
|switch|p2a: Mandibuzz|Mandibuzz, F|100/100
|move|p1a: Kingambit|Sucker Punch||[still]
|-fail|p1a: Kingambit
|
|upkeep
|turn|25
|
|t:|1760771183
|move|p2a: Mandibuzz|Knock Off|p1a: Kingambit
|-resisted|p1a: Kingambit
|-damage|p1a: Kingambit|69/100
|-enditem|p1a: Kingambit|Life Orb|[from] move: Knock Off|[of] p2a: Mandibuzz
|move|p1a: Kingambit|Stone Edge|p2a: Mandibuzz
|-supereffective|p2a: Mandibuzz
|-crit|p2a: Mandibuzz
|-damage|p2a: Mandibuzz|0 fnt
|faint|p2a: Mandibuzz
|
|upkeep
|
|t:|1760771189
|switch|p2a: Raktah|Scizor, M|100/100
|turn|26
|
|t:|1760771195
|move|p2a: Raktah|Close Combat|p1a: Kingambit
|-supereffective|p1a: Kingambit
|-damage|p1a: Kingambit|0 fnt
|-unboost|p2a: Raktah|def|1
|-unboost|p2a: Raktah|spd|1
|faint|p1a: Kingambit
|-end|p1a: Kingambit|fallen4|[silent]
|
|upkeep
|
|t:|1760771198
|switch|p1a: Corviknight|Corviknight, F|50/100
|-damage|p1a: Corviknight|38/100|[from] Stealth Rock
|turn|27
|
|t:|1760771203
|switch|p2a: Matsya|Dondozo, M|17/100
|move|p1a: Corviknight|Iron Defense|p1a: Corviknight
|-boost|p1a: Corviknight|def|2
|
|-heal|p2a: Matsya|23/100|[from] item: Leftovers
|upkeep
|turn|28
|
|t:|1760771208
|move|p1a: Corviknight|Body Press|p2a: Matsya
|-damage|p2a: Matsya|15/100
|move|p2a: Matsya|Wave Crash|p1a: Corviknight
|-damage|p1a: Corviknight|2/100
|-enditem|p1a: Corviknight|Salac Berry|[eat]
|-boost|p1a: Corviknight|spe|1|[from] item: Salac Berry
|-damage|p2a: Matsya|6/100|[from] Recoil
|
|-heal|p2a: Matsya|12/100|[from] item: Leftovers
|upkeep
|turn|29
|
|t:|1760771213
|move|p1a: Corviknight|Body Press|p2a: Matsya
|-damage|p2a: Matsya|3/100
|move|p2a: Matsya|Wave Crash|p1a: Corviknight
|-damage|p1a: Corviknight|0 fnt
|faint|p1a: Corviknight
|-damage|p2a: Matsya|3/100|[from] Recoil
|
|win|corpseoflilith
|raw|riyan005's rating: 1133 &rarr; <strong>1109</strong><br />(-24 for losing)
|raw|corpseoflilith's rating: 1151 &rarr; <strong>1175</strong><br />(+24 for winning)
|l|☆riyan005
|player|p1|
|l|☆corpseoflilith
|player|p2|
