|j|☆1visitor
|j|☆thomeboydontkillll
|t:|1760871087
|gametype|singles
|player|p1|1visitor|schoolkid-gen4|1065
|player|p2|thomeboydontkillll|n|1069
|gen|9
|tier|[Gen 9] OU
|rated|
|rule|HP Percentage Mod: HP is shown in percentages
|rule|Endless Battle Clause: Forcing endless battles is banned
|rule|Species Clause: Limit one of each Pokémon
|rule|OHKO Clause: OHKO moves are banned
|rule|Evasion Items Clause: Evasion items are banned
|rule|Evasion Moves Clause: Evasion moves are banned
|rule|Evasion Abilities Clause: Evasion abilities are banned
|rule|Sleep Moves Clause: Sleep-inducing moves are banned
|clearpoke
|poke|p1|Empoleon, M|
|poke|p1|Pelipper, M|
|poke|p1|Charizard, F|
|poke|p1|Alomomola, M|
|poke|p1|Virizion|
|poke|p1|Ogerpon-Wellspring, F|
|poke|p2|Scizor, F|
|poke|p2|Dragapult, F|
|poke|p2|Iron Treads|
|poke|p2|Blaziken, M|
|poke|p2|Alomomola, M|
|poke|p2|Serperior, M|
|teampreview
|
|t:|1760871100
|teamsize|p1|6
|teamsize|p2|6
|start
|switch|p1a: Empoleon|Empoleon, M|100/100
|switch|p2a: Dragapult|Dragapult, F, shiny|100/100
|turn|1
|inactive|Battle timer is ON: inactive players will automatically lose when time's up. (requested by 1visitor)
|
|t:|1760871116
|move|p2a: Dragapult|Shadow Ball|p1a: Empoleon
|-damage|p1a: Empoleon|54/100
|move|p1a: Empoleon|Stealth Rock|p2a: Dragapult
|-sidestart|p2: thomeboydontkillll|move: Stealth Rock
|
|-heal|p1a: Empoleon|60/100|[from] item: Leftovers
|upkeep
|turn|2
|
|t:|1760871129
|switch|p2a: Alomomola|Alomomola, M, shiny|100/100
|-damage|p2a: Alomomola|88/100|[from] Stealth Rock
|move|p1a: Empoleon|Flip Turn|p2a: Alomomola
|-resisted|p2a: Alomomola
|-damage|p2a: Alomomola|81/100
|
|t:|1760871142
|switch|p1a: Virizion|Virizion|100/100|[from] Flip Turn
|
|-heal|p2a: Alomomola|88/100|[from] item: Leftovers
|upkeep
|turn|3
|
|t:|1760871150
|move|p1a: Virizion|Leaf Blade|p2a: Alomomola
|-supereffective|p2a: Alomomola
|-damage|p2a: Alomomola|29/100
|move|p2a: Alomomola|Wish|p2a: Alomomola
|
|-heal|p2a: Alomomola|35/100|[from] item: Leftovers
|upkeep
|turn|4
|
|t:|1760871164
|switch|p2a: Iron Treads|Iron Treads, shiny|100/100
|-damage|p2a: Iron Treads|98/100|[from] Stealth Rock
|-enditem|p2a: Iron Treads|Booster Energy
|-activate|p2a: Iron Treads|ability: Quark Drive|[fromitem]
|-start|p2a: Iron Treads|quarkdrivedef
|move|p1a: Virizion|Swords Dance|p1a: Virizion
|-boost|p1a: Virizion|atk|2
|
|-heal|p2a: Iron Treads|100/100|[from] move: Wish|[wisher] Alomomola
|upkeep
|turn|5
|
|t:|1760871180
|move|p1a: Virizion|Close Combat|p2a: Iron Treads
|-supereffective|p2a: Iron Treads
|-damage|p2a: Iron Treads|0 fnt
|-unboost|p1a: Virizion|def|1
|-unboost|p1a: Virizion|spd|1
|faint|p2a: Iron Treads
|-end|p2a: Iron Treads|Quark Drive|[silent]
|
|upkeep
|
|t:|1760871192
|switch|p2a: Dragapult|Dragapult, F, shiny|100/100
|-damage|p2a: Dragapult|88/100|[from] Stealth Rock
|turn|6
|
|t:|1760871200
|move|p2a: Dragapult|Flamethrower|p1a: Virizion
|-supereffective|p1a: Virizion
|-damage|p1a: Virizion|0 fnt
|faint|p1a: Virizion
|
|upkeep
|
|t:|1760871210
|switch|p1a: Pelipper|Pelipper, M|100/100
|-weather|RainDance|[from] ability: Drizzle|[of] p1a: Pelipper
|turn|7
|
|t:|1760871223
|switch|p2a: Scizor|Scizor, F, shiny|100/100
|-damage|p2a: Scizor|88/100|[from] Stealth Rock
|move|p1a: Pelipper|Icy Wind|p2a: Scizor
|-resisted|p2a: Scizor
|-damage|p2a: Scizor|76/100
|-unboost|p2a: Scizor|spe|1
|
|-weather|RainDance|[upkeep]
|upkeep
|turn|8
|inactive|thomeboydontkillll has 120 seconds left.
|
|t:|1760871263
|move|p2a: Scizor|Bullet Punch|p1a: Pelipper
|-resisted|p1a: Pelipper
|-damage|p1a: Pelipper|74/100
|-damage|p2a: Scizor|66/100|[from] item: Life Orb
|move|p1a: Pelipper|U-turn|p2a: Scizor
|-resisted|p2a: Scizor
|-damage|p2a: Scizor|61/100
|
|t:|1760871271
|switch|p1a: Alomomola|Alomomola, M|100/100|[from] U-turn
|
|-weather|RainDance|[upkeep]
|upkeep
|turn|9
|inactive|thomeboydontkillll has 120 seconds left.
|l|☆thomeboydontkillll
|inactive|thomeboydontkillll disconnected and has a minute to reconnect!
|player|p2|
|inactive|thomeboydontkillll has 30 seconds to reconnect!
|inactive|thomeboydontkillll has 20 seconds to reconnect!
|inactive|thomeboydontkillll has 15 seconds to reconnect!
|inactive|thomeboydontkillll has 10 seconds to reconnect!
|inactive|thomeboydontkillll has 5 seconds to reconnect!
|-message|thomeboydontkillll lost due to inactivity.
|
|win|1visitor
|raw|1visitor's rating: 1065 &rarr; <strong>1096</strong><br />(+31 for winning)
|raw|thomeboydontkillll's rating: 1069 &rarr; <strong>1048</strong><br />(-21 for losing)
|l|☆1visitor
|player|p1|
