|j|☆MK29
|j|☆grassystorm
|inactive|Battle timer is ON: inactive players will automatically lose when time's up.
|t:|1760806971
|gametype|singles
|player|p1|MK29|swimmerf-gen4|
|player|p2|grassystorm|allister-unmasked|
|gen|9
|tier|[Gen 9] OU
|rated|Tournament battle
|rule|HP Percentage Mod: HP is shown in percentages
|rule|Endless Battle Clause: Forcing endless battles is banned
|rule|Species Clause: Limit one of each Pokémon
|rule|OHKO Clause: OHKO moves are banned
|rule|Evasion Items Clause: Evasion items are banned
|rule|Evasion Moves Clause: Evasion moves are banned
|rule|Evasion Abilities Clause: Evasion abilities are banned
|rule|Sleep Moves Clause: Sleep-inducing moves are banned
|rule|Force of the Fallen Mod: Pok&émon pass the move in their last moveslot to their allies when they're KOed
|rule|Terastal Clause: You cannot Terastallize
|raw|<div class="infobox"><details class="readmore"><summary><strong>18 custom rules:</strong></summary> Force of the Fallen Mod, Standard OMs, Terastal Clause, -Enamorus, -Falinks, -Komala, -Kommo-o, -Lilligant-Hisui, -Rage Fist, *Belly Drum, *Extreme Speed, *Population Bomb, *Quiver Dance, *Revival Blessing, *Shell Smash, -Booster Energy, *Tail Glow, -Smeargle</details></div>
|clearpoke
|poke|p1|Deoxys-Speed|
|poke|p1|Indeedee, M|
|poke|p1|Iron Boulder|
|poke|p1|Polteageist|
|poke|p1|Hawlucha, M|
|poke|p1|Meowscarada, F|
|poke|p2|Torkoal, M|
|poke|p2|Raging Bolt|
|poke|p2|Slither Wing|
|poke|p2|Venusaur, F|
|poke|p2|Walking Wake|
|poke|p2|Great Tusk|
|teampreview
|j|*Lady Monita ☀
|inactive|MK29 also wants the timer to be on.
|j|+Prateekkp
|c|☆MK29|Glhf
|
|t:|1760806983
|teamsize|p1|6
|teamsize|p2|6
|start
|switch|p1a: Deoxys|Deoxys-Speed|100/100
|switch|p2a: Torkoal|Torkoal, M|100/100
|-ability|p1a: Deoxys|Pressure
|-weather|SunnyDay|[from] ability: Drought|[of] p2a: Torkoal
|turn|1
|
|t:|1760806994
|move|p1a: Deoxys|Knock Off|p2a: Torkoal
|-damage|p2a: Torkoal|78/100
|-enditem|p2a: Torkoal|Heat Rock|[from] move: Knock Off|[of] p1a: Deoxys
|-damage|p1a: Deoxys|91/100|[from] item: Life Orb
|move|p2a: Torkoal|Stealth Rock|p1a: Deoxys
|-sidestart|p1: MK29|move: Stealth Rock
|
|-weather|SunnyDay|[upkeep]
|upkeep
|turn|2
|
|t:|1760807005
|switch|p1a: Indeedee|Indeedee, M|100/100
|-damage|p1a: Indeedee|88/100|[from] Stealth Rock
|-fieldstart|move: Psychic Terrain|[from] ability: Psychic Surge|[of] p1a: Indeedee
|move|p2a: Torkoal|Eruption|p1a: Indeedee
|-damage|p1a: Indeedee|0 fnt
|faint|p1a: Indeedee
|
|-weather|SunnyDay|[upkeep]
|upkeep
|
|t:|1760807015
|switch|p1a: Iron Boulder|Iron Boulder|100/100
|-damage|p1a: Iron Boulder|88/100|[from] Stealth Rock
|turn|3
|
|t:|1760807024
|switch|p2a: Great Tusk|Great Tusk|100/100
|-activate|p2a: Great Tusk|ability: Protosynthesis
|-start|p2a: Great Tusk|protosynthesisatk
|move|p1a: Iron Boulder|Psycho Cut|p2a: Great Tusk
|-supereffective|p2a: Great Tusk
|-damage|p2a: Great Tusk|40/100
|
|-weather|SunnyDay|[upkeep]
|-heal|p2a: Great Tusk|46/100|[from] item: Leftovers
|upkeep
|turn|4
|
|t:|1760807048
|move|p1a: Iron Boulder|Psycho Cut|p2a: Great Tusk
|-supereffective|p2a: Great Tusk
|-damage|p2a: Great Tusk|0 fnt
|faint|p2a: Great Tusk
|-end|p2a: Great Tusk|Protosynthesis|[silent]
|
|-weather|SunnyDay|[upkeep]
|upkeep
|
|t:|1760807053
|switch|p2a: Venusaur|Venusaur, F|100/100
|turn|5
|
|t:|1760807068
|move|p1a: Iron Boulder|Psycho Cut|p2a: Venusaur
|-supereffective|p2a: Venusaur
|-damage|p2a: Venusaur|0 fnt
|faint|p2a: Venusaur
|
|-weather|SunnyDay|[upkeep]
|upkeep
|
|t:|1760807075
|switch|p2a: Slither Wing|Slither Wing|100/100
|-activate|p2a: Slither Wing|ability: Protosynthesis
|-start|p2a: Slither Wing|protosynthesisatk
|turn|6
|
|t:|1760807091
|-end|p2a: Slither Wing|Protosynthesis|[silent]
|switch|p2a: Torkoal|Torkoal, M|78/100
|move|p1a: Iron Boulder|Psycho Cut|p2a: Torkoal
|-damage|p2a: Torkoal|38/100
|
|-weather|SunnyDay|[upkeep]
|upkeep
|turn|7
|
|t:|1760807101
|move|p1a: Iron Boulder|Psycho Cut|p2a: Torkoal
|-damage|p2a: Torkoal|0 fnt
|faint|p2a: Torkoal
|
|-weather|SunnyDay|[upkeep]
|upkeep
|
|t:|1760807109
|switch|p2a: Raging Bolt|Raging Bolt|100/100
|-activate|p2a: Raging Bolt|ability: Protosynthesis
|-start|p2a: Raging Bolt|protosynthesisspa
|turn|8
|c|☆MK29|Haa mawa
|c|☆grassystorm|im throwing so hard lol
|inactive|grassystorm has 120 seconds left.
|
|t:|1760807127
|move|p1a: Iron Boulder|Psycho Cut|p2a: Raging Bolt
|-damage|p2a: Raging Bolt|62/100
|move|p2a: Raging Bolt|Growth|p2a: Raging Bolt
|-boost|p2a: Raging Bolt|atk|2
|-boost|p2a: Raging Bolt|spa|2
|
|-weather|none
|-end|p2a: Raging Bolt|Protosynthesis
|upkeep
|turn|9
|inactive|grassystorm has 120 seconds left.
|
|t:|1760807139
|move|p1a: Iron Boulder|Psycho Cut|p2a: Raging Bolt
|-damage|p2a: Raging Bolt|22/100
|move|p2a: Raging Bolt|Rapid Spin|p1a: Iron Boulder
|-resisted|p1a: Iron Boulder
|-damage|p1a: Iron Boulder|75/100
|-boost|p2a: Raging Bolt|spe|1
|-damage|p2a: Raging Bolt|12/100|[from] item: Life Orb
|
|-fieldend|move: Psychic Terrain
|upkeep
|turn|10
|
|t:|1760807149
|move|p2a: Raging Bolt|Thunderclap|p1a: Iron Boulder
|-damage|p1a: Iron Boulder|0 fnt
|faint|p1a: Iron Boulder
|-end|p1a: Iron Boulder|Quark Drive|[silent]
|-damage|p2a: Raging Bolt|2/100|[from] item: Life Orb
|
|upkeep
|
|t:|1760807156
|switch|p1a: Meowscarada|Meowscarada, F|100/100
|-damage|p1a: Meowscarada|88/100|[from] Stealth Rock
|turn|11
|
|t:|1760807167
|move|p1a: Meowscarada|Flower Trick|p2a: Raging Bolt
|-start|p1a: Meowscarada|typechange|Grass|[from] ability: Protean
|-resisted|p2a: Raging Bolt
|-crit|p2a: Raging Bolt
|-damage|p2a: Raging Bolt|0 fnt
|faint|p2a: Raging Bolt
|-end|p2a: Raging Bolt|Protosynthesis|[silent]
|
|upkeep
|
|t:|1760807175
|switch|p2a: Slither Wing|Slither Wing|100/100
|turn|12
|
|t:|1760807181
|switch|p1a: Deoxys|Deoxys-Speed|91/100
|-damage|p1a: Deoxys|78/100|[from] Stealth Rock
|-ability|p1a: Deoxys|Pressure
|move|p2a: Slither Wing|First Impression|p1a: Deoxys
|-supereffective|p1a: Deoxys
|-damage|p1a: Deoxys|0 fnt
|faint|p1a: Deoxys
|
|upkeep
|
|t:|1760807185
|switch|p1a: Polteageist|Polteageist|100/100
|-damage|p1a: Polteageist|88/100|[from] Stealth Rock
|turn|13
|
|t:|1760807201
|move|p1a: Polteageist|Shell Smash|p1a: Polteageist
|-unboost|p1a: Polteageist|def|1
|-unboost|p1a: Polteageist|spd|1
|-boost|p1a: Polteageist|atk|2
|-boost|p1a: Polteageist|spa|2
|-boost|p1a: Polteageist|spe|2
|move|p2a: Slither Wing|Earthquake|p1a: Polteageist
|-damage|p1a: Polteageist|0 fnt
|faint|p1a: Polteageist
|
|upkeep
|
|t:|1760807209
|switch|p1a: Meowscarada|Meowscarada, F|88/100
|-damage|p1a: Meowscarada|76/100|[from] Stealth Rock
|turn|14
|
|t:|1760807229
|move|p1a: Meowscarada|Psycho Cut|p2a: Slither Wing
|-start|p1a: Meowscarada|typechange|Psychic|[from] ability: Protean
|-supereffective|p2a: Slither Wing
|-damage|p2a: Slither Wing|0 fnt
|faint|p2a: Slither Wing
|-end|p2a: Slither Wing|Protosynthesis|[silent]
|
|upkeep
|
|t:|1760807235
|switch|p2a: Walking Wake|Walking Wake|100/100
|turn|15
|
|t:|1760807250
|switch|p1a: Hawlucha|Hawlucha, M|100/100
|-damage|p1a: Hawlucha|88/100|[from] Stealth Rock
|move|p2a: Walking Wake|Thunderclap||[still]
|-fail|p2a: Walking Wake
|
|upkeep
|turn|16
|
|t:|1760807260
|move|p2a: Walking Wake|Hydro Steam|p1a: Hawlucha
|-damage|p1a: Hawlucha|24/100
|move|p1a: Hawlucha|Close Combat|p2a: Walking Wake
|-damage|p2a: Walking Wake|47/100
|-unboost|p1a: Hawlucha|def|1
|-unboost|p1a: Hawlucha|spd|1
|
|upkeep
|turn|17
|
|t:|1760807268
|move|p2a: Walking Wake|Hydro Steam|p1a: Hawlucha
|-damage|p1a: Hawlucha|0 fnt
|faint|p1a: Hawlucha
|
|upkeep
|
|t:|1760807272
|switch|p1a: Meowscarada|Meowscarada, F|76/100
|-damage|p1a: Meowscarada|64/100|[from] Stealth Rock
|turn|18
|
|t:|1760807278
|move|p2a: Walking Wake|Thunderclap|p1a: Meowscarada
|-resisted|p1a: Meowscarada
|-damage|p1a: Meowscarada|45/100
|move|p1a: Meowscarada|Flower Trick|p2a: Walking Wake
|-start|p1a: Meowscarada|typechange|Grass|[from] ability: Protean
|-crit|p2a: Walking Wake
|-damage|p2a: Walking Wake|0 fnt
|faint|p2a: Walking Wake
|-end|p2a: Walking Wake|Protosynthesis|[silent]
|
|win|MK29
|n|☆MK29|mk29
|n|☆grassystorm|grassystorm
|n|*Lady Monita ☀|ladymonita
|n| Prateekkp|prateekkp
