|j|☆jxrx
|j|☆jrg123
|t:|1760792579
|gametype|singles
|player|p1|jxrx|norman|1400
|player|p2|jrg123|265|1410
|gen|9
|tier|[Gen 9] OU
|rated|
|rule|HP Percentage Mod: HP is shown in percentages
|rule|Endless Battle Clause: Forcing endless battles is banned
|rule|Species Clause: Limit one of each Pokémon
|rule|OHKO Clause: OHKO moves are banned
|rule|Evasion Items Clause: Evasion items are banned
|rule|Evasion Moves Clause: Evasion moves are banned
|rule|Evasion Abilities Clause: Evasion abilities are banned
|rule|Sleep Moves Clause: Sleep-inducing moves are banned
|clearpoke
|poke|p1|Great Tusk|
|poke|p1|Vileplume, M|
|poke|p1|Houndoom, F|
|poke|p1|Dragapult, M|
|poke|p1|Gyarados, M|
|poke|p1|Pachirisu, F|
|poke|p2|Lokix, M|
|poke|p2|Cinderace, M|
|poke|p2|Great Tusk|
|poke|p2|Alomomola, F|
|poke|p2|Enamorus, F|
|poke|p2|Slowking-Galar, F|
|teampreview
|c|☆jrg123|you again
|inactive|Battle timer is ON: inactive players will automatically lose when time's up. (requested by jrg123)
|inactive|jxrx has 120 seconds left.
|inactive|jxrx has 90 seconds left.
|inactive|jxrx has 60 seconds left.
|inactive|jxrx has 30 seconds left.
|
|t:|1760792713
|teamsize|p1|6
|teamsize|p2|6
|start
|switch|p1a: Great Tusk|Great Tusk|100/100
|switch|p2a: Enamorus|Enamorus, F|100/100
|turn|1
|inactive|jxrx has 90 seconds left.
|
|t:|1760792724
|-end|p1a: Great Tusk|Protosynthesis|[silent]
|switch|p1a: Pachirisu|Pachirisu, F|100/100
|-terastallize|p2a: Enamorus|Stellar
|move|p2a: Enamorus|Tera Blast|p1a: Pachirisu|[anim] Tera Blast Stellar
|-damage|p1a: Pachirisu|76/100
|-boost|p2a: Enamorus|atk|1
|-boost|p2a: Enamorus|spa|1
|
|upkeep
|turn|2
|
|t:|1760792749
|switch|p2a: Great Tusk|Great Tusk|100/100
|move|p1a: Pachirisu|Nuzzle|p2a: Great Tusk
|-immune|p2a: Great Tusk
|
|upkeep
|turn|3
|
|t:|1760792761
|switch|p1a: Gyarados|Gyarados, M|100/100
|move|p2a: Great Tusk|Knock Off|p1a: Gyarados
|-damage|p1a: Gyarados|62/100
|-enditem|p1a: Gyarados|Lum Berry|[from] move: Knock Off|[of] p2a: Great Tusk
|
|upkeep
|turn|4
|
|t:|1760792767
|-end|p2a: Great Tusk|Protosynthesis|[silent]
|switch|p2a: Enamorus|Enamorus, F, tera:Stellar|100/100
|move|p1a: Gyarados|Dragon Dance|p1a: Gyarados
|-boost|p1a: Gyarados|atk|1
|-boost|p1a: Gyarados|spe|1
|
|upkeep
|turn|5
|
|t:|1760792780
|move|p2a: Enamorus|Tera Blast|p1a: Gyarados|[anim] Tera Blast Stellar
|-damage|p1a: Gyarados|25/100
|-boost|p2a: Enamorus|atk|1
|-boost|p2a: Enamorus|spa|1
|move|p1a: Gyarados|Waterfall|p2a: Enamorus
|-damage|p2a: Enamorus|0 fnt
|faint|p2a: Enamorus
|-ability|p1a: Gyarados|Moxie|boost
|-boost|p1a: Gyarados|atk|1
|
|upkeep
|
|t:|1760792785
|switch|p2a: Lokix|Lokix, M|100/100
|turn|6
|
|t:|1760792789
|switch|p1a: Vileplume|Vileplume, M|100/100
|move|p2a: Lokix|First Impression|p1a: Vileplume
|-damage|p1a: Vileplume|47/100
|-damage|p2a: Lokix|84/100|[from] item: Rocky Helmet|[of] p1a: Vileplume
|
|upkeep
|turn|7
|
|t:|1760792797
|switch|p2a: Slowking|Slowking-Galar, F|100/100
|move|p1a: Vileplume|Strength Sap|p2a: Slowking
|-unboost|p2a: Slowking|atk|1
|-heal|p1a: Vileplume|85/100
|
|upkeep
|turn|8
|
|t:|1760792803
|switch|p1a: Gyarados|Gyarados, M|25/100
|-prepare|p2a: Slowking|Chilly Reception|[premajor]
|move|p2a: Slowking|Chilly Reception|p2a: Slowking
|-weather|Snowscape
|
|t:|1760792807
|switch|p2a: Lokix|Lokix, M|84/100|[from] Chilly Reception
|
|-weather|Snowscape|[upkeep]
|upkeep
|turn|9
|
|t:|1760792811
|switch|p1a: Vileplume|Vileplume, M|85/100
|move|p2a: Lokix|Knock Off|p1a: Vileplume
|-damage|p1a: Vileplume|33/100
|-damage|p2a: Lokix|68/100|[from] item: Rocky Helmet|[of] p1a: Vileplume
|-enditem|p1a: Vileplume|Rocky Helmet|[from] move: Knock Off|[of] p2a: Lokix
|
|-weather|Snowscape|[upkeep]
|upkeep
|turn|10
|
|t:|1760792814
|switch|p2a: Slowking|Slowking-Galar, F|100/100
|move|p1a: Vileplume|Strength Sap|p2a: Slowking
|-unboost|p2a: Slowking|atk|1
|-heal|p1a: Vileplume|71/100
|
|-weather|Snowscape|[upkeep]
|upkeep
|turn|11
|
|t:|1760792819
|move|p1a: Vileplume|Strength Sap|p2a: Slowking
|-unboost|p2a: Slowking|atk|1
|-heal|p1a: Vileplume|97/100
|move|p2a: Slowking|Future Sight|p1a: Vileplume
|-start|p2a: Slowking|move: Future Sight
|
|-weather|Snowscape|[upkeep]
|upkeep
|turn|12
|
|t:|1760792824
|switch|p1a: Houndoom|Houndoom, F|100/100
|-prepare|p2a: Slowking|Chilly Reception|[premajor]
|move|p2a: Slowking|Chilly Reception|p2a: Slowking
|
|t:|1760792832
|switch|p2a: Alomomola|Alomomola, F|100/100|[from] Chilly Reception
|
|-weather|none
|upkeep
|turn|13
|
|t:|1760792859
|switch|p1a: Gyarados|Gyarados, M|25/100
|move|p2a: Alomomola|Flip Turn|p1a: Gyarados
|-resisted|p1a: Gyarados
|-damage|p1a: Gyarados|15/100
|
|t:|1760792865
|switch|p2a: Lokix|Lokix, M|68/100|[from] Flip Turn
|
|-end|p1a: Gyarados|move: Future Sight
|-damage|p1a: Gyarados|0 fnt
|faint|p1a: Gyarados
|upkeep
|
|t:|1760792869
|switch|p1a: Vileplume|Vileplume, M|97/100
|turn|14
|
|t:|1760792873
|switch|p2a: Slowking|Slowking-Galar, F|100/100
|move|p1a: Vileplume|Leech Seed|p2a: Slowking
|-start|p2a: Slowking|move: Leech Seed
|
|-damage|p2a: Slowking|88/100|[from] Leech Seed|[of] p1a: Vileplume
|-heal|p1a: Vileplume|100/100|[silent]
|upkeep
|turn|15
|
|t:|1760792878
|switch|p1a: Pachirisu|Pachirisu, F|76/100
|move|p2a: Slowking|Future Sight|p1a: Pachirisu
|-start|p2a: Slowking|move: Future Sight
|
|-damage|p2a: Slowking|76/100|[from] Leech Seed|[of] p1a: Pachirisu
|-heal|p1a: Pachirisu|91/100|[silent]
|upkeep
|turn|16
|
|t:|1760792887
|move|p1a: Pachirisu|Super Fang|p2a: Slowking
|-damage|p2a: Slowking|38/100
|-prepare|p2a: Slowking|Chilly Reception|[premajor]
|move|p2a: Slowking|Chilly Reception|p2a: Slowking
|-weather|Snowscape
|
|t:|1760792893
|switch|p2a: Lokix|Lokix, M|68/100|[from] Chilly Reception
|
|-weather|Snowscape|[upkeep]
|upkeep
|turn|17
|
|t:|1760792900
|move|p2a: Lokix|Leech Life|p1a: Pachirisu
|-damage|p1a: Pachirisu|11/100
|-heal|p2a: Lokix|100/100|[from] drain|[of] p1a: Pachirisu
|move|p1a: Pachirisu|Nuzzle|p2a: Lokix
|-damage|p2a: Lokix|94/100
|-status|p2a: Lokix|par
|
|-weather|Snowscape|[upkeep]
|-end|p1a: Pachirisu|move: Future Sight
|-damage|p1a: Pachirisu|0 fnt
|faint|p1a: Pachirisu
|upkeep
|
|t:|1760792907
|switch|p1a: Houndoom|Houndoom, F|100/100
|turn|18
|
|t:|1760792911
|switch|p1a: Dragapult|Dragapult, M|100/100
|switch|p2a: Alomomola|Alomomola, F|100/100
|
|-weather|Snowscape|[upkeep]
|upkeep
|turn|19
|
|t:|1760792914
|move|p1a: Dragapult|Substitute|p1a: Dragapult
|-start|p1a: Dragapult|Substitute
|-damage|p1a: Dragapult|76/100
|move|p2a: Alomomola|Flip Turn|p1a: Dragapult
|-resisted|p1a: Dragapult
|-activate|p1a: Dragapult|move: Substitute|[damage]
|
|t:|1760792917
|switch|p2a: Great Tusk|Great Tusk|100/100|[from] Flip Turn
|
|-weather|Snowscape|[upkeep]
|-heal|p1a: Dragapult|82/100|[from] item: Leftovers
|upkeep
|turn|20
|
|t:|1760792920
|move|p1a: Dragapult|Dragon Darts|p2a: Great Tusk
|-damage|p2a: Great Tusk|86/100
|-anim|p1a: Dragapult|Dragon Darts|p2a: Great Tusk
|-damage|p2a: Great Tusk|73/100
|move|p2a: Great Tusk|Knock Off|p1a: Dragapult
|-supereffective|p1a: Dragapult
|-end|p1a: Dragapult|Substitute
|
|-weather|none
|-heal|p1a: Dragapult|88/100|[from] item: Leftovers
|-heal|p2a: Great Tusk|80/100|[from] item: Leftovers
|upkeep
|turn|21
|
|t:|1760792925
|switch|p1a: Vileplume|Vileplume, M|100/100
|move|p2a: Great Tusk|Bulk Up|p2a: Great Tusk
|-boost|p2a: Great Tusk|atk|1
|-boost|p2a: Great Tusk|def|1
|
|-heal|p2a: Great Tusk|86/100|[from] item: Leftovers
|upkeep
|turn|22
|
|t:|1760792932
|-end|p2a: Great Tusk|Protosynthesis|[silent]
|switch|p2a: Slowking|Slowking-Galar, F|71/100
|move|p1a: Vileplume|Giga Drain|p2a: Slowking
|-resisted|p2a: Slowking
|-damage|p2a: Slowking|60/100
|
|upkeep
|turn|23
|
|t:|1760792936
|switch|p1a: Houndoom|Houndoom, F|100/100
|move|p2a: Slowking|Future Sight|p1a: Houndoom
|-start|p2a: Slowking|move: Future Sight
|
|upkeep
|turn|24
|
|t:|1760792942
|move|p1a: Houndoom|Dark Pulse|p2a: Slowking
|-supereffective|p2a: Slowking
|-damage|p2a: Slowking|2/100
|-prepare|p2a: Slowking|Chilly Reception|[premajor]
|move|p2a: Slowking|Chilly Reception|p2a: Slowking
|-weather|Snowscape
|
|t:|1760792948
|switch|p2a: Lokix|Lokix, M|94/100 par|[from] Chilly Reception
|
|-weather|Snowscape|[upkeep]
|upkeep
|turn|25
|
|t:|1760792952
|move|p2a: Lokix|First Impression|p1a: Houndoom
|-enditem|p1a: Houndoom|Focus Sash
|-damage|p1a: Houndoom|1/100
|move|p1a: Houndoom|Flamethrower|p2a: Lokix
|-supereffective|p2a: Lokix
|-damage|p2a: Lokix|0 fnt
|faint|p2a: Lokix
|
|-weather|Snowscape|[upkeep]
|-end|p1a: Houndoom|move: Future Sight
|-immune|p1a: Houndoom
|upkeep
|
|t:|1760792959
|switch|p2a: Cinderace|Cinderace, M|100/100
|turn|26
|
|t:|1760792966
|switch|p1a: Vileplume|Vileplume, M|100/100
|move|p2a: Cinderace|U-turn|p1a: Vileplume
|-damage|p1a: Vileplume|87/100
|
|t:|1760792970
|switch|p2a: Slowking|Slowking-Galar, F|35/100|[from] U-turn
|
|-weather|Snowscape|[upkeep]
|upkeep
|turn|27
|
|t:|1760792973
|switch|p1a: Houndoom|Houndoom, F|1/100
|switch|p2a: Cinderace|Cinderace, M|100/100
|
|-weather|Snowscape|[upkeep]
|upkeep
|turn|28
|
|t:|1760792978
|move|p2a: Cinderace|U-turn|p1a: Houndoom
|-damage|p1a: Houndoom|0 fnt
|faint|p1a: Houndoom
|
|t:|1760792985
|switch|p2a: Alomomola|Alomomola, F|100/100|[from] U-turn
|
|-weather|none
|upkeep
|
|t:|1760792988
|switch|p1a: Dragapult|Dragapult, M|88/100
|turn|29
|
|t:|1760792992
|move|p1a: Dragapult|Substitute|p1a: Dragapult
|-start|p1a: Dragapult|Substitute
|-damage|p1a: Dragapult|63/100
|move|p2a: Alomomola|Flip Turn|p1a: Dragapult
|-resisted|p1a: Dragapult
|-activate|p1a: Dragapult|move: Substitute|[damage]
|
|t:|1760792994
|switch|p2a: Great Tusk|Great Tusk|86/100|[from] Flip Turn
|
|-heal|p1a: Dragapult|69/100|[from] item: Leftovers
|-heal|p2a: Great Tusk|92/100|[from] item: Leftovers
|upkeep
|turn|30
|
|t:|1760792998
|move|p1a: Dragapult|Phantom Force||[still]
|-prepare|p1a: Dragapult|Phantom Force
|move|p2a: Great Tusk|Earthquake|p1a: Dragapult|[miss]
|-miss|p2a: Great Tusk|p1a: Dragapult
|
|-heal|p1a: Dragapult|75/100|[from] item: Leftovers
|-heal|p2a: Great Tusk|98/100|[from] item: Leftovers
|upkeep
|turn|31
|
|t:|1760793001
|move|p1a: Dragapult|Phantom Force|p2a: Great Tusk|[from] lockedmove
|-damage|p2a: Great Tusk|77/100
|move|p2a: Great Tusk|Earthquake|p1a: Dragapult
|-end|p1a: Dragapult|Substitute
|
|-heal|p1a: Dragapult|81/100|[from] item: Leftovers
|-heal|p2a: Great Tusk|83/100|[from] item: Leftovers
|upkeep
|turn|32
|
|t:|1760793008
|switch|p1a: Great Tusk|Great Tusk|100/100
|move|p2a: Great Tusk|Earthquake|p1a: Great Tusk
|-damage|p1a: Great Tusk|78/100
|
|-heal|p2a: Great Tusk|89/100|[from] item: Leftovers
|upkeep
|turn|33
|
|t:|1760793013
|move|p2a: Great Tusk|Bulk Up|p2a: Great Tusk
|-boost|p2a: Great Tusk|atk|1
|-boost|p2a: Great Tusk|def|1
|move|p1a: Great Tusk|Knock Off|p2a: Great Tusk
|-resisted|p2a: Great Tusk
|-damage|p2a: Great Tusk|84/100
|-enditem|p2a: Great Tusk|Leftovers|[from] move: Knock Off|[of] p1a: Great Tusk
|
|upkeep
|turn|34
|inactive|jxrx has 120 seconds left.
|c|☆jrg123|gg buddy
|c|☆jrg123|that vileplume goes hard
|c|☆jrg123|really messes with my u turn strategy
|inactive|jxrx has 90 seconds left.
|
|t:|1760793087
|-end|p1a: Great Tusk|Protosynthesis|[silent]
|switch|p1a: Vileplume|Vileplume, M|87/100
|move|p2a: Great Tusk|Earthquake|p1a: Vileplume
|-damage|p1a: Vileplume|34/100
|
|upkeep
|turn|35
|c|☆jxrx|that's why i use it
|c|☆jxrx|but the rest of the team isn't good
|inactive|jrg123 has 120 seconds left.
|c|☆jxrx|i have to make changes
|c|☆jxrx|gg
|-message|jxrx forfeited.
|
|win|jrg123
|raw|jxrx's rating: 1400 &rarr; <strong>1381</strong><br />(-19 for losing)
|raw|jrg123's rating: 1410 &rarr; <strong>1429</strong><br />(+19 for winning)
|l|☆jxrx
|player|p1|
