|badge|p1|bronze|gen9ou|100-7
|uhtml|medal-msg|<div class="broadcast-blue">Curious what those medals under the avatar are? PS now has Ladder Seasons! For more information, check out the <a href="https://www.smogon.com/forums/threads/3740067/">thread on Smogon.</a></div>
|j|☆Sanesa8724
|j|☆Auburn Hills
|t:|1760798109
|gametype|singles
|player|p1|Sanesa8724|2|1865
|player|p2|Auburn Hills|alder|1792
|gen|9
|tier|[Gen 9] OU
|rated|
|rule|HP Percentage Mod: HP is shown in percentages
|rule|Endless Battle Clause: Forcing endless battles is banned
|rule|Species Clause: Limit one of each Pokémon
|rule|OHKO Clause: OHKO moves are banned
|rule|Evasion Items Clause: Evasion items are banned
|rule|Evasion Moves Clause: Evasion moves are banned
|rule|Evasion Abilities Clause: Evasion abilities are banned
|rule|Sleep Moves Clause: Sleep-inducing moves are banned
|clearpoke
|poke|p1|Rillaboom, F|
|poke|p1|Zamazenta-*|
|poke|p1|Ogerpon, F|
|poke|p1|Moltres|
|poke|p1|Iron Treads|
|poke|p1|Gholdengo|
|poke|p2|Iron Moth|
|poke|p2|Umbreon, M|
|poke|p2|Garchomp, M|
|poke|p2|Glimmora, F|
|poke|p2|Gholdengo|
|poke|p2|Dragonite, M|
|teampreview
|c|☆Sanesa8724|Glhf
|j| coralvolar
|j| woairibi
|
|t:|1760798174
|teamsize|p1|6
|teamsize|p2|6
|start
|switch|p1a: Rillaboom|Rillaboom, F|100/100
|switch|p2a: Rat Tally|Garchomp, M|100/100
|-fieldstart|move: Grassy Terrain|[from] ability: Grassy Surge|[of] p1a: Rillaboom
|turn|1
|
|t:|1760798181
|move|p1a: Rillaboom|Grassy Glide|p2a: Rat Tally
|-damage|p2a: Rat Tally|58/100
|-damage|p1a: Rillaboom|88/100|[from] ability: Rough Skin|[of] p2a: Rat Tally
|move|p2a: Rat Tally|Scale Shot|p1a: Rillaboom
|-damage|p1a: Rillaboom|75/100
|-damage|p1a: Rillaboom|63/100
|-damage|p1a: Rillaboom|49/100
|-crit|p1a: Rillaboom
|-damage|p1a: Rillaboom|29/100
|-damage|p1a: Rillaboom|15/100
|-hitcount|p1a: Rillaboom|5
|-unboost|p2a: Rat Tally|def|1
|-boost|p2a: Rat Tally|spe|1
|
|-heal|p2a: Rat Tally|64/100|[from] Grassy Terrain
|-heal|p1a: Rillaboom|21/100|[from] Grassy Terrain
|upkeep
|turn|2
|
|t:|1760798194
|switch|p2a: Julia Jacklin|Glimmora, F|100/100
|move|p1a: Rillaboom|Grassy Glide|p2a: Julia Jacklin
|-damage|p2a: Julia Jacklin|55/100
|-activate|p2a: Julia Jacklin|ability: Toxic Debris
|-sidestart|p1: Sanesa8724|move: Toxic Spikes
|
|-heal|p2a: Julia Jacklin|62/100|[from] Grassy Terrain
|-heal|p1a: Rillaboom|28/100|[from] Grassy Terrain
|upkeep
|turn|3
|
|t:|1760798202
|switch|p1a: Iron Treads|Iron Treads|100/100
|move|p2a: Julia Jacklin|Earth Power|p1a: Iron Treads
|-supereffective|p1a: Iron Treads
|-damage|p1a: Iron Treads|43/100
|-unboost|p1a: Iron Treads|spd|1
|
|-heal|p1a: Iron Treads|49/100|[from] Grassy Terrain
|-heal|p1a: Iron Treads|55/100|[from] item: Leftovers
|-heal|p2a: Julia Jacklin|68/100|[from] Grassy Terrain
|upkeep
|turn|4
|
|t:|1760798208
|move|p1a: Iron Treads|High Horsepower|p2a: Julia Jacklin
|-supereffective|p2a: Julia Jacklin
|-damage|p2a: Julia Jacklin|0 fnt
|-activate|p2a: Julia Jacklin|ability: Toxic Debris
|-sidestart|p1: Sanesa8724|move: Toxic Spikes
|faint|p2a: Julia Jacklin
|
|-heal|p1a: Iron Treads|61/100|[from] Grassy Terrain
|-heal|p1a: Iron Treads|68/100|[from] item: Leftovers
|upkeep
|
|t:|1760798215
|switch|p2a: Smino|Gholdengo|100/100
|turn|5
|
|t:|1760798217
|-end|p1a: Iron Treads|Quark Drive|[silent]
|switch|p1a: Moltres|Moltres|100/100
|move|p2a: Smino|Shadow Ball|p1a: Moltres
|-damage|p1a: Moltres|72/100
|
|upkeep
|turn|6
|
|t:|1760798220
|move|p2a: Smino|Shadow Ball|p1a: Moltres
|-damage|p1a: Moltres|39/100
|move|p1a: Moltres|U-turn|p2a: Smino
|-resisted|p2a: Smino
|-damage|p2a: Smino|97/100
|
|t:|1760798224
|switch|p1a: Iron Treads|Iron Treads|68/100|[from] U-turn
|
|-heal|p2a: Smino|100/100|[from] Grassy Terrain
|-heal|p1a: Iron Treads|74/100|[from] Grassy Terrain
|-heal|p1a: Iron Treads|80/100|[from] item: Leftovers
|upkeep
|turn|7
|
|t:|1760798226
|move|p2a: Smino|Shadow Ball|p1a: Iron Treads
|-damage|p1a: Iron Treads|40/100
|move|p1a: Iron Treads|Knock Off|p2a: Smino
|-supereffective|p2a: Smino
|-damage|p2a: Smino|45/100
|-enditem|p2a: Smino|Choice Scarf|[from] move: Knock Off|[of] p1a: Iron Treads
|
|-heal|p1a: Iron Treads|47/100|[from] Grassy Terrain
|-heal|p1a: Iron Treads|53/100|[from] item: Leftovers
|-heal|p2a: Smino|51/100|[from] Grassy Terrain
|upkeep
|turn|8
|
|t:|1760798237
|move|p1a: Iron Treads|Stealth Rock|p2a: Smino
|-sidestart|p2: Auburn Hills|move: Stealth Rock
|move|p2a: Smino|Shadow Ball|p1a: Iron Treads
|-damage|p1a: Iron Treads|9/100
|
|-heal|p1a: Iron Treads|15/100|[from] Grassy Terrain
|-heal|p1a: Iron Treads|21/100|[from] item: Leftovers
|-heal|p2a: Smino|57/100|[from] Grassy Terrain
|-fieldend|move: Grassy Terrain
|upkeep
|turn|9
|
|t:|1760798240
|move|p1a: Iron Treads|High Horsepower|p2a: Smino
|-supereffective|p2a: Smino
|-damage|p2a: Smino|0 fnt
|faint|p2a: Smino
|
|-heal|p1a: Iron Treads|28/100|[from] item: Leftovers
|upkeep
|
|t:|1760798243
|switch|p2a: Carly Rae|Iron Moth|100/100
|-damage|p2a: Carly Rae|76/100|[from] Stealth Rock
|-enditem|p2a: Carly Rae|Booster Energy
|-activate|p2a: Carly Rae|ability: Quark Drive|[fromitem]
|-start|p2a: Carly Rae|quarkdrivespe
|turn|10
|
|t:|1760798251
|-terastallize|p1a: Iron Treads|Water
|move|p2a: Carly Rae|Fiery Dance|p1a: Iron Treads
|-resisted|p1a: Iron Treads
|-damage|p1a: Iron Treads|7/100
|move|p1a: Iron Treads|High Horsepower|p2a: Carly Rae
|-supereffective|p2a: Carly Rae
|-damage|p2a: Carly Rae|0 fnt
|faint|p2a: Carly Rae
|-end|p2a: Carly Rae|Quark Drive|[silent]
|
|-heal|p1a: Iron Treads|13/100|[from] item: Leftovers
|upkeep
|
|t:|1760798255
|switch|p2a: Elucid|Dragonite, M|100/100
|turn|11
|
|t:|1760798267
|move|p2a: Elucid|Extreme Speed|p1a: Iron Treads
|-damage|p1a: Iron Treads|0 fnt
|faint|p1a: Iron Treads
|-end|p1a: Iron Treads|Quark Drive|[silent]
|
|upkeep
|j| Scoob252525
|
|t:|1760798272
|switch|p1a: Rillaboom|Rillaboom, F|28/100
|-status|p1a: Rillaboom|tox
|-fieldstart|move: Grassy Terrain|[from] ability: Grassy Surge|[of] p1a: Rillaboom
|turn|12
|
|t:|1760798275
|switch|p1a: Gholdengo|Gholdengo|100/100
|-enditem|p1a: Gholdengo|Grassy Seed
|-boost|p1a: Gholdengo|def|1|[from] item: Grassy Seed
|move|p2a: Elucid|Extreme Speed|p1a: Gholdengo
|-immune|p1a: Gholdengo
|
|upkeep
|turn|13
|
|t:|1760798280
|move|p2a: Elucid|Ice Spinner|p1a: Gholdengo
|-resisted|p1a: Gholdengo
|-damage|p1a: Gholdengo|90/100
|-fieldend|move: Grassy Terrain
|move|p1a: Gholdengo|Shadow Ball|p2a: Elucid
|-damage|p2a: Elucid|75/100
|
|upkeep
|turn|14
|
|t:|1760798288
|move|p2a: Elucid|Earthquake|p1a: Gholdengo
|-supereffective|p1a: Gholdengo
|-damage|p1a: Gholdengo|38/100
|move|p1a: Gholdengo|Make It Rain|p2a: Elucid
|-damage|p2a: Elucid|6/100
|-unboost|p1a: Gholdengo|spa|1
|
|upkeep
|turn|15
|
|t:|1760798294
|move|p2a: Elucid|Earthquake|p1a: Gholdengo
|-supereffective|p1a: Gholdengo
|-damage|p1a: Gholdengo|0 fnt
|faint|p1a: Gholdengo
|
|upkeep
|
|t:|1760798298
|switch|p1a: Zamazenta|Zamazenta|100/100
|-status|p1a: Zamazenta|tox
|-ability|p1a: Zamazenta|Dauntless Shield|boost
|-boost|p1a: Zamazenta|def|1
|turn|16
|
|t:|1760798303
|move|p2a: Elucid|Extreme Speed|p1a: Zamazenta
|-damage|p1a: Zamazenta|85/100 tox
|move|p1a: Zamazenta|Iron Defense|p1a: Zamazenta
|-boost|p1a: Zamazenta|def|2
|
|-heal|p1a: Zamazenta|91/100 tox|[from] item: Leftovers
|-damage|p1a: Zamazenta|85/100 tox|[from] psn
|upkeep
|turn|17
|
|t:|1760798309
|move|p2a: Elucid|Extreme Speed|p1a: Zamazenta
|-damage|p1a: Zamazenta|75/100 tox
|move|p1a: Zamazenta|Body Press|p2a: Elucid
|-resisted|p2a: Elucid
|-damage|p2a: Elucid|0 fnt
|faint|p2a: Elucid
|
|-heal|p1a: Zamazenta|81/100 tox|[from] item: Leftovers
|-damage|p1a: Zamazenta|69/100 tox|[from] psn
|upkeep
|j| jimmy powka
|
|t:|1760798316
|switch|p2a: Alvvays|Umbreon, M|100/100
|-damage|p2a: Alvvays|88/100|[from] Stealth Rock
|turn|18
|
|t:|1760798321
|move|p2a: Alvvays|Protect|p2a: Alvvays
|-singleturn|p2a: Alvvays|Protect
|move|p1a: Zamazenta|Iron Defense|p1a: Zamazenta
|-boost|p1a: Zamazenta|def|2
|
|-heal|p1a: Zamazenta|75/100 tox|[from] item: Leftovers
|-heal|p2a: Alvvays|94/100|[from] item: Leftovers
|-damage|p1a: Zamazenta|57/100 tox|[from] psn
|upkeep
|turn|19
|-message|Auburn Hills forfeited.
|
|win|Sanesa8724
|raw|Sanesa8724's rating: 1865 &rarr; <strong>1881</strong><br />(+16 for winning)
|raw|Auburn Hills's rating: 1792 &rarr; <strong>1776</strong><br />(-16 for losing)
|l|☆Auburn Hills
|player|p2|
|l| woairibi
|c|☆Sanesa8724|Gg
|l|☆Sanesa8724
|player|p1|
|l| jimmy powka
