|j|☆Pig Perfect
|j|☆bellaisbad
|t:|1760820565
|gametype|singles
|player|p1|Pig Perfect|workerice|1588
|player|p2|bellaisbad|sabrina|1548
|gen|9
|tier|[Gen 9] OU
|rated|
|rule|HP Percentage Mod: HP is shown in percentages
|rule|Endless Battle Clause: Forcing endless battles is banned
|rule|Species Clause: Limit one of each Pokémon
|rule|OHKO Clause: OHKO moves are banned
|rule|Evasion Items Clause: Evasion items are banned
|rule|Evasion Moves Clause: Evasion moves are banned
|rule|Evasion Abilities Clause: Evasion abilities are banned
|rule|Sleep Moves Clause: Sleep-inducing moves are banned
|clearpoke
|poke|p1|Alomomola, F|
|poke|p1|Hatterene, F|
|poke|p1|Kingambit, F|
|poke|p1|Magnezone|
|poke|p1|Rillaboom, F|
|poke|p1|Talonflame, M|
|poke|p2|Orthworm, F|
|poke|p2|Clodsire, F|
|poke|p2|Pecharunt|
|poke|p2|Great Tusk|
|poke|p2|Slowking, F|
|poke|p2|Weavile, F|
|teampreview
|
|t:|1760820646
|teamsize|p1|6
|teamsize|p2|6
|start
|switch|p1a: Not quite my tempo|Rillaboom, F|100/100
|switch|p2a: Pecharunt|Pecharunt|100/100
|-fieldstart|move: Grassy Terrain|[from] ability: Grassy Surge|[of] p1a: Not quite my tempo
|turn|1
|
|t:|1760820654
|switch|p1a: Steel MagnZolias|Magnezone|100/100
|move|p2a: Pecharunt|Malignant Chain|p1a: Steel MagnZolias
|-immune|p1a: Steel MagnZolias
|
|upkeep
|turn|2
|
|t:|1760820660
|move|p2a: Pecharunt|Parting Shot|p1a: Steel MagnZolias
|-unboost|p1a: Steel MagnZolias|atk|1
|-unboost|p1a: Steel MagnZolias|spa|1
|
|t:|1760820664
|switch|p2a: Clodsire|Clodsire, F|100/100|[from] Parting Shot
|move|p1a: Steel MagnZolias|Steel Beam|p2a: Clodsire
|-damage|p2a: Clodsire|22/100
|-damage|p1a: Steel MagnZolias|50/100|[from] steelbeam
|
|-heal|p1a: Steel MagnZolias|57/100|[from] Grassy Terrain
|-heal|p2a: Clodsire|28/100|[from] Grassy Terrain
|upkeep
|turn|3
|
|t:|1760820671
|move|p1a: Steel MagnZolias|Steel Beam|p2a: Clodsire
|-damage|p2a: Clodsire|0 fnt
|-damage|p1a: Steel MagnZolias|7/100|[from] steelbeam
|faint|p2a: Clodsire
|
|-heal|p1a: Steel MagnZolias|13/100|[from] Grassy Terrain
|upkeep
|
|t:|1760820676
|switch|p2a: Weavile|Weavile, F|100/100
|-ability|p2a: Weavile|Pressure
|turn|4
|
|t:|1760820684
|switch|p1a: Bepto Pismola|Alomomola, F|100/100
|move|p2a: Weavile|Knock Off|p1a: Bepto Pismola
|-damage|p1a: Bepto Pismola|73/100
|-enditem|p1a: Bepto Pismola|Heavy-Duty Boots|[from] move: Knock Off|[of] p2a: Weavile
|
|-heal|p1a: Bepto Pismola|80/100|[from] Grassy Terrain
|upkeep
|turn|5
|
|t:|1760820688
|move|p2a: Weavile|Swords Dance|p2a: Weavile
|-boost|p2a: Weavile|atk|2
|move|p1a: Bepto Pismola|Wish|p1a: Bepto Pismola
|
|-heal|p1a: Bepto Pismola|86/100|[from] Grassy Terrain
|-fieldend|move: Grassy Terrain
|upkeep
|turn|6
|
|t:|1760820698
|move|p2a: Weavile|Swords Dance|p2a: Weavile
|-boost|p2a: Weavile|atk|2
|move|p1a: Bepto Pismola|Tickle|p2a: Weavile
|-unboost|p2a: Weavile|atk|1
|-unboost|p2a: Weavile|def|1
|
|-heal|p1a: Bepto Pismola|100/100|[from] move: Wish|[wisher] Bepto Pismola
|upkeep
|turn|7
|
|t:|1760820704
|move|p2a: Weavile|Swords Dance|p2a: Weavile
|-boost|p2a: Weavile|atk|2
|move|p1a: Bepto Pismola|Tickle|p2a: Weavile
|-unboost|p2a: Weavile|atk|1
|-unboost|p2a: Weavile|def|1
|
|upkeep
|turn|8
|
|t:|1760820713
|move|p2a: Weavile|Triple Axel|p1a: Bepto Pismola
|-resisted|p1a: Bepto Pismola
|-damage|p1a: Bepto Pismola|93/100
|-resisted|p1a: Bepto Pismola
|-damage|p1a: Bepto Pismola|78/100
|-resisted|p1a: Bepto Pismola
|-damage|p1a: Bepto Pismola|54/100
|-hitcount|p1a: Bepto Pismola|3
|move|p1a: Bepto Pismola|Wish|p1a: Bepto Pismola
|
|upkeep
|turn|9
|
|t:|1760820720
|move|p1a: Bepto Pismola|Protect|p1a: Bepto Pismola
|-singleturn|p1a: Bepto Pismola|Protect
|move|p2a: Weavile|Swords Dance|p2a: Weavile
|-boost|p2a: Weavile|atk|2
|
|-heal|p1a: Bepto Pismola|100/100|[from] move: Wish|[wisher] Bepto Pismola
|upkeep
|turn|10
|
|t:|1760820724
|move|p2a: Weavile|Triple Axel|p1a: Bepto Pismola
|-resisted|p1a: Bepto Pismola
|-damage|p1a: Bepto Pismola|90/100
|-resisted|p1a: Bepto Pismola
|-damage|p1a: Bepto Pismola|67/100
|-resisted|p1a: Bepto Pismola
|-damage|p1a: Bepto Pismola|34/100
|-hitcount|p1a: Bepto Pismola|3
|move|p1a: Bepto Pismola|Flip Turn|p2a: Weavile
|-damage|p2a: Weavile|41/100
|
|t:|1760820731
|switch|p1a: So ein Mist|Kingambit, F|100/100|[from] Flip Turn
|
|upkeep
|turn|11
|
|t:|1760820735
|move|p1a: So ein Mist|Sucker Punch|p2a: Weavile
|-resisted|p2a: Weavile
|-damage|p2a: Weavile|0 fnt
|faint|p2a: Weavile
|
|upkeep
|-message|bellaisbad forfeited.
|
|win|Pig Perfect
|raw|Pig Perfect's rating: 1588 &rarr; <strong>1606</strong><br />(+18 for winning)
|raw|bellaisbad's rating: 1548 &rarr; <strong>1530</strong><br />(-18 for losing)
|l|☆bellaisbad
|player|p2|
|l|☆Pig Perfect
|player|p1|
