|j|☆Log God Neo✈️_✈️
|j|‽shindig42
|t:|1760849357
|gametype|singles
|player|p1|Log God Neo✈️_✈️|medium|1452
|player|p2|shindig42|brycen|1396
|gen|9
|tier|[Gen 9] OU
|rated|
|rule|HP Percentage Mod: HP is shown in percentages
|rule|Endless Battle Clause: Forcing endless battles is banned
|rule|Species Clause: Limit one of each Pokémon
|rule|OHKO Clause: OHKO moves are banned
|rule|Evasion Items Clause: Evasion items are banned
|rule|Evasion Moves Clause: Evasion moves are banned
|rule|Evasion Abilities Clause: Evasion abilities are banned
|rule|Sleep Moves Clause: Sleep-inducing moves are banned
|clearpoke
|poke|p1|Tyranitar, F|
|poke|p1|Kyurem|
|poke|p1|Staraptor, M|
|poke|p1|Garchomp, M|
|poke|p1|Torkoal, M|
|poke|p1|Dragonite, M|
|poke|p2|Corviknight, F|
|poke|p2|Slowking-Galar, M|
|poke|p2|Landorus-Therian, M|
|poke|p2|Cinderace, M|
|poke|p2|Darkrai|
|poke|p2|Samurott-Hisui, M|
|teampreview
|inactive|Battle timer is ON: inactive players will automatically lose when time's up. (requested by Log God Neo✈️_✈️)
|
|t:|1760849367
|teamsize|p1|6
|teamsize|p2|6
|start
|switch|p1a: VODECi III|Kyurem, shiny|100/100
|switch|p2a: Landorus|Landorus-Therian, M|100/100
|-ability|p2a: Landorus|Intimidate|boost
|-unboost|p1a: VODECi III|atk|1
|-ability|p1a: VODECi III|Pressure
|turn|1
|
|t:|1760849377
|move|p2a: Landorus|U-turn|p1a: VODECi III
|-damage|p1a: VODECi III|75/100
|
|t:|1760849381
|switch|p2a: Corviknight|Corviknight, F|100/100|[from] U-turn
|-ability|p2a: Corviknight|Pressure
|move|p1a: VODECi III|Draco Meteor|p2a: Corviknight
|-resisted|p2a: Corviknight
|-damage|p2a: Corviknight|54/100
|-unboost|p1a: VODECi III|spa|2
|
|upkeep
|turn|2
|
|t:|1760849392
|switch|p1a: I HAVE NO ENEMIES|Garchomp, M|100/100
|move|p2a: Corviknight|Roost|p2a: Corviknight
|-heal|p2a: Corviknight|100/100
|-singleturn|p2a: Corviknight|move: Roost
|
|upkeep
|turn|3
|
|t:|1760849401
|move|p1a: I HAVE NO ENEMIES|Stealth Rock|p2a: Corviknight
|-sidestart|p2: shindig42|move: Stealth Rock
|move|p2a: Corviknight|Iron Defense|p2a: Corviknight
|-boost|p2a: Corviknight|def|2
|
|upkeep
|turn|4
|
|t:|1760849404
|switch|p1a: OVO CHUBBS|Torkoal, M, shiny|100/100
|-weather|SunnyDay|[from] ability: Drought|[of] p1a: OVO CHUBBS
|move|p2a: Corviknight|Iron Defense|p2a: Corviknight
|-boost|p2a: Corviknight|def|2
|
|-weather|SunnyDay|[upkeep]
|upkeep
|turn|5
|
|t:|1760849408
|move|p2a: Corviknight|U-turn|p1a: OVO CHUBBS
|-resisted|p1a: OVO CHUBBS
|-damage|p1a: OVO CHUBBS|97/100
|
|t:|1760849411
|switch|p2a: Cinderace|Cinderace, M|100/100|[from] U-turn
|move|p1a: OVO CHUBBS|Lava Plume|p2a: Cinderace
|-resisted|p2a: Cinderace
|-damage|p2a: Cinderace|74/100
|
|-weather|SunnyDay|[upkeep]
|upkeep
|turn|6
|
|t:|1760849415
|move|p2a: Cinderace|Court Change|p2a: Cinderace
|-start|p2a: Cinderace|typechange|Normal|[from] ability: Libero
|-swapsideconditions
|-activate|p2a: Cinderace|move: Court Change
|move|p1a: OVO CHUBBS|Will-O-Wisp|p2a: Cinderace
|-status|p2a: Cinderace|brn
|
|-weather|SunnyDay|[upkeep]
|-damage|p2a: Cinderace|68/100 brn|[from] brn
|upkeep
|turn|7
|
|t:|1760849422
|switch|p1a: I HAVE NO ENEMIES|Garchomp, M|100/100
|-damage|p1a: I HAVE NO ENEMIES|94/100|[from] Stealth Rock
|move|p2a: Cinderace|Pyro Ball|p1a: I HAVE NO ENEMIES
|-resisted|p1a: I HAVE NO ENEMIES
|-damage|p1a: I HAVE NO ENEMIES|85/100
|
|-weather|SunnyDay|[upkeep]
|-damage|p2a: Cinderace|62/100 brn|[from] brn
|upkeep
|turn|8
|
|t:|1760849432
|move|p2a: Cinderace|U-turn|p1a: I HAVE NO ENEMIES
|-damage|p1a: I HAVE NO ENEMIES|78/100
|-damage|p2a: Cinderace|49/100 brn|[from] ability: Rough Skin|[of] p1a: I HAVE NO ENEMIES
|-damage|p2a: Cinderace|33/100 brn|[from] item: Rocky Helmet|[of] p1a: I HAVE NO ENEMIES
|
|t:|1760849439
|switch|p2a: Darkrai|Darkrai|100/100|[from] U-turn
|move|p1a: I HAVE NO ENEMIES|Stealth Rock|p2a: Darkrai
|-sidestart|p2: shindig42|move: Stealth Rock
|
|-weather|none
|upkeep
|turn|9
|
|t:|1760849446
|switch|p1a: DA LAST REX(3005)|Tyranitar, F, shiny|100/100
|-damage|p1a: DA LAST REX(3005)|88/100|[from] Stealth Rock
|-weather|Sandstorm|[from] ability: Sand Stream|[of] p1a: DA LAST REX(3005)
|move|p2a: Darkrai|Dark Pulse|p1a: DA LAST REX(3005)
|-resisted|p1a: DA LAST REX(3005)
|-crit|p1a: DA LAST REX(3005)
|-damage|p1a: DA LAST REX(3005)|74/100
|
|-weather|Sandstorm|[upkeep]
|-damage|p2a: Darkrai|94/100|[from] Sandstorm
|upkeep
|turn|10
|
|t:|1760849457
|switch|p2a: Cinderace|Cinderace, M|33/100 brn
|move|p1a: DA LAST REX(3005)|Knock Off|p2a: Cinderace
|-damage|p2a: Cinderace|0 fnt
|-enditem|p2a: Cinderace|Heavy-Duty Boots|[from] move: Knock Off|[of] p1a: DA LAST REX(3005)
|faint|p2a: Cinderace
|
|-weather|Sandstorm|[upkeep]
|upkeep
|
|t:|1760849467
|switch|p2a: Samurott|Samurott-Hisui, M|100/100
|-damage|p2a: Samurott|88/100|[from] Stealth Rock
|turn|11
|
|t:|1760849479
|switch|p1a: I HAVE NO ENEMIES|Garchomp, M|78/100
|-damage|p1a: I HAVE NO ENEMIES|72/100|[from] Stealth Rock
|move|p2a: Samurott|Ceaseless Edge|p1a: I HAVE NO ENEMIES
|-damage|p1a: I HAVE NO ENEMIES|44/100
|-damage|p2a: Samurott|76/100|[from] ability: Rough Skin|[of] p1a: I HAVE NO ENEMIES
|-damage|p2a: Samurott|59/100|[from] item: Rocky Helmet|[of] p1a: I HAVE NO ENEMIES
|-sidestart|p1: Log God Neo✈️_✈️|Spikes
|
|-weather|Sandstorm|[upkeep]
|-damage|p2a: Samurott|53/100|[from] Sandstorm
|upkeep
|turn|12
|
|t:|1760849502
|move|p2a: Samurott|Ceaseless Edge|p1a: I HAVE NO ENEMIES
|-damage|p1a: I HAVE NO ENEMIES|18/100
|-damage|p2a: Samurott|40/100|[from] ability: Rough Skin|[of] p1a: I HAVE NO ENEMIES
|-damage|p2a: Samurott|24/100|[from] item: Rocky Helmet|[of] p1a: I HAVE NO ENEMIES
|-sidestart|p1: Log God Neo✈️_✈️|Spikes
|move|p1a: I HAVE NO ENEMIES|Spikes|p2a: Samurott
|-sidestart|p2: shindig42|Spikes
|
|-weather|Sandstorm|[upkeep]
|-damage|p2a: Samurott|18/100|[from] Sandstorm
|upkeep
|turn|13
|
|t:|1760849514
|move|p2a: Samurott|Ceaseless Edge|p1a: I HAVE NO ENEMIES
|-damage|p1a: I HAVE NO ENEMIES|0 fnt
|-damage|p2a: Samurott|5/100|[from] ability: Rough Skin|[of] p1a: I HAVE NO ENEMIES
|-damage|p2a: Samurott|0 fnt|[from] item: Rocky Helmet|[of] p1a: I HAVE NO ENEMIES
|faint|p1a: I HAVE NO ENEMIES
|faint|p2a: Samurott
|
|-weather|none
|upkeep
|
|t:|1760849526
|switch|p2a: Landorus|Landorus-Therian, M|100/100
|switch|p1a: OVO CHUBBS|Torkoal, M, shiny|97/100
|-damage|p2a: Landorus|88/100|[from] Stealth Rock
|-ability|p2a: Landorus|Intimidate|boost
|-unboost|p1a: OVO CHUBBS|atk|1
|-weather|SunnyDay|[from] ability: Drought|[of] p1a: OVO CHUBBS
|turn|14
|
|t:|1760849535
|switch|p1a: BIRD JESUS|Staraptor, M|100/100
|-damage|p1a: BIRD JESUS|75/100|[from] Stealth Rock
|move|p2a: Landorus|Stone Edge|p1a: BIRD JESUS
|-supereffective|p1a: BIRD JESUS
|-damage|p1a: BIRD JESUS|0 fnt
|faint|p1a: BIRD JESUS
|
|-weather|SunnyDay|[upkeep]
|upkeep
|
|t:|1760849541
|switch|p1a: FAT CHARIZARD|Dragonite, M, shiny|100/100
|turn|15
|
|t:|1760849548
|switch|p2a: Corviknight|Corviknight, F|100/100
|-damage|p2a: Corviknight|88/100|[from] Stealth Rock
|-ability|p2a: Corviknight|Pressure
|-terastallize|p1a: FAT CHARIZARD|Fairy
|move|p1a: FAT CHARIZARD|Dragon Dance|p1a: FAT CHARIZARD
|-boost|p1a: FAT CHARIZARD|atk|1
|-boost|p1a: FAT CHARIZARD|spe|1
|
|-weather|SunnyDay|[upkeep]
|upkeep
|turn|16
|
|t:|1760849557
|move|p1a: FAT CHARIZARD|Fire Punch|p2a: Corviknight
|-supereffective|p2a: Corviknight
|-damage|p2a: Corviknight|5/100
|-damage|p1a: FAT CHARIZARD|84/100|[from] item: Rocky Helmet|[of] p2a: Corviknight
|move|p2a: Corviknight|Iron Defense|p2a: Corviknight
|-boost|p2a: Corviknight|def|2
|
|-weather|SunnyDay|[upkeep]
|upkeep
|turn|17
|
|t:|1760849562
|move|p1a: FAT CHARIZARD|Fire Punch|p2a: Corviknight
|-supereffective|p2a: Corviknight
|-damage|p2a: Corviknight|0 fnt
|-damage|p1a: FAT CHARIZARD|68/100|[from] item: Rocky Helmet|[of] p2a: Corviknight
|faint|p2a: Corviknight
|
|-weather|SunnyDay|[upkeep]
|upkeep
|
|t:|1760849567
|switch|p2a: Slowking|Slowking-Galar, M|100/100
|turn|18
|
|t:|1760849584
|move|p1a: FAT CHARIZARD|Earthquake|p2a: Slowking
|-supereffective|p2a: Slowking
|-damage|p2a: Slowking|0 fnt
|faint|p2a: Slowking
|
|-weather|none
|upkeep
|
|t:|1760849589
|switch|p2a: Darkrai|Darkrai|94/100
|-damage|p2a: Darkrai|82/100|[from] Stealth Rock
|-damage|p2a: Darkrai|70/100|[from] Spikes
|turn|19
|
|t:|1760849594
|move|p1a: FAT CHARIZARD|Tera Blast|p2a: Darkrai|[anim] Tera Blast Fairy
|-supereffective|p2a: Darkrai
|-damage|p2a: Darkrai|0 fnt
|faint|p2a: Darkrai
|
|upkeep
|
|t:|1760849597
|switch|p2a: Landorus|Landorus-Therian, M|88/100
|-damage|p2a: Landorus|76/100|[from] Stealth Rock
|-ability|p2a: Landorus|Intimidate|boost
|-unboost|p1a: FAT CHARIZARD|atk|1
|turn|20
|
|t:|1760849608
|move|p2a: Landorus|Earthquake|p1a: FAT CHARIZARD
|-damage|p1a: FAT CHARIZARD|7/100
|move|p1a: FAT CHARIZARD|Tera Blast|p2a: Landorus|[anim] Tera Blast Fairy
|-damage|p2a: Landorus|19/100
|
|upkeep
|turn|21
|
|t:|1760849614
|move|p2a: Landorus|Earthquake|p1a: FAT CHARIZARD
|-damage|p1a: FAT CHARIZARD|0 fnt
|faint|p1a: FAT CHARIZARD
|
|upkeep
|
|t:|1760849619
|switch|p1a: DA LAST REX(3005)|Tyranitar, F, shiny|74/100
|-damage|p1a: DA LAST REX(3005)|62/100|[from] Stealth Rock
|-damage|p1a: DA LAST REX(3005)|45/100|[from] Spikes
|-weather|Sandstorm|[from] ability: Sand Stream|[of] p1a: DA LAST REX(3005)
|turn|22
|
|t:|1760849624
|move|p2a: Landorus|Earthquake|p1a: DA LAST REX(3005)
|-supereffective|p1a: DA LAST REX(3005)
|-damage|p1a: DA LAST REX(3005)|0 fnt
|faint|p1a: DA LAST REX(3005)
|
|-weather|Sandstorm|[upkeep]
|upkeep
|
|t:|1760849626
|switch|p1a: VODECi III|Kyurem, shiny|75/100
|-damage|p1a: VODECi III|50/100|[from] Stealth Rock
|-damage|p1a: VODECi III|33/100|[from] Spikes
|-ability|p1a: VODECi III|Pressure
|turn|23
|
|t:|1760849632
|-terastallize|p2a: Landorus|Ice
|move|p2a: Landorus|Earthquake|p1a: VODECi III
|-damage|p1a: VODECi III|0 fnt
|faint|p1a: VODECi III
|
|-weather|Sandstorm|[upkeep]
|-damage|p2a: Landorus|13/100|[from] Sandstorm
|upkeep
|
|t:|1760849649
|switch|p1a: OVO CHUBBS|Torkoal, M, shiny|97/100
|-weather|SunnyDay|[from] ability: Drought|[of] p1a: OVO CHUBBS
|turn|24
|
|t:|1760849653
|move|p2a: Landorus|Earthquake|p1a: OVO CHUBBS
|-supereffective|p1a: OVO CHUBBS
|-damage|p1a: OVO CHUBBS|32/100
|move|p1a: OVO CHUBBS|Lava Plume|p2a: Landorus
|-supereffective|p2a: Landorus
|-damage|p2a: Landorus|0 fnt
|faint|p2a: Landorus
|
|win|Log God Neo✈️_✈️
|raw|Log God Neo✈️_✈️'s rating: 1452 &rarr; <strong>1469</strong><br />(+17 for winning)
|raw|shindig42's rating: 1396 &rarr; <strong>1379</strong><br />(-17 for losing)
|l|☆Log God Neo✈️_✈️
|player|p1|
|l|‽shindig42
|player|p2|
