|j|☆papagoi19
|j|☆Auburn Hills
|t:|1760833679
|gametype|singles
|player|p1|papagoi19|gentleman-gen4|1723
|player|p2|Auburn Hills|alder|1788
|gen|9
|tier|[Gen 9] OU
|rated|
|rule|HP Percentage Mod: HP is shown in percentages
|rule|Endless Battle Clause: Forcing endless battles is banned
|rule|Species Clause: Limit one of each Pokémon
|rule|OHKO Clause: OHKO moves are banned
|rule|Evasion Items Clause: Evasion items are banned
|rule|Evasion Moves Clause: Evasion moves are banned
|rule|Evasion Abilities Clause: Evasion abilities are banned
|rule|Sleep Moves Clause: Sleep-inducing moves are banned
|clearpoke
|poke|p1|Dragapult, F|
|poke|p1|Clefable, F|
|poke|p1|Gliscor, M|
|poke|p1|Samurott-Hisui, M|
|poke|p1|Iron Treads|
|poke|p1|Slowking-Galar, M|
|poke|p2|Iron Moth|
|poke|p2|Umbreon, F|
|poke|p2|Garchomp, F|
|poke|p2|Glimmora, F|
|poke|p2|Gholdengo|
|poke|p2|Dragonite, M|
|teampreview
|j| FaronAan
|
|t:|1760833718
|teamsize|p1|6
|teamsize|p2|6
|start
|switch|p1a: Dragapult|Dragapult, F|100/100
|switch|p2a: Elucid|Dragonite, M|100/100
|turn|1
|
|t:|1760833724
|move|p1a: Dragapult|U-turn|p2a: Elucid
|-resisted|p2a: Elucid
|-damage|p2a: Elucid|90/100
|
|t:|1760833727
|switch|p1a: Clefable|Clefable, F, shiny|100/100|[from] U-turn
|move|p2a: Elucid|Ice Spinner|p1a: Clefable
|-damage|p1a: Clefable|75/100
|
|-heal|p1a: Clefable|81/100|[from] item: Leftovers
|upkeep
|turn|2
|
|t:|1760833732
|switch|p2a: Julia Jacklin|Glimmora, F|100/100
|move|p1a: Clefable|Thunder Wave|p2a: Julia Jacklin
|-status|p2a: Julia Jacklin|par
|
|-heal|p1a: Clefable|87/100|[from] item: Leftovers
|upkeep
|turn|3
|
|t:|1760833740
|switch|p1a: Samurott|Samurott-Hisui, M, shiny|100/100
|move|p2a: Julia Jacklin|Earth Power|p1a: Samurott
|-damage|p1a: Samurott|50/100
|
|upkeep
|turn|4
|
|t:|1760833764
|move|p1a: Samurott|Hydro Pump|p2a: Julia Jacklin
|-supereffective|p2a: Julia Jacklin
|-enditem|p2a: Julia Jacklin|Focus Sash
|-damage|p2a: Julia Jacklin|1/100 par
|move|p2a: Julia Jacklin|Sludge Wave|p1a: Samurott
|-damage|p1a: Samurott|0 fnt
|faint|p1a: Samurott
|
|upkeep
|
|t:|1760833785
|switch|p1a: Dragapult|Dragapult, F|100/100
|turn|5
|
|t:|1760833791
|switch|p2a: Alvvays|Umbreon, F|100/100
|move|p1a: Dragapult|U-turn|p2a: Alvvays
|-supereffective|p2a: Alvvays
|-damage|p2a: Alvvays|45/100
|
|t:|1760833801
|switch|p1a: Gliscor|Gliscor, M, shiny|100/100|[from] U-turn
|
|-heal|p2a: Alvvays|51/100|[from] item: Leftovers
|upkeep
|turn|6
|
|t:|1760833805
|move|p1a: Gliscor|Taunt|p2a: Alvvays
|-start|p2a: Alvvays|move: Taunt
|cant|p2a: Alvvays|move: Taunt|Wish
|
|-heal|p2a: Alvvays|57/100|[from] item: Leftovers
|upkeep
|turn|7
|
|t:|1760833808
|switch|p2a: Julia Jacklin|Glimmora, F|1/100 par
|move|p1a: Gliscor|Stealth Rock|p2a: Julia Jacklin
|-sidestart|p2: Auburn Hills|move: Stealth Rock
|
|upkeep
|turn|8
|
|t:|1760833812
|move|p1a: Gliscor|Earthquake|p2a: Julia Jacklin
|-supereffective|p2a: Julia Jacklin
|-damage|p2a: Julia Jacklin|0 fnt
|-activate|p2a: Julia Jacklin|ability: Toxic Debris
|-sidestart|p1: papagoi19|move: Toxic Spikes
|faint|p2a: Julia Jacklin
|
|upkeep
|
|t:|1760833814
|switch|p2a: Elucid|Dragonite, M|90/100
|turn|9
|
|t:|1760833818
|switch|p1a: Slowking|Slowking-Galar, M, shiny|100/100
|-sideend|p1: papagoi19|move: Toxic Spikes|[of] p1a: Slowking
|move|p2a: Elucid|Dragon Dance|p2a: Elucid
|-boost|p2a: Elucid|atk|1
|-boost|p2a: Elucid|spe|1
|
|upkeep
|turn|10
|
|t:|1760833821
|switch|p1a: Clefable|Clefable, F, shiny|87/100
|move|p2a: Elucid|Earthquake|p1a: Clefable
|-damage|p1a: Clefable|58/100
|
|-heal|p1a: Clefable|64/100|[from] item: Leftovers
|upkeep
|turn|11
|
|t:|1760833824
|switch|p2a: Smino|Gholdengo|100/100
|-damage|p2a: Smino|94/100|[from] Stealth Rock
|move|p1a: Clefable|Moonlight|p1a: Clefable
|-heal|p1a: Clefable|100/100
|
|upkeep
|turn|12
|
|t:|1760833836
|switch|p1a: Iron Treads|Iron Treads, shiny|100/100
|-enditem|p1a: Iron Treads|Booster Energy
|-activate|p1a: Iron Treads|ability: Quark Drive|[fromitem]
|-start|p1a: Iron Treads|quarkdrivespe
|move|p2a: Smino|Shadow Ball|p1a: Iron Treads
|-damage|p1a: Iron Treads|41/100
|
|upkeep
|turn|13
|
|t:|1760833844
|-terastallize|p2a: Smino|Flying
|move|p1a: Iron Treads|Ice Spinner|p2a: Smino
|-supereffective|p2a: Smino
|-damage|p2a: Smino|39/100
|move|p2a: Smino|Shadow Ball|p1a: Iron Treads
|-damage|p1a: Iron Treads|0 fnt
|faint|p1a: Iron Treads
|-end|p1a: Iron Treads|Quark Drive|[silent]
|
|upkeep
|
|t:|1760833858
|switch|p1a: Dragapult|Dragapult, F|100/100
|turn|14
|
|t:|1760833867
|-terastallize|p1a: Dragapult|Fire
|move|p2a: Smino|Shadow Ball|p1a: Dragapult
|-damage|p1a: Dragapult|47/100
|move|p1a: Dragapult|Dragon Darts|p2a: Smino
|-crit|p2a: Smino
|-damage|p2a: Smino|0 fnt
|faint|p2a: Smino
|
|upkeep
|
|t:|1760833877
|switch|p2a: Carly Rae|Iron Moth|100/100
|-damage|p2a: Carly Rae|76/100|[from] Stealth Rock
|-enditem|p2a: Carly Rae|Booster Energy
|-activate|p2a: Carly Rae|ability: Quark Drive|[fromitem]
|-start|p2a: Carly Rae|quarkdrivespe
|turn|15
|
|t:|1760833884
|move|p2a: Carly Rae|Discharge|p1a: Dragapult
|-damage|p1a: Dragapult|10/100
|-status|p1a: Dragapult|par
|move|p1a: Dragapult|Dragon Darts|p2a: Carly Rae
|-damage|p2a: Carly Rae|20/100
|-anim|p1a: Dragapult|Dragon Darts|p2a: Carly Rae
|-damage|p2a: Carly Rae|0 fnt
|faint|p2a: Carly Rae
|-end|p2a: Carly Rae|Quark Drive|[silent]
|
|upkeep
|
|t:|1760833893
|switch|p2a: Elucid|Dragonite, M|90/100
|turn|16
|
|t:|1760833902
|switch|p1a: Clefable|Clefable, F, shiny|100/100
|move|p2a: Elucid|Earthquake|p1a: Clefable
|-damage|p1a: Clefable|69/100
|
|-heal|p1a: Clefable|75/100|[from] item: Leftovers
|upkeep
|turn|17
|
|t:|1760833910
|move|p2a: Elucid|Earthquake|p1a: Clefable
|-damage|p1a: Clefable|46/100
|move|p1a: Clefable|Moonlight|p1a: Clefable
|-heal|p1a: Clefable|96/100
|
|-heal|p1a: Clefable|100/100|[from] item: Leftovers
|upkeep
|turn|18
|
|t:|1760833914
|switch|p2a: Alvvays|Umbreon, F|57/100
|-damage|p2a: Alvvays|44/100|[from] Stealth Rock
|move|p1a: Clefable|Calm Mind|p1a: Clefable
|-boost|p1a: Clefable|spa|1
|-boost|p1a: Clefable|spd|1
|
|-heal|p2a: Alvvays|50/100|[from] item: Leftovers
|upkeep
|turn|19
|
|t:|1760833916
|move|p2a: Alvvays|Thunder Wave|p1a: Clefable
|-status|p1a: Clefable|par
|cant|p1a: Clefable|par
|
|-heal|p2a: Alvvays|56/100|[from] item: Leftovers
|upkeep
|turn|20
|
|t:|1760833921
|move|p2a: Alvvays|Wish|p2a: Alvvays
|move|p1a: Clefable|Moonblast|p2a: Alvvays
|-supereffective|p2a: Alvvays
|-damage|p2a: Alvvays|4/100
|-unboost|p2a: Alvvays|spa|1
|
|-heal|p2a: Alvvays|10/100|[from] item: Leftovers
|upkeep
|turn|21
|
|t:|1760833927
|switch|p2a: Elucid|Dragonite, M|90/100
|cant|p1a: Clefable|par
|
|-heal|p2a: Elucid|100/100|[from] move: Wish|[wisher] Alvvays
|upkeep
|turn|22
|
|t:|1760833932
|move|p2a: Elucid|Earthquake|p1a: Clefable
|-damage|p1a: Clefable|71/100 par
|cant|p1a: Clefable|par
|
|-heal|p1a: Clefable|77/100 par|[from] item: Leftovers
|upkeep
|turn|23
|
|t:|1760833936
|move|p2a: Elucid|Earthquake|p1a: Clefable
|-damage|p1a: Clefable|48/100 par
|move|p1a: Clefable|Moonlight|p1a: Clefable
|-heal|p1a: Clefable|98/100 par
|
|-heal|p1a: Clefable|100/100 par|[from] item: Leftovers
|upkeep
|turn|24
|
|t:|1760833940
|move|p2a: Elucid|Earthquake|p1a: Clefable
|-damage|p1a: Clefable|73/100 par
|move|p1a: Clefable|Moonblast|p2a: Elucid
|-supereffective|p2a: Elucid
|-damage|p2a: Elucid|49/100
|
|-heal|p1a: Clefable|79/100 par|[from] item: Leftovers
|upkeep
|turn|25
|
|t:|1760833943
|move|p2a: Elucid|Earthquake|p1a: Clefable
|-damage|p1a: Clefable|48/100 par
|move|p1a: Clefable|Moonblast|p2a: Elucid
|-supereffective|p2a: Elucid
|-damage|p2a: Elucid|0 fnt
|faint|p2a: Elucid
|
|-heal|p1a: Clefable|54/100 par|[from] item: Leftovers
|upkeep
|
|t:|1760833947
|switch|p2a: Rat Tally|Garchomp, F|100/100
|-damage|p2a: Rat Tally|94/100|[from] Stealth Rock
|turn|26
|
|t:|1760833954
|move|p2a: Rat Tally|Earthquake|p1a: Clefable
|-damage|p1a: Clefable|11/100 par
|cant|p1a: Clefable|par
|
|-heal|p1a: Clefable|17/100 par|[from] item: Leftovers
|upkeep
|turn|27
|c|☆Auburn Hills|need this one
|
|t:|1760833962
|move|p2a: Rat Tally|Earthquake|p1a: Clefable
|-damage|p1a: Clefable|0 fnt
|faint|p1a: Clefable
|
|upkeep
|
|t:|1760833969
|switch|p1a: Gliscor|Gliscor, M, shiny|100/100
|turn|28
|
|t:|1760833973
|move|p2a: Rat Tally|Swords Dance|p2a: Rat Tally
|-boost|p2a: Rat Tally|atk|2
|move|p1a: Gliscor|Earthquake|p2a: Rat Tally
|-damage|p2a: Rat Tally|45/100
|
|upkeep
|turn|29
|
|t:|1760833979
|move|p2a: Rat Tally|Scale Shot|p1a: Gliscor
|-damage|p1a: Gliscor|76/100
|-damage|p1a: Gliscor|50/100
|-damage|p1a: Gliscor|25/100
|-damage|p1a: Gliscor|0 fnt
|faint|p1a: Gliscor
|-hitcount|p1: Gliscor|4
|-unboost|p2a: Rat Tally|def|1
|-boost|p2a: Rat Tally|spe|1
|
|upkeep
|
|t:|1760833984
|switch|p1a: Dragapult|Dragapult, F, tera:Fire|10/100 par
|turn|30
|
|t:|1760833987
|move|p1a: Dragapult|Sucker Punch|p2a: Rat Tally
|-damage|p2a: Rat Tally|0 fnt
|-damage|p1a: Dragapult|0 fnt|[from] ability: Rough Skin|[of] p2a: Rat Tally
|faint|p2a: Rat Tally
|faint|p1a: Dragapult
|
|upkeep
|
|t:|1760833990
|switch|p1a: Slowking|Slowking-Galar, M, shiny|100/100
|switch|p2a: Alvvays|Umbreon, F|10/100
|-damage|p2a: Alvvays|0 fnt|[from] Stealth Rock
|faint|p2a: Alvvays
|
|win|papagoi19
|raw|papagoi19's rating: 1723 &rarr; <strong>1747</strong><br />(+24 for winning)
|raw|Auburn Hills's rating: 1788 &rarr; <strong>1764</strong><br />(-24 for losing)
|l|☆Auburn Hills
|player|p2|
|l|☆papagoi19
|player|p1|
