|j|☆brian_tryem
|j|☆Imdummy
|t:|1760771653
|gametype|singles
|player|p1|brian_tryem|collector|1302
|player|p2|Imdummy|cheryl|1270
|gen|9
|tier|[Gen 9] OU
|rated|
|rule|HP Percentage Mod: HP is shown in percentages
|rule|Endless Battle Clause: Forcing endless battles is banned
|rule|Species Clause: Limit one of each Pokémon
|rule|OHKO Clause: OHKO moves are banned
|rule|Evasion Items Clause: Evasion items are banned
|rule|Evasion Moves Clause: Evasion moves are banned
|rule|Evasion Abilities Clause: Evasion abilities are banned
|rule|Sleep Moves Clause: Sleep-inducing moves are banned
|clearpoke
|poke|p1|Necrozma|
|poke|p1|Kingambit, M|
|poke|p1|Samurott-Hisui, F|
|poke|p1|Iron Treads|
|poke|p1|Pecharunt|
|poke|p1|Enamorus, F|
|poke|p2|Sceptile, M|
|poke|p2|Toxapex, F|
|poke|p2|Conkeldurr, M|
|poke|p2|Necrozma|
|poke|p2|Cetitan, M|
|poke|p2|Raging Bolt|
|teampreview
|inactive|Battle timer is ON: inactive players will automatically lose when time's up. (requested by Imdummy)
|
|t:|1760771682
|teamsize|p1|6
|teamsize|p2|6
|start
|switch|p1a: Pecharunt|Pecharunt|100/100
|switch|p2a: Cetitan|Cetitan, M|100/100
|-item|p1a: Pecharunt|Air Balloon
|turn|1
|
|t:|1760771692
|move|p1a: Pecharunt|Malignant Chain|p2a: Cetitan
|-damage|p2a: Cetitan|81/100
|move|p2a: Cetitan|Knock Off|p1a: Pecharunt
|-supereffective|p1a: Pecharunt
|-damage|p1a: Pecharunt|67/100
|-enditem|p1a: Pecharunt|Air Balloon
|
|upkeep
|turn|2
|
|t:|1760771710
|move|p1a: Pecharunt|Parting Shot|p2a: Cetitan
|-unboost|p2a: Cetitan|atk|1
|-unboost|p2a: Cetitan|spa|1
|
|t:|1760771736
|switch|p1a: Samurott|Samurott-Hisui, F, shiny|100/100|[from] Parting Shot
|move|p2a: Cetitan|Earthquake|p1a: Samurott
|-crit|p1a: Samurott
|-damage|p1a: Samurott|33/100
|
|upkeep
|turn|3
|
|t:|1760771759
|switch|p2a: Toxapex|Toxapex, F, shiny|100/100
|move|p1a: Samurott|Ceaseless Edge|p2a: Toxapex
|-damage|p2a: Toxapex|56/100
|-damage|p1a: Samurott|16/100|[from] item: Rocky Helmet|[of] p2a: Toxapex
|-sidestart|p2: Imdummy|Spikes
|
|upkeep
|turn|4
|
|t:|1760771771
|move|p2a: Toxapex|Baneful Bunker|p2a: Toxapex
|-singleturn|p2a: Toxapex|move: Protect
|move|p1a: Samurott|Ceaseless Edge|p2a: Toxapex
|-activate|p2a: Toxapex|move: Protect
|-status|p1a: Samurott|psn
|
|-damage|p1a: Samurott|4/100 psn|[from] psn
|upkeep
|turn|5
|
|t:|1760771780
|move|p1a: Samurott|Ceaseless Edge|p2a: Toxapex
|-damage|p2a: Toxapex|13/100
|-damage|p1a: Samurott|0 fnt|[from] item: Rocky Helmet|[of] p2a: Toxapex
|faint|p1a: Samurott
|move|p2a: Toxapex|Recover|p2a: Toxapex
|-heal|p2a: Toxapex|64/100
|
|upkeep
|
|t:|1760771793
|switch|p1a: Necrozma|Necrozma|100/100
|turn|6
|
|t:|1760771804
|move|p1a: Necrozma|Photon Geyser|p2a: Toxapex
|-supereffective|p2a: Toxapex
|-damage|p2a: Toxapex|0 fnt
|faint|p2a: Toxapex
|
|upkeep
|
|t:|1760771821
|switch|p2a: Cetitan|Cetitan, M|81/100
|-damage|p2a: Cetitan|69/100|[from] Spikes
|turn|7
|
|t:|1760771827
|move|p2a: Cetitan|Knock Off|p1a: Necrozma
|-supereffective|p1a: Necrozma
|-enditem|p1a: Necrozma|Colbur Berry|[eat]
|-enditem|p1a: Necrozma|Colbur Berry|[weaken]
|-damage|p1a: Necrozma|79/100
|move|p1a: Necrozma|Photon Geyser|p2a: Cetitan
|-damage|p2a: Cetitan|33/100
|
|upkeep
|turn|8
|
|t:|1760771839
|move|p2a: Cetitan|Ice Spinner|p1a: Necrozma
|-damage|p1a: Necrozma|44/100
|move|p1a: Necrozma|Photon Geyser|p2a: Cetitan
|-damage|p2a: Cetitan|0 fnt
|faint|p2a: Cetitan
|
|upkeep
|
|t:|1760771849
|switch|p2a: Raging Bolt|Raging Bolt|100/100
|-damage|p2a: Raging Bolt|88/100|[from] Spikes
|turn|9
|
|t:|1760771854
|move|p2a: Raging Bolt|Discharge|p1a: Necrozma
|-damage|p1a: Necrozma|1/100
|-status|p1a: Necrozma|par
|cant|p1a: Necrozma|par
|
|upkeep
|turn|10
|
|t:|1760771861
|move|p2a: Raging Bolt|Thunderclap|p1a: Necrozma
|-damage|p1a: Necrozma|0 fnt
|faint|p1a: Necrozma
|
|upkeep
|
|t:|1760771866
|switch|p1a: Iron Treads|Iron Treads|100/100
|turn|11
|
|t:|1760771882
|move|p1a: Iron Treads|Earthquake|p2a: Raging Bolt
|-supereffective|p2a: Raging Bolt
|-damage|p2a: Raging Bolt|10/100
|move|p2a: Raging Bolt|Draco Meteor|p1a: Iron Treads
|-resisted|p1a: Iron Treads
|-damage|p1a: Iron Treads|65/100
|-unboost|p2a: Raging Bolt|spa|2
|
|upkeep
|turn|12
|
|t:|1760771904
|move|p1a: Iron Treads|Knock Off|p2a: Raging Bolt
|-damage|p2a: Raging Bolt|0 fnt
|-enditem|p2a: Raging Bolt|Assault Vest|[from] move: Knock Off|[of] p1a: Iron Treads
|faint|p2a: Raging Bolt
|-end|p2a: Raging Bolt|Protosynthesis|[silent]
|
|upkeep
|
|t:|1760771909
|switch|p2a: Conkeldurr|Conkeldurr, M|100/100
|-damage|p2a: Conkeldurr|88/100|[from] Spikes
|turn|13
|
|t:|1760771915
|move|p1a: Iron Treads|Knock Off|p2a: Conkeldurr
|-resisted|p2a: Conkeldurr
|-crit|p2a: Conkeldurr
|-damage|p2a: Conkeldurr|68/100
|-enditem|p2a: Conkeldurr|Assault Vest|[from] move: Knock Off|[of] p1a: Iron Treads
|move|p2a: Conkeldurr|Drain Punch|p1a: Iron Treads
|-supereffective|p1a: Iron Treads
|-damage|p1a: Iron Treads|0 fnt
|-heal|p2a: Conkeldurr|93/100|[from] drain|[of] p1a: Iron Treads
|faint|p1a: Iron Treads
|-end|p1a: Iron Treads|Quark Drive|[silent]
|
|upkeep
|
|t:|1760771931
|switch|p1a: Enamorus|Enamorus, F|100/100
|turn|14
|
|t:|1760771935
|-terastallize|p1a: Enamorus|Fairy
|move|p1a: Enamorus|Moonblast|p2a: Conkeldurr
|-supereffective|p2a: Conkeldurr
|-damage|p2a: Conkeldurr|0 fnt
|faint|p2a: Conkeldurr
|
|upkeep
|
|t:|1760771947
|switch|p2a: Sceptile|Sceptile, M, shiny|100/100
|-damage|p2a: Sceptile|88/100|[from] Spikes
|turn|15
|
|t:|1760771951
|move|p1a: Enamorus|Moonblast|p2a: Sceptile
|-damage|p2a: Sceptile|0 fnt
|faint|p2a: Sceptile
|
|upkeep
|
|t:|1760771954
|switch|p2a: Necrozma|Necrozma|100/100
|-damage|p2a: Necrozma|88/100|[from] Spikes
|turn|16
|
|t:|1760771959
|move|p1a: Enamorus|Moonblast|p2a: Necrozma
|-crit|p2a: Necrozma
|-damage|p2a: Necrozma|0 fnt
|faint|p2a: Necrozma
|
|win|brian_tryem
|raw|brian_tryem's rating: 1302 &rarr; <strong>1320</strong><br />(+18 for winning)
|raw|Imdummy's rating: 1270 &rarr; <strong>1247</strong><br />(-23 for losing)
|l|☆Imdummy
|player|p2|
|l|☆brian_tryem
|player|p1|
