|j|☆adjkadssad
|j|☆zappatore
|t:|1760878207
|gametype|singles
|player|p1|adjkadssad|101|1393
|player|p2|zappatore|102|1449
|gen|9
|tier|[Gen 9] OU
|rated|
|rule|HP Percentage Mod: HP is shown in percentages
|rule|Endless Battle Clause: Forcing endless battles is banned
|rule|Species Clause: Limit one of each Pokémon
|rule|OHKO Clause: OHKO moves are banned
|rule|Evasion Items Clause: Evasion items are banned
|rule|Evasion Moves Clause: Evasion moves are banned
|rule|Evasion Abilities Clause: Evasion abilities are banned
|rule|Sleep Moves Clause: Sleep-inducing moves are banned
|clearpoke
|poke|p1|Pelipper, M|
|poke|p1|Poliwrath, M|
|poke|p1|Kilowattrel, M|
|poke|p1|Scream Tail|
|poke|p1|Overqwil, M|
|poke|p1|Zamazenta-*|
|poke|p2|Iron Valiant|
|poke|p2|Ogerpon-Wellspring, F|
|poke|p2|Slowking-Galar, M|
|poke|p2|Kingambit, M|
|poke|p2|Great Tusk|
|poke|p2|Tornadus-Therian, M|
|teampreview
|inactive|Battle timer is ON: inactive players will automatically lose when time's up. (requested by adjkadssad)
|
|t:|1760878219
|teamsize|p1|6
|teamsize|p2|6
|start
|switch|p1a: Pelipper|Pelipper, M, shiny|100/100
|switch|p2a: Tornadus|Tornadus-Therian, M|100/100
|-weather|RainDance|[from] ability: Drizzle|[of] p1a: Pelipper
|turn|1
|
|t:|1760878229
|switch|p1a: Kilowattrel|Kilowattrel, M, shiny|100/100
|move|p2a: Tornadus|Bleakwind Storm|p1a: Kilowattrel
|-resisted|p1a: Kilowattrel
|-damage|p1a: Kilowattrel|59/100
|-unboost|p1a: Kilowattrel|spe|1
|
|-weather|RainDance|[upkeep]
|upkeep
|turn|2
|
|t:|1760878239
|move|p2a: Tornadus|Knock Off|p1a: Kilowattrel
|-damage|p1a: Kilowattrel|24/100
|-enditem|p1a: Kilowattrel|Life Orb|[from] move: Knock Off|[of] p2a: Tornadus
|move|p1a: Kilowattrel|Weather Ball|p2a: Tornadus
|-damage|p2a: Tornadus|64/100
|
|-weather|RainDance|[upkeep]
|upkeep
|turn|3
|
|t:|1760878247
|move|p2a: Tornadus|Bleakwind Storm|p1a: Kilowattrel
|-resisted|p1a: Kilowattrel
|-damage|p1a: Kilowattrel|0 fnt
|faint|p1a: Kilowattrel
|
|-weather|RainDance|[upkeep]
|upkeep
|
|t:|1760878255
|switch|p1a: Scream Tail|Scream Tail|100/100
|turn|4
|
|t:|1760878259
|move|p2a: Tornadus|Knock Off|p1a: Scream Tail
|-damage|p1a: Scream Tail|83/100
|-enditem|p1a: Scream Tail|Light Clay|[from] move: Knock Off|[of] p2a: Tornadus
|move|p1a: Scream Tail|Light Screen|p1a: Scream Tail
|-sidestart|p1: adjkadssad|move: Light Screen
|
|-weather|RainDance|[upkeep]
|upkeep
|turn|5
|
|t:|1760878266
|move|p2a: Tornadus|U-turn|p1a: Scream Tail
|-damage|p1a: Scream Tail|71/100
|
|t:|1760878268
|switch|p2a: Slowking|Slowking-Galar, M|100/100|[from] U-turn
|move|p1a: Scream Tail|Reflect|p1a: Scream Tail
|-sidestart|p1: adjkadssad|Reflect
|
|-weather|RainDance|[upkeep]
|upkeep
|turn|6
|
|t:|1760878282
|move|p1a: Scream Tail|Wish|p1a: Scream Tail
|move|p2a: Slowking|Thunder Wave|p1a: Scream Tail
|-status|p1a: Scream Tail|par
|
|-weather|RainDance|[upkeep]
|upkeep
|turn|7
|
|t:|1760878296
|-end|p1a: Scream Tail|Protosynthesis|[silent]
|switch|p1a: Zamazenta|Zamazenta|100/100
|-ability|p1a: Zamazenta|Dauntless Shield|boost
|-boost|p1a: Zamazenta|def|1
|-prepare|p2a: Slowking|Chilly Reception|[premajor]
|move|p2a: Slowking|Chilly Reception|p2a: Slowking
|-weather|Snowscape
|
|t:|1760878316
|switch|p2a: Iron Valiant|Iron Valiant|100/100|[from] Chilly Reception
|
|-weather|Snowscape|[upkeep]
|upkeep
|turn|8
|
|t:|1760878324
|move|p1a: Zamazenta|Iron Defense|p1a: Zamazenta
|-boost|p1a: Zamazenta|def|2
|move|p2a: Iron Valiant|Moonblast|p1a: Zamazenta
|-supereffective|p1a: Zamazenta
|-damage|p1a: Zamazenta|34/100
|
|-weather|Snowscape|[upkeep]
|-sideend|p1: adjkadssad|move: Light Screen
|upkeep
|turn|9
|
|t:|1760878329
|-terastallize|p1a: Zamazenta|Steel
|move|p1a: Zamazenta|Rest|p1a: Zamazenta
|-status|p1a: Zamazenta|slp|[from] move: Rest
|-heal|p1a: Zamazenta|100/100 slp|[silent]
|-enditem|p1a: Zamazenta|Chesto Berry|[eat]
|-curestatus|p1a: Zamazenta|slp|[msg]
|move|p2a: Iron Valiant|Moonblast|p1a: Zamazenta
|-resisted|p1a: Zamazenta
|-damage|p1a: Zamazenta|66/100
|-unboost|p1a: Zamazenta|spa|1
|
|-weather|Snowscape|[upkeep]
|-sideend|p1: adjkadssad|Reflect
|upkeep
|turn|10
|
|t:|1760878357
|-end|p2a: Iron Valiant|Quark Drive|[silent]
|switch|p2a: Slowking|Slowking-Galar, M|100/100
|move|p1a: Zamazenta|Iron Defense|p1a: Zamazenta
|-boost|p1a: Zamazenta|def|2
|
|-weather|Snowscape|[upkeep]
|upkeep
|turn|11
|
|t:|1760878364
|move|p1a: Zamazenta|Crunch|p2a: Slowking
|-supereffective|p2a: Slowking
|-damage|p2a: Slowking|60/100
|-unboost|p2a: Slowking|def|1
|move|p2a: Slowking|Thunder Wave|p1a: Zamazenta
|-status|p1a: Zamazenta|par
|
|-weather|none
|upkeep
|turn|12
|
|t:|1760878374
|move|p1a: Zamazenta|Body Press|p2a: Slowking
|-resisted|p2a: Slowking
|-damage|p2a: Slowking|8/100
|-prepare|p2a: Slowking|Chilly Reception|[premajor]
|move|p2a: Slowking|Chilly Reception|p2a: Slowking
|-weather|Snowscape
|
|t:|1760878378
|switch|p2a: Iron Valiant|Iron Valiant|100/100|[from] Chilly Reception
|
|-weather|Snowscape|[upkeep]
|upkeep
|turn|13
|
|t:|1760878383
|move|p2a: Iron Valiant|Aura Sphere|p1a: Zamazenta
|-supereffective|p1a: Zamazenta
|-damage|p1a: Zamazenta|0 fnt
|faint|p1a: Zamazenta
|
|-weather|Snowscape|[upkeep]
|upkeep
|inactive|adjkadssad has 120 seconds left.
|inactive|adjkadssad has 90 seconds left.
|inactive|adjkadssad has 60 seconds left.
|inactive|adjkadssad has 30 seconds left.
|inactive|adjkadssad has 20 seconds left.
|inactive|adjkadssad has 15 seconds left.
|inactive|adjkadssad has 10 seconds left.
|inactive|adjkadssad has 5 seconds left.
|-message|adjkadssad lost due to inactivity.
|
|win|zappatore
|raw|adjkadssad's rating: 1393 &rarr; <strong>1376</strong><br />(-17 for losing)
|raw|zappatore's rating: 1449 &rarr; <strong>1466</strong><br />(+17 for winning)
|l|☆zappatore
|player|p2|
|l|☆adjkadssad
|player|p1|
