|j|☆Pengerson
|j|☆hi im squid
|t:|1760819884
|gametype|singles
|player|p1|Pengerson|gambler|1155
|player|p2|hi im squid|1|1131
|gen|9
|tier|[Gen 9] OU
|rated|
|rule|HP Percentage Mod: HP is shown in percentages
|rule|Endless Battle Clause: Forcing endless battles is banned
|rule|Species Clause: Limit one of each Pokémon
|rule|OHKO Clause: OHKO moves are banned
|rule|Evasion Items Clause: Evasion items are banned
|rule|Evasion Moves Clause: Evasion moves are banned
|rule|Evasion Abilities Clause: Evasion abilities are banned
|rule|Sleep Moves Clause: Sleep-inducing moves are banned
|clearpoke
|poke|p1|Shaymin|
|poke|p1|Kingambit, M|
|poke|p1|Heracross, M|
|poke|p1|Corviknight, F|
|poke|p1|Infernape, M|
|poke|p1|Darkrai|
|poke|p2|Rillaboom, M|
|poke|p2|Cacturne, M|
|poke|p2|Arboliva, F|
|poke|p2|Electrode-Hisui|
|poke|p2|Hitmonlee, M|
|poke|p2|Muk-Alola, M|
|teampreview
|inactive|Battle timer is ON: inactive players will automatically lose when time's up. (requested by hi im squid)
|
|t:|1760819892
|teamsize|p1|6
|teamsize|p2|6
|start
|switch|p1a: Heracross|Heracross, M|100/100
|switch|p2a: Arboliva|Arboliva, F|100/100
|turn|1
|
|t:|1760819897
|move|p1a: Heracross|Megahorn|p2a: Arboliva
|-supereffective|p2a: Arboliva
|-damage|p2a: Arboliva|0 fnt
|-fieldstart|move: Grassy Terrain|[from] ability: Seed Sower|[of] p2a: Arboliva
|faint|p2a: Arboliva
|
|-status|p1a: Heracross|brn|[from] item: Flame Orb
|upkeep
|
|t:|1760819916
|switch|p2a: Hitmonlee|Hitmonlee, M|100/100
|-enditem|p2a: Hitmonlee|Grassy Seed
|-boost|p2a: Hitmonlee|def|1|[from] item: Grassy Seed
|turn|2
|
|t:|1760819921
|move|p2a: Hitmonlee|Blaze Kick|p1a: Heracross
|-supereffective|p1a: Heracross
|-damage|p1a: Heracross|10/100 brn
|move|p1a: Heracross|Facade|p2a: Hitmonlee
|-damage|p2a: Hitmonlee|0 fnt
|faint|p2a: Hitmonlee
|
|-heal|p1a: Heracross|16/100 brn|[from] Grassy Terrain
|-damage|p1a: Heracross|10/100 brn|[from] brn
|upkeep
|
|t:|1760819931
|switch|p2a: Rillaboom|Rillaboom, M, shiny|100/100
|turn|3
|
|t:|1760819936
|move|p2a: Rillaboom|Grassy Glide|p1a: Heracross
|-resisted|p1a: Heracross
|-damage|p1a: Heracross|0 fnt
|faint|p1a: Heracross
|
|upkeep
|
|t:|1760819941
|switch|p1a: Shaymin|Shaymin, shiny|100/100
|turn|4
|
|t:|1760819944
|move|p1a: Shaymin|Air Slash|p2a: Rillaboom
|-supereffective|p2a: Rillaboom
|-damage|p2a: Rillaboom|49/100
|move|p2a: Rillaboom|U-turn|p1a: Shaymin
|-supereffective|p1a: Shaymin
|-damage|p1a: Shaymin|49/100
|
|t:|1760819954
|switch|p2a: Cacturne|Cacturne, M, shiny|100/100|[from] U-turn
|
|-heal|p1a: Shaymin|56/100|[from] Grassy Terrain
|upkeep
|turn|5
|inactive|Pengerson has 120 seconds left.
|
|t:|1760819993
|move|p2a: Cacturne|Sucker Punch|p1a: Shaymin
|-crit|p1a: Shaymin
|-damage|p1a: Shaymin|2/100
|move|p1a: Shaymin|Air Slash|p2a: Cacturne
|-supereffective|p2a: Cacturne
|-damage|p2a: Cacturne|38/100
|
|-heal|p1a: Shaymin|8/100|[from] Grassy Terrain
|-heal|p2a: Cacturne|44/100|[from] Grassy Terrain
|-fieldend|move: Grassy Terrain
|upkeep
|turn|6
|inactive|Pengerson has 120 seconds left.
|
|t:|1760820003
|switch|p1a: Darkrai|Darkrai, shiny|100/100
|move|p2a: Cacturne|Sucker Punch||[still]
|-fail|p2a: Cacturne
|
|upkeep
|turn|7
|
|t:|1760820006
|move|p1a: Darkrai|Nasty Plot|p1a: Darkrai
|-boost|p1a: Darkrai|spa|2
|move|p2a: Cacturne|Brick Break|p1a: Darkrai
|-supereffective|p1a: Darkrai
|-damage|p1a: Darkrai|34/100
|
|upkeep
|turn|8
|
|t:|1760820011
|move|p2a: Cacturne|Sucker Punch|p1a: Darkrai
|-resisted|p1a: Darkrai
|-damage|p1a: Darkrai|10/100
|move|p1a: Darkrai|Sludge Bomb|p2a: Cacturne
|-supereffective|p2a: Cacturne
|-damage|p2a: Cacturne|0 fnt
|faint|p2a: Cacturne
|-damage|p1a: Darkrai|0 fnt|[from] item: Life Orb
|faint|p1a: Darkrai
|
|upkeep
|
|t:|1760820023
|switch|p1a: Corviknight|Corviknight, F|100/100
|switch|p2a: Rillaboom|Rillaboom, M, shiny|49/100
|-fieldstart|move: Grassy Terrain|[from] ability: Grassy Surge|[of] p2a: Rillaboom
|turn|9
|
|t:|1760820025
|move|p2a: Rillaboom|U-turn|p1a: Corviknight
|-resisted|p1a: Corviknight
|-damage|p1a: Corviknight|96/100
|-damage|p2a: Rillaboom|32/100|[from] item: Rocky Helmet|[of] p1a: Corviknight
|
|t:|1760820029
|switch|p2a: Electrode|Electrode-Hisui, shiny|100/100|[from] U-turn
|move|p1a: Corviknight|Body Press|p2a: Electrode
|-damage|p2a: Electrode|52/100
|
|-heal|p2a: Electrode|58/100|[from] Grassy Terrain
|upkeep
|turn|10
|
|t:|1760820032
|move|p2a: Electrode|Thunderbolt|p1a: Corviknight
|-supereffective|p1a: Corviknight
|-damage|p1a: Corviknight|0 fnt
|faint|p1a: Corviknight
|
|-heal|p2a: Electrode|64/100|[from] Grassy Terrain
|upkeep
|
|t:|1760820037
|switch|p1a: Infernape|Infernape, M|100/100
|turn|11
|
|t:|1760820041
|move|p2a: Electrode|Thunderbolt|p1a: Infernape
|-damage|p1a: Infernape|29/100
|move|p1a: Infernape|Flare Blitz|p2a: Electrode
|-supereffective|p2a: Electrode
|-damage|p2a: Electrode|0 fnt
|-damage|p1a: Infernape|4/100|[from] ability: Aftermath|[of] p2a: Electrode
|faint|p2a: Electrode
|-damage|p1a: Infernape|0 fnt|[from] Recoil
|faint|p1a: Infernape
|
|upkeep
|
|t:|1760820049
|switch|p2a: Muk|Muk-Alola, M, shiny|100/100
|switch|p1a: Kingambit|Kingambit, M|100/100
|-activate|p1a: Kingambit|ability: Supreme Overlord
|-start|p1a: Kingambit|fallen4|[silent]
|turn|12
|
|t:|1760820057
|move|p1a: Kingambit|Brick Break|p2a: Muk
|-damage|p2a: Muk|63/100
|move|p2a: Muk|Taunt|p1a: Kingambit
|-start|p1a: Kingambit|move: Taunt
|
|-heal|p2a: Muk|69/100|[from] Grassy Terrain
|-heal|p2a: Muk|75/100|[from] item: Leftovers
|upkeep
|turn|13
|
|t:|1760820063
|move|p1a: Kingambit|Iron Head|p2a: Muk
|-damage|p2a: Muk|17/100
|move|p2a: Muk|Knock Off|p1a: Kingambit
|-resisted|p1a: Kingambit
|-damage|p1a: Kingambit|84/100
|-enditem|p1a: Kingambit|Assault Vest|[from] move: Knock Off|[of] p2a: Muk
|
|-heal|p1a: Kingambit|90/100|[from] Grassy Terrain
|-heal|p2a: Muk|23/100|[from] Grassy Terrain
|-heal|p2a: Muk|29/100|[from] item: Leftovers
|upkeep
|turn|14
|
|t:|1760820076
|move|p1a: Kingambit|Iron Head|p2a: Muk
|-damage|p2a: Muk|0 fnt
|faint|p2a: Muk
|
|-heal|p1a: Kingambit|96/100|[from] Grassy Terrain
|upkeep
|
|t:|1760820078
|switch|p2a: Rillaboom|Rillaboom, M, shiny|32/100
|turn|15
|
|t:|1760820086
|-terastallize|p2a: Rillaboom|Grass
|move|p1a: Kingambit|Sucker Punch|p2a: Rillaboom
|-damage|p2a: Rillaboom|0 fnt
|faint|p2a: Rillaboom
|
|win|Pengerson
|raw|Pengerson's rating: 1155 &rarr; <strong>1178</strong><br />(+23 for winning)
|raw|hi im squid's rating: 1131 &rarr; <strong>1108</strong><br />(-23 for losing)
|l|☆hi im squid
|player|p2|
|l|☆Pengerson
|player|p1|
