|j|☆flygonisdragon
|j|☆RocksDXebeccc
|t:|1760851456
|gametype|singles
|player|p1|flygonisdragon|serena-masters|1647
|player|p2|RocksDXebeccc|170|1776
|gen|9
|tier|[Gen 9] OU
|rated|
|rule|HP Percentage Mod: HP is shown in percentages
|rule|Endless Battle Clause: Forcing endless battles is banned
|rule|Species Clause: Limit one of each Pokémon
|rule|OHKO Clause: OHKO moves are banned
|rule|Evasion Items Clause: Evasion items are banned
|rule|Evasion Moves Clause: Evasion moves are banned
|rule|Evasion Abilities Clause: Evasion abilities are banned
|rule|Sleep Moves Clause: Sleep-inducing moves are banned
|clearpoke
|poke|p1|Clefable, F|
|poke|p1|Heatran, M|
|poke|p1|Corviknight, M|
|poke|p1|Kyurem|
|poke|p1|Ursaluna, F|
|poke|p1|Quaquaval, F|
|poke|p2|Cinderace, M|
|poke|p2|Landorus-Therian, M|
|poke|p2|Gholdengo|
|poke|p2|Clefable, F|
|poke|p2|Mimikyu, F|
|poke|p2|Toxapex, M|
|teampreview
|j| Dazzlzz
|
|t:|1760851473
|teamsize|p1|6
|teamsize|p2|6
|start
|switch|p1a: Heatran|Heatran, M|100/100
|switch|p2a: Toxapex|Toxapex, M|100/100
|turn|1
|j| Puyu Paz
|
|t:|1760851479
|move|p1a: Heatran|Magma Storm|p2a: Toxapex
|-resisted|p2a: Toxapex
|-damage|p2a: Toxapex|86/100
|-activate|p2a: Toxapex|move: Magma Storm|[of] p1a: Heatran
|move|p2a: Toxapex|Surf|p1a: Heatran
|-supereffective|p1a: Heatran
|-damage|p1a: Heatran|78/100
|
|-heal|p1a: Heatran|84/100|[from] item: Leftovers
|-heal|p2a: Toxapex|92/100|[from] item: Leftovers
|-damage|p2a: Toxapex|79/100|[from] move: Magma Storm|[partiallytrapped]
|upkeep
|turn|2
|
|t:|1760851491
|move|p1a: Heatran|Taunt|p2a: Toxapex
|-start|p2a: Toxapex|move: Taunt
|move|p2a: Toxapex|Surf|p1a: Heatran
|-supereffective|p1a: Heatran
|-damage|p1a: Heatran|62/100
|
|-heal|p1a: Heatran|68/100|[from] item: Leftovers
|-heal|p2a: Toxapex|86/100|[from] item: Leftovers
|-damage|p2a: Toxapex|73/100|[from] move: Magma Storm|[partiallytrapped]
|upkeep
|turn|3
|
|t:|1760851500
|move|p1a: Heatran|Earth Power|p2a: Toxapex
|-supereffective|p2a: Toxapex
|-damage|p2a: Toxapex|37/100
|move|p2a: Toxapex|Surf|p1a: Heatran
|-supereffective|p1a: Heatran
|-damage|p1a: Heatran|45/100
|
|-heal|p1a: Heatran|51/100|[from] item: Leftovers
|-heal|p2a: Toxapex|43/100|[from] item: Leftovers
|-damage|p2a: Toxapex|31/100|[from] move: Magma Storm|[partiallytrapped]
|upkeep
|turn|4
|j| XxH0meland3r420xX
|
|t:|1760851508
|move|p1a: Heatran|Earth Power|p2a: Toxapex
|-supereffective|p2a: Toxapex
|-crit|p2a: Toxapex
|-damage|p2a: Toxapex|0 fnt
|faint|p2a: Toxapex
|
|-heal|p1a: Heatran|57/100|[from] item: Leftovers
|upkeep
|
|t:|1760851517
|switch|p2a: Landorus|Landorus-Therian, M|100/100
|-ability|p2a: Landorus|Intimidate|boost
|-unboost|p1a: Heatran|atk|1
|turn|5
|
|t:|1760851523
|switch|p1a: Corviknight|Corviknight, M|100/100
|-ability|p1a: Corviknight|Pressure
|move|p2a: Landorus|Stealth Rock|p1a: Corviknight
|-sidestart|p1: flygonisdragon|move: Stealth Rock
|
|upkeep
|turn|6
|
|t:|1760851530
|switch|p2a: Gholdengo|Gholdengo|100/100
|move|p1a: Corviknight|U-turn|p2a: Gholdengo
|-resisted|p2a: Gholdengo
|-damage|p2a: Gholdengo|96/100
|
|t:|1760851532
|switch|p1a: Heatran|Heatran, M|57/100|[from] U-turn
|-damage|p1a: Heatran|45/100|[from] Stealth Rock
|
|-heal|p1a: Heatran|51/100|[from] item: Leftovers
|upkeep
|turn|7
|
|t:|1760851541
|-terastallize|p2a: Gholdengo|Fighting
|move|p2a: Gholdengo|Tera Blast|p1a: Heatran|[anim] Tera Blast Fighting
|-supereffective|p1a: Heatran
|-damage|p1a: Heatran|0 fnt
|faint|p1a: Heatran
|
|upkeep
|
|t:|1760851552
|switch|p1a: Corviknight|Corviknight, M|100/100
|-damage|p1a: Corviknight|88/100|[from] Stealth Rock
|-ability|p1a: Corviknight|Pressure
|turn|8
|
|t:|1760851559
|switch|p2a: Cinderace|Cinderace, M|100/100
|move|p1a: Corviknight|Brave Bird|p2a: Cinderace
|-damage|p2a: Cinderace|49/100
|-damage|p1a: Corviknight|75/100|[from] Recoil
|
|upkeep
|turn|9
|
|t:|1760851565
|switch|p1a: Ursaluna|Ursaluna, F|100/100
|-damage|p1a: Ursaluna|94/100|[from] Stealth Rock
|move|p2a: Cinderace|Pyro Ball|p1a: Ursaluna
|-immune|p1a: Ursaluna|[from] ability: Bulletproof
|
|upkeep
|turn|10
|
|t:|1760851572
|move|p2a: Cinderace|U-turn|p1a: Ursaluna
|-start|p2a: Cinderace|typechange|Bug|[from] ability: Libero
|-damage|p1a: Ursaluna|68/100
|j| Scoob252525
|
|t:|1760851576
|switch|p2a: Landorus|Landorus-Therian, M|100/100|[from] U-turn
|-ability|p2a: Landorus|Intimidate|boost
|-unboost|p1a: Ursaluna|atk|1
|move|p1a: Ursaluna|Ice Punch|p2a: Landorus
|-supereffective|p2a: Landorus
|-damage|p2a: Landorus|27/100
|
|-heal|p2a: Landorus|33/100|[from] item: Leftovers
|upkeep
|turn|11
|
|t:|1760851590
|move|p2a: Landorus|Earthquake|p1a: Ursaluna
|-damage|p1a: Ursaluna|34/100
|move|p1a: Ursaluna|Ice Punch|p2a: Landorus
|-supereffective|p2a: Landorus
|-damage|p2a: Landorus|0 fnt
|faint|p2a: Landorus
|
|upkeep
|
|t:|1760851597
|switch|p2a: Clefable|Clefable, F|100/100
|turn|12
|
|t:|1760851599
|move|p2a: Clefable|Ice Beam|p1a: Ursaluna
|-supereffective|p1a: Ursaluna
|-damage|p1a: Ursaluna|0 fnt
|faint|p1a: Ursaluna
|
|upkeep
|
|t:|1760851607
|switch|p1a: Clefable|Clefable, F|100/100
|turn|13
|
|t:|1760851612
|switch|p2a: Cinderace|Cinderace, M|49/100
|move|p1a: Clefable|Thunder Wave|p2a: Cinderace
|-status|p2a: Cinderace|par
|
|upkeep
|turn|14
|
|t:|1760851620
|switch|p1a: Corviknight|Corviknight, M|75/100
|-damage|p1a: Corviknight|63/100|[from] Stealth Rock
|-ability|p1a: Corviknight|Pressure
|move|p2a: Cinderace|Pyro Ball|p1a: Corviknight
|-supereffective|p1a: Corviknight
|-damage|p1a: Corviknight|0 fnt
|faint|p1a: Corviknight
|
|upkeep
|
|t:|1760851622
|switch|p1a: Quaquaval|Quaquaval, F, shiny|100/100
|-damage|p1a: Quaquaval|94/100|[from] Stealth Rock
|turn|15
|
|t:|1760851639
|move|p1a: Quaquaval|Aqua Step|p2a: Cinderace
|-supereffective|p2a: Cinderace
|-damage|p2a: Cinderace|0 fnt
|-boost|p1a: Quaquaval|spe|1
|faint|p2a: Cinderace
|-ability|p1a: Quaquaval|Moxie|boost
|-boost|p1a: Quaquaval|atk|1
|
|-heal|p1a: Quaquaval|100/100|[from] item: Leftovers
|upkeep
|
|t:|1760851647
|switch|p2a: Mimikyu|Mimikyu, F|100/100
|turn|16
|j| Mr.villains
|
|t:|1760851651
|switch|p1a: Clefable|Clefable, F|100/100
|move|p2a: Mimikyu|Play Rough|p1a: Clefable
|-damage|p1a: Clefable|62/100
|-damage|p2a: Mimikyu|91/100|[from] item: Life Orb
|
|upkeep
|turn|17
|
|t:|1760851662
|move|p2a: Mimikyu|Swords Dance|p2a: Mimikyu
|-boost|p2a: Mimikyu|atk|2
|move|p1a: Clefable|Moonlight|p1a: Clefable
|-heal|p1a: Clefable|100/100
|
|upkeep
|turn|18
|
|t:|1760851668
|move|p2a: Mimikyu|Play Rough|p1a: Clefable
|-crit|p1a: Clefable
|-damage|p1a: Clefable|50/100
|-damage|p2a: Mimikyu|81/100|[from] item: Life Orb
|move|p1a: Clefable|Thunder Wave|p2a: Mimikyu
|-status|p2a: Mimikyu|par
|
|upkeep
|turn|19
|
|t:|1760851677
|switch|p2a: Gholdengo|Gholdengo, tera:Fighting|96/100
|move|p1a: Clefable|Moonlight|p1a: Clefable
|-heal|p1a: Clefable|99/100
|
|upkeep
|turn|20
|
|t:|1760851688
|-terastallize|p1a: Clefable|Poison
|move|p2a: Gholdengo|Make It Rain|p1a: Clefable
|-damage|p1a: Clefable|40/100
|-unboost|p2a: Gholdengo|spa|1
|move|p1a: Clefable|Calm Mind|p1a: Clefable
|-boost|p1a: Clefable|spa|1
|-boost|p1a: Clefable|spd|1
|
|upkeep
|turn|21
|
|t:|1760851698
|switch|p2a: Mimikyu|Mimikyu, F|81/100 par
|move|p1a: Clefable|Moonlight|p1a: Clefable
|-heal|p1a: Clefable|90/100
|
|upkeep
|turn|22
|
|t:|1760851705
|switch|p2a: Gholdengo|Gholdengo, tera:Fighting|96/100
|move|p1a: Clefable|Moonblast|p2a: Gholdengo
|-supereffective|p2a: Gholdengo
|-damage|p2a: Gholdengo|0 fnt
|faint|p2a: Gholdengo
|
|upkeep
|-message|RocksDXebeccc forfeited.
|
|win|flygonisdragon
|raw|flygonisdragon's rating: 1647 &rarr; <strong>1674</strong><br />(+27 for winning)
|raw|RocksDXebeccc's rating: 1776 &rarr; <strong>1749</strong><br />(-27 for losing)
|l|☆RocksDXebeccc
|player|p2|
|l| Mr.villains
|l|☆flygonisdragon
|player|p1|
|l| Puyu Paz
|l| XxH0meland3r420xX
|l| Scoob252525
