|j|☆raulino3055
|j|☆nawanotnoah
|t:|1760718439
|gametype|singles
|player|p1|raulino3055|jasmine|1351
|player|p2|nawanotnoah|fantina|1347
|gen|9
|tier|[Gen 9] OU
|rated|
|rule|HP Percentage Mod: HP is shown in percentages
|rule|Endless Battle Clause: Forcing endless battles is banned
|rule|Species Clause: Limit one of each Pokémon
|rule|OHKO Clause: OHKO moves are banned
|rule|Evasion Items Clause: Evasion items are banned
|rule|Evasion Moves Clause: Evasion moves are banned
|rule|Evasion Abilities Clause: Evasion abilities are banned
|rule|Sleep Moves Clause: Sleep-inducing moves are banned
|clearpoke
|poke|p1|Deoxys-Defense|
|poke|p1|Conkeldurr, M|
|poke|p1|Hatterene, F|
|poke|p1|Hoopa-Unbound|
|poke|p1|Mimikyu, F|
|poke|p1|Ursaluna, M|
|poke|p2|Gliscor, F|
|poke|p2|Kingambit, F|
|poke|p2|Zamazenta-*|
|poke|p2|Sinistcha-Masterpiece|
|poke|p2|Raging Bolt|
|poke|p2|Iron Valiant|
|teampreview
|inactive|Battle timer is ON: inactive players will automatically lose when time's up. (requested by raulino3055)
|
|t:|1760718479
|teamsize|p1|6
|teamsize|p2|6
|start
|switch|p1a: Deoxys|Deoxys-Defense|100/100
|switch|p2a: Pagani|Sinistcha-Masterpiece|100/100
|-ability|p1a: Deoxys|Pressure
|turn|1
|
|t:|1760718488
|move|p2a: Pagani|Calm Mind|p2a: Pagani
|-boost|p2a: Pagani|spa|1
|-boost|p2a: Pagani|spd|1
|move|p1a: Deoxys|Stealth Rock|p2a: Pagani
|-sidestart|p2: nawanotnoah|move: Stealth Rock
|
|upkeep
|turn|2
|
|t:|1760718493
|move|p2a: Pagani|Calm Mind|p2a: Pagani
|-boost|p2a: Pagani|spa|1
|-boost|p2a: Pagani|spd|1
|move|p1a: Deoxys|Trick Room|p1a: Deoxys
|-fieldstart|move: Trick Room|[of] p1a: Deoxys
|
|upkeep
|turn|3
|
|t:|1760718498
|switch|p1a: Mimikyu|Mimikyu, F|100/100
|move|p2a: Pagani|Calm Mind|p2a: Pagani
|-boost|p2a: Pagani|spa|1
|-boost|p2a: Pagani|spd|1
|
|upkeep
|turn|4
|
|t:|1760718506
|-terastallize|p2a: Pagani|Poison
|move|p2a: Pagani|Matcha Gotcha|p1a: Mimikyu
|-activate|p1a: Mimikyu|ability: Disguise
|-damage|p1a: Mimikyu|100/100
|detailschange|p1a: Mimikyu|Mimikyu-Busted, F
|-damage|p1a: Mimikyu|88/100|[from] pokemon: Mimikyu-Busted
|-enditem|p1a: Mimikyu|Red Card|[of] p2a: Pagani
|drag|p2a: Hyundai|Kingambit, F|100/100
|-damage|p2a: Hyundai|94/100|[from] Stealth Rock
|-item|p2a: Hyundai|Air Balloon
|move|p1a: Mimikyu|Play Rough|p2a: Hyundai
|-damage|p2a: Hyundai|66/100
|-enditem|p2a: Hyundai|Air Balloon
|
|upkeep
|turn|5
|j| RovaRed
|
|t:|1760718521
|move|p2a: Hyundai|Swords Dance|p2a: Hyundai
|-boost|p2a: Hyundai|atk|2
|move|p1a: Mimikyu|Destiny Bond|p1a: Mimikyu
|-singlemove|p1a: Mimikyu|Destiny Bond
|
|upkeep
|turn|6
|
|t:|1760718528
|move|p2a: Hyundai|Swords Dance|p2a: Hyundai
|-boost|p2a: Hyundai|atk|2
|move|p1a: Mimikyu|Trick Room|p1a: Mimikyu
|-fieldend|move: Trick Room
|
|upkeep
|turn|7
|
|t:|1760718540
|move|p2a: Hyundai|Swords Dance|p2a: Hyundai
|-boost|p2a: Hyundai|atk|2
|move|p1a: Mimikyu|Trick Room|p1a: Mimikyu
|-fieldstart|move: Trick Room|[of] p1a: Mimikyu
|
|upkeep
|turn|8
|
|t:|1760718544
|move|p2a: Hyundai|Iron Head|p1a: Mimikyu
|-supereffective|p1a: Mimikyu
|-damage|p1a: Mimikyu|0 fnt
|faint|p1a: Mimikyu
|
|upkeep
|
|t:|1760718549
|switch|p1a: Conkeldurr|Conkeldurr, M|100/100
|turn|9
|
|t:|1760718561
|move|p2a: Hyundai|Sucker Punch|p1a: Conkeldurr
|-resisted|p1a: Conkeldurr
|-damage|p1a: Conkeldurr|32/100
|move|p1a: Conkeldurr|Close Combat|p2a: Hyundai
|-supereffective|p2a: Hyundai
|-damage|p2a: Hyundai|0 fnt
|-unboost|p1a: Conkeldurr|def|1
|-unboost|p1a: Conkeldurr|spd|1
|faint|p2a: Hyundai
|
|-status|p1a: Conkeldurr|brn|[from] item: Flame Orb
|upkeep
|
|t:|1760718568
|switch|p2a: Pagani|Sinistcha-Masterpiece, tera:Poison|100/100
|-damage|p2a: Pagani|88/100|[from] Stealth Rock
|turn|10
|
|t:|1760718575
|switch|p1a: Hoopa|Hoopa-Unbound|100/100
|-enditem|p1a: Hoopa|Room Service
|-unboost|p1a: Hoopa|spe|1|[from] item: Room Service
|move|p2a: Pagani|Calm Mind|p2a: Pagani
|-boost|p2a: Pagani|spa|1
|-boost|p2a: Pagani|spd|1
|
|-heal|p2a: Pagani|94/100|[from] item: Leftovers
|upkeep
|turn|11
|
|t:|1760718597
|move|p1a: Hoopa|Psychic Noise|p2a: Pagani
|-supereffective|p2a: Pagani
|-damage|p2a: Pagani|3/100
|-start|p2a: Pagani|move: Heal Block
|-item|p1a: Hoopa|Leftovers|[from] ability: Magician|[of] p2a: Pagani
|cant|p2a: Pagani|move: Heal Block|Strength Sap
|
|-fieldend|move: Trick Room
|upkeep
|turn|12
|c|☆raulino3055|Lol
|
|t:|1760718607
|move|p2a: Pagani|Shadow Ball|p1a: Hoopa
|-damage|p1a: Hoopa|55/100
|move|p1a: Hoopa|Trick Room|p1a: Hoopa
|-fieldstart|move: Trick Room|[of] p1a: Hoopa
|
|-heal|p1a: Hoopa|61/100|[from] item: Leftovers
|-end|p2a: Pagani|move: Heal Block
|upkeep
|turn|13
|
|t:|1760718614
|switch|p2a: Mitsubishi|Raging Bolt|100/100
|-damage|p2a: Mitsubishi|88/100|[from] Stealth Rock
|move|p1a: Hoopa|Dark Pulse|p2a: Mitsubishi
|-damage|p2a: Mitsubishi|44/100
|
|-heal|p1a: Hoopa|67/100|[from] item: Leftovers
|upkeep
|turn|14
|
|t:|1760718628
|move|p2a: Mitsubishi|Thunderclap|p1a: Hoopa
|-damage|p1a: Hoopa|19/100
|move|p1a: Hoopa|Dark Pulse|p2a: Mitsubishi
|-damage|p2a: Mitsubishi|1/100
|
|-heal|p1a: Hoopa|25/100|[from] item: Leftovers
|upkeep
|turn|15
|c|☆nawanotnoah|RAGING BULK
|
|t:|1760718636
|switch|p1a: Ursaluna|Ursaluna, M|100/100
|move|p2a: Mitsubishi|Thunderclap||[still]
|-fail|p2a: Mitsubishi
|
|-status|p1a: Ursaluna|brn|[from] item: Flame Orb
|upkeep
|turn|16
|
|t:|1760718643
|move|p2a: Mitsubishi|Thunderclap|p1a: Ursaluna
|-immune|p1a: Ursaluna
|move|p1a: Ursaluna|Fire Punch|p2a: Mitsubishi
|-resisted|p2a: Mitsubishi
|-damage|p2a: Mitsubishi|0 fnt
|faint|p2a: Mitsubishi
|-end|p2a: Mitsubishi|Protosynthesis|[silent]
|
|-damage|p1a: Ursaluna|94/100 brn|[from] brn
|-fieldend|move: Trick Room
|upkeep
|
|t:|1760718649
|switch|p2a: Subaru|Iron Valiant|100/100
|-damage|p2a: Subaru|94/100|[from] Stealth Rock
|-enditem|p2a: Subaru|Booster Energy
|-activate|p2a: Subaru|ability: Quark Drive|[fromitem]
|-start|p2a: Subaru|quarkdrivespe
|turn|17
|
|t:|1760718655
|switch|p1a: Deoxys|Deoxys-Defense|100/100
|-ability|p1a: Deoxys|Pressure
|move|p2a: Subaru|Aura Sphere|p1a: Deoxys
|-resisted|p1a: Deoxys
|-damage|p1a: Deoxys|89/100
|
|upkeep
|turn|18
|
|t:|1760718669
|-end|p2a: Subaru|Quark Drive|[silent]
|switch|p2a: Toyota|Gliscor, F|100/100
|-damage|p2a: Toyota|88/100|[from] Stealth Rock
|move|p1a: Deoxys|Trick Room|p1a: Deoxys
|-fieldstart|move: Trick Room|[of] p1a: Deoxys
|
|-status|p2a: Toyota|tox|[from] item: Toxic Orb
|upkeep
|turn|19
|
|t:|1760718675
|move|p2a: Toyota|Swords Dance|p2a: Toyota
|-boost|p2a: Toyota|atk|2
|move|p1a: Deoxys|Teleport|p1a: Deoxys
|
|t:|1760718676
|switch|p1a: Ursaluna|Ursaluna, M|94/100 brn|[from] Teleport
|
|-heal|p2a: Toyota|100/100 tox|[from] ability: Poison Heal
|-damage|p1a: Ursaluna|88/100 brn|[from] brn
|upkeep
|turn|20
|
|t:|1760718680
|-terastallize|p1a: Ursaluna|Normal
|move|p2a: Toyota|Protect|p2a: Toyota
|-singleturn|p2a: Toyota|Protect
|move|p1a: Ursaluna|Facade|p2a: Toyota
|-activate|p2a: Toyota|move: Protect
|
|-damage|p1a: Ursaluna|82/100 brn|[from] brn
|upkeep
|turn|21
|
|t:|1760718689
|move|p1a: Ursaluna|Facade|p2a: Toyota
|-damage|p2a: Toyota|0 fnt
|faint|p2a: Toyota
|
|-damage|p1a: Ursaluna|76/100 brn|[from] brn
|upkeep
|
|t:|1760718693
|switch|p2a: Subaru|Iron Valiant|94/100
|-damage|p2a: Subaru|88/100|[from] Stealth Rock
|turn|22
|c|☆raulino3055|Lol
|
|t:|1760718698
|-end|p2a: Subaru|Quark Drive|[silent]
|switch|p2a: Pagani|Sinistcha-Masterpiece, tera:Poison|3/100
|-damage|p2a: Pagani|0 fnt|[from] Stealth Rock
|faint|p2a: Pagani
|move|p1a: Ursaluna|Facade|p2: Pagani|[notarget]
|-fail|p1a: Ursaluna
|
|-damage|p1a: Ursaluna|70/100 brn|[from] brn
|-fieldend|move: Trick Room
|upkeep
|
|t:|1760718701
|switch|p2a: Lexus|Zamazenta|100/100
|-damage|p2a: Lexus|94/100|[from] Stealth Rock
|-ability|p2a: Lexus|Dauntless Shield|boost
|-boost|p2a: Lexus|def|1
|turn|23
|
|t:|1760718706
|switch|p1a: Deoxys|Deoxys-Defense|89/100
|-ability|p1a: Deoxys|Pressure
|move|p2a: Lexus|Iron Defense|p2a: Lexus
|-boost|p2a: Lexus|def|2
|
|upkeep
|turn|24
|
|t:|1760718711
|move|p2a: Lexus|Iron Defense|p2a: Lexus
|-boost|p2a: Lexus|def|2
|move|p1a: Deoxys|Trick Room|p1a: Deoxys
|-fieldstart|move: Trick Room|[of] p1a: Deoxys
|
|upkeep
|turn|25
|
|t:|1760718722
|move|p1a: Deoxys|Night Shade|p2a: Lexus
|-damage|p2a: Lexus|69/100
|move|p2a: Lexus|Iron Defense|p2a: Lexus
|-boost|p2a: Lexus|def|1
|
|upkeep
|turn|26
|
|t:|1760718725
|move|p1a: Deoxys|Night Shade|p2a: Lexus
|-damage|p2a: Lexus|43/100
|move|p2a: Lexus|Body Press|p1a: Deoxys
|-resisted|p1a: Deoxys
|-crit|p1a: Deoxys
|-damage|p1a: Deoxys|25/100
|
|upkeep
|turn|27
|
|t:|1760718731
|move|p1a: Deoxys|Night Shade|p2a: Lexus
|-damage|p2a: Lexus|17/100
|move|p2a: Lexus|Body Press|p1a: Deoxys
|-resisted|p1a: Deoxys
|-damage|p1a: Deoxys|0 fnt
|faint|p1a: Deoxys
|
|upkeep
|c|☆raulino3055|Wow what a try hard =]
|
|t:|1760718745
|switch|p1a: Hatterene|Hatterene, F|100/100
|turn|28
|c|☆raulino3055|Tera steel and beat me
|c|☆nawanotnoah|gang this is showdown 🥀
|
|t:|1760718767
|move|p1a: Hatterene|Draining Kiss|p2a: Lexus
|-supereffective|p2a: Lexus
|-damage|p2a: Lexus|0 fnt
|faint|p2a: Lexus
|
|-fieldend|move: Trick Room
|upkeep
|
|t:|1760718770
|switch|p2a: Subaru|Iron Valiant|88/100
|-damage|p2a: Subaru|82/100|[from] Stealth Rock
|turn|29
|
|t:|1760718774
|move|p2a: Subaru|Shadow Ball|p1a: Hatterene
|-supereffective|p1a: Hatterene
|-damage|p1a: Hatterene|43/100
|move|p1a: Hatterene|Draining Kiss|p2a: Subaru
|-supereffective|p2a: Subaru
|-damage|p2a: Subaru|0 fnt
|-heal|p1a: Hatterene|99/100|[from] drain|[of] p2a: Subaru
|faint|p2a: Subaru
|-end|p2a: Subaru|Quark Drive|[silent]
|
|win|raulino3055
|raw|raulino3055's rating: 1351 &rarr; <strong>1371</strong><br />(+20 for winning)
|raw|nawanotnoah's rating: 1347 &rarr; <strong>1327</strong><br />(-20 for losing)
|c|☆nawanotnoah|gg
