|j|☆scrubtest98
|j|☆OP Earthquakes
|t:|1760760706
|gametype|singles
|player|p1|scrubtest98|265|1365
|player|p2|OP Earthquakes|giovanni-masters|1429
|gen|9
|tier|[Gen 9] OU
|rated|
|rule|HP Percentage Mod: HP is shown in percentages
|rule|Endless Battle Clause: Forcing endless battles is banned
|rule|Species Clause: Limit one of each Pokémon
|rule|OHKO Clause: OHKO moves are banned
|rule|Evasion Items Clause: Evasion items are banned
|rule|Evasion Moves Clause: Evasion moves are banned
|rule|Evasion Abilities Clause: Evasion abilities are banned
|rule|Sleep Moves Clause: Sleep-inducing moves are banned
|clearpoke
|poke|p1|Zamazenta-*|
|poke|p1|Ninetales-Alola, M|
|poke|p1|Darkrai|
|poke|p1|Ceruledge, M|
|poke|p1|Gliscor, M|
|poke|p1|Hatterene, F|
|poke|p2|Excadrill, M|
|poke|p2|Hawlucha, M|
|poke|p2|Kyurem|
|poke|p2|Tyranitar, F|
|poke|p2|Pawmot, F|
|poke|p2|Thundurus-Therian, M|
|teampreview
|inactive|Battle timer is ON: inactive players will automatically lose when time's up. (requested by OP Earthquakes)
|
|t:|1760760730
|teamsize|p1|6
|teamsize|p2|6
|start
|switch|p1a: Gliscor|Gliscor, M|100/100
|switch|p2a: OP|Excadrill, M|100/100
|turn|1
|
|t:|1760760738
|switch|p2a: Itachi|Hawlucha, M, shiny|100/100
|-ability|p2a: Itachi|Mold Breaker
|move|p1a: Gliscor|Swords Dance|p1a: Gliscor
|-boost|p1a: Gliscor|atk|2
|
|-status|p1a: Gliscor|tox|[from] item: Toxic Orb
|upkeep
|turn|2
|
|t:|1760760744
|move|p2a: Itachi|Swords Dance|p2a: Itachi
|-boost|p2a: Itachi|atk|2
|move|p1a: Gliscor|Agility|p1a: Gliscor
|-boost|p1a: Gliscor|spe|2
|
|upkeep
|turn|3
|
|t:|1760760759
|-terastallize|p2a: Itachi|Steel
|move|p1a: Gliscor|Facade|p2a: Itachi
|-resisted|p2a: Itachi
|-damage|p2a: Itachi|59/100
|-enditem|p2a: Itachi|Red Card|[of] p1a: Gliscor
|drag|p1a: Ceruledge|Ceruledge, M|100/100
|move|p2a: Itachi|Brave Bird|p1a: Ceruledge
|-damage|p1a: Ceruledge|0 fnt
|faint|p1a: Ceruledge
|-damage|p2a: Itachi|20/100|[from] Recoil
|
|upkeep
|
|t:|1760760778
|switch|p1a: Zamazenta|Zamazenta|100/100
|-ability|p1a: Zamazenta|Dauntless Shield|boost
|-boost|p1a: Zamazenta|def|1
|turn|4
|
|t:|1760760787
|switch|p2a: Thundurus|Thundurus-Therian, M|100/100
|-terastallize|p1a: Zamazenta|Fire
|move|p1a: Zamazenta|Iron Defense|p1a: Zamazenta
|-boost|p1a: Zamazenta|def|2
|
|upkeep
|turn|5
|
|t:|1760760796
|move|p2a: Thundurus|Volt Switch|p1a: Zamazenta
|-damage|p1a: Zamazenta|56/100
|
|t:|1760760809
|switch|p2a: Itachi|Hawlucha, M, shiny, tera:Steel|20/100|[from] Volt Switch
|-ability|p2a: Itachi|Mold Breaker
|move|p1a: Zamazenta|Iron Defense|p1a: Zamazenta
|-boost|p1a: Zamazenta|def|2
|
|upkeep
|turn|6
|
|t:|1760760817
|move|p1a: Zamazenta|Body Press|p2a: Itachi
|-supereffective|p2a: Itachi
|-damage|p2a: Itachi|0 fnt
|faint|p2a: Itachi
|
|upkeep
|
|t:|1760760824
|switch|p2a: Thundurus|Thundurus-Therian, M|100/100
|turn|7
|
|t:|1760760828
|move|p2a: Thundurus|Volt Switch|p1a: Zamazenta
|-damage|p1a: Zamazenta|18/100
|
|t:|1760760832
|switch|p2a: Shukaku|Tyranitar, F, shiny|100/100|[from] Volt Switch
|-weather|Sandstorm|[from] ability: Sand Stream|[of] p2a: Shukaku
|move|p1a: Zamazenta|Body Press|p2a: Shukaku
|-supereffective|p2a: Shukaku
|-damage|p2a: Shukaku|0 fnt
|faint|p2a: Shukaku
|
|-weather|Sandstorm|[upkeep]
|-damage|p1a: Zamazenta|12/100|[from] Sandstorm
|upkeep
|
|t:|1760760835
|switch|p2a: Thundurus|Thundurus-Therian, M|100/100
|turn|8
|
|t:|1760760840
|switch|p1a: Gliscor|Gliscor, M|100/100 tox
|move|p2a: Thundurus|Weather Ball|p1a: Gliscor
|-damage|p1a: Gliscor|54/100 tox
|
|-weather|Sandstorm|[upkeep]
|-damage|p2a: Thundurus|94/100|[from] Sandstorm
|-heal|p1a: Gliscor|66/100 tox|[from] ability: Poison Heal
|upkeep
|turn|9
|
|t:|1760760849
|switch|p2a: Frieza|Kyurem, shiny|100/100
|-ability|p2a: Frieza|Pressure
|switch|p1a: Ninetales|Ninetales-Alola, M|100/100
|-weather|Snowscape|[from] ability: Snow Warning|[of] p1a: Ninetales
|
|-weather|Snowscape|[upkeep]
|upkeep
|turn|10
|
|t:|1760760853
|switch|p2a: Thundurus|Thundurus-Therian, M|94/100
|move|p1a: Ninetales|Aurora Veil|p1a: Ninetales
|-sidestart|p1: scrubtest98|move: Aurora Veil
|
|-weather|Snowscape|[upkeep]
|upkeep
|turn|11
|
|t:|1760760864
|switch|p2a: Porunga|Pawmot, F|100/100
|move|p1a: Ninetales|Freeze-Dry|p2a: Porunga
|-damage|p2a: Porunga|73/100
|
|-weather|Snowscape|[upkeep]
|upkeep
|turn|12
|
|t:|1760760870
|switch|p1a: Gliscor|Gliscor, M|66/100 tox
|switch|p2a: OP|Excadrill, M|100/100
|
|-weather|Snowscape|[upkeep]
|-heal|p1a: Gliscor|79/100 tox|[from] ability: Poison Heal
|upkeep
|turn|13
|
|t:|1760760875
|switch|p2a: Frieza|Kyurem, shiny|100/100
|-ability|p2a: Frieza|Pressure
|move|p1a: Gliscor|Agility|p1a: Gliscor
|-boost|p1a: Gliscor|spe|2
|
|-weather|none
|-heal|p1a: Gliscor|91/100 tox|[from] ability: Poison Heal
|upkeep
|turn|14
|
|t:|1760760884
|move|p1a: Gliscor|Facade|p2a: Frieza
|-damage|p2a: Frieza|69/100
|move|p2a: Frieza|Freeze-Dry|p1a: Gliscor
|-supereffective|p1a: Gliscor
|-damage|p1a: Gliscor|0 fnt
|faint|p1a: Gliscor
|
|upkeep
|
|t:|1760760889
|switch|p1a: Zamazenta|Zamazenta, tera:Fire|12/100
|turn|15
|
|t:|1760760902
|switch|p2a: Thundurus|Thundurus-Therian, M|94/100
|move|p1a: Zamazenta|Rest|p1a: Zamazenta
|-status|p1a: Zamazenta|slp|[from] move: Rest
|-heal|p1a: Zamazenta|100/100 slp|[silent]
|-enditem|p1a: Zamazenta|Chesto Berry|[eat]
|-curestatus|p1a: Zamazenta|slp|[msg]
|
|upkeep
|turn|16
|
|t:|1760760913
|switch|p1a: Hatterene|Hatterene, F|100/100
|move|p2a: Thundurus|Volt Switch|p1a: Hatterene
|-damage|p1a: Hatterene|77/100
|
|t:|1760760918
|switch|p2a: Porunga|Pawmot, F|73/100|[from] Volt Switch
|
|-heal|p1a: Hatterene|83/100|[from] item: Leftovers
|upkeep
|turn|17
|
|t:|1760760925
|move|p2a: Porunga|Revival Blessing|p2a: Porunga
|-enditem|p2a: Porunga|Leppa Berry|[eat]
|-activate|p2a: Porunga|item: Leppa Berry|Revival Blessing|[consumed]
|
|t:|1760760928
|-heal|p2: Shukaku|50/100|[from] move: Revival Blessing
|move|p1a: Hatterene|Draining Kiss|p2a: Porunga
|-supereffective|p2a: Porunga
|-damage|p2a: Porunga|12/100
|-heal|p1a: Hatterene|100/100|[from] drain|[of] p2a: Porunga
|
|-sideend|p1: scrubtest98|move: Aurora Veil
|upkeep
|turn|18
|
|t:|1760760936
|switch|p2a: OP|Excadrill, M|100/100
|move|p1a: Hatterene|Draining Kiss|p2a: OP
|-resisted|p2a: OP
|-damage|p2a: OP|85/100
|
|upkeep
|turn|19
|
|t:|1760760939
|move|p2a: OP|Earthquake|p1a: Hatterene
|-damage|p1a: Hatterene|25/100
|move|p1a: Hatterene|Mystical Fire|p2a: OP
|-supereffective|p2a: OP
|-damage|p2a: OP|23/100
|-unboost|p2a: OP|spa|1
|
|-heal|p1a: Hatterene|31/100|[from] item: Leftovers
|upkeep
|turn|20
|
|t:|1760760946
|move|p2a: OP|Earthquake|p1a: Hatterene
|-damage|p1a: Hatterene|0 fnt
|faint|p1a: Hatterene
|
|upkeep
|
|t:|1760760947
|switch|p1a: Zamazenta|Zamazenta, tera:Fire|100/100
|turn|21
|
|t:|1760760952
|switch|p2a: Thundurus|Thundurus-Therian, M|94/100
|move|p1a: Zamazenta|Iron Defense|p1a: Zamazenta
|-boost|p1a: Zamazenta|def|2
|
|upkeep
|turn|22
|
|t:|1760760955
|move|p2a: Thundurus|Volt Switch|p1a: Zamazenta
|-damage|p1a: Zamazenta|63/100
|
|t:|1760760960
|switch|p2a: Shukaku|Tyranitar, F, shiny|50/100|[from] Volt Switch
|-weather|Sandstorm|[from] ability: Sand Stream|[of] p2a: Shukaku
|move|p1a: Zamazenta|Iron Defense|p1a: Zamazenta
|-boost|p1a: Zamazenta|def|2
|
|-weather|Sandstorm|[upkeep]
|-damage|p1a: Zamazenta|57/100|[from] Sandstorm
|upkeep
|turn|23
|
|t:|1760760969
|switch|p2a: Frieza|Kyurem, shiny|69/100
|-ability|p2a: Frieza|Pressure
|move|p1a: Zamazenta|Body Press|p2a: Frieza
|-supereffective|p2a: Frieza
|-damage|p2a: Frieza|0 fnt
|faint|p2a: Frieza
|
|-weather|Sandstorm|[upkeep]
|-damage|p1a: Zamazenta|51/100|[from] Sandstorm
|upkeep
|
|t:|1760760980
|switch|p2a: OP|Excadrill, M|23/100
|turn|24
|
|t:|1760760983
|move|p2a: OP|Earthquake|p1a: Zamazenta
|-supereffective|p1a: Zamazenta
|-damage|p1a: Zamazenta|7/100
|move|p1a: Zamazenta|Iron Defense|p1a: Zamazenta
|-boost|p1a: Zamazenta|def|2
|
|-weather|Sandstorm|[upkeep]
|-damage|p1a: Zamazenta|0 fnt|[from] Sandstorm
|faint|p1a: Zamazenta
|upkeep
|
|t:|1760760993
|switch|p1a: Ninetales|Ninetales-Alola, M|100/100
|-weather|Snowscape|[from] ability: Snow Warning|[of] p1a: Ninetales
|turn|25
|
|t:|1760761010
|switch|p1a: Darkrai|Darkrai|100/100
|switch|p2a: Shukaku|Tyranitar, F, shiny|50/100
|-weather|Sandstorm|[from] ability: Sand Stream|[of] p2a: Shukaku
|
|-weather|Sandstorm|[upkeep]
|-damage|p1a: Darkrai|94/100|[from] Sandstorm
|-heal|p1a: Darkrai|100/100|[from] item: Leftovers
|upkeep
|turn|26
|
|t:|1760761021
|move|p1a: Darkrai|Focus Blast|p2a: Shukaku
|-supereffective|p2a: Shukaku
|-damage|p2a: Shukaku|0 fnt
|faint|p2a: Shukaku
|
|-weather|Sandstorm|[upkeep]
|-damage|p1a: Darkrai|94/100|[from] Sandstorm
|-heal|p1a: Darkrai|100/100|[from] item: Leftovers
|upkeep
|
|t:|1760761025
|switch|p2a: OP|Excadrill, M|23/100
|turn|27
|
|t:|1760761028
|switch|p1a: Ninetales|Ninetales-Alola, M|100/100
|-weather|Snowscape|[from] ability: Snow Warning|[of] p1a: Ninetales
|move|p2a: OP|Iron Head|p1a: Ninetales
|-supereffective|p1a: Ninetales
|-damage|p1a: Ninetales|0 fnt
|faint|p1a: Ninetales
|
|-weather|Snowscape|[upkeep]
|upkeep
|
|t:|1760761034
|switch|p1a: Darkrai|Darkrai|100/100
|turn|28
|
|t:|1760761048
|move|p1a: Darkrai|Dark Pulse|p2a: OP
|-damage|p2a: OP|0 fnt
|faint|p2a: OP
|
|-weather|Snowscape|[upkeep]
|upkeep
|
|t:|1760761051
|switch|p2a: Thundurus|Thundurus-Therian, M|94/100
|turn|29
|
|t:|1760761056
|move|p2a: Thundurus|Volt Switch|p1a: Darkrai
|-damage|p1a: Darkrai|45/100
|
|t:|1760761059
|switch|p2a: Porunga|Pawmot, F|12/100|[from] Volt Switch
|move|p1a: Darkrai|Dark Pulse|p2a: Porunga
|-resisted|p2a: Porunga
|-damage|p2a: Porunga|0 fnt
|faint|p2a: Porunga
|
|-weather|Snowscape|[upkeep]
|-heal|p1a: Darkrai|51/100|[from] item: Leftovers
|upkeep
|
|t:|1760761061
|switch|p2a: Thundurus|Thundurus-Therian, M|94/100
|turn|30
|-message|scrubtest98 forfeited.
|
|win|OP Earthquakes
|raw|scrubtest98's rating: 1365 &rarr; <strong>1349</strong><br />(-16 for losing)
|raw|OP Earthquakes's rating: 1429 &rarr; <strong>1445</strong><br />(+16 for winning)
|l|☆scrubtest98
|player|p1|
|l|☆OP Earthquakes
|player|p2|
