|j|☆reudige Gurke
|j|☆amazingaayush
|t:|1760810168
|gametype|singles
|player|p1|reudige Gurke|265|1204
|player|p2|amazingaayush|skyla|1276
|gen|9
|tier|[Gen 9] OU
|rated|
|rule|HP Percentage Mod: HP is shown in percentages
|rule|Endless Battle Clause: Forcing endless battles is banned
|rule|Species Clause: Limit one of each Pokémon
|rule|OHKO Clause: OHKO moves are banned
|rule|Evasion Items Clause: Evasion items are banned
|rule|Evasion Moves Clause: Evasion moves are banned
|rule|Evasion Abilities Clause: Evasion abilities are banned
|rule|Sleep Moves Clause: Sleep-inducing moves are banned
|clearpoke
|poke|p1|Mew|
|poke|p1|Alomomola, M|
|poke|p1|Cinderace, M|
|poke|p1|Primarina, F|
|poke|p1|Persian-Alola, F|
|poke|p1|Kyurem|
|poke|p2|Darkrai|
|poke|p2|Ogerpon-Wellspring, F|
|poke|p2|Tyranitar, M|
|poke|p2|Hatterene, F|
|poke|p2|Corviknight, F|
|poke|p2|Great Tusk|
|teampreview
|inactive|Battle timer is ON: inactive players will automatically lose when time's up. (requested by amazingaayush)
|
|t:|1760810172
|teamsize|p1|6
|teamsize|p2|6
|start
|switch|p1a: Persian|Persian-Alola, F|100/100
|switch|p2a: Hatterene|Hatterene, F, shiny|100/100
|turn|1
|
|t:|1760810179
|move|p1a: Persian|Switcheroo|p2a: Hatterene
|-activate|p1a: Persian|move: Trick|[of] p2a: Hatterene
|-item|p2a: Hatterene|Choice Scarf|[from] move: Switcheroo
|-item|p1a: Persian|Mirror Herb|[from] move: Switcheroo
|move|p2a: Hatterene|Draining Kiss|p1a: Persian
|-supereffective|p1a: Persian
|-damage|p1a: Persian|19/100
|
|upkeep
|turn|2
|
|t:|1760810193
|move|p1a: Persian|Parting Shot|p2a: Hatterene
|move|p2a: Hatterene|Parting Shot|p1a: Persian|[from] ability: Magic Bounce
|-unboost|p1a: Persian|atk|1
|-unboost|p1a: Persian|spa|1
|
|t:|1760810204
|switch|p2a: Corviknight|Corviknight, F, shiny|100/100|[from] Parting Shot
|
|upkeep
|turn|3
|
|t:|1760810213
|move|p1a: Persian|Thunder Wave|p2a: Corviknight
|-status|p2a: Corviknight|par
|move|p2a: Corviknight|Body Press|p1a: Persian
|-supereffective|p1a: Persian
|-damage|p1a: Persian|0 fnt
|faint|p1a: Persian
|
|upkeep
|
|t:|1760810220
|switch|p1a: Mew|Mew|100/100
|turn|4
|
|t:|1760810231
|switch|p2a: Hatterene|Hatterene, F, shiny|100/100
|move|p1a: Mew|Calm Mind|p1a: Mew
|-boost|p1a: Mew|spa|1
|-boost|p1a: Mew|spd|1
|
|upkeep
|turn|5
|
|t:|1760810238
|move|p1a: Mew|Calm Mind|p1a: Mew
|-boost|p1a: Mew|spa|1
|-boost|p1a: Mew|spd|1
|move|p2a: Hatterene|Mystical Fire|p1a: Mew
|-damage|p1a: Mew|87/100
|-unboost|p1a: Mew|spa|1
|
|upkeep
|turn|6
|
|t:|1760810245
|move|p1a: Mew|Calm Mind|p1a: Mew
|-boost|p1a: Mew|spa|1
|-boost|p1a: Mew|spd|1
|move|p2a: Hatterene|Mystical Fire|p1a: Mew
|-damage|p1a: Mew|78/100
|-unboost|p1a: Mew|spa|1
|
|upkeep
|turn|7
|
|t:|1760810251
|move|p1a: Mew|Calm Mind|p1a: Mew
|-boost|p1a: Mew|spa|1
|-boost|p1a: Mew|spd|1
|move|p2a: Hatterene|Mystical Fire|p1a: Mew
|-damage|p1a: Mew|70/100
|-unboost|p1a: Mew|spa|1
|
|upkeep
|turn|8
|
|t:|1760810258
|move|p1a: Mew|Calm Mind|p1a: Mew
|-boost|p1a: Mew|spa|1
|-boost|p1a: Mew|spd|1
|move|p2a: Hatterene|Mystical Fire|p1a: Mew
|-damage|p1a: Mew|62/100
|-unboost|p1a: Mew|spa|1
|
|upkeep
|turn|9
|
|t:|1760810265
|move|p1a: Mew|Calm Mind|p1a: Mew
|-boost|p1a: Mew|spa|1
|-boost|p1a: Mew|spd|1
|move|p2a: Hatterene|Mystical Fire|p1a: Mew
|-damage|p1a: Mew|55/100
|-unboost|p1a: Mew|spa|1
|
|upkeep
|turn|10
|
|t:|1760810270
|move|p1a: Mew|Agility|p1a: Mew
|-boost|p1a: Mew|spe|2
|move|p2a: Hatterene|Mystical Fire|p1a: Mew
|-damage|p1a: Mew|50/100
|-unboost|p1a: Mew|spa|1
|
|upkeep
|turn|11
|
|t:|1760810273
|switch|p2a: Great Tusk|Great Tusk, shiny|100/100
|-enditem|p2a: Great Tusk|Booster Energy
|-activate|p2a: Great Tusk|ability: Protosynthesis|[fromitem]
|-start|p2a: Great Tusk|protosynthesisatk
|move|p1a: Mew|Stored Power|p2a: Great Tusk
|-supereffective|p2a: Great Tusk
|-damage|p2a: Great Tusk|0 fnt
|faint|p2a: Great Tusk
|-end|p2a: Great Tusk|Protosynthesis|[silent]
|
|upkeep
|
|t:|1760810275
|switch|p2a: Tyranitar|Tyranitar, M, shiny|100/100
|-weather|Sandstorm|[from] ability: Sand Stream|[of] p2a: Tyranitar
|turn|12
|
|t:|1760810280
|-terastallize|p1a: Mew|Fairy
|move|p1a: Mew|Draining Kiss|p2a: Tyranitar
|-supereffective|p2a: Tyranitar
|-damage|p2a: Tyranitar|86/100
|-heal|p1a: Mew|61/100|[from] drain|[of] p2a: Tyranitar
|move|p2a: Tyranitar|Knock Off|p1a: Mew
|-resisted|p1a: Mew
|-damage|p1a: Mew|43/100
|-enditem|p1a: Mew|Weakness Policy|[from] move: Knock Off|[of] p2a: Tyranitar
|
|-weather|Sandstorm|[upkeep]
|-damage|p1a: Mew|37/100|[from] Sandstorm
|upkeep
|turn|13
|
|t:|1760810290
|move|p1a: Mew|Draining Kiss|p2a: Tyranitar
|-supereffective|p2a: Tyranitar
|-damage|p2a: Tyranitar|70/100
|-heal|p1a: Mew|48/100|[from] drain|[of] p2a: Tyranitar
|move|p2a: Tyranitar|Stone Edge|p1a: Mew|[miss]
|-miss|p2a: Tyranitar|p1a: Mew
|
|-weather|Sandstorm|[upkeep]
|-damage|p1a: Mew|42/100|[from] Sandstorm
|upkeep
|turn|14
|
|t:|1760810296
|move|p1a: Mew|Draining Kiss|p2a: Tyranitar
|-supereffective|p2a: Tyranitar
|-damage|p2a: Tyranitar|55/100
|-heal|p1a: Mew|53/100|[from] drain|[of] p2a: Tyranitar
|move|p2a: Tyranitar|Stone Edge|p1a: Mew
|-damage|p1a: Mew|16/100
|
|-weather|Sandstorm|[upkeep]
|-damage|p1a: Mew|10/100|[from] Sandstorm
|upkeep
|turn|15
|
|t:|1760810303
|move|p1a: Mew|Draining Kiss|p2a: Tyranitar
|-supereffective|p2a: Tyranitar
|-damage|p2a: Tyranitar|41/100
|-heal|p1a: Mew|21/100|[from] drain|[of] p2a: Tyranitar
|move|p2a: Tyranitar|Earthquake|p1a: Mew
|-damage|p1a: Mew|0 fnt
|faint|p1a: Mew
|
|-weather|Sandstorm|[upkeep]
|upkeep
|
|t:|1760810310
|switch|p1a: Cinderace|Cinderace, M|100/100
|turn|16
|
|t:|1760810327
|-terastallize|p2a: Tyranitar|Fairy
|move|p1a: Cinderace|U-turn|p2a: Tyranitar
|-start|p1a: Cinderace|typechange|Bug|[from] ability: Libero
|-resisted|p2a: Tyranitar
|-damage|p2a: Tyranitar|28/100
|
|t:|1760810343
|switch|p1a: Alomomola|Alomomola, M|100/100|[from] U-turn
|move|p2a: Tyranitar|Earthquake|p1a: Alomomola
|-damage|p1a: Alomomola|81/100
|
|-weather|none
|upkeep
|turn|17
|
|t:|1760810350
|move|p2a: Tyranitar|Knock Off|p1a: Alomomola
|-damage|p1a: Alomomola|53/100
|-enditem|p1a: Alomomola|Heavy-Duty Boots|[from] move: Knock Off|[of] p2a: Tyranitar
|move|p1a: Alomomola|Scald|p2a: Tyranitar
|-damage|p2a: Tyranitar|20/100
|
|upkeep
|turn|18
|
|t:|1760810356
|move|p2a: Tyranitar|Tera Blast|p1a: Alomomola|[anim] Tera Blast Fairy
|-damage|p1a: Alomomola|26/100
|move|p1a: Alomomola|Wish|p1a: Alomomola
|
|upkeep
|turn|19
|
|t:|1760810360
|move|p1a: Alomomola|Protect|p1a: Alomomola
|-singleturn|p1a: Alomomola|Protect
|move|p2a: Tyranitar|Tera Blast|p1a: Alomomola|[anim] Tera Blast Fairy
|-activate|p1a: Alomomola|move: Protect
|
|-heal|p1a: Alomomola|76/100|[from] move: Wish|[wisher] Alomomola
|upkeep
|turn|20
|
|t:|1760810362
|move|p2a: Tyranitar|Tera Blast|p1a: Alomomola|[anim] Tera Blast Fairy
|-damage|p1a: Alomomola|52/100
|move|p1a: Alomomola|Wish|p1a: Alomomola
|
|upkeep
|turn|21
|
|t:|1760810366
|move|p2a: Tyranitar|Stone Edge|p1a: Alomomola
|-damage|p1a: Alomomola|22/100
|move|p1a: Alomomola|Scald|p2a: Tyranitar
|-damage|p2a: Tyranitar|12/100
|
|-heal|p1a: Alomomola|72/100|[from] move: Wish|[wisher] Alomomola
|upkeep
|turn|22
|
|t:|1760810379
|move|p2a: Tyranitar|Stone Edge|p1a: Alomomola
|-damage|p1a: Alomomola|39/100
|move|p1a: Alomomola|Wish|p1a: Alomomola
|
|upkeep
|turn|23
|
|t:|1760810383
|move|p1a: Alomomola|Protect|p1a: Alomomola
|-singleturn|p1a: Alomomola|Protect
|move|p2a: Tyranitar|Stone Edge|p1a: Alomomola
|-activate|p1a: Alomomola|move: Protect
|
|-heal|p1a: Alomomola|89/100|[from] move: Wish|[wisher] Alomomola
|upkeep
|turn|24
|
|t:|1760810388
|move|p2a: Tyranitar|Stone Edge|p1a: Alomomola
|-damage|p1a: Alomomola|56/100
|move|p1a: Alomomola|Wish|p1a: Alomomola
|
|upkeep
|turn|25
|
|t:|1760810391
|move|p2a: Tyranitar|Stone Edge|p1a: Alomomola
|-crit|p1a: Alomomola
|-damage|p1a: Alomomola|11/100
|move|p1a: Alomomola|Scald|p2a: Tyranitar
|-damage|p2a: Tyranitar|5/100
|-status|p2a: Tyranitar|brn
|
|-heal|p1a: Alomomola|61/100|[from] move: Wish|[wisher] Alomomola
|-damage|p2a: Tyranitar|0 fnt|[from] brn
|faint|p2a: Tyranitar
|upkeep
|
|t:|1760810394
|switch|p2a: Ogerpon|Ogerpon-Wellspring, F|100/100
|turn|26
|
|t:|1760810421
|switch|p1a: Kyurem|Kyurem|100/100
|-ability|p1a: Kyurem|Pressure
|move|p2a: Ogerpon|Swords Dance|p2a: Ogerpon
|-boost|p2a: Ogerpon|atk|2
|
|upkeep
|turn|27
|
|t:|1760810442
|move|p2a: Ogerpon|Ivy Cudgel|p1a: Kyurem|[anim] Ivy Cudgel Water
|-resisted|p1a: Kyurem
|-damage|p1a: Kyurem|50/100
|move|p1a: Kyurem|Dragon Dance|p1a: Kyurem
|-boost|p1a: Kyurem|atk|1
|-boost|p1a: Kyurem|spe|1
|
|-heal|p1a: Kyurem|56/100|[from] item: Leftovers
|upkeep
|turn|28
|
|t:|1760810447
|move|p1a: Kyurem|Protect|p1a: Kyurem
|-singleturn|p1a: Kyurem|Protect
|move|p2a: Ogerpon|Spiky Shield||[still]
|-fail|p2a: Ogerpon
|
|-heal|p1a: Kyurem|62/100|[from] item: Leftovers
|upkeep
|turn|29
|
|t:|1760810453
|move|p1a: Kyurem|Substitute|p1a: Kyurem
|-start|p1a: Kyurem|Substitute
|-damage|p1a: Kyurem|37/100
|move|p2a: Ogerpon|Ivy Cudgel|p1a: Kyurem|[anim] Ivy Cudgel Water
|-resisted|p1a: Kyurem
|-end|p1a: Kyurem|Substitute
|
|-heal|p1a: Kyurem|43/100|[from] item: Leftovers
|upkeep
|turn|30
|
|t:|1760810457
|move|p1a: Kyurem|Protect|p1a: Kyurem
|-singleturn|p1a: Kyurem|Protect
|move|p2a: Ogerpon|Ivy Cudgel|p1a: Kyurem|[anim] Ivy Cudgel Water
|-activate|p1a: Kyurem|move: Protect
|
|-heal|p1a: Kyurem|49/100|[from] item: Leftovers
|upkeep
|turn|31
|
|t:|1760810460
|move|p1a: Kyurem|Substitute|p1a: Kyurem
|-start|p1a: Kyurem|Substitute
|-damage|p1a: Kyurem|25/100
|move|p2a: Ogerpon|Ivy Cudgel|p1a: Kyurem|[anim] Ivy Cudgel Water
|-resisted|p1a: Kyurem
|-crit|p1a: Kyurem
|-end|p1a: Kyurem|Substitute
|
|-heal|p1a: Kyurem|31/100|[from] item: Leftovers
|upkeep
|turn|32
|
|t:|1760810464
|move|p1a: Kyurem|Substitute|p1a: Kyurem
|-start|p1a: Kyurem|Substitute
|-damage|p1a: Kyurem|6/100
|move|p2a: Ogerpon|Ivy Cudgel|p1a: Kyurem|[anim] Ivy Cudgel Water
|-resisted|p1a: Kyurem
|-end|p1a: Kyurem|Substitute
|
|-heal|p1a: Kyurem|12/100|[from] item: Leftovers
|upkeep
|turn|33
|
|t:|1760810468
|move|p1a: Kyurem|Icicle Spear|p2a: Ogerpon
|-damage|p2a: Ogerpon|80/100
|-damage|p2a: Ogerpon|60/100
|-damage|p2a: Ogerpon|40/100
|-hitcount|p2a: Ogerpon|3
|move|p2a: Ogerpon|Ivy Cudgel|p1a: Kyurem|[anim] Ivy Cudgel Water
|-resisted|p1a: Kyurem
|-damage|p1a: Kyurem|0 fnt
|faint|p1a: Kyurem
|
|upkeep
|
|t:|1760810474
|switch|p1a: Cinderace|Cinderace, M|100/100
|turn|34
|
|t:|1760810477
|move|p1a: Cinderace|U-turn|p2a: Ogerpon
|-start|p1a: Cinderace|typechange|Bug|[from] ability: Libero
|-supereffective|p2a: Ogerpon
|-damage|p2a: Ogerpon|0 fnt
|faint|p2a: Ogerpon
|
|t:|1760810482
|switch|p1a: Alomomola|Alomomola, M|94/100|[from] U-turn
|
|upkeep
|
|t:|1760810487
|switch|p2a: Hatterene|Hatterene, F, shiny|100/100
|turn|35
|-message|amazingaayush forfeited.
|
|win|reudige Gurke
|raw|reudige Gurke's rating: 1204 &rarr; <strong>1234</strong><br />(+30 for winning)
|raw|amazingaayush's rating: 1276 &rarr; <strong>1246</strong><br />(-30 for losing)
|l|☆amazingaayush
|player|p2|
|l|☆reudige Gurke
|player|p1|
