|j|☆Oujgg
|j|☆Canthavmehname
|t:|1760799239
|gametype|singles
|player|p1|Oujgg|lucas|1014
|player|p2|Canthavmehname|170|1016
|gen|9
|tier|[Gen 9] OU
|rated|
|rule|HP Percentage Mod: HP is shown in percentages
|rule|Endless Battle Clause: Forcing endless battles is banned
|rule|Species Clause: Limit one of each Pokémon
|rule|OHKO Clause: OHKO moves are banned
|rule|Evasion Items Clause: Evasion items are banned
|rule|Evasion Moves Clause: Evasion moves are banned
|rule|Evasion Abilities Clause: Evasion abilities are banned
|rule|Sleep Moves Clause: Sleep-inducing moves are banned
|clearpoke
|poke|p1|Cyclizar, M|
|poke|p1|Eevee, M|
|poke|p1|Clodsire, M|
|poke|p1|Dragapult, M|
|poke|p1|Mimikyu, M|
|poke|p1|Deoxys-Speed|
|poke|p2|Ditto|
|poke|p2|Zoroark-Hisui, M|
|poke|p2|Incineroar, M|
|poke|p2|Lucario, M|
|poke|p2|Serperior, M|
|poke|p2|Pikachu, M|
|teampreview
|c|☆Oujgg|Eevee better than Pikachu
|
|t:|1760799254
|teamsize|p1|6
|teamsize|p2|6
|start
|switch|p1a: Aww|Eevee, M, shiny|100/100
|switch|p2a: Ditto|Ditto, shiny|100/100
|-transform|p2a: Ditto|p1a: Aww|[from] ability: Imposter
|turn|1
|c|☆Canthavmehname|Rematch
|c|☆Canthavmehname|I feel like we’ve battled b4
|
|t:|1760799291
|move|p2a: Ditto|Baby-Doll Eyes|p1a: Aww
|-unboost|p1a: Aww|atk|1
|move|p1a: Aww|Baby-Doll Eyes|p2a: Ditto
|-unboost|p2a: Ditto|atk|1
|
|upkeep
|turn|2
|c|☆Oujgg|The fight between the Eevee
|
|t:|1760799305
|-terastallize|p2a: Ditto|Normal
|move|p1a: Aww|Baby-Doll Eyes|p2a: Ditto
|-unboost|p2a: Ditto|atk|1
|move|p2a: Ditto|Tera Blast|p1a: Aww|[anim] Tera Blast Normal
|-damage|p1a: Aww|33/100
|
|upkeep
|turn|3
|
|t:|1760799317
|switch|p1a: No damage|Mimikyu, M, shiny|100/100
|move|p2a: Ditto|Quick Attack|p1a: No damage
|-immune|p1a: No damage
|
|upkeep
|turn|4
|
|t:|1760799324
|switch|p2a: Pikachu|Pikachu, M, shiny|100/100
|move|p1a: No damage|Bulk Up|p1a: No damage
|-boost|p1a: No damage|atk|1
|-boost|p1a: No damage|def|1
|
|upkeep
|turn|5
|
|t:|1760799333
|move|p2a: Pikachu|Nasty Plot|p2a: Pikachu
|-boost|p2a: Pikachu|spa|2
|move|p1a: No damage|Bulk Up|p1a: No damage
|-boost|p1a: No damage|atk|1
|-boost|p1a: No damage|def|1
|
|upkeep
|turn|6
|
|t:|1760799343
|move|p2a: Pikachu|Nasty Plot|p2a: Pikachu
|-boost|p2a: Pikachu|spa|2
|move|p1a: No damage|Bulk Up|p1a: No damage
|-boost|p1a: No damage|atk|1
|-boost|p1a: No damage|def|1
|
|upkeep
|turn|7
|
|t:|1760799349
|move|p2a: Pikachu|Extrasensory|p1a: No damage
|-activate|p1a: No damage|ability: Disguise
|-damage|p1a: No damage|100/100
|detailschange|p1a: No damage|Mimikyu-Busted, M, shiny
|-damage|p1a: No damage|88/100|[from] pokemon: Mimikyu-Busted
|move|p1a: No damage|Bulk Up|p1a: No damage
|-boost|p1a: No damage|atk|1
|-boost|p1a: No damage|def|1
|
|upkeep
|turn|8
|
|t:|1760799358
|move|p1a: No damage|Shadow Sneak|p2a: Pikachu
|-immune|p2a: Pikachu
|move|p2a: Pikachu|Psychic|p1a: No damage
|-damage|p1a: No damage|0 fnt
|faint|p1a: No damage
|
|upkeep
|
|t:|1760799365
|switch|p1a: Guard|Dragapult, M, shiny|100/100
|turn|9
|c|☆Canthavmehname|Rip
|
|t:|1760799378
|move|p1a: Guard|Dragon Dance|p1a: Guard
|-boost|p1a: Guard|atk|1
|-boost|p1a: Guard|spe|1
|move|p2a: Pikachu|Nasty Plot|p2a: Pikachu
|-boost|p2a: Pikachu|spa|2
|
|upkeep
|turn|10
|c|☆Oujgg|Wat
|
|t:|1760799388
|move|p1a: Guard|Dragon Darts|p2a: Pikachu
|-damage|p2a: Pikachu|32/100
|replace|p2a: Zoroark|Zoroark-Hisui, M, shiny
|-end|p2a: Zoroark|Illusion
|-anim|p1a: Guard|Dragon Darts|p2a: Zoroark
|-damage|p2a: Zoroark|0 fnt
|faint|p2a: Zoroark
|
|upkeep
|
|t:|1760799396
|switch|p2a: Lucario|Lucario, M, shiny|100/100
|turn|11
|
|t:|1760799405
|move|p1a: Guard|Hex|p2a: Lucario
|-damage|p2a: Lucario|68/100
|move|p2a: Lucario|Trailblaze|p1a: Guard
|-resisted|p1a: Guard
|-damage|p1a: Guard|91/100
|-boost|p2a: Lucario|spe|1
|-damage|p2a: Lucario|51/100|[from] item: Rocky Helmet|[of] p1a: Guard
|
|-heal|p2a: Lucario|57/100|[from] item: Leftovers
|upkeep
|turn|12
|
|t:|1760799415
|move|p1a: Guard|Dragon Dance|p1a: Guard
|-boost|p1a: Guard|atk|1
|-boost|p1a: Guard|spe|1
|move|p2a: Lucario|High Jump Kick|p1a: Guard
|-immune|p1a: Guard
|-damage|p2a: Lucario|7/100|[from] highjumpkick
|
|-heal|p2a: Lucario|13/100|[from] item: Leftovers
|upkeep
|turn|13
|
|t:|1760799429
|move|p1a: Guard|Hex|p2a: Lucario
|-damage|p2a: Lucario|0 fnt
|faint|p2a: Lucario
|
|upkeep
|
|t:|1760799433
|switch|p2a: Ditto|Ditto, shiny, tera:Normal|100/100
|-transform|p2a: Ditto|p1a: Guard|[from] ability: Imposter
|turn|14
|
|t:|1760799445
|-terastallize|p1a: Guard|Dragon
|move|p2a: Ditto|Dragon Darts|p1a: Guard
|-supereffective|p1a: Guard
|-damage|p1a: Guard|0 fnt
|faint|p1a: Guard
|
|upkeep
|
|t:|1760799451
|switch|p1a: Speed|Deoxys-Speed|100/100
|-ability|p1a: Speed|Pressure
|turn|15
|c|☆Canthavmehname|;)
|c|☆Canthavmehname|Pika better
|
|t:|1760799521
|move|p2a: Ditto|Dragon Darts|p1a: Speed
|-damage|p1a: Speed|24/100
|-anim|p2a: Ditto|Dragon Darts|p1a: Speed
|-damage|p1a: Speed|0 fnt
|faint|p1a: Speed
|
|upkeep
|
|t:|1760799527
|switch|p1a: Mr. Silly|Clodsire, M, shiny|100/100
|-item|p1a: Mr. Silly|Air Balloon
|turn|16
|c|☆Canthavmehname|;)
|
|t:|1760799538
|move|p2a: Ditto|Thunder Wave|p1a: Mr. Silly
|-immune|p1a: Mr. Silly
|move|p1a: Mr. Silly|Toxic|p2a: Ditto
|-status|p2a: Ditto|tox
|
|-damage|p2a: Ditto|94/100 tox|[from] psn
|upkeep
|turn|17
|c|☆Oujgg|OH NO
|c|☆Oujgg|Wat
|
|t:|1760799550
|switch|p2a: Incineroar|Incineroar, M|100/100
|move|p1a: Mr. Silly|Stealth Rock|p2a: Incineroar
|-sidestart|p2: Canthavmehname|move: Stealth Rock
|
|upkeep
|turn|18
|
|t:|1760799554
|move|p2a: Incineroar|Substitute|p2a: Incineroar
|-start|p2a: Incineroar|Substitute
|-damage|p2a: Incineroar|76/100
|move|p1a: Mr. Silly|Toxic||[still]
|-fail|p1a: Mr. Silly
|
|upkeep
|turn|19
|
|t:|1760799559
|move|p2a: Incineroar|Heat Wave|p1a: Mr. Silly
|-damage|p1a: Mr. Silly|77/100
|-enditem|p1a: Mr. Silly|Air Balloon
|move|p1a: Mr. Silly|Toxic Spikes|p2a: Incineroar
|-sidestart|p2: Canthavmehname|move: Toxic Spikes
|
|upkeep
|turn|20
|
|t:|1760799565
|move|p2a: Incineroar|Nasty Plot|p2a: Incineroar
|-boost|p2a: Incineroar|spa|2
|move|p1a: Mr. Silly|Toxic Spikes|p2a: Incineroar
|-sidestart|p2: Canthavmehname|move: Toxic Spikes
|
|upkeep
|turn|21
|
|t:|1760799571
|move|p2a: Incineroar|Nasty Plot|p2a: Incineroar
|-boost|p2a: Incineroar|spa|2
|move|p1a: Mr. Silly|Toxic Spikes||[still]
|-fail|p1a: Mr. Silly
|
|upkeep
|turn|22
|
|t:|1760799577
|move|p2a: Incineroar|Heat Wave|p1a: Mr. Silly
|-damage|p1a: Mr. Silly|2/100
|move|p1a: Mr. Silly|Spikes|p2a: Incineroar
|-sidestart|p2: Canthavmehname|Spikes
|
|upkeep
|turn|23
|
|t:|1760799582
|move|p2a: Incineroar|Nasty Plot|p2a: Incineroar
|-boost|p2a: Incineroar|spa|2
|move|p1a: Mr. Silly|Spikes|p2a: Incineroar
|-sidestart|p2: Canthavmehname|Spikes
|
|upkeep
|turn|24
|
|t:|1760799587
|switch|p1a: Motorcycle|Cyclizar, M, shiny|100/100
|move|p2a: Incineroar|Dark Pulse|p1a: Motorcycle
|-damage|p1a: Motorcycle|0 fnt
|faint|p1a: Motorcycle
|
|upkeep
|
|t:|1760799594
|switch|p1a: Aww|Eevee, M, shiny|33/100
|turn|25
|c|☆Canthavmehname|Gg trainer
|c|☆Oujgg|GG
|
|t:|1760799607
|switch|p2a: Pikachu|Pikachu, M, shiny|100/100
|-damage|p2a: Pikachu|88/100|[from] Stealth Rock
|-status|p2a: Pikachu|tox
|-damage|p2a: Pikachu|72/100 tox|[from] Spikes
|move|p1a: Aww|Quick Attack|p2a: Pikachu
|-damage|p2a: Pikachu|31/100 tox
|
|-damage|p2a: Pikachu|25/100 tox|[from] psn
|upkeep
|turn|26
|
|t:|1760799617
|move|p1a: Aww|Quick Attack|p2a: Pikachu
|-damage|p2a: Pikachu|0 fnt
|faint|p2a: Pikachu
|
|upkeep
|
|t:|1760799620
|switch|p2a: Serperior|Serperior, M, shiny|100/100
|-damage|p2a: Serperior|88/100|[from] Stealth Rock
|-status|p2a: Serperior|tox
|-damage|p2a: Serperior|72/100 tox|[from] Spikes
|turn|27
|
|t:|1760799630
|move|p1a: Aww|Quick Attack|p2a: Serperior
|-damage|p2a: Serperior|55/100 tox
|move|p2a: Serperior|Energy Ball|p1a: Aww
|-damage|p1a: Aww|0 fnt
|faint|p1a: Aww
|
|-damage|p2a: Serperior|49/100 tox|[from] psn
|upkeep
|
|t:|1760799643
|switch|p1a: Mr. Silly|Clodsire, M, shiny|2/100
|turn|28
|c|☆Canthavmehname|Gg
|c|☆Oujgg|GG
|
|t:|1760799665
|move|p2a: Serperior|Leaf Storm|p1a: Mr. Silly
|-damage|p1a: Mr. Silly|0 fnt
|-boost|p2a: Serperior|spa|2
|faint|p1a: Mr. Silly
|
|win|Canthavmehname
|raw|Oujgg's rating: 1014 &rarr; <strong>1002</strong><br />(-12 for losing)
|raw|Canthavmehname's rating: 1016 &rarr; <strong>1053</strong><br />(+37 for winning)
|c|☆Canthavmehname|pika better than LLVEE
