|j|☆exposed king
|j|☆Broskii19
|t:|1760805338
|gametype|singles
|player|p1|exposed king|102|1429
|player|p2|Broskii19|102|1538
|gen|9
|tier|[Gen 9] OU
|rated|
|rule|HP Percentage Mod: HP is shown in percentages
|rule|Endless Battle Clause: Forcing endless battles is banned
|rule|Species Clause: Limit one of each Pokémon
|rule|OHKO Clause: OHKO moves are banned
|rule|Evasion Items Clause: Evasion items are banned
|rule|Evasion Moves Clause: Evasion moves are banned
|rule|Evasion Abilities Clause: Evasion abilities are banned
|rule|Sleep Moves Clause: Sleep-inducing moves are banned
|clearpoke
|poke|p1|Darkrai|
|poke|p1|Garchomp, M|
|poke|p1|Ditto|
|poke|p1|Azumarill, F|
|poke|p1|Thundurus-Therian, M|
|poke|p1|Volcanion|
|poke|p2|Gholdengo|
|poke|p2|Ceruledge, F|
|poke|p2|Enamorus, F|
|poke|p2|Ribombee, F|
|poke|p2|Quaquaval, F|
|poke|p2|Iron Treads|
|teampreview
|inactive|Battle timer is ON: inactive players will automatically lose when time's up. (requested by Broskii19)
|
|t:|1760805343
|teamsize|p1|6
|teamsize|p2|6
|start
|switch|p1a: Thundurus|Thundurus-Therian, M|100/100
|switch|p2a: Ribombee|Ribombee, F, shiny|100/100
|turn|1
|
|t:|1760805346
|move|p1a: Thundurus|Volt Switch|p2a: Ribombee
|-damage|p2a: Ribombee|29/100
|
|t:|1760805349
|switch|p1a: Ditto|Ditto|100/100|[from] Volt Switch
|-transform|p1a: Ditto|p2a: Ribombee|[from] ability: Imposter
|move|p2a: Ribombee|Sticky Web|p1a: Ditto
|-sidestart|p1: exposed king|move: Sticky Web
|
|upkeep
|turn|2
|
|t:|1760805354
|move|p2a: Ribombee|Stun Spore|p1a: Ditto
|-status|p1a: Ditto|par
|move|p1a: Ditto|Moonblast|p2a: Ribombee
|-damage|p2a: Ribombee|0 fnt
|faint|p2a: Ribombee
|
|upkeep
|
|t:|1760805361
|switch|p2a: Ceruledge|Ceruledge, F|100/100
|turn|3
|
|t:|1760805366
|switch|p1a: Garchomp|Garchomp, M|100/100
|-activate|p1a: Garchomp|move: Sticky Web
|-unboost|p1a: Garchomp|spe|1
|move|p2a: Ceruledge|Swords Dance|p2a: Ceruledge
|-boost|p2a: Ceruledge|atk|2
|
|upkeep
|turn|4
|
|t:|1760805373
|move|p2a: Ceruledge|Poltergeist|p1a: Garchomp
|-activate|p1a: Garchomp|move: Poltergeist|Rocky Helmet
|-damage|p1a: Garchomp|15/100
|move|p1a: Garchomp|Dragon Tail|p2a: Ceruledge
|-damage|p2a: Ceruledge|59/100
|-ability|p2a: Ceruledge|Weak Armor|boost
|-unboost|p2a: Ceruledge|def|1
|-boost|p2a: Ceruledge|spe|2
|drag|p2a: Gholdengo|Gholdengo|100/100
|-item|p2a: Gholdengo|Air Balloon
|
|upkeep
|turn|5
|
|t:|1760805384
|switch|p1a: Volcanion|Volcanion|100/100
|move|p2a: Gholdengo|Dazzling Gleam|p1a: Volcanion
|-resisted|p1a: Volcanion
|-damage|p1a: Volcanion|88/100
|
|upkeep
|turn|6
|
|t:|1760805395
|switch|p2a: Ceruledge|Ceruledge, F|59/100
|move|p1a: Volcanion|Steam Eruption|p2a: Ceruledge
|-supereffective|p2a: Ceruledge
|-damage|p2a: Ceruledge|0 fnt
|faint|p2a: Ceruledge
|
|upkeep
|
|t:|1760805401
|switch|p2a: Quaquaval|Quaquaval, F|100/100
|turn|7
|
|t:|1760805404
|-terastallize|p1a: Volcanion|Fairy
|move|p2a: Quaquaval|Knock Off|p1a: Volcanion
|-resisted|p1a: Volcanion
|-damage|p1a: Volcanion|75/100
|-enditem|p1a: Volcanion|Heavy-Duty Boots|[from] move: Knock Off|[of] p2a: Quaquaval
|move|p1a: Volcanion|Tera Blast|p2a: Quaquaval|[anim] Tera Blast Fairy
|-supereffective|p2a: Quaquaval
|-damage|p2a: Quaquaval|30/100
|
|upkeep
|turn|8
|
|t:|1760805417
|move|p2a: Quaquaval|Rapid Spin|p1a: Volcanion
|-damage|p1a: Volcanion|61/100
|-boost|p2a: Quaquaval|spe|1
|move|p1a: Volcanion|Tera Blast|p2a: Quaquaval|[anim] Tera Blast Fairy
|-supereffective|p2a: Quaquaval
|-damage|p2a: Quaquaval|0 fnt
|faint|p2a: Quaquaval
|
|upkeep
|
|t:|1760805419
|switch|p2a: Enamorus|Enamorus, F|100/100
|turn|9
|
|t:|1760805423
|-terastallize|p2a: Enamorus|Stellar
|move|p2a: Enamorus|Tera Blast|p1a: Volcanion|[anim] Tera Blast Stellar
|-supereffective|p1a: Volcanion
|-damage|p1a: Volcanion|0 fnt
|-boost|p2a: Enamorus|atk|1
|-boost|p2a: Enamorus|spa|1
|faint|p1a: Volcanion
|
|upkeep
|
|t:|1760805434
|switch|p1a: Thundurus|Thundurus-Therian, M|100/100
|turn|10
|
|t:|1760805438
|switch|p2a: Iron Treads|Iron Treads|100/100
|-enditem|p2a: Iron Treads|Booster Energy
|-activate|p2a: Iron Treads|ability: Quark Drive|[fromitem]
|-start|p2a: Iron Treads|quarkdriveatk
|move|p1a: Thundurus|Thunderbolt|p2a: Iron Treads
|-immune|p2a: Iron Treads
|
|upkeep
|turn|11
|
|t:|1760805444
|switch|p1a: Garchomp|Garchomp, M|15/100
|-activate|p1a: Garchomp|move: Sticky Web
|-unboost|p1a: Garchomp|spe|1
|move|p2a: Iron Treads|Rapid Spin|p1a: Garchomp
|-damage|p1a: Garchomp|0 fnt
|-boost|p2a: Iron Treads|spe|1
|-damage|p2a: Iron Treads|88/100|[from] ability: Rough Skin|[of] p1a: Garchomp
|-damage|p2a: Iron Treads|72/100|[from] item: Rocky Helmet|[of] p1a: Garchomp
|faint|p1a: Garchomp
|
|upkeep
|
|t:|1760805453
|switch|p1a: Ditto|Ditto|100/100 par
|-transform|p1a: Ditto|p2a: Iron Treads|[from] ability: Imposter
|turn|12
|
|t:|1760805473
|move|p2a: Iron Treads|Earthquake|p1a: Ditto
|-supereffective|p1a: Ditto
|-damage|p1a: Ditto|0 fnt
|faint|p1a: Ditto
|-end|p1a: Ditto|Quark Drive|[silent]
|
|upkeep
|
|t:|1760805477
|switch|p1a: Azumarill|Azumarill, F|100/100
|-activate|p1a: Azumarill|move: Sticky Web
|-unboost|p1a: Azumarill|spe|1
|turn|13
|
|t:|1760805480
|move|p1a: Azumarill|Aqua Jet|p2a: Iron Treads
|-supereffective|p2a: Iron Treads
|-damage|p2a: Iron Treads|34/100
|move|p2a: Iron Treads|Supercell Slam|p1a: Azumarill
|-supereffective|p1a: Azumarill
|-damage|p1a: Azumarill|0 fnt
|faint|p1a: Azumarill
|
|upkeep
|
|t:|1760805488
|switch|p1a: Thundurus|Thundurus-Therian, M|100/100
|turn|14
|
|t:|1760805492
|move|p1a: Thundurus|Dark Pulse|p2a: Iron Treads
|-damage|p2a: Iron Treads|0 fnt
|faint|p2a: Iron Treads
|-end|p2a: Iron Treads|Quark Drive|[silent]
|
|upkeep
|
|t:|1760805494
|switch|p2a: Enamorus|Enamorus, F, tera:Stellar|100/100
|turn|15
|
|t:|1760805498
|switch|p1a: Darkrai|Darkrai|100/100
|-activate|p1a: Darkrai|move: Sticky Web
|-unboost|p1a: Darkrai|spe|1
|move|p2a: Enamorus|Moonblast|p1a: Darkrai
|-supereffective|p1a: Darkrai
|-damage|p1a: Darkrai|0 fnt
|faint|p1a: Darkrai
|
|upkeep
|
|t:|1760805504
|switch|p1a: Thundurus|Thundurus-Therian, M|100/100
|turn|16
|
|t:|1760805508
|move|p1a: Thundurus|Thunderbolt|p2a: Enamorus
|-supereffective|p2a: Enamorus
|-damage|p2a: Enamorus|0 fnt
|faint|p2a: Enamorus
|
|upkeep
|
|t:|1760805509
|switch|p2a: Gholdengo|Gholdengo|100/100
|-item|p2a: Gholdengo|Air Balloon
|turn|17
|
|t:|1760805519
|move|p1a: Thundurus|Thunderbolt|p2a: Gholdengo
|-crit|p2a: Gholdengo
|-damage|p2a: Gholdengo|7/100
|-status|p2a: Gholdengo|par
|-enditem|p2a: Gholdengo|Air Balloon
|move|p2a: Gholdengo|Make It Rain|p1a: Thundurus
|-resisted|p1a: Thundurus
|-damage|p1a: Thundurus|51/100
|-unboost|p2a: Gholdengo|spa|1
|
|upkeep
|turn|18
|
|t:|1760805526
|move|p1a: Thundurus|Thunderbolt|p2a: Gholdengo
|-damage|p2a: Gholdengo|0 fnt
|faint|p2a: Gholdengo
|
|win|exposed king
|raw|exposed king's rating: 1429 &rarr; <strong>1455</strong><br />(+26 for winning)
|raw|Broskii19's rating: 1538 &rarr; <strong>1512</strong><br />(-26 for losing)
|l|☆Broskii19
|player|p2|
|l|☆exposed king
|player|p1|
