|j|☆yeshirong
|j|☆bellaisbad
|t:|1760720574
|gametype|singles
|player|p1|yeshirong|idol|1522
|player|p2|bellaisbad|sabrina|1533
|gen|9
|tier|[Gen 9] OU
|rated|
|rule|HP Percentage Mod: HP is shown in percentages
|rule|Endless Battle Clause: Forcing endless battles is banned
|rule|Species Clause: Limit one of each Pokémon
|rule|OHKO Clause: OHKO moves are banned
|rule|Evasion Items Clause: Evasion items are banned
|rule|Evasion Moves Clause: Evasion moves are banned
|rule|Evasion Abilities Clause: Evasion abilities are banned
|rule|Sleep Moves Clause: Sleep-inducing moves are banned
|clearpoke
|poke|p1|Indeedee, M|
|poke|p1|Gholdengo|
|poke|p1|Dragapult, M|
|poke|p1|Hoopa-Unbound|
|poke|p1|Alomomola, M|
|poke|p1|Cinderace, F|
|poke|p2|Skeledirge, F|
|poke|p2|Ogerpon-Wellspring, F|
|poke|p2|Dragapult, M|
|poke|p2|Weezing-Galar, M|
|poke|p2|Ting-Lu|
|poke|p2|Corviknight, M|
|teampreview
|inactive|Battle timer is ON: inactive players will automatically lose when time's up. (requested by yeshirong)
|
|t:|1760720588
|teamsize|p1|6
|teamsize|p2|6
|start
|switch|p1a: Dragapult|Dragapult, M|100/100
|switch|p2a: Dragapult|Dragapult, M|100/100
|turn|1
|
|t:|1760720593
|move|p1a: Dragapult|Dragon Darts|p2a: Dragapult
|-supereffective|p2a: Dragapult
|-damage|p2a: Dragapult|30/100
|-anim|p1a: Dragapult|Dragon Darts|p2a: Dragapult
|-supereffective|p2a: Dragapult
|-damage|p2a: Dragapult|0 fnt
|faint|p2a: Dragapult
|
|upkeep
|
|t:|1760720596
|switch|p2a: Weezing|Weezing-Galar, M|100/100
|-ability|p2a: Weezing|Neutralizing Gas
|turn|2
|
|t:|1760720598
|switch|p1a: Alomomola|Alomomola, M|100/100
|move|p2a: Weezing|Will-O-Wisp|p1a: Alomomola|[miss]
|-miss|p2a: Weezing|p1a: Alomomola
|
|upkeep
|turn|3
|
|t:|1760720602
|move|p2a: Weezing|Will-O-Wisp|p1a: Alomomola
|-status|p1a: Alomomola|brn
|move|p1a: Alomomola|Flip Turn|p2a: Weezing
|-damage|p2a: Weezing|94/100
|
|t:|1760720611
|switch|p1a: Indeedee|Indeedee, M|100/100|[from] Flip Turn
|
|upkeep
|turn|4
|
|t:|1760720614
|-end|p2a: Weezing|ability: Neutralizing Gas
|-fieldstart|move: Psychic Terrain|[from] ability: Psychic Surge|[of] p1a: Indeedee
|switch|p2a: Ting-Lu|Ting-Lu|100/100
|-ability|p2a: Ting-Lu|Vessel of Ruin
|move|p1a: Indeedee|Expanding Force|p2a: Ting-Lu
|-immune|p2a: Ting-Lu
|
|upkeep
|turn|5
|
|t:|1760720619
|switch|p1a: Hoopa|Hoopa-Unbound|100/100
|move|p2a: Ting-Lu|Stealth Rock|p1a: Hoopa
|-sidestart|p1: yeshirong|move: Stealth Rock
|
|upkeep
|turn|6
|
|t:|1760720624
|move|p1a: Hoopa|Substitute|p1a: Hoopa
|-start|p1a: Hoopa|Substitute
|-damage|p1a: Hoopa|76/100
|move|p2a: Ting-Lu|Earthquake|p1a: Hoopa
|-end|p1a: Hoopa|Substitute
|
|upkeep
|turn|7
|
|t:|1760720631
|switch|p1a: Gholdengo|Gholdengo|100/100
|-damage|p1a: Gholdengo|94/100|[from] Stealth Rock
|-item|p1a: Gholdengo|Air Balloon
|move|p2a: Ting-Lu|Earthquake|p1a: Gholdengo
|-immune|p1a: Gholdengo
|
|upkeep
|turn|8
|
|t:|1760720636
|move|p1a: Gholdengo|Nasty Plot|p1a: Gholdengo
|-boost|p1a: Gholdengo|spa|2
|move|p2a: Ting-Lu|Throat Chop|p1a: Gholdengo
|-supereffective|p1a: Gholdengo
|-damage|p1a: Gholdengo|50/100
|-start|p1a: Gholdengo|Throat Chop|[silent]
|-enditem|p1a: Gholdengo|Air Balloon
|
|upkeep
|turn|9
|
|t:|1760720647
|move|p1a: Gholdengo|Make It Rain|p2a: Ting-Lu
|-damage|p2a: Ting-Lu|53/100
|-unboost|p1a: Gholdengo|spa|1
|move|p2a: Ting-Lu|Earthquake|p1a: Gholdengo
|-supereffective|p1a: Gholdengo
|-damage|p1a: Gholdengo|0 fnt
|faint|p1a: Gholdengo
|
|-heal|p2a: Ting-Lu|59/100|[from] item: Leftovers
|upkeep
|
|t:|1760720649
|switch|p1a: Indeedee|Indeedee, M|100/100
|-damage|p1a: Indeedee|88/100|[from] Stealth Rock
|turn|10
|
|t:|1760720658
|-terastallize|p1a: Indeedee|Fighting
|move|p1a: Indeedee|Tera Blast|p2a: Ting-Lu|[anim] Tera Blast Fighting
|-supereffective|p2a: Ting-Lu
|-damage|p2a: Ting-Lu|28/100
|move|p2a: Ting-Lu|Rest|p2a: Ting-Lu
|-status|p2a: Ting-Lu|slp|[from] move: Rest
|-heal|p2a: Ting-Lu|100/100 slp|[silent]
|
|upkeep
|turn|11
|
|t:|1760720664
|switch|p2a: Skeledirge|Skeledirge, F|100/100
|move|p1a: Indeedee|Tera Blast|p2a: Skeledirge|[anim] Tera Blast Fighting
|-immune|p2a: Skeledirge
|
|-fieldend|move: Psychic Terrain
|upkeep
|turn|12
|
|t:|1760720669
|switch|p1a: Alomomola|Alomomola, M|100/100 brn
|-damage|p1a: Alomomola|88/100 brn|[from] Stealth Rock
|move|p2a: Skeledirge|Torch Song|p1a: Alomomola
|-resisted|p1a: Alomomola
|-damage|p1a: Alomomola|81/100 brn
|-boost|p2a: Skeledirge|spa|1
|
|-damage|p1a: Alomomola|75/100 brn|[from] brn
|upkeep
|turn|13
|
|t:|1760720674
|move|p2a: Skeledirge|Torch Song|p1a: Alomomola
|-resisted|p1a: Alomomola
|-damage|p1a: Alomomola|65/100 brn
|-boost|p2a: Skeledirge|spa|1
|move|p1a: Alomomola|Flip Turn|p2a: Skeledirge
|-supereffective|p2a: Skeledirge
|-damage|p2a: Skeledirge|87/100
|
|t:|1760720677
|switch|p1a: Dragapult|Dragapult, M|100/100|[from] Flip Turn
|-damage|p1a: Dragapult|88/100|[from] Stealth Rock
|
|upkeep
|turn|14
|
|t:|1760720681
|move|p1a: Dragapult|U-turn|p2a: Skeledirge
|-resisted|p2a: Skeledirge
|-damage|p2a: Skeledirge|81/100
|
|t:|1760720683
|switch|p1a: Cinderace|Cinderace, F|100/100|[from] U-turn
|move|p2a: Skeledirge|Earth Power|p1a: Cinderace
|-supereffective|p1a: Cinderace
|-damage|p1a: Cinderace|0 fnt
|faint|p1a: Cinderace
|
|upkeep
|
|t:|1760720686
|switch|p1a: Hoopa|Hoopa-Unbound|76/100
|-damage|p1a: Hoopa|63/100|[from] Stealth Rock
|turn|15
|
|t:|1760720688
|move|p1a: Hoopa|Knock Off|p2a: Skeledirge
|-supereffective|p2a: Skeledirge
|-damage|p2a: Skeledirge|0 fnt
|-enditem|p2a: Skeledirge|Heavy-Duty Boots|[from] move: Knock Off|[of] p1a: Hoopa
|faint|p2a: Skeledirge
|-damage|p1a: Hoopa|53/100|[from] item: Life Orb
|
|upkeep
|
|t:|1760720696
|switch|p2a: Ogerpon|Ogerpon-Wellspring, F|100/100
|turn|16
|
|t:|1760720700
|switch|p1a: Alomomola|Alomomola, M|98/100 brn
|-damage|p1a: Alomomola|86/100 brn|[from] Stealth Rock
|-terastallize|p2a: Ogerpon|Water
|detailschange|p2a: Ogerpon|Ogerpon-Wellspring-Tera, F, tera:Water
|-ability|p2a: Ogerpon|Embody Aspect (Wellspring)|boost
|-boost|p2a: Ogerpon|spd|1
|move|p2a: Ogerpon|Ivy Cudgel|p1a: Alomomola|[anim] Ivy Cudgel Water
|-resisted|p1a: Alomomola
|-damage|p1a: Alomomola|57/100 brn
|
|-damage|p1a: Alomomola|51/100 brn|[from] brn
|upkeep
|turn|17
|
|t:|1760720707
|move|p2a: Ogerpon|Spikes|p1a: Alomomola
|-sidestart|p1: yeshirong|Spikes
|move|p1a: Alomomola|Body Slam|p2a: Ogerpon
|-damage|p2a: Ogerpon|91/100
|
|-damage|p1a: Alomomola|45/100 brn|[from] brn
|upkeep
|turn|18
|
|t:|1760720711
|move|p2a: Ogerpon|Spikes|p1a: Alomomola
|-sidestart|p1: yeshirong|Spikes
|move|p1a: Alomomola|Body Slam|p2a: Ogerpon
|-damage|p2a: Ogerpon|83/100
|-status|p2a: Ogerpon|par
|
|-damage|p1a: Alomomola|38/100 brn|[from] brn
|upkeep
|turn|19
|
|t:|1760720715
|move|p2a: Ogerpon|Spikes|p1a: Alomomola
|-sidestart|p1: yeshirong|Spikes
|move|p1a: Alomomola|Body Slam|p2a: Ogerpon
|-damage|p2a: Ogerpon|74/100 par
|
|-damage|p1a: Alomomola|32/100 brn|[from] brn
|upkeep
|turn|20
|
|t:|1760720719
|move|p2a: Ogerpon|Knock Off|p1a: Alomomola
|-damage|p1a: Alomomola|5/100 brn
|-enditem|p1a: Alomomola|Assault Vest|[from] move: Knock Off|[of] p2a: Ogerpon
|move|p1a: Alomomola|Body Slam|p2a: Ogerpon
|-damage|p2a: Ogerpon|66/100 par
|
|-damage|p1a: Alomomola|0 fnt|[from] brn
|faint|p1a: Alomomola
|upkeep
|
|t:|1760720722
|switch|p1a: Indeedee|Indeedee, M, tera:Fighting|88/100
|-damage|p1a: Indeedee|82/100|[from] Stealth Rock
|-damage|p1a: Indeedee|57/100|[from] Spikes
|-fieldstart|move: Psychic Terrain|[from] ability: Psychic Surge|[of] p1a: Indeedee
|turn|21
|
|t:|1760720725
|move|p1a: Indeedee|Expanding Force|p2a: Ogerpon
|-damage|p2a: Ogerpon|21/100 par
|move|p2a: Ogerpon|Ivy Cudgel|p1a: Indeedee|[anim] Ivy Cudgel Water
|-crit|p1a: Indeedee
|-damage|p1a: Indeedee|0 fnt
|faint|p1a: Indeedee
|
|upkeep
|
|t:|1760720730
|switch|p1a: Hoopa|Hoopa-Unbound|53/100
|-damage|p1a: Hoopa|41/100|[from] Stealth Rock
|-damage|p1a: Hoopa|16/100|[from] Spikes
|turn|22
|
|t:|1760720735
|move|p1a: Hoopa|Knock Off|p2a: Ogerpon
|-damage|p2a: Ogerpon|0 fnt
|faint|p2a: Ogerpon
|detailschange|p2: Ogerpon|Ogerpon-Wellspring, F|[silent]
|-damage|p1a: Hoopa|6/100|[from] item: Life Orb
|
|upkeep
|
|t:|1760720739
|switch|p2a: Corviknight|Corviknight, M|100/100
|-ability|p2a: Corviknight|Pressure
|turn|23
|
|t:|1760720743
|move|p1a: Hoopa|Expanding Force|p2a: Corviknight
|-resisted|p2a: Corviknight
|-damage|p2a: Corviknight|35/100
|-damage|p1a: Hoopa|0 fnt|[from] item: Life Orb
|faint|p1a: Hoopa
|move|p2a: Corviknight|U-turn|p1: Hoopa|[notarget]
|-fail|p2a: Corviknight
|
|upkeep
|
|t:|1760720746
|switch|p1a: Dragapult|Dragapult, M|88/100
|-damage|p1a: Dragapult|76/100|[from] Stealth Rock
|-damage|p1a: Dragapult|51/100|[from] Spikes
|turn|24
|
|t:|1760720749
|move|p1a: Dragapult|Dragon Darts|p2a: Corviknight
|-resisted|p2a: Corviknight
|-damage|p2a: Corviknight|27/100
|-anim|p1a: Dragapult|Dragon Darts|p2a: Corviknight
|-resisted|p2a: Corviknight
|-damage|p2a: Corviknight|19/100
|move|p2a: Corviknight|Roost|p2a: Corviknight
|-heal|p2a: Corviknight|69/100
|-singleturn|p2a: Corviknight|move: Roost
|
|upkeep
|turn|25
|-message|yeshirong forfeited.
|
|win|bellaisbad
|raw|yeshirong's rating: 1522 &rarr; <strong>1503</strong><br />(-19 for losing)
|raw|bellaisbad's rating: 1533 &rarr; <strong>1552</strong><br />(+19 for winning)
|l|☆yeshirong
|player|p1|
|l|☆bellaisbad
|player|p2|
