|j|☆braisedporkyy
|j|☆hunter098
|t:|1760885265
|gametype|singles
|player|p1|braisedporkyy|265|1212
|player|p2|hunter098|caitlin|1247
|gen|9
|tier|[Gen 9] OU
|rated|
|rule|HP Percentage Mod: HP is shown in percentages
|rule|Endless Battle Clause: Forcing endless battles is banned
|rule|Species Clause: Limit one of each Pokémon
|rule|OHKO Clause: OHKO moves are banned
|rule|Evasion Items Clause: Evasion items are banned
|rule|Evasion Moves Clause: Evasion moves are banned
|rule|Evasion Abilities Clause: Evasion abilities are banned
|rule|Sleep Moves Clause: Sleep-inducing moves are banned
|clearpoke
|poke|p1|Scrafty, F|
|poke|p1|Vaporeon, M|
|poke|p1|Heatran, M|
|poke|p1|Tentacruel, M|
|poke|p1|Pecharunt|
|poke|p1|Hydreigon, M|
|poke|p2|Kingambit, F|
|poke|p2|Ogerpon-Wellspring, F|
|poke|p2|Landorus-Therian, M|
|poke|p2|Slowking-Galar, F|
|poke|p2|Cinderace, F|
|poke|p2|Darkrai|
|teampreview
|inactive|Battle timer is ON: inactive players will automatically lose when time's up. (requested by hunter098)
|inactive|braisedporkyy also wants the timer to be on.
|inactive|hunter098 has 120 seconds left.
|
|t:|1760885325
|teamsize|p1|6
|teamsize|p2|6
|start
|switch|p1a: Tentacruel|Tentacruel, M|100/100
|switch|p2a: Landorus|Landorus-Therian, M|100/100
|-ability|p2a: Landorus|Intimidate|boost
|-unboost|p1a: Tentacruel|atk|1
|turn|1
|
|t:|1760885338
|switch|p2a: Slowking|Slowking-Galar, F|100/100
|switch|p1a: Vaporeon|Vaporeon, M|100/100
|
|upkeep
|turn|2
|
|t:|1760885354
|move|p1a: Vaporeon|Protect|p1a: Vaporeon
|-singleturn|p1a: Vaporeon|Protect
|move|p2a: Slowking|Thunder Wave|p1a: Vaporeon
|-activate|p1a: Vaporeon|move: Protect
|
|upkeep
|turn|3
|
|t:|1760885361
|switch|p1a: Scrafty|Scrafty, F|100/100
|move|p2a: Slowking|Thunder Wave|p1a: Scrafty
|-status|p1a: Scrafty|par
|
|upkeep
|turn|4
|
|t:|1760885368
|switch|p2a: Landorus|Landorus-Therian, M|100/100
|-ability|p2a: Landorus|Intimidate|boost
|-unboost|p1a: Scrafty|atk|1
|cant|p1a: Scrafty|par
|
|upkeep
|turn|5
|
|t:|1760885378
|move|p2a: Landorus|Stealth Rock|p1a: Scrafty
|-sidestart|p1: braisedporkyy|move: Stealth Rock
|move|p1a: Scrafty|Bulk Up|p1a: Scrafty
|-boost|p1a: Scrafty|atk|1
|-boost|p1a: Scrafty|def|1
|
|upkeep
|turn|6
|
|t:|1760885385
|move|p2a: Landorus|Taunt|p1a: Scrafty
|-start|p1a: Scrafty|move: Taunt
|cant|p1a: Scrafty|move: Taunt|Bulk Up
|
|upkeep
|turn|7
|
|t:|1760885394
|move|p2a: Landorus|Earth Power|p1a: Scrafty
|-damage|p1a: Scrafty|65/100 par
|move|p1a: Scrafty|Crunch|p2a: Landorus
|-damage|p2a: Landorus|66/100
|-damage|p1a: Scrafty|48/100 par|[from] item: Rocky Helmet|[of] p2a: Landorus
|
|-heal|p1a: Scrafty|54/100 par|[from] item: Leftovers
|upkeep
|turn|8
|
|t:|1760885413
|switch|p1a: Hydreigon|Hydreigon, M|100/100
|-damage|p1a: Hydreigon|88/100|[from] Stealth Rock
|move|p2a: Landorus|Earth Power|p1a: Hydreigon
|-immune|p1a: Hydreigon|[from] ability: Levitate
|
|-heal|p1a: Hydreigon|94/100|[from] item: Leftovers
|upkeep
|turn|9
|
|t:|1760885422
|move|p1a: Hydreigon|Draco Meteor|p2a: Landorus
|-damage|p2a: Landorus|0 fnt
|-unboost|p1a: Hydreigon|spa|2
|faint|p2a: Landorus
|
|-heal|p1a: Hydreigon|100/100|[from] item: Leftovers
|upkeep
|
|t:|1760885436
|switch|p2a: Ogerpon|Ogerpon-Wellspring, F|100/100
|turn|10
|
|t:|1760885442
|switch|p1a: Vaporeon|Vaporeon, M|100/100
|-damage|p1a: Vaporeon|88/100|[from] Stealth Rock
|move|p2a: Ogerpon|Knock Off|p1a: Vaporeon
|-damage|p1a: Vaporeon|44/100
|-enditem|p1a: Vaporeon|Sitrus Berry|[from] move: Knock Off|[of] p2a: Ogerpon
|
|upkeep
|turn|11
|
|t:|1760885450
|move|p1a: Vaporeon|Protect|p1a: Vaporeon
|-singleturn|p1a: Vaporeon|Protect
|move|p2a: Ogerpon|Spikes|p1a: Vaporeon
|-sidestart|p1: braisedporkyy|Spikes
|
|upkeep
|turn|12
|
|t:|1760885469
|move|p2a: Ogerpon|Ivy Cudgel|p1a: Vaporeon|[anim] Ivy Cudgel Water
|-heal|p1a: Vaporeon|69/100|[from] ability: Water Absorb|[of] p2a: Ogerpon
|move|p1a: Vaporeon|Wish|p1a: Vaporeon
|
|upkeep
|turn|13
|
|t:|1760885478
|move|p2a: Ogerpon|Spikes|p1a: Vaporeon
|-sidestart|p1: braisedporkyy|Spikes
|move|p1a: Vaporeon|Ice Beam|p2a: Ogerpon
|-damage|p2a: Ogerpon|75/100
|
|-heal|p1a: Vaporeon|100/100|[from] move: Wish|[wisher] Vaporeon
|upkeep
|turn|14
|
|t:|1760885488
|move|p2a: Ogerpon|Spikes|p1a: Vaporeon
|-sidestart|p1: braisedporkyy|Spikes
|move|p1a: Vaporeon|Wish|p1a: Vaporeon
|
|upkeep
|turn|15
|
|t:|1760885494
|switch|p2a: Slowking|Slowking-Galar, F|100/100
|switch|p1a: Tentacruel|Tentacruel, M|100/100
|-damage|p1a: Tentacruel|88/100|[from] Stealth Rock
|-damage|p1a: Tentacruel|63/100|[from] Spikes
|
|-heal|p1a: Tentacruel|100/100|[from] move: Wish|[wisher] Vaporeon
|upkeep
|turn|16
|
|t:|1760885510
|move|p1a: Tentacruel|Rapid Spin|p2a: Slowking
|-damage|p2a: Slowking|91/100
|-boost|p1a: Tentacruel|spe|1
|-sideend|p1: braisedporkyy|Spikes|[from] move: Rapid Spin|[of] p1a: Tentacruel
|-sideend|p1: braisedporkyy|Stealth Rock|[from] move: Rapid Spin|[of] p1a: Tentacruel
|move|p2a: Slowking|Thunder Wave|p1a: Tentacruel
|-status|p1a: Tentacruel|par
|
|upkeep
|turn|17
|
|t:|1760885523
|switch|p1a: Scrafty|Scrafty, F|54/100 par
|move|p2a: Slowking|Future Sight|p1a: Scrafty
|-start|p2a: Slowking|move: Future Sight
|
|-heal|p1a: Scrafty|60/100 par|[from] item: Leftovers
|upkeep
|turn|18
|
|t:|1760885541
|switch|p2a: Cinderace|Cinderace, F|100/100
|move|p1a: Scrafty|Bulk Up|p1a: Scrafty
|-boost|p1a: Scrafty|atk|1
|-boost|p1a: Scrafty|def|1
|
|-heal|p1a: Scrafty|66/100 par|[from] item: Leftovers
|upkeep
|turn|19
|
|t:|1760885552
|move|p2a: Cinderace|Pyro Ball|p1a: Scrafty
|-damage|p1a: Scrafty|29/100 par
|move|p1a: Scrafty|Drain Punch|p2a: Cinderace
|-damage|p2a: Cinderace|23/100
|-heal|p1a: Scrafty|72/100 par|[from] drain|[of] p2a: Cinderace
|
|-end|p1a: Scrafty|move: Future Sight
|-immune|p1a: Scrafty
|-activate|p1a: Scrafty|ability: Shed Skin
|-curestatus|p1a: Scrafty|par|[msg]
|-heal|p1a: Scrafty|78/100|[from] item: Leftovers
|upkeep
|turn|20
|
|t:|1760885566
|move|p2a: Cinderace|Pyro Ball|p1a: Scrafty
|-damage|p1a: Scrafty|45/100
|move|p1a: Scrafty|Bulk Up|p1a: Scrafty
|-boost|p1a: Scrafty|atk|1
|-boost|p1a: Scrafty|def|1
|
|-heal|p1a: Scrafty|51/100|[from] item: Leftovers
|upkeep
|turn|21
|-message|hunter098 forfeited.
|
|win|braisedporkyy
|raw|braisedporkyy's rating: 1212 &rarr; <strong>1240</strong><br />(+28 for winning)
|raw|hunter098's rating: 1247 &rarr; <strong>1219</strong><br />(-28 for losing)
|l|☆hunter098
|player|p2|
|l|☆braisedporkyy
|player|p1|
