|j|☆ractars
|j|☆Kadeerkarim64
|t:|1760849199
|gametype|singles
|player|p1|ractars|gentleman|1140
|player|p2|Kadeerkarim64|iris-gen5bw2|1087
|gen|9
|tier|[Gen 9] OU
|rated|
|rule|HP Percentage Mod: HP is shown in percentages
|rule|Endless Battle Clause: Forcing endless battles is banned
|rule|Species Clause: Limit one of each Pokémon
|rule|OHKO Clause: OHKO moves are banned
|rule|Evasion Items Clause: Evasion items are banned
|rule|Evasion Moves Clause: Evasion moves are banned
|rule|Evasion Abilities Clause: Evasion abilities are banned
|rule|Sleep Moves Clause: Sleep-inducing moves are banned
|clearpoke
|poke|p1|Volcanion|
|poke|p1|Garchomp, F|
|poke|p1|Zapdos|
|poke|p1|Metagross|
|poke|p1|Darkrai|
|poke|p1|Mimikyu, M|
|poke|p2|Galvantula, F|
|poke|p2|Cinderace, M|
|poke|p2|Goodra, M|
|poke|p2|Blastoise, M|
|poke|p2|Donphan, M|
|poke|p2|Primeape, M|
|teampreview
|inactive|Battle timer is ON: inactive players will automatically lose when time's up. (requested by ractars)
|
|t:|1760849234
|teamsize|p1|6
|teamsize|p2|6
|start
|switch|p1a: Garchomp|Garchomp, F|100/100
|switch|p2a: Galvantula|Galvantula, F|100/100
|turn|1
|
|t:|1760849255
|move|p2a: Galvantula|Sticky Web|p1a: Garchomp
|-sidestart|p1: ractars|move: Sticky Web
|move|p1a: Garchomp|Swords Dance|p1a: Garchomp
|-boost|p1a: Garchomp|atk|2
|
|upkeep
|turn|2
|inactive|Kadeerkarim64 has 120 seconds left.
|
|t:|1760849290
|move|p2a: Galvantula|Bug Buzz|p1a: Garchomp
|-damage|p1a: Garchomp|57/100
|move|p1a: Garchomp|Earthquake|p2a: Galvantula
|-enditem|p2a: Galvantula|Focus Sash
|-damage|p2a: Galvantula|1/100
|
|upkeep
|turn|3
|
|t:|1760849303
|move|p2a: Galvantula|Bug Buzz|p1a: Garchomp
|-damage|p1a: Garchomp|15/100
|move|p1a: Garchomp|Earthquake|p2a: Galvantula
|-damage|p2a: Galvantula|0 fnt
|faint|p2a: Galvantula
|
|upkeep
|
|t:|1760849317
|switch|p2a: Cinderace|Cinderace, M|100/100
|turn|4
|
|t:|1760849322
|switch|p1a: Volcanion|Volcanion|100/100
|move|p2a: Cinderace|U-turn|p1a: Volcanion
|-start|p2a: Cinderace|typechange|Bug|[from] ability: Libero
|-resisted|p1a: Volcanion
|-damage|p1a: Volcanion|87/100
|inactive|Kadeerkarim64 has 120 seconds left.
|
|t:|1760849333
|switch|p2a: Goodra|Goodra, M|100/100|[from] U-turn
|
|upkeep
|turn|5
|
|t:|1760849343
|switch|p1a: Mimikyu|Mimikyu, M|100/100
|-activate|p1a: Mimikyu|move: Sticky Web
|-unboost|p1a: Mimikyu|spe|1
|move|p2a: Goodra|Acid Spray|p1a: Mimikyu
|-activate|p1a: Mimikyu|ability: Disguise
|-damage|p1a: Mimikyu|100/100
|-unboost|p1a: Mimikyu|spd|2
|detailschange|p1a: Mimikyu|Mimikyu-Busted, M
|-damage|p1a: Mimikyu|88/100|[from] pokemon: Mimikyu-Busted
|-enditem|p1a: Mimikyu|Red Card|[of] p2a: Goodra
|drag|p2a: Primeape|Primeape, M|100/100
|
|upkeep
|turn|6
|inactive|Kadeerkarim64 has 120 seconds left.
|inactive|Kadeerkarim64 has 90 seconds left.
|
|t:|1760849396
|move|p2a: Primeape|Taunt|p1a: Mimikyu
|-start|p1a: Mimikyu|move: Taunt
|move|p1a: Mimikyu|Play Rough|p2a: Primeape
|-supereffective|p2a: Primeape
|-damage|p2a: Primeape|27/100
|
|upkeep
|turn|7
|inactive|Kadeerkarim64 has 90 seconds left.
|
|t:|1760849405
|move|p1a: Mimikyu|Shadow Sneak|p2a: Primeape
|-crit|p2a: Primeape
|-damage|p2a: Primeape|2/100
|move|p2a: Primeape|Rage Fist|p1a: Mimikyu
|-supereffective|p1a: Mimikyu
|-damage|p1a: Mimikyu|0 fnt
|faint|p1a: Mimikyu
|
|upkeep
|
|t:|1760849416
|switch|p1a: Metagross|Metagross|100/100
|-activate|p1a: Metagross|move: Sticky Web
|-fail|p1a: Metagross|unboost|[from] ability: Clear Body|[of] p1a: Metagross
|turn|8
|
|t:|1760849422
|move|p1a: Metagross|Bullet Punch|p2a: Primeape
|-damage|p2a: Primeape|0 fnt
|faint|p2a: Primeape
|
|upkeep
|inactive|Kadeerkarim64 has 90 seconds left.
|c|☆ractars|...
|
|t:|1760849470
|switch|p2a: Cinderace|Cinderace, M|100/100
|turn|9
|
|t:|1760849476
|-terastallize|p1a: Metagross|Water
|move|p2a: Cinderace|Pyro Ball|p1a: Metagross
|-resisted|p1a: Metagross
|-damage|p1a: Metagross|79/100
|move|p1a: Metagross|Earthquake|p2a: Cinderace
|-supereffective|p2a: Cinderace
|-damage|p2a: Cinderace|0 fnt
|faint|p2a: Cinderace
|
|upkeep
|inactive|Kadeerkarim64 has 60 seconds left.
|
|t:|1760849494
|switch|p2a: Blastoise|Blastoise, M|100/100
|turn|10
|
|t:|1760849499
|-terastallize|p2a: Blastoise|Electric
|move|p2a: Blastoise|Shell Smash|p2a: Blastoise
|-unboost|p2a: Blastoise|def|1
|-unboost|p2a: Blastoise|spd|1
|-boost|p2a: Blastoise|atk|2
|-boost|p2a: Blastoise|spa|2
|-boost|p2a: Blastoise|spe|2
|-enditem|p2a: Blastoise|White Herb
|-clearnegativeboost|p2a: Blastoise|[silent]
|move|p1a: Metagross|Thunder Punch|p2a: Blastoise
|-resisted|p2a: Blastoise
|-damage|p2a: Blastoise|82/100
|
|upkeep
|turn|11
|inactive|Kadeerkarim64 has 60 seconds left.
|
|t:|1760849514
|move|p2a: Blastoise|Tera Blast|p1a: Metagross|[anim] Tera Blast Electric
|-supereffective|p1a: Metagross
|-damage|p1a: Metagross|0 fnt
|faint|p1a: Metagross
|
|upkeep
|
|t:|1760849521
|switch|p1a: Garchomp|Garchomp, F|15/100
|-activate|p1a: Garchomp|move: Sticky Web
|-unboost|p1a: Garchomp|spe|1
|turn|12
|
|t:|1760849527
|move|p2a: Blastoise|Ice Beam|p1a: Garchomp
|-supereffective|p1a: Garchomp
|-damage|p1a: Garchomp|0 fnt
|faint|p1a: Garchomp
|
|upkeep
|
|t:|1760849533
|switch|p1a: Zapdos|Zapdos|100/100
|-ability|p1a: Zapdos|Pressure
|turn|13
|
|t:|1760849543
|move|p2a: Blastoise|Ice Beam|p1a: Zapdos
|-supereffective|p1a: Zapdos
|-damage|p1a: Zapdos|0 fnt
|faint|p1a: Zapdos
|
|upkeep
|
|t:|1760849549
|switch|p1a: Volcanion|Volcanion|87/100
|turn|14
|
|t:|1760849557
|move|p2a: Blastoise|Tera Blast|p1a: Volcanion|[anim] Tera Blast Electric
|-supereffective|p1a: Volcanion
|-damage|p1a: Volcanion|0 fnt
|faint|p1a: Volcanion
|
|upkeep
|
|t:|1760849563
|switch|p1a: Darkrai|Darkrai|100/100
|-activate|p1a: Darkrai|move: Sticky Web
|-unboost|p1a: Darkrai|spe|1
|turn|15
|
|t:|1760849570
|move|p2a: Blastoise|Tera Blast|p1a: Darkrai|[anim] Tera Blast Electric
|-damage|p1a: Darkrai|13/100
|move|p1a: Darkrai|Sludge Bomb|p2a: Blastoise
|-damage|p2a: Blastoise|32/100
|-status|p2a: Blastoise|psn
|
|-damage|p2a: Blastoise|20/100 psn|[from] psn
|upkeep
|turn|16
|
|t:|1760849581
|move|p2a: Blastoise|Tera Blast|p1a: Darkrai|[anim] Tera Blast Electric
|-damage|p1a: Darkrai|0 fnt
|faint|p1a: Darkrai
|
|win|Kadeerkarim64
|raw|ractars's rating: 1140 &rarr; <strong>1111</strong><br />(-29 for losing)
|raw|Kadeerkarim64's rating: 1087 &rarr; <strong>1118</strong><br />(+31 for winning)
|l|☆Kadeerkarim64
|player|p2|
|l|☆ractars
|player|p1|
