|j|☆jadhe
|j|☆The Power of Spam
|t:|1760889867
|gametype|singles
|player|p1|jadhe|102|1243
|player|p2|The Power of Spam|artist-gen4|1238
|gen|9
|tier|[Gen 9] OU
|rated|
|rule|HP Percentage Mod: HP is shown in percentages
|rule|Endless Battle Clause: Forcing endless battles is banned
|rule|Species Clause: Limit one of each Pokémon
|rule|OHKO Clause: OHKO moves are banned
|rule|Evasion Items Clause: Evasion items are banned
|rule|Evasion Moves Clause: Evasion moves are banned
|rule|Evasion Abilities Clause: Evasion abilities are banned
|rule|Sleep Moves Clause: Sleep-inducing moves are banned
|clearpoke
|poke|p1|Gliscor, M|
|poke|p1|Tropius, F|
|poke|p1|Cinderace, F|
|poke|p1|Indeedee, M|
|poke|p1|Iron Treads|
|poke|p1|Heatran, F|
|poke|p2|Rillaboom, F|
|poke|p2|Glimmora, M|
|poke|p2|Hawlucha, M|
|poke|p2|Heatran, F|
|poke|p2|Mimikyu, F|
|poke|p2|Ting-Lu|
|teampreview
|inactive|Battle timer is ON: inactive players will automatically lose when time's up. (requested by jadhe)
|
|t:|1760889886
|teamsize|p1|6
|teamsize|p2|6
|start
|switch|p1a: Cinderace|Cinderace, F|100/100
|switch|p2a: Ting-Lu|Ting-Lu, shiny|100/100
|-ability|p2a: Ting-Lu|Vessel of Ruin
|turn|1
|
|t:|1760889896
|move|p1a: Cinderace|U-turn|p2a: Ting-Lu
|-start|p1a: Cinderace|typechange|Bug|[from] ability: Libero
|-supereffective|p2a: Ting-Lu
|-damage|p2a: Ting-Lu|50/100
|-damage|p1a: Cinderace|91/100|[from] item: Life Orb
|
|t:|1760889903
|switch|p1a: Gliscor|Gliscor, M|100/100|[from] U-turn
|move|p2a: Ting-Lu|Stealth Rock|p1a: Gliscor
|-sidestart|p1: jadhe|move: Stealth Rock
|
|-heal|p2a: Ting-Lu|56/100|[from] item: Leftovers
|-status|p1a: Gliscor|tox|[from] item: Toxic Orb
|upkeep
|turn|2
|
|t:|1760889915
|move|p1a: Gliscor|Substitute|p1a: Gliscor
|-start|p1a: Gliscor|Substitute
|-damage|p1a: Gliscor|76/100 tox
|move|p2a: Ting-Lu|Whirlwind|p1a: Gliscor
|drag|p1a: Cinderace|Cinderace, F|91/100
|-damage|p1a: Cinderace|66/100|[from] Stealth Rock
|
|-heal|p2a: Ting-Lu|62/100|[from] item: Leftovers
|upkeep
|turn|3
|
|t:|1760889927
|switch|p2a: Glimmora|Glimmora, M, shiny|100/100
|move|p1a: Cinderace|U-turn|p2a: Glimmora
|-start|p1a: Cinderace|typechange|Bug|[from] ability: Libero
|-resisted|p2a: Glimmora
|-damage|p2a: Glimmora|75/100
|-activate|p2a: Glimmora|ability: Toxic Debris
|-sidestart|p1: jadhe|move: Toxic Spikes
|-damage|p1a: Cinderace|56/100|[from] item: Life Orb
|
|t:|1760889931
|switch|p1a: Gliscor|Gliscor, M|76/100 tox|[from] U-turn
|-damage|p1a: Gliscor|63/100 tox|[from] Stealth Rock
|
|-heal|p1a: Gliscor|76/100 tox|[from] ability: Poison Heal
|upkeep
|turn|4
|
|t:|1760889946
|move|p2a: Glimmora|Power Gem|p1a: Gliscor
|-damage|p1a: Gliscor|5/100 tox
|-damage|p2a: Glimmora|65/100|[from] item: Life Orb
|move|p1a: Gliscor|Earthquake|p2a: Glimmora
|-supereffective|p2a: Glimmora
|-damage|p2a: Glimmora|0 fnt
|-activate|p2a: Glimmora|ability: Toxic Debris
|-sidestart|p1: jadhe|move: Toxic Spikes
|faint|p2a: Glimmora
|
|-heal|p1a: Gliscor|17/100 tox|[from] ability: Poison Heal
|upkeep
|
|t:|1760889959
|switch|p2a: Rillaboom|Rillaboom, F|100/100
|-fieldstart|move: Grassy Terrain|[from] ability: Grassy Surge|[of] p2a: Rillaboom
|turn|5
|
|t:|1760889964
|move|p1a: Gliscor|Protect|p1a: Gliscor
|-singleturn|p1a: Gliscor|Protect
|move|p2a: Rillaboom|Grassy Glide|p1a: Gliscor
|-activate|p1a: Gliscor|move: Protect
|
|-heal|p1a: Gliscor|30/100 tox|[from] ability: Poison Heal
|upkeep
|turn|6
|
|t:|1760889977
|switch|p1a: Iron Treads|Iron Treads|100/100
|-damage|p1a: Iron Treads|97/100|[from] Stealth Rock
|-enditem|p1a: Iron Treads|Booster Energy
|-activate|p1a: Iron Treads|ability: Quark Drive|[fromitem]
|-start|p1a: Iron Treads|quarkdrivespe
|move|p2a: Rillaboom|U-turn|p1a: Iron Treads
|-resisted|p1a: Iron Treads
|-damage|p1a: Iron Treads|87/100
|
|t:|1760889985
|switch|p2a: Mimikyu|Mimikyu, F, shiny|100/100|[from] U-turn
|
|-heal|p1a: Iron Treads|93/100|[from] Grassy Terrain
|upkeep
|turn|7
|
|t:|1760889994
|move|p1a: Iron Treads|Knock Off|p2a: Mimikyu
|-activate|p2a: Mimikyu|ability: Disguise
|-damage|p2a: Mimikyu|100/100
|-enditem|p2a: Mimikyu|Red Card|[from] move: Knock Off|[of] p1a: Iron Treads
|detailschange|p2a: Mimikyu|Mimikyu-Busted, F, shiny
|-damage|p2a: Mimikyu|88/100|[from] pokemon: Mimikyu-Busted
|move|p2a: Mimikyu|Taunt|p1a: Iron Treads
|-start|p1a: Iron Treads|move: Taunt
|
|-heal|p1a: Iron Treads|99/100|[from] Grassy Terrain
|-heal|p2a: Mimikyu|94/100|[from] Grassy Terrain
|upkeep
|turn|8
|
|t:|1760890011
|move|p1a: Iron Treads|Knock Off|p2a: Mimikyu
|-damage|p2a: Mimikyu|71/100
|move|p2a: Mimikyu|Will-O-Wisp|p1a: Iron Treads
|-status|p1a: Iron Treads|brn
|
|-heal|p1a: Iron Treads|100/100 brn|[from] Grassy Terrain
|-heal|p2a: Mimikyu|77/100|[from] Grassy Terrain
|-damage|p1a: Iron Treads|94/100 brn|[from] brn
|upkeep
|turn|9
|
|t:|1760890021
|move|p1a: Iron Treads|Ice Spinner|p2a: Mimikyu
|-damage|p2a: Mimikyu|64/100
|-fieldend|move: Grassy Terrain
|move|p2a: Mimikyu|Play Rough|p1a: Iron Treads
|-resisted|p1a: Iron Treads
|-damage|p1a: Iron Treads|83/100 brn
|
|-damage|p1a: Iron Treads|77/100 brn|[from] brn
|upkeep
|turn|10
|
|t:|1760890032
|switch|p2a: Rillaboom|Rillaboom, F|100/100
|-fieldstart|move: Grassy Terrain|[from] ability: Grassy Surge|[of] p2a: Rillaboom
|move|p1a: Iron Treads|Earthquake|p2a: Rillaboom
|-resisted|p2a: Rillaboom
|-damage|p2a: Rillaboom|96/100
|
|-heal|p1a: Iron Treads|83/100 brn|[from] Grassy Terrain
|-heal|p2a: Rillaboom|100/100|[from] Grassy Terrain
|-damage|p1a: Iron Treads|77/100 brn|[from] brn
|-end|p1a: Iron Treads|move: Taunt
|upkeep
|turn|11
|
|t:|1760890044
|move|p1a: Iron Treads|Rapid Spin|p2a: Rillaboom
|-damage|p2a: Rillaboom|94/100
|-boost|p1a: Iron Treads|spe|1
|-sideend|p1: jadhe|Toxic Spikes|[from] move: Rapid Spin|[of] p1a: Iron Treads
|-sideend|p1: jadhe|Stealth Rock|[from] move: Rapid Spin|[of] p1a: Iron Treads
|move|p2a: Rillaboom|Wood Hammer|p1a: Iron Treads
|-damage|p1a: Iron Treads|8/100 brn
|-damage|p2a: Rillaboom|72/100|[from] Recoil
|
|-heal|p1a: Iron Treads|14/100 brn|[from] Grassy Terrain
|-heal|p2a: Rillaboom|78/100|[from] Grassy Terrain
|-damage|p1a: Iron Treads|8/100 brn|[from] brn
|upkeep
|turn|12
|
|t:|1760890056
|move|p2a: Rillaboom|Grassy Glide|p1a: Iron Treads
|-damage|p1a: Iron Treads|0 fnt
|faint|p1a: Iron Treads
|-end|p1a: Iron Treads|Quark Drive|[silent]
|
|-heal|p2a: Rillaboom|84/100|[from] Grassy Terrain
|upkeep
|
|t:|1760890064
|switch|p1a: Cinderace|Cinderace, F|56/100
|turn|13
|
|t:|1760890076
|switch|p2a: Heatran|Heatran, F|100/100
|move|p1a: Cinderace|Pyro Ball|p2a: Heatran
|-start|p2a: Heatran|ability: Flash Fire
|
|-heal|p1a: Cinderace|62/100|[from] Grassy Terrain
|upkeep
|turn|14
|
|t:|1760890086
|move|p1a: Cinderace|U-turn|p2a: Heatran
|-start|p1a: Cinderace|typechange|Bug|[from] ability: Libero
|-resisted|p2a: Heatran
|-crit|p2a: Heatran
|-damage|p2a: Heatran|87/100
|-damage|p1a: Cinderace|52/100|[from] item: Life Orb
|
|t:|1760890094
|switch|p1a: Tropius|Tropius, F|100/100|[from] U-turn
|move|p2a: Heatran|Taunt|p1a: Tropius
|-start|p1a: Tropius|move: Taunt
|
|-heal|p2a: Heatran|93/100|[from] Grassy Terrain
|-heal|p2a: Heatran|99/100|[from] item: Leftovers
|upkeep
|turn|15
|inactive|jadhe has 120 seconds left.
|
|t:|1760890127
|-terastallize|p1a: Tropius|Water
|move|p2a: Heatran|Earth Power|p1a: Tropius
|-damage|p1a: Tropius|76/100
|move|p1a: Tropius|Air Slash|p2a: Heatran
|-resisted|p2a: Heatran
|-damage|p2a: Heatran|91/100
|
|-heal|p2a: Heatran|97/100|[from] Grassy Terrain
|-heal|p2a: Heatran|100/100|[from] item: Leftovers
|-heal|p1a: Tropius|83/100|[from] Grassy Terrain
|upkeep
|turn|16
|inactive|jadhe has 120 seconds left.
|
|t:|1760890139
|move|p2a: Heatran|Magma Storm|p1a: Tropius
|-resisted|p1a: Tropius
|-crit|p1a: Tropius
|-damage|p1a: Tropius|43/100
|-activate|p1a: Tropius|move: Magma Storm|[of] p2a: Heatran
|-enditem|p1a: Tropius|Sitrus Berry|[eat]
|-heal|p1a: Tropius|68/100|[from] item: Sitrus Berry
|move|p1a: Tropius|Air Slash|p2a: Heatran
|-resisted|p2a: Heatran
|-damage|p2a: Heatran|92/100
|
|-heal|p2a: Heatran|99/100|[from] Grassy Terrain
|-heal|p2a: Heatran|100/100|[from] item: Leftovers
|-heal|p1a: Tropius|74/100|[from] Grassy Terrain
|-damage|p1a: Tropius|62/100|[from] move: Magma Storm|[partiallytrapped]
|-end|p1a: Tropius|move: Taunt
|upkeep
|turn|17
|inactive|jadhe has 120 seconds left.
|
|t:|1760890154
|move|p1a: Tropius|Protect|p1a: Tropius
|-singleturn|p1a: Tropius|Protect
|move|p2a: Heatran|Taunt|p1a: Tropius
|-activate|p1a: Tropius|move: Protect
|
|-heal|p1a: Tropius|68/100|[from] Grassy Terrain
|-damage|p1a: Tropius|55/100|[from] move: Magma Storm|[partiallytrapped]
|-fieldend|move: Grassy Terrain
|-item|p1a: Tropius|Sitrus Berry|[from] ability: Harvest
|upkeep
|turn|18
|inactive|jadhe has 120 seconds left.
|
|t:|1760890168
|move|p2a: Heatran|Taunt|p1a: Tropius
|-start|p1a: Tropius|move: Taunt
|move|p1a: Tropius|Air Slash|p2a: Heatran
|-resisted|p2a: Heatran
|-damage|p2a: Heatran|91/100
|
|-heal|p2a: Heatran|97/100|[from] item: Leftovers
|-damage|p1a: Tropius|43/100|[from] move: Magma Storm|[partiallytrapped]
|upkeep
|-enditem|p1a: Tropius|Sitrus Berry|[eat]
|-heal|p1a: Tropius|68/100|[from] item: Sitrus Berry
|turn|19
|
|t:|1760890181
|move|p2a: Heatran|Will-O-Wisp|p1a: Tropius
|-status|p1a: Tropius|brn
|move|p1a: Tropius|Air Slash|p2a: Heatran
|-resisted|p2a: Heatran
|-damage|p2a: Heatran|89/100
|
|-heal|p2a: Heatran|95/100|[from] item: Leftovers
|-damage|p1a: Tropius|62/100 brn|[from] brn
|-damage|p1a: Tropius|49/100 brn|[from] move: Magma Storm|[partiallytrapped]
|-item|p1a: Tropius|Sitrus Berry|[from] ability: Harvest
|upkeep
|-enditem|p1a: Tropius|Sitrus Berry|[eat]
|-heal|p1a: Tropius|74/100 brn|[from] item: Sitrus Berry
|turn|20
|
|t:|1760890197
|move|p2a: Heatran|Magma Storm|p1a: Tropius|[miss]
|-miss|p2a: Heatran|p1a: Tropius
|move|p1a: Tropius|Air Slash|p2a: Heatran|[miss]
|-miss|p1a: Tropius|p2a: Heatran
|
|-heal|p2a: Heatran|100/100|[from] item: Leftovers
|-damage|p1a: Tropius|68/100 brn|[from] brn
|-end|p1a: Tropius|Magma Storm|[partiallytrapped]
|-end|p1a: Tropius|move: Taunt
|upkeep
|turn|21
|
|t:|1760890212
|switch|p1a: Gliscor|Gliscor, M|30/100 tox
|move|p2a: Heatran|Earth Power|p1a: Gliscor
|-immune|p1a: Gliscor
|
|-heal|p1a: Gliscor|42/100 tox|[from] ability: Poison Heal
|upkeep
|turn|22
|
|t:|1760890221
|-end|p2a: Heatran|ability: Flash Fire|[silent]
|switch|p2a: Rillaboom|Rillaboom, F|84/100
|-fieldstart|move: Grassy Terrain|[from] ability: Grassy Surge|[of] p2a: Rillaboom
|move|p1a: Gliscor|Earthquake|p2a: Rillaboom
|-resisted|p2a: Rillaboom
|-crit|p2a: Rillaboom
|-damage|p2a: Rillaboom|72/100
|
|-heal|p2a: Rillaboom|78/100|[from] Grassy Terrain
|-heal|p1a: Gliscor|55/100 tox|[from] ability: Poison Heal
|upkeep
|turn|23
|
|t:|1760890232
|move|p1a: Gliscor|Protect|p1a: Gliscor
|-singleturn|p1a: Gliscor|Protect
|move|p2a: Rillaboom|Wood Hammer|p1a: Gliscor
|-activate|p1a: Gliscor|move: Protect
|
|-heal|p2a: Rillaboom|84/100|[from] Grassy Terrain
|-heal|p1a: Gliscor|67/100 tox|[from] ability: Poison Heal
|upkeep
|turn|24
|
|t:|1760890243
|move|p1a: Gliscor|Toxic|p2a: Rillaboom
|-status|p2a: Rillaboom|tox
|move|p2a: Rillaboom|Knock Off|p1a: Gliscor
|-damage|p1a: Gliscor|43/100 tox
|-enditem|p1a: Gliscor|Toxic Orb|[from] move: Knock Off|[of] p2a: Rillaboom
|
|-heal|p2a: Rillaboom|91/100 tox|[from] Grassy Terrain
|-heal|p1a: Gliscor|56/100 tox|[from] ability: Poison Heal
|-damage|p2a: Rillaboom|84/100 tox|[from] psn
|upkeep
|turn|25
|
|t:|1760890254
|move|p1a: Gliscor|Protect|p1a: Gliscor
|-singleturn|p1a: Gliscor|Protect
|move|p2a: Rillaboom|Wood Hammer|p1a: Gliscor
|-activate|p1a: Gliscor|move: Protect
|
|-heal|p2a: Rillaboom|91/100 tox|[from] Grassy Terrain
|-heal|p1a: Gliscor|68/100 tox|[from] ability: Poison Heal
|-damage|p2a: Rillaboom|78/100 tox|[from] psn
|upkeep
|turn|26
|
|t:|1760890265
|move|p1a: Gliscor|Substitute|p1a: Gliscor
|-start|p1a: Gliscor|Substitute
|-damage|p1a: Gliscor|43/100 tox
|move|p2a: Rillaboom|Wood Hammer|p1a: Gliscor
|-end|p1a: Gliscor|Substitute
|-damage|p2a: Rillaboom|71/100 tox|[from] Recoil|[of] p1a: Gliscor
|
|-heal|p2a: Rillaboom|77/100 tox|[from] Grassy Terrain
|-heal|p1a: Gliscor|56/100 tox|[from] ability: Poison Heal
|-damage|p2a: Rillaboom|59/100 tox|[from] psn
|upkeep
|turn|27
|
|t:|1760890277
|switch|p2a: Ting-Lu|Ting-Lu, shiny|62/100
|-ability|p2a: Ting-Lu|Vessel of Ruin
|move|p1a: Gliscor|Protect||[still]
|-fail|p1a: Gliscor
|
|-heal|p2a: Ting-Lu|69/100|[from] Grassy Terrain
|-heal|p2a: Ting-Lu|75/100|[from] item: Leftovers
|-heal|p1a: Gliscor|68/100 tox|[from] ability: Poison Heal
|upkeep
|turn|28
|
|t:|1760890289
|move|p1a: Gliscor|Toxic|p2a: Ting-Lu
|-status|p2a: Ting-Lu|tox
|move|p2a: Ting-Lu|Stealth Rock|p1a: Gliscor
|-sidestart|p1: jadhe|move: Stealth Rock
|
|-heal|p2a: Ting-Lu|81/100 tox|[from] Grassy Terrain
|-heal|p2a: Ting-Lu|87/100 tox|[from] item: Leftovers
|-heal|p1a: Gliscor|81/100 tox|[from] ability: Poison Heal
|-damage|p2a: Ting-Lu|81/100 tox|[from] psn
|upkeep
|turn|29
|
|t:|1760890300
|move|p1a: Gliscor|Substitute|p1a: Gliscor
|-start|p1a: Gliscor|Substitute
|-damage|p1a: Gliscor|56/100 tox
|move|p2a: Ting-Lu|Whirlwind|p1a: Gliscor
|drag|p1a: Indeedee|Indeedee, M|100/100
|-damage|p1a: Indeedee|88/100|[from] Stealth Rock
|-fieldstart|move: Psychic Terrain|[from] ability: Psychic Surge|[of] p1a: Indeedee
|
|-heal|p2a: Ting-Lu|87/100 tox|[from] item: Leftovers
|-damage|p2a: Ting-Lu|75/100 tox|[from] psn
|upkeep
|turn|30
|inactive|jadhe has 120 seconds left.
|
|t:|1760890344
|move|p1a: Indeedee|Energy Ball|p2a: Ting-Lu
|-supereffective|p2a: Ting-Lu
|-damage|p2a: Ting-Lu|51/100 tox
|move|p2a: Ting-Lu|Whirlwind|p1a: Indeedee
|drag|p1a: Tropius|Tropius, F, tera:Water|68/100 brn
|-damage|p1a: Tropius|55/100 brn|[from] Stealth Rock
|
|-heal|p2a: Ting-Lu|57/100 tox|[from] item: Leftovers
|-damage|p2a: Ting-Lu|39/100 tox|[from] psn
|-damage|p1a: Tropius|49/100 brn|[from] brn
|-item|p1a: Tropius|Sitrus Berry|[from] ability: Harvest
|upkeep
|-enditem|p1a: Tropius|Sitrus Berry|[eat]
|-heal|p1a: Tropius|74/100 brn|[from] item: Sitrus Berry
|turn|31
|
|t:|1760890363
|switch|p2a: Heatran|Heatran, F|100/100
|move|p1a: Tropius|Leech Seed|p2a: Heatran
|-start|p2a: Heatran|move: Leech Seed
|
|-damage|p2a: Heatran|88/100|[from] Leech Seed|[of] p1a: Tropius
|-heal|p1a: Tropius|86/100 brn|[silent]
|-damage|p1a: Tropius|79/100 brn|[from] brn
|upkeep
|turn|32
|
|t:|1760890373
|switch|p2a: Rillaboom|Rillaboom, F|59/100 tox
|-fieldstart|move: Grassy Terrain|[from] ability: Grassy Surge|[of] p2a: Rillaboom
|move|p1a: Tropius|Substitute|p1a: Tropius
|-start|p1a: Tropius|Substitute
|-damage|p1a: Tropius|54/100 brn
|
|-heal|p2a: Rillaboom|65/100 tox|[from] Grassy Terrain
|-heal|p1a: Tropius|61/100 brn|[from] Grassy Terrain
|-damage|p2a: Rillaboom|59/100 tox|[from] psn
|-damage|p1a: Tropius|54/100 brn|[from] brn
|-item|p1a: Tropius|Sitrus Berry|[from] ability: Harvest
|upkeep
|turn|33
|
|t:|1760890386
|move|p2a: Rillaboom|Grassy Glide|p1a: Tropius
|-supereffective|p1a: Tropius
|-end|p1a: Tropius|Substitute
|move|p1a: Tropius|Air Slash|p2a: Rillaboom
|-supereffective|p2a: Rillaboom
|-damage|p2a: Rillaboom|11/100 tox
|
|-heal|p2a: Rillaboom|17/100 tox|[from] Grassy Terrain
|-heal|p1a: Tropius|61/100 brn|[from] Grassy Terrain
|-damage|p2a: Rillaboom|5/100 tox|[from] psn
|-damage|p1a: Tropius|54/100 brn|[from] brn
|upkeep
|turn|34
|
|t:|1760890398
|move|p1a: Tropius|Protect|p1a: Tropius
|-singleturn|p1a: Tropius|Protect
|move|p2a: Rillaboom|U-turn|p1a: Tropius
|-activate|p1a: Tropius|move: Protect
|
|-heal|p2a: Rillaboom|11/100 tox|[from] Grassy Terrain
|-heal|p1a: Tropius|61/100 brn|[from] Grassy Terrain
|-damage|p2a: Rillaboom|0 fnt|[from] psn
|faint|p2a: Rillaboom
|-damage|p1a: Tropius|54/100 brn|[from] brn
|upkeep
|
|t:|1760890409
|switch|p2a: Rock Lee|Hawlucha, M, shiny|100/100
|-enditem|p2a: Rock Lee|Grassy Seed
|-boost|p2a: Rock Lee|def|1|[from] item: Grassy Seed
|turn|35
|
|t:|1760890415
|move|p2a: Rock Lee|Encore|p1a: Tropius
|-start|p1a: Tropius|Encore
|move|p1a: Tropius|Protect||[still]
|-fail|p1a: Tropius
|
|-heal|p1a: Tropius|61/100 brn|[from] Grassy Terrain
|-damage|p1a: Tropius|54/100 brn|[from] brn
|upkeep
|turn|36
|
|t:|1760890424
|switch|p1a: Gliscor|Gliscor, M|56/100 tox
|-damage|p1a: Gliscor|43/100 tox|[from] Stealth Rock
|move|p2a: Rock Lee|Swords Dance|p2a: Rock Lee
|-boost|p2a: Rock Lee|atk|2
|
|-heal|p1a: Gliscor|56/100 tox|[from] ability: Poison Heal
|upkeep
|turn|37
|
|t:|1760890433
|move|p2a: Rock Lee|Acrobatics|p1a: Gliscor
|-damage|p1a: Gliscor|0 fnt
|faint|p1a: Gliscor
|
|upkeep
|
|t:|1760890437
|switch|p1a: Indeedee|Indeedee, M|88/100
|-damage|p1a: Indeedee|76/100|[from] Stealth Rock
|-fieldstart|move: Psychic Terrain|[from] ability: Psychic Surge|[of] p1a: Indeedee
|turn|38
|
|t:|1760890448
|move|p2a: Rock Lee|Close Combat|p1a: Indeedee
|-damage|p1a: Indeedee|0 fnt
|-unboost|p2a: Rock Lee|def|1
|-unboost|p2a: Rock Lee|spd|1
|faint|p1a: Indeedee
|
|upkeep
|
|t:|1760890461
|switch|p1a: Heatran|Heatran, F|100/100
|-damage|p1a: Heatran|88/100|[from] Stealth Rock
|-item|p1a: Heatran|Air Balloon
|turn|39
|
|t:|1760890467
|move|p2a: Rock Lee|Close Combat|p1a: Heatran
|-supereffective|p1a: Heatran
|-damage|p1a: Heatran|0 fnt
|-unboost|p2a: Rock Lee|def|1
|-unboost|p2a: Rock Lee|spd|1
|-enditem|p1a: Heatran|Air Balloon
|faint|p1a: Heatran
|
|upkeep
|
|t:|1760890474
|switch|p1a: Tropius|Tropius, F, tera:Water|54/100 brn
|-damage|p1a: Tropius|42/100 brn|[from] Stealth Rock
|-enditem|p1a: Tropius|Sitrus Berry|[eat]
|-heal|p1a: Tropius|67/100 brn|[from] item: Sitrus Berry
|turn|40
|
|t:|1760890483
|move|p1a: Tropius|Protect|p1a: Tropius
|-singleturn|p1a: Tropius|Protect
|move|p2a: Rock Lee|Swords Dance|p2a: Rock Lee
|-boost|p2a: Rock Lee|atk|2
|
|-damage|p1a: Tropius|61/100 brn|[from] brn
|-item|p1a: Tropius|Sitrus Berry|[from] ability: Harvest
|upkeep
|turn|41
|c|☆The Power of Spam|Nice cheese team
|
|t:|1760890493
|move|p2a: Rock Lee|Acrobatics|p1a: Tropius
|-damage|p1a: Tropius|0 fnt
|faint|p1a: Tropius
|
|upkeep
|
|t:|1760890498
|switch|p1a: Cinderace|Cinderace, F|52/100
|-damage|p1a: Cinderace|27/100|[from] Stealth Rock
|turn|42
|c|☆The Power of Spam|Gimmicks only get you so far
|
|t:|1760890507
|move|p1a: Cinderace|Sucker Punch|p2a: Rock Lee
|-start|p1a: Cinderace|typechange|Dark|[from] ability: Libero
|-hint|Psychic Terrain doesn't affect Pokémon immune to Ground.
|-resisted|p2a: Rock Lee
|-damage|p2a: Rock Lee|54/100
|-damage|p1a: Cinderace|17/100|[from] item: Life Orb
|move|p2a: Rock Lee|Acrobatics|p1a: Cinderace
|-damage|p1a: Cinderace|0 fnt
|faint|p1a: Cinderace
|
|win|The Power of Spam
|raw|jadhe's rating: 1243 &rarr; <strong>1218</strong><br />(-25 for losing)
|raw|The Power of Spam's rating: 1238 &rarr; <strong>1263</strong><br />(+25 for winning)
|l|☆jadhe
|player|p1|
