|j|☆Barboteu85
|j|☆Senech
|t:|1760793557
|gametype|singles
|player|p1|Barboteu85|pryce|1138
|player|p2|Senech|crasherwake|1194
|gen|9
|tier|[Gen 9] OU
|rated|
|rule|HP Percentage Mod: HP is shown in percentages
|rule|Endless Battle Clause: Forcing endless battles is banned
|rule|Species Clause: Limit one of each Pokémon
|rule|OHKO Clause: OHKO moves are banned
|rule|Evasion Items Clause: Evasion items are banned
|rule|Evasion Moves Clause: Evasion moves are banned
|rule|Evasion Abilities Clause: Evasion abilities are banned
|rule|Sleep Moves Clause: Sleep-inducing moves are banned
|clearpoke
|poke|p1|Salazzle, F|
|poke|p1|Whimsicott, M|
|poke|p1|Persian-Alola, M|
|poke|p1|Reuniclus, F|
|poke|p1|Cinderace, M|
|poke|p1|Zangoose, F|
|poke|p2|Iron Moth|
|poke|p2|Kingambit, M|
|poke|p2|Dragonite, M|
|poke|p2|Ogerpon-Cornerstone, F|
|poke|p2|Iron Valiant|
|poke|p2|Raging Bolt|
|teampreview
|inactive|Battle timer is ON: inactive players will automatically lose when time's up. (requested by Barboteu85)
|
|t:|1760793568
|teamsize|p1|6
|teamsize|p2|6
|start
|switch|p1a: Whimsicott|Whimsicott, M|100/100
|switch|p2a: Dragonite|Dragonite, M|100/100
|turn|1
|
|t:|1760793576
|-terastallize|p2a: Dragonite|Flying
|move|p1a: Whimsicott|Stun Spore|p2a: Dragonite
|-status|p2a: Dragonite|par
|move|p2a: Dragonite|Tera Blast|p1a: Whimsicott|[anim] Tera Blast Flying
|-supereffective|p1a: Whimsicott
|-damage|p1a: Whimsicott|1/100
|
|upkeep
|turn|2
|
|t:|1760793599
|move|p1a: Whimsicott|Leech Seed|p2a: Dragonite
|-start|p2a: Dragonite|move: Leech Seed
|move|p2a: Dragonite|Dragon Dance|p2a: Dragonite
|-boost|p2a: Dragonite|atk|1
|-boost|p2a: Dragonite|spe|1
|
|-damage|p2a: Dragonite|88/100 par|[from] Leech Seed|[of] p1a: Whimsicott
|-heal|p1a: Whimsicott|14/100|[silent]
|upkeep
|turn|3
|
|t:|1760793607
|move|p1a: Whimsicott|Protect|p1a: Whimsicott
|-singleturn|p1a: Whimsicott|Protect
|move|p2a: Dragonite|Extreme Speed|p1a: Whimsicott
|-activate|p1a: Whimsicott|move: Protect
|
|-damage|p2a: Dragonite|76/100 par|[from] Leech Seed|[of] p1a: Whimsicott
|-heal|p1a: Whimsicott|26/100|[silent]
|upkeep
|turn|4
|
|t:|1760793619
|switch|p1a: Persian|Persian-Alola, M|100/100
|move|p2a: Dragonite|Tera Blast|p1a: Persian|[anim] Tera Blast Flying
|-damage|p1a: Persian|53/100
|
|-heal|p1a: Persian|59/100|[from] item: Leftovers
|-damage|p2a: Dragonite|63/100 par|[from] Leech Seed|[of] p1a: Persian
|-heal|p1a: Persian|71/100|[silent]
|upkeep
|turn|5
|
|t:|1760793631
|move|p1a: Persian|Knock Off|p2a: Dragonite
|-damage|p2a: Dragonite|40/100 par
|-enditem|p2a: Dragonite|Heavy-Duty Boots|[from] move: Knock Off|[of] p1a: Persian
|cant|p2a: Dragonite|par
|
|-heal|p1a: Persian|77/100|[from] item: Leftovers
|-damage|p2a: Dragonite|28/100 par|[from] Leech Seed|[of] p1a: Persian
|-heal|p1a: Persian|89/100|[silent]
|upkeep
|turn|6
|
|t:|1760793639
|move|p2a: Dragonite|Extreme Speed|p1a: Persian
|-damage|p1a: Persian|67/100
|move|p1a: Persian|Foul Play|p2a: Dragonite
|-damage|p2a: Dragonite|0 fnt
|faint|p2a: Dragonite
|
|-heal|p1a: Persian|73/100|[from] item: Leftovers
|upkeep
|
|t:|1760793651
|switch|p2a: Iron Valiant|Iron Valiant|100/100
|-enditem|p2a: Iron Valiant|Booster Energy
|-activate|p2a: Iron Valiant|ability: Quark Drive|[fromitem]
|-start|p2a: Iron Valiant|quarkdrivespe
|turn|7
|
|t:|1760793660
|move|p2a: Iron Valiant|Swords Dance|p2a: Iron Valiant
|-boost|p2a: Iron Valiant|atk|2
|move|p1a: Persian|Thunder Wave|p2a: Iron Valiant
|-status|p2a: Iron Valiant|par
|
|-heal|p1a: Persian|79/100|[from] item: Leftovers
|upkeep
|turn|8
|
|t:|1760793670
|cant|p2a: Iron Valiant|par
|move|p1a: Persian|Foul Play|p2a: Iron Valiant
|-resisted|p2a: Iron Valiant
|-damage|p2a: Iron Valiant|70/100 par
|
|-heal|p1a: Persian|85/100|[from] item: Leftovers
|upkeep
|turn|9
|
|t:|1760793681
|move|p2a: Iron Valiant|Close Combat|p1a: Persian
|-supereffective|p1a: Persian
|-damage|p1a: Persian|0 fnt
|-unboost|p2a: Iron Valiant|def|1
|-unboost|p2a: Iron Valiant|spd|1
|faint|p1a: Persian
|
|upkeep
|
|t:|1760793688
|switch|p1a: Cinderace|Cinderace, M|100/100
|turn|10
|
|t:|1760793694
|move|p1a: Cinderace|Pyro Ball|p2a: Iron Valiant
|-damage|p2a: Iron Valiant|0 fnt
|faint|p2a: Iron Valiant
|-end|p2a: Iron Valiant|Quark Drive|[silent]
|
|upkeep
|
|t:|1760793702
|switch|p2a: Raging Bolt|Raging Bolt|100/100
|-enditem|p2a: Raging Bolt|Booster Energy
|-activate|p2a: Raging Bolt|ability: Protosynthesis|[fromitem]
|-start|p2a: Raging Bolt|protosynthesisspa
|turn|11
|
|t:|1760793715
|move|p2a: Raging Bolt|Thunderclap|p1a: Cinderace
|-damage|p1a: Cinderace|27/100
|move|p1a: Cinderace|U-turn|p2a: Raging Bolt
|-start|p1a: Cinderace|typechange|Bug|[from] ability: Libero
|-damage|p2a: Raging Bolt|71/100
|
|t:|1760793734
|switch|p1a: Salazzle|Salazzle, F|100/100|[from] U-turn
|
|upkeep
|turn|12
|
|t:|1760793743
|move|p1a: Salazzle|Flamethrower|p2a: Raging Bolt
|-resisted|p2a: Raging Bolt
|-damage|p2a: Raging Bolt|56/100
|-status|p2a: Raging Bolt|brn
|move|p2a: Raging Bolt|Calm Mind|p2a: Raging Bolt
|-boost|p2a: Raging Bolt|spa|1
|-boost|p2a: Raging Bolt|spd|1
|
|-damage|p2a: Raging Bolt|50/100 brn|[from] brn
|upkeep
|turn|13
|
|t:|1760793761
|move|p1a: Salazzle|Substitute|p1a: Salazzle
|-start|p1a: Salazzle|Substitute
|-damage|p1a: Salazzle|76/100
|move|p2a: Raging Bolt|Thunderbolt|p1a: Salazzle
|-end|p1a: Salazzle|Substitute
|
|-heal|p1a: Salazzle|82/100|[from] item: Black Sludge
|-damage|p2a: Raging Bolt|44/100 brn|[from] brn
|upkeep
|turn|14
|
|t:|1760793769
|move|p1a: Salazzle|Protect|p1a: Salazzle
|-singleturn|p1a: Salazzle|Protect
|move|p2a: Raging Bolt|Thunderclap||[still]
|-fail|p2a: Raging Bolt
|
|-heal|p1a: Salazzle|88/100|[from] item: Black Sludge
|-damage|p2a: Raging Bolt|38/100 brn|[from] brn
|upkeep
|turn|15
|
|t:|1760793776
|move|p2a: Raging Bolt|Thunderclap||[still]
|-fail|p2a: Raging Bolt
|move|p1a: Salazzle|Substitute|p1a: Salazzle
|-start|p1a: Salazzle|Substitute
|-damage|p1a: Salazzle|63/100
|
|-heal|p1a: Salazzle|70/100|[from] item: Black Sludge
|-damage|p2a: Raging Bolt|32/100 brn|[from] brn
|upkeep
|turn|16
|
|t:|1760793784
|move|p1a: Salazzle|Protect|p1a: Salazzle
|-singleturn|p1a: Salazzle|Protect
|move|p2a: Raging Bolt|Dragon Pulse|p1a: Salazzle
|-activate|p1a: Salazzle|move: Protect
|
|-heal|p1a: Salazzle|76/100|[from] item: Black Sludge
|-damage|p2a: Raging Bolt|26/100 brn|[from] brn
|upkeep
|turn|17
|
|t:|1760793794
|move|p1a: Salazzle|Flamethrower|p2a: Raging Bolt
|-resisted|p2a: Raging Bolt
|-damage|p2a: Raging Bolt|14/100 brn
|move|p2a: Raging Bolt|Dragon Pulse|p1a: Salazzle
|-end|p1a: Salazzle|Substitute
|
|-heal|p1a: Salazzle|82/100|[from] item: Black Sludge
|-damage|p2a: Raging Bolt|8/100 brn|[from] brn
|upkeep
|turn|18
|
|t:|1760793810
|move|p1a: Salazzle|Protect|p1a: Salazzle
|-singleturn|p1a: Salazzle|Protect
|move|p2a: Raging Bolt|Dragon Pulse|p1a: Salazzle
|-activate|p1a: Salazzle|move: Protect
|
|-heal|p1a: Salazzle|88/100|[from] item: Black Sludge
|-damage|p2a: Raging Bolt|2/100 brn|[from] brn
|upkeep
|turn|19
|
|t:|1760793824
|move|p1a: Salazzle|Flamethrower|p2a: Raging Bolt
|-resisted|p2a: Raging Bolt
|-damage|p2a: Raging Bolt|0 fnt
|faint|p2a: Raging Bolt
|-end|p2a: Raging Bolt|Protosynthesis|[silent]
|
|-heal|p1a: Salazzle|94/100|[from] item: Black Sludge
|upkeep
|
|t:|1760793836
|switch|p2a: Ogerpon|Ogerpon-Cornerstone, F|100/100
|turn|20
|
|t:|1760793841
|move|p1a: Salazzle|Substitute|p1a: Salazzle
|-start|p1a: Salazzle|Substitute
|-damage|p1a: Salazzle|70/100
|move|p2a: Ogerpon|Ivy Cudgel|p1a: Salazzle|[anim] Ivy Cudgel Rock
|-supereffective|p1a: Salazzle
|-end|p1a: Salazzle|Substitute
|
|-heal|p1a: Salazzle|76/100|[from] item: Black Sludge
|upkeep
|turn|21
|
|t:|1760793859
|switch|p1a: Whimsicott|Whimsicott, M|26/100
|move|p2a: Ogerpon|Ivy Cudgel|p1a: Whimsicott|[anim] Ivy Cudgel Rock
|-damage|p1a: Whimsicott|0 fnt
|faint|p1a: Whimsicott
|
|upkeep
|
|t:|1760793867
|switch|p1a: Cinderace|Cinderace, M|27/100
|turn|22
|
|t:|1760793872
|move|p1a: Cinderace|Pyro Ball|p2a: Ogerpon
|-damage|p2a: Ogerpon|23/100
|move|p2a: Ogerpon|Ivy Cudgel|p1a: Cinderace|[anim] Ivy Cudgel Rock
|-supereffective|p1a: Cinderace
|-damage|p1a: Cinderace|0 fnt
|faint|p1a: Cinderace
|
|upkeep
|
|t:|1760793880
|switch|p1a: Salazzle|Salazzle, F|76/100
|turn|23
|
|t:|1760793882
|move|p1a: Salazzle|Flamethrower|p2a: Ogerpon
|-damage|p2a: Ogerpon|0 fnt
|faint|p2a: Ogerpon
|
|-heal|p1a: Salazzle|82/100|[from] item: Black Sludge
|upkeep
|
|t:|1760793888
|switch|p2a: Kingambit|Kingambit, M|100/100
|-activate|p2a: Kingambit|ability: Supreme Overlord
|-start|p2a: Kingambit|fallen4|[silent]
|turn|24
|
|t:|1760793901
|move|p1a: Salazzle|Substitute|p1a: Salazzle
|-start|p1a: Salazzle|Substitute
|-damage|p1a: Salazzle|57/100
|move|p2a: Kingambit|Swords Dance|p2a: Kingambit
|-boost|p2a: Kingambit|atk|2
|
|-heal|p1a: Salazzle|63/100|[from] item: Black Sludge
|upkeep
|turn|25
|
|t:|1760793909
|move|p1a: Salazzle|Toxic|p2a: Kingambit
|-status|p2a: Kingambit|tox
|-enditem|p2a: Kingambit|Lum Berry|[eat]
|-curestatus|p2a: Kingambit|tox|[msg]
|move|p2a: Kingambit|Iron Head|p1a: Salazzle
|-resisted|p1a: Salazzle
|-end|p1a: Salazzle|Substitute
|
|-heal|p1a: Salazzle|70/100|[from] item: Black Sludge
|upkeep
|turn|26
|
|t:|1760793924
|move|p1a: Salazzle|Flamethrower|p2a: Kingambit
|-supereffective|p2a: Kingambit
|-damage|p2a: Kingambit|28/100
|move|p2a: Kingambit|Kowtow Cleave|p1a: Salazzle
|-damage|p1a: Salazzle|0 fnt
|faint|p1a: Salazzle
|
|upkeep
|
|t:|1760793936
|switch|p1a: Zangoose|Zangoose, F|100/100
|turn|27
|
|t:|1760793949
|move|p2a: Kingambit|Sucker Punch|p1a: Zangoose
|-damage|p1a: Zangoose|0 fnt
|faint|p1a: Zangoose
|
|upkeep
|
|t:|1760793953
|switch|p1a: Reuniclus|Reuniclus, F|100/100
|turn|28
|
|t:|1760793959
|move|p2a: Kingambit|Kowtow Cleave|p1a: Reuniclus
|-supereffective|p1a: Reuniclus
|-damage|p1a: Reuniclus|0 fnt
|faint|p1a: Reuniclus
|
|win|Senech
|raw|Barboteu85's rating: 1138 &rarr; <strong>1117</strong><br />(-21 for losing)
|raw|Senech's rating: 1194 &rarr; <strong>1215</strong><br />(+21 for winning)
|l|☆Senech
|player|p2|
