|j|☆virkit
|j|☆Ken_Ducky
|t:|1760812193
|gametype|singles
|player|p1|virkit|101|1098
|player|p2|Ken_Ducky|riley|1100
|gen|9
|tier|[Gen 9] OU
|rated|
|rule|HP Percentage Mod: HP is shown in percentages
|rule|Endless Battle Clause: Forcing endless battles is banned
|rule|Species Clause: Limit one of each Pokémon
|rule|OHKO Clause: OHKO moves are banned
|rule|Evasion Items Clause: Evasion items are banned
|rule|Evasion Moves Clause: Evasion moves are banned
|rule|Evasion Abilities Clause: Evasion abilities are banned
|rule|Sleep Moves Clause: Sleep-inducing moves are banned
|clearpoke
|poke|p1|Greedent, M|
|poke|p1|Bronzong|
|poke|p1|Cinderace, F|
|poke|p1|Ribombee, M|
|poke|p1|Forretress, F|
|poke|p1|Hatterene, F|
|poke|p2|Froslass, F|
|poke|p2|Donphan, F|
|poke|p2|Orthworm, M|
|poke|p2|Dragalge, F|
|poke|p2|Pincurchin, M|
|poke|p2|Iron Hands|
|teampreview
|
|t:|1760812199
|teamsize|p1|6
|teamsize|p2|6
|start
|switch|p1a: Ribombee|Ribombee, M|100/100
|switch|p2a: Froslass|Froslass, F, shiny|100/100
|turn|1
|inactive|Battle timer is ON: inactive players will automatically lose when time's up. (requested by Ken_Ducky)
|
|t:|1760812206
|move|p2a: Froslass|Spikes|p1a: Ribombee
|-sidestart|p1: virkit|Spikes
|move|p1a: Ribombee|Sticky Web|p2a: Froslass
|-sidestart|p2: Ken_Ducky|move: Sticky Web
|
|upkeep
|turn|2
|
|t:|1760812211
|move|p2a: Froslass|Spikes|p1a: Ribombee
|-sidestart|p1: virkit|Spikes
|move|p1a: Ribombee|Quiver Dance|p1a: Ribombee
|-boost|p1a: Ribombee|spa|1
|-boost|p1a: Ribombee|spd|1
|-boost|p1a: Ribombee|spe|1
|
|upkeep
|turn|3
|
|t:|1760812219
|move|p1a: Ribombee|Quiver Dance|p1a: Ribombee
|-boost|p1a: Ribombee|spa|1
|-boost|p1a: Ribombee|spd|1
|-boost|p1a: Ribombee|spe|1
|move|p2a: Froslass|Ice Beam|p1a: Ribombee
|-crit|p1a: Ribombee
|-damage|p1a: Ribombee|9/100
|
|upkeep
|turn|4
|
|t:|1760812231
|move|p1a: Ribombee|Stored Power|p2a: Froslass
|-enditem|p2a: Froslass|Focus Sash
|-damage|p2a: Froslass|1/100
|move|p2a: Froslass|Ice Beam|p1a: Ribombee
|-damage|p1a: Ribombee|0 fnt
|faint|p1a: Ribombee
|
|upkeep
|
|t:|1760812243
|switch|p1a: Cinderace|Cinderace, F|100/100
|-damage|p1a: Cinderace|84/100|[from] Spikes
|turn|5
|
|t:|1760812251
|switch|p2a: Donphan|Donphan, F|100/100
|-activate|p2a: Donphan|move: Sticky Web
|-unboost|p2a: Donphan|spe|1
|move|p1a: Cinderace|Court Change|p1a: Cinderace
|-start|p1a: Cinderace|typechange|Normal|[from] ability: Libero
|-swapsideconditions
|-activate|p1a: Cinderace|move: Court Change
|
|upkeep
|turn|6
|
|t:|1760812262
|switch|p1a: Hatterene|Hatterene, F|100/100
|-activate|p1a: Hatterene|move: Sticky Web
|-unboost|p1a: Hatterene|spe|1
|move|p2a: Donphan|Rapid Spin|p1a: Hatterene
|-damage|p1a: Hatterene|81/100
|-boost|p2a: Donphan|spe|1
|-sideend|p2: Ken_Ducky|Spikes|[from] move: Rapid Spin|[of] p2a: Donphan
|
|upkeep
|turn|7
|
|t:|1760812272
|move|p2a: Donphan|Rapid Spin|p1a: Hatterene
|-damage|p1a: Hatterene|63/100
|-boost|p2a: Donphan|spe|1
|move|p1a: Hatterene|Trick Room|p1a: Hatterene
|-fieldstart|move: Trick Room|[of] p1a: Hatterene
|
|upkeep
|turn|8
|
|t:|1760812283
|move|p1a: Hatterene|Psychic|p2a: Donphan
|-damage|p2a: Donphan|8/100
|-enditem|p2a: Donphan|Liechi Berry|[eat]
|-boost|p2a: Donphan|atk|1|[from] item: Liechi Berry
|move|p2a: Donphan|Earthquake|p1a: Hatterene
|-damage|p1a: Hatterene|0 fnt
|faint|p1a: Hatterene
|
|upkeep
|
|t:|1760812300
|switch|p1a: Bronzong|Bronzong|100/100
|-activate|p1a: Bronzong|move: Sticky Web
|-unboost|p1a: Bronzong|spe|1
|turn|9
|
|t:|1760812308
|move|p2a: Donphan|Endure|p2a: Donphan
|-singleturn|p2a: Donphan|move: Endure
|move|p1a: Bronzong|Body Press|p2a: Donphan
|-activate|p2a: Donphan|move: Endure
|-damage|p2a: Donphan|1/100
|
|upkeep
|turn|10
|
|t:|1760812316
|move|p1a: Bronzong|Body Press|p2a: Donphan
|-damage|p2a: Donphan|0 fnt
|faint|p2a: Donphan
|
|upkeep
|
|t:|1760812320
|switch|p2a: Pincurchin|Pincurchin, M|100/100
|-fieldstart|move: Electric Terrain|[from] ability: Electric Surge|[of] p2a: Pincurchin
|turn|11
|
|t:|1760812335
|move|p1a: Bronzong|Iron Defense|p1a: Bronzong
|-boost|p1a: Bronzong|def|2
|move|p2a: Pincurchin|Toxic Spikes|p1a: Bronzong
|-sidestart|p1: virkit|move: Toxic Spikes
|
|-fieldend|move: Trick Room
|upkeep
|turn|12
|
|t:|1760812344
|move|p2a: Pincurchin|Toxic Spikes|p1a: Bronzong
|-sidestart|p1: virkit|move: Toxic Spikes
|move|p1a: Bronzong|Iron Defense|p1a: Bronzong
|-boost|p1a: Bronzong|def|2
|
|upkeep
|turn|13
|
|t:|1760812352
|move|p2a: Pincurchin|Memento|p1a: Bronzong
|-unboost|p1a: Bronzong|atk|2
|-unboost|p1a: Bronzong|spa|2
|faint|p2a: Pincurchin
|move|p1a: Bronzong|Iron Defense|p1a: Bronzong
|-boost|p1a: Bronzong|def|2
|
|upkeep
|
|t:|1760812354
|switch|p2a: Iron Hands|Iron Hands|100/100
|-enditem|p2a: Iron Hands|Electric Seed
|-boost|p2a: Iron Hands|def|1|[from] item: Electric Seed
|-activate|p2a: Iron Hands|ability: Quark Drive
|-start|p2a: Iron Hands|quarkdriveatk
|turn|14
|
|t:|1760812380
|move|p2a: Iron Hands|Swords Dance|p2a: Iron Hands
|-boost|p2a: Iron Hands|atk|2
|move|p1a: Bronzong|Trick Room|p1a: Bronzong
|-fieldstart|move: Trick Room|[of] p1a: Bronzong
|
|upkeep
|turn|15
|
|t:|1760812391
|-terastallize|p1a: Bronzong|Steel
|move|p1a: Bronzong|Gyro Ball|p2a: Iron Hands
|-resisted|p2a: Iron Hands
|-damage|p2a: Iron Hands|94/100
|move|p2a: Iron Hands|Drain Punch|p1a: Bronzong
|-supereffective|p1a: Bronzong
|-damage|p1a: Bronzong|54/100
|-heal|p2a: Iron Hands|100/100|[from] drain|[of] p1a: Bronzong
|
|upkeep
|turn|16
|
|t:|1760812402
|move|p1a: Bronzong|Body Press|p2a: Iron Hands
|-damage|p2a: Iron Hands|60/100
|move|p2a: Iron Hands|Drain Punch|p1a: Bronzong
|-supereffective|p1a: Bronzong
|-damage|p1a: Bronzong|3/100
|-heal|p2a: Iron Hands|78/100|[from] drain|[of] p1a: Bronzong
|
|upkeep
|turn|17
|
|t:|1760812410
|move|p1a: Bronzong|Body Press|p2a: Iron Hands
|-damage|p2a: Iron Hands|37/100
|move|p2a: Iron Hands|Drain Punch|p1a: Bronzong
|-supereffective|p1a: Bronzong
|-damage|p1a: Bronzong|0 fnt
|-heal|p2a: Iron Hands|38/100|[from] drain|[of] p1a: Bronzong
|faint|p1a: Bronzong
|
|upkeep
|
|t:|1760812420
|switch|p1a: Forretress|Forretress, F|100/100
|-activate|p1a: Forretress|move: Sticky Web
|-unboost|p1a: Forretress|spe|1
|turn|18
|
|t:|1760812427
|move|p1a: Forretress|Earthquake|p2a: Iron Hands
|-supereffective|p2a: Iron Hands
|-damage|p2a: Iron Hands|10/100
|move|p2a: Iron Hands|Drain Punch|p1a: Forretress
|-damage|p1a: Forretress|11/100
|-heal|p2a: Iron Hands|44/100|[from] drain|[of] p1a: Forretress
|
|-fieldend|move: Trick Room
|-fieldend|move: Electric Terrain
|-end|p2a: Iron Hands|Quark Drive
|upkeep
|turn|19
|
|t:|1760812440
|move|p2a: Iron Hands|Drain Punch|p1a: Forretress
|-damage|p1a: Forretress|0 fnt
|-heal|p2a: Iron Hands|48/100|[from] drain|[of] p1a: Forretress
|faint|p1a: Forretress
|
|upkeep
|
|t:|1760812446
|switch|p1a: Cinderace|Cinderace, F|84/100
|-activate|p1a: Cinderace|move: Sticky Web
|-unboost|p1a: Cinderace|spe|1
|-status|p1a: Cinderace|tox
|turn|20
|
|t:|1760812464
|move|p1a: Cinderace|Pyro Ball|p2a: Iron Hands|[miss]
|-miss|p1a: Cinderace|p2a: Iron Hands
|move|p2a: Iron Hands|Drain Punch|p1a: Cinderace
|-damage|p1a: Cinderace|0 fnt
|-heal|p2a: Iron Hands|75/100|[from] drain|[of] p1a: Cinderace
|faint|p1a: Cinderace
|
|upkeep
|
|t:|1760812473
|switch|p1a: Greedent|Greedent, M|100/100
|-activate|p1a: Greedent|move: Sticky Web
|-unboost|p1a: Greedent|spe|1
|-status|p1a: Greedent|tox
|turn|21
|
|t:|1760812485
|move|p2a: Iron Hands|Drain Punch|p1a: Greedent
|-supereffective|p1a: Greedent
|-damage|p1a: Greedent|2/100 tox
|-heal|p2a: Iron Hands|100/100|[from] drain|[of] p1a: Greedent
|-enditem|p1a: Greedent|Sitrus Berry|[eat]
|-heal|p1a: Greedent|27/100 tox|[from] item: Sitrus Berry
|-heal|p1a: Greedent|60/100 tox|[from] ability: Cheek Pouch
|move|p1a: Greedent|Earthquake|p2a: Iron Hands
|-supereffective|p2a: Iron Hands
|-damage|p2a: Iron Hands|80/100
|
|-damage|p1a: Greedent|54/100 tox|[from] psn
|upkeep
|turn|22
|-message|virkit forfeited.
|
|win|Ken_Ducky
|raw|virkit's rating: 1098 &rarr; <strong>1073</strong><br />(-25 for losing)
|raw|Ken_Ducky's rating: 1100 &rarr; <strong>1125</strong><br />(+25 for winning)
|l|☆virkit
|player|p1|
|l|☆Ken_Ducky
|player|p2|
