|j|☆Ywywe
|j|☆jigobo
|t:|1760765851
|gametype|singles
|player|p1|Ywywe|102|1513
|player|p2|jigobo|parasollady-gen4|1463
|gen|9
|tier|[Gen 9] OU
|rated|
|rule|HP Percentage Mod: HP is shown in percentages
|rule|Endless Battle Clause: Forcing endless battles is banned
|rule|Species Clause: Limit one of each Pokémon
|rule|OHKO Clause: OHKO moves are banned
|rule|Evasion Items Clause: Evasion items are banned
|rule|Evasion Moves Clause: Evasion moves are banned
|rule|Evasion Abilities Clause: Evasion abilities are banned
|rule|Sleep Moves Clause: Sleep-inducing moves are banned
|clearpoke
|poke|p1|Mabosstiff, F|
|poke|p1|Moltres|
|poke|p1|Raging Bolt|
|poke|p1|Ogerpon-Wellspring, F|
|poke|p1|Primarina, M|
|poke|p1|Iron Crown|
|poke|p2|Raging Bolt|
|poke|p2|Gholdengo|
|poke|p2|Kingambit, F|
|poke|p2|Great Tusk|
|poke|p2|Meowscarada, M|
|poke|p2|Moltres|
|teampreview
|inactive|Battle timer is ON: inactive players will automatically lose when time's up. (requested by jigobo)
|inactive|Ywywe also wants the timer to be on.
|j| poor ce
|
|t:|1760765868
|teamsize|p1|6
|teamsize|p2|6
|start
|switch|p1a: Primarina|Primarina, M|100/100
|switch|p2a: Meowscarada|Meowscarada, M|100/100
|turn|1
|
|t:|1760765880
|move|p2a: Meowscarada|Knock Off|p1a: Primarina
|-start|p2a: Meowscarada|typechange|Dark|[from] ability: Protean
|-resisted|p1a: Primarina
|-damage|p1a: Primarina|70/100
|-enditem|p1a: Primarina|Choice Specs|[from] move: Knock Off|[of] p2a: Meowscarada
|move|p1a: Primarina|Moonblast|p2a: Meowscarada
|-supereffective|p2a: Meowscarada
|-damage|p2a: Meowscarada|0 fnt
|faint|p2a: Meowscarada
|
|upkeep
|
|t:|1760765883
|switch|p2a: Gholdengo|Gholdengo|100/100
|turn|2
|
|t:|1760765894
|move|p2a: Gholdengo|Nasty Plot|p2a: Gholdengo
|-boost|p2a: Gholdengo|spa|2
|move|p1a: Primarina|Sparkling Aria|p2a: Gholdengo
|-damage|p2a: Gholdengo|54/100
|
|-heal|p2a: Gholdengo|60/100|[from] item: Leftovers
|upkeep
|turn|3
|
|t:|1760765904
|move|p2a: Gholdengo|Shadow Ball|p1a: Primarina
|-damage|p1a: Primarina|0 fnt
|faint|p1a: Primarina
|
|-heal|p2a: Gholdengo|67/100|[from] item: Leftovers
|upkeep
|
|t:|1760765918
|switch|p1a: Raging Bolt|Raging Bolt|100/100
|turn|4
|
|t:|1760765926
|move|p2a: Gholdengo|Shadow Ball|p1a: Raging Bolt
|-damage|p1a: Raging Bolt|54/100
|move|p1a: Raging Bolt|Volt Switch|p2a: Gholdengo
|-damage|p2a: Gholdengo|27/100
|
|t:|1760765932
|-end|p1a: Raging Bolt|Protosynthesis|[silent]
|switch|p1a: Ogerpon|Ogerpon-Wellspring, F|100/100|[from] Volt Switch
|
|-heal|p2a: Gholdengo|33/100|[from] item: Leftovers
|upkeep
|turn|5
|
|t:|1760765947
|switch|p2a: Raging Bolt|Raging Bolt|100/100
|move|p1a: Ogerpon|Ivy Cudgel|p2a: Raging Bolt|[anim] Ivy Cudgel Water
|-resisted|p2a: Raging Bolt
|-crit|p2a: Raging Bolt
|-damage|p2a: Raging Bolt|68/100
|
|-heal|p2a: Raging Bolt|74/100|[from] item: Leftovers
|upkeep
|turn|6
|
|t:|1760765960
|move|p1a: Ogerpon|Ivy Cudgel|p2a: Raging Bolt|[anim] Ivy Cudgel Water
|-resisted|p2a: Raging Bolt
|-crit|p2a: Raging Bolt
|-damage|p2a: Raging Bolt|44/100
|move|p2a: Raging Bolt|Volt Switch|p1a: Ogerpon
|-damage|p1a: Ogerpon|62/100
|
|t:|1760765967
|-end|p2a: Raging Bolt|Protosynthesis|[silent]
|switch|p2a: Moltres|Moltres|100/100|[from] Volt Switch
|
|upkeep
|turn|7
|
|t:|1760765974
|move|p1a: Ogerpon|Ivy Cudgel|p2a: Moltres|[anim] Ivy Cudgel Water
|-supereffective|p2a: Moltres
|-damage|p2a: Moltres|33/100
|move|p2a: Moltres|U-turn|p1a: Ogerpon
|-supereffective|p1a: Ogerpon
|-damage|p1a: Ogerpon|29/100
|
|t:|1760765980
|switch|p2a: Raging Bolt|Raging Bolt|44/100|[from] U-turn
|
|-heal|p2a: Raging Bolt|50/100|[from] item: Leftovers
|upkeep
|turn|8
|
|t:|1760765990
|switch|p1a: Mabosstiff|Mabosstiff, F|100/100
|move|p2a: Raging Bolt|Volt Switch|p1a: Mabosstiff
|-damage|p1a: Mabosstiff|45/100
|
|t:|1760765995
|-end|p2a: Raging Bolt|Protosynthesis|[silent]
|switch|p2a: Moltres|Moltres|33/100|[from] Volt Switch
|
|upkeep
|turn|9
|
|t:|1760766001
|move|p2a: Moltres|Roost|p2a: Moltres
|-heal|p2a: Moltres|83/100
|-singleturn|p2a: Moltres|move: Roost
|move|p1a: Mabosstiff|Crunch|p2a: Moltres
|-damage|p2a: Moltres|41/100
|
|upkeep
|turn|10
|
|t:|1760766008
|move|p2a: Moltres|Roost|p2a: Moltres
|-heal|p2a: Moltres|91/100
|-singleturn|p2a: Moltres|move: Roost
|move|p1a: Mabosstiff|Crunch|p2a: Moltres
|-damage|p2a: Moltres|49/100
|-unboost|p2a: Moltres|def|1
|-status|p1a: Mabosstiff|brn|[from] ability: Flame Body|[of] p2a: Moltres
|
|-damage|p1a: Mabosstiff|39/100 brn|[from] brn
|upkeep
|turn|11
|
|t:|1760766027
|switch|p1a: Ogerpon|Ogerpon-Wellspring, F|29/100
|move|p2a: Moltres|Roost|p2a: Moltres
|-heal|p2a: Moltres|99/100
|-singleturn|p2a: Moltres|move: Roost
|
|upkeep
|turn|12
|
|t:|1760766037
|switch|p2a: Raging Bolt|Raging Bolt|50/100
|move|p1a: Ogerpon|U-turn|p2a: Raging Bolt
|-damage|p2a: Raging Bolt|30/100
|
|t:|1760766042
|switch|p1a: Iron Crown|Iron Crown|100/100|[from] U-turn
|
|-heal|p2a: Raging Bolt|36/100|[from] item: Leftovers
|upkeep
|turn|13
|
|t:|1760766050
|move|p1a: Iron Crown|Volt Switch|p2a: Raging Bolt
|-resisted|p2a: Raging Bolt
|-damage|p2a: Raging Bolt|32/100
|
|t:|1760766055
|-end|p1a: Iron Crown|Quark Drive|[silent]
|switch|p1a: Raging Bolt|Raging Bolt|54/100|[from] Volt Switch
|move|p2a: Raging Bolt|Dragon Tail|p1a: Raging Bolt
|-supereffective|p1a: Raging Bolt
|-damage|p1a: Raging Bolt|32/100
|-end|p1a: Raging Bolt|Protosynthesis|[silent]
|drag|p1a: Ogerpon|Ogerpon-Wellspring, F|29/100
|
|-heal|p2a: Raging Bolt|38/100|[from] item: Leftovers
|upkeep
|turn|14
|
|t:|1760766066
|move|p1a: Ogerpon|Ivy Cudgel|p2a: Raging Bolt|[anim] Ivy Cudgel Water
|-resisted|p2a: Raging Bolt
|-damage|p2a: Raging Bolt|19/100
|move|p2a: Raging Bolt|Volt Switch|p1a: Ogerpon
|-damage|p1a: Ogerpon|0 fnt
|faint|p1a: Ogerpon
|
|t:|1760766072
|-end|p2a: Raging Bolt|Protosynthesis|[silent]
|switch|p2a: Moltres|Moltres|99/100|[from] Volt Switch
|
|upkeep
|
|t:|1760766078
|switch|p1a: Mabosstiff|Mabosstiff, F|39/100 brn
|turn|15
|
|t:|1760766081
|move|p2a: Moltres|Flamethrower|p1a: Mabosstiff
|-damage|p1a: Mabosstiff|0 fnt
|faint|p1a: Mabosstiff
|
|upkeep
|-message|Ywywe forfeited.
|
|win|jigobo
|raw|Ywywe's rating: 1513 &rarr; <strong>1490</strong><br />(-23 for losing)
|raw|jigobo's rating: 1463 &rarr; <strong>1486</strong><br />(+23 for winning)
|l|☆Ywywe
|player|p1|
|l|☆jigobo
|player|p2|
