|j|☆Astrogoose
|j|☆thhrtg探头‘ ^ ’
|t:|1760873385
|gametype|singles
|player|p1|Astrogoose|beauty-gen5bw2|1319
|player|p2|thhrtg探头‘ ^ ’|acetrainerf|1352
|gen|9
|tier|[Gen 9] OU
|rated|
|rule|HP Percentage Mod: HP is shown in percentages
|rule|Endless Battle Clause: Forcing endless battles is banned
|rule|Species Clause: Limit one of each Pokémon
|rule|OHKO Clause: OHKO moves are banned
|rule|Evasion Items Clause: Evasion items are banned
|rule|Evasion Moves Clause: Evasion moves are banned
|rule|Evasion Abilities Clause: Evasion abilities are banned
|rule|Sleep Moves Clause: Sleep-inducing moves are banned
|clearpoke
|poke|p1|Torterra, F|
|poke|p1|Heatran, M|
|poke|p1|Toxapex, F|
|poke|p1|Iron Valiant|
|poke|p1|Enamorus, F|
|poke|p1|Cyclizar, M|
|poke|p2|Great Tusk|
|poke|p2|Kingambit, F|
|poke|p2|Raging Bolt|
|poke|p2|Walking Wake|
|poke|p2|Ninetales, F|
|poke|p2|Ceruledge, F|
|teampreview
|inactive|Battle timer is ON: inactive players will automatically lose when time's up. (requested by Astrogoose)
|
|t:|1760873392
|teamsize|p1|6
|teamsize|p2|6
|start
|switch|p1a: Hatred|Enamorus, F|100/100
|switch|p2a: Ceruledge|Ceruledge, F|100/100
|turn|1
|
|t:|1760873396
|move|p1a: Hatred|Moonblast|p2a: Ceruledge
|-resisted|p2a: Ceruledge
|-damage|p2a: Ceruledge|60/100
|-unboost|p2a: Ceruledge|spa|1
|move|p2a: Ceruledge|Poltergeist|p1a: Hatred
|-activate|p1a: Hatred|move: Poltergeist|Choice Specs
|-damage|p1a: Hatred|1/100
|
|upkeep
|turn|2
|
|t:|1760873408
|switch|p1a: Pex Mex|Toxapex, F|100/100
|move|p2a: Ceruledge|Shadow Sneak|p1a: Pex Mex
|-damage|p1a: Pex Mex|86/100
|
|-heal|p1a: Pex Mex|92/100|[from] item: Leftovers
|upkeep
|turn|3
|
|t:|1760873415
|switch|p2a: Ninetales|Ninetales, F|100/100
|-weather|SunnyDay|[from] ability: Drought|[of] p2a: Ninetales
|move|p1a: Pex Mex|Toxic Spikes|p2a: Ninetales
|-sidestart|p2: thhrtg探头‘ ^ ’|move: Toxic Spikes
|
|-weather|SunnyDay|[upkeep]
|-heal|p1a: Pex Mex|98/100|[from] item: Leftovers
|upkeep
|turn|4
|
|t:|1760873423
|move|p2a: Ninetales|Encore|p1a: Pex Mex
|-start|p1a: Pex Mex|Encore
|move|p1a: Pex Mex|Toxic Spikes|p2a: Ninetales
|-sidestart|p2: thhrtg探头‘ ^ ’|move: Toxic Spikes
|
|-weather|SunnyDay|[upkeep]
|-heal|p1a: Pex Mex|100/100|[from] item: Leftovers
|upkeep
|turn|5
|
|t:|1760873434
|switch|p2a: Ceruledge|Ceruledge, F|60/100
|switch|p1a: Heatrans Rights|Heatran, M|100/100
|
|-weather|SunnyDay|[upkeep]
|upkeep
|turn|6
|
|t:|1760873438
|move|p2a: Ceruledge|Swords Dance|p2a: Ceruledge
|-boost|p2a: Ceruledge|atk|2
|move|p1a: Heatrans Rights|Earth Power|p2a: Ceruledge
|-supereffective|p2a: Ceruledge
|-damage|p2a: Ceruledge|7/100
|
|-weather|SunnyDay|[upkeep]
|upkeep
|turn|7
|
|t:|1760873448
|switch|p1a: Pex Mex|Toxapex, F|100/100
|move|p2a: Ceruledge|Poltergeist|p1a: Pex Mex|[miss]
|-miss|p2a: Ceruledge|p1a: Pex Mex
|
|-weather|SunnyDay|[upkeep]
|upkeep
|turn|8
|
|t:|1760873453
|move|p2a: Ceruledge|Poltergeist|p1a: Pex Mex
|-activate|p1a: Pex Mex|move: Poltergeist|Leftovers
|-damage|p1a: Pex Mex|30/100
|move|p1a: Pex Mex|Chilling Water|p2a: Ceruledge
|-supereffective|p2a: Ceruledge
|-damage|p2a: Ceruledge|0 fnt
|faint|p2a: Ceruledge
|
|-weather|SunnyDay|[upkeep]
|-heal|p1a: Pex Mex|36/100|[from] item: Leftovers
|upkeep
|
|t:|1760873460
|switch|p2a: Great Tusk|Great Tusk|100/100
|-status|p2a: Great Tusk|tox
|-activate|p2a: Great Tusk|ability: Protosynthesis
|-start|p2a: Great Tusk|protosynthesisatk
|turn|9
|
|t:|1760873465
|switch|p1a: Hatred|Enamorus, F|1/100
|move|p2a: Great Tusk|Rapid Spin|p1a: Hatred
|-damage|p1a: Hatred|0 fnt
|-boost|p2a: Great Tusk|spe|1
|-sideend|p2: thhrtg探头‘ ^ ’|Toxic Spikes|[from] move: Rapid Spin|[of] p2a: Great Tusk
|faint|p1a: Hatred
|
|-weather|SunnyDay|[upkeep]
|-damage|p2a: Great Tusk|94/100 tox|[from] psn
|upkeep
|
|t:|1760873477
|switch|p1a: Val|Iron Valiant|100/100
|-enditem|p1a: Val|Booster Energy
|-activate|p1a: Val|ability: Quark Drive|[fromitem]
|-start|p1a: Val|quarkdrivespe
|turn|10
|
|t:|1760873481
|-terastallize|p2a: Great Tusk|Fire
|move|p1a: Val|Spirit Break|p2a: Great Tusk
|-resisted|p2a: Great Tusk
|-damage|p2a: Great Tusk|79/100 tox
|-unboost|p2a: Great Tusk|spa|1
|move|p2a: Great Tusk|Temper Flare|p1a: Val
|-damage|p1a: Val|0 fnt
|faint|p1a: Val
|-end|p1a: Val|Quark Drive|[silent]
|
|-weather|none
|-end|p2a: Great Tusk|Protosynthesis
|-damage|p2a: Great Tusk|67/100 tox|[from] psn
|upkeep
|
|t:|1760873492
|switch|p1a: Cars 4|Cyclizar, M|100/100
|turn|11
|
|t:|1760873494
|move|p2a: Great Tusk|Ice Spinner|p1a: Cars 4
|-supereffective|p1a: Cars 4
|-crit|p1a: Cars 4
|-damage|p1a: Cars 4|0 fnt
|faint|p1a: Cars 4
|
|-damage|p2a: Great Tusk|48/100 tox|[from] psn
|upkeep
|
|t:|1760873503
|switch|p1a: Shelly Jr|Torterra, F|100/100
|turn|12
|
|t:|1760873505
|-terastallize|p1a: Shelly Jr|Rock
|move|p2a: Great Tusk|Ice Spinner|p1a: Shelly Jr
|-damage|p1a: Shelly Jr|69/100
|move|p1a: Shelly Jr|Shell Smash|p1a: Shelly Jr
|-unboost|p1a: Shelly Jr|def|1
|-unboost|p1a: Shelly Jr|spd|1
|-boost|p1a: Shelly Jr|atk|2
|-boost|p1a: Shelly Jr|spa|2
|-boost|p1a: Shelly Jr|spe|2
|
|-damage|p2a: Great Tusk|24/100 tox|[from] psn
|upkeep
|turn|13
|
|t:|1760873511
|move|p1a: Shelly Jr|High Horsepower|p2a: Great Tusk
|-supereffective|p2a: Great Tusk
|-damage|p2a: Great Tusk|0 fnt
|faint|p2a: Great Tusk
|-end|p2a: Great Tusk|Protosynthesis|[silent]
|
|upkeep
|
|t:|1760873523
|switch|p2a: Ninetales|Ninetales, F|100/100
|-weather|SunnyDay|[from] ability: Drought|[of] p2a: Ninetales
|turn|14
|
|t:|1760873526
|move|p1a: Shelly Jr|Rock Blast|p2a: Ninetales
|-supereffective|p2a: Ninetales
|-damage|p2a: Ninetales|37/100
|-supereffective|p2a: Ninetales
|-damage|p2a: Ninetales|0 fnt
|faint|p2a: Ninetales
|-hitcount|p2: Ninetales|2
|
|-weather|SunnyDay|[upkeep]
|upkeep
|
|t:|1760873528
|switch|p2a: Walking Wake|Walking Wake|100/100
|-activate|p2a: Walking Wake|ability: Protosynthesis
|-start|p2a: Walking Wake|protosynthesisspe
|turn|15
|
|t:|1760873538
|move|p2a: Walking Wake|Hydro Steam|p1a: Shelly Jr
|-supereffective|p1a: Shelly Jr
|-damage|p1a: Shelly Jr|0 fnt
|faint|p1a: Shelly Jr
|
|-weather|SunnyDay|[upkeep]
|upkeep
|
|t:|1760873541
|switch|p1a: Pex Mex|Toxapex, F|69/100
|turn|16
|
|t:|1760873545
|move|p2a: Walking Wake|Flip Turn|p1a: Pex Mex
|-resisted|p1a: Pex Mex
|-damage|p1a: Pex Mex|67/100
|
|t:|1760873547
|-end|p2a: Walking Wake|Protosynthesis|[silent]
|switch|p2a: Raging Bolt|Raging Bolt|100/100|[from] Flip Turn
|-activate|p2a: Raging Bolt|ability: Protosynthesis
|-start|p2a: Raging Bolt|protosynthesisspa
|move|p1a: Pex Mex|Recover|p1a: Pex Mex
|-heal|p1a: Pex Mex|100/100
|
|-weather|SunnyDay|[upkeep]
|upkeep
|turn|17
|
|t:|1760873551
|move|p2a: Raging Bolt|Thunderbolt|p1a: Pex Mex
|-supereffective|p1a: Pex Mex
|-crit|p1a: Pex Mex
|-damage|p1a: Pex Mex|0 fnt
|faint|p1a: Pex Mex
|-damage|p2a: Raging Bolt|91/100|[from] item: Life Orb
|
|-weather|SunnyDay|[upkeep]
|upkeep
|
|t:|1760873553
|switch|p1a: Heatrans Rights|Heatran, M|100/100
|turn|18
|
|t:|1760873555
|move|p2a: Raging Bolt|Thunderbolt|p1a: Heatrans Rights
|-damage|p1a: Heatrans Rights|38/100
|-damage|p2a: Raging Bolt|81/100|[from] item: Life Orb
|move|p1a: Heatrans Rights|Earth Power|p2a: Raging Bolt
|-supereffective|p2a: Raging Bolt
|-damage|p2a: Raging Bolt|33/100
|
|-weather|SunnyDay|[upkeep]
|-heal|p1a: Heatrans Rights|45/100|[from] item: Leftovers
|upkeep
|turn|19
|
|t:|1760873561
|move|p2a: Raging Bolt|Thunderbolt|p1a: Heatrans Rights
|-damage|p1a: Heatrans Rights|0 fnt
|faint|p1a: Heatrans Rights
|-damage|p2a: Raging Bolt|24/100|[from] item: Life Orb
|
|win|thhrtg探头‘ ^ ’
|raw|Astrogoose's rating: 1319 &rarr; <strong>1301</strong><br />(-18 for losing)
|raw|thhrtg探头‘ ^ ’'s rating: 1352 &rarr; <strong>1370</strong><br />(+18 for winning)
|c|☆Astrogoose|gg
|l|☆Astrogoose
|player|p1|
|l|☆thhrtg探头‘ ^ ’
|player|p2|
