|j|☆Bogatyum
|j|☆nubemastah69
|t:|1760855751
|gametype|singles
|player|p1|Bogatyum|ethan|1092
|player|p2|nubemastah69|blue|1201
|gen|9
|tier|[Gen 9] OU
|rated|
|rule|HP Percentage Mod: HP is shown in percentages
|rule|Endless Battle Clause: Forcing endless battles is banned
|rule|Species Clause: Limit one of each Pokémon
|rule|OHKO Clause: OHKO moves are banned
|rule|Evasion Items Clause: Evasion items are banned
|rule|Evasion Moves Clause: Evasion moves are banned
|rule|Evasion Abilities Clause: Evasion abilities are banned
|rule|Sleep Moves Clause: Sleep-inducing moves are banned
|clearpoke
|poke|p1|Cloyster, M|
|poke|p1|Gengar, M|
|poke|p1|Zapdos|
|poke|p1|Poliwrath, M|
|poke|p1|Scream Tail|
|poke|p1|Iron Treads|
|poke|p2|Cloyster, M|
|poke|p2|Quaquaval, M|
|poke|p2|Raging Bolt|
|poke|p2|Slowking-Galar, M|
|poke|p2|Corviknight, M|
|poke|p2|Pecharunt|
|teampreview
|inactive|Battle timer is ON: inactive players will automatically lose when time's up. (requested by Bogatyum)
|
|t:|1760855770
|teamsize|p1|6
|teamsize|p2|6
|start
|switch|p1a: Zapdos|Zapdos|100/100
|switch|p2a: Quaquaval|Quaquaval, M, shiny|100/100
|turn|1
|
|t:|1760855777
|-terastallize|p2a: Quaquaval|Ground
|move|p2a: Quaquaval|Focus Energy|p2a: Quaquaval
|-start|p2a: Quaquaval|move: Focus Energy
|move|p1a: Zapdos|Thunderbolt|p2a: Quaquaval
|-immune|p2a: Quaquaval
|
|upkeep
|turn|2
|
|t:|1760855788
|move|p2a: Quaquaval|Aqua Step|p1a: Zapdos
|-crit|p1a: Zapdos
|-damage|p1a: Zapdos|53/100
|-boost|p2a: Quaquaval|spe|1
|move|p1a: Zapdos|U-turn|p2a: Quaquaval
|-damage|p2a: Quaquaval|79/100
|
|t:|1760855811
|switch|p1a: Poliwrath|Poliwrath, M|100/100|[from] U-turn
|
|upkeep
|turn|3
|
|t:|1760855816
|move|p2a: Quaquaval|Close Combat|p1a: Poliwrath
|-crit|p1a: Poliwrath
|-damage|p1a: Poliwrath|0 fnt
|-unboost|p2a: Quaquaval|def|1
|-unboost|p2a: Quaquaval|spd|1
|faint|p1a: Poliwrath
|-ability|p2a: Quaquaval|Moxie|boost
|-boost|p2a: Quaquaval|atk|1
|
|upkeep
|
|t:|1760855831
|switch|p1a: Gengar|Gengar, M|100/100
|turn|4
|
|t:|1760855835
|move|p2a: Quaquaval|Aqua Step|p1a: Gengar
|-crit|p1a: Gengar
|-enditem|p1a: Gengar|Focus Sash
|-damage|p1a: Gengar|1/100
|-boost|p2a: Quaquaval|spe|1
|move|p1a: Gengar|Sludge Bomb|p2a: Quaquaval
|-resisted|p2a: Quaquaval
|-damage|p2a: Quaquaval|30/100
|-status|p2a: Quaquaval|psn
|
|-damage|p2a: Quaquaval|18/100 psn|[from] psn
|upkeep
|turn|5
|
|t:|1760855849
|move|p2a: Quaquaval|Aqua Step|p1a: Gengar
|-crit|p1a: Gengar
|-damage|p1a: Gengar|0 fnt
|-boost|p2a: Quaquaval|spe|1
|faint|p1a: Gengar
|-ability|p2a: Quaquaval|Moxie|boost
|-boost|p2a: Quaquaval|atk|1
|
|-damage|p2a: Quaquaval|6/100 psn|[from] psn
|upkeep
|
|t:|1760855864
|switch|p1a: Scream Tail|Scream Tail|100/100
|turn|6
|
|t:|1760855874
|move|p2a: Quaquaval|Aqua Step|p1a: Scream Tail
|-crit|p1a: Scream Tail
|-damage|p1a: Scream Tail|0 fnt
|-boost|p2a: Quaquaval|spe|1
|faint|p1a: Scream Tail
|-end|p1a: Scream Tail|Protosynthesis|[silent]
|-ability|p2a: Quaquaval|Moxie|boost
|-boost|p2a: Quaquaval|atk|1
|
|-damage|p2a: Quaquaval|0 fnt|[from] psn
|faint|p2a: Quaquaval
|upkeep
|
|t:|1760855885
|switch|p1a: Cloyster|Cloyster, M|100/100
|switch|p2a: Cloyster|Cloyster, M, shiny|100/100
|turn|7
|
|t:|1760855894
|move|p1a: Cloyster|Shell Smash|p1a: Cloyster
|-unboost|p1a: Cloyster|def|1
|-unboost|p1a: Cloyster|spd|1
|-boost|p1a: Cloyster|atk|2
|-boost|p1a: Cloyster|spa|2
|-boost|p1a: Cloyster|spe|2
|-enditem|p1a: Cloyster|White Herb
|-clearnegativeboost|p1a: Cloyster|[silent]
|move|p2a: Cloyster|Shell Smash|p2a: Cloyster
|-unboost|p2a: Cloyster|def|1
|-unboost|p2a: Cloyster|spd|1
|-boost|p2a: Cloyster|atk|2
|-boost|p2a: Cloyster|spa|2
|-boost|p2a: Cloyster|spe|2
|-enditem|p2a: Cloyster|White Herb
|-clearnegativeboost|p2a: Cloyster|[silent]
|
|upkeep
|turn|8
|
|t:|1760855908
|-terastallize|p1a: Cloyster|Electric
|move|p2a: Cloyster|Rock Blast|p1a: Cloyster
|-crit|p1a: Cloyster
|-damage|p1a: Cloyster|79/100
|-damage|p1a: Cloyster|67/100
|-damage|p1a: Cloyster|54/100
|-damage|p1a: Cloyster|42/100
|-damage|p1a: Cloyster|29/100
|-hitcount|p1a: Cloyster|5
|move|p1a: Cloyster|Tera Blast|p2a: Cloyster|[anim] Tera Blast Electric
|-supereffective|p2a: Cloyster
|-damage|p2a: Cloyster|0 fnt
|faint|p2a: Cloyster
|
|upkeep
|
|t:|1760855921
|switch|p2a: Raging Bolt|Raging Bolt|100/100
|-enditem|p2a: Raging Bolt|Booster Energy
|-activate|p2a: Raging Bolt|ability: Protosynthesis|[fromitem]
|-start|p2a: Raging Bolt|protosynthesisspa
|turn|9
|
|t:|1760855927
|move|p1a: Cloyster|Icicle Spear|p2a: Raging Bolt
|-supereffective|p2a: Raging Bolt
|-damage|p2a: Raging Bolt|53/100
|-supereffective|p2a: Raging Bolt
|-damage|p2a: Raging Bolt|11/100
|-supereffective|p2a: Raging Bolt
|-damage|p2a: Raging Bolt|0 fnt
|faint|p2a: Raging Bolt
|-end|p2a: Raging Bolt|Protosynthesis|[silent]
|-hitcount|p2: Raging Bolt|3
|
|upkeep
|
|t:|1760855937
|switch|p2a: Slowking|Slowking-Galar, M, shiny|100/100
|turn|10
|
|t:|1760855941
|move|p1a: Cloyster|Drill Run|p2a: Slowking
|-supereffective|p2a: Slowking
|-damage|p2a: Slowking|0 fnt
|faint|p2a: Slowking
|
|upkeep
|
|t:|1760855943
|switch|p2a: Pecharunt|Pecharunt|100/100
|turn|11
|
|t:|1760855949
|switch|p2a: Corviknight|Corviknight, M, shiny|100/100
|move|p1a: Cloyster|Drill Run|p2a: Corviknight
|-immune|p2a: Corviknight
|
|upkeep
|turn|12
|
|t:|1760855957
|move|p1a: Cloyster|Tera Blast|p2a: Corviknight|[anim] Tera Blast Electric
|-supereffective|p2a: Corviknight
|-damage|p2a: Corviknight|7/100
|move|p2a: Corviknight|Body Press|p1a: Cloyster
|-damage|p1a: Cloyster|8/100
|
|upkeep
|turn|13
|
|t:|1760855966
|move|p1a: Cloyster|Tera Blast|p2a: Corviknight|[anim] Tera Blast Electric
|-supereffective|p2a: Corviknight
|-damage|p2a: Corviknight|0 fnt
|faint|p2a: Corviknight
|
|upkeep
|
|t:|1760855967
|switch|p2a: Pecharunt|Pecharunt|100/100
|turn|14
|
|t:|1760855974
|move|p1a: Cloyster|Drill Run|p2a: Pecharunt|[miss]
|-miss|p1a: Cloyster|p2a: Pecharunt
|move|p2a: Pecharunt|Hex|p1a: Cloyster
|-damage|p1a: Cloyster|0 fnt
|faint|p1a: Cloyster
|
|upkeep
|
|t:|1760855982
|switch|p1a: Iron Treads|Iron Treads|100/100
|-enditem|p1a: Iron Treads|Booster Energy
|-activate|p1a: Iron Treads|ability: Quark Drive|[fromitem]
|-start|p1a: Iron Treads|quarkdrivespe
|turn|15
|
|t:|1760856000
|move|p1a: Iron Treads|Earth Power|p2a: Pecharunt
|-supereffective|p2a: Pecharunt
|-damage|p2a: Pecharunt|31/100
|move|p2a: Pecharunt|Hex|p1a: Iron Treads
|-damage|p1a: Iron Treads|74/100
|
|upkeep
|turn|16
|-message|nubemastah69 forfeited.
|
|win|Bogatyum
|raw|Bogatyum's rating: 1092 &rarr; <strong>1126</strong><br />(+34 for winning)
|raw|nubemastah69's rating: 1201 &rarr; <strong>1168</strong><br />(-33 for losing)
|l|☆nubemastah69
|player|p2|
|l|☆Bogatyum
|player|p1|
