|j|☆pitfox64
|j|☆Godislaw
|t:|1760720890
|gametype|singles
|player|p1|pitfox64|169|1370
|player|p2|Godislaw|2|1309
|gen|9
|tier|[Gen 9] OU
|rated|
|rule|HP Percentage Mod: HP is shown in percentages
|rule|Endless Battle Clause: Forcing endless battles is banned
|rule|Species Clause: Limit one of each Pokémon
|rule|OHKO Clause: OHKO moves are banned
|rule|Evasion Items Clause: Evasion items are banned
|rule|Evasion Moves Clause: Evasion moves are banned
|rule|Evasion Abilities Clause: Evasion abilities are banned
|rule|Sleep Moves Clause: Sleep-inducing moves are banned
|clearpoke
|poke|p1|Rillaboom, M|
|poke|p1|Snorlax, F|
|poke|p1|Walking Wake|
|poke|p1|Venusaur, M|
|poke|p1|Torkoal, M|
|poke|p1|Grimmsnarl, M|
|poke|p2|Darkrai|
|poke|p2|Galvantula, F|
|poke|p2|Garchomp, M|
|poke|p2|Dusclops, M|
|poke|p2|Skeledirge, F|
|poke|p2|Ogerpon-Wellspring, F|
|teampreview
|inactive|Battle timer is ON: inactive players will automatically lose when time's up. (requested by Godislaw)
|inactive|pitfox64 has 120 seconds left.
|
|t:|1760720947
|teamsize|p1|6
|teamsize|p2|6
|start
|switch|p1a: Grimmsnarl|Grimmsnarl, M|100/100
|switch|p2a: Galvantula|Galvantula, F, shiny|100/100
|turn|1
|
|t:|1760720966
|move|p1a: Grimmsnarl|Taunt|p2a: Galvantula
|-start|p2a: Galvantula|move: Taunt
|move|p2a: Galvantula|Bug Buzz|p1a: Grimmsnarl
|-damage|p1a: Grimmsnarl|68/100
|
|upkeep
|turn|2
|
|t:|1760720974
|move|p1a: Grimmsnarl|Trick|p2a: Galvantula
|-activate|p1a: Grimmsnarl|move: Trick|[of] p2a: Galvantula
|-item|p2a: Galvantula|Lagging Tail|[from] move: Trick
|-item|p1a: Grimmsnarl|Focus Sash|[from] move: Trick
|move|p2a: Galvantula|Thunder|p1a: Grimmsnarl
|-crit|p1a: Grimmsnarl
|-damage|p1a: Grimmsnarl|8/100
|
|upkeep
|turn|3
|
|t:|1760720990
|move|p1a: Grimmsnarl|Spirit Break|p2a: Galvantula
|-damage|p2a: Galvantula|46/100
|-unboost|p2a: Galvantula|spa|1
|move|p2a: Galvantula|Bug Buzz|p1a: Grimmsnarl
|-damage|p1a: Grimmsnarl|0 fnt
|faint|p1a: Grimmsnarl
|
|-end|p2a: Galvantula|move: Taunt
|upkeep
|inactive|pitfox64 has 120 seconds left.
|
|t:|1760721034
|switch|p1a: Torkoal|Torkoal, M|100/100
|-weather|SunnyDay|[from] ability: Drought|[of] p1a: Torkoal
|turn|4
|
|t:|1760721038
|move|p1a: Torkoal|Lava Plume|p2a: Galvantula
|-supereffective|p2a: Galvantula
|-damage|p2a: Galvantula|0 fnt
|faint|p2a: Galvantula
|
|-weather|SunnyDay|[upkeep]
|upkeep
|
|t:|1760721050
|switch|p2a: Skeledirge|Skeledirge, F, shiny|100/100
|turn|5
|
|t:|1760721053
|switch|p1a: Walking Wake|Walking Wake|100/100
|-activate|p1a: Walking Wake|ability: Protosynthesis
|-start|p1a: Walking Wake|protosynthesisspe
|move|p2a: Skeledirge|Torch Song|p1a: Walking Wake
|-resisted|p1a: Walking Wake
|-damage|p1a: Walking Wake|88/100
|-boost|p2a: Skeledirge|spa|1
|
|-weather|SunnyDay|[upkeep]
|upkeep
|turn|6
|
|t:|1760721064
|move|p1a: Walking Wake|Draco Meteor|p2a: Skeledirge
|-damage|p2a: Skeledirge|0 fnt
|-unboost|p1a: Walking Wake|spa|2
|faint|p2a: Skeledirge
|
|-weather|SunnyDay|[upkeep]
|upkeep
|
|t:|1760721074
|switch|p2a: Darkrai|Darkrai, shiny|100/100
|turn|7
|
|t:|1760721080
|-end|p1a: Walking Wake|Protosynthesis|[silent]
|switch|p1a: Snorlax|Snorlax, F, shiny|100/100
|move|p2a: Darkrai|Nasty Plot|p2a: Darkrai
|-boost|p2a: Darkrai|spa|2
|
|-weather|SunnyDay|[upkeep]
|upkeep
|turn|8
|
|t:|1760721088
|move|p2a: Darkrai|Dark Pulse|p1a: Snorlax
|-damage|p1a: Snorlax|57/100
|move|p1a: Snorlax|Heat Crash|p2a: Darkrai
|-damage|p2a: Darkrai|40/100
|
|-weather|SunnyDay|[upkeep]
|upkeep
|turn|9
|
|t:|1760721098
|move|p2a: Darkrai|Dark Pulse|p1a: Snorlax
|-damage|p1a: Snorlax|15/100
|move|p1a: Snorlax|Heat Crash|p2a: Darkrai
|-crit|p2a: Darkrai
|-damage|p2a: Darkrai|0 fnt
|faint|p2a: Darkrai
|
|-weather|SunnyDay|[upkeep]
|upkeep
|
|t:|1760721107
|switch|p2a: Garchomp|Garchomp, M|100/100
|turn|10
|
|t:|1760721110
|move|p2a: Garchomp|Swords Dance|p2a: Garchomp
|-boost|p2a: Garchomp|atk|2
|move|p1a: Snorlax|Rest|p1a: Snorlax
|-status|p1a: Snorlax|slp|[from] move: Rest
|-heal|p1a: Snorlax|100/100 slp|[silent]
|-enditem|p1a: Snorlax|Chesto Berry|[eat]
|-curestatus|p1a: Snorlax|slp|[msg]
|
|-weather|SunnyDay|[upkeep]
|upkeep
|turn|11
|
|t:|1760721120
|-terastallize|p1a: Snorlax|Fairy
|move|p2a: Garchomp|Swords Dance|p2a: Garchomp
|-boost|p2a: Garchomp|atk|2
|move|p1a: Snorlax|Body Slam|p2a: Garchomp
|-damage|p2a: Garchomp|68/100
|-damage|p1a: Snorlax|88/100|[from] ability: Rough Skin|[of] p2a: Garchomp
|
|-weather|none
|upkeep
|turn|12
|
|t:|1760721131
|move|p2a: Garchomp|Earthquake|p1a: Snorlax
|-damage|p1a: Snorlax|0 fnt
|faint|p1a: Snorlax
|
|upkeep
|
|t:|1760721136
|switch|p1a: Rillaboom|Rillaboom, M|100/100
|-fieldstart|move: Grassy Terrain|[from] ability: Grassy Surge|[of] p1a: Rillaboom
|turn|13
|
|t:|1760721145
|move|p1a: Rillaboom|Grassy Glide|p2a: Garchomp
|-damage|p2a: Garchomp|32/100
|-damage|p1a: Rillaboom|88/100|[from] ability: Rough Skin|[of] p2a: Garchomp
|move|p2a: Garchomp|Scale Shot|p1a: Rillaboom
|-damage|p1a: Rillaboom|50/100
|-damage|p1a: Rillaboom|13/100
|-damage|p1a: Rillaboom|0 fnt
|faint|p1a: Rillaboom
|-hitcount|p1: Rillaboom|3
|-unboost|p2a: Garchomp|def|1
|-boost|p2a: Garchomp|spe|1
|
|-heal|p2a: Garchomp|38/100|[from] Grassy Terrain
|upkeep
|
|t:|1760721158
|switch|p1a: Torkoal|Torkoal, M|100/100
|-weather|SunnyDay|[from] ability: Drought|[of] p1a: Torkoal
|turn|14
|
|t:|1760721166
|move|p2a: Garchomp|Earthquake|p1a: Torkoal
|-supereffective|p1a: Torkoal
|-damage|p1a: Torkoal|8/100
|move|p1a: Torkoal|Lava Plume|p2a: Garchomp
|-resisted|p2a: Garchomp
|-damage|p2a: Garchomp|18/100
|
|-weather|SunnyDay|[upkeep]
|-heal|p2a: Garchomp|24/100|[from] Grassy Terrain
|-heal|p1a: Torkoal|14/100|[from] Grassy Terrain
|upkeep
|turn|15
|
|t:|1760721177
|move|p2a: Garchomp|Earthquake|p1a: Torkoal
|-supereffective|p1a: Torkoal
|-damage|p1a: Torkoal|0 fnt
|faint|p1a: Torkoal
|
|-weather|SunnyDay|[upkeep]
|-heal|p2a: Garchomp|30/100|[from] Grassy Terrain
|upkeep
|
|t:|1760721183
|switch|p1a: Walking Wake|Walking Wake|88/100
|-activate|p1a: Walking Wake|ability: Protosynthesis
|-start|p1a: Walking Wake|protosynthesisspe
|turn|16
|
|t:|1760721196
|move|p1a: Walking Wake|Hydro Steam|p2a: Garchomp
|-damage|p2a: Garchomp|0 fnt
|faint|p2a: Garchomp
|
|-weather|SunnyDay|[upkeep]
|-heal|p1a: Walking Wake|94/100|[from] Grassy Terrain
|upkeep
|
|t:|1760721204
|switch|p2a: Ogerpon|Ogerpon-Wellspring, F|100/100
|turn|17
|
|t:|1760721224
|-end|p1a: Walking Wake|Protosynthesis|[silent]
|switch|p1a: Venusaur|Venusaur, M|100/100
|move|p2a: Ogerpon|Swords Dance|p2a: Ogerpon
|-boost|p2a: Ogerpon|atk|2
|
|-weather|SunnyDay|[upkeep]
|upkeep
|turn|18
|
|t:|1760721238
|-terastallize|p2a: Ogerpon|Water
|detailschange|p2a: Ogerpon|Ogerpon-Wellspring-Tera, F, tera:Water
|-ability|p2a: Ogerpon|Embody Aspect (Wellspring)|boost
|-boost|p2a: Ogerpon|spd|1
|move|p1a: Venusaur|Growth|p1a: Venusaur
|-boost|p1a: Venusaur|atk|2
|-boost|p1a: Venusaur|spa|2
|move|p2a: Ogerpon|Ivy Cudgel|p1a: Venusaur|[anim] Ivy Cudgel Water
|-resisted|p1a: Venusaur
|-damage|p1a: Venusaur|58/100
|
|-weather|SunnyDay|[upkeep]
|-heal|p1a: Venusaur|64/100|[from] Grassy Terrain
|upkeep
|turn|19
|inactive|Godislaw has 120 seconds left.
|
|t:|1760721268
|move|p1a: Venusaur|Giga Drain|p2a: Ogerpon
|-supereffective|p2a: Ogerpon
|-crit|p2a: Ogerpon
|-damage|p2a: Ogerpon|0 fnt
|-heal|p1a: Venusaur|100/100|[from] drain|[of] p2a: Ogerpon
|faint|p2a: Ogerpon
|detailschange|p2: Ogerpon|Ogerpon-Wellspring, F|[silent]
|-damage|p1a: Venusaur|91/100|[from] item: Life Orb
|
|-weather|SunnyDay|[upkeep]
|-heal|p1a: Venusaur|97/100|[from] Grassy Terrain
|upkeep
|inactive|Godislaw has 120 seconds left.
|
|t:|1760721278
|switch|p2a: Dusclops|Dusclops, M|100/100
|-item|p1a: Venusaur|Life Orb|[from] ability: Frisk|[of] p2a: Dusclops
|turn|20
|
|t:|1760721282
|move|p1a: Venusaur|Weather Ball|p2a: Dusclops
|-damage|p2a: Dusclops|26/100
|-damage|p1a: Venusaur|87/100|[from] item: Life Orb
|move|p2a: Dusclops|Pain Split|p1a: Venusaur
|-sethp|p1a: Venusaur|51/100|[from] move: Pain Split|[silent]
|-sethp|p2a: Dusclops|83/100|[from] move: Pain Split
|
|-weather|SunnyDay|[upkeep]
|-heal|p1a: Venusaur|57/100|[from] Grassy Terrain
|-heal|p2a: Dusclops|89/100|[from] Grassy Terrain
|-fieldend|move: Grassy Terrain
|upkeep
|turn|21
|
|t:|1760721294
|move|p1a: Venusaur|Giga Drain|p2a: Dusclops
|-damage|p2a: Dusclops|29/100
|-heal|p1a: Venusaur|76/100|[from] drain|[of] p2a: Dusclops
|-damage|p1a: Venusaur|66/100|[from] item: Life Orb
|move|p2a: Dusclops|Pain Split|p1a: Venusaur
|-sethp|p1a: Venusaur|42/100|[from] move: Pain Split|[silent]
|-sethp|p2a: Dusclops|68/100|[from] move: Pain Split
|
|-weather|none
|upkeep
|turn|22
|
|t:|1760721305
|move|p1a: Venusaur|Giga Drain|p2a: Dusclops
|-damage|p2a: Dusclops|8/100
|-heal|p1a: Venusaur|60/100|[from] drain|[of] p2a: Dusclops
|-damage|p1a: Venusaur|50/100|[from] item: Life Orb
|move|p2a: Dusclops|Calm Mind|p2a: Dusclops
|-boost|p2a: Dusclops|spa|1
|-boost|p2a: Dusclops|spd|1
|
|upkeep
|turn|23
|inactive|Godislaw has 120 seconds left.
|inactive|Godislaw has 90 seconds left.
|inactive|Godislaw has 60 seconds left.
|inactive|Godislaw has 30 seconds left.
|inactive|Godislaw has 20 seconds left.
|inactive|Godislaw has 15 seconds left.
|inactive|Godislaw has 10 seconds left.
|inactive|Godislaw has 5 seconds left.
|-message|Godislaw lost due to inactivity.
|
|win|pitfox64
|raw|pitfox64's rating: 1370 &rarr; <strong>1387</strong><br />(+17 for winning)
|raw|Godislaw's rating: 1309 &rarr; <strong>1292</strong><br />(-17 for losing)
|l|☆pitfox64
|player|p1|
|l|☆Godislaw
|player|p2|
