|j|☆levijoseph
|j|☆jrg123
|t:|1760848650
|gametype|singles
|player|p1|levijoseph|nate|1562
|player|p2|jrg123|2|1619
|gen|9
|tier|[Gen 9] OU
|rated|
|rule|HP Percentage Mod: HP is shown in percentages
|rule|Endless Battle Clause: Forcing endless battles is banned
|rule|Species Clause: Limit one of each Pokémon
|rule|OHKO Clause: OHKO moves are banned
|rule|Evasion Items Clause: Evasion items are banned
|rule|Evasion Moves Clause: Evasion moves are banned
|rule|Evasion Abilities Clause: Evasion abilities are banned
|rule|Sleep Moves Clause: Sleep-inducing moves are banned
|clearpoke
|poke|p1|Galvantula, F|
|poke|p1|Scizor, M|
|poke|p1|Volbeat, M|
|poke|p1|Forretress, F|
|poke|p1|Yanmega, M|
|poke|p1|Slither Wing|
|poke|p2|Lokix, M|
|poke|p2|Cinderace, M|
|poke|p2|Great Tusk|
|poke|p2|Alomomola, M|
|poke|p2|Enamorus, F|
|poke|p2|Slowking-Galar, M|
|teampreview
|inactive|Battle timer is ON: inactive players will automatically lose when time's up. (requested by levijoseph)
|inactive|jrg123 also wants the timer to be on.
|
|t:|1760848660
|teamsize|p1|6
|teamsize|p2|6
|start
|switch|p1a: Forretress|Forretress, F|100/100
|switch|p2a: Slowking|Slowking-Galar, M|100/100
|turn|1
|
|t:|1760848663
|move|p1a: Forretress|Stealth Rock|p2a: Slowking
|-sidestart|p2: jrg123|move: Stealth Rock
|move|p2a: Slowking|Future Sight|p1a: Forretress
|-start|p2a: Slowking|move: Future Sight
|
|upkeep
|turn|2
|
|t:|1760848665
|move|p1a: Forretress|Spikes|p2a: Slowking
|-sidestart|p2: jrg123|Spikes
|-prepare|p2a: Slowking|Chilly Reception|[premajor]
|move|p2a: Slowking|Chilly Reception|p2a: Slowking
|-weather|Snowscape
|
|t:|1760848674
|switch|p2a: Cinderace|Cinderace, M|100/100|[from] Chilly Reception
|
|-weather|Snowscape|[upkeep]
|upkeep
|turn|3
|
|t:|1760848678
|move|p2a: Cinderace|Will-O-Wisp|p1a: Forretress
|-status|p1a: Forretress|brn
|move|p1a: Forretress|Body Press|p2a: Cinderace
|-damage|p2a: Cinderace|82/100
|
|-weather|Snowscape|[upkeep]
|-end|p1a: Forretress|move: Future Sight
|-resisted|p1a: Forretress
|-damage|p1a: Forretress|69/100 brn
|-damage|p1a: Forretress|62/100 brn|[from] brn
|upkeep
|turn|4
|
|t:|1760848683
|move|p2a: Cinderace|Court Change|p2a: Cinderace
|-swapsideconditions
|-activate|p2a: Cinderace|move: Court Change
|move|p1a: Forretress|Rapid Spin|p2a: Cinderace
|-damage|p2a: Cinderace|77/100
|-boost|p1a: Forretress|spe|1
|-sideend|p1: levijoseph|Spikes|[from] move: Rapid Spin|[of] p1a: Forretress
|-sideend|p1: levijoseph|Stealth Rock|[from] move: Rapid Spin|[of] p1a: Forretress
|
|-weather|Snowscape|[upkeep]
|-damage|p1a: Forretress|56/100 brn|[from] brn
|upkeep
|turn|5
|
|t:|1760848687
|move|p2a: Cinderace|Pyro Ball|p1a: Forretress
|-supereffective|p1a: Forretress
|-damage|p1a: Forretress|0 fnt
|faint|p1a: Forretress
|
|-weather|Snowscape|[upkeep]
|upkeep
|
|t:|1760848690
|switch|p1a: Slither Wing|Slither Wing|100/100
|turn|6
|
|t:|1760848696
|move|p1a: Slither Wing|First Impression|p2a: Cinderace
|-resisted|p2a: Cinderace
|-damage|p2a: Cinderace|37/100
|move|p2a: Cinderace|Will-O-Wisp|p1a: Slither Wing
|-status|p1a: Slither Wing|brn
|
|-weather|none
|-damage|p1a: Slither Wing|94/100 brn|[from] brn
|upkeep
|turn|7
|
|t:|1760848703
|move|p1a: Slither Wing|First Impression||[still]
|-hint|First Impression only works on your first turn out.
|-fail|p1a: Slither Wing
|move|p2a: Cinderace|U-turn|p1a: Slither Wing
|-resisted|p1a: Slither Wing
|-damage|p1a: Slither Wing|82/100 brn
|j| FaronAan
|
|t:|1760848709
|switch|p2a: Enamorus|Enamorus, F|100/100|[from] U-turn
|
|-damage|p1a: Slither Wing|76/100 brn|[from] brn
|upkeep
|turn|8
|
|t:|1760848715
|-end|p1a: Slither Wing|Protosynthesis|[silent]
|switch|p1a: Galvantula|Galvantula, F|100/100
|move|p2a: Enamorus|Moonblast|p1a: Galvantula
|-damage|p1a: Galvantula|10/100
|-unboost|p1a: Galvantula|spa|1
|
|upkeep
|turn|9
|
|t:|1760848718
|move|p2a: Enamorus|Moonblast|p1a: Galvantula
|-damage|p1a: Galvantula|0 fnt
|faint|p1a: Galvantula
|
|upkeep
|
|t:|1760848723
|switch|p1a: Scizor|Scizor, M|100/100
|turn|10
|
|t:|1760848731
|switch|p2a: Alomomola|Alomomola, M|100/100
|move|p1a: Scizor|Swords Dance|p1a: Scizor
|-boost|p1a: Scizor|atk|2
|
|upkeep
|turn|11
|
|t:|1760848734
|move|p1a: Scizor|Swords Dance|p1a: Scizor
|-boost|p1a: Scizor|atk|2
|move|p2a: Alomomola|Flip Turn|p1a: Scizor
|-crit|p1a: Scizor
|-damage|p1a: Scizor|75/100
|
|t:|1760848740
|switch|p2a: Cinderace|Cinderace, M|37/100|[from] Flip Turn
|
|upkeep
|turn|12
|
|t:|1760848765
|-terastallize|p1a: Scizor|Steel
|move|p1a: Scizor|Bullet Punch|p2a: Cinderace
|-resisted|p2a: Cinderace
|-damage|p2a: Cinderace|0 fnt
|faint|p2a: Cinderace
|
|upkeep
|
|t:|1760848775
|switch|p2a: Great Tusk|Great Tusk|100/100
|turn|13
|inactive|levijoseph has 120 seconds left.
|
|t:|1760848806
|move|p1a: Scizor|Bullet Punch|p2a: Great Tusk
|-damage|p2a: Great Tusk|6/100
|move|p2a: Great Tusk|Earthquake|p1a: Scizor
|-supereffective|p1a: Scizor
|-crit|p1a: Scizor
|-damage|p1a: Scizor|0 fnt
|faint|p1a: Scizor
|
|-heal|p2a: Great Tusk|13/100|[from] item: Leftovers
|upkeep
|
|t:|1760848809
|switch|p1a: Yanmega|Yanmega, M|100/100
|turn|14
|
|t:|1760848815
|move|p1a: Yanmega|Bug Buzz|p2a: Great Tusk
|-resisted|p2a: Great Tusk
|-damage|p2a: Great Tusk|0 fnt
|faint|p2a: Great Tusk
|-end|p2a: Great Tusk|Protosynthesis|[silent]
|-enditem|p1a: Yanmega|Throat Spray
|-boost|p1a: Yanmega|spa|1|[from] item: Throat Spray
|
|-ability|p1a: Yanmega|Speed Boost|boost
|-boost|p1a: Yanmega|spe|1
|upkeep
|
|t:|1760848828
|switch|p2a: Slowking|Slowking-Galar, M|100/100
|turn|15
|inactive|levijoseph has 120 seconds left.
|
|t:|1760848857
|move|p1a: Yanmega|Shadow Ball|p2a: Slowking
|-supereffective|p2a: Slowking
|-damage|p2a: Slowking|33/100
|move|p2a: Slowking|Ice Beam|p1a: Yanmega
|-supereffective|p1a: Yanmega
|-damage|p1a: Yanmega|20/100
|
|-ability|p1a: Yanmega|Speed Boost|boost
|-boost|p1a: Yanmega|spe|1
|upkeep
|turn|16
|c|☆jrg123|it's impressive you made it this far
|c|☆jrg123|with a bug team
|
|t:|1760848866
|move|p1a: Yanmega|Shadow Ball|p2a: Slowking
|-supereffective|p2a: Slowking
|-damage|p2a: Slowking|0 fnt
|faint|p2a: Slowking
|
|-ability|p1a: Yanmega|Speed Boost|boost
|-boost|p1a: Yanmega|spe|1
|upkeep
|
|t:|1760848869
|switch|p2a: Lokix|Lokix, M|100/100
|turn|17
|
|t:|1760848881
|move|p2a: Lokix|First Impression|p1a: Yanmega
|-resisted|p1a: Yanmega
|-damage|p1a: Yanmega|0 fnt
|faint|p1a: Yanmega
|
|upkeep
|-message|levijoseph forfeited.
|
|win|jrg123
|raw|levijoseph's rating: 1562 &rarr; <strong>1545</strong><br />(-17 for losing)
|raw|jrg123's rating: 1619 &rarr; <strong>1636</strong><br />(+17 for winning)
|l|☆levijoseph
|player|p1|
|l| FaronAan
