|j|☆John pokimon
|j|☆sp240sx
|t:|1760831115
|gametype|singles
|player|p1|John pokimon|blaine|1125
|player|p2|sp240sx|blackbelt-gen4dp|1058
|gen|9
|tier|[Gen 9] OU
|rated|
|rule|HP Percentage Mod: HP is shown in percentages
|rule|Endless Battle Clause: Forcing endless battles is banned
|rule|Species Clause: Limit one of each Pokémon
|rule|OHKO Clause: OHKO moves are banned
|rule|Evasion Items Clause: Evasion items are banned
|rule|Evasion Moves Clause: Evasion moves are banned
|rule|Evasion Abilities Clause: Evasion abilities are banned
|rule|Sleep Moves Clause: Sleep-inducing moves are banned
|clearpoke
|poke|p1|Slowking-Galar, M|
|poke|p1|Alomomola, F|
|poke|p1|Blissey, F|
|poke|p1|Clefable, M|
|poke|p1|Tornadus-Therian, M|
|poke|p1|Jolteon, M|
|poke|p2|Great Tusk|
|poke|p2|Iron Valiant|
|poke|p2|Slowking-Galar, M|
|poke|p2|Ceruledge, M|
|poke|p2|Kingambit, F|
|poke|p2|Gliscor, F|
|teampreview
|inactive|Battle timer is ON: inactive players will automatically lose when time's up. (requested by sp240sx)
|
|t:|1760831148
|teamsize|p1|6
|teamsize|p2|6
|start
|switch|p1a: Clefable|Clefable, M|100/100
|switch|p2a: Gliscor|Gliscor, F|100/100
|turn|1
|
|t:|1760831157
|move|p2a: Gliscor|Spikes|p1a: Clefable
|-sidestart|p1: John pokimon|Spikes
|move|p1a: Clefable|Stealth Rock|p2a: Gliscor
|-sidestart|p2: sp240sx|move: Stealth Rock
|
|-status|p2a: Gliscor|tox|[from] item: Toxic Orb
|upkeep
|turn|2
|
|t:|1760831167
|move|p2a: Gliscor|Knock Off|p1a: Clefable
|-resisted|p1a: Clefable
|-damage|p1a: Clefable|88/100
|-enditem|p1a: Clefable|Sticky Barb|[from] move: Knock Off|[of] p2a: Gliscor
|move|p1a: Clefable|Wish|p1a: Clefable
|
|upkeep
|turn|3
|
|t:|1760831182
|move|p2a: Gliscor|Spikes|p1a: Clefable
|-sidestart|p1: John pokimon|Spikes
|move|p1a: Clefable|Moonblast|p2a: Gliscor
|-damage|p2a: Gliscor|68/100 tox
|-unboost|p2a: Gliscor|spa|1
|
|-heal|p1a: Clefable|100/100|[from] move: Wish|[wisher] Clefable
|-heal|p2a: Gliscor|80/100 tox|[from] ability: Poison Heal
|upkeep
|turn|4
|
|t:|1760831193
|move|p2a: Gliscor|Spikes|p1a: Clefable
|-sidestart|p1: John pokimon|Spikes
|move|p1a: Clefable|Moonblast|p2a: Gliscor
|-damage|p2a: Gliscor|46/100 tox
|-unboost|p2a: Gliscor|spa|1
|
|-heal|p2a: Gliscor|58/100 tox|[from] ability: Poison Heal
|upkeep
|turn|5
|
|t:|1760831204
|move|p2a: Gliscor|Protect|p2a: Gliscor
|-singleturn|p2a: Gliscor|Protect
|move|p1a: Clefable|Wish|p1a: Clefable
|
|-heal|p2a: Gliscor|71/100 tox|[from] ability: Poison Heal
|upkeep
|turn|6
|
|t:|1760831216
|switch|p1a: Tornadus|Tornadus-Therian, M|100/100
|move|p2a: Gliscor|U-turn|p1a: Tornadus
|-resisted|p1a: Tornadus
|-damage|p1a: Tornadus|88/100
|
|t:|1760831231
|switch|p2a: Slowking|Slowking-Galar, M|100/100|[from] U-turn
|-damage|p2a: Slowking|88/100|[from] Stealth Rock
|
|-heal|p1a: Tornadus|100/100|[from] move: Wish|[wisher] Clefable
|-heal|p2a: Slowking|94/100|[from] item: Leftovers
|upkeep
|turn|7
|
|t:|1760831243
|move|p1a: Tornadus|Knock Off|p2a: Slowking
|-supereffective|p2a: Slowking
|-damage|p2a: Slowking|49/100
|-enditem|p2a: Slowking|Leftovers|[from] move: Knock Off|[of] p1a: Tornadus
|move|p2a: Slowking|Toxic|p1a: Tornadus
|-status|p1a: Tornadus|tox
|
|-damage|p1a: Tornadus|94/100 tox|[from] psn
|upkeep
|turn|8
|
|t:|1760831267
|switch|p2a: Kingambit|Kingambit, F|100/100
|-damage|p2a: Kingambit|94/100|[from] Stealth Rock
|move|p1a: Tornadus|Hurricane|p2a: Kingambit
|-resisted|p2a: Kingambit
|-damage|p2a: Kingambit|76/100
|
|-damage|p1a: Tornadus|82/100 tox|[from] psn
|upkeep
|turn|9
|
|t:|1760831282
|move|p1a: Tornadus|U-turn|p2a: Kingambit
|-damage|p2a: Kingambit|65/100
|
|t:|1760831287
|switch|p1a: Alomomola|Alomomola, F|100/100|[from] U-turn
|move|p2a: Kingambit|Swords Dance|p2a: Kingambit
|-boost|p2a: Kingambit|atk|2
|
|upkeep
|turn|10
|
|t:|1760831305
|move|p2a: Kingambit|Kowtow Cleave|p1a: Alomomola
|-damage|p1a: Alomomola|30/100
|move|p1a: Alomomola|Flip Turn|p2a: Kingambit
|-damage|p2a: Kingambit|53/100
|
|t:|1760831313
|switch|p1a: Clefable|Clefable, M|100/100|[from] Flip Turn
|
|upkeep
|turn|11
|
|t:|1760831327
|-end|p2a: Kingambit|fallenundefined|[silent]
|switch|p2a: Ceruledge|Ceruledge, M|100/100
|-damage|p2a: Ceruledge|76/100|[from] Stealth Rock
|move|p1a: Clefable|Moonblast|p2a: Ceruledge
|-resisted|p2a: Ceruledge
|-damage|p2a: Ceruledge|61/100
|
|upkeep
|turn|12
|
|t:|1760831343
|switch|p1a: Alomomola|Alomomola, F|63/100
|move|p2a: Ceruledge|Poltergeist|p1a: Alomomola
|-activate|p1a: Alomomola|move: Poltergeist|Heavy-Duty Boots
|-damage|p1a: Alomomola|24/100
|-damage|p2a: Ceruledge|51/100|[from] item: Life Orb
|
|upkeep
|turn|13
|
|t:|1760831365
|switch|p2a: Slowking|Slowking-Galar, M|82/100
|-damage|p2a: Slowking|70/100|[from] Stealth Rock
|switch|p1a: Clefable|Clefable, M|100/100
|
|upkeep
|turn|14
|
|t:|1760831374
|switch|p1a: Slowking|Slowking-Galar, M|100/100
|move|p2a: Slowking|Toxic|p1a: Slowking
|-immune|p1a: Slowking
|
|upkeep
|turn|15
|
|t:|1760831388
|move|p2a: Slowking|Future Sight|p1a: Slowking
|-start|p2a: Slowking|move: Future Sight
|move|p1a: Slowking|Future Sight|p2a: Slowking
|-start|p1a: Slowking|move: Future Sight
|
|upkeep
|turn|16
|
|t:|1760831403
|move|p2a: Slowking|Flamethrower|p1a: Slowking
|-damage|p1a: Slowking|84/100
|-prepare|p1a: Slowking|Chilly Reception|[premajor]
|move|p1a: Slowking|Chilly Reception|p1a: Slowking
|-weather|Snowscape
|
|t:|1760831412
|switch|p1a: Alomomola|Alomomola, F|57/100|[from] Chilly Reception
|
|-weather|Snowscape|[upkeep]
|upkeep
|turn|17
|
|t:|1760831421
|move|p1a: Alomomola|Flip Turn|p2a: Slowking
|-damage|p2a: Slowking|54/100
|
|t:|1760831424
|switch|p1a: Slowking|Slowking-Galar, M|100/100|[from] Flip Turn
|move|p2a: Slowking|Toxic|p1a: Slowking
|-immune|p1a: Slowking
|
|-weather|Snowscape|[upkeep]
|-end|p2a: Slowking|move: Future Sight
|-damage|p2a: Slowking|27/100
|-end|p1a: Slowking|move: Future Sight
|-damage|p1a: Slowking|64/100
|upkeep
|turn|18
|
|t:|1760831442
|switch|p2a: Great Tusk|Great Tusk|100/100
|-damage|p2a: Great Tusk|98/100|[from] Stealth Rock
|-enditem|p2a: Great Tusk|Booster Energy
|-activate|p2a: Great Tusk|ability: Protosynthesis|[fromitem]
|-start|p2a: Great Tusk|protosynthesisatk
|move|p1a: Slowking|Future Sight|p2a: Great Tusk
|-start|p1a: Slowking|move: Future Sight
|
|-weather|Snowscape|[upkeep]
|upkeep
|turn|19
|
|t:|1760831457
|switch|p1a: Tornadus|Tornadus-Therian, M|100/100 tox
|move|p2a: Great Tusk|Stealth Rock|p1a: Tornadus
|-sidestart|p1: John pokimon|move: Stealth Rock
|
|-weather|Snowscape|[upkeep]
|-damage|p1a: Tornadus|94/100 tox|[from] psn
|upkeep
|turn|20
|
|t:|1760831466
|-end|p2a: Great Tusk|Protosynthesis|[silent]
|switch|p2a: Kingambit|Kingambit, F|53/100
|-damage|p2a: Kingambit|47/100|[from] Stealth Rock
|move|p1a: Tornadus|Hurricane|p2a: Kingambit
|-resisted|p2a: Kingambit
|-damage|p2a: Kingambit|26/100
|-start|p2a: Kingambit|confusion
|
|-weather|none
|-end|p2a: Kingambit|move: Future Sight
|-immune|p2a: Kingambit
|-damage|p1a: Tornadus|82/100 tox|[from] psn
|upkeep
|turn|21
|
|t:|1760831486
|-terastallize|p2a: Kingambit|Dark
|move|p1a: Tornadus|U-turn|p2a: Kingambit
|-supereffective|p2a: Kingambit
|-damage|p2a: Kingambit|3/100
|
|t:|1760831492
|switch|p1a: Clefable|Clefable, M|100/100|[from] U-turn
|-activate|p2a: Kingambit|confusion
|move|p2a: Kingambit|Kowtow Cleave|p1a: Clefable
|-resisted|p1a: Clefable
|-damage|p1a: Clefable|72/100
|
|upkeep
|turn|22
|
|t:|1760831511
|switch|p1a: Alomomola|Alomomola, F|90/100
|-end|p2a: Kingambit|fallenundefined|[silent]
|switch|p2a: Ceruledge|Ceruledge, M|51/100
|-damage|p2a: Ceruledge|27/100|[from] Stealth Rock
|
|upkeep
|turn|23
|
|t:|1760831521
|switch|p2a: Slowking|Slowking-Galar, M|60/100
|-damage|p2a: Slowking|48/100|[from] Stealth Rock
|move|p1a: Alomomola|Flip Turn|p2a: Slowking
|-damage|p2a: Slowking|32/100
|
|t:|1760831537
|switch|p1a: Slowking|Slowking-Galar, M|97/100|[from] Flip Turn
|
|upkeep
|turn|24
|
|t:|1760831542
|switch|p2a: Gliscor|Gliscor, F|71/100 tox
|-damage|p2a: Gliscor|58/100 tox|[from] Stealth Rock
|move|p1a: Slowking|Future Sight|p2a: Gliscor
|-start|p1a: Slowking|move: Future Sight
|
|-heal|p2a: Gliscor|71/100 tox|[from] ability: Poison Heal
|upkeep
|turn|25
|
|t:|1760831552
|switch|p1a: Clefable|Clefable, M|72/100
|move|p2a: Gliscor|Knock Off|p1a: Clefable
|-resisted|p1a: Clefable
|-damage|p1a: Clefable|64/100
|
|-heal|p2a: Gliscor|83/100 tox|[from] ability: Poison Heal
|upkeep
|turn|26
|
|t:|1760831568
|move|p2a: Gliscor|Knock Off|p1a: Clefable
|-resisted|p1a: Clefable
|-damage|p1a: Clefable|56/100
|move|p1a: Clefable|Moonblast|p2a: Gliscor
|-damage|p2a: Gliscor|50/100 tox
|
|-end|p2a: Gliscor|move: Future Sight
|-damage|p2a: Gliscor|2/100 tox
|-heal|p2a: Gliscor|14/100 tox|[from] ability: Poison Heal
|upkeep
|turn|27
|
|t:|1760831581
|move|p2a: Gliscor|Protect|p2a: Gliscor
|-singleturn|p2a: Gliscor|Protect
|move|p1a: Clefable|Moonblast|p2a: Gliscor
|-activate|p2a: Gliscor|move: Protect
|
|-heal|p2a: Gliscor|26/100 tox|[from] ability: Poison Heal
|upkeep
|turn|28
|
|t:|1760831591
|move|p2a: Gliscor|Knock Off|p1a: Clefable
|-resisted|p1a: Clefable
|-damage|p1a: Clefable|48/100
|move|p1a: Clefable|Wish|p1a: Clefable
|
|-heal|p2a: Gliscor|39/100 tox|[from] ability: Poison Heal
|upkeep
|turn|29
|
|t:|1760831598
|move|p2a: Gliscor|Protect|p2a: Gliscor
|-singleturn|p2a: Gliscor|Protect
|move|p1a: Clefable|Moonblast|p2a: Gliscor
|-activate|p2a: Gliscor|move: Protect
|
|-heal|p1a: Clefable|98/100|[from] move: Wish|[wisher] Clefable
|-heal|p2a: Gliscor|51/100 tox|[from] ability: Poison Heal
|upkeep
|turn|30
|
|t:|1760831611
|move|p2a: Gliscor|Knock Off|p1a: Clefable
|-resisted|p1a: Clefable
|-damage|p1a: Clefable|90/100
|move|p1a: Clefable|Moonblast|p2a: Gliscor
|-damage|p2a: Gliscor|16/100 tox
|-unboost|p2a: Gliscor|spa|1
|
|-heal|p2a: Gliscor|28/100 tox|[from] ability: Poison Heal
|upkeep
|turn|31
|
|t:|1760831623
|move|p2a: Gliscor|Protect|p2a: Gliscor
|-singleturn|p2a: Gliscor|Protect
|move|p1a: Clefable|Wish|p1a: Clefable
|
|-heal|p2a: Gliscor|41/100 tox|[from] ability: Poison Heal
|upkeep
|turn|32
|
|t:|1760831635
|switch|p2a: Great Tusk|Great Tusk|98/100
|-damage|p2a: Great Tusk|95/100|[from] Stealth Rock
|move|p1a: Clefable|Moonblast|p2a: Great Tusk
|-supereffective|p2a: Great Tusk
|-crit|p2a: Great Tusk
|-damage|p2a: Great Tusk|0 fnt
|faint|p2a: Great Tusk
|-end|p2a: Great Tusk|Protosynthesis|[silent]
|
|-heal|p1a: Clefable|100/100|[from] move: Wish|[wisher] Clefable
|upkeep
|
|t:|1760831648
|switch|p2a: Kingambit|Kingambit, F, tera:Dark|3/100
|-damage|p2a: Kingambit|0 fnt|[from] Stealth Rock
|faint|p2a: Kingambit
|-end|p2a: Kingambit|fallenundefined|[silent]
|
|t:|1760831653
|switch|p2a: Iron Valiant|Iron Valiant|100/100
|-damage|p2a: Iron Valiant|94/100|[from] Stealth Rock
|turn|33
|
|t:|1760831662
|switch|p1a: Blissey|Blissey, F|100/100
|move|p2a: Iron Valiant|Shadow Ball|p1a: Blissey
|-immune|p1a: Blissey
|
|-heal|p2a: Iron Valiant|100/100|[from] item: Leftovers
|upkeep
|turn|34
|
|t:|1760831673
|switch|p1a: Tornadus|Tornadus-Therian, M|100/100 tox
|move|p2a: Iron Valiant|Focus Blast|p1a: Tornadus
|-resisted|p1a: Tornadus
|-damage|p1a: Tornadus|70/100 tox
|
|-damage|p1a: Tornadus|64/100 tox|[from] psn
|upkeep
|turn|35
|
|t:|1760831683
|move|p1a: Tornadus|Hurricane|p2a: Iron Valiant|[miss]
|-miss|p1a: Tornadus|p2a: Iron Valiant
|move|p2a: Iron Valiant|Moonblast|p1a: Tornadus
|-damage|p1a: Tornadus|12/100 tox
|
|-damage|p1a: Tornadus|0 fnt|[from] psn
|faint|p1a: Tornadus
|upkeep
|
|t:|1760831690
|switch|p1a: Jolteon|Jolteon, M|100/100
|turn|36
|
|t:|1760831706
|move|p1a: Jolteon|Calm Mind|p1a: Jolteon
|-boost|p1a: Jolteon|spa|1
|-boost|p1a: Jolteon|spd|1
|move|p2a: Iron Valiant|Focus Blast|p1a: Jolteon|[miss]
|-miss|p2a: Iron Valiant|p1a: Jolteon
|
|upkeep
|turn|37
|
|t:|1760831718
|move|p1a: Jolteon|Alluring Voice|p2a: Iron Valiant
|-supereffective|p2a: Iron Valiant
|-damage|p2a: Iron Valiant|0 fnt
|faint|p2a: Iron Valiant
|-end|p2a: Iron Valiant|Quark Drive|[silent]
|
|upkeep
|
|t:|1760831724
|switch|p2a: Slowking|Slowking-Galar, M|65/100
|-damage|p2a: Slowking|53/100|[from] Stealth Rock
|turn|38
|
|t:|1760831735
|move|p1a: Jolteon|Thunderbolt|p2a: Slowking
|-damage|p2a: Slowking|14/100
|move|p2a: Slowking|Future Sight|p1a: Jolteon
|-start|p2a: Slowking|move: Future Sight
|
|upkeep
|turn|39
|
|t:|1760831742
|switch|p2a: Ceruledge|Ceruledge, M|27/100
|-damage|p2a: Ceruledge|2/100|[from] Stealth Rock
|move|p1a: Jolteon|Alluring Voice|p2a: Ceruledge
|-resisted|p2a: Ceruledge
|-crit|p2a: Ceruledge
|-damage|p2a: Ceruledge|0 fnt
|faint|p2a: Ceruledge
|
|upkeep
|
|t:|1760831752
|switch|p2a: Gliscor|Gliscor, F|41/100 tox
|-damage|p2a: Gliscor|28/100 tox|[from] Stealth Rock
|turn|40
|
|t:|1760831761
|-terastallize|p1a: Jolteon|Fairy
|move|p1a: Jolteon|Calm Mind|p1a: Jolteon
|-boost|p1a: Jolteon|spa|1
|-boost|p1a: Jolteon|spd|1
|move|p2a: Gliscor|Knock Off|p1a: Jolteon
|-resisted|p1a: Jolteon
|-damage|p1a: Jolteon|72/100
|-enditem|p1a: Jolteon|Heavy-Duty Boots|[from] move: Knock Off|[of] p2a: Gliscor
|
|-end|p1a: Jolteon|move: Future Sight
|-damage|p1a: Jolteon|43/100
|-heal|p2a: Gliscor|41/100 tox|[from] ability: Poison Heal
|upkeep
|turn|41
|
|t:|1760831774
|move|p2a: Gliscor|Protect|p2a: Gliscor
|-singleturn|p2a: Gliscor|Protect
|move|p1a: Jolteon|Alluring Voice|p2a: Gliscor
|-activate|p2a: Gliscor|move: Protect
|
|-heal|p2a: Gliscor|53/100 tox|[from] ability: Poison Heal
|upkeep
|turn|42
|
|t:|1760831789
|move|p1a: Jolteon|Alluring Voice|p2a: Gliscor
|-damage|p2a: Gliscor|0 fnt
|faint|p2a: Gliscor
|
|upkeep
|
|t:|1760831796
|switch|p2a: Slowking|Slowking-Galar, M|47/100
|-damage|p2a: Slowking|35/100|[from] Stealth Rock
|turn|43
|
|t:|1760831803
|move|p1a: Jolteon|Thunderbolt|p2a: Slowking
|-damage|p2a: Slowking|0 fnt
|faint|p2a: Slowking
|
|win|John pokimon
|raw|John pokimon's rating: 1125 &rarr; <strong>1145</strong><br />(+20 for winning)
|raw|sp240sx's rating: 1058 &rarr; <strong>1043</strong><br />(-15 for losing)
|l|☆sp240sx
|player|p2|
|l|☆John pokimon
|player|p1|
