|j|☆josh$$$woo
|j|‽bigkatt96
|t:|1760840999
|gametype|singles
|player|p1|josh$$$woo|policeman-gen4|1217
|player|p2|bigkatt96|266|1250
|gen|9
|tier|[Gen 9] OU
|rated|
|rule|HP Percentage Mod: HP is shown in percentages
|rule|Endless Battle Clause: Forcing endless battles is banned
|rule|Species Clause: Limit one of each Pokémon
|rule|OHKO Clause: OHKO moves are banned
|rule|Evasion Items Clause: Evasion items are banned
|rule|Evasion Moves Clause: Evasion moves are banned
|rule|Evasion Abilities Clause: Evasion abilities are banned
|rule|Sleep Moves Clause: Sleep-inducing moves are banned
|clearpoke
|poke|p1|Dragonite, F|
|poke|p1|Iron Treads|
|poke|p1|Hatterene, F|
|poke|p1|Zapdos|
|poke|p1|Slowking-Galar, M|
|poke|p1|Garganacl, M|
|poke|p2|Gallade, M|
|poke|p2|Haxorus, M|
|poke|p2|Toxtricity, M|
|poke|p2|Torterra, M|
|poke|p2|Eelektross, M|
|poke|p2|Slowbro, M|
|teampreview
|
|t:|1760841017
|teamsize|p1|6
|teamsize|p2|6
|start
|switch|p1a: Zapdos|Zapdos|100/100
|switch|p2a: Torterra|Torterra, M|100/100
|turn|1
|
|t:|1760841026
|move|p1a: Zapdos|Hurricane|p2a: Torterra
|-supereffective|p2a: Torterra
|-damage|p2a: Torterra|0 fnt
|faint|p2a: Torterra
|
|upkeep
|
|t:|1760841040
|switch|p2a: Haxorus|Haxorus, M, shiny|100/100
|-ability|p2a: Haxorus|Mold Breaker
|turn|2
|
|t:|1760841051
|move|p2a: Haxorus|Swords Dance|p2a: Haxorus
|-boost|p2a: Haxorus|atk|2
|move|p1a: Zapdos|Volt Switch|p2a: Haxorus
|-resisted|p2a: Haxorus
|-damage|p2a: Haxorus|68/100
|inactive|Battle timer is ON: inactive players will automatically lose when time's up. (requested by bigkatt96)
|inactive|josh$$$woo has 120 seconds left.
|
|t:|1760841118
|switch|p1a: Iron Treads|Iron Treads|100/100|[from] Volt Switch
|
|upkeep
|turn|3
|
|t:|1760841125
|move|p1a: Iron Treads|Knock Off|p2a: Haxorus
|-damage|p2a: Haxorus|30/100
|-enditem|p2a: Haxorus|Loaded Dice|[from] move: Knock Off|[of] p1a: Iron Treads
|move|p2a: Haxorus|Earthquake|p1a: Iron Treads
|-supereffective|p1a: Iron Treads
|-crit|p1a: Iron Treads
|-damage|p1a: Iron Treads|0 fnt
|faint|p1a: Iron Treads
|-end|p1a: Iron Treads|Quark Drive|[silent]
|
|upkeep
|
|t:|1760841152
|switch|p1a: Slowking|Slowking-Galar, M|100/100
|turn|4
|
|t:|1760841164
|-terastallize|p1a: Slowking|Water
|move|p2a: Haxorus|Earthquake|p1a: Slowking
|-damage|p1a: Slowking|16/100
|move|p1a: Slowking|Sludge Bomb|p2a: Haxorus
|-damage|p2a: Haxorus|0 fnt
|faint|p2a: Haxorus
|
|upkeep
|
|t:|1760841176
|switch|p2a: Gallade|Gallade, M, shiny|100/100
|turn|5
|inactive|josh$$$woo has 120 seconds left.
|
|t:|1760841204
|switch|p1a: Zapdos|Zapdos|100/100
|move|p2a: Gallade|Leaf Blade|p1a: Zapdos
|-resisted|p1a: Zapdos
|-damage|p1a: Zapdos|64/100
|-status|p2a: Gallade|par|[from] ability: Static|[of] p1a: Zapdos
|-damage|p2a: Gallade|91/100 par|[from] item: Life Orb
|
|upkeep
|turn|6
|inactive|josh$$$woo has 120 seconds left.
|
|t:|1760841213
|move|p1a: Zapdos|Hurricane|p2a: Gallade
|-supereffective|p2a: Gallade
|-damage|p2a: Gallade|0 fnt
|faint|p2a: Gallade
|
|upkeep
|
|t:|1760841218
|switch|p2a: Eelektross|Eelektross, M|100/100
|turn|7
|
|t:|1760841225
|move|p1a: Zapdos|Volt Switch|p2a: Eelektross
|-resisted|p2a: Eelektross
|-damage|p2a: Eelektross|86/100
|
|t:|1760841235
|switch|p1a: Garganacl|Garganacl, M|100/100|[from] Volt Switch
|move|p2a: Eelektross|Coil|p2a: Eelektross
|-boost|p2a: Eelektross|atk|1
|-boost|p2a: Eelektross|def|1
|-boost|p2a: Eelektross|accuracy|1
|
|-heal|p2a: Eelektross|92/100|[from] item: Leftovers
|upkeep
|turn|8
|
|t:|1760841244
|move|p2a: Eelektross|Coil|p2a: Eelektross
|-boost|p2a: Eelektross|atk|1
|-boost|p2a: Eelektross|def|1
|-boost|p2a: Eelektross|accuracy|1
|move|p1a: Garganacl|Salt Cure|p2a: Eelektross
|-damage|p2a: Eelektross|85/100
|-start|p2a: Eelektross|Salt Cure
|
|-heal|p2a: Eelektross|91/100|[from] item: Leftovers
|-damage|p2a: Eelektross|79/100|[from] Salt Cure
|upkeep
|turn|9
|
|t:|1760841255
|move|p2a: Eelektross|Coil|p2a: Eelektross
|-boost|p2a: Eelektross|atk|1
|-boost|p2a: Eelektross|def|1
|-boost|p2a: Eelektross|accuracy|1
|move|p1a: Garganacl|Curse|p1a: Garganacl
|-unboost|p1a: Garganacl|spe|1
|-boost|p1a: Garganacl|atk|1
|-boost|p1a: Garganacl|def|1
|
|-heal|p2a: Eelektross|85/100|[from] item: Leftovers
|-damage|p2a: Eelektross|72/100|[from] Salt Cure
|upkeep
|turn|10
|
|t:|1760841266
|move|p2a: Eelektross|Coil|p2a: Eelektross
|-boost|p2a: Eelektross|atk|1
|-boost|p2a: Eelektross|def|1
|-boost|p2a: Eelektross|accuracy|1
|move|p1a: Garganacl|Curse|p1a: Garganacl
|-unboost|p1a: Garganacl|spe|1
|-boost|p1a: Garganacl|atk|1
|-boost|p1a: Garganacl|def|1
|
|-heal|p2a: Eelektross|79/100|[from] item: Leftovers
|-damage|p2a: Eelektross|66/100|[from] Salt Cure
|upkeep
|turn|11
|
|t:|1760841277
|move|p1a: Garganacl|Curse|p1a: Garganacl
|-unboost|p1a: Garganacl|spe|1
|-boost|p1a: Garganacl|atk|1
|-boost|p1a: Garganacl|def|1
|move|p2a: Eelektross|Dragon Tail|p1a: Garganacl
|-damage|p1a: Garganacl|92/100
|drag|p1a: Slowking|Slowking-Galar, M, tera:Water|16/100
|
|-heal|p2a: Eelektross|72/100|[from] item: Leftovers
|-damage|p2a: Eelektross|60/100|[from] Salt Cure
|upkeep
|turn|12
|
|t:|1760841298
|move|p2a: Eelektross|Drain Punch|p1a: Slowking
|-damage|p1a: Slowking|0 fnt
|-heal|p2a: Eelektross|68/100|[from] drain|[of] p1a: Slowking
|faint|p1a: Slowking
|
|-heal|p2a: Eelektross|74/100|[from] item: Leftovers
|-damage|p2a: Eelektross|62/100|[from] Salt Cure
|upkeep
|inactive|josh$$$woo has 120 seconds left.
|
|t:|1760841325
|switch|p1a: Zapdos|Zapdos|64/100
|turn|13
|
|t:|1760841334
|move|p1a: Zapdos|Volt Switch|p2a: Eelektross
|-resisted|p2a: Eelektross
|-damage|p2a: Eelektross|47/100
|
|t:|1760841339
|switch|p1a: Garganacl|Garganacl, M|92/100|[from] Volt Switch
|move|p2a: Eelektross|Supercell Slam|p1a: Garganacl
|-crit|p1a: Garganacl
|-damage|p1a: Garganacl|1/100
|
|-heal|p2a: Eelektross|53/100|[from] item: Leftovers
|-heal|p1a: Garganacl|7/100|[from] item: Leftovers
|-damage|p2a: Eelektross|41/100|[from] Salt Cure
|upkeep
|turn|14
|inactive|josh$$$woo has 120 seconds left.
|
|t:|1760841350
|move|p1a: Garganacl|Protect|p1a: Garganacl
|-singleturn|p1a: Garganacl|Protect
|move|p2a: Eelektross|Drain Punch|p1a: Garganacl
|-activate|p1a: Garganacl|move: Protect
|
|-heal|p2a: Eelektross|47/100|[from] item: Leftovers
|-heal|p1a: Garganacl|13/100|[from] item: Leftovers
|-damage|p2a: Eelektross|34/100|[from] Salt Cure
|upkeep
|turn|15
|inactive|josh$$$woo has 120 seconds left.
|
|t:|1760841362
|switch|p1a: Zapdos|Zapdos|64/100
|move|p2a: Eelektross|Supercell Slam|p1a: Zapdos
|-damage|p1a: Zapdos|0 fnt
|faint|p1a: Zapdos
|
|-heal|p2a: Eelektross|41/100|[from] item: Leftovers
|-damage|p2a: Eelektross|28/100|[from] Salt Cure
|upkeep
|
|t:|1760841369
|switch|p1a: Garganacl|Garganacl, M|13/100
|turn|16
|inactive|josh$$$woo has 120 seconds left.
|
|t:|1760841375
|move|p1a: Garganacl|Protect|p1a: Garganacl
|-singleturn|p1a: Garganacl|Protect
|move|p2a: Eelektross|Drain Punch|p1a: Garganacl
|-activate|p1a: Garganacl|move: Protect
|
|-heal|p2a: Eelektross|34/100|[from] item: Leftovers
|-heal|p1a: Garganacl|20/100|[from] item: Leftovers
|-damage|p2a: Eelektross|22/100|[from] Salt Cure
|upkeep
|turn|17
|
|t:|1760841385
|switch|p1a: Hatterene|Hatterene, F|100/100
|move|p2a: Eelektross|Supercell Slam|p1a: Hatterene
|-damage|p1a: Hatterene|0 fnt
|-damage|p2a: Eelektross|6/100|[from] item: Rocky Helmet|[of] p1a: Hatterene
|faint|p1a: Hatterene
|
|-heal|p2a: Eelektross|12/100|[from] item: Leftovers
|-damage|p2a: Eelektross|0 fnt|[from] Salt Cure
|faint|p2a: Eelektross
|upkeep
|inactive|josh$$$woo has 120 seconds left.
|
|t:|1760841403
|switch|p2a: Toxtricity|Toxtricity, M|100/100
|switch|p1a: Dragonite|Dragonite, F|100/100
|turn|18
|inactive|josh$$$woo has 120 seconds left.
|
|t:|1760841421
|-terastallize|p2a: Toxtricity|Normal
|move|p1a: Dragonite|Earthquake|p2a: Toxtricity
|-damage|p2a: Toxtricity|39/100
|move|p2a: Toxtricity|Boomburst|p1a: Dragonite
|-damage|p1a: Dragonite|21/100
|
|upkeep
|turn|19
|inactive|josh$$$woo has 120 seconds left.
|
|t:|1760841432
|move|p1a: Dragonite|Scale Shot|p2a: Toxtricity
|-damage|p2a: Toxtricity|16/100
|-damage|p2a: Toxtricity|0 fnt
|faint|p2a: Toxtricity
|-hitcount|p2: Toxtricity|2
|-unboost|p1a: Dragonite|def|1
|-boost|p1a: Dragonite|spe|1
|
|upkeep
|
|t:|1760841440
|switch|p2a: Slowbro|Slowbro, M, shiny|100/100
|turn|20
|inactive|josh$$$woo has 120 seconds left.
|
|t:|1760841452
|move|p1a: Dragonite|Roost|p1a: Dragonite
|-heal|p1a: Dragonite|71/100
|-singleturn|p1a: Dragonite|move: Roost
|move|p2a: Slowbro|Calm Mind|p2a: Slowbro
|-boost|p2a: Slowbro|spa|1
|-boost|p2a: Slowbro|spd|1
|
|upkeep
|turn|21
|inactive|josh$$$woo has 120 seconds left.
|
|t:|1760841464
|move|p1a: Dragonite|Scale Shot|p2a: Slowbro
|-damage|p2a: Slowbro|91/100
|-damage|p2a: Slowbro|82/100
|-damage|p2a: Slowbro|74/100
|-crit|p2a: Slowbro
|-damage|p2a: Slowbro|59/100
|-hitcount|p2a: Slowbro|4
|-unboost|p1a: Dragonite|def|1
|-boost|p1a: Dragonite|spe|1
|move|p2a: Slowbro|Scald|p1a: Dragonite
|-resisted|p1a: Dragonite
|-damage|p1a: Dragonite|48/100
|-status|p1a: Dragonite|brn
|
|-damage|p1a: Dragonite|42/100 brn|[from] brn
|upkeep
|turn|22
|inactive|josh$$$woo has 120 seconds left.
|
|t:|1760841480
|move|p1a: Dragonite|Roost|p1a: Dragonite
|-heal|p1a: Dragonite|92/100 brn
|-singleturn|p1a: Dragonite|move: Roost
|move|p2a: Slowbro|Slack Off|p2a: Slowbro
|-heal|p2a: Slowbro|100/100
|
|-damage|p1a: Dragonite|86/100 brn|[from] brn
|upkeep
|turn|23
|inactive|josh$$$woo has 120 seconds left.
|
|t:|1760841495
|switch|p1a: Garganacl|Garganacl, M|20/100
|move|p2a: Slowbro|Calm Mind|p2a: Slowbro
|-boost|p2a: Slowbro|spa|1
|-boost|p2a: Slowbro|spd|1
|
|-heal|p1a: Garganacl|26/100|[from] item: Leftovers
|upkeep
|turn|24
|
|t:|1760841505
|move|p1a: Garganacl|Salt Cure|p2a: Slowbro
|-damage|p2a: Slowbro|92/100
|move|p2a: Slowbro|Calm Mind|p2a: Slowbro
|-boost|p2a: Slowbro|spa|1
|-boost|p2a: Slowbro|spd|1
|
|-heal|p1a: Garganacl|32/100|[from] item: Leftovers
|upkeep
|turn|25
|
|t:|1760841515
|move|p1a: Garganacl|Salt Cure|p2a: Slowbro
|-damage|p2a: Slowbro|83/100
|move|p2a: Slowbro|Calm Mind|p2a: Slowbro
|-boost|p2a: Slowbro|spa|1
|-boost|p2a: Slowbro|spd|1
|
|-heal|p1a: Garganacl|38/100|[from] item: Leftovers
|upkeep
|turn|26
|
|t:|1760841529
|switch|p1a: Dragonite|Dragonite, F|86/100 brn
|move|p2a: Slowbro|Calm Mind|p2a: Slowbro
|-boost|p2a: Slowbro|spa|1
|-boost|p2a: Slowbro|spd|1
|
|-damage|p1a: Dragonite|80/100 brn|[from] brn
|upkeep
|turn|27
|
|t:|1760841539
|move|p1a: Dragonite|Dragon Dance|p1a: Dragonite
|-boost|p1a: Dragonite|atk|1
|-boost|p1a: Dragonite|spe|1
|move|p2a: Slowbro|Calm Mind|p2a: Slowbro
|-boost|p2a: Slowbro|spa|1
|-boost|p2a: Slowbro|spd|1
|
|-damage|p1a: Dragonite|74/100 brn|[from] brn
|upkeep
|turn|28
|
|t:|1760841548
|move|p1a: Dragonite|Dragon Dance|p1a: Dragonite
|-boost|p1a: Dragonite|atk|1
|-boost|p1a: Dragonite|spe|1
|move|p2a: Slowbro|Stored Power|p1a: Dragonite
|-damage|p1a: Dragonite|0 fnt
|faint|p1a: Dragonite
|
|upkeep
|-message|josh$$$woo forfeited.
|
|win|bigkatt96
|raw|josh$$$woo's rating: 1217 &rarr; <strong>1194</strong><br />(-23 for losing)
|raw|bigkatt96's rating: 1250 &rarr; <strong>1273</strong><br />(+23 for winning)
|l|☆josh$$$woo
|player|p1|
|l|‽bigkatt96
|player|p2|
