|j|☆catsanddogslol
|j|☆vondvtch
|t:|1760811468
|gametype|singles
|player|p1|catsanddogslol|2|1087
|player|p2|vondvtch|cheren-gen5bw2|1149
|gen|9
|tier|[Gen 9] OU
|rated|
|rule|HP Percentage Mod: HP is shown in percentages
|rule|Endless Battle Clause: Forcing endless battles is banned
|rule|Species Clause: Limit one of each Pokémon
|rule|OHKO Clause: OHKO moves are banned
|rule|Evasion Items Clause: Evasion items are banned
|rule|Evasion Moves Clause: Evasion moves are banned
|rule|Evasion Abilities Clause: Evasion abilities are banned
|rule|Sleep Moves Clause: Sleep-inducing moves are banned
|clearpoke
|poke|p1|Pelipper, F|
|poke|p1|Barraskewda, F|
|poke|p1|Tentacruel, M|
|poke|p1|Deoxys-Speed|
|poke|p1|Zapdos|
|poke|p1|Kingdra, M|
|poke|p2|Ninetales, F|
|poke|p2|Victreebel, F|
|poke|p2|Charizard, F|
|poke|p2|Iron Boulder|
|poke|p2|Walking Wake|
|poke|p2|Cinderace, M|
|teampreview
|inactive|Battle timer is ON: inactive players will automatically lose when time's up. (requested by catsanddogslol)
|
|t:|1760811482
|teamsize|p1|6
|teamsize|p2|6
|start
|switch|p1a: Tentacruel|Tentacruel, M|100/100
|switch|p2a: Walking Wake|Walking Wake|100/100
|turn|1
|
|t:|1760811488
|move|p2a: Walking Wake|Hurricane|p1a: Tentacruel
|-damage|p1a: Tentacruel|50/100
|-start|p1a: Tentacruel|confusion
|-activate|p1a: Tentacruel|confusion
|-damage|p1a: Tentacruel|41/100|[from] confusion
|
|upkeep
|turn|2
|
|t:|1760811493
|move|p2a: Walking Wake|Hurricane|p1a: Tentacruel|[miss]
|-miss|p2a: Walking Wake|p1a: Tentacruel
|-end|p1a: Tentacruel|confusion
|move|p1a: Tentacruel|Rapid Spin|p2a: Walking Wake
|-damage|p2a: Walking Wake|91/100
|-boost|p1a: Tentacruel|spe|1
|
|upkeep
|turn|3
|
|t:|1760811499
|move|p1a: Tentacruel|Sludge Wave|p2a: Walking Wake
|-damage|p2a: Walking Wake|54/100
|move|p2a: Walking Wake|Hurricane|p1a: Tentacruel
|-damage|p1a: Tentacruel|0 fnt
|faint|p1a: Tentacruel
|
|upkeep
|
|t:|1760811502
|switch|p1a: Deoxys|Deoxys-Speed|100/100
|-ability|p1a: Deoxys|Pressure
|turn|4
|
|t:|1760811508
|-end|p2a: Walking Wake|Protosynthesis|[silent]
|switch|p2a: Cinderace|Cinderace, M|100/100
|move|p1a: Deoxys|Psychic Terrain|p1a: Deoxys
|-fieldstart|move: Psychic Terrain
|
|upkeep
|turn|5
|
|t:|1760811513
|move|p1a: Deoxys|Stealth Rock|p2a: Cinderace
|-sidestart|p2: vondvtch|move: Stealth Rock
|move|p2a: Cinderace|Pyro Ball|p1a: Deoxys
|-damage|p1a: Deoxys|1/100
|
|upkeep
|turn|6
|
|t:|1760811519
|move|p1a: Deoxys|Psycho Boost|p2a: Cinderace
|-damage|p2a: Cinderace|0 fnt
|-unboost|p1a: Deoxys|spa|2
|faint|p2a: Cinderace
|
|upkeep
|
|t:|1760811523
|switch|p2a: Ninetales|Ninetales, F|100/100
|-damage|p2a: Ninetales|76/100|[from] Stealth Rock
|-weather|SunnyDay|[from] ability: Drought|[of] p2a: Ninetales
|turn|7
|
|t:|1760811527
|switch|p2a: Walking Wake|Walking Wake|54/100
|-damage|p2a: Walking Wake|42/100|[from] Stealth Rock
|-activate|p2a: Walking Wake|ability: Protosynthesis
|-start|p2a: Walking Wake|protosynthesisspe
|move|p1a: Deoxys|Knock Off|p2a: Walking Wake
|-damage|p2a: Walking Wake|21/100
|-enditem|p2a: Walking Wake|Choice Specs|[from] move: Knock Off|[of] p1a: Deoxys
|
|-weather|SunnyDay|[upkeep]
|upkeep
|turn|8
|
|t:|1760811537
|move|p2a: Walking Wake|Hydro Steam|p1a: Deoxys
|-damage|p1a: Deoxys|0 fnt
|faint|p1a: Deoxys
|
|-weather|SunnyDay|[upkeep]
|upkeep
|
|t:|1760811542
|switch|p1a: Pelipper|Pelipper, F|100/100
|-weather|RainDance|[from] ability: Drizzle|[of] p1a: Pelipper
|-end|p2a: Walking Wake|Protosynthesis
|turn|9
|
|t:|1760811547
|move|p2a: Walking Wake|Hurricane|p1a: Pelipper
|-damage|p1a: Pelipper|47/100
|move|p1a: Pelipper|U-turn|p2a: Walking Wake
|-damage|p2a: Walking Wake|11/100
|
|t:|1760811552
|switch|p1a: Zapdos|Zapdos|100/100|[from] U-turn
|
|-weather|RainDance|[upkeep]
|upkeep
|turn|10
|
|t:|1760811559
|move|p2a: Walking Wake|Draco Meteor|p1a: Zapdos
|-damage|p1a: Zapdos|33/100
|-unboost|p2a: Walking Wake|spa|2
|move|p1a: Zapdos|U-turn|p2a: Walking Wake
|-damage|p2a: Walking Wake|0 fnt
|faint|p2a: Walking Wake
|-end|p2a: Walking Wake|Protosynthesis|[silent]
|
|t:|1760811562
|switch|p1a: Pelipper|Pelipper, F|47/100|[from] U-turn
|
|-weather|RainDance|[upkeep]
|upkeep
|
|t:|1760811564
|switch|p2a: Ninetales|Ninetales, F|76/100
|-damage|p2a: Ninetales|51/100|[from] Stealth Rock
|-weather|SunnyDay|[from] ability: Drought|[of] p2a: Ninetales
|turn|11
|
|t:|1760811568
|switch|p1a: Zapdos|Zapdos|33/100
|move|p2a: Ninetales|Solar Beam||[still]
|-prepare|p2a: Ninetales|Solar Beam
|-anim|p2a: Ninetales|Solar Beam|p1a: Zapdos
|-resisted|p1a: Zapdos
|-damage|p1a: Zapdos|18/100
|
|-weather|SunnyDay|[upkeep]
|-fieldend|move: Psychic Terrain
|upkeep
|turn|12
|
|t:|1760811571
|move|p2a: Ninetales|Overheat|p1a: Zapdos
|-damage|p1a: Zapdos|0 fnt
|-unboost|p2a: Ninetales|spa|2
|faint|p1a: Zapdos
|
|-weather|SunnyDay|[upkeep]
|upkeep
|
|t:|1760811576
|switch|p1a: Pelipper|Pelipper, F|47/100
|-weather|RainDance|[from] ability: Drizzle|[of] p1a: Pelipper
|turn|13
|
|t:|1760811579
|switch|p2a: Victreebel|Victreebel, F, shiny|100/100
|-damage|p2a: Victreebel|88/100|[from] Stealth Rock
|move|p1a: Pelipper|U-turn|p2a: Victreebel
|-damage|p2a: Victreebel|75/100
|
|t:|1760811584
|switch|p1a: Barraskewda|Barraskewda, F|100/100|[from] U-turn
|
|-weather|RainDance|[upkeep]
|upkeep
|turn|14
|
|t:|1760811591
|-terastallize|p1a: Barraskewda|Water
|move|p1a: Barraskewda|Liquidation|p2a: Victreebel
|-resisted|p2a: Victreebel
|-damage|p2a: Victreebel|0 fnt
|faint|p2a: Victreebel
|
|-weather|RainDance|[upkeep]
|upkeep
|
|t:|1760811596
|switch|p2a: Ninetales|Ninetales, F|51/100
|-damage|p2a: Ninetales|26/100|[from] Stealth Rock
|-weather|SunnyDay|[from] ability: Drought|[of] p2a: Ninetales
|turn|15
|
|t:|1760811599
|move|p1a: Barraskewda|Liquidation|p2a: Ninetales
|-supereffective|p2a: Ninetales
|-damage|p2a: Ninetales|0 fnt
|faint|p2a: Ninetales
|
|-weather|SunnyDay|[upkeep]
|upkeep
|
|t:|1760811605
|switch|p2a: Iron Boulder|Iron Boulder|100/100
|-damage|p2a: Iron Boulder|88/100|[from] Stealth Rock
|-enditem|p2a: Iron Boulder|Booster Energy
|-activate|p2a: Iron Boulder|ability: Quark Drive|[fromitem]
|-start|p2a: Iron Boulder|quarkdrivespe
|turn|16
|
|t:|1760811609
|switch|p1a: Kingdra|Kingdra, M|100/100
|move|p2a: Iron Boulder|Solar Blade||[still]
|-prepare|p2a: Iron Boulder|Solar Blade
|-anim|p2a: Iron Boulder|Solar Blade|p1a: Kingdra
|-damage|p1a: Kingdra|42/100
|
|-weather|SunnyDay|[upkeep]
|upkeep
|turn|17
|
|t:|1760811611
|move|p2a: Iron Boulder|Solar Blade||[still]
|-prepare|p2a: Iron Boulder|Solar Blade
|-anim|p2a: Iron Boulder|Solar Blade|p1a: Kingdra
|-crit|p1a: Kingdra
|-damage|p1a: Kingdra|0 fnt
|faint|p1a: Kingdra
|
|-weather|SunnyDay|[upkeep]
|upkeep
|
|t:|1760811614
|switch|p1a: Pelipper|Pelipper, F|47/100
|-weather|RainDance|[from] ability: Drizzle|[of] p1a: Pelipper
|turn|18
|
|t:|1760811617
|move|p2a: Iron Boulder|Mighty Cleave|p1a: Pelipper
|-supereffective|p1a: Pelipper
|-damage|p1a: Pelipper|0 fnt
|faint|p1a: Pelipper
|
|-weather|RainDance|[upkeep]
|upkeep
|
|t:|1760811618
|switch|p1a: Barraskewda|Barraskewda, F, tera:Water|100/100
|turn|19
|
|t:|1760811621
|-terastallize|p2a: Iron Boulder|Grass
|move|p1a: Barraskewda|Liquidation|p2a: Iron Boulder
|-resisted|p2a: Iron Boulder
|-damage|p2a: Iron Boulder|3/100
|move|p2a: Iron Boulder|Mighty Cleave|p1a: Barraskewda
|-damage|p1a: Barraskewda|17/100
|
|-weather|RainDance|[upkeep]
|upkeep
|turn|20
|
|t:|1760811627
|move|p1a: Barraskewda|Liquidation|p2a: Iron Boulder
|-resisted|p2a: Iron Boulder
|-damage|p2a: Iron Boulder|0 fnt
|faint|p2a: Iron Boulder
|-end|p2a: Iron Boulder|Quark Drive|[silent]
|
|-weather|RainDance|[upkeep]
|upkeep
|
|t:|1760811628
|switch|p2a: Charizard|Charizard, F|100/100
|-damage|p2a: Charizard|51/100|[from] Stealth Rock
|turn|21
|
|t:|1760811630
|move|p1a: Barraskewda|Liquidation|p2a: Charizard
|-supereffective|p2a: Charizard
|-crit|p2a: Charizard
|-damage|p2a: Charizard|0 fnt
|faint|p2a: Charizard
|
|win|catsanddogslol
|raw|catsanddogslol's rating: 1087 &rarr; <strong>1119</strong><br />(+32 for winning)
|raw|vondvtch's rating: 1149 &rarr; <strong>1120</strong><br />(-29 for losing)
|l|☆vondvtch
|player|p2|
