|j|☆skakounrain
|j|‽destined1jnp
|t:|1760760581
|gametype|singles
|player|p1|skakounrain|dragontamer|1206
|player|p2|destined1jnp|will|1217
|gen|9
|tier|[Gen 9] OU
|rated|
|rule|HP Percentage Mod: HP is shown in percentages
|rule|Endless Battle Clause: Forcing endless battles is banned
|rule|Species Clause: Limit one of each Pokémon
|rule|OHKO Clause: OHKO moves are banned
|rule|Evasion Items Clause: Evasion items are banned
|rule|Evasion Moves Clause: Evasion moves are banned
|rule|Evasion Abilities Clause: Evasion abilities are banned
|rule|Sleep Moves Clause: Sleep-inducing moves are banned
|clearpoke
|poke|p1|Blissey, F|
|poke|p1|Dragonite, M|
|poke|p1|Dragapult, M|
|poke|p1|Corviknight, M|
|poke|p1|Garchomp, F|
|poke|p1|Pecharunt|
|poke|p2|Dondozo, M|
|poke|p2|Blissey, F|
|poke|p2|Corviknight, M|
|poke|p2|Weezing-Galar, F|
|poke|p2|Gliscor, F|
|poke|p2|Toxapex, F|
|teampreview
|inactive|Battle timer is ON: inactive players will automatically lose when time's up. (requested by skakounrain)
|
|t:|1760760597
|teamsize|p1|6
|teamsize|p2|6
|start
|switch|p1a: Pecharunt|Pecharunt|100/100
|switch|p2a: Toxapex|Toxapex, F, shiny|100/100
|turn|1
|
|t:|1760760605
|move|p1a: Pecharunt|Shadow Ball|p2a: Toxapex
|-damage|p2a: Toxapex|86/100
|move|p2a: Toxapex|Toxic Spikes|p1a: Pecharunt
|-sidestart|p1: skakounrain|move: Toxic Spikes
|
|-heal|p2a: Toxapex|92/100|[from] item: Leftovers
|upkeep
|turn|2
|
|t:|1760760614
|switch|p1a: Corviknight|Corviknight, M|100/100
|move|p2a: Toxapex|Toxic Spikes|p1a: Corviknight
|-sidestart|p1: skakounrain|move: Toxic Spikes
|
|-heal|p2a: Toxapex|98/100|[from] item: Leftovers
|upkeep
|turn|3
|
|t:|1760760628
|switch|p2a: Weezing|Weezing-Galar, F, shiny|100/100
|-ability|p2a: Weezing|Neutralizing Gas
|move|p1a: Corviknight|Defog|p2a: Weezing
|-unboost|p2a: Weezing|evasion|1
|-sideend|p1: skakounrain|Toxic Spikes|[from] move: Defog|[of] p1a: Corviknight
|
|upkeep
|turn|4
|
|t:|1760760641
|switch|p1a: Blissey|Blissey, F|100/100
|move|p2a: Weezing|Will-O-Wisp|p1a: Blissey
|-status|p1a: Blissey|brn
|
|-damage|p1a: Blissey|94/100 brn|[from] brn
|upkeep
|turn|5
|
|t:|1760760649
|move|p2a: Weezing|Pain Split|p1a: Blissey
|-sethp|p1a: Blissey|71/100 brn|[from] move: Pain Split|[silent]
|-sethp|p2a: Weezing|100/100|[from] move: Pain Split
|move|p1a: Blissey|Thunder Wave|p2a: Weezing
|-status|p2a: Weezing|par
|
|-damage|p1a: Blissey|65/100 brn|[from] brn
|upkeep
|turn|6
|
|t:|1760760661
|move|p1a: Blissey|Soft-Boiled|p1a: Blissey
|-heal|p1a: Blissey|100/100 brn
|move|p2a: Weezing|Strange Steam|p1a: Blissey
|-damage|p1a: Blissey|91/100 brn
|-start|p1a: Blissey|confusion
|
|-damage|p1a: Blissey|85/100 brn|[from] brn
|upkeep
|turn|7
|
|t:|1760760677
|-end|p2a: Weezing|ability: Neutralizing Gas
|switch|p2a: Corviknight|Corviknight, M, shiny|100/100
|-ability|p2a: Corviknight|Pressure
|-activate|p1a: Blissey|confusion
|move|p1a: Blissey|Seismic Toss|p2a: Corviknight
|-damage|p2a: Corviknight|75/100
|
|-heal|p2a: Corviknight|82/100|[from] item: Leftovers
|-damage|p1a: Blissey|79/100 brn|[from] brn
|upkeep
|turn|8
|
|t:|1760760683
|-curestatus|p1a: Blissey|brn|[from] ability: Natural Cure
|switch|p1a: Corviknight|Corviknight, M|100/100
|move|p2a: Corviknight|Iron Defense|p2a: Corviknight
|-boost|p2a: Corviknight|def|2
|
|-heal|p2a: Corviknight|88/100|[from] item: Leftovers
|upkeep
|turn|9
|
|t:|1760760691
|move|p1a: Corviknight|U-turn|p2a: Corviknight
|-resisted|p2a: Corviknight
|-damage|p2a: Corviknight|87/100
|
|t:|1760760694
|switch|p1a: Dragapult|Dragapult, M|100/100|[from] U-turn
|move|p2a: Corviknight|Body Press|p1a: Dragapult
|-immune|p1a: Dragapult
|
|-heal|p2a: Corviknight|93/100|[from] item: Leftovers
|upkeep
|turn|10
|
|t:|1760760704
|switch|p2a: Toxapex|Toxapex, F, shiny|100/100
|move|p1a: Dragapult|Shadow Ball|p2a: Toxapex
|-damage|p2a: Toxapex|65/100
|
|-heal|p2a: Toxapex|71/100|[from] item: Leftovers
|upkeep
|turn|11
|
|t:|1760760711
|switch|p1a: Blissey|Blissey, F|79/100
|move|p2a: Toxapex|Toxic|p1a: Blissey
|-status|p1a: Blissey|tox
|
|-heal|p2a: Toxapex|77/100|[from] item: Leftovers
|-damage|p1a: Blissey|73/100 tox|[from] psn
|upkeep
|turn|12
|
|t:|1760760719
|move|p1a: Blissey|Thunder Wave|p2a: Toxapex
|-status|p2a: Toxapex|par
|move|p2a: Toxapex|Toxic Spikes|p1a: Blissey
|-sidestart|p1: skakounrain|move: Toxic Spikes
|
|-heal|p2a: Toxapex|84/100 par|[from] item: Leftovers
|-damage|p1a: Blissey|60/100 tox|[from] psn
|upkeep
|turn|13
|
|t:|1760760731
|switch|p2a: Weezing|Weezing-Galar, F, shiny|100/100 par
|-ability|p2a: Weezing|Neutralizing Gas
|move|p1a: Blissey|Soft-Boiled|p1a: Blissey
|-heal|p1a: Blissey|100/100 tox
|
|-damage|p1a: Blissey|82/100 tox|[from] psn
|upkeep
|turn|14
|
|t:|1760760742
|switch|p1a: Pecharunt|Pecharunt|100/100
|-sideend|p1: skakounrain|move: Toxic Spikes|[of] p1a: Pecharunt
|move|p2a: Weezing|Strange Steam|p1a: Pecharunt
|-resisted|p1a: Pecharunt
|-damage|p1a: Pecharunt|86/100
|
|upkeep
|turn|15
|
|t:|1760760760
|-end|p2a: Weezing|ability: Neutralizing Gas
|switch|p2a: Toxapex|Toxapex, F, shiny|100/100 par
|move|p1a: Pecharunt|Shadow Ball|p2a: Toxapex
|-damage|p2a: Toxapex|86/100 par
|
|-heal|p2a: Toxapex|92/100 par|[from] item: Leftovers
|upkeep
|turn|16
|
|t:|1760760777
|switch|p1a: Dragapult|Dragapult, M|100/100
|move|p2a: Toxapex|Toxic Spikes|p1a: Dragapult
|-sidestart|p1: skakounrain|move: Toxic Spikes
|
|-heal|p2a: Toxapex|98/100 par|[from] item: Leftovers
|upkeep
|turn|17
|
|t:|1760760786
|switch|p2a: Blissey|Blissey, F|100/100
|move|p1a: Dragapult|Hex|p2a: Blissey
|-immune|p2a: Blissey
|
|upkeep
|turn|18
|
|t:|1760760789
|switch|p1a: Pecharunt|Pecharunt|86/100
|-sideend|p1: skakounrain|move: Toxic Spikes|[of] p1a: Pecharunt
|move|p2a: Blissey|Stealth Rock|p1a: Pecharunt
|-sidestart|p1: skakounrain|move: Stealth Rock
|
|upkeep
|turn|19
|
|t:|1760760796
|switch|p1a: Corviknight|Corviknight, M|100/100
|-damage|p1a: Corviknight|88/100|[from] Stealth Rock
|switch|p2a: Gliscor|Gliscor, F|100/100
|
|-status|p2a: Gliscor|tox|[from] item: Toxic Orb
|upkeep
|turn|20
|
|t:|1760760803
|move|p2a: Gliscor|Spikes|p1a: Corviknight
|-sidestart|p1: skakounrain|Spikes
|move|p1a: Corviknight|Defog|p2a: Gliscor
|-unboost|p2a: Gliscor|evasion|1
|-sideend|p1: skakounrain|Spikes|[from] move: Defog|[of] p1a: Corviknight
|-sideend|p1: skakounrain|Stealth Rock|[from] move: Defog|[of] p1a: Corviknight
|
|upkeep
|turn|21
|
|t:|1760760808
|move|p2a: Gliscor|Spikes|p1a: Corviknight
|-sidestart|p1: skakounrain|Spikes
|move|p1a: Corviknight|U-turn|p2a: Gliscor
|-resisted|p2a: Gliscor
|-damage|p2a: Gliscor|95/100 tox
|
|t:|1760760813
|switch|p1a: Dragonite|Dragonite, M|100/100|[from] U-turn
|
|-heal|p2a: Gliscor|100/100 tox|[from] ability: Poison Heal
|upkeep
|turn|22
|
|t:|1760760825
|switch|p2a: Toxapex|Toxapex, F, shiny|100/100 par
|move|p1a: Dragonite|Ice Spinner|p2a: Toxapex
|-resisted|p2a: Toxapex
|-damage|p2a: Toxapex|81/100 par
|
|-heal|p2a: Toxapex|88/100 par|[from] item: Leftovers
|upkeep
|turn|23
|-message|skakounrain forfeited.
|
|win|destined1jnp
|raw|skakounrain's rating: 1206 &rarr; <strong>1182</strong><br />(-24 for losing)
|raw|destined1jnp's rating: 1217 &rarr; <strong>1241</strong><br />(+24 for winning)
|l|☆skakounrain
|player|p1|
|l|‽destined1jnp
|player|p2|
