|j|☆cxksz666
|j|☆clobbah time
|t:|1760837490
|gametype|singles
|player|p1|cxksz666|red|1259
|player|p2|clobbah time|alec-anime|1297
|gen|9
|tier|[Gen 9] OU
|rated|
|rule|HP Percentage Mod: HP is shown in percentages
|rule|Endless Battle Clause: Forcing endless battles is banned
|rule|Species Clause: Limit one of each Pokémon
|rule|OHKO Clause: OHKO moves are banned
|rule|Evasion Items Clause: Evasion items are banned
|rule|Evasion Moves Clause: Evasion moves are banned
|rule|Evasion Abilities Clause: Evasion abilities are banned
|rule|Sleep Moves Clause: Sleep-inducing moves are banned
|clearpoke
|poke|p1|Gengar, M|
|poke|p1|Kleavor, M|
|poke|p1|Umbreon, M|
|poke|p1|Snorlax, M|
|poke|p1|Kricketune, M|
|poke|p1|Garchomp, M|
|poke|p2|Leavanny, F|
|poke|p2|Iron Valiant|
|poke|p2|Gholdengo|
|poke|p2|Darkrai|
|poke|p2|Great Tusk|
|poke|p2|Kyurem|
|teampreview
|
|t:|1760837506
|teamsize|p1|6
|teamsize|p2|6
|start
|switch|p1a: Kleavor|Kleavor, M|100/100
|switch|p2a: Leavanny|Leavanny, F|100/100
|turn|1
|
|t:|1760837514
|move|p2a: Leavanny|Sticky Web|p1a: Kleavor
|-sidestart|p1: cxksz666|move: Sticky Web
|move|p1a: Kleavor|X-Scissor|p2a: Leavanny
|-supereffective|p2a: Leavanny
|-damage|p2a: Leavanny|0 fnt
|faint|p2a: Leavanny
|
|upkeep
|
|t:|1760837543
|switch|p2a: Gholdengo|Gholdengo|100/100
|turn|2
|
|t:|1760837550
|move|p1a: Kleavor|X-Scissor|p2a: Gholdengo
|-resisted|p2a: Gholdengo
|-damage|p2a: Gholdengo|79/100
|move|p2a: Gholdengo|Nasty Plot|p2a: Gholdengo
|-boost|p2a: Gholdengo|spa|2
|
|-heal|p2a: Gholdengo|85/100|[from] item: Leftovers
|upkeep
|turn|3
|
|t:|1760837566
|move|p1a: Kleavor|X-Scissor|p2a: Gholdengo
|-resisted|p2a: Gholdengo
|-damage|p2a: Gholdengo|66/100
|move|p2a: Gholdengo|Make It Rain|p1a: Kleavor
|-supereffective|p1a: Kleavor
|-damage|p1a: Kleavor|0 fnt
|-unboost|p2a: Gholdengo|spa|1
|faint|p1a: Kleavor
|
|-heal|p2a: Gholdengo|72/100|[from] item: Leftovers
|upkeep
|
|t:|1760837580
|switch|p1a: Gengar|Gengar, M|100/100
|-activate|p1a: Gengar|move: Sticky Web
|-unboost|p1a: Gengar|spe|1
|turn|4
|
|t:|1760837593
|move|p2a: Gholdengo|Shadow Ball|p1a: Gengar
|-supereffective|p1a: Gengar
|-enditem|p1a: Gengar|Focus Sash
|-damage|p1a: Gengar|1/100
|-unboost|p1a: Gengar|spd|1
|-start|p2a: Gholdengo|Disable|Shadow Ball|[from] ability: Cursed Body|[of] p1a: Gengar
|move|p1a: Gengar|Shadow Ball|p2a: Gholdengo
|-supereffective|p2a: Gholdengo
|-damage|p2a: Gholdengo|0 fnt
|faint|p2a: Gholdengo
|
|upkeep
|
|t:|1760837599
|switch|p2a: Darkrai|Darkrai|100/100
|turn|5
|
|t:|1760837608
|move|p2a: Darkrai|Dark Pulse|p1a: Gengar
|-supereffective|p1a: Gengar
|-damage|p1a: Gengar|0 fnt
|-start|p2a: Darkrai|Disable|Dark Pulse|[from] ability: Cursed Body|[of] p1a: Gengar
|faint|p1a: Gengar
|-damage|p2a: Darkrai|91/100|[from] item: Life Orb
|
|upkeep
|
|t:|1760837620
|switch|p1a: Kricketune|Kricketune, M|100/100
|-activate|p1a: Kricketune|move: Sticky Web
|-unboost|p1a: Kricketune|spe|1
|turn|6
|
|t:|1760837648
|-terastallize|p1a: Kricketune|Bug
|move|p2a: Darkrai|Nasty Plot|p2a: Darkrai
|-boost|p2a: Darkrai|spa|2
|move|p1a: Kricketune|Fell Stinger|p2a: Darkrai
|-supereffective|p2a: Darkrai
|-damage|p2a: Darkrai|0 fnt
|faint|p2a: Darkrai
|-boost|p1a: Kricketune|atk|3
|-damage|p1a: Kricketune|91/100|[from] item: Life Orb
|
|upkeep
|
|t:|1760837658
|switch|p2a: Iron Valiant|Iron Valiant|100/100
|-enditem|p2a: Iron Valiant|Booster Energy
|-activate|p2a: Iron Valiant|ability: Quark Drive|[fromitem]
|-start|p2a: Iron Valiant|quarkdriveatk
|turn|7
|
|t:|1760837667
|move|p2a: Iron Valiant|Swords Dance|p2a: Iron Valiant
|-boost|p2a: Iron Valiant|atk|2
|move|p1a: Kricketune|Aerial Ace|p2a: Iron Valiant
|-supereffective|p2a: Iron Valiant
|-damage|p2a: Iron Valiant|0 fnt
|faint|p2a: Iron Valiant
|-end|p2a: Iron Valiant|Quark Drive|[silent]
|-damage|p1a: Kricketune|81/100|[from] item: Life Orb
|
|upkeep
|
|t:|1760837684
|switch|p2a: Kyurem|Kyurem|100/100
|-ability|p2a: Kyurem|Pressure
|turn|8
|
|t:|1760837690
|move|p2a: Kyurem|Ice Beam|p1a: Kricketune
|-damage|p1a: Kricketune|0 fnt
|faint|p1a: Kricketune
|
|upkeep
|
|t:|1760837695
|switch|p1a: Snorlax|Snorlax, M|100/100
|-activate|p1a: Snorlax|move: Sticky Web
|-unboost|p1a: Snorlax|spe|1
|turn|9
|
|t:|1760837702
|switch|p2a: Great Tusk|Great Tusk|100/100
|-enditem|p2a: Great Tusk|Booster Energy
|-activate|p2a: Great Tusk|ability: Protosynthesis|[fromitem]
|-start|p2a: Great Tusk|protosynthesisspe
|move|p1a: Snorlax|Outrage|p2a: Great Tusk
|-crit|p2a: Great Tusk
|-damage|p2a: Great Tusk|45/100
|
|upkeep
|turn|10
|
|t:|1760837712
|move|p2a: Great Tusk|Bulk Up|p2a: Great Tusk
|-boost|p2a: Great Tusk|atk|1
|-boost|p2a: Great Tusk|def|1
|move|p1a: Snorlax|Outrage|p2a: Great Tusk|[from] lockedmove
|-damage|p2a: Great Tusk|19/100
|-start|p1a: Snorlax|confusion|[fatigue]
|
|upkeep
|turn|11
|
|t:|1760837721
|switch|p1a: Umbreon|Umbreon, M|100/100
|-activate|p1a: Umbreon|move: Sticky Web
|-unboost|p1a: Umbreon|spe|1
|move|p2a: Great Tusk|Headlong Rush|p1a: Umbreon
|-damage|p1a: Umbreon|56/100
|-unboost|p2a: Great Tusk|def|1
|-unboost|p2a: Great Tusk|spd|1
|
|upkeep
|turn|12
|
|t:|1760837737
|move|p2a: Great Tusk|Headlong Rush|p1a: Umbreon
|-damage|p1a: Umbreon|10/100
|-unboost|p2a: Great Tusk|def|1
|-unboost|p2a: Great Tusk|spd|1
|move|p1a: Umbreon|Foul Play|p2a: Great Tusk
|-resisted|p2a: Great Tusk
|-damage|p2a: Great Tusk|0 fnt
|faint|p2a: Great Tusk
|-end|p2a: Great Tusk|Protosynthesis|[silent]
|
|upkeep
|
|t:|1760837739
|switch|p2a: Kyurem|Kyurem|100/100
|-ability|p2a: Kyurem|Pressure
|turn|13
|
|t:|1760837750
|move|p2a: Kyurem|Ice Beam|p1a: Umbreon
|-damage|p1a: Umbreon|0 fnt
|faint|p1a: Umbreon
|
|upkeep
|
|t:|1760837756
|switch|p1a: Snorlax|Snorlax, M|100/100
|-activate|p1a: Snorlax|move: Sticky Web
|-unboost|p1a: Snorlax|spe|1
|turn|14
|
|t:|1760837787
|move|p2a: Kyurem|Ice Beam|p1a: Snorlax
|-damage|p1a: Snorlax|74/100
|move|p1a: Snorlax|Outrage|p2a: Kyurem
|-supereffective|p2a: Kyurem
|-damage|p2a: Kyurem|0 fnt
|faint|p2a: Kyurem
|
|win|cxksz666
|raw|cxksz666's rating: 1259 &rarr; <strong>1285</strong><br />(+26 for winning)
|raw|clobbah time's rating: 1274 &rarr; <strong>1248</strong><br />(-26 for losing)
|l|☆clobbah time
|player|p2|
|l|☆cxksz666
|player|p1|
