|j|☆Slouchsquatch
|j|☆jash215
|t:|1760847995
|gametype|singles
|player|p1|Slouchsquatch|harlequin|1199
|player|p2|jash215|101|1264
|gen|9
|tier|[Gen 9] OU
|rated|
|rule|HP Percentage Mod: HP is shown in percentages
|rule|Endless Battle Clause: Forcing endless battles is banned
|rule|Species Clause: Limit one of each Pokémon
|rule|OHKO Clause: OHKO moves are banned
|rule|Evasion Items Clause: Evasion items are banned
|rule|Evasion Moves Clause: Evasion moves are banned
|rule|Evasion Abilities Clause: Evasion abilities are banned
|rule|Sleep Moves Clause: Sleep-inducing moves are banned
|clearpoke
|poke|p1|Scizor, M|
|poke|p1|Ceruledge, M|
|poke|p1|Murkrow, F|
|poke|p1|Glimmora, M|
|poke|p1|Samurott-Hisui, M|
|poke|p1|Excadrill, M|
|poke|p2|Kingambit, F|
|poke|p2|Cinderace, F|
|poke|p2|Landorus-Therian, M|
|poke|p2|Iron Valiant|
|poke|p2|Kyurem|
|poke|p2|Slowking-Galar, M|
|teampreview
|inactive|Battle timer is ON: inactive players will automatically lose when time's up. (requested by jash215)
|
|t:|1760848002
|teamsize|p1|6
|teamsize|p2|6
|start
|switch|p1a: Glimmora|Glimmora, M|100/100
|switch|p2a: Landorus|Landorus-Therian, M|100/100
|-ability|p2a: Landorus|Intimidate|boost
|-unboost|p1a: Glimmora|atk|1
|turn|1
|
|t:|1760848011
|move|p2a: Landorus|Earthquake|p1a: Glimmora
|-supereffective|p1a: Glimmora
|-enditem|p1a: Glimmora|Focus Sash
|-damage|p1a: Glimmora|1/100
|-activate|p1a: Glimmora|ability: Toxic Debris
|-sidestart|p2: jash215|move: Toxic Spikes
|move|p1a: Glimmora|Power Gem|p2a: Landorus
|-damage|p2a: Landorus|53/100
|
|upkeep
|turn|2
|
|t:|1760848028
|switch|p1a: Murkrow|Murkrow, F, shiny|100/100
|move|p2a: Landorus|Earthquake|p1a: Murkrow
|-immune|p1a: Murkrow
|
|upkeep
|turn|3
|
|t:|1760848034
|move|p1a: Murkrow|Calm Mind|p1a: Murkrow
|-boost|p1a: Murkrow|spa|1
|-boost|p1a: Murkrow|spd|1
|move|p2a: Landorus|U-turn|p1a: Murkrow
|-damage|p1a: Murkrow|65/100
|
|t:|1760848040
|switch|p2a: Slowking|Slowking-Galar, M|100/100|[from] U-turn
|-sideend|p2: jash215|move: Toxic Spikes|[of] p2a: Slowking
|
|upkeep
|turn|4
|
|t:|1760848054
|move|p1a: Murkrow|Dark Pulse|p2a: Slowking
|-supereffective|p2a: Slowking
|-damage|p2a: Slowking|37/100
|move|p2a: Slowking|Thunder Wave|p1a: Murkrow|[miss]
|-miss|p2a: Slowking|p1a: Murkrow
|
|upkeep
|turn|5
|
|t:|1760848064
|move|p1a: Murkrow|Dark Pulse|p2a: Slowking
|-supereffective|p2a: Slowking
|-damage|p2a: Slowking|0 fnt
|faint|p2a: Slowking
|
|upkeep
|
|t:|1760848073
|switch|p2a: Kyurem|Kyurem|100/100
|-ability|p2a: Kyurem|Pressure
|turn|6
|
|t:|1760848096
|switch|p1a: Scizor|Scizor, M|100/100
|move|p2a: Kyurem|Freeze-Dry|p1a: Scizor
|-resisted|p1a: Scizor
|-damage|p1a: Scizor|80/100
|
|-heal|p1a: Scizor|86/100|[from] item: Leftovers
|upkeep
|turn|7
|
|t:|1760848102
|switch|p2a: Landorus|Landorus-Therian, M|53/100
|-ability|p2a: Landorus|Intimidate|boost
|-unboost|p1a: Scizor|atk|1
|move|p1a: Scizor|Swords Dance|p1a: Scizor
|-boost|p1a: Scizor|atk|2
|
|-heal|p1a: Scizor|92/100|[from] item: Leftovers
|upkeep
|turn|8
|
|t:|1760848111
|move|p1a: Scizor|Bullet Punch|p2a: Landorus
|-crit|p2a: Landorus
|-damage|p2a: Landorus|0 fnt
|-damage|p1a: Scizor|75/100|[from] item: Rocky Helmet|[of] p2a: Landorus
|faint|p2a: Landorus
|
|-heal|p1a: Scizor|82/100|[from] item: Leftovers
|upkeep
|
|t:|1760848117
|switch|p2a: Cinderace|Cinderace, F|100/100
|turn|9
|
|t:|1760848134
|switch|p1a: Samurott|Samurott-Hisui, M, shiny|100/100
|move|p2a: Cinderace|Pyro Ball|p1a: Samurott
|-resisted|p1a: Samurott
|-damage|p1a: Samurott|69/100
|
|upkeep
|turn|10
|
|t:|1760848142
|switch|p2a: Kingambit|Kingambit, F|100/100
|-activate|p2a: Kingambit|ability: Supreme Overlord
|-start|p2a: Kingambit|fallen2|[silent]
|move|p1a: Samurott|Aqua Cutter|p2a: Kingambit
|-damage|p2a: Kingambit|55/100
|-damage|p1a: Samurott|59/100|[from] item: Life Orb
|
|-heal|p2a: Kingambit|61/100|[from] item: Leftovers
|upkeep
|turn|11
|
|t:|1760848154
|move|p1a: Samurott|Aqua Cutter|p2a: Kingambit
|-crit|p2a: Kingambit
|-damage|p2a: Kingambit|0 fnt
|faint|p2a: Kingambit
|-end|p2a: Kingambit|fallen2|[silent]
|-damage|p1a: Samurott|49/100|[from] item: Life Orb
|
|upkeep
|
|t:|1760848163
|switch|p2a: Iron Valiant|Iron Valiant|100/100
|-enditem|p2a: Iron Valiant|Booster Energy
|-activate|p2a: Iron Valiant|ability: Quark Drive|[fromitem]
|-start|p2a: Iron Valiant|quarkdrivespe
|turn|12
|
|t:|1760848176
|switch|p1a: Scizor|Scizor, M|82/100
|move|p2a: Iron Valiant|Moonblast|p1a: Scizor
|-resisted|p1a: Scizor
|-damage|p1a: Scizor|55/100
|
|-heal|p1a: Scizor|61/100|[from] item: Leftovers
|upkeep
|turn|13
|
|t:|1760848183
|-terastallize|p2a: Iron Valiant|Ghost
|move|p1a: Scizor|Bullet Punch|p2a: Iron Valiant
|-damage|p2a: Iron Valiant|54/100
|move|p2a: Iron Valiant|Shadow Ball|p1a: Scizor
|-damage|p1a: Scizor|12/100
|
|-heal|p1a: Scizor|18/100|[from] item: Leftovers
|upkeep
|turn|14
|
|t:|1760848192
|move|p1a: Scizor|Bullet Punch|p2a: Iron Valiant
|-damage|p2a: Iron Valiant|14/100
|move|p2a: Iron Valiant|Shadow Ball|p1a: Scizor
|-damage|p1a: Scizor|0 fnt
|faint|p1a: Scizor
|
|upkeep
|
|t:|1760848204
|switch|p1a: Ceruledge|Ceruledge, M|100/100
|turn|15
|
|t:|1760848207
|move|p1a: Ceruledge|Shadow Sneak|p2a: Iron Valiant
|-supereffective|p2a: Iron Valiant
|-crit|p2a: Iron Valiant
|-damage|p2a: Iron Valiant|0 fnt
|faint|p2a: Iron Valiant
|-end|p2a: Iron Valiant|Quark Drive|[silent]
|
|upkeep
|
|t:|1760848211
|switch|p2a: Kyurem|Kyurem|100/100
|-ability|p2a: Kyurem|Pressure
|turn|16
|
|t:|1760848215
|move|p2a: Kyurem|Earth Power|p1a: Ceruledge
|-supereffective|p1a: Ceruledge
|-damage|p1a: Ceruledge|30/100
|move|p1a: Ceruledge|Swords Dance|p1a: Ceruledge
|-boost|p1a: Ceruledge|atk|2
|
|upkeep
|turn|17
|
|t:|1760848229
|move|p1a: Ceruledge|Shadow Sneak|p2a: Kyurem
|-damage|p2a: Kyurem|62/100
|move|p2a: Kyurem|Earth Power|p1a: Ceruledge
|-supereffective|p1a: Ceruledge
|-crit|p1a: Ceruledge
|-damage|p1a: Ceruledge|0 fnt
|faint|p1a: Ceruledge
|
|-heal|p2a: Kyurem|69/100|[from] item: Leftovers
|upkeep
|
|t:|1760848250
|switch|p1a: Glimmora|Glimmora, M|1/100
|turn|18
|
|t:|1760848257
|-terastallize|p1a: Glimmora|Flying
|move|p2a: Kyurem|Earth Power|p1a: Glimmora
|-immune|p1a: Glimmora
|move|p1a: Glimmora|Mortal Spin|p2a: Kyurem
|-damage|p2a: Kyurem|63/100
|-status|p2a: Kyurem|psn
|
|-heal|p2a: Kyurem|69/100 psn|[from] item: Leftovers
|-damage|p2a: Kyurem|57/100 psn|[from] psn
|upkeep
|turn|19
|
|t:|1760848267
|move|p2a: Kyurem|Freeze-Dry|p1a: Glimmora
|-supereffective|p1a: Glimmora
|-damage|p1a: Glimmora|0 fnt
|faint|p1a: Glimmora
|
|-heal|p2a: Kyurem|63/100 psn|[from] item: Leftovers
|-damage|p2a: Kyurem|50/100 psn|[from] psn
|upkeep
|
|t:|1760848277
|switch|p1a: Excadrill|Excadrill, M, shiny|100/100
|-ability|p1a: Excadrill|Mold Breaker
|turn|20
|
|t:|1760848280
|move|p2a: Kyurem|Earth Power|p1a: Excadrill
|-supereffective|p1a: Excadrill
|-damage|p1a: Excadrill|20/100
|move|p1a: Excadrill|Rapid Spin|p2a: Kyurem
|-damage|p2a: Kyurem|35/100 psn
|-boost|p1a: Excadrill|spe|1
|
|-heal|p2a: Kyurem|41/100 psn|[from] item: Leftovers
|-damage|p2a: Kyurem|29/100 psn|[from] psn
|upkeep
|turn|21
|
|t:|1760848295
|move|p1a: Excadrill|Iron Head|p2a: Kyurem
|-supereffective|p2a: Kyurem
|-damage|p2a: Kyurem|0 fnt
|faint|p2a: Kyurem
|
|upkeep
|
|t:|1760848298
|switch|p2a: Cinderace|Cinderace, F|100/100
|turn|22
|
|t:|1760848302
|move|p1a: Excadrill|Earthquake|p2a: Cinderace
|-supereffective|p2a: Cinderace
|-damage|p2a: Cinderace|0 fnt
|faint|p2a: Cinderace
|
|win|Slouchsquatch
|raw|Slouchsquatch's rating: 1199 &rarr; <strong>1229</strong><br />(+30 for winning)
|raw|jash215's rating: 1264 &rarr; <strong>1234</strong><br />(-30 for losing)
|l|☆jash215
|player|p2|
|l|☆Slouchsquatch
|player|p1|
