|j|☆Iwasnuked
|j|☆PITOU ET TIGROU
|t:|1760878380
|gametype|singles
|player|p1|Iwasnuked|fisherman-gen4|1205
|player|p2|PITOU ET TIGROU|cynthia-gen4|1251
|gen|9
|tier|[Gen 9] OU
|rated|
|rule|HP Percentage Mod: HP is shown in percentages
|rule|Endless Battle Clause: Forcing endless battles is banned
|rule|Species Clause: Limit one of each Pokémon
|rule|OHKO Clause: OHKO moves are banned
|rule|Evasion Items Clause: Evasion items are banned
|rule|Evasion Moves Clause: Evasion moves are banned
|rule|Evasion Abilities Clause: Evasion abilities are banned
|rule|Sleep Moves Clause: Sleep-inducing moves are banned
|clearpoke
|poke|p1|Gliscor, M|
|poke|p1|Corviknight, F|
|poke|p1|Incineroar, F|
|poke|p1|Dragapult, F|
|poke|p1|Glimmora, M|
|poke|p1|Quaquaval, M|
|poke|p2|Delphox, F|
|poke|p2|Incineroar, M|
|poke|p2|Dragonite, M|
|poke|p2|Zamazenta-*|
|poke|p2|Zapdos|
|poke|p2|Mew|
|teampreview
|inactive|Battle timer is ON: inactive players will automatically lose when time's up. (requested by PITOU ET TIGROU)
|
|t:|1760878390
|teamsize|p1|6
|teamsize|p2|6
|start
|switch|p1a: Incineroar|Incineroar, F|100/100
|switch|p2a: Mew|Mew|100/100
|-ability|p1a: Incineroar|Intimidate|boost
|-unboost|p2a: Mew|atk|1
|turn|1
|
|t:|1760878397
|move|p1a: Incineroar|Fake Out|p2a: Mew
|-damage|p2a: Mew|88/100
|cant|p2a: Mew|flinch
|
|-heal|p2a: Mew|95/100|[from] item: Leftovers
|upkeep
|turn|2
|
|t:|1760878402
|move|p2a: Mew|Stealth Rock|p1a: Incineroar
|-sidestart|p1: Iwasnuked|move: Stealth Rock
|move|p1a: Incineroar|Parting Shot|p2a: Mew
|-unboost|p2a: Mew|atk|1
|-unboost|p2a: Mew|spa|1
|
|t:|1760878410
|switch|p1a: Glimmora|Glimmora, M|100/100|[from] Parting Shot
|-damage|p1a: Glimmora|88/100|[from] Stealth Rock
|
|-heal|p2a: Mew|100/100|[from] item: Leftovers
|-heal|p1a: Glimmora|94/100|[from] item: Leftovers
|upkeep
|turn|3
|
|t:|1760878417
|move|p2a: Mew|Future Sight|p1a: Glimmora
|-start|p2a: Mew|move: Future Sight
|move|p1a: Glimmora|Spikes|p2a: Mew
|-sidestart|p2: PITOU ET TIGROU|Spikes
|
|-heal|p1a: Glimmora|100/100|[from] item: Leftovers
|upkeep
|turn|4
|
|t:|1760878421
|move|p2a: Mew|Spikes|p1a: Glimmora
|-sidestart|p1: Iwasnuked|Spikes
|move|p1a: Glimmora|Toxic|p2a: Mew
|-status|p2a: Mew|tox
|-activate|p2a: Mew|ability: Synchronize
|-immune|p1a: Glimmora
|
|-damage|p2a: Mew|94/100 tox|[from] psn
|upkeep
|turn|5
|
|t:|1760878433
|move|p2a: Mew|Toxic Spikes|p1a: Glimmora
|-sidestart|p1: Iwasnuked|move: Toxic Spikes
|move|p1a: Glimmora|Stealth Rock|p2a: Mew
|-sidestart|p2: PITOU ET TIGROU|move: Stealth Rock
|
|-end|p1a: Glimmora|move: Future Sight
|-supereffective|p1a: Glimmora
|-crit|p1a: Glimmora
|-damage|p1a: Glimmora|0 fnt
|faint|p1a: Glimmora
|-heal|p2a: Mew|100/100 tox|[from] item: Leftovers
|-damage|p2a: Mew|88/100 tox|[from] psn
|upkeep
|
|t:|1760878443
|switch|p1a: Corviknight|Corviknight, F|100/100
|-damage|p1a: Corviknight|88/100|[from] Stealth Rock
|-ability|p1a: Corviknight|Pressure
|turn|6
|
|t:|1760878448
|move|p2a: Mew|Toxic Spikes|p1a: Corviknight
|-sidestart|p1: Iwasnuked|move: Toxic Spikes
|move|p1a: Corviknight|Iron Defense|p1a: Corviknight
|-boost|p1a: Corviknight|def|2
|
|-heal|p2a: Mew|94/100 tox|[from] item: Leftovers
|-heal|p1a: Corviknight|94/100|[from] item: Leftovers
|-damage|p2a: Mew|76/100 tox|[from] psn
|upkeep
|turn|7
|
|t:|1760878455
|move|p2a: Mew|Spikes|p1a: Corviknight
|-sidestart|p1: Iwasnuked|Spikes
|move|p1a: Corviknight|Iron Defense|p1a: Corviknight
|-boost|p1a: Corviknight|def|2
|
|-heal|p2a: Mew|82/100 tox|[from] item: Leftovers
|-heal|p1a: Corviknight|100/100|[from] item: Leftovers
|-damage|p2a: Mew|57/100 tox|[from] psn
|upkeep
|turn|8
|
|t:|1760878463
|move|p2a: Mew|Spikes|p1a: Corviknight
|-sidestart|p1: Iwasnuked|Spikes
|move|p1a: Corviknight|Iron Defense|p1a: Corviknight
|-boost|p1a: Corviknight|def|2
|
|-heal|p2a: Mew|63/100 tox|[from] item: Leftovers
|-damage|p2a: Mew|32/100 tox|[from] psn
|upkeep
|turn|9
|
|t:|1760878472
|move|p2a: Mew|Future Sight|p1a: Corviknight
|-start|p2a: Mew|move: Future Sight
|move|p1a: Corviknight|Body Press|p2a: Mew
|-resisted|p2a: Mew
|-damage|p2a: Mew|0 fnt
|faint|p2a: Mew
|
|upkeep
|
|t:|1760878480
|switch|p2a: Delphox|Delphox, F|100/100
|-damage|p2a: Delphox|88/100|[from] Spikes
|-damage|p2a: Delphox|63/100|[from] Stealth Rock
|turn|10
|
|t:|1760878484
|move|p2a: Delphox|Fire Blast|p1a: Corviknight
|-supereffective|p1a: Corviknight
|-damage|p1a: Corviknight|13/100
|move|p1a: Corviknight|Defog|p2a: Delphox
|-unboost|p2a: Delphox|evasion|1
|-sideend|p2: PITOU ET TIGROU|Spikes|[from] move: Defog|[of] p1a: Corviknight
|-sideend|p2: PITOU ET TIGROU|Stealth Rock|[from] move: Defog|[of] p1a: Corviknight
|-sideend|p1: Iwasnuked|Spikes|[from] move: Defog|[of] p1a: Corviknight
|-sideend|p1: Iwasnuked|Toxic Spikes|[from] move: Defog|[of] p1a: Corviknight
|-sideend|p1: Iwasnuked|Stealth Rock|[from] move: Defog|[of] p1a: Corviknight
|
|-heal|p1a: Corviknight|19/100|[from] item: Leftovers
|upkeep
|turn|11
|
|t:|1760878494
|switch|p1a: Quaquaval|Quaquaval, M|100/100
|move|p2a: Delphox|Shadow Ball|p1a: Quaquaval
|-damage|p1a: Quaquaval|62/100
|
|-end|p1a: Quaquaval|move: Future Sight
|-supereffective|p1a: Quaquaval
|-damage|p1a: Quaquaval|0 fnt
|faint|p1a: Quaquaval
|upkeep
|
|t:|1760878505
|switch|p1a: Incineroar|Incineroar, F|100/100
|-ability|p1a: Incineroar|Intimidate|boost
|-unboost|p2a: Delphox|atk|1
|turn|12
|
|t:|1760878511
|move|p1a: Incineroar|Fake Out|p2a: Delphox
|-damage|p2a: Delphox|41/100
|cant|p2a: Delphox|flinch
|
|upkeep
|turn|13
|
|t:|1760878519
|-terastallize|p1a: Incineroar|Ground
|move|p2a: Delphox|Scorching Sands|p1a: Incineroar
|-damage|p1a: Incineroar|81/100
|move|p1a: Incineroar|Earthquake|p2a: Delphox
|-supereffective|p2a: Delphox
|-damage|p2a: Delphox|0 fnt
|faint|p2a: Delphox
|
|-heal|p1a: Incineroar|87/100|[from] item: Leftovers
|upkeep
|
|t:|1760878526
|switch|p2a: Dragonite|Dragonite, M|100/100
|turn|14
|
|t:|1760878532
|move|p2a: Dragonite|Hurricane|p1a: Incineroar
|-damage|p1a: Incineroar|45/100
|move|p1a: Incineroar|Parting Shot|p2a: Dragonite
|-unboost|p2a: Dragonite|atk|1
|-unboost|p2a: Dragonite|spa|1
|
|t:|1760878538
|switch|p1a: Dragapult|Dragapult, F|100/100|[from] Parting Shot
|
|upkeep
|turn|15
|
|t:|1760878553
|move|p1a: Dragapult|Draco Meteor|p2a: Dragonite
|-supereffective|p2a: Dragonite
|-damage|p2a: Dragonite|47/100
|-unboost|p1a: Dragapult|spa|2
|move|p2a: Dragonite|Tailwind|p2a: Dragonite
|-sidestart|p2: PITOU ET TIGROU|move: Tailwind
|
|-heal|p2a: Dragonite|54/100|[from] item: Leftovers
|upkeep
|turn|16
|
|t:|1760878562
|switch|p1a: Gliscor|Gliscor, M|100/100
|move|p2a: Dragonite|Hurricane|p1a: Gliscor
|-damage|p1a: Gliscor|56/100
|
|-heal|p2a: Dragonite|60/100|[from] item: Leftovers
|-status|p1a: Gliscor|tox|[from] item: Toxic Orb
|upkeep
|turn|17
|
|t:|1760878573
|move|p2a: Dragonite|Hurricane|p1a: Gliscor
|-damage|p1a: Gliscor|8/100 tox
|move|p1a: Gliscor|Knock Off|p2a: Dragonite
|-damage|p2a: Dragonite|34/100
|-enditem|p2a: Dragonite|Leftovers|[from] move: Knock Off|[of] p1a: Gliscor
|
|-heal|p1a: Gliscor|21/100 tox|[from] ability: Poison Heal
|upkeep
|turn|18
|
|t:|1760878583
|switch|p1a: Corviknight|Corviknight, F|19/100
|-ability|p1a: Corviknight|Pressure
|move|p2a: Dragonite|Hurricane|p1a: Corviknight
|-resisted|p1a: Corviknight
|-damage|p1a: Corviknight|6/100
|
|-heal|p1a: Corviknight|12/100|[from] item: Leftovers
|-sideend|p2: PITOU ET TIGROU|move: Tailwind
|upkeep
|turn|19
|
|t:|1760878592
|move|p2a: Dragonite|Thunder|p1a: Corviknight
|-supereffective|p1a: Corviknight
|-damage|p1a: Corviknight|0 fnt
|faint|p1a: Corviknight
|
|upkeep
|
|t:|1760878597
|switch|p1a: Dragapult|Dragapult, F|100/100
|turn|20
|
|t:|1760878600
|move|p1a: Dragapult|Dragon Pulse|p2a: Dragonite
|-supereffective|p2a: Dragonite
|-damage|p2a: Dragonite|0 fnt
|faint|p2a: Dragonite
|
|upkeep
|
|t:|1760878605
|switch|p2a: Incineroar|Incineroar, M|100/100
|-ability|p2a: Incineroar|Intimidate|boost
|-fail|p1a: Dragapult|unboost|[from] ability: Clear Body|[of] p1a: Dragapult
|turn|21
|
|t:|1760878609
|move|p1a: Dragapult|Dragon Pulse|p2a: Incineroar
|-damage|p2a: Incineroar|75/100
|move|p2a: Incineroar|Knock Off|p1a: Dragapult
|-supereffective|p1a: Dragapult
|-damage|p1a: Dragapult|0 fnt
|-enditem|p1a: Dragapult|Choice Scarf|[from] move: Knock Off|[of] p2a: Incineroar
|faint|p1a: Dragapult
|
|upkeep
|
|t:|1760878617
|switch|p1a: Incineroar|Incineroar, F, tera:Ground|45/100
|-ability|p1a: Incineroar|Intimidate|boost
|-unboost|p2a: Incineroar|atk|1
|turn|22
|
|t:|1760878623
|move|p1a: Incineroar|Fake Out|p2a: Incineroar
|-damage|p2a: Incineroar|60/100
|-damage|p1a: Incineroar|29/100|[from] item: Rocky Helmet|[of] p2a: Incineroar
|cant|p2a: Incineroar|flinch
|
|-heal|p1a: Incineroar|35/100|[from] item: Leftovers
|upkeep
|turn|23
|
|t:|1760878633
|move|p1a: Incineroar|Earthquake|p2a: Incineroar
|-supereffective|p2a: Incineroar
|-damage|p2a: Incineroar|0 fnt
|faint|p2a: Incineroar
|
|-heal|p1a: Incineroar|41/100|[from] item: Leftovers
|upkeep
|
|t:|1760878639
|switch|p2a: Zamazenta|Zamazenta|100/100
|-ability|p2a: Zamazenta|Dauntless Shield|boost
|-boost|p2a: Zamazenta|def|1
|turn|24
|
|t:|1760878649
|move|p2a: Zamazenta|Body Press|p1a: Incineroar
|-damage|p1a: Incineroar|0 fnt
|faint|p1a: Incineroar
|
|upkeep
|
|t:|1760878653
|switch|p1a: Gliscor|Gliscor, M|21/100 tox
|turn|25
|
|t:|1760878657
|move|p2a: Zamazenta|Body Press|p1a: Gliscor
|-resisted|p1a: Gliscor
|-damage|p1a: Gliscor|0 fnt
|faint|p1a: Gliscor
|
|win|PITOU ET TIGROU
|raw|Iwasnuked's rating: 1205 &rarr; <strong>1183</strong><br />(-22 for losing)
|raw|PITOU ET TIGROU's rating: 1251 &rarr; <strong>1273</strong><br />(+22 for winning)
|l|☆PITOU ET TIGROU
|player|p2|
|l|☆Iwasnuked
|player|p1|
