|j|☆malcyuu
|j|‽Qepna<3
|t:|1760813329
|gametype|singles
|player|p1|malcyuu|265|1420
|player|p2|Qepna<3|youngcouple-gen4dp|1389
|gen|9
|tier|[Gen 9] OU
|rated|
|rule|HP Percentage Mod: HP is shown in percentages
|rule|Endless Battle Clause: Forcing endless battles is banned
|rule|Species Clause: Limit one of each Pokémon
|rule|OHKO Clause: OHKO moves are banned
|rule|Evasion Items Clause: Evasion items are banned
|rule|Evasion Moves Clause: Evasion moves are banned
|rule|Evasion Abilities Clause: Evasion abilities are banned
|rule|Sleep Moves Clause: Sleep-inducing moves are banned
|clearpoke
|poke|p1|Thundurus, M|
|poke|p1|Slowking-Galar, M|
|poke|p1|Great Tusk|
|poke|p1|Zamazenta-*|
|poke|p1|Kyurem|
|poke|p1|Samurott-Hisui, M|
|poke|p2|Garchomp, M|
|poke|p2|Darkrai|
|poke|p2|Gholdengo|
|poke|p2|Ogerpon-Wellspring, F|
|poke|p2|Iron Valiant|
|poke|p2|Iron Treads|
|teampreview
|inactive|Battle timer is ON: inactive players will automatically lose when time's up. (requested by Qepna<3)
|inactive|malcyuu has 120 seconds left.
|
|t:|1760813386
|teamsize|p1|6
|teamsize|p2|6
|start
|switch|p1a: Kyurem|Kyurem|100/100
|switch|p2a: Garchomp|Garchomp, M|100/100
|-ability|p1a: Kyurem|Pressure
|turn|1
|
|t:|1760813405
|move|p1a: Kyurem|Ice Beam|p2a: Garchomp
|-supereffective|p2a: Garchomp
|-damage|p2a: Garchomp|0 fnt
|faint|p2a: Garchomp
|
|upkeep
|
|t:|1760813409
|switch|p2a: Gholdengo|Gholdengo|100/100
|-item|p2a: Gholdengo|Air Balloon
|turn|2
|
|t:|1760813430
|switch|p1a: Thundurus|Thundurus, M|100/100
|move|p2a: Gholdengo|Thunder Wave|p1a: Thundurus
|-immune|p1a: Thundurus
|
|upkeep
|turn|3
|inactive|malcyuu has 120 seconds left.
|
|t:|1760813450
|switch|p1a: Samurott|Samurott-Hisui, M|100/100
|switch|p2a: Iron Treads|Iron Treads|100/100
|
|upkeep
|turn|4
|inactive|malcyuu has 120 seconds left.
|inactive|Qepna<3 has 120 seconds left.
|
|t:|1760813487
|-end|p2a: Iron Treads|Quark Drive|[silent]
|switch|p2a: Iron Valiant|Iron Valiant|100/100
|-enditem|p2a: Iron Valiant|Booster Energy
|-activate|p2a: Iron Valiant|ability: Quark Drive|[fromitem]
|-start|p2a: Iron Valiant|quarkdrivespe
|move|p1a: Samurott|Ceaseless Edge|p2a: Iron Valiant|[miss]
|-miss|p1a: Samurott|p2a: Iron Valiant
|
|upkeep
|turn|5
|inactive|Qepna<3 has 120 seconds left.
|inactive|malcyuu has 120 seconds left.
|
|t:|1760813522
|move|p2a: Iron Valiant|Calm Mind|p2a: Iron Valiant
|-boost|p2a: Iron Valiant|spa|1
|-boost|p2a: Iron Valiant|spd|1
|move|p1a: Samurott|Aqua Cutter|p2a: Iron Valiant
|-damage|p2a: Iron Valiant|34/100
|
|upkeep
|turn|6
|
|t:|1760813541
|switch|p1a: Slowking|Slowking-Galar, M|100/100
|move|p2a: Iron Valiant|Moonblast|p1a: Slowking
|-resisted|p1a: Slowking
|-damage|p1a: Slowking|79/100
|
|upkeep
|turn|7
|inactive|malcyuu has 90 seconds left.
|inactive|Qepna<3 has 90 seconds left.
|
|t:|1760813583
|move|p2a: Iron Valiant|Thunderbolt|p1a: Slowking
|-damage|p1a: Slowking|54/100
|move|p1a: Slowking|Sludge Bomb|p2a: Iron Valiant
|-supereffective|p2a: Iron Valiant
|-damage|p2a: Iron Valiant|0 fnt
|faint|p2a: Iron Valiant
|-end|p2a: Iron Valiant|Quark Drive|[silent]
|
|upkeep
|inactive|Qepna<3 has 90 seconds left.
|
|t:|1760813592
|switch|p2a: Darkrai|Darkrai|100/100
|turn|8
|
|t:|1760813600
|switch|p1a: Samurott|Samurott-Hisui, M|100/100
|move|p2a: Darkrai|Ice Beam|p1a: Samurott
|-resisted|p1a: Samurott
|-damage|p1a: Samurott|87/100
|
|upkeep
|turn|9
|
|t:|1760813609
|move|p2a: Darkrai|Sludge Bomb|p1a: Samurott
|-damage|p1a: Samurott|56/100
|move|p1a: Samurott|Ceaseless Edge|p2a: Darkrai
|-resisted|p2a: Darkrai
|-damage|p2a: Darkrai|67/100
|-sidestart|p2: Qepna<3|Spikes
|
|upkeep
|turn|10
|
|t:|1760813619
|switch|p2a: Ogerpon|Ogerpon-Wellspring, F|100/100
|-damage|p2a: Ogerpon|88/100|[from] Spikes
|move|p1a: Samurott|Aqua Cutter|p2a: Ogerpon
|-heal|p2a: Ogerpon|100/100|[from] ability: Water Absorb|[of] p1a: Samurott
|
|upkeep
|turn|11
|
|t:|1760813633
|switch|p1a: Kyurem|Kyurem|100/100
|-ability|p1a: Kyurem|Pressure
|move|p2a: Ogerpon|Swords Dance|p2a: Ogerpon
|-boost|p2a: Ogerpon|atk|2
|
|upkeep
|turn|12
|
|t:|1760813642
|move|p1a: Kyurem|Freeze-Dry|p2a: Ogerpon
|-supereffective|p2a: Ogerpon
|-damage|p2a: Ogerpon|0 fnt
|faint|p2a: Ogerpon
|
|upkeep
|-message|Qepna<3 forfeited.
|
|win|malcyuu
|raw|malcyuu's rating: 1420 &rarr; <strong>1438</strong><br />(+18 for winning)
|raw|Qepna&lt;3's rating: 1389 &rarr; <strong>1371</strong><br />(-18 for losing)
|l|‽Qepna<3
|player|p2|
|l|☆malcyuu
|player|p1|
