|j|☆darkdoug24
|j|☆yixing_onestar
|t:|1760846512
|gametype|singles
|player|p1|darkdoug24|interviewers|1318
|player|p2|yixing_onestar|swimmerf-gen4|1328
|gen|9
|tier|[Gen 9] OU
|rated|
|rule|HP Percentage Mod: HP is shown in percentages
|rule|Endless Battle Clause: Forcing endless battles is banned
|rule|Species Clause: Limit one of each Pokémon
|rule|OHKO Clause: OHKO moves are banned
|rule|Evasion Items Clause: Evasion items are banned
|rule|Evasion Moves Clause: Evasion moves are banned
|rule|Evasion Abilities Clause: Evasion abilities are banned
|rule|Sleep Moves Clause: Sleep-inducing moves are banned
|clearpoke
|poke|p1|Landorus-Therian, M|
|poke|p1|Samurott-Hisui, F|
|poke|p1|Pecharunt|
|poke|p1|Scizor, M|
|poke|p1|Latios, M|
|poke|p1|Zamazenta-*|
|poke|p2|Slowking-Galar, M|
|poke|p2|Cetitan, M|
|poke|p2|Kyurem|
|poke|p2|Sandslash-Alola, F|
|poke|p2|Chandelure, F|
|poke|p2|Meowscarada, M|
|teampreview
|
|t:|1760846521
|teamsize|p1|6
|teamsize|p2|6
|start
|switch|p1a: Samurott|Samurott-Hisui, F|100/100
|switch|p2a: Sandslash|Sandslash-Alola, F, shiny|100/100
|turn|1
|
|t:|1760846531
|move|p1a: Samurott|Ceaseless Edge|p2a: Sandslash
|-damage|p2a: Sandslash|54/100
|-sidestart|p2: yixing_onestar|Spikes
|move|p2a: Sandslash|Stealth Rock|p1a: Samurott
|-sidestart|p1: darkdoug24|move: Stealth Rock
|
|upkeep
|turn|2
|
|t:|1760846540
|move|p1a: Samurott|Ceaseless Edge|p2a: Sandslash
|-damage|p2a: Sandslash|3/100
|-sidestart|p2: yixing_onestar|Spikes
|move|p2a: Sandslash|Rapid Spin|p1a: Samurott
|-damage|p1a: Samurott|82/100
|-boost|p2a: Sandslash|spe|1
|-sideend|p2: yixing_onestar|Spikes|[from] move: Rapid Spin|[of] p2a: Sandslash
|
|upkeep
|turn|3
|
|t:|1760846558
|move|p2a: Sandslash|Triple Axel|p1a: Samurott
|-resisted|p1a: Samurott
|-damage|p1a: Samurott|76/100
|-resisted|p1a: Samurott
|-damage|p1a: Samurott|65/100
|-resisted|p1a: Samurott
|-damage|p1a: Samurott|47/100
|-hitcount|p1a: Samurott|3
|move|p1a: Samurott|Ceaseless Edge|p2a: Sandslash|[miss]
|-miss|p1a: Samurott|p2a: Sandslash
|
|upkeep
|turn|4
|
|t:|1760846570
|move|p2a: Sandslash|Triple Axel|p1a: Samurott
|-resisted|p1a: Samurott
|-damage|p1a: Samurott|41/100
|-resisted|p1a: Samurott
|-damage|p1a: Samurott|28/100
|-resisted|p1a: Samurott
|-damage|p1a: Samurott|12/100
|-hitcount|p1a: Samurott|3
|move|p1a: Samurott|Ceaseless Edge|p2a: Sandslash
|-damage|p2a: Sandslash|0 fnt
|-sidestart|p2: yixing_onestar|Spikes
|faint|p2a: Sandslash
|
|upkeep
|
|t:|1760846587
|switch|p2a: Meowscarada|Meowscarada, M, shiny|100/100
|-damage|p2a: Meowscarada|88/100|[from] Spikes
|turn|5
|
|t:|1760846608
|switch|p1a: Scizor|Scizor, M|100/100
|move|p2a: Meowscarada|U-turn|p1a: Scizor
|-start|p2a: Meowscarada|typechange|Bug|[from] ability: Protean
|-resisted|p1a: Scizor
|-damage|p1a: Scizor|72/100
|
|t:|1760846616
|switch|p2a: Slowking|Slowking-Galar, M|100/100|[from] U-turn
|-damage|p2a: Slowking|88/100|[from] Spikes
|
|upkeep
|turn|6
|
|t:|1760846626
|move|p1a: Scizor|Knock Off|p2a: Slowking
|-supereffective|p2a: Slowking
|-damage|p2a: Slowking|32/100
|-enditem|p2a: Slowking|Icy Rock|[from] move: Knock Off|[of] p1a: Scizor
|-prepare|p2a: Slowking|Chilly Reception|[premajor]
|move|p2a: Slowking|Chilly Reception|p2a: Slowking
|-weather|Snowscape
|
|t:|1760846635
|switch|p2a: Cetitan|Cetitan, M, shiny|100/100|[from] Chilly Reception
|-damage|p2a: Cetitan|88/100|[from] Spikes
|
|-weather|Snowscape|[upkeep]
|upkeep
|turn|7
|
|t:|1760846648
|-terastallize|p2a: Cetitan|Ground
|move|p1a: Scizor|Bullet Punch|p2a: Cetitan
|-damage|p2a: Cetitan|55/100
|move|p2a: Cetitan|Belly Drum|p2a: Cetitan
|-damage|p2a: Cetitan|5/100
|-setboost|p2a: Cetitan|atk|6|[from] move: Belly Drum
|-enditem|p2a: Cetitan|Sitrus Berry|[eat]
|-heal|p2a: Cetitan|30/100|[from] item: Sitrus Berry
|
|-weather|Snowscape|[upkeep]
|upkeep
|turn|8
|
|t:|1760846663
|move|p1a: Scizor|Bullet Punch|p2a: Cetitan
|-damage|p2a: Cetitan|0 fnt
|faint|p2a: Cetitan
|
|-weather|Snowscape|[upkeep]
|upkeep
|-message|yixing_onestar forfeited.
|
|win|darkdoug24
|raw|darkdoug24's rating: 1318 &rarr; <strong>1339</strong><br />(+21 for winning)
|raw|yixing_onestar's rating: 1328 &rarr; <strong>1307</strong><br />(-21 for losing)
|l|☆yixing_onestar
|player|p2|
|l|☆darkdoug24
|player|p1|
