|j|☆metakni
|j|☆Escavalier Esquire
|t:|1760821406
|gametype|singles
|player|p1|metakni|hiker-gen4|1451
|player|p2|Escavalier Esquire|gentleman-gen4|1480
|gen|9
|tier|[Gen 9] OU
|rated|
|rule|HP Percentage Mod: HP is shown in percentages
|rule|Endless Battle Clause: Forcing endless battles is banned
|rule|Species Clause: Limit one of each Pokémon
|rule|OHKO Clause: OHKO moves are banned
|rule|Evasion Items Clause: Evasion items are banned
|rule|Evasion Moves Clause: Evasion moves are banned
|rule|Evasion Abilities Clause: Evasion abilities are banned
|rule|Sleep Moves Clause: Sleep-inducing moves are banned
|clearpoke
|poke|p1|Torterra, M|
|poke|p1|Slowking, F|
|poke|p1|Skeledirge, F|
|poke|p1|Kingambit, F|
|poke|p1|Kyurem|
|poke|p1|Great Tusk|
|poke|p2|Arcanine-Hisui, F|
|poke|p2|Great Tusk|
|poke|p2|Ogerpon-Wellspring, F|
|poke|p2|Kingambit, F|
|poke|p2|Dragapult, F|
|poke|p2|Hatterene, F|
|teampreview
|inactive|Battle timer is ON: inactive players will automatically lose when time's up. (requested by metakni)
|inactive|metakni has 120 seconds left.
|
|t:|1760821450
|teamsize|p1|6
|teamsize|p2|6
|start
|switch|p1a: Hiver|Kyurem, shiny|100/100
|switch|p2a: Dragapult|Dragapult, F|100/100
|-ability|p1a: Hiver|Pressure
|turn|1
|inactive|metakni has 120 seconds left.
|inactive|metakni has 90 seconds left.
|inactive|metakni has 60 seconds left.
|
|t:|1760821543
|switch|p1a: Céline|Skeledirge, F|100/100
|move|p2a: Dragapult|Draco Meteor|p1a: Céline
|-damage|p1a: Céline|12/100
|-unboost|p2a: Dragapult|spa|2
|
|upkeep
|turn|2
|
|t:|1760821552
|switch|p1a: Baie St-Paul|Slowking, F|100/100
|move|p2a: Dragapult|Draco Meteor|p1a: Baie St-Paul
|-damage|p1a: Baie St-Paul|77/100
|-unboost|p2a: Dragapult|spa|2
|
|-heal|p1a: Baie St-Paul|83/100|[from] item: Leftovers
|upkeep
|turn|3
|
|t:|1760821563
|switch|p2a: Ogerpon|Ogerpon-Wellspring, F|100/100
|-prepare|p1a: Baie St-Paul|Chilly Reception|[premajor]
|move|p1a: Baie St-Paul|Chilly Reception|p1a: Baie St-Paul
|-weather|Snowscape
|
|t:|1760821573
|switch|p1a: Hiver|Kyurem, shiny|100/100|[from] Chilly Reception
|-ability|p1a: Hiver|Pressure
|
|-weather|Snowscape|[upkeep]
|upkeep
|turn|4
|
|t:|1760821583
|move|p2a: Ogerpon|U-turn|p1a: Hiver
|-damage|p1a: Hiver|83/100
|
|t:|1760821589
|switch|p2a: Arcanine|Arcanine-Hisui, F|100/100|[from] U-turn
|move|p1a: Hiver|Earth Power|p2a: Arcanine
|-supereffective|p2a: Arcanine
|-damage|p2a: Arcanine|0 fnt
|faint|p2a: Arcanine
|
|-weather|Snowscape|[upkeep]
|upkeep
|
|t:|1760821592
|switch|p2a: Dragapult|Dragapult, F|100/100
|turn|5
|
|t:|1760821600
|switch|p1a: Baie St-Paul|Slowking, F|100/100
|-terastallize|p2a: Dragapult|Dragon
|move|p2a: Dragapult|Draco Meteor|p1a: Baie St-Paul
|-damage|p1a: Baie St-Paul|38/100
|-unboost|p2a: Dragapult|spa|2
|
|-weather|Snowscape|[upkeep]
|-heal|p1a: Baie St-Paul|44/100|[from] item: Leftovers
|upkeep
|turn|6
|inactive|metakni has 90 seconds left.
|
|t:|1760821619
|switch|p2a: Ogerpon|Ogerpon-Wellspring, F|100/100
|switch|p1a: Céline|Skeledirge, F|12/100
|
|-weather|Snowscape|[upkeep]
|upkeep
|turn|7
|
|t:|1760821626
|move|p2a: Ogerpon|Knock Off|p1a: Céline
|-supereffective|p1a: Céline
|-damage|p1a: Céline|0 fnt
|-enditem|p1a: Céline|Heavy-Duty Boots|[from] move: Knock Off|[of] p2a: Ogerpon
|faint|p1a: Céline
|
|-weather|none
|upkeep
|
|t:|1760821631
|switch|p1a: Hiver|Kyurem, shiny|83/100
|-ability|p1a: Hiver|Pressure
|turn|8
|
|t:|1760821635
|move|p2a: Ogerpon|U-turn|p1a: Hiver
|-damage|p1a: Hiver|54/100
|
|t:|1760821637
|switch|p2a: Hatterene|Hatterene, F|100/100|[from] U-turn
|move|p1a: Hiver|Freeze-Dry|p2a: Hatterene
|-damage|p2a: Hatterene|65/100
|
|upkeep
|turn|9
|
|t:|1760821651
|switch|p1a: Benjamin|Torterra, M|100/100
|move|p2a: Hatterene|Draining Kiss|p1a: Benjamin
|-damage|p1a: Benjamin|69/100
|-heal|p2a: Hatterene|89/100|[from] drain|[of] p1a: Benjamin
|
|upkeep
|turn|10
|
|t:|1760821684
|move|p1a: Benjamin|Bullet Seed|p2a: Hatterene
|-damage|p2a: Hatterene|75/100
|-damage|p2a: Hatterene|62/100
|-damage|p2a: Hatterene|46/100
|-crit|p2a: Hatterene
|-damage|p2a: Hatterene|23/100
|-hitcount|p2a: Hatterene|4
|move|p2a: Hatterene|Psyshock|p1a: Benjamin
|-damage|p1a: Benjamin|27/100
|
|upkeep
|turn|11
|
|t:|1760821695
|switch|p2a: Dragapult|Dragapult, F, tera:Dragon|100/100
|move|p1a: Benjamin|Headlong Rush|p2a: Dragapult
|-damage|p2a: Dragapult|11/100
|-unboost|p1a: Benjamin|def|1
|-unboost|p1a: Benjamin|spd|1
|
|upkeep
|turn|12
|
|t:|1760821706
|switch|p1a: Baie St-Paul|Slowking, F|77/100
|move|p2a: Dragapult|Shadow Ball|p1a: Baie St-Paul
|-supereffective|p1a: Baie St-Paul
|-damage|p1a: Baie St-Paul|16/100
|
|-heal|p1a: Baie St-Paul|22/100|[from] item: Leftovers
|upkeep
|turn|13
|
|t:|1760821714
|switch|p1a: Roi du gambit|Kingambit, F|100/100
|-activate|p1a: Roi du gambit|ability: Supreme Overlord
|-start|p1a: Roi du gambit|fallen1|[silent]
|move|p2a: Dragapult|Shadow Ball|p1a: Roi du gambit
|-resisted|p1a: Roi du gambit
|-damage|p1a: Roi du gambit|75/100
|-unboost|p1a: Roi du gambit|spd|1
|
|-heal|p1a: Roi du gambit|81/100|[from] item: Leftovers
|upkeep
|turn|14
|
|t:|1760821731
|switch|p2a: Great Tusk|Great Tusk|100/100
|move|p1a: Roi du gambit|Sucker Punch||[still]
|-fail|p1a: Roi du gambit
|
|-heal|p1a: Roi du gambit|87/100|[from] item: Leftovers
|upkeep
|turn|15
|
|t:|1760821742
|-end|p1a: Roi du gambit|fallen1|[silent]
|switch|p1a: Sébastien CoRhino|Great Tusk|100/100
|move|p2a: Great Tusk|Stealth Rock|p1a: Sébastien CoRhino
|-sidestart|p1: metakni|move: Stealth Rock
|
|upkeep
|turn|16
|
|t:|1760821748
|-end|p2a: Great Tusk|Protosynthesis|[silent]
|switch|p2a: Ogerpon|Ogerpon-Wellspring, F|100/100
|move|p1a: Sébastien CoRhino|Knock Off|p2a: Ogerpon
|-damage|p2a: Ogerpon|71/100
|
|upkeep
|turn|17
|inactive|metakni has 120 seconds left.
|
|t:|1760821762
|move|p2a: Ogerpon|Knock Off|p1a: Sébastien CoRhino
|-resisted|p1a: Sébastien CoRhino
|-damage|p1a: Sébastien CoRhino|86/100
|-enditem|p1a: Sébastien CoRhino|Heavy-Duty Boots|[from] move: Knock Off|[of] p2a: Ogerpon
|move|p1a: Sébastien CoRhino|Rapid Spin|p2a: Ogerpon
|-damage|p2a: Ogerpon|49/100
|-boost|p1a: Sébastien CoRhino|spe|1
|-sideend|p1: metakni|Stealth Rock|[from] move: Rapid Spin|[of] p1a: Sébastien CoRhino
|
|upkeep
|turn|18
|inactive|metakni has 120 seconds left.
|
|t:|1760821772
|move|p1a: Sébastien CoRhino|Headlong Rush|p2a: Ogerpon
|-resisted|p2a: Ogerpon
|-damage|p2a: Ogerpon|9/100
|-unboost|p1a: Sébastien CoRhino|def|1
|-unboost|p1a: Sébastien CoRhino|spd|1
|move|p2a: Ogerpon|Ivy Cudgel|p1a: Sébastien CoRhino|[anim] Ivy Cudgel Water
|-supereffective|p1a: Sébastien CoRhino
|-damage|p1a: Sébastien CoRhino|0 fnt
|faint|p1a: Sébastien CoRhino
|-end|p1a: Sébastien CoRhino|Protosynthesis|[silent]
|
|upkeep
|inactive|metakni has 120 seconds left.
|
|t:|1760821783
|switch|p1a: Roi du gambit|Kingambit, F|87/100
|-activate|p1a: Roi du gambit|ability: Supreme Overlord
|-start|p1a: Roi du gambit|fallen2|[silent]
|turn|19
|inactive|metakni has 120 seconds left.
|
|t:|1760821789
|switch|p2a: Great Tusk|Great Tusk|100/100
|move|p1a: Roi du gambit|Swords Dance|p1a: Roi du gambit
|-boost|p1a: Roi du gambit|atk|2
|
|-heal|p1a: Roi du gambit|93/100|[from] item: Leftovers
|upkeep
|turn|20
|inactive|metakni has 120 seconds left.
|
|t:|1760821807
|-terastallize|p1a: Roi du gambit|Flying
|move|p2a: Great Tusk|Headlong Rush|p1a: Roi du gambit
|-immune|p1a: Roi du gambit
|move|p1a: Roi du gambit|Swords Dance|p1a: Roi du gambit
|-boost|p1a: Roi du gambit|atk|2
|
|-heal|p1a: Roi du gambit|99/100|[from] item: Leftovers
|upkeep
|turn|21
|inactive|metakni has 120 seconds left.
|
|t:|1760821819
|move|p2a: Great Tusk|Ice Spinner|p1a: Roi du gambit
|-supereffective|p1a: Roi du gambit
|-damage|p1a: Roi du gambit|60/100
|move|p1a: Roi du gambit|Low Kick|p2a: Great Tusk
|-damage|p2a: Great Tusk|0 fnt
|faint|p2a: Great Tusk
|-end|p2a: Great Tusk|Protosynthesis|[silent]
|
|-heal|p1a: Roi du gambit|66/100|[from] item: Leftovers
|upkeep
|
|t:|1760821831
|switch|p2a: Kingambit|Kingambit, F|100/100
|-activate|p2a: Kingambit|ability: Supreme Overlord
|-start|p2a: Kingambit|fallen2|[silent]
|-item|p2a: Kingambit|Air Balloon
|turn|22
|
|t:|1760821840
|move|p2a: Kingambit|Sucker Punch|p1a: Roi du gambit
|-damage|p1a: Roi du gambit|32/100
|move|p1a: Roi du gambit|Low Kick|p2a: Kingambit
|-supereffective|p2a: Kingambit
|-damage|p2a: Kingambit|0 fnt
|-enditem|p2a: Kingambit|Air Balloon
|faint|p2a: Kingambit
|-end|p2a: Kingambit|fallen2|[silent]
|
|-heal|p1a: Roi du gambit|39/100|[from] item: Leftovers
|upkeep
|
|t:|1760821846
|switch|p2a: Ogerpon|Ogerpon-Wellspring, F|9/100
|turn|23
|
|t:|1760821853
|move|p1a: Roi du gambit|Sucker Punch||[still]
|-fail|p1a: Roi du gambit
|move|p2a: Ogerpon|Spikes|p1a: Roi du gambit
|-sidestart|p1: metakni|Spikes
|
|-heal|p1a: Roi du gambit|45/100|[from] item: Leftovers
|upkeep
|turn|24
|
|t:|1760821861
|move|p1a: Roi du gambit|Sucker Punch||[still]
|-fail|p1a: Roi du gambit
|move|p2a: Ogerpon|Spikes|p1a: Roi du gambit
|-sidestart|p1: metakni|Spikes
|
|-heal|p1a: Roi du gambit|51/100|[from] item: Leftovers
|upkeep
|turn|25
|
|t:|1760821864
|move|p1a: Roi du gambit|Sucker Punch|p2a: Ogerpon
|-crit|p2a: Ogerpon
|-damage|p2a: Ogerpon|0 fnt
|faint|p2a: Ogerpon
|
|-heal|p1a: Roi du gambit|57/100|[from] item: Leftovers
|upkeep
|
|t:|1760821867
|switch|p2a: Dragapult|Dragapult, F, tera:Dragon|11/100
|turn|26
|
|t:|1760821872
|switch|p2a: Hatterene|Hatterene, F|23/100
|move|p1a: Roi du gambit|Sucker Punch||[still]
|-fail|p1a: Roi du gambit
|
|-heal|p1a: Roi du gambit|63/100|[from] item: Leftovers
|upkeep
|turn|27
|
|t:|1760821882
|move|p1a: Roi du gambit|Kowtow Cleave|p2a: Hatterene
|-damage|p2a: Hatterene|0 fnt
|faint|p2a: Hatterene
|
|-heal|p1a: Roi du gambit|70/100|[from] item: Leftovers
|upkeep
|
|t:|1760821884
|switch|p2a: Dragapult|Dragapult, F, tera:Dragon|11/100
|turn|28
|c|☆metakni|gg
|
|t:|1760821890
|move|p1a: Roi du gambit|Sucker Punch|p2a: Dragapult
|-damage|p2a: Dragapult|0 fnt
|faint|p2a: Dragapult
|
|win|metakni
|raw|metakni's rating: 1451 &rarr; <strong>1473</strong><br />(+22 for winning)
|raw|Escavalier Esquire's rating: 1480 &rarr; <strong>1458</strong><br />(-22 for losing)
|l|☆Escavalier Esquire
|player|p2|
|l|☆metakni
|player|p1|
