|j|☆yesterdaymister
|j|☆doulos
|t:|1760885006
|gametype|singles
|player|p1|yesterdaymister|striker|1630
|player|p2|doulos|yellow|1683
|gen|9
|tier|[Gen 9] OU
|rated|
|rule|HP Percentage Mod: HP is shown in percentages
|rule|Endless Battle Clause: Forcing endless battles is banned
|rule|Species Clause: Limit one of each Pokémon
|rule|OHKO Clause: OHKO moves are banned
|rule|Evasion Items Clause: Evasion items are banned
|rule|Evasion Moves Clause: Evasion moves are banned
|rule|Evasion Abilities Clause: Evasion abilities are banned
|rule|Sleep Moves Clause: Sleep-inducing moves are banned
|clearpoke
|poke|p1|Ninetales, M|
|poke|p1|Ceruledge, F|
|poke|p1|Venusaur, M|
|poke|p1|Hatterene, F|
|poke|p1|Great Tusk|
|poke|p1|Walking Wake|
|poke|p2|Iron Valiant|
|poke|p2|Dragapult, F|
|poke|p2|Glimmora, F|
|poke|p2|Ogerpon-Wellspring, F|
|poke|p2|Landorus-Therian, M|
|poke|p2|Kingambit, F|
|teampreview
|inactive|Battle timer is ON: inactive players will automatically lose when time's up. (requested by yesterdaymister)
|
|t:|1760885011
|teamsize|p1|6
|teamsize|p2|6
|start
|switch|p1a: arda guler|Ninetales, M|100/100
|switch|p2a: Glimmora|Glimmora, F|100/100
|-weather|SunnyDay|[from] ability: Drought|[of] p1a: arda guler
|turn|1
|
|t:|1760885014
|switch|p1a: mignolet|Great Tusk|100/100
|-activate|p1a: mignolet|ability: Protosynthesis
|-start|p1a: mignolet|protosynthesisspe
|move|p2a: Glimmora|Meteor Beam||[still]
|-prepare|p2a: Glimmora|Meteor Beam
|-boost|p2a: Glimmora|spa|1
|-enditem|p2a: Glimmora|Power Herb
|-anim|p2a: Glimmora|Meteor Beam|p1a: mignolet
|-resisted|p1a: mignolet
|-damage|p1a: mignolet|71/100
|
|-weather|SunnyDay|[upkeep]
|upkeep
|turn|2
|inactive|doulos has 120 seconds left.
|
|t:|1760885047
|move|p1a: mignolet|Stealth Rock|p2a: Glimmora
|-sidestart|p2: doulos|move: Stealth Rock
|move|p2a: Glimmora|Mortal Spin|p1a: mignolet
|-resisted|p1a: mignolet
|-damage|p1a: mignolet|69/100
|-status|p1a: mignolet|psn
|-damage|p2a: Glimmora|84/100|[from] item: Rocky Helmet|[of] p1a: mignolet
|-sideend|p2: doulos|Stealth Rock|[from] move: Mortal Spin|[of] p2a: Glimmora
|
|-weather|SunnyDay|[upkeep]
|-damage|p1a: mignolet|57/100 psn|[from] psn
|upkeep
|turn|3
|inactive|doulos has 120 seconds left.
|
|t:|1760885062
|move|p1a: mignolet|Headlong Rush|p2a: Glimmora
|-supereffective|p2a: Glimmora
|-damage|p2a: Glimmora|0 fnt
|-unboost|p1a: mignolet|def|1
|-unboost|p1a: mignolet|spd|1
|-activate|p2a: Glimmora|ability: Toxic Debris
|-sidestart|p1: yesterdaymister|move: Toxic Spikes
|faint|p2a: Glimmora
|
|-weather|SunnyDay|[upkeep]
|-damage|p1a: mignolet|45/100 psn|[from] psn
|upkeep
|
|t:|1760885086
|switch|p2a: Dragapult|Dragapult, F|100/100
|turn|4
|
|t:|1760885100
|-end|p1a: mignolet|Protosynthesis|[silent]
|switch|p1a: maccabi|Hatterene, F|100/100
|-status|p1a: maccabi|psn
|move|p2a: Dragapult|Shadow Ball|p1a: maccabi
|-supereffective|p1a: maccabi
|-damage|p1a: maccabi|0 fnt
|faint|p1a: maccabi
|
|-weather|SunnyDay|[upkeep]
|upkeep
|
|t:|1760885102
|switch|p1a: hans vanaken|Venusaur, M|100/100
|-sideend|p1: yesterdaymister|move: Toxic Spikes|[of] p1a: hans vanaken
|turn|5
|
|t:|1760885119
|move|p1a: hans vanaken|Growth|p1a: hans vanaken
|-boost|p1a: hans vanaken|atk|2
|-boost|p1a: hans vanaken|spa|2
|move|p2a: Dragapult|Shadow Ball|p1a: hans vanaken
|-damage|p1a: hans vanaken|40/100
|
|-weather|SunnyDay|[upkeep]
|upkeep
|turn|6
|inactive|doulos has 120 seconds left.
|
|t:|1760885129
|-terastallize|p1a: hans vanaken|Fire
|move|p1a: hans vanaken|Weather Ball|p2a: Dragapult
|-resisted|p2a: Dragapult
|-damage|p2a: Dragapult|0 fnt
|faint|p2a: Dragapult
|-damage|p1a: hans vanaken|30/100|[from] item: Life Orb
|
|-weather|SunnyDay|[upkeep]
|upkeep
|
|t:|1760885139
|switch|p2a: Kingambit|Kingambit, F|100/100
|-activate|p2a: Kingambit|ability: Supreme Overlord
|-start|p2a: Kingambit|fallen2|[silent]
|turn|7
|
|t:|1760885145
|switch|p1a: mignolet|Great Tusk|45/100 psn
|-activate|p1a: mignolet|ability: Protosynthesis
|-start|p1a: mignolet|protosynthesisspe
|move|p2a: Kingambit|Sucker Punch||[still]
|-fail|p2a: Kingambit
|
|-weather|SunnyDay|[upkeep]
|-damage|p1a: mignolet|32/100 psn|[from] psn
|upkeep
|turn|8
|
|t:|1760885150
|-end|p2a: Kingambit|fallen2|[silent]
|switch|p2a: Landorus|Landorus-Therian, M|100/100
|-ability|p2a: Landorus|Intimidate|boost
|-unboost|p1a: mignolet|atk|1
|move|p1a: mignolet|Stealth Rock|p2a: Landorus
|-sidestart|p2: doulos|move: Stealth Rock
|
|-weather|none
|-end|p1a: mignolet|Protosynthesis
|-damage|p1a: mignolet|20/100 psn|[from] psn
|upkeep
|turn|9
|
|t:|1760885162
|move|p2a: Landorus|Stealth Rock|p1a: mignolet
|-sidestart|p1: yesterdaymister|move: Stealth Rock
|move|p1a: mignolet|Ice Spinner|p2a: Landorus
|-supereffective|p2a: Landorus
|-damage|p2a: Landorus|39/100
|-damage|p1a: mignolet|3/100 psn|[from] item: Rocky Helmet|[of] p2a: Landorus
|
|-damage|p1a: mignolet|0 fnt|[from] psn
|faint|p1a: mignolet
|-end|p1a: mignolet|Protosynthesis|[silent]
|upkeep
|
|t:|1760885178
|switch|p1a: arda guler|Ninetales, M|100/100
|-damage|p1a: arda guler|76/100|[from] Stealth Rock
|-weather|SunnyDay|[from] ability: Drought|[of] p1a: arda guler
|turn|10
|
|t:|1760885188
|move|p1a: arda guler|Flamethrower|p2a: Landorus
|-damage|p2a: Landorus|0 fnt
|faint|p2a: Landorus
|
|-weather|SunnyDay|[upkeep]
|upkeep
|
|t:|1760885197
|switch|p2a: Ogerpon|Ogerpon-Wellspring, F|100/100
|-damage|p2a: Ogerpon|88/100|[from] Stealth Rock
|turn|11
|j| wgw2333
|inactive|yesterdaymister has 120 seconds left.
|inactive|doulos has 120 seconds left.
|j| niklor2
|
|t:|1760885245
|switch|p1a: chama|Walking Wake|100/100
|-damage|p1a: chama|88/100|[from] Stealth Rock
|-activate|p1a: chama|ability: Protosynthesis
|-start|p1a: chama|protosynthesisspa
|-terastallize|p2a: Ogerpon|Water
|detailschange|p2a: Ogerpon|Ogerpon-Wellspring-Tera, F, tera:Water
|-ability|p2a: Ogerpon|Embody Aspect (Wellspring)|boost
|-boost|p2a: Ogerpon|spd|1
|move|p2a: Ogerpon|Ivy Cudgel|p1a: chama|[anim] Ivy Cudgel Water
|-resisted|p1a: chama
|-crit|p1a: chama
|-damage|p1a: chama|73/100
|
|-weather|SunnyDay|[upkeep]
|upkeep
|turn|12
|inactive|yesterdaymister has 120 seconds left.
|
|t:|1760885262
|move|p2a: Ogerpon|Horn Leech|p1a: chama
|-damage|p1a: chama|22/100
|-heal|p2a: Ogerpon|100/100|[from] drain|[of] p1a: chama
|move|p1a: chama|Draco Meteor|p2a: Ogerpon
|-damage|p2a: Ogerpon|0 fnt
|-unboost|p1a: chama|spa|2
|faint|p2a: Ogerpon
|detailschange|p2: Ogerpon|Ogerpon-Wellspring, F|[silent]
|
|-weather|SunnyDay|[upkeep]
|upkeep
|
|t:|1760885275
|switch|p2a: Iron Valiant|Iron Valiant|100/100
|-damage|p2a: Iron Valiant|94/100|[from] Stealth Rock
|-enditem|p2a: Iron Valiant|Booster Energy
|-activate|p2a: Iron Valiant|ability: Quark Drive|[fromitem]
|-start|p2a: Iron Valiant|quarkdrivespe
|turn|13
|inactive|yesterdaymister has 120 seconds left.
|
|t:|1760885287
|move|p2a: Iron Valiant|Knock Off|p1a: chama
|-damage|p1a: chama|0 fnt
|-enditem|p1a: chama|Choice Specs|[from] move: Knock Off|[of] p2a: Iron Valiant
|faint|p1a: chama
|-end|p1a: chama|Protosynthesis|[silent]
|
|-weather|SunnyDay|[upkeep]
|upkeep
|inactive|yesterdaymister has 120 seconds left.
|
|t:|1760885301
|switch|p1a: arda guler|Ninetales, M|76/100
|-damage|p1a: arda guler|51/100|[from] Stealth Rock
|turn|14
|
|t:|1760885304
|move|p2a: Iron Valiant|Knock Off|p1a: arda guler
|-damage|p1a: arda guler|9/100
|-enditem|p1a: arda guler|Heat Rock|[from] move: Knock Off|[of] p2a: Iron Valiant
|move|p1a: arda guler|Healing Wish|p1a: arda guler
|faint|p1a: arda guler
|
|-weather|SunnyDay|[upkeep]
|upkeep
|inactive|yesterdaymister has 120 seconds left.
|
|t:|1760885315
|switch|p1a: hans vanaken|Venusaur, M, tera:Fire|30/100
|-heal|p1a: hans vanaken|100/100|[from] move: Healing Wish
|-damage|p1a: hans vanaken|76/100|[from] Stealth Rock
|turn|15
|
|t:|1760885320
|move|p2a: Iron Valiant|Encore||[still]
|-fail|p2a: Iron Valiant
|move|p1a: hans vanaken|Weather Ball|p2a: Iron Valiant
|-damage|p2a: Iron Valiant|0 fnt
|faint|p2a: Iron Valiant
|-end|p2a: Iron Valiant|Quark Drive|[silent]
|-damage|p1a: hans vanaken|66/100|[from] item: Life Orb
|
|-weather|SunnyDay|[upkeep]
|upkeep
|
|t:|1760885322
|switch|p2a: Kingambit|Kingambit, F|100/100
|-damage|p2a: Kingambit|94/100|[from] Stealth Rock
|-activate|p2a: Kingambit|ability: Supreme Overlord
|-start|p2a: Kingambit|fallen5|[silent]
|turn|16
|
|t:|1760885329
|move|p2a: Kingambit|Sucker Punch||[still]
|-fail|p2a: Kingambit
|move|p1a: hans vanaken|Growth|p1a: hans vanaken
|-boost|p1a: hans vanaken|atk|2
|-boost|p1a: hans vanaken|spa|2
|
|-weather|SunnyDay|[upkeep]
|-heal|p2a: Kingambit|100/100|[from] item: Leftovers
|upkeep
|turn|17
|
|t:|1760885334
|move|p2a: Kingambit|Sucker Punch||[still]
|-fail|p2a: Kingambit
|move|p1a: hans vanaken|Growth|p1a: hans vanaken
|-boost|p1a: hans vanaken|atk|2
|-boost|p1a: hans vanaken|spa|2
|
|-weather|none
|upkeep
|turn|18
|
|t:|1760885336
|move|p2a: Kingambit|Sucker Punch||[still]
|-fail|p2a: Kingambit
|move|p1a: hans vanaken|Growth|p1a: hans vanaken
|-boost|p1a: hans vanaken|atk|1
|-boost|p1a: hans vanaken|spa|1
|
|upkeep
|turn|19
|
|t:|1760885339
|move|p2a: Kingambit|Sucker Punch|p1a: hans vanaken
|-damage|p1a: hans vanaken|0 fnt
|faint|p1a: hans vanaken
|
|upkeep
|
|t:|1760885344
|switch|p1a: lebron|Ceruledge, F|100/100
|-damage|p1a: lebron|76/100|[from] Stealth Rock
|turn|20
|
|t:|1760885348
|move|p1a: lebron|Bitter Blade|p2a: Kingambit
|-supereffective|p2a: Kingambit
|-damage|p2a: Kingambit|33/100
|-heal|p1a: lebron|100/100|[from] drain|[of] p2a: Kingambit
|move|p2a: Kingambit|Kowtow Cleave|p1a: lebron
|-supereffective|p1a: lebron
|-enditem|p1a: lebron|Focus Sash
|-damage|p1a: lebron|1/100
|-ability|p1a: lebron|Weak Armor|boost
|-unboost|p1a: lebron|def|1
|-boost|p1a: lebron|spe|2
|
|-heal|p2a: Kingambit|39/100|[from] item: Leftovers
|upkeep
|turn|21
|
|t:|1760885355
|move|p1a: lebron|Swords Dance|p1a: lebron
|-boost|p1a: lebron|atk|2
|move|p2a: Kingambit|Kowtow Cleave|p1a: lebron
|-supereffective|p1a: lebron
|-damage|p1a: lebron|0 fnt
|faint|p1a: lebron
|
|win|doulos
|raw|yesterdaymister's rating: 1630 &rarr; <strong>1613</strong><br />(-17 for losing)
|raw|doulos's rating: 1683 &rarr; <strong>1700</strong><br />(+17 for winning)
|l|☆yesterdaymister
|player|p1|
