|j|☆PekPicPek
|j|☆Megumin's Husband
|t:|1760818287
|gametype|singles
|player|p1|PekPicPek|chuck|1732
|player|p2|Megumin's Husband|alder|1710
|gen|9
|tier|[Gen 9] OU
|rated|
|rule|HP Percentage Mod: HP is shown in percentages
|rule|Endless Battle Clause: Forcing endless battles is banned
|rule|Species Clause: Limit one of each Pokémon
|rule|OHKO Clause: OHKO moves are banned
|rule|Evasion Items Clause: Evasion items are banned
|rule|Evasion Moves Clause: Evasion moves are banned
|rule|Evasion Abilities Clause: Evasion abilities are banned
|rule|Sleep Moves Clause: Sleep-inducing moves are banned
|clearpoke
|poke|p1|Dragapult, F|
|poke|p1|Great Tusk|
|poke|p1|Moltres|
|poke|p1|Azumarill, F|
|poke|p1|Kingambit, M|
|poke|p1|Klawf, F|
|poke|p2|Pecharunt|
|poke|p2|Primarina, F|
|poke|p2|Heatran, F|
|poke|p2|Great Tusk|
|poke|p2|Weavile, F|
|poke|p2|Ogerpon, F|
|teampreview
|
|t:|1760818324
|teamsize|p1|6
|teamsize|p2|6
|start
|switch|p1a: Wyatt|Klawf, F|100/100
|switch|p2a: Yamawaro|Ogerpon, F|100/100
|turn|1
|
|t:|1760818333
|move|p2a: Yamawaro|Ivy Cudgel|p1a: Wyatt
|-supereffective|p1a: Wyatt
|-enditem|p1a: Wyatt|Focus Sash
|-damage|p1a: Wyatt|1/100
|-ability|p1a: Wyatt|Anger Shell|boost
|-boost|p1a: Wyatt|atk|1
|-boost|p1a: Wyatt|spa|1
|-boost|p1a: Wyatt|spe|1
|-unboost|p1a: Wyatt|def|1
|-unboost|p1a: Wyatt|spd|1
|move|p1a: Wyatt|Rock Blast|p2a: Yamawaro
|-damage|p2a: Yamawaro|77/100
|-damage|p2a: Yamawaro|57/100
|-damage|p2a: Yamawaro|35/100
|-hitcount|p2a: Yamawaro|3
|
|upkeep
|turn|2
|
|t:|1760818371
|-terastallize|p2a: Yamawaro|Grass
|detailschange|p2a: Yamawaro|Ogerpon-Teal-Tera, F, tera:Grass
|-ability|p2a: Yamawaro|Embody Aspect (Teal)|boost
|-boost|p2a: Yamawaro|spe|1
|move|p2a: Yamawaro|Ivy Cudgel|p1a: Wyatt
|-supereffective|p1a: Wyatt
|-crit|p1a: Wyatt
|-damage|p1a: Wyatt|0 fnt
|faint|p1a: Wyatt
|
|upkeep
|
|t:|1760818385
|switch|p1a: Emily|Moltres|100/100
|turn|3
|
|t:|1760818414
|switch|p2a: Stacy|Primarina, F|100/100
|switch|p1a: Its U-turn|Dragapult, F, shiny|100/100
|
|upkeep
|turn|4
|
|t:|1760818424
|move|p1a: Its U-turn|U-turn|p2a: Stacy
|-resisted|p2a: Stacy
|-damage|p2a: Stacy|90/100
|
|t:|1760818427
|switch|p1a: Lucia|Azumarill, F|100/100|[from] U-turn
|move|p2a: Stacy|Flip Turn|p1a: Lucia
|-resisted|p1a: Lucia
|-damage|p1a: Lucia|93/100
|
|t:|1760818432
|switch|p2a: Froag|Pecharunt|100/100|[from] Flip Turn
|
|upkeep
|turn|5
|
|t:|1760818438
|switch|p1a: Its U-turn|Dragapult, F, shiny|100/100
|move|p2a: Froag|Parting Shot|p1a: Its U-turn
|-unboost|p1a: Its U-turn|atk|1
|-unboost|p1a: Its U-turn|spa|1
|
|t:|1760818441
|switch|p2a: Yamawaro|Ogerpon-Teal-Tera, F, tera:Grass|35/100|[from] Parting Shot
|-ability|p2a: Yamawaro|Embody Aspect (Teal)|boost
|-boost|p2a: Yamawaro|spe|1
|
|upkeep
|turn|6
|
|t:|1760818443
|switch|p1a: Emily|Moltres|100/100
|move|p2a: Yamawaro|Knock Off|p1a: Emily
|-damage|p1a: Emily|64/100
|-enditem|p1a: Emily|Heavy-Duty Boots|[from] move: Knock Off|[of] p2a: Yamawaro
|
|upkeep
|turn|7
|
|t:|1760818460
|switch|p2a: Stacy|Primarina, F|90/100
|switch|p1a: Mr T|Great Tusk|100/100
|-enditem|p1a: Mr T|Booster Energy
|-activate|p1a: Mr T|ability: Protosynthesis|[fromitem]
|-start|p1a: Mr T|protosynthesisatk
|
|upkeep
|turn|8
|
|t:|1760818467
|move|p1a: Mr T|Headlong Rush|p2a: Stacy
|-damage|p2a: Stacy|0 fnt
|-unboost|p1a: Mr T|def|1
|-unboost|p1a: Mr T|spd|1
|faint|p2a: Stacy
|
|upkeep
|
|t:|1760818474
|switch|p2a: Yamawaro|Ogerpon-Teal-Tera, F, tera:Grass|35/100
|-ability|p2a: Yamawaro|Embody Aspect (Teal)|boost
|-boost|p2a: Yamawaro|spe|1
|turn|9
|
|t:|1760818479
|switch|p2a: Dolores|Heatran, F, shiny|100/100
|-item|p2a: Dolores|Air Balloon
|-end|p1a: Mr T|Protosynthesis|[silent]
|switch|p1a: Emily|Moltres|64/100
|
|upkeep
|turn|10
|
|t:|1760818481
|switch|p1a: Mr T|Great Tusk|100/100
|move|p2a: Dolores|Stealth Rock|p1a: Mr T
|-sidestart|p1: PekPicPek|move: Stealth Rock
|
|upkeep
|turn|11
|
|t:|1760818491
|move|p1a: Mr T|Headlong Rush|p2a: Dolores
|-immune|p2a: Dolores
|move|p2a: Dolores|Lava Plume|p1a: Mr T
|-damage|p1a: Mr T|51/100
|-status|p1a: Mr T|brn
|
|-damage|p1a: Mr T|45/100 brn|[from] brn
|upkeep
|turn|12
|
|t:|1760818494
|move|p1a: Mr T|Close Combat|p2a: Dolores
|-supereffective|p2a: Dolores
|-damage|p2a: Dolores|45/100
|-unboost|p1a: Mr T|def|1
|-unboost|p1a: Mr T|spd|1
|-enditem|p2a: Dolores|Air Balloon
|move|p2a: Dolores|Lava Plume|p1a: Mr T
|-damage|p1a: Mr T|0 fnt
|faint|p1a: Mr T
|-end|p1a: Mr T|Protosynthesis|[silent]
|
|upkeep
|
|t:|1760818498
|switch|p1a: Mr Bushido|Kingambit, M|100/100
|-damage|p1a: Mr Bushido|94/100|[from] Stealth Rock
|-activate|p1a: Mr Bushido|ability: Supreme Overlord
|-start|p1a: Mr Bushido|fallen2|[silent]
|turn|13
|
|t:|1760818503
|-end|p1a: Mr Bushido|fallen2|[silent]
|switch|p1a: Its U-turn|Dragapult, F, shiny|100/100
|-damage|p1a: Its U-turn|88/100|[from] Stealth Rock
|move|p2a: Dolores|Lava Plume|p1a: Its U-turn
|-resisted|p1a: Its U-turn
|-damage|p1a: Its U-turn|65/100
|-status|p1a: Its U-turn|brn
|
|-damage|p1a: Its U-turn|59/100 brn|[from] brn
|upkeep
|turn|14
|
|t:|1760818508
|move|p1a: Its U-turn|Shadow Ball|p2a: Dolores
|-damage|p2a: Dolores|14/100
|move|p2a: Dolores|Lava Plume|p1a: Its U-turn
|-resisted|p1a: Its U-turn
|-damage|p1a: Its U-turn|34/100 brn
|
|-damage|p1a: Its U-turn|28/100 brn|[from] brn
|upkeep
|turn|15
|
|t:|1760818514
|move|p1a: Its U-turn|Shadow Ball|p2a: Dolores
|-damage|p2a: Dolores|0 fnt
|faint|p2a: Dolores
|
|-damage|p1a: Its U-turn|22/100 brn|[from] brn
|upkeep
|
|t:|1760818515
|switch|p2a: Yamawaro|Ogerpon-Teal-Tera, F, tera:Grass|35/100
|-ability|p2a: Yamawaro|Embody Aspect (Teal)|boost
|-boost|p2a: Yamawaro|spe|1
|turn|16
|
|t:|1760818523
|move|p2a: Yamawaro|Ivy Cudgel|p1a: Its U-turn
|-resisted|p1a: Its U-turn
|-damage|p1a: Its U-turn|0 fnt
|faint|p1a: Its U-turn
|
|upkeep
|
|t:|1760818526
|switch|p1a: Mr Bushido|Kingambit, M|94/100
|-damage|p1a: Mr Bushido|88/100|[from] Stealth Rock
|-activate|p1a: Mr Bushido|ability: Supreme Overlord
|-start|p1a: Mr Bushido|fallen3|[silent]
|turn|17
|
|t:|1760818538
|move|p1a: Mr Bushido|Sucker Punch|p2a: Yamawaro
|-damage|p2a: Yamawaro|0 fnt
|faint|p2a: Yamawaro
|detailschange|p2: Yamawaro|Ogerpon, F|[silent]
|
|upkeep
|
|t:|1760818542
|switch|p2a: Nacho|Great Tusk|100/100
|turn|18
|
|t:|1760818547
|-end|p1a: Mr Bushido|fallen3|[silent]
|switch|p1a: Emily|Moltres|64/100
|-damage|p1a: Emily|14/100|[from] Stealth Rock
|move|p2a: Nacho|Knock Off|p1a: Emily
|-crit|p1a: Emily
|-damage|p1a: Emily|0 fnt
|faint|p1a: Emily
|
|upkeep
|
|t:|1760818550
|switch|p1a: Lucia|Azumarill, F|93/100
|-damage|p1a: Lucia|80/100|[from] Stealth Rock
|turn|19
|
|t:|1760818556
|-end|p2a: Nacho|Protosynthesis|[silent]
|switch|p2a: Froag|Pecharunt|100/100
|move|p1a: Lucia|Liquidation|p2a: Froag
|-damage|p2a: Froag|77/100
|-damage|p1a: Lucia|64/100|[from] item: Rocky Helmet|[of] p2a: Froag
|
|upkeep
|turn|20
|
|t:|1760818562
|move|p2a: Froag|Parting Shot|p1a: Lucia
|-unboost|p1a: Lucia|atk|1
|-unboost|p1a: Lucia|spa|1
|
|t:|1760818564
|switch|p2a: Chomusuke|Weavile, F|100/100|[from] Parting Shot
|-ability|p2a: Chomusuke|Pressure
|move|p1a: Lucia|Liquidation|p2a: Chomusuke
|-damage|p2a: Chomusuke|35/100
|
|upkeep
|turn|21
|
|t:|1760818573
|move|p2a: Chomusuke|Low Kick|p1a: Lucia
|-resisted|p1a: Lucia
|-damage|p1a: Lucia|49/100
|move|p1a: Lucia|Liquidation|p2a: Chomusuke
|-damage|p2a: Chomusuke|0 fnt
|faint|p2a: Chomusuke
|
|upkeep
|
|t:|1760818578
|switch|p2a: Nacho|Great Tusk|100/100
|turn|22
|
|t:|1760818583
|-terastallize|p1a: Lucia|Water
|move|p1a: Lucia|Aqua Jet|p2a: Nacho
|-supereffective|p2a: Nacho
|-damage|p2a: Nacho|66/100
|move|p2a: Nacho|Headlong Rush|p1a: Lucia
|-damage|p1a: Lucia|0 fnt
|-unboost|p2a: Nacho|def|1
|-unboost|p2a: Nacho|spd|1
|faint|p1a: Lucia
|
|upkeep
|
|t:|1760818588
|switch|p1a: Mr Bushido|Kingambit, M|88/100
|-damage|p1a: Mr Bushido|82/100|[from] Stealth Rock
|-activate|p1a: Mr Bushido|ability: Supreme Overlord
|-start|p1a: Mr Bushido|fallen5|[silent]
|turn|23
|
|t:|1760818591
|move|p1a: Mr Bushido|Sucker Punch|p2a: Nacho
|-resisted|p2a: Nacho
|-damage|p2a: Nacho|29/100
|move|p2a: Nacho|Headlong Rush|p1a: Mr Bushido
|-supereffective|p1a: Mr Bushido
|-damage|p1a: Mr Bushido|0 fnt
|-unboost|p2a: Nacho|def|1
|-unboost|p2a: Nacho|spd|1
|faint|p1a: Mr Bushido
|-end|p1a: Mr Bushido|fallen5|[silent]
|
|win|Megumin's Husband
|raw|PekPicPek's rating: 1732 &rarr; <strong>1711</strong><br />(-21 for losing)
|raw|Megumin&apos;s Husband's rating: 1710 &rarr; <strong>1731</strong><br />(+21 for winning)
|l|☆PekPicPek
|player|p1|
|l|☆Megumin's Husband
|player|p2|
