|j|‽solascriptura1521
|j|☆151htyrneh
|t:|1760880800
|gametype|singles
|player|p1|solascriptura1521|266|1674
|player|p2|151htyrneh|wallace|1710
|gen|9
|tier|[Gen 9] OU
|rated|
|rule|HP Percentage Mod: HP is shown in percentages
|rule|Endless Battle Clause: Forcing endless battles is banned
|rule|Species Clause: Limit one of each Pokémon
|rule|OHKO Clause: OHKO moves are banned
|rule|Evasion Items Clause: Evasion items are banned
|rule|Evasion Moves Clause: Evasion moves are banned
|rule|Evasion Abilities Clause: Evasion abilities are banned
|rule|Sleep Moves Clause: Sleep-inducing moves are banned
|clearpoke
|poke|p1|Torkoal, M|
|poke|p1|Walking Wake|
|poke|p1|Raging Bolt|
|poke|p1|Kingambit, F|
|poke|p1|Great Tusk|
|poke|p1|Hatterene, F|
|poke|p2|Garganacl, M|
|poke|p2|Hippowdon, M|
|poke|p2|Hydrapple, M|
|poke|p2|Slowking-Galar, M|
|poke|p2|Samurott-Hisui, M|
|poke|p2|Excadrill, M|
|teampreview
|inactive|Battle timer is ON: inactive players will automatically lose when time's up. (requested by 151htyrneh)
|
|t:|1760880823
|teamsize|p1|6
|teamsize|p2|6
|start
|switch|p1a: Great Tusk|Great Tusk|100/100
|switch|p2a: Slowking|Slowking-Galar, M, shiny|100/100
|turn|1
|
|t:|1760880829
|move|p1a: Great Tusk|Headlong Rush|p2a: Slowking
|-supereffective|p2a: Slowking
|-damage|p2a: Slowking|6/100
|-unboost|p1a: Great Tusk|def|1
|-unboost|p1a: Great Tusk|spd|1
|move|p2a: Slowking|Psychic Noise|p1a: Great Tusk
|-supereffective|p1a: Great Tusk
|-damage|p1a: Great Tusk|0 fnt
|faint|p1a: Great Tusk
|-end|p1a: Great Tusk|Protosynthesis|[silent]
|
|upkeep
|
|t:|1760880835
|switch|p1a: Walking Wake|Walking Wake|100/100
|turn|2
|
|t:|1760880841
|switch|p2a: Samurott|Samurott-Hisui, M, shiny|100/100
|move|p1a: Walking Wake|Draco Meteor|p2a: Samurott
|-damage|p2a: Samurott|0 fnt
|-unboost|p1a: Walking Wake|spa|2
|faint|p2a: Samurott
|
|upkeep
|
|t:|1760880847
|switch|p2a: Excadrill|Excadrill, M, shiny|100/100
|turn|3
|
|t:|1760880855
|-end|p1a: Walking Wake|Protosynthesis|[silent]
|switch|p1a: Torkoal|Torkoal, M|100/100
|-weather|SunnyDay|[from] ability: Drought|[of] p1a: Torkoal
|move|p2a: Excadrill|Iron Head|p1a: Torkoal
|-resisted|p1a: Torkoal
|-damage|p1a: Torkoal|87/100
|
|-weather|SunnyDay|[upkeep]
|upkeep
|turn|4
|
|t:|1760880858
|move|p2a: Excadrill|Earthquake|p1a: Torkoal
|-supereffective|p1a: Torkoal
|-damage|p1a: Torkoal|15/100
|move|p1a: Torkoal|Lava Plume|p2a: Excadrill
|-supereffective|p2a: Excadrill
|-damage|p2a: Excadrill|0 fnt
|faint|p2a: Excadrill
|
|-weather|SunnyDay|[upkeep]
|upkeep
|
|t:|1760880864
|switch|p2a: Hippowdon|Hippowdon, M, shiny|100/100
|-weather|Sandstorm|[from] ability: Sand Stream|[of] p2a: Hippowdon
|turn|5
|
|t:|1760880869
|switch|p2a: Garganacl|Garganacl, M, shiny|100/100
|switch|p1a: Hatterene|Hatterene, F|100/100
|
|-weather|Sandstorm|[upkeep]
|-damage|p1a: Hatterene|95/100|[from] Sandstorm
|-heal|p1a: Hatterene|100/100|[from] item: Leftovers
|upkeep
|turn|6
|
|t:|1760880874
|move|p1a: Hatterene|Calm Mind|p1a: Hatterene
|-boost|p1a: Hatterene|spa|1
|-boost|p1a: Hatterene|spd|1
|move|p2a: Garganacl|Salt Cure|p1a: Hatterene
|-damage|p1a: Hatterene|88/100
|-start|p1a: Hatterene|Salt Cure
|
|-weather|Sandstorm|[upkeep]
|-damage|p1a: Hatterene|82/100|[from] Sandstorm
|-heal|p1a: Hatterene|88/100|[from] item: Leftovers
|-damage|p1a: Hatterene|76/100|[from] Salt Cure
|upkeep
|turn|7
|
|t:|1760880878
|move|p2a: Garganacl|Protect|p2a: Garganacl
|-singleturn|p2a: Garganacl|Protect
|move|p1a: Hatterene|Calm Mind|p1a: Hatterene
|-boost|p1a: Hatterene|spa|1
|-boost|p1a: Hatterene|spd|1
|
|-weather|Sandstorm|[upkeep]
|-damage|p1a: Hatterene|70/100|[from] Sandstorm
|-heal|p1a: Hatterene|76/100|[from] item: Leftovers
|-damage|p1a: Hatterene|64/100|[from] Salt Cure
|upkeep
|turn|8
|
|t:|1760880881
|move|p1a: Hatterene|Draining Kiss|p2a: Garganacl
|-damage|p2a: Garganacl|78/100
|-heal|p1a: Hatterene|85/100|[from] drain|[of] p2a: Garganacl
|move|p2a: Garganacl|Salt Cure|p1a: Hatterene
|-damage|p1a: Hatterene|73/100
|
|-weather|Sandstorm|[upkeep]
|-damage|p1a: Hatterene|67/100|[from] Sandstorm
|-heal|p1a: Hatterene|73/100|[from] item: Leftovers
|-heal|p2a: Garganacl|84/100|[from] item: Leftovers
|-damage|p1a: Hatterene|61/100|[from] Salt Cure
|upkeep
|turn|9
|
|t:|1760880887
|move|p2a: Garganacl|Protect|p2a: Garganacl
|-singleturn|p2a: Garganacl|Protect
|move|p1a: Hatterene|Calm Mind|p1a: Hatterene
|-boost|p1a: Hatterene|spa|1
|-boost|p1a: Hatterene|spd|1
|
|-weather|none
|-heal|p1a: Hatterene|67/100|[from] item: Leftovers
|-heal|p2a: Garganacl|91/100|[from] item: Leftovers
|-damage|p1a: Hatterene|54/100|[from] Salt Cure
|upkeep
|turn|10
|
|t:|1760880890
|move|p1a: Hatterene|Psychic Noise|p2a: Garganacl
|-damage|p2a: Garganacl|26/100
|-start|p2a: Garganacl|move: Heal Block
|cant|p2a: Garganacl|move: Heal Block|Recover
|
|-heal|p1a: Hatterene|60/100|[from] item: Leftovers
|-damage|p1a: Hatterene|48/100|[from] Salt Cure
|upkeep
|turn|11
|
|t:|1760880896
|switch|p2a: Hippowdon|Hippowdon, M, shiny|100/100
|-weather|Sandstorm|[from] ability: Sand Stream|[of] p2a: Hippowdon
|move|p1a: Hatterene|Calm Mind|p1a: Hatterene
|-boost|p1a: Hatterene|spa|1
|-boost|p1a: Hatterene|spd|1
|
|-weather|Sandstorm|[upkeep]
|-damage|p1a: Hatterene|42/100|[from] Sandstorm
|-heal|p1a: Hatterene|48/100|[from] item: Leftovers
|-damage|p1a: Hatterene|36/100|[from] Salt Cure
|upkeep
|turn|12
|
|t:|1760880901
|switch|p2a: Slowking|Slowking-Galar, M, shiny|39/100
|move|p1a: Hatterene|Draining Kiss|p2a: Slowking
|-resisted|p2a: Slowking
|-damage|p2a: Slowking|22/100
|-heal|p1a: Hatterene|51/100|[from] drain|[of] p2a: Slowking
|
|-weather|Sandstorm|[upkeep]
|-damage|p2a: Slowking|16/100|[from] Sandstorm
|-damage|p1a: Hatterene|45/100|[from] Sandstorm
|-heal|p1a: Hatterene|51/100|[from] item: Leftovers
|-damage|p1a: Hatterene|39/100|[from] Salt Cure
|upkeep
|turn|13
|
|t:|1760880905
|move|p2a: Slowking|Sludge Bomb|p1a: Hatterene
|-supereffective|p1a: Hatterene
|-damage|p1a: Hatterene|14/100
|move|p1a: Hatterene|Draining Kiss|p2a: Slowking
|-resisted|p2a: Slowking
|-damage|p2a: Slowking|0 fnt
|-heal|p1a: Hatterene|29/100|[from] drain|[of] p2a: Slowking
|faint|p2a: Slowking
|
|-weather|Sandstorm|[upkeep]
|-damage|p1a: Hatterene|23/100|[from] Sandstorm
|-heal|p1a: Hatterene|29/100|[from] item: Leftovers
|-damage|p1a: Hatterene|17/100|[from] Salt Cure
|upkeep
|
|t:|1760880908
|switch|p2a: Garganacl|Garganacl, M, shiny|26/100
|turn|14
|
|t:|1760880910
|move|p2a: Garganacl|Protect|p2a: Garganacl
|-singleturn|p2a: Garganacl|Protect
|move|p1a: Hatterene|Draining Kiss|p2a: Garganacl
|-activate|p2a: Garganacl|move: Protect
|
|-weather|Sandstorm|[upkeep]
|-damage|p1a: Hatterene|11/100|[from] Sandstorm
|-heal|p1a: Hatterene|17/100|[from] item: Leftovers
|-heal|p2a: Garganacl|33/100|[from] item: Leftovers
|-damage|p1a: Hatterene|4/100|[from] Salt Cure
|upkeep
|turn|15
|
|t:|1760880913
|move|p1a: Hatterene|Draining Kiss|p2a: Garganacl
|-damage|p2a: Garganacl|0 fnt
|-heal|p1a: Hatterene|35/100|[from] drain|[of] p2a: Garganacl
|faint|p2a: Garganacl
|
|-weather|none
|-heal|p1a: Hatterene|41/100|[from] item: Leftovers
|-damage|p1a: Hatterene|28/100|[from] Salt Cure
|upkeep
|
|t:|1760880916
|switch|p2a: Hippowdon|Hippowdon, M, shiny|100/100
|-weather|Sandstorm|[from] ability: Sand Stream|[of] p2a: Hippowdon
|turn|16
|
|t:|1760880918
|move|p1a: Hatterene|Draining Kiss|p2a: Hippowdon
|-damage|p2a: Hippowdon|35/100
|-heal|p1a: Hatterene|94/100|[from] drain|[of] p2a: Hippowdon
|-damage|p1a: Hatterene|77/100|[from] item: Rocky Helmet|[of] p2a: Hippowdon
|move|p2a: Hippowdon|Body Press|p1a: Hatterene
|-resisted|p1a: Hatterene
|-damage|p1a: Hatterene|71/100
|
|-weather|Sandstorm|[upkeep]
|-damage|p1a: Hatterene|65/100|[from] Sandstorm
|-heal|p1a: Hatterene|71/100|[from] item: Leftovers
|-damage|p1a: Hatterene|59/100|[from] Salt Cure
|upkeep
|turn|17
|
|t:|1760880925
|move|p1a: Hatterene|Draining Kiss|p2a: Hippowdon
|-damage|p2a: Hippowdon|0 fnt
|-heal|p1a: Hatterene|93/100|[from] drain|[of] p2a: Hippowdon
|-damage|p1a: Hatterene|76/100|[from] item: Rocky Helmet|[of] p2a: Hippowdon
|faint|p2a: Hippowdon
|
|-weather|Sandstorm|[upkeep]
|-damage|p1a: Hatterene|70/100|[from] Sandstorm
|-heal|p1a: Hatterene|76/100|[from] item: Leftovers
|-damage|p1a: Hatterene|64/100|[from] Salt Cure
|upkeep
|-message|151htyrneh forfeited.
|
|win|solascriptura1521
|raw|solascriptura1521's rating: 1674 &rarr; <strong>1696</strong><br />(+22 for winning)
|raw|151htyrneh's rating: 1710 &rarr; <strong>1688</strong><br />(-22 for losing)
|l|‽solascriptura1521
|player|p1|
