|j|☆galinaito
|j|☆n0ah__123__
|t:|1760884749
|gametype|singles
|player|p1|galinaito|nate|1203
|player|p2|n0ah__123__|boarder|1267
|gen|9
|tier|[Gen 9] OU
|rated|
|rule|HP Percentage Mod: HP is shown in percentages
|rule|Endless Battle Clause: Forcing endless battles is banned
|rule|Species Clause: Limit one of each Pokémon
|rule|OHKO Clause: OHKO moves are banned
|rule|Evasion Items Clause: Evasion items are banned
|rule|Evasion Moves Clause: Evasion moves are banned
|rule|Evasion Abilities Clause: Evasion abilities are banned
|rule|Sleep Moves Clause: Sleep-inducing moves are banned
|clearpoke
|poke|p1|Scrafty, F|
|poke|p1|Zoroark-Hisui, F|
|poke|p1|Araquanid, F|
|poke|p1|Ursaluna, M|
|poke|p1|Scizor, F|
|poke|p1|Cinderace, M|
|poke|p2|Mienshao, M|
|poke|p2|Iron Valiant|
|poke|p2|Gliscor, F|
|poke|p2|Corviknight, M|
|poke|p2|Alomomola, M|
|poke|p2|Pecharunt|
|teampreview
|inactive|Battle timer is ON: inactive players will automatically lose when time's up. (requested by galinaito)
|
|t:|1760884771
|teamsize|p1|6
|teamsize|p2|6
|start
|switch|p1a: Araquanid|Araquanid, F|100/100
|switch|p2a: Gliscor|Gliscor, F|100/100
|turn|1
|
|t:|1760884784
|move|p2a: Gliscor|Stealth Rock|p1a: Araquanid
|-sidestart|p1: galinaito|move: Stealth Rock
|move|p1a: Araquanid|Liquidation|p2a: Gliscor
|-supereffective|p2a: Gliscor
|-damage|p2a: Gliscor|12/100
|
|-status|p2a: Gliscor|tox|[from] item: Toxic Orb
|upkeep
|turn|2
|
|t:|1760884792
|move|p2a: Gliscor|Protect|p2a: Gliscor
|-singleturn|p2a: Gliscor|Protect
|move|p1a: Araquanid|Sticky Web|p2a: Gliscor
|-sidestart|p2: n0ah__123__|move: Sticky Web
|
|-heal|p2a: Gliscor|25/100 tox|[from] ability: Poison Heal
|upkeep
|turn|3
|
|t:|1760884800
|move|p2a: Gliscor|U-turn|p1a: Araquanid
|-damage|p1a: Araquanid|84/100
|
|t:|1760884810
|switch|p2a: Pecharunt|Pecharunt|100/100|[from] U-turn
|move|p1a: Araquanid|Liquidation|p2a: Pecharunt
|-damage|p2a: Pecharunt|77/100
|-unboost|p2a: Pecharunt|def|1
|
|upkeep
|turn|4
|
|t:|1760884819
|switch|p1a: Scizor|Scizor, F|100/100
|-damage|p1a: Scizor|88/100|[from] Stealth Rock
|move|p2a: Pecharunt|Malignant Chain|p1a: Scizor
|-immune|p1a: Scizor
|
|upkeep
|turn|5
|
|t:|1760884828
|switch|p2a: Corviknight|Corviknight, M|100/100
|-ability|p2a: Corviknight|Pressure
|move|p1a: Scizor|Knock Off|p2a: Corviknight
|-damage|p2a: Corviknight|80/100
|-damage|p1a: Scizor|72/100|[from] item: Rocky Helmet|[of] p2a: Corviknight
|-enditem|p2a: Corviknight|Rocky Helmet|[from] move: Knock Off|[of] p1a: Scizor
|
|upkeep
|turn|6
|
|t:|1760884841
|switch|p1a: Cinderace|Cinderace, M|100/100
|move|p2a: Corviknight|Defog|p1a: Cinderace
|-unboost|p1a: Cinderace|evasion|1
|-sideend|p1: galinaito|Stealth Rock|[from] move: Defog|[of] p2a: Corviknight
|-sideend|p2: n0ah__123__|Sticky Web|[from] move: Defog|[of] p2a: Corviknight
|
|upkeep
|turn|7
|
|t:|1760884849
|switch|p2a: Alomomola|Alomomola, M|100/100
|move|p1a: Cinderace|Pyro Ball|p2a: Alomomola
|-resisted|p2a: Alomomola
|-damage|p2a: Alomomola|82/100
|
|upkeep
|turn|8
|
|t:|1760884855
|move|p1a: Cinderace|Trailblaze|p2a: Alomomola
|-start|p1a: Cinderace|typechange|Grass|[from] ability: Libero
|-supereffective|p2a: Alomomola
|-damage|p2a: Alomomola|50/100
|-boost|p1a: Cinderace|spe|1
|move|p2a: Alomomola|Flip Turn|p1a: Cinderace
|-resisted|p1a: Cinderace
|-damage|p1a: Cinderace|90/100
|
|t:|1760884880
|switch|p2a: Mienshao|Mienshao, M|100/100|[from] Flip Turn
|
|upkeep
|turn|9
|
|t:|1760884885
|move|p1a: Cinderace|Pyro Ball|p2a: Mienshao
|-damage|p2a: Mienshao|28/100
|move|p2a: Mienshao|U-turn|p1a: Cinderace
|-supereffective|p1a: Cinderace
|-damage|p1a: Cinderace|0 fnt
|faint|p1a: Cinderace
|-damage|p2a: Mienshao|18/100|[from] item: Life Orb
|
|t:|1760884904
|switch|p2a: Iron Valiant|Iron Valiant|100/100|[from] U-turn
|
|upkeep
|
|t:|1760884910
|switch|p1a: Scrafty|Scrafty, F|100/100
|-ability|p1a: Scrafty|Intimidate|boost
|-unboost|p2a: Iron Valiant|atk|1
|turn|10
|
|t:|1760884922
|-terastallize|p1a: Scrafty|Poison
|move|p2a: Iron Valiant|Moonblast|p1a: Scrafty
|-resisted|p1a: Scrafty
|-damage|p1a: Scrafty|67/100
|move|p1a: Scrafty|Poison Jab|p2a: Iron Valiant
|-supereffective|p2a: Iron Valiant
|-damage|p2a: Iron Valiant|4/100
|
|-heal|p1a: Scrafty|73/100|[from] item: Leftovers
|upkeep
|turn|11
|
|t:|1760884934
|-end|p2a: Iron Valiant|Quark Drive|[silent]
|switch|p2a: Corviknight|Corviknight, M|80/100
|-ability|p2a: Corviknight|Pressure
|move|p1a: Scrafty|Knock Off|p2a: Corviknight
|-damage|p2a: Corviknight|64/100
|
|-heal|p1a: Scrafty|79/100|[from] item: Leftovers
|upkeep
|turn|12
|
|t:|1760884944
|move|p1a: Scrafty|Drain Punch|p2a: Corviknight
|-damage|p2a: Corviknight|43/100
|-heal|p1a: Scrafty|92/100|[from] drain|[of] p2a: Corviknight
|move|p2a: Corviknight|Roost|p2a: Corviknight
|-heal|p2a: Corviknight|93/100
|-singleturn|p2a: Corviknight|move: Roost
|
|-heal|p1a: Scrafty|98/100|[from] item: Leftovers
|upkeep
|turn|13
|
|t:|1760884955
|move|p1a: Scrafty|Bulk Up|p1a: Scrafty
|-boost|p1a: Scrafty|atk|1
|-boost|p1a: Scrafty|def|1
|move|p2a: Corviknight|U-turn|p1a: Scrafty
|-resisted|p1a: Scrafty
|-damage|p1a: Scrafty|93/100
|
|t:|1760884958
|switch|p2a: Gliscor|Gliscor, F|25/100 tox|[from] U-turn
|
|-heal|p1a: Scrafty|99/100|[from] item: Leftovers
|-heal|p2a: Gliscor|37/100 tox|[from] ability: Poison Heal
|upkeep
|turn|14
|
|t:|1760884968
|move|p2a: Gliscor|Protect|p2a: Gliscor
|-singleturn|p2a: Gliscor|Protect
|move|p1a: Scrafty|Knock Off|p2a: Gliscor
|-activate|p2a: Gliscor|move: Protect
|
|-heal|p1a: Scrafty|100/100|[from] item: Leftovers
|-heal|p2a: Gliscor|50/100 tox|[from] ability: Poison Heal
|upkeep
|turn|15
|
|t:|1760884977
|move|p2a: Gliscor|Stealth Rock|p1a: Scrafty
|-sidestart|p1: galinaito|move: Stealth Rock
|move|p1a: Scrafty|Knock Off|p2a: Gliscor
|-damage|p2a: Gliscor|0 fnt
|-enditem|p2a: Gliscor|Toxic Orb|[from] move: Knock Off|[of] p1a: Scrafty
|faint|p2a: Gliscor
|
|upkeep
|
|t:|1760885005
|switch|p2a: Alomomola|Alomomola, M|83/100
|turn|16
|
|t:|1760885009
|move|p1a: Scrafty|Knock Off|p2a: Alomomola
|-damage|p2a: Alomomola|44/100
|-enditem|p2a: Alomomola|Assault Vest|[from] move: Knock Off|[of] p1a: Scrafty
|move|p2a: Alomomola|Scald|p1a: Scrafty
|-damage|p1a: Scrafty|88/100
|
|-heal|p1a: Scrafty|94/100|[from] item: Leftovers
|upkeep
|turn|17
|
|t:|1760885021
|move|p1a: Scrafty|Poison Jab|p2a: Alomomola
|-damage|p2a: Alomomola|10/100
|move|p2a: Alomomola|Scald|p1a: Scrafty
|-damage|p1a: Scrafty|81/100
|
|-heal|p1a: Scrafty|87/100|[from] item: Leftovers
|upkeep
|turn|18
|
|t:|1760885030
|switch|p2a: Corviknight|Corviknight, M|93/100
|-ability|p2a: Corviknight|Pressure
|move|p1a: Scrafty|Knock Off|p2a: Corviknight
|-damage|p2a: Corviknight|66/100
|
|-heal|p1a: Scrafty|93/100|[from] item: Leftovers
|upkeep
|turn|19
|
|t:|1760885040
|move|p1a: Scrafty|Bulk Up|p1a: Scrafty
|-boost|p1a: Scrafty|atk|1
|-boost|p1a: Scrafty|def|1
|move|p2a: Corviknight|Roost|p2a: Corviknight
|-heal|p2a: Corviknight|100/100
|-singleturn|p2a: Corviknight|move: Roost
|
|-heal|p1a: Scrafty|99/100|[from] item: Leftovers
|upkeep
|turn|20
|-message|n0ah__123__ forfeited.
|
|win|galinaito
|raw|galinaito's rating: 1203 &rarr; <strong>1233</strong><br />(+30 for winning)
|raw|n0ah__123__'s rating: 1267 &rarr; <strong>1237</strong><br />(-30 for losing)
|l|☆n0ah__123__
|player|p2|
|l|☆galinaito
|player|p1|
