|j|☆Spaztastcjak
|j|☆present1
|t:|1760754244
|gametype|singles
|player|p1|Spaztastcjak|169|1093
|player|p2|present1|170|1040
|gen|9
|tier|[Gen 9] OU
|rated|
|rule|HP Percentage Mod: HP is shown in percentages
|rule|Endless Battle Clause: Forcing endless battles is banned
|rule|Species Clause: Limit one of each Pokémon
|rule|OHKO Clause: OHKO moves are banned
|rule|Evasion Items Clause: Evasion items are banned
|rule|Evasion Moves Clause: Evasion moves are banned
|rule|Evasion Abilities Clause: Evasion abilities are banned
|rule|Sleep Moves Clause: Sleep-inducing moves are banned
|clearpoke
|poke|p1|Skarmory, F|
|poke|p1|Tyranitar, M|
|poke|p1|Excadrill, F|
|poke|p1|Scizor, M|
|poke|p1|Hippowdon, M|
|poke|p1|Reuniclus, M|
|poke|p2|Deoxys-Speed|
|poke|p2|Darkrai|
|poke|p2|Gliscor, F|
|poke|p2|Ceruledge, M|
|poke|p2|Corviknight, F|
|poke|p2|Gyarados, F|
|teampreview
|
|t:|1760754256
|teamsize|p1|6
|teamsize|p2|6
|start
|switch|p1a: Skarmory|Skarmory, F|100/100
|switch|p2a: Ceruledge|Ceruledge, M|100/100
|turn|1
|
|t:|1760754264
|switch|p2a: Darkrai|Darkrai|100/100
|move|p1a: Skarmory|Stealth Rock|p2a: Darkrai
|-sidestart|p2: present1|move: Stealth Rock
|
|upkeep
|turn|2
|
|t:|1760754271
|move|p2a: Darkrai|Nasty Plot|p2a: Darkrai
|-boost|p2a: Darkrai|spa|2
|move|p1a: Skarmory|Spikes|p2a: Darkrai
|-sidestart|p2: present1|Spikes
|
|upkeep
|turn|3
|
|t:|1760754280
|move|p2a: Darkrai|Nasty Plot|p2a: Darkrai
|-boost|p2a: Darkrai|spa|2
|move|p1a: Skarmory|Spikes|p2a: Darkrai
|-sidestart|p2: present1|Spikes
|
|upkeep
|turn|4
|
|t:|1760754288
|move|p2a: Darkrai|Nasty Plot|p2a: Darkrai
|-boost|p2a: Darkrai|spa|2
|move|p1a: Skarmory|Whirlwind|p2a: Darkrai
|drag|p2a: Corviknight|Corviknight, F|100/100
|-damage|p2a: Corviknight|88/100|[from] Stealth Rock
|-ability|p2a: Corviknight|Pressure
|
|upkeep
|turn|5
|
|t:|1760754300
|move|p2a: Corviknight|Iron Head|p1a: Skarmory
|-resisted|p1a: Skarmory
|-damage|p1a: Skarmory|94/100
|move|p1a: Skarmory|Whirlwind|p2a: Corviknight
|drag|p2a: Gyarados|Gyarados, F|100/100
|-damage|p2a: Gyarados|76/100|[from] Stealth Rock
|
|-heal|p1a: Skarmory|99/100|[from] item: Leftovers
|upkeep
|turn|6
|
|t:|1760754313
|move|p2a: Gyarados|Aqua Tail|p1a: Skarmory
|-damage|p1a: Skarmory|64/100
|-damage|p2a: Gyarados|66/100|[from] item: Life Orb
|move|p1a: Skarmory|Whirlwind|p2a: Gyarados
|drag|p2a: Deoxys|Deoxys-Speed|100/100
|-damage|p2a: Deoxys|88/100|[from] Stealth Rock
|-damage|p2a: Deoxys|72/100|[from] Spikes
|-ability|p2a: Deoxys|Pressure
|
|-heal|p1a: Skarmory|70/100|[from] item: Leftovers
|upkeep
|turn|7
|
|t:|1760754328
|move|p2a: Deoxys|Drain Punch|p1a: Skarmory
|-crit|p1a: Skarmory
|-damage|p1a: Skarmory|57/100
|-heal|p2a: Deoxys|79/100|[from] drain|[of] p1a: Skarmory
|move|p1a: Skarmory|Whirlwind|p2a: Deoxys
|drag|p2a: Gliscor|Gliscor, F|100/100
|-damage|p2a: Gliscor|88/100|[from] Stealth Rock
|
|-heal|p1a: Skarmory|63/100|[from] item: Leftovers
|-status|p2a: Gliscor|tox|[from] item: Toxic Orb
|upkeep
|turn|8
|
|t:|1760754344
|move|p2a: Gliscor|Tailwind|p2a: Gliscor
|-sidestart|p2: present1|move: Tailwind
|move|p1a: Skarmory|Whirlwind|p2a: Gliscor
|drag|p2a: Gyarados|Gyarados, F|66/100
|-damage|p2a: Gyarados|41/100|[from] Stealth Rock
|
|-heal|p1a: Skarmory|69/100|[from] item: Leftovers
|upkeep
|turn|9
|
|t:|1760754354
|move|p2a: Gyarados|Aqua Tail|p1a: Skarmory
|-damage|p1a: Skarmory|30/100
|-damage|p2a: Gyarados|31/100|[from] item: Life Orb
|move|p1a: Skarmory|Whirlwind|p2a: Gyarados
|drag|p2a: Ceruledge|Ceruledge, M|100/100
|-damage|p2a: Ceruledge|76/100|[from] Stealth Rock
|-damage|p2a: Ceruledge|59/100|[from] Spikes
|
|-heal|p1a: Skarmory|36/100|[from] item: Leftovers
|upkeep
|turn|10
|
|t:|1760754368
|switch|p1a: Hippowdon|Hippowdon, M|100/100
|-weather|Sandstorm|[from] ability: Sand Stream|[of] p1a: Hippowdon
|move|p2a: Ceruledge|Bitter Blade|p1a: Hippowdon
|-damage|p1a: Hippowdon|77/100
|-heal|p2a: Ceruledge|76/100|[from] drain|[of] p1a: Hippowdon
|
|-weather|Sandstorm|[upkeep]
|-damage|p2a: Ceruledge|70/100|[from] Sandstorm
|-heal|p1a: Hippowdon|84/100|[from] item: Leftovers
|upkeep
|turn|11
|
|t:|1760754380
|move|p2a: Ceruledge|Swords Dance|p2a: Ceruledge
|-boost|p2a: Ceruledge|atk|2
|move|p1a: Hippowdon|Whirlwind|p2a: Ceruledge
|drag|p2a: Gliscor|Gliscor, F|88/100 tox
|-damage|p2a: Gliscor|76/100 tox|[from] Stealth Rock
|
|-weather|Sandstorm|[upkeep]
|-heal|p1a: Hippowdon|90/100|[from] item: Leftovers
|-heal|p2a: Gliscor|88/100 tox|[from] ability: Poison Heal
|-sideend|p2: present1|move: Tailwind
|upkeep
|turn|12
|
|t:|1760754398
|move|p2a: Gliscor|Toxic|p1a: Hippowdon
|-status|p1a: Hippowdon|tox
|move|p1a: Hippowdon|Whirlwind|p2a: Gliscor
|drag|p2a: Gyarados|Gyarados, F|31/100
|-damage|p2a: Gyarados|6/100|[from] Stealth Rock
|
|-weather|Sandstorm|[upkeep]
|-damage|p2a: Gyarados|0 fnt|[from] Sandstorm
|faint|p2a: Gyarados
|-heal|p1a: Hippowdon|96/100 tox|[from] item: Leftovers
|-damage|p1a: Hippowdon|90/100 tox|[from] psn
|upkeep
|
|t:|1760754413
|switch|p2a: Darkrai|Darkrai|100/100
|-damage|p2a: Darkrai|88/100|[from] Stealth Rock
|-damage|p2a: Darkrai|72/100|[from] Spikes
|turn|13
|
|t:|1760754419
|move|p2a: Darkrai|Dark Pulse|p1a: Hippowdon
|-damage|p1a: Hippowdon|42/100 tox
|move|p1a: Hippowdon|Whirlwind|p2a: Darkrai
|drag|p2a: Ceruledge|Ceruledge, M|70/100
|-damage|p2a: Ceruledge|45/100|[from] Stealth Rock
|-damage|p2a: Ceruledge|29/100|[from] Spikes
|
|-weather|Sandstorm|[upkeep]
|-damage|p2a: Ceruledge|22/100|[from] Sandstorm
|-heal|p1a: Hippowdon|48/100 tox|[from] item: Leftovers
|-damage|p1a: Hippowdon|36/100 tox|[from] psn
|upkeep
|turn|14
|
|t:|1760754434
|move|p2a: Ceruledge|Bitter Blade|p1a: Hippowdon
|-damage|p1a: Hippowdon|12/100 tox
|-heal|p2a: Ceruledge|40/100|[from] drain|[of] p1a: Hippowdon
|move|p1a: Hippowdon|Whirlwind|p2a: Ceruledge
|drag|p2a: Corviknight|Corviknight, F|88/100
|-damage|p2a: Corviknight|75/100|[from] Stealth Rock
|-ability|p2a: Corviknight|Pressure
|
|-weather|none
|-heal|p1a: Hippowdon|18/100 tox|[from] item: Leftovers
|-damage|p1a: Hippowdon|0 fnt|[from] psn
|faint|p1a: Hippowdon
|upkeep
|
|t:|1760754448
|switch|p1a: Skarmory|Skarmory, F|36/100
|turn|15
|
|t:|1760754456
|move|p2a: Corviknight|Iron Head|p1a: Skarmory
|-resisted|p1a: Skarmory
|-damage|p1a: Skarmory|28/100
|cant|p1a: Skarmory|flinch
|
|-heal|p1a: Skarmory|34/100|[from] item: Leftovers
|upkeep
|turn|16
|
|t:|1760754468
|move|p2a: Corviknight|Roost|p2a: Corviknight
|-heal|p2a: Corviknight|100/100
|-singleturn|p2a: Corviknight|move: Roost
|move|p1a: Skarmory|Roost|p1a: Skarmory
|-heal|p1a: Skarmory|84/100
|-singleturn|p1a: Skarmory|move: Roost
|
|-heal|p1a: Skarmory|90/100|[from] item: Leftovers
|upkeep
|turn|17
|
|t:|1760754479
|move|p2a: Corviknight|Iron Head|p1a: Skarmory
|-resisted|p1a: Skarmory
|-damage|p1a: Skarmory|83/100
|cant|p1a: Skarmory|flinch
|
|-heal|p1a: Skarmory|89/100|[from] item: Leftovers
|upkeep
|turn|18
|
|t:|1760754487
|move|p2a: Corviknight|Iron Head|p1a: Skarmory
|-resisted|p1a: Skarmory
|-damage|p1a: Skarmory|82/100
|move|p1a: Skarmory|Whirlwind|p2a: Corviknight
|drag|p2a: Gliscor|Gliscor, F|88/100 tox
|-damage|p2a: Gliscor|76/100 tox|[from] Stealth Rock
|
|-heal|p1a: Skarmory|88/100|[from] item: Leftovers
|-heal|p2a: Gliscor|88/100 tox|[from] ability: Poison Heal
|upkeep
|turn|19
|
|t:|1760754504
|move|p2a: Gliscor|Toxic|p1a: Skarmory
|-immune|p1a: Skarmory
|move|p1a: Skarmory|Whirlwind|p2a: Gliscor
|drag|p2a: Darkrai|Darkrai|72/100
|-damage|p2a: Darkrai|59/100|[from] Stealth Rock
|-damage|p2a: Darkrai|43/100|[from] Spikes
|
|-heal|p1a: Skarmory|94/100|[from] item: Leftovers
|upkeep
|turn|20
|
|t:|1760754516
|move|p2a: Darkrai|Dark Pulse|p1a: Skarmory
|-damage|p1a: Skarmory|25/100
|cant|p1a: Skarmory|flinch
|
|-heal|p1a: Skarmory|31/100|[from] item: Leftovers
|upkeep
|turn|21
|
|t:|1760754524
|switch|p1a: Scizor|Scizor, M|100/100
|move|p2a: Darkrai|Dark Pulse|p1a: Scizor
|-damage|p1a: Scizor|49/100
|
|upkeep
|turn|22
|
|t:|1760754531
|move|p1a: Scizor|Bullet Punch|p2a: Darkrai
|-damage|p2a: Darkrai|0 fnt
|faint|p2a: Darkrai
|
|upkeep
|
|t:|1760754538
|switch|p2a: Ceruledge|Ceruledge, M|40/100
|-damage|p2a: Ceruledge|15/100|[from] Stealth Rock
|-damage|p2a: Ceruledge|0 fnt|[from] Spikes
|faint|p2a: Ceruledge
|
|t:|1760754544
|switch|p2a: Gliscor|Gliscor, F|88/100 tox
|-damage|p2a: Gliscor|76/100 tox|[from] Stealth Rock
|turn|23
|
|t:|1760754554
|move|p2a: Gliscor|Protect|p2a: Gliscor
|-singleturn|p2a: Gliscor|Protect
|move|p1a: Scizor|Knock Off|p2a: Gliscor
|-activate|p2a: Gliscor|move: Protect
|
|-heal|p2a: Gliscor|88/100 tox|[from] ability: Poison Heal
|upkeep
|turn|24
|
|t:|1760754564
|move|p2a: Gliscor|Substitute|p2a: Gliscor
|-start|p2a: Gliscor|Substitute
|-damage|p2a: Gliscor|63/100 tox
|move|p1a: Scizor|Knock Off|p2a: Gliscor
|-activate|p2a: Gliscor|move: Substitute|[damage]
|
|-heal|p2a: Gliscor|76/100 tox|[from] ability: Poison Heal
|upkeep
|turn|25
|
|t:|1760754575
|move|p1a: Scizor|Bullet Punch|p2a: Gliscor
|-end|p2a: Gliscor|Substitute
|move|p2a: Gliscor|Toxic|p1a: Scizor
|-immune|p1a: Scizor
|
|-heal|p2a: Gliscor|88/100 tox|[from] ability: Poison Heal
|upkeep
|turn|26
|
|t:|1760754584
|switch|p1a: Reuniclus|Reuniclus, M|100/100
|move|p2a: Gliscor|Protect||[still]
|-fail|p2a: Gliscor
|
|-heal|p2a: Gliscor|100/100 tox|[from] ability: Poison Heal
|upkeep
|turn|27
|
|t:|1760754592
|move|p2a: Gliscor|Substitute|p2a: Gliscor
|-start|p2a: Gliscor|Substitute
|-damage|p2a: Gliscor|76/100 tox
|move|p1a: Reuniclus|Calm Mind|p1a: Reuniclus
|-boost|p1a: Reuniclus|spa|1
|-boost|p1a: Reuniclus|spd|1
|
|-heal|p2a: Gliscor|88/100 tox|[from] ability: Poison Heal
|upkeep
|turn|28
|
|t:|1760754602
|move|p2a: Gliscor|Toxic|p1a: Reuniclus
|-status|p1a: Reuniclus|tox
|move|p1a: Reuniclus|Calm Mind|p1a: Reuniclus
|-boost|p1a: Reuniclus|spa|1
|-boost|p1a: Reuniclus|spd|1
|
|-heal|p2a: Gliscor|100/100 tox|[from] ability: Poison Heal
|-damage|p1a: Reuniclus|94/100 tox|[from] psn
|upkeep
|turn|29
|
|t:|1760754618
|move|p2a: Gliscor|Tailwind|p2a: Gliscor
|-sidestart|p2: present1|move: Tailwind
|move|p1a: Reuniclus|Psyshock|p2a: Gliscor
|-end|p2a: Gliscor|Substitute
|
|-damage|p1a: Reuniclus|82/100 tox|[from] psn
|upkeep
|turn|30
|
|t:|1760754628
|move|p2a: Gliscor|Substitute|p2a: Gliscor
|-start|p2a: Gliscor|Substitute
|-damage|p2a: Gliscor|76/100 tox
|move|p1a: Reuniclus|Calm Mind|p1a: Reuniclus
|-boost|p1a: Reuniclus|spa|1
|-boost|p1a: Reuniclus|spd|1
|
|-heal|p2a: Gliscor|88/100 tox|[from] ability: Poison Heal
|-damage|p1a: Reuniclus|64/100 tox|[from] psn
|upkeep
|turn|31
|
|t:|1760754639
|move|p2a: Gliscor|Protect|p2a: Gliscor
|-singleturn|p2a: Gliscor|Protect
|move|p1a: Reuniclus|Psyshock|p2a: Gliscor
|-activate|p2a: Gliscor|move: Protect
|
|-heal|p2a: Gliscor|100/100 tox|[from] ability: Poison Heal
|-damage|p1a: Reuniclus|39/100 tox|[from] psn
|upkeep
|turn|32
|
|t:|1760754657
|move|p2a: Gliscor|Tailwind||[still]
|-fail|p2a: Gliscor
|move|p1a: Reuniclus|Psyshock|p2a: Gliscor
|-end|p2a: Gliscor|Substitute
|
|-damage|p1a: Reuniclus|8/100 tox|[from] psn
|-sideend|p2: present1|move: Tailwind
|upkeep
|turn|33
|
|t:|1760754666
|move|p2a: Gliscor|Substitute|p2a: Gliscor
|-start|p2a: Gliscor|Substitute
|-damage|p2a: Gliscor|76/100 tox
|move|p1a: Reuniclus|Psyshock|p2a: Gliscor
|-end|p2a: Gliscor|Substitute
|
|-heal|p2a: Gliscor|88/100 tox|[from] ability: Poison Heal
|-damage|p1a: Reuniclus|0 fnt|[from] psn
|faint|p1a: Reuniclus
|upkeep
|
|t:|1760754676
|switch|p1a: Skarmory|Skarmory, F|31/100
|turn|34
|
|t:|1760754689
|move|p2a: Gliscor|Protect|p2a: Gliscor
|-singleturn|p2a: Gliscor|Protect
|move|p1a: Skarmory|Whirlwind|p2a: Gliscor
|drag|p2a: Corviknight|Corviknight, F|100/100
|-damage|p2a: Corviknight|88/100|[from] Stealth Rock
|-ability|p2a: Corviknight|Pressure
|
|-heal|p1a: Skarmory|37/100|[from] item: Leftovers
|upkeep
|turn|35
|
|t:|1760754703
|move|p2a: Corviknight|Body Press|p1a: Skarmory
|-damage|p1a: Skarmory|23/100
|move|p1a: Skarmory|Roost|p1a: Skarmory
|-heal|p1a: Skarmory|73/100
|-singleturn|p1a: Skarmory|move: Roost
|
|-heal|p1a: Skarmory|79/100|[from] item: Leftovers
|upkeep
|turn|36
|
|t:|1760754712
|move|p2a: Corviknight|Body Press|p1a: Skarmory
|-damage|p1a: Skarmory|65/100
|move|p1a: Skarmory|Roost|p1a: Skarmory
|-heal|p1a: Skarmory|100/100
|-singleturn|p1a: Skarmory|move: Roost
|
|upkeep
|turn|37
|
|t:|1760754720
|move|p2a: Corviknight|Body Press|p1a: Skarmory
|-damage|p1a: Skarmory|87/100
|move|p1a: Skarmory|Whirlwind|p2a: Corviknight
|drag|p2a: Gliscor|Gliscor, F|88/100 tox
|-damage|p2a: Gliscor|76/100 tox|[from] Stealth Rock
|
|-heal|p1a: Skarmory|93/100|[from] item: Leftovers
|-heal|p2a: Gliscor|88/100 tox|[from] ability: Poison Heal
|upkeep
|turn|38
|
|t:|1760754732
|move|p2a: Gliscor|Tailwind|p2a: Gliscor
|-sidestart|p2: present1|move: Tailwind
|move|p1a: Skarmory|Whirlwind|p2a: Gliscor
|drag|p2a: Corviknight|Corviknight, F|88/100
|-damage|p2a: Corviknight|75/100|[from] Stealth Rock
|-ability|p2a: Corviknight|Pressure
|
|-heal|p1a: Skarmory|99/100|[from] item: Leftovers
|upkeep
|turn|39
|
|t:|1760754750
|move|p2a: Corviknight|Body Press|p1a: Skarmory
|-damage|p1a: Skarmory|83/100
|move|p1a: Skarmory|Whirlwind|p2a: Corviknight
|drag|p2a: Deoxys|Deoxys-Speed|79/100
|-damage|p2a: Deoxys|67/100|[from] Stealth Rock
|-damage|p2a: Deoxys|50/100|[from] Spikes
|-ability|p2a: Deoxys|Pressure
|
|-heal|p1a: Skarmory|89/100|[from] item: Leftovers
|upkeep
|turn|40
|
|t:|1760754766
|move|p2a: Deoxys|Drain Punch|p1a: Skarmory
|-damage|p1a: Skarmory|81/100
|-heal|p2a: Deoxys|55/100|[from] drain|[of] p1a: Skarmory
|move|p1a: Skarmory|Whirlwind|p2a: Deoxys
|drag|p2a: Gliscor|Gliscor, F|88/100 tox
|-damage|p2a: Gliscor|76/100 tox|[from] Stealth Rock
|
|-heal|p1a: Skarmory|87/100|[from] item: Leftovers
|-heal|p2a: Gliscor|88/100 tox|[from] ability: Poison Heal
|upkeep
|turn|41
|-message|present1 forfeited.
|
|win|Spaztastcjak
|raw|Spaztastcjak's rating: 1093 &rarr; <strong>1115</strong><br />(+22 for winning)
|raw|present1's rating: 1040 &rarr; <strong>1026</strong><br />(-14 for losing)
|l|☆present1
|player|p2|
