|j|☆Frosty458
|j|☆Lickilicky7
|t:|1760740366
|gametype|singles
|player|p1|Frosty458|170|
|player|p2|Lickilicky7|guitarist|
|gen|9
|tier|[Gen 9] OU
|rule|HP Percentage Mod: HP is shown in percentages
|rule|Endless Battle Clause: Forcing endless battles is banned
|rule|Species Clause: Limit one of each Pokémon
|rule|OHKO Clause: OHKO moves are banned
|rule|Evasion Items Clause: Evasion items are banned
|rule|Evasion Moves Clause: Evasion moves are banned
|rule|Evasion Abilities Clause: Evasion abilities are banned
|rule|Sleep Moves Clause: Sleep-inducing moves are banned
|clearpoke
|poke|p1|Iron Crown|
|poke|p1|Meowstic, M|
|poke|p1|Gogoat, F|
|poke|p1|Rotom-Heat|
|poke|p1|Noivern, F|
|poke|p1|Quaquaval, M|
|poke|p2|Iron Treads|
|poke|p2|Dragapult, M|
|poke|p2|Sylveon, M|
|poke|p2|Rillaboom, M|
|poke|p2|Samurott-Hisui, M|
|poke|p2|Clodsire, M|
|teampreview
|j| Ryno5311
|
|t:|1760740397
|teamsize|p1|6
|teamsize|p2|6
|start
|switch|p1a: Gogoat|Gogoat, F|100/100
|switch|p2a: Samurott|Samurott-Hisui, M|100/100
|turn|1
|
|t:|1760740409
|move|p2a: Samurott|Flip Turn|p1a: Gogoat
|-resisted|p1a: Gogoat
|-damage|p1a: Gogoat|82/100
|
|t:|1760740426
|switch|p2a: Dragapult|Dragapult, M|100/100|[from] Flip Turn
|move|p1a: Gogoat|Horn Leech|p2a: Dragapult
|-resisted|p2a: Dragapult
|-damage|p2a: Dragapult|83/100
|-heal|p1a: Gogoat|88/100|[from] drain|[of] p2a: Dragapult
|
|upkeep
|turn|2
|c| Ryno5311|If this thing is grass pelt calling the rilla
|c| Ryno5311|thats insane
|c|☆Frosty458|lmao
|
|t:|1760740496
|switch|p1a: Meowstic|Meowstic, M|100/100
|move|p2a: Dragapult|U-turn|p1a: Meowstic
|-supereffective|p1a: Meowstic
|-damage|p1a: Meowstic|62/100
|
|t:|1760740510
|switch|p2a: Samurott|Samurott-Hisui, M|100/100|[from] U-turn
|
|upkeep
|turn|3
|
|t:|1760740516
|move|p1a: Meowstic|Reflect|p1a: Meowstic
|-sidestart|p1: Frosty458|Reflect
|move|p2a: Samurott|Ceaseless Edge|p1a: Meowstic
|-supereffective|p1a: Meowstic
|-damage|p1a: Meowstic|6/100
|-sidestart|p1: Frosty458|Spikes
|
|upkeep
|turn|4
|
|t:|1760740577
|switch|p2a: Iron Treads|Iron Treads|100/100
|move|p1a: Meowstic|Light Screen|p1a: Meowstic
|-sidestart|p1: Frosty458|move: Light Screen
|
|upkeep
|turn|5
|
|t:|1760740609
|switch|p1a: Quaquaval|Quaquaval, M|100/100
|move|p2a: Iron Treads|High Horsepower|p1a: Quaquaval
|-damage|p1a: Quaquaval|70/100
|
|upkeep
|turn|6
|
|t:|1760740637
|-end|p2a: Iron Treads|Quark Drive|[silent]
|switch|p2a: Sylveon|Sylveon, M|100/100
|move|p1a: Quaquaval|Aqua Step|p2a: Sylveon
|-damage|p2a: Sylveon|68/100
|-boost|p1a: Quaquaval|spe|1
|
|-heal|p2a: Sylveon|74/100|[from] item: Leftovers
|upkeep
|turn|7
|
|t:|1760740652
|move|p1a: Quaquaval|Brave Bird|p2a: Sylveon
|-damage|p2a: Sylveon|40/100
|-damage|p1a: Quaquaval|55/100|[from] Recoil
|move|p2a: Sylveon|Wish|p2a: Sylveon
|
|-heal|p2a: Sylveon|46/100|[from] item: Leftovers
|upkeep
|turn|8
|
|t:|1760740663
|move|p2a: Sylveon|Protect|p2a: Sylveon
|-singleturn|p2a: Sylveon|Protect
|move|p1a: Quaquaval|Roost|p1a: Quaquaval
|-heal|p1a: Quaquaval|100/100
|-singleturn|p1a: Quaquaval|move: Roost
|
|-heal|p2a: Sylveon|96/100|[from] move: Wish|[wisher] Sylveon
|-heal|p2a: Sylveon|100/100|[from] item: Leftovers
|upkeep
|turn|9
|
|t:|1760740674
|move|p1a: Quaquaval|Rapid Spin|p2a: Sylveon
|-damage|p2a: Sylveon|87/100
|-boost|p1a: Quaquaval|spe|1
|-sideend|p1: Frosty458|Spikes|[from] move: Rapid Spin|[of] p1a: Quaquaval
|move|p2a: Sylveon|Calm Mind|p2a: Sylveon
|-boost|p2a: Sylveon|spa|1
|-boost|p2a: Sylveon|spd|1
|
|-heal|p2a: Sylveon|93/100|[from] item: Leftovers
|upkeep
|turn|10
|
|t:|1760740708
|switch|p1a: Iron Crown|Iron Crown|100/100
|move|p2a: Sylveon|Wish|p2a: Sylveon
|
|-heal|p2a: Sylveon|99/100|[from] item: Leftovers
|-sideend|p1: Frosty458|Reflect
|upkeep
|turn|11
|
|t:|1760740720
|switch|p2a: Iron Treads|Iron Treads|100/100
|move|p1a: Iron Crown|Calm Mind|p1a: Iron Crown
|-boost|p1a: Iron Crown|spa|1
|-boost|p1a: Iron Crown|spd|1
|
|-sideend|p1: Frosty458|move: Light Screen
|upkeep
|turn|12
|
|t:|1760740737
|move|p2a: Iron Treads|High Horsepower|p1a: Iron Crown
|-supereffective|p1a: Iron Crown
|-damage|p1a: Iron Crown|5/100
|-enditem|p1a: Iron Crown|Weakness Policy
|-boost|p1a: Iron Crown|atk|2|[from] item: Weakness Policy
|-boost|p1a: Iron Crown|spa|2|[from] item: Weakness Policy
|move|p1a: Iron Crown|Agility|p1a: Iron Crown
|-boost|p1a: Iron Crown|spe|2
|
|upkeep
|turn|13
|
|t:|1760740769
|move|p1a: Iron Crown|Stored Power|p2a: Iron Treads
|-resisted|p2a: Iron Treads
|-damage|p2a: Iron Treads|0 fnt
|faint|p2a: Iron Treads
|-end|p2a: Iron Treads|Quark Drive|[silent]
|
|upkeep
|
|t:|1760740779
|switch|p2a: Rillaboom|Rillaboom, M|100/100
|-fieldstart|move: Grassy Terrain|[from] ability: Grassy Surge|[of] p2a: Rillaboom
|turn|14
|j| salty oshuwatt
|
|t:|1760740789
|-end|p1a: Iron Crown|Quark Drive|[silent]
|switch|p1a: Gogoat|Gogoat, F|88/100
|move|p2a: Rillaboom|Grassy Glide|p1a: Gogoat
|-ability|p1a: Gogoat|Sap Sipper|boost
|-boost|p1a: Gogoat|atk|1
|
|-heal|p1a: Gogoat|94/100|[from] Grassy Terrain
|upkeep
|turn|15
|
|t:|1760740800
|move|p2a: Rillaboom|U-turn|p1a: Gogoat
|-supereffective|p1a: Gogoat
|-damage|p1a: Gogoat|30/100
|-enditem|p1a: Gogoat|Sitrus Berry|[eat]
|-heal|p1a: Gogoat|54/100|[from] item: Sitrus Berry
|l| Ryno5311
|
|t:|1760740809
|switch|p2a: Clodsire|Clodsire, M|100/100|[from] U-turn
|move|p1a: Gogoat|Bulk Up|p1a: Gogoat
|-boost|p1a: Gogoat|atk|1
|-boost|p1a: Gogoat|def|1
|
|-heal|p1a: Gogoat|61/100|[from] Grassy Terrain
|upkeep
|turn|16
|c| salty oshuwatt|DEAKOTA
|c| salty oshuwatt|WIN
|
|t:|1760740820
|move|p1a: Gogoat|Earthquake|p2a: Clodsire
|-supereffective|p2a: Clodsire
|-damage|p2a: Clodsire|83/100
|move|p2a: Clodsire|Toxic|p1a: Gogoat
|-status|p1a: Gogoat|tox
|
|-heal|p1a: Gogoat|67/100 tox|[from] Grassy Terrain
|-heal|p2a: Clodsire|90/100|[from] Grassy Terrain
|-heal|p2a: Clodsire|96/100|[from] item: Leftovers
|-damage|p1a: Gogoat|61/100 tox|[from] psn
|upkeep
|turn|17
|c|☆Frosty458|Ill try
|
|t:|1760740832
|move|p1a: Gogoat|Earthquake|p2a: Clodsire
|-supereffective|p2a: Clodsire
|-damage|p2a: Clodsire|78/100
|move|p2a: Clodsire|Stealth Rock|p1a: Gogoat
|-sidestart|p1: Frosty458|move: Stealth Rock
|
|-heal|p1a: Gogoat|67/100 tox|[from] Grassy Terrain
|-heal|p2a: Clodsire|84/100|[from] Grassy Terrain
|-heal|p2a: Clodsire|90/100|[from] item: Leftovers
|-damage|p1a: Gogoat|54/100 tox|[from] psn
|upkeep
|turn|18
|c| salty oshuwatt|Ok going back to work now, i did my work as captain
|l| salty oshuwatt
|
|t:|1760740861
|switch|p1a: Quaquaval|Quaquaval, M|100/100
|move|p2a: Clodsire|Toxic|p1a: Quaquaval
|-status|p1a: Quaquaval|tox
|
|-heal|p2a: Clodsire|96/100|[from] Grassy Terrain
|-heal|p2a: Clodsire|100/100|[from] item: Leftovers
|-damage|p1a: Quaquaval|94/100 tox|[from] psn
|-fieldend|move: Grassy Terrain
|upkeep
|turn|19
|
|t:|1760740881
|switch|p2a: Dragapult|Dragapult, M|83/100
|move|p1a: Quaquaval|Aqua Step|p2a: Dragapult
|-resisted|p2a: Dragapult
|-damage|p2a: Dragapult|57/100
|-boost|p1a: Quaquaval|spe|1
|
|-damage|p1a: Quaquaval|82/100 tox|[from] psn
|upkeep
|turn|20
|
|t:|1760740927
|switch|p2a: Sylveon|Sylveon, M|99/100
|move|p1a: Quaquaval|Brave Bird|p2a: Sylveon
|-damage|p2a: Sylveon|69/100
|-damage|p1a: Quaquaval|70/100 tox|[from] Recoil
|
|-heal|p2a: Sylveon|75/100|[from] item: Leftovers
|-damage|p1a: Quaquaval|51/100 tox|[from] psn
|upkeep
|turn|21
|
|t:|1760740942
|move|p1a: Quaquaval|Rapid Spin|p2a: Sylveon
|-damage|p2a: Sylveon|61/100
|-boost|p1a: Quaquaval|spe|1
|-sideend|p1: Frosty458|Stealth Rock|[from] move: Rapid Spin|[of] p1a: Quaquaval
|move|p2a: Sylveon|Hyper Voice|p1a: Quaquaval
|-supereffective|p1a: Quaquaval
|-damage|p1a: Quaquaval|0 fnt
|faint|p1a: Quaquaval
|
|-heal|p2a: Sylveon|67/100|[from] item: Leftovers
|upkeep
|
|t:|1760740952
|switch|p1a: Rotom|Rotom-Heat|100/100
|turn|22
|
|t:|1760740959
|move|p1a: Rotom|Thunderbolt|p2a: Sylveon
|-damage|p2a: Sylveon|36/100
|move|p2a: Sylveon|Wish|p2a: Sylveon
|
|-heal|p2a: Sylveon|42/100|[from] item: Leftovers
|upkeep
|turn|23
|
|t:|1760740975
|switch|p1a: Meowstic|Meowstic, M|6/100
|move|p2a: Sylveon|Protect||[still]
|-fail|p2a: Sylveon
|
|-heal|p2a: Sylveon|92/100|[from] move: Wish|[wisher] Sylveon
|-heal|p2a: Sylveon|98/100|[from] item: Leftovers
|upkeep
|turn|24
|
|t:|1760740984
|move|p1a: Meowstic|Thunder Wave|p2a: Sylveon
|-status|p2a: Sylveon|par
|move|p2a: Sylveon|Hyper Voice|p1a: Meowstic
|-damage|p1a: Meowstic|0 fnt
|faint|p1a: Meowstic
|
|-heal|p2a: Sylveon|100/100 par|[from] item: Leftovers
|upkeep
|
|t:|1760740992
|switch|p1a: Iron Crown|Iron Crown|5/100
|turn|25
|
|t:|1760741008
|move|p1a: Iron Crown|Tachyon Cutter|p2a: Sylveon
|-supereffective|p2a: Sylveon
|-damage|p2a: Sylveon|65/100 par
|-supereffective|p2a: Sylveon
|-damage|p2a: Sylveon|27/100 par
|-hitcount|p2a: Sylveon|2
|move|p2a: Sylveon|Hyper Voice|p1a: Iron Crown
|-resisted|p1a: Iron Crown
|-crit|p1a: Iron Crown
|-damage|p1a: Iron Crown|0 fnt
|faint|p1a: Iron Crown
|-end|p1a: Iron Crown|Quark Drive|[silent]
|
|-heal|p2a: Sylveon|33/100 par|[from] item: Leftovers
|upkeep
|
|t:|1760741019
|switch|p1a: Noivern|Noivern, F|100/100
|-item|p2a: Sylveon|Leftovers|[from] ability: Frisk|[of] p1a: Noivern
|turn|26
|
|t:|1760741038
|switch|p2a: Clodsire|Clodsire, M|100/100
|move|p1a: Noivern|Shadow Ball|p2a: Clodsire
|-damage|p2a: Clodsire|77/100
|
|-heal|p2a: Clodsire|83/100|[from] item: Leftovers
|upkeep
|turn|27
|
|t:|1760741053
|switch|p1a: Gogoat|Gogoat, F|54/100 tox
|move|p2a: Clodsire|Stealth Rock|p1a: Gogoat
|-sidestart|p1: Frosty458|move: Stealth Rock
|
|-heal|p2a: Clodsire|90/100|[from] item: Leftovers
|-damage|p1a: Gogoat|48/100 tox|[from] psn
|upkeep
|turn|28
|
|t:|1760741097
|switch|p2a: Rillaboom|Rillaboom, M|100/100
|-fieldstart|move: Grassy Terrain|[from] ability: Grassy Surge|[of] p2a: Rillaboom
|move|p1a: Gogoat|Milk Drink|p1a: Gogoat
|-heal|p1a: Gogoat|98/100 tox
|
|-heal|p1a: Gogoat|100/100 tox|[from] Grassy Terrain
|-damage|p1a: Gogoat|88/100 tox|[from] psn
|upkeep
|turn|29
|
|t:|1760741114
|switch|p1a: Rotom|Rotom-Heat|100/100
|-damage|p1a: Rotom|75/100|[from] Stealth Rock
|move|p2a: Rillaboom|U-turn|p1a: Rotom
|-resisted|p1a: Rotom
|-damage|p1a: Rotom|61/100
|
|t:|1760741125
|switch|p2a: Samurott|Samurott-Hisui, M|100/100|[from] U-turn
|
|-heal|p1a: Rotom|67/100|[from] item: Leftovers
|upkeep
|turn|30
|
|t:|1760741135
|-terastallize|p1a: Rotom|Electric
|move|p2a: Samurott|Flip Turn|p1a: Rotom
|-damage|p1a: Rotom|39/100
|
|t:|1760741146
|switch|p2a: Clodsire|Clodsire, M|90/100|[from] Flip Turn
|move|p1a: Rotom|Thunderbolt|p2a: Clodsire
|-immune|p2a: Clodsire
|
|-heal|p1a: Rotom|45/100|[from] item: Leftovers
|-heal|p2a: Clodsire|96/100|[from] Grassy Terrain
|-heal|p2a: Clodsire|100/100|[from] item: Leftovers
|upkeep
|turn|31
|
|t:|1760741162
|move|p1a: Rotom|Pain Split|p2a: Clodsire
|-sethp|p2a: Clodsire|65/100|[from] move: Pain Split|[silent]
|-sethp|p1a: Rotom|99/100|[from] move: Pain Split
|move|p2a: Clodsire|Toxic|p1a: Rotom
|-status|p1a: Rotom|tox
|
|-heal|p1a: Rotom|100/100 tox|[from] item: Leftovers
|-heal|p2a: Clodsire|71/100|[from] Grassy Terrain
|-heal|p2a: Clodsire|78/100|[from] item: Leftovers
|-damage|p1a: Rotom|94/100 tox|[from] psn
|upkeep
|turn|32
|
|t:|1760741176
|move|p1a: Rotom|Will-O-Wisp|p2a: Clodsire
|-status|p2a: Clodsire|brn
|move|p2a: Clodsire|Recover|p2a: Clodsire
|-heal|p2a: Clodsire|100/100 brn
|
|-heal|p1a: Rotom|100/100 tox|[from] item: Leftovers
|-damage|p1a: Rotom|88/100 tox|[from] psn
|-damage|p2a: Clodsire|94/100 brn|[from] brn
|-fieldend|move: Grassy Terrain
|upkeep
|turn|33
|c|☆Frosty458|i hate stall lmao
|
|t:|1760741203
|switch|p1a: Gogoat|Gogoat, F|88/100 tox
|-damage|p1a: Gogoat|76/100 tox|[from] Stealth Rock
|move|p2a: Clodsire|Toxic|p1a: Gogoat
|-fail|p1a: Gogoat|tox
|
|-heal|p2a: Clodsire|100/100 brn|[from] item: Leftovers
|-damage|p1a: Gogoat|69/100 tox|[from] psn
|-damage|p2a: Clodsire|94/100 brn|[from] brn
|upkeep
|turn|34
|
|t:|1760741218
|switch|p2a: Rillaboom|Rillaboom, M|100/100
|-fieldstart|move: Grassy Terrain|[from] ability: Grassy Surge|[of] p2a: Rillaboom
|move|p1a: Gogoat|Horn Leech|p2a: Rillaboom
|-resisted|p2a: Rillaboom
|-damage|p2a: Rillaboom|83/100
|-heal|p1a: Gogoat|77/100 tox|[from] drain|[of] p2a: Rillaboom
|
|-heal|p2a: Rillaboom|90/100|[from] Grassy Terrain
|-heal|p1a: Gogoat|83/100 tox|[from] Grassy Terrain
|-damage|p1a: Gogoat|71/100 tox|[from] psn
|upkeep
|turn|35
|
|t:|1760741235
|move|p2a: Rillaboom|Wood Hammer|p1a: Gogoat
|-ability|p1a: Gogoat|Sap Sipper|boost
|-boost|p1a: Gogoat|atk|1
|move|p1a: Gogoat|Bulk Up|p1a: Gogoat
|-boost|p1a: Gogoat|atk|1
|-boost|p1a: Gogoat|def|1
|
|-heal|p2a: Rillaboom|96/100|[from] Grassy Terrain
|-heal|p1a: Gogoat|77/100 tox|[from] Grassy Terrain
|-damage|p1a: Gogoat|58/100 tox|[from] psn
|upkeep
|turn|36
|
|t:|1760741247
|switch|p2a: Clodsire|Clodsire, M|94/100 brn
|move|p1a: Gogoat|Horn Leech|p2a: Clodsire
|-crit|p2a: Clodsire
|-damage|p2a: Clodsire|57/100 brn
|-heal|p1a: Gogoat|78/100 tox|[from] drain|[of] p2a: Clodsire
|
|-heal|p1a: Gogoat|84/100 tox|[from] Grassy Terrain
|-heal|p2a: Clodsire|63/100 brn|[from] Grassy Terrain
|-heal|p2a: Clodsire|70/100 brn|[from] item: Leftovers
|-damage|p1a: Gogoat|59/100 tox|[from] psn
|-damage|p2a: Clodsire|63/100 brn|[from] brn
|upkeep
|turn|37
|
|t:|1760741261
|move|p1a: Gogoat|Earthquake|p2a: Clodsire
|-supereffective|p2a: Clodsire
|-damage|p2a: Clodsire|47/100 brn
|move|p2a: Clodsire|Recover|p2a: Clodsire
|-heal|p2a: Clodsire|97/100 brn
|
|-heal|p1a: Gogoat|65/100 tox|[from] Grassy Terrain
|-heal|p2a: Clodsire|100/100 brn|[from] Grassy Terrain
|-damage|p1a: Gogoat|34/100 tox|[from] psn
|-damage|p2a: Clodsire|94/100 brn|[from] brn
|upkeep
|turn|38
|
|t:|1760741275
|move|p1a: Gogoat|Milk Drink|p1a: Gogoat
|-heal|p1a: Gogoat|84/100 tox
|move|p2a: Clodsire|Toxic|p1a: Gogoat
|-fail|p1a: Gogoat|tox
|
|-heal|p1a: Gogoat|90/100 tox|[from] Grassy Terrain
|-heal|p2a: Clodsire|100/100 brn|[from] Grassy Terrain
|-damage|p1a: Gogoat|53/100 tox|[from] psn
|-damage|p2a: Clodsire|94/100 brn|[from] brn
|-fieldend|move: Grassy Terrain
|upkeep
|turn|39
|
|t:|1760741291
|switch|p2a: Rillaboom|Rillaboom, M|96/100
|-fieldstart|move: Grassy Terrain|[from] ability: Grassy Surge|[of] p2a: Rillaboom
|move|p1a: Gogoat|Horn Leech|p2a: Rillaboom
|-resisted|p2a: Rillaboom
|-damage|p2a: Rillaboom|66/100
|-heal|p1a: Gogoat|66/100 tox|[from] drain|[of] p2a: Rillaboom
|
|-heal|p2a: Rillaboom|72/100|[from] Grassy Terrain
|-heal|p1a: Gogoat|72/100 tox|[from] Grassy Terrain
|-damage|p1a: Gogoat|29/100 tox|[from] psn
|upkeep
|turn|40
|
|t:|1760741323
|move|p2a: Rillaboom|U-turn|p1a: Gogoat
|-supereffective|p1a: Gogoat
|-damage|p1a: Gogoat|0 fnt
|faint|p1a: Gogoat
|
|t:|1760741343
|switch|p2a: Dragapult|Dragapult, M|57/100|[from] U-turn
|
|-heal|p2a: Dragapult|63/100|[from] Grassy Terrain
|upkeep
|
|t:|1760741350
|switch|p1a: Rotom|Rotom-Heat, tera:Electric|88/100 tox
|-damage|p1a: Rotom|75/100 tox|[from] Stealth Rock
|turn|41
|
|t:|1760741374
|move|p2a: Dragapult|Draco Meteor|p1a: Rotom
|-damage|p1a: Rotom|0 fnt
|-unboost|p2a: Dragapult|spa|2
|faint|p1a: Rotom
|
|-heal|p2a: Dragapult|69/100|[from] Grassy Terrain
|upkeep
|
|t:|1760741380
|switch|p1a: Noivern|Noivern, F|100/100
|-damage|p1a: Noivern|76/100|[from] Stealth Rock
|-item|p2a: Dragapult|Choice Specs|[from] ability: Frisk|[of] p1a: Noivern
|turn|42
|
|t:|1760741386
|move|p2a: Dragapult|Draco Meteor|p1a: Noivern
|-supereffective|p1a: Noivern
|-damage|p1a: Noivern|0 fnt
|-unboost|p2a: Dragapult|spa|2
|faint|p1a: Noivern
|
|win|Lickilicky7
|c|☆Lickilicky7|gg
|c|☆Frosty458|gg
|l|☆Frosty458
|player|p1|
