|j|☆Admin Briar
|j|☆OP Earthquakes
|t:|1760763482
|gametype|singles
|player|p1|Admin Briar|colress|1422
|player|p2|OP Earthquakes|giovanni-masters|1477
|gen|9
|tier|[Gen 9] OU
|rated|
|rule|HP Percentage Mod: HP is shown in percentages
|rule|Endless Battle Clause: Forcing endless battles is banned
|rule|Species Clause: Limit one of each Pokémon
|rule|OHKO Clause: OHKO moves are banned
|rule|Evasion Items Clause: Evasion items are banned
|rule|Evasion Moves Clause: Evasion moves are banned
|rule|Evasion Abilities Clause: Evasion abilities are banned
|rule|Sleep Moves Clause: Sleep-inducing moves are banned
|clearpoke
|poke|p1|Gyarados, M|
|poke|p1|Gliscor, F|
|poke|p1|Corviknight, F|
|poke|p1|Ninetales-Alola, M|
|poke|p1|Polteageist|
|poke|p1|Blaziken, M|
|poke|p2|Excadrill, M|
|poke|p2|Hawlucha, M|
|poke|p2|Kyurem|
|poke|p2|Tyranitar, M|
|poke|p2|Pawmot, F|
|poke|p2|Thundurus-Therian, M|
|teampreview
|inactive|Battle timer is ON: inactive players will automatically lose when time's up. (requested by OP Earthquakes)
|c|☆OP Earthquakes|GLHF!
|inactive|OP Earthquakes has 120 seconds left.
|
|t:|1760763522
|teamsize|p1|6
|teamsize|p2|6
|start
|switch|p1a: Blaziken|Blaziken, M|100/100
|switch|p2a: Shukaku|Tyranitar, M, shiny|100/100
|-weather|Sandstorm|[from] ability: Sand Stream|[of] p2a: Shukaku
|turn|1
|
|t:|1760763531
|move|p1a: Blaziken|Swords Dance|p1a: Blaziken
|-boost|p1a: Blaziken|atk|2
|move|p2a: Shukaku|Roar|p1a: Blaziken
|drag|p1a: Corviknight|Corviknight, F|100/100
|-ability|p1a: Corviknight|Pressure
|
|-weather|Sandstorm|[upkeep]
|upkeep
|turn|2
|
|t:|1760763539
|move|p1a: Corviknight|Iron Defense|p1a: Corviknight
|-boost|p1a: Corviknight|def|2
|move|p2a: Shukaku|Stealth Rock|p1a: Corviknight
|-sidestart|p1: Admin Briar|move: Stealth Rock
|
|-weather|Sandstorm|[upkeep]
|upkeep
|turn|3
|
|t:|1760763548
|switch|p2a: Thundurus|Thundurus-Therian, M|100/100
|move|p1a: Corviknight|Defog|p2a: Thundurus
|-unboost|p2a: Thundurus|evasion|1
|-sideend|p1: Admin Briar|Stealth Rock|[from] move: Defog|[of] p1a: Corviknight
|
|-weather|Sandstorm|[upkeep]
|-damage|p2a: Thundurus|94/100|[from] Sandstorm
|upkeep
|turn|4
|
|t:|1760763556
|switch|p1a: Gliscor|Gliscor, F|100/100
|move|p2a: Thundurus|Volt Switch|p1a: Gliscor
|-immune|p1a: Gliscor
|
|-weather|Sandstorm|[upkeep]
|-damage|p2a: Thundurus|88/100|[from] Sandstorm
|-status|p1a: Gliscor|tox|[from] item: Toxic Orb
|upkeep
|turn|5
|
|t:|1760763565
|switch|p2a: Frieza|Kyurem, shiny|100/100
|-ability|p2a: Frieza|Pressure
|move|p1a: Gliscor|Swords Dance|p1a: Gliscor
|-boost|p1a: Gliscor|atk|2
|
|-weather|Sandstorm|[upkeep]
|-damage|p2a: Frieza|94/100|[from] Sandstorm
|upkeep
|turn|6
|
|t:|1760763582
|-terastallize|p1a: Gliscor|Normal
|move|p2a: Frieza|Freeze-Dry|p1a: Gliscor
|-damage|p1a: Gliscor|69/100 tox
|move|p1a: Gliscor|Facade|p2a: Frieza
|-damage|p2a: Frieza|9/100
|
|-weather|Sandstorm|[upkeep]
|-damage|p2a: Frieza|3/100|[from] Sandstorm
|-damage|p1a: Gliscor|63/100 tox|[from] Sandstorm
|-heal|p1a: Gliscor|75/100 tox|[from] ability: Poison Heal
|upkeep
|turn|7
|
|t:|1760763593
|switch|p2a: Itachi|Hawlucha, M, shiny|100/100
|-ability|p2a: Itachi|Mold Breaker
|move|p1a: Gliscor|Knock Off|p2a: Itachi
|-resisted|p2a: Itachi
|-damage|p2a: Itachi|68/100
|-enditem|p2a: Itachi|Red Card|[from] move: Knock Off|[of] p1a: Gliscor
|
|-weather|Sandstorm|[upkeep]
|-damage|p2a: Itachi|62/100|[from] Sandstorm
|-damage|p1a: Gliscor|69/100 tox|[from] Sandstorm
|-heal|p1a: Gliscor|81/100 tox|[from] ability: Poison Heal
|upkeep
|turn|8
|
|t:|1760763604
|switch|p1a: Corviknight|Corviknight, F|100/100
|-ability|p1a: Corviknight|Pressure
|move|p2a: Itachi|Encore||[still]
|-fail|p2a: Itachi
|
|-weather|none
|upkeep
|turn|9
|
|t:|1760763620
|switch|p2a: Thundurus|Thundurus-Therian, M|88/100
|switch|p1a: Blaziken|Blaziken, M|100/100
|
|upkeep
|turn|10
|
|t:|1760763628
|move|p2a: Thundurus|Volt Switch|p1a: Blaziken
|-damage|p1a: Blaziken|30/100
|
|t:|1760763631
|switch|p2a: Frieza|Kyurem, shiny|3/100|[from] Volt Switch
|-ability|p2a: Frieza|Pressure
|move|p1a: Blaziken|Swords Dance|p1a: Blaziken
|-boost|p1a: Blaziken|atk|2
|
|-heal|p1a: Blaziken|36/100|[from] item: Leftovers
|-ability|p1a: Blaziken|Speed Boost|boost
|-boost|p1a: Blaziken|spe|1
|upkeep
|turn|11
|
|t:|1760763656
|move|p1a: Blaziken|Blaze Kick|p2a: Frieza
|-damage|p2a: Frieza|0 fnt
|faint|p2a: Frieza
|
|-heal|p1a: Blaziken|42/100|[from] item: Leftovers
|-ability|p1a: Blaziken|Speed Boost|boost
|-boost|p1a: Blaziken|spe|1
|upkeep
|
|t:|1760763663
|switch|p2a: Shukaku|Tyranitar, M, shiny|100/100
|-weather|Sandstorm|[from] ability: Sand Stream|[of] p2a: Shukaku
|turn|12
|
|t:|1760763667
|-terastallize|p2a: Shukaku|Ghost
|move|p1a: Blaziken|Close Combat|p2a: Shukaku
|-immune|p2a: Shukaku
|move|p2a: Shukaku|Roar|p1a: Blaziken
|drag|p1a: Corviknight|Corviknight, F|100/100
|-ability|p1a: Corviknight|Pressure
|
|-weather|Sandstorm|[upkeep]
|-damage|p2a: Shukaku|94/100|[from] Sandstorm
|upkeep
|turn|13
|
|t:|1760763678
|move|p1a: Corviknight|Iron Defense|p1a: Corviknight
|-boost|p1a: Corviknight|def|2
|move|p2a: Shukaku|Stealth Rock|p1a: Corviknight
|-sidestart|p1: Admin Briar|move: Stealth Rock
|
|-weather|Sandstorm|[upkeep]
|-damage|p2a: Shukaku|88/100|[from] Sandstorm
|upkeep
|turn|14
|
|t:|1760763684
|switch|p2a: Thundurus|Thundurus-Therian, M|88/100
|move|p1a: Corviknight|Defog|p2a: Thundurus
|-unboost|p2a: Thundurus|evasion|1
|-sideend|p1: Admin Briar|Stealth Rock|[from] move: Defog|[of] p1a: Corviknight
|
|-weather|Sandstorm|[upkeep]
|-damage|p2a: Thundurus|82/100|[from] Sandstorm
|upkeep
|turn|15
|
|t:|1760763693
|switch|p1a: Gliscor|Gliscor, F, tera:Normal|81/100 tox
|move|p2a: Thundurus|Volt Switch|p1a: Gliscor
|-damage|p1a: Gliscor|47/100 tox
|
|t:|1760763713
|switch|p2a: OP|Excadrill, M|100/100|[from] Volt Switch
|
|-weather|Sandstorm|[upkeep]
|-damage|p1a: Gliscor|40/100 tox|[from] Sandstorm
|-heal|p1a: Gliscor|53/100 tox|[from] ability: Poison Heal
|upkeep
|turn|16
|
|t:|1760763720
|switch|p2a: Thundurus|Thundurus-Therian, M|82/100
|move|p1a: Gliscor|Earthquake|p2a: Thundurus
|-immune|p2a: Thundurus
|
|-weather|Sandstorm|[upkeep]
|-damage|p2a: Thundurus|76/100|[from] Sandstorm
|-damage|p1a: Gliscor|47/100 tox|[from] Sandstorm
|-heal|p1a: Gliscor|59/100 tox|[from] ability: Poison Heal
|upkeep
|turn|17
|
|t:|1760763728
|move|p2a: Thundurus|Volt Switch|p1a: Gliscor
|-damage|p1a: Gliscor|20/100 tox
|
|t:|1760763732
|switch|p2a: OP|Excadrill, M|100/100|[from] Volt Switch
|move|p1a: Gliscor|Knock Off|p2a: OP
|-damage|p2a: OP|68/100
|-enditem|p2a: OP|Choice Band|[from] move: Knock Off|[of] p1a: Gliscor
|
|-weather|Sandstorm|[upkeep]
|-damage|p1a: Gliscor|13/100 tox|[from] Sandstorm
|-heal|p1a: Gliscor|26/100 tox|[from] ability: Poison Heal
|upkeep
|turn|18
|
|t:|1760763743
|switch|p1a: Corviknight|Corviknight, F|100/100
|-ability|p1a: Corviknight|Pressure
|move|p2a: OP|Earthquake|p1a: Corviknight
|-immune|p1a: Corviknight
|
|-weather|Sandstorm|[upkeep]
|upkeep
|turn|19
|
|t:|1760763753
|switch|p2a: Thundurus|Thundurus-Therian, M|76/100
|move|p1a: Corviknight|Body Press|p2a: Thundurus
|-resisted|p2a: Thundurus
|-damage|p2a: Thundurus|55/100
|
|-weather|none
|upkeep
|turn|20
|
|t:|1760763759
|switch|p1a: Gliscor|Gliscor, F, tera:Normal|26/100 tox
|move|p2a: Thundurus|Volt Switch|p1a: Gliscor
|-damage|p1a: Gliscor|0 fnt
|faint|p1a: Gliscor
|
|t:|1760763769
|switch|p2a: Itachi|Hawlucha, M, shiny|62/100|[from] Volt Switch
|-ability|p2a: Itachi|Mold Breaker
|
|upkeep
|
|t:|1760763774
|switch|p1a: Polteageist|Polteageist|100/100
|turn|21
|
|t:|1760763794
|switch|p2a: Shukaku|Tyranitar, M, shiny, tera:Ghost|88/100
|-weather|Sandstorm|[from] ability: Sand Stream|[of] p2a: Shukaku
|move|p1a: Polteageist|Shell Smash|p1a: Polteageist
|-unboost|p1a: Polteageist|def|1
|-unboost|p1a: Polteageist|spd|1
|-boost|p1a: Polteageist|atk|2
|-boost|p1a: Polteageist|spa|2
|-boost|p1a: Polteageist|spe|2
|
|-weather|Sandstorm|[upkeep]
|-damage|p1a: Polteageist|94/100|[from] Sandstorm
|-damage|p2a: Shukaku|82/100|[from] Sandstorm
|upkeep
|turn|22
|
|t:|1760763807
|move|p1a: Polteageist|Shadow Ball|p2a: Shukaku
|-supereffective|p2a: Shukaku
|-damage|p2a: Shukaku|0 fnt
|faint|p2a: Shukaku
|
|-weather|Sandstorm|[upkeep]
|-damage|p1a: Polteageist|88/100|[from] Sandstorm
|upkeep
|
|t:|1760763811
|switch|p2a: OP|Excadrill, M|68/100
|turn|23
|
|t:|1760763820
|switch|p1a: Corviknight|Corviknight, F|100/100
|-ability|p1a: Corviknight|Pressure
|move|p2a: OP|Iron Head|p1a: Corviknight
|-resisted|p1a: Corviknight
|-damage|p1a: Corviknight|87/100
|-damage|p2a: OP|51/100|[from] item: Rocky Helmet|[of] p1a: Corviknight
|
|-weather|Sandstorm|[upkeep]
|upkeep
|turn|24
|
|t:|1760763830
|switch|p2a: Porunga|Pawmot, F|100/100
|move|p1a: Corviknight|Iron Defense|p1a: Corviknight
|-boost|p1a: Corviknight|def|2
|
|-weather|Sandstorm|[upkeep]
|-damage|p2a: Porunga|95/100|[from] Sandstorm
|upkeep
|turn|25
|
|t:|1760763836
|move|p2a: Porunga|Revival Blessing|p2a: Porunga
|-enditem|p2a: Porunga|Leppa Berry|[eat]
|-activate|p2a: Porunga|item: Leppa Berry|Revival Blessing|[consumed]
|
|t:|1760763841
|-heal|p2: Frieza|50/100|[from] move: Revival Blessing
|move|p1a: Corviknight|Body Press|p2a: Porunga
|-damage|p2a: Porunga|24/100
|
|-weather|Sandstorm|[upkeep]
|-damage|p2a: Porunga|18/100|[from] Sandstorm
|upkeep
|turn|26
|
|t:|1760763863
|move|p2a: Porunga|Revival Blessing|p2a: Porunga
|
|t:|1760763865
|-heal|p2: Shukaku|50/100|[from] move: Revival Blessing
|move|p1a: Corviknight|Body Press|p2a: Porunga
|-damage|p2a: Porunga|0 fnt
|faint|p2a: Porunga
|
|-weather|Sandstorm|[upkeep]
|upkeep
|
|t:|1760763867
|switch|p2a: Thundurus|Thundurus-Therian, M|55/100
|turn|27
|
|t:|1760763875
|move|p2a: Thundurus|Volt Switch|p1a: Corviknight
|-supereffective|p1a: Corviknight
|-damage|p1a: Corviknight|0 fnt
|faint|p1a: Corviknight
|
|t:|1760763882
|switch|p2a: Itachi|Hawlucha, M, shiny|62/100|[from] Volt Switch
|-ability|p2a: Itachi|Mold Breaker
|
|-weather|Sandstorm|[upkeep]
|-damage|p2a: Itachi|56/100|[from] Sandstorm
|upkeep
|
|t:|1760763888
|switch|p1a: Polteageist|Polteageist|88/100
|turn|28
|
|t:|1760763903
|move|p2a: Itachi|Brave Bird|p1a: Polteageist
|-damage|p1a: Polteageist|0 fnt
|faint|p1a: Polteageist
|-damage|p2a: Itachi|30/100|[from] Recoil
|
|-weather|none
|upkeep
|
|t:|1760763912
|switch|p1a: Ninetales|Ninetales-Alola, M|100/100
|-weather|Snowscape|[from] ability: Snow Warning|[of] p1a: Ninetales
|turn|29
|
|t:|1760763918
|switch|p2a: Shukaku|Tyranitar, M, shiny|50/100
|-weather|Sandstorm|[from] ability: Sand Stream|[of] p2a: Shukaku
|move|p1a: Ninetales|Moonblast|p2a: Shukaku
|-supereffective|p2a: Shukaku
|-damage|p2a: Shukaku|0 fnt
|faint|p2a: Shukaku
|
|-weather|Sandstorm|[upkeep]
|-damage|p1a: Ninetales|95/100|[from] Sandstorm
|upkeep
|
|t:|1760763934
|switch|p2a: Thundurus|Thundurus-Therian, M|55/100
|turn|30
|
|t:|1760763938
|switch|p1a: Blaziken|Blaziken, M|42/100
|move|p2a: Thundurus|Weather Ball|p1a: Blaziken
|-damage|p1a: Blaziken|0 fnt
|faint|p1a: Blaziken
|
|-weather|Sandstorm|[upkeep]
|-damage|p2a: Thundurus|49/100|[from] Sandstorm
|upkeep
|
|t:|1760763945
|switch|p1a: Ninetales|Ninetales-Alola, M|95/100
|-weather|Snowscape|[from] ability: Snow Warning|[of] p1a: Ninetales
|turn|31
|
|t:|1760763949
|switch|p2a: Itachi|Hawlucha, M, shiny|30/100
|-ability|p2a: Itachi|Mold Breaker
|move|p1a: Ninetales|Aurora Veil|p1a: Ninetales
|-sidestart|p1: Admin Briar|move: Aurora Veil
|
|-weather|Snowscape|[upkeep]
|upkeep
|turn|32
|
|t:|1760763961
|move|p2a: Itachi|Encore|p1a: Ninetales
|-start|p1a: Ninetales|Encore
|move|p1a: Ninetales|Aurora Veil||[still]
|-fail|p1a: Ninetales
|
|-weather|Snowscape|[upkeep]
|upkeep
|turn|33
|
|t:|1760763966
|switch|p1a: Gyarados|Gyarados, M|100/100
|move|p2a: Itachi|Defog|p1a: Gyarados
|-unboost|p1a: Gyarados|evasion|1
|-sideend|p1: Admin Briar|move: Aurora Veil
|
|-weather|Snowscape|[upkeep]
|upkeep
|turn|34
|
|t:|1760763979
|switch|p2a: Thundurus|Thundurus-Therian, M|49/100
|move|p1a: Gyarados|Dragon Dance|p1a: Gyarados
|-boost|p1a: Gyarados|atk|1
|-boost|p1a: Gyarados|spe|1
|
|-weather|Snowscape|[upkeep]
|upkeep
|turn|35
|
|t:|1760763985
|move|p2a: Thundurus|Volt Switch|p1a: Gyarados
|-supereffective|p1a: Gyarados
|-damage|p1a: Gyarados|0 fnt
|faint|p1a: Gyarados
|
|t:|1760763991
|switch|p2a: OP|Excadrill, M|51/100|[from] Volt Switch
|
|-weather|none
|upkeep
|
|t:|1760763994
|switch|p1a: Ninetales|Ninetales-Alola, M|95/100
|-weather|Snowscape|[from] ability: Snow Warning|[of] p1a: Ninetales
|turn|36
|c|☆OP Earthquakes|GG
|c|☆Admin Briar|Damn, not a single earthquake
|c|☆Admin Briar|disappointing
|-message|Admin Briar forfeited.
|
|win|OP Earthquakes
|raw|Admin Briar's rating: 1422 &rarr; <strong>1405</strong><br />(-17 for losing)
|raw|OP Earthquakes's rating: 1477 &rarr; <strong>1494</strong><br />(+17 for winning)
|l|☆Admin Briar
|player|p1|
|l|☆OP Earthquakes
|player|p2|
