|j|☆PikachuStupid90
|j|☆pikapikabetis
|t:|1760718716
|gametype|singles
|player|p1|PikachuStupid90|miku-flying|1298
|player|p2|pikapikabetis|1|1251
|gen|9
|tier|[Gen 9] OU
|rated|
|rule|HP Percentage Mod: HP is shown in percentages
|rule|Endless Battle Clause: Forcing endless battles is banned
|rule|Species Clause: Limit one of each Pokémon
|rule|OHKO Clause: OHKO moves are banned
|rule|Evasion Items Clause: Evasion items are banned
|rule|Evasion Moves Clause: Evasion moves are banned
|rule|Evasion Abilities Clause: Evasion abilities are banned
|rule|Sleep Moves Clause: Sleep-inducing moves are banned
|clearpoke
|poke|p1|Weavile, M|
|poke|p1|Tornadus-Therian, M|
|poke|p1|Dragonite, M|
|poke|p1|Alomomola, M|
|poke|p1|Clodsire, F|
|poke|p1|Great Tusk|
|poke|p2|Iron Crown|
|poke|p2|Samurott-Hisui, M|
|poke|p2|Weezing-Galar, F|
|poke|p2|Blaziken, M|
|poke|p2|Milotic, M|
|poke|p2|Zebstrika, F|
|teampreview
|inactive|Battle timer is ON: inactive players will automatically lose when time's up. (requested by PikachuStupid90)
|
|t:|1760718738
|teamsize|p1|6
|teamsize|p2|6
|start
|switch|p1a: Alomomola|Alomomola, M|100/100
|switch|p2a: Zebstrika|Zebstrika, F|100/100
|-item|p2a: Zebstrika|Air Balloon
|turn|1
|
|t:|1760718754
|switch|p1a: Clodsire|Clodsire, F|100/100
|move|p2a: Zebstrika|Taunt|p1a: Clodsire
|-start|p1a: Clodsire|move: Taunt
|
|upkeep
|turn|2
|
|t:|1760718769
|switch|p2a: Iron Crown|Iron Crown|100/100
|switch|p1a: Alomomola|Alomomola, M|100/100
|
|upkeep
|turn|3
|
|t:|1760718783
|move|p2a: Iron Crown|Future Sight|p1a: Alomomola
|-start|p2a: Iron Crown|move: Future Sight
|move|p1a: Alomomola|Flip Turn|p2a: Iron Crown
|-damage|p2a: Iron Crown|86/100
|
|t:|1760718788
|switch|p1a: Weavile|Weavile, M|100/100|[from] Flip Turn
|-ability|p1a: Weavile|Pressure
|
|upkeep
|turn|4
|
|t:|1760718798
|-end|p2a: Iron Crown|Quark Drive|[silent]
|switch|p2a: Weezing|Weezing-Galar, F|100/100
|move|p1a: Weavile|Hone Claws|p1a: Weavile
|-boost|p1a: Weavile|atk|1
|-boost|p1a: Weavile|accuracy|1
|
|upkeep
|turn|5
|
|t:|1760718806
|move|p1a: Weavile|Triple Axel|p2a: Weezing
|-damage|p2a: Weezing|92/100
|-damage|p2a: Weezing|76/100
|-damage|p2a: Weezing|54/100
|-hitcount|p2a: Weezing|3
|move|p2a: Weezing|Clear Smog|p1a: Weavile
|-damage|p1a: Weavile|84/100
|-clearboost|p1a: Weavile
|
|-end|p1a: Weavile|move: Future Sight
|-immune|p1a: Weavile
|-heal|p2a: Weezing|60/100|[from] item: Black Sludge
|upkeep
|turn|6
|
|t:|1760718824
|switch|p1a: Clodsire|Clodsire, F|100/100
|move|p2a: Weezing|Toxic Spikes|p1a: Clodsire
|-sidestart|p1: PikachuStupid90|move: Toxic Spikes
|
|-heal|p2a: Weezing|66/100|[from] item: Black Sludge
|upkeep
|turn|7
|
|t:|1760718832
|move|p2a: Weezing|Toxic Spikes|p1a: Clodsire
|-sidestart|p1: PikachuStupid90|move: Toxic Spikes
|move|p1a: Clodsire|Spikes|p2a: Weezing
|-sidestart|p2: pikapikabetis|Spikes
|
|-heal|p2a: Weezing|72/100|[from] item: Black Sludge
|upkeep
|turn|8
|
|t:|1760718842
|switch|p2a: Iron Crown|Iron Crown|86/100
|-damage|p2a: Iron Crown|74/100|[from] Spikes
|move|p1a: Clodsire|Spikes|p2a: Iron Crown
|-sidestart|p2: pikapikabetis|Spikes
|
|upkeep
|turn|9
|
|t:|1760718851
|move|p2a: Iron Crown|Flash Cannon|p1a: Clodsire
|-damage|p1a: Clodsire|78/100
|move|p1a: Clodsire|Earthquake|p2a: Iron Crown
|-supereffective|p2a: Iron Crown
|-damage|p2a: Iron Crown|29/100
|
|upkeep
|turn|10
|
|t:|1760718876
|-end|p2a: Iron Crown|Quark Drive|[silent]
|switch|p2a: Milotic|Milotic, M|100/100
|-damage|p2a: Milotic|84/100|[from] Spikes
|move|p1a: Clodsire|Spikes|p2a: Milotic
|-sidestart|p2: pikapikabetis|Spikes
|
|-heal|p2a: Milotic|90/100|[from] item: Leftovers
|upkeep
|turn|11
|
|t:|1760718886
|move|p2a: Milotic|Draining Kiss|p1a: Clodsire
|-resisted|p1a: Clodsire
|-damage|p1a: Clodsire|75/100
|-heal|p2a: Milotic|93/100|[from] drain|[of] p1a: Clodsire
|move|p1a: Clodsire|Toxic|p2a: Milotic
|-status|p2a: Milotic|tox
|
|-heal|p2a: Milotic|99/100 tox|[from] item: Leftovers
|-damage|p2a: Milotic|93/100 tox|[from] psn
|upkeep
|turn|12
|
|t:|1760718898
|switch|p2a: Blaziken|Blaziken, M|100/100
|-damage|p2a: Blaziken|76/100|[from] Spikes
|move|p1a: Clodsire|Earthquake|p2a: Blaziken
|-supereffective|p2a: Blaziken
|-damage|p2a: Blaziken|0 fnt
|faint|p2a: Blaziken
|
|upkeep
|
|t:|1760718908
|switch|p2a: Samurott|Samurott-Hisui, M|100/100
|-damage|p2a: Samurott|76/100|[from] Spikes
|turn|13
|
|t:|1760718914
|move|p2a: Samurott|Aerial Ace|p1a: Clodsire
|-damage|p1a: Clodsire|44/100
|move|p1a: Clodsire|Toxic|p2a: Samurott
|-status|p2a: Samurott|tox
|
|-damage|p2a: Samurott|69/100 tox|[from] psn
|upkeep
|turn|14
|
|t:|1760718922
|move|p2a: Samurott|Aerial Ace|p1a: Clodsire
|-damage|p1a: Clodsire|16/100
|move|p1a: Clodsire|Recover|p1a: Clodsire
|-heal|p1a: Clodsire|66/100
|
|-damage|p2a: Samurott|57/100 tox|[from] psn
|upkeep
|turn|15
|
|t:|1760718932
|switch|p2a: Iron Crown|Iron Crown|29/100
|-damage|p2a: Iron Crown|4/100|[from] Spikes
|move|p1a: Clodsire|Recover|p1a: Clodsire
|-heal|p1a: Clodsire|100/100
|
|upkeep
|turn|16
|
|t:|1760718943
|move|p2a: Iron Crown|Future Sight|p1a: Clodsire
|-start|p2a: Iron Crown|move: Future Sight
|move|p1a: Clodsire|Earthquake|p2a: Iron Crown
|-supereffective|p2a: Iron Crown
|-damage|p2a: Iron Crown|0 fnt
|faint|p2a: Iron Crown
|-end|p2a: Iron Crown|Quark Drive|[silent]
|
|upkeep
|
|t:|1760718952
|switch|p2a: Samurott|Samurott-Hisui, M|57/100 tox
|-damage|p2a: Samurott|32/100 tox|[from] Spikes
|turn|17
|
|t:|1760718959
|switch|p1a: Alomomola|Alomomola, M|100/100
|move|p2a: Samurott|Ceaseless Edge|p1a: Alomomola
|-damage|p1a: Alomomola|78/100
|-sidestart|p1: PikachuStupid90|Spikes
|
|-damage|p2a: Samurott|26/100 tox|[from] psn
|upkeep
|turn|18
|
|t:|1760718968
|move|p2a: Samurott|Ceaseless Edge|p1a: Alomomola
|-damage|p1a: Alomomola|55/100
|-sidestart|p1: PikachuStupid90|Spikes
|move|p1a: Alomomola|Wish|p1a: Alomomola
|
|-end|p1a: Alomomola|move: Future Sight
|-damage|p1a: Alomomola|0 fnt
|faint|p1a: Alomomola
|-damage|p2a: Samurott|13/100 tox|[from] psn
|upkeep
|
|t:|1760718977
|switch|p1a: Weavile|Weavile, M|84/100
|-ability|p1a: Weavile|Pressure
|turn|19
|
|t:|1760718982
|move|p2a: Samurott|Ceaseless Edge|p1a: Weavile
|-resisted|p1a: Weavile
|-damage|p1a: Weavile|54/100
|-sidestart|p1: PikachuStupid90|Spikes
|move|p1a: Weavile|Hone Claws|p1a: Weavile
|-boost|p1a: Weavile|atk|1
|-boost|p1a: Weavile|accuracy|1
|
|-heal|p1a: Weavile|100/100|[from] move: Wish|[wisher] Alomomola
|-damage|p2a: Samurott|0 fnt|[from] psn
|faint|p2a: Samurott
|upkeep
|
|t:|1760718997
|switch|p2a: Zebstrika|Zebstrika, F|100/100
|-item|p2a: Zebstrika|Air Balloon
|turn|20
|
|t:|1760719004
|move|p1a: Weavile|Triple Axel|p2a: Zebstrika
|-damage|p2a: Zebstrika|81/100
|-enditem|p2a: Zebstrika|Air Balloon
|-damage|p2a: Zebstrika|41/100
|-damage|p2a: Zebstrika|0 fnt
|faint|p2a: Zebstrika
|-hitcount|p2: Zebstrika|3
|
|upkeep
|-message|pikapikabetis forfeited.
|
|win|PikachuStupid90
|raw|PikachuStupid90's rating: 1298 &rarr; <strong>1320</strong><br />(+22 for winning)
|raw|pikapikabetis's rating: 1251 &rarr; <strong>1229</strong><br />(-22 for losing)
|l|☆pikapikabetis
|player|p2|
|l|☆PikachuStupid90
|player|p1|
