|j|☆Berryjuicejoy
|j|☆bigredsword
|t:|1760776041
|gametype|singles
|player|p1|Berryjuicejoy|karen-gen2|1282
|player|p2|bigredsword|170|1412
|gen|9
|tier|[Gen 9] OU
|rated|
|rule|HP Percentage Mod: HP is shown in percentages
|rule|Endless Battle Clause: Forcing endless battles is banned
|rule|Species Clause: Limit one of each Pokémon
|rule|OHKO Clause: OHKO moves are banned
|rule|Evasion Items Clause: Evasion items are banned
|rule|Evasion Moves Clause: Evasion moves are banned
|rule|Evasion Abilities Clause: Evasion abilities are banned
|rule|Sleep Moves Clause: Sleep-inducing moves are banned
|clearpoke
|poke|p1|Darkrai|
|poke|p1|Kyurem|
|poke|p1|Enamorus-Therian, F|
|poke|p1|Slowking-Galar, F|
|poke|p1|Cinderace, F|
|poke|p1|Tentacruel, F|
|poke|p2|Kyurem|
|poke|p2|Corviknight, F|
|poke|p2|Ting-Lu|
|poke|p2|Dondozo, M|
|poke|p2|Slowking-Galar, L99, F|
|poke|p2|Cinderace, M|
|teampreview
|inactive|Battle timer is ON: inactive players will automatically lose when time's up. (requested by bigredsword)
|
|t:|1760776090
|teamsize|p1|6
|teamsize|p2|6
|start
|switch|p1a: Cinderace|Cinderace, F|100/100
|switch|p2a: Cinderace|Cinderace, M|100/100
|turn|1
|
|t:|1760776111
|move|p2a: Cinderace|U-turn|p1a: Cinderace
|-resisted|p1a: Cinderace
|-damage|p1a: Cinderace|87/100
|
|t:|1760776116
|switch|p2a: Dondozo|Dondozo, M|100/100|[from] U-turn
|move|p1a: Cinderace|Pyro Ball|p2a: Dondozo
|-resisted|p2a: Dondozo
|-damage|p2a: Dondozo|87/100
|
|-heal|p2a: Dondozo|93/100|[from] item: Leftovers
|upkeep
|turn|2
|
|t:|1760776119
|move|p1a: Cinderace|U-turn|p2a: Dondozo
|-start|p1a: Cinderace|typechange|Bug|[from] ability: Libero
|-damage|p2a: Dondozo|77/100
|
|t:|1760776122
|switch|p1a: Kyurem|Kyurem|100/100|[from] U-turn
|-ability|p1a: Kyurem|Pressure
|move|p2a: Dondozo|Waterfall|p1a: Kyurem
|-resisted|p1a: Kyurem
|-damage|p1a: Kyurem|87/100
|
|-heal|p2a: Dondozo|83/100|[from] item: Leftovers
|upkeep
|turn|3
|
|t:|1760776128
|switch|p2a: Slowking|Slowking-Galar, L99, F|100/100
|move|p1a: Kyurem|Freeze-Dry|p2a: Slowking
|-damage|p2a: Slowking|77/100
|
|upkeep
|turn|4
|
|t:|1760776133
|switch|p1a: Slowking|Slowking-Galar, F|100/100
|move|p2a: Slowking|Toxic|p1a: Slowking
|-immune|p1a: Slowking
|
|upkeep
|turn|5
|
|t:|1760776137
|move|p1a: Slowking|Future Sight|p2a: Slowking
|-start|p1a: Slowking|move: Future Sight
|move|p2a: Slowking|Future Sight|p1a: Slowking
|-start|p2a: Slowking|move: Future Sight
|
|upkeep
|turn|6
|
|t:|1760776142
|-prepare|p1a: Slowking|Chilly Reception|[premajor]
|move|p1a: Slowking|Chilly Reception|p1a: Slowking
|-weather|Snowscape
|j| Fuck xieeee
|
|t:|1760776148
|switch|p1a: Darkrai|Darkrai|100/100|[from] Chilly Reception
|-prepare|p2a: Slowking|Chilly Reception|[premajor]
|move|p2a: Slowking|Chilly Reception|p2a: Slowking
|l| Fuck xieeee
|
|t:|1760776161
|switch|p2a: Ting-Lu|Ting-Lu|100/100|[from] Chilly Reception
|-ability|p2a: Ting-Lu|Vessel of Ruin
|
|-weather|Snowscape|[upkeep]
|upkeep
|turn|7
|
|t:|1760776165
|move|p1a: Darkrai|Ice Beam|p2a: Ting-Lu
|-supereffective|p2a: Ting-Lu
|-damage|p2a: Ting-Lu|65/100
|-damage|p1a: Darkrai|91/100|[from] item: Life Orb
|move|p2a: Ting-Lu|Earthquake|p1a: Darkrai
|-crit|p1a: Darkrai
|-damage|p1a: Darkrai|12/100
|
|-weather|Snowscape|[upkeep]
|-end|p1a: Darkrai|move: Future Sight
|-immune|p1a: Darkrai
|-end|p2a: Ting-Lu|move: Future Sight
|-immune|p2a: Ting-Lu
|-heal|p2a: Ting-Lu|71/100|[from] item: Leftovers
|upkeep
|turn|8
|
|t:|1760776178
|move|p1a: Darkrai|Ice Beam|p2a: Ting-Lu
|-supereffective|p2a: Ting-Lu
|-damage|p2a: Ting-Lu|37/100
|-damage|p1a: Darkrai|2/100|[from] item: Life Orb
|move|p2a: Ting-Lu|Payback|p1a: Darkrai
|-resisted|p1a: Darkrai
|-damage|p1a: Darkrai|0 fnt
|faint|p1a: Darkrai
|
|-weather|Snowscape|[upkeep]
|-heal|p2a: Ting-Lu|44/100|[from] item: Leftovers
|upkeep
|
|t:|1760776183
|switch|p1a: Kyurem|Kyurem|87/100
|-ability|p1a: Kyurem|Pressure
|turn|9
|
|t:|1760776187
|switch|p2a: Slowking|Slowking-Galar, L99, F|100/100
|move|p1a: Kyurem|Ice Beam|p2a: Slowking
|-damage|p2a: Slowking|70/100
|
|-weather|Snowscape|[upkeep]
|upkeep
|turn|10
|
|t:|1760776191
|switch|p1a: Slowking|Slowking-Galar, F|100/100
|move|p2a: Slowking|Toxic|p1a: Slowking
|-immune|p1a: Slowking
|
|-weather|none
|upkeep
|turn|11
|
|t:|1760776193
|move|p1a: Slowking|Future Sight|p2a: Slowking
|-start|p1a: Slowking|move: Future Sight
|move|p2a: Slowking|Future Sight|p1a: Slowking
|-start|p2a: Slowking|move: Future Sight
|
|upkeep
|turn|12
|
|t:|1760776197
|-prepare|p1a: Slowking|Chilly Reception|[premajor]
|move|p1a: Slowking|Chilly Reception|p1a: Slowking
|-weather|Snowscape
|
|t:|1760776202
|switch|p1a: Cinderace|Cinderace, F|87/100|[from] Chilly Reception
|-prepare|p2a: Slowking|Chilly Reception|[premajor]
|move|p2a: Slowking|Chilly Reception|p2a: Slowking
|
|t:|1760776215
|switch|p2a: Dondozo|Dondozo, M|83/100|[from] Chilly Reception
|
|-weather|Snowscape|[upkeep]
|-heal|p2a: Dondozo|89/100|[from] item: Leftovers
|upkeep
|turn|13
|
|t:|1760776218
|move|p1a: Cinderace|U-turn|p2a: Dondozo
|-start|p1a: Cinderace|typechange|Bug|[from] ability: Libero
|-damage|p2a: Dondozo|74/100
|
|t:|1760776224
|switch|p1a: Slowking|Slowking-Galar, F|100/100|[from] U-turn
|move|p2a: Dondozo|Waterfall|p1a: Slowking
|-damage|p1a: Slowking|73/100
|
|-weather|Snowscape|[upkeep]
|-end|p2a: Dondozo|move: Future Sight
|-damage|p2a: Dondozo|16/100
|-end|p1a: Slowking|move: Future Sight
|-damage|p1a: Slowking|40/100
|-heal|p2a: Dondozo|23/100|[from] item: Leftovers
|upkeep
|turn|14
|
|t:|1760776233
|move|p2a: Dondozo|Rest|p2a: Dondozo
|-status|p2a: Dondozo|slp|[from] move: Rest
|-heal|p2a: Dondozo|100/100 slp|[silent]
|move|p1a: Slowking|Future Sight|p2a: Dondozo
|-start|p1a: Slowking|move: Future Sight
|
|-weather|Snowscape|[upkeep]
|upkeep
|turn|15
|
|t:|1760776245
|cant|p2a: Dondozo|slp
|-prepare|p1a: Slowking|Chilly Reception|[premajor]
|move|p1a: Slowking|Chilly Reception|p1a: Slowking
|
|t:|1760776250
|switch|p1a: Kyurem|Kyurem|87/100|[from] Chilly Reception
|-ability|p1a: Kyurem|Pressure
|
|-weather|Snowscape|[upkeep]
|upkeep
|turn|16
|
|t:|1760776257
|switch|p2a: Slowking|Slowking-Galar, L99, F|100/100
|move|p1a: Kyurem|Freeze-Dry|p2a: Slowking
|-damage|p2a: Slowking|79/100
|
|-weather|none
|-end|p2a: Slowking|move: Future Sight
|-damage|p2a: Slowking|44/100
|upkeep
|turn|17
|
|t:|1760776268
|switch|p1a: Slowking|Slowking-Galar, F|73/100
|move|p2a: Slowking|Future Sight|p1a: Slowking
|-start|p2a: Slowking|move: Future Sight
|
|upkeep
|turn|18
|
|t:|1760776272
|move|p1a: Slowking|Future Sight|p2a: Slowking
|-start|p1a: Slowking|move: Future Sight
|-prepare|p2a: Slowking|Chilly Reception|[premajor]
|move|p2a: Slowking|Chilly Reception|p2a: Slowking
|-weather|Snowscape
|
|t:|1760776275
|switch|p2a: Ting-Lu|Ting-Lu|44/100|[from] Chilly Reception
|-ability|p2a: Ting-Lu|Vessel of Ruin
|
|-weather|Snowscape|[upkeep]
|-heal|p2a: Ting-Lu|50/100|[from] item: Leftovers
|upkeep
|turn|19
|
|t:|1760776286
|switch|p1a: Enamorus|Enamorus-Therian, F|100/100
|move|p2a: Ting-Lu|Earthquake|p1a: Enamorus
|-immune|p1a: Enamorus
|
|-weather|Snowscape|[upkeep]
|-end|p1a: Enamorus|move: Future Sight
|-damage|p1a: Enamorus|81/100
|-heal|p2a: Ting-Lu|56/100|[from] item: Leftovers
|upkeep
|turn|20
|
|t:|1760776290
|move|p1a: Enamorus|Moonblast|p2a: Ting-Lu
|-supereffective|p2a: Ting-Lu
|-damage|p2a: Ting-Lu|6/100
|-unboost|p2a: Ting-Lu|spa|1
|move|p2a: Ting-Lu|Rest|p2a: Ting-Lu
|-status|p2a: Ting-Lu|slp|[from] move: Rest
|-heal|p2a: Ting-Lu|100/100 slp|[silent]
|
|-weather|Snowscape|[upkeep]
|-end|p2a: Ting-Lu|move: Future Sight
|-immune|p2a: Ting-Lu
|upkeep
|turn|21
|
|t:|1760776298
|switch|p2a: Slowking|Slowking-Galar, L99, F|77/100
|move|p1a: Enamorus|Moonblast|p2a: Slowking
|-resisted|p2a: Slowking
|-damage|p2a: Slowking|61/100
|
|-weather|Snowscape|[upkeep]
|upkeep
|turn|22
|
|t:|1760776300
|-terastallize|p1a: Enamorus|Ground
|move|p1a: Enamorus|Tera Blast|p2a: Slowking|[anim] Tera Blast Ground
|-supereffective|p2a: Slowking
|-damage|p2a: Slowking|0 fnt
|faint|p2a: Slowking
|
|-weather|none
|upkeep
|
|t:|1760776325
|switch|p2a: Kyurem|Kyurem|100/100
|-ability|p2a: Kyurem|Pressure
|turn|23
|
|t:|1760776336
|switch|p1a: Tentacruel|Tentacruel, F|100/100
|move|p2a: Kyurem|Protect||[still]
|-fail|p2a: Kyurem
|
|upkeep
|turn|24
|
|t:|1760776339
|move|p2a: Kyurem|Substitute|p2a: Kyurem
|-start|p2a: Kyurem|Substitute
|-damage|p2a: Kyurem|75/100
|move|p1a: Tentacruel|Dazzling Gleam|p2a: Kyurem
|-supereffective|p2a: Kyurem
|-end|p2a: Kyurem|Substitute
|
|-heal|p2a: Kyurem|82/100|[from] item: Leftovers
|upkeep
|turn|25
|
|t:|1760776348
|move|p2a: Kyurem|Protect|p2a: Kyurem
|-singleturn|p2a: Kyurem|Protect
|move|p1a: Tentacruel|Dazzling Gleam|p2a: Kyurem
|-activate|p2a: Kyurem|move: Protect
|
|-heal|p2a: Kyurem|88/100|[from] item: Leftovers
|upkeep
|turn|26
|
|t:|1760776351
|move|p2a: Kyurem|Substitute|p2a: Kyurem
|-start|p2a: Kyurem|Substitute
|-damage|p2a: Kyurem|63/100
|move|p1a: Tentacruel|Dazzling Gleam|p2a: Kyurem
|-supereffective|p2a: Kyurem
|-end|p2a: Kyurem|Substitute
|
|-heal|p2a: Kyurem|69/100|[from] item: Leftovers
|upkeep
|turn|27
|
|t:|1760776353
|move|p2a: Kyurem|Protect|p2a: Kyurem
|-singleturn|p2a: Kyurem|Protect
|move|p1a: Tentacruel|Dazzling Gleam|p2a: Kyurem
|-activate|p2a: Kyurem|move: Protect
|
|-heal|p2a: Kyurem|75/100|[from] item: Leftovers
|upkeep
|turn|28
|
|t:|1760776355
|move|p2a: Kyurem|Substitute|p2a: Kyurem
|-start|p2a: Kyurem|Substitute
|-damage|p2a: Kyurem|50/100
|move|p1a: Tentacruel|Dazzling Gleam|p2a: Kyurem
|-supereffective|p2a: Kyurem
|-end|p2a: Kyurem|Substitute
|
|-heal|p2a: Kyurem|56/100|[from] item: Leftovers
|upkeep
|turn|29
|
|t:|1760776357
|move|p2a: Kyurem|Protect|p2a: Kyurem
|-singleturn|p2a: Kyurem|Protect
|move|p1a: Tentacruel|Dazzling Gleam|p2a: Kyurem
|-activate|p2a: Kyurem|move: Protect
|
|-heal|p2a: Kyurem|63/100|[from] item: Leftovers
|upkeep
|turn|30
|
|t:|1760776366
|move|p2a: Kyurem|Substitute|p2a: Kyurem
|-start|p2a: Kyurem|Substitute
|-damage|p2a: Kyurem|38/100
|move|p1a: Tentacruel|Dazzling Gleam|p2a: Kyurem
|-supereffective|p2a: Kyurem
|-end|p2a: Kyurem|Substitute
|
|-heal|p2a: Kyurem|44/100|[from] item: Leftovers
|upkeep
|turn|31
|
|t:|1760776373
|move|p2a: Kyurem|Protect|p2a: Kyurem
|-singleturn|p2a: Kyurem|Protect
|move|p1a: Tentacruel|Dazzling Gleam|p2a: Kyurem
|-activate|p2a: Kyurem|move: Protect
|
|-heal|p2a: Kyurem|50/100|[from] item: Leftovers
|upkeep
|turn|32
|
|t:|1760776376
|move|p2a: Kyurem|Substitute|p2a: Kyurem
|-start|p2a: Kyurem|Substitute
|-damage|p2a: Kyurem|25/100
|move|p1a: Tentacruel|Sludge Wave|p2a: Kyurem
|-crit|p2a: Kyurem
|-end|p2a: Kyurem|Substitute
|
|-heal|p2a: Kyurem|31/100|[from] item: Leftovers
|upkeep
|turn|33
|
|t:|1760776380
|move|p2a: Kyurem|Protect|p2a: Kyurem
|-singleturn|p2a: Kyurem|Protect
|move|p1a: Tentacruel|Sludge Wave|p2a: Kyurem
|-activate|p2a: Kyurem|move: Protect
|
|-heal|p2a: Kyurem|37/100|[from] item: Leftovers
|upkeep
|turn|34
|
|t:|1760776381
|move|p2a: Kyurem|Substitute|p2a: Kyurem
|-start|p2a: Kyurem|Substitute
|-damage|p2a: Kyurem|12/100
|move|p1a: Tentacruel|Sludge Wave|p2a: Kyurem
|-end|p2a: Kyurem|Substitute
|
|-heal|p2a: Kyurem|19/100|[from] item: Leftovers
|upkeep
|turn|35
|
|t:|1760776386
|move|p2a: Kyurem|Protect|p2a: Kyurem
|-singleturn|p2a: Kyurem|Protect
|move|p1a: Tentacruel|Sludge Wave|p2a: Kyurem
|-activate|p2a: Kyurem|move: Protect
|
|-heal|p2a: Kyurem|25/100|[from] item: Leftovers
|upkeep
|turn|36
|
|t:|1760776390
|move|p2a: Kyurem|Freeze-Dry|p1a: Tentacruel
|-supereffective|p1a: Tentacruel
|-damage|p1a: Tentacruel|58/100
|move|p1a: Tentacruel|Sludge Wave|p2a: Kyurem
|-damage|p2a: Kyurem|0 fnt
|faint|p2a: Kyurem
|
|upkeep
|-message|bigredsword forfeited.
|
|win|Berryjuicejoy
|raw|Berryjuicejoy's rating: 1282 &rarr; <strong>1316</strong><br />(+34 for winning)
|raw|bigredsword's rating: 1412 &rarr; <strong>1385</strong><br />(-27 for losing)
|l|☆bigredsword
|player|p2|
|l|☆Berryjuicejoy
|player|p1|
