|j|☆pegasofenix
|j|☆lightcord
|t:|1760775835
|gametype|singles
|player|p1|pegasofenix|lance|1233
|player|p2|lightcord|102|1280
|gen|9
|tier|[Gen 9] OU
|rated|
|rule|HP Percentage Mod: HP is shown in percentages
|rule|Endless Battle Clause: Forcing endless battles is banned
|rule|Species Clause: Limit one of each Pokémon
|rule|OHKO Clause: OHKO moves are banned
|rule|Evasion Items Clause: Evasion items are banned
|rule|Evasion Moves Clause: Evasion moves are banned
|rule|Evasion Abilities Clause: Evasion abilities are banned
|rule|Sleep Moves Clause: Sleep-inducing moves are banned
|clearpoke
|poke|p1|Charizard, M|
|poke|p1|Torkoal, M|
|poke|p1|Sandy Shocks|
|poke|p1|Kleavor, F|
|poke|p1|Venusaur, M|
|poke|p1|Tauros-Paldea-Aqua, M|
|poke|p2|Pelipper, M|
|poke|p2|Alomomola, F|
|poke|p2|Kyurem|
|poke|p2|Walking Wake|
|poke|p2|Landorus-Therian, M|
|poke|p2|Serperior, M|
|teampreview
|inactive|Battle timer is ON: inactive players will automatically lose when time's up. (requested by lightcord)
|
|t:|1760775845
|teamsize|p1|6
|teamsize|p2|6
|start
|switch|p1a: Sandy Shocks|Sandy Shocks, shiny|100/100
|switch|p2a: Pelipper|Pelipper, M|100/100
|-weather|RainDance|[from] ability: Drizzle|[of] p2a: Pelipper
|turn|1
|
|t:|1760775859
|switch|p2a: Landorus|Landorus-Therian, M|100/100
|-ability|p2a: Landorus|Intimidate|boost
|-unboost|p1a: Sandy Shocks|atk|1
|move|p1a: Sandy Shocks|Volt Switch|p2a: Landorus
|-immune|p2a: Landorus
|
|-weather|RainDance|[upkeep]
|upkeep
|turn|2
|
|t:|1760775868
|-terastallize|p1a: Sandy Shocks|Ice
|move|p1a: Sandy Shocks|Tera Blast|p2a: Landorus|[anim] Tera Blast Ice
|-supereffective|p2a: Landorus
|-damage|p2a: Landorus|0 fnt
|faint|p2a: Landorus
|-damage|p1a: Sandy Shocks|91/100|[from] item: Life Orb
|
|-weather|RainDance|[upkeep]
|upkeep
|inactive|lightcord has 120 seconds left.
|
|t:|1760775899
|switch|p2a: Kyurem|Kyurem|100/100
|-ability|p2a: Kyurem|Pressure
|turn|3
|
|t:|1760775906
|move|p1a: Sandy Shocks|Tera Blast|p2a: Kyurem|[anim] Tera Blast Ice
|-damage|p2a: Kyurem|48/100
|-damage|p1a: Sandy Shocks|81/100|[from] item: Life Orb
|move|p2a: Kyurem|Weather Ball|p1a: Sandy Shocks
|-damage|p1a: Sandy Shocks|0 fnt
|faint|p1a: Sandy Shocks
|-end|p1a: Sandy Shocks|Protosynthesis|[silent]
|-damage|p2a: Kyurem|38/100|[from] item: Life Orb
|
|-weather|RainDance|[upkeep]
|upkeep
|
|t:|1760775927
|switch|p1a: Tauros|Tauros-Paldea-Aqua, M, shiny|100/100
|-ability|p1a: Tauros|Intimidate|boost
|-unboost|p2a: Kyurem|atk|1
|turn|4
|
|t:|1760775933
|move|p1a: Tauros|Close Combat|p2a: Kyurem
|-supereffective|p2a: Kyurem
|-damage|p2a: Kyurem|0 fnt
|-unboost|p1a: Tauros|def|1
|-unboost|p1a: Tauros|spd|1
|faint|p2a: Kyurem
|
|-weather|RainDance|[upkeep]
|upkeep
|
|t:|1760775938
|switch|p2a: Serperior|Serperior, M|100/100
|turn|5
|
|t:|1760775944
|switch|p1a: Torkoal|Torkoal, M, shiny|100/100
|-weather|SunnyDay|[from] ability: Drought|[of] p1a: Torkoal
|move|p2a: Serperior|Glare|p1a: Torkoal
|-status|p1a: Torkoal|par
|
|-weather|SunnyDay|[upkeep]
|upkeep
|turn|6
|
|t:|1760775953
|switch|p2a: Walking Wake|Walking Wake|100/100
|-activate|p2a: Walking Wake|ability: Protosynthesis
|-start|p2a: Walking Wake|protosynthesisspa
|move|p1a: Torkoal|Fire Spin|p2a: Walking Wake
|-resisted|p2a: Walking Wake
|-damage|p2a: Walking Wake|96/100
|-activate|p2a: Walking Wake|move: Fire Spin|[of] p1a: Torkoal
|
|-weather|SunnyDay|[upkeep]
|-damage|p2a: Walking Wake|83/100|[from] move: Fire Spin|[partiallytrapped]
|upkeep
|turn|7
|
|t:|1760775971
|switch|p1a: Venusaur|Venusaur, M, shiny|100/100
|-terastallize|p2a: Walking Wake|Water
|move|p2a: Walking Wake|Hydro Steam|p1a: Venusaur
|-resisted|p1a: Venusaur
|-damage|p1a: Venusaur|51/100
|
|-weather|SunnyDay|[upkeep]
|-heal|p1a: Venusaur|57/100|[from] item: Leftovers
|-end|p2a: Walking Wake|Fire Spin|[partiallytrapped]|[silent]
|upkeep
|turn|8
|
|t:|1760775983
|move|p1a: Venusaur|Giga Drain|p2a: Walking Wake
|-supereffective|p2a: Walking Wake
|-damage|p2a: Walking Wake|0 fnt
|-heal|p1a: Venusaur|100/100|[from] drain|[of] p2a: Walking Wake
|faint|p2a: Walking Wake
|-end|p2a: Walking Wake|Protosynthesis|[silent]
|
|-weather|SunnyDay|[upkeep]
|upkeep
|
|t:|1760775987
|switch|p2a: Serperior|Serperior, M|100/100
|turn|9
|
|t:|1760775991
|move|p1a: Venusaur|Sludge Bomb|p2a: Serperior
|-supereffective|p2a: Serperior
|-crit|p2a: Serperior
|-damage|p2a: Serperior|0 fnt
|faint|p2a: Serperior
|
|-weather|SunnyDay|[upkeep]
|upkeep
|-message|lightcord forfeited.
|
|win|pegasofenix
|raw|pegasofenix's rating: 1233 &rarr; <strong>1261</strong><br />(+28 for winning)
|raw|lightcord's rating: 1280 &rarr; <strong>1252</strong><br />(-28 for losing)
|l|☆lightcord
|player|p2|
|l|☆pegasofenix
|player|p1|
