|j|☆RNG Savage
|j|☆bobeetsoep
|t:|1760789935
|gametype|singles
|player|p1|RNG Savage|giovanni-gen3|1385
|player|p2|bobeetsoep|169|1383
|gen|9
|tier|[Gen 9] OU
|rated|
|rule|HP Percentage Mod: HP is shown in percentages
|rule|Endless Battle Clause: Forcing endless battles is banned
|rule|Species Clause: Limit one of each Pokémon
|rule|OHKO Clause: OHKO moves are banned
|rule|Evasion Items Clause: Evasion items are banned
|rule|Evasion Moves Clause: Evasion moves are banned
|rule|Evasion Abilities Clause: Evasion abilities are banned
|rule|Sleep Moves Clause: Sleep-inducing moves are banned
|clearpoke
|poke|p1|Samurott-Hisui, M|
|poke|p1|Kleavor, M|
|poke|p1|Gallade, M|
|poke|p1|Latias, F|
|poke|p1|Scizor, F|
|poke|p1|Sandy Shocks|
|poke|p2|Glimmora, M|
|poke|p2|Iron Hands|
|poke|p2|Ogerpon-Wellspring, F|
|poke|p2|Cinderace, M|
|poke|p2|Goodra-Hisui, F|
|poke|p2|Great Tusk|
|teampreview
|
|t:|1760789956
|teamsize|p1|6
|teamsize|p2|6
|start
|switch|p1a: Gallade|Gallade, M, shiny|100/100
|switch|p2a: Glimmora|Glimmora, M|100/100
|turn|1
|
|t:|1760789962
|move|p2a: Glimmora|Sludge Wave|p1a: Gallade
|-damage|p1a: Gallade|30/100
|move|p1a: Gallade|Agility|p1a: Gallade
|-boost|p1a: Gallade|spe|2
|
|upkeep
|turn|2
|
|t:|1760789972
|-terastallize|p2a: Glimmora|Grass
|move|p1a: Gallade|Psycho Cut|p2a: Glimmora
|-crit|p2a: Glimmora
|-damage|p2a: Glimmora|20/100
|-activate|p2a: Glimmora|ability: Toxic Debris
|-sidestart|p1: RNG Savage|move: Toxic Spikes
|move|p2a: Glimmora|Sludge Wave|p1a: Gallade
|-damage|p1a: Gallade|0 fnt
|faint|p1a: Gallade
|
|upkeep
|
|t:|1760789978
|switch|p1a: Scizor|Scizor, F, shiny|100/100
|turn|3
|
|t:|1760789992
|switch|p2a: Iron Hands|Iron Hands|100/100
|move|p1a: Scizor|Knock Off|p2a: Iron Hands
|-resisted|p2a: Iron Hands
|-damage|p2a: Iron Hands|92/100
|-enditem|p2a: Iron Hands|Leftovers|[from] move: Knock Off|[of] p1a: Scizor
|
|upkeep
|turn|4
|
|t:|1760790022
|switch|p1a: Latias|Latias, F|100/100
|move|p2a: Iron Hands|Swords Dance|p2a: Iron Hands
|-boost|p2a: Iron Hands|atk|2
|
|upkeep
|turn|5
|
|t:|1760790027
|-end|p2a: Iron Hands|Quark Drive|[silent]
|switch|p2a: Goodra|Goodra-Hisui, F|100/100
|move|p1a: Latias|Calm Mind|p1a: Latias
|-boost|p1a: Latias|spa|1
|-boost|p1a: Latias|spd|1
|
|upkeep
|turn|6
|
|t:|1760790033
|switch|p1a: Scizor|Scizor, F, shiny|100/100
|move|p2a: Goodra|Knock Off|p1a: Scizor
|-damage|p1a: Scizor|72/100
|-enditem|p1a: Scizor|Clear Amulet|[from] move: Knock Off|[of] p2a: Goodra
|
|upkeep
|turn|7
|
|t:|1760790048
|switch|p2a: Iron Hands|Iron Hands|92/100
|move|p1a: Scizor|Knock Off|p2a: Iron Hands
|-resisted|p2a: Iron Hands
|-damage|p2a: Iron Hands|85/100
|
|upkeep
|turn|8
|
|t:|1760790068
|move|p1a: Scizor|Swords Dance|p1a: Scizor
|-boost|p1a: Scizor|atk|2
|move|p2a: Iron Hands|Ice Punch|p1a: Scizor
|-resisted|p1a: Scizor
|-damage|p1a: Scizor|59/100
|
|upkeep
|turn|9
|
|t:|1760790072
|move|p1a: Scizor|Close Combat|p2a: Iron Hands
|-damage|p2a: Iron Hands|44/100
|-unboost|p1a: Scizor|def|1
|-unboost|p1a: Scizor|spd|1
|move|p2a: Iron Hands|Drain Punch|p1a: Scizor
|-damage|p1a: Scizor|0 fnt
|-heal|p2a: Iron Hands|60/100|[from] drain|[of] p1a: Scizor
|faint|p1a: Scizor
|
|upkeep
|
|t:|1760790093
|switch|p1a: Sandy Shocks|Sandy Shocks, shiny|100/100
|-status|p1a: Sandy Shocks|psn
|-enditem|p1a: Sandy Shocks|Booster Energy
|-activate|p1a: Sandy Shocks|ability: Protosynthesis|[fromitem]
|-start|p1a: Sandy Shocks|protosynthesisspe
|turn|10
|
|t:|1760790119
|-end|p2a: Iron Hands|Quark Drive|[silent]
|switch|p2a: Glimmora|Glimmora, M, tera:Grass|20/100
|move|p1a: Sandy Shocks|Iron Defense|p1a: Sandy Shocks
|-boost|p1a: Sandy Shocks|def|2
|
|-damage|p1a: Sandy Shocks|88/100 psn|[from] psn
|upkeep
|turn|11
|
|t:|1760790123
|move|p1a: Sandy Shocks|Thunderbolt|p2a: Glimmora
|-resisted|p2a: Glimmora
|-damage|p2a: Glimmora|0 fnt
|faint|p2a: Glimmora
|
|-damage|p1a: Sandy Shocks|75/100 psn|[from] psn
|upkeep
|
|t:|1760790137
|switch|p2a: Great Tusk|Great Tusk|100/100
|-enditem|p2a: Great Tusk|Booster Energy
|-activate|p2a: Great Tusk|ability: Protosynthesis|[fromitem]
|-start|p2a: Great Tusk|protosynthesisatk
|turn|12
|
|t:|1760790160
|move|p1a: Sandy Shocks|Body Press|p2a: Great Tusk
|-damage|p2a: Great Tusk|66/100
|move|p2a: Great Tusk|Ice Spinner|p1a: Sandy Shocks
|-supereffective|p1a: Sandy Shocks
|-damage|p1a: Sandy Shocks|45/100 psn
|
|-damage|p1a: Sandy Shocks|33/100 psn|[from] psn
|upkeep
|turn|13
|
|t:|1760790169
|move|p1a: Sandy Shocks|Body Press|p2a: Great Tusk
|-damage|p2a: Great Tusk|35/100
|move|p2a: Great Tusk|Ice Spinner|p1a: Sandy Shocks
|-supereffective|p1a: Sandy Shocks
|-crit|p1a: Sandy Shocks
|-damage|p1a: Sandy Shocks|0 fnt
|faint|p1a: Sandy Shocks
|-end|p1a: Sandy Shocks|Protosynthesis|[silent]
|
|upkeep
|
|t:|1760790176
|switch|p1a: Latias|Latias, F|100/100
|turn|14
|
|t:|1760790194
|move|p2a: Great Tusk|Ice Spinner|p1a: Latias
|-supereffective|p1a: Latias
|-damage|p1a: Latias|48/100
|-enditem|p1a: Latias|Weakness Policy
|-boost|p1a: Latias|atk|2|[from] item: Weakness Policy
|-boost|p1a: Latias|spa|2|[from] item: Weakness Policy
|move|p1a: Latias|Draining Kiss|p2a: Great Tusk
|-supereffective|p2a: Great Tusk
|-damage|p2a: Great Tusk|0 fnt
|-heal|p1a: Latias|74/100|[from] drain|[of] p2a: Great Tusk
|faint|p2a: Great Tusk
|-end|p2a: Great Tusk|Protosynthesis|[silent]
|
|upkeep
|
|t:|1760790205
|switch|p2a: Cinderace|Cinderace, M|100/100
|turn|15
|
|t:|1760790217
|move|p2a: Cinderace|U-turn|p1a: Latias
|-start|p2a: Cinderace|typechange|Bug|[from] ability: Libero
|-supereffective|p1a: Latias
|-damage|p1a: Latias|22/100
|
|t:|1760790222
|switch|p2a: Goodra|Goodra-Hisui, F|100/100|[from] U-turn
|move|p1a: Latias|Recover|p1a: Latias
|-heal|p1a: Latias|72/100
|
|upkeep
|turn|16
|
|t:|1760790234
|move|p1a: Latias|Calm Mind|p1a: Latias
|-boost|p1a: Latias|spa|1
|-boost|p1a: Latias|spd|1
|move|p2a: Goodra|Heavy Slam|p1a: Latias
|-damage|p1a: Latias|30/100
|
|upkeep
|turn|17
|
|t:|1760790240
|move|p1a: Latias|Recover|p1a: Latias
|-heal|p1a: Latias|80/100
|move|p2a: Goodra|Heavy Slam|p1a: Latias
|-damage|p1a: Latias|38/100
|
|upkeep
|turn|18
|
|t:|1760790245
|move|p1a: Latias|Recover|p1a: Latias
|-heal|p1a: Latias|88/100
|move|p2a: Goodra|Heavy Slam|p1a: Latias
|-damage|p1a: Latias|47/100
|
|upkeep
|turn|19
|
|t:|1760790253
|move|p1a: Latias|Draining Kiss|p2a: Goodra
|-damage|p2a: Goodra|85/100
|-heal|p1a: Latias|58/100|[from] drain|[of] p2a: Goodra
|move|p2a: Goodra|Knock Off|p1a: Latias
|-supereffective|p1a: Latias
|-damage|p1a: Latias|27/100
|
|upkeep
|turn|20
|
|t:|1760790264
|move|p1a: Latias|Recover|p1a: Latias
|-heal|p1a: Latias|77/100
|move|p2a: Goodra|Knock Off|p1a: Latias
|-supereffective|p1a: Latias
|-damage|p1a: Latias|47/100
|
|upkeep
|turn|21
|
|t:|1760790266
|move|p1a: Latias|Recover|p1a: Latias
|-heal|p1a: Latias|97/100
|move|p2a: Goodra|Heavy Slam|p1a: Latias
|-damage|p1a: Latias|57/100
|
|upkeep
|turn|22
|
|t:|1760790273
|move|p1a: Latias|Stored Power|p2a: Goodra
|-resisted|p2a: Goodra
|-damage|p2a: Goodra|58/100
|move|p2a: Goodra|Heavy Slam|p1a: Latias
|-damage|p1a: Latias|15/100
|
|upkeep
|turn|23
|
|t:|1760790278
|move|p1a: Latias|Recover|p1a: Latias
|-heal|p1a: Latias|65/100
|move|p2a: Goodra|Knock Off|p1a: Latias
|-supereffective|p1a: Latias
|-damage|p1a: Latias|35/100
|
|upkeep
|turn|24
|
|t:|1760790280
|move|p1a: Latias|Recover|p1a: Latias
|-heal|p1a: Latias|85/100
|move|p2a: Goodra|Heavy Slam|p1a: Latias
|-damage|p1a: Latias|44/100
|
|upkeep
|turn|25
|
|t:|1760790293
|switch|p1a: Samurott|Samurott-Hisui, M, shiny|100/100
|-status|p1a: Samurott|psn
|move|p2a: Goodra|Heavy Slam|p1a: Samurott
|-resisted|p1a: Samurott
|-damage|p1a: Samurott|62/100 psn
|
|-damage|p1a: Samurott|50/100 psn|[from] psn
|upkeep
|turn|26
|
|t:|1760790312
|move|p1a: Samurott|Ceaseless Edge|p2a: Goodra|[miss]
|-miss|p1a: Samurott|p2a: Goodra
|move|p2a: Goodra|Draco Meteor|p1a: Samurott
|-damage|p1a: Samurott|2/100 psn
|-unboost|p2a: Goodra|spa|2
|
|-damage|p1a: Samurott|0 fnt|[from] psn
|faint|p1a: Samurott
|upkeep
|
|t:|1760790315
|switch|p1a: Kleavor|Kleavor, M|100/100
|-status|p1a: Kleavor|psn
|turn|27
|
|t:|1760790328
|move|p1a: Kleavor|Stone Axe|p2a: Goodra
|-resisted|p2a: Goodra
|-damage|p2a: Goodra|37/100
|-sidestart|p2: bobeetsoep|move: Stealth Rock
|move|p2a: Goodra|Heavy Slam|p1a: Kleavor
|-supereffective|p1a: Kleavor
|-damage|p1a: Kleavor|31/100 psn
|
|-damage|p1a: Kleavor|19/100 psn|[from] psn
|upkeep
|turn|28
|
|t:|1760790332
|move|p1a: Kleavor|X-Scissor|p2a: Goodra
|-resisted|p2a: Goodra
|-damage|p2a: Goodra|13/100
|move|p2a: Goodra|Heavy Slam|p1a: Kleavor
|-supereffective|p1a: Kleavor
|-damage|p1a: Kleavor|0 fnt
|faint|p1a: Kleavor
|
|upkeep
|
|t:|1760790335
|switch|p1a: Latias|Latias, F|44/100
|turn|29
|
|t:|1760790346
|move|p1a: Latias|Draining Kiss|p2a: Goodra
|-damage|p2a: Goodra|8/100
|-heal|p1a: Latias|49/100|[from] drain|[of] p2a: Goodra
|move|p2a: Goodra|Heavy Slam|p1a: Latias
|-damage|p1a: Latias|6/100
|
|upkeep
|turn|30
|
|t:|1760790350
|move|p1a: Latias|Recover|p1a: Latias
|-heal|p1a: Latias|56/100
|move|p2a: Goodra|Knock Off|p1a: Latias
|-supereffective|p1a: Latias
|-damage|p1a: Latias|24/100
|
|upkeep
|turn|31
|
|t:|1760790370
|move|p1a: Latias|Draining Kiss|p2a: Goodra
|-damage|p2a: Goodra|2/100
|-heal|p1a: Latias|28/100|[from] drain|[of] p2a: Goodra
|move|p2a: Goodra|Heavy Slam|p1a: Latias
|-damage|p1a: Latias|0 fnt
|faint|p1a: Latias
|
|win|bobeetsoep
|raw|RNG Savage's rating: 1385 &rarr; <strong>1365</strong><br />(-20 for losing)
|raw|bobeetsoep's rating: 1383 &rarr; <strong>1403</strong><br />(+20 for winning)
|l|☆RNG Savage
|player|p1|
|l|☆bobeetsoep
|player|p2|
