|j|‽Scrafty.YN
|j|☆jadhe
|t:|1760878041
|gametype|singles
|player|p1|Scrafty.YN|hoopster|1219
|player|p2|jadhe|102|1211
|gen|9
|tier|[Gen 9] OU
|rated|
|rule|HP Percentage Mod: HP is shown in percentages
|rule|Endless Battle Clause: Forcing endless battles is banned
|rule|Species Clause: Limit one of each Pokémon
|rule|OHKO Clause: OHKO moves are banned
|rule|Evasion Items Clause: Evasion items are banned
|rule|Evasion Moves Clause: Evasion moves are banned
|rule|Evasion Abilities Clause: Evasion abilities are banned
|rule|Sleep Moves Clause: Sleep-inducing moves are banned
|clearpoke
|poke|p1|Pelipper, F|
|poke|p1|Overqwil, M|
|poke|p1|Clefable, F|
|poke|p1|Barraskewda, M|
|poke|p1|Thundurus-Therian, M|
|poke|p1|Great Tusk|
|poke|p2|Gliscor, M|
|poke|p2|Tropius, F|
|poke|p2|Cinderace, F|
|poke|p2|Indeedee, M|
|poke|p2|Iron Treads|
|poke|p2|Heatran, M|
|teampreview
|
|t:|1760878056
|teamsize|p1|6
|teamsize|p2|6
|start
|switch|p1a: Pelipper|Pelipper, F|100/100
|switch|p2a: Cinderace|Cinderace, F|100/100
|-weather|RainDance|[from] ability: Drizzle|[of] p1a: Pelipper
|turn|1
|inactive|Battle timer is ON: inactive players will automatically lose when time's up. (requested by jadhe)
|
|t:|1760878067
|move|p2a: Cinderace|U-turn|p1a: Pelipper
|-start|p2a: Cinderace|typechange|Bug|[from] ability: Libero
|-resisted|p1a: Pelipper
|-damage|p1a: Pelipper|77/100
|-damage|p2a: Cinderace|91/100|[from] item: Life Orb
|
|t:|1760878076
|switch|p2a: Tropius|Tropius, F|100/100|[from] U-turn
|move|p1a: Pelipper|Surf|p2a: Tropius
|-resisted|p2a: Tropius
|-damage|p2a: Tropius|77/100
|
|-weather|RainDance|[upkeep]
|upkeep
|turn|2
|
|t:|1760878088
|switch|p1a: Thundurus|Thundurus-Therian, M|100/100
|move|p2a: Tropius|Leech Seed|p1a: Thundurus
|-start|p1a: Thundurus|move: Leech Seed
|
|-weather|RainDance|[upkeep]
|-damage|p1a: Thundurus|88/100|[from] Leech Seed|[of] p2a: Tropius
|-heal|p2a: Tropius|89/100|[silent]
|upkeep
|turn|3
|
|t:|1760878098
|move|p1a: Thundurus|Thunder|p2a: Tropius
|-damage|p2a: Tropius|39/100
|-status|p2a: Tropius|par
|-enditem|p2a: Tropius|Sitrus Berry|[eat]
|-heal|p2a: Tropius|64/100 par|[from] item: Sitrus Berry
|move|p2a: Tropius|Substitute|p2a: Tropius
|-start|p2a: Tropius|Substitute
|-damage|p2a: Tropius|39/100 par
|
|-weather|RainDance|[upkeep]
|-damage|p1a: Thundurus|76/100|[from] Leech Seed|[of] p2a: Tropius
|-heal|p2a: Tropius|50/100 par|[silent]
|-item|p2a: Tropius|Sitrus Berry|[from] ability: Harvest
|upkeep
|-enditem|p2a: Tropius|Sitrus Berry|[eat]
|-heal|p2a: Tropius|75/100 par|[from] item: Sitrus Berry
|turn|4
|
|t:|1760878110
|move|p1a: Thundurus|Volt Switch|p2a: Tropius
|-crit|p2a: Tropius
|-end|p2a: Tropius|Substitute
|
|t:|1760878123
|switch|p1a: Overqwil|Overqwil, M|100/100|[from] Volt Switch
|move|p2a: Tropius|Giga Drain|p1a: Overqwil
|-resisted|p1a: Overqwil
|-damage|p1a: Overqwil|83/100
|-heal|p2a: Tropius|83/100 par|[from] drain|[of] p1a: Overqwil
|
|-weather|RainDance|[upkeep]
|upkeep
|turn|5
|
|t:|1760878129
|move|p1a: Overqwil|Gunk Shot|p2a: Tropius
|-supereffective|p2a: Tropius
|-damage|p2a: Tropius|0 fnt
|faint|p2a: Tropius
|
|-weather|RainDance|[upkeep]
|upkeep
|
|t:|1760878136
|switch|p2a: Gliscor|Gliscor, M|100/100
|turn|6
|
|t:|1760878145
|switch|p1a: Great Tusk|Great Tusk|100/100
|move|p2a: Gliscor|Protect||[still]
|-fail|p2a: Gliscor
|
|-weather|RainDance|[upkeep]
|-status|p2a: Gliscor|tox|[from] item: Toxic Orb
|upkeep
|turn|7
|
|t:|1760878151
|-terastallize|p2a: Gliscor|Water
|move|p2a: Gliscor|Toxic|p1a: Great Tusk
|-status|p1a: Great Tusk|tox
|move|p1a: Great Tusk|Ice Spinner|p2a: Gliscor
|-resisted|p2a: Gliscor
|-damage|p2a: Gliscor|92/100 tox
|
|-weather|RainDance|[upkeep]
|-heal|p2a: Gliscor|100/100 tox|[from] ability: Poison Heal
|-damage|p1a: Great Tusk|94/100 tox|[from] psn
|upkeep
|turn|8
|
|t:|1760878176
|-end|p1a: Great Tusk|Protosynthesis|[silent]
|switch|p1a: Clefable|Clefable, F|100/100
|move|p2a: Gliscor|Substitute|p2a: Gliscor
|-start|p2a: Gliscor|Substitute
|-damage|p2a: Gliscor|76/100 tox
|
|-weather|none
|-heal|p2a: Gliscor|88/100 tox|[from] ability: Poison Heal
|upkeep
|turn|9
|
|t:|1760878180
|move|p2a: Gliscor|Earthquake|p1a: Clefable
|-damage|p1a: Clefable|74/100
|move|p1a: Clefable|Moonblast|p2a: Gliscor
|-end|p2a: Gliscor|Substitute
|
|-heal|p2a: Gliscor|100/100 tox|[from] ability: Poison Heal
|upkeep
|turn|10
|
|t:|1760878188
|switch|p2a: Heatran|Heatran, M|100/100
|-item|p2a: Heatran|Air Balloon
|move|p1a: Clefable|Moonblast|p2a: Heatran
|-resisted|p2a: Heatran
|-damage|p2a: Heatran|94/100
|-enditem|p2a: Heatran|Air Balloon
|
|upkeep
|turn|11
|
|t:|1760878193
|switch|p1a: Pelipper|Pelipper, F|77/100
|-weather|RainDance|[from] ability: Drizzle|[of] p1a: Pelipper
|move|p2a: Heatran|Flash Cannon|p1a: Pelipper
|-resisted|p1a: Pelipper
|-damage|p1a: Pelipper|42/100
|
|-weather|RainDance|[upkeep]
|upkeep
|turn|12
|
|t:|1760878203
|switch|p1a: Thundurus|Thundurus-Therian, M|76/100
|switch|p2a: Gliscor|Gliscor, M, tera:Water|100/100 tox
|
|-weather|RainDance|[upkeep]
|upkeep
|turn|13
|
|t:|1760878215
|move|p2a: Gliscor|Protect|p2a: Gliscor
|-singleturn|p2a: Gliscor|Protect
|move|p1a: Thundurus|Thunder|p2a: Gliscor
|-activate|p2a: Gliscor|move: Protect
|
|-weather|RainDance|[upkeep]
|upkeep
|turn|14
|
|t:|1760878219
|switch|p2a: Iron Treads|Iron Treads|100/100
|-enditem|p2a: Iron Treads|Booster Energy
|-activate|p2a: Iron Treads|ability: Quark Drive|[fromitem]
|-start|p2a: Iron Treads|quarkdrivespe
|move|p1a: Thundurus|Weather Ball|p2a: Iron Treads
|-supereffective|p2a: Iron Treads
|-damage|p2a: Iron Treads|0 fnt
|faint|p2a: Iron Treads
|-end|p2a: Iron Treads|Quark Drive|[silent]
|
|-weather|RainDance|[upkeep]
|upkeep
|
|t:|1760878229
|switch|p2a: Heatran|Heatran, M|94/100
|turn|15
|
|t:|1760878235
|move|p1a: Thundurus|Weather Ball|p2a: Heatran
|-supereffective|p2a: Heatran
|-damage|p2a: Heatran|21/100
|move|p2a: Heatran|Stealth Rock|p1a: Thundurus
|-sidestart|p1: Scrafty.YN|move: Stealth Rock
|
|-weather|RainDance|[upkeep]
|upkeep
|turn|16
|
|t:|1760878244
|move|p1a: Thundurus|Thunder|p2a: Heatran
|-damage|p2a: Heatran|0 fnt
|faint|p2a: Heatran
|
|-weather|RainDance|[upkeep]
|upkeep
|
|t:|1760878251
|switch|p2a: Indeedee|Indeedee, M|100/100
|-fieldstart|move: Psychic Terrain|[from] ability: Psychic Surge|[of] p2a: Indeedee
|turn|17
|
|t:|1760878264
|move|p2a: Indeedee|Psychic|p1a: Thundurus
|-damage|p1a: Thundurus|46/100
|move|p1a: Thundurus|Thunder|p2a: Indeedee
|-damage|p2a: Indeedee|25/100
|
|-weather|RainDance|[upkeep]
|upkeep
|turn|18
|
|t:|1760878277
|move|p2a: Indeedee|Psychic|p1a: Thundurus
|-damage|p1a: Thundurus|17/100
|move|p1a: Thundurus|Volt Switch|p2a: Indeedee
|-damage|p2a: Indeedee|0 fnt
|faint|p2a: Indeedee
|
|t:|1760878283
|switch|p1a: Pelipper|Pelipper, F|42/100|[from] Volt Switch
|-damage|p1a: Pelipper|17/100|[from] Stealth Rock
|
|-weather|none
|upkeep
|
|t:|1760878289
|switch|p2a: Gliscor|Gliscor, M, tera:Water|100/100 tox
|turn|19
|
|t:|1760878293
|move|p2a: Gliscor|Substitute|p2a: Gliscor
|-start|p2a: Gliscor|Substitute
|-damage|p2a: Gliscor|76/100 tox
|move|p1a: Pelipper|Hurricane|p2a: Gliscor
|-end|p2a: Gliscor|Substitute
|
|-heal|p2a: Gliscor|88/100 tox|[from] ability: Poison Heal
|upkeep
|turn|20
|
|t:|1760878299
|move|p2a: Gliscor|Substitute|p2a: Gliscor
|-start|p2a: Gliscor|Substitute
|-damage|p2a: Gliscor|63/100 tox
|move|p1a: Pelipper|Surf|p2a: Gliscor
|-resisted|p2a: Gliscor
|-activate|p2a: Gliscor|move: Substitute|[damage]
|
|-heal|p2a: Gliscor|76/100 tox|[from] ability: Poison Heal
|upkeep
|turn|21
|
|t:|1760878304
|move|p2a: Gliscor|Protect|p2a: Gliscor
|-singleturn|p2a: Gliscor|Protect
|move|p1a: Pelipper|U-turn|p2a: Gliscor
|-activate|p2a: Gliscor|move: Protect
|
|-heal|p2a: Gliscor|88/100 tox|[from] ability: Poison Heal
|-fieldend|move: Psychic Terrain
|upkeep
|turn|22
|
|t:|1760878307
|switch|p1a: Thundurus|Thundurus-Therian, M|17/100
|-damage|p1a: Thundurus|0 fnt|[from] Stealth Rock
|faint|p1a: Thundurus
|move|p2a: Gliscor|Toxic|p1: Thundurus|[notarget]
|-fail|p2a: Gliscor
|
|-heal|p2a: Gliscor|100/100 tox|[from] ability: Poison Heal
|upkeep
|
|t:|1760878308
|switch|p1a: Pelipper|Pelipper, F|17/100
|-damage|p1a: Pelipper|0 fnt|[from] Stealth Rock
|faint|p1a: Pelipper
|
|t:|1760878312
|switch|p1a: Clefable|Clefable, F|74/100
|turn|23
|
|t:|1760878315
|move|p2a: Gliscor|Earthquake|p1a: Clefable
|-damage|p1a: Clefable|49/100
|move|p1a: Clefable|Rain Dance|p1a: Clefable
|-weather|RainDance
|
|-weather|RainDance|[upkeep]
|upkeep
|turn|24
|
|t:|1760878322
|move|p2a: Gliscor|Earthquake|p1a: Clefable
|-damage|p1a: Clefable|22/100
|move|p1a: Clefable|Moonblast|p2a: Gliscor
|-end|p2a: Gliscor|Substitute
|
|-weather|RainDance|[upkeep]
|upkeep
|turn|25
|
|t:|1760878329
|move|p2a: Gliscor|Earthquake|p1a: Clefable
|-damage|p1a: Clefable|0 fnt
|faint|p1a: Clefable
|
|-weather|RainDance|[upkeep]
|upkeep
|
|t:|1760878341
|switch|p1a: Great Tusk|Great Tusk|94/100 tox
|-damage|p1a: Great Tusk|91/100 tox|[from] Stealth Rock
|turn|26
|
|t:|1760878346
|move|p2a: Gliscor|Substitute|p2a: Gliscor
|-start|p2a: Gliscor|Substitute
|-damage|p2a: Gliscor|76/100 tox
|move|p1a: Great Tusk|Bulk Up|p1a: Great Tusk
|-boost|p1a: Great Tusk|atk|1
|-boost|p1a: Great Tusk|def|1
|
|-weather|RainDance|[upkeep]
|-heal|p1a: Great Tusk|98/100 tox|[from] item: Leftovers
|-heal|p2a: Gliscor|88/100 tox|[from] ability: Poison Heal
|-damage|p1a: Great Tusk|91/100 tox|[from] psn
|upkeep
|turn|27
|
|t:|1760878356
|move|p2a: Gliscor|Protect|p2a: Gliscor
|-singleturn|p2a: Gliscor|Protect
|move|p1a: Great Tusk|Bulk Up|p1a: Great Tusk
|-boost|p1a: Great Tusk|atk|1
|-boost|p1a: Great Tusk|def|1
|
|-weather|none
|-heal|p1a: Great Tusk|98/100 tox|[from] item: Leftovers
|-heal|p2a: Gliscor|100/100 tox|[from] ability: Poison Heal
|-damage|p1a: Great Tusk|85/100 tox|[from] psn
|upkeep
|turn|28
|
|t:|1760878363
|move|p2a: Gliscor|Substitute|p2a: Gliscor
|-fail|p2a: Gliscor|move: Substitute
|move|p1a: Great Tusk|Rapid Spin|p2a: Gliscor
|-activate|p2a: Gliscor|move: Substitute|[damage]
|-sideend|p1: Scrafty.YN|Stealth Rock|[from] move: Rapid Spin|[of] p1a: Great Tusk
|-boost|p1a: Great Tusk|spe|1
|
|-heal|p1a: Great Tusk|91/100 tox|[from] item: Leftovers
|-damage|p1a: Great Tusk|73/100 tox|[from] psn
|upkeep
|turn|29
|
|t:|1760878369
|move|p2a: Gliscor|Protect|p2a: Gliscor
|-singleturn|p2a: Gliscor|Protect
|move|p1a: Great Tusk|Earthquake|p2a: Gliscor
|-activate|p2a: Gliscor|move: Protect
|
|-heal|p1a: Great Tusk|79/100 tox|[from] item: Leftovers
|-damage|p1a: Great Tusk|54/100 tox|[from] psn
|upkeep
|turn|30
|
|t:|1760878375
|move|p1a: Great Tusk|Earthquake|p2a: Gliscor
|-end|p2a: Gliscor|Substitute
|move|p2a: Gliscor|Substitute|p2a: Gliscor
|-start|p2a: Gliscor|Substitute
|-damage|p2a: Gliscor|76/100 tox
|
|-heal|p1a: Great Tusk|60/100 tox|[from] item: Leftovers
|-damage|p1a: Great Tusk|29/100 tox|[from] psn
|-heal|p2a: Gliscor|88/100 tox|[from] ability: Poison Heal
|upkeep
|turn|31
|
|t:|1760878377
|move|p2a: Gliscor|Protect|p2a: Gliscor
|-singleturn|p2a: Gliscor|Protect
|move|p1a: Great Tusk|Earthquake|p2a: Gliscor
|-activate|p2a: Gliscor|move: Protect
|
|-heal|p1a: Great Tusk|35/100 tox|[from] item: Leftovers
|-damage|p1a: Great Tusk|0 fnt|[from] psn
|faint|p1a: Great Tusk
|-end|p1a: Great Tusk|Protosynthesis|[silent]
|-heal|p2a: Gliscor|100/100 tox|[from] ability: Poison Heal
|upkeep
|
|t:|1760878380
|switch|p1a: Overqwil|Overqwil, M|83/100
|turn|32
|-message|Scrafty.YN forfeited.
|
|win|jadhe
|raw|Scrafty.YN's rating: 1219 &rarr; <strong>1193</strong><br />(-26 for losing)
|raw|jadhe's rating: 1211 &rarr; <strong>1237</strong><br />(+26 for winning)
|l|‽Scrafty.YN
|player|p1|
|l|☆jadhe
|player|p2|
