|j|☆n-busuis
|j|☆jonahjonka
|t:|1760886827
|gametype|singles
|player|p1|n-busuis|preschoolerf|1418
|player|p2|jonahjonka|169|1378
|gen|9
|tier|[Gen 9] OU
|rated|
|rule|HP Percentage Mod: HP is shown in percentages
|rule|Endless Battle Clause: Forcing endless battles is banned
|rule|Species Clause: Limit one of each Pokémon
|rule|OHKO Clause: OHKO moves are banned
|rule|Evasion Items Clause: Evasion items are banned
|rule|Evasion Moves Clause: Evasion moves are banned
|rule|Evasion Abilities Clause: Evasion abilities are banned
|rule|Sleep Moves Clause: Sleep-inducing moves are banned
|clearpoke
|poke|p1|Pelipper, M|
|poke|p1|Barraskewda, F|
|poke|p1|Zapdos|
|poke|p1|Corviknight, M|
|poke|p1|Clodsire, F|
|poke|p1|Incineroar, M|
|poke|p2|Ceruledge, F|
|poke|p2|Hatterene, F|
|poke|p2|Great Tusk|
|poke|p2|Corviknight, F|
|poke|p2|Kyurem|
|poke|p2|Slowking-Galar, F|
|teampreview
|inactive|Battle timer is ON: inactive players will automatically lose when time's up. (requested by jonahjonka)
|
|t:|1760886852
|teamsize|p1|6
|teamsize|p2|6
|start
|switch|p1a: Corviknight|Corviknight, M, shiny|100/100
|switch|p2a: Slowking|Slowking-Galar, F|100/100
|-ability|p1a: Corviknight|Pressure
|turn|1
|
|t:|1760886868
|move|p1a: Corviknight|U-turn|p2a: Slowking
|-damage|p2a: Slowking|86/100
|
|t:|1760886885
|switch|p1a: Barraskewda|Barraskewda, F|100/100|[from] U-turn
|move|p2a: Slowking|Flamethrower|p1a: Barraskewda
|-resisted|p1a: Barraskewda
|-damage|p1a: Barraskewda|74/100
|
|upkeep
|turn|2
|
|t:|1760886896
|switch|p2a: Corviknight|Corviknight, F|100/100
|-ability|p2a: Corviknight|Pressure
|move|p1a: Barraskewda|Flip Turn|p2a: Corviknight
|-damage|p2a: Corviknight|70/100
|
|t:|1760886908
|switch|p1a: Zapdos|Zapdos, shiny|100/100|[from] Flip Turn
|
|-heal|p2a: Corviknight|76/100|[from] item: Leftovers
|upkeep
|turn|3
|
|t:|1760886915
|switch|p2a: Great Tusk|Great Tusk|100/100
|-enditem|p2a: Great Tusk|Booster Energy
|-activate|p2a: Great Tusk|ability: Protosynthesis|[fromitem]
|-start|p2a: Great Tusk|protosynthesisspe
|move|p1a: Zapdos|Thunder|p2a: Great Tusk
|-immune|p2a: Great Tusk
|
|upkeep
|turn|4
|
|t:|1760886927
|switch|p1a: Corviknight|Corviknight, M, shiny|100/100
|-ability|p1a: Corviknight|Pressure
|move|p2a: Great Tusk|Stealth Rock|p1a: Corviknight
|-sidestart|p1: n-busuis|move: Stealth Rock
|
|upkeep
|turn|5
|
|t:|1760886947
|-end|p2a: Great Tusk|Protosynthesis|[silent]
|switch|p2a: Ceruledge|Ceruledge, F|100/100
|move|p1a: Corviknight|Defog|p2a: Ceruledge
|-unboost|p2a: Ceruledge|evasion|1
|-sideend|p1: n-busuis|Stealth Rock|[from] move: Defog|[of] p1a: Corviknight
|
|upkeep
|turn|6
|
|t:|1760886954
|move|p2a: Ceruledge|Substitute|p2a: Ceruledge
|-start|p2a: Ceruledge|Substitute
|-damage|p2a: Ceruledge|76/100
|move|p1a: Corviknight|U-turn|p2a: Ceruledge
|-resisted|p2a: Ceruledge
|-activate|p2a: Ceruledge|move: Substitute|[damage]
|inactive|n-busuis has 120 seconds left.
|
|t:|1760886975
|switch|p1a: Incineroar|Incineroar, M, shiny|100/100|[from] U-turn
|-ability|p1a: Incineroar|Intimidate|boost
|-immune|p2a: Ceruledge
|
|upkeep
|turn|7
|
|t:|1760886979
|move|p2a: Ceruledge|Swords Dance|p2a: Ceruledge
|-boost|p2a: Ceruledge|atk|2
|move|p1a: Incineroar|Knock Off|p2a: Ceruledge
|-supereffective|p2a: Ceruledge
|-end|p2a: Ceruledge|Substitute
|
|upkeep
|turn|8
|
|t:|1760886985
|-terastallize|p2a: Ceruledge|Dark
|move|p2a: Ceruledge|Swords Dance|p2a: Ceruledge
|-boost|p2a: Ceruledge|atk|2
|move|p1a: Incineroar|Knock Off|p2a: Ceruledge
|-resisted|p2a: Ceruledge
|-damage|p2a: Ceruledge|50/100
|-ability|p2a: Ceruledge|Weak Armor|boost
|-unboost|p2a: Ceruledge|def|1
|-boost|p2a: Ceruledge|spe|2
|-enditem|p2a: Ceruledge|Focus Sash|[from] move: Knock Off|[of] p1a: Incineroar
|
|upkeep
|turn|9
|inactive|n-busuis has 120 seconds left.
|
|t:|1760887010
|move|p2a: Ceruledge|Bitter Blade|p1a: Incineroar
|-resisted|p1a: Incineroar
|-damage|p1a: Incineroar|55/100
|-heal|p2a: Ceruledge|81/100|[from] drain|[of] p1a: Incineroar
|move|p1a: Incineroar|Parting Shot|p2a: Ceruledge
|-unboost|p2a: Ceruledge|atk|1
|-unboost|p2a: Ceruledge|spa|1
|inactive|n-busuis has 120 seconds left.
|
|t:|1760887031
|switch|p1a: Barraskewda|Barraskewda, F|74/100|[from] Parting Shot
|
|upkeep
|turn|10
|
|t:|1760887036
|-terastallize|p1a: Barraskewda|Water
|move|p1a: Barraskewda|Aqua Jet|p2a: Ceruledge
|-crit|p2a: Ceruledge
|-damage|p2a: Ceruledge|0 fnt
|faint|p2a: Ceruledge
|
|upkeep
|
|t:|1760887043
|switch|p2a: Hatterene|Hatterene, F|100/100
|turn|11
|
|t:|1760887047
|switch|p1a: Pelipper|Pelipper, M|100/100
|-weather|RainDance|[from] ability: Drizzle|[of] p1a: Pelipper
|move|p2a: Hatterene|Nuzzle|p1a: Pelipper
|-supereffective|p1a: Pelipper
|-damage|p1a: Pelipper|87/100
|-status|p1a: Pelipper|par
|
|-weather|RainDance|[upkeep]
|upkeep
|turn|12
|
|t:|1760887055
|move|p2a: Hatterene|Calm Mind|p2a: Hatterene
|-boost|p2a: Hatterene|spa|1
|-boost|p2a: Hatterene|spd|1
|move|p1a: Pelipper|U-turn|p2a: Hatterene
|-damage|p2a: Hatterene|91/100
|
|t:|1760887064
|switch|p1a: Barraskewda|Barraskewda, F, tera:Water|74/100|[from] U-turn
|
|-weather|RainDance|[upkeep]
|-heal|p2a: Hatterene|97/100|[from] item: Leftovers
|upkeep
|turn|13
|
|t:|1760887067
|move|p1a: Barraskewda|Liquidation|p2a: Hatterene
|-damage|p2a: Hatterene|0 fnt
|faint|p2a: Hatterene
|
|-weather|RainDance|[upkeep]
|upkeep
|
|t:|1760887071
|switch|p2a: Kyurem|Kyurem|100/100
|-ability|p2a: Kyurem|Pressure
|turn|14
|
|t:|1760887082
|move|p1a: Barraskewda|Liquidation|p2a: Kyurem
|-resisted|p2a: Kyurem
|-damage|p2a: Kyurem|38/100
|move|p2a: Kyurem|Freeze-Dry|p1a: Barraskewda
|-supereffective|p1a: Barraskewda
|-damage|p1a: Barraskewda|0 fnt
|faint|p1a: Barraskewda
|
|-weather|RainDance|[upkeep]
|upkeep
|
|t:|1760887088
|switch|p1a: Zapdos|Zapdos, shiny|100/100
|turn|15
|
|t:|1760887098
|switch|p2a: Slowking|Slowking-Galar, F|100/100
|move|p1a: Zapdos|Hurricane|p2a: Slowking
|-damage|p2a: Slowking|70/100
|-start|p2a: Slowking|confusion
|
|-weather|RainDance|[upkeep]
|upkeep
|turn|16
|inactive|n-busuis has 120 seconds left.
|
|t:|1760887135
|move|p1a: Zapdos|Thunder|p2a: Slowking
|-damage|p2a: Slowking|34/100
|-activate|p2a: Slowking|confusion
|move|p2a: Slowking|Toxic|p1a: Zapdos
|-status|p1a: Zapdos|tox
|
|-weather|RainDance|[upkeep]
|-damage|p1a: Zapdos|94/100 tox|[from] psn
|upkeep
|turn|17
|inactive|n-busuis has 120 seconds left.
|
|t:|1760887142
|move|p1a: Zapdos|Hurricane|p2a: Slowking
|-damage|p2a: Slowking|0 fnt
|faint|p2a: Slowking
|
|-weather|RainDance|[upkeep]
|-damage|p1a: Zapdos|82/100 tox|[from] psn
|upkeep
|
|t:|1760887153
|switch|p2a: Great Tusk|Great Tusk|100/100
|turn|18
|
|t:|1760887158
|move|p1a: Zapdos|Hurricane|p2a: Great Tusk
|-supereffective|p2a: Great Tusk
|-damage|p2a: Great Tusk|0 fnt
|faint|p2a: Great Tusk
|-end|p2a: Great Tusk|Protosynthesis|[silent]
|
|-weather|none
|-damage|p1a: Zapdos|63/100 tox|[from] psn
|upkeep
|
|t:|1760887160
|switch|p2a: Corviknight|Corviknight, F|76/100
|-ability|p2a: Corviknight|Pressure
|turn|19
|
|t:|1760887165
|move|p1a: Zapdos|Volt Switch|p2a: Corviknight
|-supereffective|p2a: Corviknight
|-damage|p2a: Corviknight|5/100
|
|t:|1760887174
|switch|p1a: Corviknight|Corviknight, M, shiny|100/100|[from] Volt Switch
|-ability|p1a: Corviknight|Pressure
|move|p2a: Corviknight|Roost|p2a: Corviknight
|-heal|p2a: Corviknight|55/100
|-singleturn|p2a: Corviknight|move: Roost
|
|-heal|p2a: Corviknight|62/100|[from] item: Leftovers
|upkeep
|turn|20
|
|t:|1760887186
|move|p2a: Corviknight|Iron Defense|p2a: Corviknight
|-boost|p2a: Corviknight|def|2
|move|p1a: Corviknight|U-turn|p2a: Corviknight
|-resisted|p2a: Corviknight
|-damage|p2a: Corviknight|61/100
|
|t:|1760887195
|switch|p1a: Zapdos|Zapdos, shiny|63/100 tox|[from] U-turn
|
|-heal|p2a: Corviknight|67/100|[from] item: Leftovers
|-damage|p1a: Zapdos|57/100 tox|[from] psn
|upkeep
|turn|21
|
|t:|1760887206
|move|p1a: Zapdos|Volt Switch|p2a: Corviknight
|-supereffective|p2a: Corviknight
|-damage|p2a: Corviknight|0 fnt
|faint|p2a: Corviknight
|
|t:|1760887210
|switch|p1a: Corviknight|Corviknight, M, shiny|100/100|[from] Volt Switch
|-ability|p1a: Corviknight|Pressure
|
|upkeep
|
|t:|1760887214
|switch|p2a: Kyurem|Kyurem|38/100
|-ability|p2a: Kyurem|Pressure
|turn|22
|
|t:|1760887220
|move|p2a: Kyurem|Blizzard|p1a: Corviknight|[miss]
|-miss|p2a: Kyurem|p1a: Corviknight
|move|p1a: Corviknight|Body Press|p2a: Kyurem
|-supereffective|p2a: Kyurem
|-damage|p2a: Kyurem|0 fnt
|faint|p2a: Kyurem
|
|win|n-busuis
|raw|n-busuis's rating: 1418 &rarr; <strong>1436</strong><br />(+18 for winning)
|raw|jonahjonka's rating: 1378 &rarr; <strong>1360</strong><br />(-18 for losing)
|l|☆jonahjonka
|player|p2|
|l|☆n-busuis
|player|p1|
