|j|☆ShaneGrabs
|j|☆ellieisapuppy
|t:|1760753725
|gametype|singles
|player|p1|ShaneGrabs|cynthia-masters|1034
|player|p2|ellieisapuppy|lady|1000
|gen|9
|tier|[Gen 9] OU
|rated|
|rule|HP Percentage Mod: HP is shown in percentages
|rule|Endless Battle Clause: Forcing endless battles is banned
|rule|Species Clause: Limit one of each Pokémon
|rule|OHKO Clause: OHKO moves are banned
|rule|Evasion Items Clause: Evasion items are banned
|rule|Evasion Moves Clause: Evasion moves are banned
|rule|Evasion Abilities Clause: Evasion abilities are banned
|rule|Sleep Moves Clause: Sleep-inducing moves are banned
|clearpoke
|poke|p1|Garchomp, F|
|poke|p1|Gliscor, F|
|poke|p1|Moltres|
|poke|p1|Zapdos|
|poke|p1|Darkrai|
|poke|p1|Amoonguss, F|
|poke|p2|Zapdos|
|poke|p2|Pelipper, M|
|poke|p2|Iron Treads|
|poke|p2|Alomomola, F|
|poke|p2|Floatzel, M|
|poke|p2|Ogerpon-Wellspring, F|
|teampreview
|
|t:|1760753743
|teamsize|p1|6
|teamsize|p2|6
|start
|switch|p1a: Garchomp|Garchomp, F|100/100
|switch|p2a: Pelipper|Pelipper, M, shiny|100/100
|-weather|RainDance|[from] ability: Drizzle|[of] p2a: Pelipper
|turn|1
|
|t:|1760753756
|move|p1a: Garchomp|Stealth Rock|p2a: Pelipper
|-sidestart|p2: ellieisapuppy|move: Stealth Rock
|move|p2a: Pelipper|Hydro Pump|p1a: Garchomp
|-damage|p1a: Garchomp|36/100
|
|-weather|RainDance|[upkeep]
|upkeep
|turn|2
|
|t:|1760753774
|move|p1a: Garchomp|Spikes|p2a: Pelipper
|-sidestart|p2: ellieisapuppy|Spikes
|move|p2a: Pelipper|U-turn|p1a: Garchomp
|-damage|p1a: Garchomp|31/100
|-damage|p2a: Pelipper|88/100|[from] ability: Rough Skin|[of] p1a: Garchomp
|-damage|p2a: Pelipper|71/100|[from] item: Rocky Helmet|[of] p1a: Garchomp
|
|t:|1760753777
|switch|p2a: Iron Treads|Iron Treads|100/100|[from] U-turn
|-damage|p2a: Iron Treads|98/100|[from] Stealth Rock
|-damage|p2a: Iron Treads|85/100|[from] Spikes
|
|-weather|RainDance|[upkeep]
|upkeep
|turn|3
|
|t:|1760753797
|move|p2a: Iron Treads|Ice Spinner|p1a: Garchomp
|-supereffective|p1a: Garchomp
|-damage|p1a: Garchomp|0 fnt
|-damage|p2a: Iron Treads|73/100|[from] ability: Rough Skin|[of] p1a: Garchomp
|-damage|p2a: Iron Treads|56/100|[from] item: Rocky Helmet|[of] p1a: Garchomp
|faint|p1a: Garchomp
|
|-weather|RainDance|[upkeep]
|upkeep
|
|t:|1760753817
|switch|p1a: Darkrai|Darkrai, shiny|100/100
|turn|4
|
|t:|1760753821
|move|p1a: Darkrai|Dark Pulse|p2a: Iron Treads
|-damage|p2a: Iron Treads|22/100
|move|p2a: Iron Treads|Rapid Spin|p1a: Darkrai
|-damage|p1a: Darkrai|81/100
|-boost|p2a: Iron Treads|spe|1
|-sideend|p2: ellieisapuppy|Spikes|[from] move: Rapid Spin|[of] p2a: Iron Treads
|-sideend|p2: ellieisapuppy|Stealth Rock|[from] move: Rapid Spin|[of] p2a: Iron Treads
|
|-weather|RainDance|[upkeep]
|-heal|p1a: Darkrai|87/100|[from] item: Leftovers
|upkeep
|turn|5
|
|t:|1760753839
|move|p2a: Iron Treads|Earthquake|p1a: Darkrai
|-damage|p1a: Darkrai|26/100
|move|p1a: Darkrai|Nasty Plot|p1a: Darkrai
|-boost|p1a: Darkrai|spa|2
|
|-weather|RainDance|[upkeep]
|-heal|p1a: Darkrai|33/100|[from] item: Leftovers
|upkeep
|turn|6
|
|t:|1760753849
|switch|p1a: Zapdos|Zapdos|100/100
|move|p2a: Iron Treads|Ice Spinner|p1a: Zapdos
|-supereffective|p1a: Zapdos
|-damage|p1a: Zapdos|55/100
|
|-weather|RainDance|[upkeep]
|upkeep
|turn|7
|
|t:|1760753861
|move|p2a: Iron Treads|Ice Spinner|p1a: Zapdos
|-supereffective|p1a: Zapdos
|-damage|p1a: Zapdos|6/100
|-status|p2a: Iron Treads|par|[from] ability: Static|[of] p1a: Zapdos
|move|p1a: Zapdos|Hurricane|p2a: Iron Treads
|-resisted|p2a: Iron Treads
|-damage|p2a: Iron Treads|0 fnt
|faint|p2a: Iron Treads
|-end|p2a: Iron Treads|Quark Drive|[silent]
|
|-weather|RainDance|[upkeep]
|upkeep
|
|t:|1760753874
|switch|p2a: Floatzel|Floatzel, M|100/100
|turn|8
|
|t:|1760753879
|move|p2a: Floatzel|Flip Turn|p1a: Zapdos
|-damage|p1a: Zapdos|0 fnt
|faint|p1a: Zapdos
|
|t:|1760753893
|switch|p2a: Alomomola|Alomomola, F, shiny|100/100|[from] Flip Turn
|
|-weather|none
|upkeep
|
|t:|1760753902
|switch|p1a: Amoonguss|Amoonguss, F|100/100
|turn|9
|
|t:|1760753910
|move|p2a: Alomomola|Flip Turn|p1a: Amoonguss
|-resisted|p1a: Amoonguss
|-damage|p1a: Amoonguss|94/100
|
|t:|1760753912
|switch|p2a: Pelipper|Pelipper, M, shiny|71/100|[from] Flip Turn
|-weather|RainDance|[from] ability: Drizzle|[of] p2a: Pelipper
|move|p1a: Amoonguss|Toxic|p2a: Pelipper
|-status|p2a: Pelipper|tox
|
|-weather|RainDance|[upkeep]
|-heal|p1a: Amoonguss|99/100|[from] item: Leftovers
|-damage|p2a: Pelipper|65/100 tox|[from] psn
|upkeep
|turn|10
|
|t:|1760753924
|move|p2a: Pelipper|Hurricane|p1a: Amoonguss
|-supereffective|p1a: Amoonguss
|-damage|p1a: Amoonguss|16/100
|move|p1a: Amoonguss|Foul Play|p2a: Pelipper
|-damage|p2a: Pelipper|54/100 tox
|
|-weather|RainDance|[upkeep]
|-heal|p1a: Amoonguss|22/100|[from] item: Leftovers
|-damage|p2a: Pelipper|42/100 tox|[from] psn
|upkeep
|turn|11
|
|t:|1760753949
|move|p2a: Pelipper|U-turn|p1a: Amoonguss
|-damage|p1a: Amoonguss|16/100
|
|t:|1760753972
|switch|p2a: Zapdos|Zapdos, shiny|100/100|[from] U-turn
|move|p1a: Amoonguss|Clear Smog|p2a: Zapdos
|-damage|p2a: Zapdos|83/100
|-clearboost|p2a: Zapdos
|
|-weather|RainDance|[upkeep]
|-heal|p1a: Amoonguss|22/100|[from] item: Leftovers
|upkeep
|turn|12
|
|t:|1760753982
|move|p2a: Zapdos|Hurricane|p1a: Amoonguss
|-supereffective|p1a: Amoonguss
|-damage|p1a: Amoonguss|0 fnt
|faint|p1a: Amoonguss
|
|-weather|RainDance|[upkeep]
|upkeep
|
|t:|1760753999
|switch|p1a: Darkrai|Darkrai, shiny|33/100
|turn|13
|
|t:|1760754006
|move|p2a: Zapdos|Hurricane|p1a: Darkrai
|-damage|p1a: Darkrai|0 fnt
|faint|p1a: Darkrai
|
|-weather|RainDance|[upkeep]
|upkeep
|
|t:|1760754013
|switch|p1a: Gliscor|Gliscor, F, shiny|100/100
|turn|14
|
|t:|1760754029
|switch|p2a: Floatzel|Floatzel, M|100/100
|move|p1a: Gliscor|Swords Dance|p1a: Gliscor
|-boost|p1a: Gliscor|atk|2
|
|-weather|RainDance|[upkeep]
|-status|p1a: Gliscor|tox|[from] item: Toxic Orb
|upkeep
|turn|15
|
|t:|1760754040
|-terastallize|p1a: Gliscor|Normal
|move|p2a: Floatzel|Wave Crash|p1a: Gliscor
|-damage|p1a: Gliscor|2/100 tox
|-damage|p2a: Floatzel|64/100|[from] Recoil
|move|p1a: Gliscor|Facade|p2a: Floatzel
|-damage|p2a: Floatzel|0 fnt
|faint|p2a: Floatzel
|
|-weather|RainDance|[upkeep]
|-heal|p1a: Gliscor|14/100 tox|[from] ability: Poison Heal
|upkeep
|
|t:|1760754046
|switch|p2a: Zapdos|Zapdos, shiny|83/100
|turn|16
|
|t:|1760754059
|move|p1a: Gliscor|Protect|p1a: Gliscor
|-singleturn|p1a: Gliscor|Protect
|move|p2a: Zapdos|Volt Switch|p1a: Gliscor
|-activate|p1a: Gliscor|move: Protect
|
|-weather|none
|-heal|p1a: Gliscor|27/100 tox|[from] ability: Poison Heal
|upkeep
|turn|17
|
|t:|1760754067
|move|p2a: Zapdos|Volt Switch|p1a: Gliscor
|-damage|p1a: Gliscor|0 fnt
|faint|p1a: Gliscor
|
|t:|1760754070
|switch|p2a: Pelipper|Pelipper, M, shiny|42/100 tox|[from] Volt Switch
|-weather|RainDance|[from] ability: Drizzle|[of] p2a: Pelipper
|
|-weather|RainDance|[upkeep]
|-damage|p2a: Pelipper|35/100 tox|[from] psn
|upkeep
|
|t:|1760754077
|switch|p1a: Moltres|Moltres|100/100
|-ability|p1a: Moltres|Pressure
|turn|18
|
|t:|1760754082
|move|p1a: Moltres|Hurricane|p2a: Pelipper
|-damage|p2a: Pelipper|0 fnt
|faint|p2a: Pelipper
|
|-weather|RainDance|[upkeep]
|upkeep
|
|t:|1760754085
|switch|p2a: Zapdos|Zapdos, shiny|83/100
|turn|19
|
|t:|1760754091
|move|p2a: Zapdos|Thunder|p1a: Moltres
|-supereffective|p1a: Moltres
|-damage|p1a: Moltres|0 fnt
|faint|p1a: Moltres
|
|win|ellieisapuppy
|raw|ShaneGrabs's rating: 1034 &rarr; <strong>1017</strong><br />(-17 for losing)
|raw|ellieisapuppy's rating: 1000 &rarr; <strong>1044</strong><br />(+44 for winning)
|c|☆ShaneGrabs|gg
|c|☆ellieisapuppy|gg
