|j|☆destructionleon
|j|☆kiarnjd
|t:|1760867697
|gametype|singles
|player|p1|destructionleon|169|1330
|player|p2|kiarnjd|red|1323
|gen|9
|tier|[Gen 9] OU
|rated|
|rule|HP Percentage Mod: HP is shown in percentages
|rule|Endless Battle Clause: Forcing endless battles is banned
|rule|Species Clause: Limit one of each Pokémon
|rule|OHKO Clause: OHKO moves are banned
|rule|Evasion Items Clause: Evasion items are banned
|rule|Evasion Moves Clause: Evasion moves are banned
|rule|Evasion Abilities Clause: Evasion abilities are banned
|rule|Sleep Moves Clause: Sleep-inducing moves are banned
|clearpoke
|poke|p1|Alomomola, M|
|poke|p1|Gholdengo|
|poke|p1|Scizor, M|
|poke|p1|Tyranitar, M|
|poke|p1|Excadrill, M|
|poke|p1|Clodsire, F|
|poke|p2|Garganacl, M|
|poke|p2|Hippowdon, M|
|poke|p2|Hydrapple, M|
|poke|p2|Slowking-Galar, M|
|poke|p2|Samurott-Hisui, M|
|poke|p2|Excadrill, M|
|teampreview
|inactive|Battle timer is ON: inactive players will automatically lose when time's up. (requested by destructionleon)
|inactive|kiarnjd also wants the timer to be on.
|
|t:|1760867714
|teamsize|p1|6
|teamsize|p2|6
|start
|switch|p1a: Scizor|Scizor, M|100/100
|switch|p2a: Hippowdon|Hippowdon, M, shiny|100/100
|-weather|Sandstorm|[from] ability: Sand Stream|[of] p2a: Hippowdon
|turn|1
|
|t:|1760867728
|move|p1a: Scizor|U-turn|p2a: Hippowdon
|-damage|p2a: Hippowdon|69/100
|-damage|p1a: Scizor|84/100|[from] item: Rocky Helmet|[of] p2a: Hippowdon
|
|t:|1760867733
|switch|p1a: Alomomola|Alomomola, M|100/100|[from] U-turn
|move|p2a: Hippowdon|Stealth Rock|p1a: Alomomola
|-sidestart|p1: destructionleon|move: Stealth Rock
|
|-weather|Sandstorm|[upkeep]
|-damage|p1a: Alomomola|94/100|[from] Sandstorm
|upkeep
|turn|2
|
|t:|1760867744
|switch|p2a: Hydrapple|Hydrapple, M, shiny|100/100
|move|p1a: Alomomola|Scald|p2a: Hydrapple
|-resisted|p2a: Hydrapple
|-damage|p2a: Hydrapple|97/100
|-status|p2a: Hydrapple|brn
|
|-weather|Sandstorm|[upkeep]
|-damage|p1a: Alomomola|88/100|[from] Sandstorm
|-damage|p2a: Hydrapple|91/100 brn|[from] Sandstorm
|-damage|p2a: Hydrapple|85/100 brn|[from] brn
|upkeep
|turn|3
|
|t:|1760867756
|move|p1a: Alomomola|Flip Turn|p2a: Hydrapple
|-resisted|p2a: Hydrapple
|-damage|p2a: Hydrapple|82/100 brn
|
|t:|1760867761
|switch|p1a: Gholdengo|Gholdengo|100/100|[from] Flip Turn
|-damage|p1a: Gholdengo|94/100|[from] Stealth Rock
|move|p2a: Hydrapple|Nasty Plot|p2a: Hydrapple
|-boost|p2a: Hydrapple|spa|2
|
|-weather|Sandstorm|[upkeep]
|-damage|p2a: Hydrapple|76/100 brn|[from] Sandstorm
|-damage|p2a: Hydrapple|70/100 brn|[from] brn
|upkeep
|turn|4
|inactive|destructionleon has 120 seconds left.
|inactive|kiarnjd has 120 seconds left.
|
|t:|1760867798
|-terastallize|p1a: Gholdengo|Fairy
|move|p1a: Gholdengo|Dazzling Gleam|p2a: Hydrapple
|-supereffective|p2a: Hydrapple
|-damage|p2a: Hydrapple|0 fnt
|faint|p2a: Hydrapple
|
|-weather|Sandstorm|[upkeep]
|-damage|p1a: Gholdengo|88/100|[from] Sandstorm
|upkeep
|
|t:|1760867809
|switch|p2a: Slowking|Slowking-Galar, M, shiny|100/100
|turn|5
|
|t:|1760867821
|switch|p1a: Excadrill|Excadrill, M|100/100
|-damage|p1a: Excadrill|97/100|[from] Stealth Rock
|-item|p1a: Excadrill|Air Balloon
|move|p2a: Slowking|Whirlpool|p1a: Excadrill
|-supereffective|p1a: Excadrill
|-crit|p1a: Excadrill
|-damage|p1a: Excadrill|60/100
|-activate|p1a: Excadrill|move: Whirlpool|[of] p2a: Slowking
|-enditem|p1a: Excadrill|Air Balloon
|
|-weather|none
|-damage|p1a: Excadrill|47/100|[from] move: Whirlpool|[partiallytrapped]
|upkeep
|turn|6
|inactive|kiarnjd has 120 seconds left.
|
|t:|1760867830
|-terastallize|p2a: Slowking|Water
|move|p1a: Excadrill|Rapid Spin|p2a: Slowking
|-damage|p2a: Slowking|84/100
|-boost|p1a: Excadrill|spe|1
|-sideend|p1: destructionleon|Stealth Rock|[from] move: Rapid Spin|[of] p1a: Excadrill
|-end|p1a: Excadrill|Whirlpool|[partiallytrapped]
|move|p2a: Slowking|Whirlpool|p1a: Excadrill
|-supereffective|p1a: Excadrill
|-damage|p1a: Excadrill|0 fnt
|faint|p1a: Excadrill
|
|upkeep
|
|t:|1760867844
|switch|p1a: Alomomola|Alomomola, M|100/100
|turn|7
|inactive|kiarnjd has 120 seconds left.
|
|t:|1760867874
|move|p1a: Alomomola|Scald|p2a: Slowking
|-resisted|p2a: Slowking
|-damage|p2a: Slowking|81/100
|-status|p2a: Slowking|brn
|move|p2a: Slowking|Sludge Bomb|p1a: Alomomola
|-damage|p1a: Alomomola|58/100
|
|-damage|p2a: Slowking|75/100 brn|[from] brn
|upkeep
|turn|8
|
|t:|1760867882
|move|p1a: Alomomola|Wish|p1a: Alomomola
|move|p2a: Slowking|Psychic Noise|p1a: Alomomola
|-damage|p1a: Alomomola|24/100
|-start|p1a: Alomomola|move: Heal Block
|
|-damage|p2a: Slowking|69/100 brn|[from] brn
|upkeep
|turn|9
|
|t:|1760867892
|move|p1a: Alomomola|Flip Turn|p2a: Slowking
|-resisted|p2a: Slowking
|-damage|p2a: Slowking|63/100 brn
|
|t:|1760867896
|switch|p1a: Scizor|Scizor, M|84/100|[from] Flip Turn
|move|p2a: Slowking|Sludge Bomb|p1a: Scizor
|-immune|p1a: Scizor
|
|-heal|p1a: Scizor|100/100|[from] move: Wish|[wisher] Alomomola
|-damage|p2a: Slowking|57/100 brn|[from] brn
|upkeep
|turn|10
|
|t:|1760867909
|move|p1a: Scizor|Close Combat|p2a: Slowking
|-damage|p2a: Slowking|8/100 brn
|-unboost|p1a: Scizor|def|1
|-unboost|p1a: Scizor|spd|1
|move|p2a: Slowking|Flamethrower|p1a: Scizor
|-supereffective|p1a: Scizor
|-damage|p1a: Scizor|0 fnt
|faint|p1a: Scizor
|
|-damage|p2a: Slowking|2/100 brn|[from] brn
|upkeep
|
|t:|1760867917
|switch|p1a: Tyranitar|Tyranitar, M|100/100
|-weather|Sandstorm|[from] ability: Sand Stream|[of] p1a: Tyranitar
|turn|11
|
|t:|1760867922
|move|p1a: Tyranitar|Knock Off|p2a: Slowking
|-damage|p2a: Slowking|0 fnt
|-enditem|p2a: Slowking|Assault Vest|[from] move: Knock Off|[of] p1a: Tyranitar
|faint|p2a: Slowking
|
|-weather|Sandstorm|[upkeep]
|upkeep
|
|t:|1760867938
|switch|p2a: Excadrill|Excadrill, M, shiny|100/100
|turn|12
|
|t:|1760867945
|switch|p1a: Alomomola|Alomomola, M|57/100
|move|p2a: Excadrill|Iron Head|p1a: Alomomola
|-resisted|p1a: Alomomola
|-damage|p1a: Alomomola|45/100
|-damage|p2a: Excadrill|84/100|[from] item: Rocky Helmet|[of] p1a: Alomomola
|
|-weather|Sandstorm|[upkeep]
|-damage|p1a: Alomomola|39/100|[from] Sandstorm
|upkeep
|turn|13
|
|t:|1760867953
|switch|p2a: Samurott|Samurott-Hisui, M, shiny|100/100
|move|p1a: Alomomola|Wish|p1a: Alomomola
|
|-weather|Sandstorm|[upkeep]
|-damage|p2a: Samurott|94/100|[from] Sandstorm
|-damage|p1a: Alomomola|32/100|[from] Sandstorm
|upkeep
|turn|14
|
|t:|1760867958
|move|p1a: Alomomola|Protect|p1a: Alomomola
|-singleturn|p1a: Alomomola|Protect
|move|p2a: Samurott|Ceaseless Edge|p1a: Alomomola
|-activate|p1a: Alomomola|move: Protect
|
|-weather|Sandstorm|[upkeep]
|-damage|p2a: Samurott|88/100|[from] Sandstorm
|-damage|p1a: Alomomola|26/100|[from] Sandstorm
|-heal|p1a: Alomomola|76/100|[from] move: Wish|[wisher] Alomomola
|upkeep
|turn|15
|
|t:|1760867970
|move|p2a: Samurott|Ceaseless Edge|p1a: Alomomola
|-damage|p1a: Alomomola|50/100
|-damage|p2a: Samurott|72/100|[from] item: Rocky Helmet|[of] p1a: Alomomola
|-sidestart|p1: destructionleon|Spikes
|move|p1a: Alomomola|Flip Turn|p2a: Samurott
|-resisted|p2a: Samurott
|-damage|p2a: Samurott|63/100
|
|t:|1760867981
|switch|p1a: Gholdengo|Gholdengo, tera:Fairy|88/100|[from] Flip Turn
|-damage|p1a: Gholdengo|76/100|[from] Spikes
|
|-weather|none
|upkeep
|turn|16
|
|t:|1760867990
|switch|p2a: Hippowdon|Hippowdon, M, shiny|69/100
|-weather|Sandstorm|[from] ability: Sand Stream|[of] p2a: Hippowdon
|move|p1a: Gholdengo|Dazzling Gleam|p2a: Hippowdon
|-damage|p2a: Hippowdon|24/100
|
|-weather|Sandstorm|[upkeep]
|-damage|p1a: Gholdengo|70/100|[from] Sandstorm
|upkeep
|turn|17
|
|t:|1760867997
|move|p1a: Gholdengo|Dazzling Gleam|p2a: Hippowdon
|-damage|p2a: Hippowdon|0 fnt
|faint|p2a: Hippowdon
|
|-weather|Sandstorm|[upkeep]
|-damage|p1a: Gholdengo|64/100|[from] Sandstorm
|upkeep
|
|t:|1760868002
|switch|p2a: Excadrill|Excadrill, M, shiny|84/100
|turn|18
|
|t:|1760868026
|switch|p1a: Alomomola|Alomomola, M|83/100
|-damage|p1a: Alomomola|71/100|[from] Spikes
|move|p2a: Excadrill|Iron Head|p1a: Alomomola
|-resisted|p1a: Alomomola
|-damage|p1a: Alomomola|57/100
|-damage|p2a: Excadrill|67/100|[from] item: Rocky Helmet|[of] p1a: Alomomola
|
|-weather|Sandstorm|[upkeep]
|-damage|p1a: Alomomola|51/100|[from] Sandstorm
|upkeep
|turn|19
|
|t:|1760868055
|switch|p2a: Garganacl|Garganacl, M, shiny|100/100
|move|p1a: Alomomola|Wish|p1a: Alomomola
|
|-weather|Sandstorm|[upkeep]
|-damage|p1a: Alomomola|45/100|[from] Sandstorm
|upkeep
|turn|20
|
|t:|1760868060
|move|p1a: Alomomola|Protect|p1a: Alomomola
|-singleturn|p1a: Alomomola|Protect
|move|p2a: Garganacl|Salt Cure|p1a: Alomomola
|-activate|p1a: Alomomola|move: Protect
|
|-weather|none
|-heal|p1a: Alomomola|95/100|[from] move: Wish|[wisher] Alomomola
|upkeep
|turn|21
|
|t:|1760868071
|move|p1a: Alomomola|Flip Turn|p2a: Garganacl
|-supereffective|p2a: Garganacl
|-crit|p2a: Garganacl
|-damage|p2a: Garganacl|72/100
|
|t:|1760868074
|switch|p1a: Tyranitar|Tyranitar, M|100/100|[from] Flip Turn
|-damage|p1a: Tyranitar|88/100|[from] Spikes
|-weather|Sandstorm|[from] ability: Sand Stream|[of] p1a: Tyranitar
|move|p2a: Garganacl|Salt Cure|p1a: Tyranitar
|-damage|p1a: Tyranitar|77/100
|-start|p1a: Tyranitar|Salt Cure
|
|-weather|Sandstorm|[upkeep]
|-heal|p2a: Garganacl|78/100|[from] item: Leftovers
|-damage|p1a: Tyranitar|64/100|[from] Salt Cure
|upkeep
|turn|22
|
|t:|1760868081
|move|p2a: Garganacl|Protect|p2a: Garganacl
|-singleturn|p2a: Garganacl|Protect
|move|p1a: Tyranitar|Dragon Tail|p2a: Garganacl
|-activate|p2a: Garganacl|move: Protect
|
|-weather|Sandstorm|[upkeep]
|-heal|p2a: Garganacl|85/100|[from] item: Leftovers
|-damage|p1a: Tyranitar|52/100|[from] Salt Cure
|upkeep
|turn|23
|
|t:|1760868086
|move|p2a: Garganacl|Salt Cure|p1a: Tyranitar
|-damage|p1a: Tyranitar|42/100
|move|p1a: Tyranitar|Dragon Tail|p2a: Garganacl
|-damage|p2a: Garganacl|71/100
|drag|p2a: Excadrill|Excadrill, M, shiny|67/100
|
|-weather|Sandstorm|[upkeep]
|-damage|p1a: Tyranitar|30/100|[from] Salt Cure
|upkeep
|turn|24
|
|t:|1760868096
|switch|p1a: Alomomola|Alomomola, M|100/100
|-damage|p1a: Alomomola|88/100|[from] Spikes
|move|p2a: Excadrill|Iron Head|p1a: Alomomola
|-resisted|p1a: Alomomola
|-damage|p1a: Alomomola|75/100
|-damage|p2a: Excadrill|51/100|[from] item: Rocky Helmet|[of] p1a: Alomomola
|
|-weather|Sandstorm|[upkeep]
|-damage|p1a: Alomomola|69/100|[from] Sandstorm
|upkeep
|turn|25
|
|t:|1760868103
|switch|p2a: Garganacl|Garganacl, M, shiny|71/100
|move|p1a: Alomomola|Wish|p1a: Alomomola
|
|-weather|none
|-heal|p2a: Garganacl|77/100|[from] item: Leftovers
|upkeep
|turn|26
|
|t:|1760868111
|move|p1a: Alomomola|Flip Turn|p2a: Garganacl
|-supereffective|p2a: Garganacl
|-damage|p2a: Garganacl|59/100
|
|t:|1760868115
|switch|p1a: Gholdengo|Gholdengo, tera:Fairy|64/100|[from] Flip Turn
|-damage|p1a: Gholdengo|52/100|[from] Spikes
|move|p2a: Garganacl|Recover|p2a: Garganacl
|-heal|p2a: Garganacl|100/100
|
|-heal|p1a: Gholdengo|100/100|[from] move: Wish|[wisher] Alomomola
|upkeep
|turn|27
|
|t:|1760868126
|move|p1a: Gholdengo|Make It Rain|p2a: Garganacl
|-supereffective|p2a: Garganacl
|-damage|p2a: Garganacl|10/100
|-unboost|p1a: Gholdengo|spa|1
|move|p2a: Garganacl|Salt Cure|p1a: Gholdengo
|-damage|p1a: Gholdengo|86/100
|-start|p1a: Gholdengo|Salt Cure
|
|-heal|p2a: Garganacl|16/100|[from] item: Leftovers
|-damage|p1a: Gholdengo|74/100|[from] Salt Cure
|upkeep
|turn|28
|
|t:|1760868136
|switch|p1a: Alomomola|Alomomola, M|100/100
|-damage|p1a: Alomomola|88/100|[from] Spikes
|move|p2a: Garganacl|Protect||[still]
|-fail|p2a: Garganacl
|
|-heal|p2a: Garganacl|22/100|[from] item: Leftovers
|upkeep
|turn|29
|
|t:|1760868156
|move|p1a: Alomomola|Flip Turn|p2a: Garganacl
|-supereffective|p2a: Garganacl
|-damage|p2a: Garganacl|4/100
|
|t:|1760868164
|switch|p1a: Gholdengo|Gholdengo, tera:Fairy|74/100|[from] Flip Turn
|-damage|p1a: Gholdengo|61/100|[from] Spikes
|move|p2a: Garganacl|Recover|p2a: Garganacl
|-heal|p2a: Garganacl|54/100
|
|-heal|p2a: Garganacl|61/100|[from] item: Leftovers
|upkeep
|turn|30
|
|t:|1760868173
|switch|p2a: Excadrill|Excadrill, M, shiny|51/100
|move|p1a: Gholdengo|Make It Rain|p2a: Excadrill
|-resisted|p2a: Excadrill
|-damage|p2a: Excadrill|11/100
|-unboost|p1a: Gholdengo|spa|1
|
|upkeep
|turn|31
|
|t:|1760868185
|switch|p1a: Alomomola|Alomomola, M|100/100
|-damage|p1a: Alomomola|88/100|[from] Spikes
|move|p2a: Excadrill|Earthquake|p1a: Alomomola
|-damage|p1a: Alomomola|57/100
|
|upkeep
|turn|32
|
|t:|1760868192
|move|p2a: Excadrill|Earthquake|p1a: Alomomola
|-crit|p1a: Alomomola
|-damage|p1a: Alomomola|12/100
|move|p1a: Alomomola|Wish|p1a: Alomomola
|
|upkeep
|turn|33
|
|t:|1760868196
|move|p1a: Alomomola|Protect|p1a: Alomomola
|-singleturn|p1a: Alomomola|Protect
|move|p2a: Excadrill|Earthquake|p1a: Alomomola
|-activate|p1a: Alomomola|move: Protect
|
|-heal|p1a: Alomomola|62/100|[from] move: Wish|[wisher] Alomomola
|upkeep
|turn|34
|
|t:|1760868203
|move|p2a: Excadrill|Earthquake|p1a: Alomomola
|-damage|p1a: Alomomola|32/100
|move|p1a: Alomomola|Wish|p1a: Alomomola
|
|upkeep
|turn|35
|
|t:|1760868208
|move|p1a: Alomomola|Protect|p1a: Alomomola
|-singleturn|p1a: Alomomola|Protect
|move|p2a: Excadrill|Earthquake|p1a: Alomomola
|-activate|p1a: Alomomola|move: Protect
|
|-heal|p1a: Alomomola|82/100|[from] move: Wish|[wisher] Alomomola
|upkeep
|turn|36
|
|t:|1760868214
|move|p2a: Excadrill|Iron Head|p1a: Alomomola
|-resisted|p1a: Alomomola
|-damage|p1a: Alomomola|69/100
|-damage|p2a: Excadrill|0 fnt|[from] item: Rocky Helmet|[of] p1a: Alomomola
|faint|p2a: Excadrill
|move|p1a: Alomomola|Wish|p1a: Alomomola
|
|upkeep
|
|t:|1760868217
|switch|p2a: Samurott|Samurott-Hisui, M, shiny|63/100
|turn|37
|
|t:|1760868223
|move|p2a: Samurott|Knock Off|p1a: Alomomola
|-damage|p1a: Alomomola|42/100
|-damage|p2a: Samurott|47/100|[from] item: Rocky Helmet|[of] p1a: Alomomola
|-enditem|p1a: Alomomola|Rocky Helmet|[from] move: Knock Off|[of] p2a: Samurott
|move|p1a: Alomomola|Flip Turn|p2a: Samurott
|-resisted|p2a: Samurott
|-damage|p2a: Samurott|38/100
|
|t:|1760868230
|switch|p1a: Gholdengo|Gholdengo, tera:Fairy|61/100|[from] Flip Turn
|-damage|p1a: Gholdengo|49/100|[from] Spikes
|
|-heal|p1a: Gholdengo|100/100|[from] move: Wish|[wisher] Alomomola
|upkeep
|turn|38
|
|t:|1760868242
|move|p1a: Gholdengo|Dazzling Gleam|p2a: Samurott
|-supereffective|p2a: Samurott
|-damage|p2a: Samurott|0 fnt
|faint|p2a: Samurott
|
|upkeep
|c|☆kiarnjd|So cringe
|
|t:|1760868251
|switch|p2a: Garganacl|Garganacl, M, shiny|61/100
|turn|39
|-message|kiarnjd forfeited.
|
|win|destructionleon
|raw|destructionleon's rating: 1330 &rarr; <strong>1350</strong><br />(+20 for winning)
|raw|kiarnjd's rating: 1323 &rarr; <strong>1303</strong><br />(-20 for losing)
|l|☆destructionleon
|player|p1|
|l|☆kiarnjd
|player|p2|
