|j|☆steezy1
|j|☆El-Lindo
|t:|1760720398
|gametype|singles
|player|p1|steezy1|101|1287
|player|p2|El-Lindo|265|1215
|gen|9
|tier|[Gen 9] OU
|rated|
|rule|HP Percentage Mod: HP is shown in percentages
|rule|Endless Battle Clause: Forcing endless battles is banned
|rule|Species Clause: Limit one of each Pokémon
|rule|OHKO Clause: OHKO moves are banned
|rule|Evasion Items Clause: Evasion items are banned
|rule|Evasion Moves Clause: Evasion moves are banned
|rule|Evasion Abilities Clause: Evasion abilities are banned
|rule|Sleep Moves Clause: Sleep-inducing moves are banned
|clearpoke
|poke|p1|Barraskewda, F|
|poke|p1|Pelipper, F|
|poke|p1|Basculegion-F, F|
|poke|p1|Overqwil, M|
|poke|p1|Clodsire, M|
|poke|p1|Cyclizar, F|
|poke|p2|Kingambit, F|
|poke|p2|Cinderace, F|
|poke|p2|Landorus-Therian, M|
|poke|p2|Iron Valiant|
|poke|p2|Kyurem|
|poke|p2|Slowking-Galar, M|
|teampreview
|
|t:|1760720406
|teamsize|p1|6
|teamsize|p2|6
|start
|switch|p1a: Barraskewda|Barraskewda, F|100/100
|switch|p2a: Homelandor|Landorus-Therian, M, shiny|100/100
|-ability|p2a: Homelandor|Intimidate|boost
|-unboost|p1a: Barraskewda|atk|1
|turn|1
|inactive|Battle timer is ON: inactive players will automatically lose when time's up. (requested by El-Lindo)
|
|t:|1760720411
|-terastallize|p2a: Homelandor|Water
|move|p1a: Barraskewda|Flip Turn|p2a: Homelandor
|-resisted|p2a: Homelandor
|-damage|p2a: Homelandor|84/100
|-damage|p1a: Barraskewda|84/100|[from] item: Rocky Helmet|[of] p2a: Homelandor
|
|t:|1760720420
|switch|p1a: Pelipper|Pelipper, F|100/100|[from] Flip Turn
|-weather|RainDance|[from] ability: Drizzle|[of] p1a: Pelipper
|move|p2a: Homelandor|Earthquake|p1a: Pelipper
|-immune|p1a: Pelipper
|
|-weather|RainDance|[upkeep]
|upkeep
|turn|2
|
|t:|1760720428
|switch|p2a: Mr. Freeze|Kyurem, shiny|100/100
|-ability|p2a: Mr. Freeze|Pressure
|move|p1a: Pelipper|U-turn|p2a: Mr. Freeze
|-damage|p2a: Mr. Freeze|93/100
|
|t:|1760720438
|switch|p1a: Barraskewda|Barraskewda, F|84/100|[from] U-turn
|
|-weather|RainDance|[upkeep]
|-heal|p2a: Mr. Freeze|99/100|[from] item: Leftovers
|upkeep
|turn|3
|
|t:|1760720449
|move|p1a: Barraskewda|Close Combat|p2a: Mr. Freeze
|-supereffective|p2a: Mr. Freeze
|-damage|p2a: Mr. Freeze|0 fnt
|-unboost|p1a: Barraskewda|def|1
|-unboost|p1a: Barraskewda|spd|1
|faint|p2a: Mr. Freeze
|
|-weather|RainDance|[upkeep]
|upkeep
|
|t:|1760720454
|switch|p2a: Chillionaire|Slowking-Galar, M, shiny|100/100
|turn|4
|
|t:|1760720458
|switch|p1a: Overqwil|Overqwil, M|100/100
|move|p2a: Chillionaire|Psychic Noise|p1a: Overqwil
|-immune|p1a: Overqwil
|
|-weather|RainDance|[upkeep]
|upkeep
|turn|5
|
|t:|1760720470
|move|p1a: Overqwil|Crunch|p2a: Chillionaire
|-supereffective|p2a: Chillionaire
|-damage|p2a: Chillionaire|21/100
|-unboost|p2a: Chillionaire|def|1
|move|p2a: Chillionaire|Thunder Wave|p1a: Overqwil
|-status|p1a: Overqwil|par
|
|-weather|RainDance|[upkeep]
|upkeep
|turn|6
|
|t:|1760720477
|switch|p2a: Homelandor|Landorus-Therian, M, shiny, tera:Water|84/100
|-ability|p2a: Homelandor|Intimidate|boost
|-unboost|p1a: Overqwil|atk|1
|move|p1a: Overqwil|Crunch|p2a: Homelandor
|-damage|p2a: Homelandor|59/100
|-unboost|p2a: Homelandor|def|1
|-damage|p1a: Overqwil|84/100 par|[from] item: Rocky Helmet|[of] p2a: Homelandor
|
|-weather|RainDance|[upkeep]
|-heal|p1a: Overqwil|90/100 par|[from] item: Leftovers
|upkeep
|turn|7
|
|t:|1760720483
|move|p2a: Homelandor|Earthquake|p1a: Overqwil
|-supereffective|p1a: Overqwil
|-damage|p1a: Overqwil|0 fnt
|faint|p1a: Overqwil
|
|-weather|RainDance|[upkeep]
|upkeep
|
|t:|1760720490
|switch|p1a: Basculegion|Basculegion-F, F|100/100
|turn|8
|
|t:|1760720495
|switch|p2a: Chillionaire|Slowking-Galar, M, shiny|54/100
|move|p1a: Basculegion|Shadow Ball|p2a: Chillionaire
|-supereffective|p2a: Chillionaire
|-damage|p2a: Chillionaire|8/100
|-unboost|p2a: Chillionaire|spd|1
|
|-weather|none
|upkeep
|turn|9
|
|t:|1760720499
|switch|p2a: Kristine|Cinderace, F, shiny|100/100
|move|p1a: Basculegion|Shadow Ball|p2a: Kristine
|-damage|p2a: Kristine|56/100
|-unboost|p2a: Kristine|spd|1
|
|upkeep
|turn|10
|
|t:|1760720505
|switch|p1a: Pelipper|Pelipper, F|100/100
|-weather|RainDance|[from] ability: Drizzle|[of] p1a: Pelipper
|move|p2a: Kristine|Will-O-Wisp|p1a: Pelipper
|-status|p1a: Pelipper|brn
|
|-weather|RainDance|[upkeep]
|-damage|p1a: Pelipper|94/100 brn|[from] brn
|upkeep
|turn|11
|
|t:|1760720510
|move|p2a: Kristine|U-turn|p1a: Pelipper
|-resisted|p1a: Pelipper
|-damage|p1a: Pelipper|86/100 brn
|
|t:|1760720512
|switch|p2a: Chillionaire|Slowking-Galar, M, shiny|41/100|[from] U-turn
|move|p1a: Pelipper|U-turn|p2a: Chillionaire
|-damage|p2a: Chillionaire|37/100
|
|t:|1760720519
|switch|p1a: Barraskewda|Barraskewda, F|84/100|[from] U-turn
|
|-weather|RainDance|[upkeep]
|upkeep
|turn|12
|
|t:|1760720524
|move|p1a: Barraskewda|Flip Turn|p2a: Chillionaire
|-damage|p2a: Chillionaire|0 fnt
|faint|p2a: Chillionaire
|
|t:|1760720531
|switch|p1a: Basculegion|Basculegion-F, F|100/100|[from] Flip Turn
|
|-weather|RainDance|[upkeep]
|upkeep
|
|t:|1760720534
|switch|p2a: WALL-Y|Iron Valiant|100/100
|-enditem|p2a: WALL-Y|Booster Energy
|-activate|p2a: WALL-Y|ability: Quark Drive|[fromitem]
|-start|p2a: WALL-Y|quarkdrivespe
|turn|13
|inactive|steezy1 has 120 seconds left.
|
|t:|1760720570
|-terastallize|p1a: Basculegion|Fairy
|move|p2a: WALL-Y|Moonblast|p1a: Basculegion
|-damage|p1a: Basculegion|62/100
|move|p1a: Basculegion|Tera Blast|p2a: WALL-Y|[anim] Tera Blast Fairy
|-supereffective|p2a: WALL-Y
|-damage|p2a: WALL-Y|0 fnt
|faint|p2a: WALL-Y
|-end|p2a: WALL-Y|Quark Drive|[silent]
|
|-weather|RainDance|[upkeep]
|upkeep
|
|t:|1760720580
|switch|p2a: Daenerys|Kingambit, F|100/100
|-activate|p2a: Daenerys|ability: Supreme Overlord
|-start|p2a: Daenerys|fallen3|[silent]
|turn|14
|
|t:|1760720584
|move|p1a: Basculegion|Surf|p2a: Daenerys
|-damage|p2a: Daenerys|30/100
|move|p2a: Daenerys|Iron Head|p1a: Basculegion
|-supereffective|p1a: Basculegion
|-damage|p1a: Basculegion|0 fnt
|faint|p1a: Basculegion
|
|-weather|RainDance|[upkeep]
|-heal|p2a: Daenerys|37/100|[from] item: Leftovers
|upkeep
|
|t:|1760720589
|switch|p1a: Barraskewda|Barraskewda, F|84/100
|turn|15
|
|t:|1760720593
|move|p1a: Barraskewda|Aqua Jet|p2a: Daenerys
|-damage|p2a: Daenerys|0 fnt
|faint|p2a: Daenerys
|-end|p2a: Daenerys|fallen3|[silent]
|
|-weather|RainDance|[upkeep]
|upkeep
|
|t:|1760720595
|switch|p2a: Homelandor|Landorus-Therian, M, shiny, tera:Water|59/100
|-ability|p2a: Homelandor|Intimidate|boost
|-unboost|p1a: Barraskewda|atk|1
|turn|16
|
|t:|1760720604
|switch|p1a: Clodsire|Clodsire, M|100/100
|move|p2a: Homelandor|Earthquake|p1a: Clodsire
|-supereffective|p1a: Clodsire
|-damage|p1a: Clodsire|4/100
|
|-weather|RainDance|[upkeep]
|-heal|p1a: Clodsire|10/100|[from] item: Leftovers
|upkeep
|turn|17
|
|t:|1760720612
|move|p2a: Homelandor|Earthquake|p1a: Clodsire
|-supereffective|p1a: Clodsire
|-damage|p1a: Clodsire|0 fnt
|faint|p1a: Clodsire
|
|-weather|none
|upkeep
|
|t:|1760720615
|switch|p1a: Pelipper|Pelipper, F|86/100 brn
|-weather|RainDance|[from] ability: Drizzle|[of] p1a: Pelipper
|turn|18
|
|t:|1760720625
|move|p2a: Homelandor|Stealth Rock|p1a: Pelipper
|-sidestart|p1: steezy1|move: Stealth Rock
|move|p1a: Pelipper|Hurricane|p2a: Homelandor
|-damage|p2a: Homelandor|15/100
|
|-weather|RainDance|[upkeep]
|-damage|p1a: Pelipper|80/100 brn|[from] brn
|upkeep
|turn|19
|
|t:|1760720630
|move|p2a: Homelandor|U-turn|p1a: Pelipper
|-resisted|p1a: Pelipper
|-damage|p1a: Pelipper|70/100 brn
|
|t:|1760720632
|switch|p2a: Kristine|Cinderace, F, shiny|56/100|[from] U-turn
|move|p1a: Pelipper|Surf|p2a: Kristine
|-supereffective|p2a: Kristine
|-damage|p2a: Kristine|0 fnt
|faint|p2a: Kristine
|
|-weather|RainDance|[upkeep]
|-damage|p1a: Pelipper|64/100 brn|[from] brn
|upkeep
|-message|El-Lindo forfeited.
|
|win|steezy1
|raw|steezy1's rating: 1287 &rarr; <strong>1307</strong><br />(+20 for winning)
|raw|El-Lindo's rating: 1215 &rarr; <strong>1195</strong><br />(-20 for losing)
|l|☆El-Lindo
|player|p2|
|l|☆steezy1
|player|p1|
