|j|☆Dark_Havocll
|j|☆The median voter
|t:|1760741444
|gametype|singles
|player|p1|Dark_Havocll|hiker-gen4|1383
|player|p2|The median voter|scientist-gen4dp|1414
|gen|9
|tier|[Gen 9] OU
|rated|
|rule|HP Percentage Mod: HP is shown in percentages
|rule|Endless Battle Clause: Forcing endless battles is banned
|rule|Species Clause: Limit one of each Pokémon
|rule|OHKO Clause: OHKO moves are banned
|rule|Evasion Items Clause: Evasion items are banned
|rule|Evasion Moves Clause: Evasion moves are banned
|rule|Evasion Abilities Clause: Evasion abilities are banned
|rule|Sleep Moves Clause: Sleep-inducing moves are banned
|clearpoke
|poke|p1|Dragonite, M|
|poke|p1|Greninja-*, M|
|poke|p1|Great Tusk|
|poke|p1|Kingambit, F|
|poke|p1|Pecharunt|
|poke|p1|Regice|
|poke|p2|Skeledirge, M|
|poke|p2|Ogerpon-Wellspring, F|
|poke|p2|Dragapult, F|
|poke|p2|Weezing-Galar, F|
|poke|p2|Ting-Lu|
|poke|p2|Corviknight, F|
|teampreview
|
|t:|1760741457
|teamsize|p1|6
|teamsize|p2|6
|start
|switch|p1a: Greninja|Greninja, M|100/100
|switch|p2a: Dragapult|Dragapult, F|100/100
|turn|1
|
|t:|1760741461
|switch|p1a: Regice|Regice|100/100
|move|p2a: Dragapult|U-turn|p1a: Regice
|-damage|p1a: Regice|85/100
|
|t:|1760741467
|switch|p2a: Corviknight|Corviknight, F|100/100|[from] U-turn
|-ability|p2a: Corviknight|Pressure
|
|upkeep
|turn|2
|
|t:|1760741474
|move|p2a: Corviknight|U-turn|p1a: Regice
|-damage|p1a: Regice|72/100
|
|t:|1760741477
|switch|p2a: Skeledirge|Skeledirge, M|100/100|[from] U-turn
|move|p1a: Regice|Thunder Wave|p2a: Skeledirge|[miss]
|-miss|p1a: Regice|p2a: Skeledirge
|
|upkeep
|turn|3
|
|t:|1760741483
|switch|p1a: Greninja|Greninja, M|100/100
|move|p2a: Skeledirge|Torch Song|p1a: Greninja
|-resisted|p1a: Greninja
|-damage|p1a: Greninja|75/100
|-boost|p2a: Skeledirge|spa|1
|
|upkeep
|turn|4
|
|t:|1760741489
|switch|p2a: Ogerpon|Ogerpon-Wellspring, F|100/100
|move|p1a: Greninja|Dark Pulse|p2a: Ogerpon
|-start|p1a: Greninja|typechange|Dark|[from] ability: Protean
|-damage|p2a: Ogerpon|68/100
|
|upkeep
|turn|5
|
|t:|1760741495
|move|p1a: Greninja|Gunk Shot|p2a: Ogerpon
|-supereffective|p2a: Ogerpon
|-damage|p2a: Ogerpon|0 fnt
|faint|p2a: Ogerpon
|
|upkeep
|
|t:|1760741498
|switch|p2a: Dragapult|Dragapult, F|100/100
|turn|6
|
|t:|1760741503
|move|p2a: Dragapult|U-turn|p1a: Greninja
|-supereffective|p1a: Greninja
|-damage|p1a: Greninja|21/100
|
|t:|1760741506
|switch|p2a: Ting-Lu|Ting-Lu, shiny|100/100|[from] U-turn
|-ability|p2a: Ting-Lu|Vessel of Ruin
|move|p1a: Greninja|Dark Pulse|p2a: Ting-Lu
|-resisted|p2a: Ting-Lu
|-damage|p2a: Ting-Lu|93/100
|
|-heal|p2a: Ting-Lu|99/100|[from] item: Leftovers
|upkeep
|turn|7
|
|t:|1760741511
|move|p1a: Greninja|Low Kick|p2a: Ting-Lu
|-supereffective|p2a: Ting-Lu
|-damage|p2a: Ting-Lu|62/100
|move|p2a: Ting-Lu|Earthquake|p1a: Greninja
|-damage|p1a: Greninja|0 fnt
|faint|p1a: Greninja
|
|-heal|p2a: Ting-Lu|68/100|[from] item: Leftovers
|upkeep
|
|t:|1760741519
|switch|p1a: Kingambit|Kingambit, F|100/100
|-activate|p1a: Kingambit|ability: Supreme Overlord
|-start|p1a: Kingambit|fallen1|[silent]
|turn|8
|
|t:|1760741521
|move|p1a: Kingambit|Stealth Rock|p2a: Ting-Lu
|-sidestart|p2: The median voter|move: Stealth Rock
|move|p2a: Ting-Lu|Earthquake|p1a: Kingambit
|-supereffective|p1a: Kingambit
|-damage|p1a: Kingambit|63/100
|
|-heal|p1a: Kingambit|70/100|[from] item: Leftovers
|-heal|p2a: Ting-Lu|74/100|[from] item: Leftovers
|upkeep
|turn|9
|
|t:|1760741528
|-end|p1a: Kingambit|fallen1|[silent]
|switch|p1a: Regice|Regice|72/100
|switch|p2a: Corviknight|Corviknight, F|100/100
|-damage|p2a: Corviknight|88/100|[from] Stealth Rock
|-ability|p2a: Corviknight|Pressure
|
|upkeep
|turn|10
|
|t:|1760741532
|move|p2a: Corviknight|Iron Defense|p2a: Corviknight
|-boost|p2a: Corviknight|def|2
|move|p1a: Regice|Thunderbolt|p2a: Corviknight
|-supereffective|p2a: Corviknight
|-damage|p2a: Corviknight|48/100
|
|upkeep
|turn|11
|
|t:|1760741537
|move|p2a: Corviknight|Body Press|p1a: Regice
|-supereffective|p1a: Regice
|-crit|p1a: Regice
|-damage|p1a: Regice|0 fnt
|faint|p1a: Regice
|
|upkeep
|
|t:|1760741540
|switch|p1a: Pecharunt|Pecharunt|100/100
|turn|12
|
|t:|1760741547
|move|p1a: Pecharunt|Parting Shot|p2a: Corviknight
|-unboost|p2a: Corviknight|atk|1
|-unboost|p2a: Corviknight|spa|1
|
|t:|1760741550
|switch|p1a: Great Tusk|Great Tusk|100/100|[from] Parting Shot
|move|p2a: Corviknight|Roost|p2a: Corviknight
|-heal|p2a: Corviknight|98/100
|-singleturn|p2a: Corviknight|move: Roost
|
|upkeep
|turn|13
|
|t:|1760741553
|move|p1a: Great Tusk|Bulk Up|p1a: Great Tusk
|-boost|p1a: Great Tusk|atk|1
|-boost|p1a: Great Tusk|def|1
|move|p2a: Corviknight|U-turn|p1a: Great Tusk
|-resisted|p1a: Great Tusk
|-damage|p1a: Great Tusk|99/100
|
|t:|1760741555
|switch|p2a: Dragapult|Dragapult, F|100/100|[from] U-turn
|-damage|p2a: Dragapult|88/100|[from] Stealth Rock
|
|-heal|p1a: Great Tusk|100/100|[from] item: Leftovers
|upkeep
|turn|14
|
|t:|1760741559
|-end|p1a: Great Tusk|Protosynthesis|[silent]
|switch|p1a: Kingambit|Kingambit, F|70/100
|-activate|p1a: Kingambit|ability: Supreme Overlord
|-start|p1a: Kingambit|fallen2|[silent]
|move|p2a: Dragapult|Draco Meteor|p1a: Kingambit
|-resisted|p1a: Kingambit
|-damage|p1a: Kingambit|28/100
|-unboost|p2a: Dragapult|spa|2
|
|-heal|p1a: Kingambit|34/100|[from] item: Leftovers
|upkeep
|turn|15
|
|t:|1760741564
|switch|p2a: Corviknight|Corviknight, F|98/100
|-damage|p2a: Corviknight|85/100|[from] Stealth Rock
|-ability|p2a: Corviknight|Pressure
|move|p1a: Kingambit|Kowtow Cleave|p2a: Corviknight
|-damage|p2a: Corviknight|59/100
|-damage|p1a: Kingambit|18/100|[from] item: Rocky Helmet|[of] p2a: Corviknight
|
|-heal|p1a: Kingambit|24/100|[from] item: Leftovers
|upkeep
|turn|16
|
|t:|1760741569
|-end|p1a: Kingambit|fallen2|[silent]
|switch|p1a: Dragonite|Dragonite, M|100/100
|move|p2a: Corviknight|Roost|p2a: Corviknight
|-heal|p2a: Corviknight|100/100
|-singleturn|p2a: Corviknight|move: Roost
|
|upkeep
|turn|17
|
|t:|1760741571
|move|p1a: Dragonite|Dragon Dance|p1a: Dragonite
|-boost|p1a: Dragonite|atk|1
|-boost|p1a: Dragonite|spe|1
|move|p2a: Corviknight|Iron Defense|p2a: Corviknight
|-boost|p2a: Corviknight|def|2
|
|upkeep
|turn|18
|
|t:|1760741575
|move|p1a: Dragonite|Dragon Dance|p1a: Dragonite
|-boost|p1a: Dragonite|atk|1
|-boost|p1a: Dragonite|spe|1
|move|p2a: Corviknight|Body Press|p1a: Dragonite
|-resisted|p1a: Dragonite
|-damage|p1a: Dragonite|87/100
|
|upkeep
|turn|19
|
|t:|1760741580
|move|p1a: Dragonite|Dragon Dance|p1a: Dragonite
|-boost|p1a: Dragonite|atk|1
|-boost|p1a: Dragonite|spe|1
|move|p2a: Corviknight|Body Press|p1a: Dragonite
|-resisted|p1a: Dragonite
|-damage|p1a: Dragonite|56/100
|
|upkeep
|turn|20
|
|t:|1760741581
|move|p1a: Dragonite|Roost|p1a: Dragonite
|-heal|p1a: Dragonite|100/100
|-singleturn|p1a: Dragonite|move: Roost
|move|p2a: Corviknight|Body Press|p1a: Dragonite
|-damage|p1a: Dragonite|72/100
|
|upkeep
|turn|21
|
|t:|1760741588
|move|p1a: Dragonite|Dragon Dance|p1a: Dragonite
|-boost|p1a: Dragonite|atk|1
|-boost|p1a: Dragonite|spe|1
|move|p2a: Corviknight|Body Press|p1a: Dragonite
|-resisted|p1a: Dragonite
|-damage|p1a: Dragonite|41/100
|
|upkeep
|turn|22
|
|t:|1760741590
|move|p1a: Dragonite|Roost|p1a: Dragonite
|-heal|p1a: Dragonite|91/100
|-singleturn|p1a: Dragonite|move: Roost
|move|p2a: Corviknight|Body Press|p1a: Dragonite
|-damage|p1a: Dragonite|29/100
|
|upkeep
|turn|23
|
|t:|1760741598
|-terastallize|p1a: Dragonite|Electric
|move|p1a: Dragonite|Tera Blast|p2a: Corviknight|[anim] Tera Blast Electric
|-supereffective|p2a: Corviknight
|-damage|p2a: Corviknight|10/100
|move|p2a: Corviknight|Body Press|p1a: Dragonite
|-damage|p1a: Dragonite|0 fnt
|faint|p1a: Dragonite
|
|upkeep
|
|t:|1760741604
|switch|p1a: Pecharunt|Pecharunt|100/100
|turn|24
|
|t:|1760741606
|move|p1a: Pecharunt|Hex|p2a: Corviknight
|-damage|p2a: Corviknight|0 fnt
|faint|p2a: Corviknight
|
|upkeep
|
|t:|1760741610
|switch|p2a: Dragapult|Dragapult, F|88/100
|-damage|p2a: Dragapult|76/100|[from] Stealth Rock
|turn|25
|
|t:|1760741613
|-terastallize|p2a: Dragapult|Ghost
|move|p2a: Dragapult|Shadow Ball|p1a: Pecharunt
|-supereffective|p1a: Pecharunt
|-damage|p1a: Pecharunt|0 fnt
|faint|p1a: Pecharunt
|
|upkeep
|
|t:|1760741616
|switch|p1a: Kingambit|Kingambit, F|24/100
|-activate|p1a: Kingambit|ability: Supreme Overlord
|-start|p1a: Kingambit|fallen4|[silent]
|turn|26
|
|t:|1760741623
|switch|p2a: Weezing|Weezing-Galar, F|100/100
|-ability|p2a: Weezing|Neutralizing Gas
|move|p1a: Kingambit|Kowtow Cleave|p2a: Weezing
|-resisted|p2a: Weezing
|-damage|p2a: Weezing|86/100
|
|-heal|p1a: Kingambit|30/100|[from] item: Leftovers
|upkeep
|turn|27
|
|t:|1760741626
|move|p2a: Weezing|Will-O-Wisp|p1a: Kingambit
|-status|p1a: Kingambit|brn
|move|p1a: Kingambit|Thunder Wave|p2a: Weezing
|-status|p2a: Weezing|par
|
|-heal|p1a: Kingambit|36/100 brn|[from] item: Leftovers
|-damage|p1a: Kingambit|30/100 brn|[from] brn
|upkeep
|turn|28
|
|t:|1760741632
|-end|p2a: Weezing|ability: Neutralizing Gas
|-activate|p1a: Kingambit|ability: Supreme Overlord
|-start|p1a: Kingambit|fallen4|[silent]
|switch|p2a: Ting-Lu|Ting-Lu, shiny|74/100
|-damage|p2a: Ting-Lu|68/100|[from] Stealth Rock
|-ability|p2a: Ting-Lu|Vessel of Ruin
|move|p1a: Kingambit|Kowtow Cleave|p2a: Ting-Lu
|-resisted|p2a: Ting-Lu
|-damage|p2a: Ting-Lu|61/100
|
|-heal|p1a: Kingambit|36/100 brn|[from] item: Leftovers
|-heal|p2a: Ting-Lu|67/100|[from] item: Leftovers
|-damage|p1a: Kingambit|30/100 brn|[from] brn
|upkeep
|turn|29
|
|t:|1760741637
|move|p1a: Kingambit|Kowtow Cleave|p2a: Ting-Lu
|-resisted|p2a: Ting-Lu
|-damage|p2a: Ting-Lu|59/100
|move|p2a: Ting-Lu|Earthquake|p1a: Kingambit
|-supereffective|p1a: Kingambit
|-damage|p1a: Kingambit|0 fnt
|faint|p1a: Kingambit
|-end|p1a: Kingambit|fallen4|[silent]
|
|-heal|p2a: Ting-Lu|66/100|[from] item: Leftovers
|upkeep
|
|t:|1760741639
|switch|p1a: Great Tusk|Great Tusk|100/100
|turn|30
|
|t:|1760741641
|move|p1a: Great Tusk|Rapid Spin|p2a: Ting-Lu
|-damage|p2a: Ting-Lu|58/100
|-boost|p1a: Great Tusk|spe|1
|move|p2a: Ting-Lu|Earthquake|p1a: Great Tusk
|-damage|p1a: Great Tusk|79/100
|
|-heal|p1a: Great Tusk|85/100|[from] item: Leftovers
|-heal|p2a: Ting-Lu|64/100|[from] item: Leftovers
|upkeep
|turn|31
|
|t:|1760741644
|switch|p2a: Dragapult|Dragapult, F, tera:Ghost|76/100
|-damage|p2a: Dragapult|64/100|[from] Stealth Rock
|move|p1a: Great Tusk|Bulk Up|p1a: Great Tusk
|-boost|p1a: Great Tusk|atk|1
|-boost|p1a: Great Tusk|def|1
|
|-heal|p1a: Great Tusk|91/100|[from] item: Leftovers
|upkeep
|turn|32
|
|t:|1760741648
|move|p1a: Great Tusk|Knock Off|p2a: Dragapult
|-supereffective|p2a: Dragapult
|-damage|p2a: Dragapult|0 fnt
|-enditem|p2a: Dragapult|Choice Specs|[from] move: Knock Off|[of] p1a: Great Tusk
|faint|p2a: Dragapult
|
|-heal|p1a: Great Tusk|98/100|[from] item: Leftovers
|upkeep
|
|t:|1760741653
|switch|p2a: Ting-Lu|Ting-Lu, shiny|64/100
|-damage|p2a: Ting-Lu|58/100|[from] Stealth Rock
|-ability|p2a: Ting-Lu|Vessel of Ruin
|turn|33
|
|t:|1760741655
|move|p1a: Great Tusk|Bulk Up|p1a: Great Tusk
|-boost|p1a: Great Tusk|atk|1
|-boost|p1a: Great Tusk|def|1
|move|p2a: Ting-Lu|Earthquake|p1a: Great Tusk
|-damage|p1a: Great Tusk|86/100
|
|-heal|p1a: Great Tusk|92/100|[from] item: Leftovers
|-heal|p2a: Ting-Lu|64/100|[from] item: Leftovers
|upkeep
|turn|34
|
|t:|1760741656
|switch|p2a: Weezing|Weezing-Galar, F|86/100 par
|-ability|p2a: Weezing|Neutralizing Gas
|move|p1a: Great Tusk|Bulk Up|p1a: Great Tusk
|-boost|p1a: Great Tusk|atk|1
|-boost|p1a: Great Tusk|def|1
|
|-heal|p1a: Great Tusk|98/100|[from] item: Leftovers
|upkeep
|turn|35
|
|t:|1760741660
|move|p1a: Great Tusk|Headlong Rush|p2a: Weezing
|-supereffective|p2a: Weezing
|-damage|p2a: Weezing|0 fnt
|-unboost|p1a: Great Tusk|def|1
|-unboost|p1a: Great Tusk|spd|1
|faint|p2a: Weezing
|-end|p2a: Weezing|ability: Neutralizing Gas
|
|-heal|p1a: Great Tusk|100/100|[from] item: Leftovers
|upkeep
|
|t:|1760741665
|switch|p2a: Skeledirge|Skeledirge, M|100/100
|turn|36
|
|t:|1760741666
|move|p1a: Great Tusk|Headlong Rush|p2a: Skeledirge
|-supereffective|p2a: Skeledirge
|-damage|p2a: Skeledirge|22/100
|-unboost|p1a: Great Tusk|def|1
|-unboost|p1a: Great Tusk|spd|1
|move|p2a: Skeledirge|Will-O-Wisp|p1a: Great Tusk
|-status|p1a: Great Tusk|brn
|
|-damage|p1a: Great Tusk|94/100 brn|[from] brn
|upkeep
|turn|37
|
|t:|1760741674
|move|p1a: Great Tusk|Headlong Rush|p2a: Skeledirge
|-supereffective|p2a: Skeledirge
|-damage|p2a: Skeledirge|0 fnt
|-unboost|p1a: Great Tusk|def|1
|-unboost|p1a: Great Tusk|spd|1
|faint|p2a: Skeledirge
|
|-heal|p1a: Great Tusk|100/100 brn|[from] item: Leftovers
|-damage|p1a: Great Tusk|94/100 brn|[from] brn
|upkeep
|
|t:|1760741675
|switch|p2a: Ting-Lu|Ting-Lu, shiny|64/100
|-damage|p2a: Ting-Lu|58/100|[from] Stealth Rock
|-ability|p2a: Ting-Lu|Vessel of Ruin
|turn|38
|
|t:|1760741684
|move|p1a: Great Tusk|Knock Off|p2a: Ting-Lu
|-resisted|p2a: Ting-Lu
|-damage|p2a: Ting-Lu|48/100
|-enditem|p2a: Ting-Lu|Leftovers|[from] move: Knock Off|[of] p1a: Great Tusk
|move|p2a: Ting-Lu|Earthquake|p1a: Great Tusk
|-damage|p1a: Great Tusk|72/100 brn
|
|-heal|p1a: Great Tusk|78/100 brn|[from] item: Leftovers
|-damage|p1a: Great Tusk|72/100 brn|[from] brn
|upkeep
|turn|39
|
|t:|1760741694
|move|p1a: Great Tusk|Headlong Rush|p2a: Ting-Lu
|-damage|p2a: Ting-Lu|10/100
|-unboost|p1a: Great Tusk|def|1
|-unboost|p1a: Great Tusk|spd|1
|move|p2a: Ting-Lu|Rest|p2a: Ting-Lu
|-status|p2a: Ting-Lu|slp|[from] move: Rest
|-heal|p2a: Ting-Lu|100/100 slp|[silent]
|
|-heal|p1a: Great Tusk|78/100 brn|[from] item: Leftovers
|-damage|p1a: Great Tusk|72/100 brn|[from] brn
|upkeep
|turn|40
|
|t:|1760741697
|move|p1a: Great Tusk|Bulk Up|p1a: Great Tusk
|-boost|p1a: Great Tusk|atk|1
|-boost|p1a: Great Tusk|def|1
|cant|p2a: Ting-Lu|slp
|
|-heal|p1a: Great Tusk|78/100 brn|[from] item: Leftovers
|-damage|p1a: Great Tusk|72/100 brn|[from] brn
|upkeep
|turn|41
|
|t:|1760741699
|move|p1a: Great Tusk|Bulk Up|p1a: Great Tusk
|-boost|p1a: Great Tusk|atk|1
|-boost|p1a: Great Tusk|def|1
|cant|p2a: Ting-Lu|slp
|
|-heal|p1a: Great Tusk|78/100 brn|[from] item: Leftovers
|-damage|p1a: Great Tusk|72/100 brn|[from] brn
|upkeep
|turn|42
|
|t:|1760741701
|move|p1a: Great Tusk|Bulk Up|p1a: Great Tusk
|-boost|p1a: Great Tusk|atk|1
|-boost|p1a: Great Tusk|def|1
|-curestatus|p2a: Ting-Lu|slp|[msg]
|move|p2a: Ting-Lu|Earthquake|p1a: Great Tusk
|-crit|p1a: Great Tusk
|-damage|p1a: Great Tusk|36/100 brn
|
|-heal|p1a: Great Tusk|42/100 brn|[from] item: Leftovers
|-damage|p1a: Great Tusk|36/100 brn|[from] brn
|upkeep
|turn|43
|
|t:|1760741707
|move|p1a: Great Tusk|Headlong Rush|p2a: Ting-Lu
|-damage|p2a: Ting-Lu|39/100
|-unboost|p1a: Great Tusk|def|1
|-unboost|p1a: Great Tusk|spd|1
|move|p2a: Ting-Lu|Earthquake|p1a: Great Tusk
|-damage|p1a: Great Tusk|18/100 brn
|
|-heal|p1a: Great Tusk|25/100 brn|[from] item: Leftovers
|-damage|p1a: Great Tusk|18/100 brn|[from] brn
|upkeep
|turn|44
|
|t:|1760741710
|move|p1a: Great Tusk|Headlong Rush|p2a: Ting-Lu
|-damage|p2a: Ting-Lu|0 fnt
|-unboost|p1a: Great Tusk|def|1
|-unboost|p1a: Great Tusk|spd|1
|faint|p2a: Ting-Lu
|
|win|Dark_Havocll
|raw|Dark_Havocll's rating: 1383 &rarr; <strong>1405</strong><br />(+22 for winning)
|raw|The median voter's rating: 1414 &rarr; <strong>1392</strong><br />(-22 for losing)
|l|☆Dark_Havocll
|player|p1|
