|j|☆Crogenius2
|j|☆DonDeLenguas
|t:|1760876097
|gametype|singles
|player|p1|Crogenius2|wattson|1572
|player|p2|DonDeLenguas|2|1619
|gen|9
|tier|[Gen 9] OU
|rated|
|rule|HP Percentage Mod: HP is shown in percentages
|rule|Endless Battle Clause: Forcing endless battles is banned
|rule|Species Clause: Limit one of each Pokémon
|rule|OHKO Clause: OHKO moves are banned
|rule|Evasion Items Clause: Evasion items are banned
|rule|Evasion Moves Clause: Evasion moves are banned
|rule|Evasion Abilities Clause: Evasion abilities are banned
|rule|Sleep Moves Clause: Sleep-inducing moves are banned
|clearpoke
|poke|p1|Vaporeon, F|
|poke|p1|Garchomp, M|
|poke|p1|Gholdengo|
|poke|p1|Darkrai|
|poke|p1|Scizor, F|
|poke|p1|Great Tusk|
|poke|p2|Primarina, M|
|poke|p2|Meowscarada, M|
|poke|p2|Heatran, F|
|poke|p2|Dragapult, F|
|poke|p2|Iron Valiant|
|poke|p2|Great Tusk|
|teampreview
|inactive|Battle timer is ON: inactive players will automatically lose when time's up. (requested by Crogenius2)
|
|t:|1760876110
|teamsize|p1|6
|teamsize|p2|6
|start
|switch|p1a: Gholdengo|Gholdengo|100/100
|switch|p2a: Primarina|Primarina, M|100/100
|turn|1
|
|t:|1760876117
|switch|p1a: Vaporeon|Vaporeon, F|100/100
|move|p2a: Primarina|Surf|p1a: Vaporeon
|-immune|p1a: Vaporeon|[from] ability: Water Absorb
|
|upkeep
|turn|2
|
|t:|1760876120
|move|p2a: Primarina|Moonblast|p1a: Vaporeon
|-damage|p1a: Vaporeon|69/100
|move|p1a: Vaporeon|Scald|p2a: Primarina
|-resisted|p2a: Primarina
|-damage|p2a: Primarina|91/100
|
|-heal|p1a: Vaporeon|76/100|[from] item: Leftovers
|upkeep
|turn|3
|
|t:|1760876130
|move|p2a: Primarina|Moonblast|p1a: Vaporeon
|-damage|p1a: Vaporeon|48/100
|move|p1a: Vaporeon|Wish|p1a: Vaporeon
|
|-heal|p1a: Vaporeon|55/100|[from] item: Leftovers
|upkeep
|turn|4
|
|t:|1760876135
|move|p2a: Primarina|Psychic Noise|p1a: Vaporeon
|-damage|p1a: Vaporeon|40/100
|-start|p1a: Vaporeon|move: Heal Block
|move|p1a: Vaporeon|Calm Mind|p1a: Vaporeon
|-boost|p1a: Vaporeon|spa|1
|-boost|p1a: Vaporeon|spd|1
|
|upkeep
|turn|5
|
|t:|1760876142
|switch|p2a: Meowscarada|Meowscarada, M|100/100
|move|p1a: Vaporeon|Protect||[still]
|-fail|p1a: Vaporeon
|
|-end|p1a: Vaporeon|move: Heal Block
|upkeep
|turn|6
|
|t:|1760876151
|move|p1a: Vaporeon|Protect|p1a: Vaporeon
|-singleturn|p1a: Vaporeon|Protect
|move|p2a: Meowscarada|Knock Off|p1a: Vaporeon
|-start|p2a: Meowscarada|typechange|Dark|[from] ability: Protean
|-activate|p1a: Vaporeon|move: Protect
|
|-heal|p1a: Vaporeon|47/100|[from] item: Leftovers
|upkeep
|turn|7
|
|t:|1760876157
|switch|p1a: Garchomp|Garchomp, M|100/100
|move|p2a: Meowscarada|Knock Off|p1a: Garchomp
|-damage|p1a: Garchomp|74/100
|-damage|p2a: Meowscarada|88/100|[from] ability: Rough Skin|[of] p1a: Garchomp
|-damage|p2a: Meowscarada|72/100|[from] item: Rocky Helmet|[of] p1a: Garchomp
|-enditem|p1a: Garchomp|Rocky Helmet|[from] move: Knock Off|[of] p2a: Meowscarada
|
|upkeep
|turn|8
|
|t:|1760876161
|switch|p2a: Great Tusk|Great Tusk|100/100
|move|p1a: Garchomp|Stealth Rock|p2a: Great Tusk
|-sidestart|p2: DonDeLenguas|move: Stealth Rock
|
|upkeep
|turn|9
|
|t:|1760876169
|move|p2a: Great Tusk|Ice Spinner|p1a: Garchomp
|-supereffective|p1a: Garchomp
|-damage|p1a: Garchomp|3/100
|-damage|p2a: Great Tusk|88/100|[from] ability: Rough Skin|[of] p1a: Garchomp
|move|p1a: Garchomp|Dragon Tail|p2a: Great Tusk|[miss]
|-miss|p1a: Garchomp|p2a: Great Tusk
|
|upkeep
|turn|10
|
|t:|1760876181
|switch|p1a: Gholdengo|Gholdengo|100/100
|move|p2a: Great Tusk|Ice Spinner|p1a: Gholdengo
|-resisted|p1a: Gholdengo
|-damage|p1a: Gholdengo|86/100
|
|upkeep
|turn|11
|
|t:|1760876185
|move|p1a: Gholdengo|Shadow Ball|p2a: Great Tusk
|-damage|p2a: Great Tusk|22/100
|move|p2a: Great Tusk|Headlong Rush|p1a: Gholdengo
|-supereffective|p1a: Gholdengo
|-damage|p1a: Gholdengo|0 fnt
|-unboost|p2a: Great Tusk|def|1
|-unboost|p2a: Great Tusk|spd|1
|faint|p1a: Gholdengo
|
|upkeep
|
|t:|1760876190
|switch|p1a: Darkrai|Darkrai|100/100
|turn|12
|
|t:|1760876193
|-end|p2a: Great Tusk|Protosynthesis|[silent]
|switch|p2a: Primarina|Primarina, M|91/100
|-damage|p2a: Primarina|79/100|[from] Stealth Rock
|move|p1a: Darkrai|Dark Pulse|p2a: Primarina
|-resisted|p2a: Primarina
|-damage|p2a: Primarina|59/100
|
|upkeep
|turn|13
|
|t:|1760876200
|-terastallize|p1a: Darkrai|Dark
|move|p1a: Darkrai|Dark Pulse|p2a: Primarina
|-resisted|p2a: Primarina
|-damage|p2a: Primarina|32/100
|move|p2a: Primarina|Moonblast|p1a: Darkrai
|-supereffective|p1a: Darkrai
|-damage|p1a: Darkrai|0 fnt
|faint|p1a: Darkrai
|
|upkeep
|-message|Crogenius2 forfeited.
|
|win|DonDeLenguas
|raw|Crogenius2's rating: 1572 &rarr; <strong>1555</strong><br />(-17 for losing)
|raw|DonDeLenguas's rating: 1619 &rarr; <strong>1636</strong><br />(+17 for winning)
|l|☆Crogenius2
|player|p1|
