|j|☆AlmightyHD
|j|☆enormouschilli
|t:|1760877193
|gametype|singles
|player|p1|AlmightyHD|acetrainerf-gen4dp|1460
|player|p2|enormouschilli|102|1502
|gen|9
|tier|[Gen 9] OU
|rated|
|rule|HP Percentage Mod: HP is shown in percentages
|rule|Endless Battle Clause: Forcing endless battles is banned
|rule|Species Clause: Limit one of each Pokémon
|rule|OHKO Clause: OHKO moves are banned
|rule|Evasion Items Clause: Evasion items are banned
|rule|Evasion Moves Clause: Evasion moves are banned
|rule|Evasion Abilities Clause: Evasion abilities are banned
|rule|Sleep Moves Clause: Sleep-inducing moves are banned
|clearpoke
|poke|p1|Latios, M|
|poke|p1|Tyranitar, F|
|poke|p1|Excadrill, F|
|poke|p1|Ogerpon-Wellspring, F|
|poke|p1|Lycanroc, M|
|poke|p1|Uxie|
|poke|p2|Ribombee, F|
|poke|p2|Heatran, M|
|poke|p2|Gengar, M|
|poke|p2|Glimmora, F|
|poke|p2|Great Tusk|
|poke|p2|Dragonite, F|
|teampreview
|inactive|Battle timer is ON: inactive players will automatically lose when time's up. (requested by AlmightyHD)
|
|t:|1760877229
|teamsize|p1|6
|teamsize|p2|6
|start
|switch|p1a: Tyranitar|Tyranitar, F, shiny|100/100
|switch|p2a: BBL glizzy|Glimmora, F|100/100
|-weather|Sandstorm|[from] ability: Sand Stream|[of] p1a: Tyranitar
|turn|1
|
|t:|1760877256
|move|p2a: BBL glizzy|Meteor Beam||[still]
|-prepare|p2a: BBL glizzy|Meteor Beam
|-boost|p2a: BBL glizzy|spa|1
|-enditem|p2a: BBL glizzy|Power Herb
|-anim|p2a: BBL glizzy|Meteor Beam|p1a: Tyranitar
|-damage|p1a: Tyranitar|35/100
|move|p1a: Tyranitar|Knock Off|p2a: BBL glizzy
|-damage|p2a: BBL glizzy|32/100
|-activate|p2a: BBL glizzy|ability: Toxic Debris
|-sidestart|p1: AlmightyHD|move: Toxic Spikes
|
|-weather|Sandstorm|[upkeep]
|upkeep
|turn|2
|
|t:|1760877286
|switch|p1a: Latios|Latios, M|100/100
|move|p2a: BBL glizzy|Earth Power|p1a: Latios
|-immune|p1a: Latios|[from] ability: Levitate
|
|-weather|Sandstorm|[upkeep]
|-damage|p1a: Latios|95/100|[from] Sandstorm
|upkeep
|turn|3
|inactive|enormouschilli has 120 seconds left.
|
|t:|1760877302
|move|p1a: Latios|Luster Purge|p2a: BBL glizzy
|-supereffective|p2a: BBL glizzy
|-damage|p2a: BBL glizzy|0 fnt
|faint|p2a: BBL glizzy
|
|-weather|Sandstorm|[upkeep]
|-damage|p1a: Latios|89/100|[from] Sandstorm
|upkeep
|
|t:|1760877304
|switch|p2a: Heatran|Heatran, M|100/100
|turn|4
|
|t:|1760877307
|move|p1a: Latios|Luster Purge|p2a: Heatran
|-resisted|p2a: Heatran
|-damage|p2a: Heatran|76/100
|move|p2a: Heatran|Magma Storm|p1a: Latios
|-resisted|p1a: Latios
|-damage|p1a: Latios|62/100
|-activate|p1a: Latios|move: Magma Storm|[of] p2a: Heatran
|
|-weather|Sandstorm|[upkeep]
|-damage|p1a: Latios|56/100|[from] Sandstorm
|-heal|p2a: Heatran|82/100|[from] item: Leftovers
|-damage|p1a: Latios|43/100|[from] move: Magma Storm|[partiallytrapped]
|upkeep
|turn|5
|
|t:|1760877321
|move|p1a: Latios|Luster Purge|p2a: Heatran
|-resisted|p2a: Heatran
|-damage|p2a: Heatran|56/100
|move|p2a: Heatran|Lava Plume|p1a: Latios
|-resisted|p1a: Latios
|-damage|p1a: Latios|20/100
|
|-weather|none
|-heal|p2a: Heatran|62/100|[from] item: Leftovers
|-damage|p1a: Latios|8/100|[from] move: Magma Storm|[partiallytrapped]
|upkeep
|turn|6
|
|t:|1760877326
|move|p1a: Latios|Luster Purge|p2a: Heatran
|-resisted|p2a: Heatran
|-damage|p2a: Heatran|38/100
|move|p2a: Heatran|Lava Plume|p1a: Latios
|-resisted|p1a: Latios
|-damage|p1a: Latios|0 fnt
|faint|p1a: Latios
|
|-heal|p2a: Heatran|44/100|[from] item: Leftovers
|upkeep
|
|t:|1760877333
|switch|p1a: Lycanroc|Lycanroc, M|100/100
|-item|p1a: Lycanroc|Air Balloon
|turn|7
|inactive|enormouschilli has 120 seconds left.
|
|t:|1760877382
|move|p1a: Lycanroc|Close Combat|p2a: Heatran
|-supereffective|p2a: Heatran
|-damage|p2a: Heatran|0 fnt
|-unboost|p1a: Lycanroc|def|1
|-unboost|p1a: Lycanroc|spd|1
|faint|p2a: Heatran
|
|upkeep
|
|t:|1760877387
|switch|p2a: more usage then u|Great Tusk|100/100
|-enditem|p2a: more usage then u|Booster Energy
|-activate|p2a: more usage then u|ability: Protosynthesis|[fromitem]
|-start|p2a: more usage then u|protosynthesisatk
|turn|8
|
|t:|1760877391
|move|p1a: Lycanroc|Play Rough|p2a: more usage then u
|-supereffective|p2a: more usage then u
|-damage|p2a: more usage then u|60/100
|move|p2a: more usage then u|Rapid Spin|p1a: Lycanroc
|-resisted|p1a: Lycanroc
|-damage|p1a: Lycanroc|74/100
|-boost|p2a: more usage then u|spe|1
|-enditem|p1a: Lycanroc|Air Balloon
|
|upkeep
|turn|9
|inactive|enormouschilli has 120 seconds left.
|
|t:|1760877403
|switch|p1a: Uxie|Uxie, shiny|100/100
|move|p2a: more usage then u|Bulk Up|p2a: more usage then u
|-boost|p2a: more usage then u|atk|1
|-boost|p2a: more usage then u|def|1
|
|upkeep
|turn|10
|inactive|enormouschilli has 120 seconds left.
|
|t:|1760877420
|-terastallize|p2a: more usage then u|Ice
|move|p2a: more usage then u|Ice Spinner|p1a: Uxie
|-damage|p1a: Uxie|50/100
|-damage|p2a: more usage then u|43/100|[from] item: Rocky Helmet|[of] p1a: Uxie
|move|p1a: Uxie|Stealth Rock|p2a: more usage then u
|-sidestart|p2: enormouschilli|move: Stealth Rock
|
|upkeep
|turn|11
|
|t:|1760877433
|move|p2a: more usage then u|Ice Spinner|p1a: Uxie
|-damage|p1a: Uxie|3/100
|-damage|p2a: more usage then u|27/100|[from] item: Rocky Helmet|[of] p1a: Uxie
|move|p1a: Uxie|Psychic Noise|p2a: more usage then u
|-damage|p2a: more usage then u|0 fnt
|faint|p2a: more usage then u
|-end|p2a: more usage then u|Protosynthesis|[silent]
|
|upkeep
|
|t:|1760877440
|switch|p2a: arqunid who|Ribombee, F|100/100
|-damage|p2a: arqunid who|76/100|[from] Stealth Rock
|turn|12
|
|t:|1760877448
|move|p2a: arqunid who|Moonblast|p1a: Uxie
|-damage|p1a: Uxie|0 fnt
|faint|p1a: Uxie
|
|upkeep
|
|t:|1760877454
|switch|p1a: Tyranitar|Tyranitar, F, shiny|35/100
|-status|p1a: Tyranitar|psn
|-weather|Sandstorm|[from] ability: Sand Stream|[of] p1a: Tyranitar
|turn|13
|inactive|enormouschilli has 120 seconds left.
|
|t:|1760877498
|move|p2a: arqunid who|Moonblast|p1a: Tyranitar
|-supereffective|p1a: Tyranitar
|-damage|p1a: Tyranitar|0 fnt
|faint|p1a: Tyranitar
|
|-weather|Sandstorm|[upkeep]
|-damage|p2a: arqunid who|69/100|[from] Sandstorm
|upkeep
|
|t:|1760877501
|switch|p1a: Lycanroc|Lycanroc, M|74/100
|-status|p1a: Lycanroc|psn
|turn|14
|
|t:|1760877509
|move|p1a: Lycanroc|Stone Edge|p2a: arqunid who
|-supereffective|p2a: arqunid who
|-damage|p2a: arqunid who|0 fnt
|faint|p2a: arqunid who
|
|-weather|Sandstorm|[upkeep]
|-damage|p1a: Lycanroc|61/100 psn|[from] psn
|upkeep
|
|t:|1760877522
|switch|p2a: U-Nite Worldwide|Dragonite, F|100/100
|-damage|p2a: U-Nite Worldwide|76/100|[from] Stealth Rock
|turn|15
|
|t:|1760877536
|switch|p2a: Gengar|Gengar, M|100/100
|move|p1a: Lycanroc|Stone Edge|p2a: Gengar
|-damage|p2a: Gengar|0 fnt
|-start|p1a: Lycanroc|Disable|Stone Edge|[from] ability: Cursed Body|[of] p2a: Gengar
|faint|p2a: Gengar
|
|-weather|Sandstorm|[upkeep]
|-damage|p1a: Lycanroc|49/100 psn|[from] psn
|upkeep
|
|t:|1760877539
|switch|p2a: U-Nite Worldwide|Dragonite, F|76/100
|-damage|p2a: U-Nite Worldwide|51/100|[from] Stealth Rock
|turn|16
|
|t:|1760877546
|move|p1a: Lycanroc|Play Rough|p2a: U-Nite Worldwide
|-supereffective|p2a: U-Nite Worldwide
|-damage|p2a: U-Nite Worldwide|0 fnt
|faint|p2a: U-Nite Worldwide
|
|win|AlmightyHD
|raw|AlmightyHD's rating: 1460 &rarr; <strong>1482</strong><br />(+22 for winning)
|raw|enormouschilli's rating: 1502 &rarr; <strong>1480</strong><br />(-22 for losing)
|l|☆AlmightyHD
|player|p1|
|l|☆enormouschilli
|player|p2|
