|j|☆Team BBIO 38
|j|☆pantalonescondidos
|t:|1760727124
|gametype|singles
|player|p1|Team BBIO 38|dragontamer|1402
|player|p2|pantalonescondidos|170|1398
|gen|9
|tier|[Gen 9] OU
|rated|
|rule|HP Percentage Mod: HP is shown in percentages
|rule|Endless Battle Clause: Forcing endless battles is banned
|rule|Species Clause: Limit one of each Pokémon
|rule|OHKO Clause: OHKO moves are banned
|rule|Evasion Items Clause: Evasion items are banned
|rule|Evasion Moves Clause: Evasion moves are banned
|rule|Evasion Abilities Clause: Evasion abilities are banned
|rule|Sleep Moves Clause: Sleep-inducing moves are banned
|clearpoke
|poke|p1|Dusclops, M|
|poke|p1|Blissey, F|
|poke|p1|Flamigo, M|
|poke|p1|Latias, F|
|poke|p1|Darkrai|
|poke|p1|Tinkaton, F|
|poke|p2|Sylveon, F|
|poke|p2|Slowking-Galar, M|
|poke|p2|Toxapex, F|
|poke|p2|Great Tusk|
|poke|p2|Kingambit, M|
|poke|p2|Rotom-Heat|
|teampreview
|inactive|Battle timer is ON: inactive players will automatically lose when time's up. (requested by pantalonescondidos)
|inactive|Team BBIO 38 also wants the timer to be on.
|
|t:|1760727153
|teamsize|p1|6
|teamsize|p2|6
|start
|switch|p1a: Tinkaton|Tinkaton, F|100/100
|switch|p2a: Rotom|Rotom-Heat, shiny|100/100
|-ability|p1a: Tinkaton|Mold Breaker
|turn|1
|
|t:|1760727160
|switch|p1a: Blissey|Blissey, F|100/100
|move|p2a: Rotom|Overheat|p1a: Blissey
|-damage|p1a: Blissey|83/100
|-unboost|p2a: Rotom|spa|2
|
|-heal|p1a: Blissey|89/100|[from] item: Leftovers
|upkeep
|turn|2
|
|t:|1760727168
|switch|p2a: Great Tusk|Great Tusk|100/100
|move|p1a: Blissey|Thunder Wave|p2a: Great Tusk
|-immune|p2a: Great Tusk
|
|-heal|p1a: Blissey|95/100|[from] item: Leftovers
|upkeep
|turn|3
|
|t:|1760727176
|switch|p1a: Dusclops|Dusclops, M|100/100
|-item|p2a: Great Tusk|Heavy-Duty Boots|[from] ability: Frisk|[of] p1a: Dusclops
|move|p2a: Great Tusk|Knock Off|p1a: Dusclops
|-supereffective|p1a: Dusclops
|-damage|p1a: Dusclops|70/100
|-enditem|p1a: Dusclops|Eviolite|[from] move: Knock Off|[of] p2a: Great Tusk
|
|upkeep
|turn|4
|
|t:|1760727202
|-end|p2a: Great Tusk|Protosynthesis|[silent]
|switch|p2a: Toxapex|Toxapex, F|100/100
|move|p1a: Dusclops|Pain Split|p2a: Toxapex
|-sethp|p2a: Toxapex|83/100|[from] move: Pain Split|[silent]
|-sethp|p1a: Dusclops|89/100|[from] move: Pain Split
|
|upkeep
|turn|5
|
|t:|1760727210
|switch|p1a: Blissey|Blissey, F|95/100
|move|p2a: Toxapex|Toxic|p1a: Blissey
|-status|p1a: Blissey|tox
|
|-heal|p1a: Blissey|100/100 tox|[from] item: Leftovers
|-damage|p1a: Blissey|94/100 tox|[from] psn
|upkeep
|turn|6
|
|t:|1760727218
|switch|p2a: Great Tusk|Great Tusk|100/100
|move|p1a: Blissey|Thunder Wave|p2a: Great Tusk
|-immune|p2a: Great Tusk
|
|-heal|p1a: Blissey|100/100 tox|[from] item: Leftovers
|-damage|p1a: Blissey|88/100 tox|[from] psn
|upkeep
|turn|7
|
|t:|1760727228
|-end|p2a: Great Tusk|Protosynthesis|[silent]
|switch|p2a: Kingambit|Kingambit, M|100/100
|-curestatus|p1a: Blissey|tox|[from] ability: Natural Cure
|switch|p1a: Darkrai|Darkrai|100/100
|
|upkeep
|turn|8
|
|t:|1760727238
|switch|p1a: Flamigo|Flamigo, M|100/100
|-end|p2a: Kingambit|fallenundefined|[silent]
|switch|p2a: Sylveon|Sylveon, F, shiny|100/100
|
|upkeep
|turn|9
|
|t:|1760727246
|move|p1a: Flamigo|U-turn|p2a: Sylveon
|-resisted|p2a: Sylveon
|-damage|p2a: Sylveon|88/100
|
|t:|1760727251
|switch|p1a: Tinkaton|Tinkaton, F|100/100|[from] U-turn
|-ability|p1a: Tinkaton|Mold Breaker
|move|p2a: Sylveon|Hyper Voice|p1a: Tinkaton
|-resisted|p1a: Tinkaton
|-damage|p1a: Tinkaton|77/100
|
|-heal|p1a: Tinkaton|83/100|[from] item: Leftovers
|-heal|p2a: Sylveon|94/100|[from] item: Leftovers
|upkeep
|turn|10
|
|t:|1760727260
|switch|p2a: Rotom|Rotom-Heat, shiny|100/100
|move|p1a: Tinkaton|Knock Off|p2a: Rotom
|-damage|p2a: Rotom|69/100
|-enditem|p2a: Rotom|Choice Scarf|[from] move: Knock Off|[of] p1a: Tinkaton
|
|-heal|p1a: Tinkaton|90/100|[from] item: Leftovers
|upkeep
|turn|11
|l|☆pantalonescondidos
|inactive|pantalonescondidos disconnected and has a minute to reconnect!
|player|p2|
|inactive|pantalonescondidos has 30 seconds to reconnect!
|inactive|pantalonescondidos has 20 seconds to reconnect!
|inactive|pantalonescondidos has 15 seconds to reconnect!
|inactive|pantalonescondidos has 10 seconds to reconnect!
|inactive|pantalonescondidos has 5 seconds to reconnect!
|-message|pantalonescondidos lost due to inactivity.
|
|win|Team BBIO 38
|raw|Team BBIO 38's rating: 1402 &rarr; <strong>1422</strong><br />(+20 for winning)
|raw|pantalonescondidos's rating: 1398 &rarr; <strong>1378</strong><br />(-20 for losing)
|l|☆Team BBIO 38
|player|p1|
