|j|☆tsurugi951
|j|‽rafsemens
|t:|1760872521
|gametype|singles
|player|p1|tsurugi951|hilbert|1354
|player|p2|rafsemens|interviewers|1322
|gen|9
|tier|[Gen 9] OU
|rated|
|rule|HP Percentage Mod: HP is shown in percentages
|rule|Endless Battle Clause: Forcing endless battles is banned
|rule|Species Clause: Limit one of each Pokémon
|rule|OHKO Clause: OHKO moves are banned
|rule|Evasion Items Clause: Evasion items are banned
|rule|Evasion Moves Clause: Evasion moves are banned
|rule|Evasion Abilities Clause: Evasion abilities are banned
|rule|Sleep Moves Clause: Sleep-inducing moves are banned
|clearpoke
|poke|p1|Cinderace, F|
|poke|p1|Iron Treads|
|poke|p1|Gholdengo|
|poke|p1|Dondozo, F|
|poke|p1|Weezing-Galar, F|
|poke|p1|Thundurus, M|
|poke|p2|Ogerpon-Wellspring, F|
|poke|p2|Kingambit, F|
|poke|p2|Landorus-Therian, M|
|poke|p2|Glimmora, M|
|poke|p2|Dragapult, M|
|poke|p2|Iron Valiant|
|teampreview
|inactive|Battle timer is ON: inactive players will automatically lose when time's up. (requested by rafsemens)
|
|t:|1760872548
|teamsize|p1|6
|teamsize|p2|6
|start
|switch|p1a: Thundurus|Thundurus, M|100/100
|switch|p2a: Landorus|Landorus-Therian, M|100/100
|-ability|p2a: Landorus|Intimidate|boost
|-unboost|p1a: Thundurus|atk|1
|turn|1
|
|t:|1760872558
|move|p1a: Thundurus|Taunt|p2a: Landorus
|-start|p2a: Landorus|move: Taunt
|cant|p2a: Landorus|move: Taunt|Stealth Rock
|
|upkeep
|turn|2
|
|t:|1760872566
|move|p1a: Thundurus|Knock Off|p2a: Landorus
|-damage|p2a: Landorus|83/100
|-damage|p1a: Thundurus|84/100|[from] item: Rocky Helmet|[of] p2a: Landorus
|-enditem|p2a: Landorus|Rocky Helmet|[from] move: Knock Off|[of] p1a: Thundurus
|move|p2a: Landorus|U-turn|p1a: Thundurus
|-resisted|p1a: Thundurus
|-damage|p1a: Thundurus|69/100
|
|t:|1760872572
|switch|p2a: Glimmora|Glimmora, M|100/100|[from] U-turn
|
|upkeep
|turn|3
|
|t:|1760872579
|move|p1a: Thundurus|Volt Switch|p2a: Glimmora
|-damage|p2a: Glimmora|68/100
|
|t:|1760872583
|switch|p1a: Iron Treads|Iron Treads|100/100|[from] Volt Switch
|move|p2a: Glimmora|Mortal Spin|p1a: Iron Treads
|-immune|p1a: Iron Treads
|
|upkeep
|turn|4
|
|t:|1760872593
|switch|p2a: Landorus|Landorus-Therian, M|83/100
|-ability|p2a: Landorus|Intimidate|boost
|-unboost|p1a: Iron Treads|atk|1
|move|p1a: Iron Treads|Stealth Rock|p2a: Landorus
|-sidestart|p2: rafsemens|move: Stealth Rock
|
|upkeep
|turn|5
|
|t:|1760872615
|-end|p1a: Iron Treads|Quark Drive|[silent]
|switch|p1a: Weezing|Weezing-Galar, F|100/100
|move|p2a: Landorus|Earthquake|p1a: Weezing
|-immune|p1a: Weezing|[from] ability: Levitate
|
|upkeep
|turn|6
|
|t:|1760872625
|move|p2a: Landorus|Taunt|p1a: Weezing
|-start|p1a: Weezing|move: Taunt
|move|p1a: Weezing|Strange Steam|p2a: Landorus
|-damage|p2a: Landorus|42/100
|
|upkeep
|turn|7
|
|t:|1760872633
|move|p2a: Landorus|Stealth Rock|p1a: Weezing
|-sidestart|p1: tsurugi951|move: Stealth Rock
|move|p1a: Weezing|Strange Steam|p2a: Landorus
|-damage|p2a: Landorus|0 fnt
|faint|p2a: Landorus
|
|upkeep
|
|t:|1760872643
|switch|p2a: Glimmora|Glimmora, M|68/100
|-damage|p2a: Glimmora|56/100|[from] Stealth Rock
|turn|8
|
|t:|1760872652
|switch|p1a: Iron Treads|Iron Treads|100/100
|-damage|p1a: Iron Treads|97/100|[from] Stealth Rock
|move|p2a: Glimmora|Meteor Beam||[still]
|-prepare|p2a: Glimmora|Meteor Beam
|-boost|p2a: Glimmora|spa|1
|-enditem|p2a: Glimmora|Power Herb
|-anim|p2a: Glimmora|Meteor Beam|p1a: Iron Treads
|-resisted|p1a: Iron Treads
|-damage|p1a: Iron Treads|58/100
|
|upkeep
|turn|9
|
|t:|1760872670
|-terastallize|p2a: Glimmora|Ghost
|move|p1a: Iron Treads|Earthquake|p2a: Glimmora
|-damage|p2a: Glimmora|0 fnt
|-activate|p2a: Glimmora|ability: Toxic Debris
|-sidestart|p1: tsurugi951|move: Toxic Spikes
|faint|p2a: Glimmora
|
|upkeep
|-message|rafsemens forfeited.
|
|win|tsurugi951
|raw|tsurugi951's rating: 1354 &rarr; <strong>1372</strong><br />(+18 for winning)
|raw|rafsemens's rating: 1322 &rarr; <strong>1304</strong><br />(-18 for losing)
|l|‽rafsemens
|player|p2|
