|j|☆SvgNight235
|j|☆moi456789
|t:|1760874870
|gametype|singles
|player|p1|SvgNight235|lucas-gen4pt|1027
|player|p2|moi456789|265|1000
|gen|9
|tier|[Gen 9] OU
|rated|
|rule|HP Percentage Mod: HP is shown in percentages
|rule|Endless Battle Clause: Forcing endless battles is banned
|rule|Species Clause: Limit one of each Pokémon
|rule|OHKO Clause: OHKO moves are banned
|rule|Evasion Items Clause: Evasion items are banned
|rule|Evasion Moves Clause: Evasion moves are banned
|rule|Evasion Abilities Clause: Evasion abilities are banned
|rule|Sleep Moves Clause: Sleep-inducing moves are banned
|clearpoke
|poke|p1|Empoleon, M|
|poke|p1|Zoroark-Hisui, M|
|poke|p1|Hydreigon, M|
|poke|p1|Excadrill, M|
|poke|p1|Gliscor, M|
|poke|p1|Samurott-Hisui, M|
|poke|p2|Torkoal, M|
|poke|p2|Scovillain, M|
|poke|p2|Rotom-Wash|
|poke|p2|Bisharp, M|
|poke|p2|Lilligant-Hisui, F|
|poke|p2|Mandibuzz, F|
|teampreview
|
|t:|1760874887
|teamsize|p1|6
|teamsize|p2|6
|start
|switch|p1a: Emperor|Empoleon, M, shiny|100/100
|switch|p2a: Rotom|Rotom-Wash|100/100
|turn|1
|
|t:|1760874895
|switch|p1a: Gliscor|Gliscor, M|100/100
|move|p2a: Rotom|Will-O-Wisp|p1a: Gliscor
|-status|p1a: Gliscor|brn
|
|-damage|p1a: Gliscor|94/100 brn|[from] brn
|upkeep
|turn|2
|
|t:|1760874898
|move|p1a: Gliscor|Toxic|p2a: Rotom
|-status|p2a: Rotom|tox
|move|p2a: Rotom|Hydro Pump|p1a: Gliscor
|-supereffective|p1a: Gliscor
|-damage|p1a: Gliscor|0 fnt
|faint|p1a: Gliscor
|
|-damage|p2a: Rotom|95/100 tox|[from] psn
|upkeep
|
|t:|1760874924
|switch|p1a: Hydreigon|Hydreigon, M, shiny|100/100
|turn|3
|
|t:|1760874931
|move|p1a: Hydreigon|Dark Pulse|p2a: Rotom
|-damage|p2a: Rotom|55/100 tox
|cant|p2a: Rotom|flinch
|
|-damage|p2a: Rotom|43/100 tox|[from] psn
|upkeep
|turn|4
|
|t:|1760874938
|switch|p2a: Bisharp|Bisharp, M|100/100
|move|p1a: Hydreigon|Dark Pulse|p2a: Bisharp
|-resisted|p2a: Bisharp
|-damage|p2a: Bisharp|78/100
|
|upkeep
|turn|5
|
|t:|1760874943
|move|p1a: Hydreigon|Earth Power|p2a: Bisharp
|-supereffective|p2a: Bisharp
|-damage|p2a: Bisharp|12/100
|move|p2a: Bisharp|Low Kick|p1a: Hydreigon
|-supereffective|p1a: Hydreigon
|-damage|p1a: Hydreigon|22/100
|
|-heal|p1a: Hydreigon|28/100|[from] item: Leftovers
|upkeep
|turn|6
|
|t:|1760874948
|move|p2a: Bisharp|Sucker Punch|p1a: Hydreigon
|-resisted|p1a: Hydreigon
|-damage|p1a: Hydreigon|7/100
|move|p1a: Hydreigon|Earth Power|p2a: Bisharp
|-supereffective|p2a: Bisharp
|-damage|p2a: Bisharp|0 fnt
|faint|p2a: Bisharp
|
|-heal|p1a: Hydreigon|13/100|[from] item: Leftovers
|upkeep
|
|t:|1760874956
|switch|p2a: Mandibuzz|Mandibuzz, F|100/100
|turn|7
|
|t:|1760874967
|move|p1a: Hydreigon|Flash Cannon|p2a: Mandibuzz
|-damage|p2a: Mandibuzz|79/100
|move|p2a: Mandibuzz|Foul Play|p1a: Hydreigon
|-resisted|p1a: Hydreigon
|-damage|p1a: Hydreigon|0 fnt
|faint|p1a: Hydreigon
|
|upkeep
|
|t:|1760874972
|switch|p1a: Emperor|Empoleon, M, shiny|100/100
|turn|8
|
|t:|1760874980
|switch|p2a: Torkoal|Torkoal, M|100/100
|-weather|SunnyDay|[from] ability: Drought|[of] p2a: Torkoal
|move|p1a: Emperor|Metal Sound|p2a: Torkoal|[miss]
|-miss|p1a: Emperor|p2a: Torkoal
|
|-weather|SunnyDay|[upkeep]
|upkeep
|turn|9
|
|t:|1760874987
|move|p1a: Emperor|Metal Sound|p2a: Torkoal
|-unboost|p2a: Torkoal|spd|2
|-enditem|p1a: Emperor|Throat Spray
|-boost|p1a: Emperor|spa|1|[from] item: Throat Spray
|move|p2a: Torkoal|Heat Wave|p1a: Emperor
|-damage|p1a: Emperor|33/100
|
|-weather|SunnyDay|[upkeep]
|upkeep
|turn|10
|
|t:|1760874995
|move|p1a: Emperor|Surf|p2a: Torkoal
|-supereffective|p2a: Torkoal
|-damage|p2a: Torkoal|0 fnt
|faint|p2a: Torkoal
|
|-weather|SunnyDay|[upkeep]
|upkeep
|
|t:|1760874999
|switch|p2a: Scovillain|Scovillain, M|100/100
|turn|11
|
|t:|1760875015
|move|p2a: Scovillain|Stomping Tantrum|p1a: Emperor
|-supereffective|p1a: Emperor
|-damage|p1a: Emperor|0 fnt
|faint|p1a: Emperor
|
|-weather|SunnyDay|[upkeep]
|upkeep
|
|t:|1760875038
|switch|p1a: Samurott|Samurott-Hisui, M, shiny|100/100
|turn|12
|
|t:|1760875044
|switch|p2a: Rotom|Rotom-Wash|43/100 tox
|move|p1a: Samurott|Aqua Cutter|p2a: Rotom
|-resisted|p2a: Rotom
|-damage|p2a: Rotom|34/100 tox
|
|-weather|none
|-damage|p2a: Rotom|28/100 tox|[from] psn
|upkeep
|turn|13
|
|t:|1760875054
|-terastallize|p1a: Samurott|Dark
|move|p1a: Samurott|Knock Off|p2a: Rotom
|-damage|p2a: Rotom|0 fnt
|-enditem|p2a: Rotom|Expert Belt|[from] move: Knock Off|[of] p1a: Samurott
|faint|p2a: Rotom
|
|upkeep
|
|t:|1760875062
|switch|p2a: Lilligant|Lilligant-Hisui, F|100/100
|turn|14
|
|t:|1760875069
|switch|p1a: Excadrill|Excadrill, M, shiny|100/100
|move|p2a: Lilligant|Close Combat|p1a: Excadrill
|-immune|p1a: Excadrill
|
|upkeep
|turn|15
|
|t:|1760875091
|switch|p2a: Mandibuzz|Mandibuzz, F|79/100
|move|p1a: Excadrill|Trick|p2a: Mandibuzz
|-activate|p1a: Excadrill|move: Trick|[of] p2a: Mandibuzz
|-item|p2a: Mandibuzz|Choice Specs|[from] move: Trick
|-item|p1a: Excadrill|Rocky Helmet|[from] move: Trick
|
|upkeep
|turn|16
|
|t:|1760875108
|switch|p1a: Excadrill|Excadrill, M, shiny|100/100
|-ability|p1a: Excadrill|Mold Breaker
|move|p2a: Mandibuzz|Foul Play|p1a: Excadrill
|-damage|p1a: Excadrill|26/100
|
|-heal|p1a: Excadrill|32/100|[from] item: Leftovers
|upkeep
|turn|17
|
|t:|1760875116
|move|p1a: Excadrill|Rapid Spin|p2a: Mandibuzz
|-damage|p2a: Mandibuzz|70/100
|-boost|p1a: Excadrill|spe|1
|move|p2a: Mandibuzz|Foul Play|p1a: Excadrill
|-damage|p1a: Excadrill|0 fnt
|faint|p1a: Excadrill
|
|upkeep
|
|t:|1760875119
|switch|p1a: Samurott|Samurott-Hisui, M, shiny, tera:Dark|100/100
|turn|18
|
|t:|1760875139
|move|p1a: Samurott|Ceaseless Edge|p2a: Mandibuzz
|-resisted|p2a: Mandibuzz
|-damage|p2a: Mandibuzz|55/100
|-sidestart|p2: moi456789|Spikes
|move|p2a: Mandibuzz|Foul Play|p1a: Samurott
|-resisted|p1a: Samurott
|-damage|p1a: Samurott|72/100
|
|upkeep
|turn|19
|
|t:|1760875159
|move|p1a: Samurott|Aqua Cutter|p2a: Mandibuzz
|-damage|p2a: Mandibuzz|27/100
|move|p2a: Mandibuzz|Foul Play|p1a: Samurott
|-resisted|p1a: Samurott
|-damage|p1a: Samurott|46/100
|
|upkeep
|turn|20
|
|t:|1760875167
|move|p1a: Samurott|Ceaseless Edge|p2a: Mandibuzz
|-resisted|p2a: Mandibuzz
|-damage|p2a: Mandibuzz|11/100
|-sidestart|p2: moi456789|Spikes
|move|p2a: Mandibuzz|Foul Play|p1a: Samurott
|-resisted|p1a: Samurott
|-damage|p1a: Samurott|18/100
|
|upkeep
|turn|21
|
|t:|1760875171
|move|p1a: Samurott|Aqua Cutter|p2a: Mandibuzz
|-damage|p2a: Mandibuzz|0 fnt
|faint|p2a: Mandibuzz
|
|upkeep
|
|t:|1760875176
|switch|p2a: Scovillain|Scovillain, M|100/100
|-damage|p2a: Scovillain|84/100|[from] Spikes
|turn|22
|
|t:|1760875185
|move|p2a: Scovillain|Fire Blast|p1a: Samurott
|-damage|p1a: Samurott|0 fnt
|faint|p1a: Samurott
|
|upkeep
|
|t:|1760875189
|switch|p1a: Zoroark|Zoroark-Hisui, M|100/100
|turn|23
|
|t:|1760875196
|move|p2a: Scovillain|Fire Blast|p1a: Zoroark|[miss]
|-miss|p2a: Scovillain|p1a: Zoroark
|move|p1a: Zoroark|Bitter Malice|p2a: Scovillain
|-damage|p2a: Scovillain|15/100
|-unboost|p2a: Scovillain|atk|1
|
|upkeep
|turn|24
|
|t:|1760875207
|move|p2a: Scovillain|Fire Blast|p1a: Zoroark
|-damage|p1a: Zoroark|0 fnt
|faint|p1a: Zoroark
|
|win|moi456789
|raw|SvgNight235's rating: 1027 &rarr; <strong>1012</strong><br />(-15 for losing)
|raw|moi456789's rating: 1000 &rarr; <strong>1043</strong><br />(+43 for winning)
|l|☆SvgNight235
|player|p1|
