|j|☆Natdexubers44
|j|☆AlmightyHD
|t:|1760823289
|gametype|singles
|player|p1|Natdexubers44|266|1565
|player|p2|AlmightyHD|acetrainerf-gen4dp|1545
|gen|9
|tier|[Gen 9] OU
|rated|
|rule|HP Percentage Mod: HP is shown in percentages
|rule|Endless Battle Clause: Forcing endless battles is banned
|rule|Species Clause: Limit one of each Pokémon
|rule|OHKO Clause: OHKO moves are banned
|rule|Evasion Items Clause: Evasion items are banned
|rule|Evasion Moves Clause: Evasion moves are banned
|rule|Evasion Abilities Clause: Evasion abilities are banned
|rule|Sleep Moves Clause: Sleep-inducing moves are banned
|clearpoke
|poke|p1|Metagross|
|poke|p1|Slowking-Galar, F|
|poke|p1|Ting-Lu|
|poke|p1|Gholdengo|
|poke|p1|Alomomola, M|
|poke|p1|Mandibuzz, F|
|poke|p2|Dragonite, F|
|poke|p2|Tyranitar, F|
|poke|p2|Excadrill, F|
|poke|p2|Ogerpon-Wellspring, F|
|poke|p2|Moltres|
|poke|p2|Uxie|
|teampreview
|inactive|Battle timer is ON: inactive players will automatically lose when time's up. (requested by Natdexubers44)
|
|t:|1760823302
|teamsize|p1|6
|teamsize|p2|6
|start
|switch|p1a: Gholdengo|Gholdengo|100/100
|switch|p2a: Dragonite|Dragonite, F|100/100
|turn|1
|
|t:|1760823305
|move|p1a: Gholdengo|Trick|p2a: Dragonite
|-activate|p1a: Gholdengo|move: Trick|[of] p2a: Dragonite
|-item|p2a: Dragonite|Choice Scarf|[from] move: Trick
|-item|p1a: Gholdengo|Choice Band|[from] move: Trick
|move|p2a: Dragonite|Fire Punch|p1a: Gholdengo
|-supereffective|p1a: Gholdengo
|-damage|p1a: Gholdengo|33/100
|
|upkeep
|turn|2
|
|t:|1760823316
|switch|p2a: Uxie|Uxie, shiny|100/100
|switch|p1a: Mandibuzz|Mandibuzz, F|100/100
|
|upkeep
|turn|3
|
|t:|1760823318
|move|p2a: Uxie|Knock Off|p1a: Mandibuzz
|-resisted|p1a: Mandibuzz
|-damage|p1a: Mandibuzz|96/100
|-enditem|p1a: Mandibuzz|Heavy-Duty Boots|[from] move: Knock Off|[of] p2a: Uxie
|move|p1a: Mandibuzz|Toxic|p2a: Uxie
|-status|p2a: Uxie|tox
|
|-damage|p2a: Uxie|94/100 tox|[from] psn
|upkeep
|turn|4
|
|t:|1760823323
|switch|p1a: Alomomola|Alomomola, M|100/100
|move|p2a: Uxie|Stealth Rock|p1a: Alomomola
|-sidestart|p1: Natdexubers44|move: Stealth Rock
|
|-damage|p2a: Uxie|82/100 tox|[from] psn
|upkeep
|turn|5
|
|t:|1760823325
|move|p2a: Uxie|Knock Off|p1a: Alomomola
|-damage|p1a: Alomomola|92/100
|-enditem|p1a: Alomomola|Heavy-Duty Boots|[from] move: Knock Off|[of] p2a: Uxie
|move|p1a: Alomomola|Wish|p1a: Alomomola
|
|-damage|p2a: Uxie|63/100 tox|[from] psn
|upkeep
|turn|6
|
|t:|1760823327
|switch|p2a: Ogerpon|Ogerpon-Wellspring, F|100/100
|move|p1a: Alomomola|Flip Turn|p2a: Ogerpon
|-immune|p2a: Ogerpon|[from] ability: Water Absorb
|
|-heal|p1a: Alomomola|100/100|[from] move: Wish|[wisher] Alomomola
|upkeep
|turn|7
|
|t:|1760823333
|switch|p1a: Mandibuzz|Mandibuzz, F|96/100
|-damage|p1a: Mandibuzz|71/100|[from] Stealth Rock
|move|p2a: Ogerpon|Swords Dance|p2a: Ogerpon
|-boost|p2a: Ogerpon|atk|2
|
|upkeep
|turn|8
|
|t:|1760823339
|switch|p2a: Tyranitar|Tyranitar, F, shiny|100/100
|-weather|Sandstorm|[from] ability: Sand Stream|[of] p2a: Tyranitar
|-terastallize|p1a: Mandibuzz|Dragon
|move|p1a: Mandibuzz|Foul Play|p2a: Tyranitar
|-resisted|p2a: Tyranitar
|-damage|p2a: Tyranitar|76/100
|
|-weather|Sandstorm|[upkeep]
|-damage|p1a: Mandibuzz|65/100|[from] Sandstorm
|upkeep
|turn|9
|
|t:|1760823344
|switch|p1a: Alomomola|Alomomola, M|100/100
|-damage|p1a: Alomomola|88/100|[from] Stealth Rock
|move|p2a: Tyranitar|Stone Edge|p1a: Alomomola
|-damage|p1a: Alomomola|43/100
|
|-weather|Sandstorm|[upkeep]
|-damage|p1a: Alomomola|37/100|[from] Sandstorm
|upkeep
|turn|10
|
|t:|1760823350
|switch|p2a: Ogerpon|Ogerpon-Wellspring, F|100/100
|move|p1a: Alomomola|Wish|p1a: Alomomola
|
|-weather|Sandstorm|[upkeep]
|-damage|p2a: Ogerpon|95/100|[from] Sandstorm
|-damage|p1a: Alomomola|31/100|[from] Sandstorm
|upkeep
|turn|11
|
|t:|1760823356
|switch|p1a: Mandibuzz|Mandibuzz, F, tera:Dragon|65/100
|-damage|p1a: Mandibuzz|53/100|[from] Stealth Rock
|move|p2a: Ogerpon|Horn Leech|p1a: Mandibuzz
|-resisted|p1a: Mandibuzz
|-damage|p1a: Mandibuzz|40/100
|-heal|p2a: Ogerpon|100/100|[from] drain|[of] p1a: Mandibuzz
|
|-weather|Sandstorm|[upkeep]
|-damage|p2a: Ogerpon|95/100|[from] Sandstorm
|-damage|p1a: Mandibuzz|34/100|[from] Sandstorm
|-heal|p1a: Mandibuzz|97/100|[from] move: Wish|[wisher] Alomomola
|upkeep
|turn|12
|
|t:|1760823371
|switch|p2a: Dragonite|Dragonite, F|100/100
|move|p1a: Mandibuzz|Defog|p2a: Dragonite
|-unboost|p2a: Dragonite|evasion|1
|-sideend|p1: Natdexubers44|Stealth Rock|[from] move: Defog|[of] p1a: Mandibuzz
|
|-weather|none
|upkeep
|turn|13
|
|t:|1760823379
|switch|p1a: Alomomola|Alomomola, M|64/100
|move|p2a: Dragonite|Outrage|p1a: Alomomola
|-damage|p1a: Alomomola|25/100
|
|upkeep
|turn|14
|
|t:|1760823386
|switch|p1a: Metagross|Metagross, shiny|100/100
|move|p2a: Dragonite|Outrage|p1a: Metagross|[from] lockedmove
|-resisted|p1a: Metagross
|-damage|p1a: Metagross|71/100
|-start|p2a: Dragonite|confusion|[fatigue]
|
|upkeep
|turn|15
|
|t:|1760823394
|switch|p2a: Uxie|Uxie, shiny|63/100 tox
|move|p1a: Metagross|Psychic Fangs|p2a: Uxie
|-resisted|p2a: Uxie
|-damage|p2a: Uxie|43/100 tox
|-damage|p1a: Metagross|55/100|[from] item: Rocky Helmet|[of] p2a: Uxie
|
|-damage|p2a: Uxie|37/100 tox|[from] psn
|upkeep
|turn|16
|
|t:|1760823398
|switch|p1a: Alomomola|Alomomola, M|59/100
|move|p2a: Uxie|Pain Split|p1a: Alomomola
|-sethp|p1a: Alomomola|42/100|[from] move: Pain Split|[silent]
|-sethp|p2a: Uxie|63/100 tox|[from] move: Pain Split
|
|-damage|p2a: Uxie|50/100 tox|[from] psn
|upkeep
|turn|17
|
|t:|1760823401
|move|p2a: Uxie|Psychic Noise|p1a: Alomomola
|-damage|p1a: Alomomola|18/100
|-start|p1a: Alomomola|move: Heal Block
|cant|p1a: Alomomola|move: Heal Block|Wish
|
|-damage|p2a: Uxie|32/100 tox|[from] psn
|upkeep
|turn|18
|
|t:|1760823407
|switch|p1a: Gholdengo|Gholdengo|33/100
|move|p2a: Uxie|Pain Split|p1a: Gholdengo
|-immune|p1a: Gholdengo|[from] ability: Good as Gold
|
|-damage|p2a: Uxie|7/100 tox|[from] psn
|upkeep
|turn|19
|
|t:|1760823414
|switch|p2a: Dragonite|Dragonite, F|100/100
|move|p1a: Gholdengo|Trick|p2a: Dragonite
|-activate|p1a: Gholdengo|move: Trick|[of] p2a: Dragonite
|-item|p2a: Dragonite|Choice Band|[from] move: Trick
|-item|p1a: Gholdengo|Choice Scarf|[from] move: Trick
|
|upkeep
|turn|20
|
|t:|1760823422
|move|p1a: Gholdengo|Shadow Ball|p2a: Dragonite
|-damage|p2a: Dragonite|79/100
|-unboost|p2a: Dragonite|spd|1
|move|p2a: Dragonite|Outrage|p1a: Gholdengo
|-resisted|p1a: Gholdengo
|-damage|p1a: Gholdengo|0 fnt
|faint|p1a: Gholdengo
|
|upkeep
|
|t:|1760823428
|switch|p1a: Metagross|Metagross, shiny|55/100
|turn|21
|
|t:|1760823430
|move|p2a: Dragonite|Outrage|p1a: Metagross|[from] lockedmove
|-resisted|p1a: Metagross
|-damage|p1a: Metagross|7/100
|-start|p2a: Dragonite|confusion|[fatigue]
|move|p1a: Metagross|Psychic Fangs|p2a: Dragonite
|-damage|p2a: Dragonite|2/100
|
|upkeep
|turn|22
|
|t:|1760823445
|switch|p1a: Ting-Lu|Ting-Lu|100/100
|-ability|p1a: Ting-Lu|Vessel of Ruin
|-activate|p2a: Dragonite|confusion
|-damage|p2a: Dragonite|0 fnt|[from] confusion
|faint|p2a: Dragonite
|
|upkeep
|
|t:|1760823452
|switch|p2a: Ogerpon|Ogerpon-Wellspring, F|95/100
|turn|23
|
|t:|1760823464
|switch|p1a: Mandibuzz|Mandibuzz, F, tera:Dragon|97/100
|move|p2a: Ogerpon|Ivy Cudgel|p1a: Mandibuzz|[anim] Ivy Cudgel Water
|-resisted|p1a: Mandibuzz
|-damage|p1a: Mandibuzz|81/100
|
|upkeep
|turn|24
|
|t:|1760823479
|switch|p2a: Tyranitar|Tyranitar, F, shiny|76/100
|-weather|Sandstorm|[from] ability: Sand Stream|[of] p2a: Tyranitar
|move|p1a: Mandibuzz|Toxic|p2a: Tyranitar
|-status|p2a: Tyranitar|tox
|
|-weather|Sandstorm|[upkeep]
|-damage|p1a: Mandibuzz|74/100|[from] Sandstorm
|-damage|p2a: Tyranitar|70/100 tox|[from] psn
|upkeep
|turn|25
|
|t:|1760823488
|move|p2a: Tyranitar|Knock Off|p1a: Mandibuzz
|-damage|p1a: Mandibuzz|45/100
|move|p1a: Mandibuzz|Roost|p1a: Mandibuzz
|-heal|p1a: Mandibuzz|95/100
|
|-weather|Sandstorm|[upkeep]
|-damage|p1a: Mandibuzz|89/100|[from] Sandstorm
|-damage|p2a: Tyranitar|58/100 tox|[from] psn
|upkeep
|turn|26
|
|t:|1760823499
|switch|p1a: Alomomola|Alomomola, M|51/100
|move|p2a: Tyranitar|Knock Off|p1a: Alomomola
|-damage|p1a: Alomomola|21/100
|
|-weather|Sandstorm|[upkeep]
|-damage|p1a: Alomomola|15/100|[from] Sandstorm
|-damage|p2a: Tyranitar|39/100 tox|[from] psn
|upkeep
|turn|27
|
|t:|1760823508
|switch|p2a: Ogerpon|Ogerpon-Wellspring, F|95/100
|switch|p1a: Mandibuzz|Mandibuzz, F, tera:Dragon|89/100
|
|-weather|Sandstorm|[upkeep]
|-damage|p2a: Ogerpon|89/100|[from] Sandstorm
|-damage|p1a: Mandibuzz|83/100|[from] Sandstorm
|upkeep
|turn|28
|
|t:|1760823517
|switch|p2a: Moltres|Moltres|100/100
|move|p1a: Mandibuzz|Foul Play|p2a: Moltres
|-crit|p2a: Moltres
|-damage|p2a: Moltres|70/100
|
|-weather|none
|upkeep
|turn|29
|
|t:|1760823520
|move|p1a: Mandibuzz|Toxic|p2a: Moltres|[miss]
|-miss|p1a: Mandibuzz|p2a: Moltres
|move|p2a: Moltres|Roar|p1a: Mandibuzz
|drag|p1a: Alomomola|Alomomola, M|48/100
|
|upkeep
|turn|30
|
|t:|1760823535
|move|p2a: Moltres|U-turn|p1a: Alomomola
|-damage|p1a: Alomomola|41/100
|
|t:|1760823537
|switch|p2a: Uxie|Uxie, shiny|7/100 tox|[from] U-turn
|move|p1a: Alomomola|Wish|p1a: Alomomola
|
|-damage|p2a: Uxie|0 fnt|[from] psn
|faint|p2a: Uxie
|upkeep
|-message|AlmightyHD forfeited.
|
|win|Natdexubers44
|raw|Natdexubers44's rating: 1565 &rarr; <strong>1584</strong><br />(+19 for winning)
|raw|AlmightyHD's rating: 1545 &rarr; <strong>1526</strong><br />(-19 for losing)
|l|☆AlmightyHD
|player|p2|
|l|☆Natdexubers44
|player|p1|
