|j|☆Winter6097
|j|☆healboy009
|t:|1760765128
|gametype|singles
|player|p1|Winter6097|dancer|1440
|player|p2|healboy009|backpacker|1534
|gen|9
|tier|[Gen 9] OU
|rated|
|rule|HP Percentage Mod: HP is shown in percentages
|rule|Endless Battle Clause: Forcing endless battles is banned
|rule|Species Clause: Limit one of each Pokémon
|rule|OHKO Clause: OHKO moves are banned
|rule|Evasion Items Clause: Evasion items are banned
|rule|Evasion Moves Clause: Evasion moves are banned
|rule|Evasion Abilities Clause: Evasion abilities are banned
|rule|Sleep Moves Clause: Sleep-inducing moves are banned
|clearpoke
|poke|p1|Polteageist|
|poke|p1|Indeedee-F, F|
|poke|p1|Hatterene, F|
|poke|p1|Hoopa-Unbound|
|poke|p1|Hawlucha, F|
|poke|p1|Delphox, F|
|poke|p2|Dondozo, M|
|poke|p2|Blissey, F|
|poke|p2|Gliscor, F|
|poke|p2|Toxapex, M|
|poke|p2|Slowking-Galar, M|
|poke|p2|Amoonguss, F|
|teampreview
|inactive|Battle timer is ON: inactive players will automatically lose when time's up. (requested by Winter6097)
|j| zapbros
|
|t:|1760765157
|teamsize|p1|6
|teamsize|p2|6
|start
|switch|p1a: Maiden|Indeedee-F, F|100/100
|switch|p2a: Gliscor|Gliscor, F|100/100
|-fieldstart|move: Psychic Terrain|[from] ability: Psychic Surge|[of] p1a: Maiden
|turn|1
|
|t:|1760765162
|switch|p1a: Anti-Hazard|Hatterene, F|100/100
|move|p2a: Gliscor|Protect||[still]
|-fail|p2a: Gliscor
|
|-status|p2a: Gliscor|tox|[from] item: Toxic Orb
|upkeep
|turn|2
|
|t:|1760765168
|switch|p2a: Slowking|Slowking-Galar, M|100/100
|move|p1a: Anti-Hazard|Psychic Noise|p2a: Slowking
|-damage|p2a: Slowking|75/100
|-start|p2a: Slowking|move: Heal Block
|
|upkeep
|turn|3
|
|t:|1760765176
|switch|p1a: Megamind|Hoopa-Unbound|100/100
|move|p2a: Slowking|Sludge Bomb|p1a: Megamind
|-damage|p1a: Megamind|71/100
|
|-end|p2a: Slowking|move: Heal Block
|upkeep
|turn|4
|
|t:|1760765181
|switch|p2a: Gliscor|Gliscor, F|100/100 tox
|move|p1a: Megamind|Trick|p2a: Gliscor
|-activate|p1a: Megamind|move: Trick|[of] p2a: Gliscor
|-item|p2a: Gliscor|Choice Scarf|[from] move: Trick
|-item|p1a: Megamind|Toxic Orb|[from] move: Trick
|
|-status|p1a: Megamind|tox|[from] item: Toxic Orb
|upkeep
|turn|5
|
|t:|1760765192
|move|p2a: Gliscor|Spikes|p1a: Megamind
|-sidestart|p1: Winter6097|Spikes
|move|p1a: Megamind|Trick|p2a: Gliscor
|-activate|p1a: Megamind|move: Trick|[of] p2a: Gliscor
|-item|p2a: Gliscor|Toxic Orb|[from] move: Trick
|-item|p1a: Megamind|Choice Scarf|[from] move: Trick
|
|-damage|p1a: Megamind|65/100 tox|[from] psn
|upkeep
|turn|6
|
|t:|1760765199
|move|p1a: Megamind|Expanding Force|p2a: Gliscor
|-damage|p2a: Gliscor|0 fnt
|faint|p2a: Gliscor
|
|-damage|p1a: Megamind|53/100 tox|[from] psn
|upkeep
|
|t:|1760765207
|switch|p2a: Blissey|Blissey, F|100/100
|turn|7
|
|t:|1760765212
|switch|p1a: Anti-Hazard|Hatterene, F|100/100
|-damage|p1a: Anti-Hazard|88/100|[from] Spikes
|move|p2a: Blissey|Seismic Toss|p1a: Anti-Hazard
|-damage|p1a: Anti-Hazard|57/100
|-enditem|p1a: Anti-Hazard|Eject Button
|
|t:|1760765222
|switch|p1a: Hawlucha|Hawlucha, F|100/100
|-enditem|p1a: Hawlucha|Psychic Seed
|-boost|p1a: Hawlucha|spd|1|[from] item: Psychic Seed
|
|upkeep
|turn|8
|
|t:|1760765235
|switch|p1a: Need mega NOW|Delphox, F|100/100
|-damage|p1a: Need mega NOW|88/100|[from] Spikes
|switch|p2a: Dondozo|Dondozo, M|100/100
|
|-fieldend|move: Psychic Terrain
|upkeep
|turn|9
|
|t:|1760765242
|switch|p2a: Slowking|Slowking-Galar, M|100/100
|move|p1a: Need mega NOW|Grass Knot|p2a: Slowking
|-resisted|p2a: Slowking
|-damage|p2a: Slowking|93/100
|
|upkeep
|turn|10
|
|t:|1760765248
|switch|p1a: Maiden|Indeedee-F, F|100/100
|-damage|p1a: Maiden|88/100|[from] Spikes
|-fieldstart|move: Psychic Terrain|[from] ability: Psychic Surge|[of] p1a: Maiden
|move|p2a: Slowking|Sludge Bomb|p1a: Maiden
|-damage|p1a: Maiden|63/100
|
|upkeep
|turn|11
|
|t:|1760765261
|switch|p1a: Anti-Hazard|Hatterene, F|57/100
|-damage|p1a: Anti-Hazard|45/100|[from] Spikes
|move|p2a: Slowking|Sludge Bomb|p1a: Anti-Hazard
|-supereffective|p1a: Anti-Hazard
|-damage|p1a: Anti-Hazard|0 fnt
|faint|p1a: Anti-Hazard
|
|upkeep
|
|t:|1760765263
|switch|p1a: Megamind|Hoopa-Unbound|53/100 tox
|-damage|p1a: Megamind|41/100 tox|[from] Spikes
|turn|12
|
|t:|1760765278
|-terastallize|p2a: Slowking|Dark
|move|p2a: Slowking|Protect|p2a: Slowking
|-singleturn|p2a: Slowking|Protect
|move|p1a: Megamind|Dark Pulse|p2a: Slowking
|-activate|p2a: Slowking|move: Protect
|
|-damage|p1a: Megamind|35/100 tox|[from] psn
|upkeep
|turn|13
|
|t:|1760765292
|switch|p1a: Hawlucha|Hawlucha, F|100/100
|move|p2a: Slowking|Sludge Bomb|p1a: Hawlucha
|-damage|p1a: Hawlucha|41/100
|
|upkeep
|turn|14
|
|t:|1760765300
|switch|p2a: Dondozo|Dondozo, M|100/100
|move|p1a: Hawlucha|Close Combat|p2a: Dondozo
|-crit|p2a: Dondozo
|-damage|p2a: Dondozo|66/100
|-unboost|p1a: Hawlucha|def|1
|-unboost|p1a: Hawlucha|spd|1
|
|upkeep
|turn|15
|
|t:|1760765326
|switch|p1a: Need mega NOW|Delphox, F|88/100
|-damage|p1a: Need mega NOW|76/100|[from] Spikes
|move|p2a: Dondozo|Avalanche|p1a: Need mega NOW
|-resisted|p1a: Need mega NOW
|-damage|p1a: Need mega NOW|66/100
|
|upkeep
|turn|16
|
|t:|1760765334
|switch|p2a: Blissey|Blissey, F|100/100
|move|p1a: Need mega NOW|Nasty Plot|p1a: Need mega NOW
|-boost|p1a: Need mega NOW|spa|2
|
|upkeep
|turn|17
|
|t:|1760765338
|move|p1a: Need mega NOW|Expanding Force|p2a: Blissey
|-damage|p2a: Blissey|43/100
|move|p2a: Blissey|Calm Mind|p2a: Blissey
|-boost|p2a: Blissey|spa|1
|-boost|p2a: Blissey|spd|1
|
|-fieldend|move: Psychic Terrain
|upkeep
|turn|18
|
|t:|1760765345
|move|p1a: Need mega NOW|Expanding Force|p2a: Blissey
|-damage|p2a: Blissey|25/100
|move|p2a: Blissey|Soft-Boiled|p2a: Blissey
|-heal|p2a: Blissey|75/100
|
|upkeep
|turn|19
|
|t:|1760765353
|switch|p1a: Maiden|Indeedee-F, F|63/100
|-damage|p1a: Maiden|50/100|[from] Spikes
|-fieldstart|move: Psychic Terrain|[from] ability: Psychic Surge|[of] p1a: Maiden
|move|p2a: Blissey|Seismic Toss|p1a: Maiden
|-damage|p1a: Maiden|21/100
|
|upkeep
|turn|20
|
|t:|1760765361
|move|p1a: Maiden|Healing Wish|p1a: Maiden
|faint|p1a: Maiden
|move|p2a: Blissey|Calm Mind|p2a: Blissey
|-boost|p2a: Blissey|spa|1
|-boost|p2a: Blissey|spd|1
|
|upkeep
|
|t:|1760765366
|switch|p1a: Megamind|Hoopa-Unbound|35/100 tox
|-heal|p1a: Megamind|100/100|[from] move: Healing Wish
|-damage|p1a: Megamind|88/100|[from] Spikes
|turn|21
|
|t:|1760765372
|switch|p2a: Slowking|Slowking-Galar, M, tera:Dark|100/100
|move|p1a: Megamind|Trick|p2a: Slowking
|-activate|p1a: Megamind|move: Trick|[of] p2a: Slowking
|-item|p2a: Slowking|Choice Scarf|[from] move: Trick
|-item|p1a: Megamind|Heavy-Duty Boots|[from] move: Trick
|
|upkeep
|turn|22
|
|t:|1760765381
|move|p1a: Megamind|Drain Punch|p2a: Slowking
|-supereffective|p2a: Slowking
|-damage|p2a: Slowking|44/100
|-heal|p1a: Megamind|100/100|[from] drain|[of] p2a: Slowking
|move|p2a: Slowking|Sludge Bomb|p1a: Megamind
|-damage|p1a: Megamind|70/100
|
|upkeep
|turn|23
|
|t:|1760765390
|switch|p2a: Amoonguss|Amoonguss, F|100/100
|move|p1a: Megamind|Drain Punch|p2a: Amoonguss
|-resisted|p2a: Amoonguss
|-damage|p2a: Amoonguss|91/100
|-heal|p1a: Megamind|77/100|[from] drain|[of] p2a: Amoonguss
|
|upkeep
|turn|24
|
|t:|1760765396
|switch|p2a: Slowking|Slowking-Galar, M, tera:Dark|77/100
|move|p1a: Megamind|Expanding Force|p2a: Slowking
|-immune|p2a: Slowking
|
|upkeep
|turn|25
|
|t:|1760765402
|move|p1a: Megamind|Drain Punch|p2a: Slowking
|-supereffective|p2a: Slowking
|-damage|p2a: Slowking|21/100
|-heal|p1a: Megamind|100/100|[from] drain|[of] p2a: Slowking
|move|p2a: Slowking|Sludge Bomb|p1a: Megamind
|-damage|p1a: Megamind|68/100
|
|upkeep
|turn|26
|
|t:|1760765414
|move|p1a: Megamind|Expanding Force|p2a: Slowking
|-immune|p2a: Slowking
|move|p2a: Slowking|Sludge Bomb|p1a: Megamind
|-damage|p1a: Megamind|34/100
|
|-fieldend|move: Psychic Terrain
|upkeep
|turn|27
|
|t:|1760765421
|switch|p2a: Amoonguss|Amoonguss, F|100/100
|move|p1a: Megamind|Drain Punch|p2a: Amoonguss
|-resisted|p2a: Amoonguss
|-damage|p2a: Amoonguss|91/100
|-heal|p1a: Megamind|41/100|[from] drain|[of] p2a: Amoonguss
|
|upkeep
|turn|28
|
|t:|1760765431
|-terastallize|p1a: Megamind|Psychic
|move|p1a: Megamind|Expanding Force|p2a: Amoonguss
|-supereffective|p2a: Amoonguss
|-damage|p2a: Amoonguss|0 fnt
|faint|p2a: Amoonguss
|
|upkeep
|
|t:|1760765459
|switch|p2a: Slowking|Slowking-Galar, M, tera:Dark|54/100
|turn|29
|
|t:|1760765465
|move|p2a: Slowking|Protect|p2a: Slowking
|-singleturn|p2a: Slowking|Protect
|move|p1a: Megamind|Drain Punch|p2a: Slowking
|-activate|p2a: Slowking|move: Protect
|
|upkeep
|turn|30
|
|t:|1760765472
|move|p2a: Slowking|Protect|p2a: Slowking
|-singleturn|p2a: Slowking|Protect
|move|p1a: Megamind|Drain Punch|p2a: Slowking
|-activate|p2a: Slowking|move: Protect
|
|upkeep
|turn|31
|
|t:|1760765480
|switch|p2a: Toxapex|Toxapex, M|100/100
|move|p1a: Megamind|Drain Punch|p2a: Toxapex
|-resisted|p2a: Toxapex
|-damage|p2a: Toxapex|91/100
|-heal|p1a: Megamind|46/100|[from] drain|[of] p2a: Toxapex
|
|upkeep
|turn|32
|
|t:|1760765489
|move|p1a: Megamind|Expanding Force|p2a: Toxapex
|-supereffective|p2a: Toxapex
|-damage|p2a: Toxapex|0 fnt
|faint|p2a: Toxapex
|
|upkeep
|
|t:|1760765491
|switch|p2a: Slowking|Slowking-Galar, M, tera:Dark|87/100
|turn|33
|
|t:|1760765494
|move|p1a: Megamind|Drain Punch|p2a: Slowking
|-supereffective|p2a: Slowking
|-damage|p2a: Slowking|34/100
|-heal|p1a: Megamind|81/100|[from] drain|[of] p2a: Slowking
|move|p2a: Slowking|Sludge Bomb|p1a: Megamind
|-damage|p1a: Megamind|53/100
|
|upkeep
|turn|34
|-message|healboy009 forfeited.
|
|win|Winter6097
|raw|Winter6097's rating: 1440 &rarr; <strong>1465</strong><br />(+25 for winning)
|raw|healboy009's rating: 1534 &rarr; <strong>1509</strong><br />(-25 for losing)
|l|☆healboy009
|player|p2|
|l|☆Winter6097
|player|p1|
|l| zapbros
