|j|☆qazqazwsxplmaa
|j|☆JihoonLee
|t:|1760790511
|gametype|singles
|player|p1|qazqazwsxplmaa|265|1118
|player|p2|JihoonLee|red|1127
|gen|9
|tier|[Gen 9] OU
|rated|
|rule|HP Percentage Mod: HP is shown in percentages
|rule|Endless Battle Clause: Forcing endless battles is banned
|rule|Species Clause: Limit one of each Pokémon
|rule|OHKO Clause: OHKO moves are banned
|rule|Evasion Items Clause: Evasion items are banned
|rule|Evasion Moves Clause: Evasion moves are banned
|rule|Evasion Abilities Clause: Evasion abilities are banned
|rule|Sleep Moves Clause: Sleep-inducing moves are banned
|clearpoke
|poke|p1|Hatterene, F|
|poke|p1|Raging Bolt|
|poke|p1|Tornadus-Therian, M|
|poke|p1|Dondozo, F|
|poke|p1|Kyurem|
|poke|p1|Ogerpon-Wellspring, F|
|poke|p2|Garganacl, M|
|poke|p2|Toxapex, M|
|poke|p2|Darkrai|
|poke|p2|Meowscarada, M|
|poke|p2|Zamazenta-*|
|poke|p2|Iron Valiant|
|teampreview
|inactive|Battle timer is ON: inactive players will automatically lose when time's up. (requested by JihoonLee)
|c|☆JihoonLee|gl
|inactive|qazqazwsxplmaa has 120 seconds left.
|
|t:|1760790545
|teamsize|p1|6
|teamsize|p2|6
|start
|switch|p1a: Raging Bolt|Raging Bolt|100/100
|switch|p2a: Garganacl|Garganacl, M|100/100
|turn|1
|
|t:|1760790558
|move|p1a: Raging Bolt|Thunderbolt|p2a: Garganacl
|-damage|p2a: Garganacl|39/100
|-damage|p1a: Raging Bolt|91/100|[from] item: Life Orb
|move|p2a: Garganacl|Salt Cure|p1a: Raging Bolt
|-damage|p1a: Raging Bolt|80/100
|-start|p1a: Raging Bolt|Salt Cure
|
|-heal|p2a: Garganacl|45/100|[from] item: Leftovers
|-damage|p1a: Raging Bolt|67/100|[from] Salt Cure
|upkeep
|turn|2
|
|t:|1760790569
|switch|p2a: Meowscarada|Meowscarada, M|100/100
|move|p1a: Raging Bolt|Thunderbolt|p2a: Meowscarada
|-resisted|p2a: Meowscarada
|-damage|p2a: Meowscarada|45/100
|-status|p2a: Meowscarada|par
|-damage|p1a: Raging Bolt|58/100|[from] item: Life Orb
|
|-damage|p1a: Raging Bolt|45/100|[from] Salt Cure
|upkeep
|turn|3
|
|t:|1760790582
|-terastallize|p1a: Raging Bolt|Electric
|move|p1a: Raging Bolt|Thunderclap|p2a: Meowscarada
|-resisted|p2a: Meowscarada
|-damage|p2a: Meowscarada|0 fnt
|faint|p2a: Meowscarada
|-damage|p1a: Raging Bolt|35/100|[from] item: Life Orb
|
|-damage|p1a: Raging Bolt|23/100|[from] Salt Cure
|upkeep
|
|t:|1760790601
|switch|p2a: Iron Valiant|Iron Valiant|100/100
|-enditem|p2a: Iron Valiant|Booster Energy
|-activate|p2a: Iron Valiant|ability: Quark Drive|[fromitem]
|-start|p2a: Iron Valiant|quarkdrivespe
|turn|4
|
|t:|1760790606
|move|p1a: Raging Bolt|Thunderclap|p2a: Iron Valiant
|-damage|p2a: Iron Valiant|0 fnt
|faint|p2a: Iron Valiant
|-end|p2a: Iron Valiant|Quark Drive|[silent]
|-damage|p1a: Raging Bolt|13/100|[from] item: Life Orb
|
|-damage|p1a: Raging Bolt|1/100|[from] Salt Cure
|upkeep
|c|☆JihoonLee|piece of shit
|
|t:|1760790617
|switch|p2a: Toxapex|Toxapex, M|100/100
|turn|5
|
|t:|1760790621
|move|p2a: Toxapex|Baneful Bunker|p2a: Toxapex
|-singleturn|p2a: Toxapex|move: Protect
|move|p1a: Raging Bolt|Thunderbolt|p2a: Toxapex
|-activate|p2a: Toxapex|move: Protect
|
|-damage|p1a: Raging Bolt|0 fnt|[from] Salt Cure
|faint|p1a: Raging Bolt
|-end|p1a: Raging Bolt|Protosynthesis|[silent]
|upkeep
|
|t:|1760790632
|switch|p1a: Hatterene|Hatterene, F|100/100
|turn|6
|
|t:|1760790639
|move|p2a: Toxapex|Chilling Water|p1a: Hatterene
|-damage|p1a: Hatterene|93/100
|-unboost|p1a: Hatterene|atk|1
|move|p1a: Hatterene|Nuzzle|p2a: Toxapex
|-supereffective|p2a: Toxapex
|-damage|p2a: Toxapex|96/100
|-status|p2a: Toxapex|par
|
|-heal|p1a: Hatterene|99/100|[from] item: Leftovers
|-heal|p2a: Toxapex|100/100 par|[from] item: Leftovers
|upkeep
|turn|7
|
|t:|1760790657
|switch|p1a: Tornadus|Tornadus-Therian, M|100/100
|switch|p2a: Garganacl|Garganacl, M|45/100
|
|-heal|p2a: Garganacl|51/100|[from] item: Leftovers
|upkeep
|turn|8
|
|t:|1760790666
|move|p1a: Tornadus|Knock Off|p2a: Garganacl
|-damage|p2a: Garganacl|38/100
|-enditem|p2a: Garganacl|Leftovers|[from] move: Knock Off|[of] p1a: Tornadus
|move|p2a: Garganacl|Recover|p2a: Garganacl
|-heal|p2a: Garganacl|88/100
|
|upkeep
|turn|9
|
|t:|1760790676
|move|p1a: Tornadus|Bleakwind Storm|p2a: Garganacl
|-resisted|p2a: Garganacl
|-damage|p2a: Garganacl|70/100
|move|p2a: Garganacl|Stealth Rock|p1a: Tornadus
|-sidestart|p1: qazqazwsxplmaa|move: Stealth Rock
|
|upkeep
|turn|10
|
|t:|1760790683
|move|p1a: Tornadus|U-turn|p2a: Garganacl
|-damage|p2a: Garganacl|61/100
|
|t:|1760790689
|switch|p1a: Dondozo|Dondozo, F|100/100|[from] U-turn
|-damage|p1a: Dondozo|88/100|[from] Stealth Rock
|move|p2a: Garganacl|Salt Cure|p1a: Dondozo
|-damage|p1a: Dondozo|81/100
|-start|p1a: Dondozo|Salt Cure
|
|-damage|p1a: Dondozo|56/100|[from] Salt Cure
|upkeep
|turn|11
|
|t:|1760790701
|switch|p2a: Toxapex|Toxapex, M|100/100 par
|move|p1a: Dondozo|Wave Crash|p2a: Toxapex
|-resisted|p2a: Toxapex
|-damage|p2a: Toxapex|83/100 par
|-damage|p1a: Dondozo|53/100|[from] Recoil
|
|-heal|p2a: Toxapex|90/100 par|[from] item: Leftovers
|-damage|p1a: Dondozo|28/100|[from] Salt Cure
|upkeep
|turn|12
|
|t:|1760790713
|move|p1a: Dondozo|Rest|p1a: Dondozo
|-status|p1a: Dondozo|slp|[from] move: Rest
|-heal|p1a: Dondozo|100/100 slp|[silent]
|move|p2a: Toxapex|Toxic||[still]
|-fail|p2a: Toxapex
|
|-heal|p2a: Toxapex|96/100 par|[from] item: Leftovers
|-damage|p1a: Dondozo|75/100 slp|[from] Salt Cure
|upkeep
|turn|13
|
|t:|1760790730
|switch|p1a: Kyurem|Kyurem|100/100
|-damage|p1a: Kyurem|76/100|[from] Stealth Rock
|-ability|p1a: Kyurem|Pressure
|switch|p2a: Darkrai|Darkrai|100/100
|
|upkeep
|turn|14
|
|t:|1760790743
|move|p2a: Darkrai|Ice Beam|p1a: Kyurem
|-damage|p1a: Kyurem|42/100
|move|p1a: Kyurem|Dragon Dance|p1a: Kyurem
|-boost|p1a: Kyurem|atk|1
|-boost|p1a: Kyurem|spe|1
|
|upkeep
|turn|15
|
|t:|1760790756
|switch|p2a: Toxapex|Toxapex, M|100/100 par
|move|p1a: Kyurem|Scale Shot|p2a: Toxapex
|-damage|p2a: Toxapex|83/100 par
|-damage|p2a: Toxapex|66/100 par
|-damage|p2a: Toxapex|50/100 par
|-damage|p2a: Toxapex|34/100 par
|-hitcount|p2a: Toxapex|4
|-unboost|p1a: Kyurem|def|1
|-boost|p1a: Kyurem|spe|1
|
|-heal|p2a: Toxapex|40/100 par|[from] item: Leftovers
|upkeep
|turn|16
|
|t:|1760790771
|cant|p2a: Toxapex|par
|move|p1a: Kyurem|Dragon Dance|p1a: Kyurem
|-boost|p1a: Kyurem|atk|1
|-boost|p1a: Kyurem|spe|1
|
|-heal|p2a: Toxapex|46/100 par|[from] item: Leftovers
|upkeep
|turn|17
|
|t:|1760790782
|move|p2a: Toxapex|Baneful Bunker|p2a: Toxapex
|-singleturn|p2a: Toxapex|move: Protect
|move|p1a: Kyurem|Scale Shot|p2a: Toxapex
|-activate|p2a: Toxapex|move: Protect
|
|-heal|p2a: Toxapex|52/100 par|[from] item: Leftovers
|upkeep
|turn|18
|
|t:|1760790792
|move|p1a: Kyurem|Scale Shot|p2a: Toxapex
|-damage|p2a: Toxapex|31/100 par
|-damage|p2a: Toxapex|10/100 par
|-damage|p2a: Toxapex|0 fnt
|faint|p2a: Toxapex
|-hitcount|p2: Toxapex|3
|-unboost|p1a: Kyurem|def|1
|-boost|p1a: Kyurem|spe|1
|
|upkeep
|
|t:|1760790801
|switch|p2a: Zamazenta|Zamazenta|100/100
|-ability|p2a: Zamazenta|Dauntless Shield|boost
|-boost|p2a: Zamazenta|def|1
|turn|19
|
|t:|1760790808
|-terastallize|p2a: Zamazenta|Steel
|move|p1a: Kyurem|Scale Shot|p2a: Zamazenta|[miss]
|-miss|p1a: Kyurem|p2a: Zamazenta
|move|p2a: Zamazenta|Iron Defense|p2a: Zamazenta
|-boost|p2a: Zamazenta|def|2
|
|upkeep
|turn|20
|
|t:|1760790822
|move|p1a: Kyurem|Scale Shot|p2a: Zamazenta
|-resisted|p2a: Zamazenta
|-damage|p2a: Zamazenta|96/100
|-resisted|p2a: Zamazenta
|-damage|p2a: Zamazenta|93/100
|-resisted|p2a: Zamazenta
|-damage|p2a: Zamazenta|89/100
|-resisted|p2a: Zamazenta
|-damage|p2a: Zamazenta|85/100
|-hitcount|p2a: Zamazenta|4
|-unboost|p1a: Kyurem|def|1
|-boost|p1a: Kyurem|spe|1
|move|p2a: Zamazenta|Substitute|p2a: Zamazenta
|-start|p2a: Zamazenta|Substitute
|-damage|p2a: Zamazenta|60/100
|
|-heal|p2a: Zamazenta|66/100|[from] item: Leftovers
|upkeep
|turn|21
|-message|qazqazwsxplmaa forfeited.
|
|win|JihoonLee
