|j|‽v1n001
|j|☆Trainer #39
|t:|1760805397
|gametype|singles
|player|p1|v1n001|169|1773
|player|p2|Trainer #39|bugsy|1824
|gen|9
|tier|[Gen 9] OU
|rated|
|rule|HP Percentage Mod: HP is shown in percentages
|rule|Endless Battle Clause: Forcing endless battles is banned
|rule|Species Clause: Limit one of each Pokémon
|rule|OHKO Clause: OHKO moves are banned
|rule|Evasion Items Clause: Evasion items are banned
|rule|Evasion Moves Clause: Evasion moves are banned
|rule|Evasion Abilities Clause: Evasion abilities are banned
|rule|Sleep Moves Clause: Sleep-inducing moves are banned
|clearpoke
|poke|p1|Rillaboom, F|
|poke|p1|Hawlucha, F|
|poke|p1|Gholdengo|
|poke|p1|Heatran, F|
|poke|p1|Glimmora, F|
|poke|p1|Ogerpon-Wellspring, F|
|poke|p2|Blissey, F|
|poke|p2|Corviknight, M|
|poke|p2|Dondozo, M|
|poke|p2|Gliscor, M|
|poke|p2|Clefable, M|
|poke|p2|Slowking-Galar, M|
|teampreview
|inactive|Battle timer is ON: inactive players will automatically lose when time's up. (requested by v1n001)
|
|t:|1760805426
|teamsize|p1|6
|teamsize|p2|6
|start
|switch|p1a: Rillaboom|Rillaboom, F, shiny|100/100
|switch|p2a: 🇮🇱=stop genocide|Gliscor, M|100/100
|-fieldstart|move: Grassy Terrain|[from] ability: Grassy Surge|[of] p1a: Rillaboom
|turn|1
|
|t:|1760805429
|move|p2a: 🇮🇱=stop genocide|Protect|p2a: 🇮🇱=stop genocide
|-singleturn|p2a: 🇮🇱=stop genocide|Protect
|move|p1a: Rillaboom|Swords Dance|p1a: Rillaboom
|-boost|p1a: Rillaboom|atk|2
|
|-status|p2a: 🇮🇱=stop genocide|tox|[from] item: Toxic Orb
|upkeep
|turn|2
|
|t:|1760805444
|switch|p2a: Charlie Kirk: idc|Corviknight, M|100/100
|-ability|p2a: Charlie Kirk: idc|Pressure
|move|p1a: Rillaboom|Knock Off|p2a: Charlie Kirk: idc
|-damage|p2a: Charlie Kirk: idc|44/100
|-damage|p1a: Rillaboom|84/100|[from] item: Rocky Helmet|[of] p2a: Charlie Kirk: idc
|-enditem|p2a: Charlie Kirk: idc|Rocky Helmet|[from] move: Knock Off|[of] p1a: Rillaboom
|-damage|p1a: Rillaboom|74/100|[from] item: Life Orb
|
|-heal|p1a: Rillaboom|80/100|[from] Grassy Terrain
|upkeep
|turn|3
|
|t:|1760805448
|move|p1a: Rillaboom|Drain Punch|p2a: Charlie Kirk: idc
|-damage|p2a: Charlie Kirk: idc|3/100
|-heal|p1a: Rillaboom|100/100|[from] drain|[of] p2a: Charlie Kirk: idc
|-damage|p1a: Rillaboom|91/100|[from] item: Life Orb
|move|p2a: Charlie Kirk: idc|Roost|p2a: Charlie Kirk: idc
|-heal|p2a: Charlie Kirk: idc|53/100
|-singleturn|p2a: Charlie Kirk: idc|move: Roost
|
|-heal|p1a: Rillaboom|97/100|[from] Grassy Terrain
|-heal|p2a: Charlie Kirk: idc|59/100|[from] Grassy Terrain
|upkeep
|turn|4
|
|t:|1760805456
|move|p1a: Rillaboom|Swords Dance|p1a: Rillaboom
|-boost|p1a: Rillaboom|atk|2
|move|p2a: Charlie Kirk: idc|Roost|p2a: Charlie Kirk: idc
|-heal|p2a: Charlie Kirk: idc|100/100
|-singleturn|p2a: Charlie Kirk: idc|move: Roost
|
|-heal|p1a: Rillaboom|100/100|[from] Grassy Terrain
|upkeep
|turn|5
|inactive|Trainer #39 has 120 seconds left.
|
|t:|1760805488
|move|p1a: Rillaboom|Drain Punch|p2a: Charlie Kirk: idc
|-damage|p2a: Charlie Kirk: idc|31/100
|-damage|p1a: Rillaboom|91/100|[from] item: Life Orb
|move|p2a: Charlie Kirk: idc|U-turn|p1a: Rillaboom
|-supereffective|p1a: Rillaboom
|-damage|p1a: Rillaboom|59/100
|
|t:|1760805491
|switch|p2a: 808 and curses|Dondozo, M|100/100|[from] U-turn
|
|-heal|p1a: Rillaboom|65/100|[from] Grassy Terrain
|-fieldend|move: Grassy Terrain
|upkeep
|turn|6
|
|t:|1760805497
|-terastallize|p2a: 808 and curses|Dragon
|move|p1a: Rillaboom|Knock Off|p2a: 808 and curses
|-crit|p2a: 808 and curses
|-damage|p2a: 808 and curses|67/100
|-enditem|p2a: 808 and curses|Leftovers|[from] move: Knock Off|[of] p1a: Rillaboom
|-damage|p1a: Rillaboom|55/100|[from] item: Life Orb
|move|p2a: 808 and curses|Curse|p2a: 808 and curses
|-unboost|p2a: 808 and curses|spe|1
|-boost|p2a: 808 and curses|atk|1
|-boost|p2a: 808 and curses|def|1
|
|upkeep
|turn|7
|j| weigh666
|
|t:|1760805502
|switch|p1a: Hawlucha|Hawlucha, F, shiny|100/100
|move|p2a: 808 and curses|Waterfall|p1a: Hawlucha
|-damage|p1a: Hawlucha|39/100
|
|upkeep
|turn|8
|
|t:|1760805507
|switch|p1a: Gholdengo|Gholdengo|100/100
|move|p2a: 808 and curses|Waterfall|p1a: Gholdengo
|-damage|p1a: Gholdengo|72/100
|
|upkeep
|turn|9
|
|t:|1760805510
|switch|p2a: LeJ/ovni/la lettre|Slowking-Galar, M|100/100
|move|p1a: Gholdengo|Make It Rain|p2a: LeJ/ovni/la lettre
|-damage|p2a: LeJ/ovni/la lettre|61/100
|-unboost|p1a: Gholdengo|spa|1
|
|upkeep
|turn|10
|
|t:|1760805514
|switch|p2a: 🇮🇱=stop genocide|Gliscor, M|100/100 tox
|switch|p1a: Rillaboom|Rillaboom, F, shiny|55/100
|-fieldstart|move: Grassy Terrain|[from] ability: Grassy Surge|[of] p1a: Rillaboom
|
|-heal|p1a: Rillaboom|61/100|[from] Grassy Terrain
|upkeep
|turn|11
|
|t:|1760805517
|move|p1a: Rillaboom|Swords Dance|p1a: Rillaboom
|-boost|p1a: Rillaboom|atk|2
|move|p2a: 🇮🇱=stop genocide|Toxic|p1a: Rillaboom
|-status|p1a: Rillaboom|tox
|
|-heal|p1a: Rillaboom|67/100 tox|[from] Grassy Terrain
|-damage|p1a: Rillaboom|61/100 tox|[from] psn
|upkeep
|turn|12
|
|t:|1760805520
|move|p2a: 🇮🇱=stop genocide|Protect|p2a: 🇮🇱=stop genocide
|-singleturn|p2a: 🇮🇱=stop genocide|Protect
|move|p1a: Rillaboom|Swords Dance|p1a: Rillaboom
|-boost|p1a: Rillaboom|atk|2
|
|-heal|p1a: Rillaboom|67/100 tox|[from] Grassy Terrain
|-damage|p1a: Rillaboom|55/100 tox|[from] psn
|upkeep
|turn|13
|l| weigh666
|
|t:|1760805524
|switch|p2a: 808 and curses|Dondozo, M, tera:Dragon|67/100
|move|p1a: Rillaboom|Knock Off|p2a: 808 and curses
|-damage|p2a: 808 and curses|52/100
|-damage|p1a: Rillaboom|45/100 tox|[from] item: Life Orb
|
|-heal|p1a: Rillaboom|51/100 tox|[from] Grassy Terrain
|-heal|p2a: 808 and curses|58/100|[from] Grassy Terrain
|-damage|p1a: Rillaboom|33/100 tox|[from] psn
|upkeep
|turn|14
|
|t:|1760805527
|switch|p1a: Gholdengo|Gholdengo|72/100
|-enditem|p1a: Gholdengo|Grassy Seed
|-boost|p1a: Gholdengo|def|1|[from] item: Grassy Seed
|move|p2a: 808 and curses|Rest|p2a: 808 and curses
|-status|p2a: 808 and curses|slp|[from] move: Rest
|-heal|p2a: 808 and curses|100/100 slp|[silent]
|
|-heal|p1a: Gholdengo|78/100|[from] Grassy Terrain
|-fieldend|move: Grassy Terrain
|upkeep
|turn|15
|
|t:|1760805529
|switch|p2a: brat|Blissey, F|100/100
|move|p1a: Gholdengo|Nasty Plot|p1a: Gholdengo
|-boost|p1a: Gholdengo|spa|2
|
|upkeep
|turn|16
|
|t:|1760805531
|move|p1a: Gholdengo|Nasty Plot|p1a: Gholdengo
|-boost|p1a: Gholdengo|spa|2
|move|p2a: brat|Calm Mind|p2a: brat
|-boost|p2a: brat|spa|1
|-boost|p2a: brat|spd|1
|
|upkeep
|turn|17
|
|t:|1760805534
|switch|p1a: Ogerpon|Ogerpon-Wellspring, F|100/100
|move|p2a: brat|Calm Mind|p2a: brat
|-boost|p2a: brat|spa|1
|-boost|p2a: brat|spd|1
|
|upkeep
|turn|18
|
|t:|1760805540
|switch|p2a: Charlie Kirk: idc|Corviknight, M|31/100
|-ability|p2a: Charlie Kirk: idc|Pressure
|move|p1a: Ogerpon|Play Rough|p2a: Charlie Kirk: idc|[miss]
|-miss|p1a: Ogerpon|p2a: Charlie Kirk: idc
|
|upkeep
|turn|19
|
|t:|1760805542
|switch|p2a: 808 and curses|Dondozo, M, tera:Dragon|100/100 slp
|move|p1a: Ogerpon|Ivy Cudgel|p2a: 808 and curses|[anim] Ivy Cudgel Water
|-resisted|p2a: 808 and curses
|-damage|p2a: 808 and curses|87/100 slp
|
|upkeep
|turn|20
|
|t:|1760805545
|switch|p2a: Charlie Kirk: idc|Corviknight, M|31/100
|-ability|p2a: Charlie Kirk: idc|Pressure
|move|p1a: Ogerpon|Play Rough|p2a: Charlie Kirk: idc
|-resisted|p2a: Charlie Kirk: idc
|-damage|p2a: Charlie Kirk: idc|20/100
|
|upkeep
|turn|21
|
|t:|1760805550
|move|p1a: Ogerpon|Ivy Cudgel|p2a: Charlie Kirk: idc|[anim] Ivy Cudgel Water
|-damage|p2a: Charlie Kirk: idc|0 fnt
|faint|p2a: Charlie Kirk: idc
|
|upkeep
|
|t:|1760805552
|switch|p2a: 808 and curses|Dondozo, M, tera:Dragon|87/100 slp
|turn|22
|
|t:|1760805554
|move|p1a: Ogerpon|Play Rough|p2a: 808 and curses|[miss]
|-miss|p1a: Ogerpon|p2a: 808 and curses
|cant|p2a: 808 and curses|slp
|move|p2a: 808 and curses|Sleep Talk|p2a: 808 and curses
|move|p2a: 808 and curses|Rest||[from] move: Sleep Talk|[still]
|-fail|p2a: 808 and curses
|
|upkeep
|turn|23
|
|t:|1760805556
|move|p1a: Ogerpon|Play Rough|p2a: 808 and curses
|-supereffective|p2a: 808 and curses
|-damage|p2a: 808 and curses|54/100 slp
|-unboost|p2a: 808 and curses|atk|1
|cant|p2a: 808 and curses|slp
|move|p2a: 808 and curses|Sleep Talk|p2a: 808 and curses
|move|p2a: 808 and curses|Rest||[from] move: Sleep Talk|[still]
|-fail|p2a: 808 and curses
|
|upkeep
|turn|24
|
|t:|1760805560
|move|p1a: Ogerpon|Play Rough|p2a: 808 and curses
|-supereffective|p2a: 808 and curses
|-damage|p2a: 808 and curses|22/100 slp
|-curestatus|p2a: 808 and curses|slp|[msg]
|move|p2a: 808 and curses|Rest|p2a: 808 and curses
|-status|p2a: 808 and curses|slp|[from] move: Rest
|-heal|p2a: 808 and curses|100/100 slp|[silent]
|
|upkeep
|turn|25
|
|t:|1760805562
|move|p1a: Ogerpon|Play Rough|p2a: 808 and curses
|-supereffective|p2a: 808 and curses
|-damage|p2a: 808 and curses|65/100 slp
|cant|p2a: 808 and curses|slp
|move|p2a: 808 and curses|Sleep Talk|p2a: 808 and curses
|move|p2a: 808 and curses|Rest||[from] move: Sleep Talk|[still]
|-fail|p2a: 808 and curses
|
|upkeep
|turn|26
|
|t:|1760805564
|move|p1a: Ogerpon|Play Rough|p2a: 808 and curses
|-supereffective|p2a: 808 and curses
|-damage|p2a: 808 and curses|29/100 slp
|cant|p2a: 808 and curses|slp
|move|p2a: 808 and curses|Sleep Talk|p2a: 808 and curses
|move|p2a: 808 and curses|Rest||[from] move: Sleep Talk|[still]
|-fail|p2a: 808 and curses
|
|upkeep
|turn|27
|
|t:|1760805566
|switch|p2a: 🇮🇱=stop genocide|Gliscor, M|100/100 tox
|move|p1a: Ogerpon|Play Rough|p2a: 🇮🇱=stop genocide
|-damage|p2a: 🇮🇱=stop genocide|78/100 tox
|
|-heal|p2a: 🇮🇱=stop genocide|90/100 tox|[from] ability: Poison Heal
|upkeep
|turn|28
|j| weigh666
|
|t:|1760805570
|-terastallize|p1a: Ogerpon|Water
|detailschange|p1a: Ogerpon|Ogerpon-Wellspring-Tera, F, tera:Water
|-ability|p1a: Ogerpon|Embody Aspect (Wellspring)|boost
|-boost|p1a: Ogerpon|spd|1
|move|p1a: Ogerpon|Ivy Cudgel|p2a: 🇮🇱=stop genocide|[anim] Ivy Cudgel Water
|-supereffective|p2a: 🇮🇱=stop genocide
|-damage|p2a: 🇮🇱=stop genocide|0 fnt
|faint|p2a: 🇮🇱=stop genocide
|
|upkeep
|
|t:|1760805572
|switch|p2a: 808 and curses|Dondozo, M, tera:Dragon|29/100 slp
|turn|29
|
|t:|1760805575
|switch|p2a: LeJ/ovni/la lettre|Slowking-Galar, M|94/100
|move|p1a: Ogerpon|Play Rough|p2a: LeJ/ovni/la lettre
|-resisted|p2a: LeJ/ovni/la lettre
|-damage|p2a: LeJ/ovni/la lettre|73/100
|
|upkeep
|turn|30
|
|t:|1760805578
|move|p1a: Ogerpon|Ivy Cudgel|p2a: LeJ/ovni/la lettre|[anim] Ivy Cudgel Water
|-damage|p2a: LeJ/ovni/la lettre|0 fnt
|faint|p2a: LeJ/ovni/la lettre
|
|upkeep
|
|t:|1760805580
|switch|p2a: 808 and curses|Dondozo, M, tera:Dragon|29/100 slp
|turn|31
|
|t:|1760805584
|move|p1a: Ogerpon|Play Rough|p2a: 808 and curses
|-supereffective|p2a: 808 and curses
|-damage|p2a: 808 and curses|0 fnt
|faint|p2a: 808 and curses
|
|upkeep
|l|☆Trainer #39
|inactive|Trainer #39 disconnected and has a minute to reconnect!
|player|p2|
|inactive|Trainer #39 has 30 seconds to reconnect!
|inactive|Trainer #39 has 20 seconds to reconnect!
|inactive|Trainer #39 has 15 seconds to reconnect!
|inactive|Trainer #39 has 10 seconds to reconnect!
|inactive|Trainer #39 has 5 seconds to reconnect!
|-message|Trainer #39 lost due to inactivity.
|
|win|v1n001
|raw|v1n001's rating: 1773 &rarr; <strong>1796</strong><br />(+23 for winning)
|raw|Trainer #39's rating: 1824 &rarr; <strong>1801</strong><br />(-23 for losing)
|l|‽v1n001
|player|p1|
