|j|☆gfhfghjsgdfhj
|j|☆Af Lele.Tomas
|t:|1760782482
|gametype|singles
|player|p1|gfhfghjsgdfhj|rosa-pokestar2|1491
|player|p2|Af Lele.Tomas|nate|1534
|gen|9
|tier|[Gen 9] OU
|rated|
|rule|HP Percentage Mod: HP is shown in percentages
|rule|Endless Battle Clause: Forcing endless battles is banned
|rule|Species Clause: Limit one of each Pokémon
|rule|OHKO Clause: OHKO moves are banned
|rule|Evasion Items Clause: Evasion items are banned
|rule|Evasion Moves Clause: Evasion moves are banned
|rule|Evasion Abilities Clause: Evasion abilities are banned
|rule|Sleep Moves Clause: Sleep-inducing moves are banned
|clearpoke
|poke|p1|Slowking-Galar, M|
|poke|p1|Iron Valiant|
|poke|p1|Cinderace, F|
|poke|p1|Landorus-Therian, M|
|poke|p1|Kyurem|
|poke|p1|Kingambit, F|
|poke|p2|Indeedee, M|
|poke|p2|Armarouge, M|
|poke|p2|Iron Treads|
|poke|p2|Polteageist|
|poke|p2|Hatterene, F|
|poke|p2|Kyurem|
|teampreview
|inactive|Battle timer is ON: inactive players will automatically lose when time's up. (requested by Af Lele.Tomas)
|inactive|gfhfghjsgdfhj also wants the timer to be on.
|inactive|gfhfghjsgdfhj has 120 seconds left.
|
|t:|1760782526
|teamsize|p1|6
|teamsize|p2|6
|start
|switch|p1a: Kingambit|Kingambit, F|100/100
|switch|p2a: Indeedee|Indeedee, M|100/100
|-fieldstart|move: Psychic Terrain|[from] ability: Psychic Surge|[of] p2a: Indeedee
|turn|1
|
|t:|1760782539
|switch|p2a: Iron Treads|Iron Treads|100/100
|-enditem|p2a: Iron Treads|Booster Energy
|-activate|p2a: Iron Treads|ability: Quark Drive|[fromitem]
|-start|p2a: Iron Treads|quarkdrivespe
|move|p1a: Kingambit|Kowtow Cleave|p2a: Iron Treads
|-damage|p2a: Iron Treads|55/100
|
|upkeep
|turn|2
|
|t:|1760782547
|-end|p1a: Kingambit|fallenundefined|[silent]
|switch|p1a: Landorus|Landorus-Therian, M, shiny|100/100
|-ability|p1a: Landorus|Intimidate|boost
|-unboost|p2a: Iron Treads|atk|1
|move|p2a: Iron Treads|Knock Off|p1a: Landorus
|-damage|p1a: Landorus|82/100
|-damage|p2a: Iron Treads|38/100|[from] item: Rocky Helmet|[of] p1a: Landorus
|-enditem|p1a: Landorus|Rocky Helmet|[from] move: Knock Off|[of] p2a: Iron Treads
|
|upkeep
|turn|3
|
|t:|1760782555
|-end|p2a: Iron Treads|Quark Drive|[silent]
|switch|p2a: Hatterene|Hatterene, F|100/100
|move|p1a: Landorus|Rock Tomb|p2a: Hatterene
|-damage|p2a: Hatterene|85/100
|-unboost|p2a: Hatterene|spe|1
|-enditem|p2a: Hatterene|Eject Button
|
|t:|1760782560
|switch|p2a: Kyurem|Kyurem|100/100
|-ability|p2a: Kyurem|Pressure
|
|upkeep
|turn|4
|
|t:|1760782571
|switch|p1a: Slowking|Slowking-Galar, M, shiny|100/100
|move|p2a: Kyurem|Icicle Spear|p1a: Slowking
|-damage|p1a: Slowking|86/100
|-damage|p1a: Slowking|73/100
|-damage|p1a: Slowking|58/100
|-damage|p1a: Slowking|46/100
|-hitcount|p1a: Slowking|4
|
|upkeep
|turn|5
|
|t:|1760782580
|-terastallize|p1a: Slowking|Water
|move|p2a: Kyurem|Icicle Spear|p1a: Slowking
|-resisted|p1a: Slowking
|-damage|p1a: Slowking|39/100
|-resisted|p1a: Slowking
|-damage|p1a: Slowking|33/100
|-resisted|p1a: Slowking
|-damage|p1a: Slowking|25/100
|-resisted|p1a: Slowking
|-damage|p1a: Slowking|18/100
|-resisted|p1a: Slowking
|-damage|p1a: Slowking|11/100
|-hitcount|p1a: Slowking|5
|move|p1a: Slowking|Thunder Wave|p2a: Kyurem
|-status|p2a: Kyurem|par
|
|upkeep
|turn|6
|
|t:|1760782587
|switch|p1a: Cinderace|Cinderace, F, shiny|100/100
|cant|p2a: Kyurem|par
|
|upkeep
|turn|7
|
|t:|1760782592
|move|p1a: Cinderace|Pyro Ball|p2a: Kyurem
|-damage|p2a: Kyurem|54/100 par
|cant|p2a: Kyurem|par
|
|upkeep
|turn|8
|
|t:|1760782595
|move|p1a: Cinderace|Pyro Ball|p2a: Kyurem
|-damage|p2a: Kyurem|6/100 par
|move|p2a: Kyurem|Scale Shot|p1a: Cinderace
|-damage|p1a: Cinderace|84/100
|-damage|p1a: Cinderace|69/100
|-damage|p1a: Cinderace|53/100
|-damage|p1a: Cinderace|36/100
|-damage|p1a: Cinderace|21/100
|-hitcount|p1a: Cinderace|5
|-unboost|p2a: Kyurem|def|1
|-boost|p2a: Kyurem|spe|1
|
|-fieldend|move: Psychic Terrain
|upkeep
|turn|9
|
|t:|1760782605
|move|p1a: Cinderace|U-turn|p2a: Kyurem
|-damage|p2a: Kyurem|0 fnt
|faint|p2a: Kyurem
|
|t:|1760782609
|switch|p1a: Kingambit|Kingambit, F|100/100|[from] U-turn
|
|upkeep
|
|t:|1760782613
|switch|p2a: Indeedee|Indeedee, M|100/100
|-fieldstart|move: Psychic Terrain|[from] ability: Psychic Surge|[of] p2a: Indeedee
|turn|10
|
|t:|1760782620
|switch|p2a: Iron Treads|Iron Treads|38/100
|move|p1a: Kingambit|Kowtow Cleave|p2a: Iron Treads
|-damage|p2a: Iron Treads|0 fnt
|faint|p2a: Iron Treads
|-end|p2a: Iron Treads|Quark Drive|[silent]
|
|upkeep
|
|t:|1760782626
|switch|p2a: Armarouge|Armarouge, M|100/100
|turn|11
|
|t:|1760782633
|-end|p1a: Kingambit|fallenundefined|[silent]
|switch|p1a: Landorus|Landorus-Therian, M, shiny|82/100
|-ability|p1a: Landorus|Intimidate|boost
|-unboost|p2a: Armarouge|atk|1
|move|p2a: Armarouge|Calm Mind|p2a: Armarouge
|-boost|p2a: Armarouge|spa|1
|-boost|p2a: Armarouge|spd|1
|
|upkeep
|turn|12
|
|t:|1760782636
|move|p1a: Landorus|Taunt|p2a: Armarouge
|-start|p2a: Armarouge|move: Taunt
|move|p2a: Armarouge|Expanding Force|p1a: Landorus
|-damage|p1a: Landorus|0 fnt
|faint|p1a: Landorus
|
|upkeep
|
|t:|1760782644
|switch|p1a: Kyurem|Kyurem, shiny|100/100
|-ability|p1a: Kyurem|Pressure
|turn|13
|
|t:|1760782659
|move|p1a: Kyurem|Substitute|p1a: Kyurem
|-start|p1a: Kyurem|Substitute
|-damage|p1a: Kyurem|76/100
|move|p2a: Armarouge|Expanding Force|p1a: Kyurem
|-end|p1a: Kyurem|Substitute
|
|-heal|p1a: Kyurem|82/100|[from] item: Leftovers
|upkeep
|turn|14
|
|t:|1760782663
|move|p1a: Kyurem|Protect|p1a: Kyurem
|-singleturn|p1a: Kyurem|Protect
|move|p2a: Armarouge|Expanding Force|p1a: Kyurem
|-activate|p1a: Kyurem|move: Protect
|
|-heal|p1a: Kyurem|88/100|[from] item: Leftovers
|-end|p2a: Armarouge|move: Taunt
|upkeep
|turn|15
|
|t:|1760782667
|move|p1a: Kyurem|Substitute|p1a: Kyurem
|-start|p1a: Kyurem|Substitute
|-damage|p1a: Kyurem|63/100
|move|p2a: Armarouge|Expanding Force|p1a: Kyurem
|-end|p1a: Kyurem|Substitute
|
|-heal|p1a: Kyurem|69/100|[from] item: Leftovers
|upkeep
|turn|16
|
|t:|1760782671
|move|p1a: Kyurem|Protect|p1a: Kyurem
|-singleturn|p1a: Kyurem|Protect
|move|p2a: Armarouge|Calm Mind|p2a: Armarouge
|-boost|p2a: Armarouge|spa|1
|-boost|p2a: Armarouge|spd|1
|
|-heal|p1a: Kyurem|75/100|[from] item: Leftovers
|upkeep
|turn|17
|
|t:|1760782673
|move|p1a: Kyurem|Substitute|p1a: Kyurem
|-start|p1a: Kyurem|Substitute
|-damage|p1a: Kyurem|50/100
|move|p2a: Armarouge|Expanding Force|p1a: Kyurem
|-end|p1a: Kyurem|Substitute
|
|-heal|p1a: Kyurem|57/100|[from] item: Leftovers
|-fieldend|move: Psychic Terrain
|upkeep
|turn|18
|
|t:|1760782677
|move|p1a: Kyurem|Earth Power|p2a: Armarouge
|-supereffective|p2a: Armarouge
|-damage|p2a: Armarouge|61/100
|move|p2a: Armarouge|Expanding Force|p1a: Kyurem
|-damage|p1a: Kyurem|0 fnt
|faint|p1a: Kyurem
|
|upkeep
|
|t:|1760782680
|switch|p1a: Kingambit|Kingambit, F|100/100
|-activate|p1a: Kingambit|ability: Supreme Overlord
|-start|p1a: Kingambit|fallen2|[silent]
|turn|19
|
|t:|1760782686
|switch|p2a: Indeedee|Indeedee, M|100/100
|-fieldstart|move: Psychic Terrain|[from] ability: Psychic Surge|[of] p2a: Indeedee
|move|p1a: Kingambit|Kowtow Cleave|p2a: Indeedee
|-supereffective|p2a: Indeedee
|-damage|p2a: Indeedee|0 fnt
|faint|p2a: Indeedee
|
|upkeep
|
|t:|1760782691
|switch|p2a: Armarouge|Armarouge, M|61/100
|turn|20
|
|t:|1760782695
|move|p1a: Kingambit|Sucker Punch|p2a: Armarouge
|-activate|p2a: Armarouge|move: Psychic Terrain
|move|p2a: Armarouge|Armor Cannon|p1a: Kingambit
|-supereffective|p1a: Kingambit
|-damage|p1a: Kingambit|0 fnt
|-unboost|p2a: Armarouge|def|1
|-unboost|p2a: Armarouge|spd|1
|faint|p1a: Kingambit
|-end|p1a: Kingambit|fallen2|[silent]
|
|upkeep
|
|t:|1760782698
|switch|p1a: Iron Valiant|Iron Valiant|100/100
|-enditem|p1a: Iron Valiant|Booster Energy
|-activate|p1a: Iron Valiant|ability: Quark Drive|[fromitem]
|-start|p1a: Iron Valiant|quarkdrivespe
|turn|21
|
|t:|1760782703
|move|p1a: Iron Valiant|Shadow Ball|p2a: Armarouge
|-supereffective|p2a: Armarouge
|-damage|p2a: Armarouge|0 fnt
|faint|p2a: Armarouge
|
|upkeep
|
|t:|1760782709
|switch|p2a: Polteageist|Polteageist|100/100
|turn|22
|
|t:|1760782723
|-terastallize|p2a: Polteageist|Fairy
|move|p1a: Iron Valiant|Shadow Ball|p2a: Polteageist
|-damage|p2a: Polteageist|69/100
|move|p2a: Polteageist|Tera Blast|p1a: Iron Valiant|[anim] Tera Blast Fairy
|-supereffective|p1a: Iron Valiant
|-damage|p1a: Iron Valiant|0 fnt
|faint|p1a: Iron Valiant
|-end|p1a: Iron Valiant|Quark Drive|[silent]
|
|upkeep
|
|t:|1760782730
|switch|p1a: Cinderace|Cinderace, F, shiny|21/100
|turn|23
|
|t:|1760782735
|move|p1a: Cinderace|Pyro Ball|p2a: Polteageist
|-damage|p2a: Polteageist|0 fnt
|faint|p2a: Polteageist
|
|upkeep
|
|t:|1760782737
|switch|p2a: Hatterene|Hatterene, F|85/100
|turn|24
|
|t:|1760782744
|move|p1a: Cinderace|Pyro Ball|p2a: Hatterene
|-damage|p2a: Hatterene|24/100
|-status|p2a: Hatterene|brn
|move|p2a: Hatterene|Psyshock|p1a: Cinderace
|-damage|p1a: Cinderace|0 fnt
|faint|p1a: Cinderace
|
|-damage|p2a: Hatterene|18/100 brn|[from] brn
|upkeep
|
|t:|1760782749
|switch|p1a: Slowking|Slowking-Galar, M, shiny, tera:Water|45/100
|turn|25
|
|t:|1760782752
|move|p2a: Hatterene|Psyshock|p1a: Slowking
|-damage|p1a: Slowking|0 fnt
|faint|p1a: Slowking
|
|win|Af Lele.Tomas
|raw|gfhfghjsgdfhj's rating: 1491 &rarr; <strong>1473</strong><br />(-18 for losing)
|raw|Af Lele.Tomas's rating: 1534 &rarr; <strong>1552</strong><br />(+18 for winning)
|l|☆Af Lele.Tomas
|player|p2|
|l|☆gfhfghjsgdfhj
|player|p1|
