|j|☆thebacchusbraviary
|j|☆kills your
|t:|1760841636
|gametype|singles
|player|p1|thebacchusbraviary|winona|1406
|player|p2|kills your|iono|1339
|gen|9
|tier|[Gen 9] OU
|rated|
|rule|HP Percentage Mod: HP is shown in percentages
|rule|Endless Battle Clause: Forcing endless battles is banned
|rule|Species Clause: Limit one of each Pokémon
|rule|OHKO Clause: OHKO moves are banned
|rule|Evasion Items Clause: Evasion items are banned
|rule|Evasion Moves Clause: Evasion moves are banned
|rule|Evasion Abilities Clause: Evasion abilities are banned
|rule|Sleep Moves Clause: Sleep-inducing moves are banned
|clearpoke
|poke|p1|Talonflame, F|
|poke|p1|Enamorus-Therian, F|
|poke|p1|Tyranitar, M|
|poke|p1|Keldeo-Resolute|
|poke|p1|Magnezone|
|poke|p1|Hydrapple, F|
|poke|p2|Ninetales, F|
|poke|p2|Hatterene, F|
|poke|p2|Leafeon, F|
|poke|p2|Raging Bolt|
|poke|p2|Great Tusk|
|poke|p2|Walking Wake|
|teampreview
|inactive|Battle timer is ON: inactive players will automatically lose when time's up. (requested by thebacchusbraviary)
|
|t:|1760841642
|teamsize|p1|6
|teamsize|p2|6
|start
|switch|p1a: Enamorus|Enamorus-Therian, F|100/100
|switch|p2a: Ninetales|Ninetales, F|100/100
|-weather|SunnyDay|[from] ability: Drought|[of] p2a: Ninetales
|turn|1
|inactive|kills your has 120 seconds left.
|
|t:|1760841694
|move|p2a: Ninetales|Overheat|p1a: Enamorus
|-damage|p1a: Enamorus|55/100
|-unboost|p2a: Ninetales|spa|2
|move|p1a: Enamorus|Earth Power|p2a: Ninetales
|-supereffective|p2a: Ninetales
|-damage|p2a: Ninetales|20/100
|
|-weather|SunnyDay|[upkeep]
|upkeep
|turn|2
|
|t:|1760841700
|switch|p2a: Hatterene|Hatterene, F|100/100
|move|p1a: Enamorus|Mystical Fire|p2a: Hatterene
|-damage|p2a: Hatterene|59/100
|-unboost|p2a: Hatterene|spa|1
|-enditem|p2a: Hatterene|Eject Button
|
|t:|1760841702
|switch|p2a: Leafeon|Leafeon, F|100/100
|
|-weather|SunnyDay|[upkeep]
|upkeep
|turn|3
|
|t:|1760841707
|-terastallize|p2a: Leafeon|Fire
|move|p2a: Leafeon|Swords Dance|p2a: Leafeon
|-boost|p2a: Leafeon|atk|2
|move|p1a: Enamorus|Mystical Fire|p2a: Leafeon
|-resisted|p2a: Leafeon
|-damage|p2a: Leafeon|61/100
|-unboost|p2a: Leafeon|spa|1
|
|-weather|SunnyDay|[upkeep]
|upkeep
|turn|4
|
|t:|1760841712
|move|p2a: Leafeon|Tera Blast|p1a: Enamorus|[anim] Tera Blast Fire
|-damage|p1a: Enamorus|0 fnt
|faint|p1a: Enamorus
|-damage|p2a: Leafeon|51/100|[from] item: Life Orb
|
|-weather|SunnyDay|[upkeep]
|upkeep
|
|t:|1760841719
|switch|p1a: Tyranitar|Tyranitar, M|100/100
|-weather|Sandstorm|[from] ability: Sand Stream|[of] p1a: Tyranitar
|turn|5
|
|t:|1760841724
|switch|p2a: Hatterene|Hatterene, F|59/100
|switch|p1a: Hydrapple|Hydrapple, F|100/100
|
|-weather|Sandstorm|[upkeep]
|-damage|p1a: Hydrapple|94/100|[from] Sandstorm
|-damage|p2a: Hatterene|53/100|[from] Sandstorm
|upkeep
|turn|6
|
|t:|1760841732
|move|p1a: Hydrapple|Leaf Storm|p2a: Hatterene
|-damage|p2a: Hatterene|0 fnt
|-unboost|p1a: Hydrapple|spa|2
|faint|p2a: Hatterene
|
|-weather|Sandstorm|[upkeep]
|-damage|p1a: Hydrapple|88/100|[from] Sandstorm
|upkeep
|
|t:|1760841740
|switch|p2a: Raging Bolt|Raging Bolt|100/100
|turn|7
|
|t:|1760841743
|switch|p1a: Tyranitar|Tyranitar, M|100/100
|move|p2a: Raging Bolt|Volt Switch|p1a: Tyranitar
|-damage|p1a: Tyranitar|86/100
|
|t:|1760841746
|-end|p2a: Raging Bolt|Protosynthesis|[silent]
|switch|p2a: Great Tusk|Great Tusk|100/100|[from] Volt Switch
|
|-weather|Sandstorm|[upkeep]
|upkeep
|turn|8
|
|t:|1760841752
|switch|p1a: Keldeo|Keldeo-Resolute|100/100
|move|p2a: Great Tusk|Knock Off|p1a: Keldeo
|-resisted|p1a: Keldeo
|-damage|p1a: Keldeo|83/100
|-ability|p1a: Keldeo|Justified|boost
|-boost|p1a: Keldeo|atk|1
|-enditem|p1a: Keldeo|Life Orb|[from] move: Knock Off|[of] p2a: Great Tusk
|
|-weather|Sandstorm|[upkeep]
|-damage|p1a: Keldeo|77/100|[from] Sandstorm
|upkeep
|turn|9
|
|t:|1760841760
|-end|p2a: Great Tusk|Protosynthesis|[silent]
|switch|p2a: Walking Wake|Walking Wake|100/100
|move|p1a: Keldeo|Air Slash|p2a: Walking Wake
|-damage|p2a: Walking Wake|69/100
|
|-weather|none
|upkeep
|turn|10
|
|t:|1760841775
|switch|p1a: Tyranitar|Tyranitar, M|86/100
|-weather|Sandstorm|[from] ability: Sand Stream|[of] p1a: Tyranitar
|move|p2a: Walking Wake|Flip Turn|p1a: Tyranitar
|-supereffective|p1a: Tyranitar
|-damage|p1a: Tyranitar|63/100
|
|t:|1760841785
|-end|p2a: Walking Wake|Protosynthesis|[silent]
|switch|p2a: Great Tusk|Great Tusk|100/100|[from] Flip Turn
|
|-weather|Sandstorm|[upkeep]
|upkeep
|turn|11
|
|t:|1760841788
|move|p2a: Great Tusk|Rapid Spin|p1a: Tyranitar
|-resisted|p1a: Tyranitar
|-damage|p1a: Tyranitar|57/100
|-boost|p2a: Great Tusk|spe|1
|move|p1a: Tyranitar|Ice Beam|p2a: Great Tusk
|-supereffective|p2a: Great Tusk
|-damage|p2a: Great Tusk|47/100
|
|-weather|Sandstorm|[upkeep]
|upkeep
|turn|12
|
|t:|1760841791
|switch|p1a: Hydrapple|Hydrapple, F|100/100
|move|p2a: Great Tusk|Headlong Rush|p1a: Hydrapple
|-resisted|p1a: Hydrapple
|-damage|p1a: Hydrapple|81/100
|-unboost|p2a: Great Tusk|def|1
|-unboost|p2a: Great Tusk|spd|1
|
|-weather|Sandstorm|[upkeep]
|-damage|p1a: Hydrapple|75/100|[from] Sandstorm
|upkeep
|turn|13
|
|t:|1760841803
|-end|p2a: Great Tusk|Protosynthesis|[silent]
|switch|p2a: Raging Bolt|Raging Bolt|100/100
|move|p1a: Hydrapple|Draco Meteor|p2a: Raging Bolt
|-supereffective|p2a: Raging Bolt
|-damage|p2a: Raging Bolt|16/100
|-unboost|p1a: Hydrapple|spa|2
|
|-weather|Sandstorm|[upkeep]
|-damage|p2a: Raging Bolt|10/100|[from] Sandstorm
|-damage|p1a: Hydrapple|69/100|[from] Sandstorm
|upkeep
|turn|14
|
|t:|1760841810
|switch|p1a: Talonflame|Talonflame, F|100/100
|move|p2a: Raging Bolt|Draco Meteor|p1a: Talonflame
|-damage|p1a: Talonflame|0 fnt
|-unboost|p2a: Raging Bolt|spa|2
|faint|p1a: Talonflame
|
|-weather|none
|upkeep
|
|t:|1760841814
|switch|p1a: Tyranitar|Tyranitar, M|57/100
|-weather|Sandstorm|[from] ability: Sand Stream|[of] p1a: Tyranitar
|turn|15
|
|t:|1760841818
|move|p2a: Raging Bolt|Volt Switch|p1a: Tyranitar
|-crit|p1a: Tyranitar
|-damage|p1a: Tyranitar|35/100
|
|t:|1760841821
|-end|p2a: Raging Bolt|Protosynthesis|[silent]
|switch|p2a: Great Tusk|Great Tusk|47/100|[from] Volt Switch
|move|p1a: Tyranitar|Ice Beam|p2a: Great Tusk
|-supereffective|p2a: Great Tusk
|-damage|p2a: Great Tusk|0 fnt
|faint|p2a: Great Tusk
|-end|p2a: Great Tusk|Protosynthesis|[silent]
|
|-weather|Sandstorm|[upkeep]
|upkeep
|
|t:|1760841824
|switch|p2a: Ninetales|Ninetales, F|20/100
|-weather|SunnyDay|[from] ability: Drought|[of] p2a: Ninetales
|turn|16
|
|t:|1760841827
|move|p2a: Ninetales|Solar Beam||[still]
|-prepare|p2a: Ninetales|Solar Beam
|-anim|p2a: Ninetales|Solar Beam|p1a: Tyranitar
|-supereffective|p1a: Tyranitar
|-damage|p1a: Tyranitar|0 fnt
|faint|p1a: Tyranitar
|
|-weather|SunnyDay|[upkeep]
|upkeep
|
|t:|1760841831
|switch|p1a: Keldeo|Keldeo-Resolute|77/100
|turn|17
|
|t:|1760841835
|move|p1a: Keldeo|Air Slash|p2a: Ninetales
|-damage|p2a: Ninetales|0 fnt
|faint|p2a: Ninetales
|
|-weather|SunnyDay|[upkeep]
|upkeep
|
|t:|1760841838
|switch|p2a: Leafeon|Leafeon, F, tera:Fire|51/100
|turn|18
|
|t:|1760841844
|switch|p1a: Hydrapple|Hydrapple, F|100/100
|move|p2a: Leafeon|Solar Blade||[still]
|-prepare|p2a: Leafeon|Solar Blade
|-anim|p2a: Leafeon|Solar Blade|p1a: Hydrapple
|-resisted|p1a: Hydrapple
|-damage|p1a: Hydrapple|86/100
|-damage|p2a: Leafeon|41/100|[from] item: Life Orb
|
|-weather|SunnyDay|[upkeep]
|upkeep
|turn|19
|
|t:|1760841848
|move|p2a: Leafeon|Tera Blast|p1a: Hydrapple|[anim] Tera Blast Fire
|-damage|p1a: Hydrapple|21/100
|-damage|p2a: Leafeon|31/100|[from] item: Life Orb
|move|p1a: Hydrapple|Draco Meteor|p2a: Leafeon
|-damage|p2a: Leafeon|0 fnt
|-unboost|p1a: Hydrapple|spa|2
|faint|p2a: Leafeon
|
|-weather|SunnyDay|[upkeep]
|upkeep
|
|t:|1760841854
|switch|p2a: Walking Wake|Walking Wake|69/100
|-activate|p2a: Walking Wake|ability: Protosynthesis
|-start|p2a: Walking Wake|protosynthesisspe
|turn|20
|
|t:|1760841862
|switch|p1a: Keldeo|Keldeo-Resolute|77/100
|move|p2a: Walking Wake|Dragon Pulse|p1a: Keldeo
|-damage|p1a: Keldeo|1/100
|
|-weather|SunnyDay|[upkeep]
|upkeep
|turn|21
|
|t:|1760841868
|move|p2a: Walking Wake|Dragon Pulse|p1a: Keldeo
|-damage|p1a: Keldeo|0 fnt
|faint|p1a: Keldeo
|
|-weather|SunnyDay|[upkeep]
|upkeep
|
|t:|1760841873
|switch|p1a: Magnezone|Magnezone|100/100
|turn|22
|
|t:|1760841880
|move|p2a: Walking Wake|Dragon Pulse|p1a: Magnezone
|-resisted|p1a: Magnezone
|-damage|p1a: Magnezone|61/100
|move|p1a: Magnezone|Steel Beam|p2a: Walking Wake
|-resisted|p2a: Walking Wake
|-damage|p2a: Walking Wake|25/100
|-damage|p1a: Magnezone|10/100|[from] steelbeam
|
|-weather|SunnyDay|[upkeep]
|upkeep
|turn|23
|
|t:|1760841884
|move|p2a: Walking Wake|Dragon Pulse|p1a: Magnezone
|-resisted|p1a: Magnezone
|-damage|p1a: Magnezone|0 fnt
|faint|p1a: Magnezone
|
|-weather|none
|-end|p2a: Walking Wake|Protosynthesis
|upkeep
|
|t:|1760841885
|switch|p1a: Hydrapple|Hydrapple, F|55/100
|turn|24
|
|t:|1760841890
|-terastallize|p1a: Hydrapple|Poison
|move|p2a: Walking Wake|Dragon Pulse|p1a: Hydrapple
|-damage|p1a: Hydrapple|13/100
|move|p1a: Hydrapple|Tera Blast|p2a: Walking Wake|[anim] Tera Blast Poison
|-damage|p2a: Walking Wake|0 fnt
|faint|p2a: Walking Wake
|-end|p2a: Walking Wake|Protosynthesis|[silent]
|
|upkeep
|
|t:|1760841893
|switch|p2a: Raging Bolt|Raging Bolt|10/100
|turn|25
|
|t:|1760841897
|move|p2a: Raging Bolt|Volt Switch|p1a: Hydrapple
|-damage|p1a: Hydrapple|0 fnt
|faint|p1a: Hydrapple
|
|win|kills your
|raw|thebacchusbraviary's rating: 1406 &rarr; <strong>1382</strong><br />(-24 for losing)
|raw|kills your's rating: 1339 &rarr; <strong>1363</strong><br />(+24 for winning)
|l|☆thebacchusbraviary
|player|p1|
|l|☆kills your
|player|p2|
