|j|☆Sinuhe7Ra
|j|☆nube4real
|t:|1760775053
|gametype|singles
|player|p1|Sinuhe7Ra|veteran|1309
|player|p2|nube4real|red|1308
|gen|9
|tier|[Gen 9] OU
|rated|
|rule|HP Percentage Mod: HP is shown in percentages
|rule|Endless Battle Clause: Forcing endless battles is banned
|rule|Species Clause: Limit one of each Pokémon
|rule|OHKO Clause: OHKO moves are banned
|rule|Evasion Items Clause: Evasion items are banned
|rule|Evasion Moves Clause: Evasion moves are banned
|rule|Evasion Abilities Clause: Evasion abilities are banned
|rule|Sleep Moves Clause: Sleep-inducing moves are banned
|clearpoke
|poke|p1|Dondozo, M|
|poke|p1|Blissey, F|
|poke|p1|Clodsire, M|
|poke|p1|Clefable, M|
|poke|p1|Gliscor, F|
|poke|p1|Toxapex, F|
|poke|p2|Dragapult, F|
|poke|p2|Conkeldurr, M|
|poke|p2|Excadrill, M|
|poke|p2|Serperior, M|
|poke|p2|Glimmora, F|
|poke|p2|Skeledirge, F|
|teampreview
|inactive|Battle timer is ON: inactive players will automatically lose when time's up. (requested by nube4real)
|
|t:|1760775072
|teamsize|p1|6
|teamsize|p2|6
|start
|switch|p1a: Gliscor|Gliscor, F|100/100
|switch|p2a: Serperior|Serperior, M|100/100
|turn|1
|
|t:|1760775095
|move|p1a: Gliscor|Protect|p1a: Gliscor
|-singleturn|p1a: Gliscor|Protect
|move|p2a: Serperior|Leaf Storm|p1a: Gliscor
|-activate|p1a: Gliscor|move: Protect
|
|-status|p1a: Gliscor|tox|[from] item: Toxic Orb
|upkeep
|turn|2
|
|t:|1760775106
|move|p2a: Serperior|Leaf Storm|p1a: Gliscor
|-damage|p1a: Gliscor|58/100 tox
|-boost|p2a: Serperior|spa|2
|move|p1a: Gliscor|U-turn|p2a: Serperior
|-supereffective|p2a: Serperior
|-damage|p2a: Serperior|61/100
|inactive|Sinuhe7Ra has 120 seconds left.
|
|t:|1760775124
|switch|p1a: Clodsire|Clodsire, M|100/100|[from] U-turn
|
|-heal|p2a: Serperior|68/100|[from] item: Leftovers
|upkeep
|turn|3
|inactive|Sinuhe7Ra has 120 seconds left.
|
|t:|1760775138
|move|p2a: Serperior|Giga Drain|p1a: Clodsire
|-damage|p1a: Clodsire|86/100
|-heal|p2a: Serperior|80/100|[from] drain|[of] p1a: Clodsire
|move|p1a: Clodsire|Toxic|p2a: Serperior
|-status|p2a: Serperior|tox
|
|-heal|p2a: Serperior|86/100 tox|[from] item: Leftovers
|-damage|p2a: Serperior|80/100 tox|[from] psn
|upkeep
|turn|4
|inactive|Sinuhe7Ra has 120 seconds left.
|
|t:|1760775155
|move|p2a: Serperior|Leaf Storm|p1a: Clodsire
|-damage|p1a: Clodsire|59/100
|-boost|p2a: Serperior|spa|2
|move|p1a: Clodsire|Earthquake|p2a: Serperior
|-resisted|p2a: Serperior
|-damage|p2a: Serperior|63/100 tox
|
|-heal|p2a: Serperior|69/100 tox|[from] item: Leftovers
|-damage|p2a: Serperior|57/100 tox|[from] psn
|upkeep
|turn|5
|inactive|Sinuhe7Ra has 120 seconds left.
|
|t:|1760775169
|move|p2a: Serperior|Leaf Storm|p1a: Clodsire
|-damage|p1a: Clodsire|36/100
|-boost|p2a: Serperior|spa|2
|move|p1a: Clodsire|Recover|p1a: Clodsire
|-heal|p1a: Clodsire|86/100
|
|-heal|p2a: Serperior|63/100 tox|[from] item: Leftovers
|-damage|p2a: Serperior|44/100 tox|[from] psn
|upkeep
|turn|6
|inactive|Sinuhe7Ra has 120 seconds left.
|
|t:|1760775181
|move|p2a: Serperior|Giga Drain|p1a: Clodsire
|-damage|p1a: Clodsire|73/100
|-heal|p2a: Serperior|55/100 tox|[from] drain|[of] p1a: Clodsire
|move|p1a: Clodsire|Earthquake|p2a: Serperior
|-resisted|p2a: Serperior
|-damage|p2a: Serperior|37/100 tox
|
|-heal|p2a: Serperior|43/100 tox|[from] item: Leftovers
|-damage|p2a: Serperior|18/100 tox|[from] psn
|upkeep
|turn|7
|inactive|Sinuhe7Ra has 120 seconds left.
|
|t:|1760775191
|switch|p2a: Glimmora|Glimmora, F, shiny|100/100
|move|p1a: Clodsire|Earthquake|p2a: Glimmora
|-supereffective|p2a: Glimmora
|-enditem|p2a: Glimmora|Focus Sash
|-damage|p2a: Glimmora|1/100
|-activate|p2a: Glimmora|ability: Toxic Debris
|-sidestart|p1: Sinuhe7Ra|move: Toxic Spikes
|
|upkeep
|turn|8
|inactive|Sinuhe7Ra has 120 seconds left.
|
|t:|1760775206
|move|p2a: Glimmora|Stealth Rock|p1a: Clodsire
|-sidestart|p1: Sinuhe7Ra|move: Stealth Rock
|move|p1a: Clodsire|Earthquake|p2a: Glimmora
|-supereffective|p2a: Glimmora
|-damage|p2a: Glimmora|0 fnt
|-activate|p2a: Glimmora|ability: Toxic Debris
|-sidestart|p1: Sinuhe7Ra|move: Toxic Spikes
|faint|p2a: Glimmora
|
|upkeep
|
|t:|1760775212
|switch|p2a: Excadrill|Excadrill, M|100/100
|-ability|p2a: Excadrill|Mold Breaker
|turn|9
|inactive|Sinuhe7Ra has 120 seconds left.
|
|t:|1760775229
|switch|p1a: Dondozo|Dondozo, M|100/100
|move|p2a: Excadrill|Rock Blast|p1a: Dondozo
|-damage|p1a: Dondozo|96/100
|-damage|p1a: Dondozo|92/100
|-damage|p1a: Dondozo|88/100
|-damage|p1a: Dondozo|84/100
|-hitcount|p1a: Dondozo|4
|
|upkeep
|turn|10
|inactive|Sinuhe7Ra has 120 seconds left.
|
|t:|1760775242
|switch|p2a: Conkeldurr|Conkeldurr, M|100/100
|move|p1a: Dondozo|Waterfall|p2a: Conkeldurr
|-damage|p2a: Conkeldurr|79/100
|
|upkeep
|turn|11
|inactive|Sinuhe7Ra has 120 seconds left.
|
|t:|1760775249
|move|p2a: Conkeldurr|Poison Jab|p1a: Dondozo
|-damage|p1a: Dondozo|59/100
|move|p1a: Dondozo|Curse|p1a: Dondozo
|-unboost|p1a: Dondozo|spe|1
|-boost|p1a: Dondozo|atk|1
|-boost|p1a: Dondozo|def|1
|
|upkeep
|turn|12
|inactive|Sinuhe7Ra has 120 seconds left.
|
|t:|1760775265
|move|p2a: Conkeldurr|Poison Jab|p1a: Dondozo
|-damage|p1a: Dondozo|43/100
|move|p1a: Dondozo|Waterfall|p2a: Conkeldurr
|-damage|p2a: Conkeldurr|44/100
|
|upkeep
|turn|13
|inactive|Sinuhe7Ra has 120 seconds left.
|
|t:|1760775277
|move|p2a: Conkeldurr|Poison Jab|p1a: Dondozo
|-damage|p1a: Dondozo|27/100
|move|p1a: Dondozo|Curse|p1a: Dondozo
|-unboost|p1a: Dondozo|spe|1
|-boost|p1a: Dondozo|atk|1
|-boost|p1a: Dondozo|def|1
|
|upkeep
|turn|14
|inactive|Sinuhe7Ra has 120 seconds left.
|
|t:|1760775287
|move|p2a: Conkeldurr|Poison Jab|p1a: Dondozo
|-damage|p1a: Dondozo|15/100
|move|p1a: Dondozo|Rest|p1a: Dondozo
|-status|p1a: Dondozo|slp|[from] move: Rest
|-heal|p1a: Dondozo|100/100 slp|[silent]
|
|upkeep
|turn|15
|inactive|Sinuhe7Ra has 120 seconds left.
|
|t:|1760775295
|switch|p2a: Serperior|Serperior, M|18/100 tox
|cant|p1a: Dondozo|slp
|move|p1a: Dondozo|Sleep Talk|p1a: Dondozo
|move|p1a: Dondozo|Waterfall|p2a: Serperior|[from] move: Sleep Talk
|-resisted|p2a: Serperior
|-damage|p2a: Serperior|0 fnt
|faint|p2a: Serperior
|
|upkeep
|
|t:|1760775312
|switch|p2a: Excadrill|Excadrill, M|100/100
|-ability|p2a: Excadrill|Mold Breaker
|turn|16
|-message|nube4real forfeited.
|
|win|Sinuhe7Ra
|raw|Sinuhe7Ra's rating: 1309 &rarr; <strong>1329</strong><br />(+20 for winning)
|raw|nube4real's rating: 1308 &rarr; <strong>1288</strong><br />(-20 for losing)
|l|☆nube4real
|player|p2|
|l|☆Sinuhe7Ra
|player|p1|
