|j|☆GodBananaBread
|j|☆AlmightyHD
|t:|1760731854
|gametype|singles
|player|p1|GodBananaBread|steven|1414
|player|p2|AlmightyHD|acetrainerf-gen4dp|1533
|gen|9
|tier|[Gen 9] OU
|rated|
|rule|HP Percentage Mod: HP is shown in percentages
|rule|Endless Battle Clause: Forcing endless battles is banned
|rule|Species Clause: Limit one of each Pokémon
|rule|OHKO Clause: OHKO moves are banned
|rule|Evasion Items Clause: Evasion items are banned
|rule|Evasion Moves Clause: Evasion moves are banned
|rule|Evasion Abilities Clause: Evasion abilities are banned
|rule|Sleep Moves Clause: Sleep-inducing moves are banned
|clearpoke
|poke|p1|Gholdengo|
|poke|p1|Samurott-Hisui, M|
|poke|p1|Alomomola, F|
|poke|p1|Kyurem|
|poke|p1|Slowking-Galar, M|
|poke|p1|Great Tusk|
|poke|p2|Dragapult, F|
|poke|p2|Darkrai|
|poke|p2|Deoxys-Speed|
|poke|p2|Okidogi, M|
|poke|p2|Whiscash, M|
|poke|p2|Corviknight, F|
|teampreview
|inactive|Battle timer is ON: inactive players will automatically lose when time's up. (requested by GodBananaBread)
|
|t:|1760731864
|teamsize|p1|6
|teamsize|p2|6
|start
|switch|p1a: Samurott|Samurott-Hisui, M|100/100
|switch|p2a: Okidogi|Okidogi, M|100/100
|-item|p2a: Okidogi|Air Balloon
|turn|1
|
|t:|1760731881
|switch|p1a: Gholdengo|Gholdengo|100/100
|-item|p1a: Gholdengo|Air Balloon
|move|p2a: Okidogi|Knock Off|p1a: Gholdengo
|-supereffective|p1a: Gholdengo
|-damage|p1a: Gholdengo|35/100
|-enditem|p1a: Gholdengo|Air Balloon
|
|upkeep
|turn|2
|
|t:|1760731898
|switch|p1a: Alomomola|Alomomola, F|100/100
|move|p2a: Okidogi|Knock Off|p1a: Alomomola
|-damage|p1a: Alomomola|79/100
|-damage|p2a: Okidogi|84/100|[from] item: Rocky Helmet|[of] p1a: Alomomola
|-enditem|p1a: Alomomola|Rocky Helmet|[from] move: Knock Off|[of] p2a: Okidogi
|
|upkeep
|turn|3
|
|t:|1760731907
|switch|p2a: Deoxys|Deoxys-Speed|100/100
|-ability|p2a: Deoxys|Pressure
|move|p1a: Alomomola|Scald|p2a: Deoxys
|-damage|p2a: Deoxys|80/100
|
|upkeep
|turn|4
|
|t:|1760731911
|switch|p1a: Slowking|Slowking-Galar, M|100/100
|move|p2a: Deoxys|Psycho Boost|p1a: Slowking
|-damage|p1a: Slowking|63/100
|-unboost|p2a: Deoxys|spa|2
|-damage|p2a: Deoxys|70/100|[from] item: Life Orb
|
|upkeep
|turn|5
|
|t:|1760731917
|move|p2a: Deoxys|Nasty Plot|p2a: Deoxys
|-boost|p2a: Deoxys|spa|2
|move|p1a: Slowking|Future Sight|p2a: Deoxys
|-start|p1a: Slowking|move: Future Sight
|
|upkeep
|turn|6
|
|t:|1760731930
|move|p2a: Deoxys|Nasty Plot|p2a: Deoxys
|-boost|p2a: Deoxys|spa|2
|move|p1a: Slowking|Sludge Bomb|p2a: Deoxys
|-damage|p2a: Deoxys|4/100
|
|upkeep
|turn|7
|
|t:|1760731936
|switch|p1a: Samurott|Samurott-Hisui, M|100/100
|move|p2a: Deoxys|Shadow Ball|p1a: Samurott
|-resisted|p1a: Samurott
|-damage|p1a: Samurott|48/100
|-damage|p2a: Deoxys|0 fnt|[from] item: Life Orb
|faint|p2a: Deoxys
|
|-hint|Future Sight did not hit because the target is fainted.
|upkeep
|
|t:|1760731940
|switch|p2a: Okidogi|Okidogi, M|84/100
|-item|p2a: Okidogi|Air Balloon
|turn|8
|
|t:|1760731944
|switch|p1a: Alomomola|Alomomola, F|100/100
|move|p2a: Okidogi|Drain Punch|p1a: Alomomola
|-damage|p1a: Alomomola|80/100
|-heal|p2a: Okidogi|99/100|[from] drain|[of] p1a: Alomomola
|
|upkeep
|turn|9
|
|t:|1760731949
|switch|p2a: Whiscash|Whiscash, M|100/100
|move|p1a: Alomomola|Wish|p1a: Alomomola
|
|upkeep
|turn|10
|
|t:|1760731958
|switch|p1a: Kyurem|Kyurem|100/100
|-ability|p1a: Kyurem|Pressure
|move|p2a: Whiscash|Spikes|p1a: Kyurem
|-sidestart|p1: GodBananaBread|Spikes
|
|upkeep
|turn|11
|
|t:|1760731980
|move|p1a: Kyurem|Substitute|p1a: Kyurem
|-start|p1a: Kyurem|Substitute
|-damage|p1a: Kyurem|76/100
|move|p2a: Whiscash|Earthquake|p1a: Kyurem
|-activate|p1a: Kyurem|move: Substitute|[damage]
|
|upkeep
|turn|12
|
|t:|1760731989
|switch|p2a: Corviknight|Corviknight, F|100/100
|-ability|p2a: Corviknight|Pressure
|move|p1a: Kyurem|Dragon Dance|p1a: Kyurem
|-boost|p1a: Kyurem|atk|1
|-boost|p1a: Kyurem|spe|1
|
|upkeep
|turn|13
|
|t:|1760731992
|move|p1a: Kyurem|Dragon Dance|p1a: Kyurem
|-boost|p1a: Kyurem|atk|1
|-boost|p1a: Kyurem|spe|1
|move|p2a: Corviknight|Body Press|p1a: Kyurem
|-supereffective|p1a: Kyurem
|-end|p1a: Kyurem|Substitute
|
|upkeep
|turn|14
|
|t:|1760731999
|move|p1a: Kyurem|Substitute|p1a: Kyurem
|-start|p1a: Kyurem|Substitute
|-damage|p1a: Kyurem|51/100
|move|p2a: Corviknight|Body Press|p1a: Kyurem
|-supereffective|p1a: Kyurem
|-end|p1a: Kyurem|Substitute
|
|upkeep
|turn|15
|
|t:|1760732007
|move|p1a: Kyurem|Icicle Spear|p2a: Corviknight
|-damage|p2a: Corviknight|82/100
|-damage|p2a: Corviknight|64/100
|-crit|p2a: Corviknight
|-damage|p2a: Corviknight|38/100
|-damage|p2a: Corviknight|19/100
|-hitcount|p2a: Corviknight|4
|move|p2a: Corviknight|Body Press|p1a: Kyurem
|-supereffective|p1a: Kyurem
|-damage|p1a: Kyurem|11/100
|
|upkeep
|turn|16
|
|t:|1760732021
|move|p1a: Kyurem|Icicle Spear|p2a: Corviknight
|-damage|p2a: Corviknight|2/100
|-damage|p2a: Corviknight|0 fnt
|faint|p2a: Corviknight
|-hitcount|p2: Corviknight|2
|
|upkeep
|
|t:|1760732030
|switch|p2a: Whiscash|Whiscash, M|100/100
|turn|17
|
|t:|1760732036
|move|p1a: Kyurem|Icicle Spear|p2a: Whiscash
|-damage|p2a: Whiscash|79/100
|-damage|p2a: Whiscash|60/100
|-damage|p2a: Whiscash|37/100
|-damage|p2a: Whiscash|15/100
|-damage|p2a: Whiscash|0 fnt
|faint|p2a: Whiscash
|-hitcount|p2: Whiscash|5
|
|upkeep
|
|t:|1760732043
|switch|p2a: Okidogi|Okidogi, M|99/100
|-item|p2a: Okidogi|Air Balloon
|turn|18
|
|t:|1760732048
|move|p1a: Kyurem|Icicle Spear|p2a: Okidogi
|-damage|p2a: Okidogi|76/100
|-enditem|p2a: Okidogi|Air Balloon
|-damage|p2a: Okidogi|51/100
|-damage|p2a: Okidogi|26/100
|-damage|p2a: Okidogi|0 fnt
|faint|p2a: Okidogi
|-hitcount|p2: Okidogi|4
|
|upkeep
|
|t:|1760732055
|switch|p2a: Darkrai|Darkrai|100/100
|turn|19
|
|t:|1760732058
|move|p2a: Darkrai|Dark Pulse|p1a: Kyurem
|-damage|p1a: Kyurem|0 fnt
|faint|p1a: Kyurem
|
|upkeep
|
|t:|1760732070
|switch|p1a: Great Tusk|Great Tusk, shiny|100/100
|-damage|p1a: Great Tusk|88/100|[from] Spikes
|turn|20
|
|t:|1760732075
|switch|p2a: Dragapult|Dragapult, F|100/100
|move|p1a: Great Tusk|Knock Off|p2a: Dragapult
|-supereffective|p2a: Dragapult
|-damage|p2a: Dragapult|0 fnt
|-enditem|p2a: Dragapult|Life Orb|[from] move: Knock Off|[of] p1a: Great Tusk
|faint|p2a: Dragapult
|
|-heal|p1a: Great Tusk|94/100|[from] item: Leftovers
|upkeep
|-message|AlmightyHD forfeited.
|
|win|GodBananaBread
|raw|GodBananaBread's rating: 1414 &rarr; <strong>1441</strong><br />(+27 for winning)
|raw|AlmightyHD's rating: 1533 &rarr; <strong>1506</strong><br />(-27 for losing)
|l|☆AlmightyHD
|player|p2|
|l|☆GodBananaBread
|player|p1|
