|j|☆TheEmboarKing
|j|☆Passerby bye
|t:|1760786778
|gametype|singles
|player|p1|TheEmboarKing|hilbert|1229
|player|p2|Passerby bye|scientist-gen4|1241
|gen|9
|tier|[Gen 9] OU
|rated|
|rule|HP Percentage Mod: HP is shown in percentages
|rule|Endless Battle Clause: Forcing endless battles is banned
|rule|Species Clause: Limit one of each Pokémon
|rule|OHKO Clause: OHKO moves are banned
|rule|Evasion Items Clause: Evasion items are banned
|rule|Evasion Moves Clause: Evasion moves are banned
|rule|Evasion Abilities Clause: Evasion abilities are banned
|rule|Sleep Moves Clause: Sleep-inducing moves are banned
|clearpoke
|poke|p1|Ursaluna, F|
|poke|p1|Rillaboom, M|
|poke|p1|Hawlucha, F|
|poke|p1|Meowscarada, M|
|poke|p1|Hydrapple, M|
|poke|p1|Alomomola, M|
|poke|p2|Wigglytuff, M|
|poke|p2|Gliscor, F|
|poke|p2|Houndoom, F|
|poke|p2|Magnezone|
|poke|p2|Slowbro, F|
|poke|p2|Vileplume, F|
|teampreview
|
|t:|1760786784
|teamsize|p1|6
|teamsize|p2|6
|start
|switch|p1a: Rillaboom|Rillaboom, M|100/100
|switch|p2a: Slowbro|Slowbro, F|100/100
|-fieldstart|move: Grassy Terrain|[from] ability: Grassy Surge|[of] p1a: Rillaboom
|turn|1
|
|t:|1760786788
|switch|p2a: Vileplume|Vileplume, F|100/100
|move|p1a: Rillaboom|U-turn|p2a: Vileplume
|-damage|p2a: Vileplume|82/100
|-damage|p1a: Rillaboom|84/100|[from] item: Rocky Helmet|[of] p2a: Vileplume
|
|t:|1760786810
|switch|p1a: Ursaluna|Ursaluna, F|100/100|[from] U-turn
|
|-heal|p2a: Vileplume|89/100|[from] Grassy Terrain
|upkeep
|turn|2
|
|t:|1760786820
|move|p2a: Vileplume|Strength Sap|p1a: Ursaluna
|-unboost|p1a: Ursaluna|atk|1
|-heal|p2a: Vileplume|100/100
|move|p1a: Ursaluna|Bulk Up|p1a: Ursaluna
|-boost|p1a: Ursaluna|atk|1
|-boost|p1a: Ursaluna|def|1
|
|upkeep
|turn|3
|
|t:|1760786827
|move|p2a: Vileplume|Leech Seed|p1a: Ursaluna
|-start|p1a: Ursaluna|move: Leech Seed
|move|p1a: Ursaluna|Bulk Up|p1a: Ursaluna
|-boost|p1a: Ursaluna|atk|1
|-boost|p1a: Ursaluna|def|1
|
|-damage|p1a: Ursaluna|88/100|[from] Leech Seed|[of] p2a: Vileplume
|upkeep
|turn|4
|
|t:|1760786834
|move|p2a: Vileplume|Strength Sap|p1a: Ursaluna
|-unboost|p1a: Ursaluna|atk|1
|move|p1a: Ursaluna|Facade|p2a: Vileplume
|-damage|p2a: Vileplume|70/100
|-damage|p1a: Ursaluna|72/100|[from] item: Rocky Helmet|[of] p2a: Vileplume
|
|-heal|p2a: Vileplume|76/100|[from] Grassy Terrain
|-heal|p1a: Ursaluna|78/100|[from] Grassy Terrain
|-heal|p1a: Ursaluna|84/100|[from] item: Leftovers
|-damage|p1a: Ursaluna|72/100|[from] Leech Seed|[of] p2a: Vileplume
|-heal|p2a: Vileplume|90/100|[silent]
|upkeep
|turn|5
|
|t:|1760786841
|switch|p1a: Alomomola|Alomomola, M|100/100
|move|p2a: Vileplume|Giga Drain|p1a: Alomomola
|-supereffective|p1a: Alomomola
|-damage|p1a: Alomomola|23/100
|-heal|p2a: Vileplume|100/100|[from] drain|[of] p1a: Alomomola
|
|-heal|p1a: Alomomola|29/100|[from] Grassy Terrain
|upkeep
|turn|6
|
|t:|1760786845
|move|p1a: Alomomola|Protect|p1a: Alomomola
|-singleturn|p1a: Alomomola|Protect
|move|p2a: Vileplume|Giga Drain|p1a: Alomomola
|-activate|p1a: Alomomola|move: Protect
|
|-heal|p1a: Alomomola|35/100|[from] Grassy Terrain
|upkeep
|turn|7
|
|t:|1760786847
|move|p2a: Vileplume|Giga Drain|p1a: Alomomola
|-supereffective|p1a: Alomomola
|-damage|p1a: Alomomola|0 fnt
|faint|p1a: Alomomola
|
|upkeep
|
|t:|1760786857
|switch|p1a: Hydrapple|Hydrapple, M|100/100
|turn|8
|
|t:|1760786863
|move|p2a: Vileplume|Sludge Wave|p1a: Hydrapple
|-supereffective|p1a: Hydrapple
|-damage|p1a: Hydrapple|28/100
|move|p1a: Hydrapple|Nasty Plot|p1a: Hydrapple
|-boost|p1a: Hydrapple|spa|2
|
|-heal|p1a: Hydrapple|34/100|[from] Grassy Terrain
|-heal|p1a: Hydrapple|40/100|[from] item: Leftovers
|-fieldend|move: Grassy Terrain
|upkeep
|turn|9
|
|t:|1760786870
|-terastallize|p1a: Hydrapple|Steel
|move|p2a: Vileplume|Sludge Wave|p1a: Hydrapple
|-immune|p1a: Hydrapple
|move|p1a: Hydrapple|Fickle Beam|p2a: Vileplume
|-damage|p2a: Vileplume|13/100
|
|-heal|p1a: Hydrapple|47/100|[from] item: Leftovers
|upkeep
|turn|10
|
|t:|1760786879
|move|p2a: Vileplume|Leech Seed|p1a: Hydrapple
|-start|p1a: Hydrapple|move: Leech Seed
|move|p1a: Hydrapple|Fickle Beam|p2a: Vileplume|[anim] Fickle Beam All Out
|-activate|p1a: Hydrapple|move: Fickle Beam
|-damage|p2a: Vileplume|0 fnt
|faint|p2a: Vileplume
|
|-heal|p1a: Hydrapple|53/100|[from] item: Leftovers
|upkeep
|
|t:|1760786893
|switch|p2a: Houndoom|Houndoom, F|100/100
|turn|11
|
|t:|1760786898
|move|p2a: Houndoom|Fire Blast|p1a: Hydrapple
|-supereffective|p1a: Hydrapple
|-damage|p1a: Hydrapple|0 fnt
|faint|p1a: Hydrapple
|
|upkeep
|
|t:|1760786900
|switch|p1a: Rillaboom|Rillaboom, M|84/100
|-fieldstart|move: Grassy Terrain|[from] ability: Grassy Surge|[of] p1a: Rillaboom
|turn|12
|
|t:|1760786905
|move|p2a: Houndoom|Fire Blast|p1a: Rillaboom
|-supereffective|p1a: Rillaboom
|-damage|p1a: Rillaboom|0 fnt
|faint|p1a: Rillaboom
|
|upkeep
|
|t:|1760786913
|switch|p1a: Ursaluna|Ursaluna, F|72/100
|turn|13
|
|t:|1760786919
|move|p2a: Houndoom|Fire Blast|p1a: Ursaluna
|-damage|p1a: Ursaluna|31/100
|move|p1a: Ursaluna|Bulk Up|p1a: Ursaluna
|-boost|p1a: Ursaluna|atk|1
|-boost|p1a: Ursaluna|def|1
|
|-heal|p1a: Ursaluna|37/100|[from] Grassy Terrain
|-heal|p1a: Ursaluna|44/100|[from] item: Leftovers
|upkeep
|turn|14
|
|t:|1760786925
|move|p2a: Houndoom|Fire Blast|p1a: Ursaluna|[miss]
|-miss|p2a: Houndoom|p1a: Ursaluna
|move|p1a: Ursaluna|High Horsepower|p2a: Houndoom
|-supereffective|p2a: Houndoom
|-damage|p2a: Houndoom|0 fnt
|faint|p2a: Houndoom
|
|-heal|p1a: Ursaluna|50/100|[from] Grassy Terrain
|-heal|p1a: Ursaluna|56/100|[from] item: Leftovers
|upkeep
|
|t:|1760786934
|switch|p2a: Slowbro|Slowbro, F|100/100
|turn|15
|
|t:|1760786937
|move|p2a: Slowbro|Scald|p1a: Ursaluna
|-supereffective|p1a: Ursaluna
|-damage|p1a: Ursaluna|15/100
|move|p1a: Ursaluna|Supercell Slam|p2a: Slowbro
|-supereffective|p2a: Slowbro
|-crit|p2a: Slowbro
|-damage|p2a: Slowbro|0 fnt
|faint|p2a: Slowbro
|
|-heal|p1a: Ursaluna|21/100|[from] Grassy Terrain
|-heal|p1a: Ursaluna|28/100|[from] item: Leftovers
|upkeep
|
|t:|1760786966
|switch|p2a: Wigglytuff|Wigglytuff, M|100/100
|turn|16
|
|t:|1760786970
|move|p2a: Wigglytuff|Ice Beam|p1a: Ursaluna
|-supereffective|p1a: Ursaluna
|-damage|p1a: Ursaluna|0 fnt
|faint|p1a: Ursaluna
|
|upkeep
|
|t:|1760786979
|switch|p1a: Hawlucha|Hawlucha, F|100/100
|-enditem|p1a: Hawlucha|Grassy Seed
|-boost|p1a: Hawlucha|def|1|[from] item: Grassy Seed
|turn|17
|
|t:|1760786987
|switch|p2a: Gliscor|Gliscor, F|100/100
|move|p1a: Hawlucha|Acrobatics|p2a: Gliscor
|-damage|p2a: Gliscor|60/100
|
|-status|p2a: Gliscor|tox|[from] item: Toxic Orb
|upkeep
|turn|18
|
|t:|1760786995
|move|p2a: Gliscor|Protect|p2a: Gliscor
|-singleturn|p2a: Gliscor|Protect
|move|p1a: Hawlucha|Swords Dance|p1a: Hawlucha
|-boost|p1a: Hawlucha|atk|2
|
|-heal|p2a: Gliscor|73/100 tox|[from] ability: Poison Heal
|upkeep
|turn|19
|
|t:|1760787007
|move|p1a: Hawlucha|Acrobatics|p2a: Gliscor
|-damage|p2a: Gliscor|0 fnt
|faint|p2a: Gliscor
|
|-fieldend|move: Grassy Terrain
|upkeep
|
|t:|1760787013
|switch|p2a: Magnezone|Magnezone|100/100
|turn|20
|
|t:|1760787016
|-terastallize|p2a: Magnezone|Flying
|move|p1a: Hawlucha|Close Combat|p2a: Magnezone
|-resisted|p2a: Magnezone
|-damage|p2a: Magnezone|50/100
|-unboost|p1a: Hawlucha|def|1
|-unboost|p1a: Hawlucha|spd|1
|move|p2a: Magnezone|Thunderbolt|p1a: Hawlucha
|-supereffective|p1a: Hawlucha
|-damage|p1a: Hawlucha|0 fnt
|faint|p1a: Hawlucha
|
|upkeep
|
|t:|1760787020
|switch|p1a: Meowscarada|Meowscarada, M|100/100
|turn|21
|
|t:|1760787024
|move|p1a: Meowscarada|Knock Off|p2a: Magnezone
|-start|p1a: Meowscarada|typechange|Dark|[from] ability: Protean
|-damage|p2a: Magnezone|0 fnt
|-enditem|p2a: Magnezone|Choice Specs|[from] move: Knock Off|[of] p1a: Meowscarada
|faint|p2a: Magnezone
|
|upkeep
|
|t:|1760787027
|switch|p2a: Wigglytuff|Wigglytuff, M|100/100
|turn|22
|
|t:|1760787030
|move|p1a: Meowscarada|Knock Off|p2a: Wigglytuff
|-resisted|p2a: Wigglytuff
|-damage|p2a: Wigglytuff|53/100
|-enditem|p2a: Wigglytuff|Assault Vest|[from] move: Knock Off|[of] p1a: Meowscarada
|move|p2a: Wigglytuff|Draining Kiss|p1a: Meowscarada
|-supereffective|p1a: Meowscarada
|-damage|p1a: Meowscarada|42/100
|-heal|p2a: Wigglytuff|83/100|[from] drain|[of] p1a: Meowscarada
|
|upkeep
|turn|23
|-message|TheEmboarKing forfeited.
|
|win|Passerby bye
|raw|TheEmboarKing's rating: 1229 &rarr; <strong>1205</strong><br />(-24 for losing)
|raw|Passerby bye's rating: 1241 &rarr; <strong>1265</strong><br />(+24 for winning)
|l|☆TheEmboarKing
|player|p1|
|l|☆Passerby bye
|player|p2|
