|j|☆Darkness918
|j|☆homerac
|t:|1760728112
|gametype|singles
|player|p1|Darkness918|grimsley|1264
|player|p2|homerac|169|1224
|gen|9
|tier|[Gen 9] OU
|rated|
|rule|HP Percentage Mod: HP is shown in percentages
|rule|Endless Battle Clause: Forcing endless battles is banned
|rule|Species Clause: Limit one of each Pokémon
|rule|OHKO Clause: OHKO moves are banned
|rule|Evasion Items Clause: Evasion items are banned
|rule|Evasion Moves Clause: Evasion moves are banned
|rule|Evasion Abilities Clause: Evasion abilities are banned
|rule|Sleep Moves Clause: Sleep-inducing moves are banned
|clearpoke
|poke|p1|Glimmora, M|
|poke|p1|Garganacl, F|
|poke|p1|Dragapult, M|
|poke|p1|Kingambit, F|
|poke|p1|Great Tusk|
|poke|p1|Meowscarada, F|
|poke|p2|Mismagius, M|
|poke|p2|Amoonguss, F|
|poke|p2|Conkeldurr, F|
|poke|p2|Enamorus, F|
|poke|p2|Iron Treads|
|poke|p2|Moltres|
|teampreview
|inactive|Battle timer is ON: inactive players will automatically lose when time's up. (requested by Darkness918)
|
|t:|1760728145
|teamsize|p1|6
|teamsize|p2|6
|start
|switch|p1a: Glimmora|Glimmora, M|100/100
|switch|p2a: Mismagius|Mismagius, M|100/100
|turn|1
|
|t:|1760728149
|move|p2a: Mismagius|Shadow Ball|p1a: Glimmora
|-damage|p1a: Glimmora|33/100
|move|p1a: Glimmora|Stealth Rock|p2a: Mismagius
|-sidestart|p2: homerac|move: Stealth Rock
|
|upkeep
|turn|2
|
|t:|1760728159
|move|p2a: Mismagius|Shadow Ball|p1a: Glimmora
|-damage|p1a: Glimmora|0 fnt
|faint|p1a: Glimmora
|
|upkeep
|
|t:|1760728163
|switch|p1a: Meowscarada|Meowscarada, F|100/100
|turn|3
|
|t:|1760728173
|switch|p2a: Amoonguss|Amoonguss, F|100/100
|-damage|p2a: Amoonguss|88/100|[from] Stealth Rock
|move|p1a: Meowscarada|Knock Off|p2a: Amoonguss
|-start|p1a: Meowscarada|typechange|Dark|[from] ability: Protean
|-damage|p2a: Amoonguss|42/100
|-enditem|p2a: Amoonguss|Leftovers|[from] move: Knock Off|[of] p1a: Meowscarada
|-damage|p1a: Meowscarada|91/100|[from] item: Life Orb
|
|upkeep
|turn|4
|
|t:|1760728184
|switch|p1a: Garganacl|Garganacl, F|100/100
|move|p2a: Amoonguss|Sludge Bomb|p1a: Garganacl
|-resisted|p1a: Garganacl
|-damage|p1a: Garganacl|91/100
|
|-heal|p1a: Garganacl|98/100|[from] item: Leftovers
|upkeep
|turn|5
|
|t:|1760728192
|switch|p2a: Conkeldurr|Conkeldurr, F|100/100
|-damage|p2a: Conkeldurr|94/100|[from] Stealth Rock
|-terastallize|p1a: Garganacl|Ghost
|move|p1a: Garganacl|Iron Defense|p1a: Garganacl
|-boost|p1a: Garganacl|def|2
|
|-heal|p1a: Garganacl|100/100|[from] item: Leftovers
|-status|p2a: Conkeldurr|brn|[from] item: Flame Orb
|upkeep
|turn|6
|
|t:|1760728213
|move|p2a: Conkeldurr|Knock Off|p1a: Garganacl
|-supereffective|p1a: Garganacl
|-crit|p1a: Garganacl
|-damage|p1a: Garganacl|0 fnt
|-enditem|p1a: Garganacl|Leftovers|[from] move: Knock Off|[of] p2a: Conkeldurr
|faint|p1a: Garganacl
|
|-damage|p2a: Conkeldurr|88/100 brn|[from] brn
|upkeep
|
|t:|1760728218
|switch|p1a: Dragapult|Dragapult, M|100/100
|turn|7
|
|t:|1760728223
|switch|p2a: Amoonguss|Amoonguss, F|75/100
|-damage|p2a: Amoonguss|62/100|[from] Stealth Rock
|move|p1a: Dragapult|Psychic Fangs|p2a: Amoonguss
|-supereffective|p2a: Amoonguss
|-damage|p2a: Amoonguss|0 fnt
|faint|p2a: Amoonguss
|
|upkeep
|
|t:|1760728232
|switch|p2a: Enamorus|Enamorus, F|100/100
|-damage|p2a: Enamorus|76/100|[from] Stealth Rock
|turn|8
|
|t:|1760728236
|move|p2a: Enamorus|Moonblast|p1a: Dragapult
|-supereffective|p1a: Dragapult
|-damage|p1a: Dragapult|0 fnt
|faint|p1a: Dragapult
|
|upkeep
|
|t:|1760728241
|switch|p1a: Great Tusk|Great Tusk|100/100
|-enditem|p1a: Great Tusk|Booster Energy
|-activate|p1a: Great Tusk|ability: Protosynthesis|[fromitem]
|-start|p1a: Great Tusk|protosynthesisatk
|turn|9
|
|t:|1760728250
|move|p2a: Enamorus|Moonblast|p1a: Great Tusk
|-supereffective|p1a: Great Tusk
|-crit|p1a: Great Tusk
|-damage|p1a: Great Tusk|0 fnt
|faint|p1a: Great Tusk
|-end|p1a: Great Tusk|Protosynthesis|[silent]
|
|upkeep
|
|t:|1760728253
|switch|p1a: Kingambit|Kingambit, F|100/100
|-activate|p1a: Kingambit|ability: Supreme Overlord
|-start|p1a: Kingambit|fallen4|[silent]
|turn|10
|
|t:|1760728262
|switch|p2a: Mismagius|Mismagius, M|100/100
|-damage|p2a: Mismagius|88/100|[from] Stealth Rock
|move|p1a: Kingambit|Swords Dance|p1a: Kingambit
|-boost|p1a: Kingambit|atk|2
|
|upkeep
|turn|11
|
|t:|1760728268
|move|p1a: Kingambit|Sucker Punch|p2a: Mismagius
|-supereffective|p2a: Mismagius
|-damage|p2a: Mismagius|0 fnt
|faint|p2a: Mismagius
|
|upkeep
|
|t:|1760728273
|switch|p2a: Conkeldurr|Conkeldurr, F|88/100 brn
|-damage|p2a: Conkeldurr|82/100 brn|[from] Stealth Rock
|turn|12
|
|t:|1760728277
|move|p1a: Kingambit|Sucker Punch|p2a: Conkeldurr
|-resisted|p2a: Conkeldurr
|-damage|p2a: Conkeldurr|33/100 brn
|move|p2a: Conkeldurr|Mach Punch|p1a: Kingambit
|-supereffective|p1a: Kingambit
|-damage|p1a: Kingambit|1/100
|
|-damage|p2a: Conkeldurr|27/100 brn|[from] brn
|upkeep
|turn|13
|
|t:|1760728286
|switch|p2a: Moltres|Moltres|100/100
|move|p1a: Kingambit|Sucker Punch||[still]
|-fail|p1a: Kingambit
|
|upkeep
|turn|14
|
|t:|1760728293
|switch|p2a: Iron Treads|Iron Treads|100/100
|-damage|p2a: Iron Treads|97/100|[from] Stealth Rock
|move|p1a: Kingambit|Sucker Punch||[still]
|-fail|p1a: Kingambit
|
|upkeep
|turn|15
|
|t:|1760728299
|move|p1a: Kingambit|Sucker Punch||[still]
|-fail|p1a: Kingambit
|move|p2a: Iron Treads|Stealth Rock|p1a: Kingambit
|-sidestart|p1: Darkness918|move: Stealth Rock
|
|upkeep
|turn|16
|
|t:|1760728303
|move|p1a: Kingambit|Sucker Punch||[still]
|-fail|p1a: Kingambit
|move|p2a: Iron Treads|Stealth Rock||[still]
|-fail|p2a: Iron Treads
|
|upkeep
|turn|17
|
|t:|1760728307
|move|p1a: Kingambit|Sucker Punch|p2a: Iron Treads
|-damage|p2a: Iron Treads|0 fnt
|faint|p2a: Iron Treads
|-end|p2a: Iron Treads|Quark Drive|[silent]
|
|upkeep
|
|t:|1760728315
|switch|p2a: Moltres|Moltres|100/100
|turn|18
|
|t:|1760728318
|move|p1a: Kingambit|Sucker Punch||[still]
|-fail|p1a: Kingambit
|-enditem|p1a: Kingambit|Leppa Berry|[eat]
|-activate|p1a: Kingambit|item: Leppa Berry|Sucker Punch|[consumed]
|move|p2a: Moltres|Roost||[still]
|-fail|p2a: Moltres|heal
|
|upkeep
|turn|19
|
|t:|1760728326
|move|p1a: Kingambit|Sucker Punch|p2a: Moltres
|-damage|p2a: Moltres|0 fnt
|-status|p1a: Kingambit|brn|[from] ability: Flame Body|[of] p2a: Moltres
|faint|p2a: Moltres
|
|-damage|p1a: Kingambit|0 fnt|[from] brn
|faint|p1a: Kingambit
|-end|p1a: Kingambit|fallen4|[silent]
|upkeep
|-message|Darkness918 forfeited.
|
|win|homerac
|raw|Darkness918's rating: 1264 &rarr; <strong>1236</strong><br />(-28 for losing)
|raw|homerac's rating: 1224 &rarr; <strong>1252</strong><br />(+28 for winning)
|l|☆Darkness918
|player|p1|
|l|☆homerac
|player|p2|
