|j|☆patrickd420
|j|‽Scrafty.YN
|t:|1760718990
|gametype|singles
|player|p1|patrickd420|101|1236
|player|p2|Scrafty.YN|hoopster|1289
|gen|9
|tier|[Gen 9] OU
|rated|
|rule|HP Percentage Mod: HP is shown in percentages
|rule|Endless Battle Clause: Forcing endless battles is banned
|rule|Species Clause: Limit one of each Pokémon
|rule|OHKO Clause: OHKO moves are banned
|rule|Evasion Items Clause: Evasion items are banned
|rule|Evasion Moves Clause: Evasion moves are banned
|rule|Evasion Abilities Clause: Evasion abilities are banned
|rule|Sleep Moves Clause: Sleep-inducing moves are banned
|clearpoke
|poke|p1|Darkrai|
|poke|p1|Zamazenta-*|
|poke|p1|Gholdengo|
|poke|p1|Ogerpon-Wellspring, F|
|poke|p1|Dragonite, M|
|poke|p1|Iron Moth|
|poke|p2|Gholdengo|
|poke|p2|Clodsire, M|
|poke|p2|Skarmory, F|
|poke|p2|Hariyama, F|
|poke|p2|Darkrai|
|poke|p2|Gliscor, M|
|teampreview
|inactive|Battle timer is ON: inactive players will automatically lose when time's up. (requested by patrickd420)
|
|t:|1760718996
|teamsize|p1|6
|teamsize|p2|6
|start
|switch|p1a: Dragonite|Dragonite, M, shiny|100/100
|switch|p2a: Hariyama|Hariyama, F, shiny|100/100
|turn|1
|
|t:|1760719000
|move|p1a: Dragonite|Dragon Dance|p1a: Dragonite
|-boost|p1a: Dragonite|atk|1
|-boost|p1a: Dragonite|spe|1
|move|p2a: Hariyama|Ice Punch|p1a: Dragonite
|-supereffective|p1a: Dragonite
|-damage|p1a: Dragonite|46/100
|-enditem|p1a: Dragonite|Weakness Policy
|-boost|p1a: Dragonite|atk|2|[from] item: Weakness Policy
|-boost|p1a: Dragonite|spa|2|[from] item: Weakness Policy
|
|upkeep
|turn|2
|
|t:|1760719005
|-terastallize|p1a: Dragonite|Normal
|move|p1a: Dragonite|Extreme Speed|p2a: Hariyama
|-damage|p2a: Hariyama|0 fnt
|faint|p2a: Hariyama
|
|upkeep
|
|t:|1760719011
|switch|p2a: Skarmory|Skarmory, F|100/100
|turn|3
|
|t:|1760719014
|move|p1a: Dragonite|Ice Spinner|p2a: Skarmory
|-damage|p2a: Skarmory|57/100
|-damage|p1a: Dragonite|30/100|[from] item: Rocky Helmet|[of] p2a: Skarmory
|move|p2a: Skarmory|Roar|p1a: Dragonite
|drag|p1a: Zamazenta|Zamazenta|100/100
|-ability|p1a: Zamazenta|Dauntless Shield|boost
|-boost|p1a: Zamazenta|def|1
|
|upkeep
|turn|4
|
|t:|1760719028
|switch|p1a: Iron Moth|Iron Moth|100/100
|-enditem|p1a: Iron Moth|Booster Energy
|-activate|p1a: Iron Moth|ability: Quark Drive|[fromitem]
|-start|p1a: Iron Moth|quarkdrivespe
|switch|p2a: Gliscor|Gliscor, M, shiny|100/100
|
|-status|p2a: Gliscor|tox|[from] item: Toxic Orb
|upkeep
|turn|5
|
|t:|1760719037
|move|p1a: Iron Moth|Psychic|p2a: Gliscor
|-damage|p2a: Gliscor|65/100 tox
|move|p2a: Gliscor|Earthquake|p1a: Iron Moth
|-supereffective|p1a: Iron Moth
|-damage|p1a: Iron Moth|0 fnt
|faint|p1a: Iron Moth
|-end|p1a: Iron Moth|Quark Drive|[silent]
|
|-heal|p2a: Gliscor|77/100 tox|[from] ability: Poison Heal
|upkeep
|
|t:|1760719048
|switch|p1a: Darkrai|Darkrai|100/100
|turn|6
|
|t:|1760719053
|move|p2a: Gliscor|Protect|p2a: Gliscor
|-singleturn|p2a: Gliscor|Protect
|move|p1a: Darkrai|Ice Beam|p2a: Gliscor
|-activate|p2a: Gliscor|move: Protect
|
|-heal|p2a: Gliscor|89/100 tox|[from] ability: Poison Heal
|upkeep
|turn|7
|
|t:|1760719078
|switch|p2a: Gholdengo|Gholdengo|100/100
|-item|p2a: Gholdengo|Air Balloon
|move|p1a: Darkrai|Nasty Plot|p1a: Darkrai
|-boost|p1a: Darkrai|spa|2
|
|upkeep
|turn|8
|inactive|Scrafty.YN has 120 seconds left.
|
|t:|1760719102
|switch|p2a: Clodsire|Clodsire, M, shiny|100/100
|move|p1a: Darkrai|Dark Pulse|p2a: Clodsire
|-damage|p2a: Clodsire|37/100
|-damage|p1a: Darkrai|91/100|[from] item: Life Orb
|
|upkeep
|turn|9
|inactive|Scrafty.YN has 120 seconds left.
|
|t:|1760719116
|-terastallize|p2a: Clodsire|Steel
|move|p1a: Darkrai|Ice Beam|p2a: Clodsire
|-resisted|p2a: Clodsire
|-crit|p2a: Clodsire
|-damage|p2a: Clodsire|4/100
|-damage|p1a: Darkrai|81/100|[from] item: Life Orb
|move|p2a: Clodsire|Recover|p2a: Clodsire
|-heal|p2a: Clodsire|54/100
|
|upkeep
|turn|10
|inactive|Scrafty.YN has 120 seconds left.
|
|t:|1760719128
|move|p1a: Darkrai|Dark Pulse|p2a: Clodsire
|-damage|p2a: Clodsire|0 fnt
|faint|p2a: Clodsire
|-damage|p1a: Darkrai|71/100|[from] item: Life Orb
|
|upkeep
|inactive|Scrafty.YN has 120 seconds left.
|
|t:|1760719134
|switch|p2a: Darkrai|Darkrai|100/100
|turn|11
|inactive|Scrafty.YN has 120 seconds left.
|
|t:|1760719146
|move|p2a: Darkrai|Sludge Bomb|p1a: Darkrai
|-damage|p1a: Darkrai|24/100
|move|p1a: Darkrai|Dark Pulse|p2a: Darkrai
|-resisted|p2a: Darkrai
|-damage|p2a: Darkrai|30/100
|-damage|p1a: Darkrai|14/100|[from] item: Life Orb
|
|upkeep
|turn|12
|
|t:|1760719155
|move|p1a: Darkrai|Dark Pulse|p2a: Darkrai
|-resisted|p2a: Darkrai
|-damage|p2a: Darkrai|0 fnt
|faint|p2a: Darkrai
|-damage|p1a: Darkrai|4/100|[from] item: Life Orb
|
|upkeep
|-message|Scrafty.YN forfeited.
|
|win|patrickd420
|raw|patrickd420's rating: 1236 &rarr; <strong>1265</strong><br />(+29 for winning)
|raw|Scrafty.YN's rating: 1289 &rarr; <strong>1260</strong><br />(-29 for losing)
|l|☆patrickd420
|player|p1|
