|j|☆Chief_Ironside
|j|☆meelll0
|t:|1760846915
|gametype|singles
|player|p1|Chief_Ironside|policeman-gen4|1385
|player|p2|meelll0|roxie|1374
|gen|9
|tier|[Gen 9] OU
|rated|
|rule|HP Percentage Mod: HP is shown in percentages
|rule|Endless Battle Clause: Forcing endless battles is banned
|rule|Species Clause: Limit one of each Pokémon
|rule|OHKO Clause: OHKO moves are banned
|rule|Evasion Items Clause: Evasion items are banned
|rule|Evasion Moves Clause: Evasion moves are banned
|rule|Evasion Abilities Clause: Evasion abilities are banned
|rule|Sleep Moves Clause: Sleep-inducing moves are banned
|clearpoke
|poke|p1|Clefable, M|
|poke|p1|Breloom, M|
|poke|p1|Zapdos|
|poke|p1|Quaquaval, M|
|poke|p1|Gholdengo|
|poke|p1|Moltres-Galar|
|poke|p2|Iron Valiant|
|poke|p2|Kingambit, M|
|poke|p2|Zapdos|
|poke|p2|Great Tusk|
|poke|p2|Slowking-Galar, M|
|poke|p2|Zamazenta-*|
|teampreview
|inactive|Battle timer is ON: inactive players will automatically lose when time's up. (requested by meelll0)
|c|☆meelll0|glhf
|
|t:|1760846929
|teamsize|p1|6
|teamsize|p2|6
|start
|switch|p1a: Zapdos|Zapdos|100/100
|switch|p2a: Iron Valiant|Iron Valiant|100/100
|turn|1
|
|t:|1760846935
|-end|p2a: Iron Valiant|Quark Drive|[silent]
|switch|p2a: Super Fly|Slowking-Galar, M, shiny|100/100
|move|p1a: Zapdos|Hurricane|p2a: Super Fly
|-damage|p2a: Super Fly|72/100
|
|upkeep
|turn|2
|
|t:|1760846940
|move|p1a: Zapdos|Thunder Wave|p2a: Super Fly
|-status|p2a: Super Fly|par
|move|p2a: Super Fly|Future Sight|p1a: Zapdos
|-start|p2a: Super Fly|move: Future Sight
|
|upkeep
|turn|3
|
|t:|1760846943
|move|p1a: Zapdos|Volt Switch|p2a: Super Fly
|-damage|p2a: Super Fly|53/100 par
|
|t:|1760846946
|switch|p1a: Moltres|Moltres-Galar|100/100|[from] Volt Switch
|-prepare|p2a: Super Fly|Chilly Reception|[premajor]
|cant|p2a: Super Fly|par
|
|upkeep
|turn|4
|
|t:|1760846953
|move|p1a: Moltres|Nasty Plot|p1a: Moltres
|-boost|p1a: Moltres|spa|2
|move|p2a: Super Fly|Thunder Wave|p1a: Moltres
|-status|p1a: Moltres|par
|
|-end|p1a: Moltres|move: Future Sight
|-immune|p1a: Moltres
|upkeep
|turn|5
|
|t:|1760846960
|cant|p1a: Moltres|par
|-prepare|p2a: Super Fly|Chilly Reception|[premajor]
|move|p2a: Super Fly|Chilly Reception|p2a: Super Fly
|-weather|Snowscape
|
|t:|1760846963
|switch|p2a: Iron Valiant|Iron Valiant|100/100|[from] Chilly Reception
|
|-weather|Snowscape|[upkeep]
|upkeep
|turn|6
|
|t:|1760846966
|move|p2a: Iron Valiant|Spirit Break|p1a: Moltres
|-supereffective|p1a: Moltres
|-damage|p1a: Moltres|0 fnt
|faint|p1a: Moltres
|
|-weather|Snowscape|[upkeep]
|upkeep
|
|t:|1760846976
|switch|p1a: Zapdos|Zapdos|100/100
|turn|7
|
|t:|1760846978
|-end|p2a: Iron Valiant|Quark Drive|[silent]
|switch|p2a: Super Fly|Slowking-Galar, M, shiny|86/100 par
|move|p1a: Zapdos|Volt Switch|p2a: Super Fly
|-crit|p2a: Super Fly
|-damage|p2a: Super Fly|61/100 par
|
|t:|1760846983
|switch|p1a: Gholdengo|Gholdengo|100/100|[from] Volt Switch
|-item|p1a: Gholdengo|Air Balloon
|
|-weather|Snowscape|[upkeep]
|upkeep
|turn|8
|
|t:|1760846987
|move|p1a: Gholdengo|Hex|p2a: Super Fly
|-supereffective|p2a: Super Fly
|-damage|p2a: Super Fly|0 fnt
|faint|p2a: Super Fly
|
|-weather|Snowscape|[upkeep]
|upkeep
|
|t:|1760846992
|switch|p2a: The World|Kingambit, M, shiny|100/100
|-activate|p2a: The World|ability: Supreme Overlord
|-start|p2a: The World|fallen1|[silent]
|turn|9
|
|t:|1760847002
|move|p1a: Gholdengo|Thunder Wave|p2a: The World|[miss]
|-miss|p1a: Gholdengo|p2a: The World
|move|p2a: The World|Swords Dance|p2a: The World
|-boost|p2a: The World|atk|2
|
|-weather|none
|upkeep
|turn|10
|
|t:|1760847013
|-terastallize|p1a: Gholdengo|Fairy
|move|p1a: Gholdengo|Hex|p2a: The World
|-resisted|p2a: The World
|-damage|p2a: The World|87/100
|move|p2a: The World|Kowtow Cleave|p1a: Gholdengo
|-resisted|p1a: Gholdengo
|-damage|p1a: Gholdengo|52/100
|-enditem|p1a: Gholdengo|Air Balloon
|
|upkeep
|turn|11
|
|t:|1760847022
|move|p1a: Gholdengo|Thunder Wave|p2a: The World
|-status|p2a: The World|par
|cant|p2a: The World|par
|
|upkeep
|turn|12
|
|t:|1760847027
|move|p1a: Gholdengo|Hex|p2a: The World
|-resisted|p2a: The World
|-damage|p2a: The World|58/100 par
|cant|p2a: The World|par
|
|upkeep
|turn|13
|
|t:|1760847029
|move|p1a: Gholdengo|Hex|p2a: The World
|-resisted|p2a: The World
|-damage|p2a: The World|32/100 par
|cant|p2a: The World|par
|
|upkeep
|turn|14
|
|t:|1760847034
|move|p1a: Gholdengo|Make It Rain|p2a: The World
|-resisted|p2a: The World
|-crit|p2a: The World
|-damage|p2a: The World|0 fnt
|-unboost|p1a: Gholdengo|spa|1
|faint|p2a: The World
|-end|p2a: The World|fallen1|[silent]
|
|upkeep
|
|t:|1760847041
|switch|p2a: Iron Valiant|Iron Valiant|100/100
|turn|15
|
|t:|1760847045
|-terastallize|p2a: Iron Valiant|Fairy
|move|p2a: Iron Valiant|Spirit Break|p1a: Gholdengo
|-damage|p1a: Gholdengo|0 fnt
|faint|p1a: Gholdengo
|
|upkeep
|
|t:|1760847050
|switch|p1a: Zapdos|Zapdos|100/100
|turn|16
|
|t:|1760847053
|-end|p2a: Iron Valiant|Quark Drive|[silent]
|switch|p2a: Chilli Pepper|Zapdos|100/100
|move|p1a: Zapdos|Hurricane|p2a: Chilli Pepper
|-resisted|p2a: Chilli Pepper
|-damage|p2a: Chilli Pepper|78/100
|
|upkeep
|turn|17
|
|t:|1760847055
|move|p2a: Chilli Pepper|Volt Switch|p1a: Zapdos
|-crit|p1a: Zapdos
|-damage|p1a: Zapdos|60/100
|
|t:|1760847059
|switch|p2a: Strength|Great Tusk, shiny|100/100|[from] Volt Switch
|move|p1a: Zapdos|Volt Switch|p2a: Strength
|-immune|p2a: Strength
|
|upkeep
|turn|18
|
|t:|1760847065
|move|p1a: Zapdos|Hurricane|p2a: Strength
|-supereffective|p2a: Strength
|-damage|p2a: Strength|0 fnt
|faint|p2a: Strength
|-end|p2a: Strength|Protosynthesis|[silent]
|
|upkeep
|
|t:|1760847068
|switch|p2a: Iron Valiant|Iron Valiant, tera:Fairy|100/100
|turn|19
|
|t:|1760847075
|move|p2a: Iron Valiant|Spirit Break|p1a: Zapdos
|-damage|p1a: Zapdos|7/100
|-unboost|p1a: Zapdos|spa|1
|move|p1a: Zapdos|Thunder Wave|p2a: Iron Valiant
|-status|p2a: Iron Valiant|par
|
|upkeep
|turn|20
|
|t:|1760847079
|move|p1a: Zapdos|Roost|p1a: Zapdos
|-heal|p1a: Zapdos|57/100
|-singleturn|p1a: Zapdos|move: Roost
|cant|p2a: Iron Valiant|par
|
|upkeep
|turn|21
|
|t:|1760847081
|move|p1a: Zapdos|Roost|p1a: Zapdos
|-heal|p1a: Zapdos|100/100
|-singleturn|p1a: Zapdos|move: Roost
|cant|p2a: Iron Valiant|par
|
|upkeep
|turn|22
|
|t:|1760847084
|move|p1a: Zapdos|Volt Switch|p2a: Iron Valiant
|-damage|p2a: Iron Valiant|65/100 par
|
|t:|1760847087
|switch|p1a: Clefable|Clefable, M|100/100|[from] Volt Switch
|cant|p2a: Iron Valiant|par
|
|upkeep
|turn|23
|
|t:|1760847091
|cant|p2a: Iron Valiant|par
|move|p1a: Clefable|Stealth Rock|p2a: Iron Valiant
|-sidestart|p2: meelll0|move: Stealth Rock
|
|upkeep
|turn|24
|
|t:|1760847094
|move|p2a: Iron Valiant|Spirit Break|p1a: Clefable
|-damage|p1a: Clefable|40/100
|-unboost|p1a: Clefable|spa|1
|move|p1a: Clefable|Moonblast|p2a: Iron Valiant
|-damage|p2a: Iron Valiant|29/100 par
|
|-heal|p1a: Clefable|46/100|[from] item: Leftovers
|upkeep
|turn|25
|
|t:|1760847098
|switch|p1a: Zapdos|Zapdos|100/100
|move|p2a: Iron Valiant|Spirit Break|p1a: Zapdos
|-crit|p1a: Zapdos
|-damage|p1a: Zapdos|21/100
|-unboost|p1a: Zapdos|spa|1
|
|upkeep
|turn|26
|
|t:|1760847103
|move|p1a: Zapdos|Volt Switch|p2a: Iron Valiant
|-damage|p2a: Iron Valiant|0 fnt
|faint|p2a: Iron Valiant
|-end|p2a: Iron Valiant|Quark Drive|[silent]
|
|t:|1760847107
|switch|p1a: Clefable|Clefable, M|46/100|[from] Volt Switch
|
|-heal|p1a: Clefable|52/100|[from] item: Leftovers
|upkeep
|
|t:|1760847110
|switch|p2a: Emperor Crimson|Zamazenta|100/100
|-damage|p2a: Emperor Crimson|94/100|[from] Stealth Rock
|-ability|p2a: Emperor Crimson|Dauntless Shield|boost
|-boost|p2a: Emperor Crimson|def|1
|turn|27
|
|t:|1760847114
|move|p2a: Emperor Crimson|Heavy Slam|p1a: Clefable
|-supereffective|p1a: Clefable
|-damage|p1a: Clefable|0 fnt
|faint|p1a: Clefable
|
|upkeep
|
|t:|1760847125
|switch|p1a: Zapdos|Zapdos|21/100
|turn|28
|
|t:|1760847128
|switch|p2a: Chilli Pepper|Zapdos|78/100
|move|p1a: Zapdos|Roost|p1a: Zapdos
|-heal|p1a: Zapdos|71/100
|-singleturn|p1a: Zapdos|move: Roost
|
|upkeep
|turn|29
|
|t:|1760847132
|move|p2a: Chilli Pepper|Volt Switch|p1a: Zapdos
|-damage|p1a: Zapdos|41/100
|
|t:|1760847134
|switch|p2a: Emperor Crimson|Zamazenta|94/100|[from] Volt Switch
|-damage|p2a: Emperor Crimson|88/100|[from] Stealth Rock
|move|p1a: Zapdos|Hurricane|p2a: Emperor Crimson|[miss]
|-miss|p1a: Zapdos|p2a: Emperor Crimson
|
|upkeep
|turn|30
|
|t:|1760847137
|move|p2a: Emperor Crimson|Stone Edge|p1a: Zapdos
|-supereffective|p1a: Zapdos
|-damage|p1a: Zapdos|0 fnt
|faint|p1a: Zapdos
|
|upkeep
|
|t:|1760847139
|switch|p1a: Breloom|Breloom, M|100/100
|turn|31
|
|t:|1760847142
|switch|p2a: Chilli Pepper|Zapdos|78/100
|move|p1a: Breloom|Bullet Seed|p2a: Chilli Pepper
|-resisted|p2a: Chilli Pepper
|-damage|p2a: Chilli Pepper|68/100
|-resisted|p2a: Chilli Pepper
|-damage|p2a: Chilli Pepper|58/100
|-resisted|p2a: Chilli Pepper
|-damage|p2a: Chilli Pepper|49/100
|-resisted|p2a: Chilli Pepper
|-damage|p2a: Chilli Pepper|39/100
|-resisted|p2a: Chilli Pepper
|-damage|p2a: Chilli Pepper|29/100
|-hitcount|p2a: Chilli Pepper|5
|
|upkeep
|turn|32
|
|t:|1760847146
|move|p2a: Chilli Pepper|Hurricane|p1a: Breloom
|-supereffective|p1a: Breloom
|-damage|p1a: Breloom|0 fnt
|faint|p1a: Breloom
|
|upkeep
|
|t:|1760847148
|switch|p1a: Quaquaval|Quaquaval, M|100/100
|turn|33
|
|t:|1760847150
|move|p2a: Chilli Pepper|Volt Switch|p1a: Quaquaval
|-supereffective|p1a: Quaquaval
|-damage|p1a: Quaquaval|50/100
|
|t:|1760847152
|switch|p2a: Emperor Crimson|Zamazenta|88/100|[from] Volt Switch
|-damage|p2a: Emperor Crimson|82/100|[from] Stealth Rock
|move|p1a: Quaquaval|Aqua Step|p2a: Emperor Crimson
|-damage|p2a: Emperor Crimson|43/100
|-boost|p1a: Quaquaval|spe|1
|
|upkeep
|turn|34
|
|t:|1760847156
|move|p2a: Emperor Crimson|Close Combat|p1a: Quaquaval
|-damage|p1a: Quaquaval|0 fnt
|-unboost|p2a: Emperor Crimson|def|1
|-unboost|p2a: Emperor Crimson|spd|1
|faint|p1a: Quaquaval
|
|win|meelll0
|raw|Chief_Ironside's rating: 1385 &rarr; <strong>1364</strong><br />(-21 for losing)
|raw|meelll0's rating: 1374 &rarr; <strong>1395</strong><br />(+21 for winning)
|l|☆meelll0
|player|p2|
|l|☆Chief_Ironside
|player|p1|
