|j|☆ur doggo
|j|☆FruitAtTheBottom
|t:|1760885288
|gametype|singles
|player|p1|ur doggo|266|1561
|player|p2|FruitAtTheBottom|265|1574
|gen|9
|tier|[Gen 9] OU
|rated|
|rule|HP Percentage Mod: HP is shown in percentages
|rule|Endless Battle Clause: Forcing endless battles is banned
|rule|Species Clause: Limit one of each Pokémon
|rule|OHKO Clause: OHKO moves are banned
|rule|Evasion Items Clause: Evasion items are banned
|rule|Evasion Moves Clause: Evasion moves are banned
|rule|Evasion Abilities Clause: Evasion abilities are banned
|rule|Sleep Moves Clause: Sleep-inducing moves are banned
|clearpoke
|poke|p1|Ninetales, M|
|poke|p1|Walking Wake|
|poke|p1|Great Tusk|
|poke|p1|Hatterene, F|
|poke|p1|Typhlosion-Hisui, F|
|poke|p1|Slither Wing|
|poke|p2|Cinderace, F|
|poke|p2|Tornadus-Therian, M|
|poke|p2|Clefable, M|
|poke|p2|Raging Bolt|
|poke|p2|Dragonite, M|
|poke|p2|Iron Treads|
|teampreview
|inactive|Battle timer is ON: inactive players will automatically lose when time's up. (requested by FruitAtTheBottom)
|
|t:|1760885305
|teamsize|p1|6
|teamsize|p2|6
|start
|switch|p1a: Ninetales|Ninetales, M|100/100
|switch|p2a: Tornadus|Tornadus-Therian, M|100/100
|-weather|SunnyDay|[from] ability: Drought|[of] p1a: Ninetales
|turn|1
|
|t:|1760885313
|switch|p1a: Hatterene|Hatterene, F|100/100
|move|p2a: Tornadus|Knock Off|p1a: Hatterene
|-damage|p1a: Hatterene|75/100
|-enditem|p1a: Hatterene|Eject Button|[from] move: Knock Off|[of] p2a: Tornadus
|
|-weather|SunnyDay|[upkeep]
|upkeep
|turn|2
|
|t:|1760885324
|move|p2a: Tornadus|Heat Wave|p1a: Hatterene
|-damage|p1a: Hatterene|43/100
|move|p1a: Hatterene|Psychic Noise|p2a: Tornadus
|-damage|p2a: Tornadus|58/100
|-start|p2a: Tornadus|move: Heal Block
|
|-weather|SunnyDay|[upkeep]
|upkeep
|turn|3
|
|t:|1760885333
|switch|p2a: Raging Bolt|Raging Bolt|100/100
|-activate|p2a: Raging Bolt|ability: Protosynthesis
|-start|p2a: Raging Bolt|protosynthesisspa
|move|p1a: Hatterene|Nuzzle|p2a: Raging Bolt
|-resisted|p2a: Raging Bolt
|-damage|p2a: Raging Bolt|99/100
|
|-weather|SunnyDay|[upkeep]
|upkeep
|turn|4
|
|t:|1760885368
|move|p2a: Raging Bolt|Volt Switch|p1a: Hatterene
|-damage|p1a: Hatterene|0 fnt
|faint|p1a: Hatterene
|inactive|FruitAtTheBottom has 120 seconds left.
|
|t:|1760885385
|-end|p2a: Raging Bolt|Protosynthesis|[silent]
|switch|p2a: Cinderace|Cinderace, F|100/100|[from] Volt Switch
|
|-weather|SunnyDay|[upkeep]
|upkeep
|
|t:|1760885388
|switch|p1a: Jesus|Walking Wake|100/100
|-activate|p1a: Jesus|ability: Protosynthesis
|-start|p1a: Jesus|protosynthesisspe
|turn|5
|inactive|ur doggo has 120 seconds left.
|
|t:|1760885414
|move|p2a: Cinderace|Sucker Punch|p1a: Jesus
|-start|p2a: Cinderace|typechange|Dark|[from] ability: Libero
|-damage|p1a: Jesus|65/100
|move|p1a: Jesus|Hydro Steam|p2a: Cinderace
|-damage|p2a: Cinderace|13/100
|
|-weather|SunnyDay|[upkeep]
|upkeep
|turn|6
|
|t:|1760885423
|move|p2a: Cinderace|Sucker Punch|p1a: Jesus
|-crit|p1a: Jesus
|-damage|p1a: Jesus|11/100
|move|p1a: Jesus|Hydro Steam|p2a: Cinderace
|-damage|p2a: Cinderace|0 fnt
|faint|p2a: Cinderace
|
|-weather|SunnyDay|[upkeep]
|upkeep
|inactive|FruitAtTheBottom has 120 seconds left.
|
|t:|1760885445
|switch|p2a: Dragonite|Dragonite, M|100/100
|turn|7
|
|t:|1760885448
|-end|p1a: Jesus|Protosynthesis|[silent]
|switch|p1a: mid tusk|Great Tusk|100/100
|-activate|p1a: mid tusk|ability: Protosynthesis
|-start|p1a: mid tusk|protosynthesisdef
|move|p2a: Dragonite|Extreme Speed|p1a: mid tusk
|-crit|p1a: mid tusk
|-damage|p1a: mid tusk|81/100
|
|-weather|SunnyDay|[upkeep]
|upkeep
|turn|8
|
|t:|1760885454
|switch|p2a: Clefable|Clefable, M|100/100
|move|p1a: mid tusk|Ice Spinner|p2a: Clefable
|-damage|p2a: Clefable|83/100
|-damage|p1a: mid tusk|64/100|[from] item: Rocky Helmet|[of] p2a: Clefable
|
|-weather|none
|-end|p1a: mid tusk|Protosynthesis
|upkeep
|turn|9
|
|t:|1760885459
|-end|p1a: mid tusk|Protosynthesis|[silent]
|switch|p1a: Ninetales|Ninetales, M|100/100
|-weather|SunnyDay|[from] ability: Drought|[of] p1a: Ninetales
|move|p2a: Clefable|Stealth Rock|p1a: Ninetales
|-sidestart|p1: ur doggo|move: Stealth Rock
|
|-weather|SunnyDay|[upkeep]
|upkeep
|turn|10
|
|t:|1760885470
|switch|p2a: Raging Bolt|Raging Bolt|99/100
|-activate|p2a: Raging Bolt|ability: Protosynthesis
|-start|p2a: Raging Bolt|protosynthesisspa
|move|p1a: Ninetales|Encore||[still]
|-fail|p1a: Ninetales
|
|-weather|SunnyDay|[upkeep]
|upkeep
|turn|11
|
|t:|1760885487
|move|p1a: Ninetales|Healing Wish|p1a: Ninetales
|faint|p1a: Ninetales
|move|p2a: Raging Bolt|Draco Meteor|p1: Ninetales|[notarget]
|-fail|p2a: Raging Bolt
|
|-weather|SunnyDay|[upkeep]
|upkeep
|
|t:|1760885490
|switch|p1a: mid tusk|Great Tusk|64/100
|-heal|p1a: mid tusk|100/100|[from] move: Healing Wish
|-damage|p1a: mid tusk|97/100|[from] Stealth Rock
|-activate|p1a: mid tusk|ability: Protosynthesis
|-start|p1a: mid tusk|protosynthesisdef
|turn|12
|
|t:|1760885496
|-end|p2a: Raging Bolt|Protosynthesis|[silent]
|switch|p2a: Clefable|Clefable, M|83/100
|move|p1a: mid tusk|Rapid Spin|p2a: Clefable
|-damage|p2a: Clefable|72/100
|-boost|p1a: mid tusk|spe|1
|-damage|p1a: mid tusk|81/100|[from] item: Rocky Helmet|[of] p2a: Clefable
|-sideend|p1: ur doggo|Stealth Rock|[from] move: Rapid Spin|[of] p1a: mid tusk
|
|-weather|SunnyDay|[upkeep]
|upkeep
|turn|13
|
|t:|1760885502
|move|p1a: mid tusk|Headlong Rush|p2a: Clefable
|-crit|p2a: Clefable
|-damage|p2a: Clefable|12/100
|-unboost|p1a: mid tusk|def|1
|-unboost|p1a: mid tusk|spd|1
|-damage|p1a: mid tusk|64/100|[from] item: Rocky Helmet|[of] p2a: Clefable
|-enditem|p1a: mid tusk|Eject Pack
|
|t:|1760885505
|-end|p1a: mid tusk|Protosynthesis|[silent]
|switch|p1a: Jesus|Walking Wake|11/100
|-activate|p1a: Jesus|ability: Protosynthesis
|-start|p1a: Jesus|protosynthesisspe
|move|p2a: Clefable|Stealth Rock|p1a: Jesus
|-sidestart|p1: ur doggo|move: Stealth Rock
|
|-weather|SunnyDay|[upkeep]
|upkeep
|turn|14
|
|t:|1760885509
|move|p1a: Jesus|Hydro Steam|p2a: Clefable
|-damage|p2a: Clefable|0 fnt
|faint|p2a: Clefable
|
|-weather|SunnyDay|[upkeep]
|upkeep
|
|t:|1760885536
|switch|p2a: Dragonite|Dragonite, M|100/100
|turn|15
|
|t:|1760885546
|-end|p1a: Jesus|Protosynthesis|[silent]
|switch|p1a: mid tusk|Great Tusk|64/100
|-damage|p1a: mid tusk|61/100|[from] Stealth Rock
|-activate|p1a: mid tusk|ability: Protosynthesis
|-start|p1a: mid tusk|protosynthesisdef
|move|p2a: Dragonite|Extreme Speed|p1a: mid tusk
|-damage|p1a: mid tusk|49/100
|
|-weather|SunnyDay|[upkeep]
|upkeep
|turn|16
|
|t:|1760885559
|move|p2a: Dragonite|Ice Spinner|p1a: mid tusk
|-supereffective|p1a: mid tusk
|-damage|p1a: mid tusk|25/100
|move|p1a: mid tusk|Rapid Spin|p2a: Dragonite
|-damage|p2a: Dragonite|93/100
|-boost|p1a: mid tusk|spe|1
|-sideend|p1: ur doggo|Stealth Rock|[from] move: Rapid Spin|[of] p1a: mid tusk
|
|-weather|none
|-end|p1a: mid tusk|Protosynthesis
|upkeep
|turn|17
|
|t:|1760885575
|-terastallize|p2a: Dragonite|Normal
|move|p1a: mid tusk|Ice Spinner|p2a: Dragonite
|-damage|p2a: Dragonite|65/100
|move|p2a: Dragonite|Ice Spinner|p1a: mid tusk
|-supereffective|p1a: mid tusk
|-damage|p1a: mid tusk|0 fnt
|faint|p1a: mid tusk
|-end|p1a: mid tusk|Protosynthesis|[silent]
|
|upkeep
|
|t:|1760885580
|switch|p1a: high|Typhlosion-Hisui, F|100/100
|-item|p2a: Dragonite|Heavy-Duty Boots|[from] ability: Frisk|[of] p1a: high
|turn|18
|
|t:|1760885587
|switch|p2a: Iron Treads|Iron Treads|100/100
|move|p1a: high|Eruption|p2a: Iron Treads
|-supereffective|p2a: Iron Treads
|-damage|p2a: Iron Treads|0 fnt
|faint|p2a: Iron Treads
|-end|p2a: Iron Treads|Quark Drive|[silent]
|
|upkeep
|
|t:|1760885590
|switch|p2a: Raging Bolt|Raging Bolt|99/100
|turn|19
|
|t:|1760885604
|move|p1a: high|Eruption|p2a: Raging Bolt
|-resisted|p2a: Raging Bolt
|-damage|p2a: Raging Bolt|49/100
|move|p2a: Raging Bolt|Thunderbolt|p1a: high
|-damage|p1a: high|0 fnt
|faint|p1a: high
|
|upkeep
|
|t:|1760885611
|switch|p1a: Slither Wing|Slither Wing|100/100
|turn|20
|
|t:|1760885624
|move|p2a: Raging Bolt|Thunderbolt|p1a: Slither Wing
|-damage|p1a: Slither Wing|54/100
|move|p1a: Slither Wing|U-turn|p2a: Raging Bolt
|-damage|p2a: Raging Bolt|14/100
|
|t:|1760885626
|-end|p1a: Slither Wing|Protosynthesis|[silent]
|switch|p1a: Jesus|Walking Wake|11/100|[from] U-turn
|
|upkeep
|turn|21
|
|t:|1760885631
|move|p1a: Jesus|Dragon Pulse|p2a: Raging Bolt
|-supereffective|p2a: Raging Bolt
|-damage|p2a: Raging Bolt|0 fnt
|faint|p2a: Raging Bolt
|-end|p2a: Raging Bolt|Protosynthesis|[silent]
|
|upkeep
|
|t:|1760885632
|switch|p2a: Tornadus|Tornadus-Therian, M|91/100
|turn|22
|
|t:|1760885635
|move|p2a: Tornadus|Knock Off|p1a: Jesus
|-damage|p1a: Jesus|0 fnt
|-enditem|p1a: Jesus|Assault Vest|[from] move: Knock Off|[of] p2a: Tornadus
|faint|p1a: Jesus
|-end|p1a: Jesus|Protosynthesis|[silent]
|
|upkeep
|
|t:|1760885637
|switch|p1a: Slither Wing|Slither Wing|54/100
|turn|23
|
|t:|1760885642
|-terastallize|p1a: Slither Wing|Fire
|move|p2a: Tornadus|Bleakwind Storm|p1a: Slither Wing
|-crit|p1a: Slither Wing
|-damage|p1a: Slither Wing|11/100
|-unboost|p1a: Slither Wing|spe|1
|move|p1a: Slither Wing|Flare Blitz|p2a: Tornadus
|-damage|p2a: Tornadus|0 fnt
|faint|p2a: Tornadus
|-damage|p1a: Slither Wing|0 fnt|[from] Recoil
|faint|p1a: Slither Wing
|-end|p1a: Slither Wing|Protosynthesis|[silent]
|
|win|FruitAtTheBottom
|raw|ur doggo's rating: 1561 &rarr; <strong>1542</strong><br />(-19 for losing)
|raw|FruitAtTheBottom's rating: 1574 &rarr; <strong>1593</strong><br />(+19 for winning)
|l|☆ur doggo
|player|p1|
|l|☆FruitAtTheBottom
|player|p2|
