|j|☆Mithyk Noob
|j|☆polgo
|t:|1760871726
|gametype|singles
|player|p1|Mithyk Noob|gentleman-gen4|1107
|player|p2|polgo|swimmer-gen4|1130
|gen|9
|tier|[Gen 9] OU
|rated|
|rule|HP Percentage Mod: HP is shown in percentages
|rule|Endless Battle Clause: Forcing endless battles is banned
|rule|Species Clause: Limit one of each Pokémon
|rule|OHKO Clause: OHKO moves are banned
|rule|Evasion Items Clause: Evasion items are banned
|rule|Evasion Moves Clause: Evasion moves are banned
|rule|Evasion Abilities Clause: Evasion abilities are banned
|rule|Sleep Moves Clause: Sleep-inducing moves are banned
|clearpoke
|poke|p1|Ursaring, F|
|poke|p1|Dusknoir, M|
|poke|p1|Cinderace, M|
|poke|p1|Dondozo, M|
|poke|p1|Blissey, F|
|poke|p1|Illumise, F|
|poke|p2|Krookodile, M|
|poke|p2|Ariados, F|
|poke|p2|Scrafty, M|
|poke|p2|Drifblim, F|
|poke|p2|Dewgong, F|
|poke|p2|Magnezone|
|teampreview
|
|t:|1760871736
|teamsize|p1|6
|teamsize|p2|6
|start
|switch|p1a: Illumise|Illumise, F|100/100
|switch|p2a: Krookodile|Krookodile, M, shiny|100/100
|turn|1
|
|t:|1760871740
|move|p2a: Krookodile|Taunt|p1a: Illumise
|-start|p1a: Illumise|move: Taunt
|move|p1a: Illumise|Infestation|p2a: Krookodile
|-supereffective|p2a: Krookodile
|-damage|p2a: Krookodile|88/100
|-activate|p2a: Krookodile|move: Infestation|[of] p1a: Illumise
|-enditem|p2a: Krookodile|Weakness Policy
|-boost|p2a: Krookodile|atk|2|[from] item: Weakness Policy
|-boost|p2a: Krookodile|spa|2|[from] item: Weakness Policy
|
|-damage|p2a: Krookodile|75/100|[from] move: Infestation|[partiallytrapped]
|upkeep
|turn|2
|
|t:|1760871748
|move|p2a: Krookodile|Knock Off|p1a: Illumise
|-damage|p1a: Illumise|32/100
|-enditem|p1a: Illumise|Leftovers|[from] move: Knock Off|[of] p2a: Krookodile
|move|p1a: Illumise|U-turn|p2a: Krookodile
|-supereffective|p2a: Krookodile
|-crit|p2a: Krookodile
|-damage|p2a: Krookodile|34/100
|
|t:|1760871753
|switch|p1a: Dondozo|Dondozo, M|100/100|[from] U-turn
|
|-end|p2a: Krookodile|Infestation|[partiallytrapped]|[silent]
|upkeep
|turn|3
|
|t:|1760871758
|move|p2a: Krookodile|Taunt|p1a: Dondozo
|-start|p1a: Dondozo|move: Taunt
|move|p1a: Dondozo|Body Press|p2a: Krookodile
|-supereffective|p2a: Krookodile
|-damage|p2a: Krookodile|0 fnt
|faint|p2a: Krookodile
|
|upkeep
|
|t:|1760871764
|switch|p2a: Magnezone|Magnezone, shiny|100/100
|turn|4
|
|t:|1760871767
|switch|p1a: Blissey|Blissey, F|100/100
|move|p2a: Magnezone|Thunderbolt|p1a: Blissey
|-damage|p1a: Blissey|79/100
|
|-heal|p1a: Blissey|86/100|[from] item: Leftovers
|upkeep
|turn|5
|
|t:|1760871773
|move|p2a: Magnezone|Volt Switch|p1a: Blissey
|-damage|p1a: Blissey|71/100
|
|t:|1760871778
|switch|p2a: Ariados|Ariados, F, shiny|100/100|[from] Volt Switch
|move|p1a: Blissey|Seismic Toss|p2a: Ariados
|-damage|p2a: Ariados|71/100
|
|-heal|p1a: Blissey|77/100|[from] item: Leftovers
|upkeep
|turn|6
|
|t:|1760871783
|switch|p1a: Cinderace|Cinderace, M|100/100
|move|p2a: Ariados|Sticky Web|p1a: Cinderace
|-sidestart|p1: Mithyk Noob|move: Sticky Web
|
|upkeep
|turn|7
|
|t:|1760871790
|move|p1a: Cinderace|Court Change|p1a: Cinderace
|-start|p1a: Cinderace|typechange|Normal|[from] ability: Libero
|-swapsideconditions
|-activate|p1a: Cinderace|move: Court Change
|move|p2a: Ariados|Toxic Spikes|p1a: Cinderace
|-sidestart|p1: Mithyk Noob|move: Toxic Spikes
|
|upkeep
|turn|8
|
|t:|1760871797
|move|p1a: Cinderace|Pyro Ball|p2a: Ariados
|-supereffective|p2a: Ariados
|-damage|p2a: Ariados|0 fnt
|faint|p2a: Ariados
|
|upkeep
|
|t:|1760871800
|switch|p2a: Scrafty|Scrafty, M, shiny|100/100
|-activate|p2a: Scrafty|move: Sticky Web
|-unboost|p2a: Scrafty|spe|1
|turn|9
|
|t:|1760871804
|move|p1a: Cinderace|High Jump Kick|p2a: Scrafty
|-supereffective|p2a: Scrafty
|-damage|p2a: Scrafty|31/100
|move|p2a: Scrafty|Bulk Up|p2a: Scrafty
|-boost|p2a: Scrafty|atk|1
|-boost|p2a: Scrafty|def|1
|
|-heal|p2a: Scrafty|37/100|[from] item: Leftovers
|upkeep
|turn|10
|
|t:|1760871815
|-terastallize|p2a: Scrafty|Poison
|move|p1a: Cinderace|High Jump Kick|p2a: Scrafty
|-resisted|p2a: Scrafty
|-damage|p2a: Scrafty|26/100
|move|p2a: Scrafty|Bulk Up|p2a: Scrafty
|-boost|p2a: Scrafty|atk|1
|-boost|p2a: Scrafty|def|1
|
|-heal|p2a: Scrafty|32/100|[from] item: Leftovers
|upkeep
|turn|11
|
|t:|1760871819
|move|p1a: Cinderace|Pyro Ball|p2a: Scrafty
|-damage|p2a: Scrafty|15/100
|move|p2a: Scrafty|Drain Punch|p1a: Cinderace
|-supereffective|p1a: Cinderace
|-damage|p1a: Cinderace|0 fnt
|-heal|p2a: Scrafty|60/100|[from] drain|[of] p1a: Cinderace
|faint|p1a: Cinderace
|
|-heal|p2a: Scrafty|66/100|[from] item: Leftovers
|upkeep
|
|t:|1760871836
|switch|p1a: Dusknoir|Dusknoir, M|100/100
|-status|p1a: Dusknoir|psn
|-ability|p1a: Dusknoir|Pressure
|turn|12
|
|t:|1760871848
|move|p1a: Dusknoir|Earthquake|p2a: Scrafty
|-supereffective|p2a: Scrafty
|-damage|p2a: Scrafty|38/100
|move|p2a: Scrafty|Payback|p1a: Dusknoir
|-supereffective|p1a: Dusknoir
|-damage|p1a: Dusknoir|0 fnt
|faint|p1a: Dusknoir
|
|-heal|p2a: Scrafty|44/100|[from] item: Leftovers
|upkeep
|-message|Mithyk Noob forfeited.
|
|win|polgo
|raw|Mithyk Noob's rating: 1107 &rarr; <strong>1084</strong><br />(-23 for losing)
|raw|polgo's rating: 1130 &rarr; <strong>1153</strong><br />(+23 for winning)
|l|☆Mithyk Noob
|player|p1|
|l|☆polgo
|player|p2|
