|j|☆Lokix Deez Nuts
|j|☆YJIOG
|t:|1760850978
|gametype|singles
|player|p1|Lokix Deez Nuts|265|1420
|player|p2|YJIOG|scientist-gen4dp|1441
|gen|9
|tier|[Gen 9] OU
|rated|
|rule|HP Percentage Mod: HP is shown in percentages
|rule|Endless Battle Clause: Forcing endless battles is banned
|rule|Species Clause: Limit one of each Pokémon
|rule|OHKO Clause: OHKO moves are banned
|rule|Evasion Items Clause: Evasion items are banned
|rule|Evasion Moves Clause: Evasion moves are banned
|rule|Evasion Abilities Clause: Evasion abilities are banned
|rule|Sleep Moves Clause: Sleep-inducing moves are banned
|clearpoke
|poke|p1|Ogerpon-Wellspring, F|
|poke|p1|Pelipper, F|
|poke|p1|Great Tusk|
|poke|p1|Hatterene, F|
|poke|p1|Samurott-Hisui, F|
|poke|p1|Gholdengo|
|poke|p2|Electivire, M|
|poke|p2|Alomomola, F|
|poke|p2|Dragapult, F|
|poke|p2|Hydrapple, M|
|poke|p2|Great Tusk|
|poke|p2|Goodra-Hisui, F|
|teampreview
|inactive|Battle timer is ON: inactive players will automatically lose when time's up. (requested by YJIOG)
|
|t:|1760851021
|teamsize|p1|6
|teamsize|p2|6
|start
|switch|p1a: Great Tusk|Great Tusk|100/100
|switch|p2a: Dragapult|Dragapult, F|100/100
|turn|1
|
|t:|1760851040
|-end|p1a: Great Tusk|Protosynthesis|[silent]
|switch|p1a: Gholdengo|Gholdengo|100/100
|move|p2a: Dragapult|Shadow Ball|p1a: Gholdengo
|-supereffective|p1a: Gholdengo
|-crit|p1a: Gholdengo
|-damage|p1a: Gholdengo|0 fnt
|faint|p1a: Gholdengo
|
|upkeep
|
|t:|1760851054
|switch|p1a: Samurott|Samurott-Hisui, F|100/100
|turn|2
|
|t:|1760851059
|switch|p2a: Alomomola|Alomomola, F|100/100
|move|p1a: Samurott|Ceaseless Edge|p2a: Alomomola
|-damage|p2a: Alomomola|81/100
|-sidestart|p2: YJIOG|Spikes
|
|upkeep
|turn|3
|
|t:|1760851067
|move|p1a: Samurott|Flip Turn|p2a: Alomomola
|-resisted|p2a: Alomomola
|-damage|p2a: Alomomola|74/100
|
|t:|1760851069
|switch|p1a: Ogerpon|Ogerpon-Wellspring, F|100/100|[from] Flip Turn
|move|p2a: Alomomola|Body Slam|p1a: Ogerpon
|-damage|p1a: Ogerpon|80/100
|-status|p1a: Ogerpon|par
|
|upkeep
|turn|4
|
|t:|1760851079
|switch|p2a: Hydrapple|Hydrapple, M|100/100
|cant|p1a: Ogerpon|par
|
|upkeep
|turn|5
|
|t:|1760851090
|switch|p1a: Pelipper|Pelipper, F|100/100
|-weather|RainDance|[from] ability: Drizzle|[of] p1a: Pelipper
|move|p2a: Hydrapple|Nasty Plot|p2a: Hydrapple
|-boost|p2a: Hydrapple|spa|2
|
|-weather|RainDance|[upkeep]
|upkeep
|turn|6
|
|t:|1760851102
|switch|p2a: Goodra|Goodra-Hisui, F|100/100
|-damage|p2a: Goodra|88/100|[from] Spikes
|move|p1a: Pelipper|Hurricane|p2a: Goodra
|-resisted|p2a: Goodra
|-damage|p2a: Goodra|73/100
|-start|p2a: Goodra|confusion
|
|-weather|RainDance|[upkeep]
|upkeep
|turn|7
|
|t:|1760851112
|switch|p1a: Ogerpon|Ogerpon-Wellspring, F|80/100 par
|-activate|p2a: Goodra|confusion
|move|p2a: Goodra|Knock Off|p1a: Ogerpon
|-damage|p1a: Ogerpon|56/100 par
|
|-weather|RainDance|[upkeep]
|upkeep
|turn|8
|
|t:|1760851120
|switch|p2a: Hydrapple|Hydrapple, M|100/100
|move|p1a: Ogerpon|Knock Off|p2a: Hydrapple
|-damage|p2a: Hydrapple|80/100
|-enditem|p2a: Hydrapple|Heavy-Duty Boots|[from] move: Knock Off|[of] p1a: Ogerpon
|
|-weather|RainDance|[upkeep]
|upkeep
|turn|9
|
|t:|1760851129
|switch|p1a: Hatterene|Hatterene, F|100/100
|move|p2a: Hydrapple|Giga Drain|p1a: Hatterene
|-damage|p1a: Hatterene|81/100
|-heal|p2a: Hydrapple|88/100|[from] drain|[of] p1a: Hatterene
|
|-weather|none
|upkeep
|turn|10
|
|t:|1760851147
|switch|p2a: Goodra|Goodra-Hisui, F|73/100
|-damage|p2a: Goodra|61/100|[from] Spikes
|move|p1a: Hatterene|Nuzzle|p2a: Goodra
|-resisted|p2a: Goodra
|-damage|p2a: Goodra|59/100
|-status|p2a: Goodra|par
|
|upkeep
|turn|11
|
|t:|1760851156
|switch|p1a: Ogerpon|Ogerpon-Wellspring, F|56/100 par
|move|p2a: Goodra|Knock Off|p1a: Ogerpon
|-damage|p1a: Ogerpon|33/100 par
|
|upkeep
|turn|12
|
|t:|1760851165
|switch|p2a: Hydrapple|Hydrapple, M|100/100
|-damage|p2a: Hydrapple|88/100|[from] Spikes
|move|p1a: Ogerpon|Ivy Cudgel|p2a: Hydrapple|[anim] Ivy Cudgel Water
|-resisted|p2a: Hydrapple
|-crit|p2a: Hydrapple
|-damage|p2a: Hydrapple|75/100
|
|upkeep
|turn|13
|
|t:|1760851174
|switch|p1a: Pelipper|Pelipper, F|100/100
|-weather|RainDance|[from] ability: Drizzle|[of] p1a: Pelipper
|move|p2a: Hydrapple|Giga Drain|p1a: Pelipper
|-damage|p1a: Pelipper|44/100
|-heal|p2a: Hydrapple|93/100|[from] drain|[of] p1a: Pelipper
|
|-weather|RainDance|[upkeep]
|upkeep
|turn|14
|
|t:|1760851184
|switch|p2a: Electivire|Electivire, M|100/100
|-damage|p2a: Electivire|88/100|[from] Spikes
|move|p1a: Pelipper|Hurricane|p2a: Electivire
|-resisted|p2a: Electivire
|-damage|p2a: Electivire|32/100
|-start|p2a: Electivire|confusion
|
|-weather|RainDance|[upkeep]
|upkeep
|turn|15
|
|t:|1760851197
|switch|p2a: Alomomola|Alomomola, F|100/100
|switch|p1a: Great Tusk|Great Tusk|100/100
|
|-weather|RainDance|[upkeep]
|upkeep
|turn|16
|
|t:|1760851205
|-end|p1a: Great Tusk|Protosynthesis|[silent]
|switch|p1a: Ogerpon|Ogerpon-Wellspring, F|33/100 par
|move|p2a: Alomomola|Wish|p2a: Alomomola
|
|-weather|RainDance|[upkeep]
|upkeep
|turn|17
|
|t:|1760851218
|switch|p1a: Great Tusk|Great Tusk|100/100
|switch|p2a: Goodra|Goodra-Hisui, F|59/100 par
|-damage|p2a: Goodra|47/100 par|[from] Spikes
|
|-weather|none
|-heal|p2a: Goodra|100/100 par|[from] move: Wish|[wisher] Alomomola
|upkeep
|turn|18
|
|t:|1760851233
|switch|p2a: Great Tusk|Great Tusk|100/100
|move|p1a: Great Tusk|Stealth Rock|p2a: Great Tusk
|-sidestart|p2: YJIOG|move: Stealth Rock
|
|upkeep
|turn|19
|
|t:|1760851242
|move|p2a: Great Tusk|Rapid Spin|p1a: Great Tusk
|-damage|p1a: Great Tusk|90/100
|-boost|p2a: Great Tusk|spe|1
|-sideend|p2: YJIOG|Spikes|[from] move: Rapid Spin|[of] p2a: Great Tusk
|-sideend|p2: YJIOG|Stealth Rock|[from] move: Rapid Spin|[of] p2a: Great Tusk
|move|p1a: Great Tusk|Ice Spinner|p2a: Great Tusk
|-supereffective|p2a: Great Tusk
|-damage|p2a: Great Tusk|65/100
|
|upkeep
|turn|20
|
|t:|1760851253
|move|p2a: Great Tusk|Stealth Rock|p1a: Great Tusk
|-sidestart|p1: Lokix Deez Nuts|move: Stealth Rock
|move|p1a: Great Tusk|Ice Spinner|p2a: Great Tusk
|-supereffective|p2a: Great Tusk
|-damage|p2a: Great Tusk|31/100
|
|upkeep
|turn|21
|
|t:|1760851264
|-end|p2a: Great Tusk|Protosynthesis|[silent]
|switch|p2a: Alomomola|Alomomola, F|100/100
|move|p1a: Great Tusk|Rapid Spin|p2a: Alomomola
|-damage|p2a: Alomomola|91/100
|-boost|p1a: Great Tusk|spe|1
|-sideend|p1: Lokix Deez Nuts|Stealth Rock|[from] move: Rapid Spin|[of] p1a: Great Tusk
|
|upkeep
|turn|22
|
|t:|1760851277
|-end|p1a: Great Tusk|Protosynthesis|[silent]
|switch|p1a: Pelipper|Pelipper, F|44/100
|-weather|RainDance|[from] ability: Drizzle|[of] p1a: Pelipper
|move|p2a: Alomomola|Wish|p2a: Alomomola
|
|-weather|RainDance|[upkeep]
|upkeep
|turn|23
|
|t:|1760851286
|switch|p2a: Goodra|Goodra-Hisui, F|100/100 par
|move|p1a: Pelipper|Hurricane|p2a: Goodra
|-resisted|p2a: Goodra
|-damage|p2a: Goodra|87/100 par
|
|-weather|RainDance|[upkeep]
|-heal|p2a: Goodra|100/100 par|[from] move: Wish|[wisher] Alomomola
|upkeep
|turn|24
|
|t:|1760851296
|switch|p1a: Ogerpon|Ogerpon-Wellspring, F|33/100 par
|move|p2a: Goodra|Flash Cannon|p1a: Ogerpon
|-resisted|p1a: Ogerpon
|-crit|p1a: Ogerpon
|-damage|p1a: Ogerpon|7/100 par
|
|-weather|RainDance|[upkeep]
|upkeep
|turn|25
|
|t:|1760851304
|switch|p2a: Hydrapple|Hydrapple, M|100/100
|move|p1a: Ogerpon|Knock Off|p2a: Hydrapple
|-damage|p2a: Hydrapple|86/100
|
|-weather|RainDance|[upkeep]
|upkeep
|turn|26
|
|t:|1760851313
|switch|p1a: Hatterene|Hatterene, F|81/100
|move|p2a: Hydrapple|Giga Drain|p1a: Hatterene
|-damage|p1a: Hatterene|63/100
|-heal|p2a: Hydrapple|93/100|[from] drain|[of] p1a: Hatterene
|
|-weather|none
|upkeep
|turn|27
|
|t:|1760851322
|switch|p2a: Goodra|Goodra-Hisui, F|100/100 par
|move|p1a: Hatterene|Draining Kiss|p2a: Goodra
|-damage|p2a: Goodra|91/100 par
|-heal|p1a: Hatterene|71/100|[from] drain|[of] p2a: Goodra
|
|upkeep
|turn|28
|
|t:|1760851329
|switch|p1a: Ogerpon|Ogerpon-Wellspring, F|7/100 par
|cant|p2a: Goodra|par
|
|upkeep
|turn|29
|
|t:|1760851336
|switch|p1a: Great Tusk|Great Tusk|90/100
|switch|p2a: Hydrapple|Hydrapple, M|100/100
|
|upkeep
|turn|30
|
|t:|1760851344
|-terastallize|p1a: Great Tusk|Steel
|move|p1a: Great Tusk|Ice Spinner|p2a: Hydrapple
|-supereffective|p2a: Hydrapple
|-damage|p2a: Hydrapple|47/100
|move|p2a: Hydrapple|Giga Drain|p1a: Great Tusk
|-resisted|p1a: Great Tusk
|-damage|p1a: Great Tusk|72/100
|-heal|p2a: Hydrapple|56/100|[from] drain|[of] p1a: Great Tusk
|
|upkeep
|turn|31
|
|t:|1760851355
|switch|p2a: Alomomola|Alomomola, F|100/100
|move|p1a: Great Tusk|Stealth Rock|p2a: Alomomola
|-sidestart|p2: YJIOG|move: Stealth Rock
|
|upkeep
|turn|32
|
|t:|1760851367
|-end|p1a: Great Tusk|Protosynthesis|[silent]
|switch|p1a: Samurott|Samurott-Hisui, F|100/100
|move|p2a: Alomomola|Wish|p2a: Alomomola
|
|upkeep
|turn|33
|
|t:|1760851376
|move|p1a: Samurott|Flip Turn|p2a: Alomomola
|-resisted|p2a: Alomomola
|-damage|p2a: Alomomola|94/100
|
|t:|1760851378
|switch|p1a: Ogerpon|Ogerpon-Wellspring, F|7/100 par|[from] Flip Turn
|move|p2a: Alomomola|Flip Turn|p1a: Ogerpon
|-heal|p1a: Ogerpon|32/100 par|[from] ability: Water Absorb|[of] p2a: Alomomola
|
|-heal|p2a: Alomomola|100/100|[from] move: Wish|[wisher] Alomomola
|upkeep
|turn|34
|
|t:|1760851391
|switch|p1a: Great Tusk|Great Tusk, tera:Steel|72/100
|switch|p2a: Hydrapple|Hydrapple, M|89/100
|-damage|p2a: Hydrapple|77/100|[from] Stealth Rock
|
|upkeep
|turn|35
|
|t:|1760851399
|switch|p2a: Alomomola|Alomomola, F|100/100
|move|p1a: Great Tusk|Headlong Rush|p2a: Alomomola
|-damage|p2a: Alomomola|71/100
|-unboost|p1a: Great Tusk|def|1
|-unboost|p1a: Great Tusk|spd|1
|
|upkeep
|turn|36
|
|t:|1760851413
|-end|p1a: Great Tusk|Protosynthesis|[silent]
|switch|p1a: Samurott|Samurott-Hisui, F|100/100
|move|p2a: Alomomola|Wish|p2a: Alomomola
|
|upkeep
|turn|37
|
|t:|1760851419
|move|p1a: Samurott|Ceaseless Edge|p2a: Alomomola
|-damage|p2a: Alomomola|50/100
|-sidestart|p2: YJIOG|Spikes
|move|p2a: Alomomola|Flip Turn|p1a: Samurott
|-resisted|p1a: Samurott
|-damage|p1a: Samurott|92/100
|
|t:|1760851426
|switch|p2a: Great Tusk|Great Tusk|31/100|[from] Flip Turn
|
|-heal|p2a: Great Tusk|100/100|[from] move: Wish|[wisher] Alomomola
|upkeep
|turn|38
|
|t:|1760851433
|move|p2a: Great Tusk|Rapid Spin|p1a: Samurott
|-damage|p1a: Samurott|73/100
|-boost|p2a: Great Tusk|spe|1
|-sideend|p2: YJIOG|Spikes|[from] move: Rapid Spin|[of] p2a: Great Tusk
|-sideend|p2: YJIOG|Stealth Rock|[from] move: Rapid Spin|[of] p2a: Great Tusk
|move|p1a: Samurott|Razor Shell|p2a: Great Tusk
|-supereffective|p2a: Great Tusk
|-damage|p2a: Great Tusk|34/100
|-unboost|p2a: Great Tusk|def|1
|
|upkeep
|turn|39
|
|t:|1760851446
|-end|p2a: Great Tusk|Protosynthesis|[silent]
|switch|p2a: Hydrapple|Hydrapple, M|100/100
|move|p1a: Samurott|Ceaseless Edge|p2a: Hydrapple
|-damage|p2a: Hydrapple|78/100
|-sidestart|p2: YJIOG|Spikes
|
|upkeep
|turn|40
|
|t:|1760851458
|move|p1a: Samurott|Flip Turn|p2a: Hydrapple
|-resisted|p2a: Hydrapple
|-damage|p2a: Hydrapple|74/100
|
|t:|1760851465
|switch|p1a: Hatterene|Hatterene, F|71/100|[from] Flip Turn
|move|p2a: Hydrapple|Giga Drain|p1a: Hatterene
|-damage|p1a: Hatterene|54/100
|-heal|p2a: Hydrapple|81/100|[from] drain|[of] p1a: Hatterene
|
|upkeep
|turn|41
|
|t:|1760851478
|switch|p2a: Goodra|Goodra-Hisui, F|91/100 par
|-damage|p2a: Goodra|79/100 par|[from] Spikes
|move|p1a: Hatterene|Draining Kiss|p2a: Goodra
|-damage|p2a: Goodra|69/100 par
|-heal|p1a: Hatterene|63/100|[from] drain|[of] p2a: Goodra
|
|upkeep
|turn|42
|
|t:|1760851489
|switch|p1a: Samurott|Samurott-Hisui, F|73/100
|move|p2a: Goodra|Knock Off|p1a: Samurott
|-resisted|p1a: Samurott
|-damage|p1a: Samurott|59/100
|-enditem|p1a: Samurott|Assault Vest|[from] move: Knock Off|[of] p2a: Goodra
|
|upkeep
|turn|43
|
|t:|1760851499
|switch|p2a: Alomomola|Alomomola, F|83/100
|move|p1a: Samurott|Flip Turn|p2a: Alomomola
|-resisted|p2a: Alomomola
|-damage|p2a: Alomomola|77/100
|
|t:|1760851504
|switch|p1a: Ogerpon|Ogerpon-Wellspring, F|32/100 par|[from] Flip Turn
|
|upkeep
|turn|44
|
|t:|1760851519
|switch|p1a: Pelipper|Pelipper, F|44/100
|-weather|RainDance|[from] ability: Drizzle|[of] p1a: Pelipper
|switch|p2a: Hydrapple|Hydrapple, M|100/100
|-damage|p2a: Hydrapple|88/100|[from] Spikes
|
|-weather|RainDance|[upkeep]
|upkeep
|turn|45
|
|t:|1760851529
|switch|p2a: Goodra|Goodra-Hisui, F|69/100 par
|-damage|p2a: Goodra|57/100 par|[from] Spikes
|move|p1a: Pelipper|Hurricane|p2a: Goodra
|-resisted|p2a: Goodra
|-damage|p2a: Goodra|43/100 par
|
|-weather|RainDance|[upkeep]
|upkeep
|turn|46
|
|t:|1760851546
|switch|p1a: Samurott|Samurott-Hisui, F|59/100
|move|p2a: Goodra|Draco Meteor|p1a: Samurott
|-damage|p1a: Samurott|15/100
|-unboost|p2a: Goodra|spa|2
|
|-weather|RainDance|[upkeep]
|upkeep
|turn|47
|
|t:|1760851555
|switch|p2a: Alomomola|Alomomola, F|100/100
|move|p1a: Samurott|Ceaseless Edge|p2a: Alomomola
|-damage|p2a: Alomomola|78/100
|-sidestart|p2: YJIOG|Spikes
|
|-weather|RainDance|[upkeep]
|upkeep
|turn|48
|
|t:|1760851563
|move|p1a: Samurott|Ceaseless Edge|p2a: Alomomola
|-damage|p2a: Alomomola|57/100
|-sidestart|p2: YJIOG|Spikes
|move|p2a: Alomomola|Body Slam|p1a: Samurott
|-damage|p1a: Samurott|0 fnt
|faint|p1a: Samurott
|
|-weather|none
|upkeep
|
|t:|1760851577
|switch|p1a: Pelipper|Pelipper, F|44/100
|-weather|RainDance|[from] ability: Drizzle|[of] p1a: Pelipper
|turn|49
|
|t:|1760851583
|switch|p2a: Electivire|Electivire, M|32/100
|-damage|p2a: Electivire|7/100|[from] Spikes
|move|p1a: Pelipper|Hurricane|p2a: Electivire
|-resisted|p2a: Electivire
|-damage|p2a: Electivire|0 fnt
|faint|p2a: Electivire
|
|-weather|RainDance|[upkeep]
|upkeep
|
|t:|1760851594
|switch|p2a: Dragapult|Dragapult, F|100/100
|-damage|p2a: Dragapult|76/100|[from] Spikes
|turn|50
|
|t:|1760851602
|switch|p1a: Ogerpon|Ogerpon-Wellspring, F|32/100 par
|move|p2a: Dragapult|Shadow Ball|p1a: Ogerpon
|-damage|p1a: Ogerpon|0 fnt
|faint|p1a: Ogerpon
|
|-weather|RainDance|[upkeep]
|upkeep
|
|t:|1760851610
|switch|p1a: Great Tusk|Great Tusk, tera:Steel|72/100
|turn|51
|
|t:|1760851617
|switch|p2a: Alomomola|Alomomola, F|91/100
|move|p1a: Great Tusk|Ice Spinner|p2a: Alomomola
|-resisted|p2a: Alomomola
|-crit|p2a: Alomomola
|-damage|p2a: Alomomola|80/100
|
|-weather|RainDance|[upkeep]
|upkeep
|turn|52
|
|t:|1760851629
|-end|p1a: Great Tusk|Protosynthesis|[silent]
|switch|p1a: Hatterene|Hatterene, F|63/100
|move|p2a: Alomomola|Wish|p2a: Alomomola
|
|-weather|RainDance|[upkeep]
|upkeep
|turn|53
|
|t:|1760851638
|move|p2a: Alomomola|Flip Turn|p1a: Hatterene
|-damage|p1a: Hatterene|34/100
|
|t:|1760851641
|switch|p2a: Goodra|Goodra-Hisui, F|43/100 par|[from] Flip Turn
|-damage|p2a: Goodra|18/100 par|[from] Spikes
|move|p1a: Hatterene|Psychic Noise|p2a: Goodra
|-resisted|p2a: Goodra
|-damage|p2a: Goodra|11/100 par
|-start|p2a: Goodra|move: Heal Block
|
|-weather|none
|upkeep
|turn|54
|
|t:|1760851653
|move|p1a: Hatterene|Mystical Fire|p2a: Goodra
|-damage|p2a: Goodra|2/100 par
|-unboost|p2a: Goodra|spa|1
|move|p2a: Goodra|Flash Cannon|p1a: Hatterene
|-supereffective|p1a: Hatterene
|-damage|p1a: Hatterene|12/100
|
|-end|p2a: Goodra|move: Heal Block
|upkeep
|turn|55
|
|t:|1760851663
|switch|p2a: Alomomola|Alomomola, F|100/100
|move|p1a: Hatterene|Psychic Noise|p2a: Alomomola
|-damage|p2a: Alomomola|56/100
|-start|p2a: Alomomola|move: Heal Block
|
|upkeep
|turn|56
|
|t:|1760851683
|move|p2a: Alomomola|Flip Turn|p1a: Hatterene
|-damage|p1a: Hatterene|0 fnt
|faint|p1a: Hatterene
|
|t:|1760851691
|switch|p2a: Great Tusk|Great Tusk|34/100|[from] Flip Turn
|
|upkeep
|
|t:|1760851702
|switch|p1a: Great Tusk|Great Tusk, tera:Steel|72/100
|turn|57
|
|t:|1760851711
|-terastallize|p2a: Great Tusk|Steel
|move|p2a: Great Tusk|Rapid Spin|p1a: Great Tusk
|-resisted|p1a: Great Tusk
|-damage|p1a: Great Tusk|66/100
|-boost|p2a: Great Tusk|spe|1
|-sideend|p2: YJIOG|Spikes|[from] move: Rapid Spin|[of] p2a: Great Tusk
|move|p1a: Great Tusk|Rapid Spin|p2a: Great Tusk
|-resisted|p2a: Great Tusk
|-damage|p2a: Great Tusk|28/100
|-boost|p1a: Great Tusk|spe|1
|
|upkeep
|turn|58
|
|t:|1760851726
|-end|p2a: Great Tusk|Protosynthesis|[silent]
|switch|p2a: Alomomola|Alomomola, F|90/100
|move|p1a: Great Tusk|Rapid Spin|p2a: Alomomola
|-damage|p2a: Alomomola|81/100
|-boost|p1a: Great Tusk|spe|1
|
|upkeep
|turn|59
|
|t:|1760851736
|move|p1a: Great Tusk|Headlong Rush|p2a: Alomomola
|-damage|p2a: Alomomola|49/100
|-unboost|p1a: Great Tusk|def|1
|-unboost|p1a: Great Tusk|spd|1
|move|p2a: Alomomola|Flip Turn|p1a: Great Tusk
|-damage|p1a: Great Tusk|51/100
|
|t:|1760851746
|switch|p2a: Hydrapple|Hydrapple, M|100/100|[from] Flip Turn
|
|upkeep
|turn|60
|
|t:|1760851752
|switch|p2a: Dragapult|Dragapult, F|76/100
|move|p1a: Great Tusk|Ice Spinner|p2a: Dragapult
|-supereffective|p2a: Dragapult
|-damage|p2a: Dragapult|11/100
|
|upkeep
|turn|61
|
|t:|1760851760
|switch|p2a: Alomomola|Alomomola, F|82/100
|move|p1a: Great Tusk|Headlong Rush|p2a: Alomomola
|-damage|p2a: Alomomola|54/100
|-unboost|p1a: Great Tusk|def|1
|-unboost|p1a: Great Tusk|spd|1
|
|upkeep
|turn|62
|
|t:|1760851768
|move|p1a: Great Tusk|Headlong Rush|p2a: Alomomola
|-damage|p2a: Alomomola|26/100
|-unboost|p1a: Great Tusk|def|1
|-unboost|p1a: Great Tusk|spd|1
|move|p2a: Alomomola|Wish|p2a: Alomomola
|
|upkeep
|turn|63
|
|t:|1760851777
|-end|p1a: Great Tusk|Protosynthesis|[silent]
|switch|p1a: Pelipper|Pelipper, F|44/100
|-weather|RainDance|[from] ability: Drizzle|[of] p1a: Pelipper
|switch|p2a: Hydrapple|Hydrapple, M|100/100
|
|-weather|RainDance|[upkeep]
|upkeep
|turn|64
|
|t:|1760851788
|switch|p2a: Goodra|Goodra-Hisui, F|2/100 par
|move|p1a: Pelipper|Hurricane|p2a: Goodra
|-resisted|p2a: Goodra
|-damage|p2a: Goodra|0 fnt
|faint|p2a: Goodra
|
|-weather|RainDance|[upkeep]
|upkeep
|
|t:|1760851797
|switch|p2a: Dragapult|Dragapult, F|11/100
|turn|65
|
|t:|1760851801
|move|p2a: Dragapult|Shadow Ball|p1a: Pelipper
|-damage|p1a: Pelipper|0 fnt
|faint|p1a: Pelipper
|
|-weather|RainDance|[upkeep]
|upkeep
|
|t:|1760851804
|switch|p1a: Great Tusk|Great Tusk, tera:Steel|51/100
|turn|66
|
|t:|1760851809
|move|p2a: Dragapult|Shadow Ball|p1a: Great Tusk
|-damage|p1a: Great Tusk|0 fnt
|faint|p1a: Great Tusk
|-end|p1a: Great Tusk|Protosynthesis|[silent]
|
|win|YJIOG
|raw|Lokix Deez Nuts's rating: 1420 &rarr; <strong>1401</strong><br />(-19 for losing)
|raw|YJIOG's rating: 1441 &rarr; <strong>1460</strong><br />(+19 for winning)
|l|☆Lokix Deez Nuts
|player|p1|
|l|☆YJIOG
|player|p2|
