|j|☆spudcutter
|j|‽bepic223
|t:|1760794974
|gametype|singles
|player|p1|spudcutter|ghetsis-gen5bw|1692
|player|p2|bepic223|veteranf|1723
|gen|9
|tier|[Gen 9] OU
|rated|
|rule|HP Percentage Mod: HP is shown in percentages
|rule|Endless Battle Clause: Forcing endless battles is banned
|rule|Species Clause: Limit one of each Pokémon
|rule|OHKO Clause: OHKO moves are banned
|rule|Evasion Items Clause: Evasion items are banned
|rule|Evasion Moves Clause: Evasion moves are banned
|rule|Evasion Abilities Clause: Evasion abilities are banned
|rule|Sleep Moves Clause: Sleep-inducing moves are banned
|clearpoke
|poke|p1|Kingambit, F|
|poke|p1|Dragapult, M|
|poke|p1|Great Tusk|
|poke|p1|Slowking-Galar, M|
|poke|p1|Darkrai|
|poke|p1|Dondozo, F|
|poke|p2|Darkrai|
|poke|p2|Ogerpon-Wellspring, F|
|poke|p2|Hatterene, F|
|poke|p2|Landorus-Therian, M|
|poke|p2|Kingambit, F|
|poke|p2|Slowking-Galar, M|
|teampreview
|inactive|Battle timer is ON: inactive players will automatically lose when time's up. (requested by bepic223)
|inactive|spudcutter also wants the timer to be on.
|inactive|spudcutter has 120 seconds left.
|
|t:|1760795034
|teamsize|p1|6
|teamsize|p2|6
|start
|switch|p1a: Slowking|Slowking-Galar, M|100/100
|switch|p2a: Landorus|Landorus-Therian, M|100/100
|-ability|p2a: Landorus|Intimidate|boost
|-unboost|p1a: Slowking|atk|1
|turn|1
|
|t:|1760795044
|switch|p1a: Great Tusk|Great Tusk|100/100
|move|p2a: Landorus|U-turn|p1a: Great Tusk
|-resisted|p1a: Great Tusk
|-damage|p1a: Great Tusk|92/100
|
|t:|1760795049
|switch|p2a: Ogerpon|Ogerpon-Wellspring, F|100/100|[from] U-turn
|
|-heal|p1a: Great Tusk|99/100|[from] item: Leftovers
|upkeep
|turn|2
|
|t:|1760795077
|-end|p1a: Great Tusk|Protosynthesis|[silent]
|switch|p1a: Dragapult|Dragapult, M|100/100
|move|p2a: Ogerpon|Ivy Cudgel|p1a: Dragapult|[anim] Ivy Cudgel Water
|-resisted|p1a: Dragapult
|-damage|p1a: Dragapult|56/100
|
|upkeep
|turn|3
|
|t:|1760795085
|switch|p2a: Hatterene|Hatterene, F|100/100
|move|p1a: Dragapult|U-turn|p2a: Hatterene
|-damage|p2a: Hatterene|79/100
|-damage|p1a: Dragapult|40/100|[from] item: Rocky Helmet|[of] p2a: Hatterene
|inactive|spudcutter has 120 seconds left.
|
|t:|1760795118
|switch|p1a: Darkrai|Darkrai|100/100|[from] U-turn
|
|upkeep
|turn|4
|
|t:|1760795130
|switch|p2a: Kingambit|Kingambit, F|100/100
|move|p1a: Darkrai|Substitute|p1a: Darkrai
|-start|p1a: Darkrai|Substitute
|-damage|p1a: Darkrai|76/100
|
|-heal|p1a: Darkrai|82/100|[from] item: Leftovers
|upkeep
|turn|5
|inactive|spudcutter has 120 seconds left.
|inactive|bepic223 has 120 seconds left.
|
|t:|1760795164
|-end|p2a: Kingambit|fallenundefined|[silent]
|switch|p2a: Hatterene|Hatterene, F|79/100
|move|p1a: Darkrai|Dark Pulse|p2a: Hatterene
|-damage|p2a: Hatterene|38/100
|
|-heal|p1a: Darkrai|88/100|[from] item: Leftovers
|upkeep
|turn|6
|
|t:|1760795171
|switch|p2a: Kingambit|Kingambit, F|100/100
|move|p1a: Darkrai|Nasty Plot|p1a: Darkrai
|-boost|p1a: Darkrai|spa|2
|
|-heal|p1a: Darkrai|94/100|[from] item: Leftovers
|upkeep
|turn|7
|
|t:|1760795175
|move|p1a: Darkrai|Dark Pulse|p2a: Kingambit
|-resisted|p2a: Kingambit
|-damage|p2a: Kingambit|60/100
|move|p2a: Kingambit|Low Kick|p1a: Darkrai
|-supereffective|p1a: Darkrai
|-end|p1a: Darkrai|Substitute
|
|-heal|p1a: Darkrai|99/100|[from] item: Leftovers
|-heal|p2a: Kingambit|67/100|[from] item: Leftovers
|upkeep
|turn|8
|
|t:|1760795184
|-terastallize|p1a: Darkrai|Poison
|move|p1a: Darkrai|Dark Pulse|p2a: Kingambit
|-resisted|p2a: Kingambit
|-damage|p2a: Kingambit|25/100
|move|p2a: Kingambit|Iron Head|p1a: Darkrai
|-damage|p1a: Darkrai|36/100
|
|-heal|p1a: Darkrai|42/100|[from] item: Leftovers
|-heal|p2a: Kingambit|31/100|[from] item: Leftovers
|upkeep
|turn|9
|
|t:|1760795204
|move|p1a: Darkrai|Dark Pulse|p2a: Kingambit
|-resisted|p2a: Kingambit
|-damage|p2a: Kingambit|0 fnt
|faint|p2a: Kingambit
|-end|p2a: Kingambit|fallenundefined|[silent]
|
|-heal|p1a: Darkrai|48/100|[from] item: Leftovers
|upkeep
|
|t:|1760795207
|switch|p2a: Darkrai|Darkrai|100/100
|turn|10
|inactive|spudcutter has 120 seconds left.
|
|t:|1760795250
|move|p2a: Darkrai|Dark Pulse|p1a: Darkrai
|-damage|p1a: Darkrai|0 fnt
|faint|p1a: Darkrai
|
|upkeep
|
|t:|1760795254
|switch|p1a: Kingambit|Kingambit, F|100/100
|turn|11
|
|t:|1760795260
|switch|p2a: Landorus|Landorus-Therian, M|100/100
|-ability|p2a: Landorus|Intimidate|boost
|-unboost|p1a: Kingambit|atk|1
|-ability|p1a: Kingambit|Defiant|boost
|-boost|p1a: Kingambit|atk|2
|move|p1a: Kingambit|Iron Head|p2a: Landorus
|-damage|p2a: Landorus|27/100
|-damage|p1a: Kingambit|84/100|[from] item: Rocky Helmet|[of] p2a: Landorus
|
|-heal|p1a: Kingambit|90/100|[from] item: Leftovers
|upkeep
|turn|12
|
|t:|1760795264
|move|p2a: Landorus|Stealth Rock|p1a: Kingambit
|-sidestart|p1: spudcutter|move: Stealth Rock
|move|p1a: Kingambit|Kowtow Cleave|p2a: Landorus
|-damage|p2a: Landorus|0 fnt
|-damage|p1a: Kingambit|74/100|[from] item: Rocky Helmet|[of] p2a: Landorus
|faint|p2a: Landorus
|
|-heal|p1a: Kingambit|80/100|[from] item: Leftovers
|upkeep
|
|t:|1760795268
|switch|p2a: Ogerpon|Ogerpon-Wellspring, F|100/100
|turn|13
|
|t:|1760795272
|move|p2a: Ogerpon|Ivy Cudgel|p1a: Kingambit|[anim] Ivy Cudgel Water
|-damage|p1a: Kingambit|39/100
|move|p1a: Kingambit|Kowtow Cleave|p2a: Ogerpon
|-damage|p2a: Ogerpon|0 fnt
|faint|p2a: Ogerpon
|
|-heal|p1a: Kingambit|45/100|[from] item: Leftovers
|upkeep
|
|t:|1760795279
|switch|p2a: Darkrai|Darkrai|100/100
|turn|14
|
|t:|1760795280
|move|p2a: Darkrai|Dark Pulse|p1a: Kingambit
|-resisted|p1a: Kingambit
|-damage|p1a: Kingambit|13/100
|cant|p1a: Kingambit|flinch
|
|-heal|p1a: Kingambit|20/100|[from] item: Leftovers
|upkeep
|turn|15
|
|t:|1760795283
|move|p1a: Kingambit|Sucker Punch|p2a: Darkrai
|-resisted|p2a: Darkrai
|-damage|p2a: Darkrai|57/100
|move|p2a: Darkrai|Dark Pulse|p1a: Kingambit
|-resisted|p1a: Kingambit
|-damage|p1a: Kingambit|0 fnt
|faint|p1a: Kingambit
|
|upkeep
|
|t:|1760795286
|switch|p1a: Great Tusk|Great Tusk|99/100
|-damage|p1a: Great Tusk|96/100|[from] Stealth Rock
|turn|16
|
|t:|1760795293
|switch|p2a: Hatterene|Hatterene, F|38/100
|move|p1a: Great Tusk|Rapid Spin|p2a: Hatterene
|-damage|p2a: Hatterene|22/100
|-boost|p1a: Great Tusk|spe|1
|-damage|p1a: Great Tusk|79/100|[from] item: Rocky Helmet|[of] p2a: Hatterene
|-sideend|p1: spudcutter|Stealth Rock|[from] move: Rapid Spin|[of] p1a: Great Tusk
|
|-heal|p1a: Great Tusk|85/100|[from] item: Leftovers
|upkeep
|turn|17
|
|t:|1760795296
|move|p1a: Great Tusk|Headlong Rush|p2a: Hatterene
|-damage|p2a: Hatterene|0 fnt
|-unboost|p1a: Great Tusk|def|1
|-unboost|p1a: Great Tusk|spd|1
|-damage|p1a: Great Tusk|69/100|[from] item: Rocky Helmet|[of] p2a: Hatterene
|faint|p2a: Hatterene
|
|-heal|p1a: Great Tusk|75/100|[from] item: Leftovers
|upkeep
|
|t:|1760795300
|switch|p2a: Slowking|Slowking-Galar, M|100/100
|turn|18
|
|t:|1760795303
|-end|p1a: Great Tusk|Protosynthesis|[silent]
|switch|p1a: Slowking|Slowking-Galar, M|100/100
|-terastallize|p2a: Slowking|Water
|move|p2a: Slowking|Ice Beam|p1a: Slowking
|-damage|p1a: Slowking|86/100
|
|upkeep
|turn|19
|
|t:|1760795306
|switch|p2a: Darkrai|Darkrai|57/100
|move|p1a: Slowking|Sludge Bomb|p2a: Darkrai
|-damage|p2a: Darkrai|0 fnt
|faint|p2a: Darkrai
|
|upkeep
|-message|bepic223 forfeited.
|
|win|spudcutter
|raw|spudcutter's rating: 1692 &rarr; <strong>1714</strong><br />(+22 for winning)
|raw|bepic223's rating: 1723 &rarr; <strong>1701</strong><br />(-22 for losing)
|l|☆spudcutter
|player|p1|
|l|‽bepic223
|player|p2|
