|j|☆HZBKAI2
|j|☆Dream54301
|t:|1760728448
|gametype|singles
|player|p1|HZBKAI2|101|1132
|player|p2|Dream54301|lusamine-nihilego|1177
|gen|9
|tier|[Gen 9] OU
|rated|
|rule|HP Percentage Mod: HP is shown in percentages
|rule|Endless Battle Clause: Forcing endless battles is banned
|rule|Species Clause: Limit one of each Pokémon
|rule|OHKO Clause: OHKO moves are banned
|rule|Evasion Items Clause: Evasion items are banned
|rule|Evasion Moves Clause: Evasion moves are banned
|rule|Evasion Abilities Clause: Evasion abilities are banned
|rule|Sleep Moves Clause: Sleep-inducing moves are banned
|clearpoke
|poke|p1|Latias, F|
|poke|p1|Ceruledge, F|
|poke|p1|Iron Valiant|
|poke|p1|Moltres-Galar|
|poke|p1|Glimmora, M|
|poke|p1|Scizor, F|
|poke|p2|Lapras, F|
|poke|p2|Rotom-Heat|
|poke|p2|Breloom, M|
|poke|p2|Gliscor, M|
|poke|p2|Mandibuzz, F|
|poke|p2|Magnezone|
|teampreview
|
|t:|1760728457
|teamsize|p1|6
|teamsize|p2|6
|start
|switch|p1a: Latias|Latias, F|100/100
|switch|p2a: Magnezone|Magnezone|100/100
|-item|p2a: Magnezone|Air Balloon
|turn|1
|
|t:|1760728463
|move|p1a: Latias|Aura Sphere|p2a: Magnezone
|-supereffective|p2a: Magnezone
|-damage|p2a: Magnezone|56/100
|-enditem|p2a: Magnezone|Air Balloon
|move|p2a: Magnezone|Volt Switch|p1a: Latias
|-resisted|p1a: Latias
|-damage|p1a: Latias|90/100
|
|t:|1760728471
|switch|p2a: Lapras|Lapras, F|100/100|[from] Volt Switch
|
|upkeep
|turn|2
|
|t:|1760728476
|move|p1a: Latias|Aura Sphere|p2a: Lapras
|-supereffective|p2a: Lapras
|-damage|p2a: Lapras|69/100
|move|p2a: Lapras|Freeze-Dry|p1a: Latias
|-supereffective|p1a: Latias
|-damage|p1a: Latias|43/100
|-enditem|p1a: Latias|Weakness Policy
|-boost|p1a: Latias|atk|2|[from] item: Weakness Policy
|-boost|p1a: Latias|spa|2|[from] item: Weakness Policy
|
|-heal|p2a: Lapras|75/100|[from] item: Leftovers
|upkeep
|turn|3
|
|t:|1760728482
|move|p1a: Latias|Aura Sphere|p2a: Lapras
|-supereffective|p2a: Lapras
|-damage|p2a: Lapras|17/100
|move|p2a: Lapras|Freeze-Dry|p1a: Latias
|-supereffective|p1a: Latias
|-damage|p1a: Latias|0 fnt
|faint|p1a: Latias
|
|-heal|p2a: Lapras|23/100|[from] item: Leftovers
|upkeep
|
|t:|1760728482
|switch|p1a: Glimmora|Glimmora, M|100/100
|turn|4
|
|t:|1760728496
|move|p1a: Glimmora|Meteor Beam||[still]
|-prepare|p1a: Glimmora|Meteor Beam
|-boost|p1a: Glimmora|spa|1
|-enditem|p1a: Glimmora|Power Herb
|-anim|p1a: Glimmora|Meteor Beam|p2a: Lapras
|-supereffective|p2a: Lapras
|-damage|p2a: Lapras|0 fnt
|faint|p2a: Lapras
|
|upkeep
|
|t:|1760728500
|switch|p2a: Magnezone|Magnezone|56/100
|turn|5
|
|t:|1760728502
|move|p1a: Glimmora|Earth Power|p2a: Magnezone
|-supereffective|p2a: Magnezone
|-damage|p2a: Magnezone|0 fnt
|faint|p2a: Magnezone
|
|upkeep
|
|t:|1760728507
|switch|p2a: Gliscor|Gliscor, M|100/100
|turn|6
|
|t:|1760728509
|move|p2a: Gliscor|Earthquake|p1a: Glimmora
|-supereffective|p1a: Glimmora
|-damage|p1a: Glimmora|0 fnt
|-activate|p1a: Glimmora|ability: Toxic Debris
|-sidestart|p2: Dream54301|move: Toxic Spikes
|faint|p1a: Glimmora
|
|-status|p2a: Gliscor|tox|[from] item: Toxic Orb
|upkeep
|
|t:|1760728509
|switch|p1a: Ceruledge|Ceruledge, F|100/100
|turn|7
|
|t:|1760728514
|move|p2a: Gliscor|Earthquake|p1a: Ceruledge
|-supereffective|p1a: Ceruledge
|-enditem|p1a: Ceruledge|Focus Sash
|-damage|p1a: Ceruledge|1/100
|-ability|p1a: Ceruledge|Weak Armor|boost
|-unboost|p1a: Ceruledge|def|1
|-boost|p1a: Ceruledge|spe|2
|move|p1a: Ceruledge|Poltergeist|p2a: Gliscor
|-activate|p2a: Gliscor|move: Poltergeist|Toxic Orb
|-damage|p2a: Gliscor|50/100 tox
|
|-heal|p2a: Gliscor|62/100 tox|[from] ability: Poison Heal
|upkeep
|turn|8
|
|t:|1760728520
|-terastallize|p1a: Ceruledge|Ghost
|move|p1a: Ceruledge|Poltergeist|p2a: Gliscor
|-activate|p2a: Gliscor|move: Poltergeist|Toxic Orb
|-damage|p2a: Gliscor|0 fnt
|faint|p2a: Gliscor
|
|upkeep
|
|t:|1760728529
|switch|p2a: Mandibuzz|Mandibuzz, F|100/100
|turn|9
|
|t:|1760728532
|move|p1a: Ceruledge|Bitter Blade|p2a: Mandibuzz
|-damage|p2a: Mandibuzz|66/100
|-heal|p1a: Ceruledge|26/100|[from] drain|[of] p2a: Mandibuzz
|-ability|p2a: Mandibuzz|Weak Armor|boost
|-unboost|p2a: Mandibuzz|def|1
|-boost|p2a: Mandibuzz|spe|2
|move|p2a: Mandibuzz|Defog|p1a: Ceruledge
|-unboost|p1a: Ceruledge|evasion|1
|-sideend|p2: Dream54301|Toxic Spikes|[from] move: Defog|[of] p2a: Mandibuzz
|
|upkeep
|turn|10
|
|t:|1760728536
|move|p1a: Ceruledge|Bitter Blade|p2a: Mandibuzz
|-damage|p2a: Mandibuzz|17/100
|-heal|p1a: Ceruledge|62/100|[from] drain|[of] p2a: Mandibuzz
|-ability|p2a: Mandibuzz|Weak Armor|boost
|-unboost|p2a: Mandibuzz|def|1
|-boost|p2a: Mandibuzz|spe|2
|move|p2a: Mandibuzz|Brave Bird|p1a: Ceruledge
|-damage|p1a: Ceruledge|0 fnt
|faint|p1a: Ceruledge
|-damage|p2a: Mandibuzz|3/100|[from] Recoil
|
|upkeep
|
|t:|1760728536
|switch|p1a: Iron Valiant|Iron Valiant|100/100
|-enditem|p1a: Iron Valiant|Booster Energy
|-activate|p1a: Iron Valiant|ability: Quark Drive|[fromitem]
|-start|p1a: Iron Valiant|quarkdrivespe
|turn|11
|
|t:|1760728551
|move|p2a: Mandibuzz|Roost|p2a: Mandibuzz
|-heal|p2a: Mandibuzz|53/100
|-singleturn|p2a: Mandibuzz|move: Roost
|move|p1a: Iron Valiant|Moonblast|p2a: Mandibuzz
|-supereffective|p2a: Mandibuzz
|-crit|p2a: Mandibuzz
|-damage|p2a: Mandibuzz|0 fnt
|faint|p2a: Mandibuzz
|
|upkeep
|
|t:|1760728555
|switch|p2a: Rotom|Rotom-Heat|100/100
|turn|12
|
|t:|1760728560
|move|p1a: Iron Valiant|Shadow Ball|p2a: Rotom
|-damage|p2a: Rotom|64/100
|-unboost|p2a: Rotom|spd|1
|move|p2a: Rotom|Overheat|p1a: Iron Valiant
|-damage|p1a: Iron Valiant|5/100
|-unboost|p2a: Rotom|spa|2
|
|upkeep
|turn|13
|
|t:|1760728567
|move|p1a: Iron Valiant|Shadow Ball|p2a: Rotom
|-damage|p2a: Rotom|12/100
|move|p2a: Rotom|Overheat|p1a: Iron Valiant
|-damage|p1a: Iron Valiant|0 fnt
|-unboost|p2a: Rotom|spa|2
|faint|p1a: Iron Valiant
|-end|p1a: Iron Valiant|Quark Drive|[silent]
|
|upkeep
|
|t:|1760728568
|switch|p1a: Moltres|Moltres-Galar|100/100
|turn|14
|
|t:|1760728573
|move|p2a: Rotom|Overheat|p1a: Moltres
|-damage|p1a: Moltres|83/100
|-unboost|p2a: Rotom|spa|2
|move|p1a: Moltres|Fiery Wrath|p2a: Rotom
|-damage|p2a: Rotom|0 fnt
|faint|p2a: Rotom
|
|upkeep
|
|t:|1760728578
|switch|p2a: Breloom|Breloom, M|100/100
|turn|15
|
|t:|1760728587
|-terastallize|p2a: Breloom|Flying
|move|p1a: Moltres|Hurricane|p2a: Breloom
|-damage|p2a: Breloom|6/100
|-start|p2a: Breloom|confusion
|-activate|p2a: Breloom|confusion
|move|p2a: Breloom|Aerial Ace|p1a: Moltres
|-damage|p1a: Moltres|29/100
|-ability|p1a: Moltres|Berserk|boost
|-boost|p1a: Moltres|spa|1
|-enditem|p1a: Moltres|Sitrus Berry|[eat]
|-heal|p1a: Moltres|54/100|[from] item: Sitrus Berry
|
|upkeep
|turn|16
|
|t:|1760728596
|move|p1a: Moltres|Fiery Wrath|p2a: Breloom
|-damage|p2a: Breloom|0 fnt
|faint|p2a: Breloom
|
|win|HZBKAI2
|raw|HZBKAI2's rating: 1132 &rarr; <strong>1160</strong><br />(+28 for winning)
|raw|Dream54301's rating: 1177 &rarr; <strong>1149</strong><br />(-28 for losing)
|l|☆HZBKAI2
|player|p1|
|c|☆Dream54301|gg
