|j|☆JOE MAMA SLICE'S
|j|☆stormhero
|t:|1760811602
|gametype|singles
|player|p1|JOE MAMA SLICE'S|cynthia-masters|1312
|player|p2|stormhero|hugh|1327
|gen|9
|tier|[Gen 9] OU
|rated|
|rule|HP Percentage Mod: HP is shown in percentages
|rule|Endless Battle Clause: Forcing endless battles is banned
|rule|Species Clause: Limit one of each Pokémon
|rule|OHKO Clause: OHKO moves are banned
|rule|Evasion Items Clause: Evasion items are banned
|rule|Evasion Moves Clause: Evasion moves are banned
|rule|Evasion Abilities Clause: Evasion abilities are banned
|rule|Sleep Moves Clause: Sleep-inducing moves are banned
|clearpoke
|poke|p1|Darkrai|
|poke|p1|Great Tusk|
|poke|p1|Moltres|
|poke|p1|Kyurem|
|poke|p1|Slowking, M|
|poke|p1|Weezing-Galar, M|
|poke|p2|Cinderace, M|
|poke|p2|Gholdengo|
|poke|p2|Meowscarada, F|
|poke|p2|Ogerpon-Cornerstone, F|
|poke|p2|Ting-Lu|
|poke|p2|Primarina, M|
|teampreview
|
|t:|1760811625
|teamsize|p1|6
|teamsize|p2|6
|start
|switch|p1a: Moltres|Moltres|100/100
|switch|p2a: Primarina|Primarina, M, shiny|100/100
|turn|1
|inactive|Battle timer is ON: inactive players will automatically lose when time's up. (requested by stormhero)
|
|t:|1760811630
|switch|p1a: Slowking|Slowking, M|100/100
|move|p2a: Primarina|Surf|p1a: Slowking
|-resisted|p1a: Slowking
|-damage|p1a: Slowking|79/100
|
|upkeep
|turn|2
|
|t:|1760811636
|move|p2a: Primarina|Moonblast|p1a: Slowking
|-damage|p1a: Slowking|41/100
|move|p1a: Slowking|Thunder Wave|p2a: Primarina
|-status|p2a: Primarina|par
|
|upkeep
|turn|3
|
|t:|1760811643
|switch|p1a: Weezing|Weezing-Galar, M|100/100
|-ability|p1a: Weezing|Neutralizing Gas
|move|p2a: Primarina|Moonblast|p1a: Weezing
|-resisted|p1a: Weezing
|-damage|p1a: Weezing|62/100
|-unboost|p1a: Weezing|spa|1
|
|upkeep
|turn|4
|
|t:|1760811652
|-end|p1a: Weezing|ability: Neutralizing Gas
|switch|p1a: Slowking|Slowking, M|74/100
|move|p2a: Primarina|Psychic Noise|p1a: Slowking
|-resisted|p1a: Slowking
|-damage|p1a: Slowking|62/100
|-start|p1a: Slowking|move: Heal Block
|
|upkeep
|turn|5
|
|t:|1760811660
|move|p2a: Primarina|Moonblast|p1a: Slowking
|-damage|p1a: Slowking|22/100
|-unboost|p1a: Slowking|spa|1
|-prepare|p1a: Slowking|Chilly Reception|[premajor]
|move|p1a: Slowking|Chilly Reception|p1a: Slowking
|-weather|Snowscape
|inactive|JOE MAMA SLICE'S has 120 seconds left.
|
|t:|1760811690
|switch|p1a: Weezing|Weezing-Galar, M|62/100|[from] Chilly Reception
|-ability|p1a: Weezing|Neutralizing Gas
|
|-weather|Snowscape|[upkeep]
|upkeep
|turn|6
|
|t:|1760811696
|move|p1a: Weezing|Pain Split|p2a: Primarina
|-sethp|p2a: Primarina|83/100 par|[from] move: Pain Split|[silent]
|-sethp|p1a: Weezing|79/100|[from] move: Pain Split
|move|p2a: Primarina|Moonblast|p1a: Weezing
|-resisted|p1a: Weezing
|-damage|p1a: Weezing|44/100
|
|-weather|Snowscape|[upkeep]
|upkeep
|turn|7
|
|t:|1760811703
|move|p1a: Weezing|Sludge Bomb|p2a: Primarina
|-supereffective|p2a: Primarina
|-damage|p2a: Primarina|51/100 par
|move|p2a: Primarina|Psychic Noise|p1a: Weezing
|-supereffective|p1a: Weezing
|-damage|p1a: Weezing|0 fnt
|faint|p1a: Weezing
|-end|p1a: Weezing|ability: Neutralizing Gas
|
|-weather|Snowscape|[upkeep]
|upkeep
|
|t:|1760811713
|switch|p1a: Kyurem|Kyurem|100/100
|-ability|p1a: Kyurem|Pressure
|turn|8
|
|t:|1760811720
|switch|p2a: ACE|Cinderace, M, shiny|100/100
|move|p1a: Kyurem|Freeze-Dry|p2a: ACE
|-resisted|p2a: ACE
|-damage|p2a: ACE|64/100
|
|-weather|Snowscape|[upkeep]
|upkeep
|turn|9
|
|t:|1760811728
|switch|p1a: Moltres|Moltres|100/100
|move|p2a: ACE|Pyro Ball|p1a: Moltres
|-resisted|p1a: Moltres
|-damage|p1a: Moltres|82/100
|
|-weather|none
|upkeep
|turn|10
|
|t:|1760811734
|switch|p2a: Ting-Lu|Ting-Lu|100/100
|-ability|p2a: Ting-Lu|Vessel of Ruin
|move|p1a: Moltres|U-turn|p2a: Ting-Lu
|-supereffective|p2a: Ting-Lu
|-damage|p2a: Ting-Lu|88/100
|
|t:|1760811749
|switch|p1a: Great Tusk|Great Tusk|100/100|[from] U-turn
|
|-heal|p2a: Ting-Lu|95/100|[from] item: Leftovers
|upkeep
|turn|11
|
|t:|1760811753
|move|p1a: Great Tusk|Stealth Rock|p2a: Ting-Lu
|-sidestart|p2: stormhero|move: Stealth Rock
|move|p2a: Ting-Lu|Ruination|p1a: Great Tusk|[miss]
|-miss|p2a: Ting-Lu|p1a: Great Tusk
|
|-heal|p2a: Ting-Lu|100/100|[from] item: Leftovers
|upkeep
|turn|12
|
|t:|1760811760
|move|p1a: Great Tusk|Ice Spinner|p2a: Ting-Lu
|-supereffective|p2a: Ting-Lu
|-damage|p2a: Ting-Lu|74/100
|move|p2a: Ting-Lu|Ruination|p1a: Great Tusk|[miss]
|-miss|p2a: Ting-Lu|p1a: Great Tusk
|
|-heal|p2a: Ting-Lu|80/100|[from] item: Leftovers
|upkeep
|turn|13
|
|t:|1760811768
|move|p1a: Great Tusk|Ice Spinner|p2a: Ting-Lu
|-supereffective|p2a: Ting-Lu
|-damage|p2a: Ting-Lu|56/100
|move|p2a: Ting-Lu|Ruination|p1a: Great Tusk
|-damage|p1a: Great Tusk|51/100
|
|-heal|p2a: Ting-Lu|62/100|[from] item: Leftovers
|upkeep
|turn|14
|
|t:|1760811776
|move|p1a: Great Tusk|Ice Spinner|p2a: Ting-Lu
|-supereffective|p2a: Ting-Lu
|-damage|p2a: Ting-Lu|39/100
|move|p2a: Ting-Lu|Earthquake|p1a: Great Tusk
|-damage|p1a: Great Tusk|21/100
|
|-heal|p2a: Ting-Lu|46/100|[from] item: Leftovers
|upkeep
|turn|15
|
|t:|1760811783
|move|p1a: Great Tusk|Headlong Rush|p2a: Ting-Lu
|-damage|p2a: Ting-Lu|17/100
|-unboost|p1a: Great Tusk|def|1
|-unboost|p1a: Great Tusk|spd|1
|move|p2a: Ting-Lu|Earthquake|p1a: Great Tusk
|-damage|p1a: Great Tusk|0 fnt
|faint|p1a: Great Tusk
|-end|p1a: Great Tusk|Protosynthesis|[silent]
|
|-heal|p2a: Ting-Lu|23/100|[from] item: Leftovers
|upkeep
|
|t:|1760811788
|switch|p1a: Darkrai|Darkrai|100/100
|turn|16
|
|t:|1760811795
|move|p1a: Darkrai|Ice Beam|p2a: Ting-Lu
|-supereffective|p2a: Ting-Lu
|-damage|p2a: Ting-Lu|0 fnt
|faint|p2a: Ting-Lu
|
|upkeep
|
|t:|1760811815
|switch|p2a: CTC|Gholdengo, shiny|100/100
|-damage|p2a: CTC|94/100|[from] Stealth Rock
|turn|17
|
|t:|1760811819
|-terastallize|p2a: CTC|Fairy
|move|p2a: CTC|Dazzling Gleam|p1a: Darkrai
|-supereffective|p1a: Darkrai
|-damage|p1a: Darkrai|0 fnt
|faint|p1a: Darkrai
|
|upkeep
|
|t:|1760811824
|switch|p1a: Slowking|Slowking, M|55/100
|turn|18
|
|t:|1760811828
|switch|p2a: Primarina|Primarina, M, shiny|51/100 par
|-damage|p2a: Primarina|38/100 par|[from] Stealth Rock
|-prepare|p1a: Slowking|Chilly Reception|[premajor]
|move|p1a: Slowking|Chilly Reception|p1a: Slowking
|-weather|Snowscape
|
|t:|1760811830
|switch|p1a: Kyurem|Kyurem|100/100|[from] Chilly Reception
|-ability|p1a: Kyurem|Pressure
|
|-weather|Snowscape|[upkeep]
|upkeep
|turn|19
|
|t:|1760811839
|move|p1a: Kyurem|Freeze-Dry|p2a: Primarina
|-supereffective|p2a: Primarina
|-damage|p2a: Primarina|0 fnt
|faint|p2a: Primarina
|
|-weather|Snowscape|[upkeep]
|upkeep
|
|t:|1760811861
|switch|p2a: Ogerpon|Ogerpon-Cornerstone, F|100/100
|-damage|p2a: Ogerpon|88/100|[from] Stealth Rock
|turn|20
|
|t:|1760811869
|move|p2a: Ogerpon|Ivy Cudgel|p1a: Kyurem|[anim] Ivy Cudgel Rock
|-supereffective|p1a: Kyurem
|-crit|p1a: Kyurem
|-damage|p1a: Kyurem|0 fnt
|faint|p1a: Kyurem
|
|-weather|Snowscape|[upkeep]
|upkeep
|
|t:|1760811878
|switch|p1a: Moltres|Moltres|82/100
|turn|21
|
|t:|1760811884
|-terastallize|p1a: Moltres|Fairy
|move|p2a: Ogerpon|Swords Dance|p2a: Ogerpon
|-boost|p2a: Ogerpon|atk|2
|move|p1a: Moltres|Will-O-Wisp|p2a: Ogerpon
|-status|p2a: Ogerpon|brn
|
|-weather|Snowscape|[upkeep]
|-damage|p2a: Ogerpon|82/100 brn|[from] brn
|upkeep
|turn|22
|
|t:|1760811893
|move|p2a: Ogerpon|Encore|p1a: Moltres
|-start|p1a: Moltres|Encore
|move|p1a: Moltres|Will-O-Wisp|p2a: Ogerpon
|-fail|p2a: Ogerpon|brn
|
|-weather|none
|-damage|p2a: Ogerpon|76/100 brn|[from] brn
|upkeep
|turn|23
|
|t:|1760811899
|move|p2a: Ogerpon|Ivy Cudgel|p1a: Moltres|[anim] Ivy Cudgel Rock
|-damage|p1a: Moltres|44/100
|move|p1a: Moltres|Will-O-Wisp|p2a: Ogerpon
|-fail|p2a: Ogerpon|brn
|
|-damage|p2a: Ogerpon|70/100 brn|[from] brn
|upkeep
|turn|24
|
|t:|1760811906
|switch|p1a: Slowking|Slowking, M|88/100
|move|p2a: Ogerpon|Swords Dance|p2a: Ogerpon
|-boost|p2a: Ogerpon|atk|2
|
|-damage|p2a: Ogerpon|64/100 brn|[from] brn
|upkeep
|turn|25
|
|t:|1760811913
|move|p2a: Ogerpon|Seed Bomb|p1a: Slowking
|-supereffective|p1a: Slowking
|-damage|p1a: Slowking|0 fnt
|faint|p1a: Slowking
|
|-damage|p2a: Ogerpon|58/100 brn|[from] brn
|upkeep
|
|t:|1760811915
|switch|p1a: Moltres|Moltres, tera:Fairy|44/100
|turn|26
|
|t:|1760811919
|move|p2a: Ogerpon|Ivy Cudgel|p1a: Moltres|[anim] Ivy Cudgel Rock
|-damage|p1a: Moltres|0 fnt
|faint|p1a: Moltres
|
|win|stormhero
|raw|JOE MAMA SLICE&apos;S's rating: 1312 &rarr; <strong>1293</strong><br />(-19 for losing)
|raw|stormhero's rating: 1327 &rarr; <strong>1346</strong><br />(+19 for winning)
|c|☆stormhero|gg
|c|☆JOE MAMA SLICE'S|ggs
