|j|☆Alto Paolto
|j|☆SlowStrokeSmith
|t:|1760734827
|gametype|singles
|player|p1|Alto Paolto|li|1473
|player|p2|SlowStrokeSmith|brycenman|1495
|gen|9
|tier|[Gen 9] OU
|rated|
|rule|HP Percentage Mod: HP is shown in percentages
|rule|Endless Battle Clause: Forcing endless battles is banned
|rule|Species Clause: Limit one of each Pokémon
|rule|OHKO Clause: OHKO moves are banned
|rule|Evasion Items Clause: Evasion items are banned
|rule|Evasion Moves Clause: Evasion moves are banned
|rule|Evasion Abilities Clause: Evasion abilities are banned
|rule|Sleep Moves Clause: Sleep-inducing moves are banned
|clearpoke
|poke|p1|Iron Treads|
|poke|p1|Rotom-Wash|
|poke|p1|Iron Leaves|
|poke|p1|Iron Valiant|
|poke|p1|Pecharunt|
|poke|p1|Garganacl, F|
|poke|p2|Landorus-Therian, M|
|poke|p2|Weezing-Galar, F|
|poke|p2|Zamazenta-*|
|poke|p2|Primarina, F|
|poke|p2|Iron Moth|
|poke|p2|Ogerpon-Wellspring, F|
|teampreview
|inactive|Battle timer is ON: inactive players will automatically lose when time's up. (requested by SlowStrokeSmith)
|
|t:|1760734845
|teamsize|p1|6
|teamsize|p2|6
|start
|switch|p1a: Iron Treads|Iron Treads|100/100
|switch|p2a: Landorus|Landorus-Therian, M|100/100
|-ability|p2a: Landorus|Intimidate|boost
|-unboost|p1a: Iron Treads|atk|1
|turn|1
|
|t:|1760734854
|-end|p1a: Iron Treads|Quark Drive|[silent]
|switch|p1a: Rotom|Rotom-Wash|100/100
|move|p2a: Landorus|Earthquake|p1a: Rotom
|-immune|p1a: Rotom|[from] ability: Levitate
|
|upkeep
|turn|2
|
|t:|1760734860
|switch|p2a: Primarina|Primarina, F|100/100
|move|p1a: Rotom|Thunder Wave|p2a: Primarina
|-status|p2a: Primarina|par
|
|upkeep
|turn|3
|
|t:|1760734866
|move|p1a: Rotom|Volt Switch|p2a: Primarina
|-supereffective|p2a: Primarina
|-damage|p2a: Primarina|74/100 par
|
|t:|1760734871
|switch|p1a: Iron Leaves|Iron Leaves|100/100|[from] Volt Switch
|cant|p2a: Primarina|par
|
|upkeep
|turn|4
|
|t:|1760734877
|switch|p2a: Weezing|Weezing-Galar, F|100/100
|move|p1a: Iron Leaves|Swords Dance|p1a: Iron Leaves
|-boost|p1a: Iron Leaves|atk|2
|
|upkeep
|turn|5
|
|t:|1760734881
|move|p1a: Iron Leaves|Psyblade|p2a: Weezing
|-supereffective|p2a: Weezing
|-damage|p2a: Weezing|0 fnt
|-damage|p1a: Iron Leaves|84/100|[from] item: Rocky Helmet|[of] p2a: Weezing
|faint|p2a: Weezing
|
|upkeep
|
|t:|1760734889
|switch|p2a: Iron Moth|Iron Moth|100/100
|turn|6
|
|t:|1760734904
|-end|p1a: Iron Leaves|Quark Drive|[silent]
|switch|p1a: Rotom|Rotom-Wash|100/100
|move|p2a: Iron Moth|U-turn|p1a: Rotom
|-damage|p1a: Rotom|90/100
|
|t:|1760734908
|-end|p2a: Iron Moth|Quark Drive|[silent]
|switch|p2a: Ogerpon|Ogerpon-Wellspring, F|100/100|[from] U-turn
|
|-heal|p1a: Rotom|96/100|[from] item: Leftovers
|upkeep
|turn|7
|
|t:|1760734913
|move|p2a: Ogerpon|Horn Leech|p1a: Rotom
|-supereffective|p1a: Rotom
|-damage|p1a: Rotom|6/100
|move|p1a: Rotom|Thunder Wave|p2a: Ogerpon
|-status|p2a: Ogerpon|par
|
|-heal|p1a: Rotom|12/100|[from] item: Leftovers
|upkeep
|turn|8
|
|t:|1760734918
|move|p1a: Rotom|Protect|p1a: Rotom
|-singleturn|p1a: Rotom|Protect
|cant|p2a: Ogerpon|par
|
|-heal|p1a: Rotom|18/100|[from] item: Leftovers
|upkeep
|turn|9
|
|t:|1760734922
|switch|p1a: Pecharunt|Pecharunt|100/100
|cant|p2a: Ogerpon|par
|
|upkeep
|turn|10
|
|t:|1760734926
|switch|p2a: Primarina|Primarina, F|74/100 par
|move|p1a: Pecharunt|Malignant Chain|p2a: Primarina
|-supereffective|p2a: Primarina
|-damage|p2a: Primarina|37/100 par
|
|upkeep
|turn|11
|
|t:|1760734937
|move|p1a: Pecharunt|Parting Shot|p2a: Primarina
|-unboost|p2a: Primarina|atk|1
|-unboost|p2a: Primarina|spa|1
|
|t:|1760734940
|switch|p1a: Iron Leaves|Iron Leaves|84/100|[from] Parting Shot
|move|p2a: Primarina|Surf|p1a: Iron Leaves
|-resisted|p1a: Iron Leaves
|-damage|p1a: Iron Leaves|69/100
|
|upkeep
|turn|12
|
|t:|1760734946
|move|p1a: Iron Leaves|Psyblade|p2a: Primarina
|-damage|p2a: Primarina|0 fnt
|faint|p2a: Primarina
|
|upkeep
|
|t:|1760734959
|switch|p2a: Landorus|Landorus-Therian, M|100/100
|-ability|p2a: Landorus|Intimidate|boost
|-unboost|p1a: Iron Leaves|atk|1
|turn|13
|
|t:|1760734965
|-end|p1a: Iron Leaves|Quark Drive|[silent]
|switch|p1a: Rotom|Rotom-Wash|18/100
|move|p2a: Landorus|U-turn|p1a: Rotom
|-damage|p1a: Rotom|0 fnt
|faint|p1a: Rotom
|
|t:|1760734990
|switch|p2a: Ogerpon|Ogerpon-Wellspring, F|100/100 par|[from] U-turn
|
|upkeep
|
|t:|1760734995
|switch|p1a: Iron Treads|Iron Treads|100/100
|turn|14
|
|t:|1760735012
|move|p1a: Iron Treads|Electric Terrain|p1a: Iron Treads
|-fieldstart|move: Electric Terrain
|-activate|p1a: Iron Treads|ability: Quark Drive
|-start|p1a: Iron Treads|quarkdrivespe
|cant|p2a: Ogerpon|par
|
|upkeep
|turn|15
|
|t:|1760735018
|move|p1a: Iron Treads|Stealth Rock|p2a: Ogerpon
|-sidestart|p2: SlowStrokeSmith|move: Stealth Rock
|cant|p2a: Ogerpon|par
|
|upkeep
|turn|16
|
|t:|1760735022
|move|p1a: Iron Treads|Volt Switch|p2a: Ogerpon
|-damage|p2a: Ogerpon|82/100 par
|
|t:|1760735024
|-end|p1a: Iron Treads|Quark Drive|[silent]
|switch|p1a: Pecharunt|Pecharunt|100/100|[from] Volt Switch
|move|p2a: Ogerpon|Ivy Cudgel|p1a: Pecharunt|[anim] Ivy Cudgel Water
|-damage|p1a: Pecharunt|65/100
|
|upkeep
|turn|17
|
|t:|1760735032
|move|p1a: Pecharunt|Recover|p1a: Pecharunt
|-heal|p1a: Pecharunt|100/100
|move|p2a: Ogerpon|Ivy Cudgel|p1a: Pecharunt|[anim] Ivy Cudgel Water
|-damage|p1a: Pecharunt|65/100
|
|upkeep
|turn|18
|
|t:|1760735035
|move|p1a: Pecharunt|Recover|p1a: Pecharunt
|-heal|p1a: Pecharunt|100/100
|move|p2a: Ogerpon|U-turn|p1a: Pecharunt
|-resisted|p1a: Pecharunt
|-damage|p1a: Pecharunt|96/100
|
|t:|1760735039
|switch|p2a: Iron Moth|Iron Moth|100/100|[from] U-turn
|-damage|p2a: Iron Moth|76/100|[from] Stealth Rock
|-activate|p2a: Iron Moth|ability: Quark Drive
|-start|p2a: Iron Moth|quarkdrivespa
|
|upkeep
|turn|19
|
|t:|1760735046
|move|p2a: Iron Moth|Flamethrower|p1a: Pecharunt
|-damage|p1a: Pecharunt|1/100
|move|p1a: Pecharunt|Parting Shot|p2a: Iron Moth
|-unboost|p2a: Iron Moth|atk|1
|-unboost|p2a: Iron Moth|spa|1
|
|t:|1760735051
|switch|p1a: Garganacl|Garganacl, F|100/100|[from] Parting Shot
|
|upkeep
|turn|20
|
|t:|1760735058
|-end|p2a: Iron Moth|Quark Drive|[silent]
|switch|p2a: Landorus|Landorus-Therian, M|100/100
|-damage|p2a: Landorus|88/100|[from] Stealth Rock
|-ability|p2a: Landorus|Intimidate|boost
|-unboost|p1a: Garganacl|atk|1
|move|p1a: Garganacl|Salt Cure|p2a: Landorus
|-damage|p2a: Landorus|77/100
|-start|p2a: Landorus|Salt Cure
|
|-damage|p2a: Landorus|64/100|[from] Salt Cure
|upkeep
|turn|21
|
|t:|1760735065
|move|p1a: Garganacl|Protect|p1a: Garganacl
|-singleturn|p1a: Garganacl|Protect
|move|p2a: Landorus|Earthquake|p1a: Garganacl
|-activate|p1a: Garganacl|move: Protect
|
|-damage|p2a: Landorus|52/100|[from] Salt Cure
|-fieldend|move: Electric Terrain
|upkeep
|turn|22
|
|t:|1760735072
|switch|p2a: Ogerpon|Ogerpon-Wellspring, F|82/100 par
|-damage|p2a: Ogerpon|69/100 par|[from] Stealth Rock
|switch|p1a: Pecharunt|Pecharunt|1/100
|
|upkeep
|turn|23
|
|t:|1760735078
|move|p1a: Pecharunt|Malignant Chain|p2a: Ogerpon
|-supereffective|p2a: Ogerpon
|-damage|p2a: Ogerpon|0 fnt
|faint|p2a: Ogerpon
|
|upkeep
|
|t:|1760735081
|switch|p2a: Landorus|Landorus-Therian, M|52/100
|-damage|p2a: Landorus|40/100|[from] Stealth Rock
|-ability|p2a: Landorus|Intimidate|boost
|-unboost|p1a: Pecharunt|atk|1
|turn|24
|
|t:|1760735090
|move|p2a: Landorus|Earthquake|p1a: Pecharunt
|-supereffective|p1a: Pecharunt
|-damage|p1a: Pecharunt|0 fnt
|faint|p1a: Pecharunt
|
|upkeep
|
|t:|1760735105
|switch|p1a: Iron Treads|Iron Treads|100/100
|turn|25
|
|t:|1760735107
|move|p2a: Landorus|Earthquake|p1a: Iron Treads
|-supereffective|p1a: Iron Treads
|-damage|p1a: Iron Treads|16/100
|move|p1a: Iron Treads|Electric Terrain|p1a: Iron Treads
|-fieldstart|move: Electric Terrain
|-activate|p1a: Iron Treads|ability: Quark Drive
|-start|p1a: Iron Treads|quarkdrivespe
|
|upkeep
|turn|26
|
|t:|1760735114
|switch|p2a: Zamazenta|Zamazenta|100/100
|-ability|p2a: Zamazenta|Dauntless Shield|boost
|-boost|p2a: Zamazenta|def|1
|move|p1a: Iron Treads|Steel Beam|p2a: Zamazenta
|-damage|p2a: Zamazenta|68/100
|-damage|p1a: Iron Treads|0 fnt|[from] steelbeam
|faint|p1a: Iron Treads
|-end|p1a: Iron Treads|Quark Drive|[silent]
|
|upkeep
|
|t:|1760735131
|switch|p1a: Iron Valiant|Iron Valiant|100/100
|-activate|p1a: Iron Valiant|ability: Quark Drive
|-start|p1a: Iron Valiant|quarkdrivespe
|turn|27
|
|t:|1760735134
|switch|p2a: Iron Moth|Iron Moth|76/100
|-damage|p2a: Iron Moth|51/100|[from] Stealth Rock
|-activate|p2a: Iron Moth|ability: Quark Drive
|-start|p2a: Iron Moth|quarkdrivespa
|move|p1a: Iron Valiant|Moonblast|p2a: Iron Moth
|-resisted|p2a: Iron Moth
|-damage|p2a: Iron Moth|39/100
|
|upkeep
|turn|28
|
|t:|1760735144
|-terastallize|p2a: Iron Moth|Grass
|move|p1a: Iron Valiant|Close Combat|p2a: Iron Moth
|-damage|p2a: Iron Moth|0 fnt
|-unboost|p1a: Iron Valiant|def|1
|-unboost|p1a: Iron Valiant|spd|1
|faint|p2a: Iron Moth
|-end|p2a: Iron Moth|Quark Drive|[silent]
|
|upkeep
|-message|SlowStrokeSmith forfeited.
|
|win|Alto Paolto
|raw|Alto Paolto's rating: 1473 &rarr; <strong>1493</strong><br />(+20 for winning)
|raw|SlowStrokeSmith's rating: 1473 &rarr; <strong>1453</strong><br />(-20 for losing)
|l|☆SlowStrokeSmith
|player|p2|
|l|☆Alto Paolto
|player|p1|
