|j|☆hoang nguyen
|j|☆Xnl
|t:|1760795602
|gametype|singles
|player|p1|hoang nguyen|acetrainerf|1475
|player|p2|Xnl|veteran|1453
|gen|9
|tier|[Gen 9] OU
|rated|
|rule|HP Percentage Mod: HP is shown in percentages
|rule|Endless Battle Clause: Forcing endless battles is banned
|rule|Species Clause: Limit one of each Pokémon
|rule|OHKO Clause: OHKO moves are banned
|rule|Evasion Items Clause: Evasion items are banned
|rule|Evasion Moves Clause: Evasion moves are banned
|rule|Evasion Abilities Clause: Evasion abilities are banned
|rule|Sleep Moves Clause: Sleep-inducing moves are banned
|clearpoke
|poke|p1|Iron Moth|
|poke|p1|Zapdos|
|poke|p1|Primarina, F|
|poke|p1|Iron Treads|
|poke|p1|Landorus-Therian, M|
|poke|p1|Kyurem|
|poke|p2|Jirachi|
|poke|p2|Serperior, M|
|poke|p2|Iron Hands|
|poke|p2|Talonflame, F|
|poke|p2|Dragonite, F|
|poke|p2|Tinkaton, F|
|teampreview
|
|t:|1760795610
|teamsize|p1|6
|teamsize|p2|6
|start
|switch|p1a: Landorus|Landorus-Therian, M|100/100
|switch|p2a: Serperior|Serperior, M|100/100
|-ability|p1a: Landorus|Intimidate|boost
|-boost|p2a: Serperior|atk|1
|turn|1
|
|t:|1760795618
|move|p2a: Serperior|Glare|p1a: Landorus
|-status|p1a: Landorus|par
|move|p1a: Landorus|U-turn|p2a: Serperior
|-supereffective|p2a: Serperior
|-damage|p2a: Serperior|52/100
|
|t:|1760795627
|switch|p1a: Zapdos|Zapdos|100/100|[from] U-turn
|
|upkeep
|turn|2
|
|t:|1760795634
|switch|p2a: Jirachi|Jirachi|100/100
|move|p1a: Zapdos|Volt Switch|p2a: Jirachi
|-crit|p2a: Jirachi
|-damage|p2a: Jirachi|66/100
|
|t:|1760795640
|switch|p1a: Landorus|Landorus-Therian, M|100/100 par|[from] Volt Switch
|-ability|p1a: Landorus|Intimidate|boost
|-unboost|p2a: Jirachi|atk|1
|
|-heal|p2a: Jirachi|72/100|[from] item: Leftovers
|upkeep
|turn|3
|
|t:|1760795648
|switch|p2a: Iron Hands|Iron Hands|100/100
|move|p1a: Landorus|Stealth Rock|p2a: Iron Hands
|-sidestart|p2: Xnl|move: Stealth Rock
|
|upkeep
|turn|4
|
|t:|1760795665
|switch|p1a: Iron Treads|Iron Treads|100/100
|move|p2a: Iron Hands|Ice Punch|p1a: Iron Treads
|-damage|p1a: Iron Treads|72/100
|
|upkeep
|turn|5
|
|t:|1760795672
|-end|p2a: Iron Hands|Quark Drive|[silent]
|switch|p2a: Talonflame|Talonflame, F|100/100
|move|p1a: Iron Treads|Volt Switch|p2a: Talonflame
|-supereffective|p2a: Talonflame
|-damage|p2a: Talonflame|73/100
|
|t:|1760795679
|-end|p1a: Iron Treads|Quark Drive|[silent]
|switch|p1a: Zapdos|Zapdos|100/100|[from] Volt Switch
|
|upkeep
|turn|6
|
|t:|1760795686
|move|p2a: Talonflame|Defog|p1a: Zapdos
|-unboost|p1a: Zapdos|evasion|1
|-sideend|p2: Xnl|Stealth Rock|[from] move: Defog|[of] p2a: Talonflame
|move|p1a: Zapdos|Thunderbolt|p2a: Talonflame
|-supereffective|p2a: Talonflame
|-damage|p2a: Talonflame|0 fnt
|faint|p2a: Talonflame
|
|upkeep
|
|t:|1760795696
|switch|p2a: Iron Hands|Iron Hands|100/100
|turn|7
|
|t:|1760795700
|move|p1a: Zapdos|Volt Switch|p2a: Iron Hands
|-resisted|p2a: Iron Hands
|-damage|p2a: Iron Hands|84/100
|
|t:|1760795718
|switch|p1a: Iron Treads|Iron Treads|72/100|[from] Volt Switch
|move|p2a: Iron Hands|Swords Dance|p2a: Iron Hands
|-boost|p2a: Iron Hands|atk|2
|
|upkeep
|turn|8
|
|t:|1760795728
|-end|p1a: Iron Treads|Quark Drive|[silent]
|switch|p1a: Landorus|Landorus-Therian, M|100/100 par
|-ability|p1a: Landorus|Intimidate|boost
|-unboost|p2a: Iron Hands|atk|1
|-terastallize|p2a: Iron Hands|Grass
|move|p2a: Iron Hands|Drain Punch|p1a: Landorus
|-resisted|p1a: Landorus
|-damage|p1a: Landorus|74/100 par
|-heal|p2a: Iron Hands|94/100|[from] drain|[of] p1a: Landorus
|
|upkeep
|turn|9
|
|t:|1760795751
|switch|p1a: Zapdos|Zapdos|100/100
|move|p2a: Iron Hands|Drain Punch|p1a: Zapdos
|-resisted|p1a: Zapdos
|-damage|p1a: Zapdos|60/100
|-heal|p2a: Iron Hands|100/100|[from] drain|[of] p1a: Zapdos
|
|upkeep
|turn|10
|
|t:|1760795758
|move|p1a: Zapdos|Hurricane|p2a: Iron Hands|[miss]
|-miss|p1a: Zapdos|p2a: Iron Hands
|move|p2a: Iron Hands|Ice Punch|p1a: Zapdos
|-supereffective|p1a: Zapdos
|-damage|p1a: Zapdos|0 fnt
|faint|p1a: Zapdos
|
|upkeep
|
|t:|1760795772
|switch|p1a: Landorus|Landorus-Therian, M|74/100 par
|-ability|p1a: Landorus|Intimidate|boost
|-unboost|p2a: Iron Hands|atk|1
|turn|11
|
|t:|1760795775
|move|p2a: Iron Hands|Ice Punch|p1a: Landorus
|-supereffective|p1a: Landorus
|-damage|p1a: Landorus|0 fnt
|faint|p1a: Landorus
|
|upkeep
|
|t:|1760795784
|switch|p1a: Iron Moth|Iron Moth|100/100
|turn|12
|
|t:|1760795789
|move|p1a: Iron Moth|Meteor Beam||[still]
|-prepare|p1a: Iron Moth|Meteor Beam
|-boost|p1a: Iron Moth|spa|1
|-enditem|p1a: Iron Moth|Power Herb
|-anim|p1a: Iron Moth|Meteor Beam|p2a: Iron Hands
|-damage|p2a: Iron Hands|42/100
|move|p2a: Iron Hands|Thunder Punch|p1a: Iron Moth
|-damage|p1a: Iron Moth|12/100
|
|upkeep
|turn|13
|
|t:|1760795811
|move|p1a: Iron Moth|Fiery Dance|p2a: Iron Hands
|-supereffective|p2a: Iron Hands
|-damage|p2a: Iron Hands|0 fnt
|-boost|p1a: Iron Moth|spa|1
|faint|p2a: Iron Hands
|-end|p2a: Iron Hands|Quark Drive|[silent]
|
|upkeep
|
|t:|1760795813
|switch|p2a: Serperior|Serperior, M|52/100
|turn|14
|
|t:|1760795819
|move|p2a: Serperior|Dragon Pulse|p1a: Iron Moth
|-damage|p1a: Iron Moth|0 fnt
|faint|p1a: Iron Moth
|-end|p1a: Iron Moth|Quark Drive|[silent]
|
|upkeep
|
|t:|1760795840
|switch|p1a: Primarina|Primarina, F|100/100
|turn|15
|
|t:|1760795844
|move|p2a: Serperior|Leaf Storm|p1a: Primarina
|-supereffective|p1a: Primarina
|-damage|p1a: Primarina|40/100
|-boost|p2a: Serperior|spa|2
|move|p1a: Primarina|Moonblast|p2a: Serperior
|-damage|p2a: Serperior|0 fnt
|faint|p2a: Serperior
|
|upkeep
|
|t:|1760795852
|switch|p2a: Tinkaton|Tinkaton, F|100/100
|-ability|p2a: Tinkaton|Mold Breaker
|turn|16
|
|t:|1760795859
|move|p2a: Tinkaton|Thunder Wave|p1a: Primarina
|-status|p1a: Primarina|par
|move|p1a: Primarina|Moonblast|p2a: Tinkaton
|-resisted|p2a: Tinkaton
|-damage|p2a: Tinkaton|75/100
|-unboost|p2a: Tinkaton|spa|1
|
|upkeep
|turn|17
|
|t:|1760795867
|switch|p1a: Iron Treads|Iron Treads|72/100
|move|p2a: Tinkaton|Play Rough|p1a: Iron Treads
|-resisted|p1a: Iron Treads
|-damage|p1a: Iron Treads|59/100
|
|upkeep
|turn|18
|
|t:|1760795876
|move|p1a: Iron Treads|Volt Switch|p2a: Tinkaton
|-damage|p2a: Tinkaton|68/100
|
|t:|1760795879
|-end|p1a: Iron Treads|Quark Drive|[silent]
|switch|p1a: Primarina|Primarina, F|40/100 par|[from] Volt Switch
|move|p2a: Tinkaton|Encore||[still]
|-fail|p2a: Tinkaton
|
|upkeep
|turn|19
|
|t:|1760795885
|move|p2a: Tinkaton|Knock Off|p1a: Primarina
|-resisted|p1a: Primarina
|-damage|p1a: Primarina|28/100 par
|-enditem|p1a: Primarina|Choice Specs|[from] move: Knock Off|[of] p2a: Tinkaton
|move|p1a: Primarina|Hyper Voice|p2a: Tinkaton
|-damage|p2a: Tinkaton|30/100
|
|upkeep
|turn|20
|
|t:|1760795892
|move|p2a: Tinkaton|Play Rough|p1a: Primarina|[miss]
|-miss|p2a: Tinkaton|p1a: Primarina
|move|p1a: Primarina|Flip Turn|p2a: Tinkaton
|-damage|p2a: Tinkaton|12/100
|
|t:|1760795898
|switch|p1a: Iron Treads|Iron Treads|59/100|[from] Flip Turn
|
|upkeep
|turn|21
|
|t:|1760795902
|move|p1a: Iron Treads|Earthquake|p2a: Tinkaton
|-supereffective|p2a: Tinkaton
|-enditem|p2a: Tinkaton|Shuca Berry|[eat]
|-enditem|p2a: Tinkaton|Shuca Berry|[weaken]
|-damage|p2a: Tinkaton|0 fnt
|faint|p2a: Tinkaton
|
|upkeep
|
|t:|1760795908
|switch|p2a: Jirachi|Jirachi|72/100
|turn|22
|
|t:|1760795911
|move|p2a: Jirachi|Protect|p2a: Jirachi
|-singleturn|p2a: Jirachi|Protect
|move|p1a: Iron Treads|Earthquake|p2a: Jirachi
|-activate|p2a: Jirachi|move: Protect
|
|-heal|p2a: Jirachi|78/100|[from] item: Leftovers
|upkeep
|turn|23
|
|t:|1760795917
|move|p1a: Iron Treads|Earthquake|p2a: Jirachi
|-supereffective|p2a: Jirachi
|-damage|p2a: Jirachi|2/100
|move|p2a: Jirachi|Body Slam|p1a: Iron Treads
|-resisted|p1a: Iron Treads
|-damage|p1a: Iron Treads|49/100
|-status|p1a: Iron Treads|par
|
|-heal|p2a: Jirachi|8/100|[from] item: Leftovers
|upkeep
|turn|24
|
|t:|1760795924
|move|p2a: Jirachi|Protect|p2a: Jirachi
|-singleturn|p2a: Jirachi|Protect
|move|p1a: Iron Treads|Volt Switch|p2a: Jirachi
|-activate|p2a: Jirachi|move: Protect
|
|-heal|p2a: Jirachi|14/100|[from] item: Leftovers
|upkeep
|turn|25
|
|t:|1760795929
|move|p2a: Jirachi|Iron Head|p1a: Iron Treads
|-resisted|p1a: Iron Treads
|-damage|p1a: Iron Treads|38/100 par
|cant|p1a: Iron Treads|flinch
|
|-heal|p2a: Jirachi|20/100|[from] item: Leftovers
|upkeep
|turn|26
|
|t:|1760795934
|move|p2a: Jirachi|Iron Head|p1a: Iron Treads
|-resisted|p1a: Iron Treads
|-damage|p1a: Iron Treads|25/100 par
|cant|p1a: Iron Treads|flinch
|
|-heal|p2a: Jirachi|26/100|[from] item: Leftovers
|upkeep
|turn|27
|
|t:|1760795945
|move|p2a: Jirachi|Protect|p2a: Jirachi
|-singleturn|p2a: Jirachi|Protect
|move|p1a: Iron Treads|Earthquake|p2a: Jirachi
|-activate|p2a: Jirachi|move: Protect
|
|-heal|p2a: Jirachi|33/100|[from] item: Leftovers
|upkeep
|turn|28
|
|t:|1760795949
|move|p2a: Jirachi|Iron Head|p1a: Iron Treads
|-resisted|p1a: Iron Treads
|-damage|p1a: Iron Treads|13/100 par
|cant|p1a: Iron Treads|flinch
|
|-heal|p2a: Jirachi|39/100|[from] item: Leftovers
|upkeep
|turn|29
|
|t:|1760795954
|move|p2a: Jirachi|Protect|p2a: Jirachi
|-singleturn|p2a: Jirachi|Protect
|move|p1a: Iron Treads|Earthquake|p2a: Jirachi
|-activate|p2a: Jirachi|move: Protect
|
|-heal|p2a: Jirachi|45/100|[from] item: Leftovers
|upkeep
|turn|30
|
|t:|1760795957
|move|p2a: Jirachi|Iron Head|p1a: Iron Treads
|-resisted|p1a: Iron Treads
|-damage|p1a: Iron Treads|1/100 par
|cant|p1a: Iron Treads|flinch
|
|-heal|p2a: Jirachi|51/100|[from] item: Leftovers
|upkeep
|turn|31
|
|t:|1760795963
|move|p2a: Jirachi|Protect|p2a: Jirachi
|-singleturn|p2a: Jirachi|Protect
|cant|p1a: Iron Treads|par
|
|-heal|p2a: Jirachi|57/100|[from] item: Leftovers
|upkeep
|turn|32
|
|t:|1760795965
|move|p2a: Jirachi|Body Slam|p1a: Iron Treads
|-resisted|p1a: Iron Treads
|-damage|p1a: Iron Treads|0 fnt
|faint|p1a: Iron Treads
|-end|p1a: Iron Treads|Quark Drive|[silent]
|
|-heal|p2a: Jirachi|64/100|[from] item: Leftovers
|upkeep
|
|t:|1760795968
|switch|p1a: Kyurem|Kyurem|100/100
|-ability|p1a: Kyurem|Pressure
|turn|33
|
|t:|1760795983
|-terastallize|p1a: Kyurem|Ground
|move|p1a: Kyurem|Tera Blast|p2a: Jirachi|[anim] Tera Blast Ground
|-supereffective|p2a: Jirachi
|-damage|p2a: Jirachi|0 fnt
|faint|p2a: Jirachi
|
|upkeep
|
|t:|1760795986
|switch|p2a: Dragonite|Dragonite, F|100/100
|turn|34
|
|t:|1760795991
|move|p1a: Kyurem|Icicle Spear|p2a: Dragonite
|-supereffective|p2a: Dragonite
|-damage|p2a: Dragonite|73/100
|-supereffective|p2a: Dragonite
|-damage|p2a: Dragonite|17/100
|-supereffective|p2a: Dragonite
|-damage|p2a: Dragonite|0 fnt
|faint|p2a: Dragonite
|-hitcount|p2: Dragonite|3
|
|win|hoang nguyen
|raw|hoang nguyen's rating: 1475 &rarr; <strong>1494</strong><br />(+19 for winning)
|raw|Xnl's rating: 1453 &rarr; <strong>1434</strong><br />(-19 for losing)
|l|☆hoang nguyen
|player|p1|
|l|☆Xnl
|player|p2|
