|j|☆Lunartaiga
|j|☆O YAGO
|t:|1760852244
|gametype|singles
|player|p1|Lunartaiga|volkner|1092
|player|p2|O YAGO|blackbelt-gen4dp|1068
|gen|9
|tier|[Gen 9] OU
|rated|
|rule|HP Percentage Mod: HP is shown in percentages
|rule|Endless Battle Clause: Forcing endless battles is banned
|rule|Species Clause: Limit one of each Pokémon
|rule|OHKO Clause: OHKO moves are banned
|rule|Evasion Items Clause: Evasion items are banned
|rule|Evasion Moves Clause: Evasion moves are banned
|rule|Evasion Abilities Clause: Evasion abilities are banned
|rule|Sleep Moves Clause: Sleep-inducing moves are banned
|clearpoke
|poke|p1|Blaziken, M|
|poke|p1|Hatterene, F|
|poke|p1|Kommo-o, F|
|poke|p1|Meowscarada, F|
|poke|p1|Cinderace, M|
|poke|p1|Froslass, F|
|poke|p2|Electivire, M|
|poke|p2|Venusaur, F|
|poke|p2|Blastoise, M|
|poke|p2|Charizard, M|
|poke|p2|Dragonite, F|
|poke|p2|Snorlax, M|
|teampreview
|inactive|Battle timer is ON: inactive players will automatically lose when time's up. (requested by Lunartaiga)
|
|t:|1760852248
|teamsize|p1|6
|teamsize|p2|6
|start
|switch|p1a: Froslass|Froslass, F|100/100
|switch|p2a: Charizard|Charizard, M|100/100
|turn|1
|
|t:|1760852264
|switch|p1a: Kommo-o|Kommo-o, F|100/100
|move|p2a: Charizard|Flamethrower|p1a: Kommo-o
|-resisted|p1a: Kommo-o
|-damage|p1a: Kommo-o|72/100
|-damage|p2a: Charizard|91/100|[from] item: Life Orb
|
|upkeep
|turn|2
|
|t:|1760852281
|switch|p1a: Cinderace|Cinderace, M|100/100
|move|p2a: Charizard|Air Slash|p1a: Cinderace|[miss]
|-miss|p2a: Charizard|p1a: Cinderace
|
|upkeep
|turn|3
|
|t:|1760852289
|-terastallize|p2a: Charizard|Ground
|move|p1a: Cinderace|Pyro Ball|p2a: Charizard
|-damage|p2a: Charizard|13/100
|move|p2a: Charizard|Scorching Sands|p1a: Cinderace
|-supereffective|p1a: Cinderace
|-damage|p1a: Cinderace|0 fnt
|faint|p1a: Cinderace
|-damage|p2a: Charizard|3/100|[from] item: Life Orb
|
|upkeep
|
|t:|1760852304
|switch|p1a: Froslass|Froslass, F|100/100
|turn|4
|
|t:|1760852310
|move|p1a: Froslass|Shadow Ball|p2a: Charizard
|-damage|p2a: Charizard|0 fnt
|faint|p2a: Charizard
|
|upkeep
|
|t:|1760852321
|switch|p2a: Electivire|Electivire, M|100/100
|turn|5
|
|t:|1760852328
|move|p1a: Froslass|Shadow Ball|p2a: Electivire
|-damage|p2a: Electivire|48/100
|-unboost|p2a: Electivire|spd|1
|move|p2a: Electivire|Knock Off|p1a: Froslass
|-supereffective|p1a: Froslass
|-damage|p1a: Froslass|0 fnt
|-enditem|p1a: Froslass|Choice Specs|[from] move: Knock Off|[of] p2a: Electivire
|faint|p1a: Froslass
|
|upkeep
|
|t:|1760852336
|switch|p1a: Kommo-o|Kommo-o, F|72/100
|turn|6
|
|t:|1760852342
|move|p1a: Kommo-o|Clangorous Soul|p1a: Kommo-o
|-boost|p1a: Kommo-o|atk|1
|-boost|p1a: Kommo-o|def|1
|-boost|p1a: Kommo-o|spa|1
|-boost|p1a: Kommo-o|spd|1
|-boost|p1a: Kommo-o|spe|1
|-damage|p1a: Kommo-o|39/100
|-enditem|p1a: Kommo-o|Throat Spray
|-boost|p1a: Kommo-o|spa|1|[from] item: Throat Spray
|move|p2a: Electivire|Knock Off|p1a: Kommo-o
|-resisted|p1a: Kommo-o
|-damage|p1a: Kommo-o|30/100
|
|upkeep
|turn|7
|
|t:|1760852364
|switch|p2a: Blastoise|Blastoise, M|100/100
|move|p1a: Kommo-o|Aura Sphere|p2a: Blastoise
|-damage|p2a: Blastoise|37/100
|
|-heal|p2a: Blastoise|43/100|[from] item: Leftovers
|upkeep
|turn|8
|
|t:|1760852380
|move|p1a: Kommo-o|Aura Sphere|p2a: Blastoise
|-damage|p2a: Blastoise|0 fnt
|faint|p2a: Blastoise
|
|upkeep
|
|t:|1760852384
|switch|p2a: Dragonite|Dragonite, F|100/100
|turn|9
|
|t:|1760852388
|move|p1a: Kommo-o|Clanging Scales|p2a: Dragonite
|-supereffective|p2a: Dragonite
|-damage|p2a: Dragonite|0 fnt
|faint|p2a: Dragonite
|-unboost|p1a: Kommo-o|def|1
|
|upkeep
|
|t:|1760852394
|switch|p2a: Venusaur|Venusaur, F|100/100
|turn|10
|
|t:|1760852400
|move|p1a: Kommo-o|Flamethrower|p2a: Venusaur
|-supereffective|p2a: Venusaur
|-damage|p2a: Venusaur|0 fnt
|faint|p2a: Venusaur
|
|upkeep
|
|t:|1760852405
|switch|p2a: Snorlax|Snorlax, M|100/100
|turn|11
|
|t:|1760852414
|move|p1a: Kommo-o|Aura Sphere|p2a: Snorlax
|-supereffective|p2a: Snorlax
|-damage|p2a: Snorlax|4/100
|move|p2a: Snorlax|Earthquake|p1a: Kommo-o
|-damage|p1a: Kommo-o|0 fnt
|faint|p1a: Kommo-o
|
|-heal|p2a: Snorlax|10/100|[from] item: Leftovers
|upkeep
|
|t:|1760852425
|switch|p1a: Meowscarada|Meowscarada, F|100/100
|turn|12
|
|t:|1760852430
|move|p1a: Meowscarada|Flower Trick|p2a: Snorlax
|-start|p1a: Meowscarada|typechange|Grass|[from] ability: Protean
|-crit|p2a: Snorlax
|-damage|p2a: Snorlax|0 fnt
|faint|p2a: Snorlax
|
|upkeep
|
|t:|1760852436
|switch|p2a: Electivire|Electivire, M|48/100
|turn|13
|
|t:|1760852440
|move|p1a: Meowscarada|Flower Trick|p2a: Electivire
|-crit|p2a: Electivire
|-damage|p2a: Electivire|1/100
|move|p2a: Electivire|Ice Punch|p1a: Meowscarada
|-supereffective|p1a: Meowscarada
|-damage|p1a: Meowscarada|6/100
|
|upkeep
|turn|14
|
|t:|1760852447
|move|p1a: Meowscarada|Flower Trick|p2a: Electivire
|-crit|p2a: Electivire
|-damage|p2a: Electivire|0 fnt
|faint|p2a: Electivire
|
|win|Lunartaiga
|raw|Lunartaiga's rating: 1092 &rarr; <strong>1116</strong><br />(+24 for winning)
|raw|O YAGO's rating: 1068 &rarr; <strong>1049</strong><br />(-19 for losing)
|l|☆Lunartaiga
|player|p1|
|l|☆O YAGO
|player|p2|
