|j|☆Yigufeng
|j|☆hheitorzinmvp
|t:|1760789842
|gametype|singles
|player|p1|Yigufeng|cynthia|1084
|player|p2|hheitorzinmvp|ingo|1092
|gen|9
|tier|[Gen 9] OU
|rated|
|rule|HP Percentage Mod: HP is shown in percentages
|rule|Endless Battle Clause: Forcing endless battles is banned
|rule|Species Clause: Limit one of each Pokémon
|rule|OHKO Clause: OHKO moves are banned
|rule|Evasion Items Clause: Evasion items are banned
|rule|Evasion Moves Clause: Evasion moves are banned
|rule|Evasion Abilities Clause: Evasion abilities are banned
|rule|Sleep Moves Clause: Sleep-inducing moves are banned
|clearpoke
|poke|p1|Skarmory, F|
|poke|p1|Eiscue, F|
|poke|p1|Squawkabilly, F|
|poke|p1|Volbeat, M|
|poke|p1|Hatterene, F|
|poke|p1|Great Tusk|
|poke|p2|Gliscor, F|
|poke|p2|Salamence, F|
|poke|p2|Heatran, F|
|poke|p2|Toxapex, M|
|poke|p2|Galvantula, M|
|poke|p2|Excadrill, F|
|teampreview
|
|t:|1760789855
|teamsize|p1|6
|teamsize|p2|6
|start
|switch|p1a: Skarmory|Skarmory, F|100/100
|switch|p2a: Salamence|Salamence, F|100/100
|turn|1
|
|t:|1760789865
|move|p2a: Salamence|Dragon Dance|p2a: Salamence
|-boost|p2a: Salamence|atk|1
|-boost|p2a: Salamence|spe|1
|move|p1a: Skarmory|Stealth Rock|p2a: Salamence
|-sidestart|p2: hheitorzinmvp|move: Stealth Rock
|
|upkeep
|turn|2
|
|t:|1760789872
|move|p2a: Salamence|Dragon Dance|p2a: Salamence
|-boost|p2a: Salamence|atk|1
|-boost|p2a: Salamence|spe|1
|move|p1a: Skarmory|Spikes|p2a: Salamence
|-sidestart|p2: hheitorzinmvp|Spikes
|
|upkeep
|turn|3
|
|t:|1760789880
|move|p2a: Salamence|Dragon Rush|p1a: Skarmory|[miss]
|-miss|p2a: Salamence|p1a: Skarmory
|move|p1a: Skarmory|Roar|p2a: Salamence
|drag|p2a: Excadrill|Excadrill, F|100/100
|-ability|p2a: Excadrill|Mold Breaker
|
|upkeep
|turn|4
|
|t:|1760789890
|move|p2a: Excadrill|Rapid Spin|p1a: Skarmory
|-resisted|p1a: Skarmory
|-damage|p1a: Skarmory|95/100
|-boost|p2a: Excadrill|spe|1
|-damage|p2a: Excadrill|84/100|[from] item: Rocky Helmet|[of] p1a: Skarmory
|-sideend|p2: hheitorzinmvp|Spikes|[from] move: Rapid Spin|[of] p2a: Excadrill
|-sideend|p2: hheitorzinmvp|Stealth Rock|[from] move: Rapid Spin|[of] p2a: Excadrill
|move|p1a: Skarmory|Spikes|p2a: Excadrill
|-sidestart|p2: hheitorzinmvp|Spikes
|
|upkeep
|turn|5
|
|t:|1760789905
|switch|p1a: Great Tusk|Great Tusk|100/100
|move|p2a: Excadrill|Stealth Rock|p1a: Great Tusk
|-sidestart|p1: Yigufeng|move: Stealth Rock
|
|upkeep
|turn|6
|
|t:|1760789925
|switch|p2a: Salamence|Salamence, F|100/100
|move|p1a: Great Tusk|Close Combat|p2a: Salamence
|-resisted|p2a: Salamence
|-damage|p2a: Salamence|55/100
|-unboost|p1a: Great Tusk|def|1
|-unboost|p1a: Great Tusk|spd|1
|-damage|p1a: Great Tusk|91/100|[from] item: Life Orb
|
|upkeep
|turn|7
|
|t:|1760789935
|move|p1a: Great Tusk|Ice Spinner|p2a: Salamence
|-supereffective|p2a: Salamence
|-damage|p2a: Salamence|0 fnt
|faint|p2a: Salamence
|-damage|p1a: Great Tusk|81/100|[from] item: Life Orb
|
|upkeep
|
|t:|1760789957
|switch|p2a: Gliscor|Gliscor, F|100/100
|turn|8
|
|t:|1760789971
|move|p2a: Gliscor|Protect|p2a: Gliscor
|-singleturn|p2a: Gliscor|Protect
|move|p1a: Great Tusk|Ice Spinner|p2a: Gliscor
|-activate|p2a: Gliscor|move: Protect
|
|-status|p2a: Gliscor|tox|[from] item: Toxic Orb
|upkeep
|turn|9
|
|t:|1760789981
|move|p1a: Great Tusk|Ice Spinner|p2a: Gliscor
|-supereffective|p2a: Gliscor
|-damage|p2a: Gliscor|0 fnt
|faint|p2a: Gliscor
|-damage|p1a: Great Tusk|71/100|[from] item: Life Orb
|
|upkeep
|
|t:|1760790012
|switch|p2a: Excadrill|Excadrill, F|84/100
|-ability|p2a: Excadrill|Mold Breaker
|turn|10
|
|t:|1760790028
|move|p1a: Great Tusk|Close Combat|p2a: Excadrill
|-supereffective|p2a: Excadrill
|-damage|p2a: Excadrill|0 fnt
|-unboost|p1a: Great Tusk|def|1
|-unboost|p1a: Great Tusk|spd|1
|faint|p2a: Excadrill
|-damage|p1a: Great Tusk|61/100|[from] item: Life Orb
|
|upkeep
|
|t:|1760790037
|switch|p2a: Heatran|Heatran, F|100/100
|-damage|p2a: Heatran|88/100|[from] Spikes
|turn|11
|
|t:|1760790047
|-terastallize|p2a: Heatran|Water
|move|p1a: Great Tusk|Rapid Spin|p2a: Heatran
|-damage|p2a: Heatran|68/100
|-boost|p1a: Great Tusk|spe|1
|-sideend|p1: Yigufeng|Stealth Rock|[from] move: Rapid Spin|[of] p1a: Great Tusk
|-damage|p1a: Great Tusk|51/100|[from] item: Life Orb
|move|p2a: Heatran|Dragon Pulse|p1a: Great Tusk
|-damage|p1a: Great Tusk|0 fnt
|faint|p1a: Great Tusk
|-end|p1a: Great Tusk|Protosynthesis|[silent]
|
|upkeep
|
|t:|1760790075
|switch|p1a: Squawkabilly|Squawkabilly, F|100/100
|turn|12
|
|t:|1760790087
|move|p1a: Squawkabilly|Brave Bird|p2a: Heatran
|-damage|p2a: Heatran|22/100
|-damage|p1a: Squawkabilly|84/100|[from] Recoil
|move|p2a: Heatran|Dragon Pulse|p1a: Squawkabilly
|-damage|p1a: Squawkabilly|0 fnt
|faint|p1a: Squawkabilly
|
|upkeep
|
|t:|1760790099
|switch|p1a: Hatterene|Hatterene, F|100/100
|turn|13
|
|t:|1760790107
|move|p2a: Heatran|Dragon Pulse|p1a: Hatterene
|-immune|p1a: Hatterene
|move|p1a: Hatterene|Draining Kiss|p2a: Heatran
|-damage|p2a: Heatran|0 fnt
|faint|p2a: Heatran
|-damage|p1a: Hatterene|91/100|[from] item: Life Orb
|
|upkeep
|
|t:|1760790122
|switch|p2a: Toxapex|Toxapex, M|100/100
|-damage|p2a: Toxapex|88/100|[from] Spikes
|turn|14
|
|t:|1760790130
|move|p2a: Toxapex|Toxic Spikes|p1a: Hatterene
|move|p1a: Hatterene|Toxic Spikes|p2a: Toxapex|[from] ability: Magic Bounce
|-sidestart|p2: hheitorzinmvp|move: Toxic Spikes
|move|p1a: Hatterene|Thunder Wave|p2a: Toxapex
|-status|p2a: Toxapex|par
|
|-heal|p2a: Toxapex|94/100 par|[from] item: Leftovers
|upkeep
|turn|15
|
|t:|1760790143
|move|p1a: Hatterene|Draining Kiss|p2a: Toxapex
|-resisted|p2a: Toxapex
|-damage|p2a: Toxapex|80/100 par
|-heal|p1a: Hatterene|100/100|[from] drain|[of] p2a: Toxapex
|-damage|p1a: Hatterene|91/100|[from] item: Life Orb
|cant|p2a: Toxapex|par
|
|-heal|p2a: Toxapex|86/100 par|[from] item: Leftovers
|upkeep
|turn|16
|
|t:|1760790154
|move|p1a: Hatterene|Pain Split|p2a: Toxapex
|-sethp|p2a: Toxapex|85/100 par|[from] move: Pain Split|[silent]
|-sethp|p1a: Hatterene|91/100|[from] move: Pain Split
|move|p2a: Toxapex|Gunk Shot|p1a: Hatterene
|-supereffective|p1a: Hatterene
|-damage|p1a: Hatterene|18/100
|-status|p1a: Hatterene|psn
|
|-heal|p2a: Toxapex|91/100 par|[from] item: Leftovers
|-damage|p1a: Hatterene|6/100 psn|[from] psn
|upkeep
|turn|17
|
|t:|1760790167
|move|p1a: Hatterene|Pain Split|p2a: Toxapex
|-sethp|p2a: Toxapex|48/100 par|[from] move: Pain Split|[silent]
|-sethp|p1a: Hatterene|52/100 psn|[from] move: Pain Split
|cant|p2a: Toxapex|par
|
|-heal|p2a: Toxapex|55/100 par|[from] item: Leftovers
|-damage|p1a: Hatterene|40/100 psn|[from] psn
|upkeep
|turn|18
|
|t:|1760790178
|move|p2a: Toxapex|Protect|p2a: Toxapex
|-singleturn|p2a: Toxapex|Protect
|move|p1a: Hatterene|Pain Split|p2a: Toxapex
|-activate|p2a: Toxapex|move: Protect
|
|-heal|p2a: Toxapex|61/100 par|[from] item: Leftovers
|-damage|p1a: Hatterene|28/100 psn|[from] psn
|upkeep
|turn|19
|
|t:|1760790190
|move|p1a: Hatterene|Pain Split|p2a: Toxapex
|-sethp|p2a: Toxapex|43/100 par|[from] move: Pain Split|[silent]
|-sethp|p1a: Hatterene|46/100 psn|[from] move: Pain Split
|move|p2a: Toxapex|Gunk Shot|p1a: Hatterene
|-supereffective|p1a: Hatterene
|-damage|p1a: Hatterene|0 fnt
|faint|p1a: Hatterene
|
|-heal|p2a: Toxapex|49/100 par|[from] item: Leftovers
|upkeep
|
|t:|1760790203
|switch|p1a: Skarmory|Skarmory, F|95/100
|turn|20
|l|☆hheitorzinmvp
|player|p2|
|j|☆hheitorzinmvp
|player|p2|hheitorzinmvp|ingo|
|inactive|Battle timer is ON: inactive players will automatically lose when time's up. (requested by Yigufeng)
|inactiveoff|Battle timer is now OFF.
|
|t:|1760790272
|switch|p2a: Galvantula|Galvantula, M|100/100
|-damage|p2a: Galvantula|88/100|[from] Spikes
|-status|p2a: Galvantula|psn
|move|p1a: Skarmory|Stealth Rock|p2a: Galvantula
|-sidestart|p2: hheitorzinmvp|move: Stealth Rock
|
|-damage|p2a: Galvantula|76/100 psn|[from] psn
|upkeep
|turn|21
|l|☆Yigufeng
|player|p1|
|j|☆Yigufeng
|player|p1|Yigufeng|cynthia|
|
|t:|1760790289
|move|p2a: Galvantula|Thunder Wave|p1a: Skarmory
|-status|p1a: Skarmory|par
|move|p1a: Skarmory|Spikes|p2a: Galvantula
|-sidestart|p2: hheitorzinmvp|Spikes
|
|-damage|p2a: Galvantula|63/100 psn|[from] psn
|upkeep
|turn|22
|
|t:|1760790298
|move|p2a: Galvantula|Thunder|p1a: Skarmory
|-supereffective|p1a: Skarmory
|-damage|p1a: Skarmory|0 fnt
|faint|p1a: Skarmory
|
|-damage|p2a: Galvantula|51/100 psn|[from] psn
|upkeep
|
|t:|1760790310
|switch|p1a: Volbeat|Volbeat, M|100/100
|turn|23
|
|t:|1760790316
|move|p1a: Volbeat|Light Screen|p1a: Volbeat
|-sidestart|p1: Yigufeng|move: Light Screen
|move|p2a: Galvantula|Thunder|p1a: Volbeat
|-damage|p1a: Volbeat|83/100
|
|-damage|p2a: Galvantula|39/100 psn|[from] psn
|upkeep
|turn|24
|
|t:|1760790336
|switch|p2a: Toxapex|Toxapex, M|83/100 par
|-damage|p2a: Toxapex|66/100 par|[from] Spikes
|-sideend|p2: hheitorzinmvp|move: Toxic Spikes|[of] p2a: Toxapex
|-damage|p2a: Toxapex|54/100 par|[from] Stealth Rock
|-terastallize|p1a: Volbeat|Ground
|move|p1a: Volbeat|Tailwind|p1a: Volbeat
|-sidestart|p1: Yigufeng|move: Tailwind
|
|-heal|p2a: Toxapex|60/100 par|[from] item: Leftovers
|upkeep
|turn|25
|
|t:|1760790352
|switch|p1a: Eiscue|Eiscue, F|100/100
|move|p2a: Toxapex|Toxic Spikes|p1a: Eiscue
|-sidestart|p1: Yigufeng|move: Toxic Spikes
|
|-heal|p2a: Toxapex|66/100 par|[from] item: Leftovers
|upkeep
|turn|26
|
|t:|1760790367
|move|p1a: Eiscue|Belly Drum|p1a: Eiscue
|-damage|p1a: Eiscue|50/100
|-setboost|p1a: Eiscue|atk|6|[from] move: Belly Drum
|move|p2a: Toxapex|Gunk Shot|p1a: Eiscue
|-activate|p1a: Eiscue|ability: Ice Face
|-damage|p1a: Eiscue|50/100
|detailschange|p1a: Eiscue|Eiscue-Noice, F
|
|-heal|p2a: Toxapex|72/100 par|[from] item: Leftovers
|upkeep
|turn|27
|l|☆Yigufeng
|player|p1|
|j|☆Yigufeng
|player|p1|Yigufeng|cynthia|
|
|t:|1760790419
|move|p1a: Eiscue|Icicle Spear|p2a: Toxapex
|-resisted|p2a: Toxapex
|-damage|p2a: Toxapex|56/100 par
|-resisted|p2a: Toxapex
|-damage|p2a: Toxapex|40/100 par
|-resisted|p2a: Toxapex
|-damage|p2a: Toxapex|25/100 par
|-resisted|p2a: Toxapex
|-damage|p2a: Toxapex|9/100 par
|-hitcount|p2a: Toxapex|4
|move|p2a: Toxapex|Gunk Shot|p1a: Eiscue
|-damage|p1a: Eiscue|4/100
|
|-heal|p2a: Toxapex|15/100 par|[from] item: Leftovers
|-sideend|p1: Yigufeng|move: Light Screen
|-sideend|p1: Yigufeng|move: Tailwind
|upkeep
|turn|28
|
|t:|1760790436
|cant|p2a: Toxapex|par
|move|p1a: Eiscue|Icicle Spear|p2a: Toxapex
|-resisted|p2a: Toxapex
|-damage|p2a: Toxapex|0 fnt
|faint|p2a: Toxapex
|-hitcount|p2: Toxapex|1
|
|upkeep
|
|t:|1760790444
|switch|p2a: Galvantula|Galvantula, M|39/100 psn
|-damage|p2a: Galvantula|22/100 psn|[from] Spikes
|-damage|p2a: Galvantula|0 fnt|[from] Stealth Rock
|faint|p2a: Galvantula
|
|win|Yigufeng
|raw|Yigufeng's rating: 1084 &rarr; <strong>1112</strong><br />(+28 for winning)
|raw|hheitorzinmvp's rating: 1092 &rarr; <strong>1068</strong><br />(-24 for losing)
|l|☆Yigufeng
|player|p1|
|l|☆hheitorzinmvp
|player|p2|
