|j|☆effggg
|j|☆Petey2210
|t:|1760747196
|gametype|singles
|player|p1|effggg|lyra|1141
|player|p2|Petey2210|266|1090
|gen|9
|tier|[Gen 9] OU
|rated|
|rule|HP Percentage Mod: HP is shown in percentages
|rule|Endless Battle Clause: Forcing endless battles is banned
|rule|Species Clause: Limit one of each Pokémon
|rule|OHKO Clause: OHKO moves are banned
|rule|Evasion Items Clause: Evasion items are banned
|rule|Evasion Moves Clause: Evasion moves are banned
|rule|Evasion Abilities Clause: Evasion abilities are banned
|rule|Sleep Moves Clause: Sleep-inducing moves are banned
|clearpoke
|poke|p1|Meowscarada, M|
|poke|p1|Gengar, M|
|poke|p1|Rotom-Heat|
|poke|p1|Great Tusk|
|poke|p1|Walking Wake|
|poke|p1|Iron Valiant|
|poke|p2|Ceruledge, M|
|poke|p2|Venusaur, F|
|poke|p2|Ninetales, M|
|poke|p2|Walking Wake|
|poke|p2|Landorus-Therian, M|
|poke|p2|Slowking-Galar, M|
|teampreview
|inactive|Battle timer is ON: inactive players will automatically lose when time's up. (requested by effggg)
|
|t:|1760747210
|teamsize|p1|6
|teamsize|p2|6
|start
|switch|p1a: Gengar|Gengar, M, shiny|100/100
|switch|p2a: Landorus|Landorus-Therian, M|100/100
|-ability|p2a: Landorus|Intimidate|boost
|-unboost|p1a: Gengar|atk|1
|turn|1
|
|t:|1760747219
|-terastallize|p1a: Gengar|Flying
|move|p1a: Gengar|Mean Look|p2a: Landorus
|-activate|p2a: Landorus|trapped
|move|p2a: Landorus|Earthquake|p1a: Gengar
|-immune|p1a: Gengar
|
|upkeep
|turn|2
|
|t:|1760747232
|move|p1a: Gengar|Encore|p2a: Landorus
|-start|p2a: Landorus|Encore
|move|p2a: Landorus|Earthquake|p1a: Gengar
|-immune|p1a: Gengar
|
|upkeep
|turn|3
|
|t:|1760747240
|move|p1a: Gengar|Nasty Plot|p1a: Gengar
|-boost|p1a: Gengar|spa|2
|move|p2a: Landorus|Earthquake|p1a: Gengar
|-immune|p1a: Gengar
|
|upkeep
|turn|4
|
|t:|1760747247
|move|p1a: Gengar|Nasty Plot|p1a: Gengar
|-boost|p1a: Gengar|spa|2
|move|p2a: Landorus|Earthquake|p1a: Gengar
|-immune|p1a: Gengar
|
|-end|p2a: Landorus|Encore
|upkeep
|turn|5
|
|t:|1760747254
|move|p1a: Gengar|Encore|p2a: Landorus
|-start|p2a: Landorus|Encore
|move|p2a: Landorus|Earthquake|p1a: Gengar
|-immune|p1a: Gengar
|
|upkeep
|turn|6
|
|t:|1760747266
|move|p1a: Gengar|Nasty Plot|p1a: Gengar
|-boost|p1a: Gengar|spa|2
|move|p2a: Landorus|Earthquake|p1a: Gengar
|-immune|p1a: Gengar
|
|upkeep
|turn|7
|
|t:|1760747273
|move|p1a: Gengar|Tera Blast|p2a: Landorus|[anim] Tera Blast Flying
|-damage|p2a: Landorus|0 fnt
|faint|p2a: Landorus
|
|upkeep
|
|t:|1760747297
|switch|p2a: Ninetales|Ninetales, M|100/100
|-weather|SunnyDay|[from] ability: Drought|[of] p2a: Ninetales
|turn|8
|
|t:|1760747310
|move|p1a: Gengar|Tera Blast|p2a: Ninetales|[anim] Tera Blast Flying
|-crit|p2a: Ninetales
|-damage|p2a: Ninetales|0 fnt
|faint|p2a: Ninetales
|
|-weather|SunnyDay|[upkeep]
|upkeep
|
|t:|1760747313
|switch|p2a: Venusaur|Venusaur, F|100/100
|turn|9
|
|t:|1760747320
|move|p2a: Venusaur|Weather Ball|p1a: Gengar
|-damage|p1a: Gengar|27/100
|-start|p2a: Venusaur|Disable|Weather Ball|[from] ability: Cursed Body|[of] p1a: Gengar
|move|p1a: Gengar|Tera Blast|p2a: Venusaur|[anim] Tera Blast Flying
|-supereffective|p2a: Venusaur
|-damage|p2a: Venusaur|0 fnt
|faint|p2a: Venusaur
|
|-weather|SunnyDay|[upkeep]
|upkeep
|
|t:|1760747323
|switch|p2a: Ceruledge|Ceruledge, M|100/100
|turn|10
|
|t:|1760747330
|move|p2a: Ceruledge|Shadow Sneak|p1a: Gengar
|-damage|p1a: Gengar|0 fnt
|faint|p1a: Gengar
|
|-weather|SunnyDay|[upkeep]
|upkeep
|
|t:|1760747338
|switch|p1a: Walking Wake|Walking Wake|100/100
|-activate|p1a: Walking Wake|ability: Protosynthesis
|-start|p1a: Walking Wake|protosynthesisspa
|turn|11
|inactive|Petey2210 has 120 seconds left.
|
|t:|1760747385
|switch|p2a: Slowking|Slowking-Galar, M|100/100
|move|p1a: Walking Wake|Agility|p1a: Walking Wake
|-boost|p1a: Walking Wake|spe|2
|
|-weather|SunnyDay|[upkeep]
|upkeep
|turn|12
|
|t:|1760747392
|move|p1a: Walking Wake|Hydro Steam|p2a: Slowking
|-damage|p2a: Slowking|51/100
|move|p2a: Slowking|Thunder Wave|p1a: Walking Wake
|-status|p1a: Walking Wake|par
|
|-weather|SunnyDay|[upkeep]
|-heal|p2a: Slowking|57/100|[from] item: Leftovers
|upkeep
|turn|13
|inactive|Petey2210 has 120 seconds left.
|
|t:|1760747404
|move|p1a: Walking Wake|Hydro Steam|p2a: Slowking
|-damage|p2a: Slowking|7/100
|-prepare|p2a: Slowking|Chilly Reception|[premajor]
|move|p2a: Slowking|Chilly Reception|p2a: Slowking
|-weather|Snowscape
|-end|p1a: Walking Wake|Protosynthesis
|
|t:|1760747409
|switch|p2a: Walking Wake|Walking Wake|100/100|[from] Chilly Reception
|
|-weather|Snowscape|[upkeep]
|upkeep
|turn|14
|inactive|Petey2210 has 120 seconds left.
|
|t:|1760747422
|-terastallize|p2a: Walking Wake|Steel
|move|p2a: Walking Wake|Draco Meteor|p1a: Walking Wake
|-supereffective|p1a: Walking Wake
|-damage|p1a: Walking Wake|0 fnt
|-unboost|p2a: Walking Wake|spa|2
|faint|p1a: Walking Wake
|-end|p1a: Walking Wake|Protosynthesis|[silent]
|
|-weather|Snowscape|[upkeep]
|upkeep
|
|t:|1760747436
|switch|p1a: Rotom|Rotom-Heat|100/100
|turn|15
|
|t:|1760747441
|-end|p2a: Walking Wake|Protosynthesis|[silent]
|switch|p2a: Ceruledge|Ceruledge, M|100/100
|move|p1a: Rotom|Trick|p2a: Ceruledge
|-activate|p1a: Rotom|move: Trick|[of] p2a: Ceruledge
|-item|p2a: Ceruledge|Choice Scarf|[from] move: Trick
|-item|p1a: Rotom|Heavy-Duty Boots|[from] move: Trick
|
|-weather|Snowscape|[upkeep]
|upkeep
|turn|16
|
|t:|1760747455
|move|p2a: Ceruledge|Bitter Blade|p1a: Rotom
|-resisted|p1a: Rotom
|-damage|p1a: Rotom|69/100
|move|p1a: Rotom|Volt Switch|p2a: Ceruledge
|-damage|p2a: Ceruledge|68/100
|
|t:|1760747461
|switch|p1a: Great Tusk|Great Tusk|100/100|[from] Volt Switch
|
|-weather|Snowscape|[upkeep]
|upkeep
|turn|17
|
|t:|1760747468
|move|p2a: Ceruledge|Bitter Blade|p1a: Great Tusk
|-damage|p1a: Great Tusk|61/100
|-heal|p2a: Ceruledge|89/100|[from] drain|[of] p1a: Great Tusk
|move|p1a: Great Tusk|Headlong Rush|p2a: Ceruledge
|-supereffective|p2a: Ceruledge
|-damage|p2a: Ceruledge|0 fnt
|-unboost|p1a: Great Tusk|def|1
|-unboost|p1a: Great Tusk|spd|1
|faint|p2a: Ceruledge
|
|-weather|none
|upkeep
|
|t:|1760747471
|switch|p2a: Walking Wake|Walking Wake, tera:Steel|100/100
|turn|18
|
|t:|1760747481
|-end|p1a: Great Tusk|Protosynthesis|[silent]
|switch|p1a: Iron Valiant|Iron Valiant|100/100
|move|p2a: Walking Wake|Hydro Steam|p1a: Iron Valiant
|-damage|p1a: Iron Valiant|22/100
|
|upkeep
|turn|19
|
|t:|1760747493
|move|p1a: Iron Valiant|Close Combat|p2a: Walking Wake
|-supereffective|p2a: Walking Wake
|-damage|p2a: Walking Wake|0 fnt
|-unboost|p1a: Iron Valiant|def|1
|-unboost|p1a: Iron Valiant|spd|1
|faint|p2a: Walking Wake
|-end|p2a: Walking Wake|Protosynthesis|[silent]
|-damage|p1a: Iron Valiant|12/100|[from] item: Life Orb
|
|upkeep
|
|t:|1760747496
|switch|p2a: Slowking|Slowking-Galar, M|41/100
|turn|20
|
|t:|1760747502
|move|p1a: Iron Valiant|Close Combat|p2a: Slowking
|-resisted|p2a: Slowking
|-damage|p2a: Slowking|21/100
|-unboost|p1a: Iron Valiant|def|1
|-unboost|p1a: Iron Valiant|spd|1
|-damage|p1a: Iron Valiant|2/100|[from] item: Life Orb
|move|p2a: Slowking|Future Sight|p1a: Iron Valiant
|-start|p2a: Slowking|move: Future Sight
|
|-heal|p2a: Slowking|27/100|[from] item: Leftovers
|upkeep
|turn|21
|
|t:|1760747512
|move|p1a: Iron Valiant|Ice Punch|p2a: Slowking
|-damage|p2a: Slowking|0 fnt
|faint|p2a: Slowking
|-damage|p1a: Iron Valiant|0 fnt|[from] item: Life Orb
|faint|p1a: Iron Valiant
|-end|p1a: Iron Valiant|Quark Drive|[silent]
|
|win|effggg
|raw|effggg's rating: 1141 &rarr; <strong>1162</strong><br />(+21 for winning)
|raw|Petey2210's rating: 1090 &rarr; <strong>1070</strong><br />(-20 for losing)
|l|☆Petey2210
|player|p2|
