|j|☆newhere1310
|j|☆rexydoodlesss
|t:|1760852584
|gametype|singles
|player|p1|newhere1310|gentleman-lgpe|1602
|player|p2|rexydoodlesss|adaman|1646
|gen|9
|tier|[Gen 9] OU
|rated|
|rule|HP Percentage Mod: HP is shown in percentages
|rule|Endless Battle Clause: Forcing endless battles is banned
|rule|Species Clause: Limit one of each Pokémon
|rule|OHKO Clause: OHKO moves are banned
|rule|Evasion Items Clause: Evasion items are banned
|rule|Evasion Moves Clause: Evasion moves are banned
|rule|Evasion Abilities Clause: Evasion abilities are banned
|rule|Sleep Moves Clause: Sleep-inducing moves are banned
|clearpoke
|poke|p1|Volcanion|
|poke|p1|Great Tusk|
|poke|p1|Iron Crown|
|poke|p1|Weavile, M|
|poke|p1|Clodsire, M|
|poke|p1|Dragonite, F|
|poke|p2|Araquanid, F|
|poke|p2|Gholdengo|
|poke|p2|Kingambit, F|
|poke|p2|Raging Bolt|
|poke|p2|Enamorus, F|
|poke|p2|Iron Moth|
|teampreview
|
|t:|1760852606
|teamsize|p1|6
|teamsize|p2|6
|start
|switch|p1a: Weavile|Weavile, M|100/100
|switch|p2a: Araquanid|Araquanid, F|100/100
|-ability|p1a: Weavile|Pressure
|turn|1
|
|t:|1760852612
|-terastallize|p1a: Weavile|Dark
|move|p1a: Weavile|Knock Off|p2a: Araquanid
|-damage|p2a: Araquanid|0 fnt
|-enditem|p2a: Araquanid|Custap Berry|[from] move: Knock Off|[of] p1a: Weavile
|faint|p2a: Araquanid
|
|upkeep
|
|t:|1760852616
|switch|p2a: Enamorus|Enamorus, F|100/100
|turn|2
|
|t:|1760852621
|switch|p1a: Volcanion|Volcanion|100/100
|move|p2a: Enamorus|Earth Power|p1a: Volcanion
|-supereffective|p1a: Volcanion
|-damage|p1a: Volcanion|33/100
|
|upkeep
|turn|3
|
|t:|1760852630
|switch|p2a: Gholdengo|Gholdengo|100/100
|-item|p2a: Gholdengo|Air Balloon
|switch|p1a: Dragonite|Dragonite, F|100/100
|
|upkeep
|turn|4
|
|t:|1760852633
|switch|p1a: Volcanion|Volcanion|33/100
|move|p2a: Gholdengo|Shadow Ball|p1a: Volcanion
|-damage|p1a: Volcanion|0 fnt
|faint|p1a: Volcanion
|
|upkeep
|
|t:|1760852636
|switch|p1a: Weavile|Weavile, M, tera:Dark|100/100
|-ability|p1a: Weavile|Pressure
|turn|5
|
|t:|1760852642
|switch|p1a: Iron Crown|Iron Crown|100/100
|-terastallize|p2a: Gholdengo|Flying
|move|p2a: Gholdengo|Make It Rain|p1a: Iron Crown
|-resisted|p1a: Iron Crown
|-damage|p1a: Iron Crown|65/100
|-unboost|p2a: Gholdengo|spa|1
|
|upkeep
|turn|6
|
|t:|1760852645
|switch|p2a: Raging Bolt|Raging Bolt|100/100
|-enditem|p2a: Raging Bolt|Booster Energy
|-activate|p2a: Raging Bolt|ability: Protosynthesis|[fromitem]
|-start|p2a: Raging Bolt|protosynthesisspa
|move|p1a: Iron Crown|Volt Switch|p2a: Raging Bolt
|-resisted|p2a: Raging Bolt
|-damage|p2a: Raging Bolt|92/100
|
|t:|1760852648
|-end|p1a: Iron Crown|Quark Drive|[silent]
|switch|p1a: Great Tusk|Great Tusk|100/100|[from] Volt Switch
|
|upkeep
|turn|7
|
|t:|1760852650
|move|p1a: Great Tusk|Headlong Rush|p2a: Raging Bolt
|-supereffective|p2a: Raging Bolt
|-damage|p2a: Raging Bolt|0 fnt
|-unboost|p1a: Great Tusk|def|1
|-unboost|p1a: Great Tusk|spd|1
|faint|p2a: Raging Bolt
|-end|p2a: Raging Bolt|Protosynthesis|[silent]
|
|upkeep
|
|t:|1760852652
|switch|p2a: Enamorus|Enamorus, F|100/100
|turn|8
|
|t:|1760852681
|-end|p1a: Great Tusk|Protosynthesis|[silent]
|switch|p1a: Clodsire|Clodsire, M|100/100
|move|p2a: Enamorus|Moonblast|p1a: Clodsire
|-resisted|p1a: Clodsire
|-damage|p1a: Clodsire|69/100
|-unboost|p1a: Clodsire|spa|1
|
|upkeep
|turn|9
|
|t:|1760852692
|switch|p2a: Kingambit|Kingambit, F|100/100
|-activate|p2a: Kingambit|ability: Supreme Overlord
|-start|p2a: Kingambit|fallen2|[silent]
|move|p1a: Clodsire|Recover|p1a: Clodsire
|-heal|p1a: Clodsire|100/100
|
|upkeep
|turn|10
|
|t:|1760852698
|-end|p2a: Kingambit|fallen2|[silent]
|switch|p2a: Iron Moth|Iron Moth|100/100
|-enditem|p2a: Iron Moth|Booster Energy
|-activate|p2a: Iron Moth|ability: Quark Drive|[fromitem]
|-start|p2a: Iron Moth|quarkdrivespa
|move|p1a: Clodsire|Earthquake|p2a: Iron Moth
|-supereffective|p2a: Iron Moth
|-damage|p2a: Iron Moth|0 fnt
|faint|p2a: Iron Moth
|-end|p2a: Iron Moth|Quark Drive|[silent]
|
|upkeep
|-message|rexydoodlesss forfeited.
|
|win|newhere1310
|raw|newhere1310's rating: 1620 &rarr; <strong>1641</strong><br />(+21 for winning)
|raw|rexydoodlesss's rating: 1646 &rarr; <strong>1625</strong><br />(-21 for losing)
|l|☆rexydoodlesss
|player|p2|
|l|☆newhere1310
|player|p1|
