|badge|p1|bronze|gen9ou|100-7
|uhtml|medal-msg|<div class="broadcast-blue">Curious what those medals under the avatar are? PS now has Ladder Seasons! For more information, check out the <a href="https://www.smogon.com/forums/threads/3740067/">thread on Smogon.</a></div>
|j|☆Auburn Hills
|j|☆kshuaib734
|t:|1760719847
|gametype|singles
|player|p1|Auburn Hills|alder|1800
|player|p2|kshuaib734|steven|1782
|gen|9
|tier|[Gen 9] OU
|rated|
|rule|HP Percentage Mod: HP is shown in percentages
|rule|Endless Battle Clause: Forcing endless battles is banned
|rule|Species Clause: Limit one of each Pokémon
|rule|OHKO Clause: OHKO moves are banned
|rule|Evasion Items Clause: Evasion items are banned
|rule|Evasion Moves Clause: Evasion moves are banned
|rule|Evasion Abilities Clause: Evasion abilities are banned
|rule|Sleep Moves Clause: Sleep-inducing moves are banned
|clearpoke
|poke|p1|Iron Moth|
|poke|p1|Umbreon, F|
|poke|p1|Garchomp, M|
|poke|p1|Glimmora, F|
|poke|p1|Gholdengo|
|poke|p1|Dragonite, F|
|poke|p2|Tyranitar, M|
|poke|p2|Overqwil, M|
|poke|p2|Pelipper, F|
|poke|p2|Quaquaval, F|
|poke|p2|Kingdra, F|
|poke|p2|Excadrill, M|
|teampreview
|inactive|Battle timer is ON: inactive players will automatically lose when time's up. (requested by kshuaib734)
|j| sdksod
|
|t:|1760719863
|teamsize|p1|6
|teamsize|p2|6
|start
|switch|p1a: Julia Jacklin|Glimmora, F|100/100
|switch|p2a: King Tyrant|Tyranitar, M|100/100
|-weather|Sandstorm|[from] ability: Sand Stream|[of] p2a: King Tyrant
|turn|1
|
|t:|1760719873
|switch|p2a: Tyrant's Downpour|Pelipper, F|100/100
|-weather|RainDance|[from] ability: Drizzle|[of] p2a: Tyrant's Downpour
|move|p1a: Julia Jacklin|Stealth Rock|p2a: Tyrant's Downpour
|-sidestart|p2: kshuaib734|move: Stealth Rock
|
|-weather|RainDance|[upkeep]
|upkeep
|turn|2
|
|t:|1760719879
|move|p1a: Julia Jacklin|Sludge Wave|p2a: Tyrant's Downpour
|-damage|p2a: Tyrant's Downpour|25/100
|move|p2a: Tyrant's Downpour|Weather Ball|p1a: Julia Jacklin
|-supereffective|p1a: Julia Jacklin
|-enditem|p1a: Julia Jacklin|Focus Sash
|-damage|p1a: Julia Jacklin|1/100
|
|-weather|RainDance|[upkeep]
|upkeep
|turn|3
|
|t:|1760719891
|move|p1a: Julia Jacklin|Earth Power|p2a: Tyrant's Downpour
|-immune|p2a: Tyrant's Downpour
|move|p2a: Tyrant's Downpour|Weather Ball|p1a: Julia Jacklin
|-supereffective|p1a: Julia Jacklin
|-damage|p1a: Julia Jacklin|0 fnt
|faint|p1a: Julia Jacklin
|
|-weather|RainDance|[upkeep]
|upkeep
|
|t:|1760719895
|switch|p1a: Elucid|Dragonite, F|100/100
|turn|4
|
|t:|1760719902
|switch|p2a: King Tyrant|Tyranitar, M|100/100
|-damage|p2a: King Tyrant|88/100|[from] Stealth Rock
|-weather|Sandstorm|[from] ability: Sand Stream|[of] p2a: King Tyrant
|move|p1a: Elucid|Dragon Dance|p1a: Elucid
|-boost|p1a: Elucid|atk|1
|-boost|p1a: Elucid|spe|1
|
|-weather|Sandstorm|[upkeep]
|-damage|p1a: Elucid|94/100|[from] Sandstorm
|upkeep
|turn|5
|j| Ggtggg
|
|t:|1760719911
|move|p1a: Elucid|Earthquake|p2a: King Tyrant
|-supereffective|p2a: King Tyrant
|-damage|p2a: King Tyrant|6/100
|-enditem|p2a: King Tyrant|Weakness Policy
|-boost|p2a: King Tyrant|atk|2|[from] item: Weakness Policy
|-boost|p2a: King Tyrant|spa|2|[from] item: Weakness Policy
|move|p2a: King Tyrant|Ice Beam|p1a: Elucid
|-supereffective|p1a: Elucid
|-damage|p1a: Elucid|0 fnt
|faint|p1a: Elucid
|
|-weather|Sandstorm|[upkeep]
|upkeep
|
|t:|1760719933
|switch|p1a: Rat Tally|Garchomp, M|100/100
|turn|6
|
|t:|1760719943
|move|p1a: Rat Tally|Earthquake|p2a: King Tyrant
|-supereffective|p2a: King Tyrant
|-damage|p2a: King Tyrant|0 fnt
|faint|p2a: King Tyrant
|
|-weather|Sandstorm|[upkeep]
|upkeep
|
|t:|1760719948
|switch|p2a: Tyrant's Legacy|Excadrill, M|100/100
|-damage|p2a: Tyrant's Legacy|97/100|[from] Stealth Rock
|turn|7
|
|t:|1760719952
|move|p2a: Tyrant's Legacy|Rapid Spin|p1a: Rat Tally
|-damage|p1a: Rat Tally|75/100
|-boost|p2a: Tyrant's Legacy|spe|1
|-damage|p2a: Tyrant's Legacy|85/100|[from] ability: Rough Skin|[of] p1a: Rat Tally
|-sideend|p2: kshuaib734|Stealth Rock|[from] move: Rapid Spin|[of] p2a: Tyrant's Legacy
|-damage|p2a: Tyrant's Legacy|75/100|[from] item: Life Orb
|move|p1a: Rat Tally|Earthquake|p2a: Tyrant's Legacy
|-supereffective|p2a: Tyrant's Legacy
|-damage|p2a: Tyrant's Legacy|0 fnt
|faint|p2a: Tyrant's Legacy
|
|-weather|Sandstorm|[upkeep]
|upkeep
|
|t:|1760719962
|switch|p2a: Tyrant's Downpour|Pelipper, F|25/100
|-weather|RainDance|[from] ability: Drizzle|[of] p2a: Tyrant's Downpour
|turn|8
|j| ilytrix
|
|t:|1760719967
|move|p1a: Rat Tally|Scale Shot|p2a: Tyrant's Downpour
|-damage|p2a: Tyrant's Downpour|14/100
|-damage|p2a: Tyrant's Downpour|5/100
|-damage|p2a: Tyrant's Downpour|0 fnt
|faint|p2a: Tyrant's Downpour
|-hitcount|p2: Tyrant's Downpour|3
|-unboost|p1a: Rat Tally|def|1
|-boost|p1a: Rat Tally|spe|1
|
|-weather|RainDance|[upkeep]
|upkeep
|
|t:|1760719976
|switch|p2a: Tyrant's Vengeance|Kingdra, F|100/100
|turn|9
|
|t:|1760719980
|switch|p1a: Alvvays|Umbreon, F|100/100
|-terastallize|p2a: Tyrant's Vengeance|Water
|move|p2a: Tyrant's Vengeance|Weather Ball|p1a: Alvvays
|-damage|p1a: Alvvays|27/100
|
|-weather|RainDance|[upkeep]
|-heal|p1a: Alvvays|33/100|[from] item: Leftovers
|upkeep
|turn|10
|
|t:|1760719988
|move|p1a: Alvvays|Protect|p1a: Alvvays
|-singleturn|p1a: Alvvays|Protect
|move|p2a: Tyrant's Vengeance|Weather Ball|p1a: Alvvays
|-activate|p1a: Alvvays|move: Protect
|
|-weather|RainDance|[upkeep]
|-heal|p1a: Alvvays|39/100|[from] item: Leftovers
|upkeep
|turn|11
|
|t:|1760719996
|-terastallize|p1a: Alvvays|Water
|move|p2a: Tyrant's Vengeance|Weather Ball|p1a: Alvvays
|-resisted|p1a: Alvvays
|-damage|p1a: Alvvays|6/100
|move|p1a: Alvvays|Wish|p1a: Alvvays
|
|-weather|RainDance|[upkeep]
|-heal|p1a: Alvvays|12/100|[from] item: Leftovers
|upkeep
|turn|12
|
|t:|1760720004
|switch|p2a: Tyrant's Endgame|Quaquaval, F|100/100
|move|p1a: Alvvays|Protect||[still]
|-fail|p1a: Alvvays
|
|-weather|RainDance|[upkeep]
|-heal|p1a: Alvvays|62/100|[from] move: Wish|[wisher] Alvvays
|-heal|p1a: Alvvays|68/100|[from] item: Leftovers
|upkeep
|turn|13
|
|t:|1760720013
|move|p1a: Alvvays|Protect|p1a: Alvvays
|-singleturn|p1a: Alvvays|Protect
|move|p2a: Tyrant's Endgame|Close Combat|p1a: Alvvays
|-activate|p1a: Alvvays|move: Protect
|
|-weather|RainDance|[upkeep]
|-heal|p1a: Alvvays|74/100|[from] item: Leftovers
|upkeep
|turn|14
|
|t:|1760720020
|switch|p2a: Tyrant's Enforcer|Overqwil, M|100/100
|move|p1a: Alvvays|Thunder Wave|p2a: Tyrant's Enforcer
|-status|p2a: Tyrant's Enforcer|par
|
|-weather|RainDance|[upkeep]
|-heal|p1a: Alvvays|80/100|[from] item: Leftovers
|upkeep
|turn|15
|
|t:|1760720028
|switch|p1a: Rat Tally|Garchomp, M|75/100
|move|p2a: Tyrant's Enforcer|Taunt|p1a: Rat Tally
|-start|p1a: Rat Tally|move: Taunt
|
|-weather|none
|upkeep
|turn|16
|
|t:|1760720042
|move|p1a: Rat Tally|Earthquake|p2a: Tyrant's Enforcer
|-supereffective|p2a: Tyrant's Enforcer
|-crit|p2a: Tyrant's Enforcer
|-damage|p2a: Tyrant's Enforcer|0 fnt
|faint|p2a: Tyrant's Enforcer
|
|upkeep
|
|t:|1760720054
|switch|p2a: Tyrant's Vengeance|Kingdra, F, tera:Water|100/100
|turn|17
|
|t:|1760720060
|switch|p1a: Alvvays|Umbreon, F, tera:Water|80/100
|move|p2a: Tyrant's Vengeance|Flip Turn|p1a: Alvvays
|-resisted|p1a: Alvvays
|-damage|p1a: Alvvays|70/100
|
|t:|1760720066
|switch|p2a: Tyrant's Endgame|Quaquaval, F|100/100|[from] Flip Turn
|
|-heal|p1a: Alvvays|76/100|[from] item: Leftovers
|upkeep
|turn|18
|
|t:|1760720071
|move|p2a: Tyrant's Endgame|Close Combat|p1a: Alvvays
|-damage|p1a: Alvvays|26/100
|-unboost|p2a: Tyrant's Endgame|def|1
|-unboost|p2a: Tyrant's Endgame|spd|1
|move|p1a: Alvvays|Thunder Wave|p2a: Tyrant's Endgame
|-status|p2a: Tyrant's Endgame|par
|
|-heal|p1a: Alvvays|32/100|[from] item: Leftovers
|upkeep
|turn|19
|
|t:|1760720080
|switch|p2a: Tyrant's Vengeance|Kingdra, F, tera:Water|100/100
|move|p1a: Alvvays|Protect||[still]
|-fail|p1a: Alvvays
|
|-heal|p1a: Alvvays|38/100|[from] item: Leftovers
|upkeep
|turn|20
|
|t:|1760720086
|move|p1a: Alvvays|Protect|p1a: Alvvays
|-singleturn|p1a: Alvvays|Protect
|move|p2a: Tyrant's Vengeance|Draco Meteor|p1a: Alvvays
|-activate|p1a: Alvvays|move: Protect
|
|-heal|p1a: Alvvays|44/100|[from] item: Leftovers
|upkeep
|turn|21
|
|t:|1760720093
|switch|p1a: Smino|Gholdengo|100/100
|move|p2a: Tyrant's Vengeance|Draco Meteor|p1a: Smino
|-resisted|p1a: Smino
|-damage|p1a: Smino|52/100
|-unboost|p2a: Tyrant's Vengeance|spa|2
|
|upkeep
|turn|22
|
|t:|1760720101
|switch|p2a: Tyrant's Endgame|Quaquaval, F|100/100 par
|move|p1a: Smino|Shadow Ball|p2a: Tyrant's Endgame
|-damage|p2a: Tyrant's Endgame|41/100 par
|
|upkeep
|turn|23
|c|☆Auburn Hills|gg
|
|t:|1760720110
|cant|p2a: Tyrant's Endgame|par
|move|p1a: Smino|Shadow Ball|p2a: Tyrant's Endgame
|-crit|p2a: Tyrant's Endgame
|-damage|p2a: Tyrant's Endgame|0 fnt
|faint|p2a: Tyrant's Endgame
|
|upkeep
|-message|kshuaib734 forfeited.
|
|win|Auburn Hills
|raw|Auburn Hills's rating: 1800 &rarr; <strong>1819</strong><br />(+19 for winning)
|raw|kshuaib734's rating: 1782 &rarr; <strong>1763</strong><br />(-19 for losing)
|l|☆kshuaib734
|player|p2|
|l|☆Auburn Hills
|player|p1|
|l| ilytrix
