|j|☆Racecar321
|j|☆Fix can
|t:|1760858651
|gametype|singles
|player|p1|Racecar321|169|1301
|player|p2|Fix can|102|1306
|gen|9
|tier|[Gen 9] OU
|rated|
|rule|HP Percentage Mod: HP is shown in percentages
|rule|Endless Battle Clause: Forcing endless battles is banned
|rule|Species Clause: Limit one of each Pokémon
|rule|OHKO Clause: OHKO moves are banned
|rule|Evasion Items Clause: Evasion items are banned
|rule|Evasion Moves Clause: Evasion moves are banned
|rule|Evasion Abilities Clause: Evasion abilities are banned
|rule|Sleep Moves Clause: Sleep-inducing moves are banned
|clearpoke
|poke|p1|Cinderace, F|
|poke|p1|Scizor, M|
|poke|p1|Dragapult, M|
|poke|p1|Great Tusk|
|poke|p1|Darkrai|
|poke|p1|Dondozo, F|
|poke|p2|Heatran, F|
|poke|p2|Weavile, M|
|poke|p2|Wyrdeer, F|
|poke|p2|Decidueye, M|
|poke|p2|Swampert, M|
|poke|p2|Comfey, M|
|teampreview
|
|t:|1760858682
|teamsize|p1|6
|teamsize|p2|6
|start
|switch|p1a: Dragapult|Dragapult, M|100/100
|switch|p2a: Weavile|Weavile, M|100/100
|-ability|p2a: Weavile|Pressure
|turn|1
|inactive|Battle timer is ON: inactive players will automatically lose when time's up. (requested by Racecar321)
|
|t:|1760858695
|switch|p1a: Dondozo|Dondozo, F|100/100
|move|p2a: Weavile|Knock Off|p1a: Dondozo
|-damage|p1a: Dondozo|73/100
|-enditem|p1a: Dondozo|Leftovers|[from] move: Knock Off|[of] p2a: Weavile
|
|upkeep
|turn|2
|
|t:|1760858714
|switch|p2a: Decidueye|Decidueye, M|100/100
|move|p1a: Dondozo|Body Press|p2a: Decidueye
|-immune|p2a: Decidueye
|
|upkeep
|turn|3
|
|t:|1760858726
|switch|p1a: Scizor|Scizor, M|100/100
|move|p2a: Decidueye|U-turn|p1a: Scizor
|-resisted|p1a: Scizor
|-damage|p1a: Scizor|93/100
|
|t:|1760858731
|switch|p2a: Heatran|Heatran, F|100/100|[from] U-turn
|
|upkeep
|turn|4
|
|t:|1760858739
|-terastallize|p1a: Scizor|Fire
|move|p2a: Heatran|Stealth Rock|p1a: Scizor
|-sidestart|p1: Racecar321|move: Stealth Rock
|move|p1a: Scizor|Knock Off|p2a: Heatran
|-damage|p2a: Heatran|64/100
|-enditem|p2a: Heatran|Leftovers|[from] move: Knock Off|[of] p1a: Scizor
|
|upkeep
|turn|5
|
|t:|1760858750
|move|p2a: Heatran|Earth Power|p1a: Scizor
|-supereffective|p1a: Scizor
|-damage|p1a: Scizor|32/100
|-unboost|p1a: Scizor|spd|1
|move|p1a: Scizor|Knock Off|p2a: Heatran
|-damage|p2a: Heatran|40/100
|
|upkeep
|turn|6
|
|t:|1760858764
|switch|p1a: Great Tusk|Great Tusk|100/100
|-damage|p1a: Great Tusk|98/100|[from] Stealth Rock
|-enditem|p1a: Great Tusk|Booster Energy
|-activate|p1a: Great Tusk|ability: Protosynthesis|[fromitem]
|-start|p1a: Great Tusk|protosynthesisatk
|move|p2a: Heatran|Earth Power|p1a: Great Tusk
|-damage|p1a: Great Tusk|55/100
|
|upkeep
|turn|7
|
|t:|1760858778
|move|p1a: Great Tusk|Headlong Rush|p2a: Heatran
|-supereffective|p2a: Heatran
|-damage|p2a: Heatran|0 fnt
|-unboost|p1a: Great Tusk|def|1
|-unboost|p1a: Great Tusk|spd|1
|faint|p2a: Heatran
|
|upkeep
|
|t:|1760858783
|switch|p2a: Decidueye|Decidueye, M|100/100
|turn|8
|
|t:|1760858796
|move|p1a: Great Tusk|Ice Spinner|p2a: Decidueye
|-supereffective|p2a: Decidueye
|-damage|p2a: Decidueye|17/100
|move|p2a: Decidueye|Shadow Ball|p1a: Great Tusk
|-crit|p1a: Great Tusk
|-damage|p1a: Great Tusk|0 fnt
|faint|p1a: Great Tusk
|-end|p1a: Great Tusk|Protosynthesis|[silent]
|
|-heal|p2a: Decidueye|23/100|[from] item: Leftovers
|upkeep
|
|t:|1760858806
|switch|p1a: Cinderace|Cinderace, F|100/100
|turn|9
|
|t:|1760858819
|switch|p2a: Wyrdeer|Wyrdeer, F|100/100
|-ability|p2a: Wyrdeer|Intimidate|boost
|-unboost|p1a: Cinderace|atk|1
|move|p1a: Cinderace|Court Change|p1a: Cinderace
|-start|p1a: Cinderace|typechange|Normal|[from] ability: Libero
|-swapsideconditions
|-activate|p1a: Cinderace|move: Court Change
|
|upkeep
|turn|10
|
|t:|1760858829
|move|p1a: Cinderace|U-turn|p2a: Wyrdeer
|-supereffective|p2a: Wyrdeer
|-damage|p2a: Wyrdeer|62/100
|
|t:|1760858839
|switch|p1a: Darkrai|Darkrai|100/100|[from] U-turn
|move|p2a: Wyrdeer|Double-Edge|p1a: Darkrai
|-enditem|p2a: Wyrdeer|Normal Gem|[from] gem
|-damage|p1a: Darkrai|6/100
|-damage|p2a: Wyrdeer|37/100|[from] Recoil
|
|upkeep
|turn|11
|
|t:|1760858851
|switch|p2a: Comfey|Comfey, M|100/100
|-damage|p2a: Comfey|88/100|[from] Stealth Rock
|move|p1a: Darkrai|Dark Pulse|p2a: Comfey
|-resisted|p2a: Comfey
|-damage|p2a: Comfey|66/100
|
|upkeep
|turn|12
|
|t:|1760858861
|switch|p1a: Cinderace|Cinderace, F|100/100
|move|p2a: Comfey|Draining Kiss|p1a: Cinderace
|-resisted|p1a: Cinderace
|-damage|p1a: Cinderace|81/100
|-heal|p2a: Comfey|80/100|[from] drain|[of] p1a: Cinderace
|-damage|p2a: Comfey|70/100|[from] item: Life Orb
|
|upkeep
|turn|13
|
|t:|1760858870
|switch|p2a: Swampert|Swampert, M|100/100
|-damage|p2a: Swampert|94/100|[from] Stealth Rock
|move|p1a: Cinderace|Pyro Ball|p2a: Swampert|[miss]
|-miss|p1a: Cinderace|p2a: Swampert
|
|upkeep
|turn|14
|
|t:|1760858881
|move|p1a: Cinderace|U-turn|p2a: Swampert
|-start|p1a: Cinderace|typechange|Bug|[from] ability: Libero
|-damage|p2a: Swampert|61/100
|
|t:|1760858890
|switch|p1a: Dondozo|Dondozo, F|73/100|[from] U-turn
|move|p2a: Swampert|Flip Turn|p1a: Dondozo
|-resisted|p1a: Dondozo
|-damage|p1a: Dondozo|59/100
|
|t:|1760858902
|switch|p2a: Decidueye|Decidueye, M|23/100|[from] Flip Turn
|-damage|p2a: Decidueye|11/100|[from] Stealth Rock
|
|-heal|p2a: Decidueye|17/100|[from] item: Leftovers
|upkeep
|turn|15
|
|t:|1760858921
|switch|p1a: Darkrai|Darkrai|6/100
|move|p2a: Decidueye|Roost|p2a: Decidueye
|-heal|p2a: Decidueye|67/100
|-singleturn|p2a: Decidueye|move: Roost
|
|-heal|p2a: Decidueye|73/100|[from] item: Leftovers
|upkeep
|turn|16
|
|t:|1760858930
|-terastallize|p2a: Decidueye|Dark
|move|p1a: Darkrai|Sludge Bomb|p2a: Decidueye
|-damage|p2a: Decidueye|49/100
|move|p2a: Decidueye|U-turn|p1a: Darkrai
|-supereffective|p1a: Darkrai
|-damage|p1a: Darkrai|0 fnt
|faint|p1a: Darkrai
|
|t:|1760858944
|switch|p2a: Wyrdeer|Wyrdeer, F|37/100|[from] U-turn
|-damage|p2a: Wyrdeer|24/100|[from] Stealth Rock
|
|upkeep
|
|t:|1760858964
|switch|p1a: Scizor|Scizor, M, tera:Fire|32/100
|turn|17
|
|t:|1760858969
|move|p1a: Scizor|Bullet Punch|p2a: Wyrdeer
|-damage|p2a: Wyrdeer|0 fnt
|faint|p2a: Wyrdeer
|
|upkeep
|
|t:|1760858973
|switch|p2a: Swampert|Swampert, M|61/100
|-damage|p2a: Swampert|55/100|[from] Stealth Rock
|turn|18
|
|t:|1760858982
|switch|p1a: Dondozo|Dondozo, F|59/100
|move|p2a: Swampert|Earthquake|p1a: Dondozo
|-damage|p1a: Dondozo|17/100
|
|upkeep
|turn|19
|
|t:|1760858990
|move|p2a: Swampert|Earthquake|p1a: Dondozo
|-crit|p1a: Dondozo
|-damage|p1a: Dondozo|0 fnt
|faint|p1a: Dondozo
|
|upkeep
|
|t:|1760858995
|switch|p1a: Dragapult|Dragapult, M|100/100
|turn|20
|
|t:|1760859001
|switch|p2a: Comfey|Comfey, M|70/100
|-damage|p2a: Comfey|58/100|[from] Stealth Rock
|move|p1a: Dragapult|Shadow Ball|p2a: Comfey
|-damage|p2a: Comfey|5/100
|
|upkeep
|turn|21
|
|t:|1760859011
|switch|p1a: Scizor|Scizor, M, tera:Fire|32/100
|move|p2a: Comfey|Draining Kiss|p1a: Scizor
|-resisted|p1a: Scizor
|-damage|p1a: Scizor|17/100
|-heal|p2a: Comfey|17/100|[from] drain|[of] p1a: Scizor
|-damage|p2a: Comfey|8/100|[from] item: Life Orb
|
|upkeep
|turn|22
|
|t:|1760859022
|switch|p2a: Swampert|Swampert, M|55/100
|-damage|p2a: Swampert|49/100|[from] Stealth Rock
|move|p1a: Scizor|U-turn|p2a: Swampert
|-damage|p2a: Swampert|0 fnt
|faint|p2a: Swampert
|
|t:|1760859033
|switch|p1a: Cinderace|Cinderace, F|81/100|[from] U-turn
|
|upkeep
|
|t:|1760859042
|switch|p2a: Decidueye|Decidueye, M, tera:Dark|49/100
|-damage|p2a: Decidueye|37/100|[from] Stealth Rock
|turn|23
|
|t:|1760859053
|move|p1a: Cinderace|Pyro Ball|p2a: Decidueye
|-damage|p2a: Decidueye|0 fnt
|faint|p2a: Decidueye
|
|upkeep
|c|☆Fix can|Gg
|-message|Fix can forfeited.
|
|win|Racecar321
|raw|Racecar321's rating: 1301 &rarr; <strong>1321</strong><br />(+20 for winning)
|raw|Fix can's rating: 1306 &rarr; <strong>1286</strong><br />(-20 for losing)
|l|☆Fix can
|player|p2|
|l|☆Racecar321
|player|p1|
