|j|☆fatality_2
|j|☆Hdhdjdkdkkds
|t:|1760728387
|gametype|singles
|player|p1|fatality_2|pokekid|1158
|player|p2|Hdhdjdkdkkds|265|1207
|gen|9
|tier|[Gen 9] OU
|rated|
|rule|HP Percentage Mod: HP is shown in percentages
|rule|Endless Battle Clause: Forcing endless battles is banned
|rule|Species Clause: Limit one of each Pokémon
|rule|OHKO Clause: OHKO moves are banned
|rule|Evasion Items Clause: Evasion items are banned
|rule|Evasion Moves Clause: Evasion moves are banned
|rule|Evasion Abilities Clause: Evasion abilities are banned
|rule|Sleep Moves Clause: Sleep-inducing moves are banned
|clearpoke
|poke|p1|Swalot, M|
|poke|p1|Zamazenta-*|
|poke|p1|Weavile, M|
|poke|p1|Clefable, F|
|poke|p1|Ogerpon-Wellspring, F|
|poke|p1|Great Tusk|
|poke|p2|Great Tusk|
|poke|p2|Heatran, M|
|poke|p2|Weavile, M|
|poke|p2|Primarina, M|
|poke|p2|Ogerpon, F|
|poke|p2|Pecharunt|
|teampreview
|inactive|Battle timer is ON: inactive players will automatically lose when time's up. (requested by Hdhdjdkdkkds)
|
|t:|1760728396
|teamsize|p1|6
|teamsize|p2|6
|start
|switch|p1a: Swalot|Swalot, M|100/100
|switch|p2a: Primarina|Primarina, M, shiny|100/100
|turn|1
|
|t:|1760728400
|switch|p2a: Heatran|Heatran, M, shiny|100/100
|-item|p2a: Heatran|Air Balloon
|move|p1a: Swalot|Toxic Spikes|p2a: Heatran
|-sidestart|p2: Hdhdjdkdkkds|move: Toxic Spikes
|
|upkeep
|turn|2
|
|t:|1760728406
|move|p2a: Heatran|Magma Storm|p1a: Swalot
|-damage|p1a: Swalot|67/100
|-activate|p1a: Swalot|move: Magma Storm|[of] p2a: Heatran
|move|p1a: Swalot|Toxic Spikes|p2a: Heatran
|-sidestart|p2: Hdhdjdkdkkds|move: Toxic Spikes
|
|-damage|p1a: Swalot|55/100|[from] move: Magma Storm|[partiallytrapped]
|upkeep
|turn|3
|
|t:|1760728413
|move|p2a: Heatran|Taunt|p1a: Swalot
|-start|p1a: Swalot|move: Taunt
|move|p1a: Swalot|Knock Off|p2a: Heatran
|-damage|p2a: Heatran|82/100
|-enditem|p2a: Heatran|Air Balloon
|
|-damage|p1a: Swalot|42/100|[from] move: Magma Storm|[partiallytrapped]
|upkeep
|turn|4
|
|t:|1760728419
|move|p2a: Heatran|Earth Power|p1a: Swalot
|-supereffective|p1a: Swalot
|-damage|p1a: Swalot|0 fnt
|faint|p1a: Swalot
|
|upkeep
|
|t:|1760728422
|switch|p1a: Ogerpon|Ogerpon-Wellspring, F|100/100
|turn|5
|
|t:|1760728430
|switch|p2a: Pecharunt|Pecharunt|100/100
|-sideend|p2: Hdhdjdkdkkds|move: Toxic Spikes|[of] p2a: Pecharunt
|move|p1a: Ogerpon|Swords Dance|p1a: Ogerpon
|-boost|p1a: Ogerpon|atk|2
|
|upkeep
|turn|6
|
|t:|1760728453
|switch|p1a: Weavile|Weavile, M|100/100
|-ability|p1a: Weavile|Pressure
|move|p2a: Pecharunt|Malignant Chain|p1a: Weavile
|-crit|p1a: Weavile
|-damage|p1a: Weavile|35/100
|-status|p1a: Weavile|tox
|-start|p1a: Weavile|confusion|[from] ability: Poison Puppeteer|[of] p2a: Pecharunt
|
|-damage|p1a: Weavile|29/100 tox|[from] psn
|upkeep
|turn|7
|
|t:|1760728468
|switch|p2a: Ogerpon|Ogerpon, F|100/100
|-activate|p1a: Weavile|confusion
|-damage|p1a: Weavile|8/100 tox|[from] confusion
|
|-damage|p1a: Weavile|0 fnt|[from] psn
|faint|p1a: Weavile
|upkeep
|
|t:|1760728481
|switch|p1a: Clefable|Clefable, F|100/100
|turn|8
|
|t:|1760728489
|move|p2a: Ogerpon|Ivy Cudgel|p1a: Clefable
|-damage|p1a: Clefable|44/100
|move|p1a: Clefable|Stealth Rock|p2a: Ogerpon
|-sidestart|p2: Hdhdjdkdkkds|move: Stealth Rock
|
|-heal|p1a: Clefable|50/100|[from] item: Leftovers
|upkeep
|turn|9
|
|t:|1760728494
|switch|p1a: Zamazenta|Zamazenta|100/100
|-ability|p1a: Zamazenta|Dauntless Shield|boost
|-boost|p1a: Zamazenta|def|1
|move|p2a: Ogerpon|Ivy Cudgel|p1a: Zamazenta
|-damage|p1a: Zamazenta|53/100
|
|upkeep
|turn|10
|
|t:|1760728501
|switch|p2a: Pecharunt|Pecharunt|100/100
|-damage|p2a: Pecharunt|88/100|[from] Stealth Rock
|move|p1a: Zamazenta|Close Combat|p2a: Pecharunt
|-immune|p2a: Pecharunt
|
|upkeep
|turn|11
|
|t:|1760728506
|move|p1a: Zamazenta|Crunch|p2a: Pecharunt
|-supereffective|p2a: Pecharunt
|-damage|p2a: Pecharunt|56/100
|-damage|p1a: Zamazenta|36/100|[from] item: Rocky Helmet|[of] p2a: Pecharunt
|-damage|p1a: Zamazenta|27/100|[from] item: Life Orb
|move|p2a: Pecharunt|Parting Shot|p1a: Zamazenta
|-unboost|p1a: Zamazenta|atk|1
|-unboost|p1a: Zamazenta|spa|1
|
|t:|1760728514
|switch|p2a: Great Tusk|Great Tusk, shiny|100/100|[from] Parting Shot
|
|upkeep
|turn|12
|
|t:|1760728525
|switch|p1a: Great Tusk|Great Tusk|100/100
|-enditem|p1a: Great Tusk|Booster Energy
|-activate|p1a: Great Tusk|ability: Protosynthesis|[fromitem]
|-start|p1a: Great Tusk|protosynthesisspe
|move|p2a: Great Tusk|Rapid Spin|p1a: Great Tusk
|-damage|p1a: Great Tusk|90/100
|-boost|p2a: Great Tusk|spe|1
|-sideend|p2: Hdhdjdkdkkds|Stealth Rock|[from] move: Rapid Spin|[of] p2a: Great Tusk
|
|upkeep
|turn|13
|
|t:|1760728534
|move|p1a: Great Tusk|Ice Spinner|p2a: Great Tusk
|-supereffective|p2a: Great Tusk
|-damage|p2a: Great Tusk|67/100
|move|p2a: Great Tusk|Headlong Rush|p1a: Great Tusk
|-damage|p1a: Great Tusk|53/100
|-unboost|p2a: Great Tusk|def|1
|-unboost|p2a: Great Tusk|spd|1
|
|upkeep
|turn|14
|
|t:|1760728541
|move|p2a: Great Tusk|Headlong Rush|p1a: Great Tusk
|-damage|p1a: Great Tusk|12/100
|-unboost|p2a: Great Tusk|def|1
|-unboost|p2a: Great Tusk|spd|1
|move|p1a: Great Tusk|Ice Spinner|p2a: Great Tusk
|-supereffective|p2a: Great Tusk
|-damage|p2a: Great Tusk|0 fnt
|faint|p2a: Great Tusk
|-end|p2a: Great Tusk|Protosynthesis|[silent]
|
|upkeep
|
|t:|1760728551
|switch|p2a: Weavile|Weavile, M, shiny|100/100
|-ability|p2a: Weavile|Pressure
|turn|15
|
|t:|1760728559
|-end|p1a: Great Tusk|Protosynthesis|[silent]
|switch|p1a: Clefable|Clefable, F|50/100
|move|p2a: Weavile|Ice Shard|p1a: Clefable
|-damage|p1a: Clefable|26/100
|
|-heal|p1a: Clefable|32/100|[from] item: Leftovers
|upkeep
|turn|16
|
|t:|1760728568
|switch|p2a: Ogerpon|Ogerpon, F|100/100
|move|p1a: Clefable|Moonlight|p1a: Clefable
|-heal|p1a: Clefable|82/100
|
|-heal|p1a: Clefable|88/100|[from] item: Leftovers
|upkeep
|turn|17
|
|t:|1760728572
|move|p2a: Ogerpon|Ivy Cudgel|p1a: Clefable
|-damage|p1a: Clefable|32/100
|move|p1a: Clefable|Moonblast|p2a: Ogerpon
|-damage|p2a: Ogerpon|66/100
|-unboost|p2a: Ogerpon|spa|1
|-ability|p2a: Ogerpon|Defiant|boost
|-boost|p2a: Ogerpon|atk|2
|
|-heal|p1a: Clefable|38/100|[from] item: Leftovers
|upkeep
|turn|18
|
|t:|1760728585
|switch|p1a: Great Tusk|Great Tusk|12/100
|move|p2a: Ogerpon|Ivy Cudgel|p1a: Great Tusk
|-supereffective|p1a: Great Tusk
|-damage|p1a: Great Tusk|0 fnt
|faint|p1a: Great Tusk
|-end|p1a: Great Tusk|Protosynthesis|[silent]
|
|upkeep
|
|t:|1760728586
|switch|p1a: Ogerpon|Ogerpon-Wellspring, F|100/100
|turn|19
|
|t:|1760728591
|-terastallize|p2a: Ogerpon|Grass
|detailschange|p2a: Ogerpon|Ogerpon-Teal-Tera, F, tera:Grass
|-ability|p2a: Ogerpon|Embody Aspect (Teal)|boost
|-boost|p2a: Ogerpon|spe|1
|move|p2a: Ogerpon|Ivy Cudgel|p1a: Ogerpon
|-damage|p1a: Ogerpon|0 fnt
|faint|p1a: Ogerpon
|
|upkeep
|-message|fatality_2 forfeited.
|
|win|Hdhdjdkdkkds
|raw|fatality_2's rating: 1158 &rarr; <strong>1137</strong><br />(-21 for losing)
|raw|Hdhdjdkdkkds's rating: 1207 &rarr; <strong>1228</strong><br />(+21 for winning)
|l|☆fatality_2
|player|p1|
|l|☆Hdhdjdkdkkds
|player|p2|
