|j|☆Supersayan999
|j|☆Brimbordur
|t:|1760835889
|gametype|singles
|player|p1|Supersayan999|palmer|1508
|player|p2|Brimbordur|depotagent|1481
|gen|9
|tier|[Gen 9] OU
|rated|
|rule|HP Percentage Mod: HP is shown in percentages
|rule|Endless Battle Clause: Forcing endless battles is banned
|rule|Species Clause: Limit one of each Pokémon
|rule|OHKO Clause: OHKO moves are banned
|rule|Evasion Items Clause: Evasion items are banned
|rule|Evasion Moves Clause: Evasion moves are banned
|rule|Evasion Abilities Clause: Evasion abilities are banned
|rule|Sleep Moves Clause: Sleep-inducing moves are banned
|clearpoke
|poke|p1|Dragonite, M|
|poke|p1|Weezing-Galar, M|
|poke|p1|Kingambit, F|
|poke|p1|Raging Bolt|
|poke|p1|Skeledirge, F|
|poke|p1|Rillaboom, M|
|poke|p2|Clefable, M|
|poke|p2|Moltres|
|poke|p2|Gliscor, F|
|poke|p2|Corviknight, F|
|poke|p2|Gholdengo|
|poke|p2|Gastrodon-East, F|
|teampreview
|
|t:|1760835906
|teamsize|p1|6
|teamsize|p2|6
|start
|switch|p1a: Kingambit|Kingambit, F|100/100
|switch|p2a: Gliscor|Gliscor, F|100/100
|turn|1
|
|t:|1760835912
|switch|p2a: Moltres|Moltres|100/100
|move|p1a: Kingambit|Swords Dance|p1a: Kingambit
|-boost|p1a: Kingambit|atk|2
|
|upkeep
|turn|2
|
|t:|1760835929
|-terastallize|p1a: Kingambit|Dark
|move|p2a: Moltres|Flamethrower|p1a: Kingambit
|-damage|p1a: Kingambit|67/100
|move|p1a: Kingambit|Kowtow Cleave|p2a: Moltres
|-damage|p2a: Moltres|0 fnt
|faint|p2a: Moltres
|
|upkeep
|
|t:|1760835941
|switch|p2a: Corviknight|Corviknight, F|100/100
|-ability|p2a: Corviknight|Pressure
|turn|3
|
|t:|1760835951
|-end|p1a: Kingambit|fallenundefined|[silent]
|switch|p1a: Skeledirge|Skeledirge, F|100/100
|move|p2a: Corviknight|U-turn|p1a: Skeledirge
|-resisted|p1a: Skeledirge
|-damage|p1a: Skeledirge|97/100
|
|t:|1760835955
|switch|p2a: Gliscor|Gliscor, F|100/100|[from] U-turn
|
|-status|p2a: Gliscor|tox|[from] item: Toxic Orb
|upkeep
|turn|4
|
|t:|1760835962
|move|p2a: Gliscor|Toxic|p1a: Skeledirge
|-status|p1a: Skeledirge|tox
|move|p1a: Skeledirge|Hex|p2a: Gliscor
|-damage|p2a: Gliscor|58/100 tox
|
|-heal|p2a: Gliscor|70/100 tox|[from] ability: Poison Heal
|-damage|p1a: Skeledirge|91/100 tox|[from] psn
|upkeep
|turn|5
|
|t:|1760835976
|switch|p1a: Weezing|Weezing-Galar, M|100/100
|move|p2a: Gliscor|Protect||[still]
|-fail|p2a: Gliscor
|
|-heal|p2a: Gliscor|83/100 tox|[from] ability: Poison Heal
|upkeep
|turn|6
|
|t:|1760835984
|move|p2a: Gliscor|Spikes|p1a: Weezing
|-sidestart|p1: Supersayan999|Spikes
|move|p1a: Weezing|Strange Steam|p2a: Gliscor
|-damage|p2a: Gliscor|57/100 tox
|
|-heal|p2a: Gliscor|70/100 tox|[from] ability: Poison Heal
|upkeep
|turn|7
|
|t:|1760835991
|move|p2a: Gliscor|Protect|p2a: Gliscor
|-singleturn|p2a: Gliscor|Protect
|move|p1a: Weezing|Defog|p2a: Gliscor
|-activate|p2a: Gliscor|move: Protect
|
|-heal|p2a: Gliscor|82/100 tox|[from] ability: Poison Heal
|upkeep
|turn|8
|
|t:|1760835999
|move|p2a: Gliscor|Knock Off|p1a: Weezing
|-resisted|p1a: Weezing
|-damage|p1a: Weezing|92/100
|-enditem|p1a: Weezing|Heavy-Duty Boots|[from] move: Knock Off|[of] p2a: Gliscor
|move|p1a: Weezing|Strange Steam|p2a: Gliscor
|-damage|p2a: Gliscor|58/100 tox
|
|-heal|p2a: Gliscor|70/100 tox|[from] ability: Poison Heal
|upkeep
|turn|9
|
|t:|1760836009
|move|p2a: Gliscor|Protect|p2a: Gliscor
|-singleturn|p2a: Gliscor|Protect
|move|p1a: Weezing|Strange Steam|p2a: Gliscor
|-activate|p2a: Gliscor|move: Protect
|
|-heal|p2a: Gliscor|83/100 tox|[from] ability: Poison Heal
|upkeep
|turn|10
|
|t:|1760836017
|switch|p2a: Gholdengo|Gholdengo|100/100
|move|p1a: Weezing|Defog|p2a: Gholdengo
|-immune|p2a: Gholdengo|[from] ability: Good as Gold
|
|upkeep
|turn|11
|
|t:|1760836027
|switch|p1a: Raging Bolt|Raging Bolt|100/100
|-damage|p1a: Raging Bolt|88/100|[from] Spikes
|move|p2a: Gholdengo|Make It Rain|p1a: Raging Bolt
|-resisted|p1a: Raging Bolt
|-damage|p1a: Raging Bolt|62/100
|-unboost|p2a: Gholdengo|spa|1
|
|-heal|p1a: Raging Bolt|69/100|[from] item: Leftovers
|upkeep
|turn|12
|
|t:|1760836038
|switch|p2a: Gastrodon|Gastrodon-East, F|100/100
|move|p1a: Raging Bolt|Discharge|p2a: Gastrodon
|-immune|p2a: Gastrodon
|
|-heal|p1a: Raging Bolt|75/100|[from] item: Leftovers
|upkeep
|turn|13
|
|t:|1760836058
|-end|p1a: Raging Bolt|Protosynthesis|[silent]
|switch|p1a: Weezing|Weezing-Galar, M|92/100
|move|p2a: Gastrodon|Stealth Rock|p1a: Weezing
|-sidestart|p1: Supersayan999|move: Stealth Rock
|
|upkeep
|turn|14
|
|t:|1760836067
|switch|p2a: Gholdengo|Gholdengo|100/100
|move|p1a: Weezing|Strange Steam|p2a: Gholdengo
|-resisted|p2a: Gholdengo
|-damage|p2a: Gholdengo|84/100
|
|upkeep
|turn|15
|
|t:|1760836074
|move|p2a: Gholdengo|Shadow Ball|p1a: Weezing
|-damage|p1a: Weezing|50/100
|move|p1a: Weezing|Pain Split|p2a: Gholdengo
|-immune|p2a: Gholdengo|[from] ability: Good as Gold
|
|upkeep
|turn|16
|
|t:|1760836096
|switch|p1a: Skeledirge|Skeledirge, F|91/100 tox
|move|p2a: Gholdengo|Shadow Ball|p1a: Skeledirge
|-supereffective|p1a: Skeledirge
|-damage|p1a: Skeledirge|34/100 tox
|
|-damage|p1a: Skeledirge|28/100 tox|[from] psn
|upkeep
|turn|17
|
|t:|1760836107
|move|p2a: Gholdengo|Shadow Ball|p1a: Skeledirge
|-supereffective|p1a: Skeledirge
|-damage|p1a: Skeledirge|0 fnt
|faint|p1a: Skeledirge
|
|upkeep
|
|t:|1760836118
|switch|p1a: Dragonite|Dragonite, M|100/100
|-damage|p1a: Dragonite|76/100|[from] Stealth Rock
|turn|18
|
|t:|1760836123
|switch|p2a: Clefable|Clefable, M|100/100
|move|p1a: Dragonite|Dragon Dance|p1a: Dragonite
|-boost|p1a: Dragonite|atk|1
|-boost|p1a: Dragonite|spe|1
|
|upkeep
|turn|19
|
|t:|1760836131
|move|p1a: Dragonite|Roost|p1a: Dragonite
|-heal|p1a: Dragonite|100/100
|-singleturn|p1a: Dragonite|move: Roost
|move|p2a: Clefable|Moonblast|p1a: Dragonite
|-supereffective|p1a: Dragonite
|-damage|p1a: Dragonite|66/100
|-unboost|p1a: Dragonite|spa|1
|
|upkeep
|turn|20
|
|t:|1760836151
|move|p1a: Dragonite|Roost|p1a: Dragonite
|-heal|p1a: Dragonite|100/100
|-singleturn|p1a: Dragonite|move: Roost
|move|p2a: Clefable|Knock Off|p1a: Dragonite
|-damage|p1a: Dragonite|92/100
|-enditem|p1a: Dragonite|Silk Scarf|[from] move: Knock Off|[of] p2a: Clefable
|
|upkeep
|turn|21
|
|t:|1760836162
|move|p1a: Dragonite|Earthquake|p2a: Clefable
|-damage|p2a: Clefable|73/100
|move|p2a: Clefable|Moonblast|p1a: Dragonite
|-supereffective|p1a: Dragonite
|-damage|p1a: Dragonite|27/100
|
|upkeep
|turn|22
|
|t:|1760836171
|move|p1a: Dragonite|Earthquake|p2a: Clefable
|-damage|p2a: Clefable|41/100
|move|p2a: Clefable|Moonblast|p1a: Dragonite
|-supereffective|p1a: Dragonite
|-damage|p1a: Dragonite|0 fnt
|faint|p1a: Dragonite
|
|upkeep
|
|t:|1760836179
|switch|p1a: Rillaboom|Rillaboom, M|100/100
|-damage|p1a: Rillaboom|88/100|[from] Spikes
|-damage|p1a: Rillaboom|76/100|[from] Stealth Rock
|-fieldstart|move: Grassy Terrain|[from] ability: Grassy Surge|[of] p1a: Rillaboom
|turn|23
|
|t:|1760836185
|move|p1a: Rillaboom|Swords Dance|p1a: Rillaboom
|-boost|p1a: Rillaboom|atk|2
|move|p2a: Clefable|Moonlight|p2a: Clefable
|-heal|p2a: Clefable|91/100
|
|-heal|p1a: Rillaboom|82/100|[from] Grassy Terrain
|-heal|p2a: Clefable|97/100|[from] Grassy Terrain
|upkeep
|turn|24
|
|t:|1760836194
|move|p1a: Rillaboom|Grassy Glide|p2a: Clefable
|-damage|p2a: Clefable|62/100
|move|p2a: Clefable|Moonblast|p1a: Rillaboom
|-damage|p1a: Rillaboom|38/100
|
|-heal|p1a: Rillaboom|44/100|[from] Grassy Terrain
|-heal|p2a: Clefable|68/100|[from] Grassy Terrain
|upkeep
|turn|25
|-message|Supersayan999 forfeited.
|
|win|Brimbordur
|raw|Supersayan999's rating: 1508 &rarr; <strong>1486</strong><br />(-22 for losing)
|raw|Brimbordur's rating: 1481 &rarr; <strong>1503</strong><br />(+22 for winning)
|l|☆Supersayan999
|player|p1|
|l|☆Brimbordur
|player|p2|
