|j|☆v1rtuegam1ng
|j|‽Andrew.CL.98.ch
|t:|1760889576
|gametype|singles
|player|p1|v1rtuegam1ng|266|1181
|player|p2|Andrew.CL.98.ch|proton|1157
|gen|9
|tier|[Gen 9] OU
|rated|
|rule|HP Percentage Mod: HP is shown in percentages
|rule|Endless Battle Clause: Forcing endless battles is banned
|rule|Species Clause: Limit one of each Pokémon
|rule|OHKO Clause: OHKO moves are banned
|rule|Evasion Items Clause: Evasion items are banned
|rule|Evasion Moves Clause: Evasion moves are banned
|rule|Evasion Abilities Clause: Evasion abilities are banned
|rule|Sleep Moves Clause: Sleep-inducing moves are banned
|clearpoke
|poke|p1|Garchomp, M|
|poke|p1|Empoleon, M|
|poke|p1|Hippowdon, F|
|poke|p1|Gastrodon-East, M|
|poke|p1|Porygon2|
|poke|p1|Lucario, M|
|poke|p2|Gholdengo|
|poke|p2|Masquerain, F|
|poke|p2|Gliscor, M|
|poke|p2|Clodsire, M|
|poke|p2|Heatran, M|
|poke|p2|Malamar, F|
|teampreview
|
|t:|1760889587
|teamsize|p1|6
|teamsize|p2|6
|start
|switch|p1a: Gastrodon|Gastrodon-East, M, shiny|100/100
|switch|p2a: Masquerain|Masquerain, F|100/100
|-ability|p2a: Masquerain|Intimidate|boost
|-unboost|p1a: Gastrodon|atk|1
|turn|1
|
|t:|1760889603
|move|p2a: Masquerain|Sticky Web|p1a: Gastrodon
|-sidestart|p1: v1rtuegam1ng|move: Sticky Web
|move|p1a: Gastrodon|Stealth Rock|p2a: Masquerain
|-sidestart|p2: Andrew.CL.98.ch|move: Stealth Rock
|
|upkeep
|turn|2
|
|t:|1760889607
|move|p2a: Masquerain|Giga Drain|p1a: Gastrodon
|-supereffective|p1a: Gastrodon
|-damage|p1a: Gastrodon|48/100
|move|p1a: Gastrodon|Sludge Bomb|p2a: Masquerain
|-damage|p2a: Masquerain|75/100
|
|-heal|p1a: Gastrodon|54/100|[from] item: Leftovers
|upkeep
|turn|3
|
|t:|1760889616
|switch|p1a: Porygon2|Porygon2|100/100
|-activate|p1a: Porygon2|move: Sticky Web
|-unboost|p1a: Porygon2|spe|1
|-ability|p1a: Porygon2|Intimidate|Trace|[from] ability: Trace|[of] p2a: Masquerain
|-ability|p1a: Porygon2|Intimidate|boost
|-unboost|p2a: Masquerain|atk|1
|move|p2a: Masquerain|Giga Drain|p1a: Porygon2
|-damage|p1a: Porygon2|86/100
|-heal|p2a: Masquerain|84/100|[from] drain|[of] p1a: Porygon2
|
|upkeep
|turn|4
|
|t:|1760889632
|switch|p2a: Clodsire|Clodsire, M, shiny|100/100
|-damage|p2a: Clodsire|94/100|[from] Stealth Rock
|move|p1a: Porygon2|Tri Attack|p2a: Clodsire
|-damage|p2a: Clodsire|72/100
|
|-heal|p2a: Clodsire|78/100|[from] item: Black Sludge
|upkeep
|turn|5
|
|t:|1760889649
|switch|p1a: Empoleon|Empoleon, M|100/100
|-activate|p1a: Empoleon|move: Sticky Web
|-unboost|p1a: Empoleon|spe|1
|-ability|p1a: Empoleon|Competitive|boost
|-boost|p1a: Empoleon|spa|2
|move|p2a: Clodsire|Toxic Spikes|p1a: Empoleon
|-sidestart|p1: v1rtuegam1ng|move: Toxic Spikes
|
|-heal|p2a: Clodsire|84/100|[from] item: Black Sludge
|upkeep
|turn|6
|
|t:|1760889663
|move|p1a: Empoleon|Flash Cannon|p2a: Clodsire
|-damage|p2a: Clodsire|38/100
|move|p2a: Clodsire|Earthquake|p1a: Empoleon
|-supereffective|p1a: Empoleon
|-damage|p1a: Empoleon|42/100
|
|-heal|p1a: Empoleon|48/100|[from] item: Leftovers
|-heal|p2a: Clodsire|44/100|[from] item: Black Sludge
|upkeep
|turn|7
|
|t:|1760889679
|-terastallize|p1a: Empoleon|Water
|move|p1a: Empoleon|Flash Cannon|p2a: Clodsire
|-damage|p2a: Clodsire|0 fnt
|faint|p2a: Clodsire
|
|-heal|p1a: Empoleon|54/100|[from] item: Leftovers
|upkeep
|
|t:|1760889695
|switch|p2a: Malamar|Malamar, F|100/100
|-damage|p2a: Malamar|88/100|[from] Stealth Rock
|turn|8
|
|t:|1760889706
|move|p2a: Malamar|Superpower|p1a: Empoleon
|-damage|p1a: Empoleon|21/100
|-boost|p2a: Malamar|atk|1
|-boost|p2a: Malamar|def|1
|move|p1a: Empoleon|Surf|p2a: Malamar
|-damage|p2a: Malamar|0 fnt
|faint|p2a: Malamar
|
|-heal|p1a: Empoleon|27/100|[from] item: Leftovers
|upkeep
|
|t:|1760889719
|switch|p2a: Gholdengo|Gholdengo, shiny|100/100
|-damage|p2a: Gholdengo|94/100|[from] Stealth Rock
|-item|p2a: Gholdengo|Air Balloon
|turn|9
|
|t:|1760889725
|move|p2a: Gholdengo|Hex|p1a: Empoleon
|-damage|p1a: Empoleon|0 fnt
|faint|p1a: Empoleon
|
|upkeep
|
|t:|1760889735
|switch|p1a: Hippowdon|Hippowdon, F|100/100
|-activate|p1a: Hippowdon|move: Sticky Web
|-unboost|p1a: Hippowdon|spe|1
|-status|p1a: Hippowdon|psn
|-weather|Sandstorm|[from] ability: Sand Stream|[of] p1a: Hippowdon
|turn|10
|
|t:|1760889743
|move|p2a: Gholdengo|Hex|p1a: Hippowdon
|-damage|p1a: Hippowdon|23/100 psn
|move|p1a: Hippowdon|Ice Fang|p2a: Gholdengo
|-resisted|p2a: Gholdengo
|-crit|p2a: Gholdengo
|-damage|p2a: Gholdengo|79/100
|-enditem|p2a: Gholdengo|Air Balloon
|
|-weather|Sandstorm|[upkeep]
|-damage|p1a: Hippowdon|11/100 psn|[from] psn
|upkeep
|turn|11
|
|t:|1760889754
|switch|p2a: Gliscor|Gliscor, M|100/100
|-damage|p2a: Gliscor|88/100|[from] Stealth Rock
|move|p1a: Hippowdon|Sand Tomb|p2a: Gliscor
|-immune|p2a: Gliscor
|
|-weather|Sandstorm|[upkeep]
|-damage|p1a: Hippowdon|0 fnt|[from] psn
|faint|p1a: Hippowdon
|-status|p2a: Gliscor|tox|[from] item: Toxic Orb
|upkeep
|
|t:|1760889766
|switch|p1a: Porygon2|Porygon2|86/100
|-activate|p1a: Porygon2|move: Sticky Web
|-unboost|p1a: Porygon2|spe|1
|-status|p1a: Porygon2|psn
|-ability|p1a: Porygon2|Poison Heal|Trace|[from] ability: Trace|[of] p2a: Gliscor
|turn|12
|
|t:|1760889781
|move|p2a: Gliscor|U-turn|p1a: Porygon2
|-damage|p1a: Porygon2|73/100 psn
|
|t:|1760889786
|switch|p2a: Gholdengo|Gholdengo, shiny|79/100|[from] U-turn
|-damage|p2a: Gholdengo|73/100|[from] Stealth Rock
|move|p1a: Porygon2|Tri Attack|p2a: Gholdengo
|-immune|p2a: Gholdengo
|
|-weather|Sandstorm|[upkeep]
|-damage|p1a: Porygon2|67/100 psn|[from] Sandstorm
|-heal|p1a: Porygon2|80/100 psn|[from] ability: Poison Heal
|upkeep
|turn|13
|
|t:|1760889804
|move|p2a: Gholdengo|Power Gem|p1a: Porygon2
|-damage|p1a: Porygon2|62/100 psn
|move|p1a: Porygon2|Ice Beam|p2a: Gholdengo
|-resisted|p2a: Gholdengo
|-damage|p2a: Gholdengo|55/100
|-status|p2a: Gholdengo|frz
|
|-weather|Sandstorm|[upkeep]
|-damage|p1a: Porygon2|56/100 psn|[from] Sandstorm
|-heal|p1a: Porygon2|68/100 psn|[from] ability: Poison Heal
|upkeep
|turn|14
|
|t:|1760889817
|cant|p2a: Gholdengo|frz
|move|p1a: Porygon2|Ice Beam|p2a: Gholdengo
|-resisted|p2a: Gholdengo
|-damage|p2a: Gholdengo|37/100 frz
|
|-weather|Sandstorm|[upkeep]
|-damage|p1a: Porygon2|62/100 psn|[from] Sandstorm
|-heal|p1a: Porygon2|75/100 psn|[from] ability: Poison Heal
|upkeep
|turn|15
|
|t:|1760889828
|-curestatus|p2a: Gholdengo|frz|[msg]
|move|p2a: Gholdengo|Make It Rain|p1a: Porygon2
|-damage|p1a: Porygon2|36/100 psn
|-unboost|p2a: Gholdengo|spa|1
|move|p1a: Porygon2|Ice Beam|p2a: Gholdengo
|-resisted|p2a: Gholdengo
|-damage|p2a: Gholdengo|20/100
|
|-weather|Sandstorm|[upkeep]
|-damage|p1a: Porygon2|30/100 psn|[from] Sandstorm
|-heal|p1a: Porygon2|42/100 psn|[from] ability: Poison Heal
|upkeep
|turn|16
|
|t:|1760889843
|switch|p2a: Heatran|Heatran, M|100/100
|-damage|p2a: Heatran|88/100|[from] Stealth Rock
|move|p1a: Porygon2|Recover|p1a: Porygon2
|-heal|p1a: Porygon2|92/100 psn
|
|-weather|Sandstorm|[upkeep]
|-damage|p1a: Porygon2|86/100 psn|[from] Sandstorm
|-heal|p1a: Porygon2|98/100 psn|[from] ability: Poison Heal
|upkeep
|turn|17
|
|t:|1760889854
|-terastallize|p2a: Heatran|Fire
|move|p2a: Heatran|Lava Plume|p1a: Porygon2
|-damage|p1a: Porygon2|60/100 psn
|move|p1a: Porygon2|Tri Attack|p2a: Heatran
|-damage|p2a: Heatran|59/100
|
|-weather|none
|-heal|p1a: Porygon2|72/100 psn|[from] ability: Poison Heal
|upkeep
|turn|18
|
|t:|1760889871
|move|p2a: Heatran|Lava Plume|p1a: Porygon2
|-damage|p1a: Porygon2|31/100 psn
|move|p1a: Porygon2|Recover|p1a: Porygon2
|-heal|p1a: Porygon2|81/100 psn
|
|-heal|p1a: Porygon2|93/100 psn|[from] ability: Poison Heal
|upkeep
|turn|19
|
|t:|1760889880
|switch|p2a: Gliscor|Gliscor, M|88/100 tox
|-damage|p2a: Gliscor|76/100 tox|[from] Stealth Rock
|move|p1a: Porygon2|Tri Attack|p2a: Gliscor
|-damage|p2a: Gliscor|14/100 tox
|
|-heal|p2a: Gliscor|26/100 tox|[from] ability: Poison Heal
|-heal|p1a: Porygon2|100/100 psn|[from] ability: Poison Heal
|upkeep
|turn|20
|
|t:|1760889891
|move|p2a: Gliscor|Knock Off|p1a: Porygon2
|-damage|p1a: Porygon2|82/100 psn
|-enditem|p1a: Porygon2|Eviolite|[from] move: Knock Off|[of] p2a: Gliscor
|move|p1a: Porygon2|Tera Blast|p2a: Gliscor
|-damage|p2a: Gliscor|0 fnt
|faint|p2a: Gliscor
|
|-heal|p1a: Porygon2|95/100 psn|[from] ability: Poison Heal
|upkeep
|
|t:|1760889902
|switch|p2a: Heatran|Heatran, M, tera:Fire|59/100
|-damage|p2a: Heatran|35/100|[from] Stealth Rock
|turn|21
|
|t:|1760889910
|move|p2a: Heatran|Lava Plume|p1a: Porygon2
|-damage|p1a: Porygon2|38/100 psn
|move|p1a: Porygon2|Tri Attack|p2a: Heatran
|-damage|p2a: Heatran|9/100
|
|-heal|p1a: Porygon2|51/100 psn|[from] ability: Poison Heal
|upkeep
|turn|22
|
|t:|1760889927
|move|p2a: Heatran|Lava Plume|p1a: Porygon2
|-damage|p1a: Porygon2|0 fnt
|faint|p1a: Porygon2
|
|upkeep
|
|t:|1760889933
|switch|p1a: Gastrodon|Gastrodon-East, M, shiny|54/100
|-activate|p1a: Gastrodon|move: Sticky Web
|-unboost|p1a: Gastrodon|spe|1
|-status|p1a: Gastrodon|psn
|turn|23
|
|t:|1760889946
|switch|p2a: Gholdengo|Gholdengo, shiny|20/100
|-damage|p2a: Gholdengo|14/100|[from] Stealth Rock
|move|p1a: Gastrodon|Chilling Water|p2a: Gholdengo
|-damage|p2a: Gholdengo|0 fnt
|faint|p2a: Gholdengo
|
|-heal|p1a: Gastrodon|60/100 psn|[from] item: Leftovers
|-damage|p1a: Gastrodon|48/100 psn|[from] psn
|upkeep
|
|t:|1760889959
|switch|p2a: Masquerain|Masquerain, F|84/100
|-damage|p2a: Masquerain|35/100|[from] Stealth Rock
|-ability|p2a: Masquerain|Intimidate|boost
|-unboost|p1a: Gastrodon|atk|1
|turn|24
|
|t:|1760889965
|move|p2a: Masquerain|Giga Drain|p1a: Gastrodon
|-supereffective|p1a: Gastrodon
|-damage|p1a: Gastrodon|0 fnt
|-heal|p2a: Masquerain|71/100|[from] drain|[of] p1a: Gastrodon
|faint|p1a: Gastrodon
|
|upkeep
|
|t:|1760889971
|switch|p1a: Lucario|Lucario, M|100/100
|-activate|p1a: Lucario|move: Sticky Web
|-unboost|p1a: Lucario|spe|1
|turn|25
|
|t:|1760889977
|move|p2a: Masquerain|Air Slash|p1a: Lucario
|-damage|p1a: Lucario|50/100
|cant|p1a: Lucario|flinch
|-ability|p1a: Lucario|Steadfast|boost
|-boost|p1a: Lucario|spe|1
|
|upkeep
|turn|26
|
|t:|1760889984
|move|p1a: Lucario|Flash Cannon|p2a: Masquerain
|-damage|p2a: Masquerain|0 fnt
|faint|p2a: Masquerain
|-damage|p1a: Lucario|40/100|[from] item: Life Orb
|
|upkeep
|
|t:|1760889990
|switch|p2a: Heatran|Heatran, M, tera:Fire|9/100
|-damage|p2a: Heatran|0 fnt|[from] Stealth Rock
|faint|p2a: Heatran
|
|win|v1rtuegam1ng
|raw|v1rtuegam1ng's rating: 1181 &rarr; <strong>1204</strong><br />(+23 for winning)
|raw|Andrew.CL.98.ch's rating: 1157 &rarr; <strong>1134</strong><br />(-23 for losing)
|l|‽Andrew.CL.98.ch
|player|p2|
|l|☆v1rtuegam1ng
|player|p1|
