|j|☆MiraidonGaming
|j|☆orio27
|t:|1760871232
|gametype|singles
|player|p1|MiraidonGaming|lucas|1293
|player|p2|orio27|blackbelt|1273
|gen|9
|tier|[Gen 9] OU
|rated|
|rule|HP Percentage Mod: HP is shown in percentages
|rule|Endless Battle Clause: Forcing endless battles is banned
|rule|Species Clause: Limit one of each Pokémon
|rule|OHKO Clause: OHKO moves are banned
|rule|Evasion Items Clause: Evasion items are banned
|rule|Evasion Moves Clause: Evasion moves are banned
|rule|Evasion Abilities Clause: Evasion abilities are banned
|rule|Sleep Moves Clause: Sleep-inducing moves are banned
|clearpoke
|poke|p1|Leafeon, M|
|poke|p1|Ninetales, F|
|poke|p1|Volcanion|
|poke|p1|Arcanine-Hisui, M|
|poke|p1|Moltres|
|poke|p1|Great Tusk|
|poke|p2|Great Tusk|
|poke|p2|Kingambit, M|
|poke|p2|Moltres|
|poke|p2|Tinkaton, F|
|poke|p2|Hydrapple, F|
|poke|p2|Samurott-Hisui, M|
|teampreview
|
|t:|1760871237
|teamsize|p1|6
|teamsize|p2|6
|start
|switch|p1a: Solaris|Ninetales, F|100/100
|switch|p2a: Tinkaton|Tinkaton, F|100/100
|-weather|SunnyDay|[from] ability: Drought|[of] p1a: Solaris
|-item|p2a: Tinkaton|Air Balloon
|turn|1
|inactive|Battle timer is ON: inactive players will automatically lose when time's up. (requested by orio27)
|
|t:|1760871245
|move|p1a: Solaris|Overheat|p2a: Tinkaton
|-supereffective|p2a: Tinkaton
|-damage|p2a: Tinkaton|0 fnt
|-unboost|p1a: Solaris|spa|2
|-enditem|p2a: Tinkaton|Air Balloon
|faint|p2a: Tinkaton
|
|-weather|SunnyDay|[upkeep]
|upkeep
|
|t:|1760871253
|switch|p2a: Great Tusk|Great Tusk|100/100
|-activate|p2a: Great Tusk|ability: Protosynthesis
|-start|p2a: Great Tusk|protosynthesisatk
|turn|2
|
|t:|1760871261
|switch|p1a: Icarus|Moltres|100/100
|move|p2a: Great Tusk|Headlong Rush|p1a: Icarus
|-immune|p1a: Icarus
|
|-weather|SunnyDay|[upkeep]
|upkeep
|turn|3
|
|t:|1760871285
|-end|p2a: Great Tusk|Protosynthesis|[silent]
|switch|p2a: Hydrapple|Hydrapple, F|100/100
|move|p1a: Icarus|Solar Beam||[still]
|-prepare|p1a: Icarus|Solar Beam
|-anim|p1a: Icarus|Solar Beam|p2a: Hydrapple
|-resisted|p2a: Hydrapple
|-damage|p2a: Hydrapple|86/100
|
|-weather|SunnyDay|[upkeep]
|upkeep
|turn|4
|
|t:|1760871292
|switch|p1a: Volcanis|Arcanine-Hisui, M|100/100
|move|p2a: Hydrapple|Fickle Beam|p1a: Volcanis
|-damage|p1a: Volcanis|46/100
|
|-weather|SunnyDay|[upkeep]
|upkeep
|turn|5
|
|t:|1760871298
|move|p1a: Volcanis|Flare Blitz|p2a: Hydrapple
|-damage|p2a: Hydrapple|23/100
|move|p2a: Hydrapple|Earth Power|p1a: Volcanis
|-supereffective|p1a: Volcanis
|-damage|p1a: Volcanis|0 fnt
|faint|p1a: Volcanis
|
|-weather|SunnyDay|[upkeep]
|upkeep
|
|t:|1760871306
|switch|p1a: Grames|Leafeon, M|100/100
|turn|6
|
|t:|1760871309
|move|p1a: Grames|Knock Off|p2a: Hydrapple
|-damage|p2a: Hydrapple|0 fnt
|-enditem|p2a: Hydrapple|Heavy-Duty Boots|[from] move: Knock Off|[of] p1a: Grames
|faint|p2a: Hydrapple
|-damage|p1a: Grames|91/100|[from] item: Life Orb
|
|-weather|SunnyDay|[upkeep]
|upkeep
|
|t:|1760871315
|switch|p2a: Moltres|Moltres|100/100
|turn|7
|
|t:|1760871342
|move|p1a: Grames|Double-Edge|p2a: Moltres
|-damage|p2a: Moltres|64/100
|-damage|p1a: Grames|74/100|[from] Recoil
|-damage|p1a: Grames|64/100|[from] item: Life Orb
|move|p2a: Moltres|Flamethrower|p1a: Grames
|-supereffective|p1a: Grames
|-damage|p1a: Grames|0 fnt
|faint|p1a: Grames
|
|-weather|SunnyDay|[upkeep]
|upkeep
|
|t:|1760871352
|switch|p1a: Hydrus|Volcanion|100/100
|turn|8
|
|t:|1760871357
|move|p2a: Moltres|U-turn|p1a: Hydrus
|-resisted|p1a: Hydrus
|-damage|p1a: Hydrus|95/100
|
|t:|1760871362
|switch|p2a: Samurott|Samurott-Hisui, M|100/100|[from] U-turn
|move|p1a: Hydrus|Steam Eruption|p2a: Samurott
|-resisted|p2a: Samurott
|-damage|p2a: Samurott|68/100
|
|-weather|none
|upkeep
|turn|9
|
|t:|1760871370
|move|p2a: Samurott|Flip Turn|p1a: Hydrus
|-heal|p1a: Hydrus|100/100|[from] ability: Water Absorb|[of] p2a: Samurott
|move|p1a: Hydrus|Steam Eruption|p2a: Samurott|[miss]
|-miss|p1a: Hydrus|p2a: Samurott
|
|upkeep
|turn|10
|
|t:|1760871377
|switch|p2a: Moltres|Moltres|64/100
|move|p1a: Hydrus|Steam Eruption|p2a: Moltres
|-supereffective|p2a: Moltres
|-damage|p2a: Moltres|0 fnt
|faint|p2a: Moltres
|
|upkeep
|
|t:|1760871383
|switch|p2a: Great Tusk|Great Tusk|100/100
|turn|11
|
|t:|1760871388
|move|p2a: Great Tusk|Headlong Rush|p1a: Hydrus
|-supereffective|p1a: Hydrus
|-damage|p1a: Hydrus|3/100
|-unboost|p2a: Great Tusk|def|1
|-unboost|p2a: Great Tusk|spd|1
|move|p1a: Hydrus|Steam Eruption|p2a: Great Tusk
|-supereffective|p2a: Great Tusk
|-damage|p2a: Great Tusk|0 fnt
|faint|p2a: Great Tusk
|-end|p2a: Great Tusk|Protosynthesis|[silent]
|
|upkeep
|
|t:|1760871398
|switch|p2a: Samurott|Samurott-Hisui, M|68/100
|turn|12
|
|t:|1760871401
|move|p2a: Samurott|Ceaseless Edge|p1a: Hydrus
|-damage|p1a: Hydrus|0 fnt
|-sidestart|p1: MiraidonGaming|Spikes
|faint|p1a: Hydrus
|
|upkeep
|
|t:|1760871403
|switch|p1a: Great Tusk|Great Tusk|100/100
|-damage|p1a: Great Tusk|88/100|[from] Spikes
|turn|13
|
|t:|1760871408
|move|p2a: Samurott|Ceaseless Edge|p1a: Great Tusk
|-resisted|p1a: Great Tusk
|-damage|p1a: Great Tusk|77/100
|-sidestart|p1: MiraidonGaming|Spikes
|move|p1a: Great Tusk|Rapid Spin|p2a: Samurott
|-damage|p2a: Samurott|50/100
|-boost|p1a: Great Tusk|spe|1
|-sideend|p1: MiraidonGaming|Spikes|[from] move: Rapid Spin|[of] p1a: Great Tusk
|
|-heal|p1a: Great Tusk|83/100|[from] item: Leftovers
|upkeep
|turn|14
|
|t:|1760871417
|move|p2a: Samurott|Ceaseless Edge|p1a: Great Tusk
|-resisted|p1a: Great Tusk
|-damage|p1a: Great Tusk|72/100
|-sidestart|p1: MiraidonGaming|Spikes
|move|p1a: Great Tusk|Rapid Spin|p2a: Samurott
|-damage|p2a: Samurott|31/100
|-boost|p1a: Great Tusk|spe|1
|-sideend|p1: MiraidonGaming|Spikes|[from] move: Rapid Spin|[of] p1a: Great Tusk
|
|-heal|p1a: Great Tusk|78/100|[from] item: Leftovers
|upkeep
|turn|15
|
|t:|1760871425
|move|p2a: Samurott|Ceaseless Edge|p1a: Great Tusk
|-resisted|p1a: Great Tusk
|-damage|p1a: Great Tusk|68/100
|-sidestart|p1: MiraidonGaming|Spikes
|move|p1a: Great Tusk|Body Press|p2a: Samurott
|-supereffective|p2a: Samurott
|-damage|p2a: Samurott|0 fnt
|faint|p2a: Samurott
|
|-heal|p1a: Great Tusk|74/100|[from] item: Leftovers
|upkeep
|
|t:|1760871434
|switch|p2a: Kingambit|Kingambit, M|100/100
|-activate|p2a: Kingambit|ability: Supreme Overlord
|-start|p2a: Kingambit|fallen5|[silent]
|turn|16
|
|t:|1760871440
|-terastallize|p2a: Kingambit|Fairy
|move|p1a: Great Tusk|Body Press|p2a: Kingambit
|-resisted|p2a: Kingambit
|-damage|p2a: Kingambit|83/100
|move|p2a: Kingambit|Swords Dance|p2a: Kingambit
|-boost|p2a: Kingambit|atk|2
|
|-heal|p1a: Great Tusk|80/100|[from] item: Leftovers
|-heal|p2a: Kingambit|89/100|[from] item: Leftovers
|upkeep
|turn|17
|
|t:|1760871449
|move|p1a: Great Tusk|Rapid Spin|p2a: Kingambit
|-damage|p2a: Kingambit|78/100
|-boost|p1a: Great Tusk|spe|1
|-sideend|p1: MiraidonGaming|Spikes|[from] move: Rapid Spin|[of] p1a: Great Tusk
|move|p2a: Kingambit|Tera Blast|p1a: Great Tusk|[anim] Tera Blast Fairy
|-supereffective|p1a: Great Tusk
|-damage|p1a: Great Tusk|0 fnt
|faint|p1a: Great Tusk
|-end|p1a: Great Tusk|Protosynthesis|[silent]
|
|-heal|p2a: Kingambit|84/100|[from] item: Leftovers
|upkeep
|
|t:|1760871451
|switch|p1a: Solaris|Ninetales, F|100/100
|-weather|SunnyDay|[from] ability: Drought|[of] p1a: Solaris
|turn|18
|
|t:|1760871460
|move|p2a: Kingambit|Sucker Punch||[still]
|-fail|p2a: Kingambit
|move|p1a: Solaris|Will-O-Wisp|p2a: Kingambit|[miss]
|-miss|p1a: Solaris|p2a: Kingambit
|
|-weather|SunnyDay|[upkeep]
|-heal|p2a: Kingambit|90/100|[from] item: Leftovers
|upkeep
|turn|19
|
|t:|1760871468
|move|p1a: Solaris|Will-O-Wisp|p2a: Kingambit
|-status|p2a: Kingambit|brn
|move|p2a: Kingambit|Kowtow Cleave|p1a: Solaris
|-damage|p1a: Solaris|0 fnt
|faint|p1a: Solaris
|
|-weather|SunnyDay|[upkeep]
|-heal|p2a: Kingambit|96/100 brn|[from] item: Leftovers
|-damage|p2a: Kingambit|90/100 brn|[from] brn
|upkeep
|
|t:|1760871470
|switch|p1a: Icarus|Moltres|100/100
|turn|20
|
|t:|1760871479
|move|p1a: Icarus|Air Slash|p2a: Kingambit
|-damage|p2a: Kingambit|32/100 brn
|cant|p2a: Kingambit|flinch
|
|-weather|SunnyDay|[upkeep]
|-heal|p2a: Kingambit|38/100 brn|[from] item: Leftovers
|-damage|p2a: Kingambit|32/100 brn|[from] brn
|upkeep
|turn|21
|
|t:|1760871486
|move|p2a: Kingambit|Sucker Punch|p1a: Icarus
|-damage|p1a: Icarus|32/100
|move|p1a: Icarus|Air Slash|p2a: Kingambit
|-crit|p2a: Kingambit
|-damage|p2a: Kingambit|0 fnt
|faint|p2a: Kingambit
|-end|p2a: Kingambit|fallen5|[silent]
|
|win|MiraidonGaming
|raw|MiraidonGaming's rating: 1293 &rarr; <strong>1317</strong><br />(+24 for winning)
|raw|orio27's rating: 1273 &rarr; <strong>1249</strong><br />(-24 for losing)
|l|☆orio27
|player|p2|
|l|☆MiraidonGaming
|player|p1|
