|j|☆gjxj0
|j|☆wanghaoling8
|t:|1760785996
|gametype|singles
|player|p1|gjxj0|265|1297
|player|p2|wanghaoling8|dawn|1345
|gen|9
|tier|[Gen 9] OU
|rated|
|rule|HP Percentage Mod: HP is shown in percentages
|rule|Endless Battle Clause: Forcing endless battles is banned
|rule|Species Clause: Limit one of each Pokémon
|rule|OHKO Clause: OHKO moves are banned
|rule|Evasion Items Clause: Evasion items are banned
|rule|Evasion Moves Clause: Evasion moves are banned
|rule|Evasion Abilities Clause: Evasion abilities are banned
|rule|Sleep Moves Clause: Sleep-inducing moves are banned
|clearpoke
|poke|p1|Slowbro, F|
|poke|p1|Fezandipiti, M|
|poke|p1|Krookodile, M|
|poke|p1|Talonflame, F|
|poke|p1|Zapdos-Galar|
|poke|p1|Darkrai|
|poke|p2|Excadrill, M|
|poke|p2|Tyranitar, F|
|poke|p2|Keldeo-Resolute|
|poke|p2|Gastrodon, F|
|poke|p2|Serperior, M|
|poke|p2|Entei|
|teampreview
|inactive|Battle timer is ON: inactive players will automatically lose when time's up. (requested by wanghaoling8)
|
|t:|1760786023
|teamsize|p1|6
|teamsize|p2|6
|start
|switch|p1a: Krookodile|Krookodile, M|100/100
|switch|p2a: Keldeo|Keldeo-Resolute|100/100
|-ability|p1a: Krookodile|Intimidate|boost
|-unboost|p2a: Keldeo|atk|1
|turn|1
|
|t:|1760786033
|-terastallize|p1a: Krookodile|Poison
|move|p2a: Keldeo|Surf|p1a: Krookodile
|-damage|p1a: Krookodile|6/100
|move|p1a: Krookodile|Gunk Shot|p2a: Keldeo
|-damage|p2a: Keldeo|0 fnt
|faint|p2a: Keldeo
|
|upkeep
|
|t:|1760786041
|switch|p2a: Serperior|Serperior, M|100/100
|turn|2
|
|t:|1760786046
|switch|p1a: Talonflame|Talonflame, F|100/100
|move|p2a: Serperior|Leaf Storm|p1a: Talonflame
|-resisted|p1a: Talonflame
|-damage|p1a: Talonflame|85/100
|-boost|p2a: Serperior|spa|2
|
|upkeep
|turn|3
|
|t:|1760786051
|-terastallize|p2a: Serperior|Fire
|move|p2a: Serperior|Glare|p1a: Talonflame
|-status|p1a: Talonflame|par
|move|p1a: Talonflame|Fire Blast|p2a: Serperior
|-resisted|p2a: Serperior
|-crit|p2a: Serperior
|-damage|p2a: Serperior|74/100
|
|-heal|p2a: Serperior|80/100|[from] item: Leftovers
|upkeep
|turn|4
|
|t:|1760786060
|move|p2a: Serperior|Leaf Storm|p1a: Talonflame
|-resisted|p1a: Talonflame
|-damage|p1a: Talonflame|58/100 par
|-boost|p2a: Serperior|spa|2
|cant|p1a: Talonflame|par
|
|-heal|p2a: Serperior|86/100|[from] item: Leftovers
|upkeep
|turn|5
|
|t:|1760786067
|move|p2a: Serperior|Leaf Storm|p1a: Talonflame
|-resisted|p1a: Talonflame
|-damage|p1a: Talonflame|11/100 par
|-boost|p2a: Serperior|spa|2
|move|p1a: Talonflame|U-turn|p2a: Serperior
|-resisted|p2a: Serperior
|-damage|p2a: Serperior|79/100
|
|t:|1760786076
|switch|p1a: Zapdos|Zapdos-Galar|100/100|[from] U-turn
|
|-heal|p2a: Serperior|85/100|[from] item: Leftovers
|upkeep
|turn|6
|
|t:|1760786081
|move|p1a: Zapdos|Close Combat|p2a: Serperior
|-damage|p2a: Serperior|8/100
|-unboost|p1a: Zapdos|def|1
|-unboost|p1a: Zapdos|spd|1
|move|p2a: Serperior|Glare|p1a: Zapdos
|-status|p1a: Zapdos|par
|
|-heal|p2a: Serperior|14/100|[from] item: Leftovers
|upkeep
|turn|7
|
|t:|1760786091
|move|p2a: Serperior|Giga Drain|p1a: Zapdos
|-resisted|p1a: Zapdos
|-damage|p1a: Zapdos|9/100 par
|-heal|p2a: Serperior|64/100|[from] drain|[of] p1a: Zapdos
|cant|p1a: Zapdos|par
|
|-heal|p2a: Serperior|70/100|[from] item: Leftovers
|upkeep
|turn|8
|
|t:|1760786097
|move|p2a: Serperior|Substitute|p2a: Serperior
|-start|p2a: Serperior|Substitute
|-damage|p2a: Serperior|45/100
|cant|p1a: Zapdos|par
|
|-heal|p2a: Serperior|52/100|[from] item: Leftovers
|upkeep
|turn|9
|
|t:|1760786102
|move|p2a: Serperior|Giga Drain|p1a: Zapdos
|-resisted|p1a: Zapdos
|-damage|p1a: Zapdos|0 fnt
|-heal|p2a: Serperior|56/100|[from] drain|[of] p1a: Zapdos
|faint|p1a: Zapdos
|
|-heal|p2a: Serperior|62/100|[from] item: Leftovers
|upkeep
|
|t:|1760786109
|switch|p1a: Fezandipiti|Fezandipiti, M|100/100
|turn|10
|
|t:|1760786117
|move|p2a: Serperior|Leaf Storm|p1a: Fezandipiti
|-resisted|p1a: Fezandipiti
|-damage|p1a: Fezandipiti|47/100
|move|p1a: Fezandipiti|Beat Up|p2a: Serperior
|-activate|p2a: Serperior|move: Substitute|[damage]
|-activate|p2a: Serperior|move: Substitute|[damage]
|-activate|p2a: Serperior|move: Substitute|[damage]
|-activate|p2a: Serperior|move: Substitute|[damage]
|-hitcount|p2a: Serperior|4
|
|-heal|p2a: Serperior|69/100|[from] item: Leftovers
|-heal|p1a: Fezandipiti|53/100|[from] item: Leftovers
|upkeep
|turn|11
|
|t:|1760786127
|move|p2a: Serperior|Leaf Storm|p1a: Fezandipiti
|-resisted|p1a: Fezandipiti
|-damage|p1a: Fezandipiti|3/100
|move|p1a: Fezandipiti|Beat Up|p2a: Serperior
|-activate|p2a: Serperior|move: Substitute|[damage]
|-activate|p2a: Serperior|move: Substitute|[damage]
|-end|p2a: Serperior|Substitute
|-damage|p2a: Serperior|65/100
|-hitcount|p2a: Serperior|4
|
|-heal|p2a: Serperior|71/100|[from] item: Leftovers
|-heal|p1a: Fezandipiti|9/100|[from] item: Leftovers
|upkeep
|turn|12
|
|t:|1760786133
|move|p2a: Serperior|Substitute|p2a: Serperior
|-start|p2a: Serperior|Substitute
|-damage|p2a: Serperior|46/100
|move|p1a: Fezandipiti|U-turn|p2a: Serperior
|-resisted|p2a: Serperior
|-activate|p2a: Serperior|move: Substitute|[damage]
|-message|gjxj0 forfeited.
|
|win|wanghaoling8
|raw|gjxj0's rating: 1297 &rarr; <strong>1275</strong><br />(-22 for losing)
|raw|wanghaoling8's rating: 1345 &rarr; <strong>1362</strong><br />(+17 for winning)
|l|☆gjxj0
|player|p1|
|l|☆wanghaoling8
|player|p2|
