|j|☆luxgia
|j|☆Primary Trout
|t:|1760744037
|gametype|singles
|player|p1|luxgia|byron|1535
|player|p2|Primary Trout|marshal|1488
|gen|9
|tier|[Gen 9] OU
|rated|
|rule|HP Percentage Mod: HP is shown in percentages
|rule|Endless Battle Clause: Forcing endless battles is banned
|rule|Species Clause: Limit one of each Pokémon
|rule|OHKO Clause: OHKO moves are banned
|rule|Evasion Items Clause: Evasion items are banned
|rule|Evasion Moves Clause: Evasion moves are banned
|rule|Evasion Abilities Clause: Evasion abilities are banned
|rule|Sleep Moves Clause: Sleep-inducing moves are banned
|clearpoke
|poke|p1|Tornadus-Therian, M|
|poke|p1|Corviknight, F|
|poke|p1|Garganacl, F|
|poke|p1|Deoxys-Speed|
|poke|p1|Blaziken, F|
|poke|p1|Weezing-Galar, M|
|poke|p2|Deoxys-Speed|
|poke|p2|Iron Treads|
|poke|p2|Dragonite, F|
|poke|p2|Weezing-Galar, F|
|poke|p2|Meowscarada, M|
|poke|p2|Keldeo|
|teampreview
|inactive|Battle timer is ON: inactive players will automatically lose when time's up. (requested by Primary Trout)
|
|t:|1760744051
|teamsize|p1|6
|teamsize|p2|6
|start
|switch|p1a: Deoxys|Deoxys-Speed|100/100
|switch|p2a: ROCKNROLL EXPRESS|Iron Treads|100/100
|-ability|p1a: Deoxys|Pressure
|turn|1
|
|t:|1760744060
|move|p1a: Deoxys|Superpower|p2a: ROCKNROLL EXPRESS
|-supereffective|p2a: ROCKNROLL EXPRESS
|-damage|p2a: ROCKNROLL EXPRESS|55/100
|-unboost|p1a: Deoxys|atk|1
|-unboost|p1a: Deoxys|def|1
|move|p2a: ROCKNROLL EXPRESS|Rapid Spin|p1a: Deoxys
|-damage|p1a: Deoxys|74/100
|-boost|p2a: ROCKNROLL EXPRESS|spe|1
|
|-heal|p2a: ROCKNROLL EXPRESS|61/100|[from] item: Leftovers
|upkeep
|turn|2
|
|t:|1760744066
|switch|p1a: Corviknight|Corviknight, F|100/100
|-ability|p1a: Corviknight|Pressure
|move|p2a: ROCKNROLL EXPRESS|Knock Off|p1a: Corviknight
|-damage|p1a: Corviknight|82/100
|-damage|p2a: ROCKNROLL EXPRESS|45/100|[from] item: Rocky Helmet|[of] p1a: Corviknight
|-enditem|p1a: Corviknight|Rocky Helmet|[from] move: Knock Off|[of] p2a: ROCKNROLL EXPRESS
|
|-heal|p2a: ROCKNROLL EXPRESS|51/100|[from] item: Leftovers
|upkeep
|turn|3
|
|t:|1760744070
|move|p2a: ROCKNROLL EXPRESS|Stealth Rock|p1a: Corviknight
|-sidestart|p1: luxgia|move: Stealth Rock
|move|p1a: Corviknight|Bulk Up|p1a: Corviknight
|-boost|p1a: Corviknight|atk|1
|-boost|p1a: Corviknight|def|1
|
|-heal|p2a: ROCKNROLL EXPRESS|57/100|[from] item: Leftovers
|upkeep
|turn|4
|
|t:|1760744073
|-end|p2a: ROCKNROLL EXPRESS|Quark Drive|[silent]
|switch|p2a: YOU'RE TALENTLESS|Weezing-Galar, F, shiny|100/100
|-ability|p2a: YOU'RE TALENTLESS|Neutralizing Gas
|move|p1a: Corviknight|Bulk Up|p1a: Corviknight
|-boost|p1a: Corviknight|atk|1
|-boost|p1a: Corviknight|def|1
|
|upkeep
|turn|5
|
|t:|1760744077
|switch|p1a: Deoxys|Deoxys-Speed|74/100
|-damage|p1a: Deoxys|62/100|[from] Stealth Rock
|move|p2a: YOU'RE TALENTLESS|Will-O-Wisp|p1a: Deoxys
|-status|p1a: Deoxys|brn
|
|-damage|p1a: Deoxys|56/100 brn|[from] brn
|upkeep
|turn|6
|
|t:|1760744081
|move|p1a: Deoxys|Psychic Noise|p2a: YOU'RE TALENTLESS
|-supereffective|p2a: YOU'RE TALENTLESS
|-damage|p2a: YOU'RE TALENTLESS|38/100
|-start|p2a: YOU'RE TALENTLESS|move: Heal Block
|move|p2a: YOU'RE TALENTLESS|Sludge Bomb|p1a: Deoxys
|-damage|p1a: Deoxys|19/100 brn
|
|-damage|p1a: Deoxys|13/100 brn|[from] brn
|upkeep
|turn|7
|
|t:|1760744090
|-end|p2a: YOU'RE TALENTLESS|ability: Neutralizing Gas
|-ability|p1a: Deoxys|Pressure
|switch|p2a: IT'S GAME DAY|Deoxys-Speed|100/100
|-ability|p2a: IT'S GAME DAY|Pressure
|move|p1a: Deoxys|Stealth Rock|p2a: IT'S GAME DAY
|-sidestart|p2: Primary Trout|move: Stealth Rock
|
|-damage|p1a: Deoxys|7/100 brn|[from] brn
|upkeep
|turn|8
|
|t:|1760744099
|move|p1a: Deoxys|Knock Off|p2a: IT'S GAME DAY
|-supereffective|p2a: IT'S GAME DAY
|-damage|p2a: IT'S GAME DAY|68/100
|-enditem|p2a: IT'S GAME DAY|Heavy-Duty Boots|[from] move: Knock Off|[of] p1a: Deoxys
|move|p2a: IT'S GAME DAY|Thunderbolt|p1a: Deoxys
|-damage|p1a: Deoxys|0 fnt
|faint|p1a: Deoxys
|
|upkeep
|
|t:|1760744113
|switch|p1a: Corviknight|Corviknight, F|82/100
|-damage|p1a: Corviknight|70/100|[from] Stealth Rock
|-ability|p1a: Corviknight|Pressure
|turn|9
|
|t:|1760744122
|move|p2a: IT'S GAME DAY|Thunderbolt|p1a: Corviknight
|-supereffective|p1a: Corviknight
|-damage|p1a: Corviknight|18/100
|move|p1a: Corviknight|U-turn|p2a: IT'S GAME DAY
|-supereffective|p2a: IT'S GAME DAY
|-damage|p2a: IT'S GAME DAY|25/100
|
|t:|1760744126
|switch|p1a: Garganacl|Garganacl, F|100/100|[from] U-turn
|-damage|p1a: Garganacl|88/100|[from] Stealth Rock
|
|-heal|p1a: Garganacl|94/100|[from] item: Leftovers
|upkeep
|turn|10
|
|t:|1760744129
|move|p2a: IT'S GAME DAY|Nasty Plot|p2a: IT'S GAME DAY
|-boost|p2a: IT'S GAME DAY|spa|2
|move|p1a: Garganacl|Salt Cure|p2a: IT'S GAME DAY
|-damage|p2a: IT'S GAME DAY|3/100
|-start|p2a: IT'S GAME DAY|Salt Cure
|
|-heal|p1a: Garganacl|100/100|[from] item: Leftovers
|-damage|p2a: IT'S GAME DAY|0 fnt|[from] Salt Cure
|faint|p2a: IT'S GAME DAY
|upkeep
|
|t:|1760744133
|switch|p2a: ROCKNROLL EXPRESS|Iron Treads|57/100
|-damage|p2a: ROCKNROLL EXPRESS|54/100|[from] Stealth Rock
|turn|11
|
|t:|1760744140
|move|p2a: ROCKNROLL EXPRESS|Knock Off|p1a: Garganacl
|-damage|p1a: Garganacl|81/100
|-enditem|p1a: Garganacl|Leftovers|[from] move: Knock Off|[of] p2a: ROCKNROLL EXPRESS
|move|p1a: Garganacl|Iron Defense|p1a: Garganacl
|-boost|p1a: Garganacl|def|2
|
|-heal|p2a: ROCKNROLL EXPRESS|60/100|[from] item: Leftovers
|upkeep
|turn|12
|
|t:|1760744143
|move|p2a: ROCKNROLL EXPRESS|Rapid Spin|p1a: Garganacl
|-resisted|p1a: Garganacl
|-damage|p1a: Garganacl|78/100
|-boost|p2a: ROCKNROLL EXPRESS|spe|1
|-sideend|p2: Primary Trout|Stealth Rock|[from] move: Rapid Spin|[of] p2a: ROCKNROLL EXPRESS
|move|p1a: Garganacl|Body Press|p2a: ROCKNROLL EXPRESS
|-supereffective|p2a: ROCKNROLL EXPRESS
|-damage|p2a: ROCKNROLL EXPRESS|0 fnt
|faint|p2a: ROCKNROLL EXPRESS
|-end|p2a: ROCKNROLL EXPRESS|Quark Drive|[silent]
|
|upkeep
|
|t:|1760744152
|switch|p2a: WHATCHUKNOWABTIT|Keldeo|100/100
|turn|13
|
|t:|1760744158
|switch|p1a: Corviknight|Corviknight, F|18/100
|-damage|p1a: Corviknight|6/100|[from] Stealth Rock
|-ability|p1a: Corviknight|Pressure
|move|p2a: WHATCHUKNOWABTIT|Aura Sphere|p1a: Corviknight
|-damage|p1a: Corviknight|0 fnt
|faint|p1a: Corviknight
|
|upkeep
|
|t:|1760744170
|switch|p1a: Tornadus|Tornadus-Therian, M, shiny|100/100
|turn|14
|
|t:|1760744176
|switch|p2a: YOU'RE TALENTLESS|Weezing-Galar, F, shiny|38/100
|-ability|p2a: YOU'RE TALENTLESS|Neutralizing Gas
|move|p1a: Tornadus|Bleakwind Storm|p2a: YOU'RE TALENTLESS
|-damage|p2a: YOU'RE TALENTLESS|0 fnt
|faint|p2a: YOU'RE TALENTLESS
|-end|p2a: YOU'RE TALENTLESS|ability: Neutralizing Gas
|
|upkeep
|
|t:|1760744179
|switch|p2a: SAY SUMN ELSE|Dragonite, F|100/100
|turn|15
|
|t:|1760744186
|move|p1a: Tornadus|Taunt|p2a: SAY SUMN ELSE
|-start|p2a: SAY SUMN ELSE|move: Taunt
|move|p2a: SAY SUMN ELSE|Ice Spinner|p1a: Tornadus
|-supereffective|p1a: Tornadus
|-damage|p1a: Tornadus|0 fnt
|faint|p1a: Tornadus
|
|upkeep
|
|t:|1760744196
|switch|p1a: Weezing|Weezing-Galar, M|100/100
|-ability|p1a: Weezing|Neutralizing Gas
|turn|16
|
|t:|1760744216
|switch|p2a: WHATCHUKNOWABTIT|Keldeo|100/100
|move|p1a: Weezing|Sludge Bomb|p2a: WHATCHUKNOWABTIT
|-damage|p2a: WHATCHUKNOWABTIT|80/100
|
|-heal|p2a: WHATCHUKNOWABTIT|87/100|[from] item: Leftovers
|upkeep
|turn|17
|
|t:|1760744224
|move|p2a: WHATCHUKNOWABTIT|Taunt|p1a: Weezing
|-start|p1a: Weezing|move: Taunt
|move|p1a: Weezing|Sludge Bomb|p2a: WHATCHUKNOWABTIT
|-damage|p2a: WHATCHUKNOWABTIT|67/100
|-status|p2a: WHATCHUKNOWABTIT|psn
|
|-heal|p2a: WHATCHUKNOWABTIT|73/100 psn|[from] item: Leftovers
|-damage|p2a: WHATCHUKNOWABTIT|61/100 psn|[from] psn
|upkeep
|turn|18
|
|t:|1760744239
|move|p2a: WHATCHUKNOWABTIT|Aura Sphere|p1a: Weezing
|-resisted|p1a: Weezing
|-damage|p1a: Weezing|88/100
|move|p1a: Weezing|Sludge Bomb|p2a: WHATCHUKNOWABTIT
|-damage|p2a: WHATCHUKNOWABTIT|44/100 psn
|
|-heal|p2a: WHATCHUKNOWABTIT|50/100 psn|[from] item: Leftovers
|-damage|p2a: WHATCHUKNOWABTIT|37/100 psn|[from] psn
|upkeep
|turn|19
|
|t:|1760744242
|move|p2a: WHATCHUKNOWABTIT|Pain Split|p1a: Weezing
|-sethp|p1a: Weezing|65/100|[from] move: Pain Split|[silent]
|-sethp|p2a: WHATCHUKNOWABTIT|57/100 psn|[from] move: Pain Split
|move|p1a: Weezing|Sludge Bomb|p2a: WHATCHUKNOWABTIT
|-damage|p2a: WHATCHUKNOWABTIT|40/100 psn
|
|-heal|p2a: WHATCHUKNOWABTIT|46/100 psn|[from] item: Leftovers
|-damage|p2a: WHATCHUKNOWABTIT|33/100 psn|[from] psn
|-end|p1a: Weezing|move: Taunt
|upkeep
|turn|20
|
|t:|1760744245
|move|p2a: WHATCHUKNOWABTIT|Pain Split|p1a: Weezing
|-sethp|p1a: Weezing|52/100|[from] move: Pain Split|[silent]
|-sethp|p2a: WHATCHUKNOWABTIT|45/100 psn|[from] move: Pain Split
|move|p1a: Weezing|Sludge Bomb|p2a: WHATCHUKNOWABTIT
|-damage|p2a: WHATCHUKNOWABTIT|26/100 psn
|
|-heal|p2a: WHATCHUKNOWABTIT|32/100 psn|[from] item: Leftovers
|-damage|p2a: WHATCHUKNOWABTIT|19/100 psn|[from] psn
|upkeep
|turn|21
|
|t:|1760744254
|move|p2a: WHATCHUKNOWABTIT|Flip Turn|p1a: Weezing
|-damage|p1a: Weezing|42/100
|
|t:|1760744255
|switch|p2a: SAY SUMN ELSE|Dragonite, F|100/100|[from] Flip Turn
|move|p1a: Weezing|Sludge Bomb|p2a: SAY SUMN ELSE
|-crit|p2a: SAY SUMN ELSE
|-damage|p2a: SAY SUMN ELSE|58/100
|
|upkeep
|turn|22
|
|t:|1760744269
|-terastallize|p2a: SAY SUMN ELSE|Normal
|move|p2a: SAY SUMN ELSE|Extreme Speed|p1a: Weezing
|-damage|p1a: Weezing|0 fnt
|faint|p1a: Weezing
|-end|p1a: Weezing|ability: Neutralizing Gas
|
|upkeep
|
|t:|1760744272
|switch|p1a: Garganacl|Garganacl, F|78/100
|-damage|p1a: Garganacl|66/100|[from] Stealth Rock
|turn|23
|
|t:|1760744276
|switch|p2a: BEAST BOY|Meowscarada, M|100/100
|-terastallize|p1a: Garganacl|Fairy
|move|p1a: Garganacl|Iron Defense|p1a: Garganacl
|-boost|p1a: Garganacl|def|2
|
|upkeep
|turn|24
|
|t:|1760744280
|move|p2a: BEAST BOY|Flower Trick|p1a: Garganacl
|-start|p2a: BEAST BOY|typechange|Grass|[from] ability: Protean
|-crit|p1a: Garganacl
|-damage|p1a: Garganacl|32/100
|move|p1a: Garganacl|Body Press|p2a: BEAST BOY
|-damage|p2a: BEAST BOY|30/100
|
|upkeep
|turn|25
|
|t:|1760744286
|move|p2a: BEAST BOY|Flower Trick|p1a: Garganacl
|-crit|p1a: Garganacl
|-damage|p1a: Garganacl|0 fnt
|faint|p1a: Garganacl
|
|upkeep
|
|t:|1760744289
|switch|p1a: Blaziken|Blaziken, F, shiny|100/100
|-damage|p1a: Blaziken|88/100|[from] Stealth Rock
|turn|26
|
|t:|1760744291
|move|p1a: Blaziken|Protect|p1a: Blaziken
|-singleturn|p1a: Blaziken|Protect
|move|p2a: BEAST BOY|Flower Trick|p1a: Blaziken
|-activate|p1a: Blaziken|move: Protect
|
|-ability|p1a: Blaziken|Speed Boost|boost
|-boost|p1a: Blaziken|spe|1
|upkeep
|turn|27
|
|t:|1760744297
|move|p2a: BEAST BOY|Flower Trick|p1a: Blaziken
|-resisted|p1a: Blaziken
|-crit|p1a: Blaziken
|-damage|p1a: Blaziken|51/100
|move|p1a: Blaziken|Fire Punch|p2a: BEAST BOY
|-supereffective|p2a: BEAST BOY
|-damage|p2a: BEAST BOY|0 fnt
|faint|p2a: BEAST BOY
|-damage|p1a: Blaziken|41/100|[from] item: Life Orb
|
|-ability|p1a: Blaziken|Speed Boost|boost
|-boost|p1a: Blaziken|spe|1
|upkeep
|
|t:|1760744301
|switch|p2a: WHATCHUKNOWABTIT|Keldeo|19/100 psn
|turn|28
|
|t:|1760744304
|move|p1a: Blaziken|Fire Punch|p2a: WHATCHUKNOWABTIT
|-resisted|p2a: WHATCHUKNOWABTIT
|-damage|p2a: WHATCHUKNOWABTIT|0 fnt
|faint|p2a: WHATCHUKNOWABTIT
|-damage|p1a: Blaziken|31/100|[from] item: Life Orb
|
|-ability|p1a: Blaziken|Speed Boost|boost
|-boost|p1a: Blaziken|spe|1
|upkeep
|
|t:|1760744306
|switch|p2a: SAY SUMN ELSE|Dragonite, F, tera:Normal|58/100
|turn|29
|
|t:|1760744307
|move|p2a: SAY SUMN ELSE|Extreme Speed|p1a: Blaziken
|-damage|p1a: Blaziken|0 fnt
|faint|p1a: Blaziken
|
|win|Primary Trout
|raw|luxgia's rating: 1535 &rarr; <strong>1512</strong><br />(-23 for losing)
|raw|Primary Trout's rating: 1488 &rarr; <strong>1511</strong><br />(+23 for winning)
|l|☆Primary Trout
|player|p2|
