|j|☆simostruoso
|j|☆lyeskoriche
|t:|1760863816
|gametype|singles
|player|p1|simostruoso|roxie|1250
|player|p2|lyeskoriche|bugcatcher-gen4dp|1244
|gen|9
|tier|[Gen 9] OU
|rated|
|rule|HP Percentage Mod: HP is shown in percentages
|rule|Endless Battle Clause: Forcing endless battles is banned
|rule|Species Clause: Limit one of each Pokémon
|rule|OHKO Clause: OHKO moves are banned
|rule|Evasion Items Clause: Evasion items are banned
|rule|Evasion Moves Clause: Evasion moves are banned
|rule|Evasion Abilities Clause: Evasion abilities are banned
|rule|Sleep Moves Clause: Sleep-inducing moves are banned
|clearpoke
|poke|p1|Corviknight, M|
|poke|p1|Kyurem|
|poke|p1|Pawmot, M|
|poke|p1|Cresselia, F|
|poke|p1|Deoxys-Defense|
|poke|p1|Ditto|
|poke|p2|Avalugg-Hisui, F|
|poke|p2|Ceruledge, F|
|poke|p2|Bellibolt, F|
|poke|p2|Hatterene, F|
|poke|p2|Trevenant, F|
|poke|p2|Slither Wing|
|teampreview
|c|☆simostruoso|hf
|inactive|Battle timer is ON: inactive players will automatically lose when time's up. (requested by lyeskoriche)
|
|t:|1760863848
|teamsize|p1|6
|teamsize|p2|6
|start
|switch|p1a: Deoxys|Deoxys-Defense|100/100
|switch|p2a: Trevenant|Trevenant, F, shiny|100/100
|-ability|p1a: Deoxys|Pressure
|turn|1
|
|t:|1760863858
|move|p1a: Deoxys|Taunt|p2a: Trevenant
|-start|p2a: Trevenant|move: Taunt
|cant|p2a: Trevenant|move: Taunt|Leech Seed
|
|upkeep
|turn|2
|
|t:|1760863862
|move|p1a: Deoxys|Cosmic Power|p1a: Deoxys
|-boost|p1a: Deoxys|def|1
|-boost|p1a: Deoxys|spd|1
|move|p2a: Trevenant|Poltergeist|p1a: Deoxys
|-activate|p1a: Deoxys|move: Poltergeist|Leftovers
|-supereffective|p1a: Deoxys
|-damage|p1a: Deoxys|41/100
|
|-heal|p1a: Deoxys|48/100|[from] item: Leftovers
|upkeep
|turn|3
|
|t:|1760863873
|move|p1a: Deoxys|Cosmic Power|p1a: Deoxys
|-boost|p1a: Deoxys|def|1
|-boost|p1a: Deoxys|spd|1
|move|p2a: Trevenant|Poltergeist|p1a: Deoxys
|-activate|p1a: Deoxys|move: Poltergeist|Leftovers
|-supereffective|p1a: Deoxys
|-damage|p1a: Deoxys|8/100
|
|-heal|p1a: Deoxys|14/100|[from] item: Leftovers
|-end|p2a: Trevenant|move: Taunt
|upkeep
|turn|4
|
|t:|1760863883
|move|p1a: Deoxys|Recover|p1a: Deoxys
|-heal|p1a: Deoxys|64/100
|move|p2a: Trevenant|Poltergeist|p1a: Deoxys
|-activate|p1a: Deoxys|move: Poltergeist|Leftovers
|-supereffective|p1a: Deoxys
|-damage|p1a: Deoxys|19/100
|
|-heal|p1a: Deoxys|25/100|[from] item: Leftovers
|upkeep
|turn|5
|
|t:|1760863907
|-terastallize|p1a: Deoxys|Fairy
|move|p1a: Deoxys|Recover|p1a: Deoxys
|-heal|p1a: Deoxys|75/100
|move|p2a: Trevenant|Leech Seed|p1a: Deoxys
|-start|p1a: Deoxys|move: Leech Seed
|
|-heal|p1a: Deoxys|81/100|[from] item: Leftovers
|-damage|p1a: Deoxys|69/100|[from] Leech Seed|[of] p2a: Trevenant
|upkeep
|turn|6
|
|t:|1760863918
|move|p1a: Deoxys|Night Shade|p2a: Trevenant
|-damage|p2a: Trevenant|68/100
|move|p2a: Trevenant|Curse|p1a: Deoxys
|-start|p1a: Deoxys|Curse|[of] p2a: Trevenant
|-damage|p2a: Trevenant|19/100
|-enditem|p2a: Trevenant|Sitrus Berry|[eat]
|-heal|p2a: Trevenant|43/100|[from] item: Sitrus Berry
|
|-heal|p1a: Deoxys|75/100|[from] item: Leftovers
|-damage|p1a: Deoxys|63/100|[from] Leech Seed|[of] p2a: Trevenant
|-heal|p2a: Trevenant|55/100|[silent]
|-damage|p1a: Deoxys|38/100|[from] Curse
|-item|p2a: Trevenant|Sitrus Berry|[from] ability: Harvest
|upkeep
|turn|7
|inactive|simostruoso has 120 seconds left.
|
|t:|1760863939
|switch|p1a: Cresselia|Cresselia, F|100/100
|move|p2a: Trevenant|Horn Leech|p1a: Cresselia
|-damage|p1a: Cresselia|74/100
|-heal|p2a: Trevenant|74/100|[from] drain|[of] p1a: Cresselia
|
|upkeep
|turn|8
|
|t:|1760863947
|move|p1a: Cresselia|Trick|p2a: Trevenant
|-activate|p1a: Cresselia|move: Trick|[of] p2a: Trevenant
|-item|p2a: Trevenant|Choice Scarf|[from] move: Trick
|-item|p1a: Cresselia|Sitrus Berry|[from] move: Trick
|move|p2a: Trevenant|Leech Seed|p1a: Cresselia
|-start|p1a: Cresselia|move: Leech Seed
|
|-damage|p1a: Cresselia|62/100|[from] Leech Seed|[of] p2a: Trevenant
|-heal|p2a: Trevenant|92/100|[silent]
|upkeep
|turn|9
|
|t:|1760863959
|switch|p1a: Corviknight|Corviknight, M|100/100
|-ability|p1a: Corviknight|Pressure
|switch|p2a: Bellibolt|Bellibolt, F, shiny|100/100
|
|upkeep
|turn|10
|
|t:|1760863973
|switch|p1a: Pawmot|Pawmot, M|100/100
|move|p2a: Bellibolt|Charge Beam|p1a: Pawmot
|-immune|p1a: Pawmot|[from] ability: Volt Absorb
|
|upkeep
|turn|11
|
|t:|1760863981
|switch|p2a: Ceruledge|Ceruledge, F, shiny|100/100
|move|p1a: Pawmot|Super Fang|p2a: Ceruledge
|-immune|p2a: Ceruledge
|
|upkeep
|turn|12
|
|t:|1760863988
|move|p1a: Pawmot|Nuzzle|p2a: Ceruledge
|-damage|p2a: Ceruledge|92/100
|-status|p2a: Ceruledge|par
|move|p2a: Ceruledge|Bulk Up|p2a: Ceruledge
|-boost|p2a: Ceruledge|atk|1
|-boost|p2a: Ceruledge|def|1
|
|upkeep
|turn|13
|
|t:|1760863995
|move|p1a: Pawmot|Knock Off|p2a: Ceruledge
|-supereffective|p2a: Ceruledge
|-damage|p2a: Ceruledge|56/100 par
|-enditem|p2a: Ceruledge|Weakness Policy
|-boost|p2a: Ceruledge|atk|2|[from] item: Weakness Policy
|-boost|p2a: Ceruledge|spa|2|[from] item: Weakness Policy
|move|p2a: Ceruledge|Bulk Up|p2a: Ceruledge
|-boost|p2a: Ceruledge|atk|1
|-boost|p2a: Ceruledge|def|1
|
|upkeep
|turn|14
|
|t:|1760864006
|switch|p1a: Deoxys|Deoxys-Defense, tera:Fairy|38/100
|-ability|p1a: Deoxys|Pressure
|cant|p2a: Ceruledge|par
|
|-heal|p1a: Deoxys|44/100|[from] item: Leftovers
|upkeep
|turn|15
|
|t:|1760864014
|move|p1a: Deoxys|Night Shade|p2a: Ceruledge
|-damage|p2a: Ceruledge|22/100 par
|move|p2a: Ceruledge|Bitter Blade|p1a: Deoxys
|-damage|p1a: Deoxys|0 fnt
|-heal|p2a: Ceruledge|44/100 par|[from] drain|[of] p1a: Deoxys
|faint|p1a: Deoxys
|
|upkeep
|
|t:|1760864021
|switch|p1a: Ditto|Ditto|100/100
|-transform|p1a: Ditto|p2a: Ceruledge|[from] ability: Imposter
|turn|16
|
|t:|1760864034
|move|p1a: Ditto|Poltergeist||[still]
|-fail|p1a: Ditto
|move|p2a: Ceruledge|Poltergeist|p1a: Ditto
|-activate|p1a: Ditto|move: Poltergeist|Choice Scarf
|-supereffective|p1a: Ditto
|-crit|p1a: Ditto
|-damage|p1a: Ditto|0 fnt
|faint|p1a: Ditto
|
|upkeep
|
|t:|1760864043
|switch|p1a: Cresselia|Cresselia, F|62/100
|turn|17
|
|t:|1760864055
|move|p1a: Cresselia|Future Sight|p2a: Ceruledge
|-start|p1a: Cresselia|move: Future Sight
|move|p2a: Ceruledge|Poltergeist|p1a: Cresselia
|-activate|p1a: Cresselia|move: Poltergeist|Sitrus Berry
|-supereffective|p1a: Cresselia
|-damage|p1a: Cresselia|0 fnt
|faint|p1a: Cresselia
|
|upkeep
|
|t:|1760864061
|switch|p1a: Pawmot|Pawmot, M|100/100
|turn|18
|
|t:|1760864065
|move|p1a: Pawmot|Revival Blessing|p1a: Pawmot
|-enditem|p1a: Pawmot|Leppa Berry|[eat]
|-activate|p1a: Pawmot|item: Leppa Berry|Revival Blessing|[consumed]
|
|t:|1760864068
|-heal|p1: Ditto|50/100|[from] move: Revival Blessing
|move|p2a: Ceruledge|Bitter Blade|p1a: Pawmot
|-damage|p1a: Pawmot|0 fnt
|-heal|p2a: Ceruledge|100/100 par|[from] drain|[of] p1a: Pawmot
|faint|p1a: Pawmot
|
|upkeep
|
|t:|1760864076
|switch|p1a: Ditto|Ditto|50/100
|-transform|p1a: Ditto|p2a: Ceruledge|[from] ability: Imposter
|turn|19
|-message|simostruoso forfeited.
|
|win|lyeskoriche
|raw|simostruoso's rating: 1250 &rarr; <strong>1225</strong><br />(-25 for losing)
|raw|lyeskoriche's rating: 1244 &rarr; <strong>1269</strong><br />(+25 for winning)
|l|☆simostruoso
|player|p1|
|l|☆lyeskoriche
|player|p2|
