|j|☆caesar nivis
|j|☆rmcarmicheal
|t:|1760866608
|gametype|singles
|player|p1|caesar nivis|lance|1511
|player|p2|rmcarmicheal|170|1550
|gen|9
|tier|[Gen 9] OU
|rated|
|rule|HP Percentage Mod: HP is shown in percentages
|rule|Endless Battle Clause: Forcing endless battles is banned
|rule|Species Clause: Limit one of each Pokémon
|rule|OHKO Clause: OHKO moves are banned
|rule|Evasion Items Clause: Evasion items are banned
|rule|Evasion Moves Clause: Evasion moves are banned
|rule|Evasion Abilities Clause: Evasion abilities are banned
|rule|Sleep Moves Clause: Sleep-inducing moves are banned
|clearpoke
|poke|p1|Ninetales-Alola, F|
|poke|p1|Ursaluna, F|
|poke|p1|Moltres-Galar|
|poke|p1|Iron Treads|
|poke|p1|Glastrier|
|poke|p1|Dondozo, M|
|poke|p2|Ditto|
|poke|p2|Gliscor, M|
|poke|p2|Blissey, F|
|poke|p2|Toxapex, F|
|poke|p2|Cinderace, F|
|poke|p2|Gholdengo|
|teampreview
|inactive|Battle timer is ON: inactive players will automatically lose when time's up. (requested by caesar nivis)
|
|t:|1760866617
|teamsize|p1|6
|teamsize|p2|6
|start
|switch|p1a: Iron Treads|Iron Treads|100/100
|switch|p2a: Cinderace|Cinderace, F|100/100
|turn|1
|
|t:|1760866619
|-terastallize|p1a: Iron Treads|Ground
|move|p2a: Cinderace|Pyro Ball|p1a: Iron Treads
|-damage|p1a: Iron Treads|45/100
|move|p1a: Iron Treads|Earthquake|p2a: Cinderace
|-supereffective|p2a: Cinderace
|-damage|p2a: Cinderace|0 fnt
|faint|p2a: Cinderace
|
|upkeep
|
|t:|1760866623
|switch|p2a: Blissey|Blissey, F|100/100
|turn|2
|
|t:|1760866625
|move|p1a: Iron Treads|Earthquake|p2a: Blissey
|-damage|p2a: Blissey|44/100
|move|p2a: Blissey|Ice Beam|p1a: Iron Treads
|-supereffective|p1a: Iron Treads
|-damage|p1a: Iron Treads|2/100
|
|-heal|p2a: Blissey|50/100|[from] item: Leftovers
|upkeep
|turn|3
|
|t:|1760866630
|move|p1a: Iron Treads|Ice Spinner|p2a: Blissey
|-damage|p2a: Blissey|29/100
|move|p2a: Blissey|Soft-Boiled|p2a: Blissey
|-heal|p2a: Blissey|79/100
|
|-heal|p2a: Blissey|85/100|[from] item: Leftovers
|upkeep
|turn|4
|
|t:|1760866633
|switch|p2a: Gliscor|Gliscor, M|100/100
|move|p1a: Iron Treads|Earthquake|p2a: Gliscor
|-immune|p2a: Gliscor
|
|-status|p2a: Gliscor|tox|[from] item: Toxic Orb
|upkeep
|turn|5
|
|t:|1760866636
|-end|p1a: Iron Treads|Quark Drive|[silent]
|switch|p1a: Ninetales|Ninetales-Alola, F|100/100
|-weather|Snowscape|[from] ability: Snow Warning|[of] p1a: Ninetales
|switch|p2a: Toxapex|Toxapex, F|100/100
|
|-weather|Snowscape|[upkeep]
|upkeep
|turn|6
|
|t:|1760866638
|move|p1a: Ninetales|Aurora Veil|p1a: Ninetales
|-sidestart|p1: caesar nivis|move: Aurora Veil
|move|p2a: Toxapex|Toxic|p1a: Ninetales
|-status|p1a: Ninetales|tox
|
|-weather|Snowscape|[upkeep]
|-damage|p1a: Ninetales|94/100 tox|[from] psn
|upkeep
|turn|7
|
|t:|1760866646
|switch|p2a: Gliscor|Gliscor, M|100/100 tox
|move|p1a: Ninetales|Encore||[still]
|-fail|p1a: Ninetales
|
|-weather|Snowscape|[upkeep]
|-damage|p1a: Ninetales|82/100 tox|[from] psn
|upkeep
|turn|8
|
|t:|1760866648
|move|p2a: Gliscor|Protect|p2a: Gliscor
|-singleturn|p2a: Gliscor|Protect
|move|p1a: Ninetales|Freeze-Dry|p2a: Gliscor
|-activate|p2a: Gliscor|move: Protect
|
|-weather|Snowscape|[upkeep]
|-damage|p1a: Ninetales|64/100 tox|[from] psn
|upkeep
|turn|9
|
|t:|1760866649
|switch|p1a: Ursaluna|Ursaluna, F|100/100
|switch|p2a: Blissey|Blissey, F|85/100
|
|-weather|none
|-heal|p2a: Blissey|91/100|[from] item: Leftovers
|-status|p1a: Ursaluna|brn|[from] item: Flame Orb
|upkeep
|turn|10
|
|t:|1760866652
|switch|p2a: Gliscor|Gliscor, M|100/100 tox
|move|p1a: Ursaluna|Facade|p2a: Gliscor
|-damage|p2a: Gliscor|12/100 tox
|
|-heal|p2a: Gliscor|24/100 tox|[from] ability: Poison Heal
|-damage|p1a: Ursaluna|94/100 brn|[from] brn
|upkeep
|turn|11
|
|t:|1760866655
|move|p2a: Gliscor|Protect|p2a: Gliscor
|-singleturn|p2a: Gliscor|Protect
|move|p1a: Ursaluna|Crunch|p2a: Gliscor
|-activate|p2a: Gliscor|move: Protect
|
|-heal|p2a: Gliscor|36/100 tox|[from] ability: Poison Heal
|-damage|p1a: Ursaluna|88/100 brn|[from] brn
|upkeep
|turn|12
|
|t:|1760866658
|move|p2a: Gliscor|Substitute|p2a: Gliscor
|-start|p2a: Gliscor|Substitute
|-damage|p2a: Gliscor|12/100 tox
|move|p1a: Ursaluna|Facade|p2a: Gliscor
|-end|p2a: Gliscor|Substitute
|
|-heal|p2a: Gliscor|24/100 tox|[from] ability: Poison Heal
|-damage|p1a: Ursaluna|82/100 brn|[from] brn
|upkeep
|turn|13
|
|t:|1760866660
|move|p2a: Gliscor|Protect|p2a: Gliscor
|-singleturn|p2a: Gliscor|Protect
|move|p1a: Ursaluna|Facade|p2a: Gliscor
|-activate|p2a: Gliscor|move: Protect
|
|-heal|p2a: Gliscor|36/100 tox|[from] ability: Poison Heal
|-damage|p1a: Ursaluna|76/100 brn|[from] brn
|-sideend|p1: caesar nivis|move: Aurora Veil
|upkeep
|turn|14
|
|t:|1760866663
|move|p2a: Gliscor|Substitute|p2a: Gliscor
|-start|p2a: Gliscor|Substitute
|-damage|p2a: Gliscor|12/100 tox
|move|p1a: Ursaluna|Facade|p2a: Gliscor
|-end|p2a: Gliscor|Substitute
|
|-heal|p2a: Gliscor|24/100 tox|[from] ability: Poison Heal
|-damage|p1a: Ursaluna|70/100 brn|[from] brn
|upkeep
|turn|15
|
|t:|1760866666
|switch|p1a: Moltres|Moltres-Galar|100/100
|move|p2a: Gliscor|Earthquake|p1a: Moltres
|-immune|p1a: Moltres
|
|-heal|p2a: Gliscor|36/100 tox|[from] ability: Poison Heal
|upkeep
|turn|16
|
|t:|1760866670
|switch|p1a: Ursaluna|Ursaluna, F|70/100 brn
|move|p2a: Gliscor|Toxic||[still]
|-fail|p2a: Gliscor
|
|-heal|p2a: Gliscor|49/100 tox|[from] ability: Poison Heal
|-damage|p1a: Ursaluna|64/100 brn|[from] brn
|upkeep
|turn|17
|
|t:|1760866672
|move|p2a: Gliscor|Protect|p2a: Gliscor
|-singleturn|p2a: Gliscor|Protect
|move|p1a: Ursaluna|Facade|p2a: Gliscor
|-activate|p2a: Gliscor|move: Protect
|
|-heal|p2a: Gliscor|61/100 tox|[from] ability: Poison Heal
|-damage|p1a: Ursaluna|58/100 brn|[from] brn
|upkeep
|turn|18
|
|t:|1760866677
|switch|p1a: Iron Treads|Iron Treads, tera:Ground|2/100
|move|p2a: Gliscor|Substitute|p2a: Gliscor
|-start|p2a: Gliscor|Substitute
|-damage|p2a: Gliscor|36/100 tox
|
|-heal|p2a: Gliscor|49/100 tox|[from] ability: Poison Heal
|upkeep
|turn|19
|
|t:|1760866679
|move|p2a: Gliscor|Protect|p2a: Gliscor
|-singleturn|p2a: Gliscor|Protect
|move|p1a: Iron Treads|Ice Spinner|p2a: Gliscor
|-activate|p2a: Gliscor|move: Protect
|
|-heal|p2a: Gliscor|61/100 tox|[from] ability: Poison Heal
|upkeep
|turn|20
|
|t:|1760866684
|switch|p2a: Toxapex|Toxapex, F|100/100
|move|p1a: Iron Treads|Ice Spinner|p2a: Toxapex
|-resisted|p2a: Toxapex
|-damage|p2a: Toxapex|93/100
|-damage|p1a: Iron Treads|0 fnt|[from] item: Rocky Helmet|[of] p2a: Toxapex
|faint|p1a: Iron Treads
|-end|p1a: Iron Treads|Quark Drive|[silent]
|
|upkeep
|
|t:|1760866689
|switch|p1a: Ninetales|Ninetales-Alola, F|64/100 tox
|-weather|Snowscape|[from] ability: Snow Warning|[of] p1a: Ninetales
|turn|21
|
|t:|1760866692
|move|p1a: Ninetales|Aurora Veil|p1a: Ninetales
|-sidestart|p1: caesar nivis|move: Aurora Veil
|move|p2a: Toxapex|Infestation|p1a: Ninetales
|-resisted|p1a: Ninetales
|-damage|p1a: Ninetales|64/100 tox
|-activate|p1a: Ninetales|move: Infestation|[of] p2a: Toxapex
|
|-weather|Snowscape|[upkeep]
|-damage|p1a: Ninetales|58/100 tox|[from] psn
|-damage|p1a: Ninetales|46/100 tox|[from] move: Infestation|[partiallytrapped]
|upkeep
|turn|22
|
|t:|1760866696
|move|p1a: Ninetales|Freeze-Dry|p2a: Toxapex
|-supereffective|p2a: Toxapex
|-damage|p2a: Toxapex|61/100
|move|p2a: Toxapex|Infestation|p1a: Ninetales
|-resisted|p1a: Ninetales
|-crit|p1a: Ninetales
|-damage|p1a: Ninetales|44/100 tox
|
|-weather|Snowscape|[upkeep]
|-damage|p1a: Ninetales|32/100 tox|[from] psn
|-damage|p1a: Ninetales|19/100 tox|[from] move: Infestation|[partiallytrapped]
|upkeep
|turn|23
|
|t:|1760866699
|move|p1a: Ninetales|Encore|p2a: Toxapex
|-start|p2a: Toxapex|Encore
|move|p2a: Toxapex|Infestation|p1a: Ninetales
|-resisted|p1a: Ninetales
|-damage|p1a: Ninetales|19/100 tox
|
|-weather|Snowscape|[upkeep]
|-damage|p1a: Ninetales|1/100 tox|[from] psn
|-damage|p1a: Ninetales|0 fnt|[from] move: Infestation|[partiallytrapped]
|faint|p1a: Ninetales
|upkeep
|
|t:|1760866703
|switch|p1a: Ursaluna|Ursaluna, F|58/100 brn
|turn|24
|
|t:|1760866709
|switch|p2a: Gholdengo|Gholdengo|100/100
|move|p1a: Ursaluna|Facade|p2a: Gholdengo
|-immune|p2a: Gholdengo
|
|-weather|Snowscape|[upkeep]
|-damage|p1a: Ursaluna|52/100 brn|[from] brn
|upkeep
|turn|25
|
|t:|1760866712
|switch|p2a: Gliscor|Gliscor, M|61/100 tox
|move|p1a: Ursaluna|Earthquake|p2a: Gliscor
|-immune|p2a: Gliscor
|
|-weather|none
|-heal|p2a: Gliscor|74/100 tox|[from] ability: Poison Heal
|-damage|p1a: Ursaluna|46/100 brn|[from] brn
|upkeep
|turn|26
|
|t:|1760866714
|move|p2a: Gliscor|Protect|p2a: Gliscor
|-singleturn|p2a: Gliscor|Protect
|move|p1a: Ursaluna|Facade|p2a: Gliscor
|-activate|p2a: Gliscor|move: Protect
|
|-heal|p2a: Gliscor|86/100 tox|[from] ability: Poison Heal
|-damage|p1a: Ursaluna|40/100 brn|[from] brn
|upkeep
|turn|27
|
|t:|1760866716
|switch|p1a: Moltres|Moltres-Galar|100/100
|move|p2a: Gliscor|Substitute|p2a: Gliscor
|-start|p2a: Gliscor|Substitute
|-damage|p2a: Gliscor|61/100 tox
|
|-heal|p2a: Gliscor|74/100 tox|[from] ability: Poison Heal
|upkeep
|turn|28
|
|t:|1760866718
|move|p2a: Gliscor|Toxic|p1a: Moltres
|-status|p1a: Moltres|tox
|move|p1a: Moltres|Nasty Plot|p1a: Moltres
|-boost|p1a: Moltres|spa|2
|
|-heal|p2a: Gliscor|86/100 tox|[from] ability: Poison Heal
|-damage|p1a: Moltres|94/100 tox|[from] psn
|-sideend|p1: caesar nivis|move: Aurora Veil
|upkeep
|turn|29
|
|t:|1760866721
|move|p2a: Gliscor|Protect|p2a: Gliscor
|-singleturn|p2a: Gliscor|Protect
|move|p1a: Moltres|Nasty Plot|p1a: Moltres
|-boost|p1a: Moltres|spa|2
|
|-heal|p1a: Moltres|100/100 tox|[from] item: Leftovers
|-heal|p2a: Gliscor|99/100 tox|[from] ability: Poison Heal
|-damage|p1a: Moltres|88/100 tox|[from] psn
|upkeep
|turn|30
|
|t:|1760866725
|move|p2a: Gliscor|Substitute|p2a: Gliscor
|-fail|p2a: Gliscor|move: Substitute
|move|p1a: Moltres|Fiery Wrath|p2a: Gliscor
|-end|p2a: Gliscor|Substitute
|
|-heal|p1a: Moltres|94/100 tox|[from] item: Leftovers
|-heal|p2a: Gliscor|100/100 tox|[from] ability: Poison Heal
|-damage|p1a: Moltres|76/100 tox|[from] psn
|upkeep
|turn|31
|
|t:|1760866727
|move|p2a: Gliscor|Protect|p2a: Gliscor
|-singleturn|p2a: Gliscor|Protect
|move|p1a: Moltres|Agility|p1a: Moltres
|-boost|p1a: Moltres|spe|2
|
|-heal|p1a: Moltres|82/100 tox|[from] item: Leftovers
|-damage|p1a: Moltres|57/100 tox|[from] psn
|upkeep
|turn|32
|
|t:|1760866729
|switch|p2a: Blissey|Blissey, F|91/100
|move|p1a: Moltres|Fiery Wrath|p2a: Blissey
|-crit|p2a: Blissey
|-damage|p2a: Blissey|15/100
|
|-heal|p1a: Moltres|63/100 tox|[from] item: Leftovers
|-heal|p2a: Blissey|21/100|[from] item: Leftovers
|-damage|p1a: Moltres|32/100 tox|[from] psn
|upkeep
|turn|33
|
|t:|1760866731
|move|p1a: Moltres|Fiery Wrath|p2a: Blissey
|-damage|p2a: Blissey|0 fnt
|faint|p2a: Blissey
|
|-heal|p1a: Moltres|38/100 tox|[from] item: Leftovers
|-damage|p1a: Moltres|1/100 tox|[from] psn
|upkeep
|
|t:|1760866734
|switch|p2a: Ditto|Ditto|100/100
|-transform|p2a: Ditto|p1a: Moltres|[from] ability: Imposter
|turn|34
|
|t:|1760866737
|move|p2a: Ditto|Air Slash|p1a: Moltres
|-damage|p1a: Moltres|0 fnt
|faint|p1a: Moltres
|
|upkeep
|
|t:|1760866740
|switch|p1a: Dondozo|Dondozo, M|100/100
|turn|35
|
|t:|1760866744
|switch|p2a: Toxapex|Toxapex, F|94/100
|move|p1a: Dondozo|Body Press|p2a: Toxapex
|-resisted|p2a: Toxapex
|-damage|p2a: Toxapex|86/100
|-damage|p1a: Dondozo|84/100|[from] item: Rocky Helmet|[of] p2a: Toxapex
|
|-heal|p1a: Dondozo|90/100|[from] item: Leftovers
|upkeep
|turn|36
|
|t:|1760866750
|switch|p2a: Gliscor|Gliscor, M|100/100 tox
|move|p1a: Dondozo|Curse|p1a: Dondozo
|-unboost|p1a: Dondozo|spe|1
|-boost|p1a: Dondozo|atk|1
|-boost|p1a: Dondozo|def|1
|
|-heal|p1a: Dondozo|96/100|[from] item: Leftovers
|upkeep
|turn|37
|
|t:|1760866752
|switch|p2a: Toxapex|Toxapex, F|100/100
|move|p1a: Dondozo|Crunch|p2a: Toxapex
|-damage|p2a: Toxapex|86/100
|-damage|p1a: Dondozo|79/100|[from] item: Rocky Helmet|[of] p2a: Toxapex
|
|-heal|p1a: Dondozo|86/100|[from] item: Leftovers
|upkeep
|turn|38
|
|t:|1760866753
|switch|p1a: Ursaluna|Ursaluna, F|40/100 brn
|move|p2a: Toxapex|Haze|p2a: Toxapex
|-clearallboost
|
|-damage|p1a: Ursaluna|34/100 brn|[from] brn
|upkeep
|turn|39
|
|t:|1760866759
|switch|p2a: Gliscor|Gliscor, M|100/100 tox
|move|p1a: Ursaluna|Earthquake|p2a: Gliscor
|-immune|p2a: Gliscor
|
|-damage|p1a: Ursaluna|28/100 brn|[from] brn
|upkeep
|turn|40
|
|t:|1760866761
|switch|p1a: Glastrier|Glastrier|100/100
|move|p2a: Gliscor|Earthquake|p1a: Glastrier
|-damage|p1a: Glastrier|77/100
|
|upkeep
|turn|41
|
|t:|1760866764
|switch|p2a: Gholdengo|Gholdengo|100/100
|switch|p1a: Dondozo|Dondozo, M|86/100
|
|-heal|p1a: Dondozo|92/100|[from] item: Leftovers
|upkeep
|turn|42
|
|t:|1760866766
|move|p2a: Gholdengo|Trick|p1a: Dondozo
|-activate|p2a: Gholdengo|move: Trick|[of] p1a: Dondozo
|-item|p1a: Dondozo|Choice Scarf|[from] move: Trick
|-item|p2a: Gholdengo|Leftovers|[from] move: Trick
|move|p1a: Dondozo|Crunch|p2a: Gholdengo
|-supereffective|p2a: Gholdengo
|-damage|p2a: Gholdengo|66/100
|
|-heal|p2a: Gholdengo|72/100|[from] item: Leftovers
|upkeep
|turn|43
|
|t:|1760866769
|move|p2a: Gholdengo|Shadow Ball|p1a: Dondozo
|-damage|p1a: Dondozo|51/100
|move|p1a: Dondozo|Crunch|p2a: Gholdengo
|-supereffective|p2a: Gholdengo
|-damage|p2a: Gholdengo|34/100
|-unboost|p2a: Gholdengo|def|1
|
|-heal|p2a: Gholdengo|40/100|[from] item: Leftovers
|upkeep
|turn|44
|
|t:|1760866772
|switch|p2a: Toxapex|Toxapex, F|100/100
|move|p1a: Dondozo|Crunch|p2a: Toxapex
|-damage|p2a: Toxapex|91/100
|-damage|p1a: Dondozo|34/100|[from] item: Rocky Helmet|[of] p2a: Toxapex
|
|upkeep
|turn|45
|
|t:|1760866774
|move|p1a: Dondozo|Crunch|p2a: Toxapex
|-damage|p2a: Toxapex|81/100
|-damage|p1a: Dondozo|18/100|[from] item: Rocky Helmet|[of] p2a: Toxapex
|move|p2a: Toxapex|Infestation|p1a: Dondozo
|-damage|p1a: Dondozo|15/100
|-activate|p1a: Dondozo|move: Infestation|[of] p2a: Toxapex
|
|-damage|p1a: Dondozo|2/100|[from] move: Infestation|[partiallytrapped]
|upkeep
|turn|46
|
|t:|1760866775
|move|p1a: Dondozo|Crunch|p2a: Toxapex
|-damage|p2a: Toxapex|72/100
|-unboost|p2a: Toxapex|def|1
|-damage|p1a: Dondozo|0 fnt|[from] item: Rocky Helmet|[of] p2a: Toxapex
|faint|p1a: Dondozo
|move|p2a: Toxapex|Recover|p2a: Toxapex
|-heal|p2a: Toxapex|100/100
|
|upkeep
|
|t:|1760866779
|switch|p1a: Ursaluna|Ursaluna, F|28/100 brn
|turn|47
|
|t:|1760866780
|move|p1a: Ursaluna|Facade|p2a: Toxapex
|-damage|p2a: Toxapex|0 fnt
|-damage|p1a: Ursaluna|11/100 brn|[from] item: Rocky Helmet|[of] p2a: Toxapex
|faint|p2a: Toxapex
|
|-damage|p1a: Ursaluna|5/100 brn|[from] brn
|upkeep
|
|t:|1760866782
|switch|p2a: Gliscor|Gliscor, M|100/100 tox
|turn|48
|
|t:|1760866785
|move|p2a: Gliscor|Earthquake|p1a: Ursaluna
|-damage|p1a: Ursaluna|0 fnt
|faint|p1a: Ursaluna
|
|upkeep
|
|t:|1760866787
|switch|p1a: Glastrier|Glastrier|77/100
|turn|49
|
|t:|1760866788
|move|p2a: Gliscor|Toxic|p1a: Glastrier
|-status|p1a: Glastrier|tox
|move|p1a: Glastrier|Avalanche|p2a: Gliscor
|-supereffective|p2a: Gliscor
|-damage|p2a: Gliscor|0 fnt
|faint|p2a: Gliscor
|-ability|p1a: Glastrier|Chilling Neigh|boost
|-boost|p1a: Glastrier|atk|1
|
|-damage|p1a: Glastrier|71/100 tox|[from] psn
|upkeep
|
|t:|1760866791
|switch|p2a: Gholdengo|Gholdengo|40/100
|turn|50
|
|t:|1760866792
|move|p2a: Gholdengo|Make It Rain|p1a: Glastrier
|-supereffective|p1a: Glastrier
|-damage|p1a: Glastrier|10/100 tox
|-unboost|p2a: Gholdengo|spa|1
|move|p1a: Glastrier|High Horsepower|p2a: Gholdengo
|-supereffective|p2a: Gholdengo
|-damage|p2a: Gholdengo|0 fnt
|faint|p2a: Gholdengo
|-ability|p1a: Glastrier|Chilling Neigh|boost
|-boost|p1a: Glastrier|atk|1
|
|-damage|p1a: Glastrier|0 fnt|[from] psn
|faint|p1a: Glastrier
|
|win|rmcarmicheal
|raw|caesar nivis's rating: 1511 &rarr; <strong>1493</strong><br />(-18 for losing)
|raw|rmcarmicheal's rating: 1550 &rarr; <strong>1568</strong><br />(+18 for winning)
|l|☆caesar nivis
|player|p1|
|l|☆rmcarmicheal
|player|p2|
