|j|☆antidettt
|j|☆me destroy you 15
|t:|1760856109
|gametype|singles
|player|p1|antidettt|roxie|1094
|player|p2|me destroy you 15|flint|1139
|gen|9
|tier|[Gen 9] OU
|rated|
|rule|HP Percentage Mod: HP is shown in percentages
|rule|Endless Battle Clause: Forcing endless battles is banned
|rule|Species Clause: Limit one of each Pokémon
|rule|OHKO Clause: OHKO moves are banned
|rule|Evasion Items Clause: Evasion items are banned
|rule|Evasion Moves Clause: Evasion moves are banned
|rule|Evasion Abilities Clause: Evasion abilities are banned
|rule|Sleep Moves Clause: Sleep-inducing moves are banned
|clearpoke
|poke|p1|Venusaur, M|
|poke|p1|Walking Wake|
|poke|p1|Ninetales, M|
|poke|p1|Garchomp, F|
|poke|p1|Arcanine-Hisui, M|
|poke|p1|Dragonite, M|
|poke|p2|Blastoise, M|
|poke|p2|Charizard, M|
|poke|p2|Vileplume, F|
|poke|p2|Forretress, M|
|poke|p2|Gengar, F|
|poke|p2|Electivire, M|
|teampreview
|inactive|Battle timer is ON: inactive players will automatically lose when time's up. (requested by me destroy you 15)
|
|t:|1760856121
|teamsize|p1|6
|teamsize|p2|6
|start
|switch|p1a: Ninetales|Ninetales, M|100/100
|switch|p2a: Electivire|Electivire, M|100/100
|-weather|SunnyDay|[from] ability: Drought|[of] p1a: Ninetales
|turn|1
|
|t:|1760856132
|move|p1a: Ninetales|Will-O-Wisp|p2a: Electivire
|-status|p2a: Electivire|brn
|move|p2a: Electivire|Wild Charge|p1a: Ninetales
|-damage|p1a: Ninetales|62/100
|-damage|p2a: Electivire|89/100 brn|[from] Recoil
|-damage|p2a: Electivire|79/100 brn|[from] item: Life Orb
|
|-weather|SunnyDay|[upkeep]
|-damage|p2a: Electivire|73/100 brn|[from] brn
|upkeep
|turn|2
|
|t:|1760856143
|switch|p1a: Venusaur|Venusaur, M|100/100
|move|p2a: Electivire|Rock Tomb|p1a: Venusaur
|-crit|p1a: Venusaur
|-damage|p1a: Venusaur|75/100
|-unboost|p1a: Venusaur|spe|1
|-damage|p2a: Electivire|63/100 brn|[from] item: Life Orb
|
|-weather|SunnyDay|[upkeep]
|-damage|p2a: Electivire|57/100 brn|[from] brn
|upkeep
|turn|3
|
|t:|1760856160
|move|p1a: Venusaur|Growth|p1a: Venusaur
|-boost|p1a: Venusaur|atk|2
|-boost|p1a: Venusaur|spa|2
|move|p2a: Electivire|Fire Punch|p1a: Venusaur
|-supereffective|p1a: Venusaur
|-damage|p1a: Venusaur|14/100
|-damage|p2a: Electivire|47/100 brn|[from] item: Life Orb
|
|-weather|SunnyDay|[upkeep]
|-damage|p2a: Electivire|41/100 brn|[from] brn
|upkeep
|turn|4
|
|t:|1760856171
|switch|p2a: Vileplume|Vileplume, F|100/100
|move|p1a: Venusaur|Giga Drain|p2a: Vileplume
|-resisted|p2a: Vileplume
|-damage|p2a: Vileplume|77/100
|-heal|p1a: Venusaur|26/100|[from] drain|[of] p2a: Vileplume
|-damage|p1a: Venusaur|16/100|[from] item: Life Orb
|
|-weather|SunnyDay|[upkeep]
|-heal|p2a: Vileplume|83/100|[from] item: Leftovers
|upkeep
|turn|5
|
|t:|1760856186
|-terastallize|p1a: Venusaur|Fire
|move|p1a: Venusaur|Weather Ball|p2a: Vileplume
|-supereffective|p2a: Vileplume
|-damage|p2a: Vileplume|0 fnt
|faint|p2a: Vileplume
|-damage|p1a: Venusaur|6/100|[from] item: Life Orb
|
|-weather|SunnyDay|[upkeep]
|upkeep
|
|t:|1760856199
|switch|p2a: Gengar|Gengar, F|100/100
|turn|6
|
|t:|1760856207
|move|p1a: Venusaur|Giga Drain|p2a: Gengar
|-resisted|p2a: Gengar
|-damage|p2a: Gengar|2/100
|-heal|p1a: Venusaur|49/100|[from] drain|[of] p2a: Gengar
|-start|p1a: Venusaur|Disable|Giga Drain|[from] ability: Cursed Body|[of] p2a: Gengar
|-damage|p1a: Venusaur|39/100|[from] item: Life Orb
|move|p2a: Gengar|Shadow Ball|p1a: Venusaur
|-damage|p1a: Venusaur|0 fnt
|faint|p1a: Venusaur
|
|-weather|SunnyDay|[upkeep]
|upkeep
|
|t:|1760856212
|switch|p1a: Arcanine|Arcanine-Hisui, M|100/100
|turn|7
|
|t:|1760856222
|move|p2a: Gengar|Sludge Bomb|p1a: Arcanine
|-resisted|p1a: Arcanine
|-damage|p1a: Arcanine|74/100
|move|p1a: Arcanine|Flare Blitz|p2a: Gengar
|-damage|p2a: Gengar|0 fnt
|faint|p2a: Gengar
|
|-weather|SunnyDay|[upkeep]
|-heal|p1a: Arcanine|80/100|[from] item: Leftovers
|upkeep
|
|t:|1760856232
|switch|p2a: Charizard|Charizard, M|100/100
|turn|8
|
|t:|1760856236
|move|p2a: Charizard|Focus Blast|p1a: Arcanine
|-supereffective|p1a: Arcanine
|-damage|p1a: Arcanine|0 fnt
|faint|p1a: Arcanine
|
|-weather|none
|upkeep
|
|t:|1760856247
|switch|p1a: Ninetales|Ninetales, M|62/100
|-weather|SunnyDay|[from] ability: Drought|[of] p1a: Ninetales
|turn|9
|
|t:|1760856256
|switch|p1a: Walking Wake|Walking Wake|100/100
|-activate|p1a: Walking Wake|ability: Protosynthesis
|-start|p1a: Walking Wake|protosynthesisspe
|move|p2a: Charizard|Air Slash|p1a: Walking Wake
|-damage|p1a: Walking Wake|57/100
|
|-weather|SunnyDay|[upkeep]
|upkeep
|turn|10
|-activate|p2a: Charizard|item: Quick Claw
|
|t:|1760856265
|move|p2a: Charizard|Air Slash|p1a: Walking Wake
|-damage|p1a: Walking Wake|15/100
|cant|p1a: Walking Wake|flinch
|
|-weather|SunnyDay|[upkeep]
|upkeep
|turn|11
|
|t:|1760856274
|move|p1a: Walking Wake|Hydro Steam|p2a: Charizard
|-supereffective|p2a: Charizard
|-damage|p2a: Charizard|0 fnt
|faint|p2a: Charizard
|
|-weather|SunnyDay|[upkeep]
|upkeep
|
|t:|1760856282
|switch|p2a: Blastoise|Blastoise, M|100/100
|turn|12
|
|t:|1760856292
|move|p1a: Walking Wake|Hydro Steam|p2a: Blastoise
|-resisted|p2a: Blastoise
|-damage|p2a: Blastoise|66/100
|move|p2a: Blastoise|Shell Smash|p2a: Blastoise
|-unboost|p2a: Blastoise|def|1
|-unboost|p2a: Blastoise|spd|1
|-boost|p2a: Blastoise|atk|2
|-boost|p2a: Blastoise|spa|2
|-boost|p2a: Blastoise|spe|2
|-enditem|p2a: Blastoise|White Herb
|-clearnegativeboost|p2a: Blastoise|[silent]
|
|-weather|SunnyDay|[upkeep]
|upkeep
|turn|13
|
|t:|1760856304
|move|p1a: Walking Wake|Hydro Steam|p2a: Blastoise
|-resisted|p2a: Blastoise
|-damage|p2a: Blastoise|31/100
|move|p2a: Blastoise|Surf|p1a: Walking Wake
|-resisted|p1a: Walking Wake
|-damage|p1a: Walking Wake|3/100
|
|-weather|SunnyDay|[upkeep]
|upkeep
|turn|14
|
|t:|1760856313
|move|p1a: Walking Wake|Hydro Steam|p2a: Blastoise
|-resisted|p2a: Blastoise
|-damage|p2a: Blastoise|0 fnt
|faint|p2a: Blastoise
|
|-weather|SunnyDay|[upkeep]
|upkeep
|
|t:|1760856321
|switch|p2a: Forretress|Forretress, M|100/100
|turn|15
|
|t:|1760856324
|move|p1a: Walking Wake|Hydro Steam|p2a: Forretress
|-damage|p2a: Forretress|13/100
|move|p2a: Forretress|Lunge|p1a: Walking Wake
|-damage|p1a: Walking Wake|0 fnt
|faint|p1a: Walking Wake
|-end|p1a: Walking Wake|Protosynthesis|[silent]
|
|-weather|SunnyDay|[upkeep]
|-heal|p2a: Forretress|19/100|[from] item: Leftovers
|upkeep
|
|t:|1760856329
|switch|p1a: Dragonite|Dragonite, M|100/100
|turn|16
|
|t:|1760856336
|move|p1a: Dragonite|Dragon Dance|p1a: Dragonite
|-boost|p1a: Dragonite|atk|1
|-boost|p1a: Dragonite|spe|1
|move|p2a: Forretress|Thunder Wave|p1a: Dragonite
|-status|p1a: Dragonite|par
|
|-weather|none
|-heal|p2a: Forretress|25/100|[from] item: Leftovers
|upkeep
|turn|17
|
|t:|1760856346
|move|p1a: Dragonite|Scale Shot|p2a: Forretress|[miss]
|-miss|p1a: Dragonite|p2a: Forretress
|move|p2a: Forretress|Lunge|p1a: Dragonite
|-resisted|p1a: Dragonite
|-damage|p1a: Dragonite|94/100 par
|-unboost|p1a: Dragonite|atk|1
|
|-heal|p2a: Forretress|31/100|[from] item: Leftovers
|upkeep
|turn|18
|
|t:|1760856356
|cant|p1a: Dragonite|par
|move|p2a: Forretress|Toxic Spikes|p1a: Dragonite
|-sidestart|p1: antidettt|move: Toxic Spikes
|
|-heal|p2a: Forretress|37/100|[from] item: Leftovers
|upkeep
|turn|19
|
|t:|1760856362
|move|p1a: Dragonite|Dragon Dance|p1a: Dragonite
|-boost|p1a: Dragonite|atk|1
|-boost|p1a: Dragonite|spe|1
|move|p2a: Forretress|Lunge|p1a: Dragonite
|-resisted|p1a: Dragonite
|-damage|p1a: Dragonite|79/100 par
|-unboost|p1a: Dragonite|atk|1
|
|-heal|p2a: Forretress|43/100|[from] item: Leftovers
|upkeep
|turn|20
|
|t:|1760856372
|move|p1a: Dragonite|Earthquake|p2a: Forretress
|-damage|p2a: Forretress|16/100
|move|p2a: Forretress|Lunge|p1a: Dragonite
|-resisted|p1a: Dragonite
|-damage|p1a: Dragonite|64/100 par
|-unboost|p1a: Dragonite|atk|1
|
|-heal|p2a: Forretress|22/100|[from] item: Leftovers
|upkeep
|turn|21
|
|t:|1760856382
|switch|p1a: Garchomp|Garchomp, F|100/100
|-status|p1a: Garchomp|psn
|move|p2a: Forretress|Lunge|p1a: Garchomp
|-damage|p1a: Garchomp|78/100 psn
|-unboost|p1a: Garchomp|atk|1
|-damage|p2a: Forretress|9/100|[from] ability: Rough Skin|[of] p1a: Garchomp
|-damage|p2a: Forretress|0 fnt|[from] item: Rocky Helmet|[of] p1a: Garchomp
|faint|p2a: Forretress
|
|-damage|p1a: Garchomp|66/100 psn|[from] psn
|upkeep
|
|t:|1760856395
|switch|p2a: Electivire|Electivire, M|41/100 brn
|turn|22
|
|t:|1760856398
|move|p1a: Garchomp|Earthquake|p2a: Electivire
|-supereffective|p2a: Electivire
|-damage|p2a: Electivire|0 fnt
|faint|p2a: Electivire
|
|win|antidettt
|raw|antidettt's rating: 1094 &rarr; <strong>1123</strong><br />(+29 for winning)
|raw|me destroy you 15's rating: 1139 &rarr; <strong>1111</strong><br />(-28 for losing)
|l|☆antidettt
|player|p1|
|l|☆me destroy you 15
|player|p2|
