|j|☆Ac_30
|j|☆taerola
|t:|1760724143
|gametype|singles
|player|p1|Ac_30|dancer|1396
|player|p2|taerola|102|1373
|gen|9
|tier|[Gen 9] OU
|rated|
|rule|HP Percentage Mod: HP is shown in percentages
|rule|Endless Battle Clause: Forcing endless battles is banned
|rule|Species Clause: Limit one of each Pokémon
|rule|OHKO Clause: OHKO moves are banned
|rule|Evasion Items Clause: Evasion items are banned
|rule|Evasion Moves Clause: Evasion moves are banned
|rule|Evasion Abilities Clause: Evasion abilities are banned
|rule|Sleep Moves Clause: Sleep-inducing moves are banned
|clearpoke
|poke|p1|Scizor, M|
|poke|p1|Sinistcha|
|poke|p1|Araquanid, M|
|poke|p1|Chansey, F|
|poke|p1|Garganacl, M|
|poke|p1|Iron Hands|
|poke|p2|Iron Moth|
|poke|p2|Azelf|
|poke|p2|Dragapult, M|
|poke|p2|Iron Treads|
|poke|p2|Primeape, F|
|poke|p2|Rillaboom, M|
|teampreview
|
|t:|1760724160
|teamsize|p1|6
|teamsize|p2|6
|start
|switch|p1a: Scyfer|Scizor, M|100/100
|switch|p2a: Azelf|Azelf|100/100
|turn|1
|
|t:|1760724187
|switch|p1a: Shang tsung|Chansey, F|100/100
|move|p2a: Azelf|Reflect|p2a: Azelf
|-sidestart|p2: taerola|Reflect
|
|upkeep
|turn|2
|
|t:|1760724194
|move|p2a: Azelf|Stealth Rock|p1a: Shang tsung
|-sidestart|p1: Ac_30|move: Stealth Rock
|move|p1a: Shang tsung|Thunder Wave|p2a: Azelf
|-status|p2a: Azelf|par
|
|upkeep
|turn|3
|
|t:|1760724203
|switch|p1a: Scyfer|Scizor, M|100/100
|move|p2a: Azelf|Light Screen|p2a: Azelf
|-sidestart|p2: taerola|move: Light Screen
|
|upkeep
|turn|4
|
|t:|1760724216
|cant|p2a: Azelf|par
|move|p1a: Scyfer|Defog|p2a: Azelf
|-unboost|p2a: Azelf|evasion|1
|-sideend|p2: taerola|Reflect
|-sideend|p2: taerola|move: Light Screen
|-sideend|p1: Ac_30|Stealth Rock|[from] move: Defog|[of] p1a: Scyfer
|
|upkeep
|turn|5
|
|t:|1760724222
|cant|p2a: Azelf|par
|move|p1a: Scyfer|Knock Off|p2a: Azelf
|-supereffective|p2a: Azelf
|-damage|p2a: Azelf|0 fnt
|-enditem|p2a: Azelf|Light Clay|[from] move: Knock Off|[of] p1a: Scyfer
|faint|p2a: Azelf
|
|upkeep
|
|t:|1760724230
|switch|p2a: Primeape|Primeape, F|100/100
|turn|6
|
|t:|1760724238
|switch|p1a: Charlotte|Araquanid, M, shiny|100/100
|move|p2a: Primeape|Bulk Up|p2a: Primeape
|-boost|p2a: Primeape|atk|1
|-boost|p2a: Primeape|def|1
|
|upkeep
|turn|7
|
|t:|1760724246
|move|p2a: Primeape|Bulk Up|p2a: Primeape
|-boost|p2a: Primeape|atk|1
|-boost|p2a: Primeape|def|1
|move|p1a: Charlotte|Liquidation|p2a: Primeape
|-damage|p2a: Primeape|79/100
|
|upkeep
|turn|8
|
|t:|1760724254
|move|p2a: Primeape|Bulk Up|p2a: Primeape
|-boost|p2a: Primeape|atk|1
|-boost|p2a: Primeape|def|1
|move|p1a: Charlotte|Liquidation|p2a: Primeape
|-damage|p2a: Primeape|61/100
|
|upkeep
|turn|9
|
|t:|1760724263
|move|p1a: Charlotte|Endure|p1a: Charlotte
|-singleturn|p1a: Charlotte|move: Endure
|move|p2a: Primeape|Bulk Up|p2a: Primeape
|-boost|p2a: Primeape|atk|1
|-boost|p2a: Primeape|def|1
|
|upkeep
|turn|10
|
|t:|1760724272
|move|p2a: Primeape|Encore|p1a: Charlotte
|-start|p1a: Charlotte|Encore
|move|p1a: Charlotte|Endure||[still]
|-fail|p1a: Charlotte
|
|upkeep
|turn|11
|
|t:|1760724284
|switch|p1a: Scyfer|Scizor, M|100/100
|move|p2a: Primeape|Drain Punch|p1a: Scyfer
|-damage|p1a: Scyfer|19/100
|-heal|p2a: Primeape|100/100|[from] drain|[of] p1a: Scyfer
|
|upkeep
|turn|12
|
|t:|1760724301
|move|p2a: Primeape|Bulk Up|p2a: Primeape
|-boost|p2a: Primeape|atk|1
|-boost|p2a: Primeape|def|1
|move|p1a: Scyfer|Knock Off|p2a: Primeape
|-resisted|p2a: Primeape
|-damage|p2a: Primeape|95/100
|-enditem|p2a: Primeape|Eviolite|[from] move: Knock Off|[of] p1a: Scyfer
|
|upkeep
|turn|13
|
|t:|1760724307
|move|p2a: Primeape|Drain Punch|p1a: Scyfer
|-damage|p1a: Scyfer|0 fnt
|-heal|p2a: Primeape|100/100|[from] drain|[of] p1a: Scyfer
|faint|p1a: Scyfer
|
|upkeep
|
|t:|1760724314
|switch|p1a: Oolong|Sinistcha|100/100
|turn|14
|
|t:|1760724323
|move|p2a: Primeape|Rage Fist|p1a: Oolong
|-supereffective|p1a: Oolong
|-damage|p1a: Oolong|0 fnt
|faint|p1a: Oolong
|
|upkeep
|
|t:|1760724329
|switch|p1a: Charlotte|Araquanid, M, shiny|100/100
|turn|15
|
|t:|1760724337
|move|p2a: Primeape|Bulk Up|p2a: Primeape
|-boost|p2a: Primeape|atk|1
|-boost|p2a: Primeape|def|1
|move|p1a: Charlotte|Endeavor|p2a: Primeape
|-immune|p2a: Primeape
|
|upkeep
|turn|16
|-message|Ac_30 forfeited.
|
|win|taerola
|raw|Ac_30's rating: 1396 &rarr; <strong>1375</strong><br />(-21 for losing)
|raw|taerola's rating: 1373 &rarr; <strong>1394</strong><br />(+21 for winning)
|l|☆Ac_30
|player|p1|
|l|☆taerola
|player|p2|
