|j|☆owl_with_scarf
|j|☆labbict
|t:|1760857487
|gametype|singles
|player|p1|owl_with_scarf|#owlwithscarf|1467
|player|p2|labbict|266|1421
|gen|9
|tier|[Gen 9] OU
|rated|
|rule|HP Percentage Mod: HP is shown in percentages
|rule|Endless Battle Clause: Forcing endless battles is banned
|rule|Species Clause: Limit one of each Pokémon
|rule|OHKO Clause: OHKO moves are banned
|rule|Evasion Items Clause: Evasion items are banned
|rule|Evasion Moves Clause: Evasion moves are banned
|rule|Evasion Abilities Clause: Evasion abilities are banned
|rule|Sleep Moves Clause: Sleep-inducing moves are banned
|clearpoke
|poke|p1|Clefable, M|
|poke|p1|Glimmora, M|
|poke|p1|Diancie|
|poke|p1|Hatterene, F|
|poke|p1|Ogerpon-Wellspring, F|
|poke|p1|Ursaluna, F|
|poke|p2|Gholdengo|
|poke|p2|Rillaboom, M|
|poke|p2|Raging Bolt|
|poke|p2|Samurott-Hisui, M|
|poke|p2|Heatran, M|
|poke|p2|Iron Treads|
|teampreview
|inactive|Battle timer is ON: inactive players will automatically lose when time's up. (requested by owl_with_scarf)
|
|t:|1760857506
|teamsize|p1|6
|teamsize|p2|6
|start
|switch|p1a: Glimmora|Glimmora, M, shiny|100/100
|switch|p2a: Raging Bolt|Raging Bolt|100/100
|turn|1
|
|t:|1760857511
|move|p1a: Glimmora|Meteor Beam||[still]
|-prepare|p1a: Glimmora|Meteor Beam
|-boost|p1a: Glimmora|spa|1
|-enditem|p1a: Glimmora|Power Herb
|-anim|p1a: Glimmora|Meteor Beam|p2a: Raging Bolt
|-damage|p2a: Raging Bolt|9/100
|move|p2a: Raging Bolt|Volt Switch|p1a: Glimmora
|-damage|p1a: Glimmora|12/100
|
|t:|1760857516
|-end|p2a: Raging Bolt|Protosynthesis|[silent]
|switch|p2a: Samurott|Samurott-Hisui, M|100/100|[from] Volt Switch
|
|upkeep
|turn|2
|l|☆owl_with_scarf
|inactive|owl_with_scarf disconnected and has a minute to reconnect!
|player|p1|
|j|☆owl_with_scarf
|inactive|owl_with_scarf reconnected and has 135 seconds left.
|player|p1|owl_with_scarf|#owlwithscarf|
|
|t:|1760857542
|move|p2a: Samurott|Ceaseless Edge|p1a: Glimmora|[miss]
|-miss|p2a: Samurott|p1a: Glimmora
|move|p1a: Glimmora|Dazzling Gleam|p2a: Samurott
|-supereffective|p2a: Samurott
|-damage|p2a: Samurott|0 fnt
|faint|p2a: Samurott
|
|upkeep
|c|☆labbict|Cool avatar
|
|t:|1760857552
|switch|p2a: Iron Treads|Iron Treads|100/100
|-item|p2a: Iron Treads|Air Balloon
|turn|3
|c|☆owl_with_scarf|Thanks
|c|☆owl_with_scarf|Mb for miss
|
|t:|1760857557
|move|p2a: Iron Treads|Iron Head|p1a: Glimmora
|-supereffective|p1a: Glimmora
|-damage|p1a: Glimmora|0 fnt
|-activate|p1a: Glimmora|ability: Toxic Debris
|-sidestart|p2: labbict|move: Toxic Spikes
|faint|p1a: Glimmora
|
|upkeep
|
|t:|1760857561
|switch|p1a: Ogerpon|Ogerpon-Wellspring, F|100/100
|turn|4
|c|☆labbict|Alg I kinda risked it knowing that could happen
|
|t:|1760857577
|move|p1a: Ogerpon|Ivy Cudgel|p2a: Iron Treads|[anim] Ivy Cudgel Water
|-supereffective|p2a: Iron Treads
|-damage|p2a: Iron Treads|14/100
|-enditem|p2a: Iron Treads|Air Balloon
|move|p2a: Iron Treads|Rapid Spin|p1a: Ogerpon
|-damage|p1a: Ogerpon|84/100
|-boost|p2a: Iron Treads|spe|1
|-sideend|p2: labbict|Toxic Spikes|[from] move: Rapid Spin|[of] p2a: Iron Treads
|
|upkeep
|turn|5
|
|t:|1760857582
|move|p2a: Iron Treads|Volt Switch|p1a: Ogerpon
|-damage|p1a: Ogerpon|72/100
|
|t:|1760857585
|-end|p2a: Iron Treads|Quark Drive|[silent]
|switch|p2a: Heatran|Heatran, M|100/100|[from] Volt Switch
|move|p1a: Ogerpon|Ivy Cudgel|p2a: Heatran|[anim] Ivy Cudgel Water
|-supereffective|p2a: Heatran
|-damage|p2a: Heatran|29/100
|
|upkeep
|turn|6
|
|t:|1760857603
|-terastallize|p2a: Heatran|Grass
|move|p1a: Ogerpon|Knock Off|p2a: Heatran
|-damage|p2a: Heatran|6/100
|-status|p1a: Ogerpon|brn|[from] ability: Flame Body|[of] p2a: Heatran
|-enditem|p2a: Heatran|Covert Cloak|[from] move: Knock Off|[of] p1a: Ogerpon
|move|p2a: Heatran|Magma Storm|p1a: Ogerpon
|-crit|p1a: Ogerpon
|-damage|p1a: Ogerpon|0 fnt
|faint|p1a: Ogerpon
|
|upkeep
|
|t:|1760857612
|switch|p1a: Hatterene|Hatterene, F|100/100
|turn|7
|c|☆labbict|Mb for crit
|
|t:|1760857619
|move|p2a: Heatran|Flash Cannon|p1a: Hatterene
|-supereffective|p1a: Hatterene
|-damage|p1a: Hatterene|24/100
|move|p1a: Hatterene|Trick Room|p1a: Hatterene
|-fieldstart|move: Trick Room|[of] p1a: Hatterene
|
|upkeep
|turn|8
|
|t:|1760857630
|switch|p2a: Iron Treads|Iron Treads|14/100
|move|p1a: Hatterene|Healing Wish|p1a: Hatterene
|faint|p1a: Hatterene
|
|upkeep
|
|t:|1760857633
|switch|p1a: Clefable|Clefable, M|100/100
|turn|9
|
|t:|1760857639
|move|p1a: Clefable|Flamethrower|p2a: Iron Treads
|-supereffective|p2a: Iron Treads
|-damage|p2a: Iron Treads|0 fnt
|faint|p2a: Iron Treads
|-end|p2a: Iron Treads|Quark Drive|[silent]
|
|upkeep
|
|t:|1760857642
|switch|p2a: Rillaboom|Rillaboom, M|100/100
|-fieldstart|move: Grassy Terrain|[from] ability: Grassy Surge|[of] p2a: Rillaboom
|turn|10
|
|t:|1760857650
|switch|p2a: Gholdengo|Gholdengo|100/100
|-enditem|p2a: Gholdengo|Grassy Seed
|-boost|p2a: Gholdengo|def|1|[from] item: Grassy Seed
|-terastallize|p1a: Clefable|Fire
|move|p1a: Clefable|Flamethrower|p2a: Gholdengo
|-supereffective|p2a: Gholdengo
|-damage|p2a: Gholdengo|3/100
|
|-heal|p2a: Gholdengo|9/100|[from] Grassy Terrain
|upkeep
|turn|11
|
|t:|1760857653
|move|p1a: Clefable|Moonblast|p2a: Gholdengo
|-resisted|p2a: Gholdengo
|-damage|p2a: Gholdengo|0 fnt
|faint|p2a: Gholdengo
|
|-fieldend|move: Trick Room
|upkeep
|
|t:|1760857655
|switch|p2a: Raging Bolt|Raging Bolt|9/100
|turn|12
|
|t:|1760857657
|switch|p1a: Ursaluna|Ursaluna, F|100/100
|move|p2a: Raging Bolt|Draco Meteor|p1a: Ursaluna
|-damage|p1a: Ursaluna|3/100
|-unboost|p2a: Raging Bolt|spa|2
|
|-heal|p2a: Raging Bolt|15/100|[from] Grassy Terrain
|-heal|p1a: Ursaluna|9/100|[from] Grassy Terrain
|-status|p1a: Ursaluna|brn|[from] item: Flame Orb
|upkeep
|turn|13
|
|t:|1760857666
|-end|p2a: Raging Bolt|Protosynthesis|[silent]
|switch|p2a: Rillaboom|Rillaboom, M|100/100
|move|p1a: Ursaluna|Facade|p2a: Rillaboom
|-damage|p2a: Rillaboom|0 fnt
|faint|p2a: Rillaboom
|
|-heal|p1a: Ursaluna|15/100 brn|[from] Grassy Terrain
|-damage|p1a: Ursaluna|9/100 brn|[from] brn
|upkeep
|
|t:|1760857669
|switch|p2a: Heatran|Heatran, M, tera:Grass|6/100
|turn|14
|
|t:|1760857672
|move|p2a: Heatran|Magma Storm|p1a: Ursaluna
|-damage|p1a: Ursaluna|0 fnt
|faint|p1a: Ursaluna
|
|-heal|p2a: Heatran|12/100|[from] Grassy Terrain
|-fieldend|move: Grassy Terrain
|upkeep
|
|t:|1760857674
|switch|p1a: Diancie|Diancie|100/100
|turn|15
|
|t:|1760857676
|move|p2a: Heatran|Flash Cannon|p1a: Diancie
|-supereffective|p1a: Diancie
|-damage|p1a: Diancie|0 fnt
|faint|p1a: Diancie
|
|upkeep
|
|t:|1760857678
|switch|p1a: Clefable|Clefable, M, tera:Fire|100/100
|turn|16
|
|t:|1760857680
|move|p2a: Heatran|Taunt|p1a: Clefable
|-start|p1a: Clefable|move: Taunt
|cant|p1a: Clefable|move: Taunt|Calm Mind
|
|upkeep
|turn|17
|
|t:|1760857684
|move|p2a: Heatran|Magma Storm|p1a: Clefable|[miss]
|-miss|p2a: Heatran|p1a: Clefable
|move|p1a: Clefable|Flamethrower|p2a: Heatran
|-supereffective|p2a: Heatran
|-damage|p2a: Heatran|0 fnt
|faint|p2a: Heatran
|
|upkeep
|
|t:|1760857686
|switch|p2a: Raging Bolt|Raging Bolt|15/100
|turn|18
|
|t:|1760857688
|move|p2a: Raging Bolt|Draco Meteor|p1a: Clefable
|-damage|p1a: Clefable|0 fnt
|-unboost|p2a: Raging Bolt|spa|2
|faint|p1a: Clefable
|
|win|labbict
|raw|owl_with_scarf's rating: 1467 &rarr; <strong>1444</strong><br />(-23 for losing)
|raw|labbict's rating: 1421 &rarr; <strong>1444</strong><br />(+23 for winning)
|l|☆owl_with_scarf
|player|p1|
|c|☆labbict|Gg wp
|l|☆labbict
|player|p2|
