|badge|p2|bronze|gen9ou|100-7
|uhtml|medal-msg|<div class="broadcast-blue">Curious what those medals under the avatar are? PS now has Ladder Seasons! For more information, check out the <a href="https://www.smogon.com/forums/threads/3740067/">thread on Smogon.</a></div>
|j|☆tua94892
|j|☆Auburn Hills
|t:|1760720194
|gametype|singles
|player|p1|tua94892|170|1869
|player|p2|Auburn Hills|alder|1819
|gen|9
|tier|[Gen 9] OU
|rated|
|rule|HP Percentage Mod: HP is shown in percentages
|rule|Endless Battle Clause: Forcing endless battles is banned
|rule|Species Clause: Limit one of each Pokémon
|rule|OHKO Clause: OHKO moves are banned
|rule|Evasion Items Clause: Evasion items are banned
|rule|Evasion Moves Clause: Evasion moves are banned
|rule|Evasion Abilities Clause: Evasion abilities are banned
|rule|Sleep Moves Clause: Sleep-inducing moves are banned
|clearpoke
|poke|p1|Hydrapple, M|
|poke|p1|Slowking-Galar, M|
|poke|p1|Cinderace, M|
|poke|p1|Darkrai|
|poke|p1|Manaphy|
|poke|p1|Cobalion|
|poke|p2|Iron Moth|
|poke|p2|Umbreon, F|
|poke|p2|Garchomp, F|
|poke|p2|Glimmora, M|
|poke|p2|Gholdengo|
|poke|p2|Dragonite, F|
|teampreview
|inactive|Battle timer is ON: inactive players will automatically lose when time's up. (requested by tua94892)
|
|t:|1760720232
|teamsize|p1|6
|teamsize|p2|6
|start
|switch|p1a: Manaphy|Manaphy|100/100
|switch|p2a: Smino|Gholdengo|100/100
|turn|1
|
|t:|1760720240
|move|p2a: Smino|Trick|p1a: Manaphy
|-activate|p2a: Smino|move: Trick|[of] p1a: Manaphy
|-item|p1a: Manaphy|Choice Scarf|[from] move: Trick
|-item|p2a: Smino|Leftovers|[from] move: Trick
|move|p1a: Manaphy|Take Heart|p1a: Manaphy
|-boost|p1a: Manaphy|spa|1
|-boost|p1a: Manaphy|spd|1
|
|upkeep
|turn|2
|
|t:|1760720248
|switch|p1a: Slowking|Slowking-Galar, M|100/100
|move|p2a: Smino|Shadow Ball|p1a: Slowking
|-supereffective|p1a: Slowking
|-damage|p1a: Slowking|44/100
|-unboost|p1a: Slowking|spd|1
|
|-heal|p1a: Slowking|50/100|[from] item: Black Sludge
|upkeep
|turn|3
|
|t:|1760720250
|switch|p1a: Hydrapple|Hydrapple, M|100/100
|move|p2a: Smino|Make It Rain|p1a: Hydrapple
|-damage|p1a: Hydrapple|51/100
|-unboost|p2a: Smino|spa|1
|
|upkeep
|turn|4
|
|t:|1760720254
|switch|p1a: Slowking|Slowking-Galar, M|83/100
|move|p2a: Smino|Shadow Ball|p1a: Slowking
|-supereffective|p1a: Slowking
|-damage|p1a: Slowking|49/100
|
|-heal|p1a: Slowking|55/100|[from] item: Black Sludge
|upkeep
|turn|5
|
|t:|1760720259
|switch|p2a: Julia Jacklin|Glimmora, M|100/100
|-prepare|p1a: Slowking|Chilly Reception|[premajor]
|move|p1a: Slowking|Chilly Reception|p1a: Slowking
|-weather|Snowscape
|
|t:|1760720263
|switch|p1a: Manaphy|Manaphy|100/100|[from] Chilly Reception
|
|-weather|Snowscape|[upkeep]
|upkeep
|turn|6
|
|t:|1760720266
|move|p1a: Manaphy|Scald|p2a: Julia Jacklin
|-supereffective|p2a: Julia Jacklin
|-damage|p2a: Julia Jacklin|10/100
|move|p2a: Julia Jacklin|Mortal Spin|p1a: Manaphy
|-crit|p1a: Manaphy
|-damage|p1a: Manaphy|92/100
|-status|p1a: Manaphy|psn
|
|-weather|Snowscape|[upkeep]
|-damage|p1a: Manaphy|80/100 psn|[from] psn
|upkeep
|turn|7
|
|t:|1760720271
|switch|p2a: Alvvays|Umbreon, F|100/100
|move|p1a: Manaphy|Scald|p2a: Alvvays
|-damage|p2a: Alvvays|83/100
|
|-weather|Snowscape|[upkeep]
|-heal|p2a: Alvvays|90/100|[from] item: Leftovers
|-damage|p1a: Manaphy|68/100 psn|[from] psn
|upkeep
|turn|8
|
|t:|1760720273
|move|p1a: Manaphy|Scald|p2a: Alvvays
|-damage|p2a: Alvvays|72/100
|move|p2a: Alvvays|Thunder Wave||[still]
|-fail|p2a: Alvvays
|
|-weather|Snowscape|[upkeep]
|-heal|p2a: Alvvays|78/100|[from] item: Leftovers
|-damage|p1a: Manaphy|55/100 psn|[from] psn
|upkeep
|turn|9
|
|t:|1760720278
|move|p1a: Manaphy|Scald|p2a: Alvvays
|-damage|p2a: Alvvays|60/100
|move|p2a: Alvvays|Foul Play|p1a: Manaphy
|-damage|p1a: Manaphy|30/100 psn
|
|-weather|none
|-heal|p2a: Alvvays|66/100|[from] item: Leftovers
|-damage|p1a: Manaphy|18/100 psn|[from] psn
|upkeep
|turn|10
|
|t:|1760720285
|switch|p1a: Cinderace|Cinderace, M|100/100
|move|p2a: Alvvays|Protect||[still]
|-fail|p2a: Alvvays
|
|-heal|p2a: Alvvays|72/100|[from] item: Leftovers
|upkeep
|turn|11
|
|t:|1760720288
|move|p2a: Alvvays|Protect|p2a: Alvvays
|-singleturn|p2a: Alvvays|Protect
|move|p1a: Cinderace|U-turn|p2a: Alvvays
|-start|p1a: Cinderace|typechange|Bug|[from] ability: Libero
|-activate|p2a: Alvvays|move: Protect
|
|-heal|p2a: Alvvays|78/100|[from] item: Leftovers
|upkeep
|turn|12
|j| Capitaine Tenace
|
|t:|1760720295
|move|p1a: Cinderace|U-turn|p2a: Alvvays
|-supereffective|p2a: Alvvays
|-damage|p2a: Alvvays|25/100
|
|t:|1760720301
|switch|p1a: Manaphy|Manaphy|18/100 psn|[from] U-turn
|move|p2a: Alvvays|Wish|p2a: Alvvays
|
|-heal|p2a: Alvvays|32/100|[from] item: Leftovers
|-damage|p1a: Manaphy|6/100 psn|[from] psn
|upkeep
|turn|13
|
|t:|1760720304
|move|p2a: Alvvays|Protect|p2a: Alvvays
|-singleturn|p2a: Alvvays|Protect
|move|p1a: Manaphy|Scald|p2a: Alvvays
|-activate|p2a: Alvvays|move: Protect
|
|-heal|p2a: Alvvays|81/100|[from] move: Wish|[wisher] Alvvays
|-heal|p2a: Alvvays|88/100|[from] item: Leftovers
|-damage|p1a: Manaphy|0 fnt|[from] psn
|faint|p1a: Manaphy
|upkeep
|
|t:|1760720307
|switch|p1a: Slowking|Slowking-Galar, M|88/100
|turn|14
|
|t:|1760720310
|move|p2a: Alvvays|Thunder Wave|p1a: Slowking|[miss]
|-miss|p2a: Alvvays|p1a: Slowking
|move|p1a: Slowking|Trick|p2a: Alvvays
|-activate|p1a: Slowking|move: Trick|[of] p2a: Alvvays
|-item|p2a: Alvvays|Black Sludge|[from] move: Trick
|-item|p1a: Slowking|Leftovers|[from] move: Trick
|
|-damage|p2a: Alvvays|75/100|[from] item: Black Sludge
|-heal|p1a: Slowking|94/100|[from] item: Leftovers
|upkeep
|turn|15
|
|t:|1760720321
|move|p2a: Alvvays|Thunder Wave|p1a: Slowking
|-status|p1a: Slowking|par
|-prepare|p1a: Slowking|Chilly Reception|[premajor]
|move|p1a: Slowking|Chilly Reception|p1a: Slowking
|-weather|Snowscape
|
|t:|1760720324
|switch|p1a: Cobalion|Cobalion|100/100|[from] Chilly Reception
|
|-weather|Snowscape|[upkeep]
|-damage|p2a: Alvvays|63/100|[from] item: Black Sludge
|upkeep
|turn|16
|
|t:|1760720326
|move|p1a: Cobalion|Taunt|p2a: Alvvays
|-start|p2a: Alvvays|move: Taunt
|cant|p2a: Alvvays|move: Taunt|Thunder Wave
|
|-weather|Snowscape|[upkeep]
|-damage|p2a: Alvvays|50/100|[from] item: Black Sludge
|upkeep
|turn|17
|
|t:|1760720332
|switch|p2a: Rat Tally|Garchomp, F|100/100
|move|p1a: Cobalion|Iron Defense|p1a: Cobalion
|-boost|p1a: Cobalion|def|2
|
|-weather|Snowscape|[upkeep]
|upkeep
|turn|18
|j| IM AT MY LIMIT
|
|t:|1760720335
|move|p2a: Rat Tally|Swords Dance|p2a: Rat Tally
|-boost|p2a: Rat Tally|atk|2
|move|p1a: Cobalion|Body Press|p2a: Rat Tally
|-damage|p2a: Rat Tally|18/100
|-damage|p1a: Cobalion|88/100|[from] ability: Rough Skin|[of] p2a: Rat Tally
|
|-weather|Snowscape|[upkeep]
|-heal|p1a: Cobalion|94/100|[from] item: Leftovers
|upkeep
|turn|19
|
|t:|1760720338
|move|p2a: Rat Tally|Earthquake|p1a: Cobalion
|-supereffective|p1a: Cobalion
|-damage|p1a: Cobalion|24/100
|move|p1a: Cobalion|Body Press|p2a: Rat Tally
|-damage|p2a: Rat Tally|0 fnt
|-damage|p1a: Cobalion|11/100|[from] ability: Rough Skin|[of] p2a: Rat Tally
|faint|p2a: Rat Tally
|
|-weather|none
|-heal|p1a: Cobalion|17/100|[from] item: Leftovers
|upkeep
|
|t:|1760720341
|switch|p2a: Smino|Gholdengo|100/100
|turn|20
|
|t:|1760720353
|switch|p1a: Cinderace|Cinderace, M|100/100
|move|p2a: Smino|Shadow Ball|p1a: Cinderace
|-damage|p1a: Cinderace|41/100
|
|upkeep
|turn|21
|j| Ggtggg
|
|t:|1760720358
|switch|p2a: Elucid|Dragonite, F|100/100
|move|p1a: Cinderace|Pyro Ball|p2a: Elucid
|-resisted|p2a: Elucid
|-damage|p2a: Elucid|86/100
|
|upkeep
|turn|22
|
|t:|1760720363
|move|p2a: Elucid|Extreme Speed|p1a: Cinderace
|-damage|p1a: Cinderace|0 fnt
|faint|p1a: Cinderace
|
|upkeep
|
|t:|1760720368
|switch|p1a: Darkrai|Darkrai|100/100
|turn|23
|
|t:|1760720373
|-terastallize|p2a: Elucid|Normal
|move|p1a: Darkrai|Nasty Plot|p1a: Darkrai
|-boost|p1a: Darkrai|spa|2
|move|p2a: Elucid|Dragon Dance|p2a: Elucid
|-boost|p2a: Elucid|atk|1
|-boost|p2a: Elucid|spe|1
|
|upkeep
|turn|24
|
|t:|1760720381
|-terastallize|p1a: Darkrai|Ghost
|move|p2a: Elucid|Extreme Speed|p1a: Darkrai
|-immune|p1a: Darkrai
|move|p1a: Darkrai|Dark Pulse|p2a: Elucid
|-damage|p2a: Elucid|7/100
|
|upkeep
|turn|25
|
|t:|1760720388
|move|p2a: Elucid|Earthquake|p1a: Darkrai
|-damage|p1a: Darkrai|33/100
|move|p1a: Darkrai|Ice Beam|p2a: Elucid
|-damage|p2a: Elucid|0 fnt
|faint|p2a: Elucid
|
|-heal|p1a: Darkrai|39/100|[from] item: Leftovers
|upkeep
|
|t:|1760720392
|switch|p2a: Carly Rae|Iron Moth|100/100
|-enditem|p2a: Carly Rae|Booster Energy
|-activate|p2a: Carly Rae|ability: Quark Drive|[fromitem]
|-start|p2a: Carly Rae|quarkdrivespe
|turn|26
|
|t:|1760720398
|switch|p1a: Cobalion|Cobalion|17/100
|move|p2a: Carly Rae|Fiery Dance|p1a: Cobalion
|-supereffective|p1a: Cobalion
|-damage|p1a: Cobalion|0 fnt
|-boost|p2a: Carly Rae|spa|1
|faint|p1a: Cobalion
|
|upkeep
|
|t:|1760720399
|switch|p1a: Slowking|Slowking-Galar, M|100/100 par
|turn|27
|
|t:|1760720402
|move|p2a: Carly Rae|Fiery Dance|p1a: Slowking
|-crit|p1a: Slowking
|-damage|p1a: Slowking|40/100 par
|move|p1a: Slowking|Psychic Noise|p2a: Carly Rae
|-supereffective|p2a: Carly Rae
|-damage|p2a: Carly Rae|40/100
|-start|p2a: Carly Rae|move: Heal Block
|
|-heal|p1a: Slowking|46/100 par|[from] item: Leftovers
|upkeep
|turn|28
|
|t:|1760720414
|move|p2a: Carly Rae|Fiery Dance|p1a: Slowking
|-damage|p1a: Slowking|10/100 par
|move|p1a: Slowking|Psychic Noise|p2a: Carly Rae
|-supereffective|p2a: Carly Rae
|-damage|p2a: Carly Rae|0 fnt
|faint|p2a: Carly Rae
|-end|p2a: Carly Rae|Quark Drive|[silent]
|
|-heal|p1a: Slowking|16/100 par|[from] item: Leftovers
|upkeep
|
|t:|1760720419
|switch|p2a: Alvvays|Umbreon, F|50/100
|turn|29
|
|t:|1760720426
|switch|p1a: Hydrapple|Hydrapple, M|84/100
|move|p2a: Alvvays|Foul Play|p1a: Hydrapple
|-damage|p1a: Hydrapple|69/100
|
|-damage|p2a: Alvvays|38/100|[from] item: Black Sludge
|upkeep
|turn|30
|j| john torkoal
|
|t:|1760720433
|switch|p2a: Smino|Gholdengo|100/100
|switch|p1a: Slowking|Slowking-Galar, M|49/100 par
|
|-heal|p1a: Slowking|55/100 par|[from] item: Leftovers
|upkeep
|turn|31
|
|t:|1760720444
|move|p2a: Smino|Shadow Ball|p1a: Slowking
|-supereffective|p1a: Slowking
|-damage|p1a: Slowking|0 fnt
|faint|p1a: Slowking
|
|upkeep
|
|t:|1760720447
|switch|p1a: Hydrapple|Hydrapple, M|100/100
|turn|32
|
|t:|1760720455
|move|p2a: Smino|Make It Rain|p1a: Hydrapple
|-damage|p1a: Hydrapple|54/100
|-unboost|p2a: Smino|spa|1
|move|p1a: Hydrapple|Earth Power|p2a: Smino
|-supereffective|p2a: Smino
|-damage|p2a: Smino|22/100
|
|-heal|p2a: Smino|28/100|[from] item: Leftovers
|upkeep
|turn|33
|
|t:|1760720463
|move|p2a: Smino|Shadow Ball|p1a: Hydrapple
|-damage|p1a: Hydrapple|34/100
|move|p1a: Hydrapple|Earth Power|p2a: Smino
|-supereffective|p2a: Smino
|-damage|p2a: Smino|0 fnt
|faint|p2a: Smino
|
|upkeep
|
|t:|1760720468
|switch|p2a: Julia Jacklin|Glimmora, M|10/100
|turn|34
|
|t:|1760720472
|move|p2a: Julia Jacklin|Sludge Wave|p1a: Hydrapple
|-supereffective|p1a: Hydrapple
|-damage|p1a: Hydrapple|0 fnt
|faint|p1a: Hydrapple
|
|upkeep
|l| Capitaine Tenace
|
|t:|1760720474
|switch|p1a: Darkrai|Darkrai, tera:Ghost|39/100
|turn|35
|
|t:|1760720480
|move|p1a: Darkrai|Dark Pulse|p2a: Julia Jacklin
|-damage|p2a: Julia Jacklin|0 fnt
|faint|p2a: Julia Jacklin
|
|-heal|p1a: Darkrai|45/100|[from] item: Leftovers
|upkeep
|
|t:|1760720481
|switch|p2a: Alvvays|Umbreon, F|38/100
|turn|36
|
|t:|1760720486
|move|p1a: Darkrai|Focus Blast|p2a: Alvvays
|-supereffective|p2a: Alvvays
|-damage|p2a: Alvvays|0 fnt
|faint|p2a: Alvvays
|
|win|tua94892
|raw|tua94892's rating: 1869 &rarr; <strong>1886</strong><br />(+17 for winning)
|raw|Auburn Hills's rating: 1819 &rarr; <strong>1802</strong><br />(-17 for losing)
|l|☆Auburn Hills
|player|p2|
|l|☆tua94892
|player|p1|
|l| IM AT MY LIMIT
|l| Ggtggg
