|j|☆Lotadfan22
|j|☆vybes
|t:|1760801400
|gametype|singles
|player|p1|Lotadfan22|blaine|1318
|player|p2|vybes|cynthia-masters|1337
|gen|9
|tier|[Gen 9] OU
|rated|
|rule|HP Percentage Mod: HP is shown in percentages
|rule|Endless Battle Clause: Forcing endless battles is banned
|rule|Species Clause: Limit one of each Pokémon
|rule|OHKO Clause: OHKO moves are banned
|rule|Evasion Items Clause: Evasion items are banned
|rule|Evasion Moves Clause: Evasion moves are banned
|rule|Evasion Abilities Clause: Evasion abilities are banned
|rule|Sleep Moves Clause: Sleep-inducing moves are banned
|clearpoke
|poke|p1|Dragapult, F|
|poke|p1|Weavile, F|
|poke|p1|Primarina, F|
|poke|p1|Gliscor, F|
|poke|p1|Kingambit, F|
|poke|p1|Tornadus-Therian, M|
|poke|p2|Dragonite, M|
|poke|p2|Deoxys-Speed|
|poke|p2|Pecharunt|
|poke|p2|Corviknight, M|
|poke|p2|Slither Wing|
|poke|p2|Darkrai|
|teampreview
|inactive|Battle timer is ON: inactive players will automatically lose when time's up. (requested by vybes)
|
|t:|1760801416
|teamsize|p1|6
|teamsize|p2|6
|start
|switch|p1a: Gliscor|Gliscor, F, shiny|100/100
|switch|p2a: Deoxys|Deoxys-Speed|100/100
|-ability|p2a: Deoxys|Pressure
|turn|1
|
|t:|1760801420
|move|p2a: Deoxys|Knock Off|p1a: Gliscor
|-damage|p1a: Gliscor|81/100
|-enditem|p1a: Gliscor|Toxic Orb|[from] move: Knock Off|[of] p2a: Deoxys
|move|p1a: Gliscor|Spikes|p2a: Deoxys
|-sidestart|p2: vybes|Spikes
|
|upkeep
|turn|2
|
|t:|1760801429
|move|p2a: Deoxys|Stealth Rock|p1a: Gliscor
|-sidestart|p1: Lotadfan22|move: Stealth Rock
|move|p1a: Gliscor|Spikes|p2a: Deoxys
|-sidestart|p2: vybes|Spikes
|
|upkeep
|turn|3
|
|t:|1760801438
|switch|p2a: Dragonite|Dragonite, M|100/100
|move|p1a: Gliscor|Earthquake|p2a: Dragonite
|-immune|p2a: Dragonite
|
|upkeep
|turn|4
|
|t:|1760801443
|move|p2a: Dragonite|Dragon Dance|p2a: Dragonite
|-boost|p2a: Dragonite|atk|1
|-boost|p2a: Dragonite|spe|1
|move|p1a: Gliscor|Toxic|p2a: Dragonite
|-status|p2a: Dragonite|tox
|
|-damage|p2a: Dragonite|94/100 tox|[from] psn
|upkeep
|turn|5
|
|t:|1760801446
|move|p2a: Dragonite|Dragon Dance|p2a: Dragonite
|-boost|p2a: Dragonite|atk|1
|-boost|p2a: Dragonite|spe|1
|move|p1a: Gliscor|Spikes|p2a: Dragonite
|-sidestart|p2: vybes|Spikes
|
|-damage|p2a: Dragonite|82/100 tox|[from] psn
|upkeep
|turn|6
|
|t:|1760801450
|move|p1a: Gliscor|Protect|p1a: Gliscor
|-singleturn|p1a: Gliscor|Protect
|move|p2a: Dragonite|Ice Spinner|p1a: Gliscor
|-activate|p1a: Gliscor|move: Protect
|
|-damage|p2a: Dragonite|63/100 tox|[from] psn
|upkeep
|turn|7
|
|t:|1760801458
|switch|p1a: Primarina|Primarina, F, shiny|100/100
|move|p2a: Dragonite|Ice Spinner|p1a: Primarina
|-resisted|p1a: Primarina
|-damage|p1a: Primarina|61/100
|
|-damage|p2a: Dragonite|39/100 tox|[from] psn
|upkeep
|turn|8
|
|t:|1760801465
|move|p2a: Dragonite|Extreme Speed|p1a: Primarina
|-damage|p1a: Primarina|0 fnt
|faint|p1a: Primarina
|
|-damage|p2a: Dragonite|8/100 tox|[from] psn
|upkeep
|
|t:|1760801471
|switch|p1a: Weavile|Weavile, F|100/100
|-ability|p1a: Weavile|Pressure
|turn|9
|
|t:|1760801480
|move|p1a: Weavile|Ice Shard|p2a: Dragonite
|-supereffective|p2a: Dragonite
|-damage|p2a: Dragonite|0 fnt
|faint|p2a: Dragonite
|
|upkeep
|
|t:|1760801490
|switch|p2a: Slither Wing|Slither Wing|100/100
|-damage|p2a: Slither Wing|76/100|[from] Spikes
|turn|10
|
|t:|1760801505
|switch|p1a: Gliscor|Gliscor, F, shiny|81/100
|-damage|p1a: Gliscor|68/100|[from] Stealth Rock
|move|p2a: Slither Wing|First Impression|p1a: Gliscor
|-resisted|p1a: Gliscor
|-damage|p1a: Gliscor|46/100
|
|upkeep
|turn|11
|
|t:|1760801511
|move|p2a: Slither Wing|U-turn|p1a: Gliscor
|-resisted|p1a: Gliscor
|-damage|p1a: Gliscor|31/100
|
|t:|1760801515
|-end|p2a: Slither Wing|Protosynthesis|[silent]
|switch|p2a: Deoxys|Deoxys-Speed|100/100|[from] U-turn
|-ability|p2a: Deoxys|Pressure
|move|p1a: Gliscor|Toxic|p2a: Deoxys|[miss]
|-miss|p1a: Gliscor|p2a: Deoxys
|
|upkeep
|turn|12
|
|t:|1760801518
|move|p1a: Gliscor|Protect|p1a: Gliscor
|-singleturn|p1a: Gliscor|Protect
|move|p2a: Deoxys|Psycho Boost|p1a: Gliscor
|-activate|p1a: Gliscor|move: Protect
|
|upkeep
|turn|13
|
|t:|1760801522
|move|p2a: Deoxys|Psycho Boost|p1a: Gliscor
|-damage|p1a: Gliscor|0 fnt
|-unboost|p2a: Deoxys|spa|2
|faint|p1a: Gliscor
|
|upkeep
|
|t:|1760801528
|switch|p1a: Weavile|Weavile, F|100/100
|-ability|p1a: Weavile|Pressure
|turn|14
|
|t:|1760801538
|-terastallize|p2a: Deoxys|Fighting
|move|p2a: Deoxys|Superpower|p1a: Weavile
|-supereffective|p1a: Weavile
|-damage|p1a: Weavile|0 fnt
|-unboost|p2a: Deoxys|atk|1
|-unboost|p2a: Deoxys|def|1
|faint|p1a: Weavile
|
|upkeep
|
|t:|1760801543
|switch|p1a: Tornadus|Tornadus-Therian, M|100/100
|turn|15
|
|t:|1760801549
|switch|p2a: Corviknight|Corviknight, M|100/100
|-ability|p2a: Corviknight|Pressure
|move|p1a: Tornadus|Bleakwind Storm|p2a: Corviknight
|-resisted|p2a: Corviknight
|-damage|p2a: Corviknight|84/100
|-unboost|p2a: Corviknight|spe|1
|
|upkeep
|turn|16
|
|t:|1760801569
|move|p1a: Tornadus|Heat Wave|p2a: Corviknight
|-supereffective|p2a: Corviknight
|-damage|p2a: Corviknight|37/100
|move|p2a: Corviknight|U-turn|p1a: Tornadus
|-resisted|p1a: Tornadus
|-damage|p1a: Tornadus|92/100
|
|t:|1760801580
|switch|p2a: Deoxys|Deoxys-Speed, tera:Fighting|100/100|[from] U-turn
|-ability|p2a: Deoxys|Pressure
|
|upkeep
|turn|17
|
|t:|1760801592
|move|p2a: Deoxys|Knock Off|p1a: Tornadus
|-damage|p1a: Tornadus|66/100
|-enditem|p1a: Tornadus|Heavy-Duty Boots|[from] move: Knock Off|[of] p2a: Deoxys
|move|p1a: Tornadus|Bleakwind Storm|p2a: Deoxys|[miss]
|-miss|p1a: Tornadus|p2a: Deoxys
|
|upkeep
|turn|18
|
|t:|1760801604
|switch|p2a: Pecharunt|Pecharunt|100/100
|move|p1a: Tornadus|Bleakwind Storm|p2a: Pecharunt|[miss]
|-miss|p1a: Tornadus|p2a: Pecharunt
|
|upkeep
|turn|19
|
|t:|1760801610
|switch|p2a: Corviknight|Corviknight, M|37/100
|-ability|p2a: Corviknight|Pressure
|move|p1a: Tornadus|U-turn|p2a: Corviknight
|-resisted|p2a: Corviknight
|-damage|p2a: Corviknight|35/100
|-damage|p1a: Tornadus|50/100|[from] item: Rocky Helmet|[of] p2a: Corviknight
|
|t:|1760801612
|switch|p1a: Dragapult|Dragapult, F, shiny|100/100|[from] U-turn
|
|upkeep
|turn|20
|
|t:|1760801617
|switch|p2a: Slither Wing|Slither Wing|76/100
|-damage|p2a: Slither Wing|51/100|[from] Spikes
|move|p1a: Dragapult|Will-O-Wisp|p2a: Slither Wing
|-status|p2a: Slither Wing|brn
|
|-damage|p2a: Slither Wing|45/100 brn|[from] brn
|upkeep
|turn|21
|
|t:|1760801621
|move|p2a: Slither Wing|First Impression|p1a: Dragapult
|-resisted|p1a: Dragapult
|-damage|p1a: Dragapult|83/100
|move|p1a: Dragapult|Hex|p2a: Slither Wing
|-damage|p2a: Slither Wing|9/100 brn
|
|-damage|p2a: Slither Wing|3/100 brn|[from] brn
|upkeep
|turn|22
|
|t:|1760801628
|move|p1a: Dragapult|U-turn|p2a: Slither Wing
|-resisted|p2a: Slither Wing
|-damage|p2a: Slither Wing|0 fnt
|faint|p2a: Slither Wing
|-end|p2a: Slither Wing|Protosynthesis|[silent]
|
|t:|1760801632
|switch|p1a: Tornadus|Tornadus-Therian, M|83/100|[from] U-turn
|-damage|p1a: Tornadus|58/100|[from] Stealth Rock
|
|upkeep
|inactive|vybes has 120 seconds left.
|
|t:|1760801673
|switch|p2a: Darkrai|Darkrai|100/100
|-damage|p2a: Darkrai|76/100|[from] Spikes
|turn|23
|
|t:|1760801699
|move|p2a: Darkrai|Dark Pulse|p1a: Tornadus
|-damage|p1a: Tornadus|10/100
|cant|p1a: Tornadus|flinch
|
|upkeep
|turn|24
|inactive|vybes has 120 seconds left.
|
|t:|1760801727
|move|p2a: Darkrai|Dark Pulse|p1a: Tornadus
|-damage|p1a: Tornadus|0 fnt
|faint|p1a: Tornadus
|
|upkeep
|
|t:|1760801732
|switch|p1a: Kingambit|Kingambit, F|100/100
|-damage|p1a: Kingambit|94/100|[from] Stealth Rock
|-activate|p1a: Kingambit|ability: Supreme Overlord
|-start|p1a: Kingambit|fallen4|[silent]
|turn|25
|
|t:|1760801742
|switch|p2a: Corviknight|Corviknight, M|35/100
|-ability|p2a: Corviknight|Pressure
|move|p1a: Kingambit|Iron Head|p2a: Corviknight
|-resisted|p2a: Corviknight
|-damage|p2a: Corviknight|14/100
|-damage|p1a: Kingambit|78/100|[from] item: Rocky Helmet|[of] p2a: Corviknight
|
|-heal|p1a: Kingambit|84/100|[from] item: Leftovers
|upkeep
|turn|26
|
|t:|1760801752
|move|p1a: Kingambit|Iron Head|p2a: Corviknight
|-resisted|p2a: Corviknight
|-damage|p2a: Corviknight|0 fnt
|-damage|p1a: Kingambit|68/100|[from] item: Rocky Helmet|[of] p2a: Corviknight
|faint|p2a: Corviknight
|
|-heal|p1a: Kingambit|74/100|[from] item: Leftovers
|upkeep
|
|t:|1760801757
|switch|p2a: Deoxys|Deoxys-Speed, tera:Fighting|100/100
|-ability|p2a: Deoxys|Pressure
|turn|27
|
|t:|1760801764
|-terastallize|p1a: Kingambit|Fire
|move|p2a: Deoxys|Superpower|p1a: Kingambit
|-crit|p1a: Kingambit
|-damage|p1a: Kingambit|8/100
|-unboost|p2a: Deoxys|atk|1
|-unboost|p2a: Deoxys|def|1
|move|p1a: Kingambit|Iron Head|p2a: Deoxys
|-damage|p2a: Deoxys|0 fnt
|faint|p2a: Deoxys
|
|-heal|p1a: Kingambit|14/100|[from] item: Leftovers
|upkeep
|
|t:|1760801768
|switch|p2a: Darkrai|Darkrai|76/100
|-damage|p2a: Darkrai|51/100|[from] Spikes
|turn|28
|
|t:|1760801778
|move|p1a: Kingambit|Sucker Punch|p2a: Darkrai
|-resisted|p2a: Darkrai
|-damage|p2a: Darkrai|15/100
|move|p2a: Darkrai|Dark Pulse|p1a: Kingambit
|-damage|p1a: Kingambit|0 fnt
|faint|p1a: Kingambit
|-end|p1a: Kingambit|fallen4|[silent]
|
|upkeep
|
|t:|1760801784
|switch|p1a: Dragapult|Dragapult, F, shiny|83/100
|turn|29
|
|t:|1760801787
|move|p2a: Darkrai|Dark Pulse|p1a: Dragapult
|-supereffective|p1a: Dragapult
|-damage|p1a: Dragapult|0 fnt
|faint|p1a: Dragapult
|
|win|vybes
|raw|Lotadfan22's rating: 1318 &rarr; <strong>1299</strong><br />(-19 for losing)
|raw|vybes's rating: 1337 &rarr; <strong>1356</strong><br />(+19 for winning)
|c|☆vybes|ggwp
