|j|☆prakshep
|j|☆wyyorz
|t:|1760863832
|gametype|singles
|player|p1|prakshep|nate|1463
|player|p2|wyyorz|caitlin|1364
|gen|9
|tier|[Gen 9] OU
|rated|
|rule|HP Percentage Mod: HP is shown in percentages
|rule|Endless Battle Clause: Forcing endless battles is banned
|rule|Species Clause: Limit one of each Pokémon
|rule|OHKO Clause: OHKO moves are banned
|rule|Evasion Items Clause: Evasion items are banned
|rule|Evasion Moves Clause: Evasion moves are banned
|rule|Evasion Abilities Clause: Evasion abilities are banned
|rule|Sleep Moves Clause: Sleep-inducing moves are banned
|clearpoke
|poke|p1|Ursaluna, F|
|poke|p1|Iron Boulder|
|poke|p1|Iron Moth|
|poke|p1|Raging Bolt|
|poke|p1|Quaquaval, M|
|poke|p1|Iron Jugulis|
|poke|p2|Zamazenta-*|
|poke|p2|Dragapult, F|
|poke|p2|Raging Bolt|
|poke|p2|Moltres|
|poke|p2|Iron Treads|
|poke|p2|Samurott-Hisui, M|
|teampreview
|inactive|Battle timer is ON: inactive players will automatically lose when time's up. (requested by wyyorz)
|
|t:|1760863846
|teamsize|p1|6
|teamsize|p2|6
|start
|switch|p1a: Ursaluna|Ursaluna, F|100/100
|switch|p2a: 20岁 喜欢发射孩子|Dragapult, F, shiny|100/100
|turn|1
|
|t:|1760863854
|move|p2a: 20岁 喜欢发射孩子|Draco Meteor|p1a: Ursaluna
|-damage|p1a: Ursaluna|20/100
|-unboost|p2a: 20岁 喜欢发射孩子|spa|2
|move|p1a: Ursaluna|Earthquake|p2a: 20岁 喜欢发射孩子
|-damage|p2a: 20岁 喜欢发射孩子|23/100
|
|-status|p1a: Ursaluna|brn|[from] item: Flame Orb
|upkeep
|turn|2
|
|t:|1760863871
|move|p2a: 20岁 喜欢发射孩子|Draco Meteor|p1a: Ursaluna
|-damage|p1a: Ursaluna|0 fnt
|-unboost|p2a: 20岁 喜欢发射孩子|spa|2
|faint|p1a: Ursaluna
|
|upkeep
|
|t:|1760863879
|switch|p1a: Raging Bolt|Raging Bolt|100/100
|-enditem|p1a: Raging Bolt|Booster Energy
|-activate|p1a: Raging Bolt|ability: Protosynthesis|[fromitem]
|-start|p1a: Raging Bolt|protosynthesisspa
|turn|3
|
|t:|1760863884
|switch|p2a: 踩踩背|Iron Treads, shiny|100/100
|move|p1a: Raging Bolt|Calm Mind|p1a: Raging Bolt
|-boost|p1a: Raging Bolt|spa|1
|-boost|p1a: Raging Bolt|spd|1
|
|upkeep
|turn|4
|
|t:|1760863896
|-terastallize|p1a: Raging Bolt|Water
|move|p2a: 踩踩背|Stealth Rock|p1a: Raging Bolt
|-sidestart|p1: prakshep|move: Stealth Rock
|move|p1a: Raging Bolt|Dragon Pulse|p2a: 踩踩背
|-resisted|p2a: 踩踩背
|-damage|p2a: 踩踩背|63/100
|
|-heal|p2a: 踩踩背|69/100|[from] item: Leftovers
|upkeep
|turn|5
|
|t:|1760863906
|-end|p1a: Raging Bolt|Protosynthesis|[silent]
|switch|p1a: Iron Jugulis|Iron Jugulis|100/100
|-damage|p1a: Iron Jugulis|76/100|[from] Stealth Rock
|-enditem|p1a: Iron Jugulis|Booster Energy
|-activate|p1a: Iron Jugulis|ability: Quark Drive|[fromitem]
|-start|p1a: Iron Jugulis|quarkdrivespe
|move|p2a: 踩踩背|Earthquake|p1a: Iron Jugulis
|-immune|p1a: Iron Jugulis
|
|-heal|p2a: 踩踩背|75/100|[from] item: Leftovers
|upkeep
|turn|6
|
|t:|1760863915
|move|p1a: Iron Jugulis|Dark Pulse|p2a: 踩踩背
|-damage|p2a: 踩踩背|45/100
|move|p2a: 踩踩背|Rapid Spin|p1a: Iron Jugulis
|-damage|p1a: Iron Jugulis|62/100
|-boost|p2a: 踩踩背|spe|1
|
|-heal|p2a: 踩踩背|51/100|[from] item: Leftovers
|upkeep
|turn|7
|
|t:|1760863923
|move|p1a: Iron Jugulis|Dark Pulse|p2a: 踩踩背
|-damage|p2a: 踩踩背|19/100
|move|p2a: 踩踩背|Rapid Spin|p1a: Iron Jugulis
|-damage|p1a: Iron Jugulis|48/100
|-boost|p2a: 踩踩背|spe|1
|
|-heal|p2a: 踩踩背|25/100|[from] item: Leftovers
|upkeep
|turn|8
|
|t:|1760863931
|-end|p2a: 踩踩背|Quark Drive|[silent]
|switch|p2a: 黑黑的剑|Samurott-Hisui, M|100/100
|move|p1a: Iron Jugulis|Earth Power|p2a: 黑黑的剑
|-damage|p2a: 黑黑的剑|57/100
|
|upkeep
|turn|9
|
|t:|1760863947
|move|p1a: Iron Jugulis|Hurricane|p2a: 黑黑的剑
|-damage|p2a: 黑黑的剑|0 fnt
|faint|p2a: 黑黑的剑
|
|upkeep
|
|t:|1760863952
|switch|p2a: 长脖奶龙|Raging Bolt|100/100
|turn|10
|
|t:|1760863962
|move|p1a: Iron Jugulis|Dragon Pulse|p2a: 长脖奶龙
|-supereffective|p2a: 长脖奶龙
|-damage|p2a: 长脖奶龙|49/100
|move|p2a: 长脖奶龙|Thunderbolt|p1a: Iron Jugulis
|-supereffective|p1a: Iron Jugulis
|-damage|p1a: Iron Jugulis|0 fnt
|faint|p1a: Iron Jugulis
|-end|p1a: Iron Jugulis|Quark Drive|[silent]
|
|upkeep
|
|t:|1760863970
|switch|p1a: Raging Bolt|Raging Bolt, tera:Water|100/100
|-damage|p1a: Raging Bolt|88/100|[from] Stealth Rock
|turn|11
|
|t:|1760863983
|move|p2a: 长脖奶龙|Thunderclap|p1a: Raging Bolt
|-supereffective|p1a: Raging Bolt
|-damage|p1a: Raging Bolt|23/100
|move|p1a: Raging Bolt|Dragon Pulse|p2a: 长脖奶龙
|-supereffective|p2a: 长脖奶龙
|-damage|p2a: 长脖奶龙|0 fnt
|faint|p2a: 长脖奶龙
|-end|p2a: 长脖奶龙|Protosynthesis|[silent]
|
|upkeep
|
|t:|1760863991
|switch|p2a: 脑袋尖尖的|Zamazenta, shiny|100/100
|-ability|p2a: 脑袋尖尖的|Dauntless Shield|boost
|-boost|p2a: 脑袋尖尖的|def|1
|turn|12
|
|t:|1760864000
|move|p2a: 脑袋尖尖的|Psychic Fangs|p1a: Raging Bolt
|-damage|p1a: Raging Bolt|0 fnt
|faint|p1a: Raging Bolt
|-end|p1a: Raging Bolt|Protosynthesis|[silent]
|-damage|p2a: 脑袋尖尖的|91/100|[from] item: Life Orb
|
|upkeep
|
|t:|1760864013
|switch|p1a: Iron Moth|Iron Moth|100/100
|-damage|p1a: Iron Moth|76/100|[from] Stealth Rock
|-enditem|p1a: Iron Moth|Booster Energy
|-activate|p1a: Iron Moth|ability: Quark Drive|[fromitem]
|-start|p1a: Iron Moth|quarkdrivespe
|turn|13
|
|t:|1760864027
|move|p1a: Iron Moth|Dazzling Gleam|p2a: 脑袋尖尖的
|-supereffective|p2a: 脑袋尖尖的
|-damage|p2a: 脑袋尖尖的|42/100
|move|p2a: 脑袋尖尖的|Psychic Fangs|p1a: Iron Moth
|-supereffective|p1a: Iron Moth
|-crit|p1a: Iron Moth
|-damage|p1a: Iron Moth|0 fnt
|faint|p1a: Iron Moth
|-end|p1a: Iron Moth|Quark Drive|[silent]
|-damage|p2a: 脑袋尖尖的|32/100|[from] item: Life Orb
|
|upkeep
|
|t:|1760864039
|switch|p1a: Iron Boulder|Iron Boulder|100/100
|-damage|p1a: Iron Boulder|88/100|[from] Stealth Rock
|-enditem|p1a: Iron Boulder|Booster Energy
|-activate|p1a: Iron Boulder|ability: Quark Drive|[fromitem]
|-start|p1a: Iron Boulder|quarkdrivespe
|turn|14
|
|t:|1760864050
|move|p1a: Iron Boulder|Swords Dance|p1a: Iron Boulder
|-boost|p1a: Iron Boulder|atk|2
|move|p2a: 脑袋尖尖的|Close Combat|p1a: Iron Boulder
|-damage|p1a: Iron Boulder|0 fnt
|-unboost|p2a: 脑袋尖尖的|def|1
|-unboost|p2a: 脑袋尖尖的|spd|1
|faint|p1a: Iron Boulder
|-end|p1a: Iron Boulder|Quark Drive|[silent]
|-damage|p2a: 脑袋尖尖的|23/100|[from] item: Life Orb
|
|upkeep
|
|t:|1760864056
|switch|p1a: Quaquaval|Quaquaval, M|100/100
|-damage|p1a: Quaquaval|94/100|[from] Stealth Rock
|turn|15
|
|t:|1760864063
|move|p2a: 脑袋尖尖的|Close Combat|p1a: Quaquaval
|-damage|p1a: Quaquaval|0 fnt
|-unboost|p2a: 脑袋尖尖的|def|1
|-unboost|p2a: 脑袋尖尖的|spd|1
|faint|p1a: Quaquaval
|-damage|p2a: 脑袋尖尖的|13/100|[from] item: Life Orb
|
|win|wyyorz
|raw|prakshep's rating: 1463 &rarr; <strong>1437</strong><br />(-26 for losing)
|raw|wyyorz's rating: 1364 &rarr; <strong>1390</strong><br />(+26 for winning)
|l|☆wyyorz
|player|p2|
|l|☆prakshep
|player|p1|
