|j|☆hauntersnightmare
|j|☆AlmightyHD
|t:|1760731685
|gametype|singles
|player|p1|hauntersnightmare|266|1551
|player|p2|AlmightyHD|acetrainerf-gen4dp|1511
|gen|9
|tier|[Gen 9] OU
|rated|
|rule|HP Percentage Mod: HP is shown in percentages
|rule|Endless Battle Clause: Forcing endless battles is banned
|rule|Species Clause: Limit one of each Pokémon
|rule|OHKO Clause: OHKO moves are banned
|rule|Evasion Items Clause: Evasion items are banned
|rule|Evasion Moves Clause: Evasion moves are banned
|rule|Evasion Abilities Clause: Evasion abilities are banned
|rule|Sleep Moves Clause: Sleep-inducing moves are banned
|clearpoke
|poke|p1|Iron Moth|
|poke|p1|Weezing-Galar, F|
|poke|p1|Gliscor, M|
|poke|p1|Corviknight, F|
|poke|p1|Ogerpon-Wellspring, F|
|poke|p1|Dragapult, F|
|poke|p2|Dragapult, M|
|poke|p2|Darkrai|
|poke|p2|Deoxys-Speed|
|poke|p2|Okidogi, M|
|poke|p2|Whiscash, M|
|poke|p2|Corviknight, F|
|teampreview
|
|t:|1760731702
|teamsize|p1|6
|teamsize|p2|6
|start
|switch|p1a: Corviknight|Corviknight, F|100/100
|switch|p2a: Okidogi|Okidogi, M|100/100
|-item|p2a: Okidogi|Air Balloon
|-ability|p1a: Corviknight|Pressure
|turn|1
|
|t:|1760731706
|switch|p2a: Whiscash|Whiscash, M|100/100
|move|p1a: Corviknight|Brave Bird|p2a: Whiscash
|-damage|p2a: Whiscash|76/100
|-damage|p1a: Corviknight|92/100|[from] Recoil
|
|upkeep
|turn|2
|
|t:|1760731712
|move|p2a: Whiscash|Stealth Rock|p1a: Corviknight
|-sidestart|p1: hauntersnightmare|move: Stealth Rock
|move|p1a: Corviknight|U-turn|p2a: Whiscash
|-damage|p2a: Whiscash|66/100
|
|t:|1760731717
|switch|p1a: Ogerpon|Ogerpon-Wellspring, F|100/100|[from] U-turn
|-damage|p1a: Ogerpon|88/100|[from] Stealth Rock
|
|upkeep
|turn|3
|
|t:|1760731729
|switch|p2a: Corviknight|Corviknight, F|100/100
|-ability|p2a: Corviknight|Pressure
|move|p1a: Ogerpon|Ivy Cudgel|p2a: Corviknight|[anim] Ivy Cudgel Water
|-damage|p2a: Corviknight|66/100
|
|upkeep
|turn|4
|
|t:|1760731732
|switch|p1a: Corviknight|Corviknight, F|92/100
|-damage|p1a: Corviknight|79/100|[from] Stealth Rock
|-ability|p1a: Corviknight|Pressure
|move|p2a: Corviknight|U-turn|p1a: Corviknight
|-resisted|p1a: Corviknight
|-damage|p1a: Corviknight|77/100
|-damage|p2a: Corviknight|49/100|[from] item: Rocky Helmet|[of] p1a: Corviknight
|
|t:|1760731737
|switch|p2a: Dragapult|Dragapult, M|100/100|[from] U-turn
|
|upkeep
|turn|5
|
|t:|1760731740
|move|p2a: Dragapult|Fire Blast|p1a: Corviknight
|-supereffective|p1a: Corviknight
|-damage|p1a: Corviknight|2/100
|-damage|p2a: Dragapult|91/100|[from] item: Life Orb
|move|p1a: Corviknight|Defog|p2a: Dragapult
|-fail|p2a: Dragapult|unboost|[from] ability: Clear Body|[of] p2a: Dragapult
|-sideend|p1: hauntersnightmare|Stealth Rock|[from] move: Defog|[of] p1a: Corviknight
|
|upkeep
|turn|6
|
|t:|1760731747
|switch|p1a: Dragapult|Dragapult, F|100/100
|move|p2a: Dragapult|Shadow Ball|p1a: Dragapult
|-supereffective|p1a: Dragapult
|-damage|p1a: Dragapult|0 fnt
|faint|p1a: Dragapult
|-damage|p2a: Dragapult|81/100|[from] item: Life Orb
|
|upkeep
|
|t:|1760731752
|switch|p1a: Iron Moth|Iron Moth|100/100
|turn|7
|
|t:|1760731762
|switch|p2a: Whiscash|Whiscash, M|66/100
|move|p1a: Iron Moth|Dazzling Gleam|p2a: Whiscash
|-damage|p2a: Whiscash|15/100
|
|upkeep
|turn|8
|-enditem|p2a: Whiscash|Custap Berry|[eat]
|-activate|p2a: Whiscash|item: Custap Berry|[consumed]
|
|t:|1760731770
|move|p2a: Whiscash|Spikes|p1a: Iron Moth
|-sidestart|p1: hauntersnightmare|Spikes
|move|p1a: Iron Moth|Dazzling Gleam|p2a: Whiscash
|-damage|p2a: Whiscash|0 fnt
|faint|p2a: Whiscash
|
|upkeep
|
|t:|1760731773
|switch|p2a: Deoxys|Deoxys-Speed|100/100
|-ability|p2a: Deoxys|Pressure
|turn|9
|
|t:|1760731778
|-end|p1a: Iron Moth|Quark Drive|[silent]
|switch|p1a: Corviknight|Corviknight, F|2/100
|-ability|p1a: Corviknight|Pressure
|move|p2a: Deoxys|Psycho Boost|p1a: Corviknight
|-resisted|p1a: Corviknight
|-damage|p1a: Corviknight|0 fnt
|-unboost|p2a: Deoxys|spa|2
|faint|p1a: Corviknight
|-damage|p2a: Deoxys|91/100|[from] item: Life Orb
|
|upkeep
|j| Calvervtutrp
|
|t:|1760731784
|switch|p1a: Ogerpon|Ogerpon-Wellspring, F|88/100
|-damage|p1a: Ogerpon|76/100|[from] Spikes
|turn|10
|
|t:|1760731793
|switch|p2a: Corviknight|Corviknight, F|49/100
|-ability|p2a: Corviknight|Pressure
|move|p1a: Ogerpon|Synthesis|p1a: Ogerpon
|-heal|p1a: Ogerpon|100/100
|
|upkeep
|turn|11
|
|t:|1760731796
|move|p1a: Ogerpon|Swords Dance|p1a: Ogerpon
|-boost|p1a: Ogerpon|atk|2
|move|p2a: Corviknight|U-turn|p1a: Ogerpon
|-supereffective|p1a: Ogerpon
|-damage|p1a: Ogerpon|66/100
|
|t:|1760731806
|switch|p2a: Dragapult|Dragapult, M|81/100|[from] U-turn
|
|upkeep
|turn|12
|
|t:|1760731812
|-terastallize|p2a: Dragapult|Dragon
|-terastallize|p1a: Ogerpon|Water
|detailschange|p1a: Ogerpon|Ogerpon-Wellspring-Tera, F, tera:Water
|-ability|p1a: Ogerpon|Embody Aspect (Wellspring)|boost
|-boost|p1a: Ogerpon|spd|1
|move|p2a: Dragapult|Dragon Darts|p1a: Ogerpon
|-damage|p1a: Ogerpon|16/100
|-anim|p2a: Dragapult|Dragon Darts|p1a: Ogerpon
|-damage|p1a: Ogerpon|0 fnt
|faint|p1a: Ogerpon
|detailschange|p1: Ogerpon|Ogerpon-Wellspring, F|[silent]
|-damage|p2a: Dragapult|71/100|[from] item: Life Orb
|
|upkeep
|
|t:|1760731817
|switch|p1a: Weezing|Weezing-Galar, F|100/100
|-ability|p1a: Weezing|Neutralizing Gas
|-damage|p1a: Weezing|88/100|[from] Spikes
|turn|13
|-message|hauntersnightmare forfeited.
|
|win|AlmightyHD
|raw|hauntersnightmare's rating: 1551 &rarr; <strong>1529</strong><br />(-22 for losing)
|raw|AlmightyHD's rating: 1511 &rarr; <strong>1533</strong><br />(+22 for winning)
|l|☆hauntersnightmare
|player|p1|
|l|☆AlmightyHD
|player|p2|
|l| Calvervtutrp
