|j|☆delete tera
|j|☆Lusaeon
|t:|1760886810
|gametype|singles
|player|p1|delete tera|swimmer|1485
|player|p2|Lusaeon|kimonogirl|1467
|gen|9
|tier|[Gen 9] OU
|rated|
|rule|HP Percentage Mod: HP is shown in percentages
|rule|Endless Battle Clause: Forcing endless battles is banned
|rule|Species Clause: Limit one of each Pokémon
|rule|OHKO Clause: OHKO moves are banned
|rule|Evasion Items Clause: Evasion items are banned
|rule|Evasion Moves Clause: Evasion moves are banned
|rule|Evasion Abilities Clause: Evasion abilities are banned
|rule|Sleep Moves Clause: Sleep-inducing moves are banned
|clearpoke
|poke|p1|Garchomp, M|
|poke|p1|Zamazenta-*|
|poke|p1|Iron Hands|
|poke|p1|Dragonite, M|
|poke|p1|Iron Valiant|
|poke|p1|Salazzle, F|
|poke|p2|Landorus-Therian, M|
|poke|p2|Iron Treads|
|poke|p2|Ursaluna, F|
|poke|p2|Volcanion|
|poke|p2|Lokix, M|
|poke|p2|Enamorus, F|
|teampreview
|inactive|Battle timer is ON: inactive players will automatically lose when time's up. (requested by delete tera)
|
|t:|1760886821
|teamsize|p1|6
|teamsize|p2|6
|start
|switch|p1a: Salazzle|Salazzle, F, shiny|100/100
|switch|p2a: Volcanion|Volcanion|100/100
|turn|1
|
|t:|1760886826
|move|p1a: Salazzle|Fake Out|p2a: Volcanion
|-damage|p2a: Volcanion|94/100
|cant|p2a: Volcanion|flinch
|
|upkeep
|turn|2
|
|t:|1760886830
|move|p1a: Salazzle|Toxic|p2a: Volcanion
|-status|p2a: Volcanion|tox
|move|p2a: Volcanion|Steam Eruption|p1a: Salazzle
|-supereffective|p1a: Salazzle
|-enditem|p1a: Salazzle|Focus Sash
|-damage|p1a: Salazzle|1/100
|
|-damage|p2a: Volcanion|88/100 tox|[from] psn
|upkeep
|turn|3
|
|t:|1760886834
|move|p1a: Salazzle|Sludge Wave|p2a: Volcanion
|-damage|p2a: Volcanion|36/100 tox
|move|p2a: Volcanion|Steam Eruption|p1a: Salazzle
|-supereffective|p1a: Salazzle
|-damage|p1a: Salazzle|0 fnt
|faint|p1a: Salazzle
|
|-damage|p2a: Volcanion|24/100 tox|[from] psn
|upkeep
|
|t:|1760886841
|switch|p1a: Dragonite|Dragonite, M|100/100
|turn|4
|
|t:|1760886846
|switch|p2a: Landorus|Landorus-Therian, M|100/100
|-ability|p2a: Landorus|Intimidate|boost
|-unboost|p1a: Dragonite|atk|1
|move|p1a: Dragonite|Extreme Speed|p2a: Landorus
|-damage|p2a: Landorus|87/100
|-damage|p1a: Dragonite|84/100|[from] item: Rocky Helmet|[of] p2a: Landorus
|
|upkeep
|turn|5
|
|t:|1760886849
|move|p2a: Landorus|U-turn|p1a: Dragonite
|-resisted|p1a: Dragonite
|-damage|p1a: Dragonite|74/100
|
|t:|1760886851
|switch|p2a: Enamorus|Enamorus, F|100/100|[from] U-turn
|move|p1a: Dragonite|Dragon Tail|p2a: Enamorus
|-immune|p2a: Enamorus
|
|upkeep
|turn|6
|
|t:|1760886858
|move|p1a: Dragonite|Extreme Speed|p2a: Enamorus
|-damage|p2a: Enamorus|69/100
|move|p2a: Enamorus|Moonblast|p1a: Dragonite
|-supereffective|p1a: Dragonite
|-damage|p1a: Dragonite|0 fnt
|faint|p1a: Dragonite
|
|upkeep
|
|t:|1760886870
|switch|p1a: Iron Valiant|Iron Valiant|100/100
|-enditem|p1a: Iron Valiant|Booster Energy
|-activate|p1a: Iron Valiant|ability: Quark Drive|[fromitem]
|-start|p1a: Iron Valiant|quarkdrivespe
|turn|7
|
|t:|1760886876
|switch|p2a: Iron Treads|Iron Treads|100/100
|move|p1a: Iron Valiant|Moonblast|p2a: Iron Treads
|-resisted|p2a: Iron Treads
|-crit|p2a: Iron Treads
|-damage|p2a: Iron Treads|76/100
|
|upkeep
|turn|8
|
|t:|1760886879
|move|p1a: Iron Valiant|Close Combat|p2a: Iron Treads
|-supereffective|p2a: Iron Treads
|-damage|p2a: Iron Treads|0 fnt
|-unboost|p1a: Iron Valiant|def|1
|-unboost|p1a: Iron Valiant|spd|1
|faint|p2a: Iron Treads
|-end|p2a: Iron Treads|Quark Drive|[silent]
|
|upkeep
|
|t:|1760886891
|switch|p2a: Ursaluna|Ursaluna, F|100/100
|turn|9
|
|t:|1760886897
|move|p1a: Iron Valiant|Close Combat|p2a: Ursaluna
|-supereffective|p2a: Ursaluna
|-damage|p2a: Ursaluna|30/100
|-unboost|p1a: Iron Valiant|def|1
|-unboost|p1a: Iron Valiant|spd|1
|move|p2a: Ursaluna|Headlong Rush|p1a: Iron Valiant
|-damage|p1a: Iron Valiant|0 fnt
|-unboost|p2a: Ursaluna|def|1
|-unboost|p2a: Ursaluna|spd|1
|faint|p1a: Iron Valiant
|-end|p1a: Iron Valiant|Quark Drive|[silent]
|
|-status|p2a: Ursaluna|brn|[from] item: Flame Orb
|upkeep
|
|t:|1760886902
|switch|p1a: Garchomp|Garchomp, M|100/100
|turn|10
|
|t:|1760886917
|move|p1a: Garchomp|Scale Shot|p2a: Ursaluna
|-damage|p2a: Ursaluna|16/100 brn
|-damage|p2a: Ursaluna|4/100 brn
|-damage|p2a: Ursaluna|0 fnt
|faint|p2a: Ursaluna
|-hitcount|p2: Ursaluna|3
|-unboost|p1a: Garchomp|def|1
|-boost|p1a: Garchomp|spe|1
|
|upkeep
|
|t:|1760886923
|switch|p2a: Lokix|Lokix, M|100/100
|turn|11
|
|t:|1760886926
|move|p2a: Lokix|First Impression|p1a: Garchomp
|-damage|p1a: Garchomp|9/100
|-damage|p2a: Lokix|88/100|[from] ability: Rough Skin|[of] p1a: Garchomp
|move|p1a: Garchomp|Scale Shot|p2a: Lokix
|-damage|p2a: Lokix|72/100
|-damage|p2a: Lokix|54/100
|-damage|p2a: Lokix|39/100
|-damage|p2a: Lokix|23/100
|-hitcount|p2a: Lokix|4
|-unboost|p1a: Garchomp|def|1
|-boost|p1a: Garchomp|spe|1
|
|upkeep
|turn|12
|
|t:|1760886934
|switch|p2a: Volcanion|Volcanion|24/100 tox
|move|p1a: Garchomp|Fire Fang|p2a: Volcanion
|-resisted|p2a: Volcanion
|-damage|p2a: Volcanion|19/100 tox
|
|-damage|p2a: Volcanion|13/100 tox|[from] psn
|upkeep
|turn|13
|
|t:|1760886938
|move|p1a: Garchomp|Earthquake|p2a: Volcanion
|-supereffective|p2a: Volcanion
|-damage|p2a: Volcanion|0 fnt
|faint|p2a: Volcanion
|
|upkeep
|
|t:|1760886939
|switch|p2a: Lokix|Lokix, M|23/100
|turn|14
|
|t:|1760886941
|move|p2a: Lokix|First Impression|p1a: Garchomp
|-damage|p1a: Garchomp|0 fnt
|-damage|p2a: Lokix|11/100|[from] ability: Rough Skin|[of] p1a: Garchomp
|faint|p1a: Garchomp
|
|upkeep
|
|t:|1760886943
|switch|p1a: Iron Hands|Iron Hands|100/100
|-enditem|p1a: Iron Hands|Booster Energy
|-activate|p1a: Iron Hands|ability: Quark Drive|[fromitem]
|-start|p1a: Iron Hands|quarkdriveatk
|turn|15
|
|t:|1760886948
|switch|p2a: Landorus|Landorus-Therian, M|87/100
|-ability|p2a: Landorus|Intimidate|boost
|-unboost|p1a: Iron Hands|atk|1
|move|p1a: Iron Hands|Ice Punch|p2a: Landorus
|-supereffective|p2a: Landorus
|-damage|p2a: Landorus|7/100
|-damage|p1a: Iron Hands|84/100|[from] item: Rocky Helmet|[of] p2a: Landorus
|
|upkeep
|turn|16
|
|t:|1760886952
|move|p2a: Landorus|Earthquake|p1a: Iron Hands
|-supereffective|p1a: Iron Hands
|-damage|p1a: Iron Hands|24/100
|move|p1a: Iron Hands|Ice Punch|p2a: Landorus
|-supereffective|p2a: Landorus
|-damage|p2a: Landorus|0 fnt
|-damage|p1a: Iron Hands|7/100|[from] item: Rocky Helmet|[of] p2a: Landorus
|faint|p2a: Landorus
|
|upkeep
|
|t:|1760886957
|switch|p2a: Enamorus|Enamorus, F|69/100
|turn|17
|
|t:|1760886959
|move|p2a: Enamorus|Moonblast|p1a: Iron Hands
|-supereffective|p1a: Iron Hands
|-damage|p1a: Iron Hands|0 fnt
|faint|p1a: Iron Hands
|-end|p1a: Iron Hands|Quark Drive|[silent]
|
|upkeep
|
|t:|1760886961
|switch|p1a: Zamazenta|Zamazenta|100/100
|-ability|p1a: Zamazenta|Dauntless Shield|boost
|-boost|p1a: Zamazenta|def|1
|turn|18
|
|t:|1760886970
|-terastallize|p2a: Enamorus|Fairy
|-terastallize|p1a: Zamazenta|Fire
|move|p2a: Enamorus|Moonblast|p1a: Zamazenta
|-resisted|p1a: Zamazenta
|-damage|p1a: Zamazenta|75/100
|move|p1a: Zamazenta|Iron Defense|p1a: Zamazenta
|-boost|p1a: Zamazenta|def|2
|
|-heal|p1a: Zamazenta|81/100|[from] item: Leftovers
|upkeep
|turn|19
|
|t:|1760886976
|switch|p2a: Lokix|Lokix, M|11/100
|move|p1a: Zamazenta|Body Press|p2a: Lokix
|-damage|p2a: Lokix|0 fnt
|faint|p2a: Lokix
|
|-heal|p1a: Zamazenta|87/100|[from] item: Leftovers
|upkeep
|
|t:|1760886978
|switch|p2a: Enamorus|Enamorus, F, tera:Fairy|69/100
|turn|20
|
|t:|1760886979
|move|p2a: Enamorus|Earth Power|p1a: Zamazenta
|-supereffective|p1a: Zamazenta
|-damage|p1a: Zamazenta|40/100
|move|p1a: Zamazenta|Body Press|p2a: Enamorus
|-resisted|p2a: Enamorus
|-damage|p2a: Enamorus|6/100
|
|-heal|p1a: Zamazenta|46/100|[from] item: Leftovers
|upkeep
|turn|21
|
|t:|1760886983
|move|p2a: Enamorus|Earth Power|p1a: Zamazenta
|-supereffective|p1a: Zamazenta
|-damage|p1a: Zamazenta|0 fnt
|faint|p1a: Zamazenta
|
|win|Lusaeon
|raw|delete tera's rating: 1485 &rarr; <strong>1464</strong><br />(-21 for losing)
|raw|Lusaeon's rating: 1467 &rarr; <strong>1488</strong><br />(+21 for winning)
|l|☆Lusaeon
|player|p2|
|l|☆delete tera
|player|p1|
