|j|☆levi6969
|j|☆rraindancerr
|t:|1760811651
|gametype|singles
|player|p1|levi6969|265|1381
|player|p2|rraindancerr|wallace|1367
|gen|9
|tier|[Gen 9] OU
|rated|
|rule|HP Percentage Mod: HP is shown in percentages
|rule|Endless Battle Clause: Forcing endless battles is banned
|rule|Species Clause: Limit one of each Pokémon
|rule|OHKO Clause: OHKO moves are banned
|rule|Evasion Items Clause: Evasion items are banned
|rule|Evasion Moves Clause: Evasion moves are banned
|rule|Evasion Abilities Clause: Evasion abilities are banned
|rule|Sleep Moves Clause: Sleep-inducing moves are banned
|clearpoke
|poke|p1|Mabosstiff, M|
|poke|p1|Cryogonal|
|poke|p1|Dragonite, F|
|poke|p1|Gholdengo|
|poke|p1|Ting-Lu|
|poke|p1|Dondozo, M|
|poke|p2|Pelipper, M|
|poke|p2|Barraskewda, F|
|poke|p2|Zapdos|
|poke|p2|Ogerpon-Cornerstone, F|
|poke|p2|Iron Treads|
|poke|p2|Hatterene, F|
|teampreview
|inactive|Battle timer is ON: inactive players will automatically lose when time's up. (requested by rraindancerr)
|
|t:|1760811660
|teamsize|p1|6
|teamsize|p2|6
|start
|switch|p1a: Mabosstiff|Mabosstiff, M, shiny|100/100
|switch|p2a: Pelipper|Pelipper, M, shiny|100/100
|-weather|RainDance|[from] ability: Drizzle|[of] p2a: Pelipper
|turn|1
|
|t:|1760811669
|switch|p2a: Hatterene|Hatterene, F, shiny|100/100
|move|p1a: Mabosstiff|Wild Charge|p2a: Hatterene
|-damage|p2a: Hatterene|30/100
|-damage|p1a: Mabosstiff|82/100|[from] Recoil
|-enditem|p2a: Hatterene|Eject Button
|
|t:|1760811671
|switch|p2a: Barraskewda|Barraskewda, F|100/100
|
|-weather|RainDance|[upkeep]
|upkeep
|turn|2
|
|t:|1760811677
|switch|p1a: Dondozo|Dondozo, M|100/100
|move|p2a: Barraskewda|Liquidation|p1a: Dondozo
|-resisted|p1a: Dondozo
|-damage|p1a: Dondozo|78/100
|-damage|p2a: Barraskewda|84/100|[from] item: Rocky Helmet|[of] p1a: Dondozo
|
|-weather|RainDance|[upkeep]
|upkeep
|turn|3
|
|t:|1760811697
|switch|p2a: Zapdos|Zapdos, shiny|100/100
|switch|p1a: Mabosstiff|Mabosstiff, M, shiny|82/100
|
|-weather|RainDance|[upkeep]
|upkeep
|turn|4
|
|t:|1760811702
|switch|p2a: Hatterene|Hatterene, F, shiny|30/100
|move|p1a: Mabosstiff|Ice Fang|p2a: Hatterene
|-damage|p2a: Hatterene|0 fnt
|faint|p2a: Hatterene
|
|-weather|RainDance|[upkeep]
|upkeep
|
|t:|1760811703
|switch|p2a: Barraskewda|Barraskewda, F|84/100
|turn|5
|
|t:|1760811707
|switch|p1a: Dondozo|Dondozo, M|78/100
|-terastallize|p2a: Barraskewda|Water
|move|p2a: Barraskewda|Liquidation|p1a: Dondozo
|-resisted|p1a: Dondozo
|-damage|p1a: Dondozo|44/100
|-damage|p2a: Barraskewda|68/100|[from] item: Rocky Helmet|[of] p1a: Dondozo
|
|-weather|RainDance|[upkeep]
|upkeep
|turn|6
|
|t:|1760811713
|move|p2a: Barraskewda|Liquidation|p1a: Dondozo
|-resisted|p1a: Dondozo
|-damage|p1a: Dondozo|15/100
|-damage|p2a: Barraskewda|51/100|[from] item: Rocky Helmet|[of] p1a: Dondozo
|move|p1a: Dondozo|Rest|p1a: Dondozo
|-status|p1a: Dondozo|slp|[from] move: Rest
|-heal|p1a: Dondozo|100/100 slp|[silent]
|
|-weather|RainDance|[upkeep]
|upkeep
|turn|7
|
|t:|1760811717
|move|p2a: Barraskewda|Liquidation|p1a: Dondozo
|-resisted|p1a: Dondozo
|-damage|p1a: Dondozo|71/100 slp
|-damage|p2a: Barraskewda|35/100|[from] item: Rocky Helmet|[of] p1a: Dondozo
|cant|p1a: Dondozo|slp
|move|p1a: Dondozo|Sleep Talk|p1a: Dondozo
|move|p1a: Dondozo|Rest||[from] move: Sleep Talk|[still]
|-fail|p1a: Dondozo
|
|-weather|RainDance|[upkeep]
|upkeep
|turn|8
|
|t:|1760811720
|move|p2a: Barraskewda|Liquidation|p1a: Dondozo
|-resisted|p1a: Dondozo
|-damage|p1a: Dondozo|42/100 slp
|-damage|p2a: Barraskewda|19/100|[from] item: Rocky Helmet|[of] p1a: Dondozo
|cant|p1a: Dondozo|slp
|move|p1a: Dondozo|Sleep Talk|p1a: Dondozo
|move|p1a: Dondozo|Liquidation|p2a: Barraskewda|[from] move: Sleep Talk
|-resisted|p2a: Barraskewda
|-damage|p2a: Barraskewda|0 fnt
|faint|p2a: Barraskewda
|
|-weather|none
|upkeep
|
|t:|1760811726
|switch|p2a: Pelipper|Pelipper, M, shiny|100/100
|-weather|RainDance|[from] ability: Drizzle|[of] p2a: Pelipper
|turn|9
|
|t:|1760811736
|switch|p1a: Cryogonal|Cryogonal|100/100
|move|p2a: Pelipper|U-turn|p1a: Cryogonal
|-damage|p1a: Cryogonal|82/100
|
|t:|1760811739
|switch|p2a: Ogerpon|Ogerpon-Cornerstone, F|100/100|[from] U-turn
|
|-weather|RainDance|[upkeep]
|upkeep
|turn|10
|
|t:|1760811749
|switch|p1a: Gholdengo|Gholdengo, shiny|100/100
|move|p2a: Ogerpon|Ivy Cudgel|p1a: Gholdengo|[anim] Ivy Cudgel Rock
|-resisted|p1a: Gholdengo
|-damage|p1a: Gholdengo|78/100
|
|-weather|RainDance|[upkeep]
|upkeep
|turn|11
|
|t:|1760811760
|move|p2a: Ogerpon|U-turn|p1a: Gholdengo
|-resisted|p1a: Gholdengo
|-damage|p1a: Gholdengo|73/100
|
|t:|1760811761
|switch|p2a: Iron Treads|Iron Treads|100/100|[from] U-turn
|-enditem|p2a: Iron Treads|Booster Energy
|-activate|p2a: Iron Treads|ability: Quark Drive|[fromitem]
|-start|p2a: Iron Treads|quarkdrivespe
|move|p1a: Gholdengo|Shadow Ball|p2a: Iron Treads
|-damage|p2a: Iron Treads|54/100
|
|-weather|RainDance|[upkeep]
|upkeep
|turn|12
|l|☆rraindancerr
|inactive|rraindancerr disconnected and has a minute to reconnect!
|player|p2|
|
|t:|1760811778
|switch|p1a: Ting-Lu|Ting-Lu|100/100
|-ability|p1a: Ting-Lu|Vessel of Ruin
|move|p2a: Iron Treads|Earthquake|p1a: Ting-Lu
|-damage|p1a: Ting-Lu|75/100
|
|-weather|RainDance|[upkeep]
|-heal|p1a: Ting-Lu|81/100|[from] item: Leftovers
|upkeep
|turn|13
|inactive|rraindancerr has 30 seconds to reconnect!
|inactive|rraindancerr has 20 seconds to reconnect!
|inactive|rraindancerr has 15 seconds to reconnect!
|inactive|rraindancerr has 10 seconds to reconnect!
|inactive|rraindancerr has 5 seconds to reconnect!
|-message|rraindancerr lost due to inactivity.
|
|win|levi6969
|raw|levi6969's rating: 1381 &rarr; <strong>1400</strong><br />(+19 for winning)
|raw|rraindancerr's rating: 1367 &rarr; <strong>1348</strong><br />(-19 for losing)
|l|☆levi6969
|player|p1|
