|j|‽klefki_did_it
|j|☆White Boy Magic
|t:|1760882955
|gametype|singles
|player|p1|klefki_did_it|pokemonbreeder-gen4|1459
|player|p2|White Boy Magic|colress|1478
|gen|9
|tier|[Gen 9] OU
|rated|
|rule|HP Percentage Mod: HP is shown in percentages
|rule|Endless Battle Clause: Forcing endless battles is banned
|rule|Species Clause: Limit one of each Pokémon
|rule|OHKO Clause: OHKO moves are banned
|rule|Evasion Items Clause: Evasion items are banned
|rule|Evasion Moves Clause: Evasion moves are banned
|rule|Evasion Abilities Clause: Evasion abilities are banned
|rule|Sleep Moves Clause: Sleep-inducing moves are banned
|clearpoke
|poke|p1|Staraptor, M|
|poke|p1|Kingambit, F|
|poke|p1|Emboar, M|
|poke|p1|Thundurus, M|
|poke|p1|Mandibuzz, F|
|poke|p1|Gardevoir, M|
|poke|p2|Garganacl, M|
|poke|p2|Moltres|
|poke|p2|Gholdengo|
|poke|p2|Great Tusk|
|poke|p2|Rillaboom, F|
|poke|p2|Keldeo-Resolute|
|teampreview
|inactive|Battle timer is ON: inactive players will automatically lose when time's up. (requested by White Boy Magic)
|inactive|klefki_did_it also wants the timer to be on.
|
|t:|1760882970
|teamsize|p1|6
|teamsize|p2|6
|start
|switch|p1a: Staraptor|Staraptor, M|100/100
|switch|p2a: Salty Kong|Garganacl, M|100/100
|turn|1
|
|t:|1760882975
|move|p1a: Staraptor|Final Gambit|p2a: Salty Kong
|-damage|p2a: Salty Kong|8/100
|faint|p1a: Staraptor
|move|p2a: Salty Kong|Stealth Rock|p1: Staraptor
|-sidestart|p1: klefki_did_it|move: Stealth Rock
|
|-heal|p2a: Salty Kong|14/100|[from] item: Leftovers
|upkeep
|
|t:|1760882986
|switch|p1a: Emboar|Emboar, M, shiny|100/100
|-damage|p1a: Emboar|88/100|[from] Stealth Rock
|turn|2
|
|t:|1760882990
|switch|p2a: Slow Dancer|Keldeo-Resolute|100/100
|move|p1a: Emboar|Flare Blitz|p2a: Slow Dancer
|-resisted|p2a: Slow Dancer
|-damage|p2a: Slow Dancer|35/100
|-damage|p1a: Emboar|72/100|[from] Recoil
|
|-heal|p2a: Slow Dancer|42/100|[from] item: Leftovers
|upkeep
|turn|3
|
|t:|1760883002
|switch|p1a: Gardevoir|Gardevoir, M|100/100
|-damage|p1a: Gardevoir|88/100|[from] Stealth Rock
|-ability|p1a: Gardevoir|Justified|Trace|[from] ability: Trace|[of] p2a: Slow Dancer
|move|p2a: Slow Dancer|Surf|p1a: Gardevoir
|-damage|p1a: Gardevoir|41/100
|
|-heal|p2a: Slow Dancer|48/100|[from] item: Leftovers
|upkeep
|turn|4
|
|t:|1760883013
|switch|p2a: 4 bobux|Gholdengo|100/100
|move|p1a: Gardevoir|Moonblast|p2a: 4 bobux
|-resisted|p2a: 4 bobux
|-damage|p2a: 4 bobux|67/100
|-unboost|p2a: 4 bobux|spa|1
|
|upkeep
|turn|5
|
|t:|1760883025
|switch|p1a: Emboar|Emboar, M, shiny|72/100
|-damage|p1a: Emboar|60/100|[from] Stealth Rock
|move|p2a: 4 bobux|Make It Rain|p1a: Emboar
|-resisted|p1a: Emboar
|-damage|p1a: Emboar|35/100
|-unboost|p2a: 4 bobux|spa|1
|
|upkeep
|turn|6
|
|t:|1760883033
|switch|p2a: Smokin Joe Rudeboy|Moltres|100/100
|move|p1a: Emboar|Flare Blitz|p2a: Smokin Joe Rudeboy
|-resisted|p2a: Smokin Joe Rudeboy
|-damage|p2a: Smokin Joe Rudeboy|61/100
|-damage|p1a: Emboar|24/100|[from] Recoil
|
|upkeep
|turn|7
|
|t:|1760883043
|move|p2a: Smokin Joe Rudeboy|Roost|p2a: Smokin Joe Rudeboy
|-heal|p2a: Smokin Joe Rudeboy|100/100
|-singleturn|p2a: Smokin Joe Rudeboy|move: Roost
|move|p1a: Emboar|Flare Blitz|p2a: Smokin Joe Rudeboy
|-resisted|p2a: Smokin Joe Rudeboy
|-crit|p2a: Smokin Joe Rudeboy
|-damage|p2a: Smokin Joe Rudeboy|42/100
|-damage|p1a: Emboar|6/100|[from] Recoil
|
|upkeep
|turn|8
|
|t:|1760883050
|move|p2a: Smokin Joe Rudeboy|Roost|p2a: Smokin Joe Rudeboy
|-heal|p2a: Smokin Joe Rudeboy|92/100
|-singleturn|p2a: Smokin Joe Rudeboy|move: Roost
|move|p1a: Emboar|Flare Blitz|p2a: Smokin Joe Rudeboy
|-resisted|p2a: Smokin Joe Rudeboy
|-damage|p2a: Smokin Joe Rudeboy|49/100
|-damage|p1a: Emboar|0 fnt|[from] Recoil
|faint|p1a: Emboar
|
|upkeep
|
|t:|1760883065
|switch|p1a: Thundurus|Thundurus, M|100/100
|-damage|p1a: Thundurus|76/100|[from] Stealth Rock
|turn|9
|
|t:|1760883073
|switch|p2a: 4 bobux|Gholdengo|67/100
|move|p1a: Thundurus|Wild Charge|p2a: 4 bobux
|-damage|p2a: 4 bobux|2/100
|-damage|p1a: Thundurus|59/100|[from] Recoil
|-damage|p1a: Thundurus|49/100|[from] item: Life Orb
|
|upkeep
|turn|10
|
|t:|1760883078
|move|p2a: 4 bobux|Shadow Ball|p1a: Thundurus
|-damage|p1a: Thundurus|0 fnt
|faint|p1a: Thundurus
|
|upkeep
|
|t:|1760883085
|switch|p1a: Mandibuzz|Mandibuzz, F|100/100
|turn|11
|
|t:|1760883094
|switch|p2a: Johnny Joestar|Great Tusk|100/100
|move|p1a: Mandibuzz|Toxic|p2a: Johnny Joestar
|-status|p2a: Johnny Joestar|tox
|
|-damage|p2a: Johnny Joestar|94/100 tox|[from] psn
|upkeep
|turn|12
|
|t:|1760883104
|move|p2a: Johnny Joestar|Close Combat|p1a: Mandibuzz
|-damage|p1a: Mandibuzz|66/100
|-unboost|p2a: Johnny Joestar|def|1
|-unboost|p2a: Johnny Joestar|spd|1
|move|p1a: Mandibuzz|Foul Play|p2a: Johnny Joestar
|-resisted|p2a: Johnny Joestar
|-damage|p2a: Johnny Joestar|68/100 tox
|
|-damage|p2a: Johnny Joestar|55/100 tox|[from] psn
|upkeep
|turn|13
|
|t:|1760883111
|move|p2a: Johnny Joestar|Close Combat|p1a: Mandibuzz
|-damage|p1a: Mandibuzz|31/100
|-unboost|p2a: Johnny Joestar|def|1
|-unboost|p2a: Johnny Joestar|spd|1
|move|p1a: Mandibuzz|Roost|p1a: Mandibuzz
|-heal|p1a: Mandibuzz|82/100
|-singleturn|p1a: Mandibuzz|move: Roost
|
|-damage|p2a: Johnny Joestar|37/100 tox|[from] psn
|upkeep
|turn|14
|
|t:|1760883117
|-end|p2a: Johnny Joestar|Protosynthesis|[silent]
|switch|p2a: Salty Kong|Garganacl, M|14/100
|move|p1a: Mandibuzz|Foul Play|p2a: Salty Kong
|-damage|p2a: Salty Kong|0 fnt
|faint|p2a: Salty Kong
|
|upkeep
|
|t:|1760883130
|switch|p2a: 4 bobux|Gholdengo|2/100
|turn|15
|
|t:|1760883138
|switch|p2a: Smokin Joe Rudeboy|Moltres|49/100
|move|p1a: Mandibuzz|Foul Play|p2a: Smokin Joe Rudeboy
|-damage|p2a: Smokin Joe Rudeboy|29/100
|
|upkeep
|turn|16
|
|t:|1760883142
|move|p2a: Smokin Joe Rudeboy|Flamethrower|p1a: Mandibuzz
|-damage|p1a: Mandibuzz|47/100
|move|p1a: Mandibuzz|Toxic|p2a: Smokin Joe Rudeboy
|-status|p2a: Smokin Joe Rudeboy|tox
|
|-damage|p2a: Smokin Joe Rudeboy|23/100 tox|[from] psn
|upkeep
|turn|17
|
|t:|1760883153
|move|p2a: Smokin Joe Rudeboy|Roost|p2a: Smokin Joe Rudeboy
|-heal|p2a: Smokin Joe Rudeboy|73/100 tox
|-singleturn|p2a: Smokin Joe Rudeboy|move: Roost
|move|p1a: Mandibuzz|Roost|p1a: Mandibuzz
|-heal|p1a: Mandibuzz|97/100
|-singleturn|p1a: Mandibuzz|move: Roost
|
|-damage|p2a: Smokin Joe Rudeboy|61/100 tox|[from] psn
|upkeep
|turn|18
|
|t:|1760883156
|move|p1a: Mandibuzz|Mean Look|p2a: Smokin Joe Rudeboy
|-activate|p2a: Smokin Joe Rudeboy|trapped
|move|p2a: Smokin Joe Rudeboy|Roar|p1a: Mandibuzz
|drag|p1a: Gardevoir|Gardevoir, M|41/100
|-damage|p1a: Gardevoir|29/100|[from] Stealth Rock
|-ability|p1a: Gardevoir|Flame Body|Trace|[from] ability: Trace|[of] p2a: Smokin Joe Rudeboy
|
|-damage|p2a: Smokin Joe Rudeboy|43/100 tox|[from] psn
|upkeep
|turn|19
|
|t:|1760883165
|move|p1a: Gardevoir|Shadow Ball|p2a: Smokin Joe Rudeboy
|-damage|p2a: Smokin Joe Rudeboy|14/100 tox
|move|p2a: Smokin Joe Rudeboy|Flamethrower|p1a: Gardevoir
|-damage|p1a: Gardevoir|0 fnt
|faint|p1a: Gardevoir
|
|-damage|p2a: Smokin Joe Rudeboy|0 fnt|[from] psn
|faint|p2a: Smokin Joe Rudeboy
|upkeep
|
|t:|1760883177
|switch|p1a: Mandibuzz|Mandibuzz, F|97/100
|switch|p2a: Ross Federmonkey|Rillaboom, F|100/100
|-fieldstart|move: Grassy Terrain|[from] ability: Grassy Surge|[of] p2a: Ross Federmonkey
|turn|20
|
|t:|1760883183
|move|p2a: Ross Federmonkey|Knock Off|p1a: Mandibuzz
|-resisted|p1a: Mandibuzz
|-damage|p1a: Mandibuzz|87/100
|-enditem|p1a: Mandibuzz|Heavy-Duty Boots|[from] move: Knock Off|[of] p2a: Ross Federmonkey
|move|p1a: Mandibuzz|Toxic|p2a: Ross Federmonkey
|-status|p2a: Ross Federmonkey|tox
|
|-damage|p2a: Ross Federmonkey|94/100 tox|[from] psn
|upkeep
|turn|21
|
|t:|1760883190
|move|p2a: Ross Federmonkey|Wood Hammer|p1a: Mandibuzz
|-resisted|p1a: Mandibuzz
|-damage|p1a: Mandibuzz|62/100
|-damage|p2a: Ross Federmonkey|86/100 tox|[from] Recoil
|move|p1a: Mandibuzz|Foul Play|p2a: Ross Federmonkey
|-crit|p2a: Ross Federmonkey
|-damage|p2a: Ross Federmonkey|19/100 tox
|
|-heal|p2a: Ross Federmonkey|25/100 tox|[from] Grassy Terrain
|-damage|p2a: Ross Federmonkey|13/100 tox|[from] psn
|upkeep
|turn|22
|
|t:|1760883195
|move|p2a: Ross Federmonkey|Wood Hammer|p1a: Mandibuzz
|-resisted|p1a: Mandibuzz
|-crit|p1a: Mandibuzz
|-damage|p1a: Mandibuzz|27/100
|-damage|p2a: Ross Federmonkey|1/100 tox|[from] Recoil
|move|p1a: Mandibuzz|Roost|p1a: Mandibuzz
|-heal|p1a: Mandibuzz|78/100
|-singleturn|p1a: Mandibuzz|move: Roost
|
|-heal|p2a: Ross Federmonkey|7/100 tox|[from] Grassy Terrain
|-heal|p1a: Mandibuzz|84/100|[from] Grassy Terrain
|-damage|p2a: Ross Federmonkey|0 fnt|[from] psn
|faint|p2a: Ross Federmonkey
|upkeep
|
|t:|1760883199
|switch|p2a: Johnny Joestar|Great Tusk|37/100 tox
|turn|23
|
|t:|1760883204
|move|p2a: Johnny Joestar|Close Combat|p1a: Mandibuzz
|-damage|p1a: Mandibuzz|46/100
|-unboost|p2a: Johnny Joestar|def|1
|-unboost|p2a: Johnny Joestar|spd|1
|move|p1a: Mandibuzz|Roost|p1a: Mandibuzz
|-heal|p1a: Mandibuzz|96/100
|-singleturn|p1a: Mandibuzz|move: Roost
|
|-heal|p2a: Johnny Joestar|43/100 tox|[from] Grassy Terrain
|-heal|p1a: Mandibuzz|100/100|[from] Grassy Terrain
|-damage|p2a: Johnny Joestar|37/100 tox|[from] psn
|upkeep
|turn|24
|
|t:|1760883209
|move|p2a: Johnny Joestar|Close Combat|p1a: Mandibuzz
|-damage|p1a: Mandibuzz|66/100
|-unboost|p2a: Johnny Joestar|def|1
|-unboost|p2a: Johnny Joestar|spd|1
|move|p1a: Mandibuzz|Foul Play|p2a: Johnny Joestar
|-resisted|p2a: Johnny Joestar
|-damage|p2a: Johnny Joestar|0 fnt
|faint|p2a: Johnny Joestar
|-end|p2a: Johnny Joestar|Protosynthesis|[silent]
|
|-fieldend|move: Grassy Terrain
|upkeep
|
|t:|1760883212
|switch|p2a: Slow Dancer|Keldeo-Resolute|48/100
|turn|25
|
|t:|1760883220
|-terastallize|p2a: Slow Dancer|Water
|move|p2a: Slow Dancer|Surf|p1a: Mandibuzz
|-damage|p1a: Mandibuzz|17/100
|move|p1a: Mandibuzz|Roost|p1a: Mandibuzz
|-heal|p1a: Mandibuzz|67/100
|-singleturn|p1a: Mandibuzz|move: Roost
|
|-heal|p2a: Slow Dancer|54/100|[from] item: Leftovers
|upkeep
|turn|26
|
|t:|1760883233
|move|p2a: Slow Dancer|Calm Mind|p2a: Slow Dancer
|-boost|p2a: Slow Dancer|spa|1
|-boost|p2a: Slow Dancer|spd|1
|move|p1a: Mandibuzz|Roost|p1a: Mandibuzz
|-heal|p1a: Mandibuzz|100/100
|-singleturn|p1a: Mandibuzz|move: Roost
|
|-heal|p2a: Slow Dancer|60/100|[from] item: Leftovers
|upkeep
|turn|27
|
|t:|1760883239
|move|p2a: Slow Dancer|Surf|p1a: Mandibuzz
|-damage|p1a: Mandibuzz|28/100
|move|p1a: Mandibuzz|Toxic|p2a: Slow Dancer
|-status|p2a: Slow Dancer|tox
|
|-heal|p2a: Slow Dancer|66/100 tox|[from] item: Leftovers
|-damage|p2a: Slow Dancer|60/100 tox|[from] psn
|upkeep
|turn|28
|
|t:|1760883245
|move|p2a: Slow Dancer|Surf|p1a: Mandibuzz
|-damage|p1a: Mandibuzz|0 fnt
|faint|p1a: Mandibuzz
|
|-heal|p2a: Slow Dancer|66/100 tox|[from] item: Leftovers
|-damage|p2a: Slow Dancer|54/100 tox|[from] psn
|upkeep
|
|t:|1760883248
|switch|p1a: Kingambit|Kingambit, F|100/100
|-damage|p1a: Kingambit|94/100|[from] Stealth Rock
|-activate|p1a: Kingambit|ability: Supreme Overlord
|-start|p1a: Kingambit|fallen5|[silent]
|turn|29
|
|t:|1760883255
|-terastallize|p1a: Kingambit|Fairy
|move|p1a: Kingambit|Sucker Punch|p2a: Slow Dancer
|-damage|p2a: Slow Dancer|0 fnt
|faint|p2a: Slow Dancer
|
|-heal|p1a: Kingambit|100/100|[from] item: Leftovers
|upkeep
|
|t:|1760883257
|switch|p2a: 4 bobux|Gholdengo|2/100
|turn|30
|
|t:|1760883261
|move|p1a: Kingambit|Sucker Punch||[still]
|-fail|p1a: Kingambit
|move|p2a: 4 bobux|Trick|p1a: Kingambit
|-activate|p2a: 4 bobux|move: Trick|[of] p1a: Kingambit
|-item|p1a: Kingambit|Choice Scarf|[from] move: Trick
|-item|p2a: 4 bobux|Leftovers|[from] move: Trick
|
|-heal|p2a: 4 bobux|8/100|[from] item: Leftovers
|upkeep
|turn|31
|
|t:|1760883270
|move|p2a: 4 bobux|Trick|p1a: Kingambit
|-activate|p2a: 4 bobux|move: Trick|[of] p1a: Kingambit
|-item|p1a: Kingambit|Leftovers|[from] move: Trick
|-item|p2a: 4 bobux|Choice Scarf|[from] move: Trick
|move|p1a: Kingambit|Iron Head|p2a: 4 bobux
|-resisted|p2a: 4 bobux
|-damage|p2a: 4 bobux|0 fnt
|faint|p2a: 4 bobux
|
|win|klefki_did_it
|raw|klefki_did_it's rating: 1459 &rarr; <strong>1480</strong><br />(+21 for winning)
|raw|White Boy Magic's rating: 1478 &rarr; <strong>1457</strong><br />(-21 for losing)
|l|☆White Boy Magic
|player|p2|
|l|‽klefki_did_it
|player|p1|
