|j|☆WingedOnion
|j|☆kinsword
|t:|1760866551
|gametype|singles
|player|p1|WingedOnion|102|1508
|player|p2|kinsword|265|1552
|gen|9
|tier|[Gen 9] OU
|rated|
|rule|HP Percentage Mod: HP is shown in percentages
|rule|Endless Battle Clause: Forcing endless battles is banned
|rule|Species Clause: Limit one of each Pokémon
|rule|OHKO Clause: OHKO moves are banned
|rule|Evasion Items Clause: Evasion items are banned
|rule|Evasion Moves Clause: Evasion moves are banned
|rule|Evasion Abilities Clause: Evasion abilities are banned
|rule|Sleep Moves Clause: Sleep-inducing moves are banned
|clearpoke
|poke|p1|Great Tusk|
|poke|p1|Tornadus-Therian, M|
|poke|p1|Raging Bolt|
|poke|p1|Slowking-Galar, M|
|poke|p1|Hoopa-Unbound|
|poke|p1|Clefable, M|
|poke|p2|Porygon-Z|
|poke|p2|Salamence, F|
|poke|p2|Diancie|
|poke|p2|Clodsire, F|
|poke|p2|Skarmory, F|
|poke|p2|Crawdaunt, F|
|teampreview
|inactive|Battle timer is ON: inactive players will automatically lose when time's up. (requested by WingedOnion)
|j| Thederpug
|l| Thederpug
|inactive|kinsword has 120 seconds left.
|
|t:|1760866595
|teamsize|p1|6
|teamsize|p2|6
|start
|switch|p1a: Tornadus|Tornadus-Therian, M|100/100
|switch|p2a: Diancie|Diancie|100/100
|turn|1
|
|t:|1760866602
|move|p1a: Tornadus|Knock Off|p2a: Diancie
|-resisted|p2a: Diancie
|-damage|p2a: Diancie|93/100
|-enditem|p2a: Diancie|Leftovers|[from] move: Knock Off|[of] p1a: Tornadus
|move|p2a: Diancie|Diamond Storm|p1a: Tornadus
|-supereffective|p1a: Tornadus
|-damage|p1a: Tornadus|6/100
|
|upkeep
|turn|2
|
|t:|1760866619
|move|p1a: Tornadus|U-turn|p2a: Diancie
|-resisted|p2a: Diancie
|-damage|p2a: Diancie|87/100
|
|t:|1760866628
|switch|p1a: Clefable|Clefable, M|100/100|[from] U-turn
|move|p2a: Diancie|Moonblast|p1a: Clefable
|-damage|p1a: Clefable|59/100
|
|-heal|p1a: Clefable|65/100|[from] item: Leftovers
|upkeep
|turn|3
|
|t:|1760866638
|move|p1a: Clefable|Moonlight|p1a: Clefable
|-heal|p1a: Clefable|100/100
|move|p2a: Diancie|Moonblast|p1a: Clefable
|-damage|p1a: Clefable|64/100
|-unboost|p1a: Clefable|spa|1
|
|-heal|p1a: Clefable|70/100|[from] item: Leftovers
|upkeep
|turn|4
|
|t:|1760866648
|move|p1a: Clefable|Calm Mind|p1a: Clefable
|-boost|p1a: Clefable|spa|1
|-boost|p1a: Clefable|spd|1
|move|p2a: Diancie|Diamond Storm|p1a: Clefable
|-damage|p1a: Clefable|41/100
|
|-heal|p1a: Clefable|47/100|[from] item: Leftovers
|upkeep
|turn|5
|
|t:|1760866658
|switch|p2a: Crawdaunt|Crawdaunt, F|100/100
|move|p1a: Clefable|Moonlight|p1a: Clefable
|-heal|p1a: Clefable|97/100
|
|-heal|p1a: Clefable|100/100|[from] item: Leftovers
|upkeep
|turn|6
|
|t:|1760866669
|-terastallize|p2a: Crawdaunt|Poison
|move|p2a: Crawdaunt|Tera Blast|p1a: Clefable|[anim] Tera Blast Poison
|-supereffective|p1a: Clefable
|-damage|p1a: Clefable|0 fnt
|faint|p1a: Clefable
|-damage|p2a: Crawdaunt|91/100|[from] item: Life Orb
|
|upkeep
|
|t:|1760866674
|switch|p1a: Great Tusk|Great Tusk|100/100
|turn|7
|
|t:|1760866680
|-end|p1a: Great Tusk|Protosynthesis|[silent]
|switch|p1a: Raging Bolt|Raging Bolt|100/100
|switch|p2a: Salamence|Salamence, F|100/100
|-ability|p2a: Salamence|Intimidate|boost
|-unboost|p1a: Raging Bolt|atk|1
|
|upkeep
|turn|8
|
|t:|1760866693
|switch|p2a: Clodsire|Clodsire, F|100/100
|-end|p1a: Raging Bolt|Protosynthesis|[silent]
|switch|p1a: Hoopa|Hoopa-Unbound|100/100
|
|upkeep
|turn|9
|
|t:|1760866701
|switch|p2a: Diancie|Diancie|87/100
|move|p1a: Hoopa|Hyperspace Fury|p2a: Diancie
|-resisted|p2a: Diancie
|-damage|p2a: Diancie|47/100
|-unboost|p1a: Hoopa|def|1
|
|upkeep
|turn|10
|
|t:|1760866710
|switch|p1a: Great Tusk|Great Tusk|100/100
|move|p2a: Diancie|Diamond Storm|p1a: Great Tusk
|-resisted|p1a: Great Tusk
|-damage|p1a: Great Tusk|93/100
|-boost|p2a: Diancie|def|2
|
|upkeep
|turn|11
|
|t:|1760866722
|move|p1a: Great Tusk|Headlong Rush|p2a: Diancie
|-supereffective|p2a: Diancie
|-damage|p2a: Diancie|0 fnt
|-unboost|p1a: Great Tusk|def|1
|-unboost|p1a: Great Tusk|spd|1
|faint|p2a: Diancie
|
|upkeep
|
|t:|1760866731
|switch|p2a: Salamence|Salamence, F|100/100
|-ability|p2a: Salamence|Intimidate|boost
|-unboost|p1a: Great Tusk|atk|1
|turn|12
|
|t:|1760866744
|-end|p1a: Great Tusk|Protosynthesis|[silent]
|switch|p1a: Tornadus|Tornadus-Therian, M|39/100
|move|p2a: Salamence|Draco Meteor|p1a: Tornadus
|-damage|p1a: Tornadus|0 fnt
|-unboost|p2a: Salamence|spa|2
|faint|p1a: Tornadus
|
|upkeep
|
|t:|1760866757
|switch|p1a: Hoopa|Hoopa-Unbound|100/100
|turn|13
|
|t:|1760866785
|switch|p2a: Crawdaunt|Crawdaunt, F, tera:Poison|91/100
|move|p1a: Hoopa|Hyperspace Fury|p2a: Crawdaunt
|-damage|p2a: Crawdaunt|0 fnt
|-unboost|p1a: Hoopa|def|1
|faint|p2a: Crawdaunt
|
|upkeep
|inactive|kinsword has 120 seconds left.
|
|t:|1760866799
|switch|p2a: Skarmory|Skarmory, F|100/100
|turn|14
|
|t:|1760866805
|switch|p1a: Slowking|Slowking-Galar, M|100/100
|move|p2a: Skarmory|Swords Dance|p2a: Skarmory
|-boost|p2a: Skarmory|atk|2
|
|upkeep
|turn|15
|
|t:|1760866812
|switch|p1a: Raging Bolt|Raging Bolt|100/100
|move|p2a: Skarmory|Drill Run|p1a: Raging Bolt
|-supereffective|p1a: Raging Bolt
|-damage|p1a: Raging Bolt|2/100
|
|upkeep
|turn|16
|
|t:|1760866819
|switch|p2a: Clodsire|Clodsire, F|100/100
|move|p1a: Raging Bolt|Draco Meteor|p2a: Clodsire
|-damage|p2a: Clodsire|42/100
|-unboost|p1a: Raging Bolt|spa|2
|
|-heal|p2a: Clodsire|48/100|[from] item: Black Sludge
|upkeep
|turn|17
|inactive|kinsword has 120 seconds left.
|
|t:|1760866866
|-end|p1a: Raging Bolt|Protosynthesis|[silent]
|switch|p1a: Hoopa|Hoopa-Unbound|100/100
|move|p2a: Clodsire|Toxic Spikes|p1a: Hoopa
|-sidestart|p1: WingedOnion|move: Toxic Spikes
|
|-heal|p2a: Clodsire|54/100|[from] item: Black Sludge
|upkeep
|turn|18
|
|t:|1760866874
|move|p1a: Hoopa|Hyperspace Fury|p2a: Clodsire
|-damage|p2a: Clodsire|0 fnt
|-unboost|p1a: Hoopa|def|1
|faint|p2a: Clodsire
|
|upkeep
|
|t:|1760866883
|switch|p2a: Skarmory|Skarmory, F|100/100
|turn|19
|
|t:|1760866888
|switch|p1a: Slowking|Slowking-Galar, M|100/100
|-sideend|p1: WingedOnion|move: Toxic Spikes|[of] p1a: Slowking
|move|p2a: Skarmory|Swords Dance|p2a: Skarmory
|-boost|p2a: Skarmory|atk|2
|
|upkeep
|turn|20
|inactive|kinsword has 120 seconds left.
|
|t:|1760866895
|move|p2a: Skarmory|Drill Run|p1a: Slowking
|-supereffective|p1a: Slowking
|-damage|p1a: Slowking|0 fnt
|faint|p1a: Slowking
|
|upkeep
|
|t:|1760866900
|switch|p1a: Raging Bolt|Raging Bolt|2/100
|turn|21
|
|t:|1760866908
|switch|p2a: Porygon-Z|Porygon-Z|100/100
|-ability|p2a: Porygon-Z|Download|boost
|-boost|p2a: Porygon-Z|spa|1
|move|p1a: Raging Bolt|Thunderbolt|p2a: Porygon-Z
|-damage|p2a: Porygon-Z|0 fnt
|faint|p2a: Porygon-Z
|
|upkeep
|
|t:|1760866917
|switch|p2a: Salamence|Salamence, F|100/100
|-ability|p2a: Salamence|Intimidate|boost
|-unboost|p1a: Raging Bolt|atk|1
|turn|22
|
|t:|1760866931
|-end|p1a: Raging Bolt|Protosynthesis|[silent]
|switch|p1a: Hoopa|Hoopa-Unbound|100/100
|move|p2a: Salamence|Hurricane|p1a: Hoopa
|-damage|p1a: Hoopa|30/100
|
|upkeep
|turn|23
|
|t:|1760866944
|move|p2a: Salamence|Hurricane|p1a: Hoopa
|-damage|p1a: Hoopa|0 fnt
|faint|p1a: Hoopa
|
|upkeep
|
|t:|1760866950
|switch|p1a: Great Tusk|Great Tusk|93/100
|turn|24
|
|t:|1760866954
|-terastallize|p1a: Great Tusk|Ground
|move|p1a: Great Tusk|Ice Spinner|p2a: Salamence
|-supereffective|p2a: Salamence
|-damage|p2a: Salamence|0 fnt
|faint|p2a: Salamence
|
|upkeep
|
|t:|1760866961
|switch|p2a: Skarmory|Skarmory, F|100/100
|turn|25
|
|t:|1760866972
|move|p1a: Great Tusk|Ice Spinner|p2a: Skarmory
|-damage|p2a: Skarmory|77/100
|-ability|p2a: Skarmory|Weak Armor|boost
|-unboost|p2a: Skarmory|def|1
|-boost|p2a: Skarmory|spe|2
|move|p2a: Skarmory|Drill Run|p1a: Great Tusk
|-damage|p1a: Great Tusk|75/100
|
|upkeep
|turn|26
|
|t:|1760866981
|move|p1a: Great Tusk|Ice Spinner|p2a: Skarmory
|-damage|p2a: Skarmory|39/100
|-ability|p2a: Skarmory|Weak Armor|boost
|-unboost|p2a: Skarmory|def|1
|-boost|p2a: Skarmory|spe|2
|move|p2a: Skarmory|Swords Dance|p2a: Skarmory
|-boost|p2a: Skarmory|atk|2
|
|upkeep
|turn|27
|
|t:|1760866990
|move|p2a: Skarmory|Brave Bird|p1a: Great Tusk
|-damage|p1a: Great Tusk|7/100
|-damage|p2a: Skarmory|11/100|[from] Recoil
|move|p1a: Great Tusk|Ice Spinner|p2a: Skarmory
|-damage|p2a: Skarmory|0 fnt
|faint|p2a: Skarmory
|
|win|WingedOnion
|raw|WingedOnion's rating: 1508 &rarr; <strong>1531</strong><br />(+23 for winning)
|raw|kinsword's rating: 1552 &rarr; <strong>1529</strong><br />(-23 for losing)
|l|☆WingedOnion
|player|p1|
|l|☆kinsword
|player|p2|
