|j|☆151htyrneh
|j|☆G1 Forever
|t:|1760865660
|gametype|singles
|player|p1|151htyrneh|wallace|1712
|player|p2|G1 Forever|unknown|1658
|gen|9
|tier|[Gen 9] OU
|rated|
|rule|HP Percentage Mod: HP is shown in percentages
|rule|Endless Battle Clause: Forcing endless battles is banned
|rule|Species Clause: Limit one of each Pokémon
|rule|OHKO Clause: OHKO moves are banned
|rule|Evasion Items Clause: Evasion items are banned
|rule|Evasion Moves Clause: Evasion moves are banned
|rule|Evasion Abilities Clause: Evasion abilities are banned
|rule|Sleep Moves Clause: Sleep-inducing moves are banned
|clearpoke
|poke|p1|Zapdos|
|poke|p1|Iron Valiant|
|poke|p1|Great Tusk|
|poke|p1|Alomomola, M|
|poke|p1|Slowking-Galar, F|
|poke|p1|Cinderace, M|
|poke|p2|Darkrai|
|poke|p2|Ogerpon-Wellspring, F|
|poke|p2|Garchomp, M|
|poke|p2|Clefable, M|
|poke|p2|Pecharunt|
|poke|p2|Iron Crown|
|teampreview
|inactive|Battle timer is ON: inactive players will automatically lose when time's up. (requested by 151htyrneh)
|
|t:|1760865675
|teamsize|p1|6
|teamsize|p2|6
|start
|switch|p1a: Iron Valiant|Iron Valiant|100/100
|switch|p2a: Darkrai|Darkrai|100/100
|turn|1
|
|t:|1760865681
|switch|p2a: Iron Crown|Iron Crown|100/100
|-end|p1a: Iron Valiant|Quark Drive|[silent]
|switch|p1a: Alomomola|Alomomola, M|100/100
|
|upkeep
|turn|2
|
|t:|1760865687
|move|p2a: Iron Crown|Volt Switch|p1a: Alomomola
|-supereffective|p1a: Alomomola
|-damage|p1a: Alomomola|79/100
|
|t:|1760865690
|-end|p2a: Iron Crown|Quark Drive|[silent]
|switch|p2a: Ogerpon|Ogerpon-Wellspring, F|100/100|[from] Volt Switch
|move|p1a: Alomomola|Mirror Coat|p2a: Ogerpon
|-damage|p2a: Ogerpon|23/100
|
|upkeep
|turn|3
|
|t:|1760865696
|switch|p1a: Zapdos|Zapdos|100/100
|move|p2a: Ogerpon|Knock Off|p1a: Zapdos
|-damage|p1a: Zapdos|75/100
|-damage|p2a: Ogerpon|7/100|[from] item: Rocky Helmet|[of] p1a: Zapdos
|-enditem|p1a: Zapdos|Rocky Helmet|[from] move: Knock Off|[of] p2a: Ogerpon
|
|upkeep
|turn|4
|
|t:|1760865710
|switch|p2a: Garchomp|Garchomp, M|100/100
|move|p1a: Zapdos|Volt Switch|p2a: Garchomp
|-immune|p2a: Garchomp
|
|upkeep
|turn|5
|
|t:|1760865715
|move|p2a: Garchomp|Stealth Rock|p1a: Zapdos
|-sidestart|p1: 151htyrneh|move: Stealth Rock
|move|p1a: Zapdos|Hurricane|p2a: Garchomp|[miss]
|-miss|p1a: Zapdos|p2a: Garchomp
|
|upkeep
|turn|6
|
|t:|1760865721
|switch|p2a: Iron Crown|Iron Crown|100/100
|move|p1a: Zapdos|Hurricane|p2a: Iron Crown
|-resisted|p2a: Iron Crown
|-crit|p2a: Iron Crown
|-damage|p2a: Iron Crown|68/100
|
|upkeep
|turn|7
|
|t:|1760865728
|switch|p1a: Alomomola|Alomomola, M|100/100
|-damage|p1a: Alomomola|88/100|[from] Stealth Rock
|move|p2a: Iron Crown|Psyshock|p1a: Alomomola
|-damage|p1a: Alomomola|57/100
|
|upkeep
|turn|8
|
|t:|1760865736
|-end|p2a: Iron Crown|Quark Drive|[silent]
|switch|p2a: Ogerpon|Ogerpon-Wellspring, F|7/100
|move|p1a: Alomomola|Mirror Coat||[still]
|-fail|p1a: Alomomola
|
|upkeep
|turn|9
|
|t:|1760865747
|switch|p1a: Zapdos|Zapdos|75/100
|-damage|p1a: Zapdos|50/100|[from] Stealth Rock
|move|p2a: Ogerpon|Horn Leech|p1a: Zapdos
|-resisted|p1a: Zapdos
|-crit|p1a: Zapdos
|-damage|p1a: Zapdos|27/100
|-heal|p2a: Ogerpon|21/100|[from] drain|[of] p1a: Zapdos
|
|upkeep
|turn|10
|
|t:|1760865758
|switch|p1a: Iron Valiant|Iron Valiant|100/100
|-damage|p1a: Iron Valiant|94/100|[from] Stealth Rock
|move|p2a: Ogerpon|Ivy Cudgel|p1a: Iron Valiant|[anim] Ivy Cudgel Water
|-damage|p1a: Iron Valiant|19/100
|
|upkeep
|turn|11
|
|t:|1760865768
|-end|p1a: Iron Valiant|Quark Drive|[silent]
|switch|p1a: Zapdos|Zapdos|27/100
|-damage|p1a: Zapdos|2/100|[from] Stealth Rock
|switch|p2a: Iron Crown|Iron Crown|68/100
|
|upkeep
|turn|12
|
|t:|1760865775
|switch|p1a: Great Tusk|Great Tusk|100/100
|-damage|p1a: Great Tusk|98/100|[from] Stealth Rock
|move|p2a: Iron Crown|Volt Switch|p1a: Great Tusk
|-immune|p1a: Great Tusk
|
|upkeep
|turn|13
|
|t:|1760865782
|-end|p2a: Iron Crown|Quark Drive|[silent]
|switch|p2a: Pecharunt|Pecharunt|100/100
|-item|p2a: Pecharunt|Air Balloon
|move|p1a: Great Tusk|Headlong Rush|p2a: Pecharunt
|-immune|p2a: Pecharunt
|
|upkeep
|turn|14
|
|t:|1760865789
|-end|p1a: Great Tusk|Protosynthesis|[silent]
|switch|p1a: Alomomola|Alomomola, M|90/100
|-damage|p1a: Alomomola|78/100|[from] Stealth Rock
|move|p2a: Pecharunt|Malignant Chain|p1a: Alomomola
|-damage|p1a: Alomomola|63/100
|
|upkeep
|turn|15
|
|t:|1760865796
|move|p2a: Pecharunt|Parting Shot|p1a: Alomomola
|-unboost|p1a: Alomomola|atk|1
|-unboost|p1a: Alomomola|spa|1
|
|t:|1760865799
|switch|p2a: Ogerpon|Ogerpon-Wellspring, F|21/100|[from] Parting Shot
|move|p1a: Alomomola|Body Slam|p2a: Ogerpon
|-damage|p2a: Ogerpon|8/100
|
|upkeep
|turn|16
|
|t:|1760865805
|switch|p1a: Zapdos|Zapdos|2/100
|-damage|p1a: Zapdos|0 fnt|[from] Stealth Rock
|faint|p1a: Zapdos
|move|p2a: Ogerpon|Horn Leech|p1: Zapdos|[notarget]
|-fail|p2a: Ogerpon
|
|upkeep
|
|t:|1760865807
|switch|p1a: Cinderace|Cinderace, M|100/100
|turn|17
|
|t:|1760865813
|move|p1a: Cinderace|Court Change|p1a: Cinderace
|-swapsideconditions
|-activate|p1a: Cinderace|move: Court Change
|move|p2a: Ogerpon|Ivy Cudgel|p1a: Cinderace|[anim] Ivy Cudgel Water
|-supereffective|p1a: Cinderace
|-damage|p1a: Cinderace|0 fnt
|faint|p1a: Cinderace
|
|upkeep
|
|t:|1760865815
|switch|p1a: Great Tusk|Great Tusk|98/100
|turn|18
|
|t:|1760865821
|move|p1a: Great Tusk|Knock Off|p2a: Ogerpon
|-damage|p2a: Ogerpon|0 fnt
|faint|p2a: Ogerpon
|
|upkeep
|
|t:|1760865832
|switch|p2a: Garchomp|Garchomp, M|100/100
|-damage|p2a: Garchomp|94/100|[from] Stealth Rock
|turn|19
|
|t:|1760865835
|-end|p1a: Great Tusk|Protosynthesis|[silent]
|switch|p1a: Slowking|Slowking-Galar, F|100/100
|move|p2a: Garchomp|Stealth Rock|p1a: Slowking
|-sidestart|p1: 151htyrneh|move: Stealth Rock
|
|upkeep
|turn|20
|
|t:|1760865840
|move|p2a: Garchomp|Earthquake|p1a: Slowking
|-supereffective|p1a: Slowking
|-enditem|p1a: Slowking|Shuca Berry|[eat]
|-enditem|p1a: Slowking|Shuca Berry|[weaken]
|-damage|p1a: Slowking|68/100
|move|p1a: Slowking|Ice Beam|p2a: Garchomp
|-supereffective|p2a: Garchomp
|-damage|p2a: Garchomp|5/100
|
|upkeep
|turn|21
|
|t:|1760865847
|switch|p1a: Great Tusk|Great Tusk|98/100
|-damage|p1a: Great Tusk|95/100|[from] Stealth Rock
|move|p2a: Garchomp|Earthquake|p1a: Great Tusk
|-damage|p1a: Great Tusk|65/100
|
|upkeep
|turn|22
|
|t:|1760865857
|switch|p2a: Pecharunt|Pecharunt|100/100
|-damage|p2a: Pecharunt|88/100|[from] Stealth Rock
|-item|p2a: Pecharunt|Air Balloon
|move|p1a: Great Tusk|Rapid Spin|p2a: Pecharunt
|-immune|p2a: Pecharunt
|
|upkeep
|turn|23
|
|t:|1760865866
|-end|p1a: Great Tusk|Protosynthesis|[silent]
|switch|p1a: Alomomola|Alomomola, M|97/100
|-damage|p1a: Alomomola|84/100|[from] Stealth Rock
|move|p2a: Pecharunt|Parting Shot|p1a: Alomomola
|-unboost|p1a: Alomomola|atk|1
|-unboost|p1a: Alomomola|spa|1
|
|t:|1760865876
|switch|p2a: Darkrai|Darkrai|100/100|[from] Parting Shot
|-damage|p2a: Darkrai|88/100|[from] Stealth Rock
|
|-heal|p2a: Darkrai|94/100|[from] item: Leftovers
|upkeep
|turn|24
|
|t:|1760865883
|move|p2a: Darkrai|Substitute|p2a: Darkrai
|-start|p2a: Darkrai|Substitute
|-damage|p2a: Darkrai|70/100
|move|p1a: Alomomola|Flip Turn|p2a: Darkrai
|-activate|p2a: Darkrai|move: Substitute|[damage]
|
|t:|1760865887
|switch|p1a: Great Tusk|Great Tusk|65/100|[from] Flip Turn
|-damage|p1a: Great Tusk|62/100|[from] Stealth Rock
|
|-heal|p2a: Darkrai|76/100|[from] item: Leftovers
|upkeep
|turn|25
|
|t:|1760865898
|-end|p1a: Great Tusk|Protosynthesis|[silent]
|switch|p1a: Alomomola|Alomomola, M|100/100
|-damage|p1a: Alomomola|88/100|[from] Stealth Rock
|-terastallize|p2a: Darkrai|Ghost
|move|p2a: Darkrai|Will-O-Wisp|p1a: Alomomola
|-status|p1a: Alomomola|brn
|
|-heal|p2a: Darkrai|82/100|[from] item: Leftovers
|-damage|p1a: Alomomola|82/100 brn|[from] brn
|upkeep
|turn|26
|j| GavilarKholin
|
|t:|1760865908
|move|p2a: Darkrai|Dark Pulse|p1a: Alomomola
|-damage|p1a: Alomomola|62/100 brn
|move|p1a: Alomomola|Flip Turn|p2a: Darkrai
|-activate|p2a: Darkrai|move: Substitute|[damage]
|
|t:|1760865914
|switch|p1a: Great Tusk|Great Tusk|62/100|[from] Flip Turn
|-damage|p1a: Great Tusk|59/100|[from] Stealth Rock
|
|-heal|p2a: Darkrai|88/100|[from] item: Leftovers
|upkeep
|turn|27
|
|t:|1760865920
|-end|p1a: Great Tusk|Protosynthesis|[silent]
|switch|p1a: Alomomola|Alomomola, M|95/100 brn
|-damage|p1a: Alomomola|82/100 brn|[from] Stealth Rock
|move|p2a: Darkrai|Dark Pulse|p1a: Alomomola
|-damage|p1a: Alomomola|65/100 brn
|
|-heal|p2a: Darkrai|94/100|[from] item: Leftovers
|-damage|p1a: Alomomola|59/100 brn|[from] brn
|upkeep
|turn|28
|
|t:|1760865929
|move|p2a: Darkrai|Taunt|p1a: Alomomola
|-start|p1a: Alomomola|move: Taunt
|move|p1a: Alomomola|Flip Turn|p2a: Darkrai
|-end|p2a: Darkrai|Substitute
|
|t:|1760865936
|switch|p1a: Great Tusk|Great Tusk|59/100|[from] Flip Turn
|-damage|p1a: Great Tusk|56/100|[from] Stealth Rock
|
|-heal|p2a: Darkrai|100/100|[from] item: Leftovers
|upkeep
|turn|29
|
|t:|1760865942
|-terastallize|p1a: Great Tusk|Ground
|move|p1a: Great Tusk|Headlong Rush|p2a: Darkrai
|-damage|p2a: Darkrai|2/100
|-unboost|p1a: Great Tusk|def|1
|-unboost|p1a: Great Tusk|spd|1
|move|p2a: Darkrai|Will-O-Wisp|p1a: Great Tusk|[miss]
|-miss|p2a: Darkrai|p1a: Great Tusk
|
|-heal|p2a: Darkrai|8/100|[from] item: Leftovers
|upkeep
|turn|30
|
|t:|1760865953
|switch|p2a: Garchomp|Garchomp, M|5/100
|-damage|p2a: Garchomp|0 fnt|[from] Stealth Rock
|faint|p2a: Garchomp
|move|p1a: Great Tusk|Headlong Rush|p2: Garchomp|[notarget]
|-fail|p1a: Great Tusk
|
|upkeep
|
|t:|1760865971
|switch|p2a: Pecharunt|Pecharunt|88/100
|-damage|p2a: Pecharunt|76/100|[from] Stealth Rock
|-item|p2a: Pecharunt|Air Balloon
|turn|31
|
|t:|1760865977
|-end|p1a: Great Tusk|Protosynthesis|[silent]
|switch|p1a: Slowking|Slowking-Galar, F|100/100
|-damage|p1a: Slowking|88/100|[from] Stealth Rock
|move|p2a: Pecharunt|Malignant Chain|p1a: Slowking
|-resisted|p1a: Slowking
|-damage|p1a: Slowking|76/100
|
|upkeep
|turn|32
|
|t:|1760865984
|move|p2a: Pecharunt|Hex|p1a: Slowking
|-supereffective|p1a: Slowking
|-damage|p1a: Slowking|42/100
|move|p1a: Slowking|Ice Beam|p2a: Pecharunt
|-damage|p2a: Pecharunt|52/100
|-enditem|p2a: Pecharunt|Air Balloon
|
|upkeep
|turn|33
|
|t:|1760865991
|move|p2a: Pecharunt|Hex|p1a: Slowking
|-supereffective|p1a: Slowking
|-damage|p1a: Slowking|11/100
|move|p1a: Slowking|Future Sight|p2a: Pecharunt
|-start|p1a: Slowking|move: Future Sight
|
|upkeep
|turn|34
|
|t:|1760865996
|switch|p1a: Great Tusk|Great Tusk, tera:Ground|56/100
|-damage|p1a: Great Tusk|50/100|[from] Stealth Rock
|move|p2a: Pecharunt|Malignant Chain|p1a: Great Tusk
|-resisted|p1a: Great Tusk
|-damage|p1a: Great Tusk|26/100
|
|upkeep
|turn|35
|
|t:|1760866009
|move|p1a: Great Tusk|Rapid Spin|p2a: Pecharunt
|-immune|p2a: Pecharunt
|move|p2a: Pecharunt|Malignant Chain|p1a: Great Tusk
|-resisted|p1a: Great Tusk
|-damage|p1a: Great Tusk|2/100
|-status|p1a: Great Tusk|tox
|-start|p1a: Great Tusk|confusion|[from] ability: Poison Puppeteer|[of] p2a: Pecharunt
|
|-end|p2a: Pecharunt|move: Future Sight
|-supereffective|p2a: Pecharunt
|-damage|p2a: Pecharunt|0 fnt
|faint|p2a: Pecharunt
|-damage|p1a: Great Tusk|0 fnt|[from] psn
|faint|p1a: Great Tusk
|-end|p1a: Great Tusk|Protosynthesis|[silent]
|upkeep
|
|t:|1760866028
|switch|p1a: Slowking|Slowking-Galar, F|45/100
|switch|p2a: Iron Crown|Iron Crown|68/100
|-damage|p2a: Iron Crown|62/100|[from] Stealth Rock
|-damage|p1a: Slowking|32/100|[from] Stealth Rock
|turn|36
|
|t:|1760866041
|switch|p1a: Alomomola|Alomomola, M|92/100 brn
|-damage|p1a: Alomomola|80/100 brn|[from] Stealth Rock
|move|p2a: Iron Crown|Psyshock|p1a: Alomomola
|-damage|p1a: Alomomola|50/100 brn
|
|-damage|p1a: Alomomola|44/100 brn|[from] brn
|upkeep
|turn|37
|
|t:|1760866048
|move|p2a: Iron Crown|Psyshock|p1a: Alomomola
|-damage|p1a: Alomomola|12/100 brn
|move|p1a: Alomomola|Mirror Coat|p2a: Iron Crown
|-damage|p2a: Iron Crown|0 fnt
|faint|p2a: Iron Crown
|-end|p2a: Iron Crown|Quark Drive|[silent]
|
|-damage|p1a: Alomomola|6/100 brn|[from] brn
|upkeep
|
|t:|1760866055
|switch|p2a: Clefable|Clefable, M|100/100
|-damage|p2a: Clefable|88/100|[from] Stealth Rock
|turn|38
|
|t:|1760866059
|switch|p1a: Slowking|Slowking-Galar, F|66/100
|-damage|p1a: Slowking|53/100|[from] Stealth Rock
|move|p2a: Clefable|Calm Mind|p2a: Clefable
|-boost|p2a: Clefable|spa|1
|-boost|p2a: Clefable|spd|1
|
|-heal|p2a: Clefable|94/100|[from] item: Leftovers
|upkeep
|turn|39
|l| GavilarKholin
|
|t:|1760866067
|move|p2a: Clefable|Calm Mind|p2a: Clefable
|-boost|p2a: Clefable|spa|1
|-boost|p2a: Clefable|spd|1
|move|p1a: Slowking|Sludge Bomb|p2a: Clefable
|-supereffective|p2a: Clefable
|-damage|p2a: Clefable|64/100
|
|-heal|p2a: Clefable|70/100|[from] item: Leftovers
|upkeep
|turn|40
|
|t:|1760866074
|move|p2a: Clefable|Calm Mind|p2a: Clefable
|-boost|p2a: Clefable|spa|1
|-boost|p2a: Clefable|spd|1
|move|p1a: Slowking|Sludge Bomb|p2a: Clefable
|-supereffective|p2a: Clefable
|-damage|p2a: Clefable|45/100
|-status|p2a: Clefable|psn
|
|-heal|p2a: Clefable|52/100 psn|[from] item: Leftovers
|-damage|p2a: Clefable|39/100 psn|[from] psn
|upkeep
|turn|41
|
|t:|1760866083
|switch|p1a: Iron Valiant|Iron Valiant|19/100
|-damage|p1a: Iron Valiant|13/100|[from] Stealth Rock
|move|p2a: Clefable|Moonlight|p2a: Clefable
|-heal|p2a: Clefable|89/100 psn
|
|-heal|p2a: Clefable|95/100 psn|[from] item: Leftovers
|-damage|p2a: Clefable|83/100 psn|[from] psn
|upkeep
|turn|42
|
|t:|1760866092
|move|p1a: Iron Valiant|Spirit Break|p2a: Clefable
|-damage|p2a: Clefable|36/100 psn
|-unboost|p2a: Clefable|spa|1
|move|p2a: Clefable|Moonblast|p1a: Iron Valiant
|-supereffective|p1a: Iron Valiant
|-damage|p1a: Iron Valiant|0 fnt
|faint|p1a: Iron Valiant
|-end|p1a: Iron Valiant|Quark Drive|[silent]
|
|-heal|p2a: Clefable|42/100 psn|[from] item: Leftovers
|-damage|p2a: Clefable|30/100 psn|[from] psn
|upkeep
|
|t:|1760866095
|switch|p1a: Alomomola|Alomomola, M|39/100 brn
|-damage|p1a: Alomomola|27/100 brn|[from] Stealth Rock
|turn|43
|
|t:|1760866105
|switch|p1a: Slowking|Slowking-Galar, F|87/100
|-damage|p1a: Slowking|74/100|[from] Stealth Rock
|move|p2a: Clefable|Moonlight|p2a: Clefable
|-heal|p2a: Clefable|80/100 psn
|
|-heal|p2a: Clefable|86/100 psn|[from] item: Leftovers
|-damage|p2a: Clefable|74/100 psn|[from] psn
|upkeep
|turn|44
|
|t:|1760866115
|move|p2a: Clefable|Calm Mind|p2a: Clefable
|-boost|p2a: Clefable|spa|1
|-boost|p2a: Clefable|spd|1
|move|p1a: Slowking|Sludge Bomb|p2a: Clefable
|-supereffective|p2a: Clefable
|-damage|p2a: Clefable|51/100 psn
|
|-heal|p2a: Clefable|57/100 psn|[from] item: Leftovers
|-damage|p2a: Clefable|44/100 psn|[from] psn
|upkeep
|turn|45
|
|t:|1760866123
|switch|p1a: Alomomola|Alomomola, M|60/100 brn
|-damage|p1a: Alomomola|48/100 brn|[from] Stealth Rock
|move|p2a: Clefable|Moonlight|p2a: Clefable
|-heal|p2a: Clefable|94/100 psn
|
|-heal|p2a: Clefable|100/100 psn|[from] item: Leftovers
|-damage|p2a: Clefable|88/100 psn|[from] psn
|-damage|p1a: Alomomola|41/100 brn|[from] brn
|upkeep
|turn|46
|
|t:|1760866133
|switch|p1a: Slowking|Slowking-Galar, F|100/100
|-damage|p1a: Slowking|88/100|[from] Stealth Rock
|move|p2a: Clefable|Moonblast|p1a: Slowking
|-resisted|p1a: Slowking
|-damage|p1a: Slowking|59/100
|
|-heal|p2a: Clefable|94/100 psn|[from] item: Leftovers
|-damage|p2a: Clefable|82/100 psn|[from] psn
|upkeep
|turn|47
|
|t:|1760866143
|move|p2a: Clefable|Calm Mind|p2a: Clefable
|-boost|p2a: Clefable|spa|1
|-boost|p2a: Clefable|spd|1
|move|p1a: Slowking|Sludge Bomb|p2a: Clefable
|-supereffective|p2a: Clefable
|-damage|p2a: Clefable|62/100 psn
|
|-heal|p2a: Clefable|68/100 psn|[from] item: Leftovers
|-damage|p2a: Clefable|56/100 psn|[from] psn
|upkeep
|turn|48
|
|t:|1760866151
|move|p2a: Clefable|Calm Mind|p2a: Clefable
|-boost|p2a: Clefable|spa|1
|-boost|p2a: Clefable|spd|1
|-prepare|p1a: Slowking|Chilly Reception|[premajor]
|move|p1a: Slowking|Chilly Reception|p1a: Slowking
|-weather|Snowscape
|
|t:|1760866152
|switch|p1a: Alomomola|Alomomola, M|75/100 brn|[from] Chilly Reception
|-damage|p1a: Alomomola|62/100 brn|[from] Stealth Rock
|
|-weather|Snowscape|[upkeep]
|-heal|p2a: Clefable|62/100 psn|[from] item: Leftovers
|-damage|p2a: Clefable|49/100 psn|[from] psn
|-damage|p1a: Alomomola|56/100 brn|[from] brn
|upkeep
|turn|49
|
|t:|1760866165
|switch|p1a: Slowking|Slowking-Galar, F|92/100
|-damage|p1a: Slowking|80/100|[from] Stealth Rock
|move|p2a: Clefable|Moonblast|p1a: Slowking
|-resisted|p1a: Slowking
|-damage|p1a: Slowking|34/100
|
|-weather|Snowscape|[upkeep]
|-heal|p2a: Clefable|55/100 psn|[from] item: Leftovers
|-damage|p2a: Clefable|43/100 psn|[from] psn
|upkeep
|turn|50
|j| wgw2333
|
|t:|1760866175
|move|p2a: Clefable|Moonblast|p1a: Slowking
|-resisted|p1a: Slowking
|-damage|p1a: Slowking|0 fnt
|faint|p1a: Slowking
|
|-weather|Snowscape|[upkeep]
|-heal|p2a: Clefable|49/100 psn|[from] item: Leftovers
|-damage|p2a: Clefable|37/100 psn|[from] psn
|upkeep
|
|t:|1760866176
|switch|p1a: Alomomola|Alomomola, M|89/100 brn
|-damage|p1a: Alomomola|77/100 brn|[from] Stealth Rock
|turn|51
|j| EmpyreanGX
|
|t:|1760866184
|move|p2a: Clefable|Moonblast|p1a: Alomomola
|-damage|p1a: Alomomola|25/100 brn
|move|p1a: Alomomola|Mirror Coat|p2a: Clefable
|-damage|p2a: Clefable|0 fnt
|faint|p2a: Clefable
|
|-weather|Snowscape|[upkeep]
|-damage|p1a: Alomomola|19/100 brn|[from] brn
|upkeep
|
|t:|1760866191
|switch|p2a: Darkrai|Darkrai, tera:Ghost|8/100
|-damage|p2a: Darkrai|0 fnt|[from] Stealth Rock
|faint|p2a: Darkrai
|
|win|151htyrneh
|raw|151htyrneh's rating: 1712 &rarr; <strong>1729</strong><br />(+17 for winning)
|raw|G1 Forever's rating: 1658 &rarr; <strong>1641</strong><br />(-17 for losing)
|c|☆151htyrneh|My goat av mola
|c|☆G1 Forever|gg
|l|☆G1 Forever
|player|p2|
|c|☆151htyrneh|Gys
|c|☆151htyrneh|Ggs
|l| EmpyreanGX
|l| wgw2333
