|j|☆ponvhitoooo
|j|☆daughterofcain
|t:|1760731553
|gametype|singles
|player|p1|ponvhitoooo|2|1338
|player|p2|daughterofcain|lady|1353
|gen|9
|tier|[Gen 9] OU
|rated|
|rule|HP Percentage Mod: HP is shown in percentages
|rule|Endless Battle Clause: Forcing endless battles is banned
|rule|Species Clause: Limit one of each Pokémon
|rule|OHKO Clause: OHKO moves are banned
|rule|Evasion Items Clause: Evasion items are banned
|rule|Evasion Moves Clause: Evasion moves are banned
|rule|Evasion Abilities Clause: Evasion abilities are banned
|rule|Sleep Moves Clause: Sleep-inducing moves are banned
|clearpoke
|poke|p1|Meloetta|
|poke|p1|Landorus-Therian, M|
|poke|p1|Mandibuzz, F|
|poke|p1|Alomomola, M|
|poke|p1|Chandelure, M|
|poke|p1|Conkeldurr, M|
|poke|p2|Ogerpon-Wellspring, F|
|poke|p2|Kingambit, F|
|poke|p2|Landorus-Therian, M|
|poke|p2|Glimmora, F|
|poke|p2|Dragapult, M|
|poke|p2|Iron Valiant|
|teampreview
|inactive|Battle timer is ON: inactive players will automatically lose when time's up. (requested by ponvhitoooo)
|
|t:|1760731575
|teamsize|p1|6
|teamsize|p2|6
|start
|switch|p1a: Landorus|Landorus-Therian, M|100/100
|switch|p2a: Glimmora|Glimmora, F|100/100
|-ability|p1a: Landorus|Intimidate|boost
|-unboost|p2a: Glimmora|atk|1
|turn|1
|
|t:|1760731582
|switch|p2a: Landorus|Landorus-Therian, M|100/100
|-ability|p2a: Landorus|Intimidate|boost
|-unboost|p1a: Landorus|atk|1
|move|p1a: Landorus|Earthquake|p2a: Landorus
|-immune|p2a: Landorus
|
|upkeep
|turn|2
|
|t:|1760731592
|switch|p1a: Mandibuzz|Mandibuzz, F|100/100
|move|p2a: Landorus|Taunt|p1a: Mandibuzz
|-start|p1a: Mandibuzz|move: Taunt
|
|upkeep
|turn|3
|
|t:|1760731597
|move|p2a: Landorus|Stealth Rock|p1a: Mandibuzz
|-sidestart|p1: ponvhitoooo|move: Stealth Rock
|move|p1a: Mandibuzz|Foul Play|p2a: Landorus
|-damage|p2a: Landorus|60/100
|-damage|p1a: Mandibuzz|84/100|[from] item: Rocky Helmet|[of] p2a: Landorus
|
|upkeep
|turn|4
|
|t:|1760731602
|move|p2a: Landorus|U-turn|p1a: Mandibuzz
|-damage|p1a: Mandibuzz|67/100
|
|t:|1760731604
|switch|p2a: Glimmora|Glimmora, F|100/100|[from] U-turn
|move|p1a: Mandibuzz|Foul Play|p2a: Glimmora
|-damage|p2a: Glimmora|80/100
|-activate|p2a: Glimmora|ability: Toxic Debris
|-sidestart|p1: ponvhitoooo|move: Toxic Spikes
|
|-end|p1a: Mandibuzz|move: Taunt
|upkeep
|turn|5
|
|t:|1760731613
|switch|p1a: Conkeldurr|Conkeldurr, M|100/100
|-damage|p1a: Conkeldurr|94/100|[from] Stealth Rock
|-status|p1a: Conkeldurr|psn
|move|p2a: Glimmora|Meteor Beam||[still]
|-prepare|p2a: Glimmora|Meteor Beam
|-boost|p2a: Glimmora|spa|1
|-enditem|p2a: Glimmora|Power Herb
|-anim|p2a: Glimmora|Meteor Beam|p1a: Conkeldurr
|-resisted|p1a: Conkeldurr
|-damage|p1a: Conkeldurr|33/100 psn
|
|-damage|p1a: Conkeldurr|21/100 psn|[from] psn
|upkeep
|turn|6
|
|t:|1760731626
|move|p1a: Conkeldurr|Mach Punch|p2a: Glimmora
|-crit|p2a: Glimmora
|-damage|p2a: Glimmora|19/100
|-activate|p2a: Glimmora|ability: Toxic Debris
|-sidestart|p1: ponvhitoooo|move: Toxic Spikes
|move|p2a: Glimmora|Earth Power|p1a: Conkeldurr
|-damage|p1a: Conkeldurr|0 fnt
|faint|p1a: Conkeldurr
|
|upkeep
|
|t:|1760731643
|switch|p1a: Meloetta|Meloetta|100/100
|-damage|p1a: Meloetta|88/100|[from] Stealth Rock
|-status|p1a: Meloetta|tox
|turn|7
|
|t:|1760731649
|switch|p2a: Landorus|Landorus-Therian, M|60/100
|-ability|p2a: Landorus|Intimidate|boost
|-unboost|p1a: Meloetta|atk|1
|move|p1a: Meloetta|Psychic|p2a: Landorus
|-damage|p2a: Landorus|2/100
|-unboost|p2a: Landorus|spd|1
|
|-damage|p1a: Meloetta|82/100 tox|[from] psn
|upkeep
|turn|8
|
|t:|1760731659
|switch|p1a: Landorus|Landorus-Therian, M|100/100
|-damage|p1a: Landorus|88/100|[from] Stealth Rock
|-ability|p1a: Landorus|Intimidate|boost
|-unboost|p2a: Landorus|atk|1
|move|p2a: Landorus|Earthquake|p1a: Landorus
|-immune|p1a: Landorus
|
|upkeep
|turn|9
|
|t:|1760731669
|move|p2a: Landorus|Taunt|p1a: Landorus
|-start|p1a: Landorus|move: Taunt
|move|p1a: Landorus|U-turn|p2a: Landorus
|-resisted|p2a: Landorus
|-damage|p2a: Landorus|0 fnt
|-damage|p1a: Landorus|71/100|[from] item: Rocky Helmet|[of] p2a: Landorus
|faint|p2a: Landorus
|
|t:|1760731679
|switch|p1a: Mandibuzz|Mandibuzz, F|67/100|[from] U-turn
|
|upkeep
|
|t:|1760731687
|switch|p2a: Dragapult|Dragapult, M|100/100
|turn|10
|
|t:|1760731695
|-terastallize|p1a: Mandibuzz|Fairy
|move|p2a: Dragapult|Draco Meteor|p1a: Mandibuzz
|-immune|p1a: Mandibuzz
|move|p1a: Mandibuzz|Defog|p2a: Dragapult
|-fail|p2a: Dragapult|unboost|[from] ability: Clear Body|[of] p2a: Dragapult
|-sideend|p1: ponvhitoooo|Toxic Spikes|[from] move: Defog|[of] p1a: Mandibuzz
|-sideend|p1: ponvhitoooo|Stealth Rock|[from] move: Defog|[of] p1a: Mandibuzz
|
|upkeep
|turn|11
|
|t:|1760731703
|switch|p2a: Glimmora|Glimmora, F|19/100
|move|p1a: Mandibuzz|Toxic|p2a: Glimmora
|-immune|p2a: Glimmora
|
|upkeep
|turn|12
|
|t:|1760731709
|switch|p1a: Meloetta|Meloetta|82/100 tox
|move|p2a: Glimmora|Spikes|p1a: Meloetta
|-sidestart|p1: ponvhitoooo|Spikes
|
|-damage|p1a: Meloetta|76/100 tox|[from] psn
|upkeep
|turn|13
|
|t:|1760731719
|move|p2a: Glimmora|Spikes|p1a: Meloetta
|-sidestart|p1: ponvhitoooo|Spikes
|move|p1a: Meloetta|Thunderbolt|p2a: Glimmora
|-damage|p2a: Glimmora|0 fnt
|faint|p2a: Glimmora
|
|-damage|p1a: Meloetta|64/100 tox|[from] psn
|upkeep
|
|t:|1760731727
|switch|p2a: Dragapult|Dragapult, M|100/100
|turn|14
|
|t:|1760731750
|move|p2a: Dragapult|U-turn|p1a: Meloetta
|-supereffective|p1a: Meloetta
|-damage|p1a: Meloetta|22/100 tox
|
|t:|1760731757
|switch|p2a: Kingambit|Kingambit, F|100/100|[from] U-turn
|-activate|p2a: Kingambit|ability: Supreme Overlord
|-start|p2a: Kingambit|fallen2|[silent]
|move|p1a: Meloetta|Shadow Ball|p2a: Kingambit
|-resisted|p2a: Kingambit
|-damage|p2a: Kingambit|87/100
|-unboost|p2a: Kingambit|spd|1
|
|-heal|p2a: Kingambit|93/100|[from] item: Leftovers
|-damage|p1a: Meloetta|4/100 tox|[from] psn
|upkeep
|turn|15
|
|t:|1760731768
|move|p2a: Kingambit|Sucker Punch|p1a: Meloetta
|-supereffective|p1a: Meloetta
|-damage|p1a: Meloetta|0 fnt
|faint|p1a: Meloetta
|
|-heal|p2a: Kingambit|99/100|[from] item: Leftovers
|upkeep
|
|t:|1760731777
|switch|p1a: Landorus|Landorus-Therian, M|71/100
|-ability|p1a: Landorus|Intimidate|boost
|-unboost|p2a: Kingambit|atk|1
|turn|16
|
|t:|1760731791
|-end|p2a: Kingambit|fallen2|[silent]
|switch|p2a: Ogerpon|Ogerpon-Wellspring, F|100/100
|move|p1a: Landorus|U-turn|p2a: Ogerpon
|-supereffective|p2a: Ogerpon
|-damage|p2a: Ogerpon|0 fnt
|faint|p2a: Ogerpon
|
|t:|1760731798
|switch|p1a: Chandelure|Chandelure, M|100/100|[from] U-turn
|-damage|p1a: Chandelure|84/100|[from] Spikes
|
|upkeep
|
|t:|1760731803
|switch|p2a: Dragapult|Dragapult, M|100/100
|turn|17
|
|t:|1760731807
|switch|p2a: Kingambit|Kingambit, F|99/100
|-activate|p2a: Kingambit|ability: Supreme Overlord
|-start|p2a: Kingambit|fallen3|[silent]
|move|p1a: Chandelure|Shadow Ball|p2a: Kingambit
|-resisted|p2a: Kingambit
|-damage|p2a: Kingambit|78/100
|-unboost|p2a: Kingambit|spd|1
|
|-heal|p2a: Kingambit|84/100|[from] item: Leftovers
|upkeep
|turn|18
|
|t:|1760731818
|switch|p1a: Alomomola|Alomomola, M|100/100
|-damage|p1a: Alomomola|84/100|[from] Spikes
|move|p2a: Kingambit|Swords Dance|p2a: Kingambit
|-boost|p2a: Kingambit|atk|2
|
|-heal|p2a: Kingambit|91/100|[from] item: Leftovers
|upkeep
|turn|19
|
|t:|1760731826
|move|p2a: Kingambit|Kowtow Cleave|p1a: Alomomola
|-damage|p1a: Alomomola|10/100
|-damage|p2a: Kingambit|74/100|[from] item: Rocky Helmet|[of] p1a: Alomomola
|move|p1a: Alomomola|Scald|p2a: Kingambit
|-damage|p2a: Kingambit|55/100
|
|-heal|p2a: Kingambit|61/100|[from] item: Leftovers
|upkeep
|turn|20
|
|t:|1760731835
|switch|p1a: Landorus|Landorus-Therian, M|71/100
|-ability|p1a: Landorus|Intimidate|boost
|-unboost|p2a: Kingambit|atk|1
|move|p2a: Kingambit|Kowtow Cleave|p1a: Landorus
|-damage|p1a: Landorus|0 fnt
|faint|p1a: Landorus
|
|-heal|p2a: Kingambit|67/100|[from] item: Leftovers
|upkeep
|
|t:|1760731849
|switch|p1a: Chandelure|Chandelure, M|84/100
|-damage|p1a: Chandelure|68/100|[from] Spikes
|turn|21
|
|t:|1760731857
|move|p2a: Kingambit|Sucker Punch||[still]
|-fail|p2a: Kingambit
|move|p1a: Chandelure|Trick|p2a: Kingambit
|-activate|p1a: Chandelure|move: Trick|[of] p2a: Kingambit
|-item|p2a: Kingambit|Choice Scarf|[from] move: Trick
|-item|p1a: Chandelure|Leftovers|[from] move: Trick
|
|-heal|p1a: Chandelure|74/100|[from] item: Leftovers
|upkeep
|turn|22
|
|t:|1760731867
|move|p1a: Chandelure|Overheat|p2a: Kingambit
|-supereffective|p2a: Kingambit
|-damage|p2a: Kingambit|0 fnt
|-unboost|p1a: Chandelure|spa|2
|faint|p2a: Kingambit
|-end|p2a: Kingambit|fallen3|[silent]
|
|-heal|p1a: Chandelure|80/100|[from] item: Leftovers
|upkeep
|
|t:|1760731869
|switch|p2a: Dragapult|Dragapult, M|100/100
|turn|23
|
|t:|1760731882
|switch|p1a: Alomomola|Alomomola, M|43/100
|-damage|p1a: Alomomola|26/100|[from] Spikes
|-terastallize|p2a: Dragapult|Ghost
|move|p2a: Dragapult|Shadow Ball|p1a: Alomomola
|-crit|p1a: Alomomola
|-damage|p1a: Alomomola|0 fnt
|faint|p1a: Alomomola
|
|upkeep
|
|t:|1760731894
|switch|p1a: Mandibuzz|Mandibuzz, F, tera:Fairy|67/100
|turn|24
|-message|ponvhitoooo forfeited.
|
|win|daughterofcain
|raw|ponvhitoooo's rating: 1338 &rarr; <strong>1319</strong><br />(-19 for losing)
|raw|daughterofcain's rating: 1353 &rarr; <strong>1372</strong><br />(+19 for winning)
|l|☆ponvhitoooo
|player|p1|
|l|☆daughterofcain
|player|p2|
