|j|☆plolaaa
|j|☆yombotron
|t:|1760776765
|gametype|singles
|player|p1|plolaaa|preschooler|1115
|player|p2|yombotron|pryce|1139
|gen|9
|tier|[Gen 9] OU
|rated|
|rule|HP Percentage Mod: HP is shown in percentages
|rule|Endless Battle Clause: Forcing endless battles is banned
|rule|Species Clause: Limit one of each Pokémon
|rule|OHKO Clause: OHKO moves are banned
|rule|Evasion Items Clause: Evasion items are banned
|rule|Evasion Moves Clause: Evasion moves are banned
|rule|Evasion Abilities Clause: Evasion abilities are banned
|rule|Sleep Moves Clause: Sleep-inducing moves are banned
|clearpoke
|poke|p1|Manaphy|
|poke|p1|Bellossom, M|
|poke|p1|Magmar, M|
|poke|p1|Porygon2|
|poke|p1|Piloswine, F|
|poke|p1|Pelipper, F|
|poke|p2|Salamence, M|
|poke|p2|Iron Moth|
|poke|p2|Barraskewda, F|
|poke|p2|Florges, F|
|poke|p2|Iron Hands|
|poke|p2|Darkrai|
|teampreview
|
|t:|1760776776
|teamsize|p1|6
|teamsize|p2|6
|start
|switch|p1a: Pelipper|Pelipper, F|100/100
|switch|p2a: Florges|Florges, F|100/100
|-weather|RainDance|[from] ability: Drizzle|[of] p1a: Pelipper
|turn|1
|inactive|Battle timer is ON: inactive players will automatically lose when time's up. (requested by plolaaa)
|
|t:|1760776784
|move|p2a: Florges|Trick|p1a: Pelipper
|-activate|p2a: Florges|move: Trick|[of] p1a: Pelipper
|-item|p1a: Pelipper|Choice Scarf|[from] move: Trick
|-item|p2a: Florges|Damp Rock|[from] move: Trick
|move|p1a: Pelipper|Hurricane|p2a: Florges
|-damage|p2a: Florges|62/100
|-start|p2a: Florges|confusion
|
|-weather|RainDance|[upkeep]
|upkeep
|turn|2
|
|t:|1760776804
|-activate|p2a: Florges|confusion
|move|p2a: Florges|Calm Mind|p2a: Florges
|-boost|p2a: Florges|spa|1
|-boost|p2a: Florges|spd|1
|move|p1a: Pelipper|Hurricane|p2a: Florges
|-damage|p2a: Florges|37/100
|
|-weather|RainDance|[upkeep]
|upkeep
|turn|3
|
|t:|1760776811
|-activate|p2a: Florges|confusion
|move|p2a: Florges|Moonblast|p1a: Pelipper
|-damage|p1a: Pelipper|13/100
|move|p1a: Pelipper|Hurricane|p2a: Florges
|-damage|p2a: Florges|9/100
|
|-weather|RainDance|[upkeep]
|upkeep
|turn|4
|
|t:|1760776819
|-activate|p2a: Florges|confusion
|move|p2a: Florges|Psychic|p1a: Pelipper
|-damage|p1a: Pelipper|0 fnt
|faint|p1a: Pelipper
|
|-weather|RainDance|[upkeep]
|upkeep
|
|t:|1760776826
|switch|p1a: Manaphy|Manaphy|100/100
|turn|5
|
|t:|1760776831
|-end|p2a: Florges|confusion
|move|p2a: Florges|Moonblast|p1a: Manaphy
|-damage|p1a: Manaphy|47/100
|-unboost|p1a: Manaphy|spa|1
|move|p1a: Manaphy|Heart Swap|p2a: Florges
|-swapboost|p1a: Manaphy|p2a: Florges|[from] move: Heart Swap
|
|-weather|RainDance|[upkeep]
|upkeep
|turn|6
|
|t:|1760776844
|move|p2a: Florges|Moonblast|p1a: Manaphy
|-damage|p1a: Manaphy|30/100
|move|p1a: Manaphy|Rest|p1a: Manaphy
|-status|p1a: Manaphy|slp|[from] move: Rest
|-heal|p1a: Manaphy|100/100 slp|[silent]
|
|-weather|RainDance|[upkeep]
|-activate|p1a: Manaphy|ability: Hydration
|-curestatus|p1a: Manaphy|slp|[msg]
|upkeep
|turn|7
|
|t:|1760776852
|switch|p2a: Iron Hands|Iron Hands|100/100
|-enditem|p2a: Iron Hands|Booster Energy
|-activate|p2a: Iron Hands|ability: Quark Drive|[fromitem]
|-start|p2a: Iron Hands|quarkdriveatk
|move|p1a: Manaphy|Scald|p2a: Iron Hands
|-damage|p2a: Iron Hands|35/100
|
|-weather|RainDance|[upkeep]
|upkeep
|turn|8
|
|t:|1760776864
|move|p1a: Manaphy|Scald|p2a: Iron Hands
|-damage|p2a: Iron Hands|0 fnt
|faint|p2a: Iron Hands
|-end|p2a: Iron Hands|Quark Drive|[silent]
|
|-weather|none
|upkeep
|
|t:|1760776872
|switch|p2a: Darkrai|Darkrai|100/100
|turn|9
|
|t:|1760776876
|move|p2a: Darkrai|Nasty Plot|p2a: Darkrai
|-boost|p2a: Darkrai|spa|2
|move|p1a: Manaphy|Rain Dance|p1a: Manaphy
|-weather|RainDance
|
|-weather|RainDance|[upkeep]
|upkeep
|turn|10
|
|t:|1760776882
|-terastallize|p1a: Manaphy|Water
|move|p2a: Darkrai|Dark Pulse|p1a: Manaphy
|-damage|p1a: Manaphy|50/100
|move|p1a: Manaphy|Scald|p2a: Darkrai
|-damage|p2a: Darkrai|0 fnt
|faint|p2a: Darkrai
|
|-weather|RainDance|[upkeep]
|upkeep
|
|t:|1760776891
|switch|p2a: Barraskewda|Barraskewda, F|100/100
|turn|11
|
|t:|1760776899
|-terastallize|p2a: Barraskewda|Water
|move|p2a: Barraskewda|Liquidation|p1a: Manaphy
|-resisted|p1a: Manaphy
|-damage|p1a: Manaphy|8/100
|move|p1a: Manaphy|Rest|p1a: Manaphy
|-status|p1a: Manaphy|slp|[from] move: Rest
|-heal|p1a: Manaphy|100/100 slp|[silent]
|
|-weather|RainDance|[upkeep]
|-activate|p1a: Manaphy|ability: Hydration
|-curestatus|p1a: Manaphy|slp|[msg]
|upkeep
|turn|12
|
|t:|1760776908
|move|p2a: Barraskewda|Liquidation|p1a: Manaphy
|-resisted|p1a: Manaphy
|-damage|p1a: Manaphy|57/100
|move|p1a: Manaphy|Scald|p2a: Barraskewda
|-resisted|p2a: Barraskewda
|-damage|p2a: Barraskewda|6/100
|
|-weather|RainDance|[upkeep]
|upkeep
|turn|13
|
|t:|1760776917
|move|p2a: Barraskewda|Liquidation|p1a: Manaphy
|-resisted|p1a: Manaphy
|-damage|p1a: Manaphy|15/100
|move|p1a: Manaphy|Rest|p1a: Manaphy
|-status|p1a: Manaphy|slp|[from] move: Rest
|-heal|p1a: Manaphy|100/100 slp|[silent]
|
|-weather|RainDance|[upkeep]
|-activate|p1a: Manaphy|ability: Hydration
|-curestatus|p1a: Manaphy|slp|[msg]
|upkeep
|turn|14
|
|t:|1760776922
|move|p2a: Barraskewda|Liquidation|p1a: Manaphy
|-resisted|p1a: Manaphy
|-damage|p1a: Manaphy|57/100
|-unboost|p1a: Manaphy|def|1
|move|p1a: Manaphy|Scald|p2a: Barraskewda
|-resisted|p2a: Barraskewda
|-damage|p2a: Barraskewda|0 fnt
|faint|p2a: Barraskewda
|
|-weather|RainDance|[upkeep]
|upkeep
|
|t:|1760776928
|switch|p2a: Salamence|Salamence, M|100/100
|-ability|p2a: Salamence|Intimidate|boost
|-unboost|p1a: Manaphy|atk|1
|turn|15
|
|t:|1760776934
|move|p2a: Salamence|Dragon Claw|p1a: Manaphy
|-damage|p1a: Manaphy|19/100
|move|p1a: Manaphy|Scald|p2a: Salamence
|-resisted|p2a: Salamence
|-damage|p2a: Salamence|49/100
|
|-weather|RainDance|[upkeep]
|upkeep
|turn|16
|
|t:|1760776946
|switch|p1a: Porygon2|Porygon2|100/100
|-ability|p1a: Porygon2|Download|boost
|-boost|p1a: Porygon2|spa|1
|move|p2a: Salamence|Dragon Claw|p1a: Porygon2
|-damage|p1a: Porygon2|69/100
|
|-weather|none
|upkeep
|turn|17
|
|t:|1760776954
|switch|p2a: Iron Moth|Iron Moth|100/100
|-enditem|p2a: Iron Moth|Booster Energy
|-activate|p2a: Iron Moth|ability: Quark Drive|[fromitem]
|-start|p2a: Iron Moth|quarkdrivespe
|move|p1a: Porygon2|Tri Attack|p2a: Iron Moth
|-damage|p2a: Iron Moth|37/100
|
|upkeep
|turn|18
|
|t:|1760776966
|move|p2a: Iron Moth|Sludge Wave|p1a: Porygon2
|-damage|p1a: Porygon2|38/100
|move|p1a: Porygon2|Tri Attack|p2a: Iron Moth
|-damage|p2a: Iron Moth|0 fnt
|faint|p2a: Iron Moth
|-end|p2a: Iron Moth|Quark Drive|[silent]
|
|upkeep
|
|t:|1760776971
|switch|p2a: Florges|Florges, F|9/100
|turn|19
|
|t:|1760776972
|move|p2a: Florges|Moonblast|p1a: Porygon2
|-damage|p1a: Porygon2|10/100
|move|p1a: Porygon2|Tri Attack|p2a: Florges
|-damage|p2a: Florges|0 fnt
|faint|p2a: Florges
|
|upkeep
|
|t:|1760776975
|switch|p2a: Salamence|Salamence, M|49/100
|-ability|p2a: Salamence|Intimidate|boost
|-unboost|p1a: Porygon2|atk|1
|turn|20
|
|t:|1760776978
|move|p2a: Salamence|Dragon Claw|p1a: Porygon2
|-damage|p1a: Porygon2|0 fnt
|faint|p1a: Porygon2
|
|upkeep
|
|t:|1760776988
|switch|p1a: Magmar|Magmar, M|100/100
|turn|21
|
|t:|1760776994
|move|p2a: Salamence|Earthquake|p1a: Magmar
|-supereffective|p1a: Magmar
|-damage|p1a: Magmar|0 fnt
|faint|p1a: Magmar
|
|upkeep
|
|t:|1760776999
|switch|p1a: Bellossom|Bellossom, M|100/100
|turn|22
|
|t:|1760777003
|move|p2a: Salamence|Roost|p2a: Salamence
|-heal|p2a: Salamence|99/100
|-singleturn|p2a: Salamence|move: Roost
|move|p1a: Bellossom|Triple Axel|p2a: Salamence
|-supereffective|p2a: Salamence
|-damage|p2a: Salamence|88/100
|-supereffective|p2a: Salamence
|-damage|p2a: Salamence|65/100
|-supereffective|p2a: Salamence
|-damage|p2a: Salamence|33/100
|-hitcount|p2a: Salamence|3
|
|upkeep
|turn|23
|
|t:|1760777015
|move|p2a: Salamence|Dragon Claw|p1a: Bellossom
|-damage|p1a: Bellossom|45/100
|move|p1a: Bellossom|Triple Axel|p2a: Salamence
|-supereffective|p2a: Salamence
|-damage|p2a: Salamence|9/100
|-hitcount|p2a: Salamence|1
|
|upkeep
|turn|24
|
|t:|1760777023
|move|p2a: Salamence|Dragon Claw|p1a: Bellossom
|-damage|p1a: Bellossom|0 fnt
|faint|p1a: Bellossom
|
|upkeep
|
|t:|1760777027
|switch|p1a: Piloswine|Piloswine, F|100/100
|turn|25
|
|t:|1760777029
|move|p2a: Salamence|Roost|p2a: Salamence
|-heal|p2a: Salamence|59/100
|-singleturn|p2a: Salamence|move: Roost
|move|p1a: Piloswine|Avalanche|p2a: Salamence
|-supereffective|p2a: Salamence
|-damage|p2a: Salamence|0 fnt
|faint|p2a: Salamence
|
|win|plolaaa
|raw|plolaaa's rating: 1115 &rarr; <strong>1142</strong><br />(+27 for winning)
|raw|yombotron's rating: 1139 &rarr; <strong>1112</strong><br />(-27 for losing)
|l|☆yombotron
|player|p2|
|l|☆plolaaa
|player|p1|
