|j|☆MoveWithPower
|j|☆LandBlade
|t:|1760770510
|gametype|singles
|player|p1|MoveWithPower|blackbelt-gen2|1124
|player|p2|LandBlade|265|1174
|gen|9
|tier|[Gen 9] OU
|rated|
|rule|HP Percentage Mod: HP is shown in percentages
|rule|Endless Battle Clause: Forcing endless battles is banned
|rule|Species Clause: Limit one of each Pokémon
|rule|OHKO Clause: OHKO moves are banned
|rule|Evasion Items Clause: Evasion items are banned
|rule|Evasion Moves Clause: Evasion moves are banned
|rule|Evasion Abilities Clause: Evasion abilities are banned
|rule|Sleep Moves Clause: Sleep-inducing moves are banned
|clearpoke
|poke|p1|Raikou|
|poke|p1|Jirachi|
|poke|p1|Darkrai|
|poke|p1|Landorus-Therian, M|
|poke|p1|Kyurem|
|poke|p1|Zamazenta-*|
|poke|p2|Ceruledge, M|
|poke|p2|Tyranitar, M|
|poke|p2|Ogerpon-Wellspring, F|
|poke|p2|Zapdos|
|poke|p2|Deoxys-Speed|
|poke|p2|Weezing-Galar, F|
|teampreview
|inactive|Battle timer is ON: inactive players will automatically lose when time's up. (requested by MoveWithPower)
|
|t:|1760770523
|teamsize|p1|6
|teamsize|p2|6
|start
|switch|p1a: Landorus|Landorus-Therian, M, shiny|100/100
|switch|p2a: Deoxys|Deoxys-Speed|100/100
|-ability|p2a: Deoxys|Pressure
|-ability|p1a: Landorus|Intimidate|boost
|-unboost|p2a: Deoxys|atk|1
|turn|1
|
|t:|1760770530
|move|p2a: Deoxys|Taunt|p1a: Landorus
|-start|p1a: Landorus|move: Taunt
|cant|p1a: Landorus|move: Taunt|Taunt
|
|upkeep
|turn|2
|
|t:|1760770536
|move|p2a: Deoxys|Stealth Rock|p1a: Landorus
|-sidestart|p1: MoveWithPower|move: Stealth Rock
|move|p1a: Landorus|U-turn|p2a: Deoxys
|-supereffective|p2a: Deoxys
|-damage|p2a: Deoxys|54/100
|
|t:|1760770545
|switch|p1a: Raikou|Raikou, shiny|100/100|[from] U-turn
|-damage|p1a: Raikou|88/100|[from] Stealth Rock
|-ability|p1a: Raikou|Pressure
|
|upkeep
|turn|3
|
|t:|1760770563
|switch|p2a: Tyranitar|Tyranitar, M|100/100
|-weather|Sandstorm|[from] ability: Sand Stream|[of] p2a: Tyranitar
|move|p1a: Raikou|Shadow Ball|p2a: Tyranitar
|-resisted|p2a: Tyranitar
|-damage|p2a: Tyranitar|97/100
|
|-weather|Sandstorm|[upkeep]
|-damage|p1a: Raikou|82/100|[from] Sandstorm
|upkeep
|turn|4
|
|t:|1760770580
|move|p1a: Raikou|Aura Sphere|p2a: Tyranitar
|-supereffective|p2a: Tyranitar
|-damage|p2a: Tyranitar|65/100
|move|p2a: Tyranitar|Knock Off|p1a: Raikou
|-damage|p1a: Raikou|20/100
|-enditem|p1a: Raikou|Shuca Berry|[from] move: Knock Off|[of] p2a: Tyranitar
|
|-weather|Sandstorm|[upkeep]
|-damage|p1a: Raikou|14/100|[from] Sandstorm
|upkeep
|turn|5
|
|t:|1760770590
|move|p1a: Raikou|Aura Sphere|p2a: Tyranitar
|-supereffective|p2a: Tyranitar
|-damage|p2a: Tyranitar|37/100
|move|p2a: Tyranitar|Knock Off|p1a: Raikou
|-damage|p1a: Raikou|0 fnt
|faint|p1a: Raikou
|
|-weather|Sandstorm|[upkeep]
|upkeep
|
|t:|1760770605
|switch|p1a: Jirachi|Jirachi|100/100
|-damage|p1a: Jirachi|94/100|[from] Stealth Rock
|turn|6
|
|t:|1760770614
|switch|p1a: Landorus|Landorus-Therian, M, shiny|100/100
|-damage|p1a: Landorus|88/100|[from] Stealth Rock
|-ability|p1a: Landorus|Intimidate|boost
|-unboost|p2a: Tyranitar|atk|1
|switch|p2a: Ceruledge|Ceruledge, M|100/100
|
|-weather|Sandstorm|[upkeep]
|-damage|p2a: Ceruledge|94/100|[from] Sandstorm
|upkeep
|turn|7
|
|t:|1760770637
|move|p1a: Landorus|Stealth Rock|p2a: Ceruledge
|-sidestart|p2: LandBlade|move: Stealth Rock
|move|p2a: Ceruledge|Swords Dance|p2a: Ceruledge
|-boost|p2a: Ceruledge|atk|2
|
|-weather|none
|upkeep
|turn|8
|inactive|LandBlade has 120 seconds left.
|
|t:|1760770671
|move|p1a: Landorus|Earthquake|p2a: Ceruledge
|-supereffective|p2a: Ceruledge
|-damage|p2a: Ceruledge|0 fnt
|faint|p2a: Ceruledge
|
|upkeep
|
|t:|1760770677
|switch|p2a: Ogerpon|Ogerpon-Wellspring, F|100/100
|-damage|p2a: Ogerpon|88/100|[from] Stealth Rock
|turn|9
|
|t:|1760770687
|move|p2a: Ogerpon|Swords Dance|p2a: Ogerpon
|-boost|p2a: Ogerpon|atk|2
|move|p1a: Landorus|U-turn|p2a: Ogerpon
|-supereffective|p2a: Ogerpon
|-damage|p2a: Ogerpon|34/100
|
|t:|1760770693
|switch|p1a: Jirachi|Jirachi|94/100|[from] U-turn
|-damage|p1a: Jirachi|88/100|[from] Stealth Rock
|
|-heal|p1a: Jirachi|94/100|[from] item: Leftovers
|upkeep
|turn|10
|inactive|LandBlade has 120 seconds left.
|
|t:|1760770704
|-terastallize|p2a: Ogerpon|Water
|detailschange|p2a: Ogerpon|Ogerpon-Wellspring-Tera, F, tera:Water
|-ability|p2a: Ogerpon|Embody Aspect (Wellspring)|boost
|-boost|p2a: Ogerpon|spd|1
|move|p2a: Ogerpon|Ivy Cudgel|p1a: Jirachi|[anim] Ivy Cudgel Water
|-damage|p1a: Jirachi|0 fnt
|faint|p1a: Jirachi
|
|upkeep
|
|t:|1760770722
|switch|p1a: Darkrai|Darkrai|100/100
|-damage|p1a: Darkrai|88/100|[from] Stealth Rock
|turn|11
|
|t:|1760770734
|move|p1a: Darkrai|Dark Pulse|p2a: Ogerpon
|-damage|p2a: Ogerpon|1/100
|move|p2a: Ogerpon|Horn Leech|p1a: Darkrai
|-crit|p1a: Darkrai
|-damage|p1a: Darkrai|0 fnt
|-heal|p2a: Ogerpon|42/100|[from] drain|[of] p1a: Darkrai
|faint|p1a: Darkrai
|
|upkeep
|
|t:|1760770743
|switch|p1a: Landorus|Landorus-Therian, M, shiny|88/100
|-damage|p1a: Landorus|76/100|[from] Stealth Rock
|-ability|p1a: Landorus|Intimidate|boost
|-unboost|p2a: Ogerpon|atk|1
|turn|12
|
|t:|1760770748
|move|p2a: Ogerpon|Ivy Cudgel|p1a: Landorus|[anim] Ivy Cudgel Water
|-supereffective|p1a: Landorus
|-damage|p1a: Landorus|0 fnt
|faint|p1a: Landorus
|
|upkeep
|
|t:|1760770751
|switch|p1a: Kyurem|Kyurem, shiny|100/100
|-ability|p1a: Kyurem|Pressure
|turn|13
|
|t:|1760770759
|move|p2a: Ogerpon|Play Rough|p1a: Kyurem
|-supereffective|p1a: Kyurem
|-crit|p1a: Kyurem
|-damage|p1a: Kyurem|0 fnt
|faint|p1a: Kyurem
|
|upkeep
|
|t:|1760770762
|switch|p1a: Zamazenta|Zamazenta|100/100
|-damage|p1a: Zamazenta|94/100|[from] Stealth Rock
|-ability|p1a: Zamazenta|Dauntless Shield|boost
|-boost|p1a: Zamazenta|def|1
|turn|14
|
|t:|1760770768
|-terastallize|p1a: Zamazenta|Fire
|move|p1a: Zamazenta|Iron Defense|p1a: Zamazenta
|-boost|p1a: Zamazenta|def|2
|move|p2a: Ogerpon|Play Rough|p1a: Zamazenta
|-resisted|p1a: Zamazenta
|-damage|p1a: Zamazenta|86/100
|-unboost|p1a: Zamazenta|atk|1
|
|-heal|p1a: Zamazenta|93/100|[from] item: Leftovers
|upkeep
|turn|15
|
|t:|1760770783
|move|p1a: Zamazenta|Body Press|p2a: Ogerpon
|-crit|p2a: Ogerpon
|-damage|p2a: Ogerpon|0 fnt
|faint|p2a: Ogerpon
|detailschange|p2: Ogerpon|Ogerpon-Wellspring, F|[silent]
|
|-heal|p1a: Zamazenta|99/100|[from] item: Leftovers
|upkeep
|
|t:|1760770793
|switch|p2a: Deoxys|Deoxys-Speed|54/100
|-damage|p2a: Deoxys|41/100|[from] Stealth Rock
|-ability|p2a: Deoxys|Pressure
|turn|16
|
|t:|1760770801
|move|p2a: Deoxys|Psycho Boost|p1a: Zamazenta
|-damage|p1a: Zamazenta|59/100
|-unboost|p2a: Deoxys|spa|2
|move|p1a: Zamazenta|Crunch|p2a: Deoxys
|-supereffective|p2a: Deoxys
|-damage|p2a: Deoxys|4/100
|
|-heal|p1a: Zamazenta|65/100|[from] item: Leftovers
|upkeep
|turn|17
|
|t:|1760770810
|move|p2a: Deoxys|Taunt|p1a: Zamazenta
|-start|p1a: Zamazenta|move: Taunt
|move|p1a: Zamazenta|Crunch|p2a: Deoxys
|-supereffective|p2a: Deoxys
|-damage|p2a: Deoxys|0 fnt
|faint|p2a: Deoxys
|
|-heal|p1a: Zamazenta|72/100|[from] item: Leftovers
|upkeep
|
|t:|1760770832
|switch|p2a: Weezing|Weezing-Galar, F|100/100
|-ability|p2a: Weezing|Neutralizing Gas
|-damage|p2a: Weezing|88/100|[from] Stealth Rock
|turn|18
|
|t:|1760770840
|move|p1a: Zamazenta|Body Press|p2a: Weezing
|-resisted|p2a: Weezing
|-damage|p2a: Weezing|76/100
|-damage|p1a: Zamazenta|55/100|[from] item: Rocky Helmet|[of] p2a: Weezing
|move|p2a: Weezing|Clear Smog|p1a: Zamazenta
|-damage|p1a: Zamazenta|42/100
|-clearboost|p1a: Zamazenta
|
|-heal|p1a: Zamazenta|48/100|[from] item: Leftovers
|upkeep
|turn|19
|
|t:|1760770858
|move|p1a: Zamazenta|Body Press|p2a: Weezing
|-resisted|p2a: Weezing
|-damage|p2a: Weezing|70/100
|-damage|p1a: Zamazenta|32/100|[from] item: Rocky Helmet|[of] p2a: Weezing
|move|p2a: Weezing|Clear Smog|p1a: Zamazenta
|-damage|p1a: Zamazenta|19/100
|-clearboost|p1a: Zamazenta
|
|-heal|p1a: Zamazenta|25/100|[from] item: Leftovers
|-end|p1a: Zamazenta|move: Taunt
|upkeep
|turn|20
|
|t:|1760770869
|move|p2a: Weezing|Clear Smog|p1a: Zamazenta
|-damage|p1a: Zamazenta|14/100
|-clearboost|p1a: Zamazenta
|move|p1a: Zamazenta|Roar|p2a: Weezing
|-end|p2a: Weezing|ability: Neutralizing Gas
|drag|p2a: Zapdos|Zapdos|100/100
|-damage|p2a: Zapdos|76/100|[from] Stealth Rock
|
|-heal|p1a: Zamazenta|20/100|[from] item: Leftovers
|upkeep
|turn|21
|
|t:|1760770883
|move|p1a: Zamazenta|Iron Defense|p1a: Zamazenta
|-boost|p1a: Zamazenta|def|2
|move|p2a: Zapdos|Thunder|p1a: Zamazenta
|-damage|p1a: Zamazenta|0 fnt
|faint|p1a: Zamazenta
|
|win|LandBlade
|raw|MoveWithPower's rating: 1124 &rarr; <strong>1103</strong><br />(-21 for losing)
|raw|LandBlade's rating: 1174 &rarr; <strong>1195</strong><br />(+21 for winning)
|l|☆MoveWithPower
|player|p1|
