|j|☆Quiero mucho a Mar
|j|☆PekPicPek
|t:|1760818076
|gametype|singles
|player|p1|Quiero mucho a Mar|firebreather-gen2|1791
|player|p2|PekPicPek|chuck|1707
|gen|9
|tier|[Gen 9] OU
|rated|
|rule|HP Percentage Mod: HP is shown in percentages
|rule|Endless Battle Clause: Forcing endless battles is banned
|rule|Species Clause: Limit one of each Pokémon
|rule|OHKO Clause: OHKO moves are banned
|rule|Evasion Items Clause: Evasion items are banned
|rule|Evasion Moves Clause: Evasion moves are banned
|rule|Evasion Abilities Clause: Evasion abilities are banned
|rule|Sleep Moves Clause: Sleep-inducing moves are banned
|clearpoke
|poke|p1|Yanmega, M|
|poke|p1|Great Tusk|
|poke|p1|Kyurem|
|poke|p1|Ogerpon-Wellspring, F|
|poke|p1|Ting-Lu|
|poke|p1|Hatterene, F|
|poke|p2|Dragapult, M|
|poke|p2|Great Tusk|
|poke|p2|Moltres|
|poke|p2|Azumarill, F|
|poke|p2|Kingambit, F|
|poke|p2|Klawf, F|
|teampreview
|j| yweryerr
|inactive|Battle timer is ON: inactive players will automatically lose when time's up. (requested by Quiero mucho a Mar)
|
|t:|1760818090
|teamsize|p1|6
|teamsize|p2|6
|start
|switch|p1a: Ogerpon|Ogerpon-Wellspring, F|100/100
|switch|p2a: Wyatt|Klawf, F|100/100
|turn|1
|
|t:|1760818095
|move|p1a: Ogerpon|Ivy Cudgel|p2a: Wyatt|[anim] Ivy Cudgel Water
|-supereffective|p2a: Wyatt
|-enditem|p2a: Wyatt|Focus Sash
|-damage|p2a: Wyatt|1/100
|-ability|p2a: Wyatt|Anger Shell|boost
|-boost|p2a: Wyatt|atk|1
|-boost|p2a: Wyatt|spa|1
|-boost|p2a: Wyatt|spe|1
|-unboost|p2a: Wyatt|def|1
|-unboost|p2a: Wyatt|spd|1
|move|p2a: Wyatt|Rock Blast|p1a: Ogerpon
|-damage|p1a: Ogerpon|80/100
|-damage|p1a: Ogerpon|56/100
|-damage|p1a: Ogerpon|35/100
|-damage|p1a: Ogerpon|13/100
|-hitcount|p1a: Ogerpon|4
|
|upkeep
|turn|2
|
|t:|1760818104
|switch|p1a: Great Tusk|Great Tusk|100/100
|move|p2a: Wyatt|Knock Off|p1a: Great Tusk
|-resisted|p1a: Great Tusk
|-damage|p1a: Great Tusk|86/100
|-damage|p2a: Wyatt|0 fnt|[from] item: Rocky Helmet|[of] p1a: Great Tusk
|faint|p2a: Wyatt
|
|upkeep
|
|t:|1760818106
|switch|p2a: Its U-turn|Dragapult, M, shiny|100/100
|turn|3
|
|t:|1760818110
|-end|p1a: Great Tusk|Protosynthesis|[silent]
|switch|p1a: Ting-Lu|Ting-Lu|100/100
|-ability|p1a: Ting-Lu|Vessel of Ruin
|move|p2a: Its U-turn|Draco Meteor|p1a: Ting-Lu
|-damage|p1a: Ting-Lu|66/100
|-unboost|p2a: Its U-turn|spa|2
|
|upkeep
|turn|4
|
|t:|1760818114
|switch|p2a: Mr T|Great Tusk|100/100
|-enditem|p2a: Mr T|Booster Energy
|-activate|p2a: Mr T|ability: Protosynthesis|[fromitem]
|-start|p2a: Mr T|protosynthesisatk
|move|p1a: Ting-Lu|Spikes|p2a: Mr T
|-sidestart|p2: PekPicPek|Spikes
|
|upkeep
|turn|5
|
|t:|1760818122
|move|p2a: Mr T|Rapid Spin|p1a: Ting-Lu
|-damage|p1a: Ting-Lu|53/100
|-boost|p2a: Mr T|spe|1
|-damage|p2a: Mr T|84/100|[from] item: Rocky Helmet|[of] p1a: Ting-Lu
|-sideend|p2: PekPicPek|Spikes|[from] move: Rapid Spin|[of] p2a: Mr T
|move|p1a: Ting-Lu|Ruination|p2a: Mr T
|-damage|p2a: Mr T|42/100
|
|upkeep
|turn|6
|
|t:|1760818128
|move|p2a: Mr T|Close Combat|p1a: Ting-Lu
|-supereffective|p1a: Ting-Lu
|-damage|p1a: Ting-Lu|0 fnt
|-unboost|p2a: Mr T|def|1
|-unboost|p2a: Mr T|spd|1
|-damage|p2a: Mr T|26/100|[from] item: Rocky Helmet|[of] p1a: Ting-Lu
|faint|p1a: Ting-Lu
|
|upkeep
|
|t:|1760818130
|switch|p1a: Yanmega|Yanmega, M|100/100
|turn|7
|
|t:|1760818132
|-end|p2a: Mr T|Protosynthesis|[silent]
|switch|p2a: Lucia|Azumarill, F|100/100
|move|p1a: Yanmega|Protect||[still]
|-fail|p1a: Yanmega
|
|-ability|p1a: Yanmega|Speed Boost|boost
|-boost|p1a: Yanmega|spe|1
|upkeep
|turn|8
|
|t:|1760818138
|switch|p1a: Great Tusk|Great Tusk|86/100
|move|p2a: Lucia|Play Rough|p1a: Great Tusk
|-supereffective|p1a: Great Tusk
|-damage|p1a: Great Tusk|10/100
|-damage|p2a: Lucia|84/100|[from] item: Rocky Helmet|[of] p1a: Great Tusk
|
|upkeep
|turn|9
|
|t:|1760818143
|switch|p2a: Its U-turn|Dragapult, M, shiny|100/100
|move|p1a: Great Tusk|Stealth Rock|p2a: Its U-turn
|-sidestart|p2: PekPicPek|move: Stealth Rock
|
|upkeep
|turn|10
|
|t:|1760818147
|move|p2a: Its U-turn|Shadow Ball|p1a: Great Tusk
|-damage|p1a: Great Tusk|0 fnt
|faint|p1a: Great Tusk
|-end|p1a: Great Tusk|Protosynthesis|[silent]
|
|upkeep
|
|t:|1760818150
|switch|p1a: Kyurem|Kyurem|100/100
|-ability|p1a: Kyurem|Pressure
|turn|11
|
|t:|1760818158
|move|p2a: Its U-turn|Shadow Ball|p1a: Kyurem
|-damage|p1a: Kyurem|53/100
|move|p1a: Kyurem|Freeze-Dry|p2a: Its U-turn
|-supereffective|p2a: Its U-turn
|-damage|p2a: Its U-turn|0 fnt
|faint|p2a: Its U-turn
|
|upkeep
|
|t:|1760818167
|switch|p2a: Mr Bushido|Kingambit, F|100/100
|-damage|p2a: Mr Bushido|94/100|[from] Stealth Rock
|-activate|p2a: Mr Bushido|ability: Supreme Overlord
|-start|p2a: Mr Bushido|fallen2|[silent]
|turn|12
|inactive|Quiero mucho a Mar has 120 seconds left.
|
|t:|1760818198
|move|p1a: Kyurem|Earth Power|p2a: Mr Bushido
|-supereffective|p2a: Mr Bushido
|-damage|p2a: Mr Bushido|45/100
|move|p2a: Mr Bushido|Kowtow Cleave|p1a: Kyurem
|-damage|p1a: Kyurem|0 fnt
|faint|p1a: Kyurem
|
|upkeep
|inactive|Quiero mucho a Mar has 120 seconds left.
|
|t:|1760818204
|switch|p1a: Yanmega|Yanmega, M|100/100
|turn|13
|
|t:|1760818213
|-end|p2a: Mr Bushido|fallen2|[silent]
|switch|p2a: Lucia|Azumarill, F|84/100
|-damage|p2a: Lucia|71/100|[from] Stealth Rock
|-terastallize|p1a: Yanmega|Ground
|move|p1a: Yanmega|Tera Blast|p2a: Lucia|[anim] Tera Blast Ground
|-damage|p2a: Lucia|44/100
|
|-ability|p1a: Yanmega|Speed Boost|boost
|-boost|p1a: Yanmega|spe|1
|upkeep
|turn|14
|
|t:|1760818216
|move|p1a: Yanmega|Air Slash|p2a: Lucia
|-damage|p2a: Lucia|17/100
|move|p2a: Lucia|Play Rough|p1a: Yanmega
|-damage|p1a: Yanmega|30/100
|
|-ability|p1a: Yanmega|Speed Boost|boost
|-boost|p1a: Yanmega|spe|1
|upkeep
|turn|15
|
|t:|1760818223
|move|p1a: Yanmega|Protect|p1a: Yanmega
|-singleturn|p1a: Yanmega|Protect
|move|p2a: Lucia|Aqua Jet|p1a: Yanmega
|-activate|p1a: Yanmega|move: Protect
|
|-ability|p1a: Yanmega|Speed Boost|boost
|-boost|p1a: Yanmega|spe|1
|upkeep
|turn|16
|
|t:|1760818226
|move|p1a: Yanmega|Air Slash|p2a: Lucia
|-damage|p2a: Lucia|0 fnt
|faint|p2a: Lucia
|
|-ability|p1a: Yanmega|Speed Boost|boost
|-boost|p1a: Yanmega|spe|1
|upkeep
|
|t:|1760818230
|switch|p2a: Emily|Moltres|100/100
|turn|17
|
|t:|1760818238
|move|p1a: Yanmega|Air Slash|p2a: Emily
|-damage|p2a: Emily|67/100
|move|p2a: Emily|Flamethrower|p1a: Yanmega
|-damage|p1a: Yanmega|0 fnt
|faint|p1a: Yanmega
|
|upkeep
|
|t:|1760818242
|switch|p1a: Hatterene|Hatterene, F|100/100
|turn|18
|
|t:|1760818245
|switch|p2a: Mr T|Great Tusk|26/100
|-damage|p2a: Mr T|23/100|[from] Stealth Rock
|move|p1a: Hatterene|Mystical Fire|p2a: Mr T
|-damage|p2a: Mr T|0 fnt
|faint|p2a: Mr T
|-end|p2a: Mr T|Protosynthesis|[silent]
|
|upkeep
|
|t:|1760818246
|switch|p2a: Mr Bushido|Kingambit, F|45/100
|-damage|p2a: Mr Bushido|39/100|[from] Stealth Rock
|-activate|p2a: Mr Bushido|ability: Supreme Overlord
|-start|p2a: Mr Bushido|fallen4|[silent]
|turn|19
|
|t:|1760818249
|move|p2a: Mr Bushido|Iron Head|p1a: Hatterene
|-supereffective|p1a: Hatterene
|-damage|p1a: Hatterene|0 fnt
|faint|p1a: Hatterene
|
|upkeep
|-message|Quiero mucho a Mar forfeited.
|
|win|PekPicPek
|raw|Quiero mucho a Mar's rating: 1791 &rarr; <strong>1766</strong><br />(-25 for losing)
|raw|PekPicPek's rating: 1707 &rarr; <strong>1732</strong><br />(+25 for winning)
|l|☆Quiero mucho a Mar
|player|p1|
|l|☆PekPicPek
|player|p2|
|l| yweryerr
