|j|☆ZaBeztGamer22
|j|☆ChopsFCC
|t:|1760833172
|gametype|singles
|player|p1|ZaBeztGamer22|ash|1615
|player|p2|ChopsFCC|101|1595
|gen|9
|tier|[Gen 9] OU
|rated|
|rule|HP Percentage Mod: HP is shown in percentages
|rule|Endless Battle Clause: Forcing endless battles is banned
|rule|Species Clause: Limit one of each Pokémon
|rule|OHKO Clause: OHKO moves are banned
|rule|Evasion Items Clause: Evasion items are banned
|rule|Evasion Moves Clause: Evasion moves are banned
|rule|Evasion Abilities Clause: Evasion abilities are banned
|rule|Sleep Moves Clause: Sleep-inducing moves are banned
|clearpoke
|poke|p1|Cinderace, F|
|poke|p1|Ting-Lu|
|poke|p1|Dondozo, F|
|poke|p1|Kyurem|
|poke|p1|Corviknight, M|
|poke|p1|Slowking-Galar, M|
|poke|p2|Kyurem|
|poke|p2|Raging Bolt|
|poke|p2|Hatterene, F|
|poke|p2|Darkrai|
|poke|p2|Great Tusk|
|poke|p2|Heatran, M|
|teampreview
|inactive|Battle timer is ON: inactive players will automatically lose when time's up. (requested by ChopsFCC)
|inactive|ZaBeztGamer22 also wants the timer to be on.
|j| pokeman2356
|j| cletindoruin1
|c| pokeman2356|chicken jockey
|l| cletindoruin1
|l| pokeman2356
|
|t:|1760833199
|teamsize|p1|6
|teamsize|p2|6
|start
|switch|p1a: stupidfissureboy|Ting-Lu|100/100
|switch|p2a: Heatran|Heatran, M|100/100
|-ability|p1a: stupidfissureboy|Vessel of Ruin
|turn|1
|
|t:|1760833207
|switch|p2a: Great Tusk|Great Tusk|100/100
|switch|p1a: MYGOAT|Cinderace, F, shiny|100/100
|
|upkeep
|turn|2
|
|t:|1760833215
|move|p1a: MYGOAT|Will-O-Wisp|p2a: Great Tusk
|-status|p2a: Great Tusk|brn
|move|p2a: Great Tusk|Knock Off|p1a: MYGOAT
|-damage|p1a: MYGOAT|82/100
|-enditem|p1a: MYGOAT|Heavy-Duty Boots|[from] move: Knock Off|[of] p2a: Great Tusk
|
|-damage|p2a: Great Tusk|94/100 brn|[from] brn
|upkeep
|turn|3
|
|t:|1760833224
|move|p1a: MYGOAT|Pyro Ball|p2a: Great Tusk
|-damage|p2a: Great Tusk|66/100 brn
|move|p2a: Great Tusk|Knock Off|p1a: MYGOAT
|-damage|p1a: MYGOAT|72/100
|
|-damage|p2a: Great Tusk|59/100 brn|[from] brn
|upkeep
|turn|4
|
|t:|1760833230
|move|p1a: MYGOAT|Pyro Ball|p2a: Great Tusk
|-damage|p2a: Great Tusk|28/100 brn
|move|p2a: Great Tusk|Headlong Rush|p1a: MYGOAT
|-supereffective|p1a: MYGOAT
|-damage|p1a: MYGOAT|14/100
|-unboost|p2a: Great Tusk|def|1
|-unboost|p2a: Great Tusk|spd|1
|
|-damage|p2a: Great Tusk|21/100 brn|[from] brn
|upkeep
|turn|5
|j| pokemaid(help)
|inactive|ChopsFCC has 120 seconds left.
|
|t:|1760833260
|move|p1a: MYGOAT|Pyro Ball|p2a: Great Tusk
|-damage|p2a: Great Tusk|0 fnt
|faint|p2a: Great Tusk
|-end|p2a: Great Tusk|Protosynthesis|[silent]
|
|upkeep
|
|t:|1760833265
|switch|p2a: Darkrai|Darkrai|100/100
|turn|6
|
|t:|1760833277
|switch|p1a: stupidfissureboy|Ting-Lu|100/100
|-ability|p1a: stupidfissureboy|Vessel of Ruin
|move|p2a: Darkrai|Ice Beam|p1a: stupidfissureboy
|-supereffective|p1a: stupidfissureboy
|-damage|p1a: stupidfissureboy|74/100
|
|-heal|p1a: stupidfissureboy|81/100|[from] item: Leftovers
|upkeep
|turn|7
|
|t:|1760833289
|switch|p2a: Hatterene|Hatterene, F|100/100
|move|p1a: stupidfissureboy|Earthquake|p2a: Hatterene
|-damage|p2a: Hatterene|57/100
|
|-heal|p1a: stupidfissureboy|87/100|[from] item: Leftovers
|upkeep
|turn|8
|
|t:|1760833303
|switch|p1a: dont be lvl 99|Slowking-Galar, M, shiny|100/100
|switch|p2a: Kyurem|Kyurem|100/100
|-ability|p2a: Kyurem|Pressure
|
|upkeep
|turn|9
|
|t:|1760833317
|move|p2a: Kyurem|Draco Meteor|p1a: dont be lvl 99
|-damage|p1a: dont be lvl 99|38/100
|-unboost|p2a: Kyurem|spa|2
|move|p1a: dont be lvl 99|Sludge Bomb|p2a: Kyurem
|-damage|p2a: Kyurem|66/100
|-status|p2a: Kyurem|psn
|
|-damage|p2a: Kyurem|54/100 psn|[from] psn
|upkeep
|turn|10
|
|t:|1760833331
|switch|p2a: Heatran|Heatran, M|100/100
|switch|p1a: side eye|Corviknight, M, shiny|100/100
|-ability|p1a: side eye|Pressure
|
|upkeep
|turn|11
|
|t:|1760833343
|switch|p1a: stupidfissureboy|Ting-Lu|87/100
|-ability|p1a: stupidfissureboy|Vessel of Ruin
|move|p2a: Heatran|Magma Storm|p1a: stupidfissureboy|[miss]
|-miss|p2a: Heatran|p1a: stupidfissureboy
|
|-heal|p1a: stupidfissureboy|93/100|[from] item: Leftovers
|upkeep
|turn|12
|
|t:|1760833355
|move|p2a: Heatran|Stealth Rock|p1a: stupidfissureboy
|-sidestart|p1: ZaBeztGamer22|move: Stealth Rock
|move|p1a: stupidfissureboy|Earthquake|p2a: Heatran
|-supereffective|p2a: Heatran
|-damage|p2a: Heatran|0 fnt
|faint|p2a: Heatran
|
|-heal|p1a: stupidfissureboy|99/100|[from] item: Leftovers
|upkeep
|
|t:|1760833365
|switch|p2a: Kyurem|Kyurem|54/100 psn
|-ability|p2a: Kyurem|Pressure
|turn|13
|
|t:|1760833381
|switch|p1a: MYGOAT|Cinderace, F, shiny|14/100
|-damage|p1a: MYGOAT|0 fnt|[from] Stealth Rock
|faint|p1a: MYGOAT
|-terastallize|p2a: Kyurem|Ice
|move|p2a: Kyurem|Ice Beam|p1: MYGOAT|[notarget]
|-fail|p2a: Kyurem
|
|-damage|p2a: Kyurem|41/100 psn|[from] psn
|upkeep
|
|t:|1760833397
|switch|p1a: Donbozo|Dondozo, F, shiny|100/100
|-damage|p1a: Donbozo|88/100|[from] Stealth Rock
|turn|14
|inactive|ChopsFCC has 120 seconds left.
|
|t:|1760833441
|switch|p2a: Raging Bolt|Raging Bolt|100/100
|-enditem|p2a: Raging Bolt|Booster Energy
|-activate|p2a: Raging Bolt|ability: Protosynthesis|[fromitem]
|-start|p2a: Raging Bolt|protosynthesisspa
|move|p1a: Donbozo|Body Press|p2a: Raging Bolt
|-damage|p2a: Raging Bolt|73/100
|
|-heal|p1a: Donbozo|94/100|[from] item: Leftovers
|upkeep
|turn|15
|
|t:|1760833452
|-end|p2a: Raging Bolt|Protosynthesis|[silent]
|switch|p2a: Kyurem|Kyurem, tera:Ice|41/100 psn
|-ability|p2a: Kyurem|Pressure
|switch|p1a: stupidfissureboy|Ting-Lu|99/100
|-damage|p1a: stupidfissureboy|93/100|[from] Stealth Rock
|-ability|p1a: stupidfissureboy|Vessel of Ruin
|
|-heal|p1a: stupidfissureboy|99/100|[from] item: Leftovers
|-damage|p2a: Kyurem|29/100 psn|[from] psn
|upkeep
|turn|16
|
|t:|1760833462
|switch|p1a: Donbozo|Dondozo, F, shiny|94/100
|-damage|p1a: Donbozo|82/100|[from] Stealth Rock
|move|p2a: Kyurem|Freeze-Dry|p1a: Donbozo
|-supereffective|p1a: Donbozo
|-damage|p1a: Donbozo|0 fnt
|faint|p1a: Donbozo
|
|-damage|p2a: Kyurem|17/100 psn|[from] psn
|upkeep
|
|t:|1760833473
|switch|p1a: should be banned|Kyurem, shiny|100/100
|-damage|p1a: should be banned|76/100|[from] Stealth Rock
|-ability|p1a: should be banned|Pressure
|turn|17
|inactive|ChopsFCC has 120 seconds left.
|
|t:|1760833480
|move|p1a: should be banned|Protect|p1a: should be banned
|-singleturn|p1a: should be banned|Protect
|move|p2a: Kyurem|Freeze-Dry|p1a: should be banned
|-activate|p1a: should be banned|move: Protect
|
|-heal|p1a: should be banned|82/100|[from] item: Leftovers
|-damage|p2a: Kyurem|5/100 psn|[from] psn
|upkeep
|turn|18
|
|t:|1760833493
|switch|p1a: dont be lvl 99|Slowking-Galar, M, shiny|71/100
|move|p2a: Kyurem|Freeze-Dry|p1a: dont be lvl 99
|-damage|p1a: dont be lvl 99|30/100
|
|-damage|p2a: Kyurem|0 fnt|[from] psn
|faint|p2a: Kyurem
|upkeep
|inactive|ChopsFCC has 120 seconds left.
|
|t:|1760833508
|switch|p2a: Hatterene|Hatterene, F|57/100
|turn|19
|
|t:|1760833511
|move|p2a: Hatterene|Psychic Noise|p1a: dont be lvl 99
|-damage|p1a: dont be lvl 99|8/100
|-start|p1a: dont be lvl 99|move: Heal Block
|move|p1a: dont be lvl 99|Sludge Bomb|p2a: Hatterene
|-supereffective|p2a: Hatterene
|-damage|p2a: Hatterene|12/100
|-status|p2a: Hatterene|psn
|
|-damage|p2a: Hatterene|0 fnt|[from] psn
|faint|p2a: Hatterene
|upkeep
|inactive|ChopsFCC has 120 seconds left.
|
|t:|1760833523
|switch|p2a: Raging Bolt|Raging Bolt|73/100
|turn|20
|
|t:|1760833527
|move|p2a: Raging Bolt|Dragon Pulse|p1a: dont be lvl 99
|-damage|p1a: dont be lvl 99|0 fnt
|faint|p1a: dont be lvl 99
|
|upkeep
|
|t:|1760833530
|switch|p1a: should be banned|Kyurem, shiny|82/100
|-damage|p1a: should be banned|57/100|[from] Stealth Rock
|-ability|p1a: should be banned|Pressure
|turn|21
|-message|ChopsFCC forfeited.
|
|win|ZaBeztGamer22
|raw|ZaBeztGamer22's rating: 1615 &rarr; <strong>1634</strong><br />(+19 for winning)
|raw|ChopsFCC's rating: 1595 &rarr; <strong>1576</strong><br />(-19 for losing)
|l|☆ChopsFCC
|player|p2|
|l|☆ZaBeztGamer22
|player|p1|
