|j|☆anko uguisu
|j|☆dinolugia
|t:|1760776469
|gametype|singles
|player|p1|anko uguisu|idol|1208
|player|p2|dinolugia|red|1186
|gen|9
|tier|[Gen 9] OU
|rated|
|rule|HP Percentage Mod: HP is shown in percentages
|rule|Endless Battle Clause: Forcing endless battles is banned
|rule|Species Clause: Limit one of each Pokémon
|rule|OHKO Clause: OHKO moves are banned
|rule|Evasion Items Clause: Evasion items are banned
|rule|Evasion Moves Clause: Evasion moves are banned
|rule|Evasion Abilities Clause: Evasion abilities are banned
|rule|Sleep Moves Clause: Sleep-inducing moves are banned
|clearpoke
|poke|p1|Brambleghast, M|
|poke|p1|Golem, M|
|poke|p1|Bronzong|
|poke|p1|Tentacruel, F|
|poke|p1|Sylveon, M|
|poke|p1|Galvantula, F|
|poke|p2|Great Tusk|
|poke|p2|Iron Moth|
|poke|p2|Kingambit, M|
|poke|p2|Gholdengo|
|poke|p2|Dragapult, F|
|poke|p2|Darkrai|
|teampreview
|inactive|Battle timer is ON: inactive players will automatically lose when time's up. (requested by dinolugia)
|
|t:|1760776488
|teamsize|p1|6
|teamsize|p2|6
|start
|switch|p1a: Brambleghast|Brambleghast, M|100/100
|switch|p2a: Great Tusk|Great Tusk|100/100
|turn|1
|
|t:|1760776496
|move|p1a: Brambleghast|Substitute|p1a: Brambleghast
|-start|p1a: Brambleghast|Substitute
|-damage|p1a: Brambleghast|76/100
|move|p2a: Great Tusk|Ice Spinner|p1a: Brambleghast
|-supereffective|p1a: Brambleghast
|-end|p1a: Brambleghast|Substitute
|
|-heal|p1a: Brambleghast|82/100|[from] item: Leftovers
|upkeep
|turn|2
|
|t:|1760776510
|switch|p1a: Bronzong|Bronzong|100/100
|-end|p2a: Great Tusk|Protosynthesis|[silent]
|switch|p2a: Iron Moth|Iron Moth|100/100
|
|upkeep
|turn|3
|
|t:|1760776530
|switch|p1a: Golem|Golem, M|100/100
|move|p2a: Iron Moth|Overheat|p1a: Golem
|-resisted|p1a: Golem
|-damage|p1a: Golem|32/100
|-unboost|p2a: Iron Moth|spa|2
|
|upkeep
|turn|4
|
|t:|1760776541
|-end|p2a: Iron Moth|Quark Drive|[silent]
|switch|p2a: Great Tusk|Great Tusk|100/100
|move|p1a: Golem|Endure||[still]
|-fail|p1a: Golem
|
|upkeep
|turn|5
|
|t:|1760776548
|move|p1a: Golem|Endure|p1a: Golem
|-singleturn|p1a: Golem|move: Endure
|move|p2a: Great Tusk|Stealth Rock|p1a: Golem
|-sidestart|p1: anko uguisu|move: Stealth Rock
|
|upkeep
|turn|6
|
|t:|1760776557
|switch|p1a: Bronzong|Bronzong|100/100
|-damage|p1a: Bronzong|94/100|[from] Stealth Rock
|move|p2a: Great Tusk|Earthquake|p1a: Bronzong
|-immune|p1a: Bronzong|[from] ability: Levitate
|
|-heal|p1a: Bronzong|100/100|[from] item: Leftovers
|upkeep
|turn|7
|
|t:|1760776570
|-end|p2a: Great Tusk|Protosynthesis|[silent]
|switch|p2a: Gholdengo|Gholdengo|100/100
|move|p1a: Bronzong|Stealth Rock|p2a: Gholdengo
|-sidestart|p2: dinolugia|move: Stealth Rock
|
|upkeep
|turn|8
|
|t:|1760776593
|switch|p1a: Tentacruel|Tentacruel, F|100/100
|-damage|p1a: Tentacruel|88/100|[from] Stealth Rock
|move|p2a: Gholdengo|Nasty Plot|p2a: Gholdengo
|-boost|p2a: Gholdengo|spa|2
|
|-heal|p1a: Tentacruel|94/100|[from] item: Leftovers
|upkeep
|turn|9
|
|t:|1760776605
|move|p1a: Tentacruel|Knock Off|p2a: Gholdengo
|-supereffective|p2a: Gholdengo
|-damage|p2a: Gholdengo|68/100
|-enditem|p2a: Gholdengo|Covert Cloak|[from] move: Knock Off|[of] p1a: Tentacruel
|move|p2a: Gholdengo|Shadow Ball|p1a: Tentacruel
|-damage|p1a: Tentacruel|44/100
|
|-heal|p1a: Tentacruel|50/100|[from] item: Leftovers
|upkeep
|turn|10
|-message|anko uguisu forfeited.
|
|win|dinolugia
|raw|anko uguisu's rating: 1208 &rarr; <strong>1181</strong><br />(-27 for losing)
|raw|dinolugia's rating: 1186 &rarr; <strong>1213</strong><br />(+27 for winning)
|l|☆anko uguisu
|player|p1|
|l|☆dinolugia
|player|p2|
