|j|☆Reginald Chaos
|j|☆misanga
|t:|1760762862
|gametype|singles
|player|p1|Reginald Chaos|2|1590
|player|p2|misanga|liko|1679
|gen|9
|tier|[Gen 9] OU
|rated|
|rule|HP Percentage Mod: HP is shown in percentages
|rule|Endless Battle Clause: Forcing endless battles is banned
|rule|Species Clause: Limit one of each Pokémon
|rule|OHKO Clause: OHKO moves are banned
|rule|Evasion Items Clause: Evasion items are banned
|rule|Evasion Moves Clause: Evasion moves are banned
|rule|Evasion Abilities Clause: Evasion abilities are banned
|rule|Sleep Moves Clause: Sleep-inducing moves are banned
|clearpoke
|poke|p1|Araquanid, F|
|poke|p1|Gholdengo|
|poke|p1|Iron Moth|
|poke|p1|Iron Valiant|
|poke|p1|Raging Bolt|
|poke|p1|Kingambit, F|
|poke|p2|Slowking-Galar, M|
|poke|p2|Cinderace, F|
|poke|p2|Landorus-Therian, M|
|poke|p2|Iron Valiant|
|poke|p2|Kyurem|
|poke|p2|Kingambit, F|
|teampreview
|inactive|Battle timer is ON: inactive players will automatically lose when time's up. (requested by misanga)
|
|t:|1760762876
|teamsize|p1|6
|teamsize|p2|6
|start
|switch|p1a: Iron Valiant|Iron Valiant|100/100
|switch|p2a: Float Away|Landorus-Therian, M|100/100
|-ability|p2a: Float Away|Intimidate|boost
|-unboost|p1a: Iron Valiant|atk|1
|-enditem|p1a: Iron Valiant|Booster Energy
|-activate|p1a: Iron Valiant|ability: Quark Drive|[fromitem]
|-start|p1a: Iron Valiant|quarkdrivespa
|turn|1
|
|t:|1760762884
|switch|p2a: Strange Weather|Slowking-Galar, M|100/100
|move|p1a: Iron Valiant|Moonblast|p2a: Strange Weather
|-resisted|p2a: Strange Weather
|-damage|p2a: Strange Weather|80/100
|-unboost|p2a: Strange Weather|spa|1
|
|upkeep
|turn|2
|
|t:|1760762892
|-terastallize|p1a: Iron Valiant|Ghost
|move|p1a: Iron Valiant|Calm Mind|p1a: Iron Valiant
|-boost|p1a: Iron Valiant|spa|1
|-boost|p1a: Iron Valiant|spd|1
|move|p2a: Strange Weather|Sludge Bomb|p1a: Iron Valiant
|-resisted|p1a: Iron Valiant
|-damage|p1a: Iron Valiant|87/100
|
|upkeep
|turn|3
|
|t:|1760762895
|move|p1a: Iron Valiant|Shadow Ball|p2a: Strange Weather
|-supereffective|p2a: Strange Weather
|-crit|p2a: Strange Weather
|-damage|p2a: Strange Weather|0 fnt
|faint|p2a: Strange Weather
|
|upkeep
|
|t:|1760762899
|switch|p2a: Map of the Stars|Iron Valiant|100/100
|-enditem|p2a: Map of the Stars|Booster Energy
|-activate|p2a: Map of the Stars|ability: Quark Drive|[fromitem]
|-start|p2a: Map of the Stars|quarkdrivespe
|turn|4
|
|t:|1760762905
|move|p2a: Map of the Stars|Knock Off|p1a: Iron Valiant
|-supereffective|p1a: Iron Valiant
|-damage|p1a: Iron Valiant|34/100
|move|p1a: Iron Valiant|Shadow Ball|p2a: Map of the Stars
|-damage|p2a: Map of the Stars|0 fnt
|faint|p2a: Map of the Stars
|-end|p2a: Map of the Stars|Quark Drive|[silent]
|
|upkeep
|j| Kyurem
|
|t:|1760762910
|switch|p2a: Phoenix|Cinderace, F|100/100
|turn|5
|
|t:|1760762912
|move|p1a: Iron Valiant|Vacuum Wave|p2a: Phoenix
|-damage|p2a: Phoenix|48/100
|move|p2a: Phoenix|Pyro Ball|p1a: Iron Valiant
|-damage|p1a: Iron Valiant|0 fnt
|faint|p1a: Iron Valiant
|-end|p1a: Iron Valiant|Quark Drive|[silent]
|
|upkeep
|
|t:|1760762922
|switch|p1a: Araquanid|Araquanid, F|100/100
|turn|6
|
|t:|1760762923
|move|p2a: Phoenix|U-turn|p1a: Araquanid
|-damage|p1a: Araquanid|82/100
|
|t:|1760762926
|switch|p2a: Acolyte|Kyurem|100/100|[from] U-turn
|-ability|p2a: Acolyte|Pressure
|move|p1a: Araquanid|Surf|p2a: Acolyte
|-resisted|p2a: Acolyte
|-damage|p2a: Acolyte|84/100
|
|-heal|p2a: Acolyte|90/100|[from] item: Leftovers
|upkeep
|turn|7
|
|t:|1760762932
|move|p2a: Acolyte|Freeze-Dry|p1a: Araquanid
|-supereffective|p1a: Araquanid
|-damage|p1a: Araquanid|37/100
|move|p1a: Araquanid|Sticky Web|p2a: Acolyte
|-sidestart|p2: misanga|move: Sticky Web
|
|-heal|p2a: Acolyte|96/100|[from] item: Leftovers
|upkeep
|turn|8
|
|t:|1760762936
|move|p2a: Acolyte|Substitute|p2a: Acolyte
|-start|p2a: Acolyte|Substitute
|-damage|p2a: Acolyte|71/100
|move|p1a: Araquanid|Endeavor|p2a: Acolyte
|-end|p2a: Acolyte|Substitute
|
|-heal|p2a: Acolyte|77/100|[from] item: Leftovers
|upkeep
|turn|9
|
|t:|1760762940
|move|p2a: Acolyte|Protect|p2a: Acolyte
|-singleturn|p2a: Acolyte|Protect
|move|p1a: Araquanid|Endeavor|p2a: Acolyte
|-activate|p2a: Acolyte|move: Protect
|
|-heal|p2a: Acolyte|83/100|[from] item: Leftovers
|upkeep
|turn|10
|
|t:|1760762942
|move|p2a: Acolyte|Freeze-Dry|p1a: Araquanid
|-supereffective|p1a: Araquanid
|-damage|p1a: Araquanid|0 fnt
|faint|p1a: Araquanid
|
|-heal|p2a: Acolyte|90/100|[from] item: Leftovers
|upkeep
|
|t:|1760762954
|switch|p1a: Iron Moth|Iron Moth|100/100
|-enditem|p1a: Iron Moth|Booster Energy
|-activate|p1a: Iron Moth|ability: Quark Drive|[fromitem]
|-start|p1a: Iron Moth|quarkdrivespa
|turn|11
|
|t:|1760762957
|move|p2a: Acolyte|Protect|p2a: Acolyte
|-singleturn|p2a: Acolyte|Protect
|move|p1a: Iron Moth|Sludge Wave|p2a: Acolyte
|-activate|p2a: Acolyte|move: Protect
|
|-heal|p2a: Acolyte|96/100|[from] item: Leftovers
|upkeep
|turn|12
|
|t:|1760762959
|move|p1a: Iron Moth|Sludge Wave|p2a: Acolyte
|-damage|p2a: Acolyte|36/100
|move|p2a: Acolyte|Earth Power|p1a: Iron Moth
|-supereffective|p1a: Iron Moth
|-damage|p1a: Iron Moth|0 fnt
|faint|p1a: Iron Moth
|-end|p1a: Iron Moth|Quark Drive|[silent]
|
|-heal|p2a: Acolyte|42/100|[from] item: Leftovers
|upkeep
|
|t:|1760762966
|switch|p1a: Gholdengo|Gholdengo|100/100
|-item|p1a: Gholdengo|Air Balloon
|turn|13
|
|t:|1760762969
|move|p2a: Acolyte|Freeze-Dry|p1a: Gholdengo
|-resisted|p1a: Gholdengo
|-damage|p1a: Gholdengo|80/100
|-enditem|p1a: Gholdengo|Air Balloon
|move|p1a: Gholdengo|Make It Rain|p2a: Acolyte
|-supereffective|p2a: Acolyte
|-damage|p2a: Acolyte|0 fnt
|-unboost|p1a: Gholdengo|spa|1
|faint|p2a: Acolyte
|
|upkeep
|
|t:|1760762974
|switch|p2a: Float Away|Landorus-Therian, M|100/100
|-ability|p2a: Float Away|Intimidate|boost
|-unboost|p1a: Gholdengo|atk|1
|turn|14
|
|t:|1760762979
|switch|p1a: Kingambit|Kingambit, F|100/100
|-activate|p1a: Kingambit|ability: Supreme Overlord
|-start|p1a: Kingambit|fallen3|[silent]
|-item|p1a: Kingambit|Air Balloon
|move|p2a: Float Away|Earthquake|p1a: Kingambit
|-immune|p1a: Kingambit
|
|upkeep
|turn|15
|
|t:|1760762984
|move|p2a: Float Away|U-turn|p1a: Kingambit
|-damage|p1a: Kingambit|81/100
|-enditem|p1a: Kingambit|Air Balloon
|
|t:|1760762986
|switch|p2a: Phoenix|Cinderace, F|48/100|[from] U-turn
|move|p1a: Kingambit|Kowtow Cleave|p2a: Phoenix
|-damage|p2a: Phoenix|0 fnt
|faint|p2a: Phoenix
|
|upkeep
|
|t:|1760762987
|switch|p2a: Float Away|Landorus-Therian, M|100/100
|-ability|p2a: Float Away|Intimidate|boost
|-unboost|p1a: Kingambit|atk|1
|turn|16
|
|t:|1760762998
|-end|p1a: Kingambit|fallen3|[silent]
|switch|p1a: Gholdengo|Gholdengo|80/100
|move|p2a: Float Away|Earthquake|p1a: Gholdengo
|-supereffective|p1a: Gholdengo
|-damage|p1a: Gholdengo|0 fnt
|faint|p1a: Gholdengo
|
|upkeep
|
|t:|1760763001
|switch|p1a: Kingambit|Kingambit, F|81/100
|-activate|p1a: Kingambit|ability: Supreme Overlord
|-start|p1a: Kingambit|fallen4|[silent]
|turn|17
|
|t:|1760763010
|move|p1a: Kingambit|Sucker Punch|p2a: Float Away
|-damage|p2a: Float Away|52/100
|-damage|p1a: Kingambit|64/100|[from] item: Rocky Helmet|[of] p2a: Float Away
|move|p2a: Float Away|Earthquake|p1a: Kingambit
|-supereffective|p1a: Kingambit
|-damage|p1a: Kingambit|0 fnt
|faint|p1a: Kingambit
|-end|p1a: Kingambit|fallen4|[silent]
|
|upkeep
|
|t:|1760763012
|switch|p1a: Raging Bolt|Raging Bolt|100/100
|-enditem|p1a: Raging Bolt|Booster Energy
|-activate|p1a: Raging Bolt|ability: Protosynthesis|[fromitem]
|-start|p1a: Raging Bolt|protosynthesisspa
|turn|18
|j| wgw2333
|
|t:|1760763014
|move|p2a: Float Away|Earthquake|p1a: Raging Bolt
|-supereffective|p1a: Raging Bolt
|-damage|p1a: Raging Bolt|14/100
|move|p1a: Raging Bolt|Dragon Pulse|p2a: Float Away
|-damage|p2a: Float Away|0 fnt
|faint|p2a: Float Away
|
|upkeep
|
|t:|1760763017
|switch|p2a: Black Oak|Kingambit, F|100/100
|-activate|p2a: Black Oak|move: Sticky Web
|-unboost|p2a: Black Oak|spe|1
|-activate|p2a: Black Oak|ability: Supreme Overlord
|-start|p2a: Black Oak|fallen5|[silent]
|turn|19
|
|t:|1760763019
|move|p1a: Raging Bolt|Calm Mind|p1a: Raging Bolt
|-boost|p1a: Raging Bolt|spa|1
|-boost|p1a: Raging Bolt|spd|1
|move|p2a: Black Oak|Kowtow Cleave|p1a: Raging Bolt
|-damage|p1a: Raging Bolt|0 fnt
|faint|p1a: Raging Bolt
|-end|p1a: Raging Bolt|Protosynthesis|[silent]
|
|win|misanga
|raw|Reginald Chaos's rating: 1590 &rarr; <strong>1575</strong><br />(-15 for losing)
|raw|misanga's rating: 1679 &rarr; <strong>1694</strong><br />(+15 for winning)
|l|☆Reginald Chaos
|player|p1|
|l| wgw2333
|l|☆misanga
|player|p2|
|l| Kyurem
