|j|☆ultracentrifuge
|j|☆werearewe
|t:|1760768843
|gametype|singles
|player|p1|ultracentrifuge|hilda-masters3|1459
|player|p2|werearewe|170|1598
|gen|9
|tier|[Gen 9] OU
|rated|
|rule|HP Percentage Mod: HP is shown in percentages
|rule|Endless Battle Clause: Forcing endless battles is banned
|rule|Species Clause: Limit one of each Pokémon
|rule|OHKO Clause: OHKO moves are banned
|rule|Evasion Items Clause: Evasion items are banned
|rule|Evasion Moves Clause: Evasion moves are banned
|rule|Evasion Abilities Clause: Evasion abilities are banned
|rule|Sleep Moves Clause: Sleep-inducing moves are banned
|clearpoke
|poke|p1|Landorus-Therian, M|
|poke|p1|Cinderace, M|
|poke|p1|Zamazenta-*|
|poke|p1|Slowking-Galar, F|
|poke|p1|Ogerpon-Wellspring, F|
|poke|p1|Hydreigon, M|
|poke|p2|Ribombee, F|
|poke|p2|Cinderace, F|
|poke|p2|Ogerpon, F|
|poke|p2|Milotic, M|
|poke|p2|Kingambit, M|
|poke|p2|Empoleon, F|
|teampreview
|
|t:|1760768853
|teamsize|p1|6
|teamsize|p2|6
|start
|switch|p1a: Landorus|Landorus-Therian, M|100/100
|switch|p2a: Ribombee|Ribombee, F|100/100
|-ability|p1a: Landorus|Intimidate|boost
|-unboost|p2a: Ribombee|atk|1
|turn|1
|
|t:|1760768886
|move|p2a: Ribombee|Sticky Web|p1a: Landorus
|-sidestart|p1: ultracentrifuge|move: Sticky Web
|move|p1a: Landorus|Stealth Rock|p2a: Ribombee
|-sidestart|p2: werearewe|move: Stealth Rock
|
|upkeep
|turn|2
|
|t:|1760768892
|move|p2a: Ribombee|Moonblast|p1a: Landorus
|-damage|p1a: Landorus|57/100
|move|p1a: Landorus|U-turn|p2a: Ribombee
|-resisted|p2a: Ribombee
|-damage|p2a: Ribombee|77/100
|
|t:|1760768897
|switch|p1a: Cinderace|Cinderace, M|100/100|[from] U-turn
|
|upkeep
|turn|3
|
|t:|1760768900
|move|p2a: Ribombee|Stun Spore|p1a: Cinderace
|-status|p1a: Cinderace|par
|move|p1a: Cinderace|Pyro Ball|p2a: Ribombee
|-supereffective|p2a: Ribombee
|-damage|p2a: Ribombee|0 fnt
|faint|p2a: Ribombee
|
|upkeep
|
|t:|1760768905
|switch|p2a: Cinderace|Cinderace, F|100/100
|turn|4
|
|t:|1760768909
|move|p2a: Cinderace|Court Change|p2a: Cinderace
|-swapsideconditions
|-activate|p2a: Cinderace|move: Court Change
|cant|p1a: Cinderace|par
|
|upkeep
|turn|5
|
|t:|1760768922
|move|p2a: Cinderace|U-turn|p1a: Cinderace
|-resisted|p1a: Cinderace
|-damage|p1a: Cinderace|90/100 par
|
|t:|1760768926
|switch|p2a: Empoleon|Empoleon, F|100/100|[from] U-turn
|-activate|p2a: Empoleon|move: Sticky Web
|-unboost|p2a: Empoleon|spe|1
|-ability|p2a: Empoleon|Competitive|boost
|-boost|p2a: Empoleon|spa|2
|cant|p1a: Cinderace|par
|
|upkeep
|turn|6
|
|t:|1760768938
|switch|p1a: Slowking|Slowking-Galar, F|100/100
|-damage|p1a: Slowking|88/100|[from] Stealth Rock
|move|p2a: Empoleon|Surf|p1a: Slowking
|-damage|p1a: Slowking|47/100
|
|upkeep
|turn|7
|
|t:|1760768956
|switch|p1a: Ogerpon|Ogerpon-Wellspring, F|100/100
|-damage|p1a: Ogerpon|88/100|[from] Stealth Rock
|move|p2a: Empoleon|Surf|p1a: Ogerpon
|-heal|p1a: Ogerpon|100/100|[from] ability: Water Absorb|[of] p2a: Empoleon
|
|upkeep
|turn|8
|
|t:|1760768977
|move|p1a: Ogerpon|Horn Leech|p2a: Empoleon
|-damage|p2a: Empoleon|53/100
|move|p2a: Empoleon|Ice Beam|p1a: Ogerpon
|-damage|p1a: Ogerpon|33/100
|
|upkeep
|turn|9
|
|t:|1760769015
|switch|p1a: Slowking|Slowking-Galar, F|80/100
|-damage|p1a: Slowking|68/100|[from] Stealth Rock
|move|p2a: Empoleon|Ice Beam|p1a: Slowking
|-damage|p1a: Slowking|40/100
|
|upkeep
|turn|10
|
|t:|1760769044
|switch|p1a: Ogerpon|Ogerpon-Wellspring, F|33/100
|-damage|p1a: Ogerpon|20/100|[from] Stealth Rock
|move|p2a: Empoleon|Surf|p1a: Ogerpon
|-heal|p1a: Ogerpon|45/100|[from] ability: Water Absorb|[of] p2a: Empoleon
|
|upkeep
|turn|11
|
|t:|1760769054
|move|p1a: Ogerpon|Horn Leech|p2a: Empoleon
|-damage|p2a: Empoleon|6/100
|-heal|p1a: Ogerpon|75/100|[from] drain|[of] p2a: Empoleon
|move|p2a: Empoleon|Ice Beam|p1a: Ogerpon
|-damage|p1a: Ogerpon|1/100
|
|upkeep
|turn|12
|
|t:|1760769066
|move|p2a: Empoleon|Vacuum Wave|p1a: Ogerpon
|-damage|p1a: Ogerpon|0 fnt
|faint|p1a: Ogerpon
|
|upkeep
|
|t:|1760769073
|switch|p1a: Landorus|Landorus-Therian, M|57/100
|-damage|p1a: Landorus|45/100|[from] Stealth Rock
|-ability|p1a: Landorus|Intimidate|boost
|-unboost|p2a: Empoleon|atk|1
|-ability|p2a: Empoleon|Competitive|boost
|-boost|p2a: Empoleon|spa|2
|turn|13
|
|t:|1760769081
|move|p2a: Empoleon|Vacuum Wave|p1a: Landorus
|-resisted|p1a: Landorus
|-damage|p1a: Landorus|22/100
|move|p1a: Landorus|U-turn|p2a: Empoleon
|-resisted|p2a: Empoleon
|-crit|p2a: Empoleon
|-damage|p2a: Empoleon|0 fnt
|faint|p2a: Empoleon
|
|t:|1760769088
|switch|p1a: Hydreigon|Hydreigon, M|100/100|[from] U-turn
|-damage|p1a: Hydreigon|88/100|[from] Stealth Rock
|
|upkeep
|
|t:|1760769097
|switch|p2a: Milotic|Milotic, M|100/100
|-activate|p2a: Milotic|move: Sticky Web
|-unboost|p2a: Milotic|spe|1
|-ability|p2a: Milotic|Competitive|boost
|-boost|p2a: Milotic|spa|2
|turn|14
|
|t:|1760769108
|-terastallize|p1a: Hydreigon|Steel
|move|p1a: Hydreigon|Draco Meteor|p2a: Milotic
|-damage|p2a: Milotic|54/100
|-unboost|p1a: Hydreigon|spa|2
|move|p2a: Milotic|Draining Kiss|p1a: Hydreigon
|-resisted|p1a: Hydreigon
|-damage|p1a: Hydreigon|70/100
|-heal|p2a: Milotic|65/100|[from] drain|[of] p1a: Hydreigon
|
|upkeep
|turn|15
|
|t:|1760769125
|switch|p1a: Slowking|Slowking-Galar, F|73/100
|-damage|p1a: Slowking|61/100|[from] Stealth Rock
|move|p2a: Milotic|Scald|p1a: Slowking
|-damage|p1a: Slowking|20/100
|
|upkeep
|turn|16
|
|t:|1760769137
|move|p2a: Milotic|Scald|p1a: Slowking
|-damage|p1a: Slowking|0 fnt
|faint|p1a: Slowking
|
|upkeep
|
|t:|1760769139
|switch|p1a: Zamazenta|Zamazenta|100/100
|-damage|p1a: Zamazenta|94/100|[from] Stealth Rock
|-ability|p1a: Zamazenta|Dauntless Shield|boost
|-boost|p1a: Zamazenta|def|1
|turn|17
|j| Djpokey
|
|t:|1760769145
|-terastallize|p2a: Milotic|Fairy
|move|p1a: Zamazenta|Body Press|p2a: Milotic
|-resisted|p2a: Milotic
|-damage|p2a: Milotic|35/100
|move|p2a: Milotic|Draining Kiss|p1a: Zamazenta
|-supereffective|p1a: Zamazenta
|-damage|p1a: Zamazenta|1/100
|-heal|p2a: Milotic|97/100|[from] drain|[of] p1a: Zamazenta
|
|-heal|p1a: Zamazenta|7/100|[from] item: Leftovers
|upkeep
|turn|18
|
|t:|1760769158
|switch|p1a: Cinderace|Cinderace, M|90/100 par
|move|p2a: Milotic|Draining Kiss|p1a: Cinderace
|-resisted|p1a: Cinderace
|-damage|p1a: Cinderace|52/100 par
|-heal|p2a: Milotic|100/100|[from] drain|[of] p1a: Cinderace
|
|upkeep
|turn|19
|c| Djpokey|lock in
|c|☆ultracentrifuge|cant
|
|t:|1760769186
|cant|p1a: Cinderace|par
|move|p2a: Milotic|Scald|p1a: Cinderace
|-supereffective|p1a: Cinderace
|-damage|p1a: Cinderace|0 fnt
|faint|p1a: Cinderace
|
|upkeep
|c| Djpokey|yeah ggs
|
|t:|1760769201
|switch|p1a: Hydreigon|Hydreigon, M, tera:Steel|70/100
|-damage|p1a: Hydreigon|64/100|[from] Stealth Rock
|turn|20
|c|☆ultracentrifuge|gg
|
|t:|1760769218
|move|p1a: Hydreigon|Flash Cannon|p2a: Milotic
|-supereffective|p2a: Milotic
|-damage|p2a: Milotic|43/100
|move|p2a: Milotic|Scald|p1a: Hydreigon
|-damage|p1a: Hydreigon|0 fnt
|faint|p1a: Hydreigon
|
|upkeep
|
|t:|1760769231
|switch|p1a: Landorus|Landorus-Therian, M|22/100
|-damage|p1a: Landorus|10/100|[from] Stealth Rock
|-ability|p1a: Landorus|Intimidate|boost
|-unboost|p2a: Milotic|atk|1
|-ability|p2a: Milotic|Competitive|boost
|-boost|p2a: Milotic|spa|2
|turn|21
|
|t:|1760769274
|move|p1a: Landorus|Earthquake|p2a: Milotic
|-damage|p2a: Milotic|0 fnt
|faint|p2a: Milotic
|
|upkeep
|c|☆ultracentrifuge|i was abt to court change on the u turn but i got para'd
|
|t:|1760769283
|switch|p2a: Ogerpon|Ogerpon, F|100/100
|-activate|p2a: Ogerpon|move: Sticky Web
|-unboost|p2a: Ogerpon|spe|1
|-ability|p2a: Ogerpon|Defiant|boost
|-boost|p2a: Ogerpon|atk|2
|-enditem|p2a: Ogerpon|White Herb
|-clearnegativeboost|p2a: Ogerpon|[silent]
|turn|22
|
|t:|1760769290
|move|p2a: Ogerpon|Ivy Cudgel|p1a: Landorus
|-damage|p1a: Landorus|0 fnt
|faint|p1a: Landorus
|
|upkeep
|
|t:|1760769293
|switch|p1a: Zamazenta|Zamazenta|7/100
|-damage|p1a: Zamazenta|1/100|[from] Stealth Rock
|turn|23
|
|t:|1760769297
|move|p1a: Zamazenta|Iron Defense|p1a: Zamazenta
|-boost|p1a: Zamazenta|def|2
|move|p2a: Ogerpon|Ivy Cudgel|p1a: Zamazenta
|-damage|p1a: Zamazenta|0 fnt
|faint|p1a: Zamazenta
|
|win|werearewe
|raw|ultracentrifuge's rating: 1459 &rarr; <strong>1445</strong><br />(-14 for losing)
|raw|werearewe's rating: 1559 &rarr; <strong>1573</strong><br />(+14 for winning)
|l| Djpokey
|c|☆ultracentrifuge|ehh no point crying g
|c|☆ultracentrifuge|g
|l|☆ultracentrifuge
|player|p1|
|l|☆werearewe
|player|p2|
