|j|☆cryogonow
|j|☆BoraxBlaster
|t:|1760791249
|gametype|singles
|player|p1|cryogonow|265|1151
|player|p2|BoraxBlaster|ethan|1185
|gen|9
|tier|[Gen 9] OU
|rated|
|rule|HP Percentage Mod: HP is shown in percentages
|rule|Endless Battle Clause: Forcing endless battles is banned
|rule|Species Clause: Limit one of each Pokémon
|rule|OHKO Clause: OHKO moves are banned
|rule|Evasion Items Clause: Evasion items are banned
|rule|Evasion Moves Clause: Evasion moves are banned
|rule|Evasion Abilities Clause: Evasion abilities are banned
|rule|Sleep Moves Clause: Sleep-inducing moves are banned
|clearpoke
|poke|p1|Samurott-Hisui, F|
|poke|p1|Slowking-Galar, M|
|poke|p1|Ting-Lu|
|poke|p1|Gholdengo|
|poke|p1|Clefable, M|
|poke|p1|Forretress, F|
|poke|p2|Landorus-Therian, M|
|poke|p2|Samurott-Hisui, M|
|poke|p2|Pecharunt|
|poke|p2|Scizor, F|
|poke|p2|Latios, M|
|poke|p2|Zamazenta-*|
|teampreview
|
|t:|1760791263
|teamsize|p1|6
|teamsize|p2|6
|start
|switch|p1a: Samurott|Samurott-Hisui, F|100/100
|switch|p2a: Scizor|Scizor, F|100/100
|turn|1
|
|t:|1760791273
|move|p1a: Samurott|Flip Turn|p2a: Scizor
|-damage|p2a: Scizor|65/100
|
|t:|1760791278
|switch|p1a: Forretress|Forretress, F|100/100|[from] Flip Turn
|move|p2a: Scizor|U-turn|p1a: Forretress
|-resisted|p1a: Forretress
|-damage|p1a: Forretress|86/100
|
|t:|1760791294
|switch|p2a: Landorus|Landorus-Therian, M|100/100|[from] U-turn
|-ability|p2a: Landorus|Intimidate|boost
|-unboost|p1a: Forretress|atk|1
|
|upkeep
|turn|2
|
|t:|1760791305
|switch|p1a: Clefable|Clefable, M|100/100
|move|p2a: Landorus|Stealth Rock|p1a: Clefable
|-sidestart|p1: cryogonow|move: Stealth Rock
|
|upkeep
|turn|3
|
|t:|1760791320
|move|p2a: Landorus|U-turn|p1a: Clefable
|-resisted|p1a: Clefable
|-damage|p1a: Clefable|92/100
|
|t:|1760791322
|switch|p2a: Scizor|Scizor, F|65/100|[from] U-turn
|move|p1a: Clefable|Knock Off|p2a: Scizor
|-damage|p2a: Scizor|50/100
|-enditem|p2a: Scizor|Heavy-Duty Boots|[from] move: Knock Off|[of] p1a: Clefable
|
|-heal|p1a: Clefable|98/100|[from] item: Leftovers
|upkeep
|turn|4
|
|t:|1760791338
|switch|p1a: Forretress|Forretress, F|86/100
|move|p2a: Scizor|Bullet Punch|p1a: Forretress
|-resisted|p1a: Forretress
|-damage|p1a: Forretress|75/100
|
|upkeep
|turn|5
|
|t:|1760791346
|move|p2a: Scizor|U-turn|p1a: Forretress
|-resisted|p1a: Forretress
|-damage|p1a: Forretress|62/100
|
|t:|1760791356
|switch|p2a: Samurott|Samurott-Hisui, M|100/100|[from] U-turn
|move|p1a: Forretress|Rapid Spin|p2a: Samurott
|-damage|p2a: Samurott|87/100
|-boost|p1a: Forretress|spe|1
|-sideend|p1: cryogonow|Stealth Rock|[from] move: Rapid Spin|[of] p1a: Forretress
|
|upkeep
|turn|6
|
|t:|1760791369
|move|p2a: Samurott|Ceaseless Edge|p1a: Forretress
|-crit|p1a: Forretress
|-damage|p1a: Forretress|10/100
|-sidestart|p1: cryogonow|Spikes
|move|p1a: Forretress|Volt Switch|p2a: Samurott
|-supereffective|p2a: Samurott
|-damage|p2a: Samurott|68/100
|
|t:|1760791378
|switch|p1a: Clefable|Clefable, M|98/100|[from] Volt Switch
|
|-heal|p1a: Clefable|100/100|[from] item: Leftovers
|upkeep
|turn|7
|
|t:|1760791393
|switch|p2a: Landorus|Landorus-Therian, M|100/100
|-ability|p2a: Landorus|Intimidate|boost
|-unboost|p1a: Clefable|atk|1
|move|p1a: Clefable|Moonblast|p2a: Landorus
|-damage|p2a: Landorus|66/100
|
|upkeep
|turn|8
|
|t:|1760791404
|move|p2a: Landorus|Earthquake|p1a: Clefable
|-damage|p1a: Clefable|64/100
|move|p1a: Clefable|Knock Off|p2a: Landorus
|-damage|p2a: Landorus|57/100
|-enditem|p2a: Landorus|Rocky Helmet|[from] move: Knock Off|[of] p1a: Clefable
|
|-heal|p1a: Clefable|71/100|[from] item: Leftovers
|upkeep
|turn|9
|
|t:|1760791414
|move|p2a: Landorus|U-turn|p1a: Clefable
|-resisted|p1a: Clefable
|-damage|p1a: Clefable|63/100
|
|t:|1760791422
|switch|p2a: Pecharunt|Pecharunt|100/100|[from] U-turn
|move|p1a: Clefable|Moonblast|p2a: Pecharunt
|-resisted|p2a: Pecharunt
|-damage|p2a: Pecharunt|84/100
|
|-heal|p1a: Clefable|69/100|[from] item: Leftovers
|upkeep
|turn|10
|
|t:|1760791435
|switch|p1a: Forretress|Forretress, F|10/100
|move|p2a: Pecharunt|Malignant Chain|p1a: Forretress
|-immune|p1a: Forretress
|
|upkeep
|turn|11
|
|t:|1760791444
|move|p2a: Pecharunt|Shadow Ball|p1a: Forretress
|-damage|p1a: Forretress|0 fnt
|faint|p1a: Forretress
|
|upkeep
|
|t:|1760791454
|switch|p1a: Slowking|Slowking-Galar, M|100/100
|turn|12
|
|t:|1760791473
|-terastallize|p2a: Pecharunt|Ghost
|move|p2a: Pecharunt|Shadow Ball|p1a: Slowking
|-supereffective|p1a: Slowking
|-damage|p1a: Slowking|60/100
|-unboost|p1a: Slowking|spd|1
|-prepare|p1a: Slowking|Chilly Reception|[premajor]
|move|p1a: Slowking|Chilly Reception|p1a: Slowking
|-weather|Snowscape
|
|t:|1760791486
|switch|p1a: Ting-Lu|Ting-Lu|100/100|[from] Chilly Reception
|-damage|p1a: Ting-Lu|88/100|[from] Spikes
|-ability|p1a: Ting-Lu|Vessel of Ruin
|
|-weather|Snowscape|[upkeep]
|-heal|p1a: Ting-Lu|94/100|[from] item: Leftovers
|upkeep
|turn|13
|
|t:|1760791498
|move|p2a: Pecharunt|Malignant Chain|p1a: Ting-Lu
|-resisted|p1a: Ting-Lu
|-damage|p1a: Ting-Lu|88/100
|-status|p1a: Ting-Lu|tox
|-start|p1a: Ting-Lu|confusion|[from] ability: Poison Puppeteer|[of] p2a: Pecharunt
|-activate|p1a: Ting-Lu|confusion
|move|p1a: Ting-Lu|Ruination|p2a: Pecharunt
|-damage|p2a: Pecharunt|42/100
|
|-weather|Snowscape|[upkeep]
|-heal|p1a: Ting-Lu|94/100 tox|[from] item: Leftovers
|-damage|p1a: Ting-Lu|88/100 tox|[from] psn
|upkeep
|turn|14
|
|t:|1760791515
|switch|p1a: Gholdengo|Gholdengo|100/100
|-item|p1a: Gholdengo|Air Balloon
|move|p2a: Pecharunt|Recover|p2a: Pecharunt
|-heal|p2a: Pecharunt|93/100
|
|-weather|Snowscape|[upkeep]
|upkeep
|turn|15
|
|t:|1760791527
|move|p2a: Pecharunt|Shadow Ball|p1a: Gholdengo
|-supereffective|p1a: Gholdengo
|-damage|p1a: Gholdengo|28/100
|-enditem|p1a: Gholdengo|Air Balloon
|move|p1a: Gholdengo|Shadow Ball|p2a: Pecharunt
|-supereffective|p2a: Pecharunt
|-damage|p2a: Pecharunt|10/100
|
|-weather|Snowscape|[upkeep]
|upkeep
|turn|16
|
|t:|1760791540
|switch|p1a: Ting-Lu|Ting-Lu|88/100 tox
|-damage|p1a: Ting-Lu|76/100 tox|[from] Spikes
|-ability|p1a: Ting-Lu|Vessel of Ruin
|move|p2a: Pecharunt|Shadow Ball|p1a: Ting-Lu
|-resisted|p1a: Ting-Lu
|-damage|p1a: Ting-Lu|69/100 tox
|-unboost|p1a: Ting-Lu|spd|1
|
|-weather|none
|-heal|p1a: Ting-Lu|75/100 tox|[from] item: Leftovers
|-damage|p1a: Ting-Lu|69/100 tox|[from] psn
|upkeep
|turn|17
|
|t:|1760791555
|move|p2a: Pecharunt|Recover|p2a: Pecharunt
|-heal|p2a: Pecharunt|60/100
|move|p1a: Ting-Lu|Earthquake|p2a: Pecharunt
|-damage|p2a: Pecharunt|36/100
|
|-heal|p1a: Ting-Lu|75/100 tox|[from] item: Leftovers
|-damage|p1a: Ting-Lu|63/100 tox|[from] psn
|upkeep
|turn|18
|
|t:|1760791565
|move|p2a: Pecharunt|Recover|p2a: Pecharunt
|-heal|p2a: Pecharunt|86/100
|move|p1a: Ting-Lu|Whirlwind|p2a: Pecharunt
|drag|p2a: Zamazenta|Zamazenta|100/100
|-ability|p2a: Zamazenta|Dauntless Shield|boost
|-boost|p2a: Zamazenta|def|1
|
|-heal|p1a: Ting-Lu|69/100 tox|[from] item: Leftovers
|-damage|p1a: Ting-Lu|50/100 tox|[from] psn
|upkeep
|turn|19
|
|t:|1760791579
|switch|p1a: Clefable|Clefable, M|69/100
|move|p2a: Zamazenta|Body Press|p1a: Clefable
|-resisted|p1a: Clefable
|-damage|p1a: Clefable|45/100
|
|-heal|p1a: Clefable|51/100|[from] item: Leftovers
|upkeep
|turn|20
|
|t:|1760791595
|switch|p2a: Pecharunt|Pecharunt, tera:Ghost|86/100
|move|p1a: Clefable|Moonlight|p1a: Clefable
|-heal|p1a: Clefable|100/100
|
|upkeep
|turn|21
|
|t:|1760791603
|switch|p1a: Slowking|Slowking-Galar, M|93/100
|move|p2a: Pecharunt|Malignant Chain|p1a: Slowking
|-resisted|p1a: Slowking
|-damage|p1a: Slowking|83/100
|
|upkeep
|turn|22
|
|t:|1760791620
|move|p2a: Pecharunt|Shadow Ball|p1a: Slowking
|-supereffective|p1a: Slowking
|-damage|p1a: Slowking|44/100
|move|p1a: Slowking|Thunder Wave|p2a: Pecharunt
|-status|p2a: Pecharunt|par
|
|upkeep
|turn|23
|
|t:|1760791628
|move|p2a: Pecharunt|Shadow Ball|p1a: Slowking
|-supereffective|p1a: Slowking
|-damage|p1a: Slowking|6/100
|-unboost|p1a: Slowking|spd|1
|-prepare|p1a: Slowking|Chilly Reception|[premajor]
|move|p1a: Slowking|Chilly Reception|p1a: Slowking
|-weather|Snowscape
|
|t:|1760791642
|switch|p1a: Samurott|Samurott-Hisui, F|100/100|[from] Chilly Reception
|
|-weather|Snowscape|[upkeep]
|upkeep
|turn|24
|
|t:|1760791660
|switch|p2a: Zamazenta|Zamazenta|100/100
|move|p1a: Samurott|Knock Off|p2a: Zamazenta
|-resisted|p2a: Zamazenta
|-damage|p2a: Zamazenta|84/100
|-enditem|p2a: Zamazenta|Leftovers|[from] move: Knock Off|[of] p1a: Samurott
|
|-weather|Snowscape|[upkeep]
|upkeep
|turn|25
|
|t:|1760791678
|switch|p1a: Clefable|Clefable, M|100/100
|move|p2a: Zamazenta|Body Press|p1a: Clefable
|-resisted|p1a: Clefable
|-damage|p1a: Clefable|86/100
|
|-weather|Snowscape|[upkeep]
|-heal|p1a: Clefable|92/100|[from] item: Leftovers
|upkeep
|turn|26
|
|t:|1760791691
|switch|p2a: Pecharunt|Pecharunt, tera:Ghost|86/100 par
|move|p1a: Clefable|Knock Off|p2a: Pecharunt
|-supereffective|p2a: Pecharunt
|-damage|p2a: Pecharunt|73/100 par
|-enditem|p2a: Pecharunt|Heavy-Duty Boots|[from] move: Knock Off|[of] p1a: Clefable
|
|-weather|Snowscape|[upkeep]
|-heal|p1a: Clefable|98/100|[from] item: Leftovers
|upkeep
|turn|27
|
|t:|1760791706
|switch|p1a: Slowking|Slowking-Galar, M|39/100
|move|p2a: Pecharunt|Parting Shot|p1a: Slowking
|-unboost|p1a: Slowking|atk|1
|-unboost|p1a: Slowking|spa|1
|
|t:|1760791713
|switch|p2a: Samurott|Samurott-Hisui, M|68/100|[from] Parting Shot
|
|-weather|none
|upkeep
|turn|28
|
|t:|1760791722
|switch|p1a: Clefable|Clefable, M|98/100
|move|p2a: Samurott|Ceaseless Edge|p1a: Clefable
|-resisted|p1a: Clefable
|-damage|p1a: Clefable|81/100
|-sidestart|p1: cryogonow|Spikes
|
|-heal|p1a: Clefable|87/100|[from] item: Leftovers
|upkeep
|turn|29
|
|t:|1760791733
|switch|p2a: Scizor|Scizor, F|50/100
|move|p1a: Clefable|Moonblast|p2a: Scizor
|-resisted|p2a: Scizor
|-damage|p2a: Scizor|25/100
|
|-heal|p1a: Clefable|93/100|[from] item: Leftovers
|upkeep
|turn|30
|
|t:|1760791748
|switch|p1a: Slowking|Slowking-Galar, M|73/100
|move|p2a: Scizor|Swords Dance|p2a: Scizor
|-boost|p2a: Scizor|atk|2
|
|upkeep
|turn|31
|
|t:|1760791761
|move|p2a: Scizor|U-turn|p1a: Slowking
|-damage|p1a: Slowking|0 fnt
|faint|p1a: Slowking
|
|t:|1760791767
|switch|p2a: Pecharunt|Pecharunt, tera:Ghost|73/100 par|[from] U-turn
|
|upkeep
|
|t:|1760791771
|switch|p1a: Samurott|Samurott-Hisui, F|100/100
|turn|32
|
|t:|1760791784
|move|p1a: Samurott|Ceaseless Edge|p2a: Pecharunt
|-supereffective|p2a: Pecharunt
|-damage|p2a: Pecharunt|18/100 par
|-sidestart|p2: BoraxBlaster|Spikes
|move|p2a: Pecharunt|Parting Shot|p1a: Samurott
|-unboost|p1a: Samurott|atk|1
|-unboost|p1a: Samurott|spa|1
|
|t:|1760791790
|switch|p2a: Zamazenta|Zamazenta|84/100|[from] Parting Shot
|-damage|p2a: Zamazenta|72/100|[from] Spikes
|
|upkeep
|turn|33
|
|t:|1760791805
|switch|p1a: Clefable|Clefable, M|93/100
|move|p2a: Zamazenta|Body Press|p1a: Clefable
|-resisted|p1a: Clefable
|-damage|p1a: Clefable|78/100
|
|-heal|p1a: Clefable|84/100|[from] item: Leftovers
|upkeep
|turn|34
|
|t:|1760791818
|switch|p2a: Scizor|Scizor, F|25/100
|-damage|p2a: Scizor|13/100|[from] Spikes
|move|p1a: Clefable|Moonblast|p2a: Scizor
|-resisted|p2a: Scizor
|-damage|p2a: Scizor|0 fnt
|faint|p2a: Scizor
|
|-heal|p1a: Clefable|90/100|[from] item: Leftovers
|upkeep
|
|t:|1760791831
|switch|p2a: Landorus|Landorus-Therian, M|57/100
|-ability|p2a: Landorus|Intimidate|boost
|-unboost|p1a: Clefable|atk|1
|turn|35
|
|t:|1760791841
|move|p2a: Landorus|Earthquake|p1a: Clefable
|-damage|p1a: Clefable|56/100
|move|p1a: Clefable|Calm Mind|p1a: Clefable
|-boost|p1a: Clefable|spa|1
|-boost|p1a: Clefable|spd|1
|
|-heal|p1a: Clefable|62/100|[from] item: Leftovers
|upkeep
|turn|36
|
|t:|1760791852
|move|p2a: Landorus|Earthquake|p1a: Clefable
|-damage|p1a: Clefable|25/100
|move|p1a: Clefable|Moonlight|p1a: Clefable
|-heal|p1a: Clefable|75/100
|
|-heal|p1a: Clefable|81/100|[from] item: Leftovers
|upkeep
|turn|37
|
|t:|1760791866
|move|p2a: Landorus|U-turn|p1a: Clefable
|-resisted|p1a: Clefable
|-damage|p1a: Clefable|73/100
|
|t:|1760791869
|switch|p2a: Pecharunt|Pecharunt, tera:Ghost|18/100 par|[from] U-turn
|-damage|p2a: Pecharunt|6/100 par|[from] Spikes
|move|p1a: Clefable|Moonblast|p2a: Pecharunt
|-damage|p2a: Pecharunt|0 fnt
|faint|p2a: Pecharunt
|
|-heal|p1a: Clefable|79/100|[from] item: Leftovers
|upkeep
|
|t:|1760791890
|switch|p2a: Samurott|Samurott-Hisui, M|68/100
|-damage|p2a: Samurott|55/100|[from] Spikes
|turn|38
|
|t:|1760791895
|move|p2a: Samurott|Razor Shell|p1a: Clefable
|-damage|p1a: Clefable|33/100
|move|p1a: Clefable|Moonblast|p2a: Samurott
|-supereffective|p2a: Samurott
|-damage|p2a: Samurott|0 fnt
|faint|p2a: Samurott
|
|-heal|p1a: Clefable|39/100|[from] item: Leftovers
|upkeep
|
|t:|1760791909
|switch|p2a: Landorus|Landorus-Therian, M|57/100
|-ability|p2a: Landorus|Intimidate|boost
|-unboost|p1a: Clefable|atk|1
|turn|39
|
|t:|1760791913
|move|p2a: Landorus|Earthquake|p1a: Clefable
|-damage|p1a: Clefable|3/100
|move|p1a: Clefable|Moonlight|p1a: Clefable
|-heal|p1a: Clefable|53/100
|
|-heal|p1a: Clefable|59/100|[from] item: Leftovers
|upkeep
|turn|40
|
|t:|1760791933
|move|p2a: Landorus|Earthquake|p1a: Clefable
|-damage|p1a: Clefable|25/100
|move|p1a: Clefable|Moonlight|p1a: Clefable
|-heal|p1a: Clefable|75/100
|
|-heal|p1a: Clefable|81/100|[from] item: Leftovers
|upkeep
|turn|41
|
|t:|1760791945
|move|p2a: Landorus|Earthquake|p1a: Clefable
|-damage|p1a: Clefable|45/100
|move|p1a: Clefable|Moonblast|p2a: Landorus
|-damage|p2a: Landorus|5/100
|
|-heal|p1a: Clefable|51/100|[from] item: Leftovers
|upkeep
|turn|42
|
|t:|1760791956
|move|p2a: Landorus|U-turn|p1a: Clefable
|-resisted|p1a: Clefable
|-damage|p1a: Clefable|42/100
|
|t:|1760791960
|switch|p2a: Zamazenta|Zamazenta|72/100|[from] U-turn
|-damage|p2a: Zamazenta|59/100|[from] Spikes
|move|p1a: Clefable|Moonlight|p1a: Clefable
|-heal|p1a: Clefable|92/100
|
|-heal|p1a: Clefable|98/100|[from] item: Leftovers
|upkeep
|turn|43
|
|t:|1760791974
|move|p2a: Zamazenta|Iron Defense|p2a: Zamazenta
|-boost|p2a: Zamazenta|def|2
|move|p1a: Clefable|Moonblast|p2a: Zamazenta
|-supereffective|p2a: Zamazenta
|-damage|p2a: Zamazenta|0 fnt
|faint|p2a: Zamazenta
|
|-heal|p1a: Clefable|100/100|[from] item: Leftovers
|upkeep
|
|t:|1760791986
|switch|p2a: Latios|Latios, M|100/100
|turn|44
|
|t:|1760791993
|move|p2a: Latios|Psychic Noise|p1a: Clefable
|-damage|p1a: Clefable|70/100
|-start|p1a: Clefable|move: Heal Block
|move|p1a: Clefable|Knock Off|p2a: Latios
|-supereffective|p2a: Latios
|-damage|p2a: Latios|85/100
|-enditem|p2a: Latios|Soul Dew|[from] move: Knock Off|[of] p1a: Clefable
|
|upkeep
|turn|45
|
|t:|1760792003
|move|p2a: Latios|Psychic Noise|p1a: Clefable
|-damage|p1a: Clefable|46/100
|move|p1a: Clefable|Calm Mind|p1a: Clefable
|-boost|p1a: Clefable|spa|1
|-boost|p1a: Clefable|spd|1
|
|-end|p1a: Clefable|move: Heal Block
|upkeep
|turn|46
|
|t:|1760792013
|move|p2a: Latios|Psychic Noise|p1a: Clefable
|-damage|p1a: Clefable|26/100
|-start|p1a: Clefable|move: Heal Block
|move|p1a: Clefable|Moonblast|p2a: Latios
|-supereffective|p2a: Latios
|-damage|p2a: Latios|0 fnt
|faint|p2a: Latios
|
|upkeep
|
|t:|1760792023
|switch|p2a: Landorus|Landorus-Therian, M|5/100
|-ability|p2a: Landorus|Intimidate|boost
|-unboost|p1a: Clefable|atk|1
|turn|47
|
|t:|1760792030
|move|p2a: Landorus|Earthquake|p1a: Clefable
|-damage|p1a: Clefable|0 fnt
|faint|p1a: Clefable
|
|upkeep
|
|t:|1760792036
|switch|p1a: Samurott|Samurott-Hisui, F|100/100
|turn|48
|
|t:|1760792043
|-terastallize|p1a: Samurott|Poison
|move|p2a: Landorus|U-turn|p1a: Samurott
|-resisted|p1a: Samurott
|-damage|p1a: Samurott|87/100
|move|p1a: Samurott|Flip Turn|p2a: Landorus
|-supereffective|p2a: Landorus
|-damage|p2a: Landorus|0 fnt
|faint|p2a: Landorus
|
|win|cryogonow
|raw|cryogonow's rating: 1151 &rarr; <strong>1178</strong><br />(+27 for winning)
|raw|BoraxBlaster's rating: 1185 &rarr; <strong>1158</strong><br />(-27 for losing)
|l|☆BoraxBlaster
|player|p2|
