|j|☆keyboard1242
|j|☆100861aaa
|t:|1760807140
|gametype|singles
|player|p1|keyboard1242|cynthia|1110
|player|p2|100861aaa|cynthia-gen4|1083
|gen|9
|tier|[Gen 9] OU
|rated|
|rule|HP Percentage Mod: HP is shown in percentages
|rule|Endless Battle Clause: Forcing endless battles is banned
|rule|Species Clause: Limit one of each Pokémon
|rule|OHKO Clause: OHKO moves are banned
|rule|Evasion Items Clause: Evasion items are banned
|rule|Evasion Moves Clause: Evasion moves are banned
|rule|Evasion Abilities Clause: Evasion abilities are banned
|rule|Sleep Moves Clause: Sleep-inducing moves are banned
|clearpoke
|poke|p1|Meowscarada, F|
|poke|p1|Kyurem|
|poke|p1|Gholdengo|
|poke|p1|Dragonite, M|
|poke|p1|Iron Valiant|
|poke|p1|Great Tusk|
|poke|p2|Krookodile, M|
|poke|p2|Cinccino, M|
|poke|p2|Ambipom, M|
|poke|p2|Scizor, F|
|poke|p2|Maushold-Four|
|poke|p2|Gliscor, F|
|teampreview
|inactive|Battle timer is ON: inactive players will automatically lose when time's up. (requested by keyboard1242)
|
|t:|1760807146
|teamsize|p1|6
|teamsize|p2|6
|start
|switch|p1a: Dragonite|Dragonite, M, shiny|100/100
|switch|p2a: Krookodile|Krookodile, M|100/100
|turn|1
|
|t:|1760807153
|move|p2a: Krookodile|Scale Shot|p1a: Dragonite
|-supereffective|p1a: Dragonite
|-damage|p1a: Dragonite|92/100
|-enditem|p1a: Dragonite|Weakness Policy
|-boost|p1a: Dragonite|atk|2|[from] item: Weakness Policy
|-boost|p1a: Dragonite|spa|2|[from] item: Weakness Policy
|-supereffective|p1a: Dragonite
|-damage|p1a: Dragonite|76/100
|-supereffective|p1a: Dragonite
|-damage|p1a: Dragonite|61/100
|-supereffective|p1a: Dragonite
|-damage|p1a: Dragonite|45/100
|-hitcount|p1a: Dragonite|4
|-unboost|p2a: Krookodile|def|1
|-boost|p2a: Krookodile|spe|1
|move|p1a: Dragonite|Dragon Dance|p1a: Dragonite
|-boost|p1a: Dragonite|atk|1
|-boost|p1a: Dragonite|spe|1
|
|upkeep
|turn|2
|
|t:|1760807166
|-terastallize|p1a: Dragonite|Normal
|move|p1a: Dragonite|Extreme Speed|p2a: Krookodile
|-damage|p2a: Krookodile|0 fnt
|faint|p2a: Krookodile
|
|upkeep
|
|t:|1760807173
|switch|p2a: Ambipom|Ambipom, M|100/100
|turn|3
|
|t:|1760807177
|move|p2a: Ambipom|Fake Out|p1a: Dragonite
|-enditem|p2a: Ambipom|Normal Gem|[from] gem
|-damage|p1a: Dragonite|12/100
|cant|p1a: Dragonite|flinch
|
|upkeep
|turn|4
|
|t:|1760807184
|move|p1a: Dragonite|Extreme Speed|p2a: Ambipom
|-damage|p2a: Ambipom|0 fnt
|faint|p2a: Ambipom
|
|upkeep
|
|t:|1760807188
|switch|p2a: Gliscor|Gliscor, F|100/100
|turn|5
|
|t:|1760807192
|move|p2a: Gliscor|Protect|p2a: Gliscor
|-singleturn|p2a: Gliscor|Protect
|move|p1a: Dragonite|Extreme Speed|p2a: Gliscor
|-activate|p2a: Gliscor|move: Protect
|
|-status|p2a: Gliscor|tox|[from] item: Toxic Orb
|upkeep
|turn|6
|
|t:|1760807202
|move|p1a: Dragonite|Extreme Speed|p2a: Gliscor
|-damage|p2a: Gliscor|18/100 tox
|move|p2a: Gliscor|Dual Wingbeat|p1a: Dragonite
|-damage|p1a: Dragonite|0 fnt
|faint|p1a: Dragonite
|-hitcount|p1: Dragonite|1
|
|-heal|p2a: Gliscor|31/100 tox|[from] ability: Poison Heal
|upkeep
|
|t:|1760807211
|switch|p1a: Gholdengo|Gholdengo|100/100
|-item|p1a: Gholdengo|Air Balloon
|turn|7
|
|t:|1760807216
|move|p2a: Gliscor|Protect|p2a: Gliscor
|-singleturn|p2a: Gliscor|Protect
|move|p1a: Gholdengo|Nasty Plot|p1a: Gholdengo
|-boost|p1a: Gholdengo|spa|2
|
|-heal|p2a: Gliscor|43/100 tox|[from] ability: Poison Heal
|upkeep
|turn|8
|
|t:|1760807221
|move|p1a: Gholdengo|Shadow Ball|p2a: Gliscor
|-damage|p2a: Gliscor|0 fnt
|faint|p2a: Gliscor
|
|upkeep
|
|t:|1760807231
|switch|p2a: Maushold|Maushold-Four|100/100
|turn|9
|
|t:|1760807235
|move|p2a: Maushold|Tidy Up|p2a: Maushold
|-boost|p2a: Maushold|atk|1
|-boost|p2a: Maushold|spe|1
|move|p1a: Gholdengo|Make It Rain|p2a: Maushold
|-damage|p2a: Maushold|0 fnt
|-unboost|p1a: Gholdengo|spa|1
|faint|p2a: Maushold
|
|upkeep
|
|t:|1760807241
|switch|p2a: Scizor|Scizor, F|100/100
|turn|10
|
|t:|1760807247
|move|p1a: Gholdengo|Shadow Ball|p2a: Scizor
|-damage|p2a: Scizor|51/100
|move|p2a: Scizor|Swords Dance|p2a: Scizor
|-boost|p2a: Scizor|atk|2
|
|upkeep
|turn|11
|
|t:|1760807256
|move|p1a: Gholdengo|Shadow Ball|p2a: Scizor
|-damage|p2a: Scizor|0 fnt
|faint|p2a: Scizor
|
|upkeep
|
|t:|1760807260
|switch|p2a: Cinccino|Cinccino, M|100/100
|turn|12
|
|t:|1760807266
|move|p2a: Cinccino|Rock Blast|p1a: Gholdengo
|-resisted|p1a: Gholdengo
|-damage|p1a: Gholdengo|94/100
|-enditem|p1a: Gholdengo|Air Balloon
|-resisted|p1a: Gholdengo
|-damage|p1a: Gholdengo|88/100
|-resisted|p1a: Gholdengo
|-damage|p1a: Gholdengo|82/100
|-resisted|p1a: Gholdengo
|-damage|p1a: Gholdengo|76/100
|-resisted|p1a: Gholdengo
|-damage|p1a: Gholdengo|70/100
|-hitcount|p1a: Gholdengo|5
|move|p1a: Gholdengo|Make It Rain|p2a: Cinccino
|-damage|p2a: Cinccino|0 fnt
|-unboost|p1a: Gholdengo|spa|1
|faint|p2a: Cinccino
|
|win|keyboard1242
|raw|keyboard1242's rating: 1110 &rarr; <strong>1133</strong><br />(+23 for winning)
|raw|100861aaa's rating: 1083 &rarr; <strong>1062</strong><br />(-21 for losing)
|l|☆100861aaa
|player|p2|
