|j|☆eduardjake
|j|☆luciuslemon
|t:|1760735909
|gametype|singles
|player|p1|eduardjake|2|1171
|player|p2|luciuslemon|acetrainer-gen4dp|1171
|gen|9
|tier|[Gen 9] OU
|rated|
|rule|HP Percentage Mod: HP is shown in percentages
|rule|Endless Battle Clause: Forcing endless battles is banned
|rule|Species Clause: Limit one of each Pokémon
|rule|OHKO Clause: OHKO moves are banned
|rule|Evasion Items Clause: Evasion items are banned
|rule|Evasion Moves Clause: Evasion moves are banned
|rule|Evasion Abilities Clause: Evasion abilities are banned
|rule|Sleep Moves Clause: Sleep-inducing moves are banned
|clearpoke
|poke|p1|Delphox, F|
|poke|p1|Haxorus, F|
|poke|p1|Charizard, M|
|poke|p1|Walking Wake|
|poke|p1|Torkoal, F|
|poke|p1|Blaziken, M|
|poke|p2|Hatterene, F|
|poke|p2|Garganacl, M|
|poke|p2|Dragonite, M|
|poke|p2|Hoopa-Unbound|
|poke|p2|Clefable, M|
|poke|p2|Typhlosion-Hisui, M|
|teampreview
|
|t:|1760735929
|teamsize|p1|6
|teamsize|p2|6
|start
|switch|p1a: Gojo|Charizard, M|100/100
|switch|p2a: Garganacl|Garganacl, M|100/100
|turn|1
|
|t:|1760735945
|move|p1a: Gojo|Dragon Dance|p1a: Gojo
|-boost|p1a: Gojo|atk|1
|-boost|p1a: Gojo|spe|1
|move|p2a: Garganacl|Salt Cure|p1a: Gojo
|-supereffective|p1a: Gojo
|-damage|p1a: Gojo|19/100
|-start|p1a: Gojo|Salt Cure
|-enditem|p1a: Gojo|Weakness Policy
|-boost|p1a: Gojo|atk|2|[from] item: Weakness Policy
|-boost|p1a: Gojo|spa|2|[from] item: Weakness Policy
|
|-damage|p1a: Gojo|7/100|[from] Salt Cure
|upkeep
|turn|2
|
|t:|1760735953
|move|p2a: Garganacl|Protect|p2a: Garganacl
|-singleturn|p2a: Garganacl|Protect
|move|p1a: Gojo|Earthquake|p2a: Garganacl
|-activate|p2a: Garganacl|move: Protect
|
|-damage|p1a: Gojo|0 fnt|[from] Salt Cure
|faint|p1a: Gojo
|upkeep
|
|t:|1760735987
|switch|p1a: Torkoal|Torkoal, F|100/100
|-weather|SunnyDay|[from] ability: Drought|[of] p1a: Torkoal
|turn|3
|
|t:|1760735996
|move|p2a: Garganacl|Substitute|p2a: Garganacl
|-start|p2a: Garganacl|Substitute
|-damage|p2a: Garganacl|75/100
|move|p1a: Torkoal|Stealth Rock|p2a: Garganacl
|-sidestart|p2: luciuslemon|move: Stealth Rock
|
|-weather|SunnyDay|[upkeep]
|-heal|p2a: Garganacl|82/100|[from] item: Leftovers
|upkeep
|turn|4
|
|t:|1760736003
|move|p2a: Garganacl|Salt Cure|p1a: Torkoal
|-supereffective|p1a: Torkoal
|-damage|p1a: Torkoal|81/100
|-start|p1a: Torkoal|Salt Cure
|move|p1a: Torkoal|Lava Plume|p2a: Garganacl
|-resisted|p2a: Garganacl
|-activate|p2a: Garganacl|move: Substitute|[damage]
|
|-weather|SunnyDay|[upkeep]
|-heal|p2a: Garganacl|88/100|[from] item: Leftovers
|-damage|p1a: Torkoal|68/100|[from] Salt Cure
|upkeep
|turn|5
|
|t:|1760736014
|move|p2a: Garganacl|Substitute|p2a: Garganacl
|-fail|p2a: Garganacl|move: Substitute
|move|p1a: Torkoal|Lava Plume|p2a: Garganacl
|-resisted|p2a: Garganacl
|-end|p2a: Garganacl|Substitute
|
|-weather|SunnyDay|[upkeep]
|-heal|p2a: Garganacl|94/100|[from] item: Leftovers
|-damage|p1a: Torkoal|56/100|[from] Salt Cure
|upkeep
|turn|6
|
|t:|1760736022
|switch|p1a: Walking Wake|Walking Wake|100/100
|-activate|p1a: Walking Wake|ability: Protosynthesis
|-start|p1a: Walking Wake|protosynthesisspe
|move|p2a: Garganacl|Substitute|p2a: Garganacl
|-start|p2a: Garganacl|Substitute
|-damage|p2a: Garganacl|69/100
|
|-weather|SunnyDay|[upkeep]
|-heal|p2a: Garganacl|75/100|[from] item: Leftovers
|upkeep
|turn|7
|
|t:|1760736026
|move|p1a: Walking Wake|Hydro Steam|p2a: Garganacl
|-supereffective|p2a: Garganacl
|-end|p2a: Garganacl|Substitute
|-damage|p1a: Walking Wake|91/100|[from] item: Life Orb
|move|p2a: Garganacl|Salt Cure|p1a: Walking Wake
|-damage|p1a: Walking Wake|76/100
|-start|p1a: Walking Wake|Salt Cure
|
|-weather|SunnyDay|[upkeep]
|-heal|p2a: Garganacl|81/100|[from] item: Leftovers
|-damage|p1a: Walking Wake|52/100|[from] Salt Cure
|upkeep
|turn|8
|
|t:|1760736038
|move|p2a: Garganacl|Protect|p2a: Garganacl
|-singleturn|p2a: Garganacl|Protect
|move|p1a: Walking Wake|Hydro Steam|p2a: Garganacl
|-activate|p2a: Garganacl|move: Protect
|
|-weather|SunnyDay|[upkeep]
|-heal|p2a: Garganacl|88/100|[from] item: Leftovers
|-damage|p1a: Walking Wake|27/100|[from] Salt Cure
|upkeep
|turn|9
|
|t:|1760736051
|switch|p2a: Dragonite|Dragonite, M|100/100
|-damage|p2a: Dragonite|76/100|[from] Stealth Rock
|move|p1a: Walking Wake|Hydro Steam|p2a: Dragonite
|-resisted|p2a: Dragonite
|-damage|p2a: Dragonite|31/100
|-damage|p1a: Walking Wake|17/100|[from] item: Life Orb
|
|-weather|SunnyDay|[upkeep]
|-damage|p1a: Walking Wake|0 fnt|[from] Salt Cure
|faint|p1a: Walking Wake
|-end|p1a: Walking Wake|Protosynthesis|[silent]
|upkeep
|
|t:|1760736066
|switch|p1a: Blaziken|Blaziken, M|100/100
|turn|10
|
|t:|1760736094
|move|p2a: Dragonite|Extreme Speed|p1a: Blaziken
|-damage|p1a: Blaziken|17/100
|move|p1a: Blaziken|Overheat|p2a: Dragonite
|-resisted|p2a: Dragonite
|-damage|p2a: Dragonite|0 fnt
|-unboost|p1a: Blaziken|spa|2
|faint|p2a: Dragonite
|
|-weather|none
|-ability|p1a: Blaziken|Speed Boost|boost
|-boost|p1a: Blaziken|spe|1
|upkeep
|
|t:|1760736108
|switch|p2a: Typhlosion|Typhlosion-Hisui, M|100/100
|-damage|p2a: Typhlosion|76/100|[from] Stealth Rock
|turn|11
|
|t:|1760736121
|move|p2a: Typhlosion|Shadow Ball|p1a: Blaziken
|-damage|p1a: Blaziken|0 fnt
|faint|p1a: Blaziken
|
|upkeep
|
|t:|1760736154
|switch|p1a: Tina|Haxorus, F, shiny|100/100
|-ability|p1a: Tina|Mold Breaker
|turn|12
|
|t:|1760736175
|move|p2a: Typhlosion|Shadow Ball|p1a: Tina
|-damage|p1a: Tina|42/100
|move|p1a: Tina|Earthquake|p2a: Typhlosion
|-supereffective|p2a: Typhlosion
|-damage|p2a: Typhlosion|0 fnt
|faint|p2a: Typhlosion
|
|upkeep
|
|t:|1760736216
|switch|p2a: Clefable|Clefable, M|100/100
|-damage|p2a: Clefable|88/100|[from] Stealth Rock
|turn|13
|
|t:|1760736224
|switch|p1a: Torkoal|Torkoal, F|56/100
|-weather|SunnyDay|[from] ability: Drought|[of] p1a: Torkoal
|move|p2a: Clefable|Thunder Wave|p1a: Torkoal
|-status|p1a: Torkoal|par
|
|-weather|SunnyDay|[upkeep]
|-heal|p2a: Clefable|94/100|[from] item: Leftovers
|upkeep
|turn|14
|
|t:|1760736240
|switch|p2a: Garganacl|Garganacl, M|88/100
|-damage|p2a: Garganacl|75/100|[from] Stealth Rock
|move|p1a: Torkoal|Lava Plume|p2a: Garganacl
|-resisted|p2a: Garganacl
|-damage|p2a: Garganacl|57/100
|
|-weather|SunnyDay|[upkeep]
|-heal|p2a: Garganacl|63/100|[from] item: Leftovers
|upkeep
|turn|15
|
|t:|1760736248
|move|p2a: Garganacl|Recover|p2a: Garganacl
|-heal|p2a: Garganacl|100/100
|move|p1a: Torkoal|Lava Plume|p2a: Garganacl
|-resisted|p2a: Garganacl
|-damage|p2a: Garganacl|83/100
|
|-weather|SunnyDay|[upkeep]
|-heal|p2a: Garganacl|89/100|[from] item: Leftovers
|upkeep
|turn|16
|
|t:|1760736252
|move|p2a: Garganacl|Salt Cure|p1a: Torkoal
|-supereffective|p1a: Torkoal
|-damage|p1a: Torkoal|33/100 par
|-start|p1a: Torkoal|Salt Cure
|move|p1a: Torkoal|Lava Plume|p2a: Garganacl
|-resisted|p2a: Garganacl
|-damage|p2a: Garganacl|72/100
|
|-weather|SunnyDay|[upkeep]
|-heal|p2a: Garganacl|78/100|[from] item: Leftovers
|-damage|p1a: Torkoal|21/100 par|[from] Salt Cure
|upkeep
|turn|17
|
|t:|1760736263
|move|p2a: Garganacl|Substitute|p2a: Garganacl
|-start|p2a: Garganacl|Substitute
|-damage|p2a: Garganacl|53/100
|move|p1a: Torkoal|Lava Plume|p2a: Garganacl
|-resisted|p2a: Garganacl
|-activate|p2a: Garganacl|move: Substitute|[damage]
|
|-weather|SunnyDay|[upkeep]
|-heal|p2a: Garganacl|59/100|[from] item: Leftovers
|-damage|p1a: Torkoal|8/100 par|[from] Salt Cure
|upkeep
|turn|18
|
|t:|1760736276
|move|p2a: Garganacl|Recover|p2a: Garganacl
|-heal|p2a: Garganacl|100/100
|move|p1a: Torkoal|Lava Plume|p2a: Garganacl
|-resisted|p2a: Garganacl
|-end|p2a: Garganacl|Substitute
|
|-weather|SunnyDay|[upkeep]
|-damage|p1a: Torkoal|0 fnt|[from] Salt Cure
|faint|p1a: Torkoal
|upkeep
|
|t:|1760736280
|switch|p1a: Tina|Haxorus, F, shiny|42/100
|-ability|p1a: Tina|Mold Breaker
|turn|19
|
|t:|1760736291
|move|p2a: Garganacl|Protect|p2a: Garganacl
|-singleturn|p2a: Garganacl|Protect
|move|p1a: Tina|Close Combat|p2a: Garganacl
|-activate|p2a: Garganacl|move: Protect
|
|-weather|SunnyDay|[upkeep]
|upkeep
|turn|20
|
|t:|1760736298
|move|p1a: Tina|Close Combat|p2a: Garganacl
|-supereffective|p2a: Garganacl
|-damage|p2a: Garganacl|48/100
|-unboost|p1a: Tina|def|1
|-unboost|p1a: Tina|spd|1
|move|p2a: Garganacl|Salt Cure|p1a: Tina
|-damage|p1a: Tina|16/100
|-start|p1a: Tina|Salt Cure
|
|-weather|none
|-heal|p2a: Garganacl|54/100|[from] item: Leftovers
|-damage|p1a: Tina|4/100|[from] Salt Cure
|upkeep
|turn|21
|
|t:|1760736306
|switch|p1a: Marin|Delphox, F|100/100
|move|p2a: Garganacl|Recover|p2a: Garganacl
|-heal|p2a: Garganacl|100/100
|
|upkeep
|turn|22
|
|t:|1760736313
|move|p1a: Marin|Encore|p2a: Garganacl
|-start|p2a: Garganacl|Encore
|move|p2a: Garganacl|Recover||[still]
|-fail|p2a: Garganacl|heal
|
|upkeep
|turn|23
|
|t:|1760736319
|switch|p2a: Hatterene|Hatterene, F|100/100
|-damage|p2a: Hatterene|88/100|[from] Stealth Rock
|move|p1a: Marin|Nasty Plot|p1a: Marin
|-boost|p1a: Marin|spa|2
|
|upkeep
|turn|24
|
|t:|1760736328
|-terastallize|p1a: Marin|Fire
|move|p1a: Marin|Flamethrower|p2a: Hatterene
|-damage|p2a: Hatterene|25/100
|move|p2a: Hatterene|Nuzzle|p1a: Marin
|-damage|p1a: Marin|95/100
|-status|p1a: Marin|par
|
|upkeep
|turn|25
|
|t:|1760736339
|move|p1a: Marin|Encore|p2a: Hatterene
|move|p2a: Hatterene|Encore||[from] ability: Magic Bounce|[still]
|-fail|p2a: Hatterene
|move|p2a: Hatterene|Future Sight|p1a: Marin
|-start|p2a: Hatterene|move: Future Sight
|
|upkeep
|turn|26
|
|t:|1760736347
|move|p1a: Marin|Flamethrower|p2a: Hatterene
|-damage|p2a: Hatterene|0 fnt
|faint|p2a: Hatterene
|
|upkeep
|
|t:|1760736371
|switch|p2a: Hoopa|Hoopa-Unbound|100/100
|-damage|p2a: Hoopa|88/100|[from] Stealth Rock
|turn|27
|
|t:|1760736376
|move|p2a: Hoopa|Hyperspace Fury|p1a: Marin
|-damage|p1a: Marin|0 fnt
|-unboost|p2a: Hoopa|def|1
|faint|p1a: Marin
|
|-hint|Future Sight did not hit because the target is fainted.
|upkeep
|
|t:|1760736381
|switch|p1a: Tina|Haxorus, F, shiny|4/100
|-ability|p1a: Tina|Mold Breaker
|turn|28
|
|t:|1760736402
|move|p1a: Tina|Close Combat|p2a: Hoopa
|-damage|p2a: Hoopa|0 fnt
|-unboost|p1a: Tina|def|1
|-unboost|p1a: Tina|spd|1
|faint|p2a: Hoopa
|
|upkeep
|
|t:|1760736407
|switch|p2a: Clefable|Clefable, M|94/100
|-damage|p2a: Clefable|82/100|[from] Stealth Rock
|turn|29
|
|t:|1760736411
|move|p1a: Tina|Close Combat|p2a: Clefable
|-resisted|p2a: Clefable
|-damage|p2a: Clefable|52/100
|-unboost|p1a: Tina|def|1
|-unboost|p1a: Tina|spd|1
|move|p2a: Clefable|Moonblast|p1a: Tina
|-supereffective|p1a: Tina
|-damage|p1a: Tina|0 fnt
|faint|p1a: Tina
|
|win|luciuslemon
|raw|eduardjake's rating: 1171 &rarr; <strong>1146</strong><br />(-25 for losing)
|raw|luciuslemon's rating: 1171 &rarr; <strong>1196</strong><br />(+25 for winning)
|l|☆luciuslemon
|player|p2|
|l|☆eduardjake
|player|p1|
