|j|☆Passhie
|j|☆ineverhaxed
|t:|1760794953
|gametype|singles
|player|p1|Passhie|maid|1308
|player|p2|ineverhaxed|101|1322
|gen|9
|tier|[Gen 9] OU
|rated|
|rule|HP Percentage Mod: HP is shown in percentages
|rule|Endless Battle Clause: Forcing endless battles is banned
|rule|Species Clause: Limit one of each Pokémon
|rule|OHKO Clause: OHKO moves are banned
|rule|Evasion Items Clause: Evasion items are banned
|rule|Evasion Moves Clause: Evasion moves are banned
|rule|Evasion Abilities Clause: Evasion abilities are banned
|rule|Sleep Moves Clause: Sleep-inducing moves are banned
|clearpoke
|poke|p1|Rillaboom, F|
|poke|p1|Heatran, M|
|poke|p1|Tornadus-Therian, M|
|poke|p1|Ting-Lu|
|poke|p1|Weezing-Galar, M|
|poke|p1|Dragapult, F|
|poke|p2|Illumise, F|
|poke|p2|Cloyster, F|
|poke|p2|Blissey, F|
|poke|p2|Darkrai|
|poke|p2|Cinderace, F|
|poke|p2|Lokix, F|
|teampreview
|inactive|Battle timer is ON: inactive players will automatically lose when time's up. (requested by Passhie)
|
|t:|1760794967
|teamsize|p1|6
|teamsize|p2|6
|start
|switch|p1a: Heatran|Heatran, M|100/100
|switch|p2a: Darkrai|Darkrai|100/100
|turn|1
|
|t:|1760794972
|switch|p1a: Ting-Lu|Ting-Lu|100/100
|-ability|p1a: Ting-Lu|Vessel of Ruin
|move|p2a: Darkrai|Trick|p1a: Ting-Lu
|-activate|p2a: Darkrai|move: Trick|[of] p1a: Ting-Lu
|-item|p1a: Ting-Lu|Choice Scarf|[from] move: Trick
|-item|p2a: Darkrai|Leftovers|[from] move: Trick
|
|upkeep
|turn|2
|
|t:|1760794978
|switch|p2a: Cinderace|Cinderace, F|100/100
|move|p1a: Ting-Lu|Spikes|p2a: Cinderace
|-sidestart|p2: ineverhaxed|Spikes
|
|upkeep
|turn|3
|
|t:|1760794984
|switch|p1a: Weezing|Weezing-Galar, M|100/100
|-ability|p1a: Weezing|Neutralizing Gas
|move|p2a: Cinderace|Will-O-Wisp|p1a: Weezing
|-status|p1a: Weezing|brn
|
|-damage|p1a: Weezing|95/100 brn|[from] brn
|upkeep
|turn|4
|
|t:|1760794990
|move|p2a: Cinderace|Court Change|p2a: Cinderace
|-swapsideconditions
|-activate|p2a: Cinderace|move: Court Change
|move|p1a: Weezing|Sludge Bomb|p2a: Cinderace
|-damage|p2a: Cinderace|62/100
|-enditem|p2a: Cinderace|Red Card|[of] p1a: Weezing
|-end|p1a: Weezing|ability: Neutralizing Gas
|drag|p1a: Tornadus|Tornadus-Therian, M|100/100
|
|upkeep
|turn|5
|
|t:|1760794999
|switch|p1a: Heatran|Heatran, M|100/100
|-damage|p1a: Heatran|88/100|[from] Spikes
|move|p2a: Cinderace|Acrobatics|p1a: Heatran
|-start|p2a: Cinderace|typechange|Flying|[from] ability: Libero
|-resisted|p1a: Heatran
|-damage|p1a: Heatran|64/100
|
|-heal|p1a: Heatran|70/100|[from] item: Leftovers
|upkeep
|turn|6
|
|t:|1760795010
|switch|p2a: Darkrai|Darkrai|100/100
|move|p1a: Heatran|Stealth Rock|p2a: Darkrai
|-sidestart|p2: ineverhaxed|move: Stealth Rock
|
|-heal|p1a: Heatran|77/100|[from] item: Leftovers
|upkeep
|turn|7
|
|t:|1760795021
|switch|p1a: Weezing|Weezing-Galar, M|95/100 brn
|-ability|p1a: Weezing|Neutralizing Gas
|move|p2a: Darkrai|Dark Pulse|p1a: Weezing
|-resisted|p1a: Weezing
|-damage|p1a: Weezing|65/100 brn
|
|-damage|p1a: Weezing|59/100 brn|[from] brn
|upkeep
|turn|8
|
|t:|1760795025
|move|p2a: Darkrai|Ice Beam|p1a: Weezing
|-damage|p1a: Weezing|9/100 brn
|move|p1a: Weezing|Pain Split|p2a: Darkrai
|-sethp|p2a: Darkrai|55/100|[from] move: Pain Split|[silent]
|-sethp|p1a: Weezing|47/100 brn|[from] move: Pain Split
|
|-heal|p2a: Darkrai|61/100|[from] item: Leftovers
|-damage|p1a: Weezing|41/100 brn|[from] brn
|upkeep
|turn|9
|
|t:|1760795036
|-end|p1a: Weezing|ability: Neutralizing Gas
|switch|p1a: Ting-Lu|Ting-Lu|100/100
|-damage|p1a: Ting-Lu|88/100|[from] Spikes
|-ability|p1a: Ting-Lu|Vessel of Ruin
|move|p2a: Darkrai|Ice Beam|p1a: Ting-Lu
|-supereffective|p1a: Ting-Lu
|-damage|p1a: Ting-Lu|58/100
|
|-heal|p2a: Darkrai|67/100|[from] item: Leftovers
|upkeep
|turn|10
|
|t:|1760795044
|move|p2a: Darkrai|Ice Beam|p1a: Ting-Lu
|-supereffective|p1a: Ting-Lu
|-damage|p1a: Ting-Lu|26/100
|move|p1a: Ting-Lu|Earthquake|p2a: Darkrai
|-damage|p2a: Darkrai|20/100
|
|-heal|p2a: Darkrai|26/100|[from] item: Leftovers
|upkeep
|turn|11
|
|t:|1760795061
|move|p2a: Darkrai|Ice Beam|p1a: Ting-Lu
|-supereffective|p1a: Ting-Lu
|-damage|p1a: Ting-Lu|0 fnt
|faint|p1a: Ting-Lu
|
|-heal|p2a: Darkrai|33/100|[from] item: Leftovers
|upkeep
|
|t:|1760795063
|switch|p1a: Dragapult|Dragapult, F|100/100
|turn|12
|
|t:|1760795070
|move|p1a: Dragapult|U-turn|p2a: Darkrai
|-supereffective|p2a: Darkrai
|-damage|p2a: Darkrai|0 fnt
|faint|p2a: Darkrai
|
|t:|1760795074
|switch|p1a: Tornadus|Tornadus-Therian, M|100/100|[from] U-turn
|
|upkeep
|
|t:|1760795083
|switch|p2a: Blissey|Blissey, F|100/100
|-damage|p2a: Blissey|88/100|[from] Stealth Rock
|turn|13
|
|t:|1760795087
|switch|p1a: Weezing|Weezing-Galar, M|41/100 brn
|-ability|p1a: Weezing|Neutralizing Gas
|move|p2a: Blissey|Thunderbolt|p1a: Weezing
|-damage|p1a: Weezing|11/100 brn
|
|-heal|p2a: Blissey|94/100|[from] item: Leftovers
|-damage|p1a: Weezing|5/100 brn|[from] brn
|upkeep
|turn|14
|
|t:|1760795097
|move|p2a: Blissey|Thunderbolt|p1a: Weezing
|-damage|p1a: Weezing|0 fnt
|faint|p1a: Weezing
|-end|p1a: Weezing|ability: Neutralizing Gas
|
|-heal|p2a: Blissey|99/100|[from] item: Leftovers
|upkeep
|
|t:|1760795103
|switch|p1a: Rillaboom|Rillaboom, F|100/100
|-damage|p1a: Rillaboom|88/100|[from] Spikes
|-fieldstart|move: Grassy Terrain|[from] ability: Grassy Surge|[of] p1a: Rillaboom
|turn|15
|
|t:|1760795108
|switch|p2a: Cinderace|Cinderace, F|62/100
|-damage|p2a: Cinderace|37/100|[from] Stealth Rock
|move|p1a: Rillaboom|Swords Dance|p1a: Rillaboom
|-boost|p1a: Rillaboom|atk|2
|
|-heal|p2a: Cinderace|43/100|[from] Grassy Terrain
|-heal|p1a: Rillaboom|94/100|[from] Grassy Terrain
|upkeep
|turn|16
|
|t:|1760795114
|move|p1a: Rillaboom|Grassy Glide|p2a: Cinderace
|-resisted|p2a: Cinderace
|-damage|p2a: Cinderace|0 fnt
|faint|p2a: Cinderace
|-damage|p1a: Rillaboom|84/100|[from] item: Life Orb
|
|-heal|p1a: Rillaboom|91/100|[from] Grassy Terrain
|upkeep
|
|t:|1760795123
|switch|p2a: Lokix|Lokix, F|100/100
|-damage|p2a: Lokix|75/100|[from] Stealth Rock
|turn|17
|
|t:|1760795126
|switch|p1a: Heatran|Heatran, M|77/100
|-damage|p1a: Heatran|64/100|[from] Spikes
|move|p2a: Lokix|First Impression|p1a: Heatran
|-resisted|p1a: Heatran
|-damage|p1a: Heatran|42/100
|
|-heal|p2a: Lokix|81/100|[from] Grassy Terrain
|-heal|p1a: Heatran|48/100|[from] Grassy Terrain
|-heal|p1a: Heatran|54/100|[from] item: Leftovers
|upkeep
|turn|18
|
|t:|1760795129
|move|p2a: Lokix|Sucker Punch|p1a: Heatran
|-damage|p1a: Heatran|19/100
|move|p1a: Heatran|Magma Storm|p2a: Lokix
|-supereffective|p2a: Lokix
|-damage|p2a: Lokix|0 fnt
|faint|p2a: Lokix
|
|-heal|p1a: Heatran|25/100|[from] Grassy Terrain
|-heal|p1a: Heatran|31/100|[from] item: Leftovers
|upkeep
|
|t:|1760795135
|switch|p2a: Blissey|Blissey, F|99/100
|-damage|p2a: Blissey|88/100|[from] Stealth Rock
|turn|19
|
|t:|1760795138
|move|p1a: Heatran|Magma Storm|p2a: Blissey
|-damage|p2a: Blissey|67/100
|-activate|p2a: Blissey|move: Magma Storm|[of] p1a: Heatran
|move|p2a: Blissey|Thunderbolt|p1a: Heatran
|-damage|p1a: Heatran|10/100
|
|-heal|p1a: Heatran|17/100|[from] Grassy Terrain
|-heal|p1a: Heatran|23/100|[from] item: Leftovers
|-heal|p2a: Blissey|73/100|[from] Grassy Terrain
|-heal|p2a: Blissey|79/100|[from] item: Leftovers
|-damage|p2a: Blissey|66/100|[from] move: Magma Storm|[partiallytrapped]
|-fieldend|move: Grassy Terrain
|upkeep
|turn|20
|
|t:|1760795142
|switch|p1a: Rillaboom|Rillaboom, F|91/100
|-damage|p1a: Rillaboom|78/100|[from] Spikes
|-fieldstart|move: Grassy Terrain|[from] ability: Grassy Surge|[of] p1a: Rillaboom
|move|p2a: Blissey|Thunderbolt|p1a: Rillaboom
|-resisted|p1a: Rillaboom
|-damage|p1a: Rillaboom|64/100
|
|-heal|p1a: Rillaboom|70/100|[from] Grassy Terrain
|-heal|p2a: Blissey|73/100|[from] Grassy Terrain
|-heal|p2a: Blissey|79/100|[from] item: Leftovers
|-end|p2a: Blissey|Magma Storm|[partiallytrapped]|[silent]
|upkeep
|turn|21
|
|t:|1760795146
|switch|p2a: Illumise|Illumise, F|100/100
|-damage|p2a: Illumise|76/100|[from] Stealth Rock
|move|p1a: Rillaboom|Knock Off|p2a: Illumise
|-damage|p2a: Illumise|35/100
|-enditem|p2a: Illumise|Leftovers|[from] move: Knock Off|[of] p1a: Rillaboom
|-damage|p1a: Rillaboom|60/100|[from] item: Life Orb
|
|-heal|p1a: Rillaboom|66/100|[from] Grassy Terrain
|-heal|p2a: Illumise|41/100|[from] Grassy Terrain
|upkeep
|turn|22
|
|t:|1760795154
|switch|p1a: Heatran|Heatran, M|23/100
|-damage|p1a: Heatran|10/100|[from] Spikes
|move|p2a: Illumise|Infestation|p1a: Heatran
|-resisted|p1a: Heatran
|-damage|p1a: Heatran|9/100
|-activate|p1a: Heatran|move: Infestation|[of] p2a: Illumise
|
|-heal|p1a: Heatran|15/100|[from] Grassy Terrain
|-heal|p1a: Heatran|22/100|[from] item: Leftovers
|-heal|p2a: Illumise|47/100|[from] Grassy Terrain
|-damage|p1a: Heatran|9/100|[from] move: Infestation|[partiallytrapped]
|upkeep
|turn|23
|
|t:|1760795159
|move|p2a: Illumise|Substitute|p2a: Illumise
|-start|p2a: Illumise|Substitute
|-damage|p2a: Illumise|22/100
|move|p1a: Heatran|Magma Storm|p2a: Illumise
|-supereffective|p2a: Illumise
|-end|p2a: Illumise|Substitute
|
|-heal|p1a: Heatran|15/100|[from] Grassy Terrain
|-heal|p1a: Heatran|22/100|[from] item: Leftovers
|-heal|p2a: Illumise|28/100|[from] Grassy Terrain
|-damage|p1a: Heatran|9/100|[from] move: Infestation|[partiallytrapped]
|upkeep
|turn|24
|
|t:|1760795164
|move|p2a: Illumise|Substitute|p2a: Illumise
|-start|p2a: Illumise|Substitute
|-damage|p2a: Illumise|3/100
|move|p1a: Heatran|Taunt|p2a: Illumise
|-start|p2a: Illumise|move: Taunt
|
|-heal|p1a: Heatran|15/100|[from] Grassy Terrain
|-heal|p1a: Heatran|22/100|[from] item: Leftovers
|-heal|p2a: Illumise|9/100|[from] Grassy Terrain
|-damage|p1a: Heatran|9/100|[from] move: Infestation|[partiallytrapped]
|-fieldend|move: Grassy Terrain
|upkeep
|turn|25
|
|t:|1760795170
|move|p1a: Heatran|Earth Power|p2a: Illumise
|-resisted|p2a: Illumise
|-activate|p2a: Illumise|move: Substitute|[damage]
|move|p2a: Illumise|Mud-Slap|p1a: Heatran
|-supereffective|p1a: Heatran
|-damage|p1a: Heatran|0 fnt
|faint|p1a: Heatran
|
|upkeep
|
|t:|1760795172
|switch|p1a: Dragapult|Dragapult, F|100/100
|turn|26
|
|t:|1760795181
|move|p1a: Dragapult|Hex|p2a: Illumise
|-damage|p2a: Illumise|0 fnt
|faint|p2a: Illumise
|
|upkeep
|
|t:|1760795187
|switch|p2a: Blissey|Blissey, F|79/100
|-damage|p2a: Blissey|66/100|[from] Stealth Rock
|turn|27
|
|t:|1760795191
|move|p1a: Dragapult|U-turn|p2a: Blissey
|-damage|p2a: Blissey|51/100
|
|t:|1760795192
|switch|p1a: Rillaboom|Rillaboom, F|66/100|[from] U-turn
|-damage|p1a: Rillaboom|54/100|[from] Spikes
|-fieldstart|move: Grassy Terrain|[from] ability: Grassy Surge|[of] p1a: Rillaboom
|move|p2a: Blissey|Ice Beam|p1a: Rillaboom
|-supereffective|p1a: Rillaboom
|-damage|p1a: Rillaboom|3/100
|-status|p1a: Rillaboom|frz
|
|-heal|p1a: Rillaboom|9/100 frz|[from] Grassy Terrain
|-heal|p2a: Blissey|57/100|[from] Grassy Terrain
|-heal|p2a: Blissey|63/100|[from] item: Leftovers
|upkeep
|turn|28
|
|t:|1760795207
|switch|p2a: Cloyster|Cloyster, F|100/100
|-damage|p2a: Cloyster|76/100|[from] Stealth Rock
|-terastallize|p1a: Rillaboom|Grass
|cant|p1a: Rillaboom|frz
|
|-heal|p1a: Rillaboom|15/100 frz|[from] Grassy Terrain
|-heal|p2a: Cloyster|82/100|[from] Grassy Terrain
|upkeep
|turn|29
|
|t:|1760795214
|-terastallize|p2a: Cloyster|Ghost
|cant|p1a: Rillaboom|frz
|move|p2a: Cloyster|Shell Smash|p2a: Cloyster
|-unboost|p2a: Cloyster|def|1
|-unboost|p2a: Cloyster|spd|1
|-boost|p2a: Cloyster|atk|2
|-boost|p2a: Cloyster|spa|2
|-boost|p2a: Cloyster|spe|2
|
|-heal|p2a: Cloyster|88/100|[from] Grassy Terrain
|-heal|p1a: Rillaboom|21/100 frz|[from] Grassy Terrain
|upkeep
|turn|30
|
|t:|1760795220
|move|p2a: Cloyster|Ice Shard|p1a: Rillaboom
|-supereffective|p1a: Rillaboom
|-damage|p1a: Rillaboom|0 fnt
|faint|p1a: Rillaboom
|
|-heal|p2a: Cloyster|94/100|[from] Grassy Terrain
|upkeep
|
|t:|1760795223
|switch|p1a: Dragapult|Dragapult, F|100/100
|turn|31
|
|t:|1760795227
|move|p2a: Cloyster|Icicle Spear|p1a: Dragapult
|-supereffective|p1a: Dragapult
|-damage|p1a: Dragapult|32/100
|-supereffective|p1a: Dragapult
|-damage|p1a: Dragapult|0 fnt
|faint|p1a: Dragapult
|-hitcount|p1: Dragapult|2
|
|-heal|p2a: Cloyster|100/100|[from] Grassy Terrain
|-fieldend|move: Grassy Terrain
|upkeep
|
|t:|1760795231
|switch|p1a: Tornadus|Tornadus-Therian, M|100/100
|turn|32
|
|t:|1760795238
|move|p2a: Cloyster|Icicle Spear|p1a: Tornadus
|-supereffective|p1a: Tornadus
|-damage|p1a: Tornadus|40/100
|-supereffective|p1a: Tornadus
|-damage|p1a: Tornadus|0 fnt
|faint|p1a: Tornadus
|-hitcount|p1: Tornadus|2
|
|win|ineverhaxed
|raw|Passhie's rating: 1308 &rarr; <strong>1289</strong><br />(-19 for losing)
|raw|ineverhaxed's rating: 1322 &rarr; <strong>1341</strong><br />(+19 for winning)
|l|☆Passhie
|player|p1|
|l|☆ineverhaxed
|player|p2|
