|j|☆Alto Paolto
|j|☆c4ptain_barnacles
|t:|1760733416
|gametype|singles
|player|p1|Alto Paolto|li|1515
|player|p2|c4ptain_barnacles|101|1463
|gen|9
|tier|[Gen 9] OU
|rated|
|rule|HP Percentage Mod: HP is shown in percentages
|rule|Endless Battle Clause: Forcing endless battles is banned
|rule|Species Clause: Limit one of each Pokémon
|rule|OHKO Clause: OHKO moves are banned
|rule|Evasion Items Clause: Evasion items are banned
|rule|Evasion Moves Clause: Evasion moves are banned
|rule|Evasion Abilities Clause: Evasion abilities are banned
|rule|Sleep Moves Clause: Sleep-inducing moves are banned
|clearpoke
|poke|p1|Iron Treads|
|poke|p1|Rotom-Wash|
|poke|p1|Iron Leaves|
|poke|p1|Iron Valiant|
|poke|p1|Pecharunt|
|poke|p1|Garganacl, M|
|poke|p2|Enamorus, F|
|poke|p2|Ogerpon-Wellspring, F|
|poke|p2|Iron Crown|
|poke|p2|Iron Hands|
|poke|p2|Glimmora, M|
|poke|p2|Ursaluna, M|
|teampreview
|inactive|Battle timer is ON: inactive players will automatically lose when time's up. (requested by c4ptain_barnacles)
|
|t:|1760733430
|teamsize|p1|6
|teamsize|p2|6
|start
|switch|p1a: Iron Treads|Iron Treads|100/100
|switch|p2a: Glimmora|Glimmora, M, shiny|100/100
|turn|1
|
|t:|1760733439
|switch|p2a: Enamorus|Enamorus, F, shiny|100/100
|move|p1a: Iron Treads|Electric Terrain|p1a: Iron Treads
|-fieldstart|move: Electric Terrain
|-activate|p1a: Iron Treads|ability: Quark Drive
|-start|p1a: Iron Treads|quarkdrivespe
|
|upkeep
|turn|2
|
|t:|1760733448
|switch|p2a: Iron Hands|Iron Hands, shiny|100/100
|-activate|p2a: Iron Hands|ability: Quark Drive
|-start|p2a: Iron Hands|quarkdriveatk
|move|p1a: Iron Treads|Steel Beam|p2a: Iron Hands
|-resisted|p2a: Iron Hands
|-damage|p2a: Iron Hands|85/100
|-damage|p1a: Iron Treads|50/100|[from] steelbeam
|
|upkeep
|turn|3
|
|t:|1760733461
|-end|p1a: Iron Treads|Quark Drive|[silent]
|switch|p1a: Iron Leaves|Iron Leaves|100/100
|-activate|p1a: Iron Leaves|ability: Quark Drive
|-start|p1a: Iron Leaves|quarkdrivespe
|move|p2a: Iron Hands|Drain Punch|p1a: Iron Leaves
|-resisted|p1a: Iron Leaves
|-damage|p1a: Iron Leaves|69/100
|-heal|p2a: Iron Hands|96/100|[from] drain|[of] p1a: Iron Leaves
|
|upkeep
|turn|4
|
|t:|1760733466
|move|p1a: Iron Leaves|Psyblade|p2a: Iron Hands
|-supereffective|p2a: Iron Hands
|-damage|p2a: Iron Hands|8/100
|move|p2a: Iron Hands|Ice Punch|p1a: Iron Leaves
|-supereffective|p1a: Iron Leaves
|-damage|p1a: Iron Leaves|0 fnt
|faint|p1a: Iron Leaves
|-end|p1a: Iron Leaves|Quark Drive|[silent]
|
|upkeep
|
|t:|1760733480
|switch|p1a: Rotom|Rotom-Wash|100/100
|turn|5
|
|t:|1760733485
|move|p1a: Rotom|Volt Switch|p2a: Iron Hands
|-resisted|p2a: Iron Hands
|-damage|p2a: Iron Hands|0 fnt
|faint|p2a: Iron Hands
|-end|p2a: Iron Hands|Quark Drive|[silent]
|
|t:|1760733506
|switch|p1a: Iron Treads|Iron Treads|50/100|[from] Volt Switch
|-activate|p1a: Iron Treads|ability: Quark Drive
|-start|p1a: Iron Treads|quarkdrivespe
|
|upkeep
|
|t:|1760733519
|switch|p2a: Ogerpon|Ogerpon-Wellspring, F|100/100
|turn|6
|
|t:|1760733532
|-end|p1a: Iron Treads|Quark Drive|[silent]
|switch|p1a: Pecharunt|Pecharunt|100/100
|move|p2a: Ogerpon|Knock Off|p1a: Pecharunt
|-supereffective|p1a: Pecharunt
|-damage|p1a: Pecharunt|57/100
|-enditem|p1a: Pecharunt|Heavy-Duty Boots|[from] move: Knock Off|[of] p2a: Ogerpon
|
|upkeep
|turn|7
|
|t:|1760733538
|switch|p2a: Glimmora|Glimmora, M, shiny|100/100
|move|p1a: Pecharunt|Recover|p1a: Pecharunt
|-heal|p1a: Pecharunt|100/100
|
|upkeep
|turn|8
|
|t:|1760733543
|move|p1a: Pecharunt|Shadow Ball|p2a: Glimmora
|-damage|p2a: Glimmora|78/100
|-enditem|p2a: Glimmora|Red Card|[of] p1a: Pecharunt
|drag|p1a: Rotom|Rotom-Wash|100/100
|move|p2a: Glimmora|Earth Power|p1a: Rotom
|-immune|p1a: Rotom|[from] ability: Levitate
|
|-fieldend|move: Electric Terrain
|upkeep
|turn|9
|
|t:|1760733556
|move|p1a: Rotom|Thunder Wave|p2a: Glimmora
|-status|p2a: Glimmora|par
|move|p2a: Glimmora|Power Gem|p1a: Rotom
|-damage|p1a: Rotom|74/100
|
|-heal|p1a: Rotom|80/100|[from] item: Leftovers
|upkeep
|turn|10
|
|t:|1760733561
|move|p1a: Rotom|Hydro Pump|p2a: Glimmora
|-supereffective|p2a: Glimmora
|-damage|p2a: Glimmora|14/100 par
|move|p2a: Glimmora|Mortal Spin|p1a: Rotom
|-damage|p1a: Rotom|73/100
|-status|p1a: Rotom|psn
|
|-heal|p1a: Rotom|79/100 psn|[from] item: Leftovers
|-damage|p1a: Rotom|67/100 psn|[from] psn
|upkeep
|turn|11
|
|t:|1760733564
|move|p1a: Rotom|Volt Switch|p2a: Glimmora
|-damage|p2a: Glimmora|0 fnt
|faint|p2a: Glimmora
|
|t:|1760733568
|switch|p1a: Iron Treads|Iron Treads|50/100|[from] Volt Switch
|
|upkeep
|
|t:|1760733571
|switch|p2a: Ogerpon|Ogerpon-Wellspring, F|100/100
|turn|12
|
|t:|1760733577
|-end|p1a: Iron Treads|Quark Drive|[silent]
|switch|p1a: Pecharunt|Pecharunt|100/100
|move|p2a: Ogerpon|Ivy Cudgel|p1a: Pecharunt|[anim] Ivy Cudgel Water
|-damage|p1a: Pecharunt|65/100
|
|upkeep
|turn|13
|
|t:|1760733587
|move|p2a: Ogerpon|U-turn|p1a: Pecharunt
|-resisted|p1a: Pecharunt
|-damage|p1a: Pecharunt|61/100
|
|t:|1760733588
|switch|p2a: Iron Crown|Iron Crown|100/100|[from] U-turn
|move|p1a: Pecharunt|Parting Shot|p2a: Iron Crown
|-unboost|p2a: Iron Crown|atk|1
|-unboost|p2a: Iron Crown|spa|1
|
|t:|1760733594
|switch|p1a: Rotom|Rotom-Wash|67/100 psn|[from] Parting Shot
|
|-heal|p1a: Rotom|73/100 psn|[from] item: Leftovers
|-damage|p1a: Rotom|61/100 psn|[from] psn
|upkeep
|turn|14
|
|t:|1760733600
|move|p2a: Iron Crown|Psychic Noise|p1a: Rotom
|-damage|p1a: Rotom|32/100 psn
|-start|p1a: Rotom|move: Heal Block
|move|p1a: Rotom|Thunder Wave|p2a: Iron Crown
|-status|p2a: Iron Crown|par
|
|-damage|p1a: Rotom|20/100 psn|[from] psn
|upkeep
|turn|15
|
|t:|1760733605
|move|p1a: Rotom|Volt Switch|p2a: Iron Crown
|-damage|p2a: Iron Crown|76/100 par
|
|t:|1760733609
|switch|p1a: Iron Treads|Iron Treads|50/100|[from] Volt Switch
|move|p2a: Iron Crown|Psychic Noise|p1a: Iron Treads
|-resisted|p1a: Iron Treads
|-damage|p1a: Iron Treads|32/100
|-start|p1a: Iron Treads|move: Heal Block
|
|upkeep
|turn|16
|
|t:|1760733615
|-end|p2a: Iron Crown|Quark Drive|[silent]
|switch|p2a: Ogerpon|Ogerpon-Wellspring, F|100/100
|move|p1a: Iron Treads|Electric Terrain|p1a: Iron Treads
|-fieldstart|move: Electric Terrain
|-activate|p1a: Iron Treads|ability: Quark Drive
|-start|p1a: Iron Treads|quarkdrivespe
|
|-end|p1a: Iron Treads|move: Heal Block
|upkeep
|turn|17
|
|t:|1760733625
|move|p1a: Iron Treads|Stealth Rock|p2a: Ogerpon
|-sidestart|p2: c4ptain_barnacles|move: Stealth Rock
|move|p2a: Ogerpon|Ivy Cudgel|p1a: Iron Treads|[anim] Ivy Cudgel Water
|-supereffective|p1a: Iron Treads
|-damage|p1a: Iron Treads|0 fnt
|faint|p1a: Iron Treads
|-end|p1a: Iron Treads|Quark Drive|[silent]
|
|upkeep
|
|t:|1760733642
|switch|p1a: Pecharunt|Pecharunt|61/100
|turn|18
|
|t:|1760733653
|switch|p2a: Iron Crown|Iron Crown|76/100 par
|-damage|p2a: Iron Crown|70/100 par|[from] Stealth Rock
|-activate|p2a: Iron Crown|ability: Quark Drive
|-start|p2a: Iron Crown|quarkdrivespa
|move|p1a: Pecharunt|Recover|p1a: Pecharunt
|-heal|p1a: Pecharunt|100/100
|
|upkeep
|turn|19
|
|t:|1760733659
|move|p1a: Pecharunt|Parting Shot|p2a: Iron Crown
|-unboost|p2a: Iron Crown|atk|1
|-unboost|p2a: Iron Crown|spa|1
|
|t:|1760733661
|switch|p1a: Rotom|Rotom-Wash|20/100 psn|[from] Parting Shot
|move|p2a: Iron Crown|Psychic Noise|p1a: Rotom
|-damage|p1a: Rotom|0 fnt
|faint|p1a: Rotom
|
|upkeep
|
|t:|1760733683
|switch|p1a: Pecharunt|Pecharunt|100/100
|turn|20
|
|t:|1760733692
|-end|p2a: Iron Crown|Quark Drive|[silent]
|switch|p2a: Ogerpon|Ogerpon-Wellspring, F|100/100
|-damage|p2a: Ogerpon|88/100|[from] Stealth Rock
|move|p1a: Pecharunt|Shadow Ball|p2a: Ogerpon
|-damage|p2a: Ogerpon|57/100
|
|upkeep
|turn|21
|
|t:|1760733702
|move|p2a: Ogerpon|Knock Off|p1a: Pecharunt
|-supereffective|p1a: Pecharunt
|-damage|p1a: Pecharunt|68/100
|move|p1a: Pecharunt|Malignant Chain|p2a: Ogerpon
|-supereffective|p2a: Ogerpon
|-damage|p2a: Ogerpon|0 fnt
|faint|p2a: Ogerpon
|
|upkeep
|
|t:|1760733704
|switch|p2a: Iron Crown|Iron Crown|70/100 par
|-damage|p2a: Iron Crown|63/100 par|[from] Stealth Rock
|-activate|p2a: Iron Crown|ability: Quark Drive
|-start|p2a: Iron Crown|quarkdrivespa
|turn|22
|
|t:|1760733733
|move|p1a: Pecharunt|Shadow Ball|p2a: Iron Crown
|-supereffective|p2a: Iron Crown
|-damage|p2a: Iron Crown|16/100 par
|move|p2a: Iron Crown|Tachyon Cutter|p1a: Pecharunt
|-damage|p1a: Pecharunt|18/100
|-damage|p1a: Pecharunt|0 fnt
|faint|p1a: Pecharunt
|-hitcount|p1: Pecharunt|2
|
|upkeep
|inactive|Alto Paolto has 120 seconds left.
|
|t:|1760733749
|switch|p1a: Garganacl|Garganacl, M|100/100
|turn|23
|inactive|Alto Paolto has 120 seconds left.
|
|t:|1760733758
|move|p1a: Garganacl|Protect|p1a: Garganacl
|-singleturn|p1a: Garganacl|Protect
|move|p2a: Iron Crown|Tachyon Cutter|p1a: Garganacl
|-activate|p1a: Garganacl|move: Protect
|
|-fieldend|move: Electric Terrain
|-end|p2a: Iron Crown|Quark Drive
|upkeep
|turn|24
|
|t:|1760733767
|move|p2a: Iron Crown|Tachyon Cutter|p1a: Garganacl
|-supereffective|p1a: Garganacl
|-damage|p1a: Garganacl|27/100
|-supereffective|p1a: Garganacl
|-damage|p1a: Garganacl|0 fnt
|faint|p1a: Garganacl
|-hitcount|p1: Garganacl|2
|
|upkeep
|
|t:|1760733770
|switch|p1a: Iron Valiant|Iron Valiant|100/100
|turn|25
|
|t:|1760733782
|move|p1a: Iron Valiant|Calm Mind|p1a: Iron Valiant
|-boost|p1a: Iron Valiant|spa|1
|-boost|p1a: Iron Valiant|spd|1
|move|p2a: Iron Crown|Tachyon Cutter|p1a: Iron Valiant
|-supereffective|p1a: Iron Valiant
|-damage|p1a: Iron Valiant|5/100
|-supereffective|p1a: Iron Valiant
|-damage|p1a: Iron Valiant|0 fnt
|faint|p1a: Iron Valiant
|-end|p1a: Iron Valiant|Quark Drive|[silent]
|-hitcount|p1: Iron Valiant|2
|
|win|c4ptain_barnacles
|raw|Alto Paolto's rating: 1515 &rarr; <strong>1492</strong><br />(-23 for losing)
|raw|c4ptain_barnacles's rating: 1463 &rarr; <strong>1486</strong><br />(+23 for winning)
|c|☆Alto Paolto|gg
|l|☆Alto Paolto
|player|p1|
|l|☆c4ptain_barnacles
|player|p2|
