|j|☆MarxN64
|j|☆RimaxFive
|t:|1760848020
|gametype|singles
|player|p1|MarxN64|gentleman-gen4|1271
|player|p2|RimaxFive|hilda-wonderlauncher|1238
|gen|9
|tier|[Gen 9] OU
|rated|
|rule|HP Percentage Mod: HP is shown in percentages
|rule|Endless Battle Clause: Forcing endless battles is banned
|rule|Species Clause: Limit one of each Pokémon
|rule|OHKO Clause: OHKO moves are banned
|rule|Evasion Items Clause: Evasion items are banned
|rule|Evasion Moves Clause: Evasion moves are banned
|rule|Evasion Abilities Clause: Evasion abilities are banned
|rule|Sleep Moves Clause: Sleep-inducing moves are banned
|clearpoke
|poke|p1|Houndstone, F|
|poke|p1|Zamazenta-*|
|poke|p1|Suicune|
|poke|p1|Coalossal, M|
|poke|p1|Arcanine-Hisui, M|
|poke|p1|Okidogi, M|
|poke|p2|Scizor, F|
|poke|p2|Landorus-Therian, M|
|poke|p2|Ceruledge, M|
|poke|p2|Hydrapple, M|
|poke|p2|Blissey, F|
|poke|p2|Cinderace, F|
|teampreview
|inactive|Battle timer is ON: inactive players will automatically lose when time's up. (requested by RimaxFive)
|
|t:|1760848047
|teamsize|p1|6
|teamsize|p2|6
|start
|switch|p1a: Rudy|Houndstone, F, shiny|100/100
|switch|p2a: Landorus|Landorus-Therian, M|100/100
|-ability|p2a: Landorus|Intimidate|boost
|-unboost|p1a: Rudy|atk|1
|turn|1
|
|t:|1760848053
|move|p2a: Landorus|U-turn|p1a: Rudy
|-resisted|p1a: Rudy
|-damage|p1a: Rudy|96/100
|
|t:|1760848079
|switch|p2a: Scizor|Scizor, F|100/100|[from] U-turn
|move|p1a: Rudy|Will-O-Wisp|p2a: Scizor
|-status|p2a: Scizor|brn
|
|-heal|p1a: Rudy|100/100|[from] item: Leftovers
|-damage|p2a: Scizor|94/100 brn|[from] brn
|upkeep
|turn|2
|
|t:|1760848087
|move|p2a: Scizor|Knock Off|p1a: Rudy
|-supereffective|p1a: Rudy
|-damage|p1a: Rudy|78/100
|-enditem|p1a: Rudy|Leftovers|[from] move: Knock Off|[of] p2a: Scizor
|-damage|p2a: Scizor|84/100 brn|[from] item: Life Orb
|move|p1a: Rudy|Night Shade|p2a: Scizor
|-damage|p2a: Scizor|52/100 brn
|
|-damage|p2a: Scizor|46/100 brn|[from] brn
|upkeep
|turn|3
|
|t:|1760848099
|move|p2a: Scizor|Swords Dance|p2a: Scizor
|-boost|p2a: Scizor|atk|2
|move|p1a: Rudy|Night Shade|p2a: Scizor
|-damage|p2a: Scizor|14/100 brn
|
|-damage|p2a: Scizor|8/100 brn|[from] brn
|upkeep
|turn|4
|
|t:|1760848101
|move|p2a: Scizor|Bullet Punch|p1a: Rudy
|-damage|p1a: Rudy|57/100
|-damage|p2a: Scizor|0 fnt|[from] item: Life Orb
|faint|p2a: Scizor
|move|p1a: Rudy|Night Shade|p2: Scizor|[notarget]
|-fail|p1a: Rudy
|
|upkeep
|
|t:|1760848121
|switch|p2a: Cinderace|Cinderace, F|100/100
|turn|5
|
|t:|1760848128
|switch|p1a: Coalossal|Coalossal, M|100/100
|move|p2a: Cinderace|U-turn|p1a: Coalossal
|-start|p2a: Cinderace|typechange|Bug|[from] ability: Libero
|-resisted|p1a: Coalossal
|-damage|p1a: Coalossal|86/100
|inactive|RimaxFive has 120 seconds left.
|
|t:|1760848175
|switch|p2a: Hydrapple|Hydrapple, M|100/100|[from] U-turn
|
|upkeep
|turn|6
|
|t:|1760848182
|-terastallize|p2a: Hydrapple|Water
|move|p2a: Hydrapple|Hydro Pump|p1a: Coalossal
|-supereffective|p1a: Coalossal
|-damage|p1a: Coalossal|0 fnt
|faint|p1a: Coalossal
|
|upkeep
|
|t:|1760848192
|switch|p1a: Grommit|Okidogi, M|100/100
|turn|7
|
|t:|1760848200
|move|p1a: Grommit|Drain Punch|p2a: Hydrapple
|-damage|p2a: Hydrapple|72/100
|-status|p2a: Hydrapple|tox|[from] ability: Toxic Chain|[of] p1a: Grommit
|move|p2a: Hydrapple|Earth Power|p1a: Grommit
|-supereffective|p1a: Grommit
|-damage|p1a: Grommit|44/100
|
|-heal|p1a: Grommit|50/100|[from] item: Black Sludge
|-damage|p2a: Hydrapple|65/100 tox|[from] psn
|upkeep
|turn|8
|
|t:|1760848212
|move|p1a: Grommit|Drain Punch|p2a: Hydrapple
|-damage|p2a: Hydrapple|38/100 tox
|-heal|p1a: Grommit|67/100|[from] drain|[of] p2a: Hydrapple
|move|p2a: Hydrapple|Earth Power|p1a: Grommit
|-supereffective|p1a: Grommit
|-damage|p1a: Grommit|14/100
|-unboost|p1a: Grommit|spd|1
|
|-heal|p1a: Grommit|20/100|[from] item: Black Sludge
|-damage|p2a: Hydrapple|25/100 tox|[from] psn
|upkeep
|turn|9
|
|t:|1760848224
|switch|p2a: Ceruledge|Ceruledge, M|100/100
|move|p1a: Grommit|Knock Off|p2a: Ceruledge
|-supereffective|p2a: Ceruledge
|-damage|p2a: Ceruledge|22/100
|-enditem|p2a: Ceruledge|Covert Cloak|[from] move: Knock Off|[of] p1a: Grommit
|
|-heal|p1a: Grommit|26/100|[from] item: Black Sludge
|upkeep
|turn|10
|inactive|RimaxFive has 120 seconds left.
|
|t:|1760848236
|switch|p2a: Landorus|Landorus-Therian, M|100/100
|-ability|p2a: Landorus|Intimidate|boost
|-unboost|p1a: Grommit|atk|1
|move|p1a: Grommit|Knock Off|p2a: Landorus
|-damage|p2a: Landorus|77/100
|-damage|p1a: Grommit|10/100|[from] item: Rocky Helmet|[of] p2a: Landorus
|-enditem|p2a: Landorus|Rocky Helmet|[from] move: Knock Off|[of] p1a: Grommit
|
|-heal|p1a: Grommit|16/100|[from] item: Black Sludge
|upkeep
|turn|11
|
|t:|1760848242
|move|p2a: Landorus|Stealth Rock|p1a: Grommit
|-sidestart|p1: MarxN64|move: Stealth Rock
|move|p1a: Grommit|Ice Punch|p2a: Landorus
|-supereffective|p2a: Landorus
|-damage|p2a: Landorus|6/100
|
|-heal|p1a: Grommit|22/100|[from] item: Black Sludge
|upkeep
|turn|12
|
|t:|1760848246
|move|p2a: Landorus|Earth Power|p1a: Grommit
|-supereffective|p1a: Grommit
|-damage|p1a: Grommit|0 fnt
|faint|p1a: Grommit
|
|upkeep
|
|t:|1760848251
|switch|p1a: Rudy|Houndstone, F, shiny|57/100
|-damage|p1a: Rudy|45/100|[from] Stealth Rock
|turn|13
|
|t:|1760848259
|move|p2a: Landorus|Earth Power|p1a: Rudy
|-damage|p1a: Rudy|17/100
|move|p1a: Rudy|Night Shade|p2a: Landorus
|-damage|p2a: Landorus|0 fnt
|faint|p2a: Landorus
|
|upkeep
|
|t:|1760848263
|switch|p2a: Ceruledge|Ceruledge, M|22/100
|turn|14
|
|t:|1760848269
|move|p2a: Ceruledge|Shadow Sneak|p1a: Rudy
|-supereffective|p1a: Rudy
|-damage|p1a: Rudy|2/100
|move|p1a: Rudy|Night Shade|p2a: Ceruledge
|-damage|p2a: Ceruledge|0 fnt
|faint|p2a: Ceruledge
|
|upkeep
|
|t:|1760848279
|switch|p2a: Cinderace|Cinderace, F|100/100
|turn|15
|
|t:|1760848284
|move|p2a: Cinderace|Pyro Ball|p1a: Rudy
|-damage|p1a: Rudy|0 fnt
|faint|p1a: Rudy
|
|upkeep
|
|t:|1760848289
|switch|p1a: Butch|Arcanine-Hisui, M|100/100
|-damage|p1a: Butch|75/100|[from] Stealth Rock
|turn|16
|
|t:|1760848292
|switch|p2a: Hydrapple|Hydrapple, M, tera:Water|58/100 tox
|move|p1a: Butch|Head Smash|p2a: Hydrapple
|-damage|p2a: Hydrapple|5/100 tox
|
|-damage|p2a: Hydrapple|0 fnt|[from] psn
|faint|p2a: Hydrapple
|upkeep
|
|t:|1760848297
|switch|p2a: Cinderace|Cinderace, F|100/100
|turn|17
|
|t:|1760848303
|move|p2a: Cinderace|Sucker Punch|p1a: Butch
|-start|p2a: Cinderace|typechange|Dark|[from] ability: Libero
|-damage|p1a: Butch|32/100
|move|p1a: Butch|Head Smash|p2a: Cinderace
|-damage|p2a: Cinderace|0 fnt
|faint|p2a: Cinderace
|
|upkeep
|-message|RimaxFive forfeited.
|
|win|MarxN64
|raw|MarxN64's rating: 1271 &rarr; <strong>1294</strong><br />(+23 for winning)
|raw|RimaxFive's rating: 1238 &rarr; <strong>1215</strong><br />(-23 for losing)
|l|☆RimaxFive
|player|p2|
|l|☆MarxN64
|player|p1|
