|j|☆Demestion
|j|☆lousiv
|t:|1760856198
|gametype|singles
|player|p1|Demestion|lucas|1098
|player|p2|lousiv|ltsurge|1107
|gen|9
|tier|[Gen 9] OU
|rated|
|rule|HP Percentage Mod: HP is shown in percentages
|rule|Endless Battle Clause: Forcing endless battles is banned
|rule|Species Clause: Limit one of each Pokémon
|rule|OHKO Clause: OHKO moves are banned
|rule|Evasion Items Clause: Evasion items are banned
|rule|Evasion Moves Clause: Evasion moves are banned
|rule|Evasion Abilities Clause: Evasion abilities are banned
|rule|Sleep Moves Clause: Sleep-inducing moves are banned
|clearpoke
|poke|p1|Serperior, M|
|poke|p1|Ceruledge, M|
|poke|p1|Eelektross, M|
|poke|p1|Tinkaton, F|
|poke|p1|Gliscor, M|
|poke|p1|Cloyster, F|
|poke|p2|Krookodile, M|
|poke|p2|Azumarill, F|
|poke|p2|Heracross, F|
|poke|p2|Hoopa-Unbound|
|poke|p2|Cacturne, M|
|poke|p2|Chandelure, F|
|teampreview
|
|t:|1760856204
|teamsize|p1|6
|teamsize|p2|6
|start
|switch|p1a: Tinkaton|Tinkaton, F|100/100
|switch|p2a: Hoopa|Hoopa-Unbound|100/100
|turn|1
|inactive|Battle timer is ON: inactive players will automatically lose when time's up. (requested by lousiv)
|
|t:|1760856213
|switch|p2a: Chandelure|Chandelure, F|100/100
|move|p1a: Tinkaton|Knock Off|p2a: Chandelure
|-supereffective|p2a: Chandelure
|-damage|p2a: Chandelure|51/100
|-enditem|p2a: Chandelure|Choice Scarf|[from] move: Knock Off|[of] p1a: Tinkaton
|
|upkeep
|turn|2
|
|t:|1760856224
|move|p2a: Chandelure|Flamethrower|p1a: Tinkaton
|-supereffective|p1a: Tinkaton
|-damage|p1a: Tinkaton|28/100
|move|p1a: Tinkaton|Stealth Rock|p2a: Chandelure
|-sidestart|p2: lousiv|move: Stealth Rock
|
|-heal|p1a: Tinkaton|34/100|[from] item: Leftovers
|upkeep
|turn|3
|
|t:|1760856238
|switch|p1a: Eelektross|Eelektross, M|100/100
|move|p2a: Chandelure|Trick|p1a: Eelektross
|-activate|p2a: Chandelure|move: Trick|[of] p1a: Eelektross
|-enditem|p1a: Eelektross|Assault Vest|[silent]|[from] move: Trick
|-item|p2a: Chandelure|Assault Vest|[from] move: Trick
|
|upkeep
|turn|4
|
|t:|1760856256
|move|p2a: Chandelure|Flamethrower|p1a: Eelektross
|-damage|p1a: Eelektross|48/100
|move|p1a: Eelektross|Volt Switch|p2a: Chandelure
|-damage|p2a: Chandelure|15/100
|
|t:|1760856262
|switch|p1a: Ceruledge|Ceruledge, M|100/100|[from] Volt Switch
|
|upkeep
|turn|5
|
|t:|1760856267
|move|p1a: Ceruledge|Shadow Sneak|p2a: Chandelure
|-supereffective|p2a: Chandelure
|-damage|p2a: Chandelure|0 fnt
|faint|p2a: Chandelure
|
|upkeep
|
|t:|1760856274
|switch|p2a: Azumarill|Azumarill, F|100/100
|-damage|p2a: Azumarill|88/100|[from] Stealth Rock
|turn|6
|
|t:|1760856279
|move|p1a: Ceruledge|Swords Dance|p1a: Ceruledge
|-boost|p1a: Ceruledge|atk|2
|move|p2a: Azumarill|Bulldoze|p1a: Ceruledge
|-supereffective|p1a: Ceruledge
|-damage|p1a: Ceruledge|2/100
|-unboost|p1a: Ceruledge|spe|1
|-ability|p1a: Ceruledge|Weak Armor|boost
|-unboost|p1a: Ceruledge|def|1
|-boost|p1a: Ceruledge|spe|2
|
|upkeep
|turn|7
|
|t:|1760856289
|move|p1a: Ceruledge|Bitter Blade|p2a: Azumarill
|-resisted|p2a: Azumarill
|-damage|p2a: Azumarill|34/100
|-heal|p1a: Ceruledge|39/100|[from] drain|[of] p2a: Azumarill
|move|p2a: Azumarill|Bulldoze|p1a: Ceruledge
|-supereffective|p1a: Ceruledge
|-crit|p1a: Ceruledge
|-damage|p1a: Ceruledge|0 fnt
|faint|p1a: Ceruledge
|
|upkeep
|
|t:|1760856300
|switch|p1a: Eelektross|Eelektross, M|48/100
|turn|8
|
|t:|1760856304
|switch|p2a: Cacturne|Cacturne, M|100/100
|-damage|p2a: Cacturne|88/100|[from] Stealth Rock
|move|p1a: Eelektross|Volt Switch|p2a: Cacturne
|-resisted|p2a: Cacturne
|-damage|p2a: Cacturne|70/100
|
|t:|1760856313
|switch|p1a: Cloyster|Cloyster, F|100/100|[from] Volt Switch
|
|upkeep
|turn|9
|
|t:|1760856319
|move|p1a: Cloyster|Shell Smash|p1a: Cloyster
|-unboost|p1a: Cloyster|def|1
|-unboost|p1a: Cloyster|spd|1
|-boost|p1a: Cloyster|atk|2
|-boost|p1a: Cloyster|spa|2
|-boost|p1a: Cloyster|spe|2
|-enditem|p1a: Cloyster|White Herb
|-clearnegativeboost|p1a: Cloyster|[silent]
|move|p2a: Cacturne|Taunt|p1a: Cloyster
|-start|p1a: Cloyster|move: Taunt
|
|upkeep
|turn|10
|
|t:|1760856329
|move|p2a: Cacturne|Spiky Shield|p2a: Cacturne
|-singleturn|p2a: Cacturne|move: Protect
|move|p1a: Cloyster|Icicle Spear|p2a: Cacturne
|-activate|p2a: Cacturne|move: Protect
|
|upkeep
|turn|11
|
|t:|1760856339
|-terastallize|p2a: Cacturne|Steel
|move|p1a: Cloyster|Icicle Spear|p2a: Cacturne
|-resisted|p2a: Cacturne
|-damage|p2a: Cacturne|55/100
|-resisted|p2a: Cacturne
|-damage|p2a: Cacturne|38/100
|-resisted|p2a: Cacturne
|-damage|p2a: Cacturne|22/100
|-resisted|p2a: Cacturne
|-damage|p2a: Cacturne|6/100
|-resisted|p2a: Cacturne
|-damage|p2a: Cacturne|0 fnt
|faint|p2a: Cacturne
|-hitcount|p2: Cacturne|5
|
|upkeep
|-message|lousiv forfeited.
|
|win|Demestion
|raw|Demestion's rating: 1098 &rarr; <strong>1124</strong><br />(+26 for winning)
|raw|lousiv's rating: 1107 &rarr; <strong>1081</strong><br />(-26 for losing)
|l|☆lousiv
|player|p2|
|l|☆Demestion
|player|p1|
