|j|☆Hunter_of_Keys
|j|☆FittedCrib04
|t:|1760839759
|gametype|singles
|player|p1|Hunter_of_Keys|veteran|1378
|player|p2|FittedCrib04|wallace|1338
|gen|9
|tier|[Gen 9] OU
|rated|
|rule|HP Percentage Mod: HP is shown in percentages
|rule|Endless Battle Clause: Forcing endless battles is banned
|rule|Species Clause: Limit one of each Pokémon
|rule|OHKO Clause: OHKO moves are banned
|rule|Evasion Items Clause: Evasion items are banned
|rule|Evasion Moves Clause: Evasion moves are banned
|rule|Evasion Abilities Clause: Evasion abilities are banned
|rule|Sleep Moves Clause: Sleep-inducing moves are banned
|clearpoke
|poke|p1|Gallade, M|
|poke|p1|Espeon, F|
|poke|p1|Indeedee, M|
|poke|p1|Cresselia, F|
|poke|p1|Rabsca, M|
|poke|p1|Bronzong|
|poke|p2|Suicune|
|poke|p2|Weavile, M|
|poke|p2|Walking Wake|
|poke|p2|Tropius, F|
|poke|p2|Cinderace, M|
|poke|p2|Gliscor, M|
|teampreview
|inactive|Battle timer is ON: inactive players will automatically lose when time's up. (requested by Hunter_of_Keys)
|
|t:|1760839765
|teamsize|p1|6
|teamsize|p2|6
|start
|switch|p1a: Cresselia|Cresselia, F|100/100
|switch|p2a: Tropius|Tropius, F|100/100
|turn|1
|
|t:|1760839770
|move|p1a: Cresselia|Thunder Wave|p2a: Tropius
|-status|p2a: Tropius|par
|cant|p2a: Tropius|par
|
|upkeep
|turn|2
|
|t:|1760839773
|move|p1a: Cresselia|Ice Beam|p2a: Tropius
|-supereffective|p2a: Tropius
|-damage|p2a: Tropius|58/100 par
|move|p2a: Tropius|Calm Mind|p2a: Tropius
|-boost|p2a: Tropius|spa|1
|-boost|p2a: Tropius|spd|1
|
|upkeep
|turn|3
|
|t:|1760839780
|move|p1a: Cresselia|Ice Beam|p2a: Tropius
|-supereffective|p2a: Tropius
|-damage|p2a: Tropius|28/100 par
|-enditem|p2a: Tropius|Sitrus Berry|[eat]
|-heal|p2a: Tropius|53/100 par|[from] item: Sitrus Berry
|move|p2a: Tropius|Leech Seed|p1a: Cresselia
|-start|p1a: Cresselia|move: Leech Seed
|
|-damage|p1a: Cresselia|88/100|[from] Leech Seed|[of] p2a: Tropius
|-heal|p2a: Tropius|66/100 par|[silent]
|-item|p2a: Tropius|Sitrus Berry|[from] ability: Harvest
|upkeep
|turn|4
|
|t:|1760839786
|move|p1a: Cresselia|Ice Beam|p2a: Tropius
|-supereffective|p2a: Tropius
|-damage|p2a: Tropius|36/100 par
|-enditem|p2a: Tropius|Sitrus Berry|[eat]
|-heal|p2a: Tropius|60/100 par|[from] item: Sitrus Berry
|move|p2a: Tropius|Calm Mind|p2a: Tropius
|-boost|p2a: Tropius|spa|1
|-boost|p2a: Tropius|spd|1
|
|-damage|p1a: Cresselia|76/100|[from] Leech Seed|[of] p2a: Tropius
|-heal|p2a: Tropius|74/100 par|[silent]
|upkeep
|turn|5
|
|t:|1760839792
|switch|p1a: Gallade|Gallade, M|100/100
|move|p2a: Tropius|Air Slash|p1a: Gallade
|-supereffective|p1a: Gallade
|-damage|p1a: Gallade|16/100
|
|upkeep
|turn|6
|
|t:|1760839801
|move|p1a: Gallade|Ice Punch|p2a: Tropius
|-supereffective|p2a: Tropius
|-damage|p2a: Tropius|0 fnt
|faint|p2a: Tropius
|
|upkeep
|
|t:|1760839809
|switch|p2a: Cinderace|Cinderace, M|100/100
|turn|7
|
|t:|1760839819
|move|p2a: Cinderace|U-turn|p1a: Gallade
|-start|p2a: Cinderace|typechange|Bug|[from] ability: Libero
|-damage|p1a: Gallade|0 fnt
|faint|p1a: Gallade
|
|t:|1760839832
|switch|p2a: Main course|Suicune|100/100|[from] U-turn
|-ability|p2a: Main course|Pressure
|
|upkeep
|
|t:|1760839837
|switch|p1a: Cresselia|Cresselia, F|76/100
|turn|8
|
|t:|1760839840
|move|p2a: Main course|Substitute|p2a: Main course
|-start|p2a: Main course|Substitute
|-damage|p2a: Main course|75/100
|move|p1a: Cresselia|Thunder Wave||[still]
|-fail|p1a: Cresselia
|
|-heal|p2a: Main course|82/100|[from] item: Leftovers
|upkeep
|turn|9
|
|t:|1760839842
|move|p2a: Main course|Protect|p2a: Main course
|-singleturn|p2a: Main course|Protect
|move|p1a: Cresselia|Thunderbolt|p2a: Main course
|-activate|p2a: Main course|move: Protect
|
|-heal|p2a: Main course|88/100|[from] item: Leftovers
|upkeep
|turn|10
|
|t:|1760839844
|move|p2a: Main course|Calm Mind|p2a: Main course
|-boost|p2a: Main course|spa|1
|-boost|p2a: Main course|spd|1
|move|p1a: Cresselia|Thunderbolt|p2a: Main course
|-supereffective|p2a: Main course
|-activate|p2a: Main course|move: Substitute|[damage]
|
|-heal|p2a: Main course|94/100|[from] item: Leftovers
|upkeep
|turn|11
|
|t:|1760839850
|switch|p1a: Espeon|Espeon, F|100/100
|move|p2a: Main course|Calm Mind|p2a: Main course
|-boost|p2a: Main course|spa|1
|-boost|p2a: Main course|spd|1
|
|-heal|p2a: Main course|99/100|[from] item: Leftovers
|upkeep
|turn|12
|
|t:|1760839853
|move|p1a: Espeon|Light Screen|p1a: Espeon
|-sidestart|p1: Hunter_of_Keys|move: Light Screen
|move|p2a: Main course|Scald|p1a: Espeon
|-damage|p1a: Espeon|74/100
|
|-heal|p2a: Main course|100/100|[from] item: Leftovers
|upkeep
|turn|13
|
|t:|1760839856
|move|p1a: Espeon|Reflect|p1a: Espeon
|-sidestart|p1: Hunter_of_Keys|Reflect
|move|p2a: Main course|Scald|p1a: Espeon
|-damage|p1a: Espeon|50/100
|
|upkeep
|turn|14
|
|t:|1760839866
|switch|p1a: Bronzong|Bronzong|100/100
|move|p2a: Main course|Scald|p1a: Bronzong
|-damage|p1a: Bronzong|82/100
|
|upkeep
|turn|15
|
|t:|1760839870
|move|p2a: Main course|Scald|p1a: Bronzong
|-damage|p1a: Bronzong|63/100
|move|p1a: Bronzong|Calm Mind|p1a: Bronzong
|-boost|p1a: Bronzong|spa|1
|-boost|p1a: Bronzong|spd|1
|
|upkeep
|turn|16
|
|t:|1760839875
|move|p2a: Main course|Scald|p1a: Bronzong
|-damage|p1a: Bronzong|51/100
|-status|p1a: Bronzong|brn
|move|p1a: Bronzong|Calm Mind|p1a: Bronzong
|-boost|p1a: Bronzong|spa|1
|-boost|p1a: Bronzong|spd|1
|
|-damage|p1a: Bronzong|45/100 brn|[from] brn
|-sideend|p1: Hunter_of_Keys|move: Light Screen
|upkeep
|-enditem|p1a: Bronzong|Sitrus Berry|[eat]
|-heal|p1a: Bronzong|69/100 brn|[from] item: Sitrus Berry
|turn|17
|
|t:|1760839883
|move|p2a: Main course|Calm Mind|p2a: Main course
|-boost|p2a: Main course|spa|1
|-boost|p2a: Main course|spd|1
|move|p1a: Bronzong|Calm Mind|p1a: Bronzong
|-boost|p1a: Bronzong|spa|1
|-boost|p1a: Bronzong|spd|1
|
|-damage|p1a: Bronzong|63/100 brn|[from] brn
|-sideend|p1: Hunter_of_Keys|Reflect
|upkeep
|turn|18
|
|t:|1760839888
|move|p2a: Main course|Scald|p1a: Bronzong
|-damage|p1a: Bronzong|44/100 brn
|move|p1a: Bronzong|Calm Mind|p1a: Bronzong
|-boost|p1a: Bronzong|spa|1
|-boost|p1a: Bronzong|spd|1
|
|-damage|p1a: Bronzong|37/100 brn|[from] brn
|upkeep
|turn|19
|
|t:|1760839894
|move|p2a: Main course|Scald|p1a: Bronzong
|-damage|p1a: Bronzong|22/100 brn
|move|p1a: Bronzong|Stored Power|p2a: Main course
|-end|p2a: Main course|Substitute
|
|-damage|p1a: Bronzong|16/100 brn|[from] brn
|upkeep
|turn|20
|
|t:|1760839904
|move|p2a: Main course|Protect|p2a: Main course
|-singleturn|p2a: Main course|Protect
|move|p1a: Bronzong|Stored Power|p2a: Main course
|-activate|p2a: Main course|move: Protect
|
|-damage|p1a: Bronzong|10/100 brn|[from] brn
|upkeep
|turn|21
|
|t:|1760839906
|move|p2a: Main course|Substitute|p2a: Main course
|-start|p2a: Main course|Substitute
|-damage|p2a: Main course|75/100
|move|p1a: Bronzong|Stored Power|p2a: Main course
|-end|p2a: Main course|Substitute
|
|-heal|p2a: Main course|82/100|[from] item: Leftovers
|-damage|p1a: Bronzong|4/100 brn|[from] brn
|upkeep
|turn|22
|
|t:|1760839908
|move|p2a: Main course|Protect|p2a: Main course
|-singleturn|p2a: Main course|Protect
|move|p1a: Bronzong|Stored Power|p2a: Main course
|-activate|p2a: Main course|move: Protect
|
|-heal|p2a: Main course|88/100|[from] item: Leftovers
|-damage|p1a: Bronzong|0 fnt|[from] brn
|faint|p1a: Bronzong
|upkeep
|
|t:|1760839910
|switch|p1a: Rabsca|Rabsca, M|100/100
|turn|23
|
|t:|1760839913
|-terastallize|p1a: Rabsca|Water
|move|p2a: Main course|Substitute|p2a: Main course
|-start|p2a: Main course|Substitute
|-damage|p2a: Main course|63/100
|move|p1a: Rabsca|Speed Swap|p2a: Main course
|-activate|p1a: Rabsca|move: Speed Swap|[of] p2a: Main course
|
|-heal|p2a: Main course|69/100|[from] item: Leftovers
|upkeep
|turn|24
|
|t:|1760839929
|move|p1a: Rabsca|Revival Blessing|p1a: Rabsca
|-enditem|p1a: Rabsca|Leppa Berry|[eat]
|-activate|p1a: Rabsca|item: Leppa Berry|Revival Blessing|[consumed]
|
|t:|1760839941
|-heal|p1: Bronzong|50/100|[from] move: Revival Blessing
|move|p2a: Main course|Scald|p1a: Rabsca
|-resisted|p1a: Rabsca
|-damage|p1a: Rabsca|76/100
|
|-heal|p2a: Main course|75/100|[from] item: Leftovers
|upkeep
|turn|25
|
|t:|1760839955
|move|p1a: Rabsca|Psychic Noise|p2a: Main course
|-damage|p2a: Main course|68/100
|-start|p2a: Main course|move: Heal Block
|move|p2a: Main course|Scald|p1a: Rabsca
|-resisted|p1a: Rabsca
|-damage|p1a: Rabsca|48/100
|-status|p1a: Rabsca|brn
|-activate|p1a: Rabsca|ability: Synchronize
|-status|p2a: Main course|brn
|
|-damage|p1a: Rabsca|42/100 brn|[from] brn
|-damage|p2a: Main course|62/100 brn|[from] brn
|upkeep
|turn|26
|
|t:|1760839964
|move|p1a: Rabsca|Revival Blessing|p1a: Rabsca
|
|t:|1760839966
|-heal|p1: Gallade|50/100|[from] move: Revival Blessing
|move|p2a: Main course|Calm Mind|p2a: Main course
|-boost|p2a: Main course|spa|1
|-boost|p2a: Main course|spd|1
|
|-damage|p1a: Rabsca|36/100 brn|[from] brn
|-damage|p2a: Main course|56/100 brn|[from] brn
|-end|p2a: Main course|move: Heal Block
|upkeep
|turn|27
|
|t:|1760839974
|move|p1a: Rabsca|Psychic Noise|p2a: Main course
|-damage|p2a: Main course|49/100 brn
|-start|p2a: Main course|move: Heal Block
|move|p2a: Main course|Scald|p1a: Rabsca
|-resisted|p1a: Rabsca
|-damage|p1a: Rabsca|4/100 brn
|
|-damage|p1a: Rabsca|0 fnt|[from] brn
|faint|p1a: Rabsca
|-damage|p2a: Main course|43/100 brn|[from] brn
|upkeep
|
|t:|1760839995
|switch|p1a: Gallade|Gallade, M|50/100
|turn|28
|
|t:|1760839997
|move|p1a: Gallade|Sacred Sword|p2a: Main course
|-end|p2a: Main course|Substitute
|move|p2a: Main course|Scald|p1a: Gallade
|-damage|p1a: Gallade|0 fnt
|faint|p1a: Gallade
|
|-damage|p2a: Main course|37/100 brn|[from] brn
|-end|p2a: Main course|move: Heal Block
|upkeep
|
|t:|1760840008
|switch|p1a: Espeon|Espeon, F|50/100
|turn|29
|
|t:|1760840017
|move|p1a: Espeon|Light Screen|p1a: Espeon
|-sidestart|p1: Hunter_of_Keys|move: Light Screen
|move|p2a: Main course|Scald|p1a: Espeon
|-damage|p1a: Espeon|9/100
|
|-heal|p2a: Main course|43/100 brn|[from] item: Leftovers
|-damage|p2a: Main course|37/100 brn|[from] brn
|upkeep
|turn|30
|
|t:|1760840020
|move|p1a: Espeon|Reflect|p1a: Espeon
|-sidestart|p1: Hunter_of_Keys|Reflect
|move|p2a: Main course|Scald|p1a: Espeon
|-damage|p1a: Espeon|0 fnt
|faint|p1a: Espeon
|
|-heal|p2a: Main course|43/100 brn|[from] item: Leftovers
|-damage|p2a: Main course|37/100 brn|[from] brn
|upkeep
|
|t:|1760840025
|switch|p1a: Cresselia|Cresselia, F|76/100
|turn|31
|
|t:|1760840036
|move|p1a: Cresselia|Lunar Dance|p1a: Cresselia
|faint|p1a: Cresselia
|move|p2a: Main course|Scald|p1: Cresselia|[notarget]
|-fail|p2a: Main course
|
|-heal|p2a: Main course|43/100 brn|[from] item: Leftovers
|-damage|p2a: Main course|37/100 brn|[from] brn
|upkeep
|
|t:|1760840038
|switch|p1a: Bronzong|Bronzong|50/100
|-heal|p1a: Bronzong|100/100|[from] move: Lunar Dance
|turn|32
|
|t:|1760840042
|move|p1a: Bronzong|Calm Mind|p1a: Bronzong
|-boost|p1a: Bronzong|spa|1
|-boost|p1a: Bronzong|spd|1
|move|p2a: Main course|Scald|p1a: Bronzong
|-damage|p1a: Bronzong|81/100
|
|-heal|p2a: Main course|43/100 brn|[from] item: Leftovers
|-damage|p2a: Main course|37/100 brn|[from] brn
|upkeep
|turn|33
|
|t:|1760840046
|move|p1a: Bronzong|Calm Mind|p1a: Bronzong
|-boost|p1a: Bronzong|spa|1
|-boost|p1a: Bronzong|spd|1
|move|p2a: Main course|Scald|p1a: Bronzong
|-damage|p1a: Bronzong|66/100
|
|-heal|p2a: Main course|43/100 brn|[from] item: Leftovers
|-damage|p2a: Main course|37/100 brn|[from] brn
|-sideend|p1: Hunter_of_Keys|move: Light Screen
|upkeep
|turn|34
|
|t:|1760840050
|move|p1a: Bronzong|Calm Mind|p1a: Bronzong
|-boost|p1a: Bronzong|spa|1
|-boost|p1a: Bronzong|spd|1
|move|p2a: Main course|Scald|p1a: Bronzong
|-damage|p1a: Bronzong|42/100
|
|-heal|p2a: Main course|43/100 brn|[from] item: Leftovers
|-damage|p2a: Main course|37/100 brn|[from] brn
|-sideend|p1: Hunter_of_Keys|Reflect
|upkeep
|turn|35
|
|t:|1760840056
|move|p1a: Bronzong|Stored Power|p2a: Main course
|-damage|p2a: Main course|14/100 brn
|move|p2a: Main course|Scald|p1a: Bronzong
|-damage|p1a: Bronzong|19/100
|-status|p1a: Bronzong|brn
|
|-heal|p2a: Main course|21/100 brn|[from] item: Leftovers
|-damage|p1a: Bronzong|13/100 brn|[from] brn
|-damage|p2a: Main course|14/100 brn|[from] brn
|upkeep
|turn|36
|
|t:|1760840064
|move|p1a: Bronzong|Stored Power|p2a: Main course
|-damage|p2a: Main course|0 fnt
|faint|p2a: Main course
|
|-damage|p1a: Bronzong|7/100 brn|[from] brn
|upkeep
|
|t:|1760840068
|switch|p2a: Weavile|Weavile, M|100/100
|-ability|p2a: Weavile|Pressure
|turn|37
|
|t:|1760840070
|move|p2a: Weavile|Knock Off|p1a: Bronzong
|-supereffective|p1a: Bronzong
|-damage|p1a: Bronzong|0 fnt
|faint|p1a: Bronzong
|
|upkeep
|
|t:|1760840071
|switch|p1a: Indeedee|Indeedee, M|100/100
|-fieldstart|move: Psychic Terrain|[from] ability: Psychic Surge|[of] p1a: Indeedee
|turn|38
|
|t:|1760840078
|switch|p2a: Gliscor|Gliscor, M|100/100
|move|p1a: Indeedee|Dazzling Gleam|p2a: Gliscor
|-damage|p2a: Gliscor|78/100
|
|-status|p2a: Gliscor|tox|[from] item: Toxic Orb
|upkeep
|turn|39
|
|t:|1760840086
|move|p1a: Indeedee|Expanding Force|p2a: Gliscor
|-damage|p2a: Gliscor|18/100 tox
|move|p2a: Gliscor|Earthquake|p1a: Indeedee
|-damage|p1a: Indeedee|34/100
|
|-heal|p2a: Gliscor|31/100 tox|[from] ability: Poison Heal
|upkeep
|turn|40
|
|t:|1760840092
|move|p1a: Indeedee|Expanding Force|p2a: Gliscor
|-damage|p2a: Gliscor|0 fnt
|faint|p2a: Gliscor
|
|upkeep
|
|t:|1760840093
|switch|p2a: Walking Wake|Walking Wake|100/100
|turn|41
|
|t:|1760840096
|move|p2a: Walking Wake|Hydro Steam|p1a: Indeedee
|-damage|p1a: Indeedee|0 fnt
|faint|p1a: Indeedee
|
|win|FittedCrib04
|raw|Hunter_of_Keys's rating: 1378 &rarr; <strong>1356</strong><br />(-22 for losing)
|raw|FittedCrib04's rating: 1338 &rarr; <strong>1360</strong><br />(+22 for winning)
|l|☆Hunter_of_Keys
|player|p1|
|l|☆FittedCrib04
|player|p2|
