|j|☆bigwill606
|j|☆blkjptr
|t:|1760839061
|gametype|singles
|player|p1|bigwill606|lucas|1246
|player|p2|blkjptr|caitlin|1285
|gen|9
|tier|[Gen 9] OU
|rated|
|rule|HP Percentage Mod: HP is shown in percentages
|rule|Endless Battle Clause: Forcing endless battles is banned
|rule|Species Clause: Limit one of each Pokémon
|rule|OHKO Clause: OHKO moves are banned
|rule|Evasion Items Clause: Evasion items are banned
|rule|Evasion Moves Clause: Evasion moves are banned
|rule|Evasion Abilities Clause: Evasion abilities are banned
|rule|Sleep Moves Clause: Sleep-inducing moves are banned
|clearpoke
|poke|p1|Landorus-Therian, M|
|poke|p1|Hatterene, F|
|poke|p1|Ogerpon-Wellspring, F|
|poke|p1|Okidogi, M|
|poke|p1|Iron Thorns|
|poke|p1|Forretress, M|
|poke|p2|Garchomp, F|
|poke|p2|Vileplume, F|
|poke|p2|Iron Crown|
|poke|p2|Moltres|
|poke|p2|Conkeldurr, F|
|poke|p2|Raging Bolt|
|teampreview
|inactive|Battle timer is ON: inactive players will automatically lose when time's up. (requested by blkjptr)
|
|t:|1760839067
|teamsize|p1|6
|teamsize|p2|6
|start
|switch|p1a: Landorus|Landorus-Therian, M|100/100
|switch|p2a: Garchomp|Garchomp, F|100/100
|-ability|p1a: Landorus|Intimidate|boost
|-unboost|p2a: Garchomp|atk|1
|turn|1
|
|t:|1760839073
|move|p1a: Landorus|Stealth Rock|p2a: Garchomp
|-sidestart|p2: blkjptr|move: Stealth Rock
|move|p2a: Garchomp|Earthquake|p1a: Landorus
|-immune|p1a: Landorus
|
|upkeep
|turn|2
|
|t:|1760839080
|switch|p1a: Hatterene|Hatterene, F|100/100
|move|p2a: Garchomp|Stealth Rock|p1a: Hatterene
|move|p1a: Hatterene|Stealth Rock||[from] ability: Magic Bounce|[still]
|-fail|p1a: Hatterene
|
|upkeep
|turn|3
|
|t:|1760839090
|move|p2a: Garchomp|Earthquake|p1a: Hatterene
|-damage|p1a: Hatterene|78/100
|move|p1a: Hatterene|Calm Mind|p1a: Hatterene
|-boost|p1a: Hatterene|spa|1
|-boost|p1a: Hatterene|spd|1
|
|upkeep
|turn|4
|
|t:|1760839099
|switch|p2a: Iron Crown|Iron Crown|100/100
|-damage|p2a: Iron Crown|94/100|[from] Stealth Rock
|move|p1a: Hatterene|Calm Mind|p1a: Hatterene
|-boost|p1a: Hatterene|spa|1
|-boost|p1a: Hatterene|spd|1
|
|upkeep
|turn|5
|
|t:|1760839106
|move|p2a: Iron Crown|Tachyon Cutter|p1a: Hatterene
|-supereffective|p1a: Hatterene
|-enditem|p1a: Hatterene|Babiri Berry|[eat]
|-enditem|p1a: Hatterene|Babiri Berry|[weaken]
|-damage|p1a: Hatterene|65/100
|-supereffective|p1a: Hatterene
|-damage|p1a: Hatterene|36/100
|-hitcount|p1a: Hatterene|2
|move|p1a: Hatterene|Nuzzle|p2a: Iron Crown
|-damage|p2a: Iron Crown|90/100
|-status|p2a: Iron Crown|par
|
|upkeep
|turn|6
|
|t:|1760839121
|move|p2a: Iron Crown|Tachyon Cutter|p1a: Hatterene
|-supereffective|p1a: Hatterene
|-damage|p1a: Hatterene|4/100
|-supereffective|p1a: Hatterene
|-damage|p1a: Hatterene|0 fnt
|faint|p1a: Hatterene
|-hitcount|p1: Hatterene|2
|
|upkeep
|
|t:|1760839129
|switch|p1a: Landorus|Landorus-Therian, M|100/100
|-ability|p1a: Landorus|Intimidate|boost
|-unboost|p2a: Iron Crown|atk|1
|turn|7
|
|t:|1760839139
|move|p1a: Landorus|Earth Power|p2a: Iron Crown
|-supereffective|p2a: Iron Crown
|-damage|p2a: Iron Crown|8/100 par
|move|p2a: Iron Crown|Tachyon Cutter|p1a: Landorus
|-damage|p1a: Landorus|56/100
|-damage|p1a: Landorus|8/100
|-hitcount|p1a: Landorus|2
|
|upkeep
|turn|8
|
|t:|1760839149
|move|p1a: Landorus|Earth Power|p2a: Iron Crown
|-supereffective|p2a: Iron Crown
|-crit|p2a: Iron Crown
|-damage|p2a: Iron Crown|0 fnt
|faint|p2a: Iron Crown
|-end|p2a: Iron Crown|Quark Drive|[silent]
|
|upkeep
|
|t:|1760839154
|switch|p2a: Conkeldurr|Conkeldurr, F|100/100
|-damage|p2a: Conkeldurr|95/100|[from] Stealth Rock
|turn|9
|c|☆bigwill606|crit mattered
|
|t:|1760839164
|move|p1a: Landorus|Earth Power|p2a: Conkeldurr
|-damage|p2a: Conkeldurr|36/100
|move|p2a: Conkeldurr|Bulk Up|p2a: Conkeldurr
|-boost|p2a: Conkeldurr|atk|1
|-boost|p2a: Conkeldurr|def|1
|
|-status|p2a: Conkeldurr|brn|[from] item: Flame Orb
|upkeep
|turn|10
|
|t:|1760839178
|switch|p1a: Okidogi|Okidogi, M|100/100
|move|p2a: Conkeldurr|Mach Punch|p1a: Okidogi
|-resisted|p1a: Okidogi
|-damage|p1a: Okidogi|78/100
|
|-damage|p2a: Conkeldurr|30/100 brn|[from] brn
|upkeep
|turn|11
|
|t:|1760839187
|switch|p1a: Landorus|Landorus-Therian, M|8/100
|-ability|p1a: Landorus|Intimidate|boost
|-unboost|p2a: Conkeldurr|atk|1
|move|p2a: Conkeldurr|Drain Punch|p1a: Landorus
|-resisted|p1a: Landorus
|-crit|p1a: Landorus
|-damage|p1a: Landorus|0 fnt
|-heal|p2a: Conkeldurr|34/100 brn|[from] drain|[of] p1a: Landorus
|faint|p1a: Landorus
|
|-damage|p2a: Conkeldurr|28/100 brn|[from] brn
|upkeep
|
|t:|1760839203
|switch|p1a: Okidogi|Okidogi, M|78/100
|turn|12
|
|t:|1760839206
|move|p1a: Okidogi|Bulk Up|p1a: Okidogi
|-boost|p1a: Okidogi|atk|1
|-boost|p1a: Okidogi|def|1
|move|p2a: Conkeldurr|Knock Off|p1a: Okidogi
|-resisted|p1a: Okidogi
|-damage|p1a: Okidogi|63/100
|-enditem|p1a: Okidogi|Punching Glove|[from] move: Knock Off|[of] p2a: Conkeldurr
|
|-damage|p2a: Conkeldurr|22/100 brn|[from] brn
|upkeep
|turn|13
|
|t:|1760839215
|switch|p2a: Vileplume|Vileplume, F|100/100
|-damage|p2a: Vileplume|88/100|[from] Stealth Rock
|move|p1a: Okidogi|Bulk Up|p1a: Okidogi
|-boost|p1a: Okidogi|atk|1
|-boost|p1a: Okidogi|def|1
|
|upkeep
|turn|14
|
|t:|1760839222
|move|p1a: Okidogi|Knock Off|p2a: Vileplume
|-damage|p2a: Vileplume|41/100
|-enditem|p2a: Vileplume|Big Root|[from] move: Knock Off|[of] p1a: Okidogi
|move|p2a: Vileplume|Leech Seed|p1a: Okidogi|[miss]
|-miss|p2a: Vileplume|p1a: Okidogi
|
|upkeep
|turn|15
|
|t:|1760839229
|move|p1a: Okidogi|Poison Jab|p2a: Vileplume
|-damage|p2a: Vileplume|0 fnt
|faint|p2a: Vileplume
|
|upkeep
|
|t:|1760839234
|switch|p2a: Moltres|Moltres|100/100
|-damage|p2a: Moltres|50/100|[from] Stealth Rock
|turn|16
|
|t:|1760839238
|move|p2a: Moltres|Hurricane|p1a: Okidogi|[miss]
|-miss|p2a: Moltres|p1a: Okidogi
|move|p1a: Okidogi|Poison Jab|p2a: Moltres
|-damage|p2a: Moltres|0 fnt
|-status|p1a: Okidogi|brn|[from] ability: Flame Body|[of] p2a: Moltres
|faint|p2a: Moltres
|
|-damage|p1a: Okidogi|56/100 brn|[from] brn
|upkeep
|
|t:|1760839245
|switch|p2a: Garchomp|Garchomp, F|100/100
|-damage|p2a: Garchomp|94/100|[from] Stealth Rock
|turn|17
|
|t:|1760839251
|move|p2a: Garchomp|Stealth Rock|p1a: Okidogi
|-sidestart|p1: bigwill606|move: Stealth Rock
|move|p1a: Okidogi|Drain Punch|p2a: Garchomp
|-damage|p2a: Garchomp|65/100
|-heal|p1a: Okidogi|73/100 brn|[from] drain|[of] p2a: Garchomp
|-damage|p1a: Okidogi|60/100 brn|[from] ability: Rough Skin|[of] p2a: Garchomp
|
|-heal|p2a: Garchomp|71/100|[from] item: Leftovers
|-damage|p1a: Okidogi|54/100 brn|[from] brn
|upkeep
|turn|18
|
|t:|1760839262
|move|p2a: Garchomp|Earthquake|p1a: Okidogi
|-supereffective|p1a: Okidogi
|-damage|p1a: Okidogi|16/100 brn
|move|p1a: Okidogi|Knock Off|p2a: Garchomp
|-damage|p2a: Garchomp|48/100
|-damage|p1a: Okidogi|4/100 brn|[from] ability: Rough Skin|[of] p2a: Garchomp
|-enditem|p2a: Garchomp|Leftovers|[from] move: Knock Off|[of] p1a: Okidogi
|
|-damage|p1a: Okidogi|0 fnt|[from] brn
|faint|p1a: Okidogi
|upkeep
|
|t:|1760839272
|switch|p1a: Forretress|Forretress, M|100/100
|-damage|p1a: Forretress|88/100|[from] Stealth Rock
|turn|19
|
|t:|1760839277
|move|p2a: Garchomp|Earthquake|p1a: Forretress
|-damage|p1a: Forretress|61/100
|move|p1a: Forretress|Rapid Spin|p2a: Garchomp
|-damage|p2a: Garchomp|37/100
|-boost|p1a: Forretress|spe|1
|-damage|p1a: Forretress|48/100|[from] ability: Rough Skin|[of] p2a: Garchomp
|-sideend|p1: bigwill606|Stealth Rock|[from] move: Rapid Spin|[of] p1a: Forretress
|
|upkeep
|turn|20
|
|t:|1760839289
|switch|p1a: Ogerpon|Ogerpon-Wellspring, F|100/100
|move|p2a: Garchomp|Stealth Rock|p1a: Ogerpon
|-sidestart|p1: bigwill606|move: Stealth Rock
|
|upkeep
|turn|21
|
|t:|1760839294
|move|p1a: Ogerpon|Swords Dance|p1a: Ogerpon
|-boost|p1a: Ogerpon|atk|2
|move|p2a: Garchomp|Dragon Tail|p1a: Ogerpon
|-damage|p1a: Ogerpon|64/100
|drag|p1a: Forretress|Forretress, M|48/100
|-damage|p1a: Forretress|36/100|[from] Stealth Rock
|
|upkeep
|turn|22
|
|t:|1760839305
|move|p2a: Garchomp|Earthquake|p1a: Forretress
|-damage|p1a: Forretress|10/100
|move|p1a: Forretress|Gyro Ball|p2a: Garchomp
|-damage|p2a: Garchomp|14/100
|-damage|p1a: Forretress|0 fnt|[from] ability: Rough Skin|[of] p2a: Garchomp
|faint|p1a: Forretress
|
|upkeep
|
|t:|1760839317
|switch|p1a: Ogerpon|Ogerpon-Wellspring, F|64/100
|-damage|p1a: Ogerpon|51/100|[from] Stealth Rock
|turn|23
|
|t:|1760839327
|move|p1a: Ogerpon|Play Rough|p2a: Garchomp
|-supereffective|p2a: Garchomp
|-damage|p2a: Garchomp|0 fnt
|-damage|p1a: Ogerpon|39/100|[from] ability: Rough Skin|[of] p2a: Garchomp
|faint|p2a: Garchomp
|
|upkeep
|
|t:|1760839330
|switch|p2a: Conkeldurr|Conkeldurr, F|22/100 brn
|-damage|p2a: Conkeldurr|16/100 brn|[from] Stealth Rock
|turn|24
|
|t:|1760839336
|move|p2a: Conkeldurr|Mach Punch|p1a: Ogerpon
|-damage|p1a: Ogerpon|0 fnt
|faint|p1a: Ogerpon
|
|-damage|p2a: Conkeldurr|10/100 brn|[from] brn
|upkeep
|
|t:|1760839345
|switch|p1a: Iron Thorns|Iron Thorns|100/100
|-damage|p1a: Iron Thorns|88/100|[from] Stealth Rock
|-enditem|p1a: Iron Thorns|Booster Energy
|-activate|p1a: Iron Thorns|ability: Quark Drive|[fromitem]
|-start|p1a: Iron Thorns|quarkdriveatk
|turn|25
|
|t:|1760839352
|-terastallize|p1a: Iron Thorns|Ground
|move|p2a: Conkeldurr|Mach Punch|p1a: Iron Thorns
|-damage|p1a: Iron Thorns|54/100
|move|p1a: Iron Thorns|Dragon Dance|p1a: Iron Thorns
|-boost|p1a: Iron Thorns|atk|1
|-boost|p1a: Iron Thorns|spe|1
|
|-damage|p2a: Conkeldurr|4/100 brn|[from] brn
|upkeep
|turn|26
|
|t:|1760839363
|move|p2a: Conkeldurr|Mach Punch|p1a: Iron Thorns
|-damage|p1a: Iron Thorns|23/100
|move|p1a: Iron Thorns|Earthquake|p2a: Conkeldurr
|-damage|p2a: Conkeldurr|0 fnt
|faint|p2a: Conkeldurr
|
|upkeep
|
|t:|1760839367
|switch|p2a: Raging Bolt|Raging Bolt|100/100
|-damage|p2a: Raging Bolt|88/100|[from] Stealth Rock
|-enditem|p2a: Raging Bolt|Booster Energy
|-activate|p2a: Raging Bolt|ability: Protosynthesis|[fromitem]
|-start|p2a: Raging Bolt|protosynthesisspa
|turn|27
|
|t:|1760839374
|-terastallize|p2a: Raging Bolt|Fairy
|move|p1a: Iron Thorns|Earthquake|p2a: Raging Bolt
|-damage|p2a: Raging Bolt|0 fnt
|faint|p2a: Raging Bolt
|-end|p2a: Raging Bolt|Protosynthesis|[silent]
|
|win|bigwill606
|raw|bigwill606's rating: 1246 &rarr; <strong>1274</strong><br />(+28 for winning)
|raw|blkjptr's rating: 1285 &rarr; <strong>1257</strong><br />(-28 for losing)
|c|☆bigwill606|gg
|l|☆blkjptr
|player|p2|
|l|☆bigwill606
|player|p1|
