|j|☆3lit
|j|☆Morakki
|t:|1760822024
|gametype|singles
|player|p1|3lit|1|1216
|player|p2|Morakki|baker|1175
|gen|9
|tier|[Gen 9] OU
|rated|
|rule|HP Percentage Mod: HP is shown in percentages
|rule|Endless Battle Clause: Forcing endless battles is banned
|rule|Species Clause: Limit one of each Pokémon
|rule|OHKO Clause: OHKO moves are banned
|rule|Evasion Items Clause: Evasion items are banned
|rule|Evasion Moves Clause: Evasion moves are banned
|rule|Evasion Abilities Clause: Evasion abilities are banned
|rule|Sleep Moves Clause: Sleep-inducing moves are banned
|clearpoke
|poke|p1|Dragapult, M|
|poke|p1|Gliscor, F|
|poke|p1|Kingambit, F|
|poke|p1|Slowking-Galar, M|
|poke|p1|Ogerpon-Wellspring, F|
|poke|p1|Great Tusk|
|poke|p2|Maushold-Four|
|poke|p2|Heatran, F|
|poke|p2|Gengar, F|
|poke|p2|Kleavor, F|
|poke|p2|Primarina, M|
|poke|p2|Gloom, M|
|teampreview
|inactive|Battle timer is ON: inactive players will automatically lose when time's up. (requested by 3lit)
|
|t:|1760822030
|teamsize|p1|6
|teamsize|p2|6
|start
|switch|p1a: Dragapult|Dragapult, M|100/100
|switch|p2a: Heatran|Heatran, F|100/100
|-item|p2a: Heatran|Air Balloon
|turn|1
|
|t:|1760822040
|move|p1a: Dragapult|U-turn|p2a: Heatran
|-resisted|p2a: Heatran
|-damage|p2a: Heatran|97/100
|-enditem|p2a: Heatran|Air Balloon
|
|t:|1760822047
|switch|p1a: Tusker|Great Tusk|100/100|[from] U-turn
|move|p2a: Heatran|Stealth Rock|p1a: Tusker
|-sidestart|p1: 3lit|move: Stealth Rock
|
|upkeep
|turn|2
|
|t:|1760822060
|move|p1a: Tusker|Headlong Rush|p2a: Heatran
|-supereffective|p2a: Heatran
|-damage|p2a: Heatran|0 fnt
|-unboost|p1a: Tusker|def|1
|-unboost|p1a: Tusker|spd|1
|faint|p2a: Heatran
|
|upkeep
|
|t:|1760822068
|switch|p2a: Maushold|Maushold-Four|100/100
|turn|3
|
|t:|1760822074
|-terastallize|p1a: Tusker|Steel
|move|p2a: Maushold|Population Bomb|p1a: Tusker
|-resisted|p1a: Tusker
|-damage|p1a: Tusker|94/100
|-resisted|p1a: Tusker
|-damage|p1a: Tusker|88/100
|-resisted|p1a: Tusker
|-damage|p1a: Tusker|81/100
|-resisted|p1a: Tusker
|-damage|p1a: Tusker|75/100
|-resisted|p1a: Tusker
|-damage|p1a: Tusker|69/100
|-resisted|p1a: Tusker
|-damage|p1a: Tusker|63/100
|-resisted|p1a: Tusker
|-damage|p1a: Tusker|57/100
|-resisted|p1a: Tusker
|-damage|p1a: Tusker|51/100
|-hitcount|p1a: Tusker|8
|move|p1a: Tusker|Close Combat|p2a: Maushold
|-supereffective|p2a: Maushold
|-damage|p2a: Maushold|0 fnt
|-unboost|p1a: Tusker|def|1
|-unboost|p1a: Tusker|spd|1
|faint|p2a: Maushold
|
|upkeep
|
|t:|1760822098
|switch|p2a: Primarina|Primarina, M|100/100
|turn|4
|
|t:|1760822107
|-end|p1a: Tusker|Protosynthesis|[silent]
|switch|p1a: Pon Welly|Ogerpon-Wellspring, F|100/100
|-damage|p1a: Pon Welly|88/100|[from] Stealth Rock
|move|p2a: Primarina|Sparkling Aria|p1a: Pon Welly
|-heal|p1a: Pon Welly|100/100|[from] ability: Water Absorb|[of] p2a: Primarina
|
|upkeep
|turn|5
|
|t:|1760822117
|switch|p2a: Gloom|Gloom, M|100/100
|move|p1a: Pon Welly|Swords Dance|p1a: Pon Welly
|-boost|p1a: Pon Welly|atk|2
|
|upkeep
|turn|6
|
|t:|1760822124
|move|p1a: Pon Welly|Horn Leech|p2a: Gloom
|-resisted|p2a: Gloom
|-damage|p2a: Gloom|86/100
|move|p2a: Gloom|Toxic|p1a: Pon Welly
|-status|p1a: Pon Welly|tox
|
|-damage|p1a: Pon Welly|95/100 tox|[from] psn
|upkeep
|turn|7
|
|t:|1760822138
|move|p1a: Pon Welly|U-turn|p2a: Gloom
|-damage|p2a: Gloom|53/100
|
|t:|1760822143
|switch|p1a: Gliscor|Gliscor, F|100/100|[from] U-turn
|-damage|p1a: Gliscor|88/100|[from] Stealth Rock
|move|p2a: Gloom|Strength Sap|p1a: Gliscor
|-unboost|p1a: Gliscor|atk|1
|-heal|p2a: Gloom|100/100
|
|-status|p1a: Gliscor|tox|[from] item: Toxic Orb
|upkeep
|turn|8
|
|t:|1760822156
|move|p1a: Gliscor|Protect|p1a: Gliscor
|-singleturn|p1a: Gliscor|Protect
|move|p2a: Gloom|Leech Seed|p1a: Gliscor
|-activate|p1a: Gliscor|move: Protect
|
|-heal|p1a: Gliscor|100/100 tox|[from] ability: Poison Heal
|upkeep
|turn|9
|
|t:|1760822165
|move|p1a: Gliscor|Knock Off|p2a: Gloom
|-damage|p2a: Gloom|92/100
|-enditem|p2a: Gloom|Eviolite|[from] move: Knock Off|[of] p1a: Gliscor
|move|p2a: Gloom|Leech Seed|p1a: Gliscor
|-start|p1a: Gliscor|move: Leech Seed
|
|-damage|p1a: Gliscor|88/100 tox|[from] Leech Seed|[of] p2a: Gloom
|-heal|p2a: Gloom|100/100|[silent]
|-heal|p1a: Gliscor|100/100 tox|[from] ability: Poison Heal
|upkeep
|turn|10
|
|t:|1760822181
|switch|p1a: Gloking|Slowking-Galar, M, shiny|100/100
|-damage|p1a: Gloking|88/100|[from] Stealth Rock
|move|p2a: Gloom|Strength Sap|p1a: Gloking
|-unboost|p1a: Gloking|atk|1
|
|upkeep
|turn|11
|
|t:|1760822191
|move|p2a: Gloom|Leech Seed|p1a: Gloking
|-start|p1a: Gloking|move: Leech Seed
|move|p1a: Gloking|Future Sight|p2a: Gloom
|-start|p1a: Gloking|move: Future Sight
|
|-damage|p1a: Gloking|76/100|[from] Leech Seed|[of] p2a: Gloom
|upkeep
|turn|12
|
|t:|1760822201
|move|p2a: Gloom|Giga Drain|p1a: Gloking
|-resisted|p1a: Gloking
|-damage|p1a: Gloking|70/100
|move|p1a: Gloking|Ice Beam|p2a: Gloom
|-supereffective|p2a: Gloom
|-damage|p2a: Gloom|28/100
|
|-damage|p1a: Gloking|58/100|[from] Leech Seed|[of] p2a: Gloom
|-heal|p2a: Gloom|41/100|[silent]
|upkeep
|turn|13
|
|t:|1760822211
|switch|p1a: Dragapult|Dragapult, M|100/100
|-damage|p1a: Dragapult|88/100|[from] Stealth Rock
|move|p2a: Gloom|Strength Sap|p1a: Dragapult
|-fail|p1a: Dragapult|unboost|[from] ability: Clear Body|[of] p1a: Dragapult
|-heal|p2a: Gloom|100/100
|
|-end|p2a: Gloom|move: Future Sight
|-supereffective|p2a: Gloom
|-damage|p2a: Gloom|0 fnt
|faint|p2a: Gloom
|upkeep
|
|t:|1760822226
|switch|p2a: Primarina|Primarina, M|100/100
|turn|14
|
|t:|1760822232
|move|p1a: Dragapult|U-turn|p2a: Primarina
|-resisted|p2a: Primarina
|-damage|p2a: Primarina|90/100
|
|t:|1760822234
|switch|p1a: Gloking|Slowking-Galar, M, shiny|91/100|[from] U-turn
|-damage|p1a: Gloking|79/100|[from] Stealth Rock
|move|p2a: Primarina|Moonblast|p1a: Gloking
|-resisted|p1a: Gloking
|-damage|p1a: Gloking|60/100
|
|upkeep
|turn|15
|
|t:|1760822244
|switch|p2a: Kleavor|Kleavor, F|100/100
|move|p1a: Gloking|Sludge Bomb|p2a: Kleavor
|-resisted|p2a: Kleavor
|-damage|p2a: Kleavor|82/100
|
|upkeep
|turn|16
|inactive|3lit has 120 seconds left.
|l|☆3lit
|inactive|3lit disconnected and has a minute to reconnect!
|player|p1|
|inactive|3lit has 30 seconds to reconnect!
|inactive|3lit has 20 seconds to reconnect!
|inactive|3lit has 15 seconds to reconnect!
|inactive|3lit has 10 seconds to reconnect!
|inactive|3lit has 5 seconds to reconnect!
|-message|3lit lost due to inactivity.
|
|win|Morakki
|raw|3lit's rating: 1216 &rarr; <strong>1188</strong><br />(-28 for losing)
|raw|Morakki's rating: 1175 &rarr; <strong>1203</strong><br />(+28 for winning)
|l|☆Morakki
|player|p2|
|j|☆Morakki
|player|p2|Morakki|baker|
|l|☆Morakki
|player|p2|
|j|☆3lit
|player|p1|3lit|1|
|l|☆3lit
|player|p1|
