|j|☆viutil
|j|☆Auburn Hills
|t:|1760797268
|gametype|singles
|player|p1|viutil|265|1651
|player|p2|Auburn Hills|alder|1732
|gen|9
|tier|[Gen 9] OU
|rated|
|rule|HP Percentage Mod: HP is shown in percentages
|rule|Endless Battle Clause: Forcing endless battles is banned
|rule|Species Clause: Limit one of each Pokémon
|rule|OHKO Clause: OHKO moves are banned
|rule|Evasion Items Clause: Evasion items are banned
|rule|Evasion Moves Clause: Evasion moves are banned
|rule|Evasion Abilities Clause: Evasion abilities are banned
|rule|Sleep Moves Clause: Sleep-inducing moves are banned
|clearpoke
|poke|p1|Gholdengo|
|poke|p1|Iron Crown|
|poke|p1|Kyurem|
|poke|p1|Cinderace, M|
|poke|p1|Rillaboom, M|
|poke|p1|Great Tusk|
|poke|p2|Iron Moth|
|poke|p2|Umbreon, F|
|poke|p2|Garchomp, F|
|poke|p2|Glimmora, F|
|poke|p2|Gholdengo|
|poke|p2|Dragonite, F|
|teampreview
|inactive|Battle timer is ON: inactive players will automatically lose when time's up. (requested by viutil)
|
|t:|1760797287
|teamsize|p1|6
|teamsize|p2|6
|start
|switch|p1a: Gholdengo|Gholdengo|100/100
|switch|p2a: Rat Tally|Garchomp, F|100/100
|turn|1
|
|t:|1760797293
|switch|p1a: Great Tusk|Great Tusk|100/100
|move|p2a: Rat Tally|Scale Shot|p1a: Great Tusk
|-damage|p1a: Great Tusk|91/100
|-damage|p1a: Great Tusk|82/100
|-damage|p1a: Great Tusk|73/100
|-damage|p1a: Great Tusk|64/100
|-hitcount|p1a: Great Tusk|4
|-unboost|p2a: Rat Tally|def|1
|-boost|p2a: Rat Tally|spe|1
|
|-heal|p1a: Great Tusk|70/100|[from] item: Leftovers
|upkeep
|turn|2
|
|t:|1760797298
|switch|p2a: Smino|Gholdengo|100/100
|move|p1a: Great Tusk|Ice Spinner|p2a: Smino
|-resisted|p2a: Smino
|-damage|p2a: Smino|85/100
|
|-heal|p1a: Great Tusk|76/100|[from] item: Leftovers
|upkeep
|turn|3
|
|t:|1760797307
|-end|p1a: Great Tusk|Protosynthesis|[silent]
|switch|p1a: Cinderace|Cinderace, M|100/100
|move|p2a: Smino|Shadow Ball|p1a: Cinderace
|-damage|p1a: Cinderace|42/100
|
|upkeep
|turn|4
|
|t:|1760797313
|move|p2a: Smino|Shadow Ball|p1a: Cinderace
|-damage|p1a: Cinderace|0 fnt
|faint|p1a: Cinderace
|
|upkeep
|
|t:|1760797318
|switch|p1a: Kyurem|Kyurem|100/100
|-ability|p1a: Kyurem|Pressure
|turn|5
|
|t:|1760797321
|switch|p2a: Alvvays|Umbreon, F|100/100
|move|p1a: Kyurem|Dragon Dance|p1a: Kyurem
|-boost|p1a: Kyurem|atk|1
|-boost|p1a: Kyurem|spe|1
|
|upkeep
|turn|6
|
|t:|1760797328
|switch|p1a: Iron Crown|Iron Crown|100/100
|move|p2a: Alvvays|Thunder Wave|p1a: Iron Crown
|-status|p1a: Iron Crown|par
|
|upkeep
|turn|7
|
|t:|1760797351
|move|p2a: Alvvays|Foul Play|p1a: Iron Crown
|-supereffective|p1a: Iron Crown
|-damage|p1a: Iron Crown|50/100 par
|-enditem|p1a: Iron Crown|Weakness Policy
|-boost|p1a: Iron Crown|atk|2|[from] item: Weakness Policy
|-boost|p1a: Iron Crown|spa|2|[from] item: Weakness Policy
|move|p1a: Iron Crown|Agility|p1a: Iron Crown
|-boost|p1a: Iron Crown|spe|2
|
|upkeep
|turn|8
|
|t:|1760797359
|move|p1a: Iron Crown|Tachyon Cutter|p2a: Alvvays
|-damage|p2a: Alvvays|71/100
|-crit|p2a: Alvvays
|-damage|p2a: Alvvays|31/100
|-hitcount|p2a: Alvvays|2
|move|p2a: Alvvays|Foul Play|p1a: Iron Crown
|-supereffective|p1a: Iron Crown
|-damage|p1a: Iron Crown|0 fnt
|faint|p1a: Iron Crown
|-end|p1a: Iron Crown|Quark Drive|[silent]
|
|-heal|p2a: Alvvays|37/100|[from] item: Leftovers
|upkeep
|
|t:|1760797368
|switch|p1a: Rillaboom|Rillaboom, M|100/100
|-fieldstart|move: Grassy Terrain|[from] ability: Grassy Surge|[of] p1a: Rillaboom
|turn|9
|
|t:|1760797370
|move|p2a: Alvvays|Protect|p2a: Alvvays
|-singleturn|p2a: Alvvays|Protect
|move|p1a: Rillaboom|U-turn|p2a: Alvvays
|-activate|p2a: Alvvays|move: Protect
|
|-heal|p2a: Alvvays|43/100|[from] Grassy Terrain
|-heal|p2a: Alvvays|49/100|[from] item: Leftovers
|upkeep
|turn|10
|
|t:|1760797374
|switch|p2a: Julia Jacklin|Glimmora, F|100/100
|move|p1a: Rillaboom|U-turn|p2a: Julia Jacklin
|-resisted|p2a: Julia Jacklin
|-damage|p2a: Julia Jacklin|77/100
|-activate|p2a: Julia Jacklin|ability: Toxic Debris
|-sidestart|p1: viutil|move: Toxic Spikes
|
|t:|1760797378
|switch|p1a: Great Tusk|Great Tusk|76/100|[from] U-turn
|-status|p1a: Great Tusk|psn
|
|-heal|p1a: Great Tusk|82/100 psn|[from] Grassy Terrain
|-heal|p1a: Great Tusk|88/100 psn|[from] item: Leftovers
|-heal|p2a: Julia Jacklin|83/100|[from] Grassy Terrain
|-damage|p1a: Great Tusk|76/100 psn|[from] psn
|upkeep
|turn|11
|
|t:|1760797382
|switch|p2a: Smino|Gholdengo|85/100
|move|p1a: Great Tusk|Knock Off|p2a: Smino
|-supereffective|p2a: Smino
|-damage|p2a: Smino|16/100
|-enditem|p2a: Smino|Choice Scarf|[from] move: Knock Off|[of] p1a: Great Tusk
|
|-heal|p1a: Great Tusk|82/100 psn|[from] Grassy Terrain
|-heal|p1a: Great Tusk|88/100 psn|[from] item: Leftovers
|-heal|p2a: Smino|22/100|[from] Grassy Terrain
|-damage|p1a: Great Tusk|76/100 psn|[from] psn
|upkeep
|turn|12
|
|t:|1760797387
|move|p1a: Great Tusk|Earthquake|p2a: Smino
|-supereffective|p2a: Smino
|-damage|p2a: Smino|0 fnt
|faint|p2a: Smino
|
|-heal|p1a: Great Tusk|82/100 psn|[from] Grassy Terrain
|-heal|p1a: Great Tusk|88/100 psn|[from] item: Leftovers
|-damage|p1a: Great Tusk|76/100 psn|[from] psn
|upkeep
|
|t:|1760797389
|switch|p2a: Carly Rae|Iron Moth|100/100
|-enditem|p2a: Carly Rae|Booster Energy
|-activate|p2a: Carly Rae|ability: Quark Drive|[fromitem]
|-start|p2a: Carly Rae|quarkdrivespe
|turn|13
|
|t:|1760797394
|move|p2a: Carly Rae|Dazzling Gleam|p1a: Great Tusk
|-supereffective|p1a: Great Tusk
|-damage|p1a: Great Tusk|0 fnt
|faint|p1a: Great Tusk
|-end|p1a: Great Tusk|Protosynthesis|[silent]
|
|-fieldend|move: Grassy Terrain
|upkeep
|
|t:|1760797405
|switch|p1a: Gholdengo|Gholdengo|100/100
|turn|14
|
|t:|1760797407
|move|p2a: Carly Rae|Fiery Dance|p1a: Gholdengo
|-supereffective|p1a: Gholdengo
|-damage|p1a: Gholdengo|7/100
|-boost|p2a: Carly Rae|spa|1
|move|p1a: Gholdengo|Shadow Ball|p2a: Carly Rae
|-damage|p2a: Carly Rae|52/100
|
|upkeep
|turn|15
|
|t:|1760797415
|move|p2a: Carly Rae|Fiery Dance|p1a: Gholdengo
|-supereffective|p1a: Gholdengo
|-damage|p1a: Gholdengo|0 fnt
|-boost|p2a: Carly Rae|spa|1
|faint|p1a: Gholdengo
|
|upkeep
|
|t:|1760797416
|switch|p1a: Kyurem|Kyurem|100/100
|-status|p1a: Kyurem|psn
|-ability|p1a: Kyurem|Pressure
|turn|16
|
|t:|1760797423
|-terastallize|p2a: Carly Rae|Fairy
|-terastallize|p1a: Kyurem|Ground
|move|p2a: Carly Rae|Dazzling Gleam|p1a: Kyurem
|-crit|p1a: Kyurem
|-damage|p1a: Kyurem|0 fnt
|faint|p1a: Kyurem
|
|upkeep
|-message|viutil forfeited.
|
|win|Auburn Hills
|raw|viutil's rating: 1651 &rarr; <strong>1636</strong><br />(-15 for losing)
|raw|Auburn Hills's rating: 1732 &rarr; <strong>1747</strong><br />(+15 for winning)
|l|☆viutil
|player|p1|
|l|☆Auburn Hills
|player|p2|
