|j|☆Pipich
|j|☆dracula drip
|t:|1760763289
|gametype|singles
|player|p1|Pipich|266|1549
|player|p2|dracula drip|iris-gen5bw2|1548
|gen|9
|tier|[Gen 9] OU
|rated|
|rule|HP Percentage Mod: HP is shown in percentages
|rule|Endless Battle Clause: Forcing endless battles is banned
|rule|Species Clause: Limit one of each Pokémon
|rule|OHKO Clause: OHKO moves are banned
|rule|Evasion Items Clause: Evasion items are banned
|rule|Evasion Moves Clause: Evasion moves are banned
|rule|Evasion Abilities Clause: Evasion abilities are banned
|rule|Sleep Moves Clause: Sleep-inducing moves are banned
|clearpoke
|poke|p1|Walking Wake|
|poke|p1|Ninetales, M|
|poke|p1|Iron Valiant|
|poke|p1|Rillaboom, M|
|poke|p1|Great Tusk|
|poke|p1|Infernape, F|
|poke|p2|Glimmora, F|
|poke|p2|Iron Crown|
|poke|p2|Samurott-Hisui, M|
|poke|p2|Ogerpon-Cornerstone, F|
|poke|p2|Dragapult, F|
|poke|p2|Great Tusk|
|teampreview
|inactive|Battle timer is ON: inactive players will automatically lose when time's up. (requested by dracula drip)
|
|t:|1760763305
|teamsize|p1|6
|teamsize|p2|6
|start
|switch|p1a: Ninetales|Ninetales, M|100/100
|switch|p2a: Samurott|Samurott-Hisui, M|100/100
|-weather|SunnyDay|[from] ability: Drought|[of] p1a: Ninetales
|turn|1
|
|t:|1760763314
|move|p1a: Ninetales|Will-O-Wisp|p2a: Samurott
|-status|p2a: Samurott|brn
|move|p2a: Samurott|Knock Off|p1a: Ninetales
|-damage|p1a: Ninetales|75/100
|-enditem|p1a: Ninetales|Heat Rock|[from] move: Knock Off|[of] p2a: Samurott
|
|-weather|SunnyDay|[upkeep]
|-damage|p2a: Samurott|94/100 brn|[from] brn
|upkeep
|turn|2
|
|t:|1760763329
|switch|p1a: Infernape|Infernape, F|100/100
|move|p2a: Samurott|Ceaseless Edge|p1a: Infernape
|-resisted|p1a: Infernape
|-damage|p1a: Infernape|83/100
|-sidestart|p1: Pipich|Spikes
|
|-weather|SunnyDay|[upkeep]
|-damage|p2a: Samurott|88/100 brn|[from] brn
|upkeep
|turn|3
|
|t:|1760763339
|move|p1a: Infernape|U-turn|p2a: Samurott
|-supereffective|p2a: Samurott
|-damage|p2a: Samurott|13/100 brn
|
|t:|1760763343
|switch|p1a: Great Tusk|Great Tusk|100/100|[from] U-turn
|-damage|p1a: Great Tusk|88/100|[from] Spikes
|-activate|p1a: Great Tusk|ability: Protosynthesis
|-start|p1a: Great Tusk|protosynthesisspe
|move|p2a: Samurott|Ceaseless Edge|p1a: Great Tusk
|-resisted|p1a: Great Tusk
|-damage|p1a: Great Tusk|81/100
|-damage|p2a: Samurott|0 fnt|[from] item: Rocky Helmet|[of] p1a: Great Tusk
|faint|p2a: Samurott
|
|-weather|SunnyDay|[upkeep]
|upkeep
|
|t:|1760763354
|switch|p2a: Dragapult|Dragapult, F|100/100
|turn|4
|
|t:|1760763362
|move|p1a: Great Tusk|Ice Spinner|p2a: Dragapult
|-supereffective|p2a: Dragapult
|-damage|p2a: Dragapult|42/100
|move|p2a: Dragapult|Draco Meteor|p1a: Great Tusk
|-damage|p1a: Great Tusk|8/100
|-unboost|p2a: Dragapult|spa|2
|
|-weather|SunnyDay|[upkeep]
|upkeep
|turn|5
|
|t:|1760763378
|move|p1a: Great Tusk|Stealth Rock|p2a: Dragapult
|-sidestart|p2: dracula drip|move: Stealth Rock
|move|p2a: Dragapult|Hex|p1a: Great Tusk
|-damage|p1a: Great Tusk|0 fnt
|faint|p1a: Great Tusk
|-end|p1a: Great Tusk|Protosynthesis|[silent]
|
|-weather|SunnyDay|[upkeep]
|upkeep
|
|t:|1760763387
|switch|p1a: Walking Wake|Walking Wake|100/100
|-damage|p1a: Walking Wake|88/100|[from] Spikes
|-activate|p1a: Walking Wake|ability: Protosynthesis
|-start|p1a: Walking Wake|protosynthesisspe
|turn|6
|l|☆dracula drip
|inactive|dracula drip disconnected and has a minute to reconnect!
|player|p2|
|j|☆dracula drip
|inactive|dracula drip reconnected and has 145 seconds left.
|player|p2|dracula drip|iris-gen5bw2|
|
|t:|1760763402
|-terastallize|p1a: Walking Wake|Water
|move|p1a: Walking Wake|Hydro Steam|p2a: Dragapult
|-resisted|p2a: Dragapult
|-damage|p2a: Dragapult|0 fnt
|faint|p2a: Dragapult
|
|-weather|SunnyDay|[upkeep]
|upkeep
|-message|dracula drip forfeited.
|
|win|Pipich
|raw|Pipich's rating: 1549 &rarr; <strong>1569</strong><br />(+20 for winning)
|raw|dracula drip's rating: 1548 &rarr; <strong>1528</strong><br />(-20 for losing)
|l|☆dracula drip
|player|p2|
|l|☆Pipich
|player|p1|
