|j|☆10thPlanett
|j|☆Faisha7
|t:|1760870304
|gametype|singles
|player|p1|10thPlanett|alder|1606
|player|p2|Faisha7|youngster-gen4dp|1531
|gen|9
|tier|[Gen 9] OU
|rated|
|rule|HP Percentage Mod: HP is shown in percentages
|rule|Endless Battle Clause: Forcing endless battles is banned
|rule|Species Clause: Limit one of each Pokémon
|rule|OHKO Clause: OHKO moves are banned
|rule|Evasion Items Clause: Evasion items are banned
|rule|Evasion Moves Clause: Evasion moves are banned
|rule|Evasion Abilities Clause: Evasion abilities are banned
|rule|Sleep Moves Clause: Sleep-inducing moves are banned
|clearpoke
|poke|p1|Dragonite, F|
|poke|p1|Zamazenta-*|
|poke|p1|Araquanid, F|
|poke|p1|Iron Treads|
|poke|p1|Zapdos|
|poke|p1|Glimmora, F|
|poke|p2|Torkoal, F|
|poke|p2|Walking Wake|
|poke|p2|Great Tusk|
|poke|p2|Ceruledge, M|
|poke|p2|Hatterene, F|
|poke|p2|Corviknight, F|
|teampreview
|inactive|Battle timer is ON: inactive players will automatically lose when time's up. (requested by Faisha7)
|
|t:|1760870316
|teamsize|p1|6
|teamsize|p2|6
|start
|switch|p1a: Glimmora|Glimmora, F|100/100
|switch|p2a: Great Tusk|Great Tusk|100/100
|turn|1
|
|t:|1760870323
|-terastallize|p1a: Glimmora|Fairy
|move|p1a: Glimmora|Dazzling Gleam|p2a: Great Tusk
|-supereffective|p2a: Great Tusk
|-damage|p2a: Great Tusk|20/100
|move|p2a: Great Tusk|Rapid Spin|p1a: Glimmora
|-damage|p1a: Glimmora|78/100
|-boost|p2a: Great Tusk|spe|1
|-activate|p1a: Glimmora|ability: Toxic Debris
|-sidestart|p2: Faisha7|move: Toxic Spikes
|-sideend|p2: Faisha7|Toxic Spikes|[from] move: Rapid Spin|[of] p2a: Great Tusk
|
|upkeep
|turn|2
|
|t:|1760870334
|switch|p1a: Araquanid|Araquanid, F, shiny|100/100
|-end|p2a: Great Tusk|Protosynthesis|[silent]
|switch|p2a: Corviknight|Corviknight, F|100/100
|-ability|p2a: Corviknight|Pressure
|
|upkeep
|turn|3
|
|t:|1760870342
|switch|p2a: Hatterene|Hatterene, F|100/100
|move|p1a: Araquanid|Surf|p2a: Hatterene
|-damage|p2a: Hatterene|52/100
|
|-heal|p2a: Hatterene|58/100|[from] item: Leftovers
|upkeep
|turn|4
|
|t:|1760870353
|move|p1a: Araquanid|Surf|p2a: Hatterene
|-damage|p2a: Hatterene|10/100
|move|p2a: Hatterene|Draining Kiss|p1a: Araquanid
|-damage|p1a: Araquanid|77/100
|-heal|p2a: Hatterene|28/100|[from] drain|[of] p1a: Araquanid
|
|-heal|p2a: Hatterene|34/100|[from] item: Leftovers
|upkeep
|turn|5
|
|t:|1760870364
|-terastallize|p2a: Hatterene|Water
|move|p1a: Araquanid|Surf|p2a: Hatterene
|-resisted|p2a: Hatterene
|-damage|p2a: Hatterene|7/100
|move|p2a: Hatterene|Draining Kiss|p1a: Araquanid
|-damage|p1a: Araquanid|57/100
|-heal|p2a: Hatterene|23/100|[from] drain|[of] p1a: Araquanid
|
|-heal|p2a: Hatterene|29/100|[from] item: Leftovers
|upkeep
|turn|6
|
|t:|1760870374
|move|p1a: Araquanid|Surf|p2a: Hatterene
|-resisted|p2a: Hatterene
|-damage|p2a: Hatterene|2/100
|move|p2a: Hatterene|Draining Kiss|p1a: Araquanid
|-damage|p1a: Araquanid|34/100
|-heal|p2a: Hatterene|21/100|[from] drain|[of] p1a: Araquanid
|
|-heal|p2a: Hatterene|27/100|[from] item: Leftovers
|upkeep
|turn|7
|
|t:|1760870385
|switch|p2a: Walking Wake|Walking Wake|100/100
|move|p1a: Araquanid|Endeavor|p2a: Walking Wake
|-damage|p2a: Walking Wake|34/100
|
|upkeep
|turn|8
|
|t:|1760870392
|move|p1a: Araquanid|Endure|p1a: Araquanid
|-singleturn|p1a: Araquanid|move: Endure
|move|p2a: Walking Wake|Draco Meteor|p1a: Araquanid|[miss]
|-miss|p2a: Walking Wake|p1a: Araquanid
|
|upkeep
|turn|9
|
|t:|1760870404
|move|p1a: Araquanid|Endure||[still]
|-fail|p1a: Araquanid
|move|p2a: Walking Wake|Draco Meteor|p1a: Araquanid
|-damage|p1a: Araquanid|0 fnt
|-unboost|p2a: Walking Wake|spa|2
|faint|p1a: Araquanid
|
|upkeep
|
|t:|1760870417
|switch|p1a: Glimmora|Glimmora, F, tera:Fairy|78/100
|turn|10
|
|t:|1760870424
|-end|p2a: Walking Wake|Protosynthesis|[silent]
|switch|p2a: Hatterene|Hatterene, F, tera:Water|27/100
|move|p1a: Glimmora|Power Gem|p2a: Hatterene
|-damage|p2a: Hatterene|0 fnt
|faint|p2a: Hatterene
|
|upkeep
|
|t:|1760870427
|switch|p2a: Torkoal|Torkoal, F|100/100
|-weather|SunnyDay|[from] ability: Drought|[of] p2a: Torkoal
|turn|11
|
|t:|1760870435
|switch|p2a: Corviknight|Corviknight, F|100/100
|-ability|p2a: Corviknight|Pressure
|move|p1a: Glimmora|Power Gem|p2a: Corviknight
|-damage|p2a: Corviknight|73/100
|
|-weather|SunnyDay|[upkeep]
|upkeep
|turn|12
|
|t:|1760870447
|switch|p1a: Zapdos|Zapdos|100/100
|switch|p2a: Walking Wake|Walking Wake|34/100
|-activate|p2a: Walking Wake|ability: Protosynthesis
|-start|p2a: Walking Wake|protosynthesisspe
|
|-weather|SunnyDay|[upkeep]
|upkeep
|turn|13
|
|t:|1760870456
|move|p2a: Walking Wake|Hydro Steam|p1a: Zapdos
|-damage|p1a: Zapdos|9/100
|move|p1a: Zapdos|Thunderbolt|p2a: Walking Wake
|-damage|p2a: Walking Wake|0 fnt
|faint|p2a: Walking Wake
|-end|p2a: Walking Wake|Protosynthesis|[silent]
|
|-weather|SunnyDay|[upkeep]
|upkeep
|
|t:|1760870462
|switch|p2a: Ceruledge|Ceruledge, M|100/100
|turn|14
|
|t:|1760870469
|switch|p1a: Glimmora|Glimmora, F, tera:Fairy|78/100
|move|p2a: Ceruledge|Poltergeist|p1a: Glimmora
|-activate|p1a: Glimmora|move: Poltergeist|Choice Scarf
|-damage|p1a: Glimmora|14/100
|-activate|p1a: Glimmora|ability: Toxic Debris
|-sidestart|p2: Faisha7|move: Toxic Spikes
|
|-weather|SunnyDay|[upkeep]
|upkeep
|turn|15
|
|t:|1760870480
|move|p2a: Ceruledge|Shadow Sneak|p1a: Glimmora
|-damage|p1a: Glimmora|0 fnt
|-activate|p1a: Glimmora|ability: Toxic Debris
|-sidestart|p2: Faisha7|move: Toxic Spikes
|faint|p1a: Glimmora
|
|-weather|SunnyDay|[upkeep]
|upkeep
|inactive|10thPlanett has 120 seconds left.
|
|t:|1760870506
|switch|p1a: Zamazenta|Zamazenta|100/100
|-ability|p1a: Zamazenta|Dauntless Shield|boost
|-boost|p1a: Zamazenta|def|1
|turn|16
|
|t:|1760870512
|move|p1a: Zamazenta|Crunch|p2a: Ceruledge
|-supereffective|p2a: Ceruledge
|-damage|p2a: Ceruledge|27/100
|-ability|p2a: Ceruledge|Weak Armor|boost
|-unboost|p2a: Ceruledge|def|1
|-boost|p2a: Ceruledge|spe|2
|move|p2a: Ceruledge|Swords Dance|p2a: Ceruledge
|-boost|p2a: Ceruledge|atk|2
|
|-weather|SunnyDay|[upkeep]
|upkeep
|turn|17
|
|t:|1760870523
|move|p2a: Ceruledge|Bitter Blade|p1a: Zamazenta
|-damage|p1a: Zamazenta|13/100
|-heal|p2a: Ceruledge|76/100|[from] drain|[of] p1a: Zamazenta
|move|p1a: Zamazenta|Crunch|p2a: Ceruledge
|-supereffective|p2a: Ceruledge
|-damage|p2a: Ceruledge|0 fnt
|faint|p2a: Ceruledge
|
|-weather|SunnyDay|[upkeep]
|upkeep
|
|t:|1760870531
|switch|p2a: Corviknight|Corviknight, F|73/100
|-ability|p2a: Corviknight|Pressure
|turn|18
|
|t:|1760870544
|switch|p1a: Zapdos|Zapdos|9/100
|move|p2a: Corviknight|Iron Defense|p2a: Corviknight
|-boost|p2a: Corviknight|def|2
|
|-weather|none
|upkeep
|turn|19
|
|t:|1760870551
|move|p1a: Zapdos|Roost|p1a: Zapdos
|-heal|p1a: Zapdos|59/100
|-singleturn|p1a: Zapdos|move: Roost
|move|p2a: Corviknight|Body Press|p1a: Zapdos
|-damage|p1a: Zapdos|33/100
|
|upkeep
|turn|20
|
|t:|1760870563
|move|p1a: Zapdos|Roost|p1a: Zapdos
|-heal|p1a: Zapdos|83/100
|-singleturn|p1a: Zapdos|move: Roost
|move|p2a: Corviknight|Iron Defense|p2a: Corviknight
|-boost|p2a: Corviknight|def|2
|
|upkeep
|turn|21
|
|t:|1760870570
|move|p1a: Zapdos|Thunderbolt|p2a: Corviknight
|-supereffective|p2a: Corviknight
|-damage|p2a: Corviknight|16/100
|move|p2a: Corviknight|Body Press|p1a: Zapdos
|-resisted|p1a: Zapdos
|-damage|p1a: Zapdos|62/100
|
|upkeep
|turn|22
|-message|Faisha7 forfeited.
|
|win|10thPlanett
|raw|10thPlanett's rating: 1606 &rarr; <strong>1622</strong><br />(+16 for winning)
|raw|Faisha7's rating: 1531 &rarr; <strong>1515</strong><br />(-16 for losing)
|l|☆Faisha7
|player|p2|
|l|☆10thPlanett
|player|p1|
