|j|☆Borry VACUS
|j|☆Apex13
|t:|1760823486
|gametype|singles
|player|p1|Borry VACUS|266|1247
|player|p2|Apex13|266|1190
|gen|9
|tier|[Gen 9] OU
|rated|
|rule|HP Percentage Mod: HP is shown in percentages
|rule|Endless Battle Clause: Forcing endless battles is banned
|rule|Species Clause: Limit one of each Pokémon
|rule|OHKO Clause: OHKO moves are banned
|rule|Evasion Items Clause: Evasion items are banned
|rule|Evasion Moves Clause: Evasion moves are banned
|rule|Evasion Abilities Clause: Evasion abilities are banned
|rule|Sleep Moves Clause: Sleep-inducing moves are banned
|clearpoke
|poke|p1|Exeggutor, F|
|poke|p1|Walking Wake|
|poke|p1|Charizard, F|
|poke|p1|Raging Bolt|
|poke|p1|Weezing-Galar, M|
|poke|p1|Torkoal, M|
|poke|p2|Dragonite, M|
|poke|p2|Enamorus, F|
|poke|p2|Corviknight, M|
|poke|p2|Raging Bolt|
|poke|p2|Meowscarada, F|
|poke|p2|Alomomola, M|
|teampreview
|
|t:|1760823508
|teamsize|p1|6
|teamsize|p2|6
|start
|switch|p1a: Gwo zizi|Torkoal, M|100/100
|switch|p2a: Raging Bolt|Raging Bolt|100/100
|-weather|SunnyDay|[from] ability: Drought|[of] p1a: Gwo zizi
|-activate|p2a: Raging Bolt|ability: Protosynthesis
|-start|p2a: Raging Bolt|protosynthesisspa
|turn|1
|
|t:|1760823523
|switch|p1a: Exeggutor|Exeggutor, F|100/100
|move|p2a: Raging Bolt|Dragon Pulse|p1a: Exeggutor
|-damage|p1a: Exeggutor|20/100
|
|-weather|SunnyDay|[upkeep]
|upkeep
|turn|2
|inactive|Battle timer is ON: inactive players will automatically lose when time's up. (requested by Borry VACUS)
|
|t:|1760823532
|move|p2a: Raging Bolt|Thunderclap||[still]
|-fail|p2a: Raging Bolt
|move|p1a: Exeggutor|Growth|p1a: Exeggutor
|-boost|p1a: Exeggutor|atk|2
|-boost|p1a: Exeggutor|spa|2
|
|-weather|SunnyDay|[upkeep]
|upkeep
|turn|3
|
|t:|1760823538
|move|p1a: Exeggutor|Psychic|p2a: Raging Bolt
|-damage|p2a: Raging Bolt|0 fnt
|faint|p2a: Raging Bolt
|-end|p2a: Raging Bolt|Protosynthesis|[silent]
|-damage|p1a: Exeggutor|10/100|[from] item: Life Orb
|
|-weather|SunnyDay|[upkeep]
|upkeep
|
|t:|1760823551
|switch|p2a: Dragonite|Dragonite, M|100/100
|turn|4
|
|t:|1760823555
|move|p2a: Dragonite|Extreme Speed|p1a: Exeggutor
|-damage|p1a: Exeggutor|0 fnt
|faint|p1a: Exeggutor
|
|-weather|SunnyDay|[upkeep]
|upkeep
|
|t:|1760823563
|switch|p1a: Weezing|Weezing-Galar, M|100/100
|-ability|p1a: Weezing|Neutralizing Gas
|turn|5
|
|t:|1760823571
|move|p2a: Dragonite|Earthquake|p1a: Weezing
|-supereffective|p1a: Weezing
|-damage|p1a: Weezing|47/100
|move|p1a: Weezing|Will-O-Wisp|p2a: Dragonite
|-status|p2a: Dragonite|brn
|
|-weather|SunnyDay|[upkeep]
|-heal|p1a: Weezing|53/100|[from] item: Black Sludge
|-damage|p2a: Dragonite|94/100 brn|[from] brn
|upkeep
|turn|6
|
|t:|1760823580
|switch|p2a: Corviknight|Corviknight, M|100/100
|move|p1a: Weezing|Pain Split|p2a: Corviknight
|-sethp|p2a: Corviknight|72/100|[from] move: Pain Split|[silent]
|-sethp|p1a: Weezing|86/100|[from] move: Pain Split
|
|-weather|SunnyDay|[upkeep]
|-heal|p1a: Weezing|92/100|[from] item: Black Sludge
|upkeep
|turn|7
|
|t:|1760823589
|move|p2a: Corviknight|Brave Bird|p1a: Weezing
|-damage|p1a: Weezing|67/100
|-damage|p2a: Corviknight|65/100|[from] Recoil
|move|p1a: Weezing|Will-O-Wisp|p2a: Corviknight
|-status|p2a: Corviknight|brn
|
|-weather|SunnyDay|[upkeep]
|-heal|p1a: Weezing|73/100|[from] item: Black Sludge
|-damage|p2a: Corviknight|59/100 brn|[from] brn
|upkeep
|turn|8
|
|t:|1760823608
|move|p2a: Corviknight|Roost|p2a: Corviknight
|-heal|p2a: Corviknight|100/100 brn
|-singleturn|p2a: Corviknight|move: Roost
|move|p1a: Weezing|Will-O-Wisp|p2a: Corviknight
|-fail|p2a: Corviknight|brn
|
|-weather|none
|-heal|p1a: Weezing|79/100|[from] item: Black Sludge
|-damage|p2a: Corviknight|94/100 brn|[from] brn
|upkeep
|turn|9
|
|t:|1760823629
|switch|p2a: Dragonite|Dragonite, M|94/100 brn
|-end|p1a: Weezing|ability: Neutralizing Gas
|switch|p1a: Gwo zizi|Torkoal, M|100/100
|-weather|SunnyDay|[from] ability: Drought|[of] p1a: Gwo zizi
|
|-weather|SunnyDay|[upkeep]
|-damage|p2a: Dragonite|88/100 brn|[from] brn
|upkeep
|turn|10
|
|t:|1760823640
|switch|p1a: Weezing|Weezing-Galar, M|79/100
|-ability|p1a: Weezing|Neutralizing Gas
|move|p2a: Dragonite|Dragon Dance|p2a: Dragonite
|-boost|p2a: Dragonite|atk|1
|-boost|p2a: Dragonite|spe|1
|
|-weather|SunnyDay|[upkeep]
|-heal|p1a: Weezing|85/100|[from] item: Black Sludge
|-damage|p2a: Dragonite|82/100 brn|[from] brn
|upkeep
|turn|11
|
|t:|1760823646
|move|p2a: Dragonite|Dragon Dance|p2a: Dragonite
|-boost|p2a: Dragonite|atk|1
|-boost|p2a: Dragonite|spe|1
|move|p1a: Weezing|Sludge Bomb|p2a: Dragonite
|-damage|p2a: Dragonite|58/100 brn
|
|-weather|SunnyDay|[upkeep]
|-heal|p1a: Weezing|91/100|[from] item: Black Sludge
|-damage|p2a: Dragonite|52/100 brn|[from] brn
|upkeep
|turn|12
|
|t:|1760823651
|move|p2a: Dragonite|Earthquake|p1a: Weezing
|-supereffective|p1a: Weezing
|-damage|p1a: Weezing|45/100
|move|p1a: Weezing|Sludge Bomb|p2a: Dragonite
|-damage|p2a: Dragonite|29/100 brn
|
|-weather|SunnyDay|[upkeep]
|-heal|p1a: Weezing|51/100|[from] item: Black Sludge
|-damage|p2a: Dragonite|23/100 brn|[from] brn
|upkeep
|turn|13
|
|t:|1760823660
|move|p2a: Dragonite|Roost|p2a: Dragonite
|-heal|p2a: Dragonite|73/100 brn
|-singleturn|p2a: Dragonite|move: Roost
|move|p1a: Weezing|Sludge Bomb|p2a: Dragonite
|-damage|p2a: Dragonite|50/100 brn
|
|-weather|SunnyDay|[upkeep]
|-heal|p1a: Weezing|57/100|[from] item: Black Sludge
|-damage|p2a: Dragonite|44/100 brn|[from] brn
|upkeep
|turn|14
|
|t:|1760823663
|move|p2a: Dragonite|Roost|p2a: Dragonite
|-heal|p2a: Dragonite|94/100 brn
|-singleturn|p2a: Dragonite|move: Roost
|move|p1a: Weezing|Sludge Bomb|p2a: Dragonite
|-crit|p2a: Dragonite
|-damage|p2a: Dragonite|56/100 brn
|
|-weather|SunnyDay|[upkeep]
|-heal|p1a: Weezing|63/100|[from] item: Black Sludge
|-damage|p2a: Dragonite|50/100 brn|[from] brn
|upkeep
|turn|15
|
|t:|1760823670
|move|p2a: Dragonite|Roost|p2a: Dragonite
|-heal|p2a: Dragonite|99/100 brn
|-singleturn|p2a: Dragonite|move: Roost
|move|p1a: Weezing|Sludge Bomb|p2a: Dragonite
|-crit|p2a: Dragonite
|-damage|p2a: Dragonite|64/100 brn
|
|-weather|SunnyDay|[upkeep]
|-heal|p1a: Weezing|69/100|[from] item: Black Sludge
|-damage|p2a: Dragonite|58/100 brn|[from] brn
|upkeep
|turn|16
|
|t:|1760823675
|move|p2a: Dragonite|Roost|p2a: Dragonite
|-heal|p2a: Dragonite|100/100 brn
|-singleturn|p2a: Dragonite|move: Roost
|move|p1a: Weezing|Pain Split|p2a: Dragonite
|-sethp|p2a: Dragonite|80/100 brn|[from] move: Pain Split|[silent]
|-sethp|p1a: Weezing|92/100|[from] move: Pain Split
|
|-weather|none
|-heal|p1a: Weezing|98/100|[from] item: Black Sludge
|-damage|p2a: Dragonite|74/100 brn|[from] brn
|upkeep
|turn|17
|
|t:|1760823687
|-end|p1a: Weezing|ability: Neutralizing Gas
|switch|p1a: Gwo zizi|Torkoal, M|100/100
|-weather|SunnyDay|[from] ability: Drought|[of] p1a: Gwo zizi
|move|p2a: Dragonite|Dragon Dance|p2a: Dragonite
|-boost|p2a: Dragonite|atk|1
|-boost|p2a: Dragonite|spe|1
|
|-weather|SunnyDay|[upkeep]
|-damage|p2a: Dragonite|68/100 brn|[from] brn
|upkeep
|turn|18
|
|t:|1760823693
|move|p2a: Dragonite|Dragon Dance|p2a: Dragonite
|-boost|p2a: Dragonite|atk|1
|-boost|p2a: Dragonite|spe|1
|move|p1a: Gwo zizi|Lava Plume|p2a: Dragonite
|-resisted|p2a: Dragonite
|-damage|p2a: Dragonite|50/100 brn
|
|-weather|SunnyDay|[upkeep]
|-damage|p2a: Dragonite|44/100 brn|[from] brn
|upkeep
|turn|19
|
|t:|1760823695
|move|p2a: Dragonite|Roost|p2a: Dragonite
|-heal|p2a: Dragonite|94/100 brn
|-singleturn|p2a: Dragonite|move: Roost
|move|p1a: Gwo zizi|Lava Plume|p2a: Dragonite
|-resisted|p2a: Dragonite
|-damage|p2a: Dragonite|79/100 brn
|
|-weather|SunnyDay|[upkeep]
|-damage|p2a: Dragonite|73/100 brn|[from] brn
|upkeep
|turn|20
|
|t:|1760823701
|move|p2a: Dragonite|Dragon Dance|p2a: Dragonite
|-boost|p2a: Dragonite|atk|1
|-boost|p2a: Dragonite|spe|1
|move|p1a: Gwo zizi|Lava Plume|p2a: Dragonite
|-resisted|p2a: Dragonite
|-damage|p2a: Dragonite|56/100 brn
|
|-weather|SunnyDay|[upkeep]
|-damage|p2a: Dragonite|50/100 brn|[from] brn
|upkeep
|turn|21
|
|t:|1760823707
|switch|p1a: Walking Wake|Walking Wake|100/100
|-activate|p1a: Walking Wake|ability: Protosynthesis
|-start|p1a: Walking Wake|protosynthesisspe
|move|p2a: Dragonite|Roost|p2a: Dragonite
|-heal|p2a: Dragonite|99/100 brn
|-singleturn|p2a: Dragonite|move: Roost
|
|-weather|SunnyDay|[upkeep]
|-damage|p2a: Dragonite|94/100 brn|[from] brn
|upkeep
|turn|22
|
|t:|1760823712
|move|p2a: Dragonite|Earthquake|p1a: Walking Wake
|-damage|p1a: Walking Wake|28/100
|move|p1a: Walking Wake|Dragon Pulse|p2a: Dragonite
|-supereffective|p2a: Dragonite
|-damage|p2a: Dragonite|0 fnt
|faint|p2a: Dragonite
|
|-weather|SunnyDay|[upkeep]
|upkeep
|
|t:|1760823725
|switch|p2a: Corviknight|Corviknight, M|94/100 brn
|-ability|p2a: Corviknight|Pressure
|turn|23
|
|t:|1760823728
|-end|p1a: Walking Wake|Protosynthesis|[silent]
|switch|p1a: Charizard|Charizard, F|100/100
|move|p2a: Corviknight|Brave Bird|p1a: Charizard
|-damage|p1a: Charizard|73/100
|-damage|p2a: Corviknight|88/100 brn|[from] Recoil
|
|-weather|SunnyDay|[upkeep]
|-damage|p1a: Charizard|60/100|[from] ability: Solar Power|[of] p1a: Charizard
|-damage|p2a: Corviknight|82/100 brn|[from] brn
|upkeep
|turn|24
|
|t:|1760823735
|move|p1a: Charizard|Flamethrower|p2a: Corviknight
|-supereffective|p2a: Corviknight
|-damage|p2a: Corviknight|0 fnt
|faint|p2a: Corviknight
|
|-weather|none
|upkeep
|
|t:|1760823742
|switch|p2a: Alomomola|Alomomola, M|100/100
|turn|25
|
|t:|1760823744
|switch|p1a: Gwo zizi|Torkoal, M|100/100
|-weather|SunnyDay|[from] ability: Drought|[of] p1a: Gwo zizi
|move|p2a: Alomomola|Scald|p1a: Gwo zizi
|-supereffective|p1a: Gwo zizi
|-damage|p1a: Gwo zizi|82/100
|
|-weather|SunnyDay|[upkeep]
|upkeep
|turn|26
|
|t:|1760823750
|switch|p1a: Raging Bolt|Raging Bolt|100/100
|-activate|p1a: Raging Bolt|ability: Protosynthesis
|-start|p1a: Raging Bolt|protosynthesisspa
|move|p2a: Alomomola|Scald|p1a: Raging Bolt
|-resisted|p1a: Raging Bolt
|-damage|p1a: Raging Bolt|98/100
|-status|p1a: Raging Bolt|brn
|
|-weather|SunnyDay|[upkeep]
|-heal|p1a: Raging Bolt|100/100 brn|[from] item: Leftovers
|-damage|p1a: Raging Bolt|94/100 brn|[from] brn
|upkeep
|turn|27
|
|t:|1760823757
|move|p1a: Raging Bolt|Calm Mind|p1a: Raging Bolt
|-boost|p1a: Raging Bolt|spa|1
|-boost|p1a: Raging Bolt|spd|1
|move|p2a: Alomomola|Wish|p2a: Alomomola
|
|-weather|SunnyDay|[upkeep]
|-heal|p1a: Raging Bolt|100/100 brn|[from] item: Leftovers
|-damage|p1a: Raging Bolt|94/100 brn|[from] brn
|upkeep
|turn|28
|
|t:|1760823760
|move|p1a: Raging Bolt|Thunderbolt|p2a: Alomomola
|-supereffective|p2a: Alomomola
|-damage|p2a: Alomomola|0 fnt
|faint|p2a: Alomomola
|
|-weather|SunnyDay|[upkeep]
|-heal|p1a: Raging Bolt|100/100 brn|[from] item: Leftovers
|-damage|p1a: Raging Bolt|94/100 brn|[from] brn
|upkeep
|
|t:|1760823764
|switch|p2a: Meowscarada|Meowscarada, F|100/100
|turn|29
|
|t:|1760823772
|move|p2a: Meowscarada|Play Rough|p1a: Raging Bolt
|-start|p2a: Meowscarada|typechange|Fairy|[from] ability: Protean
|-supereffective|p1a: Raging Bolt
|-damage|p1a: Raging Bolt|0 fnt
|faint|p1a: Raging Bolt
|-end|p1a: Raging Bolt|Protosynthesis|[silent]
|
|-weather|SunnyDay|[upkeep]
|upkeep
|
|t:|1760823780
|switch|p1a: Walking Wake|Walking Wake|28/100
|-activate|p1a: Walking Wake|ability: Protosynthesis
|-start|p1a: Walking Wake|protosynthesisspe
|turn|30
|
|t:|1760823790
|move|p1a: Walking Wake|Hydro Steam|p2a: Meowscarada
|-damage|p2a: Meowscarada|0 fnt
|faint|p2a: Meowscarada
|
|-weather|SunnyDay|[upkeep]
|upkeep
|
|t:|1760823793
|switch|p2a: Enamorus|Enamorus, F|100/100
|turn|31
|
|t:|1760823797
|move|p1a: Walking Wake|Hydro Steam|p2a: Enamorus
|-damage|p2a: Enamorus|0 fnt
|faint|p2a: Enamorus
|
|win|Borry VACUS
|raw|Borry VACUS's rating: 1247 &rarr; <strong>1268</strong><br />(+21 for winning)
|raw|Apex13's rating: 1190 &rarr; <strong>1169</strong><br />(-21 for losing)
|l|☆Apex13
|player|p2|
|l|☆Borry VACUS
|player|p1|
|j|☆Borry VACUS
|player|p1|Borry VACUS|266|
|l|☆Borry VACUS
|player|p1|
