|j|☆jb8976
|j|☆witcher7777
|t:|1760873665
|gametype|singles
|player|p1|jb8976|ethan|1398
|player|p2|witcher7777|swimmer-gen4dp|1399
|gen|9
|tier|[Gen 9] OU
|rated|
|rule|HP Percentage Mod: HP is shown in percentages
|rule|Endless Battle Clause: Forcing endless battles is banned
|rule|Species Clause: Limit one of each Pokémon
|rule|OHKO Clause: OHKO moves are banned
|rule|Evasion Items Clause: Evasion items are banned
|rule|Evasion Moves Clause: Evasion moves are banned
|rule|Evasion Abilities Clause: Evasion abilities are banned
|rule|Sleep Moves Clause: Sleep-inducing moves are banned
|clearpoke
|poke|p1|Gliscor, F|
|poke|p1|Corviknight, F|
|poke|p1|Gholdengo|
|poke|p1|Ting-Lu|
|poke|p1|Hatterene, F|
|poke|p1|Blissey, F|
|poke|p2|Rhyperior, F|
|poke|p2|Darkrai|
|poke|p2|Gholdengo|
|poke|p2|Iron Crown|
|poke|p2|Cinderace, F|
|poke|p2|Zapdos|
|teampreview
|
|t:|1760873679
|teamsize|p1|6
|teamsize|p2|6
|start
|switch|p1a: Gliscor|Gliscor, F|100/100
|switch|p2a: Darkrai|Darkrai|100/100
|turn|1
|inactive|Battle timer is ON: inactive players will automatically lose when time's up. (requested by jb8976)
|
|t:|1760873729
|move|p1a: Gliscor|Protect|p1a: Gliscor
|-singleturn|p1a: Gliscor|Protect
|move|p2a: Darkrai|Dark Pulse|p1a: Gliscor
|-activate|p1a: Gliscor|move: Protect
|
|-status|p1a: Gliscor|tox|[from] item: Toxic Orb
|upkeep
|turn|2
|
|t:|1760873746
|switch|p1a: Blissey|Blissey, F|100/100
|move|p2a: Darkrai|Ice Beam|p1a: Blissey
|-damage|p1a: Blissey|88/100
|
|-heal|p1a: Blissey|94/100|[from] item: Leftovers
|upkeep
|turn|3
|
|t:|1760873749
|move|p2a: Darkrai|Knock Off|p1a: Blissey
|-damage|p1a: Blissey|69/100
|-enditem|p1a: Blissey|Leftovers|[from] move: Knock Off|[of] p2a: Darkrai
|move|p1a: Blissey|Seismic Toss|p2a: Darkrai
|-damage|p2a: Darkrai|65/100
|
|upkeep
|turn|4
|
|t:|1760873756
|switch|p2a: Zapdos|Zapdos|100/100
|move|p1a: Blissey|Seismic Toss|p2a: Zapdos
|-damage|p2a: Zapdos|74/100
|
|upkeep
|turn|5
|
|t:|1760873761
|move|p2a: Zapdos|Volt Switch|p1a: Blissey
|-damage|p1a: Blissey|58/100
|
|t:|1760873763
|switch|p2a: Gholdengo|Gholdengo|100/100|[from] Volt Switch
|-item|p2a: Gholdengo|Air Balloon
|move|p1a: Blissey|Soft-Boiled|p1a: Blissey
|-heal|p1a: Blissey|100/100
|
|upkeep
|turn|6
|
|t:|1760873768
|switch|p1a: Gholdengo|Gholdengo|100/100
|move|p2a: Gholdengo|Thunder Wave|p1a: Gholdengo
|-immune|p1a: Gholdengo|[from] ability: Good as Gold
|
|upkeep
|turn|7
|
|t:|1760873776
|switch|p2a: Rhyperior|Rhyperior, F|100/100
|move|p1a: Gholdengo|Shadow Ball|p2a: Rhyperior
|-damage|p2a: Rhyperior|74/100
|
|upkeep
|turn|8
|
|t:|1760873784
|switch|p1a: Hatterene|Hatterene, F|100/100
|move|p2a: Rhyperior|Ice Punch|p1a: Hatterene
|-damage|p1a: Hatterene|78/100
|
|-heal|p1a: Hatterene|84/100|[from] item: Leftovers
|upkeep
|turn|9
|
|t:|1760873788
|move|p2a: Rhyperior|Earthquake|p1a: Hatterene
|-damage|p1a: Hatterene|38/100
|move|p1a: Hatterene|Mystical Fire|p2a: Rhyperior
|-resisted|p2a: Rhyperior
|-damage|p2a: Rhyperior|67/100
|-unboost|p2a: Rhyperior|spa|1
|
|-heal|p1a: Hatterene|44/100|[from] item: Leftovers
|upkeep
|turn|10
|-message|jb8976 forfeited.
|
|win|witcher7777
|raw|jb8976's rating: 1398 &rarr; <strong>1378</strong><br />(-20 for losing)
|raw|witcher7777's rating: 1399 &rarr; <strong>1419</strong><br />(+20 for winning)
|l|☆jb8976
|player|p1|
|l|☆witcher7777
|player|p2|
