|j|☆Denvertzzz
|j|☆boifmister
|t:|1760808786
|gametype|singles
|player|p1|Denvertzzz|169|1245
|player|p2|boifmister|2|1252
|gen|9
|tier|[Gen 9] OU
|rated|
|rule|HP Percentage Mod: HP is shown in percentages
|rule|Endless Battle Clause: Forcing endless battles is banned
|rule|Species Clause: Limit one of each Pokémon
|rule|OHKO Clause: OHKO moves are banned
|rule|Evasion Items Clause: Evasion items are banned
|rule|Evasion Moves Clause: Evasion moves are banned
|rule|Evasion Abilities Clause: Evasion abilities are banned
|rule|Sleep Moves Clause: Sleep-inducing moves are banned
|clearpoke
|poke|p1|Iron Valiant|
|poke|p1|Thundurus-Therian, M|
|poke|p1|Hitmonlee, M|
|poke|p1|Darkrai|
|poke|p1|Skarmory, F|
|poke|p1|Regice|
|poke|p2|Slowbro-Galar, F|
|poke|p2|Indeedee, M|
|poke|p2|Reuniclus, F|
|poke|p2|Hatterene, F|
|poke|p2|Arboliva, F|
|poke|p2|Hawlucha, F|
|teampreview
|
|t:|1760808792
|teamsize|p1|6
|teamsize|p2|6
|start
|switch|p1a: Thundurus|Thundurus-Therian, M|100/100
|switch|p2a: Indeedee|Indeedee, M|100/100
|-fieldstart|move: Psychic Terrain|[from] ability: Psychic Surge|[of] p2a: Indeedee
|turn|1
|
|t:|1760808800
|move|p1a: Thundurus|Electric Terrain|p1a: Thundurus
|-fieldstart|move: Electric Terrain
|move|p2a: Indeedee|Expanding Force|p1a: Thundurus
|-damage|p1a: Thundurus|47/100
|
|upkeep
|turn|2
|
|t:|1760808807
|move|p1a: Thundurus|Volt Switch|p2a: Indeedee
|-damage|p2a: Indeedee|46/100
|
|t:|1760808814
|switch|p1a: Darkrai|Darkrai|100/100|[from] Volt Switch
|move|p2a: Indeedee|Skill Swap|p1a: Darkrai
|-activate|p2a: Indeedee|move: Skill Swap|Bad Dreams|Psychic Surge|[of] p1a: Darkrai
|-fieldstart|move: Psychic Terrain|[from] ability: Psychic Surge|[of] p1a: Darkrai
|
|upkeep
|turn|3
|
|t:|1760808834
|-terastallize|p2a: Indeedee|Fairy
|move|p1a: Darkrai|Nasty Plot|p1a: Darkrai
|-boost|p1a: Darkrai|spa|2
|move|p2a: Indeedee|Dazzling Gleam|p1a: Darkrai
|-supereffective|p1a: Darkrai
|-damage|p1a: Darkrai|13/100
|
|upkeep
|turn|4
|
|t:|1760808844
|move|p1a: Darkrai|Dark Pulse|p2a: Indeedee
|-resisted|p2a: Indeedee
|-crit|p2a: Indeedee
|-damage|p2a: Indeedee|0 fnt
|faint|p2a: Indeedee
|
|upkeep
|
|t:|1760808852
|switch|p2a: Slowbro|Slowbro-Galar, F|100/100
|turn|5
|
|t:|1760808860
|move|p1a: Darkrai|Dark Pulse|p2a: Slowbro
|-supereffective|p2a: Slowbro
|-damage|p2a: Slowbro|0 fnt
|faint|p2a: Slowbro
|
|upkeep
|
|t:|1760808866
|switch|p2a: Hawlucha|Hawlucha, F|100/100
|turn|6
|
|t:|1760808870
|switch|p2a: Arboliva|Arboliva, F|100/100
|move|p1a: Darkrai|Ice Beam|p2a: Arboliva
|-supereffective|p2a: Arboliva
|-damage|p2a: Arboliva|0 fnt
|-fieldstart|move: Grassy Terrain|[from] ability: Seed Sower|[of] p2a: Arboliva
|faint|p2a: Arboliva
|
|-heal|p1a: Darkrai|19/100|[from] Grassy Terrain
|upkeep
|
|t:|1760808873
|switch|p2a: Hawlucha|Hawlucha, F|100/100
|-enditem|p2a: Hawlucha|Grassy Seed
|-boost|p2a: Hawlucha|def|1|[from] item: Grassy Seed
|turn|7
|
|t:|1760808886
|move|p2a: Hawlucha|Acrobatics|p1a: Darkrai
|-damage|p1a: Darkrai|0 fnt
|faint|p1a: Darkrai
|
|upkeep
|
|t:|1760808896
|switch|p1a: Skarmory|Skarmory, F, shiny|100/100
|turn|8
|
|t:|1760808901
|move|p2a: Hawlucha|Swords Dance|p2a: Hawlucha
|-boost|p2a: Hawlucha|atk|2
|move|p1a: Skarmory|Spikes|p2a: Hawlucha
|-sidestart|p2: boifmister|Spikes
|
|upkeep
|turn|9
|
|t:|1760808914
|move|p2a: Hawlucha|Acrobatics|p1a: Skarmory
|-resisted|p1a: Skarmory
|-damage|p1a: Skarmory|71/100
|-damage|p2a: Hawlucha|84/100|[from] item: Rocky Helmet|[of] p1a: Skarmory
|move|p1a: Skarmory|Whirlwind|p2a: Hawlucha
|drag|p2a: Hatterene|Hatterene, F|100/100
|-damage|p2a: Hatterene|88/100|[from] Spikes
|
|-heal|p2a: Hatterene|94/100|[from] Grassy Terrain
|upkeep
|turn|10
|l|☆boifmister
|player|p2|
|j|☆boifmister
|player|p2|boifmister|2|
|
|t:|1760808932
|move|p1a: Skarmory|Spikes|p2a: Hatterene
|move|p2a: Hatterene|Spikes|p1a: Skarmory|[from] ability: Magic Bounce
|-sidestart|p1: Denvertzzz|Spikes
|move|p2a: Hatterene|Mystical Fire|p1a: Skarmory
|-supereffective|p1a: Skarmory
|-damage|p1a: Skarmory|3/100
|-unboost|p1a: Skarmory|spa|1
|
|-heal|p2a: Hatterene|99/100|[from] Grassy Terrain
|-fieldend|move: Grassy Terrain
|upkeep
|turn|11
|
|t:|1760808945
|switch|p1a: Regice|Regice, shiny|100/100
|-damage|p1a: Regice|88/100|[from] Spikes
|move|p2a: Hatterene|Draining Kiss|p1a: Regice
|-damage|p1a: Regice|79/100
|-heal|p2a: Hatterene|100/100|[from] drain|[of] p1a: Regice
|
|upkeep
|turn|12
|
|t:|1760808957
|move|p1a: Regice|Ancient Power|p2a: Hatterene
|-damage|p2a: Hatterene|89/100
|move|p2a: Hatterene|Nuzzle|p1a: Regice
|-damage|p1a: Regice|75/100
|-status|p1a: Regice|par
|
|upkeep
|turn|13
|
|t:|1760808965
|switch|p2a: Reuniclus|Reuniclus, F|100/100
|move|p1a: Regice|Ancient Power|p2a: Reuniclus
|-damage|p2a: Reuniclus|88/100
|
|-heal|p2a: Reuniclus|94/100|[from] item: Leftovers
|upkeep
|turn|14
|
|t:|1760808974
|move|p2a: Reuniclus|Acid Armor|p2a: Reuniclus
|-boost|p2a: Reuniclus|def|2
|cant|p1a: Regice|par
|
|-heal|p2a: Reuniclus|100/100|[from] item: Leftovers
|upkeep
|turn|15
|
|t:|1760808983
|move|p2a: Reuniclus|Calm Mind|p2a: Reuniclus
|-boost|p2a: Reuniclus|spa|1
|-boost|p2a: Reuniclus|spd|1
|cant|p1a: Regice|par
|
|upkeep
|turn|16
|
|t:|1760808995
|switch|p1a: Thundurus|Thundurus-Therian, M|47/100
|move|p2a: Reuniclus|Stored Power|p1a: Thundurus
|-damage|p1a: Thundurus|0 fnt
|faint|p1a: Thundurus
|
|upkeep
|
|t:|1760809003
|switch|p1a: Iron Valiant|Iron Valiant, shiny|100/100
|-damage|p1a: Iron Valiant|88/100|[from] Spikes
|turn|17
|
|t:|1760809010
|-terastallize|p1a: Iron Valiant|Dark
|move|p1a: Iron Valiant|Knock Off|p2a: Reuniclus
|-supereffective|p2a: Reuniclus
|-damage|p2a: Reuniclus|25/100
|-enditem|p2a: Reuniclus|Leftovers|[from] move: Knock Off|[of] p1a: Iron Valiant
|move|p2a: Reuniclus|Stored Power|p1a: Iron Valiant
|-immune|p1a: Iron Valiant
|
|upkeep
|turn|18
|
|t:|1760809019
|switch|p2a: Hatterene|Hatterene, F|89/100
|-damage|p2a: Hatterene|76/100|[from] Spikes
|move|p1a: Iron Valiant|Knock Off|p2a: Hatterene
|-crit|p2a: Hatterene
|-damage|p2a: Hatterene|0 fnt
|-enditem|p2a: Hatterene|Assault Vest|[from] move: Knock Off|[of] p1a: Iron Valiant
|faint|p2a: Hatterene
|
|upkeep
|-message|boifmister forfeited.
|
|win|Denvertzzz
|raw|Denvertzzz's rating: 1245 &rarr; <strong>1271</strong><br />(+26 for winning)
|raw|boifmister's rating: 1252 &rarr; <strong>1226</strong><br />(-26 for losing)
|l|☆boifmister
|player|p2|
|l|☆Denvertzzz
|player|p1|
