|j|☆ineverhaxed
|j|☆undertalethemovie
|t:|1760740978
|gametype|singles
|player|p1|ineverhaxed|1|1233
|player|p2|undertalethemovie|n|1177
|gen|9
|tier|[Gen 9] OU
|rated|
|rule|HP Percentage Mod: HP is shown in percentages
|rule|Endless Battle Clause: Forcing endless battles is banned
|rule|Species Clause: Limit one of each Pokémon
|rule|OHKO Clause: OHKO moves are banned
|rule|Evasion Items Clause: Evasion items are banned
|rule|Evasion Moves Clause: Evasion moves are banned
|rule|Evasion Abilities Clause: Evasion abilities are banned
|rule|Sleep Moves Clause: Sleep-inducing moves are banned
|clearpoke
|poke|p1|Qwilfish-Hisui, M|
|poke|p1|Cloyster, M|
|poke|p1|Blissey, F|
|poke|p1|Darkrai|
|poke|p1|Cinderace, M|
|poke|p1|Lokix, M|
|poke|p2|Clodsire, M|
|poke|p2|Ogerpon-Wellspring, F|
|poke|p2|Zoroark-Hisui, F|
|poke|p2|Zamazenta-*|
|poke|p2|Cinderace, M|
|poke|p2|Deoxys-Speed|
|teampreview
|
|t:|1760740986
|teamsize|p1|6
|teamsize|p2|6
|start
|switch|p1a: Darkrai|Darkrai|100/100
|switch|p2a: Mumbo|Clodsire, M|100/100
|-item|p2a: Mumbo|Air Balloon
|turn|1
|inactive|Battle timer is ON: inactive players will automatically lose when time's up. (requested by undertalethemovie)
|
|t:|1760740991
|-terastallize|p2a: Mumbo|Fairy
|move|p1a: Darkrai|Trick|p2a: Mumbo
|-activate|p1a: Darkrai|move: Trick|[of] p2a: Mumbo
|-item|p2a: Mumbo|Choice Scarf|[from] move: Trick
|-item|p1a: Darkrai|Air Balloon
|-item|p1a: Darkrai|Air Balloon|[from] move: Trick
|move|p2a: Mumbo|Will-O-Wisp|p1a: Darkrai
|-status|p1a: Darkrai|brn
|
|-damage|p1a: Darkrai|94/100 brn|[from] brn
|upkeep
|turn|2
|
|t:|1760741002
|switch|p2a: Mumbo|Clodsire, M|100/100
|-item|p2a: Mumbo|Air Balloon
|move|p1a: Darkrai|Knock Off|p2a: Mumbo
|-damage|p2a: Mumbo|85/100
|-enditem|p2a: Mumbo|Air Balloon
|
|-damage|p1a: Darkrai|88/100 brn|[from] brn
|upkeep
|turn|3
|
|t:|1760741006
|move|p1a: Darkrai|Ice Beam|p2a: Mumbo
|-supereffective|p2a: Mumbo
|-damage|p2a: Mumbo|48/100
|move|p2a: Mumbo|Toxic Spikes|p1a: Darkrai
|-sidestart|p1: ineverhaxed|move: Toxic Spikes
|
|-damage|p1a: Darkrai|82/100 brn|[from] brn
|upkeep
|turn|4
|
|t:|1760741011
|move|p1a: Darkrai|Ice Beam|p2a: Mumbo
|-supereffective|p2a: Mumbo
|-damage|p2a: Mumbo|13/100
|move|p2a: Mumbo|Recover|p2a: Mumbo
|-heal|p2a: Mumbo|63/100
|
|-damage|p1a: Darkrai|76/100 brn|[from] brn
|upkeep
|turn|5
|
|t:|1760741014
|move|p1a: Darkrai|Ice Beam|p2a: Mumbo
|-supereffective|p2a: Mumbo
|-damage|p2a: Mumbo|23/100
|move|p2a: Mumbo|Recover|p2a: Mumbo
|-heal|p2a: Mumbo|73/100
|
|-damage|p1a: Darkrai|70/100 brn|[from] brn
|upkeep
|turn|6
|
|t:|1760741016
|move|p1a: Darkrai|Ice Beam|p2a: Mumbo
|-supereffective|p2a: Mumbo
|-damage|p2a: Mumbo|35/100
|move|p2a: Mumbo|Earthquake|p1a: Darkrai
|-immune|p1a: Darkrai
|
|-damage|p1a: Darkrai|64/100 brn|[from] brn
|upkeep
|turn|7
|
|t:|1760741026
|switch|p1a: Qwilfish|Qwilfish-Hisui, M|100/100
|-sideend|p1: ineverhaxed|move: Toxic Spikes|[of] p1a: Qwilfish
|move|p2a: Mumbo|Recover|p2a: Mumbo
|-heal|p2a: Mumbo|85/100
|
|upkeep
|turn|8
|
|t:|1760741029
|move|p1a: Qwilfish|Spite|p2a: Mumbo
|-activate|p2a: Mumbo|move: Spite|Recover|4
|move|p2a: Mumbo|Earthquake|p1a: Qwilfish
|-supereffective|p1a: Qwilfish
|-damage|p1a: Qwilfish|59/100
|
|upkeep
|turn|9
|
|t:|1760741036
|move|p1a: Qwilfish|Spikes|p2a: Mumbo
|-sidestart|p2: undertalethemovie|Spikes
|move|p2a: Mumbo|Toxic|p1a: Qwilfish
|-immune|p1a: Qwilfish
|
|upkeep
|turn|10
|
|t:|1760741043
|move|p1a: Qwilfish|Toxic Spikes|p2a: Mumbo
|-sidestart|p2: undertalethemovie|move: Toxic Spikes
|move|p2a: Mumbo|Earthquake|p1a: Qwilfish
|-supereffective|p1a: Qwilfish
|-damage|p1a: Qwilfish|14/100
|
|upkeep
|turn|11
|
|t:|1760741048
|move|p1a: Qwilfish|Spite|p2a: Mumbo
|-activate|p2a: Mumbo|move: Spite|Earthquake|4
|move|p2a: Mumbo|Earthquake|p1a: Qwilfish
|-supereffective|p1a: Qwilfish
|-damage|p1a: Qwilfish|0 fnt
|faint|p1a: Qwilfish
|
|upkeep
|
|t:|1760741051
|switch|p1a: Cloyster|Cloyster, M|100/100
|turn|12
|
|t:|1760741055
|move|p1a: Cloyster|Shell Smash|p1a: Cloyster
|-unboost|p1a: Cloyster|def|1
|-unboost|p1a: Cloyster|spd|1
|-boost|p1a: Cloyster|atk|2
|-boost|p1a: Cloyster|spa|2
|-boost|p1a: Cloyster|spe|2
|move|p2a: Mumbo|Toxic|p1a: Cloyster
|-status|p1a: Cloyster|tox
|
|-damage|p1a: Cloyster|94/100 tox|[from] psn
|upkeep
|turn|13
|
|t:|1760741058
|move|p1a: Cloyster|Icicle Spear|p2a: Mumbo
|-supereffective|p2a: Mumbo
|-damage|p2a: Mumbo|57/100
|-supereffective|p2a: Mumbo
|-damage|p2a: Mumbo|32/100
|-supereffective|p2a: Mumbo
|-damage|p2a: Mumbo|8/100
|-supereffective|p2a: Mumbo
|-damage|p2a: Mumbo|0 fnt
|faint|p2a: Mumbo
|-hitcount|p2: Mumbo|4
|
|-damage|p1a: Cloyster|82/100 tox|[from] psn
|upkeep
|
|t:|1760741062
|switch|p2a: Count St. Germain|Zoroark-Hisui, F, shiny, tera:Fairy|100/100
|-damage|p2a: Count St. Germain|88/100|[from] Spikes
|-status|p2a: Count St. Germain|psn
|turn|14
|
|t:|1760741068
|switch|p1a: Blissey|Blissey, F|100/100
|move|p2a: Count St. Germain|Detect||[still]
|-fail|p2a: Count St. Germain
|
|-damage|p2a: Count St. Germain|76/100 psn|[from] psn
|upkeep
|turn|15
|
|t:|1760741076
|switch|p2a: Ingerland|Cinderace, M|100/100
|switch|p1a: Cloyster|Cloyster, M|82/100 tox
|
|-damage|p1a: Cloyster|76/100 tox|[from] psn
|upkeep
|turn|16
|
|t:|1760741081
|move|p2a: Ingerland|Court Change|p2a: Ingerland
|-start|p2a: Ingerland|typechange|Normal|[from] ability: Libero
|-swapsideconditions
|-activate|p2a: Ingerland|move: Court Change
|move|p1a: Cloyster|Shell Smash|p1a: Cloyster
|-unboost|p1a: Cloyster|def|1
|-unboost|p1a: Cloyster|spd|1
|-boost|p1a: Cloyster|atk|2
|-boost|p1a: Cloyster|spa|2
|-boost|p1a: Cloyster|spe|2
|
|-damage|p1a: Cloyster|63/100 tox|[from] psn
|upkeep
|turn|17
|
|t:|1760741085
|move|p1a: Cloyster|Icicle Spear|p2a: Ingerland
|-damage|p2a: Ingerland|70/100
|-damage|p2a: Ingerland|33/100
|-damage|p2a: Ingerland|0 fnt
|faint|p2a: Ingerland
|-hitcount|p2: Ingerland|3
|
|-damage|p1a: Cloyster|44/100 tox|[from] psn
|upkeep
|
|t:|1760741086
|switch|p2a: Count St. Germain|Zoroark-Hisui, F, shiny, tera:Fairy|76/100 psn
|turn|18
|
|t:|1760741089
|move|p2a: Count St. Germain|Detect|p2a: Count St. Germain
|-singleturn|p2a: Count St. Germain|Protect
|move|p1a: Cloyster|Icicle Spear|p2a: Count St. Germain
|-activate|p2a: Count St. Germain|move: Protect
|
|-damage|p2a: Count St. Germain|64/100 psn|[from] psn
|-damage|p1a: Cloyster|20/100 tox|[from] psn
|upkeep
|turn|19
|
|t:|1760741105
|switch|p2a: Pokemon Shield|Zamazenta|100/100
|-ability|p2a: Pokemon Shield|Dauntless Shield|boost
|-boost|p2a: Pokemon Shield|def|1
|move|p1a: Cloyster|Icicle Spear|p2a: Pokemon Shield
|-damage|p2a: Pokemon Shield|85/100
|-damage|p2a: Pokemon Shield|70/100
|-damage|p2a: Pokemon Shield|55/100
|-damage|p2a: Pokemon Shield|42/100
|-damage|p2a: Pokemon Shield|28/100
|-hitcount|p2a: Pokemon Shield|5
|
|-heal|p2a: Pokemon Shield|34/100|[from] item: Leftovers
|-damage|p1a: Cloyster|0 fnt|[from] psn
|faint|p1a: Cloyster
|upkeep
|
|t:|1760741109
|switch|p1a: Cinderace|Cinderace, M|100/100
|-damage|p1a: Cinderace|88/100|[from] Spikes
|-status|p1a: Cinderace|psn
|turn|20
|
|t:|1760741117
|move|p2a: Pokemon Shield|Close Combat|p1a: Cinderace
|-crit|p1a: Cinderace
|-damage|p1a: Cinderace|0 fnt
|-unboost|p2a: Pokemon Shield|def|1
|-unboost|p2a: Pokemon Shield|spd|1
|faint|p1a: Cinderace
|
|-heal|p2a: Pokemon Shield|40/100|[from] item: Leftovers
|upkeep
|-message|ineverhaxed forfeited.
|
|win|undertalethemovie
|raw|ineverhaxed's rating: 1233 &rarr; <strong>1204</strong><br />(-29 for losing)
|raw|undertalethemovie's rating: 1177 &rarr; <strong>1206</strong><br />(+29 for winning)
|l|☆ineverhaxed
|player|p1|
|l|☆undertalethemovie
|player|p2|
