|j|☆SmallKuza1888
|j|☆thatoneguy1337
|t:|1760850165
|gametype|singles
|player|p1|SmallKuza1888|cyclist-gen4|1631
|player|p2|thatoneguy1337|caitlin|1742
|gen|9
|tier|[Gen 9] OU
|rated|
|rule|HP Percentage Mod: HP is shown in percentages
|rule|Endless Battle Clause: Forcing endless battles is banned
|rule|Species Clause: Limit one of each Pokémon
|rule|OHKO Clause: OHKO moves are banned
|rule|Evasion Items Clause: Evasion items are banned
|rule|Evasion Moves Clause: Evasion moves are banned
|rule|Evasion Abilities Clause: Evasion abilities are banned
|rule|Sleep Moves Clause: Sleep-inducing moves are banned
|clearpoke
|poke|p1|Weavile, F|
|poke|p1|Iron Treads|
|poke|p1|Keldeo|
|poke|p1|Hatterene, F|
|poke|p1|Ting-Lu|
|poke|p1|Dragonite, M|
|poke|p2|Basculegion, M|
|poke|p2|Pelipper, M|
|poke|p2|Iron Treads|
|poke|p2|Dragapult, M|
|poke|p2|Overqwil, M|
|poke|p2|Iron Valiant|
|teampreview
|
|t:|1760850174
|teamsize|p1|6
|teamsize|p2|6
|start
|switch|p1a: Weavile|Weavile, F|100/100
|switch|p2a: Messenger|Pelipper, M, shiny|100/100
|-ability|p1a: Weavile|Pressure
|-weather|RainDance|[from] ability: Drizzle|[of] p2a: Messenger
|turn|1
|inactive|Battle timer is ON: inactive players will automatically lose when time's up. (requested by SmallKuza1888)
|
|t:|1760850176
|switch|p2a: Rage|Iron Treads, shiny|100/100
|-enditem|p2a: Rage|Booster Energy
|-activate|p2a: Rage|ability: Quark Drive|[fromitem]
|-start|p2a: Rage|quarkdrivespe
|move|p1a: Weavile|Knock Off|p2a: Rage
|-damage|p2a: Rage|53/100
|
|-weather|RainDance|[upkeep]
|upkeep
|turn|2
|
|t:|1760850183
|switch|p1a: Ting-Lu|Ting-Lu|100/100
|-ability|p1a: Ting-Lu|Vessel of Ruin
|move|p2a: Rage|Steel Beam|p1a: Ting-Lu
|-damage|p1a: Ting-Lu|73/100
|-damage|p2a: Rage|3/100|[from] steelbeam
|
|-weather|RainDance|[upkeep]
|upkeep
|turn|3
|
|t:|1760850191
|move|p2a: Rage|Stealth Rock|p1a: Ting-Lu
|-sidestart|p1: SmallKuza1888|move: Stealth Rock
|move|p1a: Ting-Lu|Stealth Rock|p2a: Rage
|-sidestart|p2: thatoneguy1337|move: Stealth Rock
|
|-weather|RainDance|[upkeep]
|upkeep
|turn|4
|
|t:|1760850195
|move|p2a: Rage|Rapid Spin|p1a: Ting-Lu
|-damage|p1a: Ting-Lu|68/100
|-boost|p2a: Rage|spe|1
|-damage|p2a: Rage|0 fnt|[from] item: Rocky Helmet|[of] p1a: Ting-Lu
|faint|p2a: Rage
|-end|p2a: Rage|Quark Drive|[silent]
|move|p1a: Ting-Lu|Earthquake|p2: Rage|[notarget]
|-fail|p1a: Ting-Lu
|
|-weather|RainDance|[upkeep]
|upkeep
|
|t:|1760850203
|switch|p2a: Jaws|Basculegion, M, shiny|100/100
|-damage|p2a: Jaws|88/100|[from] Stealth Rock
|turn|5
|
|t:|1760850213
|switch|p1a: Dragonite|Dragonite, M|100/100
|move|p2a: Jaws|Flip Turn|p1a: Dragonite
|-resisted|p1a: Dragonite
|-damage|p1a: Dragonite|80/100
|
|t:|1760850223
|switch|p2a: Calamity|Iron Valiant, shiny|100/100|[from] Flip Turn
|-damage|p2a: Calamity|94/100|[from] Stealth Rock
|
|-weather|RainDance|[upkeep]
|upkeep
|turn|6
|
|t:|1760850226
|switch|p1a: Hatterene|Hatterene, F|100/100
|-damage|p1a: Hatterene|88/100|[from] Stealth Rock
|move|p2a: Calamity|Moonblast|p1a: Hatterene
|-damage|p1a: Hatterene|42/100
|-unboost|p1a: Hatterene|spa|1
|
|-weather|RainDance|[upkeep]
|upkeep
|turn|7
|
|t:|1760850236
|switch|p1a: Iron Treads|Iron Treads|100/100
|-damage|p1a: Iron Treads|97/100|[from] Stealth Rock
|move|p2a: Calamity|Moonblast|p1a: Iron Treads
|-resisted|p1a: Iron Treads
|-damage|p1a: Iron Treads|52/100
|
|-weather|RainDance|[upkeep]
|-heal|p1a: Iron Treads|58/100|[from] item: Leftovers
|upkeep
|turn|8
|j| XxH0meland3r420xX
|
|t:|1760850243
|-terastallize|p2a: Calamity|Fairy
|move|p2a: Calamity|Moonblast|p1a: Iron Treads
|-resisted|p1a: Iron Treads
|-damage|p1a: Iron Treads|0 fnt
|faint|p1a: Iron Treads
|-end|p1a: Iron Treads|Quark Drive|[silent]
|
|-weather|none
|upkeep
|
|t:|1760850250
|switch|p1a: Weavile|Weavile, F|100/100
|-damage|p1a: Weavile|76/100|[from] Stealth Rock
|-ability|p1a: Weavile|Pressure
|turn|9
|
|t:|1760850256
|-end|p2a: Calamity|Quark Drive|[silent]
|switch|p2a: Messenger|Pelipper, M, shiny|100/100
|-damage|p2a: Messenger|76/100|[from] Stealth Rock
|-weather|RainDance|[from] ability: Drizzle|[of] p2a: Messenger
|-terastallize|p1a: Weavile|Ice
|move|p1a: Weavile|Icicle Crash|p2a: Messenger
|-damage|p2a: Messenger|12/100
|
|-weather|RainDance|[upkeep]
|upkeep
|turn|10
|
|t:|1760850259
|move|p1a: Weavile|Icicle Crash|p2a: Messenger
|-damage|p2a: Messenger|0 fnt
|faint|p2a: Messenger
|
|-weather|RainDance|[upkeep]
|upkeep
|
|t:|1760850269
|switch|p2a: Jaws|Basculegion, M, shiny|88/100
|-damage|p2a: Jaws|76/100|[from] Stealth Rock
|turn|11
|
|t:|1760850274
|switch|p1a: Hatterene|Hatterene, F|42/100
|-damage|p1a: Hatterene|30/100|[from] Stealth Rock
|move|p2a: Jaws|Aqua Jet|p1a: Hatterene
|-damage|p1a: Hatterene|0 fnt
|faint|p1a: Hatterene
|
|-weather|RainDance|[upkeep]
|upkeep
|
|t:|1760850277
|switch|p1a: Dragonite|Dragonite, M|80/100
|turn|12
|
|t:|1760850282
|switch|p2a: Predator|Overqwil, M, shiny|100/100
|-damage|p2a: Predator|88/100|[from] Stealth Rock
|move|p1a: Dragonite|Earthquake|p2a: Predator
|-supereffective|p2a: Predator
|-damage|p2a: Predator|0 fnt
|faint|p2a: Predator
|
|-weather|RainDance|[upkeep]
|upkeep
|
|t:|1760850290
|switch|p2a: Calamity|Iron Valiant, shiny, tera:Fairy|94/100
|-damage|p2a: Calamity|82/100|[from] Stealth Rock
|turn|13
|
|t:|1760850294
|switch|p1a: Keldeo|Keldeo|100/100
|move|p2a: Calamity|Moonblast|p1a: Keldeo
|-supereffective|p1a: Keldeo
|-damage|p1a: Keldeo|0 fnt
|faint|p1a: Keldeo
|
|-weather|RainDance|[upkeep]
|upkeep
|
|t:|1760850295
|switch|p1a: Weavile|Weavile, F, tera:Ice|76/100
|-damage|p1a: Weavile|51/100|[from] Stealth Rock
|-ability|p1a: Weavile|Pressure
|turn|14
|
|t:|1760850301
|-end|p2a: Calamity|Quark Drive|[silent]
|switch|p2a: Jaws|Basculegion, M, shiny|76/100
|-damage|p2a: Jaws|63/100|[from] Stealth Rock
|move|p1a: Weavile|Icicle Crash|p2a: Jaws
|-resisted|p2a: Jaws
|-damage|p2a: Jaws|12/100
|
|-weather|RainDance|[upkeep]
|upkeep
|turn|15
|
|t:|1760850305
|switch|p1a: Dragonite|Dragonite, M|80/100
|move|p2a: Jaws|Aqua Jet|p1a: Dragonite
|-resisted|p1a: Dragonite
|-damage|p1a: Dragonite|54/100
|
|-weather|RainDance|[upkeep]
|upkeep
|turn|16
|
|t:|1760850311
|switch|p2a: Calamity|Iron Valiant, shiny, tera:Fairy|82/100
|-damage|p2a: Calamity|69/100|[from] Stealth Rock
|move|p1a: Dragonite|Earthquake|p2a: Calamity
|-damage|p2a: Calamity|22/100
|
|-weather|none
|upkeep
|turn|17
|j| Mr.villains
|
|t:|1760850317
|move|p1a: Dragonite|Extreme Speed|p2a: Calamity
|-damage|p2a: Calamity|0 fnt
|faint|p2a: Calamity
|-end|p2a: Calamity|Quark Drive|[silent]
|
|upkeep
|
|t:|1760850319
|switch|p2a: Leviathan|Dragapult, M, shiny|100/100
|-damage|p2a: Leviathan|88/100|[from] Stealth Rock
|turn|18
|
|t:|1760850322
|move|p2a: Leviathan|Dragon Darts|p1a: Dragonite
|-supereffective|p1a: Dragonite
|-damage|p1a: Dragonite|0 fnt
|faint|p1a: Dragonite
|-damage|p2a: Leviathan|78/100|[from] item: Life Orb
|
|upkeep
|
|t:|1760850324
|switch|p1a: Weavile|Weavile, F, tera:Ice|51/100
|-damage|p1a: Weavile|26/100|[from] Stealth Rock
|-ability|p1a: Weavile|Pressure
|turn|19
|
|t:|1760850327
|move|p1a: Weavile|Ice Shard|p2a: Leviathan
|-supereffective|p2a: Leviathan
|-damage|p2a: Leviathan|0 fnt
|faint|p2a: Leviathan
|
|upkeep
|-message|thatoneguy1337 forfeited.
|
|win|SmallKuza1888
|raw|SmallKuza1888's rating: 1631 &rarr; <strong>1657</strong><br />(+26 for winning)
|raw|thatoneguy1337's rating: 1742 &rarr; <strong>1716</strong><br />(-26 for losing)
|l|☆thatoneguy1337
|player|p2|
|l| Mr.villains
|l| XxH0meland3r420xX
