|j|☆M6F2Y0
|j|☆dgp1397
|t:|1760872983
|gametype|singles
|player|p1|M6F2Y0|ingo|1231
|player|p2|dgp1397|266|1226
|gen|9
|tier|[Gen 9] OU
|rated|
|rule|HP Percentage Mod: HP is shown in percentages
|rule|Endless Battle Clause: Forcing endless battles is banned
|rule|Species Clause: Limit one of each Pokémon
|rule|OHKO Clause: OHKO moves are banned
|rule|Evasion Items Clause: Evasion items are banned
|rule|Evasion Moves Clause: Evasion moves are banned
|rule|Evasion Abilities Clause: Evasion abilities are banned
|rule|Sleep Moves Clause: Sleep-inducing moves are banned
|clearpoke
|poke|p1|Kleavor, F|
|poke|p1|Brambleghast, M|
|poke|p1|Moltres|
|poke|p1|Cinderace, F|
|poke|p1|Pecharunt|
|poke|p1|Kingambit, M|
|poke|p2|Ambipom, M|
|poke|p2|Gliscor, M|
|poke|p2|Dragapult, F|
|poke|p2|Iron Treads|
|poke|p2|Garganacl, F|
|poke|p2|Clodsire, F|
|teampreview
|inactive|Battle timer is ON: inactive players will automatically lose when time's up. (requested by M6F2Y0)
|
|t:|1760872995
|teamsize|p1|6
|teamsize|p2|6
|start
|switch|p1a: Kleavor|Kleavor, F|100/100
|switch|p2a: Ambipom|Ambipom, M|100/100
|turn|1
|
|t:|1760873002
|switch|p1a: Brambleghast|Brambleghast, M|100/100
|move|p2a: Ambipom|Fake Out|p1a: Brambleghast
|-immune|p1a: Brambleghast
|
|upkeep
|turn|2
|
|t:|1760873009
|switch|p1a: Kleavor|Kleavor, F|100/100
|move|p2a: Ambipom|U-turn|p1a: Kleavor
|-damage|p1a: Kleavor|76/100
|
|t:|1760873017
|switch|p2a: Gliscor|Gliscor, M|100/100|[from] U-turn
|
|-status|p2a: Gliscor|tox|[from] item: Toxic Orb
|upkeep
|turn|3
|
|t:|1760873026
|move|p1a: Kleavor|Tailwind|p1a: Kleavor
|-sidestart|p1: M6F2Y0|move: Tailwind
|move|p2a: Gliscor|Toxic|p1a: Kleavor
|-status|p1a: Kleavor|tox
|
|-damage|p1a: Kleavor|70/100 tox|[from] psn
|upkeep
|turn|4
|
|t:|1760873042
|switch|p1a: Pecharunt|Pecharunt|100/100
|-item|p1a: Pecharunt|Air Balloon
|move|p2a: Gliscor|Spikes|p1a: Pecharunt
|-sidestart|p1: M6F2Y0|Spikes
|
|upkeep
|turn|5
|
|t:|1760873053
|move|p1a: Pecharunt|Nasty Plot|p1a: Pecharunt
|-boost|p1a: Pecharunt|spa|2
|move|p2a: Gliscor|Knock Off|p1a: Pecharunt
|-supereffective|p1a: Pecharunt
|-damage|p1a: Pecharunt|71/100
|-enditem|p1a: Pecharunt|Air Balloon
|
|upkeep
|turn|6
|
|t:|1760873065
|switch|p2a: Clodsire|Clodsire, F|100/100
|move|p1a: Pecharunt|Malignant Chain|p2a: Clodsire
|-resisted|p2a: Clodsire
|-crit|p2a: Clodsire
|-damage|p2a: Clodsire|92/100
|
|-heal|p2a: Clodsire|98/100|[from] item: Black Sludge
|-sideend|p1: M6F2Y0|move: Tailwind
|upkeep
|turn|7
|
|t:|1760873078
|switch|p1a: Moltres|Moltres|100/100
|move|p2a: Clodsire|Stealth Rock|p1a: Moltres
|-sidestart|p1: M6F2Y0|move: Stealth Rock
|
|-heal|p2a: Clodsire|100/100|[from] item: Black Sludge
|upkeep
|turn|8
|
|t:|1760873087
|move|p1a: Moltres|Tailwind|p1a: Moltres
|-sidestart|p1: M6F2Y0|move: Tailwind
|move|p2a: Clodsire|Toxic|p1a: Moltres
|-status|p1a: Moltres|tox
|
|-damage|p1a: Moltres|94/100 tox|[from] psn
|upkeep
|turn|9
|
|t:|1760873099
|switch|p2a: Gliscor|Gliscor, M|100/100 tox
|move|p1a: Moltres|U-turn|p2a: Gliscor
|-resisted|p2a: Gliscor
|-damage|p2a: Gliscor|95/100 tox
|
|t:|1760873103
|switch|p1a: Brambleghast|Brambleghast, M|100/100|[from] U-turn
|-damage|p1a: Brambleghast|88/100|[from] Spikes
|-damage|p1a: Brambleghast|76/100|[from] Stealth Rock
|-ability|p1a: Brambleghast|Wind Rider|boost
|-boost|p1a: Brambleghast|atk|1
|
|-heal|p2a: Gliscor|100/100 tox|[from] ability: Poison Heal
|upkeep
|turn|10
|
|t:|1760873117
|-terastallize|p1a: Brambleghast|Ghost
|move|p2a: Gliscor|Protect|p2a: Gliscor
|-singleturn|p2a: Gliscor|Protect
|move|p1a: Brambleghast|Poltergeist|p2a: Gliscor
|-activate|p2a: Gliscor|move: Protect
|
|upkeep
|turn|11
|
|t:|1760873129
|move|p1a: Brambleghast|Poltergeist|p2a: Gliscor|[miss]
|-miss|p1a: Brambleghast|p2a: Gliscor
|move|p2a: Gliscor|Toxic|p1a: Brambleghast
|-status|p1a: Brambleghast|tox
|
|-damage|p1a: Brambleghast|70/100 tox|[from] psn
|-sideend|p1: M6F2Y0|move: Tailwind
|upkeep
|turn|12
|-message|M6F2Y0 forfeited.
|
|win|dgp1397
|raw|M6F2Y0's rating: 1231 &rarr; <strong>1206</strong><br />(-25 for losing)
|raw|dgp1397's rating: 1226 &rarr; <strong>1251</strong><br />(+25 for winning)
|l|☆M6F2Y0
|player|p1|
|l|☆dgp1397
|player|p2|
