|j|☆Pig Perfect
|j|☆qaqkiller
|t:|1760792093
|gametype|singles
|player|p1|Pig Perfect|workerice|1489
|player|p2|qaqkiller|maid|1522
|gen|9
|tier|[Gen 9] OU
|rated|
|rule|HP Percentage Mod: HP is shown in percentages
|rule|Endless Battle Clause: Forcing endless battles is banned
|rule|Species Clause: Limit one of each Pokémon
|rule|OHKO Clause: OHKO moves are banned
|rule|Evasion Items Clause: Evasion items are banned
|rule|Evasion Moves Clause: Evasion moves are banned
|rule|Evasion Abilities Clause: Evasion abilities are banned
|rule|Sleep Moves Clause: Sleep-inducing moves are banned
|clearpoke
|poke|p1|Alomomola, F|
|poke|p1|Goodra-Hisui, F|
|poke|p1|Great Tusk|
|poke|p1|Magnezone|
|poke|p1|Pecharunt|
|poke|p1|Rillaboom, F|
|poke|p2|Dragapult, M|
|poke|p2|Serperior, M|
|poke|p2|Ribombee, M|
|poke|p2|Iron Crown|
|poke|p2|Raging Bolt|
|poke|p2|Kingambit, M|
|teampreview
|inactive|Battle timer is ON: inactive players will automatically lose when time's up. (requested by qaqkiller)
|
|t:|1760792114
|teamsize|p1|6
|teamsize|p2|6
|start
|switch|p1a: Steel MagnZolias|Magnezone|100/100
|switch|p2a: Ribombee|Ribombee, M, shiny|100/100
|turn|1
|
|t:|1760792127
|switch|p2a: Raging Bolt|Raging Bolt|100/100
|-enditem|p2a: Raging Bolt|Booster Energy
|-activate|p2a: Raging Bolt|ability: Protosynthesis|[fromitem]
|-start|p2a: Raging Bolt|protosynthesisspa
|move|p1a: Steel MagnZolias|Thunderbolt|p2a: Raging Bolt
|-resisted|p2a: Raging Bolt
|-damage|p2a: Raging Bolt|75/100
|
|upkeep
|turn|2
|
|t:|1760792136
|switch|p1a: Garold Snail|Goodra-Hisui, F|100/100
|move|p2a: Raging Bolt|Calm Mind|p2a: Raging Bolt
|-boost|p2a: Raging Bolt|spa|1
|-boost|p2a: Raging Bolt|spd|1
|
|upkeep
|turn|3
|
|t:|1760792148
|move|p2a: Raging Bolt|Dragon Pulse|p1a: Garold Snail
|-damage|p1a: Garold Snail|56/100
|move|p1a: Garold Snail|Draco Meteor|p2a: Raging Bolt
|-supereffective|p2a: Raging Bolt
|-damage|p2a: Raging Bolt|0 fnt
|-unboost|p1a: Garold Snail|spa|2
|faint|p2a: Raging Bolt
|-end|p2a: Raging Bolt|Protosynthesis|[silent]
|
|upkeep
|
|t:|1760792155
|switch|p2a: Ribombee|Ribombee, M, shiny|100/100
|turn|4
|
|t:|1760792167
|switch|p1a: Steel MagnZolias|Magnezone|100/100
|move|p2a: Ribombee|Sticky Web|p1a: Steel MagnZolias
|-sidestart|p1: Pig Perfect|move: Sticky Web
|
|upkeep
|turn|5
|inactive|qaqkiller has 120 seconds left.
|
|t:|1760792198
|switch|p2a: Dragapult|Dragapult, M, shiny|100/100
|move|p1a: Steel MagnZolias|Volt Switch|p2a: Dragapult
|-resisted|p2a: Dragapult
|-crit|p2a: Dragapult
|-damage|p2a: Dragapult|21/100
|
|t:|1760792218
|switch|p1a: Garold Snail|Goodra-Hisui, F|56/100|[from] Volt Switch
|-activate|p1a: Garold Snail|move: Sticky Web
|-unboost|p1a: Garold Snail|spe|1
|
|upkeep
|turn|6
|
|t:|1760792232
|switch|p1a: Bepto Pismola|Alomomola, F|100/100
|move|p2a: Dragapult|Dragon Darts|p1a: Bepto Pismola
|-damage|p1a: Bepto Pismola|80/100
|-anim|p2a: Dragapult|Dragon Darts|p1a: Bepto Pismola
|-damage|p1a: Bepto Pismola|59/100
|
|upkeep
|turn|7
|
|t:|1760792243
|move|p2a: Dragapult|Dragon Darts|p1a: Bepto Pismola
|-damage|p1a: Bepto Pismola|39/100
|-anim|p2a: Dragapult|Dragon Darts|p1a: Bepto Pismola
|-damage|p1a: Bepto Pismola|18/100
|move|p1a: Bepto Pismola|Flip Turn|p2a: Dragapult
|-resisted|p2a: Dragapult
|-damage|p2a: Dragapult|10/100
|
|t:|1760792258
|switch|p1a: Not quite my tempo|Rillaboom, F|100/100|[from] Flip Turn
|-activate|p1a: Not quite my tempo|move: Sticky Web
|-unboost|p1a: Not quite my tempo|spe|1
|-fieldstart|move: Grassy Terrain|[from] ability: Grassy Surge|[of] p1a: Not quite my tempo
|
|-heal|p2a: Dragapult|16/100|[from] Grassy Terrain
|upkeep
|turn|8
|
|t:|1760792269
|switch|p2a: Ribombee|Ribombee, M, shiny|100/100
|move|p1a: Not quite my tempo|Grassy Glide|p2a: Ribombee
|-resisted|p2a: Ribombee
|-damage|p2a: Ribombee|59/100
|
|-heal|p2a: Ribombee|65/100|[from] Grassy Terrain
|upkeep
|turn|9
|
|t:|1760792286
|move|p2a: Ribombee|Moonblast|p1a: Not quite my tempo
|-damage|p1a: Not quite my tempo|49/100
|move|p1a: Not quite my tempo|Wood Hammer|p2a: Ribombee
|-resisted|p2a: Ribombee
|-damage|p2a: Ribombee|0 fnt
|faint|p2a: Ribombee
|-damage|p1a: Not quite my tempo|32/100|[from] Recoil
|
|-heal|p1a: Not quite my tempo|38/100|[from] Grassy Terrain
|upkeep
|
|t:|1760792300
|switch|p2a: Iron Crown|Iron Crown|100/100
|turn|10
|
|t:|1760792317
|switch|p1a: Bepto Pismola|Alomomola, F|51/100
|move|p2a: Iron Crown|Tachyon Cutter|p1a: Bepto Pismola
|-resisted|p1a: Bepto Pismola
|-damage|p1a: Bepto Pismola|39/100
|-resisted|p1a: Bepto Pismola
|-damage|p1a: Bepto Pismola|26/100
|-hitcount|p1a: Bepto Pismola|2
|
|-heal|p1a: Bepto Pismola|32/100|[from] Grassy Terrain
|upkeep
|turn|11
|
|t:|1760792324
|move|p2a: Iron Crown|Volt Switch|p1a: Bepto Pismola
|-supereffective|p1a: Bepto Pismola
|-damage|p1a: Bepto Pismola|0 fnt
|faint|p1a: Bepto Pismola
|
|t:|1760792331
|-end|p2a: Iron Crown|Quark Drive|[silent]
|switch|p2a: Serperior|Serperior, M, shiny|100/100|[from] Volt Switch
|
|-fieldend|move: Grassy Terrain
|upkeep
|
|t:|1760792346
|switch|p1a: Garold Snail|Goodra-Hisui, F|56/100
|-activate|p1a: Garold Snail|move: Sticky Web
|-unboost|p1a: Garold Snail|spe|1
|turn|12
|
|t:|1760792352
|move|p2a: Serperior|Glare|p1a: Garold Snail
|-status|p1a: Garold Snail|par
|move|p1a: Garold Snail|Flamethrower|p2a: Serperior
|-supereffective|p2a: Serperior
|-damage|p2a: Serperior|22/100
|
|-heal|p2a: Serperior|28/100|[from] item: Leftovers
|upkeep
|turn|13
|
|t:|1760792362
|move|p2a: Serperior|Substitute|p2a: Serperior
|-start|p2a: Serperior|Substitute
|-damage|p2a: Serperior|4/100
|move|p1a: Garold Snail|Flamethrower|p2a: Serperior
|-supereffective|p2a: Serperior
|-end|p2a: Serperior|Substitute
|
|-heal|p2a: Serperior|10/100|[from] item: Leftovers
|upkeep
|turn|14
|
|t:|1760792367
|move|p2a: Serperior|Dragon Pulse|p1a: Garold Snail
|-damage|p1a: Garold Snail|46/100 par
|move|p1a: Garold Snail|Flamethrower|p2a: Serperior
|-supereffective|p2a: Serperior
|-damage|p2a: Serperior|0 fnt
|faint|p2a: Serperior
|
|upkeep
|
|t:|1760792379
|switch|p2a: Dragapult|Dragapult, M, shiny|16/100
|turn|15
|
|t:|1760792394
|switch|p1a: Steel MagnZolias|Magnezone|100/100
|-activate|p1a: Steel MagnZolias|move: Sticky Web
|-unboost|p1a: Steel MagnZolias|spe|1
|move|p2a: Dragapult|Dragon Darts|p1a: Steel MagnZolias
|-resisted|p1a: Steel MagnZolias
|-damage|p1a: Steel MagnZolias|82/100
|-anim|p2a: Dragapult|Dragon Darts|p1a: Steel MagnZolias
|-resisted|p1a: Steel MagnZolias
|-crit|p1a: Steel MagnZolias
|-damage|p1a: Steel MagnZolias|55/100
|
|upkeep
|turn|16
|
|t:|1760792406
|move|p2a: Dragapult|Dragon Darts|p1a: Steel MagnZolias
|-resisted|p1a: Steel MagnZolias
|-damage|p1a: Steel MagnZolias|33/100
|-anim|p2a: Dragapult|Dragon Darts|p1a: Steel MagnZolias
|-resisted|p1a: Steel MagnZolias
|-damage|p1a: Steel MagnZolias|13/100
|move|p1a: Steel MagnZolias|Thunderbolt|p2a: Dragapult
|-resisted|p2a: Dragapult
|-damage|p2a: Dragapult|0 fnt
|faint|p2a: Dragapult
|
|upkeep
|
|t:|1760792416
|switch|p2a: Iron Crown|Iron Crown|100/100
|turn|17
|
|t:|1760792421
|move|p2a: Iron Crown|Future Sight|p1a: Steel MagnZolias
|-start|p2a: Iron Crown|move: Future Sight
|move|p1a: Steel MagnZolias|Thunderbolt|p2a: Iron Crown
|-damage|p2a: Iron Crown|33/100
|
|upkeep
|turn|18
|
|t:|1760792426
|move|p2a: Iron Crown|Volt Switch|p1a: Steel MagnZolias
|-resisted|p1a: Steel MagnZolias
|-damage|p1a: Steel MagnZolias|0 fnt
|faint|p1a: Steel MagnZolias
|
|t:|1760792429
|-end|p2a: Iron Crown|Quark Drive|[silent]
|switch|p2a: Kingambit|Kingambit, M|100/100|[from] Volt Switch
|-activate|p2a: Kingambit|ability: Supreme Overlord
|-start|p2a: Kingambit|fallen4|[silent]
|
|upkeep
|
|t:|1760792440
|switch|p1a: Put on some pads|Pecharunt|100/100
|turn|19
|
|t:|1760792450
|-terastallize|p1a: Put on some pads|Dark
|move|p1a: Put on some pads|Foul Play|p2a: Kingambit
|-resisted|p2a: Kingambit
|-damage|p2a: Kingambit|75/100
|move|p2a: Kingambit|Swords Dance|p2a: Kingambit
|-boost|p2a: Kingambit|atk|2
|
|-end|p1a: Put on some pads|move: Future Sight
|-immune|p1a: Put on some pads
|upkeep
|turn|20
|
|t:|1760792457
|-terastallize|p2a: Kingambit|Fairy
|move|p1a: Put on some pads|Foul Play|p2a: Kingambit
|-resisted|p2a: Kingambit
|-damage|p2a: Kingambit|25/100
|move|p2a: Kingambit|Tera Blast|p1a: Put on some pads|[anim] Tera Blast Fairy
|-supereffective|p1a: Put on some pads
|-damage|p1a: Put on some pads|0 fnt
|faint|p1a: Put on some pads
|
|upkeep
|
|t:|1760792466
|switch|p1a: Don Dreidel|Great Tusk|100/100
|turn|21
|
|t:|1760792475
|move|p2a: Kingambit|Sucker Punch|p1a: Don Dreidel
|-resisted|p1a: Don Dreidel
|-damage|p1a: Don Dreidel|46/100
|move|p1a: Don Dreidel|Headlong Rush|p2a: Kingambit
|-damage|p2a: Kingambit|0 fnt
|-unboost|p1a: Don Dreidel|def|1
|-unboost|p1a: Don Dreidel|spd|1
|faint|p2a: Kingambit
|-end|p2a: Kingambit|fallen4|[silent]
|
|upkeep
|
|t:|1760792479
|switch|p2a: Iron Crown|Iron Crown|33/100
|turn|22
|
|t:|1760792490
|move|p2a: Iron Crown|Tachyon Cutter|p1a: Don Dreidel
|-damage|p1a: Don Dreidel|0 fnt
|faint|p1a: Don Dreidel
|-end|p1a: Don Dreidel|Protosynthesis|[silent]
|-hitcount|p1: Don Dreidel|1
|
|upkeep
|
|t:|1760792495
|switch|p1a: Garold Snail|Goodra-Hisui, F|46/100 par
|-activate|p1a: Garold Snail|move: Sticky Web
|-unboost|p1a: Garold Snail|spe|1
|turn|23
|
|t:|1760792501
|move|p2a: Iron Crown|Focus Blast|p1a: Garold Snail
|-supereffective|p1a: Garold Snail
|-damage|p1a: Garold Snail|7/100 par
|move|p1a: Garold Snail|Knock Off|p2a: Iron Crown
|-supereffective|p2a: Iron Crown
|-damage|p2a: Iron Crown|0 fnt
|-enditem|p2a: Iron Crown|Assault Vest|[from] move: Knock Off|[of] p1a: Garold Snail
|faint|p2a: Iron Crown
|-end|p2a: Iron Crown|Quark Drive|[silent]
|
|win|Pig Perfect
|raw|Pig Perfect's rating: 1489 &rarr; <strong>1511</strong><br />(+22 for winning)
|raw|qaqkiller's rating: 1522 &rarr; <strong>1500</strong><br />(-22 for losing)
|l|☆qaqkiller
|player|p2|
|c|☆Pig Perfect|gg
|l|☆Pig Perfect
|player|p1|
