|j|☆brodiewhat
|j|☆metrobotalt
|t:|1760890021
|gametype|singles
|player|p1|brodiewhat|jogger|1598
|player|p2|metrobotalt|lucas|1615
|gen|9
|tier|[Gen 9] OU
|rated|
|rule|HP Percentage Mod: HP is shown in percentages
|rule|Endless Battle Clause: Forcing endless battles is banned
|rule|Species Clause: Limit one of each Pokémon
|rule|OHKO Clause: OHKO moves are banned
|rule|Evasion Items Clause: Evasion items are banned
|rule|Evasion Moves Clause: Evasion moves are banned
|rule|Evasion Abilities Clause: Evasion abilities are banned
|rule|Sleep Moves Clause: Sleep-inducing moves are banned
|clearpoke
|poke|p1|Blissey, F|
|poke|p1|Gholdengo|
|poke|p1|Clodsire, M|
|poke|p1|Dragonite, M|
|poke|p1|Gliscor, M|
|poke|p1|Mandibuzz, F|
|poke|p2|Deoxys-Speed|
|poke|p2|Kyurem|
|poke|p2|Zamazenta-*|
|poke|p2|Gholdengo|
|poke|p2|Moltres-Galar|
|poke|p2|Great Tusk|
|teampreview
|inactive|Battle timer is ON: inactive players will automatically lose when time's up. (requested by brodiewhat)
|inactive|brodiewhat has 120 seconds left.
|
|t:|1760890070
|teamsize|p1|6
|teamsize|p2|6
|start
|switch|p1a: Gliscor|Gliscor, M|100/100
|switch|p2a: Deoxys|Deoxys-Speed|100/100
|-ability|p2a: Deoxys|Pressure
|turn|1
|
|t:|1760890081
|move|p2a: Deoxys|Taunt|p1a: Gliscor
|-start|p1a: Gliscor|move: Taunt
|move|p1a: Gliscor|Sand Tomb|p2a: Deoxys
|-damage|p2a: Deoxys|87/100
|-activate|p2a: Deoxys|move: Sand Tomb|[of] p1a: Gliscor
|
|-damage|p2a: Deoxys|74/100|[from] move: Sand Tomb|[partiallytrapped]
|-status|p1a: Gliscor|tox|[from] item: Toxic Orb
|upkeep
|turn|2
|
|t:|1760890092
|move|p2a: Deoxys|Reflect|p2a: Deoxys
|-sidestart|p2: metrobotalt|Reflect
|move|p1a: Gliscor|Sand Tomb|p2a: Deoxys
|-damage|p2a: Deoxys|67/100
|
|-damage|p2a: Deoxys|55/100|[from] move: Sand Tomb|[partiallytrapped]
|upkeep
|turn|3
|
|t:|1760890098
|move|p2a: Deoxys|Light Screen|p2a: Deoxys
|-sidestart|p2: metrobotalt|move: Light Screen
|move|p1a: Gliscor|Sand Tomb|p2a: Deoxys
|-damage|p2a: Deoxys|48/100
|
|-damage|p2a: Deoxys|35/100|[from] move: Sand Tomb|[partiallytrapped]
|-end|p1a: Gliscor|move: Taunt
|upkeep
|turn|4
|
|t:|1760890103
|move|p2a: Deoxys|Taunt|p1a: Gliscor
|-start|p1a: Gliscor|move: Taunt
|move|p1a: Gliscor|Sand Tomb|p2a: Deoxys
|-damage|p2a: Deoxys|28/100
|
|-damage|p2a: Deoxys|16/100|[from] move: Sand Tomb|[partiallytrapped]
|upkeep
|turn|5
|
|t:|1760890109
|move|p1a: Gliscor|Sand Tomb|p2a: Deoxys
|-damage|p2a: Deoxys|8/100
|move|p2a: Deoxys|Teleport|p2a: Deoxys
|
|t:|1760890111
|switch|p2a: Kyurem|Kyurem|100/100|[from] Teleport
|-ability|p2a: Kyurem|Pressure
|
|upkeep
|turn|6
|
|t:|1760890121
|switch|p1a: Gholdengo|Gholdengo|100/100
|move|p2a: Kyurem|Icicle Spear|p1a: Gholdengo
|-resisted|p1a: Gholdengo
|-damage|p1a: Gholdengo|94/100
|-resisted|p1a: Gholdengo
|-damage|p1a: Gholdengo|87/100
|-hitcount|p1a: Gholdengo|2
|
|upkeep
|turn|7
|
|t:|1760890128
|move|p1a: Gholdengo|Thunder Wave|p2a: Kyurem
|-status|p2a: Kyurem|par
|move|p2a: Kyurem|Earth Power|p1a: Gholdengo
|-supereffective|p1a: Gholdengo
|-damage|p1a: Gholdengo|29/100
|
|upkeep
|turn|8
|
|t:|1760890139
|switch|p1a: Blissey|Blissey, F|100/100
|cant|p2a: Kyurem|par
|
|upkeep
|turn|9
|
|t:|1760890152
|switch|p1a: Gholdengo|Gholdengo|29/100
|cant|p2a: Kyurem|par
|
|-sideend|p2: metrobotalt|Reflect
|upkeep
|turn|10
|
|t:|1760890163
|move|p1a: Gholdengo|Trick|p2a: Kyurem
|-activate|p1a: Gholdengo|move: Trick|[of] p2a: Kyurem
|-item|p2a: Kyurem|Choice Scarf|[from] move: Trick
|-item|p1a: Gholdengo|Never-Melt Ice|[from] move: Trick
|cant|p2a: Kyurem|par
|
|-sideend|p2: metrobotalt|move: Light Screen
|upkeep
|turn|11
|
|t:|1760890176
|move|p1a: Gholdengo|Recover|p1a: Gholdengo
|-heal|p1a: Gholdengo|79/100
|cant|p2a: Kyurem|par
|
|upkeep
|turn|12
|
|t:|1760890187
|switch|p1a: Mandibuzz|Mandibuzz, F|100/100
|cant|p2a: Kyurem|par
|
|upkeep
|turn|13
|
|t:|1760890197
|move|p2a: Kyurem|Icicle Spear|p1a: Mandibuzz
|-supereffective|p1a: Mandibuzz
|-damage|p1a: Mandibuzz|84/100
|-supereffective|p1a: Mandibuzz
|-damage|p1a: Mandibuzz|67/100
|-supereffective|p1a: Mandibuzz
|-damage|p1a: Mandibuzz|50/100
|-hitcount|p1a: Mandibuzz|3
|move|p1a: Mandibuzz|U-turn|p2a: Kyurem
|-damage|p2a: Kyurem|89/100 par
|
|t:|1760890200
|switch|p1a: Gholdengo|Gholdengo|79/100|[from] U-turn
|
|upkeep
|turn|14
|
|t:|1760890209
|switch|p2a: Gholdengo|Gholdengo|100/100
|-item|p2a: Gholdengo|Air Balloon
|move|p1a: Gholdengo|Shadow Ball|p2a: Gholdengo
|-supereffective|p2a: Gholdengo
|-damage|p2a: Gholdengo|12/100
|-enditem|p2a: Gholdengo|Air Balloon
|
|upkeep
|turn|15
|
|t:|1760890214
|move|p2a: Gholdengo|Focus Blast|p1a: Gholdengo
|-immune|p1a: Gholdengo
|move|p1a: Gholdengo|Shadow Ball|p2a: Gholdengo
|-supereffective|p2a: Gholdengo
|-crit|p2a: Gholdengo
|-damage|p2a: Gholdengo|0 fnt
|faint|p2a: Gholdengo
|
|upkeep
|
|t:|1760890219
|switch|p2a: Great Tusk|Great Tusk|100/100
|-enditem|p2a: Great Tusk|Booster Energy
|-activate|p2a: Great Tusk|ability: Protosynthesis|[fromitem]
|-start|p2a: Great Tusk|protosynthesisspe
|turn|16
|
|t:|1760890225
|switch|p1a: Mandibuzz|Mandibuzz, F|50/100
|move|p2a: Great Tusk|Ice Spinner|p1a: Mandibuzz
|-supereffective|p1a: Mandibuzz
|-damage|p1a: Mandibuzz|22/100
|
|upkeep
|turn|17
|
|t:|1760890234
|move|p2a: Great Tusk|Ice Spinner|p1a: Mandibuzz
|-supereffective|p1a: Mandibuzz
|-damage|p1a: Mandibuzz|0 fnt
|faint|p1a: Mandibuzz
|
|upkeep
|
|t:|1760890237
|switch|p1a: Dragonite|Dragonite, M|100/100
|turn|18
|
|t:|1760890240
|move|p2a: Great Tusk|Bulk Up|p2a: Great Tusk
|-boost|p2a: Great Tusk|atk|1
|-boost|p2a: Great Tusk|def|1
|move|p1a: Dragonite|Hurricane|p2a: Great Tusk
|-supereffective|p2a: Great Tusk
|-damage|p2a: Great Tusk|4/100
|
|upkeep
|turn|19
|
|t:|1760890248
|switch|p1a: Gholdengo|Gholdengo|79/100
|move|p2a: Great Tusk|Ice Spinner|p1a: Gholdengo
|-resisted|p1a: Gholdengo
|-damage|p1a: Gholdengo|62/100
|
|upkeep
|turn|20
|
|t:|1760890261
|switch|p1a: Gliscor|Gliscor, M|100/100 tox
|move|p2a: Great Tusk|Headlong Rush|p1a: Gliscor
|-immune|p1a: Gliscor
|
|upkeep
|turn|21
|
|t:|1760890271
|-terastallize|p1a: Gliscor|Water
|move|p2a: Great Tusk|Ice Spinner|p1a: Gliscor
|-resisted|p1a: Gliscor
|-damage|p1a: Gliscor|89/100 tox
|move|p1a: Gliscor|Toxic|p2a: Great Tusk
|-status|p2a: Great Tusk|tox
|
|-damage|p2a: Great Tusk|0 fnt|[from] psn
|faint|p2a: Great Tusk
|-end|p2a: Great Tusk|Protosynthesis|[silent]
|-heal|p1a: Gliscor|100/100 tox|[from] ability: Poison Heal
|upkeep
|
|t:|1760890275
|switch|p2a: Kyurem|Kyurem|89/100 par
|-ability|p2a: Kyurem|Pressure
|turn|22
|
|t:|1760890287
|move|p1a: Gliscor|Sand Tomb|p2a: Kyurem
|-damage|p2a: Kyurem|77/100 par
|-activate|p2a: Kyurem|move: Sand Tomb|[of] p1a: Gliscor
|move|p2a: Kyurem|Freeze-Dry|p1a: Gliscor
|-supereffective|p1a: Gliscor
|-damage|p1a: Gliscor|17/100 tox
|
|-heal|p1a: Gliscor|29/100 tox|[from] ability: Poison Heal
|-damage|p2a: Kyurem|65/100 par|[from] move: Sand Tomb|[partiallytrapped]
|upkeep
|turn|23
|
|t:|1760890292
|move|p1a: Gliscor|Protect|p1a: Gliscor
|-singleturn|p1a: Gliscor|Protect
|move|p2a: Kyurem|Freeze-Dry|p1a: Gliscor
|-activate|p1a: Gliscor|move: Protect
|
|-heal|p1a: Gliscor|42/100 tox|[from] ability: Poison Heal
|-damage|p2a: Kyurem|53/100 par|[from] move: Sand Tomb|[partiallytrapped]
|upkeep
|turn|24
|
|t:|1760890301
|switch|p1a: Gholdengo|Gholdengo|62/100
|move|p2a: Kyurem|Freeze-Dry|p1a: Gholdengo
|-resisted|p1a: Gholdengo
|-damage|p1a: Gholdengo|48/100
|
|-end|p2a: Kyurem|Sand Tomb|[partiallytrapped]|[silent]
|upkeep
|turn|25
|
|t:|1760890308
|switch|p2a: Deoxys|Deoxys-Speed|8/100
|-ability|p2a: Deoxys|Pressure
|move|p1a: Gholdengo|Thunder Wave|p2a: Deoxys
|-status|p2a: Deoxys|par
|
|upkeep
|turn|26
|
|t:|1760890311
|move|p1a: Gholdengo|Recover|p1a: Gholdengo
|-heal|p1a: Gholdengo|98/100
|move|p2a: Deoxys|Light Screen|p2a: Deoxys
|-sidestart|p2: metrobotalt|move: Light Screen
|
|upkeep
|turn|27
|
|t:|1760890313
|move|p1a: Gholdengo|Shadow Ball|p2a: Deoxys
|-supereffective|p2a: Deoxys
|-damage|p2a: Deoxys|0 fnt
|faint|p2a: Deoxys
|
|upkeep
|
|t:|1760890315
|switch|p2a: Moltres|Moltres-Galar|100/100
|turn|28
|
|t:|1760890319
|move|p1a: Gholdengo|Thunder Wave|p2a: Moltres
|-status|p2a: Moltres|par
|move|p2a: Moltres|Fiery Wrath|p1a: Gholdengo
|-supereffective|p1a: Gholdengo
|-damage|p1a: Gholdengo|18/100
|
|upkeep
|turn|29
|
|t:|1760890325
|move|p1a: Gholdengo|Trick|p2a: Moltres
|-activate|p1a: Gholdengo|move: Trick|[of] p2a: Moltres
|-item|p2a: Moltres|Never-Melt Ice|[from] move: Trick
|-item|p1a: Gholdengo|Sitrus Berry|[from] move: Trick
|-enditem|p1a: Gholdengo|Sitrus Berry|[eat]
|-heal|p1a: Gholdengo|43/100|[from] item: Sitrus Berry
|move|p2a: Moltres|Fiery Wrath|p1a: Gholdengo
|-supereffective|p1a: Gholdengo
|-damage|p1a: Gholdengo|0 fnt
|faint|p1a: Gholdengo
|
|upkeep
|
|t:|1760890337
|switch|p1a: Blissey|Blissey, F|100/100
|turn|30
|
|t:|1760890343
|move|p1a: Blissey|Seismic Toss|p2a: Moltres
|-damage|p2a: Moltres|73/100 par
|move|p2a: Moltres|Nasty Plot|p2a: Moltres
|-boost|p2a: Moltres|spa|2
|
|upkeep
|turn|31
|
|t:|1760890346
|move|p1a: Blissey|Seismic Toss|p2a: Moltres
|-damage|p2a: Moltres|45/100 par
|-ability|p2a: Moltres|Berserk|boost
|-boost|p2a: Moltres|spa|1
|move|p2a: Moltres|Fiery Wrath|p1a: Blissey
|-damage|p1a: Blissey|66/100
|
|upkeep
|turn|32
|
|t:|1760890348
|move|p1a: Blissey|Seismic Toss|p2a: Moltres
|-damage|p2a: Moltres|17/100 par
|move|p2a: Moltres|Fiery Wrath|p1a: Blissey
|-damage|p1a: Blissey|36/100
|
|upkeep
|turn|33
|
|t:|1760890352
|move|p1a: Blissey|Soft-Boiled|p1a: Blissey
|-heal|p1a: Blissey|86/100
|move|p2a: Moltres|Fiery Wrath|p1a: Blissey
|-damage|p1a: Blissey|53/100
|
|-sideend|p2: metrobotalt|move: Light Screen
|upkeep
|turn|34
|
|t:|1760890354
|move|p1a: Blissey|Seismic Toss|p2a: Moltres
|-damage|p2a: Moltres|0 fnt
|faint|p2a: Moltres
|
|upkeep
|
|t:|1760890358
|switch|p2a: Zamazenta|Zamazenta|100/100
|-ability|p2a: Zamazenta|Dauntless Shield|boost
|-boost|p2a: Zamazenta|def|1
|turn|35
|
|t:|1760890363
|switch|p2a: Kyurem|Kyurem|53/100 par
|-ability|p2a: Kyurem|Pressure
|switch|p1a: Clodsire|Clodsire, M|100/100
|
|upkeep
|turn|36
|
|t:|1760890373
|switch|p1a: Gliscor|Gliscor, M, tera:Water|42/100 tox
|move|p2a: Kyurem|Icicle Spear|p1a: Gliscor
|-resisted|p1a: Gliscor
|-damage|p1a: Gliscor|38/100 tox
|-resisted|p1a: Gliscor
|-damage|p1a: Gliscor|34/100 tox
|-resisted|p1a: Gliscor
|-damage|p1a: Gliscor|30/100 tox
|-hitcount|p1a: Gliscor|3
|
|-heal|p1a: Gliscor|43/100 tox|[from] ability: Poison Heal
|upkeep
|turn|37
|
|t:|1760890378
|move|p1a: Gliscor|Toxic||[still]
|-fail|p1a: Gliscor
|move|p2a: Kyurem|Icicle Spear|p1a: Gliscor
|-resisted|p1a: Gliscor
|-crit|p1a: Gliscor
|-damage|p1a: Gliscor|37/100 tox
|-resisted|p1a: Gliscor
|-damage|p1a: Gliscor|33/100 tox
|-resisted|p1a: Gliscor
|-damage|p1a: Gliscor|29/100 tox
|-hitcount|p1a: Gliscor|3
|
|-heal|p1a: Gliscor|41/100 tox|[from] ability: Poison Heal
|upkeep
|turn|38
|
|t:|1760890380
|move|p1a: Gliscor|Toxic||[still]
|-fail|p1a: Gliscor
|move|p2a: Kyurem|Icicle Spear|p1a: Gliscor
|-resisted|p1a: Gliscor
|-damage|p1a: Gliscor|38/100 tox
|-resisted|p1a: Gliscor
|-damage|p1a: Gliscor|34/100 tox
|-hitcount|p1a: Gliscor|2
|
|-heal|p1a: Gliscor|46/100 tox|[from] ability: Poison Heal
|upkeep
|turn|39
|
|t:|1760890383
|move|p1a: Gliscor|Sand Tomb|p2a: Kyurem|[miss]
|-miss|p1a: Gliscor|p2a: Kyurem
|move|p2a: Kyurem|Icicle Spear|p1a: Gliscor
|-resisted|p1a: Gliscor
|-damage|p1a: Gliscor|42/100 tox
|-resisted|p1a: Gliscor
|-damage|p1a: Gliscor|38/100 tox
|-hitcount|p1a: Gliscor|2
|
|-heal|p1a: Gliscor|50/100 tox|[from] ability: Poison Heal
|upkeep
|turn|40
|
|t:|1760890385
|move|p1a: Gliscor|Toxic||[still]
|-fail|p1a: Gliscor
|move|p2a: Kyurem|Icicle Spear|p1a: Gliscor
|-resisted|p1a: Gliscor
|-damage|p1a: Gliscor|47/100 tox
|-resisted|p1a: Gliscor
|-damage|p1a: Gliscor|43/100 tox
|-resisted|p1a: Gliscor
|-damage|p1a: Gliscor|39/100 tox
|-hitcount|p1a: Gliscor|3
|
|-heal|p1a: Gliscor|51/100 tox|[from] ability: Poison Heal
|upkeep
|turn|41
|
|t:|1760890390
|switch|p2a: Zamazenta|Zamazenta|100/100
|move|p1a: Gliscor|Spikes|p2a: Zamazenta
|-sidestart|p2: metrobotalt|Spikes
|
|-heal|p1a: Gliscor|64/100 tox|[from] ability: Poison Heal
|upkeep
|turn|42
|
|t:|1760890393
|move|p2a: Zamazenta|Iron Defense|p2a: Zamazenta
|-boost|p2a: Zamazenta|def|2
|move|p1a: Gliscor|Toxic|p2a: Zamazenta
|-status|p2a: Zamazenta|tox
|
|-damage|p2a: Zamazenta|94/100 tox|[from] psn
|-heal|p1a: Gliscor|76/100 tox|[from] ability: Poison Heal
|upkeep
|turn|43
|
|t:|1760890395
|move|p1a: Gliscor|Protect|p1a: Gliscor
|-singleturn|p1a: Gliscor|Protect
|move|p2a: Zamazenta|Iron Defense|p2a: Zamazenta
|-boost|p2a: Zamazenta|def|2
|
|-heal|p2a: Zamazenta|100/100 tox|[from] item: Leftovers
|-damage|p2a: Zamazenta|88/100 tox|[from] psn
|-heal|p1a: Gliscor|89/100 tox|[from] ability: Poison Heal
|upkeep
|turn|44
|
|t:|1760890398
|switch|p1a: Clodsire|Clodsire, M|100/100
|move|p2a: Zamazenta|Body Press|p1a: Clodsire
|-resisted|p1a: Clodsire
|-damage|p1a: Clodsire|81/100
|
|-heal|p2a: Zamazenta|94/100 tox|[from] item: Leftovers
|-damage|p2a: Zamazenta|76/100 tox|[from] psn
|upkeep
|turn|45
|-message|metrobotalt forfeited.
|
|win|brodiewhat
|raw|brodiewhat's rating: 1598 &rarr; <strong>1619</strong><br />(+21 for winning)
|raw|metrobotalt's rating: 1615 &rarr; <strong>1594</strong><br />(-21 for losing)
|l|☆metrobotalt
|player|p2|
|l|☆brodiewhat
|player|p1|
