|j|☆LastGREATEST
|j|☆logansamjeff
|t:|1760840098
|gametype|singles
|player|p1|LastGREATEST|blue-gen7|1449
|player|p2|logansamjeff|1|1411
|gen|9
|tier|[Gen 9] OU
|rated|
|rule|HP Percentage Mod: HP is shown in percentages
|rule|Endless Battle Clause: Forcing endless battles is banned
|rule|Species Clause: Limit one of each Pokémon
|rule|OHKO Clause: OHKO moves are banned
|rule|Evasion Items Clause: Evasion items are banned
|rule|Evasion Moves Clause: Evasion moves are banned
|rule|Evasion Abilities Clause: Evasion abilities are banned
|rule|Sleep Moves Clause: Sleep-inducing moves are banned
|clearpoke
|poke|p1|Slowking-Galar, M|
|poke|p1|Kingambit, M|
|poke|p1|Mimikyu, F|
|poke|p1|Ursaluna, M|
|poke|p1|Azumarill, M|
|poke|p1|Rabsca, M|
|poke|p2|Tyranitar, M|
|poke|p2|Raging Bolt|
|poke|p2|Ogerpon-Wellspring, F|
|poke|p2|Gholdengo|
|poke|p2|Moltres|
|poke|p2|Excadrill, M|
|teampreview
|inactive|Battle timer is ON: inactive players will automatically lose when time's up. (requested by logansamjeff)
|
|t:|1760840110
|teamsize|p1|6
|teamsize|p2|6
|start
|switch|p1a: SMART A$$|Rabsca, M, shiny|100/100
|switch|p2a: Ogerpon|Ogerpon-Wellspring, F|100/100
|turn|1
|
|t:|1760840125
|move|p2a: Ogerpon|Ivy Cudgel|p1a: SMART A$$|[anim] Ivy Cudgel Water
|-damage|p1a: SMART A$$|55/100
|move|p1a: SMART A$$|Trick Room|p1a: SMART A$$
|-fieldstart|move: Trick Room|[of] p1a: SMART A$$
|
|upkeep
|turn|2
|
|t:|1760840140
|switch|p1a: DARTH SLO|Slowking-Galar, M|100/100
|switch|p2a: Gholdengo|Gholdengo|100/100
|
|upkeep
|turn|3
|
|t:|1760840149
|move|p1a: DARTH SLO|Fire Blast|p2a: Gholdengo
|-supereffective|p2a: Gholdengo
|-damage|p2a: Gholdengo|0 fnt
|faint|p2a: Gholdengo
|-damage|p1a: DARTH SLO|91/100|[from] item: Life Orb
|
|upkeep
|
|t:|1760840154
|switch|p2a: Tyranitar|Tyranitar, M|100/100
|-weather|Sandstorm|[from] ability: Sand Stream|[of] p2a: Tyranitar
|turn|4
|
|t:|1760840163
|switch|p1a: COCAINE|Ursaluna, M|100/100
|move|p2a: Tyranitar|Knock Off|p1a: COCAINE
|-damage|p1a: COCAINE|68/100
|-enditem|p1a: COCAINE|Flame Orb|[from] move: Knock Off|[of] p2a: Tyranitar
|
|-weather|Sandstorm|[upkeep]
|upkeep
|turn|5
|
|t:|1760840167
|switch|p2a: Moltres|Moltres|100/100
|move|p1a: COCAINE|Swords Dance|p1a: COCAINE
|-boost|p1a: COCAINE|atk|2
|
|-weather|Sandstorm|[upkeep]
|-damage|p2a: Moltres|94/100|[from] Sandstorm
|-fieldend|move: Trick Room
|upkeep
|turn|6
|
|t:|1760840172
|move|p2a: Moltres|Flamethrower|p1a: COCAINE
|-damage|p1a: COCAINE|34/100
|move|p1a: COCAINE|Facade|p2a: Moltres
|-damage|p2a: Moltres|40/100
|-status|p1a: COCAINE|brn|[from] ability: Flame Body|[of] p2a: Moltres
|
|-weather|Sandstorm|[upkeep]
|-damage|p2a: Moltres|34/100|[from] Sandstorm
|-damage|p1a: COCAINE|28/100 brn|[from] brn
|upkeep
|turn|7
|
|t:|1760840179
|switch|p1a: DARTH SLO|Slowking-Galar, M|100/100
|move|p2a: Moltres|Flamethrower|p1a: DARTH SLO
|-damage|p1a: DARTH SLO|73/100
|
|-weather|Sandstorm|[upkeep]
|-damage|p2a: Moltres|28/100|[from] Sandstorm
|-damage|p1a: DARTH SLO|67/100|[from] Sandstorm
|upkeep
|turn|8
|
|t:|1760840183
|move|p2a: Moltres|Roost|p2a: Moltres
|-heal|p2a: Moltres|78/100
|-singleturn|p2a: Moltres|move: Roost
|move|p1a: DARTH SLO|Sludge Wave|p2a: Moltres
|-damage|p2a: Moltres|11/100
|-damage|p1a: DARTH SLO|57/100|[from] item: Life Orb
|
|-weather|Sandstorm|[upkeep]
|-damage|p2a: Moltres|5/100|[from] Sandstorm
|-damage|p1a: DARTH SLO|51/100|[from] Sandstorm
|upkeep
|turn|9
|
|t:|1760840188
|switch|p2a: Tyranitar|Tyranitar, M|100/100
|move|p1a: DARTH SLO|Trick Room|p1a: DARTH SLO
|-fieldstart|move: Trick Room|[of] p1a: DARTH SLO
|
|-weather|Sandstorm|[upkeep]
|-damage|p1a: DARTH SLO|45/100|[from] Sandstorm
|upkeep
|turn|10
|
|t:|1760840202
|switch|p1a: PIKABLUU|Azumarill, M|100/100
|move|p2a: Tyranitar|Ice Beam|p1a: PIKABLUU
|-resisted|p1a: PIKABLUU
|-damage|p1a: PIKABLUU|94/100
|
|-weather|Sandstorm|[upkeep]
|-damage|p1a: PIKABLUU|88/100|[from] Sandstorm
|upkeep
|turn|11
|
|t:|1760840208
|switch|p2a: Moltres|Moltres|5/100
|move|p1a: PIKABLUU|Play Rough|p2a: Moltres
|-resisted|p2a: Moltres
|-damage|p2a: Moltres|0 fnt
|-status|p1a: PIKABLUU|brn|[from] ability: Flame Body|[of] p2a: Moltres
|faint|p2a: Moltres
|
|-weather|none
|-damage|p1a: PIKABLUU|82/100 brn|[from] brn
|upkeep
|
|t:|1760840219
|switch|p2a: Ogerpon|Ogerpon-Wellspring, F|100/100
|turn|12
|
|t:|1760840228
|switch|p1a: DARTH SLO|Slowking-Galar, M|78/100
|move|p2a: Ogerpon|Ivy Cudgel|p1a: DARTH SLO|[anim] Ivy Cudgel Water
|-damage|p1a: DARTH SLO|19/100
|
|upkeep
|turn|13
|
|t:|1760840244
|switch|p2a: Tyranitar|Tyranitar, M|100/100
|-weather|Sandstorm|[from] ability: Sand Stream|[of] p2a: Tyranitar
|move|p1a: DARTH SLO|Sludge Wave|p2a: Tyranitar
|-resisted|p2a: Tyranitar
|-damage|p2a: Tyranitar|88/100
|-damage|p1a: DARTH SLO|9/100|[from] item: Life Orb
|
|-weather|Sandstorm|[upkeep]
|-damage|p1a: DARTH SLO|3/100|[from] Sandstorm
|-fieldend|move: Trick Room
|upkeep
|turn|14
|
|t:|1760840250
|switch|p1a: PIKABLUU|Azumarill, M|82/100 brn
|move|p2a: Tyranitar|Stealth Rock|p1a: PIKABLUU
|-sidestart|p1: LastGREATEST|move: Stealth Rock
|
|-weather|Sandstorm|[upkeep]
|-damage|p1a: PIKABLUU|75/100 brn|[from] Sandstorm
|-damage|p1a: PIKABLUU|69/100 brn|[from] brn
|upkeep
|turn|15
|
|t:|1760840257
|switch|p2a: Ogerpon|Ogerpon-Wellspring, F|100/100
|move|p1a: PIKABLUU|Play Rough|p2a: Ogerpon
|-damage|p2a: Ogerpon|64/100
|
|-weather|Sandstorm|[upkeep]
|-damage|p2a: Ogerpon|58/100|[from] Sandstorm
|-damage|p1a: PIKABLUU|63/100 brn|[from] Sandstorm
|-damage|p1a: PIKABLUU|57/100 brn|[from] brn
|upkeep
|turn|16
|
|t:|1760840266
|move|p2a: Ogerpon|Power Whip|p1a: PIKABLUU
|-supereffective|p1a: PIKABLUU
|-damage|p1a: PIKABLUU|0 fnt
|faint|p1a: PIKABLUU
|
|-weather|Sandstorm|[upkeep]
|-damage|p2a: Ogerpon|52/100|[from] Sandstorm
|upkeep
|
|t:|1760840271
|switch|p1a: SMART A$$|Rabsca, M, shiny|55/100
|turn|17
|
|t:|1760840282
|-terastallize|p2a: Ogerpon|Water
|detailschange|p2a: Ogerpon|Ogerpon-Wellspring-Tera, F, tera:Water
|-ability|p2a: Ogerpon|Embody Aspect (Wellspring)|boost
|-boost|p2a: Ogerpon|spd|1
|move|p2a: Ogerpon|Ivy Cudgel|p1a: SMART A$$|[anim] Ivy Cudgel Water
|-damage|p1a: SMART A$$|0 fnt
|faint|p1a: SMART A$$
|
|-weather|Sandstorm|[upkeep]
|-damage|p2a: Ogerpon|46/100|[from] Sandstorm
|upkeep
|
|t:|1760840289
|switch|p1a: PIKABOO|Mimikyu, F|100/100
|-damage|p1a: PIKABOO|88/100|[from] Stealth Rock
|turn|18
|
|t:|1760840303
|move|p2a: Ogerpon|Ivy Cudgel|p1a: PIKABOO|[anim] Ivy Cudgel Water
|-activate|p1a: PIKABOO|ability: Disguise
|-damage|p1a: PIKABOO|88/100
|detailschange|p1a: PIKABOO|Mimikyu-Busted, F
|-damage|p1a: PIKABOO|76/100|[from] pokemon: Mimikyu-Busted
|move|p1a: PIKABOO|Trick Room|p1a: PIKABOO
|-fieldstart|move: Trick Room|[of] p1a: PIKABOO
|
|-weather|Sandstorm|[upkeep]
|-damage|p1a: PIKABOO|70/100|[from] Sandstorm
|-damage|p2a: Ogerpon|40/100|[from] Sandstorm
|upkeep
|turn|19
|
|t:|1760840320
|move|p1a: PIKABOO|Curse|p2a: Ogerpon
|-start|p2a: Ogerpon|Curse|[of] p1a: PIKABOO
|-damage|p1a: PIKABOO|20/100
|move|p2a: Ogerpon|Ivy Cudgel|p1a: PIKABOO|[anim] Ivy Cudgel Water
|-damage|p1a: PIKABOO|0 fnt
|faint|p1a: PIKABOO
|
|-weather|Sandstorm|[upkeep]
|-damage|p2a: Ogerpon|34/100|[from] Sandstorm
|-damage|p2a: Ogerpon|9/100|[from] Curse
|upkeep
|
|t:|1760840329
|switch|p1a: COCAINE|Ursaluna, M|28/100 brn
|-damage|p1a: COCAINE|22/100 brn|[from] Stealth Rock
|turn|20
|inactive|logansamjeff has 120 seconds left.
|inactive|logansamjeff has 90 seconds left.
|inactive|logansamjeff has 60 seconds left.
|inactive|logansamjeff has 30 seconds left.
|inactive|logansamjeff has 20 seconds left.
|inactive|logansamjeff has 15 seconds left.
|inactive|logansamjeff has 10 seconds left.
|inactive|logansamjeff has 5 seconds left.
|-message|logansamjeff lost due to inactivity.
|
|win|LastGREATEST
|raw|LastGREATEST's rating: 1449 &rarr; <strong>1467</strong><br />(+18 for winning)
|raw|logansamjeff's rating: 1411 &rarr; <strong>1393</strong><br />(-18 for losing)
|l|☆LastGREATEST
|player|p1|
|l|☆logansamjeff
|player|p2|
