|j|☆zzbpzgxyyds
|j|☆undertalethemovie
|t:|1760850431
|gametype|singles
|player|p1|zzbpzgxyyds|n|1153
|player|p2|undertalethemovie|n|1138
|gen|9
|tier|[Gen 9] OU
|rated|
|rule|HP Percentage Mod: HP is shown in percentages
|rule|Endless Battle Clause: Forcing endless battles is banned
|rule|Species Clause: Limit one of each Pokémon
|rule|OHKO Clause: OHKO moves are banned
|rule|Evasion Items Clause: Evasion items are banned
|rule|Evasion Moves Clause: Evasion moves are banned
|rule|Evasion Abilities Clause: Evasion abilities are banned
|rule|Sleep Moves Clause: Sleep-inducing moves are banned
|clearpoke
|poke|p1|Garganacl, M|
|poke|p1|Leavanny, F|
|poke|p1|Ninetales, F|
|poke|p1|Venusaur, F|
|poke|p1|Rillaboom, M|
|poke|p1|Great Tusk|
|poke|p2|Clodsire, F|
|poke|p2|Ogerpon-Wellspring, F|
|poke|p2|Zoroark-Hisui, M|
|poke|p2|Zamazenta-*|
|poke|p2|Cinderace, F|
|poke|p2|Deoxys-Speed|
|teampreview
|inactive|Battle timer is ON: inactive players will automatically lose when time's up. (requested by undertalethemovie)
|
|t:|1760850441
|teamsize|p1|6
|teamsize|p2|6
|start
|switch|p1a: Ninetales|Ninetales, F|100/100
|switch|p2a: Minami Torishima|Deoxys-Speed|100/100
|-ability|p2a: Minami Torishima|Pressure
|-weather|SunnyDay|[from] ability: Drought|[of] p1a: Ninetales
|turn|1
|
|t:|1760850445
|move|p2a: Minami Torishima|Psycho Boost|p1a: Ninetales
|-damage|p1a: Ninetales|1/100
|-unboost|p2a: Minami Torishima|spa|2
|move|p1a: Ninetales|Hex|p2a: Minami Torishima
|-supereffective|p2a: Minami Torishima
|-damage|p2a: Minami Torishima|47/100
|
|-weather|SunnyDay|[upkeep]
|upkeep
|turn|2
|
|t:|1760850459
|switch|p1a: Rillaboom|Rillaboom, M|100/100
|-fieldstart|move: Grassy Terrain|[from] ability: Grassy Surge|[of] p1a: Rillaboom
|move|p2a: Minami Torishima|Psycho Boost|p1a: Rillaboom
|-crit|p1a: Rillaboom
|-damage|p1a: Rillaboom|0 fnt
|-unboost|p2a: Minami Torishima|spa|2
|faint|p1a: Rillaboom
|
|-weather|SunnyDay|[upkeep]
|-heal|p2a: Minami Torishima|53/100|[from] Grassy Terrain
|upkeep
|l|☆zzbpzgxyyds
|inactive|zzbpzgxyyds disconnected and has a minute to reconnect!
|player|p1|
|j|☆zzbpzgxyyds
|inactive|zzbpzgxyyds reconnected and has 115 seconds left.
|player|p1|zzbpzgxyyds|n|
|
|t:|1760850502
|switch|p1a: Venusaur|Venusaur, F|100/100
|turn|3
|
|t:|1760850515
|switch|p2a: Mumbo|Clodsire, F|100/100
|-item|p2a: Mumbo|Air Balloon
|move|p1a: Venusaur|Solar Beam||[still]
|-prepare|p1a: Venusaur|Solar Beam
|-anim|p1a: Venusaur|Solar Beam|p2a: Mumbo
|-damage|p2a: Mumbo|60/100
|-enditem|p2a: Mumbo|Air Balloon
|
|-weather|SunnyDay|[upkeep]
|-heal|p2a: Mumbo|66/100|[from] Grassy Terrain
|upkeep
|turn|4
|
|t:|1760850523
|switch|p1a: Great Tusk|Great Tusk|100/100
|-activate|p1a: Great Tusk|ability: Protosynthesis
|-start|p1a: Great Tusk|protosynthesisatk
|move|p2a: Mumbo|Recover|p2a: Mumbo
|-heal|p2a: Mumbo|100/100
|
|-weather|SunnyDay|[upkeep]
|upkeep
|turn|5
|inactive|zzbpzgxyyds has 120 seconds left.
|
|t:|1760850531
|switch|p2a: Minami Torishima|Deoxys-Speed|100/100
|-item|p2a: Minami Torishima|Air Balloon
|move|p1a: Great Tusk|Headlong Rush|p2a: Minami Torishima
|-immune|p2a: Minami Torishima
|
|-weather|SunnyDay|[upkeep]
|upkeep
|turn|6
|inactive|zzbpzgxyyds has 120 seconds left.
|
|t:|1760850546
|-end|p1a: Great Tusk|Protosynthesis|[silent]
|switch|p1a: Garganacl|Garganacl, M|100/100
|move|p2a: Minami Torishima|Will-O-Wisp|p1a: Garganacl
|-immune|p1a: Garganacl|[from] ability: Purifying Salt
|
|-weather|SunnyDay|[upkeep]
|-fieldend|move: Grassy Terrain
|upkeep
|turn|7
|inactive|zzbpzgxyyds has 120 seconds left.
|
|t:|1760850555
|switch|p2a: Mumbo|Clodsire, F|100/100
|move|p1a: Garganacl|Salt Cure|p2a: Mumbo
|-resisted|p2a: Mumbo
|-damage|p2a: Mumbo|93/100
|-start|p2a: Mumbo|Salt Cure
|
|-weather|SunnyDay|[upkeep]
|-damage|p2a: Mumbo|80/100|[from] Salt Cure
|upkeep
|turn|8
|
|t:|1760850559
|move|p1a: Garganacl|Protect|p1a: Garganacl
|-singleturn|p1a: Garganacl|Protect
|move|p2a: Mumbo|Earthquake|p1a: Garganacl
|-activate|p1a: Garganacl|move: Protect
|
|-weather|none
|-damage|p2a: Mumbo|68/100|[from] Salt Cure
|upkeep
|turn|9
|
|t:|1760850567
|move|p1a: Garganacl|Substitute|p1a: Garganacl
|-start|p1a: Garganacl|Substitute
|-damage|p1a: Garganacl|75/100
|move|p2a: Mumbo|Earthquake|p1a: Garganacl
|-supereffective|p1a: Garganacl
|-end|p1a: Garganacl|Substitute
|
|-heal|p1a: Garganacl|82/100|[from] item: Leftovers
|-damage|p2a: Mumbo|56/100|[from] Salt Cure
|upkeep
|turn|10
|
|t:|1760850573
|move|p1a: Garganacl|Protect|p1a: Garganacl
|-singleturn|p1a: Garganacl|Protect
|move|p2a: Mumbo|Recover|p2a: Mumbo
|-heal|p2a: Mumbo|100/100
|
|-heal|p1a: Garganacl|88/100|[from] item: Leftovers
|-damage|p2a: Mumbo|88/100|[from] Salt Cure
|upkeep
|turn|11
|
|t:|1760850578
|switch|p1a: Ninetales|Ninetales, F|1/100
|-weather|SunnyDay|[from] ability: Drought|[of] p1a: Ninetales
|move|p2a: Mumbo|Earthquake|p1a: Ninetales
|-supereffective|p1a: Ninetales
|-crit|p1a: Ninetales
|-damage|p1a: Ninetales|0 fnt
|faint|p1a: Ninetales
|
|-weather|SunnyDay|[upkeep]
|-damage|p2a: Mumbo|76/100|[from] Salt Cure
|upkeep
|
|t:|1760850584
|switch|p1a: Great Tusk|Great Tusk|100/100
|-activate|p1a: Great Tusk|ability: Protosynthesis
|-start|p1a: Great Tusk|protosynthesisatk
|turn|12
|
|t:|1760850587
|move|p1a: Great Tusk|Megahorn|p2a: Mumbo
|-resisted|p2a: Mumbo
|-damage|p2a: Mumbo|46/100
|move|p2a: Mumbo|Recover|p2a: Mumbo
|-heal|p2a: Mumbo|96/100
|
|-weather|SunnyDay|[upkeep]
|-damage|p2a: Mumbo|84/100|[from] Salt Cure
|upkeep
|turn|13
|
|t:|1760850594
|-end|p1a: Great Tusk|Protosynthesis|[silent]
|switch|p1a: Leavanny|Leavanny, F|100/100
|switch|p2a: Minami Torishima|Deoxys-Speed|100/100
|-item|p2a: Minami Torishima|Air Balloon
|
|-weather|SunnyDay|[upkeep]
|upkeep
|turn|14
|
|t:|1760850601
|move|p2a: Minami Torishima|Detect|p2a: Minami Torishima
|-singleturn|p2a: Minami Torishima|Protect
|move|p1a: Leavanny|Lunge|p2a: Minami Torishima
|-activate|p2a: Minami Torishima|move: Protect
|
|-weather|SunnyDay|[upkeep]
|upkeep
|turn|15
|
|t:|1760850607
|switch|p2a: Ingerland|Cinderace, F|100/100
|move|p1a: Leavanny|Lunge|p2a: Ingerland
|-resisted|p2a: Ingerland
|-crit|p2a: Ingerland
|-damage|p2a: Ingerland|37/100
|-unboost|p2a: Ingerland|atk|1
|
|-weather|SunnyDay|[upkeep]
|upkeep
|turn|16
|
|t:|1760850610
|move|p1a: Leavanny|Lunge|p2a: Ingerland
|-resisted|p2a: Ingerland
|-damage|p2a: Ingerland|0 fnt
|faint|p2a: Ingerland
|
|-weather|SunnyDay|[upkeep]
|upkeep
|
|t:|1760850614
|switch|p2a: Minami Torishima|Deoxys-Speed|100/100
|-item|p2a: Minami Torishima|Air Balloon
|turn|17
|
|t:|1760850619
|move|p2a: Minami Torishima|Detect|p2a: Minami Torishima
|-singleturn|p2a: Minami Torishima|Protect
|move|p1a: Leavanny|Lunge|p2a: Minami Torishima
|-activate|p2a: Minami Torishima|move: Protect
|
|-weather|SunnyDay|[upkeep]
|upkeep
|turn|18
|
|t:|1760850625
|switch|p2a: Mumbo|Clodsire, F|84/100
|move|p1a: Leavanny|Lunge|p2a: Mumbo
|-resisted|p2a: Mumbo
|-damage|p2a: Mumbo|54/100
|-unboost|p2a: Mumbo|atk|1
|
|-weather|none
|upkeep
|turn|19
|
|t:|1760850629
|move|p1a: Leavanny|Lunge|p2a: Mumbo
|-resisted|p2a: Mumbo
|-damage|p2a: Mumbo|23/100
|-unboost|p2a: Mumbo|atk|1
|move|p2a: Mumbo|Toxic|p1a: Leavanny
|-status|p1a: Leavanny|tox
|
|-damage|p1a: Leavanny|94/100 tox|[from] psn
|upkeep
|turn|20
|
|t:|1760850635
|move|p1a: Leavanny|Lunge|p2a: Mumbo
|-resisted|p2a: Mumbo
|-damage|p2a: Mumbo|0 fnt
|faint|p2a: Mumbo
|
|-damage|p1a: Leavanny|82/100 tox|[from] psn
|upkeep
|
|t:|1760850636
|switch|p2a: Minami Torishima|Deoxys-Speed|100/100
|-item|p2a: Minami Torishima|Air Balloon
|turn|21
|
|t:|1760850638
|move|p2a: Minami Torishima|Hex|p1a: Leavanny
|-damage|p1a: Leavanny|0 fnt
|faint|p1a: Leavanny
|
|upkeep
|
|t:|1760850643
|switch|p1a: Venusaur|Venusaur, F|100/100
|turn|22
|
|t:|1760850650
|switch|p2a: Minami Torishima|Deoxys-Speed|53/100
|-ability|p2a: Minami Torishima|Pressure
|move|p1a: Venusaur|Sludge Bomb|p2a: Minami Torishima
|-damage|p2a: Minami Torishima|0 fnt
|faint|p2a: Minami Torishima
|
|upkeep
|
|t:|1760850656
|switch|p2a: The Writer|Ogerpon-Wellspring, F|100/100
|-item|p2a: The Writer|Air Balloon
|turn|23
|
|t:|1760850662
|move|p2a: The Writer|Will-O-Wisp|p1a: Venusaur
|-status|p1a: Venusaur|brn
|move|p1a: Venusaur|Sludge Bomb|p2a: The Writer
|-resisted|p2a: The Writer
|-damage|p2a: The Writer|58/100
|replace|p2a: Count St. Germain|Zoroark-Hisui, M, shiny
|-end|p2a: Count St. Germain|Illusion
|-enditem|p2a: Count St. Germain|Air Balloon
|
|-damage|p1a: Venusaur|95/100 brn|[from] brn
|upkeep
|turn|24
|
|t:|1760850672
|move|p2a: Count St. Germain|Detect|p2a: Count St. Germain
|-singleturn|p2a: Count St. Germain|Protect
|move|p1a: Venusaur|Sludge Bomb|p2a: Count St. Germain
|-activate|p2a: Count St. Germain|move: Protect
|
|-heal|p1a: Venusaur|100/100 brn|[from] item: Black Sludge
|-damage|p1a: Venusaur|95/100 brn|[from] brn
|upkeep
|turn|25
|
|t:|1760850674
|move|p2a: Count St. Germain|Hex|p1a: Venusaur
|-damage|p1a: Venusaur|24/100 brn
|move|p1a: Venusaur|Growth|p1a: Venusaur
|-boost|p1a: Venusaur|atk|1
|-boost|p1a: Venusaur|spa|1
|
|-heal|p1a: Venusaur|30/100 brn|[from] item: Black Sludge
|-damage|p1a: Venusaur|24/100 brn|[from] brn
|upkeep
|turn|26
|
|t:|1760850676
|move|p2a: Count St. Germain|Hex|p1a: Venusaur
|-damage|p1a: Venusaur|0 fnt
|faint|p1a: Venusaur
|
|upkeep
|
|t:|1760850679
|switch|p1a: Great Tusk|Great Tusk|100/100
|turn|27
|
|t:|1760850684
|move|p1a: Great Tusk|Headlong Rush|p2a: Count St. Germain
|-damage|p2a: Count St. Germain|0 fnt
|-unboost|p1a: Great Tusk|def|1
|-unboost|p1a: Great Tusk|spd|1
|faint|p2a: Count St. Germain
|
|upkeep
|
|t:|1760850687
|switch|p2a: The Writer|Ogerpon-Wellspring, F|100/100
|turn|28
|
|t:|1760850694
|-end|p1a: Great Tusk|Protosynthesis|[silent]
|switch|p1a: Garganacl|Garganacl, M|88/100
|-terastallize|p2a: The Writer|Water
|detailschange|p2a: The Writer|Ogerpon-Wellspring-Tera, F, tera:Water
|-ability|p2a: The Writer|Embody Aspect (Wellspring)|boost
|-boost|p2a: The Writer|spd|1
|move|p2a: The Writer|Ivy Cudgel|p1a: Garganacl|[anim] Ivy Cudgel Water
|-supereffective|p1a: Garganacl
|-damage|p1a: Garganacl|8/100
|
|-heal|p1a: Garganacl|14/100|[from] item: Leftovers
|upkeep
|turn|29
|
|t:|1760850705
|-terastallize|p1a: Garganacl|Ghost
|move|p1a: Garganacl|Protect|p1a: Garganacl
|-singleturn|p1a: Garganacl|Protect
|move|p2a: The Writer|Ivy Cudgel|p1a: Garganacl|[anim] Ivy Cudgel Water
|-activate|p1a: Garganacl|move: Protect
|
|-heal|p1a: Garganacl|20/100|[from] item: Leftovers
|upkeep
|turn|30
|
|t:|1760850708
|move|p2a: The Writer|Ivy Cudgel|p1a: Garganacl|[anim] Ivy Cudgel Water
|-damage|p1a: Garganacl|0 fnt
|faint|p1a: Garganacl
|
|upkeep
|
|t:|1760850711
|switch|p1a: Great Tusk|Great Tusk|100/100
|turn|31
|
|t:|1760850723
|move|p1a: Great Tusk|Close Combat|p2a: The Writer
|-damage|p2a: The Writer|24/100
|-unboost|p1a: Great Tusk|def|1
|-unboost|p1a: Great Tusk|spd|1
|move|p2a: The Writer|Ivy Cudgel|p1a: Great Tusk|[anim] Ivy Cudgel Water
|-supereffective|p1a: Great Tusk
|-damage|p1a: Great Tusk|0 fnt
|faint|p1a: Great Tusk
|-end|p1a: Great Tusk|Protosynthesis|[silent]
|
|win|undertalethemovie
|raw|zzbpzgxyyds's rating: 1153 &rarr; <strong>1127</strong><br />(-26 for losing)
|raw|undertalethemovie's rating: 1138 &rarr; <strong>1164</strong><br />(+26 for winning)
|l|☆zzbpzgxyyds
|player|p1|
|l|☆undertalethemovie
|player|p2|
