|j|☆realgodlegs
|j|‽ultraultrasun
|t:|1760762547
|gametype|singles
|player|p1|realgodlegs|265|1131
|player|p2|ultraultrasun|pilot|1087
|gen|9
|tier|[Gen 9] OU
|rated|
|rule|HP Percentage Mod: HP is shown in percentages
|rule|Endless Battle Clause: Forcing endless battles is banned
|rule|Species Clause: Limit one of each Pokémon
|rule|OHKO Clause: OHKO moves are banned
|rule|Evasion Items Clause: Evasion items are banned
|rule|Evasion Moves Clause: Evasion moves are banned
|rule|Evasion Abilities Clause: Evasion abilities are banned
|rule|Sleep Moves Clause: Sleep-inducing moves are banned
|clearpoke
|poke|p1|Alomomola, F|
|poke|p1|Clefable, M|
|poke|p1|Corviknight, M|
|poke|p1|Dondozo, F|
|poke|p1|Gliscor, M|
|poke|p1|Wo-Chien|
|poke|p2|Iron Valiant|
|poke|p2|Keldeo|
|poke|p2|Kingambit, F|
|poke|p2|Great Tusk|
|poke|p2|Scizor, M|
|poke|p2|Hitmontop, M|
|teampreview
|
|t:|1760762567
|teamsize|p1|6
|teamsize|p2|6
|start
|switch|p1a: the claw|Gliscor, M|100/100
|switch|p2a: Keldeo|Keldeo|100/100
|turn|1
|
|t:|1760762579
|-terastallize|p1a: the claw|Water
|move|p2a: Keldeo|Flip Turn|p1a: the claw
|-resisted|p1a: the claw
|-damage|p1a: the claw|94/100
|
|t:|1760762594
|switch|p2a: Hitmontop|Hitmontop, M|100/100|[from] Flip Turn
|-ability|p2a: Hitmontop|Intimidate|boost
|-unboost|p1a: the claw|atk|1
|move|p1a: the claw|Earthquake|p2a: Hitmontop
|-damage|p2a: Hitmontop|68/100
|
|-status|p1a: the claw|tox|[from] item: Toxic Orb
|upkeep
|turn|2
|
|t:|1760762608
|move|p2a: Hitmontop|Fake Out|p1a: the claw
|-damage|p1a: the claw|81/100 tox
|cant|p1a: the claw|flinch
|
|-heal|p1a: the claw|94/100 tox|[from] ability: Poison Heal
|upkeep
|turn|3
|
|t:|1760762617
|move|p1a: the claw|Facade|p2a: Hitmontop
|-damage|p2a: Hitmontop|35/100
|move|p2a: Hitmontop|Brick Break|p1a: the claw
|-damage|p1a: the claw|62/100 tox
|
|-heal|p1a: the claw|74/100 tox|[from] ability: Poison Heal
|upkeep
|turn|4
|
|t:|1760762654
|switch|p2a: Keldeo|Keldeo|100/100
|move|p1a: the claw|Facade|p2a: Keldeo
|-damage|p2a: Keldeo|69/100
|
|-heal|p1a: the claw|86/100 tox|[from] ability: Poison Heal
|upkeep
|turn|5
|
|t:|1760762667
|move|p2a: Keldeo|Aura Sphere|p1a: the claw
|-damage|p1a: the claw|0 fnt
|faint|p1a: the claw
|
|upkeep
|
|t:|1760762676
|switch|p1a: this is you(fat)|Clefable, M|100/100
|turn|6
|
|t:|1760762682
|switch|p2a: Scizor|Scizor, M|100/100
|move|p1a: this is you(fat)|Moonblast|p2a: Scizor
|-resisted|p2a: Scizor
|-damage|p2a: Scizor|74/100
|-unboost|p2a: Scizor|spa|1
|
|upkeep
|turn|7
|
|t:|1760762692
|switch|p1a: metal bird bruv|Corviknight, M|100/100
|-ability|p1a: metal bird bruv|Pressure
|move|p2a: Scizor|U-turn|p1a: metal bird bruv
|-resisted|p1a: metal bird bruv
|-damage|p1a: metal bird bruv|88/100
|
|t:|1760762705
|switch|p2a: Iron Valiant|Iron Valiant|100/100|[from] U-turn
|-enditem|p2a: Iron Valiant|Booster Energy
|-activate|p2a: Iron Valiant|ability: Quark Drive|[fromitem]
|-start|p2a: Iron Valiant|quarkdrivespe
|
|-heal|p1a: metal bird bruv|94/100|[from] item: Leftovers
|upkeep
|turn|8
|inactive|Battle timer is ON: inactive players will automatically lose when time's up. (requested by ultraultrasun)
|
|t:|1760762759
|move|p2a: Iron Valiant|Fire Punch|p1a: metal bird bruv
|-supereffective|p1a: metal bird bruv
|-damage|p1a: metal bird bruv|57/100
|move|p1a: metal bird bruv|Brave Bird|p2a: Iron Valiant
|-supereffective|p2a: Iron Valiant
|-damage|p2a: Iron Valiant|0 fnt
|faint|p2a: Iron Valiant
|-end|p2a: Iron Valiant|Quark Drive|[silent]
|-damage|p1a: metal bird bruv|33/100|[from] Recoil
|
|-heal|p1a: metal bird bruv|39/100|[from] item: Leftovers
|upkeep
|
|t:|1760762777
|switch|p2a: Keldeo|Keldeo|69/100
|turn|9
|
|t:|1760762789
|move|p2a: Keldeo|Flip Turn|p1a: metal bird bruv
|-damage|p1a: metal bird bruv|26/100
|
|t:|1760762799
|switch|p2a: Scizor|Scizor, M|74/100|[from] Flip Turn
|move|p1a: metal bird bruv|Brave Bird|p2a: Scizor
|-damage|p2a: Scizor|20/100
|-damage|p1a: metal bird bruv|11/100|[from] Recoil
|
|-heal|p1a: metal bird bruv|18/100|[from] item: Leftovers
|upkeep
|turn|10
|
|t:|1760762810
|move|p2a: Scizor|Bullet Punch|p1a: metal bird bruv
|-resisted|p1a: metal bird bruv
|-damage|p1a: metal bird bruv|0 fnt
|faint|p1a: metal bird bruv
|
|upkeep
|
|t:|1760762816
|switch|p1a: i hate this ting|Dondozo, F|100/100
|turn|11
|
|t:|1760762832
|switch|p2a: Hitmontop|Hitmontop, M|35/100
|-ability|p2a: Hitmontop|Intimidate|boost
|-unboost|p1a: i hate this ting|atk|1
|move|p1a: i hate this ting|Liquidation|p2a: Hitmontop
|-damage|p2a: Hitmontop|4/100
|
|upkeep
|turn|12
|
|t:|1760762839
|move|p2a: Hitmontop|Fake Out|p1a: i hate this ting
|-damage|p1a: i hate this ting|93/100
|cant|p1a: i hate this ting|flinch
|
|-heal|p1a: i hate this ting|99/100|[from] item: Leftovers
|upkeep
|turn|13
|
|t:|1760762846
|move|p2a: Hitmontop|Brick Break|p1a: i hate this ting
|-damage|p1a: i hate this ting|79/100
|move|p1a: i hate this ting|Liquidation|p2a: Hitmontop
|-damage|p2a: Hitmontop|0 fnt
|faint|p2a: Hitmontop
|
|-heal|p1a: i hate this ting|85/100|[from] item: Leftovers
|upkeep
|
|t:|1760762855
|switch|p2a: Keldeo|Keldeo|69/100
|turn|14
|
|t:|1760762875
|switch|p1a: yo mama puccey|Alomomola, F|100/100
|move|p2a: Keldeo|Aura Sphere|p1a: yo mama puccey
|-damage|p1a: yo mama puccey|30/100
|
|upkeep
|turn|15
|inactive|realgodlegs has 120 seconds left.
|
|t:|1760762907
|move|p2a: Keldeo|Aura Sphere|p1a: yo mama puccey
|-damage|p1a: yo mama puccey|0 fnt
|faint|p1a: yo mama puccey
|
|upkeep
|
|t:|1760762909
|switch|p1a: i hate this ting|Dondozo, F|85/100
|turn|16
|
|t:|1760762915
|move|p2a: Keldeo|Aura Sphere|p1a: i hate this ting
|-damage|p1a: i hate this ting|27/100
|move|p1a: i hate this ting|Zen Headbutt|p2a: Keldeo
|-supereffective|p2a: Keldeo
|-damage|p2a: Keldeo|13/100
|
|-heal|p1a: i hate this ting|34/100|[from] item: Leftovers
|upkeep
|turn|17
|
|t:|1760762924
|move|p2a: Keldeo|Aura Sphere|p1a: i hate this ting
|-damage|p1a: i hate this ting|0 fnt
|faint|p1a: i hate this ting
|
|upkeep
|
|t:|1760762927
|switch|p1a: this is you(fat)|Clefable, M|100/100
|turn|18
|
|t:|1760762934
|switch|p2a: Great Tusk|Great Tusk|100/100
|move|p1a: this is you(fat)|Flamethrower|p2a: Great Tusk
|-damage|p2a: Great Tusk|61/100
|
|upkeep
|turn|19
|
|t:|1760762945
|move|p2a: Great Tusk|Headlong Rush|p1a: this is you(fat)
|-damage|p1a: this is you(fat)|9/100
|-unboost|p2a: Great Tusk|def|1
|-unboost|p2a: Great Tusk|spd|1
|move|p1a: this is you(fat)|Moonblast|p2a: Great Tusk
|-supereffective|p2a: Great Tusk
|-damage|p2a: Great Tusk|0 fnt
|faint|p2a: Great Tusk
|-end|p2a: Great Tusk|Protosynthesis|[silent]
|
|upkeep
|
|t:|1760762963
|switch|p2a: Keldeo|Keldeo|13/100
|turn|20
|
|t:|1760762968
|move|p2a: Keldeo|Aura Sphere|p1a: this is you(fat)
|-resisted|p1a: this is you(fat)
|-damage|p1a: this is you(fat)|0 fnt
|faint|p1a: this is you(fat)
|
|upkeep
|
|t:|1760762970
|switch|p1a: fat slug|Wo-Chien|100/100
|-ability|p1a: fat slug|Tablets of Ruin
|turn|21
|
|t:|1760762976
|move|p2a: Keldeo|Aura Sphere|p1a: fat slug
|-supereffective|p1a: fat slug
|-crit|p1a: fat slug
|-damage|p1a: fat slug|0 fnt
|faint|p1a: fat slug
|
|win|ultraultrasun
|raw|realgodlegs's rating: 1131 &rarr; <strong>1103</strong><br />(-28 for losing)
|raw|ultraultrasun's rating: 1087 &rarr; <strong>1117</strong><br />(+30 for winning)
|l|☆realgodlegs
|player|p1|
|l|‽ultraultrasun
|player|p2|
