|j|☆Noobskillstrongs
|j|☆ShamrockIreland
|t:|1760804445
|gametype|singles
|player|p1|Noobskillstrongs|lucian|1202
|player|p2|ShamrockIreland|youngster-gen4dp|1207
|gen|9
|tier|[Gen 9] OU
|rated|
|rule|HP Percentage Mod: HP is shown in percentages
|rule|Endless Battle Clause: Forcing endless battles is banned
|rule|Species Clause: Limit one of each Pokémon
|rule|OHKO Clause: OHKO moves are banned
|rule|Evasion Items Clause: Evasion items are banned
|rule|Evasion Moves Clause: Evasion moves are banned
|rule|Evasion Abilities Clause: Evasion abilities are banned
|rule|Sleep Moves Clause: Sleep-inducing moves are banned
|clearpoke
|poke|p1|Squawkabilly-White, M|
|poke|p1|Thundurus-Therian, M|
|poke|p1|Mandibuzz, F|
|poke|p1|Gyarados, M|
|poke|p1|Volcanion|
|poke|p1|Sneasel-Hisui, M|
|poke|p2|Great Tusk|
|poke|p2|Kingambit, M|
|poke|p2|Raging Bolt|
|poke|p2|Walking Wake|
|poke|p2|Ninetales, M|
|poke|p2|Ceruledge, M|
|teampreview
|
|t:|1760804468
|teamsize|p1|6
|teamsize|p2|6
|start
|switch|p1a: Squawkabilly|Squawkabilly-White, M|100/100
|switch|p2a: Ninetales|Ninetales, M|100/100
|-ability|p1a: Squawkabilly|Intimidate|boost
|-unboost|p2a: Ninetales|atk|1
|-weather|SunnyDay|[from] ability: Drought|[of] p2a: Ninetales
|turn|1
|
|t:|1760804474
|move|p1a: Squawkabilly|Parting Shot|p2a: Ninetales
|-unboost|p2a: Ninetales|atk|1
|-unboost|p2a: Ninetales|spa|1
|
|t:|1760804483
|switch|p1a: Gyarados|Gyarados, M|100/100|[from] Parting Shot
|-ability|p1a: Gyarados|Intimidate|boost
|-unboost|p2a: Ninetales|atk|1
|move|p2a: Ninetales|Overheat|p1a: Gyarados
|-resisted|p1a: Gyarados
|-damage|p1a: Gyarados|89/100
|-unboost|p2a: Ninetales|spa|2
|
|-weather|SunnyDay|[upkeep]
|upkeep
|turn|2
|
|t:|1760804485
|move|p2a: Ninetales|Encore||[still]
|-fail|p2a: Ninetales
|move|p1a: Gyarados|Scale Shot|p2a: Ninetales
|-damage|p2a: Ninetales|88/100
|-damage|p2a: Ninetales|75/100
|-damage|p2a: Ninetales|62/100
|-hitcount|p2a: Ninetales|3
|-unboost|p1a: Gyarados|def|1
|-boost|p1a: Gyarados|spe|1
|
|-weather|SunnyDay|[upkeep]
|upkeep
|turn|3
|
|t:|1760804494
|switch|p2a: Walking Wake|Walking Wake|100/100
|-activate|p2a: Walking Wake|ability: Protosynthesis
|-start|p2a: Walking Wake|protosynthesisspe
|move|p1a: Gyarados|Earthquake|p2a: Walking Wake
|-damage|p2a: Walking Wake|65/100
|
|-weather|SunnyDay|[upkeep]
|upkeep
|turn|4
|
|t:|1760804504
|switch|p1a: Volcanion|Volcanion|100/100
|-terastallize|p2a: Walking Wake|Stellar
|move|p2a: Walking Wake|Draco Meteor|p1a: Volcanion
|-damage|p1a: Volcanion|10/100
|-unboost|p2a: Walking Wake|spa|2
|
|-weather|SunnyDay|[upkeep]
|upkeep
|turn|5
|
|t:|1760804520
|switch|p1a: Mandibuzz|Mandibuzz, F|100/100
|move|p2a: Walking Wake|Weather Ball|p1a: Mandibuzz
|-damage|p1a: Mandibuzz|81/100
|
|-weather|SunnyDay|[upkeep]
|-heal|p1a: Mandibuzz|87/100|[from] item: Leftovers
|upkeep
|turn|6
|
|t:|1760804525
|move|p2a: Walking Wake|Flip Turn|p1a: Mandibuzz
|-damage|p1a: Mandibuzz|80/100
|
|t:|1760804527
|-end|p2a: Walking Wake|Protosynthesis|[silent]
|switch|p2a: Kingambit|Kingambit, M|100/100|[from] Flip Turn
|-item|p2a: Kingambit|Air Balloon
|move|p1a: Mandibuzz|Toxic|p2a: Kingambit
|-immune|p2a: Kingambit
|
|-weather|SunnyDay|[upkeep]
|-heal|p1a: Mandibuzz|86/100|[from] item: Leftovers
|upkeep
|turn|7
|
|t:|1760804531
|move|p1a: Mandibuzz|Foul Play|p2a: Kingambit
|-resisted|p2a: Kingambit
|-damage|p2a: Kingambit|77/100
|-enditem|p2a: Kingambit|Air Balloon
|move|p2a: Kingambit|Swords Dance|p2a: Kingambit
|-boost|p2a: Kingambit|atk|2
|
|-weather|SunnyDay|[upkeep]
|-heal|p1a: Mandibuzz|92/100|[from] item: Leftovers
|upkeep
|turn|8
|inactive|Battle timer is ON: inactive players will automatically lose when time's up. (requested by ShamrockIreland)
|
|t:|1760804551
|switch|p1a: Gyarados|Gyarados, M|89/100
|-ability|p1a: Gyarados|Intimidate|boost
|-unboost|p2a: Kingambit|atk|1
|move|p2a: Kingambit|Kowtow Cleave|p1a: Gyarados
|-damage|p1a: Gyarados|0 fnt
|faint|p1a: Gyarados
|
|-weather|none
|upkeep
|
|t:|1760804554
|switch|p1a: Squawkabilly|Squawkabilly-White, M|100/100
|-ability|p1a: Squawkabilly|Intimidate|boost
|-unboost|p2a: Kingambit|atk|1
|turn|9
|
|t:|1760804559
|-end|p2a: Kingambit|fallenundefined|[silent]
|switch|p2a: Ninetales|Ninetales, M|62/100
|-weather|SunnyDay|[from] ability: Drought|[of] p2a: Ninetales
|move|p1a: Squawkabilly|Parting Shot|p2a: Ninetales
|-unboost|p2a: Ninetales|atk|1
|-unboost|p2a: Ninetales|spa|1
|
|t:|1760804561
|switch|p1a: Sneasel|Sneasel-Hisui, M|100/100|[from] Parting Shot
|
|-weather|SunnyDay|[upkeep]
|upkeep
|turn|10
|
|t:|1760804571
|switch|p2a: Ceruledge|Ceruledge, M|100/100
|move|p1a: Sneasel|Close Combat|p2a: Ceruledge
|-immune|p2a: Ceruledge
|
|-weather|SunnyDay|[upkeep]
|upkeep
|turn|11
|
|t:|1760804576
|switch|p1a: Squawkabilly|Squawkabilly-White, M|100/100
|-ability|p1a: Squawkabilly|Intimidate|boost
|-unboost|p2a: Ceruledge|atk|1
|move|p2a: Ceruledge|Bitter Blade|p1a: Squawkabilly
|-damage|p1a: Squawkabilly|2/100
|
|-weather|SunnyDay|[upkeep]
|upkeep
|turn|12
|
|t:|1760804585
|move|p1a: Squawkabilly|Parting Shot|p2a: Ceruledge
|-unboost|p2a: Ceruledge|atk|1
|-unboost|p2a: Ceruledge|spa|1
|
|t:|1760804588
|switch|p1a: Mandibuzz|Mandibuzz, F|92/100|[from] Parting Shot
|move|p2a: Ceruledge|Bitter Blade|p1a: Mandibuzz
|-damage|p1a: Mandibuzz|62/100
|
|-weather|SunnyDay|[upkeep]
|-heal|p1a: Mandibuzz|68/100|[from] item: Leftovers
|upkeep
|turn|13
|
|t:|1760804593
|switch|p2a: Kingambit|Kingambit, M|77/100
|move|p1a: Mandibuzz|Foul Play|p2a: Kingambit
|-resisted|p2a: Kingambit
|-damage|p2a: Kingambit|56/100
|
|-weather|SunnyDay|[upkeep]
|-heal|p1a: Mandibuzz|74/100|[from] item: Leftovers
|upkeep
|turn|14
|
|t:|1760804607
|-end|p2a: Kingambit|fallenundefined|[silent]
|switch|p2a: Raging Bolt|Raging Bolt|100/100
|-activate|p2a: Raging Bolt|ability: Protosynthesis
|-start|p2a: Raging Bolt|protosynthesisspa
|move|p1a: Mandibuzz|Foul Play|p2a: Raging Bolt
|-damage|p2a: Raging Bolt|79/100
|
|-weather|SunnyDay|[upkeep]
|-heal|p1a: Mandibuzz|80/100|[from] item: Leftovers
|upkeep
|turn|15
|
|t:|1760804611
|switch|p1a: Thundurus|Thundurus-Therian, M|100/100
|move|p2a: Raging Bolt|Thunderclap||[still]
|-fail|p2a: Raging Bolt
|
|-weather|SunnyDay|[upkeep]
|upkeep
|turn|16
|
|t:|1760804618
|move|p1a: Thundurus|Thunderbolt|p2a: Raging Bolt
|-resisted|p2a: Raging Bolt
|-damage|p2a: Raging Bolt|63/100
|-damage|p1a: Thundurus|91/100|[from] item: Life Orb
|move|p2a: Raging Bolt|Weather Ball|p1a: Thundurus
|-damage|p1a: Thundurus|0 fnt
|faint|p1a: Thundurus
|-damage|p2a: Raging Bolt|53/100|[from] item: Life Orb
|
|-weather|none
|-end|p2a: Raging Bolt|Protosynthesis
|upkeep
|
|t:|1760804622
|switch|p1a: Sneasel|Sneasel-Hisui, M|100/100
|turn|17
|
|t:|1760804628
|-end|p2a: Raging Bolt|Protosynthesis|[silent]
|switch|p2a: Ceruledge|Ceruledge, M|100/100
|-terastallize|p1a: Sneasel|Fighting
|move|p1a: Sneasel|Close Combat|p2a: Ceruledge
|-immune|p2a: Ceruledge
|
|upkeep
|turn|18
|-message|Noobskillstrongs forfeited.
|
|win|ShamrockIreland
|raw|Noobskillstrongs's rating: 1202 &rarr; <strong>1177</strong><br />(-25 for losing)
|raw|ShamrockIreland's rating: 1207 &rarr; <strong>1232</strong><br />(+25 for winning)
|l|☆Noobskillstrongs
|player|p1|
|l|☆ShamrockIreland
|player|p2|
