|j|☆hilopogoman
|j|☆DivinePlot
|t:|1760798864
|gametype|singles
|player|p1|hilopogoman|169|1357
|player|p2|DivinePlot|266|1391
|gen|9
|tier|[Gen 9] OU
|rated|
|rule|HP Percentage Mod: HP is shown in percentages
|rule|Endless Battle Clause: Forcing endless battles is banned
|rule|Species Clause: Limit one of each Pokémon
|rule|OHKO Clause: OHKO moves are banned
|rule|Evasion Items Clause: Evasion items are banned
|rule|Evasion Moves Clause: Evasion moves are banned
|rule|Evasion Abilities Clause: Evasion abilities are banned
|rule|Sleep Moves Clause: Sleep-inducing moves are banned
|clearpoke
|poke|p1|Walking Wake|
|poke|p1|Zapdos|
|poke|p1|Great Tusk|
|poke|p1|Diancie|
|poke|p1|Zarude-Dada|
|poke|p1|Heatran, M|
|poke|p2|Great Tusk|
|poke|p2|Hoopa-Unbound|
|poke|p2|Latias, F|
|poke|p2|Rillaboom, F|
|poke|p2|Zamazenta-*|
|poke|p2|Iron Moth|
|teampreview
|inactive|Battle timer is ON: inactive players will automatically lose when time's up. (requested by DivinePlot)
|
|t:|1760798874
|teamsize|p1|6
|teamsize|p2|6
|start
|switch|p1a: Zarude|Zarude-Dada|100/100
|switch|p2a: Rillaboom|Rillaboom, F|100/100
|-fieldstart|move: Grassy Terrain|[from] ability: Grassy Surge|[of] p2a: Rillaboom
|turn|1
|
|t:|1760798878
|move|p1a: Zarude|U-turn|p2a: Rillaboom
|-supereffective|p2a: Rillaboom
|-crit|p2a: Rillaboom
|-damage|p2a: Rillaboom|11/100
|
|t:|1760798880
|switch|p1a: Great Tusk|Great Tusk|100/100|[from] U-turn
|move|p2a: Rillaboom|U-turn|p1a: Great Tusk
|-resisted|p1a: Great Tusk
|-damage|p1a: Great Tusk|95/100
|-damage|p2a: Rillaboom|0 fnt|[from] item: Rocky Helmet|[of] p1a: Great Tusk
|faint|p2a: Rillaboom
|
|-heal|p1a: Great Tusk|100/100|[from] Grassy Terrain
|upkeep
|
|t:|1760798889
|switch|p2a: Latias|Latias, F|100/100
|-enditem|p2a: Latias|Grassy Seed
|-boost|p2a: Latias|def|1|[from] item: Grassy Seed
|turn|2
|
|t:|1760798899
|-end|p1a: Great Tusk|Protosynthesis|[silent]
|switch|p1a: Diancie|Diancie|100/100
|-terastallize|p2a: Latias|Electric
|move|p2a: Latias|Calm Mind|p2a: Latias
|-boost|p2a: Latias|spa|1
|-boost|p2a: Latias|spd|1
|
|upkeep
|turn|3
|
|t:|1760798906
|move|p2a: Latias|Calm Mind|p2a: Latias
|-boost|p2a: Latias|spa|1
|-boost|p2a: Latias|spd|1
|move|p1a: Diancie|Diamond Storm|p2a: Latias
|-damage|p2a: Latias|77/100
|
|upkeep
|turn|4
|
|t:|1760798909
|move|p2a: Latias|Calm Mind|p2a: Latias
|-boost|p2a: Latias|spa|1
|-boost|p2a: Latias|spd|1
|move|p1a: Diancie|Diamond Storm|p2a: Latias
|-damage|p2a: Latias|51/100
|
|upkeep
|turn|5
|
|t:|1760798912
|move|p2a: Latias|Recover|p2a: Latias
|-heal|p2a: Latias|100/100
|move|p1a: Diancie|Play Rough|p2a: Latias
|-damage|p2a: Latias|78/100
|
|-fieldend|move: Grassy Terrain
|upkeep
|turn|6
|
|t:|1760798923
|move|p2a: Latias|Calm Mind|p2a: Latias
|-boost|p2a: Latias|spa|1
|-boost|p2a: Latias|spd|1
|move|p1a: Diancie|Diamond Storm|p2a: Latias
|-damage|p2a: Latias|52/100
|
|upkeep
|turn|7
|
|t:|1760798925
|move|p2a: Latias|Recover|p2a: Latias
|-heal|p2a: Latias|100/100
|move|p1a: Diancie|Diamond Storm|p2a: Latias
|-damage|p2a: Latias|76/100
|
|upkeep
|turn|8
|
|t:|1760798927
|move|p2a: Latias|Calm Mind|p2a: Latias
|-boost|p2a: Latias|spa|1
|-boost|p2a: Latias|spd|1
|move|p1a: Diancie|Diamond Storm|p2a: Latias
|-damage|p2a: Latias|49/100
|
|upkeep
|turn|9
|
|t:|1760798929
|move|p2a: Latias|Recover|p2a: Latias
|-heal|p2a: Latias|99/100
|move|p1a: Diancie|Diamond Storm|p2a: Latias
|-damage|p2a: Latias|73/100
|-boost|p1a: Diancie|def|2
|
|upkeep
|turn|10
|
|t:|1760798935
|move|p2a: Latias|Calm Mind|p2a: Latias
|-boost|p2a: Latias|spa|1
|-boost|p2a: Latias|spd|1
|move|p1a: Diancie|Diamond Storm|p2a: Latias
|-damage|p2a: Latias|46/100
|-boost|p1a: Diancie|def|2
|
|upkeep
|turn|11
|
|t:|1760798938
|move|p2a: Latias|Recover|p2a: Latias
|-heal|p2a: Latias|96/100
|move|p1a: Diancie|Body Press|p2a: Latias
|-damage|p2a: Latias|34/100
|
|upkeep
|turn|12
|
|t:|1760798940
|move|p2a: Latias|Recover|p2a: Latias
|-heal|p2a: Latias|84/100
|move|p1a: Diancie|Body Press|p2a: Latias
|-damage|p2a: Latias|31/100
|
|upkeep
|turn|13
|
|t:|1760798948
|move|p2a: Latias|Stored Power|p1a: Diancie
|-damage|p1a: Diancie|0 fnt
|faint|p1a: Diancie
|
|upkeep
|
|t:|1760798959
|switch|p1a: Zarude|Zarude-Dada|100/100
|turn|14
|
|t:|1760798961
|move|p1a: Zarude|Power Whip|p2a: Latias
|-damage|p2a: Latias|0 fnt
|faint|p2a: Latias
|
|upkeep
|
|t:|1760798981
|switch|p2a: Zamazenta|Zamazenta|100/100
|-ability|p2a: Zamazenta|Dauntless Shield|boost
|-boost|p2a: Zamazenta|def|1
|turn|15
|
|t:|1760798998
|switch|p1a: Great Tusk|Great Tusk|100/100
|move|p2a: Zamazenta|Iron Defense|p2a: Zamazenta
|-boost|p2a: Zamazenta|def|2
|
|upkeep
|turn|16
|
|t:|1760799003
|move|p2a: Zamazenta|Iron Defense|p2a: Zamazenta
|-boost|p2a: Zamazenta|def|2
|move|p1a: Great Tusk|Knock Off|p2a: Zamazenta
|-resisted|p2a: Zamazenta
|-damage|p2a: Zamazenta|97/100
|-enditem|p2a: Zamazenta|Leftovers|[from] move: Knock Off|[of] p1a: Great Tusk
|
|upkeep
|turn|17
|
|t:|1760799008
|move|p2a: Zamazenta|Substitute|p2a: Zamazenta
|-start|p2a: Zamazenta|Substitute
|-damage|p2a: Zamazenta|73/100
|move|p1a: Great Tusk|Headlong Rush|p2a: Zamazenta
|-activate|p2a: Zamazenta|move: Substitute|[damage]
|-unboost|p1a: Great Tusk|def|1
|-unboost|p1a: Great Tusk|spd|1
|
|upkeep
|turn|18
|
|t:|1760799010
|move|p2a: Zamazenta|Body Press|p1a: Great Tusk
|-damage|p1a: Great Tusk|14/100
|-damage|p2a: Zamazenta|56/100|[from] item: Rocky Helmet|[of] p1a: Great Tusk
|move|p1a: Great Tusk|Headlong Rush|p2a: Zamazenta
|-activate|p2a: Zamazenta|move: Substitute|[damage]
|-unboost|p1a: Great Tusk|def|1
|-unboost|p1a: Great Tusk|spd|1
|
|upkeep
|turn|19
|
|t:|1760799012
|move|p2a: Zamazenta|Body Press|p1a: Great Tusk
|-damage|p1a: Great Tusk|0 fnt
|-damage|p2a: Zamazenta|39/100|[from] item: Rocky Helmet|[of] p1a: Great Tusk
|faint|p1a: Great Tusk
|-end|p1a: Great Tusk|Protosynthesis|[silent]
|
|upkeep
|
|t:|1760799025
|switch|p1a: Zarude|Zarude-Dada|100/100
|turn|20
|
|t:|1760799030
|move|p1a: Zarude|U-turn|p2a: Zamazenta
|-resisted|p2a: Zamazenta
|-end|p2a: Zamazenta|Substitute
|
|t:|1760799036
|switch|p1a: Zapdos|Zapdos|100/100|[from] U-turn
|move|p2a: Zamazenta|Body Press|p1a: Zapdos
|-resisted|p1a: Zapdos
|-crit|p1a: Zapdos
|-damage|p1a: Zapdos|29/100
|-status|p2a: Zamazenta|par|[from] ability: Static|[of] p1a: Zapdos
|
|upkeep
|turn|21
|
|t:|1760799044
|move|p1a: Zapdos|Roost|p1a: Zapdos
|-heal|p1a: Zapdos|80/100
|-singleturn|p1a: Zapdos|move: Roost
|cant|p2a: Zamazenta|par
|
|upkeep
|turn|22
|
|t:|1760799053
|move|p1a: Zapdos|Hurricane|p2a: Zamazenta
|-supereffective|p2a: Zamazenta
|-damage|p2a: Zamazenta|0 fnt
|faint|p2a: Zamazenta
|
|upkeep
|
|t:|1760799065
|switch|p2a: Hoopa|Hoopa-Unbound|100/100
|turn|23
|
|t:|1760799078
|move|p1a: Zapdos|Hurricane|p2a: Hoopa|[miss]
|-miss|p1a: Zapdos|p2a: Hoopa
|move|p2a: Hoopa|Thunderbolt|p1a: Zapdos
|-damage|p1a: Zapdos|43/100
|
|upkeep
|turn|24
|
|t:|1760799082
|move|p1a: Zapdos|Hurricane|p2a: Hoopa|[miss]
|-miss|p1a: Zapdos|p2a: Hoopa
|move|p2a: Hoopa|Psychic|p1a: Zapdos
|-damage|p1a: Zapdos|0 fnt
|faint|p1a: Zapdos
|
|upkeep
|
|t:|1760799084
|switch|p1a: Zarude|Zarude-Dada|100/100
|turn|25
|
|t:|1760799088
|switch|p2a: Iron Moth|Iron Moth|100/100
|-enditem|p2a: Iron Moth|Booster Energy
|-activate|p2a: Iron Moth|ability: Quark Drive|[fromitem]
|-start|p2a: Iron Moth|quarkdrivespe
|move|p1a: Zarude|U-turn|p2a: Iron Moth
|-resisted|p2a: Iron Moth
|-damage|p2a: Iron Moth|91/100
|
|t:|1760799091
|switch|p1a: Heatran|Heatran, M|100/100|[from] U-turn
|
|upkeep
|turn|26
|
|t:|1760799109
|-end|p2a: Iron Moth|Quark Drive|[silent]
|switch|p2a: Hoopa|Hoopa-Unbound|100/100
|move|p1a: Heatran|Earth Power|p2a: Hoopa
|-damage|p2a: Hoopa|87/100
|
|upkeep
|turn|27
|
|t:|1760799118
|switch|p1a: Zarude|Zarude-Dada|100/100
|move|p2a: Hoopa|Focus Blast|p1a: Zarude|[miss]
|-miss|p2a: Hoopa|p1a: Zarude
|
|upkeep
|turn|28
|
|t:|1760799123
|switch|p2a: Iron Moth|Iron Moth|91/100
|move|p1a: Zarude|U-turn|p2a: Iron Moth
|-resisted|p2a: Iron Moth
|-damage|p2a: Iron Moth|81/100
|
|t:|1760799126
|switch|p1a: Walking Wake|Walking Wake|100/100|[from] U-turn
|
|upkeep
|turn|29
|
|t:|1760799133
|move|p2a: Iron Moth|Sludge Wave|p1a: Walking Wake
|-damage|p1a: Walking Wake|45/100
|move|p1a: Walking Wake|Surf|p2a: Iron Moth
|-supereffective|p2a: Iron Moth
|-damage|p2a: Iron Moth|0 fnt
|faint|p2a: Iron Moth
|-end|p2a: Iron Moth|Quark Drive|[silent]
|
|upkeep
|
|t:|1760799140
|switch|p2a: Hoopa|Hoopa-Unbound|87/100
|turn|30
|
|t:|1760799162
|-end|p1a: Walking Wake|Protosynthesis|[silent]
|switch|p1a: Heatran|Heatran, M|100/100
|move|p2a: Hoopa|Focus Blast|p1a: Heatran
|-supereffective|p1a: Heatran
|-crit|p1a: Heatran
|-damage|p1a: Heatran|39/100
|
|upkeep
|turn|31
|
|t:|1760799172
|move|p2a: Hoopa|Focus Blast|p1a: Heatran|[miss]
|-miss|p2a: Hoopa|p1a: Heatran
|move|p1a: Heatran|Magma Storm|p2a: Hoopa
|-damage|p2a: Hoopa|65/100
|-activate|p2a: Hoopa|move: Magma Storm|[of] p1a: Heatran
|
|-damage|p2a: Hoopa|53/100|[from] move: Magma Storm|[partiallytrapped]
|upkeep
|turn|32
|
|t:|1760799184
|-terastallize|p1a: Heatran|Grass
|move|p2a: Hoopa|Focus Blast|p1a: Heatran
|-damage|p1a: Heatran|19/100
|move|p1a: Heatran|Flash Cannon|p2a: Hoopa
|-damage|p2a: Hoopa|35/100
|
|-damage|p2a: Hoopa|22/100|[from] move: Magma Storm|[partiallytrapped]
|upkeep
|turn|33
|
|t:|1760799188
|move|p2a: Hoopa|Psychic|p1a: Heatran
|-damage|p1a: Heatran|0 fnt
|faint|p1a: Heatran
|
|-end|p2a: Hoopa|Magma Storm|[partiallytrapped]|[silent]
|upkeep
|
|t:|1760799192
|switch|p1a: Zarude|Zarude-Dada|100/100
|turn|34
|
|t:|1760799198
|switch|p2a: Great Tusk|Great Tusk|100/100
|move|p1a: Zarude|U-turn|p2a: Great Tusk
|-resisted|p2a: Great Tusk
|-damage|p2a: Great Tusk|92/100
|
|t:|1760799200
|switch|p1a: Walking Wake|Walking Wake|45/100|[from] U-turn
|
|upkeep
|turn|35
|
|t:|1760799217
|move|p1a: Walking Wake|Surf|p2a: Great Tusk
|-supereffective|p2a: Great Tusk
|-damage|p2a: Great Tusk|0 fnt
|faint|p2a: Great Tusk
|-end|p2a: Great Tusk|Protosynthesis|[silent]
|
|upkeep
|
|t:|1760799220
|switch|p2a: Hoopa|Hoopa-Unbound|22/100
|turn|36
|inactive|hilopogoman has 120 seconds left.
|
|t:|1760799259
|move|p1a: Walking Wake|Surf|p2a: Hoopa
|-damage|p2a: Hoopa|0 fnt
|faint|p2a: Hoopa
|
|win|hilopogoman
|raw|hilopogoman's rating: 1357 &rarr; <strong>1379</strong><br />(+22 for winning)
|raw|DivinePlot's rating: 1391 &rarr; <strong>1369</strong><br />(-22 for losing)
|l|☆hilopogoman
|player|p1|
