|badge|p1|bronze|gen9ou|100-7
|uhtml|medal-msg|<div class="broadcast-blue">Curious what those medals under the avatar are? PS now has Ladder Seasons! For more information, check out the <a href="https://www.smogon.com/forums/threads/3740067/">thread on Smogon.</a></div>
|j|☆MooFarmer
|j|☆kshuaib734
|t:|1760827679
|gametype|singles
|player|p1|MooFarmer|1|1863
|player|p2|kshuaib734|steven|1900
|gen|9
|tier|[Gen 9] OU
|rated|
|rule|HP Percentage Mod: HP is shown in percentages
|rule|Endless Battle Clause: Forcing endless battles is banned
|rule|Species Clause: Limit one of each Pokémon
|rule|OHKO Clause: OHKO moves are banned
|rule|Evasion Items Clause: Evasion items are banned
|rule|Evasion Moves Clause: Evasion moves are banned
|rule|Evasion Abilities Clause: Evasion abilities are banned
|rule|Sleep Moves Clause: Sleep-inducing moves are banned
|clearpoke
|poke|p1|Kyurem|
|poke|p1|Corviknight, M|
|poke|p1|Ting-Lu|
|poke|p1|Dondozo, F|
|poke|p1|Slowking-Galar, L99, F|
|poke|p1|Cinderace, M|
|poke|p2|Tyranitar, F|
|poke|p2|Overqwil, F|
|poke|p2|Pelipper, M|
|poke|p2|Quaquaval, M|
|poke|p2|Kingdra, F|
|poke|p2|Excadrill, F|
|teampreview
|inactive|Battle timer is ON: inactive players will automatically lose when time's up. (requested by kshuaib734)
|c|☆kshuaib734|are you a bot?
|j| Shawty Lo
|inactive|MooFarmer has 120 seconds left.
|c| Shawty Lo|I was told it's a bot account
|
|t:|1760827726
|teamsize|p1|6
|teamsize|p2|6
|start
|switch|p1a: Kyurem|Kyurem|100/100
|switch|p2a: King Tyrant|Tyranitar, F|100/100
|-ability|p1a: Kyurem|Pressure
|-weather|Sandstorm|[from] ability: Sand Stream|[of] p2a: King Tyrant
|turn|1
|inactive|MooFarmer also wants the timer to be on.
|c|☆kshuaib734|he is gonna tera ground
|c|☆kshuaib734|i think
|inactive|MooFarmer has 120 seconds left.
|
|t:|1760827771
|-terastallize|p1a: Kyurem|Ground
|move|p1a: Kyurem|Earth Power|p2a: King Tyrant
|-supereffective|p2a: King Tyrant
|-damage|p2a: King Tyrant|47/100
|-enditem|p2a: King Tyrant|Weakness Policy
|-boost|p2a: King Tyrant|atk|2|[from] item: Weakness Policy
|-boost|p2a: King Tyrant|spa|2|[from] item: Weakness Policy
|move|p2a: King Tyrant|Ice Beam|p1a: Kyurem
|-supereffective|p1a: Kyurem
|-damage|p1a: Kyurem|8/100
|-status|p1a: Kyurem|frz
|
|-weather|Sandstorm|[upkeep]
|-heal|p1a: Kyurem|14/100 frz|[from] item: Leftovers
|upkeep
|turn|2
|c|☆kshuaib734|zzz
|c| Shawty Lo|lmaooo
|c|☆kshuaib734|yeah bot
|j| Dhoom Again
|c| Shawty Lo|how does that even work
|j| Robeadminchiam
|c|☆kshuaib734|idk but its the 4th time today
|inactive|MooFarmer has 90 seconds left.
|c|☆kshuaib734|they always use the exact same lead
|c| Shawty Lo|someone makes the bot account?
|
|t:|1760827818
|switch|p1a: Dondozo|Dondozo, F|100/100
|move|p2a: King Tyrant|Knock Off|p1a: Dondozo
|-damage|p1a: Dondozo|82/100
|-enditem|p1a: Dondozo|Leftovers|[from] move: Knock Off|[of] p2a: King Tyrant
|
|-weather|Sandstorm|[upkeep]
|-damage|p1a: Dondozo|76/100|[from] Sandstorm
|upkeep
|turn|3
|c|☆kshuaib734|yes and then they use a software that connects to the showdown api
|c|☆kshuaib734|tbh its partly showdowns fault
|c|☆kshuaib734|if they shut the API
|j| tabata toxapex
|inactive|MooFarmer has 60 seconds left.
|j| any2
|c|☆kshuaib734|bot cant function
|
|t:|1760827864
|move|p2a: King Tyrant|Thunderbolt|p1a: Dondozo
|-supereffective|p1a: Dondozo
|-damage|p1a: Dondozo|27/100
|move|p1a: Dondozo|Body Press|p2a: King Tyrant
|-supereffective|p2a: King Tyrant
|-crit|p2a: King Tyrant
|-damage|p2a: King Tyrant|0 fnt
|faint|p2a: King Tyrant
|
|-weather|Sandstorm|[upkeep]
|-damage|p1a: Dondozo|21/100|[from] Sandstorm
|upkeep
|j| LT123VB 87
|inactive|kshuaib734 has 120 seconds left.
|
|t:|1760827885
|switch|p2a: Tyrant's Endgame|Quaquaval, M|100/100
|turn|4
|
|t:|1760827894
|-terastallize|p2a: Tyrant's Endgame|Water
|move|p2a: Tyrant's Endgame|Aqua Step|p1a: Dondozo
|-resisted|p1a: Dondozo
|-damage|p1a: Dondozo|6/100
|-boost|p2a: Tyrant's Endgame|spe|1
|move|p1a: Dondozo|Rest|p1a: Dondozo
|-status|p1a: Dondozo|slp|[from] move: Rest
|-heal|p1a: Dondozo|100/100 slp|[silent]
|
|-weather|Sandstorm|[upkeep]
|-damage|p2a: Tyrant's Endgame|94/100|[from] Sandstorm
|-damage|p1a: Dondozo|94/100 slp|[from] Sandstorm
|upkeep
|turn|5
|inactive|kshuaib734 has 120 seconds left.
|c|☆kshuaib734|tragic
|c| Shawty Lo|you can beat this bot
|c| Shawty Lo|you got this
|
|t:|1760827908
|switch|p2a: Tyrant's Enforcer|Overqwil, F|100/100
|cant|p1a: Dondozo|slp
|
|-weather|none
|upkeep
|turn|6
|c|☆kshuaib734|i hope so hahaha
|inactive|kshuaib734 has 120 seconds left.
|
|t:|1760827917
|move|p2a: Tyrant's Enforcer|Spikes|p1a: Dondozo
|-sidestart|p1: MooFarmer|Spikes
|cant|p1a: Dondozo|slp
|
|upkeep
|turn|7
|inactive|MooFarmer has 60 seconds left.
|inactive|kshuaib734 has 120 seconds left.
|c|☆kshuaib734|if I lose then humanity DIES
|
|t:|1760827932
|move|p2a: Tyrant's Enforcer|Crunch|p1a: Dondozo
|-damage|p1a: Dondozo|77/100 slp
|-curestatus|p1a: Dondozo|slp|[msg]
|move|p1a: Dondozo|Waterfall|p2a: Tyrant's Enforcer
|-damage|p2a: Tyrant's Enforcer|74/100
|-damage|p1a: Dondozo|61/100|[from] item: Rocky Helmet|[of] p2a: Tyrant's Enforcer
|
|upkeep
|turn|8
|c| Shawty Lo|lmoa
|c| Shawty Lo|lmao
|inactive|kshuaib734 has 120 seconds left.
|inactive|MooFarmer has 60 seconds left.
|
|t:|1760827943
|move|p2a: Tyrant's Enforcer|Taunt|p1a: Dondozo
|-start|p1a: Dondozo|move: Taunt
|move|p1a: Dondozo|Waterfall|p2a: Tyrant's Enforcer
|-damage|p2a: Tyrant's Enforcer|45/100
|-damage|p1a: Dondozo|44/100|[from] item: Rocky Helmet|[of] p2a: Tyrant's Enforcer
|
|upkeep
|turn|9
|
|t:|1760827951
|switch|p1a: Corviknight|Corviknight, M|100/100
|-ability|p1a: Corviknight|Pressure
|move|p2a: Tyrant's Enforcer|Crunch|p1a: Corviknight
|-damage|p1a: Corviknight|74/100
|-unboost|p1a: Corviknight|def|1
|-damage|p2a: Tyrant's Enforcer|28/100|[from] item: Rocky Helmet|[of] p1a: Corviknight
|
|upkeep
|turn|10
|
|t:|1760827960
|move|p2a: Tyrant's Enforcer|Taunt|p1a: Corviknight
|-start|p1a: Corviknight|move: Taunt
|cant|p1a: Corviknight|move: Taunt|Defog
|
|upkeep
|turn|11
|
|t:|1760827969
|switch|p1a: Kyurem|Kyurem, tera:Ground|14/100 frz
|-damage|p1a: Kyurem|2/100 frz|[from] Spikes
|-ability|p1a: Kyurem|Pressure
|move|p2a: Tyrant's Enforcer|Crunch|p1a: Kyurem
|-damage|p1a: Kyurem|0 fnt
|faint|p1a: Kyurem
|
|upkeep
|
|t:|1760827977
|switch|p1a: Cinderace|Cinderace, M|100/100
|turn|12
|
|t:|1760827986
|switch|p2a: Tyrant's Downpour|Pelipper, M|100/100
|-weather|RainDance|[from] ability: Drizzle|[of] p2a: Tyrant's Downpour
|move|p1a: Cinderace|Will-O-Wisp|p2a: Tyrant's Downpour
|-status|p2a: Tyrant's Downpour|brn
|
|-weather|RainDance|[upkeep]
|-damage|p2a: Tyrant's Downpour|94/100 brn|[from] brn
|upkeep
|turn|13
|
|t:|1760827996
|move|p1a: Cinderace|Court Change|p1a: Cinderace
|-swapsideconditions
|-activate|p1a: Cinderace|move: Court Change
|move|p2a: Tyrant's Downpour|U-turn|p1a: Cinderace
|-resisted|p1a: Cinderace
|-damage|p1a: Cinderace|98/100
|
|t:|1760828004
|switch|p2a: Tyrant's Vengeance|Kingdra, F|100/100|[from] U-turn
|-damage|p2a: Tyrant's Vengeance|88/100|[from] Spikes
|
|-weather|RainDance|[upkeep]
|upkeep
|turn|14
|inactive|MooFarmer has 90 seconds left.
|j| Ctannn
|inactive|MooFarmer has 60 seconds left.
|
|t:|1760828049
|switch|p1a: Slowking|Slowking-Galar, L99, F|100/100
|move|p2a: Tyrant's Vengeance|Flip Turn|p1a: Slowking
|-damage|p1a: Slowking|75/100
|
|t:|1760828055
|switch|p2a: Tyrant's Endgame|Quaquaval, M, tera:Water|94/100|[from] Flip Turn
|-damage|p2a: Tyrant's Endgame|82/100|[from] Spikes
|
|-weather|RainDance|[upkeep]
|upkeep
|turn|15
|inactive|MooFarmer has 60 seconds left.
|l| any2
|inactive|MooFarmer has 30 seconds left.
|
|t:|1760828099
|switch|p1a: Corviknight|Corviknight, M|74/100
|-ability|p1a: Corviknight|Pressure
|move|p2a: Tyrant's Endgame|Wave Crash|p1a: Corviknight
|-damage|p1a: Corviknight|0 fnt
|-damage|p2a: Tyrant's Endgame|65/100|[from] item: Rocky Helmet|[of] p1a: Corviknight
|faint|p1a: Corviknight
|-ability|p2a: Tyrant's Endgame|Moxie|boost
|-boost|p2a: Tyrant's Endgame|atk|1
|-damage|p2a: Tyrant's Endgame|34/100|[from] Recoil
|
|-weather|RainDance|[upkeep]
|upkeep
|inactive|MooFarmer has 30 seconds left.
|c| Shawty Lo|love it
|
|t:|1760828108
|switch|p1a: Dondozo|Dondozo, F|44/100
|turn|16
|
|t:|1760828117
|switch|p2a: Tyrant's Vengeance|Kingdra, F|88/100
|-damage|p2a: Tyrant's Vengeance|76/100|[from] Spikes
|move|p1a: Dondozo|Rest|p1a: Dondozo
|-status|p1a: Dondozo|slp|[from] move: Rest
|-heal|p1a: Dondozo|100/100 slp|[silent]
|
|-weather|RainDance|[upkeep]
|upkeep
|turn|17
|
|t:|1760828125
|move|p2a: Tyrant's Vengeance|Weather Ball|p1a: Dondozo
|-resisted|p1a: Dondozo
|-damage|p1a: Dondozo|52/100 slp
|cant|p1a: Dondozo|slp
|
|-weather|RainDance|[upkeep]
|upkeep
|turn|18
|
|t:|1760828135
|move|p2a: Tyrant's Vengeance|Weather Ball|p1a: Dondozo
|-resisted|p1a: Dondozo
|-damage|p1a: Dondozo|6/100 slp
|cant|p1a: Dondozo|slp
|
|-weather|RainDance|[upkeep]
|upkeep
|turn|19
|c| Shawty Lo|well you win :)
|c|☆kshuaib734|I DEDICATE THIS WIN TO ALL THE HUMANS OUT THERE
|
|t:|1760828145
|move|p2a: Tyrant's Vengeance|Weather Ball|p1a: Dondozo
|-resisted|p1a: Dondozo
|-damage|p1a: Dondozo|0 fnt
|faint|p1a: Dondozo
|
|-weather|none
|upkeep
|c| Shawty Lo|woo wooooo!
|
|t:|1760828153
|switch|p1a: Slowking|Slowking-Galar, L99, F|100/100
|turn|20
|c| Shawty Lo|*does human dance*
|
|t:|1760828161
|switch|p2a: Tyrant's Legacy|Excadrill, F|100/100
|-damage|p2a: Tyrant's Legacy|88/100|[from] Spikes
|-prepare|p1a: Slowking|Chilly Reception|[premajor]
|move|p1a: Slowking|Chilly Reception|p1a: Slowking
|-weather|Snowscape
|
|t:|1760828170
|switch|p1a: Cinderace|Cinderace, M|98/100|[from] Chilly Reception
|
|-weather|Snowscape|[upkeep]
|upkeep
|turn|21
|inactive|MooFarmer has 60 seconds left.
|
|t:|1760828178
|switch|p1a: Ting-Lu|Ting-Lu|100/100
|-ability|p1a: Ting-Lu|Vessel of Ruin
|switch|p2a: Tyrant's Enforcer|Overqwil, F|28/100
|-damage|p2a: Tyrant's Enforcer|16/100|[from] Spikes
|
|-weather|Snowscape|[upkeep]
|upkeep
|turn|22
|
|t:|1760828187
|move|p2a: Tyrant's Enforcer|Spikes|p1a: Ting-Lu
|-sidestart|p1: MooFarmer|Spikes
|move|p1a: Ting-Lu|Sleep Talk||[still]
|-fail|p1a: Ting-Lu
|
|-weather|Snowscape|[upkeep]
|upkeep
|turn|23
|
|t:|1760828196
|move|p2a: Tyrant's Enforcer|Taunt|p1a: Ting-Lu
|-start|p1a: Ting-Lu|move: Taunt
|cant|p1a: Ting-Lu|move: Taunt|Sleep Talk
|
|-weather|Snowscape|[upkeep]
|upkeep
|turn|24
|
|t:|1760828204
|switch|p1a: Cinderace|Cinderace, M|98/100
|move|p2a: Tyrant's Enforcer|Self-Destruct|p1a: Cinderace
|-damage|p1a: Cinderace|9/100
|faint|p2a: Tyrant's Enforcer
|
|-weather|none
|upkeep
|
|t:|1760828211
|switch|p2a: Tyrant's Downpour|Pelipper, M|94/100 brn
|-weather|RainDance|[from] ability: Drizzle|[of] p2a: Tyrant's Downpour
|turn|25
|
|t:|1760828219
|move|p1a: Cinderace|Pyro Ball|p2a: Tyrant's Downpour
|-resisted|p2a: Tyrant's Downpour
|-damage|p2a: Tyrant's Downpour|81/100 brn
|move|p2a: Tyrant's Downpour|U-turn|p1a: Cinderace
|-resisted|p1a: Cinderace
|-damage|p1a: Cinderace|7/100
|
|t:|1760828225
|switch|p2a: Tyrant's Vengeance|Kingdra, F|76/100|[from] U-turn
|-damage|p2a: Tyrant's Vengeance|63/100|[from] Spikes
|
|-weather|RainDance|[upkeep]
|upkeep
|turn|26
|inactive|MooFarmer has 90 seconds left.
|j| riquelme14
|inactive|MooFarmer has 60 seconds left.
|
|t:|1760828266
|switch|p1a: Ting-Lu|Ting-Lu|100/100
|-damage|p1a: Ting-Lu|88/100|[from] Spikes
|-ability|p1a: Ting-Lu|Vessel of Ruin
|move|p2a: Tyrant's Vengeance|Flip Turn|p1a: Ting-Lu
|-supereffective|p1a: Ting-Lu
|-crit|p1a: Ting-Lu
|-damage|p1a: Ting-Lu|48/100
|
|t:|1760828275
|switch|p2a: Tyrant's Endgame|Quaquaval, M, tera:Water|34/100|[from] Flip Turn
|-damage|p2a: Tyrant's Endgame|22/100|[from] Spikes
|
|-weather|RainDance|[upkeep]
|-heal|p1a: Ting-Lu|54/100|[from] item: Leftovers
|upkeep
|turn|27
|inactive|MooFarmer has 60 seconds left.
|
|t:|1760828315
|switch|p1a: Slowking|Slowking-Galar, L99, F|100/100
|move|p2a: Tyrant's Endgame|Aqua Step|p1a: Slowking
|-damage|p1a: Slowking|0 fnt
|-boost|p2a: Tyrant's Endgame|spe|1
|faint|p1a: Slowking
|-ability|p2a: Tyrant's Endgame|Moxie|boost
|-boost|p2a: Tyrant's Endgame|atk|1
|
|-weather|RainDance|[upkeep]
|upkeep
|
|t:|1760828323
|switch|p1a: Ting-Lu|Ting-Lu|54/100
|-damage|p1a: Ting-Lu|42/100|[from] Spikes
|-ability|p1a: Ting-Lu|Vessel of Ruin
|turn|28
|c| Shawty Lo|its ovah
|
|t:|1760828330
|move|p2a: Tyrant's Endgame|Aqua Step|p1a: Ting-Lu
|-supereffective|p1a: Ting-Lu
|-damage|p1a: Ting-Lu|0 fnt
|-boost|p2a: Tyrant's Endgame|spe|1
|faint|p1a: Ting-Lu
|-ability|p2a: Tyrant's Endgame|Moxie|boost
|-boost|p2a: Tyrant's Endgame|atk|1
|
|-weather|RainDance|[upkeep]
|upkeep
|
|t:|1760828335
|switch|p1a: Cinderace|Cinderace, M|7/100
|turn|29
|
|t:|1760828342
|move|p2a: Tyrant's Endgame|Aqua Jet|p1a: Cinderace
|-supereffective|p1a: Cinderace
|-damage|p1a: Cinderace|0 fnt
|faint|p1a: Cinderace
|
|win|kshuaib734
|raw|MooFarmer's rating: 1863 &rarr; <strong>1845</strong><br />(-18 for losing)
|raw|kshuaib734's rating: 1900 &rarr; <strong>1918</strong><br />(+18 for winning)
|l|☆MooFarmer
|player|p1|
|l| Ctannn
|l| Shawty Lo
|l|☆kshuaib734
|player|p2|
|l| Dhoom Again
|l| Robeadminchiam
