|j|☆YEAAAAAH
|j|☆HZBKAI2
|t:|1760764091
|gametype|singles
|player|p1|YEAAAAAH|burgh|1152
|player|p2|HZBKAI2|266|1118
|gen|9
|tier|[Gen 9] OU
|rated|
|rule|HP Percentage Mod: HP is shown in percentages
|rule|Endless Battle Clause: Forcing endless battles is banned
|rule|Species Clause: Limit one of each Pokémon
|rule|OHKO Clause: OHKO moves are banned
|rule|Evasion Items Clause: Evasion items are banned
|rule|Evasion Moves Clause: Evasion moves are banned
|rule|Evasion Abilities Clause: Evasion abilities are banned
|rule|Sleep Moves Clause: Sleep-inducing moves are banned
|clearpoke
|poke|p1|Manaphy|
|poke|p1|Metagross|
|poke|p1|Iron Boulder|
|poke|p1|Tsareena, F|
|poke|p1|Galvantula, F|
|poke|p1|Typhlosion-Hisui, M|
|poke|p2|Latias, F|
|poke|p2|Ceruledge, M|
|poke|p2|Iron Valiant|
|poke|p2|Moltres-Galar|
|poke|p2|Glimmora, F|
|poke|p2|Scizor, F|
|teampreview
|
|t:|1760764094
|teamsize|p1|6
|teamsize|p2|6
|start
|switch|p1a: Manaphy|Manaphy, shiny|100/100
|switch|p2a: Moltres|Moltres-Galar|100/100
|turn|1
|
|t:|1760764096
|move|p1a: Manaphy|Tail Glow|p1a: Manaphy
|-boost|p1a: Manaphy|spa|3
|move|p2a: Moltres|Fiery Wrath|p1a: Manaphy
|-damage|p1a: Manaphy|61/100
|
|-heal|p1a: Manaphy|67/100|[from] item: Leftovers
|upkeep
|turn|2
|
|t:|1760764100
|move|p1a: Manaphy|Ice Beam|p2a: Moltres
|-supereffective|p2a: Moltres
|-damage|p2a: Moltres|0 fnt
|faint|p2a: Moltres
|
|-heal|p1a: Manaphy|73/100|[from] item: Leftovers
|upkeep
|
|t:|1760764100
|switch|p2a: Ceruledge|Ceruledge, M|100/100
|turn|3
|
|t:|1760764109
|move|p1a: Manaphy|Scald|p2a: Ceruledge
|-supereffective|p2a: Ceruledge
|-enditem|p2a: Ceruledge|Focus Sash
|-damage|p2a: Ceruledge|1/100
|move|p2a: Ceruledge|Poltergeist|p1a: Manaphy
|-activate|p1a: Manaphy|move: Poltergeist|Leftovers
|-damage|p1a: Manaphy|17/100
|
|-heal|p1a: Manaphy|23/100|[from] item: Leftovers
|upkeep
|turn|4
|
|t:|1760764115
|-terastallize|p2a: Ceruledge|Ghost
|move|p1a: Manaphy|Scald|p2a: Ceruledge
|-damage|p2a: Ceruledge|0 fnt
|faint|p2a: Ceruledge
|
|-heal|p1a: Manaphy|29/100|[from] item: Leftovers
|upkeep
|
|t:|1760764115
|switch|p2a: Latias|Latias, F|100/100
|turn|5
|
|t:|1760764122
|move|p1a: Manaphy|Ice Beam|p2a: Latias
|-supereffective|p2a: Latias
|-damage|p2a: Latias|7/100
|-enditem|p2a: Latias|Weakness Policy
|-boost|p2a: Latias|atk|2|[from] item: Weakness Policy
|-boost|p2a: Latias|spa|2|[from] item: Weakness Policy
|move|p2a: Latias|Aura Sphere|p1a: Manaphy
|-damage|p1a: Manaphy|0 fnt
|faint|p1a: Manaphy
|
|upkeep
|
|t:|1760764127
|switch|p1a: Metagross|Metagross, shiny|100/100
|turn|6
|
|t:|1760764128
|move|p1a: Metagross|Bullet Punch|p2a: Latias
|-damage|p2a: Latias|0 fnt
|faint|p2a: Latias
|
|upkeep
|
|t:|1760764128
|switch|p2a: Iron Valiant|Iron Valiant|100/100
|-enditem|p2a: Iron Valiant|Booster Energy
|-activate|p2a: Iron Valiant|ability: Quark Drive|[fromitem]
|-start|p2a: Iron Valiant|quarkdrivespe
|turn|7
|
|t:|1760764131
|move|p2a: Iron Valiant|Shadow Ball|p1a: Metagross
|-supereffective|p1a: Metagross
|-damage|p1a: Metagross|50/100
|-enditem|p1a: Metagross|Weakness Policy
|-boost|p1a: Metagross|atk|2|[from] item: Weakness Policy
|-boost|p1a: Metagross|spa|2|[from] item: Weakness Policy
|move|p1a: Metagross|Agility|p1a: Metagross
|-boost|p1a: Metagross|spe|2
|
|upkeep
|turn|8
|
|t:|1760764134
|move|p2a: Iron Valiant|Shadow Ball|p1a: Metagross
|-supereffective|p1a: Metagross
|-damage|p1a: Metagross|0 fnt
|faint|p1a: Metagross
|
|upkeep
|
|t:|1760764147
|switch|p1a: Galvantula|Galvantula, F, shiny|100/100
|turn|9
|
|t:|1760764148
|move|p2a: Iron Valiant|Moonblast|p1a: Galvantula
|-damage|p1a: Galvantula|17/100
|move|p1a: Galvantula|Thunder Wave|p2a: Iron Valiant
|-status|p2a: Iron Valiant|par
|
|upkeep
|turn|10
|
|t:|1760764151
|move|p1a: Galvantula|Thunder|p2a: Iron Valiant
|-damage|p2a: Iron Valiant|10/100 par
|move|p2a: Iron Valiant|Moonblast|p1a: Galvantula
|-damage|p1a: Galvantula|0 fnt
|faint|p1a: Galvantula
|
|upkeep
|
|t:|1760764154
|switch|p1a: Tsareena|Tsareena, F, shiny|100/100
|turn|11
|
|t:|1760764158
|move|p2a: Iron Valiant|Moonblast|p1a: Tsareena
|-damage|p1a: Tsareena|48/100
|move|p1a: Tsareena|Rapid Spin|p2a: Iron Valiant
|-damage|p2a: Iron Valiant|0 fnt
|-boost|p1a: Tsareena|spe|1
|faint|p2a: Iron Valiant
|-end|p2a: Iron Valiant|Quark Drive|[silent]
|
|upkeep
|
|t:|1760764158
|switch|p2a: Glimmora|Glimmora, F|100/100
|turn|12
|
|t:|1760764165
|switch|p1a: Typhlosion|Typhlosion-Hisui, M, shiny|100/100
|-item|p2a: Glimmora|Power Herb|[from] ability: Frisk|[of] p1a: Typhlosion
|move|p2a: Glimmora|Meteor Beam||[still]
|-prepare|p2a: Glimmora|Meteor Beam
|-boost|p2a: Glimmora|spa|1
|-enditem|p2a: Glimmora|Power Herb
|-anim|p2a: Glimmora|Meteor Beam|p1a: Typhlosion
|-supereffective|p1a: Typhlosion
|-damage|p1a: Typhlosion|0 fnt
|faint|p1a: Typhlosion
|
|upkeep
|
|t:|1760764172
|switch|p1a: Iron Boulder|Iron Boulder|100/100
|-enditem|p1a: Iron Boulder|Booster Energy
|-activate|p1a: Iron Boulder|ability: Quark Drive|[fromitem]
|-start|p1a: Iron Boulder|quarkdrivespe
|turn|13
|
|t:|1760764177
|move|p1a: Iron Boulder|Swords Dance|p1a: Iron Boulder
|-boost|p1a: Iron Boulder|atk|2
|move|p2a: Glimmora|Earth Power|p1a: Iron Boulder
|-supereffective|p1a: Iron Boulder
|-damage|p1a: Iron Boulder|5/100
|
|upkeep
|turn|14
|
|t:|1760764179
|move|p1a: Iron Boulder|Sacred Sword|p2a: Glimmora
|-damage|p2a: Glimmora|28/100
|-activate|p2a: Glimmora|ability: Toxic Debris
|-sidestart|p1: YEAAAAAH|move: Toxic Spikes
|move|p2a: Glimmora|Earth Power|p1a: Iron Boulder
|-supereffective|p1a: Iron Boulder
|-damage|p1a: Iron Boulder|0 fnt
|faint|p1a: Iron Boulder
|-end|p1a: Iron Boulder|Quark Drive|[silent]
|
|upkeep
|
|t:|1760764182
|switch|p1a: Tsareena|Tsareena, F, shiny|48/100
|turn|15
|
|t:|1760764191
|move|p2a: Glimmora|Meteor Beam||[still]
|-prepare|p2a: Glimmora|Meteor Beam
|-boost|p2a: Glimmora|spa|1
|move|p1a: Tsareena|Petal Blizzard|p2a: Glimmora
|-damage|p2a: Glimmora|0 fnt
|-activate|p2a: Glimmora|ability: Toxic Debris
|-sidestart|p1: YEAAAAAH|move: Toxic Spikes
|faint|p2a: Glimmora
|
|upkeep
|
|t:|1760764191
|switch|p2a: Scizor|Scizor, F|100/100
|turn|16
|
|t:|1760764199
|-terastallize|p1a: Tsareena|Fire
|move|p1a: Tsareena|Knock Off|p2a: Scizor
|-damage|p2a: Scizor|59/100
|-enditem|p2a: Scizor|Life Orb|[from] move: Knock Off|[of] p1a: Tsareena
|move|p2a: Scizor|Close Combat|p1a: Tsareena
|-damage|p1a: Tsareena|0 fnt
|-unboost|p2a: Scizor|def|1
|-unboost|p2a: Scizor|spd|1
|faint|p1a: Tsareena
|
|win|HZBKAI2
|raw|YEAAAAAH's rating: 1152 &rarr; <strong>1125</strong><br />(-27 for losing)
|raw|HZBKAI2's rating: 1118 &rarr; <strong>1145</strong><br />(+27 for winning)
|l|☆HZBKAI2
|player|p2|
|l|☆YEAAAAAH
|player|p1|
