|j|☆david2811
|j|☆mr.creep69
|t:|1760762076
|gametype|singles
|player|p1|david2811|hilbert-wonderlauncher|1106
|player|p2|mr.creep69|cynthia|1106
|gen|9
|tier|[Gen 9] OU
|rated|
|rule|HP Percentage Mod: HP is shown in percentages
|rule|Endless Battle Clause: Forcing endless battles is banned
|rule|Species Clause: Limit one of each Pokémon
|rule|OHKO Clause: OHKO moves are banned
|rule|Evasion Items Clause: Evasion items are banned
|rule|Evasion Moves Clause: Evasion moves are banned
|rule|Evasion Abilities Clause: Evasion abilities are banned
|rule|Sleep Moves Clause: Sleep-inducing moves are banned
|clearpoke
|poke|p1|Gliscor, M|
|poke|p1|Krookodile, M|
|poke|p1|Dragonite, M|
|poke|p1|Moltres|
|poke|p1|Torkoal, F|
|poke|p1|Iron Moth|
|poke|p2|Scizor, F|
|poke|p2|Blaziken, M|
|poke|p2|Zapdos|
|poke|p2|Manaphy|
|poke|p2|Dragapult, F|
|poke|p2|Great Tusk|
|teampreview
|inactive|Battle timer is ON: inactive players will automatically lose when time's up. (requested by mr.creep69)
|
|t:|1760762085
|teamsize|p1|6
|teamsize|p2|6
|start
|switch|p1a: Torkoal|Torkoal, F|100/100
|switch|p2a: Stupid bird|Zapdos, shiny|100/100
|-weather|SunnyDay|[from] ability: Drought|[of] p1a: Torkoal
|turn|1
|
|t:|1760762096
|move|p2a: Stupid bird|Tailwind|p2a: Stupid bird
|-sidestart|p2: mr.creep69|move: Tailwind
|move|p1a: Torkoal|Eruption|p2a: Stupid bird
|-damage|p2a: Stupid bird|10/100
|
|-weather|SunnyDay|[upkeep]
|upkeep
|turn|2
|
|t:|1760762104
|move|p2a: Stupid bird|Volt Switch|p1a: Torkoal
|-damage|p1a: Torkoal|53/100
|
|t:|1760762110
|switch|p2a: Bluefacebaby|Manaphy, shiny|100/100|[from] Volt Switch
|move|p1a: Torkoal|Body Slam|p2a: Bluefacebaby
|-damage|p2a: Bluefacebaby|82/100
|
|-weather|SunnyDay|[upkeep]
|upkeep
|turn|3
|
|t:|1760762120
|move|p2a: Bluefacebaby|Tail Glow|p2a: Bluefacebaby
|-boost|p2a: Bluefacebaby|spa|3
|move|p1a: Torkoal|Solar Beam||[still]
|-prepare|p1a: Torkoal|Solar Beam
|-anim|p1a: Torkoal|Solar Beam|p2a: Bluefacebaby
|-supereffective|p2a: Bluefacebaby
|-damage|p2a: Bluefacebaby|18/100
|-enditem|p2a: Bluefacebaby|Salac Berry|[eat]
|-boost|p2a: Bluefacebaby|spe|1|[from] item: Salac Berry
|
|-weather|SunnyDay|[upkeep]
|upkeep
|turn|4
|
|t:|1760762132
|move|p2a: Bluefacebaby|Surf|p1a: Torkoal
|-supereffective|p1a: Torkoal
|-damage|p1a: Torkoal|0 fnt
|faint|p1a: Torkoal
|
|-weather|SunnyDay|[upkeep]
|-sideend|p2: mr.creep69|move: Tailwind
|upkeep
|
|t:|1760762139
|switch|p1a: Dragonite|Dragonite, M|100/100
|turn|5
|
|t:|1760762145
|-terastallize|p1a: Dragonite|Normal
|move|p1a: Dragonite|Extreme Speed|p2a: Bluefacebaby
|-damage|p2a: Bluefacebaby|0 fnt
|faint|p2a: Bluefacebaby
|
|-weather|SunnyDay|[upkeep]
|upkeep
|
|t:|1760762154
|switch|p2a: Stupid bird|Zapdos, shiny|10/100
|turn|6
|
|t:|1760762157
|move|p1a: Dragonite|Extreme Speed|p2a: Stupid bird
|-damage|p2a: Stupid bird|0 fnt
|faint|p2a: Stupid bird
|
|-weather|SunnyDay|[upkeep]
|upkeep
|
|t:|1760762164
|switch|p2a: Skibidi|Dragapult, F, shiny|100/100
|turn|7
|
|t:|1760762172
|move|p2a: Skibidi|Dragon Dance|p2a: Skibidi
|-boost|p2a: Skibidi|atk|1
|-boost|p2a: Skibidi|spe|1
|move|p1a: Dragonite|Dragon Dance|p1a: Dragonite
|-boost|p1a: Dragonite|atk|1
|-boost|p1a: Dragonite|spe|1
|
|-weather|SunnyDay|[upkeep]
|upkeep
|turn|8
|
|t:|1760762183
|move|p2a: Skibidi|Dragon Dance|p2a: Skibidi
|-boost|p2a: Skibidi|atk|1
|-boost|p2a: Skibidi|spe|1
|move|p1a: Dragonite|Dragon Claw|p2a: Skibidi
|-supereffective|p2a: Skibidi
|-damage|p2a: Skibidi|0 fnt
|faint|p2a: Skibidi
|
|-weather|none
|upkeep
|
|t:|1760762194
|switch|p2a: Chciken|Blaziken, M, shiny|100/100
|turn|9
|
|t:|1760762198
|move|p1a: Dragonite|Dragon Claw|p2a: Chciken
|-damage|p2a: Chciken|0 fnt
|faint|p2a: Chciken
|
|upkeep
|
|t:|1760762207
|switch|p2a: Great Tusk|Great Tusk|100/100
|-enditem|p2a: Great Tusk|Booster Energy
|-activate|p2a: Great Tusk|ability: Protosynthesis|[fromitem]
|-start|p2a: Great Tusk|protosynthesisatk
|turn|10
|
|t:|1760762215
|move|p1a: Dragonite|Dragon Claw|p2a: Great Tusk
|-damage|p2a: Great Tusk|54/100
|move|p2a: Great Tusk|Headlong Rush|p1a: Dragonite
|-damage|p1a: Dragonite|60/100
|-unboost|p2a: Great Tusk|def|1
|-unboost|p2a: Great Tusk|spd|1
|
|upkeep
|turn|11
|
|t:|1760762226
|move|p1a: Dragonite|Dragon Claw|p2a: Great Tusk
|-damage|p2a: Great Tusk|0 fnt
|faint|p2a: Great Tusk
|-end|p2a: Great Tusk|Protosynthesis|[silent]
|
|upkeep
|
|t:|1760762231
|switch|p2a: Penile snipper|Scizor, F, shiny|100/100
|turn|12
|
|t:|1760762235
|move|p1a: Dragonite|Extreme Speed|p2a: Penile snipper
|-resisted|p2a: Penile snipper
|-damage|p2a: Penile snipper|63/100
|move|p2a: Penile snipper|Trailblaze|p1a: Dragonite
|-damage|p1a: Dragonite|22/100
|-boost|p2a: Penile snipper|spe|1
|-enditem|p1a: Dragonite|Aguav Berry|[eat]
|-heal|p1a: Dragonite|55/100|[from] item: Aguav Berry
|-damage|p2a: Penile snipper|53/100|[from] item: Life Orb
|
|upkeep
|turn|13
|
|t:|1760762249
|-terastallize|p2a: Penile snipper|Water
|move|p1a: Dragonite|Dragon Dance|p1a: Dragonite
|-boost|p1a: Dragonite|atk|1
|-boost|p1a: Dragonite|spe|1
|move|p2a: Penile snipper|Tera Blast|p1a: Dragonite|[anim] Tera Blast Water
|-damage|p1a: Dragonite|0 fnt
|faint|p1a: Dragonite
|-damage|p2a: Penile snipper|43/100|[from] item: Life Orb
|
|upkeep
|
|t:|1760762262
|switch|p1a: Gliscor|Gliscor, M|100/100
|turn|14
|
|t:|1760762269
|move|p2a: Penile snipper|Tera Blast|p1a: Gliscor|[anim] Tera Blast Water
|-supereffective|p1a: Gliscor
|-damage|p1a: Gliscor|9/100
|-damage|p2a: Penile snipper|33/100|[from] item: Life Orb
|move|p1a: Gliscor|Toxic|p2a: Penile snipper
|-status|p2a: Penile snipper|tox
|
|-damage|p2a: Penile snipper|27/100 tox|[from] psn
|-status|p1a: Gliscor|tox|[from] item: Toxic Orb
|upkeep
|turn|15
|
|t:|1760762285
|move|p2a: Penile snipper|Bullet Punch|p1a: Gliscor
|-damage|p1a: Gliscor|0 fnt
|faint|p1a: Gliscor
|-damage|p2a: Penile snipper|18/100 tox|[from] item: Life Orb
|
|-damage|p2a: Penile snipper|5/100 tox|[from] psn
|upkeep
|
|t:|1760762299
|switch|p1a: Krookodile|Krookodile, M|100/100
|turn|16
|
|t:|1760762304
|move|p2a: Penile snipper|Tera Blast|p1a: Krookodile|[anim] Tera Blast Water
|-supereffective|p1a: Krookodile
|-damage|p1a: Krookodile|0 fnt
|faint|p1a: Krookodile
|-damage|p2a: Penile snipper|0 fnt|[from] item: Life Orb
|faint|p2a: Penile snipper
|
|win|david2811
|raw|david2811's rating: 1106 &rarr; <strong>1131</strong><br />(+25 for winning)
|raw|mr.creep69's rating: 1106 &rarr; <strong>1081</strong><br />(-25 for losing)
|l|☆mr.creep69
|player|p2|
|l|☆david2811
|player|p1|
