|j|☆pickleball rick
|j|☆Cocobreezy
|t:|1760841141
|gametype|singles
|player|p1|pickleball rick|265|1421
|player|p2|Cocobreezy|yellow|1383
|gen|9
|tier|[Gen 9] OU
|rated|
|rule|HP Percentage Mod: HP is shown in percentages
|rule|Endless Battle Clause: Forcing endless battles is banned
|rule|Species Clause: Limit one of each Pokémon
|rule|OHKO Clause: OHKO moves are banned
|rule|Evasion Items Clause: Evasion items are banned
|rule|Evasion Moves Clause: Evasion moves are banned
|rule|Evasion Abilities Clause: Evasion abilities are banned
|rule|Sleep Moves Clause: Sleep-inducing moves are banned
|clearpoke
|poke|p1|Dragonite, M|
|poke|p1|Ting-Lu|
|poke|p1|Iron Moth|
|poke|p1|Iron Valiant|
|poke|p1|Kyurem|
|poke|p1|Gholdengo|
|poke|p2|Primarina, F|
|poke|p2|Keldeo-Resolute|
|poke|p2|Pikachu, M|
|poke|p2|Greninja-*, M|
|poke|p2|Meowscarada, F|
|poke|p2|Pelipper, M|
|teampreview
|inactive|Battle timer is ON: inactive players will automatically lose when time's up. (requested by Cocobreezy)
|
|t:|1760841154
|teamsize|p1|6
|teamsize|p2|6
|start
|switch|p1a: Ting-Lu|Ting-Lu|100/100
|switch|p2a: Pikachu|Pikachu, M|100/100
|-ability|p1a: Ting-Lu|Vessel of Ruin
|turn|1
|
|t:|1760841159
|move|p2a: Pikachu|Fake Out|p1a: Ting-Lu
|-damage|p1a: Ting-Lu|91/100
|-damage|p2a: Pikachu|84/100|[from] item: Rocky Helmet|[of] p1a: Ting-Lu
|cant|p1a: Ting-Lu|flinch
|
|upkeep
|turn|2
|
|t:|1760841170
|switch|p2a: Pelipper|Pelipper, M|100/100
|-weather|RainDance|[from] ability: Drizzle|[of] p2a: Pelipper
|move|p1a: Ting-Lu|Stealth Rock|p2a: Pelipper
|-sidestart|p2: Cocobreezy|move: Stealth Rock
|
|-weather|RainDance|[upkeep]
|upkeep
|turn|3
|
|t:|1760841176
|move|p1a: Ting-Lu|Taunt|p2a: Pelipper
|-start|p2a: Pelipper|move: Taunt
|move|p2a: Pelipper|U-turn|p1a: Ting-Lu
|-supereffective|p1a: Ting-Lu
|-damage|p1a: Ting-Lu|81/100
|-damage|p2a: Pelipper|84/100|[from] item: Rocky Helmet|[of] p1a: Ting-Lu
|
|t:|1760841183
|switch|p2a: Greninja|Greninja, M|100/100|[from] U-turn
|-damage|p2a: Greninja|88/100|[from] Stealth Rock
|
|-weather|RainDance|[upkeep]
|upkeep
|turn|4
|
|t:|1760841191
|switch|p1a: Kyurem|Kyurem|100/100
|-ability|p1a: Kyurem|Pressure
|move|p2a: Greninja|Hydro Pump|p1a: Kyurem|[miss]
|-miss|p2a: Greninja|p1a: Kyurem
|
|-weather|RainDance|[upkeep]
|upkeep
|turn|5
|
|t:|1760841200
|-terastallize|p2a: Greninja|Steel
|move|p2a: Greninja|Dark Pulse|p1a: Kyurem
|-damage|p1a: Kyurem|62/100
|move|p1a: Kyurem|Dragon Dance|p1a: Kyurem
|-boost|p1a: Kyurem|atk|1
|-boost|p1a: Kyurem|spe|1
|
|-weather|RainDance|[upkeep]
|upkeep
|turn|6
|
|t:|1760841210
|-terastallize|p1a: Kyurem|Fire
|move|p1a: Kyurem|Tera Blast|p2a: Greninja|[anim] Tera Blast Fire
|-supereffective|p2a: Greninja
|-damage|p2a: Greninja|0 fnt
|faint|p2a: Greninja
|
|-weather|RainDance|[upkeep]
|upkeep
|
|t:|1760841216
|switch|p2a: Keldeo|Keldeo-Resolute|100/100
|-damage|p2a: Keldeo|94/100|[from] Stealth Rock
|turn|7
|
|t:|1760841218
|move|p1a: Kyurem|Scale Shot|p2a: Keldeo
|-damage|p2a: Keldeo|70/100
|-damage|p2a: Keldeo|44/100
|-damage|p2a: Keldeo|21/100
|-damage|p2a: Keldeo|0 fnt
|faint|p2a: Keldeo
|-hitcount|p2: Keldeo|4
|-unboost|p1a: Kyurem|def|1
|-boost|p1a: Kyurem|spe|1
|
|-weather|RainDance|[upkeep]
|upkeep
|-message|Cocobreezy forfeited.
|
|win|pickleball rick
|raw|pickleball rick's rating: 1421 &rarr; <strong>1439</strong><br />(+18 for winning)
|raw|Cocobreezy's rating: 1383 &rarr; <strong>1365</strong><br />(-18 for losing)
|l|☆Cocobreezy
|player|p2|
|l|☆pickleball rick
|player|p1|
