|j|☆kuraiyagare
|j|☆luxor0545
|t:|1760746209
|gametype|singles
|player|p1|kuraiyagare|mars|1302
|player|p2|luxor0545|1|1338
|gen|9
|tier|[Gen 9] OU
|rated|
|rule|HP Percentage Mod: HP is shown in percentages
|rule|Endless Battle Clause: Forcing endless battles is banned
|rule|Species Clause: Limit one of each Pokémon
|rule|OHKO Clause: OHKO moves are banned
|rule|Evasion Items Clause: Evasion items are banned
|rule|Evasion Moves Clause: Evasion moves are banned
|rule|Evasion Abilities Clause: Evasion abilities are banned
|rule|Sleep Moves Clause: Sleep-inducing moves are banned
|clearpoke
|poke|p1|Bastiodon, F|
|poke|p1|Gardevoir, F|
|poke|p1|Talonflame, M|
|poke|p1|Lokix, F|
|poke|p1|Drifblim, M|
|poke|p1|Serperior, M|
|poke|p2|Samurott-Hisui, M|
|poke|p2|Hydreigon, F|
|poke|p2|Kingambit, F|
|poke|p2|Chandelure, F|
|poke|p2|Mimikyu, F|
|poke|p2|Ting-Lu|
|teampreview
|inactive|Battle timer is ON: inactive players will automatically lose when time's up. (requested by kuraiyagare)
|
|t:|1760746226
|teamsize|p1|6
|teamsize|p2|6
|start
|switch|p1a: avg linux user|Lokix, F|100/100
|switch|p2a: Ting-Lu|Ting-Lu|100/100
|-ability|p2a: Ting-Lu|Vessel of Ruin
|turn|1
|
|t:|1760746233
|move|p1a: avg linux user|First Impression|p2a: Ting-Lu
|-supereffective|p2a: Ting-Lu
|-damage|p2a: Ting-Lu|63/100
|-damage|p1a: avg linux user|84/100|[from] item: Rocky Helmet|[of] p2a: Ting-Lu
|move|p2a: Ting-Lu|Stealth Rock|p1a: avg linux user
|-sidestart|p1: kuraiyagare|move: Stealth Rock
|
|upkeep
|turn|2
|
|t:|1760746243
|move|p1a: avg linux user|Knock Off|p2a: Ting-Lu
|-resisted|p2a: Ting-Lu
|-damage|p2a: Ting-Lu|41/100
|-damage|p1a: avg linux user|67/100|[from] item: Rocky Helmet|[of] p2a: Ting-Lu
|-enditem|p2a: Ting-Lu|Rocky Helmet|[from] move: Knock Off|[of] p1a: avg linux user
|move|p2a: Ting-Lu|Ruination|p1a: avg linux user
|-damage|p1a: avg linux user|34/100
|
|upkeep
|turn|3
|
|t:|1760746256
|move|p1a: avg linux user|Axe Kick|p2a: Ting-Lu|[miss]
|-miss|p1a: avg linux user|p2a: Ting-Lu
|-damage|p1a: avg linux user|0 fnt|[from] highjumpkick
|faint|p1a: avg linux user
|move|p2a: Ting-Lu|Whirlwind|p1: avg linux user|[notarget]
|-fail|p2a: Ting-Lu
|
|upkeep
|
|t:|1760746260
|switch|p1a: Vatra|Talonflame, M|100/100
|turn|4
|
|t:|1760746266
|move|p1a: Vatra|Defog|p2a: Ting-Lu
|-unboost|p2a: Ting-Lu|evasion|1
|-sideend|p1: kuraiyagare|Stealth Rock|[from] move: Defog|[of] p1a: Vatra
|move|p2a: Ting-Lu|Ruination|p1a: Vatra
|-damage|p1a: Vatra|51/100
|
|upkeep
|turn|5
|
|t:|1760746277
|move|p1a: Vatra|Will-O-Wisp|p2a: Ting-Lu
|-status|p2a: Ting-Lu|brn
|move|p2a: Ting-Lu|Stealth Rock|p1a: Vatra
|-sidestart|p1: kuraiyagare|move: Stealth Rock
|
|-damage|p2a: Ting-Lu|34/100 brn|[from] brn
|upkeep
|turn|6
|
|t:|1760746290
|move|p1a: Vatra|Defog|p2a: Ting-Lu
|-unboost|p2a: Ting-Lu|evasion|1
|-sideend|p1: kuraiyagare|Stealth Rock|[from] move: Defog|[of] p1a: Vatra
|move|p2a: Ting-Lu|Whirlwind|p1a: Vatra
|drag|p1a: Drifflim|Drifblim, M|100/100
|
|-damage|p2a: Ting-Lu|28/100 brn|[from] brn
|upkeep
|turn|7
|
|t:|1760746300
|switch|p1a: Vatra|Talonflame, M|51/100
|move|p2a: Ting-Lu|Stealth Rock|p1a: Vatra
|-sidestart|p1: kuraiyagare|move: Stealth Rock
|
|-damage|p2a: Ting-Lu|22/100 brn|[from] brn
|upkeep
|turn|8
|
|t:|1760746308
|switch|p2a: Chandelure|Chandelure, F|100/100
|move|p1a: Vatra|Defog|p2a: Chandelure
|-unboost|p2a: Chandelure|evasion|1
|-sideend|p1: kuraiyagare|Stealth Rock|[from] move: Defog|[of] p1a: Vatra
|
|upkeep
|turn|9
|
|t:|1760746316
|move|p2a: Chandelure|Shadow Ball|p1a: Vatra
|-damage|p1a: Vatra|0 fnt
|faint|p1a: Vatra
|
|upkeep
|inactive|kuraiyagare has 120 seconds left.
|
|t:|1760746363
|switch|p1a: Bastiodon|Bastiodon, F|100/100
|turn|10
|
|t:|1760746373
|switch|p2a: Tormenta China|Samurott-Hisui, M|100/100
|move|p1a: Bastiodon|Stealth Rock|p2a: Tormenta China
|-sidestart|p2: luxor0545|move: Stealth Rock
|
|upkeep
|turn|11
|
|t:|1760746379
|move|p2a: Tormenta China|Ceaseless Edge|p1a: Bastiodon
|-damage|p1a: Bastiodon|77/100
|-sidestart|p1: kuraiyagare|Spikes
|move|p1a: Bastiodon|Roar|p2a: Tormenta China
|drag|p2a: Ting-Lu|Ting-Lu|22/100 brn
|-damage|p2a: Ting-Lu|16/100 brn|[from] Stealth Rock
|-ability|p2a: Ting-Lu|Vessel of Ruin
|
|-damage|p2a: Ting-Lu|9/100 brn|[from] brn
|upkeep
|turn|12
|
|t:|1760746391
|switch|p1a: Serperior|Serperior, M|100/100
|-damage|p1a: Serperior|88/100|[from] Spikes
|move|p2a: Ting-Lu|Stealth Rock|p1a: Serperior
|-sidestart|p1: kuraiyagare|move: Stealth Rock
|
|-damage|p2a: Ting-Lu|3/100 brn|[from] brn
|upkeep
|turn|13
|
|t:|1760746404
|move|p1a: Serperior|Leaf Storm|p2a: Ting-Lu
|-supereffective|p2a: Ting-Lu
|-damage|p2a: Ting-Lu|0 fnt
|-boost|p1a: Serperior|spa|2
|faint|p2a: Ting-Lu
|-heal|p1a: Serperior|88/100|[from] item: Shell Bell|[of] p2: Ting-Lu
|
|upkeep
|
|t:|1760746413
|switch|p2a: Chandelure|Chandelure, F|100/100
|-damage|p2a: Chandelure|76/100|[from] Stealth Rock
|turn|14
|
|t:|1760746419
|move|p2a: Chandelure|Flamethrower|p1a: Serperior
|-supereffective|p1a: Serperior
|-damage|p1a: Serperior|0 fnt
|faint|p1a: Serperior
|
|upkeep
|
|t:|1760746423
|switch|p1a: Gardenia|Gardevoir, F|100/100
|-damage|p1a: Gardenia|88/100|[from] Spikes
|-damage|p1a: Gardenia|76/100|[from] Stealth Rock
|-ability|p1a: Gardenia|Flash Fire|Trace|[from] ability: Trace|[of] p2a: Chandelure
|turn|15
|
|t:|1760746432
|switch|p2a: Tormenta China|Samurott-Hisui, M|100/100
|-damage|p2a: Tormenta China|88/100|[from] Stealth Rock
|move|p1a: Gardenia|Psyshock|p2a: Tormenta China
|-immune|p2a: Tormenta China
|
|upkeep
|turn|16
|
|t:|1760746443
|move|p2a: Tormenta China|Ceaseless Edge|p1a: Gardenia
|-damage|p1a: Gardenia|0 fnt
|-sidestart|p1: kuraiyagare|Spikes
|faint|p1a: Gardenia
|
|upkeep
|-message|kuraiyagare forfeited.
|
|win|luxor0545
|raw|kuraiyagare's rating: 1302 &rarr; <strong>1284</strong><br />(-18 for losing)
|raw|luxor0545's rating: 1338 &rarr; <strong>1356</strong><br />(+18 for winning)
|l|☆kuraiyagare
|player|p1|
|l|☆luxor0545
|player|p2|
