|j|☆Denvertzzz
|j|☆adoptedbabynico
|t:|1760846375
|gametype|singles
|player|p1|Denvertzzz|169|1240
|player|p2|adoptedbabynico|169|1263
|gen|9
|tier|[Gen 9] OU
|rated|
|rule|HP Percentage Mod: HP is shown in percentages
|rule|Endless Battle Clause: Forcing endless battles is banned
|rule|Species Clause: Limit one of each Pokémon
|rule|OHKO Clause: OHKO moves are banned
|rule|Evasion Items Clause: Evasion items are banned
|rule|Evasion Moves Clause: Evasion moves are banned
|rule|Evasion Abilities Clause: Evasion abilities are banned
|rule|Sleep Moves Clause: Sleep-inducing moves are banned
|clearpoke
|poke|p1|Glimmora, M|
|poke|p1|Skeledirge, M|
|poke|p1|Torterra, M|
|poke|p1|Latias, F|
|poke|p1|Oricorio-Pom-Pom, F|
|poke|p1|Cobalion|
|poke|p2|Cinderace, M|
|poke|p2|Kyurem|
|poke|p2|Ogerpon-Wellspring, F|
|poke|p2|Ceruledge, M|
|poke|p2|Enamorus, F|
|poke|p2|Kingambit, M|
|teampreview
|inactive|Battle timer is ON: inactive players will automatically lose when time's up. (requested by adoptedbabynico)
|
|t:|1760846379
|teamsize|p1|6
|teamsize|p2|6
|start
|switch|p1a: Glimmora|Glimmora, M, shiny|100/100
|switch|p2a: Ogerpon|Ogerpon-Wellspring, F|100/100
|turn|1
|
|t:|1760846389
|-terastallize|p1a: Glimmora|Flying
|move|p2a: Ogerpon|Ivy Cudgel|p1a: Glimmora|[anim] Ivy Cudgel Water
|-damage|p1a: Glimmora|27/100
|-activate|p1a: Glimmora|ability: Toxic Debris
|-sidestart|p2: adoptedbabynico|move: Toxic Spikes
|move|p1a: Glimmora|Meteor Beam||[still]
|-prepare|p1a: Glimmora|Meteor Beam
|-boost|p1a: Glimmora|spa|1
|-enditem|p1a: Glimmora|Power Herb
|-anim|p1a: Glimmora|Meteor Beam|p2a: Ogerpon
|-damage|p2a: Ogerpon|0 fnt
|faint|p2a: Ogerpon
|
|upkeep
|
|t:|1760846406
|switch|p2a: Cinderace|Cinderace, M, shiny|100/100
|turn|2
|
|t:|1760846413
|move|p2a: Cinderace|Pyro Ball|p1a: Glimmora
|-damage|p1a: Glimmora|0 fnt
|-activate|p1a: Glimmora|ability: Toxic Debris
|-sidestart|p2: adoptedbabynico|move: Toxic Spikes
|faint|p1a: Glimmora
|
|upkeep
|
|t:|1760846422
|switch|p1a: Skeledirge|Skeledirge, M, shiny|100/100
|-item|p1a: Skeledirge|Air Balloon
|turn|3
|
|t:|1760846429
|move|p2a: Cinderace|Court Change|p2a: Cinderace
|-start|p2a: Cinderace|typechange|Normal|[from] ability: Libero
|-swapsideconditions
|-activate|p2a: Cinderace|move: Court Change
|move|p1a: Skeledirge|Shadow Ball|p2a: Cinderace
|-immune|p2a: Cinderace
|
|upkeep
|turn|4
|
|t:|1760846440
|move|p2a: Cinderace|U-turn|p1a: Skeledirge
|-resisted|p1a: Skeledirge
|-damage|p1a: Skeledirge|97/100
|-enditem|p1a: Skeledirge|Air Balloon
|
|t:|1760846444
|switch|p2a: Kingambit|Kingambit, M, shiny|100/100|[from] U-turn
|-activate|p2a: Kingambit|ability: Supreme Overlord
|-start|p2a: Kingambit|fallen1|[silent]
|-item|p2a: Kingambit|Air Balloon
|move|p1a: Skeledirge|Torch Song|p2a: Kingambit
|-supereffective|p2a: Kingambit
|-damage|p2a: Kingambit|14/100
|-boost|p1a: Skeledirge|spa|1
|-enditem|p2a: Kingambit|Air Balloon
|
|upkeep
|turn|5
|inactive|Denvertzzz has 120 seconds left.
|
|t:|1760846484
|move|p2a: Kingambit|Sucker Punch|p1a: Skeledirge
|-supereffective|p1a: Skeledirge
|-damage|p1a: Skeledirge|36/100
|move|p1a: Skeledirge|Torch Song|p2a: Kingambit
|-supereffective|p2a: Kingambit
|-damage|p2a: Kingambit|0 fnt
|-boost|p1a: Skeledirge|spa|1
|faint|p2a: Kingambit
|-end|p2a: Kingambit|fallen1|[silent]
|
|upkeep
|
|t:|1760846491
|switch|p2a: Ceruledge|Ceruledge, M|100/100
|turn|6
|inactive|Denvertzzz has 120 seconds left.
|
|t:|1760846496
|move|p2a: Ceruledge|Poltergeist||[still]
|-fail|p2a: Ceruledge
|move|p1a: Skeledirge|Shadow Ball|p2a: Ceruledge
|-supereffective|p2a: Ceruledge
|-enditem|p2a: Ceruledge|Focus Sash
|-damage|p2a: Ceruledge|1/100
|-unboost|p2a: Ceruledge|spd|1
|
|upkeep
|turn|7
|
|t:|1760846505
|move|p2a: Ceruledge|Shadow Sneak|p1a: Skeledirge
|-supereffective|p1a: Skeledirge
|-damage|p1a: Skeledirge|6/100
|move|p1a: Skeledirge|Slack Off|p1a: Skeledirge
|-heal|p1a: Skeledirge|56/100
|
|upkeep
|turn|8
|inactive|Denvertzzz has 120 seconds left.
|
|t:|1760846549
|move|p2a: Ceruledge|Swords Dance|p2a: Ceruledge
|-boost|p2a: Ceruledge|atk|2
|move|p1a: Skeledirge|Shadow Ball|p2a: Ceruledge
|-supereffective|p2a: Ceruledge
|-damage|p2a: Ceruledge|0 fnt
|faint|p2a: Ceruledge
|
|upkeep
|
|t:|1760846562
|switch|p2a: Kyurem|Kyurem, shiny|100/100
|-ability|p2a: Kyurem|Pressure
|turn|9
|
|t:|1760846580
|move|p2a: Kyurem|Draco Meteor|p1a: Skeledirge
|-damage|p1a: Skeledirge|0 fnt
|-unboost|p2a: Kyurem|spa|2
|faint|p1a: Skeledirge
|
|upkeep
|inactive|Denvertzzz has 90 seconds left.
|
|t:|1760846592
|switch|p1a: Oricorio|Oricorio-Pom-Pom, F|100/100
|turn|10
|
|t:|1760846599
|switch|p2a: Cinderace|Cinderace, M, shiny|100/100
|move|p1a: Oricorio|Quiver Dance|p1a: Oricorio
|-boost|p1a: Oricorio|spa|1
|-boost|p1a: Oricorio|spd|1
|-boost|p1a: Oricorio|spe|1
|
|upkeep
|turn|11
|inactive|Denvertzzz has 90 seconds left.
|
|t:|1760846634
|move|p1a: Oricorio|Revelation Dance|p2a: Cinderace
|-damage|p2a: Cinderace|4/100
|move|p2a: Cinderace|Pyro Ball|p1a: Oricorio
|-damage|p1a: Oricorio|8/100
|
|upkeep
|turn|12
|
|t:|1760846644
|move|p1a: Oricorio|Revelation Dance|p2a: Cinderace
|-damage|p2a: Cinderace|0 fnt
|faint|p2a: Cinderace
|
|upkeep
|
|t:|1760846649
|switch|p2a: Enamorus|Enamorus, F|100/100
|turn|13
|inactive|Denvertzzz has 90 seconds left.
|inactive|Denvertzzz has 60 seconds left.
|
|t:|1760846686
|move|p2a: Enamorus|Moonblast|p1a: Oricorio
|-crit|p1a: Oricorio
|-damage|p1a: Oricorio|0 fnt
|faint|p1a: Oricorio
|
|upkeep
|inactive|Denvertzzz has 60 seconds left.
|
|t:|1760846693
|switch|p1a: Cobalion|Cobalion|100/100
|turn|14
|inactive|Denvertzzz has 60 seconds left.
|
|t:|1760846714
|move|p2a: Enamorus|Moonblast|p1a: Cobalion
|-damage|p1a: Cobalion|18/100
|move|p1a: Cobalion|Thunder Wave|p2a: Enamorus
|-status|p2a: Enamorus|par
|
|upkeep
|turn|15
|
|t:|1760846724
|move|p1a: Cobalion|Reflect|p1a: Cobalion
|-sidestart|p1: Denvertzzz|Reflect
|move|p2a: Enamorus|Moonblast|p1a: Cobalion
|-damage|p1a: Cobalion|0 fnt
|faint|p1a: Cobalion
|
|upkeep
|
|t:|1760846731
|switch|p1a: Latias|Latias, F, shiny|100/100
|turn|16
|
|t:|1760846736
|move|p1a: Latias|Ice Beam|p2a: Enamorus
|-supereffective|p2a: Enamorus
|-damage|p2a: Enamorus|10/100 par
|move|p2a: Enamorus|Moonblast|p1a: Latias
|-supereffective|p1a: Latias
|-damage|p1a: Latias|1/100
|
|upkeep
|turn|17
|
|t:|1760846745
|move|p1a: Latias|Ice Beam|p2a: Enamorus
|-supereffective|p2a: Enamorus
|-damage|p2a: Enamorus|0 fnt
|faint|p2a: Enamorus
|
|upkeep
|
|t:|1760846747
|switch|p2a: Kyurem|Kyurem, shiny|100/100
|-ability|p2a: Kyurem|Pressure
|turn|18
|
|t:|1760846759
|-terastallize|p2a: Kyurem|Ice
|move|p1a: Latias|Ice Beam|p2a: Kyurem
|-resisted|p2a: Kyurem
|-damage|p2a: Kyurem|85/100
|move|p2a: Kyurem|Ice Beam|p1a: Latias
|-supereffective|p1a: Latias
|-damage|p1a: Latias|0 fnt
|faint|p1a: Latias
|
|upkeep
|
|t:|1760846769
|switch|p1a: Torterra|Torterra, M, shiny|100/100
|-status|p1a: Torterra|tox
|turn|19
|
|t:|1760846777
|move|p2a: Kyurem|Ice Beam|p1a: Torterra
|-supereffective|p1a: Torterra
|-damage|p1a: Torterra|0 fnt
|faint|p1a: Torterra
|
|win|adoptedbabynico
|raw|Denvertzzz's rating: 1263 &rarr; <strong>1238</strong><br />(-25 for losing)
|raw|adoptedbabynico's rating: 1263 &rarr; <strong>1288</strong><br />(+25 for winning)
|l|☆adoptedbabynico
|player|p2|
|l|☆Denvertzzz
|player|p1|
