|j|☆Ziggytear
|j|☆supastishn
|t:|1760775079
|gametype|singles
|player|p1|Ziggytear|101|1298
|player|p2|supastishn|265|1327
|gen|9
|tier|[Gen 9] OU
|rated|
|rule|HP Percentage Mod: HP is shown in percentages
|rule|Endless Battle Clause: Forcing endless battles is banned
|rule|Species Clause: Limit one of each Pokémon
|rule|OHKO Clause: OHKO moves are banned
|rule|Evasion Items Clause: Evasion items are banned
|rule|Evasion Moves Clause: Evasion moves are banned
|rule|Evasion Abilities Clause: Evasion abilities are banned
|rule|Sleep Moves Clause: Sleep-inducing moves are banned
|clearpoke
|poke|p1|Great Tusk|
|poke|p1|Blaziken, M|
|poke|p1|Espeon, M|
|poke|p1|Zapdos-Galar|
|poke|p1|Greninja-*, M|
|poke|p1|Noivern, F|
|poke|p2|Gliscor, M|
|poke|p2|Gholdengo|
|poke|p2|Hoopa-Unbound|
|poke|p2|Cinderace, M|
|poke|p2|Samurott-Hisui, F|
|poke|p2|Zamazenta-*|
|teampreview
|
|t:|1760775113
|teamsize|p1|6
|teamsize|p2|6
|start
|switch|p1a: Espeon|Espeon, M|100/100
|switch|p2a: Samurott|Samurott-Hisui, F|100/100
|turn|1
|
|t:|1760775123
|move|p1a: Espeon|Dazzling Gleam|p2a: Samurott
|-supereffective|p2a: Samurott
|-damage|p2a: Samurott|10/100
|move|p2a: Samurott|Ceaseless Edge|p1a: Espeon
|-supereffective|p1a: Espeon
|-enditem|p1a: Espeon|Focus Sash
|-damage|p1a: Espeon|1/100
|-sidestart|p1: Ziggytear|Spikes
|
|upkeep
|turn|2
|
|t:|1760775137
|move|p2a: Samurott|Aqua Jet|p1a: Espeon
|-damage|p1a: Espeon|0 fnt
|faint|p1a: Espeon
|
|upkeep
|
|t:|1760775148
|switch|p1a: Noivern|Noivern, F|100/100
|turn|3
|
|t:|1760775152
|move|p1a: Noivern|Boomburst|p2a: Samurott
|-damage|p2a: Samurott|0 fnt
|faint|p2a: Samurott
|
|upkeep
|
|t:|1760775183
|switch|p2a: Hoopa|Hoopa-Unbound|100/100
|turn|4
|
|t:|1760775192
|move|p1a: Noivern|Boomburst|p2a: Hoopa
|-damage|p2a: Hoopa|75/100
|move|p2a: Hoopa|Gunk Shot|p1a: Noivern
|-crit|p1a: Noivern
|-damage|p1a: Noivern|12/100
|-status|p1a: Noivern|psn
|
|-damage|p1a: Noivern|0 fnt|[from] psn
|faint|p1a: Noivern
|upkeep
|c|☆supastishn|FAT HOOPA GOES BRRRR
|
|t:|1760775231
|switch|p1a: Zapdos|Zapdos-Galar|100/100
|turn|5
|
|t:|1760775238
|move|p1a: Zapdos|Thunderous Kick|p2a: Hoopa
|-damage|p2a: Hoopa|24/100
|-unboost|p2a: Hoopa|def|1
|move|p2a: Hoopa|Psychic|p1a: Zapdos
|-supereffective|p1a: Zapdos
|-damage|p1a: Zapdos|0 fnt
|faint|p1a: Zapdos
|
|upkeep
|c|☆supastishn|Buh
|
|t:|1760775328
|switch|p1a: Greninja|Greninja, M|100/100
|-damage|p1a: Greninja|88/100|[from] Spikes
|turn|6
|
|t:|1760775339
|move|p1a: Greninja|Water Shuriken|p2a: Hoopa
|-damage|p2a: Hoopa|20/100
|-damage|p2a: Hoopa|15/100
|-damage|p2a: Hoopa|11/100
|-damage|p2a: Hoopa|7/100
|-damage|p2a: Hoopa|3/100
|-hitcount|p2a: Hoopa|5
|move|p2a: Hoopa|Drain Punch|p1a: Greninja
|-supereffective|p1a: Greninja
|-damage|p1a: Greninja|0 fnt
|-heal|p2a: Hoopa|37/100|[from] drain|[of] p1a: Greninja
|faint|p1a: Greninja
|
|upkeep
|
|t:|1760775349
|switch|p1a: Great Tusk|Great Tusk|100/100
|-damage|p1a: Great Tusk|88/100|[from] Spikes
|-enditem|p1a: Great Tusk|Booster Energy
|-activate|p1a: Great Tusk|ability: Protosynthesis|[fromitem]
|-start|p1a: Great Tusk|protosynthesisspe
|turn|7
|c|☆supastishn|OML
|
|t:|1760775354
|move|p1a: Great Tusk|Bulk Up|p1a: Great Tusk
|-boost|p1a: Great Tusk|atk|1
|-boost|p1a: Great Tusk|def|1
|move|p2a: Hoopa|Psychic|p1a: Great Tusk
|-supereffective|p1a: Great Tusk
|-damage|p1a: Great Tusk|0 fnt
|faint|p1a: Great Tusk
|-end|p1a: Great Tusk|Protosynthesis|[silent]
|
|upkeep
|
|t:|1760775360
|switch|p1a: Blaziken|Blaziken, M|100/100
|-damage|p1a: Blaziken|88/100|[from] Spikes
|turn|8
|c|☆supastishn|FAT HOOPA SWEEP GOES WILD
|
|t:|1760775370
|switch|p2a: Zamazenta|Zamazenta|100/100
|-ability|p2a: Zamazenta|Dauntless Shield|boost
|-boost|p2a: Zamazenta|def|1
|move|p1a: Blaziken|Crush Claw|p2a: Zamazenta
|-damage|p2a: Zamazenta|87/100
|-unboost|p2a: Zamazenta|def|1
|
|-heal|p2a: Zamazenta|93/100|[from] item: Leftovers
|-ability|p1a: Blaziken|Speed Boost|boost
|-boost|p1a: Blaziken|spe|1
|upkeep
|turn|9
|
|t:|1760775376
|move|p2a: Zamazenta|Iron Defense|p2a: Zamazenta
|-boost|p2a: Zamazenta|def|2
|move|p1a: Blaziken|Swords Dance|p1a: Blaziken
|-boost|p1a: Blaziken|atk|2
|
|-heal|p2a: Zamazenta|99/100|[from] item: Leftovers
|-ability|p1a: Blaziken|Speed Boost|boost
|-boost|p1a: Blaziken|spe|1
|upkeep
|turn|10
|
|t:|1760775380
|move|p1a: Blaziken|Crush Claw|p2a: Zamazenta
|-damage|p2a: Zamazenta|80/100
|move|p2a: Zamazenta|Iron Defense|p2a: Zamazenta
|-boost|p2a: Zamazenta|def|2
|
|-heal|p2a: Zamazenta|86/100|[from] item: Leftovers
|-ability|p1a: Blaziken|Speed Boost|boost
|-boost|p1a: Blaziken|spe|1
|upkeep
|turn|11
|
|t:|1760775383
|move|p1a: Blaziken|Crush Claw|p2a: Zamazenta
|-damage|p2a: Zamazenta|74/100
|-unboost|p2a: Zamazenta|def|1
|move|p2a: Zamazenta|Iron Defense|p2a: Zamazenta
|-boost|p2a: Zamazenta|def|2
|
|-heal|p2a: Zamazenta|80/100|[from] item: Leftovers
|-ability|p1a: Blaziken|Speed Boost|boost
|-boost|p1a: Blaziken|spe|1
|upkeep
|turn|12
|
|t:|1760775388
|move|p1a: Blaziken|Crush Claw|p2a: Zamazenta
|-damage|p2a: Zamazenta|68/100
|move|p2a: Zamazenta|Body Press|p1a: Blaziken
|-damage|p1a: Blaziken|0 fnt
|faint|p1a: Blaziken
|
|win|supastishn
|raw|Ziggytear's rating: 1298 &rarr; <strong>1275</strong><br />(-23 for losing)
|raw|supastishn's rating: 1327 &rarr; <strong>1345</strong><br />(+18 for winning)
|l|☆supastishn
|player|p2|
|l|☆Ziggytear
|player|p1|
