|j|‽aizen18800
|j|☆Fluffylucario
|t:|1760879259
|gametype|singles
|player|p1|aizen18800|1|1310
|player|p2|Fluffylucario|cynthia|1282
|gen|9
|tier|[Gen 9] OU
|rated|
|rule|HP Percentage Mod: HP is shown in percentages
|rule|Endless Battle Clause: Forcing endless battles is banned
|rule|Species Clause: Limit one of each Pokémon
|rule|OHKO Clause: OHKO moves are banned
|rule|Evasion Items Clause: Evasion items are banned
|rule|Evasion Moves Clause: Evasion moves are banned
|rule|Evasion Abilities Clause: Evasion abilities are banned
|rule|Sleep Moves Clause: Sleep-inducing moves are banned
|clearpoke
|poke|p1|Darkrai|
|poke|p1|Slaking, M|
|poke|p1|Dondozo, M|
|poke|p1|Clodsire, M|
|poke|p1|Blissey, F|
|poke|p1|Corviknight, M|
|poke|p2|Iron Hands|
|poke|p2|Alomomola, F|
|poke|p2|Ting-Lu|
|poke|p2|Corviknight, M|
|poke|p2|Primarina, F|
|poke|p2|Gholdengo|
|teampreview
|inactive|Battle timer is ON: inactive players will automatically lose when time's up. (requested by aizen18800)
|
|t:|1760879266
|teamsize|p1|6
|teamsize|p2|6
|start
|switch|p1a: Clodsire|Clodsire, M|100/100
|switch|p2a: Gholdengo|Gholdengo|100/100
|turn|1
|
|t:|1760879271
|move|p2a: Gholdengo|Substitute|p2a: Gholdengo
|-start|p2a: Gholdengo|Substitute
|-damage|p2a: Gholdengo|75/100
|move|p1a: Clodsire|Earthquake|p2a: Gholdengo
|-supereffective|p2a: Gholdengo
|-crit|p2a: Gholdengo
|-end|p2a: Gholdengo|Substitute
|
|-heal|p2a: Gholdengo|82/100|[from] item: Leftovers
|upkeep
|turn|2
|
|t:|1760879288
|switch|p1a: Slaking|Slaking, M|100/100
|-terastallize|p2a: Gholdengo|Fighting
|move|p2a: Gholdengo|Substitute|p2a: Gholdengo
|-start|p2a: Gholdengo|Substitute
|-damage|p2a: Gholdengo|57/100
|
|-heal|p2a: Gholdengo|63/100|[from] item: Leftovers
|upkeep
|turn|3
|
|t:|1760879297
|move|p1a: Slaking|Giga Impact|p2a: Gholdengo
|-end|p2a: Gholdengo|Substitute
|-mustrecharge|p1a: Slaking
|move|p2a: Gholdengo|Substitute|p2a: Gholdengo
|-start|p2a: Gholdengo|Substitute
|-damage|p2a: Gholdengo|38/100
|
|-heal|p2a: Gholdengo|44/100|[from] item: Leftovers
|upkeep
|turn|4
|
|t:|1760879303
|cant|p1a: Slaking|recharge
|move|p2a: Gholdengo|Nasty Plot|p2a: Gholdengo
|-boost|p2a: Gholdengo|spa|2
|
|-heal|p2a: Gholdengo|50/100|[from] item: Leftovers
|upkeep
|turn|5
|
|t:|1760879309
|switch|p1a: Blissey|Blissey, F|100/100
|move|p2a: Gholdengo|Substitute|p2a: Gholdengo
|-fail|p2a: Gholdengo|move: Substitute
|
|-heal|p2a: Gholdengo|57/100|[from] item: Leftovers
|upkeep
|turn|6
|
|t:|1760879312
|move|p2a: Gholdengo|Nasty Plot|p2a: Gholdengo
|-boost|p2a: Gholdengo|spa|2
|move|p1a: Blissey|Calm Mind|p1a: Blissey
|-boost|p1a: Blissey|spa|1
|-boost|p1a: Blissey|spd|1
|
|-heal|p2a: Gholdengo|63/100|[from] item: Leftovers
|upkeep
|turn|7
|
|t:|1760879318
|move|p2a: Gholdengo|Nasty Plot|p2a: Gholdengo
|-boost|p2a: Gholdengo|spa|2
|move|p1a: Blissey|Calm Mind|p1a: Blissey
|-boost|p1a: Blissey|spa|1
|-boost|p1a: Blissey|spd|1
|
|-heal|p2a: Gholdengo|69/100|[from] item: Leftovers
|upkeep
|turn|8
|
|t:|1760879320
|move|p2a: Gholdengo|Tera Blast|p1a: Blissey|[anim] Tera Blast Fighting
|-supereffective|p1a: Blissey
|-damage|p1a: Blissey|64/100
|move|p1a: Blissey|Calm Mind|p1a: Blissey
|-boost|p1a: Blissey|spa|1
|-boost|p1a: Blissey|spd|1
|
|-heal|p2a: Gholdengo|75/100|[from] item: Leftovers
|-heal|p1a: Blissey|70/100|[from] item: Leftovers
|upkeep
|turn|9
|
|t:|1760879326
|move|p2a: Gholdengo|Tera Blast|p1a: Blissey|[anim] Tera Blast Fighting
|-supereffective|p1a: Blissey
|-damage|p1a: Blissey|39/100
|move|p1a: Blissey|Calm Mind|p1a: Blissey
|-boost|p1a: Blissey|spa|1
|-boost|p1a: Blissey|spd|1
|
|-heal|p2a: Gholdengo|82/100|[from] item: Leftovers
|-heal|p1a: Blissey|45/100|[from] item: Leftovers
|upkeep
|turn|10
|
|t:|1760879330
|move|p2a: Gholdengo|Tera Blast|p1a: Blissey|[anim] Tera Blast Fighting
|-supereffective|p1a: Blissey
|-damage|p1a: Blissey|17/100
|move|p1a: Blissey|Soft-Boiled|p1a: Blissey
|-heal|p1a: Blissey|67/100
|
|-heal|p2a: Gholdengo|88/100|[from] item: Leftovers
|-heal|p1a: Blissey|73/100|[from] item: Leftovers
|upkeep
|turn|11
|
|t:|1760879334
|move|p2a: Gholdengo|Tera Blast|p1a: Blissey|[anim] Tera Blast Fighting
|-supereffective|p1a: Blissey
|-damage|p1a: Blissey|49/100
|move|p1a: Blissey|Calm Mind|p1a: Blissey
|-boost|p1a: Blissey|spa|1
|-boost|p1a: Blissey|spd|1
|
|-heal|p2a: Gholdengo|94/100|[from] item: Leftovers
|-heal|p1a: Blissey|55/100|[from] item: Leftovers
|upkeep
|turn|12
|
|t:|1760879337
|move|p2a: Gholdengo|Tera Blast|p1a: Blissey|[anim] Tera Blast Fighting
|-supereffective|p1a: Blissey
|-damage|p1a: Blissey|33/100
|move|p1a: Blissey|Soft-Boiled|p1a: Blissey
|-heal|p1a: Blissey|83/100
|
|-heal|p2a: Gholdengo|100/100|[from] item: Leftovers
|-heal|p1a: Blissey|89/100|[from] item: Leftovers
|upkeep
|turn|13
|
|t:|1760879340
|move|p2a: Gholdengo|Tera Blast|p1a: Blissey|[anim] Tera Blast Fighting
|-supereffective|p1a: Blissey
|-damage|p1a: Blissey|65/100
|move|p1a: Blissey|Stored Power|p2a: Gholdengo
|-supereffective|p2a: Gholdengo
|-end|p2a: Gholdengo|Substitute
|
|-heal|p1a: Blissey|71/100|[from] item: Leftovers
|upkeep
|turn|14
|
|t:|1760879343
|move|p2a: Gholdengo|Tera Blast|p1a: Blissey|[anim] Tera Blast Fighting
|-supereffective|p1a: Blissey
|-crit|p1a: Blissey
|-damage|p1a: Blissey|0 fnt
|faint|p1a: Blissey
|
|upkeep
|
|t:|1760879354
|switch|p1a: Clodsire|Clodsire, M|100/100
|turn|15
|
|t:|1760879357
|move|p2a: Gholdengo|Substitute|p2a: Gholdengo
|-start|p2a: Gholdengo|Substitute
|-damage|p2a: Gholdengo|75/100
|move|p1a: Clodsire|Toxic|p2a: Gholdengo
|-immune|p2a: Gholdengo|[from] ability: Good as Gold
|
|-heal|p2a: Gholdengo|82/100|[from] item: Leftovers
|upkeep
|turn|16
|
|t:|1760879366
|move|p2a: Gholdengo|Shadow Ball|p1a: Clodsire
|-damage|p1a: Clodsire|81/100
|-unboost|p1a: Clodsire|spd|1
|move|p1a: Clodsire|Earthquake|p2a: Gholdengo
|-end|p2a: Gholdengo|Substitute
|
|-heal|p2a: Gholdengo|88/100|[from] item: Leftovers
|-heal|p1a: Clodsire|87/100|[from] item: Leftovers
|upkeep
|turn|17
|
|t:|1760879374
|move|p2a: Gholdengo|Substitute|p2a: Gholdengo
|-start|p2a: Gholdengo|Substitute
|-damage|p2a: Gholdengo|63/100
|move|p1a: Clodsire|Earthquake|p2a: Gholdengo
|-end|p2a: Gholdengo|Substitute
|
|-heal|p2a: Gholdengo|69/100|[from] item: Leftovers
|-heal|p1a: Clodsire|94/100|[from] item: Leftovers
|upkeep
|turn|18
|
|t:|1760879383
|move|p2a: Gholdengo|Shadow Ball|p1a: Clodsire
|-damage|p1a: Clodsire|67/100
|-unboost|p1a: Clodsire|spd|1
|move|p1a: Clodsire|Earthquake|p2a: Gholdengo
|-damage|p2a: Gholdengo|42/100
|
|-heal|p2a: Gholdengo|48/100|[from] item: Leftovers
|-heal|p1a: Clodsire|73/100|[from] item: Leftovers
|upkeep
|turn|19
|
|t:|1760879390
|move|p2a: Gholdengo|Shadow Ball|p1a: Clodsire
|-crit|p1a: Clodsire
|-damage|p1a: Clodsire|21/100
|move|p1a: Clodsire|Earthquake|p2a: Gholdengo
|-damage|p2a: Gholdengo|23/100
|
|-heal|p2a: Gholdengo|30/100|[from] item: Leftovers
|-heal|p1a: Clodsire|28/100|[from] item: Leftovers
|upkeep
|turn|20
|
|t:|1760879400
|switch|p1a: Slaking|Slaking, M|100/100
|move|p2a: Gholdengo|Shadow Ball|p1a: Slaking
|-immune|p1a: Slaking
|
|-heal|p2a: Gholdengo|36/100|[from] item: Leftovers
|upkeep
|turn|21
|
|t:|1760879407
|switch|p2a: Corviknight|Corviknight, M|100/100
|-ability|p2a: Corviknight|Pressure
|move|p1a: Slaking|Giga Impact|p2a: Corviknight
|-resisted|p2a: Corviknight
|-damage|p2a: Corviknight|63/100
|-mustrecharge|p1a: Slaking
|-damage|p1a: Slaking|84/100|[from] item: Rocky Helmet|[of] p2a: Corviknight
|
|upkeep
|turn|22
|
|t:|1760879415
|cant|p1a: Slaking|recharge
|move|p2a: Corviknight|U-turn|p1a: Slaking
|-damage|p1a: Slaking|73/100
|
|t:|1760879419
|switch|p2a: Alomomola|Alomomola, F|100/100|[from] U-turn
|
|upkeep
|turn|23
|
|t:|1760879425
|switch|p1a: Clodsire|Clodsire, M|28/100
|move|p2a: Alomomola|Protect||[still]
|-fail|p2a: Alomomola
|
|-heal|p1a: Clodsire|34/100|[from] item: Leftovers
|upkeep
|turn|24
|
|t:|1760879434
|switch|p2a: Corviknight|Corviknight, M|63/100
|-ability|p2a: Corviknight|Pressure
|move|p1a: Clodsire|Recover|p1a: Clodsire
|-heal|p1a: Clodsire|84/100
|
|-heal|p1a: Clodsire|90/100|[from] item: Leftovers
|upkeep
|turn|25
|
|t:|1760879442
|switch|p1a: Slaking|Slaking, M|73/100
|move|p2a: Corviknight|Roost|p2a: Corviknight
|-heal|p2a: Corviknight|100/100
|-singleturn|p2a: Corviknight|move: Roost
|
|upkeep
|turn|26
|
|t:|1760879447
|move|p1a: Slaking|Fire Punch|p2a: Corviknight
|-supereffective|p2a: Corviknight
|-damage|p2a: Corviknight|43/100
|-damage|p1a: Slaking|57/100|[from] item: Rocky Helmet|[of] p2a: Corviknight
|move|p2a: Corviknight|U-turn|p1a: Slaking
|-crit|p1a: Slaking
|-damage|p1a: Slaking|40/100
|
|t:|1760879452
|switch|p2a: Alomomola|Alomomola, F|100/100|[from] U-turn
|
|upkeep
|turn|27
|
|t:|1760879462
|switch|p1a: Corviknight|Corviknight, M|100/100
|move|p2a: Alomomola|Wish|p2a: Alomomola
|
|upkeep
|turn|28
|
|t:|1760879468
|move|p1a: Corviknight|Iron Defense|p1a: Corviknight
|-boost|p1a: Corviknight|def|2
|move|p2a: Alomomola|Flip Turn|p1a: Corviknight
|-damage|p1a: Corviknight|94/100
|
|t:|1760879475
|switch|p2a: Iron Hands|Iron Hands|100/100|[from] Flip Turn
|
|-heal|p1a: Corviknight|99/100|[from] item: Leftovers
|upkeep
|turn|29
|
|t:|1760879481
|-terastallize|p1a: Corviknight|Ground
|move|p1a: Corviknight|Iron Defense|p1a: Corviknight
|-boost|p1a: Corviknight|def|2
|move|p2a: Iron Hands|Supercell Slam|p1a: Corviknight
|-immune|p1a: Corviknight
|-damage|p2a: Iron Hands|51/100|[from] supercellslam
|
|-heal|p1a: Corviknight|100/100|[from] item: Leftovers
|upkeep
|turn|30
|
|t:|1760879496
|-end|p2a: Iron Hands|Quark Drive|[silent]
|switch|p2a: Ting-Lu|Ting-Lu|100/100
|-ability|p2a: Ting-Lu|Vessel of Ruin
|move|p1a: Corviknight|Body Press|p2a: Ting-Lu
|-supereffective|p2a: Ting-Lu
|-damage|p2a: Ting-Lu|41/100
|
|-heal|p2a: Ting-Lu|47/100|[from] item: Leftovers
|upkeep
|turn|31
|
|t:|1760879503
|switch|p2a: Alomomola|Alomomola, F|100/100
|move|p1a: Corviknight|Body Press|p2a: Alomomola
|-damage|p2a: Alomomola|72/100
|
|upkeep
|turn|32
|
|t:|1760879511
|switch|p1a: Darkrai|Darkrai|100/100
|move|p2a: Alomomola|Wish|p2a: Alomomola
|
|upkeep
|turn|33
|
|t:|1760879519
|switch|p2a: Ting-Lu|Ting-Lu|47/100
|-ability|p2a: Ting-Lu|Vessel of Ruin
|move|p1a: Darkrai|Nasty Plot|p1a: Darkrai
|-boost|p1a: Darkrai|spa|2
|
|-heal|p2a: Ting-Lu|99/100|[from] move: Wish|[wisher] Alomomola
|-heal|p2a: Ting-Lu|100/100|[from] item: Leftovers
|upkeep
|turn|34
|
|t:|1760879527
|move|p1a: Darkrai|Ice Beam|p2a: Ting-Lu
|-supereffective|p2a: Ting-Lu
|-damage|p2a: Ting-Lu|43/100
|move|p2a: Ting-Lu|Whirlwind|p1a: Darkrai
|drag|p1a: Slaking|Slaking, M|40/100
|
|-heal|p2a: Ting-Lu|50/100|[from] item: Leftovers
|upkeep
|turn|35
|
|t:|1760879536
|switch|p2a: Alomomola|Alomomola, F|100/100
|move|p1a: Slaking|Fire Punch|p2a: Alomomola
|-resisted|p2a: Alomomola
|-damage|p2a: Alomomola|87/100
|-status|p2a: Alomomola|brn
|
|-damage|p2a: Alomomola|81/100 brn|[from] brn
|upkeep
|turn|36
|
|t:|1760879544
|switch|p1a: Darkrai|Darkrai|100/100
|move|p2a: Alomomola|Wish|p2a: Alomomola
|
|-damage|p2a: Alomomola|75/100 brn|[from] brn
|upkeep
|turn|37
|
|t:|1760879549
|move|p1a: Darkrai|Nasty Plot|p1a: Darkrai
|-boost|p1a: Darkrai|spa|2
|move|p2a: Alomomola|Flip Turn|p1a: Darkrai
|-damage|p1a: Darkrai|89/100
|
|t:|1760879560
|switch|p2a: Ting-Lu|Ting-Lu|50/100|[from] Flip Turn
|-ability|p2a: Ting-Lu|Vessel of Ruin
|
|-heal|p2a: Ting-Lu|100/100|[from] move: Wish|[wisher] Alomomola
|upkeep
|turn|38
|
|t:|1760879567
|move|p1a: Darkrai|Ice Beam|p2a: Ting-Lu
|-supereffective|p2a: Ting-Lu
|-damage|p2a: Ting-Lu|48/100
|move|p2a: Ting-Lu|Whirlwind|p1a: Darkrai
|drag|p1a: Clodsire|Clodsire, M|90/100
|
|-heal|p2a: Ting-Lu|54/100|[from] item: Leftovers
|-heal|p1a: Clodsire|96/100|[from] item: Leftovers
|upkeep
|turn|39
|
|t:|1760879573
|switch|p2a: Alomomola|Alomomola, F|100/100 brn
|move|p1a: Clodsire|Toxic||[still]
|-fail|p1a: Clodsire
|
|-heal|p1a: Clodsire|100/100|[from] item: Leftovers
|-damage|p2a: Alomomola|94/100 brn|[from] brn
|upkeep
|turn|40
|
|t:|1760879577
|move|p2a: Alomomola|Wish|p2a: Alomomola
|move|p1a: Clodsire|Toxic Spikes|p2a: Alomomola
|-sidestart|p2: Fluffylucario|move: Toxic Spikes
|
|-damage|p2a: Alomomola|88/100 brn|[from] brn
|upkeep
|turn|41
|
|t:|1760879582
|move|p2a: Alomomola|Flip Turn|p1a: Clodsire
|-supereffective|p1a: Clodsire
|-damage|p1a: Clodsire|83/100
|
|t:|1760879586
|switch|p2a: Corviknight|Corviknight, M|43/100|[from] Flip Turn
|-ability|p2a: Corviknight|Pressure
|move|p1a: Clodsire|Toxic Spikes|p2a: Corviknight
|-sidestart|p2: Fluffylucario|move: Toxic Spikes
|
|-heal|p2a: Corviknight|100/100|[from] move: Wish|[wisher] Alomomola
|-heal|p1a: Clodsire|89/100|[from] item: Leftovers
|upkeep
|turn|42
|n|☆aizen18800|aizen18800
|
|t:|1760879610
|switch|p1a: Dondozo|Dondozo, M|100/100
|move|p2a: Corviknight|Defog|p1a: Dondozo
|-unboost|p1a: Dondozo|evasion|1
|-sideend|p2: Fluffylucario|Toxic Spikes|[from] move: Defog|[of] p2a: Corviknight
|
|upkeep
|turn|43
|
|t:|1760879618
|move|p2a: Corviknight|U-turn|p1a: Dondozo
|-damage|p1a: Dondozo|94/100
|
|t:|1760879621
|switch|p2a: Alomomola|Alomomola, F|100/100 brn|[from] U-turn
|move|p1a: Dondozo|Liquidation|p2a: Alomomola
|-resisted|p2a: Alomomola
|-damage|p2a: Alomomola|93/100 brn
|
|-heal|p1a: Dondozo|99/100|[from] item: Leftovers
|-damage|p2a: Alomomola|87/100 brn|[from] brn
|upkeep
|turn|44
|
|t:|1760879629
|switch|p1a: Slaking|Slaking, M|40/100
|move|p2a: Alomomola|Tickle|p1a: Slaking
|-unboost|p1a: Slaking|atk|1
|-unboost|p1a: Slaking|def|1
|
|-damage|p2a: Alomomola|80/100 brn|[from] brn
|upkeep
|turn|45
|
|t:|1760879650
|move|p1a: Slaking|Thunder Punch|p2a: Alomomola
|-supereffective|p2a: Alomomola
|-damage|p2a: Alomomola|48/100 brn
|move|p2a: Alomomola|Wish|p2a: Alomomola
|
|-damage|p2a: Alomomola|41/100 brn|[from] brn
|upkeep
|turn|46
|
|t:|1760879655
|cant|p1a: Slaking|ability: Truant
|move|p2a: Alomomola|Flip Turn|p1a: Slaking
|-damage|p1a: Slaking|31/100
|
|t:|1760879663
|switch|p2a: Gholdengo|Gholdengo, tera:Fighting|36/100|[from] Flip Turn
|
|-heal|p2a: Gholdengo|100/100|[from] move: Wish|[wisher] Alomomola
|upkeep
|turn|47
|
|t:|1760879669
|switch|p1a: Clodsire|Clodsire, M|89/100
|switch|p2a: Alomomola|Alomomola, F|75/100 brn
|
|-heal|p1a: Clodsire|95/100|[from] item: Leftovers
|-damage|p2a: Alomomola|68/100 brn|[from] brn
|upkeep
|turn|48
|
|t:|1760879675
|move|p2a: Alomomola|Wish|p2a: Alomomola
|move|p1a: Clodsire|Toxic||[still]
|-fail|p1a: Clodsire
|
|-heal|p1a: Clodsire|100/100|[from] item: Leftovers
|-damage|p2a: Alomomola|62/100 brn|[from] brn
|upkeep
|turn|49
|
|t:|1760879683
|move|p2a: Alomomola|Flip Turn|p1a: Clodsire
|-supereffective|p1a: Clodsire
|-damage|p1a: Clodsire|82/100
|
|t:|1760879693
|switch|p2a: Gholdengo|Gholdengo, tera:Fighting|100/100|[from] Flip Turn
|move|p1a: Clodsire|Toxic Spikes|p2a: Gholdengo
|-sidestart|p2: Fluffylucario|move: Toxic Spikes
|
|-heal|p1a: Clodsire|88/100|[from] item: Leftovers
|upkeep
|turn|50
|
|t:|1760879703
|switch|p2a: Corviknight|Corviknight, M|100/100
|-ability|p2a: Corviknight|Pressure
|move|p1a: Clodsire|Earthquake|p2a: Corviknight
|-immune|p2a: Corviknight
|
|-heal|p1a: Clodsire|95/100|[from] item: Leftovers
|upkeep
|turn|51
|
|t:|1760879712
|move|p2a: Corviknight|Defog|p1a: Clodsire
|-unboost|p1a: Clodsire|evasion|1
|-sideend|p2: Fluffylucario|Toxic Spikes|[from] move: Defog|[of] p2a: Corviknight
|move|p1a: Clodsire|Toxic|p2a: Corviknight
|-immune|p2a: Corviknight
|
|-heal|p1a: Clodsire|100/100|[from] item: Leftovers
|upkeep
|turn|52
|
|t:|1760879716
|switch|p1a: Darkrai|Darkrai|89/100
|move|p2a: Corviknight|U-turn|p1a: Darkrai
|-supereffective|p1a: Darkrai
|-damage|p1a: Darkrai|47/100
|
|t:|1760879724
|switch|p2a: Primarina|Primarina, F|100/100|[from] U-turn
|
|upkeep
|turn|53
|
|t:|1760879729
|move|p1a: Darkrai|Sludge Bomb|p2a: Primarina
|-supereffective|p2a: Primarina
|-damage|p2a: Primarina|58/100
|move|p2a: Primarina|Draining Kiss|p1a: Darkrai
|-supereffective|p1a: Darkrai
|-damage|p1a: Darkrai|0 fnt
|-heal|p2a: Primarina|86/100|[from] drain|[of] p1a: Darkrai
|faint|p1a: Darkrai
|
|-heal|p2a: Primarina|92/100|[from] item: Leftovers
|upkeep
|
|t:|1760879739
|switch|p1a: Corviknight|Corviknight, M, tera:Ground|100/100
|turn|54
|l|☆aizen18800
|inactive|aizen18800 disconnected and has a minute to reconnect!
|player|p1|
|inactive|aizen18800 has 30 seconds to reconnect!
|inactive|aizen18800 has 20 seconds to reconnect!
|inactive|aizen18800 has 15 seconds to reconnect!
|inactive|aizen18800 has 10 seconds to reconnect!
|inactive|aizen18800 has 5 seconds to reconnect!
|-message|aizen18800 lost due to inactivity.
|
|win|Fluffylucario
|raw|aizen18800's rating: 1310 &rarr; <strong>1288</strong><br />(-22 for losing)
|raw|Fluffylucario's rating: 1282 &rarr; <strong>1309</strong><br />(+27 for winning)
|l|☆Fluffylucario
|player|p2|
