|badge|p2|bronze|gen9ubers|100-7
|uhtml|medal-msg|<div class="broadcast-blue">Curious what those medals under the avatar are? PS now has Ladder Seasons! For more information, check out the <a href="https://www.smogon.com/forums/threads/3740067/">thread on Smogon.</a></div>
|j|☆Spud Webbs
|j|☆RoaringMoonlight2
|t:|1760806689
|gametype|singles
|player|p1|Spud Webbs|2|1797
|player|p2|RoaringMoonlight2|turo-ai|1731
|gen|9
|tier|[Gen 9] OU
|rated|
|rule|HP Percentage Mod: HP is shown in percentages
|rule|Endless Battle Clause: Forcing endless battles is banned
|rule|Species Clause: Limit one of each Pokémon
|rule|OHKO Clause: OHKO moves are banned
|rule|Evasion Items Clause: Evasion items are banned
|rule|Evasion Moves Clause: Evasion moves are banned
|rule|Evasion Abilities Clause: Evasion abilities are banned
|rule|Sleep Moves Clause: Sleep-inducing moves are banned
|clearpoke
|poke|p1|Ceruledge, F|
|poke|p1|Ninetales, F|
|poke|p1|Enamorus, F|
|poke|p1|Raging Bolt|
|poke|p1|Great Tusk|
|poke|p1|Leavanny, M|
|poke|p2|Glimmora, M|
|poke|p2|Iron Valiant|
|poke|p2|Raging Bolt|
|poke|p2|Ogerpon-Wellspring, F|
|poke|p2|Kingambit, M|
|poke|p2|Ceruledge, M|
|teampreview
|inactive|Battle timer is ON: inactive players will automatically lose when time's up. (requested by RoaringMoonlight2)
|inactive|RoaringMoonlight2 has 120 seconds left.
|j| jsnsddk
|
|t:|1760806723
|teamsize|p1|6
|teamsize|p2|6
|start
|switch|p1a: aint no chump|Great Tusk|100/100
|switch|p2a: Fleur de Cuivre|Glimmora, M|100/100
|turn|1
|l| jsnsddk
|inactive|RoaringMoonlight2 has 120 seconds left.
|
|t:|1760806754
|switch|p2a: Escrameur|Ceruledge, M|100/100
|move|p1a: aint no chump|Close Combat|p2a: Escrameur
|-immune|p2a: Escrameur
|
|upkeep
|turn|2
|
|t:|1760806762
|move|p1a: aint no chump|Headlong Rush|p2a: Escrameur
|-supereffective|p2a: Escrameur
|-enditem|p2a: Escrameur|Focus Sash
|-damage|p2a: Escrameur|1/100
|-unboost|p1a: aint no chump|def|1
|-unboost|p1a: aint no chump|spd|1
|-ability|p2a: Escrameur|Weak Armor|boost
|-unboost|p2a: Escrameur|def|1
|-boost|p2a: Escrameur|spe|2
|-damage|p1a: aint no chump|91/100|[from] item: Life Orb
|move|p2a: Escrameur|Swords Dance|p2a: Escrameur
|-boost|p2a: Escrameur|atk|2
|
|upkeep
|turn|3
|
|t:|1760806773
|-end|p1a: aint no chump|Protosynthesis|[silent]
|switch|p1a: try me bish|Ceruledge, F|100/100
|move|p2a: Escrameur|Bitter Blade|p1a: try me bish
|-start|p1a: try me bish|ability: Flash Fire
|
|upkeep
|turn|4
|
|t:|1760806783
|-terastallize|p1a: try me bish|Fire
|move|p2a: Escrameur|Shadow Sneak|p1a: try me bish
|-damage|p1a: try me bish|48/100
|move|p1a: try me bish|Shadow Sneak|p2a: Escrameur
|-supereffective|p2a: Escrameur
|-damage|p2a: Escrameur|0 fnt
|faint|p2a: Escrameur
|-damage|p1a: try me bish|38/100|[from] item: Life Orb
|
|upkeep
|
|t:|1760806787
|switch|p2a: Fleur de Cuivre|Glimmora, M|100/100
|turn|5
|
|t:|1760806790
|move|p2a: Fleur de Cuivre|Meteor Beam||[still]
|-prepare|p2a: Fleur de Cuivre|Meteor Beam
|-boost|p2a: Fleur de Cuivre|spa|1
|-enditem|p2a: Fleur de Cuivre|Power Herb
|-anim|p2a: Fleur de Cuivre|Meteor Beam|p1a: try me bish
|-supereffective|p1a: try me bish
|-damage|p1a: try me bish|0 fnt
|faint|p1a: try me bish
|
|upkeep
|
|t:|1760806792
|switch|p1a: aint no chump|Great Tusk|91/100
|turn|6
|j| Disscratch
|
|t:|1760806835
|move|p1a: aint no chump|Close Combat|p2a: Fleur de Cuivre
|-damage|p2a: Fleur de Cuivre|6/100
|-unboost|p1a: aint no chump|def|1
|-unboost|p1a: aint no chump|spd|1
|-activate|p2a: Fleur de Cuivre|ability: Toxic Debris
|-sidestart|p1: Spud Webbs|move: Toxic Spikes
|-damage|p1a: aint no chump|81/100|[from] item: Life Orb
|move|p2a: Fleur de Cuivre|Earth Power|p1a: aint no chump
|-damage|p1a: aint no chump|0 fnt
|faint|p1a: aint no chump
|-end|p1a: aint no chump|Protosynthesis|[silent]
|
|upkeep
|
|t:|1760806840
|switch|p1a: fine tales|Ninetales, F|100/100
|-status|p1a: fine tales|psn
|-weather|SunnyDay|[from] ability: Drought|[of] p1a: fine tales
|turn|7
|
|t:|1760806847
|move|p1a: fine tales|Burning Jealousy|p2a: Fleur de Cuivre
|-resisted|p2a: Fleur de Cuivre
|-damage|p2a: Fleur de Cuivre|0 fnt
|faint|p2a: Fleur de Cuivre
|
|-weather|SunnyDay|[upkeep]
|-damage|p1a: fine tales|88/100 psn|[from] psn
|upkeep
|
|t:|1760806853
|switch|p2a: Masqurécage|Ogerpon-Wellspring, F|100/100
|turn|8
|
|t:|1760806856
|move|p2a: Masqurécage|Ivy Cudgel|p1a: fine tales|[anim] Ivy Cudgel Water
|-supereffective|p1a: fine tales
|-damage|p1a: fine tales|16/100 psn
|move|p1a: fine tales|Will-O-Wisp|p2a: Masqurécage
|-status|p2a: Masqurécage|brn
|
|-weather|SunnyDay|[upkeep]
|-damage|p1a: fine tales|4/100 psn|[from] psn
|-damage|p2a: Masqurécage|95/100 brn|[from] brn
|upkeep
|turn|9
|
|t:|1760806865
|switch|p1a: LEAVanny! Get it?|Leavanny, M|100/100
|-status|p1a: LEAVanny! Get it?|psn
|move|p2a: Masqurécage|Ivy Cudgel|p1a: LEAVanny! Get it?|[anim] Ivy Cudgel Water
|-resisted|p1a: LEAVanny! Get it?
|-damage|p1a: LEAVanny! Get it?|90/100 psn
|
|-weather|SunnyDay|[upkeep]
|-damage|p1a: LEAVanny! Get it?|77/100 psn|[from] psn
|-damage|p2a: Masqurécage|89/100 brn|[from] brn
|upkeep
|turn|10
|
|t:|1760806872
|move|p1a: LEAVanny! Get it?|Sticky Web|p2a: Masqurécage
|-sidestart|p2: RoaringMoonlight2|move: Sticky Web
|move|p2a: Masqurécage|Encore|p1a: LEAVanny! Get it?
|-start|p1a: LEAVanny! Get it?|Encore
|
|-weather|SunnyDay|[upkeep]
|-damage|p1a: LEAVanny! Get it?|65/100 psn|[from] psn
|-damage|p2a: Masqurécage|83/100 brn|[from] brn
|upkeep
|turn|11
|
|t:|1760806895
|switch|p1a: fine tales|Ninetales, F|4/100 psn
|move|p2a: Masqurécage|Swords Dance|p2a: Masqurécage
|-boost|p2a: Masqurécage|atk|2
|
|-weather|SunnyDay|[upkeep]
|-damage|p1a: fine tales|0 fnt|[from] psn
|faint|p1a: fine tales
|-damage|p2a: Masqurécage|77/100 brn|[from] brn
|upkeep
|
|t:|1760806900
|switch|p1a: LEAVanny! Get it?|Leavanny, M|65/100 psn
|turn|12
|
|t:|1760806903
|move|p1a: LEAVanny! Get it?|Lunge|p2a: Masqurécage
|-supereffective|p2a: Masqurécage
|-damage|p2a: Masqurécage|0 fnt
|faint|p2a: Masqurécage
|
|-weather|SunnyDay|[upkeep]
|-damage|p1a: LEAVanny! Get it?|53/100 psn|[from] psn
|upkeep
|j| blackgokuking
|inactive|RoaringMoonlight2 has 120 seconds left.
|
|t:|1760806936
|switch|p2a: Raille-Cou|Raging Bolt|100/100
|-activate|p2a: Raille-Cou|move: Sticky Web
|-unboost|p2a: Raille-Cou|spe|1
|-activate|p2a: Raille-Cou|ability: Protosynthesis
|-start|p2a: Raille-Cou|protosynthesisspa
|turn|13
|
|t:|1760806939
|move|p1a: LEAVanny! Get it?|Triple Axel|p2a: Raille-Cou
|-supereffective|p2a: Raille-Cou
|-crit|p2a: Raille-Cou
|-damage|p2a: Raille-Cou|81/100
|-supereffective|p2a: Raille-Cou
|-damage|p2a: Raille-Cou|57/100
|-supereffective|p2a: Raille-Cou
|-damage|p2a: Raille-Cou|17/100
|-hitcount|p2a: Raille-Cou|3
|move|p2a: Raille-Cou|Dragon Pulse|p1a: LEAVanny! Get it?
|-damage|p1a: LEAVanny! Get it?|0 fnt
|faint|p1a: LEAVanny! Get it?
|
|-weather|SunnyDay|[upkeep]
|-heal|p2a: Raille-Cou|23/100|[from] item: Leftovers
|upkeep
|
|t:|1760806943
|switch|p1a: I got you fam|Raging Bolt|100/100
|-status|p1a: I got you fam|psn
|-activate|p1a: I got you fam|ability: Protosynthesis
|-start|p1a: I got you fam|protosynthesisspa
|turn|14
|
|t:|1760806947
|move|p1a: I got you fam|Weather Ball|p2a: Raille-Cou
|-resisted|p2a: Raille-Cou
|-damage|p2a: Raille-Cou|0 fnt
|faint|p2a: Raille-Cou
|-end|p2a: Raille-Cou|Protosynthesis|[silent]
|-damage|p1a: I got you fam|91/100 psn|[from] item: Life Orb
|
|-weather|none
|-end|p1a: I got you fam|Protosynthesis
|-damage|p1a: I got you fam|78/100 psn|[from] psn
|upkeep
|
|t:|1760806952
|switch|p2a: Général 50/50|Kingambit, M|100/100
|-activate|p2a: Général 50/50|move: Sticky Web
|-unboost|p2a: Général 50/50|spe|1
|-activate|p2a: Général 50/50|ability: Supreme Overlord
|-start|p2a: Général 50/50|fallen4|[silent]
|turn|15
|
|t:|1760806955
|move|p1a: I got you fam|Thunderbolt|p2a: Général 50/50
|-damage|p2a: Général 50/50|22/100
|-damage|p1a: I got you fam|68/100 psn|[from] item: Life Orb
|move|p2a: Général 50/50|Kowtow Cleave|p1a: I got you fam
|-damage|p1a: I got you fam|0 fnt
|faint|p1a: I got you fam
|-end|p1a: I got you fam|Protosynthesis|[silent]
|
|upkeep
|
|t:|1760806957
|switch|p1a: free L|Enamorus, F|100/100
|turn|16
|
|t:|1760806961
|move|p2a: Général 50/50|Sucker Punch|p1a: free L
|-resisted|p1a: free L
|-damage|p1a: free L|47/100
|move|p1a: free L|Moonblast|p2a: Général 50/50
|-damage|p2a: Général 50/50|0 fnt
|faint|p2a: Général 50/50
|-end|p2a: Général 50/50|fallen4|[silent]
|
|upkeep
|
|t:|1760806964
|switch|p2a: Terminator|Iron Valiant|100/100
|-activate|p2a: Terminator|move: Sticky Web
|-unboost|p2a: Terminator|spe|1
|-enditem|p2a: Terminator|Booster Energy
|-activate|p2a: Terminator|ability: Quark Drive|[fromitem]
|-start|p2a: Terminator|quarkdrivespa
|turn|17
|
|t:|1760806966
|-terastallize|p2a: Terminator|Steel
|move|p1a: free L|Moonblast|p2a: Terminator
|-resisted|p2a: Terminator
|-damage|p2a: Terminator|55/100
|move|p2a: Terminator|Moonblast|p1a: free L
|-damage|p1a: free L|0 fnt
|faint|p1a: free L
|
|win|RoaringMoonlight2
|raw|Spud Webbs's rating: 1797 &rarr; <strong>1773</strong><br />(-24 for losing)
|raw|RoaringMoonlight2's rating: 1731 &rarr; <strong>1755</strong><br />(+24 for winning)
|l|☆RoaringMoonlight2
|player|p2|
|l|☆Spud Webbs
|player|p1|
|l| Disscratch
|l| blackgokuking
