|j|☆vitasentinel
|j|☆Bap1223
|t:|1760814955
|gametype|singles
|player|p1|vitasentinel|101|
|player|p2|Bap1223|gambler|
|gen|9
|tier|[Gen 9] OU
|rule|HP Percentage Mod: HP is shown in percentages
|rule|Endless Battle Clause: Forcing endless battles is banned
|rule|Species Clause: Limit one of each Pokémon
|rule|OHKO Clause: OHKO moves are banned
|rule|Evasion Items Clause: Evasion items are banned
|rule|Evasion Moves Clause: Evasion moves are banned
|rule|Evasion Abilities Clause: Evasion abilities are banned
|rule|Sleep Moves Clause: Sleep-inducing moves are banned
|clearpoke
|poke|p1|Glimmora, F|
|poke|p1|Iron Crown|
|poke|p1|Azumarill, F|
|poke|p1|Ogerpon-Wellspring, F|
|poke|p1|Thundurus-Therian, M|
|poke|p1|Salamence, M|
|poke|p2|Heatran, F|
|poke|p2|Garganacl, M|
|poke|p2|Decidueye-Hisui, M|
|poke|p2|Ting-Lu|
|poke|p2|Dragonite, F|
|poke|p2|Dragalge, F|
|teampreview
|inactive|Battle timer is ON: inactive players will automatically lose when time's up. (requested by vitasentinel)
|inactiveoff|Battle timer is now OFF.
|j| lethsov
|c|☆Bap1223|pas la même team xD
|c|☆Bap1223|ya trop de truc danger pour moi
|c|☆vitasentinel|mddrrrr
|c|☆vitasentinel|j'ai pas encore sorti ma team de l'enfer
|c|☆vitasentinel|je sais pas si t'as eu les echo de la final de celle du tournoi d'avant
|c|☆Bap1223|j'était sur le live tkt
|j| Rionecnirp
|c|☆Bap1223|je cherche un gameplan pour me sauvé la vie
|c|☆vitasentinel|glhf
|c|☆Bap1223|Bon ben GL !
|
|t:|1760815463
|teamsize|p1|6
|teamsize|p2|6
|start
|switch|p1a: Iron Crown|Iron Crown|100/100
|switch|p2a: Brun bien coulant|Heatran, F|100/100
|turn|1
|
|t:|1760815503
|-end|p1a: Iron Crown|Quark Drive|[silent]
|switch|p1a: Salamence|Salamence, M|100/100
|move|p2a: Brun bien coulant|Will-O-Wisp|p1a: Salamence
|-status|p1a: Salamence|brn
|
|-damage|p1a: Salamence|94/100 brn|[from] brn
|upkeep
|turn|2
|
|t:|1760815516
|switch|p2a: Brun ??|Dragonite, F|100/100
|move|p1a: Salamence|Dragon Dance|p1a: Salamence
|-boost|p1a: Salamence|atk|1
|-boost|p1a: Salamence|spe|1
|
|-damage|p1a: Salamence|88/100 brn|[from] brn
|upkeep
|turn|3
|
|t:|1760815528
|move|p1a: Salamence|Dragon Dance|p1a: Salamence
|-boost|p1a: Salamence|atk|1
|-boost|p1a: Salamence|spe|1
|move|p2a: Brun ??|Ice Spinner|p1a: Salamence
|-supereffective|p1a: Salamence
|-damage|p1a: Salamence|0 fnt
|faint|p1a: Salamence
|
|upkeep
|
|t:|1760815534
|switch|p1a: Azumarill|Azumarill, F|100/100
|turn|4
|
|t:|1760815547
|switch|p2a: Brun bien visqueux|Dragalge, F|100/100
|move|p1a: Azumarill|Belly Drum|p1a: Azumarill
|-damage|p1a: Azumarill|50/100
|-setboost|p1a: Azumarill|atk|6|[from] move: Belly Drum
|-enditem|p1a: Azumarill|Sitrus Berry|[eat]
|-heal|p1a: Azumarill|75/100|[from] item: Sitrus Berry
|
|upkeep
|turn|5
|
|t:|1760815573
|move|p2a: Brun bien visqueux|Sludge Bomb|p1a: Azumarill
|-supereffective|p1a: Azumarill
|-damage|p1a: Azumarill|0 fnt
|faint|p1a: Azumarill
|
|upkeep
|
|t:|1760815582
|switch|p1a: Iron Crown|Iron Crown|100/100
|turn|6
|
|t:|1760815588
|move|p1a: Iron Crown|Future Sight|p2a: Brun bien visqueux
|-start|p1a: Iron Crown|move: Future Sight
|move|p2a: Brun bien visqueux|Flip Turn|p1a: Iron Crown
|-damage|p1a: Iron Crown|89/100
|
|t:|1760815593
|switch|p2a: Brun bien coulant|Heatran, F|100/100|[from] Flip Turn
|
|upkeep
|turn|7
|
|t:|1760815601
|move|p1a: Iron Crown|Volt Switch|p2a: Brun bien coulant
|-damage|p2a: Brun bien coulant|86/100
|
|t:|1760815604
|-end|p1a: Iron Crown|Quark Drive|[silent]
|switch|p1a: Glimmora|Glimmora, F|100/100|[from] Volt Switch
|move|p2a: Brun bien coulant|Magma Storm|p1a: Glimmora
|-resisted|p1a: Glimmora
|-damage|p1a: Glimmora|70/100
|-activate|p1a: Glimmora|move: Magma Storm|[of] p2a: Brun bien coulant
|
|-heal|p2a: Brun bien coulant|92/100|[from] item: Leftovers
|-damage|p1a: Glimmora|58/100|[from] move: Magma Storm|[partiallytrapped]
|upkeep
|turn|8
|
|t:|1760815616
|move|p1a: Glimmora|Earth Power|p2a: Brun bien coulant
|-supereffective|p2a: Brun bien coulant
|-damage|p2a: Brun bien coulant|19/100
|move|p2a: Brun bien coulant|Magma Storm|p1a: Glimmora
|-resisted|p1a: Glimmora
|-damage|p1a: Glimmora|27/100
|
|-end|p2a: Brun bien coulant|move: Future Sight
|-resisted|p2a: Brun bien coulant
|-damage|p2a: Brun bien coulant|0 fnt
|faint|p2a: Brun bien coulant
|-end|p1a: Glimmora|Magma Storm|[partiallytrapped]|[silent]
|upkeep
|
|t:|1760815652
|switch|p2a: Brun bien mou|Ting-Lu|100/100
|-ability|p2a: Brun bien mou|Vessel of Ruin
|turn|9
|
|t:|1760815660
|move|p1a: Glimmora|Stealth Rock|p2a: Brun bien mou
|-sidestart|p2: Bap1223|move: Stealth Rock
|move|p2a: Brun bien mou|Earthquake|p1a: Glimmora
|-supereffective|p1a: Glimmora
|-damage|p1a: Glimmora|0 fnt
|-activate|p1a: Glimmora|ability: Toxic Debris
|-sidestart|p2: Bap1223|move: Toxic Spikes
|faint|p1a: Glimmora
|
|upkeep
|
|t:|1760815664
|switch|p1a: Ogerpon|Ogerpon-Wellspring, F|100/100
|turn|10
|
|t:|1760815672
|move|p1a: Ogerpon|Swords Dance|p1a: Ogerpon
|-boost|p1a: Ogerpon|atk|2
|move|p2a: Brun bien mou|Ruination|p1a: Ogerpon
|-damage|p1a: Ogerpon|51/100
|
|upkeep
|turn|11
|
|t:|1760815679
|move|p1a: Ogerpon|Ivy Cudgel|p2a: Brun bien mou|[anim] Ivy Cudgel Water
|-supereffective|p2a: Brun bien mou
|-damage|p2a: Brun bien mou|0 fnt
|faint|p2a: Brun bien mou
|
|upkeep
|
|t:|1760815682
|switch|p2a: Brun ??|Dragonite, F|100/100
|turn|12
|
|t:|1760815689
|-terastallize|p2a: Brun ??|Normal
|move|p2a: Brun ??|Extreme Speed|p1a: Ogerpon
|-damage|p1a: Ogerpon|0 fnt
|faint|p1a: Ogerpon
|
|upkeep
|
|t:|1760815694
|switch|p1a: Iron Crown|Iron Crown|89/100
|turn|13
|
|t:|1760815698
|move|p1a: Iron Crown|Future Sight|p2a: Brun ??
|-start|p1a: Iron Crown|move: Future Sight
|move|p2a: Brun ??|Earthquake|p1a: Iron Crown
|-supereffective|p1a: Iron Crown
|-damage|p1a: Iron Crown|0 fnt
|faint|p1a: Iron Crown
|-end|p1a: Iron Crown|Quark Drive|[silent]
|
|upkeep
|
|t:|1760815701
|switch|p1a: Thundurus|Thundurus-Therian, M|100/100
|turn|14
|
|t:|1760815709
|move|p1a: Thundurus|Thunderbolt|p2a: Brun ??
|-damage|p2a: Brun ??|61/100
|move|p2a: Brun ??|Ice Spinner|p1a: Thundurus
|-supereffective|p1a: Thundurus
|-crit|p1a: Thundurus
|-damage|p1a: Thundurus|0 fnt
|faint|p1a: Thundurus
|
|win|Bap1223
|c|☆Bap1223|GG
|c|☆vitasentinel|gg
|c|☆Bap1223|t'as un peu trop de pkm de setup jtrouve
|c|☆Bap1223|pas assez de tanky/pivot
|c|☆vitasentinel|une hyper offense
|c|☆vitasentinel|j'ai mal jouer aussi
|c|☆Bap1223|tranquille pas de pb
|l|☆vitasentinel
|player|p1|
|c|☆Bap1223|mais je vois pas comment j'ai dépassez azumarill
|l|☆Bap1223
|player|p2|
