|j|☆ItsMrstealyourrank
|j|☆Megumin's Husband
|t:|1760827584
|gametype|singles
|player|p1|ItsMrstealyourrank|brawly|1697
|player|p2|Megumin's Husband|alder|1773
|gen|9
|tier|[Gen 9] OU
|rated|
|rule|HP Percentage Mod: HP is shown in percentages
|rule|Endless Battle Clause: Forcing endless battles is banned
|rule|Species Clause: Limit one of each Pokémon
|rule|OHKO Clause: OHKO moves are banned
|rule|Evasion Items Clause: Evasion items are banned
|rule|Evasion Moves Clause: Evasion moves are banned
|rule|Evasion Abilities Clause: Evasion abilities are banned
|rule|Sleep Moves Clause: Sleep-inducing moves are banned
|clearpoke
|poke|p1|Ninetales-Alola, M|
|poke|p1|Klefki, F|
|poke|p1|Maushold-Four|
|poke|p1|Latias, F|
|poke|p1|Kyurem|
|poke|p1|Thundurus-Therian, M|
|poke|p2|Pecharunt|
|poke|p2|Primarina, F|
|poke|p2|Heatran, F|
|poke|p2|Great Tusk|
|poke|p2|Weavile, F|
|poke|p2|Ogerpon, F|
|teampreview
|inactive|Battle timer is ON: inactive players will automatically lose when time's up. (requested by ItsMrstealyourrank)
|
|t:|1760827606
|teamsize|p1|6
|teamsize|p2|6
|start
|switch|p1a: Klefki|Klefki, F|100/100
|switch|p2a: Dolores|Heatran, F, shiny|100/100
|-item|p2a: Dolores|Air Balloon
|turn|1
|
|t:|1760827609
|move|p1a: Klefki|Light Screen|p1a: Klefki
|-sidestart|p1: ItsMrstealyourrank|move: Light Screen
|move|p2a: Dolores|Lava Plume|p1a: Klefki
|-supereffective|p1a: Klefki
|-damage|p1a: Klefki|63/100
|-status|p1a: Klefki|brn
|
|-damage|p1a: Klefki|57/100 brn|[from] brn
|upkeep
|turn|2
|
|t:|1760827615
|move|p1a: Klefki|Thunder Wave|p2a: Dolores
|-status|p2a: Dolores|par
|move|p2a: Dolores|Stealth Rock|p1a: Klefki
|-sidestart|p1: ItsMrstealyourrank|move: Stealth Rock
|
|-damage|p1a: Klefki|50/100 brn|[from] brn
|upkeep
|turn|3
|
|t:|1760827617
|move|p1a: Klefki|Reflect|p1a: Klefki
|-sidestart|p1: ItsMrstealyourrank|Reflect
|move|p2a: Dolores|Lava Plume|p1a: Klefki
|-supereffective|p1a: Klefki
|-damage|p1a: Klefki|8/100 brn
|
|-damage|p1a: Klefki|2/100 brn|[from] brn
|upkeep
|turn|4
|
|t:|1760827637
|move|p1a: Klefki|Spikes|p2a: Dolores
|-sidestart|p2: Megumin's Husband|Spikes
|move|p2a: Dolores|Lava Plume|p1a: Klefki
|-supereffective|p1a: Klefki
|-damage|p1a: Klefki|0 fnt
|faint|p1a: Klefki
|
|upkeep
|
|t:|1760827640
|switch|p1a: Thundurus|Thundurus-Therian, M|100/100
|turn|5
|
|t:|1760827647
|move|p1a: Thundurus|Nasty Plot|p1a: Thundurus
|-boost|p1a: Thundurus|spa|2
|move|p2a: Dolores|Power Gem|p1a: Thundurus
|-supereffective|p1a: Thundurus
|-damage|p1a: Thundurus|72/100
|
|upkeep
|turn|6
|
|t:|1760827651
|move|p1a: Thundurus|Agility|p1a: Thundurus
|-boost|p1a: Thundurus|spe|2
|move|p2a: Dolores|Power Gem|p1a: Thundurus
|-supereffective|p1a: Thundurus
|-crit|p1a: Thundurus
|-damage|p1a: Thundurus|0 fnt
|faint|p1a: Thundurus
|
|upkeep
|c|☆ItsMrstealyourrank|lmfao
|
|t:|1760827660
|switch|p1a: Maushold|Maushold-Four|100/100
|-damage|p1a: Maushold|88/100|[from] Stealth Rock
|turn|7
|c|☆ItsMrstealyourrank|fuckin gfreat para
|
|t:|1760827668
|switch|p2a: Froag|Pecharunt|100/100
|-damage|p2a: Froag|88/100|[from] Spikes
|move|p1a: Maushold|Tidy Up|p1a: Maushold
|-sideend|p1: ItsMrstealyourrank|Stealth Rock
|-sideend|p2: Megumin's Husband|Spikes
|-activate|p1a: Maushold|move: Tidy Up
|-boost|p1a: Maushold|atk|1
|-boost|p1a: Maushold|spe|1
|
|upkeep
|turn|8
|
|t:|1760827678
|move|p1a: Maushold|Bite|p2a: Froag
|-supereffective|p2a: Froag
|-damage|p2a: Froag|55/100
|-damage|p1a: Maushold|72/100|[from] item: Rocky Helmet|[of] p2a: Froag
|move|p2a: Froag|Malignant Chain|p1a: Maushold
|-damage|p1a: Maushold|52/100
|
|-sideend|p1: ItsMrstealyourrank|move: Light Screen
|upkeep
|turn|9
|
|t:|1760827686
|move|p1a: Maushold|Encore|p2a: Froag
|-start|p2a: Froag|Encore
|move|p2a: Froag|Malignant Chain|p1a: Maushold
|-damage|p1a: Maushold|12/100
|-status|p1a: Maushold|tox
|-start|p1a: Maushold|confusion|[from] ability: Poison Puppeteer|[of] p2a: Froag
|
|-damage|p1a: Maushold|6/100 tox|[from] psn
|upkeep
|turn|10
|
|t:|1760827693
|switch|p1a: Ninetales|Ninetales-Alola, M|100/100
|-weather|Snowscape|[from] ability: Snow Warning|[of] p1a: Ninetales
|move|p2a: Froag|Malignant Chain|p1a: Ninetales
|-supereffective|p1a: Ninetales
|-damage|p1a: Ninetales|22/100
|
|-weather|Snowscape|[upkeep]
|-sideend|p1: ItsMrstealyourrank|Reflect
|upkeep
|turn|11
|
|t:|1760827696
|move|p1a: Ninetales|Aurora Veil|p1a: Ninetales
|-sidestart|p1: ItsMrstealyourrank|move: Aurora Veil
|move|p2a: Froag|Malignant Chain|p1a: Ninetales
|-supereffective|p1a: Ninetales
|-damage|p1a: Ninetales|0 fnt
|faint|p1a: Ninetales
|
|-weather|Snowscape|[upkeep]
|-end|p2a: Froag|Encore
|upkeep
|
|t:|1760827700
|switch|p1a: Latias|Latias, F|100/100
|turn|12
|
|t:|1760827711
|-terastallize|p1a: Latias|Steel
|move|p1a: Latias|Agility|p1a: Latias
|-boost|p1a: Latias|spe|2
|move|p2a: Froag|Malignant Chain|p1a: Latias
|-immune|p1a: Latias
|
|-weather|Snowscape|[upkeep]
|upkeep
|turn|13
|
|t:|1760827713
|move|p1a: Latias|Calm Mind|p1a: Latias
|-boost|p1a: Latias|spa|1
|-boost|p1a: Latias|spd|1
|move|p2a: Froag|Parting Shot|p1a: Latias
|-unboost|p1a: Latias|atk|1
|-unboost|p1a: Latias|spa|1
|
|t:|1760827722
|switch|p2a: Nacho|Great Tusk|100/100|[from] Parting Shot
|
|-weather|Snowscape|[upkeep]
|upkeep
|turn|14
|
|t:|1760827724
|move|p1a: Latias|Calm Mind|p1a: Latias
|-boost|p1a: Latias|spa|1
|-boost|p1a: Latias|spd|1
|move|p2a: Nacho|Headlong Rush|p1a: Latias
|-immune|p1a: Latias|[from] ability: Levitate
|
|-weather|none
|upkeep
|turn|15
|-message|Megumin's Husband forfeited.
|
|win|ItsMrstealyourrank
|raw|ItsMrstealyourrank's rating: 1697 &rarr; <strong>1721</strong><br />(+24 for winning)
|raw|Megumin&apos;s Husband's rating: 1773 &rarr; <strong>1749</strong><br />(-24 for losing)
|l|☆Megumin's Husband
|player|p2|
|l|☆ItsMrstealyourrank
|player|p1|
