|j|☆Palafin Paladin
|j|☆chaosdot1
|t:|1760823590
|gametype|singles
|player|p1|Palafin Paladin|marlon|1325
|player|p2|chaosdot1|265|1221
|gen|9
|tier|[Gen 9] OU
|rated|
|rule|HP Percentage Mod: HP is shown in percentages
|rule|Endless Battle Clause: Forcing endless battles is banned
|rule|Species Clause: Limit one of each Pokémon
|rule|OHKO Clause: OHKO moves are banned
|rule|Evasion Items Clause: Evasion items are banned
|rule|Evasion Moves Clause: Evasion moves are banned
|rule|Evasion Abilities Clause: Evasion abilities are banned
|rule|Sleep Moves Clause: Sleep-inducing moves are banned
|clearpoke
|poke|p1|Toxtricity, M|
|poke|p1|Barraskewda, F|
|poke|p1|Bellossom, F|
|poke|p1|Copperajah, M|
|poke|p1|Flygon, M|
|poke|p1|Hitmontop, M|
|poke|p2|Primarina, M|
|poke|p2|Great Tusk|
|poke|p2|Kingambit, M|
|poke|p2|Slowking-Galar, M|
|poke|p2|Ogerpon, F|
|poke|p2|Enamorus, F|
|teampreview
|inactive|Battle timer is ON: inactive players will automatically lose when time's up. (requested by Palafin Paladin)
|
|t:|1760823615
|teamsize|p1|6
|teamsize|p2|6
|start
|switch|p1a: Toxtricity|Toxtricity, M|100/100
|switch|p2a: Behemoth|Great Tusk, shiny|100/100
|turn|1
|
|t:|1760823620
|move|p1a: Toxtricity|Boomburst|p2a: Behemoth
|-damage|p2a: Behemoth|3/100
|move|p2a: Behemoth|Headlong Rush|p1a: Toxtricity
|-supereffective|p1a: Toxtricity
|-damage|p1a: Toxtricity|0 fnt
|-unboost|p2a: Behemoth|def|1
|-unboost|p2a: Behemoth|spd|1
|faint|p1a: Toxtricity
|
|upkeep
|
|t:|1760823626
|switch|p1a: Barraskewda|Barraskewda, F|100/100
|turn|2
|
|t:|1760823656
|-end|p2a: Behemoth|Protosynthesis|[silent]
|switch|p2a: Celestine|Primarina, M, shiny|100/100
|move|p1a: Barraskewda|Flip Turn|p2a: Celestine
|-resisted|p2a: Celestine
|-damage|p2a: Celestine|68/100
|
|t:|1760823662
|switch|p1a: Copperajah|Copperajah, M, shiny|100/100|[from] Flip Turn
|
|-heal|p2a: Celestine|74/100|[from] item: Leftovers
|upkeep
|turn|3
|inactive|chaosdot1 has 120 seconds left.
|
|t:|1760823688
|switch|p2a: Behemoth|Great Tusk, shiny|3/100
|move|p1a: Copperajah|Iron Head|p2a: Behemoth
|-damage|p2a: Behemoth|0 fnt
|-damage|p1a: Copperajah|84/100|[from] item: Rocky Helmet|[of] p2a: Behemoth
|faint|p2a: Behemoth
|-end|p2a: Behemoth|Protosynthesis|[silent]
|
|upkeep
|
|t:|1760823698
|switch|p2a: Mantra|Slowking-Galar, M, shiny|100/100
|turn|4
|
|t:|1760823700
|move|p1a: Copperajah|Iron Head|p2a: Mantra
|-damage|p2a: Mantra|42/100
|move|p2a: Mantra|Flamethrower|p1a: Copperajah
|-supereffective|p1a: Copperajah
|-damage|p1a: Copperajah|42/100
|
|upkeep
|turn|5
|
|t:|1760823714
|switch|p2a: Anonymous|Ogerpon, F|100/100
|move|p1a: Copperajah|Iron Head|p2a: Anonymous
|-damage|p2a: Anonymous|4/100
|
|upkeep
|turn|6
|
|t:|1760823719
|move|p2a: Anonymous|Ivy Cudgel|p1a: Copperajah
|-resisted|p1a: Copperajah
|-damage|p1a: Copperajah|6/100
|move|p1a: Copperajah|Iron Head|p2a: Anonymous
|-damage|p2a: Anonymous|0 fnt
|faint|p2a: Anonymous
|
|upkeep
|
|t:|1760823725
|switch|p2a: Celestine|Primarina, M, shiny|74/100
|turn|7
|
|t:|1760823727
|move|p2a: Celestine|Psychic Noise|p1a: Copperajah
|-damage|p1a: Copperajah|0 fnt
|faint|p1a: Copperajah
|
|-heal|p2a: Celestine|80/100|[from] item: Leftovers
|upkeep
|
|t:|1760823732
|switch|p1a: Bellossom|Bellossom, F, shiny|100/100
|turn|8
|
|t:|1760823737
|switch|p2a: Mantra|Slowking-Galar, M, shiny|75/100
|move|p1a: Bellossom|Quiver Dance|p1a: Bellossom
|-boost|p1a: Bellossom|spa|1
|-boost|p1a: Bellossom|spd|1
|-boost|p1a: Bellossom|spe|1
|
|upkeep
|turn|9
|
|t:|1760823743
|move|p1a: Bellossom|Quiver Dance|p1a: Bellossom
|-boost|p1a: Bellossom|spa|1
|-boost|p1a: Bellossom|spd|1
|-boost|p1a: Bellossom|spe|1
|move|p2a: Mantra|Sludge Bomb|p1a: Bellossom
|-supereffective|p1a: Bellossom
|-damage|p1a: Bellossom|63/100
|
|-heal|p1a: Bellossom|69/100|[from] item: Leftovers
|upkeep
|turn|10
|
|t:|1760823751
|-terastallize|p1a: Bellossom|Poison
|move|p1a: Bellossom|Quiver Dance|p1a: Bellossom
|-boost|p1a: Bellossom|spa|1
|-boost|p1a: Bellossom|spd|1
|-boost|p1a: Bellossom|spe|1
|move|p2a: Mantra|Sludge Bomb|p1a: Bellossom
|-resisted|p1a: Bellossom
|-damage|p1a: Bellossom|61/100
|
|-heal|p1a: Bellossom|67/100|[from] item: Leftovers
|upkeep
|turn|11
|
|t:|1760823755
|move|p1a: Bellossom|Quiver Dance|p1a: Bellossom
|-boost|p1a: Bellossom|spa|1
|-boost|p1a: Bellossom|spd|1
|-boost|p1a: Bellossom|spe|1
|move|p2a: Mantra|Psychic Noise|p1a: Bellossom
|-supereffective|p1a: Bellossom
|-damage|p1a: Bellossom|43/100
|-start|p1a: Bellossom|move: Heal Block
|
|upkeep
|turn|12
|
|t:|1760823764
|move|p1a: Bellossom|Quiver Dance|p1a: Bellossom
|-boost|p1a: Bellossom|spa|1
|-boost|p1a: Bellossom|spd|1
|-boost|p1a: Bellossom|spe|1
|move|p2a: Mantra|Psychic Noise|p1a: Bellossom
|-supereffective|p1a: Bellossom
|-damage|p1a: Bellossom|24/100
|
|-end|p1a: Bellossom|move: Heal Block
|upkeep
|turn|13
|
|t:|1760823772
|move|p1a: Bellossom|Strength Sap|p2a: Mantra
|-unboost|p2a: Mantra|atk|1
|-heal|p1a: Bellossom|66/100
|move|p2a: Mantra|Psychic Noise|p1a: Bellossom
|-supereffective|p1a: Bellossom
|-damage|p1a: Bellossom|47/100
|-start|p1a: Bellossom|move: Heal Block
|
|upkeep
|turn|14
|
|t:|1760823778
|switch|p2a: Overgod|Kingambit, M, shiny|100/100
|-activate|p2a: Overgod|ability: Supreme Overlord
|-start|p2a: Overgod|fallen2|[silent]
|move|p1a: Bellossom|Quiver Dance|p1a: Bellossom
|-boost|p1a: Bellossom|spa|1
|-boost|p1a: Bellossom|spd|1
|-boost|p1a: Bellossom|spe|1
|
|-end|p1a: Bellossom|move: Heal Block
|upkeep
|turn|15
|
|t:|1760823785
|move|p1a: Bellossom|Strength Sap|p2a: Overgod
|-unboost|p2a: Overgod|atk|1
|-heal|p1a: Bellossom|100/100
|move|p2a: Overgod|Iron Head|p1a: Bellossom
|-damage|p1a: Bellossom|67/100
|
|-heal|p1a: Bellossom|73/100|[from] item: Leftovers
|upkeep
|turn|16
|-message|chaosdot1 forfeited.
|
|win|Palafin Paladin
|raw|Palafin Paladin's rating: 1325 &rarr; <strong>1339</strong><br />(+14 for winning)
|raw|chaosdot1's rating: 1221 &rarr; <strong>1203</strong><br />(-18 for losing)
|l|☆chaosdot1
|player|p2|
|l|☆Palafin Paladin
|player|p1|
