|j|☆Qiao2005
|j|☆CorvusSumten
|t:|1760865782
|gametype|singles
|player|p1|Qiao2005|266|1098
|player|p2|CorvusSumten|ingo|1067
|gen|9
|tier|[Gen 9] OU
|rated|
|rule|HP Percentage Mod: HP is shown in percentages
|rule|Endless Battle Clause: Forcing endless battles is banned
|rule|Species Clause: Limit one of each Pokémon
|rule|OHKO Clause: OHKO moves are banned
|rule|Evasion Items Clause: Evasion items are banned
|rule|Evasion Moves Clause: Evasion moves are banned
|rule|Evasion Abilities Clause: Evasion abilities are banned
|rule|Sleep Moves Clause: Sleep-inducing moves are banned
|clearpoke
|poke|p1|Deoxys-Speed|
|poke|p1|Hydrapple, M|
|poke|p1|Clodsire, M|
|poke|p1|Iron Treads|
|poke|p1|Basculegion, M|
|poke|p1|Mimikyu, F|
|poke|p2|Manaphy|
|poke|p2|Ribombee, M|
|poke|p2|Garchomp, F|
|poke|p2|Kingambit, F|
|poke|p2|Iron Valiant|
|poke|p2|Cinderace, F|
|teampreview
|
|t:|1760865786
|teamsize|p1|6
|teamsize|p2|6
|start
|switch|p1a: Deoxys|Deoxys-Speed|100/100
|switch|p2a: Ribombee|Ribombee, M|100/100
|-ability|p1a: Deoxys|Pressure
|turn|1
|
|t:|1760865794
|move|p1a: Deoxys|Stealth Rock|p2a: Ribombee
|-sidestart|p2: CorvusSumten|move: Stealth Rock
|move|p2a: Ribombee|Sticky Web|p1a: Deoxys
|-sidestart|p1: Qiao2005|move: Sticky Web
|
|upkeep
|turn|2
|
|t:|1760865801
|switch|p1a: Iron Treads|Iron Treads, shiny|100/100
|-activate|p1a: Iron Treads|move: Sticky Web
|-unboost|p1a: Iron Treads|spe|1
|move|p2a: Ribombee|U-turn|p1a: Iron Treads
|-resisted|p1a: Iron Treads
|-damage|p1a: Iron Treads|96/100
|
|t:|1760865823
|switch|p2a: Kingambit|Kingambit, F|100/100|[from] U-turn
|-damage|p2a: Kingambit|94/100|[from] Stealth Rock
|
|upkeep
|turn|3
|
|t:|1760865831
|move|p2a: Kingambit|Sucker Punch|p1a: Iron Treads
|-damage|p1a: Iron Treads|56/100
|move|p1a: Iron Treads|Earthquake|p2a: Kingambit
|-supereffective|p2a: Kingambit
|-damage|p2a: Kingambit|25/100
|
|upkeep
|turn|4
|
|t:|1760865841
|move|p2a: Kingambit|Sucker Punch|p1a: Iron Treads
|-damage|p1a: Iron Treads|18/100
|move|p1a: Iron Treads|Earthquake|p2a: Kingambit
|-supereffective|p2a: Kingambit
|-damage|p2a: Kingambit|0 fnt
|faint|p2a: Kingambit
|-end|p2a: Kingambit|fallenundefined|[silent]
|
|upkeep
|
|t:|1760865853
|switch|p2a: Ribombee|Ribombee, M|100/100
|-damage|p2a: Ribombee|75/100|[from] Stealth Rock
|turn|5
|
|t:|1760865871
|-end|p1a: Iron Treads|Quark Drive|[silent]
|switch|p1a: Deoxys|Deoxys-Speed|100/100
|-activate|p1a: Deoxys|move: Sticky Web
|-unboost|p1a: Deoxys|spe|1
|-ability|p1a: Deoxys|Pressure
|move|p2a: Ribombee|Stun Spore|p1a: Deoxys
|-status|p1a: Deoxys|par
|
|upkeep
|turn|6
|
|t:|1760865880
|move|p2a: Ribombee|U-turn|p1a: Deoxys
|-supereffective|p1a: Deoxys
|-damage|p1a: Deoxys|66/100 par
|
|t:|1760865883
|switch|p2a: Iron Valiant|Iron Valiant|100/100|[from] U-turn
|-damage|p2a: Iron Valiant|94/100|[from] Stealth Rock
|move|p1a: Deoxys|Trick|p2a: Iron Valiant
|-activate|p1a: Deoxys|move: Trick|[of] p2a: Iron Valiant
|-item|p2a: Iron Valiant|Choice Scarf|[from] move: Trick
|-item|p1a: Deoxys|Life Orb|[from] move: Trick
|
|upkeep
|turn|7
|
|t:|1760865898
|move|p1a: Deoxys|Extreme Speed|p2a: Iron Valiant
|-damage|p2a: Iron Valiant|49/100
|-damage|p1a: Deoxys|56/100 par|[from] item: Life Orb
|move|p2a: Iron Valiant|Thunderbolt|p1a: Deoxys
|-damage|p1a: Deoxys|20/100 par
|
|upkeep
|turn|8
|
|t:|1760865906
|move|p1a: Deoxys|Extreme Speed|p2a: Iron Valiant
|-damage|p2a: Iron Valiant|6/100
|-damage|p1a: Deoxys|10/100 par|[from] item: Life Orb
|move|p2a: Iron Valiant|Thunderbolt|p1a: Deoxys
|-damage|p1a: Deoxys|0 fnt
|faint|p1a: Deoxys
|
|upkeep
|
|t:|1760865912
|switch|p1a: Clodsire|Clodsire, M|100/100
|-activate|p1a: Clodsire|move: Sticky Web
|-unboost|p1a: Clodsire|spe|1
|turn|9
|
|t:|1760865918
|move|p2a: Iron Valiant|Thunderbolt|p1a: Clodsire
|-immune|p1a: Clodsire
|move|p1a: Clodsire|Toxic Spikes|p2a: Iron Valiant
|-sidestart|p2: CorvusSumten|move: Toxic Spikes
|
|upkeep
|turn|10
|
|t:|1760865926
|-end|p2a: Iron Valiant|Quark Drive|[silent]
|switch|p2a: Cinderace|Cinderace, F|100/100
|move|p1a: Clodsire|Toxic Spikes|p2a: Cinderace
|-sidestart|p2: CorvusSumten|move: Toxic Spikes
|
|upkeep
|turn|11
|
|t:|1760865932
|move|p2a: Cinderace|Pyro Ball|p1a: Clodsire
|-damage|p1a: Clodsire|37/100
|move|p1a: Clodsire|Earthquake|p2a: Cinderace
|-supereffective|p2a: Cinderace
|-damage|p2a: Cinderace|14/100
|
|-heal|p1a: Clodsire|43/100|[from] item: Black Sludge
|upkeep
|turn|12
|
|t:|1760865942
|move|p2a: Cinderace|Pyro Ball|p1a: Clodsire
|-damage|p1a: Clodsire|0 fnt
|faint|p1a: Clodsire
|
|upkeep
|
|t:|1760865945
|switch|p1a: Iron Treads|Iron Treads, shiny|18/100
|-activate|p1a: Iron Treads|move: Sticky Web
|-unboost|p1a: Iron Treads|spe|1
|turn|13
|-enditem|p1a: Iron Treads|Custap Berry|[eat]
|-activate|p1a: Iron Treads|item: Custap Berry|[consumed]
|
|t:|1760865952
|move|p1a: Iron Treads|Rapid Spin|p2a: Cinderace
|-damage|p2a: Cinderace|0 fnt
|-boost|p1a: Iron Treads|spe|1
|-sideend|p1: Qiao2005|Sticky Web|[from] move: Rapid Spin|[of] p1a: Iron Treads
|faint|p2a: Cinderace
|
|upkeep
|
|t:|1760865960
|switch|p2a: Garchomp|Garchomp, F|100/100
|-damage|p2a: Garchomp|94/100|[from] Stealth Rock
|-status|p2a: Garchomp|tox
|turn|14
|
|t:|1760865967
|move|p2a: Garchomp|Scale Shot|p1a: Iron Treads
|-resisted|p1a: Iron Treads
|-damage|p1a: Iron Treads|14/100
|-resisted|p1a: Iron Treads
|-damage|p1a: Iron Treads|10/100
|-resisted|p1a: Iron Treads
|-damage|p1a: Iron Treads|6/100
|-resisted|p1a: Iron Treads
|-damage|p1a: Iron Treads|2/100
|-hitcount|p1a: Iron Treads|4
|-unboost|p2a: Garchomp|def|1
|-boost|p2a: Garchomp|spe|1
|move|p1a: Iron Treads|Ice Spinner|p2a: Garchomp
|-supereffective|p2a: Garchomp
|-damage|p2a: Garchomp|0 fnt
|-damage|p1a: Iron Treads|0 fnt|[from] ability: Rough Skin|[of] p2a: Garchomp
|faint|p2a: Garchomp
|faint|p1a: Iron Treads
|-end|p1a: Iron Treads|Quark Drive|[silent]
|
|upkeep
|
|t:|1760865986
|switch|p2a: Ribombee|Ribombee, M|75/100
|switch|p1a: Hydrapple|Hydrapple, M|100/100
|-damage|p2a: Ribombee|50/100|[from] Stealth Rock
|-status|p2a: Ribombee|tox
|turn|15
|
|t:|1760866000
|move|p2a: Ribombee|Moonblast|p1a: Hydrapple
|-supereffective|p1a: Hydrapple
|-damage|p1a: Hydrapple|41/100
|move|p1a: Hydrapple|Infestation|p2a: Ribombee
|-resisted|p2a: Ribombee
|-damage|p2a: Ribombee|46/100 tox
|-activate|p2a: Ribombee|move: Infestation|[of] p1a: Hydrapple
|
|-heal|p1a: Hydrapple|47/100|[from] item: Leftovers
|-damage|p2a: Ribombee|39/100 tox|[from] psn
|-damage|p2a: Ribombee|27/100 tox|[from] move: Infestation|[partiallytrapped]
|upkeep
|turn|16
|
|t:|1760866013
|switch|p1a: Mimikyu|Mimikyu, F|100/100
|move|p2a: Ribombee|Stun Spore|p1a: Mimikyu
|-status|p1a: Mimikyu|par
|
|-damage|p2a: Ribombee|15/100 tox|[from] psn
|-end|p2a: Ribombee|Infestation|[partiallytrapped]|[silent]
|upkeep
|turn|17
|
|t:|1760866022
|move|p1a: Mimikyu|Shadow Sneak|p2a: Ribombee
|-damage|p2a: Ribombee|0 fnt
|faint|p2a: Ribombee
|
|upkeep
|
|t:|1760866028
|switch|p2a: Iron Valiant|Iron Valiant|6/100
|-damage|p2a: Iron Valiant|0 fnt|[from] Stealth Rock
|faint|p2a: Iron Valiant
|-end|p2a: Iron Valiant|Quark Drive|[silent]
|
|t:|1760866029
|switch|p2a: Manaphy|Manaphy|100/100
|-damage|p2a: Manaphy|88/100|[from] Stealth Rock
|-status|p2a: Manaphy|tox
|turn|18
|
|t:|1760866032
|move|p2a: Manaphy|Tail Glow|p2a: Manaphy
|-boost|p2a: Manaphy|spa|3
|move|p1a: Mimikyu|Curse|p2a: Manaphy
|-start|p2a: Manaphy|Curse|[of] p1a: Mimikyu
|-damage|p1a: Mimikyu|51/100 par
|
|-damage|p2a: Manaphy|82/100 tox|[from] psn
|-damage|p2a: Manaphy|57/100 tox|[from] Curse
|upkeep
|turn|19
|
|t:|1760866044
|move|p2a: Manaphy|Tail Glow|p2a: Manaphy
|-boost|p2a: Manaphy|spa|3
|cant|p1a: Mimikyu|par
|
|-damage|p2a: Manaphy|45/100 tox|[from] psn
|-damage|p2a: Manaphy|20/100 tox|[from] Curse
|upkeep
|turn|20
|
|t:|1760866048
|move|p2a: Manaphy|Surf|p1a: Mimikyu
|-activate|p1a: Mimikyu|ability: Disguise
|-damage|p1a: Mimikyu|51/100 par
|detailschange|p1a: Mimikyu|Mimikyu-Busted, F
|-damage|p1a: Mimikyu|38/100 par|[from] pokemon: Mimikyu-Busted
|cant|p1a: Mimikyu|par
|
|-damage|p2a: Manaphy|2/100 tox|[from] psn
|-damage|p2a: Manaphy|0 fnt|[from] Curse
|faint|p2a: Manaphy
|
|win|Qiao2005
|raw|Qiao2005's rating: 1098 &rarr; <strong>1121</strong><br />(+23 for winning)
|raw|CorvusSumten's rating: 1067 &rarr; <strong>1049</strong><br />(-18 for losing)
|l|☆CorvusSumten
|player|p2|
