|j|☆panzershock
|j|☆Bleud29
|t:|1760864776
|gametype|singles
|player|p1|panzershock|265|1114
|player|p2|Bleud29|265|1129
|gen|9
|tier|[Gen 9] OU
|rated|
|rule|HP Percentage Mod: HP is shown in percentages
|rule|Endless Battle Clause: Forcing endless battles is banned
|rule|Species Clause: Limit one of each Pokémon
|rule|OHKO Clause: OHKO moves are banned
|rule|Evasion Items Clause: Evasion items are banned
|rule|Evasion Moves Clause: Evasion moves are banned
|rule|Evasion Abilities Clause: Evasion abilities are banned
|rule|Sleep Moves Clause: Sleep-inducing moves are banned
|clearpoke
|poke|p1|Dudunsparce-*, M|
|poke|p1|Grafaiai, M|
|poke|p1|Flamigo, M|
|poke|p1|Hawlucha, F|
|poke|p1|Jirachi|
|poke|p1|Infernape, F|
|poke|p2|Kingdra, F|
|poke|p2|Victreebel, F|
|poke|p2|Thundurus, M|
|poke|p2|Ribombee, F|
|poke|p2|Skeledirge, F|
|poke|p2|Metagross|
|teampreview
|inactive|Battle timer is ON: inactive players will automatically lose when time's up. (requested by Bleud29)
|
|t:|1760864826
|teamsize|p1|6
|teamsize|p2|6
|start
|switch|p1a: Grafaiai|Grafaiai, M|100/100
|switch|p2a: Ribombee|Ribombee, F|100/100
|turn|1
|
|t:|1760864837
|move|p1a: Grafaiai|Switcheroo|p2a: Ribombee
|-activate|p1a: Grafaiai|move: Trick|[of] p2a: Ribombee
|-item|p2a: Ribombee|Lagging Tail|[from] move: Switcheroo
|-item|p1a: Grafaiai|Choice Specs|[from] move: Switcheroo
|move|p2a: Ribombee|Psychic Noise|p1a: Grafaiai
|-supereffective|p1a: Grafaiai
|-damage|p1a: Grafaiai|27/100
|-start|p1a: Grafaiai|move: Heal Block
|
|upkeep
|turn|2
|
|t:|1760864858
|switch|p1a: Jirachi|Jirachi|100/100
|move|p2a: Ribombee|Sticky Web|p1a: Jirachi
|-sidestart|p1: panzershock|move: Sticky Web
|
|upkeep
|turn|3
|inactive|Bleud29 has 120 seconds left.
|
|t:|1760864891
|switch|p2a: Skeledirge|Skeledirge, F|100/100
|switch|p1a: Grafaiai|Grafaiai, M|27/100
|-activate|p1a: Grafaiai|move: Sticky Web
|-unboost|p1a: Grafaiai|spe|1
|
|upkeep
|turn|4
|inactive|Bleud29 has 120 seconds left.
|
|t:|1760864910
|switch|p2a: Ribombee|Ribombee, F|100/100
|move|p1a: Grafaiai|Copycat|p1a: Grafaiai
|move|p1a: Grafaiai|Sticky Web|p2a: Ribombee|[from] move: Copycat
|-sidestart|p2: Bleud29|move: Sticky Web
|
|upkeep
|turn|5
|inactive|Bleud29 has 120 seconds left.
|
|t:|1760864923
|move|p1a: Grafaiai|Copycat|p1a: Grafaiai
|move|p1a: Grafaiai|Sticky Web||[from] move: Copycat|[still]
|-fail|p1a: Grafaiai
|move|p2a: Ribombee|Bug Buzz|p1a: Grafaiai
|-resisted|p1a: Grafaiai
|-damage|p1a: Grafaiai|0 fnt
|faint|p1a: Grafaiai
|
|upkeep
|inactive|panzershock has 120 seconds left.
|
|t:|1760864955
|switch|p1a: Infernape|Infernape, F|100/100
|-item|p1a: Infernape|Air Balloon
|turn|6
|
|t:|1760864963
|-terastallize|p2a: Ribombee|Psychic
|move|p1a: Infernape|Flamethrower|p2a: Ribombee
|-damage|p2a: Ribombee|33/100
|move|p2a: Ribombee|Psychic Noise|p1a: Infernape
|-supereffective|p1a: Infernape
|-damage|p1a: Infernape|2/100
|-start|p1a: Infernape|move: Heal Block
|-enditem|p1a: Infernape|Air Balloon
|
|upkeep
|turn|7
|inactive|Bleud29 has 120 seconds left.
|
|t:|1760864987
|switch|p2a: Skeledirge|Skeledirge, F|100/100
|-activate|p2a: Skeledirge|move: Sticky Web
|-unboost|p2a: Skeledirge|spe|1
|move|p1a: Infernape|Flamethrower|p2a: Skeledirge
|-resisted|p2a: Skeledirge
|-damage|p2a: Skeledirge|78/100
|
|-end|p1a: Infernape|move: Heal Block
|upkeep
|turn|8
|inactive|Bleud29 has 120 seconds left.
|
|t:|1760865005
|move|p1a: Infernape|Flamethrower|p2a: Skeledirge
|-resisted|p2a: Skeledirge
|-damage|p2a: Skeledirge|55/100
|move|p2a: Skeledirge|Encore|p1a: Infernape
|-start|p1a: Infernape|Encore
|
|upkeep
|turn|9
|
|t:|1760865013
|move|p1a: Infernape|Flamethrower|p2a: Skeledirge
|-resisted|p2a: Skeledirge
|-damage|p2a: Skeledirge|35/100
|move|p2a: Skeledirge|Slack Off|p2a: Skeledirge
|-heal|p2a: Skeledirge|85/100
|
|upkeep
|turn|10
|inactive|panzershock has 120 seconds left.
|inactive|Bleud29 has 120 seconds left.
|
|t:|1760865021
|move|p1a: Infernape|Flamethrower|p2a: Skeledirge
|-resisted|p2a: Skeledirge
|-damage|p2a: Skeledirge|64/100
|move|p2a: Skeledirge|Slack Off|p2a: Skeledirge
|-heal|p2a: Skeledirge|100/100
|
|upkeep
|turn|11
|
|t:|1760865029
|move|p1a: Infernape|Flamethrower|p2a: Skeledirge
|-resisted|p2a: Skeledirge
|-damage|p2a: Skeledirge|80/100
|move|p2a: Skeledirge|Curse|p1a: Infernape
|-start|p1a: Infernape|Curse|[of] p2a: Skeledirge
|-damage|p2a: Skeledirge|30/100
|
|-damage|p1a: Infernape|0 fnt|[from] Curse
|faint|p1a: Infernape
|upkeep
|
|t:|1760865039
|switch|p1a: Flamigo|Flamigo, M|100/100
|turn|12
|
|t:|1760865046
|move|p1a: Flamigo|Close Combat|p2a: Skeledirge
|-damage|p2a: Skeledirge|0 fnt
|-unboost|p1a: Flamigo|def|1
|-unboost|p1a: Flamigo|spd|1
|faint|p2a: Skeledirge
|
|upkeep
|
|t:|1760865058
|switch|p2a: Ribombee|Ribombee, F, tera:Psychic|33/100
|-activate|p2a: Ribombee|move: Sticky Web
|-unboost|p2a: Ribombee|spe|1
|turn|13
|
|t:|1760865065
|move|p1a: Flamigo|U-turn|p2a: Ribombee
|-supereffective|p2a: Ribombee
|-damage|p2a: Ribombee|0 fnt
|faint|p2a: Ribombee
|
|t:|1760865077
|switch|p1a: Dudunsparce|Dudunsparce, M|100/100|[from] U-turn
|-activate|p1a: Dudunsparce|move: Sticky Web
|-unboost|p1a: Dudunsparce|spe|1
|
|upkeep
|
|t:|1760865084
|switch|p2a: Kingdra|Kingdra, F|100/100
|-activate|p2a: Kingdra|move: Sticky Web
|-unboost|p2a: Kingdra|spe|1
|turn|14
|
|t:|1760865093
|move|p2a: Kingdra|Focus Energy|p2a: Kingdra
|-start|p2a: Kingdra|move: Focus Energy
|move|p1a: Dudunsparce|Glare|p2a: Kingdra
|-status|p2a: Kingdra|par
|
|upkeep
|turn|15
|
|t:|1760865101
|move|p2a: Kingdra|Scale Shot|p1a: Dudunsparce
|-crit|p1a: Dudunsparce
|-damage|p1a: Dudunsparce|85/100
|-damage|p1a: Dudunsparce|79/100
|-damage|p1a: Dudunsparce|72/100
|-crit|p1a: Dudunsparce
|-damage|p1a: Dudunsparce|58/100
|-damage|p1a: Dudunsparce|51/100
|-hitcount|p1a: Dudunsparce|5
|-unboost|p2a: Kingdra|def|1
|-boost|p2a: Kingdra|spe|1
|move|p1a: Dudunsparce|Dragon Tail|p2a: Kingdra
|-supereffective|p2a: Kingdra
|-damage|p2a: Kingdra|49/100 par
|drag|p2a: Metagross|Metagross|100/100
|-activate|p2a: Metagross|move: Sticky Web
|-fail|p2a: Metagross|unboost|[from] ability: Clear Body|[of] p2a: Metagross
|
|-heal|p1a: Dudunsparce|57/100|[from] item: Leftovers
|upkeep
|turn|16
|
|t:|1760865122
|move|p2a: Metagross|Stealth Rock|p1a: Dudunsparce
|-sidestart|p1: panzershock|move: Stealth Rock
|move|p1a: Dudunsparce|Roost|p1a: Dudunsparce
|-heal|p1a: Dudunsparce|100/100
|-singleturn|p1a: Dudunsparce|move: Roost
|
|upkeep
|turn|17
|
|t:|1760865128
|move|p2a: Metagross|Meteor Beam||[still]
|-prepare|p2a: Metagross|Meteor Beam
|-boost|p2a: Metagross|spa|1
|-enditem|p2a: Metagross|Power Herb
|-anim|p2a: Metagross|Meteor Beam|p1a: Dudunsparce
|-damage|p1a: Dudunsparce|46/100
|move|p1a: Dudunsparce|Glare|p2a: Metagross
|-status|p2a: Metagross|par
|
|-heal|p1a: Dudunsparce|52/100|[from] item: Leftovers
|upkeep
|turn|18
|
|t:|1760865140
|move|p1a: Dudunsparce|Roost|p1a: Dudunsparce
|-heal|p1a: Dudunsparce|100/100
|-singleturn|p1a: Dudunsparce|move: Roost
|move|p2a: Metagross|Expanding Force|p1a: Dudunsparce
|-damage|p1a: Dudunsparce|48/100
|
|-heal|p1a: Dudunsparce|54/100|[from] item: Leftovers
|upkeep
|turn|19
|
|t:|1760865150
|switch|p2a: Thundurus|Thundurus, M|100/100
|move|p1a: Dudunsparce|Roost|p1a: Dudunsparce
|-heal|p1a: Dudunsparce|100/100
|-singleturn|p1a: Dudunsparce|move: Roost
|
|upkeep
|turn|20
|
|t:|1760865158
|move|p2a: Thundurus|Swagger|p1a: Dudunsparce
|-boost|p1a: Dudunsparce|atk|2
|-start|p1a: Dudunsparce|confusion
|-enditem|p2a: Thundurus|Mirror Herb
|-boost|p2a: Thundurus|atk|2|[from] item: Mirror Herb
|-activate|p1a: Dudunsparce|confusion
|move|p1a: Dudunsparce|Dragon Tail|p2a: Thundurus|[miss]
|-miss|p1a: Dudunsparce|p2a: Thundurus
|
|upkeep
|turn|21
|
|t:|1760865169
|move|p2a: Thundurus|Knock Off|p1a: Dudunsparce
|-damage|p1a: Dudunsparce|63/100
|-ability|p1a: Dudunsparce|Rattled|boost
|-boost|p1a: Dudunsparce|spe|1
|-enditem|p1a: Dudunsparce|Leftovers|[from] move: Knock Off|[of] p2a: Thundurus
|-activate|p1a: Dudunsparce|confusion
|-damage|p1a: Dudunsparce|50/100|[from] confusion
|
|upkeep
|turn|22
|
|t:|1760865177
|move|p2a: Thundurus|Acrobatics|p1a: Dudunsparce
|-damage|p1a: Dudunsparce|0 fnt
|faint|p1a: Dudunsparce
|
|upkeep
|
|t:|1760865195
|switch|p1a: Hawlucha|Hawlucha, F|100/100
|-ability|p1a: Hawlucha|Mold Breaker
|turn|23
|
|t:|1760865206
|move|p1a: Hawlucha|Poison Jab|p2a: Thundurus
|-damage|p2a: Thundurus|64/100
|move|p2a: Thundurus|Acrobatics|p1a: Hawlucha
|-supereffective|p1a: Hawlucha
|-damage|p1a: Hawlucha|0 fnt
|faint|p1a: Hawlucha
|
|upkeep
|-message|panzershock forfeited.
|
|win|Bleud29
|raw|panzershock's rating: 1114 &rarr; <strong>1090</strong><br />(-24 for losing)
|raw|Bleud29's rating: 1129 &rarr; <strong>1153</strong><br />(+24 for winning)
|l|☆panzershock
|player|p1|
|l|☆Bleud29
|player|p2|
