|j|☆55555X
|j|☆Hhhh888
|t:|1760788875
|gametype|singles
|player|p1|55555X|pokemaniac|1121
|player|p2|Hhhh888|169|1091
|gen|9
|tier|[Gen 9] OU
|rated|
|rule|HP Percentage Mod: HP is shown in percentages
|rule|Endless Battle Clause: Forcing endless battles is banned
|rule|Species Clause: Limit one of each Pokémon
|rule|OHKO Clause: OHKO moves are banned
|rule|Evasion Items Clause: Evasion items are banned
|rule|Evasion Moves Clause: Evasion moves are banned
|rule|Evasion Abilities Clause: Evasion abilities are banned
|rule|Sleep Moves Clause: Sleep-inducing moves are banned
|clearpoke
|poke|p1|Regice|
|poke|p1|Cinderace, M|
|poke|p1|Rhyperior, M|
|poke|p1|Avalugg-Hisui, M|
|poke|p1|Electrode-Hisui|
|poke|p1|Grafaiai, M|
|poke|p2|Blaziken, M|
|poke|p2|Dragapult, M|
|poke|p2|Gardevoir, M|
|poke|p2|Darkrai|
|poke|p2|Breloom, M|
|poke|p2|Walking Wake|
|teampreview
|c|☆55555X|Glhf
|
|t:|1760788888
|teamsize|p1|6
|teamsize|p2|6
|start
|switch|p1a: No Hazards|Cinderace, M|100/100
|switch|p2a: Breloom|Breloom, M|100/100
|turn|1
|
|t:|1760788896
|switch|p2a: Walking Wake|Walking Wake|100/100
|-enditem|p2a: Walking Wake|Booster Energy
|-activate|p2a: Walking Wake|ability: Protosynthesis|[fromitem]
|-start|p2a: Walking Wake|protosynthesisspa
|move|p1a: No Hazards|U-turn|p2a: Walking Wake
|-start|p1a: No Hazards|typechange|Bug|[from] ability: Libero
|-damage|p2a: Walking Wake|62/100
|
|t:|1760788905
|switch|p1a: Weakness?|Regice|100/100|[from] U-turn
|
|upkeep
|turn|2
|
|t:|1760788909
|move|p2a: Walking Wake|Draco Meteor|p1a: Weakness?
|-damage|p1a: Weakness?|76/100
|-unboost|p2a: Walking Wake|spa|2
|move|p1a: Weakness?|Ice Beam|p2a: Walking Wake
|-damage|p2a: Walking Wake|23/100
|
|upkeep
|turn|3
|
|t:|1760788917
|move|p2a: Walking Wake|Aqua Jet|p1a: Weakness?
|-crit|p1a: Weakness?
|-damage|p1a: Weakness?|52/100
|move|p1a: Weakness?|Ice Beam|p2a: Walking Wake
|-damage|p2a: Walking Wake|0 fnt
|faint|p2a: Walking Wake
|-end|p2a: Walking Wake|Protosynthesis|[silent]
|
|upkeep
|c|☆55555X|Wow
|
|t:|1760788925
|switch|p2a: Breloom|Breloom, M|100/100
|turn|4
|
|t:|1760788931
|switch|p1a: Pokeball|Electrode-Hisui|100/100
|move|p2a: Breloom|Drain Punch|p1a: Pokeball
|-damage|p1a: Pokeball|19/100
|
|upkeep
|turn|5
|
|t:|1760788939
|move|p1a: Pokeball|Hyper Beam|p2a: Breloom
|-damage|p2a: Breloom|0 fnt
|-mustrecharge|p1a: Pokeball
|faint|p2a: Breloom
|
|upkeep
|c|☆55555X|Lol
|
|t:|1760788944
|switch|p2a: Gardevoir|Gardevoir, M|100/100
|turn|6
|
|t:|1760788947
|cant|p1a: Pokeball|recharge
|move|p2a: Gardevoir|Moonblast|p1a: Pokeball
|-damage|p1a: Pokeball|0 fnt
|faint|p1a: Pokeball
|
|upkeep
|
|t:|1760788953
|switch|p1a: No Hazards|Cinderace, M|100/100
|turn|7
|
|t:|1760788956
|move|p1a: No Hazards|U-turn|p2a: Gardevoir
|-start|p1a: No Hazards|typechange|Bug|[from] ability: Libero
|-damage|p2a: Gardevoir|40/100
|
|t:|1760788959
|switch|p1a: Weakness?|Regice|52/100|[from] U-turn
|move|p2a: Gardevoir|Moonblast|p1a: Weakness?
|-damage|p1a: Weakness?|36/100
|
|upkeep
|turn|8
|
|t:|1760788966
|move|p2a: Gardevoir|Psychic|p1a: Weakness?
|-damage|p1a: Weakness?|23/100
|move|p1a: Weakness?|Flash Cannon|p2a: Gardevoir
|-supereffective|p2a: Gardevoir
|-damage|p2a: Gardevoir|2/100
|-unboost|p2a: Gardevoir|spd|1
|
|upkeep
|turn|9
|
|t:|1760788976
|move|p2a: Gardevoir|Dazzling Gleam|p1a: Weakness?
|-damage|p1a: Weakness?|10/100
|move|p1a: Weakness?|Ancient Power|p2a: Gardevoir
|-damage|p2a: Gardevoir|0 fnt
|faint|p2a: Gardevoir
|
|upkeep
|
|t:|1760788982
|switch|p2a: Dragapult|Dragapult, M|100/100
|turn|10
|
|t:|1760788986
|move|p2a: Dragapult|Dragon Darts|p1a: Weakness?
|-damage|p1a: Weakness?|0 fnt
|faint|p1a: Weakness?
|-damage|p2a: Dragapult|91/100|[from] item: Life Orb
|
|upkeep
|
|t:|1760788991
|switch|p1a: Ditto?|Grafaiai, M|100/100
|turn|11
|
|t:|1760789000
|-terastallize|p1a: Ditto?|Stellar
|move|p1a: Ditto?|Copycat|p1a: Ditto?
|move|p1a: Ditto?|Dragon Darts|p2a: Dragapult|[from] move: Copycat
|-supereffective|p2a: Dragapult
|-damage|p2a: Dragapult|13/100
|-start|p1a: Ditto?|Disable|Copycat|[from] ability: Cursed Body|[of] p2a: Dragapult
|-anim|p1a: Ditto?|Dragon Darts|p2a: Dragapult
|-supereffective|p2a: Dragapult
|-damage|p2a: Dragapult|0 fnt
|faint|p2a: Dragapult
|
|upkeep
|
|t:|1760789016
|switch|p2a: Blaziken|Blaziken, M|100/100
|turn|12
|
|t:|1760789023
|switch|p1a: Mountain|Avalugg-Hisui, M|100/100
|move|p2a: Blaziken|Close Combat|p1a: Mountain
|-supereffective|p1a: Mountain
|-ability|p1a: Mountain|Sturdy
|-damage|p1a: Mountain|1/100
|-unboost|p2a: Blaziken|def|1
|-unboost|p2a: Blaziken|spd|1
|
|-ability|p2a: Blaziken|Speed Boost|boost
|-boost|p2a: Blaziken|spe|1
|upkeep
|turn|13
|-enditem|p1a: Mountain|Custap Berry|[eat]
|-activate|p1a: Mountain|item: Custap Berry|[consumed]
|
|t:|1760789033
|move|p1a: Mountain|Stone Edge|p2a: Blaziken
|-damage|p2a: Blaziken|0 fnt
|faint|p2a: Blaziken
|
|upkeep
|
|t:|1760789040
|switch|p2a: Darkrai|Darkrai|100/100
|turn|14
|c|☆55555X|Gg
|
|t:|1760789047
|move|p2a: Darkrai|Dark Pulse|p1a: Mountain
|-damage|p1a: Mountain|0 fnt
|faint|p1a: Mountain
|
|upkeep
|
|t:|1760789051
|switch|p1a: Special Scary|Rhyperior, M|100/100
|turn|15
|
|t:|1760789061
|move|p2a: Darkrai|Dark Pulse|p1a: Special Scary
|-damage|p1a: Special Scary|46/100
|move|p1a: Special Scary|Metal Burst|p2a: Darkrai
|-damage|p2a: Darkrai|0 fnt
|faint|p2a: Darkrai
|
|win|55555X
|raw|55555X's rating: 1121 &rarr; <strong>1144</strong><br />(+23 for winning)
|raw|Hhhh888's rating: 1091 &rarr; <strong>1069</strong><br />(-22 for losing)
|l|☆Hhhh888
|player|p2|
|l|☆55555X
|player|p1|
