|j|☆GateofGeass
|j|☆RedidouClasse
|t:|1760738018
|gametype|singles
|player|p1|GateofGeass|bellelba|1188
|player|p2|RedidouClasse|giovanni|1090
|gen|9
|tier|[Gen 9] OU
|rated|
|rule|HP Percentage Mod: HP is shown in percentages
|rule|Endless Battle Clause: Forcing endless battles is banned
|rule|Species Clause: Limit one of each Pokémon
|rule|OHKO Clause: OHKO moves are banned
|rule|Evasion Items Clause: Evasion items are banned
|rule|Evasion Moves Clause: Evasion moves are banned
|rule|Evasion Abilities Clause: Evasion abilities are banned
|rule|Sleep Moves Clause: Sleep-inducing moves are banned
|clearpoke
|poke|p1|Iron Moth|
|poke|p1|Rillaboom, F|
|poke|p1|Jolteon, M|
|poke|p1|Great Tusk|
|poke|p1|Gholdengo|
|poke|p1|Barraskewda, F|
|poke|p2|Oricorio-Pom-Pom, M|
|poke|p2|Hawlucha, F|
|poke|p2|Rillaboom, M|
|poke|p2|Deoxys-Speed|
|poke|p2|Dunsparce, F|
|teampreview
|inactive|Battle timer is ON: inactive players will automatically lose when time's up. (requested by GateofGeass)
|inactive|GateofGeass has 120 seconds left.
|
|t:|1760738067
|teamsize|p1|6
|teamsize|p2|5
|start
|switch|p1a: squirting|Jolteon, M, shiny|100/100
|switch|p2a: Dunsparce|Dunsparce, F|100/100
|turn|1
|
|t:|1760738074
|move|p1a: squirting|Volt Switch|p2a: Dunsparce
|-damage|p2a: Dunsparce|63/100
|
|t:|1760738083
|switch|p1a: Great Tusk|Great Tusk, shiny|100/100|[from] Volt Switch
|-enditem|p1a: Great Tusk|Booster Energy
|-activate|p1a: Great Tusk|ability: Protosynthesis|[fromitem]
|-start|p1a: Great Tusk|protosynthesisatk
|move|p2a: Dunsparce|Coil|p2a: Dunsparce
|-boost|p2a: Dunsparce|atk|1
|-boost|p2a: Dunsparce|def|1
|-boost|p2a: Dunsparce|accuracy|1
|
|upkeep
|turn|2
|
|t:|1760738092
|move|p1a: Great Tusk|Close Combat|p2a: Dunsparce
|-supereffective|p2a: Dunsparce
|-damage|p2a: Dunsparce|5/100
|-unboost|p1a: Great Tusk|def|1
|-unboost|p1a: Great Tusk|spd|1
|move|p2a: Dunsparce|Roost|p2a: Dunsparce
|-heal|p2a: Dunsparce|55/100
|-singleturn|p2a: Dunsparce|move: Roost
|
|upkeep
|turn|3
|
|t:|1760738103
|move|p1a: Great Tusk|Close Combat|p2a: Dunsparce
|-supereffective|p2a: Dunsparce
|-damage|p2a: Dunsparce|2/100
|-unboost|p1a: Great Tusk|def|1
|-unboost|p1a: Great Tusk|spd|1
|move|p2a: Dunsparce|Roost|p2a: Dunsparce
|-heal|p2a: Dunsparce|52/100
|-singleturn|p2a: Dunsparce|move: Roost
|
|upkeep
|turn|4
|
|t:|1760738111
|move|p1a: Great Tusk|Close Combat|p2a: Dunsparce
|-supereffective|p2a: Dunsparce
|-damage|p2a: Dunsparce|0 fnt
|-unboost|p1a: Great Tusk|def|1
|-unboost|p1a: Great Tusk|spd|1
|faint|p2a: Dunsparce
|
|upkeep
|
|t:|1760738117
|switch|p2a: Deoxys|Deoxys-Speed|100/100
|-ability|p2a: Deoxys|Pressure
|turn|5
|
|t:|1760738127
|-end|p1a: Great Tusk|Protosynthesis|[silent]
|switch|p1a: mitula|Gholdengo|100/100
|move|p2a: Deoxys|Psychic Noise|p1a: mitula
|-resisted|p1a: mitula
|-damage|p1a: mitula|86/100
|-start|p1a: mitula|move: Heal Block
|
|upkeep
|turn|6
|
|t:|1760738137
|move|p2a: Deoxys|Knock Off|p1a: mitula
|-supereffective|p1a: mitula
|-damage|p1a: mitula|37/100
|-enditem|p1a: mitula|Choice Scarf|[from] move: Knock Off|[of] p2a: Deoxys
|move|p1a: mitula|Shadow Ball|p2a: Deoxys
|-supereffective|p2a: Deoxys
|-damage|p2a: Deoxys|0 fnt
|faint|p2a: Deoxys
|
|-end|p1a: mitula|move: Heal Block
|upkeep
|
|t:|1760738146
|switch|p2a: Rillaboom|Rillaboom, M|100/100
|-fieldstart|move: Grassy Terrain|[from] ability: Grassy Surge|[of] p2a: Rillaboom
|turn|7
|
|t:|1760738155
|switch|p1a: tetitas|Rillaboom, F, shiny|100/100
|move|p2a: Rillaboom|Grassy Glide|p1a: tetitas
|-resisted|p1a: tetitas
|-damage|p1a: tetitas|78/100
|
|-heal|p1a: tetitas|84/100|[from] Grassy Terrain
|upkeep
|turn|8
|
|t:|1760738167
|move|p1a: tetitas|U-turn|p2a: Rillaboom
|-supereffective|p2a: Rillaboom
|-damage|p2a: Rillaboom|43/100
|-damage|p1a: tetitas|74/100|[from] item: Life Orb
|
|t:|1760738177
|switch|p1a: chochito|Iron Moth, shiny|100/100|[from] U-turn
|-enditem|p1a: chochito|Booster Energy
|-activate|p1a: chochito|ability: Quark Drive|[fromitem]
|-start|p1a: chochito|quarkdrivespe
|move|p2a: Rillaboom|U-turn|p1a: chochito
|-resisted|p1a: chochito
|-damage|p1a: chochito|90/100
|
|t:|1760738186
|switch|p2a: Hawlucha|Hawlucha, F|100/100|[from] U-turn
|-enditem|p2a: Hawlucha|Grassy Seed
|-boost|p2a: Hawlucha|def|1|[from] item: Grassy Seed
|
|-heal|p1a: chochito|96/100|[from] Grassy Terrain
|upkeep
|turn|9
|
|t:|1760738199
|move|p2a: Hawlucha|Acrobatics|p1a: chochito
|-damage|p1a: chochito|12/100
|move|p1a: chochito|Fiery Dance|p2a: Hawlucha
|-damage|p2a: Hawlucha|38/100
|
|-heal|p1a: chochito|18/100|[from] Grassy Terrain
|upkeep
|turn|10
|
|t:|1760738211
|-end|p1a: chochito|Quark Drive|[silent]
|switch|p1a: mitula|Gholdengo|37/100
|move|p2a: Hawlucha|Acrobatics|p1a: mitula
|-resisted|p1a: mitula
|-damage|p1a: mitula|8/100
|
|-heal|p1a: mitula|14/100|[from] Grassy Terrain
|upkeep
|turn|11
|
|t:|1760738221
|move|p2a: Hawlucha|Acrobatics|p1a: mitula
|-resisted|p1a: mitula
|-damage|p1a: mitula|0 fnt
|faint|p1a: mitula
|
|upkeep
|
|t:|1760738233
|switch|p1a: squirting|Jolteon, M, shiny|100/100
|turn|12
|
|t:|1760738251
|move|p2a: Hawlucha|Close Combat|p1a: squirting
|-damage|p1a: squirting|2/100
|-unboost|p2a: Hawlucha|def|1
|-unboost|p2a: Hawlucha|spd|1
|move|p1a: squirting|Alluring Voice|p2a: Hawlucha
|-supereffective|p2a: Hawlucha
|-damage|p2a: Hawlucha|0 fnt
|faint|p2a: Hawlucha
|
|-heal|p1a: squirting|8/100|[from] Grassy Terrain
|upkeep
|
|t:|1760738264
|switch|p2a: Rillaboom|Rillaboom, M|43/100
|turn|13
|
|t:|1760738269
|switch|p1a: tetitas|Rillaboom, F, shiny|74/100
|move|p2a: Rillaboom|Grassy Glide|p1a: tetitas
|-resisted|p1a: tetitas
|-damage|p1a: tetitas|51/100
|
|-heal|p1a: tetitas|57/100|[from] Grassy Terrain
|-heal|p2a: Rillaboom|49/100|[from] Grassy Terrain
|upkeep
|turn|14
|
|t:|1760738277
|move|p1a: tetitas|U-turn|p2a: Rillaboom
|-supereffective|p2a: Rillaboom
|-crit|p2a: Rillaboom
|-damage|p2a: Rillaboom|0 fnt
|faint|p2a: Rillaboom
|-damage|p1a: tetitas|47/100|[from] item: Life Orb
|
|t:|1760738284
|switch|p1a: chochito|Iron Moth, shiny|18/100|[from] U-turn
|
|-heal|p1a: chochito|24/100|[from] Grassy Terrain
|-fieldend|move: Grassy Terrain
|upkeep
|inactive|RedidouClasse has 120 seconds left.
|
|t:|1760738325
|switch|p2a: Oricorio|Oricorio-Pom-Pom, M|100/100
|turn|15
|
|t:|1760738330
|move|p1a: chochito|Sludge Wave|p2a: Oricorio
|-damage|p2a: Oricorio|39/100
|move|p2a: Oricorio|Quiver Dance|p2a: Oricorio
|-boost|p2a: Oricorio|spa|1
|-boost|p2a: Oricorio|spd|1
|-boost|p2a: Oricorio|spe|1
|
|upkeep
|turn|16
|inactive|RedidouClasse has 120 seconds left.
|
|t:|1760738370
|-terastallize|p2a: Oricorio|Ground
|move|p2a: Oricorio|Revelation Dance|p1a: chochito
|-supereffective|p1a: chochito
|-damage|p1a: chochito|0 fnt
|faint|p1a: chochito
|-end|p1a: chochito|Quark Drive|[silent]
|
|upkeep
|
|t:|1760738377
|switch|p1a: Barraskewda|Barraskewda, F|100/100
|turn|17
|
|t:|1760738381
|move|p1a: Barraskewda|Aqua Jet|p2a: Oricorio
|-supereffective|p2a: Oricorio
|-damage|p2a: Oricorio|0 fnt
|faint|p2a: Oricorio
|
|win|GateofGeass
|raw|GateofGeass's rating: 1188 &rarr; <strong>1206</strong><br />(+18 for winning)
|raw|RedidouClasse's rating: 1090 &rarr; <strong>1073</strong><br />(-17 for losing)
|l|☆RedidouClasse
|player|p2|
|l|☆GateofGeass
|player|p1|
