|j|☆Disband ICE
|j|☆yoda6547
|t:|1760814287
|gametype|singles
|player|p1|Disband ICE|workerice|1148
|player|p2|yoda6547|hilda-wonderlauncher|1166
|gen|9
|tier|[Gen 9] OU
|rated|
|rule|HP Percentage Mod: HP is shown in percentages
|rule|Endless Battle Clause: Forcing endless battles is banned
|rule|Species Clause: Limit one of each Pokémon
|rule|OHKO Clause: OHKO moves are banned
|rule|Evasion Items Clause: Evasion items are banned
|rule|Evasion Moves Clause: Evasion moves are banned
|rule|Evasion Abilities Clause: Evasion abilities are banned
|rule|Sleep Moves Clause: Sleep-inducing moves are banned
|clearpoke
|poke|p1|Grimmsnarl, M|
|poke|p1|Snorlax, F|
|poke|p1|Hoopa-Unbound|
|poke|p1|Walking Wake|
|poke|p1|Dragapult, F|
|poke|p1|Eiscue, M|
|poke|p2|Great Tusk|
|poke|p2|Heatran, M|
|poke|p2|Weavile, M|
|poke|p2|Primarina, M|
|poke|p2|Ogerpon, F|
|poke|p2|Pecharunt|
|teampreview
|inactive|Battle timer is ON: inactive players will automatically lose when time's up. (requested by Disband ICE)
|
|t:|1760814300
|teamsize|p1|6
|teamsize|p2|6
|start
|switch|p1a: Dragapult|Dragapult, F|100/100
|switch|p2a: jonathan|Heatran, M, shiny|100/100
|-item|p2a: jonathan|Air Balloon
|turn|1
|
|t:|1760814309
|move|p1a: Dragapult|U-turn|p2a: jonathan
|-resisted|p2a: jonathan
|-damage|p2a: jonathan|95/100
|-enditem|p2a: jonathan|Air Balloon
|c|☆yoda6547|banger name
|
|t:|1760814325
|switch|p1a: Walking Wake|Walking Wake|100/100|[from] U-turn
|move|p2a: jonathan|Magma Storm|p1a: Walking Wake
|-resisted|p1a: Walking Wake
|-damage|p1a: Walking Wake|85/100
|-activate|p1a: Walking Wake|move: Magma Storm|[of] p2a: jonathan
|
|-damage|p1a: Walking Wake|72/100|[from] move: Magma Storm|[partiallytrapped]
|upkeep
|turn|2
|
|t:|1760814339
|switch|p2a: Primarina|Primarina, M, shiny|100/100
|move|p1a: Walking Wake|Sunny Day|p1a: Walking Wake
|-weather|SunnyDay
|-activate|p1a: Walking Wake|ability: Protosynthesis
|-start|p1a: Walking Wake|protosynthesisspe
|
|-weather|SunnyDay|[upkeep]
|-end|p1a: Walking Wake|Magma Storm|[partiallytrapped]|[silent]
|upkeep
|turn|3
|
|t:|1760814357
|-end|p1a: Walking Wake|Protosynthesis|[silent]
|switch|p1a: Hoopa|Hoopa-Unbound|100/100
|move|p2a: Primarina|Moonblast|p1a: Hoopa
|-supereffective|p1a: Hoopa
|-damage|p1a: Hoopa|23/100
|-unboost|p1a: Hoopa|spa|1
|
|-weather|SunnyDay|[upkeep]
|-heal|p1a: Hoopa|29/100|[from] item: Leftovers
|upkeep
|turn|4
|
|t:|1760814369
|move|p1a: Hoopa|Thunderbolt|p2a: Primarina
|-supereffective|p2a: Primarina
|-damage|p2a: Primarina|75/100
|move|p2a: Primarina|Moonblast|p1a: Hoopa
|-supereffective|p1a: Hoopa
|-damage|p1a: Hoopa|0 fnt
|faint|p1a: Hoopa
|
|-weather|SunnyDay|[upkeep]
|upkeep
|
|t:|1760814393
|switch|p1a: Snorlax|Snorlax, F|100/100
|turn|5
|inactive|Disband ICE has 120 seconds left.
|inactive|yoda6547 has 120 seconds left.
|
|t:|1760814427
|-terastallize|p1a: Snorlax|Bug
|move|p2a: Primarina|Whirlpool|p1a: Snorlax
|-damage|p1a: Snorlax|94/100
|-activate|p1a: Snorlax|move: Whirlpool|[of] p2a: Primarina
|move|p1a: Snorlax|Belly Drum|p1a: Snorlax
|-damage|p1a: Snorlax|44/100
|-setboost|p1a: Snorlax|atk|6|[from] move: Belly Drum
|-enditem|p1a: Snorlax|Aguav Berry|[eat]
|-heal|p1a: Snorlax|77/100|[from] item: Aguav Berry
|
|-weather|SunnyDay|[upkeep]
|-damage|p1a: Snorlax|65/100|[from] move: Whirlpool|[partiallytrapped]
|upkeep
|turn|6
|inactive|yoda6547 has 120 seconds left.
|
|t:|1760814446
|move|p2a: Primarina|Moonblast|p1a: Snorlax
|-crit|p1a: Snorlax
|-damage|p1a: Snorlax|19/100
|-unboost|p1a: Snorlax|spa|1
|move|p1a: Snorlax|Heavy Slam|p2a: Primarina
|-damage|p2a: Primarina|0 fnt
|faint|p2a: Primarina
|
|-weather|none
|-end|p1a: Snorlax|Whirlpool|[partiallytrapped]|[silent]
|upkeep
|
|t:|1760814458
|switch|p2a: shrek|Ogerpon, F|100/100
|turn|7
|
|t:|1760814464
|-terastallize|p2a: shrek|Grass
|detailschange|p2a: shrek|Ogerpon-Teal-Tera, F, tera:Grass
|-ability|p2a: shrek|Embody Aspect (Teal)|boost
|-boost|p2a: shrek|spe|1
|move|p2a: shrek|Ivy Cudgel|p1a: Snorlax
|-resisted|p1a: Snorlax
|-damage|p1a: Snorlax|0 fnt
|faint|p1a: Snorlax
|
|upkeep
|
|t:|1760814472
|switch|p1a: Mr Grimm|Grimmsnarl, M|100/100
|turn|8
|
|t:|1760814477
|move|p1a: Mr Grimm|Reflect|p1a: Mr Grimm
|-sidestart|p1: Disband ICE|Reflect
|move|p2a: shrek|Ivy Cudgel|p1a: Mr Grimm
|-damage|p1a: Mr Grimm|60/100
|
|upkeep
|turn|9
|
|t:|1760814484
|move|p1a: Mr Grimm|Taunt|p2a: shrek
|-start|p2a: shrek|move: Taunt
|move|p2a: shrek|Ivy Cudgel|p1a: Mr Grimm
|-damage|p1a: Mr Grimm|14/100
|
|upkeep
|turn|10
|
|t:|1760814497
|move|p1a: Mr Grimm|Light Screen|p1a: Mr Grimm
|-sidestart|p1: Disband ICE|move: Light Screen
|move|p2a: shrek|Ivy Cudgel|p1a: Mr Grimm
|-crit|p1a: Mr Grimm
|-damage|p1a: Mr Grimm|0 fnt
|faint|p1a: Mr Grimm
|
|upkeep
|
|t:|1760814502
|switch|p1a: Eiscue|Eiscue, M|100/100
|turn|11
|
|t:|1760814513
|move|p2a: shrek|Ivy Cudgel|p1a: Eiscue
|-activate|p1a: Eiscue|ability: Ice Face
|-damage|p1a: Eiscue|100/100
|detailschange|p1a: Eiscue|Eiscue-Noice, M
|move|p1a: Eiscue|Agility|p1a: Eiscue
|-boost|p1a: Eiscue|spe|2
|
|-end|p2a: shrek|move: Taunt
|upkeep
|turn|12
|
|t:|1760814527
|move|p1a: Eiscue|Belly Drum|p1a: Eiscue
|-damage|p1a: Eiscue|50/100
|-setboost|p1a: Eiscue|atk|6|[from] move: Belly Drum
|move|p2a: shrek|Ivy Cudgel|p1a: Eiscue
|-damage|p1a: Eiscue|0 fnt
|faint|p1a: Eiscue
|
|upkeep
|
|t:|1760814534
|switch|p1a: Dragapult|Dragapult, F|100/100
|turn|13
|
|t:|1760814538
|move|p2a: shrek|Ivy Cudgel|p1a: Dragapult
|-resisted|p1a: Dragapult
|-crit|p1a: Dragapult
|-damage|p1a: Dragapult|0 fnt
|faint|p1a: Dragapult
|
|upkeep
|-message|Disband ICE forfeited.
|
|win|yoda6547
|raw|Disband ICE's rating: 1148 &rarr; <strong>1124</strong><br />(-24 for losing)
|raw|yoda6547's rating: 1166 &rarr; <strong>1190</strong><br />(+24 for winning)
|l|☆Disband ICE
|player|p1|
|c|☆yoda6547|that crit was nasty im sorry
