|j|☆hauntersnightmare
|j|☆hyperchoice
|t:|1760731978
|gametype|singles
|player|p1|hauntersnightmare|266|1547
|player|p2|hyperchoice|101|1612
|gen|9
|tier|[Gen 9] OU
|rated|
|rule|HP Percentage Mod: HP is shown in percentages
|rule|Endless Battle Clause: Forcing endless battles is banned
|rule|Species Clause: Limit one of each Pokémon
|rule|OHKO Clause: OHKO moves are banned
|rule|Evasion Items Clause: Evasion items are banned
|rule|Evasion Moves Clause: Evasion moves are banned
|rule|Evasion Abilities Clause: Evasion abilities are banned
|rule|Sleep Moves Clause: Sleep-inducing moves are banned
|clearpoke
|poke|p1|Iron Moth|
|poke|p1|Weezing-Galar, F|
|poke|p1|Gliscor, F|
|poke|p1|Corviknight, F|
|poke|p1|Ogerpon-Wellspring, F|
|poke|p1|Dragapult, M|
|poke|p2|Tyranitar, F|
|poke|p2|Excadrill, M|
|poke|p2|Kingambit, F|
|poke|p2|Garchomp, M|
|poke|p2|Pecharunt|
|poke|p2|Rotom-Wash|
|teampreview
|
|t:|1760732001
|teamsize|p1|6
|teamsize|p2|6
|start
|switch|p1a: Corviknight|Corviknight, F|100/100
|switch|p2a: Tyranitar|Tyranitar, F|100/100
|-weather|Sandstorm|[from] ability: Sand Stream|[of] p2a: Tyranitar
|-ability|p1a: Corviknight|Pressure
|turn|1
|
|t:|1760732008
|move|p2a: Tyranitar|Thunder Wave|p1a: Corviknight
|-status|p1a: Corviknight|par
|move|p1a: Corviknight|U-turn|p2a: Tyranitar
|-supereffective|p2a: Tyranitar
|-damage|p2a: Tyranitar|79/100
|
|t:|1760732011
|switch|p1a: Gliscor|Gliscor, F|100/100|[from] U-turn
|
|-weather|Sandstorm|[upkeep]
|-status|p1a: Gliscor|tox|[from] item: Toxic Orb
|upkeep
|turn|2
|
|t:|1760732018
|switch|p1a: Weezing|Weezing-Galar, F|100/100
|-ability|p1a: Weezing|Neutralizing Gas
|move|p2a: Tyranitar|Stealth Rock|p1a: Weezing
|-sidestart|p1: hauntersnightmare|move: Stealth Rock
|
|-weather|Sandstorm|[upkeep]
|-damage|p1a: Weezing|95/100|[from] Sandstorm
|-heal|p1a: Weezing|100/100|[from] item: Leftovers
|upkeep
|turn|3
|
|t:|1760732020
|move|p1a: Weezing|Will-O-Wisp|p2a: Tyranitar
|-status|p2a: Tyranitar|brn
|move|p2a: Tyranitar|Thunder Wave|p1a: Weezing
|-status|p1a: Weezing|par
|
|-weather|Sandstorm|[upkeep]
|-damage|p1a: Weezing|95/100 par|[from] Sandstorm
|-heal|p1a: Weezing|100/100 par|[from] item: Leftovers
|-damage|p2a: Tyranitar|73/100 brn|[from] brn
|upkeep
|turn|4
|
|t:|1760732022
|move|p2a: Tyranitar|Knock Off|p1a: Weezing
|-resisted|p1a: Weezing
|-damage|p1a: Weezing|93/100 par
|-enditem|p1a: Weezing|Leftovers|[from] move: Knock Off|[of] p2a: Tyranitar
|move|p1a: Weezing|Defog|p2a: Tyranitar
|-unboost|p2a: Tyranitar|evasion|1
|-sideend|p1: hauntersnightmare|Stealth Rock|[from] move: Defog|[of] p1a: Weezing
|
|-weather|Sandstorm|[upkeep]
|-damage|p1a: Weezing|87/100 par|[from] Sandstorm
|-damage|p2a: Tyranitar|67/100 brn|[from] brn
|upkeep
|turn|5
|
|t:|1760732025
|move|p2a: Tyranitar|Stealth Rock|p1a: Weezing
|-sidestart|p1: hauntersnightmare|move: Stealth Rock
|move|p1a: Weezing|Strange Steam|p2a: Tyranitar
|-supereffective|p2a: Tyranitar
|-damage|p2a: Tyranitar|43/100 brn
|
|-weather|Sandstorm|[upkeep]
|-damage|p1a: Weezing|81/100 par|[from] Sandstorm
|-damage|p2a: Tyranitar|37/100 brn|[from] brn
|upkeep
|turn|6
|
|t:|1760732030
|switch|p2a: Pecharunt|Pecharunt|100/100
|-item|p2a: Pecharunt|Air Balloon
|cant|p1a: Weezing|par
|
|-weather|Sandstorm|[upkeep]
|-damage|p2a: Pecharunt|94/100|[from] Sandstorm
|-damage|p1a: Weezing|75/100 par|[from] Sandstorm
|upkeep
|turn|7
|
|t:|1760732037
|move|p2a: Pecharunt|Parting Shot|p1a: Weezing
|-unboost|p1a: Weezing|atk|1
|-unboost|p1a: Weezing|spa|1
|
|t:|1760732041
|switch|p2a: Rotom|Rotom-Wash|100/100|[from] Parting Shot
|move|p1a: Weezing|Defog|p2a: Rotom
|-unboost|p2a: Rotom|evasion|1
|-sideend|p1: hauntersnightmare|Stealth Rock|[from] move: Defog|[of] p1a: Weezing
|
|-weather|Sandstorm|[upkeep]
|-damage|p2a: Rotom|94/100|[from] Sandstorm
|-damage|p1a: Weezing|69/100 par|[from] Sandstorm
|-heal|p2a: Rotom|100/100|[from] item: Leftovers
|upkeep
|turn|8
|
|t:|1760732046
|move|p2a: Rotom|Volt Switch|p1a: Weezing
|-damage|p1a: Weezing|32/100 par
|
|t:|1760732050
|switch|p2a: Tyranitar|Tyranitar, F|37/100 brn|[from] Volt Switch
|move|p1a: Weezing|Pain Split|p2a: Tyranitar
|-sethp|p2a: Tyranitar|32/100 brn|[from] move: Pain Split|[silent]
|-sethp|p1a: Weezing|38/100 par|[from] move: Pain Split
|
|-weather|none
|-damage|p2a: Tyranitar|25/100 brn|[from] brn
|upkeep
|turn|9
|
|t:|1760732056
|-end|p1a: Weezing|ability: Neutralizing Gas
|-weather|Sandstorm|[from] ability: Sand Stream|[of] p2a: Tyranitar
|switch|p1a: Ogerpon|Ogerpon-Wellspring, F|100/100
|move|p2a: Tyranitar|Stealth Rock|p1a: Ogerpon
|-sidestart|p1: hauntersnightmare|move: Stealth Rock
|
|-weather|Sandstorm|[upkeep]
|-damage|p1a: Ogerpon|95/100|[from] Sandstorm
|-damage|p2a: Tyranitar|19/100 brn|[from] brn
|upkeep
|turn|10
|
|t:|1760732062
|switch|p2a: Pecharunt|Pecharunt|94/100
|-item|p2a: Pecharunt|Air Balloon
|move|p1a: Ogerpon|Ivy Cudgel|p2a: Pecharunt|[anim] Ivy Cudgel Water
|-damage|p2a: Pecharunt|68/100
|-enditem|p2a: Pecharunt|Air Balloon
|
|-weather|Sandstorm|[upkeep]
|-damage|p1a: Ogerpon|89/100|[from] Sandstorm
|-damage|p2a: Pecharunt|62/100|[from] Sandstorm
|upkeep
|turn|11
|
|t:|1760732068
|switch|p1a: Gliscor|Gliscor, F|100/100 tox
|-damage|p1a: Gliscor|88/100 tox|[from] Stealth Rock
|move|p2a: Pecharunt|Recover|p2a: Pecharunt
|-heal|p2a: Pecharunt|100/100
|
|-weather|Sandstorm|[upkeep]
|-damage|p2a: Pecharunt|94/100|[from] Sandstorm
|-heal|p1a: Gliscor|100/100 tox|[from] ability: Poison Heal
|upkeep
|turn|12
|
|t:|1760732071
|move|p1a: Gliscor|Spikes|p2a: Pecharunt
|-sidestart|p2: hyperchoice|Spikes
|move|p2a: Pecharunt|Parting Shot|p1a: Gliscor
|-unboost|p1a: Gliscor|atk|1
|-unboost|p1a: Gliscor|spa|1
|
|t:|1760732077
|switch|p2a: Garchomp|Garchomp, M|100/100|[from] Parting Shot
|-damage|p2a: Garchomp|88/100|[from] Spikes
|
|-weather|Sandstorm|[upkeep]
|upkeep
|turn|13
|
|t:|1760732079
|move|p2a: Garchomp|Swords Dance|p2a: Garchomp
|-boost|p2a: Garchomp|atk|2
|move|p1a: Gliscor|Toxic|p2a: Garchomp
|-status|p2a: Garchomp|tox
|
|-weather|Sandstorm|[upkeep]
|-damage|p2a: Garchomp|82/100 tox|[from] psn
|upkeep
|turn|14
|
|t:|1760732082
|move|p2a: Garchomp|Scale Shot|p1a: Gliscor
|-damage|p1a: Gliscor|81/100 tox
|-damage|p1a: Gliscor|58/100 tox
|-damage|p1a: Gliscor|37/100 tox
|-damage|p1a: Gliscor|18/100 tox
|-crit|p1a: Gliscor
|-damage|p1a: Gliscor|0 fnt
|faint|p1a: Gliscor
|-hitcount|p1: Gliscor|5
|-unboost|p2a: Garchomp|def|1
|-boost|p2a: Garchomp|spe|1
|
|-weather|Sandstorm|[upkeep]
|-damage|p2a: Garchomp|70/100 tox|[from] psn
|upkeep
|
|t:|1760732092
|switch|p1a: Corviknight|Corviknight, F|100/100 par
|-damage|p1a: Corviknight|88/100 par|[from] Stealth Rock
|-ability|p1a: Corviknight|Pressure
|turn|15
|
|t:|1760732097
|move|p2a: Garchomp|Fire Fang|p1a: Corviknight
|-supereffective|p1a: Corviknight
|-damage|p1a: Corviknight|32/100 par
|-damage|p2a: Garchomp|53/100 tox|[from] item: Rocky Helmet|[of] p1a: Corviknight
|move|p1a: Corviknight|Roost|p1a: Corviknight
|-heal|p1a: Corviknight|82/100 par
|-singleturn|p1a: Corviknight|move: Roost
|
|-weather|Sandstorm|[upkeep]
|-damage|p2a: Garchomp|35/100 tox|[from] psn
|upkeep
|turn|16
|
|t:|1760732107
|move|p2a: Garchomp|Swords Dance|p2a: Garchomp
|-boost|p2a: Garchomp|atk|2
|move|p1a: Corviknight|Roost|p1a: Corviknight
|-heal|p1a: Corviknight|100/100 par
|-singleturn|p1a: Corviknight|move: Roost
|
|-weather|none
|-damage|p2a: Garchomp|10/100 tox|[from] psn
|upkeep
|turn|17
|
|t:|1760732113
|switch|p1a: Weezing|Weezing-Galar, F|38/100 par
|-ability|p1a: Weezing|Neutralizing Gas
|-damage|p1a: Weezing|26/100 par|[from] Stealth Rock
|move|p2a: Garchomp|Scale Shot|p1a: Weezing
|-immune|p1a: Weezing
|
|-damage|p2a: Garchomp|0 fnt|[from] psn
|faint|p2a: Garchomp
|upkeep
|
|t:|1760732116
|switch|p2a: Excadrill|Excadrill, M|100/100
|-item|p2a: Excadrill|Air Balloon
|turn|18
|
|t:|1760732122
|move|p2a: Excadrill|Earthquake|p1a: Weezing
|-supereffective|p1a: Weezing
|-damage|p1a: Weezing|0 fnt
|faint|p1a: Weezing
|-end|p1a: Weezing|ability: Neutralizing Gas
|
|upkeep
|
|t:|1760732124
|switch|p1a: Corviknight|Corviknight, F|100/100 par
|-damage|p1a: Corviknight|88/100 par|[from] Stealth Rock
|-ability|p1a: Corviknight|Pressure
|turn|19
|
|t:|1760732129
|switch|p2a: Rotom|Rotom-Wash|100/100
|move|p1a: Corviknight|Defog|p2a: Rotom
|-unboost|p2a: Rotom|evasion|1
|-sideend|p2: hyperchoice|Spikes|[from] move: Defog|[of] p1a: Corviknight
|-sideend|p1: hauntersnightmare|Stealth Rock|[from] move: Defog|[of] p1a: Corviknight
|
|upkeep
|turn|20
|
|t:|1760732136
|switch|p1a: Dragapult|Dragapult, M|100/100
|move|p2a: Rotom|Volt Switch|p1a: Dragapult
|-resisted|p1a: Dragapult
|-damage|p1a: Dragapult|80/100
|
|t:|1760732138
|switch|p2a: Tyranitar|Tyranitar, F|19/100 brn|[from] Volt Switch
|-weather|Sandstorm|[from] ability: Sand Stream|[of] p2a: Tyranitar
|
|-weather|Sandstorm|[upkeep]
|-damage|p1a: Dragapult|74/100|[from] Sandstorm
|-damage|p2a: Tyranitar|13/100 brn|[from] brn
|upkeep
|turn|21
|
|t:|1760732142
|move|p1a: Dragapult|U-turn|p2a: Tyranitar
|-supereffective|p2a: Tyranitar
|-damage|p2a: Tyranitar|0 fnt
|faint|p2a: Tyranitar
|
|t:|1760732148
|switch|p1a: Corviknight|Corviknight, F|88/100 par|[from] U-turn
|-ability|p1a: Corviknight|Pressure
|
|-weather|Sandstorm|[upkeep]
|upkeep
|
|t:|1760732150
|switch|p2a: Rotom|Rotom-Wash|100/100
|turn|22
|
|t:|1760732153
|move|p2a: Rotom|Volt Switch|p1a: Corviknight
|-supereffective|p1a: Corviknight
|-damage|p1a: Corviknight|38/100 par
|
|t:|1760732156
|switch|p2a: Excadrill|Excadrill, M|100/100|[from] Volt Switch
|-item|p2a: Excadrill|Air Balloon
|cant|p1a: Corviknight|par
|
|-weather|Sandstorm|[upkeep]
|upkeep
|turn|23
|
|t:|1760732158
|move|p2a: Excadrill|Swords Dance|p2a: Excadrill
|-boost|p2a: Excadrill|atk|2
|move|p1a: Corviknight|U-turn|p2a: Excadrill
|-resisted|p2a: Excadrill
|-damage|p2a: Excadrill|91/100
|-enditem|p2a: Excadrill|Air Balloon
|
|t:|1760732162
|switch|p1a: Ogerpon|Ogerpon-Wellspring, F|89/100|[from] U-turn
|
|-weather|Sandstorm|[upkeep]
|-damage|p1a: Ogerpon|83/100|[from] Sandstorm
|upkeep
|turn|24
|
|t:|1760732166
|switch|p1a: Corviknight|Corviknight, F|38/100 par
|-ability|p1a: Corviknight|Pressure
|-terastallize|p2a: Excadrill|Ground
|move|p2a: Excadrill|Earthquake|p1a: Corviknight
|-immune|p1a: Corviknight
|
|-weather|Sandstorm|[upkeep]
|upkeep
|turn|25
|
|t:|1760732172
|move|p2a: Excadrill|Rock Slide|p1a: Corviknight
|-damage|p1a: Corviknight|0 fnt
|faint|p1a: Corviknight
|
|-weather|Sandstorm|[upkeep]
|upkeep
|
|t:|1760732177
|switch|p1a: Ogerpon|Ogerpon-Wellspring, F|83/100
|turn|26
|
|t:|1760732180
|switch|p1a: Dragapult|Dragapult, M|74/100
|move|p2a: Excadrill|Earthquake|p1a: Dragapult
|-damage|p1a: Dragapult|0 fnt
|faint|p1a: Dragapult
|
|-weather|Sandstorm|[upkeep]
|upkeep
|
|t:|1760732185
|switch|p1a: Iron Moth|Iron Moth|100/100
|turn|27
|
|t:|1760732187
|move|p2a: Excadrill|Earthquake|p1a: Iron Moth
|-supereffective|p1a: Iron Moth
|-damage|p1a: Iron Moth|0 fnt
|faint|p1a: Iron Moth
|-end|p1a: Iron Moth|Quark Drive|[silent]
|
|-weather|none
|upkeep
|
|t:|1760732188
|switch|p1a: Ogerpon|Ogerpon-Wellspring, F|83/100
|turn|28
|
|t:|1760732193
|move|p1a: Ogerpon|Ivy Cudgel|p2a: Excadrill|[anim] Ivy Cudgel Water
|-supereffective|p2a: Excadrill
|-damage|p2a: Excadrill|0 fnt
|faint|p2a: Excadrill
|
|upkeep
|
|t:|1760732196
|switch|p2a: Pecharunt|Pecharunt|94/100
|turn|29
|
|t:|1760732201
|-terastallize|p1a: Ogerpon|Water
|detailschange|p1a: Ogerpon|Ogerpon-Wellspring-Tera, F, tera:Water
|-ability|p1a: Ogerpon|Embody Aspect (Wellspring)|boost
|-boost|p1a: Ogerpon|spd|1
|move|p1a: Ogerpon|Swords Dance|p1a: Ogerpon
|-boost|p1a: Ogerpon|atk|2
|move|p2a: Pecharunt|Parting Shot|p1a: Ogerpon
|-unboost|p1a: Ogerpon|atk|1
|-unboost|p1a: Ogerpon|spa|1
|
|t:|1760732205
|switch|p2a: Rotom|Rotom-Wash|100/100|[from] Parting Shot
|
|upkeep
|turn|30
|
|t:|1760732207
|move|p1a: Ogerpon|Power Whip|p2a: Rotom
|-supereffective|p2a: Rotom
|-damage|p2a: Rotom|0 fnt
|faint|p2a: Rotom
|
|upkeep
|
|t:|1760732210
|switch|p2a: Pecharunt|Pecharunt|94/100
|turn|31
|
|t:|1760732213
|move|p1a: Ogerpon|Swords Dance|p1a: Ogerpon
|-boost|p1a: Ogerpon|atk|2
|move|p2a: Pecharunt|Malignant Chain|p1a: Ogerpon
|-damage|p1a: Ogerpon|59/100
|-status|p1a: Ogerpon|tox
|-start|p1a: Ogerpon|confusion|[from] ability: Poison Puppeteer|[of] p2a: Pecharunt
|
|-damage|p1a: Ogerpon|53/100 tox|[from] psn
|upkeep
|turn|32
|
|t:|1760732219
|-activate|p1a: Ogerpon|confusion
|move|p1a: Ogerpon|Synthesis|p1a: Ogerpon
|-heal|p1a: Ogerpon|100/100 tox
|move|p2a: Pecharunt|Recover|p2a: Pecharunt
|-heal|p2a: Pecharunt|100/100
|
|-damage|p1a: Ogerpon|89/100 tox|[from] psn
|upkeep
|turn|33
|
|t:|1760732222
|-activate|p1a: Ogerpon|confusion
|move|p1a: Ogerpon|Ivy Cudgel|p2a: Pecharunt|[anim] Ivy Cudgel Water
|-damage|p2a: Pecharunt|3/100
|move|p2a: Pecharunt|Malignant Chain|p1a: Ogerpon
|-damage|p1a: Ogerpon|64/100 tox
|
|-damage|p1a: Ogerpon|46/100 tox|[from] psn
|upkeep
|turn|34
|
|t:|1760732226
|-activate|p1a: Ogerpon|confusion
|move|p1a: Ogerpon|Ivy Cudgel|p2a: Pecharunt|[anim] Ivy Cudgel Water
|-damage|p2a: Pecharunt|0 fnt
|faint|p2a: Pecharunt
|
|-damage|p1a: Ogerpon|22/100 tox|[from] psn
|upkeep
|
|t:|1760732229
|switch|p2a: Kingambit|Kingambit, F|100/100
|-activate|p2a: Kingambit|ability: Supreme Overlord
|-start|p2a: Kingambit|fallen5|[silent]
|turn|35
|
|t:|1760732232
|move|p2a: Kingambit|Sucker Punch||[still]
|-fail|p2a: Kingambit
|-end|p1a: Ogerpon|confusion
|move|p1a: Ogerpon|Synthesis|p1a: Ogerpon
|-heal|p1a: Ogerpon|72/100 tox
|
|-damage|p1a: Ogerpon|42/100 tox|[from] psn
|upkeep
|turn|36
|
|t:|1760732235
|move|p2a: Kingambit|Sucker Punch||[still]
|-fail|p2a: Kingambit
|move|p1a: Ogerpon|Synthesis|p1a: Ogerpon
|-heal|p1a: Ogerpon|92/100 tox
|
|-damage|p1a: Ogerpon|56/100 tox|[from] psn
|upkeep
|turn|37
|
|t:|1760732239
|move|p2a: Kingambit|Sucker Punch||[still]
|-fail|p2a: Kingambit
|move|p1a: Ogerpon|Synthesis|p1a: Ogerpon
|-heal|p1a: Ogerpon|100/100 tox
|
|-damage|p1a: Ogerpon|59/100 tox|[from] psn
|upkeep
|turn|38
|
|t:|1760732243
|move|p2a: Kingambit|Sucker Punch||[still]
|-fail|p2a: Kingambit
|move|p1a: Ogerpon|Synthesis|p1a: Ogerpon
|-heal|p1a: Ogerpon|100/100 tox
|
|-damage|p1a: Ogerpon|53/100 tox|[from] psn
|upkeep
|turn|39
|
|t:|1760732245
|move|p2a: Kingambit|Sucker Punch||[still]
|-fail|p2a: Kingambit
|move|p1a: Ogerpon|Synthesis|p1a: Ogerpon
|-heal|p1a: Ogerpon|100/100 tox
|
|-damage|p1a: Ogerpon|47/100 tox|[from] psn
|upkeep
|turn|40
|
|t:|1760732249
|move|p2a: Kingambit|Sucker Punch||[still]
|-fail|p2a: Kingambit
|move|p1a: Ogerpon|Synthesis|p1a: Ogerpon
|-heal|p1a: Ogerpon|97/100 tox
|
|-damage|p1a: Ogerpon|37/100 tox|[from] psn
|upkeep
|turn|41
|
|t:|1760732255
|move|p2a: Kingambit|Sucker Punch||[still]
|-fail|p2a: Kingambit
|move|p1a: Ogerpon|Synthesis|p1a: Ogerpon
|-heal|p1a: Ogerpon|87/100 tox
|
|-damage|p1a: Ogerpon|21/100 tox|[from] psn
|upkeep
|turn|42
|
|t:|1760732258
|move|p2a: Kingambit|Sucker Punch|p1a: Ogerpon
|-damage|p1a: Ogerpon|0 fnt
|faint|p1a: Ogerpon
|detailschange|p1: Ogerpon|Ogerpon-Wellspring, F|[silent]
|
|win|hyperchoice
|raw|hauntersnightmare's rating: 1547 &rarr; <strong>1531</strong><br />(-16 for losing)
|raw|hyperchoice's rating: 1612 &rarr; <strong>1628</strong><br />(+16 for winning)
|c|☆hauntersnightmare|gg
|c|☆hyperchoice|Gg
|l|☆hauntersnightmare
|player|p1|
|l|☆hyperchoice
|player|p2|
