|j|☆peruanitopro1244
|j|☆qwp1027
|t:|1760836320
|gametype|singles
|player|p1|peruanitopro1244|janitor|1367
|player|p2|qwp1027|caitlin-masters|1392
|gen|9
|tier|[Gen 9] OU
|rated|
|rule|HP Percentage Mod: HP is shown in percentages
|rule|Endless Battle Clause: Forcing endless battles is banned
|rule|Species Clause: Limit one of each Pokémon
|rule|OHKO Clause: OHKO moves are banned
|rule|Evasion Items Clause: Evasion items are banned
|rule|Evasion Moves Clause: Evasion moves are banned
|rule|Evasion Abilities Clause: Evasion abilities are banned
|rule|Sleep Moves Clause: Sleep-inducing moves are banned
|clearpoke
|poke|p1|Ninetales-Alola, F|
|poke|p1|Darkrai|
|poke|p1|Corviknight, M|
|poke|p1|Ogerpon-Wellspring, F|
|poke|p1|Beartic, F|
|poke|p1|Heatran, M|
|poke|p2|Pelipper, F|
|poke|p2|Kingdra, F|
|poke|p2|Iron Treads|
|poke|p2|Ogerpon-Wellspring, F|
|poke|p2|Raging Bolt|
|poke|p2|Basculegion-F, F|
|teampreview
|inactive|Battle timer is ON: inactive players will automatically lose when time's up. (requested by qwp1027)
|
|t:|1760836330
|teamsize|p1|6
|teamsize|p2|6
|start
|switch|p1a: Metaknight|Corviknight, M|100/100
|switch|p2a: Pelipper|Pelipper, F|100/100
|-ability|p1a: Metaknight|Pressure
|-weather|RainDance|[from] ability: Drizzle|[of] p2a: Pelipper
|turn|1
|
|t:|1760836334
|switch|p2a: Raging Bolt|Raging Bolt|100/100
|-enditem|p2a: Raging Bolt|Booster Energy
|-activate|p2a: Raging Bolt|ability: Protosynthesis|[fromitem]
|-start|p2a: Raging Bolt|protosynthesisspa
|move|p1a: Metaknight|U-turn|p2a: Raging Bolt
|-damage|p2a: Raging Bolt|89/100
|
|t:|1760836337
|switch|p1a: Yae|Ninetales-Alola, F|100/100|[from] U-turn
|-weather|Snowscape|[from] ability: Snow Warning|[of] p1a: Yae
|
|-weather|Snowscape|[upkeep]
|upkeep
|turn|2
|
|t:|1760836344
|-terastallize|p2a: Raging Bolt|Electric
|move|p1a: Yae|Freeze-Dry|p2a: Raging Bolt
|-crit|p2a: Raging Bolt
|-damage|p2a: Raging Bolt|64/100
|move|p2a: Raging Bolt|Thunderbolt|p1a: Yae
|-damage|p1a: Yae|8/100
|
|-weather|Snowscape|[upkeep]
|upkeep
|turn|3
|
|t:|1760836350
|move|p2a: Raging Bolt|Thunderclap||[still]
|-fail|p2a: Raging Bolt
|move|p1a: Yae|Aurora Veil|p1a: Yae
|-sidestart|p1: peruanitopro1244|move: Aurora Veil
|
|-weather|Snowscape|[upkeep]
|upkeep
|turn|4
|
|t:|1760836353
|move|p2a: Raging Bolt|Thunderclap||[still]
|-fail|p2a: Raging Bolt
|move|p1a: Yae|Encore|p2a: Raging Bolt
|-start|p2a: Raging Bolt|Encore
|
|-weather|Snowscape|[upkeep]
|upkeep
|turn|5
|
|t:|1760836358
|switch|p1a: Meta|Beartic, F|100/100
|-end|p2a: Raging Bolt|Protosynthesis|[silent]
|switch|p2a: Basculegion|Basculegion-F, F|100/100
|
|-weather|none
|upkeep
|turn|6
|
|t:|1760836368
|switch|p1a: Metaknight|Corviknight, M|100/100
|-ability|p1a: Metaknight|Pressure
|move|p2a: Basculegion|Flip Turn|p1a: Metaknight
|-damage|p1a: Metaknight|90/100
|-damage|p2a: Basculegion|84/100|[from] item: Rocky Helmet|[of] p1a: Metaknight
|
|t:|1760836374
|switch|p2a: Raging Bolt|Raging Bolt, tera:Electric|64/100|[from] Flip Turn
|
|upkeep
|turn|7
|
|t:|1760836383
|switch|p1a: Yae|Ninetales-Alola, F|8/100
|-weather|Snowscape|[from] ability: Snow Warning|[of] p1a: Yae
|move|p2a: Raging Bolt|Thunderbolt|p1a: Yae
|-damage|p1a: Yae|0 fnt
|faint|p1a: Yae
|
|-weather|Snowscape|[upkeep]
|upkeep
|
|t:|1760836389
|switch|p1a: Meta|Beartic, F|100/100
|turn|8
|
|t:|1760836398
|-end|p2a: Raging Bolt|Protosynthesis|[silent]
|switch|p2a: Basculegion|Basculegion-F, F|84/100
|move|p1a: Meta|Swords Dance|p1a: Meta
|-boost|p1a: Meta|atk|2
|
|-weather|Snowscape|[upkeep]
|upkeep
|turn|9
|
|t:|1760836404
|move|p1a: Meta|Earthquake|p2a: Basculegion
|-damage|p2a: Basculegion|0 fnt
|faint|p2a: Basculegion
|
|-weather|Snowscape|[upkeep]
|upkeep
|
|t:|1760836409
|switch|p2a: Pelipper|Pelipper, F|100/100
|-weather|RainDance|[from] ability: Drizzle|[of] p2a: Pelipper
|turn|10
|
|t:|1760836413
|switch|p2a: Iron Treads|Iron Treads|100/100
|move|p1a: Meta|Icicle Spear|p2a: Iron Treads
|-damage|p2a: Iron Treads|79/100
|-damage|p2a: Iron Treads|55/100
|-damage|p2a: Iron Treads|31/100
|-crit|p2a: Iron Treads
|-damage|p2a: Iron Treads|0 fnt
|faint|p2a: Iron Treads
|-end|p2a: Iron Treads|Quark Drive|[silent]
|-hitcount|p2: Iron Treads|4
|
|-weather|RainDance|[upkeep]
|-sideend|p1: peruanitopro1244|move: Aurora Veil
|upkeep
|
|t:|1760836425
|switch|p2a: Ogerpon|Ogerpon-Wellspring, F|100/100
|turn|11
|
|t:|1760836433
|switch|p1a: Metaknight|Corviknight, M|90/100
|-ability|p1a: Metaknight|Pressure
|move|p2a: Ogerpon|Ivy Cudgel|p1a: Metaknight|[anim] Ivy Cudgel Water
|-damage|p1a: Metaknight|40/100
|
|-weather|RainDance|[upkeep]
|upkeep
|turn|12
|
|t:|1760836443
|-terastallize|p1a: Metaknight|Dragon
|move|p2a: Ogerpon|Swords Dance|p2a: Ogerpon
|-boost|p2a: Ogerpon|atk|2
|move|p1a: Metaknight|Roost|p1a: Metaknight
|-heal|p1a: Metaknight|90/100
|
|-weather|RainDance|[upkeep]
|upkeep
|turn|13
|
|t:|1760836450
|move|p2a: Ogerpon|Play Rough|p1a: Metaknight
|-supereffective|p1a: Metaknight
|-damage|p1a: Metaknight|4/100
|-damage|p2a: Ogerpon|84/100|[from] item: Rocky Helmet|[of] p1a: Metaknight
|move|p1a: Metaknight|Brave Bird|p2a: Ogerpon
|-supereffective|p2a: Ogerpon
|-damage|p2a: Ogerpon|0 fnt
|faint|p2a: Ogerpon
|-damage|p1a: Metaknight|0 fnt|[from] Recoil
|faint|p1a: Metaknight
|
|-weather|RainDance|[upkeep]
|upkeep
|
|t:|1760836459
|switch|p2a: Kingdra|Kingdra, F|100/100
|switch|p1a: The devil|Ogerpon-Wellspring, F|100/100
|turn|14
|
|t:|1760836464
|switch|p1a: Cucarachon|Heatran, M|100/100
|move|p2a: Kingdra|Hurricane|p1a: Cucarachon
|-resisted|p1a: Cucarachon
|-damage|p1a: Cucarachon|85/100
|
|-weather|RainDance|[upkeep]
|-heal|p1a: Cucarachon|91/100|[from] item: Leftovers
|upkeep
|turn|15
|
|t:|1760836473
|switch|p2a: Pelipper|Pelipper, F|100/100
|move|p1a: Cucarachon|Earth Power|p2a: Pelipper
|-immune|p2a: Pelipper
|
|-weather|RainDance|[upkeep]
|-heal|p1a: Cucarachon|97/100|[from] item: Leftovers
|upkeep
|turn|16
|
|t:|1760836481
|switch|p1a: Superocho|Darkrai|100/100
|move|p2a: Pelipper|Weather Ball|p1a: Superocho
|-damage|p1a: Superocho|7/100
|
|-weather|RainDance|[upkeep]
|upkeep
|turn|17
|
|t:|1760836486
|switch|p2a: Raging Bolt|Raging Bolt, tera:Electric|64/100
|move|p1a: Superocho|Dark Pulse|p2a: Raging Bolt
|-crit|p2a: Raging Bolt
|-damage|p2a: Raging Bolt|0 fnt
|faint|p2a: Raging Bolt
|-end|p2a: Raging Bolt|Protosynthesis|[silent]
|-damage|p1a: Superocho|0 fnt|[from] item: Life Orb
|faint|p1a: Superocho
|
|-weather|none
|upkeep
|
|t:|1760836498
|switch|p1a: Meta|Beartic, F|100/100
|switch|p2a: Pelipper|Pelipper, F|100/100
|-weather|RainDance|[from] ability: Drizzle|[of] p2a: Pelipper
|turn|18
|
|t:|1760836504
|move|p1a: Meta|Icicle Spear|p2a: Pelipper
|-damage|p2a: Pelipper|86/100
|-damage|p2a: Pelipper|72/100
|-damage|p2a: Pelipper|58/100
|-damage|p2a: Pelipper|43/100
|-hitcount|p2a: Pelipper|4
|move|p2a: Pelipper|Weather Ball|p1a: Meta
|-damage|p1a: Meta|9/100
|
|-weather|RainDance|[upkeep]
|upkeep
|turn|19
|
|t:|1760836513
|move|p1a: Meta|Icicle Spear|p2a: Pelipper
|-damage|p2a: Pelipper|29/100
|-damage|p2a: Pelipper|15/100
|-damage|p2a: Pelipper|0 fnt
|faint|p2a: Pelipper
|-hitcount|p2: Pelipper|3
|
|-weather|RainDance|[upkeep]
|upkeep
|
|t:|1760836518
|switch|p2a: Kingdra|Kingdra, F|100/100
|turn|20
|
|t:|1760836526
|move|p2a: Kingdra|Hurricane|p1a: Meta
|-damage|p1a: Meta|0 fnt
|faint|p1a: Meta
|
|-weather|RainDance|[upkeep]
|upkeep
|
|t:|1760836528
|switch|p1a: Cucarachon|Heatran, M|97/100
|turn|21
|
|t:|1760836533
|move|p2a: Kingdra|Hurricane|p1a: Cucarachon
|-resisted|p1a: Cucarachon
|-damage|p1a: Cucarachon|83/100
|move|p1a: Cucarachon|Magma Storm|p2a: Kingdra
|-resisted|p2a: Kingdra
|-damage|p2a: Kingdra|94/100
|-activate|p2a: Kingdra|move: Magma Storm|[of] p1a: Cucarachon
|
|-weather|RainDance|[upkeep]
|-heal|p1a: Cucarachon|89/100|[from] item: Leftovers
|-damage|p2a: Kingdra|82/100|[from] move: Magma Storm|[partiallytrapped]
|upkeep
|turn|22
|
|t:|1760836536
|move|p2a: Kingdra|Hurricane|p1a: Cucarachon
|-resisted|p1a: Cucarachon
|-damage|p1a: Cucarachon|74/100
|move|p1a: Cucarachon|Earth Power|p2a: Kingdra
|-damage|p2a: Kingdra|53/100
|
|-weather|RainDance|[upkeep]
|-heal|p1a: Cucarachon|81/100|[from] item: Leftovers
|-damage|p2a: Kingdra|40/100|[from] move: Magma Storm|[partiallytrapped]
|upkeep
|turn|23
|-message|qwp1027 forfeited.
|
|win|peruanitopro1244
|raw|peruanitopro1244's rating: 1367 &rarr; <strong>1388</strong><br />(+21 for winning)
|raw|qwp1027's rating: 1392 &rarr; <strong>1371</strong><br />(-21 for losing)
|l|☆peruanitopro1244
|player|p1|
|l|☆qwp1027
|player|p2|
|j|☆qwp1027
|player|p2|qwp1027|caitlin-masters|
