|inactive|Battle timer is ON: inactive players will automatically lose when time's up.
|t:|1760829619
|gametype|singles
|player|p1|heileone2|pokemonbreederf-gen4|
|player|p2|ABR|#abr|
|gen|9
|tier|[Gen 9] OU
|rule|HP Percentage Mod: HP is shown in percentages
|rule|Endless Battle Clause: Forcing endless battles is banned
|rule|Species Clause: Limit one of each Pokémon
|rule|OHKO Clause: OHKO moves are banned
|rule|Evasion Items Clause: Evasion items are banned
|rule|Evasion Moves Clause: Evasion moves are banned
|rule|Evasion Abilities Clause: Evasion abilities are banned
|rule|Sleep Moves Clause: Sleep-inducing moves are banned
|clearpoke
|poke|p1|Samurott-Hisui, F|
|poke|p1|Iron Moth|
|poke|p1|Kyurem|
|poke|p1|Great Tusk|
|poke|p1|Gholdengo|
|poke|p1|Ogerpon, F|
|poke|p2|Ogerpon, F|
|poke|p2|Weezing-Galar, F|
|poke|p2|Alomomola, F|
|poke|p2|Gliscor, F|
|poke|p2|Moltres|
|poke|p2|Darkrai|
|teampreview
|inactive|ABR also wants the timer to be on.
|c|☆heileone2|hf
|c|☆ABR|hf
|raw|<div class="broadcast-red"><strong>Moderated chat was set to ☆!</strong><br />Only users of rank ☆ and higher can talk.</div>
|inactive|heileone2 has 270 seconds left.
|inactive|ABR has 270 seconds left.
|inactive|heileone2 has 240 seconds left.
|rated|Smogon Champions League
|inactive|ABR has 240 seconds left.
|
|t:|1760829707
|teamsize|p1|6
|teamsize|p2|6
|start
|switch|p1a: Kyurem|Kyurem|100/100
|switch|p2a: Ogerpon|Ogerpon, F|100/100
|-ability|p1a: Kyurem|Pressure
|turn|1
|inactive|heileone2 has 270 seconds left.
|
|t:|1760829751
|-terastallize|p2a: Ogerpon|Grass
|detailschange|p2a: Ogerpon|Ogerpon-Teal-Tera, F, tera:Grass
|-ability|p2a: Ogerpon|Embody Aspect (Teal)|boost
|-boost|p2a: Ogerpon|spe|1
|move|p2a: Ogerpon|Superpower|p1a: Kyurem
|-supereffective|p1a: Kyurem
|-damage|p1a: Kyurem|0 fnt
|-unboost|p2a: Ogerpon|atk|1
|-unboost|p2a: Ogerpon|def|1
|faint|p1a: Kyurem
|
|upkeep
|
|t:|1760829756
|switch|p1a: Iron Moth|Iron Moth|100/100
|turn|2
|
|t:|1760829773
|switch|p2a: Gliscor|Gliscor, F|100/100
|move|p1a: Iron Moth|Sludge Wave|p2a: Gliscor
|-resisted|p2a: Gliscor
|-damage|p2a: Gliscor|64/100
|
|-status|p2a: Gliscor|tox|[from] item: Toxic Orb
|upkeep
|turn|3
|inactive|ABR has 270 seconds left.
|
|t:|1760829798
|-end|p1a: Iron Moth|Quark Drive|[silent]
|switch|p1a: Samurott|Samurott-Hisui, F|100/100
|move|p2a: Gliscor|Stealth Rock|p1a: Samurott
|-sidestart|p1: heileone2|move: Stealth Rock
|
|-heal|p2a: Gliscor|77/100 tox|[from] ability: Poison Heal
|upkeep
|turn|4
|inactive|ABR has 270 seconds left.
|
|t:|1760829826
|move|p1a: Samurott|Razor Shell|p2a: Gliscor
|-supereffective|p2a: Gliscor
|-damage|p2a: Gliscor|0 fnt
|faint|p2a: Gliscor
|
|upkeep
|
|t:|1760829832
|switch|p2a: Ogerpon|Ogerpon-Teal-Tera, F, tera:Grass|100/100
|-ability|p2a: Ogerpon|Embody Aspect (Teal)|boost
|-boost|p2a: Ogerpon|spe|1
|turn|5
|
|t:|1760829851
|move|p2a: Ogerpon|Ivy Cudgel|p1a: Samurott
|-supereffective|p1a: Samurott
|-enditem|p1a: Samurott|Focus Sash
|-damage|p1a: Samurott|1/100
|move|p1a: Samurott|Ceaseless Edge|p2a: Ogerpon
|-damage|p2a: Ogerpon|34/100
|-sidestart|p2: ABR|Spikes
|
|upkeep
|turn|6
|
|t:|1760829857
|switch|p2a: Alomomola|Alomomola, F|100/100
|-damage|p2a: Alomomola|88/100|[from] Spikes
|move|p1a: Samurott|Knock Off|p2a: Alomomola
|-damage|p2a: Alomomola|64/100
|-damage|p1a: Samurott|0 fnt|[from] item: Rocky Helmet|[of] p2a: Alomomola
|faint|p1a: Samurott
|
|upkeep
|
|t:|1760829860
|switch|p1a: Ogerpon|Ogerpon, F|100/100
|turn|7
|inactive|heileone2 has 270 seconds left.
|
|t:|1760829873
|switch|p2a: Weezing|Weezing-Galar, F|100/100
|-ability|p2a: Weezing|Neutralizing Gas
|-damage|p2a: Weezing|88/100|[from] Spikes
|move|p1a: Ogerpon|Ivy Cudgel|p2a: Weezing
|-resisted|p2a: Weezing
|-damage|p2a: Weezing|71/100
|
|-heal|p2a: Weezing|77/100|[from] item: Leftovers
|upkeep
|turn|8
|inactive|heileone2 has 270 seconds left.
|inactive|ABR has 240 seconds left.
|inactive|ABR has 210 seconds left.
|inactive|heileone2 has 240 seconds left.
|
|t:|1760829941
|move|p1a: Ogerpon|Knock Off|p2a: Weezing
|-resisted|p2a: Weezing
|-damage|p2a: Weezing|67/100
|-enditem|p2a: Weezing|Leftovers|[from] move: Knock Off|[of] p1a: Ogerpon
|move|p2a: Weezing|Will-O-Wisp|p1a: Ogerpon
|-status|p1a: Ogerpon|brn
|
|-damage|p1a: Ogerpon|95/100 brn|[from] brn
|upkeep
|turn|9
|
|t:|1760829953
|-end|p2a: Weezing|ability: Neutralizing Gas
|switch|p2a: Alomomola|Alomomola, F|97/100
|-damage|p2a: Alomomola|85/100|[from] Spikes
|move|p1a: Ogerpon|U-turn|p2a: Alomomola
|-damage|p2a: Alomomola|79/100
|-damage|p1a: Ogerpon|78/100 brn|[from] item: Rocky Helmet|[of] p2a: Alomomola
|
|t:|1760829958
|switch|p1a: Great Tusk|Great Tusk|100/100|[from] U-turn
|-damage|p1a: Great Tusk|98/100|[from] Stealth Rock
|
|upkeep
|turn|10
|inactive|ABR has 210 seconds left.
|
|t:|1760829968
|move|p1a: Great Tusk|Rapid Spin|p2a: Alomomola
|-damage|p2a: Alomomola|69/100
|-boost|p1a: Great Tusk|spe|1
|-damage|p1a: Great Tusk|81/100|[from] item: Rocky Helmet|[of] p2a: Alomomola
|-sideend|p1: heileone2|Stealth Rock|[from] move: Rapid Spin|[of] p1a: Great Tusk
|move|p2a: Alomomola|Wish|p2a: Alomomola
|
|upkeep
|turn|11
|inactive|ABR has 210 seconds left.
|
|t:|1760829979
|move|p1a: Great Tusk|Stealth Rock|p2a: Alomomola
|-sidestart|p2: ABR|move: Stealth Rock
|move|p2a: Alomomola|Flip Turn|p1a: Great Tusk
|-supereffective|p1a: Great Tusk
|-damage|p1a: Great Tusk|57/100
|-damage|p2a: Alomomola|52/100|[from] item: Rocky Helmet|[of] p1a: Great Tusk
|inactive|ABR has 210 seconds left.
|
|t:|1760829985
|switch|p2a: Ogerpon|Ogerpon-Teal-Tera, F, tera:Grass|34/100|[from] Flip Turn
|-damage|p2a: Ogerpon|22/100|[from] Spikes
|-damage|p2a: Ogerpon|9/100|[from] Stealth Rock
|-ability|p2a: Ogerpon|Embody Aspect (Teal)|boost
|-boost|p2a: Ogerpon|spe|1
|
|-heal|p2a: Ogerpon|97/100|[from] move: Wish|[wisher] Alomomola
|upkeep
|turn|12
|inactive|ABR has 210 seconds left.
|inactive|heileone2 has 240 seconds left.
|inactive|ABR has 180 seconds left.
|
|t:|1760830031
|-terastallize|p1a: Great Tusk|Steel
|move|p2a: Ogerpon|Ivy Cudgel|p1a: Great Tusk
|-resisted|p1a: Great Tusk
|-damage|p1a: Great Tusk|20/100
|move|p1a: Great Tusk|Ice Spinner|p2a: Ogerpon
|-supereffective|p2a: Ogerpon
|-damage|p2a: Ogerpon|25/100
|
|upkeep
|turn|13
|inactive|ABR has 180 seconds left.
|inactive|heileone2 has 210 seconds left.
|inactive|ABR has 150 seconds left.
|
|t:|1760830083
|move|p2a: Ogerpon|Ivy Cudgel|p1a: Great Tusk
|-resisted|p1a: Great Tusk
|-crit|p1a: Great Tusk
|-damage|p1a: Great Tusk|0 fnt
|faint|p1a: Great Tusk
|-end|p1a: Great Tusk|Protosynthesis|[silent]
|
|upkeep
|
|t:|1760830085
|switch|p1a: Iron Moth|Iron Moth|100/100
|turn|14
|
|t:|1760830111
|move|p2a: Ogerpon|Ivy Cudgel|p1a: Iron Moth
|-resisted|p1a: Iron Moth
|-damage|p1a: Iron Moth|55/100
|move|p1a: Iron Moth|Sludge Wave|p2a: Ogerpon
|-supereffective|p2a: Ogerpon
|-damage|p2a: Ogerpon|0 fnt
|faint|p2a: Ogerpon
|detailschange|p2: Ogerpon|Ogerpon, F|[silent]
|
|upkeep
|inactive|ABR has 120 seconds left.
|inactive|ABR has 90 seconds left.
|
|t:|1760830152
|switch|p2a: Moltres|Moltres|100/100
|turn|15
|
|t:|1760830158
|move|p1a: Iron Moth|Sludge Wave|p2a: Moltres
|-crit|p2a: Moltres
|-damage|p2a: Moltres|7/100
|move|p2a: Moltres|Flamethrower|p1a: Iron Moth
|-resisted|p1a: Iron Moth
|-damage|p1a: Iron Moth|35/100
|
|upkeep
|turn|16
|inactive|ABR has 90 seconds left.
|
|t:|1760830199
|move|p1a: Iron Moth|Sludge Wave|p2a: Moltres
|-damage|p2a: Moltres|0 fnt
|faint|p2a: Moltres
|
|upkeep
|
|t:|1760830202
|switch|p2a: Darkrai|Darkrai|100/100
|-damage|p2a: Darkrai|88/100|[from] Spikes
|-damage|p2a: Darkrai|76/100|[from] Stealth Rock
|turn|17
|inactive|heileone2 has 240 seconds left.
|inactive|ABR has 60 seconds left.
|
|t:|1760830225
|-end|p1a: Iron Moth|Quark Drive|[silent]
|switch|p1a: Ogerpon|Ogerpon, F|78/100 brn
|move|p2a: Darkrai|Dark Pulse|p1a: Ogerpon
|-damage|p1a: Ogerpon|28/100 brn
|
|-heal|p2a: Darkrai|82/100|[from] item: Leftovers
|-damage|p1a: Ogerpon|22/100 brn|[from] brn
|upkeep
|turn|18
|inactive|ABR has 60 seconds left.
|
|t:|1760830253
|move|p2a: Darkrai|Dark Pulse|p1a: Ogerpon
|-damage|p1a: Ogerpon|0 fnt
|faint|p1a: Ogerpon
|
|-heal|p2a: Darkrai|88/100|[from] item: Leftovers
|upkeep
|
|t:|1760830255
|switch|p1a: Gholdengo|Gholdengo|100/100
|turn|19
|inactive|ABR has 60 seconds left.
|inactive|heileone2 has 210 seconds left.
|
|t:|1760830293
|switch|p2a: Weezing|Weezing-Galar, F|67/100
|-ability|p2a: Weezing|Neutralizing Gas
|-damage|p2a: Weezing|54/100|[from] Spikes
|-damage|p2a: Weezing|42/100|[from] Stealth Rock
|move|p1a: Gholdengo|Make It Rain|p2a: Weezing
|-supereffective|p2a: Weezing
|-damage|p2a: Weezing|0 fnt
|-unboost|p1a: Gholdengo|spa|1
|faint|p2a: Weezing
|-end|p2a: Weezing|ability: Neutralizing Gas
|
|upkeep
|
|t:|1760830306
|switch|p2a: Alomomola|Alomomola, F|86/100
|-damage|p2a: Alomomola|73/100|[from] Spikes
|-damage|p2a: Alomomola|61/100|[from] Stealth Rock
|turn|20
|
|t:|1760830315
|move|p1a: Gholdengo|Make It Rain|p2a: Alomomola
|-resisted|p2a: Alomomola
|-damage|p2a: Alomomola|37/100
|-unboost|p1a: Gholdengo|spa|1
|move|p2a: Alomomola|Flip Turn|p1a: Gholdengo
|-damage|p1a: Gholdengo|80/100
|
|t:|1760830322
|switch|p2a: Darkrai|Darkrai|88/100|[from] Flip Turn
|-damage|p2a: Darkrai|76/100|[from] Spikes
|-damage|p2a: Darkrai|63/100|[from] Stealth Rock
|
|-heal|p2a: Darkrai|69/100|[from] item: Leftovers
|upkeep
|turn|21
|
|t:|1760830334
|switch|p1a: Iron Moth|Iron Moth|35/100
|move|p2a: Darkrai|Dark Pulse|p1a: Iron Moth
|-damage|p1a: Iron Moth|0 fnt
|faint|p1a: Iron Moth
|-end|p1a: Iron Moth|Quark Drive|[silent]
|
|-heal|p2a: Darkrai|76/100|[from] item: Leftovers
|upkeep
|
|t:|1760830336
|switch|p1a: Gholdengo|Gholdengo|80/100
|turn|22
|inactive|heileone2 has 210 seconds left.
|inactive|ABR has 30 seconds left.
|
|t:|1760830369
|switch|p2a: Alomomola|Alomomola, F|70/100
|-damage|p2a: Alomomola|58/100|[from] Spikes
|-damage|p2a: Alomomola|45/100|[from] Stealth Rock
|move|p1a: Gholdengo|Make It Rain|p2a: Alomomola
|-resisted|p2a: Alomomola
|-damage|p2a: Alomomola|10/100
|-unboost|p1a: Gholdengo|spa|1
|
|upkeep
|turn|23
|
|t:|1760830374
|move|p2a: Alomomola|Protect|p2a: Alomomola
|-singleturn|p2a: Alomomola|Protect
|move|p1a: Gholdengo|Make It Rain|p2a: Alomomola
|-activate|p2a: Alomomola|move: Protect
|
|upkeep
|turn|24
|
|t:|1760830378
|move|p2a: Alomomola|Protect|p2a: Alomomola
|-singleturn|p2a: Alomomola|Protect
|move|p1a: Gholdengo|Make It Rain|p2a: Alomomola
|-activate|p2a: Alomomola|move: Protect
|
|upkeep
|turn|25
|
|t:|1760830380
|move|p2a: Alomomola|Protect||[still]
|-fail|p2a: Alomomola
|move|p1a: Gholdengo|Make It Rain|p2a: Alomomola
|-resisted|p2a: Alomomola
|-damage|p2a: Alomomola|0 fnt
|-unboost|p1a: Gholdengo|spa|1
|faint|p2a: Alomomola
|
|upkeep
|
|t:|1760830381
|switch|p2a: Darkrai|Darkrai|76/100
|-damage|p2a: Darkrai|63/100|[from] Spikes
|-damage|p2a: Darkrai|51/100|[from] Stealth Rock
|turn|26
|
|t:|1760830383
|move|p1a: Gholdengo|Make It Rain|p2a: Darkrai
|-damage|p2a: Darkrai|9/100
|-unboost|p1a: Gholdengo|spa|1
|move|p2a: Darkrai|Dark Pulse|p1a: Gholdengo
|-supereffective|p1a: Gholdengo
|-damage|p1a: Gholdengo|0 fnt
|faint|p1a: Gholdengo
|
|win|ABR
|c|☆heileone2|gg
|c|☆ABR|gg
