|j|☆SOULEATERNOODLES
|j|☆kiarnjd
|t:|1760865840
|gametype|singles
|player|p1|SOULEATERNOODLES|ltsurge|1253
|player|p2|kiarnjd|red|1315
|gen|9
|tier|[Gen 9] OU
|rated|
|rule|HP Percentage Mod: HP is shown in percentages
|rule|Endless Battle Clause: Forcing endless battles is banned
|rule|Species Clause: Limit one of each Pokémon
|rule|OHKO Clause: OHKO moves are banned
|rule|Evasion Items Clause: Evasion items are banned
|rule|Evasion Moves Clause: Evasion moves are banned
|rule|Evasion Abilities Clause: Evasion abilities are banned
|rule|Sleep Moves Clause: Sleep-inducing moves are banned
|clearpoke
|poke|p1|Gyarados, F|
|poke|p1|Incineroar, M|
|poke|p1|Weezing-Galar, F|
|poke|p1|Thundurus-Therian, M|
|poke|p1|Great Tusk|
|poke|p1|Iron Crown|
|poke|p2|Keldeo-Resolute|
|poke|p2|Pelipper, M|
|poke|p2|Barraskewda, M|
|poke|p2|Iron Treads|
|poke|p2|Raging Bolt|
|poke|p2|Dragonite, M|
|teampreview
|inactive|Battle timer is ON: inactive players will automatically lose when time's up. (requested by kiarnjd)
|inactive|SOULEATERNOODLES also wants the timer to be on.
|
|t:|1760865853
|teamsize|p1|6
|teamsize|p2|6
|start
|switch|p1a: Incineroar|Incineroar, M|100/100
|switch|p2a: Iron Treads|Iron Treads|100/100
|-ability|p1a: Incineroar|Intimidate|boost
|-unboost|p2a: Iron Treads|atk|1
|turn|1
|
|t:|1760865868
|move|p1a: Incineroar|Fake Out|p2a: Iron Treads
|-resisted|p2a: Iron Treads
|-damage|p2a: Iron Treads|96/100
|-enditem|p2a: Iron Treads|Eject Button
|
|t:|1760865878
|-end|p2a: Iron Treads|Quark Drive|[silent]
|switch|p2a: Pelipper|Pelipper, M|100/100
|-weather|RainDance|[from] ability: Drizzle|[of] p2a: Pelipper
|
|-weather|RainDance|[upkeep]
|upkeep
|turn|2
|
|t:|1760865885
|move|p1a: Incineroar|Parting Shot|p2a: Pelipper
|-unboost|p2a: Pelipper|atk|1
|-unboost|p2a: Pelipper|spa|1
|
|t:|1760865893
|switch|p1a: Gyarados|Gyarados, F|100/100|[from] Parting Shot
|move|p2a: Pelipper|U-turn|p1a: Gyarados
|-resisted|p1a: Gyarados
|-damage|p1a: Gyarados|97/100
|
|t:|1760865905
|switch|p2a: Raging Bolt|Raging Bolt|100/100|[from] U-turn
|
|-weather|RainDance|[upkeep]
|upkeep
|turn|3
|
|t:|1760865911
|-terastallize|p1a: Gyarados|Ground
|move|p1a: Gyarados|Dragon Dance|p1a: Gyarados
|-boost|p1a: Gyarados|atk|1
|-boost|p1a: Gyarados|spe|1
|move|p2a: Raging Bolt|Volt Switch|p1a: Gyarados
|-immune|p1a: Gyarados
|
|-weather|RainDance|[upkeep]
|upkeep
|turn|4
|
|t:|1760865922
|move|p1a: Gyarados|Earthquake|p2a: Raging Bolt
|-supereffective|p2a: Raging Bolt
|-damage|p2a: Raging Bolt|0 fnt
|faint|p2a: Raging Bolt
|-end|p2a: Raging Bolt|Protosynthesis|[silent]
|-ability|p1a: Gyarados|Moxie|boost
|-boost|p1a: Gyarados|atk|1
|
|-weather|RainDance|[upkeep]
|upkeep
|
|t:|1760865932
|switch|p2a: Barraskewda|Barraskewda, M|100/100
|turn|5
|
|t:|1760865954
|switch|p1a: Iron Crown|Iron Crown|100/100
|move|p2a: Barraskewda|Liquidation|p1a: Iron Crown
|-damage|p1a: Iron Crown|0 fnt
|faint|p1a: Iron Crown
|-end|p1a: Iron Crown|Quark Drive|[silent]
|
|-weather|RainDance|[upkeep]
|upkeep
|
|t:|1760865961
|switch|p1a: Incineroar|Incineroar, M|100/100
|-ability|p1a: Incineroar|Intimidate|boost
|-unboost|p2a: Barraskewda|atk|1
|turn|6
|
|t:|1760865966
|move|p1a: Incineroar|Fake Out|p2a: Barraskewda
|-damage|p2a: Barraskewda|75/100
|cant|p2a: Barraskewda|flinch
|
|-weather|RainDance|[upkeep]
|upkeep
|turn|7
|
|t:|1760865976
|move|p2a: Barraskewda|Liquidation|p1a: Incineroar
|-supereffective|p1a: Incineroar
|-damage|p1a: Incineroar|0 fnt
|faint|p1a: Incineroar
|
|-weather|RainDance|[upkeep]
|upkeep
|
|t:|1760865982
|switch|p1a: Weezing|Weezing-Galar, F|100/100
|-ability|p1a: Weezing|Neutralizing Gas
|turn|8
|
|t:|1760865992
|switch|p2a: Iron Treads|Iron Treads|96/100
|move|p1a: Weezing|Sludge Bomb|p2a: Iron Treads
|-immune|p2a: Iron Treads
|
|-weather|none
|upkeep
|turn|9
|
|t:|1760866003
|move|p2a: Iron Treads|Stealth Rock|p1a: Weezing
|-sidestart|p1: SOULEATERNOODLES|move: Stealth Rock
|move|p1a: Weezing|Flamethrower|p2a: Iron Treads
|-supereffective|p2a: Iron Treads
|-damage|p2a: Iron Treads|46/100
|
|upkeep
|turn|10
|
|t:|1760866009
|move|p2a: Iron Treads|Earthquake|p1a: Weezing
|-supereffective|p1a: Weezing
|-damage|p1a: Weezing|39/100
|move|p1a: Weezing|Flamethrower|p2a: Iron Treads
|-supereffective|p2a: Iron Treads
|-damage|p2a: Iron Treads|0 fnt
|faint|p2a: Iron Treads
|-end|p2a: Iron Treads|Quark Drive|[silent]
|
|-heal|p1a: Weezing|45/100|[from] item: Leftovers
|upkeep
|
|t:|1760866014
|switch|p2a: Pelipper|Pelipper, M|100/100
|turn|11
|
|t:|1760866023
|switch|p2a: Dragonite|Dragonite, M|100/100
|move|p1a: Weezing|Sludge Bomb|p2a: Dragonite
|-damage|p2a: Dragonite|54/100
|-status|p2a: Dragonite|psn
|
|-heal|p1a: Weezing|51/100|[from] item: Leftovers
|-damage|p2a: Dragonite|41/100 psn|[from] psn
|upkeep
|turn|12
|
|t:|1760866034
|move|p2a: Dragonite|Earthquake|p1a: Weezing
|-supereffective|p1a: Weezing
|-damage|p1a: Weezing|0 fnt
|faint|p1a: Weezing
|-end|p1a: Weezing|ability: Neutralizing Gas
|
|-damage|p2a: Dragonite|29/100 psn|[from] psn
|upkeep
|
|t:|1760866044
|switch|p1a: Gyarados|Gyarados, F, tera:Ground|97/100
|-damage|p1a: Gyarados|91/100|[from] Stealth Rock
|turn|13
|
|t:|1760866055
|switch|p2a: Pelipper|Pelipper, M|100/100
|-weather|RainDance|[from] ability: Drizzle|[of] p2a: Pelipper
|move|p1a: Gyarados|Dragon Dance|p1a: Gyarados
|-boost|p1a: Gyarados|atk|1
|-boost|p1a: Gyarados|spe|1
|
|-weather|RainDance|[upkeep]
|upkeep
|turn|14
|
|t:|1760866062
|move|p1a: Gyarados|Dragon Dance|p1a: Gyarados
|-boost|p1a: Gyarados|atk|1
|-boost|p1a: Gyarados|spe|1
|move|p2a: Pelipper|Surf|p1a: Gyarados
|-supereffective|p1a: Gyarados
|-damage|p1a: Gyarados|0 fnt
|faint|p1a: Gyarados
|
|-weather|RainDance|[upkeep]
|upkeep
|
|t:|1760866071
|switch|p1a: Thundurus|Thundurus-Therian, M|100/100
|-damage|p1a: Thundurus|76/100|[from] Stealth Rock
|turn|15
|c|☆kiarnjd|Getting greedy
|c|☆SOULEATERNOODLES|true
|
|t:|1760866081
|-terastallize|p2a: Pelipper|Steel
|move|p1a: Thundurus|Discharge|p2a: Pelipper
|-damage|p2a: Pelipper|5/100
|move|p2a: Pelipper|Surf|p1a: Thundurus
|-damage|p1a: Thundurus|17/100
|
|-weather|RainDance|[upkeep]
|upkeep
|turn|16
|
|t:|1760866090
|move|p1a: Thundurus|Discharge|p2a: Pelipper
|-damage|p2a: Pelipper|0 fnt
|faint|p2a: Pelipper
|
|-weather|RainDance|[upkeep]
|upkeep
|
|t:|1760866093
|switch|p2a: Barraskewda|Barraskewda, M|75/100
|turn|17
|c|☆SOULEATERNOODLES|i was setting up for your barraskewda
|
|t:|1760866101
|move|p2a: Barraskewda|Liquidation|p1a: Thundurus
|-damage|p1a: Thundurus|0 fnt
|faint|p1a: Thundurus
|
|-weather|RainDance|[upkeep]
|upkeep
|
|t:|1760866106
|switch|p1a: Great Tusk|Great Tusk|100/100
|-damage|p1a: Great Tusk|98/100|[from] Stealth Rock
|turn|18
|
|t:|1760866121
|move|p2a: Barraskewda|Liquidation|p1a: Great Tusk
|-supereffective|p1a: Great Tusk
|-damage|p1a: Great Tusk|0 fnt
|faint|p1a: Great Tusk
|-end|p1a: Great Tusk|Protosynthesis|[silent]
|
|win|kiarnjd
|raw|SOULEATERNOODLES's rating: 1253 &rarr; <strong>1232</strong><br />(-21 for losing)
|raw|kiarnjd's rating: 1315 &rarr; <strong>1331</strong><br />(+16 for winning)
|l|☆SOULEATERNOODLES
|player|p1|
