|j|☆oudj tungstennedge
|j|☆Fabilex
|t:|1760778864
|gametype|singles
|player|p1|oudj tungstennedge|170|1535
|player|p2|Fabilex|ghetsis-gen5bw|1598
|gen|9
|tier|[Gen 9] OU
|rated|
|rule|HP Percentage Mod: HP is shown in percentages
|rule|Endless Battle Clause: Forcing endless battles is banned
|rule|Species Clause: Limit one of each Pokémon
|rule|OHKO Clause: OHKO moves are banned
|rule|Evasion Items Clause: Evasion items are banned
|rule|Evasion Moves Clause: Evasion moves are banned
|rule|Evasion Abilities Clause: Evasion abilities are banned
|rule|Sleep Moves Clause: Sleep-inducing moves are banned
|clearpoke
|poke|p1|Comfey, F|
|poke|p1|Whimsicott, F|
|poke|p1|Iron Moth|
|poke|p1|Walking Wake|
|poke|p1|Great Tusk|
|poke|p1|Ninetales, F|
|poke|p2|Meowscarada, M|
|poke|p2|Blaziken, M|
|poke|p2|Tornadus-Therian, M|
|poke|p2|Iron Moth|
|poke|p2|Deoxys-Speed|
|poke|p2|Kleavor, M|
|teampreview
|
|t:|1760778870
|teamsize|p1|6
|teamsize|p2|6
|start
|switch|p1a: Walking Wake|Walking Wake|100/100
|switch|p2a: Meowscarada|Meowscarada, M|100/100
|turn|1
|
|t:|1760778886
|move|p2a: Meowscarada|Knock Off|p1a: Walking Wake
|-damage|p1a: Walking Wake|56/100
|-enditem|p1a: Walking Wake|Assault Vest|[from] move: Knock Off|[of] p2a: Meowscarada
|move|p1a: Walking Wake|Draco Meteor|p2a: Meowscarada
|-damage|p2a: Meowscarada|9/100
|-unboost|p1a: Walking Wake|spa|2
|
|upkeep
|turn|2
|
|t:|1760778894
|move|p2a: Meowscarada|Flower Trick|p1a: Walking Wake
|-crit|p1a: Walking Wake
|-damage|p1a: Walking Wake|0 fnt
|faint|p1a: Walking Wake
|-end|p1a: Walking Wake|Protosynthesis|[silent]
|
|upkeep
|
|t:|1760778899
|switch|p1a: Ninetales|Ninetales, F|100/100
|-weather|SunnyDay|[from] ability: Drought|[of] p1a: Ninetales
|turn|3
|
|t:|1760778912
|move|p2a: Meowscarada|Knock Off|p1a: Ninetales
|-damage|p1a: Ninetales|50/100
|-enditem|p1a: Ninetales|Heat Rock|[from] move: Knock Off|[of] p2a: Meowscarada
|move|p1a: Ninetales|Weather Ball|p2a: Meowscarada
|-supereffective|p2a: Meowscarada
|-damage|p2a: Meowscarada|0 fnt
|faint|p2a: Meowscarada
|
|-weather|SunnyDay|[upkeep]
|upkeep
|
|t:|1760778925
|switch|p2a: Tornadus|Tornadus-Therian, M|100/100
|turn|4
|inactive|Battle timer is ON: inactive players will automatically lose when time's up. (requested by oudj tungstennedge)
|
|t:|1760778940
|move|p1a: Ninetales|Weather Ball|p2a: Tornadus
|-damage|p2a: Tornadus|57/100
|move|p2a: Tornadus|Bleakwind Storm|p1a: Ninetales
|-damage|p1a: Ninetales|6/100
|
|-weather|SunnyDay|[upkeep]
|upkeep
|turn|5
|
|t:|1760778957
|move|p1a: Ninetales|Weather Ball|p2a: Tornadus
|-damage|p2a: Tornadus|8/100
|move|p2a: Tornadus|U-turn|p1a: Ninetales
|-resisted|p1a: Ninetales
|-damage|p1a: Ninetales|0 fnt
|faint|p1a: Ninetales
|
|t:|1760778962
|switch|p2a: Deoxys|Deoxys-Speed|100/100|[from] U-turn
|-ability|p2a: Deoxys|Pressure
|
|-weather|SunnyDay|[upkeep]
|upkeep
|
|t:|1760778967
|switch|p1a: Whimsicott|Whimsicott, F|100/100
|turn|6
|
|t:|1760778972
|move|p1a: Whimsicott|Moonblast|p2a: Deoxys
|-damage|p2a: Deoxys|16/100
|-damage|p1a: Whimsicott|91/100|[from] item: Life Orb
|move|p2a: Deoxys|Psycho Boost|p1a: Whimsicott
|-damage|p1a: Whimsicott|0 fnt
|-unboost|p2a: Deoxys|spa|2
|faint|p1a: Whimsicott
|-damage|p2a: Deoxys|6/100|[from] item: Life Orb
|
|-weather|SunnyDay|[upkeep]
|upkeep
|
|t:|1760778986
|switch|p1a: Comfey|Comfey, F|100/100
|turn|7
|
|t:|1760778990
|switch|p2a: Iron Moth|Iron Moth|100/100
|-enditem|p2a: Iron Moth|Booster Energy
|-activate|p2a: Iron Moth|ability: Quark Drive|[fromitem]
|-start|p2a: Iron Moth|quarkdrivespe
|move|p1a: Comfey|Growth|p1a: Comfey
|-boost|p1a: Comfey|atk|2
|-boost|p1a: Comfey|spa|2
|
|-weather|SunnyDay|[upkeep]
|upkeep
|turn|8
|
|t:|1760779004
|-terastallize|p1a: Comfey|Water
|move|p2a: Iron Moth|Fiery Dance|p1a: Comfey
|-resisted|p1a: Comfey
|-damage|p1a: Comfey|68/100
|-boost|p2a: Iron Moth|spa|1
|move|p1a: Comfey|Stored Power|p2a: Iron Moth
|-supereffective|p2a: Iron Moth
|-damage|p2a: Iron Moth|0 fnt
|faint|p2a: Iron Moth
|-end|p2a: Iron Moth|Quark Drive|[silent]
|-damage|p1a: Comfey|58/100|[from] item: Life Orb
|
|-weather|SunnyDay|[upkeep]
|upkeep
|
|t:|1760779015
|switch|p2a: Blaziken|Blaziken, M|100/100
|turn|9
|inactive|oudj tungstennedge has 120 seconds left.
|
|t:|1760779051
|move|p1a: Comfey|Synthesis|p1a: Comfey
|-heal|p1a: Comfey|100/100
|move|p2a: Blaziken|Swords Dance|p2a: Blaziken
|-boost|p2a: Blaziken|atk|2
|
|-weather|SunnyDay|[upkeep]
|-ability|p2a: Blaziken|Speed Boost|boost
|-boost|p2a: Blaziken|spe|1
|upkeep
|turn|10
|inactive|oudj tungstennedge has 120 seconds left.
|
|t:|1760779060
|move|p1a: Comfey|Draining Kiss|p2a: Blaziken
|-damage|p2a: Blaziken|21/100
|-damage|p1a: Comfey|91/100|[from] item: Life Orb
|move|p2a: Blaziken|Close Combat|p1a: Comfey
|-damage|p1a: Comfey|0 fnt
|-unboost|p2a: Blaziken|def|1
|-unboost|p2a: Blaziken|spd|1
|faint|p1a: Comfey
|
|-weather|none
|-ability|p2a: Blaziken|Speed Boost|boost
|-boost|p2a: Blaziken|spe|1
|upkeep
|inactive|oudj tungstennedge has 120 seconds left.
|
|t:|1760779071
|switch|p1a: Great Tusk|Great Tusk|100/100
|turn|11
|
|t:|1760779079
|-terastallize|p2a: Blaziken|Ghost
|move|p2a: Blaziken|Close Combat|p1a: Great Tusk
|-damage|p1a: Great Tusk|21/100
|-unboost|p2a: Blaziken|def|1
|-unboost|p2a: Blaziken|spd|1
|-damage|p2a: Blaziken|4/100|[from] item: Rocky Helmet|[of] p1a: Great Tusk
|move|p1a: Great Tusk|Rapid Spin|p2a: Blaziken
|-immune|p2a: Blaziken
|
|-ability|p2a: Blaziken|Speed Boost|boost
|-boost|p2a: Blaziken|spe|1
|upkeep
|turn|12
|
|t:|1760779088
|move|p2a: Blaziken|Close Combat|p1a: Great Tusk
|-damage|p1a: Great Tusk|0 fnt
|-unboost|p2a: Blaziken|def|1
|-unboost|p2a: Blaziken|spd|1
|-damage|p2a: Blaziken|0 fnt|[from] item: Rocky Helmet|[of] p1a: Great Tusk
|faint|p1a: Great Tusk
|-end|p1a: Great Tusk|Protosynthesis|[silent]
|faint|p2a: Blaziken
|
|upkeep
|
|t:|1760779090
|switch|p1a: Iron Moth|Iron Moth|100/100
|switch|p2a: Kleavor|Kleavor, M|100/100
|-enditem|p1a: Iron Moth|Booster Energy
|-activate|p1a: Iron Moth|ability: Quark Drive|[fromitem]
|-start|p1a: Iron Moth|quarkdrivespa
|turn|13
|
|t:|1760779102
|move|p1a: Iron Moth|Overheat|p2a: Kleavor
|-damage|p2a: Kleavor|0 fnt
|-unboost|p1a: Iron Moth|spa|2
|faint|p2a: Kleavor
|
|upkeep
|
|t:|1760779107
|switch|p2a: Deoxys|Deoxys-Speed|6/100
|-ability|p2a: Deoxys|Pressure
|turn|14
|
|t:|1760779110
|move|p2a: Deoxys|Psycho Boost|p1a: Iron Moth
|-supereffective|p1a: Iron Moth
|-damage|p1a: Iron Moth|0 fnt
|-unboost|p2a: Deoxys|spa|2
|faint|p1a: Iron Moth
|-end|p1a: Iron Moth|Quark Drive|[silent]
|-damage|p2a: Deoxys|0 fnt|[from] item: Life Orb
|faint|p2a: Deoxys
|
|win|Fabilex
|raw|oudj tungstennedge's rating: 1535 &rarr; <strong>1519</strong><br />(-16 for losing)
|raw|Fabilex's rating: 1598 &rarr; <strong>1614</strong><br />(+16 for winning)
|l|☆Fabilex
|player|p2|
|l|☆oudj tungstennedge
|player|p1|
