|j|☆ice spice enjoyer
|j|☆PandaLord0
|t:|1760799512
|gametype|singles
|player|p1|ice spice enjoyer|hoopster|1688
|player|p2|PandaLord0|gentleman-gen4dp|1615
|gen|9
|tier|[Gen 9] OU
|rated|
|rule|HP Percentage Mod: HP is shown in percentages
|rule|Endless Battle Clause: Forcing endless battles is banned
|rule|Species Clause: Limit one of each Pokémon
|rule|OHKO Clause: OHKO moves are banned
|rule|Evasion Items Clause: Evasion items are banned
|rule|Evasion Moves Clause: Evasion moves are banned
|rule|Evasion Abilities Clause: Evasion abilities are banned
|rule|Sleep Moves Clause: Sleep-inducing moves are banned
|clearpoke
|poke|p1|Ting-Lu|
|poke|p1|Gholdengo|
|poke|p1|Hatterene, F|
|poke|p1|Zamazenta-*|
|poke|p1|Dragonite, F|
|poke|p1|Ogerpon, F|
|poke|p2|Latios, M|
|poke|p2|Rotom-Wash|
|poke|p2|Gholdengo|
|poke|p2|Ting-Lu|
|poke|p2|Iron Valiant|
|poke|p2|Hydreigon, F|
|teampreview
|inactive|Battle timer is ON: inactive players will automatically lose when time's up. (requested by PandaLord0)
|
|t:|1760799537
|teamsize|p1|6
|teamsize|p2|6
|start
|switch|p1a: Ogerpon|Ogerpon, F|100/100
|switch|p2a: Hydreigon|Hydreigon, F|100/100
|turn|1
|
|t:|1760799547
|move|p1a: Ogerpon|U-turn|p2a: Hydreigon
|-supereffective|p2a: Hydreigon
|-damage|p2a: Hydreigon|46/100
|
|t:|1760799553
|switch|p1a: Ting-Lu|Ting-Lu|100/100|[from] U-turn
|-ability|p1a: Ting-Lu|Vessel of Ruin
|move|p2a: Hydreigon|Dark Pulse|p1a: Ting-Lu
|-resisted|p1a: Ting-Lu
|-crit|p1a: Ting-Lu
|-damage|p1a: Ting-Lu|81/100
|
|-heal|p1a: Ting-Lu|87/100|[from] item: Leftovers
|upkeep
|turn|2
|
|t:|1760799568
|switch|p2a: Iron Valiant|Iron Valiant|100/100
|move|p1a: Ting-Lu|Stealth Rock|p2a: Iron Valiant
|-sidestart|p2: PandaLord0|move: Stealth Rock
|
|-heal|p1a: Ting-Lu|93/100|[from] item: Leftovers
|upkeep
|turn|3
|
|t:|1760799575
|switch|p1a: Djengo Unrained|Gholdengo|100/100
|move|p2a: Iron Valiant|Moonblast|p1a: Djengo Unrained
|-resisted|p1a: Djengo Unrained
|-damage|p1a: Djengo Unrained|78/100
|
|upkeep
|turn|4
|
|t:|1760799582
|-end|p2a: Iron Valiant|Quark Drive|[silent]
|switch|p2a: Ting-Lu|Ting-Lu|100/100
|-damage|p2a: Ting-Lu|94/100|[from] Stealth Rock
|-ability|p2a: Ting-Lu|Vessel of Ruin
|move|p1a: Djengo Unrained|Make It Rain|p2a: Ting-Lu
|-damage|p2a: Ting-Lu|73/100
|-unboost|p1a: Djengo Unrained|spa|1
|
|-heal|p2a: Ting-Lu|79/100|[from] item: Leftovers
|upkeep
|turn|5
|
|t:|1760799590
|switch|p1a: Hatterene|Hatterene, F|100/100
|move|p2a: Ting-Lu|Ruination|p1a: Hatterene|[miss]
|-miss|p2a: Ting-Lu|p1a: Hatterene
|
|-heal|p2a: Ting-Lu|85/100|[from] item: Leftovers
|upkeep
|turn|6
|
|t:|1760799598
|switch|p2a: Gholdengo|Gholdengo|100/100
|-damage|p2a: Gholdengo|94/100|[from] Stealth Rock
|-item|p2a: Gholdengo|Air Balloon
|move|p1a: Hatterene|Draining Kiss|p2a: Gholdengo
|-resisted|p2a: Gholdengo
|-damage|p2a: Gholdengo|84/100
|-enditem|p2a: Gholdengo|Air Balloon
|
|upkeep
|turn|7
|inactive|ice spice enjoyer has 120 seconds left.
|
|t:|1760799629
|switch|p2a: Hydreigon|Hydreigon, F|46/100
|-damage|p2a: Hydreigon|33/100|[from] Stealth Rock
|switch|p1a: Zamazenta|Zamazenta|100/100
|-ability|p1a: Zamazenta|Dauntless Shield|boost
|-boost|p1a: Zamazenta|def|1
|
|upkeep
|turn|8
|
|t:|1760799637
|switch|p2a: Gholdengo|Gholdengo|84/100
|-damage|p2a: Gholdengo|78/100|[from] Stealth Rock
|move|p1a: Zamazenta|Body Press|p2a: Gholdengo
|-immune|p2a: Gholdengo
|
|upkeep
|turn|9
|
|t:|1760799647
|move|p1a: Zamazenta|Crunch|p2a: Gholdengo
|-supereffective|p2a: Gholdengo
|-damage|p2a: Gholdengo|48/100
|-unboost|p2a: Gholdengo|def|1
|move|p2a: Gholdengo|Thunder Wave|p1a: Zamazenta
|-status|p1a: Zamazenta|par
|
|upkeep
|turn|10
|
|t:|1760799670
|switch|p2a: Iron Valiant|Iron Valiant|100/100
|cant|p1a: Zamazenta|par
|
|upkeep
|turn|11
|inactive|ice spice enjoyer has 120 seconds left.
|
|t:|1760799718
|switch|p1a: Djengo Unrained|Gholdengo|78/100
|move|p2a: Iron Valiant|Knock Off|p1a: Djengo Unrained
|-supereffective|p1a: Djengo Unrained
|-damage|p1a: Djengo Unrained|40/100
|-enditem|p1a: Djengo Unrained|Covert Cloak|[from] move: Knock Off|[of] p2a: Iron Valiant
|
|upkeep
|turn|12
|
|t:|1760799728
|-end|p2a: Iron Valiant|Quark Drive|[silent]
|switch|p2a: Ting-Lu|Ting-Lu|85/100
|-damage|p2a: Ting-Lu|79/100|[from] Stealth Rock
|-ability|p2a: Ting-Lu|Vessel of Ruin
|move|p1a: Djengo Unrained|Recover|p1a: Djengo Unrained
|-heal|p1a: Djengo Unrained|90/100
|
|-heal|p2a: Ting-Lu|85/100|[from] item: Leftovers
|upkeep
|turn|13
|
|t:|1760799756
|switch|p1a: Ogerpon|Ogerpon, F|100/100
|move|p2a: Ting-Lu|Ruination|p1a: Ogerpon
|-damage|p1a: Ogerpon|51/100
|
|-heal|p2a: Ting-Lu|91/100|[from] item: Leftovers
|upkeep
|turn|14
|
|t:|1760799772
|move|p1a: Ogerpon|Spikes|p2a: Ting-Lu
|-sidestart|p2: PandaLord0|Spikes
|move|p2a: Ting-Lu|Stealth Rock|p1a: Ogerpon
|-sidestart|p1: ice spice enjoyer|move: Stealth Rock
|
|-heal|p2a: Ting-Lu|98/100|[from] item: Leftovers
|upkeep
|turn|15
|
|t:|1760799778
|switch|p2a: Latios|Latios, M|100/100
|-damage|p2a: Latios|88/100|[from] Stealth Rock
|move|p1a: Ogerpon|Ivy Cudgel|p2a: Latios
|-resisted|p2a: Latios
|-damage|p2a: Latios|52/100
|
|upkeep
|turn|16
|
|t:|1760799789
|switch|p1a: Ting-Lu|Ting-Lu|93/100
|-damage|p1a: Ting-Lu|87/100|[from] Stealth Rock
|-ability|p1a: Ting-Lu|Vessel of Ruin
|move|p2a: Latios|Trick|p1a: Ting-Lu
|-activate|p2a: Latios|move: Trick|[of] p1a: Ting-Lu
|-item|p1a: Ting-Lu|Choice Scarf|[from] move: Trick
|-item|p2a: Latios|Leftovers|[from] move: Trick
|
|-heal|p2a: Latios|58/100|[from] item: Leftovers
|upkeep
|turn|17
|
|t:|1760799803
|move|p2a: Latios|Flip Turn|p1a: Ting-Lu
|-supereffective|p1a: Ting-Lu
|-damage|p1a: Ting-Lu|73/100
|
|t:|1760799806
|switch|p2a: Gholdengo|Gholdengo|48/100|[from] Flip Turn
|-damage|p2a: Gholdengo|42/100|[from] Stealth Rock
|-damage|p2a: Gholdengo|29/100|[from] Spikes
|move|p1a: Ting-Lu|Ruination|p2a: Gholdengo
|-damage|p2a: Gholdengo|15/100
|
|upkeep
|turn|18
|
|t:|1760799821
|move|p2a: Gholdengo|Recover|p2a: Gholdengo
|-heal|p2a: Gholdengo|65/100
|move|p1a: Ting-Lu|Ruination|p2a: Gholdengo
|-damage|p2a: Gholdengo|33/100
|
|upkeep
|turn|19
|
|t:|1760799826
|move|p2a: Gholdengo|Recover|p2a: Gholdengo
|-heal|p2a: Gholdengo|83/100
|move|p1a: Ting-Lu|Ruination|p2a: Gholdengo
|-damage|p2a: Gholdengo|42/100
|
|upkeep
|turn|20
|
|t:|1760799846
|switch|p2a: Rotom|Rotom-Wash|100/100
|-damage|p2a: Rotom|88/100|[from] Stealth Rock
|switch|p1a: Djengo Unrained|Gholdengo|90/100
|-damage|p1a: Djengo Unrained|84/100|[from] Stealth Rock
|
|-heal|p2a: Rotom|94/100|[from] item: Leftovers
|upkeep
|turn|21
|
|t:|1760799852
|move|p2a: Rotom|Volt Switch|p1a: Djengo Unrained
|-damage|p1a: Djengo Unrained|60/100
|
|t:|1760799858
|switch|p2a: Ting-Lu|Ting-Lu|98/100|[from] Volt Switch
|-damage|p2a: Ting-Lu|91/100|[from] Stealth Rock
|-damage|p2a: Ting-Lu|79/100|[from] Spikes
|-ability|p2a: Ting-Lu|Vessel of Ruin
|move|p1a: Djengo Unrained|Shadow Ball|p2a: Ting-Lu
|-resisted|p2a: Ting-Lu
|-damage|p2a: Ting-Lu|72/100
|
|-heal|p2a: Ting-Lu|78/100|[from] item: Leftovers
|upkeep
|turn|22
|
|t:|1760799865
|move|p1a: Djengo Unrained|Recover|p1a: Djengo Unrained
|-heal|p1a: Djengo Unrained|100/100
|move|p2a: Ting-Lu|Earthquake|p1a: Djengo Unrained
|-supereffective|p1a: Djengo Unrained
|-damage|p1a: Djengo Unrained|50/100
|
|-heal|p2a: Ting-Lu|84/100|[from] item: Leftovers
|upkeep
|turn|23
|
|t:|1760799873
|switch|p1a: Hatterene|Hatterene, F|100/100
|-damage|p1a: Hatterene|88/100|[from] Stealth Rock
|move|p2a: Ting-Lu|Earthquake|p1a: Hatterene
|-damage|p1a: Hatterene|58/100
|
|-heal|p2a: Ting-Lu|90/100|[from] item: Leftovers
|upkeep
|turn|24
|
|t:|1760799881
|move|p2a: Ting-Lu|Earthquake|p1a: Hatterene
|-damage|p1a: Hatterene|29/100
|move|p1a: Hatterene|Pain Split|p2a: Ting-Lu
|-sethp|p2a: Ting-Lu|54/100|[from] move: Pain Split|[silent]
|-sethp|p1a: Hatterene|88/100|[from] move: Pain Split
|
|-heal|p2a: Ting-Lu|61/100|[from] item: Leftovers
|upkeep
|turn|25
|
|t:|1760799889
|switch|p2a: Gholdengo|Gholdengo|42/100
|-damage|p2a: Gholdengo|36/100|[from] Stealth Rock
|-damage|p2a: Gholdengo|23/100|[from] Spikes
|move|p1a: Hatterene|Draining Kiss|p2a: Gholdengo
|-resisted|p2a: Gholdengo
|-damage|p2a: Gholdengo|13/100
|-heal|p1a: Hatterene|97/100|[from] drain|[of] p2a: Gholdengo
|
|upkeep
|turn|26
|
|t:|1760799895
|switch|p1a: Ting-Lu|Ting-Lu|73/100
|-damage|p1a: Ting-Lu|67/100|[from] Stealth Rock
|-ability|p1a: Ting-Lu|Vessel of Ruin
|move|p2a: Gholdengo|Recover|p2a: Gholdengo
|-heal|p2a: Gholdengo|63/100
|
|upkeep
|turn|27
|
|t:|1760799906
|switch|p2a: Hydreigon|Hydreigon, F|33/100
|-damage|p2a: Hydreigon|21/100|[from] Stealth Rock
|move|p1a: Ting-Lu|Earthquake|p2a: Hydreigon
|-immune|p2a: Hydreigon|[from] ability: Levitate
|
|upkeep
|turn|28
|
|t:|1760799916
|switch|p1a: Djengo Unrained|Gholdengo|50/100
|-damage|p1a: Djengo Unrained|43/100|[from] Stealth Rock
|move|p2a: Hydreigon|Dark Pulse|p1a: Djengo Unrained
|-supereffective|p1a: Djengo Unrained
|-damage|p1a: Djengo Unrained|0 fnt
|faint|p1a: Djengo Unrained
|
|upkeep
|
|t:|1760799924
|switch|p1a: Ogerpon|Ogerpon, F|51/100
|turn|29
|
|t:|1760799928
|switch|p2a: Iron Valiant|Iron Valiant|100/100
|move|p1a: Ogerpon|Ivy Cudgel|p2a: Iron Valiant
|-damage|p2a: Iron Valiant|32/100
|
|upkeep
|turn|30
|
|t:|1760799931
|-terastallize|p1a: Ogerpon|Grass
|detailschange|p1a: Ogerpon|Ogerpon-Teal-Tera, F, tera:Grass
|-ability|p1a: Ogerpon|Embody Aspect (Teal)|boost
|-boost|p1a: Ogerpon|spe|1
|move|p1a: Ogerpon|Ivy Cudgel|p2a: Iron Valiant
|-damage|p2a: Iron Valiant|0 fnt
|faint|p2a: Iron Valiant
|-end|p2a: Iron Valiant|Quark Drive|[silent]
|
|upkeep
|
|t:|1760799941
|switch|p2a: Gholdengo|Gholdengo|63/100
|-damage|p2a: Gholdengo|57/100|[from] Stealth Rock
|-damage|p2a: Gholdengo|44/100|[from] Spikes
|turn|31
|
|t:|1760799950
|move|p1a: Ogerpon|U-turn|p2a: Gholdengo
|-resisted|p2a: Gholdengo
|-damage|p2a: Gholdengo|40/100
|
|t:|1760799954
|switch|p1a: Ting-Lu|Ting-Lu|67/100|[from] U-turn
|-damage|p1a: Ting-Lu|61/100|[from] Stealth Rock
|-ability|p1a: Ting-Lu|Vessel of Ruin
|move|p2a: Gholdengo|Recover|p2a: Gholdengo
|-heal|p2a: Gholdengo|90/100
|
|upkeep
|turn|32
|
|t:|1760799964
|switch|p2a: Hydreigon|Hydreigon, F|21/100
|-damage|p2a: Hydreigon|9/100|[from] Stealth Rock
|move|p1a: Ting-Lu|Earthquake|p2a: Hydreigon
|-immune|p2a: Hydreigon|[from] ability: Levitate
|
|upkeep
|turn|33
|
|t:|1760799969
|switch|p1a: Zamazenta|Zamazenta|100/100 par
|-damage|p1a: Zamazenta|94/100 par|[from] Stealth Rock
|move|p2a: Hydreigon|Dark Pulse|p1a: Zamazenta
|-resisted|p1a: Zamazenta
|-damage|p1a: Zamazenta|68/100 par
|
|-heal|p1a: Zamazenta|74/100 par|[from] item: Leftovers
|upkeep
|turn|34
|
|t:|1760799975
|move|p2a: Hydreigon|Dark Pulse|p1a: Zamazenta
|-resisted|p1a: Zamazenta
|-damage|p1a: Zamazenta|44/100 par
|cant|p1a: Zamazenta|flinch
|
|-heal|p1a: Zamazenta|50/100 par|[from] item: Leftovers
|upkeep
|turn|35
|
|t:|1760799981
|switch|p1a: Ting-Lu|Ting-Lu|61/100
|-damage|p1a: Ting-Lu|55/100|[from] Stealth Rock
|-ability|p1a: Ting-Lu|Vessel of Ruin
|move|p2a: Hydreigon|Dark Pulse|p1a: Ting-Lu
|-resisted|p1a: Ting-Lu
|-damage|p1a: Ting-Lu|41/100
|
|upkeep
|turn|36
|
|t:|1760799982
|move|p2a: Hydreigon|Dark Pulse|p1a: Ting-Lu
|-resisted|p1a: Ting-Lu
|-damage|p1a: Ting-Lu|29/100
|cant|p1a: Ting-Lu|flinch
|
|upkeep
|turn|37
|
|t:|1760799984
|move|p2a: Hydreigon|Dark Pulse|p1a: Ting-Lu
|-resisted|p1a: Ting-Lu
|-damage|p1a: Ting-Lu|17/100
|move|p1a: Ting-Lu|Whirlwind|p2a: Hydreigon
|drag|p2a: Latios|Latios, M|58/100
|-damage|p2a: Latios|46/100|[from] Stealth Rock
|
|-heal|p2a: Latios|52/100|[from] item: Leftovers
|upkeep
|turn|38
|
|t:|1760799992
|move|p2a: Latios|Draco Meteor|p1a: Ting-Lu
|-damage|p1a: Ting-Lu|0 fnt
|-unboost|p2a: Latios|spa|2
|faint|p1a: Ting-Lu
|
|-heal|p2a: Latios|58/100|[from] item: Leftovers
|upkeep
|
|t:|1760799996
|switch|p1a: Ogerpon|Ogerpon-Teal-Tera, F, tera:Grass|51/100
|-ability|p1a: Ogerpon|Embody Aspect (Teal)|boost
|-boost|p1a: Ogerpon|spe|1
|turn|39
|
|t:|1760800006
|switch|p2a: Hydreigon|Hydreigon, F|9/100
|-damage|p2a: Hydreigon|0 fnt|[from] Stealth Rock
|faint|p2a: Hydreigon
|move|p1a: Ogerpon|Knock Off|p2: Hydreigon|[notarget]
|-fail|p1a: Ogerpon
|
|upkeep
|
|t:|1760800010
|switch|p2a: Gholdengo|Gholdengo|90/100
|-damage|p2a: Gholdengo|84/100|[from] Stealth Rock
|-damage|p2a: Gholdengo|71/100|[from] Spikes
|turn|40
|inactive|ice spice enjoyer has 120 seconds left.
|
|t:|1760800060
|move|p1a: Ogerpon|U-turn|p2a: Gholdengo
|-resisted|p2a: Gholdengo
|-damage|p2a: Gholdengo|67/100
|
|t:|1760800066
|switch|p1a: Zamazenta|Zamazenta|50/100 par|[from] U-turn
|-damage|p1a: Zamazenta|44/100 par|[from] Stealth Rock
|move|p2a: Gholdengo|Make It Rain|p1a: Zamazenta
|-damage|p1a: Zamazenta|0 fnt
|-unboost|p2a: Gholdengo|spa|1
|faint|p1a: Zamazenta
|
|upkeep
|
|t:|1760800071
|switch|p1a: Dragonite|Dragonite, F|100/100
|turn|41
|
|t:|1760800082
|move|p1a: Dragonite|Earthquake|p2a: Gholdengo
|-supereffective|p2a: Gholdengo
|-damage|p2a: Gholdengo|9/100
|move|p2a: Gholdengo|Thunder Wave|p1a: Dragonite
|-status|p1a: Dragonite|par
|
|upkeep
|turn|42
|
|t:|1760800087
|move|p2a: Gholdengo|Recover|p2a: Gholdengo
|-heal|p2a: Gholdengo|59/100
|move|p1a: Dragonite|Dragon Dance|p1a: Dragonite
|-boost|p1a: Dragonite|atk|1
|-boost|p1a: Dragonite|spe|1
|
|upkeep
|turn|43
|
|t:|1760800095
|switch|p2a: Latios|Latios, M|58/100
|-damage|p2a: Latios|46/100|[from] Stealth Rock
|move|p1a: Dragonite|Dragon Dance|p1a: Dragonite
|-boost|p1a: Dragonite|atk|1
|-boost|p1a: Dragonite|spe|1
|
|-heal|p2a: Latios|52/100|[from] item: Leftovers
|upkeep
|turn|44
|
|t:|1760800105
|move|p1a: Dragonite|Extreme Speed|p2a: Latios
|-damage|p2a: Latios|0 fnt
|faint|p2a: Latios
|
|upkeep
|
|t:|1760800107
|switch|p2a: Rotom|Rotom-Wash|94/100
|-damage|p2a: Rotom|82/100|[from] Stealth Rock
|turn|45
|
|t:|1760800111
|-terastallize|p2a: Rotom|Steel
|move|p1a: Dragonite|Extreme Speed|p2a: Rotom
|-resisted|p2a: Rotom
|-damage|p2a: Rotom|59/100
|move|p2a: Rotom|Pain Split|p1a: Dragonite
|-sethp|p1a: Dragonite|76/100 par|[from] move: Pain Split|[silent]
|-sethp|p2a: Rotom|87/100|[from] move: Pain Split
|
|-heal|p2a: Rotom|93/100|[from] item: Leftovers
|upkeep
|turn|46
|
|t:|1760800121
|move|p1a: Dragonite|Dragon Dance|p1a: Dragonite
|-boost|p1a: Dragonite|atk|1
|-boost|p1a: Dragonite|spe|1
|move|p2a: Rotom|Volt Switch|p1a: Dragonite
|-damage|p1a: Dragonite|53/100 par
|
|t:|1760800128
|switch|p2a: Ting-Lu|Ting-Lu|61/100|[from] Volt Switch
|-damage|p2a: Ting-Lu|54/100|[from] Stealth Rock
|-damage|p2a: Ting-Lu|42/100|[from] Spikes
|-ability|p2a: Ting-Lu|Vessel of Ruin
|
|-heal|p2a: Ting-Lu|48/100|[from] item: Leftovers
|upkeep
|turn|47
|
|t:|1760800134
|move|p1a: Dragonite|Earthquake|p2a: Ting-Lu
|-damage|p2a: Ting-Lu|0 fnt
|faint|p2a: Ting-Lu
|
|upkeep
|
|t:|1760800136
|switch|p2a: Rotom|Rotom-Wash, tera:Steel|93/100
|-damage|p2a: Rotom|87/100|[from] Stealth Rock
|turn|48
|
|t:|1760800138
|move|p1a: Dragonite|Roost|p1a: Dragonite
|-heal|p1a: Dragonite|100/100 par
|-singleturn|p1a: Dragonite|move: Roost
|move|p2a: Rotom|Hydro Pump|p1a: Dragonite
|-resisted|p1a: Dragonite
|-damage|p1a: Dragonite|90/100 par
|
|-heal|p2a: Rotom|93/100|[from] item: Leftovers
|upkeep
|turn|49
|
|t:|1760800145
|move|p1a: Dragonite|Dragon Dance|p1a: Dragonite
|-boost|p1a: Dragonite|atk|1
|-boost|p1a: Dragonite|spe|1
|move|p2a: Rotom|Hydro Pump|p1a: Dragonite
|-resisted|p1a: Dragonite
|-damage|p1a: Dragonite|72/100 par
|
|-heal|p2a: Rotom|99/100|[from] item: Leftovers
|upkeep
|turn|50
|
|t:|1760800150
|move|p1a: Dragonite|Dragon Dance|p1a: Dragonite
|-boost|p1a: Dragonite|atk|1
|-boost|p1a: Dragonite|spe|1
|move|p2a: Rotom|Hydro Pump|p1a: Dragonite
|-resisted|p1a: Dragonite
|-damage|p1a: Dragonite|53/100 par
|
|-heal|p2a: Rotom|100/100|[from] item: Leftovers
|upkeep
|turn|51
|
|t:|1760800155
|move|p1a: Dragonite|Roost|p1a: Dragonite
|-heal|p1a: Dragonite|100/100 par
|-singleturn|p1a: Dragonite|move: Roost
|move|p2a: Rotom|Hydro Pump|p1a: Dragonite
|-resisted|p1a: Dragonite
|-damage|p1a: Dragonite|91/100 par
|
|upkeep
|turn|52
|
|t:|1760800158
|move|p1a: Dragonite|Dragon Dance|p1a: Dragonite
|-boost|p1a: Dragonite|atk|1
|-boost|p1a: Dragonite|spe|1
|move|p2a: Rotom|Volt Switch|p1a: Dragonite
|-damage|p1a: Dragonite|66/100 par
|
|t:|1760800160
|switch|p2a: Gholdengo|Gholdengo|59/100|[from] Volt Switch
|-damage|p2a: Gholdengo|53/100|[from] Stealth Rock
|-damage|p2a: Gholdengo|41/100|[from] Spikes
|
|upkeep
|turn|53
|
|t:|1760800163
|switch|p2a: Rotom|Rotom-Wash, tera:Steel|100/100
|-damage|p2a: Rotom|94/100|[from] Stealth Rock
|move|p1a: Dragonite|Earthquake|p2a: Rotom
|-immune|p2a: Rotom|[from] ability: Levitate
|
|-heal|p2a: Rotom|100/100|[from] item: Leftovers
|upkeep
|turn|54
|
|t:|1760800174
|move|p1a: Dragonite|Roost|p1a: Dragonite
|-heal|p1a: Dragonite|100/100 par
|-singleturn|p1a: Dragonite|move: Roost
|move|p2a: Rotom|Volt Switch|p1a: Dragonite
|-resisted|p1a: Dragonite
|-crit|p1a: Dragonite
|-damage|p1a: Dragonite|91/100 par
|
|t:|1760800175
|switch|p2a: Gholdengo|Gholdengo|41/100|[from] Volt Switch
|-damage|p2a: Gholdengo|35/100|[from] Stealth Rock
|-damage|p2a: Gholdengo|22/100|[from] Spikes
|
|upkeep
|turn|55
|
|t:|1760800185
|switch|p2a: Rotom|Rotom-Wash, tera:Steel|100/100
|-damage|p2a: Rotom|94/100|[from] Stealth Rock
|move|p1a: Dragonite|Earthquake|p2a: Rotom
|-immune|p2a: Rotom|[from] ability: Levitate
|
|-heal|p2a: Rotom|100/100|[from] item: Leftovers
|upkeep
|turn|56
|
|t:|1760800194
|move|p1a: Dragonite|Extreme Speed|p2a: Rotom
|-resisted|p2a: Rotom
|-damage|p2a: Rotom|54/100
|move|p2a: Rotom|Volt Switch|p1a: Dragonite
|-damage|p1a: Dragonite|67/100 par
|
|t:|1760800197
|switch|p2a: Gholdengo|Gholdengo|22/100|[from] Volt Switch
|-damage|p2a: Gholdengo|16/100|[from] Stealth Rock
|-damage|p2a: Gholdengo|4/100|[from] Spikes
|
|upkeep
|turn|57
|
|t:|1760800203
|cant|p1a: Dragonite|par
|move|p2a: Gholdengo|Hex|p1a: Dragonite
|-damage|p1a: Dragonite|13/100 par
|
|upkeep
|turn|58
|
|t:|1760800206
|move|p1a: Dragonite|Earthquake|p2a: Gholdengo
|-supereffective|p2a: Gholdengo
|-damage|p2a: Gholdengo|0 fnt
|faint|p2a: Gholdengo
|
|upkeep
|
|t:|1760800212
|switch|p2a: Rotom|Rotom-Wash, tera:Steel|54/100
|-damage|p2a: Rotom|48/100|[from] Stealth Rock
|turn|59
|
|t:|1760800214
|move|p1a: Dragonite|Extreme Speed|p2a: Rotom
|-resisted|p2a: Rotom
|-damage|p2a: Rotom|0 fnt
|faint|p2a: Rotom
|
|win|ice spice enjoyer
|raw|ice spice enjoyer's rating: 1688 &rarr; <strong>1704</strong><br />(+16 for winning)
|raw|PandaLord0's rating: 1615 &rarr; <strong>1599</strong><br />(-16 for losing)
|c|☆ice spice enjoyer|gg
|c|☆PandaLord0|gg
|l|☆ice spice enjoyer
|player|p1|
