|j|☆Agus_zam
|j|☆F1amewheel
|t:|1760857865
|gametype|singles
|player|p1|Agus_zam|169|1326
|player|p2|F1amewheel|willow-casual|1314
|gen|9
|tier|[Gen 9] OU
|rated|
|rule|HP Percentage Mod: HP is shown in percentages
|rule|Endless Battle Clause: Forcing endless battles is banned
|rule|Species Clause: Limit one of each Pokémon
|rule|OHKO Clause: OHKO moves are banned
|rule|Evasion Items Clause: Evasion items are banned
|rule|Evasion Moves Clause: Evasion moves are banned
|rule|Evasion Abilities Clause: Evasion abilities are banned
|rule|Sleep Moves Clause: Sleep-inducing moves are banned
|clearpoke
|poke|p1|Slowking-Galar, F|
|poke|p1|Corviknight, F|
|poke|p1|Great Tusk|
|poke|p1|Primarina, F|
|poke|p1|Meowscarada, F|
|poke|p1|Rotom-Heat|
|poke|p2|Dragapult, M|
|poke|p2|Darkrai|
|poke|p2|Landorus-Therian, M|
|poke|p2|Kyurem|
|poke|p2|Greninja-*, M|
|poke|p2|Cinderace, M|
|teampreview
|inactive|Battle timer is ON: inactive players will automatically lose when time's up. (requested by Agus_zam)
|
|t:|1760857874
|teamsize|p1|6
|teamsize|p2|6
|start
|switch|p1a: Rotom|Rotom-Heat|100/100
|switch|p2a: Kyurem|Kyurem|100/100
|-ability|p2a: Kyurem|Pressure
|turn|1
|
|t:|1760857899
|-terastallize|p2a: Kyurem|Fire
|move|p1a: Rotom|Trick|p2a: Kyurem
|-activate|p1a: Rotom|move: Trick|[of] p2a: Kyurem
|-item|p2a: Kyurem|Choice Scarf|[from] move: Trick
|-item|p1a: Rotom|Loaded Dice|[from] move: Trick
|move|p2a: Kyurem|Scale Shot|p1a: Rotom|[miss]
|-miss|p2a: Kyurem|p1a: Rotom
|
|upkeep
|turn|2
|
|t:|1760857922
|switch|p2a: Dragapult|Dragapult, M|100/100
|switch|p1a: Primarina|Primarina, F|100/100
|
|upkeep
|turn|3
|
|t:|1760857933
|switch|p1a: Corviknight|Corviknight, F|100/100
|move|p2a: Dragapult|U-turn|p1a: Corviknight
|-resisted|p1a: Corviknight
|-damage|p1a: Corviknight|98/100
|
|t:|1760857939
|switch|p2a: Kyurem|Kyurem, tera:Fire|100/100|[from] U-turn
|-ability|p2a: Kyurem|Pressure
|
|upkeep
|turn|4
|
|t:|1760857949
|switch|p1a: Rotom|Rotom-Heat|100/100
|move|p2a: Kyurem|Tera Blast|p1a: Rotom|[anim] Tera Blast Fire
|-resisted|p1a: Rotom
|-damage|p1a: Rotom|70/100
|
|upkeep
|turn|5
|
|t:|1760857958
|move|p2a: Kyurem|Tera Blast|p1a: Rotom|[anim] Tera Blast Fire
|-resisted|p1a: Rotom
|-damage|p1a: Rotom|43/100
|move|p1a: Rotom|Volt Switch|p2a: Kyurem
|-damage|p2a: Kyurem|73/100
|
|t:|1760857961
|switch|p1a: Primarina|Primarina, F|100/100|[from] Volt Switch
|
|upkeep
|turn|6
|
|t:|1760857965
|switch|p2a: Greninja|Greninja, M|100/100
|move|p1a: Primarina|Substitute|p1a: Primarina
|-start|p1a: Primarina|Substitute
|-damage|p1a: Primarina|76/100
|
|-heal|p1a: Primarina|82/100|[from] item: Leftovers
|upkeep
|turn|7
|-message|Agus_zam forfeited.
|
|win|F1amewheel
|raw|Agus_zam's rating: 1326 &rarr; <strong>1305</strong><br />(-21 for losing)
|raw|F1amewheel's rating: 1314 &rarr; <strong>1335</strong><br />(+21 for winning)
|l|☆Agus_zam
|player|p1|
|l|☆F1amewheel
|player|p2|
