|badge|p1|bronze|gen9ubers|100-7
|uhtml|medal-msg|<div class="broadcast-blue">Curious what those medals under the avatar are? PS now has Ladder Seasons! For more information, check out the <a href="https://www.smogon.com/forums/threads/3740067/">thread on Smogon.</a></div>
|j|☆Nikator98
|j|☆monkeyooooooo
|t:|1760733782
|gametype|singles
|player|p1|Nikator98|giovanni|1652
|player|p2|monkeyooooooo|swimmerf-gen4|1697
|gen|9
|tier|[Gen 9] OU
|rated|
|rule|HP Percentage Mod: HP is shown in percentages
|rule|Endless Battle Clause: Forcing endless battles is banned
|rule|Species Clause: Limit one of each Pokémon
|rule|OHKO Clause: OHKO moves are banned
|rule|Evasion Items Clause: Evasion items are banned
|rule|Evasion Moves Clause: Evasion moves are banned
|rule|Evasion Abilities Clause: Evasion abilities are banned
|rule|Sleep Moves Clause: Sleep-inducing moves are banned
|clearpoke
|poke|p1|Metagross|
|poke|p1|Great Tusk|
|poke|p1|Haxorus, M|
|poke|p1|Iron Moth|
|poke|p1|Zoroark-Hisui, M|
|poke|p1|Ninetales-Alola, F|
|poke|p2|Maushold-Four|
|poke|p2|Ursaluna, M|
|poke|p2|Grimmsnarl, M|
|poke|p2|Zamazenta-*|
|poke|p2|Iron Moth|
|poke|p2|Hatterene, F|
|teampreview
|inactive|Battle timer is ON: inactive players will automatically lose when time's up. (requested by Nikator98)
|
|t:|1760733803
|teamsize|p1|6
|teamsize|p2|6
|start
|switch|p1a: Arquillian Sentry|Metagross|100/100
|switch|p2a: Riddles Thrice|Grimmsnarl, M|100/100
|turn|1
|
|t:|1760733809
|move|p2a: Riddles Thrice|Parting Shot|p1a: Arquillian Sentry
|-fail|p1a: Arquillian Sentry|unboost|[from] ability: Clear Body|[of] p1a: Arquillian Sentry
|move|p1a: Arquillian Sentry|Meteor Mash|p2a: Riddles Thrice
|-supereffective|p2a: Riddles Thrice
|-damage|p2a: Riddles Thrice|17/100
|-damage|p1a: Arquillian Sentry|84/100|[from] item: Rocky Helmet|[of] p2a: Riddles Thrice
|
|upkeep
|turn|2
|
|t:|1760733823
|switch|p2a: Hot Potato|Ursaluna, M|100/100
|move|p1a: Arquillian Sentry|Stealth Rock|p2a: Hot Potato
|-sidestart|p2: monkeyooooooo|move: Stealth Rock
|
|-status|p2a: Hot Potato|brn|[from] item: Flame Orb
|upkeep
|turn|3
|
|t:|1760733836
|switch|p1a: Kumaryia|Great Tusk, shiny|100/100
|move|p2a: Hot Potato|Headlong Rush|p1a: Kumaryia
|-damage|p1a: Kumaryia|24/100
|-unboost|p2a: Hot Potato|def|1
|-unboost|p2a: Hot Potato|spd|1
|
|-damage|p2a: Hot Potato|94/100 brn|[from] brn
|upkeep
|turn|4
|
|t:|1760733846
|move|p1a: Kumaryia|Headlong Rush|p2a: Hot Potato
|-damage|p2a: Hot Potato|21/100 brn
|-unboost|p1a: Kumaryia|def|1
|-unboost|p1a: Kumaryia|spd|1
|move|p2a: Hot Potato|Facade|p1a: Kumaryia
|-crit|p1a: Kumaryia
|-damage|p1a: Kumaryia|0 fnt
|faint|p1a: Kumaryia
|-end|p1a: Kumaryia|Protosynthesis|[silent]
|
|-damage|p2a: Hot Potato|14/100 brn|[from] brn
|upkeep
|c|☆monkeyooooooo|MB
|inactive|Nikator98 has 120 seconds left.
|
|t:|1760733876
|switch|p1a: Asfaloth|Ninetales-Alola, F, shiny|100/100
|-weather|Snowscape|[from] ability: Snow Warning|[of] p1a: Asfaloth
|turn|5
|inactive|Nikator98 has 120 seconds left.
|
|t:|1760733886
|switch|p2a: Bug Trap|Iron Moth|100/100
|-damage|p2a: Bug Trap|76/100|[from] Stealth Rock
|move|p1a: Asfaloth|Freeze-Dry|p2a: Bug Trap
|-resisted|p2a: Bug Trap
|-damage|p2a: Bug Trap|64/100
|
|-weather|Snowscape|[upkeep]
|upkeep
|turn|6
|inactive|Nikator98 has 120 seconds left.
|
|t:|1760733922
|switch|p1a: Gothmog|Iron Moth|100/100
|-enditem|p1a: Gothmog|Booster Energy
|-activate|p1a: Gothmog|ability: Quark Drive|[fromitem]
|-start|p1a: Gothmog|quarkdrivespe
|move|p2a: Bug Trap|Fiery Dance|p1a: Gothmog
|-resisted|p1a: Gothmog
|-damage|p1a: Gothmog|68/100
|-boost|p2a: Bug Trap|spa|1
|
|-weather|Snowscape|[upkeep]
|upkeep
|turn|7
|
|t:|1760733932
|move|p1a: Gothmog|Fiery Dance|p2a: Bug Trap
|-resisted|p2a: Bug Trap
|-damage|p2a: Bug Trap|44/100
|-boost|p1a: Gothmog|spa|1
|move|p2a: Bug Trap|Fiery Dance|p1a: Gothmog
|-resisted|p1a: Gothmog
|-damage|p1a: Gothmog|19/100
|
|-weather|Snowscape|[upkeep]
|upkeep
|turn|8
|
|t:|1760733941
|move|p1a: Gothmog|Sludge Wave|p2a: Bug Trap
|-resisted|p2a: Bug Trap
|-damage|p2a: Bug Trap|9/100
|move|p2a: Bug Trap|Fiery Dance|p1a: Gothmog
|-resisted|p1a: Gothmog
|-damage|p1a: Gothmog|0 fnt
|faint|p1a: Gothmog
|-end|p1a: Gothmog|Quark Drive|[silent]
|
|-weather|Snowscape|[upkeep]
|upkeep
|inactive|Nikator98 has 90 seconds left.
|
|t:|1760733967
|switch|p1a: Lacelle|Haxorus, M|100/100
|-ability|p1a: Lacelle|Mold Breaker
|turn|9
|
|t:|1760733974
|move|p2a: Bug Trap|Fiery Dance|p1a: Lacelle
|-resisted|p1a: Lacelle
|-damage|p1a: Lacelle|19/100
|move|p1a: Lacelle|Scale Shot|p2a: Bug Trap
|-damage|p2a: Bug Trap|0 fnt
|faint|p2a: Bug Trap
|-end|p2a: Bug Trap|Quark Drive|[silent]
|-hitcount|p2: Bug Trap|1
|-unboost|p1a: Lacelle|def|1
|-boost|p1a: Lacelle|spe|1
|
|-weather|none
|upkeep
|
|t:|1760733982
|switch|p2a: Daisy|Zamazenta|100/100
|-damage|p2a: Daisy|94/100|[from] Stealth Rock
|-ability|p2a: Daisy|Dauntless Shield|boost
|-boost|p2a: Daisy|def|1
|turn|10
|
|t:|1760733989
|move|p1a: Lacelle|Scale Shot|p2a: Daisy|[miss]
|-miss|p1a: Lacelle|p2a: Daisy
|move|p2a: Daisy|Crunch|p1a: Lacelle
|-crit|p1a: Lacelle
|-damage|p1a: Lacelle|0 fnt
|faint|p1a: Lacelle
|
|-heal|p2a: Daisy|100/100|[from] item: Leftovers
|upkeep
|c|☆monkeyooooooo|MB
|inactive|Nikator98 has 90 seconds left.
|
|t:|1760734009
|switch|p1a: Asfaloth|Ninetales-Alola, F, shiny|100/100
|-weather|Snowscape|[from] ability: Snow Warning|[of] p1a: Asfaloth
|turn|11
|
|t:|1760734015
|switch|p2a: Rubber|Hatterene, F|100/100
|-damage|p2a: Rubber|88/100|[from] Stealth Rock
|move|p1a: Asfaloth|Aurora Veil|p1a: Asfaloth
|-sidestart|p1: Nikator98|move: Aurora Veil
|
|-weather|Snowscape|[upkeep]
|upkeep
|turn|12
|
|t:|1760734025
|move|p1a: Asfaloth|Moonblast|p2a: Rubber
|-damage|p2a: Rubber|55/100
|-unboost|p2a: Rubber|spa|1
|-enditem|p2a: Rubber|Eject Button
|
|t:|1760734027
|switch|p2a: Nuclear Family|Maushold-Four|100/100
|-damage|p2a: Nuclear Family|88/100|[from] Stealth Rock
|
|-weather|Snowscape|[upkeep]
|upkeep
|turn|13
|
|t:|1760734035
|move|p2a: Nuclear Family|Tidy Up|p2a: Nuclear Family
|-sideend|p2: monkeyooooooo|Stealth Rock
|-activate|p2a: Nuclear Family|move: Tidy Up
|-boost|p2a: Nuclear Family|atk|1
|-boost|p2a: Nuclear Family|spe|1
|move|p1a: Asfaloth|Encore|p2a: Nuclear Family
|-start|p2a: Nuclear Family|Encore
|
|-weather|Snowscape|[upkeep]
|upkeep
|turn|14
|
|t:|1760734047
|switch|p2a: Riddles Thrice|Grimmsnarl, M|17/100
|move|p1a: Asfaloth|Moonblast|p2a: Riddles Thrice
|-supereffective|p2a: Riddles Thrice
|-damage|p2a: Riddles Thrice|0 fnt
|faint|p2a: Riddles Thrice
|
|-weather|Snowscape|[upkeep]
|upkeep
|
|t:|1760734053
|switch|p2a: Nuclear Family|Maushold-Four|88/100
|turn|15
|inactive|Nikator98 has 120 seconds left.
|
|t:|1760734066
|move|p2a: Nuclear Family|Tidy Up|p2a: Nuclear Family
|-boost|p2a: Nuclear Family|atk|1
|-boost|p2a: Nuclear Family|spe|1
|move|p1a: Asfaloth|Moonblast|p2a: Nuclear Family
|-damage|p2a: Nuclear Family|41/100
|
|-weather|none
|upkeep
|turn|16
|inactive|Nikator98 has 120 seconds left.
|
|t:|1760734076
|switch|p1a: Asfaloth|Ninetales-Alola, F, shiny|100/100
|move|p2a: Nuclear Family|Population Bomb|p1a: Asfaloth
|-immune|p1a: Asfaloth
|
|upkeep
|turn|17
|
|t:|1760734084
|move|p2a: Nuclear Family|Bite|p1a: Asfaloth
|-supereffective|p1a: Asfaloth
|-damage|p1a: Asfaloth|36/100
|replace|p1a: Van Helsing|Zoroark-Hisui, M, shiny
|-end|p1a: Van Helsing|Illusion
|cant|p1a: Van Helsing|flinch
|
|upkeep
|turn|18
|c|☆monkeyooooooo|MB
|
|t:|1760734097
|-terastallize|p1a: Van Helsing|Fairy
|move|p2a: Nuclear Family|Bite|p1a: Van Helsing
|-resisted|p1a: Van Helsing
|-damage|p1a: Van Helsing|19/100
|move|p1a: Van Helsing|Tera Blast|p2a: Nuclear Family|[anim] Tera Blast Fairy
|-damage|p2a: Nuclear Family|0 fnt
|faint|p2a: Nuclear Family
|
|-sideend|p1: Nikator98|move: Aurora Veil
|upkeep
|
|t:|1760734106
|switch|p2a: Rubber|Hatterene, F|55/100
|turn|19
|
|t:|1760734123
|switch|p1a: Asfaloth|Ninetales-Alola, F, shiny|100/100
|-weather|Snowscape|[from] ability: Snow Warning|[of] p1a: Asfaloth
|move|p2a: Rubber|Healing Wish|p2a: Rubber
|faint|p2a: Rubber
|
|-weather|Snowscape|[upkeep]
|upkeep
|
|t:|1760734125
|switch|p2a: Daisy|Zamazenta|100/100
|turn|20
|
|t:|1760734137
|switch|p2a: Hot Potato|Ursaluna, M|14/100 brn
|-heal|p2a: Hot Potato|100/100|[from] move: Healing Wish
|move|p1a: Asfaloth|Aurora Veil|p1a: Asfaloth
|-sidestart|p1: Nikator98|move: Aurora Veil
|
|-weather|Snowscape|[upkeep]
|-status|p2a: Hot Potato|brn|[from] item: Flame Orb
|upkeep
|turn|21
|
|t:|1760734149
|move|p1a: Asfaloth|Freeze-Dry|p2a: Hot Potato
|-supereffective|p2a: Hot Potato
|-damage|p2a: Hot Potato|56/100 brn
|move|p2a: Hot Potato|Facade|p1a: Asfaloth
|-damage|p1a: Asfaloth|41/100
|
|-weather|Snowscape|[upkeep]
|-damage|p2a: Hot Potato|50/100 brn|[from] brn
|upkeep
|turn|22
|
|t:|1760734157
|move|p1a: Asfaloth|Freeze-Dry|p2a: Hot Potato
|-supereffective|p2a: Hot Potato
|-damage|p2a: Hot Potato|5/100 brn
|move|p2a: Hot Potato|Facade|p1a: Asfaloth
|-damage|p1a: Asfaloth|0 fnt
|faint|p1a: Asfaloth
|
|-weather|Snowscape|[upkeep]
|-damage|p2a: Hot Potato|0 fnt|[from] brn
|faint|p2a: Hot Potato
|upkeep
|
|t:|1760734167
|switch|p1a: Arquillian Sentry|Metagross, tera:Fairy|19/100
|switch|p2a: Daisy|Zamazenta|100/100
|turn|23
|
|t:|1760734178
|-terastallize|p2a: Daisy|Steel
|move|p2a: Daisy|Body Press|p1a: Arquillian Sentry
|-resisted|p1a: Arquillian Sentry
|-damage|p1a: Arquillian Sentry|0 fnt
|replace|p1a: Van Helsing|Zoroark-Hisui, M, shiny
|-end|p1a: Van Helsing|Illusion
|faint|p1a: Van Helsing
|
|-weather|none
|upkeep
|
|t:|1760734186
|switch|p1a: Arquillian Sentry|Metagross|84/100
|turn|24
|
|t:|1760734197
|move|p2a: Daisy|Iron Defense|p2a: Daisy
|-boost|p2a: Daisy|def|2
|move|p1a: Arquillian Sentry|Meteor Mash|p2a: Daisy|[miss]
|-miss|p1a: Arquillian Sentry|p2a: Daisy
|
|upkeep
|turn|25
|-message|Nikator98 forfeited.
|
|win|monkeyooooooo
|raw|Nikator98's rating: 1652 &rarr; <strong>1635</strong><br />(-17 for losing)
|raw|monkeyooooooo's rating: 1697 &rarr; <strong>1714</strong><br />(+17 for winning)
|l|☆Nikator98
|player|p1|
|l|☆monkeyooooooo
|player|p2|
