|j|☆jessies boyfriend
|j|☆lean4khan
|t:|1760743067
|gametype|singles
|player|p1|jessies boyfriend|brock|1288
|player|p2|lean4khan|biker-gen4|1274
|gen|9
|tier|[Gen 9] OU
|rated|
|rule|HP Percentage Mod: HP is shown in percentages
|rule|Endless Battle Clause: Forcing endless battles is banned
|rule|Species Clause: Limit one of each Pokémon
|rule|OHKO Clause: OHKO moves are banned
|rule|Evasion Items Clause: Evasion items are banned
|rule|Evasion Moves Clause: Evasion moves are banned
|rule|Evasion Abilities Clause: Evasion abilities are banned
|rule|Sleep Moves Clause: Sleep-inducing moves are banned
|clearpoke
|poke|p1|Dudunsparce-*, M|
|poke|p1|Rillaboom, M|
|poke|p1|Pecharunt|
|poke|p1|Hawlucha, F|
|poke|p1|Cinderace, F|
|poke|p1|Decidueye-Hisui, M|
|poke|p2|Typhlosion, M|
|poke|p2|Ninetales, M|
|poke|p2|Walking Wake|
|poke|p2|Slither Wing|
|poke|p2|Ogerpon-Wellspring, F|
|poke|p2|Great Tusk|
|teampreview
|inactive|Battle timer is ON: inactive players will automatically lose when time's up. (requested by jessies boyfriend)
|
|t:|1760743084
|teamsize|p1|6
|teamsize|p2|6
|start
|switch|p1a: Dudunsparce|Dudunsparce-Three-Segment, M, shiny|100/100
|switch|p2a: Ogerpon|Ogerpon-Wellspring, F|100/100
|turn|1
|
|t:|1760743089
|move|p2a: Ogerpon|Spikes|p1a: Dudunsparce
|-sidestart|p1: jessies boyfriend|Spikes
|move|p1a: Dudunsparce|Toxic|p2a: Ogerpon
|-status|p2a: Ogerpon|tox
|
|-damage|p2a: Ogerpon|95/100 tox|[from] psn
|upkeep
|turn|2
|
|t:|1760743099
|move|p2a: Ogerpon|Ivy Cudgel|p1a: Dudunsparce|[anim] Ivy Cudgel Water
|-damage|p1a: Dudunsparce|47/100
|move|p1a: Dudunsparce|Coil|p1a: Dudunsparce
|-boost|p1a: Dudunsparce|atk|1
|-boost|p1a: Dudunsparce|def|1
|-boost|p1a: Dudunsparce|accuracy|1
|
|-heal|p1a: Dudunsparce|53/100|[from] item: Leftovers
|-damage|p2a: Ogerpon|83/100 tox|[from] psn
|upkeep
|turn|3
|
|t:|1760743105
|move|p2a: Ogerpon|Swords Dance|p2a: Ogerpon
|-boost|p2a: Ogerpon|atk|2
|move|p1a: Dudunsparce|Roost|p1a: Dudunsparce
|-heal|p1a: Dudunsparce|100/100
|-singleturn|p1a: Dudunsparce|move: Roost
|
|-damage|p2a: Ogerpon|65/100 tox|[from] psn
|upkeep
|turn|4
|
|t:|1760743111
|switch|p1a: Rillaboom|Rillaboom, M|100/100
|-damage|p1a: Rillaboom|88/100|[from] Spikes
|-fieldstart|move: Grassy Terrain|[from] ability: Grassy Surge|[of] p1a: Rillaboom
|move|p2a: Ogerpon|Ivy Cudgel|p1a: Rillaboom|[anim] Ivy Cudgel Water
|-resisted|p1a: Rillaboom
|-damage|p1a: Rillaboom|31/100
|
|-heal|p2a: Ogerpon|71/100 tox|[from] Grassy Terrain
|-heal|p1a: Rillaboom|37/100|[from] Grassy Terrain
|-damage|p2a: Ogerpon|47/100 tox|[from] psn
|upkeep
|turn|5
|
|t:|1760743122
|move|p1a: Rillaboom|Grassy Glide|p2a: Ogerpon
|-damage|p2a: Ogerpon|8/100 tox
|move|p2a: Ogerpon|Ivy Cudgel|p1a: Rillaboom|[anim] Ivy Cudgel Water
|-resisted|p1a: Rillaboom
|-damage|p1a: Rillaboom|0 fnt
|faint|p1a: Rillaboom
|
|-heal|p2a: Ogerpon|14/100 tox|[from] Grassy Terrain
|-damage|p2a: Ogerpon|0 fnt|[from] psn
|faint|p2a: Ogerpon
|upkeep
|inactive|jessies boyfriend has 120 seconds left.
|
|t:|1760743155
|switch|p2a: Ninetales|Ninetales, M|100/100
|switch|p1a: Hawlucha|Hawlucha, F|100/100
|-weather|SunnyDay|[from] ability: Drought|[of] p2a: Ninetales
|-enditem|p1a: Hawlucha|Grassy Seed
|-boost|p1a: Hawlucha|def|1|[from] item: Grassy Seed
|turn|6
|
|t:|1760743166
|move|p1a: Hawlucha|Swords Dance|p1a: Hawlucha
|-boost|p1a: Hawlucha|atk|2
|move|p2a: Ninetales|Will-O-Wisp|p1a: Hawlucha
|-status|p1a: Hawlucha|brn
|
|-weather|SunnyDay|[upkeep]
|-damage|p1a: Hawlucha|94/100 brn|[from] brn
|upkeep
|turn|7
|
|t:|1760743171
|move|p1a: Hawlucha|Drain Punch|p2a: Ninetales
|-damage|p2a: Ninetales|62/100
|-heal|p1a: Hawlucha|100/100 brn|[from] drain|[of] p2a: Ninetales
|move|p2a: Ninetales|Encore|p1a: Hawlucha
|-start|p1a: Hawlucha|Encore
|
|-weather|SunnyDay|[upkeep]
|-heal|p2a: Ninetales|68/100|[from] Grassy Terrain
|-damage|p1a: Hawlucha|94/100 brn|[from] brn
|upkeep
|turn|8
|
|t:|1760743177
|switch|p2a: Slither Wing|Slither Wing|100/100
|-activate|p2a: Slither Wing|ability: Protosynthesis
|-start|p2a: Slither Wing|protosynthesisatk
|move|p1a: Hawlucha|Drain Punch|p2a: Slither Wing
|-resisted|p2a: Slither Wing
|-damage|p2a: Slither Wing|82/100
|-heal|p1a: Hawlucha|100/100 brn|[from] drain|[of] p2a: Slither Wing
|
|-weather|SunnyDay|[upkeep]
|-heal|p2a: Slither Wing|88/100|[from] Grassy Terrain
|-damage|p1a: Hawlucha|94/100 brn|[from] brn
|upkeep
|turn|9
|
|t:|1760743185
|move|p1a: Hawlucha|Drain Punch|p2a: Slither Wing
|-resisted|p2a: Slither Wing
|-crit|p2a: Slither Wing
|-damage|p2a: Slither Wing|60/100
|-heal|p1a: Hawlucha|100/100 brn|[from] drain|[of] p2a: Slither Wing
|move|p2a: Slither Wing|U-turn|p1a: Hawlucha
|-resisted|p1a: Hawlucha
|-damage|p1a: Hawlucha|90/100 brn
|
|t:|1760743193
|-end|p2a: Slither Wing|Protosynthesis|[silent]
|switch|p2a: Walking Wake|Walking Wake|100/100|[from] U-turn
|-activate|p2a: Walking Wake|ability: Protosynthesis
|-start|p2a: Walking Wake|protosynthesisspe
|
|-weather|SunnyDay|[upkeep]
|-damage|p1a: Hawlucha|84/100 brn|[from] brn
|upkeep
|turn|10
|l|☆lean4khan
|inactive|lean4khan disconnected and has a minute to reconnect!
|player|p2|
|j|☆lean4khan
|inactive|lean4khan reconnected and has 145 seconds left.
|player|p2|lean4khan|biker-gen4|
|
|t:|1760743207
|move|p1a: Hawlucha|Drain Punch|p2a: Walking Wake
|-damage|p2a: Walking Wake|71/100
|-heal|p1a: Hawlucha|98/100 brn|[from] drain|[of] p2a: Walking Wake
|move|p2a: Walking Wake|Hydro Steam|p1a: Hawlucha
|-crit|p1a: Hawlucha
|-damage|p1a: Hawlucha|0 fnt
|faint|p1a: Hawlucha
|
|-weather|SunnyDay|[upkeep]
|-heal|p2a: Walking Wake|77/100|[from] Grassy Terrain
|upkeep
|
|t:|1760743233
|switch|p1a: Dudunsparce|Dudunsparce-Three-Segment, M, shiny|100/100
|-damage|p1a: Dudunsparce|88/100|[from] Spikes
|turn|11
|
|t:|1760743238
|move|p2a: Walking Wake|Hydro Steam|p1a: Dudunsparce
|-damage|p1a: Dudunsparce|19/100
|move|p1a: Dudunsparce|Toxic|p2a: Walking Wake
|-status|p2a: Walking Wake|tox
|
|-weather|SunnyDay|[upkeep]
|-heal|p2a: Walking Wake|84/100 tox|[from] Grassy Terrain
|-heal|p1a: Dudunsparce|25/100|[from] Grassy Terrain
|-heal|p1a: Dudunsparce|31/100|[from] item: Leftovers
|-damage|p2a: Walking Wake|77/100 tox|[from] psn
|-fieldend|move: Grassy Terrain
|upkeep
|turn|12
|
|t:|1760743243
|move|p2a: Walking Wake|Hydro Steam|p1a: Dudunsparce
|-damage|p1a: Dudunsparce|0 fnt
|faint|p1a: Dudunsparce
|
|-weather|SunnyDay|[upkeep]
|-damage|p2a: Walking Wake|65/100 tox|[from] psn
|upkeep
|
|t:|1760743249
|switch|p1a: Decidueye|Decidueye-Hisui, M, shiny|100/100
|-damage|p1a: Decidueye|88/100|[from] Spikes
|turn|13
|
|t:|1760743268
|-end|p2a: Walking Wake|Protosynthesis|[silent]
|switch|p2a: Slither Wing|Slither Wing|60/100
|-activate|p2a: Slither Wing|ability: Protosynthesis
|-start|p2a: Slither Wing|protosynthesisatk
|switch|p1a: Cinderace|Cinderace, F|100/100
|
|-weather|none
|-end|p2a: Slither Wing|Protosynthesis
|upkeep
|turn|14
|
|t:|1760743275
|-end|p2a: Slither Wing|Protosynthesis|[silent]
|switch|p2a: Ninetales|Ninetales, M|68/100
|-weather|SunnyDay|[from] ability: Drought|[of] p2a: Ninetales
|move|p1a: Cinderace|Pyro Ball|p2a: Ninetales
|-resisted|p2a: Ninetales
|-damage|p2a: Ninetales|23/100
|
|-weather|SunnyDay|[upkeep]
|upkeep
|turn|15
|
|t:|1760743301
|move|p1a: Cinderace|U-turn|p2a: Ninetales
|-start|p1a: Cinderace|typechange|Bug|[from] ability: Libero
|-resisted|p2a: Ninetales
|-damage|p2a: Ninetales|5/100
|
|t:|1760743309
|switch|p1a: Pecharunt|Pecharunt|100/100|[from] U-turn
|-damage|p1a: Pecharunt|88/100|[from] Spikes
|move|p2a: Ninetales|Flamethrower|p1a: Pecharunt
|-damage|p1a: Pecharunt|49/100
|
|-weather|SunnyDay|[upkeep]
|-heal|p1a: Pecharunt|55/100|[from] item: Leftovers
|upkeep
|turn|16
|
|t:|1760743316
|move|p2a: Ninetales|Flamethrower|p1a: Pecharunt
|-damage|p1a: Pecharunt|16/100
|move|p1a: Pecharunt|Recover|p1a: Pecharunt
|-heal|p1a: Pecharunt|66/100
|
|-weather|SunnyDay|[upkeep]
|-heal|p1a: Pecharunt|72/100|[from] item: Leftovers
|upkeep
|turn|17
|
|t:|1760743320
|move|p2a: Ninetales|Encore|p1a: Pecharunt
|-start|p1a: Pecharunt|Encore
|move|p1a: Pecharunt|Recover|p1a: Pecharunt
|-heal|p1a: Pecharunt|100/100
|
|-weather|SunnyDay|[upkeep]
|upkeep
|turn|18
|
|t:|1760743327
|switch|p2a: Typhlosion|Typhlosion, M|100/100
|switch|p1a: Cinderace|Cinderace, F|100/100
|
|-weather|SunnyDay|[upkeep]
|upkeep
|turn|19
|
|t:|1760743333
|move|p2a: Typhlosion|Eruption|p1a: Cinderace
|-resisted|p1a: Cinderace
|-damage|p1a: Cinderace|37/100
|move|p1a: Cinderace|Court Change|p1a: Cinderace
|-start|p1a: Cinderace|typechange|Normal|[from] ability: Libero
|-swapsideconditions
|-activate|p1a: Cinderace|move: Court Change
|
|-weather|SunnyDay|[upkeep]
|upkeep
|turn|20
|
|t:|1760743357
|-terastallize|p2a: Typhlosion|Fire
|move|p2a: Typhlosion|Eruption|p1a: Cinderace
|-damage|p1a: Cinderace|0 fnt
|faint|p1a: Cinderace
|
|-weather|SunnyDay|[upkeep]
|upkeep
|
|t:|1760743371
|switch|p1a: Decidueye|Decidueye-Hisui, M, shiny|88/100
|turn|21
|
|t:|1760743375
|move|p1a: Decidueye|Sucker Punch|p2a: Typhlosion
|-damage|p2a: Typhlosion|68/100
|move|p2a: Typhlosion|Eruption|p1a: Decidueye
|-supereffective|p1a: Decidueye
|-damage|p1a: Decidueye|0 fnt
|faint|p1a: Decidueye
|
|-weather|none
|upkeep
|
|t:|1760743378
|switch|p1a: Pecharunt|Pecharunt|100/100
|turn|22
|
|t:|1760743383
|move|p2a: Typhlosion|Eruption|p1a: Pecharunt
|-damage|p1a: Pecharunt|40/100
|move|p1a: Pecharunt|Malignant Chain|p2a: Typhlosion
|-damage|p2a: Typhlosion|29/100
|
|-heal|p1a: Pecharunt|46/100|[from] item: Leftovers
|upkeep
|turn|23
|
|t:|1760743386
|move|p2a: Typhlosion|Eruption|p1a: Pecharunt
|-crit|p1a: Pecharunt
|-damage|p1a: Pecharunt|9/100
|move|p1a: Pecharunt|Recover|p1a: Pecharunt
|-heal|p1a: Pecharunt|60/100
|
|-heal|p1a: Pecharunt|66/100|[from] item: Leftovers
|upkeep
|turn|24
|
|t:|1760743392
|switch|p2a: Ninetales|Ninetales, M|5/100
|-damage|p2a: Ninetales|0 fnt|[from] Spikes
|faint|p2a: Ninetales
|move|p1a: Pecharunt|Malignant Chain|p2: Ninetales|[notarget]
|-fail|p1a: Pecharunt
|
|-heal|p1a: Pecharunt|72/100|[from] item: Leftovers
|upkeep
|
|t:|1760743399
|switch|p2a: Great Tusk|Great Tusk|100/100
|turn|25
|
|t:|1760743409
|move|p2a: Great Tusk|Headlong Rush|p1a: Pecharunt
|-supereffective|p1a: Pecharunt
|-damage|p1a: Pecharunt|16/100
|-unboost|p2a: Great Tusk|def|1
|-unboost|p2a: Great Tusk|spd|1
|move|p1a: Pecharunt|Recover|p1a: Pecharunt
|-heal|p1a: Pecharunt|66/100
|
|-heal|p1a: Pecharunt|73/100|[from] item: Leftovers
|upkeep
|turn|26
|
|t:|1760743415
|-terastallize|p1a: Pecharunt|Dark
|move|p2a: Great Tusk|Headlong Rush|p1a: Pecharunt
|-damage|p1a: Pecharunt|45/100
|-unboost|p2a: Great Tusk|def|1
|-unboost|p2a: Great Tusk|spd|1
|move|p1a: Pecharunt|Curse|p1a: Pecharunt
|-unboost|p1a: Pecharunt|spe|1
|-boost|p1a: Pecharunt|atk|1
|-boost|p1a: Pecharunt|def|1
|
|-heal|p1a: Pecharunt|51/100|[from] item: Leftovers
|upkeep
|turn|27
|
|t:|1760743417
|move|p2a: Great Tusk|Close Combat|p1a: Pecharunt
|-supereffective|p1a: Pecharunt
|-damage|p1a: Pecharunt|13/100
|-unboost|p2a: Great Tusk|def|1
|-unboost|p2a: Great Tusk|spd|1
|move|p1a: Pecharunt|Recover|p1a: Pecharunt
|-heal|p1a: Pecharunt|64/100
|
|-heal|p1a: Pecharunt|70/100|[from] item: Leftovers
|upkeep
|turn|28
|
|t:|1760743422
|move|p2a: Great Tusk|Close Combat|p1a: Pecharunt
|-supereffective|p1a: Pecharunt
|-damage|p1a: Pecharunt|30/100
|-unboost|p2a: Great Tusk|def|1
|-unboost|p2a: Great Tusk|spd|1
|move|p1a: Pecharunt|Malignant Chain|p2a: Great Tusk
|-resisted|p2a: Great Tusk
|-damage|p2a: Great Tusk|24/100
|
|-heal|p1a: Pecharunt|36/100|[from] item: Leftovers
|upkeep
|turn|29
|
|t:|1760743425
|move|p2a: Great Tusk|Close Combat|p1a: Pecharunt
|-supereffective|p1a: Pecharunt
|-damage|p1a: Pecharunt|0 fnt
|-unboost|p2a: Great Tusk|def|1
|-unboost|p2a: Great Tusk|spd|1
|faint|p1a: Pecharunt
|
|win|lean4khan
|raw|jessies boyfriend's rating: 1288 &rarr; <strong>1262</strong><br />(-26 for losing)
|raw|lean4khan's rating: 1274 &rarr; <strong>1300</strong><br />(+26 for winning)
|l|☆jessies boyfriend
|player|p1|
|l|☆lean4khan
|player|p2|
