|j|☆L Vierra
|j|☆Ac_30
|t:|1760723753
|gametype|singles
|player|p1|L Vierra|169|1486
|player|p2|Ac_30|dancer|1412
|gen|9
|tier|[Gen 9] OU
|rated|
|rule|HP Percentage Mod: HP is shown in percentages
|rule|Endless Battle Clause: Forcing endless battles is banned
|rule|Species Clause: Limit one of each Pokémon
|rule|OHKO Clause: OHKO moves are banned
|rule|Evasion Items Clause: Evasion items are banned
|rule|Evasion Moves Clause: Evasion moves are banned
|rule|Evasion Abilities Clause: Evasion abilities are banned
|rule|Sleep Moves Clause: Sleep-inducing moves are banned
|clearpoke
|poke|p1|Ursaluna, M|
|poke|p1|Walking Wake|
|poke|p1|Gholdengo|
|poke|p1|Garchomp, M|
|poke|p1|Tornadus-Therian, M|
|poke|p1|Hatterene, F|
|poke|p2|Scizor, M|
|poke|p2|Sinistcha|
|poke|p2|Araquanid, M|
|poke|p2|Chansey, F|
|poke|p2|Garganacl, M|
|poke|p2|Iron Hands|
|teampreview
|inactive|Battle timer is ON: inactive players will automatically lose when time's up. (requested by L Vierra)
|inactive|Ac_30 has 120 seconds left.
|
|t:|1760723788
|teamsize|p1|6
|teamsize|p2|6
|start
|switch|p1a: Tornadus|Tornadus-Therian, M, shiny|100/100
|switch|p2a: Na|Garganacl, M, shiny|100/100
|turn|1
|
|t:|1760723795
|move|p1a: Tornadus|Knock Off|p2a: Na
|-damage|p2a: Na|89/100
|-enditem|p2a: Na|Leftovers|[from] move: Knock Off|[of] p1a: Tornadus
|move|p2a: Na|Salt Cure|p1a: Tornadus
|-supereffective|p1a: Tornadus
|-damage|p1a: Tornadus|72/100
|-start|p1a: Tornadus|Salt Cure
|
|-damage|p1a: Tornadus|60/100|[from] Salt Cure
|upkeep
|turn|2
|
|t:|1760723805
|move|p1a: Tornadus|U-turn|p2a: Na
|-damage|p2a: Na|79/100
|
|t:|1760723829
|switch|p1a: Hatterene|Hatterene, F|100/100|[from] U-turn
|move|p2a: Na|Salt Cure|p1a: Hatterene
|-damage|p1a: Hatterene|87/100
|-start|p1a: Hatterene|Salt Cure
|
|-damage|p1a: Hatterene|75/100|[from] Salt Cure
|upkeep
|turn|3
|
|t:|1760723844
|switch|p1a: Ursaluna|Ursaluna, M|100/100
|move|p2a: Na|Recover|p2a: Na
|-heal|p2a: Na|100/100
|
|-status|p1a: Ursaluna|brn|[from] item: Flame Orb
|upkeep
|turn|4
|
|t:|1760723857
|switch|p2a: Oolong|Sinistcha|100/100
|move|p1a: Ursaluna|Fire Punch|p2a: Oolong
|-supereffective|p2a: Oolong
|-damage|p2a: Oolong|67/100
|
|-heal|p2a: Oolong|73/100|[from] item: Leftovers
|-damage|p1a: Ursaluna|94/100 brn|[from] brn
|upkeep
|turn|5
|
|t:|1760723864
|switch|p1a: Garchomp|Garchomp, M|100/100
|move|p2a: Oolong|Strength Sap|p1a: Garchomp
|-unboost|p1a: Garchomp|atk|1
|-heal|p2a: Oolong|100/100
|
|upkeep
|turn|6
|
|t:|1760723868
|move|p1a: Garchomp|Stealth Rock|p2a: Oolong
|-sidestart|p2: Ac_30|move: Stealth Rock
|move|p2a: Oolong|Calm Mind|p2a: Oolong
|-boost|p2a: Oolong|spa|1
|-boost|p2a: Oolong|spd|1
|
|upkeep
|turn|7
|
|t:|1760723870
|move|p1a: Garchomp|Spikes|p2a: Oolong
|-sidestart|p2: Ac_30|Spikes
|move|p2a: Oolong|Calm Mind|p2a: Oolong
|-boost|p2a: Oolong|spa|1
|-boost|p2a: Oolong|spd|1
|
|upkeep
|turn|8
|
|t:|1760723876
|move|p2a: Oolong|Matcha Gotcha|p1a: Garchomp
|-damage|p1a: Garchomp|38/100
|move|p1a: Garchomp|Dragon Tail|p2a: Oolong
|-damage|p2a: Oolong|88/100
|drag|p2a: Scyfer|Scizor, M|100/100
|
|upkeep
|turn|9
|
|t:|1760723887
|switch|p1a: Gholdengo|Gholdengo|100/100
|move|p2a: Scyfer|Defog|p1a: Gholdengo
|-immune|p1a: Gholdengo|[from] ability: Good as Gold
|
|upkeep
|turn|10
|
|t:|1760723896
|-terastallize|p1a: Gholdengo|Fighting
|move|p1a: Gholdengo|Trick|p2a: Scyfer
|-activate|p1a: Gholdengo|move: Trick|[of] p2a: Scyfer
|-item|p2a: Scyfer|Choice Scarf|[from] move: Trick
|-item|p1a: Gholdengo|Heavy-Duty Boots|[from] move: Trick
|move|p2a: Scyfer|Knock Off|p1a: Gholdengo
|-resisted|p1a: Gholdengo
|-damage|p1a: Gholdengo|78/100
|-enditem|p1a: Gholdengo|Heavy-Duty Boots|[from] move: Knock Off|[of] p2a: Scyfer
|
|upkeep
|turn|11
|
|t:|1760723915
|switch|p2a: Shang tsung|Chansey, F|100/100
|-damage|p2a: Shang tsung|88/100|[from] Stealth Rock
|-damage|p2a: Shang tsung|76/100|[from] Spikes
|move|p1a: Gholdengo|Trick|p2a: Shang tsung
|-activate|p1a: Gholdengo|move: Trick|[of] p2a: Shang tsung
|-enditem|p2a: Shang tsung|Eviolite|[silent]|[from] move: Trick
|-item|p1a: Gholdengo|Eviolite|[from] move: Trick
|
|upkeep
|turn|12
|
|t:|1760723935
|switch|p1a: Garchomp|Garchomp, M|38/100
|move|p2a: Shang tsung|Seismic Toss|p1a: Garchomp
|-damage|p1a: Garchomp|14/100
|-damage|p2a: Shang tsung|63/100|[from] ability: Rough Skin|[of] p1a: Garchomp
|-damage|p2a: Shang tsung|47/100|[from] item: Rocky Helmet|[of] p1a: Garchomp
|
|upkeep
|turn|13
|
|t:|1760723943
|move|p1a: Garchomp|Spikes|p2a: Shang tsung
|-sidestart|p2: Ac_30|Spikes
|move|p2a: Shang tsung|Soft-Boiled|p2a: Shang tsung
|-heal|p2a: Shang tsung|97/100
|
|upkeep
|turn|14
|
|t:|1760723949
|move|p1a: Garchomp|Spikes|p2a: Shang tsung
|-sidestart|p2: Ac_30|Spikes
|move|p2a: Shang tsung|Seismic Toss|p1a: Garchomp
|-damage|p1a: Garchomp|0 fnt
|-damage|p2a: Shang tsung|84/100|[from] ability: Rough Skin|[of] p1a: Garchomp
|-damage|p2a: Shang tsung|68/100|[from] item: Rocky Helmet|[of] p1a: Garchomp
|faint|p1a: Garchomp
|
|upkeep
|
|t:|1760723951
|switch|p1a: Ursaluna|Ursaluna, M|94/100 brn
|turn|15
|
|t:|1760723963
|switch|p2a: Charlotte|Araquanid, M, shiny|100/100
|-damage|p2a: Charlotte|75/100|[from] Stealth Rock
|-damage|p2a: Charlotte|50/100|[from] Spikes
|move|p1a: Ursaluna|Headlong Rush|p2a: Charlotte
|-resisted|p2a: Charlotte
|-damage|p2a: Charlotte|2/100
|-unboost|p1a: Ursaluna|def|1
|-unboost|p1a: Ursaluna|spd|1
|
|-damage|p1a: Ursaluna|88/100 brn|[from] brn
|upkeep
|turn|16
|-enditem|p2a: Charlotte|Custap Berry|[eat]
|-activate|p2a: Charlotte|item: Custap Berry|[consumed]
|
|t:|1760723968
|move|p2a: Charlotte|Endeavor|p1a: Ursaluna
|-damage|p1a: Ursaluna|1/100 brn
|move|p1a: Ursaluna|Fire Punch|p2a: Charlotte
|-damage|p2a: Charlotte|0 fnt
|faint|p2a: Charlotte
|
|-damage|p1a: Ursaluna|0 fnt|[from] brn
|faint|p1a: Ursaluna
|upkeep
|
|t:|1760723984
|switch|p1a: Walking Wake|Walking Wake|100/100
|switch|p2a: Scyfer|Scizor, M|100/100
|-damage|p2a: Scyfer|88/100|[from] Stealth Rock
|-damage|p2a: Scyfer|63/100|[from] Spikes
|turn|17
|
|t:|1760723989
|move|p1a: Walking Wake|Flip Turn|p2a: Scyfer
|-damage|p2a: Scyfer|48/100
|
|t:|1760723991
|-end|p1a: Walking Wake|Protosynthesis|[silent]
|switch|p1a: Gholdengo|Gholdengo, tera:Fighting|78/100|[from] Flip Turn
|move|p2a: Scyfer|U-turn|p1a: Gholdengo
|-resisted|p1a: Gholdengo
|-damage|p1a: Gholdengo|57/100
|
|t:|1760723998
|switch|p2a: Oolong|Sinistcha|88/100|[from] U-turn
|-damage|p2a: Oolong|75/100|[from] Stealth Rock
|-damage|p2a: Oolong|50/100|[from] Spikes
|
|-heal|p2a: Oolong|57/100|[from] item: Leftovers
|upkeep
|turn|18
|
|t:|1760724002
|move|p1a: Gholdengo|Shadow Ball|p2a: Oolong
|-supereffective|p2a: Oolong
|-damage|p2a: Oolong|0 fnt
|faint|p2a: Oolong
|
|upkeep
|
|t:|1760724016
|switch|p2a: Shang tsung|Chansey, F|68/100
|-damage|p2a: Shang tsung|55/100|[from] Stealth Rock
|-damage|p2a: Shang tsung|31/100|[from] Spikes
|turn|19
|
|t:|1760724021
|move|p1a: Gholdengo|Focus Blast|p2a: Shang tsung|[miss]
|-miss|p1a: Gholdengo|p2a: Shang tsung
|move|p2a: Shang tsung|Soft-Boiled|p2a: Shang tsung
|-heal|p2a: Shang tsung|81/100
|
|upkeep
|turn|20
|
|t:|1760724027
|move|p1a: Gholdengo|Focus Blast|p2a: Shang tsung
|-supereffective|p2a: Shang tsung
|-damage|p2a: Shang tsung|21/100
|move|p2a: Shang tsung|Seismic Toss|p1a: Gholdengo
|-damage|p1a: Gholdengo|26/100
|
|upkeep
|turn|21
|
|t:|1760724032
|move|p1a: Gholdengo|Make It Rain|p2a: Shang tsung
|-damage|p2a: Shang tsung|0 fnt
|-unboost|p1a: Gholdengo|spa|1
|faint|p2a: Shang tsung
|
|upkeep
|
|t:|1760724038
|switch|p2a: Rayman|Iron Hands|100/100
|-damage|p2a: Rayman|94/100|[from] Stealth Rock
|-damage|p2a: Rayman|69/100|[from] Spikes
|turn|22
|
|t:|1760724048
|switch|p1a: Hatterene|Hatterene, F|75/100
|move|p2a: Rayman|Swords Dance|p2a: Rayman
|-boost|p2a: Rayman|atk|2
|
|upkeep
|turn|23
|
|t:|1760724060
|-terastallize|p2a: Rayman|Flying
|move|p2a: Rayman|Thunder Punch|p1a: Hatterene
|-damage|p1a: Hatterene|0 fnt
|faint|p1a: Hatterene
|
|upkeep
|
|t:|1760724068
|switch|p1a: Walking Wake|Walking Wake|100/100
|turn|24
|
|t:|1760724071
|move|p1a: Walking Wake|Draco Meteor|p2a: Rayman
|-damage|p2a: Rayman|11/100
|-unboost|p1a: Walking Wake|spa|2
|-enditem|p1a: Walking Wake|Eject Pack
|
|t:|1760724078
|-end|p1a: Walking Wake|Protosynthesis|[silent]
|switch|p1a: Tornadus|Tornadus-Therian, M, shiny|93/100
|move|p2a: Rayman|Drain Punch|p1a: Tornadus
|-resisted|p1a: Tornadus
|-damage|p1a: Tornadus|38/100
|-heal|p2a: Rayman|32/100|[from] drain|[of] p1a: Tornadus
|
|upkeep
|turn|25
|
|t:|1760724088
|move|p1a: Tornadus|Bleakwind Storm|p2a: Rayman
|-damage|p2a: Rayman|3/100
|move|p2a: Rayman|Drain Punch|p1a: Tornadus
|-resisted|p1a: Tornadus
|-damage|p1a: Tornadus|0 fnt
|-heal|p2a: Rayman|17/100|[from] drain|[of] p1a: Tornadus
|faint|p1a: Tornadus
|
|upkeep
|
|t:|1760724093
|switch|p1a: Walking Wake|Walking Wake|100/100
|turn|26
|
|t:|1760724097
|move|p1a: Walking Wake|Surf|p2a: Rayman
|-damage|p2a: Rayman|0 fnt
|faint|p2a: Rayman
|-end|p2a: Rayman|Quark Drive|[silent]
|
|upkeep
|
|t:|1760724104
|switch|p2a: Na|Garganacl, M, shiny|100/100
|-damage|p2a: Na|88/100|[from] Stealth Rock
|-damage|p2a: Na|63/100|[from] Spikes
|turn|27
|
|t:|1760724112
|move|p2a: Na|Protect|p2a: Na
|-singleturn|p2a: Na|Protect
|move|p1a: Walking Wake|Surf|p2a: Na
|-activate|p2a: Na|move: Protect
|
|upkeep
|turn|28
|
|t:|1760724116
|move|p1a: Walking Wake|Surf|p2a: Na
|-supereffective|p2a: Na
|-damage|p2a: Na|1/100
|move|p2a: Na|Salt Cure|p1a: Walking Wake
|-damage|p1a: Walking Wake|85/100
|-start|p1a: Walking Wake|Salt Cure
|
|-damage|p1a: Walking Wake|61/100|[from] Salt Cure
|upkeep
|turn|29
|
|t:|1760724120
|-end|p1a: Walking Wake|Protosynthesis|[silent]
|switch|p1a: Gholdengo|Gholdengo, tera:Fighting|26/100
|move|p2a: Na|Protect||[still]
|-fail|p2a: Na
|
|upkeep
|turn|30
|
|t:|1760724125
|move|p1a: Gholdengo|Shadow Ball|p2a: Na
|-damage|p2a: Na|0 fnt
|faint|p2a: Na
|
|upkeep
|
|t:|1760724128
|switch|p2a: Scyfer|Scizor, M|48/100
|-damage|p2a: Scyfer|35/100|[from] Stealth Rock
|-damage|p2a: Scyfer|11/100|[from] Spikes
|turn|31
|
|t:|1760724132
|move|p2a: Scyfer|Bullet Punch|p1a: Gholdengo
|-damage|p1a: Gholdengo|0 fnt
|faint|p1a: Gholdengo
|
|upkeep
|
|t:|1760724133
|switch|p1a: Walking Wake|Walking Wake|61/100
|turn|32
|
|t:|1760724135
|move|p2a: Scyfer|Bullet Punch|p1a: Walking Wake
|-resisted|p1a: Walking Wake
|-damage|p1a: Walking Wake|40/100
|move|p1a: Walking Wake|Surf|p2a: Scyfer
|-damage|p2a: Scyfer|0 fnt
|faint|p2a: Scyfer
|
|win|L Vierra
|raw|L Vierra's rating: 1486 &rarr; <strong>1502</strong><br />(+16 for winning)
|raw|Ac_30's rating: 1412 &rarr; <strong>1396</strong><br />(-16 for losing)
|l|☆Ac_30
|player|p2|
|l|☆L Vierra
|player|p1|
