|j|☆SpongeGar & Patar
|j|☆stariaki
|t:|1760829006
|gametype|singles
|player|p1|SpongeGar & Patar|101|1738
|player|p2|stariaki|101|1728
|gen|9
|tier|[Gen 9] OU
|rated|
|rule|HP Percentage Mod: HP is shown in percentages
|rule|Endless Battle Clause: Forcing endless battles is banned
|rule|Species Clause: Limit one of each Pokémon
|rule|OHKO Clause: OHKO moves are banned
|rule|Evasion Items Clause: Evasion items are banned
|rule|Evasion Moves Clause: Evasion moves are banned
|rule|Evasion Abilities Clause: Evasion abilities are banned
|rule|Sleep Moves Clause: Sleep-inducing moves are banned
|clearpoke
|poke|p1|Kyurem|
|poke|p1|Corviknight, F|
|poke|p1|Ting-Lu|
|poke|p1|Dondozo, F|
|poke|p1|Slowking-Galar, L99, M|
|poke|p1|Cinderace, M|
|poke|p2|Polteageist|
|poke|p2|Scizor, F|
|poke|p2|Dragonite, F|
|poke|p2|Great Tusk|
|poke|p2|Cinderace, F|
|poke|p2|Alomomola, M|
|teampreview
|inactive|Battle timer is ON: inactive players will automatically lose when time's up. (requested by stariaki)
|inactive|SpongeGar & Patar has 120 seconds left.
|
|t:|1760829057
|teamsize|p1|6
|teamsize|p2|6
|start
|switch|p1a: Cinderace|Cinderace, M|100/100
|switch|p2a: Great Tusk|Great Tusk|100/100
|turn|1
|inactive|SpongeGar & Patar also wants the timer to be on.
|inactive|SpongeGar & Patar has 120 seconds left.
|inactive|stariaki has 120 seconds left.
|
|t:|1760829106
|-end|p2a: Great Tusk|Protosynthesis|[silent]
|switch|p2a: Cinderace|Cinderace, F|100/100
|move|p1a: Cinderace|U-turn|p2a: Cinderace
|-resisted|p2a: Cinderace
|-damage|p2a: Cinderace|88/100
|inactive|SpongeGar & Patar has 90 seconds left.
|
|t:|1760829155
|switch|p1a: Kyurem|Kyurem|100/100|[from] U-turn
|-ability|p1a: Kyurem|Pressure
|
|upkeep
|turn|2
|inactive|SpongeGar & Patar has 60 seconds left.
|inactive|SpongeGar & Patar has 30 seconds left.
|
|t:|1760829204
|move|p1a: Kyurem|Protect|p1a: Kyurem
|-singleturn|p1a: Kyurem|Protect
|move|p2a: Cinderace|U-turn|p1a: Kyurem
|-activate|p1a: Kyurem|move: Protect
|
|upkeep
|turn|3
|
|t:|1760829213
|move|p2a: Cinderace|Will-O-Wisp|p1a: Kyurem
|-status|p1a: Kyurem|brn
|move|p1a: Kyurem|Earth Power|p2a: Cinderace
|-supereffective|p2a: Cinderace
|-damage|p2a: Cinderace|7/100
|
|-damage|p1a: Kyurem|94/100 brn|[from] brn
|upkeep
|turn|4
|
|t:|1760829224
|switch|p1a: Dondozo|Dondozo, F|100/100
|move|p2a: Cinderace|U-turn|p1a: Dondozo
|-damage|p1a: Dondozo|91/100
|
|t:|1760829241
|switch|p2a: Scizor|Scizor, F|100/100|[from] U-turn
|
|-heal|p1a: Dondozo|97/100|[from] item: Leftovers
|upkeep
|turn|5
|
|t:|1760829252
|move|p2a: Scizor|Knock Off|p1a: Dondozo
|-damage|p1a: Dondozo|70/100
|-enditem|p1a: Dondozo|Leftovers|[from] move: Knock Off|[of] p2a: Scizor
|move|p1a: Dondozo|Curse|p1a: Dondozo
|-unboost|p1a: Dondozo|spe|1
|-boost|p1a: Dondozo|atk|1
|-boost|p1a: Dondozo|def|1
|
|upkeep
|turn|6
|
|t:|1760829263
|switch|p2a: Alomomola|Alomomola, M|100/100
|move|p1a: Dondozo|Curse|p1a: Dondozo
|-unboost|p1a: Dondozo|spe|1
|-boost|p1a: Dondozo|atk|1
|-boost|p1a: Dondozo|def|1
|
|upkeep
|turn|7
|
|t:|1760829272
|move|p2a: Alomomola|Wish|p2a: Alomomola
|move|p1a: Dondozo|Curse|p1a: Dondozo
|-unboost|p1a: Dondozo|spe|1
|-boost|p1a: Dondozo|atk|1
|-boost|p1a: Dondozo|def|1
|
|upkeep
|turn|8
|
|t:|1760829282
|move|p2a: Alomomola|Flip Turn|p1a: Dondozo
|-resisted|p1a: Dondozo
|-damage|p1a: Dondozo|69/100
|
|t:|1760829285
|switch|p2a: Dragonite|Dragonite, F|100/100|[from] Flip Turn
|move|p1a: Dondozo|Curse|p1a: Dondozo
|-unboost|p1a: Dondozo|spe|1
|-boost|p1a: Dondozo|atk|1
|-boost|p1a: Dondozo|def|1
|
|upkeep
|turn|9
|
|t:|1760829295
|switch|p2a: Cinderace|Cinderace, F|7/100
|move|p1a: Dondozo|Waterfall|p2a: Cinderace
|-supereffective|p2a: Cinderace
|-damage|p2a: Cinderace|0 fnt
|faint|p2a: Cinderace
|
|upkeep
|
|t:|1760829302
|switch|p2a: Scizor|Scizor, F|100/100
|turn|10
|
|t:|1760829311
|move|p2a: Scizor|U-turn|p1a: Dondozo
|-damage|p1a: Dondozo|59/100
|
|t:|1760829314
|switch|p2a: Alomomola|Alomomola, M|100/100|[from] U-turn
|move|p1a: Dondozo|Waterfall|p2a: Alomomola
|-resisted|p2a: Alomomola
|-damage|p2a: Alomomola|77/100
|-damage|p1a: Dondozo|43/100|[from] item: Rocky Helmet|[of] p2a: Alomomola
|
|upkeep
|turn|11
|j| kinhojoker
|
|t:|1760829325
|move|p2a: Alomomola|Flip Turn|p1a: Dondozo
|-resisted|p1a: Dondozo
|-damage|p1a: Dondozo|41/100
|
|t:|1760829328
|switch|p2a: Polteageist|Polteageist|100/100|[from] Flip Turn
|move|p1a: Dondozo|Waterfall|p2a: Polteageist
|-enditem|p2a: Polteageist|Focus Sash
|-damage|p2a: Polteageist|1/100
|-ability|p2a: Polteageist|Weak Armor|boost
|-unboost|p2a: Polteageist|def|1
|-boost|p2a: Polteageist|spe|2
|
|upkeep
|turn|12
|inactive|SpongeGar & Patar has 90 seconds left.
|
|t:|1760829338
|switch|p1a: Ting-Lu|Ting-Lu|100/100
|-ability|p1a: Ting-Lu|Vessel of Ruin
|move|p2a: Polteageist|Shadow Ball|p1a: Ting-Lu
|-resisted|p1a: Ting-Lu
|-damage|p1a: Ting-Lu|90/100
|
|-heal|p1a: Ting-Lu|96/100|[from] item: Leftovers
|upkeep
|turn|13
|inactive|SpongeGar & Patar has 90 seconds left.
|j| LT123VB 87
|inactive|SpongeGar & Patar has 60 seconds left.
|
|t:|1760829388
|switch|p2a: Scizor|Scizor, F|100/100
|move|p1a: Ting-Lu|Earthquake|p2a: Scizor
|-damage|p2a: Scizor|62/100
|
|-heal|p1a: Ting-Lu|100/100|[from] item: Leftovers
|upkeep
|turn|14
|j| kentojujutsukaisen
|l| kentojujutsukaisen
|l| kinhojoker
|inactive|SpongeGar & Patar has 30 seconds left.
|inactive|SpongeGar & Patar has 20 seconds left.
|inactive|SpongeGar & Patar has 15 seconds left.
|
|t:|1760829436
|switch|p1a: Corviknight|Corviknight, F|100/100
|-ability|p1a: Corviknight|Pressure
|move|p2a: Scizor|U-turn|p1a: Corviknight
|-resisted|p1a: Corviknight
|-damage|p1a: Corviknight|91/100
|-damage|p2a: Scizor|45/100|[from] item: Rocky Helmet|[of] p1a: Corviknight
|
|t:|1760829448
|switch|p2a: Alomomola|Alomomola, M|100/100|[from] U-turn
|
|upkeep
|turn|15
|inactive|SpongeGar & Patar has 30 seconds left this turn.
|
|t:|1760829458
|switch|p1a: Kyurem|Kyurem|94/100 brn
|-ability|p1a: Kyurem|Pressure
|move|p2a: Alomomola|Wish|p2a: Alomomola
|
|-heal|p1a: Kyurem|100/100 brn|[from] item: Leftovers
|-damage|p1a: Kyurem|94/100 brn|[from] brn
|upkeep
|turn|16
|inactive|SpongeGar & Patar has 30 seconds left.
|
|t:|1760829467
|move|p1a: Kyurem|Protect|p1a: Kyurem
|-singleturn|p1a: Kyurem|Protect
|move|p2a: Alomomola|Flip Turn|p1a: Kyurem
|-activate|p1a: Kyurem|move: Protect
|
|-heal|p1a: Kyurem|100/100 brn|[from] item: Leftovers
|-damage|p1a: Kyurem|94/100 brn|[from] brn
|upkeep
|turn|17
|
|t:|1760829477
|switch|p2a: Scizor|Scizor, F|45/100
|move|p1a: Kyurem|Freeze-Dry|p2a: Scizor
|-resisted|p2a: Scizor
|-damage|p2a: Scizor|24/100
|-status|p2a: Scizor|frz
|
|-heal|p1a: Kyurem|100/100 brn|[from] item: Leftovers
|-damage|p1a: Kyurem|94/100 brn|[from] brn
|upkeep
|turn|18
|c|☆stariaki|Ah cmon
|
|t:|1760829486
|cant|p2a: Scizor|frz
|move|p1a: Kyurem|Earth Power|p2a: Scizor
|-damage|p2a: Scizor|0 fnt
|faint|p2a: Scizor
|
|-heal|p1a: Kyurem|100/100 brn|[from] item: Leftovers
|-damage|p1a: Kyurem|94/100 brn|[from] brn
|upkeep
|j| Ctannn
|
|t:|1760829493
|switch|p2a: Great Tusk|Great Tusk|100/100
|turn|19
|
|t:|1760829503
|move|p1a: Kyurem|Freeze-Dry|p2a: Great Tusk
|-supereffective|p2a: Great Tusk
|-damage|p2a: Great Tusk|42/100
|move|p2a: Great Tusk|Close Combat|p1a: Kyurem
|-supereffective|p1a: Kyurem
|-damage|p1a: Kyurem|0 fnt
|-unboost|p2a: Great Tusk|def|1
|-unboost|p2a: Great Tusk|spd|1
|faint|p1a: Kyurem
|
|upkeep
|
|t:|1760829513
|switch|p1a: Cinderace|Cinderace, M|100/100
|turn|20
|
|t:|1760829526
|switch|p1a: Slowking|Slowking-Galar, L99, M|100/100
|-end|p2a: Great Tusk|Protosynthesis|[silent]
|switch|p2a: Alomomola|Alomomola, M|100/100
|
|upkeep
|turn|21
|
|t:|1760829536
|move|p2a: Alomomola|Wish|p2a: Alomomola
|move|p1a: Slowking|Toxic|p2a: Alomomola
|-status|p2a: Alomomola|tox
|
|-damage|p2a: Alomomola|94/100 tox|[from] psn
|upkeep
|turn|22
|inactive|SpongeGar & Patar has 60 seconds left.
|inactive|stariaki has 120 seconds left.
|
|t:|1760829569
|move|p2a: Alomomola|Flip Turn|p1a: Slowking
|-damage|p1a: Slowking|83/100
|
|t:|1760829570
|switch|p2a: Great Tusk|Great Tusk|42/100|[from] Flip Turn
|move|p1a: Slowking|Sludge Bomb|p2a: Great Tusk
|-resisted|p2a: Great Tusk
|-damage|p2a: Great Tusk|28/100
|-status|p2a: Great Tusk|psn
|
|-heal|p2a: Great Tusk|92/100 psn|[from] move: Wish|[wisher] Alomomola
|-damage|p2a: Great Tusk|79/100 psn|[from] psn
|upkeep
|turn|23
|
|t:|1760829579
|switch|p1a: Corviknight|Corviknight, F|91/100
|-ability|p1a: Corviknight|Pressure
|move|p2a: Great Tusk|Earthquake|p1a: Corviknight
|-immune|p1a: Corviknight
|
|-damage|p2a: Great Tusk|67/100 psn|[from] psn
|upkeep
|turn|24
|
|t:|1760829588
|-end|p2a: Great Tusk|Protosynthesis|[silent]
|switch|p2a: Alomomola|Alomomola, M|100/100 tox
|switch|p1a: Slowking|Slowking-Galar, L99, M|100/100
|
|-damage|p2a: Alomomola|94/100 tox|[from] psn
|upkeep
|turn|25
|
|t:|1760829598
|move|p2a: Alomomola|Wish|p2a: Alomomola
|move|p1a: Slowking|Future Sight|p2a: Alomomola
|-start|p1a: Slowking|move: Future Sight
|
|-damage|p2a: Alomomola|82/100 tox|[from] psn
|upkeep
|turn|26
|
|t:|1760829609
|move|p2a: Alomomola|Flip Turn|p1a: Slowking
|-damage|p1a: Slowking|84/100
|
|t:|1760829610
|switch|p2a: Dragonite|Dragonite, F|100/100|[from] Flip Turn
|move|p1a: Slowking|Sludge Bomb|p2a: Dragonite
|-damage|p2a: Dragonite|87/100
|-status|p2a: Dragonite|psn
|
|-heal|p2a: Dragonite|100/100 psn|[from] move: Wish|[wisher] Alomomola
|-damage|p2a: Dragonite|88/100 psn|[from] psn
|upkeep
|turn|27
|inactive|SpongeGar & Patar has 90 seconds left.
|j| Shawty Lo
|
|t:|1760829621
|move|p2a: Dragonite|Dragon Dance|p2a: Dragonite
|-boost|p2a: Dragonite|atk|1
|-boost|p2a: Dragonite|spe|1
|move|p1a: Slowking|Sludge Bomb|p2a: Dragonite
|-damage|p2a: Dragonite|61/100 psn
|
|-end|p2a: Dragonite|move: Future Sight
|-damage|p2a: Dragonite|25/100 psn
|-heal|p2a: Dragonite|31/100 psn|[from] item: Leftovers
|-damage|p2a: Dragonite|19/100 psn|[from] psn
|upkeep
|turn|28
|inactive|SpongeGar & Patar has 90 seconds left.
|c| Shawty Lo|another bot lol
|inactive|SpongeGar & Patar has 60 seconds left.
|
|t:|1760829669
|switch|p1a: Dondozo|Dondozo, F|41/100
|move|p2a: Dragonite|Ice Spinner|p1a: Dondozo
|-resisted|p1a: Dondozo
|-damage|p1a: Dondozo|35/100
|
|-heal|p2a: Dragonite|25/100 psn|[from] item: Leftovers
|-damage|p2a: Dragonite|12/100 psn|[from] psn
|upkeep
|turn|29
|inactive|SpongeGar & Patar has 60 seconds left.
|inactive|SpongeGar & Patar has 30 seconds left.
|inactive|SpongeGar & Patar has 20 seconds left.
|inactive|stariaki has 120 seconds left.
|
|t:|1760829720
|switch|p2a: Alomomola|Alomomola, M|100/100 tox
|move|p1a: Dondozo|Rest|p1a: Dondozo
|-status|p1a: Dondozo|slp|[from] move: Rest
|-heal|p1a: Dondozo|100/100 slp|[silent]
|
|-damage|p2a: Alomomola|94/100 tox|[from] psn
|upkeep
|turn|30
|inactive|SpongeGar & Patar has 30 seconds left this turn.
|
|t:|1760829729
|switch|p1a: Slowking|Slowking-Galar, L99, M|100/100
|move|p2a: Alomomola|Wish|p2a: Alomomola
|
|-damage|p2a: Alomomola|82/100 tox|[from] psn
|upkeep
|turn|31
|c|☆stariaki|Is this a bot?
|inactive|SpongeGar & Patar has 30 seconds left.
|
|t:|1760829745
|move|p2a: Alomomola|Flip Turn|p1a: Slowking
|-damage|p1a: Slowking|84/100
|
|t:|1760829746
|switch|p2a: Great Tusk|Great Tusk|67/100 psn|[from] Flip Turn
|move|p1a: Slowking|Sludge Bomb|p2a: Great Tusk
|-resisted|p2a: Great Tusk
|-damage|p2a: Great Tusk|54/100 psn
|
|-heal|p2a: Great Tusk|100/100 psn|[from] move: Wish|[wisher] Alomomola
|-damage|p2a: Great Tusk|88/100 psn|[from] psn
|upkeep
|turn|32
|
|t:|1760829756
|switch|p1a: Corviknight|Corviknight, F|91/100
|-ability|p1a: Corviknight|Pressure
|move|p2a: Great Tusk|Close Combat|p1a: Corviknight
|-crit|p1a: Corviknight
|-damage|p1a: Corviknight|33/100
|-unboost|p2a: Great Tusk|def|1
|-unboost|p2a: Great Tusk|spd|1
|-damage|p2a: Great Tusk|72/100 psn|[from] item: Rocky Helmet|[of] p1a: Corviknight
|
|-damage|p2a: Great Tusk|59/100 psn|[from] psn
|upkeep
|turn|33
|c| Shawty Lo|its def a bot lmao
|
|t:|1760829765
|switch|p1a: Slowking|Slowking-Galar, L99, M|100/100
|move|p2a: Great Tusk|Earthquake|p1a: Slowking
|-supereffective|p1a: Slowking
|-damage|p1a: Slowking|0 fnt
|faint|p1a: Slowking
|
|-damage|p2a: Great Tusk|47/100 psn|[from] psn
|upkeep
|
|t:|1760829775
|switch|p1a: Dondozo|Dondozo, F|100/100 slp
|turn|34
|
|t:|1760829787
|-end|p2a: Great Tusk|Protosynthesis|[silent]
|switch|p2a: Alomomola|Alomomola, M|100/100 tox
|cant|p1a: Dondozo|slp
|
|-damage|p2a: Alomomola|94/100 tox|[from] psn
|upkeep
|turn|35
|c| Shawty Lo|bots are running rampant in high ladder
|
|t:|1760829796
|move|p2a: Alomomola|Wish|p2a: Alomomola
|cant|p1a: Dondozo|slp
|
|-damage|p2a: Alomomola|82/100 tox|[from] psn
|upkeep
|turn|36
|inactive|SpongeGar & Patar has 60 seconds left.
|
|t:|1760829805
|switch|p2a: Polteageist|Polteageist|1/100
|-curestatus|p1a: Dondozo|slp|[msg]
|move|p1a: Dondozo|Waterfall|p2a: Polteageist
|-damage|p2a: Polteageist|0 fnt
|faint|p2a: Polteageist
|
|upkeep
|c|☆stariaki|Damn im getting fucked by a bot
|c| Shawty Lo|:(
|l| Ctannn
|c|☆stariaki|How many bots are there
|inactive|stariaki has 120 seconds left.
|-message|stariaki forfeited.
|
|win|SpongeGar & Patar
|raw|SpongeGar &amp; Patar's rating: 1738 &rarr; <strong>1757</strong><br />(+19 for winning)
|raw|stariaki's rating: 1728 &rarr; <strong>1709</strong><br />(-19 for losing)
|l|☆SpongeGar & Patar
|player|p1|
|l|☆stariaki
|player|p2|
|c| Shawty Lo|alot
|l| Shawty Lo
|l| LT123VB 87
