|j|☆HZBKAI2
|j|☆Rat Conjoe
|t:|1760762646
|gametype|singles
|player|p1|HZBKAI2|266|1112
|player|p2|Rat Conjoe|dawn|1077
|gen|9
|tier|[Gen 9] OU
|rated|
|rule|HP Percentage Mod: HP is shown in percentages
|rule|Endless Battle Clause: Forcing endless battles is banned
|rule|Species Clause: Limit one of each Pokémon
|rule|OHKO Clause: OHKO moves are banned
|rule|Evasion Items Clause: Evasion items are banned
|rule|Evasion Moves Clause: Evasion moves are banned
|rule|Evasion Abilities Clause: Evasion abilities are banned
|rule|Sleep Moves Clause: Sleep-inducing moves are banned
|clearpoke
|poke|p1|Latias, F|
|poke|p1|Ceruledge, M|
|poke|p1|Iron Valiant|
|poke|p1|Moltres-Galar|
|poke|p1|Glimmora, M|
|poke|p1|Scizor, M|
|poke|p2|Flygon, M|
|poke|p2|Ceruledge, M|
|poke|p2|Umbreon, F|
|poke|p2|Eelektross, F|
|poke|p2|Scizor, F|
|poke|p2|Meowscarada, M|
|teampreview
|
|t:|1760762650
|teamsize|p1|6
|teamsize|p2|6
|start
|switch|p1a: Glimmora|Glimmora, M|100/100
|switch|p2a: Eelektross|Eelektross, F|100/100
|turn|1
|
|t:|1760762656
|move|p1a: Glimmora|Earth Power|p2a: Eelektross
|-immune|p2a: Eelektross|[from] ability: Levitate
|move|p2a: Eelektross|Knock Off|p1a: Glimmora
|-damage|p1a: Glimmora|72/100
|-activate|p1a: Glimmora|ability: Toxic Debris
|-sidestart|p2: Rat Conjoe|move: Toxic Spikes
|-enditem|p1a: Glimmora|Power Herb|[from] move: Knock Off|[of] p2a: Eelektross
|
|upkeep
|turn|2
|
|t:|1760762668
|move|p1a: Glimmora|Earth Power|p2a: Eelektross
|-immune|p2a: Eelektross|[from] ability: Levitate
|move|p2a: Eelektross|Giga Drain|p1a: Glimmora
|-damage|p1a: Glimmora|38/100
|
|upkeep
|turn|3
|
|t:|1760762674
|move|p1a: Glimmora|Earth Power|p2a: Eelektross
|-immune|p2a: Eelektross|[from] ability: Levitate
|move|p2a: Eelektross|Giga Drain|p1a: Glimmora
|-damage|p1a: Glimmora|4/100
|
|upkeep
|turn|4
|
|t:|1760762683
|-terastallize|p1a: Glimmora|Ghost
|move|p1a: Glimmora|Earth Power|p2a: Eelektross
|-immune|p2a: Eelektross|[from] ability: Levitate
|move|p2a: Eelektross|Giga Drain|p1a: Glimmora
|-damage|p1a: Glimmora|0 fnt
|faint|p1a: Glimmora
|
|upkeep
|
|t:|1760762683
|switch|p1a: Ceruledge|Ceruledge, M|100/100
|turn|5
|
|t:|1760762695
|move|p1a: Ceruledge|Poltergeist|p2a: Eelektross
|-activate|p2a: Eelektross|move: Poltergeist|Assault Vest
|-damage|p2a: Eelektross|41/100
|move|p2a: Eelektross|Knock Off|p1a: Ceruledge
|-supereffective|p1a: Ceruledge
|-damage|p1a: Ceruledge|35/100
|-ability|p1a: Ceruledge|Weak Armor|boost
|-unboost|p1a: Ceruledge|def|1
|-boost|p1a: Ceruledge|spe|2
|-enditem|p1a: Ceruledge|Focus Sash|[from] move: Knock Off|[of] p2a: Eelektross
|
|upkeep
|turn|6
|
|t:|1760762707
|move|p1a: Ceruledge|Poltergeist|p2a: Eelektross
|-activate|p2a: Eelektross|move: Poltergeist|Assault Vest
|-damage|p2a: Eelektross|0 fnt
|faint|p2a: Eelektross
|
|upkeep
|
|t:|1760762717
|switch|p2a: Ceruledge|Ceruledge, M|100/100
|-status|p2a: Ceruledge|psn
|turn|7
|
|t:|1760762721
|move|p2a: Ceruledge|Shadow Sneak|p1a: Ceruledge
|-supereffective|p1a: Ceruledge
|-damage|p1a: Ceruledge|0 fnt
|faint|p1a: Ceruledge
|
|-damage|p2a: Ceruledge|88/100 psn|[from] psn
|upkeep
|
|t:|1760762721
|switch|p1a: Moltres|Moltres-Galar|100/100
|turn|8
|
|t:|1760762737
|switch|p2a: Umbreon|Umbreon, F, shiny|100/100
|move|p1a: Moltres|Fiery Wrath|p2a: Umbreon
|-resisted|p2a: Umbreon
|-damage|p2a: Umbreon|90/100
|
|upkeep
|turn|9
|
|t:|1760762743
|move|p1a: Moltres|Hurricane|p2a: Umbreon
|-damage|p2a: Umbreon|62/100
|move|p2a: Umbreon|Toxic|p1a: Moltres
|-status|p1a: Moltres|tox
|
|-damage|p1a: Moltres|94/100 tox|[from] psn
|upkeep
|turn|10
|
|t:|1760762750
|move|p1a: Moltres|Hurricane|p2a: Umbreon
|-damage|p2a: Umbreon|36/100
|move|p2a: Umbreon|Wish|p2a: Umbreon
|
|-damage|p1a: Moltres|82/100 tox|[from] psn
|upkeep
|turn|11
|
|t:|1760762756
|move|p1a: Moltres|Hurricane|p2a: Umbreon
|-damage|p2a: Umbreon|9/100
|move|p2a: Umbreon|Foul Play|p1a: Moltres
|-resisted|p1a: Moltres
|-damage|p1a: Moltres|69/100 tox
|
|-heal|p2a: Umbreon|59/100|[from] move: Wish|[wisher] Umbreon
|-damage|p1a: Moltres|51/100 tox|[from] psn
|upkeep
|turn|12
|
|t:|1760762765
|move|p1a: Moltres|Hurricane|p2a: Umbreon
|-damage|p2a: Umbreon|34/100
|move|p2a: Umbreon|Wish|p2a: Umbreon
|
|-damage|p1a: Moltres|26/100 tox|[from] psn
|upkeep
|-enditem|p1a: Moltres|Sitrus Berry|[eat]
|-heal|p1a: Moltres|51/100 tox|[from] item: Sitrus Berry
|turn|13
|
|t:|1760762772
|move|p1a: Moltres|Hurricane|p2a: Umbreon
|-damage|p2a: Umbreon|5/100
|move|p2a: Umbreon|Moonlight|p2a: Umbreon
|-heal|p2a: Umbreon|55/100
|
|-heal|p2a: Umbreon|100/100|[from] move: Wish|[wisher] Umbreon
|-damage|p1a: Moltres|20/100 tox|[from] psn
|upkeep
|turn|14
|
|t:|1760762781
|move|p1a: Moltres|Hurricane|p2a: Umbreon
|-damage|p2a: Umbreon|74/100
|-start|p2a: Umbreon|confusion
|-activate|p2a: Umbreon|confusion
|move|p2a: Umbreon|Wish|p2a: Umbreon
|
|-damage|p1a: Moltres|0 fnt|[from] psn
|faint|p1a: Moltres
|upkeep
|
|t:|1760762781
|switch|p1a: Iron Valiant|Iron Valiant|100/100
|-enditem|p1a: Iron Valiant|Booster Energy
|-activate|p1a: Iron Valiant|ability: Quark Drive|[fromitem]
|-start|p1a: Iron Valiant|quarkdrivespe
|turn|15
|
|t:|1760762793
|-terastallize|p2a: Umbreon|Poison
|move|p1a: Iron Valiant|Moonblast|p2a: Umbreon
|-resisted|p2a: Umbreon
|-damage|p2a: Umbreon|61/100
|-activate|p2a: Umbreon|confusion
|move|p2a: Umbreon|Toxic|p1a: Iron Valiant
|-status|p1a: Iron Valiant|tox
|
|-heal|p2a: Umbreon|100/100|[from] move: Wish|[wisher] Umbreon
|-damage|p1a: Iron Valiant|94/100 tox|[from] psn
|upkeep
|turn|16
|
|t:|1760762804
|move|p1a: Iron Valiant|Shadow Ball|p2a: Umbreon
|-damage|p2a: Umbreon|88/100
|-activate|p2a: Umbreon|confusion
|-damage|p2a: Umbreon|84/100|[from] confusion
|
|-damage|p1a: Iron Valiant|82/100 tox|[from] psn
|upkeep
|turn|17
|
|t:|1760762811
|move|p1a: Iron Valiant|Shadow Ball|p2a: Umbreon
|-damage|p2a: Umbreon|70/100
|-activate|p2a: Umbreon|confusion
|move|p2a: Umbreon|Wish|p2a: Umbreon
|
|-damage|p1a: Iron Valiant|63/100 tox|[from] psn
|upkeep
|turn|18
|
|t:|1760762817
|move|p1a: Iron Valiant|Shadow Ball|p2a: Umbreon
|-damage|p2a: Umbreon|57/100
|-end|p2a: Umbreon|confusion
|move|p2a: Umbreon|Foul Play|p1a: Iron Valiant
|-resisted|p1a: Iron Valiant
|-damage|p1a: Iron Valiant|50/100 tox
|
|-heal|p2a: Umbreon|100/100|[from] move: Wish|[wisher] Umbreon
|-damage|p1a: Iron Valiant|25/100 tox|[from] psn
|upkeep
|turn|19
|
|t:|1760762828
|move|p1a: Iron Valiant|Shadow Ball|p2a: Umbreon
|-damage|p2a: Umbreon|87/100
|move|p2a: Umbreon|Wish|p2a: Umbreon
|
|-damage|p1a: Iron Valiant|0 fnt|[from] psn
|faint|p1a: Iron Valiant
|-end|p1a: Iron Valiant|Quark Drive|[silent]
|upkeep
|
|t:|1760762828
|switch|p1a: Latias|Latias, F|100/100
|turn|20
|
|t:|1760762837
|move|p1a: Latias|Stored Power|p2a: Umbreon
|-supereffective|p2a: Umbreon
|-damage|p2a: Umbreon|79/100
|move|p2a: Umbreon|Foul Play|p1a: Latias
|-supereffective|p1a: Latias
|-damage|p1a: Latias|62/100
|-enditem|p1a: Latias|Weakness Policy
|-boost|p1a: Latias|atk|2|[from] item: Weakness Policy
|-boost|p1a: Latias|spa|2|[from] item: Weakness Policy
|
|-heal|p2a: Umbreon|100/100|[from] move: Wish|[wisher] Umbreon
|upkeep
|turn|21
|
|t:|1760762846
|move|p1a: Latias|Stored Power|p2a: Umbreon
|-supereffective|p2a: Umbreon
|-damage|p2a: Umbreon|28/100
|move|p2a: Umbreon|Foul Play|p1a: Latias
|-supereffective|p1a: Latias
|-damage|p1a: Latias|0 fnt
|faint|p1a: Latias
|
|upkeep
|
|t:|1760762847
|switch|p1a: Scizor|Scizor, M|100/100
|turn|22
|
|t:|1760762857
|move|p1a: Scizor|Knock Off|p2a: Umbreon
|-damage|p2a: Umbreon|0 fnt
|-enditem|p2a: Umbreon|Heavy-Duty Boots|[from] move: Knock Off|[of] p1a: Scizor
|faint|p2a: Umbreon
|-damage|p1a: Scizor|91/100|[from] item: Life Orb
|
|upkeep
|
|t:|1760762863
|switch|p2a: Ceruledge|Ceruledge, M|88/100 psn
|turn|23
|
|t:|1760762866
|move|p2a: Ceruledge|Bitter Blade|p1a: Scizor
|-supereffective|p1a: Scizor
|-damage|p1a: Scizor|0 fnt
|-heal|p2a: Ceruledge|100/100 psn|[from] drain|[of] p1a: Scizor
|faint|p1a: Scizor
|
|win|Rat Conjoe
|raw|HZBKAI2's rating: 1112 &rarr; <strong>1084</strong><br />(-28 for losing)
|raw|Rat Conjoe's rating: 1077 &rarr; <strong>1108</strong><br />(+31 for winning)
|l|☆HZBKAI2
|player|p1|
|c|☆Rat Conjoe|GGs
|l|☆Rat Conjoe
|player|p2|
