|j|☆Himalayan Bluetail
|j|☆frrrer34343
|t:|1760769900
|gametype|singles
|player|p1|Himalayan Bluetail|fisherman-gen4|1458
|player|p2|frrrer34343|101|1432
|gen|9
|tier|[Gen 9] OU
|rated|
|rule|HP Percentage Mod: HP is shown in percentages
|rule|Endless Battle Clause: Forcing endless battles is banned
|rule|Species Clause: Limit one of each Pokémon
|rule|OHKO Clause: OHKO moves are banned
|rule|Evasion Items Clause: Evasion items are banned
|rule|Evasion Moves Clause: Evasion moves are banned
|rule|Evasion Abilities Clause: Evasion abilities are banned
|rule|Sleep Moves Clause: Sleep-inducing moves are banned
|clearpoke
|poke|p1|Ceruledge, M|
|poke|p1|Ogerpon-Wellspring, F|
|poke|p1|Glimmora, F|
|poke|p1|Scizor, F|
|poke|p1|Great Tusk|
|poke|p1|Gholdengo|
|poke|p2|Hatterene, F|
|poke|p2|Dragapult, M|
|poke|p2|Iron Treads|
|poke|p2|Umbreon, M|
|poke|p2|Gholdengo|
|poke|p2|Ogerpon-Wellspring, F|
|teampreview
|inactive|Battle timer is ON: inactive players will automatically lose when time's up. (requested by frrrer34343)
|
|t:|1760769908
|teamsize|p1|6
|teamsize|p2|6
|start
|switch|p1a: Glimmora|Glimmora, F|100/100
|switch|p2a: Iron Treads|Iron Treads|100/100
|turn|1
|
|t:|1760769914
|switch|p1a: Ogerpon|Ogerpon-Wellspring, F|100/100
|move|p2a: Iron Treads|Rapid Spin|p1a: Ogerpon
|-damage|p1a: Ogerpon|83/100
|-boost|p2a: Iron Treads|spe|1
|
|upkeep
|turn|2
|
|t:|1760769923
|-end|p2a: Iron Treads|Quark Drive|[silent]
|switch|p2a: Umbreon|Umbreon, M|100/100
|move|p1a: Ogerpon|Swords Dance|p1a: Ogerpon
|-boost|p1a: Ogerpon|atk|2
|
|upkeep
|turn|3
|
|t:|1760769928
|move|p1a: Ogerpon|U-turn|p2a: Umbreon
|-supereffective|p2a: Umbreon
|-damage|p2a: Umbreon|32/100
|
|t:|1760769932
|switch|p1a: Glimmora|Glimmora, F|100/100|[from] U-turn
|move|p2a: Umbreon|Thunder Wave|p1a: Glimmora
|-status|p1a: Glimmora|par
|
|-heal|p2a: Umbreon|38/100|[from] item: Leftovers
|upkeep
|turn|4
|
|t:|1760769940
|move|p2a: Umbreon|Protect|p2a: Umbreon
|-singleturn|p2a: Umbreon|Protect
|move|p1a: Glimmora|Meteor Beam||[still]
|-prepare|p1a: Glimmora|Meteor Beam
|-boost|p1a: Glimmora|spa|1
|-enditem|p1a: Glimmora|Power Herb
|-anim|p1a: Glimmora|Meteor Beam|p2a: Umbreon
|-activate|p2a: Umbreon|move: Protect
|
|-heal|p2a: Umbreon|44/100|[from] item: Leftovers
|upkeep
|turn|5
|
|t:|1760769949
|move|p2a: Umbreon|Wish|p2a: Umbreon
|move|p1a: Glimmora|Meteor Beam||[still]
|-prepare|p1a: Glimmora|Meteor Beam
|-boost|p1a: Glimmora|spa|1
|
|-heal|p2a: Umbreon|50/100|[from] item: Leftovers
|upkeep
|turn|6
|
|t:|1760769956
|move|p2a: Umbreon|Protect|p2a: Umbreon
|-singleturn|p2a: Umbreon|Protect
|move|p1a: Glimmora|Meteor Beam|p2a: Umbreon|[from] lockedmove
|-activate|p2a: Umbreon|move: Protect
|
|-heal|p2a: Umbreon|99/100|[from] move: Wish|[wisher] Umbreon
|-heal|p2a: Umbreon|100/100|[from] item: Leftovers
|upkeep
|turn|7
|
|t:|1760769965
|switch|p2a: Iron Treads|Iron Treads|100/100
|cant|p1a: Glimmora|par
|
|upkeep
|turn|8
|
|t:|1760769974
|move|p2a: Iron Treads|Earthquake|p1a: Glimmora
|-supereffective|p1a: Glimmora
|-damage|p1a: Glimmora|0 fnt
|-activate|p1a: Glimmora|ability: Toxic Debris
|-sidestart|p2: frrrer34343|move: Toxic Spikes
|faint|p1a: Glimmora
|
|upkeep
|
|t:|1760769980
|switch|p1a: Ogerpon|Ogerpon-Wellspring, F|83/100
|turn|9
|
|t:|1760769986
|-end|p2a: Iron Treads|Quark Drive|[silent]
|switch|p2a: Gholdengo|Gholdengo|100/100
|move|p1a: Ogerpon|Swords Dance|p1a: Ogerpon
|-boost|p1a: Ogerpon|atk|2
|
|upkeep
|turn|10
|
|t:|1760769992
|move|p1a: Ogerpon|Ivy Cudgel|p2a: Gholdengo|[anim] Ivy Cudgel Water
|-damage|p2a: Gholdengo|20/100
|move|p2a: Gholdengo|Thunder Wave|p1a: Ogerpon
|-status|p1a: Ogerpon|par
|
|-heal|p2a: Gholdengo|26/100|[from] item: Leftovers
|upkeep
|turn|11
|
|t:|1760770001
|move|p2a: Gholdengo|Hex|p1a: Ogerpon
|-damage|p1a: Ogerpon|11/100 par
|move|p1a: Ogerpon|Ivy Cudgel|p2a: Gholdengo|[anim] Ivy Cudgel Water
|-damage|p2a: Gholdengo|0 fnt
|faint|p2a: Gholdengo
|
|upkeep
|
|t:|1760770010
|switch|p2a: Iron Treads|Iron Treads|100/100
|turn|12
|
|t:|1760770015
|move|p2a: Iron Treads|Stealth Rock|p1a: Ogerpon
|-sidestart|p1: Himalayan Bluetail|move: Stealth Rock
|move|p1a: Ogerpon|Ivy Cudgel|p2a: Iron Treads|[anim] Ivy Cudgel Water
|-supereffective|p2a: Iron Treads
|-damage|p2a: Iron Treads|0 fnt
|faint|p2a: Iron Treads
|-end|p2a: Iron Treads|Quark Drive|[silent]
|
|upkeep
|
|t:|1760770029
|switch|p2a: Dragapult|Dragapult, M|100/100
|-status|p2a: Dragapult|psn
|turn|13
|
|t:|1760770037
|move|p2a: Dragapult|Shadow Ball|p1a: Ogerpon
|-damage|p1a: Ogerpon|0 fnt
|faint|p1a: Ogerpon
|
|-damage|p2a: Dragapult|88/100 psn|[from] psn
|upkeep
|
|t:|1760770044
|switch|p1a: Great Tusk|Great Tusk|100/100
|-damage|p1a: Great Tusk|98/100|[from] Stealth Rock
|-enditem|p1a: Great Tusk|Booster Energy
|-activate|p1a: Great Tusk|ability: Protosynthesis|[fromitem]
|-start|p1a: Great Tusk|protosynthesisatk
|turn|14
|
|t:|1760770055
|-terastallize|p2a: Dragapult|Ghost
|move|p2a: Dragapult|Shadow Ball|p1a: Great Tusk
|-damage|p1a: Great Tusk|0 fnt
|faint|p1a: Great Tusk
|-end|p1a: Great Tusk|Protosynthesis|[silent]
|
|-damage|p2a: Dragapult|76/100 psn|[from] psn
|upkeep
|
|t:|1760770063
|switch|p1a: Scizor|Scizor, F|100/100
|-damage|p1a: Scizor|88/100|[from] Stealth Rock
|turn|15
|
|t:|1760770085
|-terastallize|p1a: Scizor|Fire
|move|p2a: Dragapult|Shadow Ball|p1a: Scizor
|-damage|p1a: Scizor|0 fnt
|faint|p1a: Scizor
|
|-damage|p2a: Dragapult|64/100 psn|[from] psn
|upkeep
|-message|Himalayan Bluetail forfeited.
|
|win|frrrer34343
|raw|Himalayan Bluetail's rating: 1458 &rarr; <strong>1437</strong><br />(-21 for losing)
|raw|frrrer34343's rating: 1432 &rarr; <strong>1453</strong><br />(+21 for winning)
|l|☆Himalayan Bluetail
|player|p1|
