|j|☆jameps
|j|☆chsjakaoaoaops
|t:|1760732709
|gametype|singles
|player|p1|jameps|169|1092
|player|p2|chsjakaoaoaops|skierf-gen4dp|1079
|gen|9
|tier|[Gen 9] OU
|rated|
|rule|HP Percentage Mod: HP is shown in percentages
|rule|Endless Battle Clause: Forcing endless battles is banned
|rule|Species Clause: Limit one of each Pokémon
|rule|OHKO Clause: OHKO moves are banned
|rule|Evasion Items Clause: Evasion items are banned
|rule|Evasion Moves Clause: Evasion moves are banned
|rule|Evasion Abilities Clause: Evasion abilities are banned
|rule|Sleep Moves Clause: Sleep-inducing moves are banned
|clearpoke
|poke|p1|Ninetales, F|
|poke|p1|Torkoal, F|
|poke|p1|Victreebel, F|
|poke|p1|Exeggutor, M|
|poke|p1|Walking Wake|
|poke|p1|Grimmsnarl, M|
|poke|p2|Blaziken, M|
|poke|p2|Weavile, M|
|poke|p2|Scrafty, M|
|poke|p2|Oricorio, F|
|poke|p2|Great Tusk|
|poke|p2|Iron Moth|
|teampreview
|inactive|Battle timer is ON: inactive players will automatically lose when time's up. (requested by chsjakaoaoaops)
|inactive|jameps has 120 seconds left.
|
|t:|1760732744
|teamsize|p1|6
|teamsize|p2|6
|start
|switch|p1a: Grimmsnarl|Grimmsnarl, M, shiny|100/100
|switch|p2a: Frozone|Weavile, M|100/100
|-ability|p2a: Frozone|Pressure
|turn|1
|
|t:|1760732758
|move|p2a: Frozone|Knock Off|p1a: Grimmsnarl
|-resisted|p1a: Grimmsnarl
|-damage|p1a: Grimmsnarl|88/100
|-damage|p2a: Frozone|84/100|[from] item: Rocky Helmet|[of] p1a: Grimmsnarl
|-enditem|p1a: Grimmsnarl|Rocky Helmet|[from] move: Knock Off|[of] p2a: Frozone
|move|p1a: Grimmsnarl|Drain Punch|p2a: Frozone
|-supereffective|p2a: Frozone
|-damage|p2a: Frozone|0 fnt
|-heal|p1a: Grimmsnarl|100/100|[from] drain|[of] p2a: Frozone
|faint|p2a: Frozone
|
|upkeep
|
|t:|1760732768
|switch|p2a: M0ther|Iron Moth|100/100
|turn|2
|
|t:|1760732782
|move|p1a: Grimmsnarl|Thunder Wave|p2a: M0ther
|-status|p2a: M0ther|par
|move|p2a: M0ther|Agility|p2a: M0ther
|-boost|p2a: M0ther|spe|2
|
|upkeep
|turn|3
|
|t:|1760732808
|switch|p1a: Torkoal|Torkoal, F|100/100
|-weather|SunnyDay|[from] ability: Drought|[of] p1a: Torkoal
|move|p2a: M0ther|Fiery Dance|p1a: Torkoal
|-resisted|p1a: Torkoal
|-damage|p1a: Torkoal|71/100
|-boost|p2a: M0ther|spa|1
|
|-weather|SunnyDay|[upkeep]
|-heal|p1a: Torkoal|77/100|[from] item: Leftovers
|upkeep
|turn|4
|
|t:|1760732822
|cant|p2a: M0ther|par
|move|p1a: Torkoal|Body Press|p2a: M0ther
|-resisted|p2a: M0ther
|-damage|p2a: M0ther|80/100 par
|
|-weather|SunnyDay|[upkeep]
|-heal|p1a: Torkoal|83/100|[from] item: Leftovers
|upkeep
|turn|5
|
|t:|1760732834
|switch|p1a: Walking Wake|Walking Wake|100/100
|-activate|p1a: Walking Wake|ability: Protosynthesis
|-start|p1a: Walking Wake|protosynthesisspe
|move|p2a: M0ther|Agility|p2a: M0ther
|-boost|p2a: M0ther|spe|2
|
|-weather|SunnyDay|[upkeep]
|upkeep
|turn|6
|
|t:|1760732844
|cant|p2a: M0ther|par
|move|p1a: Walking Wake|Hydro Steam|p2a: M0ther
|-supereffective|p2a: M0ther
|-damage|p2a: M0ther|0 fnt
|faint|p2a: M0ther
|-end|p2a: M0ther|Quark Drive|[silent]
|-damage|p1a: Walking Wake|91/100|[from] item: Life Orb
|
|-weather|SunnyDay|[upkeep]
|upkeep
|
|t:|1760732851
|switch|p2a: Jesse|Scrafty, M|100/100
|turn|7
|
|t:|1760732861
|move|p1a: Walking Wake|Hydro Steam|p2a: Jesse
|-damage|p2a: Jesse|25/100
|-damage|p1a: Walking Wake|81/100|[from] item: Life Orb
|move|p2a: Jesse|Knock Off|p1a: Walking Wake
|-damage|p1a: Walking Wake|39/100
|-enditem|p1a: Walking Wake|Life Orb|[from] move: Knock Off|[of] p2a: Jesse
|
|-weather|none
|-end|p1a: Walking Wake|Protosynthesis
|upkeep
|turn|8
|
|t:|1760732877
|move|p1a: Walking Wake|Hydro Steam|p2a: Jesse
|-damage|p2a: Jesse|0 fnt
|faint|p2a: Jesse
|
|upkeep
|
|t:|1760732883
|switch|p2a: Aria|Oricorio, F|100/100
|turn|9
|
|t:|1760732893
|-terastallize|p2a: Aria|Fighting
|move|p1a: Walking Wake|Hydro Steam|p2a: Aria
|-damage|p2a: Aria|49/100
|move|p2a: Aria|Quiver Dance|p2a: Aria
|-boost|p2a: Aria|spa|1
|-boost|p2a: Aria|spd|1
|-boost|p2a: Aria|spe|1
|
|upkeep
|turn|10
|
|t:|1760732917
|-end|p1a: Walking Wake|Protosynthesis|[silent]
|switch|p1a: Torkoal|Torkoal, F|83/100
|-weather|SunnyDay|[from] ability: Drought|[of] p1a: Torkoal
|move|p2a: Aria|Quiver Dance|p2a: Aria
|-boost|p2a: Aria|spa|1
|-boost|p2a: Aria|spd|1
|-boost|p2a: Aria|spe|1
|
|-weather|SunnyDay|[upkeep]
|-heal|p1a: Torkoal|89/100|[from] item: Leftovers
|upkeep
|turn|11
|
|t:|1760732932
|move|p2a: Aria|Revelation Dance|p1a: Torkoal
|-damage|p1a: Torkoal|15/100
|move|p1a: Torkoal|Fire Spin|p2a: Aria
|-crit|p2a: Aria
|-damage|p2a: Aria|18/100
|-activate|p2a: Aria|move: Fire Spin|[of] p1a: Torkoal
|
|-weather|SunnyDay|[upkeep]
|-heal|p1a: Torkoal|21/100|[from] item: Leftovers
|-damage|p2a: Aria|6/100|[from] move: Fire Spin|[partiallytrapped]
|upkeep
|turn|12
|inactive|jameps has 120 seconds left.
|
|t:|1760732961
|move|p2a: Aria|Roost|p2a: Aria
|-heal|p2a: Aria|56/100
|move|p1a: Torkoal|Stealth Rock|p2a: Aria
|-sidestart|p2: chsjakaoaoaops|move: Stealth Rock
|
|-weather|SunnyDay|[upkeep]
|-heal|p1a: Torkoal|28/100|[from] item: Leftovers
|-damage|p2a: Aria|44/100|[from] move: Fire Spin|[partiallytrapped]
|upkeep
|turn|13
|inactive|jameps has 120 seconds left.
|
|t:|1760732969
|move|p2a: Aria|Roost|p2a: Aria
|-heal|p2a: Aria|94/100
|move|p1a: Torkoal|Body Press|p2a: Aria
|-damage|p2a: Aria|64/100
|
|-weather|SunnyDay|[upkeep]
|-heal|p1a: Torkoal|34/100|[from] item: Leftovers
|-damage|p2a: Aria|52/100|[from] move: Fire Spin|[partiallytrapped]
|upkeep
|turn|14
|inactive|jameps has 120 seconds left.
|
|t:|1760732984
|-terastallize|p1a: Torkoal|Ghost
|move|p2a: Aria|Quiver Dance|p2a: Aria
|-boost|p2a: Aria|spa|1
|-boost|p2a: Aria|spd|1
|-boost|p2a: Aria|spe|1
|move|p1a: Torkoal|Curse|p2a: Aria
|-start|p2a: Aria|Curse|[of] p1a: Torkoal
|-damage|p1a: Torkoal|0 fnt
|faint|p1a: Torkoal
|
|-weather|none
|-damage|p2a: Aria|27/100|[from] Curse
|-end|p2a: Aria|Fire Spin|[partiallytrapped]|[silent]
|upkeep
|inactive|jameps has 120 seconds left.
|
|t:|1760733009
|switch|p1a: Grimmsnarl|Grimmsnarl, M, shiny|100/100
|turn|15
|
|t:|1760733014
|move|p1a: Grimmsnarl|Thunder Wave|p2a: Aria
|-status|p2a: Aria|par
|move|p2a: Aria|Roost|p2a: Aria
|-heal|p2a: Aria|77/100 par
|
|-damage|p2a: Aria|52/100 par|[from] Curse
|upkeep
|turn|16
|
|t:|1760733027
|move|p2a: Aria|Revelation Dance|p1a: Grimmsnarl
|-damage|p1a: Grimmsnarl|0 fnt
|faint|p1a: Grimmsnarl
|
|-damage|p2a: Aria|27/100 par|[from] Curse
|upkeep
|
|t:|1760733046
|switch|p1a: Ninetales|Ninetales, F|100/100
|-weather|SunnyDay|[from] ability: Drought|[of] p1a: Ninetales
|turn|17
|
|t:|1760733054
|move|p1a: Ninetales|Night Shade|p2a: Aria
|-damage|p2a: Aria|0 fnt
|faint|p2a: Aria
|
|-weather|SunnyDay|[upkeep]
|upkeep
|
|t:|1760733056
|switch|p2a: Apollo|Blaziken, M, shiny|100/100
|-damage|p2a: Apollo|88/100|[from] Stealth Rock
|turn|18
|
|t:|1760733068
|move|p1a: Ninetales|Scorching Sands|p2a: Apollo
|-supereffective|p2a: Apollo
|-damage|p2a: Apollo|36/100
|move|p2a: Apollo|Swords Dance|p2a: Apollo
|-boost|p2a: Apollo|atk|2
|
|-weather|SunnyDay|[upkeep]
|-heal|p2a: Apollo|42/100|[from] item: Leftovers
|-ability|p2a: Apollo|Speed Boost|boost
|-boost|p2a: Apollo|spe|1
|upkeep
|turn|19
|
|t:|1760733080
|move|p2a: Apollo|Earthquake|p1a: Ninetales
|-supereffective|p1a: Ninetales
|-damage|p1a: Ninetales|0 fnt
|faint|p1a: Ninetales
|
|-weather|SunnyDay|[upkeep]
|-heal|p2a: Apollo|48/100|[from] item: Leftovers
|-ability|p2a: Apollo|Speed Boost|boost
|-boost|p2a: Apollo|spe|1
|upkeep
|
|t:|1760733095
|switch|p1a: Walking Wake|Walking Wake|39/100
|-activate|p1a: Walking Wake|ability: Protosynthesis
|-start|p1a: Walking Wake|protosynthesisspe
|turn|20
|
|t:|1760733100
|move|p2a: Apollo|Protect|p2a: Apollo
|-singleturn|p2a: Apollo|Protect
|move|p1a: Walking Wake|Hydro Steam|p2a: Apollo
|-activate|p2a: Apollo|move: Protect
|
|-weather|SunnyDay|[upkeep]
|-heal|p2a: Apollo|54/100|[from] item: Leftovers
|-ability|p2a: Apollo|Speed Boost|boost
|-boost|p2a: Apollo|spe|1
|upkeep
|turn|21
|
|t:|1760733114
|move|p2a: Apollo|Earthquake|p1a: Walking Wake
|-damage|p1a: Walking Wake|0 fnt
|faint|p1a: Walking Wake
|-end|p1a: Walking Wake|Protosynthesis|[silent]
|
|-weather|SunnyDay|[upkeep]
|-heal|p2a: Apollo|60/100|[from] item: Leftovers
|-ability|p2a: Apollo|Speed Boost|boost
|-boost|p2a: Apollo|spe|1
|upkeep
|
|t:|1760733122
|switch|p1a: Victreebel|Victreebel, F|100/100
|turn|22
|
|t:|1760733133
|move|p1a: Victreebel|Sucker Punch|p2a: Apollo
|-resisted|p2a: Apollo
|-damage|p2a: Apollo|39/100
|move|p2a: Apollo|Flare Blitz|p1a: Victreebel
|-supereffective|p1a: Victreebel
|-damage|p1a: Victreebel|0 fnt
|faint|p1a: Victreebel
|-damage|p2a: Apollo|9/100|[from] Recoil
|
|-weather|SunnyDay|[upkeep]
|-heal|p2a: Apollo|15/100|[from] item: Leftovers
|-ability|p2a: Apollo|Speed Boost|boost
|-boost|p2a: Apollo|spe|1
|upkeep
|
|t:|1760733144
|switch|p1a: Exeggutor|Exeggutor, M|100/100
|turn|23
|
|t:|1760733151
|move|p2a: Apollo|Flare Blitz|p1a: Exeggutor
|-supereffective|p1a: Exeggutor
|-damage|p1a: Exeggutor|0 fnt
|faint|p1a: Exeggutor
|-damage|p2a: Apollo|0 fnt|[from] Recoil
|faint|p2a: Apollo
|
|win|chsjakaoaoaops
|raw|jameps's rating: 1092 &rarr; <strong>1067</strong><br />(-25 for losing)
|raw|chsjakaoaoaops's rating: 1079 &rarr; <strong>1108</strong><br />(+29 for winning)
|c|☆jameps|gg
|c|☆chsjakaoaoaops|gg
|l|☆chsjakaoaoaops
|player|p2|
