|j|☆TryinSome
|j|☆LandBlade
|t:|1760881784
|gametype|singles
|player|p1|TryinSome|nate|1221
|player|p2|LandBlade|265|1274
|gen|9
|tier|[Gen 9] OU
|rated|
|rule|HP Percentage Mod: HP is shown in percentages
|rule|Endless Battle Clause: Forcing endless battles is banned
|rule|Species Clause: Limit one of each Pokémon
|rule|OHKO Clause: OHKO moves are banned
|rule|Evasion Items Clause: Evasion items are banned
|rule|Evasion Moves Clause: Evasion moves are banned
|rule|Evasion Abilities Clause: Evasion abilities are banned
|rule|Sleep Moves Clause: Sleep-inducing moves are banned
|clearpoke
|poke|p1|Chesnaught, M|
|poke|p1|Arcanine-Hisui, M|
|poke|p1|Swampert, M|
|poke|p1|Ribombee, F|
|poke|p1|Dragalge, M|
|poke|p1|Mamoswine, M|
|poke|p2|Ceruledge, F|
|poke|p2|Tyranitar, M|
|poke|p2|Ogerpon-Wellspring, F|
|poke|p2|Deoxys-Speed|
|poke|p2|Magnezone|
|poke|p2|Talonflame, M|
|teampreview
|inactive|Battle timer is ON: inactive players will automatically lose when time's up. (requested by LandBlade)
|
|t:|1760881810
|teamsize|p1|6
|teamsize|p2|6
|start
|switch|p1a: Dragalge|Dragalge, M, shiny|100/100
|switch|p2a: Deoxys|Deoxys-Speed|100/100
|-ability|p2a: Deoxys|Pressure
|turn|1
|
|t:|1760881821
|-terastallize|p1a: Dragalge|Dragon
|move|p2a: Deoxys|Psycho Boost|p1a: Dragalge
|-damage|p1a: Dragalge|64/100
|-unboost|p2a: Deoxys|spa|2
|move|p1a: Dragalge|Dragon Pulse|p2a: Deoxys
|-damage|p2a: Deoxys|2/100
|
|upkeep
|turn|2
|
|t:|1760881832
|move|p2a: Deoxys|Stealth Rock|p1a: Dragalge
|-sidestart|p1: TryinSome|move: Stealth Rock
|move|p1a: Dragalge|Dragon Pulse|p2a: Deoxys
|-damage|p2a: Deoxys|0 fnt
|faint|p2a: Deoxys
|
|upkeep
|
|t:|1760881842
|switch|p2a: Ogerpon|Ogerpon-Wellspring, F|100/100
|turn|3
|
|t:|1760881847
|move|p2a: Ogerpon|Play Rough|p1a: Dragalge
|-supereffective|p1a: Dragalge
|-damage|p1a: Dragalge|0 fnt
|faint|p1a: Dragalge
|
|upkeep
|
|t:|1760881853
|switch|p1a: Chesnaught|Chesnaught, M|100/100
|-damage|p1a: Chesnaught|94/100|[from] Stealth Rock
|turn|4
|
|t:|1760881858
|switch|p2a: Talonflame|Talonflame, M|100/100
|move|p1a: Chesnaught|Drain Punch|p2a: Talonflame
|-resisted|p2a: Talonflame
|-damage|p2a: Talonflame|81/100
|-heal|p1a: Chesnaught|100/100|[from] drain|[of] p2a: Talonflame
|
|upkeep
|turn|5
|
|t:|1760881872
|switch|p1a: Arcanine|Arcanine-Hisui, M, shiny|100/100
|-damage|p1a: Arcanine|76/100|[from] Stealth Rock
|move|p2a: Talonflame|Will-O-Wisp|p1a: Arcanine
|-start|p1a: Arcanine|ability: Flash Fire
|
|upkeep
|turn|6
|
|t:|1760881901
|switch|p2a: Ogerpon|Ogerpon-Wellspring, F|100/100
|move|p1a: Arcanine|Flare Blitz|p2a: Ogerpon
|-damage|p2a: Ogerpon|0 fnt
|faint|p2a: Ogerpon
|-damage|p1a: Arcanine|46/100|[from] Recoil
|
|upkeep
|inactive|LandBlade has 120 seconds left.
|
|t:|1760881915
|switch|p2a: Ceruledge|Ceruledge, F|100/100
|turn|7
|
|t:|1760881919
|move|p1a: Arcanine|Flare Blitz|p2a: Ceruledge
|-start|p2a: Ceruledge|ability: Flash Fire
|move|p2a: Ceruledge|Swords Dance|p2a: Ceruledge
|-boost|p2a: Ceruledge|atk|2
|
|upkeep
|turn|8
|
|t:|1760881928
|-end|p1a: Arcanine|ability: Flash Fire|[silent]
|switch|p1a: Swampert|Swampert, M|100/100
|-damage|p1a: Swampert|94/100|[from] Stealth Rock
|move|p2a: Ceruledge|Poltergeist|p1a: Swampert|[miss]
|-miss|p2a: Ceruledge|p1a: Swampert
|
|-heal|p1a: Swampert|100/100|[from] item: Leftovers
|upkeep
|turn|9
|
|t:|1760881941
|move|p2a: Ceruledge|Poltergeist|p1a: Swampert
|-activate|p1a: Swampert|move: Poltergeist|Leftovers
|-damage|p1a: Swampert|0 fnt
|faint|p1a: Swampert
|
|upkeep
|
|t:|1760881948
|switch|p1a: Chesnaught|Chesnaught, M|100/100
|-damage|p1a: Chesnaught|94/100|[from] Stealth Rock
|turn|10
|
|t:|1760881956
|move|p2a: Ceruledge|Flame Charge|p1a: Chesnaught
|-supereffective|p1a: Chesnaught
|-damage|p1a: Chesnaught|0 fnt
|-boost|p2a: Ceruledge|spe|1
|faint|p1a: Chesnaught
|
|upkeep
|
|t:|1760881964
|switch|p1a: Ribombee|Ribombee, F, shiny|100/100
|-damage|p1a: Ribombee|76/100|[from] Stealth Rock
|turn|11
|
|t:|1760881971
|move|p2a: Ceruledge|Bitter Blade|p1a: Ribombee
|-supereffective|p1a: Ribombee
|-damage|p1a: Ribombee|0 fnt
|faint|p1a: Ribombee
|
|upkeep
|
|t:|1760881974
|switch|p1a: Mamoswine|Mamoswine, M|100/100
|-damage|p1a: Mamoswine|88/100|[from] Stealth Rock
|turn|12
|
|t:|1760881981
|move|p2a: Ceruledge|Bitter Blade|p1a: Mamoswine
|-supereffective|p1a: Mamoswine
|-damage|p1a: Mamoswine|0 fnt
|faint|p1a: Mamoswine
|
|upkeep
|-message|TryinSome forfeited.
|
|win|LandBlade
|raw|TryinSome's rating: 1221 &rarr; <strong>1200</strong><br />(-21 for losing)
|raw|LandBlade's rating: 1274 &rarr; <strong>1295</strong><br />(+21 for winning)
|l|☆TryinSome
|player|p1|
|l|☆LandBlade
|player|p2|
