|j|☆ThighFish
|j|☆nube4real
|t:|1760821156
|gametype|singles
|player|p1|ThighFish|volkner|1074
|player|p2|nube4real|red|1080
|gen|9
|tier|[Gen 9] OU
|rated|
|rule|HP Percentage Mod: HP is shown in percentages
|rule|Endless Battle Clause: Forcing endless battles is banned
|rule|Species Clause: Limit one of each Pokémon
|rule|OHKO Clause: OHKO moves are banned
|rule|Evasion Items Clause: Evasion items are banned
|rule|Evasion Moves Clause: Evasion moves are banned
|rule|Evasion Abilities Clause: Evasion abilities are banned
|rule|Sleep Moves Clause: Sleep-inducing moves are banned
|clearpoke
|poke|p1|Gholdengo|
|poke|p1|Zamazenta-*|
|poke|p1|Ting-Lu|
|poke|p1|Clefable, F|
|poke|p1|Dragonite, M|
|poke|p1|Deoxys-Speed|
|poke|p2|Dondozo, F|
|poke|p2|Heatran, M|
|poke|p2|Torkoal, M|
|poke|p2|Slither Wing|
|poke|p2|Scizor, M|
|poke|p2|Hatterene, F|
|teampreview
|
|t:|1760821167
|teamsize|p1|6
|teamsize|p2|6
|start
|switch|p1a: Djengo Unrained|Gholdengo|100/100
|switch|p2a: Hatterene|Hatterene, F|100/100
|turn|1
|inactive|Battle timer is ON: inactive players will automatically lose when time's up. (requested by nube4real)
|
|t:|1760821191
|move|p1a: Djengo Unrained|Nasty Plot|p1a: Djengo Unrained
|-boost|p1a: Djengo Unrained|spa|2
|move|p2a: Hatterene|Mystical Fire|p1a: Djengo Unrained
|-supereffective|p1a: Djengo Unrained
|-damage|p1a: Djengo Unrained|51/100
|-unboost|p1a: Djengo Unrained|spa|1
|
|upkeep
|turn|2
|
|t:|1760821203
|move|p1a: Djengo Unrained|Nasty Plot|p1a: Djengo Unrained
|-boost|p1a: Djengo Unrained|spa|2
|move|p2a: Hatterene|Trick Room|p2a: Hatterene
|-fieldstart|move: Trick Room|[of] p2a: Hatterene
|
|upkeep
|turn|3
|
|t:|1760821209
|move|p2a: Hatterene|Mystical Fire|p1a: Djengo Unrained
|-supereffective|p1a: Djengo Unrained
|-damage|p1a: Djengo Unrained|0 fnt
|faint|p1a: Djengo Unrained
|
|upkeep
|inactive|ThighFish has 120 seconds left.
|inactive|ThighFish has 90 seconds left.
|
|t:|1760821272
|switch|p1a: Moonrock 350|Clefable, F|100/100
|turn|4
|
|t:|1760821286
|switch|p2a: Scizor|Scizor, M|100/100
|move|p1a: Moonrock 350|Knock Off|p2a: Scizor
|-damage|p2a: Scizor|86/100
|-enditem|p2a: Scizor|Life Orb|[from] move: Knock Off|[of] p1a: Moonrock 350
|
|upkeep
|turn|5
|
|t:|1760821297
|switch|p1a: CClifford|Zamazenta|100/100
|-ability|p1a: CClifford|Dauntless Shield|boost
|-boost|p1a: CClifford|def|1
|move|p2a: Scizor|Swords Dance|p2a: Scizor
|-boost|p2a: Scizor|atk|2
|
|upkeep
|turn|6
|inactive|nube4real has 120 seconds left.
|
|t:|1760821338
|switch|p2a: Dondozo|Dondozo, F|100/100
|move|p1a: CClifford|Close Combat|p2a: Dondozo
|-damage|p2a: Dondozo|75/100
|-unboost|p1a: CClifford|def|1
|-unboost|p1a: CClifford|spd|1
|
|-fieldend|move: Trick Room
|upkeep
|turn|7
|inactive|nube4real has 120 seconds left.
|
|t:|1760821349
|switch|p1a: Dude Nasty Asf|Deoxys-Speed|100/100
|-ability|p1a: Dude Nasty Asf|Pressure
|move|p2a: Dondozo|Curse|p2a: Dondozo
|-unboost|p2a: Dondozo|spe|1
|-boost|p2a: Dondozo|atk|1
|-boost|p2a: Dondozo|def|1
|
|upkeep
|turn|8
|inactive|nube4real has 120 seconds left.
|
|t:|1760821377
|move|p1a: Dude Nasty Asf|Psycho Boost|p2a: Dondozo
|-damage|p2a: Dondozo|17/100
|-unboost|p1a: Dude Nasty Asf|spa|2
|move|p2a: Dondozo|Chilling Water|p1a: Dude Nasty Asf
|-damage|p1a: Dude Nasty Asf|82/100
|-unboost|p1a: Dude Nasty Asf|atk|1
|
|upkeep
|turn|9
|inactive|ThighFish has 120 seconds left.
|inactive|ThighFish has 90 seconds left.
|
|t:|1760821423
|move|p1a: Dude Nasty Asf|Thunderbolt|p2a: Dondozo
|-supereffective|p2a: Dondozo
|-damage|p2a: Dondozo|0 fnt
|faint|p2a: Dondozo
|
|upkeep
|
|t:|1760821432
|switch|p2a: Slither Wing|Slither Wing, shiny|100/100
|turn|10
|inactive|ThighFish has 90 seconds left.
|
|t:|1760821441
|switch|p1a: Moonrock 350|Clefable, F|100/100
|move|p2a: Slither Wing|First Impression|p1a: Moonrock 350
|-resisted|p1a: Moonrock 350
|-damage|p1a: Moonrock 350|85/100
|-damage|p2a: Slither Wing|84/100|[from] item: Rocky Helmet|[of] p1a: Moonrock 350
|
|upkeep
|turn|11
|
|t:|1760821460
|-end|p2a: Slither Wing|Protosynthesis|[silent]
|switch|p2a: Scizor|Scizor, M|86/100
|move|p1a: Moonrock 350|Stealth Rock|p2a: Scizor
|-sidestart|p2: nube4real|move: Stealth Rock
|
|upkeep
|turn|12
|
|t:|1760821479
|switch|p1a: Up Bowl On Em|Ting-Lu|100/100
|-ability|p1a: Up Bowl On Em|Vessel of Ruin
|move|p2a: Scizor|Bullet Punch|p1a: Up Bowl On Em
|-damage|p1a: Up Bowl On Em|82/100
|
|-heal|p1a: Up Bowl On Em|88/100|[from] item: Leftovers
|upkeep
|turn|13
|
|t:|1760821494
|move|p2a: Scizor|U-turn|p1a: Up Bowl On Em
|-supereffective|p1a: Up Bowl On Em
|-damage|p1a: Up Bowl On Em|46/100
|
|t:|1760821499
|switch|p2a: Torkoal|Torkoal, M|100/100|[from] U-turn
|-damage|p2a: Torkoal|76/100|[from] Stealth Rock
|move|p1a: Up Bowl On Em|Spikes|p2a: Torkoal
|-sidestart|p2: nube4real|Spikes
|
|-heal|p1a: Up Bowl On Em|52/100|[from] item: Leftovers
|upkeep
|turn|14
|inactive|ThighFish has 90 seconds left.
|
|t:|1760821528
|move|p2a: Torkoal|Rapid Spin|p1a: Up Bowl On Em
|-damage|p1a: Up Bowl On Em|46/100
|-boost|p2a: Torkoal|spe|1
|-sideend|p2: nube4real|Spikes|[from] move: Rapid Spin|[of] p2a: Torkoal
|-sideend|p2: nube4real|Stealth Rock|[from] move: Rapid Spin|[of] p2a: Torkoal
|move|p1a: Up Bowl On Em|Whirlwind|p2a: Torkoal
|drag|p2a: Scizor|Scizor, M|86/100
|
|-heal|p1a: Up Bowl On Em|53/100|[from] item: Leftovers
|upkeep
|turn|15
|inactive|ThighFish has 90 seconds left.
|
|t:|1760821540
|move|p2a: Scizor|U-turn|p1a: Up Bowl On Em
|-supereffective|p1a: Up Bowl On Em
|-damage|p1a: Up Bowl On Em|11/100
|
|t:|1760821549
|switch|p2a: Slither Wing|Slither Wing, shiny|84/100|[from] U-turn
|move|p1a: Up Bowl On Em|Spikes|p2a: Slither Wing
|-sidestart|p2: nube4real|Spikes
|
|-heal|p1a: Up Bowl On Em|18/100|[from] item: Leftovers
|upkeep
|turn|16
|inactive|nube4real has 90 seconds left.
|
|t:|1760821566
|switch|p1a: Moonrock 350|Clefable, F|85/100
|move|p2a: Slither Wing|First Impression|p1a: Moonrock 350
|-resisted|p1a: Moonrock 350
|-damage|p1a: Moonrock 350|69/100
|-damage|p2a: Slither Wing|67/100|[from] item: Rocky Helmet|[of] p1a: Moonrock 350
|
|upkeep
|turn|17
|inactive|nube4real has 90 seconds left.
|
|t:|1760821587
|-end|p2a: Slither Wing|Protosynthesis|[silent]
|switch|p2a: Scizor|Scizor, M|86/100
|-damage|p2a: Scizor|73/100|[from] Spikes
|move|p1a: Moonrock 350|Stealth Rock|p2a: Scizor
|-sidestart|p2: nube4real|move: Stealth Rock
|
|upkeep
|turn|18
|
|t:|1760821600
|switch|p2a: Torkoal|Torkoal, M|76/100
|-damage|p2a: Torkoal|63/100|[from] Spikes
|-damage|p2a: Torkoal|39/100|[from] Stealth Rock
|switch|p1a: Secret Service|Dragonite, M|100/100
|
|upkeep
|turn|19
|
|t:|1760821622
|move|p1a: Secret Service|Earthquake|p2a: Torkoal
|-supereffective|p2a: Torkoal
|-damage|p2a: Torkoal|0 fnt
|faint|p2a: Torkoal
|
|upkeep
|
|t:|1760821633
|switch|p2a: Hatterene|Hatterene, F|100/100
|-damage|p2a: Hatterene|88/100|[from] Spikes
|-damage|p2a: Hatterene|76/100|[from] Stealth Rock
|turn|20
|
|t:|1760821645
|switch|p1a: Moonrock 350|Clefable, F|69/100
|move|p2a: Hatterene|Trick Room|p2a: Hatterene
|-fieldstart|move: Trick Room|[of] p2a: Hatterene
|
|upkeep
|turn|21
|
|t:|1760821655
|move|p2a: Hatterene|Expanding Force|p1a: Moonrock 350
|-damage|p1a: Moonrock 350|28/100
|move|p1a: Moonrock 350|Moonlight|p1a: Moonrock 350
|-heal|p1a: Moonrock 350|78/100
|
|upkeep
|turn|22
|
|t:|1760821664
|move|p2a: Hatterene|Expanding Force|p1a: Moonrock 350
|-damage|p1a: Moonrock 350|34/100
|move|p1a: Moonrock 350|Moonlight|p1a: Moonrock 350
|-heal|p1a: Moonrock 350|84/100
|
|upkeep
|turn|23
|-message|nube4real forfeited.
|
|win|ThighFish
|raw|ThighFish's rating: 1074 &rarr; <strong>1103</strong><br />(+29 for winning)
|raw|nube4real's rating: 1080 &rarr; <strong>1058</strong><br />(-22 for losing)
|l|☆nube4real
|player|p2|
