|j|☆LegitimatePotato
|j|☆skiing in sudan
|t:|1760732984
|gametype|singles
|player|p1|LegitimatePotato|ltsurge|1510
|player|p2|skiing in sudan|iris-gen5bw2|1568
|gen|9
|tier|[Gen 9] OU
|rated|
|rule|HP Percentage Mod: HP is shown in percentages
|rule|Endless Battle Clause: Forcing endless battles is banned
|rule|Species Clause: Limit one of each Pokémon
|rule|OHKO Clause: OHKO moves are banned
|rule|Evasion Items Clause: Evasion items are banned
|rule|Evasion Moves Clause: Evasion moves are banned
|rule|Evasion Abilities Clause: Evasion abilities are banned
|rule|Sleep Moves Clause: Sleep-inducing moves are banned
|clearpoke
|poke|p1|Landorus-Therian, M|
|poke|p1|Samurott-Hisui, F|
|poke|p1|Pecharunt|
|poke|p1|Scizor, M|
|poke|p1|Latios, M|
|poke|p1|Zamazenta-*|
|poke|p2|Moltres|
|poke|p2|Wo-Chien|
|poke|p2|Dragapult, F|
|poke|p2|Great Tusk|
|poke|p2|Ogerpon-Wellspring, F|
|poke|p2|Kingambit, F|
|teampreview
|c|☆skiing in sudan|hf
|
|t:|1760732996
|teamsize|p1|6
|teamsize|p2|6
|start
|switch|p1a: Landorus|Landorus-Therian, M|100/100
|switch|p2a: The King 👑|Wo-Chien, shiny|100/100
|-ability|p1a: Landorus|Intimidate|boost
|-unboost|p2a: The King 👑|atk|1
|-ability|p2a: The King 👑|Tablets of Ruin
|turn|1
|
|t:|1760733011
|switch|p2a: Moltres|Moltres|100/100
|move|p1a: Landorus|Stealth Rock|p2a: Moltres
|-sidestart|p2: skiing in sudan|move: Stealth Rock
|
|upkeep
|turn|2
|
|t:|1760733017
|switch|p2a: The King 👑|Wo-Chien, shiny|100/100
|-damage|p2a: The King 👑|88/100|[from] Stealth Rock
|-ability|p2a: The King 👑|Tablets of Ruin
|move|p1a: Landorus|Smack Down|p2a: The King 👑
|-damage|p2a: The King 👑|80/100
|
|-heal|p2a: The King 👑|86/100|[from] item: Leftovers
|upkeep
|turn|3
|
|t:|1760733028
|move|p2a: The King 👑|Protect|p2a: The King 👑
|-singleturn|p2a: The King 👑|Protect
|move|p1a: Landorus|Smack Down|p2a: The King 👑
|-activate|p2a: The King 👑|move: Protect
|
|-heal|p2a: The King 👑|92/100|[from] item: Leftovers
|upkeep
|turn|4
|
|t:|1760733033
|move|p1a: Landorus|U-turn|p2a: The King 👑
|-supereffective|p2a: The King 👑
|-damage|p2a: The King 👑|42/100
|
|t:|1760733038
|switch|p1a: Pecharunt|Pecharunt|100/100|[from] U-turn
|move|p2a: The King 👑|Leech Seed|p1a: Pecharunt
|-start|p1a: Pecharunt|move: Leech Seed
|
|-heal|p2a: The King 👑|48/100|[from] item: Leftovers
|-damage|p1a: Pecharunt|88/100|[from] Leech Seed|[of] p2a: The King 👑
|-heal|p2a: The King 👑|60/100|[silent]
|upkeep
|turn|5
|
|t:|1760733042
|move|p2a: The King 👑|Protect|p2a: The King 👑
|-singleturn|p2a: The King 👑|Protect
|move|p1a: Pecharunt|Parting Shot|p2a: The King 👑
|-activate|p2a: The King 👑|move: Protect
|
|-heal|p2a: The King 👑|67/100|[from] item: Leftovers
|-damage|p1a: Pecharunt|76/100|[from] Leech Seed|[of] p2a: The King 👑
|-heal|p2a: The King 👑|79/100|[silent]
|upkeep
|turn|6
|inactive|Battle timer is ON: inactive players will automatically lose when time's up. (requested by LegitimatePotato)
|
|t:|1760733046
|switch|p2a: Dragapult|Dragapult, F|100/100
|-damage|p2a: Dragapult|88/100|[from] Stealth Rock
|move|p1a: Pecharunt|Malignant Chain|p2a: Dragapult
|-resisted|p2a: Dragapult
|-damage|p2a: Dragapult|68/100
|-status|p2a: Dragapult|tox
|-start|p2a: Dragapult|confusion|[from] ability: Poison Puppeteer|[of] p1a: Pecharunt
|
|-heal|p2a: Dragapult|74/100 tox|[from] item: Leftovers
|-damage|p1a: Pecharunt|63/100|[from] Leech Seed|[of] p2a: Dragapult
|-heal|p2a: Dragapult|89/100 tox|[silent]
|-damage|p2a: Dragapult|83/100 tox|[from] psn
|upkeep
|turn|7
|
|t:|1760733058
|switch|p2a: Kingambit|Kingambit, F|100/100
|-damage|p2a: Kingambit|94/100|[from] Stealth Rock
|switch|p1a: Samurott|Samurott-Hisui, F|100/100
|
|upkeep
|turn|8
|
|t:|1760733063
|switch|p1a: Landorus|Landorus-Therian, M|100/100
|-ability|p1a: Landorus|Intimidate|boost
|-unboost|p2a: Kingambit|atk|1
|-end|p2a: Kingambit|fallenundefined|[silent]
|switch|p2a: The King 👑|Wo-Chien, shiny|79/100
|-damage|p2a: The King 👑|67/100|[from] Stealth Rock
|-ability|p2a: The King 👑|Tablets of Ruin
|
|-heal|p2a: The King 👑|73/100|[from] item: Leftovers
|upkeep
|turn|9
|
|t:|1760733072
|move|p2a: The King 👑|Protect|p2a: The King 👑
|-singleturn|p2a: The King 👑|Protect
|move|p1a: Landorus|U-turn|p2a: The King 👑
|-activate|p2a: The King 👑|move: Protect
|
|-heal|p2a: The King 👑|79/100|[from] item: Leftovers
|upkeep
|turn|10
|
|t:|1760733076
|switch|p2a: Great Tusk|Great Tusk|100/100
|move|p1a: Landorus|U-turn|p2a: Great Tusk
|-resisted|p2a: Great Tusk
|-damage|p2a: Great Tusk|92/100
|
|t:|1760733081
|switch|p1a: Samurott|Samurott-Hisui, F|100/100|[from] U-turn
|
|upkeep
|turn|11
|
|t:|1760733088
|move|p2a: Great Tusk|Rapid Spin|p1a: Samurott
|-damage|p1a: Samurott|80/100
|-boost|p2a: Great Tusk|spe|1
|-sideend|p2: skiing in sudan|Stealth Rock|[from] move: Rapid Spin|[of] p2a: Great Tusk
|move|p1a: Samurott|Razor Shell|p2a: Great Tusk
|-supereffective|p2a: Great Tusk
|-damage|p2a: Great Tusk|2/100
|
|upkeep
|turn|12
|
|t:|1760733097
|move|p1a: Samurott|Aqua Jet|p2a: Great Tusk
|-supereffective|p2a: Great Tusk
|-damage|p2a: Great Tusk|0 fnt
|faint|p2a: Great Tusk
|-end|p2a: Great Tusk|Protosynthesis|[silent]
|
|upkeep
|
|t:|1760733100
|switch|p2a: Ogerpon|Ogerpon-Wellspring, F|100/100
|turn|13
|
|t:|1760733112
|switch|p1a: Zamazenta|Zamazenta|100/100
|-ability|p1a: Zamazenta|Dauntless Shield|boost
|-boost|p1a: Zamazenta|def|1
|move|p2a: Ogerpon|Ivy Cudgel|p1a: Zamazenta|[anim] Ivy Cudgel Water
|-damage|p1a: Zamazenta|71/100
|
|-heal|p1a: Zamazenta|77/100|[from] item: Leftovers
|upkeep
|turn|14
|
|t:|1760733120
|switch|p2a: Moltres|Moltres|100/100
|move|p1a: Zamazenta|Crunch|p2a: Moltres
|-damage|p2a: Moltres|79/100
|-status|p1a: Zamazenta|brn|[from] ability: Flame Body|[of] p2a: Moltres
|
|-heal|p1a: Zamazenta|83/100 brn|[from] item: Leftovers
|-damage|p1a: Zamazenta|77/100 brn|[from] brn
|upkeep
|turn|15
|
|t:|1760733129
|move|p2a: Moltres|U-turn|p1a: Zamazenta
|-resisted|p1a: Zamazenta
|-damage|p1a: Zamazenta|73/100 brn
|
|t:|1760733132
|switch|p2a: Dragapult|Dragapult, F|83/100 tox|[from] U-turn
|move|p1a: Zamazenta|Roar|p2a: Dragapult
|drag|p2a: The King 👑|Wo-Chien, shiny|79/100
|-ability|p2a: The King 👑|Tablets of Ruin
|
|-heal|p1a: Zamazenta|79/100 brn|[from] item: Leftovers
|-heal|p2a: The King 👑|85/100|[from] item: Leftovers
|-damage|p1a: Zamazenta|73/100 brn|[from] brn
|upkeep
|turn|16
|
|t:|1760733144
|switch|p1a: Samurott|Samurott-Hisui, F|80/100
|move|p2a: The King 👑|Knock Off|p1a: Samurott
|-resisted|p1a: Samurott
|-damage|p1a: Samurott|64/100
|-enditem|p1a: Samurott|Assault Vest|[from] move: Knock Off|[of] p2a: The King 👑
|
|-heal|p2a: The King 👑|91/100|[from] item: Leftovers
|upkeep
|turn|17
|
|t:|1760733152
|switch|p2a: Ogerpon|Ogerpon-Wellspring, F|100/100
|move|p1a: Samurott|Ceaseless Edge|p2a: Ogerpon
|-damage|p2a: Ogerpon|41/100
|-sidestart|p2: skiing in sudan|Spikes
|
|upkeep
|turn|18
|
|t:|1760733165
|move|p2a: Ogerpon|Power Whip|p1a: Samurott|[miss]
|-miss|p2a: Ogerpon|p1a: Samurott
|move|p1a: Samurott|Ceaseless Edge|p2a: Ogerpon
|-damage|p2a: Ogerpon|0 fnt
|-sidestart|p2: skiing in sudan|Spikes
|faint|p2a: Ogerpon
|
|upkeep
|
|t:|1760733170
|switch|p2a: Dragapult|Dragapult, F|83/100 tox
|-damage|p2a: Dragapult|67/100 tox|[from] Spikes
|turn|19
|
|t:|1760733180
|move|p2a: Dragapult|Dragon Darts|p1a: Samurott
|-damage|p1a: Samurott|31/100
|-anim|p2a: Dragapult|Dragon Darts|p1a: Samurott
|-damage|p1a: Samurott|0 fnt
|faint|p1a: Samurott
|
|-heal|p2a: Dragapult|73/100 tox|[from] item: Leftovers
|-damage|p2a: Dragapult|67/100 tox|[from] psn
|upkeep
|
|t:|1760733186
|switch|p1a: Landorus|Landorus-Therian, M|100/100
|-ability|p1a: Landorus|Intimidate|boost
|-fail|p2a: Dragapult|unboost|[from] ability: Clear Body|[of] p2a: Dragapult
|turn|20
|
|t:|1760733191
|move|p2a: Dragapult|Dragon Darts|p1a: Landorus
|-damage|p1a: Landorus|78/100
|-anim|p2a: Dragapult|Dragon Darts|p1a: Landorus
|-damage|p1a: Landorus|53/100
|move|p1a: Landorus|U-turn|p2a: Dragapult
|-resisted|p2a: Dragapult
|-damage|p2a: Dragapult|52/100 tox
|
|t:|1760733198
|switch|p1a: Scizor|Scizor, M|100/100|[from] U-turn
|
|-heal|p2a: Dragapult|58/100 tox|[from] item: Leftovers
|-damage|p2a: Dragapult|46/100 tox|[from] psn
|upkeep
|turn|21
|
|t:|1760733202
|switch|p2a: Moltres|Moltres|79/100
|move|p1a: Scizor|Knock Off|p2a: Moltres
|-damage|p2a: Moltres|42/100
|-enditem|p2a: Moltres|Heavy-Duty Boots|[from] move: Knock Off|[of] p1a: Scizor
|
|upkeep
|turn|22
|
|t:|1760733210
|switch|p1a: Landorus|Landorus-Therian, M|53/100
|-ability|p1a: Landorus|Intimidate|boost
|-unboost|p2a: Moltres|atk|1
|move|p2a: Moltres|Roost|p2a: Moltres
|-heal|p2a: Moltres|92/100
|-singleturn|p2a: Moltres|move: Roost
|
|upkeep
|turn|23
|
|t:|1760733217
|switch|p2a: The King 👑|Wo-Chien, shiny|91/100
|-damage|p2a: The King 👑|75/100|[from] Spikes
|-ability|p2a: The King 👑|Tablets of Ruin
|move|p1a: Landorus|Stealth Rock|p2a: The King 👑
|-sidestart|p2: skiing in sudan|move: Stealth Rock
|
|-heal|p2a: The King 👑|81/100|[from] item: Leftovers
|upkeep
|turn|24
|
|t:|1760733223
|move|p1a: Landorus|Stealth Rock||[still]
|-fail|p1a: Landorus
|move|p2a: The King 👑|Leech Seed|p1a: Landorus
|-start|p1a: Landorus|move: Leech Seed
|
|-heal|p2a: The King 👑|87/100|[from] item: Leftovers
|-damage|p1a: Landorus|41/100|[from] Leech Seed|[of] p2a: The King 👑
|-heal|p2a: The King 👑|99/100|[silent]
|upkeep
|turn|25
|
|t:|1760733231
|switch|p1a: Pecharunt|Pecharunt|63/100
|move|p2a: The King 👑|Leech Seed|p1a: Pecharunt
|-start|p1a: Pecharunt|move: Leech Seed
|
|-heal|p2a: The King 👑|100/100|[from] item: Leftovers
|-damage|p1a: Pecharunt|51/100|[from] Leech Seed|[of] p2a: The King 👑
|upkeep
|turn|26
|
|t:|1760733236
|move|p1a: Pecharunt|Recover|p1a: Pecharunt
|-heal|p1a: Pecharunt|100/100
|move|p2a: The King 👑|Knock Off|p1a: Pecharunt
|-supereffective|p1a: Pecharunt
|-damage|p1a: Pecharunt|64/100
|-enditem|p1a: Pecharunt|Heavy-Duty Boots|[from] move: Knock Off|[of] p2a: The King 👑
|
|-damage|p1a: Pecharunt|52/100|[from] Leech Seed|[of] p2a: The King 👑
|upkeep
|turn|27
|
|t:|1760733244
|switch|p2a: Kingambit|Kingambit, F|94/100
|-damage|p2a: Kingambit|78/100|[from] Spikes
|-damage|p2a: Kingambit|72/100|[from] Stealth Rock
|-activate|p2a: Kingambit|ability: Supreme Overlord
|-start|p2a: Kingambit|fallen2|[silent]
|move|p1a: Pecharunt|Recover|p1a: Pecharunt
|-heal|p1a: Pecharunt|100/100
|
|-damage|p1a: Pecharunt|88/100|[from] Leech Seed|[of] p2a: Kingambit
|-heal|p2a: Kingambit|83/100|[silent]
|upkeep
|turn|28
|
|t:|1760733259
|move|p1a: Pecharunt|Parting Shot|p2a: Kingambit
|-unboost|p2a: Kingambit|atk|1
|-unboost|p2a: Kingambit|spa|1
|
|t:|1760733262
|switch|p1a: Landorus|Landorus-Therian, M|41/100|[from] Parting Shot
|-ability|p1a: Landorus|Intimidate|boost
|-unboost|p2a: Kingambit|atk|1
|move|p2a: Kingambit|Iron Head|p1a: Landorus
|-damage|p1a: Landorus|12/100
|-damage|p2a: Kingambit|67/100|[from] item: Rocky Helmet|[of] p1a: Landorus
|
|upkeep
|turn|29
|
|t:|1760733273
|move|p2a: Kingambit|Sucker Punch|p1a: Landorus
|-damage|p1a: Landorus|0 fnt
|-damage|p2a: Kingambit|50/100|[from] item: Rocky Helmet|[of] p1a: Landorus
|faint|p1a: Landorus
|
|upkeep
|
|t:|1760733279
|switch|p1a: Zamazenta|Zamazenta|73/100 brn
|turn|30
|
|t:|1760733282
|-end|p2a: Kingambit|fallen2|[silent]
|switch|p2a: Moltres|Moltres|92/100
|-damage|p2a: Moltres|42/100|[from] Stealth Rock
|move|p1a: Zamazenta|Roar|p2a: Moltres
|drag|p2a: Dragapult|Dragapult, F|46/100 tox
|-damage|p2a: Dragapult|29/100 tox|[from] Spikes
|-damage|p2a: Dragapult|17/100 tox|[from] Stealth Rock
|
|-heal|p2a: Dragapult|23/100 tox|[from] item: Leftovers
|-heal|p1a: Zamazenta|79/100 brn|[from] item: Leftovers
|-damage|p2a: Dragapult|17/100 tox|[from] psn
|-damage|p1a: Zamazenta|73/100 brn|[from] brn
|upkeep
|turn|31
|
|t:|1760733306
|switch|p1a: Scizor|Scizor, M|100/100
|move|p2a: Dragapult|Dragon Darts|p1a: Scizor
|-resisted|p1a: Scizor
|-damage|p1a: Scizor|86/100
|-anim|p2a: Dragapult|Dragon Darts|p1a: Scizor
|-resisted|p1a: Scizor
|-damage|p1a: Scizor|72/100
|
|-heal|p2a: Dragapult|23/100 tox|[from] item: Leftovers
|-damage|p2a: Dragapult|11/100 tox|[from] psn
|upkeep
|turn|32
|
|t:|1760733318
|move|p1a: Scizor|Bullet Punch|p2a: Dragapult
|-damage|p2a: Dragapult|0 fnt
|faint|p2a: Dragapult
|
|upkeep
|
|t:|1760733326
|switch|p2a: Moltres|Moltres|42/100
|-damage|p2a: Moltres|0 fnt|[from] Stealth Rock
|faint|p2a: Moltres
|
|t:|1760733328
|switch|p2a: The King 👑|Wo-Chien, shiny|100/100
|-damage|p2a: The King 👑|84/100|[from] Spikes
|-damage|p2a: The King 👑|72/100|[from] Stealth Rock
|-ability|p2a: The King 👑|Tablets of Ruin
|turn|33
|
|t:|1760733338
|-terastallize|p2a: The King 👑|Poison
|move|p1a: Scizor|Knock Off|p2a: The King 👑
|-damage|p2a: The King 👑|52/100
|-enditem|p2a: The King 👑|Leftovers|[from] move: Knock Off|[of] p1a: Scizor
|move|p2a: The King 👑|Leech Seed|p1a: Scizor
|-start|p1a: Scizor|move: Leech Seed
|
|-damage|p1a: Scizor|59/100|[from] Leech Seed|[of] p2a: The King 👑
|-heal|p2a: The King 👑|62/100|[silent]
|upkeep
|turn|34
|
|t:|1760733348
|switch|p1a: Latios|Latios, M|100/100
|move|p2a: The King 👑|Protect||[still]
|-fail|p2a: The King 👑
|
|upkeep
|turn|35
|
|t:|1760733355
|move|p1a: Latios|Psychic Noise|p2a: The King 👑
|-supereffective|p2a: The King 👑
|-damage|p2a: The King 👑|0 fnt
|faint|p2a: The King 👑
|
|upkeep
|
|t:|1760733359
|switch|p2a: Kingambit|Kingambit, F|50/100
|-damage|p2a: Kingambit|34/100|[from] Spikes
|-damage|p2a: Kingambit|28/100|[from] Stealth Rock
|-activate|p2a: Kingambit|ability: Supreme Overlord
|-start|p2a: Kingambit|fallen5|[silent]
|turn|36
|
|t:|1760733367
|move|p1a: Latios|Draco Meteor|p2a: Kingambit
|-resisted|p2a: Kingambit
|-damage|p2a: Kingambit|0 fnt
|-unboost|p1a: Latios|spa|2
|faint|p2a: Kingambit
|-end|p2a: Kingambit|fallen5|[silent]
|
|win|LegitimatePotato
|raw|LegitimatePotato's rating: 1510 &rarr; <strong>1533</strong><br />(+23 for winning)
|raw|skiing in sudan's rating: 1568 &rarr; <strong>1545</strong><br />(-23 for losing)
|c|☆skiing in sudan|gg
|l|☆skiing in sudan
|player|p2|
|l|☆LegitimatePotato
|player|p1|
