|j|☆Mithyk Noob
|j|☆Minasaoy
|t:|1760866034
|gametype|singles
|player|p1|Mithyk Noob|gentleman-gen4|1119
|player|p2|Minasaoy|lady|1141
|gen|9
|tier|[Gen 9] OU
|rated|
|rule|HP Percentage Mod: HP is shown in percentages
|rule|Endless Battle Clause: Forcing endless battles is banned
|rule|Species Clause: Limit one of each Pokémon
|rule|OHKO Clause: OHKO moves are banned
|rule|Evasion Items Clause: Evasion items are banned
|rule|Evasion Moves Clause: Evasion moves are banned
|rule|Evasion Abilities Clause: Evasion abilities are banned
|rule|Sleep Moves Clause: Sleep-inducing moves are banned
|clearpoke
|poke|p1|Ursaring, F|
|poke|p1|Dusknoir, M|
|poke|p1|Iron Treads|
|poke|p1|Cinderace, M|
|poke|p1|Dondozo, M|
|poke|p1|Blissey, F|
|poke|p2|Mimikyu, F|
|poke|p2|Dragonite, F|
|poke|p2|Landorus-Therian, M|
|poke|p2|Cinderace, M|
|poke|p2|Garchomp, F|
|poke|p2|Serperior, M|
|teampreview
|inactive|Battle timer is ON: inactive players will automatically lose when time's up. (requested by Minasaoy)
|
|t:|1760866040
|teamsize|p1|6
|teamsize|p2|6
|start
|switch|p1a: Dondozo|Dondozo, M|100/100
|switch|p2a: Mimikyu|Mimikyu, F|100/100
|turn|1
|
|t:|1760866044
|move|p2a: Mimikyu|Bulk Up|p2a: Mimikyu
|-boost|p2a: Mimikyu|atk|1
|-boost|p2a: Mimikyu|def|1
|move|p1a: Dondozo|Curse|p1a: Dondozo
|-unboost|p1a: Dondozo|spe|1
|-boost|p1a: Dondozo|atk|1
|-boost|p1a: Dondozo|def|1
|
|upkeep
|turn|2
|
|t:|1760866051
|move|p2a: Mimikyu|Bulk Up|p2a: Mimikyu
|-boost|p2a: Mimikyu|atk|1
|-boost|p2a: Mimikyu|def|1
|move|p1a: Dondozo|Aqua Tail|p2a: Mimikyu
|-activate|p2a: Mimikyu|ability: Disguise
|-damage|p2a: Mimikyu|100/100
|detailschange|p2a: Mimikyu|Mimikyu-Busted, F
|-damage|p2a: Mimikyu|88/100|[from] pokemon: Mimikyu-Busted
|
|-heal|p2a: Mimikyu|94/100|[from] item: Leftovers
|upkeep
|turn|3
|
|t:|1760866067
|move|p2a: Mimikyu|Shadow Claw|p1a: Dondozo
|-damage|p1a: Dondozo|90/100
|move|p1a: Dondozo|Aqua Tail|p2a: Mimikyu
|-damage|p2a: Mimikyu|1/100
|
|-heal|p2a: Mimikyu|7/100|[from] item: Leftovers
|-heal|p1a: Dondozo|96/100|[from] item: Leftovers
|upkeep
|turn|4
|
|t:|1760866076
|move|p2a: Mimikyu|Play Rough|p1a: Dondozo
|-crit|p1a: Dondozo
|-damage|p1a: Dondozo|66/100
|-unboost|p1a: Dondozo|atk|1
|move|p1a: Dondozo|Aqua Tail|p2a: Mimikyu
|-damage|p2a: Mimikyu|0 fnt
|faint|p2a: Mimikyu
|
|-heal|p1a: Dondozo|72/100|[from] item: Leftovers
|upkeep
|
|t:|1760866083
|switch|p2a: Serperior|Serperior, M, shiny|100/100
|turn|5
|
|t:|1760866088
|switch|p1a: Blissey|Blissey, F|100/100
|move|p2a: Serperior|Leaf Storm|p1a: Blissey
|-damage|p1a: Blissey|84/100
|-boost|p2a: Serperior|spa|2
|
|-heal|p1a: Blissey|90/100|[from] item: Leftovers
|upkeep
|turn|6
|
|t:|1760866096
|move|p2a: Serperior|Knock Off|p1a: Blissey
|-damage|p1a: Blissey|74/100
|-enditem|p1a: Blissey|Leftovers|[from] move: Knock Off|[of] p2a: Serperior
|move|p1a: Blissey|Thunder Wave|p2a: Serperior
|-status|p2a: Serperior|par
|
|upkeep
|turn|7
|
|t:|1760866104
|move|p2a: Serperior|Leaf Storm|p1a: Blissey|[miss]
|-miss|p2a: Serperior|p1a: Blissey
|move|p1a: Blissey|Seismic Toss|p2a: Serperior
|-damage|p2a: Serperior|66/100 par
|
|-heal|p2a: Serperior|72/100 par|[from] item: Leftovers
|upkeep
|turn|8
|
|t:|1760866109
|move|p2a: Serperior|Leaf Storm|p1a: Blissey
|-damage|p1a: Blissey|41/100
|-boost|p2a: Serperior|spa|2
|move|p1a: Blissey|Seismic Toss|p2a: Serperior
|-damage|p2a: Serperior|38/100 par
|
|-heal|p2a: Serperior|44/100 par|[from] item: Leftovers
|upkeep
|turn|9
|
|t:|1760866119
|-terastallize|p2a: Serperior|Steel
|move|p2a: Serperior|Leaf Storm|p1a: Blissey
|-damage|p1a: Blissey|0 fnt
|-boost|p2a: Serperior|spa|2
|faint|p1a: Blissey
|
|-heal|p2a: Serperior|50/100 par|[from] item: Leftovers
|upkeep
|
|t:|1760866124
|switch|p1a: Cinderace|Cinderace, M|100/100
|turn|10
|
|t:|1760866135
|switch|p2a: Landorus|Landorus-Therian, M|100/100
|-ability|p2a: Landorus|Intimidate|boost
|-unboost|p1a: Cinderace|atk|1
|move|p1a: Cinderace|Pyro Ball|p2a: Landorus
|-damage|p2a: Landorus|61/100
|
|upkeep
|turn|11
|
|t:|1760866142
|switch|p1a: Dondozo|Dondozo, M|72/100
|move|p2a: Landorus|Earthquake|p1a: Dondozo
|-damage|p1a: Dondozo|47/100
|
|-heal|p1a: Dondozo|53/100|[from] item: Leftovers
|upkeep
|turn|12
|
|t:|1760866147
|move|p2a: Landorus|Grass Knot|p1a: Dondozo
|-supereffective|p1a: Dondozo
|-damage|p1a: Dondozo|0 fnt
|faint|p1a: Dondozo
|
|upkeep
|
|t:|1760866156
|switch|p1a: Dusknoir|Dusknoir, M|100/100
|-ability|p1a: Dusknoir|Pressure
|turn|13
|
|t:|1760866162
|move|p2a: Landorus|U-turn|p1a: Dusknoir
|-resisted|p1a: Dusknoir
|-damage|p1a: Dusknoir|90/100
|
|t:|1760866165
|switch|p2a: Serperior|Serperior, M, shiny, tera:Steel|50/100 par|[from] U-turn
|move|p1a: Dusknoir|Ice Punch|p2a: Serperior
|-resisted|p2a: Serperior
|-damage|p2a: Serperior|35/100 par
|
|-heal|p2a: Serperior|41/100 par|[from] item: Leftovers
|upkeep
|turn|14
|
|t:|1760866176
|cant|p2a: Serperior|par
|move|p1a: Dusknoir|Poltergeist|p2a: Serperior
|-activate|p2a: Serperior|move: Poltergeist|Leftovers
|-damage|p2a: Serperior|0 fnt
|faint|p2a: Serperior
|
|upkeep
|
|t:|1760866184
|switch|p2a: Cinderace|Cinderace, M|100/100
|turn|15
|
|t:|1760866192
|switch|p1a: Cinderace|Cinderace, M|100/100
|move|p2a: Cinderace|Sucker Punch||[still]
|-fail|p2a: Cinderace
|
|upkeep
|turn|16
|
|t:|1760866198
|move|p2a: Cinderace|Sucker Punch|p1a: Cinderace
|-start|p2a: Cinderace|typechange|Dark|[from] ability: Libero
|-damage|p1a: Cinderace|49/100
|move|p1a: Cinderace|Pyro Ball|p2a: Cinderace
|-damage|p2a: Cinderace|21/100
|
|upkeep
|turn|17
|
|t:|1760866206
|move|p1a: Cinderace|Sucker Punch|p2a: Cinderace
|-start|p1a: Cinderace|typechange|Dark|[from] ability: Libero
|-resisted|p2a: Cinderace
|-damage|p2a: Cinderace|0 fnt
|faint|p2a: Cinderace
|
|upkeep
|
|t:|1760866212
|switch|p2a: Garchomp|Garchomp, F|100/100
|turn|18
|
|t:|1760866231
|move|p1a: Cinderace|Pyro Ball|p2a: Garchomp
|-resisted|p2a: Garchomp
|-damage|p2a: Garchomp|85/100
|move|p2a: Garchomp|Earthquake|p1a: Cinderace
|-damage|p1a: Cinderace|0 fnt
|faint|p1a: Cinderace
|
|upkeep
|
|t:|1760866234
|switch|p1a: Iron Treads|Iron Treads|100/100
|turn|19
|
|t:|1760866244
|move|p2a: Garchomp|Rock Slide|p1a: Iron Treads
|-resisted|p1a: Iron Treads
|-damage|p1a: Iron Treads|97/100
|move|p1a: Iron Treads|Stealth Rock|p2a: Garchomp
|-sidestart|p2: Minasaoy|move: Stealth Rock
|
|upkeep
|turn|20
|
|t:|1760866252
|move|p2a: Garchomp|Scale Shot|p1a: Iron Treads
|-resisted|p1a: Iron Treads
|-damage|p1a: Iron Treads|94/100
|-resisted|p1a: Iron Treads
|-damage|p1a: Iron Treads|90/100
|-resisted|p1a: Iron Treads
|-damage|p1a: Iron Treads|87/100
|-resisted|p1a: Iron Treads
|-damage|p1a: Iron Treads|83/100
|-hitcount|p1a: Iron Treads|4
|-unboost|p2a: Garchomp|def|1
|-boost|p2a: Garchomp|spe|1
|move|p1a: Iron Treads|Rapid Spin|p2a: Garchomp
|-damage|p2a: Garchomp|68/100
|-boost|p1a: Iron Treads|spe|1
|-damage|p1a: Iron Treads|71/100|[from] ability: Rough Skin|[of] p2a: Garchomp
|
|upkeep
|turn|21
|
|t:|1760866268
|move|p2a: Garchomp|Iron Head|p1a: Iron Treads
|-resisted|p1a: Iron Treads
|-damage|p1a: Iron Treads|63/100
|cant|p1a: Iron Treads|flinch
|
|upkeep
|turn|22
|
|t:|1760866272
|move|p2a: Garchomp|Iron Head|p1a: Iron Treads
|-resisted|p1a: Iron Treads
|-damage|p1a: Iron Treads|55/100
|move|p1a: Iron Treads|Earthquake|p2a: Garchomp
|-damage|p2a: Garchomp|22/100
|
|upkeep
|turn|23
|
|t:|1760866279
|move|p2a: Garchomp|Earthquake|p1a: Iron Treads
|-supereffective|p1a: Iron Treads
|-damage|p1a: Iron Treads|0 fnt
|faint|p1a: Iron Treads
|-end|p1a: Iron Treads|Quark Drive|[silent]
|
|upkeep
|
|t:|1760866282
|switch|p1a: Dusknoir|Dusknoir, M|90/100
|-ability|p1a: Dusknoir|Pressure
|turn|24
|
|t:|1760866292
|move|p1a: Dusknoir|Shadow Sneak|p2a: Garchomp
|-damage|p2a: Garchomp|0 fnt
|-damage|p1a: Dusknoir|78/100|[from] ability: Rough Skin|[of] p2a: Garchomp
|faint|p2a: Garchomp
|
|upkeep
|
|t:|1760866296
|switch|p2a: Landorus|Landorus-Therian, M|61/100
|-ability|p2a: Landorus|Intimidate|boost
|-unboost|p1a: Dusknoir|atk|1
|turn|25
|
|t:|1760866302
|move|p2a: Landorus|Rock Slide|p1a: Dusknoir
|-damage|p1a: Dusknoir|55/100
|move|p1a: Dusknoir|Ice Punch|p2a: Landorus
|-supereffective|p2a: Landorus
|-damage|p2a: Landorus|0 fnt
|faint|p2a: Landorus
|
|upkeep
|
|t:|1760866307
|switch|p2a: Dragonite|Dragonite, F|100/100
|-damage|p2a: Dragonite|76/100|[from] Stealth Rock
|turn|26
|
|t:|1760866313
|move|p2a: Dragonite|Fire Punch|p1a: Dusknoir
|-damage|p1a: Dusknoir|28/100
|move|p1a: Dusknoir|Ice Punch|p2a: Dragonite
|-supereffective|p2a: Dragonite
|-damage|p2a: Dragonite|17/100
|
|-heal|p2a: Dragonite|23/100|[from] item: Leftovers
|upkeep
|turn|27
|
|t:|1760866319
|move|p1a: Dusknoir|Shadow Sneak|p2a: Dragonite
|-damage|p2a: Dragonite|11/100
|move|p2a: Dragonite|Fire Punch|p1a: Dusknoir
|-damage|p1a: Dusknoir|2/100
|
|-heal|p2a: Dragonite|17/100|[from] item: Leftovers
|upkeep
|turn|28
|
|t:|1760866322
|move|p1a: Dusknoir|Shadow Sneak|p2a: Dragonite
|-damage|p2a: Dragonite|5/100
|move|p2a: Dragonite|Fire Punch|p1a: Dusknoir
|-damage|p1a: Dusknoir|0 fnt
|faint|p1a: Dusknoir
|
|-heal|p2a: Dragonite|12/100|[from] item: Leftovers
|upkeep
|
|t:|1760866324
|switch|p1a: Ursaring|Ursaring, F|100/100
|turn|29
|
|t:|1760866330
|move|p2a: Dragonite|Extreme Speed|p1a: Ursaring
|-damage|p1a: Ursaring|59/100
|move|p1a: Ursaring|Facade|p2a: Dragonite
|-damage|p2a: Dragonite|0 fnt
|faint|p2a: Dragonite
|
|win|Mithyk Noob
|raw|Mithyk Noob's rating: 1119 &rarr; <strong>1146</strong><br />(+27 for winning)
|raw|Minasaoy's rating: 1141 &rarr; <strong>1114</strong><br />(-27 for losing)
|l|☆Minasaoy
|player|p2|
|l|☆Mithyk Noob
|player|p1|
