|j|☆Box2DaLeft
|j|☆qaqkiller
|t:|1760755235
|gametype|singles
|player|p1|Box2DaLeft|pokefanf-gen4|1573
|player|p2|qaqkiller|maid|1546
|gen|9
|tier|[Gen 9] OU
|rated|
|rule|HP Percentage Mod: HP is shown in percentages
|rule|Endless Battle Clause: Forcing endless battles is banned
|rule|Species Clause: Limit one of each Pokémon
|rule|OHKO Clause: OHKO moves are banned
|rule|Evasion Items Clause: Evasion items are banned
|rule|Evasion Moves Clause: Evasion moves are banned
|rule|Evasion Abilities Clause: Evasion abilities are banned
|rule|Sleep Moves Clause: Sleep-inducing moves are banned
|clearpoke
|poke|p1|Great Tusk|
|poke|p1|Zapdos|
|poke|p1|Munkidori, M|
|poke|p1|Cinderace, M|
|poke|p1|Scizor, F|
|poke|p1|Ogerpon-Wellspring, F|
|poke|p2|Zamazenta-*|
|poke|p2|Iron Valiant|
|poke|p2|Sinistcha-Masterpiece|
|poke|p2|Gholdengo|
|poke|p2|Samurott-Hisui, M|
|poke|p2|Landorus-Therian, M|
|teampreview
|inactive|Battle timer is ON: inactive players will automatically lose when time's up. (requested by qaqkiller)
|inactive|Box2DaLeft has 120 seconds left.
|
|t:|1760755282
|teamsize|p1|6
|teamsize|p2|6
|start
|switch|p1a: Auska|Ogerpon-Wellspring, F|100/100
|switch|p2a: Landorus|Landorus-Therian, M, shiny|100/100
|-ability|p2a: Landorus|Intimidate|boost
|-unboost|p1a: Auska|atk|1
|turn|1
|
|t:|1760755290
|move|p1a: Auska|Ivy Cudgel|p2a: Landorus|[anim] Ivy Cudgel Water
|-supereffective|p2a: Landorus
|-crit|p2a: Landorus
|-damage|p2a: Landorus|0 fnt
|faint|p2a: Landorus
|
|upkeep
|
|t:|1760755296
|switch|p2a: Samurott|Samurott-Hisui, M, shiny|100/100
|turn|2
|
|t:|1760755303
|switch|p2a: Sinistcha|Sinistcha-Masterpiece, shiny|100/100
|move|p1a: Auska|U-turn|p2a: Sinistcha
|-damage|p2a: Sinistcha|87/100
|
|t:|1760755326
|switch|p1a: Agent Monkee|Munkidori, M|100/100|[from] U-turn
|
|upkeep
|turn|3
|
|t:|1760755343
|switch|p2a: Gholdengo|Gholdengo, shiny|100/100
|-item|p2a: Gholdengo|Air Balloon
|move|p1a: Agent Monkee|Shadow Ball|p2a: Gholdengo
|-supereffective|p2a: Gholdengo
|-damage|p2a: Gholdengo|0 fnt
|-enditem|p2a: Gholdengo|Air Balloon
|faint|p2a: Gholdengo
|
|upkeep
|
|t:|1760755354
|switch|p2a: Samurott|Samurott-Hisui, M, shiny|100/100
|turn|4
|
|t:|1760755362
|switch|p1a: Great Tusk|Great Tusk|100/100
|move|p2a: Samurott|Ceaseless Edge|p1a: Great Tusk
|-resisted|p1a: Great Tusk
|-damage|p1a: Great Tusk|90/100
|-sidestart|p1: Box2DaLeft|Spikes
|
|-heal|p1a: Great Tusk|96/100|[from] item: Leftovers
|upkeep
|turn|5
|
|t:|1760755367
|-end|p1a: Great Tusk|Protosynthesis|[silent]
|switch|p1a: Auska|Ogerpon-Wellspring, F|100/100
|-damage|p1a: Auska|88/100|[from] Spikes
|move|p2a: Samurott|Razor Shell|p1a: Auska
|-heal|p1a: Auska|100/100|[from] ability: Water Absorb|[of] p2a: Samurott
|
|upkeep
|turn|6
|
|t:|1760755373
|-terastallize|p2a: Samurott|Poison
|move|p1a: Auska|U-turn|p2a: Samurott
|-resisted|p2a: Samurott
|-damage|p2a: Samurott|85/100
|
|t:|1760755378
|switch|p1a: Great Tusk|Great Tusk|96/100|[from] U-turn
|-damage|p1a: Great Tusk|84/100|[from] Spikes
|move|p2a: Samurott|Ceaseless Edge|p1a: Great Tusk
|-resisted|p1a: Great Tusk
|-damage|p1a: Great Tusk|73/100
|-sidestart|p1: Box2DaLeft|Spikes
|
|-heal|p1a: Great Tusk|80/100|[from] item: Leftovers
|upkeep
|turn|7
|
|t:|1760755382
|switch|p2a: Sinistcha|Sinistcha-Masterpiece, shiny|87/100
|move|p1a: Great Tusk|Rapid Spin|p2a: Sinistcha
|-immune|p2a: Sinistcha
|
|-heal|p1a: Great Tusk|86/100|[from] item: Leftovers
|upkeep
|turn|8
|
|t:|1760755389
|-end|p1a: Great Tusk|Protosynthesis|[silent]
|switch|p1a: Cinderace|Cinderace, M|100/100
|move|p2a: Sinistcha|Calm Mind|p2a: Sinistcha
|-boost|p2a: Sinistcha|spa|1
|-boost|p2a: Sinistcha|spd|1
|
|upkeep
|turn|9
|
|t:|1760755395
|move|p1a: Cinderace|Pyro Ball|p2a: Sinistcha
|-supereffective|p2a: Sinistcha
|-damage|p2a: Sinistcha|48/100
|move|p2a: Sinistcha|Strength Sap|p1a: Cinderace
|-unboost|p1a: Cinderace|atk|1
|-heal|p2a: Sinistcha|100/100
|
|upkeep
|turn|10
|
|t:|1760755399
|move|p1a: Cinderace|Court Change|p1a: Cinderace
|-start|p1a: Cinderace|typechange|Normal|[from] ability: Libero
|-swapsideconditions
|-activate|p1a: Cinderace|move: Court Change
|move|p2a: Sinistcha|Shadow Ball|p1a: Cinderace
|-immune|p1a: Cinderace
|
|upkeep
|turn|11
|
|t:|1760755402
|move|p1a: Cinderace|U-turn|p2a: Sinistcha
|-damage|p2a: Sinistcha|91/100
|
|t:|1760755406
|switch|p1a: Agent Monkee|Munkidori, M|100/100|[from] U-turn
|move|p2a: Sinistcha|Matcha Gotcha|p1a: Agent Monkee
|-resisted|p1a: Agent Monkee
|-damage|p1a: Agent Monkee|73/100
|-heal|p2a: Sinistcha|100/100|[from] drain|[of] p1a: Agent Monkee
|
|upkeep
|turn|12
|
|t:|1760755424
|switch|p1a: Zapdos|Zapdos|100/100
|move|p2a: Sinistcha|Shadow Ball|p1a: Zapdos
|-crit|p1a: Zapdos
|-damage|p1a: Zapdos|47/100
|-unboost|p1a: Zapdos|spd|1
|
|upkeep
|turn|13
|
|t:|1760755429
|move|p1a: Zapdos|Hurricane|p2a: Sinistcha
|-supereffective|p2a: Sinistcha
|-damage|p2a: Sinistcha|23/100
|move|p2a: Sinistcha|Shadow Ball|p1a: Zapdos
|-damage|p1a: Zapdos|0 fnt
|faint|p1a: Zapdos
|
|upkeep
|
|t:|1760755438
|switch|p1a: Agent Monkee|Munkidori, M|73/100
|turn|14
|
|t:|1760755440
|move|p1a: Agent Monkee|Psychic|p2a: Sinistcha
|-damage|p2a: Sinistcha|0 fnt
|faint|p2a: Sinistcha
|
|upkeep
|
|t:|1760755442
|switch|p2a: Samurott|Samurott-Hisui, M, shiny, tera:Poison|85/100
|-damage|p2a: Samurott|68/100|[from] Spikes
|turn|15
|
|t:|1760755447
|switch|p1a: Great Tusk|Great Tusk|86/100
|move|p2a: Samurott|Knock Off|p1a: Great Tusk
|-resisted|p1a: Great Tusk
|-damage|p1a: Great Tusk|77/100
|-enditem|p1a: Great Tusk|Leftovers|[from] move: Knock Off|[of] p2a: Samurott
|
|upkeep
|turn|16
|
|t:|1760755455
|move|p2a: Samurott|Razor Shell|p1a: Great Tusk
|-supereffective|p1a: Great Tusk
|-damage|p1a: Great Tusk|30/100
|-unboost|p1a: Great Tusk|def|1
|move|p1a: Great Tusk|Earthquake|p2a: Samurott
|-supereffective|p2a: Samurott
|-damage|p2a: Samurott|0 fnt
|faint|p2a: Samurott
|
|upkeep
|j| el_motax
|l| el_motax
|
|t:|1760755463
|switch|p2a: Zamazenta|Zamazenta, shiny|100/100
|-ability|p2a: Zamazenta|Dauntless Shield|boost
|-boost|p2a: Zamazenta|def|1
|turn|17
|
|t:|1760755482
|-end|p1a: Great Tusk|Protosynthesis|[silent]
|switch|p1a: Auska|Ogerpon-Wellspring, F|100/100
|move|p2a: Zamazenta|Close Combat|p1a: Auska
|-damage|p1a: Auska|22/100
|-unboost|p2a: Zamazenta|def|1
|-unboost|p2a: Zamazenta|spd|1
|
|upkeep
|turn|18
|
|t:|1760755489
|switch|p1a: Great Tusk|Great Tusk|30/100
|move|p2a: Zamazenta|Crunch|p1a: Great Tusk
|-resisted|p1a: Great Tusk
|-damage|p1a: Great Tusk|24/100
|-unboost|p1a: Great Tusk|def|1
|
|upkeep
|turn|19
|
|t:|1760755493
|move|p2a: Zamazenta|Close Combat|p1a: Great Tusk
|-damage|p1a: Great Tusk|0 fnt
|-unboost|p2a: Zamazenta|def|1
|-unboost|p2a: Zamazenta|spd|1
|faint|p1a: Great Tusk
|-end|p1a: Great Tusk|Protosynthesis|[silent]
|
|upkeep
|
|t:|1760755498
|switch|p1a: Scizor|Scizor, F, shiny|100/100
|turn|20
|
|t:|1760755506
|switch|p2a: Iron Valiant|Iron Valiant, shiny|100/100
|-damage|p2a: Iron Valiant|84/100|[from] Spikes
|-enditem|p2a: Iron Valiant|Booster Energy
|-activate|p2a: Iron Valiant|ability: Quark Drive|[fromitem]
|-start|p2a: Iron Valiant|quarkdrivespe
|move|p1a: Scizor|Bullet Punch|p2a: Iron Valiant
|-supereffective|p2a: Iron Valiant
|-damage|p2a: Iron Valiant|0 fnt
|faint|p2a: Iron Valiant
|-end|p2a: Iron Valiant|Quark Drive|[silent]
|
|upkeep
|
|t:|1760755507
|switch|p2a: Zamazenta|Zamazenta, shiny|100/100
|turn|21
|
|t:|1760755511
|switch|p1a: Auska|Ogerpon-Wellspring, F|22/100
|move|p2a: Zamazenta|Crunch|p1a: Auska
|-damage|p1a: Auska|0 fnt
|faint|p1a: Auska
|
|upkeep
|
|t:|1760755513
|switch|p1a: Cinderace|Cinderace, M|100/100
|turn|22
|
|t:|1760755516
|move|p2a: Zamazenta|Stone Edge|p1a: Cinderace
|-supereffective|p1a: Cinderace
|-damage|p1a: Cinderace|18/100
|move|p1a: Cinderace|Pyro Ball|p2a: Zamazenta
|-damage|p2a: Zamazenta|54/100
|-status|p2a: Zamazenta|brn
|
|-damage|p2a: Zamazenta|48/100 brn|[from] brn
|upkeep
|turn|23
|-message|qaqkiller forfeited.
|
|win|Box2DaLeft
|raw|Box2DaLeft's rating: 1573 &rarr; <strong>1591</strong><br />(+18 for winning)
|raw|qaqkiller's rating: 1546 &rarr; <strong>1528</strong><br />(-18 for losing)
|l|☆qaqkiller
|player|p2|
|l|☆Box2DaLeft
|player|p1|
