|badge|p2|bronze|gen9ou|100-7
|uhtml|medal-msg|<div class="broadcast-blue">Curious what those medals under the avatar are? PS now has Ladder Seasons! For more information, check out the <a href="https://www.smogon.com/forums/threads/3740067/">thread on Smogon.</a></div>
|j|☆Shockmoth
|j|☆ajonymousnon
|t:|1760818549
|gametype|singles
|player|p1|Shockmoth|wattson|1806
|player|p2|ajonymousnon|1|1825
|gen|9
|tier|[Gen 9] OU
|rated|
|rule|HP Percentage Mod: HP is shown in percentages
|rule|Endless Battle Clause: Forcing endless battles is banned
|rule|Species Clause: Limit one of each Pokémon
|rule|OHKO Clause: OHKO moves are banned
|rule|Evasion Items Clause: Evasion items are banned
|rule|Evasion Moves Clause: Evasion moves are banned
|rule|Evasion Abilities Clause: Evasion abilities are banned
|rule|Sleep Moves Clause: Sleep-inducing moves are banned
|clearpoke
|poke|p1|Frosmoth, F|
|poke|p1|Pincurchin, M|
|poke|p1|Raichu-Alola, M|
|poke|p1|Iron Hands|
|poke|p1|Rotom-Wash|
|poke|p1|Pawmot, F|
|poke|p2|Great Tusk|
|poke|p2|Ogerpon-Cornerstone, F|
|poke|p2|Rillaboom, M|
|poke|p2|Tyranitar, F|
|poke|p2|Corviknight, M|
|poke|p2|Dragapult, F|
|teampreview
|inactive|Battle timer is ON: inactive players will automatically lose when time's up. (requested by Shockmoth)
|
|t:|1760818559
|teamsize|p1|6
|teamsize|p2|6
|start
|switch|p1a: OH YEAH!!! YEAH!!|Pincurchin, M|100/100
|switch|p2a: Dragapult|Dragapult, F|100/100
|-fieldstart|move: Electric Terrain|[from] ability: Electric Surge|[of] p1a: OH YEAH!!! YEAH!!
|turn|1
|
|t:|1760818562
|move|p2a: Dragapult|Substitute|p2a: Dragapult
|-start|p2a: Dragapult|Substitute
|-damage|p2a: Dragapult|76/100
|move|p1a: OH YEAH!!! YEAH!!|Thunder Wave||[still]
|-fail|p1a: OH YEAH!!! YEAH!!
|
|-heal|p2a: Dragapult|82/100|[from] item: Leftovers
|upkeep
|turn|2
|
|t:|1760818564
|switch|p1a: Surf's Up (2007)|Raichu-Alola, M|100/100
|move|p2a: Dragapult|Will-O-Wisp|p1a: Surf's Up (2007)
|-status|p1a: Surf's Up (2007)|brn
|
|-heal|p2a: Dragapult|88/100|[from] item: Leftovers
|-damage|p1a: Surf's Up (2007)|94/100 brn|[from] brn
|upkeep
|turn|3
|
|t:|1760818567
|move|p1a: Surf's Up (2007)|Alluring Voice|p2a: Dragapult
|-supereffective|p2a: Dragapult
|-damage|p2a: Dragapult|0 fnt
|faint|p2a: Dragapult
|
|-damage|p1a: Surf's Up (2007)|88/100 brn|[from] brn
|upkeep
|c|☆ajonymousnon|i forgor
|
|t:|1760818575
|switch|p2a: Tyranitar|Tyranitar, F|100/100
|-weather|Sandstorm|[from] ability: Sand Stream|[of] p2a: Tyranitar
|turn|4
|
|t:|1760818600
|switch|p1a: Finger Eleven|Frosmoth, F, shiny|100/100
|move|p2a: Tyranitar|Stealth Rock|p1a: Finger Eleven
|-sidestart|p1: Shockmoth|move: Stealth Rock
|
|-weather|Sandstorm|[upkeep]
|-damage|p1a: Finger Eleven|94/100|[from] Sandstorm
|upkeep
|turn|5
|
|t:|1760818603
|move|p1a: Finger Eleven|Defog|p2a: Tyranitar
|-unboost|p2a: Tyranitar|evasion|1
|-sideend|p1: Shockmoth|Stealth Rock|[from] move: Defog|[of] p1a: Finger Eleven
|-fieldend|move: Electric Terrain
|move|p2a: Tyranitar|Knock Off|p1a: Finger Eleven
|-damage|p1a: Finger Eleven|17/100
|-enditem|p1a: Finger Eleven|Heavy-Duty Boots|[from] move: Knock Off|[of] p2a: Tyranitar
|
|-weather|Sandstorm|[upkeep]
|-damage|p1a: Finger Eleven|11/100|[from] Sandstorm
|upkeep
|turn|6
|
|t:|1760818605
|move|p1a: Finger Eleven|Ice Beam|p2a: Tyranitar
|-damage|p2a: Tyranitar|82/100
|move|p2a: Tyranitar|Stealth Rock|p1a: Finger Eleven
|-sidestart|p1: Shockmoth|move: Stealth Rock
|
|-weather|Sandstorm|[upkeep]
|-damage|p1a: Finger Eleven|4/100|[from] Sandstorm
|-heal|p2a: Tyranitar|89/100|[from] item: Leftovers
|upkeep
|turn|7
|
|t:|1760818609
|move|p1a: Finger Eleven|Defog|p2a: Tyranitar
|-unboost|p2a: Tyranitar|evasion|1
|-sideend|p1: Shockmoth|Stealth Rock|[from] move: Defog|[of] p1a: Finger Eleven
|move|p2a: Tyranitar|Stealth Rock|p1a: Finger Eleven
|-sidestart|p1: Shockmoth|move: Stealth Rock
|
|-weather|Sandstorm|[upkeep]
|-damage|p1a: Finger Eleven|0 fnt|[from] Sandstorm
|faint|p1a: Finger Eleven
|-heal|p2a: Tyranitar|95/100|[from] item: Leftovers
|upkeep
|
|t:|1760818619
|switch|p1a: William O' Wisp|Rotom-Wash|100/100
|-damage|p1a: William O' Wisp|88/100|[from] Stealth Rock
|turn|8
|
|t:|1760818621
|move|p1a: William O' Wisp|Reflect|p1a: William O' Wisp
|-sidestart|p1: Shockmoth|Reflect
|move|p2a: Tyranitar|Knock Off|p1a: William O' Wisp
|-damage|p1a: William O' Wisp|64/100
|-enditem|p1a: William O' Wisp|Light Clay|[from] move: Knock Off|[of] p2a: Tyranitar
|
|-weather|none
|-heal|p2a: Tyranitar|100/100|[from] item: Leftovers
|upkeep
|turn|9
|
|t:|1760818626
|switch|p2a: Rillaboom|Rillaboom, M|100/100
|-fieldstart|move: Grassy Terrain|[from] ability: Grassy Surge|[of] p2a: Rillaboom
|move|p1a: William O' Wisp|Volt Switch|p2a: Rillaboom
|-resisted|p2a: Rillaboom
|-damage|p2a: Rillaboom|76/100
|
|t:|1760818632
|switch|p1a: OH YEAH!!! YEAH!!|Pincurchin, M|100/100|[from] Volt Switch
|-damage|p1a: OH YEAH!!! YEAH!!|88/100|[from] Stealth Rock
|-fieldstart|move: Electric Terrain|[from] ability: Electric Surge|[of] p1a: OH YEAH!!! YEAH!!
|
|upkeep
|turn|10
|
|t:|1760818635
|switch|p1a: Iron Deficiency|Iron Hands|100/100
|-damage|p1a: Iron Deficiency|94/100|[from] Stealth Rock
|-activate|p1a: Iron Deficiency|ability: Quark Drive
|-start|p1a: Iron Deficiency|quarkdriveatk
|move|p2a: Rillaboom|U-turn|p1a: Iron Deficiency
|-resisted|p1a: Iron Deficiency
|-damage|p1a: Iron Deficiency|89/100
|
|t:|1760818639
|switch|p2a: Tyranitar|Tyranitar, F|100/100|[from] U-turn
|-weather|Sandstorm|[from] ability: Sand Stream|[of] p2a: Tyranitar
|
|-weather|Sandstorm|[upkeep]
|-damage|p1a: Iron Deficiency|82/100|[from] Sandstorm
|upkeep
|turn|11
|
|t:|1760818653
|-terastallize|p2a: Tyranitar|Ghost
|move|p1a: Iron Deficiency|Swords Dance|p1a: Iron Deficiency
|-boost|p1a: Iron Deficiency|atk|2
|move|p2a: Tyranitar|Roar|p1a: Iron Deficiency
|-end|p1a: Iron Deficiency|Quark Drive|[silent]
|drag|p1a: Evanescence|Pawmot, F|100/100
|-damage|p1a: Evanescence|94/100|[from] Stealth Rock
|
|-weather|Sandstorm|[upkeep]
|-damage|p1a: Evanescence|88/100|[from] Sandstorm
|-damage|p2a: Tyranitar|94/100|[from] Sandstorm
|-heal|p2a: Tyranitar|100/100|[from] item: Leftovers
|upkeep
|turn|12
|
|t:|1760818662
|switch|p2a: Great Tusk|Great Tusk|100/100
|move|p1a: Evanescence|Encore||[still]
|-fail|p1a: Evanescence
|
|-weather|Sandstorm|[upkeep]
|-damage|p1a: Evanescence|82/100|[from] Sandstorm
|upkeep
|turn|13
|
|t:|1760818670
|switch|p1a: Surf's Up (2007)|Raichu-Alola, M|88/100 brn
|-damage|p1a: Surf's Up (2007)|76/100 brn|[from] Stealth Rock
|move|p2a: Great Tusk|Rapid Spin|p1a: Surf's Up (2007)
|-damage|p1a: Surf's Up (2007)|58/100 brn
|-boost|p2a: Great Tusk|spe|1
|
|-weather|Sandstorm|[upkeep]
|-damage|p1a: Surf's Up (2007)|52/100 brn|[from] Sandstorm
|-damage|p1a: Surf's Up (2007)|46/100 brn|[from] brn
|upkeep
|turn|14
|
|t:|1760818682
|-end|p2a: Great Tusk|Protosynthesis|[silent]
|switch|p2a: Tyranitar|Tyranitar, F, tera:Ghost|100/100
|move|p1a: Surf's Up (2007)|Focus Blast|p2a: Tyranitar
|-immune|p2a: Tyranitar
|
|-weather|none
|-damage|p1a: Surf's Up (2007)|40/100 brn|[from] brn
|upkeep
|turn|15
|c|☆Shockmoth|Forgor you terad
|
|t:|1760818698
|move|p1a: Surf's Up (2007)|Focus Blast|p2a: Tyranitar
|-immune|p2a: Tyranitar
|move|p2a: Tyranitar|Knock Off|p1a: Surf's Up (2007)
|-supereffective|p1a: Surf's Up (2007)
|-damage|p1a: Surf's Up (2007)|0 fnt
|-enditem|p1a: Surf's Up (2007)|Choice Specs|[from] move: Knock Off|[of] p2a: Tyranitar
|faint|p1a: Surf's Up (2007)
|
|-sideend|p1: Shockmoth|Reflect
|upkeep
|
|t:|1760818702
|switch|p1a: William O' Wisp|Rotom-Wash|64/100
|-damage|p1a: William O' Wisp|52/100|[from] Stealth Rock
|turn|16
|
|t:|1760818705
|move|p1a: William O' Wisp|Reflect|p1a: William O' Wisp
|-sidestart|p1: Shockmoth|Reflect
|move|p2a: Tyranitar|Knock Off|p1a: William O' Wisp
|-damage|p1a: William O' Wisp|36/100
|
|-fieldend|move: Electric Terrain
|upkeep
|turn|17
|
|t:|1760818710
|move|p1a: William O' Wisp|Volt Switch|p2a: Tyranitar
|-damage|p2a: Tyranitar|78/100
|
|t:|1760818713
|switch|p1a: OH YEAH!!! YEAH!!|Pincurchin, M|88/100|[from] Volt Switch
|-damage|p1a: OH YEAH!!! YEAH!!|76/100|[from] Stealth Rock
|-fieldstart|move: Electric Terrain|[from] ability: Electric Surge|[of] p1a: OH YEAH!!! YEAH!!
|move|p2a: Tyranitar|Roar|p1a: OH YEAH!!! YEAH!!
|drag|p1a: William O' Wisp|Rotom-Wash|36/100
|-damage|p1a: William O' Wisp|24/100|[from] Stealth Rock
|
|-heal|p2a: Tyranitar|84/100|[from] item: Leftovers
|upkeep
|turn|18
|
|t:|1760818717
|switch|p2a: Rillaboom|Rillaboom, M|76/100
|-fieldstart|move: Grassy Terrain|[from] ability: Grassy Surge|[of] p2a: Rillaboom
|move|p1a: William O' Wisp|Hydro Pump|p2a: Rillaboom
|-resisted|p2a: Rillaboom
|-damage|p2a: Rillaboom|40/100
|
|-heal|p2a: Rillaboom|46/100|[from] Grassy Terrain
|upkeep
|turn|19
|
|t:|1760818720
|switch|p1a: OH YEAH!!! YEAH!!|Pincurchin, M|76/100
|-damage|p1a: OH YEAH!!! YEAH!!|63/100|[from] Stealth Rock
|-fieldstart|move: Electric Terrain|[from] ability: Electric Surge|[of] p1a: OH YEAH!!! YEAH!!
|move|p2a: Rillaboom|Wood Hammer|p1a: OH YEAH!!! YEAH!!
|-damage|p1a: OH YEAH!!! YEAH!!|5/100
|-damage|p2a: Rillaboom|29/100|[from] Recoil
|
|upkeep
|turn|20
|
|t:|1760818724
|switch|p2a: Tyranitar|Tyranitar, F, tera:Ghost|84/100
|-weather|Sandstorm|[from] ability: Sand Stream|[of] p2a: Tyranitar
|move|p1a: OH YEAH!!! YEAH!!|Sucker Punch||[still]
|-fail|p1a: OH YEAH!!! YEAH!!
|
|-weather|Sandstorm|[upkeep]
|-damage|p2a: Tyranitar|78/100|[from] Sandstorm
|-damage|p1a: OH YEAH!!! YEAH!!|0 fnt|[from] Sandstorm
|faint|p1a: OH YEAH!!! YEAH!!
|-heal|p2a: Tyranitar|84/100|[from] item: Leftovers
|-sideend|p1: Shockmoth|Reflect
|upkeep
|
|t:|1760818726
|switch|p1a: Iron Deficiency|Iron Hands|82/100
|-damage|p1a: Iron Deficiency|76/100|[from] Stealth Rock
|-activate|p1a: Iron Deficiency|ability: Quark Drive
|-start|p1a: Iron Deficiency|quarkdriveatk
|turn|21
|
|t:|1760818729
|switch|p2a: Great Tusk|Great Tusk|100/100
|move|p1a: Iron Deficiency|Swords Dance|p1a: Iron Deficiency
|-boost|p1a: Iron Deficiency|atk|2
|
|-weather|Sandstorm|[upkeep]
|-damage|p1a: Iron Deficiency|70/100|[from] Sandstorm
|upkeep
|turn|22
|
|t:|1760818747
|move|p2a: Great Tusk|Headlong Rush|p1a: Iron Deficiency
|-supereffective|p1a: Iron Deficiency
|-damage|p1a: Iron Deficiency|4/100
|-unboost|p2a: Great Tusk|def|1
|-unboost|p2a: Great Tusk|spd|1
|move|p1a: Iron Deficiency|Ice Punch|p2a: Great Tusk
|-supereffective|p2a: Great Tusk
|-damage|p2a: Great Tusk|0 fnt
|faint|p2a: Great Tusk
|-end|p2a: Great Tusk|Protosynthesis|[silent]
|
|-weather|Sandstorm|[upkeep]
|-damage|p1a: Iron Deficiency|0 fnt|[from] Sandstorm
|faint|p1a: Iron Deficiency
|-end|p1a: Iron Deficiency|Quark Drive|[silent]
|upkeep
|
|t:|1760818753
|switch|p2a: Rillaboom|Rillaboom, M|29/100
|switch|p1a: Evanescence|Pawmot, F|82/100
|-damage|p1a: Evanescence|76/100|[from] Stealth Rock
|-fieldstart|move: Grassy Terrain|[from] ability: Grassy Surge|[of] p2a: Rillaboom
|turn|23
|
|t:|1760818755
|move|p2a: Rillaboom|Grassy Glide|p1a: Evanescence
|-damage|p1a: Evanescence|3/100
|move|p1a: Evanescence|Revival Blessing|p1a: Evanescence
|-enditem|p1a: Evanescence|Leppa Berry|[eat]
|-activate|p1a: Evanescence|item: Leppa Berry|Revival Blessing|[consumed]
|
|t:|1760818757
|-heal|p1: Iron Deficiency|50/100|[from] move: Revival Blessing
|
|-weather|Sandstorm|[upkeep]
|-damage|p1a: Evanescence|0 fnt|[from] Sandstorm
|-damage|p2a: Rillaboom|23/100|[from] Sandstorm
|faint|p1a: Evanescence
|-heal|p2a: Rillaboom|29/100|[from] Grassy Terrain
|upkeep
|
|t:|1760818759
|switch|p1a: Iron Deficiency|Iron Hands|50/100
|-damage|p1a: Iron Deficiency|44/100|[from] Stealth Rock
|turn|24
|
|t:|1760818763
|move|p2a: Rillaboom|Grassy Glide|p1a: Iron Deficiency
|-damage|p1a: Iron Deficiency|8/100
|move|p1a: Iron Deficiency|Drain Punch|p2a: Rillaboom
|-damage|p2a: Rillaboom|0 fnt
|-heal|p1a: Iron Deficiency|19/100|[from] drain|[of] p2a: Rillaboom
|faint|p2a: Rillaboom
|
|-weather|none
|-heal|p1a: Iron Deficiency|25/100|[from] Grassy Terrain
|upkeep
|
|t:|1760818773
|switch|p2a: Corviknight|Corviknight, M|100/100
|-ability|p2a: Corviknight|Pressure
|turn|25
|
|t:|1760818775
|move|p2a: Corviknight|Brave Bird|p1a: Iron Deficiency
|-damage|p1a: Iron Deficiency|2/100
|-damage|p2a: Corviknight|92/100|[from] Recoil
|move|p1a: Iron Deficiency|Supercell Slam|p2a: Corviknight
|-supereffective|p2a: Corviknight
|-damage|p2a: Corviknight|16/100
|-damage|p1a: Iron Deficiency|0 fnt|[from] item: Rocky Helmet|[of] p2a: Corviknight
|faint|p1a: Iron Deficiency
|-end|p1a: Iron Deficiency|Quark Drive|[silent]
|
|upkeep
|c|☆Shockmoth|Ggs
|-message|Shockmoth forfeited.
|
|win|ajonymousnon
|raw|Shockmoth's rating: 1806 &rarr; <strong>1787</strong><br />(-19 for losing)
|raw|ajonymousnon's rating: 1825 &rarr; <strong>1844</strong><br />(+19 for winning)
|c|☆ajonymousnon|gg
|l|☆ajonymousnon
|player|p2|
