|j|☆v4lentin_harvey
|j|☆Blast94
|t:|1760718617
|gametype|singles
|player|p1|v4lentin_harvey|nurse|1330
|player|p2|Blast94|n|1320
|gen|9
|tier|[Gen 9] OU
|rated|
|rule|HP Percentage Mod: HP is shown in percentages
|rule|Endless Battle Clause: Forcing endless battles is banned
|rule|Species Clause: Limit one of each Pokémon
|rule|OHKO Clause: OHKO moves are banned
|rule|Evasion Items Clause: Evasion items are banned
|rule|Evasion Moves Clause: Evasion moves are banned
|rule|Evasion Abilities Clause: Evasion abilities are banned
|rule|Sleep Moves Clause: Sleep-inducing moves are banned
|clearpoke
|poke|p1|Ditto|
|poke|p1|Hoopa-Unbound|
|poke|p1|Alomomola, M|
|poke|p1|Weezing-Galar, F|
|poke|p1|Corviknight, M|
|poke|p1|Gliscor, F|
|poke|p2|Hitmonlee, M|
|poke|p2|Serperior, F|
|poke|p2|Garganacl, F|
|poke|p2|Ribombee, F|
|poke|p2|Hatterene, F|
|poke|p2|Great Tusk|
|teampreview
|inactive|Battle timer is ON: inactive players will automatically lose when time's up. (requested by Blast94)
|
|t:|1760718627
|teamsize|p1|6
|teamsize|p2|6
|start
|switch|p1a: Corviknight|Corviknight, M|100/100
|switch|p2a: Garganacl|Garganacl, F|100/100
|-ability|p1a: Corviknight|Pressure
|turn|1
|
|t:|1760718637
|move|p1a: Corviknight|U-turn|p2a: Garganacl
|-crit|p2a: Garganacl
|-damage|p2a: Garganacl|85/100
|
|t:|1760718641
|switch|p1a: Gliscor|Gliscor, F|100/100|[from] U-turn
|move|p2a: Garganacl|Iron Defense|p2a: Garganacl
|-boost|p2a: Garganacl|def|2
|
|-heal|p2a: Garganacl|91/100|[from] item: Leftovers
|-status|p1a: Gliscor|tox|[from] item: Toxic Orb
|upkeep
|turn|2
|
|t:|1760718663
|move|p1a: Gliscor|Stealth Rock|p2a: Garganacl
|-sidestart|p2: Blast94|move: Stealth Rock
|move|p2a: Garganacl|Salt Cure|p1a: Gliscor
|-damage|p1a: Gliscor|90/100 tox
|-start|p1a: Gliscor|Salt Cure
|
|-heal|p2a: Garganacl|97/100|[from] item: Leftovers
|-heal|p1a: Gliscor|100/100 tox|[from] ability: Poison Heal
|-damage|p1a: Gliscor|88/100 tox|[from] Salt Cure
|upkeep
|turn|3
|
|t:|1760718671
|switch|p1a: Hoopa|Hoopa-Unbound|100/100
|move|p2a: Garganacl|Stealth Rock|p1a: Hoopa
|-sidestart|p1: v4lentin_harvey|move: Stealth Rock
|
|-heal|p2a: Garganacl|100/100|[from] item: Leftovers
|upkeep
|turn|4
|
|t:|1760718687
|move|p1a: Hoopa|Trick|p2a: Garganacl
|-activate|p1a: Hoopa|move: Trick|[of] p2a: Garganacl
|-item|p2a: Garganacl|Choice Band|[from] move: Trick
|-item|p1a: Hoopa|Leftovers|[from] move: Trick
|move|p2a: Garganacl|Iron Defense|p2a: Garganacl
|-boost|p2a: Garganacl|def|2
|
|upkeep
|turn|5
|
|t:|1760718699
|move|p1a: Hoopa|Zen Headbutt|p2a: Garganacl
|-damage|p2a: Garganacl|88/100
|move|p2a: Garganacl|Iron Defense|p2a: Garganacl
|-boost|p2a: Garganacl|def|2
|
|upkeep
|turn|6
|
|t:|1760718704
|switch|p2a: Hatterene|Hatterene, F|100/100
|-damage|p2a: Hatterene|88/100|[from] Stealth Rock
|move|p1a: Hoopa|Zen Headbutt|p2a: Hatterene
|-resisted|p2a: Hatterene
|-damage|p2a: Hatterene|68/100
|
|-heal|p2a: Hatterene|74/100|[from] item: Leftovers
|upkeep
|turn|7
|
|t:|1760718713
|-terastallize|p1a: Hoopa|Dark
|move|p1a: Hoopa|Hyperspace Fury|p2a: Hatterene
|-damage|p2a: Hatterene|3/100
|-unboost|p1a: Hoopa|def|1
|move|p2a: Hatterene|Nuzzle|p1a: Hoopa
|-damage|p1a: Hoopa|89/100
|-status|p1a: Hoopa|par
|
|-heal|p1a: Hoopa|95/100 par|[from] item: Leftovers
|-heal|p2a: Hatterene|9/100|[from] item: Leftovers
|upkeep
|turn|8
|
|t:|1760718724
|move|p1a: Hoopa|Hyperspace Fury|p2a: Hatterene
|-damage|p2a: Hatterene|0 fnt
|-unboost|p1a: Hoopa|def|1
|faint|p2a: Hatterene
|
|-heal|p1a: Hoopa|100/100 par|[from] item: Leftovers
|upkeep
|
|t:|1760718728
|switch|p2a: Hitmonlee|Hitmonlee, M|100/100
|-damage|p2a: Hitmonlee|94/100|[from] Stealth Rock
|turn|9
|
|t:|1760718736
|switch|p1a: Weezing|Weezing-Galar, F|100/100
|-ability|p1a: Weezing|Neutralizing Gas
|move|p2a: Hitmonlee|Endure||[still]
|-fail|p2a: Hitmonlee
|
|upkeep
|turn|10
|
|t:|1760718742
|move|p2a: Hitmonlee|Knock Off|p1a: Weezing
|-resisted|p1a: Weezing
|-damage|p1a: Weezing|89/100
|-enditem|p1a: Weezing|Heavy-Duty Boots|[from] move: Knock Off|[of] p2a: Hitmonlee
|move|p1a: Weezing|Will-O-Wisp|p2a: Hitmonlee
|-status|p2a: Hitmonlee|brn
|
|-damage|p2a: Hitmonlee|88/100 brn|[from] brn
|upkeep
|turn|11
|
|t:|1760718752
|move|p2a: Hitmonlee|Knock Off|p1a: Weezing
|-resisted|p1a: Weezing
|-damage|p1a: Weezing|86/100
|move|p1a: Weezing|Defog|p2a: Hitmonlee
|-unboost|p2a: Hitmonlee|evasion|1
|-sideend|p2: Blast94|Stealth Rock|[from] move: Defog|[of] p1a: Weezing
|-sideend|p1: v4lentin_harvey|Stealth Rock|[from] move: Defog|[of] p1a: Weezing
|
|-damage|p2a: Hitmonlee|82/100 brn|[from] brn
|upkeep
|turn|12
|
|t:|1760718771
|move|p2a: Hitmonlee|Knock Off|p1a: Weezing
|-resisted|p1a: Weezing
|-damage|p1a: Weezing|82/100
|move|p1a: Weezing|Sludge Bomb|p2a: Hitmonlee
|-damage|p2a: Hitmonlee|44/100 brn
|
|-damage|p2a: Hitmonlee|38/100 brn|[from] brn
|upkeep
|turn|13
|
|t:|1760718785
|-end|p1a: Weezing|ability: Neutralizing Gas
|switch|p1a: Gliscor|Gliscor, F|88/100 tox
|move|p2a: Hitmonlee|Reversal|p1a: Gliscor
|-resisted|p1a: Gliscor
|-damage|p1a: Gliscor|84/100 tox
|
|-heal|p1a: Gliscor|97/100 tox|[from] ability: Poison Heal
|-damage|p2a: Hitmonlee|32/100 brn|[from] brn
|upkeep
|turn|14
|
|t:|1760718794
|move|p2a: Hitmonlee|Knock Off|p1a: Gliscor
|-damage|p1a: Gliscor|83/100 tox
|-enditem|p1a: Gliscor|Toxic Orb|[from] move: Knock Off|[of] p2a: Hitmonlee
|move|p1a: Gliscor|Stealth Rock|p2a: Hitmonlee
|-sidestart|p2: Blast94|move: Stealth Rock
|
|-heal|p1a: Gliscor|96/100 tox|[from] ability: Poison Heal
|-damage|p2a: Hitmonlee|26/100 brn|[from] brn
|upkeep
|turn|15
|inactive|Blast94 has 120 seconds left.
|
|t:|1760718839
|move|p2a: Hitmonlee|Reversal|p1a: Gliscor
|-resisted|p1a: Gliscor
|-damage|p1a: Gliscor|87/100 tox
|move|p1a: Gliscor|Knock Off|p2a: Hitmonlee
|-resisted|p2a: Hitmonlee
|-damage|p2a: Hitmonlee|0 fnt
|-enditem|p2a: Hitmonlee|Liechi Berry|[from] move: Knock Off|[of] p1a: Gliscor
|faint|p2a: Hitmonlee
|
|-heal|p1a: Gliscor|99/100 tox|[from] ability: Poison Heal
|upkeep
|
|t:|1760718843
|switch|p2a: Serperior|Serperior, F|100/100
|-damage|p2a: Serperior|88/100|[from] Stealth Rock
|turn|16
|
|t:|1760718851
|move|p2a: Serperior|Leaf Storm|p1a: Gliscor
|-damage|p1a: Gliscor|59/100 tox
|-boost|p2a: Serperior|spa|2
|move|p1a: Gliscor|Toxic|p2a: Serperior|[miss]
|-miss|p1a: Gliscor|p2a: Serperior
|
|-heal|p2a: Serperior|94/100|[from] item: Leftovers
|-heal|p1a: Gliscor|72/100 tox|[from] ability: Poison Heal
|upkeep
|turn|17
|
|t:|1760718862
|switch|p1a: Weezing|Weezing-Galar, F|82/100
|-ability|p1a: Weezing|Neutralizing Gas
|move|p2a: Serperior|Substitute|p2a: Serperior
|-start|p2a: Serperior|Substitute
|-damage|p2a: Serperior|69/100
|
|-heal|p2a: Serperior|75/100|[from] item: Leftovers
|upkeep
|turn|18
|
|t:|1760718870
|move|p2a: Serperior|Leech Seed|p1a: Weezing
|-start|p1a: Weezing|move: Leech Seed
|move|p1a: Weezing|Sludge Bomb|p2a: Serperior
|-supereffective|p2a: Serperior
|-end|p2a: Serperior|Substitute
|
|-heal|p2a: Serperior|82/100|[from] item: Leftovers
|-damage|p1a: Weezing|70/100|[from] Leech Seed|[of] p2a: Serperior
|-heal|p2a: Serperior|96/100|[silent]
|upkeep
|turn|19
|
|t:|1760718878
|move|p2a: Serperior|Substitute|p2a: Serperior
|-start|p2a: Serperior|Substitute
|-damage|p2a: Serperior|71/100
|move|p1a: Weezing|Sludge Bomb|p2a: Serperior
|-supereffective|p2a: Serperior
|-end|p2a: Serperior|Substitute
|
|-heal|p2a: Serperior|77/100|[from] item: Leftovers
|-damage|p1a: Weezing|57/100|[from] Leech Seed|[of] p2a: Serperior
|-heal|p2a: Serperior|91/100|[silent]
|upkeep
|turn|20
|
|t:|1760718887
|move|p2a: Serperior|Substitute|p2a: Serperior
|-start|p2a: Serperior|Substitute
|-damage|p2a: Serperior|66/100
|move|p1a: Weezing|Sludge Bomb|p2a: Serperior
|-supereffective|p2a: Serperior
|-end|p2a: Serperior|Substitute
|
|-heal|p2a: Serperior|72/100|[from] item: Leftovers
|-damage|p1a: Weezing|45/100|[from] Leech Seed|[of] p2a: Serperior
|-heal|p2a: Serperior|86/100|[silent]
|upkeep
|turn|21
|
|t:|1760718897
|move|p2a: Serperior|Substitute|p2a: Serperior
|-start|p2a: Serperior|Substitute
|-damage|p2a: Serperior|61/100
|move|p1a: Weezing|Sludge Bomb|p2a: Serperior
|-supereffective|p2a: Serperior
|-end|p2a: Serperior|Substitute
|
|-heal|p2a: Serperior|67/100|[from] item: Leftovers
|-damage|p1a: Weezing|33/100|[from] Leech Seed|[of] p2a: Serperior
|-heal|p2a: Serperior|81/100|[silent]
|upkeep
|turn|22
|
|t:|1760718913
|move|p2a: Serperior|Substitute|p2a: Serperior
|-start|p2a: Serperior|Substitute
|-damage|p2a: Serperior|56/100
|move|p1a: Weezing|Pain Split||[still]
|-fail|p1a: Weezing
|
|-heal|p2a: Serperior|62/100|[from] item: Leftovers
|-damage|p1a: Weezing|21/100|[from] Leech Seed|[of] p2a: Serperior
|-heal|p2a: Serperior|77/100|[silent]
|upkeep
|turn|23
|
|t:|1760718923
|-terastallize|p2a: Serperior|Stellar
|move|p2a: Serperior|Tera Blast|p1a: Weezing|[anim] Tera Blast Stellar
|-crit|p1a: Weezing
|-damage|p1a: Weezing|0 fnt
|-unboost|p2a: Serperior|atk|1
|-unboost|p2a: Serperior|spa|1
|faint|p1a: Weezing
|-end|p1a: Weezing|ability: Neutralizing Gas
|
|-heal|p2a: Serperior|83/100|[from] item: Leftovers
|upkeep
|
|t:|1760718933
|switch|p1a: Hoopa|Hoopa-Unbound, tera:Dark|100/100 par
|turn|24
|l|☆Blast94
|inactive|Blast94 disconnected and has a minute to reconnect!
|player|p2|
|j|☆Blast94
|inactive|Blast94 reconnected and has 130 seconds left.
|player|p2|Blast94|n|
|
|t:|1760718959
|move|p2a: Serperior|Tera Blast|p1a: Hoopa|[anim] Tera Blast Stellar
|-supereffective|p1a: Hoopa
|-damage|p1a: Hoopa|36/100 par
|-boost|p2a: Serperior|atk|1
|-boost|p2a: Serperior|spa|1
|move|p1a: Hoopa|Hyperspace Fury|p2a: Serperior
|-damage|p2a: Serperior|0 fnt
|-unboost|p1a: Hoopa|def|1
|faint|p2a: Serperior
|
|-heal|p1a: Hoopa|42/100 par|[from] item: Leftovers
|upkeep
|inactive|Blast94 has 120 seconds left.
|
|t:|1760718982
|switch|p2a: Great Tusk|Great Tusk|100/100
|-damage|p2a: Great Tusk|98/100|[from] Stealth Rock
|-enditem|p2a: Great Tusk|Booster Energy
|-activate|p2a: Great Tusk|ability: Protosynthesis|[fromitem]
|-start|p2a: Great Tusk|protosynthesisatk
|turn|25
|
|t:|1760718991
|switch|p1a: Corviknight|Corviknight, M|100/100
|-ability|p1a: Corviknight|Pressure
|move|p2a: Great Tusk|Rapid Spin|p1a: Corviknight
|-resisted|p1a: Corviknight
|-damage|p1a: Corviknight|93/100
|-boost|p2a: Great Tusk|spe|1
|-damage|p2a: Great Tusk|81/100|[from] item: Rocky Helmet|[of] p1a: Corviknight
|-sideend|p2: Blast94|Stealth Rock|[from] move: Rapid Spin|[of] p2a: Great Tusk
|
|upkeep
|turn|26
|inactive|Blast94 has 120 seconds left.
|
|t:|1760719004
|move|p2a: Great Tusk|Rock Slide|p1a: Corviknight
|-damage|p1a: Corviknight|70/100
|cant|p1a: Corviknight|flinch
|
|upkeep
|turn|27
|
|t:|1760719009
|move|p2a: Great Tusk|Close Combat|p1a: Corviknight
|-damage|p1a: Corviknight|14/100
|-unboost|p2a: Great Tusk|def|1
|-unboost|p2a: Great Tusk|spd|1
|-damage|p2a: Great Tusk|65/100|[from] item: Rocky Helmet|[of] p1a: Corviknight
|move|p1a: Corviknight|Roost|p1a: Corviknight
|-heal|p1a: Corviknight|64/100
|-singleturn|p1a: Corviknight|move: Roost
|
|upkeep
|turn|28
|
|t:|1760719018
|move|p2a: Great Tusk|Rock Slide|p1a: Corviknight
|-damage|p1a: Corviknight|42/100
|cant|p1a: Corviknight|flinch
|
|upkeep
|turn|29
|
|t:|1760719027
|switch|p1a: Gliscor|Gliscor, F|72/100 tox
|move|p2a: Great Tusk|Close Combat|p1a: Gliscor
|-resisted|p1a: Gliscor
|-damage|p1a: Gliscor|40/100 tox
|-unboost|p2a: Great Tusk|def|1
|-unboost|p2a: Great Tusk|spd|1
|
|-heal|p1a: Gliscor|52/100 tox|[from] ability: Poison Heal
|upkeep
|turn|30
|
|t:|1760719037
|-end|p2a: Great Tusk|Protosynthesis|[silent]
|switch|p2a: Garganacl|Garganacl, F|88/100
|move|p1a: Gliscor|Protect||[still]
|-fail|p1a: Gliscor
|
|-heal|p1a: Gliscor|65/100 tox|[from] ability: Poison Heal
|upkeep
|turn|31
|
|t:|1760719048
|switch|p1a: Alomomola|Alomomola, M|100/100
|move|p2a: Garganacl|Iron Defense|p2a: Garganacl
|-boost|p2a: Garganacl|def|2
|
|upkeep
|turn|32
|
|t:|1760719055
|switch|p2a: Ribombee|Ribombee, F|100/100
|move|p1a: Alomomola|Wish|p1a: Alomomola
|
|upkeep
|turn|33
|
|t:|1760719064
|move|p2a: Ribombee|Moonblast|p1a: Alomomola
|-damage|p1a: Alomomola|53/100
|move|p1a: Alomomola|Flip Turn|p2a: Ribombee
|-damage|p2a: Ribombee|70/100
|
|t:|1760719073
|switch|p1a: Corviknight|Corviknight, M|42/100|[from] Flip Turn
|-ability|p1a: Corviknight|Pressure
|
|-heal|p1a: Corviknight|100/100|[from] move: Wish|[wisher] Alomomola
|upkeep
|turn|34
|
|t:|1760719079
|switch|p2a: Garganacl|Garganacl, F|88/100
|move|p1a: Corviknight|Brave Bird|p2a: Garganacl
|-resisted|p2a: Garganacl
|-crit|p2a: Garganacl
|-damage|p2a: Garganacl|68/100
|-damage|p1a: Corviknight|94/100|[from] Recoil
|
|upkeep
|turn|35
|
|t:|1760719087
|move|p1a: Corviknight|U-turn|p2a: Garganacl
|-damage|p2a: Garganacl|58/100
|
|t:|1760719091
|switch|p1a: Alomomola|Alomomola, M|86/100|[from] U-turn
|move|p2a: Garganacl|Salt Cure|p1a: Alomomola
|-damage|p1a: Alomomola|76/100
|-start|p1a: Alomomola|Salt Cure
|
|-damage|p1a: Alomomola|51/100|[from] Salt Cure
|upkeep
|turn|36
|
|t:|1760719099
|move|p1a: Alomomola|Wish|p1a: Alomomola
|move|p2a: Garganacl|Salt Cure|p1a: Alomomola
|-damage|p1a: Alomomola|40/100
|
|-damage|p1a: Alomomola|15/100|[from] Salt Cure
|upkeep
|turn|37
|
|t:|1760719105
|switch|p1a: Hoopa|Hoopa-Unbound, tera:Dark|42/100 par
|move|p2a: Garganacl|Salt Cure|p1a: Hoopa
|-damage|p1a: Hoopa|9/100 par
|-start|p1a: Hoopa|Salt Cure
|
|-heal|p1a: Hoopa|98/100 par|[from] move: Wish|[wisher] Alomomola
|-heal|p1a: Hoopa|100/100 par|[from] item: Leftovers
|-damage|p1a: Hoopa|88/100 par|[from] Salt Cure
|upkeep
|turn|38
|
|t:|1760719116
|cant|p1a: Hoopa|par
|move|p2a: Garganacl|Salt Cure|p1a: Hoopa
|-damage|p1a: Hoopa|52/100 par
|
|-heal|p1a: Hoopa|58/100 par|[from] item: Leftovers
|-damage|p1a: Hoopa|46/100 par|[from] Salt Cure
|upkeep
|turn|39
|
|t:|1760719122
|cant|p1a: Hoopa|par
|move|p2a: Garganacl|Salt Cure|p1a: Hoopa
|-damage|p1a: Hoopa|8/100 par
|
|-heal|p1a: Hoopa|14/100 par|[from] item: Leftovers
|-damage|p1a: Hoopa|2/100 par|[from] Salt Cure
|upkeep
|turn|40
|
|t:|1760719133
|switch|p1a: Gliscor|Gliscor, F|65/100 tox
|move|p2a: Garganacl|Salt Cure|p1a: Gliscor
|-damage|p1a: Gliscor|49/100 tox
|-start|p1a: Gliscor|Salt Cure
|
|-heal|p1a: Gliscor|61/100 tox|[from] ability: Poison Heal
|-damage|p1a: Gliscor|49/100 tox|[from] Salt Cure
|upkeep
|turn|41
|
|t:|1760719142
|move|p1a: Gliscor|Protect|p1a: Gliscor
|-singleturn|p1a: Gliscor|Protect
|move|p2a: Garganacl|Salt Cure|p1a: Gliscor
|-activate|p1a: Gliscor|move: Protect
|
|-heal|p1a: Gliscor|61/100 tox|[from] ability: Poison Heal
|-damage|p1a: Gliscor|49/100 tox|[from] Salt Cure
|upkeep
|turn|42
|
|t:|1760719153
|switch|p1a: Ditto|Ditto|100/100
|-transform|p1a: Ditto|p2a: Garganacl|[from] ability: Imposter
|move|p2a: Garganacl|Salt Cure|p1a: Ditto
|-damage|p1a: Ditto|81/100
|-start|p1a: Ditto|Salt Cure
|
|-damage|p1a: Ditto|69/100|[from] Salt Cure
|upkeep
|turn|43
|
|t:|1760719166
|move|p1a: Ditto|Salt Cure|p2a: Garganacl
|-damage|p2a: Garganacl|49/100
|-start|p2a: Garganacl|Salt Cure
|move|p2a: Garganacl|Salt Cure|p1a: Ditto
|-damage|p1a: Ditto|50/100
|
|-damage|p1a: Ditto|38/100|[from] Salt Cure
|-damage|p2a: Garganacl|36/100|[from] Salt Cure
|upkeep
|turn|44
|
|t:|1760719178
|switch|p1a: Gliscor|Gliscor, F|49/100 tox
|switch|p2a: Great Tusk|Great Tusk|65/100
|
|-heal|p1a: Gliscor|61/100 tox|[from] ability: Poison Heal
|upkeep
|turn|45
|
|t:|1760719186
|move|p1a: Gliscor|Protect|p1a: Gliscor
|-singleturn|p1a: Gliscor|Protect
|move|p2a: Great Tusk|Rock Slide|p1a: Gliscor
|-activate|p1a: Gliscor|move: Protect
|
|-heal|p1a: Gliscor|74/100 tox|[from] ability: Poison Heal
|upkeep
|turn|46
|
|t:|1760719193
|move|p2a: Great Tusk|Rapid Spin|p1a: Gliscor
|-crit|p1a: Gliscor
|-damage|p1a: Gliscor|51/100 tox
|-boost|p2a: Great Tusk|spe|1
|move|p1a: Gliscor|Toxic|p2a: Great Tusk
|-status|p2a: Great Tusk|tox
|
|-damage|p2a: Great Tusk|58/100 tox|[from] psn
|-heal|p1a: Gliscor|63/100 tox|[from] ability: Poison Heal
|upkeep
|turn|47
|
|t:|1760719209
|switch|p1a: Corviknight|Corviknight, M|94/100
|-ability|p1a: Corviknight|Pressure
|move|p2a: Great Tusk|Rock Slide|p1a: Corviknight|[miss]
|-miss|p2a: Great Tusk|p1a: Corviknight
|
|-damage|p2a: Great Tusk|46/100 tox|[from] psn
|upkeep
|turn|48
|
|t:|1760719218
|move|p2a: Great Tusk|Rock Slide|p1a: Corviknight
|-damage|p1a: Corviknight|78/100
|move|p1a: Corviknight|U-turn|p2a: Great Tusk
|-resisted|p2a: Great Tusk
|-damage|p2a: Great Tusk|41/100 tox
|
|t:|1760719223
|switch|p1a: Alomomola|Alomomola, M|49/100|[from] U-turn
|
|-damage|p2a: Great Tusk|23/100 tox|[from] psn
|upkeep
|turn|49
|
|t:|1760719230
|switch|p1a: Corviknight|Corviknight, M|78/100
|-ability|p1a: Corviknight|Pressure
|move|p2a: Great Tusk|Close Combat|p1a: Corviknight
|-damage|p1a: Corviknight|39/100
|-unboost|p2a: Great Tusk|def|1
|-unboost|p2a: Great Tusk|spd|1
|-damage|p2a: Great Tusk|6/100 tox|[from] item: Rocky Helmet|[of] p1a: Corviknight
|
|-damage|p2a: Great Tusk|0 fnt|[from] psn
|faint|p2a: Great Tusk
|-end|p2a: Great Tusk|Protosynthesis|[silent]
|upkeep
|
|t:|1760719241
|switch|p2a: Garganacl|Garganacl, F|36/100
|turn|50
|
|t:|1760719249
|move|p1a: Corviknight|U-turn|p2a: Garganacl
|-damage|p2a: Garganacl|26/100
|
|t:|1760719254
|switch|p1a: Gliscor|Gliscor, F|63/100 tox|[from] U-turn
|move|p2a: Garganacl|Stealth Rock|p1a: Gliscor
|-sidestart|p1: v4lentin_harvey|move: Stealth Rock
|
|-heal|p1a: Gliscor|76/100 tox|[from] ability: Poison Heal
|upkeep
|turn|51
|
|t:|1760719264
|switch|p1a: Alomomola|Alomomola, M|82/100
|switch|p2a: Ribombee|Ribombee, F|70/100
|
|upkeep
|turn|52
|
|t:|1760719269
|move|p2a: Ribombee|Sticky Web|p1a: Alomomola
|-sidestart|p1: v4lentin_harvey|move: Sticky Web
|move|p1a: Alomomola|Wish|p1a: Alomomola
|
|upkeep
|turn|53
|
|t:|1760719273
|move|p2a: Ribombee|Quiver Dance|p2a: Ribombee
|-boost|p2a: Ribombee|spa|1
|-boost|p2a: Ribombee|spd|1
|-boost|p2a: Ribombee|spe|1
|move|p1a: Alomomola|Flip Turn|p2a: Ribombee
|-damage|p2a: Ribombee|39/100
|
|t:|1760719282
|switch|p1a: Ditto|Ditto|38/100|[from] Flip Turn
|-damage|p1a: Ditto|25/100|[from] Stealth Rock
|-activate|p1a: Ditto|move: Sticky Web
|-unboost|p1a: Ditto|spe|1
|-transform|p1a: Ditto|p2a: Ribombee|[from] ability: Imposter
|
|-heal|p1a: Ditto|100/100|[from] move: Wish|[wisher] Alomomola
|upkeep
|turn|54
|
|t:|1760719293
|move|p1a: Ditto|Moonblast|p2a: Ribombee
|-damage|p2a: Ribombee|0 fnt
|faint|p2a: Ribombee
|
|upkeep
|
|t:|1760719294
|switch|p2a: Garganacl|Garganacl, F|26/100
|turn|55
|c|☆v4lentin_harvey|gg
|
|t:|1760719298
|move|p1a: Ditto|Moonblast|p2a: Garganacl
|-damage|p2a: Garganacl|0 fnt
|faint|p2a: Garganacl
|
|win|v4lentin_harvey
|raw|v4lentin_harvey's rating: 1330 &rarr; <strong>1349</strong><br />(+19 for winning)
|raw|Blast94's rating: 1320 &rarr; <strong>1301</strong><br />(-19 for losing)
|l|☆Blast94
|player|p2|
