|j|☆geeknaut
|j|☆Ibeatshofu
|t:|1760850695
|gametype|singles
|player|p1|geeknaut|schoolkid-gen4|1219
|player|p2|Ibeatshofu|101|1216
|gen|9
|tier|[Gen 9] OU
|rated|
|rule|HP Percentage Mod: HP is shown in percentages
|rule|Endless Battle Clause: Forcing endless battles is banned
|rule|Species Clause: Limit one of each Pokémon
|rule|OHKO Clause: OHKO moves are banned
|rule|Evasion Items Clause: Evasion items are banned
|rule|Evasion Moves Clause: Evasion moves are banned
|rule|Evasion Abilities Clause: Evasion abilities are banned
|rule|Sleep Moves Clause: Sleep-inducing moves are banned
|clearpoke
|poke|p1|Swampert, M|
|poke|p1|Corviknight, M|
|poke|p1|Jolteon, M|
|poke|p1|Gengar, M|
|poke|p1|Weavile, F|
|poke|p1|Dragonite, M|
|poke|p2|Gliscor, F|
|poke|p2|Enamorus, F|
|poke|p2|Kingambit, F|
|poke|p2|Walking Wake|
|poke|p2|Torkoal, F|
|poke|p2|Rillaboom, M|
|teampreview
|inactive|Battle timer is ON: inactive players will automatically lose when time's up. (requested by Ibeatshofu)
|inactive|geeknaut has 120 seconds left.
|
|t:|1760850740
|teamsize|p1|6
|teamsize|p2|6
|start
|switch|p1a: Weavile|Weavile, F|100/100
|switch|p2a: Torkoal|Torkoal, F, shiny|100/100
|-ability|p1a: Weavile|Pressure
|-weather|SunnyDay|[from] ability: Drought|[of] p2a: Torkoal
|turn|1
|
|t:|1760850765
|switch|p1a: Gengar|Gengar, M|100/100
|move|p2a: Torkoal|Stealth Rock|p1a: Gengar
|-sidestart|p1: geeknaut|move: Stealth Rock
|
|-weather|SunnyDay|[upkeep]
|upkeep
|turn|2
|
|t:|1760850789
|move|p1a: Gengar|Nasty Plot|p1a: Gengar
|-boost|p1a: Gengar|spa|2
|move|p2a: Torkoal|Flare Blitz|p1a: Gengar
|-enditem|p1a: Gengar|Focus Sash
|-damage|p1a: Gengar|1/100
|-damage|p2a: Torkoal|75/100|[from] Recoil
|
|-weather|SunnyDay|[upkeep]
|upkeep
|turn|3
|inactive|geeknaut has 120 seconds left.
|inactive|Ibeatshofu has 120 seconds left.
|
|t:|1760850813
|-terastallize|p1a: Gengar|Ghost
|move|p1a: Gengar|Shadow Ball|p2a: Torkoal
|-damage|p2a: Torkoal|0 fnt
|faint|p2a: Torkoal
|
|-weather|SunnyDay|[upkeep]
|upkeep
|inactive|Ibeatshofu has 120 seconds left.
|
|t:|1760850822
|switch|p2a: Kingambit|Kingambit, F, shiny|100/100
|-activate|p2a: Kingambit|ability: Supreme Overlord
|-start|p2a: Kingambit|fallen1|[silent]
|turn|4
|inactive|geeknaut has 120 seconds left.
|
|t:|1760850845
|switch|p1a: Swampert|Swampert, M|100/100
|-damage|p1a: Swampert|94/100|[from] Stealth Rock
|move|p2a: Kingambit|Sucker Punch||[still]
|-fail|p2a: Kingambit
|
|-weather|SunnyDay|[upkeep]
|-heal|p1a: Swampert|100/100|[from] item: Leftovers
|upkeep
|turn|5
|
|t:|1760850855
|-end|p2a: Kingambit|fallen1|[silent]
|switch|p2a: Rillaboom|Rillaboom, M, shiny|100/100
|-fieldstart|move: Grassy Terrain|[from] ability: Grassy Surge|[of] p2a: Rillaboom
|move|p1a: Swampert|Stealth Rock|p2a: Rillaboom
|-sidestart|p2: Ibeatshofu|move: Stealth Rock
|
|-weather|SunnyDay|[upkeep]
|upkeep
|turn|6
|inactive|geeknaut has 120 seconds left.
|
|t:|1760850867
|switch|p1a: Corviknight|Corviknight, M|100/100
|-damage|p1a: Corviknight|88/100|[from] Stealth Rock
|move|p2a: Rillaboom|Fake Out|p1a: Corviknight
|-resisted|p1a: Corviknight
|-damage|p1a: Corviknight|83/100
|-damage|p2a: Rillaboom|84/100|[from] item: Rocky Helmet|[of] p1a: Corviknight
|-damage|p2a: Rillaboom|74/100|[from] item: Life Orb
|
|-weather|SunnyDay|[upkeep]
|-heal|p2a: Rillaboom|80/100|[from] Grassy Terrain
|upkeep
|turn|7
|
|t:|1760850877
|move|p2a: Rillaboom|Bulk Up|p2a: Rillaboom
|-boost|p2a: Rillaboom|atk|1
|-boost|p2a: Rillaboom|def|1
|move|p1a: Corviknight|Defog|p2a: Rillaboom
|-unboost|p2a: Rillaboom|evasion|1
|-sideend|p2: Ibeatshofu|Stealth Rock|[from] move: Defog|[of] p1a: Corviknight
|-sideend|p1: geeknaut|Stealth Rock|[from] move: Defog|[of] p1a: Corviknight
|-fieldend|move: Grassy Terrain
|
|-weather|SunnyDay|[upkeep]
|upkeep
|turn|8
|
|t:|1760850882
|move|p2a: Rillaboom|Bulk Up|p2a: Rillaboom
|-boost|p2a: Rillaboom|atk|1
|-boost|p2a: Rillaboom|def|1
|move|p1a: Corviknight|Brave Bird|p2a: Rillaboom
|-supereffective|p2a: Rillaboom
|-damage|p2a: Rillaboom|40/100
|-damage|p1a: Corviknight|71/100|[from] Recoil
|
|-weather|none
|upkeep
|turn|9
|
|t:|1760850897
|move|p2a: Rillaboom|Drain Punch|p1a: Corviknight
|-damage|p1a: Corviknight|34/100
|-heal|p2a: Rillaboom|62/100|[from] drain|[of] p1a: Corviknight
|-damage|p2a: Rillaboom|45/100|[from] item: Rocky Helmet|[of] p1a: Corviknight
|-damage|p2a: Rillaboom|35/100|[from] item: Life Orb
|move|p1a: Corviknight|Brave Bird|p2a: Rillaboom
|-supereffective|p2a: Rillaboom
|-damage|p2a: Rillaboom|0 fnt
|faint|p2a: Rillaboom
|-damage|p1a: Corviknight|24/100|[from] Recoil
|
|upkeep
|
|t:|1760850921
|switch|p2a: Gliscor|Gliscor, F, shiny|100/100
|turn|10
|
|t:|1760850946
|switch|p1a: Gengar|Gengar, M, tera:Ghost|1/100
|move|p2a: Gliscor|Agility|p2a: Gliscor
|-boost|p2a: Gliscor|spe|2
|
|-status|p2a: Gliscor|tox|[from] item: Toxic Orb
|upkeep
|turn|11
|
|t:|1760850955
|move|p2a: Gliscor|Swords Dance|p2a: Gliscor
|-boost|p2a: Gliscor|atk|2
|move|p1a: Gengar|Encore|p2a: Gliscor
|-start|p2a: Gliscor|Encore
|
|upkeep
|turn|12
|
|t:|1760850979
|move|p2a: Gliscor|Swords Dance|p2a: Gliscor
|-boost|p2a: Gliscor|atk|2
|move|p1a: Gengar|Nasty Plot|p1a: Gengar
|-boost|p1a: Gengar|spa|2
|
|upkeep
|turn|13
|
|t:|1760850992
|move|p2a: Gliscor|Swords Dance|p2a: Gliscor
|-boost|p2a: Gliscor|atk|2
|move|p1a: Gengar|Shadow Ball|p2a: Gliscor
|-damage|p2a: Gliscor|0 fnt
|faint|p2a: Gliscor
|
|upkeep
|
|t:|1760850999
|switch|p2a: Walking Wake|Walking Wake|100/100
|-enditem|p2a: Walking Wake|Booster Energy
|-activate|p2a: Walking Wake|ability: Protosynthesis|[fromitem]
|-start|p2a: Walking Wake|protosynthesisspa
|turn|14
|inactive|geeknaut has 120 seconds left.
|
|t:|1760851025
|move|p1a: Gengar|Sludge Wave|p2a: Walking Wake
|-damage|p2a: Walking Wake|0 fnt
|faint|p2a: Walking Wake
|-end|p2a: Walking Wake|Protosynthesis|[silent]
|
|upkeep
|
|t:|1760851039
|switch|p2a: Enamorus|Enamorus, F, shiny|100/100
|turn|15
|
|t:|1760851044
|switch|p2a: Kingambit|Kingambit, F, shiny|100/100
|-activate|p2a: Kingambit|ability: Supreme Overlord
|-start|p2a: Kingambit|fallen4|[silent]
|move|p1a: Gengar|Sludge Wave|p2a: Kingambit
|-immune|p2a: Kingambit
|
|upkeep
|turn|16
|inactive|geeknaut has 120 seconds left.
|
|t:|1760851060
|switch|p1a: Swampert|Swampert, M|100/100
|move|p2a: Kingambit|Swords Dance|p2a: Kingambit
|-boost|p2a: Kingambit|atk|2
|
|upkeep
|turn|17
|
|t:|1760851071
|-terastallize|p2a: Kingambit|Dark
|move|p2a: Kingambit|Sucker Punch||[still]
|-fail|p2a: Kingambit
|move|p1a: Swampert|Roar|p2a: Kingambit
|-end|p2a: Kingambit|fallen4|[silent]
|drag|p2a: Enamorus|Enamorus, F, shiny|100/100
|
|upkeep
|turn|18
|
|t:|1760851087
|move|p2a: Enamorus|Springtide Storm|p1a: Swampert
|-damage|p1a: Swampert|61/100
|move|p1a: Swampert|Stealth Rock|p2a: Enamorus
|-sidestart|p2: Ibeatshofu|move: Stealth Rock
|
|-heal|p1a: Swampert|67/100|[from] item: Leftovers
|upkeep
|turn|19
|
|t:|1760851096
|move|p2a: Enamorus|Springtide Storm|p1a: Swampert
|-damage|p1a: Swampert|25/100
|-unboost|p1a: Swampert|atk|1
|move|p1a: Swampert|Flip Turn|p2a: Enamorus
|-damage|p2a: Enamorus|67/100
|
|t:|1760851112
|switch|p1a: Jolteon|Jolteon, M|100/100|[from] Flip Turn
|
|upkeep
|turn|20
|inactive|Ibeatshofu has 120 seconds left.
|
|t:|1760851144
|move|p1a: Jolteon|Thunderbolt|p2a: Enamorus
|-supereffective|p2a: Enamorus
|-damage|p2a: Enamorus|0 fnt
|faint|p2a: Enamorus
|
|upkeep
|inactive|Ibeatshofu has 120 seconds left.
|inactive|Ibeatshofu has 90 seconds left.
|l|☆Ibeatshofu
|inactive|Ibeatshofu disconnected and has a minute to reconnect!
|player|p2|
|j|☆Ibeatshofu
|inactive|Ibeatshofu reconnected and has 75 seconds left.
|player|p2|Ibeatshofu|101|
|
|t:|1760851202
|switch|p2a: Kingambit|Kingambit, F, shiny, tera:Dark|100/100
|-activate|p2a: Kingambit|ability: Supreme Overlord
|-start|p2a: Kingambit|fallen5|[silent]
|turn|21
|inactive|geeknaut has 120 seconds left.
|
|t:|1760851225
|move|p1a: Jolteon|Alluring Voice|p2a: Kingambit
|-supereffective|p2a: Kingambit
|-crit|p2a: Kingambit
|-damage|p2a: Kingambit|26/100
|move|p2a: Kingambit|Swords Dance|p2a: Kingambit
|-boost|p2a: Kingambit|atk|2
|
|upkeep
|turn|22
|inactive|geeknaut has 120 seconds left.
|
|t:|1760851238
|move|p1a: Jolteon|Alluring Voice|p2a: Kingambit
|-supereffective|p2a: Kingambit
|-damage|p2a: Kingambit|0 fnt
|faint|p2a: Kingambit
|-end|p2a: Kingambit|fallen5|[silent]
|
|win|geeknaut
|raw|geeknaut's rating: 1219 &rarr; <strong>1244</strong><br />(+25 for winning)
|raw|Ibeatshofu's rating: 1216 &rarr; <strong>1191</strong><br />(-25 for losing)
|l|☆Ibeatshofu
|player|p2|
|c|☆geeknaut|ggs
|l|☆geeknaut
|player|p1|
