|j|☆dia90
|j|☆Capitaine Tenace
|t:|1760823835
|gametype|singles
|player|p1|dia90|265|1514
|player|p2|Capitaine Tenace|2|1691
|gen|9
|tier|[Gen 9] OU
|rated|
|rule|HP Percentage Mod: HP is shown in percentages
|rule|Endless Battle Clause: Forcing endless battles is banned
|rule|Species Clause: Limit one of each Pokémon
|rule|OHKO Clause: OHKO moves are banned
|rule|Evasion Items Clause: Evasion items are banned
|rule|Evasion Moves Clause: Evasion moves are banned
|rule|Evasion Abilities Clause: Evasion abilities are banned
|rule|Sleep Moves Clause: Sleep-inducing moves are banned
|clearpoke
|poke|p1|Samurott-Hisui, M|
|poke|p1|Rillaboom, F|
|poke|p1|Gholdengo|
|poke|p1|Emboar, F|
|poke|p1|Dondozo, F|
|poke|p1|Iron Treads|
|poke|p2|Darkrai|
|poke|p2|Slowking-Galar, F|
|poke|p2|Kingambit, F|
|poke|p2|Great Tusk|
|poke|p2|Dragapult, M|
|poke|p2|Gholdengo|
|teampreview
|inactive|Battle timer is ON: inactive players will automatically lose when time's up. (requested by Capitaine Tenace)
|
|t:|1760823842
|teamsize|p1|6
|teamsize|p2|6
|start
|switch|p1a: Rillaboom|Rillaboom, F|100/100
|switch|p2a: Great Tusk|Great Tusk|100/100
|-fieldstart|move: Grassy Terrain|[from] ability: Grassy Surge|[of] p1a: Rillaboom
|turn|1
|
|t:|1760823851
|-terastallize|p2a: Great Tusk|Grass
|move|p2a: Great Tusk|Body Press|p1a: Rillaboom
|-damage|p1a: Rillaboom|62/100
|move|p1a: Rillaboom|Wood Hammer|p2a: Great Tusk
|-resisted|p2a: Great Tusk
|-crit|p2a: Great Tusk
|-damage|p2a: Great Tusk|70/100
|-damage|p1a: Rillaboom|51/100|[from] Recoil
|
|-heal|p2a: Great Tusk|76/100|[from] Grassy Terrain
|-heal|p2a: Great Tusk|83/100|[from] item: Leftovers
|-heal|p1a: Rillaboom|57/100|[from] Grassy Terrain
|upkeep
|turn|2
|
|t:|1760823863
|move|p2a: Great Tusk|Stealth Rock|p1a: Rillaboom
|-sidestart|p1: dia90|move: Stealth Rock
|move|p1a: Rillaboom|U-turn|p2a: Great Tusk
|-supereffective|p2a: Great Tusk
|-damage|p2a: Great Tusk|57/100
|
|t:|1760823867
|switch|p1a: Emboar|Emboar, F|100/100|[from] U-turn
|-damage|p1a: Emboar|88/100|[from] Stealth Rock
|
|-heal|p2a: Great Tusk|63/100|[from] Grassy Terrain
|-heal|p2a: Great Tusk|70/100|[from] item: Leftovers
|-heal|p1a: Emboar|94/100|[from] Grassy Terrain
|upkeep
|turn|3
|
|t:|1760823893
|-end|p2a: Great Tusk|Protosynthesis|[silent]
|switch|p2a: Dragapult|Dragapult, M|100/100
|move|p1a: Emboar|Bulk Up|p1a: Emboar
|-boost|p1a: Emboar|atk|1
|-boost|p1a: Emboar|def|1
|
|-heal|p1a: Emboar|99/100|[from] Grassy Terrain
|upkeep
|turn|4
|
|t:|1760823901
|move|p1a: Emboar|Sucker Punch|p2a: Dragapult
|-supereffective|p2a: Dragapult
|-crit|p2a: Dragapult
|-damage|p2a: Dragapult|0 fnt
|faint|p2a: Dragapult
|-damage|p1a: Emboar|90/100|[from] item: Life Orb
|
|-heal|p1a: Emboar|96/100|[from] Grassy Terrain
|upkeep
|
|t:|1760823909
|switch|p2a: Gholdengo|Gholdengo|100/100
|turn|5
|
|t:|1760823912
|move|p2a: Gholdengo|Trick|p1a: Emboar
|-activate|p2a: Gholdengo|move: Trick|[of] p1a: Emboar
|-item|p1a: Emboar|Choice Scarf|[from] move: Trick
|-item|p2a: Gholdengo|Life Orb|[from] move: Trick
|move|p1a: Emboar|Flare Blitz|p2a: Gholdengo
|-supereffective|p2a: Gholdengo
|-damage|p2a: Gholdengo|0 fnt
|faint|p2a: Gholdengo
|-damage|p1a: Emboar|68/100|[from] Recoil
|
|-heal|p1a: Emboar|74/100|[from] Grassy Terrain
|upkeep
|
|t:|1760823927
|switch|p2a: Great Tusk|Great Tusk, tera:Grass|70/100
|turn|6
|
|t:|1760823930
|move|p1a: Emboar|Flare Blitz|p2a: Great Tusk
|-supereffective|p2a: Great Tusk
|-damage|p2a: Great Tusk|0 fnt
|faint|p2a: Great Tusk
|-end|p2a: Great Tusk|Protosynthesis|[silent]
|-damage|p1a: Emboar|46/100|[from] Recoil
|
|-heal|p1a: Emboar|52/100|[from] Grassy Terrain
|upkeep
|c|☆Capitaine Tenace|i hate bots
|c|☆Capitaine Tenace|troll team and dumb play
|-message|Capitaine Tenace forfeited.
|
|win|dia90
|raw|dia90's rating: 1514 &rarr; <strong>1542</strong><br />(+28 for winning)
|raw|Capitaine Tenace's rating: 1667 &rarr; <strong>1639</strong><br />(-28 for losing)
|l|☆Capitaine Tenace
|player|p2|
|l|☆dia90
|player|p1|
