|j|☆SSSSSheng
|j|☆leosyspu
|t:|1760765819
|gametype|singles
|player|p1|SSSSSheng|101|1424
|player|p2|leosyspu|cynthia|1416
|gen|9
|tier|[Gen 9] OU
|rated|
|rule|HP Percentage Mod: HP is shown in percentages
|rule|Endless Battle Clause: Forcing endless battles is banned
|rule|Species Clause: Limit one of each Pokémon
|rule|OHKO Clause: OHKO moves are banned
|rule|Evasion Items Clause: Evasion items are banned
|rule|Evasion Moves Clause: Evasion moves are banned
|rule|Evasion Abilities Clause: Evasion abilities are banned
|rule|Sleep Moves Clause: Sleep-inducing moves are banned
|clearpoke
|poke|p1|Maushold-Four|
|poke|p1|Ninetales-Alola, M|
|poke|p1|Polteageist-Antique|
|poke|p1|Dragonite, F|
|poke|p1|Darkrai|
|poke|p1|Great Tusk|
|poke|p2|Gardevoir, F|
|poke|p2|Cinderace, M|
|poke|p2|Conkeldurr, M|
|poke|p2|Empoleon, F|
|poke|p2|Arcanine-Hisui, F|
|poke|p2|Dusclops, M|
|teampreview
|inactive|Battle timer is ON: inactive players will automatically lose when time's up. (requested by leosyspu)
|
|t:|1760765836
|teamsize|p1|6
|teamsize|p2|6
|start
|switch|p1a: Ninetales|Ninetales-Alola, M|100/100
|switch|p2a: Cinderace|Cinderace, M|100/100
|-weather|Snowscape|[from] ability: Snow Warning|[of] p1a: Ninetales
|turn|1
|
|t:|1760765844
|move|p2a: Cinderace|Pyro Ball|p1a: Ninetales
|-supereffective|p1a: Ninetales
|-damage|p1a: Ninetales|3/100
|move|p1a: Ninetales|Aurora Veil|p1a: Ninetales
|-sidestart|p1: SSSSSheng|move: Aurora Veil
|
|-weather|Snowscape|[upkeep]
|upkeep
|turn|2
|
|t:|1760765850
|switch|p1a: Dragonite|Dragonite, F|100/100
|move|p2a: Cinderace|Court Change|p2a: Cinderace
|-start|p2a: Cinderace|typechange|Normal|[from] ability: Libero
|-swapsideconditions
|-activate|p2a: Cinderace|move: Court Change
|
|-weather|Snowscape|[upkeep]
|upkeep
|turn|3
|
|t:|1760765858
|move|p2a: Cinderace|U-turn|p1a: Dragonite
|-resisted|p1a: Dragonite
|-damage|p1a: Dragonite|95/100
|
|t:|1760765868
|switch|p2a: Conkeldurr|Conkeldurr, M|100/100|[from] U-turn
|move|p1a: Dragonite|Dragon Dance|p1a: Dragonite
|-boost|p1a: Dragonite|atk|1
|-boost|p1a: Dragonite|spe|1
|
|-weather|Snowscape|[upkeep]
|-status|p2a: Conkeldurr|brn|[from] item: Flame Orb
|upkeep
|turn|4
|
|t:|1760765878
|move|p1a: Dragonite|Earthquake|p2a: Conkeldurr
|-damage|p2a: Conkeldurr|74/100 brn
|move|p2a: Conkeldurr|Ice Punch|p1a: Dragonite
|-supereffective|p1a: Dragonite
|-damage|p1a: Dragonite|0 fnt
|faint|p1a: Dragonite
|
|-weather|Snowscape|[upkeep]
|-damage|p2a: Conkeldurr|68/100 brn|[from] brn
|upkeep
|
|t:|1760765888
|switch|p1a: Ninetales|Ninetales-Alola, M|3/100
|turn|5
|
|t:|1760765891
|move|p2a: Conkeldurr|Mach Punch|p1a: Ninetales
|-damage|p1a: Ninetales|0 fnt
|faint|p1a: Ninetales
|
|-weather|none
|-damage|p2a: Conkeldurr|62/100 brn|[from] brn
|upkeep
|
|t:|1760765895
|switch|p1a: Polteageist|Polteageist-Antique|100/100
|turn|6
|
|t:|1760765900
|move|p1a: Polteageist|Shell Smash|p1a: Polteageist
|-unboost|p1a: Polteageist|def|1
|-unboost|p1a: Polteageist|spd|1
|-boost|p1a: Polteageist|atk|2
|-boost|p1a: Polteageist|spa|2
|-boost|p1a: Polteageist|spe|2
|move|p2a: Conkeldurr|Knock Off|p1a: Polteageist
|-supereffective|p1a: Polteageist
|-crit|p1a: Polteageist
|-enditem|p1a: Polteageist|Focus Sash
|-damage|p1a: Polteageist|1/100
|-ability|p1a: Polteageist|Weak Armor|boost
|-unboost|p1a: Polteageist|def|1
|-boost|p1a: Polteageist|spe|2
|
|-damage|p2a: Conkeldurr|56/100 brn|[from] brn
|upkeep
|turn|7
|
|t:|1760765915
|move|p1a: Polteageist|Stored Power|p2a: Conkeldurr
|-supereffective|p2a: Conkeldurr
|-damage|p2a: Conkeldurr|0 fnt
|faint|p2a: Conkeldurr
|
|upkeep
|
|t:|1760765926
|switch|p2a: Empoleon|Empoleon, F|100/100
|turn|8
|
|t:|1760765929
|move|p1a: Polteageist|Strength Sap|p2a: Empoleon
|-unboost|p2a: Empoleon|atk|1
|-ability|p2a: Empoleon|Competitive|boost
|-boost|p2a: Empoleon|spa|2
|-heal|p1a: Polteageist|62/100
|move|p2a: Empoleon|Ice Beam|p1a: Polteageist
|-damage|p1a: Polteageist|0 fnt
|faint|p1a: Polteageist
|
|-sideend|p2: leosyspu|move: Aurora Veil
|upkeep
|
|t:|1760765935
|switch|p1a: Darkrai|Darkrai|100/100
|turn|9
|
|t:|1760765948
|move|p1a: Darkrai|Dark Pulse|p2a: Empoleon
|-damage|p2a: Empoleon|69/100
|move|p2a: Empoleon|Stealth Rock|p1a: Darkrai
|-sidestart|p1: SSSSSheng|move: Stealth Rock
|
|upkeep
|turn|10
|
|t:|1760765956
|move|p1a: Darkrai|Dark Pulse|p2a: Empoleon
|-damage|p2a: Empoleon|37/100
|cant|p2a: Empoleon|flinch
|
|upkeep
|turn|11
|
|t:|1760765961
|move|p1a: Darkrai|Dark Pulse|p2a: Empoleon
|-crit|p2a: Empoleon
|-damage|p2a: Empoleon|0 fnt
|faint|p2a: Empoleon
|
|upkeep
|
|t:|1760765972
|switch|p2a: Cinderace|Cinderace, M|100/100
|turn|12
|
|t:|1760765978
|move|p1a: Darkrai|Dark Pulse|p2a: Cinderace
|-damage|p2a: Cinderace|41/100
|cant|p2a: Cinderace|flinch
|
|upkeep
|turn|13
|
|t:|1760765999
|move|p2a: Cinderace|Sucker Punch|p1a: Darkrai
|-start|p2a: Cinderace|typechange|Dark|[from] ability: Libero
|-resisted|p1a: Darkrai
|-damage|p1a: Darkrai|76/100
|move|p1a: Darkrai|Dark Pulse|p2a: Cinderace
|-resisted|p2a: Cinderace
|-damage|p2a: Cinderace|9/100
|
|upkeep
|turn|14
|inactive|SSSSSheng has 120 seconds left.
|
|t:|1760766021
|move|p2a: Cinderace|Sucker Punch|p1a: Darkrai
|-resisted|p1a: Darkrai
|-damage|p1a: Darkrai|54/100
|move|p1a: Darkrai|Dark Pulse|p2a: Cinderace
|-resisted|p2a: Cinderace
|-damage|p2a: Cinderace|0 fnt
|faint|p2a: Cinderace
|
|upkeep
|
|t:|1760766030
|switch|p2a: Arcanine|Arcanine-Hisui, F|100/100
|turn|15
|
|t:|1760766041
|move|p2a: Arcanine|Extreme Speed|p1a: Darkrai
|-damage|p1a: Darkrai|0 fnt
|faint|p1a: Darkrai
|
|upkeep
|
|t:|1760766045
|switch|p1a: Great Tusk|Great Tusk|100/100
|-damage|p1a: Great Tusk|98/100|[from] Stealth Rock
|-enditem|p1a: Great Tusk|Booster Energy
|-activate|p1a: Great Tusk|ability: Protosynthesis|[fromitem]
|-start|p1a: Great Tusk|protosynthesisatk
|turn|16
|
|t:|1760766052
|switch|p2a: 消音器|Dusclops, M|100/100
|move|p1a: Great Tusk|Rapid Spin|p2a: 消音器
|-immune|p2a: 消音器
|
|upkeep
|turn|17
|
|t:|1760766058
|-terastallize|p1a: Great Tusk|Fire
|move|p1a: Great Tusk|Bulk Up|p1a: Great Tusk
|-boost|p1a: Great Tusk|atk|1
|-boost|p1a: Great Tusk|def|1
|move|p2a: 消音器|Will-O-Wisp|p1a: Great Tusk
|-immune|p1a: Great Tusk
|
|upkeep
|turn|18
|j| Narwhale37
|
|t:|1760766067
|move|p1a: Great Tusk|Bulk Up|p1a: Great Tusk
|-boost|p1a: Great Tusk|atk|1
|-boost|p1a: Great Tusk|def|1
|move|p2a: 消音器|Curse|p1a: Great Tusk
|-start|p1a: Great Tusk|Curse|[of] p2a: 消音器
|-damage|p2a: 消音器|50/100
|
|-damage|p1a: Great Tusk|73/100|[from] Curse
|upkeep
|turn|19
|
|t:|1760766077
|move|p1a: Great Tusk|Earthquake|p2a: 消音器
|-damage|p2a: 消音器|0 fnt
|faint|p2a: 消音器
|
|-damage|p1a: Great Tusk|48/100|[from] Curse
|upkeep
|
|t:|1760766087
|switch|p2a: 老婆|Gardevoir, F|100/100
|turn|20
|
|t:|1760766091
|move|p2a: 老婆|Psychic|p1a: Great Tusk
|-damage|p1a: Great Tusk|0 fnt
|faint|p1a: Great Tusk
|-end|p1a: Great Tusk|Protosynthesis|[silent]
|
|upkeep
|
|t:|1760766092
|switch|p1a: Maushold|Maushold-Four|100/100
|-ability|p2a: 老婆|Technician|Trace|[from] ability: Trace|[of] p1a: Maushold
|-damage|p1a: Maushold|88/100|[from] Stealth Rock
|turn|21
|
|t:|1760766101
|move|p2a: 老婆|Psychic|p1a: Maushold
|-damage|p1a: Maushold|12/100
|move|p1a: Maushold|Tidy Up|p1a: Maushold
|-sideend|p1: SSSSSheng|Stealth Rock
|-activate|p1a: Maushold|move: Tidy Up
|-boost|p1a: Maushold|atk|1
|-boost|p1a: Maushold|spe|1
|
|upkeep
|turn|22
|
|t:|1760766108
|move|p1a: Maushold|Population Bomb|p2a: 老婆
|-damage|p2a: 老婆|73/100
|-damage|p2a: 老婆|45/100
|-damage|p2a: 老婆|15/100
|-damage|p2a: 老婆|0 fnt
|faint|p2a: 老婆
|-hitcount|p2: 老婆|4
|
|upkeep
|
|t:|1760766117
|switch|p2a: Arcanine|Arcanine-Hisui, F|100/100
|turn|23
|
|t:|1760766122
|-terastallize|p2a: Arcanine|Normal
|move|p2a: Arcanine|Extreme Speed|p1a: Maushold
|-damage|p1a: Maushold|0 fnt
|faint|p1a: Maushold
|
|win|leosyspu
|raw|SSSSSheng's rating: 1424 &rarr; <strong>1404</strong><br />(-20 for losing)
|raw|leosyspu's rating: 1416 &rarr; <strong>1436</strong><br />(+20 for winning)
|l|☆SSSSSheng
|player|p1|
|l|☆leosyspu
|player|p2|
|l| Narwhale37
