|j|☆go b3yond
|j|‽XIXINANA
|t:|1760719346
|gametype|singles
|player|p1|go b3yond|waiter-gen4dp|1434
|player|p2|XIXINANA|nate|1409
|gen|9
|tier|[Gen 9] OU
|rated|
|rule|HP Percentage Mod: HP is shown in percentages
|rule|Endless Battle Clause: Forcing endless battles is banned
|rule|Species Clause: Limit one of each Pokémon
|rule|OHKO Clause: OHKO moves are banned
|rule|Evasion Items Clause: Evasion items are banned
|rule|Evasion Moves Clause: Evasion moves are banned
|rule|Evasion Abilities Clause: Evasion abilities are banned
|rule|Sleep Moves Clause: Sleep-inducing moves are banned
|clearpoke
|poke|p1|Ogerpon-Cornerstone, F|
|poke|p1|Araquanid, M|
|poke|p1|Kingambit, M|
|poke|p1|Great Tusk|
|poke|p1|Gholdengo|
|poke|p1|Dragonite, M|
|poke|p2|Lycanroc-Midnight, M|
|poke|p2|Zoroark-Hisui, F|
|poke|p2|Greninja-*, M|
|poke|p2|Kleavor, M|
|poke|p2|Iron Hands|
|poke|p2|Regidrago|
|teampreview
|inactive|Battle timer is ON: inactive players will automatically lose when time's up. (requested by XIXINANA)
|
|t:|1760719377
|teamsize|p1|6
|teamsize|p2|6
|start
|switch|p1a: Spring Autumn|Araquanid, M|100/100
|switch|p2a: Kleavor|Kleavor, M|100/100
|turn|1
|
|t:|1760719390
|move|p1a: Spring Autumn|Endure|p1a: Spring Autumn
|-singleturn|p1a: Spring Autumn|move: Endure
|move|p2a: Kleavor|Stone Axe|p1a: Spring Autumn
|-supereffective|p1a: Spring Autumn
|-activate|p1a: Spring Autumn|move: Endure
|-damage|p1a: Spring Autumn|1/100
|-sidestart|p1: go b3yond|move: Stealth Rock
|
|upkeep
|turn|2
|inactive|XIXINANA has 120 seconds left.
|-enditem|p1a: Spring Autumn|Custap Berry|[eat]
|-activate|p1a: Spring Autumn|item: Custap Berry|[consumed]
|
|t:|1760719425
|switch|p2a: Iron Hands|Iron Hands|100/100
|move|p1a: Spring Autumn|Sticky Web|p2a: Iron Hands
|-sidestart|p2: XIXINANA|move: Sticky Web
|
|upkeep
|turn|3
|inactive|XIXINANA has 120 seconds left.
|inactive|go b3yond has 120 seconds left.
|inactive|go b3yond has 90 seconds left.
|
|t:|1760719494
|move|p2a: Iron Hands|Bitter Malice|p1a: Spring Autumn
|-damage|p1a: Spring Autumn|0 fnt
|faint|p1a: Spring Autumn
|
|upkeep
|
|t:|1760719503
|switch|p1a: Fang Yuan|Kingambit, M|100/100
|-damage|p1a: Fang Yuan|94/100|[from] Stealth Rock
|-activate|p1a: Fang Yuan|ability: Supreme Overlord
|-start|p1a: Fang Yuan|fallen1|[silent]
|-item|p1a: Fang Yuan|Air Balloon
|turn|4
|inactive|go b3yond has 90 seconds left.
|
|t:|1760719509
|switch|p2a: Iron Hands|Iron Hands|100/100
|-activate|p2a: Iron Hands|move: Sticky Web
|-unboost|p2a: Iron Hands|spe|1
|move|p1a: Fang Yuan|Sucker Punch||[still]
|-fail|p1a: Fang Yuan
|
|upkeep
|turn|5
|
|t:|1760719517
|-end|p1a: Fang Yuan|fallen1|[silent]
|switch|p1a: Ren Zu|Great Tusk|100/100
|-damage|p1a: Ren Zu|98/100|[from] Stealth Rock
|-enditem|p1a: Ren Zu|Booster Energy
|-activate|p1a: Ren Zu|ability: Protosynthesis|[fromitem]
|-start|p1a: Ren Zu|protosynthesisatk
|move|p2a: Iron Hands|Fake Out|p1a: Ren Zu
|-damage|p1a: Ren Zu|86/100
|
|upkeep
|turn|6
|
|t:|1760719522
|-end|p2a: Iron Hands|Quark Drive|[silent]
|switch|p2a: Iron Hands|Iron Hands|100/100
|-activate|p2a: Iron Hands|move: Sticky Web
|-unboost|p2a: Iron Hands|spe|1
|move|p1a: Ren Zu|Rapid Spin|p2a: Iron Hands
|-immune|p2a: Iron Hands
|
|upkeep
|turn|7
|
|t:|1760719527
|move|p1a: Ren Zu|Knock Off|p2a: Iron Hands
|-supereffective|p2a: Iron Hands
|-damage|p2a: Iron Hands|0 fnt
|replace|p2a: Zoroark|Zoroark-Hisui, F
|-end|p2a: Zoroark|Illusion
|-enditem|p2a: Zoroark|Choice Specs|[from] move: Knock Off|[of] p1a: Ren Zu
|faint|p2a: Zoroark
|
|upkeep
|
|t:|1760719545
|switch|p2a: Lycanroc|Lycanroc-Midnight, M|100/100
|-activate|p2a: Lycanroc|move: Sticky Web
|-unboost|p2a: Lycanroc|spe|1
|turn|8
|inactive|go b3yond has 120 seconds left.
|-message|XIXINANA forfeited.
|
|win|go b3yond
|raw|go b3yond's rating: 1434 &rarr; <strong>1453</strong><br />(+19 for winning)
|raw|XIXINANA's rating: 1409 &rarr; <strong>1390</strong><br />(-19 for losing)
|l|‽XIXINANA
|player|p2|
|l|☆go b3yond
|player|p1|
