|j|☆yobluntsoskimpy
|j|☆alexis77350
|t:|1760875538
|gametype|singles
|player|p1|yobluntsoskimpy|rancher|1278
|player|p2|alexis77350|265|1223
|gen|9
|tier|[Gen 9] OU
|rated|
|rule|HP Percentage Mod: HP is shown in percentages
|rule|Endless Battle Clause: Forcing endless battles is banned
|rule|Species Clause: Limit one of each Pokémon
|rule|OHKO Clause: OHKO moves are banned
|rule|Evasion Items Clause: Evasion items are banned
|rule|Evasion Moves Clause: Evasion moves are banned
|rule|Evasion Abilities Clause: Evasion abilities are banned
|rule|Sleep Moves Clause: Sleep-inducing moves are banned
|clearpoke
|poke|p1|Empoleon, M|
|poke|p1|Cinderace, F|
|poke|p1|Vikavolt, F|
|poke|p1|Hatterene, F|
|poke|p1|Sinistcha|
|poke|p1|Hoopa-Unbound|
|poke|p2|Dragapult, M|
|poke|p2|Great Tusk|
|poke|p2|Kingambit, F|
|poke|p2|Alomomola, M|
|poke|p2|Slowking-Galar, F|
|poke|p2|Blaziken, M|
|teampreview
|inactive|Battle timer is ON: inactive players will automatically lose when time's up. (requested by yobluntsoskimpy)
|
|t:|1760875552
|teamsize|p1|6
|teamsize|p2|6
|start
|switch|p1a: Vikavolt|Vikavolt, F|100/100
|switch|p2a: Great Tusk|Great Tusk|100/100
|-enditem|p2a: Great Tusk|Booster Energy
|-activate|p2a: Great Tusk|ability: Protosynthesis|[fromitem]
|-start|p2a: Great Tusk|protosynthesisatk
|turn|1
|j| T1CKLEWISH
|
|t:|1760875561
|move|p2a: Great Tusk|Ice Spinner|p1a: Vikavolt
|-damage|p1a: Vikavolt|70/100
|move|p1a: Vikavolt|Energy Ball|p2a: Great Tusk
|-supereffective|p2a: Great Tusk
|-damage|p2a: Great Tusk|6/100
|
|-heal|p1a: Vikavolt|76/100|[from] item: Leftovers
|upkeep
|turn|2
|
|t:|1760875567
|move|p2a: Great Tusk|Stealth Rock|p1a: Vikavolt
|-sidestart|p1: yobluntsoskimpy|move: Stealth Rock
|move|p1a: Vikavolt|Sticky Web|p2a: Great Tusk
|-sidestart|p2: alexis77350|move: Sticky Web
|
|-heal|p1a: Vikavolt|82/100|[from] item: Leftovers
|upkeep
|turn|3
|
|t:|1760875570
|switch|p1a: Sinistcha|Sinistcha|100/100
|-damage|p1a: Sinistcha|88/100|[from] Stealth Rock
|move|p2a: Great Tusk|Rapid Spin|p1a: Sinistcha
|-immune|p1a: Sinistcha
|
|-heal|p1a: Sinistcha|94/100|[from] item: Leftovers
|upkeep
|turn|4
|
|t:|1760875592
|-end|p2a: Great Tusk|Protosynthesis|[silent]
|switch|p2a: Kingambit|Kingambit, F|100/100
|-activate|p2a: Kingambit|move: Sticky Web
|-unboost|p2a: Kingambit|spe|1
|move|p1a: Sinistcha|Strength Sap|p2a: Kingambit
|-unboost|p2a: Kingambit|atk|1
|-heal|p1a: Sinistcha|100/100
|
|upkeep
|turn|5
|l| T1CKLEWISH
|
|t:|1760875608
|switch|p1a: Cinderace|Cinderace, F|100/100
|-end|p2a: Kingambit|fallenundefined|[silent]
|switch|p2a: Blaziken|Blaziken, M|100/100
|-activate|p2a: Blaziken|move: Sticky Web
|-unboost|p2a: Blaziken|spe|1
|
|upkeep
|turn|6
|
|t:|1760875614
|move|p1a: Cinderace|Court Change|p1a: Cinderace
|-start|p1a: Cinderace|typechange|Normal|[from] ability: Libero
|-swapsideconditions
|-activate|p1a: Cinderace|move: Court Change
|move|p2a: Blaziken|Swords Dance|p2a: Blaziken
|-boost|p2a: Blaziken|atk|2
|
|-ability|p2a: Blaziken|Speed Boost|boost
|-boost|p2a: Blaziken|spe|1
|upkeep
|turn|7
|
|t:|1760875628
|move|p2a: Blaziken|Protect|p2a: Blaziken
|-singleturn|p2a: Blaziken|Protect
|move|p1a: Cinderace|Pyro Ball|p2a: Blaziken
|-activate|p2a: Blaziken|move: Protect
|
|-ability|p2a: Blaziken|Speed Boost|boost
|-boost|p2a: Blaziken|spe|1
|upkeep
|turn|8
|
|t:|1760875631
|move|p2a: Blaziken|Close Combat|p1a: Cinderace
|-supereffective|p1a: Cinderace
|-damage|p1a: Cinderace|0 fnt
|-unboost|p2a: Blaziken|def|1
|-unboost|p2a: Blaziken|spd|1
|faint|p1a: Cinderace
|-damage|p2a: Blaziken|91/100|[from] item: Life Orb
|
|-ability|p2a: Blaziken|Speed Boost|boost
|-boost|p2a: Blaziken|spe|1
|upkeep
|
|t:|1760875640
|switch|p1a: Hatterene|Hatterene, F|100/100
|-activate|p1a: Hatterene|move: Sticky Web
|-unboost|p1a: Hatterene|spe|1
|turn|9
|
|t:|1760875643
|move|p2a: Blaziken|Flare Blitz|p1a: Hatterene
|-enditem|p1a: Hatterene|Focus Sash
|-damage|p1a: Hatterene|1/100
|-damage|p2a: Blaziken|56/100|[from] Recoil
|-damage|p2a: Blaziken|46/100|[from] item: Life Orb
|move|p1a: Hatterene|Trick Room|p1a: Hatterene
|-fieldstart|move: Trick Room|[of] p1a: Hatterene
|
|-ability|p2a: Blaziken|Speed Boost|boost
|-boost|p2a: Blaziken|spe|1
|upkeep
|turn|10
|
|t:|1760875650
|move|p2a: Blaziken|Protect|p2a: Blaziken
|-singleturn|p2a: Blaziken|Protect
|move|p1a: Hatterene|Misty Explosion|p2a: Blaziken
|-activate|p2a: Blaziken|move: Protect
|faint|p1a: Hatterene
|
|-ability|p2a: Blaziken|Speed Boost|boost
|-boost|p2a: Blaziken|spe|1
|upkeep
|
|t:|1760875653
|switch|p1a: Empoleon|Empoleon, M, shiny|100/100
|-activate|p1a: Empoleon|move: Sticky Web
|-unboost|p1a: Empoleon|spe|1
|-ability|p1a: Empoleon|Competitive|boost
|-boost|p1a: Empoleon|spa|2
|turn|11
|
|t:|1760875657
|move|p1a: Empoleon|Surf|p2a: Blaziken
|-supereffective|p2a: Blaziken
|-damage|p2a: Blaziken|0 fnt
|faint|p2a: Blaziken
|
|upkeep
|
|t:|1760875661
|switch|p2a: Slowking|Slowking-Galar, F|100/100
|turn|12
|
|t:|1760875665
|move|p1a: Empoleon|Surf|p2a: Slowking
|-damage|p2a: Slowking|50/100
|-prepare|p2a: Slowking|Chilly Reception|[premajor]
|move|p2a: Slowking|Chilly Reception|p2a: Slowking
|-weather|Snowscape
|
|t:|1760875671
|switch|p2a: Great Tusk|Great Tusk|6/100|[from] Chilly Reception
|-damage|p2a: Great Tusk|3/100|[from] Stealth Rock
|
|-weather|Snowscape|[upkeep]
|upkeep
|turn|13
|
|t:|1760875676
|move|p1a: Empoleon|Surf|p2a: Great Tusk
|-supereffective|p2a: Great Tusk
|-damage|p2a: Great Tusk|0 fnt
|faint|p2a: Great Tusk
|-end|p2a: Great Tusk|Protosynthesis|[silent]
|
|-weather|Snowscape|[upkeep]
|-fieldend|move: Trick Room
|upkeep
|
|t:|1760875697
|switch|p2a: Dragapult|Dragapult, M|100/100
|-damage|p2a: Dragapult|88/100|[from] Stealth Rock
|turn|14
|
|t:|1760875700
|move|p2a: Dragapult|Thunder|p1a: Empoleon
|-supereffective|p1a: Empoleon
|-damage|p1a: Empoleon|38/100
|move|p1a: Empoleon|Ice Beam|p2a: Dragapult
|-supereffective|p2a: Dragapult
|-damage|p2a: Dragapult|0 fnt
|faint|p2a: Dragapult
|
|-weather|Snowscape|[upkeep]
|upkeep
|
|t:|1760875705
|switch|p2a: Kingambit|Kingambit, F|100/100
|-damage|p2a: Kingambit|94/100|[from] Stealth Rock
|-activate|p2a: Kingambit|ability: Supreme Overlord
|-start|p2a: Kingambit|fallen3|[silent]
|turn|15
|
|t:|1760875710
|move|p2a: Kingambit|Kowtow Cleave|p1a: Empoleon
|-damage|p1a: Empoleon|0 fnt
|faint|p1a: Empoleon
|
|-weather|Snowscape|[upkeep]
|-heal|p2a: Kingambit|100/100|[from] item: Leftovers
|upkeep
|
|t:|1760875719
|switch|p1a: Sinistcha|Sinistcha|100/100
|-activate|p1a: Sinistcha|move: Sticky Web
|-unboost|p1a: Sinistcha|spe|1
|turn|16
|
|t:|1760875724
|-terastallize|p1a: Sinistcha|Poison
|move|p2a: Kingambit|Swords Dance|p2a: Kingambit
|-boost|p2a: Kingambit|atk|2
|move|p1a: Sinistcha|Trick Room|p1a: Sinistcha
|-fieldstart|move: Trick Room|[of] p1a: Sinistcha
|
|-weather|none
|upkeep
|turn|17
|
|t:|1760875732
|move|p1a: Sinistcha|Matcha Gotcha|p2a: Kingambit
|-resisted|p2a: Kingambit
|-damage|p2a: Kingambit|84/100
|move|p2a: Kingambit|Iron Head|p1a: Sinistcha
|-damage|p1a: Sinistcha|12/100
|
|-heal|p1a: Sinistcha|18/100|[from] item: Leftovers
|-heal|p2a: Kingambit|90/100|[from] item: Leftovers
|upkeep
|turn|18
|
|t:|1760875739
|move|p2a: Kingambit|Sucker Punch|p1a: Sinistcha
|-crit|p1a: Sinistcha
|-damage|p1a: Sinistcha|0 fnt
|faint|p1a: Sinistcha
|
|-heal|p2a: Kingambit|96/100|[from] item: Leftovers
|upkeep
|
|t:|1760875741
|switch|p1a: Vikavolt|Vikavolt, F|82/100
|turn|19
|
|t:|1760875744
|move|p1a: Vikavolt|Thunderbolt|p2a: Kingambit
|-damage|p2a: Kingambit|54/100
|move|p2a: Kingambit|Iron Head|p1a: Vikavolt
|-resisted|p1a: Vikavolt
|-damage|p1a: Vikavolt|30/100
|
|-heal|p1a: Vikavolt|37/100|[from] item: Leftovers
|-heal|p2a: Kingambit|60/100|[from] item: Leftovers
|upkeep
|turn|20
|
|t:|1760875749
|move|p2a: Kingambit|Sucker Punch|p1a: Vikavolt
|-damage|p1a: Vikavolt|0 fnt
|faint|p1a: Vikavolt
|
|-heal|p2a: Kingambit|66/100|[from] item: Leftovers
|-fieldend|move: Trick Room
|upkeep
|
|t:|1760875750
|switch|p1a: Hoopa|Hoopa-Unbound|100/100
|-activate|p1a: Hoopa|move: Sticky Web
|-unboost|p1a: Hoopa|spe|1
|turn|21
|
|t:|1760875752
|move|p2a: Kingambit|Iron Head|p1a: Hoopa
|-damage|p1a: Hoopa|0 fnt
|faint|p1a: Hoopa
|
|win|alexis77350
|raw|yobluntsoskimpy's rating: 1278 &rarr; <strong>1249</strong><br />(-29 for losing)
|raw|alexis77350's rating: 1223 &rarr; <strong>1252</strong><br />(+29 for winning)
|l|☆yobluntsoskimpy
|player|p1|
|l|☆alexis77350
|player|p2|
