|j|☆synergies
|j|☆Grindset mindset
|t:|1760737809
|gametype|singles
|player|p1|synergies|dancer|1711
|player|p2|Grindset mindset|skyla|1716
|gen|9
|tier|[Gen 9] OU
|rated|
|rule|HP Percentage Mod: HP is shown in percentages
|rule|Endless Battle Clause: Forcing endless battles is banned
|rule|Species Clause: Limit one of each Pokémon
|rule|OHKO Clause: OHKO moves are banned
|rule|Evasion Items Clause: Evasion items are banned
|rule|Evasion Moves Clause: Evasion moves are banned
|rule|Evasion Abilities Clause: Evasion abilities are banned
|rule|Sleep Moves Clause: Sleep-inducing moves are banned
|clearpoke
|poke|p1|Iron Treads|
|poke|p1|Tornadus-Therian, M|
|poke|p1|Samurott-Hisui, F|
|poke|p1|Heatran, M|
|poke|p1|Pecharunt|
|poke|p1|Raging Bolt|
|poke|p2|Ogerpon-Cornerstone, F|
|poke|p2|Primarina, F|
|poke|p2|Armarouge, M|
|poke|p2|Raging Bolt|
|poke|p2|Great Tusk|
|poke|p2|Zapdos-Galar|
|teampreview
|inactive|Battle timer is ON: inactive players will automatically lose when time's up. (requested by Grindset mindset)
|inactive|Grindset mindset has 120 seconds left.
|
|t:|1760737841
|teamsize|p1|6
|teamsize|p2|6
|start
|switch|p1a: Iron Treads|Iron Treads|100/100
|switch|p2a: Primarina|Primarina, F|100/100
|turn|1
|
|t:|1760737855
|move|p1a: Iron Treads|Earthquake|p2a: Primarina
|-damage|p2a: Primarina|47/100
|move|p2a: Primarina|Surf|p1a: Iron Treads
|-supereffective|p1a: Iron Treads
|-damage|p1a: Iron Treads|0 fnt
|faint|p1a: Iron Treads
|-end|p1a: Iron Treads|Quark Drive|[silent]
|
|upkeep
|
|t:|1760737866
|switch|p1a: Pecharunt|Pecharunt|100/100
|turn|2
|
|t:|1760737869
|move|p1a: Pecharunt|Malignant Chain|p2a: Primarina
|-supereffective|p2a: Primarina
|-damage|p2a: Primarina|9/100
|move|p2a: Primarina|Surf|p1a: Pecharunt
|-damage|p1a: Pecharunt|32/100
|
|upkeep
|turn|3
|
|t:|1760737875
|move|p1a: Pecharunt|Malignant Chain|p2a: Primarina
|-supereffective|p2a: Primarina
|-damage|p2a: Primarina|0 fnt
|faint|p2a: Primarina
|
|upkeep
|
|t:|1760737882
|switch|p2a: Great Tusk|Great Tusk|100/100
|-enditem|p2a: Great Tusk|Booster Energy
|-activate|p2a: Great Tusk|ability: Protosynthesis|[fromitem]
|-start|p2a: Great Tusk|protosynthesisatk
|turn|4
|
|t:|1760737888
|switch|p1a: Tornadus|Tornadus-Therian, M|100/100
|move|p2a: Great Tusk|Headlong Rush|p1a: Tornadus
|-immune|p1a: Tornadus
|
|upkeep
|turn|5
|
|t:|1760737893
|-end|p2a: Great Tusk|Protosynthesis|[silent]
|switch|p2a: Raging Bolt|Raging Bolt|100/100
|move|p1a: Tornadus|Bleakwind Storm|p2a: Raging Bolt
|-resisted|p2a: Raging Bolt
|-crit|p2a: Raging Bolt
|-damage|p2a: Raging Bolt|59/100
|-damage|p1a: Tornadus|91/100|[from] item: Life Orb
|
|-heal|p2a: Raging Bolt|65/100|[from] item: Leftovers
|upkeep
|turn|6
|
|t:|1760737904
|switch|p1a: Raging Bolt|Raging Bolt|100/100
|move|p2a: Raging Bolt|Ancient Power|p1a: Raging Bolt
|-damage|p1a: Raging Bolt|78/100
|
|-heal|p1a: Raging Bolt|84/100|[from] item: Leftovers
|-heal|p2a: Raging Bolt|71/100|[from] item: Leftovers
|upkeep
|turn|7
|
|t:|1760737924
|-end|p1a: Raging Bolt|Protosynthesis|[silent]
|switch|p1a: Pecharunt|Pecharunt|32/100
|move|p2a: Raging Bolt|Dragon Pulse|p1a: Pecharunt
|-damage|p1a: Pecharunt|0 fnt
|faint|p1a: Pecharunt
|
|-heal|p2a: Raging Bolt|77/100|[from] item: Leftovers
|upkeep
|
|t:|1760737936
|switch|p1a: Samurott|Samurott-Hisui, F|100/100
|turn|8
|
|t:|1760737940
|move|p1a: Samurott|Knock Off|p2a: Raging Bolt
|-damage|p2a: Raging Bolt|41/100
|-enditem|p2a: Raging Bolt|Leftovers|[from] move: Knock Off|[of] p1a: Samurott
|move|p2a: Raging Bolt|Ancient Power|p1a: Samurott
|-damage|p1a: Samurott|82/100
|
|upkeep
|turn|9
|
|t:|1760737946
|move|p2a: Raging Bolt|Thunderclap|p1a: Samurott
|-supereffective|p1a: Samurott
|-damage|p1a: Samurott|5/100
|move|p1a: Samurott|Ceaseless Edge|p2a: Raging Bolt
|-damage|p2a: Raging Bolt|6/100
|-sidestart|p2: Grindset mindset|Spikes
|
|upkeep
|turn|10
|
|t:|1760737952
|move|p1a: Samurott|Sucker Punch|p2a: Raging Bolt
|-damage|p2a: Raging Bolt|0 fnt
|faint|p2a: Raging Bolt
|-end|p2a: Raging Bolt|Protosynthesis|[silent]
|
|upkeep
|
|t:|1760737958
|switch|p2a: Great Tusk|Great Tusk|100/100
|-damage|p2a: Great Tusk|88/100|[from] Spikes
|turn|11
|
|t:|1760737973
|switch|p1a: Heatran|Heatran, M|100/100
|move|p2a: Great Tusk|Rapid Spin|p1a: Heatran
|-resisted|p1a: Heatran
|-damage|p1a: Heatran|93/100
|-boost|p2a: Great Tusk|spe|1
|-sideend|p2: Grindset mindset|Spikes|[from] move: Rapid Spin|[of] p2a: Great Tusk
|
|-heal|p1a: Heatran|99/100|[from] item: Leftovers
|upkeep
|turn|12
|
|t:|1760737982
|-terastallize|p1a: Heatran|Ghost
|move|p2a: Great Tusk|Close Combat|p1a: Heatran
|-immune|p1a: Heatran
|move|p1a: Heatran|Magma Storm|p2a: Great Tusk|[miss]
|-miss|p1a: Heatran|p2a: Great Tusk
|
|-heal|p1a: Heatran|100/100|[from] item: Leftovers
|upkeep
|turn|13
|
|t:|1760737988
|move|p2a: Great Tusk|Headlong Rush|p1a: Heatran
|-damage|p1a: Heatran|51/100
|-unboost|p2a: Great Tusk|def|1
|-unboost|p2a: Great Tusk|spd|1
|-status|p2a: Great Tusk|brn|[from] ability: Flame Body|[of] p1a: Heatran
|move|p1a: Heatran|Magma Storm|p2a: Great Tusk|[miss]
|-miss|p1a: Heatran|p2a: Great Tusk
|
|-heal|p1a: Heatran|57/100|[from] item: Leftovers
|-damage|p2a: Great Tusk|82/100 brn|[from] brn
|upkeep
|turn|14
|
|t:|1760737992
|move|p2a: Great Tusk|Headlong Rush|p1a: Heatran
|-damage|p1a: Heatran|29/100
|-unboost|p2a: Great Tusk|def|1
|-unboost|p2a: Great Tusk|spd|1
|move|p1a: Heatran|Magma Storm|p2a: Great Tusk
|-damage|p2a: Great Tusk|0 fnt
|faint|p2a: Great Tusk
|-end|p2a: Great Tusk|Protosynthesis|[silent]
|
|-heal|p1a: Heatran|35/100|[from] item: Leftovers
|upkeep
|
|t:|1760737996
|switch|p2a: Ogerpon|Ogerpon-Cornerstone, F|100/100
|turn|15
|
|t:|1760738013
|switch|p1a: Samurott|Samurott-Hisui, F|5/100
|move|p2a: Ogerpon|Ivy Cudgel|p1a: Samurott|[anim] Ivy Cudgel Rock
|-crit|p1a: Samurott
|-damage|p1a: Samurott|0 fnt
|faint|p1a: Samurott
|
|upkeep
|
|t:|1760738022
|switch|p1a: Raging Bolt|Raging Bolt|84/100
|turn|16
|
|t:|1760738030
|switch|p2a: Armarouge|Armarouge, M|100/100
|move|p1a: Raging Bolt|Dragon Pulse|p2a: Armarouge
|-crit|p2a: Armarouge
|-damage|p2a: Armarouge|13/100
|
|-heal|p1a: Raging Bolt|90/100|[from] item: Leftovers
|upkeep
|turn|17
|
|t:|1760738036
|move|p2a: Armarouge|Psychic Terrain|p2a: Armarouge
|-fieldstart|move: Psychic Terrain
|move|p1a: Raging Bolt|Dragon Pulse|p2a: Armarouge
|-damage|p2a: Armarouge|0 fnt
|faint|p2a: Armarouge
|
|-heal|p1a: Raging Bolt|97/100|[from] item: Leftovers
|upkeep
|
|t:|1760738047
|switch|p2a: Zapdos|Zapdos-Galar|100/100
|turn|18
|
|t:|1760738051
|-end|p1a: Raging Bolt|Protosynthesis|[silent]
|switch|p1a: Heatran|Heatran, M, tera:Ghost|35/100
|move|p2a: Zapdos|Close Combat|p1a: Heatran
|-immune|p1a: Heatran
|
|-heal|p1a: Heatran|41/100|[from] item: Leftovers
|upkeep
|turn|19
|
|t:|1760738056
|move|p2a: Zapdos|Close Combat|p1a: Heatran
|-immune|p1a: Heatran
|move|p1a: Heatran|Magma Storm|p2a: Zapdos
|-damage|p2a: Zapdos|52/100
|-activate|p2a: Zapdos|move: Magma Storm|[of] p1a: Heatran
|
|-heal|p1a: Heatran|48/100|[from] item: Leftovers
|-damage|p2a: Zapdos|39/100|[from] move: Magma Storm|[partiallytrapped]
|upkeep
|turn|20
|
|t:|1760738062
|move|p2a: Zapdos|Close Combat|p1a: Heatran
|-immune|p1a: Heatran
|move|p1a: Heatran|Stealth Rock|p2a: Zapdos
|-sidestart|p2: Grindset mindset|move: Stealth Rock
|
|-heal|p1a: Heatran|54/100|[from] item: Leftovers
|-damage|p2a: Zapdos|27/100|[from] move: Magma Storm|[partiallytrapped]
|upkeep
|turn|21
|
|t:|1760738064
|move|p2a: Zapdos|Close Combat|p1a: Heatran
|-immune|p1a: Heatran
|move|p1a: Heatran|Magma Storm|p2a: Zapdos
|-damage|p2a: Zapdos|0 fnt
|faint|p2a: Zapdos
|
|-heal|p1a: Heatran|60/100|[from] item: Leftovers
|-fieldend|move: Psychic Terrain
|upkeep
|
|t:|1760738066
|switch|p2a: Ogerpon|Ogerpon-Cornerstone, F|100/100
|-damage|p2a: Ogerpon|88/100|[from] Stealth Rock
|turn|22
|
|t:|1760738070
|-terastallize|p2a: Ogerpon|Rock
|detailschange|p2a: Ogerpon|Ogerpon-Cornerstone-Tera, F, tera:Rock
|-ability|p2a: Ogerpon|Embody Aspect (Cornerstone)|boost
|-boost|p2a: Ogerpon|def|1
|move|p2a: Ogerpon|Ivy Cudgel|p1a: Heatran|[anim] Ivy Cudgel Rock
|-crit|p1a: Heatran
|-damage|p1a: Heatran|0 fnt
|faint|p1a: Heatran
|
|upkeep
|
|t:|1760738080
|switch|p1a: Tornadus|Tornadus-Therian, M|100/100
|turn|23
|
|t:|1760738084
|move|p1a: Tornadus|Focus Blast|p2a: Ogerpon
|-supereffective|p2a: Ogerpon
|-damage|p2a: Ogerpon|0 fnt
|faint|p2a: Ogerpon
|detailschange|p2: Ogerpon|Ogerpon-Cornerstone, F|[silent]
|-damage|p1a: Tornadus|91/100|[from] item: Life Orb
|
|win|synergies
|raw|synergies's rating: 1711 &rarr; <strong>1731</strong><br />(+20 for winning)
|raw|Grindset mindset's rating: 1716 &rarr; <strong>1696</strong><br />(-20 for losing)
|l|☆Grindset mindset
|player|p2|
|l|☆synergies
|player|p1|
