|j|☆Bleud29
|j|☆hisohisokurione
|t:|1760877335
|gametype|singles
|player|p1|Bleud29|2|1079
|player|p2|hisohisokurione|ingo|1096
|gen|9
|tier|[Gen 9] OU
|rated|
|rule|HP Percentage Mod: HP is shown in percentages
|rule|Endless Battle Clause: Forcing endless battles is banned
|rule|Species Clause: Limit one of each Pokémon
|rule|OHKO Clause: OHKO moves are banned
|rule|Evasion Items Clause: Evasion items are banned
|rule|Evasion Moves Clause: Evasion moves are banned
|rule|Evasion Abilities Clause: Evasion abilities are banned
|rule|Sleep Moves Clause: Sleep-inducing moves are banned
|clearpoke
|poke|p1|Kingdra, M|
|poke|p1|Vileplume, F|
|poke|p1|Thundurus, M|
|poke|p1|Toucannon, F|
|poke|p1|Ribombee, F|
|poke|p1|Gyarados, F|
|poke|p2|Registeel|
|poke|p2|Sunkern, M|
|poke|p2|Dragonite, F|
|poke|p2|Torkoal, M|
|poke|p2|Mew|
|poke|p2|Dedenne, F|
|teampreview
|
|t:|1760877352
|teamsize|p1|6
|teamsize|p2|6
|start
|switch|p1a: Toucannon|Toucannon, F|100/100
|switch|p2a: Torkoal|Torkoal, M|100/100
|-weather|SunnyDay|[from] ability: Drought|[of] p2a: Torkoal
|turn|1
|
|t:|1760877361
|switch|p2a: Sunkern|Sunkern, M|100/100
|move|p1a: Toucannon|Rock Blast|p2a: Sunkern
|-damage|p2a: Sunkern|81/100
|-damage|p2a: Sunkern|58/100
|-damage|p2a: Sunkern|36/100
|-damage|p2a: Sunkern|16/100
|-damage|p2a: Sunkern|0 fnt
|faint|p2a: Sunkern
|-hitcount|p2: Sunkern|5
|
|-weather|SunnyDay|[upkeep]
|upkeep
|
|t:|1760877377
|switch|p2a: Registeel|Registeel|100/100
|turn|2
|
|t:|1760877382
|move|p1a: Toucannon|Flame Charge|p2a: Registeel
|-supereffective|p2a: Registeel
|-damage|p2a: Registeel|66/100
|-boost|p1a: Toucannon|spe|1
|move|p2a: Registeel|Iron Defense|p2a: Registeel
|-boost|p2a: Registeel|def|2
|
|-weather|SunnyDay|[upkeep]
|-heal|p2a: Registeel|72/100|[from] item: Leftovers
|upkeep
|turn|3
|
|t:|1760877406
|-singleturn|p1a: Toucannon|move: Beak Blast
|move|p2a: Registeel|Iron Defense|p2a: Registeel
|-boost|p2a: Registeel|def|2
|move|p1a: Toucannon|Beak Blast|p2a: Registeel
|-resisted|p2a: Registeel
|-damage|p2a: Registeel|67/100
|
|-weather|SunnyDay|[upkeep]
|-heal|p2a: Registeel|73/100|[from] item: Leftovers
|upkeep
|turn|4
|
|t:|1760877419
|switch|p1a: Ribombee|Ribombee, F|100/100
|move|p2a: Registeel|Iron Defense|p2a: Registeel
|-boost|p2a: Registeel|def|2
|
|-weather|SunnyDay|[upkeep]
|-heal|p2a: Registeel|79/100|[from] item: Leftovers
|upkeep
|turn|5
|
|t:|1760877431
|move|p1a: Ribombee|Sticky Web|p2a: Registeel
|-sidestart|p2: hisohisokurione|move: Sticky Web
|move|p2a: Registeel|Amnesia|p2a: Registeel
|-boost|p2a: Registeel|spd|2
|
|-weather|none
|-heal|p2a: Registeel|85/100|[from] item: Leftovers
|upkeep
|turn|6
|
|t:|1760877442
|switch|p1a: Vileplume|Vileplume, F|100/100
|move|p2a: Registeel|Amnesia|p2a: Registeel
|-boost|p2a: Registeel|spd|2
|
|-heal|p2a: Registeel|91/100|[from] item: Leftovers
|upkeep
|turn|7
|
|t:|1760877452
|move|p2a: Registeel|Body Press|p1a: Vileplume
|-resisted|p1a: Vileplume
|-damage|p1a: Vileplume|47/100
|move|p1a: Vileplume|Leech Seed|p2a: Registeel
|-start|p2a: Registeel|move: Leech Seed
|
|-heal|p2a: Registeel|97/100|[from] item: Leftovers
|-heal|p1a: Vileplume|53/100|[from] item: Black Sludge
|-damage|p2a: Registeel|85/100|[from] Leech Seed|[of] p1a: Vileplume
|-heal|p1a: Vileplume|66/100|[silent]
|upkeep
|turn|8
|
|t:|1760877471
|move|p2a: Registeel|Amnesia|p2a: Registeel
|-boost|p2a: Registeel|spd|2
|move|p1a: Vileplume|Strength Sap|p2a: Registeel
|-fail|p2a: Registeel|unboost|[from] ability: Clear Body|[of] p2a: Registeel
|-heal|p1a: Vileplume|100/100
|
|-heal|p2a: Registeel|91/100|[from] item: Leftovers
|-damage|p2a: Registeel|79/100|[from] Leech Seed|[of] p1a: Vileplume
|upkeep
|turn|9
|
|t:|1760877511
|switch|p1a: Thundurus|Thundurus, M|100/100
|move|p2a: Registeel|Body Press|p1a: Thundurus
|-resisted|p1a: Thundurus
|-damage|p1a: Thundurus|22/100
|
|-heal|p2a: Registeel|85/100|[from] item: Leftovers
|-damage|p2a: Registeel|72/100|[from] Leech Seed|[of] p1a: Thundurus
|-heal|p1a: Thundurus|37/100|[silent]
|upkeep
|turn|10
|
|t:|1760877523
|move|p1a: Thundurus|Knock Off|p2a: Registeel
|-damage|p2a: Registeel|66/100
|-enditem|p2a: Registeel|Leftovers|[from] move: Knock Off|[of] p1a: Thundurus
|move|p2a: Registeel|Body Press|p1a: Thundurus
|-resisted|p1a: Thundurus
|-damage|p1a: Thundurus|0 fnt
|faint|p1a: Thundurus
|
|upkeep
|
|t:|1760877536
|switch|p1a: Vileplume|Vileplume, F|100/100
|turn|11
|
|t:|1760877543
|move|p1a: Vileplume|Protect|p1a: Vileplume
|-singleturn|p1a: Vileplume|Protect
|move|p2a: Registeel|Body Press|p1a: Vileplume
|-activate|p1a: Vileplume|move: Protect
|
|-damage|p2a: Registeel|54/100|[from] Leech Seed|[of] p1a: Vileplume
|upkeep
|turn|12
|
|t:|1760877551
|move|p2a: Registeel|Body Press|p1a: Vileplume
|-resisted|p1a: Vileplume
|-damage|p1a: Vileplume|45/100
|move|p1a: Vileplume|Strength Sap|p2a: Registeel
|-fail|p2a: Registeel|unboost|[from] ability: Clear Body|[of] p2a: Registeel
|-heal|p1a: Vileplume|85/100
|
|-heal|p1a: Vileplume|91/100|[from] item: Black Sludge
|-damage|p2a: Registeel|42/100|[from] Leech Seed|[of] p1a: Vileplume
|-heal|p1a: Vileplume|100/100|[silent]
|upkeep
|turn|13
|
|t:|1760877563
|move|p2a: Registeel|Body Press|p1a: Vileplume
|-resisted|p1a: Vileplume
|-crit|p1a: Vileplume
|-damage|p1a: Vileplume|8/100
|move|p1a: Vileplume|Strength Sap|p2a: Registeel
|-fail|p2a: Registeel|unboost|[from] ability: Clear Body|[of] p2a: Registeel
|-heal|p1a: Vileplume|47/100
|
|-heal|p1a: Vileplume|53/100|[from] item: Black Sludge
|-damage|p2a: Registeel|29/100|[from] Leech Seed|[of] p1a: Vileplume
|-heal|p1a: Vileplume|66/100|[silent]
|upkeep
|turn|14
|
|t:|1760877578
|move|p2a: Registeel|Body Press|p1a: Vileplume
|-resisted|p1a: Vileplume
|-damage|p1a: Vileplume|12/100
|move|p1a: Vileplume|Strength Sap|p2a: Registeel
|-fail|p2a: Registeel|unboost|[from] ability: Clear Body|[of] p2a: Registeel
|-heal|p1a: Vileplume|51/100
|
|-heal|p1a: Vileplume|58/100|[from] item: Black Sludge
|-damage|p2a: Registeel|17/100|[from] Leech Seed|[of] p1a: Vileplume
|-heal|p1a: Vileplume|70/100|[silent]
|upkeep
|turn|15
|
|t:|1760877592
|move|p2a: Registeel|Rest|p2a: Registeel
|-status|p2a: Registeel|slp|[from] move: Rest
|-heal|p2a: Registeel|100/100 slp|[silent]
|move|p1a: Vileplume|Strength Sap|p2a: Registeel
|-fail|p2a: Registeel|unboost|[from] ability: Clear Body|[of] p2a: Registeel
|-heal|p1a: Vileplume|100/100
|
|-damage|p2a: Registeel|88/100 slp|[from] Leech Seed|[of] p1a: Vileplume
|upkeep
|turn|16
|
|t:|1760877614
|switch|p1a: Kingdra|Kingdra, M|100/100
|cant|p2a: Registeel|slp
|
|-damage|p2a: Registeel|76/100 slp|[from] Leech Seed|[of] p1a: Kingdra
|upkeep
|turn|17
|
|t:|1760877623
|move|p1a: Kingdra|Focus Energy|p1a: Kingdra
|-start|p1a: Kingdra|move: Focus Energy
|cant|p2a: Registeel|slp
|
|-damage|p2a: Registeel|63/100 slp|[from] Leech Seed|[of] p1a: Kingdra
|upkeep
|turn|18
|
|t:|1760877632
|move|p1a: Kingdra|Liquidation|p2a: Registeel
|-crit|p2a: Registeel
|-damage|p2a: Registeel|21/100 slp
|-curestatus|p2a: Registeel|slp|[msg]
|move|p2a: Registeel|Body Press|p1a: Kingdra
|-damage|p1a: Kingdra|0 fnt
|faint|p1a: Kingdra
|
|upkeep
|
|t:|1760877642
|switch|p1a: Gyarados|Gyarados, F|100/100
|-ability|p1a: Gyarados|Intimidate|boost
|-fail|p2a: Registeel|unboost|[from] ability: Clear Body|[of] p2a: Registeel
|turn|19
|
|t:|1760877647
|move|p1a: Gyarados|Earthquake|p2a: Registeel
|-supereffective|p2a: Registeel
|-damage|p2a: Registeel|5/100
|-damage|p1a: Gyarados|91/100|[from] item: Life Orb
|move|p2a: Registeel|Rest|p2a: Registeel
|-status|p2a: Registeel|slp|[from] move: Rest
|-heal|p2a: Registeel|100/100 slp|[silent]
|
|-damage|p2a: Registeel|88/100 slp|[from] Leech Seed|[of] p1a: Gyarados
|-heal|p1a: Gyarados|100/100|[silent]
|upkeep
|turn|20
|c|☆Bleud29|My god you’re a menace to society
|
|t:|1760877679
|move|p1a: Gyarados|Dragon Dance|p1a: Gyarados
|-boost|p1a: Gyarados|atk|1
|-boost|p1a: Gyarados|spe|1
|cant|p2a: Registeel|slp
|
|-damage|p2a: Registeel|76/100 slp|[from] Leech Seed|[of] p1a: Gyarados
|upkeep
|turn|21
|
|t:|1760877690
|move|p1a: Gyarados|Dragon Dance|p1a: Gyarados
|-boost|p1a: Gyarados|atk|1
|-boost|p1a: Gyarados|spe|1
|cant|p2a: Registeel|slp
|
|-damage|p2a: Registeel|63/100 slp|[from] Leech Seed|[of] p1a: Gyarados
|upkeep
|turn|22
|
|t:|1760877698
|move|p1a: Gyarados|Dragon Dance|p1a: Gyarados
|-boost|p1a: Gyarados|atk|1
|-boost|p1a: Gyarados|spe|1
|-curestatus|p2a: Registeel|slp|[msg]
|move|p2a: Registeel|Body Press|p1a: Gyarados
|-resisted|p1a: Gyarados
|-damage|p1a: Gyarados|35/100
|
|-damage|p2a: Registeel|51/100|[from] Leech Seed|[of] p1a: Gyarados
|-heal|p1a: Gyarados|49/100|[silent]
|upkeep
|turn|23
|
|t:|1760877711
|move|p1a: Gyarados|Earthquake|p2a: Registeel
|-supereffective|p2a: Registeel
|-damage|p2a: Registeel|13/100
|-damage|p1a: Gyarados|39/100|[from] item: Life Orb
|move|p2a: Registeel|Body Press|p1a: Gyarados
|-resisted|p1a: Gyarados
|-damage|p1a: Gyarados|0 fnt
|faint|p1a: Gyarados
|
|upkeep
|
|t:|1760877726
|switch|p1a: Toucannon|Toucannon, F|100/100
|turn|24
|
|t:|1760877753
|switch|p2a: Dragonite|Dragonite, F|100/100
|move|p1a: Toucannon|Flame Charge|p2a: Dragonite
|-resisted|p2a: Dragonite
|-damage|p2a: Dragonite|97/100
|-boost|p1a: Toucannon|spe|1
|
|upkeep
|turn|25
|
|t:|1760877767
|-terastallize|p2a: Dragonite|Dragon
|move|p1a: Toucannon|Rock Blast|p2a: Dragonite
|-damage|p2a: Dragonite|89/100
|-damage|p2a: Dragonite|82/100
|-damage|p2a: Dragonite|74/100
|-damage|p2a: Dragonite|66/100
|-damage|p2a: Dragonite|58/100
|-hitcount|p2a: Dragonite|5
|move|p2a: Dragonite|Dragon Tail|p1a: Toucannon
|-damage|p1a: Toucannon|30/100
|drag|p1a: Ribombee|Ribombee, F|100/100
|
|upkeep
|turn|26
|
|t:|1760877787
|move|p1a: Ribombee|Moonblast|p2a: Dragonite
|-supereffective|p2a: Dragonite
|-damage|p2a: Dragonite|0 fnt
|faint|p2a: Dragonite
|
|upkeep
|
|t:|1760877798
|switch|p2a: Torkoal|Torkoal, M|100/100
|-activate|p2a: Torkoal|move: Sticky Web
|-unboost|p2a: Torkoal|spe|1
|-weather|SunnyDay|[from] ability: Drought|[of] p2a: Torkoal
|turn|27
|
|t:|1760877805
|move|p1a: Ribombee|Moonblast|p2a: Torkoal
|-resisted|p2a: Torkoal
|-damage|p2a: Torkoal|63/100
|move|p2a: Torkoal|Eruption|p1a: Ribombee
|-supereffective|p1a: Ribombee
|-damage|p1a: Ribombee|0 fnt
|faint|p1a: Ribombee
|
|-weather|SunnyDay|[upkeep]
|upkeep
|
|t:|1760877816
|switch|p1a: Toucannon|Toucannon, F|30/100
|turn|28
|
|t:|1760877823
|move|p1a: Toucannon|Rock Blast|p2a: Torkoal
|-supereffective|p2a: Torkoal
|-damage|p2a: Torkoal|52/100
|-supereffective|p2a: Torkoal
|-damage|p2a: Torkoal|39/100
|-supereffective|p2a: Torkoal
|-damage|p2a: Torkoal|26/100
|-supereffective|p2a: Torkoal
|-damage|p2a: Torkoal|13/100
|-supereffective|p2a: Torkoal
|-damage|p2a: Torkoal|0 fnt
|faint|p2a: Torkoal
|-hitcount|p2: Torkoal|5
|
|-weather|SunnyDay|[upkeep]
|upkeep
|
|t:|1760877836
|switch|p2a: Mew|Mew|100/100
|-activate|p2a: Mew|move: Sticky Web
|-unboost|p2a: Mew|spe|1
|turn|29
|
|t:|1760877858
|move|p1a: Toucannon|Rock Blast|p2a: Mew|[miss]
|-miss|p1a: Toucannon|p2a: Mew
|move|p2a: Mew|Dragon Dance|p2a: Mew
|-boost|p2a: Mew|atk|1
|-boost|p2a: Mew|spe|1
|
|-weather|SunnyDay|[upkeep]
|upkeep
|turn|30
|
|t:|1760877877
|-singleturn|p1a: Toucannon|move: Beak Blast
|move|p2a: Mew|Rock Blast|p1a: Toucannon
|-supereffective|p1a: Toucannon
|-damage|p1a: Toucannon|0 fnt
|faint|p1a: Toucannon
|-hitcount|p1: Toucannon|1
|
|-weather|SunnyDay|[upkeep]
|upkeep
|
|t:|1760877886
|switch|p1a: Vileplume|Vileplume, F|100/100
|turn|31
|
|t:|1760877893
|move|p2a: Mew|Icicle Spear|p1a: Vileplume
|-supereffective|p1a: Vileplume
|-damage|p1a: Vileplume|75/100
|-supereffective|p1a: Vileplume
|-damage|p1a: Vileplume|46/100
|-supereffective|p1a: Vileplume
|-damage|p1a: Vileplume|18/100
|-supereffective|p1a: Vileplume
|-damage|p1a: Vileplume|0 fnt
|faint|p1a: Vileplume
|-hitcount|p1: Vileplume|4
|
|win|hisohisokurione
|raw|Bleud29's rating: 1079 &rarr; <strong>1058</strong><br />(-21 for losing)
|raw|hisohisokurione's rating: 1096 &rarr; <strong>1120</strong><br />(+24 for winning)
|l|☆Bleud29
|player|p1|
|l|☆hisohisokurione
|player|p2|
