|j|☆XtraToe
|j|☆berryjuicejoy
|t:|1760820973
|gametype|singles
|player|p1|XtraToe|1|1365
|player|p2|berryjuicejoy|karen-gen2|1321
|gen|9
|tier|[Gen 9] OU
|rated|
|rule|HP Percentage Mod: HP is shown in percentages
|rule|Endless Battle Clause: Forcing endless battles is banned
|rule|Species Clause: Limit one of each Pokémon
|rule|OHKO Clause: OHKO moves are banned
|rule|Evasion Items Clause: Evasion items are banned
|rule|Evasion Moves Clause: Evasion moves are banned
|rule|Evasion Abilities Clause: Evasion abilities are banned
|rule|Sleep Moves Clause: Sleep-inducing moves are banned
|clearpoke
|poke|p1|Appletun, M|
|poke|p1|Weezing-Galar, M|
|poke|p1|Rotom-Wash|
|poke|p1|Iron Treads|
|poke|p1|Iron Moth|
|poke|p1|Zapdos-Galar|
|poke|p2|Darkrai|
|poke|p2|Kyurem|
|poke|p2|Enamorus-Therian, F|
|poke|p2|Pecharunt|
|poke|p2|Cinderace, F|
|poke|p2|Tentacruel, F|
|teampreview
|inactive|Battle timer is ON: inactive players will automatically lose when time's up. (requested by XtraToe)
|
|t:|1760820995
|teamsize|p1|6
|teamsize|p2|6
|start
|switch|p1a: Bob VANCE|Rotom-Wash|100/100
|switch|p2a: Kyurem|Kyurem|100/100
|-ability|p2a: Kyurem|Pressure
|turn|1
|
|t:|1760821015
|move|p2a: Kyurem|Freeze-Dry|p1a: Bob VANCE
|-supereffective|p1a: Bob VANCE
|-damage|p1a: Bob VANCE|10/100
|-status|p1a: Bob VANCE|frz
|-curestatus|p1a: Bob VANCE|frz|[msg]
|move|p1a: Bob VANCE|Volt Switch|p2a: Kyurem
|-resisted|p2a: Kyurem
|-damage|p2a: Kyurem|86/100
|inactive|XtraToe has 120 seconds left.
|
|t:|1760821030
|switch|p1a: Glordon|Iron Treads|100/100|[from] Volt Switch
|
|upkeep
|turn|2
|inactive|berryjuicejoy has 120 seconds left.
|
|t:|1760821087
|switch|p2a: Tentacruel|Tentacruel, F|100/100
|move|p1a: Glordon|Stealth Rock|p2a: Tentacruel
|-sidestart|p2: berryjuicejoy|move: Stealth Rock
|
|upkeep
|turn|3
|
|t:|1760821096
|move|p1a: Glordon|Earthquake|p2a: Tentacruel
|-supereffective|p2a: Tentacruel
|-damage|p2a: Tentacruel|0 fnt
|faint|p2a: Tentacruel
|
|upkeep
|inactive|berryjuicejoy has 90 seconds left.
|
|t:|1760821146
|switch|p2a: Cinderace|Cinderace, F|100/100
|turn|4
|
|t:|1760821171
|-end|p1a: Glordon|Quark Drive|[silent]
|switch|p1a: Big Father|Weezing-Galar, M|100/100
|-ability|p1a: Big Father|Neutralizing Gas
|move|p2a: Cinderace|Pyro Ball|p1a: Big Father
|-damage|p1a: Big Father|54/100
|
|-heal|p1a: Big Father|60/100|[from] item: Black Sludge
|upkeep
|turn|5
|inactive|berryjuicejoy has 60 seconds left.
|
|t:|1760821198
|move|p2a: Cinderace|Gunk Shot|p1a: Big Father
|-damage|p1a: Big Father|28/100
|move|p1a: Big Father|Pain Split|p2a: Cinderace
|-sethp|p2a: Cinderace|66/100|[from] move: Pain Split|[silent]
|-sethp|p1a: Big Father|59/100|[from] move: Pain Split
|
|-heal|p1a: Big Father|65/100|[from] item: Black Sludge
|upkeep
|turn|6
|
|t:|1760821213
|move|p2a: Cinderace|Court Change|p2a: Cinderace
|-swapsideconditions
|-activate|p2a: Cinderace|move: Court Change
|move|p1a: Big Father|Sludge Bomb|p2a: Cinderace
|-damage|p2a: Cinderace|26/100
|
|-heal|p1a: Big Father|71/100|[from] item: Black Sludge
|upkeep
|turn|7
|inactive|berryjuicejoy has 60 seconds left.
|
|t:|1760821241
|move|p2a: Cinderace|U-turn|p1a: Big Father
|-resisted|p1a: Big Father
|-damage|p1a: Big Father|66/100
|
|t:|1760821251
|switch|p2a: Kyurem|Kyurem|86/100|[from] U-turn
|move|p1a: Big Father|Will-O-Wisp|p2a: Kyurem
|-status|p2a: Kyurem|brn
|
|-heal|p1a: Big Father|72/100|[from] item: Black Sludge
|-damage|p2a: Kyurem|80/100 brn|[from] brn
|upkeep
|turn|8
|
|t:|1760821259
|move|p1a: Big Father|Protect|p1a: Big Father
|-singleturn|p1a: Big Father|Protect
|move|p2a: Kyurem|Earth Power|p1a: Big Father
|-activate|p1a: Big Father|move: Protect
|
|-heal|p1a: Big Father|78/100|[from] item: Black Sludge
|-damage|p2a: Kyurem|73/100 brn|[from] brn
|upkeep
|turn|9
|inactive|berryjuicejoy has 60 seconds left.
|
|t:|1760821304
|-end|p1a: Big Father|ability: Neutralizing Gas
|-ability|p2a: Kyurem|Pressure
|switch|p1a: Laverne|Appletun, M|100/100
|-damage|p1a: Laverne|88/100|[from] Stealth Rock
|move|p2a: Kyurem|Earth Power|p1a: Laverne
|-resisted|p1a: Laverne
|-damage|p1a: Laverne|72/100
|
|-damage|p2a: Kyurem|67/100 brn|[from] brn
|upkeep
|turn|10
|
|t:|1760821310
|switch|p2a: Enamorus|Enamorus-Therian, F|100/100
|move|p1a: Laverne|Leech Seed|p2a: Enamorus
|-start|p2a: Enamorus|move: Leech Seed
|
|-damage|p2a: Enamorus|88/100|[from] Leech Seed|[of] p1a: Laverne
|-heal|p1a: Laverne|82/100|[silent]
|upkeep
|turn|11
|
|t:|1760821319
|switch|p1a: Glordon|Iron Treads|100/100
|-damage|p1a: Glordon|97/100|[from] Stealth Rock
|move|p2a: Enamorus|Moonblast|p1a: Glordon
|-resisted|p1a: Glordon
|-damage|p1a: Glordon|59/100
|-unboost|p1a: Glordon|spa|1
|
|-heal|p1a: Glordon|65/100|[from] item: Leftovers
|-damage|p2a: Enamorus|76/100|[from] Leech Seed|[of] p1a: Glordon
|-heal|p1a: Glordon|79/100|[silent]
|upkeep
|turn|12
|
|t:|1760821323
|-terastallize|p2a: Enamorus|Ground
|move|p1a: Glordon|Stealth Rock|p2a: Enamorus
|-sidestart|p2: berryjuicejoy|move: Stealth Rock
|move|p2a: Enamorus|Earth Power|p1a: Glordon
|-supereffective|p1a: Glordon
|-damage|p1a: Glordon|0 fnt
|faint|p1a: Glordon
|-end|p1a: Glordon|Quark Drive|[silent]
|
|upkeep
|
|t:|1760821353
|switch|p1a: Laverne|Appletun, M|82/100
|-damage|p1a: Laverne|70/100|[from] Stealth Rock
|turn|13
|inactive|berryjuicejoy has 60 seconds left.
|
|t:|1760821366
|switch|p1a: Big Father|Weezing-Galar, M|78/100
|-ability|p1a: Big Father|Neutralizing Gas
|-damage|p1a: Big Father|66/100|[from] Stealth Rock
|move|p2a: Enamorus|Moonblast|p1a: Big Father
|-resisted|p1a: Big Father
|-damage|p1a: Big Father|39/100
|
|-heal|p1a: Big Father|45/100|[from] item: Black Sludge
|-damage|p2a: Enamorus|64/100|[from] Leech Seed|[of] p1a: Big Father
|-heal|p1a: Big Father|58/100|[silent]
|upkeep
|turn|14
|
|t:|1760821369
|move|p1a: Big Father|Protect|p1a: Big Father
|-singleturn|p1a: Big Father|Protect
|move|p2a: Enamorus|Earth Power|p1a: Big Father
|-activate|p1a: Big Father|move: Protect
|
|-heal|p1a: Big Father|64/100|[from] item: Black Sludge
|-damage|p2a: Enamorus|51/100|[from] Leech Seed|[of] p1a: Big Father
|-heal|p1a: Big Father|77/100|[silent]
|upkeep
|turn|15
|
|t:|1760821397
|move|p1a: Big Father|Sludge Bomb|p2a: Enamorus
|-resisted|p2a: Enamorus
|-damage|p2a: Enamorus|43/100
|move|p2a: Enamorus|Earth Power|p1a: Big Father
|-supereffective|p1a: Big Father
|-damage|p1a: Big Father|0 fnt
|faint|p1a: Big Father
|-end|p1a: Big Father|ability: Neutralizing Gas
|
|upkeep
|inactive|XtraToe has 120 seconds left.
|
|t:|1760821418
|switch|p1a: Iron Moth|Iron Moth|100/100
|-damage|p1a: Iron Moth|76/100|[from] Stealth Rock
|-enditem|p1a: Iron Moth|Booster Energy
|-activate|p1a: Iron Moth|ability: Quark Drive|[fromitem]
|-start|p1a: Iron Moth|quarkdrivespa
|turn|16
|inactive|berryjuicejoy has 90 seconds left.
|
|t:|1760821430
|move|p1a: Iron Moth|Fiery Dance|p2a: Enamorus
|-damage|p2a: Enamorus|1/100
|-boost|p1a: Iron Moth|spa|1
|move|p2a: Enamorus|Earth Power|p1a: Iron Moth
|-supereffective|p1a: Iron Moth
|-damage|p1a: Iron Moth|0 fnt
|faint|p1a: Iron Moth
|-end|p1a: Iron Moth|Quark Drive|[silent]
|
|upkeep
|inactive|XtraToe has 120 seconds left.
|
|t:|1760821439
|switch|p1a: Karoo|Zapdos-Galar|100/100
|-damage|p1a: Karoo|88/100|[from] Stealth Rock
|turn|17
|
|t:|1760821446
|move|p1a: Karoo|Brave Bird|p2a: Enamorus
|-damage|p2a: Enamorus|0 fnt
|faint|p2a: Enamorus
|-damage|p1a: Karoo|88/100|[from] Recoil
|
|upkeep
|
|t:|1760821452
|switch|p2a: Pecharunt|Pecharunt|100/100
|-damage|p2a: Pecharunt|88/100|[from] Stealth Rock
|turn|18
|
|t:|1760821457
|switch|p1a: Bob VANCE|Rotom-Wash|10/100
|-damage|p1a: Bob VANCE|0 fnt|[from] Stealth Rock
|faint|p1a: Bob VANCE
|move|p2a: Pecharunt|Malignant Chain|p1: Bob VANCE|[notarget]
|-fail|p2a: Pecharunt
|
|upkeep
|
|t:|1760821458
|switch|p1a: Laverne|Appletun, M|70/100
|-damage|p1a: Laverne|58/100|[from] Stealth Rock
|turn|19
|
|t:|1760821465
|move|p2a: Pecharunt|Malignant Chain|p1a: Laverne
|-supereffective|p1a: Laverne
|-damage|p1a: Laverne|0 fnt
|faint|p1a: Laverne
|
|upkeep
|
|t:|1760821468
|switch|p1a: Karoo|Zapdos-Galar|88/100
|-damage|p1a: Karoo|75/100|[from] Stealth Rock
|turn|20
|
|t:|1760821473
|move|p2a: Pecharunt|Malignant Chain|p1a: Karoo
|-damage|p1a: Karoo|25/100
|-enditem|p1a: Karoo|Figy Berry|[eat]
|-heal|p1a: Karoo|58/100|[from] item: Figy Berry
|move|p1a: Karoo|Agility|p1a: Karoo
|-boost|p1a: Karoo|spe|2
|
|upkeep
|turn|21
|
|t:|1760821479
|move|p1a: Karoo|Bulk Up|p1a: Karoo
|-boost|p1a: Karoo|atk|1
|-boost|p1a: Karoo|def|1
|move|p2a: Pecharunt|Parting Shot|p1a: Karoo
|-unboost|p1a: Karoo|atk|1
|-ability|p1a: Karoo|Defiant|boost
|-boost|p1a: Karoo|atk|2
|-unboost|p1a: Karoo|spa|1
|-ability|p1a: Karoo|Defiant|boost
|-boost|p1a: Karoo|atk|2
|
|t:|1760821484
|switch|p2a: Cinderace|Cinderace, F|26/100|[from] Parting Shot
|
|upkeep
|turn|22
|
|t:|1760821490
|move|p1a: Karoo|Brave Bird|p2a: Cinderace
|-damage|p2a: Cinderace|0 fnt
|faint|p2a: Cinderace
|-damage|p1a: Karoo|50/100|[from] Recoil
|
|upkeep
|
|t:|1760821498
|switch|p2a: Pecharunt|Pecharunt|88/100
|-damage|p2a: Pecharunt|76/100|[from] Stealth Rock
|turn|23
|
|t:|1760821501
|move|p1a: Karoo|Brave Bird|p2a: Pecharunt
|-damage|p2a: Pecharunt|0 fnt
|faint|p2a: Pecharunt
|-damage|p1a: Karoo|25/100|[from] Recoil
|
|upkeep
|
|t:|1760821503
|switch|p2a: Kyurem|Kyurem|67/100 brn
|-damage|p2a: Kyurem|42/100 brn|[from] Stealth Rock
|-ability|p2a: Kyurem|Pressure
|turn|24
|
|t:|1760821509
|move|p1a: Karoo|Close Combat|p2a: Kyurem
|-supereffective|p2a: Kyurem
|-damage|p2a: Kyurem|0 fnt
|-unboost|p1a: Karoo|def|1
|-unboost|p1a: Karoo|spd|1
|faint|p2a: Kyurem
|
|upkeep
|
|t:|1760821511
|switch|p2a: Darkrai|Darkrai|100/100
|-damage|p2a: Darkrai|88/100|[from] Stealth Rock
|turn|25
|
|t:|1760821514
|move|p1a: Karoo|Close Combat|p2a: Darkrai
|-supereffective|p2a: Darkrai
|-damage|p2a: Darkrai|0 fnt
|-unboost|p1a: Karoo|def|1
|-unboost|p1a: Karoo|spd|1
|faint|p2a: Darkrai
|
|win|XtraToe
|raw|XtraToe's rating: 1365 &rarr; <strong>1382</strong><br />(+17 for winning)
|raw|berryjuicejoy's rating: 1321 &rarr; <strong>1304</strong><br />(-17 for losing)
|l|☆berryjuicejoy
|player|p2|
|c|☆XtraToe|Gg
