|j|☆jrg123
|j|☆jxrx
|t:|1760755644
|gametype|singles
|player|p1|jrg123|1|1446
|player|p2|jxrx|norman|1413
|gen|9
|tier|[Gen 9] OU
|rated|
|rule|HP Percentage Mod: HP is shown in percentages
|rule|Endless Battle Clause: Forcing endless battles is banned
|rule|Species Clause: Limit one of each Pokémon
|rule|OHKO Clause: OHKO moves are banned
|rule|Evasion Items Clause: Evasion items are banned
|rule|Evasion Moves Clause: Evasion moves are banned
|rule|Evasion Abilities Clause: Evasion abilities are banned
|rule|Sleep Moves Clause: Sleep-inducing moves are banned
|clearpoke
|poke|p1|Cinderace, M|
|poke|p1|Great Tusk|
|poke|p1|Alomomola, F|
|poke|p1|Enamorus, F|
|poke|p1|Slowking-Galar, F|
|poke|p1|Scizor, M|
|poke|p2|Dragapult, M|
|poke|p2|Houndoom, F|
|poke|p2|Vileplume, M|
|poke|p2|Gyarados, M|
|poke|p2|Pachirisu, M|
|poke|p2|Great Tusk|
|teampreview
|inactive|Battle timer is ON: inactive players will automatically lose when time's up. (requested by jxrx)
|inactive|jrg123 has 120 seconds left.
|inactive|jrg123 has 90 seconds left.
|c|☆jrg123|i've played you before
|c|☆jrg123|are you a youtuber
|
|t:|1760755734
|teamsize|p1|6
|teamsize|p2|6
|start
|switch|p1a: Alomomola|Alomomola, F|100/100
|switch|p2a: Great Tusk|Great Tusk|100/100
|turn|1
|
|t:|1760755741
|-end|p2a: Great Tusk|Protosynthesis|[silent]
|switch|p2a: Vileplume|Vileplume, M|100/100
|move|p1a: Alomomola|Flip Turn|p2a: Vileplume
|-resisted|p2a: Vileplume
|-damage|p2a: Vileplume|94/100
|-damage|p1a: Alomomola|84/100|[from] item: Rocky Helmet|[of] p2a: Vileplume
|
|t:|1760755751
|switch|p1a: Cinderace|Cinderace, M|100/100|[from] Flip Turn
|
|upkeep
|turn|2
|
|t:|1760755754
|move|p1a: Cinderace|Pyro Ball|p2a: Vileplume|[miss]
|-miss|p1a: Cinderace|p2a: Vileplume
|move|p2a: Vileplume|Strength Sap|p1a: Cinderace
|-unboost|p1a: Cinderace|atk|1
|-heal|p2a: Vileplume|100/100
|
|upkeep
|turn|3
|
|t:|1760755760
|move|p1a: Cinderace|Will-O-Wisp|p2a: Vileplume|[miss]
|-miss|p1a: Cinderace|p2a: Vileplume
|move|p2a: Vileplume|Strength Sap|p1a: Cinderace
|-unboost|p1a: Cinderace|atk|1
|
|upkeep
|turn|4
|
|t:|1760755767
|move|p1a: Cinderace|U-turn|p2a: Vileplume
|-damage|p2a: Vileplume|93/100
|-damage|p1a: Cinderace|84/100|[from] item: Rocky Helmet|[of] p2a: Vileplume
|
|t:|1760755770
|switch|p1a: Slowking|Slowking-Galar, F|100/100|[from] U-turn
|move|p2a: Vileplume|Leech Seed|p1a: Slowking
|-start|p1a: Slowking|move: Leech Seed
|
|-damage|p1a: Slowking|88/100|[from] Leech Seed|[of] p2a: Vileplume
|-heal|p2a: Vileplume|100/100|[silent]
|upkeep
|turn|5
|
|t:|1760755780
|switch|p2a: Gyarados|Gyarados, M|100/100
|-prepare|p1a: Slowking|Chilly Reception|[premajor]
|move|p1a: Slowking|Chilly Reception|p1a: Slowking
|-weather|Snowscape
|
|t:|1760755794
|switch|p1a: Cinderace|Cinderace, M|84/100|[from] Chilly Reception
|
|-weather|Snowscape|[upkeep]
|upkeep
|turn|6
|
|t:|1760755800
|switch|p2a: Houndoom|Houndoom, F|100/100
|move|p1a: Cinderace|Will-O-Wisp|p2a: Houndoom
|-start|p2a: Houndoom|ability: Flash Fire
|
|-weather|Snowscape|[upkeep]
|upkeep
|turn|7
|
|t:|1760755810
|-end|p2a: Houndoom|ability: Flash Fire|[silent]
|switch|p2a: Vileplume|Vileplume, M|100/100
|move|p1a: Cinderace|U-turn|p2a: Vileplume
|-damage|p2a: Vileplume|87/100
|-damage|p1a: Cinderace|68/100|[from] item: Rocky Helmet|[of] p2a: Vileplume
|-status|p1a: Cinderace|slp|[from] ability: Effect Spore|[of] p2a: Vileplume
|
|t:|1760755820
|switch|p1a: Slowking|Slowking-Galar, F|100/100|[from] U-turn
|
|-weather|Snowscape|[upkeep]
|upkeep
|turn|8
|
|t:|1760755827
|switch|p2a: Houndoom|Houndoom, F|100/100
|move|p1a: Slowking|Future Sight|p2a: Houndoom
|-start|p1a: Slowking|move: Future Sight
|
|-weather|Snowscape|[upkeep]
|upkeep
|turn|9
|
|t:|1760755833
|switch|p1a: Alomomola|Alomomola, F|100/100
|move|p2a: Houndoom|Dark Pulse|p1a: Alomomola
|-damage|p1a: Alomomola|83/100
|
|-weather|none
|upkeep
|turn|10
|
|t:|1760755839
|move|p2a: Houndoom|Dark Pulse|p1a: Alomomola
|-damage|p1a: Alomomola|65/100
|move|p1a: Alomomola|Flip Turn|p2a: Houndoom
|-supereffective|p2a: Houndoom
|-damage|p2a: Houndoom|24/100
|
|t:|1760755847
|switch|p1a: Enamorus|Enamorus, F|100/100|[from] Flip Turn
|
|-end|p2a: Houndoom|move: Future Sight
|-immune|p2a: Houndoom
|upkeep
|turn|11
|
|t:|1760755860
|switch|p2a: Vileplume|Vileplume, M|87/100
|move|p1a: Enamorus|Moonblast|p2a: Vileplume
|-resisted|p2a: Vileplume
|-damage|p2a: Vileplume|58/100
|
|upkeep
|turn|12
|c|☆jrg123|you are a youtuber
|c|☆jrg123|I'm sure of it
|c|☆jrg123|you're the guy
|
|t:|1760755890
|switch|p1a: Cinderace|Cinderace, M|68/100 slp
|move|p2a: Vileplume|Strength Sap|p1a: Cinderace
|-unboost|p1a: Cinderace|atk|1
|-heal|p2a: Vileplume|100/100
|
|upkeep
|turn|13
|
|t:|1760755895
|cant|p1a: Cinderace|slp
|move|p2a: Vileplume|Sludge Wave|p1a: Cinderace
|-damage|p1a: Cinderace|24/100 slp
|
|upkeep
|turn|14
|
|t:|1760755902
|switch|p1a: Scizor|Scizor, M|100/100
|move|p2a: Vileplume|Sludge Wave|p1a: Scizor
|-immune|p1a: Scizor
|
|upkeep
|turn|15
|
|t:|1760755906
|move|p1a: Scizor|Knock Off|p2a: Vileplume
|-damage|p2a: Vileplume|61/100
|-damage|p1a: Scizor|84/100|[from] item: Rocky Helmet|[of] p2a: Vileplume
|-enditem|p2a: Vileplume|Rocky Helmet|[from] move: Knock Off|[of] p1a: Scizor
|move|p2a: Vileplume|Strength Sap|p1a: Scizor
|-unboost|p1a: Scizor|atk|1
|-heal|p2a: Vileplume|100/100
|
|upkeep
|turn|16
|
|t:|1760755913
|switch|p1a: Slowking|Slowking-Galar, F|100/100
|move|p2a: Vileplume|Leech Seed|p1a: Slowking
|-start|p1a: Slowking|move: Leech Seed
|
|-damage|p1a: Slowking|88/100|[from] Leech Seed|[of] p2a: Vileplume
|upkeep
|turn|17
|
|t:|1760755920
|switch|p2a: Houndoom|Houndoom, F|24/100
|move|p1a: Slowking|Sludge Bomb|p2a: Houndoom
|-damage|p2a: Houndoom|0 fnt
|faint|p2a: Houndoom
|
|upkeep
|
|t:|1760755926
|switch|p2a: Gyarados|Gyarados, M|100/100
|turn|18
|
|t:|1760755933
|move|p2a: Gyarados|Dragon Dance|p2a: Gyarados
|-boost|p2a: Gyarados|atk|1
|-boost|p2a: Gyarados|spe|1
|-prepare|p1a: Slowking|Chilly Reception|[premajor]
|move|p1a: Slowking|Chilly Reception|p1a: Slowking
|-weather|Snowscape
|
|t:|1760755949
|switch|p1a: Alomomola|Alomomola, F|98/100|[from] Chilly Reception
|
|-weather|Snowscape|[upkeep]
|upkeep
|turn|19
|
|t:|1760755952
|move|p2a: Gyarados|Crunch|p1a: Alomomola
|-damage|p1a: Alomomola|67/100
|move|p1a: Alomomola|Body Slam|p2a: Gyarados
|-damage|p2a: Gyarados|82/100
|
|-weather|Snowscape|[upkeep]
|upkeep
|turn|20
|
|t:|1760755960
|move|p2a: Gyarados|Crunch|p1a: Alomomola
|-damage|p1a: Alomomola|30/100
|move|p1a: Alomomola|Body Slam|p2a: Gyarados
|-damage|p2a: Gyarados|63/100
|-status|p2a: Gyarados|par
|-enditem|p2a: Gyarados|Lum Berry|[eat]
|-curestatus|p2a: Gyarados|par|[msg]
|
|-weather|Snowscape|[upkeep]
|upkeep
|turn|21
|
|t:|1760755974
|move|p2a: Gyarados|Dragon Dance|p2a: Gyarados
|-boost|p2a: Gyarados|atk|1
|-boost|p2a: Gyarados|spe|1
|move|p1a: Alomomola|Body Slam|p2a: Gyarados
|-damage|p2a: Gyarados|43/100
|
|-weather|Snowscape|[upkeep]
|upkeep
|turn|22
|
|t:|1760755983
|switch|p1a: Great Tusk|Great Tusk|100/100
|move|p2a: Gyarados|Crunch|p1a: Great Tusk
|-resisted|p1a: Great Tusk
|-damage|p1a: Great Tusk|86/100
|
|-weather|none
|-heal|p1a: Great Tusk|92/100|[from] item: Leftovers
|upkeep
|turn|23
|
|t:|1760755988
|move|p2a: Gyarados|Waterfall|p1a: Great Tusk
|-supereffective|p1a: Great Tusk
|-damage|p1a: Great Tusk|1/100
|cant|p1a: Great Tusk|flinch
|
|-heal|p1a: Great Tusk|7/100|[from] item: Leftovers
|upkeep
|turn|24
|
|t:|1760755992
|move|p2a: Gyarados|Waterfall|p1a: Great Tusk
|-supereffective|p1a: Great Tusk
|-damage|p1a: Great Tusk|0 fnt
|faint|p1a: Great Tusk
|-end|p1a: Great Tusk|Protosynthesis|[silent]
|-ability|p2a: Gyarados|Moxie|boost
|-boost|p2a: Gyarados|atk|1
|
|upkeep
|
|t:|1760755996
|switch|p1a: Scizor|Scizor, M|84/100
|turn|25
|
|t:|1760755998
|-terastallize|p1a: Scizor|Steel
|move|p1a: Scizor|Bullet Punch|p2a: Gyarados
|-resisted|p2a: Gyarados
|-damage|p2a: Gyarados|0 fnt
|faint|p2a: Gyarados
|
|upkeep
|
|t:|1760756004
|switch|p2a: Great Tusk|Great Tusk|100/100
|turn|26
|
|t:|1760756011
|switch|p1a: Alomomola|Alomomola, F|63/100
|move|p2a: Great Tusk|Knock Off|p1a: Alomomola
|-damage|p1a: Alomomola|41/100
|-enditem|p1a: Alomomola|Assault Vest|[from] move: Knock Off|[of] p2a: Great Tusk
|
|upkeep
|turn|27
|
|t:|1760756016
|-end|p2a: Great Tusk|Protosynthesis|[silent]
|switch|p2a: Vileplume|Vileplume, M|100/100
|move|p1a: Alomomola|Flip Turn|p2a: Vileplume
|-resisted|p2a: Vileplume
|-damage|p2a: Vileplume|94/100
|-status|p1a: Alomomola|slp|[from] ability: Effect Spore|[of] p2a: Vileplume
|c|☆jrg123|oh my gosh
|c|☆jrg123|this is #1 BS
|
|t:|1760756040
|switch|p1a: Slowking|Slowking-Galar, F|100/100|[from] Flip Turn
|
|upkeep
|turn|28
|
|t:|1760756051
|move|p2a: Vileplume|Leech Seed|p1a: Slowking
|-start|p1a: Slowking|move: Leech Seed
|move|p1a: Slowking|Future Sight|p2a: Vileplume
|-start|p1a: Slowking|move: Future Sight
|
|-damage|p1a: Slowking|88/100|[from] Leech Seed|[of] p2a: Vileplume
|-heal|p2a: Vileplume|100/100|[silent]
|upkeep
|turn|29
|
|t:|1760756062
|switch|p2a: Pachirisu|Pachirisu, M|100/100
|move|p1a: Slowking|Ice Beam|p2a: Pachirisu
|-crit|p2a: Pachirisu
|-damage|p2a: Pachirisu|80/100
|
|-damage|p1a: Slowking|76/100|[from] Leech Seed|[of] p2a: Pachirisu
|-heal|p2a: Pachirisu|95/100|[silent]
|upkeep
|turn|30
|
|t:|1760756070
|move|p2a: Pachirisu|Nuzzle|p1a: Slowking
|-damage|p1a: Slowking|73/100
|-status|p1a: Slowking|par
|-prepare|p1a: Slowking|Chilly Reception|[premajor]
|move|p1a: Slowking|Chilly Reception|p1a: Slowking
|-weather|Snowscape
|c|☆jrg123|you're the guy who uses japanese sets
|c|☆jrg123|and heat teams
|
|t:|1760756089
|switch|p1a: Cinderace|Cinderace, M|24/100 slp|[from] Chilly Reception
|
|-weather|Snowscape|[upkeep]
|-end|p2a: Pachirisu|move: Future Sight
|-damage|p2a: Pachirisu|71/100
|upkeep
|turn|31
|
|t:|1760756096
|-curestatus|p1a: Cinderace|slp|[msg]
|move|p1a: Cinderace|Will-O-Wisp|p2a: Pachirisu|[miss]
|-miss|p1a: Cinderace|p2a: Pachirisu
|move|p2a: Pachirisu|U-turn|p1a: Cinderace
|-resisted|p1a: Cinderace
|-damage|p1a: Cinderace|19/100
|
|t:|1760756101
|switch|p2a: Dragapult|Dragapult, M|100/100|[from] U-turn
|
|-weather|Snowscape|[upkeep]
|upkeep
|turn|32
|c|☆jrg123|this cinderance cant hit a damn attack
|
|t:|1760756115
|move|p2a: Dragapult|Substitute|p2a: Dragapult
|-start|p2a: Dragapult|Substitute
|-damage|p2a: Dragapult|76/100
|move|p1a: Cinderace|U-turn|p2a: Dragapult
|-resisted|p2a: Dragapult
|-activate|p2a: Dragapult|move: Substitute|[damage]
|
|t:|1760756122
|switch|p1a: Scizor|Scizor, M, tera:Steel|84/100|[from] U-turn
|
|-weather|Snowscape|[upkeep]
|-heal|p2a: Dragapult|82/100|[from] item: Leftovers
|upkeep
|turn|33
|
|t:|1760756128
|move|p2a: Dragapult|Phantom Force||[still]
|-prepare|p2a: Dragapult|Phantom Force
|move|p1a: Scizor|U-turn|p2a: Dragapult|[miss]
|-miss|p1a: Scizor|p2a: Dragapult
|
|-weather|Snowscape|[upkeep]
|-heal|p2a: Dragapult|88/100|[from] item: Leftovers
|upkeep
|turn|34
|
|t:|1760756132
|move|p2a: Dragapult|Phantom Force|p1a: Scizor|[from] lockedmove
|-damage|p1a: Scizor|38/100
|move|p1a: Scizor|U-turn|p2a: Dragapult
|-resisted|p2a: Dragapult
|-end|p2a: Dragapult|Substitute
|
|t:|1760756138
|switch|p1a: Enamorus|Enamorus, F|100/100|[from] U-turn
|
|-weather|none
|-heal|p2a: Dragapult|94/100|[from] item: Leftovers
|upkeep
|turn|35
|
|t:|1760756156
|switch|p2a: Vileplume|Vileplume, M|100/100
|move|p1a: Enamorus|Moonblast|p2a: Vileplume
|-resisted|p2a: Vileplume
|-crit|p2a: Vileplume
|-damage|p2a: Vileplume|56/100
|-unboost|p2a: Vileplume|spa|1
|
|upkeep
|turn|36
|
|t:|1760756162
|move|p1a: Enamorus|Moonblast|p2a: Vileplume
|-resisted|p2a: Vileplume
|-damage|p2a: Vileplume|26/100
|move|p2a: Vileplume|Strength Sap|p1a: Enamorus
|-boost|p1a: Enamorus|atk|1
|-heal|p2a: Vileplume|94/100
|
|upkeep
|turn|37
|
|t:|1760756168
|switch|p1a: Slowking|Slowking-Galar, F|100/100 par
|move|p2a: Vileplume|Sludge Wave|p1a: Slowking
|-resisted|p1a: Slowking
|-damage|p1a: Slowking|91/100 par
|
|upkeep
|turn|38
|
|t:|1760756177
|move|p2a: Vileplume|Leech Seed|p1a: Slowking
|-start|p1a: Slowking|move: Leech Seed
|move|p1a: Slowking|Future Sight|p2a: Vileplume
|-start|p1a: Slowking|move: Future Sight
|
|-damage|p1a: Slowking|78/100 par|[from] Leech Seed|[of] p2a: Vileplume
|-heal|p2a: Vileplume|100/100|[silent]
|upkeep
|turn|39
|
|t:|1760756182
|switch|p2a: Pachirisu|Pachirisu, M|71/100
|-prepare|p1a: Slowking|Chilly Reception|[premajor]
|cant|p1a: Slowking|par
|
|-damage|p1a: Slowking|66/100 par|[from] Leech Seed|[of] p2a: Pachirisu
|-heal|p2a: Pachirisu|86/100|[silent]
|upkeep
|turn|40
|
|t:|1760756192
|move|p2a: Pachirisu|Super Fang|p1a: Slowking
|-damage|p1a: Slowking|33/100 par
|-prepare|p1a: Slowking|Chilly Reception|[premajor]
|cant|p1a: Slowking|par
|
|-end|p2a: Pachirisu|move: Future Sight
|-damage|p2a: Pachirisu|59/100
|-damage|p1a: Slowking|21/100 par|[from] Leech Seed|[of] p2a: Pachirisu
|-heal|p2a: Pachirisu|74/100|[silent]
|upkeep
|turn|41
|
|t:|1760756203
|switch|p1a: Alomomola|Alomomola, F|75/100 slp
|move|p2a: Pachirisu|Super Fang|p1a: Alomomola
|-damage|p1a: Alomomola|38/100 slp
|
|upkeep
|turn|42
|
|t:|1760756209
|switch|p1a: Slowking|Slowking-Galar, F|54/100 par
|move|p2a: Pachirisu|U-turn|p1a: Slowking
|-damage|p1a: Slowking|48/100 par
|
|t:|1760756213
|switch|p2a: Dragapult|Dragapult, M|94/100|[from] U-turn
|
|-heal|p2a: Dragapult|99/100|[from] item: Leftovers
|upkeep
|turn|43
|
|t:|1760756223
|switch|p1a: Scizor|Scizor, M, tera:Steel|38/100
|move|p2a: Dragapult|Phantom Force||[still]
|-prepare|p2a: Dragapult|Phantom Force
|
|-heal|p2a: Dragapult|100/100|[from] item: Leftovers
|upkeep
|turn|44
|
|t:|1760756228
|move|p2a: Dragapult|Phantom Force|p1a: Scizor|[from] lockedmove
|-damage|p1a: Scizor|0 fnt
|faint|p1a: Scizor
|
|upkeep
|
|t:|1760756232
|switch|p1a: Enamorus|Enamorus, F|100/100
|turn|45
|
|t:|1760756241
|switch|p1a: Cinderace|Cinderace, M|19/100
|switch|p2a: Pachirisu|Pachirisu, M|74/100
|
|upkeep
|turn|46
|
|t:|1760756248
|switch|p2a: Great Tusk|Great Tusk|100/100
|move|p1a: Cinderace|U-turn|p2a: Great Tusk
|-resisted|p2a: Great Tusk
|-damage|p2a: Great Tusk|96/100
|
|t:|1760756252
|switch|p1a: Enamorus|Enamorus, F|100/100|[from] U-turn
|
|upkeep
|turn|47
|
|t:|1760756258
|-end|p2a: Great Tusk|Protosynthesis|[silent]
|switch|p2a: Pachirisu|Pachirisu, M|74/100
|move|p1a: Enamorus|Moonblast|p2a: Pachirisu
|-damage|p2a: Pachirisu|44/100
|-unboost|p2a: Pachirisu|spa|1
|
|upkeep
|turn|48
|
|t:|1760756267
|switch|p1a: Slowking|Slowking-Galar, F|81/100 par
|move|p2a: Pachirisu|Endeavor|p1a: Slowking
|-damage|p1a: Slowking|36/100 par
|
|upkeep
|turn|49
|
|t:|1760756277
|move|p2a: Pachirisu|Super Fang|p1a: Slowking
|-damage|p1a: Slowking|18/100 par
|cant|p1a: Slowking|par
|
|upkeep
|turn|50
|
|t:|1760756286
|switch|p1a: Alomomola|Alomomola, F|71/100 slp
|move|p2a: Pachirisu|U-turn|p1a: Alomomola
|-damage|p1a: Alomomola|64/100 slp
|
|t:|1760756289
|switch|p2a: Dragapult|Dragapult, M|100/100|[from] U-turn
|
|upkeep
|turn|51
|
|t:|1760756300
|move|p2a: Dragapult|Substitute|p2a: Dragapult
|-start|p2a: Dragapult|Substitute
|-damage|p2a: Dragapult|76/100
|cant|p1a: Alomomola|slp
|
|-heal|p2a: Dragapult|82/100|[from] item: Leftovers
|upkeep
|turn|52
|
|t:|1760756304
|move|p2a: Dragapult|Dragon Dance|p2a: Dragapult
|-boost|p2a: Dragapult|atk|1
|-boost|p2a: Dragapult|spe|1
|cant|p1a: Alomomola|slp
|
|-heal|p2a: Dragapult|88/100|[from] item: Leftovers
|upkeep
|turn|53
|-message|jrg123 forfeited.
|
|win|jxrx
|raw|jrg123's rating: 1467 &rarr; <strong>1444</strong><br />(-23 for losing)
|raw|jxrx's rating: 1413 &rarr; <strong>1436</strong><br />(+23 for winning)
|l|☆jrg123
|player|p1|
|l|☆jxrx
|player|p2|
