|j|☆Mrvinpk
|j|☆Volga123
|t:|1760720598
|gametype|singles
|player|p1|Mrvinpk|lucas|1507
|player|p2|Volga123|cynthia|1452
|gen|9
|tier|[Gen 9] OU
|rated|
|rule|HP Percentage Mod: HP is shown in percentages
|rule|Endless Battle Clause: Forcing endless battles is banned
|rule|Species Clause: Limit one of each Pokémon
|rule|OHKO Clause: OHKO moves are banned
|rule|Evasion Items Clause: Evasion items are banned
|rule|Evasion Moves Clause: Evasion moves are banned
|rule|Evasion Abilities Clause: Evasion abilities are banned
|rule|Sleep Moves Clause: Sleep-inducing moves are banned
|clearpoke
|poke|p1|Clodsire, M|
|poke|p1|Meowscarada, M|
|poke|p1|Great Tusk|
|poke|p1|Slowking-Galar, M|
|poke|p1|Raging Bolt|
|poke|p1|Dondozo, M|
|poke|p2|Araquanid, M|
|poke|p2|Politoed, M|
|poke|p2|Raging Bolt|
|poke|p2|Bisharp, M|
|poke|p2|Iron Jugulis|
|poke|p2|Clodsire, M|
|teampreview
|inactive|Battle timer is ON: inactive players will automatically lose when time's up. (requested by Mrvinpk)
|
|t:|1760720608
|teamsize|p1|6
|teamsize|p2|6
|start
|switch|p1a: Raging Bolt|Raging Bolt|100/100
|switch|p2a: Politoed|Politoed, M|100/100
|-weather|RainDance|[from] ability: Drizzle|[of] p2a: Politoed
|turn|1
|
|t:|1760720634
|-end|p1a: Raging Bolt|Protosynthesis|[silent]
|switch|p1a: Meowscarada|Meowscarada, M, shiny|100/100
|switch|p2a: Clodsire|Clodsire, M|100/100
|
|-weather|RainDance|[upkeep]
|upkeep
|turn|2
|inactive|Mrvinpk has 120 seconds left.
|
|t:|1760720659
|-terastallize|p1a: Meowscarada|Dark
|move|p1a: Meowscarada|Knock Off|p2a: Clodsire
|-damage|p2a: Clodsire|28/100
|-enditem|p2a: Clodsire|Black Sludge|[from] move: Knock Off|[of] p1a: Meowscarada
|move|p2a: Clodsire|Toxic|p1a: Meowscarada
|-status|p1a: Meowscarada|tox
|
|-weather|RainDance|[upkeep]
|-damage|p1a: Meowscarada|94/100 tox|[from] psn
|upkeep
|turn|3
|inactive|Mrvinpk has 120 seconds left.
|
|t:|1760720670
|switch|p2a: Iron Jugulis|Iron Jugulis|100/100
|-enditem|p2a: Iron Jugulis|Booster Energy
|-activate|p2a: Iron Jugulis|ability: Quark Drive|[fromitem]
|-start|p2a: Iron Jugulis|quarkdrivespe
|move|p1a: Meowscarada|Knock Off|p2a: Iron Jugulis
|-resisted|p2a: Iron Jugulis
|-damage|p2a: Iron Jugulis|60/100
|
|-weather|RainDance|[upkeep]
|-damage|p1a: Meowscarada|82/100 tox|[from] psn
|upkeep
|turn|4
|inactive|Mrvinpk has 120 seconds left.
|
|t:|1760720685
|switch|p1a: Clodsire|Clodsire, M, shiny|100/100
|move|p2a: Iron Jugulis|Hurricane|p1a: Clodsire
|-damage|p1a: Clodsire|69/100
|
|-weather|RainDance|[upkeep]
|-heal|p1a: Clodsire|75/100|[from] item: Leftovers
|upkeep
|turn|5
|
|t:|1760720698
|move|p2a: Iron Jugulis|Hurricane|p1a: Clodsire
|-damage|p1a: Clodsire|44/100
|move|p1a: Clodsire|Stealth Rock|p2a: Iron Jugulis
|-sidestart|p2: Volga123|move: Stealth Rock
|
|-weather|RainDance|[upkeep]
|-heal|p1a: Clodsire|51/100|[from] item: Leftovers
|upkeep
|turn|6
|inactive|Mrvinpk has 120 seconds left.
|
|t:|1760720706
|move|p2a: Iron Jugulis|Hydro Pump|p1a: Clodsire
|-supereffective|p1a: Clodsire
|-damage|p1a: Clodsire|0 fnt
|faint|p1a: Clodsire
|
|-weather|RainDance|[upkeep]
|upkeep
|inactive|Mrvinpk has 120 seconds left.
|
|t:|1760720720
|switch|p1a: Raging Bolt|Raging Bolt|100/100
|turn|7
|
|t:|1760720726
|-end|p2a: Iron Jugulis|Quark Drive|[silent]
|switch|p2a: Clodsire|Clodsire, M|28/100
|-damage|p2a: Clodsire|21/100|[from] Stealth Rock
|move|p1a: Raging Bolt|Thunderclap||[still]
|-fail|p1a: Raging Bolt
|
|-weather|RainDance|[upkeep]
|upkeep
|turn|8
|
|t:|1760720734
|move|p1a: Raging Bolt|Draco Meteor|p2a: Clodsire
|-damage|p2a: Clodsire|0 fnt
|-unboost|p1a: Raging Bolt|spa|2
|faint|p2a: Clodsire
|
|-weather|none
|upkeep
|
|t:|1760720741
|switch|p2a: Politoed|Politoed, M|100/100
|-damage|p2a: Politoed|88/100|[from] Stealth Rock
|-weather|RainDance|[from] ability: Drizzle|[of] p2a: Politoed
|turn|9
|
|t:|1760720746
|move|p1a: Raging Bolt|Volt Switch|p2a: Politoed
|-supereffective|p2a: Politoed
|-damage|p2a: Politoed|52/100
|
|t:|1760720751
|-end|p1a: Raging Bolt|Protosynthesis|[silent]
|switch|p1a: Slowking|Slowking-Galar, M, shiny|100/100|[from] Volt Switch
|move|p2a: Politoed|Earth Power|p1a: Slowking
|-supereffective|p1a: Slowking
|-damage|p1a: Slowking|74/100
|
|-weather|RainDance|[upkeep]
|upkeep
|turn|10
|
|t:|1760720764
|switch|p2a: Araquanid|Araquanid, M|100/100
|-damage|p2a: Araquanid|75/100|[from] Stealth Rock
|move|p1a: Slowking|Sludge Bomb|p2a: Araquanid
|-damage|p2a: Araquanid|50/100
|-status|p2a: Araquanid|psn
|
|-weather|RainDance|[upkeep]
|-damage|p2a: Araquanid|38/100 psn|[from] psn
|upkeep
|turn|11
|
|t:|1760720775
|switch|p1a: Dondozo|Dondozo, M, shiny|100/100
|move|p2a: Araquanid|Liquidation|p1a: Dondozo
|-resisted|p1a: Dondozo
|-crit|p1a: Dondozo
|-damage|p1a: Dondozo|55/100
|-damage|p2a: Araquanid|21/100 psn|[from] item: Rocky Helmet|[of] p1a: Dondozo
|
|-weather|RainDance|[upkeep]
|-damage|p2a: Araquanid|9/100 psn|[from] psn
|upkeep
|turn|12
|
|t:|1760720786
|move|p2a: Araquanid|Liquidation|p1a: Dondozo
|-resisted|p1a: Dondozo
|-damage|p1a: Dondozo|23/100
|-damage|p2a: Araquanid|0 fnt|[from] item: Rocky Helmet|[of] p1a: Dondozo
|faint|p2a: Araquanid
|move|p1a: Dondozo|Rest|p1a: Dondozo
|-status|p1a: Dondozo|slp|[from] move: Rest
|-heal|p1a: Dondozo|100/100 slp|[silent]
|
|-weather|RainDance|[upkeep]
|upkeep
|
|t:|1760720790
|switch|p2a: Raging Bolt|Raging Bolt|100/100
|-damage|p2a: Raging Bolt|88/100|[from] Stealth Rock
|-enditem|p2a: Raging Bolt|Booster Energy
|-activate|p2a: Raging Bolt|ability: Protosynthesis|[fromitem]
|-start|p2a: Raging Bolt|protosynthesisspa
|turn|13
|inactive|Mrvinpk has 120 seconds left.
|inactive|Mrvinpk has 90 seconds left.
|
|t:|1760720862
|switch|p1a: Slowking|Slowking-Galar, M, shiny|100/100
|move|p2a: Raging Bolt|Dragon Pulse|p1a: Slowking
|-damage|p1a: Slowking|65/100
|
|-weather|RainDance|[upkeep]
|upkeep
|turn|14
|
|t:|1760720891
|move|p2a: Raging Bolt|Thunder|p1a: Slowking
|-damage|p1a: Slowking|16/100
|move|p1a: Slowking|Mud Shot|p2a: Raging Bolt
|-supereffective|p2a: Raging Bolt
|-crit|p2a: Raging Bolt
|-damage|p2a: Raging Bolt|53/100
|-unboost|p2a: Raging Bolt|spe|1
|
|-weather|RainDance|[upkeep]
|upkeep
|turn|15
|
|t:|1760720901
|switch|p1a: Raging Bolt|Raging Bolt|100/100
|move|p2a: Raging Bolt|Dragon Pulse|p1a: Raging Bolt
|-supereffective|p1a: Raging Bolt
|-damage|p1a: Raging Bolt|25/100
|
|-weather|RainDance|[upkeep]
|upkeep
|turn|16
|
|t:|1760720914
|-terastallize|p2a: Raging Bolt|Water
|move|p1a: Raging Bolt|Draco Meteor|p2a: Raging Bolt
|-crit|p2a: Raging Bolt
|-damage|p2a: Raging Bolt|0 fnt
|-unboost|p1a: Raging Bolt|spa|2
|faint|p2a: Raging Bolt
|-end|p2a: Raging Bolt|Protosynthesis|[silent]
|
|-weather|none
|upkeep
|
|t:|1760720919
|switch|p2a: Politoed|Politoed, M|52/100
|-damage|p2a: Politoed|40/100|[from] Stealth Rock
|-weather|RainDance|[from] ability: Drizzle|[of] p2a: Politoed
|turn|17
|
|t:|1760720928
|move|p1a: Raging Bolt|Volt Switch|p2a: Politoed
|-supereffective|p2a: Politoed
|-damage|p2a: Politoed|0 fnt
|faint|p2a: Politoed
|-message|Volga123 forfeited.
|
|win|Mrvinpk
|raw|Mrvinpk's rating: 1507 &rarr; <strong>1524</strong><br />(+17 for winning)
|raw|Volga123's rating: 1452 &rarr; <strong>1435</strong><br />(-17 for losing)
|l|☆Volga123
|player|p2|
|l|☆Mrvinpk
|player|p1|
