|j|☆nfyhsueryfgius
|j|☆lynx1240
|t:|1760812709
|gametype|singles
|player|p1|nfyhsueryfgius|ghetsis|1744
|player|p2|lynx1240|169|1729
|gen|9
|tier|[Gen 9] OU
|rated|
|rule|HP Percentage Mod: HP is shown in percentages
|rule|Endless Battle Clause: Forcing endless battles is banned
|rule|Species Clause: Limit one of each Pokémon
|rule|OHKO Clause: OHKO moves are banned
|rule|Evasion Items Clause: Evasion items are banned
|rule|Evasion Moves Clause: Evasion moves are banned
|rule|Evasion Abilities Clause: Evasion abilities are banned
|rule|Sleep Moves Clause: Sleep-inducing moves are banned
|clearpoke
|poke|p1|Tornadus-Therian, M|
|poke|p1|Great Tusk|
|poke|p1|Hatterene, F|
|poke|p1|Heatran, M|
|poke|p1|Zamazenta-*|
|poke|p1|Raging Bolt|
|poke|p2|Dondozo, M|
|poke|p2|Primarina, M|
|poke|p2|Great Tusk|
|poke|p2|Iron Moth|
|poke|p2|Gholdengo|
|poke|p2|Dragapult, M|
|teampreview
|j| Capitaine Tenace
|
|t:|1760812758
|teamsize|p1|6
|teamsize|p2|6
|start
|switch|p1a: Tornadus|Tornadus-Therian, M|100/100
|switch|p2a: Primarina|Primarina, M|100/100
|turn|1
|
|t:|1760812767
|move|p1a: Tornadus|Knock Off|p2a: Primarina
|-resisted|p2a: Primarina
|-damage|p2a: Primarina|88/100
|-enditem|p2a: Primarina|Assault Vest|[from] move: Knock Off|[of] p1a: Tornadus
|move|p2a: Primarina|Moonblast|p1a: Tornadus
|-damage|p1a: Tornadus|63/100
|
|upkeep
|turn|2
|
|t:|1760812773
|move|p1a: Tornadus|U-turn|p2a: Primarina
|-resisted|p2a: Primarina
|-damage|p2a: Primarina|78/100
|
|t:|1760812774
|switch|p1a: Heatran|Heatran, M|100/100|[from] U-turn
|move|p2a: Primarina|Moonblast|p1a: Heatran
|-resisted|p1a: Heatran
|-damage|p1a: Heatran|87/100
|
|-heal|p1a: Heatran|93/100|[from] item: Leftovers
|upkeep
|turn|3
|
|t:|1760812777
|switch|p1a: Raging Bolt|Raging Bolt|100/100
|move|p2a: Primarina|Sparkling Aria|p1a: Raging Bolt
|-resisted|p1a: Raging Bolt
|-damage|p1a: Raging Bolt|78/100
|
|upkeep
|turn|4
|
|t:|1760812782
|switch|p2a: Great Tusk|Great Tusk|100/100
|move|p1a: Raging Bolt|Volt Switch|p2a: Great Tusk
|-immune|p2a: Great Tusk
|
|upkeep
|turn|5
|
|t:|1760812785
|-end|p1a: Raging Bolt|Protosynthesis|[silent]
|switch|p1a: Hatterene|Hatterene, F|100/100
|move|p2a: Great Tusk|Knock Off|p1a: Hatterene
|-damage|p1a: Hatterene|74/100
|-damage|p2a: Great Tusk|84/100|[from] item: Rocky Helmet|[of] p1a: Hatterene
|-enditem|p1a: Hatterene|Rocky Helmet|[from] move: Knock Off|[of] p2a: Great Tusk
|
|-heal|p2a: Great Tusk|90/100|[from] item: Leftovers
|upkeep
|turn|6
|
|t:|1760812789
|-end|p2a: Great Tusk|Protosynthesis|[silent]
|switch|p2a: Gholdengo|Gholdengo|100/100
|move|p1a: Hatterene|Nuzzle|p2a: Gholdengo
|-damage|p2a: Gholdengo|97/100
|-status|p2a: Gholdengo|par
|
|upkeep
|turn|7
|
|t:|1760812795
|switch|p1a: Heatran|Heatran, M|93/100
|move|p2a: Gholdengo|Shadow Ball|p1a: Heatran
|-damage|p1a: Heatran|21/100
|
|-heal|p1a: Heatran|27/100|[from] item: Leftovers
|upkeep
|turn|8
|
|t:|1760812799
|switch|p2a: Primarina|Primarina, M|78/100
|move|p1a: Heatran|Stealth Rock|p2a: Primarina
|-sidestart|p2: lynx1240|move: Stealth Rock
|
|-heal|p1a: Heatran|34/100|[from] item: Leftovers
|upkeep
|turn|9
|
|t:|1760812808
|switch|p1a: Tornadus|Tornadus-Therian, M|96/100
|move|p2a: Primarina|Sparkling Aria|p1a: Tornadus
|-damage|p1a: Tornadus|60/100
|
|upkeep
|turn|10
|
|t:|1760812811
|move|p1a: Tornadus|Bleakwind Storm|p2a: Primarina
|-damage|p2a: Primarina|48/100
|-unboost|p2a: Primarina|spe|1
|move|p2a: Primarina|Moonblast|p1a: Tornadus
|-damage|p1a: Tornadus|24/100
|
|upkeep
|turn|11
|
|t:|1760812819
|move|p1a: Tornadus|U-turn|p2a: Primarina
|-resisted|p2a: Primarina
|-damage|p2a: Primarina|39/100
|
|t:|1760812821
|switch|p1a: Raging Bolt|Raging Bolt|78/100|[from] U-turn
|move|p2a: Primarina|Sparkling Aria|p1a: Raging Bolt
|-resisted|p1a: Raging Bolt
|-damage|p1a: Raging Bolt|55/100
|
|upkeep
|turn|12
|
|t:|1760812824
|move|p1a: Raging Bolt|Volt Switch|p2a: Primarina
|-supereffective|p2a: Primarina
|-damage|p2a: Primarina|0 fnt
|faint|p2a: Primarina
|
|t:|1760812828
|-end|p1a: Raging Bolt|Protosynthesis|[silent]
|switch|p1a: Tornadus|Tornadus-Therian, M|57/100|[from] Volt Switch
|
|upkeep
|
|t:|1760812831
|switch|p2a: Dragapult|Dragapult, M|100/100
|-damage|p2a: Dragapult|88/100|[from] Stealth Rock
|turn|13
|
|t:|1760812834
|move|p2a: Dragapult|U-turn|p1a: Tornadus
|-resisted|p1a: Tornadus
|-damage|p1a: Tornadus|36/100
|
|t:|1760812841
|switch|p2a: Iron Moth|Iron Moth|100/100|[from] U-turn
|move|p1a: Tornadus|Knock Off|p2a: Iron Moth
|-damage|p2a: Iron Moth|65/100
|-enditem|p2a: Iron Moth|Heavy-Duty Boots|[from] move: Knock Off|[of] p1a: Tornadus
|
|upkeep
|turn|14
|
|t:|1760812849
|move|p1a: Tornadus|U-turn|p2a: Iron Moth
|-resisted|p2a: Iron Moth
|-damage|p2a: Iron Moth|59/100
|
|t:|1760812851
|switch|p1a: Heatran|Heatran, M|34/100|[from] U-turn
|move|p2a: Iron Moth|U-turn|p1a: Heatran
|-resisted|p1a: Heatran
|-damage|p1a: Heatran|31/100
|
|t:|1760812853
|-end|p2a: Iron Moth|Quark Drive|[silent]
|switch|p2a: Great Tusk|Great Tusk|90/100|[from] U-turn
|-damage|p2a: Great Tusk|87/100|[from] Stealth Rock
|
|-heal|p2a: Great Tusk|93/100|[from] item: Leftovers
|-heal|p1a: Heatran|37/100|[from] item: Leftovers
|upkeep
|turn|15
|
|t:|1760812860
|move|p2a: Great Tusk|Stealth Rock|p1a: Heatran
|-sidestart|p1: nfyhsueryfgius|move: Stealth Rock
|move|p1a: Heatran|Magma Storm|p2a: Great Tusk
|-damage|p2a: Great Tusk|17/100
|-activate|p2a: Great Tusk|move: Magma Storm|[of] p1a: Heatran
|
|-heal|p2a: Great Tusk|24/100|[from] item: Leftovers
|-heal|p1a: Heatran|44/100|[from] item: Leftovers
|-damage|p2a: Great Tusk|11/100|[from] move: Magma Storm|[partiallytrapped]
|upkeep
|turn|16
|
|t:|1760812868
|move|p2a: Great Tusk|Earthquake|p1a: Heatran
|-supereffective|p1a: Heatran
|-damage|p1a: Heatran|0 fnt
|faint|p1a: Heatran
|
|-heal|p2a: Great Tusk|17/100|[from] item: Leftovers
|-end|p2a: Great Tusk|Magma Storm|[partiallytrapped]|[silent]
|upkeep
|
|t:|1760812871
|switch|p1a: Great Tusk|Great Tusk|100/100
|turn|17
|
|t:|1760812876
|move|p1a: Great Tusk|Ice Spinner|p2a: Great Tusk
|-supereffective|p2a: Great Tusk
|-damage|p2a: Great Tusk|0 fnt
|faint|p2a: Great Tusk
|-end|p2a: Great Tusk|Protosynthesis|[silent]
|
|upkeep
|
|t:|1760812880
|switch|p2a: Iron Moth|Iron Moth|59/100
|-damage|p2a: Iron Moth|34/100|[from] Stealth Rock
|turn|18
|
|t:|1760812886
|-end|p1a: Great Tusk|Protosynthesis|[silent]
|switch|p1a: Tornadus|Tornadus-Therian, M|69/100
|-damage|p1a: Tornadus|44/100|[from] Stealth Rock
|move|p2a: Iron Moth|Psychic|p1a: Tornadus
|-damage|p1a: Tornadus|22/100
|
|upkeep
|turn|19
|
|t:|1760812890
|move|p1a: Tornadus|Bleakwind Storm|p2a: Iron Moth
|-damage|p2a: Iron Moth|0 fnt
|faint|p2a: Iron Moth
|-end|p2a: Iron Moth|Quark Drive|[silent]
|
|upkeep
|
|t:|1760812892
|switch|p2a: Dragapult|Dragapult, M|88/100
|-damage|p2a: Dragapult|76/100|[from] Stealth Rock
|turn|20
|
|t:|1760812896
|switch|p1a: Hatterene|Hatterene, F|74/100
|-damage|p1a: Hatterene|62/100|[from] Stealth Rock
|move|p2a: Dragapult|U-turn|p1a: Hatterene
|-damage|p1a: Hatterene|35/100
|
|t:|1760812898
|switch|p2a: Gholdengo|Gholdengo|97/100 par|[from] U-turn
|-damage|p2a: Gholdengo|90/100 par|[from] Stealth Rock
|
|upkeep
|turn|21
|
|t:|1760812901
|move|p1a: Hatterene|Pain Split|p2a: Gholdengo
|-immune|p2a: Gholdengo|[from] ability: Good as Gold
|move|p2a: Gholdengo|Shadow Ball|p1a: Hatterene
|-supereffective|p1a: Hatterene
|-damage|p1a: Hatterene|0 fnt
|faint|p1a: Hatterene
|
|upkeep
|
|t:|1760812904
|switch|p1a: Great Tusk|Great Tusk|100/100
|turn|22
|
|t:|1760812907
|switch|p2a: Dondozo|Dondozo, M|100/100
|-damage|p2a: Dondozo|88/100|[from] Stealth Rock
|move|p1a: Great Tusk|Headlong Rush|p2a: Dondozo
|-damage|p2a: Dondozo|62/100
|-unboost|p1a: Great Tusk|def|1
|-unboost|p1a: Great Tusk|spd|1
|-damage|p1a: Great Tusk|84/100|[from] item: Rocky Helmet|[of] p2a: Dondozo
|
|upkeep
|turn|23
|
|t:|1760812910
|move|p1a: Great Tusk|Rapid Spin|p2a: Dondozo
|-damage|p2a: Dondozo|54/100
|-boost|p1a: Great Tusk|spe|1
|-damage|p1a: Great Tusk|68/100|[from] item: Rocky Helmet|[of] p2a: Dondozo
|-sideend|p1: nfyhsueryfgius|Stealth Rock|[from] move: Rapid Spin|[of] p1a: Great Tusk
|move|p2a: Dondozo|Body Press|p1a: Great Tusk
|-damage|p1a: Great Tusk|47/100
|
|upkeep
|turn|24
|
|t:|1760812915
|-end|p1a: Great Tusk|Protosynthesis|[silent]
|switch|p1a: Raging Bolt|Raging Bolt|55/100
|move|p2a: Dondozo|Body Press|p1a: Raging Bolt
|-damage|p1a: Raging Bolt|30/100
|
|upkeep
|turn|25
|
|t:|1760812918
|switch|p2a: Gholdengo|Gholdengo|90/100 par
|-damage|p2a: Gholdengo|84/100 par|[from] Stealth Rock
|move|p1a: Raging Bolt|Thunderbolt|p2a: Gholdengo
|-damage|p2a: Gholdengo|8/100 par
|
|upkeep
|turn|26
|
|t:|1760812921
|move|p1a: Raging Bolt|Thunderbolt|p2a: Gholdengo
|-damage|p2a: Gholdengo|0 fnt
|faint|p2a: Gholdengo
|
|upkeep
|
|t:|1760812922
|switch|p2a: Dragapult|Dragapult, M|76/100
|-damage|p2a: Dragapult|64/100|[from] Stealth Rock
|turn|27
|
|t:|1760812925
|-end|p1a: Raging Bolt|Protosynthesis|[silent]
|switch|p1a: Great Tusk|Great Tusk|47/100
|move|p2a: Dragapult|Dragon Darts|p1a: Great Tusk
|-damage|p1a: Great Tusk|21/100
|-anim|p2a: Dragapult|Dragon Darts|p1a: Great Tusk
|-damage|p1a: Great Tusk|0 fnt
|faint|p1a: Great Tusk
|-end|p1a: Great Tusk|Protosynthesis|[silent]
|
|upkeep
|
|t:|1760812929
|switch|p1a: Raging Bolt|Raging Bolt|30/100
|turn|28
|
|t:|1760812933
|switch|p2a: Dondozo|Dondozo, M|54/100
|-damage|p2a: Dondozo|41/100|[from] Stealth Rock
|-terastallize|p1a: Raging Bolt|Fairy
|move|p1a: Raging Bolt|Thunderbolt|p2a: Dondozo
|-supereffective|p2a: Dondozo
|-damage|p2a: Dondozo|0 fnt
|faint|p2a: Dondozo
|
|upkeep
|
|t:|1760812934
|switch|p2a: Dragapult|Dragapult, M|64/100
|-damage|p2a: Dragapult|51/100|[from] Stealth Rock
|turn|29
|
|t:|1760812939
|-end|p1a: Raging Bolt|Protosynthesis|[silent]
|switch|p1a: Tornadus|Tornadus-Therian, M|55/100
|move|p2a: Dragapult|Psychic Fangs|p1a: Tornadus
|-damage|p1a: Tornadus|5/100
|
|upkeep
|turn|30
|
|t:|1760812943
|move|p2a: Dragapult|Psychic Fangs|p1a: Tornadus
|-damage|p1a: Tornadus|0 fnt
|faint|p1a: Tornadus
|
|upkeep
|
|t:|1760812946
|switch|p1a: Raging Bolt|Raging Bolt, tera:Fairy|30/100
|turn|31
|
|t:|1760812947
|move|p1a: Raging Bolt|Thunderclap|p2a: Dragapult
|-resisted|p2a: Dragapult
|-damage|p2a: Dragapult|7/100
|move|p2a: Dragapult|Psychic Fangs|p1a: Raging Bolt
|-damage|p1a: Raging Bolt|0 fnt
|faint|p1a: Raging Bolt
|-end|p1a: Raging Bolt|Protosynthesis|[silent]
|
|upkeep
|
|t:|1760812949
|switch|p1a: Zamazenta|Zamazenta|100/100
|-ability|p1a: Zamazenta|Dauntless Shield|boost
|-boost|p1a: Zamazenta|def|1
|turn|32
|
|t:|1760812952
|move|p2a: Dragapult|Psychic Fangs|p1a: Zamazenta
|-supereffective|p1a: Zamazenta
|-damage|p1a: Zamazenta|50/100
|move|p1a: Zamazenta|Crunch|p2a: Dragapult
|-supereffective|p2a: Dragapult
|-damage|p2a: Dragapult|0 fnt
|faint|p2a: Dragapult
|
|win|nfyhsueryfgius
|raw|nfyhsueryfgius's rating: 1744 &rarr; <strong>1763</strong><br />(+19 for winning)
|raw|lynx1240's rating: 1729 &rarr; <strong>1710</strong><br />(-19 for losing)
|l|☆lynx1240
|player|p2|
|l|☆nfyhsueryfgius
|player|p1|
