|j|☆glandyth-a-krae
|j|☆gamergenrry
|t:|1760744912
|gametype|singles
|player|p1|glandyth-a-krae|170|1178
|player|p2|gamergenrry|169|1181
|gen|9
|tier|[Gen 9] OU
|rated|
|rule|HP Percentage Mod: HP is shown in percentages
|rule|Endless Battle Clause: Forcing endless battles is banned
|rule|Species Clause: Limit one of each Pokémon
|rule|OHKO Clause: OHKO moves are banned
|rule|Evasion Items Clause: Evasion items are banned
|rule|Evasion Moves Clause: Evasion moves are banned
|rule|Evasion Abilities Clause: Evasion abilities are banned
|rule|Sleep Moves Clause: Sleep-inducing moves are banned
|clearpoke
|poke|p1|Emboar, M|
|poke|p1|Weezing-Galar, F|
|poke|p1|Alomomola, F|
|poke|p1|Garganacl, F|
|poke|p1|Blissey, F|
|poke|p1|Electrode-Hisui|
|poke|p2|Serperior, F|
|poke|p2|Emboar, M|
|poke|p2|Samurott-Hisui, F|
|poke|p2|Galvantula, M|
|poke|p2|Hydreigon, M|
|poke|p2|Landorus-Therian, M|
|teampreview
|inactive|Battle timer is ON: inactive players will automatically lose when time's up. (requested by gamergenrry)
|c|☆gamergenrry|gen 5
|
|t:|1760744943
|teamsize|p1|6
|teamsize|p2|6
|start
|switch|p1a: Weezing|Weezing-Galar, F|100/100
|switch|p2a: Galvantula|Galvantula, M, shiny|100/100
|-ability|p1a: Weezing|Neutralizing Gas
|turn|1
|
|t:|1760744954
|-end|p1a: Weezing|ability: Neutralizing Gas
|switch|p1a: Electrode|Electrode-Hisui|100/100
|move|p2a: Galvantula|Sticky Web|p1a: Electrode
|-sidestart|p1: glandyth-a-krae|move: Sticky Web
|
|upkeep
|turn|2
|
|t:|1760744962
|move|p1a: Electrode|Substitute|p1a: Electrode
|-start|p1a: Electrode|Substitute
|-damage|p1a: Electrode|76/100
|move|p2a: Galvantula|Bug Buzz|p1a: Electrode
|-immune|p1a: Electrode|[from] ability: Soundproof
|
|-heal|p1a: Electrode|82/100|[from] item: Leftovers
|upkeep
|turn|3
|
|t:|1760744980
|switch|p2a: Emboar|Emboar, M, shiny|100/100
|move|p1a: Electrode|Charge Beam|p2a: Emboar|[miss]
|-miss|p1a: Electrode|p2a: Emboar
|
|-heal|p1a: Electrode|88/100|[from] item: Leftovers
|upkeep
|turn|4
|
|t:|1760744992
|-terastallize|p1a: Electrode|Electric
|move|p1a: Electrode|Leech Seed|p2a: Emboar
|-start|p2a: Emboar|move: Leech Seed
|move|p2a: Emboar|Flare Blitz|p1a: Electrode
|-end|p1a: Electrode|Substitute
|-damage|p2a: Emboar|93/100|[from] Recoil|[of] p1a: Electrode
|
|-heal|p1a: Electrode|94/100|[from] item: Leftovers
|-damage|p2a: Emboar|81/100|[from] Leech Seed|[of] p1a: Electrode
|-heal|p1a: Electrode|100/100|[silent]
|upkeep
|turn|5
|
|t:|1760745006
|switch|p2a: Serperior|Serperior, F|100/100
|move|p1a: Electrode|Substitute|p1a: Electrode
|-start|p1a: Electrode|Substitute
|-damage|p1a: Electrode|76/100
|
|-heal|p1a: Electrode|82/100|[from] item: Leftovers
|upkeep
|turn|6
|
|t:|1760745013
|switch|p1a: Weezing|Weezing-Galar, F|100/100
|-ability|p1a: Weezing|Neutralizing Gas
|move|p2a: Serperior|Leaf Storm|p1a: Weezing
|-resisted|p1a: Weezing
|-damage|p1a: Weezing|69/100
|-unboost|p2a: Serperior|spa|2
|
|upkeep
|turn|7
|
|t:|1760745023
|move|p2a: Serperior|Glare|p1a: Weezing
|-status|p1a: Weezing|par
|move|p1a: Weezing|Will-O-Wisp|p2a: Serperior
|-status|p2a: Serperior|brn
|
|-damage|p2a: Serperior|94/100 brn|[from] brn
|upkeep
|turn|8
|
|t:|1760745043
|switch|p2a: Landorus|Landorus-Therian, M|100/100
|move|p1a: Weezing|Defog|p2a: Landorus
|-unboost|p2a: Landorus|evasion|1
|-sideend|p1: glandyth-a-krae|Sticky Web|[from] move: Defog|[of] p1a: Weezing
|
|upkeep
|turn|9
|
|t:|1760745055
|-end|p1a: Weezing|ability: Neutralizing Gas
|-ability|p2a: Landorus|Intimidate|boost
|-unboost|p1a: Weezing|atk|1
|switch|p1a: Alomomola|Alomomola, F|100/100
|move|p2a: Landorus|Stealth Rock|p1a: Alomomola
|-sidestart|p1: glandyth-a-krae|move: Stealth Rock
|
|upkeep
|turn|10
|
|t:|1760745064
|switch|p2a: Serperior|Serperior, F|94/100 brn
|move|p1a: Alomomola|Wish|p1a: Alomomola
|
|-heal|p2a: Serperior|100/100 brn|[from] item: Leftovers
|-damage|p2a: Serperior|94/100 brn|[from] brn
|upkeep
|turn|11
|
|t:|1760745077
|switch|p2a: Hydreigon|Hydreigon, M|100/100
|switch|p1a: Weezing|Weezing-Galar, F|69/100 par
|-ability|p1a: Weezing|Neutralizing Gas
|
|-heal|p1a: Weezing|100/100 par|[from] move: Wish|[wisher] Alomomola
|upkeep
|turn|12
|
|t:|1760745093
|move|p2a: Hydreigon|Flash Cannon|p1a: Weezing
|-supereffective|p1a: Weezing
|-damage|p1a: Weezing|4/100 par
|-damage|p2a: Hydreigon|91/100|[from] item: Life Orb
|cant|p1a: Weezing|par
|
|upkeep
|turn|13
|
|t:|1760745105
|-end|p1a: Weezing|ability: Neutralizing Gas
|switch|p1a: Blissey|Blissey, F|100/100
|-damage|p1a: Blissey|88/100|[from] Stealth Rock
|move|p2a: Hydreigon|Earth Power|p1a: Blissey
|-damage|p1a: Blissey|77/100
|-damage|p2a: Hydreigon|81/100|[from] item: Life Orb
|
|-heal|p1a: Blissey|83/100|[from] item: Leftovers
|upkeep
|turn|14
|
|t:|1760745120
|switch|p2a: Samurott|Samurott-Hisui, F|100/100
|move|p1a: Blissey|Heal Bell|p1a: Blissey
|-activate|p1a: Blissey|move: Heal Bell
|-curestatus|p1: Weezing|par|[msg]
|
|-heal|p1a: Blissey|89/100|[from] item: Leftovers
|upkeep
|turn|15
|
|t:|1760745128
|switch|p1a: Alomomola|Alomomola, F|100/100
|-damage|p1a: Alomomola|88/100|[from] Stealth Rock
|move|p2a: Samurott|Ceaseless Edge|p1a: Alomomola
|-damage|p1a: Alomomola|63/100
|-damage|p2a: Samurott|84/100|[from] item: Rocky Helmet|[of] p1a: Alomomola
|-sidestart|p1: glandyth-a-krae|Spikes
|
|upkeep
|turn|16
|
|t:|1760745149
|switch|p2a: Serperior|Serperior, F|94/100 brn
|move|p1a: Alomomola|Wish|p1a: Alomomola
|
|-heal|p2a: Serperior|100/100 brn|[from] item: Leftovers
|-damage|p2a: Serperior|94/100 brn|[from] brn
|upkeep
|turn|17
|
|t:|1760745162
|switch|p1a: Weezing|Weezing-Galar, F|4/100
|-ability|p1a: Weezing|Neutralizing Gas
|move|p2a: Serperior|Tera Blast|p1a: Weezing
|-damage|p1a: Weezing|0 fnt
|faint|p1a: Weezing
|-end|p1a: Weezing|ability: Neutralizing Gas
|
|-heal|p2a: Serperior|100/100 brn|[from] item: Leftovers
|-damage|p2a: Serperior|94/100 brn|[from] brn
|upkeep
|
|t:|1760745175
|switch|p1a: Blissey|Blissey, F|89/100
|-damage|p1a: Blissey|77/100|[from] Stealth Rock
|-damage|p1a: Blissey|65/100|[from] Spikes
|turn|18
|
|t:|1760745180
|move|p2a: Serperior|Glare|p1a: Blissey
|-status|p1a: Blissey|par
|cant|p1a: Blissey|par
|
|-heal|p2a: Serperior|100/100 brn|[from] item: Leftovers
|-heal|p1a: Blissey|71/100 par|[from] item: Leftovers
|-damage|p2a: Serperior|94/100 brn|[from] brn
|upkeep
|turn|19
|
|t:|1760745190
|switch|p2a: Samurott|Samurott-Hisui, F|84/100
|move|p1a: Blissey|Seismic Toss|p2a: Samurott
|-damage|p2a: Samurott|53/100
|
|-heal|p1a: Blissey|77/100 par|[from] item: Leftovers
|upkeep
|turn|20
|
|t:|1760745201
|-curestatus|p1a: Blissey|par|[from] ability: Natural Cure
|switch|p1a: Emboar|Emboar, M|100/100
|-damage|p1a: Emboar|88/100|[from] Stealth Rock
|-damage|p1a: Emboar|76/100|[from] Spikes
|move|p2a: Samurott|Ceaseless Edge|p1a: Emboar
|-resisted|p1a: Emboar
|-damage|p1a: Emboar|49/100
|-sidestart|p1: glandyth-a-krae|Spikes
|
|upkeep
|turn|21
|
|t:|1760745212
|switch|p2a: Landorus|Landorus-Therian, M|100/100
|-ability|p2a: Landorus|Intimidate|boost
|-unboost|p1a: Emboar|atk|1
|move|p1a: Emboar|Trailblaze|p2a: Landorus
|-damage|p2a: Landorus|86/100
|-boost|p1a: Emboar|spe|1
|
|-heal|p2a: Landorus|92/100|[from] item: Leftovers
|upkeep
|turn|22
|
|t:|1760745224
|switch|p1a: Alomomola|Alomomola, F|97/100
|-damage|p1a: Alomomola|84/100|[from] Stealth Rock
|-damage|p1a: Alomomola|68/100|[from] Spikes
|move|p2a: Landorus|Scorching Sands|p1a: Alomomola
|-damage|p1a: Alomomola|32/100
|
|-heal|p2a: Landorus|98/100|[from] item: Leftovers
|upkeep
|turn|23
|
|t:|1760745234
|move|p2a: Landorus|Scorching Sands|p1a: Alomomola
|-damage|p1a: Alomomola|0 fnt
|faint|p1a: Alomomola
|
|-heal|p2a: Landorus|100/100|[from] item: Leftovers
|upkeep
|-message|glandyth-a-krae forfeited.
|
|win|gamergenrry
|raw|glandyth-a-krae's rating: 1178 &rarr; <strong>1153</strong><br />(-25 for losing)
|raw|gamergenrry's rating: 1181 &rarr; <strong>1206</strong><br />(+25 for winning)
|l|☆glandyth-a-krae
|player|p1|
