|j|☆monkeyooooooo
|j|☆mansonabuluting
|t:|1760737984
|gametype|singles
|player|p1|monkeyooooooo|swimmerf-gen4|1686
|player|p2|mansonabuluting|bellelba|1739
|gen|9
|tier|[Gen 9] OU
|rated|
|rule|HP Percentage Mod: HP is shown in percentages
|rule|Endless Battle Clause: Forcing endless battles is banned
|rule|Species Clause: Limit one of each Pokémon
|rule|OHKO Clause: OHKO moves are banned
|rule|Evasion Items Clause: Evasion items are banned
|rule|Evasion Moves Clause: Evasion moves are banned
|rule|Evasion Abilities Clause: Evasion abilities are banned
|rule|Sleep Moves Clause: Sleep-inducing moves are banned
|clearpoke
|poke|p1|Maushold-Four|
|poke|p1|Ursaluna, F|
|poke|p1|Grimmsnarl, M|
|poke|p1|Zamazenta-*|
|poke|p1|Iron Moth|
|poke|p1|Hatterene, F|
|poke|p2|Rillaboom, F|
|poke|p2|Hawlucha, F|
|poke|p2|Thundurus-Therian, M|
|poke|p2|Great Tusk|
|poke|p2|Volcanion|
|poke|p2|Goodra-Hisui, F|
|teampreview
|
|t:|1760737989
|teamsize|p1|6
|teamsize|p2|6
|start
|switch|p1a: Riddles Thrice|Grimmsnarl, M|100/100
|switch|p2a: Thundurus|Thundurus-Therian, M|100/100
|turn|1
|
|t:|1760737992
|move|p1a: Riddles Thrice|Parting Shot|p2a: Thundurus
|-unboost|p2a: Thundurus|atk|1
|-unboost|p2a: Thundurus|spa|1
|
|t:|1760737993
|switch|p1a: Hot Potato|Ursaluna, F|100/100|[from] Parting Shot
|move|p2a: Thundurus|Volt Switch|p1a: Hot Potato
|-immune|p1a: Hot Potato
|
|-status|p1a: Hot Potato|brn|[from] item: Flame Orb
|upkeep
|turn|2
|
|t:|1760737998
|switch|p2a: Great Tusk|Great Tusk|100/100
|move|p1a: Hot Potato|Facade|p2a: Great Tusk
|-damage|p2a: Great Tusk|43/100
|-damage|p1a: Hot Potato|84/100 brn|[from] item: Rocky Helmet|[of] p2a: Great Tusk
|
|-damage|p1a: Hot Potato|78/100 brn|[from] brn
|upkeep
|turn|3
|inactive|Battle timer is ON: inactive players will automatically lose when time's up. (requested by monkeyooooooo)
|
|t:|1760738019
|move|p2a: Great Tusk|Ice Spinner|p1a: Hot Potato
|-supereffective|p1a: Hot Potato
|-damage|p1a: Hot Potato|39/100 brn
|move|p1a: Hot Potato|Facade|p2a: Great Tusk
|-damage|p2a: Great Tusk|0 fnt
|-damage|p1a: Hot Potato|22/100 brn|[from] item: Rocky Helmet|[of] p2a: Great Tusk
|faint|p2a: Great Tusk
|-end|p2a: Great Tusk|Protosynthesis|[silent]
|
|-damage|p1a: Hot Potato|16/100 brn|[from] brn
|upkeep
|
|t:|1760738024
|switch|p2a: Rillaboom|Rillaboom, F|100/100
|-fieldstart|move: Grassy Terrain|[from] ability: Grassy Surge|[of] p2a: Rillaboom
|turn|4
|
|t:|1760738032
|switch|p1a: Bug Trap|Iron Moth|100/100
|move|p2a: Rillaboom|Grassy Glide|p1a: Bug Trap
|-resisted|p1a: Bug Trap
|-damage|p1a: Bug Trap|77/100
|
|-heal|p1a: Bug Trap|83/100|[from] Grassy Terrain
|upkeep
|turn|5
|
|t:|1760738042
|switch|p2a: Goodra|Goodra-Hisui, F|100/100
|move|p1a: Bug Trap|Sludge Wave|p2a: Goodra
|-immune|p2a: Goodra
|
|-heal|p1a: Bug Trap|89/100|[from] Grassy Terrain
|upkeep
|turn|6
|
|t:|1760738060
|-end|p1a: Bug Trap|Quark Drive|[silent]
|switch|p1a: Rubber|Hatterene, F|100/100
|move|p2a: Goodra|Surf|p1a: Rubber
|-damage|p1a: Rubber|70/100
|-enditem|p1a: Rubber|Eject Button
|
|t:|1760738076
|switch|p1a: Hot Potato|Ursaluna, F|16/100 brn
|
|-heal|p1a: Hot Potato|22/100 brn|[from] Grassy Terrain
|-damage|p1a: Hot Potato|16/100 brn|[from] brn
|upkeep
|turn|7
|
|t:|1760738089
|move|p1a: Hot Potato|Facade|p2a: Goodra
|-resisted|p2a: Goodra
|-damage|p2a: Goodra|41/100
|-ability|p2a: Goodra|Gooey
|-unboost|p1a: Hot Potato|spe|1
|move|p2a: Goodra|Surf|p1a: Hot Potato
|-supereffective|p1a: Hot Potato
|-damage|p1a: Hot Potato|0 fnt
|faint|p1a: Hot Potato
|
|-heal|p2a: Goodra|47/100|[from] Grassy Terrain
|upkeep
|
|t:|1760738107
|switch|p1a: Nuclear Family|Maushold-Four|100/100
|turn|8
|
|t:|1760738115
|switch|p2a: Thundurus|Thundurus-Therian, M|100/100
|move|p1a: Nuclear Family|Population Bomb|p2a: Thundurus
|-damage|p2a: Thundurus|83/100
|-damage|p2a: Thundurus|65/100
|-damage|p2a: Thundurus|50/100
|-damage|p2a: Thundurus|33/100
|-hitcount|p2a: Thundurus|4
|
|-fieldend|move: Grassy Terrain
|upkeep
|turn|9
|
|t:|1760738131
|switch|p1a: Rubber|Hatterene, F|70/100
|move|p2a: Thundurus|Volt Switch|p1a: Rubber
|-damage|p1a: Rubber|22/100
|
|t:|1760738143
|switch|p2a: Rillaboom|Rillaboom, F|100/100|[from] Volt Switch
|-fieldstart|move: Grassy Terrain|[from] ability: Grassy Surge|[of] p2a: Rillaboom
|
|-heal|p1a: Rubber|28/100|[from] Grassy Terrain
|upkeep
|turn|10
|
|t:|1760738147
|move|p2a: Rillaboom|Wood Hammer|p1a: Rubber
|-damage|p1a: Rubber|0 fnt
|faint|p1a: Rubber
|-damage|p2a: Rillaboom|93/100|[from] Recoil
|
|-heal|p2a: Rillaboom|99/100|[from] Grassy Terrain
|upkeep
|
|t:|1760738150
|switch|p1a: Bug Trap|Iron Moth|89/100
|turn|11
|
|t:|1760738155
|switch|p2a: Goodra|Goodra-Hisui, F|47/100
|move|p1a: Bug Trap|Fiery Dance|p2a: Goodra
|-damage|p2a: Goodra|16/100
|-boost|p1a: Bug Trap|spa|1
|
|-heal|p1a: Bug Trap|95/100|[from] Grassy Terrain
|-heal|p2a: Goodra|22/100|[from] Grassy Terrain
|upkeep
|turn|12
|
|t:|1760738160
|move|p1a: Bug Trap|Fiery Dance|p2a: Goodra
|-crit|p2a: Goodra
|-damage|p2a: Goodra|0 fnt
|-boost|p1a: Bug Trap|spa|1
|faint|p2a: Goodra
|
|-heal|p1a: Bug Trap|100/100|[from] Grassy Terrain
|upkeep
|
|t:|1760738165
|switch|p2a: Volcanion|Volcanion|100/100
|turn|13
|
|t:|1760738176
|move|p1a: Bug Trap|Fiery Dance|p2a: Volcanion
|-resisted|p2a: Volcanion
|-damage|p2a: Volcanion|70/100
|move|p2a: Volcanion|Earth Power|p1a: Bug Trap
|-supereffective|p1a: Bug Trap
|-damage|p1a: Bug Trap|0 fnt
|faint|p1a: Bug Trap
|-end|p1a: Bug Trap|Quark Drive|[silent]
|
|-heal|p2a: Volcanion|76/100|[from] Grassy Terrain
|-fieldend|move: Grassy Terrain
|upkeep
|
|t:|1760738182
|switch|p1a: Nuclear Family|Maushold-Four|100/100
|turn|14
|
|t:|1760738188
|move|p1a: Nuclear Family|Population Bomb|p2a: Volcanion
|-damage|p2a: Volcanion|67/100
|-damage|p2a: Volcanion|58/100
|-damage|p2a: Volcanion|49/100
|-damage|p2a: Volcanion|39/100
|-damage|p2a: Volcanion|30/100
|-damage|p2a: Volcanion|21/100
|-damage|p2a: Volcanion|12/100
|-damage|p2a: Volcanion|3/100
|-damage|p2a: Volcanion|0 fnt
|faint|p2a: Volcanion
|-hitcount|p2: Volcanion|9
|
|upkeep
|
|t:|1760738191
|switch|p2a: Rillaboom|Rillaboom, F|99/100
|-fieldstart|move: Grassy Terrain|[from] ability: Grassy Surge|[of] p2a: Rillaboom
|turn|15
|
|t:|1760738199
|move|p2a: Rillaboom|Grassy Glide|p1a: Nuclear Family
|-crit|p1a: Nuclear Family
|-damage|p1a: Nuclear Family|0 fnt
|faint|p1a: Nuclear Family
|
|-heal|p2a: Rillaboom|100/100|[from] Grassy Terrain
|upkeep
|
|t:|1760738204
|switch|p1a: Daisy|Zamazenta|100/100
|-ability|p1a: Daisy|Dauntless Shield|boost
|-boost|p1a: Daisy|def|1
|turn|16
|
|t:|1760738226
|switch|p2a: Hawlucha|Hawlucha, F|100/100
|-enditem|p2a: Hawlucha|Grassy Seed
|-boost|p2a: Hawlucha|def|1|[from] item: Grassy Seed
|move|p1a: Daisy|Iron Defense|p1a: Daisy
|-boost|p1a: Daisy|def|2
|
|upkeep
|turn|17
|
|t:|1760738231
|switch|p1a: Riddles Thrice|Grimmsnarl, M|100/100
|move|p2a: Hawlucha|Swords Dance|p2a: Hawlucha
|-boost|p2a: Hawlucha|atk|2
|
|upkeep
|turn|18
|
|t:|1760738240
|move|p1a: Riddles Thrice|Reflect|p1a: Riddles Thrice
|-sidestart|p1: monkeyooooooo|Reflect
|move|p2a: Hawlucha|Acrobatics|p1a: Riddles Thrice
|-damage|p1a: Riddles Thrice|60/100
|-damage|p2a: Hawlucha|84/100|[from] item: Rocky Helmet|[of] p1a: Riddles Thrice
|
|-heal|p1a: Riddles Thrice|66/100|[from] Grassy Terrain
|upkeep
|turn|19
|
|t:|1760738244
|move|p2a: Hawlucha|Acrobatics|p1a: Riddles Thrice
|-damage|p1a: Riddles Thrice|28/100
|-damage|p2a: Hawlucha|67/100|[from] item: Rocky Helmet|[of] p1a: Riddles Thrice
|move|p1a: Riddles Thrice|Spirit Break|p2a: Hawlucha
|-supereffective|p2a: Hawlucha
|-damage|p2a: Hawlucha|19/100
|-unboost|p2a: Hawlucha|spa|1
|
|-heal|p1a: Riddles Thrice|34/100|[from] Grassy Terrain
|-fieldend|move: Grassy Terrain
|upkeep
|turn|20
|
|t:|1760738250
|move|p2a: Hawlucha|Acrobatics|p1a: Riddles Thrice
|-damage|p1a: Riddles Thrice|0 fnt
|-damage|p2a: Hawlucha|2/100|[from] item: Rocky Helmet|[of] p1a: Riddles Thrice
|faint|p1a: Riddles Thrice
|
|upkeep
|
|t:|1760738252
|switch|p1a: Daisy|Zamazenta|100/100
|turn|21
|
|t:|1760738270
|-terastallize|p1a: Daisy|Steel
|move|p2a: Hawlucha|Acrobatics|p1a: Daisy
|-resisted|p1a: Daisy
|-damage|p1a: Daisy|83/100
|move|p1a: Daisy|Iron Defense|p1a: Daisy
|-boost|p1a: Daisy|def|2
|
|-heal|p1a: Daisy|89/100|[from] item: Leftovers
|upkeep
|turn|22
|
|t:|1760738288
|move|p2a: Hawlucha|Close Combat|p1a: Daisy
|-supereffective|p1a: Daisy
|-damage|p1a: Daisy|48/100
|-unboost|p2a: Hawlucha|def|1
|-unboost|p2a: Hawlucha|spd|1
|move|p1a: Daisy|Iron Defense|p1a: Daisy
|-boost|p1a: Daisy|def|2
|
|-heal|p1a: Daisy|54/100|[from] item: Leftovers
|-sideend|p1: monkeyooooooo|Reflect
|upkeep
|turn|23
|
|t:|1760738292
|move|p2a: Hawlucha|Close Combat|p1a: Daisy
|-supereffective|p1a: Daisy
|-damage|p1a: Daisy|1/100
|-unboost|p2a: Hawlucha|def|1
|-unboost|p2a: Hawlucha|spd|1
|move|p1a: Daisy|Body Press|p2a: Hawlucha
|-resisted|p2a: Hawlucha
|-damage|p2a: Hawlucha|0 fnt
|faint|p2a: Hawlucha
|
|-heal|p1a: Daisy|8/100|[from] item: Leftovers
|upkeep
|
|t:|1760738296
|switch|p2a: Thundurus|Thundurus-Therian, M|33/100
|turn|24
|
|t:|1760738299
|move|p2a: Thundurus|Volt Switch|p1a: Daisy
|-damage|p1a: Daisy|0 fnt
|faint|p1a: Daisy
|
|win|mansonabuluting
|raw|monkeyooooooo's rating: 1686 &rarr; <strong>1669</strong><br />(-17 for losing)
|raw|mansonabuluting's rating: 1739 &rarr; <strong>1756</strong><br />(+17 for winning)
|l|☆mansonabuluting
|player|p2|
|l|☆monkeyooooooo
|player|p1|
