|j|☆Kayanne97
|j|☆Novice by Nature
|t:|1760878797
|gametype|singles
|player|p1|Kayanne97|rosa|1541
|player|p2|Novice by Nature|yellow|1639
|gen|9
|tier|[Gen 9] OU
|rated|
|rule|HP Percentage Mod: HP is shown in percentages
|rule|Endless Battle Clause: Forcing endless battles is banned
|rule|Species Clause: Limit one of each Pokémon
|rule|OHKO Clause: OHKO moves are banned
|rule|Evasion Items Clause: Evasion items are banned
|rule|Evasion Moves Clause: Evasion moves are banned
|rule|Evasion Abilities Clause: Evasion abilities are banned
|rule|Sleep Moves Clause: Sleep-inducing moves are banned
|clearpoke
|poke|p1|Great Tusk|
|poke|p1|Kingambit, F|
|poke|p1|Moltres|
|poke|p1|Tinkaton, F|
|poke|p1|Samurott-Hisui, F|
|poke|p1|Kyurem|
|poke|p2|Whimsicott, F|
|poke|p2|Ursaluna, F|
|poke|p2|Rillaboom, F|
|poke|p2|Heatran, F|
|poke|p2|Blastoise, F|
|poke|p2|Thundurus-Therian, M|
|teampreview
|inactive|Battle timer is ON: inactive players will automatically lose when time's up. (requested by Kayanne97)
|inactive|Kayanne97 has 120 seconds left.
|
|t:|1760878831
|teamsize|p1|6
|teamsize|p2|6
|start
|switch|p1a: Tinkaton|Tinkaton, F|100/100
|switch|p2a: Heatran|Heatran, F|100/100
|-item|p1a: Tinkaton|Air Balloon
|turn|1
|
|t:|1760878842
|move|p1a: Tinkaton|Knock Off|p2a: Heatran
|-damage|p2a: Heatran|86/100
|-enditem|p2a: Heatran|Heavy-Duty Boots|[from] move: Knock Off|[of] p1a: Tinkaton
|move|p2a: Heatran|Magma Storm|p1a: Tinkaton
|-supereffective|p1a: Tinkaton
|-damage|p1a: Tinkaton|25/100
|-activate|p1a: Tinkaton|move: Magma Storm|[of] p2a: Heatran
|-enditem|p1a: Tinkaton|Air Balloon
|
|-damage|p1a: Tinkaton|13/100|[from] move: Magma Storm|[partiallytrapped]
|upkeep
|turn|2
|
|t:|1760878854
|move|p1a: Tinkaton|Stealth Rock|p2a: Heatran
|-sidestart|p2: Novice by Nature|move: Stealth Rock
|move|p2a: Heatran|Stealth Rock|p1a: Tinkaton
|-sidestart|p1: Kayanne97|move: Stealth Rock
|
|-damage|p1a: Tinkaton|0 fnt|[from] move: Magma Storm|[partiallytrapped]
|faint|p1a: Tinkaton
|upkeep
|
|t:|1760878860
|switch|p1a: Great Tusk|Great Tusk|100/100
|turn|3
|
|t:|1760878866
|switch|p2a: Rillaboom|Rillaboom, F|100/100
|-damage|p2a: Rillaboom|88/100|[from] Stealth Rock
|-fieldstart|move: Grassy Terrain|[from] ability: Grassy Surge|[of] p2a: Rillaboom
|move|p1a: Great Tusk|Rapid Spin|p2a: Rillaboom
|-damage|p2a: Rillaboom|69/100
|-boost|p1a: Great Tusk|spe|1
|-sideend|p1: Kayanne97|Stealth Rock|[from] move: Rapid Spin|[of] p1a: Great Tusk
|
|-heal|p2a: Rillaboom|75/100|[from] Grassy Terrain
|upkeep
|turn|4
|
|t:|1760878872
|move|p2a: Rillaboom|Grassy Glide|p1a: Great Tusk
|-supereffective|p1a: Great Tusk
|-damage|p1a: Great Tusk|42/100
|move|p1a: Great Tusk|Ice Spinner|p2a: Rillaboom
|-supereffective|p2a: Rillaboom
|-damage|p2a: Rillaboom|15/100
|-fieldend|move: Grassy Terrain
|
|upkeep
|turn|5
|
|t:|1760878881
|switch|p2a: Blastoise|Blastoise, F|100/100
|move|p1a: Great Tusk|Rapid Spin|p2a: Blastoise
|-damage|p2a: Blastoise|81/100
|-boost|p1a: Great Tusk|spe|1
|
|upkeep
|turn|6
|
|t:|1760878894
|move|p1a: Great Tusk|Headlong Rush|p2a: Blastoise
|-damage|p2a: Blastoise|6/100
|-unboost|p1a: Great Tusk|def|1
|-unboost|p1a: Great Tusk|spd|1
|move|p2a: Blastoise|Surf|p1a: Great Tusk
|-supereffective|p1a: Great Tusk
|-damage|p1a: Great Tusk|0 fnt
|faint|p1a: Great Tusk
|-end|p1a: Great Tusk|Protosynthesis|[silent]
|
|upkeep
|
|t:|1760878905
|switch|p1a: Samurott|Samurott-Hisui, F|100/100
|turn|7
|
|t:|1760878913
|move|p1a: Samurott|Ceaseless Edge|p2a: Blastoise
|-damage|p2a: Blastoise|0 fnt
|-sidestart|p2: Novice by Nature|Spikes
|faint|p2a: Blastoise
|
|upkeep
|
|t:|1760878917
|switch|p2a: Whimsicott|Whimsicott, F|100/100
|-damage|p2a: Whimsicott|88/100|[from] Stealth Rock
|-damage|p2a: Whimsicott|76/100|[from] Spikes
|turn|8
|
|t:|1760878924
|switch|p1a: Moltres|Moltres|100/100
|move|p2a: Whimsicott|Cotton Guard|p2a: Whimsicott
|-boost|p2a: Whimsicott|def|3
|
|-heal|p2a: Whimsicott|82/100|[from] item: Leftovers
|upkeep
|turn|9
|
|t:|1760878930
|switch|p2a: Ursaluna|Ursaluna, F|100/100
|-damage|p2a: Ursaluna|94/100|[from] Stealth Rock
|-damage|p2a: Ursaluna|82/100|[from] Spikes
|move|p1a: Moltres|Flamethrower|p2a: Ursaluna
|-damage|p2a: Ursaluna|68/100
|
|upkeep
|turn|10
|
|t:|1760878934
|move|p2a: Ursaluna|Body Slam|p1a: Moltres
|-damage|p1a: Moltres|73/100
|-status|p1a: Moltres|par
|-status|p2a: Ursaluna|brn|[from] ability: Flame Body|[of] p1a: Moltres
|cant|p1a: Moltres|par
|
|-damage|p2a: Ursaluna|62/100 brn|[from] brn
|upkeep
|turn|11
|
|t:|1760878938
|move|p2a: Ursaluna|Body Slam|p1a: Moltres
|-damage|p1a: Moltres|31/100 par
|move|p1a: Moltres|Roar|p2a: Ursaluna
|drag|p2a: Thundurus|Thundurus-Therian, M|100/100
|-damage|p2a: Thundurus|76/100|[from] Stealth Rock
|
|upkeep
|turn|12
|
|t:|1760878945
|move|p2a: Thundurus|Thunderbolt|p1a: Moltres
|-supereffective|p1a: Moltres
|-damage|p1a: Moltres|0 fnt
|faint|p1a: Moltres
|
|upkeep
|
|t:|1760878948
|switch|p1a: Kyurem|Kyurem, shiny|100/100
|-ability|p1a: Kyurem|Pressure
|turn|13
|
|t:|1760878961
|switch|p2a: Heatran|Heatran, F|86/100
|-damage|p2a: Heatran|74/100|[from] Stealth Rock
|-damage|p2a: Heatran|61/100|[from] Spikes
|move|p1a: Kyurem|Ice Beam|p2a: Heatran
|-resisted|p2a: Heatran
|-damage|p2a: Heatran|54/100
|
|upkeep
|turn|14
|
|t:|1760878969
|move|p1a: Kyurem|Earth Power|p2a: Heatran
|-supereffective|p2a: Heatran
|-damage|p2a: Heatran|0 fnt
|faint|p2a: Heatran
|
|upkeep
|inactive|Novice by Nature has 120 seconds left.
|
|t:|1760879028
|switch|p2a: Ursaluna|Ursaluna, F|62/100 brn
|-damage|p2a: Ursaluna|56/100 brn|[from] Stealth Rock
|-damage|p2a: Ursaluna|43/100 brn|[from] Spikes
|turn|15
|
|t:|1760879033
|-terastallize|p2a: Ursaluna|Fairy
|move|p1a: Kyurem|Ice Beam|p2a: Ursaluna
|-damage|p2a: Ursaluna|24/100 brn
|move|p2a: Ursaluna|Headlong Rush|p1a: Kyurem
|-damage|p1a: Kyurem|17/100
|-unboost|p2a: Ursaluna|def|1
|-unboost|p2a: Ursaluna|spd|1
|
|-damage|p2a: Ursaluna|18/100 brn|[from] brn
|upkeep
|turn|16
|
|t:|1760879041
|move|p1a: Kyurem|Ice Beam|p2a: Ursaluna
|-damage|p2a: Ursaluna|0 fnt
|faint|p2a: Ursaluna
|
|upkeep
|inactive|Novice by Nature has 120 seconds left.
|inactive|Novice by Nature has 90 seconds left.
|
|t:|1760879089
|switch|p2a: Thundurus|Thundurus-Therian, M|76/100
|-damage|p2a: Thundurus|51/100|[from] Stealth Rock
|turn|17
|
|t:|1760879095
|move|p2a: Thundurus|Thunderbolt|p1a: Kyurem
|-resisted|p1a: Kyurem
|-crit|p1a: Kyurem
|-damage|p1a: Kyurem|0 fnt
|faint|p1a: Kyurem
|
|upkeep
|
|t:|1760879097
|switch|p1a: Samurott|Samurott-Hisui, F|100/100
|turn|18
|
|t:|1760879101
|move|p2a: Thundurus|Thunderbolt|p1a: Samurott
|-supereffective|p1a: Samurott
|-damage|p1a: Samurott|0 fnt
|faint|p1a: Samurott
|
|upkeep
|
|t:|1760879103
|switch|p1a: Kingambit|Kingambit, F|100/100
|-activate|p1a: Kingambit|ability: Supreme Overlord
|-start|p1a: Kingambit|fallen5|[silent]
|turn|19
|
|t:|1760879106
|move|p2a: Thundurus|Thunderbolt|p1a: Kingambit
|-damage|p1a: Kingambit|45/100
|move|p1a: Kingambit|Swords Dance|p1a: Kingambit
|-boost|p1a: Kingambit|atk|2
|
|-heal|p1a: Kingambit|51/100|[from] item: Leftovers
|upkeep
|turn|20
|
|t:|1760879111
|move|p1a: Kingambit|Sucker Punch|p2a: Thundurus
|-damage|p2a: Thundurus|0 fnt
|faint|p2a: Thundurus
|
|-heal|p1a: Kingambit|58/100|[from] item: Leftovers
|upkeep
|
|t:|1760879113
|switch|p2a: Whimsicott|Whimsicott, F|82/100
|-damage|p2a: Whimsicott|70/100|[from] Stealth Rock
|-damage|p2a: Whimsicott|57/100|[from] Spikes
|turn|21
|
|t:|1760879118
|-terastallize|p1a: Kingambit|Fairy
|move|p2a: Whimsicott|Cotton Guard|p2a: Whimsicott
|-boost|p2a: Whimsicott|def|3
|move|p1a: Kingambit|Tera Blast|p2a: Whimsicott|[anim] Tera Blast Fairy
|-damage|p2a: Whimsicott|1/100
|
|-heal|p2a: Whimsicott|7/100|[from] item: Leftovers
|-heal|p1a: Kingambit|64/100|[from] item: Leftovers
|upkeep
|turn|22
|
|t:|1760879127
|move|p1a: Kingambit|Sucker Punch|p2a: Whimsicott
|-resisted|p2a: Whimsicott
|-damage|p2a: Whimsicott|0 fnt
|faint|p2a: Whimsicott
|
|-heal|p1a: Kingambit|70/100|[from] item: Leftovers
|upkeep
|
|t:|1760879130
|switch|p2a: Rillaboom|Rillaboom, F|15/100
|-damage|p2a: Rillaboom|3/100|[from] Stealth Rock
|-damage|p2a: Rillaboom|0 fnt|[from] Spikes
|faint|p2a: Rillaboom
|
|win|Kayanne97
|raw|Kayanne97's rating: 1541 &rarr; <strong>1566</strong><br />(+25 for winning)
|raw|Novice by Nature's rating: 1639 &rarr; <strong>1614</strong><br />(-25 for losing)
|l|☆Novice by Nature
|player|p2|
|l|☆Kayanne97
|player|p1|
