|j|☆Dirty67
|j|☆swagataka
|t:|1760813831
|gametype|singles
|player|p1|Dirty67|ltsurge|1537
|player|p2|swagataka|byron|1653
|gen|9
|tier|[Gen 9] OU
|rated|
|rule|HP Percentage Mod: HP is shown in percentages
|rule|Endless Battle Clause: Forcing endless battles is banned
|rule|Species Clause: Limit one of each Pokémon
|rule|OHKO Clause: OHKO moves are banned
|rule|Evasion Items Clause: Evasion items are banned
|rule|Evasion Moves Clause: Evasion moves are banned
|rule|Evasion Abilities Clause: Evasion abilities are banned
|rule|Sleep Moves Clause: Sleep-inducing moves are banned
|clearpoke
|poke|p1|Kingambit, F|
|poke|p1|Cinderace, F|
|poke|p1|Landorus-Therian, M|
|poke|p1|Iron Valiant|
|poke|p1|Kyurem|
|poke|p1|Slowking-Galar, M|
|poke|p2|Kingambit, M|
|poke|p2|Regigigas|
|poke|p2|Zoroark-Hisui, F|
|poke|p2|Great Tusk|
|poke|p2|Pecharunt|
|poke|p2|Quaquaval, F|
|teampreview
|inactive|Battle timer is ON: inactive players will automatically lose when time's up. (requested by Dirty67)
|
|t:|1760813862
|teamsize|p1|6
|teamsize|p2|6
|start
|switch|p1a: Cinderace|Cinderace, F, shiny|100/100
|switch|p2a: R.E.G.R.E.M.I.X|Regigigas, shiny|100/100
|-start|p2a: R.E.G.R.E.M.I.X|ability: Slow Start
|turn|1
|
|t:|1760813890
|move|p1a: Cinderace|U-turn|p2a: R.E.G.R.E.M.I.X
|-crit|p2a: R.E.G.R.E.M.I.X
|-damage|p2a: R.E.G.R.E.M.I.X|79/100
|
|t:|1760813895
|switch|p1a: Landorus|Landorus-Therian, M, shiny|100/100|[from] U-turn
|-ability|p1a: Landorus|Intimidate|boost
|-unboost|p2a: R.E.G.R.E.M.I.X|atk|1
|move|p2a: R.E.G.R.E.M.I.X|Earth Power|p1a: Landorus
|-immune|p1a: Landorus
|
|upkeep
|turn|2
|
|t:|1760813903
|switch|p2a: Steely Don|Great Tusk|100/100
|move|p1a: Landorus|Earthquake|p2a: Steely Don
|-damage|p2a: Steely Don|69/100
|
|upkeep
|turn|3
|
|t:|1760813911
|move|p1a: Landorus|U-turn|p2a: Steely Don
|-resisted|p2a: Steely Don
|-damage|p2a: Steely Don|61/100
|
|t:|1760813913
|switch|p1a: Kyurem|Kyurem, shiny|100/100|[from] U-turn
|-ability|p1a: Kyurem|Pressure
|move|p2a: Steely Don|Knock Off|p1a: Kyurem
|-damage|p1a: Kyurem|70/100
|-enditem|p1a: Kyurem|Leftovers|[from] move: Knock Off|[of] p2a: Steely Don
|
|upkeep
|turn|4
|
|t:|1760813924
|-end|p2a: Steely Don|Protosynthesis|[silent]
|switch|p2a: R.E.G.R.E.M.I.X|Regigigas, shiny|79/100
|-start|p2a: R.E.G.R.E.M.I.X|ability: Slow Start
|move|p1a: Kyurem|Earth Power|p2a: R.E.G.R.E.M.I.X
|-damage|p2a: R.E.G.R.E.M.I.X|56/100
|-unboost|p2a: R.E.G.R.E.M.I.X|spd|1
|
|upkeep
|turn|5
|
|t:|1760813931
|switch|p1a: Landorus|Landorus-Therian, M, shiny|100/100
|-ability|p1a: Landorus|Intimidate|boost
|-unboost|p2a: R.E.G.R.E.M.I.X|atk|1
|move|p2a: R.E.G.R.E.M.I.X|Earth Power|p1a: Landorus
|-immune|p1a: Landorus
|
|upkeep
|turn|6
|
|t:|1760813940
|switch|p2a: Irönhead|Kingambit, M|100/100
|-item|p2a: Irönhead|Air Balloon
|move|p1a: Landorus|U-turn|p2a: Irönhead
|-damage|p2a: Irönhead|83/100
|-enditem|p2a: Irönhead|Air Balloon
|
|t:|1760813943
|switch|p1a: Cinderace|Cinderace, F, shiny|100/100|[from] U-turn
|
|upkeep
|turn|7
|
|t:|1760813946
|switch|p2a: Apacherunt|Pecharunt|100/100
|move|p1a: Cinderace|Pyro Ball|p2a: Apacherunt
|-damage|p2a: Apacherunt|79/100
|
|upkeep
|turn|8
|
|t:|1760813949
|move|p1a: Cinderace|U-turn|p2a: Apacherunt
|-resisted|p2a: Apacherunt
|-damage|p2a: Apacherunt|77/100
|
|t:|1760813952
|switch|p1a: Landorus|Landorus-Therian, M, shiny|100/100|[from] U-turn
|-ability|p1a: Landorus|Intimidate|boost
|-unboost|p2a: Apacherunt|atk|1
|move|p2a: Apacherunt|Parting Shot|p1a: Landorus
|-unboost|p1a: Landorus|atk|1
|-unboost|p1a: Landorus|spa|1
|
|t:|1760813964
|switch|p2a: R.E.G.R.E.M.I.X|Regigigas, shiny|56/100|[from] Parting Shot
|-start|p2a: R.E.G.R.E.M.I.X|ability: Slow Start
|
|upkeep
|turn|9
|
|t:|1760813971
|move|p1a: Landorus|U-turn|p2a: R.E.G.R.E.M.I.X
|-damage|p2a: R.E.G.R.E.M.I.X|45/100
|
|t:|1760813976
|switch|p1a: Slowking|Slowking-Galar, M, shiny|100/100|[from] U-turn
|move|p2a: R.E.G.R.E.M.I.X|Hyper Beam|p1a: Slowking
|-damage|p1a: Slowking|42/100
|-mustrecharge|p2a: R.E.G.R.E.M.I.X
|
|upkeep
|turn|10
|
|t:|1760813988
|cant|p2a: R.E.G.R.E.M.I.X|recharge
|-prepare|p1a: Slowking|Chilly Reception|[premajor]
|move|p1a: Slowking|Chilly Reception|p1a: Slowking
|-weather|Snowscape
|
|t:|1760813992
|switch|p1a: Kingambit|Kingambit, F|100/100|[from] Chilly Reception
|
|-weather|Snowscape|[upkeep]
|upkeep
|turn|11
|
|t:|1760814001
|switch|p2a: Quack Sabbath|Quaquaval, F|100/100
|move|p1a: Kingambit|Iron Head|p2a: Quack Sabbath
|-resisted|p2a: Quack Sabbath
|-damage|p2a: Quack Sabbath|75/100
|
|-weather|Snowscape|[upkeep]
|-heal|p2a: Quack Sabbath|82/100|[from] item: Leftovers
|upkeep
|turn|12
|
|t:|1760814011
|-end|p1a: Kingambit|fallenundefined|[silent]
|switch|p1a: Iron Valiant|Iron Valiant|100/100
|-enditem|p1a: Iron Valiant|Booster Energy
|-activate|p1a: Iron Valiant|ability: Quark Drive|[fromitem]
|-start|p1a: Iron Valiant|quarkdrivespe
|move|p2a: Quack Sabbath|Aqua Step|p1a: Iron Valiant
|-damage|p1a: Iron Valiant|56/100
|-boost|p2a: Quack Sabbath|spe|1
|
|-weather|Snowscape|[upkeep]
|-heal|p2a: Quack Sabbath|88/100|[from] item: Leftovers
|upkeep
|turn|13
|
|t:|1760814022
|switch|p2a: Apacherunt|Pecharunt|77/100
|move|p1a: Iron Valiant|Shadow Ball|p2a: Apacherunt
|-supereffective|p2a: Apacherunt
|-damage|p2a: Apacherunt|21/100
|-unboost|p2a: Apacherunt|spd|1
|
|-weather|Snowscape|[upkeep]
|upkeep
|turn|14
|
|t:|1760814027
|switch|p2a: R.E.G.R.E.M.I.X|Regigigas, shiny|45/100
|-start|p2a: R.E.G.R.E.M.I.X|ability: Slow Start
|move|p1a: Iron Valiant|Moonblast|p2a: R.E.G.R.E.M.I.X
|-damage|p2a: R.E.G.R.E.M.I.X|12/100
|
|-weather|none
|upkeep
|turn|15
|
|t:|1760814030
|move|p1a: Iron Valiant|Moonblast|p2a: R.E.G.R.E.M.I.X
|-damage|p2a: R.E.G.R.E.M.I.X|0 fnt
|faint|p2a: R.E.G.R.E.M.I.X
|
|upkeep
|
|t:|1760814032
|switch|p2a: Quack Sabbath|Quaquaval, F|100/100
|-item|p2a: Quack Sabbath|Air Balloon
|turn|16
|
|t:|1760814036
|move|p1a: Iron Valiant|Moonblast|p2a: Quack Sabbath
|-damage|p2a: Quack Sabbath|5/100
|replace|p2a: Linkin Zark|Zoroark-Hisui, F, shiny
|-end|p2a: Linkin Zark|Illusion
|-enditem|p2a: Linkin Zark|Air Balloon
|move|p2a: Linkin Zark|Shadow Ball|p1a: Iron Valiant
|-damage|p1a: Iron Valiant|0 fnt
|faint|p1a: Iron Valiant
|-end|p1a: Iron Valiant|Quark Drive|[silent]
|
|upkeep
|
|t:|1760814050
|switch|p1a: Cinderace|Cinderace, F, shiny|100/100
|turn|17
|
|t:|1760814053
|move|p1a: Cinderace|Pyro Ball|p2a: Linkin Zark
|-damage|p2a: Linkin Zark|0 fnt
|faint|p2a: Linkin Zark
|
|upkeep
|
|t:|1760814057
|switch|p2a: Steely Don|Great Tusk|61/100
|turn|18
|
|t:|1760814061
|move|p1a: Cinderace|U-turn|p2a: Steely Don
|-resisted|p2a: Steely Don
|-damage|p2a: Steely Don|55/100
|
|t:|1760814062
|switch|p1a: Landorus|Landorus-Therian, M, shiny|100/100|[from] U-turn
|-ability|p1a: Landorus|Intimidate|boost
|-unboost|p2a: Steely Don|atk|1
|move|p2a: Steely Don|Knock Off|p1a: Landorus
|-damage|p1a: Landorus|79/100
|-damage|p2a: Steely Don|39/100|[from] item: Rocky Helmet|[of] p1a: Landorus
|-enditem|p1a: Landorus|Rocky Helmet|[from] move: Knock Off|[of] p2a: Steely Don
|
|upkeep
|turn|19
|
|t:|1760814068
|move|p1a: Landorus|U-turn|p2a: Steely Don
|-resisted|p2a: Steely Don
|-damage|p2a: Steely Don|30/100
|
|t:|1760814069
|switch|p1a: Kyurem|Kyurem, shiny|70/100|[from] U-turn
|-ability|p1a: Kyurem|Pressure
|move|p2a: Steely Don|Rapid Spin|p1a: Kyurem
|-damage|p1a: Kyurem|58/100
|-boost|p2a: Steely Don|spe|1
|
|upkeep
|turn|20
|
|t:|1760814072
|move|p2a: Steely Don|Headlong Rush|p1a: Kyurem
|-damage|p1a: Kyurem|17/100
|-unboost|p2a: Steely Don|def|1
|-unboost|p2a: Steely Don|spd|1
|move|p1a: Kyurem|Freeze-Dry|p2a: Steely Don
|-supereffective|p2a: Steely Don
|-damage|p2a: Steely Don|0 fnt
|faint|p2a: Steely Don
|-end|p2a: Steely Don|Protosynthesis|[silent]
|
|upkeep
|
|t:|1760814075
|switch|p2a: Irönhead|Kingambit, M|83/100
|turn|21
|
|t:|1760814078
|move|p2a: Irönhead|Sucker Punch|p1a: Kyurem
|-damage|p1a: Kyurem|0 fnt
|faint|p1a: Kyurem
|
|upkeep
|
|t:|1760814082
|switch|p1a: Cinderace|Cinderace, F, shiny|100/100
|turn|22
|
|t:|1760814087
|move|p1a: Cinderace|Will-O-Wisp|p2a: Irönhead
|-status|p2a: Irönhead|brn
|move|p2a: Irönhead|Thief|p1a: Cinderace
|-damage|p1a: Cinderace|81/100
|-enditem|p1a: Cinderace|Heavy-Duty Boots|[silent]|[from] move: Thief|[of] p2a: Irönhead
|-item|p2a: Irönhead|Heavy-Duty Boots|[from] move: Thief|[of] p1a: Cinderace
|
|-damage|p2a: Irönhead|77/100 brn|[from] brn
|upkeep
|turn|23
|
|t:|1760814091
|move|p2a: Irönhead|Sucker Punch|p1a: Cinderace
|-damage|p1a: Cinderace|58/100
|move|p1a: Cinderace|Pyro Ball|p2a: Irönhead
|-supereffective|p2a: Irönhead
|-damage|p2a: Irönhead|1/100 brn
|
|-damage|p2a: Irönhead|0 fnt|[from] brn
|faint|p2a: Irönhead
|upkeep
|
|t:|1760814103
|switch|p2a: Quack Sabbath|Quaquaval, F|88/100
|turn|24
|
|t:|1760814113
|move|p1a: Cinderace|Will-O-Wisp|p2a: Quack Sabbath
|-status|p2a: Quack Sabbath|brn
|move|p2a: Quack Sabbath|Aqua Step|p1a: Cinderace
|-supereffective|p1a: Cinderace
|-damage|p1a: Cinderace|15/100
|-boost|p2a: Quack Sabbath|spe|1
|
|-heal|p2a: Quack Sabbath|94/100 brn|[from] item: Leftovers
|-damage|p2a: Quack Sabbath|88/100 brn|[from] brn
|upkeep
|turn|25
|
|t:|1760814117
|switch|p1a: Slowking|Slowking-Galar, M, shiny|75/100
|move|p2a: Quack Sabbath|Bulk Up|p2a: Quack Sabbath
|-boost|p2a: Quack Sabbath|atk|1
|-boost|p2a: Quack Sabbath|def|1
|
|-heal|p2a: Quack Sabbath|94/100 brn|[from] item: Leftovers
|-damage|p2a: Quack Sabbath|88/100 brn|[from] brn
|upkeep
|turn|26
|
|t:|1760814123
|-terastallize|p2a: Quack Sabbath|Steel
|move|p2a: Quack Sabbath|Bulk Up|p2a: Quack Sabbath
|-boost|p2a: Quack Sabbath|atk|1
|-boost|p2a: Quack Sabbath|def|1
|move|p1a: Slowking|Psychic Noise|p2a: Quack Sabbath
|-resisted|p2a: Quack Sabbath
|-damage|p2a: Quack Sabbath|71/100 brn
|-start|p2a: Quack Sabbath|move: Heal Block
|
|-damage|p2a: Quack Sabbath|65/100 brn|[from] brn
|upkeep
|turn|27
|
|t:|1760814128
|move|p2a: Quack Sabbath|Aqua Step|p1a: Slowking
|-damage|p1a: Slowking|34/100
|-boost|p2a: Quack Sabbath|spe|1
|-prepare|p1a: Slowking|Chilly Reception|[premajor]
|move|p1a: Slowking|Chilly Reception|p1a: Slowking
|-weather|Snowscape
|
|t:|1760814131
|switch|p1a: Landorus|Landorus-Therian, M, shiny|79/100|[from] Chilly Reception
|-ability|p1a: Landorus|Intimidate|boost
|-unboost|p2a: Quack Sabbath|atk|1
|
|-weather|Snowscape|[upkeep]
|-damage|p2a: Quack Sabbath|59/100 brn|[from] brn
|-end|p2a: Quack Sabbath|move: Heal Block
|upkeep
|turn|28
|
|t:|1760814136
|-terastallize|p1a: Landorus|Water
|move|p2a: Quack Sabbath|Bulk Up|p2a: Quack Sabbath
|-boost|p2a: Quack Sabbath|atk|1
|-boost|p2a: Quack Sabbath|def|1
|move|p1a: Landorus|Earthquake|p2a: Quack Sabbath
|-supereffective|p2a: Quack Sabbath
|-damage|p2a: Quack Sabbath|14/100 brn
|
|-weather|Snowscape|[upkeep]
|-heal|p2a: Quack Sabbath|20/100 brn|[from] item: Leftovers
|-damage|p2a: Quack Sabbath|14/100 brn|[from] brn
|upkeep
|turn|29
|
|t:|1760814142
|move|p2a: Quack Sabbath|Close Combat|p1a: Landorus
|-damage|p1a: Landorus|27/100
|-unboost|p2a: Quack Sabbath|def|1
|-unboost|p2a: Quack Sabbath|spd|1
|move|p1a: Landorus|Earthquake|p2a: Quack Sabbath
|-supereffective|p2a: Quack Sabbath
|-damage|p2a: Quack Sabbath|0 fnt
|faint|p2a: Quack Sabbath
|
|-weather|Snowscape|[upkeep]
|upkeep
|-message|swagataka forfeited.
|
|win|Dirty67
|raw|Dirty67's rating: 1537 &rarr; <strong>1563</strong><br />(+26 for winning)
|raw|swagataka's rating: 1653 &rarr; <strong>1627</strong><br />(-26 for losing)
|l|☆swagataka
|player|p2|
|l|☆Dirty67
|player|p1|
