|j|☆SVNDMVN
|j|☆big amogus
|t:|1760765209
|gametype|singles
|player|p1|SVNDMVN|unknown|1209
|player|p2|big amogus|unknown|1209
|gen|9
|tier|[Gen 9] OU
|rated|
|rule|HP Percentage Mod: HP is shown in percentages
|rule|Endless Battle Clause: Forcing endless battles is banned
|rule|Species Clause: Limit one of each Pokémon
|rule|OHKO Clause: OHKO moves are banned
|rule|Evasion Items Clause: Evasion items are banned
|rule|Evasion Moves Clause: Evasion moves are banned
|rule|Evasion Abilities Clause: Evasion abilities are banned
|rule|Sleep Moves Clause: Sleep-inducing moves are banned
|clearpoke
|poke|p1|Glimmora, F|
|poke|p1|Dondozo, M|
|poke|p1|Tornadus-Therian, M|
|poke|p1|Raging Bolt|
|poke|p1|Iron Treads|
|poke|p1|Clefable, F|
|poke|p2|Araquanid, M|
|poke|p2|Lokix, M|
|poke|p2|Forretress, M|
|poke|p2|Yanmega, M|
|poke|p2|Ribombee, F|
|poke|p2|Galvantula, M|
|teampreview
|
|t:|1760765228
|teamsize|p1|6
|teamsize|p2|6
|start
|switch|p1a: Clefable|Clefable, F, shiny|100/100
|switch|p2a: Galvantula|Galvantula, M|100/100
|turn|1
|
|t:|1760765232
|move|p2a: Galvantula|Thunder Wave|p1a: Clefable
|-status|p1a: Clefable|par
|move|p1a: Clefable|Meteor Beam||[still]
|-prepare|p1a: Clefable|Meteor Beam
|-boost|p1a: Clefable|spa|1
|-enditem|p1a: Clefable|Power Herb
|-anim|p1a: Clefable|Meteor Beam|p2a: Galvantula|[miss]
|-miss|p1a: Clefable|p2a: Galvantula
|
|upkeep
|turn|2
|
|t:|1760765241
|-terastallize|p1a: Clefable|Fairy
|move|p2a: Galvantula|Sticky Web|p1a: Clefable
|-sidestart|p1: SVNDMVN|move: Sticky Web
|cant|p1a: Clefable|par
|
|upkeep
|turn|3
|
|t:|1760765246
|move|p2a: Galvantula|Thunder|p1a: Clefable
|-damage|p1a: Clefable|55/100 par
|move|p1a: Clefable|Draining Kiss|p2a: Galvantula
|-enditem|p2a: Galvantula|Focus Sash
|-damage|p2a: Galvantula|1/100
|-heal|p1a: Clefable|100/100 par|[from] drain|[of] p2a: Galvantula
|
|upkeep
|turn|4
|
|t:|1760765257
|move|p2a: Galvantula|Thunder|p1a: Clefable
|-damage|p1a: Clefable|56/100 par
|move|p1a: Clefable|Ice Beam|p2a: Galvantula
|-damage|p2a: Galvantula|0 fnt
|faint|p2a: Galvantula
|
|upkeep
|
|t:|1760765272
|switch|p2a: Araquanid|Araquanid, M|100/100
|turn|5
|
|t:|1760765281
|move|p2a: Araquanid|Poison Jab|p1a: Clefable
|-supereffective|p1a: Clefable
|-damage|p1a: Clefable|0 fnt
|faint|p1a: Clefable
|
|upkeep
|
|t:|1760765289
|switch|p1a: Iron Treads|Iron Treads|100/100
|turn|6
|
|t:|1760765295
|switch|p2a: Forretress|Forretress, M|100/100
|move|p1a: Iron Treads|Volt Switch|p2a: Forretress
|-damage|p2a: Forretress|89/100
|
|t:|1760765302
|-end|p1a: Iron Treads|Quark Drive|[silent]
|switch|p1a: Glimmora|Glimmora, F|100/100|[from] Volt Switch
|-activate|p1a: Glimmora|move: Sticky Web
|-unboost|p1a: Glimmora|spe|1
|
|-heal|p2a: Forretress|95/100|[from] item: Leftovers
|upkeep
|turn|7
|
|t:|1760765313
|move|p1a: Glimmora|Earth Power|p2a: Forretress
|-damage|p2a: Forretress|63/100
|move|p2a: Forretress|Volt Switch|p1a: Glimmora
|-damage|p1a: Glimmora|88/100
|
|t:|1760765335
|switch|p2a: Araquanid|Araquanid, M|100/100|[from] Volt Switch
|
|upkeep
|turn|8
|
|t:|1760765343
|move|p1a: Glimmora|Power Gem|p2a: Araquanid
|-supereffective|p2a: Araquanid
|-damage|p2a: Araquanid|34/100
|move|p2a: Araquanid|Liquidation|p1a: Glimmora
|-supereffective|p1a: Glimmora
|-damage|p1a: Glimmora|0 fnt
|-activate|p1a: Glimmora|ability: Toxic Debris
|-sidestart|p2: big amogus|move: Toxic Spikes
|faint|p1a: Glimmora
|
|upkeep
|
|t:|1760765351
|switch|p1a: Iron Treads|Iron Treads|100/100
|turn|9
|
|t:|1760765355
|move|p1a: Iron Treads|Rapid Spin|p2a: Araquanid
|-damage|p2a: Araquanid|17/100
|-boost|p1a: Iron Treads|spe|1
|-sideend|p1: SVNDMVN|Sticky Web|[from] move: Rapid Spin|[of] p1a: Iron Treads
|move|p2a: Araquanid|Liquidation|p1a: Iron Treads
|-supereffective|p1a: Iron Treads
|-crit|p1a: Iron Treads
|-damage|p1a: Iron Treads|0 fnt
|faint|p1a: Iron Treads
|-end|p1a: Iron Treads|Quark Drive|[silent]
|
|upkeep
|
|t:|1760765359
|switch|p1a: Raging Bolt|Raging Bolt|100/100
|turn|10
|
|t:|1760765365
|move|p1a: Raging Bolt|Volt Switch|p2a: Araquanid
|-supereffective|p2a: Araquanid
|-damage|p2a: Araquanid|0 fnt
|faint|p2a: Araquanid
|-damage|p1a: Raging Bolt|91/100|[from] item: Life Orb
|
|t:|1760765381
|-end|p1a: Raging Bolt|Protosynthesis|[silent]
|switch|p1a: Tornadus|Tornadus-Therian, M|100/100|[from] Volt Switch
|
|upkeep
|
|t:|1760765399
|switch|p2a: Forretress|Forretress, M|63/100
|turn|11
|
|t:|1760765406
|move|p1a: Tornadus|Taunt|p2a: Forretress
|-start|p2a: Forretress|move: Taunt
|move|p2a: Forretress|Rapid Spin|p1a: Tornadus
|-damage|p1a: Tornadus|89/100
|-boost|p2a: Forretress|spe|1
|-sideend|p2: big amogus|Toxic Spikes|[from] move: Rapid Spin|[of] p2a: Forretress
|
|-heal|p2a: Forretress|69/100|[from] item: Leftovers
|upkeep
|turn|12
|
|t:|1760765412
|move|p1a: Tornadus|Bleakwind Storm|p2a: Forretress
|-damage|p2a: Forretress|31/100
|move|p2a: Forretress|Volt Switch|p1a: Tornadus
|-supereffective|p1a: Tornadus
|-damage|p1a: Tornadus|67/100
|
|t:|1760765418
|switch|p2a: Lokix|Lokix, M|100/100|[from] Volt Switch
|
|upkeep
|turn|13
|
|t:|1760765429
|-terastallize|p2a: Lokix|Bug
|move|p2a: Lokix|First Impression|p1a: Tornadus
|-resisted|p1a: Tornadus
|-damage|p1a: Tornadus|0 fnt
|faint|p1a: Tornadus
|
|upkeep
|
|t:|1760765431
|switch|p1a: Dondozo|Dondozo, M|100/100
|turn|14
|
|t:|1760765436
|switch|p2a: Forretress|Forretress, M|31/100
|move|p1a: Dondozo|Wave Crash|p2a: Forretress
|-damage|p2a: Forretress|0 fnt
|faint|p2a: Forretress
|-damage|p1a: Dondozo|92/100|[from] Recoil
|
|-heal|p1a: Dondozo|98/100|[from] item: Leftovers
|upkeep
|
|t:|1760765442
|switch|p2a: Yanmega|Yanmega, M|100/100
|turn|15
|
|t:|1760765450
|move|p2a: Yanmega|Psychic Noise|p1a: Dondozo
|-damage|p1a: Dondozo|80/100
|-start|p1a: Dondozo|move: Heal Block
|-enditem|p2a: Yanmega|Throat Spray
|-boost|p2a: Yanmega|spa|1|[from] item: Throat Spray
|move|p1a: Dondozo|Ice Fang|p2a: Yanmega
|-supereffective|p2a: Yanmega
|-damage|p2a: Yanmega|45/100
|
|upkeep
|turn|16
|
|t:|1760765459
|move|p2a: Yanmega|Giga Drain|p1a: Dondozo
|-supereffective|p1a: Dondozo
|-damage|p1a: Dondozo|44/100
|-heal|p2a: Yanmega|70/100|[from] drain|[of] p1a: Dondozo
|move|p1a: Dondozo|Wave Crash|p2a: Yanmega
|-damage|p2a: Yanmega|0 fnt
|faint|p2a: Yanmega
|-damage|p1a: Dondozo|28/100|[from] Recoil
|
|-end|p1a: Dondozo|move: Heal Block
|upkeep
|
|t:|1760765469
|switch|p2a: Lokix|Lokix, M, tera:Bug|100/100
|turn|17
|
|t:|1760765473
|switch|p1a: Raging Bolt|Raging Bolt|91/100
|move|p2a: Lokix|First Impression|p1a: Raging Bolt
|-damage|p1a: Raging Bolt|36/100
|
|upkeep
|turn|18
|
|t:|1760765479
|move|p2a: Lokix|U-turn|p1a: Raging Bolt
|-damage|p1a: Raging Bolt|0 fnt
|faint|p1a: Raging Bolt
|-end|p1a: Raging Bolt|Protosynthesis|[silent]
|
|t:|1760765481
|switch|p2a: Ribombee|Ribombee, F|100/100|[from] U-turn
|
|upkeep
|
|t:|1760765485
|switch|p1a: Dondozo|Dondozo, M|28/100
|turn|19
|
|t:|1760765490
|move|p2a: Ribombee|Bug Buzz|p1a: Dondozo
|-damage|p1a: Dondozo|0 fnt
|faint|p1a: Dondozo
|
|win|big amogus
|raw|SVNDMVN's rating: 1209 &rarr; <strong>1184</strong><br />(-25 for losing)
|raw|big amogus's rating: 1209 &rarr; <strong>1234</strong><br />(+25 for winning)
|c|☆big amogus|gg
|l|☆big amogus
|player|p2|
