|j|☆kharionn
|j|☆Petey2210
|t:|1760749439
|gametype|singles
|player|p1|kharionn|265|1089
|player|p2|Petey2210|266|1118
|gen|9
|tier|[Gen 9] OU
|rated|
|rule|HP Percentage Mod: HP is shown in percentages
|rule|Endless Battle Clause: Forcing endless battles is banned
|rule|Species Clause: Limit one of each Pokémon
|rule|OHKO Clause: OHKO moves are banned
|rule|Evasion Items Clause: Evasion items are banned
|rule|Evasion Moves Clause: Evasion moves are banned
|rule|Evasion Abilities Clause: Evasion abilities are banned
|rule|Sleep Moves Clause: Sleep-inducing moves are banned
|clearpoke
|poke|p1|Lokix, M|
|poke|p1|Zapdos|
|poke|p1|Mandibuzz, F|
|poke|p1|Staraptor, F|
|poke|p1|Malamar, M|
|poke|p1|Bastiodon, F|
|poke|p2|Ceruledge, M|
|poke|p2|Venusaur, F|
|poke|p2|Ninetales, F|
|poke|p2|Walking Wake|
|poke|p2|Landorus-Therian, M|
|poke|p2|Slowking-Galar, F|
|teampreview
|
|t:|1760749454
|teamsize|p1|6
|teamsize|p2|6
|start
|switch|p1a: Mandibuzz|Mandibuzz, F|100/100
|switch|p2a: Ninetales|Ninetales, F|100/100
|-weather|SunnyDay|[from] ability: Drought|[of] p2a: Ninetales
|turn|1
|
|t:|1760749465
|move|p2a: Ninetales|Will-O-Wisp|p1a: Mandibuzz
|-status|p1a: Mandibuzz|brn
|move|p1a: Mandibuzz|Toxic|p2a: Ninetales
|-status|p2a: Ninetales|tox
|
|-weather|SunnyDay|[upkeep]
|-damage|p2a: Ninetales|94/100 tox|[from] psn
|-damage|p1a: Mandibuzz|94/100 brn|[from] brn
|upkeep
|turn|2
|
|t:|1760749479
|switch|p2a: Venusaur|Venusaur, F|100/100
|switch|p1a: Malamar|Malamar, M|100/100
|
|-weather|SunnyDay|[upkeep]
|upkeep
|turn|3
|
|t:|1760749489
|-terastallize|p2a: Venusaur|Ground
|move|p2a: Venusaur|Growth|p2a: Venusaur
|-boost|p2a: Venusaur|atk|2
|-boost|p2a: Venusaur|spa|2
|move|p1a: Malamar|Superpower|p2a: Venusaur
|-damage|p2a: Venusaur|58/100
|-boost|p1a: Malamar|atk|1
|-boost|p1a: Malamar|def|1
|
|-weather|SunnyDay|[upkeep]
|-damage|p2a: Venusaur|45/100|[from] item: Black Sludge
|upkeep
|turn|4
|
|t:|1760749508
|move|p2a: Venusaur|Giga Drain|p1a: Malamar
|-damage|p1a: Malamar|48/100
|-heal|p2a: Venusaur|76/100|[from] drain|[of] p1a: Malamar
|move|p1a: Malamar|Superpower|p2a: Venusaur
|-damage|p2a: Venusaur|5/100
|-boost|p1a: Malamar|atk|1
|-boost|p1a: Malamar|def|1
|
|-weather|SunnyDay|[upkeep]
|-damage|p2a: Venusaur|0 fnt|[from] item: Black Sludge
|faint|p2a: Venusaur
|upkeep
|
|t:|1760749533
|switch|p2a: Walking Wake|Walking Wake|100/100
|-activate|p2a: Walking Wake|ability: Protosynthesis
|-start|p2a: Walking Wake|protosynthesisspe
|turn|5
|
|t:|1760749544
|move|p2a: Walking Wake|Hydro Steam|p1a: Malamar
|-damage|p1a: Malamar|3/100
|move|p1a: Malamar|Psycho Cut|p2a: Walking Wake
|-damage|p2a: Walking Wake|31/100
|
|-weather|SunnyDay|[upkeep]
|upkeep
|turn|6
|
|t:|1760749553
|move|p2a: Walking Wake|Hydro Steam|p1a: Malamar
|-damage|p1a: Malamar|0 fnt
|faint|p1a: Malamar
|
|-weather|SunnyDay|[upkeep]
|upkeep
|
|t:|1760749560
|switch|p1a: Lokix|Lokix, M|100/100
|turn|7
|
|t:|1760749566
|-end|p2a: Walking Wake|Protosynthesis|[silent]
|switch|p2a: Landorus|Landorus-Therian, M|100/100
|-ability|p2a: Landorus|Intimidate|boost
|-unboost|p1a: Lokix|atk|1
|move|p1a: Lokix|First Impression|p2a: Landorus
|-resisted|p2a: Landorus
|-damage|p2a: Landorus|67/100
|-damage|p1a: Lokix|84/100|[from] item: Rocky Helmet|[of] p2a: Landorus
|
|-weather|SunnyDay|[upkeep]
|upkeep
|turn|8
|
|t:|1760749577
|switch|p1a: Bastiodon|Bastiodon, F|100/100
|move|p2a: Landorus|Stealth Rock|p1a: Bastiodon
|-sidestart|p1: kharionn|move: Stealth Rock
|
|-weather|none
|upkeep
|turn|9
|
|t:|1760749583
|move|p2a: Landorus|Taunt|p1a: Bastiodon
|-start|p1a: Bastiodon|move: Taunt
|cant|p1a: Bastiodon|move: Taunt|Stealth Rock
|
|upkeep
|turn|10
|
|t:|1760749591
|switch|p1a: Zapdos|Zapdos|100/100
|move|p2a: Landorus|Earthquake|p1a: Zapdos
|-immune|p1a: Zapdos
|
|upkeep
|turn|11
|
|t:|1760749599
|move|p1a: Zapdos|Heat Wave|p2a: Landorus
|-damage|p2a: Landorus|30/100
|move|p2a: Landorus|U-turn|p1a: Zapdos
|-resisted|p1a: Zapdos
|-damage|p1a: Zapdos|90/100
|
|t:|1760749610
|switch|p2a: Ninetales|Ninetales, F|94/100 tox|[from] U-turn
|-weather|SunnyDay|[from] ability: Drought|[of] p2a: Ninetales
|
|-weather|SunnyDay|[upkeep]
|-damage|p2a: Ninetales|88/100 tox|[from] psn
|upkeep
|turn|12
|
|t:|1760749618
|move|p1a: Zapdos|Thunderbolt|p2a: Ninetales
|-damage|p2a: Ninetales|54/100 tox
|move|p2a: Ninetales|Flamethrower|p1a: Zapdos
|-damage|p1a: Zapdos|49/100
|
|-weather|SunnyDay|[upkeep]
|-damage|p2a: Ninetales|42/100 tox|[from] psn
|upkeep
|turn|13
|
|t:|1760749627
|move|p2a: Ninetales|Healing Wish|p2a: Ninetales
|faint|p2a: Ninetales
|move|p1a: Zapdos|Roost|p1a: Zapdos
|-heal|p1a: Zapdos|99/100
|-singleturn|p1a: Zapdos|move: Roost
|
|-weather|SunnyDay|[upkeep]
|upkeep
|
|t:|1760749638
|switch|p2a: Walking Wake|Walking Wake|31/100
|-heal|p2a: Walking Wake|100/100|[from] move: Healing Wish
|-activate|p2a: Walking Wake|ability: Protosynthesis
|-start|p2a: Walking Wake|protosynthesisspe
|turn|14
|
|t:|1760749647
|move|p2a: Walking Wake|Draco Meteor|p1a: Zapdos
|-damage|p1a: Zapdos|38/100
|-unboost|p2a: Walking Wake|spa|2
|move|p1a: Zapdos|Thunder Wave|p2a: Walking Wake
|-status|p2a: Walking Wake|par
|
|-weather|SunnyDay|[upkeep]
|upkeep
|turn|15
|
|t:|1760749656
|-end|p2a: Walking Wake|Protosynthesis|[silent]
|switch|p2a: Slowking|Slowking-Galar, F|100/100
|move|p1a: Zapdos|Roost|p1a: Zapdos
|-heal|p1a: Zapdos|88/100
|-singleturn|p1a: Zapdos|move: Roost
|
|-weather|SunnyDay|[upkeep]
|upkeep
|turn|16
|
|t:|1760749670
|move|p1a: Zapdos|Thunder Wave|p2a: Slowking
|-status|p2a: Slowking|par
|move|p2a: Slowking|Taunt|p1a: Zapdos
|-start|p1a: Zapdos|move: Taunt
|
|-weather|SunnyDay|[upkeep]
|upkeep
|turn|17
|l|☆Petey2210
|player|p2|
|inactive|Battle timer is ON: inactive players will automatically lose when time's up. (requested by kharionn)
|inactive|Petey2210 has 30 seconds to reconnect!
|inactive|Petey2210 has 20 seconds to reconnect!
|inactive|Petey2210 has 15 seconds to reconnect!
|inactive|Petey2210 has 10 seconds to reconnect!
|inactive|Petey2210 has 5 seconds to reconnect!
|-message|Petey2210 lost due to inactivity.
|
|win|kharionn
|raw|kharionn's rating: 1089 &rarr; <strong>1118</strong><br />(+29 for winning)
|raw|Petey2210's rating: 1118 &rarr; <strong>1091</strong><br />(-27 for losing)
|l|☆kharionn
|player|p1|
