|j|☆ZombieVomit
|j|☆vghhjg
|t:|1760814613
|gametype|singles
|player|p1|ZombieVomit|scientist-gen4|1683
|player|p2|vghhjg|1|1677
|gen|9
|tier|[Gen 9] OU
|rated|
|rule|HP Percentage Mod: HP is shown in percentages
|rule|Endless Battle Clause: Forcing endless battles is banned
|rule|Species Clause: Limit one of each Pokémon
|rule|OHKO Clause: OHKO moves are banned
|rule|Evasion Items Clause: Evasion items are banned
|rule|Evasion Moves Clause: Evasion moves are banned
|rule|Evasion Abilities Clause: Evasion abilities are banned
|rule|Sleep Moves Clause: Sleep-inducing moves are banned
|clearpoke
|poke|p1|Ninetales-Alola, M|
|poke|p1|Klefki, M|
|poke|p1|Maushold-Four|
|poke|p1|Latias, F|
|poke|p1|Kyurem|
|poke|p1|Thundurus-Therian, M|
|poke|p2|Ribombee, M|
|poke|p2|Gholdengo|
|poke|p2|Dragonite, M|
|poke|p2|Great Tusk|
|poke|p2|Kingambit, M|
|poke|p2|Comfey, F|
|teampreview
|
|t:|1760814622
|teamsize|p1|6
|teamsize|p2|6
|start
|switch|p1a: Klefki|Klefki, M|100/100
|switch|p2a: Ribombee|Ribombee, M|100/100
|turn|1
|inactive|Battle timer is ON: inactive players will automatically lose when time's up. (requested by ZombieVomit)
|j| Capitaine Tenace
|c| Capitaine Tenace|mmmh
|
|t:|1760814633
|move|p1a: Klefki|Thunder Wave|p2a: Ribombee
|-status|p2a: Ribombee|par
|move|p2a: Ribombee|Sticky Web|p1a: Klefki
|-sidestart|p1: ZombieVomit|move: Sticky Web
|
|upkeep
|turn|2
|
|t:|1760814638
|move|p1a: Klefki|Light Screen|p1a: Klefki
|-sidestart|p1: ZombieVomit|move: Light Screen
|move|p2a: Ribombee|Stun Spore|p1a: Klefki
|-status|p1a: Klefki|par
|
|upkeep
|turn|3
|
|t:|1760814645
|switch|p2a: Kingambit|Kingambit, M|100/100
|move|p1a: Klefki|Reflect|p1a: Klefki
|-sidestart|p1: ZombieVomit|Reflect
|
|upkeep
|turn|4
|c| Capitaine Tenace|come on zombie
|
|t:|1760814652
|switch|p1a: Latias|Latias, F|100/100
|move|p2a: Kingambit|Swords Dance|p2a: Kingambit
|-boost|p2a: Kingambit|atk|2
|
|upkeep
|turn|5
|
|t:|1760814658
|move|p1a: Latias|Aura Sphere|p2a: Kingambit
|-supereffective|p2a: Kingambit
|-damage|p2a: Kingambit|0 fnt
|faint|p2a: Kingambit
|-end|p2a: Kingambit|fallenundefined|[silent]
|
|upkeep
|c| Capitaine Tenace|hawk tuah kinganmbit
|c|☆ZombieVomit|spit on that thang
|c| Capitaine Tenace|xd
|c|☆ZombieVomit|jizzed on him
|inactive|vghhjg has 120 seconds left.
|c|☆ZombieVomit|:D
|c|☆vghhjg|i mean it was so obvious why would you even predict that :P
|c| Capitaine Tenace|calm down vghh
|c|☆ZombieVomit|lol forfeit?
|inactive|vghhjg has 90 seconds left.
|c| Capitaine Tenace|give up bghh
|c| Capitaine Tenace|vghh
|
|t:|1760814728
|switch|p2a: Ribombee|Ribombee, M|100/100 par
|turn|6
|
|t:|1760814730
|move|p1a: Latias|Calm Mind|p1a: Latias
|-boost|p1a: Latias|spa|1
|-boost|p1a: Latias|spd|1
|move|p2a: Ribombee|Stun Spore|p1a: Latias
|-status|p1a: Latias|par
|
|upkeep
|turn|7
|
|t:|1760814740
|switch|p2a: Comfey|Comfey, F|100/100
|move|p1a: Latias|Agility|p1a: Latias
|-boost|p1a: Latias|spe|2
|
|upkeep
|turn|8
|
|t:|1760814744
|cant|p1a: Latias|par
|move|p2a: Comfey|Encore|p1a: Latias
|-start|p1a: Latias|Encore
|
|upkeep
|turn|9
|c|☆ZombieVomit|lmfao
|c| Capitaine Tenace|:o
|
|t:|1760814752
|move|p1a: Latias|Agility|p1a: Latias
|-boost|p1a: Latias|spe|2
|move|p2a: Comfey|Calm Mind|p2a: Comfey
|-boost|p2a: Comfey|spa|1
|-boost|p2a: Comfey|spd|1
|
|-sideend|p1: ZombieVomit|move: Light Screen
|upkeep
|turn|10
|
|t:|1760814760
|-terastallize|p1a: Latias|Steel
|move|p1a: Latias|Agility|p1a: Latias
|-boost|p1a: Latias|spe|2
|move|p2a: Comfey|Calm Mind|p2a: Comfey
|-boost|p2a: Comfey|spa|1
|-boost|p2a: Comfey|spd|1
|
|-sideend|p1: ZombieVomit|Reflect
|upkeep
|turn|11
|inactive|vghhjg has 120 seconds left.
|
|t:|1760814769
|move|p1a: Latias|Agility|p1a: Latias
|-boost|p1a: Latias|spe|0
|move|p2a: Comfey|Calm Mind|p2a: Comfey
|-boost|p2a: Comfey|spa|1
|-boost|p2a: Comfey|spd|1
|
|-end|p1a: Latias|Encore
|upkeep
|turn|12
|
|t:|1760814777
|move|p1a: Latias|Stored Power|p2a: Comfey
|-damage|p2a: Comfey|40/100
|move|p2a: Comfey|Encore|p1a: Latias
|-start|p1a: Latias|Encore
|
|upkeep
|turn|13
|
|t:|1760814781
|move|p2a: Comfey|Draining Kiss|p1a: Latias
|-resisted|p1a: Latias
|-damage|p1a: Latias|81/100 par
|-heal|p2a: Comfey|54/100|[from] drain|[of] p1a: Latias
|-damage|p2a: Comfey|45/100|[from] item: Life Orb
|move|p1a: Latias|Stored Power|p2a: Comfey
|-damage|p2a: Comfey|0 fnt
|faint|p2a: Comfey
|
|upkeep
|c| Capitaine Tenace|:o
|
|t:|1760814794
|switch|p2a: Dragonite|Dragonite, M|100/100
|turn|14
|
|t:|1760814804
|cant|p1a: Latias|par
|move|p2a: Dragonite|Low Kick|p1a: Latias
|-supereffective|p1a: Latias
|-damage|p1a: Latias|36/100 par
|-enditem|p1a: Latias|Weakness Policy
|-boost|p1a: Latias|atk|2|[from] item: Weakness Policy
|-boost|p1a: Latias|spa|2|[from] item: Weakness Policy
|
|upkeep
|turn|15
|
|t:|1760814811
|cant|p1a: Latias|par
|move|p2a: Dragonite|Low Kick|p1a: Latias
|-supereffective|p1a: Latias
|-damage|p1a: Latias|0 fnt
|faint|p1a: Latias
|
|upkeep
|c|☆ZombieVomit|OOF
|c|☆ZombieVomit|fuckin 3 paras
|c| Capitaine Tenace|hax mvp
|c|☆ZombieVomit|wow
|
|t:|1760814823
|switch|p1a: Ninetales|Ninetales-Alola, M|100/100
|-activate|p1a: Ninetales|move: Sticky Web
|-unboost|p1a: Ninetales|spe|1
|-weather|Snowscape|[from] ability: Snow Warning|[of] p1a: Ninetales
|turn|16
|c|☆vghhjg|can't beat hax give up already
|
|t:|1760814843
|switch|p2a: Ribombee|Ribombee, M|100/100 par
|move|p1a: Ninetales|Aurora Veil|p1a: Ninetales
|-sidestart|p1: ZombieVomit|move: Aurora Veil
|
|-weather|Snowscape|[upkeep]
|upkeep
|turn|17
|
|t:|1760814847
|move|p1a: Ninetales|Misty Terrain|p1a: Ninetales
|-fieldstart|move: Misty Terrain
|move|p2a: Ribombee|Stun Spore|p1a: Ninetales
|-activate|p1a: Ninetales|move: Misty Terrain
|
|-weather|Snowscape|[upkeep]
|upkeep
|turn|18
|c| Capitaine Tenace|oO
|c|☆vghhjg|haha that is cool
|c|☆vghhjg|love the creativity
|c|☆ZombieVomit|bow down to the king
|inactive|vghhjg has 120 seconds left.
|c|☆vghhjg|bruh you need help
|c|☆ZombieVomit|?
|c| Capitaine Tenace|im here
|c|☆ZombieVomit|u need zombie vomit
|c|☆vghhjg|no professional help
|c| Capitaine Tenace|oO
|c|☆ZombieVomit|and im going to drench you with it
|inactive|vghhjg has 90 seconds left.
|
|t:|1760814910
|switch|p1a: Maushold|Maushold-Four|100/100
|-activate|p1a: Maushold|move: Sticky Web
|-unboost|p1a: Maushold|spe|1
|switch|p2a: Great Tusk|Great Tusk|100/100
|
|-weather|Snowscape|[upkeep]
|upkeep
|turn|19
|c|☆ZombieVomit|:)
|inactive|vghhjg has 90 seconds left.
|c| Capitaine Tenace|vghh fight me u can't win
|c|☆vghhjg|i mean what i just said
|
|t:|1760814934
|move|p2a: Great Tusk|Knock Off|p1a: Maushold
|-damage|p1a: Maushold|77/100
|-enditem|p1a: Maushold|Wide Lens|[from] move: Knock Off|[of] p2a: Great Tusk
|move|p1a: Maushold|Tidy Up|p1a: Maushold
|-sideend|p1: ZombieVomit|Sticky Web
|-activate|p1a: Maushold|move: Tidy Up
|-boost|p1a: Maushold|atk|1
|-boost|p1a: Maushold|spe|1
|
|-weather|Snowscape|[upkeep]
|upkeep
|turn|20
|
|t:|1760814943
|move|p2a: Great Tusk|Rapid Spin|p1a: Maushold
|-damage|p1a: Maushold|65/100
|-boost|p2a: Great Tusk|spe|1
|move|p1a: Maushold|Tidy Up|p1a: Maushold
|-boost|p1a: Maushold|atk|1
|-boost|p1a: Maushold|spe|1
|
|-weather|none
|upkeep
|turn|21
|inactive|vghhjg has 90 seconds left.
|
|t:|1760814961
|move|p2a: Great Tusk|Rapid Spin|p1a: Maushold
|-damage|p1a: Maushold|53/100
|-boost|p2a: Great Tusk|spe|1
|move|p1a: Maushold|Population Bomb|p2a: Great Tusk
|-damage|p2a: Great Tusk|83/100
|-damage|p2a: Great Tusk|65/100
|-damage|p2a: Great Tusk|46/100
|-damage|p2a: Great Tusk|29/100
|-crit|p2a: Great Tusk
|-damage|p2a: Great Tusk|5/100
|-damage|p2a: Great Tusk|0 fnt
|faint|p2a: Great Tusk
|-end|p2a: Great Tusk|Protosynthesis|[silent]
|-hitcount|p2: Great Tusk|6
|
|-fieldend|Misty Terrain
|upkeep
|c|☆ZombieVomit|:)
|c| Capitaine Tenace|JUSTIIICE
|c|☆ZombieVomit|nice spin tho
|
|t:|1760814981
|switch|p2a: Ribombee|Ribombee, M|100/100 par
|turn|22
|
|t:|1760814985
|move|p1a: Maushold|Bite|p2a: Ribombee
|-resisted|p2a: Ribombee
|-damage|p2a: Ribombee|60/100 par
|move|p2a: Ribombee|Stun Spore|p1a: Maushold
|-status|p1a: Maushold|par
|
|upkeep
|turn|23
|
|t:|1760814993
|move|p1a: Maushold|Tidy Up|p1a: Maushold
|-boost|p1a: Maushold|atk|1
|-boost|p1a: Maushold|spe|1
|move|p2a: Ribombee|Sticky Web|p1a: Maushold
|-sidestart|p1: ZombieVomit|move: Sticky Web
|
|-sideend|p1: ZombieVomit|move: Aurora Veil
|upkeep
|turn|24
|
|t:|1760815002
|cant|p1a: Maushold|par
|cant|p2a: Ribombee|par
|
|upkeep
|turn|25
|inactive|vghhjg has 90 seconds left.
|
|t:|1760815009
|cant|p1a: Maushold|par
|move|p2a: Ribombee|Skill Swap|p1a: Maushold
|-activate|p2a: Ribombee|move: Skill Swap|Technician|Shield Dust|[of] p1a: Maushold
|
|upkeep
|turn|26
|
|t:|1760815018
|move|p1a: Maushold|Encore|p2a: Ribombee
|-start|p2a: Ribombee|Encore
|move|p2a: Ribombee|Skill Swap|p1a: Maushold
|-activate|p2a: Ribombee|move: Skill Swap|Shield Dust|Technician|[of] p1a: Maushold
|
|upkeep
|turn|27
|c| Capitaine Tenace|HEHEEHEHE
|c|☆ZombieVomit|give it here
|
|t:|1760815026
|switch|p2a: Gholdengo|Gholdengo|100/100
|-item|p2a: Gholdengo|Air Balloon
|move|p1a: Maushold|Tidy Up|p1a: Maushold
|-sideend|p1: ZombieVomit|Sticky Web
|-activate|p1a: Maushold|move: Tidy Up
|-boost|p1a: Maushold|atk|1
|-boost|p1a: Maushold|spe|1
|
|upkeep
|turn|28
|
|t:|1760815030
|cant|p1a: Maushold|par
|move|p2a: Gholdengo|Dazzling Gleam|p1a: Maushold
|-damage|p1a: Maushold|18/100 par
|
|upkeep
|turn|29
|
|t:|1760815036
|move|p1a: Maushold|Bite|p2a: Gholdengo
|-supereffective|p2a: Gholdengo
|-damage|p2a: Gholdengo|0 fnt
|-enditem|p2a: Gholdengo|Air Balloon
|faint|p2a: Gholdengo
|
|upkeep
|c| Capitaine Tenace|come on give up
|
|t:|1760815042
|switch|p2a: Dragonite|Dragonite, M|100/100
|turn|30
|c|☆ZombieVomit|HES SHAKING GUYS
|inactive|vghhjg has 120 seconds left.
|c| Capitaine Tenace|yyy
|
|t:|1760815050
|-terastallize|p2a: Dragonite|Ghost
|move|p1a: Maushold|Population Bomb|p2a: Dragonite
|-immune|p2a: Dragonite
|move|p2a: Dragonite|Dragon Dance|p2a: Dragonite
|-boost|p2a: Dragonite|atk|1
|-boost|p2a: Dragonite|spe|1
|
|upkeep
|turn|31
|inactive|vghhjg has 120 seconds left.
|
|t:|1760815087
|move|p1a: Maushold|Bite|p2a: Dragonite
|-supereffective|p2a: Dragonite
|-damage|p2a: Dragonite|33/100
|move|p2a: Dragonite|Low Kick|p1a: Maushold
|-supereffective|p1a: Maushold
|-damage|p1a: Maushold|0 fnt
|faint|p1a: Maushold
|
|-heal|p2a: Dragonite|39/100|[from] item: Leftovers
|upkeep
|c| Capitaine Tenace|come on
|
|t:|1760815095
|switch|p1a: Ninetales|Ninetales-Alola, M|100/100
|-weather|Snowscape|[from] ability: Snow Warning|[of] p1a: Ninetales
|turn|32
|
|t:|1760815104
|move|p1a: Ninetales|Aurora Veil|p1a: Ninetales
|-sidestart|p1: ZombieVomit|move: Aurora Veil
|move|p2a: Dragonite|Dragon Dance|p2a: Dragonite
|-boost|p2a: Dragonite|atk|1
|-boost|p2a: Dragonite|spe|1
|
|-weather|Snowscape|[upkeep]
|-heal|p2a: Dragonite|45/100|[from] item: Leftovers
|upkeep
|turn|33
|
|t:|1760815113
|move|p2a: Dragonite|Roost|p2a: Dragonite
|-heal|p2a: Dragonite|95/100
|move|p1a: Ninetales|Encore|p2a: Dragonite
|-start|p2a: Dragonite|Encore
|
|-weather|Snowscape|[upkeep]
|-heal|p2a: Dragonite|100/100|[from] item: Leftovers
|upkeep
|turn|34
|c| Capitaine Tenace|COME OOON
|
|t:|1760815120
|switch|p1a: Kyurem|Kyurem, shiny|100/100
|-ability|p1a: Kyurem|Pressure
|move|p2a: Dragonite|Roost||[still]
|-fail|p2a: Dragonite|heal
|
|-weather|Snowscape|[upkeep]
|upkeep
|turn|35
|
|t:|1760815123
|move|p2a: Dragonite|Roost||[still]
|-fail|p2a: Dragonite|heal
|move|p1a: Kyurem|Dragon Dance|p1a: Kyurem
|-boost|p1a: Kyurem|atk|1
|-boost|p1a: Kyurem|spe|1
|
|-weather|Snowscape|[upkeep]
|upkeep
|turn|36
|
|t:|1760815128
|move|p2a: Dragonite|Roost||[still]
|-fail|p2a: Dragonite|heal
|move|p1a: Kyurem|Dragon Dance|p1a: Kyurem
|-boost|p1a: Kyurem|atk|1
|-boost|p1a: Kyurem|spe|1
|
|-weather|none
|-end|p2a: Dragonite|Encore
|upkeep
|turn|37
|c|☆ZombieVomit|GG
|
|t:|1760815145
|move|p1a: Kyurem|Icicle Spear|p2a: Dragonite
|-damage|p2a: Dragonite|87/100
|-damage|p2a: Dragonite|60/100
|-damage|p2a: Dragonite|31/100
|-damage|p2a: Dragonite|4/100
|-hitcount|p2a: Dragonite|4
|move|p2a: Dragonite|Low Kick|p1a: Kyurem
|-supereffective|p1a: Kyurem
|-crit|p1a: Kyurem
|-damage|p1a: Kyurem|0 fnt
|faint|p1a: Kyurem
|
|-heal|p2a: Dragonite|10/100|[from] item: Leftovers
|upkeep
|c|☆ZombieVomit|WHOO DOGGY
|c|☆ZombieVomit|lmfao
|
|t:|1760815159
|switch|p1a: Ninetales|Ninetales-Alola, M|100/100
|-weather|Snowscape|[from] ability: Snow Warning|[of] p1a: Ninetales
|turn|38
|c| Capitaine Tenace|nice hax haxk tuah
|j| Fleance
|c|☆vghhjg|bruh you should think before saying gg..
|c|☆vghhjg|you say that quite a lot
|
|t:|1760815181
|move|p2a: Dragonite|Roost|p2a: Dragonite
|-heal|p2a: Dragonite|60/100
|move|p1a: Ninetales|Encore|p2a: Dragonite
|-start|p2a: Dragonite|Encore
|
|-weather|Snowscape|[upkeep]
|-heal|p2a: Dragonite|66/100|[from] item: Leftovers
|upkeep
|turn|39
|
|t:|1760815186
|switch|p1a: Klefki|Klefki, M|100/100 par
|move|p2a: Dragonite|Roost|p2a: Dragonite
|-heal|p2a: Dragonite|100/100
|
|-weather|Snowscape|[upkeep]
|-sideend|p1: ZombieVomit|move: Aurora Veil
|upkeep
|turn|40
|
|t:|1760815195
|move|p1a: Klefki|Thunder Wave|p2a: Dragonite
|-status|p2a: Dragonite|par
|cant|p2a: Dragonite|par
|
|-weather|Snowscape|[upkeep]
|upkeep
|turn|41
|
|t:|1760815199
|switch|p1a: Ninetales|Ninetales-Alola, M|100/100
|move|p2a: Dragonite|Roost||[still]
|-fail|p2a: Dragonite|heal
|
|-weather|Snowscape|[upkeep]
|-end|p2a: Dragonite|Encore
|upkeep
|turn|42
|
|t:|1760815206
|move|p1a: Ninetales|Encore|p2a: Dragonite
|-start|p2a: Dragonite|Encore
|cant|p2a: Dragonite|par
|
|-weather|none
|upkeep
|turn|43
|c| Capitaine Tenace|hehe
|
|t:|1760815211
|switch|p1a: Klefki|Klefki, M|100/100 par
|cant|p2a: Dragonite|par
|
|upkeep
|turn|44
|
|t:|1760815216
|switch|p1a: Ninetales|Ninetales-Alola, M|100/100
|-weather|Snowscape|[from] ability: Snow Warning|[of] p1a: Ninetales
|move|p2a: Dragonite|Roost||[still]
|-fail|p2a: Dragonite|heal
|
|-weather|Snowscape|[upkeep]
|-end|p2a: Dragonite|Encore
|upkeep
|turn|45
|
|t:|1760815218
|move|p1a: Ninetales|Aurora Veil|p1a: Ninetales
|-sidestart|p1: ZombieVomit|move: Aurora Veil
|move|p2a: Dragonite|Tera Blast|p1a: Ninetales|[anim] Tera Blast Ghost
|-damage|p1a: Ninetales|64/100
|
|-weather|Snowscape|[upkeep]
|upkeep
|turn|46
|c| Capitaine Tenace|:O
|
|t:|1760815224
|move|p1a: Ninetales|Freeze-Dry|p2a: Dragonite
|-damage|p2a: Dragonite|92/100 par
|move|p2a: Dragonite|Tera Blast|p1a: Ninetales|[anim] Tera Blast Ghost
|-damage|p1a: Ninetales|30/100
|
|-weather|Snowscape|[upkeep]
|-heal|p2a: Dragonite|98/100 par|[from] item: Leftovers
|upkeep
|turn|47
|
|t:|1760815231
|move|p1a: Ninetales|Freeze-Dry|p2a: Dragonite
|-damage|p2a: Dragonite|80/100 par
|move|p2a: Dragonite|Tera Blast|p1a: Ninetales|[anim] Tera Blast Ghost
|-damage|p1a: Ninetales|0 fnt
|faint|p1a: Ninetales
|
|-weather|Snowscape|[upkeep]
|-heal|p2a: Dragonite|86/100 par|[from] item: Leftovers
|upkeep
|
|t:|1760815236
|switch|p1a: Thundurus|Thundurus-Therian, M|100/100
|turn|48
|
|t:|1760815242
|move|p1a: Thundurus|Agility|p1a: Thundurus
|-boost|p1a: Thundurus|spe|2
|move|p2a: Dragonite|Tera Blast|p1a: Thundurus|[anim] Tera Blast Ghost
|-damage|p1a: Thundurus|41/100
|
|-weather|none
|-heal|p2a: Dragonite|92/100 par|[from] item: Leftovers
|upkeep
|turn|49
|
|t:|1760815245
|move|p1a: Thundurus|Nasty Plot|p1a: Thundurus
|-boost|p1a: Thundurus|spa|2
|cant|p2a: Dragonite|par
|
|-heal|p2a: Dragonite|98/100 par|[from] item: Leftovers
|upkeep
|turn|50
|
|t:|1760815248
|move|p1a: Thundurus|Discharge|p2a: Dragonite
|-damage|p2a: Dragonite|9/100 par
|move|p2a: Dragonite|Tera Blast|p1a: Thundurus|[anim] Tera Blast Ghost
|-damage|p1a: Thundurus|0 fnt
|faint|p1a: Thundurus
|
|-heal|p2a: Dragonite|16/100 par|[from] item: Leftovers
|upkeep
|c|☆ZombieVomit|dude
|c|☆vghhjg|gg
|c|☆ZombieVomit|he can
|c|☆ZombieVomit|hax the fuck out me
|c|☆ZombieVomit|vbut i cant get anything?
|c|☆ZombieVomit|;LMAO
|c|☆ZombieVomit|i love this game
|
|t:|1760815269
|switch|p1a: Klefki|Klefki, M|100/100 par
|turn|51
|l| Fleance
|c|☆ZombieVomit|relax
|c|☆ZombieVomit|i had this won
|c|☆ZombieVomit|long ago
|c|☆vghhjg|bruh keep talking about zombie vomit..
|c|☆ZombieVomit|with stored power latias
|c|☆ZombieVomit|i got 4 paras
|c|☆ZombieVomit|with her alone
|
|t:|1760815295
|move|p1a: Klefki|Spikes|p2a: Dragonite
|-sidestart|p2: vghhjg|Spikes
|move|p2a: Dragonite|Tera Blast|p1a: Klefki|[anim] Tera Blast Ghost
|-damage|p1a: Klefki|56/100 par
|
|-heal|p2a: Dragonite|22/100 par|[from] item: Leftovers
|upkeep
|turn|52
|
|t:|1760815305
|move|p1a: Klefki|Spikes|p2a: Dragonite
|-sidestart|p2: vghhjg|Spikes
|move|p2a: Dragonite|Tera Blast|p1a: Klefki|[anim] Tera Blast Ghost
|-damage|p1a: Klefki|9/100 par
|
|-heal|p2a: Dragonite|28/100 par|[from] item: Leftovers
|-sideend|p1: ZombieVomit|move: Aurora Veil
|upkeep
|turn|53
|c|☆ZombieVomit|look at that
|c|☆ZombieVomit|he cabn freely hit me
|c|☆ZombieVomit|lmao
|c|☆vghhjg|told you can't beat my hax
|c|☆vghhjg|should have resigned
|inactive|vghhjg has 120 seconds left.
|c| Capitaine Tenace|vghh fight me
|inactive|ZombieVomit has 120 seconds left.
|c|☆ZombieVomit|wigger got outplayed
|c|☆ZombieVomit|and still won
|c|☆ZombieVomit|insane this is why
|c|☆ZombieVomit|i dont take this game serious at all
|c|☆vghhjg|shitalker got trashed
|c|☆ZombieVomit|dumb crits
|c|☆ZombieVomit|dumb hacks
|c|☆vghhjg|and still talkes trash
|inactive|ZombieVomit has 90 seconds left.
|c|☆vghhjg|amazing
|-message|ZombieVomit forfeited.
|
|win|vghhjg
|raw|ZombieVomit's rating: 1683 &rarr; <strong>1663</strong><br />(-20 for losing)
|raw|vghhjg's rating: 1677 &rarr; <strong>1697</strong><br />(+20 for winning)
|l|☆ZombieVomit
|player|p1|
|l|☆vghhjg
|player|p2|
|l| Capitaine Tenace
