|j|☆aquuua
|j|☆daffoself
|t:|1760828695
|gametype|singles
|player|p1|aquuua|bruno|1157
|player|p2|daffoself|n|1188
|gen|9
|tier|[Gen 9] OU
|rated|
|rule|HP Percentage Mod: HP is shown in percentages
|rule|Endless Battle Clause: Forcing endless battles is banned
|rule|Species Clause: Limit one of each Pokémon
|rule|OHKO Clause: OHKO moves are banned
|rule|Evasion Items Clause: Evasion items are banned
|rule|Evasion Moves Clause: Evasion moves are banned
|rule|Evasion Abilities Clause: Evasion abilities are banned
|rule|Sleep Moves Clause: Sleep-inducing moves are banned
|clearpoke
|poke|p1|Toxapex, M|
|poke|p1|Mandibuzz, F|
|poke|p1|Gliscor, M|
|poke|p1|Salazzle, F|
|poke|p1|Muk-Alola, F|
|poke|p1|Great Tusk|
|poke|p2|Alomomola, M|
|poke|p2|Slowking-Galar, M|
|poke|p2|Avalugg, M|
|poke|p2|Garganacl, F|
|poke|p2|Rillaboom, M|
|poke|p2|Great Tusk|
|teampreview
|inactive|Battle timer is ON: inactive players will automatically lose when time's up. (requested by aquuua)
|
|t:|1760828710
|teamsize|p1|6
|teamsize|p2|6
|start
|switch|p1a: Gliscor|Gliscor, M|100/100
|switch|p2a: Garganacl|Garganacl, F|100/100
|turn|1
|
|t:|1760828729
|move|p1a: Gliscor|Knock Off|p2a: Garganacl
|-damage|p2a: Garganacl|86/100
|-enditem|p2a: Garganacl|Leftovers|[from] move: Knock Off|[of] p1a: Gliscor
|move|p2a: Garganacl|Stealth Rock|p1a: Gliscor
|-sidestart|p1: aquuua|move: Stealth Rock
|
|-status|p1a: Gliscor|tox|[from] item: Toxic Orb
|upkeep
|turn|2
|
|t:|1760828740
|switch|p1a: Great Tusk|Great Tusk|100/100
|move|p2a: Garganacl|Salt Cure|p1a: Great Tusk
|-resisted|p1a: Great Tusk
|-damage|p1a: Great Tusk|98/100
|-start|p1a: Great Tusk|Salt Cure
|
|-damage|p1a: Great Tusk|86/100|[from] Salt Cure
|upkeep
|turn|3
|
|t:|1760828751
|switch|p2a: Rillaboom|Rillaboom, M|100/100
|-fieldstart|move: Grassy Terrain|[from] ability: Grassy Surge|[of] p2a: Rillaboom
|move|p1a: Great Tusk|Rapid Spin|p2a: Rillaboom
|-damage|p2a: Rillaboom|89/100
|-boost|p1a: Great Tusk|spe|1
|-sideend|p1: aquuua|Stealth Rock|[from] move: Rapid Spin|[of] p1a: Great Tusk
|
|-heal|p1a: Great Tusk|92/100|[from] Grassy Terrain
|-heal|p2a: Rillaboom|95/100|[from] Grassy Terrain
|-damage|p1a: Great Tusk|79/100|[from] Salt Cure
|upkeep
|turn|4
|inactive|aquuua has 120 seconds left.
|
|t:|1760828785
|-end|p1a: Great Tusk|Protosynthesis|[silent]
|switch|p1a: Mandibuzz|Mandibuzz, F|100/100
|move|p2a: Rillaboom|Leech Seed|p1a: Mandibuzz
|-start|p1a: Mandibuzz|move: Leech Seed
|
|-heal|p2a: Rillaboom|100/100|[from] Grassy Terrain
|-damage|p1a: Mandibuzz|88/100|[from] Leech Seed|[of] p2a: Rillaboom
|upkeep
|turn|5
|
|t:|1760828798
|switch|p2a: Garganacl|Garganacl, F|86/100
|move|p1a: Mandibuzz|Toxic|p2a: Garganacl
|-immune|p2a: Garganacl|[from] ability: Purifying Salt
|
|-heal|p2a: Garganacl|92/100|[from] Grassy Terrain
|-damage|p1a: Mandibuzz|76/100|[from] Leech Seed|[of] p2a: Garganacl
|-heal|p2a: Garganacl|100/100|[silent]
|upkeep
|turn|6
|
|t:|1760828807
|switch|p1a: Gliscor|Gliscor, M|100/100 tox
|move|p2a: Garganacl|Salt Cure|p1a: Gliscor
|-damage|p1a: Gliscor|89/100 tox
|-start|p1a: Gliscor|Salt Cure
|
|-heal|p1a: Gliscor|100/100 tox|[from] ability: Poison Heal
|-damage|p1a: Gliscor|88/100 tox|[from] Salt Cure
|upkeep
|turn|7
|
|t:|1760828820
|move|p1a: Gliscor|Spikes|p2a: Garganacl
|-sidestart|p2: daffoself|Spikes
|move|p2a: Garganacl|Stealth Rock|p1a: Gliscor
|-sidestart|p1: aquuua|move: Stealth Rock
|
|-heal|p1a: Gliscor|100/100 tox|[from] ability: Poison Heal
|-damage|p1a: Gliscor|88/100 tox|[from] Salt Cure
|upkeep
|turn|8
|inactive|aquuua has 120 seconds left.
|
|t:|1760828858
|switch|p1a: Great Tusk|Great Tusk|79/100
|switch|p2a: Great Tusk|Great Tusk|100/100
|-damage|p2a: Great Tusk|88/100|[from] Spikes
|-enditem|p2a: Great Tusk|Booster Energy
|-activate|p2a: Great Tusk|ability: Protosynthesis|[fromitem]
|-start|p2a: Great Tusk|protosynthesisspe
|
|-heal|p2a: Great Tusk|94/100|[from] Grassy Terrain
|-heal|p1a: Great Tusk|86/100|[from] Grassy Terrain
|upkeep
|turn|9
|inactive|aquuua has 120 seconds left.
|
|t:|1760828870
|move|p2a: Great Tusk|Knock Off|p1a: Great Tusk
|-resisted|p1a: Great Tusk
|-damage|p1a: Great Tusk|75/100
|-enditem|p1a: Great Tusk|Heavy-Duty Boots|[from] move: Knock Off|[of] p2a: Great Tusk
|move|p1a: Great Tusk|Ice Spinner|p2a: Great Tusk
|-supereffective|p2a: Great Tusk
|-damage|p2a: Great Tusk|62/100
|-fieldend|move: Grassy Terrain
|
|upkeep
|turn|10
|
|t:|1760828888
|move|p2a: Great Tusk|Rapid Spin|p1a: Great Tusk
|-damage|p1a: Great Tusk|64/100
|-boost|p2a: Great Tusk|spe|1
|-sideend|p2: daffoself|Spikes|[from] move: Rapid Spin|[of] p2a: Great Tusk
|move|p1a: Great Tusk|Rapid Spin|p2a: Great Tusk
|-damage|p2a: Great Tusk|51/100
|-boost|p1a: Great Tusk|spe|1
|-sideend|p1: aquuua|Stealth Rock|[from] move: Rapid Spin|[of] p1a: Great Tusk
|
|upkeep
|turn|11
|
|t:|1760828902
|-end|p2a: Great Tusk|Protosynthesis|[silent]
|switch|p2a: Avalugg|Avalugg, M|100/100
|move|p1a: Great Tusk|Ice Spinner|p2a: Avalugg
|-resisted|p2a: Avalugg
|-damage|p2a: Avalugg|93/100
|
|upkeep
|turn|12
|inactive|aquuua has 120 seconds left.
|
|t:|1760828924
|-end|p1a: Great Tusk|Protosynthesis|[silent]
|switch|p1a: Toxapex|Toxapex, M|100/100
|move|p2a: Avalugg|Avalanche|p1a: Toxapex
|-resisted|p1a: Toxapex
|-damage|p1a: Toxapex|92/100
|
|-heal|p1a: Toxapex|98/100|[from] item: Black Sludge
|upkeep
|turn|13
|inactive|aquuua has 120 seconds left.
|
|t:|1760828932
|switch|p2a: Slowking|Slowking-Galar, M|100/100
|move|p1a: Toxapex|Baneful Bunker||[still]
|-fail|p1a: Toxapex
|
|-heal|p1a: Toxapex|100/100|[from] item: Black Sludge
|upkeep
|turn|14
|
|t:|1760828940
|switch|p1a: Muk|Muk-Alola, F|100/100
|move|p2a: Slowking|Psychic Noise|p1a: Muk
|-immune|p1a: Muk
|
|upkeep
|turn|15
|
|t:|1760828952
|switch|p2a: Great Tusk|Great Tusk|51/100
|move|p1a: Muk|Knock Off|p2a: Great Tusk
|-resisted|p2a: Great Tusk
|-damage|p2a: Great Tusk|44/100
|-status|p2a: Great Tusk|psn|[from] ability: Poison Touch|[of] p1a: Muk
|
|-damage|p2a: Great Tusk|31/100 psn|[from] psn
|upkeep
|turn|16
|inactive|aquuua has 120 seconds left.
|
|t:|1760828988
|move|p1a: Muk|Protect|p1a: Muk
|-singleturn|p1a: Muk|Protect
|move|p2a: Great Tusk|Knock Off|p1a: Muk
|-activate|p1a: Muk|move: Protect
|
|-damage|p2a: Great Tusk|19/100 psn|[from] psn
|upkeep
|turn|17
|inactive|aquuua has 90 seconds left.
|
|t:|1760829038
|switch|p1a: Mandibuzz|Mandibuzz, F|76/100
|move|p2a: Great Tusk|Headlong Rush|p1a: Mandibuzz
|-immune|p1a: Mandibuzz
|
|-damage|p2a: Great Tusk|6/100 psn|[from] psn
|upkeep
|turn|18
|
|t:|1760829046
|switch|p1a: Toxapex|Toxapex, M|100/100
|move|p2a: Great Tusk|Knock Off|p1a: Toxapex
|-damage|p1a: Toxapex|79/100
|-enditem|p1a: Toxapex|Black Sludge|[from] move: Knock Off|[of] p2a: Great Tusk
|
|-damage|p2a: Great Tusk|0 fnt|[from] psn
|faint|p2a: Great Tusk
|-end|p2a: Great Tusk|Protosynthesis|[silent]
|upkeep
|
|t:|1760829055
|switch|p2a: Slowking|Slowking-Galar, M|100/100
|turn|19
|
|t:|1760829072
|switch|p1a: Muk|Muk-Alola, F|100/100
|-prepare|p2a: Slowking|Chilly Reception|[premajor]
|move|p2a: Slowking|Chilly Reception|p2a: Slowking
|-weather|Snowscape
|
|t:|1760829078
|switch|p2a: Avalugg|Avalugg, M|93/100|[from] Chilly Reception
|
|-weather|Snowscape|[upkeep]
|-heal|p2a: Avalugg|99/100|[from] ability: Ice Body
|upkeep
|turn|20
|
|t:|1760829087
|switch|p1a: Toxapex|Toxapex, M|79/100
|move|p2a: Avalugg|Aurora Veil|p2a: Avalugg
|-sidestart|p2: daffoself|move: Aurora Veil
|
|-weather|Snowscape|[upkeep]
|-heal|p2a: Avalugg|100/100|[from] ability: Ice Body
|upkeep
|turn|21
|inactive|aquuua has 90 seconds left.
|
|t:|1760829094
|switch|p2a: Garganacl|Garganacl, F|100/100
|move|p1a: Toxapex|Baneful Bunker||[still]
|-fail|p1a: Toxapex
|
|-weather|Snowscape|[upkeep]
|upkeep
|turn|22
|
|t:|1760829102
|move|p1a: Toxapex|Baneful Bunker|p1a: Toxapex
|-singleturn|p1a: Toxapex|move: Protect
|move|p2a: Garganacl|Salt Cure|p1a: Toxapex
|-activate|p1a: Toxapex|move: Protect
|
|-weather|Snowscape|[upkeep]
|upkeep
|turn|23
|
|t:|1760829115
|switch|p1a: Gliscor|Gliscor, M|88/100 tox
|move|p2a: Garganacl|Salt Cure|p1a: Gliscor
|-damage|p1a: Gliscor|77/100 tox
|-start|p1a: Gliscor|Salt Cure
|
|-weather|none
|-heal|p1a: Gliscor|90/100 tox|[from] ability: Poison Heal
|-damage|p1a: Gliscor|77/100 tox|[from] Salt Cure
|upkeep
|turn|24
|
|t:|1760829124
|move|p1a: Gliscor|Spikes|p2a: Garganacl
|-sidestart|p2: daffoself|Spikes
|move|p2a: Garganacl|Stealth Rock|p1a: Gliscor
|-sidestart|p1: aquuua|move: Stealth Rock
|
|-heal|p1a: Gliscor|90/100 tox|[from] ability: Poison Heal
|-damage|p1a: Gliscor|77/100 tox|[from] Salt Cure
|-sideend|p2: daffoself|move: Aurora Veil
|upkeep
|turn|25
|
|t:|1760829132
|move|p1a: Gliscor|Spikes|p2a: Garganacl
|-sidestart|p2: daffoself|Spikes
|move|p2a: Garganacl|Salt Cure|p1a: Gliscor
|-damage|p1a: Gliscor|67/100 tox
|
|-heal|p1a: Gliscor|80/100 tox|[from] ability: Poison Heal
|-damage|p1a: Gliscor|67/100 tox|[from] Salt Cure
|upkeep
|turn|26
|
|t:|1760829139
|move|p1a: Gliscor|Spikes|p2a: Garganacl
|-sidestart|p2: daffoself|Spikes
|move|p2a: Garganacl|Salt Cure|p1a: Gliscor
|-damage|p1a: Gliscor|56/100 tox
|
|-heal|p1a: Gliscor|69/100 tox|[from] ability: Poison Heal
|-damage|p1a: Gliscor|56/100 tox|[from] Salt Cure
|upkeep
|turn|27
|
|t:|1760829148
|switch|p1a: Mandibuzz|Mandibuzz, F|76/100
|move|p2a: Garganacl|Salt Cure|p1a: Mandibuzz
|-supereffective|p1a: Mandibuzz
|-damage|p1a: Mandibuzz|61/100
|-start|p1a: Mandibuzz|Salt Cure
|
|-damage|p1a: Mandibuzz|49/100|[from] Salt Cure
|upkeep
|turn|28
|
|t:|1760829157
|move|p2a: Garganacl|Protect|p2a: Garganacl
|-singleturn|p2a: Garganacl|Protect
|move|p1a: Mandibuzz|Roost|p1a: Mandibuzz
|-heal|p1a: Mandibuzz|99/100
|-singleturn|p1a: Mandibuzz|move: Roost
|
|-damage|p1a: Mandibuzz|87/100|[from] Salt Cure
|upkeep
|turn|29
|
|t:|1760829167
|switch|p1a: Salazzle|Salazzle, F|100/100
|move|p2a: Garganacl|Salt Cure|p1a: Salazzle
|-supereffective|p1a: Salazzle
|-damage|p1a: Salazzle|46/100
|-start|p1a: Salazzle|Salt Cure
|
|-damage|p1a: Salazzle|34/100|[from] Salt Cure
|upkeep
|turn|30
|
|t:|1760829177
|switch|p2a: Slowking|Slowking-Galar, M|100/100
|move|p1a: Salazzle|Toxic|p2a: Slowking
|-status|p2a: Slowking|tox
|
|-damage|p2a: Slowking|94/100 tox|[from] psn
|-damage|p1a: Salazzle|22/100|[from] Salt Cure
|upkeep
|turn|31
|
|t:|1760829186
|switch|p1a: Gliscor|Gliscor, M|56/100 tox
|-damage|p1a: Gliscor|44/100 tox|[from] Stealth Rock
|move|p2a: Slowking|Psychic Noise|p1a: Gliscor
|-damage|p1a: Gliscor|18/100 tox
|-start|p1a: Gliscor|move: Heal Block
|
|-damage|p2a: Slowking|82/100 tox|[from] psn
|upkeep
|turn|32
|
|t:|1760829198
|move|p1a: Gliscor|Protect|p1a: Gliscor
|-singleturn|p1a: Gliscor|Protect
|move|p2a: Slowking|Psychic Noise|p1a: Gliscor
|-activate|p1a: Gliscor|move: Protect
|
|-damage|p2a: Slowking|64/100 tox|[from] psn
|-end|p1a: Gliscor|move: Heal Block
|upkeep
|turn|33
|
|t:|1760829208
|switch|p1a: Muk|Muk-Alola, F|100/100
|-damage|p1a: Muk|88/100|[from] Stealth Rock
|move|p2a: Slowking|Psychic Noise|p1a: Muk
|-immune|p1a: Muk
|
|-heal|p1a: Muk|94/100|[from] item: Black Sludge
|-damage|p2a: Slowking|40/100 tox|[from] psn
|upkeep
|turn|34
|
|t:|1760829218
|switch|p2a: Alomomola|Alomomola, M|100/100
|move|p1a: Muk|Drain Punch|p2a: Alomomola
|-damage|p2a: Alomomola|91/100
|-heal|p1a: Muk|99/100|[from] drain|[of] p2a: Alomomola
|
|-heal|p1a: Muk|100/100|[from] item: Black Sludge
|upkeep
|turn|35
|
|t:|1760829227
|move|p2a: Alomomola|Whirlpool|p1a: Muk
|-damage|p1a: Muk|97/100
|-activate|p1a: Muk|move: Whirlpool|[of] p2a: Alomomola
|move|p1a: Muk|Knock Off|p2a: Alomomola
|-damage|p2a: Alomomola|74/100
|-enditem|p2a: Alomomola|Heavy-Duty Boots|[from] move: Knock Off|[of] p1a: Muk
|
|-heal|p1a: Muk|100/100|[from] item: Black Sludge
|-damage|p1a: Muk|88/100|[from] move: Whirlpool|[partiallytrapped]
|upkeep
|turn|36
|
|t:|1760829237
|move|p2a: Alomomola|Wish|p2a: Alomomola
|move|p1a: Muk|Gunk Shot|p2a: Alomomola|[miss]
|-miss|p1a: Muk|p2a: Alomomola
|
|-heal|p1a: Muk|94/100|[from] item: Black Sludge
|-damage|p1a: Muk|82/100|[from] move: Whirlpool|[partiallytrapped]
|upkeep
|turn|37
|
|t:|1760829248
|move|p2a: Alomomola|Whirlpool|p1a: Muk
|-damage|p1a: Muk|78/100
|move|p1a: Muk|Gunk Shot|p2a: Alomomola
|-damage|p2a: Alomomola|50/100
|-status|p2a: Alomomola|psn
|
|-heal|p2a: Alomomola|100/100 psn|[from] move: Wish|[wisher] Alomomola
|-heal|p1a: Muk|84/100|[from] item: Black Sludge
|-damage|p2a: Alomomola|88/100 psn|[from] psn
|-damage|p1a: Muk|72/100|[from] move: Whirlpool|[partiallytrapped]
|upkeep
|turn|38
|
|t:|1760829263
|move|p2a: Alomomola|Flip Turn|p1a: Muk
|-damage|p1a: Muk|56/100
|
|t:|1760829267
|switch|p2a: Garganacl|Garganacl, F|100/100|[from] Flip Turn
|-damage|p2a: Garganacl|75/100|[from] Spikes
|move|p1a: Muk|Drain Punch|p2a: Garganacl
|-supereffective|p2a: Garganacl
|-damage|p2a: Garganacl|53/100
|-heal|p1a: Muk|67/100|[from] drain|[of] p2a: Garganacl
|
|-heal|p1a: Muk|73/100|[from] item: Black Sludge
|-end|p1a: Muk|Whirlpool|[partiallytrapped]|[silent]
|upkeep
|turn|39
|
|t:|1760829284
|switch|p2a: Avalugg|Avalugg, M|100/100
|move|p1a: Muk|Drain Punch|p2a: Avalugg
|-supereffective|p2a: Avalugg
|-damage|p2a: Avalugg|83/100
|-heal|p1a: Muk|82/100|[from] drain|[of] p2a: Avalugg
|
|-heal|p1a: Muk|88/100|[from] item: Black Sludge
|upkeep
|turn|40
|
|t:|1760829293
|switch|p1a: Toxapex|Toxapex, M|79/100
|-damage|p1a: Toxapex|67/100|[from] Stealth Rock
|move|p2a: Avalugg|Rapid Spin|p1a: Toxapex
|-damage|p1a: Toxapex|57/100
|-boost|p2a: Avalugg|spe|1
|-sideend|p2: daffoself|Spikes|[from] move: Rapid Spin|[of] p2a: Avalugg
|
|upkeep
|turn|41
|
|t:|1760829309
|switch|p2a: Slowking|Slowking-Galar, M|73/100 tox
|switch|p1a: Mandibuzz|Mandibuzz, F|87/100
|
|-damage|p2a: Slowking|67/100 tox|[from] psn
|upkeep
|turn|42
|
|t:|1760829315
|move|p1a: Mandibuzz|Defog|p2a: Slowking
|-unboost|p2a: Slowking|evasion|1
|-sideend|p1: aquuua|Stealth Rock|[from] move: Defog|[of] p1a: Mandibuzz
|move|p2a: Slowking|Toxic|p1a: Mandibuzz
|-status|p1a: Mandibuzz|tox
|
|-damage|p1a: Mandibuzz|81/100 tox|[from] psn
|-damage|p2a: Slowking|55/100 tox|[from] psn
|upkeep
|turn|43
|
|t:|1760829323
|move|p1a: Mandibuzz|Foul Play|p2a: Slowking
|-supereffective|p2a: Slowking
|-damage|p2a: Slowking|18/100 tox
|-prepare|p2a: Slowking|Chilly Reception|[premajor]
|move|p2a: Slowking|Chilly Reception|p2a: Slowking
|-weather|Snowscape
|
|t:|1760829331
|switch|p2a: Avalugg|Avalugg, M|83/100|[from] Chilly Reception
|
|-weather|Snowscape|[upkeep]
|-heal|p2a: Avalugg|89/100|[from] ability: Ice Body
|-damage|p1a: Mandibuzz|68/100 tox|[from] psn
|upkeep
|turn|44
|
|t:|1760829341
|move|p1a: Mandibuzz|Toxic|p2a: Avalugg
|-status|p2a: Avalugg|tox
|move|p2a: Avalugg|Aurora Veil|p2a: Avalugg
|-sidestart|p2: daffoself|move: Aurora Veil
|
|-weather|Snowscape|[upkeep]
|-heal|p2a: Avalugg|95/100 tox|[from] ability: Ice Body
|-damage|p1a: Mandibuzz|50/100 tox|[from] psn
|-damage|p2a: Avalugg|89/100 tox|[from] psn
|upkeep
|turn|45
|
|t:|1760829348
|switch|p1a: Toxapex|Toxapex, M|57/100
|move|p2a: Avalugg|Avalanche|p1a: Toxapex
|-resisted|p1a: Toxapex
|-damage|p1a: Toxapex|48/100
|
|-weather|Snowscape|[upkeep]
|-heal|p2a: Avalugg|95/100 tox|[from] ability: Ice Body
|-damage|p2a: Avalugg|83/100 tox|[from] psn
|upkeep
|turn|46
|
|t:|1760829358
|switch|p2a: Garganacl|Garganacl, F|53/100
|move|p1a: Toxapex|Recover|p1a: Toxapex
|-heal|p1a: Toxapex|98/100
|
|-weather|Snowscape|[upkeep]
|upkeep
|turn|47
|
|t:|1760829368
|switch|p1a: Muk|Muk-Alola, F|88/100
|move|p2a: Garganacl|Recover|p2a: Garganacl
|-heal|p2a: Garganacl|100/100
|
|-weather|none
|-heal|p1a: Muk|94/100|[from] item: Black Sludge
|upkeep
|turn|48
|
|t:|1760829375
|move|p1a: Muk|Drain Punch|p2a: Garganacl
|-supereffective|p2a: Garganacl
|-damage|p2a: Garganacl|88/100
|-heal|p1a: Muk|99/100|[from] drain|[of] p2a: Garganacl
|move|p2a: Garganacl|Salt Cure|p1a: Muk
|-damage|p1a: Muk|86/100
|-start|p1a: Muk|Salt Cure
|
|-heal|p1a: Muk|92/100|[from] item: Black Sludge
|-damage|p1a: Muk|79/100|[from] Salt Cure
|-sideend|p2: daffoself|move: Aurora Veil
|upkeep
|turn|49
|
|t:|1760829389
|move|p1a: Muk|Drain Punch|p2a: Garganacl
|-supereffective|p2a: Garganacl
|-damage|p2a: Garganacl|64/100
|-heal|p1a: Muk|91/100|[from] drain|[of] p2a: Garganacl
|move|p2a: Garganacl|Salt Cure|p1a: Muk
|-damage|p1a: Muk|76/100
|
|-heal|p1a: Muk|82/100|[from] item: Black Sludge
|-damage|p1a: Muk|69/100|[from] Salt Cure
|upkeep
|turn|50
|
|t:|1760829399
|move|p1a: Muk|Drain Punch|p2a: Garganacl
|-supereffective|p2a: Garganacl
|-damage|p2a: Garganacl|42/100
|-heal|p1a: Muk|80/100|[from] drain|[of] p2a: Garganacl
|move|p2a: Garganacl|Recover|p2a: Garganacl
|-heal|p2a: Garganacl|92/100
|
|-heal|p1a: Muk|86/100|[from] item: Black Sludge
|-damage|p1a: Muk|74/100|[from] Salt Cure
|upkeep
|turn|51
|
|t:|1760829408
|move|p1a: Muk|Drain Punch|p2a: Garganacl
|-supereffective|p2a: Garganacl
|-crit|p2a: Garganacl
|-damage|p2a: Garganacl|58/100
|-heal|p1a: Muk|91/100|[from] drain|[of] p2a: Garganacl
|move|p2a: Garganacl|Salt Cure|p1a: Muk
|-damage|p1a: Muk|77/100
|
|-heal|p1a: Muk|83/100|[from] item: Black Sludge
|-damage|p1a: Muk|71/100|[from] Salt Cure
|upkeep
|turn|52
|
|t:|1760829418
|switch|p1a: Salazzle|Salazzle, F|22/100
|move|p2a: Garganacl|Recover|p2a: Garganacl
|-heal|p2a: Garganacl|100/100
|
|upkeep
|turn|53
|
|t:|1760829424
|move|p1a: Salazzle|Toxic|p2a: Garganacl
|-immune|p2a: Garganacl|[from] ability: Purifying Salt
|move|p2a: Garganacl|Salt Cure|p1a: Salazzle
|-supereffective|p1a: Salazzle
|-damage|p1a: Salazzle|0 fnt
|faint|p1a: Salazzle
|
|upkeep
|
|t:|1760829447
|switch|p1a: Great Tusk|Great Tusk|64/100
|turn|54
|c|☆daffoself|i had no idea if corrosion went through or not
|
|t:|1760829459
|switch|p2a: Rillaboom|Rillaboom, M|100/100
|-fieldstart|move: Grassy Terrain|[from] ability: Grassy Surge|[of] p2a: Rillaboom
|move|p1a: Great Tusk|Headlong Rush|p2a: Rillaboom
|-resisted|p2a: Rillaboom
|-damage|p2a: Rillaboom|80/100
|-unboost|p1a: Great Tusk|def|1
|-unboost|p1a: Great Tusk|spd|1
|
|-heal|p1a: Great Tusk|70/100|[from] Grassy Terrain
|-heal|p2a: Rillaboom|87/100|[from] Grassy Terrain
|upkeep
|turn|55
|
|t:|1760829479
|-end|p1a: Great Tusk|Protosynthesis|[silent]
|switch|p1a: Mandibuzz|Mandibuzz, F|50/100 tox
|move|p2a: Rillaboom|Leech Seed|p1a: Mandibuzz
|-start|p1a: Mandibuzz|move: Leech Seed
|
|-heal|p2a: Rillaboom|93/100|[from] Grassy Terrain
|-damage|p1a: Mandibuzz|38/100 tox|[from] Leech Seed|[of] p2a: Rillaboom
|-heal|p2a: Rillaboom|100/100|[silent]
|-damage|p1a: Mandibuzz|31/100 tox|[from] psn
|upkeep
|turn|56
|
|t:|1760829488
|move|p2a: Rillaboom|U-turn|p1a: Mandibuzz
|-damage|p1a: Mandibuzz|21/100 tox
|
|t:|1760829498
|switch|p2a: Alomomola|Alomomola, M|100/100 psn|[from] U-turn
|move|p1a: Mandibuzz|Roost|p1a: Mandibuzz
|-heal|p1a: Mandibuzz|71/100 tox
|-singleturn|p1a: Mandibuzz|move: Roost
|
|-heal|p1a: Mandibuzz|77/100 tox|[from] Grassy Terrain
|-damage|p1a: Mandibuzz|65/100 tox|[from] Leech Seed|[of] p2a: Alomomola
|-damage|p1a: Mandibuzz|53/100 tox|[from] psn
|-damage|p2a: Alomomola|88/100 psn|[from] psn
|upkeep
|turn|57
|
|t:|1760829508
|switch|p1a: Toxapex|Toxapex, M|98/100
|move|p2a: Alomomola|Whirlpool|p1a: Toxapex
|-resisted|p1a: Toxapex
|-damage|p1a: Toxapex|96/100
|-activate|p1a: Toxapex|move: Whirlpool|[of] p2a: Alomomola
|
|-heal|p2a: Alomomola|94/100 psn|[from] Grassy Terrain
|-heal|p1a: Toxapex|100/100|[from] Grassy Terrain
|-damage|p2a: Alomomola|82/100 psn|[from] psn
|-damage|p1a: Toxapex|88/100|[from] move: Whirlpool|[partiallytrapped]
|upkeep
|turn|58
|
|t:|1760829520
|switch|p2a: Garganacl|Garganacl, F|100/100
|move|p1a: Toxapex|Venoshock|p2a: Garganacl
|-resisted|p2a: Garganacl
|-crit|p2a: Garganacl
|-damage|p2a: Garganacl|90/100
|
|-heal|p1a: Toxapex|94/100|[from] Grassy Terrain
|-heal|p2a: Garganacl|97/100|[from] Grassy Terrain
|-end|p1a: Toxapex|Whirlpool|[partiallytrapped]|[silent]
|upkeep
|turn|59
|
|t:|1760829531
|-terastallize|p1a: Toxapex|Grass
|move|p1a: Toxapex|Hydro Pump|p2a: Garganacl
|-supereffective|p2a: Garganacl
|-damage|p2a: Garganacl|51/100
|move|p2a: Garganacl|Stealth Rock|p1a: Toxapex
|-sidestart|p1: aquuua|move: Stealth Rock
|
|-heal|p2a: Garganacl|58/100|[from] Grassy Terrain
|-heal|p1a: Toxapex|100/100|[from] Grassy Terrain
|upkeep
|turn|60
|
|t:|1760829542
|move|p2a: Garganacl|Protect|p2a: Garganacl
|-singleturn|p2a: Garganacl|Protect
|move|p1a: Toxapex|Hydro Pump|p2a: Garganacl
|-activate|p2a: Garganacl|move: Protect
|
|-heal|p2a: Garganacl|64/100|[from] Grassy Terrain
|upkeep
|turn|61
|
|t:|1760829553
|move|p1a: Toxapex|Hydro Pump|p2a: Garganacl|[miss]
|-miss|p1a: Toxapex|p2a: Garganacl
|move|p2a: Garganacl|Salt Cure|p1a: Toxapex
|-damage|p1a: Toxapex|89/100
|-start|p1a: Toxapex|Salt Cure
|
|-heal|p1a: Toxapex|96/100|[from] Grassy Terrain
|-heal|p2a: Garganacl|70/100|[from] Grassy Terrain
|-damage|p1a: Toxapex|83/100|[from] Salt Cure
|-fieldend|move: Grassy Terrain
|upkeep
|turn|62
|
|t:|1760829564
|switch|p1a: Great Tusk|Great Tusk|70/100
|-damage|p1a: Great Tusk|67/100|[from] Stealth Rock
|move|p2a: Garganacl|Protect||[still]
|-fail|p2a: Garganacl
|
|upkeep
|turn|63
|
|t:|1760829574
|switch|p2a: Alomomola|Alomomola, M|100/100 psn
|move|p1a: Great Tusk|Rapid Spin|p2a: Alomomola
|-damage|p2a: Alomomola|90/100 psn
|-boost|p1a: Great Tusk|spe|1
|-sideend|p1: aquuua|Stealth Rock|[from] move: Rapid Spin|[of] p1a: Great Tusk
|
|-damage|p2a: Alomomola|78/100 psn|[from] psn
|upkeep
|turn|64
|
|t:|1760829584
|-end|p1a: Great Tusk|Protosynthesis|[silent]
|switch|p1a: Toxapex|Toxapex, M, tera:Grass|83/100
|move|p2a: Alomomola|Whirlpool|p1a: Toxapex
|-resisted|p1a: Toxapex
|-damage|p1a: Toxapex|81/100
|-activate|p1a: Toxapex|move: Whirlpool|[of] p2a: Alomomola
|
|-damage|p2a: Alomomola|66/100 psn|[from] psn
|-damage|p1a: Toxapex|68/100|[from] move: Whirlpool|[partiallytrapped]
|upkeep
|turn|65
|
|t:|1760829600
|switch|p2a: Slowking|Slowking-Galar, M|51/100 tox
|move|p1a: Toxapex|Hydro Pump|p2a: Slowking
|-crit|p2a: Slowking
|-damage|p2a: Slowking|16/100 tox
|
|-damage|p2a: Slowking|10/100 tox|[from] psn
|-end|p1a: Toxapex|Whirlpool|[partiallytrapped]|[silent]
|upkeep
|turn|66
|
|t:|1760829621
|switch|p2a: Rillaboom|Rillaboom, M|100/100
|-fieldstart|move: Grassy Terrain|[from] ability: Grassy Surge|[of] p2a: Rillaboom
|move|p1a: Toxapex|Venoshock|p2a: Rillaboom
|-supereffective|p2a: Rillaboom
|-damage|p2a: Rillaboom|51/100
|
|-heal|p2a: Rillaboom|57/100|[from] Grassy Terrain
|-heal|p1a: Toxapex|75/100|[from] Grassy Terrain
|upkeep
|turn|67
|
|t:|1760829634
|move|p1a: Toxapex|Baneful Bunker|p1a: Toxapex
|-singleturn|p1a: Toxapex|move: Protect
|move|p2a: Rillaboom|U-turn|p1a: Toxapex
|-activate|p1a: Toxapex|move: Protect
|-status|p2a: Rillaboom|psn
|
|-heal|p2a: Rillaboom|63/100 psn|[from] Grassy Terrain
|-heal|p1a: Toxapex|81/100|[from] Grassy Terrain
|-damage|p2a: Rillaboom|51/100 psn|[from] psn
|upkeep
|turn|68
|
|t:|1760829654
|switch|p2a: Garganacl|Garganacl, F|70/100
|switch|p1a: Gliscor|Gliscor, M|18/100 tox
|
|-heal|p2a: Garganacl|76/100|[from] Grassy Terrain
|-heal|p1a: Gliscor|30/100 tox|[from] ability: Poison Heal
|upkeep
|turn|69
|
|t:|1760829663
|move|p1a: Gliscor|Protect|p1a: Gliscor
|-singleturn|p1a: Gliscor|Protect
|move|p2a: Garganacl|Salt Cure|p1a: Gliscor
|-activate|p1a: Gliscor|move: Protect
|
|-heal|p2a: Garganacl|82/100|[from] Grassy Terrain
|-heal|p1a: Gliscor|43/100 tox|[from] ability: Poison Heal
|upkeep
|turn|70
|
|t:|1760829673
|switch|p1a: Great Tusk|Great Tusk|67/100
|switch|p2a: Alomomola|Alomomola, M|99/100 psn
|
|-heal|p1a: Great Tusk|73/100|[from] Grassy Terrain
|-heal|p2a: Alomomola|100/100 psn|[from] Grassy Terrain
|-damage|p2a: Alomomola|88/100 psn|[from] psn
|upkeep
|turn|71
|
|t:|1760829684
|-end|p1a: Great Tusk|Protosynthesis|[silent]
|switch|p1a: Toxapex|Toxapex, M, tera:Grass|81/100
|move|p2a: Alomomola|Wish|p2a: Alomomola
|
|-heal|p2a: Alomomola|94/100 psn|[from] Grassy Terrain
|-heal|p1a: Toxapex|87/100|[from] Grassy Terrain
|-damage|p2a: Alomomola|82/100 psn|[from] psn
|upkeep
|turn|72
|
|t:|1760829694
|move|p2a: Alomomola|Flip Turn|p1a: Toxapex
|-resisted|p1a: Toxapex
|-damage|p1a: Toxapex|82/100
|
|t:|1760829697
|switch|p2a: Slowking|Slowking-Galar, M|44/100 tox|[from] Flip Turn
|move|p1a: Toxapex|Hydro Pump|p2a: Slowking|[miss]
|-miss|p1a: Toxapex|p2a: Slowking
|
|-heal|p2a: Slowking|100/100 tox|[from] move: Wish|[wisher] Alomomola
|-heal|p1a: Toxapex|88/100|[from] Grassy Terrain
|-damage|p2a: Slowking|94/100 tox|[from] psn
|upkeep
|turn|73
|
|t:|1760829708
|switch|p1a: Gliscor|Gliscor, M|43/100 tox
|move|p2a: Slowking|Toxic|p1a: Gliscor
|-fail|p1a: Gliscor|tox
|
|-heal|p2a: Slowking|100/100 tox|[from] Grassy Terrain
|-heal|p1a: Gliscor|55/100 tox|[from] ability: Poison Heal
|-damage|p2a: Slowking|88/100 tox|[from] psn
|-fieldend|move: Grassy Terrain
|upkeep
|turn|74
|
|t:|1760829717
|move|p1a: Gliscor|Knock Off|p2a: Slowking
|-supereffective|p2a: Slowking
|-damage|p2a: Slowking|48/100 tox
|-enditem|p2a: Slowking|Heavy-Duty Boots|[from] move: Knock Off|[of] p1a: Gliscor
|-prepare|p2a: Slowking|Chilly Reception|[premajor]
|move|p2a: Slowking|Chilly Reception|p2a: Slowking
|-weather|Snowscape
|
|t:|1760829724
|switch|p2a: Avalugg|Avalugg, M|83/100 tox|[from] Chilly Reception
|
|-weather|Snowscape|[upkeep]
|-heal|p2a: Avalugg|89/100 tox|[from] ability: Ice Body
|-heal|p1a: Gliscor|68/100 tox|[from] ability: Poison Heal
|-damage|p2a: Avalugg|83/100 tox|[from] psn
|upkeep
|turn|75
|
|t:|1760829742
|switch|p1a: Muk|Muk-Alola, F|71/100
|move|p2a: Avalugg|Aurora Veil|p2a: Avalugg
|-sidestart|p2: daffoself|move: Aurora Veil
|
|-weather|Snowscape|[upkeep]
|-heal|p2a: Avalugg|89/100 tox|[from] ability: Ice Body
|-heal|p1a: Muk|77/100|[from] item: Black Sludge
|-damage|p2a: Avalugg|77/100 tox|[from] psn
|upkeep
|turn|76
|
|t:|1760829750
|switch|p2a: Garganacl|Garganacl, F|82/100
|move|p1a: Muk|Drain Punch|p2a: Garganacl
|-supereffective|p2a: Garganacl
|-damage|p2a: Garganacl|70/100
|-heal|p1a: Muk|83/100|[from] drain|[of] p2a: Garganacl
|
|-weather|Snowscape|[upkeep]
|-heal|p1a: Muk|89/100|[from] item: Black Sludge
|upkeep
|turn|77
|
|t:|1760829759
|switch|p1a: Toxapex|Toxapex, M, tera:Grass|88/100
|move|p2a: Garganacl|Salt Cure|p1a: Toxapex
|-crit|p1a: Toxapex
|-damage|p1a: Toxapex|71/100
|-start|p1a: Toxapex|Salt Cure
|
|-weather|Snowscape|[upkeep]
|-damage|p1a: Toxapex|59/100|[from] Salt Cure
|upkeep
|turn|78
|
|t:|1760829773
|move|p1a: Toxapex|Recover|p1a: Toxapex
|-heal|p1a: Toxapex|100/100
|move|p2a: Garganacl|Salt Cure|p1a: Toxapex
|-damage|p1a: Toxapex|89/100
|
|-weather|none
|-damage|p1a: Toxapex|76/100|[from] Salt Cure
|upkeep
|turn|79
|
|t:|1760829782
|switch|p1a: Great Tusk|Great Tusk|73/100
|move|p2a: Garganacl|Stealth Rock|p1a: Great Tusk
|-sidestart|p1: aquuua|move: Stealth Rock
|
|-sideend|p2: daffoself|move: Aurora Veil
|upkeep
|turn|80
|
|t:|1760829788
|switch|p2a: Rillaboom|Rillaboom, M|51/100 psn
|-fieldstart|move: Grassy Terrain|[from] ability: Grassy Surge|[of] p2a: Rillaboom
|move|p1a: Great Tusk|Rapid Spin|p2a: Rillaboom
|-damage|p2a: Rillaboom|40/100 psn
|-boost|p1a: Great Tusk|spe|1
|-sideend|p1: aquuua|Stealth Rock|[from] move: Rapid Spin|[of] p1a: Great Tusk
|
|-heal|p1a: Great Tusk|79/100|[from] Grassy Terrain
|-heal|p2a: Rillaboom|46/100 psn|[from] Grassy Terrain
|-damage|p2a: Rillaboom|34/100 psn|[from] psn
|upkeep
|turn|81
|
|t:|1760829817
|-end|p1a: Great Tusk|Protosynthesis|[silent]
|switch|p1a: Toxapex|Toxapex, M, tera:Grass|76/100
|move|p2a: Rillaboom|Grassy Glide|p1a: Toxapex
|-resisted|p1a: Toxapex
|-damage|p1a: Toxapex|64/100
|
|-heal|p2a: Rillaboom|40/100 psn|[from] Grassy Terrain
|-heal|p1a: Toxapex|70/100|[from] Grassy Terrain
|-damage|p2a: Rillaboom|27/100 psn|[from] psn
|upkeep
|turn|82
|
|t:|1760829827
|move|p2a: Rillaboom|Taunt|p1a: Toxapex
|-start|p1a: Toxapex|move: Taunt
|move|p1a: Toxapex|Hydro Pump|p2a: Rillaboom
|-resisted|p2a: Rillaboom
|-crit|p2a: Rillaboom
|-damage|p2a: Rillaboom|0 fnt
|faint|p2a: Rillaboom
|
|-heal|p1a: Toxapex|76/100|[from] Grassy Terrain
|upkeep
|
|t:|1760829836
|switch|p2a: Slowking|Slowking-Galar, M|81/100 tox
|turn|83
|
|t:|1760829840
|switch|p1a: Gliscor|Gliscor, M|68/100 tox
|move|p2a: Slowking|Toxic|p1a: Gliscor
|-fail|p1a: Gliscor|tox
|
|-heal|p2a: Slowking|87/100 tox|[from] Grassy Terrain
|-heal|p1a: Gliscor|80/100 tox|[from] ability: Poison Heal
|-damage|p2a: Slowking|81/100 tox|[from] psn
|upkeep
|turn|84
|
|t:|1760829860
|move|p1a: Gliscor|Knock Off|p2a: Slowking
|-supereffective|p2a: Slowking
|-damage|p2a: Slowking|50/100 tox
|move|p2a: Slowking|Psychic Noise|p1a: Gliscor
|-damage|p1a: Gliscor|54/100 tox
|-start|p1a: Gliscor|move: Heal Block
|
|-heal|p2a: Slowking|56/100 tox|[from] Grassy Terrain
|-damage|p2a: Slowking|44/100 tox|[from] psn
|upkeep
|turn|85
|
|t:|1760829878
|switch|p1a: Mandibuzz|Mandibuzz, F|53/100 tox
|switch|p2a: Alomomola|Alomomola, M|100/100 psn
|
|-damage|p1a: Mandibuzz|46/100 tox|[from] psn
|-damage|p2a: Alomomola|88/100 psn|[from] psn
|upkeep
|turn|86
|
|t:|1760829890
|switch|p1a: Toxapex|Toxapex, M, tera:Grass|76/100
|move|p2a: Alomomola|Flip Turn|p1a: Toxapex
|-resisted|p1a: Toxapex
|-damage|p1a: Toxapex|70/100
|
|t:|1760829901
|switch|p2a: Avalugg|Avalugg, M|77/100 tox|[from] Flip Turn
|
|-heal|p1a: Toxapex|76/100|[from] Grassy Terrain
|-heal|p2a: Avalugg|83/100 tox|[from] Grassy Terrain
|-damage|p2a: Avalugg|77/100 tox|[from] psn
|upkeep
|turn|87
|
|t:|1760829921
|switch|p2a: Slowking|Slowking-Galar, M|77/100 tox
|move|p1a: Toxapex|Venoshock|p2a: Slowking
|-resisted|p2a: Slowking
|-crit|p2a: Slowking
|-damage|p2a: Slowking|57/100 tox
|
|-heal|p1a: Toxapex|83/100|[from] Grassy Terrain
|-heal|p2a: Slowking|63/100 tox|[from] Grassy Terrain
|-damage|p2a: Slowking|57/100 tox|[from] psn
|-fieldend|move: Grassy Terrain
|upkeep
|turn|88
|
|t:|1760829934
|switch|p1a: Great Tusk|Great Tusk|79/100
|move|p2a: Slowking|Psychic Noise|p1a: Great Tusk
|-supereffective|p1a: Great Tusk
|-damage|p1a: Great Tusk|0 fnt
|faint|p1a: Great Tusk
|-end|p1a: Great Tusk|Protosynthesis|[silent]
|
|-damage|p2a: Slowking|45/100 tox|[from] psn
|upkeep
|
|t:|1760829954
|switch|p1a: Muk|Muk-Alola, F|89/100
|turn|89
|
|t:|1760829961
|switch|p2a: Alomomola|Alomomola, M|100/100 psn
|move|p1a: Muk|Knock Off|p2a: Alomomola
|-damage|p2a: Alomomola|89/100 psn
|
|-heal|p1a: Muk|95/100|[from] item: Black Sludge
|-damage|p2a: Alomomola|76/100 psn|[from] psn
|upkeep
|turn|90
|
|t:|1760829970
|switch|p1a: Toxapex|Toxapex, M, tera:Grass|83/100
|move|p2a: Alomomola|Whirlpool|p1a: Toxapex
|-resisted|p1a: Toxapex
|-damage|p1a: Toxapex|80/100
|-activate|p1a: Toxapex|move: Whirlpool|[of] p2a: Alomomola
|
|-damage|p2a: Alomomola|64/100 psn|[from] psn
|-damage|p1a: Toxapex|68/100|[from] move: Whirlpool|[partiallytrapped]
|upkeep
|turn|91
|
|t:|1760829979
|move|p2a: Alomomola|Flip Turn|p1a: Toxapex
|-resisted|p1a: Toxapex
|-damage|p1a: Toxapex|62/100
|
|t:|1760829984
|switch|p2a: Slowking|Slowking-Galar, M|78/100 tox|[from] Flip Turn
|move|p1a: Toxapex|Venoshock|p2a: Slowking
|-resisted|p2a: Slowking
|-crit|p2a: Slowking
|-damage|p2a: Slowking|61/100 tox
|
|-damage|p2a: Slowking|55/100 tox|[from] psn
|-end|p1a: Toxapex|Whirlpool|[partiallytrapped]|[silent]
|upkeep
|turn|92
|
|t:|1760829993
|switch|p1a: Muk|Muk-Alola, F|95/100
|move|p2a: Slowking|Slack Off|p2a: Slowking
|-heal|p2a: Slowking|100/100 tox
|
|-heal|p1a: Muk|100/100|[from] item: Black Sludge
|-damage|p2a: Slowking|88/100 tox|[from] psn
|upkeep
|turn|93
|
|t:|1760830007
|move|p1a: Muk|Knock Off|p2a: Slowking
|-supereffective|p2a: Slowking
|-damage|p2a: Slowking|38/100 tox
|move|p2a: Slowking|Toxic|p1a: Muk
|-immune|p1a: Muk
|
|-damage|p2a: Slowking|19/100 tox|[from] psn
|upkeep
|turn|94
|
|t:|1760830015
|switch|p2a: Alomomola|Alomomola, M|97/100 psn
|move|p1a: Muk|Knock Off|p2a: Alomomola
|-crit|p2a: Alomomola
|-damage|p2a: Alomomola|77/100 psn
|
|-damage|p2a: Alomomola|64/100 psn|[from] psn
|upkeep
|turn|95
|
|t:|1760830024
|switch|p1a: Toxapex|Toxapex, M, tera:Grass|62/100
|move|p2a: Alomomola|Wish|p2a: Alomomola
|
|-damage|p2a: Alomomola|52/100 psn|[from] psn
|upkeep
|turn|96
|
|t:|1760830033
|move|p1a: Toxapex|Baneful Bunker|p1a: Toxapex
|-singleturn|p1a: Toxapex|move: Protect
|move|p2a: Alomomola|Flip Turn|p1a: Toxapex
|-activate|p1a: Toxapex|move: Protect
|
|-heal|p2a: Alomomola|100/100 psn|[from] move: Wish|[wisher] Alomomola
|-damage|p2a: Alomomola|88/100 psn|[from] psn
|upkeep
|turn|97
|
|t:|1760830042
|move|p2a: Alomomola|Wish|p2a: Alomomola
|move|p1a: Toxapex|Venoshock|p2a: Alomomola
|-crit|p2a: Alomomola
|-damage|p2a: Alomomola|16/100 psn
|
|-damage|p2a: Alomomola|4/100 psn|[from] psn
|upkeep
|turn|98
|
|t:|1760830054
|move|p2a: Alomomola|Wish||[still]
|-fail|p2a: Alomomola
|move|p1a: Toxapex|Venoshock|p2a: Alomomola
|-crit|p2a: Alomomola
|-damage|p2a: Alomomola|0 fnt
|faint|p2a: Alomomola
|
|upkeep
|
|t:|1760830060
|switch|p2a: Slowking|Slowking-Galar, M|53/100 tox
|turn|99
|
|t:|1760830068
|switch|p1a: Muk|Muk-Alola, F|100/100
|move|p2a: Slowking|Slack Off|p2a: Slowking
|-heal|p2a: Slowking|100/100 tox
|
|-damage|p2a: Slowking|94/100 tox|[from] psn
|upkeep
|turn|100
|
|t:|1760830076
|move|p1a: Muk|Knock Off|p2a: Slowking
|-supereffective|p2a: Slowking
|-damage|p2a: Slowking|48/100 tox
|-prepare|p2a: Slowking|Chilly Reception|[premajor]
|move|p2a: Slowking|Chilly Reception|p2a: Slowking
|-weather|Snowscape
|
|t:|1760830081
|switch|p2a: Avalugg|Avalugg, M|77/100 tox|[from] Chilly Reception
|
|-weather|Snowscape|[upkeep]
|-heal|p2a: Avalugg|83/100 tox|[from] ability: Ice Body
|-damage|p2a: Avalugg|77/100 tox|[from] psn
|upkeep
|turn|101
|
|t:|1760830089
|move|p1a: Muk|Drain Punch|p2a: Avalugg
|-supereffective|p2a: Avalugg
|-damage|p2a: Avalugg|64/100 tox
|move|p2a: Avalugg|Aurora Veil|p2a: Avalugg
|-sidestart|p2: daffoself|move: Aurora Veil
|
|-weather|Snowscape|[upkeep]
|-heal|p2a: Avalugg|70/100 tox|[from] ability: Ice Body
|-damage|p2a: Avalugg|58/100 tox|[from] psn
|upkeep
|turn|102
|
|t:|1760830099
|move|p1a: Muk|Protect|p1a: Muk
|-singleturn|p1a: Muk|Protect
|move|p2a: Avalugg|Recover|p2a: Avalugg
|-heal|p2a: Avalugg|100/100 tox
|
|-weather|Snowscape|[upkeep]
|-damage|p2a: Avalugg|82/100 tox|[from] psn
|upkeep
|turn|103
|
|t:|1760830107
|move|p1a: Muk|Knock Off|p2a: Avalugg
|-damage|p2a: Avalugg|77/100 tox
|-enditem|p2a: Avalugg|Heavy-Duty Boots|[from] move: Knock Off|[of] p1a: Muk
|move|p2a: Avalugg|Avalanche|p1a: Muk
|-damage|p1a: Muk|53/100
|
|-weather|Snowscape|[upkeep]
|-heal|p2a: Avalugg|83/100 tox|[from] ability: Ice Body
|-heal|p1a: Muk|59/100|[from] item: Black Sludge
|-damage|p2a: Avalugg|58/100 tox|[from] psn
|upkeep
|turn|104
|
|t:|1760830122
|move|p1a: Muk|Protect|p1a: Muk
|-singleturn|p1a: Muk|Protect
|move|p2a: Avalugg|Avalanche|p1a: Muk
|-activate|p1a: Muk|move: Protect
|
|-weather|none
|-heal|p1a: Muk|65/100|[from] item: Black Sludge
|-damage|p2a: Avalugg|28/100 tox|[from] psn
|upkeep
|turn|105
|
|t:|1760830144
|move|p1a: Muk|Drain Punch|p2a: Avalugg
|-supereffective|p2a: Avalugg
|-damage|p2a: Avalugg|19/100 tox
|-heal|p1a: Muk|70/100|[from] drain|[of] p2a: Avalugg
|move|p2a: Avalugg|Recover|p2a: Avalugg
|-heal|p2a: Avalugg|69/100 tox
|
|-heal|p1a: Muk|76/100|[from] item: Black Sludge
|-damage|p2a: Avalugg|32/100 tox|[from] psn
|-sideend|p2: daffoself|move: Aurora Veil
|upkeep
|turn|106
|inactive|daffoself has 120 seconds left.
|
|t:|1760830156
|switch|p2a: Garganacl|Garganacl, F|70/100
|move|p1a: Muk|Protect||[still]
|-fail|p1a: Muk
|
|-heal|p1a: Muk|82/100|[from] item: Black Sludge
|upkeep
|turn|107
|inactive|daffoself has 120 seconds left.
|
|t:|1760830164
|switch|p1a: Gliscor|Gliscor, M|54/100 tox
|move|p2a: Garganacl|Salt Cure|p1a: Gliscor
|-crit|p1a: Gliscor
|-damage|p1a: Gliscor|38/100 tox
|-start|p1a: Gliscor|Salt Cure
|
|-heal|p1a: Gliscor|51/100 tox|[from] ability: Poison Heal
|-damage|p1a: Gliscor|38/100 tox|[from] Salt Cure
|upkeep
|turn|108
|inactive|daffoself has 120 seconds left.
|
|t:|1760830173
|move|p1a: Gliscor|Spikes|p2a: Garganacl
|-sidestart|p2: daffoself|Spikes
|move|p2a: Garganacl|Salt Cure|p1a: Gliscor
|-damage|p1a: Gliscor|27/100 tox
|
|-heal|p1a: Gliscor|40/100 tox|[from] ability: Poison Heal
|-damage|p1a: Gliscor|27/100 tox|[from] Salt Cure
|upkeep
|turn|109
|inactive|daffoself has 120 seconds left.
|
|t:|1760830180
|move|p1a: Gliscor|Protect|p1a: Gliscor
|-singleturn|p1a: Gliscor|Protect
|move|p2a: Garganacl|Salt Cure|p1a: Gliscor
|-activate|p1a: Gliscor|move: Protect
|
|-heal|p1a: Gliscor|40/100 tox|[from] ability: Poison Heal
|-damage|p1a: Gliscor|27/100 tox|[from] Salt Cure
|upkeep
|turn|110
|inactive|daffoself has 120 seconds left.
|
|t:|1760830188
|move|p1a: Gliscor|Spikes|p2a: Garganacl
|-sidestart|p2: daffoself|Spikes
|move|p2a: Garganacl|Salt Cure|p1a: Gliscor
|-damage|p1a: Gliscor|16/100 tox
|
|-heal|p1a: Gliscor|28/100 tox|[from] ability: Poison Heal
|-damage|p1a: Gliscor|16/100 tox|[from] Salt Cure
|upkeep
|turn|111
|inactive|daffoself has 120 seconds left.
|
|t:|1760830196
|move|p1a: Gliscor|Spikes|p2a: Garganacl
|-sidestart|p2: daffoself|Spikes
|move|p2a: Garganacl|Salt Cure|p1a: Gliscor
|-damage|p1a: Gliscor|5/100 tox
|
|-heal|p1a: Gliscor|18/100 tox|[from] ability: Poison Heal
|-damage|p1a: Gliscor|5/100 tox|[from] Salt Cure
|upkeep
|turn|112
|inactive|daffoself has 120 seconds left.
|
|t:|1760830215
|switch|p2a: Slowking|Slowking-Galar, M|81/100 tox
|-damage|p2a: Slowking|57/100 tox|[from] Spikes
|move|p1a: Gliscor|Knock Off|p2a: Slowking
|-supereffective|p2a: Slowking
|-damage|p2a: Slowking|26/100 tox
|
|-heal|p1a: Gliscor|18/100 tox|[from] ability: Poison Heal
|-damage|p2a: Slowking|20/100 tox|[from] psn
|-damage|p1a: Gliscor|5/100 tox|[from] Salt Cure
|upkeep
|turn|113
|
|t:|1760830231
|switch|p2a: Avalugg|Avalugg, M|32/100 tox
|-damage|p2a: Avalugg|7/100 tox|[from] Spikes
|move|p1a: Gliscor|Knock Off|p2a: Avalugg
|-damage|p2a: Avalugg|0 fnt
|faint|p2a: Avalugg
|
|-heal|p1a: Gliscor|18/100 tox|[from] ability: Poison Heal
|-damage|p1a: Gliscor|5/100 tox|[from] Salt Cure
|upkeep
|
|t:|1760830242
|switch|p2a: Garganacl|Garganacl, F|70/100
|-damage|p2a: Garganacl|45/100|[from] Spikes
|turn|114
|c|☆daffoself|ggs
|
|t:|1760830255
|switch|p1a: Muk|Muk-Alola, F|82/100
|move|p2a: Garganacl|Recover|p2a: Garganacl
|-heal|p2a: Garganacl|95/100
|
|-heal|p1a: Muk|88/100|[from] item: Black Sludge
|upkeep
|turn|115
|
|t:|1760830264
|move|p1a: Muk|Drain Punch|p2a: Garganacl
|-supereffective|p2a: Garganacl
|-damage|p2a: Garganacl|70/100
|-heal|p1a: Muk|99/100|[from] drain|[of] p2a: Garganacl
|move|p2a: Garganacl|Salt Cure|p1a: Muk
|-damage|p1a: Muk|86/100
|-start|p1a: Muk|Salt Cure
|
|-heal|p1a: Muk|92/100|[from] item: Black Sludge
|-damage|p1a: Muk|80/100|[from] Salt Cure
|upkeep
|turn|116
|-message|daffoself forfeited.
|
|win|aquuua
|raw|aquuua's rating: 1134 &rarr; <strong>1163</strong><br />(+29 for winning)
|raw|daffoself's rating: 1188 &rarr; <strong>1159</strong><br />(-29 for losing)
|l|☆daffoself
|player|p2|
|c|☆aquuua|gg
