|j|☆jxrx
|j|☆adjkadssad
|t:|1760878405
|gametype|singles
|player|p1|jxrx|norman|1401
|player|p2|adjkadssad|101|1393
|gen|9
|tier|[Gen 9] OU
|rated|
|rule|HP Percentage Mod: HP is shown in percentages
|rule|Endless Battle Clause: Forcing endless battles is banned
|rule|Species Clause: Limit one of each Pokémon
|rule|OHKO Clause: OHKO moves are banned
|rule|Evasion Items Clause: Evasion items are banned
|rule|Evasion Moves Clause: Evasion moves are banned
|rule|Evasion Abilities Clause: Evasion abilities are banned
|rule|Sleep Moves Clause: Sleep-inducing moves are banned
|clearpoke
|poke|p1|Dragapult, M|
|poke|p1|Houndoom, F|
|poke|p1|Vileplume, M|
|poke|p1|Gyarados, M|
|poke|p1|Pachirisu, M|
|poke|p1|Great Tusk|
|poke|p2|Pelipper, M|
|poke|p2|Poliwrath, F|
|poke|p2|Kilowattrel, M|
|poke|p2|Scream Tail|
|poke|p2|Overqwil, M|
|poke|p2|Zamazenta-*|
|teampreview
|inactive|Battle timer is ON: inactive players will automatically lose when time's up. (requested by jxrx)
|inactive|adjkadssad also wants the timer to be on.
|inactive|jxrx has 120 seconds left.
|inactive|jxrx has 90 seconds left.
|
|t:|1760878485
|teamsize|p1|6
|teamsize|p2|6
|start
|switch|p1a: Vileplume|Vileplume, M|100/100
|switch|p2a: Pelipper|Pelipper, M, shiny|100/100
|-weather|RainDance|[from] ability: Drizzle|[of] p2a: Pelipper
|turn|1
|
|t:|1760878496
|switch|p1a: Pachirisu|Pachirisu, M|100/100
|move|p2a: Pelipper|Hurricane|p1a: Pachirisu
|-resisted|p1a: Pachirisu
|-damage|p1a: Pachirisu|86/100
|-start|p1a: Pachirisu|confusion
|
|-weather|RainDance|[upkeep]
|upkeep
|turn|2
|l|☆jxrx
|inactive|jxrx disconnected and has a minute to reconnect!
|player|p1|
|inactive|jxrx has 30 seconds to reconnect!
|j|☆jxrx
|inactive|jxrx reconnected and has 115 seconds left.
|player|p1|jxrx|norman|
|
|t:|1760878542
|switch|p2a: Kilowattrel|Kilowattrel, M, shiny|100/100
|-activate|p1a: Pachirisu|confusion
|move|p1a: Pachirisu|Super Fang|p2a: Kilowattrel
|-damage|p2a: Kilowattrel|50/100
|
|-weather|RainDance|[upkeep]
|upkeep
|turn|3
|
|t:|1760878552
|move|p2a: Kilowattrel|Weather Ball|p1a: Pachirisu
|-damage|p1a: Pachirisu|40/100
|-damage|p2a: Kilowattrel|41/100|[from] item: Life Orb
|-end|p1a: Pachirisu|confusion
|move|p1a: Pachirisu|U-turn|p2a: Kilowattrel
|-resisted|p2a: Kilowattrel
|-damage|p2a: Kilowattrel|33/100
|
|t:|1760878563
|switch|p1a: Dragapult|Dragapult, M|100/100|[from] U-turn
|
|-weather|RainDance|[upkeep]
|upkeep
|turn|4
|
|t:|1760878571
|switch|p2a: Overqwil|Overqwil, M, shiny|100/100
|move|p1a: Dragapult|Dragon Darts|p2a: Overqwil
|-damage|p2a: Overqwil|73/100
|-anim|p1a: Dragapult|Dragon Darts|p2a: Overqwil
|-damage|p2a: Overqwil|46/100
|
|-weather|RainDance|[upkeep]
|upkeep
|turn|5
|inactive|jxrx has 120 seconds left.
|
|t:|1760878593
|switch|p1a: Vileplume|Vileplume, M|100/100
|move|p2a: Overqwil|Crunch|p1a: Vileplume
|-damage|p1a: Vileplume|61/100
|-unboost|p1a: Vileplume|def|1
|-damage|p2a: Overqwil|29/100|[from] item: Rocky Helmet|[of] p1a: Vileplume
|-damage|p2a: Overqwil|19/100|[from] item: Life Orb
|
|-weather|RainDance|[upkeep]
|upkeep
|turn|6
|
|t:|1760878603
|move|p2a: Overqwil|Gunk Shot|p1a: Vileplume
|-damage|p1a: Vileplume|0 fnt
|faint|p1a: Vileplume
|-damage|p2a: Overqwil|10/100|[from] item: Life Orb
|
|-weather|RainDance|[upkeep]
|upkeep
|
|t:|1760878629
|switch|p1a: Great Tusk|Great Tusk|100/100
|turn|7
|
|t:|1760878632
|move|p2a: Overqwil|Waterfall|p1a: Great Tusk
|-supereffective|p1a: Great Tusk
|-damage|p1a: Great Tusk|48/100
|-damage|p2a: Overqwil|0 fnt|[from] item: Life Orb
|faint|p2a: Overqwil
|move|p1a: Great Tusk|Knock Off|p2: Overqwil|[notarget]
|-fail|p1a: Great Tusk
|
|-weather|RainDance|[upkeep]
|upkeep
|
|t:|1760878645
|switch|p2a: Zamazenta|Zamazenta|100/100
|-ability|p2a: Zamazenta|Dauntless Shield|boost
|-boost|p2a: Zamazenta|def|1
|turn|8
|
|t:|1760878658
|move|p2a: Zamazenta|Iron Defense|p2a: Zamazenta
|-boost|p2a: Zamazenta|def|2
|move|p1a: Great Tusk|Stealth Rock|p2a: Zamazenta
|-sidestart|p2: adjkadssad|move: Stealth Rock
|
|-weather|none
|upkeep
|turn|9
|
|t:|1760878666
|move|p2a: Zamazenta|Iron Defense|p2a: Zamazenta
|-boost|p2a: Zamazenta|def|2
|move|p1a: Great Tusk|Knock Off|p2a: Zamazenta
|-resisted|p2a: Zamazenta
|-crit|p2a: Zamazenta
|-damage|p2a: Zamazenta|86/100
|-enditem|p2a: Zamazenta|Chesto Berry|[from] move: Knock Off|[of] p1a: Great Tusk
|
|upkeep
|turn|10
|inactive|jxrx has 120 seconds left.
|
|t:|1760878674
|move|p2a: Zamazenta|Body Press|p1a: Great Tusk
|-crit|p1a: Great Tusk
|-damage|p1a: Great Tusk|0 fnt
|faint|p1a: Great Tusk
|-end|p1a: Great Tusk|Protosynthesis|[silent]
|
|upkeep
|
|t:|1760878676
|switch|p1a: Houndoom|Houndoom, F|100/100
|turn|11
|
|t:|1760878681
|move|p2a: Zamazenta|Body Press|p1a: Houndoom
|-supereffective|p1a: Houndoom
|-enditem|p1a: Houndoom|Focus Sash
|-damage|p1a: Houndoom|1/100
|move|p1a: Houndoom|Endeavor|p2a: Zamazenta
|-damage|p2a: Zamazenta|1/100
|
|upkeep
|turn|12
|
|t:|1760878687
|move|p2a: Zamazenta|Body Press|p1a: Houndoom
|-supereffective|p1a: Houndoom
|-damage|p1a: Houndoom|0 fnt
|faint|p1a: Houndoom
|
|upkeep
|
|t:|1760878690
|switch|p1a: Dragapult|Dragapult, M|100/100
|turn|13
|
|t:|1760878692
|move|p1a: Dragapult|Dragon Darts|p2a: Zamazenta
|-damage|p2a: Zamazenta|0 fnt
|faint|p2a: Zamazenta
|
|upkeep
|
|t:|1760878707
|switch|p2a: Pelipper|Pelipper, M, shiny|100/100
|-damage|p2a: Pelipper|76/100|[from] Stealth Rock
|-weather|RainDance|[from] ability: Drizzle|[of] p2a: Pelipper
|turn|14
|
|t:|1760878716
|switch|p1a: Gyarados|Gyarados, M|100/100
|move|p2a: Pelipper|Weather Ball|p1a: Gyarados
|-resisted|p1a: Gyarados
|-damage|p1a: Gyarados|77/100
|
|-weather|RainDance|[upkeep]
|upkeep
|turn|15
|
|t:|1760878719
|move|p1a: Gyarados|Dragon Dance|p1a: Gyarados
|-boost|p1a: Gyarados|atk|1
|-boost|p1a: Gyarados|spe|1
|move|p2a: Pelipper|Hurricane|p1a: Gyarados
|-damage|p1a: Gyarados|38/100
|
|-weather|RainDance|[upkeep]
|upkeep
|turn|16
|
|t:|1760878725
|move|p1a: Gyarados|Crunch|p2a: Pelipper
|-damage|p2a: Pelipper|36/100
|move|p2a: Pelipper|Hurricane|p1a: Gyarados
|-damage|p1a: Gyarados|2/100
|-start|p1a: Gyarados|confusion
|-enditem|p1a: Gyarados|Lum Berry|[eat]
|-end|p1a: Gyarados|confusion
|
|-weather|RainDance|[upkeep]
|upkeep
|turn|17
|
|t:|1760878730
|move|p1a: Gyarados|Crunch|p2a: Pelipper
|-damage|p2a: Pelipper|0 fnt
|faint|p2a: Pelipper
|-ability|p1a: Gyarados|Moxie|boost
|-boost|p1a: Gyarados|atk|1
|
|-weather|RainDance|[upkeep]
|upkeep
|
|t:|1760878736
|switch|p2a: Poliwrath|Poliwrath, F|100/100
|-damage|p2a: Poliwrath|94/100|[from] Stealth Rock
|turn|18
|
|t:|1760878744
|move|p2a: Poliwrath|Liquidation|p1a: Gyarados
|-resisted|p1a: Gyarados
|-damage|p1a: Gyarados|0 fnt
|faint|p1a: Gyarados
|
|-weather|RainDance|[upkeep]
|upkeep
|
|t:|1760878751
|switch|p1a: Pachirisu|Pachirisu, M|40/100
|turn|19
|
|t:|1760878754
|move|p2a: Poliwrath|Liquidation|p1a: Pachirisu
|-damage|p1a: Pachirisu|0 fnt
|faint|p1a: Pachirisu
|
|-weather|RainDance|[upkeep]
|upkeep
|
|t:|1760878756
|switch|p1a: Dragapult|Dragapult, M|100/100
|turn|20
|
|t:|1760878764
|-terastallize|p2a: Poliwrath|Steel
|move|p2a: Poliwrath|Ice Punch|p1a: Dragapult
|-supereffective|p1a: Dragapult
|-damage|p1a: Dragapult|37/100
|move|p1a: Dragapult|Dragon Dance|p1a: Dragapult
|-boost|p1a: Dragapult|atk|1
|-boost|p1a: Dragapult|spe|1
|
|-weather|RainDance|[upkeep]
|-heal|p1a: Dragapult|43/100|[from] item: Leftovers
|upkeep
|turn|21
|
|t:|1760878772
|move|p1a: Dragapult|Phantom Force||[still]
|-prepare|p1a: Dragapult|Phantom Force
|move|p2a: Poliwrath|Ice Punch|p1a: Dragapult|[miss]
|-miss|p2a: Poliwrath|p1a: Dragapult
|
|-weather|none
|-heal|p1a: Dragapult|49/100|[from] item: Leftovers
|upkeep
|turn|22
|
|t:|1760878779
|move|p1a: Dragapult|Phantom Force|p2a: Poliwrath|[from] lockedmove
|-damage|p2a: Poliwrath|23/100
|-enditem|p2a: Poliwrath|Sitrus Berry|[eat]
|-heal|p2a: Poliwrath|48/100|[from] item: Sitrus Berry
|move|p2a: Poliwrath|Ice Punch|p1a: Dragapult
|-supereffective|p1a: Dragapult
|-damage|p1a: Dragapult|0 fnt
|faint|p1a: Dragapult
|
|win|adjkadssad
|raw|jxrx's rating: 1401 &rarr; <strong>1380</strong><br />(-21 for losing)
|raw|adjkadssad's rating: 1376 &rarr; <strong>1397</strong><br />(+21 for winning)
|l|☆jxrx
|player|p1|
|l|☆adjkadssad
|player|p2|
