|j|☆9thJimLeader
|j|☆Fusionhype1
|t:|1760780479
|gametype|singles
|player|p1|9thJimLeader|baker|1247
|player|p2|Fusionhype1|2|1210
|gen|9
|tier|[Gen 9] OU
|rated|
|rule|HP Percentage Mod: HP is shown in percentages
|rule|Endless Battle Clause: Forcing endless battles is banned
|rule|Species Clause: Limit one of each Pokémon
|rule|OHKO Clause: OHKO moves are banned
|rule|Evasion Items Clause: Evasion items are banned
|rule|Evasion Moves Clause: Evasion moves are banned
|rule|Evasion Abilities Clause: Evasion abilities are banned
|rule|Sleep Moves Clause: Sleep-inducing moves are banned
|clearpoke
|poke|p1|Veluza, F|
|poke|p1|Incineroar, F|
|poke|p1|Mudsdale, F|
|poke|p1|Magnezone|
|poke|p1|Keldeo|
|poke|p1|Enamorus, F|
|poke|p2|Thundurus-Therian, M|
|poke|p2|Araquanid, M|
|poke|p2|Hoopa-Unbound|
|poke|p2|Ceruledge, M|
|poke|p2|Great Tusk|
|poke|p2|Maushold|
|teampreview
|inactive|Battle timer is ON: inactive players will automatically lose when time's up. (requested by Fusionhype1)
|inactive|9thJimLeader also wants the timer to be on.
|
|t:|1760780492
|teamsize|p1|6
|teamsize|p2|6
|start
|switch|p1a: Magnezone|Magnezone|100/100
|switch|p2a: Araquanid|Araquanid, M|100/100
|turn|1
|
|t:|1760780496
|move|p1a: Magnezone|Thunderbolt|p2a: Araquanid
|-supereffective|p2a: Araquanid
|-damage|p2a: Araquanid|37/100
|-enditem|p2a: Araquanid|Red Card|[of] p1a: Magnezone
|drag|p1a: Veluza|Veluza, F|100/100
|move|p2a: Araquanid|Sticky Web|p1a: Veluza
|-sidestart|p1: 9thJimLeader|move: Sticky Web
|
|upkeep
|turn|2
|
|t:|1760780500
|move|p1a: Veluza|Psycho Cut|p2a: Araquanid
|-damage|p2a: Araquanid|0 fnt
|faint|p2a: Araquanid
|
|upkeep
|
|t:|1760780507
|switch|p2a: Hoopa|Hoopa-Unbound|100/100
|turn|3
|
|t:|1760780516
|switch|p1a: Keldeo|Keldeo|100/100
|-activate|p1a: Keldeo|move: Sticky Web
|-unboost|p1a: Keldeo|spe|1
|move|p2a: Hoopa|Hyperspace Fury|p1a: Keldeo
|-resisted|p1a: Keldeo
|-damage|p1a: Keldeo|57/100
|-unboost|p2a: Hoopa|def|1
|-ability|p1a: Keldeo|Justified|boost
|-boost|p1a: Keldeo|atk|1
|-damage|p2a: Hoopa|91/100|[from] item: Life Orb
|
|-heal|p1a: Keldeo|64/100|[from] item: Leftovers
|upkeep
|turn|4
|
|t:|1760780523
|switch|p1a: Incineroar|Incineroar, F|100/100
|-ability|p1a: Incineroar|Intimidate|boost
|-unboost|p2a: Hoopa|atk|1
|move|p2a: Hoopa|Psychic|p1a: Incineroar
|-immune|p1a: Incineroar
|
|upkeep
|turn|5
|
|t:|1760780529
|move|p2a: Hoopa|Focus Blast|p1a: Incineroar
|-supereffective|p1a: Incineroar
|-damage|p1a: Incineroar|0 fnt
|faint|p1a: Incineroar
|-damage|p2a: Hoopa|81/100|[from] item: Life Orb
|
|upkeep
|
|t:|1760780538
|switch|p1a: Enamorus|Enamorus, F|100/100
|turn|6
|
|t:|1760780551
|move|p1a: Enamorus|Calm Mind|p1a: Enamorus
|-boost|p1a: Enamorus|spa|1
|-boost|p1a: Enamorus|spd|1
|move|p2a: Hoopa|Gunk Shot|p1a: Enamorus
|-supereffective|p1a: Enamorus
|-damage|p1a: Enamorus|0 fnt
|faint|p1a: Enamorus
|-damage|p2a: Hoopa|71/100|[from] item: Life Orb
|
|upkeep
|
|t:|1760780561
|switch|p1a: Mudsdale|Mudsdale, F|100/100
|-activate|p1a: Mudsdale|move: Sticky Web
|-unboost|p1a: Mudsdale|spe|1
|turn|7
|
|t:|1760780564
|move|p2a: Hoopa|Psychic|p1a: Mudsdale
|-damage|p1a: Mudsdale|41/100
|-ability|p1a: Mudsdale|Stamina|boost
|-boost|p1a: Mudsdale|def|1
|-enditem|p1a: Mudsdale|Maranga Berry|[eat]
|-boost|p1a: Mudsdale|spd|1|[from] item: Maranga Berry
|-damage|p2a: Hoopa|61/100|[from] item: Life Orb
|move|p1a: Mudsdale|Earthquake|p2a: Hoopa
|-damage|p2a: Hoopa|0 fnt
|faint|p2a: Hoopa
|
|upkeep
|
|t:|1760780579
|switch|p2a: Thundurus|Thundurus-Therian, M|100/100
|turn|8
|
|t:|1760780583
|move|p2a: Thundurus|Swagger|p1a: Mudsdale
|-boost|p1a: Mudsdale|atk|2
|-start|p1a: Mudsdale|confusion
|-enditem|p2a: Thundurus|Mirror Herb
|-boost|p2a: Thundurus|atk|2|[from] item: Mirror Herb
|-activate|p1a: Mudsdale|confusion
|move|p1a: Mudsdale|Rest|p1a: Mudsdale
|-status|p1a: Mudsdale|slp|[from] move: Rest
|-heal|p1a: Mudsdale|100/100 slp|[silent]
|
|upkeep
|turn|9
|
|t:|1760780591
|move|p2a: Thundurus|Acrobatics|p1a: Mudsdale
|-damage|p1a: Mudsdale|53/100 slp
|-ability|p1a: Mudsdale|Stamina|boost
|-boost|p1a: Mudsdale|def|1
|cant|p1a: Mudsdale|slp
|
|upkeep
|turn|10
|
|t:|1760780599
|-terastallize|p1a: Mudsdale|Steel
|move|p2a: Thundurus|Acrobatics|p1a: Mudsdale
|-resisted|p1a: Mudsdale
|-damage|p1a: Mudsdale|35/100 slp
|-ability|p1a: Mudsdale|Stamina|boost
|-boost|p1a: Mudsdale|def|1
|cant|p1a: Mudsdale|slp
|
|upkeep
|turn|11
|
|t:|1760780606
|move|p2a: Thundurus|Thunderbolt|p1a: Mudsdale
|-damage|p1a: Mudsdale|5/100 slp
|-ability|p1a: Mudsdale|Stamina|boost
|-boost|p1a: Mudsdale|def|1
|-curestatus|p1a: Mudsdale|slp|[msg]
|-activate|p1a: Mudsdale|confusion
|move|p1a: Mudsdale|Rest|p1a: Mudsdale
|-status|p1a: Mudsdale|slp|[from] move: Rest
|-heal|p1a: Mudsdale|100/100 slp|[silent]
|
|upkeep
|turn|12
|
|t:|1760780610
|move|p2a: Thundurus|Nasty Plot|p2a: Thundurus
|-boost|p2a: Thundurus|spa|2
|cant|p1a: Mudsdale|slp
|
|upkeep
|turn|13
|
|t:|1760780613
|move|p2a: Thundurus|Thunderbolt|p1a: Mudsdale
|-damage|p1a: Mudsdale|45/100 slp
|-ability|p1a: Mudsdale|Stamina|boost
|-boost|p1a: Mudsdale|def|1
|cant|p1a: Mudsdale|slp
|
|upkeep
|turn|14
|
|t:|1760780616
|move|p2a: Thundurus|Thunderbolt|p1a: Mudsdale
|-damage|p1a: Mudsdale|0 fnt
|faint|p1a: Mudsdale
|
|upkeep
|
|t:|1760780618
|switch|p1a: Magnezone|Magnezone|100/100
|-activate|p1a: Magnezone|move: Sticky Web
|-unboost|p1a: Magnezone|spe|1
|turn|15
|
|t:|1760780625
|move|p2a: Thundurus|Nasty Plot|p2a: Thundurus
|-boost|p2a: Thundurus|spa|2
|move|p1a: Magnezone|Iron Defense|p1a: Magnezone
|-boost|p1a: Magnezone|def|2
|
|upkeep
|turn|16
|
|t:|1760780630
|move|p2a: Thundurus|Swagger|p1a: Magnezone
|-boost|p1a: Magnezone|atk|2
|-start|p1a: Magnezone|confusion
|-activate|p1a: Magnezone|confusion
|-damage|p1a: Magnezone|96/100|[from] confusion
|
|-heal|p1a: Magnezone|100/100|[from] item: Leftovers
|upkeep
|turn|17
|
|t:|1760780639
|move|p2a: Thundurus|Thunderbolt|p1a: Magnezone
|-resisted|p1a: Magnezone
|-damage|p1a: Magnezone|44/100
|-activate|p1a: Magnezone|confusion
|move|p1a: Magnezone|Body Press|p2a: Thundurus
|-resisted|p2a: Thundurus
|-damage|p2a: Thundurus|66/100
|
|-heal|p1a: Magnezone|50/100|[from] item: Leftovers
|upkeep
|turn|18
|
|t:|1760780649
|move|p2a: Thundurus|Thunderbolt|p1a: Magnezone
|-resisted|p1a: Magnezone
|-damage|p1a: Magnezone|0 fnt
|faint|p1a: Magnezone
|
|upkeep
|
|t:|1760780650
|switch|p1a: Keldeo|Keldeo|64/100
|-activate|p1a: Keldeo|move: Sticky Web
|-unboost|p1a: Keldeo|spe|1
|turn|19
|
|t:|1760780653
|move|p2a: Thundurus|Acrobatics|p1a: Keldeo
|-supereffective|p1a: Keldeo
|-damage|p1a: Keldeo|0 fnt
|faint|p1a: Keldeo
|
|upkeep
|
|t:|1760780655
|switch|p1a: Veluza|Veluza, F|100/100
|-activate|p1a: Veluza|move: Sticky Web
|-unboost|p1a: Veluza|spe|1
|turn|20
|
|t:|1760780658
|move|p2a: Thundurus|Thunderbolt|p1a: Veluza
|-supereffective|p1a: Veluza
|-damage|p1a: Veluza|0 fnt
|faint|p1a: Veluza
|
|win|Fusionhype1
|raw|9thJimLeader's rating: 1247 &rarr; <strong>1219</strong><br />(-28 for losing)
|raw|Fusionhype1's rating: 1210 &rarr; <strong>1238</strong><br />(+28 for winning)
|c|☆Fusionhype1|gg
|l|☆Fusionhype1
|player|p2|
|l|☆9thJimLeader
|player|p1|
