|j|☆Fhantazy
|j|☆baisangk4
|t:|1760719257
|gametype|singles
|player|p1|Fhantazy|morty-masters|1393
|player|p2|baisangk4|jogger|1491
|gen|9
|tier|[Gen 9] OU
|rated|
|rule|HP Percentage Mod: HP is shown in percentages
|rule|Endless Battle Clause: Forcing endless battles is banned
|rule|Species Clause: Limit one of each Pokémon
|rule|OHKO Clause: OHKO moves are banned
|rule|Evasion Items Clause: Evasion items are banned
|rule|Evasion Moves Clause: Evasion moves are banned
|rule|Evasion Abilities Clause: Evasion abilities are banned
|rule|Sleep Moves Clause: Sleep-inducing moves are banned
|clearpoke
|poke|p1|Slowbro-Galar, M|
|poke|p1|Greninja-*, M|
|poke|p1|Rillaboom, M|
|poke|p1|Donphan, M|
|poke|p1|Dragonite, F|
|poke|p1|Gholdengo|
|poke|p2|Pecharunt|
|poke|p2|Great Tusk|
|poke|p2|Ogerpon-Wellspring, F|
|poke|p2|Iron Crown|
|poke|p2|Landorus-Therian, M|
|poke|p2|Samurott-Hisui, F|
|teampreview
|
|t:|1760719273
|teamsize|p1|6
|teamsize|p2|6
|start
|switch|p1a: Greninja|Greninja, M|100/100
|switch|p2a: Samurott|Samurott-Hisui, F|100/100
|turn|1
|
|t:|1760719280
|move|p1a: Greninja|Spikes|p2a: Samurott
|-start|p1a: Greninja|typechange|Ground|[from] ability: Protean
|-sidestart|p2: baisangk4|Spikes
|move|p2a: Samurott|Ceaseless Edge|p1a: Greninja
|-damage|p1a: Greninja|13/100
|-sidestart|p1: Fhantazy|Spikes
|
|upkeep
|turn|2
|
|t:|1760719290
|move|p2a: Samurott|Aqua Jet|p1a: Greninja
|-supereffective|p1a: Greninja
|-damage|p1a: Greninja|0 fnt
|faint|p1a: Greninja
|
|upkeep
|
|t:|1760719299
|switch|p1a: Rillaboom|Rillaboom, M|100/100
|-damage|p1a: Rillaboom|88/100|[from] Spikes
|-fieldstart|move: Grassy Terrain|[from] ability: Grassy Surge|[of] p1a: Rillaboom
|turn|3
|
|t:|1760719305
|switch|p2a: Pecharunt|Pecharunt|100/100
|-damage|p2a: Pecharunt|88/100|[from] Spikes
|move|p1a: Rillaboom|Knock Off|p2a: Pecharunt
|-supereffective|p2a: Pecharunt
|-damage|p2a: Pecharunt|59/100
|-damage|p1a: Rillaboom|72/100|[from] item: Rocky Helmet|[of] p2a: Pecharunt
|-enditem|p2a: Pecharunt|Rocky Helmet|[from] move: Knock Off|[of] p1a: Rillaboom
|
|-heal|p1a: Rillaboom|78/100|[from] Grassy Terrain
|-heal|p1a: Rillaboom|84/100|[from] item: Leftovers
|-heal|p2a: Pecharunt|65/100|[from] Grassy Terrain
|upkeep
|turn|4
|
|t:|1760719315
|move|p1a: Rillaboom|U-turn|p2a: Pecharunt
|-resisted|p2a: Pecharunt
|-damage|p2a: Pecharunt|63/100
|
|t:|1760719318
|switch|p1a: Gholdengo|Gholdengo|100/100|[from] U-turn
|-damage|p1a: Gholdengo|88/100|[from] Spikes
|move|p2a: Pecharunt|Parting Shot|p1a: Gholdengo
|-immune|p1a: Gholdengo|[from] ability: Good as Gold
|
|-heal|p1a: Gholdengo|94/100|[from] Grassy Terrain
|-heal|p2a: Pecharunt|69/100|[from] Grassy Terrain
|upkeep
|turn|5
|
|t:|1760719328
|move|p1a: Gholdengo|Shadow Ball|p2a: Pecharunt
|-supereffective|p2a: Pecharunt
|-damage|p2a: Pecharunt|0 fnt
|faint|p2a: Pecharunt
|
|-heal|p1a: Gholdengo|99/100|[from] Grassy Terrain
|upkeep
|
|t:|1760719334
|switch|p2a: Samurott|Samurott-Hisui, F|100/100
|-damage|p2a: Samurott|88/100|[from] Spikes
|turn|6
|
|t:|1760719337
|switch|p1a: Rillaboom|Rillaboom, M|84/100
|-damage|p1a: Rillaboom|72/100|[from] Spikes
|move|p2a: Samurott|Ceaseless Edge|p1a: Rillaboom
|-damage|p1a: Rillaboom|22/100
|-sidestart|p1: Fhantazy|Spikes
|
|-heal|p1a: Rillaboom|29/100|[from] Grassy Terrain
|-heal|p1a: Rillaboom|35/100|[from] item: Leftovers
|-heal|p2a: Samurott|94/100|[from] Grassy Terrain
|upkeep
|turn|7
|
|t:|1760719357
|switch|p2a: Landorus|Landorus-Therian, M|100/100
|-ability|p2a: Landorus|Intimidate|boost
|-unboost|p1a: Rillaboom|atk|1
|move|p1a: Rillaboom|Grassy Glide|p2a: Landorus
|-damage|p2a: Landorus|74/100
|
|-heal|p1a: Rillaboom|41/100|[from] Grassy Terrain
|-heal|p1a: Rillaboom|47/100|[from] item: Leftovers
|-fieldend|move: Grassy Terrain
|upkeep
|turn|8
|
|t:|1760719369
|switch|p1a: Gholdengo|Gholdengo|99/100
|-damage|p1a: Gholdengo|84/100|[from] Spikes
|move|p2a: Landorus|U-turn|p1a: Gholdengo
|-resisted|p1a: Gholdengo
|-damage|p1a: Gholdengo|76/100
|
|t:|1760719374
|switch|p2a: Samurott|Samurott-Hisui, F|94/100|[from] U-turn
|-damage|p2a: Samurott|82/100|[from] Spikes
|
|upkeep
|turn|9
|
|t:|1760719380
|move|p1a: Gholdengo|Focus Blast|p2a: Samurott
|-supereffective|p2a: Samurott
|-damage|p2a: Samurott|11/100
|move|p2a: Samurott|Ceaseless Edge|p1a: Gholdengo
|-supereffective|p1a: Gholdengo
|-damage|p1a: Gholdengo|0 fnt
|-sidestart|p1: Fhantazy|Spikes
|faint|p1a: Gholdengo
|
|upkeep
|
|t:|1760719386
|switch|p1a: Slowbro|Slowbro-Galar, M|100/100
|-damage|p1a: Slowbro|76/100|[from] Spikes
|turn|10
|
|t:|1760719393
|move|p2a: Samurott|Ceaseless Edge|p1a: Slowbro
|-supereffective|p1a: Slowbro
|-damage|p1a: Slowbro|0 fnt
|faint|p1a: Slowbro
|
|upkeep
|
|t:|1760719395
|switch|p1a: Rillaboom|Rillaboom, M|47/100
|-damage|p1a: Rillaboom|22/100|[from] Spikes
|-fieldstart|move: Grassy Terrain|[from] ability: Grassy Surge|[of] p1a: Rillaboom
|turn|11
|
|t:|1760719399
|move|p1a: Rillaboom|Grassy Glide|p2a: Samurott
|-supereffective|p2a: Samurott
|-damage|p2a: Samurott|0 fnt
|faint|p2a: Samurott
|
|-heal|p1a: Rillaboom|28/100|[from] Grassy Terrain
|-heal|p1a: Rillaboom|35/100|[from] item: Leftovers
|upkeep
|
|t:|1760719403
|switch|p2a: Landorus|Landorus-Therian, M|74/100
|-ability|p2a: Landorus|Intimidate|boost
|-unboost|p1a: Rillaboom|atk|1
|turn|12
|
|t:|1760719416
|move|p1a: Rillaboom|Grassy Glide|p2a: Landorus
|-damage|p2a: Landorus|46/100
|move|p2a: Landorus|U-turn|p1a: Rillaboom
|-supereffective|p1a: Rillaboom
|-damage|p1a: Rillaboom|0 fnt
|faint|p1a: Rillaboom
|
|t:|1760719423
|switch|p2a: Iron Crown|Iron Crown|100/100|[from] U-turn
|-damage|p2a: Iron Crown|88/100|[from] Spikes
|
|-heal|p2a: Iron Crown|94/100|[from] Grassy Terrain
|upkeep
|
|t:|1760719426
|switch|p1a: Donphan|Donphan, M|100/100
|turn|13
|
|t:|1760719438
|-terastallize|p2a: Iron Crown|Steel
|move|p2a: Iron Crown|Tachyon Cutter|p1a: Donphan
|-damage|p1a: Donphan|27/100
|-damage|p1a: Donphan|0 fnt
|faint|p1a: Donphan
|-hitcount|p1: Donphan|2
|
|-heal|p2a: Iron Crown|100/100|[from] Grassy Terrain
|upkeep
|
|t:|1760719441
|switch|p1a: Dragonite|Dragonite, F|100/100
|turn|14
|
|t:|1760719446
|move|p2a: Iron Crown|Tachyon Cutter|p1a: Dragonite
|-damage|p1a: Dragonite|72/100
|-damage|p1a: Dragonite|23/100
|-hitcount|p1a: Dragonite|2
|move|p1a: Dragonite|Dragon Dance|p1a: Dragonite
|-boost|p1a: Dragonite|atk|1
|-boost|p1a: Dragonite|spe|1
|
|upkeep
|turn|15
|
|t:|1760719451
|move|p1a: Dragonite|Earthquake|p2a: Iron Crown
|-supereffective|p2a: Iron Crown
|-damage|p2a: Iron Crown|41/100
|move|p2a: Iron Crown|Tachyon Cutter|p1a: Dragonite
|-damage|p1a: Dragonite|0 fnt
|faint|p1a: Dragonite
|-hitcount|p1: Dragonite|1
|
|win|baisangk4
|raw|Fhantazy's rating: 1393 &rarr; <strong>1378</strong><br />(-15 for losing)
|raw|baisangk4's rating: 1491 &rarr; <strong>1506</strong><br />(+15 for winning)
|l|☆Fhantazy
|player|p1|
