|j|☆yesterdaymister
|j|☆powerfull_rock
|t:|1760793052
|gametype|singles
|player|p1|yesterdaymister|striker|1798
|player|p2|powerfull_rock|blackbelt|1728
|gen|9
|tier|[Gen 9] OU
|rated|
|rule|HP Percentage Mod: HP is shown in percentages
|rule|Endless Battle Clause: Forcing endless battles is banned
|rule|Species Clause: Limit one of each Pokémon
|rule|OHKO Clause: OHKO moves are banned
|rule|Evasion Items Clause: Evasion items are banned
|rule|Evasion Moves Clause: Evasion moves are banned
|rule|Evasion Abilities Clause: Evasion abilities are banned
|rule|Sleep Moves Clause: Sleep-inducing moves are banned
|clearpoke
|poke|p1|Ninetales, M|
|poke|p1|Ceruledge, F|
|poke|p1|Venusaur, F|
|poke|p1|Hatterene, F|
|poke|p1|Great Tusk|
|poke|p1|Walking Wake|
|poke|p2|Clodsire, M|
|poke|p2|Conkeldurr, M|
|poke|p2|Enamorus, F|
|poke|p2|Ceruledge, M|
|poke|p2|Skarmory, M|
|poke|p2|Sinistcha|
|teampreview
|inactive|Battle timer is ON: inactive players will automatically lose when time's up. (requested by yesterdaymister)
|
|t:|1760793059
|teamsize|p1|6
|teamsize|p2|6
|start
|switch|p1a: arda guler|Ninetales, M|100/100
|switch|p2a: Wide Shoulder|Conkeldurr, M, shiny|100/100
|-weather|SunnyDay|[from] ability: Drought|[of] p1a: arda guler
|turn|1
|
|t:|1760793065
|switch|p1a: maccabi|Hatterene, F|100/100
|move|p2a: Wide Shoulder|Knock Off|p1a: maccabi
|-damage|p1a: maccabi|68/100
|-enditem|p1a: maccabi|Eject Button|[from] move: Knock Off|[of] p2a: Wide Shoulder
|
|-weather|SunnyDay|[upkeep]
|-status|p2a: Wide Shoulder|brn|[from] item: Flame Orb
|upkeep
|turn|2
|
|t:|1760793075
|move|p2a: Wide Shoulder|Facade|p1a: maccabi
|-damage|p1a: maccabi|2/100
|move|p1a: maccabi|Dazzling Gleam|p2a: Wide Shoulder
|-supereffective|p2a: Wide Shoulder
|-damage|p2a: Wide Shoulder|13/100 brn
|
|-weather|SunnyDay|[upkeep]
|-damage|p2a: Wide Shoulder|7/100 brn|[from] brn
|upkeep
|turn|3
|
|t:|1760793098
|switch|p1a: mignolet|Great Tusk|100/100
|-activate|p1a: mignolet|ability: Protosynthesis
|-start|p1a: mignolet|protosynthesisspe
|move|p2a: Wide Shoulder|Drain Punch|p1a: mignolet
|-damage|p1a: mignolet|62/100
|-heal|p2a: Wide Shoulder|27/100 brn|[from] drain|[of] p1a: mignolet
|-damage|p2a: Wide Shoulder|11/100 brn|[from] item: Rocky Helmet|[of] p1a: mignolet
|
|-weather|SunnyDay|[upkeep]
|-damage|p2a: Wide Shoulder|5/100 brn|[from] brn
|upkeep
|turn|4
|j| nonchalantbufalant
|
|t:|1760793110
|move|p1a: mignolet|Stealth Rock|p2a: Wide Shoulder
|-sidestart|p2: powerfull_rock|move: Stealth Rock
|move|p2a: Wide Shoulder|Drain Punch|p1a: mignolet
|-damage|p1a: mignolet|26/100
|-heal|p2a: Wide Shoulder|25/100 brn|[from] drain|[of] p1a: mignolet
|-damage|p2a: Wide Shoulder|8/100 brn|[from] item: Rocky Helmet|[of] p1a: mignolet
|
|-weather|SunnyDay|[upkeep]
|-damage|p2a: Wide Shoulder|2/100 brn|[from] brn
|upkeep
|turn|5
|
|t:|1760793116
|move|p2a: Wide Shoulder|Mach Punch|p1a: mignolet
|-damage|p1a: mignolet|4/100
|-damage|p2a: Wide Shoulder|0 fnt|[from] item: Rocky Helmet|[of] p1a: mignolet
|faint|p2a: Wide Shoulder
|move|p1a: mignolet|Rapid Spin|p2: Wide Shoulder|[notarget]
|-fail|p1a: mignolet
|
|-weather|SunnyDay|[upkeep]
|upkeep
|
|t:|1760793124
|switch|p2a: Metal Wing|Skarmory, M|100/100
|-damage|p2a: Metal Wing|88/100|[from] Stealth Rock
|turn|6
|
|t:|1760793131
|-end|p1a: mignolet|Protosynthesis|[silent]
|switch|p1a: maccabi|Hatterene, F|2/100
|move|p2a: Metal Wing|Brave Bird|p1a: maccabi
|-damage|p1a: maccabi|0 fnt
|faint|p1a: maccabi
|-damage|p2a: Metal Wing|88/100|[from] Recoil
|
|-weather|SunnyDay|[upkeep]
|-heal|p2a: Metal Wing|94/100|[from] item: Leftovers
|upkeep
|j| Fifo drummer
|
|t:|1760793137
|switch|p1a: chama|Walking Wake|100/100
|-activate|p1a: chama|ability: Protosynthesis
|-start|p1a: chama|protosynthesisspa
|turn|7
|
|t:|1760793152
|switch|p2a: Fat Body|Clodsire, M, shiny|100/100
|-damage|p2a: Fat Body|94/100|[from] Stealth Rock
|move|p1a: chama|Hydro Steam|p2a: Fat Body
|-heal|p2a: Fat Body|100/100|[from] ability: Water Absorb|[of] p1a: chama
|
|-weather|SunnyDay|[upkeep]
|upkeep
|turn|8
|inactive|yesterdaymister has 120 seconds left.
|
|t:|1760793182
|-end|p1a: chama|Protosynthesis|[silent]
|switch|p1a: mignolet|Great Tusk|4/100
|-activate|p1a: mignolet|ability: Protosynthesis
|-start|p1a: mignolet|protosynthesisspe
|move|p2a: Fat Body|Earthquake|p1a: mignolet
|-damage|p1a: mignolet|0 fnt
|faint|p1a: mignolet
|-end|p1a: mignolet|Protosynthesis|[silent]
|
|-weather|none
|upkeep
|
|t:|1760793186
|switch|p1a: lebron|Ceruledge, F|100/100
|turn|9
|
|t:|1760793196
|move|p1a: lebron|Swords Dance|p1a: lebron
|-boost|p1a: lebron|atk|2
|move|p2a: Fat Body|Toxic|p1a: lebron
|-status|p1a: lebron|tox
|
|-damage|p1a: lebron|94/100 tox|[from] psn
|upkeep
|turn|10
|
|t:|1760793212
|switch|p2a: Love Snake|Enamorus, F|100/100
|-damage|p2a: Love Snake|76/100|[from] Stealth Rock
|move|p1a: lebron|Poltergeist|p2a: Love Snake
|-activate|p2a: Love Snake|move: Poltergeist|Leftovers
|-damage|p2a: Love Snake|0 fnt
|faint|p2a: Love Snake
|
|-damage|p1a: lebron|82/100 tox|[from] psn
|upkeep
|
|t:|1760793214
|switch|p2a: Broken Vessel|Sinistcha, shiny|100/100
|turn|11
|
|t:|1760793223
|-terastallize|p2a: Broken Vessel|Poison
|move|p1a: lebron|Poltergeist|p2a: Broken Vessel
|-activate|p2a: Broken Vessel|move: Poltergeist|Heavy-Duty Boots
|-damage|p2a: Broken Vessel|22/100
|move|p2a: Broken Vessel|Strength Sap|p1a: lebron
|-unboost|p1a: lebron|atk|1
|-heal|p2a: Broken Vessel|100/100
|
|-damage|p1a: lebron|63/100 tox|[from] psn
|upkeep
|turn|12
|
|t:|1760793236
|switch|p1a: arda guler|Ninetales, M|100/100
|-weather|SunnyDay|[from] ability: Drought|[of] p1a: arda guler
|move|p2a: Broken Vessel|Strength Sap|p1a: arda guler
|-unboost|p1a: arda guler|atk|1
|
|-weather|SunnyDay|[upkeep]
|upkeep
|turn|13
|
|t:|1760793242
|switch|p2a: Fat Body|Clodsire, M, shiny|100/100
|-damage|p2a: Fat Body|94/100|[from] Stealth Rock
|move|p1a: arda guler|Encore||[still]
|-fail|p1a: arda guler
|
|-weather|SunnyDay|[upkeep]
|-heal|p2a: Fat Body|100/100|[from] item: Leftovers
|upkeep
|turn|14
|
|t:|1760793251
|switch|p1a: hans vanaken|Venusaur, F|100/100
|move|p2a: Fat Body|Stealth Rock|p1a: hans vanaken
|-sidestart|p1: yesterdaymister|move: Stealth Rock
|
|-weather|SunnyDay|[upkeep]
|upkeep
|turn|15
|
|t:|1760793257
|move|p1a: hans vanaken|Growth|p1a: hans vanaken
|-boost|p1a: hans vanaken|atk|2
|-boost|p1a: hans vanaken|spa|2
|move|p2a: Fat Body|Earthquake|p1a: hans vanaken
|-crit|p1a: hans vanaken
|-damage|p1a: hans vanaken|44/100
|
|-weather|SunnyDay|[upkeep]
|upkeep
|turn|16
|
|t:|1760793278
|switch|p2a: Clean Edge|Ceruledge, M|100/100
|move|p1a: hans vanaken|Weather Ball|p2a: Clean Edge
|-start|p2a: Clean Edge|ability: Flash Fire
|
|-weather|SunnyDay|[upkeep]
|upkeep
|turn|17
|
|t:|1760793286
|move|p1a: hans vanaken|Sludge Bomb|p2a: Clean Edge
|-resisted|p2a: Clean Edge
|-damage|p2a: Clean Edge|58/100
|-damage|p1a: hans vanaken|34/100|[from] item: Life Orb
|move|p2a: Clean Edge|Bitter Blade|p1a: hans vanaken
|-supereffective|p1a: hans vanaken
|-damage|p1a: hans vanaken|0 fnt
|-heal|p2a: Clean Edge|72/100|[from] drain|[of] p1a: hans vanaken
|faint|p1a: hans vanaken
|
|-weather|SunnyDay|[upkeep]
|upkeep
|
|t:|1760793294
|switch|p1a: chama|Walking Wake|100/100
|-damage|p1a: chama|88/100|[from] Stealth Rock
|-activate|p1a: chama|ability: Protosynthesis
|-start|p1a: chama|protosynthesisspa
|turn|18
|
|t:|1760793302
|-end|p2a: Clean Edge|ability: Flash Fire|[silent]
|switch|p2a: Metal Wing|Skarmory, M|94/100
|-damage|p2a: Metal Wing|81/100|[from] Stealth Rock
|move|p1a: chama|Draco Meteor|p2a: Metal Wing
|-resisted|p2a: Metal Wing
|-damage|p2a: Metal Wing|18/100
|-unboost|p1a: chama|spa|2
|
|-weather|SunnyDay|[upkeep]
|-heal|p2a: Metal Wing|24/100|[from] item: Leftovers
|upkeep
|turn|19
|
|t:|1760793309
|move|p1a: chama|Draco Meteor|p2a: Metal Wing
|-resisted|p2a: Metal Wing
|-damage|p2a: Metal Wing|0 fnt
|-unboost|p1a: chama|spa|2
|faint|p2a: Metal Wing
|
|-weather|none
|-end|p1a: chama|Protosynthesis
|upkeep
|
|t:|1760793317
|switch|p2a: Clean Edge|Ceruledge, M|72/100
|turn|20
|
|t:|1760793320
|-end|p1a: chama|Protosynthesis|[silent]
|switch|p1a: arda guler|Ninetales, M|100/100
|-damage|p1a: arda guler|76/100|[from] Stealth Rock
|-weather|SunnyDay|[from] ability: Drought|[of] p1a: arda guler
|move|p2a: Clean Edge|Bulk Up|p2a: Clean Edge
|-boost|p2a: Clean Edge|atk|1
|-boost|p2a: Clean Edge|def|1
|
|-weather|SunnyDay|[upkeep]
|upkeep
|turn|21
|
|t:|1760793323
|move|p2a: Clean Edge|Shadow Sneak|p1a: arda guler
|-damage|p1a: arda guler|43/100
|move|p1a: arda guler|Encore|p2a: Clean Edge
|-start|p2a: Clean Edge|Encore
|
|-weather|SunnyDay|[upkeep]
|upkeep
|turn|22
|
|t:|1760793345
|move|p2a: Clean Edge|Shadow Sneak|p1a: arda guler
|-damage|p1a: arda guler|11/100
|move|p1a: arda guler|Healing Wish|p1a: arda guler
|faint|p1a: arda guler
|
|-weather|SunnyDay|[upkeep]
|upkeep
|inactive|yesterdaymister has 120 seconds left.
|
|t:|1760793389
|switch|p1a: chama|Walking Wake|88/100
|-heal|p1a: chama|100/100|[from] move: Healing Wish
|-damage|p1a: chama|88/100|[from] Stealth Rock
|-activate|p1a: chama|ability: Protosynthesis
|-start|p1a: chama|protosynthesisspa
|turn|23
|
|t:|1760793396
|switch|p2a: Broken Vessel|Sinistcha, shiny, tera:Poison|100/100
|move|p1a: chama|Hydro Steam|p2a: Broken Vessel
|-damage|p2a: Broken Vessel|0 fnt
|faint|p2a: Broken Vessel
|
|-weather|SunnyDay|[upkeep]
|upkeep
|
|t:|1760793399
|switch|p2a: Fat Body|Clodsire, M, shiny|100/100
|-damage|p2a: Fat Body|94/100|[from] Stealth Rock
|turn|24
|
|t:|1760793402
|-end|p1a: chama|Protosynthesis|[silent]
|switch|p1a: lebron|Ceruledge, F|63/100 tox
|-damage|p1a: lebron|39/100 tox|[from] Stealth Rock
|move|p2a: Fat Body|Earthquake|p1a: lebron
|-supereffective|p1a: lebron
|-damage|p1a: lebron|0 fnt
|faint|p1a: lebron
|
|-weather|SunnyDay|[upkeep]
|-heal|p2a: Fat Body|100/100|[from] item: Leftovers
|upkeep
|
|t:|1760793404
|switch|p1a: chama|Walking Wake|88/100
|-damage|p1a: chama|76/100|[from] Stealth Rock
|-activate|p1a: chama|ability: Protosynthesis
|-start|p1a: chama|protosynthesisspa
|turn|25
|
|t:|1760793414
|move|p1a: chama|Dragon Pulse|p2a: Fat Body
|-damage|p2a: Fat Body|39/100
|move|p2a: Fat Body|Recover|p2a: Fat Body
|-heal|p2a: Fat Body|89/100
|
|-weather|SunnyDay|[upkeep]
|-heal|p2a: Fat Body|95/100|[from] item: Leftovers
|upkeep
|turn|26
|
|t:|1760793418
|move|p1a: chama|Dragon Pulse|p2a: Fat Body
|-damage|p2a: Fat Body|30/100
|move|p2a: Fat Body|Recover|p2a: Fat Body
|-heal|p2a: Fat Body|80/100
|
|-weather|SunnyDay|[upkeep]
|-heal|p2a: Fat Body|86/100|[from] item: Leftovers
|upkeep
|turn|27
|
|t:|1760793425
|move|p1a: chama|Dragon Pulse|p2a: Fat Body
|-damage|p2a: Fat Body|23/100
|move|p2a: Fat Body|Recover|p2a: Fat Body
|-heal|p2a: Fat Body|73/100
|
|-weather|none
|-end|p1a: chama|Protosynthesis
|-heal|p2a: Fat Body|79/100|[from] item: Leftovers
|upkeep
|turn|28
|
|t:|1760793430
|move|p1a: chama|Dragon Pulse|p2a: Fat Body
|-damage|p2a: Fat Body|29/100
|move|p2a: Fat Body|Recover|p2a: Fat Body
|-heal|p2a: Fat Body|79/100
|
|-heal|p2a: Fat Body|85/100|[from] item: Leftovers
|upkeep
|turn|29
|
|t:|1760793435
|move|p1a: chama|Dragon Pulse|p2a: Fat Body
|-damage|p2a: Fat Body|38/100
|move|p2a: Fat Body|Recover|p2a: Fat Body
|-heal|p2a: Fat Body|88/100
|
|-heal|p2a: Fat Body|94/100|[from] item: Leftovers
|upkeep
|turn|30
|
|t:|1760793439
|move|p1a: chama|Dragon Pulse|p2a: Fat Body
|-damage|p2a: Fat Body|44/100
|move|p2a: Fat Body|Toxic|p1a: chama
|-status|p1a: chama|tox
|
|-heal|p2a: Fat Body|50/100|[from] item: Leftovers
|-damage|p1a: chama|70/100 tox|[from] psn
|upkeep
|turn|31
|
|t:|1760793443
|move|p1a: chama|Dragon Pulse|p2a: Fat Body
|-damage|p2a: Fat Body|2/100
|move|p2a: Fat Body|Recover|p2a: Fat Body
|-heal|p2a: Fat Body|52/100
|
|-heal|p2a: Fat Body|58/100|[from] item: Leftovers
|-damage|p1a: chama|57/100 tox|[from] psn
|upkeep
|turn|32
|
|t:|1760793447
|move|p1a: chama|Dragon Pulse|p2a: Fat Body
|-damage|p2a: Fat Body|9/100
|move|p2a: Fat Body|Recover|p2a: Fat Body
|-heal|p2a: Fat Body|60/100
|
|-heal|p2a: Fat Body|66/100|[from] item: Leftovers
|-damage|p1a: chama|39/100 tox|[from] psn
|upkeep
|turn|33
|
|t:|1760793451
|move|p1a: chama|Dragon Pulse|p2a: Fat Body
|-damage|p2a: Fat Body|15/100
|move|p2a: Fat Body|Recover|p2a: Fat Body
|-heal|p2a: Fat Body|65/100
|
|-heal|p2a: Fat Body|71/100|[from] item: Leftovers
|-damage|p1a: chama|14/100 tox|[from] psn
|upkeep
|turn|34
|
|t:|1760793455
|move|p1a: chama|Dragon Pulse|p2a: Fat Body
|-damage|p2a: Fat Body|19/100
|move|p2a: Fat Body|Earthquake|p1a: chama
|-damage|p1a: chama|0 fnt
|faint|p1a: chama
|-end|p1a: chama|Protosynthesis|[silent]
|
|win|powerfull_rock
|raw|yesterdaymister's rating: 1798 &rarr; <strong>1774</strong><br />(-24 for losing)
|raw|powerfull_rock's rating: 1728 &rarr; <strong>1752</strong><br />(+24 for winning)
|l|☆yesterdaymister
|player|p1|
|l|☆powerfull_rock
|player|p2|
