|j|☆depecos
|j|☆Kanehusky13
|t:|1760872414
|gametype|singles
|player|p1|depecos|169|1376
|player|p2|Kanehusky13|169|1520
|gen|9
|tier|[Gen 9] OU
|rated|
|rule|HP Percentage Mod: HP is shown in percentages
|rule|Endless Battle Clause: Forcing endless battles is banned
|rule|Species Clause: Limit one of each Pokémon
|rule|OHKO Clause: OHKO moves are banned
|rule|Evasion Items Clause: Evasion items are banned
|rule|Evasion Moves Clause: Evasion moves are banned
|rule|Evasion Abilities Clause: Evasion abilities are banned
|rule|Sleep Moves Clause: Sleep-inducing moves are banned
|clearpoke
|poke|p1|Torkoal, M|
|poke|p1|Hatterene, F|
|poke|p1|Raging Bolt|
|poke|p1|Slither Wing|
|poke|p1|Walking Wake|
|poke|p1|Whimsicott, M|
|poke|p2|Dragapult, M|
|poke|p2|Glimmora, M|
|poke|p2|Comfey, M|
|poke|p2|Kingambit, M|
|poke|p2|Ogerpon-Wellspring, F|
|poke|p2|Blaziken, M|
|teampreview
|inactive|Battle timer is ON: inactive players will automatically lose when time's up. (requested by depecos)
|
|t:|1760872432
|teamsize|p1|6
|teamsize|p2|6
|start
|switch|p1a: Torkoal|Torkoal, M|100/100
|switch|p2a: Blaziken|Blaziken, M, shiny|100/100
|-weather|SunnyDay|[from] ability: Drought|[of] p1a: Torkoal
|turn|1
|
|t:|1760872438
|move|p2a: Blaziken|Flare Blitz|p1a: Torkoal
|-resisted|p1a: Torkoal
|-damage|p1a: Torkoal|44/100
|-damage|p2a: Blaziken|82/100|[from] Recoil
|-damage|p2a: Blaziken|72/100|[from] item: Life Orb
|move|p1a: Torkoal|Stealth Rock|p2a: Blaziken
|-sidestart|p2: Kanehusky13|move: Stealth Rock
|
|-weather|SunnyDay|[upkeep]
|-ability|p2a: Blaziken|Speed Boost|boost
|-boost|p2a: Blaziken|spe|1
|upkeep
|turn|2
|
|t:|1760872443
|switch|p1a: Walking Wake|Walking Wake|100/100
|-activate|p1a: Walking Wake|ability: Protosynthesis
|-start|p1a: Walking Wake|protosynthesisspe
|move|p2a: Blaziken|Flare Blitz|p1a: Walking Wake
|-resisted|p1a: Walking Wake
|-damage|p1a: Walking Wake|66/100
|-damage|p2a: Blaziken|59/100|[from] Recoil
|-damage|p2a: Blaziken|49/100|[from] item: Life Orb
|
|-weather|SunnyDay|[upkeep]
|-ability|p2a: Blaziken|Speed Boost|boost
|-boost|p2a: Blaziken|spe|1
|upkeep
|turn|3
|
|t:|1760872450
|move|p2a: Blaziken|Protect|p2a: Blaziken
|-singleturn|p2a: Blaziken|Protect
|move|p1a: Walking Wake|Hydro Steam|p2a: Blaziken
|-activate|p2a: Blaziken|move: Protect
|
|-weather|SunnyDay|[upkeep]
|-ability|p2a: Blaziken|Speed Boost|boost
|-boost|p2a: Blaziken|spe|1
|upkeep
|turn|4
|
|t:|1760872456
|-terastallize|p2a: Blaziken|Fighting
|move|p2a: Blaziken|Brick Break|p1a: Walking Wake
|-damage|p1a: Walking Wake|0 fnt
|faint|p1a: Walking Wake
|-end|p1a: Walking Wake|Protosynthesis|[silent]
|-damage|p2a: Blaziken|39/100|[from] item: Life Orb
|
|-weather|SunnyDay|[upkeep]
|-ability|p2a: Blaziken|Speed Boost|boost
|-boost|p2a: Blaziken|spe|1
|upkeep
|
|t:|1760872461
|switch|p1a: Raging Bolt|Raging Bolt|100/100
|-activate|p1a: Raging Bolt|ability: Protosynthesis
|-start|p1a: Raging Bolt|protosynthesisspa
|turn|5
|
|t:|1760872464
|move|p1a: Raging Bolt|Thunderclap|p2a: Blaziken
|-damage|p2a: Blaziken|0 fnt
|faint|p2a: Blaziken
|-damage|p1a: Raging Bolt|91/100|[from] item: Life Orb
|
|-weather|SunnyDay|[upkeep]
|upkeep
|
|t:|1760872470
|switch|p2a: Dragapult|Dragapult, M, shiny|100/100
|-damage|p2a: Dragapult|88/100|[from] Stealth Rock
|turn|6
|
|t:|1760872474
|-end|p1a: Raging Bolt|Protosynthesis|[silent]
|switch|p1a: Whimsicott|Whimsicott, M|100/100
|move|p2a: Dragapult|Flamethrower|p1a: Whimsicott
|-supereffective|p1a: Whimsicott
|-damage|p1a: Whimsicott|0 fnt
|faint|p1a: Whimsicott
|-damage|p2a: Dragapult|78/100|[from] item: Life Orb
|
|-weather|SunnyDay|[upkeep]
|upkeep
|
|t:|1760872482
|switch|p1a: Hatterene|Hatterene, F|100/100
|-item|p1a: Hatterene|Air Balloon
|turn|7
|
|t:|1760872485
|move|p2a: Dragapult|Shadow Ball|p1a: Hatterene
|-supereffective|p1a: Hatterene
|-damage|p1a: Hatterene|16/100
|-enditem|p1a: Hatterene|Air Balloon
|-damage|p2a: Dragapult|69/100|[from] item: Life Orb
|move|p1a: Hatterene|Dazzling Gleam|p2a: Dragapult
|-supereffective|p2a: Dragapult
|-damage|p2a: Dragapult|0 fnt
|faint|p2a: Dragapult
|
|-weather|SunnyDay|[upkeep]
|upkeep
|
|t:|1760872490
|switch|p2a: Glimmora|Glimmora, M, shiny|100/100
|-damage|p2a: Glimmora|88/100|[from] Stealth Rock
|turn|8
|
|t:|1760872493
|move|p2a: Glimmora|Mortal Spin|p1a: Hatterene
|-supereffective|p1a: Hatterene
|-damage|p1a: Hatterene|6/100
|-status|p1a: Hatterene|psn
|-sideend|p2: Kanehusky13|Stealth Rock|[from] move: Mortal Spin|[of] p2a: Glimmora
|move|p1a: Hatterene|Psychic Noise|p2a: Glimmora
|-supereffective|p2a: Glimmora
|-damage|p2a: Glimmora|20/100
|-start|p2a: Glimmora|move: Heal Block
|-enditem|p2a: Glimmora|Red Card|[of] p1a: Hatterene
|drag|p1a: Slither Wing|Slither Wing|100/100
|-activate|p1a: Slither Wing|ability: Protosynthesis
|-start|p1a: Slither Wing|protosynthesisatk
|
|-weather|none
|-end|p1a: Slither Wing|Protosynthesis
|upkeep
|turn|9
|
|t:|1760872500
|move|p1a: Slither Wing|U-turn|p2a: Glimmora
|-resisted|p2a: Glimmora
|-damage|p2a: Glimmora|6/100
|-activate|p2a: Glimmora|ability: Toxic Debris
|-sidestart|p1: depecos|move: Toxic Spikes
|
|t:|1760872502
|-end|p1a: Slither Wing|Protosynthesis|[silent]
|switch|p1a: Torkoal|Torkoal, M|44/100|[from] U-turn
|-status|p1a: Torkoal|psn
|-weather|SunnyDay|[from] ability: Drought|[of] p1a: Torkoal
|move|p2a: Glimmora|Stealth Rock|p1a: Torkoal
|-sidestart|p1: depecos|move: Stealth Rock
|
|-weather|SunnyDay|[upkeep]
|-damage|p1a: Torkoal|32/100 psn|[from] psn
|-end|p2a: Glimmora|move: Heal Block
|upkeep
|turn|10
|
|t:|1760872504
|move|p2a: Glimmora|Power Gem|p1a: Torkoal
|-supereffective|p1a: Torkoal
|-damage|p1a: Torkoal|0 fnt
|faint|p1a: Torkoal
|
|-weather|SunnyDay|[upkeep]
|upkeep
|
|t:|1760872510
|switch|p1a: Slither Wing|Slither Wing|100/100
|-status|p1a: Slither Wing|psn
|-damage|p1a: Slither Wing|88/100 psn|[from] Stealth Rock
|-activate|p1a: Slither Wing|ability: Protosynthesis
|-start|p1a: Slither Wing|protosynthesisatk
|turn|11
|
|t:|1760872513
|move|p1a: Slither Wing|First Impression|p2a: Glimmora
|-resisted|p2a: Glimmora
|-damage|p2a: Glimmora|0 fnt
|-activate|p2a: Glimmora|ability: Toxic Debris
|-sidestart|p1: depecos|move: Toxic Spikes
|faint|p2a: Glimmora
|
|-weather|SunnyDay|[upkeep]
|-damage|p1a: Slither Wing|76/100 psn|[from] psn
|upkeep
|
|t:|1760872520
|switch|p2a: Comfey|Comfey, M, shiny|100/100
|turn|12
|
|t:|1760872523
|move|p1a: Slither Wing|U-turn|p2a: Comfey
|-resisted|p2a: Comfey
|-damage|p2a: Comfey|68/100
|
|t:|1760872526
|-end|p1a: Slither Wing|Protosynthesis|[silent]
|switch|p1a: Raging Bolt|Raging Bolt|91/100|[from] U-turn
|-status|p1a: Raging Bolt|tox
|-damage|p1a: Raging Bolt|78/100 tox|[from] Stealth Rock
|-activate|p1a: Raging Bolt|ability: Protosynthesis
|-start|p1a: Raging Bolt|protosynthesisspa
|move|p2a: Comfey|Substitute|p2a: Comfey
|-start|p2a: Comfey|Substitute
|-damage|p2a: Comfey|43/100
|
|-weather|SunnyDay|[upkeep]
|-damage|p1a: Raging Bolt|72/100 tox|[from] psn
|upkeep
|turn|13
|
|t:|1760872538
|-terastallize|p1a: Raging Bolt|Ghost
|move|p1a: Raging Bolt|Weather Ball|p2a: Comfey
|-end|p2a: Comfey|Substitute
|-damage|p1a: Raging Bolt|62/100 tox|[from] item: Life Orb
|move|p2a: Comfey|Calm Mind|p2a: Comfey
|-boost|p2a: Comfey|spa|1
|-boost|p2a: Comfey|spd|1
|
|-weather|SunnyDay|[upkeep]
|-damage|p1a: Raging Bolt|50/100 tox|[from] psn
|upkeep
|turn|14
|
|t:|1760872545
|move|p2a: Comfey|Draining Kiss|p1a: Raging Bolt
|-damage|p1a: Raging Bolt|8/100 tox
|-heal|p2a: Comfey|83/100|[from] drain|[of] p1a: Raging Bolt
|-damage|p2a: Comfey|73/100|[from] item: Life Orb
|move|p1a: Raging Bolt|Thunderclap||[still]
|-fail|p1a: Raging Bolt
|
|-weather|SunnyDay|[upkeep]
|-damage|p1a: Raging Bolt|0 fnt|[from] psn
|faint|p1a: Raging Bolt
|-end|p1a: Raging Bolt|Protosynthesis|[silent]
|upkeep
|
|t:|1760872547
|switch|p1a: Slither Wing|Slither Wing|76/100 psn
|-damage|p1a: Slither Wing|63/100 psn|[from] Stealth Rock
|-activate|p1a: Slither Wing|ability: Protosynthesis
|-start|p1a: Slither Wing|protosynthesisatk
|turn|15
|
|t:|1760872549
|move|p2a: Comfey|Draining Kiss|p1a: Slither Wing
|-supereffective|p1a: Slither Wing
|-damage|p1a: Slither Wing|4/100 psn
|-heal|p2a: Comfey|100/100|[from] drain|[of] p1a: Slither Wing
|-damage|p2a: Comfey|91/100|[from] item: Life Orb
|move|p1a: Slither Wing|First Impression|p2a: Comfey
|-resisted|p2a: Comfey
|-damage|p2a: Comfey|50/100
|
|-weather|SunnyDay|[upkeep]
|-damage|p1a: Slither Wing|0 fnt|[from] psn
|faint|p1a: Slither Wing
|-end|p1a: Slither Wing|Protosynthesis|[silent]
|upkeep
|
|t:|1760872552
|switch|p1a: Hatterene|Hatterene, F|6/100 psn
|-damage|p1a: Hatterene|0 fnt|[from] Stealth Rock
|faint|p1a: Hatterene
|
|win|Kanehusky13
|raw|depecos's rating: 1376 &rarr; <strong>1364</strong><br />(-12 for losing)
|raw|Kanehusky13's rating: 1520 &rarr; <strong>1532</strong><br />(+12 for winning)
|l|☆depecos
|player|p1|
|l|☆Kanehusky13
|player|p2|
