|j|☆gjxj0
|j|☆orianna_ball_me
|t:|1760872228
|gametype|singles
|player|p1|gjxj0|265|1289
|player|p2|orianna_ball_me|roxanne|1355
|gen|9
|tier|[Gen 9] OU
|rated|
|rule|HP Percentage Mod: HP is shown in percentages
|rule|Endless Battle Clause: Forcing endless battles is banned
|rule|Species Clause: Limit one of each Pokémon
|rule|OHKO Clause: OHKO moves are banned
|rule|Evasion Items Clause: Evasion items are banned
|rule|Evasion Moves Clause: Evasion moves are banned
|rule|Evasion Abilities Clause: Evasion abilities are banned
|rule|Sleep Moves Clause: Sleep-inducing moves are banned
|clearpoke
|poke|p1|Lokix, F|
|poke|p1|Pelipper, F|
|poke|p1|Qwilfish, F|
|poke|p1|Azumarill, M|
|poke|p1|Clodsire, M|
|poke|p1|Dusclops, F|
|poke|p2|Glimmora, F|
|poke|p2|Iron Valiant|
|poke|p2|Raging Bolt|
|poke|p2|Ogerpon-Wellspring, F|
|poke|p2|Kingambit, F|
|poke|p2|Ceruledge, M|
|teampreview
|
|t:|1760872241
|teamsize|p1|6
|teamsize|p2|6
|start
|switch|p1a: Lokix|Lokix, F, shiny|100/100
|switch|p2a: Glimmora|Glimmora, F|100/100
|turn|1
|
|t:|1760872276
|-terastallize|p1a: Lokix|Bug
|move|p1a: Lokix|First Impression|p2a: Glimmora
|-resisted|p2a: Glimmora
|-damage|p2a: Glimmora|0 fnt
|-activate|p2a: Glimmora|ability: Toxic Debris
|-sidestart|p1: gjxj0|move: Toxic Spikes
|faint|p2a: Glimmora
|
|upkeep
|
|t:|1760872284
|switch|p2a: Ceruledge|Ceruledge, M|100/100
|turn|2
|
|t:|1760872288
|switch|p1a: Pelipper|Pelipper, F, shiny|100/100
|-weather|RainDance|[from] ability: Drizzle|[of] p1a: Pelipper
|move|p2a: Ceruledge|Swords Dance|p2a: Ceruledge
|-boost|p2a: Ceruledge|atk|2
|
|-weather|RainDance|[upkeep]
|upkeep
|turn|3
|
|t:|1760872296
|move|p2a: Ceruledge|Poltergeist|p1a: Pelipper
|-activate|p1a: Pelipper|move: Poltergeist|Choice Specs
|-damage|p1a: Pelipper|0 fnt
|faint|p1a: Pelipper
|
|-weather|RainDance|[upkeep]
|upkeep
|
|t:|1760872302
|switch|p1a: Qwilfish|Qwilfish, F, shiny|100/100
|-sideend|p1: gjxj0|move: Toxic Spikes|[of] p1a: Qwilfish
|turn|4
|
|t:|1760872307
|move|p1a: Qwilfish|Liquidation|p2a: Ceruledge
|-supereffective|p2a: Ceruledge
|-enditem|p2a: Ceruledge|Focus Sash
|-damage|p2a: Ceruledge|1/100
|-ability|p2a: Ceruledge|Weak Armor|boost
|-unboost|p2a: Ceruledge|def|1
|-boost|p2a: Ceruledge|spe|2
|-damage|p1a: Qwilfish|91/100|[from] item: Life Orb
|move|p2a: Ceruledge|Poltergeist|p1a: Qwilfish
|-activate|p1a: Qwilfish|move: Poltergeist|Life Orb
|-damage|p1a: Qwilfish|0 fnt
|faint|p1a: Qwilfish
|
|-weather|RainDance|[upkeep]
|upkeep
|
|t:|1760872313
|switch|p1a: Azumarill|Azumarill, M|100/100
|turn|5
|
|t:|1760872321
|move|p2a: Ceruledge|Shadow Sneak|p1a: Azumarill
|-damage|p1a: Azumarill|59/100
|move|p1a: Azumarill|Aqua Jet|p2a: Ceruledge
|-supereffective|p2a: Ceruledge
|-damage|p2a: Ceruledge|0 fnt
|faint|p2a: Ceruledge
|
|-weather|RainDance|[upkeep]
|upkeep
|
|t:|1760872331
|switch|p2a: Ogerpon|Ogerpon-Wellspring, F|100/100
|turn|6
|
|t:|1760872337
|switch|p1a: Dusclops|Dusclops, F, shiny|100/100
|-ability|p1a: Dusclops|Pressure
|move|p2a: Ogerpon|Power Whip|p1a: Dusclops
|-damage|p1a: Dusclops|69/100
|
|-weather|none
|upkeep
|turn|7
|
|t:|1760872353
|move|p2a: Ogerpon|Ivy Cudgel|p1a: Dusclops|[anim] Ivy Cudgel Water
|-damage|p1a: Dusclops|39/100
|move|p1a: Dusclops|Will-O-Wisp|p2a: Ogerpon
|-status|p2a: Ogerpon|brn
|
|-damage|p2a: Ogerpon|95/100 brn|[from] brn
|upkeep
|turn|8
|
|t:|1760872360
|move|p2a: Ogerpon|Encore|p1a: Dusclops
|-start|p1a: Dusclops|Encore
|move|p1a: Dusclops|Will-O-Wisp|p2a: Ogerpon
|-fail|p2a: Ogerpon|brn
|
|-damage|p2a: Ogerpon|89/100 brn|[from] brn
|upkeep
|turn|9
|
|t:|1760872367
|switch|p1a: Clodsire|Clodsire, M|100/100
|move|p2a: Ogerpon|Swords Dance|p2a: Ogerpon
|-boost|p2a: Ogerpon|atk|2
|
|-damage|p2a: Ogerpon|83/100 brn|[from] brn
|upkeep
|turn|10
|
|t:|1760872373
|move|p2a: Ogerpon|Power Whip|p1a: Clodsire
|-damage|p1a: Clodsire|20/100
|move|p1a: Clodsire|Stealth Rock|p2a: Ogerpon
|-sidestart|p2: orianna_ball_me|move: Stealth Rock
|
|-damage|p2a: Ogerpon|77/100 brn|[from] brn
|upkeep
|turn|11
|
|t:|1760872380
|switch|p1a: Dusclops|Dusclops, F, shiny|39/100
|-ability|p1a: Dusclops|Pressure
|move|p2a: Ogerpon|Power Whip|p1a: Dusclops
|-damage|p1a: Dusclops|5/100
|
|-damage|p2a: Ogerpon|71/100 brn|[from] brn
|upkeep
|turn|12
|
|t:|1760872389
|move|p2a: Ogerpon|Power Whip|p1a: Dusclops
|-damage|p1a: Dusclops|0 fnt
|faint|p1a: Dusclops
|
|-damage|p2a: Ogerpon|65/100 brn|[from] brn
|upkeep
|
|t:|1760872393
|switch|p1a: Lokix|Lokix, F, shiny, tera:Bug|100/100
|turn|13
|
|t:|1760872399
|move|p1a: Lokix|First Impression|p2a: Ogerpon
|-supereffective|p2a: Ogerpon
|-damage|p2a: Ogerpon|0 fnt
|faint|p2a: Ogerpon
|
|upkeep
|
|t:|1760872406
|switch|p2a: Iron Valiant|Iron Valiant|100/100
|-damage|p2a: Iron Valiant|94/100|[from] Stealth Rock
|-enditem|p2a: Iron Valiant|Booster Energy
|-activate|p2a: Iron Valiant|ability: Quark Drive|[fromitem]
|-start|p2a: Iron Valiant|quarkdrivespe
|turn|14
|
|t:|1760872412
|switch|p1a: Clodsire|Clodsire, M|20/100
|move|p2a: Iron Valiant|Moonblast|p1a: Clodsire
|-resisted|p1a: Clodsire
|-damage|p1a: Clodsire|7/100
|-unboost|p1a: Clodsire|spa|1
|
|upkeep
|turn|15
|
|t:|1760872419
|move|p2a: Iron Valiant|Moonblast|p1a: Clodsire
|-resisted|p1a: Clodsire
|-damage|p1a: Clodsire|0 fnt
|faint|p1a: Clodsire
|
|upkeep
|
|t:|1760872421
|switch|p1a: Azumarill|Azumarill, M|59/100
|turn|16
|
|t:|1760872427
|move|p2a: Iron Valiant|Moonblast|p1a: Azumarill
|-damage|p1a: Azumarill|13/100
|-enditem|p1a: Azumarill|Sitrus Berry|[eat]
|-heal|p1a: Azumarill|38/100|[from] item: Sitrus Berry
|move|p1a: Azumarill|Play Rough|p2a: Iron Valiant
|-supereffective|p2a: Iron Valiant
|-damage|p2a: Iron Valiant|0 fnt
|faint|p2a: Iron Valiant
|-end|p2a: Iron Valiant|Quark Drive|[silent]
|
|upkeep
|
|t:|1760872435
|switch|p2a: Raging Bolt|Raging Bolt|100/100
|-damage|p2a: Raging Bolt|88/100|[from] Stealth Rock
|turn|17
|
|t:|1760872441
|move|p2a: Raging Bolt|Thunderbolt|p1a: Azumarill
|-supereffective|p1a: Azumarill
|-damage|p1a: Azumarill|0 fnt
|faint|p1a: Azumarill
|
|-heal|p2a: Raging Bolt|94/100|[from] item: Leftovers
|upkeep
|
|t:|1760872444
|switch|p1a: Lokix|Lokix, F, shiny, tera:Bug|100/100
|turn|18
|
|t:|1760872451
|move|p1a: Lokix|Low Kick|p2a: Raging Bolt
|-damage|p2a: Raging Bolt|47/100
|move|p2a: Raging Bolt|Thunderbolt|p1a: Lokix
|-damage|p1a: Lokix|0 fnt
|faint|p1a: Lokix
|
|win|orianna_ball_me
|raw|gjxj0's rating: 1289 &rarr; <strong>1269</strong><br />(-20 for losing)
|raw|orianna_ball_me's rating: 1355 &rarr; <strong>1371</strong><br />(+16 for winning)
|l|☆gjxj0
|player|p1|
|l|☆orianna_ball_me
|player|p2|
