|j|☆ElPatatans12
|j|☆NothingTrainer
|t:|1760779207
|gametype|singles
|player|p1|ElPatatans12|depotagent|1162
|player|p2|NothingTrainer|unknownf|1116
|gen|9
|tier|[Gen 9] OU
|rated|
|rule|HP Percentage Mod: HP is shown in percentages
|rule|Endless Battle Clause: Forcing endless battles is banned
|rule|Species Clause: Limit one of each Pokémon
|rule|OHKO Clause: OHKO moves are banned
|rule|Evasion Items Clause: Evasion items are banned
|rule|Evasion Moves Clause: Evasion moves are banned
|rule|Evasion Abilities Clause: Evasion abilities are banned
|rule|Sleep Moves Clause: Sleep-inducing moves are banned
|clearpoke
|poke|p1|Kingambit, M|
|poke|p1|Gliscor, F|
|poke|p1|Gholdengo|
|poke|p1|Samurott-Hisui, F|
|poke|p1|Dragapult, F|
|poke|p1|Iron Valiant|
|poke|p2|Ceruledge, F|
|poke|p2|Dragapult, M|
|poke|p2|Regirock|
|poke|p2|Polteageist-Antique|
|poke|p2|Glimmora, F|
|poke|p2|Gliscor, F|
|teampreview
|
|t:|1760779213
|teamsize|p1|6
|teamsize|p2|6
|start
|switch|p1a: Gliscor|Gliscor, F|100/100
|switch|p2a: Glimmora|Glimmora, F|100/100
|turn|1
|
|t:|1760779221
|move|p1a: Gliscor|Protect|p1a: Gliscor
|-singleturn|p1a: Gliscor|Protect
|move|p2a: Glimmora|Stealth Rock|p1a: Gliscor
|-sidestart|p1: ElPatatans12|move: Stealth Rock
|
|-status|p1a: Gliscor|tox|[from] item: Toxic Orb
|upkeep
|turn|2
|
|t:|1760779225
|move|p2a: Glimmora|Power Gem|p1a: Gliscor
|-damage|p1a: Gliscor|59/100 tox
|move|p1a: Gliscor|Stealth Rock|p2a: Glimmora
|-sidestart|p2: NothingTrainer|move: Stealth Rock
|
|-heal|p1a: Gliscor|71/100 tox|[from] ability: Poison Heal
|upkeep
|turn|3
|
|t:|1760779229
|move|p2a: Glimmora|Power Gem|p1a: Gliscor
|-damage|p1a: Gliscor|23/100 tox
|move|p1a: Gliscor|Earthquake|p2a: Glimmora
|-supereffective|p2a: Glimmora
|-damage|p2a: Glimmora|0 fnt
|-activate|p2a: Glimmora|ability: Toxic Debris
|-sidestart|p1: ElPatatans12|move: Toxic Spikes
|faint|p2a: Glimmora
|
|-heal|p1a: Gliscor|36/100 tox|[from] ability: Poison Heal
|upkeep
|
|t:|1760779236
|switch|p2a: Polteageist|Polteageist-Antique|100/100
|-damage|p2a: Polteageist|88/100|[from] Stealth Rock
|turn|4
|
|t:|1760779240
|move|p1a: Gliscor|Protect|p1a: Gliscor
|-singleturn|p1a: Gliscor|Protect
|move|p2a: Polteageist|Shadow Ball|p1a: Gliscor
|-activate|p1a: Gliscor|move: Protect
|
|-heal|p1a: Gliscor|48/100 tox|[from] ability: Poison Heal
|upkeep
|turn|5
|
|t:|1760779253
|-terastallize|p2a: Polteageist|Fighting
|move|p2a: Polteageist|Shadow Ball|p1a: Gliscor
|-damage|p1a: Gliscor|0 fnt
|faint|p1a: Gliscor
|
|upkeep
|
|t:|1760779264
|switch|p1a: Gholdengo|Gholdengo|100/100
|-damage|p1a: Gholdengo|94/100|[from] Stealth Rock
|turn|6
|
|t:|1760779271
|move|p1a: Gholdengo|Shadow Ball|p2a: Polteageist
|-damage|p2a: Polteageist|28/100
|-damage|p1a: Gholdengo|85/100|[from] item: Life Orb
|move|p2a: Polteageist|Shell Smash|p2a: Polteageist
|-unboost|p2a: Polteageist|def|1
|-unboost|p2a: Polteageist|spd|1
|-boost|p2a: Polteageist|atk|2
|-boost|p2a: Polteageist|spa|2
|-boost|p2a: Polteageist|spe|2
|
|upkeep
|turn|7
|
|t:|1760779278
|move|p2a: Polteageist|Stored Power|p1a: Gholdengo
|-resisted|p1a: Gholdengo
|-damage|p1a: Gholdengo|22/100
|move|p1a: Gholdengo|Shadow Ball|p2a: Polteageist
|-damage|p2a: Polteageist|0 fnt
|faint|p2a: Polteageist
|-damage|p1a: Gholdengo|12/100|[from] item: Life Orb
|
|upkeep
|
|t:|1760779285
|switch|p2a: Gliscor|Gliscor, F|100/100
|-damage|p2a: Gliscor|88/100|[from] Stealth Rock
|turn|8
|
|t:|1760779288
|move|p1a: Gholdengo|Nasty Plot|p1a: Gholdengo
|-boost|p1a: Gholdengo|spa|2
|move|p2a: Gliscor|Swords Dance|p2a: Gliscor
|-boost|p2a: Gliscor|atk|2
|
|-status|p2a: Gliscor|tox|[from] item: Toxic Orb
|upkeep
|turn|9
|
|t:|1760779297
|move|p1a: Gholdengo|Make It Rain|p2a: Gliscor
|-damage|p2a: Gliscor|0 fnt
|-unboost|p1a: Gholdengo|spa|1
|faint|p2a: Gliscor
|-damage|p1a: Gholdengo|2/100|[from] item: Life Orb
|
|upkeep
|
|t:|1760779302
|switch|p2a: Dragapult|Dragapult, M|100/100
|turn|10
|
|t:|1760779306
|move|p2a: Dragapult|Dragon Darts|p1a: Gholdengo
|-resisted|p1a: Gholdengo
|-damage|p1a: Gholdengo|0 fnt
|faint|p1a: Gholdengo
|
|upkeep
|
|t:|1760779311
|switch|p1a: Samurott|Samurott-Hisui, F|100/100
|-damage|p1a: Samurott|88/100|[from] Stealth Rock
|-status|p1a: Samurott|psn
|turn|11
|
|t:|1760779318
|move|p2a: Dragapult|U-turn|p1a: Samurott
|-supereffective|p1a: Samurott
|-damage|p1a: Samurott|30/100 psn
|
|t:|1760779321
|switch|p2a: Regirock|Regirock|100/100|[from] U-turn
|-damage|p2a: Regirock|88/100|[from] Stealth Rock
|move|p1a: Samurott|Ceaseless Edge|p2a: Regirock
|-damage|p2a: Regirock|67/100
|-sidestart|p2: NothingTrainer|Spikes
|
|-heal|p1a: Samurott|36/100 psn|[from] item: Leftovers
|-damage|p1a: Samurott|24/100 psn|[from] psn
|upkeep
|turn|12
|
|t:|1760779329
|move|p1a: Samurott|Razor Shell|p2a: Regirock
|-supereffective|p2a: Regirock
|-crit|p2a: Regirock
|-damage|p2a: Regirock|0 fnt
|faint|p2a: Regirock
|
|-heal|p1a: Samurott|30/100 psn|[from] item: Leftovers
|-damage|p1a: Samurott|18/100 psn|[from] psn
|upkeep
|
|t:|1760779332
|switch|p2a: Dragapult|Dragapult, M|100/100
|turn|13
|
|t:|1760779340
|switch|p1a: Iron Valiant|Iron Valiant|100/100
|-damage|p1a: Iron Valiant|94/100|[from] Stealth Rock
|-status|p1a: Iron Valiant|psn
|-enditem|p1a: Iron Valiant|Booster Energy
|-activate|p1a: Iron Valiant|ability: Quark Drive|[fromitem]
|-start|p1a: Iron Valiant|quarkdrivespe
|move|p2a: Dragapult|U-turn|p1a: Iron Valiant
|-resisted|p1a: Iron Valiant
|-damage|p1a: Iron Valiant|87/100 psn
|
|t:|1760779343
|switch|p2a: Ceruledge|Ceruledge, F|100/100|[from] U-turn
|-damage|p2a: Ceruledge|76/100|[from] Stealth Rock
|-damage|p2a: Ceruledge|63/100|[from] Spikes
|
|-damage|p1a: Iron Valiant|75/100 psn|[from] psn
|upkeep
|turn|14
|
|t:|1760779358
|-terastallize|p1a: Iron Valiant|Fairy
|move|p1a: Iron Valiant|Spirit Break|p2a: Ceruledge
|-resisted|p2a: Ceruledge
|-damage|p2a: Ceruledge|26/100
|-unboost|p2a: Ceruledge|spa|1
|-ability|p2a: Ceruledge|Weak Armor|boost
|-unboost|p2a: Ceruledge|def|1
|-boost|p2a: Ceruledge|spe|2
|move|p2a: Ceruledge|Swords Dance|p2a: Ceruledge
|-boost|p2a: Ceruledge|atk|2
|
|-damage|p1a: Iron Valiant|62/100 psn|[from] psn
|upkeep
|turn|15
|
|t:|1760779367
|move|p2a: Ceruledge|Bitter Blade|p1a: Iron Valiant
|-damage|p1a: Iron Valiant|0 fnt
|-heal|p2a: Ceruledge|57/100|[from] drain|[of] p1a: Iron Valiant
|faint|p1a: Iron Valiant
|-end|p1a: Iron Valiant|Quark Drive|[silent]
|
|upkeep
|
|t:|1760779380
|switch|p1a: Dragapult|Dragapult, F|100/100
|-damage|p1a: Dragapult|88/100|[from] Stealth Rock
|-status|p1a: Dragapult|psn
|turn|16
|
|t:|1760779383
|move|p1a: Dragapult|Shadow Ball|p2a: Ceruledge
|-supereffective|p2a: Ceruledge
|-damage|p2a: Ceruledge|0 fnt
|faint|p2a: Ceruledge
|
|-damage|p1a: Dragapult|76/100 psn|[from] psn
|upkeep
|
|t:|1760779386
|switch|p2a: Dragapult|Dragapult, M|100/100
|turn|17
|
|t:|1760779391
|move|p1a: Dragapult|Shadow Ball|p2a: Dragapult
|-supereffective|p2a: Dragapult
|-damage|p2a: Dragapult|2/100
|move|p2a: Dragapult|Dragon Darts|p1a: Dragapult
|-supereffective|p1a: Dragapult
|-damage|p1a: Dragapult|0 fnt
|faint|p1a: Dragapult
|
|upkeep
|
|t:|1760779397
|switch|p1a: Samurott|Samurott-Hisui, F|18/100 psn
|-damage|p1a: Samurott|5/100 psn|[from] Stealth Rock
|turn|18
|
|t:|1760779400
|move|p2a: Dragapult|U-turn|p1a: Samurott
|-supereffective|p1a: Samurott
|-crit|p1a: Samurott
|-damage|p1a: Samurott|0 fnt
|faint|p1a: Samurott
|
|upkeep
|
|t:|1760779402
|switch|p1a: Kingambit|Kingambit, M|100/100
|-damage|p1a: Kingambit|94/100|[from] Stealth Rock
|-activate|p1a: Kingambit|ability: Supreme Overlord
|-start|p1a: Kingambit|fallen5|[silent]
|turn|19
|
|t:|1760779406
|move|p1a: Kingambit|Sucker Punch||[still]
|-fail|p1a: Kingambit
|move|p2a: Dragapult|Thunder Wave|p1a: Kingambit|[miss]
|-miss|p2a: Dragapult|p1a: Kingambit
|
|upkeep
|turn|20
|
|t:|1760779411
|move|p2a: Dragapult|Hex|p1a: Kingambit
|-resisted|p1a: Kingambit
|-damage|p1a: Kingambit|83/100
|move|p1a: Kingambit|Kowtow Cleave|p2a: Dragapult
|-supereffective|p2a: Dragapult
|-damage|p2a: Dragapult|0 fnt
|faint|p2a: Dragapult
|
|win|ElPatatans12
|raw|ElPatatans12's rating: 1162 &rarr; <strong>1184</strong><br />(+22 for winning)
|raw|NothingTrainer's rating: 1116 &rarr; <strong>1094</strong><br />(-22 for losing)
|l|☆ElPatatans12
|player|p1|
|l|☆NothingTrainer
|player|p2|
