|j|☆Abra123kadabra
|j|☆sumatra1234
|t:|1760771449
|gametype|singles
|player|p1|Abra123kadabra|265|1059
|player|p2|sumatra1234|169|1056
|gen|9
|tier|[Gen 9] OU
|rated|
|rule|HP Percentage Mod: HP is shown in percentages
|rule|Endless Battle Clause: Forcing endless battles is banned
|rule|Species Clause: Limit one of each Pokémon
|rule|OHKO Clause: OHKO moves are banned
|rule|Evasion Items Clause: Evasion items are banned
|rule|Evasion Moves Clause: Evasion moves are banned
|rule|Evasion Abilities Clause: Evasion abilities are banned
|rule|Sleep Moves Clause: Sleep-inducing moves are banned
|clearpoke
|poke|p1|Mimikyu, M|
|poke|p1|Primeape, M|
|poke|p1|Blaziken, M|
|poke|p1|Porygon2|
|poke|p1|Torkoal, M|
|poke|p1|Exeggutor, M|
|poke|p2|Dragonite, M|
|poke|p2|Darkrai|
|poke|p2|Charizard, F|
|poke|p2|Blastoise, M|
|poke|p2|Rotom|
|poke|p2|Venusaur, F|
|teampreview
|
|t:|1760771499
|teamsize|p1|6
|teamsize|p2|6
|start
|switch|p1a: Mimikyu|Mimikyu, M|100/100
|switch|p2a: Charizard|Charizard, F|100/100
|turn|1
|
|t:|1760771517
|move|p2a: Charizard|Flamethrower|p1a: Mimikyu
|-activate|p1a: Mimikyu|ability: Disguise
|-damage|p1a: Mimikyu|100/100
|detailschange|p1a: Mimikyu|Mimikyu-Busted, M
|-damage|p1a: Mimikyu|88/100|[from] pokemon: Mimikyu-Busted
|-enditem|p1a: Mimikyu|Red Card|[of] p2a: Charizard
|drag|p2a: Blastoise|Blastoise, M|100/100
|move|p1a: Mimikyu|Swords Dance|p1a: Mimikyu
|-boost|p1a: Mimikyu|atk|2
|
|upkeep
|turn|2
|
|t:|1760771530
|move|p1a: Mimikyu|Play Rough|p2a: Blastoise
|-damage|p2a: Blastoise|29/100
|move|p2a: Blastoise|Surf|p1a: Mimikyu
|-damage|p1a: Mimikyu|36/100
|
|upkeep
|turn|3
|
|t:|1760771540
|move|p1a: Mimikyu|Play Rough|p2a: Blastoise
|-damage|p2a: Blastoise|0 fnt
|faint|p2a: Blastoise
|
|upkeep
|
|t:|1760771546
|switch|p2a: Charizard|Charizard, F|100/100
|turn|4
|
|t:|1760771562
|move|p1a: Mimikyu|Shadow Sneak|p2a: Charizard
|-damage|p2a: Charizard|58/100
|move|p2a: Charizard|Flamethrower|p1a: Mimikyu
|-damage|p1a: Mimikyu|0 fnt
|faint|p1a: Mimikyu
|
|upkeep
|
|t:|1760771587
|switch|p1a: Porygon2|Porygon2|100/100
|-ability|p1a: Porygon2|Download|boost
|-boost|p1a: Porygon2|atk|1
|turn|5
|
|t:|1760771603
|move|p2a: Charizard|Smokescreen|p1a: Porygon2
|-unboost|p1a: Porygon2|accuracy|1
|move|p1a: Porygon2|Charge Beam|p2a: Charizard
|-supereffective|p2a: Charizard
|-damage|p2a: Charizard|15/100
|
|upkeep
|turn|6
|
|t:|1760771610
|move|p2a: Charizard|Flamethrower|p1a: Porygon2
|-damage|p1a: Porygon2|60/100
|-status|p1a: Porygon2|brn
|move|p1a: Porygon2|Charge Beam|p2a: Charizard
|-supereffective|p2a: Charizard
|-damage|p2a: Charizard|0 fnt
|-boost|p1a: Porygon2|spa|1
|faint|p2a: Charizard
|
|-damage|p1a: Porygon2|54/100 brn|[from] brn
|upkeep
|
|t:|1760771627
|switch|p2a: Venusaur|Venusaur, F|100/100
|turn|7
|
|t:|1760771646
|move|p2a: Venusaur|Energy Ball|p1a: Porygon2
|-damage|p1a: Porygon2|35/100 brn
|move|p1a: Porygon2|Tri Attack|p2a: Venusaur|[miss]
|-miss|p1a: Porygon2|p2a: Venusaur
|
|-damage|p1a: Porygon2|29/100 brn|[from] brn
|upkeep
|turn|8
|
|t:|1760771665
|move|p2a: Venusaur|Petal Blizzard|p1a: Porygon2
|-damage|p1a: Porygon2|12/100 brn
|move|p1a: Porygon2|Tri Attack|p2a: Venusaur|[miss]
|-miss|p1a: Porygon2|p2a: Venusaur
|
|-damage|p1a: Porygon2|6/100 brn|[from] brn
|upkeep
|turn|9
|
|t:|1760771676
|move|p2a: Venusaur|Energy Ball|p1a: Porygon2
|-damage|p1a: Porygon2|0 fnt
|faint|p1a: Porygon2
|
|upkeep
|
|t:|1760771685
|switch|p1a: Blaziken|Blaziken, M|100/100
|turn|10
|
|t:|1760771701
|switch|p2a: Dragonite|Dragonite, M|100/100
|-item|p2a: Dragonite|Air Balloon
|move|p1a: Blaziken|Focus Energy|p1a: Blaziken
|-start|p1a: Blaziken|move: Focus Energy
|
|-ability|p1a: Blaziken|Speed Boost|boost
|-boost|p1a: Blaziken|spe|1
|upkeep
|turn|11
|
|t:|1760771720
|-terastallize|p1a: Blaziken|Fire
|-terastallize|p2a: Dragonite|Dragon
|move|p1a: Blaziken|Overheat|p2a: Dragonite
|-resisted|p2a: Dragonite
|-crit|p2a: Dragonite
|-damage|p2a: Dragonite|43/100
|-unboost|p1a: Blaziken|spa|2
|-enditem|p2a: Dragonite|Air Balloon
|move|p2a: Dragonite|Icy Wind|p1a: Blaziken
|-resisted|p1a: Blaziken
|-damage|p1a: Blaziken|91/100
|-unboost|p1a: Blaziken|spe|1
|
|-ability|p1a: Blaziken|Speed Boost|boost
|-boost|p1a: Blaziken|spe|1
|upkeep
|turn|12
|
|t:|1760771755
|move|p1a: Blaziken|Overheat|p2a: Dragonite
|-resisted|p2a: Dragonite
|-crit|p2a: Dragonite
|-damage|p2a: Dragonite|0 fnt
|-unboost|p1a: Blaziken|spa|2
|faint|p2a: Dragonite
|
|-ability|p1a: Blaziken|Speed Boost|boost
|-boost|p1a: Blaziken|spe|1
|upkeep
|
|t:|1760771772
|switch|p2a: Rotom|Rotom|100/100
|turn|13
|
|t:|1760771792
|move|p1a: Blaziken|Overheat|p2a: Rotom|[miss]
|-miss|p1a: Blaziken|p2a: Rotom
|move|p2a: Rotom|Light Screen|p2a: Rotom
|-sidestart|p2: sumatra1234|move: Light Screen
|
|-ability|p1a: Blaziken|Speed Boost|boost
|-boost|p1a: Blaziken|spe|1
|upkeep
|turn|14
|
|t:|1760771802
|move|p1a: Blaziken|Overheat|p2a: Rotom
|-crit|p2a: Rotom
|-enditem|p2a: Rotom|Focus Sash
|-damage|p2a: Rotom|1/100
|-unboost|p1a: Blaziken|spa|2
|move|p2a: Rotom|Discharge|p1a: Blaziken
|-damage|p1a: Blaziken|37/100
|
|-ability|p1a: Blaziken|Speed Boost|boost
|-boost|p1a: Blaziken|spe|1
|upkeep
|turn|15
|
|t:|1760771830
|move|p1a: Blaziken|Overheat|p2a: Rotom
|-crit|p2a: Rotom
|-damage|p2a: Rotom|0 fnt
|faint|p2a: Rotom
|
|-ability|p1a: Blaziken|Speed Boost|boost
|-boost|p1a: Blaziken|spe|1
|upkeep
|
|t:|1760771838
|switch|p2a: Darkrai|Darkrai|100/100
|turn|16
|
|t:|1760771842
|move|p1a: Blaziken|Overheat|p2a: Darkrai
|-crit|p2a: Darkrai
|-damage|p2a: Darkrai|0 fnt
|faint|p2a: Darkrai
|
|-ability|p1a: Blaziken|Speed Boost|boost
|-boost|p1a: Blaziken|spe|1
|upkeep
|
|t:|1760771849
|switch|p2a: Venusaur|Venusaur, F|100/100
|turn|17
|
|t:|1760771858
|move|p1a: Blaziken|Overheat|p2a: Venusaur
|-supereffective|p2a: Venusaur
|-crit|p2a: Venusaur
|-damage|p2a: Venusaur|0 fnt
|faint|p2a: Venusaur
|
|win|Abra123kadabra
|raw|Abra123kadabra's rating: 1059 &rarr; <strong>1090</strong><br />(+31 for winning)
|raw|sumatra1234's rating: 1056 &rarr; <strong>1038</strong><br />(-18 for losing)
|l|☆sumatra1234
|player|p2|
|l|☆Abra123kadabra
|player|p1|
