|j|☆bendlove
|j|☆Sac de lait
|t:|1760865260
|gametype|singles
|player|p1|bendlove|clay|1286
|player|p2|Sac de lait|101|1335
|gen|9
|tier|[Gen 9] OU
|rated|
|rule|HP Percentage Mod: HP is shown in percentages
|rule|Endless Battle Clause: Forcing endless battles is banned
|rule|Species Clause: Limit one of each Pokémon
|rule|OHKO Clause: OHKO moves are banned
|rule|Evasion Items Clause: Evasion items are banned
|rule|Evasion Moves Clause: Evasion moves are banned
|rule|Evasion Abilities Clause: Evasion abilities are banned
|rule|Sleep Moves Clause: Sleep-inducing moves are banned
|clearpoke
|poke|p1|Pecharunt|
|poke|p1|Lokix, M|
|poke|p1|Landorus-Therian, M|
|poke|p1|Cinderace, F|
|poke|p1|Corviknight, M|
|poke|p1|Primarina, M|
|poke|p2|Ursaluna, M|
|poke|p2|Exeggutor-Alola, M|
|poke|p2|Hatterene, F|
|poke|p2|Hoopa-Unbound|
|poke|p2|Iron Hands|
|poke|p2|Deoxys-Defense|
|teampreview
|inactive|Battle timer is ON: inactive players will automatically lose when time's up. (requested by bendlove)
|inactive|Sac de lait has 120 seconds left.
|inactive|Sac de lait has 90 seconds left.
|
|t:|1760865347
|teamsize|p1|6
|teamsize|p2|6
|start
|switch|p1a: Lokix|Lokix, M|100/100
|switch|p2a: Deoxys|Deoxys-Defense|100/100
|-ability|p2a: Deoxys|Pressure
|turn|1
|
|t:|1760865362
|switch|p2a: Rabbit|Iron Hands|100/100
|-enditem|p2a: Rabbit|Booster Energy
|-activate|p2a: Rabbit|ability: Quark Drive|[fromitem]
|-start|p2a: Rabbit|quarkdriveatk
|move|p1a: Lokix|Knock Off|p2a: Rabbit
|-resisted|p2a: Rabbit
|-damage|p2a: Rabbit|71/100
|
|upkeep
|turn|2
|
|t:|1760865371
|switch|p1a: Pecharunt|Pecharunt|100/100
|move|p2a: Rabbit|Drain Punch|p1a: Pecharunt
|-immune|p1a: Pecharunt
|
|upkeep
|turn|3
|
|t:|1760865379
|move|p1a: Pecharunt|Malignant Chain|p2a: Rabbit
|-damage|p2a: Rabbit|45/100
|move|p2a: Rabbit|Swords Dance|p2a: Rabbit
|-boost|p2a: Rabbit|atk|2
|
|upkeep
|turn|4
|
|t:|1760865384
|move|p1a: Pecharunt|Malignant Chain|p2a: Rabbit
|-damage|p2a: Rabbit|20/100
|move|p2a: Rabbit|Thunder Punch|p1a: Pecharunt
|-damage|p1a: Pecharunt|38/100
|
|-heal|p1a: Pecharunt|44/100|[from] item: Leftovers
|upkeep
|turn|5
|
|t:|1760865396
|move|p1a: Pecharunt|Malignant Chain|p2a: Rabbit
|-damage|p2a: Rabbit|0 fnt
|faint|p2a: Rabbit
|-end|p2a: Rabbit|Quark Drive|[silent]
|
|-heal|p1a: Pecharunt|50/100|[from] item: Leftovers
|upkeep
|
|t:|1760865400
|switch|p2a: Deoxys|Deoxys-Defense|100/100
|-ability|p2a: Deoxys|Pressure
|turn|6
|
|t:|1760865418
|switch|p1a: Corviknight|Corviknight, M|100/100
|move|p2a: Deoxys|Trick Room|p2a: Deoxys
|-fieldstart|move: Trick Room|[of] p2a: Deoxys
|
|upkeep
|turn|7
|
|t:|1760865427
|move|p1a: Corviknight|U-turn|p2a: Deoxys
|-supereffective|p2a: Deoxys
|-damage|p2a: Deoxys|84/100
|
|t:|1760865436
|switch|p1a: Lokix|Lokix, M|100/100|[from] U-turn
|move|p2a: Deoxys|Teleport|p2a: Deoxys
|
|t:|1760865440
|switch|p2a: Winnie|Ursaluna, M|100/100|[from] Teleport
|
|-status|p2a: Winnie|brn|[from] item: Flame Orb
|upkeep
|turn|8
|
|t:|1760865445
|switch|p1a: Landorus|Landorus-Therian, M, shiny|100/100
|-ability|p1a: Landorus|Intimidate|boost
|-unboost|p2a: Winnie|atk|1
|move|p2a: Winnie|Fire Punch|p1a: Landorus
|-damage|p1a: Landorus|76/100
|
|-heal|p1a: Landorus|82/100|[from] item: Leftovers
|-damage|p2a: Winnie|94/100 brn|[from] brn
|upkeep
|turn|9
|
|t:|1760865460
|switch|p1a: Corviknight|Corviknight, M|100/100
|move|p2a: Winnie|Facade|p1a: Corviknight
|-resisted|p1a: Corviknight
|-crit|p1a: Corviknight
|-damage|p1a: Corviknight|40/100
|
|-heal|p1a: Corviknight|46/100|[from] item: Leftovers
|-damage|p2a: Winnie|88/100 brn|[from] brn
|upkeep
|turn|10
|
|t:|1760865474
|switch|p1a: Landorus|Landorus-Therian, M, shiny|82/100
|-ability|p1a: Landorus|Intimidate|boost
|-unboost|p2a: Winnie|atk|1
|move|p2a: Winnie|Fire Punch|p1a: Landorus
|-damage|p1a: Landorus|65/100
|
|-heal|p1a: Landorus|71/100|[from] item: Leftovers
|-damage|p2a: Winnie|82/100 brn|[from] brn
|-fieldend|move: Trick Room
|upkeep
|turn|11
|
|t:|1760865482
|switch|p2a: Deoxys|Deoxys-Defense|84/100
|-ability|p2a: Deoxys|Pressure
|move|p1a: Landorus|U-turn|p2a: Deoxys
|-supereffective|p2a: Deoxys
|-damage|p2a: Deoxys|58/100
|
|t:|1760865489
|switch|p1a: Lokix|Lokix, M|100/100|[from] U-turn
|
|upkeep
|turn|12
|
|t:|1760865494
|switch|p2a: Winnie|Ursaluna, M|82/100 brn
|move|p1a: Lokix|Knock Off|p2a: Winnie
|-damage|p2a: Winnie|29/100 brn
|-enditem|p2a: Winnie|Flame Orb|[from] move: Knock Off|[of] p1a: Lokix
|
|-damage|p2a: Winnie|23/100 brn|[from] brn
|upkeep
|turn|13
|
|t:|1760865503
|switch|p2a: Deoxys|Deoxys-Defense|58/100
|-ability|p2a: Deoxys|Pressure
|move|p1a: Lokix|Knock Off|p2a: Deoxys
|-supereffective|p2a: Deoxys
|-damage|p2a: Deoxys|0 fnt
|-enditem|p2a: Deoxys|Mental Herb|[from] move: Knock Off|[of] p1a: Lokix
|faint|p2a: Deoxys
|
|upkeep
|
|t:|1760865505
|switch|p2a: Piglet|Hatterene, F|100/100
|turn|14
|
|t:|1760865521
|move|p1a: Lokix|Knock Off|p2a: Piglet
|-damage|p2a: Piglet|20/100
|-enditem|p2a: Piglet|Life Orb|[from] move: Knock Off|[of] p1a: Lokix
|move|p2a: Piglet|Trick Room|p2a: Piglet
|-fieldstart|move: Trick Room|[of] p2a: Piglet
|
|upkeep
|turn|15
|
|t:|1760865530
|switch|p1a: Corviknight|Corviknight, M|46/100
|move|p2a: Piglet|Mystical Fire|p1a: Corviknight
|-supereffective|p1a: Corviknight
|-damage|p1a: Corviknight|0 fnt
|faint|p1a: Corviknight
|
|upkeep
|
|t:|1760865552
|switch|p1a: Pecharunt|Pecharunt|50/100
|turn|16
|
|t:|1760865560
|move|p1a: Pecharunt|Protect|p1a: Pecharunt
|-singleturn|p1a: Pecharunt|Protect
|move|p2a: Piglet|Psyshock|p1a: Pecharunt
|-activate|p1a: Pecharunt|move: Protect
|
|-heal|p1a: Pecharunt|56/100|[from] item: Leftovers
|upkeep
|turn|17
|
|t:|1760865570
|switch|p1a: Lokix|Lokix, M|100/100
|move|p2a: Piglet|Psyshock|p1a: Lokix
|-immune|p1a: Lokix
|
|upkeep
|turn|18
|
|t:|1760865588
|move|p1a: Lokix|First Impression|p2a: Piglet
|-damage|p2a: Piglet|0 fnt
|faint|p2a: Piglet
|
|-fieldend|move: Trick Room
|upkeep
|
|t:|1760865590
|switch|p2a: Owl|Exeggutor-Alola, M|100/100
|-item|p1a: Lokix|Choice Band|[from] ability: Frisk|[of] p2a: Owl
|turn|19
|
|t:|1760865594
|switch|p1a: Cinderace|Cinderace, F|100/100
|move|p2a: Owl|Trick Room|p2a: Owl
|-fieldstart|move: Trick Room|[of] p2a: Owl
|
|upkeep
|turn|20
|
|t:|1760865600
|move|p2a: Owl|Draco Meteor|p1a: Cinderace
|-damage|p1a: Cinderace|0 fnt
|-unboost|p2a: Owl|spa|2
|faint|p1a: Cinderace
|-enditem|p2a: Owl|Eject Pack
|
|t:|1760865613
|switch|p2a: Winnie|Ursaluna, M|23/100 brn
|
|-damage|p2a: Winnie|17/100 brn|[from] brn
|upkeep
|
|t:|1760865621
|switch|p1a: Lokix|Lokix, M|100/100
|turn|21
|
|t:|1760865626
|move|p1a: Lokix|First Impression|p2a: Winnie
|-damage|p2a: Winnie|0 fnt
|faint|p2a: Winnie
|
|upkeep
|
|t:|1760865629
|switch|p2a: Christopher|Hoopa-Unbound|100/100
|turn|22
|
|t:|1760865640
|switch|p1a: Primarina|Primarina, M|100/100
|move|p2a: Christopher|Psychic|p1a: Primarina
|-damage|p1a: Primarina|62/100
|-damage|p2a: Christopher|91/100|[from] item: Life Orb
|
|upkeep
|turn|23
|
|t:|1760865650
|move|p2a: Christopher|Thunderbolt|p1a: Primarina
|-supereffective|p1a: Primarina
|-damage|p1a: Primarina|11/100
|-damage|p2a: Christopher|81/100|[from] item: Life Orb
|move|p1a: Primarina|Moonblast|p2a: Christopher
|-supereffective|p2a: Christopher
|-damage|p2a: Christopher|22/100
|-unboost|p2a: Christopher|spa|1
|
|-fieldend|move: Trick Room
|upkeep
|turn|24
|
|t:|1760865661
|move|p1a: Primarina|Moonblast|p2a: Christopher
|-supereffective|p2a: Christopher
|-damage|p2a: Christopher|0 fnt
|faint|p2a: Christopher
|
|upkeep
|-message|Sac de lait forfeited.
|
|win|bendlove
|raw|bendlove's rating: 1286 &rarr; <strong>1315</strong><br />(+29 for winning)
|raw|Sac de lait's rating: 1335 &rarr; <strong>1312</strong><br />(-23 for losing)
|l|☆Sac de lait
|player|p2|
|l|☆bendlove
|player|p1|
