|j|☆SuceurDeFildrong
|j|☆Obito 2001
|t:|1760867647
|gametype|singles
|player|p1|SuceurDeFildrong|101|1531
|player|p2|Obito 2001|blue-gen3two|1804
|gen|9
|tier|[Gen 9] OU
|rated|
|rule|HP Percentage Mod: HP is shown in percentages
|rule|Endless Battle Clause: Forcing endless battles is banned
|rule|Species Clause: Limit one of each Pokémon
|rule|OHKO Clause: OHKO moves are banned
|rule|Evasion Items Clause: Evasion items are banned
|rule|Evasion Moves Clause: Evasion moves are banned
|rule|Evasion Abilities Clause: Evasion abilities are banned
|rule|Sleep Moves Clause: Sleep-inducing moves are banned
|clearpoke
|poke|p1|Garchomp, M|
|poke|p1|Greninja-*, M|
|poke|p1|Dragonite, F|
|poke|p1|Sandy Shocks|
|poke|p1|Iron Valiant|
|poke|p1|Kingambit, F|
|poke|p2|Maushold-Four|
|poke|p2|Comfey, F|
|poke|p2|Grimmsnarl, M|
|poke|p2|Iron Crown|
|poke|p2|Ogerpon-Wellspring, F|
|poke|p2|Great Tusk|
|teampreview
|inactive|Battle timer is ON: inactive players will automatically lose when time's up. (requested by Obito 2001)
|l|☆SuceurDeFildrong
|inactive|SuceurDeFildrong disconnected and has a minute to reconnect!
|player|p1|
|j|☆SuceurDeFildrong
|inactive|SuceurDeFildrong reconnected and has 140 seconds left.
|player|p1|SuceurDeFildrong|101|
|
|t:|1760867665
|teamsize|p1|6
|teamsize|p2|6
|start
|switch|p1a: Garchomp|Garchomp, M|100/100
|switch|p2a: Screen Goblin|Grimmsnarl, M|100/100
|turn|1
|
|t:|1760867670
|move|p2a: Screen Goblin|Reflect|p2a: Screen Goblin
|-sidestart|p2: Obito 2001|Reflect
|move|p1a: Garchomp|Stealth Rock|p2a: Screen Goblin
|-sidestart|p2: Obito 2001|move: Stealth Rock
|
|upkeep
|turn|2
|
|t:|1760867673
|move|p2a: Screen Goblin|Light Screen|p2a: Screen Goblin
|-sidestart|p2: Obito 2001|move: Light Screen
|move|p1a: Garchomp|Spikes|p2a: Screen Goblin
|-sidestart|p2: Obito 2001|Spikes
|
|upkeep
|turn|3
|
|t:|1760867677
|move|p2a: Screen Goblin|Parting Shot|p1a: Garchomp
|-unboost|p1a: Garchomp|atk|1
|-unboost|p1a: Garchomp|spa|1
|
|t:|1760867680
|switch|p2a: Gang bang|Maushold-Four|100/100|[from] Parting Shot
|-damage|p2a: Gang bang|88/100|[from] Stealth Rock
|-damage|p2a: Gang bang|76/100|[from] Spikes
|move|p1a: Garchomp|Earthquake|p2a: Gang bang
|-damage|p2a: Gang bang|53/100
|
|upkeep
|turn|4
|
|t:|1760867688
|move|p2a: Gang bang|Tidy Up|p2a: Gang bang
|-sideend|p2: Obito 2001|Spikes
|-sideend|p2: Obito 2001|Stealth Rock
|-activate|p2a: Gang bang|move: Tidy Up
|-boost|p2a: Gang bang|atk|1
|-boost|p2a: Gang bang|spe|1
|move|p1a: Garchomp|Spikes|p2a: Gang bang
|-sidestart|p2: Obito 2001|Spikes
|
|upkeep
|turn|5
|
|t:|1760867695
|move|p2a: Gang bang|Encore|p1a: Garchomp
|-start|p1a: Garchomp|Encore
|move|p1a: Garchomp|Spikes|p2a: Gang bang
|-sidestart|p2: Obito 2001|Spikes
|
|upkeep
|turn|6
|
|t:|1760867705
|switch|p1a: Kingambit|Kingambit, F|100/100
|move|p2a: Gang bang|Tidy Up|p2a: Gang bang
|-sideend|p2: Obito 2001|Spikes
|-activate|p2a: Gang bang|move: Tidy Up
|-boost|p2a: Gang bang|atk|1
|-boost|p2a: Gang bang|spe|1
|
|upkeep
|turn|7
|
|t:|1760867710
|-end|p1a: Kingambit|fallenundefined|[silent]
|switch|p1a: Garchomp|Garchomp, M|100/100
|move|p2a: Gang bang|Population Bomb|p1a: Garchomp
|-damage|p1a: Garchomp|85/100
|-damage|p2a: Gang bang|40/100|[from] ability: Rough Skin|[of] p1a: Garchomp
|-damage|p2a: Gang bang|24/100|[from] item: Rocky Helmet|[of] p1a: Garchomp
|-damage|p1a: Garchomp|69/100
|-damage|p2a: Gang bang|11/100|[from] ability: Rough Skin|[of] p1a: Garchomp
|-damage|p2a: Gang bang|0 fnt|[from] item: Rocky Helmet|[of] p1a: Garchomp
|faint|p2a: Gang bang
|-hitcount|p1a: Garchomp|2
|
|upkeep
|
|t:|1760867723
|switch|p2a: 🎭|Ogerpon-Wellspring, F|100/100
|turn|8
|
|t:|1760867726
|move|p2a: 🎭|Swords Dance|p2a: 🎭
|-boost|p2a: 🎭|atk|2
|move|p1a: Garchomp|Dragon Tail|p2a: 🎭
|-damage|p2a: 🎭|85/100
|drag|p2a: Huh-Yunjin💋|Comfey, F|100/100
|
|-sideend|p2: Obito 2001|Reflect
|upkeep
|turn|9
|
|t:|1760867732
|move|p1a: Garchomp|Stealth Rock|p2a: Huh-Yunjin💋
|-sidestart|p2: Obito 2001|move: Stealth Rock
|move|p2a: Huh-Yunjin💋|Calm Mind|p2a: Huh-Yunjin💋
|-boost|p2a: Huh-Yunjin💋|spa|1
|-boost|p2a: Huh-Yunjin💋|spd|1
|
|-sideend|p2: Obito 2001|move: Light Screen
|upkeep
|turn|10
|
|t:|1760867739
|switch|p1a: Kingambit|Kingambit, F|100/100
|move|p2a: Huh-Yunjin💋|Calm Mind|p2a: Huh-Yunjin💋
|-boost|p2a: Huh-Yunjin💋|spa|1
|-boost|p2a: Huh-Yunjin💋|spd|1
|
|upkeep
|turn|11
|
|t:|1760867742
|switch|p2a: Mega Donphan|Great Tusk|100/100
|move|p1a: Kingambit|Iron Head|p2a: Mega Donphan
|-damage|p2a: Mega Donphan|63/100
|
|upkeep
|turn|12
|
|t:|1760867745
|-end|p1a: Kingambit|fallenundefined|[silent]
|switch|p1a: Garchomp|Garchomp, M|69/100
|move|p2a: Mega Donphan|Stealth Rock|p1a: Garchomp
|-sidestart|p1: SuceurDeFildrong|move: Stealth Rock
|
|upkeep
|turn|13
|
|t:|1760867755
|-terastallize|p1a: Garchomp|Ghost
|move|p1a: Garchomp|Earthquake|p2a: Mega Donphan
|-damage|p2a: Mega Donphan|34/100
|move|p2a: Mega Donphan|Ice Spinner|p1a: Garchomp
|-damage|p1a: Garchomp|49/100
|-damage|p2a: Mega Donphan|21/100|[from] ability: Rough Skin|[of] p1a: Garchomp
|-damage|p2a: Mega Donphan|5/100|[from] item: Rocky Helmet|[of] p1a: Garchomp
|
|upkeep
|turn|14
|
|t:|1760867762
|move|p1a: Garchomp|Spikes|p2a: Mega Donphan
|-sidestart|p2: Obito 2001|Spikes
|move|p2a: Mega Donphan|Headlong Rush|p1a: Garchomp
|-damage|p1a: Garchomp|2/100
|-unboost|p2a: Mega Donphan|def|1
|-unboost|p2a: Mega Donphan|spd|1
|-damage|p2a: Mega Donphan|0 fnt|[from] ability: Rough Skin|[of] p1a: Garchomp
|faint|p2a: Mega Donphan
|-end|p2a: Mega Donphan|Protosynthesis|[silent]
|
|upkeep
|
|t:|1760867777
|switch|p2a: Huh-Yunjin💋|Comfey, F|100/100
|-damage|p2a: Huh-Yunjin💋|88/100|[from] Stealth Rock
|-damage|p2a: Huh-Yunjin💋|76/100|[from] Spikes
|turn|15
|
|t:|1760867783
|move|p2a: Huh-Yunjin💋|Giga Drain|p1a: Garchomp
|-damage|p1a: Garchomp|0 fnt
|-heal|p2a: Huh-Yunjin💋|77/100|[from] drain|[of] p1a: Garchomp
|faint|p1a: Garchomp
|
|upkeep
|
|t:|1760867788
|switch|p1a: Kingambit|Kingambit, F|100/100
|-damage|p1a: Kingambit|94/100|[from] Stealth Rock
|-activate|p1a: Kingambit|ability: Supreme Overlord
|-start|p1a: Kingambit|fallen1|[silent]
|turn|16
|
|t:|1760867791
|switch|p2a: Zanpakuto🗡️|Iron Crown|100/100
|-damage|p2a: Zanpakuto🗡️|94/100|[from] Stealth Rock
|-damage|p2a: Zanpakuto🗡️|82/100|[from] Spikes
|move|p1a: Kingambit|Iron Head|p2a: Zanpakuto🗡️
|-resisted|p2a: Zanpakuto🗡️
|-damage|p2a: Zanpakuto🗡️|53/100
|
|upkeep
|turn|17
|
|t:|1760867807
|move|p2a: Zanpakuto🗡️|Focus Blast|p1a: Kingambit|[miss]
|-miss|p2a: Zanpakuto🗡️|p1a: Kingambit
|move|p1a: Kingambit|Kowtow Cleave|p2a: Zanpakuto🗡️
|-supereffective|p2a: Zanpakuto🗡️
|-damage|p2a: Zanpakuto🗡️|0 fnt
|faint|p2a: Zanpakuto🗡️
|-end|p2a: Zanpakuto🗡️|Quark Drive|[silent]
|
|upkeep
|
|t:|1760867815
|switch|p2a: Screen Goblin|Grimmsnarl, M|100/100
|-damage|p2a: Screen Goblin|88/100|[from] Stealth Rock
|-damage|p2a: Screen Goblin|76/100|[from] Spikes
|turn|18
|
|t:|1760867819
|move|p2a: Screen Goblin|Reflect|p2a: Screen Goblin
|-sidestart|p2: Obito 2001|Reflect
|move|p1a: Kingambit|Iron Head|p2a: Screen Goblin
|-supereffective|p2a: Screen Goblin
|-damage|p2a: Screen Goblin|30/100
|
|upkeep
|turn|19
|
|t:|1760867822
|move|p2a: Screen Goblin|Light Screen|p2a: Screen Goblin
|-sidestart|p2: Obito 2001|move: Light Screen
|move|p1a: Kingambit|Iron Head|p2a: Screen Goblin
|-supereffective|p2a: Screen Goblin
|-damage|p2a: Screen Goblin|0 fnt
|faint|p2a: Screen Goblin
|
|upkeep
|
|t:|1760867824
|switch|p2a: 🎭|Ogerpon-Wellspring, F|85/100
|-damage|p2a: 🎭|72/100|[from] Stealth Rock
|-damage|p2a: 🎭|60/100|[from] Spikes
|turn|20
|
|t:|1760867828
|move|p2a: 🎭|Ivy Cudgel|p1a: Kingambit|[anim] Ivy Cudgel Water
|-damage|p1a: Kingambit|43/100
|move|p1a: Kingambit|Kowtow Cleave|p2a: 🎭
|-damage|p2a: 🎭|26/100
|
|upkeep
|turn|21
|
|t:|1760867835
|move|p1a: Kingambit|Sucker Punch|p2a: 🎭
|-damage|p2a: 🎭|0 fnt
|faint|p2a: 🎭
|
|upkeep
|
|t:|1760867837
|switch|p2a: Huh-Yunjin💋|Comfey, F|77/100
|-damage|p2a: Huh-Yunjin💋|65/100|[from] Stealth Rock
|-damage|p2a: Huh-Yunjin💋|52/100|[from] Spikes
|turn|22
|
|t:|1760867843
|-terastallize|p2a: Huh-Yunjin💋|Steel
|move|p2a: Huh-Yunjin💋|Calm Mind|p2a: Huh-Yunjin💋
|-boost|p2a: Huh-Yunjin💋|spa|1
|-boost|p2a: Huh-Yunjin💋|spd|1
|move|p1a: Kingambit|Iron Head|p2a: Huh-Yunjin💋
|-resisted|p2a: Huh-Yunjin💋
|-damage|p2a: Huh-Yunjin💋|37/100
|
|upkeep
|turn|23
|
|t:|1760867847
|move|p2a: Huh-Yunjin💋|Draining Kiss|p1a: Kingambit
|-damage|p1a: Kingambit|8/100
|-heal|p2a: Huh-Yunjin💋|66/100|[from] drain|[of] p1a: Kingambit
|move|p1a: Kingambit|Kowtow Cleave|p2a: Huh-Yunjin💋
|-damage|p2a: Huh-Yunjin💋|33/100
|
|upkeep
|turn|24
|
|t:|1760867854
|move|p2a: Huh-Yunjin💋|Draining Kiss|p1a: Kingambit
|-damage|p1a: Kingambit|0 fnt
|-heal|p2a: Huh-Yunjin💋|39/100|[from] drain|[of] p1a: Kingambit
|faint|p1a: Kingambit
|-end|p1a: Kingambit|fallen1|[silent]
|
|upkeep
|
|t:|1760867880
|switch|p1a: Sandy Shocks|Sandy Shocks|100/100
|-damage|p1a: Sandy Shocks|94/100|[from] Stealth Rock
|-enditem|p1a: Sandy Shocks|Booster Energy
|-activate|p1a: Sandy Shocks|ability: Protosynthesis|[fromitem]
|-start|p1a: Sandy Shocks|protosynthesisspe
|turn|25
|
|t:|1760867883
|move|p1a: Sandy Shocks|Earth Power|p2a: Huh-Yunjin💋
|-supereffective|p2a: Huh-Yunjin💋
|-damage|p2a: Huh-Yunjin💋|8/100
|move|p2a: Huh-Yunjin💋|Calm Mind|p2a: Huh-Yunjin💋
|-boost|p2a: Huh-Yunjin💋|spa|1
|-boost|p2a: Huh-Yunjin💋|spd|1
|
|-sideend|p2: Obito 2001|Reflect
|upkeep
|turn|26
|
|t:|1760867888
|move|p2a: Huh-Yunjin💋|Giga Drain|p1a: Sandy Shocks
|-supereffective|p1a: Sandy Shocks
|-damage|p1a: Sandy Shocks|0 fnt
|-heal|p2a: Huh-Yunjin💋|57/100|[from] drain|[of] p1a: Sandy Shocks
|faint|p1a: Sandy Shocks
|-end|p1a: Sandy Shocks|Protosynthesis|[silent]
|
|-sideend|p2: Obito 2001|move: Light Screen
|upkeep
|
|t:|1760867894
|switch|p1a: Dragonite|Dragonite, F|100/100
|turn|27
|
|t:|1760867897
|move|p2a: Huh-Yunjin💋|Draining Kiss|p1a: Dragonite
|-supereffective|p1a: Dragonite
|-damage|p1a: Dragonite|60/100
|-heal|p2a: Huh-Yunjin💋|92/100|[from] drain|[of] p1a: Dragonite
|move|p1a: Dragonite|Earthquake|p2a: Huh-Yunjin💋
|-supereffective|p2a: Huh-Yunjin💋
|-damage|p2a: Huh-Yunjin💋|4/100
|
|upkeep
|turn|28
|
|t:|1760867900
|move|p2a: Huh-Yunjin💋|Draining Kiss|p1a: Dragonite
|-supereffective|p1a: Dragonite
|-damage|p1a: Dragonite|0 fnt
|-heal|p2a: Huh-Yunjin💋|55/100|[from] drain|[of] p1a: Dragonite
|faint|p1a: Dragonite
|
|upkeep
|
|t:|1760867902
|switch|p1a: Greninja|Greninja, M|100/100
|-damage|p1a: Greninja|88/100|[from] Stealth Rock
|turn|29
|
|t:|1760867906
|move|p2a: Huh-Yunjin💋|Draining Kiss|p1a: Greninja
|-supereffective|p1a: Greninja
|-damage|p1a: Greninja|0 fnt
|-heal|p2a: Huh-Yunjin💋|100/100|[from] drain|[of] p1a: Greninja
|faint|p1a: Greninja
|
|upkeep
|-message|SuceurDeFildrong forfeited.
|
|win|Obito 2001
|raw|SuceurDeFildrong's rating: 1531 &rarr; <strong>1524</strong><br />(-7 for losing)
|raw|Obito 2001's rating: 1804 &rarr; <strong>1811</strong><br />(+7 for winning)
|l|☆SuceurDeFildrong
|player|p1|
|l|☆Obito 2001
|player|p2|
