|j|☆cxksz666
|j|‽Benedict Juarez
|t:|1760839660
|gametype|singles
|player|p1|cxksz666|red|1206
|player|p2|Benedict Juarez|medium|1229
|gen|9
|tier|[Gen 9] OU
|rated|
|rule|HP Percentage Mod: HP is shown in percentages
|rule|Endless Battle Clause: Forcing endless battles is banned
|rule|Species Clause: Limit one of each Pokémon
|rule|OHKO Clause: OHKO moves are banned
|rule|Evasion Items Clause: Evasion items are banned
|rule|Evasion Moves Clause: Evasion moves are banned
|rule|Evasion Abilities Clause: Evasion abilities are banned
|rule|Sleep Moves Clause: Sleep-inducing moves are banned
|clearpoke
|poke|p1|Charizard, M|
|poke|p1|Lapras, M|
|poke|p1|Snorlax, M|
|poke|p1|Pikachu, M|
|poke|p1|Gengar, M|
|poke|p1|Gyarados, F|
|poke|p2|Tinkaton, F|
|poke|p2|Latios, M|
|poke|p2|Ting-Lu|
|poke|p2|Zamazenta-*|
|poke|p2|Alomomola, M|
|poke|p2|Ogerpon, F|
|teampreview
|
|t:|1760839667
|teamsize|p1|6
|teamsize|p2|6
|start
|switch|p1a: Pikachu|Pikachu, M|100/100
|switch|p2a: Latios|Latios, M|100/100
|turn|1
|
|t:|1760839674
|move|p2a: Latios|Draco Meteor|p1a: Pikachu
|-damage|p1a: Pikachu|0 fnt
|-unboost|p2a: Latios|spa|2
|faint|p1a: Pikachu
|
|upkeep
|
|t:|1760839681
|switch|p1a: Gengar|Gengar, M|100/100
|turn|2
|
|t:|1760839686
|switch|p2a: Tinkaton|Tinkaton, F|100/100
|-item|p2a: Tinkaton|Air Balloon
|move|p1a: Gengar|Shadow Ball|p2a: Tinkaton
|-damage|p2a: Tinkaton|63/100
|-enditem|p2a: Tinkaton|Air Balloon
|
|upkeep
|turn|3
|
|t:|1760839696
|move|p1a: Gengar|Thunder Wave|p2a: Tinkaton
|-status|p2a: Tinkaton|par
|move|p2a: Tinkaton|Stealth Rock|p1a: Gengar
|-sidestart|p1: cxksz666|move: Stealth Rock
|
|upkeep
|turn|4
|
|t:|1760839702
|move|p1a: Gengar|Shadow Ball|p2a: Tinkaton
|-damage|p2a: Tinkaton|26/100 par
|move|p2a: Tinkaton|Thunder Wave|p1a: Gengar
|-status|p1a: Gengar|par
|
|upkeep
|turn|5
|
|t:|1760839716
|switch|p2a: Ting-Lu|Ting-Lu|100/100
|-ability|p2a: Ting-Lu|Vessel of Ruin
|move|p1a: Gengar|Shadow Ball|p2a: Ting-Lu
|-resisted|p2a: Ting-Lu
|-damage|p2a: Ting-Lu|91/100
|
|-heal|p2a: Ting-Lu|97/100|[from] item: Leftovers
|upkeep
|turn|6
|
|t:|1760839726
|move|p1a: Gengar|Energy Ball|p2a: Ting-Lu
|-supereffective|p2a: Ting-Lu
|-damage|p2a: Ting-Lu|72/100
|move|p2a: Ting-Lu|Spikes|p1a: Gengar
|-sidestart|p1: cxksz666|Spikes
|
|-heal|p2a: Ting-Lu|79/100|[from] item: Leftovers
|upkeep
|turn|7
|
|t:|1760839735
|cant|p1a: Gengar|par
|move|p2a: Ting-Lu|Spikes|p1a: Gengar
|-sidestart|p1: cxksz666|Spikes
|
|-heal|p2a: Ting-Lu|85/100|[from] item: Leftovers
|upkeep
|turn|8
|
|t:|1760839742
|move|p1a: Gengar|Energy Ball|p2a: Ting-Lu
|-supereffective|p2a: Ting-Lu
|-crit|p2a: Ting-Lu
|-damage|p2a: Ting-Lu|45/100
|move|p2a: Ting-Lu|Ruination|p1a: Gengar
|-damage|p1a: Gengar|50/100 par
|
|-heal|p2a: Ting-Lu|51/100|[from] item: Leftovers
|upkeep
|turn|9
|
|t:|1760839763
|move|p1a: Gengar|Energy Ball|p2a: Ting-Lu
|-supereffective|p2a: Ting-Lu
|-damage|p2a: Ting-Lu|23/100
|-unboost|p2a: Ting-Lu|spd|1
|move|p2a: Ting-Lu|Earthquake|p1a: Gengar
|-supereffective|p1a: Gengar
|-damage|p1a: Gengar|0 fnt
|faint|p1a: Gengar
|
|-heal|p2a: Ting-Lu|29/100|[from] item: Leftovers
|upkeep
|
|t:|1760839776
|switch|p1a: Gyarados|Gyarados, F|100/100
|-damage|p1a: Gyarados|75/100|[from] Stealth Rock
|turn|10
|
|t:|1760839783
|move|p1a: Gyarados|Dragon Dance|p1a: Gyarados
|-boost|p1a: Gyarados|atk|1
|-boost|p1a: Gyarados|spe|1
|move|p2a: Ting-Lu|Spikes|p1a: Gyarados
|-sidestart|p1: cxksz666|Spikes
|
|-heal|p1a: Gyarados|82/100|[from] item: Leftovers
|-heal|p2a: Ting-Lu|36/100|[from] item: Leftovers
|upkeep
|turn|11
|
|t:|1760839791
|switch|p2a: Zamazenta|Zamazenta|100/100
|-ability|p2a: Zamazenta|Dauntless Shield|boost
|-boost|p2a: Zamazenta|def|1
|move|p1a: Gyarados|Waterfall|p2a: Zamazenta
|-damage|p2a: Zamazenta|61/100
|
|-heal|p1a: Gyarados|88/100|[from] item: Leftovers
|upkeep
|turn|12
|
|t:|1760839801
|move|p1a: Gyarados|Waterfall|p2a: Zamazenta
|-damage|p2a: Zamazenta|22/100
|move|p2a: Zamazenta|Roar|p1a: Gyarados
|drag|p1a: Lapras|Lapras, M|100/100
|-damage|p1a: Lapras|76/100|[from] Stealth Rock
|-damage|p1a: Lapras|51/100|[from] Spikes
|
|upkeep
|turn|13
|
|t:|1760839811
|move|p2a: Zamazenta|Close Combat|p1a: Lapras
|-supereffective|p1a: Lapras
|-damage|p1a: Lapras|0 fnt
|-unboost|p2a: Zamazenta|def|1
|-unboost|p2a: Zamazenta|spd|1
|faint|p1a: Lapras
|
|upkeep
|
|t:|1760839818
|switch|p1a: Gyarados|Gyarados, F|88/100
|-damage|p1a: Gyarados|63/100|[from] Stealth Rock
|turn|14
|
|t:|1760839823
|move|p2a: Zamazenta|Stone Edge|p1a: Gyarados|[miss]
|-miss|p2a: Zamazenta|p1a: Gyarados
|move|p1a: Gyarados|Waterfall|p2a: Zamazenta
|-damage|p2a: Zamazenta|0 fnt
|faint|p2a: Zamazenta
|-ability|p1a: Gyarados|Moxie|boost
|-boost|p1a: Gyarados|atk|1
|
|-heal|p1a: Gyarados|69/100|[from] item: Leftovers
|upkeep
|
|t:|1760839827
|switch|p2a: Latios|Latios, M|100/100
|turn|15
|
|t:|1760839839
|move|p2a: Latios|Draco Meteor|p1a: Gyarados
|-damage|p1a: Gyarados|0 fnt
|-unboost|p2a: Latios|spa|2
|faint|p1a: Gyarados
|
|upkeep
|
|t:|1760839846
|switch|p1a: Snorlax|Snorlax, M|100/100
|-damage|p1a: Snorlax|88/100|[from] Stealth Rock
|-damage|p1a: Snorlax|63/100|[from] Spikes
|turn|16
|
|t:|1760839851
|switch|p2a: Ogerpon|Ogerpon, F|100/100
|move|p1a: Snorlax|Outrage|p2a: Ogerpon
|-damage|p2a: Ogerpon|26/100
|
|upkeep
|turn|17
|
|t:|1760839859
|move|p2a: Ogerpon|Knock Off|p1a: Snorlax
|-damage|p1a: Snorlax|32/100
|-enditem|p1a: Snorlax|Choice Band|[from] move: Knock Off|[of] p2a: Ogerpon
|move|p1a: Snorlax|Outrage|p2a: Ogerpon|[from] lockedmove
|-damage|p2a: Ogerpon|0 fnt
|faint|p2a: Ogerpon
|
|upkeep
|
|t:|1760839864
|switch|p2a: Latios|Latios, M|100/100
|turn|18
|
|t:|1760839870
|move|p2a: Latios|Draco Meteor|p1a: Snorlax
|-damage|p1a: Snorlax|0 fnt
|-unboost|p2a: Latios|spa|2
|faint|p1a: Snorlax
|
|upkeep
|
|t:|1760839877
|switch|p1a: Charizard|Charizard, M|100/100
|-damage|p1a: Charizard|50/100|[from] Stealth Rock
|turn|19
|
|t:|1760839885
|move|p2a: Latios|Calm Mind|p2a: Latios
|-boost|p2a: Latios|spa|1
|-boost|p2a: Latios|spd|1
|move|p1a: Charizard|Dragon Pulse|p2a: Latios
|-supereffective|p2a: Latios
|-damage|p2a: Latios|52/100
|-damage|p1a: Charizard|41/100|[from] item: Life Orb
|
|upkeep
|turn|20
|
|t:|1760839893
|move|p2a: Latios|Calm Mind|p2a: Latios
|-boost|p2a: Latios|spa|1
|-boost|p2a: Latios|spd|1
|move|p1a: Charizard|Dragon Pulse|p2a: Latios
|-supereffective|p2a: Latios
|-damage|p2a: Latios|10/100
|-damage|p1a: Charizard|31/100|[from] item: Life Orb
|
|upkeep
|turn|21
|
|t:|1760839901
|move|p2a: Latios|Psychic Noise|p1a: Charizard
|-damage|p1a: Charizard|0 fnt
|faint|p1a: Charizard
|
|win|Benedict Juarez
|raw|cxksz666's rating: 1206 &rarr; <strong>1183</strong><br />(-23 for losing)
|raw|Benedict Juarez's rating: 1229 &rarr; <strong>1252</strong><br />(+23 for winning)
|l|‽Benedict Juarez
|player|p2|
|l|☆cxksz666
|player|p1|
