|j|☆Reginald Chaos
|j|☆thekingthegoat
|t:|1760762053
|gametype|singles
|player|p1|Reginald Chaos|2|1510
|player|p2|thekingthegoat|101|1502
|gen|9
|tier|[Gen 9] OU
|rated|
|rule|HP Percentage Mod: HP is shown in percentages
|rule|Endless Battle Clause: Forcing endless battles is banned
|rule|Species Clause: Limit one of each Pokémon
|rule|OHKO Clause: OHKO moves are banned
|rule|Evasion Items Clause: Evasion items are banned
|rule|Evasion Moves Clause: Evasion moves are banned
|rule|Evasion Abilities Clause: Evasion abilities are banned
|rule|Sleep Moves Clause: Sleep-inducing moves are banned
|clearpoke
|poke|p1|Araquanid, F|
|poke|p1|Gholdengo|
|poke|p1|Iron Moth|
|poke|p1|Iron Valiant|
|poke|p1|Raging Bolt|
|poke|p1|Kingambit, F|
|poke|p2|Necrozma|
|poke|p2|Kingambit, F|
|poke|p2|Samurott-Hisui, F|
|poke|p2|Iron Treads|
|poke|p2|Pecharunt|
|poke|p2|Enamorus, F|
|teampreview
|inactive|Battle timer is ON: inactive players will automatically lose when time's up. (requested by thekingthegoat)
|
|t:|1760762065
|teamsize|p1|6
|teamsize|p2|6
|start
|switch|p1a: Araquanid|Araquanid, F|100/100
|switch|p2a: Donphandroid|Iron Treads|100/100
|turn|1
|
|t:|1760762081
|move|p2a: Donphandroid|Volt Switch|p1a: Araquanid
|-supereffective|p1a: Araquanid
|-damage|p1a: Araquanid|86/100
|
|t:|1760762092
|-end|p2a: Donphandroid|Quark Drive|[silent]
|switch|p2a: Medusa|Enamorus, F, shiny|100/100|[from] Volt Switch
|move|p1a: Araquanid|Sticky Web|p2a: Medusa
|-sidestart|p2: thekingthegoat|move: Sticky Web
|
|upkeep
|turn|2
|
|t:|1760762095
|move|p2a: Medusa|Moonblast|p1a: Araquanid
|-damage|p1a: Araquanid|52/100
|move|p1a: Araquanid|Surf|p2a: Medusa
|-damage|p2a: Medusa|52/100
|
|upkeep
|turn|3
|
|t:|1760762098
|move|p2a: Medusa|Moonblast|p1a: Araquanid
|-damage|p1a: Araquanid|16/100
|move|p1a: Araquanid|Surf|p2a: Medusa
|-damage|p2a: Medusa|2/100
|
|upkeep
|turn|4
|-enditem|p1a: Araquanid|Custap Berry|[eat]
|-activate|p1a: Araquanid|item: Custap Berry|[consumed]
|
|t:|1760762101
|move|p1a: Araquanid|Surf|p2a: Medusa
|-damage|p2a: Medusa|0 fnt
|faint|p2a: Medusa
|
|upkeep
|
|t:|1760762105
|switch|p2a: Donphandroid|Iron Treads|100/100
|-activate|p2a: Donphandroid|move: Sticky Web
|-unboost|p2a: Donphandroid|spe|1
|turn|5
|
|t:|1760762109
|-terastallize|p1a: Araquanid|Ghost
|move|p2a: Donphandroid|Volt Switch|p1a: Araquanid
|-damage|p1a: Araquanid|9/100
|
|t:|1760762113
|-end|p2a: Donphandroid|Quark Drive|[silent]
|switch|p2a: Musashi's Scallop|Samurott-Hisui, F, shiny|100/100|[from] Volt Switch
|-activate|p2a: Musashi's Scallop|move: Sticky Web
|-unboost|p2a: Musashi's Scallop|spe|1
|move|p1a: Araquanid|Endeavor|p2a: Musashi's Scallop
|-damage|p2a: Musashi's Scallop|10/100
|
|upkeep
|turn|6
|
|t:|1760762117
|move|p2a: Musashi's Scallop|Aqua Jet|p1a: Araquanid
|-damage|p1a: Araquanid|0 fnt
|faint|p1a: Araquanid
|
|upkeep
|
|t:|1760762125
|switch|p1a: Iron Valiant|Iron Valiant|100/100
|-enditem|p1a: Iron Valiant|Booster Energy
|-activate|p1a: Iron Valiant|ability: Quark Drive|[fromitem]
|-start|p1a: Iron Valiant|quarkdrivespa
|turn|7
|
|t:|1760762130
|move|p2a: Musashi's Scallop|Aqua Jet|p1a: Iron Valiant
|-damage|p1a: Iron Valiant|64/100
|move|p1a: Iron Valiant|Moonblast|p2a: Musashi's Scallop
|-supereffective|p2a: Musashi's Scallop
|-damage|p2a: Musashi's Scallop|0 fnt
|faint|p2a: Musashi's Scallop
|
|upkeep
|
|t:|1760762134
|switch|p2a: Donphandroid|Iron Treads|100/100
|-activate|p2a: Donphandroid|move: Sticky Web
|-unboost|p2a: Donphandroid|spe|1
|turn|8
|
|t:|1760762137
|-end|p1a: Iron Valiant|Quark Drive|[silent]
|switch|p1a: Gholdengo|Gholdengo|100/100
|-item|p1a: Gholdengo|Air Balloon
|move|p2a: Donphandroid|Volt Switch|p1a: Gholdengo
|-damage|p1a: Gholdengo|88/100
|-enditem|p1a: Gholdengo|Air Balloon
|
|t:|1760762145
|-end|p2a: Donphandroid|Quark Drive|[silent]
|switch|p2a: Checkmate bitch|Kingambit, F, shiny|100/100|[from] Volt Switch
|-activate|p2a: Checkmate bitch|move: Sticky Web
|-unboost|p2a: Checkmate bitch|spe|1
|-activate|p2a: Checkmate bitch|ability: Supreme Overlord
|-start|p2a: Checkmate bitch|fallen2|[silent]
|
|upkeep
|turn|9
|
|t:|1760762150
|move|p2a: Checkmate bitch|Sucker Punch|p1a: Gholdengo
|-supereffective|p1a: Gholdengo
|-damage|p1a: Gholdengo|0 fnt
|faint|p1a: Gholdengo
|
|upkeep
|
|t:|1760762152
|switch|p1a: Iron Valiant|Iron Valiant|64/100
|turn|10
|
|t:|1760762159
|-end|p2a: Checkmate bitch|fallen2|[silent]
|switch|p2a: Mochi Mochi|Pecharunt|100/100
|-item|p2a: Mochi Mochi|Air Balloon
|move|p1a: Iron Valiant|Vacuum Wave|p2a: Mochi Mochi
|-immune|p2a: Mochi Mochi
|
|upkeep
|turn|11
|
|t:|1760762163
|move|p1a: Iron Valiant|Shadow Ball|p2a: Mochi Mochi
|-supereffective|p2a: Mochi Mochi
|-damage|p2a: Mochi Mochi|43/100
|-enditem|p2a: Mochi Mochi|Air Balloon
|move|p2a: Mochi Mochi|Nasty Plot|p2a: Mochi Mochi
|-boost|p2a: Mochi Mochi|spa|2
|
|upkeep
|turn|12
|
|t:|1760762168
|-terastallize|p2a: Mochi Mochi|Grass
|move|p1a: Iron Valiant|Shadow Ball|p2a: Mochi Mochi
|-damage|p2a: Mochi Mochi|13/100
|move|p2a: Mochi Mochi|Malignant Chain|p1a: Iron Valiant
|-supereffective|p1a: Iron Valiant
|-damage|p1a: Iron Valiant|0 fnt
|faint|p1a: Iron Valiant
|-end|p1a: Iron Valiant|Quark Drive|[silent]
|
|upkeep
|
|t:|1760762172
|switch|p1a: Iron Moth|Iron Moth|100/100
|-enditem|p1a: Iron Moth|Booster Energy
|-activate|p1a: Iron Moth|ability: Quark Drive|[fromitem]
|-start|p1a: Iron Moth|quarkdrivespa
|turn|13
|
|t:|1760762179
|switch|p2a: Donphandroid|Iron Treads|100/100
|-activate|p2a: Donphandroid|move: Sticky Web
|-unboost|p2a: Donphandroid|spe|1
|move|p1a: Iron Moth|Fiery Dance|p2a: Donphandroid
|-supereffective|p2a: Donphandroid
|-damage|p2a: Donphandroid|0 fnt
|faint|p2a: Donphandroid
|-end|p2a: Donphandroid|Quark Drive|[silent]
|
|upkeep
|
|t:|1760762182
|switch|p2a: Star fragment|Necrozma, shiny|100/100
|-activate|p2a: Star fragment|move: Sticky Web
|-unboost|p2a: Star fragment|spe|1
|turn|14
|
|t:|1760762185
|-end|p1a: Iron Moth|Quark Drive|[silent]
|switch|p1a: Raging Bolt|Raging Bolt|100/100
|-enditem|p1a: Raging Bolt|Booster Energy
|-activate|p1a: Raging Bolt|ability: Protosynthesis|[fromitem]
|-start|p1a: Raging Bolt|protosynthesisspa
|move|p2a: Star fragment|Trick Room|p2a: Star fragment
|-fieldstart|move: Trick Room|[of] p2a: Star fragment
|
|upkeep
|turn|15
|
|t:|1760762188
|move|p2a: Star fragment|Earth Power|p1a: Raging Bolt
|-supereffective|p1a: Raging Bolt
|-damage|p1a: Raging Bolt|38/100
|move|p1a: Raging Bolt|Calm Mind|p1a: Raging Bolt
|-boost|p1a: Raging Bolt|spa|1
|-boost|p1a: Raging Bolt|spd|1
|
|upkeep
|turn|16
|
|t:|1760762191
|move|p1a: Raging Bolt|Thunderclap|p2a: Star fragment
|-damage|p2a: Star fragment|22/100
|move|p2a: Star fragment|Earth Power|p1a: Raging Bolt
|-supereffective|p1a: Raging Bolt
|-damage|p1a: Raging Bolt|0 fnt
|faint|p1a: Raging Bolt
|-end|p1a: Raging Bolt|Protosynthesis|[silent]
|
|upkeep
|
|t:|1760762195
|switch|p1a: Kingambit|Kingambit, F|100/100
|-activate|p1a: Kingambit|ability: Supreme Overlord
|-start|p1a: Kingambit|fallen4|[silent]
|-item|p1a: Kingambit|Air Balloon
|turn|17
|
|t:|1760762199
|switch|p2a: Mochi Mochi|Pecharunt, tera:Grass|13/100
|-activate|p2a: Mochi Mochi|move: Sticky Web
|-unboost|p2a: Mochi Mochi|spe|1
|move|p1a: Kingambit|Swords Dance|p1a: Kingambit
|-boost|p1a: Kingambit|atk|2
|
|upkeep
|turn|18
|
|t:|1760762202
|move|p1a: Kingambit|Sucker Punch||[still]
|-fail|p1a: Kingambit
|move|p2a: Mochi Mochi|Recover|p2a: Mochi Mochi
|-heal|p2a: Mochi Mochi|63/100
|
|-fieldend|move: Trick Room
|upkeep
|turn|19
|
|t:|1760762210
|move|p1a: Kingambit|Iron Head|p2a: Mochi Mochi
|-damage|p2a: Mochi Mochi|0 fnt
|faint|p2a: Mochi Mochi
|
|upkeep
|
|t:|1760762214
|switch|p2a: Star fragment|Necrozma, shiny|22/100
|-activate|p2a: Star fragment|move: Sticky Web
|-unboost|p2a: Star fragment|spe|1
|turn|20
|
|t:|1760762220
|move|p1a: Kingambit|Kowtow Cleave|p2a: Star fragment
|-supereffective|p2a: Star fragment
|-enditem|p2a: Star fragment|Colbur Berry|[eat]
|-enditem|p2a: Star fragment|Colbur Berry|[weaken]
|-damage|p2a: Star fragment|0 fnt
|faint|p2a: Star fragment
|
|upkeep
|
|t:|1760762222
|switch|p2a: Checkmate bitch|Kingambit, F, shiny|100/100
|-activate|p2a: Checkmate bitch|move: Sticky Web
|-unboost|p2a: Checkmate bitch|spe|1
|-activate|p2a: Checkmate bitch|ability: Supreme Overlord
|-start|p2a: Checkmate bitch|fallen5|[silent]
|turn|21
|
|t:|1760762225
|move|p1a: Kingambit|Iron Head|p2a: Checkmate bitch
|-resisted|p2a: Checkmate bitch
|-damage|p2a: Checkmate bitch|56/100
|move|p2a: Checkmate bitch|Iron Head|p1a: Kingambit
|-resisted|p1a: Kingambit
|-crit|p1a: Kingambit
|-damage|p1a: Kingambit|55/100
|-enditem|p1a: Kingambit|Air Balloon
|
|upkeep
|turn|22
|
|t:|1760762230
|move|p1a: Kingambit|Iron Head|p2a: Checkmate bitch
|-resisted|p2a: Checkmate bitch
|-damage|p2a: Checkmate bitch|14/100
|cant|p2a: Checkmate bitch|flinch
|
|upkeep
|turn|23
|
|t:|1760762234
|move|p1a: Kingambit|Iron Head|p2a: Checkmate bitch
|-resisted|p2a: Checkmate bitch
|-damage|p2a: Checkmate bitch|0 fnt
|faint|p2a: Checkmate bitch
|-end|p2a: Checkmate bitch|fallen5|[silent]
|
|win|Reginald Chaos
|raw|Reginald Chaos's rating: 1510 &rarr; <strong>1530</strong><br />(+20 for winning)
|raw|thekingthegoat's rating: 1502 &rarr; <strong>1482</strong><br />(-20 for losing)
|l|☆thekingthegoat
|player|p2|
|l|☆Reginald Chaos
|player|p1|
