|j|☆lebmaster
|j|☆Sksupreme
|t:|1760797745
|gametype|singles
|player|p1|lebmaster|265|1631
|player|p2|Sksupreme|cynthia-gen4|1566
|gen|9
|tier|[Gen 9] OU
|rated|
|rule|HP Percentage Mod: HP is shown in percentages
|rule|Endless Battle Clause: Forcing endless battles is banned
|rule|Species Clause: Limit one of each Pokémon
|rule|OHKO Clause: OHKO moves are banned
|rule|Evasion Items Clause: Evasion items are banned
|rule|Evasion Moves Clause: Evasion moves are banned
|rule|Evasion Abilities Clause: Evasion abilities are banned
|rule|Sleep Moves Clause: Sleep-inducing moves are banned
|clearpoke
|poke|p1|Pelipper, M|
|poke|p1|Tornadus-Therian, M|
|poke|p1|Iron Treads|
|poke|p1|Decidueye-Hisui, M|
|poke|p1|Barraskewda, F|
|poke|p1|Raging Bolt|
|poke|p2|Pecharunt|
|poke|p2|Hydrapple, F|
|poke|p2|Alomomola, F|
|poke|p2|Zamazenta-*|
|poke|p2|Bisharp, F|
|poke|p2|Gurdurr, F|
|teampreview
|inactive|Battle timer is ON: inactive players will automatically lose when time's up. (requested by Sksupreme)
|
|t:|1760797762
|teamsize|p1|6
|teamsize|p2|6
|start
|switch|p1a: Pelipper|Pelipper, M|100/100
|switch|p2a: Zamazenta|Zamazenta|100/100
|-ability|p2a: Zamazenta|Dauntless Shield|boost
|-boost|p2a: Zamazenta|def|1
|-weather|RainDance|[from] ability: Drizzle|[of] p1a: Pelipper
|turn|1
|
|t:|1760797771
|move|p2a: Zamazenta|Wild Charge|p1a: Pelipper
|-supereffective|p1a: Pelipper
|-damage|p1a: Pelipper|0 fnt
|faint|p1a: Pelipper
|-damage|p2a: Zamazenta|76/100|[from] Recoil
|
|-weather|RainDance|[upkeep]
|upkeep
|
|t:|1760797777
|switch|p1a: Tornadus|Tornadus-Therian, M|100/100
|turn|2
|
|t:|1760797782
|switch|p1a: Iron Treads|Iron Treads|100/100
|move|p2a: Zamazenta|Wild Charge|p1a: Iron Treads
|-immune|p1a: Iron Treads
|
|-weather|RainDance|[upkeep]
|upkeep
|turn|3
|
|t:|1760797792
|switch|p2a: Gurdurr|Gurdurr, F, shiny|100/100
|move|p1a: Iron Treads|Stealth Rock|p2a: Gurdurr
|-sidestart|p2: Sksupreme|move: Stealth Rock
|
|-weather|RainDance|[upkeep]
|upkeep
|turn|4
|
|t:|1760797798
|-end|p1a: Iron Treads|Quark Drive|[silent]
|switch|p1a: Decidueye|Decidueye-Hisui, M|100/100
|move|p2a: Gurdurr|Defog|p1a: Decidueye
|-unboost|p1a: Decidueye|evasion|1
|-sideend|p2: Sksupreme|Stealth Rock|[from] move: Defog|[of] p2a: Gurdurr
|
|-weather|RainDance|[upkeep]
|upkeep
|turn|5
|
|t:|1760797807
|move|p1a: Decidueye|U-turn|p2a: Gurdurr
|-resisted|p2a: Gurdurr
|-damage|p2a: Gurdurr|94/100
|
|t:|1760797812
|switch|p1a: Raging Bolt|Raging Bolt|100/100|[from] U-turn
|-enditem|p1a: Raging Bolt|Booster Energy
|-activate|p1a: Raging Bolt|ability: Protosynthesis|[fromitem]
|-start|p1a: Raging Bolt|protosynthesisspa
|move|p2a: Gurdurr|Ice Punch|p1a: Raging Bolt
|-supereffective|p1a: Raging Bolt
|-damage|p1a: Raging Bolt|61/100
|
|-weather|RainDance|[upkeep]
|upkeep
|turn|6
|
|t:|1760797827
|-terastallize|p2a: Gurdurr|Ice
|move|p1a: Raging Bolt|Thunder|p2a: Gurdurr
|-damage|p2a: Gurdurr|24/100
|-status|p2a: Gurdurr|par
|move|p2a: Gurdurr|Ice Punch|p1a: Raging Bolt
|-supereffective|p1a: Raging Bolt
|-damage|p1a: Raging Bolt|0 fnt
|faint|p1a: Raging Bolt
|-end|p1a: Raging Bolt|Protosynthesis|[silent]
|
|-weather|RainDance|[upkeep]
|upkeep
|
|t:|1760797833
|switch|p1a: Barraskewda|Barraskewda, F|100/100
|turn|7
|
|t:|1760797841
|switch|p2a: Alomomola|Alomomola, F, shiny|100/100
|move|p1a: Barraskewda|Flip Turn|p2a: Alomomola
|-resisted|p2a: Alomomola
|-damage|p2a: Alomomola|76/100
|-damage|p1a: Barraskewda|91/100|[from] item: Life Orb
|
|t:|1760797845
|switch|p1a: Tornadus|Tornadus-Therian, M|100/100|[from] Flip Turn
|
|-weather|RainDance|[upkeep]
|-heal|p2a: Alomomola|82/100|[from] item: Leftovers
|upkeep
|turn|8
|
|t:|1760797854
|move|p1a: Tornadus|Hurricane|p2a: Alomomola
|-damage|p2a: Alomomola|28/100
|move|p2a: Alomomola|Mirror Coat|p1a: Tornadus
|-damage|p1a: Tornadus|0 fnt
|faint|p1a: Tornadus
|
|-weather|none
|-heal|p2a: Alomomola|34/100|[from] item: Leftovers
|upkeep
|-message|lebmaster forfeited.
|
|win|Sksupreme
|raw|lebmaster's rating: 1631 &rarr; <strong>1607</strong><br />(-24 for losing)
|raw|Sksupreme's rating: 1566 &rarr; <strong>1590</strong><br />(+24 for winning)
|l|☆lebmaster
|player|p1|
|l|☆Sksupreme
|player|p2|
