|j|☆xw haha
|j|☆ES2.2
|t:|1760865491
|gametype|singles
|player|p1|xw haha|volkner|1489
|player|p2|ES2.2|skierf|1431
|gen|9
|tier|[Gen 9] OU
|rated|
|rule|HP Percentage Mod: HP is shown in percentages
|rule|Endless Battle Clause: Forcing endless battles is banned
|rule|Species Clause: Limit one of each Pokémon
|rule|OHKO Clause: OHKO moves are banned
|rule|Evasion Items Clause: Evasion items are banned
|rule|Evasion Moves Clause: Evasion moves are banned
|rule|Evasion Abilities Clause: Evasion abilities are banned
|rule|Sleep Moves Clause: Sleep-inducing moves are banned
|clearpoke
|poke|p1|Corviknight, F|
|poke|p1|Garganacl, F|
|poke|p1|Cinderace, F|
|poke|p1|Iron Valiant|
|poke|p1|Great Tusk|
|poke|p1|Raging Bolt|
|poke|p2|Hatterene, F|
|poke|p2|Great Tusk|
|poke|p2|Heatran, M|
|poke|p2|Tornadus-Therian, M|
|poke|p2|Zamazenta-*|
|poke|p2|Kyurem|
|teampreview
|inactive|Battle timer is ON: inactive players will automatically lose when time's up. (requested by xw haha)
|inactive|ES2.2 has 120 seconds left.
|
|t:|1760865527
|teamsize|p1|6
|teamsize|p2|6
|start
|switch|p1a: Raging Bolt|Raging Bolt|100/100
|switch|p2a: Tornadus|Tornadus-Therian, M, shiny|100/100
|turn|1
|
|t:|1760865546
|move|p2a: Tornadus|Knock Off|p1a: Raging Bolt
|-damage|p1a: Raging Bolt|83/100
|-enditem|p1a: Raging Bolt|Assault Vest|[from] move: Knock Off|[of] p2a: Tornadus
|move|p1a: Raging Bolt|Thunderbolt|p2a: Tornadus
|-supereffective|p2a: Tornadus
|-damage|p2a: Tornadus|29/100
|
|upkeep
|turn|2
|
|t:|1760865558
|switch|p2a: Great Tusk|Great Tusk, shiny|100/100
|move|p1a: Raging Bolt|Draco Meteor|p2a: Great Tusk
|-damage|p2a: Great Tusk|0 fnt
|-unboost|p1a: Raging Bolt|spa|2
|faint|p2a: Great Tusk
|-end|p2a: Great Tusk|Protosynthesis|[silent]
|
|upkeep
|
|t:|1760865568
|switch|p2a: Kyurem|Kyurem, shiny|100/100
|-ability|p2a: Kyurem|Pressure
|turn|3
|
|t:|1760865576
|-end|p1a: Raging Bolt|Protosynthesis|[silent]
|switch|p1a: Corviknight|Corviknight, F|100/100
|move|p2a: Kyurem|Ice Beam|p1a: Corviknight
|-damage|p1a: Corviknight|54/100
|
|upkeep
|turn|4
|
|t:|1760865588
|switch|p1a: Cinderace|Cinderace, F|100/100
|move|p2a: Kyurem|Ice Beam|p1a: Cinderace
|-resisted|p1a: Cinderace
|-damage|p1a: Cinderace|61/100
|
|upkeep
|turn|5
|
|t:|1760865598
|switch|p2a: Heatran|Heatran, M, shiny|100/100
|move|p1a: Cinderace|Pyro Ball|p2a: Heatran
|-damage|p2a: Heatran|66/100
|
|-heal|p2a: Heatran|72/100|[from] item: Leftovers
|upkeep
|turn|6
|
|t:|1760865606
|move|p1a: Cinderace|High Jump Kick|p2a: Heatran
|-start|p1a: Cinderace|typechange|Fighting|[from] ability: Libero
|-supereffective|p2a: Heatran
|-damage|p2a: Heatran|0 fnt
|-status|p1a: Cinderace|brn|[from] ability: Flame Body|[of] p2a: Heatran
|faint|p2a: Heatran
|
|-damage|p1a: Cinderace|55/100 brn|[from] brn
|upkeep
|
|t:|1760865621
|switch|p2a: Tornadus|Tornadus-Therian, M, shiny|62/100
|turn|7
|
|t:|1760865626
|switch|p1a: Garganacl|Garganacl, F|100/100
|move|p2a: Tornadus|U-turn|p1a: Garganacl
|-damage|p1a: Garganacl|91/100
|inactive|ES2.2 has 120 seconds left.
|
|t:|1760865656
|switch|p2a: Hatterene|Hatterene, F, shiny|100/100|[from] U-turn
|
|-heal|p1a: Garganacl|98/100|[from] item: Leftovers
|upkeep
|turn|8
|
|t:|1760865663
|move|p2a: Hatterene|Psychic Noise|p1a: Garganacl
|-damage|p1a: Garganacl|77/100
|-start|p1a: Garganacl|move: Heal Block
|move|p1a: Garganacl|Salt Cure|p2a: Hatterene
|-damage|p2a: Hatterene|91/100
|-start|p2a: Hatterene|Salt Cure
|
|-damage|p2a: Hatterene|78/100|[from] Salt Cure
|upkeep
|turn|9
|
|t:|1760865686
|move|p1a: Garganacl|Protect|p1a: Garganacl
|-singleturn|p1a: Garganacl|Protect
|move|p2a: Hatterene|Draining Kiss|p1a: Garganacl
|-activate|p1a: Garganacl|move: Protect
|
|-damage|p2a: Hatterene|66/100|[from] Salt Cure
|-end|p1a: Garganacl|move: Heal Block
|upkeep
|turn|10
|
|t:|1760865700
|move|p2a: Hatterene|Psychic Noise|p1a: Garganacl
|-damage|p1a: Garganacl|55/100
|-start|p1a: Garganacl|move: Heal Block
|move|p1a: Garganacl|Salt Cure|p2a: Hatterene
|-damage|p2a: Hatterene|56/100
|
|-damage|p2a: Hatterene|43/100|[from] Salt Cure
|upkeep
|turn|11
|
|t:|1760865710
|move|p1a: Garganacl|Protect|p1a: Garganacl
|-singleturn|p1a: Garganacl|Protect
|move|p2a: Hatterene|Pain Split|p1a: Garganacl
|-activate|p1a: Garganacl|move: Protect
|
|-damage|p2a: Hatterene|31/100|[from] Salt Cure
|-end|p1a: Garganacl|move: Heal Block
|upkeep
|turn|12
|
|t:|1760865720
|switch|p1a: Cinderace|Cinderace, F|55/100 brn
|move|p2a: Hatterene|Pain Split|p1a: Cinderace
|-sethp|p1a: Cinderace|44/100 brn|[from] move: Pain Split|[silent]
|-sethp|p2a: Hatterene|42/100|[from] move: Pain Split
|
|-damage|p1a: Cinderace|38/100 brn|[from] brn
|-damage|p2a: Hatterene|29/100|[from] Salt Cure
|upkeep
|turn|13
|
|t:|1760865731
|move|p1a: Cinderace|Pyro Ball|p2a: Hatterene|[miss]
|-miss|p1a: Cinderace|p2a: Hatterene
|move|p2a: Hatterene|Psychic Noise|p1a: Cinderace
|-damage|p1a: Cinderace|0 fnt
|faint|p1a: Cinderace
|
|-damage|p2a: Hatterene|17/100|[from] Salt Cure
|upkeep
|
|t:|1760865742
|switch|p1a: Great Tusk|Great Tusk|100/100
|turn|14
|
|t:|1760865748
|move|p1a: Great Tusk|Knock Off|p2a: Hatterene
|-damage|p2a: Hatterene|0 fnt
|-damage|p1a: Great Tusk|84/100|[from] item: Rocky Helmet|[of] p2a: Hatterene
|-enditem|p2a: Hatterene|Rocky Helmet|[from] move: Knock Off|[of] p1a: Great Tusk
|faint|p2a: Hatterene
|
|upkeep
|
|t:|1760865754
|switch|p2a: Kyurem|Kyurem, shiny|100/100
|-ability|p2a: Kyurem|Pressure
|turn|15
|
|t:|1760865772
|-terastallize|p1a: Great Tusk|Dark
|move|p2a: Kyurem|Ice Beam|p1a: Great Tusk
|-damage|p1a: Great Tusk|22/100
|-enditem|p1a: Great Tusk|Sitrus Berry|[eat]
|-heal|p1a: Great Tusk|47/100|[from] item: Sitrus Berry
|move|p1a: Great Tusk|Knock Off|p2a: Kyurem
|-damage|p2a: Kyurem|53/100
|-enditem|p2a: Kyurem|Assault Vest|[from] move: Knock Off|[of] p1a: Great Tusk
|
|upkeep
|turn|16
|
|t:|1760865785
|move|p2a: Kyurem|Ice Beam|p1a: Great Tusk
|-damage|p1a: Great Tusk|0 fnt
|faint|p1a: Great Tusk
|-end|p1a: Great Tusk|Protosynthesis|[silent]
|
|upkeep
|inactive|xw haha has 120 seconds left.
|
|t:|1760865808
|switch|p1a: Raging Bolt|Raging Bolt|83/100
|turn|17
|
|t:|1760865813
|move|p2a: Kyurem|Ice Beam|p1a: Raging Bolt
|-supereffective|p1a: Raging Bolt
|-damage|p1a: Raging Bolt|3/100
|move|p1a: Raging Bolt|Draco Meteor|p2a: Kyurem
|-supereffective|p2a: Kyurem
|-damage|p2a: Kyurem|0 fnt
|-unboost|p1a: Raging Bolt|spa|2
|faint|p2a: Kyurem
|
|upkeep
|
|t:|1760865842
|switch|p2a: Zamazenta|Zamazenta, shiny|100/100
|-ability|p2a: Zamazenta|Dauntless Shield|boost
|-boost|p2a: Zamazenta|def|1
|turn|18
|
|t:|1760865851
|move|p1a: Raging Bolt|Thunderclap||[still]
|-fail|p1a: Raging Bolt
|move|p2a: Zamazenta|Iron Defense|p2a: Zamazenta
|-boost|p2a: Zamazenta|def|2
|
|upkeep
|turn|19
|
|t:|1760865860
|-end|p1a: Raging Bolt|Protosynthesis|[silent]
|switch|p1a: Corviknight|Corviknight, F|54/100
|move|p2a: Zamazenta|Body Press|p1a: Corviknight
|-damage|p1a: Corviknight|5/100
|-damage|p2a: Zamazenta|84/100|[from] item: Rocky Helmet|[of] p1a: Corviknight
|
|-heal|p2a: Zamazenta|90/100|[from] item: Leftovers
|upkeep
|turn|20
|
|t:|1760865872
|move|p2a: Zamazenta|Body Press|p1a: Corviknight
|-damage|p1a: Corviknight|0 fnt
|-damage|p2a: Zamazenta|74/100|[from] item: Rocky Helmet|[of] p1a: Corviknight
|faint|p1a: Corviknight
|
|-heal|p2a: Zamazenta|80/100|[from] item: Leftovers
|upkeep
|
|t:|1760865880
|switch|p1a: Iron Valiant|Iron Valiant|100/100
|-enditem|p1a: Iron Valiant|Booster Energy
|-activate|p1a: Iron Valiant|ability: Quark Drive|[fromitem]
|-start|p1a: Iron Valiant|quarkdrivespe
|turn|21
|
|t:|1760865903
|-terastallize|p2a: Zamazenta|Fire
|move|p1a: Iron Valiant|Moonblast|p2a: Zamazenta
|-resisted|p2a: Zamazenta
|-damage|p2a: Zamazenta|63/100
|move|p2a: Zamazenta|Roar|p1a: Iron Valiant
|-end|p1a: Iron Valiant|Quark Drive|[silent]
|drag|p1a: Garganacl|Garganacl, F|55/100
|
|-heal|p2a: Zamazenta|69/100|[from] item: Leftovers
|-heal|p1a: Garganacl|61/100|[from] item: Leftovers
|upkeep
|turn|22
|
|t:|1760865916
|move|p1a: Garganacl|Protect|p1a: Garganacl
|-singleturn|p1a: Garganacl|Protect
|move|p2a: Zamazenta|Body Press|p1a: Garganacl
|-activate|p1a: Garganacl|move: Protect
|
|-heal|p2a: Zamazenta|75/100|[from] item: Leftovers
|-heal|p1a: Garganacl|67/100|[from] item: Leftovers
|upkeep
|turn|23
|
|t:|1760865926
|switch|p1a: Iron Valiant|Iron Valiant|100/100
|move|p2a: Zamazenta|Body Press|p1a: Iron Valiant
|-resisted|p1a: Iron Valiant
|-damage|p1a: Iron Valiant|47/100
|
|-heal|p2a: Zamazenta|81/100|[from] item: Leftovers
|upkeep
|turn|24
|
|t:|1760865934
|move|p2a: Zamazenta|Body Press|p1a: Iron Valiant
|-resisted|p1a: Iron Valiant
|-damage|p1a: Iron Valiant|0 fnt
|faint|p1a: Iron Valiant
|-end|p1a: Iron Valiant|Quark Drive|[silent]
|
|-heal|p2a: Zamazenta|87/100|[from] item: Leftovers
|upkeep
|-message|xw haha forfeited.
|
|win|ES2.2
|raw|xw haha's rating: 1489 &rarr; <strong>1466</strong><br />(-23 for losing)
|raw|ES2.2's rating: 1431 &rarr; <strong>1454</strong><br />(+23 for winning)
|l|☆xw haha
|player|p1|
