|j|☆ioalla
|j|☆abGodc
|t:|1760816349
|gametype|singles
|player|p1|ioalla|101|1537
|player|p2|abGodc|iris-gen5bw2|1564
|gen|9
|tier|[Gen 9] OU
|rated|
|rule|HP Percentage Mod: HP is shown in percentages
|rule|Endless Battle Clause: Forcing endless battles is banned
|rule|Species Clause: Limit one of each Pokémon
|rule|OHKO Clause: OHKO moves are banned
|rule|Evasion Items Clause: Evasion items are banned
|rule|Evasion Moves Clause: Evasion moves are banned
|rule|Evasion Abilities Clause: Evasion abilities are banned
|rule|Sleep Moves Clause: Sleep-inducing moves are banned
|clearpoke
|poke|p1|Dondozo, M|
|poke|p1|Blissey, F|
|poke|p1|Corviknight, F|
|poke|p1|Weezing-Galar, M|
|poke|p1|Gliscor, F|
|poke|p1|Toxapex, M|
|poke|p2|Ting-Lu|
|poke|p2|Slowking-Galar, M|
|poke|p2|Corviknight, M|
|poke|p2|Cinderace, M|
|poke|p2|Ogerpon-Wellspring, F|
|poke|p2|Raging Bolt|
|teampreview
|inactive|Battle timer is ON: inactive players will automatically lose when time's up. (requested by abGodc)
|
|t:|1760816366
|teamsize|p1|6
|teamsize|p2|6
|start
|switch|p1a: Gliscor|Gliscor, F|100/100
|switch|p2a: Ogerpon|Ogerpon-Wellspring, F|100/100
|turn|1
|
|t:|1760816370
|move|p1a: Gliscor|Protect|p1a: Gliscor
|-singleturn|p1a: Gliscor|Protect
|move|p2a: Ogerpon|Knock Off|p1a: Gliscor
|-activate|p1a: Gliscor|move: Protect
|
|-status|p1a: Gliscor|tox|[from] item: Toxic Orb
|upkeep
|turn|2
|
|t:|1760816374
|switch|p1a: Dondozo|Dondozo, M|100/100
|move|p2a: Ogerpon|Encore||[still]
|-fail|p2a: Ogerpon
|
|upkeep
|turn|3
|
|t:|1760816387
|move|p2a: Ogerpon|Knock Off|p1a: Dondozo
|-damage|p1a: Dondozo|83/100
|-enditem|p1a: Dondozo|Leftovers|[from] move: Knock Off|[of] p2a: Ogerpon
|move|p1a: Dondozo|Body Press|p2a: Ogerpon
|-damage|p2a: Ogerpon|62/100
|
|upkeep
|turn|4
|
|t:|1760816394
|move|p2a: Ogerpon|U-turn|p1a: Dondozo
|-damage|p1a: Dondozo|71/100
|
|t:|1760816396
|switch|p2a: Raging Bolt|Raging Bolt|100/100|[from] U-turn
|move|p1a: Dondozo|Body Press|p2a: Raging Bolt
|-damage|p2a: Raging Bolt|76/100
|
|upkeep
|turn|5
|
|t:|1760816403
|switch|p1a: Blissey|Blissey, F|100/100
|move|p2a: Raging Bolt|Draco Meteor|p1a: Blissey
|-damage|p1a: Blissey|62/100
|-unboost|p2a: Raging Bolt|spa|2
|
|-heal|p1a: Blissey|69/100|[from] item: Leftovers
|upkeep
|turn|6
|
|t:|1760816412
|-end|p2a: Raging Bolt|Protosynthesis|[silent]
|switch|p2a: Ogerpon|Ogerpon-Wellspring, F|62/100
|move|p1a: Blissey|Seismic Toss|p2a: Ogerpon
|-damage|p2a: Ogerpon|28/100
|
|-heal|p1a: Blissey|75/100|[from] item: Leftovers
|upkeep
|turn|7
|
|t:|1760816419
|move|p2a: Ogerpon|U-turn|p1a: Blissey
|-damage|p1a: Blissey|46/100
|
|t:|1760816423
|switch|p2a: Raging Bolt|Raging Bolt|76/100|[from] U-turn
|move|p1a: Blissey|Seismic Toss|p2a: Raging Bolt
|-damage|p2a: Raging Bolt|52/100
|
|-heal|p1a: Blissey|52/100|[from] item: Leftovers
|upkeep
|turn|8
|
|t:|1760816430
|-end|p2a: Raging Bolt|Protosynthesis|[silent]
|switch|p2a: Ogerpon|Ogerpon-Wellspring, F|28/100
|move|p1a: Blissey|Soft-Boiled|p1a: Blissey
|-heal|p1a: Blissey|100/100
|
|upkeep
|turn|9
|
|t:|1760816435
|move|p2a: Ogerpon|U-turn|p1a: Blissey
|-damage|p1a: Blissey|70/100
|
|t:|1760816437
|switch|p2a: Cinderace|Cinderace, M|100/100|[from] U-turn
|move|p1a: Blissey|Seismic Toss|p2a: Cinderace
|-damage|p2a: Cinderace|67/100
|
|-heal|p1a: Blissey|76/100|[from] item: Leftovers
|upkeep
|turn|10
|
|t:|1760816448
|switch|p1a: Dondozo|Dondozo, M|71/100
|move|p2a: Cinderace|U-turn|p1a: Dondozo
|-start|p2a: Cinderace|typechange|Bug|[from] ability: Libero
|-damage|p1a: Dondozo|57/100
|
|t:|1760816451
|switch|p2a: Raging Bolt|Raging Bolt|52/100|[from] U-turn
|
|upkeep
|turn|11
|
|t:|1760816455
|switch|p1a: Blissey|Blissey, F|76/100
|move|p2a: Raging Bolt|Volt Switch|p1a: Blissey
|-damage|p1a: Blissey|55/100
|
|t:|1760816457
|-end|p2a: Raging Bolt|Protosynthesis|[silent]
|switch|p2a: Ogerpon|Ogerpon-Wellspring, F|28/100|[from] Volt Switch
|
|-heal|p1a: Blissey|61/100|[from] item: Leftovers
|upkeep
|turn|12
|
|t:|1760816463
|move|p2a: Ogerpon|Ivy Cudgel|p1a: Blissey|[anim] Ivy Cudgel Water
|-damage|p1a: Blissey|1/100
|move|p1a: Blissey|Seismic Toss|p2a: Ogerpon
|-damage|p2a: Ogerpon|0 fnt
|faint|p2a: Ogerpon
|
|-heal|p1a: Blissey|7/100|[from] item: Leftovers
|upkeep
|
|t:|1760816466
|switch|p2a: Cinderace|Cinderace, M|67/100
|turn|13
|
|t:|1760816470
|switch|p1a: Dondozo|Dondozo, M|57/100
|move|p2a: Cinderace|U-turn|p1a: Dondozo
|-start|p2a: Cinderace|typechange|Bug|[from] ability: Libero
|-damage|p1a: Dondozo|43/100
|
|t:|1760816472
|switch|p2a: Raging Bolt|Raging Bolt|52/100|[from] U-turn
|
|upkeep
|turn|14
|
|t:|1760816476
|switch|p1a: Gliscor|Gliscor, F|100/100 tox
|move|p2a: Raging Bolt|Draco Meteor|p1a: Gliscor
|-damage|p1a: Gliscor|0 fnt
|-unboost|p2a: Raging Bolt|spa|2
|faint|p1a: Gliscor
|
|upkeep
|
|t:|1760816493
|switch|p1a: Weezing|Weezing-Galar, M|100/100
|-ability|p1a: Weezing|Neutralizing Gas
|turn|15
|
|t:|1760816497
|-end|p2a: Raging Bolt|Protosynthesis|[silent]
|switch|p2a: Cinderace|Cinderace, M|67/100
|move|p1a: Weezing|Will-O-Wisp|p2a: Cinderace
|-immune|p2a: Cinderace
|
|upkeep
|turn|16
|
|t:|1760816503
|-end|p1a: Weezing|ability: Neutralizing Gas
|switch|p1a: Toxapex|Toxapex, M|100/100
|move|p2a: Cinderace|Pyro Ball|p1a: Toxapex
|-resisted|p1a: Toxapex
|-damage|p1a: Toxapex|77/100
|
|-heal|p1a: Toxapex|84/100|[from] item: Leftovers
|upkeep
|turn|17
|
|t:|1760816509
|move|p2a: Cinderace|U-turn|p1a: Toxapex
|-start|p2a: Cinderace|typechange|Bug|[from] ability: Libero
|-resisted|p1a: Toxapex
|-damage|p1a: Toxapex|71/100
|
|t:|1760816510
|switch|p2a: Slowking|Slowking-Galar, M|100/100|[from] U-turn
|move|p1a: Toxapex|Toxic|p2a: Slowking
|-immune|p2a: Slowking
|
|-heal|p1a: Toxapex|77/100|[from] item: Leftovers
|upkeep
|turn|18
|
|t:|1760816516
|switch|p1a: Blissey|Blissey, F|7/100
|move|p2a: Slowking|Psychic Noise|p1a: Blissey
|-damage|p1a: Blissey|0 fnt
|faint|p1a: Blissey
|
|upkeep
|
|t:|1760816526
|switch|p1a: Dondozo|Dondozo, M|43/100
|turn|19
|
|t:|1760816531
|switch|p1a: Corviknight|Corviknight, F|100/100
|-ability|p1a: Corviknight|Pressure
|move|p2a: Slowking|Psychic Noise|p1a: Corviknight
|-resisted|p1a: Corviknight
|-damage|p1a: Corviknight|87/100
|-start|p1a: Corviknight|move: Heal Block
|
|upkeep
|turn|20
|
|t:|1760816538
|move|p1a: Corviknight|Iron Defense|p1a: Corviknight
|-boost|p1a: Corviknight|def|2
|-prepare|p2a: Slowking|Chilly Reception|[premajor]
|move|p2a: Slowking|Chilly Reception|p2a: Slowking
|-weather|Snowscape
|
|t:|1760816540
|switch|p2a: Raging Bolt|Raging Bolt|52/100|[from] Chilly Reception
|
|-weather|Snowscape|[upkeep]
|-end|p1a: Corviknight|move: Heal Block
|upkeep
|turn|21
|
|t:|1760816544
|move|p2a: Raging Bolt|Volt Switch|p1a: Corviknight
|-supereffective|p1a: Corviknight
|-damage|p1a: Corviknight|0 fnt
|faint|p1a: Corviknight
|
|t:|1760816550
|-end|p2a: Raging Bolt|Protosynthesis|[silent]
|switch|p2a: Slowking|Slowking-Galar, M|100/100|[from] Volt Switch
|
|-weather|Snowscape|[upkeep]
|upkeep
|
|t:|1760816555
|switch|p1a: Toxapex|Toxapex, M|100/100
|turn|22
|
|t:|1760816557
|move|p1a: Toxapex|Toxic Spikes|p2a: Slowking
|-sidestart|p2: abGodc|move: Toxic Spikes
|-prepare|p2a: Slowking|Chilly Reception|[premajor]
|move|p2a: Slowking|Chilly Reception|p2a: Slowking
|
|t:|1760816559
|switch|p2a: Corviknight|Corviknight, M|100/100|[from] Chilly Reception
|-ability|p2a: Corviknight|Pressure
|
|-weather|Snowscape|[upkeep]
|upkeep
|turn|23
|
|t:|1760816566
|switch|p1a: Weezing|Weezing-Galar, M|100/100
|-ability|p1a: Weezing|Neutralizing Gas
|move|p2a: Corviknight|U-turn|p1a: Weezing
|-resisted|p1a: Weezing
|-damage|p1a: Weezing|98/100
|
|t:|1760816568
|switch|p2a: Slowking|Slowking-Galar, M|100/100|[from] U-turn
|-sideend|p2: abGodc|move: Toxic Spikes|[of] p2a: Slowking
|
|-weather|Snowscape|[upkeep]
|upkeep
|turn|24
|
|t:|1760816573
|move|p1a: Weezing|Will-O-Wisp|p2a: Slowking
|-status|p2a: Slowking|brn
|move|p2a: Slowking|Psychic Noise|p1a: Weezing
|-supereffective|p1a: Weezing
|-damage|p1a: Weezing|15/100
|-start|p1a: Weezing|move: Heal Block
|
|-weather|none
|-damage|p2a: Slowking|94/100 brn|[from] brn
|upkeep
|turn|25
|
|t:|1760816580
|move|p1a: Weezing|Pain Split|p2a: Slowking
|-sethp|p2a: Slowking|53/100 brn|[from] move: Pain Split|[silent]
|-sethp|p1a: Weezing|63/100|[from] move: Pain Split
|-prepare|p2a: Slowking|Chilly Reception|[premajor]
|move|p2a: Slowking|Chilly Reception|p2a: Slowking
|-weather|Snowscape
|
|t:|1760816582
|switch|p2a: Raging Bolt|Raging Bolt|52/100|[from] Chilly Reception
|
|-weather|Snowscape|[upkeep]
|-end|p1a: Weezing|move: Heal Block
|upkeep
|turn|26
|
|t:|1760816590
|move|p2a: Raging Bolt|Volt Switch|p1a: Weezing
|-crit|p1a: Weezing
|-damage|p1a: Weezing|0 fnt
|faint|p1a: Weezing
|-end|p1a: Weezing|ability: Neutralizing Gas
|
|t:|1760816593
|-end|p2a: Raging Bolt|Protosynthesis|[silent]
|switch|p2a: Slowking|Slowking-Galar, M|53/100 brn|[from] Volt Switch
|
|-weather|Snowscape|[upkeep]
|-damage|p2a: Slowking|47/100 brn|[from] brn
|upkeep
|
|t:|1760816599
|switch|p1a: Toxapex|Toxapex, M|100/100
|turn|27
|-message|ioalla forfeited.
|
|win|abGodc
|raw|ioalla's rating: 1537 &rarr; <strong>1519</strong><br />(-18 for losing)
|raw|abGodc's rating: 1564 &rarr; <strong>1582</strong><br />(+18 for winning)
|l|☆ioalla
|player|p1|
