|j|☆geckoflaquee
|j|☆LeonOnRoids
|t:|1760879674
|gametype|singles
|player|p1|geckoflaquee|iris|1390
|player|p2|LeonOnRoids|swimmerf|1334
|gen|9
|tier|[Gen 9] OU
|rated|
|rule|HP Percentage Mod: HP is shown in percentages
|rule|Endless Battle Clause: Forcing endless battles is banned
|rule|Species Clause: Limit one of each Pokémon
|rule|OHKO Clause: OHKO moves are banned
|rule|Evasion Items Clause: Evasion items are banned
|rule|Evasion Moves Clause: Evasion moves are banned
|rule|Evasion Abilities Clause: Evasion abilities are banned
|rule|Sleep Moves Clause: Sleep-inducing moves are banned
|clearpoke
|poke|p1|Hoopa-Unbound|
|poke|p1|Hatterene, F|
|poke|p1|Ursaluna, F|
|poke|p1|Necrozma|
|poke|p1|Scizor, F|
|poke|p1|Azumarill, F|
|poke|p2|Garganacl, F|
|poke|p2|Dragapult, F|
|poke|p2|Ogerpon-Wellspring, F|
|poke|p2|Moltres|
|poke|p2|Zamazenta-*|
|poke|p2|Iron Treads|
|teampreview
|inactive|Battle timer is ON: inactive players will automatically lose when time's up. (requested by LeonOnRoids)
|
|t:|1760879690
|teamsize|p1|6
|teamsize|p2|6
|start
|switch|p1a: Necrozma|Necrozma, shiny|100/100
|switch|p2a: Dragapult|Dragapult, F|100/100
|turn|1
|
|t:|1760879699
|switch|p1a: Ursaluna|Ursaluna, F, shiny|100/100
|move|p2a: Dragapult|U-turn|p1a: Ursaluna
|-damage|p1a: Ursaluna|89/100
|
|t:|1760879709
|switch|p2a: Ogerpon|Ogerpon-Wellspring, F|100/100|[from] U-turn
|
|-status|p1a: Ursaluna|brn|[from] item: Flame Orb
|upkeep
|turn|2
|
|t:|1760879717
|-terastallize|p1a: Ursaluna|Ghost
|move|p2a: Ogerpon|Ivy Cudgel|p1a: Ursaluna|[anim] Ivy Cudgel Water
|-damage|p1a: Ursaluna|56/100 brn
|move|p1a: Ursaluna|Facade|p2a: Ogerpon
|-damage|p2a: Ogerpon|0 fnt
|faint|p2a: Ogerpon
|
|-damage|p1a: Ursaluna|49/100 brn|[from] brn
|upkeep
|
|t:|1760879726
|switch|p2a: Dragapult|Dragapult, F|100/100
|turn|3
|
|t:|1760879730
|switch|p1a: Azumarill|Azumarill, F, shiny|100/100
|move|p2a: Dragapult|Hex|p1a: Azumarill
|-damage|p1a: Azumarill|81/100
|
|upkeep
|turn|4
|
|t:|1760879736
|move|p2a: Dragapult|Will-O-Wisp|p1a: Azumarill
|-status|p1a: Azumarill|brn
|move|p1a: Azumarill|Play Rough|p2a: Dragapult
|-supereffective|p2a: Dragapult
|-damage|p2a: Dragapult|25/100
|
|-damage|p1a: Azumarill|75/100 brn|[from] brn
|upkeep
|turn|5
|
|t:|1760879755
|move|p2a: Dragapult|U-turn|p1a: Azumarill
|-resisted|p1a: Azumarill
|-damage|p1a: Azumarill|66/100 brn
|
|t:|1760879770
|switch|p2a: Iron Treads|Iron Treads|100/100|[from] U-turn
|move|p1a: Azumarill|Play Rough|p2a: Iron Treads
|-resisted|p2a: Iron Treads
|-damage|p2a: Iron Treads|89/100
|
|-heal|p2a: Iron Treads|95/100|[from] item: Leftovers
|-damage|p1a: Azumarill|60/100 brn|[from] brn
|upkeep
|turn|6
|
|t:|1760879778
|move|p2a: Iron Treads|Stealth Rock|p1a: Azumarill
|-sidestart|p1: geckoflaquee|move: Stealth Rock
|move|p1a: Azumarill|Liquidation|p2a: Iron Treads
|-supereffective|p2a: Iron Treads
|-damage|p2a: Iron Treads|54/100
|
|-heal|p2a: Iron Treads|60/100|[from] item: Leftovers
|-damage|p1a: Azumarill|53/100 brn|[from] brn
|upkeep
|turn|7
|
|t:|1760879785
|move|p2a: Iron Treads|Knock Off|p1a: Azumarill
|-resisted|p1a: Azumarill
|-damage|p1a: Azumarill|41/100 brn
|-enditem|p1a: Azumarill|Assault Vest|[from] move: Knock Off|[of] p2a: Iron Treads
|move|p1a: Azumarill|Liquidation|p2a: Iron Treads
|-supereffective|p2a: Iron Treads
|-damage|p2a: Iron Treads|20/100
|
|-heal|p2a: Iron Treads|26/100|[from] item: Leftovers
|-damage|p1a: Azumarill|35/100 brn|[from] brn
|upkeep
|turn|8
|
|t:|1760879793
|move|p2a: Iron Treads|Earthquake|p1a: Azumarill
|-damage|p1a: Azumarill|0 fnt
|faint|p1a: Azumarill
|
|-heal|p2a: Iron Treads|32/100|[from] item: Leftovers
|upkeep
|
|t:|1760879799
|switch|p1a: Necrozma|Necrozma, shiny|100/100
|-damage|p1a: Necrozma|88/100|[from] Stealth Rock
|turn|9
|
|t:|1760879805
|move|p2a: Iron Treads|Knock Off|p1a: Necrozma
|-supereffective|p1a: Necrozma
|-damage|p1a: Necrozma|57/100
|-enditem|p1a: Necrozma|Leftovers|[from] move: Knock Off|[of] p2a: Iron Treads
|move|p1a: Necrozma|Trick Room|p1a: Necrozma
|-fieldstart|move: Trick Room|[of] p1a: Necrozma
|
|-heal|p2a: Iron Treads|38/100|[from] item: Leftovers
|upkeep
|turn|10
|
|t:|1760879822
|move|p1a: Necrozma|Earth Power|p2a: Iron Treads
|-supereffective|p2a: Iron Treads
|-damage|p2a: Iron Treads|0 fnt
|faint|p2a: Iron Treads
|-end|p2a: Iron Treads|Quark Drive|[silent]
|
|upkeep
|
|t:|1760879831
|switch|p2a: Garganacl|Garganacl, F|100/100
|turn|11
|
|t:|1760879836
|move|p2a: Garganacl|Salt Cure|p1a: Necrozma
|-damage|p1a: Necrozma|46/100
|-start|p1a: Necrozma|Salt Cure
|move|p1a: Necrozma|Earth Power|p2a: Garganacl
|-supereffective|p2a: Garganacl
|-damage|p2a: Garganacl|52/100
|-unboost|p2a: Garganacl|spd|1
|
|-heal|p2a: Garganacl|59/100|[from] item: Leftovers
|-damage|p1a: Necrozma|33/100|[from] Salt Cure
|upkeep
|turn|12
|
|t:|1760879842
|move|p2a: Garganacl|Recover|p2a: Garganacl
|-heal|p2a: Garganacl|100/100
|move|p1a: Necrozma|Moonlight|p1a: Necrozma
|-heal|p1a: Necrozma|83/100
|
|-damage|p1a: Necrozma|71/100|[from] Salt Cure
|upkeep
|turn|13
|
|t:|1760879862
|move|p2a: Garganacl|Salt Cure|p1a: Necrozma
|-damage|p1a: Necrozma|58/100
|move|p1a: Necrozma|Moonlight|p1a: Necrozma
|-heal|p1a: Necrozma|100/100
|
|-damage|p1a: Necrozma|88/100|[from] Salt Cure
|-fieldend|move: Trick Room
|upkeep
|turn|14
|
|t:|1760879875
|move|p2a: Garganacl|Salt Cure|p1a: Necrozma
|-damage|p1a: Necrozma|77/100
|move|p1a: Necrozma|Trick Room|p1a: Necrozma
|-fieldstart|move: Trick Room|[of] p1a: Necrozma
|
|-damage|p1a: Necrozma|65/100|[from] Salt Cure
|upkeep
|turn|15
|
|t:|1760879883
|switch|p1a: Hoopa|Hoopa-Unbound|100/100
|-damage|p1a: Hoopa|88/100|[from] Stealth Rock
|move|p2a: Garganacl|Salt Cure|p1a: Hoopa
|-damage|p1a: Hoopa|71/100
|-start|p1a: Hoopa|Salt Cure
|
|-damage|p1a: Hoopa|59/100|[from] Salt Cure
|upkeep
|turn|16
|
|t:|1760879906
|move|p2a: Garganacl|Body Press|p1a: Hoopa
|-damage|p1a: Hoopa|32/100
|move|p1a: Hoopa|Psychic|p2a: Garganacl
|-damage|p2a: Garganacl|15/100
|-damage|p1a: Hoopa|22/100|[from] item: Life Orb
|
|-heal|p2a: Garganacl|22/100|[from] item: Leftovers
|-damage|p1a: Hoopa|10/100|[from] Salt Cure
|upkeep
|turn|17
|inactive|geckoflaquee has 120 seconds left.
|
|t:|1760879962
|switch|p1a: Necrozma|Necrozma, shiny|65/100
|-damage|p1a: Necrozma|53/100|[from] Stealth Rock
|move|p2a: Garganacl|Recover|p2a: Garganacl
|-heal|p2a: Garganacl|72/100
|
|-heal|p2a: Garganacl|78/100|[from] item: Leftovers
|upkeep
|turn|18
|
|t:|1760879969
|move|p2a: Garganacl|Salt Cure|p1a: Necrozma
|-damage|p1a: Necrozma|41/100
|-start|p1a: Necrozma|Salt Cure
|move|p1a: Necrozma|Photon Geyser|p2a: Garganacl
|-damage|p2a: Garganacl|21/100
|
|-heal|p2a: Garganacl|27/100|[from] item: Leftovers
|-damage|p1a: Necrozma|29/100|[from] Salt Cure
|-fieldend|move: Trick Room
|upkeep
|turn|19
|
|t:|1760879985
|switch|p2a: Moltres|Moltres|100/100
|move|p1a: Necrozma|Photon Geyser|p2a: Moltres
|-damage|p2a: Moltres|52/100
|
|-damage|p1a: Necrozma|17/100|[from] Salt Cure
|upkeep
|turn|20
|inactive|geckoflaquee has 120 seconds left.
|
|t:|1760879996
|move|p2a: Moltres|Roost|p2a: Moltres
|-heal|p2a: Moltres|100/100
|-singleturn|p2a: Moltres|move: Roost
|move|p1a: Necrozma|Trick Room|p1a: Necrozma
|-fieldstart|move: Trick Room|[of] p1a: Necrozma
|
|-damage|p1a: Necrozma|4/100|[from] Salt Cure
|upkeep
|turn|21
|
|t:|1760880004
|move|p1a: Necrozma|Moonlight|p1a: Necrozma
|-heal|p1a: Necrozma|54/100
|move|p2a: Moltres|Flamethrower|p1a: Necrozma
|-damage|p1a: Necrozma|15/100
|
|-damage|p1a: Necrozma|3/100|[from] Salt Cure
|upkeep
|turn|22
|
|t:|1760880016
|move|p1a: Necrozma|Photon Geyser|p2a: Moltres
|-damage|p2a: Moltres|54/100
|move|p2a: Moltres|Roost|p2a: Moltres
|-heal|p2a: Moltres|100/100
|-singleturn|p2a: Moltres|move: Roost
|
|-damage|p1a: Necrozma|0 fnt|[from] Salt Cure
|faint|p1a: Necrozma
|upkeep
|
|t:|1760880025
|switch|p1a: Hatterene|Hatterene, F|100/100
|-damage|p1a: Hatterene|88/100|[from] Stealth Rock
|turn|23
|
|t:|1760880037
|move|p1a: Hatterene|Psychic|p2a: Moltres
|-damage|p2a: Moltres|52/100
|move|p2a: Moltres|Roar|p1a: Hatterene
|move|p1a: Hatterene|Roar|p2a: Moltres|[from] ability: Magic Bounce
|drag|p2a: Zamazenta|Zamazenta|100/100
|-ability|p2a: Zamazenta|Dauntless Shield|boost
|-boost|p2a: Zamazenta|def|1
|
|upkeep
|turn|24
|
|t:|1760880045
|move|p1a: Hatterene|Psychic|p2a: Zamazenta
|-supereffective|p2a: Zamazenta
|-damage|p2a: Zamazenta|9/100
|move|p2a: Zamazenta|Heavy Slam|p1a: Hatterene
|-supereffective|p1a: Hatterene
|-damage|p1a: Hatterene|0 fnt
|faint|p1a: Hatterene
|
|-fieldend|move: Trick Room
|upkeep
|
|t:|1760880049
|switch|p1a: Scizor|Scizor, F|100/100
|-damage|p1a: Scizor|88/100|[from] Stealth Rock
|turn|25
|
|t:|1760880059
|switch|p2a: Moltres|Moltres|52/100
|move|p1a: Scizor|Bullet Punch|p2a: Moltres
|-resisted|p2a: Moltres
|-crit|p2a: Moltres
|-damage|p2a: Moltres|23/100
|
|upkeep
|turn|26
|
|t:|1760880067
|move|p1a: Scizor|Bullet Punch|p2a: Moltres
|-resisted|p2a: Moltres
|-damage|p2a: Moltres|2/100
|-status|p1a: Scizor|brn|[from] ability: Flame Body|[of] p2a: Moltres
|move|p2a: Moltres|Roost|p2a: Moltres
|-heal|p2a: Moltres|52/100
|-singleturn|p2a: Moltres|move: Roost
|
|-damage|p1a: Scizor|82/100 brn|[from] brn
|upkeep
|turn|27
|-message|geckoflaquee forfeited.
|
|win|LeonOnRoids
|raw|geckoflaquee's rating: 1390 &rarr; <strong>1367</strong><br />(-23 for losing)
|raw|LeonOnRoids's rating: 1334 &rarr; <strong>1357</strong><br />(+23 for winning)
|l|☆geckoflaquee
|player|p1|
|l|☆LeonOnRoids
|player|p2|
