|j|☆kingkong427
|j|☆TotallySkilled
|t:|1760810519
|gametype|singles
|player|p1|kingkong427|ethan|1681
|player|p2|TotallySkilled|guzma|1645
|gen|9
|tier|[Gen 9] OU
|rated|
|rule|HP Percentage Mod: HP is shown in percentages
|rule|Endless Battle Clause: Forcing endless battles is banned
|rule|Species Clause: Limit one of each Pokémon
|rule|OHKO Clause: OHKO moves are banned
|rule|Evasion Items Clause: Evasion items are banned
|rule|Evasion Moves Clause: Evasion moves are banned
|rule|Evasion Abilities Clause: Evasion abilities are banned
|rule|Sleep Moves Clause: Sleep-inducing moves are banned
|clearpoke
|poke|p1|Great Tusk|
|poke|p1|Dragapult, F|
|poke|p1|Iron Crown|
|poke|p1|Landorus-Therian, M|
|poke|p1|Alomomola, F|
|poke|p1|Slowking-Galar, M|
|poke|p2|Moltres-Galar|
|poke|p2|Araquanid, F|
|poke|p2|Garchomp, M|
|poke|p2|Great Tusk|
|poke|p2|Sinistcha|
|poke|p2|Gholdengo|
|teampreview
|
|t:|1760810543
|teamsize|p1|6
|teamsize|p2|6
|start
|switch|p1a: Dragapult|Dragapult, F|100/100
|switch|p2a: Araquanid|Araquanid, F|100/100
|turn|1
|
|t:|1760810552
|move|p1a: Dragapult|Dragon Darts|p2a: Araquanid
|-damage|p2a: Araquanid|61/100
|-anim|p1a: Dragapult|Dragon Darts|p2a: Araquanid
|-damage|p2a: Araquanid|23/100
|move|p2a: Araquanid|Sticky Web|p1a: Dragapult
|-sidestart|p1: kingkong427|move: Sticky Web
|
|upkeep
|turn|2
|-enditem|p2a: Araquanid|Custap Berry|[eat]
|-activate|p2a: Araquanid|item: Custap Berry|[consumed]
|
|t:|1760810568
|move|p2a: Araquanid|Surf|p1a: Dragapult
|-resisted|p1a: Dragapult
|-damage|p1a: Dragapult|63/100
|move|p1a: Dragapult|Dragon Darts|p2a: Araquanid
|-crit|p2a: Araquanid
|-damage|p2a: Araquanid|0 fnt
|faint|p2a: Araquanid
|
|upkeep
|
|t:|1760810577
|switch|p2a: Gholdengo|Gholdengo|100/100
|turn|3
|
|t:|1760810588
|switch|p1a: Landorus|Landorus-Therian, M|100/100
|-ability|p1a: Landorus|Intimidate|boost
|-unboost|p2a: Gholdengo|atk|1
|move|p2a: Gholdengo|Nasty Plot|p2a: Gholdengo
|-boost|p2a: Gholdengo|spa|2
|
|upkeep
|turn|4
|
|t:|1760810594
|switch|p2a: Garchomp|Garchomp, M|100/100
|move|p1a: Landorus|Stealth Rock|p2a: Garchomp
|-sidestart|p2: TotallySkilled|move: Stealth Rock
|
|upkeep
|turn|5
|
|t:|1760810598
|switch|p1a: Alomomola|Alomomola, F|100/100
|move|p2a: Garchomp|Dragon Tail|p1a: Alomomola
|-damage|p1a: Alomomola|84/100
|drag|p1a: Dragapult|Dragapult, F|63/100
|-activate|p1a: Dragapult|move: Sticky Web
|-fail|p1a: Dragapult|unboost|[from] ability: Clear Body|[of] p1a: Dragapult
|
|upkeep
|turn|6
|
|t:|1760810608
|switch|p2a: Gholdengo|Gholdengo|100/100
|-damage|p2a: Gholdengo|94/100|[from] Stealth Rock
|move|p1a: Dragapult|Dragon Darts|p2a: Gholdengo
|-resisted|p2a: Gholdengo
|-damage|p2a: Gholdengo|79/100
|-anim|p1a: Dragapult|Dragon Darts|p2a: Gholdengo
|-resisted|p2a: Gholdengo
|-damage|p2a: Gholdengo|63/100
|
|upkeep
|turn|7
|
|t:|1760810643
|switch|p1a: Landorus|Landorus-Therian, M|100/100
|-ability|p1a: Landorus|Intimidate|boost
|-unboost|p2a: Gholdengo|atk|1
|move|p2a: Gholdengo|Make It Rain|p1a: Landorus
|-damage|p1a: Landorus|23/100
|-unboost|p2a: Gholdengo|spa|1
|
|upkeep
|turn|8
|
|t:|1760810648
|switch|p2a: Garchomp|Garchomp, M|100/100
|-damage|p2a: Garchomp|94/100|[from] Stealth Rock
|move|p1a: Landorus|Earthquake|p2a: Garchomp
|-damage|p2a: Garchomp|64/100
|
|upkeep
|turn|9
|
|t:|1760810654
|move|p2a: Garchomp|Stealth Rock|p1a: Landorus
|-sidestart|p1: kingkong427|move: Stealth Rock
|move|p1a: Landorus|Earthquake|p2a: Garchomp
|-damage|p2a: Garchomp|34/100
|
|upkeep
|turn|10
|
|t:|1760810660
|move|p1a: Landorus|Earthquake|p2a: Garchomp
|-damage|p2a: Garchomp|3/100
|move|p2a: Garchomp|Dragon Tail|p1a: Landorus
|-damage|p1a: Landorus|5/100
|-damage|p2a: Garchomp|0 fnt|[from] item: Rocky Helmet|[of] p1a: Landorus
|faint|p2a: Garchomp
|drag|p1a: Alomomola|Alomomola, F|100/100
|
|upkeep
|
|t:|1760810666
|switch|p2a: Moltres|Moltres-Galar|100/100
|-damage|p2a: Moltres|76/100|[from] Stealth Rock
|turn|11
|
|t:|1760810671
|move|p2a: Moltres|Nasty Plot|p2a: Moltres
|-boost|p2a: Moltres|spa|2
|move|p1a: Alomomola|Flip Turn|p2a: Moltres
|-damage|p2a: Moltres|55/100
|
|t:|1760810679
|switch|p1a: Dragapult|Dragapult, F|63/100|[from] Flip Turn
|-activate|p1a: Dragapult|move: Sticky Web
|-fail|p1a: Dragapult|unboost|[from] ability: Clear Body|[of] p1a: Dragapult
|-damage|p1a: Dragapult|51/100|[from] Stealth Rock
|
|-heal|p2a: Moltres|61/100|[from] item: Leftovers
|upkeep
|turn|12
|
|t:|1760810683
|-terastallize|p2a: Moltres|Fairy
|move|p1a: Dragapult|U-turn|p2a: Moltres
|-resisted|p2a: Moltres
|-damage|p2a: Moltres|40/100
|-ability|p2a: Moltres|Berserk|boost
|-boost|p2a: Moltres|spa|1
|
|t:|1760810686
|switch|p1a: Landorus|Landorus-Therian, M|5/100|[from] U-turn
|-damage|p1a: Landorus|0 fnt|[from] Stealth Rock
|faint|p1a: Landorus
|move|p2a: Moltres|Tera Blast|p1: Landorus|[notarget]
|-fail|p2a: Moltres
|
|-heal|p2a: Moltres|47/100|[from] item: Leftovers
|upkeep
|
|t:|1760810693
|switch|p1a: Dragapult|Dragapult, F|51/100
|-activate|p1a: Dragapult|move: Sticky Web
|-fail|p1a: Dragapult|unboost|[from] ability: Clear Body|[of] p1a: Dragapult
|-damage|p1a: Dragapult|38/100|[from] Stealth Rock
|turn|13
|
|t:|1760810696
|-terastallize|p1a: Dragapult|Ghost
|move|p1a: Dragapult|Tera Blast|p2a: Moltres|[anim] Tera Blast Ghost
|-damage|p2a: Moltres|0 fnt
|faint|p2a: Moltres
|
|upkeep
|
|t:|1760810700
|switch|p2a: Great Tusk|Great Tusk|100/100
|-damage|p2a: Great Tusk|98/100|[from] Stealth Rock
|-enditem|p2a: Great Tusk|Booster Energy
|-activate|p2a: Great Tusk|ability: Protosynthesis|[fromitem]
|-start|p2a: Great Tusk|protosynthesisatk
|turn|14
|
|t:|1760810707
|switch|p1a: Alomomola|Alomomola, F|100/100
|move|p2a: Great Tusk|Knock Off|p1a: Alomomola
|-damage|p1a: Alomomola|76/100
|-enditem|p1a: Alomomola|Heavy-Duty Boots|[from] move: Knock Off|[of] p2a: Great Tusk
|
|upkeep
|turn|15
|
|t:|1760810718
|move|p2a: Great Tusk|Rapid Spin|p1a: Alomomola
|-damage|p1a: Alomomola|62/100
|-boost|p2a: Great Tusk|spe|1
|-sideend|p2: TotallySkilled|Stealth Rock|[from] move: Rapid Spin|[of] p2a: Great Tusk
|move|p1a: Alomomola|Wish|p1a: Alomomola
|
|upkeep
|turn|16
|
|t:|1760810724
|move|p2a: Great Tusk|Headlong Rush|p1a: Alomomola
|-damage|p1a: Alomomola|11/100
|-unboost|p2a: Great Tusk|def|1
|-unboost|p2a: Great Tusk|spd|1
|move|p1a: Alomomola|Scald|p2a: Great Tusk
|-supereffective|p2a: Great Tusk
|-damage|p2a: Great Tusk|40/100
|
|-heal|p1a: Alomomola|61/100|[from] move: Wish|[wisher] Alomomola
|upkeep
|turn|17
|-message|TotallySkilled forfeited.
|
|win|kingkong427
|raw|kingkong427's rating: 1681 &rarr; <strong>1699</strong><br />(+18 for winning)
|raw|TotallySkilled's rating: 1645 &rarr; <strong>1627</strong><br />(-18 for losing)
|l|☆TotallySkilled
|player|p2|
|l|☆kingkong427
|player|p1|
