|j|☆one_angry_jew
|j|☆c4ptain_barnacles
|t:|1760742185
|gametype|singles
|player|p1|one_angry_jew|266|1521
|player|p2|c4ptain_barnacles|101|1482
|gen|9
|tier|[Gen 9] OU
|rated|
|rule|HP Percentage Mod: HP is shown in percentages
|rule|Endless Battle Clause: Forcing endless battles is banned
|rule|Species Clause: Limit one of each Pokémon
|rule|OHKO Clause: OHKO moves are banned
|rule|Evasion Items Clause: Evasion items are banned
|rule|Evasion Moves Clause: Evasion moves are banned
|rule|Evasion Abilities Clause: Evasion abilities are banned
|rule|Sleep Moves Clause: Sleep-inducing moves are banned
|clearpoke
|poke|p1|Vaporeon, F|
|poke|p1|Sylveon, M|
|poke|p1|Espeon, F|
|poke|p1|Jolteon, M|
|poke|p1|Glaceon, F|
|poke|p1|Umbreon, F|
|poke|p2|Kingambit, F|
|poke|p2|Cinderace, F|
|poke|p2|Landorus-Therian, M|
|poke|p2|Iron Valiant|
|poke|p2|Kyurem|
|poke|p2|Slowking-Galar, M|
|teampreview
|inactive|Battle timer is ON: inactive players will automatically lose when time's up. (requested by c4ptain_barnacles)
|
|t:|1760742206
|teamsize|p1|6
|teamsize|p2|6
|start
|switch|p1a: Vaporeon|Vaporeon, F|100/100
|switch|p2a: Kyurem|Kyurem, shiny|100/100
|-ability|p2a: Kyurem|Pressure
|turn|1
|
|t:|1760742210
|move|p2a: Kyurem|Substitute|p2a: Kyurem
|-start|p2a: Kyurem|Substitute
|-damage|p2a: Kyurem|76/100
|move|p1a: Vaporeon|Alluring Voice|p2a: Kyurem
|-supereffective|p2a: Kyurem
|-damage|p2a: Kyurem|0 fnt
|faint|p2a: Kyurem
|
|upkeep
|c|☆c4ptain_barnacles|:skull:
|
|t:|1760742223
|switch|p2a: Slowking|Slowking-Galar, M, shiny|100/100
|turn|2
|
|t:|1760742227
|switch|p1a: Espeon|Espeon, F|100/100
|move|p2a: Slowking|Psychic Noise|p1a: Espeon
|-resisted|p1a: Espeon
|-damage|p1a: Espeon|81/100
|-start|p1a: Espeon|move: Heal Block
|
|upkeep
|turn|3
|
|t:|1760742231
|move|p1a: Espeon|Trick|p2a: Slowking
|-activate|p1a: Espeon|move: Trick|[of] p2a: Slowking
|-item|p2a: Slowking|Choice Scarf|[from] move: Trick
|-item|p1a: Espeon|Heavy-Duty Boots|[from] move: Trick
|move|p2a: Slowking|Sludge Bomb|p1a: Espeon
|-damage|p1a: Espeon|39/100
|-status|p1a: Espeon|psn
|
|-damage|p1a: Espeon|27/100 psn|[from] psn
|-end|p1a: Espeon|move: Heal Block
|upkeep
|turn|4
|
|t:|1760742237
|move|p1a: Espeon|Shadow Ball|p2a: Slowking
|-supereffective|p2a: Slowking
|-damage|p2a: Slowking|63/100
|move|p2a: Slowking|Sludge Bomb|p1a: Espeon
|-damage|p1a: Espeon|0 fnt
|faint|p1a: Espeon
|
|upkeep
|
|t:|1760742246
|switch|p1a: Vaporeon|Vaporeon, F|100/100
|turn|5
|
|t:|1760742250
|move|p1a: Vaporeon|Shadow Ball|p2a: Slowking
|-supereffective|p2a: Slowking
|-damage|p2a: Slowking|17/100
|move|p2a: Slowking|Sludge Bomb|p1a: Vaporeon
|-crit|p1a: Vaporeon
|-damage|p1a: Vaporeon|62/100
|
|upkeep
|turn|6
|
|t:|1760742254
|move|p1a: Vaporeon|Shadow Ball|p2a: Slowking
|-supereffective|p2a: Slowking
|-damage|p2a: Slowking|0 fnt
|faint|p2a: Slowking
|
|upkeep
|
|t:|1760742266
|switch|p2a: Landorus|Landorus-Therian, M, shiny|100/100
|-ability|p2a: Landorus|Intimidate|boost
|-unboost|p1a: Vaporeon|atk|1
|turn|7
|
|t:|1760742270
|move|p2a: Landorus|Earthquake|p1a: Vaporeon
|-damage|p1a: Vaporeon|8/100
|move|p1a: Vaporeon|Shadow Ball|p2a: Landorus
|-damage|p2a: Landorus|52/100
|
|upkeep
|turn|8
|
|t:|1760742274
|move|p2a: Landorus|Earthquake|p1a: Vaporeon
|-damage|p1a: Vaporeon|0 fnt
|faint|p1a: Vaporeon
|
|upkeep
|
|t:|1760742276
|switch|p1a: Glaceon|Glaceon, F|100/100
|turn|9
|
|t:|1760742283
|move|p2a: Landorus|U-turn|p1a: Glaceon
|-damage|p1a: Glaceon|78/100
|
|t:|1760742284
|switch|p2a: Cinderace|Cinderace, F, shiny|100/100|[from] U-turn
|move|p1a: Glaceon|Chilling Water|p2a: Cinderace
|-supereffective|p2a: Cinderace
|-damage|p2a: Cinderace|53/100
|-unboost|p2a: Cinderace|atk|1
|
|upkeep
|turn|10
|
|t:|1760742288
|move|p2a: Cinderace|Pyro Ball|p1a: Glaceon
|-supereffective|p1a: Glaceon
|-damage|p1a: Glaceon|17/100
|move|p1a: Glaceon|Chilling Water|p2a: Cinderace
|-supereffective|p2a: Cinderace
|-damage|p2a: Cinderace|8/100
|-unboost|p2a: Cinderace|atk|1
|
|upkeep
|turn|11
|
|t:|1760742292
|move|p1a: Glaceon|Ice Shard|p2a: Cinderace
|-resisted|p2a: Cinderace
|-damage|p2a: Cinderace|4/100
|move|p2a: Cinderace|Pyro Ball|p1a: Glaceon
|-supereffective|p1a: Glaceon
|-damage|p1a: Glaceon|0 fnt
|faint|p1a: Glaceon
|
|upkeep
|
|t:|1760742303
|switch|p1a: Jolteon|Jolteon, M|100/100
|turn|12
|
|t:|1760742311
|switch|p2a: Landorus|Landorus-Therian, M, shiny|52/100
|-ability|p2a: Landorus|Intimidate|boost
|-unboost|p1a: Jolteon|atk|1
|move|p1a: Jolteon|Alluring Voice|p2a: Landorus
|-damage|p2a: Landorus|5/100
|
|upkeep
|turn|13
|
|t:|1760742317
|move|p1a: Jolteon|Alluring Voice|p2a: Landorus
|-damage|p2a: Landorus|0 fnt
|faint|p2a: Landorus
|
|upkeep
|
|t:|1760742342
|switch|p2a: Iron Valiant|Iron Valiant|100/100
|-enditem|p2a: Iron Valiant|Booster Energy
|-activate|p2a: Iron Valiant|ability: Quark Drive|[fromitem]
|-start|p2a: Iron Valiant|quarkdrivespe
|turn|14
|
|t:|1760742346
|-terastallize|p2a: Iron Valiant|Ghost
|move|p2a: Iron Valiant|Moonblast|p1a: Jolteon
|-damage|p1a: Jolteon|40/100
|move|p1a: Jolteon|Alluring Voice|p2a: Iron Valiant
|-damage|p2a: Iron Valiant|33/100
|
|upkeep
|turn|15
|
|t:|1760742352
|move|p2a: Iron Valiant|Moonblast|p1a: Jolteon
|-damage|p1a: Jolteon|0 fnt
|faint|p1a: Jolteon
|
|upkeep
|
|t:|1760742354
|switch|p1a: Sylveon|Sylveon, M|100/100
|turn|16
|
|t:|1760742358
|move|p2a: Iron Valiant|Moonblast|p1a: Sylveon
|-damage|p1a: Sylveon|79/100
|move|p1a: Sylveon|Hyper Voice|p2a: Iron Valiant
|-damage|p2a: Iron Valiant|0 fnt
|faint|p2a: Iron Valiant
|-end|p2a: Iron Valiant|Quark Drive|[silent]
|
|upkeep
|
|t:|1760742366
|switch|p2a: Cinderace|Cinderace, F, shiny|4/100
|turn|17
|
|t:|1760742368
|move|p1a: Sylveon|Quick Attack|p2a: Cinderace
|-resisted|p2a: Cinderace
|-damage|p2a: Cinderace|0 fnt
|faint|p2a: Cinderace
|
|upkeep
|
|t:|1760742370
|switch|p2a: Kingambit|Kingambit, F|100/100
|-activate|p2a: Kingambit|ability: Supreme Overlord
|-start|p2a: Kingambit|fallen5|[silent]
|turn|18
|
|t:|1760742375
|move|p2a: Kingambit|Swords Dance|p2a: Kingambit
|-boost|p2a: Kingambit|atk|2
|move|p1a: Sylveon|Hyper Voice|p2a: Kingambit
|-damage|p2a: Kingambit|43/100
|
|-heal|p2a: Kingambit|50/100|[from] item: Leftovers
|upkeep
|turn|19
|
|t:|1760742379
|-terastallize|p1a: Sylveon|Steel
|move|p2a: Kingambit|Iron Head|p1a: Sylveon
|-resisted|p1a: Sylveon
|-damage|p1a: Sylveon|0 fnt
|faint|p1a: Sylveon
|
|-heal|p2a: Kingambit|56/100|[from] item: Leftovers
|upkeep
|
|t:|1760742383
|switch|p1a: Umbreon|Umbreon, F|100/100
|turn|20
|
|t:|1760742390
|move|p2a: Kingambit|Iron Head|p1a: Umbreon
|-damage|p1a: Umbreon|14/100
|cant|p1a: Umbreon|flinch
|
|-heal|p2a: Kingambit|62/100|[from] item: Leftovers
|-heal|p1a: Umbreon|20/100|[from] item: Leftovers
|upkeep
|turn|21
|c|☆one_angry_jew|fair pokemon right there
|
|t:|1760742400
|move|p2a: Kingambit|Iron Head|p1a: Umbreon
|-damage|p1a: Umbreon|0 fnt
|faint|p1a: Umbreon
|
|win|c4ptain_barnacles
|raw|one_angry_jew's rating: 1521 &rarr; <strong>1499</strong><br />(-22 for losing)
|raw|c4ptain_barnacles's rating: 1482 &rarr; <strong>1504</strong><br />(+22 for winning)
|l|☆c4ptain_barnacles
|player|p2|
|l|☆one_angry_jew
|player|p1|
