|j|☆MooFarmer
|j|☆kingkong427
|t:|1760749687
|gametype|singles
|player|p1|MooFarmer|1|1834
|player|p2|kingkong427|ethan|1768
|gen|9
|tier|[Gen 9] OU
|rated|
|rule|HP Percentage Mod: HP is shown in percentages
|rule|Endless Battle Clause: Forcing endless battles is banned
|rule|Species Clause: Limit one of each Pokémon
|rule|OHKO Clause: OHKO moves are banned
|rule|Evasion Items Clause: Evasion items are banned
|rule|Evasion Moves Clause: Evasion moves are banned
|rule|Evasion Abilities Clause: Evasion abilities are banned
|rule|Sleep Moves Clause: Sleep-inducing moves are banned
|clearpoke
|poke|p1|Kyurem|
|poke|p1|Corviknight, M|
|poke|p1|Ting-Lu|
|poke|p1|Dondozo, F|
|poke|p1|Slowking-Galar, L99, M|
|poke|p1|Cinderace, M|
|poke|p2|Alomomola, F|
|poke|p2|Dragapult, M|
|poke|p2|Cinderace, M|
|poke|p2|Kyurem|
|poke|p2|Goodra-Hisui, F|
|poke|p2|Landorus-Therian, M|
|teampreview
|j| Capitaine Tenace
|
|t:|1760749734
|teamsize|p1|6
|teamsize|p2|6
|start
|switch|p1a: Slowking|Slowking-Galar, L99, M|100/100
|switch|p2a: Dragapult|Dragapult, M|100/100
|turn|1
|inactive|Battle timer is ON: inactive players will automatically lose when time's up. (requested by MooFarmer)
|inactive|MooFarmer has 120 seconds left.
|
|t:|1760749779
|move|p2a: Dragapult|Will-O-Wisp|p1a: Slowking
|-status|p1a: Slowking|brn
|move|p1a: Slowking|Future Sight|p2a: Dragapult
|-start|p1a: Slowking|move: Future Sight
|
|-damage|p1a: Slowking|94/100 brn|[from] brn
|upkeep
|turn|2
|j| meowscardaily
|inactive|MooFarmer has 120 seconds left.
|inactive|kingkong427 has 120 seconds left.
|l| meowscardaily
|
|t:|1760749825
|move|p2a: Dragapult|Hex|p1a: Slowking
|-supereffective|p1a: Slowking
|-damage|p1a: Slowking|34/100 brn
|-prepare|p1a: Slowking|Chilly Reception|[premajor]
|move|p1a: Slowking|Chilly Reception|p1a: Slowking
|-weather|Snowscape
|c| Capitaine Tenace|come on kingkong u can do it
|inactive|MooFarmer has 90 seconds left.
|
|t:|1760749871
|switch|p1a: Kyurem|Kyurem|100/100|[from] Chilly Reception
|-ability|p1a: Kyurem|Pressure
|
|-weather|Snowscape|[upkeep]
|upkeep
|turn|3
|inactive|kingkong427 has 120 seconds left.
|inactive|MooFarmer has 60 seconds left.
|inactive|MooFarmer has 30 seconds left.
|
|t:|1760749917
|switch|p2a: Goodra|Goodra-Hisui, F|100/100
|move|p1a: Kyurem|Earth Power|p2a: Goodra
|-supereffective|p2a: Goodra
|-damage|p2a: Goodra|71/100
|
|-weather|Snowscape|[upkeep]
|-end|p2a: Goodra|move: Future Sight
|-resisted|p2a: Goodra
|-damage|p2a: Goodra|61/100
|upkeep
|turn|4
|
|t:|1760749935
|move|p1a: Kyurem|Substitute|p1a: Kyurem
|-start|p1a: Kyurem|Substitute
|-damage|p1a: Kyurem|75/100
|move|p2a: Goodra|Sludge Bomb|p1a: Kyurem
|-end|p1a: Kyurem|Substitute
|
|-weather|Snowscape|[upkeep]
|-heal|p1a: Kyurem|82/100|[from] item: Leftovers
|upkeep
|turn|5
|
|t:|1760749943
|move|p1a: Kyurem|Protect|p1a: Kyurem
|-singleturn|p1a: Kyurem|Protect
|move|p2a: Goodra|Knock Off|p1a: Kyurem
|-activate|p1a: Kyurem|move: Protect
|
|-weather|Snowscape|[upkeep]
|-heal|p1a: Kyurem|88/100|[from] item: Leftovers
|upkeep
|turn|6
|
|t:|1760749952
|move|p1a: Kyurem|Substitute|p1a: Kyurem
|-start|p1a: Kyurem|Substitute
|-damage|p1a: Kyurem|63/100
|move|p2a: Goodra|Sludge Bomb|p1a: Kyurem
|-end|p1a: Kyurem|Substitute
|
|-weather|none
|-heal|p1a: Kyurem|69/100|[from] item: Leftovers
|upkeep
|turn|7
|inactive|kingkong427 has 120 seconds left.
|j| meowscardaily
|inactive|kingkong427 has 90 seconds left.
|
|t:|1760750010
|move|p1a: Kyurem|Protect|p1a: Kyurem
|-singleturn|p1a: Kyurem|Protect
|move|p2a: Goodra|Dragon Tail|p1a: Kyurem
|-activate|p1a: Kyurem|move: Protect
|
|-heal|p1a: Kyurem|75/100|[from] item: Leftovers
|upkeep
|turn|8
|
|t:|1760750018
|move|p1a: Kyurem|Substitute|p1a: Kyurem
|-start|p1a: Kyurem|Substitute
|-damage|p1a: Kyurem|50/100
|move|p2a: Goodra|Ice Beam|p1a: Kyurem
|-end|p1a: Kyurem|Substitute
|
|-heal|p1a: Kyurem|56/100|[from] item: Leftovers
|upkeep
|turn|9
|inactive|MooFarmer has 60 seconds left.
|j| FARAWAY AUBREY 2
|
|t:|1760750030
|move|p1a: Kyurem|Protect|p1a: Kyurem
|-singleturn|p1a: Kyurem|Protect
|move|p2a: Goodra|Knock Off|p1a: Kyurem
|-activate|p1a: Kyurem|move: Protect
|
|-heal|p1a: Kyurem|63/100|[from] item: Leftovers
|upkeep
|turn|10
|
|t:|1760750039
|move|p1a: Kyurem|Earth Power|p2a: Goodra
|-supereffective|p2a: Goodra
|-damage|p2a: Goodra|33/100
|move|p2a: Goodra|Ice Beam|p1a: Kyurem
|-damage|p1a: Kyurem|35/100
|
|-heal|p1a: Kyurem|41/100|[from] item: Leftovers
|upkeep
|turn|11
|l| meowscardaily
|inactive|kingkong427 has 90 seconds left.
|
|t:|1760750058
|move|p1a: Kyurem|Freeze-Dry|p2a: Goodra
|-damage|p2a: Goodra|18/100
|move|p2a: Goodra|Dragon Tail|p1a: Kyurem
|-supereffective|p1a: Kyurem
|-damage|p1a: Kyurem|0 fnt
|faint|p1a: Kyurem
|
|upkeep
|c| Capitaine Tenace|nice
|
|t:|1760750066
|switch|p1a: Slowking|Slowking-Galar, L99, M|68/100 brn
|turn|12
|c| Capitaine Tenace|come on king
|
|t:|1760750075
|switch|p1a: Corviknight|Corviknight, M|100/100
|-ability|p1a: Corviknight|Pressure
|move|p2a: Goodra|Knock Off|p1a: Corviknight
|-damage|p1a: Corviknight|88/100
|-damage|p2a: Goodra|1/100|[from] item: Rocky Helmet|[of] p1a: Corviknight
|-enditem|p1a: Corviknight|Rocky Helmet|[from] move: Knock Off|[of] p2a: Goodra
|
|upkeep
|turn|13
|
|t:|1760750083
|switch|p2a: Alomomola|Alomomola, F, shiny|100/100
|move|p1a: Corviknight|U-turn|p2a: Alomomola
|-damage|p2a: Alomomola|92/100
|
|t:|1760750093
|switch|p1a: Dondozo|Dondozo, F|100/100|[from] U-turn
|
|upkeep
|turn|14
|inactive|kingkong427 has 120 seconds left.
|
|t:|1760750102
|move|p2a: Alomomola|Flip Turn|p1a: Dondozo
|-resisted|p1a: Dondozo
|-damage|p1a: Dondozo|97/100
|
|t:|1760750105
|switch|p2a: Kyurem|Kyurem|100/100|[from] Flip Turn
|-ability|p2a: Kyurem|Pressure
|move|p1a: Dondozo|Curse|p1a: Dondozo
|-unboost|p1a: Dondozo|spe|1
|-boost|p1a: Dondozo|atk|1
|-boost|p1a: Dondozo|def|1
|
|-heal|p1a: Dondozo|100/100|[from] item: Leftovers
|upkeep
|turn|15
|inactive|MooFarmer has 90 seconds left.
|j| stenrn
|inactive|MooFarmer has 60 seconds left.
|
|t:|1760750151
|move|p2a: Kyurem|Substitute|p2a: Kyurem
|-start|p2a: Kyurem|Substitute
|-damage|p2a: Kyurem|76/100
|move|p1a: Dondozo|Waterfall|p2a: Kyurem
|-resisted|p2a: Kyurem
|-activate|p2a: Kyurem|move: Substitute|[damage]
|
|-heal|p2a: Kyurem|82/100|[from] item: Leftovers
|upkeep
|turn|16
|inactive|MooFarmer has 60 seconds left.
|inactive|MooFarmer has 30 seconds left.
|
|t:|1760750196
|switch|p1a: Slowking|Slowking-Galar, L99, M|100/100 brn
|move|p2a: Kyurem|Dragon Dance|p2a: Kyurem
|-boost|p2a: Kyurem|atk|1
|-boost|p2a: Kyurem|spe|1
|
|-heal|p2a: Kyurem|88/100|[from] item: Leftovers
|-damage|p1a: Slowking|94/100 brn|[from] brn
|upkeep
|turn|17
|inactive|MooFarmer has 30 seconds left.
|
|t:|1760750204
|switch|p1a: Dondozo|Dondozo, F|100/100
|move|p2a: Kyurem|Dragon Dance|p2a: Kyurem
|-boost|p2a: Kyurem|atk|1
|-boost|p2a: Kyurem|spe|1
|
|-heal|p2a: Kyurem|94/100|[from] item: Leftovers
|upkeep
|turn|18
|
|t:|1760750213
|move|p2a: Kyurem|Dragon Dance|p2a: Kyurem
|-boost|p2a: Kyurem|atk|1
|-boost|p2a: Kyurem|spe|1
|move|p1a: Dondozo|Body Press|p2a: Kyurem
|-supereffective|p2a: Kyurem
|-end|p2a: Kyurem|Substitute
|
|-heal|p2a: Kyurem|99/100|[from] item: Leftovers
|upkeep
|turn|19
|
|t:|1760750221
|move|p2a: Kyurem|Substitute|p2a: Kyurem
|-start|p2a: Kyurem|Substitute
|-damage|p2a: Kyurem|75/100
|move|p1a: Dondozo|Body Press|p2a: Kyurem
|-supereffective|p2a: Kyurem
|-end|p2a: Kyurem|Substitute
|
|-heal|p2a: Kyurem|82/100|[from] item: Leftovers
|upkeep
|turn|20
|
|t:|1760750232
|move|p2a: Kyurem|Protect|p2a: Kyurem
|-singleturn|p2a: Kyurem|Protect
|move|p1a: Dondozo|Body Press|p2a: Kyurem
|-activate|p2a: Kyurem|move: Protect
|
|-heal|p2a: Kyurem|88/100|[from] item: Leftovers
|upkeep
|turn|21
|
|t:|1760750241
|move|p2a: Kyurem|Substitute|p2a: Kyurem
|-start|p2a: Kyurem|Substitute
|-damage|p2a: Kyurem|63/100
|move|p1a: Dondozo|Body Press|p2a: Kyurem
|-supereffective|p2a: Kyurem
|-end|p2a: Kyurem|Substitute
|
|-heal|p2a: Kyurem|69/100|[from] item: Leftovers
|upkeep
|turn|22
|
|t:|1760750249
|move|p2a: Kyurem|Substitute|p2a: Kyurem
|-start|p2a: Kyurem|Substitute
|-damage|p2a: Kyurem|44/100
|move|p1a: Dondozo|Body Press|p2a: Kyurem
|-supereffective|p2a: Kyurem
|-end|p2a: Kyurem|Substitute
|
|-heal|p2a: Kyurem|50/100|[from] item: Leftovers
|upkeep
|turn|23
|inactive|MooFarmer has 60 seconds left.
|
|t:|1760750257
|move|p2a: Kyurem|Substitute|p2a: Kyurem
|-start|p2a: Kyurem|Substitute
|-damage|p2a: Kyurem|25/100
|move|p1a: Dondozo|Body Press|p2a: Kyurem
|-supereffective|p2a: Kyurem
|-end|p2a: Kyurem|Substitute
|
|-heal|p2a: Kyurem|32/100|[from] item: Leftovers
|upkeep
|turn|24
|
|t:|1760750266
|move|p2a: Kyurem|Protect|p2a: Kyurem
|-singleturn|p2a: Kyurem|Protect
|move|p1a: Dondozo|Body Press|p2a: Kyurem
|-activate|p2a: Kyurem|move: Protect
|
|-heal|p2a: Kyurem|38/100|[from] item: Leftovers
|upkeep
|turn|25
|
|t:|1760750274
|move|p2a: Kyurem|Substitute|p2a: Kyurem
|-start|p2a: Kyurem|Substitute
|-damage|p2a: Kyurem|13/100
|move|p1a: Dondozo|Body Press|p2a: Kyurem
|-supereffective|p2a: Kyurem
|-end|p2a: Kyurem|Substitute
|
|-heal|p2a: Kyurem|19/100|[from] item: Leftovers
|upkeep
|turn|26
|
|t:|1760750283
|switch|p1a: Ting-Lu|Ting-Lu|100/100
|-ability|p1a: Ting-Lu|Vessel of Ruin
|move|p2a: Kyurem|Dragon Dance|p2a: Kyurem
|-boost|p2a: Kyurem|atk|1
|-boost|p2a: Kyurem|spe|1
|
|-heal|p2a: Kyurem|25/100|[from] item: Leftovers
|upkeep
|turn|27
|
|t:|1760750291
|move|p2a: Kyurem|Protect|p2a: Kyurem
|-singleturn|p2a: Kyurem|Protect
|move|p1a: Ting-Lu|Payback|p2a: Kyurem
|-activate|p2a: Kyurem|move: Protect
|
|-heal|p2a: Kyurem|31/100|[from] item: Leftovers
|upkeep
|turn|28
|inactive|kingkong427 has 120 seconds left.
|inactive|kingkong427 has 90 seconds left.
|
|t:|1760750360
|switch|p2a: Alomomola|Alomomola, F, shiny|100/100
|move|p1a: Ting-Lu|Earthquake|p2a: Alomomola
|-damage|p2a: Alomomola|80/100
|
|upkeep
|turn|29
|inactive|MooFarmer has 90 seconds left.
|inactive|MooFarmer has 60 seconds left.
|
|t:|1760750407
|move|p1a: Ting-Lu|Earthquake|p2a: Alomomola
|-damage|p2a: Alomomola|61/100
|move|p2a: Alomomola|Wish|p2a: Alomomola
|
|upkeep
|turn|30
|inactive|MooFarmer has 30 seconds left.
|inactive|MooFarmer has 20 seconds left.
|inactive|MooFarmer has 15 seconds left.
|
|t:|1760750454
|move|p1a: Ting-Lu|Earthquake|p2a: Alomomola
|-damage|p2a: Alomomola|43/100
|move|p2a: Alomomola|Flip Turn|p1a: Ting-Lu
|-supereffective|p1a: Ting-Lu
|-damage|p1a: Ting-Lu|82/100
|
|t:|1760750457
|switch|p2a: Kyurem|Kyurem|31/100|[from] Flip Turn
|-ability|p2a: Kyurem|Pressure
|
|-heal|p2a: Kyurem|90/100|[from] move: Wish|[wisher] Alomomola
|-heal|p2a: Kyurem|96/100|[from] item: Leftovers
|-heal|p1a: Ting-Lu|88/100|[from] item: Leftovers
|upkeep
|turn|31
|inactive|MooFarmer has 30 seconds left this turn.
|inactive|kingkong427 has 120 seconds left.
|
|t:|1760750466
|move|p2a: Kyurem|Icicle Spear|p1a: Ting-Lu
|-supereffective|p1a: Ting-Lu
|-crit|p1a: Ting-Lu
|-damage|p1a: Ting-Lu|69/100
|-supereffective|p1a: Ting-Lu
|-damage|p1a: Ting-Lu|57/100
|-hitcount|p1a: Ting-Lu|2
|move|p1a: Ting-Lu|Earthquake|p2a: Kyurem
|-damage|p2a: Kyurem|69/100
|
|-heal|p2a: Kyurem|75/100|[from] item: Leftovers
|-heal|p1a: Ting-Lu|63/100|[from] item: Leftovers
|upkeep
|turn|32
|inactive|MooFarmer has 30 seconds left.
|inactive|kingkong427 has 120 seconds left.
|
|t:|1760750480
|move|p2a: Kyurem|Protect|p2a: Kyurem
|-singleturn|p2a: Kyurem|Protect
|move|p1a: Ting-Lu|Earthquake|p2a: Kyurem
|-activate|p2a: Kyurem|move: Protect
|
|-heal|p2a: Kyurem|81/100|[from] item: Leftovers
|-heal|p1a: Ting-Lu|69/100|[from] item: Leftovers
|upkeep
|turn|33
|
|t:|1760750488
|switch|p2a: Alomomola|Alomomola, F, shiny|76/100
|move|p1a: Ting-Lu|Earthquake|p2a: Alomomola
|-damage|p2a: Alomomola|58/100
|
|-heal|p1a: Ting-Lu|76/100|[from] item: Leftovers
|upkeep
|turn|34
|
|t:|1760750497
|switch|p1a: Slowking|Slowking-Galar, L99, M|100/100 brn
|move|p2a: Alomomola|Flip Turn|p1a: Slowking
|-damage|p1a: Slowking|82/100 brn
|j| LT123VB 87
|inactive|kingkong427 has 120 seconds left.
|
|t:|1760750518
|switch|p2a: Cinderace|Cinderace, M|100/100|[from] Flip Turn
|
|-damage|p1a: Slowking|76/100 brn|[from] brn
|upkeep
|turn|35
|
|t:|1760750526
|switch|p1a: Cinderace|Cinderace, M|100/100
|move|p2a: Cinderace|Pyro Ball|p1a: Cinderace|[miss]
|-miss|p2a: Cinderace|p1a: Cinderace
|
|upkeep
|turn|36
|
|t:|1760750535
|move|p2a: Cinderace|Pyro Ball|p1a: Cinderace
|-resisted|p1a: Cinderace
|-damage|p1a: Cinderace|70/100
|move|p1a: Cinderace|Pyro Ball|p2a: Cinderace
|-resisted|p2a: Cinderace
|-damage|p2a: Cinderace|72/100
|
|upkeep
|turn|37
|inactive|MooFarmer has 60 seconds left.
|
|t:|1760750545
|move|p2a: Cinderace|Pyro Ball|p1a: Cinderace
|-resisted|p1a: Cinderace
|-damage|p1a: Cinderace|40/100
|move|p1a: Cinderace|Pyro Ball|p2a: Cinderace
|-resisted|p2a: Cinderace
|-damage|p2a: Cinderace|45/100
|
|upkeep
|turn|38
|inactive|MooFarmer has 60 seconds left.
|
|t:|1760750557
|switch|p2a: Dragapult|Dragapult, M|100/100
|move|p1a: Cinderace|Pyro Ball|p2a: Dragapult
|-resisted|p2a: Dragapult
|-damage|p2a: Dragapult|65/100
|
|upkeep
|turn|39
|
|t:|1760750566
|switch|p1a: Ting-Lu|Ting-Lu|76/100
|-ability|p1a: Ting-Lu|Vessel of Ruin
|move|p2a: Dragapult|Dragon Darts|p1a: Ting-Lu
|-damage|p1a: Ting-Lu|63/100
|-anim|p2a: Dragapult|Dragon Darts|p1a: Ting-Lu
|-damage|p1a: Ting-Lu|50/100
|
|-heal|p1a: Ting-Lu|57/100|[from] item: Leftovers
|upkeep
|turn|40
|j| JuanBolt
|
|t:|1760750575
|switch|p1a: Slowking|Slowking-Galar, L99, M|100/100 brn
|move|p2a: Dragapult|Will-O-Wisp|p1a: Slowking
|-fail|p1a: Slowking|brn
|
|-damage|p1a: Slowking|94/100 brn|[from] brn
|upkeep
|turn|41
|
|t:|1760750584
|switch|p1a: Ting-Lu|Ting-Lu|57/100
|-ability|p1a: Ting-Lu|Vessel of Ruin
|move|p2a: Dragapult|Hex|p1a: Ting-Lu
|-resisted|p1a: Ting-Lu
|-crit|p1a: Ting-Lu
|-damage|p1a: Ting-Lu|48/100
|
|-heal|p1a: Ting-Lu|55/100|[from] item: Leftovers
|upkeep
|turn|42
|
|t:|1760750593
|switch|p1a: Slowking|Slowking-Galar, L99, M|100/100 brn
|move|p2a: Dragapult|U-turn|p1a: Slowking
|-crit|p1a: Slowking
|-damage|p1a: Slowking|71/100 brn
|
|t:|1760750598
|switch|p2a: Kyurem|Kyurem|81/100|[from] U-turn
|-ability|p2a: Kyurem|Pressure
|
|-heal|p2a: Kyurem|87/100|[from] item: Leftovers
|-damage|p1a: Slowking|65/100 brn|[from] brn
|upkeep
|turn|43
|inactive|MooFarmer has 90 seconds left.
|
|t:|1760750607
|move|p2a: Kyurem|Substitute|p2a: Kyurem
|-start|p2a: Kyurem|Substitute
|-damage|p2a: Kyurem|62/100
|move|p1a: Slowking|Sludge Bomb|p2a: Kyurem
|-activate|p2a: Kyurem|move: Substitute|[damage]
|
|-heal|p2a: Kyurem|68/100|[from] item: Leftovers
|-damage|p1a: Slowking|59/100 brn|[from] brn
|upkeep
|turn|44
|
|t:|1760750616
|move|p2a: Kyurem|Dragon Dance|p2a: Kyurem
|-boost|p2a: Kyurem|atk|1
|-boost|p2a: Kyurem|spe|1
|move|p1a: Slowking|Sludge Bomb|p2a: Kyurem
|-end|p2a: Kyurem|Substitute
|
|-heal|p2a: Kyurem|75/100|[from] item: Leftovers
|-damage|p1a: Slowking|53/100 brn|[from] brn
|upkeep
|turn|45
|
|t:|1760750624
|move|p2a: Kyurem|Substitute|p2a: Kyurem
|-start|p2a: Kyurem|Substitute
|-damage|p2a: Kyurem|50/100
|move|p1a: Slowking|Sludge Bomb|p2a: Kyurem
|-activate|p2a: Kyurem|move: Substitute|[damage]
|
|-heal|p2a: Kyurem|56/100|[from] item: Leftovers
|-damage|p1a: Slowking|47/100 brn|[from] brn
|upkeep
|turn|46
|c| Capitaine Tenace|come on king !!
|
|t:|1760750633
|switch|p1a: Dondozo|Dondozo, F|100/100
|move|p2a: Kyurem|Icicle Spear|p1a: Dondozo
|-resisted|p1a: Dondozo
|-damage|p1a: Dondozo|98/100
|-resisted|p1a: Dondozo
|-damage|p1a: Dondozo|95/100
|-resisted|p1a: Dondozo
|-damage|p1a: Dondozo|93/100
|-resisted|p1a: Dondozo
|-damage|p1a: Dondozo|90/100
|-hitcount|p1a: Dondozo|4
|
|-heal|p2a: Kyurem|62/100|[from] item: Leftovers
|-heal|p1a: Dondozo|96/100|[from] item: Leftovers
|upkeep
|turn|47
|
|t:|1760750641
|move|p2a: Kyurem|Dragon Dance|p2a: Kyurem
|-boost|p2a: Kyurem|atk|1
|-boost|p2a: Kyurem|spe|1
|move|p1a: Dondozo|Curse|p1a: Dondozo
|-unboost|p1a: Dondozo|spe|1
|-boost|p1a: Dondozo|atk|1
|-boost|p1a: Dondozo|def|1
|
|-heal|p2a: Kyurem|68/100|[from] item: Leftovers
|-heal|p1a: Dondozo|100/100|[from] item: Leftovers
|upkeep
|turn|48
|
|t:|1760750649
|move|p2a: Kyurem|Dragon Dance|p2a: Kyurem
|-boost|p2a: Kyurem|atk|1
|-boost|p2a: Kyurem|spe|1
|move|p1a: Dondozo|Curse|p1a: Dondozo
|-unboost|p1a: Dondozo|spe|1
|-boost|p1a: Dondozo|atk|1
|-boost|p1a: Dondozo|def|1
|
|-heal|p2a: Kyurem|74/100|[from] item: Leftovers
|upkeep
|turn|49
|inactive|MooFarmer has 120 seconds left.
|
|t:|1760750657
|move|p2a: Kyurem|Dragon Dance|p2a: Kyurem
|-boost|p2a: Kyurem|atk|1
|-boost|p2a: Kyurem|spe|1
|move|p1a: Dondozo|Curse|p1a: Dondozo
|-unboost|p1a: Dondozo|spe|1
|-boost|p1a: Dondozo|atk|1
|-boost|p1a: Dondozo|def|1
|
|-heal|p2a: Kyurem|80/100|[from] item: Leftovers
|upkeep
|turn|50
|
|t:|1760750665
|move|p2a: Kyurem|Dragon Dance|p2a: Kyurem
|-boost|p2a: Kyurem|atk|1
|-boost|p2a: Kyurem|spe|1
|move|p1a: Dondozo|Waterfall|p2a: Kyurem
|-resisted|p2a: Kyurem
|-end|p2a: Kyurem|Substitute
|
|-heal|p2a: Kyurem|87/100|[from] item: Leftovers
|upkeep
|turn|51
|
|t:|1760750674
|move|p2a: Kyurem|Substitute|p2a: Kyurem
|-start|p2a: Kyurem|Substitute
|-damage|p2a: Kyurem|62/100
|move|p1a: Dondozo|Waterfall|p2a: Kyurem
|-resisted|p2a: Kyurem
|-end|p2a: Kyurem|Substitute
|
|-heal|p2a: Kyurem|68/100|[from] item: Leftovers
|upkeep
|turn|52
|
|t:|1760750682
|move|p2a: Kyurem|Protect|p2a: Kyurem
|-singleturn|p2a: Kyurem|Protect
|move|p1a: Dondozo|Waterfall|p2a: Kyurem
|-activate|p2a: Kyurem|move: Protect
|
|-heal|p2a: Kyurem|74/100|[from] item: Leftovers
|upkeep
|turn|53
|
|t:|1760750691
|switch|p2a: Alomomola|Alomomola, F, shiny|91/100
|move|p1a: Dondozo|Waterfall|p2a: Alomomola
|-resisted|p2a: Alomomola
|-damage|p2a: Alomomola|73/100
|
|upkeep
|turn|54
|inactive|MooFarmer has 120 seconds left.
|
|t:|1760750736
|move|p2a: Alomomola|Scald|p1a: Dondozo
|-resisted|p1a: Dondozo
|-damage|p1a: Dondozo|94/100
|-status|p1a: Dondozo|brn
|move|p1a: Dondozo|Curse|p1a: Dondozo
|-unboost|p1a: Dondozo|spe|1
|-boost|p1a: Dondozo|atk|1
|-boost|p1a: Dondozo|def|1
|
|-heal|p1a: Dondozo|99/100 brn|[from] item: Leftovers
|-damage|p1a: Dondozo|94/100 brn|[from] brn
|upkeep
|turn|55
|
|t:|1760750744
|move|p2a: Alomomola|Flip Turn|p1a: Dondozo
|-resisted|p1a: Dondozo
|-damage|p1a: Dondozo|93/100 brn
|
|t:|1760750746
|switch|p2a: Kyurem|Kyurem|74/100|[from] Flip Turn
|-ability|p2a: Kyurem|Pressure
|move|p1a: Dondozo|Waterfall|p2a: Kyurem
|-resisted|p2a: Kyurem
|-damage|p2a: Kyurem|58/100
|
|-heal|p2a: Kyurem|64/100|[from] item: Leftovers
|-heal|p1a: Dondozo|99/100 brn|[from] item: Leftovers
|-damage|p1a: Dondozo|93/100 brn|[from] brn
|upkeep
|turn|56
|
|t:|1760750754
|move|p2a: Kyurem|Dragon Dance|p2a: Kyurem
|-boost|p2a: Kyurem|atk|1
|-boost|p2a: Kyurem|spe|1
|move|p1a: Dondozo|Rest|p1a: Dondozo
|-status|p1a: Dondozo|slp|[from] move: Rest
|-heal|p1a: Dondozo|100/100 slp|[silent]
|
|-heal|p2a: Kyurem|70/100|[from] item: Leftovers
|upkeep
|turn|57
|
|t:|1760750765
|move|p2a: Kyurem|Dragon Dance|p2a: Kyurem
|-boost|p2a: Kyurem|atk|1
|-boost|p2a: Kyurem|spe|1
|cant|p1a: Dondozo|slp
|
|-heal|p2a: Kyurem|76/100|[from] item: Leftovers
|upkeep
|turn|58
|
|t:|1760750775
|move|p2a: Kyurem|Dragon Dance|p2a: Kyurem
|-boost|p2a: Kyurem|atk|1
|-boost|p2a: Kyurem|spe|1
|cant|p1a: Dondozo|slp
|
|-heal|p2a: Kyurem|83/100|[from] item: Leftovers
|upkeep
|turn|59
|
|t:|1760750784
|move|p2a: Kyurem|Protect|p2a: Kyurem
|-singleturn|p2a: Kyurem|Protect
|-curestatus|p1a: Dondozo|slp|[msg]
|move|p1a: Dondozo|Waterfall|p2a: Kyurem
|-activate|p2a: Kyurem|move: Protect
|
|-heal|p2a: Kyurem|89/100|[from] item: Leftovers
|upkeep
|turn|60
|
|t:|1760750793
|move|p2a: Kyurem|Substitute|p2a: Kyurem
|-start|p2a: Kyurem|Substitute
|-damage|p2a: Kyurem|64/100
|move|p1a: Dondozo|Waterfall|p2a: Kyurem
|-resisted|p2a: Kyurem
|-end|p2a: Kyurem|Substitute
|
|-heal|p2a: Kyurem|70/100|[from] item: Leftovers
|upkeep
|turn|61
|
|t:|1760750804
|move|p2a: Kyurem|Protect|p2a: Kyurem
|-singleturn|p2a: Kyurem|Protect
|move|p1a: Dondozo|Waterfall|p2a: Kyurem
|-activate|p2a: Kyurem|move: Protect
|
|-heal|p2a: Kyurem|76/100|[from] item: Leftovers
|upkeep
|turn|62
|
|t:|1760750811
|move|p2a: Kyurem|Substitute|p2a: Kyurem
|-start|p2a: Kyurem|Substitute
|-damage|p2a: Kyurem|51/100
|move|p1a: Dondozo|Waterfall|p2a: Kyurem
|-resisted|p2a: Kyurem
|-end|p2a: Kyurem|Substitute
|
|-heal|p2a: Kyurem|58/100|[from] item: Leftovers
|upkeep
|turn|63
|
|t:|1760750820
|move|p2a: Kyurem|Protect|p2a: Kyurem
|-singleturn|p2a: Kyurem|Protect
|move|p1a: Dondozo|Curse|p1a: Dondozo
|-unboost|p1a: Dondozo|spe|1
|-boost|p1a: Dondozo|atk|1
|-boost|p1a: Dondozo|def|1
|
|-heal|p2a: Kyurem|64/100|[from] item: Leftovers
|upkeep
|turn|64
|
|t:|1760750828
|move|p2a: Kyurem|Substitute|p2a: Kyurem
|-start|p2a: Kyurem|Substitute
|-damage|p2a: Kyurem|39/100
|move|p1a: Dondozo|Waterfall|p2a: Kyurem
|-resisted|p2a: Kyurem
|-end|p2a: Kyurem|Substitute
|
|-heal|p2a: Kyurem|45/100|[from] item: Leftovers
|upkeep
|turn|65
|
|t:|1760750836
|move|p2a: Kyurem|Protect|p2a: Kyurem
|-singleturn|p2a: Kyurem|Protect
|move|p1a: Dondozo|Curse|p1a: Dondozo
|-unboost|p1a: Dondozo|spe|1
|-boost|p1a: Dondozo|atk|1
|-boost|p1a: Dondozo|def|1
|
|-heal|p2a: Kyurem|51/100|[from] item: Leftovers
|upkeep
|turn|66
|
|t:|1760750844
|move|p2a: Kyurem|Substitute|p2a: Kyurem
|-start|p2a: Kyurem|Substitute
|-damage|p2a: Kyurem|26/100
|move|p1a: Dondozo|Waterfall|p2a: Kyurem
|-resisted|p2a: Kyurem
|-end|p2a: Kyurem|Substitute
|
|-heal|p2a: Kyurem|32/100|[from] item: Leftovers
|upkeep
|turn|67
|
|t:|1760750852
|switch|p1a: Ting-Lu|Ting-Lu|55/100
|-ability|p1a: Ting-Lu|Vessel of Ruin
|move|p2a: Kyurem|Protect||[still]
|-fail|p2a: Kyurem
|
|-heal|p2a: Kyurem|39/100|[from] item: Leftovers
|-heal|p1a: Ting-Lu|61/100|[from] item: Leftovers
|upkeep
|turn|68
|
|t:|1760750861
|-terastallize|p1a: Ting-Lu|Water
|move|p2a: Kyurem|Icicle Spear|p1a: Ting-Lu
|-resisted|p1a: Ting-Lu
|-damage|p1a: Ting-Lu|53/100
|-resisted|p1a: Ting-Lu
|-damage|p1a: Ting-Lu|44/100
|-resisted|p1a: Ting-Lu
|-damage|p1a: Ting-Lu|36/100
|-hitcount|p1a: Ting-Lu|3
|move|p1a: Ting-Lu|Earthquake|p2a: Kyurem
|-damage|p2a: Kyurem|10/100
|
|-heal|p2a: Kyurem|16/100|[from] item: Leftovers
|-heal|p1a: Ting-Lu|43/100|[from] item: Leftovers
|upkeep
|turn|69
|
|t:|1760750869
|move|p2a: Kyurem|Protect|p2a: Kyurem
|-singleturn|p2a: Kyurem|Protect
|move|p1a: Ting-Lu|Payback|p2a: Kyurem
|-activate|p2a: Kyurem|move: Protect
|
|-heal|p2a: Kyurem|22/100|[from] item: Leftovers
|-heal|p1a: Ting-Lu|49/100|[from] item: Leftovers
|upkeep
|turn|70
|
|t:|1760750883
|switch|p2a: Alomomola|Alomomola, F, shiny|100/100
|move|p1a: Ting-Lu|Payback|p2a: Alomomola
|-damage|p2a: Alomomola|90/100
|
|-heal|p1a: Ting-Lu|55/100|[from] item: Leftovers
|upkeep
|turn|71
|
|t:|1760750891
|move|p1a: Ting-Lu|Rest|p1a: Ting-Lu
|-status|p1a: Ting-Lu|slp|[from] move: Rest
|-heal|p1a: Ting-Lu|100/100 slp|[silent]
|move|p2a: Alomomola|Flip Turn|p1a: Ting-Lu
|-resisted|p1a: Ting-Lu
|-damage|p1a: Ting-Lu|96/100 slp
|
|t:|1760750900
|switch|p2a: Kyurem|Kyurem|22/100|[from] Flip Turn
|-ability|p2a: Kyurem|Pressure
|
|-heal|p2a: Kyurem|28/100|[from] item: Leftovers
|-heal|p1a: Ting-Lu|100/100 slp|[from] item: Leftovers
|upkeep
|turn|72
|
|t:|1760750908
|switch|p2a: Alomomola|Alomomola, F, shiny|100/100
|cant|p1a: Ting-Lu|slp
|move|p1a: Ting-Lu|Sleep Talk|p1a: Ting-Lu
|move|p1a: Ting-Lu|Rest||[from] move: Sleep Talk|[still]
|-fail|p1a: Ting-Lu
|
|upkeep
|turn|73
|
|t:|1760750917
|cant|p1a: Ting-Lu|slp
|move|p1a: Ting-Lu|Sleep Talk|p1a: Ting-Lu
|move|p1a: Ting-Lu|Payback|p2a: Alomomola|[from] move: Sleep Talk
|-damage|p2a: Alomomola|91/100
|move|p2a: Alomomola|Wish|p2a: Alomomola
|
|upkeep
|turn|74
|
|t:|1760750925
|-curestatus|p1a: Ting-Lu|slp|[msg]
|move|p1a: Ting-Lu|Earthquake|p2a: Alomomola
|-damage|p2a: Alomomola|72/100
|move|p2a: Alomomola|Flip Turn|p1a: Ting-Lu
|-resisted|p1a: Ting-Lu
|-damage|p1a: Ting-Lu|96/100
|
|t:|1760750929
|switch|p2a: Kyurem|Kyurem|28/100|[from] Flip Turn
|-ability|p2a: Kyurem|Pressure
|
|-heal|p2a: Kyurem|87/100|[from] move: Wish|[wisher] Alomomola
|-heal|p2a: Kyurem|93/100|[from] item: Leftovers
|-heal|p1a: Ting-Lu|100/100|[from] item: Leftovers
|upkeep
|turn|75
|
|t:|1760750937
|move|p2a: Kyurem|Icicle Spear|p1a: Ting-Lu
|-resisted|p1a: Ting-Lu
|-damage|p1a: Ting-Lu|97/100
|-resisted|p1a: Ting-Lu
|-damage|p1a: Ting-Lu|94/100
|-hitcount|p1a: Ting-Lu|2
|move|p1a: Ting-Lu|Payback|p2a: Kyurem
|-damage|p2a: Kyurem|62/100
|
|-heal|p2a: Kyurem|68/100|[from] item: Leftovers
|-heal|p1a: Ting-Lu|99/100|[from] item: Leftovers
|upkeep
|turn|76
|
|t:|1760750948
|move|p2a: Kyurem|Dragon Dance|p2a: Kyurem
|-boost|p2a: Kyurem|atk|1
|-boost|p2a: Kyurem|spe|1
|move|p1a: Ting-Lu|Payback|p2a: Kyurem
|-damage|p2a: Kyurem|39/100
|
|-heal|p2a: Kyurem|45/100|[from] item: Leftovers
|-heal|p1a: Ting-Lu|100/100|[from] item: Leftovers
|upkeep
|turn|77
|
|t:|1760750956
|move|p2a: Kyurem|Protect|p2a: Kyurem
|-singleturn|p2a: Kyurem|Protect
|move|p1a: Ting-Lu|Earthquake|p2a: Kyurem
|-activate|p2a: Kyurem|move: Protect
|
|-heal|p2a: Kyurem|51/100|[from] item: Leftovers
|upkeep
|turn|78
|
|t:|1760750971
|switch|p2a: Alomomola|Alomomola, F, shiny|100/100
|move|p1a: Ting-Lu|Payback|p2a: Alomomola
|-damage|p2a: Alomomola|91/100
|
|upkeep
|turn|79
|
|t:|1760750979
|move|p1a: Ting-Lu|Payback|p2a: Alomomola
|-damage|p2a: Alomomola|82/100
|move|p2a: Alomomola|Wish|p2a: Alomomola
|
|upkeep
|turn|80
|
|t:|1760750988
|move|p1a: Ting-Lu|Earthquake|p2a: Alomomola
|-damage|p2a: Alomomola|62/100
|move|p2a: Alomomola|Flip Turn|p1a: Ting-Lu
|-resisted|p1a: Ting-Lu
|-damage|p1a: Ting-Lu|96/100
|
|t:|1760750989
|switch|p2a: Kyurem|Kyurem|51/100|[from] Flip Turn
|-ability|p2a: Kyurem|Pressure
|
|-heal|p2a: Kyurem|100/100|[from] move: Wish|[wisher] Alomomola
|-heal|p1a: Ting-Lu|100/100|[from] item: Leftovers
|upkeep
|turn|81
|
|t:|1760750998
|move|p2a: Kyurem|Dragon Dance|p2a: Kyurem
|-boost|p2a: Kyurem|atk|1
|-boost|p2a: Kyurem|spe|1
|move|p1a: Ting-Lu|Payback|p2a: Kyurem
|-damage|p2a: Kyurem|69/100
|
|-heal|p2a: Kyurem|76/100|[from] item: Leftovers
|upkeep
|turn|82
|
|t:|1760751006
|switch|p2a: Landorus|Landorus-Therian, M|100/100
|-ability|p2a: Landorus|Intimidate|boost
|-unboost|p1a: Ting-Lu|atk|1
|move|p1a: Ting-Lu|Payback|p2a: Landorus
|-damage|p2a: Landorus|86/100
|
|upkeep
|turn|83
|c| Capitaine Tenace|come ooooon kingkooong
|inactive|MooFarmer has 120 seconds left.
|
|t:|1760751052
|switch|p1a: Slowking|Slowking-Galar, L99, M|80/100 brn
|move|p2a: Landorus|U-turn|p1a: Slowking
|-damage|p1a: Slowking|36/100 brn
|
|t:|1760751069
|switch|p2a: Dragapult|Dragapult, M|65/100|[from] U-turn
|
|-damage|p1a: Slowking|29/100 brn|[from] brn
|upkeep
|turn|84
|
|t:|1760751079
|switch|p1a: Ting-Lu|Ting-Lu, tera:Water|100/100
|-ability|p1a: Ting-Lu|Vessel of Ruin
|move|p2a: Dragapult|Hex|p1a: Ting-Lu
|-damage|p1a: Ting-Lu|89/100
|
|-heal|p1a: Ting-Lu|95/100|[from] item: Leftovers
|upkeep
|turn|85
|inactive|MooFarmer has 120 seconds left.
|l| JuanBolt
|
|t:|1760751088
|move|p2a: Dragapult|U-turn|p1a: Ting-Lu
|-damage|p1a: Ting-Lu|85/100
|
|t:|1760751092
|switch|p2a: Kyurem|Kyurem|76/100|[from] U-turn
|-ability|p2a: Kyurem|Pressure
|move|p1a: Ting-Lu|Earthquake|p2a: Kyurem
|-damage|p2a: Kyurem|48/100
|
|-heal|p2a: Kyurem|54/100|[from] item: Leftovers
|-heal|p1a: Ting-Lu|91/100|[from] item: Leftovers
|upkeep
|turn|86
|
|t:|1760751103
|move|p2a: Kyurem|Dragon Dance|p2a: Kyurem
|-boost|p2a: Kyurem|atk|1
|-boost|p2a: Kyurem|spe|1
|move|p1a: Ting-Lu|Payback|p2a: Kyurem
|-damage|p2a: Kyurem|24/100
|
|-heal|p2a: Kyurem|30/100|[from] item: Leftovers
|-heal|p1a: Ting-Lu|97/100|[from] item: Leftovers
|upkeep
|turn|87
|
|t:|1760751111
|switch|p1a: Corviknight|Corviknight, M|88/100
|-ability|p1a: Corviknight|Pressure
|move|p2a: Kyurem|Icicle Spear|p1a: Corviknight
|-damage|p1a: Corviknight|76/100
|-damage|p1a: Corviknight|65/100
|-hitcount|p1a: Corviknight|2
|
|-heal|p2a: Kyurem|36/100|[from] item: Leftovers
|upkeep
|turn|88
|
|t:|1760751119
|move|p2a: Kyurem|Substitute|p2a: Kyurem
|-start|p2a: Kyurem|Substitute
|-damage|p2a: Kyurem|11/100
|move|p1a: Corviknight|Roost|p1a: Corviknight
|-heal|p1a: Corviknight|100/100
|-singleturn|p1a: Corviknight|move: Roost
|
|-heal|p2a: Kyurem|17/100|[from] item: Leftovers
|upkeep
|turn|89
|
|t:|1760751128
|move|p2a: Kyurem|Icicle Spear|p1a: Corviknight
|-damage|p1a: Corviknight|90/100
|-damage|p1a: Corviknight|80/100
|-damage|p1a: Corviknight|70/100
|-damage|p1a: Corviknight|58/100
|-damage|p1a: Corviknight|47/100
|-hitcount|p1a: Corviknight|5
|move|p1a: Corviknight|Brave Bird|p2a: Kyurem
|-end|p2a: Kyurem|Substitute
|-damage|p1a: Corviknight|38/100|[from] Recoil|[of] p2a: Kyurem
|
|-heal|p2a: Kyurem|24/100|[from] item: Leftovers
|upkeep
|turn|90
|
|t:|1760751141
|switch|p2a: Alomomola|Alomomola, F, shiny|95/100
|move|p1a: Corviknight|Roost|p1a: Corviknight
|-heal|p1a: Corviknight|88/100
|-singleturn|p1a: Corviknight|move: Roost
|
|upkeep
|turn|91
|
|t:|1760751150
|move|p1a: Corviknight|U-turn|p2a: Alomomola
|-damage|p2a: Alomomola|87/100
|
|t:|1760751158
|switch|p1a: Slowking|Slowking-Galar, L99, M|63/100 brn|[from] U-turn
|move|p2a: Alomomola|Wish|p2a: Alomomola
|
|-damage|p1a: Slowking|57/100 brn|[from] brn
|upkeep
|turn|92
|
|t:|1760751167
|move|p2a: Alomomola|Flip Turn|p1a: Slowking
|-crit|p1a: Slowking
|-damage|p1a: Slowking|33/100 brn
|
|t:|1760751170
|switch|p2a: Goodra|Goodra-Hisui, F|1/100|[from] Flip Turn
|move|p1a: Slowking|Future Sight|p2a: Goodra
|-start|p1a: Slowking|move: Future Sight
|
|-heal|p2a: Goodra|75/100|[from] move: Wish|[wisher] Alomomola
|-damage|p1a: Slowking|27/100 brn|[from] brn
|upkeep
|turn|93
|
|t:|1760751185
|switch|p1a: Corviknight|Corviknight, M|88/100
|-ability|p1a: Corviknight|Pressure
|move|p2a: Goodra|Dragon Tail|p1a: Corviknight
|-resisted|p1a: Corviknight
|-damage|p1a: Corviknight|82/100
|drag|p1a: Cinderace|Cinderace, M|40/100
|
|upkeep
|turn|94
|
|t:|1760751197
|switch|p2a: Cinderace|Cinderace, M|45/100
|move|p1a: Cinderace|U-turn|p2a: Cinderace
|-resisted|p2a: Cinderace
|-damage|p2a: Cinderace|34/100
|inactive|MooFarmer has 120 seconds left.
|
|t:|1760751243
|switch|p1a: Slowking|Slowking-Galar, L99, M|60/100 brn|[from] U-turn
|
|-end|p2a: Cinderace|move: Future Sight
|-damage|p2a: Cinderace|0 fnt
|faint|p2a: Cinderace
|-damage|p1a: Slowking|54/100 brn|[from] brn
|upkeep
|
|t:|1760751255
|switch|p2a: Landorus|Landorus-Therian, M|86/100
|-ability|p2a: Landorus|Intimidate|boost
|-unboost|p1a: Slowking|atk|1
|turn|95
|inactive|MooFarmer has 90 seconds left.
|c|☆kingkong427|man can u give up it saves us both time
|
|t:|1760751300
|switch|p1a: Corviknight|Corviknight, M|82/100
|-ability|p1a: Corviknight|Pressure
|move|p2a: Landorus|U-turn|p1a: Corviknight
|-resisted|p1a: Corviknight
|-damage|p1a: Corviknight|76/100
|c|☆kingkong427|like im not gonna make a stupid switch
|
|t:|1760751305
|switch|p2a: Kyurem|Kyurem|24/100|[from] U-turn
|-ability|p2a: Kyurem|Pressure
|
|-heal|p2a: Kyurem|30/100|[from] item: Leftovers
|upkeep
|turn|96
|
|t:|1760751314
|switch|p2a: Alomomola|Alomomola, F, shiny|100/100
|switch|p1a: Slowking|Slowking-Galar, L99, M|87/100 brn
|
|-damage|p1a: Slowking|81/100 brn|[from] brn
|upkeep
|turn|97
|inactive|MooFarmer has 90 seconds left.
|
|t:|1760751324
|move|p2a: Alomomola|Flip Turn|p1a: Slowking
|-damage|p1a: Slowking|65/100 brn
|
|t:|1760751330
|switch|p2a: Landorus|Landorus-Therian, M|86/100|[from] Flip Turn
|-ability|p2a: Landorus|Intimidate|boost
|-unboost|p1a: Slowking|atk|1
|move|p1a: Slowking|Toxic|p2a: Landorus
|-status|p2a: Landorus|tox
|
|-damage|p2a: Landorus|80/100 tox|[from] psn
|-damage|p1a: Slowking|59/100 brn|[from] brn
|upkeep
|turn|98
|c| Capitaine Tenace|give up moo
|inactive|MooFarmer has 90 seconds left.
|inactive|MooFarmer has 60 seconds left.
|
|t:|1760751375
|switch|p1a: Corviknight|Corviknight, M|76/100
|-ability|p1a: Corviknight|Pressure
|move|p2a: Landorus|U-turn|p1a: Corviknight
|-resisted|p1a: Corviknight
|-damage|p1a: Corviknight|71/100
|
|t:|1760751377
|switch|p2a: Kyurem|Kyurem|30/100|[from] U-turn
|-ability|p2a: Kyurem|Pressure
|
|-heal|p2a: Kyurem|36/100|[from] item: Leftovers
|upkeep
|turn|99
|c| Capitaine Tenace|The anti-dondozo brigade is against u
|
|t:|1760751386
|switch|p2a: Landorus|Landorus-Therian, M|80/100 tox
|-ability|p2a: Landorus|Intimidate|boost
|-unboost|p1a: Corviknight|atk|1
|switch|p1a: Slowking|Slowking-Galar, L99, M|93/100 brn
|
|-damage|p2a: Landorus|74/100 tox|[from] psn
|-damage|p1a: Slowking|86/100 brn|[from] brn
|upkeep
|turn|100
|
|t:|1760751394
|switch|p1a: Corviknight|Corviknight, M|71/100
|-ability|p1a: Corviknight|Pressure
|move|p2a: Landorus|U-turn|p1a: Corviknight
|-resisted|p1a: Corviknight
|-damage|p1a: Corviknight|65/100
|
|t:|1760751396
|switch|p2a: Kyurem|Kyurem|36/100|[from] U-turn
|-ability|p2a: Kyurem|Pressure
|
|-heal|p2a: Kyurem|42/100|[from] item: Leftovers
|upkeep
|turn|101
|
|t:|1760751404
|switch|p2a: Landorus|Landorus-Therian, M|74/100 tox
|-ability|p2a: Landorus|Intimidate|boost
|-unboost|p1a: Corviknight|atk|1
|move|p1a: Corviknight|Roost|p1a: Corviknight
|-heal|p1a: Corviknight|100/100
|-singleturn|p1a: Corviknight|move: Roost
|
|-damage|p2a: Landorus|69/100 tox|[from] psn
|upkeep
|turn|102
|
|t:|1760751412
|move|p2a: Landorus|U-turn|p1a: Corviknight
|-resisted|p1a: Corviknight
|-damage|p1a: Corviknight|94/100
|
|t:|1760751418
|switch|p2a: Alomomola|Alomomola, F, shiny|100/100|[from] U-turn
|move|p1a: Corviknight|U-turn|p2a: Alomomola
|-damage|p2a: Alomomola|96/100
|
|t:|1760751427
|switch|p1a: Slowking|Slowking-Galar, L99, M|100/100 brn|[from] U-turn
|
|-damage|p1a: Slowking|94/100 brn|[from] brn
|upkeep
|turn|103
|
|t:|1760751435
|move|p2a: Alomomola|Flip Turn|p1a: Slowking
|-damage|p1a: Slowking|78/100 brn
|
|t:|1760751445
|switch|p2a: Landorus|Landorus-Therian, M|69/100 tox|[from] Flip Turn
|-ability|p2a: Landorus|Intimidate|boost
|-unboost|p1a: Slowking|atk|1
|move|p1a: Slowking|Toxic|p2a: Landorus
|-fail|p2a: Landorus|tox
|
|-damage|p2a: Landorus|63/100 tox|[from] psn
|-damage|p1a: Slowking|72/100 brn|[from] brn
|upkeep
|turn|104
|inactive|MooFarmer has 90 seconds left.
|inactive|MooFarmer has 60 seconds left.
|
|t:|1760751491
|switch|p1a: Corviknight|Corviknight, M|94/100
|-ability|p1a: Corviknight|Pressure
|move|p2a: Landorus|U-turn|p1a: Corviknight
|-resisted|p1a: Corviknight
|-damage|p1a: Corviknight|88/100
|
|t:|1760751497
|switch|p2a: Kyurem|Kyurem|42/100|[from] U-turn
|-ability|p2a: Kyurem|Pressure
|
|-heal|p2a: Kyurem|48/100|[from] item: Leftovers
|upkeep
|turn|105
|
|t:|1760751505
|switch|p2a: Alomomola|Alomomola, F, shiny|100/100
|switch|p1a: Slowking|Slowking-Galar, L99, M|100/100 brn
|
|-damage|p1a: Slowking|94/100 brn|[from] brn
|upkeep
|turn|106
|
|t:|1760751514
|move|p2a: Alomomola|Flip Turn|p1a: Slowking
|-damage|p1a: Slowking|77/100 brn
|
|t:|1760751519
|switch|p2a: Landorus|Landorus-Therian, M|63/100 tox|[from] Flip Turn
|-ability|p2a: Landorus|Intimidate|boost
|-unboost|p1a: Slowking|atk|1
|move|p1a: Slowking|Toxic|p2a: Landorus
|-fail|p2a: Landorus|tox
|
|-damage|p2a: Landorus|57/100 tox|[from] psn
|-damage|p1a: Slowking|71/100 brn|[from] brn
|upkeep
|turn|107
|inactive|MooFarmer has 60 seconds left.
|
|t:|1760751528
|switch|p1a: Corviknight|Corviknight, M|88/100
|-ability|p1a: Corviknight|Pressure
|move|p2a: Landorus|U-turn|p1a: Corviknight
|-resisted|p1a: Corviknight
|-damage|p1a: Corviknight|83/100
|
|t:|1760751531
|switch|p2a: Kyurem|Kyurem|48/100|[from] U-turn
|-ability|p2a: Kyurem|Pressure
|
|-heal|p2a: Kyurem|54/100|[from] item: Leftovers
|upkeep
|turn|108
|
|t:|1760751540
|switch|p2a: Alomomola|Alomomola, F, shiny|100/100
|move|p1a: Corviknight|Brave Bird|p2a: Alomomola
|-damage|p2a: Alomomola|81/100
|-damage|p1a: Corviknight|74/100|[from] Recoil
|
|upkeep
|turn|109
|
|t:|1760751548
|move|p1a: Corviknight|Roost|p1a: Corviknight
|-heal|p1a: Corviknight|100/100
|-singleturn|p1a: Corviknight|move: Roost
|move|p2a: Alomomola|Flip Turn|p1a: Corviknight
|-damage|p1a: Corviknight|91/100
|
|t:|1760751550
|switch|p2a: Kyurem|Kyurem|54/100|[from] Flip Turn
|-ability|p2a: Kyurem|Pressure
|
|-heal|p2a: Kyurem|61/100|[from] item: Leftovers
|upkeep
|turn|110
|
|t:|1760751558
|switch|p2a: Alomomola|Alomomola, F, shiny|100/100
|move|p1a: Corviknight|Brave Bird|p2a: Alomomola
|-damage|p2a: Alomomola|80/100
|-damage|p1a: Corviknight|82/100|[from] Recoil
|
|upkeep
|turn|111
|
|t:|1760751567
|switch|p1a: Slowking|Slowking-Galar, L99, M|100/100 brn
|move|p2a: Alomomola|Flip Turn|p1a: Slowking
|-damage|p1a: Slowking|85/100 brn
|
|t:|1760751570
|switch|p2a: Kyurem|Kyurem|61/100|[from] Flip Turn
|-ability|p2a: Kyurem|Pressure
|
|-heal|p2a: Kyurem|67/100|[from] item: Leftovers
|-damage|p1a: Slowking|79/100 brn|[from] brn
|upkeep
|turn|112
|
|t:|1760751585
|switch|p2a: Goodra|Goodra-Hisui, F|75/100
|move|p1a: Slowking|Sludge Bomb|p2a: Goodra
|-immune|p2a: Goodra
|
|-damage|p1a: Slowking|73/100 brn|[from] brn
|upkeep
|turn|113
|
|t:|1760751594
|switch|p1a: Corviknight|Corviknight, M|82/100
|-ability|p1a: Corviknight|Pressure
|move|p2a: Goodra|Knock Off|p1a: Corviknight
|-damage|p1a: Corviknight|73/100
|
|upkeep
|turn|114
|
|t:|1760751602
|move|p1a: Corviknight|Roost|p1a: Corviknight
|-heal|p1a: Corviknight|100/100
|-singleturn|p1a: Corviknight|move: Roost
|move|p2a: Goodra|Ice Beam|p1a: Corviknight
|-resisted|p1a: Corviknight
|-damage|p1a: Corviknight|85/100
|
|upkeep
|turn|115
|
|t:|1760751611
|move|p1a: Corviknight|Roost|p1a: Corviknight
|-heal|p1a: Corviknight|100/100
|-singleturn|p1a: Corviknight|move: Roost
|move|p2a: Goodra|Ice Beam|p1a: Corviknight
|-resisted|p1a: Corviknight
|-damage|p1a: Corviknight|86/100
|
|upkeep
|turn|116
|
|t:|1760751619
|move|p1a: Corviknight|Brave Bird|p2a: Goodra
|-resisted|p2a: Goodra
|-damage|p2a: Goodra|58/100
|-ability|p2a: Goodra|Gooey
|-unboost|p1a: Corviknight|spe|1
|-damage|p1a: Corviknight|81/100|[from] Recoil
|move|p2a: Goodra|Ice Beam|p1a: Corviknight
|-damage|p1a: Corviknight|52/100
|
|upkeep
|turn|117
|
|t:|1760751628
|move|p2a: Goodra|Knock Off|p1a: Corviknight
|-damage|p1a: Corviknight|43/100
|move|p1a: Corviknight|Roost|p1a: Corviknight
|-heal|p1a: Corviknight|93/100
|-singleturn|p1a: Corviknight|move: Roost
|
|upkeep
|turn|118
|
|t:|1760751636
|move|p2a: Goodra|Ice Beam|p1a: Corviknight
|-damage|p1a: Corviknight|63/100
|move|p1a: Corviknight|Roost|p1a: Corviknight
|-heal|p1a: Corviknight|100/100
|-singleturn|p1a: Corviknight|move: Roost
|
|upkeep
|turn|119
|
|t:|1760751648
|switch|p2a: Alomomola|Alomomola, F, shiny|100/100
|switch|p1a: Cinderace|Cinderace, M|40/100
|
|upkeep
|turn|120
|
|t:|1760751657
|move|p1a: Cinderace|Will-O-Wisp|p2a: Alomomola|[miss]
|-miss|p1a: Cinderace|p2a: Alomomola
|move|p2a: Alomomola|Flip Turn|p1a: Cinderace
|-supereffective|p1a: Cinderace
|-damage|p1a: Cinderace|0 fnt
|faint|p1a: Cinderace
|
|t:|1760751663
|switch|p2a: Kyurem|Kyurem|67/100|[from] Flip Turn
|-ability|p2a: Kyurem|Pressure
|
|-heal|p2a: Kyurem|73/100|[from] item: Leftovers
|upkeep
|
|t:|1760751672
|switch|p1a: Slowking|Slowking-Galar, L99, M|100/100 brn
|turn|121
|
|t:|1760751680
|-terastallize|p2a: Kyurem|Steel
|move|p2a: Kyurem|Substitute|p2a: Kyurem
|-start|p2a: Kyurem|Substitute
|-damage|p2a: Kyurem|48/100
|move|p1a: Slowking|Future Sight|p2a: Kyurem
|-start|p1a: Slowking|move: Future Sight
|
|-heal|p2a: Kyurem|54/100|[from] item: Leftovers
|-damage|p1a: Slowking|94/100 brn|[from] brn
|upkeep
|turn|122
|
|t:|1760751688
|move|p2a: Kyurem|Dragon Dance|p2a: Kyurem
|-boost|p2a: Kyurem|atk|1
|-boost|p2a: Kyurem|spe|1
|-prepare|p1a: Slowking|Chilly Reception|[premajor]
|move|p1a: Slowking|Chilly Reception|p1a: Slowking
|-weather|Snowscape
|
|t:|1760751697
|switch|p1a: Corviknight|Corviknight, M|100/100|[from] Chilly Reception
|-ability|p1a: Corviknight|Pressure
|
|-weather|Snowscape|[upkeep]
|-heal|p2a: Kyurem|60/100|[from] item: Leftovers
|upkeep
|turn|123
|
|t:|1760751705
|move|p2a: Kyurem|Dragon Dance|p2a: Kyurem
|-boost|p2a: Kyurem|atk|1
|-boost|p2a: Kyurem|spe|1
|move|p1a: Corviknight|U-turn|p2a: Kyurem
|-resisted|p2a: Kyurem
|-activate|p2a: Kyurem|move: Substitute|[damage]
|
|t:|1760751713
|switch|p1a: Slowking|Slowking-Galar, L99, M|100/100 brn|[from] U-turn
|
|-weather|Snowscape|[upkeep]
|-end|p2a: Kyurem|move: Future Sight
|-resisted|p2a: Kyurem
|-activate|p2a: Kyurem|move: Substitute|[damage]
|-heal|p2a: Kyurem|67/100|[from] item: Leftovers
|-damage|p1a: Slowking|94/100 brn|[from] brn
|upkeep
|turn|124
|
|t:|1760751721
|switch|p1a: Dondozo|Dondozo, F|100/100
|move|p2a: Kyurem|Icicle Spear|p1a: Dondozo
|-resisted|p1a: Dondozo
|-damage|p1a: Dondozo|98/100
|-resisted|p1a: Dondozo
|-damage|p1a: Dondozo|95/100
|-resisted|p1a: Dondozo
|-damage|p1a: Dondozo|93/100
|-hitcount|p1a: Dondozo|3
|
|-weather|Snowscape|[upkeep]
|-heal|p2a: Kyurem|73/100|[from] item: Leftovers
|-heal|p1a: Dondozo|99/100|[from] item: Leftovers
|upkeep
|turn|125
|
|t:|1760751729
|move|p2a: Kyurem|Dragon Dance|p2a: Kyurem
|-boost|p2a: Kyurem|atk|1
|-boost|p2a: Kyurem|spe|1
|move|p1a: Dondozo|Curse|p1a: Dondozo
|-unboost|p1a: Dondozo|spe|1
|-boost|p1a: Dondozo|atk|1
|-boost|p1a: Dondozo|def|1
|
|-weather|Snowscape|[upkeep]
|-heal|p2a: Kyurem|79/100|[from] item: Leftovers
|-heal|p1a: Dondozo|100/100|[from] item: Leftovers
|upkeep
|turn|126
|
|t:|1760751737
|move|p2a: Kyurem|Dragon Dance|p2a: Kyurem
|-boost|p2a: Kyurem|atk|1
|-boost|p2a: Kyurem|spe|1
|move|p1a: Dondozo|Curse|p1a: Dondozo
|-unboost|p1a: Dondozo|spe|1
|-boost|p1a: Dondozo|atk|1
|-boost|p1a: Dondozo|def|1
|
|-weather|none
|-heal|p2a: Kyurem|85/100|[from] item: Leftovers
|upkeep
|turn|127
|j| bananana324
|
|t:|1760751745
|move|p2a: Kyurem|Dragon Dance|p2a: Kyurem
|-boost|p2a: Kyurem|atk|1
|-boost|p2a: Kyurem|spe|1
|move|p1a: Dondozo|Curse|p1a: Dondozo
|-unboost|p1a: Dondozo|spe|1
|-boost|p1a: Dondozo|atk|1
|-boost|p1a: Dondozo|def|1
|
|-heal|p2a: Kyurem|91/100|[from] item: Leftovers
|upkeep
|turn|128
|
|t:|1760751753
|move|p2a: Kyurem|Dragon Dance|p2a: Kyurem
|-boost|p2a: Kyurem|atk|1
|-boost|p2a: Kyurem|spe|1
|move|p1a: Dondozo|Curse|p1a: Dondozo
|-unboost|p1a: Dondozo|spe|1
|-boost|p1a: Dondozo|atk|1
|-boost|p1a: Dondozo|def|1
|
|-heal|p2a: Kyurem|97/100|[from] item: Leftovers
|upkeep
|turn|129
|
|t:|1760751761
|move|p2a: Kyurem|Dragon Dance|p2a: Kyurem
|-boost|p2a: Kyurem|atk|0
|-boost|p2a: Kyurem|spe|0
|move|p1a: Dondozo|Rest|p1a: Dondozo
|-fail|p1a: Dondozo|heal
|
|-heal|p2a: Kyurem|100/100|[from] item: Leftovers
|upkeep
|turn|130
|
|t:|1760751770
|move|p2a: Kyurem|Dragon Dance|p2a: Kyurem
|-boost|p2a: Kyurem|atk|0
|-boost|p2a: Kyurem|spe|0
|move|p1a: Dondozo|Rest|p1a: Dondozo
|-fail|p1a: Dondozo|heal
|
|upkeep
|turn|131
|
|t:|1760751778
|move|p2a: Kyurem|Dragon Dance|p2a: Kyurem
|-boost|p2a: Kyurem|atk|0
|-boost|p2a: Kyurem|spe|0
|move|p1a: Dondozo|Rest|p1a: Dondozo
|-fail|p1a: Dondozo|heal
|
|upkeep
|turn|132
|
|t:|1760751786
|move|p2a: Kyurem|Dragon Dance|p2a: Kyurem
|-boost|p2a: Kyurem|atk|0
|-boost|p2a: Kyurem|spe|0
|move|p1a: Dondozo|Curse|p1a: Dondozo
|-unboost|p1a: Dondozo|spe|1
|-boost|p1a: Dondozo|atk|1
|-boost|p1a: Dondozo|def|1
|
|upkeep
|turn|133
|
|t:|1760751794
|move|p2a: Kyurem|Dragon Dance|p2a: Kyurem
|-boost|p2a: Kyurem|atk|0
|-boost|p2a: Kyurem|spe|0
|move|p1a: Dondozo|Curse|p1a: Dondozo
|-unboost|p1a: Dondozo|spe|1
|-boost|p1a: Dondozo|atk|1
|-boost|p1a: Dondozo|def|1
|
|upkeep
|turn|134
|
|t:|1760751802
|move|p2a: Kyurem|Dragon Dance|p2a: Kyurem
|-boost|p2a: Kyurem|atk|0
|-boost|p2a: Kyurem|spe|0
|move|p1a: Dondozo|Rest|p1a: Dondozo
|-fail|p1a: Dondozo|heal
|
|upkeep
|turn|135
|
|t:|1760751810
|move|p2a: Kyurem|Icicle Spear|p1a: Dondozo
|-resisted|p1a: Dondozo
|-damage|p1a: Dondozo|99/100
|-resisted|p1a: Dondozo
|-damage|p1a: Dondozo|99/100
|-hitcount|p1a: Dondozo|2
|move|p1a: Dondozo|Rest|p1a: Dondozo
|-status|p1a: Dondozo|slp|[from] move: Rest
|-heal|p1a: Dondozo|100/100 slp|[silent]
|
|upkeep
|turn|136
|
|t:|1760751819
|move|p2a: Kyurem|Icicle Spear|p1a: Dondozo
|-resisted|p1a: Dondozo
|-damage|p1a: Dondozo|99/100 slp
|-resisted|p1a: Dondozo
|-damage|p1a: Dondozo|99/100 slp
|-resisted|p1a: Dondozo
|-damage|p1a: Dondozo|99/100 slp
|-resisted|p1a: Dondozo
|-damage|p1a: Dondozo|98/100 slp
|-hitcount|p1a: Dondozo|4
|cant|p1a: Dondozo|slp
|
|-heal|p1a: Dondozo|100/100 slp|[from] item: Leftovers
|upkeep
|turn|137
|
|t:|1760751827
|move|p2a: Kyurem|Icicle Spear|p1a: Dondozo
|-resisted|p1a: Dondozo
|-damage|p1a: Dondozo|99/100 slp
|-resisted|p1a: Dondozo
|-damage|p1a: Dondozo|99/100 slp
|-resisted|p1a: Dondozo
|-damage|p1a: Dondozo|99/100 slp
|-resisted|p1a: Dondozo
|-damage|p1a: Dondozo|98/100 slp
|-hitcount|p1a: Dondozo|4
|cant|p1a: Dondozo|slp
|
|-heal|p1a: Dondozo|100/100 slp|[from] item: Leftovers
|upkeep
|turn|138
|
|t:|1760751835
|move|p2a: Kyurem|Dragon Dance|p2a: Kyurem
|-boost|p2a: Kyurem|atk|0
|-boost|p2a: Kyurem|spe|0
|-curestatus|p1a: Dondozo|slp|[msg]
|move|p1a: Dondozo|Rest|p1a: Dondozo
|-fail|p1a: Dondozo|heal
|
|upkeep
|turn|139
|
|t:|1760751844
|move|p2a: Kyurem|Icicle Spear|p1a: Dondozo
|-resisted|p1a: Dondozo
|-damage|p1a: Dondozo|99/100
|-resisted|p1a: Dondozo
|-damage|p1a: Dondozo|99/100
|-hitcount|p1a: Dondozo|2
|move|p1a: Dondozo|Curse|p1a: Dondozo
|
|-heal|p1a: Dondozo|100/100|[from] item: Leftovers
|upkeep
|turn|140
|
|t:|1760751854
|move|p2a: Kyurem|Dragon Dance|p2a: Kyurem
|-boost|p2a: Kyurem|atk|0
|-boost|p2a: Kyurem|spe|0
|move|p1a: Dondozo|Curse|p1a: Dondozo
|
|upkeep
|turn|141
|
|t:|1760751862
|move|p2a: Kyurem|Dragon Dance|p2a: Kyurem
|-boost|p2a: Kyurem|atk|0
|-boost|p2a: Kyurem|spe|0
|move|p1a: Dondozo|Curse|p1a: Dondozo
|
|upkeep
|turn|142
|
|t:|1760751870
|move|p2a: Kyurem|Protect|p2a: Kyurem
|-singleturn|p2a: Kyurem|Protect
|move|p1a: Dondozo|Waterfall|p2a: Kyurem
|-activate|p2a: Kyurem|move: Protect
|
|upkeep
|turn|143
|
|t:|1760751878
|switch|p1a: Ting-Lu|Ting-Lu, tera:Water|97/100
|-ability|p1a: Ting-Lu|Vessel of Ruin
|move|p2a: Kyurem|Dragon Dance|p2a: Kyurem
|-boost|p2a: Kyurem|atk|0
|-boost|p2a: Kyurem|spe|0
|
|-heal|p1a: Ting-Lu|100/100|[from] item: Leftovers
|upkeep
|turn|144
|
|t:|1760751886
|move|p2a: Kyurem|Icicle Spear|p1a: Ting-Lu
|-resisted|p1a: Ting-Lu
|-damage|p1a: Ting-Lu|88/100
|-resisted|p1a: Ting-Lu
|-damage|p1a: Ting-Lu|75/100
|-hitcount|p1a: Ting-Lu|2
|move|p1a: Ting-Lu|Rest|p1a: Ting-Lu
|-status|p1a: Ting-Lu|slp|[from] move: Rest
|-heal|p1a: Ting-Lu|100/100 slp|[silent]
|
|upkeep
|turn|145
|
|t:|1760751894
|move|p2a: Kyurem|Dragon Dance|p2a: Kyurem
|-boost|p2a: Kyurem|atk|0
|-boost|p2a: Kyurem|spe|0
|cant|p1a: Ting-Lu|slp
|move|p1a: Ting-Lu|Sleep Talk|p1a: Ting-Lu
|move|p1a: Ting-Lu|Earthquake|p2a: Kyurem|[from] move: Sleep Talk
|-supereffective|p2a: Kyurem
|-end|p2a: Kyurem|Substitute
|
|upkeep
|turn|146
|
|t:|1760751903
|move|p2a: Kyurem|Icicle Spear|p1a: Ting-Lu
|-resisted|p1a: Ting-Lu
|-damage|p1a: Ting-Lu|86/100 slp
|-resisted|p1a: Ting-Lu
|-damage|p1a: Ting-Lu|73/100 slp
|-resisted|p1a: Ting-Lu
|-damage|p1a: Ting-Lu|59/100 slp
|-resisted|p1a: Ting-Lu
|-damage|p1a: Ting-Lu|45/100 slp
|-resisted|p1a: Ting-Lu
|-damage|p1a: Ting-Lu|32/100 slp
|-hitcount|p1a: Ting-Lu|5
|cant|p1a: Ting-Lu|slp
|move|p1a: Ting-Lu|Sleep Talk|p1a: Ting-Lu
|move|p1a: Ting-Lu|Earthquake|p2a: Kyurem|[from] move: Sleep Talk
|-supereffective|p2a: Kyurem
|-damage|p2a: Kyurem|38/100
|
|-heal|p2a: Kyurem|44/100|[from] item: Leftovers
|-heal|p1a: Ting-Lu|38/100 slp|[from] item: Leftovers
|upkeep
|turn|147
|
|t:|1760751924
|move|p2a: Kyurem|Icicle Spear|p1a: Ting-Lu
|-resisted|p1a: Ting-Lu
|-damage|p1a: Ting-Lu|25/100 slp
|-resisted|p1a: Ting-Lu
|-damage|p1a: Ting-Lu|12/100 slp
|-hitcount|p1a: Ting-Lu|2
|-curestatus|p1a: Ting-Lu|slp|[msg]
|move|p1a: Ting-Lu|Rest|p1a: Ting-Lu
|-status|p1a: Ting-Lu|slp|[from] move: Rest
|-heal|p1a: Ting-Lu|100/100 slp|[silent]
|
|-heal|p2a: Kyurem|50/100|[from] item: Leftovers
|upkeep
|turn|148
|
|t:|1760751932
|move|p2a: Kyurem|Protect|p2a: Kyurem
|-singleturn|p2a: Kyurem|Protect
|cant|p1a: Ting-Lu|slp
|move|p1a: Ting-Lu|Sleep Talk|p1a: Ting-Lu
|move|p1a: Ting-Lu|Rest||[from] move: Sleep Talk|[still]
|-fail|p1a: Ting-Lu
|
|-heal|p2a: Kyurem|56/100|[from] item: Leftovers
|upkeep
|turn|149
|
|t:|1760751940
|move|p2a: Kyurem|Substitute|p2a: Kyurem
|-start|p2a: Kyurem|Substitute
|-damage|p2a: Kyurem|32/100
|cant|p1a: Ting-Lu|slp
|move|p1a: Ting-Lu|Sleep Talk|p1a: Ting-Lu
|move|p1a: Ting-Lu|Earthquake|p2a: Kyurem|[from] move: Sleep Talk
|-supereffective|p2a: Kyurem
|-end|p2a: Kyurem|Substitute
|
|-heal|p2a: Kyurem|38/100|[from] item: Leftovers
|upkeep
|turn|150
|
|t:|1760751949
|move|p2a: Kyurem|Icicle Spear|p1a: Ting-Lu
|-resisted|p1a: Ting-Lu
|-damage|p1a: Ting-Lu|86/100 slp
|-resisted|p1a: Ting-Lu
|-damage|p1a: Ting-Lu|74/100 slp
|-resisted|p1a: Ting-Lu
|-damage|p1a: Ting-Lu|60/100 slp
|-resisted|p1a: Ting-Lu
|-damage|p1a: Ting-Lu|48/100 slp
|-resisted|p1a: Ting-Lu
|-damage|p1a: Ting-Lu|35/100 slp
|-hitcount|p1a: Ting-Lu|5
|-curestatus|p1a: Ting-Lu|slp|[msg]
|move|p1a: Ting-Lu|Rest|p1a: Ting-Lu
|-status|p1a: Ting-Lu|slp|[from] move: Rest
|-heal|p1a: Ting-Lu|100/100 slp|[silent]
|
|-heal|p2a: Kyurem|44/100|[from] item: Leftovers
|upkeep
|turn|151
|
|t:|1760751965
|move|p2a: Kyurem|Protect|p2a: Kyurem
|-singleturn|p2a: Kyurem|Protect
|cant|p1a: Ting-Lu|slp
|move|p1a: Ting-Lu|Sleep Talk|p1a: Ting-Lu
|move|p1a: Ting-Lu|Earthquake|p2a: Kyurem|[from] move: Sleep Talk
|-activate|p2a: Kyurem|move: Protect
|
|-heal|p2a: Kyurem|50/100|[from] item: Leftovers
|upkeep
|turn|152
|
|t:|1760751974
|switch|p2a: Alomomola|Alomomola, F, shiny|100/100
|cant|p1a: Ting-Lu|slp
|move|p1a: Ting-Lu|Sleep Talk|p1a: Ting-Lu
|move|p1a: Ting-Lu|Rest||[from] move: Sleep Talk|[still]
|-fail|p1a: Ting-Lu
|
|upkeep
|turn|153
|
|t:|1760751982
|-curestatus|p1a: Ting-Lu|slp|[msg]
|move|p1a: Ting-Lu|Sleep Talk||[still]
|-fail|p1a: Ting-Lu
|move|p2a: Alomomola|Wish|p2a: Alomomola
|
|upkeep
|turn|154
|
|t:|1760751991
|switch|p1a: Corviknight|Corviknight, M|100/100
|-ability|p1a: Corviknight|Pressure
|move|p2a: Alomomola|Flip Turn|p1a: Corviknight
|-damage|p1a: Corviknight|91/100
|
|t:|1760752003
|switch|p2a: Dragapult|Dragapult, M|65/100|[from] Flip Turn
|
|-heal|p2a: Dragapult|100/100|[from] move: Wish|[wisher] Alomomola
|upkeep
|turn|155
|
|t:|1760752012
|switch|p1a: Slowking|Slowking-Galar, L99, M|100/100 brn
|move|p2a: Dragapult|Hex|p1a: Slowking
|-supereffective|p1a: Slowking
|-damage|p1a: Slowking|40/100 brn
|
|-damage|p1a: Slowking|34/100 brn|[from] brn
|upkeep
|turn|156
|
|t:|1760752020
|switch|p1a: Ting-Lu|Ting-Lu, tera:Water|100/100
|-ability|p1a: Ting-Lu|Vessel of Ruin
|move|p2a: Dragapult|Hex|p1a: Ting-Lu
|-damage|p1a: Ting-Lu|89/100
|
|-heal|p1a: Ting-Lu|95/100|[from] item: Leftovers
|upkeep
|turn|157
|
|t:|1760752029
|move|p2a: Dragapult|U-turn|p1a: Ting-Lu
|-damage|p1a: Ting-Lu|84/100
|
|t:|1760752031
|switch|p2a: Alomomola|Alomomola, F, shiny|100/100|[from] U-turn
|move|p1a: Ting-Lu|Sleep Talk||[still]
|-fail|p1a: Ting-Lu
|
|-heal|p1a: Ting-Lu|90/100|[from] item: Leftovers
|upkeep
|turn|158
|inactive|MooFarmer has 90 seconds left.
|
|t:|1760752040
|switch|p1a: Slowking|Slowking-Galar, L99, M|67/100 brn
|move|p2a: Alomomola|Flip Turn|p1a: Slowking
|-damage|p1a: Slowking|49/100 brn
|
|t:|1760752042
|switch|p2a: Landorus|Landorus-Therian, M|57/100 tox|[from] Flip Turn
|-ability|p2a: Landorus|Intimidate|boost
|-unboost|p1a: Slowking|atk|1
|
|-damage|p2a: Landorus|51/100 tox|[from] psn
|-damage|p1a: Slowking|43/100 brn|[from] brn
|upkeep
|turn|159
|inactive|MooFarmer has 90 seconds left.
|inactive|MooFarmer has 60 seconds left.
|
|t:|1760752087
|switch|p1a: Corviknight|Corviknight, M|91/100
|-ability|p1a: Corviknight|Pressure
|move|p2a: Landorus|U-turn|p1a: Corviknight
|-resisted|p1a: Corviknight
|-damage|p1a: Corviknight|85/100
|
|t:|1760752091
|switch|p2a: Alomomola|Alomomola, F, shiny|100/100|[from] U-turn
|
|upkeep
|turn|160
|inactive|MooFarmer has 60 seconds left.
|
|t:|1760752099
|switch|p1a: Slowking|Slowking-Galar, L99, M|76/100 brn
|move|p2a: Alomomola|Wish|p2a: Alomomola
|
|-damage|p1a: Slowking|70/100 brn|[from] brn
|upkeep
|turn|161
|inactive|MooFarmer has 60 seconds left.
|
|t:|1760752108
|switch|p1a: Ting-Lu|Ting-Lu, tera:Water|90/100
|-ability|p1a: Ting-Lu|Vessel of Ruin
|move|p2a: Alomomola|Flip Turn|p1a: Ting-Lu
|-resisted|p1a: Ting-Lu
|-damage|p1a: Ting-Lu|86/100
|
|t:|1760752111
|switch|p2a: Kyurem|Kyurem, tera:Steel|50/100|[from] Flip Turn
|-ability|p2a: Kyurem|Pressure
|
|-heal|p2a: Kyurem|100/100|[from] move: Wish|[wisher] Alomomola
|-heal|p1a: Ting-Lu|92/100|[from] item: Leftovers
|upkeep
|turn|162
|
|t:|1760752119
|move|p2a: Kyurem|Icicle Spear|p1a: Ting-Lu
|-resisted|p1a: Ting-Lu
|-damage|p1a: Ting-Lu|88/100
|-resisted|p1a: Ting-Lu
|-damage|p1a: Ting-Lu|85/100
|-resisted|p1a: Ting-Lu
|-damage|p1a: Ting-Lu|82/100
|-resisted|p1a: Ting-Lu
|-damage|p1a: Ting-Lu|79/100
|-resisted|p1a: Ting-Lu
|-damage|p1a: Ting-Lu|76/100
|-hitcount|p1a: Ting-Lu|5
|move|p1a: Ting-Lu|Rest|p1a: Ting-Lu
|-status|p1a: Ting-Lu|slp|[from] move: Rest
|-heal|p1a: Ting-Lu|100/100 slp|[silent]
|
|upkeep
|turn|163
|
|t:|1760752128
|switch|p1a: Slowking|Slowking-Galar, L99, M|100/100 brn
|move|p2a: Kyurem|Protect||[still]
|-fail|p2a: Kyurem
|
|-damage|p1a: Slowking|94/100 brn|[from] brn
|upkeep
|turn|164
|
|t:|1760752136
|move|p2a: Kyurem|Icicle Spear|p1a: Slowking
|-damage|p1a: Slowking|81/100 brn
|-damage|p1a: Slowking|68/100 brn
|-damage|p1a: Slowking|55/100 brn
|-hitcount|p1a: Slowking|3
|move|p1a: Slowking|Future Sight|p2a: Kyurem
|-start|p1a: Slowking|move: Future Sight
|
|-damage|p1a: Slowking|48/100 brn|[from] brn
|upkeep
|turn|165
|
|t:|1760752149
|switch|p1a: Ting-Lu|Ting-Lu, tera:Water|100/100 slp
|-ability|p1a: Ting-Lu|Vessel of Ruin
|move|p2a: Kyurem|Icicle Spear|p1a: Ting-Lu
|-resisted|p1a: Ting-Lu
|-damage|p1a: Ting-Lu|98/100 slp
|-resisted|p1a: Ting-Lu
|-damage|p1a: Ting-Lu|94/100 slp
|-resisted|p1a: Ting-Lu
|-damage|p1a: Ting-Lu|92/100 slp
|-hitcount|p1a: Ting-Lu|3
|
|-heal|p1a: Ting-Lu|98/100 slp|[from] item: Leftovers
|upkeep
|turn|166
|
|t:|1760752158
|switch|p1a: Slowking|Slowking-Galar, L99, M|82/100 brn
|move|p2a: Kyurem|Icicle Spear|p1a: Slowking
|-damage|p1a: Slowking|68/100 brn
|-crit|p1a: Slowking
|-damage|p1a: Slowking|48/100 brn
|-damage|p1a: Slowking|35/100 brn
|-hitcount|p1a: Slowking|3
|
|-end|p2a: Kyurem|move: Future Sight
|-resisted|p2a: Kyurem
|-damage|p2a: Kyurem|87/100
|-heal|p2a: Kyurem|93/100|[from] item: Leftovers
|-damage|p1a: Slowking|29/100 brn|[from] brn
|upkeep
|turn|167
|
|t:|1760752166
|switch|p1a: Ting-Lu|Ting-Lu, tera:Water|98/100 slp
|-ability|p1a: Ting-Lu|Vessel of Ruin
|move|p2a: Kyurem|Icicle Spear|p1a: Ting-Lu
|-resisted|p1a: Ting-Lu
|-damage|p1a: Ting-Lu|95/100 slp
|-resisted|p1a: Ting-Lu
|-damage|p1a: Ting-Lu|92/100 slp
|-resisted|p1a: Ting-Lu
|-damage|p1a: Ting-Lu|89/100 slp
|-hitcount|p1a: Ting-Lu|3
|
|-heal|p2a: Kyurem|99/100|[from] item: Leftovers
|-heal|p1a: Ting-Lu|95/100 slp|[from] item: Leftovers
|upkeep
|turn|168
|
|t:|1760752175
|switch|p1a: Slowking|Slowking-Galar, L99, M|63/100 brn
|move|p2a: Kyurem|Icicle Spear|p1a: Slowking
|-damage|p1a: Slowking|51/100 brn
|-damage|p1a: Slowking|38/100 brn
|-hitcount|p1a: Slowking|2
|
|-heal|p2a: Kyurem|100/100|[from] item: Leftovers
|-damage|p1a: Slowking|32/100 brn|[from] brn
|upkeep
|turn|169
|
|t:|1760752183
|switch|p1a: Ting-Lu|Ting-Lu, tera:Water|95/100 slp
|-ability|p1a: Ting-Lu|Vessel of Ruin
|move|p2a: Kyurem|Icicle Spear|p1a: Ting-Lu
|-resisted|p1a: Ting-Lu
|-damage|p1a: Ting-Lu|92/100 slp
|-resisted|p1a: Ting-Lu
|-damage|p1a: Ting-Lu|89/100 slp
|-resisted|p1a: Ting-Lu
|-damage|p1a: Ting-Lu|86/100 slp
|-hitcount|p1a: Ting-Lu|3
|
|-heal|p1a: Ting-Lu|92/100 slp|[from] item: Leftovers
|upkeep
|turn|170
|
|t:|1760752192
|switch|p1a: Slowking|Slowking-Galar, L99, M|65/100 brn
|move|p2a: Kyurem|Icicle Spear|p1a: Slowking
|-damage|p1a: Slowking|53/100 brn
|-damage|p1a: Slowking|41/100 brn
|-hitcount|p1a: Slowking|2
|
|-damage|p1a: Slowking|35/100 brn|[from] brn
|upkeep
|turn|171
|
|t:|1760752200
|switch|p1a: Ting-Lu|Ting-Lu, tera:Water|92/100 slp
|-ability|p1a: Ting-Lu|Vessel of Ruin
|move|p2a: Kyurem|Icicle Spear|p1a: Ting-Lu
|-resisted|p1a: Ting-Lu
|-damage|p1a: Ting-Lu|89/100 slp
|-resisted|p1a: Ting-Lu
|-damage|p1a: Ting-Lu|86/100 slp
|-hitcount|p1a: Ting-Lu|2
|
|-heal|p1a: Ting-Lu|92/100 slp|[from] item: Leftovers
|upkeep
|turn|172
|
|t:|1760752209
|switch|p1a: Slowking|Slowking-Galar, L99, M|68/100 brn
|move|p2a: Kyurem|Icicle Spear|p1a: Slowking
|-damage|p1a: Slowking|55/100 brn
|-crit|p1a: Slowking
|-damage|p1a: Slowking|36/100 brn
|-hitcount|p1a: Slowking|2
|
|-damage|p1a: Slowking|30/100 brn|[from] brn
|upkeep
|turn|173
|
|t:|1760752217
|switch|p1a: Ting-Lu|Ting-Lu, tera:Water|92/100 slp
|-ability|p1a: Ting-Lu|Vessel of Ruin
|move|p2a: Kyurem|Icicle Spear|p1a: Ting-Lu
|-resisted|p1a: Ting-Lu
|-damage|p1a: Ting-Lu|88/100 slp
|-resisted|p1a: Ting-Lu
|-damage|p1a: Ting-Lu|85/100 slp
|-hitcount|p1a: Ting-Lu|2
|
|-heal|p1a: Ting-Lu|91/100 slp|[from] item: Leftovers
|upkeep
|turn|174
|
|t:|1760752226
|switch|p1a: Slowking|Slowking-Galar, L99, M|64/100 brn
|move|p2a: Kyurem|Icicle Spear|p1a: Slowking
|-damage|p1a: Slowking|50/100 brn
|-damage|p1a: Slowking|38/100 brn
|-damage|p1a: Slowking|25/100 brn
|-hitcount|p1a: Slowking|3
|
|-damage|p1a: Slowking|19/100 brn|[from] brn
|upkeep
|turn|175
|
|t:|1760752235
|switch|p1a: Ting-Lu|Ting-Lu, tera:Water|91/100 slp
|-ability|p1a: Ting-Lu|Vessel of Ruin
|move|p2a: Kyurem|Icicle Spear|p1a: Ting-Lu
|-resisted|p1a: Ting-Lu
|-damage|p1a: Ting-Lu|88/100 slp
|-resisted|p1a: Ting-Lu
|-damage|p1a: Ting-Lu|85/100 slp
|-hitcount|p1a: Ting-Lu|2
|
|-heal|p1a: Ting-Lu|91/100 slp|[from] item: Leftovers
|upkeep
|turn|176
|c|☆kingkong427|lemme get 5 hits game
|
|t:|1760752243
|switch|p1a: Slowking|Slowking-Galar, L99, M|52/100 brn
|move|p2a: Kyurem|Icicle Spear|p1a: Slowking
|-damage|p1a: Slowking|39/100 brn
|-damage|p1a: Slowking|25/100 brn
|-damage|p1a: Slowking|13/100 brn
|-hitcount|p1a: Slowking|3
|
|-damage|p1a: Slowking|7/100 brn|[from] brn
|upkeep
|turn|177
|
|t:|1760752252
|switch|p1a: Ting-Lu|Ting-Lu, tera:Water|91/100 slp
|-ability|p1a: Ting-Lu|Vessel of Ruin
|move|p2a: Kyurem|Icicle Spear|p1a: Ting-Lu
|-resisted|p1a: Ting-Lu
|-damage|p1a: Ting-Lu|87/100 slp
|-resisted|p1a: Ting-Lu
|-damage|p1a: Ting-Lu|84/100 slp
|-resisted|p1a: Ting-Lu
|-damage|p1a: Ting-Lu|81/100 slp
|-resisted|p1a: Ting-Lu
|-damage|p1a: Ting-Lu|78/100 slp
|-resisted|p1a: Ting-Lu
|-damage|p1a: Ting-Lu|75/100 slp
|-hitcount|p1a: Ting-Lu|5
|
|-heal|p1a: Ting-Lu|81/100 slp|[from] item: Leftovers
|upkeep
|turn|178
|
|t:|1760752260
|switch|p1a: Slowking|Slowking-Galar, L99, M|40/100 brn
|move|p2a: Kyurem|Icicle Spear|p1a: Slowking
|-damage|p1a: Slowking|28/100 brn
|-damage|p1a: Slowking|15/100 brn
|-damage|p1a: Slowking|2/100 brn
|-hitcount|p1a: Slowking|3
|
|-damage|p1a: Slowking|0 fnt|[from] brn
|faint|p1a: Slowking
|upkeep
|
|t:|1760752269
|switch|p1a: Corviknight|Corviknight, M|85/100
|-ability|p1a: Corviknight|Pressure
|turn|179
|c| Capitaine Tenace|eheh
|
|t:|1760752277
|switch|p1a: Ting-Lu|Ting-Lu, tera:Water|81/100 slp
|-ability|p1a: Ting-Lu|Vessel of Ruin
|move|p2a: Kyurem|Icicle Spear|p1a: Ting-Lu
|-resisted|p1a: Ting-Lu
|-damage|p1a: Ting-Lu|78/100 slp
|-resisted|p1a: Ting-Lu
|-damage|p1a: Ting-Lu|74/100 slp
|-hitcount|p1a: Ting-Lu|2
|
|-heal|p1a: Ting-Lu|81/100 slp|[from] item: Leftovers
|upkeep
|turn|180
|
|t:|1760752286
|move|p2a: Kyurem|Icicle Spear|p1a: Ting-Lu
|-resisted|p1a: Ting-Lu
|-damage|p1a: Ting-Lu|77/100 slp
|-resisted|p1a: Ting-Lu
|-damage|p1a: Ting-Lu|74/100 slp
|-resisted|p1a: Ting-Lu
|-damage|p1a: Ting-Lu|70/100 slp
|-resisted|p1a: Ting-Lu
|-damage|p1a: Ting-Lu|67/100 slp
|-hitcount|p1a: Ting-Lu|4
|cant|p1a: Ting-Lu|slp
|move|p1a: Ting-Lu|Sleep Talk|p1a: Ting-Lu
|move|p1a: Ting-Lu|Rest||[from] move: Sleep Talk|[still]
|-fail|p1a: Ting-Lu
|
|-heal|p1a: Ting-Lu|73/100 slp|[from] item: Leftovers
|upkeep
|turn|181
|j| dedmarley
|
|t:|1760752296
|move|p2a: Kyurem|Icicle Spear|p1a: Ting-Lu
|-resisted|p1a: Ting-Lu
|-damage|p1a: Ting-Lu|70/100 slp
|-resisted|p1a: Ting-Lu
|-damage|p1a: Ting-Lu|67/100 slp
|-resisted|p1a: Ting-Lu
|-damage|p1a: Ting-Lu|64/100 slp
|-resisted|p1a: Ting-Lu
|-damage|p1a: Ting-Lu|61/100 slp
|-resisted|p1a: Ting-Lu
|-damage|p1a: Ting-Lu|57/100 slp
|-hitcount|p1a: Ting-Lu|5
|cant|p1a: Ting-Lu|slp
|
|-heal|p1a: Ting-Lu|63/100 slp|[from] item: Leftovers
|upkeep
|turn|182
|
|t:|1760752305
|move|p2a: Kyurem|Icicle Spear|p1a: Ting-Lu
|-resisted|p1a: Ting-Lu
|-damage|p1a: Ting-Lu|60/100 slp
|-resisted|p1a: Ting-Lu
|-damage|p1a: Ting-Lu|57/100 slp
|-resisted|p1a: Ting-Lu
|-damage|p1a: Ting-Lu|54/100 slp
|-resisted|p1a: Ting-Lu
|-damage|p1a: Ting-Lu|50/100 slp
|-hitcount|p1a: Ting-Lu|4
|-curestatus|p1a: Ting-Lu|slp|[msg]
|move|p1a: Ting-Lu|Rest|p1a: Ting-Lu
|-status|p1a: Ting-Lu|slp|[from] move: Rest
|-heal|p1a: Ting-Lu|100/100 slp|[silent]
|
|upkeep
|turn|183
|
|t:|1760752314
|switch|p1a: Corviknight|Corviknight, M|85/100
|-ability|p1a: Corviknight|Pressure
|move|p2a: Kyurem|Icicle Spear|p1a: Corviknight
|-damage|p1a: Corviknight|78/100
|-damage|p1a: Corviknight|71/100
|-damage|p1a: Corviknight|63/100
|-hitcount|p1a: Corviknight|3
|
|upkeep
|turn|184
|c| dedmarley|200 rounds to lose 5-0
|
|t:|1760752322
|move|p2a: Kyurem|Icicle Spear|p1a: Corviknight
|-damage|p1a: Corviknight|56/100
|-damage|p1a: Corviknight|49/100
|-hitcount|p1a: Corviknight|2
|move|p1a: Corviknight|Defog|p2a: Kyurem
|-unboost|p2a: Kyurem|evasion|1
|
|upkeep
|turn|185
|
|t:|1760752331
|switch|p1a: Ting-Lu|Ting-Lu, tera:Water|100/100 slp
|-ability|p1a: Ting-Lu|Vessel of Ruin
|move|p2a: Kyurem|Icicle Spear|p1a: Ting-Lu
|-resisted|p1a: Ting-Lu
|-damage|p1a: Ting-Lu|97/100 slp
|-resisted|p1a: Ting-Lu
|-damage|p1a: Ting-Lu|94/100 slp
|-resisted|p1a: Ting-Lu
|-damage|p1a: Ting-Lu|91/100 slp
|-hitcount|p1a: Ting-Lu|3
|
|-heal|p1a: Ting-Lu|97/100 slp|[from] item: Leftovers
|upkeep
|turn|186
|
|t:|1760752340
|switch|p2a: Alomomola|Alomomola, F, shiny|100/100
|cant|p1a: Ting-Lu|slp
|
|-heal|p1a: Ting-Lu|100/100 slp|[from] item: Leftovers
|upkeep
|turn|187
|
|t:|1760752349
|switch|p1a: Corviknight|Corviknight, M|49/100
|-ability|p1a: Corviknight|Pressure
|move|p2a: Alomomola|Wish|p2a: Alomomola
|
|upkeep
|turn|188
|
|t:|1760752357
|move|p1a: Corviknight|Defog|p2a: Alomomola
|-unboost|p2a: Alomomola|evasion|1
|move|p2a: Alomomola|Flip Turn|p1a: Corviknight
|-damage|p1a: Corviknight|40/100
|
|t:|1760752359
|switch|p2a: Landorus|Landorus-Therian, M|51/100 tox|[from] Flip Turn
|-ability|p2a: Landorus|Intimidate|boost
|-unboost|p1a: Corviknight|atk|1
|
|-heal|p2a: Landorus|100/100 tox|[from] move: Wish|[wisher] Alomomola
|-damage|p2a: Landorus|95/100 tox|[from] psn
|upkeep
|turn|189
|
|t:|1760752368
|move|p2a: Landorus|U-turn|p1a: Corviknight
|-resisted|p1a: Corviknight
|-damage|p1a: Corviknight|34/100
|
|t:|1760752373
|switch|p2a: Alomomola|Alomomola, F, shiny|100/100|[from] U-turn
|move|p1a: Corviknight|Brave Bird|p2a: Alomomola
|-damage|p2a: Alomomola|87/100
|-damage|p1a: Corviknight|28/100|[from] Recoil
|
|upkeep
|turn|190
|
|t:|1760752382
|move|p1a: Corviknight|U-turn|p2a: Alomomola
|-damage|p2a: Alomomola|82/100
|
|t:|1760752391
|switch|p1a: Ting-Lu|Ting-Lu, tera:Water|100/100 slp|[from] U-turn
|-ability|p1a: Ting-Lu|Vessel of Ruin
|move|p2a: Alomomola|Flip Turn|p1a: Ting-Lu
|-resisted|p1a: Ting-Lu
|-damage|p1a: Ting-Lu|96/100 slp
|
|t:|1760752400
|switch|p2a: Landorus|Landorus-Therian, M|95/100 tox|[from] Flip Turn
|-ability|p2a: Landorus|Intimidate|boost
|-unboost|p1a: Ting-Lu|atk|1
|
|-heal|p1a: Ting-Lu|100/100 slp|[from] item: Leftovers
|-damage|p2a: Landorus|89/100 tox|[from] psn
|upkeep
|turn|191
|
|t:|1760752409
|switch|p1a: Corviknight|Corviknight, M|28/100
|-ability|p1a: Corviknight|Pressure
|move|p2a: Landorus|U-turn|p1a: Corviknight
|-resisted|p1a: Corviknight
|-damage|p1a: Corviknight|23/100
|
|t:|1760752411
|switch|p2a: Alomomola|Alomomola, F, shiny|100/100|[from] U-turn
|
|upkeep
|turn|192
|
|t:|1760752420
|move|p1a: Corviknight|Defog|p2a: Alomomola
|-unboost|p2a: Alomomola|evasion|1
|move|p2a: Alomomola|Flip Turn|p1a: Corviknight
|-damage|p1a: Corviknight|13/100
|
|t:|1760752423
|switch|p2a: Dragapult|Dragapult, M|100/100|[from] Flip Turn
|
|upkeep
|turn|193
|inactive|MooFarmer has 90 seconds left.
|
|t:|1760752431
|switch|p1a: Ting-Lu|Ting-Lu, tera:Water|100/100 slp
|-ability|p1a: Ting-Lu|Vessel of Ruin
|move|p2a: Dragapult|U-turn|p1a: Ting-Lu
|-damage|p1a: Ting-Lu|90/100 slp
|
|t:|1760752439
|switch|p2a: Goodra|Goodra-Hisui, F|58/100|[from] U-turn
|
|-heal|p1a: Ting-Lu|96/100 slp|[from] item: Leftovers
|upkeep
|turn|194
|
|t:|1760752456
|switch|p1a: Corviknight|Corviknight, M|13/100
|-ability|p1a: Corviknight|Pressure
|move|p2a: Goodra|Knock Off|p1a: Corviknight
|-damage|p1a: Corviknight|4/100
|
|upkeep
|turn|195
|
|t:|1760752465
|move|p1a: Corviknight|U-turn|p2a: Goodra
|-resisted|p2a: Goodra
|-damage|p2a: Goodra|51/100
|-ability|p2a: Goodra|Gooey
|-unboost|p1a: Corviknight|spe|1
|
|t:|1760752473
|switch|p1a: Ting-Lu|Ting-Lu, tera:Water|96/100 slp|[from] U-turn
|-ability|p1a: Ting-Lu|Vessel of Ruin
|move|p2a: Goodra|Knock Off|p1a: Ting-Lu
|-damage|p1a: Ting-Lu|85/100 slp
|-enditem|p1a: Ting-Lu|Leftovers|[from] move: Knock Off|[of] p2a: Goodra
|
|upkeep
|turn|196
|
|t:|1760752482
|switch|p1a: Corviknight|Corviknight, M|4/100
|-ability|p1a: Corviknight|Pressure
|move|p2a: Goodra|Knock Off|p1a: Corviknight
|-damage|p1a: Corviknight|0 fnt
|faint|p1a: Corviknight
|
|upkeep
|
|t:|1760752490
|switch|p1a: Ting-Lu|Ting-Lu, tera:Water|85/100 slp
|-ability|p1a: Ting-Lu|Vessel of Ruin
|turn|197
|c|☆kingkong427|just ff and go next
|
|t:|1760752498
|switch|p1a: Dondozo|Dondozo, F|100/100
|move|p2a: Goodra|Knock Off|p1a: Dondozo
|-damage|p1a: Dondozo|90/100
|-enditem|p1a: Dondozo|Leftovers|[from] move: Knock Off|[of] p2a: Goodra
|
|upkeep
|turn|198
|
|t:|1760752509
|switch|p2a: Dragapult|Dragapult, M|100/100
|switch|p1a: Ting-Lu|Ting-Lu, tera:Water|85/100 slp
|-ability|p1a: Ting-Lu|Vessel of Ruin
|
|upkeep
|turn|199
|
|t:|1760752518
|switch|p1a: Dondozo|Dondozo, F|90/100
|move|p2a: Dragapult|Hex|p1a: Dondozo
|-damage|p1a: Dondozo|67/100
|
|upkeep
|turn|200
|
|t:|1760752525
|switch|p1a: Ting-Lu|Ting-Lu, tera:Water|85/100 slp
|-ability|p1a: Ting-Lu|Vessel of Ruin
|move|p2a: Dragapult|Will-O-Wisp||[still]
|-fail|p2a: Dragapult
|
|upkeep
|turn|201
|inactive|MooFarmer has 90 seconds left.
|
|t:|1760752534
|switch|p1a: Dondozo|Dondozo, F|67/100
|move|p2a: Dragapult|Will-O-Wisp|p1a: Dondozo
|-status|p1a: Dondozo|brn
|
|-damage|p1a: Dondozo|60/100 brn|[from] brn
|upkeep
|turn|202
|j| zapbros
|inactive|MooFarmer has 90 seconds left.
|
|t:|1760752541
|move|p2a: Dragapult|Hex|p1a: Dondozo
|-damage|p1a: Dondozo|10/100 brn
|move|p1a: Dondozo|Rest|p1a: Dondozo
|-status|p1a: Dondozo|slp|[from] move: Rest
|-heal|p1a: Dondozo|100/100 slp|[silent]
|
|upkeep
|turn|203
|
|t:|1760752549
|switch|p1a: Ting-Lu|Ting-Lu, tera:Water|85/100 slp
|-ability|p1a: Ting-Lu|Vessel of Ruin
|move|p2a: Dragapult|Hex|p1a: Ting-Lu
|-damage|p1a: Ting-Lu|61/100 slp
|
|upkeep
|turn|204
|
|t:|1760752558
|move|p2a: Dragapult|Hex|p1a: Ting-Lu
|-damage|p1a: Ting-Lu|39/100 slp
|cant|p1a: Ting-Lu|slp
|
|upkeep
|turn|205
|
|t:|1760752571
|move|p2a: Dragapult|U-turn|p1a: Ting-Lu
|-damage|p1a: Ting-Lu|28/100 slp
|
|t:|1760752572
|switch|p2a: Landorus|Landorus-Therian, M|89/100 tox|[from] U-turn
|-ability|p2a: Landorus|Intimidate|boost
|-unboost|p1a: Ting-Lu|atk|1
|-curestatus|p1a: Ting-Lu|slp|[msg]
|move|p1a: Ting-Lu|Rest|p1a: Ting-Lu
|-status|p1a: Ting-Lu|slp|[from] move: Rest
|-heal|p1a: Ting-Lu|100/100 slp|[silent]
|
|-damage|p2a: Landorus|83/100 tox|[from] psn
|upkeep
|turn|206
|
|t:|1760752580
|switch|p1a: Dondozo|Dondozo, F|100/100 slp
|move|p2a: Landorus|Earthquake|p1a: Dondozo
|-damage|p1a: Dondozo|66/100 slp
|
|-damage|p2a: Landorus|71/100 tox|[from] psn
|upkeep
|turn|207
|
|t:|1760752588
|switch|p1a: Ting-Lu|Ting-Lu, tera:Water|100/100 slp
|-ability|p1a: Ting-Lu|Vessel of Ruin
|move|p2a: Landorus|Earthquake|p1a: Ting-Lu
|-damage|p1a: Ting-Lu|55/100 slp
|
|-damage|p2a: Landorus|53/100 tox|[from] psn
|upkeep
|turn|208
|
|t:|1760752596
|switch|p2a: Dragapult|Dragapult, M|100/100
|cant|p1a: Ting-Lu|slp
|move|p1a: Ting-Lu|Sleep Talk|p1a: Ting-Lu
|move|p1a: Ting-Lu|Earthquake|p2a: Dragapult|[from] move: Sleep Talk
|-damage|p2a: Dragapult|53/100
|
|upkeep
|turn|209
|
|t:|1760752603
|switch|p1a: Dondozo|Dondozo, F|66/100 slp
|move|p2a: Dragapult|Hex|p1a: Dondozo
|-damage|p1a: Dondozo|18/100 slp
|
|upkeep
|turn|210
|
|t:|1760752610
|switch|p1a: Ting-Lu|Ting-Lu, tera:Water|55/100 slp
|-ability|p1a: Ting-Lu|Vessel of Ruin
|move|p2a: Dragapult|Dragon Darts|p1a: Ting-Lu
|-damage|p1a: Ting-Lu|43/100 slp
|-anim|p2a: Dragapult|Dragon Darts|p1a: Ting-Lu
|-damage|p1a: Ting-Lu|32/100 slp
|
|upkeep
|turn|211
|
|t:|1760752618
|switch|p1a: Dondozo|Dondozo, F|18/100 slp
|move|p2a: Dragapult|Dragon Darts|p1a: Dondozo
|-damage|p1a: Dondozo|8/100 slp
|-anim|p2a: Dragapult|Dragon Darts|p1a: Dondozo
|-damage|p1a: Dondozo|0 fnt
|faint|p1a: Dondozo
|
|upkeep
|
|t:|1760752625
|switch|p1a: Ting-Lu|Ting-Lu, tera:Water|32/100 slp
|-ability|p1a: Ting-Lu|Vessel of Ruin
|turn|212
|
|t:|1760752632
|move|p2a: Dragapult|Dragon Darts|p1a: Ting-Lu
|-damage|p1a: Ting-Lu|20/100 slp
|-anim|p2a: Dragapult|Dragon Darts|p1a: Ting-Lu
|-damage|p1a: Ting-Lu|8/100 slp
|cant|p1a: Ting-Lu|slp
|
|upkeep
|turn|213
|
|t:|1760752635
|move|p2a: Dragapult|Dragon Darts|p1a: Ting-Lu
|-damage|p1a: Ting-Lu|0 fnt
|faint|p1a: Ting-Lu
|
|win|kingkong427
|raw|MooFarmer's rating: 1834 &rarr; <strong>1811</strong><br />(-23 for losing)
|raw|kingkong427's rating: 1783 &rarr; <strong>1806</strong><br />(+23 for winning)
|c|☆kingkong427|gg
|l|☆MooFarmer
|player|p1|
|l|☆kingkong427
|player|p2|
