|j|☆MarxN64
|j|☆Chocokoala VGC
|t:|1760782991
|gametype|singles
|player|p1|MarxN64|gentleman-gen4|1263
|player|p2|Chocokoala VGC|aaron|1333
|gen|9
|tier|[Gen 9] OU
|rated|
|rule|HP Percentage Mod: HP is shown in percentages
|rule|Endless Battle Clause: Forcing endless battles is banned
|rule|Species Clause: Limit one of each Pokémon
|rule|OHKO Clause: OHKO moves are banned
|rule|Evasion Items Clause: Evasion items are banned
|rule|Evasion Moves Clause: Evasion moves are banned
|rule|Evasion Abilities Clause: Evasion abilities are banned
|rule|Sleep Moves Clause: Sleep-inducing moves are banned
|clearpoke
|poke|p1|Houndstone, F|
|poke|p1|Zamazenta-*|
|poke|p1|Suicune|
|poke|p1|Coalossal, F|
|poke|p1|Arcanine-Hisui, F|
|poke|p1|Okidogi, M|
|poke|p2|Incineroar, F|
|poke|p2|Landorus-Therian, M|
|poke|p2|Ogerpon-Wellspring, F|
|poke|p2|Gholdengo|
|poke|p2|Great Tusk|
|poke|p2|Alomomola, F|
|teampreview
|inactive|Battle timer is ON: inactive players will automatically lose when time's up. (requested by Chocokoala VGC)
|
|t:|1760783013
|teamsize|p1|6
|teamsize|p2|6
|start
|switch|p1a: Rudy|Houndstone, F, shiny|100/100
|switch|p2a: Landorus|Landorus-Therian, M|100/100
|-ability|p2a: Landorus|Intimidate|boost
|-unboost|p1a: Rudy|atk|1
|turn|1
|
|t:|1760783025
|move|p2a: Landorus|Stealth Rock|p1a: Rudy
|-sidestart|p1: MarxN64|move: Stealth Rock
|move|p1a: Rudy|Will-O-Wisp|p2a: Landorus
|-status|p2a: Landorus|brn
|
|-damage|p2a: Landorus|95/100 brn|[from] brn
|upkeep
|turn|2
|
|t:|1760783033
|move|p2a: Landorus|Earthquake|p1a: Rudy
|-damage|p1a: Rudy|73/100
|move|p1a: Rudy|Night Shade|p2a: Landorus
|-damage|p2a: Landorus|63/100 brn
|
|-heal|p1a: Rudy|79/100|[from] item: Leftovers
|-damage|p2a: Landorus|57/100 brn|[from] brn
|upkeep
|turn|3
|
|t:|1760783037
|move|p2a: Landorus|U-turn|p1a: Rudy
|-resisted|p1a: Rudy
|-damage|p1a: Rudy|76/100
|
|t:|1760783040
|switch|p2a: Incineroar|Incineroar, F|100/100|[from] U-turn
|-ability|p2a: Incineroar|Intimidate|boost
|-unboost|p1a: Rudy|atk|1
|move|p1a: Rudy|Night Shade|p2a: Incineroar
|-damage|p2a: Incineroar|75/100
|
|-heal|p1a: Rudy|82/100|[from] item: Leftovers
|upkeep
|turn|4
|
|t:|1760783046
|move|p1a: Rudy|Night Shade|p2a: Incineroar
|-damage|p2a: Incineroar|50/100
|move|p2a: Incineroar|Knock Off|p1a: Rudy
|-supereffective|p1a: Rudy
|-crit|p1a: Rudy
|-damage|p1a: Rudy|26/100
|-enditem|p1a: Rudy|Leftovers|[from] move: Knock Off|[of] p2a: Incineroar
|
|upkeep
|turn|5
|
|t:|1760783056
|move|p1a: Rudy|Pain Split|p2a: Incineroar
|-sethp|p2a: Incineroar|35/100|[from] move: Pain Split|[silent]
|-sethp|p1a: Rudy|45/100|[from] move: Pain Split
|move|p2a: Incineroar|Parting Shot|p1a: Rudy
|-unboost|p1a: Rudy|atk|1
|-unboost|p1a: Rudy|spa|1
|
|t:|1760783059
|switch|p2a: Ogerpon|Ogerpon-Wellspring, F|100/100|[from] Parting Shot
|
|upkeep
|turn|6
|
|t:|1760783071
|move|p2a: Ogerpon|Ivy Cudgel|p1a: Rudy|[anim] Ivy Cudgel Water
|-damage|p1a: Rudy|0 fnt
|faint|p1a: Rudy
|
|upkeep
|
|t:|1760783076
|switch|p1a: Coalossal|Coalossal, F|100/100
|-damage|p1a: Coalossal|76/100|[from] Stealth Rock
|turn|7
|
|t:|1760783078
|-terastallize|p1a: Coalossal|Water
|move|p2a: Ogerpon|Ivy Cudgel|p1a: Coalossal|[anim] Ivy Cudgel Water
|-resisted|p1a: Coalossal
|-damage|p1a: Coalossal|54/100
|-ability|p1a: Coalossal|Steam Engine|boost
|-boost|p1a: Coalossal|spe|6
|move|p1a: Coalossal|Meteor Beam||[still]
|-prepare|p1a: Coalossal|Meteor Beam
|-boost|p1a: Coalossal|spa|1
|-enditem|p1a: Coalossal|Power Herb
|-anim|p1a: Coalossal|Meteor Beam|p2a: Ogerpon
|-damage|p2a: Ogerpon|16/100
|
|upkeep
|turn|8
|
|t:|1760783094
|switch|p2a: Incineroar|Incineroar, F|35/100
|-ability|p2a: Incineroar|Intimidate|boost
|-unboost|p1a: Coalossal|atk|1
|move|p1a: Coalossal|Power Gem|p2a: Incineroar
|-supereffective|p2a: Incineroar
|-damage|p2a: Incineroar|0 fnt
|faint|p2a: Incineroar
|
|upkeep
|
|t:|1760783102
|switch|p2a: Great Tusk|Great Tusk|100/100
|turn|9
|
|t:|1760783117
|move|p1a: Coalossal|Scald|p2a: Great Tusk
|-supereffective|p2a: Great Tusk
|-damage|p2a: Great Tusk|0 fnt
|faint|p2a: Great Tusk
|-end|p2a: Great Tusk|Protosynthesis|[silent]
|
|upkeep
|
|t:|1760783122
|switch|p2a: Alomomola|Alomomola, F|100/100
|turn|10
|
|t:|1760783130
|move|p1a: Coalossal|Power Gem|p2a: Alomomola
|-damage|p2a: Alomomola|40/100
|move|p2a: Alomomola|Wish|p2a: Alomomola
|
|upkeep
|turn|11
|
|t:|1760783137
|move|p1a: Coalossal|Power Gem|p2a: Alomomola
|-damage|p2a: Alomomola|0 fnt
|faint|p2a: Alomomola
|
|upkeep
|
|t:|1760783139
|switch|p2a: Ogerpon|Ogerpon-Wellspring, F|16/100
|turn|12
|
|t:|1760783145
|switch|p2a: Landorus|Landorus-Therian, M|57/100 brn
|-ability|p2a: Landorus|Intimidate|boost
|-unboost|p1a: Coalossal|atk|1
|move|p1a: Coalossal|Power Gem|p2a: Landorus
|-damage|p2a: Landorus|0 fnt
|faint|p2a: Landorus
|
|upkeep
|
|t:|1760783152
|switch|p2a: Gholdengo|Gholdengo|100/100
|-item|p2a: Gholdengo|Air Balloon
|turn|13
|
|t:|1760783157
|switch|p2a: Ogerpon|Ogerpon-Wellspring, F|16/100
|move|p1a: Coalossal|Scald|p2a: Ogerpon
|-heal|p2a: Ogerpon|41/100|[from] ability: Water Absorb|[of] p1a: Coalossal
|
|upkeep
|turn|14
|
|t:|1760783163
|move|p1a: Coalossal|Power Gem|p2a: Ogerpon
|-damage|p2a: Ogerpon|0 fnt
|faint|p2a: Ogerpon
|
|upkeep
|-message|Chocokoala VGC forfeited.
|
|win|MarxN64
|raw|MarxN64's rating: 1263 &rarr; <strong>1293</strong><br />(+30 for winning)
|raw|Chocokoala VGC's rating: 1333 &rarr; <strong>1309</strong><br />(-24 for losing)
|l|☆Chocokoala VGC
|player|p2|
|l|☆MarxN64
|player|p1|
