|j|☆abagoftrixx
|j|☆yixing_onestar
|t:|1760854001
|gametype|singles
|player|p1|abagoftrixx|2|1339
|player|p2|yixing_onestar|swimmerf-gen4|1333
|gen|9
|tier|[Gen 9] OU
|rated|
|rule|HP Percentage Mod: HP is shown in percentages
|rule|Endless Battle Clause: Forcing endless battles is banned
|rule|Species Clause: Limit one of each Pokémon
|rule|OHKO Clause: OHKO moves are banned
|rule|Evasion Items Clause: Evasion items are banned
|rule|Evasion Moves Clause: Evasion moves are banned
|rule|Evasion Abilities Clause: Evasion abilities are banned
|rule|Sleep Moves Clause: Sleep-inducing moves are banned
|clearpoke
|poke|p1|Glimmora, M|
|poke|p1|Pelipper, F|
|poke|p1|Iron Crown|
|poke|p1|Barraskewda, M|
|poke|p1|Corviknight, F|
|poke|p1|Raging Bolt|
|poke|p2|Slowking-Galar, M|
|poke|p2|Cetitan, F|
|poke|p2|Kyurem|
|poke|p2|Sandslash-Alola, F|
|poke|p2|Chandelure, M|
|poke|p2|Meowscarada, M|
|teampreview
|inactive|Battle timer is ON: inactive players will automatically lose when time's up. (requested by yixing_onestar)
|
|t:|1760854017
|teamsize|p1|6
|teamsize|p2|6
|start
|switch|p1a: Barraskewda|Barraskewda, M|100/100
|switch|p2a: Slowking|Slowking-Galar, M|100/100
|turn|1
|
|t:|1760854028
|move|p2a: Slowking|Protect|p2a: Slowking
|-singleturn|p2a: Slowking|Protect
|move|p1a: Barraskewda|Flip Turn|p2a: Slowking
|-activate|p2a: Slowking|move: Protect
|
|upkeep
|turn|2
|
|t:|1760854036
|move|p1a: Barraskewda|Flip Turn|p2a: Slowking
|-damage|p2a: Slowking|64/100
|
|t:|1760854049
|switch|p1a: Iron Crown|Iron Crown|100/100|[from] Flip Turn
|move|p2a: Slowking|Future Sight|p1a: Iron Crown
|-start|p2a: Slowking|move: Future Sight
|
|upkeep
|turn|3
|
|t:|1760854075
|switch|p2a: Kyurem|Kyurem, shiny|100/100
|-ability|p2a: Kyurem|Pressure
|move|p1a: Iron Crown|Future Sight|p2a: Kyurem
|-start|p1a: Iron Crown|move: Future Sight
|
|upkeep
|turn|4
|inactive|yixing_onestar has 120 seconds left.
|
|t:|1760854092
|move|p1a: Iron Crown|Tachyon Cutter|p2a: Kyurem
|-supereffective|p2a: Kyurem
|-damage|p2a: Kyurem|51/100
|-supereffective|p2a: Kyurem
|-damage|p2a: Kyurem|2/100
|-hitcount|p2a: Kyurem|2
|move|p2a: Kyurem|Earth Power|p1a: Iron Crown
|-supereffective|p1a: Iron Crown
|-damage|p1a: Iron Crown|46/100
|-damage|p2a: Kyurem|0 fnt|[from] item: Life Orb
|faint|p2a: Kyurem
|
|-end|p1a: Iron Crown|move: Future Sight
|-resisted|p1a: Iron Crown
|-damage|p1a: Iron Crown|39/100
|upkeep
|inactive|yixing_onestar has 120 seconds left.
|
|t:|1760854102
|switch|p2a: Meowscarada|Meowscarada, M, shiny|100/100
|turn|5
|
|t:|1760854110
|-end|p1a: Iron Crown|Quark Drive|[silent]
|switch|p1a: Glimmora|Glimmora, M|100/100
|move|p2a: Meowscarada|U-turn|p1a: Glimmora
|-start|p2a: Meowscarada|typechange|Bug|[from] ability: Protean
|-resisted|p1a: Glimmora
|-damage|p1a: Glimmora|72/100
|-activate|p1a: Glimmora|ability: Toxic Debris
|-sidestart|p2: yixing_onestar|move: Toxic Spikes
|
|t:|1760854120
|switch|p2a: Sandslash|Sandslash-Alola, F, shiny|100/100|[from] U-turn
|
|-end|p2a: Sandslash|move: Future Sight
|-resisted|p2a: Sandslash
|-damage|p2a: Sandslash|53/100
|upkeep
|turn|6
|inactive|yixing_onestar has 120 seconds left.
|
|t:|1760854138
|move|p1a: Glimmora|Earth Power|p2a: Sandslash
|-supereffective|p2a: Sandslash
|-damage|p2a: Sandslash|0 fnt
|faint|p2a: Sandslash
|
|upkeep
|inactive|yixing_onestar has 120 seconds left.
|
|t:|1760854146
|switch|p2a: Slowking|Slowking-Galar, M|97/100
|-sideend|p2: yixing_onestar|move: Toxic Spikes|[of] p2a: Slowking
|turn|7
|
|t:|1760854152
|move|p1a: Glimmora|Stealth Rock|p2a: Slowking
|-sidestart|p2: yixing_onestar|move: Stealth Rock
|move|p2a: Slowking|Future Sight|p1a: Glimmora
|-start|p2a: Slowking|move: Future Sight
|
|upkeep
|turn|8
|
|t:|1760854177
|switch|p1a: Pelipper|Pelipper, F|100/100
|-weather|RainDance|[from] ability: Drizzle|[of] p1a: Pelipper
|-prepare|p2a: Slowking|Chilly Reception|[premajor]
|move|p2a: Slowking|Chilly Reception|p2a: Slowking
|-weather|Snowscape
|
|t:|1760854184
|switch|p2a: Cetitan|Cetitan, F, shiny|100/100|[from] Chilly Reception
|-damage|p2a: Cetitan|76/100|[from] Stealth Rock
|
|-weather|Snowscape|[upkeep]
|upkeep
|turn|9
|
|t:|1760854196
|move|p2a: Cetitan|Belly Drum|p2a: Cetitan
|-damage|p2a: Cetitan|26/100
|-setboost|p2a: Cetitan|atk|6|[from] move: Belly Drum
|-enditem|p2a: Cetitan|Sitrus Berry|[eat]
|-heal|p2a: Cetitan|50/100|[from] item: Sitrus Berry
|move|p1a: Pelipper|Knock Off|p2a: Cetitan
|-damage|p2a: Cetitan|45/100
|
|-weather|Snowscape|[upkeep]
|-end|p1a: Pelipper|move: Future Sight
|-damage|p1a: Pelipper|56/100
|upkeep
|turn|10
|
|t:|1760854211
|switch|p1a: Glimmora|Glimmora, M|72/100
|move|p2a: Cetitan|Ice Spinner|p1a: Glimmora
|-damage|p1a: Glimmora|0 fnt
|-activate|p1a: Glimmora|ability: Toxic Debris
|-sidestart|p2: yixing_onestar|move: Toxic Spikes
|faint|p1a: Glimmora
|
|-weather|Snowscape|[upkeep]
|upkeep
|inactive|abagoftrixx has 120 seconds left.
|
|t:|1760854228
|switch|p1a: Iron Crown|Iron Crown|39/100
|turn|11
|
|t:|1760854237
|move|p2a: Cetitan|Ice Spinner|p1a: Iron Crown
|-resisted|p1a: Iron Crown
|-damage|p1a: Iron Crown|0 fnt
|faint|p1a: Iron Crown
|-end|p1a: Iron Crown|Quark Drive|[silent]
|
|-weather|Snowscape|[upkeep]
|upkeep
|
|t:|1760854244
|switch|p1a: Pelipper|Pelipper, F|56/100
|-weather|RainDance|[from] ability: Drizzle|[of] p1a: Pelipper
|turn|12
|
|t:|1760854252
|move|p2a: Cetitan|Ice Spinner|p1a: Pelipper
|-damage|p1a: Pelipper|0 fnt
|faint|p1a: Pelipper
|
|-weather|RainDance|[upkeep]
|upkeep
|
|t:|1760854264
|switch|p1a: Barraskewda|Barraskewda, M|100/100
|turn|13
|
|t:|1760854275
|-terastallize|p1a: Barraskewda|Water
|move|p1a: Barraskewda|Liquidation|p2a: Cetitan
|-damage|p2a: Cetitan|0 fnt
|faint|p2a: Cetitan
|
|-weather|RainDance|[upkeep]
|upkeep
|
|t:|1760854284
|switch|p2a: Slowking|Slowking-Galar, M|100/100
|-damage|p2a: Slowking|88/100|[from] Stealth Rock
|-sideend|p2: yixing_onestar|move: Toxic Spikes|[of] p2a: Slowking
|turn|14
|
|t:|1760854289
|move|p1a: Barraskewda|Liquidation|p2a: Slowking
|-damage|p2a: Slowking|0 fnt
|faint|p2a: Slowking
|
|-weather|RainDance|[upkeep]
|upkeep
|
|t:|1760854298
|switch|p2a: Meowscarada|Meowscarada, M, shiny|100/100
|-damage|p2a: Meowscarada|88/100|[from] Stealth Rock
|turn|15
|
|t:|1760854307
|move|p1a: Barraskewda|Liquidation|p2a: Meowscarada
|-resisted|p2a: Meowscarada
|-damage|p2a: Meowscarada|0 fnt
|faint|p2a: Meowscarada
|
|-weather|RainDance|[upkeep]
|upkeep
|
|t:|1760854314
|switch|p2a: Chandelure|Chandelure, M|100/100
|-damage|p2a: Chandelure|76/100|[from] Stealth Rock
|turn|16
|
|t:|1760854319
|-terastallize|p2a: Chandelure|Grass
|move|p1a: Barraskewda|Liquidation|p2a: Chandelure
|-resisted|p2a: Chandelure
|-damage|p2a: Chandelure|0 fnt
|faint|p2a: Chandelure
|
|win|abagoftrixx
|raw|abagoftrixx's rating: 1339 &rarr; <strong>1359</strong><br />(+20 for winning)
|raw|yixing_onestar's rating: 1333 &rarr; <strong>1313</strong><br />(-20 for losing)
|l|☆yixing_onestar
|player|p2|
|c|☆abagoftrixx|Gg
