|j|☆p0lt
|j|☆Rabzzz
|t:|1760758138
|gametype|singles
|player|p1|p0lt|#agplivlionsden|1759
|player|p2|Rabzzz|#mwpvimurkrows|1790
|gen|9
|tier|[Gen 9] OU
|rated|
|rule|HP Percentage Mod: HP is shown in percentages
|rule|Endless Battle Clause: Forcing endless battles is banned
|rule|Species Clause: Limit one of each Pokémon
|rule|OHKO Clause: OHKO moves are banned
|rule|Evasion Items Clause: Evasion items are banned
|rule|Evasion Moves Clause: Evasion moves are banned
|rule|Evasion Abilities Clause: Evasion abilities are banned
|rule|Sleep Moves Clause: Sleep-inducing moves are banned
|clearpoke
|poke|p1|Gholdengo|
|poke|p1|Zamazenta-*|
|poke|p1|Ting-Lu|
|poke|p1|Clefable, F|
|poke|p1|Dragonite, M|
|poke|p1|Deoxys-Speed|
|poke|p2|Iron Boulder|
|poke|p2|Ting-Lu|
|poke|p2|Great Tusk|
|poke|p2|Enamorus, F|
|poke|p2|Gholdengo|
|poke|p2|Rotom-Wash|
|teampreview
|inactive|Battle timer is ON: inactive players will automatically lose when time's up. (requested by p0lt)
|c|☆p0lt|hf
|
|t:|1760758157
|teamsize|p1|6
|teamsize|p2|6
|start
|switch|p1a: Gholdengo|Gholdengo|100/100
|switch|p2a: Gholdengo|Gholdengo|100/100
|turn|1
|
|t:|1760758162
|switch|p1a: Ting-Lu|Ting-Lu|100/100
|-ability|p1a: Ting-Lu|Vessel of Ruin
|switch|p2a: Ting-Lu|Ting-Lu|100/100
|-ability|p2a: Ting-Lu|Vessel of Ruin
|
|upkeep
|turn|2
|
|t:|1760758168
|move|p2a: Ting-Lu|Spikes|p1a: Ting-Lu
|-sidestart|p1: p0lt|Spikes
|move|p1a: Ting-Lu|Spikes|p2a: Ting-Lu
|-sidestart|p2: Rabzzz|Spikes
|
|upkeep
|turn|3
|
|t:|1760758173
|move|p2a: Ting-Lu|Spikes|p1a: Ting-Lu
|-sidestart|p1: p0lt|Spikes
|move|p1a: Ting-Lu|Ruination|p2a: Ting-Lu|[miss]
|-miss|p1a: Ting-Lu|p2a: Ting-Lu
|
|upkeep
|turn|4
|
|t:|1760758177
|move|p1a: Ting-Lu|Spikes|p2a: Ting-Lu
|-sidestart|p2: Rabzzz|Spikes
|move|p2a: Ting-Lu|Spikes|p1a: Ting-Lu
|-sidestart|p1: p0lt|Spikes
|
|upkeep
|turn|5
|
|t:|1760758180
|move|p2a: Ting-Lu|Ruination|p1a: Ting-Lu
|-damage|p1a: Ting-Lu|50/100
|move|p1a: Ting-Lu|Ruination|p2a: Ting-Lu
|-damage|p2a: Ting-Lu|50/100
|
|-heal|p2a: Ting-Lu|57/100|[from] item: Leftovers
|-heal|p1a: Ting-Lu|57/100|[from] item: Leftovers
|upkeep
|turn|6
|
|t:|1760758185
|move|p1a: Ting-Lu|Spikes|p2a: Ting-Lu
|-sidestart|p2: Rabzzz|Spikes
|move|p2a: Ting-Lu|Whirlwind|p1a: Ting-Lu
|drag|p1a: Deoxys|Deoxys-Speed|100/100
|-ability|p1a: Deoxys|Pressure
|
|-heal|p2a: Ting-Lu|63/100|[from] item: Leftovers
|upkeep
|turn|7
|
|t:|1760758193
|switch|p1a: Clefable|Clefable, F|100/100
|move|p2a: Ting-Lu|Earthquake|p1a: Clefable
|-damage|p1a: Clefable|71/100
|
|-heal|p2a: Ting-Lu|69/100|[from] item: Leftovers
|upkeep
|turn|8
|
|t:|1760758203
|switch|p2a: Gholdengo|Gholdengo|100/100
|-damage|p2a: Gholdengo|76/100|[from] Spikes
|move|p1a: Clefable|Knock Off|p2a: Gholdengo
|-supereffective|p2a: Gholdengo
|-damage|p2a: Gholdengo|57/100
|-enditem|p2a: Gholdengo|Leftovers|[from] move: Knock Off|[of] p1a: Clefable
|
|upkeep
|turn|9
|
|t:|1760758211
|switch|p1a: Dragonite|Dragonite, M|100/100
|move|p2a: Gholdengo|Recover|p2a: Gholdengo
|-heal|p2a: Gholdengo|100/100
|
|upkeep
|turn|10
|
|t:|1760758215
|switch|p1a: Clefable|Clefable, F|71/100
|move|p2a: Gholdengo|Thunder Wave|p1a: Clefable
|-status|p1a: Clefable|par
|
|upkeep
|turn|11
|
|t:|1760758221
|switch|p1a: Ting-Lu|Ting-Lu|57/100
|-damage|p1a: Ting-Lu|32/100|[from] Spikes
|-ability|p1a: Ting-Lu|Vessel of Ruin
|move|p2a: Gholdengo|Make It Rain|p1a: Ting-Lu
|-damage|p1a: Ting-Lu|8/100
|-unboost|p2a: Gholdengo|spa|1
|
|-heal|p1a: Ting-Lu|15/100|[from] item: Leftovers
|upkeep
|turn|12
|
|t:|1760758227
|move|p2a: Gholdengo|Make It Rain|p1a: Ting-Lu
|-damage|p1a: Ting-Lu|0 fnt
|-unboost|p2a: Gholdengo|spa|1
|faint|p1a: Ting-Lu
|
|upkeep
|
|t:|1760758230
|switch|p1a: Gholdengo|Gholdengo|100/100
|turn|13
|
|t:|1760758239
|switch|p2a: Ting-Lu|Ting-Lu|69/100
|-damage|p2a: Ting-Lu|44/100|[from] Spikes
|-ability|p2a: Ting-Lu|Vessel of Ruin
|move|p1a: Gholdengo|Nasty Plot|p1a: Gholdengo
|-boost|p1a: Gholdengo|spa|2
|
|-heal|p2a: Ting-Lu|50/100|[from] item: Leftovers
|upkeep
|turn|14
|
|t:|1760758243
|move|p1a: Gholdengo|Make It Rain|p2a: Ting-Lu
|-damage|p2a: Ting-Lu|8/100
|-unboost|p1a: Gholdengo|spa|1
|move|p2a: Ting-Lu|Earthquake|p1a: Gholdengo
|-supereffective|p1a: Gholdengo
|-damage|p1a: Gholdengo|51/100
|
|-heal|p2a: Ting-Lu|15/100|[from] item: Leftovers
|upkeep
|turn|15
|
|t:|1760758249
|move|p1a: Gholdengo|Make It Rain|p2a: Ting-Lu
|-damage|p2a: Ting-Lu|0 fnt
|-unboost|p1a: Gholdengo|spa|1
|faint|p2a: Ting-Lu
|
|upkeep
|
|t:|1760758253
|switch|p2a: Great Tusk|Great Tusk|100/100
|turn|16
|
|t:|1760758283
|-terastallize|p1a: Gholdengo|Fairy
|move|p2a: Great Tusk|Headlong Rush|p1a: Gholdengo
|-damage|p1a: Gholdengo|5/100
|-unboost|p2a: Great Tusk|def|1
|-unboost|p2a: Great Tusk|spd|1
|move|p1a: Gholdengo|Make It Rain|p2a: Great Tusk
|-damage|p2a: Great Tusk|0 fnt
|-unboost|p1a: Gholdengo|spa|1
|faint|p2a: Great Tusk
|-end|p2a: Great Tusk|Protosynthesis|[silent]
|
|upkeep
|inactive|Rabzzz has 120 seconds left.
|
|t:|1760758337
|switch|p2a: Enamorus|Enamorus, F|100/100
|turn|17
|
|t:|1760758344
|move|p2a: Enamorus|Moonblast|p1a: Gholdengo
|-damage|p1a: Gholdengo|0 fnt
|faint|p1a: Gholdengo
|
|upkeep
|
|t:|1760758345
|switch|p1a: Deoxys|Deoxys-Speed|100/100
|-ability|p1a: Deoxys|Pressure
|turn|18
|inactive|Rabzzz has 120 seconds left.
|inactive|Rabzzz has 90 seconds left.
|
|t:|1760758380
|-terastallize|p2a: Enamorus|Fairy
|move|p1a: Deoxys|Psycho Boost|p2a: Enamorus
|-damage|p2a: Enamorus|12/100
|-unboost|p1a: Deoxys|spa|2
|move|p2a: Enamorus|Moonblast|p1a: Deoxys
|-damage|p1a: Deoxys|0 fnt
|faint|p1a: Deoxys
|
|upkeep
|
|t:|1760758385
|switch|p1a: Dragonite|Dragonite, M|100/100
|turn|19
|
|t:|1760758394
|switch|p2a: Rotom|Rotom-Wash|100/100
|move|p1a: Dragonite|Extreme Speed|p2a: Rotom
|-damage|p2a: Rotom|78/100
|-damage|p1a: Dragonite|84/100|[from] item: Rocky Helmet|[of] p2a: Rotom
|
|upkeep
|turn|20
|
|t:|1760758401
|switch|p1a: Clefable|Clefable, F|71/100 par
|move|p2a: Rotom|Volt Switch|p1a: Clefable
|-damage|p1a: Clefable|48/100 par
|
|t:|1760758406
|switch|p2a: Enamorus|Enamorus, F, tera:Fairy|12/100|[from] Volt Switch
|-damage|p2a: Enamorus|0 fnt|[from] Spikes
|faint|p2a: Enamorus
|
|upkeep
|
|t:|1760758412
|switch|p2a: Gholdengo|Gholdengo|100/100
|-damage|p2a: Gholdengo|76/100|[from] Spikes
|turn|21
|
|t:|1760758414
|switch|p1a: Dragonite|Dragonite, M|84/100
|move|p2a: Gholdengo|Make It Rain|p1a: Dragonite
|-damage|p1a: Dragonite|36/100
|-unboost|p2a: Gholdengo|spa|1
|
|upkeep
|turn|22
|
|t:|1760758418
|switch|p2a: Rotom|Rotom-Wash|78/100
|move|p1a: Dragonite|Roost|p1a: Dragonite
|-heal|p1a: Dragonite|86/100
|-singleturn|p1a: Dragonite|move: Roost
|
|upkeep
|turn|23
|
|t:|1760758424
|switch|p1a: Clefable|Clefable, F|48/100 par
|move|p2a: Rotom|Volt Switch|p1a: Clefable
|-damage|p1a: Clefable|25/100 par
|
|t:|1760758433
|switch|p2a: Gholdengo|Gholdengo|76/100|[from] Volt Switch
|-damage|p2a: Gholdengo|51/100|[from] Spikes
|
|upkeep
|turn|24
|
|t:|1760758437
|move|p2a: Gholdengo|Recover|p2a: Gholdengo
|-heal|p2a: Gholdengo|100/100
|move|p1a: Clefable|Stealth Rock|p2a: Gholdengo
|-sidestart|p2: Rabzzz|move: Stealth Rock
|
|upkeep
|turn|25
|
|t:|1760758441
|switch|p1a: Dragonite|Dragonite, M|86/100
|move|p2a: Gholdengo|Hex|p1a: Dragonite
|-damage|p1a: Dragonite|60/100
|
|upkeep
|turn|26
|
|t:|1760758444
|move|p2a: Gholdengo|Thunder Wave|p1a: Dragonite
|-status|p1a: Dragonite|par
|move|p1a: Dragonite|Roost|p1a: Dragonite
|-heal|p1a: Dragonite|100/100 par
|-singleturn|p1a: Dragonite|move: Roost
|
|upkeep
|turn|27
|
|t:|1760758448
|move|p2a: Gholdengo|Hex|p1a: Dragonite
|-damage|p1a: Dragonite|74/100 par
|move|p1a: Dragonite|Earthquake|p2a: Gholdengo
|-supereffective|p2a: Gholdengo
|-damage|p2a: Gholdengo|48/100
|
|upkeep
|turn|28
|
|t:|1760758451
|move|p2a: Gholdengo|Recover|p2a: Gholdengo
|-heal|p2a: Gholdengo|98/100
|move|p1a: Dragonite|Earthquake|p2a: Gholdengo
|-supereffective|p2a: Gholdengo
|-damage|p2a: Gholdengo|47/100
|
|upkeep
|turn|29
|
|t:|1760758456
|move|p2a: Gholdengo|Recover|p2a: Gholdengo
|-heal|p2a: Gholdengo|97/100
|move|p1a: Dragonite|Dragon Tail|p2a: Gholdengo
|-resisted|p2a: Gholdengo
|-damage|p2a: Gholdengo|85/100
|drag|p2a: Iron Boulder|Iron Boulder|100/100
|-damage|p2a: Iron Boulder|76/100|[from] Spikes
|-damage|p2a: Iron Boulder|63/100|[from] Stealth Rock
|-enditem|p2a: Iron Boulder|Booster Energy
|-activate|p2a: Iron Boulder|ability: Quark Drive|[fromitem]
|-start|p2a: Iron Boulder|quarkdrivespe
|
|upkeep
|turn|30
|
|t:|1760758480
|switch|p1a: Clefable|Clefable, F|25/100 par
|move|p2a: Iron Boulder|Mighty Cleave|p1a: Clefable
|-damage|p1a: Clefable|0 fnt
|-damage|p2a: Iron Boulder|47/100|[from] item: Rocky Helmet|[of] p1a: Clefable
|faint|p1a: Clefable
|
|upkeep
|
|t:|1760758481
|switch|p1a: Zamazenta|Zamazenta|100/100
|-ability|p1a: Zamazenta|Dauntless Shield|boost
|-boost|p1a: Zamazenta|def|1
|turn|31
|
|t:|1760758490
|-end|p2a: Iron Boulder|Quark Drive|[silent]
|switch|p2a: Gholdengo|Gholdengo|85/100
|-damage|p2a: Gholdengo|61/100|[from] Spikes
|-damage|p2a: Gholdengo|54/100|[from] Stealth Rock
|move|p1a: Zamazenta|Crunch|p2a: Gholdengo
|-supereffective|p2a: Gholdengo
|-damage|p2a: Gholdengo|20/100
|
|upkeep
|turn|32
|
|t:|1760758494
|move|p1a: Zamazenta|Crunch|p2a: Gholdengo
|-supereffective|p2a: Gholdengo
|-damage|p2a: Gholdengo|0 fnt
|faint|p2a: Gholdengo
|
|upkeep
|
|t:|1760758496
|switch|p2a: Rotom|Rotom-Wash|78/100
|-damage|p2a: Rotom|66/100|[from] Stealth Rock
|turn|33
|
|t:|1760758503
|switch|p1a: Dragonite|Dragonite, M|74/100 par
|move|p2a: Rotom|Will-O-Wisp||[still]
|-fail|p2a: Rotom
|
|upkeep
|turn|34
|
|t:|1760758512
|move|p1a: Dragonite|Extreme Speed|p2a: Rotom
|-damage|p2a: Rotom|42/100
|-damage|p1a: Dragonite|57/100 par|[from] item: Rocky Helmet|[of] p2a: Rotom
|move|p2a: Rotom|Volt Switch|p1a: Dragonite
|-damage|p1a: Dragonite|33/100 par
|
|t:|1760758517
|switch|p2a: Iron Boulder|Iron Boulder|47/100|[from] Volt Switch
|-damage|p2a: Iron Boulder|22/100|[from] Spikes
|-damage|p2a: Iron Boulder|9/100|[from] Stealth Rock
|
|upkeep
|turn|35
|
|t:|1760758522
|move|p1a: Dragonite|Extreme Speed|p2a: Iron Boulder
|-resisted|p2a: Iron Boulder
|-damage|p2a: Iron Boulder|0 fnt
|faint|p2a: Iron Boulder
|-end|p2a: Iron Boulder|Quark Drive|[silent]
|
|upkeep
|
|t:|1760758524
|switch|p2a: Rotom|Rotom-Wash|42/100
|-damage|p2a: Rotom|30/100|[from] Stealth Rock
|turn|36
|
|t:|1760758526
|move|p1a: Dragonite|Extreme Speed|p2a: Rotom
|-damage|p2a: Rotom|7/100
|-damage|p1a: Dragonite|16/100 par|[from] item: Rocky Helmet|[of] p2a: Rotom
|move|p2a: Rotom|Volt Switch|p1a: Dragonite
|-damage|p1a: Dragonite|0 fnt
|faint|p1a: Dragonite
|
|upkeep
|
|t:|1760758528
|switch|p1a: Zamazenta|Zamazenta|100/100
|turn|37
|
|t:|1760758530
|move|p1a: Zamazenta|Close Combat|p2a: Rotom
|-damage|p2a: Rotom|0 fnt
|-unboost|p1a: Zamazenta|def|1
|-unboost|p1a: Zamazenta|spd|1
|-damage|p1a: Zamazenta|84/100|[from] item: Rocky Helmet|[of] p2a: Rotom
|faint|p2a: Rotom
|
|win|p0lt
|raw|p0lt's rating: 1759 &rarr; <strong>1781</strong><br />(+22 for winning)
|raw|Rabzzz's rating: 1790 &rarr; <strong>1768</strong><br />(-22 for losing)
|c|☆p0lt|gg
|l|☆p0lt
|player|p1|
|l|☆Rabzzz
|player|p2|
