|j|☆Allheckers
|j|☆healboy009
|t:|1760777392
|gametype|singles
|player|p1|Allheckers|sabrina|1273
|player|p2|healboy009|backpacker|1333
|gen|9
|tier|[Gen 9] OU
|rated|
|rule|HP Percentage Mod: HP is shown in percentages
|rule|Endless Battle Clause: Forcing endless battles is banned
|rule|Species Clause: Limit one of each Pokémon
|rule|OHKO Clause: OHKO moves are banned
|rule|Evasion Items Clause: Evasion items are banned
|rule|Evasion Moves Clause: Evasion moves are banned
|rule|Evasion Abilities Clause: Evasion abilities are banned
|rule|Sleep Moves Clause: Sleep-inducing moves are banned
|clearpoke
|poke|p1|Keldeo-Resolute|
|poke|p1|Masquerain, F|
|poke|p1|Sableye, F|
|poke|p1|Glimmora, M|
|poke|p1|Whimsicott, M|
|poke|p1|Polteageist-Antique|
|poke|p2|Skeledirge, F|
|poke|p2|Ogerpon-Wellspring, F|
|poke|p2|Dragapult, F|
|poke|p2|Weezing-Galar, M|
|poke|p2|Ting-Lu|
|poke|p2|Corviknight, F|
|teampreview
|
|t:|1760777402
|teamsize|p1|6
|teamsize|p2|6
|start
|switch|p1a: Masquerain|Masquerain, F|100/100
|switch|p2a: Ogerpon|Ogerpon-Wellspring, F|100/100
|-ability|p1a: Masquerain|Intimidate|boost
|-unboost|p2a: Ogerpon|atk|1
|turn|1
|
|t:|1760777408
|switch|p2a: Ting-Lu|Ting-Lu, shiny|100/100
|-ability|p2a: Ting-Lu|Vessel of Ruin
|move|p1a: Masquerain|Quiver Dance|p1a: Masquerain
|-boost|p1a: Masquerain|spa|1
|-boost|p1a: Masquerain|spd|1
|-boost|p1a: Masquerain|spe|1
|
|upkeep
|turn|2
|
|t:|1760777414
|move|p1a: Masquerain|Ice Beam|p2a: Ting-Lu
|-supereffective|p2a: Ting-Lu
|-damage|p2a: Ting-Lu|67/100
|-status|p2a: Ting-Lu|frz
|cant|p2a: Ting-Lu|frz
|
|-heal|p2a: Ting-Lu|73/100 frz|[from] item: Leftovers
|upkeep
|turn|3
|
|t:|1760777419
|switch|p2a: Skeledirge|Skeledirge, F|100/100
|move|p1a: Masquerain|Sticky Web|p2a: Skeledirge
|-sidestart|p2: healboy009|move: Sticky Web
|
|upkeep
|turn|4
|
|t:|1760777424
|move|p1a: Masquerain|Air Slash|p2a: Skeledirge
|-damage|p2a: Skeledirge|76/100
|move|p2a: Skeledirge|Torch Song|p1a: Masquerain
|-supereffective|p1a: Masquerain
|-crit|p1a: Masquerain
|-damage|p1a: Masquerain|0 fnt
|-boost|p2a: Skeledirge|spa|1
|faint|p1a: Masquerain
|
|upkeep
|
|t:|1760777433
|switch|p1a: Glimmora|Glimmora, M, shiny|100/100
|turn|5
|
|t:|1760777437
|switch|p2a: Ting-Lu|Ting-Lu, shiny|73/100 frz
|-activate|p2a: Ting-Lu|move: Sticky Web
|-unboost|p2a: Ting-Lu|spe|1
|-ability|p2a: Ting-Lu|Vessel of Ruin
|move|p1a: Glimmora|Power Gem|p2a: Ting-Lu
|-resisted|p2a: Ting-Lu
|-damage|p2a: Ting-Lu|65/100 frz
|
|-heal|p2a: Ting-Lu|71/100 frz|[from] item: Leftovers
|upkeep
|turn|6
|
|t:|1760777444
|move|p1a: Glimmora|Dazzling Gleam|p2a: Ting-Lu
|-supereffective|p2a: Ting-Lu
|-damage|p2a: Ting-Lu|41/100 frz
|cant|p2a: Ting-Lu|frz
|
|-heal|p2a: Ting-Lu|48/100 frz|[from] item: Leftovers
|upkeep
|turn|7
|
|t:|1760777447
|move|p1a: Glimmora|Dazzling Gleam|p2a: Ting-Lu
|-supereffective|p2a: Ting-Lu
|-damage|p2a: Ting-Lu|19/100 frz
|cant|p2a: Ting-Lu|frz
|
|-heal|p2a: Ting-Lu|25/100 frz|[from] item: Leftovers
|upkeep
|turn|8
|
|t:|1760777450
|move|p1a: Glimmora|Dazzling Gleam|p2a: Ting-Lu
|-supereffective|p2a: Ting-Lu
|-damage|p2a: Ting-Lu|0 fnt
|faint|p2a: Ting-Lu
|
|upkeep
|
|t:|1760777453
|switch|p2a: Weezing|Weezing-Galar, M|100/100
|-ability|p2a: Weezing|Neutralizing Gas
|turn|9
|
|t:|1760777458
|move|p1a: Glimmora|Sludge Wave|p2a: Weezing
|-damage|p2a: Weezing|29/100
|move|p2a: Weezing|Defog|p1a: Glimmora
|-unboost|p1a: Glimmora|evasion|1
|-sideend|p2: healboy009|Sticky Web|[from] move: Defog|[of] p2a: Weezing
|
|upkeep
|turn|10
|
|t:|1760777462
|-end|p2a: Weezing|ability: Neutralizing Gas
|switch|p2a: Corviknight|Corviknight, F|100/100
|-ability|p2a: Corviknight|Pressure
|move|p1a: Glimmora|Sludge Wave|p2a: Corviknight
|-immune|p2a: Corviknight
|
|upkeep
|turn|11
|
|t:|1760777470
|move|p1a: Glimmora|Power Gem|p2a: Corviknight
|-damage|p2a: Corviknight|61/100
|move|p2a: Corviknight|U-turn|p1a: Glimmora
|-resisted|p1a: Glimmora
|-damage|p1a: Glimmora|92/100
|-activate|p1a: Glimmora|ability: Toxic Debris
|-sidestart|p2: healboy009|move: Toxic Spikes
|
|t:|1760777476
|switch|p2a: Ogerpon|Ogerpon-Wellspring, F|100/100|[from] U-turn
|-status|p2a: Ogerpon|psn
|
|-damage|p2a: Ogerpon|88/100 psn|[from] psn
|upkeep
|turn|12
|
|t:|1760777483
|-terastallize|p1a: Glimmora|Fairy
|move|p2a: Ogerpon|Ivy Cudgel|p1a: Glimmora|[anim] Ivy Cudgel Water
|-damage|p1a: Glimmora|30/100
|-activate|p1a: Glimmora|ability: Toxic Debris
|-sidestart|p2: healboy009|move: Toxic Spikes
|move|p1a: Glimmora|Sludge Wave|p2a: Ogerpon
|-supereffective|p2a: Ogerpon
|-damage|p2a: Ogerpon|0 fnt
|faint|p2a: Ogerpon
|
|upkeep
|
|t:|1760777489
|switch|p2a: Dragapult|Dragapult, F|100/100
|-status|p2a: Dragapult|tox
|turn|13
|
|t:|1760777497
|move|p2a: Dragapult|Shadow Ball|p1a: Glimmora
|-damage|p1a: Glimmora|0 fnt
|faint|p1a: Glimmora
|
|-damage|p2a: Dragapult|95/100 tox|[from] psn
|upkeep
|
|t:|1760777504
|switch|p1a: Whimsicott|Whimsicott, M|100/100
|turn|14
|
|t:|1760777509
|-terastallize|p2a: Dragapult|Ghost
|move|p1a: Whimsicott|Substitute|p1a: Whimsicott
|-start|p1a: Whimsicott|Substitute
|-damage|p1a: Whimsicott|76/100
|move|p2a: Dragapult|Shadow Ball|p1a: Whimsicott
|-end|p1a: Whimsicott|Substitute
|
|-heal|p1a: Whimsicott|82/100|[from] item: Leftovers
|-damage|p2a: Dragapult|83/100 tox|[from] psn
|upkeep
|turn|15
|
|t:|1760777517
|move|p1a: Whimsicott|Leech Seed|p2a: Dragapult
|-start|p2a: Dragapult|move: Leech Seed
|move|p2a: Dragapult|Shadow Ball|p1a: Whimsicott
|-damage|p1a: Whimsicott|2/100
|
|-heal|p1a: Whimsicott|8/100|[from] item: Leftovers
|-damage|p2a: Dragapult|70/100 tox|[from] Leech Seed|[of] p1a: Whimsicott
|-heal|p1a: Whimsicott|23/100|[silent]
|-damage|p2a: Dragapult|52/100 tox|[from] psn
|upkeep
|turn|16
|
|t:|1760777527
|switch|p1a: Polteageist|Polteageist-Antique|100/100
|move|p2a: Dragapult|Shadow Ball|p1a: Polteageist
|-supereffective|p1a: Polteageist
|-enditem|p1a: Polteageist|Focus Sash
|-damage|p1a: Polteageist|1/100
|
|-damage|p2a: Dragapult|40/100 tox|[from] Leech Seed|[of] p1a: Polteageist
|-heal|p1a: Polteageist|16/100|[silent]
|-damage|p2a: Dragapult|16/100 tox|[from] psn
|upkeep
|turn|17
|
|t:|1760777539
|move|p2a: Dragapult|Shadow Ball|p1a: Polteageist
|-supereffective|p1a: Polteageist
|-damage|p1a: Polteageist|0 fnt
|faint|p1a: Polteageist
|
|-damage|p2a: Dragapult|0 fnt|[from] psn
|faint|p2a: Dragapult
|upkeep
|
|t:|1760777547
|switch|p2a: Weezing|Weezing-Galar, M|29/100
|switch|p1a: Whimsicott|Whimsicott, M|23/100
|-ability|p2a: Weezing|Neutralizing Gas
|-sideend|p2: healboy009|move: Toxic Spikes|[of] p2a: Weezing
|turn|18
|
|t:|1760777553
|move|p1a: Whimsicott|Moonblast|p2a: Weezing
|-resisted|p2a: Weezing
|-damage|p2a: Weezing|6/100
|move|p2a: Weezing|Sludge Bomb|p1a: Whimsicott
|-supereffective|p1a: Whimsicott
|-damage|p1a: Whimsicott|0 fnt
|faint|p1a: Whimsicott
|
|upkeep
|
|t:|1760777557
|switch|p1a: Keldeo|Keldeo-Resolute|100/100
|turn|19
|
|t:|1760777561
|move|p1a: Keldeo|Surf|p2a: Weezing
|-damage|p2a: Weezing|0 fnt
|faint|p2a: Weezing
|-end|p2a: Weezing|ability: Neutralizing Gas
|
|upkeep
|
|t:|1760777565
|switch|p2a: Corviknight|Corviknight, F|61/100
|-ability|p2a: Corviknight|Pressure
|turn|20
|
|t:|1760777569
|switch|p1a: Sableye|Sableye, F|100/100
|move|p2a: Corviknight|Roost|p2a: Corviknight
|-heal|p2a: Corviknight|100/100
|-singleturn|p2a: Corviknight|move: Roost
|
|upkeep
|turn|21
|
|t:|1760777578
|move|p2a: Corviknight|U-turn|p1a: Sableye
|-damage|p1a: Sableye|82/100
|
|t:|1760777580
|switch|p2a: Skeledirge|Skeledirge, F|76/100|[from] U-turn
|move|p1a: Sableye|Knock Off|p2a: Skeledirge
|-supereffective|p2a: Skeledirge
|-damage|p2a: Skeledirge|28/100
|-enditem|p2a: Skeledirge|Heavy-Duty Boots|[from] move: Knock Off|[of] p1a: Sableye
|
|-heal|p1a: Sableye|88/100|[from] item: Leftovers
|upkeep
|turn|22
|
|t:|1760777587
|move|p2a: Skeledirge|Slack Off|p2a: Skeledirge
|-heal|p2a: Skeledirge|78/100
|move|p1a: Sableye|Knock Off|p2a: Skeledirge
|-supereffective|p2a: Skeledirge
|-damage|p2a: Skeledirge|50/100
|
|-heal|p1a: Sableye|94/100|[from] item: Leftovers
|upkeep
|turn|23
|
|t:|1760777593
|switch|p1a: Keldeo|Keldeo-Resolute|100/100
|move|p2a: Skeledirge|Slack Off|p2a: Skeledirge
|-heal|p2a: Skeledirge|99/100
|
|upkeep
|turn|24
|
|t:|1760777597
|switch|p1a: Sableye|Sableye, F|94/100
|move|p2a: Skeledirge|Will-O-Wisp|p1a: Sableye
|-status|p1a: Sableye|brn
|
|-heal|p1a: Sableye|99/100 brn|[from] item: Leftovers
|-damage|p1a: Sableye|94/100 brn|[from] brn
|upkeep
|turn|25
|
|t:|1760777602
|switch|p1a: Keldeo|Keldeo-Resolute|100/100
|move|p2a: Skeledirge|Torch Song|p1a: Keldeo
|-resisted|p1a: Keldeo
|-damage|p1a: Keldeo|82/100
|-boost|p2a: Skeledirge|spa|1
|
|upkeep
|turn|26
|
|t:|1760777607
|move|p1a: Keldeo|Surf|p2a: Skeledirge
|-supereffective|p2a: Skeledirge
|-damage|p2a: Skeledirge|21/100
|move|p2a: Skeledirge|Earth Power|p1a: Keldeo
|-damage|p1a: Keldeo|41/100
|
|upkeep
|turn|27
|
|t:|1760777609
|move|p1a: Keldeo|Surf|p2a: Skeledirge
|-supereffective|p2a: Skeledirge
|-damage|p2a: Skeledirge|0 fnt
|faint|p2a: Skeledirge
|
|upkeep
|
|t:|1760777611
|switch|p2a: Corviknight|Corviknight, F|100/100
|-ability|p2a: Corviknight|Pressure
|turn|28
|
|t:|1760777616
|switch|p1a: Sableye|Sableye, F|94/100 brn
|move|p2a: Corviknight|Iron Defense|p2a: Corviknight
|-boost|p2a: Corviknight|def|2
|
|-heal|p1a: Sableye|99/100 brn|[from] item: Leftovers
|-damage|p1a: Sableye|94/100 brn|[from] brn
|upkeep
|turn|29
|
|t:|1760777619
|move|p1a: Sableye|Will-O-Wisp|p2a: Corviknight
|-status|p2a: Corviknight|brn
|move|p2a: Corviknight|U-turn|p1a: Sableye
|-damage|p1a: Sableye|83/100 brn
|
|-heal|p1a: Sableye|89/100 brn|[from] item: Leftovers
|-damage|p2a: Corviknight|94/100 brn|[from] brn
|-damage|p1a: Sableye|83/100 brn|[from] brn
|upkeep
|turn|30
|
|t:|1760777622
|move|p2a: Corviknight|U-turn|p1a: Sableye
|-damage|p1a: Sableye|74/100 brn
|move|p1a: Sableye|Knock Off|p2a: Corviknight
|-damage|p2a: Corviknight|90/100 brn
|-damage|p1a: Sableye|57/100 brn|[from] item: Rocky Helmet|[of] p2a: Corviknight
|-enditem|p2a: Corviknight|Rocky Helmet|[from] move: Knock Off|[of] p1a: Sableye
|
|-heal|p1a: Sableye|63/100 brn|[from] item: Leftovers
|-damage|p2a: Corviknight|84/100 brn|[from] brn
|-damage|p1a: Sableye|57/100 brn|[from] brn
|upkeep
|turn|31
|
|t:|1760777629
|move|p1a: Sableye|Substitute|p1a: Sableye
|-start|p1a: Sableye|Substitute
|-damage|p1a: Sableye|33/100 brn
|move|p2a: Corviknight|U-turn|p1a: Sableye
|-activate|p1a: Sableye|move: Substitute|[damage]
|
|-heal|p1a: Sableye|38/100 brn|[from] item: Leftovers
|-damage|p2a: Corviknight|78/100 brn|[from] brn
|-damage|p1a: Sableye|33/100 brn|[from] brn
|upkeep
|turn|32
|
|t:|1760777631
|move|p1a: Sableye|Recover|p1a: Sableye
|-heal|p1a: Sableye|83/100 brn
|move|p2a: Corviknight|U-turn|p1a: Sableye
|-activate|p1a: Sableye|move: Substitute|[damage]
|
|-heal|p1a: Sableye|89/100 brn|[from] item: Leftovers
|-damage|p2a: Corviknight|72/100 brn|[from] brn
|-damage|p1a: Sableye|83/100 brn|[from] brn
|upkeep
|turn|33
|
|t:|1760777633
|move|p2a: Corviknight|U-turn|p1a: Sableye
|-end|p1a: Sableye|Substitute
|move|p1a: Sableye|Knock Off|p2a: Corviknight
|-damage|p2a: Corviknight|69/100 brn
|
|-heal|p1a: Sableye|89/100 brn|[from] item: Leftovers
|-damage|p2a: Corviknight|63/100 brn|[from] brn
|-damage|p1a: Sableye|83/100 brn|[from] brn
|upkeep
|turn|34
|inactive|Battle timer is ON: inactive players will automatically lose when time's up. (requested by Allheckers)
|
|t:|1760777640
|move|p1a: Sableye|Substitute|p1a: Sableye
|-start|p1a: Sableye|Substitute
|-damage|p1a: Sableye|58/100 brn
|move|p2a: Corviknight|U-turn|p1a: Sableye
|-activate|p1a: Sableye|move: Substitute|[damage]
|
|-heal|p1a: Sableye|64/100 brn|[from] item: Leftovers
|-damage|p2a: Corviknight|56/100 brn|[from] brn
|-damage|p1a: Sableye|58/100 brn|[from] brn
|upkeep
|turn|35
|
|t:|1760777643
|move|p2a: Corviknight|Roost|p2a: Corviknight
|-heal|p2a: Corviknight|100/100 brn
|-singleturn|p2a: Corviknight|move: Roost
|move|p1a: Sableye|Knock Off|p2a: Corviknight
|-damage|p2a: Corviknight|98/100 brn
|
|-heal|p1a: Sableye|64/100 brn|[from] item: Leftovers
|-damage|p2a: Corviknight|91/100 brn|[from] brn
|-damage|p1a: Sableye|58/100 brn|[from] brn
|upkeep
|turn|36
|
|t:|1760777649
|move|p2a: Corviknight|U-turn|p1a: Sableye
|-activate|p1a: Sableye|move: Substitute|[damage]
|move|p1a: Sableye|Knock Off|p2a: Corviknight
|-damage|p2a: Corviknight|89/100 brn
|
|-heal|p1a: Sableye|64/100 brn|[from] item: Leftovers
|-damage|p2a: Corviknight|83/100 brn|[from] brn
|-damage|p1a: Sableye|58/100 brn|[from] brn
|upkeep
|turn|37
|
|t:|1760777653
|move|p2a: Corviknight|U-turn|p1a: Sableye
|-end|p1a: Sableye|Substitute
|move|p1a: Sableye|Knock Off|p2a: Corviknight
|-damage|p2a: Corviknight|80/100 brn
|
|-heal|p1a: Sableye|64/100 brn|[from] item: Leftovers
|-damage|p2a: Corviknight|74/100 brn|[from] brn
|-damage|p1a: Sableye|58/100 brn|[from] brn
|upkeep
|turn|38
|
|t:|1760777656
|move|p1a: Sableye|Recover|p1a: Sableye
|-heal|p1a: Sableye|100/100 brn
|move|p2a: Corviknight|U-turn|p1a: Sableye
|-damage|p1a: Sableye|90/100 brn
|
|-heal|p1a: Sableye|96/100 brn|[from] item: Leftovers
|-damage|p2a: Corviknight|67/100 brn|[from] brn
|-damage|p1a: Sableye|90/100 brn|[from] brn
|upkeep
|turn|39
|
|t:|1760777661
|switch|p1a: Keldeo|Keldeo-Resolute|41/100
|move|p2a: Corviknight|U-turn|p1a: Keldeo
|-resisted|p1a: Keldeo
|-damage|p1a: Keldeo|37/100
|
|-damage|p2a: Corviknight|61/100 brn|[from] brn
|upkeep
|turn|40
|
|t:|1760777664
|move|p1a: Keldeo|Surf|p2a: Corviknight
|-damage|p2a: Corviknight|10/100 brn
|move|p2a: Corviknight|Roost|p2a: Corviknight
|-heal|p2a: Corviknight|60/100 brn
|-singleturn|p2a: Corviknight|move: Roost
|
|-damage|p2a: Corviknight|54/100 brn|[from] brn
|upkeep
|turn|41
|
|t:|1760777666
|move|p1a: Keldeo|Surf|p2a: Corviknight
|-damage|p2a: Corviknight|1/100 brn
|move|p2a: Corviknight|Roost|p2a: Corviknight
|-heal|p2a: Corviknight|51/100 brn
|-singleturn|p2a: Corviknight|move: Roost
|
|-damage|p2a: Corviknight|45/100 brn|[from] brn
|upkeep
|turn|42
|
|t:|1760777669
|move|p1a: Keldeo|Surf|p2a: Corviknight
|-damage|p2a: Corviknight|0 fnt
|faint|p2a: Corviknight
|
|win|Allheckers
|raw|Allheckers's rating: 1273 &rarr; <strong>1302</strong><br />(+29 for winning)
|raw|healboy009's rating: 1333 &rarr; <strong>1310</strong><br />(-23 for losing)
|l|☆Allheckers
|player|p1|
|l|☆healboy009
|player|p2|
