|j|☆mellioz
|j|‽bigkatt96
|t:|1760822810
|gametype|singles
|player|p1|mellioz|169|1274
|player|p2|bigkatt96|169|1281
|gen|9
|tier|[Gen 9] OU
|rated|
|rule|HP Percentage Mod: HP is shown in percentages
|rule|Endless Battle Clause: Forcing endless battles is banned
|rule|Species Clause: Limit one of each Pokémon
|rule|OHKO Clause: OHKO moves are banned
|rule|Evasion Items Clause: Evasion items are banned
|rule|Evasion Moves Clause: Evasion moves are banned
|rule|Evasion Abilities Clause: Evasion abilities are banned
|rule|Sleep Moves Clause: Sleep-inducing moves are banned
|clearpoke
|poke|p1|Empoleon, F|
|poke|p1|Meowscarada, M|
|poke|p1|Mienshao, M|
|poke|p1|Polteageist-Antique|
|poke|p1|Mimikyu, M|
|poke|p1|Blastoise, F|
|poke|p2|Gallade, M|
|poke|p2|Haxorus, M|
|poke|p2|Toxtricity, M|
|poke|p2|Torterra, M|
|poke|p2|Eelektross, M|
|poke|p2|Slowbro, M|
|teampreview
|inactive|Battle timer is ON: inactive players will automatically lose when time's up. (requested by mellioz)
|
|t:|1760822824
|teamsize|p1|6
|teamsize|p2|6
|start
|switch|p1a: Empoleon|Empoleon, F|100/100
|switch|p2a: Slowbro|Slowbro, M, shiny|100/100
|turn|1
|
|t:|1760822841
|move|p1a: Empoleon|Stealth Rock|p2a: Slowbro
|-sidestart|p2: bigkatt96|move: Stealth Rock
|move|p2a: Slowbro|Calm Mind|p2a: Slowbro
|-boost|p2a: Slowbro|spa|1
|-boost|p2a: Slowbro|spd|1
|
|upkeep
|turn|2
|
|t:|1760822847
|move|p2a: Slowbro|Calm Mind|p2a: Slowbro
|-boost|p2a: Slowbro|spa|1
|-boost|p2a: Slowbro|spd|1
|move|p1a: Empoleon|Roar|p2a: Slowbro
|drag|p2a: Eelektross|Eelektross, M|100/100
|-damage|p2a: Eelektross|88/100|[from] Stealth Rock
|
|-heal|p2a: Eelektross|94/100|[from] item: Leftovers
|upkeep
|turn|3
|
|t:|1760822857
|move|p1a: Empoleon|Surf|p2a: Eelektross
|-damage|p2a: Eelektross|61/100
|move|p2a: Eelektross|Coil|p2a: Eelektross
|-boost|p2a: Eelektross|atk|1
|-boost|p2a: Eelektross|def|1
|-boost|p2a: Eelektross|accuracy|1
|
|-heal|p2a: Eelektross|67/100|[from] item: Leftovers
|upkeep
|turn|4
|
|t:|1760822866
|move|p2a: Eelektross|Supercell Slam|p1a: Empoleon
|-supereffective|p1a: Empoleon
|-enditem|p1a: Empoleon|Focus Sash
|-damage|p1a: Empoleon|1/100
|move|p1a: Empoleon|Roar|p2a: Eelektross
|drag|p2a: Toxtricity|Toxtricity, M|100/100
|-damage|p2a: Toxtricity|88/100|[from] Stealth Rock
|
|upkeep
|turn|5
|
|t:|1760822877
|move|p2a: Toxtricity|Volt Switch|p1a: Empoleon
|-supereffective|p1a: Empoleon
|-damage|p1a: Empoleon|0 fnt
|faint|p1a: Empoleon
|
|t:|1760822883
|switch|p2a: Eelektross|Eelektross, M|67/100|[from] Volt Switch
|-damage|p2a: Eelektross|55/100|[from] Stealth Rock
|
|-heal|p2a: Eelektross|61/100|[from] item: Leftovers
|upkeep
|
|t:|1760822893
|switch|p1a: Polteageist|Polteageist-Antique|100/100
|turn|6
|
|t:|1760822899
|move|p1a: Polteageist|Shell Smash|p1a: Polteageist
|-unboost|p1a: Polteageist|def|1
|-unboost|p1a: Polteageist|spd|1
|-boost|p1a: Polteageist|atk|2
|-boost|p1a: Polteageist|spa|2
|-boost|p1a: Polteageist|spe|2
|move|p2a: Eelektross|Dragon Tail|p1a: Polteageist
|-damage|p1a: Polteageist|59/100
|drag|p1a: Meowscarada|Meowscarada, M|100/100
|
|-heal|p2a: Eelektross|67/100|[from] item: Leftovers
|upkeep
|turn|7
|
|t:|1760822911
|move|p1a: Meowscarada|Knock Off|p2a: Eelektross
|-start|p1a: Meowscarada|typechange|Dark|[from] ability: Protean
|-damage|p2a: Eelektross|21/100
|-enditem|p2a: Eelektross|Leftovers|[from] move: Knock Off|[of] p1a: Meowscarada
|move|p2a: Eelektross|Drain Punch|p1a: Meowscarada
|-supereffective|p1a: Meowscarada
|-damage|p1a: Meowscarada|43/100
|-heal|p2a: Eelektross|44/100|[from] drain|[of] p1a: Meowscarada
|
|upkeep
|turn|8
|
|t:|1760822922
|move|p1a: Meowscarada|U-turn|p2a: Eelektross
|-damage|p2a: Eelektross|20/100
|
|t:|1760822925
|switch|p1a: Polteageist|Polteageist-Antique|59/100|[from] U-turn
|move|p2a: Eelektross|Drain Punch|p1a: Polteageist
|-immune|p1a: Polteageist
|
|upkeep
|turn|9
|
|t:|1760822933
|move|p1a: Polteageist|Shadow Ball|p2a: Eelektross
|-damage|p2a: Eelektross|0 fnt
|faint|p2a: Eelektross
|
|upkeep
|
|t:|1760822938
|switch|p2a: Haxorus|Haxorus, M, shiny|100/100
|-damage|p2a: Haxorus|88/100|[from] Stealth Rock
|-ability|p2a: Haxorus|Mold Breaker
|turn|10
|
|t:|1760822943
|move|p2a: Haxorus|Scale Shot|p1a: Polteageist
|-damage|p1a: Polteageist|35/100
|-crit|p1a: Polteageist
|-damage|p1a: Polteageist|0 fnt
|-start|p2a: Haxorus|Disable|Scale Shot|[from] ability: Cursed Body|[of] p1a: Polteageist
|faint|p1a: Polteageist
|-hitcount|p1: Polteageist|2
|-unboost|p2a: Haxorus|def|1
|-boost|p2a: Haxorus|spe|1
|
|upkeep
|
|t:|1760822954
|switch|p1a: Blastoise|Blastoise, F|100/100
|turn|11
|
|t:|1760822962
|move|p2a: Haxorus|Iron Head|p1a: Blastoise
|-resisted|p1a: Blastoise
|-damage|p1a: Blastoise|84/100
|move|p1a: Blastoise|Shell Smash|p1a: Blastoise
|-unboost|p1a: Blastoise|def|1
|-unboost|p1a: Blastoise|spd|1
|-boost|p1a: Blastoise|atk|2
|-boost|p1a: Blastoise|spa|2
|-boost|p1a: Blastoise|spe|2
|-enditem|p1a: Blastoise|White Herb
|-clearnegativeboost|p1a: Blastoise|[silent]
|
|upkeep
|turn|12
|
|t:|1760822976
|-terastallize|p2a: Haxorus|Steel
|move|p1a: Blastoise|Ice Beam|p2a: Haxorus
|-resisted|p2a: Haxorus
|-damage|p2a: Haxorus|49/100
|move|p2a: Haxorus|Swords Dance|p2a: Haxorus
|-boost|p2a: Haxorus|atk|2
|
|upkeep
|turn|13
|
|t:|1760822997
|move|p1a: Blastoise|Surf|p2a: Haxorus
|-damage|p2a: Haxorus|0 fnt
|faint|p2a: Haxorus
|
|upkeep
|
|t:|1760823002
|switch|p2a: Gallade|Gallade, M, shiny|100/100
|-damage|p2a: Gallade|94/100|[from] Stealth Rock
|turn|14
|
|t:|1760823009
|move|p1a: Blastoise|Surf|p2a: Gallade
|-damage|p2a: Gallade|11/100
|move|p2a: Gallade|Leaf Blade|p1a: Blastoise
|-supereffective|p1a: Blastoise
|-damage|p1a: Blastoise|0 fnt
|faint|p1a: Blastoise
|-damage|p2a: Gallade|1/100|[from] item: Life Orb
|
|upkeep
|
|t:|1760823016
|switch|p1a: Meowscarada|Meowscarada, M|43/100
|turn|15
|
|t:|1760823022
|move|p1a: Meowscarada|U-turn|p2a: Gallade
|-start|p1a: Meowscarada|typechange|Bug|[from] ability: Protean
|-damage|p2a: Gallade|0 fnt
|faint|p2a: Gallade
|
|t:|1760823027
|switch|p1a: Mienshao|Mienshao, M|100/100|[from] U-turn
|
|upkeep
|
|t:|1760823035
|switch|p2a: Torterra|Torterra, M|100/100
|-damage|p2a: Torterra|94/100|[from] Stealth Rock
|turn|16
|
|t:|1760823040
|move|p1a: Mienshao|Ice Spinner|p2a: Torterra
|-supereffective|p2a: Torterra
|-damage|p2a: Torterra|0 fnt
|faint|p2a: Torterra
|
|upkeep
|
|t:|1760823045
|switch|p2a: Toxtricity|Toxtricity, M|88/100
|-damage|p2a: Toxtricity|76/100|[from] Stealth Rock
|turn|17
|
|t:|1760823051
|switch|p1a: Meowscarada|Meowscarada, M|43/100
|move|p2a: Toxtricity|Boomburst|p1a: Meowscarada
|-damage|p1a: Meowscarada|0 fnt
|faint|p1a: Meowscarada
|
|upkeep
|
|t:|1760823056
|switch|p1a: Mimikyu|Mimikyu, M|100/100
|turn|18
|
|t:|1760823061
|switch|p2a: Slowbro|Slowbro, M, shiny|100/100
|-damage|p2a: Slowbro|88/100|[from] Stealth Rock
|move|p1a: Mimikyu|Swords Dance|p1a: Mimikyu
|-boost|p1a: Mimikyu|atk|2
|
|upkeep
|turn|19
|
|t:|1760823068
|move|p1a: Mimikyu|Shadow Claw|p2a: Slowbro
|-supereffective|p2a: Slowbro
|-damage|p2a: Slowbro|0 fnt
|faint|p2a: Slowbro
|-damage|p1a: Mimikyu|91/100|[from] item: Life Orb
|
|upkeep
|-message|bigkatt96 forfeited.
|
|win|mellioz
|raw|mellioz's rating: 1274 &rarr; <strong>1300</strong><br />(+26 for winning)
|raw|bigkatt96's rating: 1281 &rarr; <strong>1255</strong><br />(-26 for losing)
|l|‽bigkatt96
|player|p2|
|l|☆mellioz
|player|p1|
