|j|☆Avl2121
|j|☆sakuraba emma
|t:|1760800169
|gametype|singles
|player|p1|Avl2121|dragontamer|1296
|player|p2|sakuraba emma|hilda-wonderlauncher|1277
|gen|9
|tier|[Gen 9] OU
|rated|
|rule|HP Percentage Mod: HP is shown in percentages
|rule|Endless Battle Clause: Forcing endless battles is banned
|rule|Species Clause: Limit one of each Pokémon
|rule|OHKO Clause: OHKO moves are banned
|rule|Evasion Items Clause: Evasion items are banned
|rule|Evasion Moves Clause: Evasion moves are banned
|rule|Evasion Abilities Clause: Evasion abilities are banned
|rule|Sleep Moves Clause: Sleep-inducing moves are banned
|clearpoke
|poke|p1|Garganacl, M|
|poke|p1|Blaziken, M|
|poke|p1|Landorus-Therian, M|
|poke|p1|Kyurem|
|poke|p1|Rotom-Wash|
|poke|p1|Cryogonal|
|poke|p2|Great Tusk|
|poke|p2|Kyurem|
|poke|p2|Hatterene, F|
|poke|p2|Dragonite, F|
|poke|p2|Ceruledge, M|
|poke|p2|Ting-Lu|
|teampreview
|inactive|Battle timer is ON: inactive players will automatically lose when time's up. (requested by Avl2121)
|
|t:|1760800185
|teamsize|p1|6
|teamsize|p2|6
|start
|switch|p1a: Rotom|Rotom-Wash|100/100
|switch|p2a: Ting-Lu|Ting-Lu|100/100
|-ability|p2a: Ting-Lu|Vessel of Ruin
|turn|1
|
|t:|1760800192
|move|p1a: Rotom|Hydro Pump|p2a: Ting-Lu
|-supereffective|p2a: Ting-Lu
|-damage|p2a: Ting-Lu|59/100
|move|p2a: Ting-Lu|Stealth Rock|p1a: Rotom
|-sidestart|p1: Avl2121|move: Stealth Rock
|
|-heal|p2a: Ting-Lu|65/100|[from] item: Leftovers
|upkeep
|turn|2
|
|t:|1760800199
|move|p1a: Rotom|Hydro Pump|p2a: Ting-Lu|[miss]
|-miss|p1a: Rotom|p2a: Ting-Lu
|move|p2a: Ting-Lu|Whirlwind|p1a: Rotom
|drag|p1a: Kyurem|Kyurem|100/100
|-damage|p1a: Kyurem|76/100|[from] Stealth Rock
|-ability|p1a: Kyurem|Pressure
|
|-heal|p1a: Kyurem|82/100|[from] item: Leftovers
|-heal|p2a: Ting-Lu|72/100|[from] item: Leftovers
|upkeep
|turn|3
|
|t:|1760800213
|move|p1a: Kyurem|Freeze-Dry|p2a: Ting-Lu
|-supereffective|p2a: Ting-Lu
|-damage|p2a: Ting-Lu|39/100
|move|p2a: Ting-Lu|Whirlwind|p1a: Kyurem
|drag|p1a: Landorus|Landorus-Therian, M|100/100
|-damage|p1a: Landorus|88/100|[from] Stealth Rock
|-ability|p1a: Landorus|Intimidate|boost
|-unboost|p2a: Ting-Lu|atk|1
|
|-heal|p2a: Ting-Lu|45/100|[from] item: Leftovers
|upkeep
|turn|4
|
|t:|1760800227
|move|p1a: Landorus|Stealth Rock|p2a: Ting-Lu
|-sidestart|p2: sakuraba emma|move: Stealth Rock
|move|p2a: Ting-Lu|Ruination|p1a: Landorus
|-damage|p1a: Landorus|44/100
|
|-heal|p2a: Ting-Lu|51/100|[from] item: Leftovers
|upkeep
|turn|5
|
|t:|1760800239
|move|p1a: Landorus|U-turn|p2a: Ting-Lu
|-supereffective|p2a: Ting-Lu
|-damage|p2a: Ting-Lu|25/100
|
|t:|1760800243
|switch|p1a: Rotom|Rotom-Wash|100/100|[from] U-turn
|-damage|p1a: Rotom|88/100|[from] Stealth Rock
|move|p2a: Ting-Lu|Whirlwind|p1a: Rotom
|drag|p1a: Landorus|Landorus-Therian, M|44/100
|-damage|p1a: Landorus|32/100|[from] Stealth Rock
|-ability|p1a: Landorus|Intimidate|boost
|-unboost|p2a: Ting-Lu|atk|1
|
|-heal|p2a: Ting-Lu|31/100|[from] item: Leftovers
|upkeep
|turn|6
|
|t:|1760800258
|switch|p2a: Great Tusk|Great Tusk|100/100
|move|p1a: Landorus|Earthquake|p2a: Great Tusk
|-damage|p2a: Great Tusk|56/100
|
|upkeep
|turn|7
|
|t:|1760800267
|move|p1a: Landorus|Earthquake|p2a: Great Tusk
|-damage|p2a: Great Tusk|11/100
|move|p2a: Great Tusk|Rapid Spin|p1a: Landorus
|-damage|p1a: Landorus|11/100
|-boost|p2a: Great Tusk|spe|1
|-damage|p2a: Great Tusk|0 fnt|[from] item: Rocky Helmet|[of] p1a: Landorus
|faint|p2a: Great Tusk
|-end|p2a: Great Tusk|Protosynthesis|[silent]
|
|upkeep
|
|t:|1760800278
|switch|p2a: Dragonite|Dragonite, F|100/100
|-damage|p2a: Dragonite|76/100|[from] Stealth Rock
|turn|8
|
|t:|1760800282
|move|p2a: Dragonite|Extreme Speed|p1a: Landorus
|-damage|p1a: Landorus|0 fnt
|-damage|p2a: Dragonite|59/100|[from] item: Rocky Helmet|[of] p1a: Landorus
|faint|p1a: Landorus
|
|upkeep
|
|t:|1760800286
|switch|p1a: Cryogonal|Cryogonal|100/100
|-damage|p1a: Cryogonal|76/100|[from] Stealth Rock
|turn|9
|
|t:|1760800295
|-terastallize|p2a: Dragonite|Normal
|move|p2a: Dragonite|Extreme Speed|p1a: Cryogonal
|-damage|p1a: Cryogonal|0 fnt
|faint|p1a: Cryogonal
|
|upkeep
|
|t:|1760800300
|switch|p1a: Rotom|Rotom-Wash|88/100
|-damage|p1a: Rotom|76/100|[from] Stealth Rock
|turn|10
|
|t:|1760800306
|move|p2a: Dragonite|Extreme Speed|p1a: Rotom
|-damage|p1a: Rotom|0 fnt
|faint|p1a: Rotom
|
|upkeep
|
|t:|1760800309
|switch|p1a: Garganacl|Garganacl, M|100/100
|-damage|p1a: Garganacl|88/100|[from] Stealth Rock
|turn|11
|
|t:|1760800325
|switch|p2a: Hatterene|Hatterene, F|100/100
|-damage|p2a: Hatterene|88/100|[from] Stealth Rock
|move|p1a: Garganacl|Salt Cure|p2a: Hatterene
|-damage|p2a: Hatterene|74/100
|-start|p2a: Hatterene|Salt Cure
|
|-heal|p1a: Garganacl|94/100|[from] item: Leftovers
|-damage|p2a: Hatterene|62/100|[from] Salt Cure
|upkeep
|turn|12
|
|t:|1760800332
|move|p1a: Garganacl|Salt Cure|p2a: Hatterene
|-damage|p2a: Hatterene|48/100
|move|p2a: Hatterene|Draining Kiss|p1a: Garganacl
|-damage|p1a: Garganacl|71/100
|-heal|p2a: Hatterene|70/100|[from] drain|[of] p1a: Garganacl
|
|-heal|p1a: Garganacl|77/100|[from] item: Leftovers
|-damage|p2a: Hatterene|58/100|[from] Salt Cure
|upkeep
|turn|13
|
|t:|1760800339
|move|p1a: Garganacl|Salt Cure|p2a: Hatterene
|-damage|p2a: Hatterene|45/100
|move|p2a: Hatterene|Nuzzle|p1a: Garganacl
|-damage|p1a: Garganacl|75/100
|
|-heal|p1a: Garganacl|81/100|[from] item: Leftovers
|-damage|p2a: Hatterene|32/100|[from] Salt Cure
|upkeep
|turn|14
|
|t:|1760800342
|move|p1a: Garganacl|Protect|p1a: Garganacl
|-singleturn|p1a: Garganacl|Protect
|move|p2a: Hatterene|Draining Kiss|p1a: Garganacl
|-activate|p1a: Garganacl|move: Protect
|
|-heal|p1a: Garganacl|87/100|[from] item: Leftovers
|-damage|p2a: Hatterene|20/100|[from] Salt Cure
|upkeep
|turn|15
|
|t:|1760800347
|move|p1a: Garganacl|Curse|p1a: Garganacl
|-unboost|p1a: Garganacl|spe|1
|-boost|p1a: Garganacl|atk|1
|-boost|p1a: Garganacl|def|1
|move|p2a: Hatterene|Draining Kiss|p1a: Garganacl
|-damage|p1a: Garganacl|63/100
|-heal|p2a: Hatterene|43/100|[from] drain|[of] p1a: Garganacl
|
|-heal|p1a: Garganacl|69/100|[from] item: Leftovers
|-damage|p2a: Hatterene|31/100|[from] Salt Cure
|upkeep
|turn|16
|
|t:|1760800352
|move|p2a: Hatterene|Draining Kiss|p1a: Garganacl
|-damage|p1a: Garganacl|45/100
|-heal|p2a: Hatterene|54/100|[from] drain|[of] p1a: Garganacl
|move|p1a: Garganacl|Recover|p1a: Garganacl
|-heal|p1a: Garganacl|95/100
|
|-heal|p1a: Garganacl|100/100|[from] item: Leftovers
|-damage|p2a: Hatterene|42/100|[from] Salt Cure
|upkeep
|turn|17
|
|t:|1760800356
|move|p1a: Garganacl|Protect|p1a: Garganacl
|-singleturn|p1a: Garganacl|Protect
|move|p2a: Hatterene|Draining Kiss|p1a: Garganacl
|-activate|p1a: Garganacl|move: Protect
|
|-damage|p2a: Hatterene|30/100|[from] Salt Cure
|upkeep
|turn|18
|
|t:|1760800359
|move|p2a: Hatterene|Draining Kiss|p1a: Garganacl
|-damage|p1a: Garganacl|76/100
|-heal|p2a: Hatterene|53/100|[from] drain|[of] p1a: Garganacl
|move|p1a: Garganacl|Salt Cure|p2a: Hatterene
|-damage|p2a: Hatterene|34/100
|
|-heal|p1a: Garganacl|82/100|[from] item: Leftovers
|-damage|p2a: Hatterene|22/100|[from] Salt Cure
|upkeep
|turn|19
|
|t:|1760800365
|move|p1a: Garganacl|Protect|p1a: Garganacl
|-singleturn|p1a: Garganacl|Protect
|move|p2a: Hatterene|Draining Kiss|p1a: Garganacl
|-activate|p1a: Garganacl|move: Protect
|
|-heal|p1a: Garganacl|88/100|[from] item: Leftovers
|-damage|p2a: Hatterene|10/100|[from] Salt Cure
|upkeep
|turn|20
|
|t:|1760800369
|move|p2a: Hatterene|Draining Kiss|p1a: Garganacl
|-damage|p1a: Garganacl|64/100
|-heal|p2a: Hatterene|33/100|[from] drain|[of] p1a: Garganacl
|move|p1a: Garganacl|Curse|p1a: Garganacl
|-unboost|p1a: Garganacl|spe|1
|-boost|p1a: Garganacl|atk|1
|-boost|p1a: Garganacl|def|1
|
|-heal|p1a: Garganacl|71/100|[from] item: Leftovers
|-damage|p2a: Hatterene|20/100|[from] Salt Cure
|upkeep
|turn|21
|
|t:|1760800374
|move|p1a: Garganacl|Protect|p1a: Garganacl
|-singleturn|p1a: Garganacl|Protect
|move|p2a: Hatterene|Draining Kiss|p1a: Garganacl
|-activate|p1a: Garganacl|move: Protect
|
|-heal|p1a: Garganacl|77/100|[from] item: Leftovers
|-damage|p2a: Hatterene|8/100|[from] Salt Cure
|upkeep
|turn|22
|
|t:|1760800390
|move|p2a: Hatterene|Draining Kiss|p1a: Garganacl
|-damage|p1a: Garganacl|54/100
|-heal|p2a: Hatterene|29/100|[from] drain|[of] p1a: Garganacl
|move|p1a: Garganacl|Curse|p1a: Garganacl
|-unboost|p1a: Garganacl|spe|1
|-boost|p1a: Garganacl|atk|1
|-boost|p1a: Garganacl|def|1
|
|-heal|p1a: Garganacl|61/100|[from] item: Leftovers
|-damage|p2a: Hatterene|17/100|[from] Salt Cure
|upkeep
|turn|23
|
|t:|1760800398
|move|p2a: Hatterene|Draining Kiss|p1a: Garganacl
|-damage|p1a: Garganacl|36/100
|-heal|p2a: Hatterene|41/100|[from] drain|[of] p1a: Garganacl
|move|p1a: Garganacl|Recover|p1a: Garganacl
|-heal|p1a: Garganacl|86/100
|
|-heal|p1a: Garganacl|92/100|[from] item: Leftovers
|-damage|p2a: Hatterene|28/100|[from] Salt Cure
|upkeep
|turn|24
|
|t:|1760800424
|switch|p2a: Dragonite|Dragonite, F, tera:Normal|59/100
|-damage|p2a: Dragonite|47/100|[from] Stealth Rock
|move|p1a: Garganacl|Protect||[still]
|-fail|p1a: Garganacl
|
|-heal|p1a: Garganacl|98/100|[from] item: Leftovers
|upkeep
|turn|25
|
|t:|1760800430
|move|p2a: Dragonite|Earthquake|p1a: Garganacl
|-supereffective|p1a: Garganacl
|-damage|p1a: Garganacl|79/100
|move|p1a: Garganacl|Salt Cure|p2a: Dragonite
|-damage|p2a: Dragonite|12/100
|-start|p2a: Dragonite|Salt Cure
|
|-heal|p1a: Garganacl|85/100|[from] item: Leftovers
|-damage|p2a: Dragonite|0 fnt|[from] Salt Cure
|faint|p2a: Dragonite
|upkeep
|-message|sakuraba emma forfeited.
|
|win|Avl2121
|raw|Avl2121's rating: 1296 &rarr; <strong>1320</strong><br />(+24 for winning)
|raw|sakuraba emma's rating: 1277 &rarr; <strong>1253</strong><br />(-24 for losing)
|l|☆sakuraba emma
|player|p2|
|l|☆Avl2121
|player|p1|
