|j|☆SmallKuza1888
|j|☆hey_rain_maker
|t:|1760848806
|gametype|singles
|player|p1|SmallKuza1888|cyclist-gen4|1628
|player|p2|hey_rain_maker|caitlin|1640
|gen|9
|tier|[Gen 9] OU
|rated|
|rule|HP Percentage Mod: HP is shown in percentages
|rule|Endless Battle Clause: Forcing endless battles is banned
|rule|Species Clause: Limit one of each Pokémon
|rule|OHKO Clause: OHKO moves are banned
|rule|Evasion Items Clause: Evasion items are banned
|rule|Evasion Moves Clause: Evasion moves are banned
|rule|Evasion Abilities Clause: Evasion abilities are banned
|rule|Sleep Moves Clause: Sleep-inducing moves are banned
|clearpoke
|poke|p1|Weavile, M|
|poke|p1|Iron Treads|
|poke|p1|Keldeo|
|poke|p1|Hatterene, F|
|poke|p1|Ting-Lu|
|poke|p1|Dragonite, F|
|poke|p2|Samurott-Hisui, M|
|poke|p2|Darkrai|
|poke|p2|Gliscor, M|
|poke|p2|Cinderace, F|
|poke|p2|Raging Bolt|
|poke|p2|Ogerpon-Wellspring, F|
|teampreview
|inactive|Battle timer is ON: inactive players will automatically lose when time's up. (requested by hey_rain_maker)
|
|t:|1760848824
|teamsize|p1|6
|teamsize|p2|6
|start
|switch|p1a: Keldeo|Keldeo|100/100
|switch|p2a: Darkrai|Darkrai|100/100
|turn|1
|
|t:|1760848828
|move|p2a: Darkrai|Sludge Bomb|p1a: Keldeo
|-damage|p1a: Keldeo|43/100
|move|p1a: Keldeo|Aura Sphere|p2a: Darkrai
|-supereffective|p2a: Darkrai
|-damage|p2a: Darkrai|0 fnt
|faint|p2a: Darkrai
|
|upkeep
|
|t:|1760848832
|switch|p2a: Ogerpon|Ogerpon-Wellspring, F|100/100
|turn|2
|
|t:|1760848835
|switch|p1a: Dragonite|Dragonite, F|100/100
|move|p2a: Ogerpon|Ivy Cudgel|p1a: Dragonite|[anim] Ivy Cudgel Water
|-resisted|p1a: Dragonite
|-damage|p1a: Dragonite|89/100
|
|upkeep
|turn|3
|
|t:|1760848838
|switch|p2a: Gliscor|Gliscor, M|100/100
|move|p1a: Dragonite|Dragon Tail|p2a: Gliscor
|-damage|p2a: Gliscor|77/100
|drag|p2a: Ogerpon|Ogerpon-Wellspring, F|100/100
|
|upkeep
|turn|4
|
|t:|1760848841
|move|p2a: Ogerpon|Ivy Cudgel|p1a: Dragonite|[anim] Ivy Cudgel Water
|-resisted|p1a: Dragonite
|-damage|p1a: Dragonite|67/100
|move|p1a: Dragonite|Dragon Tail|p2a: Ogerpon
|-damage|p2a: Ogerpon|61/100
|drag|p2a: Cinderace|Cinderace, F|100/100
|
|upkeep
|turn|5
|
|t:|1760848847
|move|p2a: Cinderace|Will-O-Wisp|p1a: Dragonite
|-status|p1a: Dragonite|brn
|move|p1a: Dragonite|Roost|p1a: Dragonite
|-heal|p1a: Dragonite|100/100 brn
|-singleturn|p1a: Dragonite|move: Roost
|
|-damage|p1a: Dragonite|94/100 brn|[from] brn
|upkeep
|turn|6
|
|t:|1760848850
|move|p2a: Cinderace|U-turn|p1a: Dragonite
|-resisted|p1a: Dragonite
|-damage|p1a: Dragonite|85/100 brn
|
|t:|1760848852
|switch|p2a: Gliscor|Gliscor, M|77/100|[from] U-turn
|move|p1a: Dragonite|Dragon Tail|p2a: Gliscor
|-damage|p2a: Gliscor|67/100
|drag|p2a: Samurott|Samurott-Hisui, M|100/100
|
|-damage|p1a: Dragonite|79/100 brn|[from] brn
|upkeep
|turn|7
|
|t:|1760848859
|switch|p1a: Ting-Lu|Ting-Lu|100/100
|-ability|p1a: Ting-Lu|Vessel of Ruin
|move|p2a: Samurott|Ceaseless Edge|p1a: Ting-Lu
|-resisted|p1a: Ting-Lu
|-damage|p1a: Ting-Lu|90/100
|-damage|p2a: Samurott|84/100|[from] item: Rocky Helmet|[of] p1a: Ting-Lu
|-sidestart|p1: SmallKuza1888|Spikes
|
|upkeep
|turn|8
|inactive|hey_rain_maker has 120 seconds left.
|
|t:|1760848892
|move|p2a: Samurott|Razor Shell|p1a: Ting-Lu
|-supereffective|p1a: Ting-Lu
|-crit|p1a: Ting-Lu
|-damage|p1a: Ting-Lu|16/100
|-damage|p2a: Samurott|67/100|[from] item: Rocky Helmet|[of] p1a: Ting-Lu
|move|p1a: Ting-Lu|Stealth Rock|p2a: Samurott
|-sidestart|p2: hey_rain_maker|move: Stealth Rock
|
|upkeep
|turn|9
|
|t:|1760848897
|move|p2a: Samurott|Ceaseless Edge|p1a: Ting-Lu
|-resisted|p1a: Ting-Lu
|-damage|p1a: Ting-Lu|6/100
|-damage|p2a: Samurott|50/100|[from] item: Rocky Helmet|[of] p1a: Ting-Lu
|-sidestart|p1: SmallKuza1888|Spikes
|move|p1a: Ting-Lu|Earthquake|p2a: Samurott
|-damage|p2a: Samurott|14/100
|
|upkeep
|turn|10
|
|t:|1760848902
|move|p2a: Samurott|Ceaseless Edge|p1a: Ting-Lu
|-resisted|p1a: Ting-Lu
|-damage|p1a: Ting-Lu|0 fnt
|-damage|p2a: Samurott|0 fnt|[from] item: Rocky Helmet|[of] p1a: Ting-Lu
|faint|p1a: Ting-Lu
|faint|p2a: Samurott
|
|upkeep
|
|t:|1760848909
|switch|p2a: Cinderace|Cinderace, F|100/100
|switch|p1a: Dragonite|Dragonite, F|79/100 brn
|turn|11
|
|t:|1760848913
|move|p2a: Cinderace|Pyro Ball|p1a: Dragonite
|-resisted|p1a: Dragonite
|-damage|p1a: Dragonite|58/100 brn
|move|p1a: Dragonite|Dragon Tail|p2a: Cinderace
|-damage|p2a: Cinderace|81/100
|drag|p2a: Raging Bolt|Raging Bolt|100/100
|-damage|p2a: Raging Bolt|88/100|[from] Stealth Rock
|
|-heal|p2a: Raging Bolt|94/100|[from] item: Leftovers
|-damage|p1a: Dragonite|52/100 brn|[from] brn
|upkeep
|turn|12
|
|t:|1760848919
|move|p1a: Dragonite|Earthquake|p2a: Raging Bolt
|-supereffective|p2a: Raging Bolt
|-damage|p2a: Raging Bolt|73/100
|move|p2a: Raging Bolt|Dragon Pulse|p1a: Dragonite
|-supereffective|p1a: Dragonite
|-damage|p1a: Dragonite|0 fnt
|faint|p1a: Dragonite
|
|-heal|p2a: Raging Bolt|79/100|[from] item: Leftovers
|upkeep
|
|t:|1760848921
|switch|p1a: Iron Treads|Iron Treads|100/100
|-damage|p1a: Iron Treads|84/100|[from] Spikes
|turn|13
|
|t:|1760848926
|-end|p2a: Raging Bolt|Protosynthesis|[silent]
|switch|p2a: Gliscor|Gliscor, M|67/100
|-damage|p2a: Gliscor|54/100|[from] Stealth Rock
|move|p1a: Iron Treads|Rapid Spin|p2a: Gliscor
|-damage|p2a: Gliscor|44/100
|-boost|p1a: Iron Treads|spe|1
|-sideend|p1: SmallKuza1888|Spikes|[from] move: Rapid Spin|[of] p1a: Iron Treads
|
|-heal|p1a: Iron Treads|90/100|[from] item: Leftovers
|-status|p2a: Gliscor|tox|[from] item: Toxic Orb
|upkeep
|turn|14
|
|t:|1760848929
|move|p1a: Iron Treads|Ice Spinner|p2a: Gliscor
|-supereffective|p2a: Gliscor
|-damage|p2a: Gliscor|0 fnt
|faint|p2a: Gliscor
|
|-heal|p1a: Iron Treads|96/100|[from] item: Leftovers
|upkeep
|
|t:|1760848931
|switch|p2a: Ogerpon|Ogerpon-Wellspring, F|61/100
|-damage|p2a: Ogerpon|48/100|[from] Stealth Rock
|turn|15
|
|t:|1760848938
|move|p1a: Iron Treads|Earthquake|p2a: Ogerpon
|-resisted|p2a: Ogerpon
|-damage|p2a: Ogerpon|19/100
|move|p2a: Ogerpon|Ivy Cudgel|p1a: Iron Treads|[anim] Ivy Cudgel Water
|-supereffective|p1a: Iron Treads
|-damage|p1a: Iron Treads|3/100
|
|-heal|p1a: Iron Treads|9/100|[from] item: Leftovers
|upkeep
|turn|16
|
|t:|1760848941
|move|p1a: Iron Treads|Earthquake|p2a: Ogerpon
|-resisted|p2a: Ogerpon
|-damage|p2a: Ogerpon|0 fnt
|faint|p2a: Ogerpon
|
|-heal|p1a: Iron Treads|15/100|[from] item: Leftovers
|upkeep
|
|t:|1760848944
|switch|p2a: Raging Bolt|Raging Bolt|79/100
|-damage|p2a: Raging Bolt|67/100|[from] Stealth Rock
|turn|17
|
|t:|1760848946
|-terastallize|p2a: Raging Bolt|Fairy
|move|p1a: Iron Treads|Earthquake|p2a: Raging Bolt
|-damage|p2a: Raging Bolt|39/100
|move|p2a: Raging Bolt|Calm Mind|p2a: Raging Bolt
|-boost|p2a: Raging Bolt|spa|1
|-boost|p2a: Raging Bolt|spd|1
|
|-heal|p1a: Iron Treads|22/100|[from] item: Leftovers
|-heal|p2a: Raging Bolt|46/100|[from] item: Leftovers
|upkeep
|turn|18
|
|t:|1760848951
|move|p1a: Iron Treads|Knock Off|p2a: Raging Bolt
|-resisted|p2a: Raging Bolt
|-damage|p2a: Raging Bolt|35/100
|-enditem|p2a: Raging Bolt|Leftovers|[from] move: Knock Off|[of] p1a: Iron Treads
|move|p2a: Raging Bolt|Dragon Pulse|p1a: Iron Treads
|-resisted|p1a: Iron Treads
|-damage|p1a: Iron Treads|0 fnt
|faint|p1a: Iron Treads
|-end|p1a: Iron Treads|Quark Drive|[silent]
|
|upkeep
|
|t:|1760848960
|switch|p1a: Hatterene|Hatterene, F|100/100
|turn|19
|
|t:|1760848962
|move|p2a: Raging Bolt|Thunderbolt|p1a: Hatterene
|-damage|p1a: Hatterene|62/100
|move|p1a: Hatterene|Psyshock|p2a: Raging Bolt
|-damage|p2a: Raging Bolt|12/100
|
|upkeep
|turn|20
|
|t:|1760848967
|move|p2a: Raging Bolt|Thunderbolt|p1a: Hatterene
|-damage|p1a: Hatterene|24/100
|move|p1a: Hatterene|Draining Kiss|p2a: Raging Bolt
|-damage|p2a: Raging Bolt|0 fnt
|-heal|p1a: Hatterene|37/100|[from] drain|[of] p2a: Raging Bolt
|faint|p2a: Raging Bolt
|-end|p2a: Raging Bolt|Protosynthesis|[silent]
|
|upkeep
|
|t:|1760848971
|switch|p2a: Cinderace|Cinderace, F|81/100
|turn|21
|
|t:|1760848972
|move|p2a: Cinderace|Pyro Ball|p1a: Hatterene
|-damage|p1a: Hatterene|0 fnt
|faint|p1a: Hatterene
|
|upkeep
|
|t:|1760848975
|switch|p1a: Keldeo|Keldeo|43/100
|turn|22
|
|t:|1760848977
|move|p1a: Keldeo|Vacuum Wave|p2a: Cinderace
|-damage|p2a: Cinderace|56/100
|move|p2a: Cinderace|Pyro Ball|p1a: Keldeo
|-resisted|p1a: Keldeo
|-damage|p1a: Keldeo|12/100
|-status|p1a: Keldeo|brn
|
|-damage|p1a: Keldeo|5/100 brn|[from] brn
|upkeep
|turn|23
|
|t:|1760848980
|move|p1a: Keldeo|Vacuum Wave|p2a: Cinderace
|-damage|p2a: Cinderace|31/100
|move|p2a: Cinderace|Pyro Ball|p1a: Keldeo
|-resisted|p1a: Keldeo
|-crit|p1a: Keldeo
|-damage|p1a: Keldeo|0 fnt
|faint|p1a: Keldeo
|
|upkeep
|
|t:|1760848982
|switch|p1a: Weavile|Weavile, M|100/100
|-ability|p1a: Weavile|Pressure
|turn|24
|
|t:|1760848985
|move|p1a: Weavile|Knock Off|p2a: Cinderace
|-damage|p2a: Cinderace|0 fnt
|-enditem|p2a: Cinderace|Heavy-Duty Boots|[from] move: Knock Off|[of] p1a: Weavile
|faint|p2a: Cinderace
|
|win|SmallKuza1888
|raw|SmallKuza1888's rating: 1628 &rarr; <strong>1649</strong><br />(+21 for winning)
|raw|hey_rain_maker's rating: 1640 &rarr; <strong>1619</strong><br />(-21 for losing)
|l|☆hey_rain_maker
|player|p2|
|l|☆SmallKuza1888
|player|p1|
