|j|‽Luat1
|j|☆Oydess222
|t:|1760756295
|gametype|singles
|player|p1|Luat1|hilbert-wonderlauncher|1307
|player|p2|Oydess222|266|1320
|gen|9
|tier|[Gen 9] OU
|rated|
|rule|HP Percentage Mod: HP is shown in percentages
|rule|Endless Battle Clause: Forcing endless battles is banned
|rule|Species Clause: Limit one of each Pokémon
|rule|OHKO Clause: OHKO moves are banned
|rule|Evasion Items Clause: Evasion items are banned
|rule|Evasion Moves Clause: Evasion moves are banned
|rule|Evasion Abilities Clause: Evasion abilities are banned
|rule|Sleep Moves Clause: Sleep-inducing moves are banned
|clearpoke
|poke|p1|Ting-Lu|
|poke|p1|Latias, F|
|poke|p1|Ogerpon-Wellspring, F|
|poke|p1|Pelipper, F|
|poke|p1|Iron Treads|
|poke|p1|Tornadus-Therian, M|
|poke|p2|Ambipom, M|
|poke|p2|Dragapult, F|
|poke|p2|Hatterene, F|
|poke|p2|Volcanion|
|poke|p2|Sinistcha|
|poke|p2|Forretress, F|
|teampreview
|inactive|Battle timer is ON: inactive players will automatically lose when time's up. (requested by Luat1)
|inactive|Luat1 has 120 seconds left.
|
|t:|1760756328
|teamsize|p1|6
|teamsize|p2|6
|start
|switch|p1a: Tornadus|Tornadus-Therian, M|100/100
|switch|p2a: Volcanion|Volcanion|100/100
|turn|1
|
|t:|1760756334
|move|p1a: Tornadus|Knock Off|p2a: Volcanion
|-damage|p2a: Volcanion|84/100
|-enditem|p2a: Volcanion|Assault Vest|[from] move: Knock Off|[of] p1a: Tornadus
|move|p2a: Volcanion|Steam Eruption|p1a: Tornadus
|-damage|p1a: Tornadus|56/100
|-status|p1a: Tornadus|brn
|
|-damage|p1a: Tornadus|50/100 brn|[from] brn
|upkeep
|turn|2
|
|t:|1760756344
|move|p1a: Tornadus|U-turn|p2a: Volcanion
|-resisted|p2a: Volcanion
|-damage|p2a: Volcanion|81/100
|
|t:|1760756350
|switch|p1a: Ogerpon|Ogerpon-Wellspring, F|100/100|[from] U-turn
|move|p2a: Volcanion|Sludge Wave|p1a: Ogerpon
|-supereffective|p1a: Ogerpon
|-damage|p1a: Ogerpon|12/100
|
|upkeep
|turn|3
|
|t:|1760756358
|move|p1a: Ogerpon|U-turn|p2a: Volcanion
|-resisted|p2a: Volcanion
|-damage|p2a: Volcanion|70/100
|
|t:|1760756363
|switch|p1a: Tornadus|Tornadus-Therian, M|83/100 brn|[from] U-turn
|move|p2a: Volcanion|Sludge Wave|p1a: Tornadus
|-damage|p1a: Tornadus|57/100 brn
|
|-damage|p1a: Tornadus|51/100 brn|[from] brn
|upkeep
|turn|4
|
|t:|1760756367
|move|p1a: Tornadus|U-turn|p2a: Volcanion
|-resisted|p2a: Volcanion
|-damage|p2a: Volcanion|67/100
|
|t:|1760756373
|switch|p1a: Latias|Latias, F|100/100|[from] U-turn
|move|p2a: Volcanion|Steam Eruption|p1a: Latias
|-resisted|p1a: Latias
|-damage|p1a: Latias|75/100
|
|-heal|p1a: Latias|81/100|[from] item: Leftovers
|upkeep
|turn|5
|
|t:|1760756382
|switch|p2a: Hatterene|Hatterene, F|100/100
|move|p1a: Latias|Future Sight|p2a: Hatterene
|-start|p1a: Latias|move: Future Sight
|
|-heal|p1a: Latias|87/100|[from] item: Leftovers
|upkeep
|turn|6
|
|t:|1760756390
|switch|p1a: Tornadus|Tornadus-Therian, M|85/100 brn
|move|p2a: Hatterene|Trick|p1a: Tornadus
|-activate|p2a: Hatterene|move: Trick|[of] p1a: Tornadus
|-item|p1a: Tornadus|Lagging Tail|[from] move: Trick
|-item|p2a: Hatterene|Assault Vest|[from] move: Trick
|
|-damage|p1a: Tornadus|79/100 brn|[from] brn
|upkeep
|turn|7
|
|t:|1760756399
|switch|p2a: Volcanion|Volcanion|67/100
|move|p1a: Tornadus|Knock Off|p2a: Volcanion
|-damage|p2a: Volcanion|61/100
|
|-end|p2a: Volcanion|move: Future Sight
|-damage|p2a: Volcanion|0 fnt
|faint|p2a: Volcanion
|-damage|p1a: Tornadus|72/100 brn|[from] brn
|upkeep
|
|t:|1760756408
|switch|p2a: Sinistcha|Sinistcha|100/100
|turn|8
|
|t:|1760756412
|move|p2a: Sinistcha|Calm Mind|p2a: Sinistcha
|-boost|p2a: Sinistcha|spa|1
|-boost|p2a: Sinistcha|spd|1
|move|p1a: Tornadus|Knock Off|p2a: Sinistcha
|-supereffective|p2a: Sinistcha
|-damage|p2a: Sinistcha|81/100
|-enditem|p2a: Sinistcha|Weakness Policy
|-boost|p2a: Sinistcha|atk|2|[from] item: Weakness Policy
|-boost|p2a: Sinistcha|spa|2|[from] item: Weakness Policy
|
|-damage|p1a: Tornadus|66/100 brn|[from] brn
|upkeep
|turn|9
|
|t:|1760756419
|switch|p1a: Ting-Lu|Ting-Lu|100/100
|-ability|p1a: Ting-Lu|Vessel of Ruin
|move|p2a: Sinistcha|Calm Mind|p2a: Sinistcha
|-boost|p2a: Sinistcha|spa|1
|-boost|p2a: Sinistcha|spd|1
|
|upkeep
|turn|10
|
|t:|1760756423
|-terastallize|p1a: Ting-Lu|Dragon
|move|p2a: Sinistcha|Matcha Gotcha|p1a: Ting-Lu
|-resisted|p1a: Ting-Lu
|-damage|p1a: Ting-Lu|68/100
|-heal|p2a: Sinistcha|100/100|[from] drain|[of] p1a: Ting-Lu
|move|p1a: Ting-Lu|Whirlwind|p2a: Sinistcha
|drag|p2a: Forretress|Forretress, F|100/100
|
|-heal|p1a: Ting-Lu|75/100|[from] item: Leftovers
|upkeep
|turn|11
|
|t:|1760756439
|switch|p1a: Tornadus|Tornadus-Therian, M|99/100 brn
|move|p2a: Forretress|Thunder Wave||[still]
|-fail|p2a: Forretress
|
|-damage|p1a: Tornadus|94/100 brn|[from] brn
|upkeep
|turn|12
|
|t:|1760756446
|switch|p2a: Ambipom|Ambipom, M|100/100
|move|p1a: Tornadus|Heat Wave|p2a: Ambipom
|-damage|p2a: Ambipom|58/100
|-status|p2a: Ambipom|brn
|
|-damage|p1a: Tornadus|88/100 brn|[from] brn
|-damage|p2a: Ambipom|52/100 brn|[from] brn
|upkeep
|turn|13
|
|t:|1760756452
|move|p2a: Ambipom|Fake Out|p1a: Tornadus
|-damage|p1a: Tornadus|68/100 brn
|cant|p1a: Tornadus|flinch
|
|-damage|p1a: Tornadus|62/100 brn|[from] brn
|-damage|p2a: Ambipom|46/100 brn|[from] brn
|upkeep
|turn|14
|
|t:|1760756456
|move|p2a: Ambipom|Triple Axel|p1a: Tornadus
|-supereffective|p1a: Tornadus
|-damage|p1a: Tornadus|49/100 brn
|-supereffective|p1a: Tornadus
|-damage|p1a: Tornadus|25/100 brn
|-supereffective|p1a: Tornadus
|-damage|p1a: Tornadus|0 fnt
|faint|p1a: Tornadus
|-hitcount|p1: Tornadus|3
|
|-damage|p2a: Ambipom|39/100 brn|[from] brn
|upkeep
|
|t:|1760756483
|switch|p1a: Ting-Lu|Ting-Lu, tera:Dragon|75/100
|-ability|p1a: Ting-Lu|Vessel of Ruin
|turn|15
|
|t:|1760756491
|switch|p2a: Forretress|Forretress, F|100/100
|move|p1a: Ting-Lu|Stealth Rock|p2a: Forretress
|-sidestart|p2: Oydess222|move: Stealth Rock
|
|-heal|p1a: Ting-Lu|81/100|[from] item: Leftovers
|upkeep
|turn|16
|
|t:|1760756495
|move|p1a: Ting-Lu|Ruination|p2a: Forretress
|-damage|p2a: Forretress|50/100
|move|p2a: Forretress|Stealth Rock|p1a: Ting-Lu
|-sidestart|p1: Luat1|move: Stealth Rock
|
|-heal|p1a: Ting-Lu|87/100|[from] item: Leftovers
|upkeep
|turn|17
|
|t:|1760756504
|switch|p1a: Pelipper|Pelipper, F|100/100
|-damage|p1a: Pelipper|76/100|[from] Stealth Rock
|-weather|RainDance|[from] ability: Drizzle|[of] p1a: Pelipper
|move|p2a: Forretress|Rapid Spin|p1a: Pelipper
|-damage|p1a: Pelipper|63/100
|-boost|p2a: Forretress|spe|1
|-sideend|p2: Oydess222|Stealth Rock|[from] move: Rapid Spin|[of] p2a: Forretress
|
|-weather|RainDance|[upkeep]
|upkeep
|turn|18
|
|t:|1760756509
|move|p1a: Pelipper|Weather Ball|p2a: Forretress
|-damage|p2a: Forretress|0 fnt
|faint|p2a: Forretress
|
|-weather|RainDance|[upkeep]
|upkeep
|
|t:|1760756531
|switch|p2a: Hatterene|Hatterene, F|100/100
|turn|19
|
|t:|1760756536
|switch|p1a: Iron Treads|Iron Treads|100/100
|move|p2a: Hatterene|Nuzzle|p1a: Iron Treads
|-immune|p1a: Iron Treads
|
|-weather|RainDance|[upkeep]
|upkeep
|turn|20
|
|t:|1760756543
|switch|p2a: Sinistcha|Sinistcha|100/100
|move|p1a: Iron Treads|Heavy Slam|p2a: Sinistcha
|-damage|p2a: Sinistcha|54/100
|
|-weather|RainDance|[upkeep]
|upkeep
|turn|21
|
|t:|1760756553
|move|p1a: Iron Treads|Heavy Slam|p2a: Sinistcha
|-damage|p2a: Sinistcha|8/100
|move|p2a: Sinistcha|Strength Sap|p1a: Iron Treads
|-unboost|p1a: Iron Treads|atk|1
|-heal|p2a: Sinistcha|90/100
|
|-weather|none
|upkeep
|turn|22
|
|t:|1760756560
|move|p1a: Iron Treads|Volt Switch|p2a: Sinistcha
|-resisted|p2a: Sinistcha
|-damage|p2a: Sinistcha|84/100
|
|t:|1760756563
|-end|p1a: Iron Treads|Quark Drive|[silent]
|switch|p1a: Pelipper|Pelipper, F|63/100|[from] Volt Switch
|-damage|p1a: Pelipper|38/100|[from] Stealth Rock
|-weather|RainDance|[from] ability: Drizzle|[of] p1a: Pelipper
|move|p2a: Sinistcha|Matcha Gotcha|p1a: Pelipper
|-damage|p1a: Pelipper|0 fnt
|-heal|p2a: Sinistcha|98/100|[from] drain|[of] p1a: Pelipper
|faint|p1a: Pelipper
|
|-weather|RainDance|[upkeep]
|upkeep
|
|t:|1760756570
|switch|p1a: Latias|Latias, F|87/100
|-damage|p1a: Latias|75/100|[from] Stealth Rock
|turn|23
|
|t:|1760756574
|move|p1a: Latias|Future Sight|p2a: Sinistcha
|-start|p1a: Latias|move: Future Sight
|move|p2a: Sinistcha|Calm Mind|p2a: Sinistcha
|-boost|p2a: Sinistcha|spa|1
|-boost|p2a: Sinistcha|spd|1
|
|-weather|RainDance|[upkeep]
|-heal|p1a: Latias|81/100|[from] item: Leftovers
|upkeep
|turn|24
|
|t:|1760756578
|move|p1a: Latias|Psyshock|p2a: Sinistcha
|-damage|p2a: Sinistcha|63/100
|move|p2a: Sinistcha|Shadow Ball|p1a: Latias
|-supereffective|p1a: Latias
|-damage|p1a: Latias|0 fnt
|faint|p1a: Latias
|
|-weather|RainDance|[upkeep]
|upkeep
|
|t:|1760756584
|switch|p1a: Iron Treads|Iron Treads|100/100
|turn|25
|
|t:|1760756588
|move|p1a: Iron Treads|Heavy Slam|p2a: Sinistcha
|-damage|p2a: Sinistcha|18/100
|move|p2a: Sinistcha|Matcha Gotcha|p1a: Iron Treads
|-damage|p1a: Iron Treads|16/100
|-heal|p2a: Sinistcha|61/100|[from] drain|[of] p1a: Iron Treads
|
|-weather|RainDance|[upkeep]
|-end|p2a: Sinistcha|move: Future Sight
|-damage|p2a: Sinistcha|17/100
|upkeep
|turn|26
|
|t:|1760756597
|move|p1a: Iron Treads|Heavy Slam|p2a: Sinistcha
|-damage|p2a: Sinistcha|0 fnt
|faint|p2a: Sinistcha
|
|-weather|none
|upkeep
|
|t:|1760756600
|switch|p2a: Dragapult|Dragapult, F|100/100
|turn|27
|
|t:|1760756606
|-end|p1a: Iron Treads|Quark Drive|[silent]
|switch|p1a: Ting-Lu|Ting-Lu, tera:Dragon|87/100
|-damage|p1a: Ting-Lu|74/100|[from] Stealth Rock
|-ability|p1a: Ting-Lu|Vessel of Ruin
|move|p2a: Dragapult|Dragon Darts|p1a: Ting-Lu
|-supereffective|p1a: Ting-Lu
|-damage|p1a: Ting-Lu|52/100
|-anim|p2a: Dragapult|Dragon Darts|p1a: Ting-Lu
|-supereffective|p1a: Ting-Lu
|-damage|p1a: Ting-Lu|30/100
|
|-heal|p1a: Ting-Lu|36/100|[from] item: Leftovers
|upkeep
|turn|28
|
|t:|1760756616
|switch|p2a: Hatterene|Hatterene, F|100/100
|move|p1a: Ting-Lu|Whirlwind|p2a: Hatterene
|move|p2a: Hatterene|Whirlwind|p1a: Ting-Lu|[from] ability: Magic Bounce
|drag|p1a: Iron Treads|Iron Treads|16/100
|
|upkeep
|turn|29
|
|t:|1760756634
|switch|p2a: Dragapult|Dragapult, F|100/100
|move|p1a: Iron Treads|Rapid Spin|p2a: Dragapult
|-immune|p2a: Dragapult
|
|upkeep
|turn|30
|-message|Luat1 forfeited.
|
|win|Oydess222
|raw|Luat1's rating: 1307 &rarr; <strong>1288</strong><br />(-19 for losing)
|raw|Oydess222's rating: 1320 &rarr; <strong>1339</strong><br />(+19 for winning)
|l|‽Luat1
|player|p1|
|l|☆Oydess222
|player|p2|
