|j|☆mrpopo4543
|j|☆korde29
|t:|1760722671
|gametype|singles
|player|p1|mrpopo4543|volkner|1110
|player|p2|korde29|hilbert-wonderlauncher|1088
|gen|9
|tier|[Gen 9] OU
|rated|
|rule|HP Percentage Mod: HP is shown in percentages
|rule|Endless Battle Clause: Forcing endless battles is banned
|rule|Species Clause: Limit one of each Pokémon
|rule|OHKO Clause: OHKO moves are banned
|rule|Evasion Items Clause: Evasion items are banned
|rule|Evasion Moves Clause: Evasion moves are banned
|rule|Evasion Abilities Clause: Evasion abilities are banned
|rule|Sleep Moves Clause: Sleep-inducing moves are banned
|clearpoke
|poke|p1|Armarouge, M|
|poke|p1|Gastrodon, M|
|poke|p1|Cresselia, F|
|poke|p1|Dragapult, M|
|poke|p1|Goodra-Hisui, M|
|poke|p1|Gallade, M|
|poke|p2|Pikachu-Kalos, M|
|poke|p2|Greninja-*, M|
|poke|p2|Talonflame, F|
|poke|p2|Noivern, M|
|poke|p2|Hawlucha, M|
|poke|p2|Goodra, M|
|teampreview
|inactive|Battle timer is ON: inactive players will automatically lose when time's up. (requested by korde29)
|inactive|mrpopo4543 has 120 seconds left.
|inactive|mrpopo4543 has 90 seconds left.
|
|t:|1760722807
|teamsize|p1|6
|teamsize|p2|6
|start
|switch|p1a: Gastrodon|Gastrodon, M, shiny|100/100
|switch|p2a: Pikachu|Pikachu-Kalos, M|100/100
|turn|1
|
|t:|1760722815
|move|p2a: Pikachu|Fake Out|p1a: Gastrodon
|-damage|p1a: Gastrodon|85/100
|cant|p1a: Gastrodon|flinch
|
|-heal|p1a: Gastrodon|91/100|[from] item: Leftovers
|upkeep
|turn|2
|
|t:|1760722836
|switch|p2a: Noivern|Noivern, M|100/100
|move|p1a: Gastrodon|Stealth Rock|p2a: Noivern
|-sidestart|p2: korde29|move: Stealth Rock
|
|-heal|p1a: Gastrodon|97/100|[from] item: Leftovers
|upkeep
|turn|3
|
|t:|1760722845
|move|p2a: Noivern|Hurricane|p1a: Gastrodon
|-damage|p1a: Gastrodon|39/100
|-damage|p2a: Noivern|91/100|[from] item: Life Orb
|move|p1a: Gastrodon|Spikes|p2a: Noivern
|-sidestart|p2: korde29|Spikes
|
|-heal|p1a: Gastrodon|45/100|[from] item: Leftovers
|upkeep
|turn|4
|
|t:|1760722856
|move|p2a: Noivern|Hurricane|p1a: Gastrodon
|-damage|p1a: Gastrodon|0 fnt
|faint|p1a: Gastrodon
|-damage|p2a: Noivern|81/100|[from] item: Life Orb
|
|upkeep
|
|t:|1760722867
|switch|p1a: Cresselia|Cresselia, F, shiny|100/100
|turn|5
|
|t:|1760722871
|move|p2a: Noivern|Shadow Ball|p1a: Cresselia
|-supereffective|p1a: Cresselia
|-damage|p1a: Cresselia|57/100
|-damage|p2a: Noivern|71/100|[from] item: Life Orb
|move|p1a: Cresselia|Calm Mind|p1a: Cresselia
|-boost|p1a: Cresselia|spa|1
|-boost|p1a: Cresselia|spd|1
|
|-heal|p1a: Cresselia|63/100|[from] item: Leftovers
|upkeep
|turn|6
|
|t:|1760722879
|move|p2a: Noivern|Shadow Ball|p1a: Cresselia
|-supereffective|p1a: Cresselia
|-damage|p1a: Cresselia|34/100
|-damage|p2a: Noivern|61/100|[from] item: Life Orb
|move|p1a: Cresselia|Calm Mind|p1a: Cresselia
|-boost|p1a: Cresselia|spa|1
|-boost|p1a: Cresselia|spd|1
|
|-heal|p1a: Cresselia|40/100|[from] item: Leftovers
|upkeep
|turn|7
|
|t:|1760722888
|move|p2a: Noivern|Boomburst|p1a: Cresselia
|-damage|p1a: Cresselia|21/100
|-damage|p2a: Noivern|51/100|[from] item: Life Orb
|move|p1a: Cresselia|Moonlight|p1a: Cresselia
|-heal|p1a: Cresselia|71/100
|
|-heal|p1a: Cresselia|77/100|[from] item: Leftovers
|upkeep
|turn|8
|
|t:|1760722898
|move|p2a: Noivern|Hurricane|p1a: Cresselia
|-damage|p1a: Cresselia|57/100
|-damage|p2a: Noivern|41/100|[from] item: Life Orb
|move|p1a: Cresselia|Calm Mind|p1a: Cresselia
|-boost|p1a: Cresselia|spa|1
|-boost|p1a: Cresselia|spd|1
|
|-heal|p1a: Cresselia|63/100|[from] item: Leftovers
|upkeep
|turn|9
|
|t:|1760722906
|move|p2a: Noivern|Hurricane|p1a: Cresselia
|-damage|p1a: Cresselia|44/100
|-damage|p2a: Noivern|31/100|[from] item: Life Orb
|move|p1a: Cresselia|Calm Mind|p1a: Cresselia
|-boost|p1a: Cresselia|spa|1
|-boost|p1a: Cresselia|spd|1
|
|-heal|p1a: Cresselia|50/100|[from] item: Leftovers
|upkeep
|turn|10
|
|t:|1760722914
|move|p2a: Noivern|Hurricane|p1a: Cresselia
|-damage|p1a: Cresselia|36/100
|-damage|p2a: Noivern|21/100|[from] item: Life Orb
|move|p1a: Cresselia|Moonlight|p1a: Cresselia
|-heal|p1a: Cresselia|86/100
|
|-heal|p1a: Cresselia|92/100|[from] item: Leftovers
|upkeep
|turn|11
|
|t:|1760722923
|move|p2a: Noivern|Hurricane|p1a: Cresselia|[miss]
|-miss|p2a: Noivern|p1a: Cresselia
|move|p1a: Cresselia|Calm Mind|p1a: Cresselia
|-boost|p1a: Cresselia|spa|1
|-boost|p1a: Cresselia|spd|1
|
|-heal|p1a: Cresselia|98/100|[from] item: Leftovers
|upkeep
|turn|12
|
|t:|1760722935
|move|p2a: Noivern|Hurricane|p1a: Cresselia
|-damage|p1a: Cresselia|84/100
|-damage|p2a: Noivern|11/100|[from] item: Life Orb
|move|p1a: Cresselia|Moonblast|p2a: Noivern
|-supereffective|p2a: Noivern
|-damage|p2a: Noivern|0 fnt
|faint|p2a: Noivern
|
|-heal|p1a: Cresselia|90/100|[from] item: Leftovers
|upkeep
|
|t:|1760722945
|switch|p2a: Pikachu|Pikachu-Kalos, M|100/100
|-damage|p2a: Pikachu|88/100|[from] Stealth Rock
|-damage|p2a: Pikachu|76/100|[from] Spikes
|turn|13
|
|t:|1760722953
|move|p2a: Pikachu|Knock Off|p1a: Cresselia
|-supereffective|p1a: Cresselia
|-crit|p1a: Cresselia
|-damage|p1a: Cresselia|9/100
|-enditem|p1a: Cresselia|Leftovers|[from] move: Knock Off|[of] p2a: Pikachu
|move|p1a: Cresselia|Moonblast|p2a: Pikachu
|-damage|p2a: Pikachu|0 fnt
|faint|p2a: Pikachu
|
|upkeep
|
|t:|1760722972
|switch|p2a: Greninja|Greninja, M|100/100
|-damage|p2a: Greninja|88/100|[from] Stealth Rock
|-damage|p2a: Greninja|76/100|[from] Spikes
|turn|14
|
|t:|1760722978
|move|p2a: Greninja|Night Slash|p1a: Cresselia
|-supereffective|p1a: Cresselia
|-crit|p1a: Cresselia
|-damage|p1a: Cresselia|0 fnt
|faint|p1a: Cresselia
|-ability|p2a: Greninja|Battle Bond|boost
|-boost|p2a: Greninja|atk|1
|-boost|p2a: Greninja|spa|1
|-boost|p2a: Greninja|spe|1
|-activate|p2a: Greninja|ability: Battle Bond
|
|-heal|p2a: Greninja|82/100|[from] item: Leftovers
|upkeep
|
|t:|1760722984
|switch|p1a: Goodra|Goodra-Hisui, M, shiny|100/100
|turn|15
|
|t:|1760722998
|move|p2a: Greninja|Ice Beam|p1a: Goodra
|-damage|p1a: Goodra|79/100
|move|p1a: Goodra|Dragon Tail|p2a: Greninja
|-damage|p2a: Greninja|30/100
|drag|p2a: Goodra|Goodra, M|100/100
|-damage|p2a: Goodra|88/100|[from] Stealth Rock
|-damage|p2a: Goodra|76/100|[from] Spikes
|
|upkeep
|turn|16
|
|t:|1760723009
|move|p2a: Goodra|Flamethrower|p1a: Goodra
|-damage|p1a: Goodra|64/100
|move|p1a: Goodra|Dragon Tail|p2a: Goodra
|-supereffective|p2a: Goodra
|-damage|p2a: Goodra|13/100
|-ability|p2a: Goodra|Gooey
|-unboost|p1a: Goodra|spe|1
|drag|p2a: Hawlucha|Hawlucha, M|100/100
|-damage|p2a: Hawlucha|88/100|[from] Stealth Rock
|
|-heal|p2a: Hawlucha|94/100|[from] item: Leftovers
|upkeep
|turn|17
|
|t:|1760723030
|switch|p1a: Dragapult|Dragapult, M|100/100
|move|p2a: Hawlucha|High Jump Kick|p1a: Dragapult
|-immune|p1a: Dragapult
|-damage|p2a: Hawlucha|44/100|[from] highjumpkick
|
|-heal|p2a: Hawlucha|50/100|[from] item: Leftovers
|upkeep
|turn|18
|
|t:|1760723038
|move|p1a: Dragapult|Dragon Dance|p1a: Dragapult
|-boost|p1a: Dragapult|atk|1
|-boost|p1a: Dragapult|spe|1
|move|p2a: Hawlucha|Roost|p2a: Hawlucha
|-heal|p2a: Hawlucha|99/100
|-singleturn|p2a: Hawlucha|move: Roost
|
|-heal|p2a: Hawlucha|100/100|[from] item: Leftovers
|upkeep
|turn|19
|
|t:|1760723048
|move|p1a: Dragapult|Dragon Dance|p1a: Dragapult
|-boost|p1a: Dragapult|atk|1
|-boost|p1a: Dragapult|spe|1
|move|p2a: Hawlucha|Brave Bird|p1a: Dragapult
|-damage|p1a: Dragapult|21/100
|-damage|p2a: Hawlucha|77/100|[from] Recoil
|
|-heal|p1a: Dragapult|27/100|[from] item: Leftovers
|-heal|p2a: Hawlucha|84/100|[from] item: Leftovers
|upkeep
|turn|20
|
|t:|1760723060
|move|p1a: Dragapult|Phantom Force||[still]
|-prepare|p1a: Dragapult|Phantom Force
|move|p2a: Hawlucha|Brave Bird|p1a: Dragapult|[miss]
|-miss|p2a: Hawlucha|p1a: Dragapult
|
|-heal|p1a: Dragapult|33/100|[from] item: Leftovers
|-heal|p2a: Hawlucha|90/100|[from] item: Leftovers
|upkeep
|turn|21
|
|t:|1760723069
|move|p1a: Dragapult|Phantom Force|p2a: Hawlucha|[from] lockedmove
|-damage|p2a: Hawlucha|0 fnt
|faint|p2a: Hawlucha
|
|-heal|p1a: Dragapult|39/100|[from] item: Leftovers
|upkeep
|
|t:|1760723076
|switch|p2a: Greninja|Greninja, M|30/100
|-damage|p2a: Greninja|18/100|[from] Stealth Rock
|-damage|p2a: Greninja|5/100|[from] Spikes
|turn|22
|
|t:|1760723083
|move|p1a: Dragapult|Dragon Darts|p2a: Greninja
|-damage|p2a: Greninja|0 fnt
|faint|p2a: Greninja
|
|-heal|p1a: Dragapult|45/100|[from] item: Leftovers
|upkeep
|
|t:|1760723090
|switch|p2a: Goodra|Goodra, M|13/100
|-damage|p2a: Goodra|1/100|[from] Stealth Rock
|-damage|p2a: Goodra|0 fnt|[from] Spikes
|faint|p2a: Goodra
|
|t:|1760723095
|switch|p2a: Talonflame|Talonflame, F|100/100
|-damage|p2a: Talonflame|51/100|[from] Stealth Rock
|turn|23
|
|t:|1760723107
|move|p1a: Dragapult|Psychic Fangs|p2a: Talonflame
|-damage|p2a: Talonflame|0 fnt
|faint|p2a: Talonflame
|
|win|mrpopo4543
|raw|mrpopo4543's rating: 1110 &rarr; <strong>1133</strong><br />(+23 for winning)
|raw|korde29's rating: 1088 &rarr; <strong>1066</strong><br />(-22 for losing)
|l|☆korde29
|player|p2|
