|j|☆Crogenius2
|j|☆fafewf
|t:|1760721839
|gametype|singles
|player|p1|Crogenius2|wattson|1539
|player|p2|fafewf|wallace|1649
|gen|9
|tier|[Gen 9] OU
|rated|
|rule|HP Percentage Mod: HP is shown in percentages
|rule|Endless Battle Clause: Forcing endless battles is banned
|rule|Species Clause: Limit one of each Pokémon
|rule|OHKO Clause: OHKO moves are banned
|rule|Evasion Items Clause: Evasion items are banned
|rule|Evasion Moves Clause: Evasion moves are banned
|rule|Evasion Abilities Clause: Evasion abilities are banned
|rule|Sleep Moves Clause: Sleep-inducing moves are banned
|clearpoke
|poke|p1|Vaporeon, F|
|poke|p1|Garchomp, M|
|poke|p1|Gholdengo|
|poke|p1|Darkrai|
|poke|p1|Scizor, F|
|poke|p1|Great Tusk|
|poke|p2|Suicune|
|poke|p2|Garchomp, F|
|poke|p2|Gholdengo|
|poke|p2|Chesnaught, M|
|poke|p2|Cyclizar, M|
|poke|p2|Gliscor, F|
|teampreview
|inactive|Battle timer is ON: inactive players will automatically lose when time's up. (requested by Crogenius2)
|
|t:|1760721852
|teamsize|p1|6
|teamsize|p2|6
|start
|switch|p1a: Darkrai|Darkrai|100/100
|switch|p2a: Gliscor|Gliscor, F|100/100
|turn|1
|
|t:|1760721856
|move|p2a: Gliscor|Protect|p2a: Gliscor
|-singleturn|p2a: Gliscor|Protect
|move|p1a: Darkrai|Ice Beam|p2a: Gliscor
|-activate|p2a: Gliscor|move: Protect
|
|-status|p2a: Gliscor|tox|[from] item: Toxic Orb
|upkeep
|turn|2
|
|t:|1760721870
|switch|p1a: Scizor|Scizor, F|100/100
|switch|p2a: Gholdengo|Gholdengo|100/100
|
|upkeep
|turn|3
|
|t:|1760721877
|switch|p2a: Chesnaught|Chesnaught, M|100/100
|move|p1a: Scizor|U-turn|p2a: Chesnaught
|-damage|p2a: Chesnaught|55/100
|
|t:|1760721885
|switch|p1a: Darkrai|Darkrai|100/100|[from] U-turn
|
|-heal|p2a: Chesnaught|61/100|[from] item: Leftovers
|upkeep
|turn|4
|
|t:|1760721895
|switch|p2a: Main course|Suicune|100/100
|-ability|p2a: Main course|Pressure
|move|p1a: Darkrai|Dark Pulse|p2a: Main course
|-damage|p2a: Main course|59/100
|
|-heal|p2a: Main course|65/100|[from] item: Leftovers
|upkeep
|turn|5
|
|t:|1760721903
|-terastallize|p1a: Darkrai|Dark
|move|p2a: Main course|Protect|p2a: Main course
|-singleturn|p2a: Main course|Protect
|move|p1a: Darkrai|Dark Pulse|p2a: Main course
|-activate|p2a: Main course|move: Protect
|
|-heal|p2a: Main course|71/100|[from] item: Leftovers
|upkeep
|turn|6
|
|t:|1760721924
|move|p1a: Darkrai|Dark Pulse|p2a: Main course
|-damage|p2a: Main course|14/100
|move|p2a: Main course|Scald|p1a: Darkrai
|-damage|p1a: Darkrai|65/100
|
|-heal|p2a: Main course|21/100|[from] item: Leftovers
|upkeep
|turn|7
|
|t:|1760721932
|move|p2a: Main course|Protect|p2a: Main course
|-singleturn|p2a: Main course|Protect
|move|p1a: Darkrai|Dark Pulse|p2a: Main course
|-activate|p2a: Main course|move: Protect
|
|-heal|p2a: Main course|27/100|[from] item: Leftovers
|upkeep
|turn|8
|
|t:|1760721945
|switch|p2a: Table setter|Garchomp, F|100/100
|move|p1a: Darkrai|Dark Pulse|p2a: Table setter
|-damage|p2a: Table setter|24/100
|
|upkeep
|turn|9
|
|t:|1760721948
|move|p1a: Darkrai|Dark Pulse|p2a: Table setter
|-damage|p2a: Table setter|0 fnt
|faint|p2a: Table setter
|
|upkeep
|
|t:|1760721951
|switch|p2a: Cyclizar|Cyclizar, M|100/100
|turn|10
|
|t:|1760721956
|switch|p1a: Vaporeon|Vaporeon, F|100/100
|move|p2a: Cyclizar|U-turn|p1a: Vaporeon
|-damage|p1a: Vaporeon|83/100
|
|t:|1760721958
|switch|p2a: Main course|Suicune|27/100|[from] U-turn
|-ability|p2a: Main course|Pressure
|
|-heal|p2a: Main course|33/100|[from] item: Leftovers
|-heal|p1a: Vaporeon|90/100|[from] item: Leftovers
|upkeep
|turn|11
|
|t:|1760721962
|move|p2a: Main course|Substitute|p2a: Main course
|-start|p2a: Main course|Substitute
|-damage|p2a: Main course|8/100
|move|p1a: Vaporeon|Wish|p1a: Vaporeon
|
|-heal|p2a: Main course|14/100|[from] item: Leftovers
|-heal|p1a: Vaporeon|96/100|[from] item: Leftovers
|upkeep
|turn|12
|
|t:|1760721970
|switch|p1a: Darkrai|Darkrai, tera:Dark|65/100
|move|p2a: Main course|Protect||[still]
|-fail|p2a: Main course
|
|-heal|p1a: Darkrai|100/100|[from] move: Wish|[wisher] Vaporeon
|-heal|p2a: Main course|20/100|[from] item: Leftovers
|upkeep
|turn|13
|
|t:|1760721973
|move|p2a: Main course|Protect|p2a: Main course
|-singleturn|p2a: Main course|Protect
|move|p1a: Darkrai|Dark Pulse|p2a: Main course
|-activate|p2a: Main course|move: Protect
|
|-heal|p2a: Main course|26/100|[from] item: Leftovers
|upkeep
|turn|14
|
|t:|1760721983
|move|p1a: Darkrai|Dark Pulse|p2a: Main course
|-end|p2a: Main course|Substitute
|move|p2a: Main course|Calm Mind|p2a: Main course
|-boost|p2a: Main course|spa|1
|-boost|p2a: Main course|spd|1
|
|-heal|p2a: Main course|33/100|[from] item: Leftovers
|upkeep
|turn|15
|
|t:|1760721988
|move|p2a: Main course|Protect|p2a: Main course
|-singleturn|p2a: Main course|Protect
|move|p1a: Darkrai|Dark Pulse|p2a: Main course
|-activate|p2a: Main course|move: Protect
|
|-heal|p2a: Main course|39/100|[from] item: Leftovers
|upkeep
|turn|16
|
|t:|1760722004
|switch|p2a: Gliscor|Gliscor, F|100/100 tox
|move|p1a: Darkrai|Dark Pulse|p2a: Gliscor
|-damage|p2a: Gliscor|34/100 tox
|
|-heal|p2a: Gliscor|46/100 tox|[from] ability: Poison Heal
|upkeep
|turn|17
|
|t:|1760722012
|move|p2a: Gliscor|Protect|p2a: Gliscor
|-singleturn|p2a: Gliscor|Protect
|move|p1a: Darkrai|Dark Pulse|p2a: Gliscor
|-activate|p2a: Gliscor|move: Protect
|
|-heal|p2a: Gliscor|59/100 tox|[from] ability: Poison Heal
|upkeep
|turn|18
|
|t:|1760722020
|switch|p2a: Cyclizar|Cyclizar, M|100/100
|move|p1a: Darkrai|Dark Pulse|p2a: Cyclizar
|-damage|p2a: Cyclizar|23/100
|
|upkeep
|turn|19
|
|t:|1760722030
|switch|p1a: Garchomp|Garchomp, M|100/100
|move|p2a: Cyclizar|U-turn|p1a: Garchomp
|-damage|p1a: Garchomp|91/100
|-damage|p2a: Cyclizar|10/100|[from] ability: Rough Skin|[of] p1a: Garchomp
|-damage|p2a: Cyclizar|0 fnt|[from] item: Rocky Helmet|[of] p1a: Garchomp
|faint|p2a: Cyclizar
|
|upkeep
|
|t:|1760722034
|switch|p2a: Chesnaught|Chesnaught, M|61/100
|turn|20
|-message|fafewf forfeited.
|
|win|Crogenius2
|raw|Crogenius2's rating: 1539 &rarr; <strong>1565</strong><br />(+26 for winning)
|raw|fafewf's rating: 1649 &rarr; <strong>1623</strong><br />(-26 for losing)
|l|☆fafewf
|player|p2|
|l|☆Crogenius2
|player|p1|
|j|☆Crogenius2
|player|p1|Crogenius2|wattson|
|l|☆Crogenius2
|player|p1|
