|j|‽rafsemens
|j|☆It's classified
|t:|1760852965
|gametype|singles
|player|p1|rafsemens|interviewers|1357
|player|p2|It's classified|argenta|1406
|gen|9
|tier|[Gen 9] OU
|rated|
|rule|HP Percentage Mod: HP is shown in percentages
|rule|Endless Battle Clause: Forcing endless battles is banned
|rule|Species Clause: Limit one of each Pokémon
|rule|OHKO Clause: OHKO moves are banned
|rule|Evasion Items Clause: Evasion items are banned
|rule|Evasion Moves Clause: Evasion moves are banned
|rule|Evasion Abilities Clause: Evasion abilities are banned
|rule|Sleep Moves Clause: Sleep-inducing moves are banned
|clearpoke
|poke|p1|Zapdos|
|poke|p1|Kyurem|
|poke|p1|Slowking-Galar, F|
|poke|p1|Zamazenta-*|
|poke|p1|Iron Treads|
|poke|p1|Samurott-Hisui, F|
|poke|p2|Deoxys-Speed|
|poke|p2|Zamazenta-*|
|poke|p2|Iron Treads|
|poke|p2|Moltres|
|poke|p2|Iron Valiant|
|poke|p2|Ogerpon-Wellspring, F|
|teampreview
|inactive|Battle timer is ON: inactive players will automatically lose when time's up. (requested by It's classified)
|
|t:|1760852982
|teamsize|p1|6
|teamsize|p2|6
|start
|switch|p1a: Zapdos|Zapdos, shiny|100/100
|switch|p2a: Ogerpon|Ogerpon-Wellspring, F|100/100
|turn|1
|
|t:|1760852989
|switch|p2a: Iron Treads|Iron Treads|100/100
|move|p1a: Zapdos|U-turn|p2a: Iron Treads
|-resisted|p2a: Iron Treads
|-damage|p2a: Iron Treads|96/100
|
|t:|1760852999
|switch|p1a: Samurott|Samurott-Hisui, F|100/100|[from] U-turn
|
|-heal|p2a: Iron Treads|100/100|[from] item: Leftovers
|upkeep
|turn|2
|
|t:|1760853021
|move|p2a: Iron Treads|Stealth Rock|p1a: Samurott
|-sidestart|p1: rafsemens|move: Stealth Rock
|move|p1a: Samurott|Knock Off|p2a: Iron Treads
|-damage|p2a: Iron Treads|67/100
|-enditem|p2a: Iron Treads|Leftovers|[from] move: Knock Off|[of] p1a: Samurott
|
|upkeep
|turn|3
|
|t:|1760853028
|move|p2a: Iron Treads|Earthquake|p1a: Samurott
|-damage|p1a: Samurott|58/100
|move|p1a: Samurott|Flip Turn|p2a: Iron Treads
|-supereffective|p2a: Iron Treads
|-damage|p2a: Iron Treads|31/100
|
|t:|1760853044
|switch|p1a: Iron Treads|Iron Treads|100/100|[from] Flip Turn
|-damage|p1a: Iron Treads|97/100|[from] Stealth Rock
|
|upkeep
|turn|4
|
|t:|1760853053
|-terastallize|p2a: Iron Treads|Ghost
|move|p1a: Iron Treads|Stealth Rock|p2a: Iron Treads
|-sidestart|p2: It's classified|move: Stealth Rock
|move|p2a: Iron Treads|Earthquake|p1a: Iron Treads
|-supereffective|p1a: Iron Treads
|-damage|p1a: Iron Treads|26/100
|
|upkeep
|turn|5
|
|t:|1760853064
|move|p1a: Iron Treads|Ice Spinner|p2a: Iron Treads
|-damage|p2a: Iron Treads|14/100
|move|p2a: Iron Treads|Rapid Spin|p1a: Iron Treads
|-resisted|p1a: Iron Treads
|-damage|p1a: Iron Treads|21/100
|-boost|p2a: Iron Treads|spe|1
|-sideend|p2: It's classified|Stealth Rock|[from] move: Rapid Spin|[of] p2a: Iron Treads
|
|upkeep
|turn|6
|
|t:|1760853071
|-end|p1a: Iron Treads|Quark Drive|[silent]
|switch|p1a: Zapdos|Zapdos, shiny|100/100
|move|p2a: Iron Treads|Earthquake|p1a: Zapdos
|-immune|p1a: Zapdos
|
|upkeep
|turn|7
|
|t:|1760853077
|move|p2a: Iron Treads|Ice Spinner|p1a: Zapdos
|-supereffective|p1a: Zapdos
|-damage|p1a: Zapdos|71/100
|-status|p2a: Iron Treads|par|[from] ability: Static|[of] p1a: Zapdos
|move|p1a: Zapdos|Discharge|p2a: Iron Treads
|-damage|p2a: Iron Treads|0 fnt
|faint|p2a: Iron Treads
|-end|p2a: Iron Treads|Quark Drive|[silent]
|
|upkeep
|
|t:|1760853096
|switch|p2a: Ogerpon|Ogerpon-Wellspring, F|100/100
|turn|8
|
|t:|1760853100
|move|p2a: Ogerpon|Ivy Cudgel|p1a: Zapdos|[anim] Ivy Cudgel Water
|-crit|p1a: Zapdos
|-damage|p1a: Zapdos|3/100
|move|p1a: Zapdos|Hurricane|p2a: Ogerpon|[miss]
|-miss|p1a: Zapdos|p2a: Ogerpon
|
|upkeep
|turn|9
|
|t:|1760853111
|move|p2a: Ogerpon|Ivy Cudgel|p1a: Zapdos|[anim] Ivy Cudgel Water
|-crit|p1a: Zapdos
|-damage|p1a: Zapdos|0 fnt
|faint|p1a: Zapdos
|
|upkeep
|
|t:|1760853117
|switch|p1a: Zamazenta|Zamazenta|100/100
|-damage|p1a: Zamazenta|94/100|[from] Stealth Rock
|-ability|p1a: Zamazenta|Dauntless Shield|boost
|-boost|p1a: Zamazenta|def|1
|turn|10
|
|t:|1760853122
|switch|p2a: Moltres|Moltres|100/100
|move|p1a: Zamazenta|Roar|p2a: Moltres
|drag|p2a: Zamazenta|Zamazenta|100/100
|-ability|p2a: Zamazenta|Dauntless Shield|boost
|-boost|p2a: Zamazenta|def|1
|
|-heal|p1a: Zamazenta|100/100|[from] item: Leftovers
|upkeep
|turn|11
|
|t:|1760853131
|switch|p2a: Moltres|Moltres|100/100
|switch|p1a: Slowking|Slowking-Galar, F|100/100
|
|upkeep
|turn|12
|
|t:|1760853137
|move|p1a: Slowking|Toxic|p2a: Moltres
|-status|p2a: Moltres|tox
|move|p2a: Moltres|Roar|p1a: Slowking
|drag|p1a: Iron Treads|Iron Treads|21/100
|-damage|p1a: Iron Treads|18/100|[from] Stealth Rock
|
|-damage|p2a: Moltres|94/100 tox|[from] psn
|upkeep
|turn|13
|
|t:|1760853150
|move|p1a: Iron Treads|Stealth Rock|p2a: Moltres
|-sidestart|p2: It's classified|move: Stealth Rock
|move|p2a: Moltres|Flamethrower|p1a: Iron Treads
|-supereffective|p1a: Iron Treads
|-damage|p1a: Iron Treads|0 fnt
|faint|p1a: Iron Treads
|-end|p1a: Iron Treads|Quark Drive|[silent]
|
|-damage|p2a: Moltres|82/100 tox|[from] psn
|upkeep
|
|t:|1760853156
|switch|p1a: Slowking|Slowking-Galar, F|100/100
|turn|14
|
|t:|1760853161
|move|p2a: Moltres|U-turn|p1a: Slowking
|-damage|p1a: Slowking|87/100
|
|t:|1760853166
|switch|p2a: Deoxys|Deoxys-Speed|100/100|[from] U-turn
|-ability|p2a: Deoxys|Pressure
|move|p1a: Slowking|Future Sight|p2a: Deoxys
|-start|p1a: Slowking|move: Future Sight
|
|upkeep
|turn|15
|
|t:|1760853174
|move|p2a: Deoxys|Knock Off|p1a: Slowking
|-supereffective|p1a: Slowking
|-damage|p1a: Slowking|37/100
|-enditem|p1a: Slowking|Heavy-Duty Boots|[from] move: Knock Off|[of] p2a: Deoxys
|-prepare|p1a: Slowking|Chilly Reception|[premajor]
|move|p1a: Slowking|Chilly Reception|p1a: Slowking
|-weather|Snowscape
|
|t:|1760853188
|switch|p1a: Samurott|Samurott-Hisui, F|58/100|[from] Chilly Reception
|-damage|p1a: Samurott|45/100|[from] Stealth Rock
|
|-weather|Snowscape|[upkeep]
|upkeep
|turn|16
|
|t:|1760853194
|move|p2a: Deoxys|Superpower|p1a: Samurott
|-supereffective|p1a: Samurott
|-damage|p1a: Samurott|0 fnt
|-unboost|p2a: Deoxys|atk|1
|-unboost|p2a: Deoxys|def|1
|faint|p1a: Samurott
|
|-weather|Snowscape|[upkeep]
|-end|p2a: Deoxys|move: Future Sight
|-resisted|p2a: Deoxys
|-damage|p2a: Deoxys|62/100
|upkeep
|
|t:|1760853203
|switch|p1a: Zamazenta|Zamazenta|100/100
|-damage|p1a: Zamazenta|94/100|[from] Stealth Rock
|turn|17
|
|t:|1760853232
|switch|p2a: Moltres|Moltres|82/100 tox
|switch|p1a: Slowking|Slowking-Galar, F|71/100
|-damage|p1a: Slowking|58/100|[from] Stealth Rock
|
|-weather|Snowscape|[upkeep]
|-damage|p2a: Moltres|76/100 tox|[from] psn
|upkeep
|turn|18
|
|t:|1760853241
|move|p2a: Moltres|Flamethrower|p1a: Slowking
|-damage|p1a: Slowking|37/100
|move|p1a: Slowking|Future Sight|p2a: Moltres
|-start|p1a: Slowking|move: Future Sight
|
|-weather|Snowscape|[upkeep]
|-damage|p2a: Moltres|64/100 tox|[from] psn
|upkeep
|turn|19
|
|t:|1760853255
|move|p2a: Moltres|Flamethrower|p1a: Slowking
|-damage|p1a: Slowking|13/100
|-prepare|p1a: Slowking|Chilly Reception|[premajor]
|move|p1a: Slowking|Chilly Reception|p1a: Slowking
|
|t:|1760853259
|switch|p1a: Kyurem|Kyurem|100/100|[from] Chilly Reception
|-damage|p1a: Kyurem|76/100|[from] Stealth Rock
|-ability|p1a: Kyurem|Pressure
|
|-weather|none
|-damage|p2a: Moltres|46/100 tox|[from] psn
|upkeep
|turn|20
|
|t:|1760853268
|move|p1a: Kyurem|Freeze-Dry|p2a: Moltres
|-damage|p2a: Moltres|0 fnt
|faint|p2a: Moltres
|
|-hint|Future Sight did not hit because the target is fainted.
|upkeep
|
|t:|1760853275
|switch|p2a: Ogerpon|Ogerpon-Wellspring, F|100/100
|-damage|p2a: Ogerpon|88/100|[from] Stealth Rock
|turn|21
|
|t:|1760853298
|move|p2a: Ogerpon|Knock Off|p1a: Kyurem
|-crit|p1a: Kyurem
|-damage|p1a: Kyurem|21/100
|-enditem|p1a: Kyurem|Choice Specs|[from] move: Knock Off|[of] p2a: Ogerpon
|move|p1a: Kyurem|Freeze-Dry|p2a: Ogerpon
|-supereffective|p2a: Ogerpon
|-damage|p2a: Ogerpon|0 fnt
|faint|p2a: Ogerpon
|
|upkeep
|
|t:|1760853317
|switch|p2a: Deoxys|Deoxys-Speed|62/100
|-ability|p2a: Deoxys|Pressure
|turn|22
|
|t:|1760853323
|move|p2a: Deoxys|Superpower|p1a: Kyurem
|-supereffective|p1a: Kyurem
|-damage|p1a: Kyurem|0 fnt
|-unboost|p2a: Deoxys|atk|1
|-unboost|p2a: Deoxys|def|1
|faint|p1a: Kyurem
|
|upkeep
|
|t:|1760853330
|switch|p1a: Zamazenta|Zamazenta|94/100
|-damage|p1a: Zamazenta|88/100|[from] Stealth Rock
|turn|23
|
|t:|1760853344
|move|p2a: Deoxys|Psycho Boost|p1a: Zamazenta
|-supereffective|p1a: Zamazenta
|-damage|p1a: Zamazenta|0 fnt
|-unboost|p2a: Deoxys|spa|2
|faint|p1a: Zamazenta
|
|upkeep
|-message|rafsemens forfeited.
|
|win|It's classified
|raw|rafsemens's rating: 1357 &rarr; <strong>1340</strong><br />(-17 for losing)
|raw|It&apos;s classified's rating: 1406 &rarr; <strong>1423</strong><br />(+17 for winning)
|l|‽rafsemens
|player|p1|
