|j|☆blix432
|j|☆thedogthatbites
|t:|1760821984
|gametype|singles
|player|p1|blix432|veteran|1218
|player|p2|thedogthatbites|caitlin|1219
|gen|9
|tier|[Gen 9] OU
|rated|
|rule|HP Percentage Mod: HP is shown in percentages
|rule|Endless Battle Clause: Forcing endless battles is banned
|rule|Species Clause: Limit one of each Pokémon
|rule|OHKO Clause: OHKO moves are banned
|rule|Evasion Items Clause: Evasion items are banned
|rule|Evasion Moves Clause: Evasion moves are banned
|rule|Evasion Abilities Clause: Evasion abilities are banned
|rule|Sleep Moves Clause: Sleep-inducing moves are banned
|clearpoke
|poke|p1|Clefable, F|
|poke|p1|Rotom-Wash|
|poke|p1|Glimmora, F|
|poke|p1|Scizor, M|
|poke|p1|Excadrill, F|
|poke|p1|Primarina, F|
|poke|p2|Walking Wake|
|poke|p2|Garganacl, M|
|poke|p2|Ninetales, F|
|poke|p2|Venusaur, M|
|poke|p2|Hitmontop, M|
|poke|p2|Weavile, F|
|teampreview
|inactive|Battle timer is ON: inactive players will automatically lose when time's up. (requested by blix432)
|
|t:|1760821996
|teamsize|p1|6
|teamsize|p2|6
|start
|switch|p1a: Excadrill|Excadrill, F|100/100
|switch|p2a: Hitmontop|Hitmontop, M|100/100
|-ability|p1a: Excadrill|Mold Breaker
|-ability|p2a: Hitmontop|Intimidate|boost
|-unboost|p1a: Excadrill|atk|1
|turn|1
|
|t:|1760822004
|switch|p1a: Primarina|Primarina, F|100/100
|move|p2a: Hitmontop|Earthquake|p1a: Primarina
|-crit|p1a: Primarina
|-damage|p1a: Primarina|55/100
|
|-heal|p1a: Primarina|61/100|[from] item: Leftovers
|upkeep
|turn|2
|
|t:|1760822014
|move|p2a: Hitmontop|Earthquake|p1a: Primarina
|-damage|p1a: Primarina|29/100
|move|p1a: Primarina|Flip Turn|p2a: Hitmontop
|-crit|p2a: Hitmontop
|-damage|p2a: Hitmontop|69/100
|
|t:|1760822020
|switch|p1a: Rotom|Rotom-Wash|100/100|[from] Flip Turn
|
|upkeep
|turn|3
|
|t:|1760822029
|switch|p2a: Ninetales|Ninetales, F|100/100
|-weather|SunnyDay|[from] ability: Drought|[of] p2a: Ninetales
|move|p1a: Rotom|Will-O-Wisp|p2a: Ninetales
|-immune|p2a: Ninetales
|
|-weather|SunnyDay|[upkeep]
|upkeep
|turn|4
|
|t:|1760822037
|move|p2a: Ninetales|Solar Beam||[still]
|-prepare|p2a: Ninetales|Solar Beam
|-anim|p2a: Ninetales|Solar Beam|p1a: Rotom
|-supereffective|p1a: Rotom
|-damage|p1a: Rotom|54/100
|move|p1a: Rotom|Volt Switch|p2a: Ninetales
|-damage|p2a: Ninetales|72/100
|
|t:|1760822052
|switch|p1a: Excadrill|Excadrill, F|100/100|[from] Volt Switch
|-ability|p1a: Excadrill|Mold Breaker
|
|-weather|SunnyDay|[upkeep]
|upkeep
|turn|5
|
|t:|1760822059
|move|p2a: Ninetales|Overheat|p1a: Excadrill
|-supereffective|p1a: Excadrill
|-damage|p1a: Excadrill|0 fnt
|-unboost|p2a: Ninetales|spa|2
|faint|p1a: Excadrill
|
|-weather|SunnyDay|[upkeep]
|upkeep
|
|t:|1760822064
|switch|p1a: Primarina|Primarina, F|29/100
|turn|6
|
|t:|1760822068
|switch|p2a: Hitmontop|Hitmontop, M|69/100
|-ability|p2a: Hitmontop|Intimidate|boost
|-unboost|p1a: Primarina|atk|1
|move|p1a: Primarina|Draining Kiss|p2a: Hitmontop
|-supereffective|p2a: Hitmontop
|-damage|p2a: Hitmontop|37/100
|-heal|p1a: Primarina|50/100|[from] drain|[of] p2a: Hitmontop
|
|-weather|SunnyDay|[upkeep]
|-heal|p1a: Primarina|56/100|[from] item: Leftovers
|upkeep
|turn|7
|
|t:|1760822076
|switch|p2a: Venusaur|Venusaur, M|100/100
|move|p1a: Primarina|Draining Kiss|p2a: Venusaur
|-resisted|p2a: Venusaur
|-damage|p2a: Venusaur|88/100
|-heal|p1a: Primarina|64/100|[from] drain|[of] p2a: Venusaur
|
|-weather|SunnyDay|[upkeep]
|-heal|p1a: Primarina|70/100|[from] item: Leftovers
|upkeep
|turn|8
|
|t:|1760822081
|switch|p1a: Glimmora|Glimmora, F, shiny|100/100
|move|p2a: Venusaur|Energy Ball|p1a: Glimmora
|-damage|p1a: Glimmora|46/100
|-damage|p2a: Venusaur|78/100|[from] item: Life Orb
|
|-weather|SunnyDay|[upkeep]
|-heal|p1a: Glimmora|53/100|[from] item: Black Sludge
|upkeep
|turn|9
|
|t:|1760822086
|move|p2a: Venusaur|Earth Power|p1a: Glimmora
|-supereffective|p1a: Glimmora
|-damage|p1a: Glimmora|0 fnt
|faint|p1a: Glimmora
|-damage|p2a: Venusaur|68/100|[from] item: Life Orb
|
|-weather|SunnyDay|[upkeep]
|upkeep
|
|t:|1760822089
|switch|p1a: Scizor|Scizor, M|100/100
|turn|10
|
|t:|1760822093
|switch|p1a: Rotom|Rotom-Wash|54/100
|move|p2a: Venusaur|Weather Ball|p1a: Rotom
|-resisted|p1a: Rotom
|-damage|p1a: Rotom|29/100
|-damage|p2a: Venusaur|58/100|[from] item: Life Orb
|
|-weather|none
|-heal|p1a: Rotom|35/100|[from] item: Leftovers
|upkeep
|turn|11
|
|t:|1760822099
|switch|p2a: Ninetales|Ninetales, F|72/100
|-weather|SunnyDay|[from] ability: Drought|[of] p2a: Ninetales
|move|p1a: Rotom|Volt Switch|p2a: Ninetales
|-damage|p2a: Ninetales|41/100
|
|t:|1760822105
|switch|p1a: Primarina|Primarina, F|70/100|[from] Volt Switch
|
|-weather|SunnyDay|[upkeep]
|-heal|p1a: Primarina|76/100|[from] item: Leftovers
|upkeep
|turn|12
|
|t:|1760822109
|move|p2a: Ninetales|Solar Beam||[still]
|-prepare|p2a: Ninetales|Solar Beam
|-anim|p2a: Ninetales|Solar Beam|p1a: Primarina
|-supereffective|p1a: Primarina
|-damage|p1a: Primarina|29/100
|move|p1a: Primarina|Chilling Water|p2a: Ninetales
|-supereffective|p2a: Ninetales
|-damage|p2a: Ninetales|7/100
|-unboost|p2a: Ninetales|atk|1
|
|-weather|SunnyDay|[upkeep]
|-heal|p1a: Primarina|35/100|[from] item: Leftovers
|upkeep
|turn|13
|
|t:|1760822116
|move|p2a: Ninetales|Solar Beam||[still]
|-prepare|p2a: Ninetales|Solar Beam
|-anim|p2a: Ninetales|Solar Beam|p1a: Primarina
|-supereffective|p1a: Primarina
|-damage|p1a: Primarina|0 fnt
|faint|p1a: Primarina
|
|-weather|SunnyDay|[upkeep]
|upkeep
|
|t:|1760822119
|switch|p1a: Scizor|Scizor, M|100/100
|turn|14
|
|t:|1760822125
|switch|p2a: Hitmontop|Hitmontop, M|37/100
|-ability|p2a: Hitmontop|Intimidate|boost
|-unboost|p1a: Scizor|atk|1
|move|p1a: Scizor|Bullet Punch|p2a: Hitmontop
|-damage|p2a: Hitmontop|0 fnt
|faint|p2a: Hitmontop
|
|-weather|SunnyDay|[upkeep]
|upkeep
|
|t:|1760822131
|switch|p2a: Venusaur|Venusaur, M|58/100
|turn|15
|
|t:|1760822137
|switch|p1a: Rotom|Rotom-Wash|35/100
|move|p2a: Venusaur|Weather Ball|p1a: Rotom
|-resisted|p1a: Rotom
|-damage|p1a: Rotom|8/100
|-damage|p2a: Venusaur|48/100|[from] item: Life Orb
|
|-weather|SunnyDay|[upkeep]
|-heal|p1a: Rotom|15/100|[from] item: Leftovers
|upkeep
|turn|16
|
|t:|1760822140
|move|p2a: Venusaur|Energy Ball|p1a: Rotom
|-supereffective|p1a: Rotom
|-damage|p1a: Rotom|0 fnt
|faint|p1a: Rotom
|-damage|p2a: Venusaur|38/100|[from] item: Life Orb
|
|-weather|SunnyDay|[upkeep]
|upkeep
|
|t:|1760822142
|switch|p1a: Scizor|Scizor, M|100/100
|turn|17
|
|t:|1760822144
|move|p1a: Scizor|Bullet Punch|p2a: Venusaur
|-damage|p2a: Venusaur|0 fnt
|faint|p2a: Venusaur
|
|-weather|SunnyDay|[upkeep]
|upkeep
|
|t:|1760822152
|switch|p2a: Garganacl|Garganacl, M|100/100
|turn|18
|
|t:|1760822156
|-terastallize|p2a: Garganacl|Ghost
|move|p1a: Scizor|Bullet Punch|p2a: Garganacl
|-damage|p2a: Garganacl|76/100
|-damage|p1a: Scizor|84/100|[from] item: Rocky Helmet|[of] p2a: Garganacl
|move|p2a: Garganacl|Salt Cure|p1a: Scizor
|-damage|p1a: Scizor|68/100
|-start|p1a: Scizor|Salt Cure
|
|-weather|none
|-damage|p1a: Scizor|43/100|[from] Salt Cure
|upkeep
|turn|19
|
|t:|1760822162
|move|p1a: Scizor|Bullet Punch|p2a: Garganacl
|-damage|p2a: Garganacl|48/100
|-damage|p1a: Scizor|26/100|[from] item: Rocky Helmet|[of] p2a: Garganacl
|move|p2a: Garganacl|Salt Cure|p1a: Scizor
|-damage|p1a: Scizor|10/100
|
|-damage|p1a: Scizor|0 fnt|[from] Salt Cure
|faint|p1a: Scizor
|upkeep
|
|t:|1760822168
|switch|p1a: Clefable|Clefable, F|100/100
|turn|20
|
|t:|1760822170
|switch|p2a: Ninetales|Ninetales, F|7/100
|-weather|SunnyDay|[from] ability: Drought|[of] p2a: Ninetales
|move|p1a: Clefable|Cosmic Power|p1a: Clefable
|-boost|p1a: Clefable|def|1
|-boost|p1a: Clefable|spd|1
|
|-weather|SunnyDay|[upkeep]
|upkeep
|turn|21
|
|t:|1760822176
|move|p2a: Ninetales|Will-O-Wisp|p1a: Clefable
|-status|p1a: Clefable|brn
|move|p1a: Clefable|Cosmic Power|p1a: Clefable
|-boost|p1a: Clefable|def|1
|-boost|p1a: Clefable|spd|1
|
|-weather|SunnyDay|[upkeep]
|-damage|p1a: Clefable|94/100 brn|[from] brn
|upkeep
|turn|22
|
|t:|1760822180
|switch|p2a: Garganacl|Garganacl, M, tera:Ghost|48/100
|move|p1a: Clefable|Cosmic Power|p1a: Clefable
|-boost|p1a: Clefable|def|1
|-boost|p1a: Clefable|spd|1
|
|-weather|SunnyDay|[upkeep]
|-heal|p1a: Clefable|100/100 brn|[from] item: Leftovers
|-damage|p1a: Clefable|94/100 brn|[from] brn
|upkeep
|turn|23
|
|t:|1760822185
|move|p1a: Clefable|Stored Power|p2a: Garganacl
|-damage|p2a: Garganacl|21/100
|move|p2a: Garganacl|Salt Cure|p1a: Clefable
|-damage|p1a: Clefable|89/100 brn
|-start|p1a: Clefable|Salt Cure
|
|-weather|SunnyDay|[upkeep]
|-heal|p1a: Clefable|95/100 brn|[from] item: Leftovers
|-damage|p1a: Clefable|89/100 brn|[from] brn
|-damage|p1a: Clefable|77/100 brn|[from] Salt Cure
|upkeep
|turn|24
|
|t:|1760822192
|switch|p2a: Walking Wake|Walking Wake|100/100
|-activate|p2a: Walking Wake|ability: Protosynthesis
|-start|p2a: Walking Wake|protosynthesisspe
|move|p1a: Clefable|Stored Power|p2a: Walking Wake
|-damage|p2a: Walking Wake|66/100
|
|-weather|SunnyDay|[upkeep]
|-heal|p1a: Clefable|83/100 brn|[from] item: Leftovers
|-damage|p1a: Clefable|77/100 brn|[from] brn
|-damage|p1a: Clefable|64/100 brn|[from] Salt Cure
|upkeep
|turn|25
|
|t:|1760822199
|move|p2a: Walking Wake|Hydro Steam|p1a: Clefable
|-crit|p1a: Clefable
|-damage|p1a: Clefable|0 fnt
|faint|p1a: Clefable
|
|win|thedogthatbites
|raw|blix432's rating: 1218 &rarr; <strong>1193</strong><br />(-25 for losing)
|raw|thedogthatbites's rating: 1219 &rarr; <strong>1244</strong><br />(+25 for winning)
|l|☆blix432
|player|p1|
|l|☆thedogthatbites
|player|p2|
