|j|☆gmzjosh09
|j|☆horsacattus
|t:|1760769098
|gametype|singles
|player|p1|gmzjosh09|102|1107
|player|p2|horsacattus|102|1078
|gen|9
|tier|[Gen 9] OU
|rated|
|rule|HP Percentage Mod: HP is shown in percentages
|rule|Endless Battle Clause: Forcing endless battles is banned
|rule|Species Clause: Limit one of each Pokémon
|rule|OHKO Clause: OHKO moves are banned
|rule|Evasion Items Clause: Evasion items are banned
|rule|Evasion Moves Clause: Evasion moves are banned
|rule|Evasion Abilities Clause: Evasion abilities are banned
|rule|Sleep Moves Clause: Sleep-inducing moves are banned
|clearpoke
|poke|p1|Indeedee, M|
|poke|p1|Espeon, F|
|poke|p1|Iron Valiant|
|poke|p1|Weavile, M|
|poke|p1|Sudowoodo, F|
|poke|p1|Excadrill, F|
|poke|p2|Gliscor, F|
|poke|p2|Zoroark-Hisui, F|
|poke|p2|Ogerpon-Wellspring, F|
|poke|p2|Kingambit, F|
|poke|p2|Iron Valiant|
|poke|p2|Donphan, F|
|teampreview
|
|t:|1760769117
|teamsize|p1|6
|teamsize|p2|6
|start
|switch|p1a: Indeedee|Indeedee, M|100/100
|switch|p2a: Kingambit|Kingambit, F|100/100
|-fieldstart|move: Psychic Terrain|[from] ability: Psychic Surge|[of] p1a: Indeedee
|turn|1
|
|t:|1760769141
|switch|p2a: Gliscor|Gliscor, F|100/100
|switch|p1a: Excadrill|Excadrill, F|100/100
|-ability|p1a: Excadrill|Mold Breaker
|
|-status|p2a: Gliscor|tox|[from] item: Toxic Orb
|upkeep
|turn|2
|
|t:|1760769155
|move|p1a: Excadrill|Stealth Rock|p2a: Gliscor
|-sidestart|p2: horsacattus|move: Stealth Rock
|move|p2a: Gliscor|Swords Dance|p2a: Gliscor
|-boost|p2a: Gliscor|atk|2
|
|upkeep
|turn|3
|
|t:|1760769167
|switch|p1a: Sudowoodo|Sudowoodo, F|100/100
|move|p2a: Gliscor|Scale Shot|p1a: Sudowoodo
|-damage|p1a: Sudowoodo|90/100
|-damage|p1a: Sudowoodo|80/100
|-hitcount|p1a: Sudowoodo|2
|-unboost|p2a: Gliscor|def|1
|-boost|p2a: Gliscor|spe|1
|
|upkeep
|turn|4
|
|t:|1760769200
|move|p2a: Gliscor|Earthquake|p1a: Sudowoodo
|-supereffective|p1a: Sudowoodo
|-damage|p1a: Sudowoodo|0 fnt
|faint|p1a: Sudowoodo
|
|upkeep
|
|t:|1760769210
|switch|p1a: Espeon|Espeon, F|100/100
|turn|5
|
|t:|1760769223
|switch|p2a: Kingambit|Kingambit, F|100/100
|-damage|p2a: Kingambit|94/100|[from] Stealth Rock
|move|p1a: Espeon|Expanding Force|p2a: Kingambit
|-immune|p2a: Kingambit
|
|-heal|p2a: Kingambit|100/100|[from] item: Leftovers
|upkeep
|turn|6
|
|t:|1760769243
|switch|p1a: Excadrill|Excadrill, F|100/100
|-ability|p1a: Excadrill|Mold Breaker
|move|p2a: Kingambit|Substitute|p2a: Kingambit
|-start|p2a: Kingambit|Substitute
|-damage|p2a: Kingambit|75/100
|
|-heal|p2a: Kingambit|82/100|[from] item: Leftovers
|upkeep
|turn|7
|
|t:|1760769254
|move|p1a: Excadrill|Earthquake|p2a: Kingambit
|-supereffective|p2a: Kingambit
|-end|p2a: Kingambit|Substitute
|move|p2a: Kingambit|Iron Head|p1a: Excadrill
|-resisted|p1a: Excadrill
|-damage|p1a: Excadrill|66/100
|
|-heal|p2a: Kingambit|88/100|[from] item: Leftovers
|upkeep
|turn|8
|
|t:|1760769269
|switch|p1a: Indeedee|Indeedee, M|100/100
|-end|p2a: Kingambit|fallenundefined|[silent]
|switch|p2a: Gliscor|Gliscor, F|100/100 tox
|-damage|p2a: Gliscor|88/100 tox|[from] Stealth Rock
|
|-heal|p2a: Gliscor|100/100 tox|[from] ability: Poison Heal
|-fieldend|move: Psychic Terrain
|upkeep
|turn|9
|
|t:|1760769285
|move|p1a: Indeedee|Hyper Voice|p2a: Gliscor
|-damage|p2a: Gliscor|67/100 tox
|move|p2a: Gliscor|Swords Dance|p2a: Gliscor
|-boost|p2a: Gliscor|atk|2
|
|-heal|p2a: Gliscor|79/100 tox|[from] ability: Poison Heal
|upkeep
|turn|10
|
|t:|1760769299
|switch|p1a: Iron Valiant|Iron Valiant|100/100
|-enditem|p1a: Iron Valiant|Booster Energy
|-activate|p1a: Iron Valiant|ability: Quark Drive|[fromitem]
|-start|p1a: Iron Valiant|quarkdrivespe
|move|p2a: Gliscor|Scale Shot|p1a: Iron Valiant
|-immune|p1a: Iron Valiant
|
|-heal|p2a: Gliscor|91/100 tox|[from] ability: Poison Heal
|upkeep
|turn|11
|
|t:|1760769311
|-terastallize|p2a: Gliscor|Water
|move|p1a: Iron Valiant|Encore|p2a: Gliscor
|-start|p2a: Gliscor|Encore
|move|p2a: Gliscor|Scale Shot|p1a: Iron Valiant
|-immune|p1a: Iron Valiant
|
|-heal|p2a: Gliscor|100/100 tox|[from] ability: Poison Heal
|upkeep
|turn|12
|
|t:|1760769347
|switch|p2a: Kingambit|Kingambit, F|100/100
|-damage|p2a: Kingambit|88/100|[from] Stealth Rock
|move|p1a: Iron Valiant|Moonblast|p2a: Kingambit
|-damage|p2a: Kingambit|0 fnt
|replace|p2a: Zoroark|Zoroark-Hisui, F
|-end|p2a: Zoroark|Illusion
|faint|p2a: Zoroark
|
|upkeep
|
|t:|1760769357
|switch|p2a: Donphan|Donphan, F|100/100
|turn|13
|
|t:|1760769381
|move|p1a: Iron Valiant|Moonblast|p2a: Donphan
|-damage|p2a: Donphan|10/100
|move|p2a: Donphan|Endeavor|p1a: Iron Valiant
|-damage|p1a: Iron Valiant|11/100
|
|upkeep
|turn|14
|
|t:|1760769388
|move|p2a: Donphan|Ice Shard|p1a: Iron Valiant
|-damage|p1a: Iron Valiant|0 fnt
|faint|p1a: Iron Valiant
|-end|p1a: Iron Valiant|Quark Drive|[silent]
|
|upkeep
|
|t:|1760769410
|switch|p1a: Weavile|Weavile, M|100/100
|-ability|p1a: Weavile|Pressure
|turn|15
|
|t:|1760769433
|switch|p2a: Ogerpon|Ogerpon-Wellspring, F|100/100
|-damage|p2a: Ogerpon|88/100|[from] Stealth Rock
|move|p1a: Weavile|Ice Punch|p2a: Ogerpon
|-damage|p2a: Ogerpon|42/100
|
|upkeep
|turn|16
|
|t:|1760769447
|switch|p2a: Kingambit|Kingambit, F|88/100
|-damage|p2a: Kingambit|82/100|[from] Stealth Rock
|-activate|p2a: Kingambit|ability: Supreme Overlord
|-start|p2a: Kingambit|fallen1|[silent]
|move|p1a: Weavile|Ice Punch|p2a: Kingambit
|-resisted|p2a: Kingambit
|-damage|p2a: Kingambit|69/100
|
|-heal|p2a: Kingambit|75/100|[from] item: Leftovers
|upkeep
|turn|17
|
|t:|1760769457
|switch|p1a: Excadrill|Excadrill, F|66/100
|-ability|p1a: Excadrill|Mold Breaker
|move|p2a: Kingambit|Iron Head|p1a: Excadrill
|-resisted|p1a: Excadrill
|-damage|p1a: Excadrill|30/100
|
|-heal|p2a: Kingambit|81/100|[from] item: Leftovers
|upkeep
|turn|18
|
|t:|1760769473
|move|p2a: Kingambit|Sucker Punch|p1a: Excadrill
|-damage|p1a: Excadrill|0 fnt
|faint|p1a: Excadrill
|
|-heal|p2a: Kingambit|88/100|[from] item: Leftovers
|upkeep
|
|t:|1760769493
|switch|p1a: Weavile|Weavile, M|100/100
|-ability|p1a: Weavile|Pressure
|turn|19
|
|t:|1760769499
|move|p1a: Weavile|Brick Break|p2a: Kingambit
|-supereffective|p2a: Kingambit
|-damage|p2a: Kingambit|14/100
|move|p2a: Kingambit|Iron Head|p1a: Weavile
|-supereffective|p1a: Weavile
|-damage|p1a: Weavile|0 fnt
|faint|p1a: Weavile
|
|-heal|p2a: Kingambit|21/100|[from] item: Leftovers
|upkeep
|
|t:|1760769509
|switch|p1a: Espeon|Espeon, F|100/100
|turn|20
|
|t:|1760769531
|move|p2a: Kingambit|Sucker Punch||[still]
|-fail|p2a: Kingambit
|move|p1a: Espeon|Roar|p2a: Kingambit
|-end|p2a: Kingambit|fallen1|[silent]
|drag|p2a: Donphan|Donphan, F|10/100
|
|upkeep
|turn|21
|
|t:|1760769538
|switch|p1a: Indeedee|Indeedee, M|100/100
|-fieldstart|move: Psychic Terrain|[from] ability: Psychic Surge|[of] p1a: Indeedee
|move|p2a: Donphan|Rapid Spin|p1a: Indeedee
|-damage|p1a: Indeedee|63/100
|-boost|p2a: Donphan|spe|1
|-sideend|p2: horsacattus|Stealth Rock|[from] move: Rapid Spin|[of] p2a: Donphan
|
|upkeep
|turn|22
|
|t:|1760769550
|move|p2a: Donphan|Endeavor|p1a: Indeedee
|-damage|p1a: Indeedee|12/100
|move|p1a: Indeedee|Hyper Voice|p2a: Donphan
|-damage|p2a: Donphan|0 fnt
|faint|p2a: Donphan
|
|upkeep
|
|t:|1760769557
|switch|p2a: Iron Valiant|Iron Valiant|100/100
|turn|23
|
|t:|1760769565
|move|p2a: Iron Valiant|Knock Off|p1a: Indeedee
|-supereffective|p1a: Indeedee
|-damage|p1a: Indeedee|0 fnt
|-enditem|p1a: Indeedee|Terrain Extender|[from] move: Knock Off|[of] p2a: Iron Valiant
|faint|p1a: Indeedee
|-damage|p2a: Iron Valiant|91/100|[from] item: Life Orb
|
|upkeep
|
|t:|1760769567
|switch|p1a: Espeon|Espeon, F|100/100
|turn|24
|
|t:|1760769574
|move|p2a: Iron Valiant|Knock Off|p1a: Espeon
|-supereffective|p1a: Espeon
|-damage|p1a: Espeon|0 fnt
|-enditem|p1a: Espeon|Choice Specs|[from] move: Knock Off|[of] p2a: Iron Valiant
|faint|p1a: Espeon
|-damage|p2a: Iron Valiant|81/100|[from] item: Life Orb
|
|win|horsacattus
|raw|gmzjosh09's rating: 1107 &rarr; <strong>1080</strong><br />(-27 for losing)
|raw|horsacattus's rating: 1078 &rarr; <strong>1109</strong><br />(+31 for winning)
|l|☆horsacattus
|player|p2|
|l|☆gmzjosh09
|player|p1|
