|j|☆Jdawg_2100
|j|☆Nveittikoski
|t:|1760884085
|gametype|singles
|player|p1|Jdawg_2100|hilbert|1279
|player|p2|Nveittikoski|1|1351
|gen|9
|tier|[Gen 9] OU
|rated|
|rule|HP Percentage Mod: HP is shown in percentages
|rule|Endless Battle Clause: Forcing endless battles is banned
|rule|Species Clause: Limit one of each Pokémon
|rule|OHKO Clause: OHKO moves are banned
|rule|Evasion Items Clause: Evasion items are banned
|rule|Evasion Moves Clause: Evasion moves are banned
|rule|Evasion Abilities Clause: Evasion abilities are banned
|rule|Sleep Moves Clause: Sleep-inducing moves are banned
|clearpoke
|poke|p1|Ribombee, F|
|poke|p1|Iron Valiant|
|poke|p1|Luxray, F|
|poke|p1|Kingambit, M|
|poke|p1|Great Tusk|
|poke|p1|Meowscarada, M|
|poke|p2|Gholdengo|
|poke|p2|Slowking-Galar, F|
|poke|p2|Garchomp, F|
|poke|p2|Latios, M|
|poke|p2|Scizor, F|
|poke|p2|Ogerpon-Wellspring, F|
|teampreview
|inactive|Battle timer is ON: inactive players will automatically lose when time's up. (requested by Jdawg_2100)
|inactive|Nveittikoski has 120 seconds left.
|
|t:|1760884122
|teamsize|p1|6
|teamsize|p2|6
|start
|switch|p1a: Ribombee|Ribombee, F|100/100
|switch|p2a: Scizor|Scizor, F|100/100
|turn|1
|
|t:|1760884126
|move|p2a: Scizor|Bullet Punch|p1a: Ribombee
|-supereffective|p1a: Ribombee
|-enditem|p1a: Ribombee|Focus Sash
|-damage|p1a: Ribombee|1/100
|move|p1a: Ribombee|Sticky Web|p2a: Scizor
|-sidestart|p2: Nveittikoski|move: Sticky Web
|
|upkeep
|turn|2
|
|t:|1760884135
|move|p2a: Scizor|Bullet Punch|p1a: Ribombee
|-supereffective|p1a: Ribombee
|-damage|p1a: Ribombee|0 fnt
|faint|p1a: Ribombee
|
|upkeep
|
|t:|1760884147
|switch|p1a: Great Tusk|Great Tusk, shiny|100/100
|turn|3
|
|t:|1760884162
|switch|p2a: Latios|Latios, M|100/100
|move|p1a: Great Tusk|Knock Off|p2a: Latios
|-supereffective|p2a: Latios
|-damage|p2a: Latios|22/100
|-enditem|p2a: Latios|Soul Dew|[from] move: Knock Off|[of] p1a: Great Tusk
|
|upkeep
|turn|4
|
|t:|1760884170
|-end|p1a: Great Tusk|Protosynthesis|[silent]
|switch|p1a: Meowscarada|Meowscarada, M, shiny|100/100
|move|p2a: Latios|Recover|p2a: Latios
|-heal|p2a: Latios|72/100
|
|upkeep
|turn|5
|
|t:|1760884183
|-terastallize|p2a: Latios|Fairy
|move|p1a: Meowscarada|U-turn|p2a: Latios
|-start|p1a: Meowscarada|typechange|Bug|[from] ability: Protean
|-resisted|p2a: Latios
|-damage|p2a: Latios|42/100
|
|t:|1760884191
|switch|p1a: Kingambit|Kingambit, M, shiny|100/100|[from] U-turn
|-activate|p1a: Kingambit|ability: Supreme Overlord
|-start|p1a: Kingambit|fallen1|[silent]
|move|p2a: Latios|Draco Meteor|p1a: Kingambit|[miss]
|-miss|p2a: Latios|p1a: Kingambit
|
|upkeep
|turn|6
|
|t:|1760884199
|switch|p2a: Garchomp|Garchomp, F|100/100
|-activate|p2a: Garchomp|move: Sticky Web
|-unboost|p2a: Garchomp|spe|1
|move|p1a: Kingambit|Swords Dance|p1a: Kingambit
|-boost|p1a: Kingambit|atk|2
|
|upkeep
|turn|7
|
|t:|1760884207
|-end|p1a: Kingambit|fallen1|[silent]
|switch|p1a: Meowscarada|Meowscarada, M, shiny|100/100
|move|p2a: Garchomp|Dragon Tail|p1a: Meowscarada
|-damage|p1a: Meowscarada|61/100
|drag|p1a: Great Tusk|Great Tusk, shiny|100/100
|
|upkeep
|turn|8
|
|t:|1760884213
|move|p1a: Great Tusk|Stealth Rock|p2a: Garchomp
|-sidestart|p2: Nveittikoski|move: Stealth Rock
|move|p2a: Garchomp|Stealth Rock|p1a: Great Tusk
|-sidestart|p1: Jdawg_2100|move: Stealth Rock
|
|upkeep
|turn|9
|
|t:|1760884218
|move|p1a: Great Tusk|Knock Off|p2a: Garchomp
|-damage|p2a: Garchomp|82/100
|-damage|p1a: Great Tusk|88/100|[from] ability: Rough Skin|[of] p2a: Garchomp
|-damage|p1a: Great Tusk|71/100|[from] item: Rocky Helmet|[of] p2a: Garchomp
|-enditem|p2a: Garchomp|Rocky Helmet|[from] move: Knock Off|[of] p1a: Great Tusk
|move|p2a: Garchomp|Spikes|p1a: Great Tusk
|-sidestart|p1: Jdawg_2100|Spikes
|
|-heal|p1a: Great Tusk|78/100|[from] item: Leftovers
|upkeep
|turn|10
|
|t:|1760884225
|switch|p2a: Gholdengo|Gholdengo|100/100
|-activate|p2a: Gholdengo|move: Sticky Web
|-unboost|p2a: Gholdengo|spe|1
|-damage|p2a: Gholdengo|94/100|[from] Stealth Rock
|move|p1a: Great Tusk|Rapid Spin|p2a: Gholdengo
|-immune|p2a: Gholdengo
|
|-heal|p1a: Great Tusk|84/100|[from] item: Leftovers
|upkeep
|turn|11
|
|t:|1760884236
|move|p2a: Gholdengo|Dazzling Gleam|p1a: Great Tusk
|-supereffective|p1a: Great Tusk
|-damage|p1a: Great Tusk|4/100
|move|p1a: Great Tusk|Knock Off|p2a: Gholdengo
|-supereffective|p2a: Gholdengo
|-damage|p2a: Gholdengo|33/100
|-enditem|p2a: Gholdengo|Choice Scarf|[from] move: Knock Off|[of] p1a: Great Tusk
|
|-heal|p1a: Great Tusk|10/100|[from] item: Leftovers
|upkeep
|turn|12
|
|t:|1760884248
|-end|p1a: Great Tusk|Protosynthesis|[silent]
|switch|p1a: Kingambit|Kingambit, M, shiny|100/100
|-damage|p1a: Kingambit|94/100|[from] Stealth Rock
|-damage|p1a: Kingambit|82/100|[from] Spikes
|-activate|p1a: Kingambit|ability: Supreme Overlord
|-start|p1a: Kingambit|fallen1|[silent]
|switch|p2a: Garchomp|Garchomp, F|82/100
|-activate|p2a: Garchomp|move: Sticky Web
|-unboost|p2a: Garchomp|spe|1
|-damage|p2a: Garchomp|76/100|[from] Stealth Rock
|
|upkeep
|turn|13
|
|t:|1760884256
|-end|p1a: Kingambit|fallen1|[silent]
|switch|p1a: Meowscarada|Meowscarada, M, shiny|61/100
|-damage|p1a: Meowscarada|48/100|[from] Stealth Rock
|-damage|p1a: Meowscarada|36/100|[from] Spikes
|move|p2a: Garchomp|Earthquake|p1a: Meowscarada
|-resisted|p1a: Meowscarada
|-damage|p1a: Meowscarada|4/100
|
|upkeep
|turn|14
|
|t:|1760884268
|move|p1a: Meowscarada|Flower Trick|p2a: Garchomp
|-start|p1a: Meowscarada|typechange|Grass|[from] ability: Protean
|-crit|p2a: Garchomp
|-damage|p2a: Garchomp|29/100
|move|p2a: Garchomp|Dragon Tail|p1a: Meowscarada
|-damage|p1a: Meowscarada|0 fnt
|faint|p1a: Meowscarada
|
|upkeep
|
|t:|1760884274
|switch|p1a: Iron Valiant|Iron Valiant, shiny|100/100
|-damage|p1a: Iron Valiant|94/100|[from] Stealth Rock
|-damage|p1a: Iron Valiant|82/100|[from] Spikes
|-enditem|p1a: Iron Valiant|Booster Energy
|-activate|p1a: Iron Valiant|ability: Quark Drive|[fromitem]
|-start|p1a: Iron Valiant|quarkdrivespe
|turn|15
|
|t:|1760884280
|move|p1a: Iron Valiant|Moonblast|p2a: Garchomp
|-supereffective|p2a: Garchomp
|-damage|p2a: Garchomp|0 fnt
|faint|p2a: Garchomp
|
|upkeep
|
|t:|1760884293
|switch|p2a: Scizor|Scizor, F|100/100
|-activate|p2a: Scizor|move: Sticky Web
|-unboost|p2a: Scizor|spe|1
|-damage|p2a: Scizor|88/100|[from] Stealth Rock
|turn|16
|
|t:|1760884300
|-end|p1a: Iron Valiant|Quark Drive|[silent]
|switch|p1a: Luxray|Luxray, F, shiny|100/100
|-damage|p1a: Luxray|88/100|[from] Stealth Rock
|-damage|p1a: Luxray|76/100|[from] Spikes
|move|p2a: Scizor|Bullet Punch|p1a: Luxray
|-resisted|p1a: Luxray
|-damage|p1a: Luxray|43/100
|
|-status|p1a: Luxray|brn|[from] item: Flame Orb
|upkeep
|turn|17
|
|t:|1760884324
|switch|p2a: Slowking|Slowking-Galar, F|100/100
|move|p1a: Luxray|Volt Switch|p2a: Slowking
|-damage|p2a: Slowking|88/100
|
|t:|1760884337
|switch|p1a: Kingambit|Kingambit, M, shiny|82/100|[from] Volt Switch
|-damage|p1a: Kingambit|76/100|[from] Stealth Rock
|-damage|p1a: Kingambit|63/100|[from] Spikes
|-activate|p1a: Kingambit|ability: Supreme Overlord
|-start|p1a: Kingambit|fallen2|[silent]
|
|upkeep
|turn|18
|
|t:|1760884343
|move|p1a: Kingambit|Swords Dance|p1a: Kingambit
|-boost|p1a: Kingambit|atk|2
|-prepare|p2a: Slowking|Chilly Reception|[premajor]
|move|p2a: Slowking|Chilly Reception|p2a: Slowking
|-weather|Snowscape
|
|t:|1760884347
|switch|p2a: Ogerpon|Ogerpon-Wellspring, F|100/100|[from] Chilly Reception
|-activate|p2a: Ogerpon|move: Sticky Web
|-unboost|p2a: Ogerpon|spe|1
|-damage|p2a: Ogerpon|88/100|[from] Stealth Rock
|
|-weather|Snowscape|[upkeep]
|upkeep
|turn|19
|
|t:|1760884354
|move|p1a: Kingambit|Sucker Punch|p2a: Ogerpon
|-damage|p2a: Ogerpon|0 fnt
|faint|p2a: Ogerpon
|
|-weather|Snowscape|[upkeep]
|upkeep
|
|t:|1760884362
|switch|p2a: Gholdengo|Gholdengo|33/100
|-activate|p2a: Gholdengo|move: Sticky Web
|-unboost|p2a: Gholdengo|spe|1
|-damage|p2a: Gholdengo|27/100|[from] Stealth Rock
|turn|20
|
|t:|1760884366
|move|p2a: Gholdengo|Trick|p1a: Kingambit
|-activate|p2a: Gholdengo|move: Trick|[of] p1a: Kingambit
|-enditem|p1a: Kingambit|Black Glasses|[silent]|[from] move: Trick
|-item|p2a: Gholdengo|Black Glasses|[from] move: Trick
|move|p1a: Kingambit|Kowtow Cleave|p2a: Gholdengo
|-supereffective|p2a: Gholdengo
|-damage|p2a: Gholdengo|0 fnt
|faint|p2a: Gholdengo
|
|-weather|Snowscape|[upkeep]
|upkeep
|
|t:|1760884376
|switch|p2a: Latios|Latios, M, tera:Fairy|42/100
|-damage|p2a: Latios|29/100|[from] Stealth Rock
|turn|21
|
|t:|1760884382
|move|p2a: Latios|Recover|p2a: Latios
|-heal|p2a: Latios|80/100
|move|p1a: Kingambit|Iron Head|p2a: Latios
|-supereffective|p2a: Latios
|-damage|p2a: Latios|0 fnt
|faint|p2a: Latios
|
|-weather|Snowscape|[upkeep]
|upkeep
|
|t:|1760884388
|switch|p2a: Scizor|Scizor, F|88/100
|-activate|p2a: Scizor|move: Sticky Web
|-unboost|p2a: Scizor|spe|1
|-damage|p2a: Scizor|76/100|[from] Stealth Rock
|turn|22
|
|t:|1760884392
|move|p1a: Kingambit|Kowtow Cleave|p2a: Scizor
|-damage|p2a: Scizor|0 fnt
|faint|p2a: Scizor
|
|-weather|none
|upkeep
|-message|Nveittikoski forfeited.
|
|win|Jdawg_2100
|raw|Jdawg_2100's rating: 1279 &rarr; <strong>1309</strong><br />(+30 for winning)
|raw|Nveittikoski's rating: 1351 &rarr; <strong>1327</strong><br />(-24 for losing)
|l|☆Nveittikoski
|player|p2|
|l|☆Jdawg_2100
|player|p1|
