|j|☆XxH0meland3r420xX
|j|☆UnitedDank
|t:|1760833395
|gametype|singles
|player|p1|XxH0meland3r420xX|palmer|1417
|player|p2|UnitedDank|youngn|1467
|gen|9
|tier|[Gen 9] OU
|rated|
|rule|HP Percentage Mod: HP is shown in percentages
|rule|Endless Battle Clause: Forcing endless battles is banned
|rule|Species Clause: Limit one of each Pokémon
|rule|OHKO Clause: OHKO moves are banned
|rule|Evasion Items Clause: Evasion items are banned
|rule|Evasion Moves Clause: Evasion moves are banned
|rule|Evasion Abilities Clause: Evasion abilities are banned
|rule|Sleep Moves Clause: Sleep-inducing moves are banned
|clearpoke
|poke|p1|Araquanid, M|
|poke|p1|Scrafty, M|
|poke|p1|Kyurem|
|poke|p1|Gholdengo|
|poke|p1|Great Tusk|
|poke|p1|Iron Moth|
|poke|p2|Kyurem|
|poke|p2|Great Tusk|
|poke|p2|Landorus-Therian, M|
|poke|p2|Kingambit, M|
|poke|p2|Pecharunt|
|poke|p2|Primarina, M|
|teampreview
|
|t:|1760833426
|teamsize|p1|6
|teamsize|p2|6
|start
|switch|p1a: Araquanid|Araquanid, M|100/100
|switch|p2a: Kyurem|Kyurem|100/100
|-ability|p2a: Kyurem|Pressure
|turn|1
|inactive|Battle timer is ON: inactive players will automatically lose when time's up. (requested by UnitedDank)
|
|t:|1760833437
|move|p2a: Kyurem|Freeze-Dry|p1a: Araquanid
|-supereffective|p1a: Araquanid
|-damage|p1a: Araquanid|48/100
|move|p1a: Araquanid|Sticky Web|p2a: Kyurem
|-sidestart|p2: UnitedDank|move: Sticky Web
|
|upkeep
|turn|2
|
|t:|1760833448
|move|p1a: Araquanid|Endure|p1a: Araquanid
|-singleturn|p1a: Araquanid|move: Endure
|move|p2a: Kyurem|Freeze-Dry|p1a: Araquanid
|-supereffective|p1a: Araquanid
|-activate|p1a: Araquanid|move: Endure
|-damage|p1a: Araquanid|1/100
|
|upkeep
|turn|3
|
|t:|1760833465
|switch|p2a: Pecharunt|Pecharunt|100/100
|-activate|p2a: Pecharunt|move: Sticky Web
|-unboost|p2a: Pecharunt|spe|1
|switch|p1a: Scrafty|Scrafty, M|100/100
|
|upkeep
|turn|4
|
|t:|1760833475
|switch|p2a: Landorus|Landorus-Therian, M|100/100
|-ability|p2a: Landorus|Intimidate|boost
|-unboost|p1a: Scrafty|atk|1
|move|p1a: Scrafty|Dragon Dance|p1a: Scrafty
|-boost|p1a: Scrafty|atk|1
|-boost|p1a: Scrafty|spe|1
|
|upkeep
|turn|5
|inactive|XxH0meland3r420xX has 120 seconds left.
|
|t:|1760833515
|move|p2a: Landorus|U-turn|p1a: Scrafty
|-damage|p1a: Scrafty|73/100
|
|t:|1760833520
|switch|p2a: Primarina|Primarina, M|100/100|[from] U-turn
|-activate|p2a: Primarina|move: Sticky Web
|-unboost|p2a: Primarina|spe|1
|move|p1a: Scrafty|Knock Off|p2a: Primarina
|-resisted|p2a: Primarina
|-damage|p2a: Primarina|76/100
|-enditem|p2a: Primarina|Assault Vest|[from] move: Knock Off|[of] p1a: Scrafty
|
|-heal|p1a: Scrafty|79/100|[from] item: Leftovers
|upkeep
|turn|6
|inactive|XxH0meland3r420xX has 120 seconds left.
|
|t:|1760833550
|-terastallize|p1a: Scrafty|Poison
|move|p1a: Scrafty|Poison Jab|p2a: Primarina
|-supereffective|p2a: Primarina
|-damage|p2a: Primarina|0 fnt
|faint|p2a: Primarina
|-ability|p1a: Scrafty|Moxie|boost
|-boost|p1a: Scrafty|atk|1
|
|-heal|p1a: Scrafty|85/100|[from] item: Leftovers
|upkeep
|
|t:|1760833563
|switch|p2a: Great Tusk|Great Tusk|100/100
|turn|7
|
|t:|1760833584
|switch|p1a: Gholdengo|Gholdengo|100/100
|-item|p1a: Gholdengo|Air Balloon
|move|p2a: Great Tusk|Headlong Rush|p1a: Gholdengo
|-immune|p1a: Gholdengo
|
|upkeep
|turn|8
|
|t:|1760833603
|-end|p2a: Great Tusk|Protosynthesis|[silent]
|switch|p2a: Kingambit|Kingambit, M|100/100
|-activate|p2a: Kingambit|move: Sticky Web
|-unboost|p2a: Kingambit|spe|1
|-activate|p2a: Kingambit|ability: Supreme Overlord
|-start|p2a: Kingambit|fallen1|[silent]
|move|p1a: Gholdengo|Make It Rain|p2a: Kingambit
|-resisted|p2a: Kingambit
|-damage|p2a: Kingambit|70/100
|-unboost|p1a: Gholdengo|spa|1
|
|-heal|p2a: Kingambit|76/100|[from] item: Leftovers
|upkeep
|turn|9
|inactive|XxH0meland3r420xX has 90 seconds left.
|
|t:|1760833630
|switch|p1a: Great Tusk|Great Tusk|100/100
|-end|p2a: Kingambit|fallen1|[silent]
|switch|p2a: Great Tusk|Great Tusk|100/100
|
|upkeep
|turn|10
|
|t:|1760833644
|-end|p1a: Great Tusk|Protosynthesis|[silent]
|switch|p1a: Gholdengo|Gholdengo|100/100
|-item|p1a: Gholdengo|Air Balloon
|move|p2a: Great Tusk|Stealth Rock|p1a: Gholdengo
|-sidestart|p1: XxH0meland3r420xX|move: Stealth Rock
|
|upkeep
|turn|11
|inactive|XxH0meland3r420xX has 60 seconds left.
|
|t:|1760833684
|-end|p2a: Great Tusk|Protosynthesis|[silent]
|switch|p2a: Kingambit|Kingambit, M|76/100
|-activate|p2a: Kingambit|move: Sticky Web
|-unboost|p2a: Kingambit|spe|1
|-activate|p2a: Kingambit|ability: Supreme Overlord
|-start|p2a: Kingambit|fallen1|[silent]
|move|p1a: Gholdengo|Focus Blast|p2a: Kingambit
|-supereffective|p2a: Kingambit
|-damage|p2a: Kingambit|0 fnt
|faint|p2a: Kingambit
|-end|p2a: Kingambit|fallen1|[silent]
|
|upkeep
|inactive|UnitedDank has 120 seconds left.
|
|t:|1760833700
|switch|p2a: Pecharunt|Pecharunt|100/100
|-activate|p2a: Pecharunt|move: Sticky Web
|-unboost|p2a: Pecharunt|spe|1
|turn|12
|inactive|XxH0meland3r420xX has 60 seconds left.
|inactive|UnitedDank has 120 seconds left.
|
|t:|1760833716
|switch|p1a: Araquanid|Araquanid, M|1/100
|-damage|p1a: Araquanid|0 fnt|[from] Stealth Rock
|faint|p1a: Araquanid
|move|p2a: Pecharunt|Parting Shot|p1: Araquanid|[notarget]
|-fail|p2a: Pecharunt
|
|upkeep
|
|t:|1760833740
|switch|p1a: Scrafty|Scrafty, M, tera:Poison|85/100
|-damage|p1a: Scrafty|73/100|[from] Stealth Rock
|turn|13
|
|t:|1760833750
|move|p1a: Scrafty|Knock Off|p2a: Pecharunt
|-supereffective|p2a: Pecharunt
|-damage|p2a: Pecharunt|60/100
|-damage|p1a: Scrafty|56/100|[from] item: Rocky Helmet|[of] p2a: Pecharunt
|-enditem|p2a: Pecharunt|Rocky Helmet|[from] move: Knock Off|[of] p1a: Scrafty
|move|p2a: Pecharunt|Parting Shot|p1a: Scrafty
|-unboost|p1a: Scrafty|atk|1
|-unboost|p1a: Scrafty|spa|1
|
|t:|1760833763
|switch|p2a: Landorus|Landorus-Therian, M|100/100|[from] Parting Shot
|-ability|p2a: Landorus|Intimidate|boost
|-unboost|p1a: Scrafty|atk|1
|
|-heal|p1a: Scrafty|62/100|[from] item: Leftovers
|upkeep
|turn|14
|inactive|XxH0meland3r420xX has 30 seconds left.
|
|t:|1760833796
|move|p2a: Landorus|U-turn|p1a: Scrafty
|-resisted|p1a: Scrafty
|-damage|p1a: Scrafty|47/100
|
|t:|1760833802
|switch|p2a: Great Tusk|Great Tusk|100/100|[from] U-turn
|move|p1a: Scrafty|Knock Off|p2a: Great Tusk
|-resisted|p2a: Great Tusk
|-crit|p2a: Great Tusk
|-damage|p2a: Great Tusk|79/100
|-enditem|p2a: Great Tusk|Heavy-Duty Boots|[from] move: Knock Off|[of] p1a: Scrafty
|
|-heal|p1a: Scrafty|53/100|[from] item: Leftovers
|upkeep
|turn|15
|inactive|XxH0meland3r420xX has 30 seconds left.
|inactive|XxH0meland3r420xX has 20 seconds left.
|
|t:|1760833825
|switch|p1a: Gholdengo|Gholdengo|100/100
|-damage|p1a: Gholdengo|94/100|[from] Stealth Rock
|-item|p1a: Gholdengo|Air Balloon
|move|p2a: Great Tusk|Ice Spinner|p1a: Gholdengo
|-resisted|p1a: Gholdengo
|-damage|p1a: Gholdengo|78/100
|-enditem|p1a: Gholdengo|Air Balloon
|
|upkeep
|turn|16
|inactive|XxH0meland3r420xX has 30 seconds left this turn.
|inactive|XxH0meland3r420xX has 20 seconds left.
|inactive|XxH0meland3r420xX has 15 seconds left.
|inactive|XxH0meland3r420xX has 10 seconds left.
|inactive|XxH0meland3r420xX has 5 seconds left.
|
|t:|1760833851
|move|p2a: Great Tusk|Headlong Rush|p1a: Gholdengo
|-supereffective|p1a: Gholdengo
|-damage|p1a: Gholdengo|0 fnt
|-unboost|p2a: Great Tusk|def|1
|-unboost|p2a: Great Tusk|spd|1
|faint|p1a: Gholdengo
|
|upkeep
|inactive|XxH0meland3r420xX has 10 seconds left this turn.
|
|t:|1760833854
|switch|p1a: Kyurem|Kyurem|100/100
|-damage|p1a: Kyurem|76/100|[from] Stealth Rock
|-ability|p1a: Kyurem|Pressure
|turn|17
|inactive|XxH0meland3r420xX has 20 seconds left this turn.
|inactive|UnitedDank has 120 seconds left.
|
|t:|1760833885
|-end|p2a: Great Tusk|Protosynthesis|[silent]
|switch|p2a: Pecharunt|Pecharunt|60/100
|-activate|p2a: Pecharunt|move: Sticky Web
|-unboost|p2a: Pecharunt|spe|1
|move|p1a: Kyurem|Ice Beam|p2a: Pecharunt
|-damage|p2a: Pecharunt|0 fnt
|faint|p2a: Pecharunt
|
|upkeep
|inactive|UnitedDank has 120 seconds left.
|
|t:|1760833896
|switch|p2a: Landorus|Landorus-Therian, M|100/100
|-ability|p2a: Landorus|Intimidate|boost
|-unboost|p1a: Kyurem|atk|1
|turn|18
|inactive|XxH0meland3r420xX has 30 seconds left.
|
|t:|1760833904
|switch|p1a: Scrafty|Scrafty, M, tera:Poison|53/100
|-damage|p1a: Scrafty|41/100|[from] Stealth Rock
|move|p2a: Landorus|U-turn|p1a: Scrafty
|-resisted|p1a: Scrafty
|-damage|p1a: Scrafty|25/100
|
|t:|1760833907
|switch|p2a: Great Tusk|Great Tusk|79/100|[from] U-turn
|-activate|p2a: Great Tusk|move: Sticky Web
|-unboost|p2a: Great Tusk|spe|1
|
|-heal|p1a: Scrafty|31/100|[from] item: Leftovers
|upkeep
|turn|19
|
|t:|1760833919
|switch|p1a: Great Tusk|Great Tusk|100/100
|move|p2a: Great Tusk|Rapid Spin|p1a: Great Tusk
|-damage|p1a: Great Tusk|86/100
|-boost|p2a: Great Tusk|spe|1
|-sideend|p2: UnitedDank|Sticky Web|[from] move: Rapid Spin|[of] p2a: Great Tusk
|
|upkeep
|turn|20
|
|t:|1760833927
|move|p1a: Great Tusk|Rapid Spin|p2a: Great Tusk
|-damage|p2a: Great Tusk|65/100
|-boost|p1a: Great Tusk|spe|1
|-sideend|p1: XxH0meland3r420xX|Stealth Rock|[from] move: Rapid Spin|[of] p1a: Great Tusk
|move|p2a: Great Tusk|Ice Spinner|p1a: Great Tusk
|-supereffective|p1a: Great Tusk
|-damage|p1a: Great Tusk|48/100
|
|upkeep
|turn|21
|
|t:|1760833947
|move|p1a: Great Tusk|Ice Spinner|p2a: Great Tusk
|-supereffective|p2a: Great Tusk
|-damage|p2a: Great Tusk|26/100
|move|p2a: Great Tusk|Ice Spinner|p1a: Great Tusk
|-supereffective|p1a: Great Tusk
|-damage|p1a: Great Tusk|6/100
|
|upkeep
|turn|22
|
|t:|1760833967
|move|p1a: Great Tusk|Ice Spinner|p2a: Great Tusk
|-supereffective|p2a: Great Tusk
|-damage|p2a: Great Tusk|0 fnt
|faint|p2a: Great Tusk
|-end|p2a: Great Tusk|Protosynthesis|[silent]
|
|upkeep
|
|t:|1760833970
|switch|p2a: Landorus|Landorus-Therian, M|100/100
|-ability|p2a: Landorus|Intimidate|boost
|-unboost|p1a: Great Tusk|atk|1
|turn|23
|
|t:|1760833979
|move|p2a: Landorus|Earthquake|p1a: Great Tusk
|-damage|p1a: Great Tusk|0 fnt
|faint|p1a: Great Tusk
|-end|p1a: Great Tusk|Protosynthesis|[silent]
|
|upkeep
|
|t:|1760833986
|switch|p1a: Kyurem|Kyurem|76/100
|-ability|p1a: Kyurem|Pressure
|turn|24
|
|t:|1760833997
|-terastallize|p2a: Landorus|Bug
|move|p2a: Landorus|Earthquake|p1a: Kyurem
|-damage|p1a: Kyurem|25/100
|move|p1a: Kyurem|Draco Meteor|p2a: Landorus
|-damage|p2a: Landorus|0 fnt
|-unboost|p1a: Kyurem|spa|2
|faint|p2a: Landorus
|
|upkeep
|
|t:|1760834003
|switch|p2a: Kyurem|Kyurem|100/100
|-ability|p2a: Kyurem|Pressure
|turn|25
|
|t:|1760834009
|move|p2a: Kyurem|Earth Power|p1a: Kyurem
|-damage|p1a: Kyurem|0 fnt
|faint|p1a: Kyurem
|
|upkeep
|
|t:|1760834020
|switch|p1a: Scrafty|Scrafty, M, tera:Poison|31/100
|turn|26
|
|t:|1760834024
|move|p2a: Kyurem|Earth Power|p1a: Scrafty
|-supereffective|p1a: Scrafty
|-damage|p1a: Scrafty|0 fnt
|faint|p1a: Scrafty
|
|upkeep
|
|t:|1760834026
|switch|p1a: Iron Moth|Iron Moth|100/100
|-enditem|p1a: Iron Moth|Booster Energy
|-activate|p1a: Iron Moth|ability: Quark Drive|[fromitem]
|-start|p1a: Iron Moth|quarkdrivespa
|turn|27
|inactive|XxH0meland3r420xX has 90 seconds left.
|
|t:|1760834036
|move|p1a: Iron Moth|Dazzling Gleam|p2a: Kyurem
|-supereffective|p2a: Kyurem
|-damage|p2a: Kyurem|31/100
|move|p2a: Kyurem|Earth Power|p1a: Iron Moth
|-supereffective|p1a: Iron Moth
|-damage|p1a: Iron Moth|0 fnt
|faint|p1a: Iron Moth
|-end|p1a: Iron Moth|Quark Drive|[silent]
|
|win|UnitedDank
|raw|XxH0meland3r420xX's rating: 1417 &rarr; <strong>1400</strong><br />(-17 for losing)
|raw|UnitedDank's rating: 1467 &rarr; <strong>1484</strong><br />(+17 for winning)
|l|☆UnitedDank
|player|p2|
