|j|☆Cillian1453
|j|☆MonsterZogg
|t:|1760885796
|gametype|singles
|player|p1|Cillian1453|102|1254
|player|p2|MonsterZogg|pokemonrangerf|1253
|gen|9
|tier|[Gen 9] OU
|rated|
|rule|HP Percentage Mod: HP is shown in percentages
|rule|Endless Battle Clause: Forcing endless battles is banned
|rule|Species Clause: Limit one of each Pokémon
|rule|OHKO Clause: OHKO moves are banned
|rule|Evasion Items Clause: Evasion items are banned
|rule|Evasion Moves Clause: Evasion moves are banned
|rule|Evasion Abilities Clause: Evasion abilities are banned
|rule|Sleep Moves Clause: Sleep-inducing moves are banned
|clearpoke
|poke|p1|Hydrapple, M|
|poke|p1|Skarmory, M|
|poke|p1|Tyranitar, F|
|poke|p1|Alomomola, M|
|poke|p1|Clodsire, M|
|poke|p1|Clefable, M|
|poke|p2|Haxorus, M|
|poke|p2|Salamence, F|
|poke|p2|Goodra, F|
|poke|p2|Garchomp, F|
|poke|p2|Dragonite, M|
|poke|p2|Cyclizar, F|
|teampreview
|c|☆MonsterZogg|booo
|c|☆MonsterZogg|booooooo
|c|☆MonsterZogg|booooooo
|
|t:|1760885816
|teamsize|p1|6
|teamsize|p2|6
|start
|switch|p1a: Tyranitar|Tyranitar, F|100/100
|switch|p2a: Warhead|Haxorus, M, shiny|100/100
|-ability|p2a: Warhead|Mold Breaker
|-weather|Sandstorm|[from] ability: Sand Stream|[of] p1a: Tyranitar
|turn|1
|c|☆Cillian1453|???
|c|☆MonsterZogg|stall
|
|t:|1760885829
|switch|p1a: Alomomola|Alomomola, M, shiny|100/100
|move|p2a: Warhead|Close Combat|p1a: Alomomola
|-damage|p1a: Alomomola|72/100
|-unboost|p2a: Warhead|def|1
|-unboost|p2a: Warhead|spd|1
|
|-weather|Sandstorm|[upkeep]
|-damage|p2a: Warhead|94/100|[from] Sandstorm
|-damage|p1a: Alomomola|65/100|[from] Sandstorm
|upkeep
|turn|2
|
|t:|1760885834
|switch|p2a: Liberator|Cyclizar, F|100/100
|move|p1a: Alomomola|Wish|p1a: Alomomola
|
|-weather|Sandstorm|[upkeep]
|-damage|p2a: Liberator|94/100|[from] Sandstorm
|-damage|p1a: Alomomola|59/100|[from] Sandstorm
|upkeep
|turn|3
|j| Gazzilli
|c|☆Cillian1453|bro if you wanna play monotype go do that, dont play ou and complain when someone brings not even hard stall like damn
|
|t:|1760885870
|move|p2a: Liberator|Knock Off|p1a: Alomomola
|-damage|p1a: Alomomola|40/100
|-enditem|p1a: Alomomola|Heavy-Duty Boots|[from] move: Knock Off|[of] p2a: Liberator
|move|p1a: Alomomola|Wish||[still]
|-fail|p1a: Alomomola
|
|-weather|Sandstorm|[upkeep]
|-damage|p2a: Liberator|88/100|[from] Sandstorm
|-damage|p1a: Alomomola|34/100|[from] Sandstorm
|-heal|p1a: Alomomola|84/100|[from] move: Wish|[wisher] Alomomola
|upkeep
|turn|4
|
|t:|1760885880
|move|p2a: Liberator|U-turn|p1a: Alomomola
|-damage|p1a: Alomomola|70/100
|c|☆MonsterZogg|I dont wanna play monotype I wanted to do this
|c|☆MonsterZogg|I didnt tell you to change
|c|☆MonsterZogg|just booing you
|
|t:|1760885899
|switch|p2a: Salvo|Goodra, F|100/100|[from] U-turn
|move|p1a: Alomomola|Body Slam|p2a: Salvo
|-damage|p2a: Salvo|78/100
|-status|p2a: Salvo|par
|-ability|p2a: Salvo|Gooey
|-unboost|p1a: Alomomola|spe|1
|
|-weather|Sandstorm|[upkeep]
|-damage|p2a: Salvo|71/100 par|[from] Sandstorm
|-damage|p1a: Alomomola|64/100|[from] Sandstorm
|upkeep
|turn|5
|c|☆MonsterZogg|sounds like a guilty concious
|
|t:|1760885908
|cant|p2a: Salvo|par
|move|p1a: Alomomola|Wish|p1a: Alomomola
|
|-weather|none
|upkeep
|turn|6
|
|t:|1760885913
|move|p2a: Salvo|Thunderbolt|p1a: Alomomola
|-supereffective|p1a: Alomomola
|-damage|p1a: Alomomola|3/100
|move|p1a: Alomomola|Flip Turn|p2a: Salvo
|-resisted|p2a: Salvo
|-damage|p2a: Salvo|59/100 par
|-ability|p2a: Salvo|Gooey
|-unboost|p1a: Alomomola|spe|1
|
|t:|1760885927
|switch|p1a: Hydrapple|Hydrapple, M|100/100|[from] Flip Turn
|
|upkeep
|turn|7
|
|t:|1760885934
|move|p1a: Hydrapple|Fickle Beam|p2a: Salvo
|-supereffective|p2a: Salvo
|-damage|p2a: Salvo|29/100 par
|move|p2a: Salvo|Ice Beam|p1a: Hydrapple
|-supereffective|p1a: Hydrapple
|-damage|p1a: Hydrapple|0 fnt
|faint|p1a: Hydrapple
|
|upkeep
|
|t:|1760885943
|switch|p1a: Tyranitar|Tyranitar, F|100/100
|-weather|Sandstorm|[from] ability: Sand Stream|[of] p1a: Tyranitar
|turn|8
|
|t:|1760885947
|move|p1a: Tyranitar|Knock Off|p2a: Salvo
|-damage|p2a: Salvo|0 fnt
|-ability|p2a: Salvo|Gooey
|-unboost|p1a: Tyranitar|spe|1
|-enditem|p2a: Salvo|Assault Vest|[from] move: Knock Off|[of] p1a: Tyranitar
|faint|p2a: Salvo
|
|-weather|Sandstorm|[upkeep]
|upkeep
|
|t:|1760885961
|switch|p2a: Liberator|Cyclizar, F|100/100
|turn|9
|l| Gazzilli
|
|t:|1760885967
|move|p2a: Liberator|Rapid Spin|p1a: Tyranitar
|-resisted|p1a: Tyranitar
|-damage|p1a: Tyranitar|91/100
|-boost|p2a: Liberator|spe|1
|move|p1a: Tyranitar|Knock Off|p2a: Liberator
|-damage|p2a: Liberator|29/100
|-enditem|p2a: Liberator|Focus Sash|[from] move: Knock Off|[of] p1a: Tyranitar
|
|-weather|Sandstorm|[upkeep]
|-damage|p2a: Liberator|23/100|[from] Sandstorm
|upkeep
|turn|10
|
|t:|1760885975
|move|p2a: Liberator|Endeavor|p1a: Tyranitar
|-damage|p1a: Tyranitar|16/100
|move|p1a: Tyranitar|Roar|p2a: Liberator
|drag|p2a: Doomsday|Salamence, F|100/100
|
|-weather|Sandstorm|[upkeep]
|-damage|p2a: Doomsday|94/100|[from] Sandstorm
|upkeep
|turn|11
|
|t:|1760885991
|move|p2a: Doomsday|Earthquake|p1a: Tyranitar
|-supereffective|p1a: Tyranitar
|-damage|p1a: Tyranitar|0 fnt
|faint|p1a: Tyranitar
|-ability|p2a: Doomsday|Moxie|boost
|-boost|p2a: Doomsday|atk|1
|
|-weather|Sandstorm|[upkeep]
|-damage|p2a: Doomsday|88/100|[from] Sandstorm
|upkeep
|
|t:|1760886000
|switch|p1a: Skarmory|Skarmory, M|100/100
|turn|12
|
|t:|1760886003
|move|p2a: Doomsday|Temper Flare|p1a: Skarmory
|-supereffective|p1a: Skarmory
|-damage|p1a: Skarmory|47/100
|move|p1a: Skarmory|Iron Defense|p1a: Skarmory
|-boost|p1a: Skarmory|def|2
|
|-weather|none
|upkeep
|turn|13
|
|t:|1760886011
|move|p2a: Doomsday|Dragon Dance|p2a: Doomsday
|-boost|p2a: Doomsday|atk|1
|-boost|p2a: Doomsday|spe|1
|move|p1a: Skarmory|Roost|p1a: Skarmory
|-heal|p1a: Skarmory|97/100
|-singleturn|p1a: Skarmory|move: Roost
|
|upkeep
|turn|14
|
|t:|1760886018
|move|p2a: Doomsday|Temper Flare|p1a: Skarmory
|-supereffective|p1a: Skarmory
|-damage|p1a: Skarmory|65/100
|move|p1a: Skarmory|Iron Defense|p1a: Skarmory
|-boost|p1a: Skarmory|def|2
|
|upkeep
|turn|15
|
|t:|1760886024
|switch|p2a: Gustav|Dragonite, M|100/100
|move|p1a: Skarmory|Roost|p1a: Skarmory
|-heal|p1a: Skarmory|100/100
|-singleturn|p1a: Skarmory|move: Roost
|
|upkeep
|turn|16
|
|t:|1760886029
|move|p1a: Skarmory|Body Press|p2a: Gustav
|-resisted|p2a: Gustav
|-damage|p2a: Gustav|76/100
|move|p2a: Gustav|Flamethrower|p1a: Skarmory
|-supereffective|p1a: Skarmory
|-damage|p1a: Skarmory|32/100
|
|upkeep
|turn|17
|
|t:|1760886037
|switch|p1a: Clefable|Clefable, M|100/100
|move|p2a: Gustav|Flamethrower|p1a: Clefable
|-damage|p1a: Clefable|77/100
|
|upkeep
|turn|18
|
|t:|1760886041
|move|p2a: Gustav|Hurricane|p1a: Clefable
|-damage|p1a: Clefable|29/100
|move|p1a: Clefable|Moonblast|p2a: Gustav
|-supereffective|p2a: Gustav
|-damage|p2a: Gustav|4/100
|-unboost|p2a: Gustav|spa|1
|
|upkeep
|turn|19
|
|t:|1760886048
|move|p2a: Gustav|Extreme Speed|p1a: Clefable
|-damage|p1a: Clefable|7/100
|move|p1a: Clefable|Wish|p1a: Clefable
|
|upkeep
|turn|20
|
|t:|1760886060
|switch|p2a: Liberator|Cyclizar, F|56/100
|move|p1a: Clefable|Protect||[still]
|-fail|p1a: Clefable
|
|-heal|p1a: Clefable|57/100|[from] move: Wish|[wisher] Clefable
|upkeep
|turn|21
|
|t:|1760886065
|move|p2a: Liberator|Knock Off|p1a: Clefable
|-resisted|p1a: Clefable
|-damage|p1a: Clefable|47/100
|move|p1a: Clefable|Wish|p1a: Clefable
|
|-damage|p2a: Liberator|43/100|[from] item: Sticky Barb
|upkeep
|turn|22
|
|t:|1760886071
|move|p2a: Liberator|U-turn|p1a: Clefable
|-resisted|p1a: Clefable
|-damage|p1a: Clefable|38/100
|
|t:|1760886087
|switch|p2a: Lockhead|Garchomp, F|100/100|[from] U-turn
|move|p1a: Clefable|Moonblast|p2a: Lockhead
|-supereffective|p2a: Lockhead
|-damage|p2a: Lockhead|34/100
|-unboost|p2a: Lockhead|spa|1
|
|-heal|p1a: Clefable|88/100|[from] move: Wish|[wisher] Clefable
|upkeep
|turn|23
|
|t:|1760886096
|move|p2a: Lockhead|Poison Jab|p1a: Clefable
|-supereffective|p1a: Clefable
|-damage|p1a: Clefable|41/100
|-status|p1a: Clefable|psn
|move|p1a: Clefable|Wish|p1a: Clefable
|
|upkeep
|turn|24
|
|t:|1760886104
|switch|p2a: Liberator|Cyclizar, F|76/100
|move|p1a: Clefable|Protect||[still]
|-fail|p1a: Clefable
|
|-heal|p1a: Clefable|91/100 psn|[from] move: Wish|[wisher] Clefable
|-damage|p2a: Liberator|64/100|[from] item: Sticky Barb
|upkeep
|turn|25
|
|t:|1760886107
|move|p2a: Liberator|U-turn|p1a: Clefable
|-resisted|p1a: Clefable
|-damage|p1a: Clefable|83/100 psn
|
|t:|1760886117
|switch|p2a: Lockhead|Garchomp, F|34/100|[from] U-turn
|move|p1a: Clefable|Moonblast|p2a: Lockhead
|-supereffective|p2a: Lockhead
|-damage|p2a: Lockhead|0 fnt
|faint|p2a: Lockhead
|
|upkeep
|
|t:|1760886133
|switch|p2a: Liberator|Cyclizar, F|97/100
|turn|26
|
|t:|1760886141
|move|p2a: Liberator|U-turn|p1a: Clefable
|-resisted|p1a: Clefable
|-damage|p1a: Clefable|75/100 psn
|
|t:|1760886147
|switch|p2a: Gustav|Dragonite, M|4/100|[from] U-turn
|move|p1a: Clefable|Wish|p1a: Clefable
|
|upkeep
|turn|27
|
|t:|1760886149
|move|p2a: Gustav|Hurricane|p1a: Clefable|[miss]
|-miss|p2a: Gustav|p1a: Clefable
|move|p1a: Clefable|Moonblast|p2a: Gustav
|-supereffective|p2a: Gustav
|-damage|p2a: Gustav|0 fnt
|faint|p2a: Gustav
|
|-heal|p1a: Clefable|100/100 psn|[from] move: Wish|[wisher] Clefable
|upkeep
|
|t:|1760886154
|switch|p2a: Liberator|Cyclizar, F|100/100
|turn|28
|
|t:|1760886160
|move|p2a: Liberator|Rapid Spin|p1a: Clefable
|-damage|p1a: Clefable|81/100 psn
|-boost|p2a: Liberator|spe|1
|move|p1a: Clefable|Moonblast|p2a: Liberator
|-supereffective|p2a: Liberator
|-damage|p2a: Liberator|0 fnt
|faint|p2a: Liberator
|
|upkeep
|c|☆MonsterZogg|oh shit
|c|☆MonsterZogg|my sash procd already
|
|t:|1760886176
|switch|p2a: Doomsday|Salamence, F|88/100
|turn|29
|
|t:|1760886182
|-terastallize|p2a: Doomsday|Fire
|move|p2a: Doomsday|Dragon Dance|p2a: Doomsday
|-boost|p2a: Doomsday|atk|1
|-boost|p2a: Doomsday|spe|1
|move|p1a: Clefable|Wish|p1a: Clefable
|
|upkeep
|turn|30
|
|t:|1760886188
|switch|p1a: Clodsire|Clodsire, M|100/100
|move|p2a: Doomsday|Dragon Dance|p2a: Doomsday
|-boost|p2a: Doomsday|atk|1
|-boost|p2a: Doomsday|spe|1
|
|upkeep
|turn|31
|
|t:|1760886194
|-terastallize|p1a: Clodsire|Dark
|move|p2a: Doomsday|Earthquake|p1a: Clodsire
|-damage|p1a: Clodsire|65/100
|move|p1a: Clodsire|Toxic|p2a: Doomsday
|-status|p2a: Doomsday|tox
|-enditem|p2a: Doomsday|Lum Berry|[eat]
|-curestatus|p2a: Doomsday|tox|[msg]
|
|upkeep
|turn|32
|
|t:|1760886203
|move|p2a: Doomsday|Outrage|p1a: Clodsire
|-damage|p1a: Clodsire|5/100
|move|p1a: Clodsire|Recover|p1a: Clodsire
|-heal|p1a: Clodsire|55/100
|
|upkeep
|turn|33
|
|t:|1760886207
|switch|p1a: Clefable|Clefable, M|81/100 psn
|move|p2a: Doomsday|Outrage|p1a: Clefable|[from] lockedmove
|-immune|p1a: Clefable
|
|upkeep
|turn|34
|
|t:|1760886214
|move|p2a: Doomsday|Temper Flare|p1a: Clefable
|-damage|p1a: Clefable|0 fnt
|faint|p1a: Clefable
|-ability|p2a: Doomsday|Moxie|boost
|-boost|p2a: Doomsday|atk|1
|
|upkeep
|
|t:|1760886218
|switch|p1a: Clodsire|Clodsire, M, tera:Dark|55/100
|turn|35
|
|t:|1760886224
|move|p2a: Doomsday|Outrage|p1a: Clodsire
|-damage|p1a: Clodsire|0 fnt
|faint|p1a: Clodsire
|-ability|p2a: Doomsday|Moxie|boost
|-boost|p2a: Doomsday|atk|1
|
|upkeep
|
|t:|1760886229
|switch|p1a: Alomomola|Alomomola, M, shiny|37/100
|turn|36
|
|t:|1760886231
|move|p2a: Doomsday|Outrage|p1a: Alomomola|[from] lockedmove
|-damage|p1a: Alomomola|0 fnt
|faint|p1a: Alomomola
|-ability|p2a: Doomsday|Moxie|boost
|-boost|p2a: Doomsday|atk|1
|-start|p2a: Doomsday|confusion|[fatigue]
|
|upkeep
|
|t:|1760886234
|switch|p1a: Skarmory|Skarmory, M|32/100
|turn|37
|
|t:|1760886238
|-activate|p2a: Doomsday|confusion
|move|p2a: Doomsday|Temper Flare|p1a: Skarmory
|-supereffective|p1a: Skarmory
|-damage|p1a: Skarmory|0 fnt
|faint|p1a: Skarmory
|
|win|MonsterZogg
|raw|Cillian1453's rating: 1254 &rarr; <strong>1229</strong><br />(-25 for losing)
|raw|MonsterZogg's rating: 1253 &rarr; <strong>1278</strong><br />(+25 for winning)
