|j|☆strangerdanger55
|j|☆hewtwohidden
|t:|1760754669
|gametype|singles
|player|p1|strangerdanger55|unknown|1169
|player|p2|hewtwohidden|266|1218
|gen|9
|tier|[Gen 9] OU
|rated|
|rule|HP Percentage Mod: HP is shown in percentages
|rule|Endless Battle Clause: Forcing endless battles is banned
|rule|Species Clause: Limit one of each Pokémon
|rule|OHKO Clause: OHKO moves are banned
|rule|Evasion Items Clause: Evasion items are banned
|rule|Evasion Moves Clause: Evasion moves are banned
|rule|Evasion Abilities Clause: Evasion abilities are banned
|rule|Sleep Moves Clause: Sleep-inducing moves are banned
|clearpoke
|poke|p1|Torkoal, M|
|poke|p1|Typhlosion-Hisui, F|
|poke|p1|Venusaur, M|
|poke|p1|Great Tusk|
|poke|p1|Hatterene, F|
|poke|p1|Bellossom, F|
|poke|p2|Dragapult, M|
|poke|p2|Dragonite, M|
|poke|p2|Kyurem|
|poke|p2|Raging Bolt|
|poke|p2|Garchomp, M|
|poke|p2|Latias, F|
|teampreview
|inactive|Battle timer is ON: inactive players will automatically lose when time's up. (requested by strangerdanger55)
|
|t:|1760754690
|teamsize|p1|6
|teamsize|p2|6
|start
|switch|p1a: Torkoal|Torkoal, M|100/100
|switch|p2a: Raging Bolt|Raging Bolt|100/100
|-weather|SunnyDay|[from] ability: Drought|[of] p1a: Torkoal
|-activate|p2a: Raging Bolt|ability: Protosynthesis
|-start|p2a: Raging Bolt|protosynthesisspa
|turn|1
|j| CsYager3
|
|t:|1760754701
|move|p2a: Raging Bolt|Thunderbolt|p1a: Torkoal
|-damage|p1a: Torkoal|25/100
|move|p1a: Torkoal|Stealth Rock|p2a: Raging Bolt
|-sidestart|p2: hewtwohidden|move: Stealth Rock
|
|-weather|SunnyDay|[upkeep]
|upkeep
|turn|2
|
|t:|1760754708
|switch|p1a: Great Tusk|Great Tusk|100/100
|-activate|p1a: Great Tusk|ability: Protosynthesis
|-start|p1a: Great Tusk|protosynthesisatk
|move|p2a: Raging Bolt|Dragon Pulse|p1a: Great Tusk
|-damage|p1a: Great Tusk|45/100
|
|-weather|SunnyDay|[upkeep]
|upkeep
|turn|3
|
|t:|1760754717
|-terastallize|p2a: Raging Bolt|Fairy
|move|p1a: Great Tusk|Ice Spinner|p2a: Raging Bolt
|-damage|p2a: Raging Bolt|70/100
|move|p2a: Raging Bolt|Dragon Pulse|p1a: Great Tusk
|-damage|p1a: Great Tusk|0 fnt
|faint|p1a: Great Tusk
|-end|p1a: Great Tusk|Protosynthesis|[silent]
|
|-weather|SunnyDay|[upkeep]
|upkeep
|
|t:|1760754726
|switch|p1a: Venusaur|Venusaur, M|100/100
|turn|4
|
|t:|1760754734
|-end|p2a: Raging Bolt|Protosynthesis|[silent]
|switch|p2a: Garchomp|Garchomp, M|100/100
|-damage|p2a: Garchomp|94/100|[from] Stealth Rock
|move|p1a: Venusaur|Sludge Bomb|p2a: Garchomp
|-resisted|p2a: Garchomp
|-damage|p2a: Garchomp|80/100
|
|-weather|SunnyDay|[upkeep]
|upkeep
|turn|5
|
|t:|1760754743
|move|p1a: Venusaur|Solar Beam||[still]
|-prepare|p1a: Venusaur|Solar Beam
|-anim|p1a: Venusaur|Solar Beam|p2a: Garchomp
|-damage|p2a: Garchomp|41/100
|move|p2a: Garchomp|Earthquake|p1a: Venusaur
|-damage|p1a: Venusaur|63/100
|
|-weather|SunnyDay|[upkeep]
|upkeep
|turn|6
|
|t:|1760754752
|move|p1a: Venusaur|Growth|p1a: Venusaur
|-boost|p1a: Venusaur|atk|2
|-boost|p1a: Venusaur|spa|2
|move|p2a: Garchomp|Stealth Rock|p1a: Venusaur
|-sidestart|p1: strangerdanger55|move: Stealth Rock
|
|-weather|SunnyDay|[upkeep]
|upkeep
|turn|7
|
|t:|1760754759
|move|p1a: Venusaur|Solar Beam||[still]
|-prepare|p1a: Venusaur|Solar Beam
|-anim|p1a: Venusaur|Solar Beam|p2a: Garchomp
|-damage|p2a: Garchomp|0 fnt
|faint|p2a: Garchomp
|
|-weather|SunnyDay|[upkeep]
|upkeep
|
|t:|1760754769
|switch|p2a: Dragonite|Dragonite, M|100/100
|turn|8
|
|t:|1760754775
|move|p1a: Venusaur|Sludge Bomb|p2a: Dragonite
|-damage|p2a: Dragonite|67/100
|move|p2a: Dragonite|Ice Spinner|p1a: Venusaur
|-supereffective|p1a: Venusaur
|-damage|p1a: Venusaur|7/100
|-enditem|p1a: Venusaur|Weakness Policy
|-boost|p1a: Venusaur|atk|2|[from] item: Weakness Policy
|-boost|p1a: Venusaur|spa|2|[from] item: Weakness Policy
|
|-weather|none
|upkeep
|turn|9
|
|t:|1760754788
|move|p2a: Dragonite|Extreme Speed|p1a: Venusaur
|-damage|p1a: Venusaur|0 fnt
|faint|p1a: Venusaur
|
|upkeep
|
|t:|1760754793
|switch|p1a: Torkoal|Torkoal, M|25/100
|-damage|p1a: Torkoal|0 fnt|[from] Stealth Rock
|faint|p1a: Torkoal
|
|t:|1760754797
|switch|p1a: Bellossom|Bellossom, F|100/100
|-damage|p1a: Bellossom|88/100|[from] Stealth Rock
|turn|10
|
|t:|1760754808
|-terastallize|p1a: Bellossom|Rock
|move|p2a: Dragonite|Ice Spinner|p1a: Bellossom
|-damage|p1a: Bellossom|53/100
|move|p1a: Bellossom|Quiver Dance|p1a: Bellossom
|-boost|p1a: Bellossom|spa|1
|-boost|p1a: Bellossom|spd|1
|-boost|p1a: Bellossom|spe|1
|
|-heal|p1a: Bellossom|59/100|[from] item: Leftovers
|upkeep
|turn|11
|
|t:|1760754819
|move|p1a: Bellossom|Sunny Day|p1a: Bellossom
|-weather|SunnyDay
|move|p2a: Dragonite|Earthquake|p1a: Bellossom
|-supereffective|p1a: Bellossom
|-damage|p1a: Bellossom|0 fnt
|faint|p1a: Bellossom
|
|-weather|SunnyDay|[upkeep]
|upkeep
|
|t:|1760754824
|switch|p1a: Typhlosion|Typhlosion-Hisui, F|100/100
|-damage|p1a: Typhlosion|76/100|[from] Stealth Rock
|turn|12
|
|t:|1760754831
|move|p1a: Typhlosion|Eruption|p2a: Dragonite
|-resisted|p2a: Dragonite
|-damage|p2a: Dragonite|26/100
|move|p2a: Dragonite|Earthquake|p1a: Typhlosion
|-supereffective|p1a: Typhlosion
|-damage|p1a: Typhlosion|0 fnt
|faint|p1a: Typhlosion
|
|-weather|SunnyDay|[upkeep]
|upkeep
|
|t:|1760754835
|switch|p1a: Hatterene|Hatterene, F|100/100
|-damage|p1a: Hatterene|88/100|[from] Stealth Rock
|turn|13
|-message|strangerdanger55 forfeited.
|
|win|hewtwohidden
|raw|strangerdanger55's rating: 1169 &rarr; <strong>1148</strong><br />(-21 for losing)
|raw|hewtwohidden's rating: 1218 &rarr; <strong>1239</strong><br />(+21 for winning)
|l|☆strangerdanger55
|player|p1|
|l|☆hewtwohidden
|player|p2|
|l| CsYager3
