|j|☆wbxdkd
|j|☆sly_sunflower
|t:|1760779962
|gametype|singles
|player|p1|wbxdkd|roxie|1097
|player|p2|sly_sunflower|cilan|1135
|gen|9
|tier|[Gen 9] OU
|rated|
|rule|HP Percentage Mod: HP is shown in percentages
|rule|Endless Battle Clause: Forcing endless battles is banned
|rule|Species Clause: Limit one of each Pokémon
|rule|OHKO Clause: OHKO moves are banned
|rule|Evasion Items Clause: Evasion items are banned
|rule|Evasion Moves Clause: Evasion moves are banned
|rule|Evasion Abilities Clause: Evasion abilities are banned
|rule|Sleep Moves Clause: Sleep-inducing moves are banned
|clearpoke
|poke|p1|Dragapult, M|
|poke|p1|Excadrill, M|
|poke|p1|Tyranitar, F|
|poke|p1|Glimmora, M|
|poke|p1|Kingambit, M|
|poke|p1|Tornadus-Therian, M|
|poke|p2|Vikavolt, F|
|poke|p2|Illumise, F|
|poke|p2|Coalossal, F|
|poke|p2|Dipplin, F|
|poke|p2|Wugtrio, F|
|poke|p2|Froslass, F|
|teampreview
|inactive|Battle timer is ON: inactive players will automatically lose when time's up. (requested by sly_sunflower)
|
|t:|1760779973
|teamsize|p1|6
|teamsize|p2|6
|start
|switch|p1a: Tornadus|Tornadus-Therian, M|100/100
|switch|p2a: Wugtrio|Wugtrio, F|100/100
|turn|1
|
|t:|1760779983
|move|p2a: Wugtrio|Triple Dive|p1a: Tornadus
|-damage|p1a: Tornadus|82/100
|-damage|p1a: Tornadus|65/100
|-damage|p1a: Tornadus|46/100
|-hitcount|p1a: Tornadus|3
|move|p1a: Tornadus|U-turn|p2a: Wugtrio
|-damage|p2a: Wugtrio|57/100
|-ability|p2a: Wugtrio|Gooey
|-unboost|p1a: Tornadus|spe|1
|
|t:|1760779996
|switch|p1a: Dragapult|Dragapult, M|100/100|[from] U-turn
|
|upkeep
|turn|2
|
|t:|1760780000
|move|p2a: Wugtrio|Sucker Punch|p1a: Dragapult
|-supereffective|p1a: Dragapult
|-damage|p1a: Dragapult|46/100
|move|p1a: Dragapult|Dragon Darts|p2a: Wugtrio
|-damage|p2a: Wugtrio|0 fnt
|faint|p2a: Wugtrio
|
|upkeep
|
|t:|1760780016
|switch|p2a: Coalossal|Coalossal, F|100/100
|turn|3
|
|t:|1760780022
|switch|p1a: Tyranitar|Tyranitar, F|100/100
|-weather|Sandstorm|[from] ability: Sand Stream|[of] p1a: Tyranitar
|move|p2a: Coalossal|Meteor Beam||[still]
|-prepare|p2a: Coalossal|Meteor Beam
|-boost|p2a: Coalossal|spa|1
|-enditem|p2a: Coalossal|Power Herb
|-anim|p2a: Coalossal|Meteor Beam|p1a: Tyranitar
|-damage|p1a: Tyranitar|48/100
|
|-weather|Sandstorm|[upkeep]
|upkeep
|turn|4
|
|t:|1760780044
|move|p1a: Tyranitar|Earth Power|p2a: Coalossal
|-supereffective|p2a: Coalossal
|-damage|p2a: Coalossal|38/100
|move|p2a: Coalossal|Scald|p1a: Tyranitar
|-supereffective|p1a: Tyranitar
|-damage|p1a: Tyranitar|0 fnt
|faint|p1a: Tyranitar
|
|-weather|Sandstorm|[upkeep]
|upkeep
|
|t:|1760780060
|switch|p1a: Excadrill|Excadrill, M|100/100
|turn|5
|
|t:|1760780067
|-terastallize|p2a: Coalossal|Water
|move|p1a: Excadrill|Earthquake|p2a: Coalossal
|-damage|p2a: Coalossal|0 fnt
|faint|p2a: Coalossal
|
|-weather|Sandstorm|[upkeep]
|upkeep
|
|t:|1760780072
|switch|p2a: Illumise|Illumise, F|100/100
|turn|6
|
|t:|1760780085
|-terastallize|p1a: Excadrill|Fire
|move|p2a: Illumise|Trick|p1a: Excadrill
|-activate|p2a: Illumise|move: Trick|[of] p1a: Excadrill
|-item|p1a: Excadrill|Ring Target|[from] move: Trick
|-item|p2a: Illumise|Custap Berry|[from] move: Trick
|move|p1a: Excadrill|Tera Blast|p2a: Illumise|[anim] Tera Blast Fire
|-supereffective|p2a: Illumise
|-damage|p2a: Illumise|0 fnt
|faint|p2a: Illumise
|
|-weather|Sandstorm|[upkeep]
|upkeep
|
|t:|1760780109
|switch|p2a: Dipplin|Dipplin, F|100/100
|turn|7
|
|t:|1760780121
|move|p1a: Excadrill|Tera Blast|p2a: Dipplin|[anim] Tera Blast Fire
|-damage|p2a: Dipplin|81/100
|move|p2a: Dipplin|Dragon Pulse|p1a: Excadrill
|-damage|p1a: Excadrill|65/100
|
|-weather|Sandstorm|[upkeep]
|-damage|p2a: Dipplin|75/100|[from] Sandstorm
|upkeep
|turn|8
|
|t:|1760780128
|move|p1a: Excadrill|Iron Head|p2a: Dipplin
|-damage|p2a: Dipplin|56/100
|move|p2a: Dipplin|Dragon Pulse|p1a: Excadrill
|-damage|p1a: Excadrill|30/100
|
|-weather|Sandstorm|[upkeep]
|-damage|p2a: Dipplin|50/100|[from] Sandstorm
|upkeep
|turn|9
|
|t:|1760780135
|move|p1a: Excadrill|Iron Head|p2a: Dipplin
|-damage|p2a: Dipplin|29/100
|move|p2a: Dipplin|Recover|p2a: Dipplin
|-heal|p2a: Dipplin|79/100
|
|-weather|Sandstorm|[upkeep]
|-damage|p2a: Dipplin|72/100|[from] Sandstorm
|upkeep
|turn|10
|
|t:|1760780140
|switch|p1a: Dragapult|Dragapult, M|46/100
|move|p2a: Dipplin|Dragon Pulse|p1a: Dragapult
|-supereffective|p1a: Dragapult
|-damage|p1a: Dragapult|0 fnt
|faint|p1a: Dragapult
|
|-weather|none
|upkeep
|
|t:|1760780145
|switch|p1a: Tornadus|Tornadus-Therian, M|79/100
|turn|11
|
|t:|1760780151
|move|p1a: Tornadus|Bleakwind Storm|p2a: Dipplin
|-supereffective|p2a: Dipplin
|-damage|p2a: Dipplin|0 fnt
|faint|p2a: Dipplin
|
|upkeep
|
|t:|1760780155
|switch|p2a: Vikavolt|Vikavolt, F|100/100
|turn|12
|
|t:|1760780165
|move|p1a: Tornadus|Bleakwind Storm|p2a: Vikavolt
|-damage|p2a: Vikavolt|20/100
|move|p2a: Vikavolt|Thunderbolt|p1a: Tornadus
|-supereffective|p1a: Tornadus
|-damage|p1a: Tornadus|0 fnt
|faint|p1a: Tornadus
|
|upkeep
|
|t:|1760780170
|switch|p1a: Excadrill|Excadrill, M, tera:Fire|30/100
|turn|13
|
|t:|1760780181
|move|p1a: Excadrill|Tera Blast|p2a: Vikavolt|[anim] Tera Blast Fire
|-supereffective|p2a: Vikavolt
|-damage|p2a: Vikavolt|0 fnt
|faint|p2a: Vikavolt
|
|upkeep
|
|t:|1760780184
|switch|p2a: Froslass|Froslass, F|100/100
|turn|14
|
|t:|1760780208
|move|p2a: Froslass|Poltergeist|p1a: Excadrill|[miss]
|-miss|p2a: Froslass|p1a: Excadrill
|move|p1a: Excadrill|Tera Blast|p2a: Froslass|[anim] Tera Blast Fire
|-supereffective|p2a: Froslass
|-damage|p2a: Froslass|0 fnt
|-start|p1a: Excadrill|Disable|Tera Blast|[from] ability: Cursed Body|[of] p2a: Froslass
|faint|p2a: Froslass
|
|win|wbxdkd
|raw|wbxdkd's rating: 1097 &rarr; <strong>1125</strong><br />(+28 for winning)
|raw|sly_sunflower's rating: 1135 &rarr; <strong>1107</strong><br />(-28 for losing)
|l|☆sly_sunflower
|player|p2|
|l|☆wbxdkd
|player|p1|
