|j|☆yu3uio
|j|☆tongolele
|t:|1760858867
|gametype|singles
|player|p1|yu3uio|brock|1334
|player|p2|tongolele|265|1261
|gen|9
|tier|[Gen 9] OU
|rated|
|rule|HP Percentage Mod: HP is shown in percentages
|rule|Endless Battle Clause: Forcing endless battles is banned
|rule|Species Clause: Limit one of each Pokémon
|rule|OHKO Clause: OHKO moves are banned
|rule|Evasion Items Clause: Evasion items are banned
|rule|Evasion Moves Clause: Evasion moves are banned
|rule|Evasion Abilities Clause: Evasion abilities are banned
|rule|Sleep Moves Clause: Sleep-inducing moves are banned
|clearpoke
|poke|p1|Dragonite, M|
|poke|p1|Klefki, M|
|poke|p1|Kyurem|
|poke|p1|Slowking-Galar, M|
|poke|p1|Blaziken, F|
|poke|p1|Iron Valiant|
|poke|p2|Gliscor, F|
|poke|p2|Goodra, M|
|poke|p2|Gholdengo|
|poke|p2|Glimmora, M|
|poke|p2|Blaziken, M|
|poke|p2|Gastrodon, F|
|teampreview
|inactive|Battle timer is ON: inactive players will automatically lose when time's up. (requested by tongolele)
|
|t:|1760858874
|teamsize|p1|6
|teamsize|p2|6
|start
|switch|p1a: Blaziken|Blaziken, F|100/100
|switch|p2a: Glimmora|Glimmora, M|100/100
|turn|1
|
|t:|1760858885
|move|p1a: Blaziken|Close Combat|p2a: Glimmora
|-damage|p2a: Glimmora|30/100
|-unboost|p1a: Blaziken|def|1
|-unboost|p1a: Blaziken|spd|1
|-damage|p1a: Blaziken|84/100|[from] item: Rocky Helmet|[of] p2a: Glimmora
|-activate|p2a: Glimmora|ability: Toxic Debris
|-sidestart|p1: yu3uio|move: Toxic Spikes
|-damage|p1a: Blaziken|74/100|[from] item: Life Orb
|move|p2a: Glimmora|Stealth Rock|p1a: Blaziken
|-sidestart|p1: yu3uio|move: Stealth Rock
|
|-ability|p1a: Blaziken|Speed Boost|boost
|-boost|p1a: Blaziken|spe|1
|upkeep
|turn|2
|
|t:|1760858898
|move|p2a: Glimmora|Spiky Shield|p2a: Glimmora
|-singleturn|p2a: Glimmora|move: Protect
|move|p1a: Blaziken|Knock Off|p2a: Glimmora
|-activate|p2a: Glimmora|move: Protect
|-damage|p1a: Blaziken|62/100|[from] Spiky Shield|[of] p2a: Glimmora
|
|-ability|p1a: Blaziken|Speed Boost|boost
|-boost|p1a: Blaziken|spe|1
|upkeep
|turn|3
|
|t:|1760858907
|move|p1a: Blaziken|Knock Off|p2a: Glimmora
|-damage|p2a: Glimmora|0 fnt
|-damage|p1a: Blaziken|45/100|[from] item: Rocky Helmet|[of] p2a: Glimmora
|-activate|p2a: Glimmora|ability: Toxic Debris
|-sidestart|p1: yu3uio|move: Toxic Spikes
|-enditem|p2a: Glimmora|Rocky Helmet|[from] move: Knock Off|[of] p1a: Blaziken
|faint|p2a: Glimmora
|-damage|p1a: Blaziken|35/100|[from] item: Life Orb
|
|-ability|p1a: Blaziken|Speed Boost|boost
|-boost|p1a: Blaziken|spe|1
|upkeep
|
|t:|1760858918
|switch|p2a: Gliscor|Gliscor, F|100/100
|turn|4
|
|t:|1760858922
|move|p2a: Gliscor|Protect|p2a: Gliscor
|-singleturn|p2a: Gliscor|Protect
|move|p1a: Blaziken|Knock Off|p2a: Gliscor
|-activate|p2a: Gliscor|move: Protect
|
|-ability|p1a: Blaziken|Speed Boost|boost
|-boost|p1a: Blaziken|spe|1
|-status|p2a: Gliscor|tox|[from] item: Toxic Orb
|upkeep
|turn|5
|
|t:|1760858932
|-terastallize|p1a: Blaziken|Fire
|move|p1a: Blaziken|Flare Blitz|p2a: Gliscor
|-damage|p2a: Gliscor|24/100 tox
|-damage|p1a: Blaziken|5/100|[from] Recoil
|-damage|p1a: Blaziken|0 fnt|[from] item: Life Orb
|faint|p1a: Blaziken
|move|p2a: Gliscor|Swords Dance|p2a: Gliscor
|-boost|p2a: Gliscor|atk|2
|
|-heal|p2a: Gliscor|37/100 tox|[from] ability: Poison Heal
|upkeep
|
|t:|1760858937
|switch|p1a: Dragonite|Dragonite, M|100/100
|turn|6
|
|t:|1760858949
|move|p1a: Dragonite|Dragon Dance|p1a: Dragonite
|-boost|p1a: Dragonite|atk|1
|-boost|p1a: Dragonite|spe|1
|move|p2a: Gliscor|Facade|p1a: Dragonite
|-damage|p1a: Dragonite|68/100
|
|-heal|p2a: Gliscor|49/100 tox|[from] ability: Poison Heal
|upkeep
|turn|7
|
|t:|1760858958
|move|p2a: Gliscor|Protect|p2a: Gliscor
|-singleturn|p2a: Gliscor|Protect
|move|p1a: Dragonite|Dragon Dance|p1a: Dragonite
|-boost|p1a: Dragonite|atk|1
|-boost|p1a: Dragonite|spe|1
|
|-heal|p2a: Gliscor|62/100 tox|[from] ability: Poison Heal
|upkeep
|turn|8
|
|t:|1760858968
|move|p1a: Dragonite|Fire Punch|p2a: Gliscor
|-damage|p2a: Gliscor|26/100 tox
|move|p2a: Gliscor|Facade|p1a: Dragonite
|-damage|p1a: Dragonite|0 fnt
|faint|p1a: Dragonite
|
|-heal|p2a: Gliscor|38/100 tox|[from] ability: Poison Heal
|upkeep
|
|t:|1760858972
|switch|p1a: Slowking|Slowking-Galar, M, shiny|100/100
|-sideend|p1: yu3uio|move: Toxic Spikes|[of] p1a: Slowking
|turn|9
|
|t:|1760858981
|move|p2a: Gliscor|Protect|p2a: Gliscor
|-singleturn|p2a: Gliscor|Protect
|move|p1a: Slowking|Future Sight|p2a: Gliscor
|-start|p1a: Slowking|move: Future Sight
|
|-heal|p2a: Gliscor|50/100 tox|[from] ability: Poison Heal
|upkeep
|turn|10
|
|t:|1760858988
|move|p2a: Gliscor|Earthquake|p1a: Slowking
|-supereffective|p1a: Slowking
|-damage|p1a: Slowking|2/100
|-prepare|p1a: Slowking|Chilly Reception|[premajor]
|move|p1a: Slowking|Chilly Reception|p1a: Slowking
|-weather|Snowscape
|
|t:|1760858995
|switch|p1a: Klefki|Klefki, M|100/100|[from] Chilly Reception
|-damage|p1a: Klefki|95/100|[from] Stealth Rock
|
|-weather|Snowscape|[upkeep]
|-heal|p2a: Gliscor|63/100 tox|[from] ability: Poison Heal
|upkeep
|turn|11
|
|t:|1760859003
|move|p1a: Klefki|Reflect|p1a: Klefki
|-sidestart|p1: yu3uio|Reflect
|move|p2a: Gliscor|Earthquake|p1a: Klefki
|-supereffective|p1a: Klefki
|-damage|p1a: Klefki|45/100
|
|-weather|Snowscape|[upkeep]
|-end|p2a: Gliscor|move: Future Sight
|-damage|p2a: Gliscor|9/100 tox
|-heal|p2a: Gliscor|21/100 tox|[from] ability: Poison Heal
|upkeep
|turn|12
|
|t:|1760859013
|move|p2a: Gliscor|Protect|p2a: Gliscor
|-singleturn|p2a: Gliscor|Protect
|move|p1a: Klefki|Light Screen|p1a: Klefki
|-sidestart|p1: yu3uio|move: Light Screen
|
|-weather|Snowscape|[upkeep]
|-heal|p2a: Gliscor|34/100 tox|[from] ability: Poison Heal
|upkeep
|turn|13
|
|t:|1760859020
|move|p2a: Gliscor|Earthquake|p1a: Klefki
|-supereffective|p1a: Klefki
|-damage|p1a: Klefki|0 fnt
|faint|p1a: Klefki
|
|-weather|Snowscape|[upkeep]
|-heal|p2a: Gliscor|46/100 tox|[from] ability: Poison Heal
|upkeep
|
|t:|1760859022
|switch|p1a: Kyurem|Kyurem|100/100
|-damage|p1a: Kyurem|76/100|[from] Stealth Rock
|-ability|p1a: Kyurem|Pressure
|turn|14
|
|t:|1760859033
|move|p2a: Gliscor|Protect|p2a: Gliscor
|-singleturn|p2a: Gliscor|Protect
|move|p1a: Kyurem|Freeze-Dry|p2a: Gliscor
|-activate|p2a: Gliscor|move: Protect
|
|-weather|none
|-heal|p2a: Gliscor|58/100 tox|[from] ability: Poison Heal
|upkeep
|turn|15
|
|t:|1760859043
|switch|p2a: Goodra|Goodra, M|100/100
|move|p1a: Kyurem|Freeze-Dry|p2a: Goodra
|-supereffective|p2a: Goodra
|-damage|p2a: Goodra|62/100
|
|upkeep
|turn|16
|
|t:|1760859054
|move|p1a: Kyurem|Freeze-Dry|p2a: Goodra
|-supereffective|p2a: Goodra
|-damage|p2a: Goodra|28/100
|-status|p2a: Goodra|frz
|-curestatus|p2a: Goodra|frz|[msg]
|move|p2a: Goodra|Dragon Tail|p1a: Kyurem
|-supereffective|p1a: Kyurem
|-damage|p1a: Kyurem|55/100
|drag|p1a: Iron Valiant|Iron Valiant, shiny|100/100
|-damage|p1a: Iron Valiant|94/100|[from] Stealth Rock
|-enditem|p1a: Iron Valiant|Booster Energy
|-activate|p1a: Iron Valiant|ability: Quark Drive|[fromitem]
|-start|p1a: Iron Valiant|quarkdrivespe
|
|upkeep
|turn|17
|
|t:|1760859068
|move|p1a: Iron Valiant|Moonblast|p2a: Goodra
|-supereffective|p2a: Goodra
|-damage|p2a: Goodra|0 fnt
|faint|p2a: Goodra
|
|upkeep
|
|t:|1760859078
|switch|p2a: Blaziken|Blaziken, M|100/100
|turn|18
|
|t:|1760859083
|move|p2a: Blaziken|Protect|p2a: Blaziken
|-singleturn|p2a: Blaziken|Protect
|move|p1a: Iron Valiant|Moonblast|p2a: Blaziken
|-activate|p2a: Blaziken|move: Protect
|
|-sideend|p1: yu3uio|Reflect
|-ability|p2a: Blaziken|Speed Boost|boost
|-boost|p2a: Blaziken|spe|1
|upkeep
|turn|19
|inactive|tongolele has 120 seconds left.
|
|t:|1760859121
|-terastallize|p2a: Blaziken|Fire
|move|p1a: Iron Valiant|Moonblast|p2a: Blaziken
|-resisted|p2a: Blaziken
|-damage|p2a: Blaziken|63/100
|move|p2a: Blaziken|Flare Blitz|p1a: Iron Valiant
|-damage|p1a: Iron Valiant|0 fnt
|faint|p1a: Iron Valiant
|-end|p1a: Iron Valiant|Quark Drive|[silent]
|-damage|p2a: Blaziken|34/100|[from] Recoil
|
|-sideend|p1: yu3uio|move: Light Screen
|-ability|p2a: Blaziken|Speed Boost|boost
|-boost|p2a: Blaziken|spe|1
|upkeep
|
|t:|1760859135
|switch|p1a: Slowking|Slowking-Galar, M, shiny|35/100
|turn|20
|l|☆yu3uio
|inactive|yu3uio disconnected and has a minute to reconnect!
|player|p1|
|inactive|yu3uio has 30 seconds to reconnect!
|inactive|yu3uio has 20 seconds to reconnect!
|inactive|yu3uio has 15 seconds to reconnect!
|inactive|yu3uio has 10 seconds to reconnect!
|inactive|yu3uio has 5 seconds to reconnect!
|-message|yu3uio lost due to inactivity.
|
|win|tongolele
|raw|yu3uio's rating: 1334 &rarr; <strong>1310</strong><br />(-24 for losing)
|raw|tongolele's rating: 1261 &rarr; <strong>1291</strong><br />(+30 for winning)
|l|☆tongolele
|player|p2|
