|j|☆samulijohan
|j|☆germ licker
|t:|1760864246
|gametype|singles
|player|p1|samulijohan|flannery|1209
|player|p2|germ licker|rood|1217
|gen|9
|tier|[Gen 9] OU
|rated|
|rule|HP Percentage Mod: HP is shown in percentages
|rule|Endless Battle Clause: Forcing endless battles is banned
|rule|Species Clause: Limit one of each Pokémon
|rule|OHKO Clause: OHKO moves are banned
|rule|Evasion Items Clause: Evasion items are banned
|rule|Evasion Moves Clause: Evasion moves are banned
|rule|Evasion Abilities Clause: Evasion abilities are banned
|rule|Sleep Moves Clause: Sleep-inducing moves are banned
|clearpoke
|poke|p1|Garchomp, F|
|poke|p1|Darkrai|
|poke|p1|Gholdengo|
|poke|p1|Ogerpon-Wellspring, F|
|poke|p1|Iron Valiant|
|poke|p1|Iron Treads|
|poke|p2|Zapdos|
|poke|p2|Gengar, M|
|poke|p2|Tornadus-Therian, M|
|poke|p2|Politoed, F|
|poke|p2|Azumarill, F|
|poke|p2|Iron Jugulis|
|teampreview
|inactive|Battle timer is ON: inactive players will automatically lose when time's up. (requested by samulijohan)
|
|t:|1760864258
|teamsize|p1|6
|teamsize|p2|6
|start
|switch|p1a: Ogerpon|Ogerpon-Wellspring, F|100/100
|switch|p2a: Politoed|Politoed, F|100/100
|-weather|RainDance|[from] ability: Drizzle|[of] p2a: Politoed
|turn|1
|
|t:|1760864270
|switch|p2a: Zapdos|Zapdos|100/100
|move|p1a: Ogerpon|Swords Dance|p1a: Ogerpon
|-boost|p1a: Ogerpon|atk|2
|
|-weather|RainDance|[upkeep]
|upkeep
|turn|2
|
|t:|1760864282
|move|p1a: Ogerpon|Ivy Cudgel|p2a: Zapdos|[anim] Ivy Cudgel Water
|-damage|p2a: Zapdos|0 fnt
|faint|p2a: Zapdos
|
|-weather|RainDance|[upkeep]
|upkeep
|
|t:|1760864290
|switch|p2a: Gengar|Gengar, M|100/100
|turn|3
|
|t:|1760864294
|move|p2a: Gengar|Destiny Bond|p2a: Gengar
|-singlemove|p2a: Gengar|Destiny Bond
|move|p1a: Ogerpon|Ivy Cudgel|p2a: Gengar|[anim] Ivy Cudgel Water
|-damage|p2a: Gengar|0 fnt
|faint|p2a: Gengar
|-activate|p2a: Gengar|move: Destiny Bond
|faint|p1a: Ogerpon
|
|-weather|RainDance|[upkeep]
|upkeep
|
|t:|1760864305
|switch|p2a: Tornadus|Tornadus-Therian, M|100/100
|switch|p1a: Garchomp|Garchomp, F|100/100
|turn|4
|
|t:|1760864312
|move|p2a: Tornadus|Weather Ball|p1a: Garchomp
|-damage|p1a: Garchomp|48/100
|move|p1a: Garchomp|Stealth Rock|p2a: Tornadus
|-sidestart|p2: germ licker|move: Stealth Rock
|
|-weather|RainDance|[upkeep]
|upkeep
|turn|5
|
|t:|1760864321
|move|p2a: Tornadus|Weather Ball|p1a: Garchomp
|-damage|p1a: Garchomp|3/100
|move|p1a: Garchomp|Spikes|p2a: Tornadus
|-sidestart|p2: germ licker|Spikes
|
|-weather|RainDance|[upkeep]
|upkeep
|turn|6
|
|t:|1760864330
|move|p2a: Tornadus|Bleakwind Storm|p1a: Garchomp
|-damage|p1a: Garchomp|0 fnt
|faint|p1a: Garchomp
|
|-weather|RainDance|[upkeep]
|upkeep
|
|t:|1760864339
|switch|p1a: Iron Valiant|Iron Valiant|100/100
|-enditem|p1a: Iron Valiant|Booster Energy
|-activate|p1a: Iron Valiant|ability: Quark Drive|[fromitem]
|-start|p1a: Iron Valiant|quarkdrivespe
|turn|7
|
|t:|1760864349
|-terastallize|p1a: Iron Valiant|Electric
|move|p1a: Iron Valiant|Thunderbolt|p2a: Tornadus
|-supereffective|p2a: Tornadus
|-damage|p2a: Tornadus|44/100
|move|p2a: Tornadus|Bleakwind Storm|p1a: Iron Valiant
|-resisted|p1a: Iron Valiant
|-damage|p1a: Iron Valiant|55/100
|
|-weather|RainDance|[upkeep]
|upkeep
|turn|8
|
|t:|1760864366
|switch|p2a: Iron Jugulis|Iron Jugulis|100/100
|-damage|p2a: Iron Jugulis|76/100|[from] Stealth Rock
|-enditem|p2a: Iron Jugulis|Booster Energy
|-activate|p2a: Iron Jugulis|ability: Quark Drive|[fromitem]
|-start|p2a: Iron Jugulis|quarkdrivespe
|move|p1a: Iron Valiant|Thunderbolt|p2a: Iron Jugulis
|-supereffective|p2a: Iron Jugulis
|-damage|p2a: Iron Jugulis|0 fnt
|faint|p2a: Iron Jugulis
|-end|p2a: Iron Jugulis|Quark Drive|[silent]
|
|-weather|none
|upkeep
|
|t:|1760864379
|switch|p2a: Azumarill|Azumarill, F|100/100
|-damage|p2a: Azumarill|88/100|[from] Stealth Rock
|-damage|p2a: Azumarill|76/100|[from] Spikes
|turn|9
|
|t:|1760864386
|-terastallize|p2a: Azumarill|Water
|move|p2a: Azumarill|Aqua Jet|p1a: Iron Valiant
|-damage|p1a: Iron Valiant|7/100
|move|p1a: Iron Valiant|Thunderbolt|p2a: Azumarill
|-supereffective|p2a: Azumarill
|-damage|p2a: Azumarill|19/100
|-status|p2a: Azumarill|par
|
|upkeep
|turn|10
|
|t:|1760864398
|cant|p2a: Azumarill|par
|move|p1a: Iron Valiant|Thunderbolt|p2a: Azumarill
|-supereffective|p2a: Azumarill
|-damage|p2a: Azumarill|0 fnt
|faint|p2a: Azumarill
|
|upkeep
|-message|germ licker forfeited.
|
|win|samulijohan
|raw|samulijohan's rating: 1209 &rarr; <strong>1235</strong><br />(+26 for winning)
|raw|germ licker's rating: 1217 &rarr; <strong>1191</strong><br />(-26 for losing)
|l|☆germ licker
|player|p2|
|l|☆samulijohan
|player|p1|
