|badge|p1|bronze|gen9ou|100-7
|uhtml|medal-msg|<div class="broadcast-blue">Curious what those medals under the avatar are? PS now has Ladder Seasons! For more information, check out the <a href="https://www.smogon.com/forums/threads/3740067/">thread on Smogon.</a></div>
|j|☆eros maniac
|j|☆rekka auto
|t:|1760872596
|gametype|singles
|player|p1|eros maniac|hilbert-wonderlauncher|1904
|player|p2|rekka auto|drayden|1609
|gen|9
|tier|[Gen 9] OU
|rated|
|rule|HP Percentage Mod: HP is shown in percentages
|rule|Endless Battle Clause: Forcing endless battles is banned
|rule|Species Clause: Limit one of each Pokémon
|rule|OHKO Clause: OHKO moves are banned
|rule|Evasion Items Clause: Evasion items are banned
|rule|Evasion Moves Clause: Evasion moves are banned
|rule|Evasion Abilities Clause: Evasion abilities are banned
|rule|Sleep Moves Clause: Sleep-inducing moves are banned
|clearpoke
|poke|p1|Frosmoth, F|
|poke|p1|Maushold-Four|
|poke|p1|Krookodile, F|
|poke|p1|Sinistcha|
|poke|p1|Alomomola, M|
|poke|p1|Weezing-Galar, M|
|poke|p2|Rotom-Wash|
|poke|p2|Scizor, M|
|poke|p2|Gholdengo|
|poke|p2|Comfey, F|
|poke|p2|Dragonite, M|
|poke|p2|Hatterene, F|
|teampreview
|inactive|Battle timer is ON: inactive players will automatically lose when time's up. (requested by rekka auto)
|
|t:|1760872608
|teamsize|p1|6
|teamsize|p2|6
|start
|switch|p1a: Maushold|Maushold-Four|100/100
|switch|p2a: Scizor|Scizor, M|100/100
|turn|1
|
|t:|1760872615
|switch|p1a: Alomomola|Alomomola, M, shiny|100/100
|move|p2a: Scizor|Knock Off|p1a: Alomomola
|-damage|p1a: Alomomola|67/100
|-damage|p2a: Scizor|84/100|[from] item: Rocky Helmet|[of] p1a: Alomomola
|-enditem|p1a: Alomomola|Rocky Helmet|[from] move: Knock Off|[of] p2a: Scizor
|
|upkeep
|turn|2
|
|t:|1760872619
|switch|p2a: Rotom|Rotom-Wash|100/100
|move|p1a: Alomomola|Flip Turn|p2a: Rotom
|-resisted|p2a: Rotom
|-damage|p2a: Rotom|95/100
|
|t:|1760872624
|switch|p1a: Maushold|Maushold-Four|100/100|[from] Flip Turn
|
|upkeep
|turn|3
|
|t:|1760872633
|switch|p1a: Alomomola|Alomomola, M, shiny|99/100
|move|p2a: Rotom|Volt Switch|p1a: Alomomola
|-supereffective|p1a: Alomomola
|-damage|p1a: Alomomola|56/100
|
|t:|1760872653
|switch|p2a: Comfey|Comfey, F|100/100|[from] Volt Switch
|
|upkeep
|turn|4
|
|t:|1760872657
|move|p2a: Comfey|Calm Mind|p2a: Comfey
|-boost|p2a: Comfey|spa|1
|-boost|p2a: Comfey|spd|1
|move|p1a: Alomomola|Flip Turn|p2a: Comfey
|-damage|p2a: Comfey|79/100
|
|t:|1760872659
|switch|p1a: Maushold|Maushold-Four|100/100|[from] Flip Turn
|
|upkeep
|turn|5
|
|t:|1760872667
|switch|p2a: Gholdengo|Gholdengo|100/100
|move|p1a: Maushold|Population Bomb|p2a: Gholdengo
|-immune|p2a: Gholdengo
|
|upkeep
|turn|6
|
|t:|1760872673
|switch|p1a: Alomomola|Alomomola, M, shiny|90/100
|move|p2a: Gholdengo|Dazzling Gleam|p1a: Alomomola
|-damage|p1a: Alomomola|69/100
|
|upkeep
|turn|7
|
|t:|1760872675
|move|p2a: Gholdengo|Nasty Plot|p2a: Gholdengo
|-boost|p2a: Gholdengo|spa|2
|move|p1a: Alomomola|Flip Turn|p2a: Gholdengo
|-damage|p2a: Gholdengo|88/100
|
|t:|1760872678
|switch|p1a: Frosmoth|Frosmoth, F, shiny|100/100|[from] Flip Turn
|
|upkeep
|turn|8
|
|t:|1760872687
|-terastallize|p1a: Frosmoth|Electric
|move|p2a: Gholdengo|Nasty Plot|p2a: Gholdengo
|-boost|p2a: Gholdengo|spa|2
|move|p1a: Frosmoth|Quiver Dance|p1a: Frosmoth
|-boost|p1a: Frosmoth|spa|1
|-boost|p1a: Frosmoth|spd|1
|-boost|p1a: Frosmoth|spe|1
|
|upkeep
|turn|9
|
|t:|1760872691
|move|p1a: Frosmoth|Quiver Dance|p1a: Frosmoth
|-boost|p1a: Frosmoth|spa|1
|-boost|p1a: Frosmoth|spd|1
|-boost|p1a: Frosmoth|spe|1
|move|p2a: Gholdengo|Shadow Ball|p1a: Frosmoth
|-damage|p1a: Frosmoth|80/100
|
|-heal|p1a: Frosmoth|86/100|[from] item: Leftovers
|upkeep
|turn|10
|
|t:|1760872699
|switch|p2a: Rotom|Rotom-Wash|95/100
|move|p1a: Frosmoth|Substitute|p1a: Frosmoth
|-start|p1a: Frosmoth|Substitute
|-damage|p1a: Frosmoth|61/100
|
|-heal|p1a: Frosmoth|67/100|[from] item: Leftovers
|upkeep
|turn|11
|
|t:|1760872702
|move|p1a: Frosmoth|Quiver Dance|p1a: Frosmoth
|-boost|p1a: Frosmoth|spa|1
|-boost|p1a: Frosmoth|spd|1
|-boost|p1a: Frosmoth|spe|1
|move|p2a: Rotom|Light Screen|p2a: Rotom
|-sidestart|p2: rekka auto|move: Light Screen
|
|-heal|p1a: Frosmoth|73/100|[from] item: Leftovers
|upkeep
|turn|12
|
|t:|1760872709
|move|p1a: Frosmoth|Quiver Dance|p1a: Frosmoth
|-boost|p1a: Frosmoth|spa|1
|-boost|p1a: Frosmoth|spd|1
|-boost|p1a: Frosmoth|spe|1
|move|p2a: Rotom|Volt Switch|p1a: Frosmoth
|-resisted|p1a: Frosmoth
|-activate|p1a: Frosmoth|move: Substitute|[damage]
|
|t:|1760872711
|switch|p2a: Dragonite|Dragonite, M|100/100|[from] Volt Switch
|
|-heal|p1a: Frosmoth|79/100|[from] item: Leftovers
|upkeep
|turn|13
|
|t:|1760872713
|-terastallize|p2a: Dragonite|Normal
|move|p1a: Frosmoth|Ice Beam|p2a: Dragonite
|-damage|p2a: Dragonite|72/100
|move|p2a: Dragonite|Dragon Dance|p2a: Dragonite
|-boost|p2a: Dragonite|atk|1
|-boost|p2a: Dragonite|spe|1
|
|-heal|p1a: Frosmoth|85/100|[from] item: Leftovers
|upkeep
|turn|14
|
|t:|1760872716
|move|p2a: Dragonite|Extreme Speed|p1a: Frosmoth
|-end|p1a: Frosmoth|Substitute
|move|p1a: Frosmoth|Ice Beam|p2a: Dragonite
|-damage|p2a: Dragonite|16/100
|
|-heal|p1a: Frosmoth|91/100|[from] item: Leftovers
|upkeep
|turn|15
|
|t:|1760872721
|switch|p1a: Alomomola|Alomomola, M, shiny|100/100
|move|p2a: Dragonite|Extreme Speed|p1a: Alomomola
|-damage|p1a: Alomomola|53/100
|
|upkeep
|turn|16
|
|t:|1760872732
|switch|p2a: Rotom|Rotom-Wash|95/100
|move|p1a: Alomomola|Flip Turn|p2a: Rotom
|-resisted|p2a: Rotom
|-damage|p2a: Rotom|88/100
|
|t:|1760872745
|switch|p1a: Frosmoth|Frosmoth, F, shiny, tera:Electric|91/100|[from] Flip Turn
|
|-heal|p1a: Frosmoth|98/100|[from] item: Leftovers
|upkeep
|turn|17
|
|t:|1760872753
|move|p2a: Rotom|Reflect|p2a: Rotom
|-sidestart|p2: rekka auto|Reflect
|move|p1a: Frosmoth|Substitute|p1a: Frosmoth
|-start|p1a: Frosmoth|Substitute
|-damage|p1a: Frosmoth|73/100
|
|-heal|p1a: Frosmoth|79/100|[from] item: Leftovers
|upkeep
|turn|18
|
|t:|1760872758
|move|p2a: Rotom|Volt Switch|p1a: Frosmoth
|-resisted|p1a: Frosmoth
|-crit|p1a: Frosmoth
|-activate|p1a: Frosmoth|move: Substitute|[damage]
|
|t:|1760872765
|switch|p2a: Scizor|Scizor, M|84/100|[from] Volt Switch
|move|p1a: Frosmoth|Quiver Dance|p1a: Frosmoth
|-boost|p1a: Frosmoth|spa|1
|-boost|p1a: Frosmoth|spd|1
|-boost|p1a: Frosmoth|spe|1
|
|-heal|p1a: Frosmoth|85/100|[from] item: Leftovers
|-sideend|p2: rekka auto|move: Light Screen
|upkeep
|turn|19
|
|t:|1760872768
|move|p1a: Frosmoth|Tera Blast|p2a: Scizor|[anim] Tera Blast Electric
|-damage|p2a: Scizor|19/100
|move|p2a: Scizor|U-turn|p1a: Frosmoth
|-crit|p1a: Frosmoth
|-end|p1a: Frosmoth|Substitute
|
|t:|1760872771
|switch|p2a: Rotom|Rotom-Wash|88/100|[from] U-turn
|
|-heal|p1a: Frosmoth|91/100|[from] item: Leftovers
|upkeep
|turn|20
|
|t:|1760872774
|move|p1a: Frosmoth|Substitute|p1a: Frosmoth
|-start|p1a: Frosmoth|Substitute
|-damage|p1a: Frosmoth|66/100
|move|p2a: Rotom|Light Screen|p2a: Rotom
|-sidestart|p2: rekka auto|move: Light Screen
|
|-heal|p1a: Frosmoth|72/100|[from] item: Leftovers
|upkeep
|turn|21
|
|t:|1760872777
|move|p1a: Frosmoth|Quiver Dance|p1a: Frosmoth
|-boost|p1a: Frosmoth|spa|1
|-boost|p1a: Frosmoth|spd|1
|-boost|p1a: Frosmoth|spe|1
|move|p2a: Rotom|Volt Switch|p1a: Frosmoth
|-resisted|p1a: Frosmoth
|-activate|p1a: Frosmoth|move: Substitute|[damage]
|
|t:|1760872781
|switch|p2a: Hatterene|Hatterene, F|100/100|[from] Volt Switch
|
|-heal|p1a: Frosmoth|78/100|[from] item: Leftovers
|upkeep
|turn|22
|
|t:|1760872783
|move|p1a: Frosmoth|Ice Beam|p2a: Hatterene
|-damage|p2a: Hatterene|62/100
|move|p2a: Hatterene|Calm Mind|p2a: Hatterene
|-boost|p2a: Hatterene|spa|1
|-boost|p2a: Hatterene|spd|1
|
|-heal|p1a: Frosmoth|84/100|[from] item: Leftovers
|-heal|p2a: Hatterene|68/100|[from] item: Leftovers
|upkeep
|turn|23
|
|t:|1760872788
|move|p1a: Frosmoth|Quiver Dance|p1a: Frosmoth
|-boost|p1a: Frosmoth|spa|1
|-boost|p1a: Frosmoth|spd|1
|-boost|p1a: Frosmoth|spe|1
|move|p2a: Hatterene|Calm Mind|p2a: Hatterene
|-boost|p2a: Hatterene|spa|1
|-boost|p2a: Hatterene|spd|1
|
|-heal|p1a: Frosmoth|90/100|[from] item: Leftovers
|-heal|p2a: Hatterene|74/100|[from] item: Leftovers
|upkeep
|turn|24
|
|t:|1760872793
|move|p1a: Frosmoth|Quiver Dance|p1a: Frosmoth
|-boost|p1a: Frosmoth|spa|1
|-boost|p1a: Frosmoth|spd|1
|-boost|p1a: Frosmoth|spe|1
|move|p2a: Hatterene|Calm Mind|p2a: Hatterene
|-boost|p2a: Hatterene|spa|1
|-boost|p2a: Hatterene|spd|1
|
|-heal|p1a: Frosmoth|96/100|[from] item: Leftovers
|-heal|p2a: Hatterene|80/100|[from] item: Leftovers
|-sideend|p2: rekka auto|Reflect
|upkeep
|turn|25
|
|t:|1760872797
|move|p1a: Frosmoth|Quiver Dance|p1a: Frosmoth
|-boost|p1a: Frosmoth|spa|1
|-boost|p1a: Frosmoth|spd|1
|-boost|p1a: Frosmoth|spe|1
|move|p2a: Hatterene|Calm Mind|p2a: Hatterene
|-boost|p2a: Hatterene|spa|1
|-boost|p2a: Hatterene|spd|1
|
|-heal|p1a: Frosmoth|100/100|[from] item: Leftovers
|-heal|p2a: Hatterene|86/100|[from] item: Leftovers
|upkeep
|turn|26
|
|t:|1760872801
|move|p1a: Frosmoth|Quiver Dance|p1a: Frosmoth
|-boost|p1a: Frosmoth|spa|1
|-boost|p1a: Frosmoth|spd|1
|-boost|p1a: Frosmoth|spe|1
|move|p2a: Hatterene|Calm Mind|p2a: Hatterene
|-boost|p2a: Hatterene|spa|1
|-boost|p2a: Hatterene|spd|1
|
|-heal|p2a: Hatterene|92/100|[from] item: Leftovers
|upkeep
|turn|27
|
|t:|1760872803
|move|p1a: Frosmoth|Ice Beam|p2a: Hatterene
|-damage|p2a: Hatterene|67/100
|move|p2a: Hatterene|Stored Power|p1a: Frosmoth
|-crit|p1a: Frosmoth
|-end|p1a: Frosmoth|Substitute
|
|-heal|p2a: Hatterene|73/100|[from] item: Leftovers
|-sideend|p2: rekka auto|move: Light Screen
|upkeep
|turn|28
|
|t:|1760872813
|switch|p1a: Krookodile|Krookodile, F|100/100
|-ability|p1a: Krookodile|Intimidate|boost
|-unboost|p2a: Hatterene|atk|1
|move|p2a: Hatterene|Stored Power|p1a: Krookodile
|-immune|p1a: Krookodile
|
|-heal|p2a: Hatterene|79/100|[from] item: Leftovers
|upkeep
|turn|29
|
|t:|1760872819
|move|p1a: Krookodile|Earthquake|p2a: Hatterene
|-damage|p2a: Hatterene|17/100
|move|p2a: Hatterene|Draining Kiss|p1a: Krookodile
|-supereffective|p1a: Krookodile
|-damage|p1a: Krookodile|0 fnt
|-heal|p2a: Hatterene|100/100|[from] drain|[of] p1a: Krookodile
|faint|p1a: Krookodile
|
|upkeep
|
|t:|1760872823
|switch|p1a: Maushold|Maushold-Four|100/100
|turn|30
|
|t:|1760872826
|move|p1a: Maushold|Population Bomb|p2a: Hatterene
|-damage|p2a: Hatterene|91/100
|-damage|p2a: Hatterene|82/100
|-damage|p2a: Hatterene|72/100
|-damage|p2a: Hatterene|63/100
|-damage|p2a: Hatterene|54/100
|-damage|p2a: Hatterene|45/100
|-damage|p2a: Hatterene|36/100
|-damage|p2a: Hatterene|27/100
|-damage|p2a: Hatterene|17/100
|-damage|p2a: Hatterene|8/100
|-hitcount|p2a: Hatterene|10
|move|p2a: Hatterene|Draining Kiss|p1a: Maushold
|-damage|p1a: Maushold|0 fnt
|-heal|p2a: Hatterene|76/100|[from] drain|[of] p1a: Maushold
|faint|p1a: Maushold
|
|-heal|p2a: Hatterene|82/100|[from] item: Leftovers
|upkeep
|-message|eros maniac forfeited.
|
|win|rekka auto
|raw|eros maniac's rating: 1904 &rarr; <strong>1870</strong><br />(-34 for losing)
|raw|rekka auto's rating: 1609 &rarr; <strong>1643</strong><br />(+34 for winning)
|l|☆eros maniac
|player|p1|
|l|☆rekka auto
|player|p2|
