|j|☆TryinSome
|j|☆epichackergirl
|t:|1760780959
|gametype|singles
|player|p1|TryinSome|nate|1123
|player|p2|epichackergirl|iris-gen5bw2|1145
|gen|9
|tier|[Gen 9] OU
|rated|
|rule|HP Percentage Mod: HP is shown in percentages
|rule|Endless Battle Clause: Forcing endless battles is banned
|rule|Species Clause: Limit one of each Pokémon
|rule|OHKO Clause: OHKO moves are banned
|rule|Evasion Items Clause: Evasion items are banned
|rule|Evasion Moves Clause: Evasion moves are banned
|rule|Evasion Abilities Clause: Evasion abilities are banned
|rule|Sleep Moves Clause: Sleep-inducing moves are banned
|clearpoke
|poke|p1|Chesnaught, M|
|poke|p1|Arcanine-Hisui, M|
|poke|p1|Swampert, M|
|poke|p1|Ribombee, F|
|poke|p1|Dragalge, M|
|poke|p1|Mamoswine, M|
|poke|p2|Dragonite, M|
|poke|p2|Great Tusk|
|poke|p2|Gliscor, M|
|poke|p2|Gholdengo|
|poke|p2|Alomomola, F|
|poke|p2|Ogerpon-Wellspring, F|
|teampreview
|
|t:|1760780979
|teamsize|p1|6
|teamsize|p2|6
|start
|switch|p1a: Mamoswine|Mamoswine, M|100/100
|switch|p2a: Gliscor|Gliscor, M|100/100
|turn|1
|
|t:|1760780989
|move|p2a: Gliscor|Protect|p2a: Gliscor
|-singleturn|p2a: Gliscor|Protect
|move|p1a: Mamoswine|Icicle Crash|p2a: Gliscor
|-activate|p2a: Gliscor|move: Protect
|
|-status|p2a: Gliscor|tox|[from] item: Toxic Orb
|upkeep
|turn|2
|
|t:|1760780995
|switch|p2a: Alomomola|Alomomola, F|100/100
|move|p1a: Mamoswine|Icicle Crash|p2a: Alomomola
|-resisted|p2a: Alomomola
|-damage|p2a: Alomomola|88/100
|
|upkeep
|turn|3
|
|t:|1760781003
|switch|p1a: Chesnaught|Chesnaught, M|100/100
|move|p2a: Alomomola|Scald|p1a: Chesnaught
|-resisted|p1a: Chesnaught
|-damage|p1a: Chesnaught|94/100
|
|-heal|p1a: Chesnaught|100/100|[from] item: Leftovers
|upkeep
|turn|4
|
|t:|1760781012
|move|p1a: Chesnaught|Bulk Up|p1a: Chesnaught
|-boost|p1a: Chesnaught|atk|1
|-boost|p1a: Chesnaught|def|1
|move|p2a: Alomomola|Flip Turn|p1a: Chesnaught
|-resisted|p1a: Chesnaught
|-damage|p1a: Chesnaught|96/100
|
|t:|1760781032
|switch|p2a: Dragonite|Dragonite, M|100/100|[from] Flip Turn
|
|-heal|p1a: Chesnaught|100/100|[from] item: Leftovers
|upkeep
|turn|5
|
|t:|1760781037
|move|p2a: Dragonite|Dragon Dance|p2a: Dragonite
|-boost|p2a: Dragonite|atk|1
|-boost|p2a: Dragonite|spe|1
|move|p1a: Chesnaught|Bulk Up|p1a: Chesnaught
|-boost|p1a: Chesnaught|atk|1
|-boost|p1a: Chesnaught|def|1
|
|upkeep
|turn|6
|
|t:|1760781046
|move|p2a: Dragonite|Ice Spinner|p1a: Chesnaught
|-supereffective|p1a: Chesnaught
|-damage|p1a: Chesnaught|62/100
|move|p1a: Chesnaught|Knock Off|p2a: Dragonite
|-damage|p2a: Dragonite|71/100
|-enditem|p2a: Dragonite|Heavy-Duty Boots|[from] move: Knock Off|[of] p1a: Chesnaught
|
|-heal|p1a: Chesnaught|68/100|[from] item: Leftovers
|upkeep
|turn|7
|
|t:|1760781054
|move|p2a: Dragonite|Ice Spinner|p1a: Chesnaught
|-supereffective|p1a: Chesnaught
|-damage|p1a: Chesnaught|24/100
|move|p1a: Chesnaught|Wood Hammer|p2a: Dragonite
|-resisted|p2a: Dragonite
|-damage|p2a: Dragonite|41/100
|-damage|p1a: Chesnaught|14/100|[from] Recoil
|
|-heal|p1a: Chesnaught|20/100|[from] item: Leftovers
|upkeep
|turn|8
|
|t:|1760781063
|move|p2a: Dragonite|Ice Spinner|p1a: Chesnaught
|-supereffective|p1a: Chesnaught
|-damage|p1a: Chesnaught|0 fnt
|faint|p1a: Chesnaught
|
|upkeep
|
|t:|1760781074
|switch|p1a: Swampert|Swampert, M|100/100
|turn|9
|
|t:|1760781079
|switch|p2a: Alomomola|Alomomola, F|100/100
|move|p1a: Swampert|Ice Punch|p2a: Alomomola
|-resisted|p2a: Alomomola
|-damage|p2a: Alomomola|95/100
|
|upkeep
|turn|10
|
|t:|1760781085
|move|p1a: Swampert|Stealth Rock|p2a: Alomomola
|-sidestart|p2: epichackergirl|move: Stealth Rock
|move|p2a: Alomomola|Wish|p2a: Alomomola
|
|upkeep
|turn|11
|
|t:|1760781101
|switch|p1a: Dragalge|Dragalge, M, shiny|100/100
|move|p2a: Alomomola|Flip Turn|p1a: Dragalge
|-resisted|p1a: Dragalge
|-damage|p1a: Dragalge|91/100
|
|t:|1760781106
|switch|p2a: Dragonite|Dragonite, M|41/100|[from] Flip Turn
|-damage|p2a: Dragonite|16/100|[from] Stealth Rock
|
|-heal|p2a: Dragonite|99/100|[from] move: Wish|[wisher] Alomomola
|upkeep
|turn|12
|c|☆epichackergirl|dude...
|c|☆epichackergirl|literally 6 hp off of 100%
|c|☆epichackergirl|just give me multiscale atp
|
|t:|1760781139
|switch|p2a: Gliscor|Gliscor, M|100/100 tox
|-damage|p2a: Gliscor|88/100 tox|[from] Stealth Rock
|move|p1a: Dragalge|Dragon Pulse|p2a: Gliscor
|-damage|p2a: Gliscor|39/100 tox
|
|-heal|p2a: Gliscor|51/100 tox|[from] ability: Poison Heal
|upkeep
|turn|13
|
|t:|1760781151
|switch|p1a: Mamoswine|Mamoswine, M|100/100
|move|p2a: Gliscor|Spikes|p1a: Mamoswine
|-sidestart|p1: TryinSome|Spikes
|
|-heal|p2a: Gliscor|64/100 tox|[from] ability: Poison Heal
|upkeep
|turn|14
|
|t:|1760781158
|move|p2a: Gliscor|Protect|p2a: Gliscor
|-singleturn|p2a: Gliscor|Protect
|move|p1a: Mamoswine|Icicle Crash|p2a: Gliscor
|-activate|p2a: Gliscor|move: Protect
|
|-heal|p2a: Gliscor|76/100 tox|[from] ability: Poison Heal
|upkeep
|turn|15
|
|t:|1760781174
|switch|p2a: Alomomola|Alomomola, F|100/100
|move|p1a: Mamoswine|Icicle Crash|p2a: Alomomola
|-resisted|p2a: Alomomola
|-damage|p2a: Alomomola|87/100
|
|upkeep
|turn|16
|
|t:|1760781187
|move|p1a: Mamoswine|Knock Off|p2a: Alomomola
|-damage|p2a: Alomomola|66/100
|-enditem|p2a: Alomomola|Heavy-Duty Boots|[from] move: Knock Off|[of] p1a: Mamoswine
|move|p2a: Alomomola|Scald|p1a: Mamoswine
|-supereffective|p1a: Mamoswine
|-damage|p1a: Mamoswine|74/100
|
|upkeep
|turn|17
|
|t:|1760781198
|switch|p1a: Dragalge|Dragalge, M, shiny|91/100
|-damage|p1a: Dragalge|78/100|[from] Spikes
|move|p2a: Alomomola|Scald|p1a: Dragalge
|-resisted|p1a: Dragalge
|-crit|p1a: Dragalge
|-damage|p1a: Dragalge|71/100
|
|upkeep
|turn|18
|
|t:|1760781206
|move|p1a: Dragalge|Dragon Pulse|p2a: Alomomola
|-damage|p2a: Alomomola|5/100
|move|p2a: Alomomola|Wish|p2a: Alomomola
|
|upkeep
|turn|19
|
|t:|1760781226
|move|p2a: Alomomola|Protect|p2a: Alomomola
|-singleturn|p2a: Alomomola|Protect
|move|p1a: Dragalge|Sludge Bomb|p2a: Alomomola
|-activate|p2a: Alomomola|move: Protect
|
|-heal|p2a: Alomomola|55/100|[from] move: Wish|[wisher] Alomomola
|upkeep
|turn|20
|
|t:|1760781238
|switch|p2a: Great Tusk|Great Tusk|100/100
|move|p1a: Dragalge|Dragon Pulse|p2a: Great Tusk
|-damage|p2a: Great Tusk|32/100
|
|upkeep
|turn|21
|
|t:|1760781250
|-terastallize|p1a: Dragalge|Dragon
|move|p2a: Great Tusk|Rapid Spin|p1a: Dragalge
|-damage|p1a: Dragalge|56/100
|-boost|p2a: Great Tusk|spe|1
|-sideend|p2: epichackergirl|Stealth Rock|[from] move: Rapid Spin|[of] p2a: Great Tusk
|move|p1a: Dragalge|Scald|p2a: Great Tusk
|-supereffective|p2a: Great Tusk
|-damage|p2a: Great Tusk|0 fnt
|faint|p2a: Great Tusk
|-end|p2a: Great Tusk|Protosynthesis|[silent]
|
|upkeep
|
|t:|1760781266
|switch|p2a: Gholdengo|Gholdengo|100/100
|-item|p2a: Gholdengo|Air Balloon
|turn|22
|
|t:|1760781269
|move|p2a: Gholdengo|Nasty Plot|p2a: Gholdengo
|-boost|p2a: Gholdengo|spa|2
|move|p1a: Dragalge|Dragon Pulse|p2a: Gholdengo
|-resisted|p2a: Gholdengo
|-damage|p2a: Gholdengo|69/100
|-enditem|p2a: Gholdengo|Air Balloon
|
|upkeep
|turn|23
|
|t:|1760781278
|move|p2a: Gholdengo|Shadow Ball|p1a: Dragalge
|-damage|p1a: Dragalge|10/100
|move|p1a: Dragalge|Dragon Pulse|p2a: Gholdengo
|-resisted|p2a: Gholdengo
|-damage|p2a: Gholdengo|39/100
|
|upkeep
|turn|24
|
|t:|1760781283
|move|p2a: Gholdengo|Shadow Ball|p1a: Dragalge
|-damage|p1a: Dragalge|0 fnt
|faint|p1a: Dragalge
|
|upkeep
|
|t:|1760781289
|switch|p1a: Swampert|Swampert, M|100/100
|-damage|p1a: Swampert|88/100|[from] Spikes
|turn|25
|
|t:|1760781299
|move|p2a: Gholdengo|Shadow Ball|p1a: Swampert
|-damage|p1a: Swampert|30/100
|move|p1a: Swampert|Liquidation|p2a: Gholdengo
|-damage|p2a: Gholdengo|0 fnt
|faint|p2a: Gholdengo
|
|-heal|p1a: Swampert|36/100|[from] item: Leftovers
|upkeep
|
|t:|1760781306
|switch|p2a: Ogerpon|Ogerpon-Wellspring, F|100/100
|turn|26
|
|t:|1760781310
|move|p2a: Ogerpon|Power Whip|p1a: Swampert
|-supereffective|p1a: Swampert
|-damage|p1a: Swampert|0 fnt
|faint|p1a: Swampert
|
|upkeep
|
|t:|1760781329
|switch|p1a: Arcanine|Arcanine-Hisui, M, shiny|100/100
|-damage|p1a: Arcanine|88/100|[from] Spikes
|turn|27
|
|t:|1760781332
|move|p2a: Ogerpon|Ivy Cudgel|p1a: Arcanine|[anim] Ivy Cudgel Water
|-supereffective|p1a: Arcanine
|-damage|p1a: Arcanine|0 fnt
|faint|p1a: Arcanine
|
|upkeep
|
|t:|1760781335
|switch|p1a: Ribombee|Ribombee, F, shiny|100/100
|-damage|p1a: Ribombee|88/100|[from] Spikes
|turn|28
|
|t:|1760781341
|move|p1a: Ribombee|Bug Buzz|p2a: Ogerpon
|-supereffective|p2a: Ogerpon
|-damage|p2a: Ogerpon|14/100
|move|p2a: Ogerpon|Ivy Cudgel|p1a: Ribombee|[anim] Ivy Cudgel Water
|-crit|p1a: Ribombee
|-damage|p1a: Ribombee|0 fnt
|faint|p1a: Ribombee
|
|upkeep
|
|t:|1760781343
|switch|p1a: Mamoswine|Mamoswine, M|74/100
|-damage|p1a: Mamoswine|61/100|[from] Spikes
|turn|29
|
|t:|1760781351
|move|p1a: Mamoswine|Ice Shard|p2a: Ogerpon
|-damage|p2a: Ogerpon|0 fnt
|faint|p2a: Ogerpon
|
|upkeep
|
|t:|1760781354
|switch|p2a: Dragonite|Dragonite, M|99/100
|turn|30
|
|t:|1760781358
|-terastallize|p2a: Dragonite|Normal
|move|p2a: Dragonite|Extreme Speed|p1a: Mamoswine
|-damage|p1a: Mamoswine|12/100
|move|p1a: Mamoswine|Icicle Crash|p2a: Dragonite
|-damage|p2a: Dragonite|44/100
|
|upkeep
|turn|31
|
|t:|1760781366
|move|p2a: Dragonite|Extreme Speed|p1a: Mamoswine
|-damage|p1a: Mamoswine|0 fnt
|faint|p1a: Mamoswine
|
|win|epichackergirl
|raw|TryinSome's rating: 1123 &rarr; <strong>1100</strong><br />(-23 for losing)
|raw|epichackergirl's rating: 1145 &rarr; <strong>1168</strong><br />(+23 for winning)
|l|☆TryinSome
|player|p1|
|l|☆epichackergirl
|player|p2|
