|j|☆maractus' no1 fan
|j|☆CodySometimesWins
|t:|1760749589
|gametype|singles
|player|p1|maractus' no1 fan|265|1416
|player|p2|CodySometimesWins|guitarist|1398
|gen|9
|tier|[Gen 9] OU
|rated|
|rule|HP Percentage Mod: HP is shown in percentages
|rule|Endless Battle Clause: Forcing endless battles is banned
|rule|Species Clause: Limit one of each Pokémon
|rule|OHKO Clause: OHKO moves are banned
|rule|Evasion Items Clause: Evasion items are banned
|rule|Evasion Moves Clause: Evasion moves are banned
|rule|Evasion Abilities Clause: Evasion abilities are banned
|rule|Sleep Moves Clause: Sleep-inducing moves are banned
|clearpoke
|poke|p1|Ogerpon, F|
|poke|p1|Rillaboom, M|
|poke|p1|Iron Treads|
|poke|p1|Hatterene, F|
|poke|p1|Ninetales-Alola, M|
|poke|p1|Kingambit, M|
|poke|p2|Deoxys-Speed|
|poke|p2|Darkrai|
|poke|p2|Donphan, M|
|poke|p2|Heatran, F|
|poke|p2|Iron Hands|
|poke|p2|Ogerpon-Wellspring, F|
|teampreview
|inactive|Battle timer is ON: inactive players will automatically lose when time's up. (requested by CodySometimesWins)
|
|t:|1760749606
|teamsize|p1|6
|teamsize|p2|6
|start
|switch|p1a: Ninetales|Ninetales-Alola, M|100/100
|switch|p2a: Heatran|Heatran, F|100/100
|-weather|Snowscape|[from] ability: Snow Warning|[of] p1a: Ninetales
|-item|p2a: Heatran|Air Balloon
|turn|1
|
|t:|1760749618
|move|p1a: Ninetales|Aurora Veil|p1a: Ninetales
|-sidestart|p1: maractus' no1 fan|move: Aurora Veil
|move|p2a: Heatran|Flash Cannon|p1a: Ninetales
|-supereffective|p1a: Ninetales
|-damage|p1a: Ninetales|16/100
|
|-weather|Snowscape|[upkeep]
|upkeep
|turn|2
|
|t:|1760749637
|switch|p2a: Deoxys|Deoxys-Speed|100/100
|-ability|p2a: Deoxys|Pressure
|move|p1a: Ninetales|Freeze-Dry|p2a: Deoxys
|-damage|p2a: Deoxys|75/100
|
|-weather|Snowscape|[upkeep]
|upkeep
|turn|3
|
|t:|1760749649
|switch|p1a: Hatterene|Hatterene, F|100/100
|move|p2a: Deoxys|Stealth Rock|p1a: Hatterene
|move|p1a: Hatterene|Stealth Rock|p2a: Deoxys|[from] ability: Magic Bounce
|-sidestart|p2: CodySometimesWins|move: Stealth Rock
|
|-weather|Snowscape|[upkeep]
|upkeep
|turn|4
|
|t:|1760749658
|move|p2a: Deoxys|Knock Off|p1a: Hatterene
|-damage|p1a: Hatterene|89/100
|-enditem|p1a: Hatterene|Grassy Seed|[from] move: Knock Off|[of] p2a: Deoxys
|move|p1a: Hatterene|Calm Mind|p1a: Hatterene
|-boost|p1a: Hatterene|spa|1
|-boost|p1a: Hatterene|spd|1
|
|-weather|Snowscape|[upkeep]
|upkeep
|turn|5
|
|t:|1760749673
|switch|p2a: Heatran|Heatran, F|100/100
|-damage|p2a: Heatran|88/100|[from] Stealth Rock
|-item|p2a: Heatran|Air Balloon
|move|p1a: Hatterene|Calm Mind|p1a: Hatterene
|-boost|p1a: Hatterene|spa|1
|-boost|p1a: Hatterene|spd|1
|
|-weather|none
|upkeep
|turn|6
|
|t:|1760749696
|-terastallize|p1a: Hatterene|Poison
|move|p2a: Heatran|Flash Cannon|p1a: Hatterene
|-damage|p1a: Hatterene|77/100
|move|p1a: Hatterene|Calm Mind|p1a: Hatterene
|-boost|p1a: Hatterene|spa|1
|-boost|p1a: Hatterene|spd|1
|
|upkeep
|turn|7
|
|t:|1760749705
|move|p2a: Heatran|Lava Plume|p1a: Hatterene
|-damage|p1a: Hatterene|68/100
|move|p1a: Hatterene|Calm Mind|p1a: Hatterene
|-boost|p1a: Hatterene|spa|1
|-boost|p1a: Hatterene|spd|1
|
|upkeep
|turn|8
|
|t:|1760749727
|switch|p2a: Donphan|Donphan, M|100/100
|move|p1a: Hatterene|Stored Power|p2a: Donphan
|-ability|p2a: Donphan|Sturdy
|-damage|p2a: Donphan|1/100
|
|-sideend|p1: maractus' no1 fan|move: Aurora Veil
|upkeep
|turn|9
|
|t:|1760749734
|move|p1a: Hatterene|Draining Kiss|p2a: Donphan
|-damage|p2a: Donphan|0 fnt
|-heal|p1a: Hatterene|68/100|[from] drain|[of] p2a: Donphan
|faint|p2a: Donphan
|
|upkeep
|inactive|CodySometimesWins has 120 seconds left.
|
|t:|1760749772
|switch|p2a: Ogerpon|Ogerpon-Wellspring, F|100/100
|-damage|p2a: Ogerpon|88/100|[from] Stealth Rock
|turn|10
|
|t:|1760749783
|-terastallize|p2a: Ogerpon|Water
|detailschange|p2a: Ogerpon|Ogerpon-Wellspring-Tera, F, tera:Water
|-ability|p2a: Ogerpon|Embody Aspect (Wellspring)|boost
|-boost|p2a: Ogerpon|spd|1
|move|p2a: Ogerpon|Ivy Cudgel|p1a: Hatterene|[anim] Ivy Cudgel Water
|-damage|p1a: Hatterene|0 fnt
|faint|p1a: Hatterene
|
|upkeep
|
|t:|1760749788
|switch|p1a: Rillaboom|Rillaboom, M|100/100
|-fieldstart|move: Grassy Terrain|[from] ability: Grassy Surge|[of] p1a: Rillaboom
|turn|11
|inactive|CodySometimesWins has 120 seconds left.
|
|t:|1760749799
|switch|p2a: Deoxys|Deoxys-Speed|75/100
|-damage|p2a: Deoxys|63/100|[from] Stealth Rock
|-ability|p2a: Deoxys|Pressure
|move|p1a: Rillaboom|Wood Hammer|p2a: Deoxys
|-damage|p2a: Deoxys|0 fnt
|-damage|p1a: Rillaboom|84/100|[from] item: Rocky Helmet|[of] p2a: Deoxys
|faint|p2a: Deoxys
|-damage|p1a: Rillaboom|66/100|[from] Recoil
|
|-heal|p1a: Rillaboom|72/100|[from] Grassy Terrain
|upkeep
|inactive|CodySometimesWins has 120 seconds left.
|
|t:|1760749811
|switch|p2a: Heatran|Heatran, F|88/100
|-damage|p2a: Heatran|76/100|[from] Stealth Rock
|-item|p2a: Heatran|Air Balloon
|turn|12
|inactive|CodySometimesWins has 120 seconds left.
|
|t:|1760749817
|move|p1a: Rillaboom|U-turn|p2a: Heatran
|-resisted|p2a: Heatran
|-crit|p2a: Heatran
|-damage|p2a: Heatran|68/100
|-enditem|p2a: Heatran|Air Balloon
|
|t:|1760749825
|switch|p1a: Iron Treads|Iron Treads|100/100|[from] U-turn
|move|p2a: Heatran|Will-O-Wisp|p1a: Iron Treads
|-status|p1a: Iron Treads|brn
|
|-heal|p2a: Heatran|74/100|[from] Grassy Terrain
|-damage|p1a: Iron Treads|94/100 brn|[from] brn
|upkeep
|turn|13
|
|t:|1760749836
|switch|p2a: Ogerpon|Ogerpon-Wellspring-Tera, F, tera:Water|88/100
|-damage|p2a: Ogerpon|76/100|[from] Stealth Rock
|-ability|p2a: Ogerpon|Embody Aspect (Wellspring)|boost
|-boost|p2a: Ogerpon|spd|1
|move|p1a: Iron Treads|Earthquake|p2a: Ogerpon
|-damage|p2a: Ogerpon|62/100
|
|-heal|p2a: Ogerpon|68/100|[from] Grassy Terrain
|-heal|p1a: Iron Treads|100/100 brn|[from] Grassy Terrain
|-damage|p1a: Iron Treads|94/100 brn|[from] brn
|upkeep
|turn|14
|
|t:|1760749847
|move|p2a: Ogerpon|Swords Dance|p2a: Ogerpon
|-boost|p2a: Ogerpon|atk|2
|move|p1a: Iron Treads|Volt Switch|p2a: Ogerpon
|-supereffective|p2a: Ogerpon
|-damage|p2a: Ogerpon|51/100
|
|t:|1760749850
|-end|p1a: Iron Treads|Quark Drive|[silent]
|switch|p1a: Ogerpon|Ogerpon, F|100/100|[from] Volt Switch
|
|-heal|p2a: Ogerpon|57/100|[from] Grassy Terrain
|upkeep
|turn|15
|inactive|CodySometimesWins has 120 seconds left.
|
|t:|1760749878
|switch|p2a: Heatran|Heatran, F|74/100
|-damage|p2a: Heatran|62/100|[from] Stealth Rock
|move|p1a: Ogerpon|Ivy Cudgel|p2a: Heatran
|-resisted|p2a: Heatran
|-damage|p2a: Heatran|48/100
|
|-heal|p2a: Heatran|55/100|[from] Grassy Terrain
|upkeep
|turn|16
|inactive|CodySometimesWins has 120 seconds left.
|
|t:|1760749892
|move|p1a: Ogerpon|Low Kick|p2a: Heatran
|-supereffective|p2a: Heatran
|-damage|p2a: Heatran|0 fnt
|faint|p2a: Heatran
|
|upkeep
|
|t:|1760749900
|switch|p2a: Darkrai|Darkrai|100/100
|-damage|p2a: Darkrai|88/100|[from] Stealth Rock
|turn|17
|inactive|CodySometimesWins has 120 seconds left.
|
|t:|1760749922
|move|p2a: Darkrai|Ice Beam|p1a: Ogerpon
|-supereffective|p1a: Ogerpon
|-damage|p1a: Ogerpon|0 fnt
|faint|p1a: Ogerpon
|
|-heal|p2a: Darkrai|94/100|[from] Grassy Terrain
|upkeep
|
|t:|1760749942
|switch|p1a: Kingambit|Kingambit, M|100/100
|-activate|p1a: Kingambit|ability: Supreme Overlord
|-start|p1a: Kingambit|fallen2|[silent]
|turn|18
|
|t:|1760749948
|switch|p2a: Iron Hands|Iron Hands|100/100
|-damage|p2a: Iron Hands|94/100|[from] Stealth Rock
|-end|p1a: Kingambit|fallen2|[silent]
|switch|p1a: Ninetales|Ninetales-Alola, M|16/100
|-weather|Snowscape|[from] ability: Snow Warning|[of] p1a: Ninetales
|
|-weather|Snowscape|[upkeep]
|-heal|p1a: Ninetales|22/100|[from] Grassy Terrain
|-heal|p2a: Iron Hands|100/100|[from] Grassy Terrain
|-fieldend|move: Grassy Terrain
|upkeep
|turn|19
|inactive|CodySometimesWins has 120 seconds left.
|
|t:|1760749957
|move|p2a: Iron Hands|Fake Out|p1a: Ninetales
|-damage|p1a: Ninetales|9/100
|cant|p1a: Ninetales|flinch
|
|-weather|Snowscape|[upkeep]
|upkeep
|turn|20
|
|t:|1760749962
|move|p1a: Ninetales|Aurora Veil|p1a: Ninetales
|-sidestart|p1: maractus' no1 fan|move: Aurora Veil
|move|p2a: Iron Hands|Heavy Slam|p1a: Ninetales
|-supereffective|p1a: Ninetales
|-damage|p1a: Ninetales|0 fnt
|faint|p1a: Ninetales
|
|-weather|Snowscape|[upkeep]
|upkeep
|
|t:|1760749968
|switch|p1a: Rillaboom|Rillaboom, M|72/100
|-fieldstart|move: Grassy Terrain|[from] ability: Grassy Surge|[of] p1a: Rillaboom
|turn|21
|
|t:|1760749977
|move|p1a: Rillaboom|Wood Hammer|p2a: Iron Hands
|-damage|p2a: Iron Hands|44/100
|-damage|p1a: Rillaboom|44/100|[from] Recoil
|move|p2a: Iron Hands|Drain Punch|p1a: Rillaboom
|-damage|p1a: Rillaboom|19/100
|-heal|p2a: Iron Hands|52/100|[from] drain|[of] p1a: Rillaboom
|
|-weather|Snowscape|[upkeep]
|-heal|p1a: Rillaboom|25/100|[from] Grassy Terrain
|-heal|p2a: Iron Hands|58/100|[from] Grassy Terrain
|upkeep
|turn|22
|
|t:|1760749988
|move|p1a: Rillaboom|Wood Hammer|p2a: Iron Hands
|-damage|p2a: Iron Hands|1/100
|-damage|p1a: Rillaboom|0 fnt|[from] Recoil
|faint|p1a: Rillaboom
|move|p2a: Iron Hands|Drain Punch|p1: Rillaboom|[notarget]
|-fail|p2a: Iron Hands
|
|-weather|none
|-heal|p2a: Iron Hands|8/100|[from] Grassy Terrain
|upkeep
|
|t:|1760749993
|switch|p1a: Iron Treads|Iron Treads|94/100 brn
|turn|23
|
|t:|1760749998
|-end|p2a: Iron Hands|Quark Drive|[silent]
|switch|p2a: Ogerpon|Ogerpon-Wellspring-Tera, F, tera:Water|57/100
|-damage|p2a: Ogerpon|45/100|[from] Stealth Rock
|-ability|p2a: Ogerpon|Embody Aspect (Wellspring)|boost
|-boost|p2a: Ogerpon|spd|1
|move|p1a: Iron Treads|Earthquake|p2a: Ogerpon
|-crit|p2a: Ogerpon
|-damage|p2a: Ogerpon|21/100
|
|-heal|p2a: Ogerpon|27/100|[from] Grassy Terrain
|-heal|p1a: Iron Treads|100/100 brn|[from] Grassy Terrain
|-damage|p1a: Iron Treads|94/100 brn|[from] brn
|upkeep
|turn|24
|
|t:|1760750010
|move|p2a: Ogerpon|Low Kick|p1a: Iron Treads
|-supereffective|p1a: Iron Treads
|-damage|p1a: Iron Treads|54/100 brn
|move|p1a: Iron Treads|Volt Switch|p2a: Ogerpon
|-supereffective|p2a: Ogerpon
|-damage|p2a: Ogerpon|9/100
|
|t:|1760750015
|-end|p1a: Iron Treads|Quark Drive|[silent]
|switch|p1a: Kingambit|Kingambit, M|100/100|[from] Volt Switch
|-activate|p1a: Kingambit|ability: Supreme Overlord
|-start|p1a: Kingambit|fallen4|[silent]
|
|-heal|p2a: Ogerpon|15/100|[from] Grassy Terrain
|upkeep
|turn|25
|
|t:|1760750022
|move|p2a: Ogerpon|Low Kick|p1a: Kingambit
|-supereffective|p1a: Kingambit
|-damage|p1a: Kingambit|32/100
|move|p1a: Kingambit|Kowtow Cleave|p2a: Ogerpon
|-damage|p2a: Ogerpon|0 fnt
|faint|p2a: Ogerpon
|detailschange|p2: Ogerpon|Ogerpon-Wellspring, F|[silent]
|
|-heal|p1a: Kingambit|39/100|[from] Grassy Terrain
|-heal|p1a: Kingambit|45/100|[from] item: Leftovers
|upkeep
|
|t:|1760750034
|switch|p2a: Iron Hands|Iron Hands|8/100
|-damage|p2a: Iron Hands|1/100|[from] Stealth Rock
|turn|26
|
|t:|1760750043
|move|p2a: Iron Hands|Fake Out|p1a: Kingambit
|-resisted|p1a: Kingambit
|-damage|p1a: Kingambit|41/100
|cant|p1a: Kingambit|flinch
|
|-heal|p1a: Kingambit|47/100|[from] Grassy Terrain
|-heal|p1a: Kingambit|54/100|[from] item: Leftovers
|-heal|p2a: Iron Hands|8/100|[from] Grassy Terrain
|upkeep
|turn|27
|
|t:|1760750051
|move|p1a: Kingambit|Iron Head|p2a: Iron Hands
|-resisted|p2a: Iron Hands
|-damage|p2a: Iron Hands|0 fnt
|faint|p2a: Iron Hands
|-end|p2a: Iron Hands|Quark Drive|[silent]
|
|-heal|p1a: Kingambit|60/100|[from] Grassy Terrain
|-heal|p1a: Kingambit|66/100|[from] item: Leftovers
|-sideend|p1: maractus' no1 fan|move: Aurora Veil
|upkeep
|
|t:|1760750058
|switch|p2a: Darkrai|Darkrai|94/100
|-damage|p2a: Darkrai|82/100|[from] Stealth Rock
|turn|28
|
|t:|1760750062
|-end|p1a: Kingambit|fallen4|[silent]
|switch|p1a: Iron Treads|Iron Treads|54/100 brn
|move|p2a: Darkrai|Focus Blast|p1a: Iron Treads
|-supereffective|p1a: Iron Treads
|-damage|p1a: Iron Treads|0 fnt
|faint|p1a: Iron Treads
|-end|p1a: Iron Treads|Quark Drive|[silent]
|
|-heal|p2a: Darkrai|88/100|[from] Grassy Terrain
|-fieldend|move: Grassy Terrain
|upkeep
|
|t:|1760750068
|switch|p1a: Kingambit|Kingambit, M|66/100
|-activate|p1a: Kingambit|ability: Supreme Overlord
|-start|p1a: Kingambit|fallen5|[silent]
|turn|29
|
|t:|1760750073
|move|p2a: Darkrai|Focus Blast|p1a: Kingambit
|-supereffective|p1a: Kingambit
|-damage|p1a: Kingambit|0 fnt
|faint|p1a: Kingambit
|-end|p1a: Kingambit|fallen5|[silent]
|
|win|CodySometimesWins
|raw|maractus&apos; no1 fan's rating: 1416 &rarr; <strong>1395</strong><br />(-21 for losing)
|raw|CodySometimesWins's rating: 1398 &rarr; <strong>1419</strong><br />(+21 for winning)
|l|☆maractus' no1 fan
|player|p1|
|l|☆CodySometimesWins
|player|p2|
