|j|☆james2341
|j|☆SeriousTimez
|t:|1760827585
|gametype|singles
|player|p1|james2341|2|1556
|player|p2|SeriousTimez|dancer|1602
|gen|9
|tier|[Gen 9] OU
|rated|
|rule|HP Percentage Mod: HP is shown in percentages
|rule|Endless Battle Clause: Forcing endless battles is banned
|rule|Species Clause: Limit one of each Pokémon
|rule|OHKO Clause: OHKO moves are banned
|rule|Evasion Items Clause: Evasion items are banned
|rule|Evasion Moves Clause: Evasion moves are banned
|rule|Evasion Abilities Clause: Evasion abilities are banned
|rule|Sleep Moves Clause: Sleep-inducing moves are banned
|clearpoke
|poke|p1|Ogerpon-Wellspring, F|
|poke|p1|Grimmsnarl, M|
|poke|p1|Great Tusk|
|poke|p1|Iron Treads|
|poke|p1|Comfey, F|
|poke|p1|Lucario, M|
|poke|p2|Dragapult, F|
|poke|p2|Alomomola, M|
|poke|p2|Landorus-Therian, M|
|poke|p2|Corviknight, F|
|poke|p2|Moltres|
|poke|p2|Iron Valiant|
|teampreview
|inactive|Battle timer is ON: inactive players will automatically lose when time's up. (requested by james2341)
|
|t:|1760827598
|teamsize|p1|6
|teamsize|p2|6
|start
|switch|p1a: Iron Treads|Iron Treads, shiny|100/100
|switch|p2a: Buffalo Wings|Moltres|100/100
|-enditem|p1a: Iron Treads|Booster Energy
|-activate|p1a: Iron Treads|ability: Quark Drive|[fromitem]
|-start|p1a: Iron Treads|quarkdrivespe
|turn|1
|
|t:|1760827621
|move|p1a: Iron Treads|Stealth Rock|p2a: Buffalo Wings
|-sidestart|p2: SeriousTimez|move: Stealth Rock
|move|p2a: Buffalo Wings|Flamethrower|p1a: Iron Treads
|-supereffective|p1a: Iron Treads
|-damage|p1a: Iron Treads|0 fnt
|faint|p1a: Iron Treads
|-end|p1a: Iron Treads|Quark Drive|[silent]
|
|upkeep
|
|t:|1760827622
|switch|p1a: Grimmsnarl|Grimmsnarl, M|100/100
|turn|2
|
|t:|1760827635
|move|p1a: Grimmsnarl|Reflect|p1a: Grimmsnarl
|-sidestart|p1: james2341|Reflect
|move|p2a: Buffalo Wings|Flamethrower|p1a: Grimmsnarl
|-damage|p1a: Grimmsnarl|61/100
|-status|p1a: Grimmsnarl|brn
|
|-damage|p1a: Grimmsnarl|55/100 brn|[from] brn
|upkeep
|turn|3
|
|t:|1760827659
|move|p1a: Grimmsnarl|Taunt|p2a: Buffalo Wings
|-start|p2a: Buffalo Wings|move: Taunt
|move|p2a: Buffalo Wings|U-turn|p1a: Grimmsnarl
|-damage|p1a: Grimmsnarl|49/100 brn
|
|t:|1760827663
|switch|p2a: IRS Agent|Landorus-Therian, M|100/100|[from] U-turn
|-damage|p2a: IRS Agent|88/100|[from] Stealth Rock
|-ability|p2a: IRS Agent|Intimidate|boost
|-unboost|p1a: Grimmsnarl|atk|1
|
|-damage|p1a: Grimmsnarl|43/100 brn|[from] brn
|upkeep
|turn|4
|
|t:|1760827665
|move|p1a: Grimmsnarl|Parting Shot|p2a: IRS Agent
|-unboost|p2a: IRS Agent|atk|1
|-unboost|p2a: IRS Agent|spa|1
|
|t:|1760827667
|switch|p1a: Comfey|Comfey, F, shiny|100/100|[from] Parting Shot
|move|p2a: IRS Agent|U-turn|p1a: Comfey
|-resisted|p1a: Comfey
|-damage|p1a: Comfey|96/100
|
|t:|1760827670
|switch|p2a: Bird Insurance|Corviknight, F|100/100|[from] U-turn
|-damage|p2a: Bird Insurance|88/100|[from] Stealth Rock
|
|-heal|p1a: Comfey|100/100|[from] item: Leftovers
|-heal|p2a: Bird Insurance|94/100|[from] item: Leftovers
|upkeep
|turn|5
|
|t:|1760827673
|move|p1a: Comfey|Calm Mind|p1a: Comfey
|-boost|p1a: Comfey|spa|1
|-boost|p1a: Comfey|spd|1
|move|p2a: Bird Insurance|Defog|p1a: Comfey
|-unboost|p1a: Comfey|evasion|1
|-sideend|p1: james2341|Reflect
|-sideend|p2: SeriousTimez|Stealth Rock|[from] move: Defog|[of] p2a: Bird Insurance
|
|-heal|p2a: Bird Insurance|99/100|[from] item: Leftovers
|upkeep
|turn|6
|
|t:|1760827676
|move|p1a: Comfey|Calm Mind|p1a: Comfey
|-boost|p1a: Comfey|spa|1
|-boost|p1a: Comfey|spd|1
|move|p2a: Bird Insurance|U-turn|p1a: Comfey
|-resisted|p1a: Comfey
|-damage|p1a: Comfey|92/100
|
|t:|1760827679
|switch|p2a: Buffalo Wings|Moltres|100/100|[from] U-turn
|
|-heal|p1a: Comfey|98/100|[from] item: Leftovers
|upkeep
|turn|7
|
|t:|1760827682
|move|p1a: Comfey|Calm Mind|p1a: Comfey
|-boost|p1a: Comfey|spa|1
|-boost|p1a: Comfey|spd|1
|move|p2a: Buffalo Wings|Roar|p1a: Comfey
|drag|p1a: Ogerpon|Ogerpon-Wellspring, F|100/100
|
|upkeep
|turn|8
|
|t:|1760827685
|switch|p2a: Bird Insurance|Corviknight, F|99/100
|move|p1a: Ogerpon|Ivy Cudgel|p2a: Bird Insurance|[anim] Ivy Cudgel Water
|-damage|p2a: Bird Insurance|65/100
|
|-heal|p2a: Bird Insurance|71/100|[from] item: Leftovers
|upkeep
|turn|9
|
|t:|1760827689
|switch|p1a: Grimmsnarl|Grimmsnarl, M|43/100 brn
|move|p2a: Bird Insurance|U-turn|p1a: Grimmsnarl
|-damage|p1a: Grimmsnarl|31/100 brn
|
|t:|1760827694
|switch|p2a: Tax Evasion|Iron Valiant|100/100|[from] U-turn
|
|-damage|p1a: Grimmsnarl|25/100 brn|[from] brn
|upkeep
|turn|10
|
|t:|1760827698
|move|p1a: Grimmsnarl|Light Screen|p1a: Grimmsnarl
|-sidestart|p1: james2341|move: Light Screen
|move|p2a: Tax Evasion|Moonblast|p1a: Grimmsnarl
|-supereffective|p1a: Grimmsnarl
|-damage|p1a: Grimmsnarl|0 fnt
|faint|p1a: Grimmsnarl
|
|upkeep
|
|t:|1760827701
|switch|p1a: Ogerpon|Ogerpon-Wellspring, F|100/100
|turn|11
|
|t:|1760827709
|-end|p2a: Tax Evasion|Quark Drive|[silent]
|switch|p2a: Bird Insurance|Corviknight, F|71/100
|move|p1a: Ogerpon|Swords Dance|p1a: Ogerpon
|-boost|p1a: Ogerpon|atk|2
|
|-heal|p2a: Bird Insurance|77/100|[from] item: Leftovers
|upkeep
|turn|12
|
|t:|1760827714
|move|p1a: Ogerpon|Trailblaze|p2a: Bird Insurance
|-resisted|p2a: Bird Insurance
|-damage|p2a: Bird Insurance|68/100
|-boost|p1a: Ogerpon|spe|1
|move|p2a: Bird Insurance|U-turn|p1a: Ogerpon
|-supereffective|p1a: Ogerpon
|-damage|p1a: Ogerpon|59/100
|
|t:|1760827721
|switch|p2a: IRS Agent|Landorus-Therian, M|88/100|[from] U-turn
|-ability|p2a: IRS Agent|Intimidate|boost
|-unboost|p1a: Ogerpon|atk|1
|
|upkeep
|turn|13
|
|t:|1760827723
|move|p1a: Ogerpon|Ivy Cudgel|p2a: IRS Agent|[anim] Ivy Cudgel Water
|-supereffective|p2a: IRS Agent
|-crit|p2a: IRS Agent
|-damage|p2a: IRS Agent|0 fnt
|faint|p2a: IRS Agent
|
|upkeep
|
|t:|1760827726
|switch|p2a: Bird Insurance|Corviknight, F|68/100
|turn|14
|
|t:|1760827732
|move|p1a: Ogerpon|Ivy Cudgel|p2a: Bird Insurance|[anim] Ivy Cudgel Water
|-damage|p2a: Bird Insurance|19/100
|move|p2a: Bird Insurance|Brave Bird|p1a: Ogerpon
|-supereffective|p1a: Ogerpon
|-crit|p1a: Ogerpon
|-damage|p1a: Ogerpon|0 fnt
|faint|p1a: Ogerpon
|-damage|p2a: Bird Insurance|5/100|[from] Recoil
|
|-heal|p2a: Bird Insurance|11/100|[from] item: Leftovers
|upkeep
|
|t:|1760827742
|switch|p1a: Great Tusk|Great Tusk, shiny|100/100
|-enditem|p1a: Great Tusk|Booster Energy
|-activate|p1a: Great Tusk|ability: Protosynthesis|[fromitem]
|-start|p1a: Great Tusk|protosynthesisspe
|turn|15
|
|t:|1760827746
|move|p1a: Great Tusk|Bulk Up|p1a: Great Tusk
|-boost|p1a: Great Tusk|atk|1
|-boost|p1a: Great Tusk|def|1
|move|p2a: Bird Insurance|Defog|p1a: Great Tusk
|-unboost|p1a: Great Tusk|evasion|1
|-sideend|p1: james2341|move: Light Screen
|
|-heal|p2a: Bird Insurance|17/100|[from] item: Leftovers
|upkeep
|turn|16
|
|t:|1760827748
|switch|p2a: Buffalo Wings|Moltres|100/100
|move|p1a: Great Tusk|Bulk Up|p1a: Great Tusk
|-boost|p1a: Great Tusk|atk|1
|-boost|p1a: Great Tusk|def|1
|
|upkeep
|turn|17
|
|t:|1760827751
|move|p1a: Great Tusk|Stone Edge|p2a: Buffalo Wings
|-supereffective|p2a: Buffalo Wings
|-damage|p2a: Buffalo Wings|0 fnt
|faint|p2a: Buffalo Wings
|
|upkeep
|
|t:|1760827757
|switch|p2a: 100 Bodycount|Alomomola, M|100/100
|turn|18
|
|t:|1760827760
|move|p1a: Great Tusk|Bulk Up|p1a: Great Tusk
|-boost|p1a: Great Tusk|atk|1
|-boost|p1a: Great Tusk|def|1
|move|p2a: 100 Bodycount|Scald|p1a: Great Tusk
|-supereffective|p1a: Great Tusk
|-damage|p1a: Great Tusk|66/100
|
|upkeep
|turn|19
|
|t:|1760827763
|move|p1a: Great Tusk|Headlong Rush|p2a: 100 Bodycount
|-damage|p2a: 100 Bodycount|21/100
|-unboost|p1a: Great Tusk|def|1
|-unboost|p1a: Great Tusk|spd|1
|move|p2a: 100 Bodycount|Scald|p1a: Great Tusk
|-supereffective|p1a: Great Tusk
|-damage|p1a: Great Tusk|9/100
|-status|p1a: Great Tusk|brn
|
|-damage|p1a: Great Tusk|3/100 brn|[from] brn
|upkeep
|turn|20
|
|t:|1760827776
|switch|p2a: Bird Insurance|Corviknight, F|17/100
|move|p1a: Great Tusk|Stone Edge|p2a: Bird Insurance|[miss]
|-miss|p1a: Great Tusk|p2a: Bird Insurance
|
|-heal|p2a: Bird Insurance|23/100|[from] item: Leftovers
|-damage|p1a: Great Tusk|0 fnt|[from] brn
|faint|p1a: Great Tusk
|-end|p1a: Great Tusk|Protosynthesis|[silent]
|upkeep
|
|t:|1760827779
|switch|p1a: Comfey|Comfey, F, shiny|98/100
|turn|21
|
|t:|1760827783
|move|p1a: Comfey|Calm Mind|p1a: Comfey
|-boost|p1a: Comfey|spa|1
|-boost|p1a: Comfey|spd|1
|move|p2a: Bird Insurance|Brave Bird|p1a: Comfey
|-damage|p1a: Comfey|54/100
|-damage|p2a: Bird Insurance|11/100|[from] Recoil
|
|-heal|p1a: Comfey|60/100|[from] item: Leftovers
|-heal|p2a: Bird Insurance|17/100|[from] item: Leftovers
|upkeep
|turn|22
|
|t:|1760827785
|move|p1a: Comfey|Calm Mind|p1a: Comfey
|-boost|p1a: Comfey|spa|1
|-boost|p1a: Comfey|spd|1
|move|p2a: Bird Insurance|Brave Bird|p1a: Comfey
|-damage|p1a: Comfey|17/100
|-damage|p2a: Bird Insurance|6/100|[from] Recoil
|
|-heal|p1a: Comfey|23/100|[from] item: Leftovers
|-heal|p2a: Bird Insurance|12/100|[from] item: Leftovers
|upkeep
|turn|23
|
|t:|1760827787
|move|p1a: Comfey|Draining Kiss|p2a: Bird Insurance
|-resisted|p2a: Bird Insurance
|-damage|p2a: Bird Insurance|0 fnt
|-heal|p1a: Comfey|35/100|[from] drain|[of] p2a: Bird Insurance
|faint|p2a: Bird Insurance
|
|-heal|p1a: Comfey|41/100|[from] item: Leftovers
|upkeep
|c|☆james2341|GG
|
|t:|1760827796
|switch|p2a: Snatch Dragon|Dragapult, F|100/100
|turn|24
|
|t:|1760827799
|-terastallize|p2a: Snatch Dragon|Ghost
|move|p1a: Comfey|Draining Kiss|p2a: Snatch Dragon
|-damage|p2a: Snatch Dragon|39/100
|-heal|p1a: Comfey|89/100|[from] drain|[of] p2a: Snatch Dragon
|move|p2a: Snatch Dragon|Tera Blast|p1a: Comfey|[anim] Tera Blast Ghost
|-damage|p1a: Comfey|0 fnt
|faint|p1a: Comfey
|
|upkeep
|
|t:|1760827804
|switch|p1a: Lucario|Lucario, M|100/100
|turn|25
|
|t:|1760827812
|-terastallize|p1a: Lucario|Normal
|move|p2a: Snatch Dragon|Tera Blast|p1a: Lucario|[anim] Tera Blast Ghost
|-immune|p1a: Lucario
|move|p1a: Lucario|Swords Dance|p1a: Lucario
|-boost|p1a: Lucario|atk|2
|
|upkeep
|turn|26
|
|t:|1760827818
|switch|p2a: 100 Bodycount|Alomomola, M|54/100
|move|p1a: Lucario|Extreme Speed|p2a: 100 Bodycount
|-damage|p2a: 100 Bodycount|0 fnt
|faint|p2a: 100 Bodycount
|-damage|p1a: Lucario|91/100|[from] item: Life Orb
|
|upkeep
|
|t:|1760827821
|switch|p2a: Snatch Dragon|Dragapult, F, tera:Ghost|39/100
|turn|27
|
|t:|1760827824
|move|p2a: Snatch Dragon|Sucker Punch|p1a: Lucario
|-damage|p1a: Lucario|32/100
|move|p1a: Lucario|Crunch|p2a: Snatch Dragon
|-supereffective|p2a: Snatch Dragon
|-damage|p2a: Snatch Dragon|0 fnt
|faint|p2a: Snatch Dragon
|-damage|p1a: Lucario|22/100|[from] item: Life Orb
|
|upkeep
|
|t:|1760827827
|switch|p2a: Tax Evasion|Iron Valiant|100/100
|turn|28
|
|t:|1760827830
|move|p1a: Lucario|Extreme Speed|p2a: Tax Evasion
|-damage|p2a: Tax Evasion|0 fnt
|faint|p2a: Tax Evasion
|-end|p2a: Tax Evasion|Quark Drive|[silent]
|-damage|p1a: Lucario|12/100|[from] item: Life Orb
|
|win|james2341
|raw|james2341's rating: 1583 &rarr; <strong>1604</strong><br />(+21 for winning)
|raw|SeriousTimez's rating: 1602 &rarr; <strong>1581</strong><br />(-21 for losing)
|l|☆james2341
|player|p1|
|l|☆SeriousTimez
|player|p2|
