|j|☆levi6969
|j|☆scj2012
|t:|1760731502
|gametype|singles
|player|p1|levi6969|102|1248
|player|p2|scj2012|richboy|1255
|gen|9
|tier|[Gen 9] OU
|rated|
|rule|HP Percentage Mod: HP is shown in percentages
|rule|Endless Battle Clause: Forcing endless battles is banned
|rule|Species Clause: Limit one of each Pokémon
|rule|OHKO Clause: OHKO moves are banned
|rule|Evasion Items Clause: Evasion items are banned
|rule|Evasion Moves Clause: Evasion moves are banned
|rule|Evasion Abilities Clause: Evasion abilities are banned
|rule|Sleep Moves Clause: Sleep-inducing moves are banned
|clearpoke
|poke|p1|Victreebel, F|
|poke|p1|Torkoal, F|
|poke|p1|Raging Bolt|
|poke|p1|Hatterene, F|
|poke|p1|Landorus-Therian, M|
|poke|p1|Darkrai|
|poke|p2|Deoxys-Speed|
|poke|p2|Scizor, M|
|poke|p2|Moltres|
|poke|p2|Ogerpon-Wellspring, F|
|poke|p2|Raging Bolt|
|poke|p2|Rillaboom, M|
|teampreview
|inactive|Battle timer is ON: inactive players will automatically lose when time's up. (requested by scj2012)
|
|t:|1760731521
|teamsize|p1|6
|teamsize|p2|6
|start
|switch|p1a: Torkoal|Torkoal, F|100/100
|switch|p2a: Shreck|Ogerpon-Wellspring, F|100/100
|-weather|SunnyDay|[from] ability: Drought|[of] p1a: Torkoal
|turn|1
|
|t:|1760731528
|switch|p1a: Victreebel|Victreebel, F, shiny|100/100
|move|p2a: Shreck|Ivy Cudgel|p1a: Victreebel|[anim] Ivy Cudgel Water
|-resisted|p1a: Victreebel
|-damage|p1a: Victreebel|86/100
|
|-weather|SunnyDay|[upkeep]
|upkeep
|turn|2
|
|t:|1760731537
|switch|p2a: Electrician|Scizor, M, shiny|100/100
|move|p1a: Victreebel|Knock Off|p2a: Electrician
|-damage|p2a: Electrician|78/100
|-enditem|p2a: Electrician|Sitrus Berry|[from] move: Knock Off|[of] p1a: Victreebel
|
|-weather|SunnyDay|[upkeep]
|upkeep
|turn|3
|
|t:|1760731545
|move|p1a: Victreebel|Strength Sap|p2a: Electrician
|-unboost|p2a: Electrician|atk|1
|-heal|p1a: Victreebel|100/100
|move|p2a: Electrician|Knock Off|p1a: Victreebel
|-damage|p1a: Victreebel|76/100
|-damage|p2a: Electrician|62/100|[from] item: Rocky Helmet|[of] p1a: Victreebel
|-enditem|p1a: Victreebel|Rocky Helmet|[from] move: Knock Off|[of] p2a: Electrician
|
|-weather|SunnyDay|[upkeep]
|upkeep
|turn|4
|
|t:|1760731552
|move|p1a: Victreebel|Strength Sap|p2a: Electrician
|-unboost|p2a: Electrician|atk|1
|-heal|p1a: Victreebel|100/100
|move|p2a: Electrician|U-turn|p1a: Victreebel
|-damage|p1a: Victreebel|77/100
|
|t:|1760731563
|switch|p2a: KFC|Moltres|100/100|[from] U-turn
|
|-weather|SunnyDay|[upkeep]
|upkeep
|turn|5
|
|t:|1760731570
|switch|p1a: Raging Bolt|Raging Bolt|100/100
|-activate|p1a: Raging Bolt|ability: Protosynthesis
|-start|p1a: Raging Bolt|protosynthesisspa
|move|p2a: KFC|Flamethrower|p1a: Raging Bolt
|-resisted|p1a: Raging Bolt
|-damage|p1a: Raging Bolt|72/100
|
|-weather|SunnyDay|[upkeep]
|upkeep
|turn|6
|
|t:|1760731581
|move|p1a: Raging Bolt|Volt Switch|p2a: KFC
|-supereffective|p2a: KFC
|-damage|p2a: KFC|7/100
|
|t:|1760731587
|-end|p1a: Raging Bolt|Protosynthesis|[silent]
|switch|p1a: Landorus|Landorus-Therian, M, shiny|100/100|[from] Volt Switch
|-ability|p1a: Landorus|Intimidate|boost
|-unboost|p2a: KFC|atk|1
|move|p2a: KFC|Roar|p1a: Landorus
|drag|p1a: Hatterene|Hatterene, F, shiny|100/100
|
|-weather|SunnyDay|[upkeep]
|upkeep
|turn|7
|
|t:|1760731593
|move|p2a: KFC|Roost|p2a: KFC
|-heal|p2a: KFC|57/100
|-singleturn|p2a: KFC|move: Roost
|move|p1a: Hatterene|Psychic Noise|p2a: KFC
|-damage|p2a: KFC|22/100
|-start|p2a: KFC|move: Heal Block
|
|-weather|SunnyDay|[upkeep]
|upkeep
|turn|8
|
|t:|1760731600
|move|p2a: KFC|U-turn|p1a: Hatterene
|-damage|p1a: Hatterene|92/100
|
|t:|1760731603
|switch|p2a: Shreck|Ogerpon-Wellspring, F|100/100|[from] U-turn
|move|p1a: Hatterene|Calm Mind|p1a: Hatterene
|-boost|p1a: Hatterene|spa|1
|-boost|p1a: Hatterene|spd|1
|
|-weather|none
|upkeep
|turn|9
|
|t:|1760731608
|-terastallize|p1a: Hatterene|Water
|move|p2a: Shreck|Ivy Cudgel|p1a: Hatterene|[anim] Ivy Cudgel Water
|-resisted|p1a: Hatterene
|-damage|p1a: Hatterene|65/100
|move|p1a: Hatterene|Draining Kiss|p2a: Shreck
|-damage|p2a: Shreck|60/100
|-heal|p1a: Hatterene|94/100|[from] drain|[of] p2a: Shreck
|
|upkeep
|turn|10
|
|t:|1760731615
|switch|p1a: Torkoal|Torkoal, F|100/100
|-weather|SunnyDay|[from] ability: Drought|[of] p1a: Torkoal
|move|p2a: Shreck|Horn Leech|p1a: Torkoal
|-resisted|p1a: Torkoal
|-damage|p1a: Torkoal|87/100
|-heal|p2a: Shreck|68/100|[from] drain|[of] p1a: Torkoal
|
|-weather|SunnyDay|[upkeep]
|upkeep
|turn|11
|
|t:|1760731620
|switch|p1a: Victreebel|Victreebel, F, shiny|77/100
|move|p2a: Shreck|U-turn|p1a: Victreebel
|-damage|p1a: Victreebel|50/100
|
|t:|1760731625
|switch|p2a: KFC|Moltres|22/100|[from] U-turn
|
|-weather|SunnyDay|[upkeep]
|upkeep
|turn|12
|
|t:|1760731626
|move|p1a: Victreebel|Sludge Bomb|p2a: KFC
|-damage|p2a: KFC|0 fnt
|faint|p2a: KFC
|
|-weather|SunnyDay|[upkeep]
|upkeep
|
|t:|1760731634
|switch|p2a: Now you see me...|Deoxys-Speed|100/100
|-ability|p2a: Now you see me...|Pressure
|turn|13
|
|t:|1760731638
|switch|p1a: Landorus|Landorus-Therian, M, shiny|100/100
|-ability|p1a: Landorus|Intimidate|boost
|-unboost|p2a: Now you see me...|atk|1
|move|p2a: Now you see me...|Psycho Boost|p1a: Landorus
|-damage|p1a: Landorus|48/100
|-unboost|p2a: Now you see me...|spa|2
|
|-weather|SunnyDay|[upkeep]
|upkeep
|turn|14
|
|t:|1760731644
|switch|p2a: He's harmless|Rillaboom, M|100/100
|-fieldstart|move: Grassy Terrain|[from] ability: Grassy Surge|[of] p2a: He's harmless
|move|p1a: Landorus|U-turn|p2a: He's harmless
|-supereffective|p2a: He's harmless
|-damage|p2a: He's harmless|62/100
|
|t:|1760731652
|switch|p1a: Torkoal|Torkoal, F|87/100|[from] U-turn
|
|-weather|SunnyDay|[upkeep]
|-heal|p2a: He's harmless|68/100|[from] Grassy Terrain
|-heal|p1a: Torkoal|93/100|[from] Grassy Terrain
|upkeep
|turn|15
|
|t:|1760731658
|move|p2a: He's harmless|Knock Off|p1a: Torkoal
|-damage|p1a: Torkoal|70/100
|-enditem|p1a: Torkoal|Heat Rock|[from] move: Knock Off|[of] p2a: He's harmless
|move|p1a: Torkoal|Lava Plume|p2a: He's harmless
|-supereffective|p2a: He's harmless
|-damage|p2a: He's harmless|15/100
|
|-weather|SunnyDay|[upkeep]
|-heal|p2a: He's harmless|21/100|[from] Grassy Terrain
|-heal|p1a: Torkoal|77/100|[from] Grassy Terrain
|upkeep
|turn|16
|
|t:|1760731664
|move|p2a: He's harmless|Wood Hammer|p1a: Torkoal
|-resisted|p1a: Torkoal
|-damage|p1a: Torkoal|50/100
|-damage|p2a: He's harmless|14/100|[from] Recoil
|move|p1a: Torkoal|Stealth Rock|p2a: He's harmless
|-sidestart|p2: scj2012|move: Stealth Rock
|
|-weather|SunnyDay|[upkeep]
|-heal|p2a: He's harmless|20/100|[from] Grassy Terrain
|-heal|p1a: Torkoal|56/100|[from] Grassy Terrain
|upkeep
|turn|17
|
|t:|1760731667
|move|p2a: He's harmless|U-turn|p1a: Torkoal
|-resisted|p1a: Torkoal
|-damage|p1a: Torkoal|47/100
|
|t:|1760731670
|switch|p2a: Electrician|Scizor, M, shiny|62/100|[from] U-turn
|-damage|p2a: Electrician|49/100|[from] Stealth Rock
|move|p1a: Torkoal|Lava Plume|p2a: Electrician
|-supereffective|p2a: Electrician
|-damage|p2a: Electrician|0 fnt
|faint|p2a: Electrician
|
|-weather|none
|-heal|p1a: Torkoal|53/100|[from] Grassy Terrain
|upkeep
|
|t:|1760731673
|switch|p2a: He's harmless|Rillaboom, M|20/100
|-damage|p2a: He's harmless|7/100|[from] Stealth Rock
|turn|18
|
|t:|1760731683
|switch|p1a: Landorus|Landorus-Therian, M, shiny|48/100
|-ability|p1a: Landorus|Intimidate|boost
|-unboost|p2a: He's harmless|atk|1
|move|p2a: He's harmless|Wood Hammer|p1a: Landorus
|-damage|p1a: Landorus|0 fnt
|faint|p1a: Landorus
|-damage|p2a: He's harmless|0 fnt|[from] Recoil
|faint|p2a: He's harmless
|
|-fieldend|move: Grassy Terrain
|upkeep
|
|t:|1760731693
|switch|p1a: Torkoal|Torkoal, F|53/100
|switch|p2a: Raikou2|Raging Bolt|100/100
|-damage|p2a: Raikou2|88/100|[from] Stealth Rock
|-weather|SunnyDay|[from] ability: Drought|[of] p1a: Torkoal
|-activate|p2a: Raikou2|ability: Protosynthesis
|-start|p2a: Raikou2|protosynthesisspa
|turn|19
|
|t:|1760731701
|switch|p1a: Victreebel|Victreebel, F, shiny|50/100
|move|p2a: Raikou2|Calm Mind|p2a: Raikou2
|-boost|p2a: Raikou2|spa|1
|-boost|p2a: Raikou2|spd|1
|
|-weather|SunnyDay|[upkeep]
|upkeep
|turn|20
|
|t:|1760731705
|move|p1a: Victreebel|Encore|p2a: Raikou2
|-start|p2a: Raikou2|Encore
|move|p2a: Raikou2|Calm Mind|p2a: Raikou2
|-boost|p2a: Raikou2|spa|1
|-boost|p2a: Raikou2|spd|1
|
|-weather|SunnyDay|[upkeep]
|upkeep
|turn|21
|
|t:|1760731711
|move|p1a: Victreebel|Sludge Bomb|p2a: Raikou2
|-damage|p2a: Raikou2|73/100
|-status|p2a: Raikou2|psn
|move|p2a: Raikou2|Calm Mind|p2a: Raikou2
|-boost|p2a: Raikou2|spa|1
|-boost|p2a: Raikou2|spd|1
|
|-weather|SunnyDay|[upkeep]
|-damage|p2a: Raikou2|61/100 psn|[from] psn
|upkeep
|turn|22
|
|t:|1760731717
|move|p1a: Victreebel|Sludge Bomb|p2a: Raikou2
|-crit|p2a: Raikou2
|-damage|p2a: Raikou2|17/100 psn
|move|p2a: Raikou2|Calm Mind|p2a: Raikou2
|-boost|p2a: Raikou2|spa|1
|-boost|p2a: Raikou2|spd|1
|
|-weather|SunnyDay|[upkeep]
|-damage|p2a: Raikou2|4/100 psn|[from] psn
|-end|p2a: Raikou2|Encore
|upkeep
|turn|23
|-message|scj2012 forfeited.
|
|win|levi6969
|raw|levi6969's rating: 1248 &rarr; <strong>1274</strong><br />(+26 for winning)
|raw|scj2012's rating: 1255 &rarr; <strong>1229</strong><br />(-26 for losing)
|l|☆scj2012
|player|p2|
