|j|☆gojolecapybara
|j|☆cyluic
|t:|1760718787
|gametype|singles
|player|p1|gojolecapybara|2|1286
|player|p2|cyluic|unknown|1264
|gen|9
|tier|[Gen 9] OU
|rated|
|rule|HP Percentage Mod: HP is shown in percentages
|rule|Endless Battle Clause: Forcing endless battles is banned
|rule|Species Clause: Limit one of each Pokémon
|rule|OHKO Clause: OHKO moves are banned
|rule|Evasion Items Clause: Evasion items are banned
|rule|Evasion Moves Clause: Evasion moves are banned
|rule|Evasion Abilities Clause: Evasion abilities are banned
|rule|Sleep Moves Clause: Sleep-inducing moves are banned
|clearpoke
|poke|p1|Iron Crown|
|poke|p1|Samurott-Hisui, F|
|poke|p1|Zapdos|
|poke|p1|Dragapult, M|
|poke|p1|Great Tusk|
|poke|p1|Iron Boulder|
|poke|p2|Jirachi|
|poke|p2|Darkrai|
|poke|p2|Ogerpon, F|
|poke|p2|Shaymin|
|poke|p2|Meloetta|
|poke|p2|Thundurus, M|
|teampreview
|inactive|Battle timer is ON: inactive players will automatically lose when time's up. (requested by gojolecapybara)
|
|t:|1760718802
|teamsize|p1|6
|teamsize|p2|6
|start
|switch|p1a: Everytime We Touch|Samurott-Hisui, F|100/100
|switch|p2a: Thundurus|Thundurus, M|100/100
|turn|1
|
|t:|1760718806
|move|p1a: Everytime We Touch|Ceaseless Edge|p2a: Thundurus
|-damage|p2a: Thundurus|31/100
|-sidestart|p2: cyluic|Spikes
|move|p2a: Thundurus|Thunderbolt|p1a: Everytime We Touch
|-supereffective|p1a: Everytime We Touch
|-damage|p1a: Everytime We Touch|0 fnt
|faint|p1a: Everytime We Touch
|
|upkeep
|
|t:|1760718815
|switch|p1a: Parasite|Dragapult, M|100/100
|turn|2
|
|t:|1760718819
|move|p2a: Thundurus|Thunder Wave|p1a: Parasite
|-status|p1a: Parasite|par
|move|p1a: Parasite|Dragon Darts|p2a: Thundurus
|-damage|p2a: Thundurus|0 fnt
|faint|p2a: Thundurus
|
|upkeep
|
|t:|1760718832
|switch|p2a: Jirachi|Jirachi|100/100
|-damage|p2a: Jirachi|88/100|[from] Spikes
|turn|3
|
|t:|1760718836
|switch|p1a: Mindreader|Iron Crown|100/100
|move|p2a: Jirachi|Ice Punch|p1a: Mindreader
|-resisted|p1a: Mindreader
|-damage|p1a: Mindreader|84/100
|-status|p1a: Mindreader|frz
|
|upkeep
|turn|4
|
|t:|1760718845
|switch|p2a: Darkrai|Darkrai|100/100
|-damage|p2a: Darkrai|88/100|[from] Spikes
|cant|p1a: Mindreader|frz
|
|upkeep
|turn|5
|
|t:|1760718851
|move|p2a: Darkrai|Dark Pulse|p1a: Mindreader
|-supereffective|p1a: Mindreader
|-damage|p1a: Mindreader|5/100 frz
|-curestatus|p1a: Mindreader|frz|[msg]
|cant|p1a: Mindreader|flinch
|
|upkeep
|turn|6
|
|t:|1760718858
|move|p2a: Darkrai|Ice Beam|p1a: Mindreader
|-resisted|p1a: Mindreader
|-damage|p1a: Mindreader|0 fnt
|faint|p1a: Mindreader
|-end|p1a: Mindreader|Quark Drive|[silent]
|
|upkeep
|
|t:|1760718864
|switch|p1a: Revery|Iron Boulder|100/100
|-enditem|p1a: Revery|Booster Energy
|-activate|p1a: Revery|ability: Quark Drive|[fromitem]
|-start|p1a: Revery|quarkdrivespe
|turn|7
|
|t:|1760718874
|switch|p2a: Jirachi|Jirachi|88/100
|-damage|p2a: Jirachi|76/100|[from] Spikes
|-terastallize|p1a: Revery|Fighting
|move|p1a: Revery|Swords Dance|p1a: Revery
|-boost|p1a: Revery|atk|2
|
|upkeep
|turn|8
|
|t:|1760718881
|move|p1a: Revery|Close Combat|p2a: Jirachi
|-damage|p2a: Jirachi|0 fnt
|-unboost|p1a: Revery|def|1
|-unboost|p1a: Revery|spd|1
|faint|p2a: Jirachi
|
|upkeep
|
|t:|1760718893
|switch|p2a: Darkrai|Darkrai|88/100
|-damage|p2a: Darkrai|75/100|[from] Spikes
|turn|9
|
|t:|1760718898
|-terastallize|p2a: Darkrai|Poison
|move|p1a: Revery|Mighty Cleave|p2a: Darkrai
|-damage|p2a: Darkrai|0 fnt
|faint|p2a: Darkrai
|
|upkeep
|
|t:|1760718909
|switch|p2a: Shaymin|Shaymin|100/100
|turn|10
|
|t:|1760718913
|move|p1a: Revery|Close Combat|p2a: Shaymin
|-damage|p2a: Shaymin|0 fnt
|-unboost|p1a: Revery|def|1
|-unboost|p1a: Revery|spd|1
|faint|p2a: Shaymin
|
|upkeep
|
|t:|1760718916
|switch|p2a: Ogerpon|Ogerpon, F|100/100
|-damage|p2a: Ogerpon|88/100|[from] Spikes
|turn|11
|
|t:|1760718920
|move|p1a: Revery|Close Combat|p2a: Ogerpon
|-damage|p2a: Ogerpon|0 fnt
|-unboost|p1a: Revery|def|1
|-unboost|p1a: Revery|spd|1
|faint|p2a: Ogerpon
|
|upkeep
|
|t:|1760718923
|switch|p2a: Meloetta|Meloetta|100/100
|-damage|p2a: Meloetta|88/100|[from] Spikes
|turn|12
|
|t:|1760718931
|move|p1a: Revery|Close Combat|p2a: Meloetta
|-damage|p2a: Meloetta|0 fnt
|-unboost|p1a: Revery|def|1
|-unboost|p1a: Revery|spd|1
|faint|p2a: Meloetta
|
|win|gojolecapybara
|raw|gojolecapybara's rating: 1286 &rarr; <strong>1309</strong><br />(+23 for winning)
|raw|cyluic's rating: 1264 &rarr; <strong>1241</strong><br />(-23 for losing)
|c|☆gojolecapybara|gg
|l|☆cyluic
|player|p2|
|l|☆gojolecapybara
|player|p1|
