|j|☆Yelo_Galaxy
|j|☆receptus
|t:|1760721009
|gametype|singles
|player|p1|Yelo_Galaxy|102|1442
|player|p2|receptus|yellow|1524
|gen|9
|tier|[Gen 9] OU
|rated|
|rule|HP Percentage Mod: HP is shown in percentages
|rule|Endless Battle Clause: Forcing endless battles is banned
|rule|Species Clause: Limit one of each Pokémon
|rule|OHKO Clause: OHKO moves are banned
|rule|Evasion Items Clause: Evasion items are banned
|rule|Evasion Moves Clause: Evasion moves are banned
|rule|Evasion Abilities Clause: Evasion abilities are banned
|rule|Sleep Moves Clause: Sleep-inducing moves are banned
|clearpoke
|poke|p1|Dondozo, M|
|poke|p1|Blissey, F|
|poke|p1|Corviknight, M|
|poke|p1|Weezing-Galar, M|
|poke|p1|Gliscor, F|
|poke|p1|Toxapex, F|
|poke|p2|Dragapult, F|
|poke|p2|Glimmora, F|
|poke|p2|Iron Valiant|
|poke|p2|Ogerpon-Wellspring, F|
|poke|p2|Landorus-Therian, M|
|poke|p2|Kingambit, F|
|teampreview
|inactive|Battle timer is ON: inactive players will automatically lose when time's up. (requested by receptus)
|
|t:|1760721021
|teamsize|p1|6
|teamsize|p2|6
|start
|switch|p1a: Gliscor|Gliscor, F|100/100
|switch|p2a: Ogerpon|Ogerpon-Wellspring, F|100/100
|turn|1
|
|t:|1760721026
|move|p1a: Gliscor|Protect|p1a: Gliscor
|-singleturn|p1a: Gliscor|Protect
|move|p2a: Ogerpon|Taunt|p1a: Gliscor
|-activate|p1a: Gliscor|move: Protect
|
|-status|p1a: Gliscor|tox|[from] item: Toxic Orb
|upkeep
|turn|2
|
|t:|1760721031
|switch|p1a: Toxapex|Toxapex, F|100/100
|move|p2a: Ogerpon|Taunt|p1a: Toxapex
|-start|p1a: Toxapex|move: Taunt
|
|upkeep
|turn|3
|
|t:|1760721041
|switch|p1a: Corviknight|Corviknight, M|100/100
|-ability|p1a: Corviknight|Pressure
|move|p2a: Ogerpon|Ivy Cudgel|p1a: Corviknight|[anim] Ivy Cudgel Water
|-damage|p1a: Corviknight|66/100
|
|-heal|p1a: Corviknight|72/100|[from] item: Leftovers
|upkeep
|turn|4
|
|t:|1760721048
|switch|p2a: Landorus|Landorus-Therian, M|100/100
|-ability|p2a: Landorus|Intimidate|boost
|-unboost|p1a: Corviknight|atk|1
|move|p1a: Corviknight|Iron Defense|p1a: Corviknight
|-boost|p1a: Corviknight|def|2
|
|-heal|p1a: Corviknight|78/100|[from] item: Leftovers
|upkeep
|turn|5
|
|t:|1760721064
|move|p2a: Landorus|Stealth Rock|p1a: Corviknight
|-sidestart|p1: Yelo_Galaxy|move: Stealth Rock
|move|p1a: Corviknight|Iron Defense|p1a: Corviknight
|-boost|p1a: Corviknight|def|2
|
|-heal|p1a: Corviknight|84/100|[from] item: Leftovers
|upkeep
|turn|6
|
|t:|1760721069
|move|p2a: Landorus|U-turn|p1a: Corviknight
|-resisted|p1a: Corviknight
|-damage|p1a: Corviknight|83/100
|
|t:|1760721071
|switch|p2a: Dragapult|Dragapult, F|100/100|[from] U-turn
|move|p1a: Corviknight|Defog|p2a: Dragapult
|-fail|p2a: Dragapult|unboost|[from] ability: Clear Body|[of] p2a: Dragapult
|-sideend|p1: Yelo_Galaxy|Stealth Rock|[from] move: Defog|[of] p1a: Corviknight
|
|-heal|p1a: Corviknight|90/100|[from] item: Leftovers
|upkeep
|turn|7
|
|t:|1760721080
|switch|p1a: Gliscor|Gliscor, F|100/100 tox
|move|p2a: Dragapult|U-turn|p1a: Gliscor
|-resisted|p1a: Gliscor
|-damage|p1a: Gliscor|93/100 tox
|
|t:|1760721085
|switch|p2a: Ogerpon|Ogerpon-Wellspring, F|100/100|[from] U-turn
|
|-heal|p1a: Gliscor|100/100 tox|[from] ability: Poison Heal
|upkeep
|turn|8
|
|t:|1760721091
|switch|p1a: Weezing|Weezing-Galar, M|100/100
|-ability|p1a: Weezing|Neutralizing Gas
|move|p2a: Ogerpon|Taunt|p1a: Weezing
|-start|p1a: Weezing|move: Taunt
|
|upkeep
|turn|9
|
|t:|1760721095
|switch|p2a: Glimmora|Glimmora, F|100/100
|move|p1a: Weezing|Strange Steam|p2a: Glimmora
|-resisted|p2a: Glimmora
|-damage|p2a: Glimmora|82/100
|
|upkeep
|turn|10
|
|t:|1760721102
|-end|p1a: Weezing|ability: Neutralizing Gas
|switch|p1a: Gliscor|Gliscor, F|100/100 tox
|move|p2a: Glimmora|Meteor Beam||[still]
|-prepare|p2a: Glimmora|Meteor Beam
|-boost|p2a: Glimmora|spa|1
|-enditem|p2a: Glimmora|Power Herb
|-anim|p2a: Glimmora|Meteor Beam|p1a: Gliscor
|-damage|p1a: Gliscor|25/100 tox
|
|-heal|p1a: Gliscor|37/100 tox|[from] ability: Poison Heal
|upkeep
|turn|11
|
|t:|1760721112
|move|p1a: Gliscor|Protect|p1a: Gliscor
|-singleturn|p1a: Gliscor|Protect
|move|p2a: Glimmora|Spikes|p1a: Gliscor
|-sidestart|p1: Yelo_Galaxy|Spikes
|
|-heal|p1a: Gliscor|50/100 tox|[from] ability: Poison Heal
|upkeep
|turn|12
|
|t:|1760721117
|switch|p2a: Ogerpon|Ogerpon-Wellspring, F|100/100
|move|p1a: Gliscor|Earthquake|p2a: Ogerpon
|-resisted|p2a: Ogerpon
|-damage|p2a: Ogerpon|78/100
|
|-heal|p1a: Gliscor|62/100 tox|[from] ability: Poison Heal
|upkeep
|turn|13
|
|t:|1760721123
|move|p1a: Gliscor|Protect|p1a: Gliscor
|-singleturn|p1a: Gliscor|Protect
|move|p2a: Ogerpon|Ivy Cudgel|p1a: Gliscor|[anim] Ivy Cudgel Water
|-activate|p1a: Gliscor|move: Protect
|
|-heal|p1a: Gliscor|75/100 tox|[from] ability: Poison Heal
|upkeep
|turn|14
|
|t:|1760721129
|switch|p1a: Weezing|Weezing-Galar, M|100/100
|-ability|p1a: Weezing|Neutralizing Gas
|move|p2a: Ogerpon|Ivy Cudgel|p1a: Weezing|[anim] Ivy Cudgel Water
|-damage|p1a: Weezing|64/100
|
|upkeep
|turn|15
|
|t:|1760721139
|move|p2a: Ogerpon|Taunt|p1a: Weezing
|-start|p1a: Weezing|move: Taunt
|cant|p1a: Weezing|move: Taunt|Pain Split
|
|upkeep
|turn|16
|
|t:|1760721145
|switch|p2a: Glimmora|Glimmora, F|82/100
|-end|p1a: Weezing|ability: Neutralizing Gas
|switch|p1a: Corviknight|Corviknight, M|90/100
|-ability|p1a: Corviknight|Pressure
|
|-heal|p1a: Corviknight|96/100|[from] item: Leftovers
|upkeep
|turn|17
|
|t:|1760721150
|move|p2a: Glimmora|Meteor Beam||[still]
|-prepare|p2a: Glimmora|Meteor Beam
|-boost|p2a: Glimmora|spa|1
|move|p1a: Corviknight|Defog|p2a: Glimmora
|-unboost|p2a: Glimmora|evasion|1
|-sideend|p1: Yelo_Galaxy|Spikes|[from] move: Defog|[of] p1a: Corviknight
|
|-heal|p1a: Corviknight|100/100|[from] item: Leftovers
|upkeep
|turn|18
|
|t:|1760721154
|switch|p1a: Blissey|Blissey, F|100/100
|move|p2a: Glimmora|Meteor Beam|p1a: Blissey|[from] lockedmove
|-damage|p1a: Blissey|70/100
|
|-heal|p1a: Blissey|77/100|[from] item: Leftovers
|upkeep
|turn|19
|
|t:|1760721162
|move|p2a: Glimmora|Meteor Beam||[still]
|-prepare|p2a: Glimmora|Meteor Beam
|-boost|p2a: Glimmora|spa|1
|move|p1a: Blissey|Stealth Rock|p2a: Glimmora
|-sidestart|p2: receptus|move: Stealth Rock
|
|-heal|p1a: Blissey|83/100|[from] item: Leftovers
|upkeep
|turn|20
|
|t:|1760721165
|move|p2a: Glimmora|Meteor Beam|p1a: Blissey|[from] lockedmove|[miss]
|-miss|p2a: Glimmora|p1a: Blissey
|move|p1a: Blissey|Calm Mind|p1a: Blissey
|-boost|p1a: Blissey|spa|1
|-boost|p1a: Blissey|spd|1
|
|-heal|p1a: Blissey|89/100|[from] item: Leftovers
|upkeep
|turn|21
|
|t:|1760721168
|move|p2a: Glimmora|Mortal Spin|p1a: Blissey
|-damage|p1a: Blissey|83/100
|-status|p1a: Blissey|psn
|-sideend|p2: receptus|Stealth Rock|[from] move: Mortal Spin|[of] p2a: Glimmora
|move|p1a: Blissey|Calm Mind|p1a: Blissey
|-boost|p1a: Blissey|spa|1
|-boost|p1a: Blissey|spd|1
|
|-heal|p1a: Blissey|89/100 psn|[from] item: Leftovers
|-damage|p1a: Blissey|76/100 psn|[from] psn
|upkeep
|turn|22
|
|t:|1760721172
|move|p2a: Glimmora|Meteor Beam||[still]
|-prepare|p2a: Glimmora|Meteor Beam
|-boost|p2a: Glimmora|spa|1
|move|p1a: Blissey|Seismic Toss|p2a: Glimmora
|-damage|p2a: Glimmora|49/100
|-activate|p2a: Glimmora|ability: Toxic Debris
|-sidestart|p1: Yelo_Galaxy|move: Toxic Spikes
|
|-heal|p1a: Blissey|83/100 psn|[from] item: Leftovers
|-damage|p1a: Blissey|70/100 psn|[from] psn
|upkeep
|turn|23
|
|t:|1760721174
|move|p2a: Glimmora|Meteor Beam|p1a: Blissey|[from] lockedmove
|-damage|p1a: Blissey|48/100 psn
|move|p1a: Blissey|Calm Mind|p1a: Blissey
|-boost|p1a: Blissey|spa|1
|-boost|p1a: Blissey|spd|1
|
|-heal|p1a: Blissey|54/100 psn|[from] item: Leftovers
|-damage|p1a: Blissey|42/100 psn|[from] psn
|upkeep
|turn|24
|
|t:|1760721180
|move|p2a: Glimmora|Spikes|p1a: Blissey
|-sidestart|p1: Yelo_Galaxy|Spikes
|move|p1a: Blissey|Soft-Boiled|p1a: Blissey
|-heal|p1a: Blissey|92/100 psn
|
|-heal|p1a: Blissey|98/100 psn|[from] item: Leftovers
|-damage|p1a: Blissey|85/100 psn|[from] psn
|upkeep
|turn|25
|
|t:|1760721183
|move|p2a: Glimmora|Spikes|p1a: Blissey
|-sidestart|p1: Yelo_Galaxy|Spikes
|move|p1a: Blissey|Seismic Toss|p2a: Glimmora
|-damage|p2a: Glimmora|16/100
|-activate|p2a: Glimmora|ability: Toxic Debris
|-sidestart|p1: Yelo_Galaxy|move: Toxic Spikes
|
|-heal|p1a: Blissey|92/100 psn|[from] item: Leftovers
|-damage|p1a: Blissey|79/100 psn|[from] psn
|upkeep
|turn|26
|
|t:|1760721188
|switch|p2a: Dragapult|Dragapult, F|100/100
|move|p1a: Blissey|Seismic Toss|p2a: Dragapult
|-immune|p2a: Dragapult
|
|-heal|p1a: Blissey|85/100 psn|[from] item: Leftovers
|-damage|p1a: Blissey|73/100 psn|[from] psn
|upkeep
|turn|27
|
|t:|1760721191
|move|p2a: Dragapult|U-turn|p1a: Blissey
|-damage|p1a: Blissey|56/100 psn
|
|t:|1760721193
|switch|p2a: Glimmora|Glimmora, F|16/100|[from] U-turn
|move|p1a: Blissey|Soft-Boiled|p1a: Blissey
|-heal|p1a: Blissey|100/100 psn
|
|-damage|p1a: Blissey|88/100 psn|[from] psn
|upkeep
|turn|28
|
|t:|1760721196
|switch|p2a: Dragapult|Dragapult, F|100/100
|move|p1a: Blissey|Seismic Toss|p2a: Dragapult
|-immune|p2a: Dragapult
|
|-heal|p1a: Blissey|94/100 psn|[from] item: Leftovers
|-damage|p1a: Blissey|82/100 psn|[from] psn
|upkeep
|turn|29
|
|t:|1760721198
|move|p2a: Dragapult|U-turn|p1a: Blissey
|-damage|p1a: Blissey|66/100 psn
|
|t:|1760721200
|switch|p2a: Glimmora|Glimmora, F|16/100|[from] U-turn
|move|p1a: Blissey|Stealth Rock|p2a: Glimmora
|-sidestart|p2: receptus|move: Stealth Rock
|
|-heal|p1a: Blissey|72/100 psn|[from] item: Leftovers
|-damage|p1a: Blissey|59/100 psn|[from] psn
|upkeep
|turn|30
|
|t:|1760721204
|move|p2a: Glimmora|Mortal Spin|p1a: Blissey
|-damage|p1a: Blissey|54/100 psn
|-sideend|p2: receptus|Stealth Rock|[from] move: Mortal Spin|[of] p2a: Glimmora
|move|p1a: Blissey|Soft-Boiled|p1a: Blissey
|-heal|p1a: Blissey|100/100 psn
|
|-damage|p1a: Blissey|88/100 psn|[from] psn
|upkeep
|turn|31
|
|t:|1760721216
|-curestatus|p1a: Blissey|psn|[from] ability: Natural Cure
|switch|p1a: Corviknight|Corviknight, M|100/100
|-ability|p1a: Corviknight|Pressure
|move|p2a: Glimmora|Spikes|p1a: Corviknight
|-sidestart|p1: Yelo_Galaxy|Spikes
|
|upkeep
|turn|32
|
|t:|1760721220
|move|p2a: Glimmora|Meteor Beam||[still]
|-prepare|p2a: Glimmora|Meteor Beam
|-boost|p2a: Glimmora|spa|1
|move|p1a: Corviknight|Defog|p2a: Glimmora
|-unboost|p2a: Glimmora|evasion|1
|-sideend|p1: Yelo_Galaxy|Spikes|[from] move: Defog|[of] p1a: Corviknight
|-sideend|p1: Yelo_Galaxy|Toxic Spikes|[from] move: Defog|[of] p1a: Corviknight
|
|upkeep
|turn|33
|
|t:|1760721223
|switch|p1a: Blissey|Blissey, F|88/100
|move|p2a: Glimmora|Meteor Beam|p1a: Blissey|[from] lockedmove
|-damage|p1a: Blissey|61/100
|
|-heal|p1a: Blissey|67/100|[from] item: Leftovers
|upkeep
|turn|34
|
|t:|1760721228
|move|p2a: Glimmora|Spikes|p1a: Blissey
|-sidestart|p1: Yelo_Galaxy|Spikes
|move|p1a: Blissey|Seismic Toss|p2a: Glimmora
|-damage|p2a: Glimmora|0 fnt
|-activate|p2a: Glimmora|ability: Toxic Debris
|-sidestart|p1: Yelo_Galaxy|move: Toxic Spikes
|faint|p2a: Glimmora
|
|-heal|p1a: Blissey|73/100|[from] item: Leftovers
|upkeep
|
|t:|1760721231
|switch|p2a: Landorus|Landorus-Therian, M|100/100
|-ability|p2a: Landorus|Intimidate|boost
|-unboost|p1a: Blissey|atk|1
|turn|35
|
|t:|1760721236
|switch|p1a: Corviknight|Corviknight, M|100/100
|-ability|p1a: Corviknight|Pressure
|move|p2a: Landorus|Stealth Rock|p1a: Corviknight
|-sidestart|p1: Yelo_Galaxy|move: Stealth Rock
|
|upkeep
|turn|36
|
|t:|1760721238
|move|p2a: Landorus|Taunt|p1a: Corviknight
|-start|p1a: Corviknight|move: Taunt
|cant|p1a: Corviknight|move: Taunt|Defog
|
|upkeep
|turn|37
|
|t:|1760721246
|move|p2a: Landorus|U-turn|p1a: Corviknight
|-resisted|p1a: Corviknight
|-damage|p1a: Corviknight|97/100
|
|t:|1760721248
|switch|p2a: Dragapult|Dragapult, F|100/100|[from] U-turn
|move|p1a: Corviknight|Body Press|p2a: Dragapult
|-immune|p2a: Dragapult
|
|-heal|p1a: Corviknight|100/100|[from] item: Leftovers
|upkeep
|turn|38
|
|t:|1760721264
|move|p2a: Dragapult|U-turn|p1a: Corviknight
|-resisted|p1a: Corviknight
|-damage|p1a: Corviknight|98/100
|
|t:|1760721266
|switch|p2a: Landorus|Landorus-Therian, M|100/100|[from] U-turn
|-ability|p2a: Landorus|Intimidate|boost
|-unboost|p1a: Corviknight|atk|1
|move|p1a: Corviknight|Body Press|p2a: Landorus
|-resisted|p2a: Landorus
|-damage|p2a: Landorus|89/100
|-damage|p1a: Corviknight|81/100|[from] item: Rocky Helmet|[of] p2a: Landorus
|
|-heal|p1a: Corviknight|88/100|[from] item: Leftovers
|-end|p1a: Corviknight|move: Taunt
|upkeep
|turn|39
|
|t:|1760721281
|move|p2a: Landorus|Taunt|p1a: Corviknight
|-start|p1a: Corviknight|move: Taunt
|cant|p1a: Corviknight|move: Taunt|Defog
|
|-heal|p1a: Corviknight|94/100|[from] item: Leftovers
|upkeep
|turn|40
|
|t:|1760721284
|move|p2a: Landorus|U-turn|p1a: Corviknight
|-resisted|p1a: Corviknight
|-damage|p1a: Corviknight|91/100
|
|t:|1760721285
|switch|p2a: Dragapult|Dragapult, F|100/100|[from] U-turn
|move|p1a: Corviknight|Body Press|p2a: Dragapult
|-immune|p2a: Dragapult
|
|-heal|p1a: Corviknight|97/100|[from] item: Leftovers
|upkeep
|turn|41
|
|t:|1760721289
|switch|p1a: Toxapex|Toxapex, F|100/100
|-damage|p1a: Toxapex|88/100|[from] Spikes
|-sideend|p1: Yelo_Galaxy|move: Toxic Spikes|[of] p1a: Toxapex
|-damage|p1a: Toxapex|75/100|[from] Stealth Rock
|move|p2a: Dragapult|U-turn|p1a: Toxapex
|-resisted|p1a: Toxapex
|-damage|p1a: Toxapex|69/100
|
|t:|1760721292
|switch|p2a: Landorus|Landorus-Therian, M|89/100|[from] U-turn
|-ability|p2a: Landorus|Intimidate|boost
|-unboost|p1a: Toxapex|atk|1
|
|-heal|p1a: Toxapex|75/100|[from] item: Leftovers
|upkeep
|turn|42
|
|t:|1760721298
|switch|p1a: Gliscor|Gliscor, F|75/100 tox
|-damage|p1a: Gliscor|62/100 tox|[from] Stealth Rock
|move|p2a: Landorus|Taunt|p1a: Gliscor
|-start|p1a: Gliscor|move: Taunt
|
|-heal|p1a: Gliscor|75/100 tox|[from] ability: Poison Heal
|upkeep
|turn|43
|
|t:|1760721301
|switch|p2a: Ogerpon|Ogerpon-Wellspring, F|78/100
|move|p1a: Gliscor|Knock Off|p2a: Ogerpon
|-damage|p2a: Ogerpon|60/100
|
|-heal|p1a: Gliscor|87/100 tox|[from] ability: Poison Heal
|upkeep
|turn|44
|
|t:|1760721310
|switch|p1a: Toxapex|Toxapex, F|100/100
|-damage|p1a: Toxapex|88/100|[from] Spikes
|-damage|p1a: Toxapex|75/100|[from] Stealth Rock
|move|p2a: Ogerpon|Ivy Cudgel|p1a: Toxapex|[anim] Ivy Cudgel Water
|-resisted|p1a: Toxapex
|-damage|p1a: Toxapex|52/100
|
|-heal|p1a: Toxapex|58/100|[from] item: Leftovers
|upkeep
|turn|45
|
|t:|1760721315
|switch|p1a: Weezing|Weezing-Galar, M|64/100
|-ability|p1a: Weezing|Neutralizing Gas
|move|p2a: Ogerpon|Taunt|p1a: Weezing
|-start|p1a: Weezing|move: Taunt
|
|upkeep
|turn|46
|
|t:|1760721321
|-terastallize|p2a: Ogerpon|Water
|detailschange|p2a: Ogerpon|Ogerpon-Wellspring-Tera, F, tera:Water
|move|p2a: Ogerpon|Ivy Cudgel|p1a: Weezing|[anim] Ivy Cudgel Water
|-damage|p1a: Weezing|15/100
|move|p1a: Weezing|Strange Steam|p2a: Ogerpon
|-damage|p2a: Ogerpon|29/100
|
|upkeep
|turn|47
|
|t:|1760721340
|-end|p1a: Weezing|ability: Neutralizing Gas
|-ability|p2a: Ogerpon|Embody Aspect (Wellspring)|boost
|-boost|p2a: Ogerpon|spd|1
|switch|p1a: Dondozo|Dondozo, M|100/100
|-damage|p1a: Dondozo|88/100|[from] Spikes
|-damage|p1a: Dondozo|76/100|[from] Stealth Rock
|move|p2a: Ogerpon|Horn Leech|p1a: Dondozo
|-supereffective|p1a: Dondozo
|-damage|p1a: Dondozo|35/100
|-heal|p2a: Ogerpon|63/100|[from] drain|[of] p1a: Dondozo
|
|-heal|p1a: Dondozo|41/100|[from] item: Leftovers
|upkeep
|turn|48
|
|t:|1760721346
|-terastallize|p1a: Dondozo|Dragon
|move|p2a: Ogerpon|Horn Leech|p1a: Dondozo
|-resisted|p1a: Dondozo
|-damage|p1a: Dondozo|31/100
|-heal|p2a: Ogerpon|71/100|[from] drain|[of] p1a: Dondozo
|move|p1a: Dondozo|Rest|p1a: Dondozo
|-status|p1a: Dondozo|slp|[from] move: Rest
|-heal|p1a: Dondozo|100/100 slp|[silent]
|
|upkeep
|turn|49
|
|t:|1760721352
|switch|p2a: Dragapult|Dragapult, F|100/100
|cant|p1a: Dondozo|slp
|move|p1a: Dondozo|Sleep Talk|p1a: Dondozo
|move|p1a: Dondozo|Rest||[from] move: Sleep Talk|[still]
|-fail|p1a: Dondozo
|
|upkeep
|turn|50
|
|t:|1760721359
|switch|p1a: Toxapex|Toxapex, F|91/100
|-damage|p1a: Toxapex|79/100|[from] Spikes
|-damage|p1a: Toxapex|66/100|[from] Stealth Rock
|move|p2a: Dragapult|U-turn|p1a: Toxapex
|-resisted|p1a: Toxapex
|-damage|p1a: Toxapex|59/100
|
|t:|1760721361
|switch|p2a: Ogerpon|Ogerpon-Wellspring-Tera, F, tera:Water|71/100|[from] U-turn
|-ability|p2a: Ogerpon|Embody Aspect (Wellspring)|boost
|-boost|p2a: Ogerpon|spd|1
|
|-heal|p1a: Toxapex|66/100|[from] item: Leftovers
|upkeep
|turn|51
|
|t:|1760721369
|move|p2a: Ogerpon|Taunt|p1a: Toxapex
|-start|p1a: Toxapex|move: Taunt
|cant|p1a: Toxapex|move: Taunt|Toxic
|
|-heal|p1a: Toxapex|72/100|[from] item: Leftovers
|upkeep
|turn|52
|
|t:|1760721374
|switch|p1a: Dondozo|Dondozo, M, tera:Dragon|100/100 slp
|-damage|p1a: Dondozo|88/100 slp|[from] Spikes
|-damage|p1a: Dondozo|76/100 slp|[from] Stealth Rock
|move|p2a: Ogerpon|Play Rough|p1a: Dondozo
|-supereffective|p1a: Dondozo
|-damage|p1a: Dondozo|46/100 slp
|
|-heal|p1a: Dondozo|52/100 slp|[from] item: Leftovers
|upkeep
|turn|53
|
|t:|1760721378
|move|p2a: Ogerpon|Play Rough|p1a: Dondozo|[miss]
|-miss|p2a: Ogerpon|p1a: Dondozo
|cant|p1a: Dondozo|slp
|move|p1a: Dondozo|Sleep Talk|p1a: Dondozo
|move|p1a: Dondozo|Rest||[from] move: Sleep Talk|[still]
|-fail|p1a: Dondozo
|
|-heal|p1a: Dondozo|58/100 slp|[from] item: Leftovers
|upkeep
|turn|54
|
|t:|1760721385
|move|p2a: Ogerpon|Taunt|p1a: Dondozo
|-start|p1a: Dondozo|move: Taunt
|-curestatus|p1a: Dondozo|slp|[msg]
|cant|p1a: Dondozo|move: Taunt|Rest
|
|-heal|p1a: Dondozo|65/100|[from] item: Leftovers
|upkeep
|turn|55
|
|t:|1760721392
|move|p2a: Ogerpon|Play Rough|p1a: Dondozo
|-supereffective|p1a: Dondozo
|-damage|p1a: Dondozo|33/100
|move|p1a: Dondozo|Body Press|p2a: Ogerpon
|-damage|p2a: Ogerpon|34/100
|
|-heal|p1a: Dondozo|39/100|[from] item: Leftovers
|upkeep
|turn|56
|
|t:|1760721397
|switch|p2a: Dragapult|Dragapult, F|100/100
|move|p1a: Dondozo|Body Press|p2a: Dragapult
|-immune|p2a: Dragapult
|
|-heal|p1a: Dondozo|45/100|[from] item: Leftovers
|-end|p1a: Dondozo|move: Taunt
|upkeep
|turn|57
|
|t:|1760721401
|move|p2a: Dragapult|U-turn|p1a: Dondozo
|-damage|p1a: Dondozo|37/100
|
|t:|1760721404
|switch|p2a: Landorus|Landorus-Therian, M|89/100|[from] U-turn
|-ability|p2a: Landorus|Intimidate|boost
|-unboost|p1a: Dondozo|atk|1
|move|p1a: Dondozo|Rest|p1a: Dondozo
|-status|p1a: Dondozo|slp|[from] move: Rest
|-heal|p1a: Dondozo|100/100 slp|[silent]
|
|upkeep
|turn|58
|
|t:|1760721409
|switch|p1a: Corviknight|Corviknight, M|97/100
|-damage|p1a: Corviknight|84/100|[from] Stealth Rock
|-ability|p1a: Corviknight|Pressure
|move|p2a: Landorus|U-turn|p1a: Corviknight
|-resisted|p1a: Corviknight
|-damage|p1a: Corviknight|81/100
|
|t:|1760721413
|switch|p2a: Dragapult|Dragapult, F|100/100|[from] U-turn
|
|-heal|p1a: Corviknight|88/100|[from] item: Leftovers
|upkeep
|turn|59
|
|t:|1760721416
|move|p2a: Dragapult|Flamethrower|p1a: Corviknight
|-supereffective|p1a: Corviknight
|-damage|p1a: Corviknight|18/100
|-status|p1a: Corviknight|brn
|move|p1a: Corviknight|Defog|p2a: Dragapult
|-fail|p2a: Dragapult|unboost|[from] ability: Clear Body|[of] p2a: Dragapult
|-sideend|p1: Yelo_Galaxy|Spikes|[from] move: Defog|[of] p1a: Corviknight
|-sideend|p1: Yelo_Galaxy|Stealth Rock|[from] move: Defog|[of] p1a: Corviknight
|
|-heal|p1a: Corviknight|24/100 brn|[from] item: Leftovers
|-damage|p1a: Corviknight|18/100 brn|[from] brn
|upkeep
|turn|60
|
|t:|1760721424
|switch|p2a: Landorus|Landorus-Therian, M|89/100
|-ability|p2a: Landorus|Intimidate|boost
|-unboost|p1a: Corviknight|atk|1
|switch|p1a: Gliscor|Gliscor, F|87/100 tox
|
|-heal|p1a: Gliscor|99/100 tox|[from] ability: Poison Heal
|upkeep
|turn|61
|
|t:|1760721435
|move|p2a: Landorus|Taunt|p1a: Gliscor
|-start|p1a: Gliscor|move: Taunt
|move|p1a: Gliscor|Knock Off|p2a: Landorus
|-damage|p2a: Landorus|67/100
|-damage|p1a: Gliscor|83/100 tox|[from] item: Rocky Helmet|[of] p2a: Landorus
|-enditem|p2a: Landorus|Rocky Helmet|[from] move: Knock Off|[of] p1a: Gliscor
|
|-heal|p1a: Gliscor|96/100 tox|[from] ability: Poison Heal
|upkeep
|turn|62
|
|t:|1760721440
|switch|p1a: Corviknight|Corviknight, M|18/100 brn
|-ability|p1a: Corviknight|Pressure
|move|p2a: Landorus|Stealth Rock|p1a: Corviknight
|-sidestart|p1: Yelo_Galaxy|move: Stealth Rock
|
|-heal|p1a: Corviknight|24/100 brn|[from] item: Leftovers
|-damage|p1a: Corviknight|18/100 brn|[from] brn
|upkeep
|turn|63
|
|t:|1760721443
|move|p2a: Landorus|Taunt|p1a: Corviknight
|-start|p1a: Corviknight|move: Taunt
|cant|p1a: Corviknight|move: Taunt|Roost
|
|-heal|p1a: Corviknight|24/100 brn|[from] item: Leftovers
|-damage|p1a: Corviknight|18/100 brn|[from] brn
|upkeep
|turn|64
|c|☆Yelo_Galaxy|bro
|c|☆Yelo_Galaxy|why do u have taunt
|c|☆Yelo_Galaxy|on every single pokemon
|c|☆receptus|XD
|
|t:|1760721460
|move|p2a: Landorus|U-turn|p1a: Corviknight
|-resisted|p1a: Corviknight
|-damage|p1a: Corviknight|14/100 brn
|
|t:|1760721462
|switch|p2a: Dragapult|Dragapult, F|100/100|[from] U-turn
|move|p1a: Corviknight|Body Press|p2a: Dragapult
|-immune|p2a: Dragapult
|
|-heal|p1a: Corviknight|21/100 brn|[from] item: Leftovers
|-damage|p1a: Corviknight|14/100 brn|[from] brn
|upkeep
|turn|65
|c|☆Yelo_Galaxy|this doesn't even have am ove
|c|☆Yelo_Galaxy|to hit flying types
|
|t:|1760721470
|switch|p1a: Toxapex|Toxapex, F|100/100
|-damage|p1a: Toxapex|88/100|[from] Stealth Rock
|move|p2a: Dragapult|U-turn|p1a: Toxapex
|-resisted|p1a: Toxapex
|-damage|p1a: Toxapex|82/100
|
|t:|1760721473
|switch|p2a: Ogerpon|Ogerpon-Wellspring-Tera, F, tera:Water|34/100|[from] U-turn
|-ability|p2a: Ogerpon|Embody Aspect (Wellspring)|boost
|-boost|p2a: Ogerpon|spd|1
|
|-heal|p1a: Toxapex|88/100|[from] item: Leftovers
|upkeep
|turn|66
|
|t:|1760721481
|switch|p1a: Dondozo|Dondozo, M, tera:Dragon|100/100 slp
|-damage|p1a: Dondozo|88/100 slp|[from] Stealth Rock
|move|p2a: Ogerpon|Taunt|p1a: Dondozo
|-start|p1a: Dondozo|move: Taunt
|
|-heal|p1a: Dondozo|94/100 slp|[from] item: Leftovers
|upkeep
|turn|67
|
|t:|1760721486
|switch|p2a: Dragapult|Dragapult, F|100/100
|cant|p1a: Dondozo|slp
|
|-heal|p1a: Dondozo|100/100 slp|[from] item: Leftovers
|upkeep
|turn|68
|
|t:|1760721494
|switch|p1a: Toxapex|Toxapex, F|100/100
|-damage|p1a: Toxapex|88/100|[from] Stealth Rock
|move|p2a: Dragapult|Draco Meteor|p1a: Toxapex
|-damage|p1a: Toxapex|31/100
|-unboost|p2a: Dragapult|spa|2
|
|-heal|p1a: Toxapex|38/100|[from] item: Leftovers
|upkeep
|turn|69
|
|t:|1760721504
|switch|p2a: Kingambit|Kingambit, F|100/100
|-activate|p2a: Kingambit|ability: Supreme Overlord
|-start|p2a: Kingambit|fallen1|[silent]
|switch|p1a: Blissey|Blissey, F|73/100
|-damage|p1a: Blissey|61/100|[from] Stealth Rock
|
|-heal|p1a: Blissey|67/100|[from] item: Leftovers
|upkeep
|turn|70
|
|t:|1760721514
|switch|p1a: Dondozo|Dondozo, M, tera:Dragon|100/100 slp
|-damage|p1a: Dondozo|88/100 slp|[from] Stealth Rock
|move|p2a: Kingambit|Iron Head|p1a: Dondozo
|-damage|p1a: Dondozo|65/100 slp
|
|-heal|p1a: Dondozo|71/100 slp|[from] item: Leftovers
|upkeep
|turn|71
|
|t:|1760721517
|-end|p2a: Kingambit|fallen1|[silent]
|switch|p2a: Dragapult|Dragapult, F|100/100
|cant|p1a: Dondozo|slp
|move|p1a: Dondozo|Sleep Talk|p1a: Dondozo
|move|p1a: Dondozo|Body Press|p2a: Dragapult|[from] move: Sleep Talk
|-immune|p2a: Dragapult
|
|-heal|p1a: Dondozo|78/100 slp|[from] item: Leftovers
|upkeep
|turn|72
|
|t:|1760721528
|switch|p1a: Weezing|Weezing-Galar, M|15/100
|-ability|p1a: Weezing|Neutralizing Gas
|move|p2a: Dragapult|Draco Meteor|p1a: Weezing
|-immune|p1a: Weezing
|
|upkeep
|turn|73
|c|☆Yelo_Galaxy|but like actually why
|c|☆Yelo_Galaxy|would u do that lol
|
|t:|1760721541
|switch|p2a: Landorus|Landorus-Therian, M|67/100
|move|p1a: Weezing|Pain Split|p2a: Landorus
|-sethp|p2a: Landorus|40/100|[from] move: Pain Split|[silent]
|-sethp|p1a: Weezing|45/100|[from] move: Pain Split
|
|upkeep
|turn|74
|c|☆receptus|multitasking
|
|t:|1760721551
|move|p2a: Landorus|Earthquake|p1a: Weezing
|-supereffective|p1a: Weezing
|-damage|p1a: Weezing|0 fnt
|faint|p1a: Weezing
|-end|p1a: Weezing|ability: Neutralizing Gas
|
|upkeep
|
|t:|1760721554
|switch|p1a: Gliscor|Gliscor, F|96/100 tox
|-damage|p1a: Gliscor|83/100 tox|[from] Stealth Rock
|turn|75
|-message|Yelo_Galaxy forfeited.
|
|win|receptus
|raw|Yelo_Galaxy's rating: 1442 &rarr; <strong>1427</strong><br />(-15 for losing)
|raw|receptus's rating: 1524 &rarr; <strong>1539</strong><br />(+15 for winning)
|l|☆Yelo_Galaxy
|player|p1|
