|j|☆Gulptubus
|j|☆kebab.ixx
|t:|1760718967
|gametype|singles
|player|p1|Gulptubus|pokemonranger-gen4|1576
|player|p2|kebab.ixx|1|1607
|gen|9
|tier|[Gen 9] OU
|rated|
|rule|HP Percentage Mod: HP is shown in percentages
|rule|Endless Battle Clause: Forcing endless battles is banned
|rule|Species Clause: Limit one of each Pokémon
|rule|OHKO Clause: OHKO moves are banned
|rule|Evasion Items Clause: Evasion items are banned
|rule|Evasion Moves Clause: Evasion moves are banned
|rule|Evasion Abilities Clause: Evasion abilities are banned
|rule|Sleep Moves Clause: Sleep-inducing moves are banned
|clearpoke
|poke|p1|Kyurem|
|poke|p1|Rillaboom, F|
|poke|p1|Cinderace, F|
|poke|p1|Slowking-Galar, F|
|poke|p1|Great Tusk|
|poke|p1|Enamorus, F|
|poke|p2|Kleavor, F|
|poke|p2|Iron Crown|
|poke|p2|Cinderace, M|
|poke|p2|Pecharunt|
|poke|p2|Dragonite, M|
|poke|p2|Garchomp, M|
|teampreview
|
|t:|1760718985
|teamsize|p1|6
|teamsize|p2|6
|start
|switch|p1a: Rillaboom|Rillaboom, F|100/100
|switch|p2a: Kleavor|Kleavor, F|100/100
|-fieldstart|move: Grassy Terrain|[from] ability: Grassy Surge|[of] p1a: Rillaboom
|turn|1
|
|t:|1760718995
|move|p1a: Rillaboom|Grassy Glide|p2a: Kleavor
|-damage|p2a: Kleavor|27/100
|move|p2a: Kleavor|X-Scissor|p1a: Rillaboom
|-supereffective|p1a: Rillaboom
|-damage|p1a: Rillaboom|0 fnt
|faint|p1a: Rillaboom
|
|-heal|p2a: Kleavor|33/100|[from] Grassy Terrain
|upkeep
|
|t:|1760719006
|switch|p1a: Enamorus|Enamorus, F|100/100
|turn|2
|
|t:|1760719010
|switch|p2a: Iron Crown|Iron Crown|100/100
|move|p1a: Enamorus|Earth Power|p2a: Iron Crown
|-supereffective|p2a: Iron Crown
|-damage|p2a: Iron Crown|39/100
|
|-heal|p2a: Iron Crown|45/100|[from] Grassy Terrain
|upkeep
|turn|3
|
|t:|1760719016
|switch|p1a: Kyurem|Kyurem|100/100
|-ability|p1a: Kyurem|Pressure
|-end|p2a: Iron Crown|Quark Drive|[silent]
|switch|p2a: Pecharunt|Pecharunt|100/100
|-item|p2a: Pecharunt|Air Balloon
|
|upkeep
|turn|4
|
|t:|1760719021
|move|p1a: Kyurem|Substitute|p1a: Kyurem
|-start|p1a: Kyurem|Substitute
|-damage|p1a: Kyurem|75/100
|move|p2a: Pecharunt|Malignant Chain|p1a: Kyurem
|-end|p1a: Kyurem|Substitute
|
|-heal|p1a: Kyurem|82/100|[from] Grassy Terrain
|-heal|p1a: Kyurem|88/100|[from] item: Leftovers
|upkeep
|turn|5
|
|t:|1760719025
|move|p1a: Kyurem|Protect|p1a: Kyurem
|-singleturn|p1a: Kyurem|Protect
|move|p2a: Pecharunt|Nasty Plot|p2a: Pecharunt
|-boost|p2a: Pecharunt|spa|2
|
|-heal|p1a: Kyurem|94/100|[from] Grassy Terrain
|-heal|p1a: Kyurem|99/100|[from] item: Leftovers
|-fieldend|move: Grassy Terrain
|upkeep
|turn|6
|
|t:|1760719030
|-terastallize|p2a: Pecharunt|Fairy
|move|p1a: Kyurem|Substitute|p1a: Kyurem
|-start|p1a: Kyurem|Substitute
|-damage|p1a: Kyurem|75/100
|move|p2a: Pecharunt|Tera Blast|p1a: Kyurem|[anim] Tera Blast Fairy
|-supereffective|p1a: Kyurem
|-end|p1a: Kyurem|Substitute
|
|-heal|p1a: Kyurem|81/100|[from] item: Leftovers
|upkeep
|turn|7
|
|t:|1760719033
|move|p1a: Kyurem|Protect|p1a: Kyurem
|-singleturn|p1a: Kyurem|Protect
|move|p2a: Pecharunt|Nasty Plot|p2a: Pecharunt
|-boost|p2a: Pecharunt|spa|2
|
|-heal|p1a: Kyurem|88/100|[from] item: Leftovers
|upkeep
|turn|8
|
|t:|1760719036
|move|p1a: Kyurem|Substitute|p1a: Kyurem
|-start|p1a: Kyurem|Substitute
|-damage|p1a: Kyurem|63/100
|move|p2a: Pecharunt|Tera Blast|p1a: Kyurem|[anim] Tera Blast Fairy
|-supereffective|p1a: Kyurem
|-end|p1a: Kyurem|Substitute
|
|-heal|p1a: Kyurem|69/100|[from] item: Leftovers
|upkeep
|turn|9
|
|t:|1760719042
|move|p1a: Kyurem|Protect|p1a: Kyurem
|-singleturn|p1a: Kyurem|Protect
|move|p2a: Pecharunt|Nasty Plot|p2a: Pecharunt
|-boost|p2a: Pecharunt|spa|2
|
|-heal|p1a: Kyurem|75/100|[from] item: Leftovers
|upkeep
|turn|10
|
|t:|1760719047
|move|p1a: Kyurem|Substitute|p1a: Kyurem
|-start|p1a: Kyurem|Substitute
|-damage|p1a: Kyurem|50/100
|move|p2a: Pecharunt|Malignant Chain|p1a: Kyurem
|-end|p1a: Kyurem|Substitute
|
|-heal|p1a: Kyurem|56/100|[from] item: Leftovers
|upkeep
|turn|11
|
|t:|1760719050
|move|p1a: Kyurem|Freeze-Dry|p2a: Pecharunt
|-crit|p2a: Pecharunt
|-damage|p2a: Pecharunt|39/100
|-enditem|p2a: Pecharunt|Air Balloon
|move|p2a: Pecharunt|Nasty Plot|p2a: Pecharunt
|-boost|p2a: Pecharunt|spa|0
|
|-heal|p1a: Kyurem|62/100|[from] item: Leftovers
|upkeep
|turn|12
|
|t:|1760719054
|move|p1a: Kyurem|Freeze-Dry|p2a: Pecharunt
|-damage|p2a: Pecharunt|0 fnt
|faint|p2a: Pecharunt
|
|-heal|p1a: Kyurem|69/100|[from] item: Leftovers
|upkeep
|
|t:|1760719057
|switch|p2a: Iron Crown|Iron Crown|45/100
|turn|13
|
|t:|1760719060
|move|p1a: Kyurem|Protect|p1a: Kyurem
|-singleturn|p1a: Kyurem|Protect
|move|p2a: Iron Crown|Tachyon Cutter|p1a: Kyurem
|-activate|p1a: Kyurem|move: Protect
|
|-heal|p1a: Kyurem|75/100|[from] item: Leftovers
|upkeep
|turn|14
|
|t:|1760719064
|-end|p2a: Iron Crown|Quark Drive|[silent]
|switch|p2a: Kleavor|Kleavor, F|33/100
|switch|p1a: Great Tusk|Great Tusk|100/100
|
|upkeep
|turn|15
|j| Mr Pokemon Trianer
|
|t:|1760719067
|move|p1a: Great Tusk|Knock Off|p2a: Kleavor
|-damage|p2a: Kleavor|0 fnt
|-enditem|p2a: Kleavor|Focus Sash|[from] move: Knock Off|[of] p1a: Great Tusk
|faint|p2a: Kleavor
|
|upkeep
|
|t:|1760719071
|switch|p2a: Cinderace|Cinderace, M|100/100
|turn|16
|
|t:|1760719075
|-end|p1a: Great Tusk|Protosynthesis|[silent]
|switch|p1a: Cinderace|Cinderace, F|100/100
|move|p2a: Cinderace|Pyro Ball|p1a: Cinderace|[miss]
|-miss|p2a: Cinderace|p1a: Cinderace
|
|upkeep
|turn|17
|
|t:|1760719077
|move|p2a: Cinderace|Swords Dance|p2a: Cinderace
|-boost|p2a: Cinderace|atk|2
|move|p1a: Cinderace|Pyro Ball|p2a: Cinderace
|-resisted|p2a: Cinderace
|-damage|p2a: Cinderace|62/100
|
|upkeep
|turn|18
|
|t:|1760719080
|move|p2a: Cinderace|Pyro Ball|p1a: Cinderace
|-resisted|p1a: Cinderace
|-damage|p1a: Cinderace|23/100
|move|p1a: Cinderace|Pyro Ball|p2a: Cinderace
|-resisted|p2a: Cinderace
|-damage|p2a: Cinderace|4/100
|
|upkeep
|turn|19
|
|t:|1760719083
|move|p2a: Cinderace|Pyro Ball|p1a: Cinderace
|-resisted|p1a: Cinderace
|-damage|p1a: Cinderace|0 fnt
|faint|p1a: Cinderace
|
|upkeep
|
|t:|1760719086
|switch|p1a: Enamorus|Enamorus, F|100/100
|turn|20
|
|t:|1760719096
|switch|p2a: Iron Crown|Iron Crown|45/100
|move|p1a: Enamorus|Moonblast|p2a: Iron Crown
|-resisted|p2a: Iron Crown
|-damage|p2a: Iron Crown|20/100
|-unboost|p2a: Iron Crown|spa|1
|
|upkeep
|turn|21
|
|t:|1760719103
|move|p1a: Enamorus|Moonblast|p2a: Iron Crown
|-resisted|p2a: Iron Crown
|-damage|p2a: Iron Crown|0 fnt
|faint|p2a: Iron Crown
|-end|p2a: Iron Crown|Quark Drive|[silent]
|
|upkeep
|
|t:|1760719107
|switch|p2a: Dragonite|Dragonite, M|100/100
|turn|22
|l| Mr Pokemon Trianer
|
|t:|1760719112
|switch|p1a: Great Tusk|Great Tusk|100/100
|move|p2a: Dragonite|Ice Spinner|p1a: Great Tusk
|-supereffective|p1a: Great Tusk
|-damage|p1a: Great Tusk|62/100
|
|upkeep
|turn|23
|
|t:|1760719116
|switch|p2a: Garchomp|Garchomp, M|100/100
|move|p1a: Great Tusk|Knock Off|p2a: Garchomp
|-damage|p2a: Garchomp|71/100
|-damage|p1a: Great Tusk|50/100|[from] ability: Rough Skin|[of] p2a: Garchomp
|-enditem|p2a: Garchomp|Loaded Dice|[from] move: Knock Off|[of] p1a: Great Tusk
|
|upkeep
|turn|24
|
|t:|1760719125
|-end|p1a: Great Tusk|Protosynthesis|[silent]
|switch|p1a: Enamorus|Enamorus, F|100/100
|move|p2a: Garchomp|Scale Shot|p1a: Enamorus
|-immune|p1a: Enamorus
|
|upkeep
|turn|25
|
|t:|1760719128
|move|p1a: Enamorus|Moonblast|p2a: Garchomp
|-supereffective|p2a: Garchomp
|-damage|p2a: Garchomp|0 fnt
|faint|p2a: Garchomp
|
|upkeep
|
|t:|1760719129
|switch|p2a: Dragonite|Dragonite, M|100/100
|turn|26
|
|t:|1760719137
|switch|p1a: Kyurem|Kyurem|75/100
|-ability|p1a: Kyurem|Pressure
|move|p2a: Dragonite|Ice Spinner|p1a: Kyurem
|-damage|p1a: Kyurem|47/100
|
|-heal|p1a: Kyurem|53/100|[from] item: Leftovers
|upkeep
|turn|27
|
|t:|1760719141
|move|p1a: Kyurem|Freeze-Dry|p2a: Dragonite
|-supereffective|p2a: Dragonite
|-damage|p2a: Dragonite|28/100
|move|p2a: Dragonite|Dragon Dance|p2a: Dragonite
|-boost|p2a: Dragonite|atk|1
|-boost|p2a: Dragonite|spe|1
|
|-heal|p1a: Kyurem|59/100|[from] item: Leftovers
|upkeep
|turn|28
|
|t:|1760719144
|move|p2a: Dragonite|Earthquake|p1a: Kyurem
|-damage|p1a: Kyurem|9/100
|move|p1a: Kyurem|Freeze-Dry|p2a: Dragonite
|-supereffective|p2a: Dragonite
|-damage|p2a: Dragonite|0 fnt
|faint|p2a: Dragonite
|
|-heal|p1a: Kyurem|15/100|[from] item: Leftovers
|upkeep
|
|t:|1760719146
|switch|p2a: Cinderace|Cinderace, M|4/100
|turn|29
|
|t:|1760719148
|move|p1a: Kyurem|Protect|p1a: Kyurem
|-singleturn|p1a: Kyurem|Protect
|move|p2a: Cinderace|Pyro Ball|p1a: Kyurem
|-activate|p1a: Kyurem|move: Protect
|
|-heal|p1a: Kyurem|21/100|[from] item: Leftovers
|upkeep
|turn|30
|
|t:|1760719151
|move|p2a: Cinderace|Pyro Ball|p1a: Kyurem
|-damage|p1a: Kyurem|0 fnt
|faint|p1a: Kyurem
|
|upkeep
|
|t:|1760719153
|switch|p1a: Enamorus|Enamorus, F|100/100
|turn|31
|
|t:|1760719156
|move|p1a: Enamorus|Moonblast|p2a: Cinderace
|-resisted|p2a: Cinderace
|-damage|p2a: Cinderace|0 fnt
|faint|p2a: Cinderace
|
|win|Gulptubus
|raw|Gulptubus's rating: 1576 &rarr; <strong>1598</strong><br />(+22 for winning)
|raw|kebab.ixx's rating: 1607 &rarr; <strong>1585</strong><br />(-22 for losing)
|l|☆kebab.ixx
|player|p2|
|l|☆Gulptubus
|player|p1|
