|j|☆loopy butt
|j|☆theKentoRico
|t:|1760849769
|gametype|singles
|player|p1|loopy butt|101|1061
|player|p2|theKentoRico|hilbert|1115
|gen|9
|tier|[Gen 9] OU
|rated|
|rule|HP Percentage Mod: HP is shown in percentages
|rule|Endless Battle Clause: Forcing endless battles is banned
|rule|Species Clause: Limit one of each Pokémon
|rule|OHKO Clause: OHKO moves are banned
|rule|Evasion Items Clause: Evasion items are banned
|rule|Evasion Moves Clause: Evasion moves are banned
|rule|Evasion Abilities Clause: Evasion abilities are banned
|rule|Sleep Moves Clause: Sleep-inducing moves are banned
|clearpoke
|poke|p1|Sinistcha|
|poke|p1|Landorus-Therian, M|
|poke|p1|Slowking-Galar, F|
|poke|p1|Grimmsnarl, M|
|poke|p1|Iron Treads|
|poke|p1|Dachsbun, M|
|poke|p2|Decidueye, F|
|poke|p2|Ogerpon-Wellspring, F|
|poke|p2|Glimmora, M|
|poke|p2|Gholdengo|
|poke|p2|Primarina, F|
|poke|p2|Kingambit, M|
|teampreview
|inactive|Battle timer is ON: inactive players will automatically lose when time's up. (requested by theKentoRico)
|j| billtox29
|
|t:|1760849789
|teamsize|p1|6
|teamsize|p2|6
|start
|switch|p1a: Iron Treads|Iron Treads|100/100
|switch|p2a: Decidueye|Decidueye, F|100/100
|-enditem|p1a: Iron Treads|Booster Energy
|-activate|p1a: Iron Treads|ability: Quark Drive|[fromitem]
|-start|p1a: Iron Treads|quarkdrivespe
|turn|1
|l|☆loopy butt
|inactive|loopy butt disconnected and has a minute to reconnect!
|player|p1|
|l| billtox29
|inactive|theKentoRico has 120 seconds left.
|
|t:|1760849819
|move|p1a: Iron Treads|Ice Spinner|p2a: Decidueye
|-supereffective|p2a: Decidueye
|-crit|p2a: Decidueye
|-damage|p2a: Decidueye|9/100
|move|p2a: Decidueye|Shadow Ball|p1a: Iron Treads
|-damage|p1a: Iron Treads|61/100
|
|upkeep
|turn|2
|j|☆loopy butt
|inactive|loopy butt reconnected and has 150 seconds left.
|player|p1|loopy butt|101|
|inactive|theKentoRico has 120 seconds left.
|
|t:|1760849831
|switch|p2a: Primarina|Primarina, F|100/100
|move|p1a: Iron Treads|Earthquake|p2a: Primarina
|-damage|p2a: Primarina|45/100
|
|-heal|p2a: Primarina|52/100|[from] item: Leftovers
|upkeep
|turn|3
|inactive|theKentoRico has 120 seconds left.
|
|t:|1760849847
|-end|p1a: Iron Treads|Quark Drive|[silent]
|switch|p1a: Grimmsnarl|Grimmsnarl, M|100/100
|move|p2a: Primarina|Surf|p1a: Grimmsnarl
|-damage|p1a: Grimmsnarl|55/100
|
|-heal|p2a: Primarina|58/100|[from] item: Leftovers
|upkeep
|turn|4
|inactive|theKentoRico has 120 seconds left.
|
|t:|1760849858
|move|p1a: Grimmsnarl|Light Screen|p1a: Grimmsnarl
|-sidestart|p1: loopy butt|move: Light Screen
|move|p2a: Primarina|Moonblast|p1a: Grimmsnarl
|-supereffective|p1a: Grimmsnarl
|-damage|p1a: Grimmsnarl|9/100
|
|-heal|p2a: Primarina|64/100|[from] item: Leftovers
|upkeep
|turn|5
|inactive|theKentoRico has 120 seconds left.
|
|t:|1760849867
|move|p1a: Grimmsnarl|Thunder Wave|p2a: Primarina
|-status|p2a: Primarina|par
|move|p2a: Primarina|Moonblast|p1a: Grimmsnarl
|-supereffective|p1a: Grimmsnarl
|-crit|p1a: Grimmsnarl
|-damage|p1a: Grimmsnarl|0 fnt
|faint|p1a: Grimmsnarl
|
|-heal|p2a: Primarina|70/100 par|[from] item: Leftovers
|upkeep
|l|☆loopy butt
|inactive|loopy butt disconnected and has a minute to reconnect!
|player|p1|
|inactive|loopy butt has 30 seconds to reconnect!
|inactive|loopy butt has 20 seconds to reconnect!
|inactive|loopy butt has 15 seconds to reconnect!
|j|☆loopy butt
|inactive|loopy butt reconnected and has 105 seconds left.
|player|p1|loopy butt|101|
|
|t:|1760849920
|switch|p1a: Dachsbun|Dachsbun, M|100/100
|turn|6
|inactive|theKentoRico has 120 seconds left.
|
|t:|1760849942
|-terastallize|p2a: Primarina|Steel
|move|p1a: Dachsbun|Body Press|p2a: Primarina
|-supereffective|p2a: Primarina
|-damage|p2a: Primarina|2/100 par
|move|p2a: Primarina|Moonblast|p1a: Dachsbun
|-damage|p1a: Dachsbun|60/100
|-unboost|p1a: Dachsbun|spa|1
|
|-heal|p2a: Primarina|9/100 par|[from] item: Leftovers
|upkeep
|turn|7
|inactive|theKentoRico has 120 seconds left.
|
|t:|1760849957
|switch|p2a: Gholdengo|Gholdengo|100/100
|-item|p2a: Gholdengo|Air Balloon
|move|p1a: Dachsbun|Stomping Tantrum|p2a: Gholdengo
|-immune|p2a: Gholdengo
|
|upkeep
|turn|8
|
|t:|1760849977
|switch|p1a: Slowking|Slowking-Galar, F|100/100
|move|p2a: Gholdengo|Make It Rain|p1a: Slowking
|-damage|p1a: Slowking|79/100
|-unboost|p2a: Gholdengo|spa|1
|
|upkeep
|turn|9
|
|t:|1760849988
|switch|p1a: Dachsbun|Dachsbun, M|60/100
|move|p2a: Gholdengo|Nasty Plot|p2a: Gholdengo
|-boost|p2a: Gholdengo|spa|2
|
|upkeep
|turn|10
|inactive|theKentoRico has 120 seconds left.
|
|t:|1760849999
|switch|p1a: Slowking|Slowking-Galar, F|100/100
|move|p2a: Gholdengo|Make It Rain|p1a: Slowking
|-damage|p1a: Slowking|67/100
|-unboost|p2a: Gholdengo|spa|1
|
|upkeep
|turn|11
|inactive|theKentoRico has 120 seconds left.
|
|t:|1760850009
|move|p2a: Gholdengo|Shadow Ball|p1a: Slowking
|-supereffective|p1a: Slowking
|-damage|p1a: Slowking|37/100
|move|p1a: Slowking|Future Sight|p2a: Gholdengo
|-start|p1a: Slowking|move: Future Sight
|
|-sideend|p1: loopy butt|move: Light Screen
|upkeep
|turn|12
|inactive|theKentoRico has 120 seconds left.
|
|t:|1760850021
|switch|p1a: Dachsbun|Dachsbun, M|60/100
|move|p2a: Gholdengo|Make It Rain|p1a: Dachsbun
|-supereffective|p1a: Dachsbun
|-damage|p1a: Dachsbun|0 fnt
|-unboost|p2a: Gholdengo|spa|1
|faint|p1a: Dachsbun
|
|upkeep
|
|t:|1760850032
|switch|p1a: Slowking|Slowking-Galar, F|70/100
|turn|13
|-message|theKentoRico forfeited.
|
|win|loopy butt
|raw|loopy butt's rating: 1061 &rarr; <strong>1097</strong><br />(+36 for winning)
|raw|theKentoRico's rating: 1115 &rarr; <strong>1086</strong><br />(-29 for losing)
|l|☆theKentoRico
|player|p2|
|l|☆loopy butt
|player|p1|
