|j|☆pokemon69ap2
|j|☆jxrx
|t:|1760755155
|gametype|singles
|player|p1|pokemon69ap2|sonia-masters|1434
|player|p2|jxrx|norman|1392
|gen|9
|tier|[Gen 9] OU
|rated|
|rule|HP Percentage Mod: HP is shown in percentages
|rule|Endless Battle Clause: Forcing endless battles is banned
|rule|Species Clause: Limit one of each Pokémon
|rule|OHKO Clause: OHKO moves are banned
|rule|Evasion Items Clause: Evasion items are banned
|rule|Evasion Moves Clause: Evasion moves are banned
|rule|Evasion Abilities Clause: Evasion abilities are banned
|rule|Sleep Moves Clause: Sleep-inducing moves are banned
|clearpoke
|poke|p1|Blaziken, M|
|poke|p1|Kingambit, M|
|poke|p1|Great Tusk|
|poke|p1|Slowking-Galar, M|
|poke|p1|Zapdos|
|poke|p1|Dragonite, F|
|poke|p2|Dragapult, M|
|poke|p2|Houndoom, F|
|poke|p2|Vileplume, M|
|poke|p2|Gyarados, M|
|poke|p2|Pachirisu, M|
|poke|p2|Great Tusk|
|teampreview
|inactive|Battle timer is ON: inactive players will automatically lose when time's up. (requested by pokemon69ap2)
|inactive|jxrx has 120 seconds left.
|c|☆pokemon69ap2|world champ team i must say
|c|☆pokemon69ap2|gl
|c|☆pokemon69ap2|hf
|inactive|jxrx has 90 seconds left.
|
|t:|1760755245
|teamsize|p1|6
|teamsize|p2|6
|start
|switch|p1a: Slowking|Slowking-Galar, M|100/100
|switch|p2a: Vileplume|Vileplume, M|100/100
|turn|1
|inactive|jxrx has 120 seconds left.
|inactive|pokemon69ap2 has 120 seconds left.
|
|t:|1760755280
|switch|p2a: Pachirisu|Pachirisu, M|100/100
|switch|p1a: Zapdos|Zapdos|100/100
|
|upkeep
|turn|2
|inactive|jxrx has 120 seconds left.
|
|t:|1760755288
|switch|p1a: Great Tusk|Great Tusk|100/100
|move|p2a: Pachirisu|Super Fang|p1a: Great Tusk
|-damage|p1a: Great Tusk|50/100
|
|upkeep
|turn|3
|inactive|jxrx has 120 seconds left.
|
|t:|1760755314
|switch|p2a: Vileplume|Vileplume, M|100/100
|move|p1a: Great Tusk|Stealth Rock|p2a: Vileplume
|-sidestart|p2: jxrx|move: Stealth Rock
|
|upkeep
|turn|4
|
|t:|1760755320
|move|p1a: Great Tusk|Knock Off|p2a: Vileplume
|-damage|p2a: Vileplume|76/100
|-damage|p1a: Great Tusk|34/100|[from] item: Rocky Helmet|[of] p2a: Vileplume
|-enditem|p2a: Vileplume|Rocky Helmet|[from] move: Knock Off|[of] p1a: Great Tusk
|move|p2a: Vileplume|Giga Drain|p1a: Great Tusk
|-supereffective|p1a: Great Tusk
|-damage|p1a: Great Tusk|0 fnt
|-heal|p2a: Vileplume|96/100|[from] drain|[of] p1a: Great Tusk
|faint|p1a: Great Tusk
|-end|p1a: Great Tusk|Protosynthesis|[silent]
|
|upkeep
|
|t:|1760755325
|switch|p1a: Blaziken|Blaziken, M|100/100
|turn|5
|
|t:|1760755330
|switch|p2a: Great Tusk|Great Tusk|100/100
|move|p1a: Blaziken|Swords Dance|p1a: Blaziken
|-boost|p1a: Blaziken|atk|2
|
|-ability|p1a: Blaziken|Speed Boost|boost
|-boost|p1a: Blaziken|spe|1
|upkeep
|turn|6
|
|t:|1760755343
|-terastallize|p1a: Blaziken|Fire
|move|p1a: Blaziken|Flare Blitz|p2a: Great Tusk
|-damage|p2a: Great Tusk|7/100
|-damage|p1a: Blaziken|56/100|[from] Recoil
|-damage|p1a: Blaziken|46/100|[from] item: Life Orb
|move|p2a: Great Tusk|Rapid Spin|p1a: Blaziken
|-damage|p1a: Blaziken|23/100
|-boost|p2a: Great Tusk|spe|1
|-sideend|p2: jxrx|Stealth Rock|[from] move: Rapid Spin|[of] p2a: Great Tusk
|
|-ability|p1a: Blaziken|Speed Boost|boost
|-boost|p1a: Blaziken|spe|1
|upkeep
|turn|7
|
|t:|1760755360
|move|p1a: Blaziken|Close Combat|p2a: Great Tusk
|-damage|p2a: Great Tusk|0 fnt
|-unboost|p1a: Blaziken|def|1
|-unboost|p1a: Blaziken|spd|1
|faint|p2a: Great Tusk
|-end|p2a: Great Tusk|Protosynthesis|[silent]
|-damage|p1a: Blaziken|13/100|[from] item: Life Orb
|
|-ability|p1a: Blaziken|Speed Boost|boost
|-boost|p1a: Blaziken|spe|1
|upkeep
|
|t:|1760755363
|switch|p2a: Houndoom|Houndoom, F|100/100
|turn|8
|
|t:|1760755365
|move|p2a: Houndoom|Sucker Punch|p1a: Blaziken
|-damage|p1a: Blaziken|0 fnt
|faint|p1a: Blaziken
|
|upkeep
|
|t:|1760755369
|switch|p1a: Zapdos|Zapdos|100/100
|turn|9
|
|t:|1760755372
|switch|p2a: Pachirisu|Pachirisu, M|100/100
|move|p1a: Zapdos|Thunder Wave|p2a: Pachirisu
|-immune|p2a: Pachirisu|[from] ability: Volt Absorb
|
|upkeep
|turn|10
|
|t:|1760755379
|switch|p1a: Slowking|Slowking-Galar, M|100/100
|move|p2a: Pachirisu|Super Fang|p1a: Slowking
|-damage|p1a: Slowking|50/100
|
|upkeep
|turn|11
|
|t:|1760755384
|move|p2a: Pachirisu|Nuzzle|p1a: Slowking
|-damage|p1a: Slowking|46/100
|-status|p1a: Slowking|par
|cant|p1a: Slowking|par
|
|upkeep
|turn|12
|
|t:|1760755393
|move|p2a: Pachirisu|Super Fang|p1a: Slowking
|-damage|p1a: Slowking|24/100 par
|move|p1a: Slowking|Future Sight|p2a: Pachirisu
|-start|p1a: Slowking|move: Future Sight
|
|upkeep
|turn|13
|
|t:|1760755399
|move|p2a: Pachirisu|U-turn|p1a: Slowking
|-damage|p1a: Slowking|14/100 par
|
|t:|1760755402
|switch|p2a: Houndoom|Houndoom, F|100/100|[from] U-turn
|cant|p1a: Slowking|par
|
|upkeep
|turn|14
|
|t:|1760755407
|switch|p1a: Zapdos|Zapdos|100/100
|move|p2a: Houndoom|Dark Pulse|p1a: Zapdos
|-damage|p1a: Zapdos|63/100
|
|-end|p2a: Houndoom|move: Future Sight
|-immune|p2a: Houndoom
|upkeep
|turn|15
|
|t:|1760755423
|switch|p2a: Pachirisu|Pachirisu, M|100/100
|switch|p1a: Dragonite|Dragonite, F|100/100
|
|upkeep
|turn|16
|
|t:|1760755430
|switch|p1a: Slowking|Slowking-Galar, M|48/100 par
|switch|p2a: Vileplume|Vileplume, M|96/100
|
|upkeep
|turn|17
|
|t:|1760755437
|move|p2a: Vileplume|Leech Seed|p1a: Slowking
|-start|p1a: Slowking|move: Leech Seed
|move|p1a: Slowking|Sludge Bomb|p2a: Vileplume
|-damage|p2a: Vileplume|62/100
|
|-damage|p1a: Slowking|35/100 par|[from] Leech Seed|[of] p2a: Vileplume
|-heal|p2a: Vileplume|75/100|[silent]
|upkeep
|turn|18
|
|t:|1760755442
|switch|p2a: Gyarados|Gyarados, M|100/100
|switch|p1a: Zapdos|Zapdos|63/100
|
|upkeep
|turn|19
|
|t:|1760755451
|switch|p1a: Dragonite|Dragonite, F|100/100
|switch|p2a: Pachirisu|Pachirisu, M|100/100
|
|upkeep
|turn|20
|
|t:|1760755456
|switch|p1a: Slowking|Slowking-Galar, M|69/100 par
|switch|p2a: Vileplume|Vileplume, M|75/100
|
|upkeep
|turn|21
|
|t:|1760755463
|switch|p2a: Gyarados|Gyarados, M|100/100
|move|p1a: Slowking|Future Sight|p2a: Gyarados
|-start|p1a: Slowking|move: Future Sight
|
|upkeep
|turn|22
|
|t:|1760755470
|switch|p1a: Dragonite|Dragonite, F|100/100
|move|p2a: Gyarados|Dragon Dance|p2a: Gyarados
|-boost|p2a: Gyarados|atk|1
|-boost|p2a: Gyarados|spe|1
|
|upkeep
|turn|23
|
|t:|1760755474
|move|p2a: Gyarados|Crunch|p1a: Dragonite
|-damage|p1a: Dragonite|77/100
|move|p1a: Dragonite|Dragon Dance|p1a: Dragonite
|-boost|p1a: Dragonite|atk|1
|-boost|p1a: Dragonite|spe|1
|
|-end|p2a: Gyarados|move: Future Sight
|-damage|p2a: Gyarados|56/100
|upkeep
|turn|24
|
|t:|1760755482
|move|p1a: Dragonite|Extreme Speed|p2a: Gyarados
|-damage|p2a: Gyarados|0 fnt
|faint|p2a: Gyarados
|
|upkeep
|
|t:|1760755487
|switch|p2a: Vileplume|Vileplume, M|75/100
|turn|25
|
|t:|1760755490
|move|p1a: Dragonite|Ice Spinner|p2a: Vileplume
|-supereffective|p2a: Vileplume
|-damage|p2a: Vileplume|2/100
|move|p2a: Vileplume|Strength Sap|p1a: Dragonite
|-unboost|p1a: Dragonite|atk|1
|-heal|p2a: Vileplume|100/100
|
|upkeep
|turn|26
|
|t:|1760755496
|switch|p1a: Slowking|Slowking-Galar, M|100/100 par
|move|p2a: Vileplume|Leech Seed|p1a: Slowking
|-start|p1a: Slowking|move: Leech Seed
|
|-damage|p1a: Slowking|88/100 par|[from] Leech Seed|[of] p2a: Vileplume
|upkeep
|turn|27
|
|t:|1760755502
|switch|p2a: Houndoom|Houndoom, F|100/100
|move|p1a: Slowking|Future Sight|p2a: Houndoom
|-start|p1a: Slowking|move: Future Sight
|
|-damage|p1a: Slowking|76/100 par|[from] Leech Seed|[of] p2a: Houndoom
|upkeep
|turn|28
|
|t:|1760755507
|switch|p1a: Kingambit|Kingambit, M|100/100
|-activate|p1a: Kingambit|ability: Supreme Overlord
|-start|p1a: Kingambit|fallen2|[silent]
|move|p2a: Houndoom|Dark Pulse|p1a: Kingambit
|-resisted|p1a: Kingambit
|-crit|p1a: Kingambit
|-damage|p1a: Kingambit|75/100
|
|-heal|p1a: Kingambit|81/100|[from] item: Leftovers
|upkeep
|turn|29
|
|t:|1760755512
|-end|p1a: Kingambit|fallen2|[silent]
|switch|p1a: Zapdos|Zapdos|63/100
|move|p2a: Houndoom|Flamethrower|p1a: Zapdos
|-damage|p1a: Zapdos|20/100
|
|-end|p2a: Houndoom|move: Future Sight
|-immune|p2a: Houndoom
|upkeep
|turn|30
|
|t:|1760755515
|move|p2a: Houndoom|Dark Pulse|p1a: Zapdos
|-damage|p1a: Zapdos|0 fnt
|faint|p1a: Zapdos
|
|upkeep
|
|t:|1760755518
|switch|p1a: Dragonite|Dragonite, F|77/100
|turn|31
|
|t:|1760755525
|switch|p2a: Vileplume|Vileplume, M|100/100
|move|p1a: Dragonite|Dragon Dance|p1a: Dragonite
|-boost|p1a: Dragonite|atk|1
|-boost|p1a: Dragonite|spe|1
|
|upkeep
|turn|32
|
|t:|1760755529
|move|p1a: Dragonite|Ice Spinner|p2a: Vileplume
|-supereffective|p2a: Vileplume
|-damage|p2a: Vileplume|26/100
|-status|p1a: Dragonite|slp|[from] ability: Effect Spore|[of] p2a: Vileplume
|-enditem|p1a: Dragonite|Lum Berry|[eat]
|-curestatus|p1a: Dragonite|slp|[msg]
|move|p2a: Vileplume|Strength Sap|p1a: Dragonite
|-unboost|p1a: Dragonite|atk|1
|-heal|p2a: Vileplume|100/100
|
|upkeep
|turn|33
|inactive|jxrx has 120 seconds left.
|
|t:|1760755561
|switch|p1a: Slowking|Slowking-Galar, M|100/100 par
|move|p2a: Vileplume|Leech Seed|p1a: Slowking
|-start|p1a: Slowking|move: Leech Seed
|
|-damage|p1a: Slowking|88/100 par|[from] Leech Seed|[of] p2a: Vileplume
|upkeep
|turn|34
|
|t:|1760755569
|switch|p2a: Houndoom|Houndoom, F|100/100
|cant|p1a: Slowking|par
|
|-damage|p1a: Slowking|76/100 par|[from] Leech Seed|[of] p2a: Houndoom
|upkeep
|turn|35
|
|t:|1760755574
|switch|p1a: Kingambit|Kingambit, M|81/100
|-activate|p1a: Kingambit|ability: Supreme Overlord
|-start|p1a: Kingambit|fallen3|[silent]
|move|p2a: Houndoom|Dark Pulse|p1a: Kingambit
|-resisted|p1a: Kingambit
|-damage|p1a: Kingambit|64/100
|
|-heal|p1a: Kingambit|70/100|[from] item: Leftovers
|upkeep
|turn|36
|
|t:|1760755580
|move|p1a: Kingambit|Sucker Punch|p2a: Houndoom
|-resisted|p2a: Houndoom
|-damage|p2a: Houndoom|37/100
|move|p2a: Houndoom|Flamethrower|p1a: Kingambit
|-supereffective|p1a: Kingambit
|-damage|p1a: Kingambit|0 fnt
|faint|p1a: Kingambit
|-end|p1a: Kingambit|fallen3|[silent]
|
|upkeep
|
|t:|1760755583
|switch|p1a: Dragonite|Dragonite, F|77/100
|turn|37
|
|t:|1760755594
|switch|p2a: Vileplume|Vileplume, M|100/100
|move|p1a: Dragonite|Ice Spinner|p2a: Vileplume
|-supereffective|p2a: Vileplume
|-damage|p2a: Vileplume|54/100
|-status|p1a: Dragonite|psn|[from] ability: Effect Spore|[of] p2a: Vileplume
|
|-damage|p1a: Dragonite|65/100 psn|[from] psn
|upkeep
|turn|38
|
|t:|1760755611
|switch|p1a: Slowking|Slowking-Galar, M|100/100 par
|move|p2a: Vileplume|Strength Sap|p1a: Slowking
|-unboost|p1a: Slowking|atk|1
|-heal|p2a: Vileplume|96/100
|
|upkeep
|turn|39
|-message|pokemon69ap2 forfeited.
|
|win|jxrx
|raw|pokemon69ap2's rating: 1414 &rarr; <strong>1393</strong><br />(-21 for losing)
|raw|jxrx's rating: 1392 &rarr; <strong>1413</strong><br />(+21 for winning)
|l|☆pokemon69ap2
|player|p1|
|l|☆jxrx
|player|p2|
