|j|☆Sulley365
|j|☆lalololole
|t:|1760764603
|gametype|singles
|player|p1|Sulley365|giovanni|1060
|player|p2|lalololole|unknownf|1071
|gen|9
|tier|[Gen 9] OU
|rated|
|rule|HP Percentage Mod: HP is shown in percentages
|rule|Endless Battle Clause: Forcing endless battles is banned
|rule|Species Clause: Limit one of each Pokémon
|rule|OHKO Clause: OHKO moves are banned
|rule|Evasion Items Clause: Evasion items are banned
|rule|Evasion Moves Clause: Evasion moves are banned
|rule|Evasion Abilities Clause: Evasion abilities are banned
|rule|Sleep Moves Clause: Sleep-inducing moves are banned
|clearpoke
|poke|p1|Coalossal, M|
|poke|p1|Cinccino, M|
|poke|p1|Alomomola, F|
|poke|p1|Meowscarada, F|
|poke|p1|Barraskewda, M|
|poke|p1|Cinderace, F|
|poke|p2|Clefable, M|
|poke|p2|Garchomp, F|
|poke|p2|Ceruledge, M|
|poke|p2|Empoleon, F|
|poke|p2|Froslass, F|
|poke|p2|Fezandipiti, M|
|teampreview
|inactive|Battle timer is ON: inactive players will automatically lose when time's up. (requested by Sulley365)
|
|t:|1760764618
|teamsize|p1|6
|teamsize|p2|6
|start
|switch|p1a: Meowscarada|Meowscarada, F|100/100
|switch|p2a: Empoleon|Empoleon, F|100/100
|-item|p2a: Empoleon|Air Balloon
|turn|1
|
|t:|1760764630
|move|p1a: Meowscarada|Flower Trick|p2a: Empoleon
|-start|p1a: Meowscarada|typechange|Grass|[from] ability: Protean
|-crit|p2a: Empoleon
|-damage|p2a: Empoleon|24/100
|-enditem|p2a: Empoleon|Air Balloon
|move|p2a: Empoleon|Ice Beam|p1a: Meowscarada
|-supereffective|p1a: Meowscarada
|-damage|p1a: Meowscarada|12/100
|
|upkeep
|turn|2
|
|t:|1760764645
|move|p1a: Meowscarada|Flower Trick|p2a: Empoleon
|-crit|p2a: Empoleon
|-damage|p2a: Empoleon|0 fnt
|faint|p2a: Empoleon
|
|upkeep
|
|t:|1760764648
|switch|p2a: Ceruledge|Ceruledge, M|100/100
|turn|3
|
|t:|1760764654
|switch|p1a: Alomomola|Alomomola, F|100/100
|move|p2a: Ceruledge|Shadow Sneak|p1a: Alomomola
|-damage|p1a: Alomomola|89/100
|
|-heal|p1a: Alomomola|95/100|[from] item: Leftovers
|upkeep
|turn|4
|
|t:|1760764661
|move|p2a: Ceruledge|Swords Dance|p2a: Ceruledge
|-boost|p2a: Ceruledge|atk|2
|move|p1a: Alomomola|Flip Turn|p2a: Ceruledge
|-supereffective|p2a: Ceruledge
|-damage|p2a: Ceruledge|46/100
|-ability|p2a: Ceruledge|Weak Armor|boost
|-unboost|p2a: Ceruledge|def|1
|-boost|p2a: Ceruledge|spe|2
|
|t:|1760764667
|switch|p1a: Coalossal|Coalossal, M|100/100|[from] Flip Turn
|
|upkeep
|turn|5
|
|t:|1760764676
|move|p2a: Ceruledge|Shadow Claw|p1a: Coalossal
|-damage|p1a: Coalossal|53/100
|move|p1a: Coalossal|High Horsepower|p2a: Ceruledge
|-supereffective|p2a: Ceruledge
|-damage|p2a: Ceruledge|0 fnt
|faint|p2a: Ceruledge
|
|upkeep
|
|t:|1760764685
|switch|p2a: Garchomp|Garchomp, F|100/100
|turn|6
|
|t:|1760764692
|move|p2a: Garchomp|Earthquake|p1a: Coalossal
|-supereffective|p1a: Coalossal
|-damage|p1a: Coalossal|0 fnt
|faint|p1a: Coalossal
|
|upkeep
|
|t:|1760764695
|switch|p1a: Cinccino|Cinccino, M|100/100
|turn|7
|
|t:|1760764701
|move|p1a: Cinccino|Triple Axel|p2a: Garchomp|[miss]
|-miss|p1a: Cinccino|p2a: Garchomp
|move|p2a: Garchomp|Earthquake|p1a: Cinccino
|-damage|p1a: Cinccino|14/100
|
|upkeep
|turn|8
|
|t:|1760764708
|move|p1a: Cinccino|Triple Axel|p2a: Garchomp
|-supereffective|p2a: Garchomp
|-damage|p2a: Garchomp|69/100
|-damage|p1a: Cinccino|1/100|[from] ability: Rough Skin|[of] p2a: Garchomp
|-supereffective|p2a: Garchomp
|-damage|p2a: Garchomp|1/100
|-damage|p1a: Cinccino|0 fnt|[from] ability: Rough Skin|[of] p2a: Garchomp
|faint|p1a: Cinccino
|-hitcount|p2a: Garchomp|2
|move|p2a: Garchomp|Earthquake|p1: Cinccino|[notarget]
|-fail|p2a: Garchomp
|
|upkeep
|
|t:|1760764717
|switch|p1a: Meowscarada|Meowscarada, F|12/100
|turn|9
|
|t:|1760764719
|move|p1a: Meowscarada|Flower Trick|p2a: Garchomp
|-start|p1a: Meowscarada|typechange|Grass|[from] ability: Protean
|-crit|p2a: Garchomp
|-damage|p2a: Garchomp|0 fnt
|faint|p2a: Garchomp
|
|upkeep
|
|t:|1760764730
|switch|p2a: Clefable|Clefable, M|100/100
|turn|10
|
|t:|1760764741
|switch|p1a: Barraskewda|Barraskewda, M|100/100
|move|p2a: Clefable|Flamethrower|p1a: Barraskewda
|-resisted|p1a: Barraskewda
|-damage|p1a: Barraskewda|68/100
|
|upkeep
|turn|11
|
|t:|1760764764
|move|p1a: Barraskewda|Waterfall|p2a: Clefable
|-damage|p2a: Clefable|53/100
|move|p2a: Clefable|Future Sight|p1a: Barraskewda
|-start|p2a: Clefable|move: Future Sight
|
|-heal|p2a: Clefable|59/100|[from] item: Leftovers
|upkeep
|turn|12
|
|t:|1760764773
|move|p1a: Barraskewda|Waterfall|p2a: Clefable
|-damage|p2a: Clefable|12/100
|move|p2a: Clefable|Moonlight|p2a: Clefable
|-heal|p2a: Clefable|62/100
|
|-heal|p2a: Clefable|68/100|[from] item: Leftovers
|upkeep
|turn|13
|
|t:|1760764789
|-terastallize|p1a: Barraskewda|Water
|move|p1a: Barraskewda|Waterfall|p2a: Clefable
|-damage|p2a: Clefable|2/100
|move|p2a: Clefable|Moonlight|p2a: Clefable
|-heal|p2a: Clefable|52/100
|
|-end|p1a: Barraskewda|move: Future Sight
|-damage|p1a: Barraskewda|0 fnt
|faint|p1a: Barraskewda
|-heal|p2a: Clefable|58/100|[from] item: Leftovers
|upkeep
|
|t:|1760764810
|switch|p1a: Cinderace|Cinderace, F|100/100
|turn|14
|
|t:|1760764828
|move|p1a: Cinderace|Pyro Ball|p2a: Clefable
|-damage|p2a: Clefable|0 fnt
|faint|p2a: Clefable
|
|upkeep
|
|t:|1760764842
|switch|p2a: Fezandipiti|Fezandipiti, M|100/100
|turn|15
|
|t:|1760764853
|-terastallize|p2a: Fezandipiti|Normal
|move|p1a: Cinderace|Pyro Ball|p2a: Fezandipiti
|-damage|p2a: Fezandipiti|31/100
|move|p2a: Fezandipiti|Tail Slap|p1a: Cinderace
|-damage|p1a: Cinderace|85/100
|-damage|p1a: Cinderace|71/100
|-damage|p1a: Cinderace|55/100
|-damage|p1a: Cinderace|41/100
|-hitcount|p1a: Cinderace|4
|
|upkeep
|turn|16
|
|t:|1760764866
|move|p1a: Cinderace|High Jump Kick|p2a: Fezandipiti|[miss]
|-start|p1a: Cinderace|typechange|Fighting|[from] ability: Libero
|-miss|p1a: Cinderace|p2a: Fezandipiti
|-damage|p1a: Cinderace|0 fnt|[from] highjumpkick
|faint|p1a: Cinderace
|move|p2a: Fezandipiti|Poison Tail|p1: Cinderace|[notarget]
|-fail|p2a: Fezandipiti
|
|upkeep
|
|t:|1760764877
|switch|p1a: Meowscarada|Meowscarada, F|12/100
|turn|17
|
|t:|1760764886
|move|p1a: Meowscarada|Flower Trick|p2a: Fezandipiti
|-start|p1a: Meowscarada|typechange|Grass|[from] ability: Protean
|-crit|p2a: Fezandipiti
|-damage|p2a: Fezandipiti|0 fnt
|faint|p2a: Fezandipiti
|
|upkeep
|
|t:|1760764892
|switch|p2a: Froslass|Froslass, F|100/100
|turn|18
|
|t:|1760764900
|switch|p1a: Alomomola|Alomomola, F|100/100
|move|p2a: Froslass|Frost Breath|p1a: Alomomola
|-resisted|p1a: Alomomola
|-crit|p1a: Alomomola
|-damage|p1a: Alomomola|82/100
|
|-heal|p1a: Alomomola|88/100|[from] item: Leftovers
|upkeep
|turn|19
|
|t:|1760764910
|move|p2a: Froslass|Will-O-Wisp|p1a: Alomomola
|-status|p1a: Alomomola|brn
|move|p1a: Alomomola|Wish|p1a: Alomomola
|
|-heal|p1a: Alomomola|94/100 brn|[from] item: Leftovers
|-damage|p1a: Alomomola|88/100 brn|[from] brn
|upkeep
|turn|20
|
|t:|1760764922
|move|p2a: Froslass|Hex|p1a: Alomomola
|-damage|p1a: Alomomola|26/100 brn
|move|p1a: Alomomola|Flip Turn|p2a: Froslass
|-damage|p2a: Froslass|87/100
|-start|p1a: Alomomola|Disable|Flip Turn|[from] ability: Cursed Body|[of] p2a: Froslass
|
|t:|1760764930
|switch|p1a: Meowscarada|Meowscarada, F|12/100|[from] Flip Turn
|
|-heal|p1a: Meowscarada|100/100|[from] move: Wish|[wisher] Alomomola
|upkeep
|turn|21
|
|t:|1760764937
|move|p1a: Meowscarada|U-turn|p2a: Froslass
|-start|p1a: Meowscarada|typechange|Bug|[from] ability: Protean
|-resisted|p2a: Froslass
|-damage|p2a: Froslass|51/100
|
|t:|1760764942
|switch|p1a: Alomomola|Alomomola, F|60/100 brn|[from] U-turn
|move|p2a: Froslass|Destiny Bond|p2a: Froslass
|-singlemove|p2a: Froslass|Destiny Bond
|
|-heal|p1a: Alomomola|66/100 brn|[from] item: Leftovers
|-damage|p1a: Alomomola|60/100 brn|[from] brn
|upkeep
|turn|22
|
|t:|1760764954
|move|p2a: Froslass|Hex|p1a: Alomomola
|-damage|p1a: Alomomola|0 fnt
|faint|p1a: Alomomola
|
|upkeep
|
|t:|1760764957
|switch|p1a: Meowscarada|Meowscarada, F|100/100
|turn|23
|
|t:|1760764964
|move|p1a: Meowscarada|Sucker Punch||[still]
|-fail|p1a: Meowscarada
|move|p2a: Froslass|Destiny Bond|p2a: Froslass
|-singlemove|p2a: Froslass|Destiny Bond
|
|upkeep
|turn|24
|
|t:|1760764971
|move|p1a: Meowscarada|Sucker Punch|p2a: Froslass
|-start|p1a: Meowscarada|typechange|Dark|[from] ability: Protean
|-supereffective|p2a: Froslass
|-damage|p2a: Froslass|0 fnt
|faint|p2a: Froslass
|-activate|p2a: Froslass|move: Destiny Bond
|faint|p1a: Meowscarada
|
|win|Sulley365
|raw|Sulley365's rating: 1060 &rarr; <strong>1092</strong><br />(+32 for winning)
|raw|lalololole's rating: 1071 &rarr; <strong>1050</strong><br />(-21 for losing)
|l|☆lalololole
|player|p2|
|l|☆Sulley365
|player|p1|
