|j|☆peaceinverarity
|j|☆tri644
|t:|1760757876
|gametype|singles
|player|p1|peaceinverarity|265|1376
|player|p2|tri644|schoolkidf-gen4|1395
|gen|9
|tier|[Gen 9] OU
|rated|
|rule|HP Percentage Mod: HP is shown in percentages
|rule|Endless Battle Clause: Forcing endless battles is banned
|rule|Species Clause: Limit one of each Pokémon
|rule|OHKO Clause: OHKO moves are banned
|rule|Evasion Items Clause: Evasion items are banned
|rule|Evasion Moves Clause: Evasion moves are banned
|rule|Evasion Abilities Clause: Evasion abilities are banned
|rule|Sleep Moves Clause: Sleep-inducing moves are banned
|clearpoke
|poke|p1|Hoopa-Unbound|
|poke|p1|Hydrapple, F|
|poke|p1|Gliscor, M|
|poke|p1|Cinderace, F|
|poke|p1|Alomomola, M|
|poke|p1|Gholdengo|
|poke|p2|Weavile, F|
|poke|p2|Scizor, M|
|poke|p2|Kleavor, M|
|poke|p2|Pikachu-Alola, M|
|poke|p2|Slowbro-Galar, M|
|poke|p2|Zoroark-Hisui, F|
|teampreview
|
|t:|1760757912
|teamsize|p1|6
|teamsize|p2|6
|start
|switch|p1a: Alomomola|Alomomola, M|100/100
|switch|p2a: Nagatora|Weavile, F|100/100
|turn|1
|
|t:|1760757917
|move|p2a: Nagatora|Swords Dance|p2a: Nagatora
|-boost|p2a: Nagatora|atk|2
|move|p1a: Alomomola|Flip Turn|p2a: Nagatora
|-damage|p2a: Nagatora|67/100
|
|t:|1760757959
|switch|p1a: Hoopa|Hoopa-Unbound|100/100|[from] Flip Turn
|
|upkeep
|turn|2
|
|t:|1760757982
|move|p1a: Hoopa|Gunk Shot|p2a: Nagatora|[miss]
|-miss|p1a: Hoopa|p2a: Nagatora
|move|p2a: Nagatora|Beat Up|p1a: Hoopa
|-damage|p1a: Hoopa|67/100
|-damage|p1a: Hoopa|38/100
|-crit|p1a: Hoopa
|-damage|p1a: Hoopa|0 fnt
|faint|p1a: Hoopa
|-hitcount|p1: Hoopa|3
|
|upkeep
|
|t:|1760757987
|switch|p1a: Gholdengo|Gholdengo|100/100
|-item|p1a: Gholdengo|Air Balloon
|turn|3
|
|t:|1760757992
|-terastallize|p1a: Gholdengo|Fairy
|move|p2a: Nagatora|Beat Up|p1a: Gholdengo
|-resisted|p1a: Gholdengo
|-damage|p1a: Gholdengo|94/100
|-enditem|p1a: Gholdengo|Air Balloon
|-resisted|p1a: Gholdengo
|-damage|p1a: Gholdengo|89/100
|-resisted|p1a: Gholdengo
|-damage|p1a: Gholdengo|83/100
|-resisted|p1a: Gholdengo
|-damage|p1a: Gholdengo|77/100
|-resisted|p1a: Gholdengo
|-damage|p1a: Gholdengo|73/100
|-resisted|p1a: Gholdengo
|-damage|p1a: Gholdengo|68/100
|-hitcount|p1a: Gholdengo|6
|move|p1a: Gholdengo|Make It Rain|p2a: Nagatora
|-supereffective|p2a: Nagatora
|-damage|p2a: Nagatora|0 fnt
|-unboost|p1a: Gholdengo|spa|1
|faint|p2a: Nagatora
|
|upkeep
|
|t:|1760758008
|switch|p2a: Galley|Slowbro-Galar, M, shiny|100/100
|turn|4
|
|t:|1760758050
|switch|p1a: Gliscor|Gliscor, M|100/100
|move|p2a: Galley|Shell Side Arm|p1a: Gliscor|[anim] Shell Side Arm Special
|-resisted|p1a: Gliscor
|-damage|p1a: Gliscor|85/100
|-hint|Special Shell Side Arm
|
|-status|p1a: Gliscor|tox|[from] item: Toxic Orb
|upkeep
|turn|5
|-activate|p2a: Galley|ability: Quick Draw
|
|t:|1760758079
|move|p2a: Galley|Ice Beam|p1a: Gliscor
|-supereffective|p1a: Gliscor
|-damage|p1a: Gliscor|12/100 tox
|move|p1a: Gliscor|Earthquake|p2a: Galley
|-supereffective|p2a: Galley
|-damage|p2a: Galley|39/100
|
|-heal|p1a: Gliscor|25/100 tox|[from] ability: Poison Heal
|upkeep
|turn|6
|-activate|p2a: Galley|ability: Quick Draw
|
|t:|1760758099
|move|p1a: Gliscor|Protect|p1a: Gliscor
|-singleturn|p1a: Gliscor|Protect
|move|p2a: Galley|Zen Headbutt|p1a: Gliscor
|-activate|p1a: Gliscor|move: Protect
|
|-heal|p1a: Gliscor|37/100 tox|[from] ability: Poison Heal
|upkeep
|turn|7
|
|t:|1760758107
|switch|p1a: Cinderace|Cinderace, F|100/100
|move|p2a: Galley|Ice Beam|p1a: Cinderace
|-resisted|p1a: Cinderace
|-damage|p1a: Cinderace|87/100
|
|upkeep
|turn|8
|
|t:|1760758120
|move|p1a: Cinderace|Pyro Ball|p2a: Galley
|-damage|p2a: Galley|0 fnt
|faint|p2a: Galley
|
|upkeep
|
|t:|1760758136
|switch|p2a: Wacky|Kleavor, M|100/100
|turn|9
|
|t:|1760758194
|switch|p1a: Hydrapple|Hydrapple, F, shiny|100/100
|move|p2a: Wacky|Stone Axe|p1a: Hydrapple
|-damage|p1a: Hydrapple|67/100
|-damage|p2a: Wacky|84/100|[from] item: Rocky Helmet|[of] p1a: Hydrapple
|-sidestart|p1: peaceinverarity|move: Stealth Rock
|
|upkeep
|turn|10
|
|t:|1760758202
|move|p2a: Wacky|X-Scissor|p1a: Hydrapple
|-supereffective|p1a: Hydrapple
|-crit|p1a: Hydrapple
|-damage|p1a: Hydrapple|0 fnt
|-damage|p2a: Wacky|68/100|[from] item: Rocky Helmet|[of] p1a: Hydrapple
|faint|p1a: Hydrapple
|
|upkeep
|
|t:|1760758209
|switch|p1a: Alomomola|Alomomola, M|100/100
|-damage|p1a: Alomomola|88/100|[from] Stealth Rock
|turn|11
|
|t:|1760758214
|move|p2a: Wacky|X-Scissor|p1a: Alomomola
|-damage|p1a: Alomomola|43/100
|move|p1a: Alomomola|Flip Turn|p2a: Wacky
|-supereffective|p2a: Wacky
|-damage|p2a: Wacky|31/100
|-damage|p1a: Alomomola|26/100|[from] item: Rocky Helmet|[of] p2a: Wacky
|
|t:|1760758221
|switch|p1a: Cinderace|Cinderace, F|87/100|[from] Flip Turn
|
|upkeep
|turn|12
|
|t:|1760758224
|move|p1a: Cinderace|Pyro Ball|p2a: Wacky|[miss]
|-miss|p1a: Cinderace|p2a: Wacky
|move|p2a: Wacky|Stone Axe|p1a: Cinderace|[miss]
|-miss|p2a: Wacky|p1a: Cinderace
|
|upkeep
|turn|13
|
|t:|1760758229
|-terastallize|p2a: Wacky|Water
|move|p1a: Cinderace|Pyro Ball|p2a: Wacky
|-resisted|p2a: Wacky
|-damage|p2a: Wacky|1/100
|move|p2a: Wacky|Stone Axe|p1a: Cinderace
|-supereffective|p1a: Cinderace
|-damage|p1a: Cinderace|0 fnt
|faint|p1a: Cinderace
|
|upkeep
|
|t:|1760758236
|switch|p1a: Alomomola|Alomomola, M|60/100
|-damage|p1a: Alomomola|47/100|[from] Stealth Rock
|turn|14
|
|t:|1760758240
|move|p2a: Wacky|X-Scissor|p1a: Alomomola
|-damage|p1a: Alomomola|6/100
|move|p1a: Alomomola|Flip Turn|p2a: Wacky
|-resisted|p2a: Wacky
|-damage|p2a: Wacky|0 fnt
|-damage|p1a: Alomomola|0 fnt|[from] item: Rocky Helmet|[of] p2a: Wacky
|faint|p2a: Wacky
|faint|p1a: Alomomola
|
|upkeep
|
|t:|1760758247
|switch|p2a: Ka|Pikachu-Alola, M|100/100
|switch|p1a: Gliscor|Gliscor, M|37/100 tox
|-damage|p1a: Gliscor|25/100 tox|[from] Stealth Rock
|turn|15
|
|t:|1760758253
|move|p1a: Gliscor|Protect|p1a: Gliscor
|-singleturn|p1a: Gliscor|Protect
|move|p2a: Ka|Surf|p1a: Gliscor
|-activate|p1a: Gliscor|move: Protect
|
|-heal|p1a: Gliscor|37/100 tox|[from] ability: Poison Heal
|upkeep
|turn|16
|
|t:|1760758257
|move|p2a: Ka|Alluring Voice|p1a: Gliscor
|-damage|p1a: Gliscor|7/100 tox
|move|p1a: Gliscor|Earthquake|p2a: Ka
|-supereffective|p2a: Ka
|-damage|p2a: Ka|0 fnt
|faint|p2a: Ka
|
|-heal|p1a: Gliscor|20/100 tox|[from] ability: Poison Heal
|upkeep
|
|t:|1760758264
|switch|p2a: Red|Scizor, M|100/100
|turn|17
|
|t:|1760758280
|move|p1a: Gliscor|Protect|p1a: Gliscor
|-singleturn|p1a: Gliscor|Protect
|move|p2a: Red|Bitter Malice|p1a: Gliscor
|-activate|p1a: Gliscor|move: Protect
|
|-heal|p1a: Gliscor|32/100 tox|[from] ability: Poison Heal
|upkeep
|turn|18
|
|t:|1760758287
|move|p2a: Red|Bitter Malice|p1a: Gliscor
|-crit|p1a: Gliscor
|-damage|p1a: Gliscor|0 fnt
|faint|p1a: Gliscor
|
|upkeep
|
|t:|1760758291
|switch|p1a: Gholdengo|Gholdengo, tera:Fairy|68/100
|-damage|p1a: Gholdengo|55/100|[from] Stealth Rock
|turn|19
|
|t:|1760758297
|move|p2a: Red|Bitter Malice|p1a: Gholdengo
|-damage|p1a: Gholdengo|16/100
|-unboost|p1a: Gholdengo|atk|1
|move|p1a: Gholdengo|Recover|p1a: Gholdengo
|-heal|p1a: Gholdengo|66/100
|
|upkeep
|turn|20
|
|t:|1760758306
|move|p2a: Red|Psychic|p1a: Gholdengo
|-damage|p1a: Gholdengo|35/100
|move|p1a: Gholdengo|Recover|p1a: Gholdengo
|-heal|p1a: Gholdengo|85/100
|
|upkeep
|turn|21
|
|t:|1760758310
|move|p2a: Red|Psychic|p1a: Gholdengo
|-damage|p1a: Gholdengo|55/100
|move|p1a: Gholdengo|Thunder Wave|p2a: Red
|-status|p2a: Red|par
|
|upkeep
|turn|22
|
|t:|1760758320
|move|p1a: Gholdengo|Recover|p1a: Gholdengo
|-heal|p1a: Gholdengo|100/100
|move|p2a: Red|Psychic|p1a: Gholdengo
|-damage|p1a: Gholdengo|72/100
|-unboost|p1a: Gholdengo|spd|1
|
|upkeep
|turn|23
|
|t:|1760758330
|move|p1a: Gholdengo|Make It Rain|p2a: Red
|-enditem|p2a: Red|Focus Sash
|-damage|p2a: Red|1/100 par
|-unboost|p1a: Gholdengo|spa|1
|replace|p2a: Sia|Zoroark-Hisui, F
|-end|p2a: Sia|Illusion
|cant|p2a: Sia|par
|
|upkeep
|turn|24
|
|t:|1760758338
|move|p1a: Gholdengo|Make It Rain|p2a: Sia
|-damage|p2a: Sia|0 fnt
|-unboost|p1a: Gholdengo|spa|1
|faint|p2a: Sia
|
|upkeep
|
|t:|1760758340
|switch|p2a: Red|Scizor, M|100/100
|turn|25
|
|t:|1760758342
|move|p2a: Red|Bullet Punch|p1a: Gholdengo
|-supereffective|p1a: Gholdengo
|-crit|p1a: Gholdengo
|-damage|p1a: Gholdengo|0 fnt
|faint|p1a: Gholdengo
|
|win|tri644
|raw|peaceinverarity's rating: 1376 &rarr; <strong>1357</strong><br />(-19 for losing)
|raw|tri644's rating: 1395 &rarr; <strong>1414</strong><br />(+19 for winning)
|l|☆peaceinverarity
|player|p1|
|l|☆tri644
|player|p2|
