|j|☆Gamer Hearts
|j|☆Lezhaper
|t:|1760735089
|gametype|singles
|player|p1|Gamer Hearts|170|1052
|player|p2|Lezhaper|skyla|1074
|gen|9
|tier|[Gen 9] OU
|rated|
|rule|HP Percentage Mod: HP is shown in percentages
|rule|Endless Battle Clause: Forcing endless battles is banned
|rule|Species Clause: Limit one of each Pokémon
|rule|OHKO Clause: OHKO moves are banned
|rule|Evasion Items Clause: Evasion items are banned
|rule|Evasion Moves Clause: Evasion moves are banned
|rule|Evasion Abilities Clause: Evasion abilities are banned
|rule|Sleep Moves Clause: Sleep-inducing moves are banned
|clearpoke
|poke|p1|Scizor, F|
|poke|p1|Honchkrow, F|
|poke|p1|Blaziken, F|
|poke|p1|Ariados, M|
|poke|p1|Hydreigon, M|
|poke|p1|Kingdra, F|
|poke|p2|Polteageist|
|poke|p2|Moltres-Galar|
|poke|p2|Zebstrika, M|
|poke|p2|Skarmory, F|
|poke|p2|Glimmora, F|
|poke|p2|Lapras, F|
|teampreview
|
|t:|1760735103
|teamsize|p1|6
|teamsize|p2|6
|start
|switch|p1a: Blaziken|Blaziken, F|100/100
|switch|p2a: Glimmora|Glimmora, F|100/100
|turn|1
|
|t:|1760735110
|move|p1a: Blaziken|Protect|p1a: Blaziken
|-singleturn|p1a: Blaziken|Protect
|move|p2a: Glimmora|Stealth Rock|p1a: Blaziken
|-sidestart|p1: Gamer Hearts|move: Stealth Rock
|
|-ability|p1a: Blaziken|Speed Boost|boost
|-boost|p1a: Blaziken|spe|1
|upkeep
|turn|2
|
|t:|1760735119
|move|p1a: Blaziken|Focus Energy|p1a: Blaziken
|-start|p1a: Blaziken|move: Focus Energy
|move|p2a: Glimmora|Earth Power|p1a: Blaziken
|-supereffective|p1a: Blaziken
|-damage|p1a: Blaziken|21/100
|
|-ability|p1a: Blaziken|Speed Boost|boost
|-boost|p1a: Blaziken|spe|1
|upkeep
|turn|3
|
|t:|1760735125
|move|p1a: Blaziken|Earthquake|p2a: Glimmora
|-supereffective|p2a: Glimmora
|-crit|p2a: Glimmora
|-enditem|p2a: Glimmora|Focus Sash
|-damage|p2a: Glimmora|1/100
|-activate|p2a: Glimmora|ability: Toxic Debris
|-sidestart|p1: Gamer Hearts|move: Toxic Spikes
|move|p2a: Glimmora|Power Gem|p1a: Blaziken
|-damage|p1a: Blaziken|0 fnt
|faint|p1a: Blaziken
|
|upkeep
|
|t:|1760735133
|switch|p1a: Ariados|Ariados, M|100/100
|-damage|p1a: Ariados|76/100|[from] Stealth Rock
|-sideend|p1: Gamer Hearts|move: Toxic Spikes|[of] p1a: Ariados
|turn|4
|
|t:|1760735140
|move|p2a: Glimmora|Power Gem|p1a: Ariados
|-supereffective|p1a: Ariados
|-damage|p1a: Ariados|0 fnt
|faint|p1a: Ariados
|
|upkeep
|
|t:|1760735144
|switch|p1a: Kingdra|Kingdra, F|100/100
|-damage|p1a: Kingdra|88/100|[from] Stealth Rock
|turn|5
|
|t:|1760735152
|move|p1a: Kingdra|Focus Energy|p1a: Kingdra
|-start|p1a: Kingdra|move: Focus Energy
|move|p2a: Glimmora|Dazzling Gleam|p1a: Kingdra
|-supereffective|p1a: Kingdra
|-damage|p1a: Kingdra|27/100
|
|upkeep
|turn|6
|
|t:|1760735159
|move|p1a: Kingdra|Scald|p2a: Glimmora
|-supereffective|p2a: Glimmora
|-crit|p2a: Glimmora
|-damage|p2a: Glimmora|0 fnt
|faint|p2a: Glimmora
|
|upkeep
|
|t:|1760735163
|switch|p2a: Zebstrika|Zebstrika, M|100/100
|turn|7
|
|t:|1760735170
|move|p2a: Zebstrika|Supercell Slam|p1a: Kingdra
|-damage|p1a: Kingdra|0 fnt
|faint|p1a: Kingdra
|
|upkeep
|
|t:|1760735179
|switch|p1a: Hydreigon|Hydreigon, M|100/100
|-damage|p1a: Hydreigon|88/100|[from] Stealth Rock
|turn|8
|
|t:|1760735187
|switch|p2a: Skarmory|Skarmory, F|100/100
|-terastallize|p1a: Hydreigon|Electric
|move|p1a: Hydreigon|Focus Energy|p1a: Hydreigon
|-start|p1a: Hydreigon|move: Focus Energy
|
|upkeep
|turn|9
|
|t:|1760735195
|move|p1a: Hydreigon|Flamethrower|p2a: Skarmory
|-supereffective|p2a: Skarmory
|-crit|p2a: Skarmory
|-damage|p2a: Skarmory|0 fnt
|faint|p2a: Skarmory
|
|upkeep
|
|t:|1760735199
|switch|p2a: Zebstrika|Zebstrika, M|100/100
|turn|10
|
|t:|1760735203
|move|p2a: Zebstrika|High Horsepower|p1a: Hydreigon
|-immune|p1a: Hydreigon|[from] ability: Levitate
|move|p1a: Hydreigon|Draco Meteor|p2a: Zebstrika
|-crit|p2a: Zebstrika
|-damage|p2a: Zebstrika|0 fnt
|-unboost|p1a: Hydreigon|spa|2
|faint|p2a: Zebstrika
|
|upkeep
|
|t:|1760735212
|switch|p2a: Moltres|Moltres-Galar|100/100
|turn|11
|
|t:|1760735217
|move|p1a: Hydreigon|Draco Meteor|p2a: Moltres
|-crit|p2a: Moltres
|-damage|p2a: Moltres|10/100
|-unboost|p1a: Hydreigon|spa|2
|-ability|p2a: Moltres|Berserk|boost
|-boost|p2a: Moltres|spa|1
|-enditem|p2a: Moltres|Sitrus Berry|[eat]
|-heal|p2a: Moltres|34/100|[from] item: Sitrus Berry
|move|p2a: Moltres|Nasty Plot|p2a: Moltres
|-boost|p2a: Moltres|spa|2
|
|upkeep
|turn|12
|
|t:|1760735230
|move|p1a: Hydreigon|Flamethrower|p2a: Moltres
|-crit|p2a: Moltres
|-damage|p2a: Moltres|0 fnt
|faint|p2a: Moltres
|
|upkeep
|
|t:|1760735237
|switch|p2a: Lapras|Lapras, F|100/100
|turn|13
|
|t:|1760735243
|move|p1a: Hydreigon|Draco Meteor|p2a: Lapras
|-crit|p2a: Lapras
|-damage|p2a: Lapras|28/100
|-unboost|p1a: Hydreigon|spa|2
|move|p2a: Lapras|Surf|p1a: Hydreigon
|-damage|p1a: Hydreigon|47/100
|
|upkeep
|turn|14
|
|t:|1760735253
|move|p1a: Hydreigon|Flash Cannon|p2a: Lapras
|-crit|p2a: Lapras
|-damage|p2a: Lapras|2/100
|move|p2a: Lapras|Surf|p1a: Hydreigon
|-damage|p1a: Hydreigon|2/100
|
|upkeep
|turn|15
|
|t:|1760735259
|move|p1a: Hydreigon|Flamethrower|p2a: Lapras
|-crit|p2a: Lapras
|-damage|p2a: Lapras|0 fnt
|faint|p2a: Lapras
|
|upkeep
|
|t:|1760735261
|switch|p2a: Polteageist|Polteageist|100/100
|turn|16
|
|t:|1760735268
|move|p1a: Hydreigon|Draco Meteor|p2a: Polteageist
|-crit|p2a: Polteageist
|-damage|p2a: Polteageist|0 fnt
|faint|p2a: Polteageist
|
|win|Gamer Hearts
|raw|Gamer Hearts's rating: 1052 &rarr; <strong>1086</strong><br />(+34 for winning)
|raw|Lezhaper's rating: 1074 &rarr; <strong>1052</strong><br />(-22 for losing)
|l|☆Gamer Hearts
|player|p1|
|l|☆Lezhaper
|player|p2|
