|j|☆jimy92
|j|☆horses aren't real
|t:|1760797193
|gametype|singles
|player|p1|jimy92|169|1629
|player|p2|horses aren't real|skullgruntf|1627
|gen|9
|tier|[Gen 9] OU
|rated|
|rule|HP Percentage Mod: HP is shown in percentages
|rule|Endless Battle Clause: Forcing endless battles is banned
|rule|Species Clause: Limit one of each Pokémon
|rule|OHKO Clause: OHKO moves are banned
|rule|Evasion Items Clause: Evasion items are banned
|rule|Evasion Moves Clause: Evasion moves are banned
|rule|Evasion Abilities Clause: Evasion abilities are banned
|rule|Sleep Moves Clause: Sleep-inducing moves are banned
|clearpoke
|poke|p1|Pelipper, F|
|poke|p1|Hatterene, F|
|poke|p1|Iron Treads|
|poke|p1|Toxicroak, F|
|poke|p1|Barraskewda, F|
|poke|p1|Zapdos|
|poke|p2|Dragapult, F|
|poke|p2|Alomomola, F|
|poke|p2|Iron Crown|
|poke|p2|Slowking-Galar, M|
|poke|p2|Great Tusk|
|poke|p2|Kingambit, F|
|teampreview
|inactive|Battle timer is ON: inactive players will automatically lose when time's up. (requested by horses aren't real)
|
|t:|1760797206
|teamsize|p1|6
|teamsize|p2|6
|start
|switch|p1a: Barraskewda|Barraskewda, F|100/100
|switch|p2a: Dragapult|Dragapult, F|100/100
|turn|1
|j| mcribs
|
|t:|1760797213
|switch|p1a: Iron Treads|Iron Treads|100/100
|move|p2a: Dragapult|U-turn|p1a: Iron Treads
|-resisted|p1a: Iron Treads
|-damage|p1a: Iron Treads|93/100
|
|t:|1760797217
|switch|p2a: Great Tusk|Great Tusk|100/100|[from] U-turn
|
|-heal|p1a: Iron Treads|99/100|[from] item: Leftovers
|upkeep
|turn|2
|
|t:|1760797222
|-end|p1a: Iron Treads|Quark Drive|[silent]
|switch|p1a: Hatterene|Hatterene, F|100/100
|move|p2a: Great Tusk|Stealth Rock|p1a: Hatterene
|move|p1a: Hatterene|Stealth Rock|p2a: Great Tusk|[from] ability: Magic Bounce
|-sidestart|p2: horses aren't real|move: Stealth Rock
|
|upkeep
|turn|3
|
|t:|1760797224
|move|p2a: Great Tusk|Rapid Spin|p1a: Hatterene
|-crit|p1a: Hatterene
|-damage|p1a: Hatterene|79/100
|-boost|p2a: Great Tusk|spe|1
|-sideend|p2: horses aren't real|Stealth Rock|[from] move: Rapid Spin|[of] p2a: Great Tusk
|-enditem|p1a: Hatterene|Eject Button
|
|t:|1760797238
|switch|p1a: Pelipper|Pelipper, F|100/100
|-weather|RainDance|[from] ability: Drizzle|[of] p1a: Pelipper
|
|-weather|RainDance|[upkeep]
|upkeep
|turn|4
|
|t:|1760797265
|-end|p2a: Great Tusk|Protosynthesis|[silent]
|switch|p2a: Alomomola|Alomomola, F|100/100
|switch|p1a: Hatterene|Hatterene, F|79/100
|
|-weather|RainDance|[upkeep]
|upkeep
|turn|5
|
|t:|1760797269
|move|p1a: Hatterene|Nuzzle|p2a: Alomomola
|-supereffective|p2a: Alomomola
|-damage|p2a: Alomomola|96/100
|-status|p2a: Alomomola|par
|cant|p2a: Alomomola|par
|
|-weather|RainDance|[upkeep]
|upkeep
|turn|6
|
|t:|1760797271
|move|p1a: Hatterene|Psychic Noise|p2a: Alomomola
|-damage|p2a: Alomomola|57/100 par
|-start|p2a: Alomomola|move: Heal Block
|cant|p2a: Alomomola|par
|
|-weather|RainDance|[upkeep]
|upkeep
|turn|7
|
|t:|1760797275
|move|p1a: Hatterene|Draining Kiss|p2a: Alomomola
|-damage|p2a: Alomomola|30/100 par
|-heal|p1a: Hatterene|100/100|[from] drain|[of] p2a: Alomomola
|move|p2a: Alomomola|Flip Turn|p1a: Hatterene
|-damage|p1a: Hatterene|77/100
|
|t:|1760797277
|switch|p2a: Iron Crown|Iron Crown|100/100|[from] Flip Turn
|
|-weather|RainDance|[upkeep]
|upkeep
|turn|8
|
|t:|1760797286
|-end|p2a: Iron Crown|Quark Drive|[silent]
|switch|p2a: Great Tusk|Great Tusk|100/100
|switch|p1a: Iron Treads|Iron Treads|99/100
|
|-weather|RainDance|[upkeep]
|-heal|p1a: Iron Treads|100/100|[from] item: Leftovers
|upkeep
|turn|9
|
|t:|1760797290
|-end|p1a: Iron Treads|Quark Drive|[silent]
|switch|p1a: Pelipper|Pelipper, F|100/100
|move|p2a: Great Tusk|Headlong Rush|p1a: Pelipper
|-immune|p1a: Pelipper
|
|-weather|RainDance|[upkeep]
|upkeep
|turn|10
|
|t:|1760797295
|switch|p1a: Hatterene|Hatterene, F|77/100
|move|p2a: Great Tusk|Headlong Rush|p1a: Hatterene
|-damage|p1a: Hatterene|30/100
|-unboost|p2a: Great Tusk|def|1
|-unboost|p2a: Great Tusk|spd|1
|
|-weather|none
|upkeep
|turn|11
|
|t:|1760797301
|switch|p1a: Pelipper|Pelipper, F|100/100
|-weather|RainDance|[from] ability: Drizzle|[of] p1a: Pelipper
|move|p2a: Great Tusk|Headlong Rush|p1a: Pelipper
|-immune|p1a: Pelipper
|
|-weather|RainDance|[upkeep]
|upkeep
|turn|12
|
|t:|1760797304
|-end|p2a: Great Tusk|Protosynthesis|[silent]
|switch|p2a: Alomomola|Alomomola, F|64/100 par
|switch|p1a: Hatterene|Hatterene, F|30/100
|
|-weather|RainDance|[upkeep]
|upkeep
|turn|13
|
|t:|1760797307
|switch|p2a: Slowking|Slowking-Galar, M|100/100
|move|p1a: Hatterene|Draining Kiss|p2a: Slowking
|-resisted|p2a: Slowking
|-damage|p2a: Slowking|94/100
|-heal|p1a: Hatterene|36/100|[from] drain|[of] p2a: Slowking
|
|-weather|RainDance|[upkeep]
|upkeep
|turn|14
|
|t:|1760797310
|move|p1a: Hatterene|Nuzzle|p2a: Slowking
|-damage|p2a: Slowking|90/100
|-status|p2a: Slowking|par
|-prepare|p2a: Slowking|Chilly Reception|[premajor]
|move|p2a: Slowking|Chilly Reception|p2a: Slowking
|-weather|Snowscape
|
|t:|1760797313
|switch|p2a: Great Tusk|Great Tusk|100/100|[from] Chilly Reception
|
|-weather|Snowscape|[upkeep]
|upkeep
|turn|15
|
|t:|1760797317
|switch|p1a: Pelipper|Pelipper, F|100/100
|-weather|RainDance|[from] ability: Drizzle|[of] p1a: Pelipper
|move|p2a: Great Tusk|Headlong Rush|p1a: Pelipper
|-immune|p1a: Pelipper
|
|-weather|RainDance|[upkeep]
|upkeep
|turn|16
|
|t:|1760797321
|-end|p2a: Great Tusk|Protosynthesis|[silent]
|switch|p2a: Slowking|Slowking-Galar, M|100/100 par
|move|p1a: Pelipper|Knock Off|p2a: Slowking
|-supereffective|p2a: Slowking
|-damage|p2a: Slowking|75/100 par
|-enditem|p2a: Slowking|Heavy-Duty Boots|[from] move: Knock Off|[of] p1a: Pelipper
|
|-weather|RainDance|[upkeep]
|upkeep
|turn|17
|
|t:|1760797324
|move|p1a: Pelipper|U-turn|p2a: Slowking
|-damage|p2a: Slowking|66/100 par
|
|t:|1760797330
|switch|p1a: Barraskewda|Barraskewda, F|100/100|[from] U-turn
|-prepare|p2a: Slowking|Chilly Reception|[premajor]
|move|p2a: Slowking|Chilly Reception|p2a: Slowking
|-weather|Snowscape
|
|t:|1760797333
|switch|p2a: Dragapult|Dragapult, F|100/100|[from] Chilly Reception
|
|-weather|Snowscape|[upkeep]
|upkeep
|turn|18
|
|t:|1760797336
|switch|p1a: Iron Treads|Iron Treads|100/100
|move|p2a: Dragapult|Dragon Darts|p1a: Iron Treads
|-resisted|p1a: Iron Treads
|-damage|p1a: Iron Treads|92/100
|-anim|p2a: Dragapult|Dragon Darts|p1a: Iron Treads
|-resisted|p1a: Iron Treads
|-damage|p1a: Iron Treads|84/100
|
|-weather|Snowscape|[upkeep]
|-heal|p1a: Iron Treads|90/100|[from] item: Leftovers
|upkeep
|turn|19
|
|t:|1760797352
|move|p2a: Dragapult|U-turn|p1a: Iron Treads
|-resisted|p1a: Iron Treads
|-damage|p1a: Iron Treads|83/100
|
|t:|1760797355
|switch|p2a: Alomomola|Alomomola, F|97/100 par|[from] U-turn
|move|p1a: Iron Treads|Stealth Rock|p2a: Alomomola
|-sidestart|p2: horses aren't real|move: Stealth Rock
|
|-weather|Snowscape|[upkeep]
|-heal|p1a: Iron Treads|89/100|[from] item: Leftovers
|upkeep
|turn|20
|
|t:|1760797359
|move|p1a: Iron Treads|Volt Switch|p2a: Alomomola
|-supereffective|p2a: Alomomola
|-crit|p2a: Alomomola
|-damage|p2a: Alomomola|52/100 par
|
|t:|1760797363
|-end|p1a: Iron Treads|Quark Drive|[silent]
|switch|p1a: Pelipper|Pelipper, F|100/100|[from] Volt Switch
|-weather|RainDance|[from] ability: Drizzle|[of] p1a: Pelipper
|cant|p2a: Alomomola|par
|
|-weather|RainDance|[upkeep]
|upkeep
|turn|21
|
|t:|1760797369
|move|p1a: Pelipper|Knock Off|p2a: Alomomola
|-damage|p2a: Alomomola|45/100 par
|-enditem|p2a: Alomomola|Heavy-Duty Boots|[from] move: Knock Off|[of] p1a: Pelipper
|move|p2a: Alomomola|Wish|p2a: Alomomola
|
|-weather|RainDance|[upkeep]
|upkeep
|turn|22
|
|t:|1760797373
|move|p1a: Pelipper|Hurricane|p2a: Alomomola
|-damage|p2a: Alomomola|0 fnt
|faint|p2a: Alomomola
|
|-weather|RainDance|[upkeep]
|upkeep
|
|t:|1760797379
|switch|p2a: Slowking|Slowking-Galar, M|99/100 par
|-damage|p2a: Slowking|87/100 par|[from] Stealth Rock
|turn|23
|
|t:|1760797385
|move|p1a: Pelipper|U-turn|p2a: Slowking
|-damage|p2a: Slowking|77/100 par
|
|t:|1760797389
|switch|p1a: Toxicroak|Toxicroak, F|100/100|[from] U-turn
|-prepare|p2a: Slowking|Chilly Reception|[premajor]
|cant|p2a: Slowking|par
|
|-weather|RainDance|[upkeep]
|upkeep
|turn|24
|
|t:|1760797400
|switch|p1a: Barraskewda|Barraskewda, F|100/100
|-prepare|p2a: Slowking|Chilly Reception|[premajor]
|move|p2a: Slowking|Chilly Reception|p2a: Slowking
|-weather|Snowscape
|
|t:|1760797402
|switch|p2a: Dragapult|Dragapult, F|100/100|[from] Chilly Reception
|
|-weather|Snowscape|[upkeep]
|upkeep
|turn|25
|l|☆jimy92
|inactive|jimy92 disconnected and has a minute to reconnect!
|player|p1|
|inactive|jimy92 has 30 seconds to reconnect!
|inactive|jimy92 has 20 seconds to reconnect!
|inactive|jimy92 has 15 seconds to reconnect!
|inactive|jimy92 has 10 seconds to reconnect!
|inactive|jimy92 has 5 seconds to reconnect!
|-message|jimy92 lost due to inactivity.
|
|win|horses aren't real
|raw|jimy92's rating: 1629 &rarr; <strong>1609</strong><br />(-20 for losing)
|raw|horses aren&apos;t real's rating: 1627 &rarr; <strong>1647</strong><br />(+20 for winning)
|l|☆horses aren't real
|player|p2|
|j|☆jimy92
|player|p1|jimy92|169|
|l|☆jimy92
|player|p1|
|l| mcribs
