|j|☆elimolly
|j|☆Luan1726
|t:|1760761022
|gametype|singles
|player|p1|elimolly|170|1124
|player|p2|Luan1726|102|1127
|gen|9
|tier|[Gen 9] OU
|rated|
|rule|HP Percentage Mod: HP is shown in percentages
|rule|Endless Battle Clause: Forcing endless battles is banned
|rule|Species Clause: Limit one of each Pokémon
|rule|OHKO Clause: OHKO moves are banned
|rule|Evasion Items Clause: Evasion items are banned
|rule|Evasion Moves Clause: Evasion moves are banned
|rule|Evasion Abilities Clause: Evasion abilities are banned
|rule|Sleep Moves Clause: Sleep-inducing moves are banned
|clearpoke
|poke|p1|Kingambit, M|
|poke|p1|Torkoal, M|
|poke|p1|Walking Wake|
|poke|p1|Hatterene, F|
|poke|p1|Gliscor, M|
|poke|p1|Whimsicott, M|
|poke|p2|Kingambit, M|
|poke|p2|Chandelure, M|
|poke|p2|Scizor, M|
|poke|p2|Toxapex, F|
|poke|p2|Iron Valiant|
|poke|p2|Moltres|
|teampreview
|inactive|Battle timer is ON: inactive players will automatically lose when time's up. (requested by Luan1726)
|
|t:|1760761029
|teamsize|p1|6
|teamsize|p2|6
|start
|switch|p1a: Whimsicott|Whimsicott, M|100/100
|switch|p2a: Scizor|Scizor, M|100/100
|turn|1
|
|t:|1760761036
|move|p1a: Whimsicott|Leech Seed|p2a: Scizor
|-start|p2a: Scizor|move: Leech Seed
|move|p2a: Scizor|Bullet Punch|p1a: Whimsicott
|-supereffective|p1a: Whimsicott
|-damage|p1a: Whimsicott|28/100
|-damage|p2a: Scizor|91/100|[from] item: Life Orb
|
|-damage|p2a: Scizor|78/100|[from] Leech Seed|[of] p1a: Whimsicott
|-heal|p1a: Whimsicott|43/100|[silent]
|upkeep
|turn|2
|
|t:|1760761046
|move|p1a: Whimsicott|Sunny Day|p1a: Whimsicott
|-weather|SunnyDay
|move|p2a: Scizor|Bullet Punch|p1a: Whimsicott
|-supereffective|p1a: Whimsicott
|-damage|p1a: Whimsicott|0 fnt
|faint|p1a: Whimsicott
|-damage|p2a: Scizor|68/100|[from] item: Life Orb
|
|-weather|SunnyDay|[upkeep]
|upkeep
|
|t:|1760761055
|switch|p1a: Walking Wake|Walking Wake|100/100
|-activate|p1a: Walking Wake|ability: Protosynthesis
|-start|p1a: Walking Wake|protosynthesisspa
|turn|3
|
|t:|1760761061
|switch|p2a: Toxapex|Toxapex, F|100/100
|move|p1a: Walking Wake|Weather Ball|p2a: Toxapex
|-resisted|p2a: Toxapex
|-damage|p2a: Toxapex|73/100
|
|-weather|SunnyDay|[upkeep]
|-heal|p2a: Toxapex|79/100|[from] item: Black Sludge
|upkeep
|turn|4
|
|t:|1760761076
|-end|p1a: Walking Wake|Protosynthesis|[silent]
|switch|p1a: Gliscor|Gliscor, M, shiny|100/100
|move|p2a: Toxapex|Toxic|p1a: Gliscor
|-status|p1a: Gliscor|tox
|
|-weather|SunnyDay|[upkeep]
|-heal|p2a: Toxapex|85/100|[from] item: Black Sludge
|upkeep
|turn|5
|
|t:|1760761087
|move|p1a: Gliscor|Dual Wingbeat|p2a: Toxapex
|-damage|p2a: Toxapex|76/100
|-damage|p2a: Toxapex|68/100
|-hitcount|p2a: Toxapex|2
|move|p2a: Toxapex|Liquidation|p1a: Gliscor
|-supereffective|p1a: Gliscor
|-damage|p1a: Gliscor|85/100 tox
|-unboost|p1a: Gliscor|def|1
|
|-weather|SunnyDay|[upkeep]
|-heal|p2a: Toxapex|74/100|[from] item: Black Sludge
|-heal|p1a: Gliscor|98/100 tox|[from] ability: Poison Heal
|upkeep
|turn|6
|
|t:|1760761100
|move|p2a: Toxapex|Baneful Bunker|p2a: Toxapex
|-singleturn|p2a: Toxapex|move: Protect
|move|p1a: Gliscor|Earthquake|p2a: Toxapex
|-activate|p2a: Toxapex|move: Protect
|
|-weather|none
|-heal|p2a: Toxapex|80/100|[from] item: Black Sludge
|-heal|p1a: Gliscor|100/100 tox|[from] ability: Poison Heal
|upkeep
|turn|7
|
|t:|1760761110
|switch|p2a: Moltres|Moltres|100/100
|move|p1a: Gliscor|Earthquake|p2a: Moltres
|-immune|p2a: Moltres
|
|upkeep
|turn|8
|
|t:|1760761118
|move|p2a: Moltres|Hurricane|p1a: Gliscor|[miss]
|-miss|p2a: Moltres|p1a: Gliscor
|move|p1a: Gliscor|Dual Wingbeat|p2a: Moltres
|-damage|p2a: Moltres|84/100
|-damage|p2a: Moltres|67/100
|-hitcount|p2a: Moltres|2
|
|upkeep
|turn|9
|
|t:|1760761127
|move|p2a: Moltres|Hurricane|p1a: Gliscor|[miss]
|-miss|p2a: Moltres|p1a: Gliscor
|move|p1a: Gliscor|Dual Wingbeat|p2a: Moltres
|-damage|p2a: Moltres|50/100
|-damage|p2a: Moltres|33/100
|-hitcount|p2a: Moltres|2
|
|upkeep
|turn|10
|
|t:|1760761135
|move|p2a: Moltres|Roost|p2a: Moltres
|-heal|p2a: Moltres|83/100
|-singleturn|p2a: Moltres|move: Roost
|move|p1a: Gliscor|Dual Wingbeat|p2a: Moltres
|-damage|p2a: Moltres|66/100
|-damage|p2a: Moltres|50/100
|-hitcount|p2a: Moltres|2
|
|upkeep
|turn|11
|
|t:|1760761145
|move|p2a: Moltres|Roost|p2a: Moltres
|-heal|p2a: Moltres|99/100
|-singleturn|p2a: Moltres|move: Roost
|move|p1a: Gliscor|Dual Wingbeat|p2a: Moltres
|-crit|p2a: Moltres
|-damage|p2a: Moltres|74/100
|-damage|p2a: Moltres|57/100
|-hitcount|p2a: Moltres|2
|
|upkeep
|turn|12
|
|t:|1760761154
|move|p2a: Moltres|Hurricane|p1a: Gliscor
|-damage|p1a: Gliscor|0 fnt
|faint|p1a: Gliscor
|-damage|p2a: Moltres|47/100|[from] item: Life Orb
|
|upkeep
|
|t:|1760761166
|switch|p1a: Torkoal|Torkoal, M|100/100
|-weather|SunnyDay|[from] ability: Drought|[of] p1a: Torkoal
|turn|13
|
|t:|1760761171
|switch|p1a: Walking Wake|Walking Wake|100/100
|-activate|p1a: Walking Wake|ability: Protosynthesis
|-start|p1a: Walking Wake|protosynthesisspa
|move|p2a: Moltres|U-turn|p1a: Walking Wake
|-damage|p1a: Walking Wake|81/100
|-damage|p2a: Moltres|37/100|[from] item: Life Orb
|
|t:|1760761178
|switch|p2a: Toxapex|Toxapex, F|80/100|[from] U-turn
|
|-weather|SunnyDay|[upkeep]
|-heal|p2a: Toxapex|87/100|[from] item: Black Sludge
|upkeep
|turn|14
|
|t:|1760761185
|move|p2a: Toxapex|Baneful Bunker|p2a: Toxapex
|-singleturn|p2a: Toxapex|move: Protect
|move|p1a: Walking Wake|Draco Meteor|p2a: Toxapex
|-activate|p2a: Toxapex|move: Protect
|
|-weather|SunnyDay|[upkeep]
|-heal|p2a: Toxapex|93/100|[from] item: Black Sludge
|upkeep
|turn|15
|
|t:|1760761194
|move|p1a: Walking Wake|Draco Meteor|p2a: Toxapex
|-damage|p2a: Toxapex|18/100
|-unboost|p1a: Walking Wake|spa|2
|move|p2a: Toxapex|Toxic|p1a: Walking Wake
|-status|p1a: Walking Wake|tox
|
|-weather|SunnyDay|[upkeep]
|-heal|p2a: Toxapex|24/100|[from] item: Black Sludge
|-damage|p1a: Walking Wake|75/100 tox|[from] psn
|upkeep
|turn|16
|
|t:|1760761205
|move|p2a: Toxapex|Baneful Bunker|p2a: Toxapex
|-singleturn|p2a: Toxapex|move: Protect
|move|p1a: Walking Wake|Draco Meteor|p2a: Toxapex
|-activate|p2a: Toxapex|move: Protect
|
|-weather|SunnyDay|[upkeep]
|-heal|p2a: Toxapex|30/100|[from] item: Black Sludge
|-damage|p1a: Walking Wake|63/100 tox|[from] psn
|upkeep
|turn|17
|-message|elimolly forfeited.
|
|win|Luan1726
|raw|elimolly's rating: 1124 &rarr; <strong>1099</strong><br />(-25 for losing)
|raw|Luan1726's rating: 1127 &rarr; <strong>1152</strong><br />(+25 for winning)
|l|☆elimolly
|player|p1|
|l|☆Luan1726
|player|p2|
