|j|☆juliussuchtbauer
|j|☆DrippyDreams
|t:|1760728818
|gametype|singles
|player|p1|juliussuchtbauer|102|1441
|player|p2|DrippyDreams|2|1449
|gen|9
|tier|[Gen 9] OU
|rated|
|rule|HP Percentage Mod: HP is shown in percentages
|rule|Endless Battle Clause: Forcing endless battles is banned
|rule|Species Clause: Limit one of each Pokémon
|rule|OHKO Clause: OHKO moves are banned
|rule|Evasion Items Clause: Evasion items are banned
|rule|Evasion Moves Clause: Evasion moves are banned
|rule|Evasion Abilities Clause: Evasion abilities are banned
|rule|Sleep Moves Clause: Sleep-inducing moves are banned
|clearpoke
|poke|p1|Garganacl, M|
|poke|p1|Hippowdon, M|
|poke|p1|Hydrapple, M|
|poke|p1|Slowking-Galar, M|
|poke|p1|Samurott-Hisui, M|
|poke|p1|Excadrill, M|
|poke|p2|Samurott-Hisui, M|
|poke|p2|Raging Bolt|
|poke|p2|Iron Valiant|
|poke|p2|Moltres|
|poke|p2|Great Tusk|
|poke|p2|Kingambit, F|
|teampreview
|
|t:|1760728847
|teamsize|p1|6
|teamsize|p2|6
|start
|switch|p1a: Slowking|Slowking-Galar, M, shiny|100/100
|switch|p2a: Samurott|Samurott-Hisui, M|100/100
|turn|1
|
|t:|1760728866
|-terastallize|p1a: Slowking|Water
|move|p2a: Samurott|Ceaseless Edge|p1a: Slowking
|-damage|p1a: Slowking|65/100
|-sidestart|p1: juliussuchtbauer|Spikes
|move|p1a: Slowking|Sludge Bomb|p2a: Samurott
|-crit|p2a: Samurott
|-damage|p2a: Samurott|26/100
|
|upkeep
|turn|2
|
|t:|1760728885
|switch|p2a: Kingambit|Kingambit, F|100/100
|-item|p2a: Kingambit|Air Balloon
|move|p1a: Slowking|Sludge Bomb|p2a: Kingambit
|-immune|p2a: Kingambit
|
|upkeep
|turn|3
|
|t:|1760728904
|-end|p2a: Kingambit|fallenundefined|[silent]
|switch|p2a: Raging Bolt|Raging Bolt|100/100
|switch|p1a: Hippowdon|Hippowdon, M, shiny|100/100
|-damage|p1a: Hippowdon|88/100|[from] Spikes
|-weather|Sandstorm|[from] ability: Sand Stream|[of] p1a: Hippowdon
|
|-weather|Sandstorm|[upkeep]
|-damage|p2a: Raging Bolt|94/100|[from] Sandstorm
|-heal|p2a: Raging Bolt|100/100|[from] item: Leftovers
|upkeep
|turn|4
|
|t:|1760728916
|-end|p2a: Raging Bolt|Protosynthesis|[silent]
|switch|p2a: Samurott|Samurott-Hisui, M|26/100
|switch|p1a: Garganacl|Garganacl, M, shiny|100/100
|-damage|p1a: Garganacl|88/100|[from] Spikes
|
|-weather|Sandstorm|[upkeep]
|-damage|p2a: Samurott|20/100|[from] Sandstorm
|-heal|p1a: Garganacl|94/100|[from] item: Leftovers
|upkeep
|turn|5
|
|t:|1760728921
|move|p1a: Garganacl|Protect|p1a: Garganacl
|-singleturn|p1a: Garganacl|Protect
|move|p2a: Samurott|Flip Turn|p1a: Garganacl
|-activate|p1a: Garganacl|move: Protect
|
|-weather|Sandstorm|[upkeep]
|-damage|p2a: Samurott|14/100|[from] Sandstorm
|-heal|p1a: Garganacl|100/100|[from] item: Leftovers
|upkeep
|turn|6
|
|t:|1760728924
|move|p2a: Samurott|Flip Turn|p1a: Garganacl
|-supereffective|p1a: Garganacl
|-damage|p1a: Garganacl|68/100
|
|t:|1760728945
|switch|p2a: Raging Bolt|Raging Bolt|100/100|[from] Flip Turn
|move|p1a: Garganacl|Salt Cure|p2a: Raging Bolt
|-damage|p2a: Raging Bolt|89/100
|-start|p2a: Raging Bolt|Salt Cure
|
|-weather|Sandstorm|[upkeep]
|-damage|p2a: Raging Bolt|83/100|[from] Sandstorm
|-heal|p2a: Raging Bolt|89/100|[from] item: Leftovers
|-heal|p1a: Garganacl|74/100|[from] item: Leftovers
|-damage|p2a: Raging Bolt|76/100|[from] Salt Cure
|upkeep
|turn|7
|
|t:|1760728954
|move|p2a: Raging Bolt|Calm Mind|p2a: Raging Bolt
|-boost|p2a: Raging Bolt|spa|1
|-boost|p2a: Raging Bolt|spd|1
|move|p1a: Garganacl|Recover|p1a: Garganacl
|-heal|p1a: Garganacl|100/100
|
|-weather|none
|-heal|p2a: Raging Bolt|82/100|[from] item: Leftovers
|-damage|p2a: Raging Bolt|70/100|[from] Salt Cure
|upkeep
|turn|8
|
|t:|1760728957
|move|p2a: Raging Bolt|Thunderbolt|p1a: Garganacl
|-damage|p1a: Garganacl|41/100
|move|p1a: Garganacl|Ice Punch|p2a: Raging Bolt
|-supereffective|p2a: Raging Bolt
|-damage|p2a: Raging Bolt|38/100
|-status|p2a: Raging Bolt|frz
|
|-heal|p2a: Raging Bolt|44/100 frz|[from] item: Leftovers
|-heal|p1a: Garganacl|47/100|[from] item: Leftovers
|-damage|p2a: Raging Bolt|31/100 frz|[from] Salt Cure
|upkeep
|turn|9
|
|t:|1760728967
|cant|p2a: Raging Bolt|frz
|move|p1a: Garganacl|Recover|p1a: Garganacl
|-heal|p1a: Garganacl|97/100
|
|-heal|p2a: Raging Bolt|37/100 frz|[from] item: Leftovers
|-heal|p1a: Garganacl|100/100|[from] item: Leftovers
|-damage|p2a: Raging Bolt|25/100 frz|[from] Salt Cure
|upkeep
|turn|10
|
|t:|1760728969
|cant|p2a: Raging Bolt|frz
|move|p1a: Garganacl|Salt Cure|p2a: Raging Bolt
|-damage|p2a: Raging Bolt|13/100 frz
|
|-heal|p2a: Raging Bolt|19/100 frz|[from] item: Leftovers
|-damage|p2a: Raging Bolt|7/100 frz|[from] Salt Cure
|upkeep
|turn|11
|
|t:|1760728974
|-curestatus|p2a: Raging Bolt|frz|[msg]
|move|p2a: Raging Bolt|Dragon Pulse|p1a: Garganacl
|-damage|p1a: Garganacl|41/100
|move|p1a: Garganacl|Recover|p1a: Garganacl
|-heal|p1a: Garganacl|92/100
|
|-heal|p2a: Raging Bolt|13/100|[from] item: Leftovers
|-heal|p1a: Garganacl|98/100|[from] item: Leftovers
|-damage|p2a: Raging Bolt|0 fnt|[from] Salt Cure
|faint|p2a: Raging Bolt
|-end|p2a: Raging Bolt|Protosynthesis|[silent]
|upkeep
|
|t:|1760728991
|switch|p2a: Samurott|Samurott-Hisui, M|14/100
|turn|12
|
|t:|1760728999
|move|p1a: Garganacl|Protect|p1a: Garganacl
|-singleturn|p1a: Garganacl|Protect
|move|p2a: Samurott|Flip Turn|p1a: Garganacl
|-activate|p1a: Garganacl|move: Protect
|
|-heal|p1a: Garganacl|100/100|[from] item: Leftovers
|upkeep
|turn|13
|
|t:|1760729006
|move|p2a: Samurott|Flip Turn|p1a: Garganacl
|-supereffective|p1a: Garganacl
|-damage|p1a: Garganacl|65/100
|
|t:|1760729009
|switch|p2a: Great Tusk|Great Tusk|100/100|[from] Flip Turn
|move|p1a: Garganacl|Salt Cure|p2a: Great Tusk
|-resisted|p2a: Great Tusk
|-crit|p2a: Great Tusk
|-damage|p2a: Great Tusk|97/100
|-start|p2a: Great Tusk|Salt Cure
|
|-heal|p1a: Garganacl|71/100|[from] item: Leftovers
|-damage|p2a: Great Tusk|85/100|[from] Salt Cure
|upkeep
|turn|14
|
|t:|1760729013
|switch|p1a: Hippowdon|Hippowdon, M, shiny|88/100
|-damage|p1a: Hippowdon|76/100|[from] Spikes
|-weather|Sandstorm|[from] ability: Sand Stream|[of] p1a: Hippowdon
|move|p2a: Great Tusk|Knock Off|p1a: Hippowdon
|-damage|p1a: Hippowdon|59/100
|-damage|p2a: Great Tusk|68/100|[from] item: Rocky Helmet|[of] p1a: Hippowdon
|-enditem|p1a: Hippowdon|Rocky Helmet|[from] move: Knock Off|[of] p2a: Great Tusk
|
|-weather|Sandstorm|[upkeep]
|-damage|p2a: Great Tusk|56/100|[from] Salt Cure
|upkeep
|turn|15
|
|t:|1760729020
|move|p2a: Great Tusk|Ice Spinner|p1a: Hippowdon
|-supereffective|p1a: Hippowdon
|-damage|p1a: Hippowdon|31/100
|move|p1a: Hippowdon|Slack Off|p1a: Hippowdon
|-heal|p1a: Hippowdon|81/100
|
|-weather|Sandstorm|[upkeep]
|-damage|p2a: Great Tusk|43/100|[from] Salt Cure
|upkeep
|turn|16
|
|t:|1760729026
|-end|p2a: Great Tusk|Protosynthesis|[silent]
|switch|p2a: Samurott|Samurott-Hisui, M|14/100
|move|p1a: Hippowdon|Stealth Rock|p2a: Samurott
|-sidestart|p2: DrippyDreams|move: Stealth Rock
|
|-weather|Sandstorm|[upkeep]
|-damage|p2a: Samurott|8/100|[from] Sandstorm
|upkeep
|turn|17
|
|t:|1760729034
|switch|p1a: Samurott|Samurott-Hisui, M, shiny|100/100
|move|p2a: Samurott|Flip Turn|p1a: Samurott
|-resisted|p1a: Samurott
|-damage|p1a: Samurott|83/100
|
|t:|1760729047
|switch|p2a: Great Tusk|Great Tusk|43/100|[from] Flip Turn
|
|-weather|Sandstorm|[upkeep]
|-damage|p1a: Samurott|77/100|[from] Sandstorm
|upkeep
|turn|18
|
|t:|1760729052
|move|p2a: Great Tusk|Rapid Spin|p1a: Samurott
|-damage|p1a: Samurott|53/100
|-boost|p2a: Great Tusk|spe|1
|-sideend|p2: DrippyDreams|Stealth Rock|[from] move: Rapid Spin|[of] p2a: Great Tusk
|move|p1a: Samurott|Flip Turn|p2a: Great Tusk
|-supereffective|p2a: Great Tusk
|-damage|p2a: Great Tusk|0 fnt
|faint|p2a: Great Tusk
|-end|p2a: Great Tusk|Protosynthesis|[silent]
|
|t:|1760729065
|switch|p1a: Slowking|Slowking-Galar, M, shiny, tera:Water|98/100|[from] Flip Turn
|-damage|p1a: Slowking|86/100|[from] Spikes
|
|-weather|none
|upkeep
|
|t:|1760729072
|switch|p2a: Kingambit|Kingambit, F|100/100
|-activate|p2a: Kingambit|ability: Supreme Overlord
|-start|p2a: Kingambit|fallen2|[silent]
|-item|p2a: Kingambit|Air Balloon
|turn|19
|
|t:|1760729077
|switch|p1a: Hippowdon|Hippowdon, M, shiny|81/100
|-damage|p1a: Hippowdon|69/100|[from] Spikes
|-weather|Sandstorm|[from] ability: Sand Stream|[of] p1a: Hippowdon
|move|p2a: Kingambit|Swords Dance|p2a: Kingambit
|-boost|p2a: Kingambit|atk|2
|
|-weather|Sandstorm|[upkeep]
|upkeep
|turn|20
|
|t:|1760729088
|move|p2a: Kingambit|Kowtow Cleave|p1a: Hippowdon
|-damage|p1a: Hippowdon|9/100
|move|p1a: Hippowdon|Body Press|p2a: Kingambit
|-supereffective|p2a: Kingambit
|-damage|p2a: Kingambit|8/100
|-enditem|p2a: Kingambit|Air Balloon
|
|-weather|Sandstorm|[upkeep]
|upkeep
|turn|21
|
|t:|1760729098
|move|p2a: Kingambit|Kowtow Cleave|p1a: Hippowdon
|-damage|p1a: Hippowdon|0 fnt
|faint|p1a: Hippowdon
|
|-weather|Sandstorm|[upkeep]
|upkeep
|
|t:|1760729139
|switch|p1a: Samurott|Samurott-Hisui, M, shiny|53/100
|turn|22
|
|t:|1760729145
|move|p1a: Samurott|Sucker Punch|p2a: Kingambit
|-resisted|p2a: Kingambit
|-damage|p2a: Kingambit|0 fnt
|faint|p2a: Kingambit
|-end|p2a: Kingambit|fallen2|[silent]
|
|-weather|Sandstorm|[upkeep]
|-damage|p1a: Samurott|46/100|[from] Sandstorm
|upkeep
|
|t:|1760729149
|switch|p2a: Iron Valiant|Iron Valiant|100/100
|-enditem|p2a: Iron Valiant|Booster Energy
|-activate|p2a: Iron Valiant|ability: Quark Drive|[fromitem]
|-start|p2a: Iron Valiant|quarkdrivespe
|turn|23
|
|t:|1760729154
|move|p2a: Iron Valiant|Encore|p1a: Samurott
|-start|p1a: Samurott|Encore
|move|p1a: Samurott|Sucker Punch||[still]
|-fail|p1a: Samurott
|
|-weather|none
|upkeep
|turn|24
|
|t:|1760729161
|switch|p1a: Slowking|Slowking-Galar, M, shiny, tera:Water|100/100
|-damage|p1a: Slowking|88/100|[from] Spikes
|move|p2a: Iron Valiant|Calm Mind|p2a: Iron Valiant
|-boost|p2a: Iron Valiant|spa|1
|-boost|p2a: Iron Valiant|spd|1
|
|upkeep
|turn|25
|
|t:|1760729167
|-terastallize|p2a: Iron Valiant|Ghost
|move|p2a: Iron Valiant|Calm Mind|p2a: Iron Valiant
|-boost|p2a: Iron Valiant|spa|1
|-boost|p2a: Iron Valiant|spd|1
|move|p1a: Slowking|Sludge Bomb|p2a: Iron Valiant
|-resisted|p2a: Iron Valiant
|-damage|p2a: Iron Valiant|86/100
|
|upkeep
|turn|26
|
|t:|1760729176
|move|p2a: Iron Valiant|Shadow Ball|p1a: Slowking
|-damage|p1a: Slowking|45/100
|move|p1a: Slowking|Whirlpool|p2a: Iron Valiant
|-damage|p2a: Iron Valiant|65/100
|-activate|p2a: Iron Valiant|move: Whirlpool|[of] p1a: Slowking
|
|-damage|p2a: Iron Valiant|53/100|[from] move: Whirlpool|[partiallytrapped]
|upkeep
|turn|27
|
|t:|1760729181
|move|p2a: Iron Valiant|Shadow Ball|p1a: Slowking
|-damage|p1a: Slowking|2/100
|move|p1a: Slowking|Sludge Bomb|p2a: Iron Valiant
|-resisted|p2a: Iron Valiant
|-damage|p2a: Iron Valiant|37/100
|
|-damage|p2a: Iron Valiant|25/100|[from] move: Whirlpool|[partiallytrapped]
|upkeep
|turn|28
|inactive|Battle timer is ON: inactive players will automatically lose when time's up. (requested by DrippyDreams)
|
|t:|1760729188
|move|p2a: Iron Valiant|Shadow Ball|p1a: Slowking
|-damage|p1a: Slowking|0 fnt
|faint|p1a: Slowking
|
|-end|p2a: Iron Valiant|Whirlpool|[partiallytrapped]|[silent]
|upkeep
|
|t:|1760729190
|switch|p1a: Samurott|Samurott-Hisui, M, shiny|46/100
|turn|29
|
|t:|1760729195
|move|p1a: Samurott|Sucker Punch||[still]
|-fail|p1a: Samurott
|move|p2a: Iron Valiant|Calm Mind|p2a: Iron Valiant
|-boost|p2a: Iron Valiant|spa|1
|-boost|p2a: Iron Valiant|spd|1
|
|upkeep
|turn|30
|
|t:|1760729201
|switch|p1a: Hydrapple|Hydrapple, M, shiny|100/100
|move|p2a: Iron Valiant|Encore||[still]
|-fail|p2a: Iron Valiant
|
|upkeep
|turn|31
|
|t:|1760729205
|move|p2a: Iron Valiant|Moonblast|p1a: Hydrapple
|-supereffective|p1a: Hydrapple
|-damage|p1a: Hydrapple|0 fnt
|faint|p1a: Hydrapple
|
|upkeep
|
|t:|1760729207
|switch|p1a: Samurott|Samurott-Hisui, M, shiny|46/100
|turn|32
|
|t:|1760729210
|move|p1a: Samurott|Sucker Punch|p2a: Iron Valiant
|-supereffective|p2a: Iron Valiant
|-damage|p2a: Iron Valiant|0 fnt
|faint|p2a: Iron Valiant
|-end|p2a: Iron Valiant|Quark Drive|[silent]
|
|upkeep
|
|t:|1760729214
|switch|p2a: Samurott|Samurott-Hisui, M|8/100
|turn|33
|
|t:|1760729218
|switch|p2a: Moltres|Moltres|100/100
|move|p1a: Samurott|Sucker Punch||[still]
|-fail|p1a: Samurott
|
|upkeep
|turn|34
|
|t:|1760729223
|switch|p1a: Garganacl|Garganacl, M, shiny|71/100
|-damage|p1a: Garganacl|59/100|[from] Spikes
|move|p2a: Moltres|U-turn|p1a: Garganacl
|-damage|p1a: Garganacl|49/100
|
|t:|1760729226
|switch|p2a: Samurott|Samurott-Hisui, M|8/100|[from] U-turn
|
|-heal|p1a: Garganacl|56/100|[from] item: Leftovers
|upkeep
|turn|35
|
|t:|1760729229
|move|p1a: Garganacl|Protect|p1a: Garganacl
|-singleturn|p1a: Garganacl|Protect
|move|p2a: Samurott|Sacred Sword|p1a: Garganacl
|-activate|p1a: Garganacl|move: Protect
|
|-heal|p1a: Garganacl|62/100|[from] item: Leftovers
|upkeep
|turn|36
|
|t:|1760729236
|switch|p1a: Excadrill|Excadrill, M, shiny|100/100
|move|p2a: Samurott|Sacred Sword|p1a: Excadrill
|-supereffective|p1a: Excadrill
|-damage|p1a: Excadrill|0 fnt
|faint|p1a: Excadrill
|
|upkeep
|
|t:|1760729238
|switch|p1a: Samurott|Samurott-Hisui, M, shiny|46/100
|turn|37
|
|t:|1760729247
|switch|p2a: Moltres|Moltres|100/100
|move|p1a: Samurott|Flip Turn|p2a: Moltres
|-supereffective|p2a: Moltres
|-damage|p2a: Moltres|58/100
|
|t:|1760729249
|switch|p1a: Garganacl|Garganacl, M, shiny|62/100|[from] Flip Turn
|-damage|p1a: Garganacl|49/100|[from] Spikes
|
|-heal|p1a: Garganacl|56/100|[from] item: Leftovers
|upkeep
|turn|38
|
|t:|1760729255
|move|p1a: Garganacl|Salt Cure|p2a: Moltres
|-supereffective|p2a: Moltres
|-damage|p2a: Moltres|20/100
|-start|p2a: Moltres|Salt Cure
|move|p2a: Moltres|Roar|p1a: Garganacl
|drag|p1a: Samurott|Samurott-Hisui, M, shiny|46/100
|
|-damage|p2a: Moltres|7/100|[from] Salt Cure
|upkeep
|turn|39
|
|t:|1760729265
|switch|p1a: Garganacl|Garganacl, M, shiny|56/100
|-damage|p1a: Garganacl|43/100|[from] Spikes
|move|p2a: Moltres|U-turn|p1a: Garganacl
|-damage|p1a: Garganacl|34/100
|
|t:|1760729271
|switch|p2a: Samurott|Samurott-Hisui, M|8/100|[from] U-turn
|
|-heal|p1a: Garganacl|41/100|[from] item: Leftovers
|upkeep
|turn|40
|
|t:|1760729279
|move|p1a: Garganacl|Protect|p1a: Garganacl
|-singleturn|p1a: Garganacl|Protect
|move|p2a: Samurott|Sacred Sword|p1a: Garganacl
|-activate|p1a: Garganacl|move: Protect
|
|-heal|p1a: Garganacl|47/100|[from] item: Leftovers
|upkeep
|turn|41
|
|t:|1760729282
|move|p2a: Samurott|Sacred Sword|p1a: Garganacl
|-supereffective|p1a: Garganacl
|-damage|p1a: Garganacl|0 fnt
|faint|p1a: Garganacl
|
|upkeep
|
|t:|1760729284
|switch|p1a: Samurott|Samurott-Hisui, M, shiny|46/100
|turn|42
|
|t:|1760729286
|move|p1a: Samurott|Sucker Punch|p2a: Samurott
|-resisted|p2a: Samurott
|-damage|p2a: Samurott|0 fnt
|faint|p2a: Samurott
|
|upkeep
|
|t:|1760729289
|switch|p2a: Moltres|Moltres|7/100
|turn|43
|
|t:|1760729292
|move|p1a: Samurott|Ceaseless Edge|p2a: Moltres
|-damage|p2a: Moltres|0 fnt
|-sidestart|p2: DrippyDreams|Spikes
|faint|p2a: Moltres
|
|win|juliussuchtbauer
|raw|juliussuchtbauer's rating: 1441 &rarr; <strong>1461</strong><br />(+20 for winning)
|raw|DrippyDreams's rating: 1449 &rarr; <strong>1429</strong><br />(-20 for losing)
|l|☆DrippyDreams
|player|p2|
|l|☆juliussuchtbauer
|player|p1|
