|j|☆justicebustice
|j|☆javiconb
|t:|1760737968
|gametype|singles
|player|p1|justicebustice|169|1296
|player|p2|javiconb|170|1286
|gen|9
|tier|[Gen 9] OU
|rated|
|rule|HP Percentage Mod: HP is shown in percentages
|rule|Endless Battle Clause: Forcing endless battles is banned
|rule|Species Clause: Limit one of each Pokémon
|rule|OHKO Clause: OHKO moves are banned
|rule|Evasion Items Clause: Evasion items are banned
|rule|Evasion Moves Clause: Evasion moves are banned
|rule|Evasion Abilities Clause: Evasion abilities are banned
|rule|Sleep Moves Clause: Sleep-inducing moves are banned
|clearpoke
|poke|p1|Zamazenta-*|
|poke|p1|Darkrai|
|poke|p1|Gholdengo|
|poke|p1|Tinkaton, F|
|poke|p1|Gliscor, F|
|poke|p1|Moltres|
|poke|p2|Rabsca, M|
|poke|p2|Slowking-Galar, F|
|poke|p2|Ursaluna, F|
|poke|p2|Azumarill, F|
|poke|p2|Mimikyu, F|
|poke|p2|Kingambit, F|
|teampreview
|inactive|Battle timer is ON: inactive players will automatically lose when time's up. (requested by justicebustice)
|
|t:|1760737981
|teamsize|p1|6
|teamsize|p2|6
|start
|switch|p1a: Tinkaton|Tinkaton, F|100/100
|switch|p2a: Azumarill|Azumarill, F|100/100
|-ability|p1a: Tinkaton|Mold Breaker
|turn|1
|
|t:|1760737988
|move|p1a: Tinkaton|Gigaton Hammer|p2a: Azumarill
|-crit|p2a: Azumarill
|-damage|p2a: Azumarill|39/100
|move|p2a: Azumarill|Knock Off|p1a: Tinkaton
|-resisted|p1a: Tinkaton
|-damage|p1a: Tinkaton|79/100
|-enditem|p1a: Tinkaton|Heavy-Duty Boots|[from] move: Knock Off|[of] p2a: Azumarill
|
|upkeep
|turn|2
|
|t:|1760738003
|move|p1a: Tinkaton|Stealth Rock|p2a: Azumarill
|-sidestart|p2: javiconb|move: Stealth Rock
|move|p2a: Azumarill|Liquidation|p1a: Tinkaton
|-damage|p1a: Tinkaton|15/100
|
|upkeep
|turn|3
|
|t:|1760738008
|move|p2a: Azumarill|Aqua Jet|p1a: Tinkaton
|-damage|p1a: Tinkaton|0 fnt
|faint|p1a: Tinkaton
|
|upkeep
|
|t:|1760738013
|switch|p1a: Darkrai|Darkrai|100/100
|turn|4
|
|t:|1760738016
|move|p2a: Azumarill|Aqua Jet|p1a: Darkrai
|-crit|p1a: Darkrai
|-damage|p1a: Darkrai|48/100
|move|p1a: Darkrai|Sludge Bomb|p2a: Azumarill
|-supereffective|p2a: Azumarill
|-damage|p2a: Azumarill|0 fnt
|faint|p2a: Azumarill
|
|upkeep
|inactive|javiconb has 120 seconds left.
|inactive|javiconb has 90 seconds left.
|
|t:|1760738079
|switch|p2a: Kingambit|Kingambit, F|100/100
|-damage|p2a: Kingambit|94/100|[from] Stealth Rock
|-activate|p2a: Kingambit|ability: Supreme Overlord
|-start|p2a: Kingambit|fallen1|[silent]
|turn|5
|
|t:|1760738101
|switch|p1a: Moltres|Moltres|100/100
|move|p2a: Kingambit|Kowtow Cleave|p1a: Moltres
|-damage|p1a: Moltres|56/100
|-status|p2a: Kingambit|brn|[from] ability: Flame Body|[of] p1a: Moltres
|
|-damage|p2a: Kingambit|88/100 brn|[from] brn
|upkeep
|turn|6
|
|t:|1760738115
|move|p1a: Moltres|U-turn|p2a: Kingambit
|-damage|p2a: Kingambit|78/100 brn
|
|t:|1760738118
|switch|p1a: Zamazenta|Zamazenta|100/100|[from] U-turn
|-ability|p1a: Zamazenta|Dauntless Shield|boost
|-boost|p1a: Zamazenta|def|1
|move|p2a: Kingambit|Kowtow Cleave|p1a: Zamazenta
|-resisted|p1a: Zamazenta
|-damage|p1a: Zamazenta|91/100
|
|-damage|p2a: Kingambit|72/100 brn|[from] brn
|upkeep
|turn|7
|
|t:|1760738122
|-end|p2a: Kingambit|fallen1|[silent]
|switch|p2a: Rabsca|Rabsca, M|100/100
|move|p1a: Zamazenta|Close Combat|p2a: Rabsca
|-resisted|p2a: Rabsca
|-damage|p2a: Rabsca|89/100
|-unboost|p1a: Zamazenta|def|1
|-unboost|p1a: Zamazenta|spd|1
|
|upkeep
|turn|8
|
|t:|1760738132
|-terastallize|p1a: Zamazenta|Dark
|move|p1a: Zamazenta|Crunch|p2a: Rabsca
|-supereffective|p2a: Rabsca
|-damage|p2a: Rabsca|30/100
|move|p2a: Rabsca|Trick Room|p2a: Rabsca
|-fieldstart|move: Trick Room|[of] p2a: Rabsca
|
|upkeep
|turn|9
|inactive|javiconb has 120 seconds left.
|inactive|javiconb has 90 seconds left.
|
|t:|1760738199
|move|p2a: Rabsca|Memento|p1a: Zamazenta
|-unboost|p1a: Zamazenta|atk|2
|-unboost|p1a: Zamazenta|spa|2
|faint|p2a: Rabsca
|move|p1a: Zamazenta|Crunch|p2: Rabsca|[notarget]
|-fail|p1a: Zamazenta
|
|upkeep
|
|t:|1760738204
|switch|p2a: Ursaluna|Ursaluna, F|100/100
|-damage|p2a: Ursaluna|94/100|[from] Stealth Rock
|turn|10
|
|t:|1760738218
|switch|p1a: Gholdengo|Gholdengo|100/100
|move|p2a: Ursaluna|Swords Dance|p2a: Ursaluna
|-boost|p2a: Ursaluna|atk|2
|
|-status|p2a: Ursaluna|brn|[from] item: Flame Orb
|upkeep
|turn|11
|
|t:|1760738247
|switch|p1a: Gliscor|Gliscor, F|100/100
|move|p2a: Ursaluna|Crunch|p1a: Gliscor
|-damage|p1a: Gliscor|40/100
|
|-damage|p2a: Ursaluna|88/100 brn|[from] brn
|-status|p1a: Gliscor|tox|[from] item: Toxic Orb
|upkeep
|turn|12
|
|t:|1760738259
|move|p1a: Gliscor|Protect|p1a: Gliscor
|-singleturn|p1a: Gliscor|Protect
|move|p2a: Ursaluna|Crunch|p1a: Gliscor
|-activate|p1a: Gliscor|move: Protect
|
|-heal|p1a: Gliscor|52/100 tox|[from] ability: Poison Heal
|-damage|p2a: Ursaluna|82/100 brn|[from] brn
|-fieldend|move: Trick Room
|upkeep
|turn|13
|
|t:|1760738268
|move|p1a: Gliscor|Earthquake|p2a: Ursaluna
|-damage|p2a: Ursaluna|60/100 brn
|move|p2a: Ursaluna|Crunch|p1a: Gliscor
|-crit|p1a: Gliscor
|-damage|p1a: Gliscor|0 fnt
|faint|p1a: Gliscor
|
|-damage|p2a: Ursaluna|54/100 brn|[from] brn
|upkeep
|
|t:|1760738270
|switch|p1a: Zamazenta|Zamazenta, tera:Dark|91/100
|turn|14
|
|t:|1760738276
|switch|p2a: Kingambit|Kingambit, F|72/100 brn
|-damage|p2a: Kingambit|65/100 brn|[from] Stealth Rock
|-activate|p2a: Kingambit|ability: Supreme Overlord
|-start|p2a: Kingambit|fallen2|[silent]
|move|p1a: Zamazenta|Close Combat|p2a: Kingambit
|-supereffective|p2a: Kingambit
|-damage|p2a: Kingambit|0 fnt
|-unboost|p1a: Zamazenta|def|1
|-unboost|p1a: Zamazenta|spd|1
|faint|p2a: Kingambit
|-end|p2a: Kingambit|fallen2|[silent]
|
|upkeep
|
|t:|1760738290
|switch|p2a: Mimikyu|Mimikyu, F|100/100
|-damage|p2a: Mimikyu|88/100|[from] Stealth Rock
|turn|15
|
|t:|1760738294
|move|p1a: Zamazenta|Crunch|p2a: Mimikyu
|-activate|p2a: Mimikyu|ability: Disguise
|-damage|p2a: Mimikyu|88/100
|-unboost|p2a: Mimikyu|def|1
|detailschange|p2a: Mimikyu|Mimikyu-Busted, F
|-damage|p2a: Mimikyu|76/100|[from] pokemon: Mimikyu-Busted
|move|p2a: Mimikyu|Trick Room|p2a: Mimikyu
|-fieldstart|move: Trick Room|[of] p2a: Mimikyu
|
|upkeep
|turn|16
|
|t:|1760738299
|move|p2a: Mimikyu|Destiny Bond|p2a: Mimikyu
|-singlemove|p2a: Mimikyu|Destiny Bond
|move|p1a: Zamazenta|Crunch|p2a: Mimikyu
|-damage|p2a: Mimikyu|4/100
|-unboost|p2a: Mimikyu|def|1
|
|upkeep
|turn|17
|
|t:|1760738307
|move|p2a: Mimikyu|Destiny Bond||[still]
|-fail|p2a: Mimikyu
|move|p1a: Zamazenta|Crunch|p2a: Mimikyu
|-damage|p2a: Mimikyu|0 fnt
|faint|p2a: Mimikyu
|
|upkeep
|
|t:|1760738319
|switch|p2a: Slowking|Slowking-Galar, F|100/100
|-damage|p2a: Slowking|88/100|[from] Stealth Rock
|turn|18
|
|t:|1760738322
|move|p2a: Slowking|Sludge Wave|p1a: Zamazenta
|-damage|p1a: Zamazenta|11/100
|-damage|p2a: Slowking|78/100|[from] item: Life Orb
|move|p1a: Zamazenta|Crunch|p2a: Slowking
|-supereffective|p2a: Slowking
|-damage|p2a: Slowking|0 fnt
|faint|p2a: Slowking
|
|upkeep
|
|t:|1760738327
|switch|p2a: Ursaluna|Ursaluna, F|54/100 brn
|-damage|p2a: Ursaluna|48/100 brn|[from] Stealth Rock
|turn|19
|
|t:|1760738329
|switch|p1a: Gholdengo|Gholdengo|100/100
|move|p2a: Ursaluna|Facade|p1a: Gholdengo
|-immune|p1a: Gholdengo
|
|-damage|p2a: Ursaluna|42/100 brn|[from] brn
|-fieldend|move: Trick Room
|upkeep
|turn|20
|
|t:|1760738332
|-terastallize|p2a: Ursaluna|Normal
|move|p1a: Gholdengo|Make It Rain|p2a: Ursaluna
|-damage|p2a: Ursaluna|0 fnt
|-unboost|p1a: Gholdengo|spa|1
|faint|p2a: Ursaluna
|
|win|justicebustice
|raw|justicebustice's rating: 1296 &rarr; <strong>1320</strong><br />(+24 for winning)
|raw|javiconb's rating: 1286 &rarr; <strong>1262</strong><br />(-24 for losing)
|l|☆justicebustice
|player|p1|
|l|☆javiconb
|player|p2|
