|j|☆Quiero mucho a Mar
|j|☆how play pkm
|t:|1760785869
|gametype|singles
|player|p1|Quiero mucho a Mar|firebreather-gen2|1777
|player|p2|how play pkm|yellow|1748
|gen|9
|tier|[Gen 9] OU
|rated|
|rule|HP Percentage Mod: HP is shown in percentages
|rule|Endless Battle Clause: Forcing endless battles is banned
|rule|Species Clause: Limit one of each Pokémon
|rule|OHKO Clause: OHKO moves are banned
|rule|Evasion Items Clause: Evasion items are banned
|rule|Evasion Moves Clause: Evasion moves are banned
|rule|Evasion Abilities Clause: Evasion abilities are banned
|rule|Sleep Moves Clause: Sleep-inducing moves are banned
|clearpoke
|poke|p1|Yanmega, M|
|poke|p1|Great Tusk|
|poke|p1|Kyurem|
|poke|p1|Ogerpon-Wellspring, F|
|poke|p1|Ting-Lu|
|poke|p1|Hatterene, F|
|poke|p2|Ceruledge, F|
|poke|p2|Abomasnow, M|
|poke|p2|Comfey, M|
|poke|p2|Dragonite, F|
|poke|p2|Great Tusk|
|poke|p2|Toxapex, M|
|teampreview
|inactive|Battle timer is ON: inactive players will automatically lose when time's up. (requested by how play pkm)
|
|t:|1760785884
|teamsize|p1|6
|teamsize|p2|6
|start
|switch|p1a: Ogerpon|Ogerpon-Wellspring, F|100/100
|switch|p2a: Abomasnow|Abomasnow, M|100/100
|-weather|Snowscape|[from] ability: Snow Warning|[of] p2a: Abomasnow
|turn|1
|
|t:|1760785887
|move|p1a: Ogerpon|Knock Off|p2a: Abomasnow
|-damage|p2a: Abomasnow|79/100
|-enditem|p2a: Abomasnow|Light Clay|[from] move: Knock Off|[of] p1a: Ogerpon
|move|p2a: Abomasnow|Wood Hammer|p1a: Ogerpon
|-damage|p1a: Ogerpon|51/100
|-damage|p2a: Abomasnow|67/100|[from] Recoil
|
|-weather|Snowscape|[upkeep]
|upkeep
|turn|2
|
|t:|1760785890
|move|p1a: Ogerpon|U-turn|p2a: Abomasnow
|-supereffective|p2a: Abomasnow
|-damage|p2a: Abomasnow|34/100
|
|t:|1760785892
|switch|p1a: Kyurem|Kyurem|100/100|[from] U-turn
|-ability|p1a: Kyurem|Pressure
|move|p2a: Abomasnow|Aurora Veil|p2a: Abomasnow
|-sidestart|p2: how play pkm|move: Aurora Veil
|
|-weather|Snowscape|[upkeep]
|upkeep
|turn|3
|
|t:|1760785897
|move|p1a: Kyurem|Dragon Dance|p1a: Kyurem
|-boost|p1a: Kyurem|atk|1
|-boost|p1a: Kyurem|spe|1
|move|p2a: Abomasnow|Blizzard|p1a: Kyurem
|-damage|p1a: Kyurem|69/100
|
|-weather|Snowscape|[upkeep]
|upkeep
|turn|4
|
|t:|1760785899
|move|p1a: Kyurem|Dragon Dance|p1a: Kyurem
|-boost|p1a: Kyurem|atk|1
|-boost|p1a: Kyurem|spe|1
|move|p2a: Abomasnow|Blizzard|p1a: Kyurem
|-damage|p1a: Kyurem|36/100
|
|-weather|Snowscape|[upkeep]
|upkeep
|turn|5
|
|t:|1760785902
|move|p1a: Kyurem|Icicle Spear|p2a: Abomasnow
|-damage|p2a: Abomasnow|27/100
|-damage|p2a: Abomasnow|19/100
|-damage|p2a: Abomasnow|12/100
|-damage|p2a: Abomasnow|5/100
|-damage|p2a: Abomasnow|0 fnt
|faint|p2a: Abomasnow
|-hitcount|p2: Abomasnow|5
|
|-weather|none
|upkeep
|
|t:|1760785903
|switch|p2a: Comfey|Comfey, M|100/100
|turn|6
|
|t:|1760785906
|switch|p1a: Ting-Lu|Ting-Lu|100/100
|-ability|p1a: Ting-Lu|Vessel of Ruin
|move|p2a: Comfey|Calm Mind|p2a: Comfey
|-boost|p2a: Comfey|spa|1
|-boost|p2a: Comfey|spd|1
|
|-sideend|p2: how play pkm|move: Aurora Veil
|upkeep
|turn|7
|
|t:|1760785909
|move|p2a: Comfey|Draining Kiss|p1a: Ting-Lu
|-supereffective|p1a: Ting-Lu
|-damage|p1a: Ting-Lu|74/100
|-damage|p2a: Comfey|84/100|[from] item: Rocky Helmet|[of] p1a: Ting-Lu
|move|p1a: Ting-Lu|Spikes|p2a: Comfey
|-sidestart|p2: how play pkm|Spikes
|
|upkeep
|turn|8
|
|t:|1760785912
|move|p2a: Comfey|Draining Kiss|p1a: Ting-Lu
|-supereffective|p1a: Ting-Lu
|-damage|p1a: Ting-Lu|47/100
|-heal|p2a: Comfey|100/100|[from] drain|[of] p1a: Ting-Lu
|-damage|p2a: Comfey|84/100|[from] item: Rocky Helmet|[of] p1a: Ting-Lu
|move|p1a: Ting-Lu|Whirlwind|p2a: Comfey
|drag|p2a: Great Tusk|Great Tusk|100/100
|
|upkeep
|turn|9
|
|t:|1760785917
|move|p2a: Great Tusk|Rapid Spin|p1a: Ting-Lu
|-damage|p1a: Ting-Lu|37/100
|-boost|p2a: Great Tusk|spe|1
|-damage|p2a: Great Tusk|84/100|[from] item: Rocky Helmet|[of] p1a: Ting-Lu
|-sideend|p2: how play pkm|Spikes|[from] move: Rapid Spin|[of] p2a: Great Tusk
|move|p1a: Ting-Lu|Ruination|p2a: Great Tusk
|-damage|p2a: Great Tusk|42/100
|
|upkeep
|turn|10
|
|t:|1760785921
|move|p2a: Great Tusk|Ice Spinner|p1a: Ting-Lu
|-supereffective|p1a: Ting-Lu
|-damage|p1a: Ting-Lu|8/100
|-damage|p2a: Great Tusk|26/100|[from] item: Rocky Helmet|[of] p1a: Ting-Lu
|move|p1a: Ting-Lu|Spikes|p2a: Great Tusk
|-sidestart|p2: how play pkm|Spikes
|
|upkeep
|turn|11
|
|t:|1760785926
|switch|p1a: Great Tusk|Great Tusk|100/100
|move|p2a: Great Tusk|Rapid Spin|p1a: Great Tusk
|-damage|p1a: Great Tusk|88/100
|-boost|p2a: Great Tusk|spe|1
|-damage|p2a: Great Tusk|9/100|[from] item: Rocky Helmet|[of] p1a: Great Tusk
|-sideend|p2: how play pkm|Spikes|[from] move: Rapid Spin|[of] p2a: Great Tusk
|
|upkeep
|turn|12
|
|t:|1760785940
|move|p2a: Great Tusk|Ice Spinner|p1a: Great Tusk
|-supereffective|p1a: Great Tusk
|-damage|p1a: Great Tusk|51/100
|-damage|p2a: Great Tusk|0 fnt|[from] item: Rocky Helmet|[of] p1a: Great Tusk
|faint|p2a: Great Tusk
|-end|p2a: Great Tusk|Protosynthesis|[silent]
|move|p1a: Great Tusk|Stealth Rock|p2: Great Tusk
|-sidestart|p2: how play pkm|move: Stealth Rock
|
|upkeep
|
|t:|1760785944
|switch|p2a: Comfey|Comfey, M|84/100
|-damage|p2a: Comfey|71/100|[from] Stealth Rock
|turn|13
|
|t:|1760785949
|move|p1a: Great Tusk|Headlong Rush|p2a: Comfey
|-damage|p2a: Comfey|0 fnt
|-unboost|p1a: Great Tusk|def|1
|-unboost|p1a: Great Tusk|spd|1
|faint|p2a: Comfey
|
|upkeep
|
|t:|1760785955
|switch|p2a: Toxapex|Toxapex, M|100/100
|-damage|p2a: Toxapex|88/100|[from] Stealth Rock
|turn|14
|
|t:|1760785959
|-end|p1a: Great Tusk|Protosynthesis|[silent]
|switch|p1a: Ting-Lu|Ting-Lu|8/100
|-ability|p1a: Ting-Lu|Vessel of Ruin
|move|p2a: Toxapex|Ice Beam|p1a: Ting-Lu
|-supereffective|p1a: Ting-Lu
|-damage|p1a: Ting-Lu|0 fnt
|faint|p1a: Ting-Lu
|
|upkeep
|
|t:|1760785964
|switch|p1a: Ogerpon|Ogerpon-Wellspring, F|51/100
|turn|15
|
|t:|1760785966
|move|p1a: Ogerpon|Knock Off|p2a: Toxapex
|-damage|p2a: Toxapex|53/100
|-enditem|p2a: Toxapex|Assault Vest|[from] move: Knock Off|[of] p1a: Ogerpon
|move|p2a: Toxapex|Sludge Bomb|p1a: Ogerpon
|-supereffective|p1a: Ogerpon
|-damage|p1a: Ogerpon|0 fnt
|faint|p1a: Ogerpon
|
|upkeep
|
|t:|1760785971
|switch|p1a: Great Tusk|Great Tusk|51/100
|turn|16
|
|t:|1760785975
|move|p1a: Great Tusk|Headlong Rush|p2a: Toxapex
|-supereffective|p2a: Toxapex
|-damage|p2a: Toxapex|0 fnt
|-unboost|p1a: Great Tusk|def|1
|-unboost|p1a: Great Tusk|spd|1
|faint|p2a: Toxapex
|
|upkeep
|
|t:|1760785979
|switch|p2a: Ceruledge|Ceruledge, F|100/100
|-damage|p2a: Ceruledge|76/100|[from] Stealth Rock
|turn|17
|
|t:|1760785998
|move|p1a: Great Tusk|Headlong Rush|p2a: Ceruledge
|-supereffective|p2a: Ceruledge
|-damage|p2a: Ceruledge|0 fnt
|-unboost|p1a: Great Tusk|def|1
|-unboost|p1a: Great Tusk|spd|1
|faint|p2a: Ceruledge
|
|upkeep
|
|t:|1760786000
|switch|p2a: Dragonite|Dragonite, F|100/100
|-damage|p2a: Dragonite|76/100|[from] Stealth Rock
|turn|18
|
|t:|1760786002
|-terastallize|p2a: Dragonite|Ground
|move|p1a: Great Tusk|Ice Spinner|p2a: Dragonite
|-supereffective|p2a: Dragonite
|-damage|p2a: Dragonite|21/100
|move|p2a: Dragonite|Dragon Dance|p2a: Dragonite
|-boost|p2a: Dragonite|atk|1
|-boost|p2a: Dragonite|spe|1
|
|upkeep
|turn|19
|
|t:|1760786007
|move|p2a: Dragonite|Earthquake|p1a: Great Tusk
|-damage|p1a: Great Tusk|0 fnt
|faint|p1a: Great Tusk
|-end|p1a: Great Tusk|Protosynthesis|[silent]
|
|upkeep
|
|t:|1760786011
|switch|p1a: Yanmega|Yanmega, M|100/100
|turn|20
|
|t:|1760786014
|-terastallize|p1a: Yanmega|Ground
|move|p2a: Dragonite|Roost|p2a: Dragonite
|-heal|p2a: Dragonite|71/100
|move|p1a: Yanmega|Bug Buzz|p2a: Dragonite
|-damage|p2a: Dragonite|28/100
|-enditem|p1a: Yanmega|Throat Spray
|-boost|p1a: Yanmega|spa|1|[from] item: Throat Spray
|
|-ability|p1a: Yanmega|Speed Boost|boost
|-boost|p1a: Yanmega|spe|1
|upkeep
|turn|21
|c|☆Quiero mucho a Mar|not twice
|
|t:|1760786024
|move|p1a: Yanmega|Bug Buzz|p2a: Dragonite
|-damage|p2a: Dragonite|0 fnt
|faint|p2a: Dragonite
|
|win|Quiero mucho a Mar
|raw|Quiero mucho a Mar's rating: 1777 &rarr; <strong>1795</strong><br />(+18 for winning)
|raw|how play pkm's rating: 1748 &rarr; <strong>1730</strong><br />(-18 for losing)
|l|☆Quiero mucho a Mar
|player|p1|
|l|☆how play pkm
|player|p2|
