|j|☆bbygrinch
|j|☆Free6lackpanther
|t:|1760848929
|gametype|singles
|player|p1|bbygrinch|hugh|1295
|player|p2|Free6lackpanther|2|1208
|gen|9
|tier|[Gen 9] OU
|rated|
|rule|HP Percentage Mod: HP is shown in percentages
|rule|Endless Battle Clause: Forcing endless battles is banned
|rule|Species Clause: Limit one of each Pokémon
|rule|OHKO Clause: OHKO moves are banned
|rule|Evasion Items Clause: Evasion items are banned
|rule|Evasion Moves Clause: Evasion moves are banned
|rule|Evasion Abilities Clause: Evasion abilities are banned
|rule|Sleep Moves Clause: Sleep-inducing moves are banned
|clearpoke
|poke|p1|Dragonite, M|
|poke|p1|Weavile, F|
|poke|p1|Gliscor, F|
|poke|p1|Rotom-Wash|
|poke|p1|Gholdengo|
|poke|p1|Great Tusk|
|poke|p2|Ogerpon-Wellspring, F|
|poke|p2|Rotom-Wash|
|poke|p2|Scizor, M|
|poke|p2|Zapdos|
|poke|p2|Tyranitar, F|
|poke|p2|Ninetales-Alola, M|
|teampreview
|inactive|Battle timer is ON: inactive players will automatically lose when time's up. (requested by Free6lackpanther)
|
|t:|1760848932
|teamsize|p1|6
|teamsize|p2|6
|start
|switch|p1a: ani|Rotom-Wash, shiny|100/100
|switch|p2a: Rotom|Rotom-Wash|100/100
|turn|1
|
|t:|1760848941
|move|p2a: Rotom|Will-O-Wisp|p1a: ani
|-status|p1a: ani|brn
|move|p1a: ani|Volt Switch|p2a: Rotom
|-damage|p2a: Rotom|66/100
|
|t:|1760848955
|switch|p1a: luca|Gholdengo|100/100|[from] Volt Switch
|
|-heal|p2a: Rotom|72/100|[from] item: Leftovers
|upkeep
|turn|2
|
|t:|1760848964
|move|p1a: luca|Trick|p2a: Rotom
|-activate|p1a: luca|move: Trick|[of] p2a: Rotom
|-item|p2a: Rotom|Choice Scarf|[from] move: Trick
|-item|p1a: luca|Leftovers|[from] move: Trick
|move|p2a: Rotom|Volt Switch|p1a: luca
|-damage|p1a: luca|73/100
|
|t:|1760848972
|switch|p2a: Scizor|Scizor, M|100/100|[from] Volt Switch
|
|-heal|p1a: luca|79/100|[from] item: Leftovers
|upkeep
|turn|3
|
|t:|1760848978
|move|p1a: luca|Shadow Ball|p2a: Scizor
|-crit|p2a: Scizor
|-damage|p2a: Scizor|18/100
|move|p2a: Scizor|Knock Off|p1a: luca
|-supereffective|p1a: luca
|-damage|p1a: luca|0 fnt
|-enditem|p1a: luca|Leftovers|[from] move: Knock Off|[of] p2a: Scizor
|faint|p1a: luca
|
|-heal|p2a: Scizor|24/100|[from] item: Leftovers
|upkeep
|
|t:|1760848992
|switch|p1a: ani|Rotom-Wash, shiny|100/100 brn
|turn|4
|
|t:|1760849004
|switch|p2a: Ninetales|Ninetales-Alola, M|100/100
|-weather|Snowscape|[from] ability: Snow Warning|[of] p2a: Ninetales
|move|p1a: ani|Thunderbolt|p2a: Ninetales
|-damage|p2a: Ninetales|48/100
|
|-weather|Snowscape|[upkeep]
|-damage|p1a: ani|94/100 brn|[from] brn
|upkeep
|turn|5
|
|t:|1760849015
|move|p2a: Ninetales|Aurora Veil|p2a: Ninetales
|-sidestart|p2: Free6lackpanther|move: Aurora Veil
|move|p1a: ani|Thunderbolt|p2a: Ninetales
|-damage|p2a: Ninetales|23/100
|
|-weather|Snowscape|[upkeep]
|-heal|p1a: ani|100/100 brn|[from] item: Leftovers
|-damage|p1a: ani|94/100 brn|[from] brn
|upkeep
|turn|6
|
|t:|1760849026
|move|p2a: Ninetales|Freeze-Dry|p1a: ani
|-supereffective|p1a: ani
|-damage|p1a: ani|38/100 brn
|move|p1a: ani|Will-O-Wisp|p2a: Ninetales
|-status|p2a: Ninetales|brn
|
|-weather|Snowscape|[upkeep]
|-heal|p1a: ani|45/100 brn|[from] item: Leftovers
|-damage|p2a: Ninetales|18/100 brn|[from] brn
|-damage|p1a: ani|38/100 brn|[from] brn
|upkeep
|turn|7
|
|t:|1760849037
|move|p2a: Ninetales|Freeze-Dry|p1a: ani
|-supereffective|p1a: ani
|-damage|p1a: ani|0 fnt
|faint|p1a: ani
|
|-weather|Snowscape|[upkeep]
|-damage|p2a: Ninetales|12/100 brn|[from] brn
|upkeep
|
|t:|1760849046
|switch|p1a: nugget|Weavile, F, shiny|100/100
|-ability|p1a: nugget|Pressure
|turn|8
|
|t:|1760849051
|move|p1a: nugget|Knock Off|p2a: Ninetales
|-resisted|p2a: Ninetales
|-damage|p2a: Ninetales|0 fnt
|-enditem|p2a: Ninetales|Light Clay|[from] move: Knock Off|[of] p1a: nugget
|faint|p2a: Ninetales
|-damage|p1a: nugget|91/100|[from] item: Life Orb
|
|-weather|none
|upkeep
|
|t:|1760849060
|switch|p2a: Scizor|Scizor, M|24/100
|turn|9
|
|t:|1760849064
|switch|p1a: francis|Gliscor, F, shiny|100/100
|move|p2a: Scizor|Bullet Punch|p1a: francis
|-damage|p1a: francis|70/100
|
|-heal|p2a: Scizor|30/100|[from] item: Leftovers
|-status|p1a: francis|tox|[from] item: Toxic Orb
|upkeep
|turn|10
|
|t:|1760849075
|switch|p2a: Rotom|Rotom-Wash|72/100
|move|p1a: francis|Stealth Rock|p2a: Rotom
|-sidestart|p2: Free6lackpanther|move: Stealth Rock
|
|-heal|p1a: francis|82/100 tox|[from] ability: Poison Heal
|upkeep
|turn|11
|
|t:|1760849084
|move|p1a: francis|Protect|p1a: francis
|-singleturn|p1a: francis|Protect
|move|p2a: Rotom|Hydro Pump|p1a: francis
|-activate|p1a: francis|move: Protect
|
|-heal|p1a: francis|94/100 tox|[from] ability: Poison Heal
|upkeep
|turn|12
|
|t:|1760849105
|switch|p1a: gui|Dragonite, M|100/100
|move|p2a: Rotom|Hydro Pump|p1a: gui
|-resisted|p1a: gui
|-damage|p1a: gui|90/100
|
|-sideend|p2: Free6lackpanther|move: Aurora Veil
|upkeep
|turn|13
|
|t:|1760849117
|switch|p2a: Zapdos|Zapdos|100/100
|-damage|p2a: Zapdos|75/100|[from] Stealth Rock
|move|p1a: gui|Dragon Dance|p1a: gui
|-boost|p1a: gui|atk|1
|-boost|p1a: gui|spe|1
|
|-heal|p2a: Zapdos|82/100|[from] item: Leftovers
|upkeep
|turn|14
|
|t:|1760849127
|move|p1a: gui|Dragon Claw|p2a: Zapdos
|-damage|p2a: Zapdos|19/100
|move|p2a: Zapdos|Volt Switch|p1a: gui
|-damage|p1a: gui|48/100
|
|t:|1760849134
|switch|p2a: Rotom|Rotom-Wash|72/100|[from] Volt Switch
|-damage|p2a: Rotom|60/100|[from] Stealth Rock
|
|upkeep
|turn|15
|
|t:|1760849144
|move|p1a: gui|Dragon Claw|p2a: Rotom
|-damage|p2a: Rotom|8/100
|move|p2a: Rotom|Will-O-Wisp|p1a: gui|[miss]
|-miss|p2a: Rotom|p1a: gui
|
|upkeep
|turn|16
|
|t:|1760849151
|move|p1a: gui|Dragon Claw|p2a: Rotom
|-damage|p2a: Rotom|0 fnt
|faint|p2a: Rotom
|
|upkeep
|
|t:|1760849168
|switch|p2a: Scizor|Scizor, M|30/100
|-damage|p2a: Scizor|18/100|[from] Stealth Rock
|turn|17
|
|t:|1760849176
|move|p2a: Scizor|Bullet Punch|p1a: gui
|-damage|p1a: gui|9/100
|move|p1a: gui|Fire Punch|p2a: Scizor
|-supereffective|p2a: Scizor
|-damage|p2a: Scizor|0 fnt
|faint|p2a: Scizor
|
|upkeep
|
|t:|1760849184
|switch|p2a: Tyranitar|Tyranitar, F|100/100
|-damage|p2a: Tyranitar|88/100|[from] Stealth Rock
|-weather|Sandstorm|[from] ability: Sand Stream|[of] p2a: Tyranitar
|turn|18
|
|t:|1760849201
|move|p1a: gui|Iron Head|p2a: Tyranitar
|-supereffective|p2a: Tyranitar
|-damage|p2a: Tyranitar|5/100
|move|p2a: Tyranitar|Knock Off|p1a: gui
|-damage|p1a: gui|0 fnt
|-enditem|p1a: gui|Weakness Policy|[from] move: Knock Off|[of] p2a: Tyranitar
|faint|p1a: gui
|
|-weather|Sandstorm|[upkeep]
|-heal|p2a: Tyranitar|12/100|[from] item: Leftovers
|upkeep
|
|t:|1760849225
|switch|p1a: nugget|Weavile, F, shiny|91/100
|-ability|p1a: nugget|Pressure
|turn|19
|
|t:|1760849234
|move|p1a: nugget|Ice Spinner|p2a: Tyranitar
|-damage|p2a: Tyranitar|0 fnt
|faint|p2a: Tyranitar
|-damage|p1a: nugget|81/100|[from] item: Life Orb
|
|-weather|Sandstorm|[upkeep]
|-damage|p1a: nugget|75/100|[from] Sandstorm
|upkeep
|
|t:|1760849242
|switch|p2a: Zapdos|Zapdos|19/100
|-damage|p2a: Zapdos|0 fnt|[from] Stealth Rock
|faint|p2a: Zapdos
|
|t:|1760849246
|switch|p2a: Ogerpon|Ogerpon-Wellspring, F|100/100
|-damage|p2a: Ogerpon|88/100|[from] Stealth Rock
|turn|20
|
|t:|1760849254
|-terastallize|p1a: nugget|Poison
|-terastallize|p2a: Ogerpon|Water
|detailschange|p2a: Ogerpon|Ogerpon-Wellspring-Tera, F, tera:Water
|-ability|p2a: Ogerpon|Embody Aspect (Wellspring)|boost
|-boost|p2a: Ogerpon|spd|1
|move|p1a: nugget|Poison Jab|p2a: Ogerpon
|-damage|p2a: Ogerpon|20/100
|-status|p2a: Ogerpon|psn
|-damage|p1a: nugget|65/100|[from] item: Life Orb
|move|p2a: Ogerpon|Ivy Cudgel|p1a: nugget|[anim] Ivy Cudgel Water
|-damage|p1a: nugget|0 fnt
|faint|p1a: nugget
|
|-weather|Sandstorm|[upkeep]
|-damage|p2a: Ogerpon|14/100 psn|[from] Sandstorm
|-damage|p2a: Ogerpon|2/100 psn|[from] psn
|upkeep
|
|t:|1760849270
|switch|p1a: francis|Gliscor, F, shiny|94/100 tox
|turn|21
|-message|Free6lackpanther forfeited.
|
|win|bbygrinch
|raw|bbygrinch's rating: 1295 &rarr; <strong>1314</strong><br />(+19 for winning)
|raw|Free6lackpanther's rating: 1208 &rarr; <strong>1189</strong><br />(-19 for losing)
|l|☆Free6lackpanther
|player|p2|
|l|☆bbygrinch
|player|p1|
