|j|☆Aircraft ape
|j|☆ShyBlizz-
|t:|1760825656
|gametype|singles
|player|p1|Aircraft ape|alder|1289
|player|p2|ShyBlizz-|tuber|1233
|gen|9
|tier|[Gen 9] OU
|rated|
|rule|HP Percentage Mod: HP is shown in percentages
|rule|Endless Battle Clause: Forcing endless battles is banned
|rule|Species Clause: Limit one of each Pokémon
|rule|OHKO Clause: OHKO moves are banned
|rule|Evasion Items Clause: Evasion items are banned
|rule|Evasion Moves Clause: Evasion moves are banned
|rule|Evasion Abilities Clause: Evasion abilities are banned
|rule|Sleep Moves Clause: Sleep-inducing moves are banned
|clearpoke
|poke|p1|Great Tusk|
|poke|p1|Meowscarada, M|
|poke|p1|Samurott-Hisui, F|
|poke|p1|Gholdengo|
|poke|p1|Espeon, M|
|poke|p1|Iron Moth|
|poke|p2|Breloom, F|
|poke|p2|Zapdos|
|poke|p2|Rillaboom, F|
|poke|p2|Okidogi, M|
|poke|p2|Toxapex, F|
|poke|p2|Hitmonchan, M|
|teampreview
|inactive|Battle timer is ON: inactive players will automatically lose when time's up. (requested by Aircraft ape)
|c|☆Aircraft ape|hf bro
|inactive|Aircraft ape has 120 seconds left.
|inactive|ShyBlizz- has 120 seconds left.
|
|t:|1760825693
|teamsize|p1|6
|teamsize|p2|6
|start
|switch|p1a: Great Tusk|Great Tusk|100/100
|switch|p2a: Zapdos|Zapdos, shiny|100/100
|-enditem|p1a: Great Tusk|Booster Energy
|-activate|p1a: Great Tusk|ability: Protosynthesis|[fromitem]
|-start|p1a: Great Tusk|protosynthesisspe
|turn|1
|
|t:|1760825699
|move|p1a: Great Tusk|Knock Off|p2a: Zapdos
|-damage|p2a: Zapdos|72/100
|-enditem|p2a: Zapdos|Weakness Policy|[from] move: Knock Off|[of] p1a: Great Tusk
|move|p2a: Zapdos|Hurricane|p1a: Great Tusk
|-supereffective|p1a: Great Tusk
|-damage|p1a: Great Tusk|0 fnt
|faint|p1a: Great Tusk
|-end|p1a: Great Tusk|Protosynthesis|[silent]
|
|upkeep
|
|t:|1760825713
|switch|p1a: Iron Moth|Iron Moth|100/100
|-enditem|p1a: Iron Moth|Booster Energy
|-activate|p1a: Iron Moth|ability: Quark Drive|[fromitem]
|-start|p1a: Iron Moth|quarkdrivespa
|turn|2
|
|t:|1760825716
|move|p2a: Zapdos|Light Screen|p2a: Zapdos
|-sidestart|p2: ShyBlizz-|move: Light Screen
|move|p1a: Iron Moth|Agility|p1a: Iron Moth
|-boost|p1a: Iron Moth|spe|2
|
|upkeep
|turn|3
|
|t:|1760825723
|move|p1a: Iron Moth|Fiery Dance|p2a: Zapdos
|-damage|p2a: Zapdos|38/100
|-boost|p1a: Iron Moth|spa|1
|move|p2a: Zapdos|Hurricane|p1a: Iron Moth
|-crit|p1a: Iron Moth
|-damage|p1a: Iron Moth|24/100
|
|upkeep
|turn|4
|
|t:|1760825731
|move|p1a: Iron Moth|Fiery Dance|p2a: Zapdos
|-damage|p2a: Zapdos|0 fnt
|-boost|p1a: Iron Moth|spa|1
|faint|p2a: Zapdos
|
|upkeep
|
|t:|1760825743
|switch|p2a: Hitmonchan|Hitmonchan, M|100/100
|turn|5
|
|t:|1760825751
|move|p1a: Iron Moth|Dazzling Gleam|p2a: Hitmonchan
|-supereffective|p2a: Hitmonchan
|-damage|p2a: Hitmonchan|45/100
|move|p2a: Hitmonchan|Rapid Spin|p1a: Iron Moth
|-damage|p1a: Iron Moth|0 fnt
|-boost|p2a: Hitmonchan|spe|1
|faint|p1a: Iron Moth
|-end|p1a: Iron Moth|Quark Drive|[silent]
|
|upkeep
|
|t:|1760825763
|switch|p1a: Samurott|Samurott-Hisui, F|100/100
|turn|6
|c|☆ShyBlizz-|U2 bro
|
|t:|1760825769
|move|p2a: Hitmonchan|Mach Punch|p1a: Samurott
|-supereffective|p1a: Samurott
|-damage|p1a: Samurott|52/100
|move|p1a: Samurott|Aqua Jet|p2a: Hitmonchan
|-damage|p2a: Hitmonchan|0 fnt
|faint|p2a: Hitmonchan
|
|-sideend|p2: ShyBlizz-|move: Light Screen
|upkeep
|
|t:|1760825775
|switch|p2a: Rillaboom|Rillaboom, F|100/100
|-fieldstart|move: Grassy Terrain|[from] ability: Grassy Surge|[of] p2a: Rillaboom
|turn|7
|
|t:|1760825779
|switch|p1a: Gholdengo|Gholdengo|100/100
|move|p2a: Rillaboom|U-turn|p1a: Gholdengo
|-resisted|p1a: Gholdengo
|-damage|p1a: Gholdengo|94/100
|
|t:|1760825786
|switch|p2a: Okidogi|Okidogi, M|100/100|[from] U-turn
|
|-heal|p1a: Gholdengo|99/100|[from] Grassy Terrain
|upkeep
|turn|8
|
|t:|1760825798
|move|p1a: Gholdengo|Trick|p2a: Okidogi
|-activate|p1a: Gholdengo|move: Trick|[of] p2a: Okidogi
|-item|p2a: Okidogi|Choice Scarf|[from] move: Trick
|-item|p1a: Gholdengo|Assault Vest|[from] move: Trick
|move|p2a: Okidogi|Knock Off|p1a: Gholdengo
|-supereffective|p1a: Gholdengo
|-damage|p1a: Gholdengo|34/100
|-enditem|p1a: Gholdengo|Assault Vest|[from] move: Knock Off|[of] p2a: Okidogi
|
|-heal|p1a: Gholdengo|40/100|[from] Grassy Terrain
|upkeep
|turn|9
|
|t:|1760825808
|switch|p1a: Samurott|Samurott-Hisui, F|52/100
|move|p2a: Okidogi|Knock Off|p1a: Samurott
|-resisted|p1a: Samurott
|-damage|p1a: Samurott|30/100
|-enditem|p1a: Samurott|Choice Band|[from] move: Knock Off|[of] p2a: Okidogi
|
|-heal|p1a: Samurott|37/100|[from] Grassy Terrain
|upkeep
|turn|10
|
|t:|1760825816
|switch|p2a: Toxapex|Toxapex, F, shiny|100/100
|move|p1a: Samurott|Aqua Cutter|p2a: Toxapex
|-resisted|p2a: Toxapex
|-crit|p2a: Toxapex
|-damage|p2a: Toxapex|78/100
|
|-heal|p1a: Samurott|43/100|[from] Grassy Terrain
|-heal|p2a: Toxapex|84/100|[from] Grassy Terrain
|-heal|p2a: Toxapex|90/100|[from] item: Black Sludge
|upkeep
|turn|11
|
|t:|1760825823
|move|p1a: Samurott|Ceaseless Edge|p2a: Toxapex
|-damage|p2a: Toxapex|66/100
|-sidestart|p2: ShyBlizz-|Spikes
|move|p2a: Toxapex|Toxic Spikes|p1a: Samurott
|-sidestart|p1: Aircraft ape|move: Toxic Spikes
|
|-heal|p1a: Samurott|49/100|[from] Grassy Terrain
|-heal|p2a: Toxapex|71/100|[from] Grassy Terrain
|-heal|p2a: Toxapex|77/100|[from] item: Black Sludge
|upkeep
|turn|12
|
|t:|1760825836
|switch|p1a: Espeon|Espeon, M|100/100
|switch|p2a: Okidogi|Okidogi, M|100/100
|-damage|p2a: Okidogi|88/100|[from] Spikes
|
|-heal|p2a: Okidogi|94/100|[from] Grassy Terrain
|upkeep
|turn|13
|
|t:|1760825844
|move|p1a: Espeon|Substitute|p1a: Espeon
|-start|p1a: Espeon|Substitute
|-damage|p1a: Espeon|76/100
|move|p2a: Okidogi|Knock Off|p1a: Espeon
|-supereffective|p1a: Espeon
|-end|p1a: Espeon|Substitute
|
|-heal|p1a: Espeon|82/100|[from] Grassy Terrain
|-heal|p2a: Okidogi|99/100|[from] Grassy Terrain
|upkeep
|turn|14
|
|t:|1760825851
|-terastallize|p1a: Espeon|Fairy
|move|p1a: Espeon|Calm Mind|p1a: Espeon
|-boost|p1a: Espeon|spa|1
|-boost|p1a: Espeon|spd|1
|move|p2a: Okidogi|Knock Off|p1a: Espeon
|-resisted|p1a: Espeon
|-damage|p1a: Espeon|50/100
|-enditem|p1a: Espeon|Heavy-Duty Boots|[from] move: Knock Off|[of] p2a: Okidogi
|
|-heal|p1a: Espeon|56/100|[from] Grassy Terrain
|-heal|p2a: Okidogi|100/100|[from] Grassy Terrain
|-fieldend|move: Grassy Terrain
|upkeep
|turn|15
|
|t:|1760825868
|switch|p2a: Toxapex|Toxapex, F, shiny|100/100
|-damage|p2a: Toxapex|88/100|[from] Spikes
|move|p1a: Espeon|Substitute|p1a: Espeon
|-start|p1a: Espeon|Substitute
|-damage|p1a: Espeon|31/100
|
|-heal|p2a: Toxapex|94/100|[from] item: Black Sludge
|upkeep
|turn|16
|
|t:|1760825872
|move|p1a: Espeon|Calm Mind|p1a: Espeon
|-boost|p1a: Espeon|spa|1
|-boost|p1a: Espeon|spd|1
|move|p2a: Toxapex|Icy Wind|p1a: Espeon
|-activate|p1a: Espeon|move: Substitute|[damage]
|
|-heal|p2a: Toxapex|99/100|[from] item: Black Sludge
|upkeep
|turn|17
|
|t:|1760825883
|move|p1a: Espeon|Stored Power|p2a: Toxapex
|-supereffective|p2a: Toxapex
|-damage|p2a: Toxapex|0 fnt
|faint|p2a: Toxapex
|
|upkeep
|
|t:|1760825884
|switch|p2a: Rillaboom|Rillaboom, F|100/100
|-damage|p2a: Rillaboom|88/100|[from] Spikes
|-fieldstart|move: Grassy Terrain|[from] ability: Grassy Surge|[of] p2a: Rillaboom
|turn|18
|
|t:|1760825886
|move|p2a: Rillaboom|Grassy Glide|p1a: Espeon
|-end|p1a: Espeon|Substitute
|move|p1a: Espeon|Draining Kiss|p2a: Rillaboom
|-damage|p2a: Rillaboom|7/100
|-heal|p1a: Espeon|100/100|[from] drain|[of] p2a: Rillaboom
|
|-heal|p2a: Rillaboom|13/100|[from] Grassy Terrain
|upkeep
|turn|19
|
|t:|1760825893
|move|p1a: Espeon|Stored Power|p2a: Rillaboom
|-damage|p2a: Rillaboom|0 fnt
|faint|p2a: Rillaboom
|
|upkeep
|
|t:|1760825896
|switch|p2a: Okidogi|Okidogi, M|100/100
|-damage|p2a: Okidogi|88/100|[from] Spikes
|turn|20
|
|t:|1760825899
|-terastallize|p2a: Okidogi|Dark
|move|p1a: Espeon|Stored Power|p2a: Okidogi
|-immune|p2a: Okidogi
|move|p2a: Okidogi|Poison Fang|p1a: Espeon
|-supereffective|p1a: Espeon
|-damage|p1a: Espeon|2/100
|-status|p1a: Espeon|tox|[from] ability: Toxic Chain|[of] p2a: Okidogi
|
|-heal|p1a: Espeon|8/100 tox|[from] Grassy Terrain
|-heal|p2a: Okidogi|94/100|[from] Grassy Terrain
|-damage|p1a: Espeon|2/100 tox|[from] psn
|upkeep
|turn|21
|
|t:|1760825912
|move|p1a: Espeon|Draining Kiss|p2a: Okidogi
|-supereffective|p2a: Okidogi
|-damage|p2a: Okidogi|0 fnt
|-heal|p1a: Espeon|88/100 tox|[from] drain|[of] p2a: Okidogi
|faint|p2a: Okidogi
|
|-heal|p1a: Espeon|94/100 tox|[from] Grassy Terrain
|-damage|p1a: Espeon|82/100 tox|[from] psn
|upkeep
|c|☆ShyBlizz-|I must be dreaming
|c|☆Aircraft ape|PU means putting on the work maybe
|
|t:|1760825934
|switch|p2a: Breloom|Breloom, F, shiny|100/100
|-damage|p2a: Breloom|88/100|[from] Spikes
|turn|22
|c|☆Aircraft ape|just chose him bc of fast bounce but he cookin fr
|
|t:|1760825958
|move|p1a: Espeon|Stored Power|p2a: Breloom
|-supereffective|p2a: Breloom
|-damage|p2a: Breloom|0 fnt
|faint|p2a: Breloom
|
|win|Aircraft ape
|raw|Aircraft ape's rating: 1289 &rarr; <strong>1310</strong><br />(+21 for winning)
|raw|ShyBlizz-'s rating: 1233 &rarr; <strong>1212</strong><br />(-21 for losing)
|c|☆Aircraft ape|ggs
|c|☆ShyBlizz-|Gg
|l|☆ShyBlizz-
|player|p2|
|l|☆Aircraft ape
|player|p1|
