|j|☆dnnddndnnr
|j|☆nubemastah69
|t:|1760848861
|gametype|singles
|player|p1|dnnddndnnr|102|1203
|player|p2|nubemastah69|blue|1177
|gen|9
|tier|[Gen 9] OU
|rated|
|rule|HP Percentage Mod: HP is shown in percentages
|rule|Endless Battle Clause: Forcing endless battles is banned
|rule|Species Clause: Limit one of each Pokémon
|rule|OHKO Clause: OHKO moves are banned
|rule|Evasion Items Clause: Evasion items are banned
|rule|Evasion Moves Clause: Evasion moves are banned
|rule|Evasion Abilities Clause: Evasion abilities are banned
|rule|Sleep Moves Clause: Sleep-inducing moves are banned
|clearpoke
|poke|p1|Walking Wake|
|poke|p1|Scizor, M|
|poke|p1|Corviknight, M|
|poke|p1|Clodsire, M|
|poke|p1|Zamazenta-*|
|poke|p1|Gliscor, F|
|poke|p2|Cloyster, M|
|poke|p2|Quaquaval, F|
|poke|p2|Raging Bolt|
|poke|p2|Slowking-Galar, F|
|poke|p2|Corviknight, M|
|poke|p2|Pecharunt|
|teampreview
|inactive|Battle timer is ON: inactive players will automatically lose when time's up. (requested by dnnddndnnr)
|inactive|nubemastah69 has 120 seconds left.
|
|t:|1760848897
|teamsize|p1|6
|teamsize|p2|6
|start
|switch|p1a: Scizor|Scizor, M|100/100
|switch|p2a: Quaquaval|Quaquaval, F, shiny|100/100
|turn|1
|inactive|nubemastah69 has 120 seconds left.
|
|t:|1760848942
|switch|p1a: Corviknight|Corviknight, M|100/100
|move|p2a: Quaquaval|Focus Energy|p2a: Quaquaval
|-start|p2a: Quaquaval|move: Focus Energy
|
|upkeep
|turn|2
|
|t:|1760848955
|-terastallize|p2a: Quaquaval|Ground
|move|p2a: Quaquaval|Aqua Step|p1a: Corviknight
|-crit|p1a: Corviknight
|-damage|p1a: Corviknight|63/100
|-boost|p2a: Quaquaval|spe|1
|-damage|p2a: Quaquaval|84/100|[from] item: Rocky Helmet|[of] p1a: Corviknight
|move|p1a: Corviknight|Taunt|p2a: Quaquaval
|-start|p2a: Quaquaval|move: Taunt
|
|upkeep
|turn|3
|inactive|nubemastah69 has 120 seconds left.
|inactive|nubemastah69 has 90 seconds left.
|
|t:|1760848991
|move|p2a: Quaquaval|Close Combat|p1a: Corviknight
|-crit|p1a: Corviknight
|-damage|p1a: Corviknight|12/100
|-unboost|p2a: Quaquaval|def|1
|-unboost|p2a: Quaquaval|spd|1
|-damage|p2a: Quaquaval|68/100|[from] item: Rocky Helmet|[of] p1a: Corviknight
|move|p1a: Corviknight|U-turn|p2a: Quaquaval
|-damage|p2a: Quaquaval|42/100
|
|t:|1760848997
|switch|p1a: Walking Wake|Walking Wake|100/100|[from] U-turn
|
|upkeep
|turn|4
|
|t:|1760849002
|move|p1a: Walking Wake|Draco Meteor|p2a: Quaquaval
|-damage|p2a: Quaquaval|0 fnt
|-unboost|p1a: Walking Wake|spa|2
|faint|p2a: Quaquaval
|
|upkeep
|
|t:|1760849006
|switch|p2a: Cloyster|Cloyster, M, shiny|100/100
|turn|5
|
|t:|1760849026
|-end|p1a: Walking Wake|Protosynthesis|[silent]
|switch|p1a: Corviknight|Corviknight, M|12/100
|move|p2a: Cloyster|Shell Smash|p2a: Cloyster
|-unboost|p2a: Cloyster|def|1
|-unboost|p2a: Cloyster|spd|1
|-boost|p2a: Cloyster|atk|2
|-boost|p2a: Cloyster|spa|2
|-boost|p2a: Cloyster|spe|2
|-enditem|p2a: Cloyster|White Herb
|-clearnegativeboost|p2a: Cloyster|[silent]
|
|upkeep
|turn|6
|
|t:|1760849032
|move|p2a: Cloyster|Substitute|p2a: Cloyster
|-start|p2a: Cloyster|Substitute
|-damage|p2a: Cloyster|76/100
|move|p1a: Corviknight|Roost|p1a: Corviknight
|-heal|p1a: Corviknight|62/100
|-singleturn|p1a: Corviknight|move: Roost
|
|upkeep
|turn|7
|-message|dnnddndnnr forfeited.
|
|win|nubemastah69
|raw|dnnddndnnr's rating: 1206 &rarr; <strong>1179</strong><br />(-27 for losing)
|raw|nubemastah69's rating: 1177 &rarr; <strong>1204</strong><br />(+27 for winning)
|l|☆dnnddndnnr
|player|p1|
|l|☆nubemastah69
|player|p2|
