|j|☆Rat Conjoe
|j|☆Dr.Picklesz
|t:|1760760280
|gametype|singles
|player|p1|Rat Conjoe|dawn|1063
|player|p2|Dr.Picklesz|pokemaniac|1072
|gen|9
|tier|[Gen 9] OU
|rated|
|rule|HP Percentage Mod: HP is shown in percentages
|rule|Endless Battle Clause: Forcing endless battles is banned
|rule|Species Clause: Limit one of each Pokémon
|rule|OHKO Clause: OHKO moves are banned
|rule|Evasion Items Clause: Evasion items are banned
|rule|Evasion Moves Clause: Evasion moves are banned
|rule|Evasion Abilities Clause: Evasion abilities are banned
|rule|Sleep Moves Clause: Sleep-inducing moves are banned
|clearpoke
|poke|p1|Flygon, M|
|poke|p1|Ceruledge, F|
|poke|p1|Umbreon, F|
|poke|p1|Eelektross, F|
|poke|p1|Scizor, F|
|poke|p1|Meowscarada, F|
|poke|p2|Staraptor, M|
|poke|p2|Iron Moth|
|poke|p2|Ting-Lu|
|poke|p2|Tyranitar, M|
|poke|p2|Deoxys-Defense|
|poke|p2|Kingambit, M|
|teampreview
|
|t:|1760760296
|teamsize|p1|6
|teamsize|p2|6
|start
|switch|p1a: Eelektross|Eelektross, F|100/100
|switch|p2a: Citra|Ting-Lu|100/100
|-ability|p2a: Citra|Vessel of Ruin
|turn|1
|
|t:|1760760303
|move|p2a: Citra|Stealth Rock|p1a: Eelektross
|-sidestart|p1: Rat Conjoe|move: Stealth Rock
|move|p1a: Eelektross|Giga Drain|p2a: Citra
|-supereffective|p2a: Citra
|-damage|p2a: Citra|80/100
|
|-heal|p2a: Citra|86/100|[from] item: Leftovers
|upkeep
|turn|2
|
|t:|1760760309
|move|p2a: Citra|Spikes|p1a: Eelektross
|-sidestart|p1: Rat Conjoe|Spikes
|move|p1a: Eelektross|Knock Off|p2a: Citra
|-resisted|p2a: Citra
|-damage|p2a: Citra|79/100
|-enditem|p2a: Citra|Leftovers|[from] move: Knock Off|[of] p1a: Eelektross
|
|upkeep
|turn|3
|
|t:|1760760318
|move|p2a: Citra|Spikes|p1a: Eelektross
|-sidestart|p1: Rat Conjoe|Spikes
|move|p1a: Eelektross|Giga Drain|p2a: Citra
|-supereffective|p2a: Citra
|-damage|p2a: Citra|59/100
|
|upkeep
|turn|4
|
|t:|1760760330
|move|p2a: Citra|Spikes|p1a: Eelektross
|-sidestart|p1: Rat Conjoe|Spikes
|move|p1a: Eelektross|Volt Switch|p2a: Citra
|-immune|p2a: Citra
|
|upkeep
|turn|5
|
|t:|1760760350
|move|p2a: Citra|Ruination|p1a: Eelektross
|-damage|p1a: Eelektross|50/100
|move|p1a: Eelektross|Giga Drain|p2a: Citra
|-supereffective|p2a: Citra
|-damage|p2a: Citra|37/100
|-heal|p1a: Eelektross|65/100|[from] drain|[of] p2a: Citra
|
|upkeep
|turn|6
|
|t:|1760760357
|move|p1a: Eelektross|Giga Drain|p2a: Citra
|-supereffective|p2a: Citra
|-damage|p2a: Citra|16/100
|-heal|p1a: Eelektross|80/100|[from] drain|[of] p2a: Citra
|move|p2a: Citra|Whirlwind|p1a: Eelektross
|drag|p1a: Flygon|Flygon, M|100/100
|-damage|p1a: Flygon|95/100|[from] Stealth Rock
|
|upkeep
|turn|7
|
|t:|1760760367
|move|p1a: Flygon|U-turn|p2a: Citra
|-supereffective|p2a: Citra
|-damage|p2a: Citra|0 fnt
|faint|p2a: Citra
|
|t:|1760760373
|switch|p1a: Meowscarada|Meowscarada, F|100/100|[from] U-turn
|-damage|p1a: Meowscarada|88/100|[from] Stealth Rock
|-damage|p1a: Meowscarada|63/100|[from] Spikes
|
|upkeep
|
|t:|1760760381
|switch|p2a: Velociraptor|Staraptor, M, shiny|100/100
|turn|8
|
|t:|1760760390
|-terastallize|p2a: Velociraptor|Dragon
|move|p1a: Meowscarada|Triple Axel|p2a: Velociraptor|[miss]
|-start|p1a: Meowscarada|typechange|Ice|[from] ability: Protean
|-miss|p1a: Meowscarada|p2a: Velociraptor
|move|p2a: Velociraptor|Brave Bird|p1a: Meowscarada
|-damage|p1a: Meowscarada|0 fnt
|faint|p1a: Meowscarada
|-damage|p2a: Velociraptor|81/100|[from] Recoil
|
|upkeep
|
|t:|1760760410
|switch|p1a: Flygon|Flygon, M|95/100
|-damage|p1a: Flygon|89/100|[from] Stealth Rock
|turn|9
|
|t:|1760760415
|move|p1a: Flygon|Outrage|p2a: Velociraptor
|-supereffective|p2a: Velociraptor
|-damage|p2a: Velociraptor|0 fnt
|faint|p2a: Velociraptor
|
|upkeep
|
|t:|1760760421
|switch|p2a: Ramon|Deoxys-Defense, shiny|100/100
|-ability|p2a: Ramon|Pressure
|turn|10
|
|t:|1760760426
|move|p1a: Flygon|Outrage|p2a: Ramon|[from] lockedmove
|-damage|p2a: Ramon|68/100
|move|p2a: Ramon|Ice Beam|p1a: Flygon
|-supereffective|p1a: Flygon
|-damage|p1a: Flygon|3/100
|
|-heal|p2a: Ramon|74/100|[from] item: Leftovers
|upkeep
|turn|11
|
|t:|1760760437
|move|p1a: Flygon|Outrage|p2a: Ramon|[from] lockedmove
|-crit|p2a: Ramon
|-damage|p2a: Ramon|24/100
|-start|p1a: Flygon|confusion|[fatigue]
|move|p2a: Ramon|Cosmic Power|p2a: Ramon
|-boost|p2a: Ramon|def|1
|-boost|p2a: Ramon|spd|1
|
|-heal|p2a: Ramon|30/100|[from] item: Leftovers
|upkeep
|turn|12
|
|t:|1760760452
|switch|p1a: Ceruledge|Ceruledge, F|100/100
|-damage|p1a: Ceruledge|76/100|[from] Stealth Rock
|-damage|p1a: Ceruledge|51/100|[from] Spikes
|move|p2a: Ramon|Recover|p2a: Ramon
|-heal|p2a: Ramon|80/100
|
|-heal|p2a: Ramon|86/100|[from] item: Leftovers
|upkeep
|turn|13
|
|t:|1760760463
|move|p1a: Ceruledge|Shadow Sneak|p2a: Ramon
|-supereffective|p2a: Ramon
|-damage|p2a: Ramon|68/100
|move|p2a: Ramon|Cosmic Power|p2a: Ramon
|-boost|p2a: Ramon|def|1
|-boost|p2a: Ramon|spd|1
|
|-heal|p2a: Ramon|75/100|[from] item: Leftovers
|upkeep
|turn|14
|
|t:|1760760470
|move|p1a: Ceruledge|Bitter Blade|p2a: Ramon
|-damage|p2a: Ramon|60/100
|-heal|p1a: Ceruledge|59/100|[from] drain|[of] p2a: Ramon
|move|p2a: Ramon|Cosmic Power|p2a: Ramon
|-boost|p2a: Ramon|def|1
|-boost|p2a: Ramon|spd|1
|
|-heal|p2a: Ramon|66/100|[from] item: Leftovers
|upkeep
|turn|15
|
|t:|1760760480
|move|p1a: Ceruledge|Bitter Blade|p2a: Ramon
|-damage|p2a: Ramon|55/100
|-heal|p1a: Ceruledge|65/100|[from] drain|[of] p2a: Ramon
|move|p2a: Ramon|Cosmic Power|p2a: Ramon
|-boost|p2a: Ramon|def|1
|-boost|p2a: Ramon|spd|1
|
|-heal|p2a: Ramon|61/100|[from] item: Leftovers
|upkeep
|turn|16
|
|t:|1760760488
|move|p1a: Ceruledge|Bitter Blade|p2a: Ramon
|-damage|p2a: Ramon|52/100
|-heal|p1a: Ceruledge|70/100|[from] drain|[of] p2a: Ramon
|move|p2a: Ramon|Cosmic Power|p2a: Ramon
|-boost|p2a: Ramon|def|1
|-boost|p2a: Ramon|spd|1
|
|-heal|p2a: Ramon|58/100|[from] item: Leftovers
|upkeep
|turn|17
|
|t:|1760760502
|move|p1a: Ceruledge|Bitter Blade|p2a: Ramon
|-damage|p2a: Ramon|49/100
|-heal|p1a: Ceruledge|74/100|[from] drain|[of] p2a: Ramon
|move|p2a: Ramon|Cosmic Power|p2a: Ramon
|-boost|p2a: Ramon|def|1
|-boost|p2a: Ramon|spd|1
|
|-heal|p2a: Ramon|55/100|[from] item: Leftovers
|upkeep
|turn|18
|
|t:|1760760510
|move|p1a: Ceruledge|Swords Dance|p1a: Ceruledge
|-boost|p1a: Ceruledge|atk|2
|move|p2a: Ramon|Recover|p2a: Ramon
|-heal|p2a: Ramon|100/100
|
|upkeep
|turn|19
|
|t:|1760760521
|move|p1a: Ceruledge|Swords Dance|p1a: Ceruledge
|-boost|p1a: Ceruledge|atk|2
|move|p2a: Ramon|Meteor Beam||[still]
|-prepare|p2a: Ramon|Meteor Beam
|-boost|p2a: Ramon|spa|1
|
|upkeep
|turn|20
|
|t:|1760760527
|move|p1a: Ceruledge|Shadow Sneak|p2a: Ramon
|-supereffective|p2a: Ramon
|-damage|p2a: Ramon|80/100
|move|p2a: Ramon|Meteor Beam|p1a: Ceruledge|[from] lockedmove
|-supereffective|p1a: Ceruledge
|-damage|p1a: Ceruledge|6/100
|
|-heal|p2a: Ramon|86/100|[from] item: Leftovers
|upkeep
|turn|21
|
|t:|1760760536
|move|p1a: Ceruledge|Bitter Blade|p2a: Ramon
|-damage|p2a: Ramon|65/100
|-heal|p1a: Ceruledge|17/100|[from] drain|[of] p2a: Ramon
|move|p2a: Ramon|Meteor Beam||[still]
|-prepare|p2a: Ramon|Meteor Beam
|-boost|p2a: Ramon|spa|1
|
|-heal|p2a: Ramon|72/100|[from] item: Leftovers
|upkeep
|turn|22
|
|t:|1760760545
|move|p1a: Ceruledge|Bitter Blade|p2a: Ramon
|-crit|p2a: Ramon
|-damage|p2a: Ramon|0 fnt
|-heal|p1a: Ceruledge|54/100|[from] drain|[of] p2a: Ramon
|faint|p2a: Ramon
|
|upkeep
|
|t:|1760760558
|switch|p2a: cbum|Kingambit, M|100/100
|-activate|p2a: cbum|ability: Supreme Overlord
|-start|p2a: cbum|fallen3|[silent]
|turn|23
|
|t:|1760760562
|move|p2a: cbum|Sucker Punch|p1a: Ceruledge
|-supereffective|p1a: Ceruledge
|-damage|p1a: Ceruledge|0 fnt
|faint|p1a: Ceruledge
|
|upkeep
|
|t:|1760760569
|switch|p1a: Scizor|Scizor, F|100/100
|-damage|p1a: Scizor|88/100|[from] Stealth Rock
|-damage|p1a: Scizor|63/100|[from] Spikes
|turn|24
|
|t:|1760760574
|move|p1a: Scizor|Close Combat|p2a: cbum
|-supereffective|p2a: cbum
|-damage|p2a: cbum|0 fnt
|-unboost|p1a: Scizor|def|1
|-unboost|p1a: Scizor|spd|1
|faint|p2a: cbum
|-end|p2a: cbum|fallen3|[silent]
|
|upkeep
|
|t:|1760760579
|switch|p2a: Borboleta|Iron Moth|100/100
|-enditem|p2a: Borboleta|Booster Energy
|-activate|p2a: Borboleta|ability: Quark Drive|[fromitem]
|-start|p2a: Borboleta|quarkdrivespa
|turn|25
|
|t:|1760760592
|switch|p1a: Eelektross|Eelektross, F|80/100
|-damage|p1a: Eelektross|67/100|[from] Stealth Rock
|move|p2a: Borboleta|Fiery Dance|p1a: Eelektross
|-damage|p1a: Eelektross|24/100
|-boost|p2a: Borboleta|spa|1
|
|upkeep
|turn|26
|
|t:|1760760602
|move|p2a: Borboleta|Fiery Dance|p1a: Eelektross
|-damage|p1a: Eelektross|0 fnt
|faint|p1a: Eelektross
|
|upkeep
|
|t:|1760760606
|switch|p1a: Umbreon|Umbreon, F, shiny|100/100
|turn|27
|
|t:|1760760609
|move|p2a: Borboleta|Fiery Dance|p1a: Umbreon
|-damage|p1a: Umbreon|59/100
|move|p1a: Umbreon|Wish|p1a: Umbreon
|
|upkeep
|turn|28
|
|t:|1760760614
|move|p2a: Borboleta|Fiery Dance|p1a: Umbreon
|-damage|p1a: Umbreon|14/100
|-boost|p2a: Borboleta|spa|1
|move|p1a: Umbreon|Toxic|p2a: Borboleta
|-immune|p2a: Borboleta
|
|-heal|p1a: Umbreon|64/100|[from] move: Wish|[wisher] Umbreon
|upkeep
|turn|29
|
|t:|1760760623
|move|p2a: Borboleta|Fiery Dance|p1a: Umbreon
|-damage|p1a: Umbreon|6/100
|-boost|p2a: Borboleta|spa|1
|move|p1a: Umbreon|Wish|p1a: Umbreon
|
|upkeep
|turn|30
|
|t:|1760760633
|move|p2a: Borboleta|Fiery Dance|p1a: Umbreon
|-damage|p1a: Umbreon|0 fnt
|-boost|p2a: Borboleta|spa|1
|faint|p1a: Umbreon
|
|upkeep
|
|t:|1760760640
|switch|p1a: Flygon|Flygon, M|3/100
|-damage|p1a: Flygon|0 fnt|[from] Stealth Rock
|faint|p1a: Flygon
|
|t:|1760760644
|switch|p1a: Scizor|Scizor, F|63/100
|-damage|p1a: Scizor|51/100|[from] Stealth Rock
|-damage|p1a: Scizor|26/100|[from] Spikes
|turn|31
|
|t:|1760760652
|move|p1a: Scizor|Bullet Punch|p2a: Borboleta
|-resisted|p2a: Borboleta
|-damage|p2a: Borboleta|59/100
|move|p2a: Borboleta|Fiery Dance|p1a: Scizor
|-supereffective|p1a: Scizor
|-damage|p1a: Scizor|0 fnt
|-boost|p2a: Borboleta|spa|1
|faint|p1a: Scizor
|
|win|Dr.Picklesz
|raw|Rat Conjoe's rating: 1063 &rarr; <strong>1044</strong><br />(-19 for losing)
|raw|Dr.Picklesz's rating: 1072 &rarr; <strong>1100</strong><br />(+28 for winning)
|c|☆Rat Conjoe|GGs
|l|☆Rat Conjoe
|player|p1|
