|j|☆HopStepAbuser
|j|☆jiggyjosh
|t:|1760887300
|gametype|singles
|player|p1|HopStepAbuser|266|
|player|p2|jiggyjosh|169|
|gen|9
|tier|[Gen 9] OU
|rule|HP Percentage Mod: HP is shown in percentages
|rule|Endless Battle Clause: Forcing endless battles is banned
|rule|Species Clause: Limit one of each Pokémon
|rule|OHKO Clause: OHKO moves are banned
|rule|Evasion Items Clause: Evasion items are banned
|rule|Evasion Moves Clause: Evasion moves are banned
|rule|Evasion Abilities Clause: Evasion abilities are banned
|rule|Sleep Moves Clause: Sleep-inducing moves are banned
|clearpoke
|poke|p1|Klefki, M|
|poke|p1|Zapdos|
|poke|p1|Dragonite, M|
|poke|p1|Corviknight, M|
|poke|p1|Garganacl, F|
|poke|p1|Great Tusk|
|poke|p2|Rotom-Wash|
|poke|p2|Great Tusk|
|poke|p2|Gholdengo|
|poke|p2|Iron Valiant|
|poke|p2|Ting-Lu|
|poke|p2|Ceruledge, M|
|teampreview
|
|t:|1760887321
|teamsize|p1|6
|teamsize|p2|6
|start
|switch|p1a: Corviknight|Corviknight, M|100/100
|switch|p2a: Ting-Lu|Ting-Lu|100/100
|-ability|p2a: Ting-Lu|Vessel of Ruin
|turn|1
|
|t:|1760887332
|move|p2a: Ting-Lu|Stealth Rock|p1a: Corviknight
|-sidestart|p1: HopStepAbuser|move: Stealth Rock
|move|p1a: Corviknight|Bulk Up|p1a: Corviknight
|-boost|p1a: Corviknight|atk|1
|-boost|p1a: Corviknight|def|1
|
|upkeep
|turn|2
|
|t:|1760887338
|move|p2a: Ting-Lu|Spikes|p1a: Corviknight
|-sidestart|p1: HopStepAbuser|Spikes
|move|p1a: Corviknight|Bulk Up|p1a: Corviknight
|-boost|p1a: Corviknight|atk|1
|-boost|p1a: Corviknight|def|1
|
|upkeep
|turn|3
|
|t:|1760887346
|move|p2a: Ting-Lu|Spikes|p1a: Corviknight
|-sidestart|p1: HopStepAbuser|Spikes
|move|p1a: Corviknight|Body Press|p2a: Ting-Lu
|-supereffective|p2a: Ting-Lu
|-damage|p2a: Ting-Lu|50/100
|
|-heal|p2a: Ting-Lu|56/100|[from] item: Leftovers
|upkeep
|turn|4
|
|t:|1760887357
|switch|p2a: Ceruledge|Ceruledge, M|100/100
|move|p1a: Corviknight|Bulk Up|p1a: Corviknight
|-boost|p1a: Corviknight|atk|1
|-boost|p1a: Corviknight|def|1
|
|upkeep
|turn|5
|
|t:|1760887366
|-terastallize|p1a: Corviknight|Flying
|move|p2a: Ceruledge|Swords Dance|p2a: Ceruledge
|-boost|p2a: Ceruledge|atk|2
|move|p1a: Corviknight|Power Trip|p2a: Ceruledge
|-supereffective|p2a: Ceruledge
|-enditem|p2a: Ceruledge|Focus Sash
|-damage|p2a: Ceruledge|1/100
|-ability|p2a: Ceruledge|Weak Armor|boost
|-unboost|p2a: Ceruledge|def|1
|-boost|p2a: Ceruledge|spe|2
|
|upkeep
|turn|6
|
|t:|1760887390
|move|p2a: Ceruledge|Poltergeist|p1a: Corviknight
|-activate|p1a: Corviknight|move: Poltergeist|Rocky Helmet
|-damage|p1a: Corviknight|68/100
|move|p1a: Corviknight|Bulk Up|p1a: Corviknight
|-boost|p1a: Corviknight|atk|1
|-boost|p1a: Corviknight|def|1
|
|upkeep
|turn|7
|
|t:|1760887402
|move|p2a: Ceruledge|Swords Dance|p2a: Ceruledge
|-boost|p2a: Ceruledge|atk|2
|move|p1a: Corviknight|Power Trip|p2a: Ceruledge
|-supereffective|p2a: Ceruledge
|-damage|p2a: Ceruledge|0 fnt
|faint|p2a: Ceruledge
|
|upkeep
|
|t:|1760887412
|switch|p2a: Rotom|Rotom-Wash, shiny|100/100
|turn|8
|
|t:|1760887422
|move|p2a: Rotom|Thunder|p1a: Corviknight
|-supereffective|p1a: Corviknight
|-damage|p1a: Corviknight|2/100
|move|p1a: Corviknight|Power Trip|p2a: Rotom
|-damage|p2a: Rotom|0 fnt
|faint|p2a: Rotom
|
|upkeep
|
|t:|1760887431
|switch|p2a: Iron Valiant|Iron Valiant, shiny|100/100
|-enditem|p2a: Iron Valiant|Booster Energy
|-activate|p2a: Iron Valiant|ability: Quark Drive|[fromitem]
|-start|p2a: Iron Valiant|quarkdrivespe
|turn|9
|
|t:|1760887441
|move|p2a: Iron Valiant|Moonblast|p1a: Corviknight
|-damage|p1a: Corviknight|0 fnt
|faint|p1a: Corviknight
|
|upkeep
|
|t:|1760887450
|switch|p1a: Klefki|Klefki, M|100/100
|-damage|p1a: Klefki|95/100|[from] Stealth Rock
|-damage|p1a: Klefki|78/100|[from] Spikes
|turn|10
|
|t:|1760887465
|move|p1a: Klefki|Rain Dance|p1a: Klefki
|-weather|RainDance
|move|p2a: Iron Valiant|Swords Dance|p2a: Iron Valiant
|-boost|p2a: Iron Valiant|atk|2
|
|-weather|RainDance|[upkeep]
|upkeep
|turn|11
|
|t:|1760887474
|-terastallize|p2a: Iron Valiant|Fairy
|move|p1a: Klefki|Light Screen|p1a: Klefki
|-sidestart|p1: HopStepAbuser|move: Light Screen
|move|p2a: Iron Valiant|Moonblast|p1a: Klefki
|-resisted|p1a: Klefki
|-damage|p1a: Klefki|61/100
|-unboost|p1a: Klefki|spa|1
|
|-weather|RainDance|[upkeep]
|upkeep
|turn|12
|
|t:|1760887488
|switch|p1a: Dragonite|Dragonite, M|100/100
|-damage|p1a: Dragonite|76/100|[from] Stealth Rock
|move|p2a: Iron Valiant|Close Combat|p1a: Dragonite
|-resisted|p1a: Dragonite
|-damage|p1a: Dragonite|19/100
|-unboost|p2a: Iron Valiant|def|1
|-unboost|p2a: Iron Valiant|spd|1
|
|-weather|RainDance|[upkeep]
|upkeep
|turn|13
|
|t:|1760887504
|move|p2a: Iron Valiant|Close Combat|p1a: Dragonite
|-resisted|p1a: Dragonite
|-damage|p1a: Dragonite|0 fnt
|-unboost|p2a: Iron Valiant|def|1
|-unboost|p2a: Iron Valiant|spd|1
|faint|p1a: Dragonite
|
|-weather|RainDance|[upkeep]
|upkeep
|
|t:|1760887511
|switch|p1a: Zapdos|Zapdos|100/100
|turn|14
|
|t:|1760887517
|move|p2a: Iron Valiant|Moonblast|p1a: Zapdos
|-damage|p1a: Zapdos|67/100
|move|p1a: Zapdos|Thunder|p2a: Iron Valiant
|-damage|p2a: Iron Valiant|0 fnt
|faint|p2a: Iron Valiant
|-end|p2a: Iron Valiant|Quark Drive|[silent]
|
|-weather|none
|upkeep
|
|t:|1760887528
|switch|p2a: Ting-Lu|Ting-Lu|56/100
|-ability|p2a: Ting-Lu|Vessel of Ruin
|turn|15
|
|t:|1760887536
|move|p1a: Zapdos|Roost|p1a: Zapdos
|-heal|p1a: Zapdos|100/100
|-singleturn|p1a: Zapdos|move: Roost
|move|p2a: Ting-Lu|Stone Edge|p1a: Zapdos
|-crit|p1a: Zapdos
|-damage|p1a: Zapdos|56/100
|
|-heal|p2a: Ting-Lu|62/100|[from] item: Leftovers
|-sideend|p1: HopStepAbuser|move: Light Screen
|upkeep
|turn|16
|
|t:|1760887549
|switch|p1a: Klefki|Klefki, M|61/100
|-damage|p1a: Klefki|55/100|[from] Stealth Rock
|-damage|p1a: Klefki|39/100|[from] Spikes
|move|p2a: Ting-Lu|Earthquake|p1a: Klefki
|-supereffective|p1a: Klefki
|-damage|p1a: Klefki|0 fnt
|faint|p1a: Klefki
|
|-heal|p2a: Ting-Lu|68/100|[from] item: Leftovers
|upkeep
|
|t:|1760887566
|switch|p1a: Great Tusk|Great Tusk|100/100
|-damage|p1a: Great Tusk|98/100|[from] Stealth Rock
|-damage|p1a: Great Tusk|81/100|[from] Spikes
|-enditem|p1a: Great Tusk|Booster Energy
|-activate|p1a: Great Tusk|ability: Protosynthesis|[fromitem]
|-start|p1a: Great Tusk|protosynthesisatk
|turn|17
|
|t:|1760887584
|switch|p2a: Great Tusk|Great Tusk|100/100
|move|p1a: Great Tusk|Bulk Up|p1a: Great Tusk
|-boost|p1a: Great Tusk|atk|1
|-boost|p1a: Great Tusk|def|1
|
|upkeep
|turn|18
|
|t:|1760887595
|move|p2a: Great Tusk|Rapid Spin|p1a: Great Tusk
|-damage|p1a: Great Tusk|74/100
|-boost|p2a: Great Tusk|spe|1
|move|p1a: Great Tusk|Knock Off|p2a: Great Tusk
|-resisted|p2a: Great Tusk
|-damage|p2a: Great Tusk|82/100
|-damage|p1a: Great Tusk|58/100|[from] item: Rocky Helmet|[of] p2a: Great Tusk
|-enditem|p2a: Great Tusk|Rocky Helmet|[from] move: Knock Off|[of] p1a: Great Tusk
|
|upkeep
|turn|19
|
|t:|1760887614
|move|p2a: Great Tusk|Earthquake|p1a: Great Tusk
|-damage|p1a: Great Tusk|41/100
|move|p1a: Great Tusk|Earthquake|p2a: Great Tusk
|-damage|p2a: Great Tusk|29/100
|
|upkeep
|turn|20
|
|t:|1760887627
|move|p2a: Great Tusk|Earthquake|p1a: Great Tusk
|-damage|p1a: Great Tusk|24/100
|move|p1a: Great Tusk|Earthquake|p2a: Great Tusk
|-crit|p2a: Great Tusk
|-damage|p2a: Great Tusk|0 fnt
|faint|p2a: Great Tusk
|-end|p2a: Great Tusk|Protosynthesis|[silent]
|
|upkeep
|
|t:|1760887638
|switch|p2a: Gholdengo|Gholdengo|100/100
|turn|21
|
|t:|1760887646
|move|p2a: Gholdengo|Make It Rain|p1a: Great Tusk
|-damage|p1a: Great Tusk|0 fnt
|-unboost|p2a: Gholdengo|spa|1
|faint|p1a: Great Tusk
|-end|p1a: Great Tusk|Protosynthesis|[silent]
|
|upkeep
|
|t:|1760887655
|switch|p1a: Zapdos|Zapdos|56/100
|turn|22
|
|t:|1760887662
|switch|p2a: Ting-Lu|Ting-Lu|68/100
|-ability|p2a: Ting-Lu|Vessel of Ruin
|move|p1a: Zapdos|Roost|p1a: Zapdos
|-heal|p1a: Zapdos|100/100
|-singleturn|p1a: Zapdos|move: Roost
|
|-heal|p2a: Ting-Lu|74/100|[from] item: Leftovers
|upkeep
|turn|23
|
|t:|1760887683
|move|p1a: Zapdos|Roost||[still]
|-fail|p1a: Zapdos|heal
|move|p2a: Ting-Lu|Stone Edge|p1a: Zapdos
|-supereffective|p1a: Zapdos
|-damage|p1a: Zapdos|38/100
|
|-heal|p2a: Ting-Lu|81/100|[from] item: Leftovers
|upkeep
|turn|24
|
|t:|1760887694
|move|p1a: Zapdos|Roost|p1a: Zapdos
|-heal|p1a: Zapdos|88/100
|-singleturn|p1a: Zapdos|move: Roost
|move|p2a: Ting-Lu|Stone Edge|p1a: Zapdos
|-crit|p1a: Zapdos
|-damage|p1a: Zapdos|44/100
|
|-heal|p2a: Ting-Lu|87/100|[from] item: Leftovers
|upkeep
|turn|25
|
|t:|1760887707
|move|p1a: Zapdos|Roost|p1a: Zapdos
|-heal|p1a: Zapdos|94/100
|-singleturn|p1a: Zapdos|move: Roost
|move|p2a: Ting-Lu|Stone Edge|p1a: Zapdos
|-damage|p1a: Zapdos|61/100
|
|-heal|p2a: Ting-Lu|93/100|[from] item: Leftovers
|upkeep
|turn|26
|
|t:|1760887729
|move|p1a: Zapdos|Roost|p1a: Zapdos
|-heal|p1a: Zapdos|100/100
|-singleturn|p1a: Zapdos|move: Roost
|move|p2a: Ting-Lu|Stone Edge|p1a: Zapdos
|-damage|p1a: Zapdos|71/100
|
|-heal|p2a: Ting-Lu|99/100|[from] item: Leftovers
|upkeep
|turn|27
|
|t:|1760887742
|switch|p1a: Garganacl|Garganacl, F|100/100
|-damage|p1a: Garganacl|88/100|[from] Stealth Rock
|-damage|p1a: Garganacl|72/100|[from] Spikes
|move|p2a: Ting-Lu|Stone Edge|p1a: Garganacl
|-damage|p1a: Garganacl|57/100
|
|-heal|p2a: Ting-Lu|100/100|[from] item: Leftovers
|-heal|p1a: Garganacl|63/100|[from] item: Leftovers
|upkeep
|turn|28
|
|t:|1760887760
|switch|p1a: Zapdos|Zapdos|71/100
|move|p2a: Ting-Lu|Earthquake|p1a: Zapdos
|-immune|p1a: Zapdos
|
|upkeep
|turn|29
|
|t:|1760887769
|switch|p2a: Gholdengo|Gholdengo|100/100
|move|p1a: Zapdos|Roost|p1a: Zapdos
|-heal|p1a: Zapdos|100/100
|-singleturn|p1a: Zapdos|move: Roost
|
|upkeep
|turn|30
|
|t:|1760887781
|move|p2a: Gholdengo|Make It Rain|p1a: Zapdos
|-resisted|p1a: Zapdos
|-damage|p1a: Zapdos|66/100
|-unboost|p2a: Gholdengo|spa|1
|move|p1a: Zapdos|Tailwind|p1a: Zapdos
|-sidestart|p1: HopStepAbuser|move: Tailwind
|
|upkeep
|turn|31
|
|t:|1760887790
|move|p1a: Zapdos|Thunder|p2a: Gholdengo
|-damage|p2a: Gholdengo|38/100
|move|p2a: Gholdengo|Make It Rain|p1a: Zapdos
|-resisted|p1a: Zapdos
|-damage|p1a: Zapdos|44/100
|-unboost|p2a: Gholdengo|spa|1
|
|upkeep
|turn|32
|
|t:|1760887803
|switch|p2a: Ting-Lu|Ting-Lu|100/100
|-ability|p2a: Ting-Lu|Vessel of Ruin
|move|p1a: Zapdos|Roost|p1a: Zapdos
|-heal|p1a: Zapdos|94/100
|-singleturn|p1a: Zapdos|move: Roost
|
|upkeep
|turn|33
|
|t:|1760887817
|switch|p1a: Garganacl|Garganacl, F|63/100
|-damage|p1a: Garganacl|51/100|[from] Stealth Rock
|-damage|p1a: Garganacl|34/100|[from] Spikes
|move|p2a: Ting-Lu|Stone Edge|p1a: Garganacl
|-damage|p1a: Garganacl|20/100
|
|-heal|p1a: Garganacl|26/100|[from] item: Leftovers
|-sideend|p1: HopStepAbuser|move: Tailwind
|upkeep
|turn|34
|
|t:|1760887831
|move|p2a: Ting-Lu|Earthquake|p1a: Garganacl
|-supereffective|p1a: Garganacl
|-damage|p1a: Garganacl|0 fnt
|faint|p1a: Garganacl
|
|upkeep
|
|t:|1760887833
|switch|p1a: Zapdos|Zapdos|94/100
|turn|35
|
|t:|1760887841
|move|p1a: Zapdos|Tailwind|p1a: Zapdos
|-sidestart|p1: HopStepAbuser|move: Tailwind
|move|p2a: Ting-Lu|Stone Edge|p1a: Zapdos
|-supereffective|p1a: Zapdos
|-damage|p1a: Zapdos|33/100
|
|upkeep
|turn|36
|
|t:|1760887853
|switch|p2a: Gholdengo|Gholdengo|38/100
|move|p1a: Zapdos|Thunder|p2a: Gholdengo|[miss]
|-miss|p1a: Zapdos|p2a: Gholdengo
|
|upkeep
|turn|37
|
|t:|1760887861
|move|p1a: Zapdos|Thunder|p2a: Gholdengo
|-damage|p2a: Gholdengo|0 fnt
|faint|p2a: Gholdengo
|
|upkeep
|
|t:|1760887869
|switch|p2a: Ting-Lu|Ting-Lu|100/100
|-ability|p2a: Ting-Lu|Vessel of Ruin
|turn|38
|
|t:|1760887884
|move|p1a: Zapdos|Electric Terrain|p1a: Zapdos
|-fieldstart|move: Electric Terrain
|move|p2a: Ting-Lu|Earthquake|p1a: Zapdos
|-immune|p1a: Zapdos
|
|-sideend|p1: HopStepAbuser|move: Tailwind
|upkeep
|turn|39
|c|☆jiggyjosh|gg
|
|t:|1760887898
|move|p1a: Zapdos|Thunder|p2a: Ting-Lu
|-immune|p2a: Ting-Lu
|move|p2a: Ting-Lu|Earthquake|p1a: Zapdos
|-immune|p1a: Zapdos
|
|upkeep
|turn|40
|
|t:|1760887906
|move|p1a: Zapdos|Tailwind|p1a: Zapdos
|-sidestart|p1: HopStepAbuser|move: Tailwind
|move|p2a: Ting-Lu|Earthquake|p1a: Zapdos
|-immune|p1a: Zapdos
|
|upkeep
|turn|41
|c|☆jiggyjosh|is it a tie?
|
|t:|1760887921
|move|p1a: Zapdos|Thunder|p2a: Ting-Lu
|-immune|p2a: Ting-Lu
|move|p2a: Ting-Lu|Earthquake|p1a: Zapdos
|-immune|p1a: Zapdos
|
|upkeep
|turn|42
|
|t:|1760887939
|move|p1a: Zapdos|Electric Terrain||[still]
|-fail|p1a: Zapdos
|move|p2a: Ting-Lu|Earthquake|p1a: Zapdos
|-immune|p1a: Zapdos
|
|-fieldend|move: Electric Terrain
|upkeep
|turn|43
|
|t:|1760887957
|move|p1a: Zapdos|Electric Terrain|p1a: Zapdos
|-fieldstart|move: Electric Terrain
|move|p2a: Ting-Lu|Earthquake|p1a: Zapdos
|-immune|p1a: Zapdos
|
|-sideend|p1: HopStepAbuser|move: Tailwind
|upkeep
|turn|44
|
|t:|1760887975
|move|p1a: Zapdos|Tailwind|p1a: Zapdos
|-sidestart|p1: HopStepAbuser|move: Tailwind
|move|p2a: Ting-Lu|Earthquake|p1a: Zapdos
|-immune|p1a: Zapdos
|
|upkeep
|turn|45
|
|t:|1760887998
|move|p1a: Zapdos|Thunder|p2a: Ting-Lu
|-immune|p2a: Ting-Lu
|move|p2a: Ting-Lu|Earthquake|p1a: Zapdos
|-immune|p1a: Zapdos
|
|upkeep
|turn|46
|
|t:|1760888012
|move|p1a: Zapdos|Thunder|p2a: Ting-Lu
|-immune|p2a: Ting-Lu
|move|p2a: Ting-Lu|Earthquake|p1a: Zapdos
|-immune|p1a: Zapdos
|
|upkeep
|turn|47
|c|☆HopStepAbuser|idk
|
|t:|1760888033
|move|p1a: Zapdos|Thunder|p2a: Ting-Lu
|-immune|p2a: Ting-Lu
|move|p2a: Ting-Lu|Earthquake|p1a: Zapdos
|-immune|p1a: Zapdos
|
|-sideend|p1: HopStepAbuser|move: Tailwind
|-fieldend|move: Electric Terrain
|upkeep
|turn|48
|
|t:|1760888050
|move|p1a: Zapdos|Electric Terrain|p1a: Zapdos
|-fieldstart|move: Electric Terrain
|move|p2a: Ting-Lu|Earthquake|p1a: Zapdos
|-immune|p1a: Zapdos
|
|upkeep
|turn|49
|
|t:|1760888057
|move|p1a: Zapdos|Tailwind|p1a: Zapdos
|-sidestart|p1: HopStepAbuser|move: Tailwind
|move|p2a: Ting-Lu|Earthquake|p1a: Zapdos
|-immune|p1a: Zapdos
|
|upkeep
|turn|50
|
|t:|1760888065
|move|p1a: Zapdos|Thunder|p2a: Ting-Lu
|-immune|p2a: Ting-Lu
|move|p2a: Ting-Lu|Earthquake|p1a: Zapdos
|-immune|p1a: Zapdos
|
|upkeep
|turn|51
|
|t:|1760888074
|move|p1a: Zapdos|Thunder|p2a: Ting-Lu
|-immune|p2a: Ting-Lu
|move|p2a: Ting-Lu|Stealth Rock||[still]
|-fail|p2a: Ting-Lu
|
|upkeep
|turn|52
|
|t:|1760888083
|move|p1a: Zapdos|Thunder|p2a: Ting-Lu
|-immune|p2a: Ting-Lu
|move|p2a: Ting-Lu|Stealth Rock||[still]
|-fail|p2a: Ting-Lu
|
|-sideend|p1: HopStepAbuser|move: Tailwind
|-fieldend|move: Electric Terrain
|upkeep
|turn|53
|
|t:|1760888093
|move|p1a: Zapdos|Electric Terrain|p1a: Zapdos
|-fieldstart|move: Electric Terrain
|move|p2a: Ting-Lu|Spikes|p1a: Zapdos
|-sidestart|p1: HopStepAbuser|Spikes
|
|upkeep
|turn|54
|inactive|Battle timer is ON: inactive players will automatically lose when time's up. (requested by jiggyjosh)
|
|t:|1760888100
|move|p1a: Zapdos|Tailwind|p1a: Zapdos
|-sidestart|p1: HopStepAbuser|move: Tailwind
|move|p2a: Ting-Lu|Spikes||[still]
|-fail|p2a: Ting-Lu
|
|upkeep
|turn|55
|
|t:|1760888111
|move|p1a: Zapdos|Thunder|p2a: Ting-Lu
|-immune|p2a: Ting-Lu
|move|p2a: Ting-Lu|Stealth Rock||[still]
|-fail|p2a: Ting-Lu
|
|upkeep
|turn|56
|
|t:|1760888129
|move|p1a: Zapdos|Thunder|p2a: Ting-Lu
|-immune|p2a: Ting-Lu
|move|p2a: Ting-Lu|Stealth Rock||[still]
|-fail|p2a: Ting-Lu
|
|upkeep
|turn|57
|inactive|jiggyjosh has 270 seconds left.
|-message|HopStepAbuser forfeited.
|
|win|jiggyjosh
|l|☆HopStepAbuser
|player|p1|
