|j|☆ripwal39
|j|☆qmszw
|t:|1760760590
|gametype|singles
|player|p1|ripwal39|265|1299
|player|p2|qmszw|rosa|1342
|gen|9
|tier|[Gen 9] OU
|rated|
|rule|HP Percentage Mod: HP is shown in percentages
|rule|Endless Battle Clause: Forcing endless battles is banned
|rule|Species Clause: Limit one of each Pokémon
|rule|OHKO Clause: OHKO moves are banned
|rule|Evasion Items Clause: Evasion items are banned
|rule|Evasion Moves Clause: Evasion moves are banned
|rule|Evasion Abilities Clause: Evasion abilities are banned
|rule|Sleep Moves Clause: Sleep-inducing moves are banned
|clearpoke
|poke|p1|Kingambit, F|
|poke|p1|Cinderace, F|
|poke|p1|Landorus-Therian, M|
|poke|p1|Iron Valiant|
|poke|p1|Kyurem|
|poke|p1|Slowking-Galar, M|
|poke|p2|Skeledirge, F|
|poke|p2|Ogerpon-Wellspring, F|
|poke|p2|Dragapult, M|
|poke|p2|Weezing-Galar, M|
|poke|p2|Ting-Lu|
|poke|p2|Corviknight, F|
|teampreview
|
|t:|1760760610
|teamsize|p1|6
|teamsize|p2|6
|start
|switch|p1a: Kristine|Cinderace, F, shiny|100/100
|switch|p2a: Corviknight|Corviknight, F|100/100
|-ability|p2a: Corviknight|Pressure
|turn|1
|
|t:|1760760622
|switch|p2a: Skeledirge|Skeledirge, F|100/100
|move|p1a: Kristine|Will-O-Wisp|p2a: Skeledirge
|-immune|p2a: Skeledirge
|
|upkeep
|turn|2
|
|t:|1760760635
|move|p1a: Kristine|U-turn|p2a: Skeledirge
|-resisted|p2a: Skeledirge
|-damage|p2a: Skeledirge|96/100
|
|t:|1760760642
|switch|p1a: Chillionaire|Slowking-Galar, M, shiny|100/100|[from] U-turn
|move|p2a: Skeledirge|Earth Power|p1a: Chillionaire
|-supereffective|p1a: Chillionaire
|-damage|p1a: Chillionaire|71/100
|
|upkeep
|turn|3
|
|t:|1760760656
|switch|p2a: Corviknight|Corviknight, F|100/100
|-ability|p2a: Corviknight|Pressure
|move|p1a: Chillionaire|Thunder Wave|p2a: Corviknight
|-status|p2a: Corviknight|par
|
|upkeep
|turn|4
|
|t:|1760760665
|move|p2a: Corviknight|U-turn|p1a: Chillionaire
|-damage|p1a: Chillionaire|56/100
|
|t:|1760760673
|switch|p2a: Ting-Lu|Ting-Lu, shiny|100/100|[from] U-turn
|-ability|p2a: Ting-Lu|Vessel of Ruin
|-prepare|p1a: Chillionaire|Chilly Reception|[premajor]
|move|p1a: Chillionaire|Chilly Reception|p1a: Chillionaire
|-weather|Snowscape
|
|t:|1760760691
|switch|p1a: Mr. Freeze|Kyurem, shiny|100/100|[from] Chilly Reception
|-ability|p1a: Mr. Freeze|Pressure
|
|-weather|Snowscape|[upkeep]
|upkeep
|turn|5
|
|t:|1760760701
|switch|p2a: Skeledirge|Skeledirge, F|96/100
|move|p1a: Mr. Freeze|Freeze-Dry|p2a: Skeledirge
|-resisted|p2a: Skeledirge
|-damage|p2a: Skeledirge|84/100
|
|-weather|Snowscape|[upkeep]
|upkeep
|turn|6
|
|t:|1760760712
|move|p1a: Mr. Freeze|Substitute|p1a: Mr. Freeze
|-start|p1a: Mr. Freeze|Substitute
|-damage|p1a: Mr. Freeze|76/100
|move|p2a: Skeledirge|Torch Song|p1a: Mr. Freeze
|-damage|p1a: Mr. Freeze|50/100
|-boost|p2a: Skeledirge|spa|1
|
|-weather|Snowscape|[upkeep]
|-heal|p1a: Mr. Freeze|57/100|[from] item: Leftovers
|upkeep
|turn|7
|
|t:|1760760722
|move|p1a: Mr. Freeze|Earth Power|p2a: Skeledirge
|-supereffective|p2a: Skeledirge
|-damage|p2a: Skeledirge|38/100
|move|p2a: Skeledirge|Torch Song|p1a: Mr. Freeze
|-damage|p1a: Mr. Freeze|14/100
|-boost|p2a: Skeledirge|spa|1
|
|-weather|Snowscape|[upkeep]
|-heal|p1a: Mr. Freeze|20/100|[from] item: Leftovers
|upkeep
|turn|8
|
|t:|1760760734
|-terastallize|p2a: Skeledirge|Dark
|move|p1a: Mr. Freeze|Earth Power|p2a: Skeledirge
|-damage|p2a: Skeledirge|16/100
|-unboost|p2a: Skeledirge|spd|1
|move|p2a: Skeledirge|Slack Off|p2a: Skeledirge
|-heal|p2a: Skeledirge|66/100
|
|-weather|none
|-heal|p1a: Mr. Freeze|27/100|[from] item: Leftovers
|upkeep
|turn|9
|
|t:|1760760776
|switch|p1a: Kristine|Cinderace, F, shiny|100/100
|move|p2a: Skeledirge|Torch Song|p1a: Kristine
|-resisted|p1a: Kristine
|-damage|p1a: Kristine|67/100
|-boost|p2a: Skeledirge|spa|1
|
|upkeep
|turn|10
|
|t:|1760760795
|switch|p2a: Corviknight|Corviknight, F|100/100 par
|-ability|p2a: Corviknight|Pressure
|move|p1a: Kristine|U-turn|p2a: Corviknight
|-resisted|p2a: Corviknight
|-damage|p2a: Corviknight|98/100 par
|-damage|p1a: Kristine|51/100|[from] item: Rocky Helmet|[of] p2a: Corviknight
|
|t:|1760760803
|switch|p1a: Chillionaire|Slowking-Galar, M, shiny|90/100|[from] U-turn
|
|upkeep
|turn|11
|
|t:|1760760812
|cant|p2a: Corviknight|par
|-prepare|p1a: Chillionaire|Chilly Reception|[premajor]
|move|p1a: Chillionaire|Chilly Reception|p1a: Chillionaire
|-weather|Snowscape
|
|t:|1760760832
|switch|p1a: Kristine|Cinderace, F, shiny|51/100|[from] Chilly Reception
|
|-weather|Snowscape|[upkeep]
|upkeep
|turn|12
|
|t:|1760760857
|switch|p2a: Ting-Lu|Ting-Lu, shiny|100/100
|-ability|p2a: Ting-Lu|Vessel of Ruin
|move|p1a: Kristine|Pyro Ball|p2a: Ting-Lu|[miss]
|-miss|p1a: Kristine|p2a: Ting-Lu
|
|-weather|Snowscape|[upkeep]
|upkeep
|turn|13
|
|t:|1760760867
|move|p1a: Kristine|Will-O-Wisp|p2a: Ting-Lu|[miss]
|-miss|p1a: Kristine|p2a: Ting-Lu
|move|p2a: Ting-Lu|Earthquake|p1a: Kristine
|-supereffective|p1a: Kristine
|-damage|p1a: Kristine|0 fnt
|faint|p1a: Kristine
|
|-weather|Snowscape|[upkeep]
|upkeep
|c|☆ripwal39|yeah okay
|c|☆ripwal39|gg
|-message|ripwal39 forfeited.
|
|win|qmszw
|raw|ripwal39's rating: 1299 &rarr; <strong>1277</strong><br />(-22 for losing)
|raw|qmszw's rating: 1342 &rarr; <strong>1360</strong><br />(+18 for winning)
|l|☆ripwal39
|player|p1|
|l|☆qmszw
|player|p2|
