|j|☆aeyamq
|j|☆Luzzio
|t:|1760887524
|gametype|singles
|player|p1|aeyamq|drayden|1374
|player|p2|Luzzio|lucas-gen4pt|1412
|gen|9
|tier|[Gen 9] OU
|rated|
|rule|HP Percentage Mod: HP is shown in percentages
|rule|Endless Battle Clause: Forcing endless battles is banned
|rule|Species Clause: Limit one of each Pokémon
|rule|OHKO Clause: OHKO moves are banned
|rule|Evasion Items Clause: Evasion items are banned
|rule|Evasion Moves Clause: Evasion moves are banned
|rule|Evasion Abilities Clause: Evasion abilities are banned
|rule|Sleep Moves Clause: Sleep-inducing moves are banned
|clearpoke
|poke|p1|Kyurem|
|poke|p1|Hoopa-Unbound|
|poke|p1|Cinderace, F|
|poke|p1|Primarina, F|
|poke|p1|Rillaboom, M|
|poke|p1|Heatran, F|
|poke|p2|Araquanid, F|
|poke|p2|Kingambit, M|
|poke|p2|Gholdengo|
|poke|p2|Great Tusk|
|poke|p2|Iron Moth|
|poke|p2|Luxray, F|
|teampreview
|
|t:|1760887531
|teamsize|p1|6
|teamsize|p2|6
|start
|switch|p1a: Rillaboom|Rillaboom, M|100/100
|switch|p2a: I Carry This Team|Araquanid, F|100/100
|-fieldstart|move: Grassy Terrain|[from] ability: Grassy Surge|[of] p1a: Rillaboom
|turn|1
|inactive|Battle timer is ON: inactive players will automatically lose when time's up. (requested by aeyamq)
|
|t:|1760887540
|move|p1a: Rillaboom|Wood Hammer|p2a: I Carry This Team
|-damage|p2a: I Carry This Team|0 fnt
|faint|p2a: I Carry This Team
|-damage|p1a: Rillaboom|68/100|[from] Recoil
|
|-heal|p1a: Rillaboom|74/100|[from] Grassy Terrain
|upkeep
|
|t:|1760887546
|switch|p2a: I Sweep Teams|Iron Moth|100/100
|-enditem|p2a: I Sweep Teams|Booster Energy
|-activate|p2a: I Sweep Teams|ability: Quark Drive|[fromitem]
|-start|p2a: I Sweep Teams|quarkdrivespe
|turn|2
|
|t:|1760887553
|-end|p2a: I Sweep Teams|Quark Drive|[silent]
|switch|p2a: I Hit Hard|Luxray, F|100/100
|switch|p1a: Heatran|Heatran, F|100/100
|
|-status|p2a: I Hit Hard|brn|[from] item: Flame Orb
|upkeep
|turn|3
|
|t:|1760887562
|move|p2a: I Hit Hard|Volt Switch|p1a: Heatran
|-damage|p1a: Heatran|82/100
|
|t:|1760887570
|switch|p2a: I Clean The Floor|Great Tusk|100/100|[from] Volt Switch
|move|p1a: Heatran|Earth Power|p2a: I Clean The Floor
|-damage|p2a: I Clean The Floor|50/100
|
|-heal|p2a: I Clean The Floor|56/100|[from] Grassy Terrain
|-heal|p1a: Heatran|88/100|[from] Grassy Terrain
|-heal|p1a: Heatran|94/100|[from] item: Leftovers
|upkeep
|turn|4
|
|t:|1760887583
|-terastallize|p1a: Heatran|Grass
|move|p2a: I Clean The Floor|Ice Spinner|p1a: Heatran
|-supereffective|p1a: Heatran
|-damage|p1a: Heatran|49/100
|-fieldend|move: Grassy Terrain
|move|p1a: Heatran|Lava Plume|p2a: I Clean The Floor
|-damage|p2a: I Clean The Floor|0 fnt
|faint|p2a: I Clean The Floor
|-end|p2a: I Clean The Floor|Protosynthesis|[silent]
|
|-heal|p1a: Heatran|55/100|[from] item: Leftovers
|upkeep
|
|t:|1760887591
|switch|p2a: I Sweep Teams|Iron Moth|100/100
|turn|5
|
|t:|1760887596
|move|p2a: I Sweep Teams|Sludge Wave|p1a: Heatran
|-supereffective|p1a: Heatran
|-damage|p1a: Heatran|0 fnt
|faint|p1a: Heatran
|
|upkeep
|
|t:|1760887606
|switch|p1a: Hoopa|Hoopa-Unbound|100/100
|turn|6
|
|t:|1760887612
|-end|p2a: I Sweep Teams|Quark Drive|[silent]
|switch|p2a: I Also Need a Nerf|Gholdengo|100/100
|-item|p2a: I Also Need a Nerf|Air Balloon
|move|p1a: Hoopa|Psychic Noise|p2a: I Also Need a Nerf
|-resisted|p2a: I Also Need a Nerf
|-damage|p2a: I Also Need a Nerf|68/100
|-start|p2a: I Also Need a Nerf|move: Heal Block
|-enditem|p2a: I Also Need a Nerf|Air Balloon
|
|upkeep
|turn|7
|
|t:|1760887622
|move|p2a: I Also Need a Nerf|Shadow Ball|p1a: Hoopa
|-damage|p1a: Hoopa|80/100
|move|p1a: Hoopa|Knock Off|p2a: I Also Need a Nerf
|-supereffective|p2a: I Also Need a Nerf
|-damage|p2a: I Also Need a Nerf|0 fnt
|faint|p2a: I Also Need a Nerf
|
|upkeep
|
|t:|1760887629
|switch|p2a: I Hit Hard|Luxray, F|100/100 brn
|turn|8
|
|t:|1760887638
|move|p2a: I Hit Hard|Supercell Slam|p1a: Hoopa
|-damage|p1a: Hoopa|0 fnt
|faint|p1a: Hoopa
|
|-damage|p2a: I Hit Hard|95/100 brn|[from] brn
|upkeep
|
|t:|1760887657
|switch|p1a: Cinderace|Cinderace, F|100/100
|turn|9
|
|t:|1760887662
|move|p1a: Cinderace|Pyro Ball|p2a: I Hit Hard
|-damage|p2a: I Hit Hard|12/100 brn
|move|p2a: I Hit Hard|Supercell Slam|p1a: Cinderace
|-damage|p1a: Cinderace|0 fnt
|faint|p1a: Cinderace
|
|-damage|p2a: I Hit Hard|6/100 brn|[from] brn
|upkeep
|l|☆aeyamq
|inactive|aeyamq disconnected and has a minute to reconnect!
|player|p1|
|j|☆aeyamq
|inactive|aeyamq reconnected and has 115 seconds left.
|player|p1|aeyamq|drayden|
|
|t:|1760887698
|switch|p1a: Kyurem|Kyurem|100/100
|-ability|p1a: Kyurem|Pressure
|turn|10
|
|t:|1760887703
|move|p1a: Kyurem|Icicle Spear|p2a: I Hit Hard
|-damage|p2a: I Hit Hard|0 fnt
|faint|p2a: I Hit Hard
|-hitcount|p2: I Hit Hard|1
|
|upkeep
|
|t:|1760887719
|switch|p2a: I Need A Nerf|Kingambit, M|100/100
|-activate|p2a: I Need A Nerf|ability: Supreme Overlord
|-start|p2a: I Need A Nerf|fallen4|[silent]
|turn|11
|inactive|aeyamq has 120 seconds left.
|
|t:|1760887743
|move|p1a: Kyurem|Freeze-Dry|p2a: I Need A Nerf
|-resisted|p2a: I Need A Nerf
|-damage|p2a: I Need A Nerf|82/100
|move|p2a: I Need A Nerf|Iron Head|p1a: Kyurem
|-supereffective|p1a: Kyurem
|-damage|p1a: Kyurem|0 fnt
|faint|p1a: Kyurem
|
|-heal|p2a: I Need A Nerf|88/100|[from] item: Leftovers
|upkeep
|
|t:|1760887756
|switch|p1a: Rillaboom|Rillaboom, M|74/100
|-fieldstart|move: Grassy Terrain|[from] ability: Grassy Surge|[of] p1a: Rillaboom
|turn|12
|
|t:|1760887776
|-end|p2a: I Need A Nerf|fallen4|[silent]
|switch|p2a: I Sweep Teams|Iron Moth|100/100
|move|p1a: Rillaboom|Knock Off|p2a: I Sweep Teams
|-damage|p2a: I Sweep Teams|53/100
|
|-heal|p2a: I Sweep Teams|59/100|[from] Grassy Terrain
|-heal|p1a: Rillaboom|80/100|[from] Grassy Terrain
|upkeep
|turn|13
|inactive|aeyamq has 120 seconds left.
|inactive|Luzzio has 120 seconds left.
|
|t:|1760887807
|move|p2a: I Sweep Teams|Energy Ball|p1a: Rillaboom
|-resisted|p1a: Rillaboom
|-damage|p1a: Rillaboom|53/100
|move|p1a: Rillaboom|Knock Off|p2a: I Sweep Teams
|-damage|p2a: I Sweep Teams|13/100
|
|-heal|p2a: I Sweep Teams|19/100|[from] Grassy Terrain
|-heal|p1a: Rillaboom|59/100|[from] Grassy Terrain
|upkeep
|turn|14
|
|t:|1760887815
|move|p2a: I Sweep Teams|Sludge Wave|p1a: Rillaboom
|-supereffective|p1a: Rillaboom
|-damage|p1a: Rillaboom|0 fnt
|faint|p1a: Rillaboom
|
|-heal|p2a: I Sweep Teams|25/100|[from] Grassy Terrain
|upkeep
|
|t:|1760887821
|switch|p1a: Primarina|Primarina, F|100/100
|turn|15
|
|t:|1760887825
|-terastallize|p2a: I Sweep Teams|Grass
|move|p2a: I Sweep Teams|Energy Ball|p1a: Primarina
|-supereffective|p1a: Primarina
|-damage|p1a: Primarina|31/100
|move|p1a: Primarina|Surf|p2a: I Sweep Teams
|-resisted|p2a: I Sweep Teams
|-damage|p2a: I Sweep Teams|0 fnt
|faint|p2a: I Sweep Teams
|-end|p2a: I Sweep Teams|Quark Drive|[silent]
|
|-heal|p1a: Primarina|37/100|[from] Grassy Terrain
|upkeep
|
|t:|1760887831
|switch|p2a: I Need A Nerf|Kingambit, M|88/100
|-activate|p2a: I Need A Nerf|ability: Supreme Overlord
|-start|p2a: I Need A Nerf|fallen5|[silent]
|turn|16
|
|t:|1760887839
|move|p2a: I Need A Nerf|Iron Head|p1a: Primarina
|-damage|p1a: Primarina|0 fnt
|faint|p1a: Primarina
|
|win|Luzzio
|raw|aeyamq's rating: 1374 &rarr; <strong>1356</strong><br />(-18 for losing)
|raw|Luzzio's rating: 1412 &rarr; <strong>1430</strong><br />(+18 for winning)
|l|☆aeyamq
|player|p1|
|l|☆Luzzio
|player|p2|
