|j|☆sus skibidi
|j|☆gang696969
|t:|1760753559
|gametype|singles
|player|p1|sus skibidi|miku-ice|1449
|player|p2|gang696969|102|1535
|gen|9
|tier|[Gen 9] OU
|rated|
|rule|HP Percentage Mod: HP is shown in percentages
|rule|Endless Battle Clause: Forcing endless battles is banned
|rule|Species Clause: Limit one of each Pokémon
|rule|OHKO Clause: OHKO moves are banned
|rule|Evasion Items Clause: Evasion items are banned
|rule|Evasion Moves Clause: Evasion moves are banned
|rule|Evasion Abilities Clause: Evasion abilities are banned
|rule|Sleep Moves Clause: Sleep-inducing moves are banned
|clearpoke
|poke|p1|Heatran, M|
|poke|p1|Ogerpon-Wellspring, F|
|poke|p1|Dragonite, F|
|poke|p1|Hatterene, F|
|poke|p1|Garganacl, M|
|poke|p1|Great Tusk|
|poke|p2|Ceruledge, F|
|poke|p2|Walking Wake|
|poke|p2|Dragonite, M|
|poke|p2|Torkoal, M|
|poke|p2|Venusaur, F|
|poke|p2|Kingambit, M|
|teampreview
|inactive|Battle timer is ON: inactive players will automatically lose when time's up. (requested by sus skibidi)
|
|t:|1760753588
|teamsize|p1|6
|teamsize|p2|6
|start
|switch|p1a: Guanciale|Garganacl, M, shiny|100/100
|switch|p2a: Ceruledge|Ceruledge, F|100/100
|turn|1
|
|t:|1760753612
|switch|p2a: Torkoal|Torkoal, M|100/100
|-weather|SunnyDay|[from] ability: Drought|[of] p2a: Torkoal
|move|p1a: Guanciale|Salt Cure|p2a: Torkoal
|-supereffective|p2a: Torkoal
|-damage|p2a: Torkoal|79/100
|-start|p2a: Torkoal|Salt Cure
|
|-weather|SunnyDay|[upkeep]
|-damage|p2a: Torkoal|66/100|[from] Salt Cure
|upkeep
|turn|2
|
|t:|1760753627
|switch|p2a: Ceruledge|Ceruledge, F|100/100
|move|p1a: Guanciale|Salt Cure|p2a: Ceruledge
|-supereffective|p2a: Ceruledge
|-damage|p2a: Ceruledge|59/100
|-start|p2a: Ceruledge|Salt Cure
|-ability|p2a: Ceruledge|Weak Armor|boost
|-unboost|p2a: Ceruledge|def|1
|-boost|p2a: Ceruledge|spe|2
|
|-weather|SunnyDay|[upkeep]
|-damage|p2a: Ceruledge|46/100|[from] Salt Cure
|upkeep
|turn|3
|
|t:|1760753638
|move|p2a: Ceruledge|Bitter Blade|p1a: Guanciale
|-resisted|p1a: Guanciale
|-damage|p1a: Guanciale|74/100
|-heal|p2a: Ceruledge|64/100|[from] drain|[of] p1a: Guanciale
|move|p1a: Guanciale|Salt Cure|p2a: Ceruledge
|-supereffective|p2a: Ceruledge
|-damage|p2a: Ceruledge|9/100
|-ability|p2a: Ceruledge|Weak Armor|boost
|-unboost|p2a: Ceruledge|def|1
|-boost|p2a: Ceruledge|spe|2
|
|-weather|SunnyDay|[upkeep]
|-heal|p1a: Guanciale|81/100|[from] item: Leftovers
|-damage|p2a: Ceruledge|0 fnt|[from] Salt Cure
|faint|p2a: Ceruledge
|upkeep
|
|t:|1760753651
|switch|p2a: Venusaur|Venusaur, F|100/100
|turn|4
|
|t:|1760753669
|move|p2a: Venusaur|Growth|p2a: Venusaur
|-boost|p2a: Venusaur|atk|2
|-boost|p2a: Venusaur|spa|2
|move|p1a: Guanciale|Salt Cure|p2a: Venusaur
|-damage|p2a: Venusaur|81/100
|-start|p2a: Venusaur|Salt Cure
|
|-weather|SunnyDay|[upkeep]
|-heal|p1a: Guanciale|87/100|[from] item: Leftovers
|-damage|p2a: Venusaur|68/100|[from] Salt Cure
|upkeep
|turn|5
|
|t:|1760753682
|move|p2a: Venusaur|Solar Beam||[still]
|-prepare|p2a: Venusaur|Solar Beam
|-anim|p2a: Venusaur|Solar Beam|p1a: Guanciale
|-supereffective|p1a: Guanciale
|-damage|p1a: Guanciale|0 fnt
|faint|p1a: Guanciale
|-damage|p2a: Venusaur|58/100|[from] item: Life Orb
|
|-weather|SunnyDay|[upkeep]
|-damage|p2a: Venusaur|46/100|[from] Salt Cure
|upkeep
|
|t:|1760753688
|switch|p1a: Dodge|Heatran, M|100/100
|-item|p1a: Dodge|Air Balloon
|turn|6
|
|t:|1760753699
|move|p2a: Venusaur|Solar Beam||[still]
|-prepare|p2a: Venusaur|Solar Beam
|-anim|p2a: Venusaur|Solar Beam|p1a: Dodge
|-resisted|p1a: Dodge
|-damage|p1a: Dodge|61/100
|-enditem|p1a: Dodge|Air Balloon
|-damage|p2a: Venusaur|36/100|[from] item: Life Orb
|move|p1a: Dodge|Flame Charge|p2a: Venusaur
|-supereffective|p2a: Venusaur
|-damage|p2a: Venusaur|0 fnt
|-boost|p1a: Dodge|spe|1
|faint|p2a: Venusaur
|
|-weather|SunnyDay|[upkeep]
|upkeep
|j| AbrarS
|
|t:|1760753711
|switch|p2a: Walking Wake|Walking Wake|100/100
|-activate|p2a: Walking Wake|ability: Protosynthesis
|-start|p2a: Walking Wake|protosynthesisspe
|turn|7
|
|t:|1760753717
|move|p2a: Walking Wake|Hydro Steam|p1a: Dodge
|-supereffective|p1a: Dodge
|-damage|p1a: Dodge|0 fnt
|faint|p1a: Dodge
|
|-weather|SunnyDay|[upkeep]
|upkeep
|
|t:|1760753720
|switch|p1a: Awel Sum|Ogerpon-Wellspring, F|100/100
|turn|8
|
|t:|1760753726
|-terastallize|p2a: Walking Wake|Poison
|move|p2a: Walking Wake|Tera Blast|p1a: Awel Sum|[anim] Tera Blast Poison
|-supereffective|p1a: Awel Sum
|-damage|p1a: Awel Sum|0 fnt
|faint|p1a: Awel Sum
|
|-weather|none
|-end|p2a: Walking Wake|Protosynthesis
|upkeep
|
|t:|1760753734
|switch|p1a: Forever More Quoth|Hatterene, F|100/100
|turn|9
|
|t:|1760753737
|move|p2a: Walking Wake|Tera Blast|p1a: Forever More Quoth|[anim] Tera Blast Poison
|-supereffective|p1a: Forever More Quoth
|-damage|p1a: Forever More Quoth|12/100
|move|p1a: Forever More Quoth|Psychic Noise|p2a: Walking Wake
|-supereffective|p2a: Walking Wake
|-damage|p2a: Walking Wake|29/100
|-start|p2a: Walking Wake|move: Heal Block
|
|upkeep
|turn|10
|
|t:|1760753746
|move|p2a: Walking Wake|Tera Blast|p1a: Forever More Quoth|[anim] Tera Blast Poison
|-supereffective|p1a: Forever More Quoth
|-damage|p1a: Forever More Quoth|0 fnt
|faint|p1a: Forever More Quoth
|
|-end|p2a: Walking Wake|move: Heal Block
|upkeep
|
|t:|1760753751
|switch|p1a: Horned Up Big Dawg|Great Tusk|100/100
|-enditem|p1a: Horned Up Big Dawg|Booster Energy
|-activate|p1a: Horned Up Big Dawg|ability: Protosynthesis|[fromitem]
|-start|p1a: Horned Up Big Dawg|protosynthesisspe
|turn|11
|
|t:|1760753762
|-end|p2a: Walking Wake|Protosynthesis|[silent]
|switch|p2a: Torkoal|Torkoal, M|66/100
|-weather|SunnyDay|[from] ability: Drought|[of] p2a: Torkoal
|move|p1a: Horned Up Big Dawg|Rapid Spin|p2a: Torkoal
|-damage|p2a: Torkoal|55/100
|-boost|p1a: Horned Up Big Dawg|spe|1
|
|-weather|SunnyDay|[upkeep]
|upkeep
|turn|12
|
|t:|1760753772
|move|p1a: Horned Up Big Dawg|Headlong Rush|p2a: Torkoal
|-supereffective|p2a: Torkoal
|-damage|p2a: Torkoal|0 fnt
|-unboost|p1a: Horned Up Big Dawg|def|1
|-unboost|p1a: Horned Up Big Dawg|spd|1
|faint|p2a: Torkoal
|
|-weather|SunnyDay|[upkeep]
|upkeep
|
|t:|1760753779
|switch|p2a: Walking Wake|Walking Wake, tera:Poison|29/100
|-activate|p2a: Walking Wake|ability: Protosynthesis
|-start|p2a: Walking Wake|protosynthesisspe
|turn|13
|
|t:|1760753787
|-end|p2a: Walking Wake|Protosynthesis|[silent]
|switch|p2a: Dragonite|Dragonite, M|100/100
|move|p1a: Horned Up Big Dawg|Headlong Rush|p2a: Dragonite
|-immune|p2a: Dragonite
|
|-weather|SunnyDay|[upkeep]
|upkeep
|turn|14
|
|t:|1760753795
|move|p1a: Horned Up Big Dawg|Ice Spinner|p2a: Dragonite
|-supereffective|p2a: Dragonite
|-damage|p2a: Dragonite|59/100
|move|p2a: Dragonite|Fire Punch|p1a: Horned Up Big Dawg
|-damage|p1a: Horned Up Big Dawg|58/100
|
|-weather|SunnyDay|[upkeep]
|upkeep
|turn|15
|
|t:|1760753805
|move|p2a: Dragonite|Extreme Speed|p1a: Horned Up Big Dawg
|-damage|p1a: Horned Up Big Dawg|28/100
|move|p1a: Horned Up Big Dawg|Ice Spinner|p2a: Dragonite
|-supereffective|p2a: Dragonite
|-damage|p2a: Dragonite|0 fnt
|faint|p2a: Dragonite
|
|-weather|SunnyDay|[upkeep]
|upkeep
|
|t:|1760753817
|switch|p2a: Kingambit|Kingambit, M|100/100
|-activate|p2a: Kingambit|ability: Supreme Overlord
|-start|p2a: Kingambit|fallen4|[silent]
|turn|16
|
|t:|1760753822
|move|p2a: Kingambit|Sucker Punch||[still]
|-fail|p2a: Kingambit
|move|p1a: Horned Up Big Dawg|Bulk Up|p1a: Horned Up Big Dawg
|-boost|p1a: Horned Up Big Dawg|atk|1
|-boost|p1a: Horned Up Big Dawg|def|1
|
|-weather|SunnyDay|[upkeep]
|upkeep
|turn|17
|
|t:|1760753832
|move|p1a: Horned Up Big Dawg|Headlong Rush|p2a: Kingambit
|-supereffective|p2a: Kingambit
|-damage|p2a: Kingambit|0 fnt
|-unboost|p1a: Horned Up Big Dawg|def|1
|-unboost|p1a: Horned Up Big Dawg|spd|1
|faint|p2a: Kingambit
|-end|p2a: Kingambit|fallen4|[silent]
|
|-weather|SunnyDay|[upkeep]
|upkeep
|c|☆sus skibidi|gg
|
|t:|1760753839
|switch|p2a: Walking Wake|Walking Wake, tera:Poison|29/100
|-activate|p2a: Walking Wake|ability: Protosynthesis
|-start|p2a: Walking Wake|protosynthesisspe
|turn|18
|
|t:|1760753844
|move|p1a: Horned Up Big Dawg|Headlong Rush|p2a: Walking Wake
|-supereffective|p2a: Walking Wake
|-damage|p2a: Walking Wake|0 fnt
|-unboost|p1a: Horned Up Big Dawg|def|1
|-unboost|p1a: Horned Up Big Dawg|spd|1
|faint|p2a: Walking Wake
|-end|p2a: Walking Wake|Protosynthesis|[silent]
|
|win|sus skibidi
|raw|sus skibidi's rating: 1449 &rarr; <strong>1474</strong><br />(+25 for winning)
|raw|gang696969's rating: 1535 &rarr; <strong>1510</strong><br />(-25 for losing)
