|j|☆scald spamm
|j|☆Luzzio
|t:|1760887871
|gametype|singles
|player|p1|scald spamm|2|1465
|player|p2|Luzzio|lucas-gen4pt|1430
|gen|9
|tier|[Gen 9] OU
|rated|
|rule|HP Percentage Mod: HP is shown in percentages
|rule|Endless Battle Clause: Forcing endless battles is banned
|rule|Species Clause: Limit one of each Pokémon
|rule|OHKO Clause: OHKO moves are banned
|rule|Evasion Items Clause: Evasion items are banned
|rule|Evasion Moves Clause: Evasion moves are banned
|rule|Evasion Abilities Clause: Evasion abilities are banned
|rule|Sleep Moves Clause: Sleep-inducing moves are banned
|clearpoke
|poke|p1|Excadrill, M|
|poke|p1|Dragapult, F|
|poke|p1|Ogerpon-Wellspring, F|
|poke|p1|Zapdos|
|poke|p1|Heatran, M|
|poke|p1|Iron Valiant|
|poke|p2|Araquanid, M|
|poke|p2|Kingambit, F|
|poke|p2|Gholdengo|
|poke|p2|Great Tusk|
|poke|p2|Iron Moth|
|poke|p2|Luxray, M|
|teampreview
|inactive|Battle timer is ON: inactive players will automatically lose when time's up. (requested by scald spamm)
|
|t:|1760887899
|teamsize|p1|6
|teamsize|p2|6
|start
|switch|p1a: Ogerpon|Ogerpon-Wellspring, F|100/100
|switch|p2a: I Carry This Team|Araquanid, M|100/100
|turn|1
|
|t:|1760887907
|move|p1a: Ogerpon|Knock Off|p2a: I Carry This Team
|-damage|p2a: I Carry This Team|61/100
|-enditem|p2a: I Carry This Team|Custap Berry|[from] move: Knock Off|[of] p1a: Ogerpon
|move|p2a: I Carry This Team|Sticky Web|p1a: Ogerpon
|-sidestart|p1: scald spamm|move: Sticky Web
|
|upkeep
|turn|2
|
|t:|1760887913
|move|p1a: Ogerpon|U-turn|p2a: I Carry This Team
|-damage|p2a: I Carry This Team|33/100
|
|t:|1760887918
|switch|p1a: Zapdos|Zapdos|100/100|[from] U-turn
|move|p2a: I Carry This Team|Endeavor|p1a: Zapdos
|-damage|p1a: Zapdos|29/100
|
|upkeep
|turn|3
|
|t:|1760887923
|move|p2a: I Carry This Team|Endure|p2a: I Carry This Team
|-singleturn|p2a: I Carry This Team|move: Endure
|move|p1a: Zapdos|Roost|p1a: Zapdos
|-heal|p1a: Zapdos|80/100
|-singleturn|p1a: Zapdos|move: Roost
|
|upkeep
|turn|4
|
|t:|1760887929
|move|p1a: Zapdos|Volt Switch|p2a: I Carry This Team
|-supereffective|p2a: I Carry This Team
|-damage|p2a: I Carry This Team|0 fnt
|faint|p2a: I Carry This Team
|
|t:|1760887942
|switch|p1a: blind (never hits)|Heatran, M|100/100|[from] Volt Switch
|-activate|p1a: blind (never hits)|move: Sticky Web
|-unboost|p1a: blind (never hits)|spe|1
|
|upkeep
|
|t:|1760887948
|switch|p2a: I Clean The Floor|Great Tusk|100/100
|turn|5
|
|t:|1760887959
|-end|p2a: I Clean The Floor|Protosynthesis|[silent]
|switch|p2a: I Hit Hard|Luxray, M|100/100
|move|p1a: blind (never hits)|Will-O-Wisp|p2a: I Hit Hard
|-status|p2a: I Hit Hard|brn
|
|-damage|p2a: I Hit Hard|95/100 brn|[from] brn
|upkeep
|turn|6
|
|t:|1760887973
|move|p1a: blind (never hits)|Protect|p1a: blind (never hits)
|-singleturn|p1a: blind (never hits)|Protect
|move|p2a: I Hit Hard|Volt Switch|p1a: blind (never hits)
|-activate|p1a: blind (never hits)|move: Protect
|
|-damage|p2a: I Hit Hard|89/100 brn|[from] brn
|upkeep
|turn|7
|
|t:|1760887978
|switch|p1a: Excadrill|Excadrill, M|100/100
|-activate|p1a: Excadrill|move: Sticky Web
|-unboost|p1a: Excadrill|spe|1
|-ability|p1a: Excadrill|Mold Breaker
|move|p2a: I Hit Hard|Supercell Slam|p1a: Excadrill
|-immune|p1a: Excadrill
|-damage|p2a: I Hit Hard|39/100 brn|[from] supercellslam
|
|-damage|p2a: I Hit Hard|33/100 brn|[from] brn
|upkeep
|turn|8
|
|t:|1760887987
|switch|p2a: I Also Need a Nerf|Gholdengo|100/100
|-item|p2a: I Also Need a Nerf|Air Balloon
|move|p1a: Excadrill|Rapid Spin|p2a: I Also Need a Nerf
|-immune|p2a: I Also Need a Nerf
|
|upkeep
|turn|9
|
|t:|1760888003
|move|p2a: I Also Need a Nerf|Shadow Ball|p1a: Excadrill
|-damage|p1a: Excadrill|61/100
|move|p1a: Excadrill|Rock Slide|p2a: I Also Need a Nerf|[miss]
|-miss|p1a: Excadrill|p2a: I Also Need a Nerf
|
|-heal|p1a: Excadrill|67/100|[from] item: Leftovers
|upkeep
|turn|10
|c|☆scald spamm|cmon man
|
|t:|1760888016
|switch|p2a: I Clean The Floor|Great Tusk|100/100
|switch|p1a: blind (never hits)|Heatran, M|100/100
|-activate|p1a: blind (never hits)|move: Sticky Web
|-unboost|p1a: blind (never hits)|spe|1
|
|upkeep
|turn|11
|
|t:|1760888023
|move|p1a: blind (never hits)|Protect|p1a: blind (never hits)
|-singleturn|p1a: blind (never hits)|Protect
|move|p2a: I Clean The Floor|Headlong Rush|p1a: blind (never hits)
|-activate|p1a: blind (never hits)|move: Protect
|
|upkeep
|turn|12
|
|t:|1760888029
|-end|p2a: I Clean The Floor|Protosynthesis|[silent]
|switch|p2a: I Also Need a Nerf|Gholdengo|100/100
|-item|p2a: I Also Need a Nerf|Air Balloon
|switch|p1a: Zapdos|Zapdos|80/100
|
|upkeep
|turn|13
|
|t:|1760888038
|move|p2a: I Also Need a Nerf|Shadow Ball|p1a: Zapdos
|-damage|p1a: Zapdos|35/100
|-unboost|p1a: Zapdos|spd|1
|move|p1a: Zapdos|Volt Switch|p2a: I Also Need a Nerf
|-damage|p2a: I Also Need a Nerf|67/100
|-enditem|p2a: I Also Need a Nerf|Air Balloon
|
|t:|1760888043
|switch|p1a: Excadrill|Excadrill, M|67/100|[from] Volt Switch
|-activate|p1a: Excadrill|move: Sticky Web
|-unboost|p1a: Excadrill|spe|1
|-ability|p1a: Excadrill|Mold Breaker
|
|-heal|p1a: Excadrill|73/100|[from] item: Leftovers
|upkeep
|turn|14
|
|t:|1760888049
|switch|p2a: I Clean The Floor|Great Tusk|100/100
|move|p1a: Excadrill|Earthquake|p2a: I Clean The Floor
|-damage|p2a: I Clean The Floor|65/100
|
|-heal|p1a: Excadrill|79/100|[from] item: Leftovers
|upkeep
|turn|15
|
|t:|1760888063
|switch|p1a: Zapdos|Zapdos|35/100
|move|p2a: I Clean The Floor|Ice Spinner|p1a: Zapdos
|-supereffective|p1a: Zapdos
|-damage|p1a: Zapdos|0 fnt
|faint|p1a: Zapdos
|
|upkeep
|
|t:|1760888070
|switch|p1a: Dragapult|Dragapult, F|100/100
|-activate|p1a: Dragapult|move: Sticky Web
|-unboost|p1a: Dragapult|spe|1
|turn|16
|
|t:|1760888094
|-end|p2a: I Clean The Floor|Protosynthesis|[silent]
|switch|p2a: I Need A Nerf|Kingambit, F|100/100
|-activate|p2a: I Need A Nerf|ability: Supreme Overlord
|-start|p2a: I Need A Nerf|fallen1|[silent]
|move|p1a: Dragapult|Shadow Ball|p2a: I Need A Nerf
|-resisted|p2a: I Need A Nerf
|-damage|p2a: I Need A Nerf|71/100
|
|-heal|p2a: I Need A Nerf|78/100|[from] item: Leftovers
|upkeep
|turn|17
|
|t:|1760888106
|switch|p1a: Ogerpon|Ogerpon-Wellspring, F|100/100
|-activate|p1a: Ogerpon|move: Sticky Web
|-unboost|p1a: Ogerpon|spe|1
|move|p2a: I Need A Nerf|Kowtow Cleave|p1a: Ogerpon
|-crit|p1a: Ogerpon
|-damage|p1a: Ogerpon|0 fnt
|faint|p1a: Ogerpon
|
|-heal|p2a: I Need A Nerf|84/100|[from] item: Leftovers
|upkeep
|
|t:|1760888115
|switch|p1a: Excadrill|Excadrill, M|79/100
|-activate|p1a: Excadrill|move: Sticky Web
|-unboost|p1a: Excadrill|spe|1
|-ability|p1a: Excadrill|Mold Breaker
|turn|18
|
|t:|1760888131
|-end|p2a: I Need A Nerf|fallen1|[silent]
|switch|p2a: I Hit Hard|Luxray, M|33/100 brn
|move|p1a: Excadrill|Rapid Spin|p2a: I Hit Hard
|-damage|p2a: I Hit Hard|10/100 brn
|-boost|p1a: Excadrill|spe|1
|-sideend|p1: scald spamm|Sticky Web|[from] move: Rapid Spin|[of] p1a: Excadrill
|
|-heal|p1a: Excadrill|86/100|[from] item: Leftovers
|-damage|p2a: I Hit Hard|4/100 brn|[from] brn
|upkeep
|turn|19
|
|t:|1760888137
|move|p1a: Excadrill|Rapid Spin|p2a: I Hit Hard
|-damage|p2a: I Hit Hard|0 fnt
|-boost|p1a: Excadrill|spe|1
|faint|p2a: I Hit Hard
|
|-heal|p1a: Excadrill|92/100|[from] item: Leftovers
|upkeep
|
|t:|1760888144
|switch|p2a: I Clean The Floor|Great Tusk|65/100
|turn|20
|
|t:|1760888149
|move|p1a: Excadrill|Earthquake|p2a: I Clean The Floor
|-damage|p2a: I Clean The Floor|31/100
|move|p2a: I Clean The Floor|Rapid Spin|p1a: Excadrill
|-resisted|p1a: Excadrill
|-crit|p1a: Excadrill
|-damage|p1a: Excadrill|74/100
|-boost|p2a: I Clean The Floor|spe|1
|
|-heal|p1a: Excadrill|80/100|[from] item: Leftovers
|upkeep
|turn|21
|
|t:|1760888155
|move|p2a: I Clean The Floor|Headlong Rush|p1a: Excadrill
|-supereffective|p1a: Excadrill
|-damage|p1a: Excadrill|0 fnt
|-unboost|p2a: I Clean The Floor|def|1
|-unboost|p2a: I Clean The Floor|spd|1
|faint|p1a: Excadrill
|
|upkeep
|
|t:|1760888158
|switch|p1a: Iron Valiant|Iron Valiant|100/100
|-enditem|p1a: Iron Valiant|Booster Energy
|-activate|p1a: Iron Valiant|ability: Quark Drive|[fromitem]
|-start|p1a: Iron Valiant|quarkdrivespe
|turn|22
|
|t:|1760888166
|-end|p2a: I Clean The Floor|Protosynthesis|[silent]
|switch|p2a: I Also Need a Nerf|Gholdengo|67/100
|move|p1a: Iron Valiant|Moonblast|p2a: I Also Need a Nerf
|-resisted|p2a: I Also Need a Nerf
|-damage|p2a: I Also Need a Nerf|39/100
|
|upkeep
|turn|23
|
|t:|1760888171
|move|p1a: Iron Valiant|Knock Off|p2a: I Also Need a Nerf
|-supereffective|p2a: I Also Need a Nerf
|-damage|p2a: I Also Need a Nerf|0 fnt
|faint|p2a: I Also Need a Nerf
|
|upkeep
|
|t:|1760888179
|switch|p2a: I Sweep Teams|Iron Moth|100/100
|-enditem|p2a: I Sweep Teams|Booster Energy
|-activate|p2a: I Sweep Teams|ability: Quark Drive|[fromitem]
|-start|p2a: I Sweep Teams|quarkdrivespe
|turn|24
|
|t:|1760888184
|-end|p1a: Iron Valiant|Quark Drive|[silent]
|switch|p1a: blind (never hits)|Heatran, M|100/100
|move|p2a: I Sweep Teams|Sludge Wave|p1a: blind (never hits)
|-immune|p1a: blind (never hits)
|
|upkeep
|turn|25
|
|t:|1760888192
|move|p2a: I Sweep Teams|Substitute|p2a: I Sweep Teams
|-start|p2a: I Sweep Teams|Substitute
|-damage|p2a: I Sweep Teams|76/100
|move|p1a: blind (never hits)|Magma Storm|p2a: I Sweep Teams
|-resisted|p2a: I Sweep Teams
|-activate|p2a: I Sweep Teams|move: Substitute|[damage]
|
|upkeep
|turn|26
|
|t:|1760888197
|move|p2a: I Sweep Teams|Energy Ball|p1a: blind (never hits)
|-resisted|p1a: blind (never hits)
|-damage|p1a: blind (never hits)|96/100
|move|p1a: blind (never hits)|Earth Power|p2a: I Sweep Teams
|-supereffective|p2a: I Sweep Teams
|-end|p2a: I Sweep Teams|Substitute
|
|-heal|p1a: blind (never hits)|100/100|[from] item: Leftovers
|upkeep
|turn|27
|inactive|Luzzio has 120 seconds left.
|
|t:|1760888237
|-end|p2a: I Sweep Teams|Quark Drive|[silent]
|switch|p2a: I Need A Nerf|Kingambit, F|84/100
|-activate|p2a: I Need A Nerf|ability: Supreme Overlord
|-start|p2a: I Need A Nerf|fallen3|[silent]
|move|p1a: blind (never hits)|Earth Power|p2a: I Need A Nerf
|-supereffective|p2a: I Need A Nerf
|-damage|p2a: I Need A Nerf|24/100
|
|-heal|p2a: I Need A Nerf|30/100|[from] item: Leftovers
|upkeep
|turn|28
|
|t:|1760888249
|move|p1a: blind (never hits)|Protect|p1a: blind (never hits)
|-singleturn|p1a: blind (never hits)|Protect
|move|p2a: I Need A Nerf|Kowtow Cleave|p1a: blind (never hits)
|-activate|p1a: blind (never hits)|move: Protect
|
|-heal|p2a: I Need A Nerf|36/100|[from] item: Leftovers
|upkeep
|turn|29
|
|t:|1760888254
|move|p2a: I Need A Nerf|Sucker Punch||[still]
|-fail|p2a: I Need A Nerf
|move|p1a: blind (never hits)|Will-O-Wisp|p2a: I Need A Nerf|[miss]
|-miss|p1a: blind (never hits)|p2a: I Need A Nerf
|
|-heal|p2a: I Need A Nerf|42/100|[from] item: Leftovers
|upkeep
|turn|30
|
|t:|1760888258
|move|p1a: blind (never hits)|Earth Power|p2a: I Need A Nerf
|-supereffective|p2a: I Need A Nerf
|-damage|p2a: I Need A Nerf|0 fnt
|faint|p2a: I Need A Nerf
|-end|p2a: I Need A Nerf|fallen3|[silent]
|
|upkeep
|
|t:|1760888260
|switch|p2a: I Clean The Floor|Great Tusk|31/100
|turn|31
|
|t:|1760888266
|switch|p1a: Dragapult|Dragapult, F|100/100
|move|p2a: I Clean The Floor|Headlong Rush|p1a: Dragapult
|-damage|p1a: Dragapult|13/100
|-unboost|p2a: I Clean The Floor|def|1
|-unboost|p2a: I Clean The Floor|spd|1
|
|upkeep
|turn|32
|
|t:|1760888270
|move|p1a: Dragapult|Shadow Ball|p2a: I Clean The Floor
|-damage|p2a: I Clean The Floor|0 fnt
|faint|p2a: I Clean The Floor
|-end|p2a: I Clean The Floor|Protosynthesis|[silent]
|
|upkeep
|
|t:|1760888271
|switch|p2a: I Sweep Teams|Iron Moth|76/100
|turn|33
|
|t:|1760888273
|move|p1a: Dragapult|Shadow Ball|p2a: I Sweep Teams
|-damage|p2a: I Sweep Teams|21/100
|move|p2a: I Sweep Teams|Sludge Wave|p1a: Dragapult
|-resisted|p1a: Dragapult
|-damage|p1a: Dragapult|0 fnt
|faint|p1a: Dragapult
|
|upkeep
|c|☆Luzzio|gg
|
|t:|1760888279
|switch|p1a: Iron Valiant|Iron Valiant|100/100
|turn|34
|c|☆scald spamm|gg
|
|t:|1760888285
|move|p1a: Iron Valiant|Knock Off|p2a: I Sweep Teams
|-damage|p2a: I Sweep Teams|0 fnt
|faint|p2a: I Sweep Teams
|-end|p2a: I Sweep Teams|Quark Drive|[silent]
|
|win|scald spamm
|raw|scald spamm's rating: 1465 &rarr; <strong>1483</strong><br />(+18 for winning)
|raw|Luzzio's rating: 1430 &rarr; <strong>1412</strong><br />(-18 for losing)
|l|☆scald spamm
|player|p1|
|l|☆Luzzio
|player|p2|
