|j|☆AdventYasha
|j|☆Dream54301
|t:|1760728609
|gametype|singles
|player|p1|AdventYasha|gentleman|1104
|player|p2|Dream54301|lusamine-nihilego|1149
|gen|9
|tier|[Gen 9] OU
|rated|
|rule|HP Percentage Mod: HP is shown in percentages
|rule|Endless Battle Clause: Forcing endless battles is banned
|rule|Species Clause: Limit one of each Pokémon
|rule|OHKO Clause: OHKO moves are banned
|rule|Evasion Items Clause: Evasion items are banned
|rule|Evasion Moves Clause: Evasion moves are banned
|rule|Evasion Abilities Clause: Evasion abilities are banned
|rule|Sleep Moves Clause: Sleep-inducing moves are banned
|clearpoke
|poke|p1|Landorus-Therian, M|
|poke|p1|Samurott-Hisui, F|
|poke|p1|Gholdengo|
|poke|p1|Hoopa-Unbound|
|poke|p1|Blaziken, M|
|poke|p1|Serperior, F|
|poke|p2|Lapras, F|
|poke|p2|Rotom-Heat|
|poke|p2|Breloom, F|
|poke|p2|Gliscor, F|
|poke|p2|Mandibuzz, F|
|poke|p2|Magnezone|
|teampreview
|inactive|Battle timer is ON: inactive players will automatically lose when time's up. (requested by AdventYasha)
|
|t:|1760728624
|teamsize|p1|6
|teamsize|p2|6
|start
|switch|p1a: Serperior|Serperior, F|100/100
|switch|p2a: Rotom|Rotom-Heat|100/100
|turn|1
|
|t:|1760728634
|move|p2a: Rotom|Trick|p1a: Serperior
|-activate|p2a: Rotom|move: Trick|[of] p1a: Serperior
|-item|p1a: Serperior|Choice Scarf|[from] move: Trick
|-item|p2a: Rotom|Choice Scarf|[from] move: Trick
|move|p1a: Serperior|Leaf Storm|p2a: Rotom
|-resisted|p2a: Rotom
|-damage|p2a: Rotom|68/100
|-boost|p1a: Serperior|spa|2
|
|upkeep
|turn|2
|
|t:|1760728645
|move|p2a: Rotom|Overheat|p1a: Serperior
|-supereffective|p1a: Serperior
|-damage|p1a: Serperior|0 fnt
|-unboost|p2a: Rotom|spa|2
|faint|p1a: Serperior
|
|upkeep
|
|t:|1760728658
|switch|p1a: Samurott|Samurott-Hisui, F|100/100
|turn|3
|
|t:|1760728664
|switch|p2a: Breloom|Breloom, F|100/100
|move|p1a: Samurott|Razor Shell|p2a: Breloom
|-resisted|p2a: Breloom
|-damage|p2a: Breloom|55/100
|
|upkeep
|turn|4
|
|t:|1760728672
|move|p2a: Breloom|Bullet Seed|p1a: Samurott
|-supereffective|p1a: Samurott
|-damage|p1a: Samurott|57/100
|-supereffective|p1a: Samurott
|-crit|p1a: Samurott
|-damage|p1a: Samurott|0 fnt
|faint|p1a: Samurott
|-hitcount|p1: Samurott|2
|
|upkeep
|
|t:|1760728681
|switch|p1a: Blaziken|Blaziken, M|100/100
|turn|5
|
|t:|1760728686
|-terastallize|p2a: Breloom|Flying
|move|p2a: Breloom|Aerial Ace|p1a: Blaziken
|-supereffective|p1a: Blaziken
|-damage|p1a: Blaziken|0 fnt
|faint|p1a: Blaziken
|
|upkeep
|
|t:|1760728696
|switch|p1a: Landorus|Landorus-Therian, M|100/100
|-ability|p1a: Landorus|Intimidate|boost
|-unboost|p2a: Breloom|atk|1
|turn|6
|
|t:|1760728704
|move|p1a: Landorus|U-turn|p2a: Breloom
|-resisted|p2a: Breloom
|-damage|p2a: Breloom|39/100
|
|t:|1760728707
|switch|p1a: Gholdengo|Gholdengo|100/100|[from] U-turn
|move|p2a: Breloom|Bullet Seed|p1a: Gholdengo
|-resisted|p1a: Gholdengo
|-damage|p1a: Gholdengo|94/100
|-resisted|p1a: Gholdengo
|-damage|p1a: Gholdengo|86/100
|-resisted|p1a: Gholdengo
|-damage|p1a: Gholdengo|79/100
|-resisted|p1a: Gholdengo
|-damage|p1a: Gholdengo|71/100
|-resisted|p1a: Gholdengo
|-damage|p1a: Gholdengo|64/100
|-hitcount|p1a: Gholdengo|5
|
|upkeep
|turn|7
|
|t:|1760728726
|move|p1a: Gholdengo|Trick|p2a: Breloom
|-activate|p1a: Gholdengo|move: Trick|[of] p2a: Breloom
|-item|p2a: Breloom|Choice Scarf|[from] move: Trick
|-item|p1a: Gholdengo|Loaded Dice|[from] move: Trick
|move|p2a: Breloom|Bullet Seed|p1a: Gholdengo
|-resisted|p1a: Gholdengo
|-damage|p1a: Gholdengo|56/100
|-resisted|p1a: Gholdengo
|-damage|p1a: Gholdengo|49/100
|-resisted|p1a: Gholdengo
|-damage|p1a: Gholdengo|41/100
|-resisted|p1a: Gholdengo
|-damage|p1a: Gholdengo|33/100
|-resisted|p1a: Gholdengo
|-damage|p1a: Gholdengo|26/100
|-hitcount|p1a: Gholdengo|5
|
|upkeep
|turn|8
|
|t:|1760728743
|move|p2a: Breloom|Bullet Seed|p1a: Gholdengo
|-resisted|p1a: Gholdengo
|-damage|p1a: Gholdengo|18/100
|-resisted|p1a: Gholdengo
|-damage|p1a: Gholdengo|10/100
|-hitcount|p1a: Gholdengo|2
|move|p1a: Gholdengo|Make It Rain|p2a: Breloom
|-damage|p2a: Breloom|0 fnt
|-unboost|p1a: Gholdengo|spa|1
|faint|p2a: Breloom
|
|upkeep
|
|t:|1760728756
|switch|p2a: Rotom|Rotom-Heat|68/100
|turn|9
|
|t:|1760728762
|move|p2a: Rotom|Overheat|p1a: Gholdengo
|-supereffective|p1a: Gholdengo
|-damage|p1a: Gholdengo|0 fnt
|-unboost|p2a: Rotom|spa|2
|faint|p1a: Gholdengo
|
|upkeep
|
|t:|1760728768
|switch|p1a: Landorus|Landorus-Therian, M|100/100
|-ability|p1a: Landorus|Intimidate|boost
|-unboost|p2a: Rotom|atk|1
|turn|10
|
|t:|1760728780
|move|p2a: Rotom|Overheat|p1a: Landorus
|-damage|p1a: Landorus|67/100
|-unboost|p2a: Rotom|spa|2
|move|p1a: Landorus|Earthquake|p2a: Rotom
|-immune|p2a: Rotom|[from] ability: Levitate
|
|upkeep
|turn|11
|
|t:|1760728795
|switch|p2a: Magnezone|Magnezone|100/100
|-item|p2a: Magnezone|Air Balloon
|move|p1a: Landorus|U-turn|p2a: Magnezone
|-resisted|p2a: Magnezone
|-damage|p2a: Magnezone|94/100
|-enditem|p2a: Magnezone|Air Balloon
|
|t:|1760728804
|switch|p1a: Hoopa|Hoopa-Unbound|100/100|[from] U-turn
|
|upkeep
|turn|12
|
|t:|1760728816
|-terastallize|p1a: Hoopa|Dark
|move|p1a: Hoopa|Drain Punch|p2a: Magnezone
|-supereffective|p2a: Magnezone
|-damage|p2a: Magnezone|34/100
|move|p2a: Magnezone|Flash Cannon|p1a: Hoopa
|-damage|p1a: Hoopa|70/100
|
|upkeep
|turn|13
|
|t:|1760728828
|move|p1a: Hoopa|Drain Punch|p2a: Magnezone
|-supereffective|p2a: Magnezone
|-damage|p2a: Magnezone|0 fnt
|-heal|p1a: Hoopa|89/100|[from] drain|[of] p2a: Magnezone
|faint|p2a: Magnezone
|
|upkeep
|
|t:|1760728833
|switch|p2a: Gliscor|Gliscor, F|100/100
|turn|14
|
|t:|1760728838
|switch|p1a: Landorus|Landorus-Therian, M|67/100
|-ability|p1a: Landorus|Intimidate|boost
|-unboost|p2a: Gliscor|atk|1
|move|p2a: Gliscor|Facade|p1a: Landorus
|-damage|p1a: Landorus|54/100
|-damage|p2a: Gliscor|84/100|[from] item: Rocky Helmet|[of] p1a: Landorus
|
|-status|p2a: Gliscor|tox|[from] item: Toxic Orb
|upkeep
|turn|15
|
|t:|1760728852
|move|p2a: Gliscor|Stealth Rock|p1a: Landorus
|-sidestart|p1: AdventYasha|move: Stealth Rock
|move|p1a: Landorus|Taunt|p2a: Gliscor
|-start|p2a: Gliscor|move: Taunt
|
|-heal|p2a: Gliscor|96/100 tox|[from] ability: Poison Heal
|upkeep
|turn|16
|
|t:|1760728863
|move|p2a: Gliscor|Facade|p1a: Landorus
|-damage|p1a: Landorus|28/100
|-damage|p2a: Gliscor|80/100 tox|[from] item: Rocky Helmet|[of] p1a: Landorus
|move|p1a: Landorus|Stealth Rock|p2a: Gliscor
|-sidestart|p2: Dream54301|move: Stealth Rock
|
|-heal|p2a: Gliscor|92/100 tox|[from] ability: Poison Heal
|upkeep
|turn|17
|
|t:|1760728872
|move|p2a: Gliscor|Facade|p1a: Landorus
|-damage|p1a: Landorus|1/100
|-damage|p2a: Gliscor|76/100 tox|[from] item: Rocky Helmet|[of] p1a: Landorus
|move|p1a: Landorus|U-turn|p2a: Gliscor
|-resisted|p2a: Gliscor
|-damage|p2a: Gliscor|65/100 tox
|
|t:|1760728879
|switch|p1a: Hoopa|Hoopa-Unbound, tera:Dark|89/100|[from] U-turn
|-damage|p1a: Hoopa|76/100|[from] Stealth Rock
|
|-heal|p2a: Gliscor|78/100 tox|[from] ability: Poison Heal
|upkeep
|turn|18
|
|t:|1760728887
|move|p2a: Gliscor|Facade|p1a: Hoopa
|-damage|p1a: Hoopa|32/100
|move|p1a: Hoopa|Knock Off|p2a: Gliscor
|-damage|p2a: Gliscor|0 fnt
|-enditem|p2a: Gliscor|Toxic Orb|[from] move: Knock Off|[of] p1a: Hoopa
|faint|p2a: Gliscor
|
|upkeep
|
|t:|1760728895
|switch|p2a: Mandibuzz|Mandibuzz, F|100/100
|turn|19
|
|t:|1760728899
|move|p1a: Hoopa|Knock Off|p2a: Mandibuzz
|-resisted|p2a: Mandibuzz
|-damage|p2a: Mandibuzz|48/100
|-ability|p2a: Mandibuzz|Weak Armor|boost
|-unboost|p2a: Mandibuzz|def|1
|-boost|p2a: Mandibuzz|spe|2
|-enditem|p2a: Mandibuzz|Heavy-Duty Boots|[from] move: Knock Off|[of] p1a: Hoopa
|move|p2a: Mandibuzz|U-turn|p1a: Hoopa
|-supereffective|p1a: Hoopa
|-damage|p1a: Hoopa|0 fnt
|faint|p1a: Hoopa
|
|t:|1760728910
|switch|p2a: Lapras|Lapras, F|100/100|[from] U-turn
|-damage|p2a: Lapras|76/100|[from] Stealth Rock
|
|-heal|p2a: Lapras|82/100|[from] item: Leftovers
|upkeep
|c|☆Dream54301|gg
|
|t:|1760728917
|switch|p1a: Landorus|Landorus-Therian, M|1/100
|-damage|p1a: Landorus|0 fnt|[from] Stealth Rock
|faint|p1a: Landorus
|
|win|Dream54301
|raw|AdventYasha's rating: 1104 &rarr; <strong>1082</strong><br />(-22 for losing)
|raw|Dream54301's rating: 1149 &rarr; <strong>1171</strong><br />(+22 for winning)
