|j|☆blix432
|j|☆Kulat
|t:|1760725605
|gametype|singles
|player|p1|blix432|veteran|1197
|player|p2|Kulat|265|1235
|gen|9
|tier|[Gen 9] OU
|rated|
|rule|HP Percentage Mod: HP is shown in percentages
|rule|Endless Battle Clause: Forcing endless battles is banned
|rule|Species Clause: Limit one of each Pokémon
|rule|OHKO Clause: OHKO moves are banned
|rule|Evasion Items Clause: Evasion items are banned
|rule|Evasion Moves Clause: Evasion moves are banned
|rule|Evasion Abilities Clause: Evasion abilities are banned
|rule|Sleep Moves Clause: Sleep-inducing moves are banned
|clearpoke
|poke|p1|Clefable, F|
|poke|p1|Rotom-Wash|
|poke|p1|Glimmora, F|
|poke|p1|Scizor, M|
|poke|p1|Excadrill, F|
|poke|p1|Primarina, M|
|poke|p2|Blissey, F|
|poke|p2|Toxapex, F|
|poke|p2|Gliscor, M|
|poke|p2|Dondozo, M|
|poke|p2|Weezing-Galar, F|
|poke|p2|Alomomola, M|
|teampreview
|inactive|Battle timer is ON: inactive players will automatically lose when time's up. (requested by blix432)
|
|t:|1760725620
|teamsize|p1|6
|teamsize|p2|6
|start
|switch|p1a: Rotom|Rotom-Wash|100/100
|switch|p2a: Gliscor|Gliscor, M|100/100
|turn|1
|
|t:|1760725624
|move|p2a: Gliscor|Protect|p2a: Gliscor
|-singleturn|p2a: Gliscor|Protect
|move|p1a: Rotom|Will-O-Wisp|p2a: Gliscor
|-activate|p2a: Gliscor|move: Protect
|
|-status|p2a: Gliscor|tox|[from] item: Toxic Orb
|upkeep
|turn|2
|
|t:|1760725635
|switch|p2a: Blissey|Blissey, F|100/100
|move|p1a: Rotom|Confuse Ray|p2a: Blissey
|-start|p2a: Blissey|confusion
|
|upkeep
|turn|3
|
|t:|1760725639
|move|p1a: Rotom|Volt Switch|p2a: Blissey
|-damage|p2a: Blissey|92/100
|
|t:|1760725643
|switch|p1a: Excadrill|Excadrill, F|100/100|[from] Volt Switch
|-ability|p1a: Excadrill|Mold Breaker
|-activate|p2a: Blissey|confusion
|move|p2a: Blissey|Stealth Rock|p1a: Excadrill
|-sidestart|p1: blix432|move: Stealth Rock
|
|-heal|p2a: Blissey|98/100|[from] item: Leftovers
|upkeep
|turn|4
|
|t:|1760725654
|switch|p2a: Gliscor|Gliscor, M|100/100 tox
|move|p1a: Excadrill|Stealth Rock|p2a: Gliscor
|-sidestart|p2: Kulat|move: Stealth Rock
|
|upkeep
|turn|5
|
|t:|1760725663
|switch|p1a: Rotom|Rotom-Wash|100/100
|-damage|p1a: Rotom|88/100|[from] Stealth Rock
|move|p2a: Gliscor|Spikes|p1a: Rotom
|-sidestart|p1: blix432|Spikes
|
|-heal|p1a: Rotom|94/100|[from] item: Leftovers
|upkeep
|turn|6
|
|t:|1760725672
|move|p2a: Gliscor|Protect|p2a: Gliscor
|-singleturn|p2a: Gliscor|Protect
|move|p1a: Rotom|Hex|p2a: Gliscor
|-activate|p2a: Gliscor|move: Protect
|
|-heal|p1a: Rotom|100/100|[from] item: Leftovers
|upkeep
|turn|7
|
|t:|1760725679
|switch|p2a: Blissey|Blissey, F|98/100
|-damage|p2a: Blissey|85/100|[from] Stealth Rock
|move|p1a: Rotom|Hex|p2a: Blissey
|-immune|p2a: Blissey
|
|-heal|p2a: Blissey|92/100|[from] item: Leftovers
|upkeep
|turn|8
|
|t:|1760725684
|move|p1a: Rotom|Volt Switch|p2a: Blissey
|-damage|p2a: Blissey|83/100
|
|t:|1760725687
|switch|p1a: Excadrill|Excadrill, F|100/100|[from] Volt Switch
|-damage|p1a: Excadrill|97/100|[from] Stealth Rock
|-damage|p1a: Excadrill|85/100|[from] Spikes
|-ability|p1a: Excadrill|Mold Breaker
|move|p2a: Blissey|Seismic Toss|p1a: Excadrill
|-damage|p1a: Excadrill|57/100
|
|-heal|p1a: Excadrill|63/100|[from] item: Leftovers
|-heal|p2a: Blissey|89/100|[from] item: Leftovers
|upkeep
|turn|9
|
|t:|1760725694
|switch|p2a: Gliscor|Gliscor, M|100/100 tox
|-damage|p2a: Gliscor|88/100 tox|[from] Stealth Rock
|move|p1a: Excadrill|Rapid Spin|p2a: Gliscor
|-damage|p2a: Gliscor|74/100 tox
|-boost|p1a: Excadrill|spe|1
|-sideend|p1: blix432|Spikes|[from] move: Rapid Spin|[of] p1a: Excadrill
|-sideend|p1: blix432|Stealth Rock|[from] move: Rapid Spin|[of] p1a: Excadrill
|
|-heal|p1a: Excadrill|69/100|[from] item: Leftovers
|-heal|p2a: Gliscor|86/100 tox|[from] ability: Poison Heal
|upkeep
|turn|10
|
|t:|1760725704
|switch|p1a: Scizor|Scizor, M|100/100
|move|p2a: Gliscor|Knock Off|p1a: Scizor
|-damage|p1a: Scizor|76/100
|-enditem|p1a: Scizor|Choice Band|[from] move: Knock Off|[of] p2a: Gliscor
|
|-heal|p2a: Gliscor|99/100 tox|[from] ability: Poison Heal
|upkeep
|turn|11
|
|t:|1760725713
|move|p2a: Gliscor|Protect|p2a: Gliscor
|-singleturn|p2a: Gliscor|Protect
|move|p1a: Scizor|Bullet Punch|p2a: Gliscor
|-activate|p2a: Gliscor|move: Protect
|
|-heal|p2a: Gliscor|100/100 tox|[from] ability: Poison Heal
|upkeep
|turn|12
|
|t:|1760725717
|move|p1a: Scizor|Bullet Punch|p2a: Gliscor
|-damage|p2a: Gliscor|74/100 tox
|move|p2a: Gliscor|Spikes|p1a: Scizor
|-sidestart|p1: blix432|Spikes
|
|-heal|p2a: Gliscor|87/100 tox|[from] ability: Poison Heal
|upkeep
|turn|13
|
|t:|1760725722
|move|p2a: Gliscor|Protect|p2a: Gliscor
|-singleturn|p2a: Gliscor|Protect
|move|p1a: Scizor|U-turn|p2a: Gliscor
|-activate|p2a: Gliscor|move: Protect
|
|-heal|p2a: Gliscor|99/100 tox|[from] ability: Poison Heal
|upkeep
|turn|14
|
|t:|1760725724
|move|p1a: Scizor|U-turn|p2a: Gliscor
|-resisted|p2a: Gliscor
|-damage|p2a: Gliscor|84/100 tox
|
|t:|1760725727
|switch|p1a: Primarina|Primarina, M|100/100|[from] U-turn
|-damage|p1a: Primarina|88/100|[from] Spikes
|move|p2a: Gliscor|Spikes|p1a: Primarina
|-sidestart|p1: blix432|Spikes
|
|-heal|p1a: Primarina|94/100|[from] item: Leftovers
|-heal|p2a: Gliscor|96/100 tox|[from] ability: Poison Heal
|upkeep
|turn|15
|
|t:|1760725743
|switch|p2a: Blissey|Blissey, F|89/100
|-damage|p2a: Blissey|77/100|[from] Stealth Rock
|move|p1a: Primarina|Perish Song|p1a: Primarina
|-start|p1a: Primarina|perish3|[silent]
|-start|p2a: Blissey|perish3|[silent]
|-fieldactivate|move: Perish Song
|
|-heal|p1a: Primarina|99/100|[from] item: Leftovers
|-heal|p2a: Blissey|83/100|[from] item: Leftovers
|-start|p1a: Primarina|perish3
|-start|p2a: Blissey|perish3
|upkeep
|turn|16
|
|t:|1760725750
|move|p1a: Primarina|Flip Turn|p2a: Blissey
|-crit|p2a: Blissey
|-damage|p2a: Blissey|67/100
|
|t:|1760725754
|switch|p1a: Excadrill|Excadrill, F|69/100|[from] Flip Turn
|-damage|p1a: Excadrill|53/100|[from] Spikes
|-ability|p1a: Excadrill|Mold Breaker
|move|p2a: Blissey|Stealth Rock|p1a: Excadrill
|-sidestart|p1: blix432|move: Stealth Rock
|
|-heal|p1a: Excadrill|59/100|[from] item: Leftovers
|-heal|p2a: Blissey|73/100|[from] item: Leftovers
|-start|p2a: Blissey|perish2
|upkeep
|turn|17
|
|t:|1760725761
|switch|p2a: Gliscor|Gliscor, M|96/100 tox
|-damage|p2a: Gliscor|84/100 tox|[from] Stealth Rock
|move|p1a: Excadrill|Rapid Spin|p2a: Gliscor
|-damage|p2a: Gliscor|70/100 tox
|-boost|p1a: Excadrill|spe|1
|-sideend|p1: blix432|Spikes|[from] move: Rapid Spin|[of] p1a: Excadrill
|-sideend|p1: blix432|Stealth Rock|[from] move: Rapid Spin|[of] p1a: Excadrill
|
|-heal|p1a: Excadrill|65/100|[from] item: Leftovers
|-heal|p2a: Gliscor|82/100 tox|[from] ability: Poison Heal
|upkeep
|turn|18
|
|t:|1760725771
|move|p1a: Excadrill|Rock Slide|p2a: Gliscor
|-crit|p2a: Gliscor
|-damage|p2a: Gliscor|53/100 tox
|move|p2a: Gliscor|Knock Off|p1a: Excadrill
|-damage|p1a: Excadrill|35/100
|-enditem|p1a: Excadrill|Leftovers|[from] move: Knock Off|[of] p2a: Gliscor
|
|-heal|p2a: Gliscor|65/100 tox|[from] ability: Poison Heal
|upkeep
|turn|19
|
|t:|1760725783
|switch|p1a: Primarina|Primarina, M|99/100
|move|p2a: Gliscor|Protect||[still]
|-fail|p2a: Gliscor
|
|-heal|p1a: Primarina|100/100|[from] item: Leftovers
|-heal|p2a: Gliscor|78/100 tox|[from] ability: Poison Heal
|upkeep
|turn|20
|
|t:|1760725801
|switch|p2a: Toxapex|Toxapex, F|100/100
|move|p1a: Primarina|Flip Turn|p2a: Toxapex
|-resisted|p2a: Toxapex
|-damage|p2a: Toxapex|96/100
|
|t:|1760725809
|switch|p1a: Glimmora|Glimmora, F, shiny|100/100|[from] Flip Turn
|
|upkeep
|turn|21
|
|t:|1760725829
|move|p1a: Glimmora|Earth Power|p2a: Toxapex
|-supereffective|p2a: Toxapex
|-damage|p2a: Toxapex|56/100
|move|p2a: Toxapex|Toxic Spikes|p1a: Glimmora
|-sidestart|p1: blix432|move: Toxic Spikes
|
|upkeep
|turn|22
|
|t:|1760725836
|move|p1a: Glimmora|Power Gem|p2a: Toxapex
|-damage|p2a: Toxapex|31/100
|move|p2a: Toxapex|Recover|p2a: Toxapex
|-heal|p2a: Toxapex|81/100
|
|upkeep
|turn|23
|
|t:|1760725842
|move|p1a: Glimmora|Confuse Ray|p2a: Toxapex
|-start|p2a: Toxapex|confusion
|-activate|p2a: Toxapex|confusion
|-damage|p2a: Toxapex|77/100|[from] confusion
|
|upkeep
|turn|24
|
|t:|1760725848
|move|p1a: Glimmora|Earth Power|p2a: Toxapex
|-supereffective|p2a: Toxapex
|-damage|p2a: Toxapex|35/100
|-end|p2a: Toxapex|confusion
|move|p2a: Toxapex|Toxic Spikes|p1a: Glimmora
|-sidestart|p1: blix432|move: Toxic Spikes
|
|upkeep
|turn|25
|
|t:|1760725858
|switch|p2a: Gliscor|Gliscor, M|78/100 tox
|-damage|p2a: Gliscor|65/100 tox|[from] Stealth Rock
|move|p1a: Glimmora|Mortal Spin|p2a: Gliscor
|-resisted|p2a: Gliscor
|-damage|p2a: Gliscor|63/100 tox
|-sideend|p1: blix432|Toxic Spikes|[from] move: Mortal Spin|[of] p1a: Glimmora
|
|-heal|p2a: Gliscor|75/100 tox|[from] ability: Poison Heal
|upkeep
|turn|26
|
|t:|1760725872
|switch|p1a: Scizor|Scizor, M|76/100
|move|p2a: Gliscor|Knock Off|p1a: Scizor
|-damage|p1a: Scizor|58/100
|
|-heal|p2a: Gliscor|88/100 tox|[from] ability: Poison Heal
|upkeep
|turn|27
|
|t:|1760725881
|move|p1a: Scizor|Dual Wingbeat|p2a: Gliscor|[miss]
|-miss|p1a: Scizor|p2a: Gliscor
|move|p2a: Gliscor|Spikes|p1a: Scizor
|-sidestart|p1: blix432|Spikes
|
|-heal|p2a: Gliscor|99/100 tox|[from] ability: Poison Heal
|upkeep
|turn|28
|
|t:|1760725886
|move|p1a: Scizor|Dual Wingbeat|p2a: Gliscor
|-damage|p2a: Gliscor|82/100 tox
|-damage|p2a: Gliscor|64/100 tox
|-hitcount|p2a: Gliscor|2
|move|p2a: Gliscor|Spikes|p1a: Scizor
|-sidestart|p1: blix432|Spikes
|
|-heal|p2a: Gliscor|77/100 tox|[from] ability: Poison Heal
|upkeep
|turn|29
|
|t:|1760725893
|move|p1a: Scizor|Dual Wingbeat|p2a: Gliscor
|-damage|p2a: Gliscor|59/100 tox
|-damage|p2a: Gliscor|42/100 tox
|-hitcount|p2a: Gliscor|2
|move|p2a: Gliscor|Spikes|p1a: Scizor
|-sidestart|p1: blix432|Spikes
|
|-heal|p2a: Gliscor|55/100 tox|[from] ability: Poison Heal
|upkeep
|turn|30
|
|t:|1760725898
|move|p2a: Gliscor|Protect|p2a: Gliscor
|-singleturn|p2a: Gliscor|Protect
|move|p1a: Scizor|Bullet Punch|p2a: Gliscor
|-activate|p2a: Gliscor|move: Protect
|
|-heal|p2a: Gliscor|67/100 tox|[from] ability: Poison Heal
|upkeep
|turn|31
|
|t:|1760725908
|switch|p2a: Weezing|Weezing-Galar, F|100/100
|-ability|p2a: Weezing|Neutralizing Gas
|move|p1a: Scizor|Bullet Punch|p2a: Weezing
|-supereffective|p2a: Weezing
|-damage|p2a: Weezing|72/100
|
|upkeep
|turn|32
|
|t:|1760725916
|switch|p1a: Rotom|Rotom-Wash|100/100
|-damage|p1a: Rotom|75/100|[from] Spikes
|move|p2a: Weezing|Will-O-Wisp|p1a: Rotom
|-status|p1a: Rotom|brn
|
|-heal|p1a: Rotom|82/100 brn|[from] item: Leftovers
|-damage|p1a: Rotom|75/100 brn|[from] brn
|upkeep
|turn|33
|
|t:|1760725924
|move|p1a: Rotom|Confuse Ray|p2a: Weezing
|-start|p2a: Weezing|confusion
|-activate|p2a: Weezing|confusion
|move|p2a: Weezing|Strange Steam|p1a: Rotom
|-damage|p1a: Rotom|55/100 brn
|
|-heal|p1a: Rotom|61/100 brn|[from] item: Leftovers
|-damage|p1a: Rotom|55/100 brn|[from] brn
|upkeep
|turn|34
|
|t:|1760725930
|move|p1a: Rotom|Hex|p2a: Weezing
|-damage|p2a: Weezing|52/100
|-activate|p2a: Weezing|confusion
|move|p2a: Weezing|Strange Steam|p1a: Rotom
|-crit|p1a: Rotom
|-damage|p1a: Rotom|23/100 brn
|
|-heal|p1a: Rotom|29/100 brn|[from] item: Leftovers
|-damage|p1a: Rotom|23/100 brn|[from] brn
|upkeep
|turn|35
|
|t:|1760725944
|move|p1a: Rotom|Volt Switch|p2a: Weezing
|-damage|p2a: Weezing|19/100
|
|t:|1760725947
|switch|p1a: Excadrill|Excadrill, F|35/100|[from] Volt Switch
|-damage|p1a: Excadrill|10/100|[from] Spikes
|-activate|p2a: Weezing|confusion
|-damage|p2a: Weezing|15/100|[from] confusion
|
|upkeep
|turn|36
|
|t:|1760725950
|-end|p2a: Weezing|ability: Neutralizing Gas
|-ability|p1a: Excadrill|Mold Breaker
|switch|p2a: Alomomola|Alomomola, M|100/100
|move|p1a: Excadrill|Rapid Spin|p2a: Alomomola
|-damage|p2a: Alomomola|91/100
|-boost|p1a: Excadrill|spe|1
|-sideend|p1: blix432|Spikes|[from] move: Rapid Spin|[of] p1a: Excadrill
|
|upkeep
|turn|37
|
|t:|1760725958
|move|p1a: Excadrill|Earthquake|p2a: Alomomola
|-damage|p2a: Alomomola|61/100
|move|p2a: Alomomola|Wish|p2a: Alomomola
|
|upkeep
|turn|38
|
|t:|1760725963
|switch|p1a: Primarina|Primarina, M|100/100
|move|p2a: Alomomola|Flip Turn|p1a: Primarina
|-resisted|p1a: Primarina
|-crit|p1a: Primarina
|-damage|p1a: Primarina|88/100
|
|t:|1760725968
|switch|p2a: Weezing|Weezing-Galar, F|15/100|[from] Flip Turn
|-ability|p2a: Weezing|Neutralizing Gas
|
|-heal|p2a: Weezing|95/100|[from] move: Wish|[wisher] Alomomola
|-heal|p1a: Primarina|94/100|[from] item: Leftovers
|upkeep
|turn|39
|
|t:|1760725979
|move|p1a: Primarina|Draining Kiss|p2a: Weezing
|-resisted|p2a: Weezing
|-damage|p2a: Weezing|82/100
|-heal|p1a: Primarina|100/100|[from] drain|[of] p2a: Weezing
|move|p2a: Weezing|Will-O-Wisp|p1a: Primarina
|-status|p1a: Primarina|brn
|
|-damage|p1a: Primarina|94/100 brn|[from] brn
|upkeep
|turn|40
|
|t:|1760725986
|move|p2a: Weezing|Strange Steam|p1a: Primarina
|-damage|p1a: Primarina|74/100 brn
|move|p1a: Primarina|Chilling Water|p2a: Weezing
|-damage|p2a: Weezing|52/100
|-unboost|p2a: Weezing|atk|1
|
|-heal|p1a: Primarina|80/100 brn|[from] item: Leftovers
|-damage|p1a: Primarina|74/100 brn|[from] brn
|upkeep
|turn|41
|
|t:|1760725994
|-end|p2a: Weezing|ability: Neutralizing Gas
|switch|p2a: Blissey|Blissey, F|73/100
|-damage|p2a: Blissey|60/100|[from] Stealth Rock
|move|p1a: Primarina|Flip Turn|p2a: Blissey
|-damage|p2a: Blissey|54/100
|
|t:|1760726001
|switch|p1a: Scizor|Scizor, M|58/100|[from] Flip Turn
|
|-heal|p2a: Blissey|61/100|[from] item: Leftovers
|upkeep
|turn|42
|
|t:|1760726018
|switch|p2a: Alomomola|Alomomola, M|94/100
|move|p1a: Scizor|Close Combat|p2a: Alomomola
|-damage|p2a: Alomomola|70/100
|-unboost|p1a: Scizor|def|1
|-unboost|p1a: Scizor|spd|1
|
|upkeep
|turn|43
|
|t:|1760726024
|move|p1a: Scizor|U-turn|p2a: Alomomola
|-damage|p2a: Alomomola|48/100
|
|t:|1760726029
|switch|p1a: Primarina|Primarina, M|74/100 brn|[from] U-turn
|move|p2a: Alomomola|Flip Turn|p1a: Primarina
|-resisted|p1a: Primarina
|-damage|p1a: Primarina|66/100 brn
|
|t:|1760726038
|switch|p2a: Weezing|Weezing-Galar, F|52/100|[from] Flip Turn
|-ability|p2a: Weezing|Neutralizing Gas
|
|-heal|p1a: Primarina|72/100 brn|[from] item: Leftovers
|-damage|p1a: Primarina|66/100 brn|[from] brn
|upkeep
|turn|44
|
|t:|1760726043
|move|p2a: Weezing|Defog|p1a: Primarina
|-unboost|p1a: Primarina|evasion|1
|-sideend|p2: Kulat|Stealth Rock|[from] move: Defog|[of] p2a: Weezing
|move|p1a: Primarina|Draining Kiss|p2a: Weezing
|-resisted|p2a: Weezing
|-damage|p2a: Weezing|37/100
|-heal|p1a: Primarina|76/100 brn|[from] drain|[of] p2a: Weezing
|
|-heal|p1a: Primarina|82/100 brn|[from] item: Leftovers
|-damage|p1a: Primarina|76/100 brn|[from] brn
|upkeep
|turn|45
|
|t:|1760726055
|move|p2a: Weezing|Pain Split|p1a: Primarina
|-sethp|p1a: Primarina|55/100 brn|[from] move: Pain Split|[silent]
|-sethp|p2a: Weezing|60/100|[from] move: Pain Split
|move|p1a: Primarina|Chilling Water|p2a: Weezing
|-damage|p2a: Weezing|31/100
|-unboost|p2a: Weezing|atk|1
|
|-heal|p1a: Primarina|61/100 brn|[from] item: Leftovers
|-damage|p1a: Primarina|55/100 brn|[from] brn
|upkeep
|turn|46
|
|t:|1760726073
|move|p1a: Primarina|Draining Kiss|p2a: Weezing
|-resisted|p2a: Weezing
|-damage|p2a: Weezing|17/100
|-heal|p1a: Primarina|65/100 brn|[from] drain|[of] p2a: Weezing
|move|p2a: Weezing|Strange Steam|p1a: Primarina
|-damage|p1a: Primarina|46/100 brn
|
|-heal|p1a: Primarina|52/100 brn|[from] item: Leftovers
|-damage|p1a: Primarina|46/100 brn|[from] brn
|upkeep
|turn|47
|
|t:|1760726082
|switch|p1a: Scizor|Scizor, M|58/100
|move|p2a: Weezing|Pain Split|p1a: Scizor
|-sethp|p1a: Scizor|39/100|[from] move: Pain Split|[silent]
|-sethp|p2a: Weezing|33/100|[from] move: Pain Split
|
|upkeep
|turn|48
|
|t:|1760726089
|-end|p2a: Weezing|ability: Neutralizing Gas
|switch|p2a: Gliscor|Gliscor, M|67/100 tox
|move|p1a: Scizor|Bullet Punch|p2a: Gliscor
|-damage|p2a: Gliscor|40/100 tox
|
|-heal|p2a: Gliscor|52/100 tox|[from] ability: Poison Heal
|upkeep
|turn|49
|
|t:|1760726096
|move|p1a: Scizor|Dual Wingbeat|p2a: Gliscor
|-crit|p2a: Gliscor
|-damage|p2a: Gliscor|23/100 tox
|-damage|p2a: Gliscor|5/100 tox
|-hitcount|p2a: Gliscor|2
|move|p2a: Gliscor|Facade|p1a: Scizor
|-resisted|p1a: Scizor
|-damage|p1a: Scizor|20/100
|
|-heal|p2a: Gliscor|18/100 tox|[from] ability: Poison Heal
|upkeep
|turn|50
|
|t:|1760726104
|move|p2a: Gliscor|Protect|p2a: Gliscor
|-singleturn|p2a: Gliscor|Protect
|move|p1a: Scizor|Bullet Punch|p2a: Gliscor
|-activate|p2a: Gliscor|move: Protect
|
|-heal|p2a: Gliscor|30/100 tox|[from] ability: Poison Heal
|upkeep
|turn|51
|
|t:|1760726114
|switch|p2a: Alomomola|Alomomola, M|82/100
|move|p1a: Scizor|Bullet Punch|p2a: Alomomola
|-resisted|p2a: Alomomola
|-damage|p2a: Alomomola|73/100
|
|upkeep
|turn|52
|
|t:|1760726120
|move|p1a: Scizor|U-turn|p2a: Alomomola
|-damage|p2a: Alomomola|51/100
|
|t:|1760726123
|switch|p1a: Rotom|Rotom-Wash|23/100 brn|[from] U-turn
|move|p2a: Alomomola|Wish|p2a: Alomomola
|
|-heal|p1a: Rotom|29/100 brn|[from] item: Leftovers
|-damage|p1a: Rotom|23/100 brn|[from] brn
|upkeep
|turn|53
|-message|blix432 forfeited.
|
|win|Kulat
|raw|blix432's rating: 1197 &rarr; <strong>1175</strong><br />(-22 for losing)
|raw|Kulat's rating: 1235 &rarr; <strong>1257</strong><br />(+22 for winning)
|l|☆blix432
|player|p1|
|l|☆Kulat
|player|p2|
|j|☆Kulat
|player|p2|Kulat|265|
