|j|☆Alto Paolto
|j|☆bigredsword
|t:|1760733790
|gametype|singles
|player|p1|Alto Paolto|li|1492
|player|p2|bigredsword|170|1533
|gen|9
|tier|[Gen 9] OU
|rated|
|rule|HP Percentage Mod: HP is shown in percentages
|rule|Endless Battle Clause: Forcing endless battles is banned
|rule|Species Clause: Limit one of each Pokémon
|rule|OHKO Clause: OHKO moves are banned
|rule|Evasion Items Clause: Evasion items are banned
|rule|Evasion Moves Clause: Evasion moves are banned
|rule|Evasion Abilities Clause: Evasion abilities are banned
|rule|Sleep Moves Clause: Sleep-inducing moves are banned
|clearpoke
|poke|p1|Iron Treads|
|poke|p1|Rotom-Wash|
|poke|p1|Iron Leaves|
|poke|p1|Iron Valiant|
|poke|p1|Pecharunt|
|poke|p1|Garganacl, M|
|poke|p2|Dondozo, M|
|poke|p2|Blissey, F|
|poke|p2|Corviknight, F|
|poke|p2|Weezing-Galar, F|
|poke|p2|Gliscor, M|
|poke|p2|Toxapex, M|
|teampreview
|inactive|Battle timer is ON: inactive players will automatically lose when time's up. (requested by Alto Paolto)
|inactive|Alto Paolto has 120 seconds left.
|
|t:|1760733827
|teamsize|p1|6
|teamsize|p2|6
|start
|switch|p1a: Iron Treads|Iron Treads|100/100
|switch|p2a: Gliscor|Gliscor, M|100/100
|turn|1
|
|t:|1760733835
|move|p2a: Gliscor|Protect|p2a: Gliscor
|-singleturn|p2a: Gliscor|Protect
|move|p1a: Iron Treads|Electric Terrain|p1a: Iron Treads
|-fieldstart|move: Electric Terrain
|-activate|p1a: Iron Treads|ability: Quark Drive
|-start|p1a: Iron Treads|quarkdrivespe
|
|-status|p2a: Gliscor|tox|[from] item: Toxic Orb
|upkeep
|turn|2
|
|t:|1760733842
|move|p1a: Iron Treads|Stealth Rock|p2a: Gliscor
|-sidestart|p2: bigredsword|move: Stealth Rock
|move|p2a: Gliscor|Knock Off|p1a: Iron Treads
|-damage|p1a: Iron Treads|86/100
|-enditem|p1a: Iron Treads|Terrain Extender|[from] move: Knock Off|[of] p2a: Gliscor
|
|upkeep
|turn|3
|
|t:|1760733858
|-end|p1a: Iron Treads|Quark Drive|[silent]
|switch|p1a: Garganacl|Garganacl, M|100/100
|move|p2a: Gliscor|Earthquake|p1a: Garganacl
|-supereffective|p1a: Garganacl
|-damage|p1a: Garganacl|65/100
|
|-heal|p1a: Garganacl|71/100|[from] item: Leftovers
|upkeep
|turn|4
|
|t:|1760733862
|move|p2a: Gliscor|Knock Off|p1a: Garganacl
|-damage|p1a: Garganacl|60/100
|-enditem|p1a: Garganacl|Leftovers|[from] move: Knock Off|[of] p2a: Gliscor
|move|p1a: Garganacl|Salt Cure|p2a: Gliscor
|-damage|p2a: Gliscor|89/100 tox
|-start|p2a: Gliscor|Salt Cure
|
|-heal|p2a: Gliscor|100/100 tox|[from] ability: Poison Heal
|-damage|p2a: Gliscor|88/100 tox|[from] Salt Cure
|upkeep
|turn|5
|
|t:|1760733867
|move|p2a: Gliscor|Earthquake|p1a: Garganacl
|-supereffective|p1a: Garganacl
|-damage|p1a: Garganacl|29/100
|move|p1a: Garganacl|Recover|p1a: Garganacl
|-heal|p1a: Garganacl|79/100
|
|-heal|p2a: Gliscor|100/100 tox|[from] ability: Poison Heal
|-damage|p2a: Gliscor|88/100 tox|[from] Salt Cure
|upkeep
|turn|6
|
|t:|1760733871
|move|p2a: Gliscor|Earthquake|p1a: Garganacl
|-supereffective|p1a: Garganacl
|-damage|p1a: Garganacl|43/100
|move|p1a: Garganacl|Salt Cure|p2a: Gliscor
|-damage|p2a: Gliscor|76/100 tox
|
|-heal|p2a: Gliscor|89/100 tox|[from] ability: Poison Heal
|-damage|p2a: Gliscor|76/100 tox|[from] Salt Cure
|upkeep
|turn|7
|
|t:|1760733875
|move|p2a: Gliscor|Knock Off|p1a: Garganacl
|-damage|p1a: Garganacl|35/100
|move|p1a: Garganacl|Recover|p1a: Garganacl
|-heal|p1a: Garganacl|85/100
|
|-heal|p2a: Gliscor|89/100 tox|[from] ability: Poison Heal
|-damage|p2a: Gliscor|76/100 tox|[from] Salt Cure
|upkeep
|turn|8
|
|t:|1760733879
|move|p2a: Gliscor|Earthquake|p1a: Garganacl
|-supereffective|p1a: Garganacl
|-damage|p1a: Garganacl|52/100
|move|p1a: Garganacl|Salt Cure|p2a: Gliscor
|-damage|p2a: Gliscor|64/100 tox
|
|-heal|p2a: Gliscor|77/100 tox|[from] ability: Poison Heal
|-damage|p2a: Gliscor|64/100 tox|[from] Salt Cure
|-fieldend|move: Electric Terrain
|upkeep
|turn|9
|
|t:|1760733885
|move|p2a: Gliscor|Knock Off|p1a: Garganacl
|-damage|p1a: Garganacl|45/100
|move|p1a: Garganacl|Recover|p1a: Garganacl
|-heal|p1a: Garganacl|95/100
|
|-heal|p2a: Gliscor|77/100 tox|[from] ability: Poison Heal
|-damage|p2a: Gliscor|64/100 tox|[from] Salt Cure
|upkeep
|turn|10
|
|t:|1760733887
|move|p2a: Gliscor|Earthquake|p1a: Garganacl
|-supereffective|p1a: Garganacl
|-damage|p1a: Garganacl|58/100
|move|p1a: Garganacl|Salt Cure|p2a: Gliscor
|-damage|p2a: Gliscor|54/100 tox
|
|-heal|p2a: Gliscor|66/100 tox|[from] ability: Poison Heal
|-damage|p2a: Gliscor|54/100 tox|[from] Salt Cure
|upkeep
|turn|11
|
|t:|1760733891
|move|p1a: Garganacl|Protect|p1a: Garganacl
|-singleturn|p1a: Garganacl|Protect
|move|p2a: Gliscor|Earthquake|p1a: Garganacl
|-activate|p1a: Garganacl|move: Protect
|
|-heal|p2a: Gliscor|66/100 tox|[from] ability: Poison Heal
|-damage|p2a: Gliscor|54/100 tox|[from] Salt Cure
|upkeep
|turn|12
|
|t:|1760733896
|move|p2a: Gliscor|Protect|p2a: Gliscor
|-singleturn|p2a: Gliscor|Protect
|move|p1a: Garganacl|Salt Cure|p2a: Gliscor
|-activate|p2a: Gliscor|move: Protect
|
|-heal|p2a: Gliscor|66/100 tox|[from] ability: Poison Heal
|-damage|p2a: Gliscor|54/100 tox|[from] Salt Cure
|upkeep
|turn|13
|
|t:|1760733900
|move|p2a: Gliscor|Earthquake|p1a: Garganacl
|-supereffective|p1a: Garganacl
|-damage|p1a: Garganacl|25/100
|move|p1a: Garganacl|Recover|p1a: Garganacl
|-heal|p1a: Garganacl|75/100
|
|-heal|p2a: Gliscor|66/100 tox|[from] ability: Poison Heal
|-damage|p2a: Gliscor|54/100 tox|[from] Salt Cure
|upkeep
|turn|14
|
|t:|1760733906
|move|p2a: Gliscor|Earthquake|p1a: Garganacl
|-supereffective|p1a: Garganacl
|-damage|p1a: Garganacl|42/100
|move|p1a: Garganacl|Salt Cure|p2a: Gliscor
|-damage|p2a: Gliscor|43/100 tox
|
|-heal|p2a: Gliscor|55/100 tox|[from] ability: Poison Heal
|-damage|p2a: Gliscor|43/100 tox|[from] Salt Cure
|upkeep
|turn|15
|
|t:|1760733909
|move|p2a: Gliscor|Earthquake|p1a: Garganacl
|-supereffective|p1a: Garganacl
|-damage|p1a: Garganacl|8/100
|move|p1a: Garganacl|Recover|p1a: Garganacl
|-heal|p1a: Garganacl|58/100
|
|-heal|p2a: Gliscor|55/100 tox|[from] ability: Poison Heal
|-damage|p2a: Gliscor|43/100 tox|[from] Salt Cure
|upkeep
|turn|16
|
|t:|1760733913
|move|p1a: Garganacl|Protect|p1a: Garganacl
|-singleturn|p1a: Garganacl|Protect
|move|p2a: Gliscor|Earthquake|p1a: Garganacl
|-activate|p1a: Garganacl|move: Protect
|
|-heal|p2a: Gliscor|55/100 tox|[from] ability: Poison Heal
|-damage|p2a: Gliscor|43/100 tox|[from] Salt Cure
|upkeep
|turn|17
|
|t:|1760733915
|move|p2a: Gliscor|Earthquake|p1a: Garganacl
|-supereffective|p1a: Garganacl
|-damage|p1a: Garganacl|22/100
|move|p1a: Garganacl|Recover|p1a: Garganacl
|-heal|p1a: Garganacl|72/100
|
|-heal|p2a: Gliscor|55/100 tox|[from] ability: Poison Heal
|-damage|p2a: Gliscor|43/100 tox|[from] Salt Cure
|upkeep
|turn|18
|
|t:|1760733920
|move|p2a: Gliscor|Protect|p2a: Gliscor
|-singleturn|p2a: Gliscor|Protect
|move|p1a: Garganacl|Salt Cure|p2a: Gliscor
|-activate|p2a: Gliscor|move: Protect
|
|-heal|p2a: Gliscor|55/100 tox|[from] ability: Poison Heal
|-damage|p2a: Gliscor|43/100 tox|[from] Salt Cure
|upkeep
|turn|19
|
|t:|1760733929
|move|p1a: Garganacl|Protect|p1a: Garganacl
|-singleturn|p1a: Garganacl|Protect
|move|p2a: Gliscor|Spikes|p1a: Garganacl
|-sidestart|p1: Alto Paolto|Spikes
|
|-heal|p2a: Gliscor|55/100 tox|[from] ability: Poison Heal
|-damage|p2a: Gliscor|43/100 tox|[from] Salt Cure
|upkeep
|turn|20
|
|t:|1760733932
|move|p2a: Gliscor|Earthquake|p1a: Garganacl
|-supereffective|p1a: Garganacl
|-damage|p1a: Garganacl|40/100
|move|p1a: Garganacl|Salt Cure|p2a: Gliscor
|-crit|p2a: Gliscor
|-damage|p2a: Gliscor|25/100 tox
|
|-heal|p2a: Gliscor|38/100 tox|[from] ability: Poison Heal
|-damage|p2a: Gliscor|25/100 tox|[from] Salt Cure
|upkeep
|turn|21
|
|t:|1760733934
|move|p2a: Gliscor|Earthquake|p1a: Garganacl
|-supereffective|p1a: Garganacl
|-damage|p1a: Garganacl|3/100
|move|p1a: Garganacl|Recover|p1a: Garganacl
|-heal|p1a: Garganacl|54/100
|
|-heal|p2a: Gliscor|38/100 tox|[from] ability: Poison Heal
|-damage|p2a: Gliscor|25/100 tox|[from] Salt Cure
|upkeep
|turn|22
|
|t:|1760733937
|move|p2a: Gliscor|Earthquake|p1a: Garganacl
|-supereffective|p1a: Garganacl
|-damage|p1a: Garganacl|22/100
|move|p1a: Garganacl|Salt Cure|p2a: Gliscor
|-damage|p2a: Gliscor|14/100 tox
|
|-heal|p2a: Gliscor|27/100 tox|[from] ability: Poison Heal
|-damage|p2a: Gliscor|14/100 tox|[from] Salt Cure
|upkeep
|turn|23
|
|t:|1760733940
|move|p2a: Gliscor|Earthquake|p1a: Garganacl
|-supereffective|p1a: Garganacl
|-damage|p1a: Garganacl|0 fnt
|faint|p1a: Garganacl
|
|-heal|p2a: Gliscor|27/100 tox|[from] ability: Poison Heal
|-damage|p2a: Gliscor|14/100 tox|[from] Salt Cure
|upkeep
|
|t:|1760733952
|switch|p1a: Iron Treads|Iron Treads|86/100
|-damage|p1a: Iron Treads|73/100|[from] Spikes
|turn|24
|
|t:|1760733957
|switch|p2a: Corviknight|Corviknight, F|100/100
|-damage|p2a: Corviknight|88/100|[from] Stealth Rock
|-ability|p2a: Corviknight|Pressure
|move|p1a: Iron Treads|Electric Terrain|p1a: Iron Treads
|-fieldstart|move: Electric Terrain
|-activate|p1a: Iron Treads|ability: Quark Drive
|-start|p1a: Iron Treads|quarkdrivespe
|
|-heal|p2a: Corviknight|94/100|[from] item: Leftovers
|upkeep
|turn|25
|
|t:|1760733962
|move|p1a: Iron Treads|Volt Switch|p2a: Corviknight
|-supereffective|p2a: Corviknight
|-damage|p2a: Corviknight|63/100
|
|t:|1760733965
|-end|p1a: Iron Treads|Quark Drive|[silent]
|switch|p1a: Iron Leaves|Iron Leaves|100/100|[from] Volt Switch
|-damage|p1a: Iron Leaves|88/100|[from] Spikes
|-activate|p1a: Iron Leaves|ability: Quark Drive
|-start|p1a: Iron Leaves|quarkdrivespe
|move|p2a: Corviknight|Defog|p1a: Iron Leaves
|-unboost|p1a: Iron Leaves|evasion|1
|-sideend|p1: Alto Paolto|Spikes|[from] move: Defog|[of] p2a: Corviknight
|-sideend|p2: bigredsword|Stealth Rock|[from] move: Defog|[of] p2a: Corviknight
|-fieldend|move: Electric Terrain
|-end|p1a: Iron Leaves|Quark Drive
|
|-heal|p2a: Corviknight|69/100|[from] item: Leftovers
|upkeep
|turn|26
|
|t:|1760733976
|-terastallize|p1a: Iron Leaves|Electric
|move|p1a: Iron Leaves|Swords Dance|p1a: Iron Leaves
|-boost|p1a: Iron Leaves|atk|2
|move|p2a: Corviknight|Iron Defense|p2a: Corviknight
|-boost|p2a: Corviknight|def|2
|
|-heal|p2a: Corviknight|75/100|[from] item: Leftovers
|upkeep
|turn|27
|
|t:|1760733987
|move|p1a: Iron Leaves|Wild Charge|p2a: Corviknight
|-supereffective|p2a: Corviknight
|-damage|p2a: Corviknight|12/100
|-damage|p1a: Iron Leaves|69/100|[from] Recoil
|move|p2a: Corviknight|Body Press|p1a: Iron Leaves
|-damage|p1a: Iron Leaves|10/100
|
|-heal|p2a: Corviknight|18/100|[from] item: Leftovers
|upkeep
|turn|28
|
|t:|1760733997
|switch|p2a: Weezing|Weezing-Galar, F|100/100
|-ability|p2a: Weezing|Neutralizing Gas
|move|p1a: Iron Leaves|Wild Charge|p2a: Weezing
|-damage|p2a: Weezing|43/100
|-damage|p1a: Iron Leaves|0 fnt|[from] Recoil
|faint|p1a: Iron Leaves
|-end|p1a: Iron Leaves|Quark Drive|[silent]
|
|upkeep
|
|t:|1760734018
|switch|p1a: Iron Treads|Iron Treads|73/100
|turn|29
|
|t:|1760734022
|move|p1a: Iron Treads|Electric Terrain|p1a: Iron Treads
|-fieldstart|move: Electric Terrain
|move|p2a: Weezing|Will-O-Wisp|p1a: Iron Treads
|-status|p1a: Iron Treads|brn
|
|-damage|p1a: Iron Treads|67/100 brn|[from] brn
|upkeep
|turn|30
|
|t:|1760734027
|move|p1a: Iron Treads|Steel Beam|p2a: Weezing
|-supereffective|p2a: Weezing
|-damage|p2a: Weezing|0 fnt
|-damage|p1a: Iron Treads|17/100 brn|[from] steelbeam
|faint|p2a: Weezing
|-end|p2a: Weezing|ability: Neutralizing Gas
|-activate|p1a: Iron Treads|ability: Quark Drive
|-start|p1a: Iron Treads|quarkdrivespe
|
|-damage|p1a: Iron Treads|11/100 brn|[from] brn
|upkeep
|
|t:|1760734035
|switch|p2a: Gliscor|Gliscor, M|14/100 tox
|turn|31
|
|t:|1760734052
|move|p2a: Gliscor|Protect|p2a: Gliscor
|-singleturn|p2a: Gliscor|Protect
|move|p1a: Iron Treads|Steel Beam|p2a: Gliscor
|-activate|p2a: Gliscor|move: Protect
|-damage|p1a: Iron Treads|0 fnt|[from] steelbeam
|faint|p1a: Iron Treads
|-end|p1a: Iron Treads|Quark Drive|[silent]
|
|-heal|p2a: Gliscor|27/100 tox|[from] ability: Poison Heal
|upkeep
|
|t:|1760734062
|switch|p1a: Iron Valiant|Iron Valiant|100/100
|-activate|p1a: Iron Valiant|ability: Quark Drive
|-start|p1a: Iron Valiant|quarkdrivespe
|turn|32
|
|t:|1760734068
|switch|p2a: Toxapex|Toxapex, M|100/100
|move|p1a: Iron Valiant|Moonblast|p2a: Toxapex
|-resisted|p2a: Toxapex
|-crit|p2a: Toxapex
|-damage|p2a: Toxapex|77/100
|
|-heal|p2a: Toxapex|83/100|[from] item: Leftovers
|upkeep
|turn|33
|
|t:|1760734072
|-end|p1a: Iron Valiant|Quark Drive|[silent]
|switch|p1a: Pecharunt|Pecharunt|100/100
|move|p2a: Toxapex|Toxic|p1a: Pecharunt
|-immune|p1a: Pecharunt
|
|-heal|p2a: Toxapex|89/100|[from] item: Leftovers
|-fieldend|move: Electric Terrain
|upkeep
|turn|34
|
|t:|1760734080
|move|p1a: Pecharunt|Parting Shot|p2a: Toxapex
|-unboost|p2a: Toxapex|atk|1
|-unboost|p2a: Toxapex|spa|1
|
|t:|1760734082
|switch|p1a: Rotom|Rotom-Wash|100/100|[from] Parting Shot
|move|p2a: Toxapex|Toxic Spikes|p1a: Rotom
|-sidestart|p1: Alto Paolto|move: Toxic Spikes
|
|-heal|p2a: Toxapex|96/100|[from] item: Leftovers
|upkeep
|turn|35
|
|t:|1760734086
|switch|p1a: Pecharunt|Pecharunt|100/100
|-sideend|p1: Alto Paolto|move: Toxic Spikes|[of] p1a: Pecharunt
|move|p2a: Toxapex|Toxic|p1a: Pecharunt
|-immune|p1a: Pecharunt
|
|-heal|p2a: Toxapex|100/100|[from] item: Leftovers
|upkeep
|turn|36
|
|t:|1760734090
|move|p1a: Pecharunt|Shadow Ball|p2a: Toxapex
|-damage|p2a: Toxapex|86/100
|-unboost|p2a: Toxapex|spd|1
|move|p2a: Toxapex|Toxic Spikes|p1a: Pecharunt
|-sidestart|p1: Alto Paolto|move: Toxic Spikes
|
|-heal|p2a: Toxapex|92/100|[from] item: Leftovers
|upkeep
|turn|37
|
|t:|1760734094
|move|p1a: Pecharunt|Shadow Ball|p2a: Toxapex
|-damage|p2a: Toxapex|67/100
|move|p2a: Toxapex|Toxic Spikes|p1a: Pecharunt
|-sidestart|p1: Alto Paolto|move: Toxic Spikes
|
|-heal|p2a: Toxapex|74/100|[from] item: Leftovers
|upkeep
|turn|38
|
|t:|1760734099
|switch|p2a: Blissey|Blissey, F|100/100
|move|p1a: Pecharunt|Shadow Ball|p2a: Blissey
|-immune|p2a: Blissey
|
|upkeep
|turn|39
|
|t:|1760734101
|move|p1a: Pecharunt|Parting Shot|p2a: Blissey
|-unboost|p2a: Blissey|atk|1
|-unboost|p2a: Blissey|spa|1
|
|t:|1760734103
|switch|p1a: Rotom|Rotom-Wash|100/100|[from] Parting Shot
|move|p2a: Blissey|Stealth Rock|p1a: Rotom
|-sidestart|p1: Alto Paolto|move: Stealth Rock
|
|upkeep
|turn|40
|
|t:|1760734106
|move|p1a: Rotom|Volt Switch|p2a: Blissey
|-damage|p2a: Blissey|93/100
|
|t:|1760734109
|switch|p1a: Pecharunt|Pecharunt|100/100|[from] Volt Switch
|-sideend|p1: Alto Paolto|move: Toxic Spikes|[of] p1a: Pecharunt
|move|p2a: Blissey|Seismic Toss|p1a: Pecharunt
|-immune|p1a: Pecharunt
|
|-heal|p2a: Blissey|99/100|[from] item: Leftovers
|upkeep
|turn|41
|
|t:|1760734114
|switch|p2a: Gliscor|Gliscor, M|27/100 tox
|move|p1a: Pecharunt|Parting Shot|p2a: Gliscor
|-unboost|p2a: Gliscor|atk|1
|-unboost|p2a: Gliscor|spa|1
|
|t:|1760734119
|switch|p1a: Iron Valiant|Iron Valiant|100/100|[from] Parting Shot
|-damage|p1a: Iron Valiant|94/100|[from] Stealth Rock
|
|-heal|p2a: Gliscor|39/100 tox|[from] ability: Poison Heal
|upkeep
|turn|42
|
|t:|1760734124
|move|p2a: Gliscor|Protect|p2a: Gliscor
|-singleturn|p2a: Gliscor|Protect
|move|p1a: Iron Valiant|Calm Mind|p1a: Iron Valiant
|-boost|p1a: Iron Valiant|spa|1
|-boost|p1a: Iron Valiant|spd|1
|
|-heal|p2a: Gliscor|52/100 tox|[from] ability: Poison Heal
|upkeep
|turn|43
|
|t:|1760734130
|switch|p2a: Blissey|Blissey, F|99/100
|move|p1a: Iron Valiant|Moonblast|p2a: Blissey
|-damage|p2a: Blissey|79/100
|-unboost|p2a: Blissey|spa|1
|
|-heal|p2a: Blissey|85/100|[from] item: Leftovers
|upkeep
|turn|44
|
|t:|1760734132
|move|p1a: Iron Valiant|Close Combat|p2a: Blissey
|-supereffective|p2a: Blissey
|-damage|p2a: Blissey|0 fnt
|-unboost|p1a: Iron Valiant|def|1
|-unboost|p1a: Iron Valiant|spd|1
|faint|p2a: Blissey
|
|upkeep
|
|t:|1760734136
|switch|p2a: Toxapex|Toxapex, M|100/100
|turn|45
|
|t:|1760734145
|-end|p1a: Iron Valiant|Quark Drive|[silent]
|switch|p1a: Rotom|Rotom-Wash|100/100
|-damage|p1a: Rotom|88/100|[from] Stealth Rock
|move|p2a: Toxapex|Toxic|p1a: Rotom
|-status|p1a: Rotom|tox
|
|-heal|p1a: Rotom|94/100 tox|[from] item: Leftovers
|-damage|p1a: Rotom|88/100 tox|[from] psn
|upkeep
|turn|46
|
|t:|1760734151
|move|p1a: Rotom|Hydro Pump|p2a: Toxapex
|-resisted|p2a: Toxapex
|-damage|p2a: Toxapex|89/100
|move|p2a: Toxapex|Toxic Spikes|p1a: Rotom
|-sidestart|p1: Alto Paolto|move: Toxic Spikes
|
|-heal|p1a: Rotom|94/100 tox|[from] item: Leftovers
|-heal|p2a: Toxapex|95/100|[from] item: Leftovers
|-damage|p1a: Rotom|82/100 tox|[from] psn
|upkeep
|turn|47
|
|t:|1760734156
|switch|p2a: Gliscor|Gliscor, M|52/100 tox
|move|p1a: Rotom|Volt Switch|p2a: Gliscor
|-immune|p2a: Gliscor
|
|-heal|p1a: Rotom|88/100 tox|[from] item: Leftovers
|-heal|p2a: Gliscor|64/100 tox|[from] ability: Poison Heal
|-damage|p1a: Rotom|70/100 tox|[from] psn
|upkeep
|turn|48
|
|t:|1760734161
|move|p2a: Gliscor|Protect|p2a: Gliscor
|-singleturn|p2a: Gliscor|Protect
|move|p1a: Rotom|Hydro Pump|p2a: Gliscor
|-activate|p2a: Gliscor|move: Protect
|
|-heal|p1a: Rotom|76/100 tox|[from] item: Leftovers
|-heal|p2a: Gliscor|77/100 tox|[from] ability: Poison Heal
|-damage|p1a: Rotom|53/100 tox|[from] psn
|upkeep
|turn|49
|
|t:|1760734168
|switch|p2a: Toxapex|Toxapex, M|100/100
|move|p1a: Rotom|Volt Switch|p2a: Toxapex
|-supereffective|p2a: Toxapex
|-damage|p2a: Toxapex|71/100
|
|t:|1760734172
|switch|p1a: Pecharunt|Pecharunt|100/100|[from] Volt Switch
|-sideend|p1: Alto Paolto|move: Toxic Spikes|[of] p1a: Pecharunt
|
|-heal|p2a: Toxapex|77/100|[from] item: Leftovers
|upkeep
|turn|50
|
|t:|1760734177
|move|p1a: Pecharunt|Shadow Ball|p2a: Toxapex
|-damage|p2a: Toxapex|61/100
|-unboost|p2a: Toxapex|spd|1
|move|p2a: Toxapex|Toxic Spikes|p1a: Pecharunt
|-sidestart|p1: Alto Paolto|move: Toxic Spikes
|
|-heal|p2a: Toxapex|67/100|[from] item: Leftovers
|upkeep
|turn|51
|
|t:|1760734180
|move|p1a: Pecharunt|Shadow Ball|p2a: Toxapex
|-damage|p2a: Toxapex|42/100
|move|p2a: Toxapex|Toxic Spikes|p1a: Pecharunt
|-sidestart|p1: Alto Paolto|move: Toxic Spikes
|
|-heal|p2a: Toxapex|49/100|[from] item: Leftovers
|upkeep
|turn|52
|
|t:|1760734184
|switch|p2a: Gliscor|Gliscor, M|77/100 tox
|move|p1a: Pecharunt|Shadow Ball|p2a: Gliscor
|-damage|p2a: Gliscor|57/100 tox
|-unboost|p2a: Gliscor|spd|1
|
|-heal|p2a: Gliscor|70/100 tox|[from] ability: Poison Heal
|upkeep
|turn|53
|
|t:|1760734188
|move|p2a: Gliscor|Protect|p2a: Gliscor
|-singleturn|p2a: Gliscor|Protect
|move|p1a: Pecharunt|Shadow Ball|p2a: Gliscor
|-activate|p2a: Gliscor|move: Protect
|
|-heal|p2a: Gliscor|82/100 tox|[from] ability: Poison Heal
|upkeep
|turn|54
|
|t:|1760734190
|switch|p2a: Toxapex|Toxapex, M|82/100
|move|p1a: Pecharunt|Shadow Ball|p2a: Toxapex
|-crit|p2a: Toxapex
|-damage|p2a: Toxapex|56/100
|
|-heal|p2a: Toxapex|62/100|[from] item: Leftovers
|upkeep
|turn|55
|
|t:|1760734193
|switch|p2a: Gliscor|Gliscor, M|82/100 tox
|move|p1a: Pecharunt|Shadow Ball|p2a: Gliscor
|-damage|p2a: Gliscor|60/100 tox
|
|-heal|p2a: Gliscor|73/100 tox|[from] ability: Poison Heal
|upkeep
|turn|56
|
|t:|1760734197
|move|p1a: Pecharunt|Parting Shot|p2a: Gliscor
|-unboost|p2a: Gliscor|atk|1
|-unboost|p2a: Gliscor|spa|1
|
|t:|1760734198
|switch|p1a: Rotom|Rotom-Wash|53/100 tox|[from] Parting Shot
|-damage|p1a: Rotom|40/100 tox|[from] Stealth Rock
|move|p2a: Gliscor|Knock Off|p1a: Rotom
|-damage|p1a: Rotom|26/100 tox
|-enditem|p1a: Rotom|Leftovers|[from] move: Knock Off|[of] p2a: Gliscor
|
|-heal|p2a: Gliscor|85/100 tox|[from] ability: Poison Heal
|-damage|p1a: Rotom|20/100 tox|[from] psn
|upkeep
|turn|57
|
|t:|1760734207
|move|p2a: Gliscor|Protect|p2a: Gliscor
|-singleturn|p2a: Gliscor|Protect
|move|p1a: Rotom|Volt Switch|p2a: Gliscor
|-activate|p2a: Gliscor|move: Protect
|
|-heal|p2a: Gliscor|98/100 tox|[from] ability: Poison Heal
|-damage|p1a: Rotom|8/100 tox|[from] psn
|upkeep
|turn|58
|
|t:|1760734214
|move|p2a: Gliscor|Knock Off|p1a: Rotom
|-damage|p1a: Rotom|0 fnt
|faint|p1a: Rotom
|
|-heal|p2a: Gliscor|100/100 tox|[from] ability: Poison Heal
|upkeep
|
|t:|1760734218
|switch|p1a: Pecharunt|Pecharunt|100/100
|-sideend|p1: Alto Paolto|move: Toxic Spikes|[of] p1a: Pecharunt
|turn|59
|
|t:|1760734221
|move|p1a: Pecharunt|Shadow Ball|p2a: Gliscor
|-damage|p2a: Gliscor|81/100 tox
|move|p2a: Gliscor|Knock Off|p1a: Pecharunt
|-supereffective|p1a: Pecharunt
|-damage|p1a: Pecharunt|83/100
|-enditem|p1a: Pecharunt|Heavy-Duty Boots|[from] move: Knock Off|[of] p2a: Gliscor
|
|-heal|p2a: Gliscor|93/100 tox|[from] ability: Poison Heal
|upkeep
|turn|60
|
|t:|1760734224
|move|p1a: Pecharunt|Shadow Ball|p2a: Gliscor
|-damage|p2a: Gliscor|73/100 tox
|move|p2a: Gliscor|Spikes|p1a: Pecharunt
|-sidestart|p1: Alto Paolto|Spikes
|
|-heal|p2a: Gliscor|85/100 tox|[from] ability: Poison Heal
|upkeep
|turn|61
|
|t:|1760734228
|move|p1a: Pecharunt|Shadow Ball|p2a: Gliscor
|-damage|p2a: Gliscor|64/100 tox
|move|p2a: Gliscor|Spikes|p1a: Pecharunt
|-sidestart|p1: Alto Paolto|Spikes
|
|-heal|p2a: Gliscor|77/100 tox|[from] ability: Poison Heal
|upkeep
|turn|62
|
|t:|1760734231
|move|p1a: Pecharunt|Shadow Ball|p2a: Gliscor
|-crit|p2a: Gliscor
|-damage|p2a: Gliscor|48/100 tox
|move|p2a: Gliscor|Spikes|p1a: Pecharunt
|-sidestart|p1: Alto Paolto|Spikes
|
|-heal|p2a: Gliscor|60/100 tox|[from] ability: Poison Heal
|upkeep
|turn|63
|
|t:|1760734236
|move|p2a: Gliscor|Protect|p2a: Gliscor
|-singleturn|p2a: Gliscor|Protect
|move|p1a: Pecharunt|Shadow Ball|p2a: Gliscor
|-activate|p2a: Gliscor|move: Protect
|
|-heal|p2a: Gliscor|73/100 tox|[from] ability: Poison Heal
|upkeep
|turn|64
|
|t:|1760734240
|move|p1a: Pecharunt|Shadow Ball|p2a: Gliscor
|-damage|p2a: Gliscor|52/100 tox
|move|p2a: Gliscor|Earthquake|p1a: Pecharunt
|-supereffective|p1a: Pecharunt
|-damage|p1a: Pecharunt|56/100
|
|-heal|p2a: Gliscor|65/100 tox|[from] ability: Poison Heal
|upkeep
|turn|65
|
|t:|1760734244
|move|p1a: Pecharunt|Shadow Ball|p2a: Gliscor
|-damage|p2a: Gliscor|42/100 tox
|move|p2a: Gliscor|Knock Off|p1a: Pecharunt
|-supereffective|p1a: Pecharunt
|-damage|p1a: Pecharunt|43/100
|
|-heal|p2a: Gliscor|54/100 tox|[from] ability: Poison Heal
|upkeep
|turn|66
|
|t:|1760734247
|move|p1a: Pecharunt|Shadow Ball|p2a: Gliscor
|-damage|p2a: Gliscor|33/100 tox
|move|p2a: Gliscor|Knock Off|p1a: Pecharunt
|-supereffective|p1a: Pecharunt
|-damage|p1a: Pecharunt|31/100
|
|-heal|p2a: Gliscor|45/100 tox|[from] ability: Poison Heal
|upkeep
|turn|67
|
|t:|1760734250
|move|p1a: Pecharunt|Recover|p1a: Pecharunt
|-heal|p1a: Pecharunt|81/100
|move|p2a: Gliscor|Knock Off|p1a: Pecharunt
|-supereffective|p1a: Pecharunt
|-damage|p1a: Pecharunt|69/100
|
|-heal|p2a: Gliscor|58/100 tox|[from] ability: Poison Heal
|upkeep
|turn|68
|
|t:|1760734252
|move|p1a: Pecharunt|Recover|p1a: Pecharunt
|-heal|p1a: Pecharunt|100/100
|move|p2a: Gliscor|Knock Off|p1a: Pecharunt
|-supereffective|p1a: Pecharunt
|-crit|p1a: Pecharunt
|-damage|p1a: Pecharunt|76/100
|
|-heal|p2a: Gliscor|70/100 tox|[from] ability: Poison Heal
|upkeep
|turn|69
|-message|Alto Paolto forfeited.
|
|win|bigredsword
|raw|Alto Paolto's rating: 1492 &rarr; <strong>1474</strong><br />(-18 for losing)
|raw|bigredsword's rating: 1533 &rarr; <strong>1551</strong><br />(+18 for winning)
|l|☆Alto Paolto
|player|p1|
|l|☆bigredsword
|player|p2|
