|j|☆Moriarty_001
|j|☆Mfavela42
|t:|1760771976
|gametype|singles
|player|p1|Moriarty_001|169|1182
|player|p2|Mfavela42|byron|1150
|gen|9
|tier|[Gen 9] OU
|rated|
|rule|HP Percentage Mod: HP is shown in percentages
|rule|Endless Battle Clause: Forcing endless battles is banned
|rule|Species Clause: Limit one of each Pokémon
|rule|OHKO Clause: OHKO moves are banned
|rule|Evasion Items Clause: Evasion items are banned
|rule|Evasion Moves Clause: Evasion moves are banned
|rule|Evasion Abilities Clause: Evasion abilities are banned
|rule|Sleep Moves Clause: Sleep-inducing moves are banned
|clearpoke
|poke|p1|Dondozo, F|
|poke|p1|Gliscor, F|
|poke|p1|Blissey, F|
|poke|p1|Slowking-Galar, M|
|poke|p1|Corviknight, M|
|poke|p1|Iron Valiant|
|poke|p2|Skeledirge, M|
|poke|p2|Krookodile, F|
|poke|p2|Feraligatr, M|
|poke|p2|Drednaw, F|
|poke|p2|Croconaw, F|
|poke|p2|Krokorok, M|
|teampreview
|inactive|Battle timer is ON: inactive players will automatically lose when time's up. (requested by Moriarty_001)
|
|t:|1760771999
|teamsize|p1|6
|teamsize|p2|6
|start
|switch|p1a: Gliscor|Gliscor, F|100/100
|switch|p2a: Krokorok|Krokorok, M|100/100
|-ability|p2a: Krokorok|Intimidate|boost
|-unboost|p1a: Gliscor|atk|1
|turn|1
|
|t:|1760772012
|switch|p2a: Croconaw|Croconaw, F|100/100
|move|p1a: Gliscor|Stealth Rock|p2a: Croconaw
|-sidestart|p2: Mfavela42|move: Stealth Rock
|
|-status|p1a: Gliscor|tox|[from] item: Toxic Orb
|upkeep
|turn|2
|
|t:|1760772037
|switch|p1a: Dondozo|Dondozo, F|100/100
|move|p2a: Croconaw|Curse|p2a: Croconaw
|-unboost|p2a: Croconaw|spe|1
|-boost|p2a: Croconaw|atk|1
|-boost|p2a: Croconaw|def|1
|
|upkeep
|turn|3
|
|t:|1760772057
|move|p1a: Dondozo|Body Press|p2a: Croconaw
|-damage|p2a: Croconaw|77/100
|move|p2a: Croconaw|Psychic Fangs|p1a: Dondozo
|-damage|p1a: Dondozo|90/100
|
|-heal|p1a: Dondozo|96/100|[from] item: Leftovers
|upkeep
|turn|4
|
|t:|1760772068
|move|p1a: Dondozo|Body Press|p2a: Croconaw
|-damage|p2a: Croconaw|52/100
|move|p2a: Croconaw|Curse|p2a: Croconaw
|-unboost|p2a: Croconaw|spe|1
|-boost|p2a: Croconaw|atk|1
|-boost|p2a: Croconaw|def|1
|
|-heal|p1a: Dondozo|100/100|[from] item: Leftovers
|upkeep
|turn|5
|
|t:|1760772079
|move|p1a: Dondozo|Body Press|p2a: Croconaw
|-damage|p2a: Croconaw|27/100
|move|p2a: Croconaw|Curse|p2a: Croconaw
|-unboost|p2a: Croconaw|spe|1
|-boost|p2a: Croconaw|atk|1
|-boost|p2a: Croconaw|def|1
|
|upkeep
|turn|6
|
|t:|1760772087
|move|p1a: Dondozo|Body Press|p2a: Croconaw
|-damage|p2a: Croconaw|3/100
|move|p2a: Croconaw|Liquidation|p1a: Dondozo
|-resisted|p1a: Dondozo
|-damage|p1a: Dondozo|91/100
|
|-heal|p1a: Dondozo|97/100|[from] item: Leftovers
|upkeep
|turn|7
|
|t:|1760772097
|move|p1a: Dondozo|Heavy Slam|p2a: Croconaw
|-resisted|p2a: Croconaw
|-damage|p2a: Croconaw|0 fnt
|faint|p2a: Croconaw
|
|-heal|p1a: Dondozo|100/100|[from] item: Leftovers
|upkeep
|
|t:|1760772110
|switch|p2a: Krokorok|Krokorok, M|100/100
|-damage|p2a: Krokorok|94/100|[from] Stealth Rock
|-ability|p2a: Krokorok|Intimidate|boost
|-unboost|p1a: Dondozo|atk|1
|turn|8
|
|t:|1760772119
|switch|p1a: Corviknight|Corviknight, M|100/100
|-ability|p1a: Corviknight|Pressure
|move|p2a: Krokorok|Grass Knot|p1a: Corviknight
|-resisted|p1a: Corviknight
|-damage|p1a: Corviknight|97/100
|
|-heal|p1a: Corviknight|100/100|[from] item: Leftovers
|upkeep
|turn|9
|
|t:|1760772130
|switch|p2a: Feraligatr|Feraligatr, M|100/100
|-damage|p2a: Feraligatr|88/100|[from] Stealth Rock
|move|p1a: Corviknight|Body Press|p2a: Feraligatr
|-damage|p2a: Feraligatr|63/100
|
|upkeep
|turn|10
|
|t:|1760772139
|switch|p1a: Dondozo|Dondozo, F|100/100
|move|p2a: Feraligatr|Dragon Dance|p2a: Feraligatr
|-boost|p2a: Feraligatr|atk|1
|-boost|p2a: Feraligatr|spe|1
|
|upkeep
|turn|11
|
|t:|1760772152
|move|p2a: Feraligatr|Ice Punch|p1a: Dondozo
|-resisted|p1a: Dondozo
|-damage|p1a: Dondozo|91/100
|move|p1a: Dondozo|Body Press|p2a: Feraligatr
|-damage|p2a: Feraligatr|34/100
|
|-heal|p1a: Dondozo|97/100|[from] item: Leftovers
|upkeep
|turn|12
|
|t:|1760772162
|move|p2a: Feraligatr|Ice Punch|p1a: Dondozo
|-resisted|p1a: Dondozo
|-damage|p1a: Dondozo|88/100
|move|p1a: Dondozo|Body Press|p2a: Feraligatr
|-damage|p2a: Feraligatr|4/100
|
|-heal|p1a: Dondozo|95/100|[from] item: Leftovers
|upkeep
|turn|13
|c|☆Moriarty_001|nice crok team
|inactive|Mfavela42 has 120 seconds left.
|
|t:|1760772201
|move|p2a: Feraligatr|Psychic Fangs|p1a: Dondozo
|-damage|p1a: Dondozo|76/100
|-damage|p2a: Feraligatr|0 fnt|[from] item: Life Orb
|faint|p2a: Feraligatr
|move|p1a: Dondozo|Body Press|p2: Feraligatr|[notarget]
|-fail|p1a: Dondozo
|
|-heal|p1a: Dondozo|82/100|[from] item: Leftovers
|upkeep
|c|☆Moriarty_001|too bad it is all setup
|
|t:|1760772215
|switch|p2a: Drednaw|Drednaw, F|100/100
|-damage|p2a: Drednaw|88/100|[from] Stealth Rock
|turn|14
|
|t:|1760772221
|-terastallize|p2a: Drednaw|Dragon
|move|p2a: Drednaw|Shell Smash|p2a: Drednaw
|-unboost|p2a: Drednaw|def|1
|-unboost|p2a: Drednaw|spd|1
|-boost|p2a: Drednaw|atk|2
|-boost|p2a: Drednaw|spa|2
|-boost|p2a: Drednaw|spe|2
|-enditem|p2a: Drednaw|White Herb
|-clearnegativeboost|p2a: Drednaw|[silent]
|move|p1a: Dondozo|Body Press|p2a: Drednaw
|-damage|p2a: Drednaw|53/100
|
|-heal|p1a: Dondozo|88/100|[from] item: Leftovers
|upkeep
|turn|15
|inactive|Mfavela42 has 120 seconds left.
|
|t:|1760772236
|move|p2a: Drednaw|Jaw Lock|p1a: Dondozo
|-damage|p1a: Dondozo|69/100
|-activate|p2a: Drednaw|trapped
|-activate|p1a: Dondozo|trapped
|move|p1a: Dondozo|Body Press|p2a: Drednaw
|-damage|p2a: Drednaw|21/100
|
|-heal|p1a: Dondozo|76/100|[from] item: Leftovers
|upkeep
|turn|16
|
|t:|1760772253
|move|p2a: Drednaw|Ice Fang|p1a: Dondozo
|-resisted|p1a: Dondozo
|-damage|p1a: Dondozo|68/100
|-status|p1a: Dondozo|frz
|cant|p1a: Dondozo|frz
|
|-heal|p1a: Dondozo|74/100 frz|[from] item: Leftovers
|upkeep
|turn|17
|
|t:|1760772262
|move|p2a: Drednaw|Jaw Lock|p1a: Dondozo
|-damage|p1a: Dondozo|56/100 frz
|cant|p1a: Dondozo|frz
|
|-heal|p1a: Dondozo|62/100 frz|[from] item: Leftovers
|upkeep
|turn|18
|
|t:|1760772270
|move|p2a: Drednaw|Shell Smash|p2a: Drednaw
|-unboost|p2a: Drednaw|def|1
|-unboost|p2a: Drednaw|spd|1
|-boost|p2a: Drednaw|atk|2
|-boost|p2a: Drednaw|spa|2
|-boost|p2a: Drednaw|spe|2
|cant|p1a: Dondozo|frz
|
|-heal|p1a: Dondozo|68/100 frz|[from] item: Leftovers
|upkeep
|turn|19
|
|t:|1760772278
|move|p2a: Drednaw|Jaw Lock|p1a: Dondozo
|-damage|p1a: Dondozo|49/100 frz
|cant|p1a: Dondozo|frz
|
|-heal|p1a: Dondozo|55/100 frz|[from] item: Leftovers
|upkeep
|turn|20
|
|t:|1760772286
|move|p2a: Drednaw|Shell Smash|p2a: Drednaw
|-unboost|p2a: Drednaw|def|1
|-unboost|p2a: Drednaw|spd|1
|-boost|p2a: Drednaw|atk|2
|-boost|p2a: Drednaw|spa|2
|-boost|p2a: Drednaw|spe|2
|cant|p1a: Dondozo|frz
|
|-heal|p1a: Dondozo|61/100 frz|[from] item: Leftovers
|upkeep
|turn|21
|
|t:|1760772295
|move|p2a: Drednaw|Ice Fang|p1a: Dondozo
|-resisted|p1a: Dondozo
|-damage|p1a: Dondozo|53/100 frz
|-curestatus|p1a: Dondozo|frz|[msg]
|move|p1a: Dondozo|Heavy Slam|p2a: Drednaw
|-damage|p2a: Drednaw|10/100
|
|-heal|p1a: Dondozo|59/100|[from] item: Leftovers
|upkeep
|turn|22
|
|t:|1760772304
|move|p2a: Drednaw|Ice Fang|p1a: Dondozo
|-resisted|p1a: Dondozo
|-damage|p1a: Dondozo|51/100
|move|p1a: Dondozo|Body Press|p2a: Drednaw
|-damage|p2a: Drednaw|0 fnt
|faint|p2a: Drednaw
|
|-heal|p1a: Dondozo|57/100|[from] item: Leftovers
|upkeep
|
|t:|1760772319
|switch|p2a: Skeledirge|Skeledirge, M|100/100
|-damage|p2a: Skeledirge|75/100|[from] Stealth Rock
|turn|23
|c|☆Moriarty_001|close call
|
|t:|1760772328
|switch|p1a: Gliscor|Gliscor, F|100/100 tox
|move|p2a: Skeledirge|Will-O-Wisp||[still]
|-fail|p2a: Skeledirge
|
|-heal|p2a: Skeledirge|82/100|[from] item: Leftovers
|upkeep
|turn|24
|
|t:|1760772336
|move|p1a: Gliscor|Knock Off|p2a: Skeledirge
|-supereffective|p2a: Skeledirge
|-damage|p2a: Skeledirge|35/100
|-enditem|p2a: Skeledirge|Leftovers|[from] move: Knock Off|[of] p1a: Gliscor
|move|p2a: Skeledirge|Hex|p1a: Gliscor
|-damage|p1a: Gliscor|39/100 tox
|
|-heal|p1a: Gliscor|52/100 tox|[from] ability: Poison Heal
|upkeep
|turn|25
|
|t:|1760772347
|move|p1a: Gliscor|Protect|p1a: Gliscor
|-singleturn|p1a: Gliscor|Protect
|move|p2a: Skeledirge|Hex|p1a: Gliscor
|-activate|p1a: Gliscor|move: Protect
|
|-heal|p1a: Gliscor|64/100 tox|[from] ability: Poison Heal
|upkeep
|turn|26
|
|t:|1760772358
|move|p1a: Gliscor|Earthquake|p2a: Skeledirge
|-supereffective|p2a: Skeledirge
|-damage|p2a: Skeledirge|0 fnt
|faint|p2a: Skeledirge
|
|-heal|p1a: Gliscor|76/100 tox|[from] ability: Poison Heal
|upkeep
|
|t:|1760772363
|switch|p2a: Krookodile|Krookodile, F|100/100
|-damage|p2a: Krookodile|94/100|[from] Stealth Rock
|turn|27
|
|t:|1760772372
|move|p2a: Krookodile|Knock Off|p1a: Gliscor
|-damage|p1a: Gliscor|39/100 tox
|-enditem|p1a: Gliscor|Toxic Orb|[from] move: Knock Off|[of] p2a: Krookodile
|move|p1a: Gliscor|Knock Off|p2a: Krookodile
|-resisted|p2a: Krookodile
|-damage|p2a: Krookodile|78/100
|-enditem|p2a: Krookodile|Choice Scarf|[from] move: Knock Off|[of] p1a: Gliscor
|
|-heal|p1a: Gliscor|51/100 tox|[from] ability: Poison Heal
|upkeep
|turn|28
|
|t:|1760772392
|switch|p1a: Iron Valiant|Iron Valiant|100/100
|move|p2a: Krookodile|Aqua Tail|p1a: Iron Valiant
|-damage|p1a: Iron Valiant|63/100
|
|upkeep
|turn|29
|
|t:|1760772400
|move|p1a: Iron Valiant|Energy Ball|p2a: Krookodile
|-supereffective|p2a: Krookodile
|-damage|p2a: Krookodile|0 fnt
|faint|p2a: Krookodile
|-damage|p1a: Iron Valiant|54/100|[from] item: Life Orb
|
|upkeep
|
|t:|1760772403
|switch|p2a: Krokorok|Krokorok, M|94/100
|-damage|p2a: Krokorok|88/100|[from] Stealth Rock
|-ability|p2a: Krokorok|Intimidate|boost
|-unboost|p1a: Iron Valiant|atk|1
|turn|30
|
|t:|1760772411
|move|p1a: Iron Valiant|Energy Ball|p2a: Krokorok
|-supereffective|p2a: Krokorok
|-damage|p2a: Krokorok|0 fnt
|faint|p2a: Krokorok
|-damage|p1a: Iron Valiant|44/100|[from] item: Life Orb
|
|win|Moriarty_001
|raw|Moriarty_001's rating: 1182 &rarr; <strong>1205</strong><br />(+23 for winning)
|raw|Mfavela42's rating: 1150 &rarr; <strong>1127</strong><br />(-23 for losing)
|l|☆Mfavela42
|player|p2|
|c|☆Moriarty_001|gg
|l|☆Moriarty_001
|player|p1|
