|j|☆garcila28
|j|☆Senech
|t:|1760724209
|gametype|singles
|player|p1|garcila28|266|1281
|player|p2|Senech|crasherwake|1261
|gen|9
|tier|[Gen 9] OU
|rated|
|rule|HP Percentage Mod: HP is shown in percentages
|rule|Endless Battle Clause: Forcing endless battles is banned
|rule|Species Clause: Limit one of each Pokémon
|rule|OHKO Clause: OHKO moves are banned
|rule|Evasion Items Clause: Evasion items are banned
|rule|Evasion Moves Clause: Evasion moves are banned
|rule|Evasion Abilities Clause: Evasion abilities are banned
|rule|Sleep Moves Clause: Sleep-inducing moves are banned
|clearpoke
|poke|p1|Gliscor, F|
|poke|p1|Ribombee, F|
|poke|p1|Gholdengo|
|poke|p1|Kyurem|
|poke|p1|Ogerpon-Wellspring, F|
|poke|p1|Regidrago|
|poke|p2|Glimmora, F|
|poke|p2|Kingambit, M|
|poke|p2|Darkrai|
|poke|p2|Zamazenta-*|
|poke|p2|Dragonite, F|
|poke|p2|Iron Valiant|
|teampreview
|inactive|Battle timer is ON: inactive players will automatically lose when time's up. (requested by garcila28)
|inactive|garcila28 has 120 seconds left.
|inactive|garcila28 has 90 seconds left.
|
|t:|1760724294
|teamsize|p1|6
|teamsize|p2|6
|start
|switch|p1a: Shorty|Ribombee, F|100/100
|switch|p2a: Glimmora|Glimmora, F|100/100
|turn|1
|
|t:|1760724305
|switch|p1a: Scorpion|Gliscor, F, shiny|100/100
|move|p2a: Glimmora|Stealth Rock|p1a: Scorpion
|-sidestart|p1: garcila28|move: Stealth Rock
|
|-status|p1a: Scorpion|tox|[from] item: Toxic Orb
|upkeep
|turn|2
|
|t:|1760724312
|move|p1a: Scorpion|Earthquake|p2a: Glimmora
|-supereffective|p2a: Glimmora
|-enditem|p2a: Glimmora|Focus Sash
|-damage|p2a: Glimmora|1/100
|-activate|p2a: Glimmora|ability: Toxic Debris
|-sidestart|p1: garcila28|move: Toxic Spikes
|move|p2a: Glimmora|Power Gem|p1a: Scorpion
|-damage|p1a: Scorpion|47/100 tox
|
|-heal|p1a: Scorpion|59/100 tox|[from] ability: Poison Heal
|upkeep
|turn|3
|
|t:|1760724323
|move|p1a: Scorpion|Earthquake|p2a: Glimmora
|-supereffective|p2a: Glimmora
|-damage|p2a: Glimmora|0 fnt
|-activate|p2a: Glimmora|ability: Toxic Debris
|-sidestart|p1: garcila28|move: Toxic Spikes
|faint|p2a: Glimmora
|
|-heal|p1a: Scorpion|72/100 tox|[from] ability: Poison Heal
|upkeep
|
|t:|1760724335
|switch|p2a: Dragonite|Dragonite, F|100/100
|turn|4
|
|t:|1760724343
|switch|p1a: Shimo|Kyurem|100/100
|-damage|p1a: Shimo|76/100|[from] Stealth Rock
|-status|p1a: Shimo|tox
|-ability|p1a: Shimo|Pressure
|-terastallize|p2a: Dragonite|Normal
|move|p2a: Dragonite|Dragon Dance|p2a: Dragonite
|-boost|p2a: Dragonite|atk|1
|-boost|p2a: Dragonite|spe|1
|
|-damage|p1a: Shimo|70/100 tox|[from] psn
|upkeep
|turn|5
|
|t:|1760724356
|move|p2a: Dragonite|Extreme Speed|p1a: Shimo
|-damage|p1a: Shimo|7/100 tox
|move|p1a: Shimo|Icicle Spear|p2a: Dragonite
|-damage|p2a: Dragonite|93/100
|-damage|p2a: Dragonite|79/100
|-damage|p2a: Dragonite|66/100
|-damage|p2a: Dragonite|51/100
|-damage|p2a: Dragonite|36/100
|-hitcount|p2a: Dragonite|5
|
|-damage|p1a: Shimo|0 fnt|[from] psn
|faint|p1a: Shimo
|upkeep
|
|t:|1760724366
|switch|p1a: Goldylocks|Gholdengo|100/100
|-damage|p1a: Goldylocks|94/100|[from] Stealth Rock
|-item|p1a: Goldylocks|Air Balloon
|turn|6
|
|t:|1760724378
|switch|p2a: Zamazenta|Zamazenta|100/100
|-ability|p2a: Zamazenta|Dauntless Shield|boost
|-boost|p2a: Zamazenta|def|1
|move|p1a: Goldylocks|Dazzling Gleam|p2a: Zamazenta
|-supereffective|p2a: Zamazenta
|-damage|p2a: Zamazenta|55/100
|
|-heal|p2a: Zamazenta|61/100|[from] item: Leftovers
|upkeep
|turn|7
|
|t:|1760724388
|move|p2a: Zamazenta|Crunch|p1a: Goldylocks
|-supereffective|p1a: Goldylocks
|-damage|p1a: Goldylocks|47/100
|-enditem|p1a: Goldylocks|Air Balloon
|move|p1a: Goldylocks|Dazzling Gleam|p2a: Zamazenta
|-supereffective|p2a: Zamazenta
|-damage|p2a: Zamazenta|12/100
|
|-heal|p2a: Zamazenta|18/100|[from] item: Leftovers
|upkeep
|turn|8
|inactive|garcila28 has 120 seconds left.
|
|t:|1760724427
|move|p2a: Zamazenta|Crunch|p1a: Goldylocks
|-supereffective|p1a: Goldylocks
|-damage|p1a: Goldylocks|0 fnt
|faint|p1a: Goldylocks
|
|-heal|p2a: Zamazenta|24/100|[from] item: Leftovers
|upkeep
|
|t:|1760724454
|switch|p1a: Regiman|Regidrago|100/100
|-damage|p1a: Regiman|88/100|[from] Stealth Rock
|-status|p1a: Regiman|tox
|turn|9
|
|t:|1760724461
|move|p1a: Regiman|Earth Power|p2a: Zamazenta
|-damage|p2a: Zamazenta|0 fnt
|faint|p2a: Zamazenta
|
|-damage|p1a: Regiman|82/100 tox|[from] psn
|upkeep
|
|t:|1760724467
|switch|p2a: Dragonite|Dragonite, F, tera:Normal|36/100
|turn|10
|
|t:|1760724471
|move|p2a: Dragonite|Extreme Speed|p1a: Regiman
|-damage|p1a: Regiman|29/100 tox
|move|p1a: Regiman|Earth Power|p2a: Dragonite
|-damage|p2a: Dragonite|0 fnt
|faint|p2a: Dragonite
|
|-damage|p1a: Regiman|17/100 tox|[from] psn
|upkeep
|
|t:|1760724479
|switch|p2a: Iron Valiant|Iron Valiant|100/100
|-enditem|p2a: Iron Valiant|Booster Energy
|-activate|p2a: Iron Valiant|ability: Quark Drive|[fromitem]
|-start|p2a: Iron Valiant|quarkdrivespe
|turn|11
|inactive|garcila28 has 120 seconds left.
|
|t:|1760724516
|move|p2a: Iron Valiant|Moonblast|p1a: Regiman
|-supereffective|p1a: Regiman
|-damage|p1a: Regiman|0 fnt
|faint|p1a: Regiman
|
|upkeep
|
|t:|1760724521
|switch|p1a: Shorty|Ribombee, F|100/100
|-damage|p1a: Shorty|76/100|[from] Stealth Rock
|-status|p1a: Shorty|tox
|turn|12
|
|t:|1760724532
|move|p2a: Iron Valiant|Calm Mind|p2a: Iron Valiant
|-boost|p2a: Iron Valiant|spa|1
|-boost|p2a: Iron Valiant|spd|1
|move|p1a: Shorty|Moonblast|p2a: Iron Valiant
|-supereffective|p2a: Iron Valiant
|-damage|p2a: Iron Valiant|13/100
|
|-damage|p1a: Shorty|69/100 tox|[from] psn
|upkeep
|turn|13
|
|t:|1760724542
|move|p2a: Iron Valiant|Moonblast|p1a: Shorty
|-damage|p1a: Shorty|0 fnt
|faint|p1a: Shorty
|
|upkeep
|inactive|garcila28 has 120 seconds left.
|
|t:|1760724560
|switch|p1a: Scorpion|Gliscor, F, shiny|72/100 tox
|-damage|p1a: Scorpion|59/100 tox|[from] Stealth Rock
|turn|14
|
|t:|1760724564
|move|p1a: Scorpion|Protect|p1a: Scorpion
|-singleturn|p1a: Scorpion|Protect
|move|p2a: Iron Valiant|Moonblast|p1a: Scorpion
|-activate|p1a: Scorpion|move: Protect
|
|-heal|p1a: Scorpion|72/100 tox|[from] ability: Poison Heal
|upkeep
|turn|15
|
|t:|1760724572
|move|p2a: Iron Valiant|Moonblast|p1a: Scorpion
|-damage|p1a: Scorpion|0 fnt
|faint|p1a: Scorpion
|
|upkeep
|
|t:|1760724575
|switch|p1a: Slim Shady|Ogerpon-Wellspring, F|100/100
|-damage|p1a: Slim Shady|88/100|[from] Stealth Rock
|-status|p1a: Slim Shady|tox
|turn|16
|
|t:|1760724584
|-terastallize|p1a: Slim Shady|Water
|detailschange|p1a: Slim Shady|Ogerpon-Wellspring-Tera, F, tera:Water
|-ability|p1a: Slim Shady|Embody Aspect (Wellspring)|boost
|-boost|p1a: Slim Shady|spd|1
|move|p2a: Iron Valiant|Moonblast|p1a: Slim Shady
|-damage|p1a: Slim Shady|31/100 tox
|move|p1a: Slim Shady|Ivy Cudgel|p2a: Iron Valiant|[anim] Ivy Cudgel Water
|-damage|p2a: Iron Valiant|0 fnt
|faint|p2a: Iron Valiant
|-end|p2a: Iron Valiant|Quark Drive|[silent]
|
|-damage|p1a: Slim Shady|25/100 tox|[from] psn
|upkeep
|
|t:|1760724595
|switch|p2a: Darkrai|Darkrai|100/100
|turn|17
|
|t:|1760724599
|move|p2a: Darkrai|Dark Pulse|p1a: Slim Shady
|-damage|p1a: Slim Shady|0 fnt
|faint|p1a: Slim Shady
|detailschange|p1: Slim Shady|Ogerpon-Wellspring, F|[silent]
|
|win|Senech
|raw|garcila28's rating: 1281 &rarr; <strong>1255</strong><br />(-26 for losing)
|raw|Senech's rating: 1261 &rarr; <strong>1287</strong><br />(+26 for winning)
|l|☆garcila28
|player|p1|
|l|☆Senech
|player|p2|
