|j|☆theonreekgreyjoy
|j|☆ilytrix
|t:|1760803282
|gametype|singles
|player|p1|theonreekgreyjoy|101|1691
|player|p2|ilytrix|n-masters|1748
|gen|9
|tier|[Gen 9] OU
|rated|
|rule|HP Percentage Mod: HP is shown in percentages
|rule|Endless Battle Clause: Forcing endless battles is banned
|rule|Species Clause: Limit one of each Pokémon
|rule|OHKO Clause: OHKO moves are banned
|rule|Evasion Items Clause: Evasion items are banned
|rule|Evasion Moves Clause: Evasion moves are banned
|rule|Evasion Abilities Clause: Evasion abilities are banned
|rule|Sleep Moves Clause: Sleep-inducing moves are banned
|clearpoke
|poke|p1|Pelipper, M|
|poke|p1|Tornadus-Therian, M|
|poke|p1|Barraskewda, F|
|poke|p1|Decidueye-Hisui, M|
|poke|p1|Raging Bolt|
|poke|p1|Iron Treads|
|poke|p2|Ceruledge, M|
|poke|p2|Raging Bolt|
|poke|p2|Latias, F|
|poke|p2|Kyurem|
|poke|p2|Ninetales-Alola, F|
|poke|p2|Iron Moth|
|teampreview
|
|t:|1760803296
|teamsize|p1|6
|teamsize|p2|6
|start
|switch|p1a: Barraskewda|Barraskewda, F|100/100
|switch|p2a: MoveMerchant|Iron Moth|100/100
|-enditem|p2a: MoveMerchant|Booster Energy
|-activate|p2a: MoveMerchant|ability: Quark Drive|[fromitem]
|-start|p2a: MoveMerchant|quarkdrivespe
|turn|1
|
|t:|1760803302
|move|p1a: Barraskewda|Aqua Jet|p2a: MoveMerchant
|-supereffective|p2a: MoveMerchant
|-damage|p2a: MoveMerchant|0 fnt
|faint|p2a: MoveMerchant
|-end|p2a: MoveMerchant|Quark Drive|[silent]
|-damage|p1a: Barraskewda|91/100|[from] item: Life Orb
|
|upkeep
|
|t:|1760803306
|switch|p2a: snow bunny|Ninetales-Alola, F|100/100
|-weather|Snowscape|[from] ability: Snow Warning|[of] p2a: snow bunny
|turn|2
|
|t:|1760803311
|move|p1a: Barraskewda|Flip Turn|p2a: snow bunny
|-damage|p2a: snow bunny|55/100
|-damage|p1a: Barraskewda|81/100|[from] item: Life Orb
|
|t:|1760803315
|switch|p1a: Iron Treads|Iron Treads|100/100|[from] Flip Turn
|move|p2a: snow bunny|Freeze-Dry|p1a: Iron Treads
|-damage|p1a: Iron Treads|80/100
|
|-weather|Snowscape|[upkeep]
|-heal|p1a: Iron Treads|86/100|[from] item: Leftovers
|upkeep
|turn|3
|
|t:|1760803321
|move|p2a: snow bunny|Aurora Veil|p2a: snow bunny
|-sidestart|p2: ilytrix|move: Aurora Veil
|move|p1a: Iron Treads|Knock Off|p2a: snow bunny
|-resisted|p2a: snow bunny
|-crit|p2a: snow bunny
|-damage|p2a: snow bunny|36/100
|-enditem|p2a: snow bunny|Light Clay|[from] move: Knock Off|[of] p1a: Iron Treads
|
|-weather|Snowscape|[upkeep]
|-heal|p1a: Iron Treads|92/100|[from] item: Leftovers
|upkeep
|turn|4
|
|t:|1760803324
|switch|p2a: rng my ahh|Kyurem|100/100
|-ability|p2a: rng my ahh|Pressure
|move|p1a: Iron Treads|Stealth Rock|p2a: rng my ahh
|-sidestart|p2: ilytrix|move: Stealth Rock
|
|-weather|Snowscape|[upkeep]
|-heal|p1a: Iron Treads|98/100|[from] item: Leftovers
|upkeep
|turn|5
|
|t:|1760803339
|move|p2a: rng my ahh|Dragon Dance|p2a: rng my ahh
|-boost|p2a: rng my ahh|atk|1
|-boost|p2a: rng my ahh|spe|1
|move|p1a: Iron Treads|Knock Off|p2a: rng my ahh
|-damage|p2a: rng my ahh|92/100
|-enditem|p2a: rng my ahh|Loaded Dice|[from] move: Knock Off|[of] p1a: Iron Treads
|
|-weather|Snowscape|[upkeep]
|-heal|p1a: Iron Treads|100/100|[from] item: Leftovers
|upkeep
|turn|6
|
|t:|1760803350
|-end|p1a: Iron Treads|Quark Drive|[silent]
|switch|p1a: Decidueye|Decidueye-Hisui, M|100/100
|move|p2a: rng my ahh|Dragon Dance|p2a: rng my ahh
|-boost|p2a: rng my ahh|atk|1
|-boost|p2a: rng my ahh|spe|1
|
|-weather|none
|upkeep
|turn|7
|
|t:|1760803353
|-terastallize|p1a: Decidueye|Ghost
|move|p2a: rng my ahh|Icicle Spear|p1a: Decidueye
|-damage|p1a: Decidueye|78/100
|-damage|p1a: Decidueye|55/100
|-damage|p1a: Decidueye|32/100
|-damage|p1a: Decidueye|11/100
|-damage|p1a: Decidueye|0 fnt
|faint|p1a: Decidueye
|-hitcount|p1: Decidueye|5
|
|upkeep
|c|☆theonreekgreyjoy|lol
|
|t:|1760803373
|switch|p1a: Pelipper|Pelipper, M|100/100
|-weather|RainDance|[from] ability: Drizzle|[of] p1a: Pelipper
|turn|8
|
|t:|1760803377
|move|p2a: rng my ahh|Scale Shot|p1a: Pelipper
|-damage|p1a: Pelipper|77/100
|-damage|p1a: Pelipper|57/100
|-damage|p1a: Pelipper|36/100
|-damage|p1a: Pelipper|14/100
|-hitcount|p1a: Pelipper|4
|-unboost|p2a: rng my ahh|def|1
|-boost|p2a: rng my ahh|spe|1
|move|p1a: Pelipper|Hurricane|p2a: rng my ahh
|-damage|p2a: rng my ahh|74/100
|-start|p2a: rng my ahh|confusion
|
|-weather|RainDance|[upkeep]
|upkeep
|turn|9
|
|t:|1760803404
|-activate|p2a: rng my ahh|confusion
|-damage|p2a: rng my ahh|23/100|[from] confusion
|move|p1a: Pelipper|U-turn|p2a: rng my ahh
|-damage|p2a: rng my ahh|15/100
|
|t:|1760803408
|switch|p1a: Barraskewda|Barraskewda, F|81/100|[from] U-turn
|
|-weather|RainDance|[upkeep]
|upkeep
|turn|10
|
|t:|1760803414
|move|p1a: Barraskewda|Aqua Jet|p2a: rng my ahh
|-resisted|p2a: rng my ahh
|-damage|p2a: rng my ahh|0 fnt
|faint|p2a: rng my ahh
|-damage|p1a: Barraskewda|71/100|[from] item: Life Orb
|
|-weather|RainDance|[upkeep]
|-sideend|p2: ilytrix|move: Aurora Veil
|upkeep
|
|t:|1760803416
|switch|p2a: snow bunny|Ninetales-Alola, F|36/100
|-damage|p2a: snow bunny|12/100|[from] Stealth Rock
|-weather|Snowscape|[from] ability: Snow Warning|[of] p2a: snow bunny
|turn|11
|
|t:|1760803428
|move|p1a: Barraskewda|Aqua Jet|p2a: snow bunny
|-damage|p2a: snow bunny|0 fnt
|faint|p2a: snow bunny
|-damage|p1a: Barraskewda|61/100|[from] item: Life Orb
|
|-weather|Snowscape|[upkeep]
|upkeep
|
|t:|1760803430
|switch|p2a: 50/50|Raging Bolt|100/100
|-damage|p2a: 50/50|88/100|[from] Stealth Rock
|-enditem|p2a: 50/50|Booster Energy
|-activate|p2a: 50/50|ability: Protosynthesis|[fromitem]
|-start|p2a: 50/50|protosynthesisspa
|turn|12
|
|t:|1760803436
|switch|p1a: Iron Treads|Iron Treads|100/100
|move|p2a: 50/50|Dragon Pulse|p1a: Iron Treads
|-resisted|p1a: Iron Treads
|-damage|p1a: Iron Treads|76/100
|
|-weather|Snowscape|[upkeep]
|-heal|p1a: Iron Treads|82/100|[from] item: Leftovers
|upkeep
|turn|13
|
|t:|1760803442
|move|p1a: Iron Treads|Earthquake|p2a: 50/50
|-supereffective|p2a: 50/50
|-damage|p2a: 50/50|28/100
|move|p2a: 50/50|Calm Mind|p2a: 50/50
|-boost|p2a: 50/50|spa|1
|-boost|p2a: 50/50|spd|1
|
|-weather|Snowscape|[upkeep]
|-heal|p1a: Iron Treads|88/100|[from] item: Leftovers
|upkeep
|turn|14
|
|t:|1760803450
|move|p1a: Iron Treads|Earthquake|p2a: 50/50
|-supereffective|p2a: 50/50
|-damage|p2a: 50/50|0 fnt
|faint|p2a: 50/50
|-end|p2a: 50/50|Protosynthesis|[silent]
|
|-weather|Snowscape|[upkeep]
|-heal|p1a: Iron Treads|94/100|[from] item: Leftovers
|upkeep
|
|t:|1760803452
|switch|p2a: realpsyspam|Latias, F|100/100
|-damage|p2a: realpsyspam|88/100|[from] Stealth Rock
|turn|15
|
|t:|1760803476
|switch|p2a: bury the light|Ceruledge, M|100/100
|-damage|p2a: bury the light|76/100|[from] Stealth Rock
|move|p1a: Iron Treads|Knock Off|p2a: bury the light
|-supereffective|p2a: bury the light
|-damage|p2a: bury the light|6/100
|-ability|p2a: bury the light|Weak Armor|boost
|-unboost|p2a: bury the light|def|1
|-boost|p2a: bury the light|spe|2
|-enditem|p2a: bury the light|Focus Sash|[from] move: Knock Off|[of] p1a: Iron Treads
|
|-weather|none
|-heal|p1a: Iron Treads|99/100|[from] item: Leftovers
|upkeep
|turn|16
|
|t:|1760803491
|-end|p1a: Iron Treads|Quark Drive|[silent]
|switch|p1a: Pelipper|Pelipper, M|14/100
|-weather|RainDance|[from] ability: Drizzle|[of] p1a: Pelipper
|move|p2a: bury the light|Bitter Blade|p1a: Pelipper
|-resisted|p1a: Pelipper
|-damage|p1a: Pelipper|5/100
|-heal|p2a: bury the light|10/100|[from] drain|[of] p1a: Pelipper
|
|-weather|RainDance|[upkeep]
|upkeep
|turn|17
|
|t:|1760803496
|move|p2a: bury the light|Shadow Sneak|p1a: Pelipper
|-damage|p1a: Pelipper|0 fnt
|faint|p1a: Pelipper
|
|-weather|RainDance|[upkeep]
|upkeep
|
|t:|1760803513
|switch|p1a: Barraskewda|Barraskewda, F|61/100
|turn|18
|
|t:|1760803515
|move|p1a: Barraskewda|Aqua Jet|p2a: bury the light
|-supereffective|p2a: bury the light
|-damage|p2a: bury the light|0 fnt
|faint|p2a: bury the light
|-damage|p1a: Barraskewda|51/100|[from] item: Life Orb
|
|-weather|RainDance|[upkeep]
|upkeep
|
|t:|1760803517
|switch|p2a: realpsyspam|Latias, F|88/100
|-damage|p2a: realpsyspam|76/100|[from] Stealth Rock
|turn|19
|
|t:|1760803521
|move|p1a: Barraskewda|Liquidation|p2a: realpsyspam
|-resisted|p2a: realpsyspam
|-damage|p2a: realpsyspam|16/100
|-damage|p1a: Barraskewda|41/100|[from] item: Life Orb
|move|p2a: realpsyspam|Agility|p2a: realpsyspam
|-boost|p2a: realpsyspam|spe|2
|
|-weather|RainDance|[upkeep]
|-heal|p2a: realpsyspam|22/100|[from] item: Leftovers
|upkeep
|turn|20
|
|t:|1760803528
|move|p1a: Barraskewda|Aqua Jet|p2a: realpsyspam
|-resisted|p2a: realpsyspam
|-damage|p2a: realpsyspam|0 fnt
|faint|p2a: realpsyspam
|-damage|p1a: Barraskewda|31/100|[from] item: Life Orb
|
|win|theonreekgreyjoy
|raw|theonreekgreyjoy's rating: 1691 &rarr; <strong>1714</strong><br />(+23 for winning)
|raw|ilytrix's rating: 1748 &rarr; <strong>1725</strong><br />(-23 for losing)
|l|☆ilytrix
|player|p2|
