|j|☆Hgfhhfghfff
|j|☆SpongeGar & Patar
|t:|1760793783
|gametype|singles
|player|p1|Hgfhhfghfff|169|1733
|player|p2|SpongeGar & Patar|101|1863
|gen|9
|tier|[Gen 9] OU
|rated|
|rule|HP Percentage Mod: HP is shown in percentages
|rule|Endless Battle Clause: Forcing endless battles is banned
|rule|Species Clause: Limit one of each Pokémon
|rule|OHKO Clause: OHKO moves are banned
|rule|Evasion Items Clause: Evasion items are banned
|rule|Evasion Moves Clause: Evasion moves are banned
|rule|Evasion Abilities Clause: Evasion abilities are banned
|rule|Sleep Moves Clause: Sleep-inducing moves are banned
|clearpoke
|poke|p1|Scream Tail|
|poke|p1|Ursaluna, M|
|poke|p1|Talonflame, M|
|poke|p1|Trevenant, F|
|poke|p1|Iron Hands|
|poke|p1|Empoleon, F|
|poke|p2|Kyurem|
|poke|p2|Corviknight, F|
|poke|p2|Ting-Lu|
|poke|p2|Dondozo, F|
|poke|p2|Slowking-Galar, L99, M|
|poke|p2|Cinderace, F|
|teampreview
|inactive|Battle timer is ON: inactive players will automatically lose when time's up. (requested by Hgfhhfghfff)
|inactive|SpongeGar & Patar has 120 seconds left.
|
|t:|1760793833
|teamsize|p1|6
|teamsize|p2|6
|start
|switch|p1a: Talonflame|Talonflame, M|100/100
|switch|p2a: Dondozo|Dondozo, F|100/100
|turn|1
|inactive|SpongeGar & Patar also wants the timer to be on.
|inactive|SpongeGar & Patar has 120 seconds left.
|
|t:|1760793882
|move|p1a: Talonflame|U-turn|p2a: Dondozo
|-damage|p2a: Dondozo|95/100
|
|t:|1760793884
|switch|p1a: Trevenant|Trevenant, F|100/100|[from] U-turn
|move|p2a: Dondozo|Waterfall|p1a: Trevenant
|-resisted|p1a: Trevenant
|-damage|p1a: Trevenant|88/100
|
|-heal|p2a: Dondozo|100/100|[from] item: Leftovers
|upkeep
|turn|2
|inactive|SpongeGar & Patar has 90 seconds left.
|
|t:|1760793935
|switch|p2a: Kyurem|Kyurem|100/100
|-ability|p2a: Kyurem|Pressure
|move|p1a: Trevenant|Leech Seed|p2a: Kyurem
|-start|p2a: Kyurem|move: Leech Seed
|
|-damage|p2a: Kyurem|88/100|[from] Leech Seed|[of] p1a: Trevenant
|-heal|p1a: Trevenant|100/100|[silent]
|upkeep
|turn|3
|inactive|SpongeGar & Patar has 60 seconds left.
|
|t:|1760793984
|switch|p1a: Empoleon|Empoleon, F|100/100
|move|p2a: Kyurem|Freeze-Dry|p1a: Empoleon
|-damage|p1a: Empoleon|63/100
|
|-heal|p2a: Kyurem|94/100|[from] item: Leftovers
|-heal|p1a: Empoleon|69/100|[from] item: Leftovers
|-damage|p2a: Kyurem|82/100|[from] Leech Seed|[of] p1a: Empoleon
|-heal|p1a: Empoleon|86/100|[silent]
|upkeep
|turn|4
|
|t:|1760793994
|move|p2a: Kyurem|Freeze-Dry|p1a: Empoleon
|-crit|p1a: Empoleon
|-damage|p1a: Empoleon|24/100
|move|p1a: Empoleon|Flash Cannon|p2a: Kyurem
|-supereffective|p2a: Kyurem
|-damage|p2a: Kyurem|3/100
|
|-heal|p2a: Kyurem|9/100|[from] item: Leftovers
|-heal|p1a: Empoleon|31/100|[from] item: Leftovers
|-damage|p2a: Kyurem|0 fnt|[from] Leech Seed|[of] p1a: Empoleon
|-heal|p1a: Empoleon|42/100|[silent]
|faint|p2a: Kyurem
|upkeep
|
|t:|1760794004
|switch|p2a: Dondozo|Dondozo, F|100/100
|turn|5
|
|t:|1760794013
|move|p1a: Empoleon|Roost|p1a: Empoleon
|-heal|p1a: Empoleon|92/100
|-singleturn|p1a: Empoleon|move: Roost
|move|p2a: Dondozo|Curse|p2a: Dondozo
|-unboost|p2a: Dondozo|spe|1
|-boost|p2a: Dondozo|atk|1
|-boost|p2a: Dondozo|def|1
|
|-heal|p1a: Empoleon|98/100|[from] item: Leftovers
|upkeep
|turn|6
|
|t:|1760794023
|switch|p1a: Trevenant|Trevenant, F|100/100
|move|p2a: Dondozo|Curse|p2a: Dondozo
|-unboost|p2a: Dondozo|spe|1
|-boost|p2a: Dondozo|atk|1
|-boost|p2a: Dondozo|def|1
|
|upkeep
|turn|7
|
|t:|1760794032
|move|p1a: Trevenant|Substitute|p1a: Trevenant
|-start|p1a: Trevenant|Substitute
|-damage|p1a: Trevenant|76/100
|move|p2a: Dondozo|Curse|p2a: Dondozo
|-unboost|p2a: Dondozo|spe|1
|-boost|p2a: Dondozo|atk|1
|-boost|p2a: Dondozo|def|1
|
|upkeep
|turn|8
|
|t:|1760794041
|move|p1a: Trevenant|Curse|p2a: Dondozo
|-start|p2a: Dondozo|Curse|[of] p1a: Trevenant
|-damage|p1a: Trevenant|26/100
|-enditem|p1a: Trevenant|Sitrus Berry|[eat]
|-heal|p1a: Trevenant|50/100|[from] item: Sitrus Berry
|move|p2a: Dondozo|Waterfall|p1a: Trevenant
|-resisted|p1a: Trevenant
|-end|p1a: Trevenant|Substitute
|
|-damage|p2a: Dondozo|76/100|[from] Curse
|-item|p1a: Trevenant|Sitrus Berry|[from] ability: Harvest
|upkeep
|-enditem|p1a: Trevenant|Sitrus Berry|[eat]
|-heal|p1a: Trevenant|75/100|[from] item: Sitrus Berry
|turn|9
|inactive|SpongeGar & Patar has 60 seconds left.
|
|t:|1760794053
|move|p1a: Trevenant|Substitute|p1a: Trevenant
|-start|p1a: Trevenant|Substitute
|-damage|p1a: Trevenant|50/100
|move|p2a: Dondozo|Waterfall|p1a: Trevenant
|-resisted|p1a: Trevenant
|-end|p1a: Trevenant|Substitute
|
|-heal|p2a: Dondozo|82/100|[from] item: Leftovers
|-damage|p2a: Dondozo|57/100|[from] Curse
|upkeep
|turn|10
|
|t:|1760794062
|move|p1a: Trevenant|Substitute|p1a: Trevenant
|-start|p1a: Trevenant|Substitute
|-damage|p1a: Trevenant|26/100
|move|p2a: Dondozo|Waterfall|p1a: Trevenant
|-resisted|p1a: Trevenant
|-end|p1a: Trevenant|Substitute
|
|-heal|p2a: Dondozo|63/100|[from] item: Leftovers
|-damage|p2a: Dondozo|38/100|[from] Curse
|-item|p1a: Trevenant|Sitrus Berry|[from] ability: Harvest
|upkeep
|-enditem|p1a: Trevenant|Sitrus Berry|[eat]
|-heal|p1a: Trevenant|50/100|[from] item: Sitrus Berry
|turn|11
|
|t:|1760794073
|move|p1a: Trevenant|Substitute|p1a: Trevenant
|-start|p1a: Trevenant|Substitute
|-damage|p1a: Trevenant|26/100
|move|p2a: Dondozo|Waterfall|p1a: Trevenant
|-resisted|p1a: Trevenant
|-end|p1a: Trevenant|Substitute
|
|-heal|p2a: Dondozo|44/100|[from] item: Leftovers
|-damage|p2a: Dondozo|20/100|[from] Curse
|-item|p1a: Trevenant|Sitrus Berry|[from] ability: Harvest
|upkeep
|-enditem|p1a: Trevenant|Sitrus Berry|[eat]
|-heal|p1a: Trevenant|50/100|[from] item: Sitrus Berry
|turn|12
|
|t:|1760794084
|move|p1a: Trevenant|Substitute|p1a: Trevenant
|-start|p1a: Trevenant|Substitute
|-damage|p1a: Trevenant|26/100
|move|p2a: Dondozo|Waterfall|p1a: Trevenant
|-resisted|p1a: Trevenant
|-end|p1a: Trevenant|Substitute
|
|-heal|p2a: Dondozo|26/100|[from] item: Leftovers
|-damage|p2a: Dondozo|1/100|[from] Curse
|-item|p1a: Trevenant|Sitrus Berry|[from] ability: Harvest
|upkeep
|-enditem|p1a: Trevenant|Sitrus Berry|[eat]
|-heal|p1a: Trevenant|50/100|[from] item: Sitrus Berry
|turn|13
|
|t:|1760794094
|switch|p2a: Corviknight|Corviknight, F|100/100
|-ability|p2a: Corviknight|Pressure
|move|p1a: Trevenant|Shadow Claw|p2a: Corviknight
|-damage|p2a: Corviknight|84/100
|-damage|p1a: Trevenant|34/100|[from] item: Rocky Helmet|[of] p2a: Corviknight
|
|-item|p1a: Trevenant|Sitrus Berry|[from] ability: Harvest
|upkeep
|-enditem|p1a: Trevenant|Sitrus Berry|[eat]
|-heal|p1a: Trevenant|59/100|[from] item: Sitrus Berry
|turn|14
|
|t:|1760794105
|move|p2a: Corviknight|Brave Bird|p1a: Trevenant
|-supereffective|p1a: Trevenant
|-damage|p1a: Trevenant|2/100
|-damage|p2a: Corviknight|66/100|[from] Recoil
|move|p1a: Trevenant|Leech Seed|p2a: Corviknight
|-start|p2a: Corviknight|move: Leech Seed
|
|-damage|p2a: Corviknight|54/100|[from] Leech Seed|[of] p1a: Trevenant
|-heal|p1a: Trevenant|15/100|[silent]
|-item|p1a: Trevenant|Sitrus Berry|[from] ability: Harvest
|upkeep
|-enditem|p1a: Trevenant|Sitrus Berry|[eat]
|-heal|p1a: Trevenant|40/100|[from] item: Sitrus Berry
|turn|15
|
|t:|1760794119
|switch|p1a: Talonflame|Talonflame, M|100/100
|move|p2a: Corviknight|U-turn|p1a: Talonflame
|-resisted|p1a: Talonflame
|-damage|p1a: Talonflame|96/100
|
|t:|1760794130
|switch|p2a: Slowking|Slowking-Galar, L99, M|100/100|[from] U-turn
|
|upkeep
|turn|16
|
|t:|1760794139
|move|p1a: Talonflame|U-turn|p2a: Slowking
|-damage|p2a: Slowking|88/100
|
|t:|1760794141
|switch|p1a: Ursaluna|Ursaluna, M|100/100|[from] U-turn
|move|p2a: Slowking|Toxic|p1a: Ursaluna
|-status|p1a: Ursaluna|tox
|
|-damage|p1a: Ursaluna|94/100 tox|[from] psn
|upkeep
|turn|17
|
|t:|1760794151
|switch|p2a: Corviknight|Corviknight, F|54/100
|-ability|p2a: Corviknight|Pressure
|move|p1a: Ursaluna|Fire Punch|p2a: Corviknight
|-supereffective|p2a: Corviknight
|-damage|p2a: Corviknight|3/100
|-damage|p1a: Ursaluna|78/100 tox|[from] item: Rocky Helmet|[of] p2a: Corviknight
|
|-damage|p1a: Ursaluna|66/100 tox|[from] psn
|upkeep
|turn|18
|inactive|SpongeGar & Patar has 90 seconds left.
|inactive|SpongeGar & Patar has 60 seconds left.
|
|t:|1760794201
|move|p2a: Corviknight|Roost|p2a: Corviknight
|-heal|p2a: Corviknight|53/100
|-singleturn|p2a: Corviknight|move: Roost
|move|p1a: Ursaluna|Drain Punch|p2a: Corviknight
|-supereffective|p2a: Corviknight
|-damage|p2a: Corviknight|2/100
|-heal|p1a: Ursaluna|88/100 tox|[from] drain|[of] p2a: Corviknight
|-damage|p1a: Ursaluna|71/100 tox|[from] item: Rocky Helmet|[of] p2a: Corviknight
|
|-damage|p1a: Ursaluna|53/100 tox|[from] psn
|upkeep
|turn|19
|j| code4real
|inactive|SpongeGar & Patar has 60 seconds left.
|inactive|SpongeGar & Patar has 30 seconds left.
|
|t:|1760794249
|switch|p1a: Talonflame|Talonflame, M|96/100
|move|p2a: Corviknight|Roost|p2a: Corviknight
|-heal|p2a: Corviknight|52/100
|-singleturn|p2a: Corviknight|move: Roost
|
|upkeep
|turn|20
|inactive|SpongeGar & Patar has 30 seconds left.
|
|t:|1760794259
|move|p1a: Talonflame|U-turn|p2a: Corviknight
|-resisted|p2a: Corviknight
|-damage|p2a: Corviknight|50/100
|-damage|p1a: Talonflame|80/100|[from] item: Rocky Helmet|[of] p2a: Corviknight
|
|t:|1760794262
|switch|p1a: Iron Hands|Iron Hands|100/100|[from] U-turn
|move|p2a: Corviknight|Roost|p2a: Corviknight
|-heal|p2a: Corviknight|100/100
|-singleturn|p2a: Corviknight|move: Roost
|
|upkeep
|turn|21
|j| parabola22
|
|t:|1760794271
|move|p2a: Corviknight|U-turn|p1a: Iron Hands
|-resisted|p1a: Iron Hands
|-damage|p1a: Iron Hands|97/100
|
|t:|1760794281
|switch|p2a: Slowking|Slowking-Galar, L99, M|100/100|[from] U-turn
|move|p1a: Iron Hands|Swords Dance|p1a: Iron Hands
|-boost|p1a: Iron Hands|atk|2
|
|-heal|p1a: Iron Hands|100/100|[from] item: Leftovers
|upkeep
|turn|22
|
|t:|1760794291
|move|p1a: Iron Hands|Supercell Slam|p2a: Slowking
|-damage|p2a: Slowking|7/100
|-prepare|p2a: Slowking|Chilly Reception|[premajor]
|move|p2a: Slowking|Chilly Reception|p2a: Slowking
|-weather|Snowscape
|
|t:|1760794300
|switch|p2a: Cinderace|Cinderace, F|100/100|[from] Chilly Reception
|
|-weather|Snowscape|[upkeep]
|upkeep
|turn|23
|
|t:|1760794309
|-end|p1a: Iron Hands|Quark Drive|[silent]
|switch|p1a: Talonflame|Talonflame, M|80/100
|move|p2a: Cinderace|Will-O-Wisp|p1a: Talonflame
|-immune|p1a: Talonflame
|
|-weather|Snowscape|[upkeep]
|upkeep
|turn|24
|
|t:|1760794319
|move|p1a: Talonflame|Flamethrower|p2a: Cinderace
|-resisted|p2a: Cinderace
|-damage|p2a: Cinderace|85/100
|move|p2a: Cinderace|Pyro Ball|p1a: Talonflame
|-resisted|p1a: Talonflame
|-damage|p1a: Talonflame|50/100
|
|-weather|Snowscape|[upkeep]
|upkeep
|turn|25
|
|t:|1760794330
|move|p1a: Talonflame|Roost|p1a: Talonflame
|-heal|p1a: Talonflame|100/100
|-singleturn|p1a: Talonflame|move: Roost
|move|p2a: Cinderace|Pyro Ball|p1a: Talonflame
|-resisted|p1a: Talonflame
|-damage|p1a: Talonflame|68/100
|
|-weather|Snowscape|[upkeep]
|upkeep
|turn|26
|
|t:|1760794340
|move|p1a: Talonflame|Flamethrower|p2a: Cinderace
|-resisted|p2a: Cinderace
|-damage|p2a: Cinderace|70/100
|move|p2a: Cinderace|Pyro Ball|p1a: Talonflame
|-resisted|p1a: Talonflame
|-crit|p1a: Talonflame
|-damage|p1a: Talonflame|26/100
|
|-weather|none
|upkeep
|turn|27
|inactive|SpongeGar & Patar has 60 seconds left.
|
|t:|1760794350
|move|p1a: Talonflame|Roost|p1a: Talonflame
|-heal|p1a: Talonflame|76/100
|-singleturn|p1a: Talonflame|move: Roost
|move|p2a: Cinderace|U-turn|p1a: Talonflame
|-resisted|p1a: Talonflame
|-damage|p1a: Talonflame|64/100
|inactive|SpongeGar & Patar has 60 seconds left.
|
|t:|1760794359
|switch|p2a: Slowking|Slowking-Galar, L99, M|40/100|[from] U-turn
|
|upkeep
|turn|28
|
|t:|1760794368
|move|p1a: Talonflame|U-turn|p2a: Slowking
|-damage|p2a: Slowking|29/100
|l| code4real
|
|t:|1760794371
|switch|p1a: Empoleon|Empoleon, F|98/100|[from] U-turn
|-prepare|p2a: Slowking|Chilly Reception|[premajor]
|move|p2a: Slowking|Chilly Reception|p2a: Slowking
|-weather|Snowscape
|
|t:|1760794380
|switch|p2a: Dondozo|Dondozo, F|1/100|[from] Chilly Reception
|
|-weather|Snowscape|[upkeep]
|-heal|p1a: Empoleon|100/100|[from] item: Leftovers
|-heal|p2a: Dondozo|7/100|[from] item: Leftovers
|upkeep
|turn|29
|
|t:|1760794390
|switch|p2a: Slowking|Slowking-Galar, L99, M|62/100
|move|p1a: Empoleon|Surf|p2a: Slowking
|-damage|p2a: Slowking|33/100
|
|-weather|Snowscape|[upkeep]
|upkeep
|turn|30
|
|t:|1760794399
|move|p1a: Empoleon|Surf|p2a: Slowking
|-damage|p2a: Slowking|3/100
|move|p2a: Slowking|Future Sight|p1a: Empoleon
|-start|p2a: Slowking|move: Future Sight
|
|-weather|Snowscape|[upkeep]
|upkeep
|turn|31
|
|t:|1760794409
|switch|p2a: Ting-Lu|Ting-Lu|100/100
|-ability|p2a: Ting-Lu|Vessel of Ruin
|move|p1a: Empoleon|Surf|p2a: Ting-Lu
|-supereffective|p2a: Ting-Lu
|-crit|p2a: Ting-Lu
|-damage|p2a: Ting-Lu|42/100
|
|-weather|Snowscape|[upkeep]
|-heal|p2a: Ting-Lu|48/100|[from] item: Leftovers
|upkeep
|turn|32
|inactive|SpongeGar & Patar has 90 seconds left.
|
|t:|1760794418
|move|p1a: Empoleon|Surf|p2a: Ting-Lu
|-supereffective|p2a: Ting-Lu
|-damage|p2a: Ting-Lu|6/100
|move|p2a: Ting-Lu|Earthquake|p1a: Empoleon
|-supereffective|p1a: Empoleon
|-damage|p1a: Empoleon|3/100
|
|-weather|none
|-end|p1a: Empoleon|move: Future Sight
|-resisted|p1a: Empoleon
|-damage|p1a: Empoleon|0 fnt
|faint|p1a: Empoleon
|-heal|p2a: Ting-Lu|13/100|[from] item: Leftovers
|upkeep
|
|t:|1760794429
|switch|p1a: Talonflame|Talonflame, M|64/100
|turn|33
|
|t:|1760794439
|switch|p2a: Cinderace|Cinderace, F|70/100
|move|p1a: Talonflame|U-turn|p2a: Cinderace
|-resisted|p2a: Cinderace
|-damage|p2a: Cinderace|63/100
|
|t:|1760794444
|switch|p1a: Scream Tail|Scream Tail|100/100|[from] U-turn
|
|upkeep
|turn|34
|inactive|SpongeGar & Patar has 90 seconds left.
|
|t:|1760794493
|move|p2a: Cinderace|Pyro Ball|p1a: Scream Tail
|-damage|p1a: Scream Tail|62/100
|move|p1a: Scream Tail|Wish|p1a: Scream Tail
|
|-heal|p1a: Scream Tail|68/100|[from] item: Leftovers
|upkeep
|turn|35
|inactive|SpongeGar & Patar has 60 seconds left.
|
|t:|1760794542
|move|p2a: Cinderace|U-turn|p1a: Scream Tail
|-damage|p1a: Scream Tail|53/100
|
|t:|1760794552
|switch|p2a: Slowking|Slowking-Galar, L99, M|37/100|[from] U-turn
|move|p1a: Scream Tail|Psychic Noise|p2a: Slowking
|-damage|p2a: Slowking|25/100
|-start|p2a: Slowking|move: Heal Block
|
|-heal|p1a: Scream Tail|100/100|[from] move: Wish|[wisher] Scream Tail
|upkeep
|turn|36
|
|t:|1760794565
|-end|p1a: Scream Tail|Protosynthesis|[silent]
|switch|p1a: Ursaluna|Ursaluna, M|53/100 tox
|move|p2a: Slowking|Toxic|p1a: Ursaluna
|-fail|p1a: Ursaluna|tox
|
|-damage|p1a: Ursaluna|47/100 tox|[from] psn
|-end|p2a: Slowking|move: Heal Block
|upkeep
|turn|37
|
|t:|1760794577
|switch|p1a: Talonflame|Talonflame, M|64/100
|switch|p2a: Corviknight|Corviknight, F|100/100
|-ability|p2a: Corviknight|Pressure
|
|upkeep
|turn|38
|
|t:|1760794587
|move|p1a: Talonflame|Flamethrower|p2a: Corviknight
|-supereffective|p2a: Corviknight
|-damage|p2a: Corviknight|54/100
|move|p2a: Corviknight|U-turn|p1a: Talonflame
|-resisted|p1a: Talonflame
|-damage|p1a: Talonflame|60/100
|-status|p2a: Corviknight|brn|[from] ability: Flame Body|[of] p1a: Talonflame
|
|t:|1760794596
|switch|p2a: Slowking|Slowking-Galar, L99, M|58/100|[from] U-turn
|
|upkeep
|turn|39
|
|t:|1760794605
|move|p1a: Talonflame|U-turn|p2a: Slowking
|-damage|p2a: Slowking|45/100
|
|t:|1760794610
|switch|p1a: Scream Tail|Scream Tail|100/100|[from] U-turn
|-prepare|p2a: Slowking|Chilly Reception|[premajor]
|move|p2a: Slowking|Chilly Reception|p2a: Slowking
|-weather|Snowscape
|inactive|SpongeGar & Patar has 60 seconds left.
|
|t:|1760794619
|switch|p2a: Cinderace|Cinderace, F|63/100|[from] Chilly Reception
|
|-weather|Snowscape|[upkeep]
|upkeep
|turn|40
|
|t:|1760794628
|move|p2a: Cinderace|Pyro Ball|p1a: Scream Tail
|-damage|p1a: Scream Tail|65/100
|move|p1a: Scream Tail|Wish|p1a: Scream Tail
|
|-weather|Snowscape|[upkeep]
|-heal|p1a: Scream Tail|71/100|[from] item: Leftovers
|upkeep
|turn|41
|
|t:|1760794638
|move|p2a: Cinderace|U-turn|p1a: Scream Tail
|-damage|p1a: Scream Tail|57/100
|
|t:|1760794648
|switch|p2a: Ting-Lu|Ting-Lu|13/100|[from] U-turn
|-ability|p2a: Ting-Lu|Vessel of Ruin
|move|p1a: Scream Tail|Trick Room|p1a: Scream Tail
|-fieldstart|move: Trick Room|[of] p1a: Scream Tail
|
|-weather|Snowscape|[upkeep]
|-heal|p1a: Scream Tail|100/100|[from] move: Wish|[wisher] Scream Tail
|-heal|p2a: Ting-Lu|19/100|[from] item: Leftovers
|upkeep
|turn|42
|
|t:|1760794657
|-end|p1a: Scream Tail|Protosynthesis|[silent]
|switch|p1a: Trevenant|Trevenant, F|40/100
|move|p2a: Ting-Lu|Rest|p2a: Ting-Lu
|-status|p2a: Ting-Lu|slp|[from] move: Rest
|-heal|p2a: Ting-Lu|100/100 slp|[silent]
|
|-weather|Snowscape|[upkeep]
|-item|p1a: Trevenant|Sitrus Berry|[from] ability: Harvest
|upkeep
|-enditem|p1a: Trevenant|Sitrus Berry|[eat]
|-heal|p1a: Trevenant|65/100|[from] item: Sitrus Berry
|turn|43
|
|t:|1760794666
|switch|p2a: Dondozo|Dondozo, F|7/100
|move|p1a: Trevenant|Substitute|p1a: Trevenant
|-start|p1a: Trevenant|Substitute
|-damage|p1a: Trevenant|40/100
|
|-weather|none
|-heal|p2a: Dondozo|13/100|[from] item: Leftovers
|upkeep
|turn|44
|
|t:|1760794676
|move|p2a: Dondozo|Rest|p2a: Dondozo
|-status|p2a: Dondozo|slp|[from] move: Rest
|-heal|p2a: Dondozo|100/100 slp|[silent]
|move|p1a: Trevenant|Leech Seed|p2a: Dondozo
|-start|p2a: Dondozo|move: Leech Seed
|
|-damage|p2a: Dondozo|88/100 slp|[from] Leech Seed|[of] p1a: Trevenant
|-heal|p1a: Trevenant|57/100|[silent]
|upkeep
|turn|45
|inactive|SpongeGar & Patar has 90 seconds left.
|
|t:|1760794685
|switch|p2a: Slowking|Slowking-Galar, L99, M|78/100
|move|p1a: Trevenant|Curse|p2a: Slowking
|-start|p2a: Slowking|Curse|[of] p1a: Trevenant
|-damage|p1a: Trevenant|7/100
|
|-damage|p2a: Slowking|53/100|[from] Curse
|-fieldend|move: Trick Room
|-item|p1a: Trevenant|Sitrus Berry|[from] ability: Harvest
|upkeep
|-enditem|p1a: Trevenant|Sitrus Berry|[eat]
|-heal|p1a: Trevenant|32/100|[from] item: Sitrus Berry
|turn|46
|
|t:|1760794694
|switch|p2a: Corviknight|Corviknight, F|54/100 brn
|-ability|p2a: Corviknight|Pressure
|move|p1a: Trevenant|Shadow Claw|p2a: Corviknight
|-damage|p2a: Corviknight|37/100 brn
|-damage|p1a: Trevenant|15/100|[from] item: Rocky Helmet|[of] p2a: Corviknight
|
|-damage|p2a: Corviknight|31/100 brn|[from] brn
|upkeep
|turn|47
|
|t:|1760794704
|move|p2a: Corviknight|Brave Bird|p1a: Trevenant
|-supereffective|p1a: Trevenant
|-end|p1a: Trevenant|Substitute
|-damage|p2a: Corviknight|23/100 brn|[from] Recoil|[of] p1a: Trevenant
|move|p1a: Trevenant|Leech Seed|p2a: Corviknight|[miss]
|-miss|p1a: Trevenant|p2a: Corviknight
|
|-damage|p2a: Corviknight|17/100 brn|[from] brn
|upkeep
|turn|48
|
|t:|1760794715
|switch|p1a: Talonflame|Talonflame, M|60/100
|move|p2a: Corviknight|U-turn|p1a: Talonflame
|-resisted|p1a: Talonflame
|-damage|p1a: Talonflame|57/100
|
|t:|1760794724
|switch|p2a: Slowking|Slowking-Galar, L99, M|86/100|[from] U-turn
|
|upkeep
|turn|49
|
|t:|1760794734
|move|p1a: Talonflame|U-turn|p2a: Slowking
|-damage|p2a: Slowking|74/100
|
|t:|1760794736
|switch|p1a: Ursaluna|Ursaluna, M|47/100 tox|[from] U-turn
|move|p2a: Slowking|Sludge Bomb|p1a: Ursaluna
|-resisted|p1a: Ursaluna
|-damage|p1a: Ursaluna|34/100 tox
|
|-damage|p1a: Ursaluna|28/100 tox|[from] psn
|upkeep
|turn|50
|inactive|SpongeGar & Patar has 120 seconds left.
|inactive|SpongeGar & Patar has 90 seconds left.
|
|t:|1760794786
|switch|p2a: Corviknight|Corviknight, F|17/100 brn
|-ability|p2a: Corviknight|Pressure
|move|p1a: Ursaluna|Drain Punch|p2a: Corviknight
|-damage|p2a: Corviknight|0 fnt
|-heal|p1a: Ursaluna|35/100 tox|[from] drain|[of] p2a: Corviknight
|-damage|p1a: Ursaluna|18/100 tox|[from] item: Rocky Helmet|[of] p2a: Corviknight
|faint|p2a: Corviknight
|
|-damage|p1a: Ursaluna|6/100 tox|[from] psn
|upkeep
|inactive|SpongeGar & Patar has 60 seconds left.
|
|t:|1760794835
|switch|p2a: Cinderace|Cinderace, F|63/100
|turn|51
|
|t:|1760794844
|switch|p1a: Talonflame|Talonflame, M|57/100
|move|p2a: Cinderace|Pyro Ball|p1a: Talonflame|[miss]
|-miss|p2a: Cinderace|p1a: Talonflame
|
|upkeep
|turn|52
|
|t:|1760794854
|move|p1a: Talonflame|Roost|p1a: Talonflame
|-heal|p1a: Talonflame|100/100
|-singleturn|p1a: Talonflame|move: Roost
|move|p2a: Cinderace|U-turn|p1a: Talonflame
|-resisted|p1a: Talonflame
|-damage|p1a: Talonflame|89/100
|
|t:|1760794863
|switch|p2a: Slowking|Slowking-Galar, L99, M|100/100|[from] U-turn
|
|upkeep
|turn|53
|
|t:|1760794872
|move|p1a: Talonflame|U-turn|p2a: Slowking
|-damage|p2a: Slowking|87/100
|
|t:|1760794875
|switch|p1a: Scream Tail|Scream Tail|100/100|[from] U-turn
|move|p2a: Slowking|Future Sight|p1a: Scream Tail
|-start|p2a: Slowking|move: Future Sight
|
|upkeep
|turn|54
|inactive|SpongeGar & Patar has 60 seconds left.
|
|t:|1760794884
|switch|p2a: Cinderace|Cinderace, F|63/100
|move|p1a: Scream Tail|Wish|p1a: Scream Tail
|
|upkeep
|turn|55
|
|t:|1760794894
|switch|p2a: Slowking|Slowking-Galar, L99, M|100/100
|move|p1a: Scream Tail|Trick Room|p1a: Scream Tail
|-fieldstart|move: Trick Room|[of] p1a: Scream Tail
|
|-end|p1a: Scream Tail|move: Future Sight
|-resisted|p1a: Scream Tail
|-damage|p1a: Scream Tail|90/100
|-heal|p1a: Scream Tail|100/100|[from] move: Wish|[wisher] Scream Tail
|upkeep
|turn|56
|
|t:|1760794916
|move|p2a: Slowking|Future Sight|p1a: Scream Tail
|-start|p2a: Slowking|move: Future Sight
|move|p1a: Scream Tail|Psychic Noise|p2a: Slowking
|-crit|p2a: Slowking
|-damage|p2a: Slowking|83/100
|-start|p2a: Slowking|move: Heal Block
|
|upkeep
|turn|57
|
|t:|1760794926
|move|p2a: Slowking|Sludge Bomb|p1a: Scream Tail
|-supereffective|p1a: Scream Tail
|-damage|p1a: Scream Tail|68/100
|move|p1a: Scream Tail|Wish|p1a: Scream Tail
|
|-heal|p1a: Scream Tail|74/100|[from] item: Leftovers
|-end|p2a: Slowking|move: Heal Block
|upkeep
|turn|58
|
|t:|1760794935
|move|p1a: Scream Tail|Protect|p1a: Scream Tail
|-singleturn|p1a: Scream Tail|Protect
|move|p2a: Slowking|Toxic|p1a: Scream Tail
|-activate|p1a: Scream Tail|move: Protect
|
|-end|p1a: Scream Tail|move: Future Sight
|-resisted|p1a: Scream Tail
|-damage|p1a: Scream Tail|63/100
|-heal|p1a: Scream Tail|100/100|[from] move: Wish|[wisher] Scream Tail
|upkeep
|turn|59
|j| powerfull_rock
|
|t:|1760794956
|move|p2a: Slowking|Future Sight|p1a: Scream Tail
|-start|p2a: Slowking|move: Future Sight
|move|p1a: Scream Tail|Wish|p1a: Scream Tail
|
|-fieldend|move: Trick Room
|upkeep
|turn|60
|inactive|SpongeGar & Patar has 90 seconds left.
|l| powerfull_rock
|inactive|Hgfhhfghfff has 120 seconds left.
|
|t:|1760794995
|-end|p1a: Scream Tail|Protosynthesis|[silent]
|switch|p1a: Talonflame|Talonflame, M|89/100
|move|p2a: Slowking|Toxic|p1a: Talonflame
|-status|p1a: Talonflame|tox
|
|-heal|p1a: Talonflame|100/100 tox|[from] move: Wish|[wisher] Scream Tail
|-damage|p1a: Talonflame|94/100 tox|[from] psn
|upkeep
|turn|61
|
|t:|1760795004
|move|p1a: Talonflame|U-turn|p2a: Slowking
|-damage|p2a: Slowking|71/100
|
|t:|1760795008
|switch|p1a: Scream Tail|Scream Tail|100/100|[from] U-turn
|move|p2a: Slowking|Sludge Bomb|p1a: Scream Tail
|-supereffective|p1a: Scream Tail
|-damage|p1a: Scream Tail|67/100
|-status|p1a: Scream Tail|psn
|
|-end|p1a: Scream Tail|move: Future Sight
|-resisted|p1a: Scream Tail
|-damage|p1a: Scream Tail|55/100 psn
|-heal|p1a: Scream Tail|61/100 psn|[from] item: Leftovers
|-damage|p1a: Scream Tail|49/100 psn|[from] psn
|upkeep
|turn|62
|inactive|Hgfhhfghfff has 120 seconds left.
|
|t:|1760795017
|move|p1a: Scream Tail|Wish|p1a: Scream Tail
|move|p2a: Slowking|Sludge Bomb|p1a: Scream Tail
|-supereffective|p1a: Scream Tail
|-damage|p1a: Scream Tail|12/100 psn
|
|-heal|p1a: Scream Tail|19/100 psn|[from] item: Leftovers
|-damage|p1a: Scream Tail|6/100 psn|[from] psn
|upkeep
|turn|63
|inactive|Hgfhhfghfff has 120 seconds left.
|
|t:|1760795028
|move|p1a: Scream Tail|Psychic Noise|p2a: Slowking
|-damage|p2a: Slowking|59/100
|-start|p2a: Slowking|move: Heal Block
|move|p2a: Slowking|Future Sight|p1a: Scream Tail
|-start|p2a: Slowking|move: Future Sight
|
|-heal|p1a: Scream Tail|56/100 psn|[from] move: Wish|[wisher] Scream Tail
|-heal|p1a: Scream Tail|62/100 psn|[from] item: Leftovers
|-damage|p1a: Scream Tail|50/100 psn|[from] psn
|upkeep
|turn|64
|l| parabola22
|inactive|Hgfhhfghfff has 120 seconds left.
|
|t:|1760795041
|move|p1a: Scream Tail|Protect|p1a: Scream Tail
|-singleturn|p1a: Scream Tail|Protect
|move|p2a: Slowking|Sludge Bomb|p1a: Scream Tail
|-activate|p1a: Scream Tail|move: Protect
|
|-heal|p1a: Scream Tail|56/100 psn|[from] item: Leftovers
|-damage|p1a: Scream Tail|44/100 psn|[from] psn
|-end|p2a: Slowking|move: Heal Block
|upkeep
|turn|65
|inactive|SpongeGar & Patar has 120 seconds left.
|
|t:|1760795050
|switch|p2a: Cinderace|Cinderace, F|63/100
|move|p1a: Scream Tail|Wish|p1a: Scream Tail
|
|-end|p1a: Scream Tail|move: Future Sight
|-resisted|p1a: Scream Tail
|-damage|p1a: Scream Tail|33/100 psn
|-heal|p1a: Scream Tail|40/100 psn|[from] item: Leftovers
|-damage|p1a: Scream Tail|27/100 psn|[from] psn
|upkeep
|turn|66
|
|t:|1760795060
|move|p1a: Scream Tail|Protect|p1a: Scream Tail
|-singleturn|p1a: Scream Tail|Protect
|move|p2a: Cinderace|U-turn|p1a: Scream Tail
|-activate|p1a: Scream Tail|move: Protect
|
|-heal|p1a: Scream Tail|77/100 psn|[from] move: Wish|[wisher] Scream Tail
|-heal|p1a: Scream Tail|83/100 psn|[from] item: Leftovers
|-damage|p1a: Scream Tail|71/100 psn|[from] psn
|upkeep
|turn|67
|
|t:|1760795071
|-end|p1a: Scream Tail|Protosynthesis|[silent]
|switch|p1a: Iron Hands|Iron Hands|100/100
|move|p2a: Cinderace|Pyro Ball|p1a: Iron Hands|[miss]
|-miss|p2a: Cinderace|p1a: Iron Hands
|
|upkeep
|turn|68
|inactive|SpongeGar & Patar has 120 seconds left.
|
|t:|1760795120
|-end|p1a: Iron Hands|Quark Drive|[silent]
|switch|p1a: Talonflame|Talonflame, M|94/100 tox
|move|p2a: Cinderace|Will-O-Wisp||[still]
|-fail|p2a: Cinderace
|
|-damage|p1a: Talonflame|88/100 tox|[from] psn
|upkeep
|turn|69
|
|t:|1760795129
|move|p1a: Talonflame|Flamethrower|p2a: Cinderace
|-resisted|p2a: Cinderace
|-damage|p2a: Cinderace|48/100
|move|p2a: Cinderace|Pyro Ball|p1a: Talonflame
|-resisted|p1a: Talonflame
|-crit|p1a: Talonflame
|-damage|p1a: Talonflame|47/100 tox
|
|-damage|p1a: Talonflame|34/100 tox|[from] psn
|upkeep
|turn|70
|
|t:|1760795149
|switch|p1a: Iron Hands|Iron Hands|100/100
|move|p2a: Cinderace|U-turn|p1a: Iron Hands
|-resisted|p1a: Iron Hands
|-damage|p1a: Iron Hands|96/100
|inactive|SpongeGar & Patar has 90 seconds left.
|
|t:|1760795197
|switch|p2a: Slowking|Slowking-Galar, L99, M|93/100|[from] U-turn
|
|-heal|p1a: Iron Hands|100/100|[from] item: Leftovers
|upkeep
|turn|71
|inactive|SpongeGar & Patar has 60 seconds left.
|inactive|SpongeGar & Patar has 30 seconds left.
|
|t:|1760795245
|-terastallize|p1a: Iron Hands|Steel
|move|p1a: Iron Hands|Swords Dance|p1a: Iron Hands
|-boost|p1a: Iron Hands|atk|2
|move|p2a: Slowking|Toxic|p1a: Iron Hands
|-immune|p1a: Iron Hands
|
|upkeep
|turn|72
|
|t:|1760795255
|switch|p2a: Ting-Lu|Ting-Lu|100/100 slp
|-ability|p2a: Ting-Lu|Vessel of Ruin
|move|p1a: Iron Hands|Drain Punch|p2a: Ting-Lu
|-supereffective|p2a: Ting-Lu
|-damage|p2a: Ting-Lu|30/100 slp
|
|-heal|p2a: Ting-Lu|37/100 slp|[from] item: Leftovers
|upkeep
|turn|73
|
|t:|1760795264
|switch|p2a: Dondozo|Dondozo, F|88/100 slp
|move|p1a: Iron Hands|Drain Punch|p2a: Dondozo
|-damage|p2a: Dondozo|73/100 slp
|
|-heal|p2a: Dondozo|79/100 slp|[from] item: Leftovers
|upkeep
|turn|74
|
|t:|1760795274
|-end|p1a: Iron Hands|Quark Drive|[silent]
|switch|p1a: Trevenant|Trevenant, F|15/100
|-terastallize|p2a: Dondozo|Dark
|cant|p2a: Dondozo|slp
|
|-heal|p2a: Dondozo|85/100 slp|[from] item: Leftovers
|-item|p1a: Trevenant|Sitrus Berry|[from] ability: Harvest
|upkeep
|-enditem|p1a: Trevenant|Sitrus Berry|[eat]
|-heal|p1a: Trevenant|40/100|[from] item: Sitrus Berry
|turn|75
|
|t:|1760795283
|switch|p2a: Cinderace|Cinderace, F|48/100
|move|p1a: Trevenant|Leech Seed|p2a: Cinderace
|-start|p2a: Cinderace|move: Leech Seed
|
|-damage|p2a: Cinderace|36/100|[from] Leech Seed|[of] p1a: Trevenant
|-heal|p1a: Trevenant|52/100|[silent]
|-item|p1a: Trevenant|Sitrus Berry|[from] ability: Harvest
|upkeep
|turn|76
|
|t:|1760795292
|switch|p1a: Talonflame|Talonflame, M|34/100 tox
|move|p2a: Cinderace|U-turn|p1a: Talonflame
|-resisted|p1a: Talonflame
|-damage|p1a: Talonflame|28/100 tox
|
|t:|1760795302
|switch|p2a: Slowking|Slowking-Galar, L99, M|100/100|[from] U-turn
|
|-damage|p1a: Talonflame|22/100 tox|[from] psn
|upkeep
|turn|77
|inactive|SpongeGar & Patar has 60 seconds left.
|
|t:|1760795311
|move|p1a: Talonflame|Roost|p1a: Talonflame
|-heal|p1a: Talonflame|72/100 tox
|-singleturn|p1a: Talonflame|move: Roost
|move|p2a: Slowking|Sludge Bomb|p1a: Talonflame
|-damage|p1a: Talonflame|31/100 tox
|
|-damage|p1a: Talonflame|19/100 tox|[from] psn
|upkeep
|turn|78
|
|t:|1760795320
|move|p1a: Talonflame|U-turn|p2a: Slowking
|-damage|p2a: Slowking|88/100
|
|t:|1760795324
|switch|p1a: Iron Hands|Iron Hands, tera:Steel|100/100|[from] U-turn
|-prepare|p2a: Slowking|Chilly Reception|[premajor]
|move|p2a: Slowking|Chilly Reception|p2a: Slowking
|-weather|Snowscape
|j| kctc
|
|t:|1760795333
|switch|p2a: Cinderace|Cinderace, F|36/100|[from] Chilly Reception
|
|-weather|Snowscape|[upkeep]
|upkeep
|turn|79
|l| kctc
|j| nsdede
|
|t:|1760795342
|-end|p1a: Iron Hands|Quark Drive|[silent]
|switch|p1a: Talonflame|Talonflame, M|19/100 tox
|move|p2a: Cinderace|Will-O-Wisp|p1a: Talonflame|[miss]
|-miss|p2a: Cinderace|p1a: Talonflame
|
|-weather|Snowscape|[upkeep]
|-damage|p1a: Talonflame|13/100 tox|[from] psn
|upkeep
|turn|80
|
|t:|1760795351
|move|p1a: Talonflame|Roost|p1a: Talonflame
|-heal|p1a: Talonflame|63/100 tox
|-singleturn|p1a: Talonflame|move: Roost
|move|p2a: Cinderace|U-turn|p1a: Talonflame
|-resisted|p1a: Talonflame
|-damage|p1a: Talonflame|51/100 tox
|
|t:|1760795361
|switch|p2a: Dondozo|Dondozo, F, tera:Dark|85/100 slp|[from] U-turn
|
|-weather|Snowscape|[upkeep]
|-heal|p2a: Dondozo|91/100 slp|[from] item: Leftovers
|-damage|p1a: Talonflame|39/100 tox|[from] psn
|upkeep
|turn|81
|
|t:|1760795370
|switch|p2a: Cinderace|Cinderace, F|36/100
|move|p1a: Talonflame|U-turn|p2a: Cinderace
|-resisted|p2a: Cinderace
|-damage|p2a: Cinderace|29/100
|
|t:|1760795378
|switch|p1a: Scream Tail|Scream Tail|71/100 psn|[from] U-turn
|
|-weather|Snowscape|[upkeep]
|-heal|p1a: Scream Tail|77/100 psn|[from] item: Leftovers
|-damage|p1a: Scream Tail|65/100 psn|[from] psn
|upkeep
|turn|82
|
|t:|1760795387
|move|p2a: Cinderace|U-turn|p1a: Scream Tail
|-damage|p1a: Scream Tail|49/100 psn
|
|t:|1760795397
|switch|p2a: Ting-Lu|Ting-Lu|37/100 slp|[from] U-turn
|-ability|p2a: Ting-Lu|Vessel of Ruin
|move|p1a: Scream Tail|Wish|p1a: Scream Tail
|
|-weather|none
|-heal|p1a: Scream Tail|55/100 psn|[from] item: Leftovers
|-heal|p2a: Ting-Lu|43/100 slp|[from] item: Leftovers
|-damage|p1a: Scream Tail|43/100 psn|[from] psn
|upkeep
|turn|83
|
|t:|1760795406
|-end|p1a: Scream Tail|Protosynthesis|[silent]
|switch|p1a: Ursaluna|Ursaluna, M|6/100 tox
|cant|p2a: Ting-Lu|slp
|move|p2a: Ting-Lu|Sleep Talk|p2a: Ting-Lu
|move|p2a: Ting-Lu|Rest||[from] move: Sleep Talk|[still]
|-fail|p2a: Ting-Lu
|
|-heal|p1a: Ursaluna|53/100 tox|[from] move: Wish|[wisher] Scream Tail
|-heal|p2a: Ting-Lu|49/100 slp|[from] item: Leftovers
|-damage|p1a: Ursaluna|47/100 tox|[from] psn
|upkeep
|turn|84
|inactive|SpongeGar & Patar has 90 seconds left.
|
|t:|1760795454
|move|p1a: Ursaluna|Facade|p2a: Ting-Lu
|-damage|p2a: Ting-Lu|0 fnt
|faint|p2a: Ting-Lu
|
|-damage|p1a: Ursaluna|35/100 tox|[from] psn
|upkeep
|
|t:|1760795464
|switch|p2a: Dondozo|Dondozo, F, tera:Dark|91/100 slp
|turn|85
|
|t:|1760795474
|switch|p1a: Trevenant|Trevenant, F|52/100
|cant|p2a: Dondozo|slp
|
|-heal|p2a: Dondozo|97/100 slp|[from] item: Leftovers
|upkeep
|turn|86
|
|t:|1760795483
|switch|p2a: Slowking|Slowking-Galar, L99, M|100/100
|move|p1a: Trevenant|Substitute|p1a: Trevenant
|-start|p1a: Trevenant|Substitute
|-damage|p1a: Trevenant|27/100
|-enditem|p1a: Trevenant|Sitrus Berry|[eat]
|-heal|p1a: Trevenant|52/100|[from] item: Sitrus Berry
|
|upkeep
|turn|87
|
|t:|1760795492
|move|p1a: Trevenant|Leech Seed|p2a: Slowking
|-start|p2a: Slowking|move: Leech Seed
|move|p2a: Slowking|Future Sight|p1a: Trevenant
|-start|p2a: Slowking|move: Future Sight
|
|-damage|p2a: Slowking|88/100|[from] Leech Seed|[of] p1a: Trevenant
|-heal|p1a: Trevenant|64/100|[silent]
|-item|p1a: Trevenant|Sitrus Berry|[from] ability: Harvest
|upkeep
|turn|88
|
|t:|1760795501
|switch|p2a: Dondozo|Dondozo, F, tera:Dark|97/100 slp
|move|p1a: Trevenant|Shadow Claw|p2a: Dondozo
|-resisted|p2a: Dondozo
|-damage|p2a: Dondozo|91/100 slp
|
|-heal|p2a: Dondozo|98/100 slp|[from] item: Leftovers
|upkeep
|turn|89
|inactive|SpongeGar & Patar has 90 seconds left.
|
|t:|1760795511
|switch|p2a: Slowking|Slowking-Galar, L99, M|100/100
|move|p1a: Trevenant|Leech Seed|p2a: Slowking|[miss]
|-miss|p1a: Trevenant|p2a: Slowking
|
|-end|p1a: Trevenant|move: Future Sight
|-end|p1a: Trevenant|Substitute
|upkeep
|turn|90
|
|t:|1760795520
|move|p1a: Trevenant|Substitute|p1a: Trevenant
|-start|p1a: Trevenant|Substitute
|-damage|p1a: Trevenant|40/100
|-enditem|p1a: Trevenant|Sitrus Berry|[eat]
|-heal|p1a: Trevenant|64/100|[from] item: Sitrus Berry
|move|p2a: Slowking|Sludge Bomb|p1a: Trevenant
|-end|p1a: Trevenant|Substitute
|
|upkeep
|turn|91
|
|t:|1760795529
|switch|p1a: Iron Hands|Iron Hands, tera:Steel|100/100
|-prepare|p2a: Slowking|Chilly Reception|[premajor]
|move|p2a: Slowking|Chilly Reception|p2a: Slowking
|-weather|Snowscape
|
|t:|1760795538
|switch|p2a: Cinderace|Cinderace, F|29/100|[from] Chilly Reception
|
|-weather|Snowscape|[upkeep]
|upkeep
|turn|92
|
|t:|1760795548
|-end|p1a: Iron Hands|Quark Drive|[silent]
|switch|p1a: Ursaluna|Ursaluna, M|35/100 tox
|move|p2a: Cinderace|U-turn|p1a: Ursaluna
|-damage|p1a: Ursaluna|21/100 tox
|
|t:|1760795557
|switch|p2a: Dondozo|Dondozo, F, tera:Dark|98/100 slp|[from] U-turn
|
|-weather|Snowscape|[upkeep]
|-heal|p2a: Dondozo|100/100 slp|[from] item: Leftovers
|-damage|p1a: Ursaluna|15/100 tox|[from] psn
|upkeep
|turn|93
|
|t:|1760795567
|move|p1a: Ursaluna|Drain Punch|p2a: Dondozo
|-supereffective|p2a: Dondozo
|-damage|p2a: Dondozo|57/100 slp
|-heal|p1a: Ursaluna|39/100 tox|[from] drain|[of] p2a: Dondozo
|-curestatus|p2a: Dondozo|slp|[msg]
|move|p2a: Dondozo|Waterfall|p1a: Ursaluna
|-supereffective|p1a: Ursaluna
|-damage|p1a: Ursaluna|0 fnt
|faint|p1a: Ursaluna
|
|-weather|Snowscape|[upkeep]
|-heal|p2a: Dondozo|63/100|[from] item: Leftovers
|upkeep
|
|t:|1760795576
|switch|p1a: Iron Hands|Iron Hands, tera:Steel|100/100
|turn|94
|inactive|SpongeGar & Patar has 120 seconds left.
|
|t:|1760795585
|move|p1a: Iron Hands|Drain Punch|p2a: Dondozo
|-supereffective|p2a: Dondozo
|-damage|p2a: Dondozo|33/100
|move|p2a: Dondozo|Rest|p2a: Dondozo
|-status|p2a: Dondozo|slp|[from] move: Rest
|-heal|p2a: Dondozo|100/100 slp|[silent]
|
|-weather|Snowscape|[upkeep]
|upkeep
|turn|95
|
|t:|1760795594
|-end|p1a: Iron Hands|Quark Drive|[silent]
|switch|p1a: Trevenant|Trevenant, F|64/100
|cant|p2a: Dondozo|slp
|
|-weather|none
|upkeep
|turn|96
|
|t:|1760795604
|switch|p1a: Scream Tail|Scream Tail|43/100 psn
|switch|p2a: Slowking|Slowking-Galar, L99, M|100/100
|
|-heal|p1a: Scream Tail|49/100 psn|[from] item: Leftovers
|-damage|p1a: Scream Tail|36/100 psn|[from] psn
|upkeep
|turn|97
|
|t:|1760795613
|-end|p1a: Scream Tail|Protosynthesis|[silent]
|switch|p1a: Iron Hands|Iron Hands, tera:Steel|100/100
|move|p2a: Slowking|Sludge Bomb|p1a: Iron Hands
|-immune|p1a: Iron Hands
|
|upkeep
|turn|98
|
|t:|1760795622
|move|p1a: Iron Hands|Drain Punch|p2a: Slowking
|-resisted|p2a: Slowking
|-damage|p2a: Slowking|91/100
|-prepare|p2a: Slowking|Chilly Reception|[premajor]
|move|p2a: Slowking|Chilly Reception|p2a: Slowking
|-weather|Snowscape
|
|t:|1760795632
|switch|p2a: Cinderace|Cinderace, F|29/100|[from] Chilly Reception
|
|-weather|Snowscape|[upkeep]
|upkeep
|turn|99
|
|t:|1760795641
|-end|p1a: Iron Hands|Quark Drive|[silent]
|switch|p1a: Talonflame|Talonflame, M|39/100 tox
|move|p2a: Cinderace|U-turn|p1a: Talonflame
|-resisted|p1a: Talonflame
|-damage|p1a: Talonflame|33/100 tox
|
|t:|1760795650
|switch|p2a: Slowking|Slowking-Galar, L99, M|100/100|[from] U-turn
|
|-weather|Snowscape|[upkeep]
|-damage|p1a: Talonflame|27/100 tox|[from] psn
|upkeep
|turn|100
|
|t:|1760795659
|move|p1a: Talonflame|Roost|p1a: Talonflame
|-heal|p1a: Talonflame|77/100 tox
|-singleturn|p1a: Talonflame|move: Roost
|move|p2a: Slowking|Sludge Bomb|p1a: Talonflame
|-damage|p1a: Talonflame|35/100 tox
|
|-weather|Snowscape|[upkeep]
|-damage|p1a: Talonflame|23/100 tox|[from] psn
|upkeep
|turn|101
|
|t:|1760795669
|move|p1a: Talonflame|U-turn|p2a: Slowking
|-damage|p2a: Slowking|87/100
|
|t:|1760795671
|switch|p1a: Iron Hands|Iron Hands, tera:Steel|100/100|[from] U-turn
|move|p2a: Slowking|Sludge Bomb|p1a: Iron Hands
|-immune|p1a: Iron Hands
|
|-weather|Snowscape|[upkeep]
|upkeep
|turn|102
|
|t:|1760795681
|move|p1a: Iron Hands|Supercell Slam|p2a: Slowking
|-damage|p2a: Slowking|35/100
|-prepare|p2a: Slowking|Chilly Reception|[premajor]
|move|p2a: Slowking|Chilly Reception|p2a: Slowking
|
|t:|1760795690
|switch|p2a: Cinderace|Cinderace, F|29/100|[from] Chilly Reception
|
|-weather|none
|upkeep
|turn|103
|
|t:|1760795706
|move|p2a: Cinderace|Will-O-Wisp|p1a: Iron Hands
|-status|p1a: Iron Hands|brn
|move|p1a: Iron Hands|Supercell Slam|p2a: Cinderace
|-damage|p2a: Cinderace|0 fnt
|faint|p2a: Cinderace
|
|-damage|p1a: Iron Hands|94/100 brn|[from] brn
|upkeep
|
|t:|1760795716
|switch|p2a: Slowking|Slowking-Galar, L99, M|68/100
|turn|104
|
|t:|1760795725
|move|p1a: Iron Hands|Supercell Slam|p2a: Slowking
|-damage|p2a: Slowking|45/100
|move|p2a: Slowking|Future Sight|p1a: Iron Hands
|-start|p2a: Slowking|move: Future Sight
|
|-heal|p1a: Iron Hands|100/100 brn|[from] item: Leftovers
|-damage|p1a: Iron Hands|94/100 brn|[from] brn
|upkeep
|turn|105
|
|t:|1760795734
|switch|p2a: Dondozo|Dondozo, F, tera:Dark|100/100 slp
|move|p1a: Iron Hands|Supercell Slam|p2a: Dondozo
|-damage|p2a: Dondozo|89/100 slp
|
|-heal|p1a: Iron Hands|100/100 brn|[from] item: Leftovers
|-heal|p2a: Dondozo|96/100 slp|[from] item: Leftovers
|-damage|p1a: Iron Hands|94/100 brn|[from] brn
|upkeep
|turn|106
|
|t:|1760795743
|-end|p1a: Iron Hands|Quark Drive|[silent]
|switch|p1a: Scream Tail|Scream Tail|36/100 psn
|switch|p2a: Slowking|Slowking-Galar, L99, M|78/100
|
|-end|p1a: Scream Tail|move: Future Sight
|-resisted|p1a: Scream Tail
|-damage|p1a: Scream Tail|25/100 psn
|-heal|p1a: Scream Tail|31/100 psn|[from] item: Leftovers
|-damage|p1a: Scream Tail|18/100 psn|[from] psn
|upkeep
|turn|107
|
|t:|1760795755
|move|p1a: Scream Tail|Psychic Noise|p2a: Slowking
|-damage|p2a: Slowking|68/100
|-start|p2a: Slowking|move: Heal Block
|move|p2a: Slowking|Sludge Bomb|p1a: Scream Tail
|-supereffective|p1a: Scream Tail
|-damage|p1a: Scream Tail|0 fnt
|faint|p1a: Scream Tail
|-end|p1a: Scream Tail|Protosynthesis|[silent]
|
|upkeep
|
|t:|1760795762
|switch|p1a: Trevenant|Trevenant, F|64/100
|turn|108
|
|t:|1760795771
|move|p1a: Trevenant|Shadow Claw|p2a: Slowking
|-supereffective|p2a: Slowking
|-damage|p2a: Slowking|8/100
|move|p2a: Slowking|Toxic|p1a: Trevenant
|-status|p1a: Trevenant|tox
|
|-damage|p1a: Trevenant|58/100 tox|[from] psn
|-end|p2a: Slowking|move: Heal Block
|upkeep
|turn|109
|
|t:|1760795781
|switch|p2a: Dondozo|Dondozo, F, tera:Dark|96/100 slp
|move|p1a: Trevenant|Leech Seed|p2a: Dondozo|[miss]
|-miss|p1a: Trevenant|p2a: Dondozo
|
|-heal|p2a: Dondozo|100/100 slp|[from] item: Leftovers
|-damage|p1a: Trevenant|46/100 tox|[from] psn
|-item|p1a: Trevenant|Sitrus Berry|[from] ability: Harvest
|upkeep
|-enditem|p1a: Trevenant|Sitrus Berry|[eat]
|-heal|p1a: Trevenant|71/100 tox|[from] item: Sitrus Berry
|turn|110
|
|t:|1760795792
|switch|p2a: Slowking|Slowking-Galar, L99, M|41/100
|move|p1a: Trevenant|Shadow Claw|p2a: Slowking
|-supereffective|p2a: Slowking
|-damage|p2a: Slowking|0 fnt
|faint|p2a: Slowking
|
|-damage|p1a: Trevenant|52/100 tox|[from] psn
|upkeep
|
|t:|1760795802
|switch|p2a: Dondozo|Dondozo, F, tera:Dark|100/100 slp
|turn|111
|
|t:|1760795811
|move|p1a: Trevenant|Leech Seed|p2a: Dondozo
|-start|p2a: Dondozo|move: Leech Seed
|cant|p2a: Dondozo|slp
|
|-damage|p2a: Dondozo|88/100 slp|[from] Leech Seed|[of] p1a: Trevenant
|-heal|p1a: Trevenant|69/100 tox|[silent]
|-damage|p1a: Trevenant|44/100 tox|[from] psn
|-item|p1a: Trevenant|Sitrus Berry|[from] ability: Harvest
|upkeep
|-enditem|p1a: Trevenant|Sitrus Berry|[eat]
|-heal|p1a: Trevenant|69/100 tox|[from] item: Sitrus Berry
|turn|112
|
|t:|1760795825
|move|p1a: Trevenant|Curse|p2a: Dondozo
|-start|p2a: Dondozo|Curse|[of] p1a: Trevenant
|-damage|p1a: Trevenant|19/100 tox
|-curestatus|p2a: Dondozo|slp|[msg]
|move|p2a: Dondozo|Curse|p2a: Dondozo
|-unboost|p2a: Dondozo|spe|1
|-boost|p2a: Dondozo|atk|1
|-boost|p2a: Dondozo|def|1
|
|-heal|p2a: Dondozo|94/100|[from] item: Leftovers
|-damage|p2a: Dondozo|82/100|[from] Leech Seed|[of] p1a: Trevenant
|-heal|p1a: Trevenant|36/100 tox|[silent]
|-damage|p1a: Trevenant|5/100 tox|[from] psn
|-damage|p2a: Dondozo|57/100|[from] Curse
|upkeep
|turn|113
|
|t:|1760795840
|switch|p1a: Talonflame|Talonflame, M|23/100 tox
|move|p2a: Dondozo|Curse|p2a: Dondozo
|-unboost|p2a: Dondozo|spe|1
|-boost|p2a: Dondozo|atk|1
|-boost|p2a: Dondozo|def|1
|
|-heal|p2a: Dondozo|63/100|[from] item: Leftovers
|-damage|p2a: Dondozo|51/100|[from] Leech Seed|[of] p1a: Talonflame
|-heal|p1a: Talonflame|40/100 tox|[silent]
|-damage|p1a: Talonflame|34/100 tox|[from] psn
|-damage|p2a: Dondozo|26/100|[from] Curse
|upkeep
|turn|114
|
|t:|1760795850
|move|p1a: Talonflame|Flamethrower|p2a: Dondozo
|-damage|p2a: Dondozo|3/100
|move|p2a: Dondozo|Rest|p2a: Dondozo
|-status|p2a: Dondozo|slp|[from] move: Rest
|-heal|p2a: Dondozo|100/100 slp|[silent]
|
|-damage|p2a: Dondozo|88/100 slp|[from] Leech Seed|[of] p1a: Talonflame
|-heal|p1a: Talonflame|51/100 tox|[silent]
|-damage|p1a: Talonflame|39/100 tox|[from] psn
|-damage|p2a: Dondozo|63/100 slp|[from] Curse
|upkeep
|turn|115
|
|t:|1760795857
|move|p1a: Talonflame|Flamethrower|p2a: Dondozo
|-damage|p2a: Dondozo|38/100 slp
|cant|p2a: Dondozo|slp
|
|-heal|p2a: Dondozo|44/100 slp|[from] item: Leftovers
|-damage|p2a: Dondozo|32/100 slp|[from] Leech Seed|[of] p1a: Talonflame
|-heal|p1a: Talonflame|56/100 tox|[silent]
|-damage|p1a: Talonflame|38/100 tox|[from] psn
|-damage|p2a: Dondozo|7/100 slp|[from] Curse
|upkeep
|turn|116
|
|t:|1760795866
|move|p1a: Talonflame|Flamethrower|p2a: Dondozo
|-damage|p2a: Dondozo|0 fnt
|faint|p2a: Dondozo
|
|win|Hgfhhfghfff
|raw|Hgfhhfghfff's rating: 1733 &rarr; <strong>1760</strong><br />(+27 for winning)
|raw|SpongeGar &amp; Patar's rating: 1863 &rarr; <strong>1836</strong><br />(-27 for losing)
|l|☆SpongeGar & Patar
|player|p2|
|c|☆Hgfhhfghfff|Outplayed
|l|☆Hgfhhfghfff
|player|p1|
|l| nsdede
