|inactive|Battle timer is ON: inactive players will automatically lose when time's up.
|t:|1760811751
|gametype|singles
|player|p1|Cow|aromalady|
|player|p2|FFKz|#fcl12relicsingers|
|gen|9
|tier|[Gen 9] OU
|rule|HP Percentage Mod: HP is shown in percentages
|rule|Endless Battle Clause: Forcing endless battles is banned
|rule|Species Clause: Limit one of each Pokémon
|rule|OHKO Clause: OHKO moves are banned
|rule|Evasion Items Clause: Evasion items are banned
|rule|Evasion Moves Clause: Evasion moves are banned
|rule|Evasion Abilities Clause: Evasion abilities are banned
|rule|Sleep Moves Clause: Sleep-inducing moves are banned
|clearpoke
|poke|p1|Dondozo, F|
|poke|p1|Blissey, F|
|poke|p1|Corviknight, M|
|poke|p1|Weezing-Galar, M|
|poke|p1|Gliscor, M|
|poke|p1|Toxapex, F|
|poke|p2|Darkrai|
|poke|p2|Great Tusk|
|poke|p2|Cinderace, F|
|poke|p2|Gholdengo|
|poke|p2|Cresselia, F|
|poke|p2|Alomomola, M|
|teampreview
|c|☆Cow|hf
|c|☆FFKz|hf
|inactive|Cow has 270 seconds left.
|inactive|FFKz has 270 seconds left.
|c|+Angolano1234567|ptpl?
|c|☆FFKz|yes
|c|+no way iz|YEAH
|inactive|Cow has 240 seconds left.
|inactive|FFKz has 240 seconds left.
|inactive|Cow has 210 seconds left.
|inactive|FFKz has 210 seconds left.
|
|t:|1760811859
|teamsize|p1|6
|teamsize|p2|6
|start
|switch|p1a: Gliscor|Gliscor, M|100/100
|switch|p2a: Darkrai|Darkrai|100/100
|turn|1
|
|t:|1760811869
|move|p1a: Gliscor|Protect|p1a: Gliscor
|-singleturn|p1a: Gliscor|Protect
|move|p2a: Darkrai|Ice Beam|p1a: Gliscor
|-activate|p1a: Gliscor|move: Protect
|
|-status|p1a: Gliscor|tox|[from] item: Toxic Orb
|upkeep
|turn|2
|
|t:|1760811875
|switch|p2a: Great Tusk|Great Tusk|100/100
|switch|p1a: Blissey|Blissey, F|100/100
|
|upkeep
|turn|3
|inactive|Cow has 270 seconds left.
|
|t:|1760811901
|switch|p1a: Corviknight|Corviknight, M|100/100
|-ability|p1a: Corviknight|Pressure
|move|p2a: Great Tusk|Stealth Rock|p1a: Corviknight
|-sidestart|p1: Cow|move: Stealth Rock
|
|upkeep
|turn|4
|c|+Angolano1234567|Gl both
|
|t:|1760811920
|move|p2a: Great Tusk|Ice Spinner|p1a: Corviknight
|-damage|p1a: Corviknight|85/100
|move|p1a: Corviknight|Defog|p2a: Great Tusk
|-unboost|p2a: Great Tusk|evasion|1
|-sideend|p1: Cow|Stealth Rock|[from] move: Defog|[of] p1a: Corviknight
|
|-heal|p1a: Corviknight|91/100|[from] item: Leftovers
|upkeep
|turn|5
|c|+although mirai|gudi loki
|
|t:|1760811927
|move|p2a: Great Tusk|Stealth Rock|p1a: Corviknight
|-sidestart|p1: Cow|move: Stealth Rock
|move|p1a: Corviknight|Body Press|p2a: Great Tusk
|-damage|p2a: Great Tusk|85/100
|-damage|p1a: Corviknight|75/100|[from] item: Rocky Helmet|[of] p2a: Great Tusk
|
|-heal|p1a: Corviknight|81/100|[from] item: Leftovers
|upkeep
|turn|6
|
|t:|1760811933
|-end|p2a: Great Tusk|Protosynthesis|[silent]
|switch|p2a: Gholdengo|Gholdengo|100/100
|move|p1a: Corviknight|Defog|p2a: Gholdengo
|-immune|p2a: Gholdengo|[from] ability: Good as Gold
|
|-heal|p1a: Corviknight|87/100|[from] item: Leftovers
|upkeep
|turn|7
|
|t:|1760811953
|switch|p2a: Great Tusk|Great Tusk|85/100
|switch|p1a: Toxapex|Toxapex, F|100/100
|-damage|p1a: Toxapex|88/100|[from] Stealth Rock
|
|-heal|p1a: Toxapex|94/100|[from] item: Leftovers
|upkeep
|turn|8
|
|t:|1760811966
|-end|p2a: Great Tusk|Protosynthesis|[silent]
|switch|p2a: Gholdengo|Gholdengo|100/100
|switch|p1a: Corviknight|Corviknight, M|87/100
|-damage|p1a: Corviknight|75/100|[from] Stealth Rock
|-ability|p1a: Corviknight|Pressure
|
|-heal|p1a: Corviknight|81/100|[from] item: Leftovers
|upkeep
|turn|9
|
|t:|1760811978
|switch|p1a: Toxapex|Toxapex, F|100/100
|-damage|p1a: Toxapex|88/100|[from] Stealth Rock
|move|p2a: Gholdengo|Shadow Ball|p1a: Toxapex
|-damage|p1a: Toxapex|49/100
|
|-heal|p1a: Toxapex|55/100|[from] item: Leftovers
|upkeep
|turn|10
|inactive|Cow has 270 seconds left.
|inactive|FFKz has 270 seconds left.
|inactive|Cow has 240 seconds left.
|inactive|FFKz has 240 seconds left.
|
|t:|1760812065
|switch|p2a: Cinderace|Cinderace, F|100/100
|move|p1a: Toxapex|Toxic Spikes|p2a: Cinderace
|-sidestart|p2: FFKz|move: Toxic Spikes
|
|-heal|p1a: Toxapex|61/100|[from] item: Leftovers
|upkeep
|turn|11
|inactive|FFKz has 240 seconds left.
|
|t:|1760812073
|switch|p2a: Gholdengo|Gholdengo|100/100
|move|p1a: Toxapex|Toxic|p2a: Gholdengo
|-immune|p2a: Gholdengo|[from] ability: Good as Gold
|
|-heal|p1a: Toxapex|67/100|[from] item: Leftovers
|upkeep
|turn|12
|inactive|FFKz has 240 seconds left.
|
|t:|1760812085
|move|p2a: Gholdengo|Trick|p1a: Toxapex
|-activate|p2a: Gholdengo|move: Trick|[of] p1a: Toxapex
|-item|p1a: Toxapex|Choice Specs|[from] move: Trick
|-item|p2a: Gholdengo|Leftovers|[from] move: Trick
|move|p1a: Toxapex|Recover|p1a: Toxapex
|-heal|p1a: Toxapex|100/100
|
|upkeep
|turn|13
|inactive|FFKz has 240 seconds left.
|
|t:|1760812097
|switch|p2a: Cinderace|Cinderace, F|100/100
|switch|p1a: Blissey|Blissey, F|100/100
|-damage|p1a: Blissey|88/100|[from] Stealth Rock
|
|-heal|p1a: Blissey|94/100|[from] item: Leftovers
|upkeep
|turn|14
|inactive|Cow has 240 seconds left.
|
|t:|1760812105
|switch|p1a: Toxapex|Toxapex, F|100/100
|-damage|p1a: Toxapex|88/100|[from] Stealth Rock
|move|p2a: Cinderace|High Jump Kick|p1a: Toxapex|[miss]
|-start|p2a: Cinderace|typechange|Fighting|[from] ability: Libero
|-miss|p2a: Cinderace|p1a: Toxapex
|-damage|p2a: Cinderace|51/100|[from] highjumpkick
|
|upkeep
|turn|15
|inactive|Cow has 240 seconds left.
|
|t:|1760812132
|move|p2a: Cinderace|Will-O-Wisp|p1a: Toxapex
|-status|p1a: Toxapex|brn
|move|p1a: Toxapex|Toxic Spikes|p2a: Cinderace
|-sidestart|p2: FFKz|move: Toxic Spikes
|
|-damage|p1a: Toxapex|82/100 brn|[from] brn
|upkeep
|turn|16
|
|t:|1760812140
|switch|p2a: Gholdengo|Gholdengo|100/100
|switch|p1a: Gliscor|Gliscor, M|100/100 tox
|-damage|p1a: Gliscor|88/100 tox|[from] Stealth Rock
|
|-heal|p1a: Gliscor|100/100 tox|[from] ability: Poison Heal
|upkeep
|turn|17
|inactive|Cow has 240 seconds left.
|inactive|FFKz has 240 seconds left.
|inactive|FFKz has 210 seconds left.
|
|t:|1760812215
|-terastallize|p2a: Gholdengo|Steel
|move|p2a: Gholdengo|Make It Rain|p1a: Gliscor
|-damage|p1a: Gliscor|32/100 tox
|-unboost|p2a: Gholdengo|spa|1
|move|p1a: Gliscor|Knock Off|p2a: Gholdengo
|-damage|p2a: Gholdengo|75/100
|-enditem|p2a: Gholdengo|Leftovers|[from] move: Knock Off|[of] p1a: Gliscor
|
|-heal|p1a: Gliscor|44/100 tox|[from] ability: Poison Heal
|upkeep
|turn|18
|inactive|Cow has 240 seconds left.
|inactive|FFKz has 180 seconds left.
|
|t:|1760812247
|switch|p2a: Alomomola|Alomomola, M|100/100
|-status|p2a: Alomomola|tox
|move|p1a: Gliscor|Protect||[still]
|-fail|p1a: Gliscor
|
|-heal|p1a: Gliscor|57/100 tox|[from] ability: Poison Heal
|-damage|p2a: Alomomola|94/100 tox|[from] psn
|upkeep
|turn|19
|inactive|Cow has 240 seconds left.
|
|t:|1760812265
|move|p1a: Gliscor|Spikes|p2a: Alomomola
|-sidestart|p2: FFKz|Spikes
|move|p2a: Alomomola|Flip Turn|p1a: Gliscor
|-supereffective|p1a: Gliscor
|-damage|p1a: Gliscor|31/100 tox
|inactive|FFKz has 180 seconds left.
|
|t:|1760812271
|switch|p2a: Gholdengo|Gholdengo, tera:Steel|75/100|[from] Flip Turn
|-damage|p2a: Gholdengo|62/100|[from] Spikes
|
|-heal|p1a: Gliscor|44/100 tox|[from] ability: Poison Heal
|upkeep
|turn|20
|inactive|Cow has 240 seconds left.
|
|t:|1760812277
|move|p1a: Gliscor|Protect|p1a: Gliscor
|-singleturn|p1a: Gliscor|Protect
|move|p2a: Gholdengo|Shadow Ball|p1a: Gliscor
|-activate|p1a: Gliscor|move: Protect
|
|-heal|p1a: Gliscor|56/100 tox|[from] ability: Poison Heal
|upkeep
|turn|21
|
|t:|1760812287
|switch|p1a: Blissey|Blissey, F|94/100
|-damage|p1a: Blissey|82/100|[from] Stealth Rock
|move|p2a: Gholdengo|Make It Rain|p1a: Blissey
|-damage|p1a: Blissey|54/100
|-unboost|p2a: Gholdengo|spa|1
|
|-heal|p1a: Blissey|61/100|[from] item: Leftovers
|upkeep
|turn|22
|
|t:|1760812291
|move|p2a: Gholdengo|Trick|p1a: Blissey
|-activate|p2a: Gholdengo|move: Trick|[of] p1a: Blissey
|-enditem|p1a: Blissey|Leftovers|[silent]|[from] move: Trick
|-item|p2a: Gholdengo|Leftovers|[from] move: Trick
|move|p1a: Blissey|Soft-Boiled|p1a: Blissey
|-heal|p1a: Blissey|100/100
|
|-heal|p2a: Gholdengo|68/100|[from] item: Leftovers
|upkeep
|turn|23
|
|t:|1760812304
|switch|p2a: Alomomola|Alomomola, M|100/100 tox
|-damage|p2a: Alomomola|88/100 tox|[from] Spikes
|move|p1a: Blissey|Seismic Toss|p2a: Alomomola
|-damage|p2a: Alomomola|67/100 tox
|
|-damage|p2a: Alomomola|61/100 tox|[from] psn
|upkeep
|turn|24
|inactive|Cow has 240 seconds left.
|
|t:|1760812330
|switch|p1a: Dondozo|Dondozo, F|100/100
|-damage|p1a: Dondozo|88/100|[from] Stealth Rock
|move|p2a: Alomomola|Flip Turn|p1a: Dondozo
|-resisted|p1a: Dondozo
|-damage|p1a: Dondozo|85/100
|
|t:|1760812339
|switch|p2a: Gholdengo|Gholdengo, tera:Steel|68/100|[from] Flip Turn
|-damage|p2a: Gholdengo|56/100|[from] Spikes
|
|-heal|p2a: Gholdengo|62/100|[from] item: Leftovers
|-heal|p1a: Dondozo|91/100|[from] item: Leftovers
|upkeep
|turn|25
|inactive|Cow has 240 seconds left.
|
|t:|1760812374
|move|p2a: Gholdengo|Shadow Ball|p1a: Dondozo
|-damage|p1a: Dondozo|48/100
|-unboost|p1a: Dondozo|spd|1
|move|p1a: Dondozo|Body Press|p2a: Gholdengo
|-supereffective|p2a: Gholdengo
|-damage|p2a: Gholdengo|0 fnt
|faint|p2a: Gholdengo
|
|-heal|p1a: Dondozo|54/100|[from] item: Leftovers
|upkeep
|inactive|FFKz has 210 seconds left.
|
|t:|1760812395
|switch|p2a: Cresselia|Cresselia, F|100/100
|turn|26
|
|t:|1760812408
|switch|p1a: Toxapex|Toxapex, F|100/100 brn
|-damage|p1a: Toxapex|88/100 brn|[from] Stealth Rock
|move|p2a: Cresselia|Calm Mind|p2a: Cresselia
|-boost|p2a: Cresselia|spa|1
|-boost|p2a: Cresselia|spd|1
|
|-damage|p1a: Toxapex|82/100 brn|[from] brn
|upkeep
|turn|27
|
|t:|1760812412
|switch|p2a: Alomomola|Alomomola, M|94/100 tox
|-damage|p2a: Alomomola|82/100 tox|[from] Spikes
|move|p1a: Toxapex|Toxic|p2a: Alomomola
|-fail|p2a: Alomomola|tox
|
|-damage|p2a: Alomomola|76/100 tox|[from] psn
|-damage|p1a: Toxapex|75/100 brn|[from] brn
|upkeep
|turn|28
|inactive|Cow has 240 seconds left.
|inactive|FFKz has 210 seconds left.
|
|t:|1760812436
|move|p2a: Alomomola|Flip Turn|p1a: Toxapex
|-resisted|p1a: Toxapex
|-damage|p1a: Toxapex|69/100 brn
|
|t:|1760812441
|switch|p2a: Great Tusk|Great Tusk|85/100|[from] Flip Turn
|-status|p2a: Great Tusk|tox
|-damage|p2a: Great Tusk|73/100 tox|[from] Spikes
|move|p1a: Toxapex|Toxic|p2a: Great Tusk
|-fail|p2a: Great Tusk|tox
|
|-damage|p2a: Great Tusk|66/100 tox|[from] psn
|-damage|p1a: Toxapex|62/100 brn|[from] brn
|upkeep
|turn|29
|
|t:|1760812445
|switch|p1a: Corviknight|Corviknight, M|81/100
|-damage|p1a: Corviknight|69/100|[from] Stealth Rock
|-ability|p1a: Corviknight|Pressure
|move|p2a: Great Tusk|Rapid Spin|p1a: Corviknight
|-resisted|p1a: Corviknight
|-damage|p1a: Corviknight|64/100
|-boost|p2a: Great Tusk|spe|1
|-sideend|p2: FFKz|Spikes|[from] move: Rapid Spin|[of] p2a: Great Tusk
|-sideend|p2: FFKz|Toxic Spikes|[from] move: Rapid Spin|[of] p2a: Great Tusk
|
|-heal|p1a: Corviknight|71/100|[from] item: Leftovers
|-damage|p2a: Great Tusk|54/100 tox|[from] psn
|upkeep
|turn|30
|
|t:|1760812452
|-end|p2a: Great Tusk|Protosynthesis|[silent]
|switch|p2a: Cinderace|Cinderace, F|51/100
|move|p1a: Corviknight|Defog|p2a: Cinderace
|-unboost|p2a: Cinderace|evasion|1
|-sideend|p1: Cow|Stealth Rock|[from] move: Defog|[of] p1a: Corviknight
|
|-heal|p1a: Corviknight|77/100|[from] item: Leftovers
|upkeep
|turn|31
|
|t:|1760812466
|switch|p1a: Toxapex|Toxapex, F|96/100 brn
|move|p2a: Cinderace|Pyro Ball|p1a: Toxapex
|-resisted|p1a: Toxapex
|-damage|p1a: Toxapex|72/100 brn
|
|-damage|p1a: Toxapex|66/100 brn|[from] brn
|upkeep
|turn|32
|inactive|Cow has 240 seconds left.
|inactive|FFKz has 210 seconds left.
|
|t:|1760812502
|switch|p2a: Alomomola|Alomomola, M|100/100 tox
|move|p1a: Toxapex|Toxic|p2a: Alomomola
|-fail|p2a: Alomomola|tox
|
|-damage|p2a: Alomomola|94/100 tox|[from] psn
|-damage|p1a: Toxapex|59/100 brn|[from] brn
|upkeep
|turn|33
|inactive|Cow has 240 seconds left.
|inactive|FFKz has 210 seconds left.
|
|t:|1760812517
|switch|p1a: Gliscor|Gliscor, M|56/100 tox
|move|p2a: Alomomola|Scald|p1a: Gliscor
|-supereffective|p1a: Gliscor
|-damage|p1a: Gliscor|34/100 tox
|
|-heal|p1a: Gliscor|47/100 tox|[from] ability: Poison Heal
|-damage|p2a: Alomomola|82/100 tox|[from] psn
|upkeep
|turn|34
|inactive|Cow has 240 seconds left.
|
|t:|1760812526
|switch|p2a: Darkrai|Darkrai|100/100
|move|p1a: Gliscor|Spikes|p2a: Darkrai
|-sidestart|p2: FFKz|Spikes
|
|-heal|p1a: Gliscor|59/100 tox|[from] ability: Poison Heal
|upkeep
|turn|35
|
|t:|1760812532
|switch|p1a: Blissey|Blissey, F|100/100
|move|p2a: Darkrai|Nasty Plot|p2a: Darkrai
|-boost|p2a: Darkrai|spa|2
|
|upkeep
|turn|36
|
|t:|1760812540
|move|p2a: Darkrai|Nasty Plot|p2a: Darkrai
|-boost|p2a: Darkrai|spa|2
|move|p1a: Blissey|Calm Mind|p1a: Blissey
|-boost|p1a: Blissey|spa|1
|-boost|p1a: Blissey|spd|1
|
|upkeep
|turn|37
|
|t:|1760812546
|move|p2a: Darkrai|Sludge Bomb|p1a: Blissey
|-damage|p1a: Blissey|81/100
|-status|p1a: Blissey|psn
|move|p1a: Blissey|Calm Mind|p1a: Blissey
|-boost|p1a: Blissey|spa|1
|-boost|p1a: Blissey|spd|1
|
|-damage|p1a: Blissey|69/100 psn|[from] psn
|upkeep
|turn|38
|inactive|FFKz has 240 seconds left.
|
|t:|1760812552
|move|p2a: Darkrai|Dark Pulse|p1a: Blissey
|-damage|p1a: Blissey|48/100 psn
|move|p1a: Blissey|Seismic Toss|p2a: Darkrai
|-damage|p2a: Darkrai|65/100
|
|-heal|p2a: Darkrai|71/100|[from] item: Leftovers
|-damage|p1a: Blissey|36/100 psn|[from] psn
|upkeep
|turn|39
|inactive|Cow has 270 seconds left.
|
|t:|1760812569
|-terastallize|p1a: Blissey|Dark
|move|p2a: Darkrai|Dark Pulse|p1a: Blissey
|-resisted|p1a: Blissey
|-damage|p1a: Blissey|25/100 psn
|move|p1a: Blissey|Soft-Boiled|p1a: Blissey
|-heal|p1a: Blissey|75/100 psn
|
|-heal|p2a: Darkrai|77/100|[from] item: Leftovers
|-damage|p1a: Blissey|63/100 psn|[from] psn
|upkeep
|turn|40
|
|t:|1760812583
|switch|p2a: Great Tusk|Great Tusk|54/100 tox
|-damage|p2a: Great Tusk|42/100 tox|[from] Spikes
|move|p1a: Blissey|Seismic Toss|p2a: Great Tusk
|-damage|p2a: Great Tusk|18/100 tox
|-damage|p1a: Blissey|46/100 psn|[from] item: Rocky Helmet|[of] p2a: Great Tusk
|
|-damage|p2a: Great Tusk|12/100 tox|[from] psn
|-damage|p1a: Blissey|34/100 psn|[from] psn
|upkeep
|turn|41
|inactive|Cow has 270 seconds left.
|
|t:|1760812597
|-end|p2a: Great Tusk|Protosynthesis|[silent]
|switch|p2a: Cinderace|Cinderace, F|51/100
|-curestatus|p1a: Blissey|psn|[from] ability: Natural Cure
|switch|p1a: Corviknight|Corviknight, M|77/100
|-ability|p1a: Corviknight|Pressure
|
|-heal|p1a: Corviknight|83/100|[from] item: Leftovers
|upkeep
|turn|42
|inactive|Cow has 270 seconds left.
|inactive|FFKz has 240 seconds left.
|
|t:|1760812640
|switch|p1a: Weezing|Weezing-Galar, M|100/100
|-ability|p1a: Weezing|Neutralizing Gas
|move|p2a: Cinderace|Court Change|p2a: Cinderace
|-swapsideconditions
|-activate|p2a: Cinderace|move: Court Change
|
|upkeep
|turn|43
|inactive|FFKz has 210 seconds left.
|
|t:|1760812656
|switch|p2a: Cresselia|Cresselia, F|100/100
|move|p1a: Weezing|Defog|p2a: Cresselia
|-unboost|p2a: Cresselia|evasion|1
|-sideend|p1: Cow|Spikes|[from] move: Defog|[of] p1a: Weezing
|
|upkeep
|turn|44
|
|t:|1760812664
|switch|p2a: Darkrai|Darkrai|77/100
|-end|p1a: Weezing|ability: Neutralizing Gas
|switch|p1a: Toxapex|Toxapex, F|93/100 brn
|
|-heal|p2a: Darkrai|83/100|[from] item: Leftovers
|-damage|p1a: Toxapex|86/100 brn|[from] brn
|upkeep
|turn|45
|
|t:|1760812672
|switch|p2a: Alomomola|Alomomola, M|100/100 tox
|switch|p1a: Blissey|Blissey, F, tera:Dark|34/100
|
|-damage|p2a: Alomomola|94/100 tox|[from] psn
|upkeep
|turn|46
|inactive|Cow has 270 seconds left.
|
|t:|1760812722
|switch|p1a: Weezing|Weezing-Galar, M|100/100
|-ability|p1a: Weezing|Neutralizing Gas
|move|p2a: Alomomola|Play Rough|p1a: Weezing
|-resisted|p1a: Weezing
|-damage|p1a: Weezing|95/100
|
|-damage|p2a: Alomomola|82/100 tox|[from] psn
|upkeep
|turn|47
|c|☆FFKz|rip
|c|☆Cow|phew
|
|t:|1760812744
|move|p1a: Weezing|Strange Steam|p2a: Alomomola
|-damage|p2a: Alomomola|66/100 tox
|move|p2a: Alomomola|Flip Turn|p1a: Weezing
|-damage|p1a: Weezing|83/100
|inactive|FFKz has 210 seconds left.
|inactive|FFKz has 180 seconds left.
|
|t:|1760812788
|switch|p2a: Cinderace|Cinderace, F|51/100|[from] Flip Turn
|
|upkeep
|turn|48
|
|t:|1760812797
|-end|p1a: Weezing|ability: Neutralizing Gas
|switch|p1a: Toxapex|Toxapex, F|100/100 brn
|move|p2a: Cinderace|Pyro Ball|p1a: Toxapex
|-resisted|p1a: Toxapex
|-damage|p1a: Toxapex|78/100 brn
|
|-damage|p1a: Toxapex|72/100 brn|[from] brn
|upkeep
|turn|49
|
|t:|1760812808
|switch|p2a: Alomomola|Alomomola, M|66/100 tox
|move|p1a: Toxapex|Toxic Spikes|p2a: Alomomola
|-sidestart|p2: FFKz|move: Toxic Spikes
|
|-damage|p2a: Alomomola|60/100 tox|[from] psn
|-damage|p1a: Toxapex|66/100 brn|[from] brn
|upkeep
|turn|50
|
|t:|1760812813
|switch|p1a: Weezing|Weezing-Galar, M|83/100
|-ability|p1a: Weezing|Neutralizing Gas
|move|p2a: Alomomola|Flip Turn|p1a: Weezing
|-damage|p1a: Weezing|71/100
|
|t:|1760812822
|switch|p2a: Cresselia|Cresselia, F|100/100|[from] Flip Turn
|-status|p2a: Cresselia|psn
|
|-damage|p2a: Cresselia|88/100 psn|[from] psn
|upkeep
|turn|51
|c|☆FFKz|uh
|c|☆FFKz|NO
|c|☆Cow|LMAO
|inactive|Cow has 270 seconds left.
|c|+longestbanana|LOL
|c|+Mik3ymon|LOOL
|c|☆FFKz|Ok fine
|c|+no way iz|wow
|c|+StFirezim|lol
|
|t:|1760812843
|-end|p1a: Weezing|ability: Neutralizing Gas
|switch|p1a: Blissey|Blissey, F, tera:Dark|34/100
|move|p2a: Cresselia|Calm Mind|p2a: Cresselia
|-boost|p2a: Cresselia|spa|1
|-boost|p2a: Cresselia|spd|1
|
|-heal|p2a: Cresselia|94/100 psn|[from] item: Leftovers
|-damage|p2a: Cresselia|82/100 psn|[from] psn
|upkeep
|turn|52
|inactive|FFKz has 210 seconds left.
|c|+Dugtrio is Broken|🐄 stall mode
|c|+fate1q|La vaca
|
|t:|1760812859
|move|p2a: Cresselia|Calm Mind|p2a: Cresselia
|-boost|p2a: Cresselia|spa|1
|-boost|p2a: Cresselia|spd|1
|move|p1a: Blissey|Soft-Boiled|p1a: Blissey
|-heal|p1a: Blissey|84/100
|
|-heal|p2a: Cresselia|88/100 psn|[from] item: Leftovers
|-damage|p2a: Cresselia|75/100 psn|[from] psn
|upkeep
|turn|53
|c|+no way iz|kkk
|c|+Mik3ymon|:cow:
|inactive|Cow has 270 seconds left.
|
|t:|1760812870
|move|p2a: Cresselia|Moonblast|p1a: Blissey
|-supereffective|p1a: Blissey
|-damage|p1a: Blissey|61/100
|-unboost|p1a: Blissey|spa|1
|move|p1a: Blissey|Calm Mind|p1a: Blissey
|-boost|p1a: Blissey|spa|1
|-boost|p1a: Blissey|spd|1
|
|-heal|p2a: Cresselia|82/100 psn|[from] item: Leftovers
|-damage|p2a: Cresselia|69/100 psn|[from] psn
|upkeep
|turn|54
|inactive|Cow has 270 seconds left.
|
|t:|1760812884
|move|p2a: Cresselia|Calm Mind|p2a: Cresselia
|-boost|p2a: Cresselia|spa|1
|-boost|p2a: Cresselia|spd|1
|move|p1a: Blissey|Seismic Toss|p2a: Cresselia
|-damage|p2a: Cresselia|47/100 psn
|
|-heal|p2a: Cresselia|53/100 psn|[from] item: Leftovers
|-damage|p2a: Cresselia|40/100 psn|[from] psn
|upkeep
|turn|55
|inactive|Cow has 270 seconds left.
|
|t:|1760812890
|move|p2a: Cresselia|Moonblast|p1a: Blissey
|-supereffective|p1a: Blissey
|-damage|p1a: Blissey|44/100
|move|p1a: Blissey|Calm Mind|p1a: Blissey
|-boost|p1a: Blissey|spa|1
|-boost|p1a: Blissey|spd|1
|
|-heal|p2a: Cresselia|46/100 psn|[from] item: Leftovers
|-damage|p2a: Cresselia|34/100 psn|[from] psn
|upkeep
|turn|56
|
|t:|1760812896
|move|p2a: Cresselia|Moonlight|p2a: Cresselia
|-heal|p2a: Cresselia|84/100 psn
|move|p1a: Blissey|Soft-Boiled|p1a: Blissey
|-heal|p1a: Blissey|94/100
|
|-heal|p2a: Cresselia|90/100 psn|[from] item: Leftovers
|-damage|p2a: Cresselia|78/100 psn|[from] psn
|upkeep
|turn|57
|
|t:|1760812911
|move|p2a: Cresselia|Moonblast|p1a: Blissey
|-supereffective|p1a: Blissey
|-damage|p1a: Blissey|79/100
|move|p1a: Blissey|Seismic Toss|p2a: Cresselia
|-damage|p2a: Cresselia|55/100 psn
|
|-heal|p2a: Cresselia|61/100 psn|[from] item: Leftovers
|-damage|p2a: Cresselia|49/100 psn|[from] psn
|upkeep
|turn|58
|
|t:|1760812929
|switch|p2a: Alomomola|Alomomola, M|60/100 tox
|move|p1a: Blissey|Seismic Toss|p2a: Alomomola
|-damage|p2a: Alomomola|39/100 tox
|
|-damage|p2a: Alomomola|33/100 tox|[from] psn
|upkeep
|turn|59
|
|t:|1760812946
|switch|p1a: Weezing|Weezing-Galar, M|71/100
|-ability|p1a: Weezing|Neutralizing Gas
|move|p2a: Alomomola|Flip Turn|p1a: Weezing
|-damage|p1a: Weezing|60/100
|
|t:|1760812952
|switch|p2a: Cinderace|Cinderace, F|51/100|[from] Flip Turn
|
|upkeep
|turn|60
|
|t:|1760812962
|move|p2a: Cinderace|Pyro Ball|p1a: Weezing
|-damage|p1a: Weezing|21/100
|-status|p1a: Weezing|brn
|move|p1a: Weezing|Will-O-Wisp|p2a: Cinderace
|-immune|p2a: Cinderace
|
|-damage|p1a: Weezing|15/100 brn|[from] brn
|upkeep
|turn|61
|
|t:|1760812979
|move|p2a: Cinderace|Court Change|p2a: Cinderace
|-swapsideconditions
|-activate|p2a: Cinderace|move: Court Change
|move|p1a: Weezing|Pain Split|p2a: Cinderace
|-sethp|p2a: Cinderace|33/100|[from] move: Pain Split|[silent]
|-sethp|p1a: Weezing|30/100 brn|[from] move: Pain Split
|
|-damage|p1a: Weezing|24/100 brn|[from] brn
|upkeep
|turn|62
|
|t:|1760812994
|-end|p1a: Weezing|ability: Neutralizing Gas
|switch|p1a: Toxapex|Toxapex, F|99/100 brn
|-sideend|p1: Cow|move: Toxic Spikes|[of] p1a: Toxapex
|move|p2a: Cinderace|Pyro Ball|p1a: Toxapex
|-resisted|p1a: Toxapex
|-damage|p1a: Toxapex|75/100 brn
|
|-damage|p1a: Toxapex|69/100 brn|[from] brn
|upkeep
|turn|63
|
|t:|1760813019
|switch|p2a: Alomomola|Alomomola, M|33/100 tox
|switch|p1a: Dondozo|Dondozo, F|54/100
|
|-heal|p1a: Dondozo|60/100|[from] item: Leftovers
|-damage|p2a: Alomomola|27/100 tox|[from] psn
|upkeep
|turn|64
|
|t:|1760813027
|switch|p1a: Weezing|Weezing-Galar, M|24/100 brn
|-ability|p1a: Weezing|Neutralizing Gas
|move|p2a: Alomomola|Flip Turn|p1a: Weezing
|-damage|p1a: Weezing|12/100 brn
|
|t:|1760813033
|switch|p2a: Darkrai|Darkrai|83/100|[from] Flip Turn
|
|-heal|p2a: Darkrai|89/100|[from] item: Leftovers
|-damage|p1a: Weezing|6/100 brn|[from] brn
|upkeep
|turn|65
|inactive|FFKz has 240 seconds left.
|
|t:|1760813044
|-end|p1a: Weezing|ability: Neutralizing Gas
|switch|p1a: Blissey|Blissey, F, tera:Dark|79/100
|move|p2a: Darkrai|Dark Pulse|p1a: Blissey
|-resisted|p1a: Blissey
|-damage|p1a: Blissey|73/100
|
|-heal|p2a: Darkrai|95/100|[from] item: Leftovers
|upkeep
|turn|66
|inactive|FFKz has 240 seconds left.
|inactive|FFKz has 210 seconds left.
|
|t:|1760813089
|switch|p2a: Cresselia|Cresselia, F|49/100 psn
|move|p1a: Blissey|Seismic Toss|p2a: Cresselia
|-damage|p2a: Cresselia|26/100 psn
|
|-heal|p2a: Cresselia|32/100 psn|[from] item: Leftovers
|-damage|p2a: Cresselia|20/100 psn|[from] psn
|upkeep
|turn|67
|c|+KniY|sla as vezes eu concordo com o ljcarai
|
|t:|1760813100
|switch|p1a: Gliscor|Gliscor, M|59/100 tox
|move|p2a: Cresselia|Moonlight|p2a: Cresselia
|-heal|p2a: Cresselia|70/100 psn
|
|-heal|p2a: Cresselia|76/100 psn|[from] item: Leftovers
|-damage|p2a: Cresselia|64/100 psn|[from] psn
|-heal|p1a: Gliscor|72/100 tox|[from] ability: Poison Heal
|upkeep
|turn|68
|inactive|FFKz has 210 seconds left.
|
|t:|1760813128
|switch|p2a: Great Tusk|Great Tusk|12/100 tox
|move|p1a: Gliscor|Knock Off|p2a: Great Tusk
|-resisted|p2a: Great Tusk
|-damage|p2a: Great Tusk|6/100 tox
|-damage|p1a: Gliscor|55/100 tox|[from] item: Rocky Helmet|[of] p2a: Great Tusk
|-enditem|p2a: Great Tusk|Rocky Helmet|[from] move: Knock Off|[of] p1a: Gliscor
|
|-damage|p2a: Great Tusk|0 fnt|[from] psn
|faint|p2a: Great Tusk
|-end|p2a: Great Tusk|Protosynthesis|[silent]
|-heal|p1a: Gliscor|68/100 tox|[from] ability: Poison Heal
|upkeep
|
|t:|1760813131
|switch|p2a: Darkrai|Darkrai|95/100
|turn|69
|
|t:|1760813145
|switch|p1a: Toxapex|Toxapex, F|100/100 brn
|move|p2a: Darkrai|Ice Beam|p1a: Toxapex
|-resisted|p1a: Toxapex
|-damage|p1a: Toxapex|90/100 brn
|
|-heal|p2a: Darkrai|100/100|[from] item: Leftovers
|-damage|p1a: Toxapex|84/100 brn|[from] brn
|upkeep
|turn|70
|
|t:|1760813162
|switch|p2a: Alomomola|Alomomola, M|27/100 tox
|move|p1a: Toxapex|Toxic|p2a: Alomomola
|-fail|p2a: Alomomola|tox
|
|-damage|p2a: Alomomola|20/100 tox|[from] psn
|-damage|p1a: Toxapex|77/100 brn|[from] brn
|upkeep
|turn|71
|
|t:|1760813170
|switch|p2a: Cresselia|Cresselia, F|64/100 psn
|switch|p1a: Dondozo|Dondozo, F|60/100
|
|-heal|p2a: Cresselia|70/100 psn|[from] item: Leftovers
|-heal|p1a: Dondozo|67/100|[from] item: Leftovers
|-damage|p2a: Cresselia|57/100 psn|[from] psn
|upkeep
|turn|72
|
|t:|1760813179
|switch|p1a: Gliscor|Gliscor, M|68/100 tox
|move|p2a: Cresselia|Moonblast|p1a: Gliscor
|-damage|p1a: Gliscor|53/100 tox
|-unboost|p1a: Gliscor|spa|1
|
|-heal|p2a: Cresselia|64/100 psn|[from] item: Leftovers
|-damage|p2a: Cresselia|51/100 psn|[from] psn
|-heal|p1a: Gliscor|66/100 tox|[from] ability: Poison Heal
|upkeep
|turn|73
|
|t:|1760813193
|switch|p2a: Alomomola|Alomomola, M|54/100 tox
|move|p1a: Gliscor|Knock Off|p2a: Alomomola
|-damage|p2a: Alomomola|39/100 tox
|-enditem|p2a: Alomomola|Assault Vest|[from] move: Knock Off|[of] p1a: Gliscor
|
|-heal|p1a: Gliscor|78/100 tox|[from] ability: Poison Heal
|-damage|p2a: Alomomola|33/100 tox|[from] psn
|upkeep
|turn|74
|
|t:|1760813201
|move|p1a: Gliscor|Spikes|p2a: Alomomola
|-sidestart|p2: FFKz|Spikes
|move|p2a: Alomomola|Flip Turn|p1a: Gliscor
|-supereffective|p1a: Gliscor
|-damage|p1a: Gliscor|54/100 tox
|
|t:|1760813206
|switch|p2a: Darkrai|Darkrai|100/100|[from] Flip Turn
|-damage|p2a: Darkrai|88/100|[from] Spikes
|
|-heal|p2a: Darkrai|94/100|[from] item: Leftovers
|-heal|p1a: Gliscor|66/100 tox|[from] ability: Poison Heal
|upkeep
|turn|75
|
|t:|1760813210
|switch|p1a: Toxapex|Toxapex, F|100/100 brn
|move|p2a: Darkrai|Ice Beam|p1a: Toxapex
|-resisted|p1a: Toxapex
|-damage|p1a: Toxapex|91/100 brn
|
|-heal|p2a: Darkrai|99/100|[from] item: Leftovers
|-damage|p1a: Toxapex|84/100 brn|[from] brn
|upkeep
|turn|76
|
|t:|1760813219
|switch|p2a: Alomomola|Alomomola, M|66/100 tox
|-damage|p2a: Alomomola|54/100 tox|[from] Spikes
|switch|p1a: Dondozo|Dondozo, F|67/100
|
|-heal|p1a: Dondozo|73/100|[from] item: Leftovers
|-damage|p2a: Alomomola|48/100 tox|[from] psn
|upkeep
|turn|77
|
|t:|1760813231
|move|p2a: Alomomola|Flip Turn|p1a: Dondozo
|-resisted|p1a: Dondozo
|-damage|p1a: Dondozo|69/100
|
|t:|1760813234
|switch|p2a: Cresselia|Cresselia, F|51/100 psn|[from] Flip Turn
|move|p1a: Dondozo|Body Press|p2a: Cresselia
|-resisted|p2a: Cresselia
|-damage|p2a: Cresselia|42/100 psn
|
|-heal|p2a: Cresselia|48/100 psn|[from] item: Leftovers
|-heal|p1a: Dondozo|75/100|[from] item: Leftovers
|-damage|p2a: Cresselia|36/100 psn|[from] psn
|upkeep
|turn|78
|
|t:|1760813242
|switch|p2a: Darkrai|Darkrai|99/100
|-damage|p2a: Darkrai|88/100|[from] Spikes
|switch|p1a: Gliscor|Gliscor, M|66/100 tox
|
|-heal|p2a: Darkrai|94/100|[from] item: Leftovers
|-heal|p1a: Gliscor|79/100 tox|[from] ability: Poison Heal
|upkeep
|turn|79
|
|t:|1760813247
|switch|p1a: Toxapex|Toxapex, F|100/100 brn
|move|p2a: Darkrai|Nasty Plot|p2a: Darkrai
|-boost|p2a: Darkrai|spa|2
|
|-heal|p2a: Darkrai|99/100|[from] item: Leftovers
|-damage|p1a: Toxapex|94/100 brn|[from] brn
|upkeep
|turn|80
|
|t:|1760813256
|switch|p2a: Alomomola|Alomomola, M|81/100 tox
|-damage|p2a: Alomomola|69/100 tox|[from] Spikes
|move|p1a: Toxapex|Toxic|p2a: Alomomola
|-fail|p2a: Alomomola|tox
|
|-damage|p2a: Alomomola|63/100 tox|[from] psn
|-damage|p1a: Toxapex|88/100 brn|[from] brn
|upkeep
|turn|81
|
|t:|1760813262
|switch|p1a: Dondozo|Dondozo, F|75/100
|move|p2a: Alomomola|Flip Turn|p1a: Dondozo
|-resisted|p1a: Dondozo
|-damage|p1a: Dondozo|72/100
|
|t:|1760813268
|switch|p2a: Cresselia|Cresselia, F|36/100 psn|[from] Flip Turn
|
|-heal|p2a: Cresselia|42/100 psn|[from] item: Leftovers
|-heal|p1a: Dondozo|78/100|[from] item: Leftovers
|-damage|p2a: Cresselia|30/100 psn|[from] psn
|upkeep
|turn|82
|
|t:|1760813274
|switch|p1a: Gliscor|Gliscor, M|79/100 tox
|move|p2a: Cresselia|Moonlight|p2a: Cresselia
|-heal|p2a: Cresselia|80/100 psn
|
|-heal|p2a: Cresselia|86/100 psn|[from] item: Leftovers
|-damage|p2a: Cresselia|73/100 psn|[from] psn
|-heal|p1a: Gliscor|91/100 tox|[from] ability: Poison Heal
|upkeep
|turn|83
|
|t:|1760813285
|switch|p2a: Alomomola|Alomomola, M|96/100 tox
|-damage|p2a: Alomomola|83/100 tox|[from] Spikes
|move|p1a: Gliscor|Knock Off|p2a: Alomomola
|-damage|p2a: Alomomola|74/100 tox
|
|-heal|p1a: Gliscor|100/100 tox|[from] ability: Poison Heal
|-damage|p2a: Alomomola|68/100 tox|[from] psn
|upkeep
|turn|84
|
|t:|1760813292
|switch|p2a: Darkrai|Darkrai|99/100
|-damage|p2a: Darkrai|87/100|[from] Spikes
|move|p1a: Gliscor|Protect||[still]
|-fail|p1a: Gliscor
|
|-heal|p2a: Darkrai|93/100|[from] item: Leftovers
|upkeep
|turn|85
|
|t:|1760813302
|switch|p1a: Toxapex|Toxapex, F|100/100 brn
|move|p2a: Darkrai|Nasty Plot|p2a: Darkrai
|-boost|p2a: Darkrai|spa|2
|
|-heal|p2a: Darkrai|99/100|[from] item: Leftovers
|-damage|p1a: Toxapex|94/100 brn|[from] brn
|upkeep
|turn|86
|
|t:|1760813307
|switch|p2a: Alomomola|Alomomola, M|100/100 tox
|-damage|p2a: Alomomola|88/100 tox|[from] Spikes
|move|p1a: Toxapex|Toxic|p2a: Alomomola
|-fail|p2a: Alomomola|tox
|
|-damage|p2a: Alomomola|82/100 tox|[from] psn
|-damage|p1a: Toxapex|88/100 brn|[from] brn
|upkeep
|turn|87
|
|t:|1760813312
|switch|p1a: Gliscor|Gliscor, M|100/100 tox
|move|p2a: Alomomola|Flip Turn|p1a: Gliscor
|-supereffective|p1a: Gliscor
|-damage|p1a: Gliscor|73/100 tox
|
|t:|1760813315
|switch|p2a: Darkrai|Darkrai|99/100|[from] Flip Turn
|-damage|p2a: Darkrai|87/100|[from] Spikes
|
|-heal|p2a: Darkrai|93/100|[from] item: Leftovers
|-heal|p1a: Gliscor|85/100 tox|[from] ability: Poison Heal
|upkeep
|turn|88
|
|t:|1760813318
|switch|p1a: Toxapex|Toxapex, F|100/100 brn
|move|p2a: Darkrai|Ice Beam|p1a: Toxapex
|-resisted|p1a: Toxapex
|-damage|p1a: Toxapex|91/100 brn
|
|-heal|p2a: Darkrai|99/100|[from] item: Leftovers
|-damage|p1a: Toxapex|84/100 brn|[from] brn
|upkeep
|turn|89
|
|t:|1760813323
|move|p2a: Darkrai|Dark Pulse|p1a: Toxapex
|-damage|p1a: Toxapex|58/100 brn
|move|p1a: Toxapex|Toxic Spikes|p2a: Darkrai
|-sidestart|p2: FFKz|move: Toxic Spikes
|
|-heal|p2a: Darkrai|100/100|[from] item: Leftovers
|-damage|p1a: Toxapex|51/100 brn|[from] brn
|upkeep
|turn|90
|
|t:|1760813328
|switch|p1a: Blissey|Blissey, F, tera:Dark|73/100
|move|p2a: Darkrai|Nasty Plot|p2a: Darkrai
|-boost|p2a: Darkrai|spa|2
|
|upkeep
|turn|91
|
|t:|1760813334
|move|p2a: Darkrai|Sludge Bomb|p1a: Blissey
|-damage|p1a: Blissey|53/100
|move|p1a: Blissey|Seismic Toss|p2a: Darkrai
|-damage|p2a: Darkrai|65/100
|
|-heal|p2a: Darkrai|71/100|[from] item: Leftovers
|upkeep
|turn|92
|
|t:|1760813340
|move|p2a: Darkrai|Sludge Bomb|p1a: Blissey
|-damage|p1a: Blissey|31/100
|-status|p1a: Blissey|psn
|move|p1a: Blissey|Soft-Boiled|p1a: Blissey
|-heal|p1a: Blissey|81/100 psn
|
|-heal|p2a: Darkrai|77/100|[from] item: Leftovers
|-damage|p1a: Blissey|69/100 psn|[from] psn
|upkeep
|turn|93
|
|t:|1760813351
|-curestatus|p1a: Blissey|psn|[from] ability: Natural Cure
|switch|p1a: Weezing|Weezing-Galar, M|6/100 brn
|-ability|p1a: Weezing|Neutralizing Gas
|move|p2a: Darkrai|Nasty Plot|p2a: Darkrai
|-boost|p2a: Darkrai|spa|2
|
|-heal|p2a: Darkrai|83/100|[from] item: Leftovers
|-damage|p1a: Weezing|0 fnt|[from] brn
|faint|p1a: Weezing
|-end|p1a: Weezing|ability: Neutralizing Gas
|upkeep
|
|t:|1760813375
|switch|p1a: Toxapex|Toxapex, F|85/100 brn
|turn|94
|c|☆FFKz|I'm begging my dear luck here
|
|t:|1760813401
|move|p2a: Darkrai|Dark Pulse|p1a: Toxapex
|-damage|p1a: Toxapex|7/100 brn
|move|p1a: Toxapex|Toxic|p2a: Darkrai
|-status|p2a: Darkrai|tox
|
|-heal|p2a: Darkrai|89/100 tox|[from] item: Leftovers
|-damage|p2a: Darkrai|83/100 tox|[from] psn
|-damage|p1a: Toxapex|0 fnt|[from] brn
|faint|p1a: Toxapex
|upkeep
|c|☆FFKz|rip
|
|t:|1760813414
|switch|p1a: Dondozo|Dondozo, F|78/100
|turn|95
|inactive|FFKz has 270 seconds left.
|
|t:|1760813439
|move|p2a: Darkrai|Dark Pulse|p1a: Dondozo
|-damage|p1a: Dondozo|36/100
|move|p1a: Dondozo|Body Press|p2a: Darkrai
|-supereffective|p2a: Darkrai
|-damage|p2a: Darkrai|3/100 tox
|
|-heal|p2a: Darkrai|9/100 tox|[from] item: Leftovers
|-heal|p1a: Dondozo|42/100|[from] item: Leftovers
|-damage|p2a: Darkrai|0 fnt|[from] psn
|faint|p2a: Darkrai
|upkeep
|c|☆Cow|you called me out hard there w the pex darkai interaction
|c|☆Cow|wp
|inactive|FFKz has 270 seconds left.
|
|t:|1760813450
|switch|p2a: Cresselia|Cresselia, F|73/100 psn
|turn|96
|
|t:|1760813453
|switch|p1a: Gliscor|Gliscor, M|85/100 tox
|move|p2a: Cresselia|Calm Mind|p2a: Cresselia
|-boost|p2a: Cresselia|spa|1
|-boost|p2a: Cresselia|spd|1
|
|-heal|p2a: Cresselia|79/100 psn|[from] item: Leftovers
|-damage|p2a: Cresselia|67/100 psn|[from] psn
|-heal|p1a: Gliscor|98/100 tox|[from] ability: Poison Heal
|upkeep
|turn|97
|
|t:|1760813457
|move|p2a: Cresselia|Calm Mind|p2a: Cresselia
|-boost|p2a: Cresselia|spa|1
|-boost|p2a: Cresselia|spd|1
|move|p1a: Gliscor|Knock Off|p2a: Cresselia
|-supereffective|p2a: Cresselia
|-damage|p2a: Cresselia|42/100 psn
|-enditem|p2a: Cresselia|Leftovers|[from] move: Knock Off|[of] p1a: Gliscor
|
|-damage|p2a: Cresselia|29/100 psn|[from] psn
|-heal|p1a: Gliscor|100/100 tox|[from] ability: Poison Heal
|upkeep
|turn|98
|
|t:|1760813466
|switch|p1a: Blissey|Blissey, F, tera:Dark|69/100
|move|p2a: Cresselia|Moonlight|p2a: Cresselia
|-heal|p2a: Cresselia|79/100 psn
|
|-damage|p2a: Cresselia|67/100 psn|[from] psn
|upkeep
|turn|99
|
|t:|1760813473
|move|p2a: Cresselia|Moonblast|p1a: Blissey
|-supereffective|p1a: Blissey
|-damage|p1a: Blissey|46/100
|move|p1a: Blissey|Calm Mind|p1a: Blissey
|-boost|p1a: Blissey|spa|1
|-boost|p1a: Blissey|spd|1
|
|-damage|p2a: Cresselia|55/100 psn|[from] psn
|upkeep
|turn|100
|c|☆FFKz|double crit now
|
|t:|1760813481
|move|p2a: Cresselia|Moonblast|p1a: Blissey
|-supereffective|p1a: Blissey
|-damage|p1a: Blissey|32/100
|move|p1a: Blissey|Soft-Boiled|p1a: Blissey
|-heal|p1a: Blissey|82/100
|
|-damage|p2a: Cresselia|42/100 psn|[from] psn
|upkeep
|turn|101
|
|t:|1760813485
|move|p2a: Cresselia|Moonlight|p2a: Cresselia
|-heal|p2a: Cresselia|92/100 psn
|move|p1a: Blissey|Seismic Toss|p2a: Cresselia
|-damage|p2a: Cresselia|70/100 psn
|
|-damage|p2a: Cresselia|57/100 psn|[from] psn
|upkeep
|turn|102
|c|☆FFKz|shitty cress
|c|☆Cow|lmao
|
|t:|1760813493
|switch|p2a: Alomomola|Alomomola, M|100/100 tox
|-damage|p2a: Alomomola|88/100 tox|[from] Spikes
|move|p1a: Blissey|Seismic Toss|p2a: Alomomola
|-damage|p2a: Alomomola|67/100 tox
|
|-damage|p2a: Alomomola|61/100 tox|[from] psn
|upkeep
|turn|103
|c|☆Cow|that was unfortunate interaction
|c|☆Cow|for sure
|
|t:|1760813509
|switch|p1a: Dondozo|Dondozo, F|42/100
|move|p2a: Alomomola|Flip Turn|p1a: Dondozo
|-resisted|p1a: Dondozo
|-damage|p1a: Dondozo|39/100
|c|☆FFKz|There was still a 25% chance of killing the pex
|c|☆FFKz|with krai
|c|☆FFKz|:sob:
|inactive|FFKz has 270 seconds left.
|c|☆FFKz|+ the flinch rate ! (nah gg bro)
|c|☆Cow|gg
|c|☆FFKz|even tho this was a stall that was fun
|c|☆Cow|sorry for disgustingness
|c|☆Cow|it was
|c|☆FFKz|I played bad in some turns
|
|t:|1760813561
|switch|p2a: Cresselia|Cresselia, F|57/100 psn|[from] Flip Turn
|
|-heal|p1a: Dondozo|45/100|[from] item: Leftovers
|-damage|p2a: Cresselia|45/100 psn|[from] psn
|upkeep
|turn|104
|c|☆Cow|you did well to claw it back
|c|☆Cow|what tera was the cress poison?
|c|☆FFKz|nah steel
|
|t:|1760813581
|switch|p1a: Blissey|Blissey, F, tera:Dark|82/100
|move|p2a: Cresselia|Moonblast|p1a: Blissey
|-supereffective|p1a: Blissey
|-damage|p1a: Blissey|71/100
|
|-damage|p2a: Cresselia|32/100 psn|[from] psn
|upkeep
|turn|105
|c|☆FFKz|I think my choke
|c|☆Cow|was ghold
|c|☆Cow|yeah
|c|☆FFKz|was tera ing ghold
|c|☆FFKz|I didn't expect
|c|☆FFKz|bpress killing lol
|
|t:|1760813605
|move|p2a: Cresselia|Moonlight|p2a: Cresselia
|-heal|p2a: Cresselia|82/100 psn
|move|p1a: Blissey|Seismic Toss|p2a: Cresselia
|-damage|p2a: Cresselia|60/100 psn
|
|-damage|p2a: Cresselia|48/100 psn|[from] psn
|upkeep
|turn|106
|
|t:|1760813610
|switch|p2a: Alomomola|Alomomola, M|94/100 tox
|-damage|p2a: Alomomola|82/100 tox|[from] Spikes
|move|p1a: Blissey|Seismic Toss|p2a: Alomomola
|-damage|p2a: Alomomola|61/100 tox
|
|-damage|p2a: Alomomola|55/100 tox|[from] psn
|upkeep
|turn|107
|
|t:|1760813616
|switch|p1a: Gliscor|Gliscor, M|100/100 tox
|move|p2a: Alomomola|Flip Turn|p1a: Gliscor
|-supereffective|p1a: Gliscor
|-damage|p1a: Gliscor|73/100 tox
|-message|FFKz forfeited.
|
|win|Cow
|c|☆FFKz|gg
|c|☆Cow|gg bro
