|j|☆magabeedrill
|j|☆jingqiu
|t:|1760874447
|gametype|singles
|player|p1|magabeedrill|ghetsis|
|player|p2|jingqiu|101|
|gen|9
|tier|[Gen 9] OU
|rule|HP Percentage Mod: HP is shown in percentages
|rule|Endless Battle Clause: Forcing endless battles is banned
|rule|Species Clause: Limit one of each Pokémon
|rule|OHKO Clause: OHKO moves are banned
|rule|Evasion Items Clause: Evasion items are banned
|rule|Evasion Moves Clause: Evasion moves are banned
|rule|Evasion Abilities Clause: Evasion abilities are banned
|rule|Sleep Moves Clause: Sleep-inducing moves are banned
|clearpoke
|poke|p1|Kingambit, M|
|poke|p1|Cinderace, M|
|poke|p1|Landorus-Therian, M|
|poke|p1|Iron Valiant|
|poke|p1|Kyurem|
|poke|p1|Slowking-Galar, F|
|poke|p2|Pelipper, M|
|poke|p2|Barraskewda, M|
|poke|p2|Hatterene, F|
|poke|p2|Raging Bolt|
|poke|p2|Hoopa-Unbound|
|poke|p2|Landorus-Therian, M|
|teampreview
|inactive|Battle timer is ON: inactive players will automatically lose when time's up. (requested by magabeedrill)
|inactive|jingqiu has 270 seconds left.
|
|t:|1760874478
|teamsize|p1|6
|teamsize|p2|6
|start
|switch|p1a: Kyurem|Kyurem, shiny|100/100
|switch|p2a: Pelipper|Pelipper, M|100/100
|-ability|p1a: Kyurem|Pressure
|-weather|RainDance|[from] ability: Drizzle|[of] p2a: Pelipper
|turn|1
|inactive|jingqiu has 270 seconds left.
|
|t:|1760874518
|switch|p2a: Hoopa|Hoopa-Unbound|100/100
|move|p1a: Kyurem|Substitute|p1a: Kyurem
|-start|p1a: Kyurem|Substitute
|-damage|p1a: Kyurem|76/100
|
|-weather|RainDance|[upkeep]
|-heal|p1a: Kyurem|82/100|[from] item: Leftovers
|upkeep
|turn|2
|inactive|jingqiu has 270 seconds left.
|
|t:|1760874538
|move|p1a: Kyurem|Protect|p1a: Kyurem
|-singleturn|p1a: Kyurem|Protect
|move|p2a: Hoopa|Hyperspace Fury|p1a: Kyurem
|-activate|p1a: Kyurem|move: Hyperspace Fury|[broken]
|-damage|p1a: Kyurem|0 fnt
|-unboost|p2a: Hoopa|def|1
|faint|p1a: Kyurem
|
|-weather|RainDance|[upkeep]
|upkeep
|
|t:|1760874554
|switch|p1a: Iron Valiant|Iron Valiant, shiny|100/100
|-enditem|p1a: Iron Valiant|Booster Energy
|-activate|p1a: Iron Valiant|ability: Quark Drive|[fromitem]
|-start|p1a: Iron Valiant|quarkdrivespe
|turn|3
|inactive|jingqiu has 270 seconds left.
|inactive|jingqiu has 240 seconds left.
|
|t:|1760874590
|switch|p2a: Hatterene|Hatterene, F|100/100
|move|p1a: Iron Valiant|Calm Mind|p1a: Iron Valiant
|-boost|p1a: Iron Valiant|spa|1
|-boost|p1a: Iron Valiant|spd|1
|
|-weather|RainDance|[upkeep]
|upkeep
|turn|4
|inactive|jingqiu has 240 seconds left.
|
|t:|1760874604
|move|p1a: Iron Valiant|Shadow Ball|p2a: Hatterene
|-supereffective|p2a: Hatterene
|-damage|p2a: Hatterene|14/100
|-unboost|p2a: Hatterene|spd|1
|-enditem|p2a: Hatterene|Eject Button
|inactive|jingqiu has 240 seconds left.
|inactive|jingqiu has 210 seconds left.
|inactive|jingqiu has 180 seconds left.
|
|t:|1760874676
|switch|p2a: Barraskewda|Barraskewda, M|100/100
|
|-weather|RainDance|[upkeep]
|upkeep
|turn|5
|inactive|jingqiu has 180 seconds left.
|inactive|magabeedrill has 270 seconds left.
|inactive|jingqiu has 150 seconds left.
|inactive|magabeedrill has 240 seconds left.
|
|t:|1760874737
|-end|p1a: Iron Valiant|Quark Drive|[silent]
|switch|p1a: Landorus|Landorus-Therian, M|100/100
|-ability|p1a: Landorus|Intimidate|boost
|-unboost|p2a: Barraskewda|atk|1
|move|p2a: Barraskewda|Liquidation|p1a: Landorus
|-supereffective|p1a: Landorus
|-damage|p1a: Landorus|4/100
|-damage|p2a: Barraskewda|84/100|[from] item: Rocky Helmet|[of] p1a: Landorus
|-damage|p2a: Barraskewda|74/100|[from] item: Life Orb
|
|-weather|RainDance|[upkeep]
|upkeep
|turn|6
|inactive|magabeedrill has 240 seconds left.
|inactive|jingqiu has 150 seconds left.
|
|t:|1760874764
|move|p2a: Barraskewda|Flip Turn|p1a: Landorus
|-supereffective|p1a: Landorus
|-damage|p1a: Landorus|0 fnt
|-damage|p2a: Barraskewda|58/100|[from] item: Rocky Helmet|[of] p1a: Landorus
|faint|p1a: Landorus
|-damage|p2a: Barraskewda|48/100|[from] item: Life Orb
|inactive|jingqiu has 150 seconds left.
|
|t:|1760874799
|switch|p2a: Landorus|Landorus-Therian, M|100/100|[from] Flip Turn
|
|-weather|RainDance|[upkeep]
|upkeep
|
|t:|1760874816
|switch|p1a: Cinderace|Cinderace, M|100/100
|turn|7
|
|t:|1760874826
|move|p2a: Landorus|Weather Ball|p1a: Cinderace
|-supereffective|p1a: Cinderace
|-damage|p1a: Cinderace|0 fnt
|faint|p1a: Cinderace
|
|-weather|RainDance|[upkeep]
|upkeep
|inactive|magabeedrill has 210 seconds left.
|
|t:|1760874861
|switch|p1a: Slowking|Slowking-Galar, F, shiny|100/100
|turn|8
|inactive|magabeedrill has 210 seconds left.
|
|t:|1760874885
|move|p2a: Landorus|Weather Ball|p1a: Slowking
|-damage|p1a: Slowking|72/100
|move|p1a: Slowking|Psychic Noise|p2a: Landorus
|-damage|p2a: Landorus|62/100
|-start|p2a: Landorus|move: Heal Block
|
|-weather|none
|upkeep
|turn|9
|
|t:|1760874893
|switch|p2a: Pelipper|Pelipper, M|100/100
|-weather|RainDance|[from] ability: Drizzle|[of] p2a: Pelipper
|move|p1a: Slowking|Psychic Noise|p2a: Pelipper
|-damage|p2a: Pelipper|63/100
|-start|p2a: Pelipper|move: Heal Block
|
|-weather|RainDance|[upkeep]
|upkeep
|turn|10
|inactive|magabeedrill has 210 seconds left.
|
|t:|1760874908
|move|p2a: Pelipper|U-turn|p1a: Slowking
|-damage|p1a: Slowking|63/100
|
|t:|1760874914
|switch|p2a: Hoopa|Hoopa-Unbound|100/100|[from] U-turn
|-prepare|p1a: Slowking|Chilly Reception|[premajor]
|move|p1a: Slowking|Chilly Reception|p1a: Slowking
|-weather|Snowscape
|inactive|magabeedrill has 210 seconds left.
|
|t:|1760874923
|switch|p1a: Iron Valiant|Iron Valiant, shiny|100/100|[from] Chilly Reception
|
|-weather|Snowscape|[upkeep]
|upkeep
|turn|11
|inactive|jingqiu has 150 seconds left.
|inactive|jingqiu has 120 seconds left.
|
|t:|1760874979
|move|p1a: Iron Valiant|Moonblast|p2a: Hoopa
|-supereffective|p2a: Hoopa
|-damage|p2a: Hoopa|29/100
|move|p2a: Hoopa|Gunk Shot|p1a: Iron Valiant
|-supereffective|p1a: Iron Valiant
|-damage|p1a: Iron Valiant|0 fnt
|faint|p1a: Iron Valiant
|-end|p1a: Iron Valiant|Quark Drive|[silent]
|
|-weather|Snowscape|[upkeep]
|upkeep
|inactive|magabeedrill has 210 seconds left.
|
|t:|1760874995
|switch|p1a: Kingambit|Kingambit, M, shiny|100/100
|-activate|p1a: Kingambit|ability: Supreme Overlord
|-start|p1a: Kingambit|fallen4|[silent]
|turn|12
|
|t:|1760875005
|switch|p2a: Pelipper|Pelipper, M|63/100
|-weather|RainDance|[from] ability: Drizzle|[of] p2a: Pelipper
|move|p1a: Kingambit|Swords Dance|p1a: Kingambit
|-boost|p1a: Kingambit|atk|2
|
|-weather|RainDance|[upkeep]
|upkeep
|turn|13
|
|t:|1760875018
|move|p1a: Kingambit|Swords Dance|p1a: Kingambit
|-boost|p1a: Kingambit|atk|2
|move|p2a: Pelipper|Weather Ball|p1a: Kingambit
|-damage|p1a: Kingambit|51/100
|
|-weather|RainDance|[upkeep]
|-heal|p1a: Kingambit|58/100|[from] item: Leftovers
|upkeep
|turn|14
|
|t:|1760875026
|move|p1a: Kingambit|Kowtow Cleave|p2a: Pelipper
|-damage|p2a: Pelipper|0 fnt
|faint|p2a: Pelipper
|
|-weather|RainDance|[upkeep]
|-heal|p1a: Kingambit|64/100|[from] item: Leftovers
|upkeep
|
|t:|1760875035
|switch|p2a: Barraskewda|Barraskewda, M|48/100
|turn|15
|
|t:|1760875038
|move|p1a: Kingambit|Sucker Punch|p2a: Barraskewda
|-damage|p2a: Barraskewda|0 fnt
|faint|p2a: Barraskewda
|
|-weather|RainDance|[upkeep]
|-heal|p1a: Kingambit|70/100|[from] item: Leftovers
|upkeep
|inactive|jingqiu has 120 seconds left.
|
|t:|1760875048
|switch|p2a: Raging Bolt|Raging Bolt|100/100
|-enditem|p2a: Raging Bolt|Booster Energy
|-activate|p2a: Raging Bolt|ability: Protosynthesis|[fromitem]
|-start|p2a: Raging Bolt|protosynthesisspa
|turn|16
|inactive|jingqiu has 120 seconds left.
|inactive|magabeedrill has 240 seconds left.
|
|t:|1760875072
|move|p2a: Raging Bolt|Thunderclap|p1a: Kingambit
|-damage|p1a: Kingambit|10/100
|move|p1a: Kingambit|Kowtow Cleave|p2a: Raging Bolt
|-damage|p2a: Raging Bolt|0 fnt
|faint|p2a: Raging Bolt
|-end|p2a: Raging Bolt|Protosynthesis|[silent]
|
|-weather|RainDance|[upkeep]
|-heal|p1a: Kingambit|16/100|[from] item: Leftovers
|upkeep
|
|t:|1760875093
|switch|p2a: Landorus|Landorus-Therian, M|62/100
|-ability|p2a: Landorus|Intimidate|boost
|-unboost|p1a: Kingambit|atk|1
|turn|17
|inactive|magabeedrill has 240 seconds left.
|
|t:|1760875109
|move|p1a: Kingambit|Sucker Punch|p2a: Landorus
|-damage|p2a: Landorus|0 fnt
|faint|p2a: Landorus
|
|-weather|RainDance|[upkeep]
|-heal|p1a: Kingambit|22/100|[from] item: Leftovers
|upkeep
|
|t:|1760875115
|switch|p2a: Hoopa|Hoopa-Unbound|29/100
|turn|18
|
|t:|1760875127
|move|p1a: Kingambit|Sucker Punch|p2a: Hoopa
|-damage|p2a: Hoopa|0 fnt
|faint|p2a: Hoopa
|
|-weather|RainDance|[upkeep]
|-heal|p1a: Kingambit|29/100|[from] item: Leftovers
|upkeep
|
|t:|1760875132
|switch|p2a: Hatterene|Hatterene, F|14/100
|turn|19
|
|t:|1760875142
|move|p1a: Kingambit|Iron Head|p2a: Hatterene
|-supereffective|p2a: Hatterene
|-damage|p2a: Hatterene|0 fnt
|faint|p2a: Hatterene
|
|win|magabeedrill
|l|☆jingqiu
|player|p2|
