|j|☆Thelavvysavvy
|j|☆mahjini
|t:|1760752336
|gametype|singles
|player|p1|Thelavvysavvy|marley|1195
|player|p2|mahjini|hoopster|1191
|gen|9
|tier|[Gen 9] OU
|rated|
|rule|HP Percentage Mod: HP is shown in percentages
|rule|Endless Battle Clause: Forcing endless battles is banned
|rule|Species Clause: Limit one of each Pokémon
|rule|OHKO Clause: OHKO moves are banned
|rule|Evasion Items Clause: Evasion items are banned
|rule|Evasion Moves Clause: Evasion moves are banned
|rule|Evasion Abilities Clause: Evasion abilities are banned
|rule|Sleep Moves Clause: Sleep-inducing moves are banned
|clearpoke
|poke|p1|Ribombee, F|
|poke|p1|Cinderace, F|
|poke|p1|Malamar, F|
|poke|p1|Serperior, F|
|poke|p1|Kingambit, F|
|poke|p1|Milotic, M|
|poke|p2|Lombre, M|
|poke|p2|Pelipper, F|
|poke|p2|Barraskewda, M|
|poke|p2|Iron Treads|
|poke|p2|Zapdos|
|poke|p2|Pecharunt|
|teampreview
|inactive|Battle timer is ON: inactive players will automatically lose when time's up. (requested by mahjini)
|
|t:|1760752342
|teamsize|p1|6
|teamsize|p2|6
|start
|switch|p1a: Ms. Rizzi Q|Ribombee, F, shiny|100/100
|switch|p2a: Zapdos|Zapdos|100/100
|turn|1
|
|t:|1760752349
|move|p1a: Ms. Rizzi Q|Sticky Web|p2a: Zapdos
|-sidestart|p2: mahjini|move: Sticky Web
|move|p2a: Zapdos|U-turn|p1a: Ms. Rizzi Q
|-resisted|p1a: Ms. Rizzi Q
|-damage|p1a: Ms. Rizzi Q|87/100
|
|t:|1760752354
|switch|p2a: Pelipper|Pelipper, F|100/100|[from] U-turn
|-weather|RainDance|[from] ability: Drizzle|[of] p2a: Pelipper
|
|-weather|RainDance|[upkeep]
|upkeep
|turn|2
|
|t:|1760752362
|move|p1a: Ms. Rizzi Q|Stun Spore|p2a: Pelipper
|-status|p2a: Pelipper|par
|move|p2a: Pelipper|Hurricane|p1a: Ms. Rizzi Q
|-supereffective|p1a: Ms. Rizzi Q
|-damage|p1a: Ms. Rizzi Q|0 fnt
|faint|p1a: Ms. Rizzi Q
|
|-weather|RainDance|[upkeep]
|upkeep
|
|t:|1760752371
|switch|p1a: Bonny Hopz|Cinderace, F|100/100
|turn|3
|
|t:|1760752376
|move|p1a: Bonny Hopz|Court Change|p1a: Bonny Hopz
|-swapsideconditions
|-activate|p1a: Bonny Hopz|move: Court Change
|move|p2a: Pelipper|U-turn|p1a: Bonny Hopz
|-resisted|p1a: Bonny Hopz
|-crit|p1a: Bonny Hopz
|-damage|p1a: Bonny Hopz|92/100
|
|t:|1760752381
|switch|p2a: Barraskewda|Barraskewda, M|100/100|[from] U-turn
|
|-weather|RainDance|[upkeep]
|upkeep
|turn|4
|
|t:|1760752394
|move|p2a: Barraskewda|Flip Turn|p1a: Bonny Hopz
|-supereffective|p1a: Bonny Hopz
|-damage|p1a: Bonny Hopz|0 fnt
|faint|p1a: Bonny Hopz
|
|t:|1760752398
|switch|p2a: Zapdos|Zapdos|100/100|[from] Flip Turn
|
|-weather|RainDance|[upkeep]
|upkeep
|
|t:|1760752415
|switch|p1a: Queengambit|Kingambit, F, shiny|100/100
|-activate|p1a: Queengambit|move: Sticky Web
|-unboost|p1a: Queengambit|spe|1
|-ability|p1a: Queengambit|Defiant|boost
|-boost|p1a: Queengambit|atk|2
|turn|5
|
|t:|1760752425
|move|p2a: Zapdos|Weather Ball|p1a: Queengambit
|-damage|p1a: Queengambit|52/100
|move|p1a: Queengambit|Kowtow Cleave|p2a: Zapdos
|-damage|p2a: Zapdos|0 fnt
|faint|p2a: Zapdos
|
|-weather|RainDance|[upkeep]
|-heal|p1a: Queengambit|58/100|[from] item: Leftovers
|upkeep
|
|t:|1760752435
|switch|p2a: Pecharunt|Pecharunt|100/100
|turn|6
|
|t:|1760752438
|move|p2a: Pecharunt|Parting Shot|p1a: Queengambit
|-unboost|p1a: Queengambit|atk|1
|-ability|p1a: Queengambit|Defiant|boost
|-boost|p1a: Queengambit|atk|2
|-unboost|p1a: Queengambit|spa|1
|-ability|p1a: Queengambit|Defiant|boost
|-boost|p1a: Queengambit|atk|2
|
|t:|1760752445
|switch|p2a: Lombre|Lombre, M|100/100|[from] Parting Shot
|move|p1a: Queengambit|Kowtow Cleave|p2a: Lombre
|-damage|p2a: Lombre|0 fnt
|faint|p2a: Lombre
|
|-weather|RainDance|[upkeep]
|-heal|p1a: Queengambit|64/100|[from] item: Leftovers
|upkeep
|
|t:|1760752452
|switch|p2a: Iron Treads|Iron Treads|100/100
|-enditem|p2a: Iron Treads|Booster Energy
|-activate|p2a: Iron Treads|ability: Quark Drive|[fromitem]
|-start|p2a: Iron Treads|quarkdrivespe
|turn|7
|
|t:|1760752456
|move|p1a: Queengambit|Sucker Punch|p2a: Iron Treads
|-damage|p2a: Iron Treads|0 fnt
|faint|p2a: Iron Treads
|-end|p2a: Iron Treads|Quark Drive|[silent]
|
|-weather|RainDance|[upkeep]
|-heal|p1a: Queengambit|71/100|[from] item: Leftovers
|upkeep
|c|☆Thelavvysavvy|fool
|c|☆mahjini|oh
|c|☆mahjini|i didnt even see
|
|t:|1760752478
|switch|p2a: Barraskewda|Barraskewda, M|100/100
|turn|8
|
|t:|1760752492
|switch|p2a: Pecharunt|Pecharunt|100/100
|move|p1a: Queengambit|Sucker Punch||[still]
|-fail|p1a: Queengambit
|
|-weather|none
|-heal|p1a: Queengambit|77/100|[from] item: Leftovers
|upkeep
|turn|9
|
|t:|1760752501
|move|p2a: Pecharunt|Recover||[still]
|-fail|p2a: Pecharunt|heal
|move|p1a: Queengambit|Kowtow Cleave|p2a: Pecharunt
|-supereffective|p2a: Pecharunt
|-damage|p2a: Pecharunt|0 fnt
|faint|p2a: Pecharunt
|
|-heal|p1a: Queengambit|83/100|[from] item: Leftovers
|upkeep
|
|t:|1760752504
|switch|p2a: Barraskewda|Barraskewda, M|100/100
|turn|10
|
|t:|1760752511
|move|p1a: Queengambit|Sucker Punch|p2a: Barraskewda
|-damage|p2a: Barraskewda|0 fnt
|faint|p2a: Barraskewda
|
|-heal|p1a: Queengambit|89/100|[from] item: Leftovers
|upkeep
|-message|mahjini forfeited.
|
|win|Thelavvysavvy
|raw|Thelavvysavvy's rating: 1195 &rarr; <strong>1220</strong><br />(+25 for winning)
|raw|mahjini's rating: 1191 &rarr; <strong>1166</strong><br />(-25 for losing)
|l|☆mahjini
|player|p2|
|c|☆Thelavvysavvy|gg
|l|☆Thelavvysavvy
|player|p1|
