|j|☆Igoodnamename
|j|☆cxksz666
|t:|1760837170
|gametype|singles
|player|p1|Igoodnamename|medium|1302
|player|p2|cxksz666|red|1283
|gen|9
|tier|[Gen 9] OU
|rated|
|rule|HP Percentage Mod: HP is shown in percentages
|rule|Endless Battle Clause: Forcing endless battles is banned
|rule|Species Clause: Limit one of each Pokémon
|rule|OHKO Clause: OHKO moves are banned
|rule|Evasion Items Clause: Evasion items are banned
|rule|Evasion Moves Clause: Evasion moves are banned
|rule|Evasion Abilities Clause: Evasion abilities are banned
|rule|Sleep Moves Clause: Sleep-inducing moves are banned
|clearpoke
|poke|p1|Thundurus-Therian, M|
|poke|p1|Rotom-Wash|
|poke|p1|Excadrill, M|
|poke|p1|Hatterene, F|
|poke|p1|Garganacl, M|
|poke|p1|Darkrai|
|poke|p2|Gengar, M|
|poke|p2|Kleavor, M|
|poke|p2|Umbreon, M|
|poke|p2|Snorlax, M|
|poke|p2|Kricketune, M|
|poke|p2|Garchomp, M|
|teampreview
|
|t:|1760837180
|teamsize|p1|6
|teamsize|p2|6
|start
|switch|p1a: Hatterene|Hatterene, F|100/100
|switch|p2a: Kleavor|Kleavor, M|100/100
|turn|1
|
|t:|1760837189
|move|p2a: Kleavor|X-Scissor|p1a: Hatterene
|-damage|p1a: Hatterene|37/100
|-damage|p2a: Kleavor|84/100|[from] item: Rocky Helmet|[of] p1a: Hatterene
|move|p1a: Hatterene|Nuzzle|p2a: Kleavor
|-damage|p2a: Kleavor|79/100
|-status|p2a: Kleavor|par
|
|upkeep
|turn|2
|
|t:|1760837198
|move|p2a: Kleavor|X-Scissor|p1a: Hatterene
|-damage|p1a: Hatterene|0 fnt
|-damage|p2a: Kleavor|62/100 par|[from] item: Rocky Helmet|[of] p1a: Hatterene
|faint|p1a: Hatterene
|
|upkeep
|
|t:|1760837202
|switch|p1a: Rotom|Rotom-Wash|100/100
|turn|3
|
|t:|1760837210
|switch|p2a: Umbreon|Umbreon, M|100/100
|move|p1a: Rotom|Hydro Pump|p2a: Umbreon
|-damage|p2a: Umbreon|83/100
|
|upkeep
|turn|4
|
|t:|1760837230
|switch|p1a: Garganacl|Garganacl, M|100/100
|move|p2a: Umbreon|Foul Play|p1a: Garganacl
|-damage|p1a: Garganacl|79/100
|
|-heal|p1a: Garganacl|86/100|[from] item: Leftovers
|upkeep
|turn|5
|
|t:|1760837245
|switch|p2a: Snorlax|Snorlax, M|100/100
|move|p1a: Garganacl|Stealth Rock|p2a: Snorlax
|-sidestart|p2: cxksz666|move: Stealth Rock
|
|-heal|p1a: Garganacl|92/100|[from] item: Leftovers
|upkeep
|turn|6
|
|t:|1760837261
|move|p1a: Garganacl|Salt Cure|p2a: Snorlax
|-damage|p2a: Snorlax|90/100
|-start|p2a: Snorlax|Salt Cure
|move|p2a: Snorlax|Earthquake|p1a: Garganacl
|-supereffective|p1a: Garganacl
|-damage|p1a: Garganacl|29/100
|
|-heal|p1a: Garganacl|36/100|[from] item: Leftovers
|-damage|p2a: Snorlax|78/100|[from] Salt Cure
|upkeep
|turn|7
|
|t:|1760837271
|-terastallize|p1a: Garganacl|Fairy
|move|p1a: Garganacl|Recover|p1a: Garganacl
|-heal|p1a: Garganacl|86/100
|move|p2a: Snorlax|Earthquake|p1a: Garganacl
|-damage|p1a: Garganacl|53/100
|
|-heal|p1a: Garganacl|59/100|[from] item: Leftovers
|-damage|p2a: Snorlax|65/100|[from] Salt Cure
|upkeep
|turn|8
|
|t:|1760837285
|switch|p2a: Gengar|Gengar, M|100/100
|-damage|p2a: Gengar|88/100|[from] Stealth Rock
|move|p1a: Garganacl|Recover|p1a: Garganacl
|-heal|p1a: Garganacl|100/100
|
|upkeep
|turn|9
|
|t:|1760837293
|switch|p1a: Excadrill|Excadrill, M|100/100
|-ability|p1a: Excadrill|Mold Breaker
|-item|p1a: Excadrill|Air Balloon
|move|p2a: Gengar|Sludge Bomb|p1a: Excadrill
|-immune|p1a: Excadrill
|
|upkeep
|turn|10
|
|t:|1760837302
|move|p2a: Gengar|Energy Ball|p1a: Excadrill
|-damage|p1a: Excadrill|59/100
|-unboost|p1a: Excadrill|spd|1
|-enditem|p1a: Excadrill|Air Balloon
|move|p1a: Excadrill|Earthquake|p2a: Gengar
|-supereffective|p2a: Gengar
|-damage|p2a: Gengar|0 fnt
|faint|p2a: Gengar
|
|upkeep
|
|t:|1760837315
|switch|p2a: Garchomp|Garchomp, M|100/100
|-damage|p2a: Garchomp|94/100|[from] Stealth Rock
|turn|11
|
|t:|1760837321
|switch|p1a: Darkrai|Darkrai|100/100
|move|p2a: Garchomp|Swords Dance|p2a: Garchomp
|-boost|p2a: Garchomp|atk|2
|
|upkeep
|turn|12
|
|t:|1760837328
|move|p1a: Darkrai|Trick|p2a: Garchomp
|-activate|p1a: Darkrai|move: Trick|[of] p2a: Garchomp
|-item|p2a: Garchomp|Choice Scarf|[from] move: Trick
|-item|p1a: Darkrai|Loaded Dice|[from] move: Trick
|move|p2a: Garchomp|Scale Shot|p1a: Darkrai
|-damage|p1a: Darkrai|65/100
|-damage|p1a: Darkrai|30/100
|-hitcount|p1a: Darkrai|2
|-unboost|p2a: Garchomp|def|1
|-boost|p2a: Garchomp|spe|1
|
|upkeep
|turn|13
|
|t:|1760837338
|move|p2a: Garchomp|Scale Shot|p1a: Darkrai
|-damage|p1a: Darkrai|0 fnt
|faint|p1a: Darkrai
|-hitcount|p1: Darkrai|1
|-unboost|p2a: Garchomp|def|1
|-boost|p2a: Garchomp|spe|1
|
|upkeep
|
|t:|1760837345
|switch|p1a: Rotom|Rotom-Wash|100/100
|turn|14
|
|t:|1760837348
|move|p2a: Garchomp|Scale Shot|p1a: Rotom
|-damage|p1a: Rotom|77/100
|-damage|p1a: Rotom|55/100
|-damage|p1a: Rotom|32/100
|-damage|p1a: Rotom|11/100
|-damage|p1a: Rotom|0 fnt
|faint|p1a: Rotom
|-hitcount|p1: Rotom|5
|-unboost|p2a: Garchomp|def|1
|-boost|p2a: Garchomp|spe|1
|
|upkeep
|
|t:|1760837359
|switch|p1a: Excadrill|Excadrill, M|59/100
|-ability|p1a: Excadrill|Mold Breaker
|turn|15
|
|t:|1760837366
|move|p2a: Garchomp|Scale Shot|p1a: Excadrill
|-resisted|p1a: Excadrill
|-damage|p1a: Excadrill|40/100
|-resisted|p1a: Excadrill
|-damage|p1a: Excadrill|21/100
|-hitcount|p1a: Excadrill|2
|-unboost|p2a: Garchomp|def|1
|-boost|p2a: Garchomp|spe|1
|move|p1a: Excadrill|Earthquake|p2a: Garchomp
|-damage|p2a: Garchomp|0 fnt
|faint|p2a: Garchomp
|
|upkeep
|
|t:|1760837379
|switch|p2a: Kleavor|Kleavor, M|62/100 par
|-damage|p2a: Kleavor|37/100 par|[from] Stealth Rock
|turn|16
|
|t:|1760837386
|move|p1a: Excadrill|Iron Head|p2a: Kleavor
|-supereffective|p2a: Kleavor
|-damage|p2a: Kleavor|0 fnt
|faint|p2a: Kleavor
|
|upkeep
|
|t:|1760837393
|switch|p2a: Umbreon|Umbreon, M|83/100
|-damage|p2a: Umbreon|71/100|[from] Stealth Rock
|turn|17
|
|t:|1760837398
|move|p1a: Excadrill|Iron Head|p2a: Umbreon
|-damage|p2a: Umbreon|46/100
|cant|p2a: Umbreon|flinch
|
|upkeep
|turn|18
|
|t:|1760837404
|move|p1a: Excadrill|Swords Dance|p1a: Excadrill
|-boost|p1a: Excadrill|atk|2
|move|p2a: Umbreon|Foul Play|p1a: Excadrill
|-damage|p1a: Excadrill|0 fnt
|faint|p1a: Excadrill
|
|upkeep
|
|t:|1760837411
|switch|p1a: Thundurus|Thundurus-Therian, M|100/100
|turn|19
|
|t:|1760837414
|move|p1a: Thundurus|Thunderbolt|p2a: Umbreon
|-damage|p2a: Umbreon|11/100
|move|p2a: Umbreon|Foul Play|p1a: Thundurus
|-damage|p1a: Thundurus|56/100
|
|upkeep
|turn|20
|
|t:|1760837421
|move|p2a: Umbreon|Quick Attack|p1a: Thundurus
|-damage|p1a: Thundurus|47/100
|move|p1a: Thundurus|Thunderbolt|p2a: Umbreon
|-damage|p2a: Umbreon|0 fnt
|faint|p2a: Umbreon
|
|upkeep
|
|t:|1760837428
|switch|p2a: Snorlax|Snorlax, M|65/100
|-damage|p2a: Snorlax|53/100|[from] Stealth Rock
|turn|21
|
|t:|1760837434
|-terastallize|p2a: Snorlax|Normal
|move|p1a: Thundurus|Thunderbolt|p2a: Snorlax
|-damage|p2a: Snorlax|0 fnt
|faint|p2a: Snorlax
|
|upkeep
|
|t:|1760837441
|switch|p2a: Kricketune|Kricketune, M|100/100
|-damage|p2a: Kricketune|75/100|[from] Stealth Rock
|turn|22
|
|t:|1760837481
|move|p1a: Thundurus|Thunderbolt|p2a: Kricketune
|-damage|p2a: Kricketune|0 fnt
|faint|p2a: Kricketune
|
|win|Igoodnamename
|raw|Igoodnamename's rating: 1302 &rarr; <strong>1321</strong><br />(+19 for winning)
|raw|cxksz666's rating: 1283 &rarr; <strong>1259</strong><br />(-24 for losing)
|l|☆Igoodnamename
|player|p1|
|l|☆cxksz666
|player|p2|
