|j|☆rimarien
|j|☆RadiantShadow
|t:|1760867241
|gametype|singles
|player|p1|rimarien|elesa|1331
|player|p2|RadiantShadow|acetrainerf-gen4dp|1360
|gen|9
|tier|[Gen 9] OU
|rated|
|rule|HP Percentage Mod: HP is shown in percentages
|rule|Endless Battle Clause: Forcing endless battles is banned
|rule|Species Clause: Limit one of each Pokémon
|rule|OHKO Clause: OHKO moves are banned
|rule|Evasion Items Clause: Evasion items are banned
|rule|Evasion Moves Clause: Evasion moves are banned
|rule|Evasion Abilities Clause: Evasion abilities are banned
|rule|Sleep Moves Clause: Sleep-inducing moves are banned
|clearpoke
|poke|p1|Azumarill, M|
|poke|p1|Landorus-Therian, M|
|poke|p1|Meowscarada, M|
|poke|p1|Cinderace, M|
|poke|p1|Iron Valiant|
|poke|p1|Slowking-Galar, M|
|poke|p2|Ceruledge, F|
|poke|p2|Garchomp, M|
|poke|p2|Iron Valiant|
|poke|p2|Hatterene, F|
|poke|p2|Gholdengo|
|poke|p2|Iron Jugulis|
|teampreview
|inactive|Battle timer is ON: inactive players will automatically lose when time's up. (requested by rimarien)
|
|t:|1760867258
|teamsize|p1|6
|teamsize|p2|6
|start
|switch|p1a: Landorus|Landorus-Therian, M|100/100
|switch|p2a: Stardust|Hatterene, F|100/100
|-ability|p1a: Landorus|Intimidate|boost
|-unboost|p2a: Stardust|atk|1
|turn|1
|
|t:|1760867265
|move|p1a: Landorus|U-turn|p2a: Stardust
|-damage|p2a: Stardust|66/100
|
|t:|1760867270
|switch|p1a: Slowking|Slowking-Galar, M|100/100|[from] U-turn
|move|p2a: Stardust|Draining Kiss|p1a: Slowking
|-resisted|p1a: Slowking
|-damage|p1a: Slowking|92/100
|-heal|p2a: Stardust|74/100|[from] drain|[of] p1a: Slowking
|
|upkeep
|turn|2
|
|t:|1760867283
|move|p1a: Slowking|Psychic|p2a: Stardust
|-resisted|p2a: Stardust
|-crit|p2a: Stardust
|-damage|p2a: Stardust|52/100
|move|p2a: Stardust|Psyshock|p1a: Slowking
|-damage|p1a: Slowking|55/100
|
|upkeep
|turn|3
|
|t:|1760867289
|move|p1a: Slowking|Sludge Bomb|p2a: Stardust
|-supereffective|p2a: Stardust
|-damage|p2a: Stardust|0 fnt
|faint|p2a: Stardust
|
|upkeep
|
|t:|1760867298
|switch|p2a: Noir|Iron Jugulis|100/100
|-enditem|p2a: Noir|Booster Energy
|-activate|p2a: Noir|ability: Quark Drive|[fromitem]
|-start|p2a: Noir|quarkdrivespa
|turn|4
|
|t:|1760867308
|switch|p1a: Landorus|Landorus-Therian, M|100/100
|-ability|p1a: Landorus|Intimidate|boost
|-unboost|p2a: Noir|atk|1
|move|p2a: Noir|Dark Pulse|p1a: Landorus
|-damage|p1a: Landorus|30/100
|
|upkeep
|turn|5
|
|t:|1760867318
|move|p1a: Landorus|Stone Edge|p2a: Noir|[miss]
|-miss|p1a: Landorus|p2a: Noir
|move|p2a: Noir|Dark Pulse|p1a: Landorus
|-damage|p1a: Landorus|0 fnt
|faint|p1a: Landorus
|
|upkeep
|
|t:|1760867326
|switch|p1a: Meowscarada|Meowscarada, M|100/100
|turn|6
|
|t:|1760867329
|move|p1a: Meowscarada|Triple Axel|p2a: Noir
|-start|p1a: Meowscarada|typechange|Ice|[from] ability: Protean
|-supereffective|p2a: Noir
|-damage|p2a: Noir|68/100
|-supereffective|p2a: Noir
|-damage|p2a: Noir|0 fnt
|faint|p2a: Noir
|-end|p2a: Noir|Quark Drive|[silent]
|-hitcount|p2: Noir|2
|
|upkeep
|
|t:|1760867340
|switch|p2a: Chroma|Iron Valiant, shiny|100/100
|-enditem|p2a: Chroma|Booster Energy
|-activate|p2a: Chroma|ability: Quark Drive|[fromitem]
|-start|p2a: Chroma|quarkdrivespe
|turn|7
|
|t:|1760867345
|switch|p1a: Slowking|Slowking-Galar, M|88/100
|move|p2a: Chroma|Close Combat|p1a: Slowking
|-resisted|p1a: Slowking
|-damage|p1a: Slowking|77/100
|-unboost|p2a: Chroma|def|1
|-unboost|p2a: Chroma|spd|1
|
|upkeep
|turn|8
|
|t:|1760867358
|-end|p2a: Chroma|Quark Drive|[silent]
|switch|p2a: Banshee|Ceruledge, F|100/100
|move|p1a: Slowking|Psychic|p2a: Banshee
|-damage|p2a: Banshee|55/100
|
|upkeep
|turn|9
|
|t:|1760867371
|move|p2a: Banshee|Bitter Blade|p1a: Slowking
|-damage|p1a: Slowking|29/100
|-heal|p2a: Banshee|85/100|[from] drain|[of] p1a: Slowking
|-damage|p2a: Banshee|75/100|[from] item: Life Orb
|move|p1a: Slowking|Psychic|p2a: Banshee
|-damage|p2a: Banshee|29/100
|
|upkeep
|turn|10
|
|t:|1760867385
|switch|p1a: Azumarill|Azumarill, M|100/100
|move|p2a: Banshee|Bitter Blade|p1a: Azumarill
|-resisted|p1a: Azumarill
|-damage|p1a: Azumarill|73/100
|-heal|p2a: Banshee|46/100|[from] drain|[of] p1a: Azumarill
|-damage|p2a: Banshee|36/100|[from] item: Life Orb
|
|upkeep
|turn|11
|
|t:|1760867390
|move|p2a: Banshee|Shadow Sneak|p1a: Azumarill
|-damage|p1a: Azumarill|50/100
|-enditem|p1a: Azumarill|Sitrus Berry|[eat]
|-heal|p1a: Azumarill|75/100|[from] item: Sitrus Berry
|-damage|p2a: Banshee|26/100|[from] item: Life Orb
|move|p1a: Azumarill|Aqua Jet|p2a: Banshee
|-supereffective|p2a: Banshee
|-damage|p2a: Banshee|0 fnt
|faint|p2a: Banshee
|
|upkeep
|
|t:|1760867400
|switch|p2a: Shimmer|Gholdengo|100/100
|turn|12
|
|t:|1760867402
|move|p2a: Shimmer|Make It Rain|p1a: Azumarill
|-damage|p1a: Azumarill|0 fnt
|-unboost|p2a: Shimmer|spa|1
|faint|p1a: Azumarill
|
|upkeep
|
|t:|1760867410
|switch|p1a: Slowking|Slowking-Galar, M|63/100
|turn|13
|
|t:|1760867413
|move|p2a: Shimmer|Recover||[still]
|-fail|p2a: Shimmer|heal
|move|p1a: Slowking|Flamethrower|p2a: Shimmer
|-supereffective|p2a: Shimmer
|-damage|p2a: Shimmer|48/100
|
|-heal|p2a: Shimmer|54/100|[from] item: Leftovers
|upkeep
|turn|14
|
|t:|1760867419
|move|p2a: Shimmer|Shadow Ball|p1a: Slowking
|-supereffective|p1a: Slowking
|-damage|p1a: Slowking|23/100
|move|p1a: Slowking|Flamethrower|p2a: Shimmer
|-supereffective|p2a: Shimmer
|-damage|p2a: Shimmer|7/100
|
|-heal|p2a: Shimmer|14/100|[from] item: Leftovers
|upkeep
|turn|15
|
|t:|1760867427
|switch|p1a: Cinderace|Cinderace, M|100/100
|move|p2a: Shimmer|Recover|p2a: Shimmer
|-heal|p2a: Shimmer|64/100
|
|-heal|p2a: Shimmer|70/100|[from] item: Leftovers
|upkeep
|turn|16
|
|t:|1760867431
|switch|p2a: Maxilla|Garchomp, M|100/100
|move|p1a: Cinderace|Pyro Ball|p2a: Maxilla
|-resisted|p2a: Maxilla
|-damage|p2a: Maxilla|79/100
|
|upkeep
|turn|17
|
|t:|1760867435
|move|p1a: Cinderace|Will-O-Wisp|p2a: Maxilla
|-status|p2a: Maxilla|brn
|move|p2a: Maxilla|Earthquake|p1a: Cinderace
|-supereffective|p1a: Cinderace
|-damage|p1a: Cinderace|38/100
|
|-damage|p2a: Maxilla|72/100 brn|[from] brn
|upkeep
|turn|18
|
|t:|1760867446
|move|p1a: Cinderace|U-turn|p2a: Maxilla
|-damage|p2a: Maxilla|56/100 brn
|-damage|p1a: Cinderace|25/100|[from] ability: Rough Skin|[of] p2a: Maxilla
|-damage|p1a: Cinderace|9/100|[from] item: Rocky Helmet|[of] p2a: Maxilla
|
|t:|1760867451
|switch|p1a: Slowking|Slowking-Galar, M|57/100|[from] U-turn
|move|p2a: Maxilla|Dragon Claw|p1a: Slowking
|-damage|p1a: Slowking|42/100
|
|-damage|p2a: Maxilla|50/100 brn|[from] brn
|upkeep
|turn|19
|
|t:|1760867457
|move|p2a: Maxilla|Earthquake|p1a: Slowking
|-supereffective|p1a: Slowking
|-damage|p1a: Slowking|3/100
|move|p1a: Slowking|Ice Beam|p2a: Maxilla
|-supereffective|p2a: Maxilla
|-damage|p2a: Maxilla|0 fnt
|faint|p2a: Maxilla
|
|upkeep
|
|t:|1760867466
|switch|p2a: Chroma|Iron Valiant, shiny|100/100
|turn|20
|
|t:|1760867468
|move|p2a: Chroma|Knock Off|p1a: Slowking
|-supereffective|p1a: Slowking
|-damage|p1a: Slowking|0 fnt
|-enditem|p1a: Slowking|Assault Vest|[from] move: Knock Off|[of] p2a: Chroma
|faint|p1a: Slowking
|
|upkeep
|
|t:|1760867475
|switch|p1a: Iron Valiant|Iron Valiant|100/100
|-enditem|p1a: Iron Valiant|Booster Energy
|-activate|p1a: Iron Valiant|ability: Quark Drive|[fromitem]
|-start|p1a: Iron Valiant|quarkdrivespe
|turn|21
|
|t:|1760867486
|move|p1a: Iron Valiant|Encore|p2a: Chroma
|-start|p2a: Chroma|Encore
|move|p2a: Chroma|Knock Off|p1a: Iron Valiant
|-resisted|p1a: Iron Valiant
|-damage|p1a: Iron Valiant|93/100
|
|upkeep
|turn|22
|
|t:|1760867491
|-end|p2a: Chroma|Quark Drive|[silent]
|switch|p2a: Shimmer|Gholdengo|70/100
|move|p1a: Iron Valiant|Moonblast|p2a: Shimmer
|-resisted|p2a: Shimmer
|-damage|p2a: Shimmer|52/100
|-unboost|p2a: Shimmer|spa|1
|
|-heal|p2a: Shimmer|58/100|[from] item: Leftovers
|upkeep
|turn|23
|
|t:|1760867496
|move|p1a: Iron Valiant|Knock Off|p2a: Shimmer
|-supereffective|p2a: Shimmer
|-crit|p2a: Shimmer
|-damage|p2a: Shimmer|0 fnt
|-enditem|p2a: Shimmer|Leftovers|[from] move: Knock Off|[of] p1a: Iron Valiant
|faint|p2a: Shimmer
|
|upkeep
|
|t:|1760867499
|switch|p2a: Chroma|Iron Valiant, shiny|100/100
|turn|24
|
|t:|1760867505
|move|p1a: Iron Valiant|Moonblast|p2a: Chroma
|-supereffective|p2a: Chroma
|-damage|p2a: Chroma|0 fnt
|faint|p2a: Chroma
|-end|p2a: Chroma|Quark Drive|[silent]
|
|win|rimarien
|raw|rimarien's rating: 1331 &rarr; <strong>1353</strong><br />(+22 for winning)
|raw|RadiantShadow's rating: 1360 &rarr; <strong>1338</strong><br />(-22 for losing)
|l|☆RadiantShadow
|player|p2|
|l|☆rimarien
|player|p1|
