|j|☆dia90
|j|☆avitross
|t:|1760726480
|gametype|singles
|player|p1|dia90|169|1627
|player|p2|avitross|266|1759
|gen|9
|tier|[Gen 9] OU
|rated|
|rule|HP Percentage Mod: HP is shown in percentages
|rule|Endless Battle Clause: Forcing endless battles is banned
|rule|Species Clause: Limit one of each Pokémon
|rule|OHKO Clause: OHKO moves are banned
|rule|Evasion Items Clause: Evasion items are banned
|rule|Evasion Moves Clause: Evasion moves are banned
|rule|Evasion Abilities Clause: Evasion abilities are banned
|rule|Sleep Moves Clause: Sleep-inducing moves are banned
|clearpoke
|poke|p1|Samurott-Hisui, M|
|poke|p1|Rillaboom, M|
|poke|p1|Gholdengo|
|poke|p1|Emboar, M|
|poke|p1|Dondozo, M|
|poke|p1|Iron Treads|
|poke|p2|Whimsicott, F|
|poke|p2|Walking Wake|
|poke|p2|Scizor, F|
|poke|p2|Great Tusk|
|poke|p2|Torkoal, M|
|poke|p2|Lilligant-Hisui, F|
|teampreview
|
|t:|1760726498
|teamsize|p1|6
|teamsize|p2|6
|start
|switch|p1a: Rillaboom|Rillaboom, M|100/100
|switch|p2a: Lilligant|Lilligant-Hisui, F|100/100
|-fieldstart|move: Grassy Terrain|[from] ability: Grassy Surge|[of] p1a: Rillaboom
|turn|1
|
|t:|1760726506
|move|p2a: Lilligant|Triple Axel|p1a: Rillaboom
|-supereffective|p1a: Rillaboom
|-damage|p1a: Rillaboom|83/100
|-supereffective|p1a: Rillaboom
|-damage|p1a: Rillaboom|52/100
|-supereffective|p1a: Rillaboom
|-damage|p1a: Rillaboom|7/100
|-hitcount|p1a: Rillaboom|3
|-damage|p2a: Lilligant|91/100|[from] item: Life Orb
|move|p1a: Rillaboom|U-turn|p2a: Lilligant
|-damage|p2a: Lilligant|50/100
|
|t:|1760726516
|switch|p1a: Emboar|Emboar, M|100/100|[from] U-turn
|
|-heal|p2a: Lilligant|56/100|[from] Grassy Terrain
|upkeep
|turn|2
|
|t:|1760726524
|switch|p2a: Torkoal|Torkoal, M|100/100
|-weather|SunnyDay|[from] ability: Drought|[of] p2a: Torkoal
|move|p1a: Emboar|Bulk Up|p1a: Emboar
|-boost|p1a: Emboar|atk|1
|-boost|p1a: Emboar|def|1
|
|-weather|SunnyDay|[upkeep]
|upkeep
|turn|3
|inactive|Battle timer is ON: inactive players will automatically lose when time's up. (requested by dia90)
|
|t:|1760726567
|switch|p2a: Great Tusk|Great Tusk|100/100
|-activate|p2a: Great Tusk|ability: Protosynthesis
|-start|p2a: Great Tusk|protosynthesisatk
|move|p1a: Emboar|Drain Punch|p2a: Great Tusk
|-damage|p2a: Great Tusk|48/100
|
|-weather|SunnyDay|[upkeep]
|-heal|p2a: Great Tusk|54/100|[from] Grassy Terrain
|upkeep
|turn|4
|
|t:|1760726590
|-terastallize|p1a: Emboar|Dark
|move|p2a: Great Tusk|Headlong Rush|p1a: Emboar
|-damage|p1a: Emboar|40/100
|-unboost|p2a: Great Tusk|def|1
|-unboost|p2a: Great Tusk|spd|1
|move|p1a: Emboar|Bulk Up|p1a: Emboar
|-boost|p1a: Emboar|atk|1
|-boost|p1a: Emboar|def|1
|
|-weather|SunnyDay|[upkeep]
|-heal|p2a: Great Tusk|60/100|[from] Grassy Terrain
|-heal|p1a: Emboar|46/100|[from] Grassy Terrain
|upkeep
|turn|5
|
|t:|1760726601
|move|p2a: Great Tusk|Headlong Rush|p1a: Emboar
|-damage|p1a: Emboar|1/100
|-unboost|p2a: Great Tusk|def|1
|-unboost|p2a: Great Tusk|spd|1
|move|p1a: Emboar|Drain Punch|p2a: Great Tusk
|-damage|p2a: Great Tusk|0 fnt
|-heal|p1a: Emboar|28/100|[from] drain|[of] p2a: Great Tusk
|faint|p2a: Great Tusk
|-end|p2a: Great Tusk|Protosynthesis|[silent]
|
|-weather|SunnyDay|[upkeep]
|-heal|p1a: Emboar|34/100|[from] Grassy Terrain
|upkeep
|inactive|avitross has 120 seconds left.
|
|t:|1760726636
|switch|p2a: Whimsicott|Whimsicott, F|100/100
|turn|6
|inactive|avitross has 120 seconds left.
|
|t:|1760726647
|move|p1a: Emboar|Sucker Punch|p2a: Whimsicott
|-resisted|p2a: Whimsicott
|-damage|p2a: Whimsicott|28/100
|move|p2a: Whimsicott|Moonblast|p1a: Emboar
|-supereffective|p1a: Emboar
|-damage|p1a: Emboar|0 fnt
|faint|p1a: Emboar
|-damage|p2a: Whimsicott|18/100|[from] item: Life Orb
|
|-weather|SunnyDay|[upkeep]
|-heal|p2a: Whimsicott|24/100|[from] Grassy Terrain
|upkeep
|
|t:|1760726661
|switch|p1a: Iron Treads|Iron Treads|100/100
|turn|7
|
|t:|1760726668
|switch|p2a: Walking Wake|Walking Wake|100/100
|-activate|p2a: Walking Wake|ability: Protosynthesis
|-start|p2a: Walking Wake|protosynthesisspe
|move|p1a: Iron Treads|Knock Off|p2a: Walking Wake
|-damage|p2a: Walking Wake|70/100
|-enditem|p2a: Walking Wake|Choice Specs|[from] move: Knock Off|[of] p1a: Iron Treads
|
|-weather|SunnyDay|[upkeep]
|-heal|p2a: Walking Wake|77/100|[from] Grassy Terrain
|upkeep
|turn|8
|
|t:|1760726675
|-end|p1a: Iron Treads|Quark Drive|[silent]
|switch|p1a: Dondozo|Dondozo, M|100/100
|move|p2a: Walking Wake|Hydro Steam|p1a: Dondozo
|-resisted|p1a: Dondozo
|-damage|p1a: Dondozo|81/100
|
|-weather|SunnyDay|[upkeep]
|-heal|p2a: Walking Wake|83/100|[from] Grassy Terrain
|-heal|p1a: Dondozo|88/100|[from] Grassy Terrain
|-heal|p1a: Dondozo|94/100|[from] item: Leftovers
|-fieldend|move: Grassy Terrain
|upkeep
|turn|9
|
|t:|1760726685
|move|p2a: Walking Wake|Draco Meteor|p1a: Dondozo
|-damage|p1a: Dondozo|54/100
|-unboost|p2a: Walking Wake|spa|2
|move|p1a: Dondozo|Body Press|p2a: Walking Wake
|-damage|p2a: Walking Wake|62/100
|
|-weather|none
|-end|p2a: Walking Wake|Protosynthesis
|-heal|p1a: Dondozo|61/100|[from] item: Leftovers
|upkeep
|turn|10
|j| DepriD
|
|t:|1760726692
|move|p2a: Walking Wake|Draco Meteor|p1a: Dondozo
|-damage|p1a: Dondozo|22/100
|-unboost|p2a: Walking Wake|spa|2
|move|p1a: Dondozo|Body Press|p2a: Walking Wake
|-damage|p2a: Walking Wake|40/100
|
|-heal|p1a: Dondozo|28/100|[from] item: Leftovers
|upkeep
|turn|11
|l| DepriD
|
|t:|1760726697
|switch|p1a: Samurott|Samurott-Hisui, M|100/100
|move|p2a: Walking Wake|Draco Meteor|p1a: Samurott
|-damage|p1a: Samurott|71/100
|-unboost|p2a: Walking Wake|spa|2
|
|upkeep
|turn|12
|
|t:|1760726711
|-end|p2a: Walking Wake|Protosynthesis|[silent]
|switch|p2a: Torkoal|Torkoal, M|100/100
|-weather|SunnyDay|[from] ability: Drought|[of] p2a: Torkoal
|move|p1a: Samurott|Ceaseless Edge|p2a: Torkoal
|-damage|p2a: Torkoal|49/100
|-sidestart|p2: avitross|Spikes
|
|-weather|SunnyDay|[upkeep]
|upkeep
|turn|13
|
|t:|1760726732
|switch|p2a: Scizor|Scizor, F|100/100
|-damage|p2a: Scizor|88/100|[from] Spikes
|move|p1a: Samurott|Ceaseless Edge|p2a: Scizor
|-damage|p2a: Scizor|11/100
|-sidestart|p2: avitross|Spikes
|-enditem|p2a: Scizor|Eject Button
|inactive|avitross has 120 seconds left.
|inactive|avitross has 90 seconds left.
|
|t:|1760726784
|switch|p2a: Lilligant|Lilligant-Hisui, F|56/100
|-damage|p2a: Lilligant|39/100|[from] Spikes
|
|-weather|SunnyDay|[upkeep]
|upkeep
|turn|14
|
|t:|1760726792
|switch|p1a: Dondozo|Dondozo, M|28/100
|move|p2a: Lilligant|Solar Blade||[still]
|-prepare|p2a: Lilligant|Solar Blade
|-anim|p2a: Lilligant|Solar Blade|p1a: Dondozo
|-supereffective|p1a: Dondozo
|-damage|p1a: Dondozo|0 fnt
|faint|p1a: Dondozo
|-damage|p2a: Lilligant|29/100|[from] item: Life Orb
|
|-weather|SunnyDay|[upkeep]
|upkeep
|
|t:|1760726804
|switch|p1a: Gholdengo|Gholdengo|100/100
|turn|15
|
|t:|1760726811
|move|p2a: Lilligant|Close Combat|p1a: Gholdengo
|-immune|p1a: Gholdengo
|move|p1a: Gholdengo|Thunder Wave|p2a: Lilligant
|-status|p2a: Lilligant|par
|
|-weather|SunnyDay|[upkeep]
|upkeep
|turn|16
|-message|avitross forfeited.
|
|win|dia90
|raw|dia90's rating: 1627 &rarr; <strong>1654</strong><br />(+27 for winning)
|raw|avitross's rating: 1759 &rarr; <strong>1732</strong><br />(-27 for losing)
|l|☆avitross
|player|p2|
|l|☆dia90
|player|p1|
