|j|☆Slouchsquatch
|j|☆dnnddndnnr
|t:|1760848316
|gametype|singles
|player|p1|Slouchsquatch|harlequin|1229
|player|p2|dnnddndnnr|102|1223
|gen|9
|tier|[Gen 9] OU
|rated|
|rule|HP Percentage Mod: HP is shown in percentages
|rule|Endless Battle Clause: Forcing endless battles is banned
|rule|Species Clause: Limit one of each Pokémon
|rule|OHKO Clause: OHKO moves are banned
|rule|Evasion Items Clause: Evasion items are banned
|rule|Evasion Moves Clause: Evasion moves are banned
|rule|Evasion Abilities Clause: Evasion abilities are banned
|rule|Sleep Moves Clause: Sleep-inducing moves are banned
|clearpoke
|poke|p1|Scizor, F|
|poke|p1|Ceruledge, F|
|poke|p1|Murkrow, F|
|poke|p1|Glimmora, F|
|poke|p1|Samurott-Hisui, F|
|poke|p1|Excadrill, M|
|poke|p2|Walking Wake|
|poke|p2|Scizor, F|
|poke|p2|Corviknight, M|
|poke|p2|Clodsire, M|
|poke|p2|Zamazenta-*|
|poke|p2|Gliscor, M|
|teampreview
|
|t:|1760848323
|teamsize|p1|6
|teamsize|p2|6
|start
|switch|p1a: Glimmora|Glimmora, F|100/100
|switch|p2a: Scizor|Scizor, F|100/100
|turn|1
|
|t:|1760848333
|move|p2a: Scizor|Bullet Punch|p1a: Glimmora
|-supereffective|p1a: Glimmora
|-enditem|p1a: Glimmora|Focus Sash
|-damage|p1a: Glimmora|1/100
|-activate|p1a: Glimmora|ability: Toxic Debris
|-sidestart|p2: dnnddndnnr|move: Toxic Spikes
|move|p1a: Glimmora|Power Gem|p2a: Scizor
|-damage|p2a: Scizor|38/100
|
|upkeep
|turn|2
|inactive|Battle timer is ON: inactive players will automatically lose when time's up. (requested by dnnddndnnr)
|
|t:|1760848352
|move|p2a: Scizor|Bullet Punch|p1a: Glimmora
|-supereffective|p1a: Glimmora
|-damage|p1a: Glimmora|0 fnt
|-activate|p1a: Glimmora|ability: Toxic Debris
|-sidestart|p2: dnnddndnnr|move: Toxic Spikes
|faint|p1a: Glimmora
|
|upkeep
|
|t:|1760848360
|switch|p1a: Ceruledge|Ceruledge, F|100/100
|turn|3
|
|t:|1760848368
|switch|p2a: Clodsire|Clodsire, M|100/100
|-sideend|p2: dnnddndnnr|move: Toxic Spikes|[of] p2a: Clodsire
|move|p1a: Ceruledge|Swords Dance|p1a: Ceruledge
|-boost|p1a: Ceruledge|atk|2
|
|upkeep
|turn|4
|
|t:|1760848376
|switch|p2a: Gliscor|Gliscor, M|100/100
|move|p1a: Ceruledge|Swords Dance|p1a: Ceruledge
|-boost|p1a: Ceruledge|atk|2
|
|-status|p2a: Gliscor|tox|[from] item: Toxic Orb
|upkeep
|turn|5
|
|t:|1760848392
|move|p1a: Ceruledge|Swords Dance|p1a: Ceruledge
|-boost|p1a: Ceruledge|atk|2
|move|p2a: Gliscor|Knock Off|p1a: Ceruledge
|-supereffective|p1a: Ceruledge
|-damage|p1a: Ceruledge|45/100
|-ability|p1a: Ceruledge|Weak Armor|boost
|-unboost|p1a: Ceruledge|def|1
|-boost|p1a: Ceruledge|spe|2
|-enditem|p1a: Ceruledge|Focus Sash|[from] move: Knock Off|[of] p2a: Gliscor
|
|upkeep
|turn|6
|
|t:|1760848400
|move|p1a: Ceruledge|Poltergeist|p2a: Gliscor
|-activate|p2a: Gliscor|move: Poltergeist|Toxic Orb
|-damage|p2a: Gliscor|0 fnt
|faint|p2a: Gliscor
|
|upkeep
|
|t:|1760848428
|switch|p2a: Scizor|Scizor, F|38/100
|turn|7
|
|t:|1760848431
|-terastallize|p2a: Scizor|Steel
|move|p1a: Ceruledge|Shadow Sneak|p2a: Scizor
|-damage|p2a: Scizor|0 fnt
|faint|p2a: Scizor
|
|upkeep
|
|t:|1760848446
|switch|p2a: Walking Wake|Walking Wake|100/100
|turn|8
|
|t:|1760848450
|move|p1a: Ceruledge|Poltergeist|p2a: Walking Wake
|-activate|p2a: Walking Wake|move: Poltergeist|Choice Scarf
|-damage|p2a: Walking Wake|0 fnt
|faint|p2a: Walking Wake
|-end|p2a: Walking Wake|Protosynthesis|[silent]
|
|upkeep
|
|t:|1760848465
|switch|p2a: Zamazenta|Zamazenta|100/100
|-ability|p2a: Zamazenta|Dauntless Shield|boost
|-boost|p2a: Zamazenta|def|1
|turn|9
|
|t:|1760848470
|move|p1a: Ceruledge|Poltergeist|p2a: Zamazenta
|-activate|p2a: Zamazenta|move: Poltergeist|Leftovers
|-damage|p2a: Zamazenta|16/100
|move|p2a: Zamazenta|Iron Defense|p2a: Zamazenta
|-boost|p2a: Zamazenta|def|2
|
|-heal|p2a: Zamazenta|22/100|[from] item: Leftovers
|upkeep
|turn|10
|-message|dnnddndnnr forfeited.
|
|win|Slouchsquatch
|raw|Slouchsquatch's rating: 1229 &rarr; <strong>1254</strong><br />(+25 for winning)
|raw|dnnddndnnr's rating: 1223 &rarr; <strong>1198</strong><br />(-25 for losing)
|l|☆dnnddndnnr
|player|p2|
|l|☆Slouchsquatch
|player|p1|
|j|☆Slouchsquatch
|player|p1|Slouchsquatch|harlequin|
|l|☆Slouchsquatch
|player|p1|
