|j|☆yeoka
|j|☆Scaaltt
|t:|1760729206
|gametype|singles
|player|p1|yeoka|emma|1232
|player|p2|Scaaltt|266|1356
|gen|9
|tier|[Gen 9] OU
|rated|
|rule|HP Percentage Mod: HP is shown in percentages
|rule|Endless Battle Clause: Forcing endless battles is banned
|rule|Species Clause: Limit one of each Pokémon
|rule|OHKO Clause: OHKO moves are banned
|rule|Evasion Items Clause: Evasion items are banned
|rule|Evasion Moves Clause: Evasion moves are banned
|rule|Evasion Abilities Clause: Evasion abilities are banned
|rule|Sleep Moves Clause: Sleep-inducing moves are banned
|clearpoke
|poke|p1|Garchomp, F|
|poke|p1|Cryogonal|
|poke|p1|Magnezone|
|poke|p1|Iron Boulder|
|poke|p1|Hatterene, F|
|poke|p1|Blaziken, M|
|poke|p2|Iron Moth|
|poke|p2|Garchomp, F|
|poke|p2|Walking Wake|
|poke|p2|Dondozo, F|
|poke|p2|Chansey, F|
|poke|p2|Forretress, M|
|teampreview
|inactive|Battle timer is ON: inactive players will automatically lose when time's up. (requested by yeoka)
|
|t:|1760729212
|teamsize|p1|6
|teamsize|p2|6
|start
|switch|p1a: Dave|Magnezone, shiny|100/100
|switch|p2a: Garchomp|Garchomp, F, shiny|100/100
|turn|1
|
|t:|1760729220
|move|p2a: Garchomp|Swords Dance|p2a: Garchomp
|-boost|p2a: Garchomp|atk|2
|move|p1a: Dave|Flash Cannon|p2a: Garchomp
|-damage|p2a: Garchomp|2/100
|
|upkeep
|turn|2
|
|t:|1760729227
|switch|p1a: John earthquake|Garchomp, F|100/100
|move|p2a: Garchomp|Earthquake|p1a: John earthquake
|-damage|p1a: John earthquake|0 fnt
|faint|p1a: John earthquake
|
|upkeep
|
|t:|1760729234
|switch|p1a: Lebronathan|Blaziken, M|100/100
|turn|3
|
|t:|1760729237
|move|p2a: Garchomp|Scale Shot|p1a: Lebronathan
|-damage|p1a: Lebronathan|56/100
|-damage|p1a: Lebronathan|5/100
|-damage|p1a: Lebronathan|0 fnt
|faint|p1a: Lebronathan
|-hitcount|p1: Lebronathan|3
|-unboost|p2a: Garchomp|def|1
|-boost|p2a: Garchomp|spe|1
|
|upkeep
|
|t:|1760729241
|switch|p1a: It's a rock :'(|Iron Boulder|100/100
|-enditem|p1a: It's a rock :'(|Booster Energy
|-activate|p1a: It's a rock :'(|ability: Quark Drive|[fromitem]
|-start|p1a: It's a rock :'(|quarkdrivespe
|turn|4
|inactive|Scaaltt has 120 seconds left.
|
|t:|1760729289
|switch|p2a: Dondozo|Dondozo, F, shiny|100/100
|move|p1a: It's a rock :'(|Psycho Cut|p2a: Dondozo
|-damage|p2a: Dondozo|84/100
|
|-heal|p2a: Dondozo|90/100|[from] item: Leftovers
|upkeep
|turn|5
|
|t:|1760729295
|-end|p1a: It's a rock :'(|Quark Drive|[silent]
|switch|p1a: Dave|Magnezone, shiny|100/100
|move|p2a: Dondozo|Curse|p2a: Dondozo
|-unboost|p2a: Dondozo|spe|1
|-boost|p2a: Dondozo|atk|1
|-boost|p2a: Dondozo|def|1
|
|-heal|p2a: Dondozo|97/100|[from] item: Leftovers
|upkeep
|turn|6
|
|t:|1760729304
|switch|p2a: Chansey|Chansey, F, shiny|100/100
|move|p1a: Dave|Flash Cannon|p2a: Chansey
|-damage|p2a: Chansey|82/100
|
|upkeep
|turn|7
|inactive|Scaaltt has 120 seconds left.
|
|t:|1760729310
|switch|p1a: Hat that eats you|Hatterene, F|100/100
|move|p2a: Chansey|Seismic Toss|p1a: Hat that eats you
|-damage|p1a: Hat that eats you|69/100
|
|-heal|p1a: Hat that eats you|75/100|[from] item: Leftovers
|upkeep
|turn|8
|inactive|Scaaltt has 120 seconds left.
|
|t:|1760729322
|move|p2a: Chansey|Seismic Toss|p1a: Hat that eats you
|-damage|p1a: Hat that eats you|44/100
|move|p1a: Hat that eats you|Calm Mind|p1a: Hat that eats you
|-boost|p1a: Hat that eats you|spa|1
|-boost|p1a: Hat that eats you|spd|1
|
|-heal|p1a: Hat that eats you|50/100|[from] item: Leftovers
|upkeep
|turn|9
|
|t:|1760729332
|move|p2a: Chansey|Seismic Toss|p1a: Hat that eats you
|-damage|p1a: Hat that eats you|18/100
|move|p1a: Hat that eats you|Draining Kiss|p2a: Chansey
|-damage|p2a: Chansey|72/100
|-heal|p1a: Hat that eats you|35/100|[from] drain|[of] p2a: Chansey
|
|-heal|p1a: Hat that eats you|41/100|[from] item: Leftovers
|upkeep
|turn|10
|
|t:|1760729340
|move|p2a: Chansey|Seismic Toss|p1a: Hat that eats you
|-damage|p1a: Hat that eats you|9/100
|move|p1a: Hat that eats you|Psyshock|p2a: Chansey
|-damage|p2a: Chansey|0 fnt
|faint|p2a: Chansey
|
|-heal|p1a: Hat that eats you|15/100|[from] item: Leftovers
|upkeep
|
|t:|1760729351
|switch|p2a: Walking Wake|Walking Wake|100/100
|-enditem|p2a: Walking Wake|Booster Energy
|-activate|p2a: Walking Wake|ability: Protosynthesis|[fromitem]
|-start|p2a: Walking Wake|protosynthesisspe
|turn|11
|
|t:|1760729356
|move|p2a: Walking Wake|Surf|p1a: Hat that eats you
|-damage|p1a: Hat that eats you|0 fnt
|faint|p1a: Hat that eats you
|
|upkeep
|
|t:|1760729360
|switch|p1a: Dave|Magnezone, shiny|100/100
|turn|12
|
|t:|1760729363
|move|p2a: Walking Wake|Flamethrower|p1a: Dave
|-supereffective|p1a: Dave
|-damage|p1a: Dave|33/100
|move|p1a: Dave|Flash Cannon|p2a: Walking Wake
|-resisted|p2a: Walking Wake
|-damage|p2a: Walking Wake|50/100
|
|upkeep
|turn|13
|
|t:|1760729369
|switch|p1a: It's a rock :'(|Iron Boulder|100/100
|move|p2a: Walking Wake|Flamethrower|p1a: It's a rock :'(
|-resisted|p1a: It's a rock :'(
|-damage|p1a: It's a rock :'(|86/100
|-status|p1a: It's a rock :'(|brn
|
|-damage|p1a: It's a rock :'(|79/100 brn|[from] brn
|upkeep
|turn|14
|
|t:|1760729384
|-end|p2a: Walking Wake|Protosynthesis|[silent]
|switch|p2a: Forretress|Forretress, M, shiny|100/100
|move|p1a: It's a rock :'(|Mighty Cleave|p2a: Forretress
|-damage|p2a: Forretress|89/100
|-damage|p1a: It's a rock :'(|63/100 brn|[from] item: Rocky Helmet|[of] p2a: Forretress
|
|-damage|p1a: It's a rock :'(|57/100 brn|[from] brn
|upkeep
|turn|15
|
|t:|1760729395
|-end|p1a: It's a rock :'(|Quark Drive|[silent]
|switch|p1a: Dave|Magnezone, shiny|33/100
|move|p2a: Forretress|Toxic Spikes|p1a: Dave
|-sidestart|p1: yeoka|move: Toxic Spikes
|
|upkeep
|turn|16
|
|t:|1760729404
|move|p1a: Dave|Volt Switch|p2a: Forretress
|-damage|p2a: Forretress|5/100
|
|t:|1760729407
|switch|p1a: Gigapoop|Cryogonal|100/100|[from] Volt Switch
|move|p2a: Forretress|Body Press|p1a: Gigapoop
|-supereffective|p1a: Gigapoop
|-damage|p1a: Gigapoop|0 fnt
|faint|p1a: Gigapoop
|
|upkeep
|
|t:|1760729410
|switch|p1a: It's a rock :'(|Iron Boulder|57/100 brn
|turn|17
|
|t:|1760729416
|move|p1a: It's a rock :'(|Mighty Cleave|p2a: Forretress
|-damage|p2a: Forretress|0 fnt
|-damage|p1a: It's a rock :'(|40/100 brn|[from] item: Rocky Helmet|[of] p2a: Forretress
|faint|p2a: Forretress
|
|-damage|p1a: It's a rock :'(|34/100 brn|[from] brn
|upkeep
|
|t:|1760729425
|switch|p2a: Dondozo|Dondozo, F, shiny|97/100
|turn|18
|
|t:|1760729428
|move|p1a: It's a rock :'(|Swords Dance|p1a: It's a rock :'(
|-boost|p1a: It's a rock :'(|atk|2
|move|p2a: Dondozo|Body Press|p1a: It's a rock :'(
|-damage|p1a: It's a rock :'(|0 fnt
|faint|p1a: It's a rock :'(
|-end|p1a: It's a rock :'(|Quark Drive|[silent]
|
|-heal|p2a: Dondozo|100/100|[from] item: Leftovers
|upkeep
|
|t:|1760729429
|switch|p1a: Dave|Magnezone, shiny|33/100
|turn|19
|
|t:|1760729444
|move|p1a: Dave|Tera Blast|p2a: Dondozo
|-damage|p2a: Dondozo|60/100
|move|p2a: Dondozo|Body Press|p1a: Dave
|-supereffective|p1a: Dave
|-damage|p1a: Dave|0 fnt
|faint|p1a: Dave
|
|win|Scaaltt
|raw|yeoka's rating: 1232 &rarr; <strong>1216</strong><br />(-16 for losing)
|raw|Scaaltt's rating: 1356 &rarr; <strong>1369</strong><br />(+13 for winning)
|l|☆yeoka
|player|p1|
|l|☆Scaaltt
|player|p2|
