|j|☆RugzV
|j|☆FZPIR
|t:|1760886243
|gametype|singles
|player|p1|RugzV|gentleman-gen4|1247
|player|p2|FZPIR|2|1253
|gen|9
|tier|[Gen 9] OU
|rated|
|rule|HP Percentage Mod: HP is shown in percentages
|rule|Endless Battle Clause: Forcing endless battles is banned
|rule|Species Clause: Limit one of each Pokémon
|rule|OHKO Clause: OHKO moves are banned
|rule|Evasion Items Clause: Evasion items are banned
|rule|Evasion Moves Clause: Evasion moves are banned
|rule|Evasion Abilities Clause: Evasion abilities are banned
|rule|Sleep Moves Clause: Sleep-inducing moves are banned
|clearpoke
|poke|p1|Clodsire, M|
|poke|p1|Meowscarada, M|
|poke|p1|Alomomola, M|
|poke|p1|Enamorus-Therian, F|
|poke|p1|Ceruledge, M|
|poke|p1|Reuniclus, M|
|poke|p2|Kleavor, M|
|poke|p2|Brambleghast, M|
|poke|p2|Mamoswine, F|
|poke|p2|Alomomola, M|
|poke|p2|Lokix, F|
|poke|p2|Corviknight, F|
|teampreview
|
|t:|1760886260
|teamsize|p1|6
|teamsize|p2|6
|start
|switch|p1a: Purrfecto|Meowscarada, M|100/100
|switch|p2a: Kleavor|Kleavor, M|100/100
|turn|1
|inactive|Battle timer is ON: inactive players will automatically lose when time's up. (requested by RugzV)
|
|t:|1760886267
|move|p1a: Purrfecto|U-turn|p2a: Kleavor
|-start|p1a: Purrfecto|typechange|Bug|[from] ability: Protean
|-damage|p2a: Kleavor|62/100
|
|t:|1760886271
|switch|p1a: Bigfish|Alomomola, M|100/100|[from] U-turn
|move|p2a: Kleavor|Tailwind|p2a: Kleavor
|-sidestart|p2: FZPIR|move: Tailwind
|
|upkeep
|turn|2
|
|t:|1760886279
|move|p2a: Kleavor|Stone Axe|p1a: Bigfish
|-damage|p1a: Bigfish|75/100
|-damage|p2a: Kleavor|45/100|[from] item: Rocky Helmet|[of] p1a: Bigfish
|-sidestart|p1: RugzV|move: Stealth Rock
|move|p1a: Bigfish|Flip Turn|p2a: Kleavor
|-supereffective|p2a: Kleavor
|-damage|p2a: Kleavor|7/100
|
|t:|1760886288
|switch|p1a: Purrfecto|Meowscarada, M|100/100|[from] Flip Turn
|-damage|p1a: Purrfecto|88/100|[from] Stealth Rock
|
|upkeep
|turn|3
|
|t:|1760886293
|move|p2a: Kleavor|Stone Axe|p1a: Purrfecto
|-damage|p1a: Purrfecto|7/100
|move|p1a: Purrfecto|U-turn|p2a: Kleavor
|-start|p1a: Purrfecto|typechange|Bug|[from] ability: Protean
|-damage|p2a: Kleavor|0 fnt
|faint|p2a: Kleavor
|
|t:|1760886308
|switch|p1a: Notatortoise|Enamorus-Therian, F|100/100|[from] U-turn
|-damage|p1a: Notatortoise|76/100|[from] Stealth Rock
|
|upkeep
|
|t:|1760886312
|switch|p2a: Brambleghast|Brambleghast, M|100/100
|-ability|p2a: Brambleghast|Wind Rider|boost
|-boost|p2a: Brambleghast|atk|1
|turn|4
|
|t:|1760886322
|-terastallize|p1a: Notatortoise|Steel
|move|p2a: Brambleghast|Poltergeist|p1a: Notatortoise
|-activate|p1a: Notatortoise|move: Poltergeist|Choice Specs
|-damage|p1a: Notatortoise|0 fnt
|faint|p1a: Notatortoise
|-damage|p2a: Brambleghast|91/100|[from] item: Life Orb
|
|-sideend|p2: FZPIR|move: Tailwind
|upkeep
|
|t:|1760886337
|switch|p1a: Spookilla|Ceruledge, M|100/100
|-damage|p1a: Spookilla|76/100|[from] Stealth Rock
|turn|5
|
|t:|1760886344
|switch|p2a: Alomomola|Alomomola, M|100/100
|move|p1a: Spookilla|Bitter Blade|p2a: Alomomola
|-resisted|p2a: Alomomola
|-damage|p2a: Alomomola|88/100
|-heal|p1a: Spookilla|88/100|[from] drain|[of] p2a: Alomomola
|-damage|p1a: Spookilla|71/100|[from] item: Rocky Helmet|[of] p2a: Alomomola
|
|upkeep
|turn|6
|
|t:|1760886354
|switch|p1a: Clodders|Clodsire, M|100/100
|-damage|p1a: Clodders|94/100|[from] Stealth Rock
|move|p2a: Alomomola|Flip Turn|p1a: Clodders
|-heal|p1a: Clodders|100/100|[from] ability: Water Absorb|[of] p2a: Alomomola
|
|upkeep
|turn|7
|
|t:|1760886364
|switch|p2a: Brambleghast|Brambleghast, M|91/100
|move|p1a: Clodders|Stealth Rock|p2a: Brambleghast
|-sidestart|p2: FZPIR|move: Stealth Rock
|
|upkeep
|turn|8
|
|t:|1760886371
|move|p2a: Brambleghast|Rapid Spin|p1a: Clodders
|-damage|p1a: Clodders|78/100
|-boost|p2a: Brambleghast|spe|1
|-sideend|p2: FZPIR|Stealth Rock|[from] move: Rapid Spin|[of] p2a: Brambleghast
|-damage|p2a: Brambleghast|81/100|[from] item: Life Orb
|move|p1a: Clodders|Toxic|p2a: Brambleghast
|-status|p2a: Brambleghast|tox
|
|-heal|p1a: Clodders|84/100|[from] item: Leftovers
|-damage|p2a: Brambleghast|75/100 tox|[from] psn
|upkeep
|turn|9
|
|t:|1760886382
|move|p2a: Brambleghast|Poltergeist|p1a: Clodders
|-activate|p1a: Clodders|move: Poltergeist|Leftovers
|-damage|p1a: Clodders|12/100
|-damage|p2a: Brambleghast|65/100 tox|[from] item: Life Orb
|move|p1a: Clodders|Stealth Rock|p2a: Brambleghast
|-sidestart|p2: FZPIR|move: Stealth Rock
|
|-heal|p1a: Clodders|18/100|[from] item: Leftovers
|-damage|p2a: Brambleghast|53/100 tox|[from] psn
|upkeep
|turn|10
|
|t:|1760886393
|switch|p1a: Spookilla|Ceruledge, M|71/100
|-damage|p1a: Spookilla|47/100|[from] Stealth Rock
|move|p2a: Brambleghast|Poltergeist|p1a: Spookilla
|-activate|p1a: Spookilla|move: Poltergeist|Focus Sash
|-supereffective|p1a: Spookilla
|-damage|p1a: Spookilla|0 fnt
|faint|p1a: Spookilla
|-damage|p2a: Brambleghast|43/100 tox|[from] item: Life Orb
|
|-damage|p2a: Brambleghast|25/100 tox|[from] psn
|upkeep
|
|t:|1760886411
|switch|p1a: Clodders|Clodsire, M|18/100
|-damage|p1a: Clodders|12/100|[from] Stealth Rock
|turn|11
|
|t:|1760886427
|move|p2a: Brambleghast|Rapid Spin|p1a: Clodders
|-damage|p1a: Clodders|0 fnt
|-boost|p2a: Brambleghast|spe|1
|-sideend|p2: FZPIR|Stealth Rock|[from] move: Rapid Spin|[of] p2a: Brambleghast
|faint|p1a: Clodders
|-damage|p2a: Brambleghast|15/100 tox|[from] item: Life Orb
|
|-damage|p2a: Brambleghast|0 fnt|[from] psn
|faint|p2a: Brambleghast
|upkeep
|inactive|RugzV has 120 seconds left.
|
|t:|1760886441
|switch|p2a: Mamoswine|Mamoswine, F|100/100
|switch|p1a: Bigfish|Alomomola, M|100/100
|-damage|p1a: Bigfish|88/100|[from] Stealth Rock
|turn|12
|
|t:|1760886449
|move|p2a: Mamoswine|Earthquake|p1a: Bigfish
|-damage|p1a: Bigfish|56/100
|move|p1a: Bigfish|Flip Turn|p2a: Mamoswine
|-supereffective|p2a: Mamoswine
|-damage|p2a: Mamoswine|62/100
|
|t:|1760886455
|switch|p1a: Embybro|Reuniclus, M|100/100|[from] Flip Turn
|
|upkeep
|turn|13
|
|t:|1760886460
|switch|p2a: Corviknight|Corviknight, F|100/100
|move|p1a: Embybro|Focus Blast|p2a: Corviknight
|-damage|p2a: Corviknight|63/100
|
|-heal|p2a: Corviknight|70/100|[from] item: Leftovers
|upkeep
|turn|14
|
|t:|1760886469
|move|p2a: Corviknight|Roost|p2a: Corviknight
|-heal|p2a: Corviknight|100/100
|-singleturn|p2a: Corviknight|move: Roost
|move|p1a: Embybro|Knock Off|p2a: Corviknight
|-damage|p2a: Corviknight|83/100
|-enditem|p2a: Corviknight|Leftovers|[from] move: Knock Off|[of] p1a: Embybro
|
|upkeep
|turn|15
|
|t:|1760886477
|move|p2a: Corviknight|U-turn|p1a: Embybro
|-supereffective|p1a: Embybro
|-damage|p1a: Embybro|72/100
|
|t:|1760886482
|switch|p2a: Mamoswine|Mamoswine, F|62/100|[from] U-turn
|move|p1a: Embybro|Focus Blast|p2a: Mamoswine|[miss]
|-miss|p1a: Embybro|p2a: Mamoswine
|
|upkeep
|turn|16
|
|t:|1760886490
|move|p2a: Mamoswine|Earthquake|p1a: Embybro
|-damage|p1a: Embybro|12/100
|move|p1a: Embybro|Focus Blast|p2a: Mamoswine
|-supereffective|p2a: Mamoswine
|-damage|p2a: Mamoswine|0 fnt
|faint|p2a: Mamoswine
|
|upkeep
|
|t:|1760886495
|switch|p2a: Lokix|Lokix, F|100/100
|turn|17
|
|t:|1760886511
|switch|p1a: Bigfish|Alomomola, M|90/100
|-damage|p1a: Bigfish|77/100|[from] Stealth Rock
|move|p2a: Lokix|Knock Off|p1a: Bigfish
|-damage|p1a: Bigfish|45/100
|-damage|p2a: Lokix|84/100|[from] item: Rocky Helmet|[of] p1a: Bigfish
|-enditem|p1a: Bigfish|Rocky Helmet|[from] move: Knock Off|[of] p2a: Lokix
|
|upkeep
|turn|18
|
|t:|1760886522
|switch|p2a: Alomomola|Alomomola, M|100/100
|move|p1a: Bigfish|Wish|p1a: Bigfish
|
|upkeep
|turn|19
|
|t:|1760886535
|move|p1a: Bigfish|Flip Turn|p2a: Alomomola
|-resisted|p2a: Alomomola
|-damage|p2a: Alomomola|96/100
|-damage|p1a: Bigfish|28/100|[from] item: Rocky Helmet|[of] p2a: Alomomola
|
|t:|1760886540
|switch|p1a: Embybro|Reuniclus, M|12/100|[from] Flip Turn
|move|p2a: Alomomola|Flip Turn|p1a: Embybro
|-damage|p1a: Embybro|0 fnt
|faint|p1a: Embybro
|
|t:|1760886548
|switch|p2a: Corviknight|Corviknight, F|83/100|[from] Flip Turn
|
|upkeep
|
|t:|1760886553
|switch|p1a: Purrfecto|Meowscarada, M|7/100
|-damage|p1a: Purrfecto|0 fnt|[from] Stealth Rock
|faint|p1a: Purrfecto
|
|t:|1760886558
|switch|p1a: Bigfish|Alomomola, M|61/100
|-damage|p1a: Bigfish|49/100|[from] Stealth Rock
|turn|20
|
|t:|1760886564
|move|p2a: Corviknight|U-turn|p1a: Bigfish
|-damage|p1a: Bigfish|42/100
|
|t:|1760886567
|switch|p2a: Alomomola|Alomomola, M|100/100|[from] U-turn
|move|p1a: Bigfish|Wish|p1a: Bigfish
|
|upkeep
|turn|21
|
|t:|1760886578
|move|p1a: Bigfish|Body Slam|p2a: Alomomola
|-damage|p2a: Alomomola|92/100
|-damage|p1a: Bigfish|25/100|[from] item: Rocky Helmet|[of] p2a: Alomomola
|move|p2a: Alomomola|Flip Turn|p1a: Bigfish
|-resisted|p1a: Bigfish
|-damage|p1a: Bigfish|21/100
|
|t:|1760886582
|switch|p2a: Lokix|Lokix, F|84/100|[from] Flip Turn
|
|-heal|p1a: Bigfish|71/100|[from] move: Wish|[wisher] Bigfish
|upkeep
|turn|22
|
|t:|1760886593
|-terastallize|p2a: Lokix|Bug
|move|p2a: Lokix|U-turn|p1a: Bigfish
|-damage|p1a: Bigfish|39/100
|
|t:|1760886599
|switch|p2a: Corviknight|Corviknight, F|83/100|[from] U-turn
|move|p1a: Bigfish|Wish|p1a: Bigfish
|
|upkeep
|turn|23
|
|t:|1760886607
|move|p2a: Corviknight|U-turn|p1a: Bigfish
|-damage|p1a: Bigfish|30/100
|
|t:|1760886610
|switch|p2a: Alomomola|Alomomola, M|100/100|[from] U-turn
|move|p1a: Bigfish|Body Slam|p2a: Alomomola
|-damage|p2a: Alomomola|92/100
|-damage|p1a: Bigfish|14/100|[from] item: Rocky Helmet|[of] p2a: Alomomola
|
|-heal|p1a: Bigfish|64/100|[from] move: Wish|[wisher] Bigfish
|upkeep
|turn|24
|
|t:|1760886621
|move|p1a: Bigfish|Wish|p1a: Bigfish
|move|p2a: Alomomola|Flip Turn|p1a: Bigfish
|-resisted|p1a: Bigfish
|-damage|p1a: Bigfish|59/100
|
|t:|1760886625
|switch|p2a: Lokix|Lokix, F, tera:Bug|84/100|[from] Flip Turn
|
|upkeep
|turn|25
|
|t:|1760886633
|move|p2a: Lokix|U-turn|p1a: Bigfish
|-damage|p1a: Bigfish|29/100
|
|t:|1760886637
|switch|p2a: Alomomola|Alomomola, M|100/100|[from] U-turn
|move|p1a: Bigfish|Body Slam|p2a: Alomomola
|-damage|p2a: Alomomola|93/100
|-damage|p1a: Bigfish|12/100|[from] item: Rocky Helmet|[of] p2a: Alomomola
|
|-heal|p1a: Bigfish|62/100|[from] move: Wish|[wisher] Bigfish
|upkeep
|turn|26
|
|t:|1760886648
|move|p1a: Bigfish|Wish|p1a: Bigfish
|move|p2a: Alomomola|Flip Turn|p1a: Bigfish
|-resisted|p1a: Bigfish
|-damage|p1a: Bigfish|58/100
|
|t:|1760886651
|switch|p2a: Lokix|Lokix, F, tera:Bug|84/100|[from] Flip Turn
|
|upkeep
|turn|27
|
|t:|1760886657
|move|p2a: Lokix|Axe Kick|p1a: Bigfish
|-damage|p1a: Bigfish|29/100
|move|p1a: Bigfish|Body Slam|p2a: Lokix
|-damage|p2a: Lokix|61/100
|-status|p2a: Lokix|par
|
|-heal|p1a: Bigfish|79/100|[from] move: Wish|[wisher] Bigfish
|upkeep
|turn|28
|
|t:|1760886668
|switch|p2a: Alomomola|Alomomola, M|100/100
|move|p1a: Bigfish|Wish|p1a: Bigfish
|
|upkeep
|turn|29
|
|t:|1760886673
|move|p1a: Bigfish|Body Slam|p2a: Alomomola
|-damage|p2a: Alomomola|93/100
|-damage|p1a: Bigfish|63/100|[from] item: Rocky Helmet|[of] p2a: Alomomola
|move|p2a: Alomomola|Wish|p2a: Alomomola
|
|-heal|p1a: Bigfish|100/100|[from] move: Wish|[wisher] Bigfish
|upkeep
|turn|30
|
|t:|1760886684
|move|p1a: Bigfish|Body Slam|p2a: Alomomola
|-damage|p2a: Alomomola|85/100
|-status|p2a: Alomomola|par
|-damage|p1a: Bigfish|84/100|[from] item: Rocky Helmet|[of] p2a: Alomomola
|cant|p2a: Alomomola|par
|
|-heal|p2a: Alomomola|100/100 par|[from] move: Wish|[wisher] Alomomola
|upkeep
|turn|31
|
|t:|1760886694
|move|p1a: Bigfish|Wish|p1a: Bigfish
|move|p2a: Alomomola|Wish|p2a: Alomomola
|
|upkeep
|turn|32
|
|t:|1760886701
|move|p1a: Bigfish|Play Rough|p2a: Alomomola
|-damage|p2a: Alomomola|92/100 par
|-unboost|p2a: Alomomola|atk|1
|-damage|p1a: Bigfish|67/100|[from] item: Rocky Helmet|[of] p2a: Alomomola
|move|p2a: Alomomola|Flip Turn|p1a: Bigfish
|-resisted|p1a: Bigfish
|-damage|p1a: Bigfish|64/100
|
|t:|1760886711
|switch|p2a: Lokix|Lokix, F, tera:Bug|61/100 par|[from] Flip Turn
|
|-heal|p2a: Lokix|100/100 par|[from] move: Wish|[wisher] Alomomola
|-heal|p1a: Bigfish|100/100|[from] move: Wish|[wisher] Bigfish
|upkeep
|turn|33
|
|t:|1760886720
|move|p2a: Lokix|U-turn|p1a: Bigfish
|-damage|p1a: Bigfish|66/100
|
|t:|1760886724
|switch|p2a: Corviknight|Corviknight, F|83/100|[from] U-turn
|move|p1a: Bigfish|Wish|p1a: Bigfish
|
|upkeep
|turn|34
|
|t:|1760886731
|move|p2a: Corviknight|Brave Bird|p1a: Bigfish
|-damage|p1a: Bigfish|45/100
|-damage|p2a: Corviknight|74/100|[from] Recoil
|move|p1a: Bigfish|Body Slam|p2a: Corviknight
|-resisted|p2a: Corviknight
|-damage|p2a: Corviknight|67/100
|
|-heal|p1a: Bigfish|95/100|[from] move: Wish|[wisher] Bigfish
|upkeep
|turn|35
|
|t:|1760886741
|move|p2a: Corviknight|U-turn|p1a: Bigfish
|-damage|p1a: Bigfish|88/100
|
|t:|1760886743
|switch|p2a: Alomomola|Alomomola, M|100/100 par|[from] U-turn
|move|p1a: Bigfish|Wish|p1a: Bigfish
|
|upkeep
|turn|36
|
|t:|1760886753
|move|p1a: Bigfish|Play Rough|p2a: Alomomola
|-damage|p2a: Alomomola|92/100 par
|-damage|p1a: Bigfish|71/100|[from] item: Rocky Helmet|[of] p2a: Alomomola
|move|p2a: Alomomola|Flip Turn|p1a: Bigfish
|-resisted|p1a: Bigfish
|-damage|p1a: Bigfish|66/100
|
|t:|1760886757
|switch|p2a: Corviknight|Corviknight, F|67/100|[from] Flip Turn
|
|-heal|p1a: Bigfish|100/100|[from] move: Wish|[wisher] Bigfish
|upkeep
|turn|37
|c|☆FZPIR|hh
|
|t:|1760886768
|move|p2a: Corviknight|U-turn|p1a: Bigfish
|-damage|p1a: Bigfish|93/100
|
|t:|1760886770
|switch|p2a: Alomomola|Alomomola, M|100/100 par|[from] U-turn
|move|p1a: Bigfish|Body Slam|p2a: Alomomola
|-damage|p2a: Alomomola|92/100 par
|-damage|p1a: Bigfish|77/100|[from] item: Rocky Helmet|[of] p2a: Alomomola
|
|upkeep
|turn|38
|
|t:|1760886780
|move|p1a: Bigfish|Play Rough|p2a: Alomomola|[miss]
|-miss|p1a: Bigfish|p2a: Alomomola
|move|p2a: Alomomola|Flip Turn|p1a: Bigfish
|-resisted|p1a: Bigfish
|-damage|p1a: Bigfish|72/100
|
|t:|1760886787
|switch|p2a: Corviknight|Corviknight, F|67/100|[from] Flip Turn
|
|upkeep
|turn|39
|
|t:|1760886794
|move|p2a: Corviknight|U-turn|p1a: Bigfish
|-damage|p1a: Bigfish|65/100
|
|t:|1760886797
|switch|p2a: Alomomola|Alomomola, M|100/100 par|[from] U-turn
|move|p1a: Bigfish|Body Slam|p2a: Alomomola
|-damage|p2a: Alomomola|93/100 par
|-damage|p1a: Bigfish|48/100|[from] item: Rocky Helmet|[of] p2a: Alomomola
|
|upkeep
|turn|40
|
|t:|1760886806
|move|p1a: Bigfish|Wish|p1a: Bigfish
|move|p2a: Alomomola|Flip Turn|p1a: Bigfish
|-resisted|p1a: Bigfish
|-damage|p1a: Bigfish|44/100
|
|t:|1760886808
|switch|p2a: Corviknight|Corviknight, F|67/100|[from] Flip Turn
|
|upkeep
|turn|41
|
|t:|1760886814
|move|p2a: Corviknight|U-turn|p1a: Bigfish
|-damage|p1a: Bigfish|36/100
|
|t:|1760886818
|switch|p2a: Alomomola|Alomomola, M|100/100 par|[from] U-turn
|move|p1a: Bigfish|Body Slam|p2a: Alomomola
|-damage|p2a: Alomomola|92/100 par
|-damage|p1a: Bigfish|20/100|[from] item: Rocky Helmet|[of] p2a: Alomomola
|
|-heal|p1a: Bigfish|70/100|[from] move: Wish|[wisher] Bigfish
|upkeep
|turn|42
|
|t:|1760886828
|move|p1a: Bigfish|Wish|p1a: Bigfish
|move|p2a: Alomomola|Flip Turn|p1a: Bigfish
|-resisted|p1a: Bigfish
|-damage|p1a: Bigfish|65/100
|
|t:|1760886834
|switch|p2a: Lokix|Lokix, F, tera:Bug|100/100 par|[from] Flip Turn
|
|upkeep
|turn|43
|
|t:|1760886841
|move|p2a: Lokix|U-turn|p1a: Bigfish
|-damage|p1a: Bigfish|32/100
|
|t:|1760886844
|switch|p2a: Alomomola|Alomomola, M|100/100 par|[from] U-turn
|move|p1a: Bigfish|Flip Turn|p2a: Alomomola
|-resisted|p2a: Alomomola
|-damage|p2a: Alomomola|96/100 par
|-damage|p1a: Bigfish|15/100|[from] item: Rocky Helmet|[of] p2a: Alomomola
|
|-heal|p1a: Bigfish|65/100|[from] move: Wish|[wisher] Bigfish
|upkeep
|turn|44
|
|t:|1760886855
|move|p1a: Bigfish|Wish|p1a: Bigfish
|move|p2a: Alomomola|Flip Turn|p1a: Bigfish
|-resisted|p1a: Bigfish
|-damage|p1a: Bigfish|61/100
|
|t:|1760886864
|switch|p2a: Lokix|Lokix, F, tera:Bug|100/100 par|[from] Flip Turn
|
|upkeep
|turn|45
|l|☆RugzV
|inactive|RugzV disconnected and has a minute to reconnect!
|player|p1|
|inactive|RugzV has 30 seconds to reconnect!
|j|☆RugzV
|inactive|RugzV reconnected and has 95 seconds left.
|player|p1|RugzV|gentleman-gen4|
|inactive|RugzV has 90 seconds left.
|
|t:|1760886925
|move|p2a: Lokix|U-turn|p1a: Bigfish
|-damage|p1a: Bigfish|30/100
|
|t:|1760886928
|switch|p2a: Alomomola|Alomomola, M|100/100 par|[from] U-turn
|move|p1a: Bigfish|Body Slam|p2a: Alomomola
|-damage|p2a: Alomomola|92/100 par
|-damage|p1a: Bigfish|13/100|[from] item: Rocky Helmet|[of] p2a: Alomomola
|
|-heal|p1a: Bigfish|63/100|[from] move: Wish|[wisher] Bigfish
|upkeep
|turn|46
|-message|RugzV forfeited.
|
|win|FZPIR
|raw|RugzV's rating: 1247 &rarr; <strong>1222</strong><br />(-25 for losing)
|raw|FZPIR's rating: 1253 &rarr; <strong>1278</strong><br />(+25 for winning)
|l|☆RugzV
|player|p1|
|l|☆FZPIR
|player|p2|
