|j|☆FabroNd
|j|☆prettyhugedolphin
|t:|1760763517
|gametype|singles
|player|p1|FabroNd|101|1159
|player|p2|prettyhugedolphin|veteran|1150
|gen|9
|tier|[Gen 9] OU
|rated|
|rule|HP Percentage Mod: HP is shown in percentages
|rule|Endless Battle Clause: Forcing endless battles is banned
|rule|Species Clause: Limit one of each Pokémon
|rule|OHKO Clause: OHKO moves are banned
|rule|Evasion Items Clause: Evasion items are banned
|rule|Evasion Moves Clause: Evasion moves are banned
|rule|Evasion Abilities Clause: Evasion abilities are banned
|rule|Sleep Moves Clause: Sleep-inducing moves are banned
|clearpoke
|poke|p1|Galvantula, F|
|poke|p1|Sinistcha|
|poke|p1|Great Tusk|
|poke|p1|Ninetales-Alola, F|
|poke|p1|Samurott-Hisui, M|
|poke|p1|Heatran, M|
|poke|p2|Malamar, M|
|poke|p2|Lurantis, M|
|poke|p2|Hawlucha, M|
|poke|p2|Hitmonlee, M|
|poke|p2|Cinderace, M|
|poke|p2|Galvantula, M|
|teampreview
|inactive|Battle timer is ON: inactive players will automatically lose when time's up. (requested by prettyhugedolphin)
|
|t:|1760763522
|teamsize|p1|6
|teamsize|p2|6
|start
|switch|p1a: Galvantula|Galvantula, F|100/100
|switch|p2a: Galvantula|Galvantula, M, shiny|100/100
|turn|1
|
|t:|1760763529
|move|p1a: Galvantula|Thunder Wave|p2a: Galvantula
|-immune|p2a: Galvantula
|move|p2a: Galvantula|Sticky Web|p1a: Galvantula
|-sidestart|p1: FabroNd|move: Sticky Web
|
|upkeep
|turn|2
|
|t:|1760763536
|move|p2a: Galvantula|Thunder|p1a: Galvantula
|-resisted|p1a: Galvantula
|-damage|p1a: Galvantula|54/100
|move|p1a: Galvantula|Sticky Web|p2a: Galvantula
|-sidestart|p2: prettyhugedolphin|move: Sticky Web
|
|upkeep
|turn|3
|
|t:|1760763541
|move|p2a: Galvantula|Thunder|p1a: Galvantula
|-resisted|p1a: Galvantula
|-damage|p1a: Galvantula|12/100
|move|p1a: Galvantula|Thunder|p2a: Galvantula
|-resisted|p2a: Galvantula
|-damage|p2a: Galvantula|59/100
|
|upkeep
|turn|4
|
|t:|1760763548
|move|p1a: Galvantula|Thunder|p2a: Galvantula
|-resisted|p2a: Galvantula
|-damage|p2a: Galvantula|15/100
|move|p2a: Galvantula|Bug Buzz|p1a: Galvantula
|-damage|p1a: Galvantula|0 fnt
|faint|p1a: Galvantula
|
|upkeep
|
|t:|1760763556
|switch|p1a: Great Tusk|Great Tusk|100/100
|-activate|p1a: Great Tusk|move: Sticky Web
|-unboost|p1a: Great Tusk|spe|1
|turn|5
|
|t:|1760763561
|move|p2a: Galvantula|Giga Drain|p1a: Great Tusk
|-supereffective|p1a: Great Tusk
|-damage|p1a: Great Tusk|65/100
|-heal|p2a: Galvantula|42/100|[from] drain|[of] p1a: Great Tusk
|move|p1a: Great Tusk|Rapid Spin|p2a: Galvantula
|-damage|p2a: Galvantula|4/100
|-boost|p1a: Great Tusk|spe|1
|-sideend|p1: FabroNd|Sticky Web|[from] move: Rapid Spin|[of] p1a: Great Tusk
|
|upkeep
|turn|6
|
|t:|1760763568
|move|p2a: Galvantula|Sticky Web|p1a: Great Tusk
|-sidestart|p1: FabroNd|move: Sticky Web
|move|p1a: Great Tusk|Knock Off|p2a: Galvantula
|-damage|p2a: Galvantula|0 fnt
|-enditem|p2a: Galvantula|Focus Sash|[from] move: Knock Off|[of] p1a: Great Tusk
|faint|p2a: Galvantula
|
|upkeep
|
|t:|1760763581
|switch|p2a: Malamar|Malamar, M|100/100
|-activate|p2a: Malamar|move: Sticky Web
|-boost|p2a: Malamar|spe|1
|turn|7
|
|t:|1760763587
|move|p2a: Malamar|Psycho Cut|p1a: Great Tusk
|-supereffective|p1a: Great Tusk
|-damage|p1a: Great Tusk|28/100
|move|p1a: Great Tusk|Rapid Spin|p2a: Malamar
|-damage|p2a: Malamar|80/100
|-boost|p1a: Great Tusk|spe|1
|-sideend|p1: FabroNd|Sticky Web|[from] move: Rapid Spin|[of] p1a: Great Tusk
|
|-heal|p2a: Malamar|86/100|[from] item: Leftovers
|upkeep
|turn|8
|
|t:|1760763596
|move|p1a: Great Tusk|Headlong Rush|p2a: Malamar
|-damage|p2a: Malamar|18/100
|-unboost|p1a: Great Tusk|def|1
|-unboost|p1a: Great Tusk|spd|1
|move|p2a: Malamar|Superpower|p1a: Great Tusk
|-damage|p1a: Great Tusk|0 fnt
|-boost|p2a: Malamar|atk|1
|-boost|p2a: Malamar|def|1
|faint|p1a: Great Tusk
|-end|p1a: Great Tusk|Protosynthesis|[silent]
|
|-heal|p2a: Malamar|24/100|[from] item: Leftovers
|upkeep
|
|t:|1760763613
|switch|p1a: Samurott|Samurott-Hisui, M|100/100
|turn|9
|
|t:|1760763617
|move|p1a: Samurott|Ceaseless Edge|p2a: Malamar|[miss]
|-miss|p1a: Samurott|p2a: Malamar
|move|p2a: Malamar|Superpower|p1a: Samurott
|-supereffective|p1a: Samurott
|-damage|p1a: Samurott|0 fnt
|-boost|p2a: Malamar|atk|1
|-boost|p2a: Malamar|def|1
|faint|p1a: Samurott
|
|-heal|p2a: Malamar|30/100|[from] item: Leftovers
|upkeep
|
|t:|1760763628
|switch|p1a: Ninetales|Ninetales-Alola, F|100/100
|-weather|Snowscape|[from] ability: Snow Warning|[of] p1a: Ninetales
|turn|10
|
|t:|1760763631
|move|p1a: Ninetales|Moonblast|p2a: Malamar
|-supereffective|p2a: Malamar
|-damage|p2a: Malamar|0 fnt
|faint|p2a: Malamar
|
|-weather|Snowscape|[upkeep]
|upkeep
|
|t:|1760763644
|switch|p2a: Cinderace|Cinderace, M, shiny|100/100
|turn|11
|
|t:|1760763668
|move|p2a: Cinderace|Pyro Ball|p1a: Ninetales
|-supereffective|p1a: Ninetales
|-damage|p1a: Ninetales|0 fnt
|faint|p1a: Ninetales
|
|-weather|Snowscape|[upkeep]
|upkeep
|
|t:|1760763671
|switch|p1a: Heatran|Heatran, M|100/100
|-item|p1a: Heatran|Air Balloon
|turn|12
|
|t:|1760763675
|move|p2a: Cinderace|U-turn|p1a: Heatran
|-start|p2a: Cinderace|typechange|Bug|[from] ability: Libero
|-resisted|p1a: Heatran
|-damage|p1a: Heatran|94/100
|-enditem|p1a: Heatran|Air Balloon
|
|t:|1760763692
|switch|p2a: Hawlucha|Hawlucha, M, shiny|100/100|[from] U-turn
|move|p1a: Heatran|Earth Power|p2a: Hawlucha
|-immune|p2a: Hawlucha
|
|-weather|Snowscape|[upkeep]
|upkeep
|turn|13
|
|t:|1760763711
|move|p2a: Hawlucha|Swords Dance|p2a: Hawlucha
|-boost|p2a: Hawlucha|atk|2
|move|p1a: Heatran|Flash Cannon|p2a: Hawlucha
|-damage|p2a: Hawlucha|28/100
|
|-weather|Snowscape|[upkeep]
|upkeep
|turn|14
|
|t:|1760763719
|move|p2a: Hawlucha|Close Combat|p1a: Heatran
|-supereffective|p1a: Heatran
|-damage|p1a: Heatran|0 fnt
|-unboost|p2a: Hawlucha|def|1
|-unboost|p2a: Hawlucha|spd|1
|faint|p1a: Heatran
|-enditem|p2a: Hawlucha|White Herb
|-clearnegativeboost|p2a: Hawlucha|[silent]
|
|-weather|none
|upkeep
|
|t:|1760763723
|switch|p1a: Sinistcha|Sinistcha|100/100
|turn|15
|
|t:|1760763730
|move|p2a: Hawlucha|Acrobatics|p1a: Sinistcha
|-supereffective|p1a: Sinistcha
|-damage|p1a: Sinistcha|0 fnt
|faint|p1a: Sinistcha
|
|win|prettyhugedolphin
|raw|FabroNd's rating: 1159 &rarr; <strong>1133</strong><br />(-26 for losing)
|raw|prettyhugedolphin's rating: 1150 &rarr; <strong>1176</strong><br />(+26 for winning)
|c|☆prettyhugedolphin|Gg
|l|☆FabroNd
|player|p1|
|l|☆prettyhugedolphin
|player|p2|
