|j|☆silverlol
|j|☆Magolor16
|t:|1760852838
|gametype|singles
|player|p1|silverlol|gambler|1305
|player|p2|Magolor16|1|1284
|gen|9
|tier|[Gen 9] OU
|rated|
|rule|HP Percentage Mod: HP is shown in percentages
|rule|Endless Battle Clause: Forcing endless battles is banned
|rule|Species Clause: Limit one of each Pokémon
|rule|OHKO Clause: OHKO moves are banned
|rule|Evasion Items Clause: Evasion items are banned
|rule|Evasion Moves Clause: Evasion moves are banned
|rule|Evasion Abilities Clause: Evasion abilities are banned
|rule|Sleep Moves Clause: Sleep-inducing moves are banned
|clearpoke
|poke|p1|Scizor, M|
|poke|p1|Greninja-*, M|
|poke|p1|Garchomp, F|
|poke|p1|Metagross|
|poke|p1|Zapdos|
|poke|p1|Excadrill, M|
|poke|p2|Luxray, M|
|poke|p2|Hawlucha, M|
|poke|p2|Iron Moth|
|poke|p2|Rillaboom, M|
|poke|p2|Iron Treads|
|poke|p2|Serperior, F|
|teampreview
|
|t:|1760852849
|teamsize|p1|6
|teamsize|p2|6
|start
|switch|p1a: Metagross|Metagross|100/100
|switch|p2a: Nagini|Serperior, F, shiny|100/100
|turn|1
|inactive|Battle timer is ON: inactive players will automatically lose when time's up. (requested by silverlol)
|
|t:|1760852853
|move|p2a: Nagini|Glare|p1a: Metagross
|-status|p1a: Metagross|par
|move|p1a: Metagross|Psychic Fangs|p2a: Nagini
|-damage|p2a: Nagini|49/100
|
|-heal|p2a: Nagini|55/100|[from] item: Leftovers
|upkeep
|turn|2
|
|t:|1760852859
|move|p2a: Nagini|Leaf Storm|p1a: Metagross
|-resisted|p1a: Metagross
|-damage|p1a: Metagross|76/100 par
|-boost|p2a: Nagini|spa|2
|move|p1a: Metagross|Psychic Fangs|p2a: Nagini
|-damage|p2a: Nagini|2/100
|
|-heal|p2a: Nagini|8/100|[from] item: Leftovers
|upkeep
|turn|3
|
|t:|1760852866
|move|p1a: Metagross|Bullet Punch|p2a: Nagini
|-damage|p2a: Nagini|0 fnt
|faint|p2a: Nagini
|
|upkeep
|
|t:|1760852868
|switch|p2a: Tronphan|Iron Treads|100/100
|turn|4
|
|t:|1760852871
|move|p2a: Tronphan|Stealth Rock|p1a: Metagross
|-sidestart|p1: silverlol|move: Stealth Rock
|cant|p1a: Metagross|par
|
|upkeep
|turn|5
|
|t:|1760852877
|move|p2a: Tronphan|Earthquake|p1a: Metagross
|-supereffective|p1a: Metagross
|-damage|p1a: Metagross|16/100 par
|-enditem|p1a: Metagross|Weakness Policy
|-boost|p1a: Metagross|atk|2|[from] item: Weakness Policy
|-boost|p1a: Metagross|spa|2|[from] item: Weakness Policy
|move|p1a: Metagross|Earthquake|p2a: Tronphan
|-supereffective|p2a: Tronphan
|-damage|p2a: Tronphan|0 fnt
|faint|p2a: Tronphan
|-end|p2a: Tronphan|Quark Drive|[silent]
|
|upkeep
|
|t:|1760852884
|switch|p2a: Simba|Luxray, M|100/100
|turn|6
|
|t:|1760852893
|cant|p1a: Metagross|par
|move|p2a: Simba|Supercell Slam|p1a: Metagross
|-damage|p1a: Metagross|0 fnt
|faint|p1a: Metagross
|
|-status|p2a: Simba|brn|[from] item: Flame Orb
|upkeep
|
|t:|1760852899
|switch|p1a: Excadrill|Excadrill, M|100/100
|-damage|p1a: Excadrill|97/100|[from] Stealth Rock
|-ability|p1a: Excadrill|Mold Breaker
|turn|7
|
|t:|1760852905
|switch|p2a: Donkey Kong|Rillaboom, M|100/100
|-fieldstart|move: Grassy Terrain|[from] ability: Grassy Surge|[of] p2a: Donkey Kong
|move|p1a: Excadrill|Earthquake|p2a: Donkey Kong
|-resisted|p2a: Donkey Kong
|-damage|p2a: Donkey Kong|83/100
|
|-heal|p2a: Donkey Kong|90/100|[from] Grassy Terrain
|-heal|p1a: Excadrill|100/100|[from] Grassy Terrain
|upkeep
|turn|8
|
|t:|1760852912
|switch|p1a: Zapdos|Zapdos, shiny|100/100
|-damage|p1a: Zapdos|76/100|[from] Stealth Rock
|move|p2a: Donkey Kong|Wood Hammer|p1a: Zapdos
|-resisted|p1a: Zapdos
|-damage|p1a: Zapdos|27/100
|-damage|p2a: Donkey Kong|74/100|[from] Recoil
|
|-heal|p2a: Donkey Kong|81/100|[from] Grassy Terrain
|upkeep
|turn|9
|
|t:|1760852918
|switch|p2a: Simba|Luxray, M|100/100 brn
|move|p1a: Zapdos|Heat Wave|p2a: Simba
|-damage|p2a: Simba|48/100 brn
|
|-heal|p2a: Simba|54/100 brn|[from] Grassy Terrain
|-damage|p2a: Simba|48/100 brn|[from] brn
|upkeep
|turn|10
|
|t:|1760852924
|switch|p2a: Dyson|Iron Moth|100/100
|move|p1a: Zapdos|Hurricane|p2a: Dyson
|-damage|p2a: Dyson|34/100
|
|-heal|p2a: Dyson|40/100|[from] Grassy Terrain
|upkeep
|turn|11
|
|t:|1760852932
|move|p2a: Dyson|Fiery Dance|p1a: Zapdos
|-damage|p1a: Zapdos|0 fnt
|-boost|p2a: Dyson|spa|1
|faint|p1a: Zapdos
|
|-heal|p2a: Dyson|46/100|[from] Grassy Terrain
|upkeep
|
|t:|1760852942
|switch|p1a: Greninja|Greninja, M|100/100
|-damage|p1a: Greninja|88/100|[from] Stealth Rock
|turn|12
|
|t:|1760852951
|-end|p2a: Dyson|Quark Drive|[silent]
|switch|p2a: Edgar Teglee|Hawlucha, M|100/100
|-enditem|p2a: Edgar Teglee|Grassy Seed
|-boost|p2a: Edgar Teglee|def|1|[from] item: Grassy Seed
|move|p1a: Greninja|Surf|p2a: Edgar Teglee
|-damage|p2a: Edgar Teglee|25/100
|
|-heal|p1a: Greninja|94/100|[from] Grassy Terrain
|upkeep
|turn|13
|
|t:|1760852961
|-terastallize|p1a: Greninja|Poison
|move|p2a: Edgar Teglee|Close Combat|p1a: Greninja
|-resisted|p1a: Greninja
|-damage|p1a: Greninja|49/100
|-unboost|p2a: Edgar Teglee|def|1
|-unboost|p2a: Edgar Teglee|spd|1
|move|p1a: Greninja|Surf|p2a: Edgar Teglee
|-damage|p2a: Edgar Teglee|0 fnt
|faint|p2a: Edgar Teglee
|-ability|p1a: Greninja|Battle Bond|boost
|-boost|p1a: Greninja|atk|1
|-boost|p1a: Greninja|spa|1
|-boost|p1a: Greninja|spe|1
|-activate|p1a: Greninja|ability: Battle Bond
|
|-heal|p1a: Greninja|55/100|[from] Grassy Terrain
|upkeep
|
|t:|1760852967
|switch|p2a: Donkey Kong|Rillaboom, M|81/100
|turn|14
|
|t:|1760852971
|-terastallize|p2a: Donkey Kong|Grass
|move|p2a: Donkey Kong|Grassy Glide|p1a: Greninja
|-resisted|p1a: Greninja
|-damage|p1a: Greninja|17/100
|move|p1a: Greninja|Ice Beam|p2a: Donkey Kong
|-supereffective|p2a: Donkey Kong
|-damage|p2a: Donkey Kong|0 fnt
|faint|p2a: Donkey Kong
|
|-heal|p1a: Greninja|23/100|[from] Grassy Terrain
|-fieldend|move: Grassy Terrain
|upkeep
|-message|Magolor16 forfeited.
|
|win|silverlol
|raw|silverlol's rating: 1305 &rarr; <strong>1324</strong><br />(+19 for winning)
|raw|Magolor16's rating: 1284 &rarr; <strong>1261</strong><br />(-23 for losing)
|l|☆Magolor16
|player|p2|
|l|☆silverlol
|player|p1|
