|j|☆stevstacks
|j|☆gang696969
|t:|1760760077
|gametype|singles
|player|p1|stevstacks|102|1537
|player|p2|gang696969|102|1514
|gen|9
|tier|[Gen 9] OU
|rated|
|rule|HP Percentage Mod: HP is shown in percentages
|rule|Endless Battle Clause: Forcing endless battles is banned
|rule|Species Clause: Limit one of each Pokémon
|rule|OHKO Clause: OHKO moves are banned
|rule|Evasion Items Clause: Evasion items are banned
|rule|Evasion Moves Clause: Evasion moves are banned
|rule|Evasion Abilities Clause: Evasion abilities are banned
|rule|Sleep Moves Clause: Sleep-inducing moves are banned
|clearpoke
|poke|p1|Torkoal, M|
|poke|p1|Corviknight, M|
|poke|p1|Walking Wake|
|poke|p1|Raging Bolt|
|poke|p1|Great Tusk|
|poke|p1|Cinderace, F|
|poke|p2|Ceruledge, M|
|poke|p2|Walking Wake|
|poke|p2|Dragonite, F|
|poke|p2|Torkoal, F|
|poke|p2|Venusaur, M|
|poke|p2|Kingambit, F|
|teampreview
|inactive|Battle timer is ON: inactive players will automatically lose when time's up. (requested by stevstacks)
|l|☆stevstacks
|inactive|stevstacks disconnected and has a minute to reconnect!
|player|p1|
|j|☆stevstacks
|inactive|stevstacks reconnected and has 120 seconds left.
|player|p1|stevstacks|102|
|
|t:|1760760127
|teamsize|p1|6
|teamsize|p2|6
|start
|switch|p1a: ’02 E46 330Ci|Torkoal, M, shiny|100/100
|switch|p2a: Ceruledge|Ceruledge, M|100/100
|-weather|SunnyDay|[from] ability: Drought|[of] p1a: ’02 E46 330Ci
|turn|1
|
|t:|1760760138
|switch|p1a: hydrocodone|Walking Wake|100/100
|-activate|p1a: hydrocodone|ability: Protosynthesis
|-start|p1a: hydrocodone|protosynthesisspe
|move|p2a: Ceruledge|Swords Dance|p2a: Ceruledge
|-boost|p2a: Ceruledge|atk|2
|
|-weather|SunnyDay|[upkeep]
|upkeep
|turn|2
|
|t:|1760760147
|move|p1a: hydrocodone|Hydro Steam|p2a: Ceruledge
|-supereffective|p2a: Ceruledge
|-enditem|p2a: Ceruledge|Focus Sash
|-damage|p2a: Ceruledge|1/100
|move|p2a: Ceruledge|Poltergeist|p1a: hydrocodone
|-activate|p1a: hydrocodone|move: Poltergeist|Choice Specs
|-damage|p1a: hydrocodone|0 fnt
|faint|p1a: hydrocodone
|-end|p1a: hydrocodone|Protosynthesis|[silent]
|
|-weather|SunnyDay|[upkeep]
|upkeep
|
|t:|1760760151
|switch|p1a: TuskMadeRevz|Great Tusk|100/100
|-activate|p1a: TuskMadeRevz|ability: Protosynthesis
|-start|p1a: TuskMadeRevz|protosynthesisatk
|turn|3
|
|t:|1760760178
|move|p2a: Ceruledge|Shadow Sneak|p1a: TuskMadeRevz
|-damage|p1a: TuskMadeRevz|65/100
|move|p1a: TuskMadeRevz|Ice Spinner|p2a: Ceruledge
|-resisted|p2a: Ceruledge
|-damage|p2a: Ceruledge|0 fnt
|faint|p2a: Ceruledge
|
|-weather|SunnyDay|[upkeep]
|upkeep
|inactive|gang696969 has 120 seconds left.
|
|t:|1760760194
|switch|p2a: Walking Wake|Walking Wake|100/100
|-activate|p2a: Walking Wake|ability: Protosynthesis
|-start|p2a: Walking Wake|protosynthesisspe
|turn|4
|inactive|gang696969 has 120 seconds left.
|
|t:|1760760200
|-end|p1a: TuskMadeRevz|Protosynthesis|[silent]
|switch|p1a: bird allegiance|Corviknight, M|100/100
|-ability|p1a: bird allegiance|Pressure
|move|p2a: Walking Wake|Hydro Steam|p1a: bird allegiance
|-damage|p1a: bird allegiance|58/100
|
|-weather|SunnyDay|[upkeep]
|-heal|p1a: bird allegiance|64/100|[from] item: Leftovers
|upkeep
|turn|5
|inactive|gang696969 has 120 seconds left.
|
|t:|1760760210
|move|p2a: Walking Wake|Flamethrower|p1a: bird allegiance
|-supereffective|p1a: bird allegiance
|-damage|p1a: bird allegiance|2/100
|move|p1a: bird allegiance|Roost|p1a: bird allegiance
|-heal|p1a: bird allegiance|52/100
|-singleturn|p1a: bird allegiance|move: Roost
|
|-weather|SunnyDay|[upkeep]
|-heal|p1a: bird allegiance|58/100|[from] item: Leftovers
|upkeep
|turn|6
|
|t:|1760760219
|switch|p1a: ’02 E46 330Ci|Torkoal, M, shiny|100/100
|move|p2a: Walking Wake|Flamethrower|p1a: ’02 E46 330Ci
|-resisted|p1a: ’02 E46 330Ci
|-damage|p1a: ’02 E46 330Ci|82/100
|
|-weather|SunnyDay|[upkeep]
|upkeep
|turn|7
|
|t:|1760760226
|move|p2a: Walking Wake|Hydro Steam|p1a: ’02 E46 330Ci
|-supereffective|p1a: ’02 E46 330Ci
|-damage|p1a: ’02 E46 330Ci|0 fnt
|faint|p1a: ’02 E46 330Ci
|
|-weather|SunnyDay|[upkeep]
|upkeep
|
|t:|1760760233
|switch|p1a: 2hollis|Raging Bolt|100/100
|-activate|p1a: 2hollis|ability: Protosynthesis
|-start|p1a: 2hollis|protosynthesisspa
|turn|8
|j| But The Government
|l| But The Government
|
|t:|1760760243
|-end|p2a: Walking Wake|Protosynthesis|[silent]
|switch|p2a: Venusaur|Venusaur, M|100/100
|-end|p1a: 2hollis|Protosynthesis|[silent]
|switch|p1a: bird allegiance|Corviknight, M|58/100
|-ability|p1a: bird allegiance|Pressure
|
|-weather|none
|-heal|p1a: bird allegiance|64/100|[from] item: Leftovers
|upkeep
|turn|9
|
|t:|1760760253
|switch|p2a: Torkoal|Torkoal, F|100/100
|-weather|SunnyDay|[from] ability: Drought|[of] p2a: Torkoal
|move|p1a: bird allegiance|Brave Bird|p2a: Torkoal
|-damage|p2a: Torkoal|73/100
|-damage|p1a: bird allegiance|56/100|[from] Recoil
|
|-weather|SunnyDay|[upkeep]
|-heal|p1a: bird allegiance|62/100|[from] item: Leftovers
|upkeep
|turn|10
|
|t:|1760760282
|move|p1a: bird allegiance|U-turn|p2a: Torkoal
|-resisted|p2a: Torkoal
|-crit|p2a: Torkoal
|-damage|p2a: Torkoal|66/100
|inactive|stevstacks has 120 seconds left.
|
|t:|1760760316
|switch|p1a: Fake Swiper|Cinderace, F|100/100|[from] U-turn
|move|p2a: Torkoal|Overheat|p1a: Fake Swiper
|-resisted|p1a: Fake Swiper
|-damage|p1a: Fake Swiper|37/100
|-unboost|p2a: Torkoal|spa|2
|
|-weather|SunnyDay|[upkeep]
|upkeep
|turn|11
|inactive|gang696969 has 120 seconds left.
|
|t:|1760760346
|move|p1a: Fake Swiper|Pyro Ball|p2a: Torkoal
|-resisted|p2a: Torkoal
|-crit|p2a: Torkoal
|-damage|p2a: Torkoal|17/100
|move|p2a: Torkoal|Overheat|p1a: Fake Swiper
|-resisted|p1a: Fake Swiper
|-damage|p1a: Fake Swiper|9/100
|-unboost|p2a: Torkoal|spa|2
|
|-weather|SunnyDay|[upkeep]
|upkeep
|turn|12
|inactive|gang696969 has 120 seconds left.
|
|t:|1760760361
|switch|p2a: Walking Wake|Walking Wake|100/100
|-activate|p2a: Walking Wake|ability: Protosynthesis
|-start|p2a: Walking Wake|protosynthesisspe
|move|p1a: Fake Swiper|Pyro Ball|p2a: Walking Wake
|-resisted|p2a: Walking Wake
|-crit|p2a: Walking Wake
|-damage|p2a: Walking Wake|45/100
|-status|p2a: Walking Wake|brn
|
|-weather|SunnyDay|[upkeep]
|-heal|p2a: Walking Wake|51/100 brn|[from] item: Leftovers
|-damage|p2a: Walking Wake|45/100 brn|[from] brn
|upkeep
|turn|13
|inactive|gang696969 has 120 seconds left.
|
|t:|1760760374
|-terastallize|p1a: Fake Swiper|Fire
|move|p1a: Fake Swiper|Pyro Ball|p2a: Walking Wake|[miss]
|-miss|p1a: Fake Swiper|p2a: Walking Wake
|move|p2a: Walking Wake|Flamethrower|p1a: Fake Swiper
|-resisted|p1a: Fake Swiper
|-damage|p1a: Fake Swiper|0 fnt
|faint|p1a: Fake Swiper
|
|-weather|SunnyDay|[upkeep]
|-heal|p2a: Walking Wake|51/100 brn|[from] item: Leftovers
|-damage|p2a: Walking Wake|45/100 brn|[from] brn
|upkeep
|
|t:|1760760382
|switch|p1a: 2hollis|Raging Bolt|100/100
|-activate|p1a: 2hollis|ability: Protosynthesis
|-start|p1a: 2hollis|protosynthesisspa
|turn|14
|
|t:|1760760391
|-end|p1a: 2hollis|Protosynthesis|[silent]
|switch|p1a: bird allegiance|Corviknight, M|62/100
|-ability|p1a: bird allegiance|Pressure
|move|p2a: Walking Wake|Dragon Pulse|p1a: bird allegiance
|-resisted|p1a: bird allegiance
|-damage|p1a: bird allegiance|48/100
|
|-weather|SunnyDay|[upkeep]
|-heal|p2a: Walking Wake|51/100 brn|[from] item: Leftovers
|-heal|p1a: bird allegiance|54/100|[from] item: Leftovers
|-damage|p2a: Walking Wake|45/100 brn|[from] brn
|upkeep
|turn|15
|inactive|stevstacks has 120 seconds left.
|
|t:|1760760404
|move|p2a: Walking Wake|Flamethrower|p1a: bird allegiance
|-supereffective|p1a: bird allegiance
|-damage|p1a: bird allegiance|0 fnt
|faint|p1a: bird allegiance
|
|-weather|SunnyDay|[upkeep]
|-heal|p2a: Walking Wake|51/100 brn|[from] item: Leftovers
|-damage|p2a: Walking Wake|45/100 brn|[from] brn
|upkeep
|
|t:|1760760412
|switch|p1a: 2hollis|Raging Bolt|100/100
|-activate|p1a: 2hollis|ability: Protosynthesis
|-start|p1a: 2hollis|protosynthesisspa
|turn|16
|
|t:|1760760417
|move|p1a: 2hollis|Thunderclap|p2a: Walking Wake
|-damage|p2a: Walking Wake|0 fnt
|faint|p2a: Walking Wake
|-end|p2a: Walking Wake|Protosynthesis|[silent]
|
|-weather|none
|-end|p1a: 2hollis|Protosynthesis
|upkeep
|
|t:|1760760424
|switch|p2a: Torkoal|Torkoal, F|17/100
|-weather|SunnyDay|[from] ability: Drought|[of] p2a: Torkoal
|-activate|p1a: 2hollis|ability: Protosynthesis
|-start|p1a: 2hollis|protosynthesisspa
|turn|17
|
|t:|1760760432
|-end|p1a: 2hollis|Protosynthesis|[silent]
|switch|p1a: TuskMadeRevz|Great Tusk|65/100
|-activate|p1a: TuskMadeRevz|ability: Protosynthesis
|-start|p1a: TuskMadeRevz|protosynthesisatk
|move|p2a: Torkoal|Overheat|p1a: TuskMadeRevz
|-damage|p1a: TuskMadeRevz|0 fnt
|-unboost|p2a: Torkoal|spa|2
|faint|p1a: TuskMadeRevz
|-end|p1a: TuskMadeRevz|Protosynthesis|[silent]
|
|-weather|SunnyDay|[upkeep]
|upkeep
|
|t:|1760760434
|switch|p1a: 2hollis|Raging Bolt|100/100
|-activate|p1a: 2hollis|ability: Protosynthesis
|-start|p1a: 2hollis|protosynthesisspa
|turn|18
|
|t:|1760760448
|move|p1a: 2hollis|Calm Mind|p1a: 2hollis
|-boost|p1a: 2hollis|spa|1
|-boost|p1a: 2hollis|spd|1
|move|p2a: Torkoal|Overheat|p1a: 2hollis|[miss]
|-miss|p2a: Torkoal|p1a: 2hollis
|
|-weather|SunnyDay|[upkeep]
|upkeep
|turn|19
|
|t:|1760760455
|switch|p2a: Venusaur|Venusaur, M|100/100
|move|p1a: 2hollis|Calm Mind|p1a: 2hollis
|-boost|p1a: 2hollis|spa|1
|-boost|p1a: 2hollis|spd|1
|
|-weather|SunnyDay|[upkeep]
|upkeep
|turn|20
|
|t:|1760760465
|-terastallize|p2a: Venusaur|Ground
|move|p2a: Venusaur|Growth|p2a: Venusaur
|-boost|p2a: Venusaur|atk|2
|-boost|p2a: Venusaur|spa|2
|move|p1a: 2hollis|Dragon Pulse|p2a: Venusaur
|-damage|p2a: Venusaur|0 fnt
|faint|p2a: Venusaur
|
|-weather|SunnyDay|[upkeep]
|upkeep
|inactive|gang696969 has 120 seconds left.
|
|t:|1760760492
|switch|p2a: Dragonite|Dragonite, F|100/100
|turn|21
|
|t:|1760760505
|move|p1a: 2hollis|Dragon Pulse|p2a: Dragonite
|-supereffective|p2a: Dragonite
|-damage|p2a: Dragonite|0 fnt
|faint|p2a: Dragonite
|
|-weather|SunnyDay|[upkeep]
|upkeep
|
|t:|1760760511
|switch|p2a: Torkoal|Torkoal, F|17/100
|turn|22
|inactive|stevstacks has 120 seconds left.
|inactive|gang696969 has 120 seconds left.
|l|☆stevstacks
|inactive|stevstacks disconnected and has a minute to reconnect!
|player|p1|
|j|☆stevstacks
|inactive|stevstacks reconnected and has 95 seconds left.
|player|p1|stevstacks|102|
|inactive|stevstacks has 90 seconds left.
|
|t:|1760760577
|switch|p2a: Kingambit|Kingambit, F|100/100
|-activate|p2a: Kingambit|ability: Supreme Overlord
|-start|p2a: Kingambit|fallen4|[silent]
|move|p1a: 2hollis|Thunderbolt|p2a: Kingambit
|-damage|p2a: Kingambit|5/100
|
|-weather|SunnyDay|[upkeep]
|upkeep
|turn|23
|inactive|gang696969 has 120 seconds left.
|
|t:|1760760588
|move|p2a: Kingambit|Sucker Punch|p1a: 2hollis
|-damage|p1a: 2hollis|51/100
|move|p1a: 2hollis|Thunderbolt|p2a: Kingambit
|-damage|p2a: Kingambit|0 fnt
|faint|p2a: Kingambit
|-end|p2a: Kingambit|fallen4|[silent]
|
|-weather|SunnyDay|[upkeep]
|upkeep
|
|t:|1760760597
|switch|p2a: Torkoal|Torkoal, F|17/100
|turn|24
|
|t:|1760760601
|move|p1a: 2hollis|Thunderclap|p2a: Torkoal
|-damage|p2a: Torkoal|0 fnt
|faint|p2a: Torkoal
|
|win|stevstacks
|raw|stevstacks's rating: 1537 &rarr; <strong>1556</strong><br />(+19 for winning)
|raw|gang696969's rating: 1514 &rarr; <strong>1495</strong><br />(-19 for losing)
|l|☆stevstacks
|player|p1|
