|j|☆fulcrumz
|j|☆bbygrinch
|t:|1760852865
|gametype|singles
|player|p1|fulcrumz|102|1243
|player|p2|bbygrinch|hugh|1285
|gen|9
|tier|[Gen 9] OU
|rated|
|rule|HP Percentage Mod: HP is shown in percentages
|rule|Endless Battle Clause: Forcing endless battles is banned
|rule|Species Clause: Limit one of each Pokémon
|rule|OHKO Clause: OHKO moves are banned
|rule|Evasion Items Clause: Evasion items are banned
|rule|Evasion Moves Clause: Evasion moves are banned
|rule|Evasion Abilities Clause: Evasion abilities are banned
|rule|Sleep Moves Clause: Sleep-inducing moves are banned
|clearpoke
|poke|p1|Feraligatr, M|
|poke|p1|Incineroar, F|
|poke|p1|Rillaboom, F|
|poke|p1|Primarina, M|
|poke|p1|Venusaur, F|
|poke|p1|Skeledirge, M|
|poke|p2|Dragonite, M|
|poke|p2|Weavile, F|
|poke|p2|Gliscor, F|
|poke|p2|Rotom-Wash|
|poke|p2|Gholdengo|
|poke|p2|Great Tusk|
|teampreview
|inactive|Battle timer is ON: inactive players will automatically lose when time's up. (requested by fulcrumz)
|
|t:|1760852886
|teamsize|p1|6
|teamsize|p2|6
|start
|switch|p1a: Incineroar|Incineroar, F|100/100
|switch|p2a: luca|Gholdengo|100/100
|-ability|p1a: Incineroar|Intimidate|boost
|-unboost|p2a: luca|atk|1
|turn|1
|
|t:|1760852897
|switch|p2a: ani|Rotom-Wash, shiny|100/100
|move|p1a: Incineroar|Sunny Day|p1a: Incineroar
|-weather|SunnyDay
|
|-weather|SunnyDay|[upkeep]
|upkeep
|turn|2
|
|t:|1760852903
|switch|p1a: Venusaur|Venusaur, F|100/100
|move|p2a: ani|Volt Switch|p1a: Venusaur
|-resisted|p1a: Venusaur
|-damage|p1a: Venusaur|81/100
|
|t:|1760852922
|switch|p2a: gui|Dragonite, M|100/100|[from] Volt Switch
|
|-weather|SunnyDay|[upkeep]
|upkeep
|turn|3
|
|t:|1760852926
|-terastallize|p1a: Venusaur|Fairy
|move|p1a: Venusaur|Tera Blast|p2a: gui|[anim] Tera Blast Fairy
|-supereffective|p2a: gui
|-damage|p2a: gui|44/100
|-enditem|p2a: gui|Weakness Policy
|-boost|p2a: gui|atk|2|[from] item: Weakness Policy
|-boost|p2a: gui|spa|2|[from] item: Weakness Policy
|-damage|p1a: Venusaur|71/100|[from] item: Life Orb
|move|p2a: gui|Dragon Dance|p2a: gui
|-boost|p2a: gui|atk|1
|-boost|p2a: gui|spe|1
|
|-weather|SunnyDay|[upkeep]
|upkeep
|turn|4
|
|t:|1760852943
|-terastallize|p2a: gui|Steel
|move|p1a: Venusaur|Tera Blast|p2a: gui|[anim] Tera Blast Fairy
|-resisted|p2a: gui
|-damage|p2a: gui|18/100
|-damage|p1a: Venusaur|61/100|[from] item: Life Orb
|move|p2a: gui|Iron Head|p1a: Venusaur
|-supereffective|p1a: Venusaur
|-damage|p1a: Venusaur|0 fnt
|faint|p1a: Venusaur
|
|-weather|SunnyDay|[upkeep]
|upkeep
|
|t:|1760852948
|switch|p1a: Rillaboom|Rillaboom, F|100/100
|-fieldstart|move: Grassy Terrain|[from] ability: Grassy Surge|[of] p1a: Rillaboom
|turn|5
|
|t:|1760852960
|move|p1a: Rillaboom|Grassy Glide|p2a: gui
|-resisted|p2a: gui
|-damage|p2a: gui|0 fnt
|faint|p2a: gui
|-damage|p1a: Rillaboom|91/100|[from] item: Life Orb
|
|-weather|SunnyDay|[upkeep]
|-heal|p1a: Rillaboom|97/100|[from] Grassy Terrain
|upkeep
|
|t:|1760852974
|switch|p2a: nugget|Weavile, F, shiny|100/100
|-ability|p2a: nugget|Pressure
|turn|6
|
|t:|1760852979
|move|p2a: nugget|Knock Off|p1a: Rillaboom
|-damage|p1a: Rillaboom|32/100
|-enditem|p1a: Rillaboom|Life Orb|[from] move: Knock Off|[of] p2a: nugget
|-damage|p2a: nugget|91/100|[from] item: Life Orb
|move|p1a: Rillaboom|Swords Dance|p1a: Rillaboom
|-boost|p1a: Rillaboom|atk|2
|
|-weather|SunnyDay|[upkeep]
|-heal|p2a: nugget|97/100|[from] Grassy Terrain
|-heal|p1a: Rillaboom|39/100|[from] Grassy Terrain
|upkeep
|turn|7
|
|t:|1760853000
|switch|p2a: ani|Rotom-Wash, shiny|100/100
|move|p1a: Rillaboom|Grassy Glide|p2a: ani
|-supereffective|p2a: ani
|-damage|p2a: ani|0 fnt
|faint|p2a: ani
|
|-weather|SunnyDay|[upkeep]
|-heal|p1a: Rillaboom|45/100|[from] Grassy Terrain
|upkeep
|
|t:|1760853011
|switch|p2a: luca|Gholdengo|100/100
|turn|8
|
|t:|1760853020
|move|p1a: Rillaboom|Grassy Glide|p2a: luca
|-resisted|p2a: luca
|-damage|p2a: luca|56/100
|move|p2a: luca|Trick|p1a: Rillaboom
|-activate|p2a: luca|move: Trick|[of] p1a: Rillaboom
|-item|p1a: Rillaboom|Choice Scarf|[from] move: Trick
|-enditem|p2a: luca|Choice Scarf|[silent]|[from] move: Trick
|
|-weather|none
|-heal|p1a: Rillaboom|51/100|[from] Grassy Terrain
|-heal|p2a: luca|62/100|[from] Grassy Terrain
|upkeep
|turn|9
|
|t:|1760853029
|move|p1a: Rillaboom|High Horsepower|p2a: luca
|-supereffective|p2a: luca
|-damage|p2a: luca|0 fnt
|faint|p2a: luca
|
|-heal|p1a: Rillaboom|57/100|[from] Grassy Terrain
|-fieldend|move: Grassy Terrain
|upkeep
|
|t:|1760853038
|switch|p2a: francis|Gliscor, F, shiny|100/100
|turn|10
|
|t:|1760853043
|switch|p1a: Feraligatr|Feraligatr, M|100/100
|move|p2a: francis|Stealth Rock|p1a: Feraligatr
|-sidestart|p1: fulcrumz|move: Stealth Rock
|
|-status|p2a: francis|tox|[from] item: Toxic Orb
|upkeep
|turn|11
|
|t:|1760853051
|move|p2a: francis|Protect|p2a: francis
|-singleturn|p2a: francis|Protect
|move|p1a: Feraligatr|Ice Punch|p2a: francis
|-activate|p2a: francis|move: Protect
|
|upkeep
|turn|12
|
|t:|1760853059
|move|p2a: francis|Knock Off|p1a: Feraligatr
|-damage|p1a: Feraligatr|71/100
|-enditem|p1a: Feraligatr|Life Orb|[from] move: Knock Off|[of] p2a: francis
|move|p1a: Feraligatr|Liquidation|p2a: francis
|-supereffective|p2a: francis
|-damage|p2a: francis|5/100 tox
|
|-heal|p2a: francis|17/100 tox|[from] ability: Poison Heal
|upkeep
|turn|13
|
|t:|1760853069
|move|p2a: francis|Earthquake|p1a: Feraligatr
|-damage|p1a: Feraligatr|28/100
|move|p1a: Feraligatr|Dragon Dance|p1a: Feraligatr
|-boost|p1a: Feraligatr|atk|1
|-boost|p1a: Feraligatr|spe|1
|
|-heal|p2a: francis|30/100 tox|[from] ability: Poison Heal
|upkeep
|turn|14
|
|t:|1760853081
|move|p1a: Feraligatr|Liquidation|p2a: francis
|-supereffective|p2a: francis
|-damage|p2a: francis|0 fnt
|faint|p2a: francis
|
|upkeep
|
|t:|1760853088
|switch|p2a: manny|Great Tusk|100/100
|-enditem|p2a: manny|Booster Energy
|-activate|p2a: manny|ability: Protosynthesis|[fromitem]
|-start|p2a: manny|protosynthesisatk
|turn|15
|
|t:|1760853095
|move|p1a: Feraligatr|Liquidation|p2a: manny
|-supereffective|p2a: manny
|-damage|p2a: manny|0 fnt
|faint|p2a: manny
|-end|p2a: manny|Protosynthesis|[silent]
|
|upkeep
|
|t:|1760853118
|switch|p2a: nugget|Weavile, F, shiny|97/100
|-ability|p2a: nugget|Pressure
|turn|16
|-message|bbygrinch forfeited.
|
|win|fulcrumz
|raw|fulcrumz's rating: 1243 &rarr; <strong>1271</strong><br />(+28 for winning)
|raw|bbygrinch's rating: 1285 &rarr; <strong>1257</strong><br />(-28 for losing)
|l|☆bbygrinch
|player|p2|
|l|☆fulcrumz
|player|p1|
