|j|☆SleepyEevie
|j|☆yonderfarer
|t:|1760801460
|gametype|singles
|player|p1|SleepyEevie|lady|1298
|player|p2|yonderfarer|blue|1247
|gen|9
|tier|[Gen 9] OU
|rated|
|rule|HP Percentage Mod: HP is shown in percentages
|rule|Endless Battle Clause: Forcing endless battles is banned
|rule|Species Clause: Limit one of each Pokémon
|rule|OHKO Clause: OHKO moves are banned
|rule|Evasion Items Clause: Evasion items are banned
|rule|Evasion Moves Clause: Evasion moves are banned
|rule|Evasion Abilities Clause: Evasion abilities are banned
|rule|Sleep Moves Clause: Sleep-inducing moves are banned
|clearpoke
|poke|p1|Lycanroc-Dusk, F|
|poke|p1|Great Tusk|
|poke|p1|Iron Crown|
|poke|p1|Moltres|
|poke|p1|Ogerpon-Wellspring, F|
|poke|p1|Raging Bolt|
|poke|p2|Hatterene, F|
|poke|p2|Iron Crown|
|poke|p2|Darkrai|
|poke|p2|Golurk|
|poke|p2|Quaquaval, F|
|poke|p2|Raging Bolt|
|teampreview
|inactive|Battle timer is ON: inactive players will automatically lose when time's up. (requested by SleepyEevie)
|
|t:|1760801476
|teamsize|p1|6
|teamsize|p2|6
|start
|switch|p1a: Lycanroc|Lycanroc-Dusk, F, shiny|100/100
|switch|p2a: Quaquaval|Quaquaval, F|100/100
|turn|1
|
|t:|1760801484
|move|p1a: Lycanroc|Stealth Rock|p2a: Quaquaval
|-sidestart|p2: yonderfarer|move: Stealth Rock
|move|p2a: Quaquaval|Aqua Step|p1a: Lycanroc
|-supereffective|p1a: Lycanroc
|-enditem|p1a: Lycanroc|Focus Sash
|-damage|p1a: Lycanroc|1/100
|-boost|p2a: Quaquaval|spe|1
|
|upkeep
|turn|2
|
|t:|1760801489
|move|p1a: Lycanroc|Accelerock|p2a: Quaquaval
|-resisted|p2a: Quaquaval
|-damage|p2a: Quaquaval|84/100
|move|p2a: Quaquaval|Aqua Step|p1a: Lycanroc
|-supereffective|p1a: Lycanroc
|-damage|p1a: Lycanroc|0 fnt
|-boost|p2a: Quaquaval|spe|1
|faint|p1a: Lycanroc
|-ability|p2a: Quaquaval|Moxie|boost
|-boost|p2a: Quaquaval|atk|1
|
|upkeep
|
|t:|1760801498
|switch|p1a: Ogerpon|Ogerpon-Wellspring, F|100/100
|turn|3
|
|t:|1760801503
|switch|p2a: Raging Bolt|Raging Bolt|100/100
|-damage|p2a: Raging Bolt|88/100|[from] Stealth Rock
|move|p1a: Ogerpon|Horn Leech|p2a: Raging Bolt
|-resisted|p2a: Raging Bolt
|-damage|p2a: Raging Bolt|69/100
|
|upkeep
|turn|4
|
|t:|1760801514
|switch|p1a: Great Tusk|Great Tusk, shiny|100/100
|move|p2a: Raging Bolt|Draco Meteor|p1a: Great Tusk
|-damage|p1a: Great Tusk|0 fnt
|-unboost|p2a: Raging Bolt|spa|2
|faint|p1a: Great Tusk
|-end|p1a: Great Tusk|Protosynthesis|[silent]
|
|upkeep
|
|t:|1760801521
|switch|p1a: Iron Crown|Iron Crown|100/100
|-enditem|p1a: Iron Crown|Booster Energy
|-activate|p1a: Iron Crown|ability: Quark Drive|[fromitem]
|-start|p1a: Iron Crown|quarkdrivespe
|turn|5
|
|t:|1760801541
|-end|p2a: Raging Bolt|Protosynthesis|[silent]
|switch|p2a: Golurk|Golurk|100/100
|-damage|p2a: Golurk|94/100|[from] Stealth Rock
|move|p1a: Iron Crown|Calm Mind|p1a: Iron Crown
|-boost|p1a: Iron Crown|spa|1
|-boost|p1a: Iron Crown|spd|1
|
|upkeep
|turn|6
|inactive|SleepyEevie has 120 seconds left.
|
|t:|1760801578
|-terastallize|p1a: Iron Crown|Water
|move|p1a: Iron Crown|Tachyon Cutter|p2a: Golurk
|-damage|p2a: Golurk|69/100
|-damage|p2a: Golurk|43/100
|-hitcount|p2a: Golurk|2
|move|p2a: Golurk|Poltergeist||[still]
|-fail|p2a: Golurk
|
|upkeep
|turn|7
|inactive|SleepyEevie has 120 seconds left.
|inactive|yonderfarer has 120 seconds left.
|
|t:|1760801615
|move|p1a: Iron Crown|Tachyon Cutter|p2a: Golurk
|-crit|p2a: Golurk
|-damage|p2a: Golurk|6/100
|-damage|p2a: Golurk|0 fnt
|faint|p2a: Golurk
|-hitcount|p2: Golurk|2
|
|upkeep
|
|t:|1760801623
|switch|p2a: Raging Bolt|Raging Bolt|69/100
|-damage|p2a: Raging Bolt|56/100|[from] Stealth Rock
|turn|8
|inactive|SleepyEevie has 120 seconds left.
|
|t:|1760801650
|move|p1a: Iron Crown|Psyshock|p2a: Raging Bolt
|-damage|p2a: Raging Bolt|8/100
|move|p2a: Raging Bolt|Volt Switch|p1a: Iron Crown
|-supereffective|p1a: Iron Crown
|-damage|p1a: Iron Crown|29/100
|inactive|yonderfarer has 120 seconds left.
|
|t:|1760801663
|-end|p2a: Raging Bolt|Protosynthesis|[silent]
|switch|p2a: Quaquaval|Quaquaval, F|84/100|[from] Volt Switch
|-damage|p2a: Quaquaval|78/100|[from] Stealth Rock
|
|upkeep
|turn|9
|
|t:|1760801668
|-terastallize|p2a: Quaquaval|Water
|move|p1a: Iron Crown|Psyshock|p2a: Quaquaval
|-damage|p2a: Quaquaval|2/100
|move|p2a: Quaquaval|Aqua Step|p1a: Iron Crown
|-resisted|p1a: Iron Crown
|-damage|p1a: Iron Crown|0 fnt
|-boost|p2a: Quaquaval|spe|1
|faint|p1a: Iron Crown
|-end|p1a: Iron Crown|Quark Drive|[silent]
|-ability|p2a: Quaquaval|Moxie|boost
|-boost|p2a: Quaquaval|atk|1
|
|upkeep
|
|t:|1760801676
|switch|p1a: Raging Bolt|Raging Bolt|100/100
|turn|10
|l|☆yonderfarer
|inactive|yonderfarer disconnected and has a minute to reconnect!
|player|p2|
|inactive|yonderfarer has 30 seconds to reconnect!
|inactive|yonderfarer has 20 seconds to reconnect!
|inactive|yonderfarer has 15 seconds to reconnect!
|inactive|yonderfarer has 10 seconds to reconnect!
|inactive|yonderfarer has 5 seconds to reconnect!
|-message|yonderfarer lost due to inactivity.
|
|win|SleepyEevie
|raw|SleepyEevie's rating: 1298 &rarr; <strong>1319</strong><br />(+21 for winning)
|raw|yonderfarer's rating: 1247 &rarr; <strong>1226</strong><br />(-21 for losing)
