|j|☆yesterdaymister
|j|☆N_Alder
|t:|1760852903
|gametype|singles
|player|p1|yesterdaymister|striker|1599
|player|p2|N_Alder|shadowtriad|1576
|gen|9
|tier|[Gen 9] OU
|rated|
|rule|HP Percentage Mod: HP is shown in percentages
|rule|Endless Battle Clause: Forcing endless battles is banned
|rule|Species Clause: Limit one of each Pokémon
|rule|OHKO Clause: OHKO moves are banned
|rule|Evasion Items Clause: Evasion items are banned
|rule|Evasion Moves Clause: Evasion moves are banned
|rule|Evasion Abilities Clause: Evasion abilities are banned
|rule|Sleep Moves Clause: Sleep-inducing moves are banned
|clearpoke
|poke|p1|Ninetales, F|
|poke|p1|Ceruledge, M|
|poke|p1|Venusaur, M|
|poke|p1|Hatterene, F|
|poke|p1|Great Tusk|
|poke|p1|Walking Wake|
|poke|p2|Tornadus-Therian, M|
|poke|p2|Iron Valiant|
|poke|p2|Pecharunt|
|poke|p2|Ting-Lu|
|poke|p2|Raging Bolt|
|poke|p2|Ogerpon-Wellspring, F|
|teampreview
|inactive|Battle timer is ON: inactive players will automatically lose when time's up. (requested by N_Alder)
|inactive|yesterdaymister also wants the timer to be on.
|
|t:|1760852921
|teamsize|p1|6
|teamsize|p2|6
|start
|switch|p1a: arda guler|Ninetales, F|100/100
|switch|p2a: Raging Bolt|Raging Bolt|100/100
|-weather|SunnyDay|[from] ability: Drought|[of] p1a: arda guler
|-activate|p2a: Raging Bolt|ability: Protosynthesis
|-start|p2a: Raging Bolt|protosynthesisspa
|turn|1
|
|t:|1760852928
|switch|p1a: mignolet|Great Tusk|100/100
|-activate|p1a: mignolet|ability: Protosynthesis
|-start|p1a: mignolet|protosynthesisspe
|move|p2a: Raging Bolt|Calm Mind|p2a: Raging Bolt
|-boost|p2a: Raging Bolt|spa|1
|-boost|p2a: Raging Bolt|spd|1
|
|-weather|SunnyDay|[upkeep]
|upkeep
|turn|2
|
|t:|1760852934
|move|p1a: mignolet|Headlong Rush|p2a: Raging Bolt
|-supereffective|p2a: Raging Bolt
|-damage|p2a: Raging Bolt|19/100
|-unboost|p1a: mignolet|def|1
|-unboost|p1a: mignolet|spd|1
|move|p2a: Raging Bolt|Dragon Pulse|p1a: mignolet
|-damage|p1a: mignolet|0 fnt
|faint|p1a: mignolet
|-end|p1a: mignolet|Protosynthesis|[silent]
|
|-weather|SunnyDay|[upkeep]
|-heal|p2a: Raging Bolt|25/100|[from] item: Leftovers
|upkeep
|
|t:|1760852944
|switch|p1a: hans vanaken|Venusaur, M|100/100
|turn|3
|l|☆N_Alder
|inactive|N_Alder disconnected and has a minute to reconnect!
|player|p2|
|j|☆N_Alder
|inactive|N_Alder reconnected and has 150 seconds left.
|player|p2|N_Alder|shadowtriad|
|
|t:|1760852951
|move|p1a: hans vanaken|Sludge Bomb|p2a: Raging Bolt
|-damage|p2a: Raging Bolt|0 fnt
|faint|p2a: Raging Bolt
|-end|p2a: Raging Bolt|Protosynthesis|[silent]
|-damage|p1a: hans vanaken|91/100|[from] item: Life Orb
|
|-weather|SunnyDay|[upkeep]
|upkeep
|
|t:|1760852956
|switch|p2a: Tornadus|Tornadus-Therian, M, shiny|100/100
|turn|4
|
|t:|1760852964
|-terastallize|p1a: hans vanaken|Fire
|move|p1a: hans vanaken|Growth|p1a: hans vanaken
|-boost|p1a: hans vanaken|atk|2
|-boost|p1a: hans vanaken|spa|2
|move|p2a: Tornadus|Heat Wave|p1a: hans vanaken
|-resisted|p1a: hans vanaken
|-damage|p1a: hans vanaken|64/100
|
|-weather|SunnyDay|[upkeep]
|upkeep
|turn|5
|
|t:|1760852975
|switch|p2a: Pecharunt|Pecharunt|100/100
|move|p1a: hans vanaken|Weather Ball|p2a: Pecharunt
|-damage|p2a: Pecharunt|0 fnt
|faint|p2a: Pecharunt
|-damage|p1a: hans vanaken|54/100|[from] item: Life Orb
|
|-weather|SunnyDay|[upkeep]
|upkeep
|
|t:|1760852984
|switch|p2a: Ting-Lu|Ting-Lu|100/100
|-ability|p2a: Ting-Lu|Vessel of Ruin
|turn|6
|
|t:|1760852990
|move|p1a: hans vanaken|Giga Drain|p2a: Ting-Lu
|-supereffective|p2a: Ting-Lu
|-damage|p2a: Ting-Lu|0 fnt
|-heal|p1a: hans vanaken|100/100|[from] drain|[of] p2a: Ting-Lu
|faint|p2a: Ting-Lu
|-damage|p1a: hans vanaken|91/100|[from] item: Life Orb
|
|-weather|SunnyDay|[upkeep]
|upkeep
|
|t:|1760852994
|switch|p2a: Ogerpon|Ogerpon-Wellspring, F|100/100
|turn|7
|
|t:|1760853000
|move|p1a: hans vanaken|Giga Drain|p2a: Ogerpon
|-damage|p2a: Ogerpon|0 fnt
|-heal|p1a: hans vanaken|100/100|[from] drain|[of] p2a: Ogerpon
|faint|p2a: Ogerpon
|-damage|p1a: hans vanaken|91/100|[from] item: Life Orb
|
|-weather|SunnyDay|[upkeep]
|upkeep
|
|t:|1760853002
|switch|p2a: Tornadus|Tornadus-Therian, M, shiny|100/100
|turn|8
|inactive|yesterdaymister no longer wants the timer on, but the timer is staying on because nalder still does.
|
|t:|1760853007
|move|p1a: hans vanaken|Weather Ball|p2a: Tornadus
|-damage|p2a: Tornadus|0 fnt
|faint|p2a: Tornadus
|-damage|p1a: hans vanaken|81/100|[from] item: Life Orb
|
|-weather|none
|upkeep
|
|t:|1760853010
|switch|p2a: Iron Valiant|Iron Valiant, shiny|100/100
|-enditem|p2a: Iron Valiant|Booster Energy
|-activate|p2a: Iron Valiant|ability: Quark Drive|[fromitem]
|-start|p2a: Iron Valiant|quarkdrivespe
|turn|9
|
|t:|1760853015
|move|p2a: Iron Valiant|Close Combat|p1a: hans vanaken
|-damage|p1a: hans vanaken|16/100
|-unboost|p2a: Iron Valiant|def|1
|-unboost|p2a: Iron Valiant|spd|1
|move|p1a: hans vanaken|Giga Drain|p2a: Iron Valiant
|-damage|p2a: Iron Valiant|0 fnt
|-heal|p1a: hans vanaken|65/100|[from] drain|[of] p2a: Iron Valiant
|faint|p2a: Iron Valiant
|-end|p2a: Iron Valiant|Quark Drive|[silent]
|-damage|p1a: hans vanaken|55/100|[from] item: Life Orb
|
|win|yesterdaymister
|raw|yesterdaymister's rating: 1599 &rarr; <strong>1618</strong><br />(+19 for winning)
|raw|N_Alder's rating: 1576 &rarr; <strong>1557</strong><br />(-19 for losing)
|l|☆N_Alder
|player|p2|
|l|☆yesterdaymister
|player|p1|
