|j|‽grillmaster42107
|j|☆Oxymore25
|t:|1760741234
|gametype|singles
|player|p1|grillmaster42107|1|1248
|player|p2|Oxymore25|101|1272
|gen|9
|tier|[Gen 9] OU
|rated|
|rule|HP Percentage Mod: HP is shown in percentages
|rule|Endless Battle Clause: Forcing endless battles is banned
|rule|Species Clause: Limit one of each Pokémon
|rule|OHKO Clause: OHKO moves are banned
|rule|Evasion Items Clause: Evasion items are banned
|rule|Evasion Moves Clause: Evasion moves are banned
|rule|Evasion Abilities Clause: Evasion abilities are banned
|rule|Sleep Moves Clause: Sleep-inducing moves are banned
|clearpoke
|poke|p1|Great Tusk|
|poke|p1|Dragonite, M|
|poke|p1|Gholdengo|
|poke|p1|Iron Treads|
|poke|p1|Rotom-Wash|
|poke|p1|Dragapult, M|
|poke|p2|Deoxys-Speed|
|poke|p2|Gholdengo|
|poke|p2|Iron Treads|
|poke|p2|Dragonite, F|
|poke|p2|Iron Moth|
|poke|p2|Samurott-Hisui, F|
|teampreview
|inactive|Battle timer is ON: inactive players will automatically lose when time's up. (requested by grillmaster42107)
|
|t:|1760741257
|teamsize|p1|6
|teamsize|p2|6
|start
|switch|p1a: Iron Treads|Iron Treads|100/100
|switch|p2a: Iron Treads|Iron Treads|100/100
|-enditem|p2a: Iron Treads|Booster Energy
|-activate|p2a: Iron Treads|ability: Quark Drive|[fromitem]
|-start|p2a: Iron Treads|quarkdrivespe
|-enditem|p1a: Iron Treads|Booster Energy
|-activate|p1a: Iron Treads|ability: Quark Drive|[fromitem]
|-start|p1a: Iron Treads|quarkdrivespe
|turn|1
|
|t:|1760741267
|-terastallize|p1a: Iron Treads|Water
|move|p1a: Iron Treads|Stealth Rock|p2a: Iron Treads
|-sidestart|p2: Oxymore25|move: Stealth Rock
|move|p2a: Iron Treads|Rapid Spin|p1a: Iron Treads
|-damage|p1a: Iron Treads|88/100
|-boost|p2a: Iron Treads|spe|1
|-sideend|p2: Oxymore25|Stealth Rock|[from] move: Rapid Spin|[of] p2a: Iron Treads
|
|upkeep
|turn|2
|
|t:|1760741281
|move|p2a: Iron Treads|Stealth Rock|p1a: Iron Treads
|-sidestart|p1: grillmaster42107|move: Stealth Rock
|move|p1a: Iron Treads|Stealth Rock|p2a: Iron Treads
|-sidestart|p2: Oxymore25|move: Stealth Rock
|
|upkeep
|turn|3
|
|t:|1760741286
|move|p2a: Iron Treads|Earthquake|p1a: Iron Treads
|-damage|p1a: Iron Treads|52/100
|move|p1a: Iron Treads|Rapid Spin|p2a: Iron Treads
|-resisted|p2a: Iron Treads
|-damage|p2a: Iron Treads|95/100
|-boost|p1a: Iron Treads|spe|1
|-sideend|p1: grillmaster42107|Stealth Rock|[from] move: Rapid Spin|[of] p1a: Iron Treads
|
|upkeep
|turn|4
|
|t:|1760741294
|move|p1a: Iron Treads|Earthquake|p2a: Iron Treads
|-supereffective|p2a: Iron Treads
|-damage|p2a: Iron Treads|25/100
|move|p2a: Iron Treads|Earthquake|p1a: Iron Treads
|-damage|p1a: Iron Treads|20/100
|
|upkeep
|turn|5
|
|t:|1760741304
|-end|p2a: Iron Treads|Quark Drive|[silent]
|switch|p2a: Gholdengo|Gholdengo|100/100
|-damage|p2a: Gholdengo|94/100|[from] Stealth Rock
|-item|p2a: Gholdengo|Air Balloon
|move|p1a: Iron Treads|Earthquake|p2a: Gholdengo
|-immune|p2a: Gholdengo
|
|upkeep
|turn|6
|
|t:|1760741313
|move|p1a: Iron Treads|Iron Head|p2a: Gholdengo
|-resisted|p2a: Gholdengo
|-damage|p2a: Gholdengo|82/100
|-enditem|p2a: Gholdengo|Air Balloon
|move|p2a: Gholdengo|Nasty Plot|p2a: Gholdengo
|-boost|p2a: Gholdengo|spa|2
|
|upkeep
|turn|7
|
|t:|1760741325
|move|p1a: Iron Treads|Earthquake|p2a: Gholdengo
|-supereffective|p2a: Gholdengo
|-damage|p2a: Gholdengo|21/100
|move|p2a: Gholdengo|Shadow Ball|p1a: Iron Treads
|-damage|p1a: Iron Treads|0 fnt
|faint|p1a: Iron Treads
|-end|p1a: Iron Treads|Quark Drive|[silent]
|
|upkeep
|
|t:|1760741339
|switch|p1a: Dragapult|Dragapult, M|100/100
|turn|8
|
|t:|1760741353
|move|p1a: Dragapult|Shadow Ball|p2a: Gholdengo
|-supereffective|p2a: Gholdengo
|-damage|p2a: Gholdengo|0 fnt
|faint|p2a: Gholdengo
|
|upkeep
|
|t:|1760741364
|switch|p2a: Samurott|Samurott-Hisui, F|100/100
|-damage|p2a: Samurott|88/100|[from] Stealth Rock
|turn|9
|
|t:|1760741376
|switch|p1a: Rotom|Rotom-Wash|100/100
|move|p2a: Samurott|Ceaseless Edge|p1a: Rotom
|-damage|p1a: Rotom|54/100
|-sidestart|p1: grillmaster42107|Spikes
|
|upkeep
|turn|10
|
|t:|1760741388
|switch|p2a: Iron Treads|Iron Treads|25/100
|-damage|p2a: Iron Treads|22/100|[from] Stealth Rock
|move|p1a: Rotom|Will-O-Wisp|p2a: Iron Treads
|-status|p2a: Iron Treads|brn
|
|-damage|p2a: Iron Treads|16/100 brn|[from] brn
|upkeep
|turn|11
|
|t:|1760741400
|switch|p1a: Dragonite|Dragonite, M|100/100
|move|p2a: Iron Treads|Rapid Spin|p1a: Dragonite
|-damage|p1a: Dragonite|97/100
|-boost|p2a: Iron Treads|spe|1
|-sideend|p2: Oxymore25|Stealth Rock|[from] move: Rapid Spin|[of] p2a: Iron Treads
|
|-damage|p2a: Iron Treads|10/100 brn|[from] brn
|upkeep
|turn|12
|
|t:|1760741412
|move|p2a: Iron Treads|Stealth Rock|p1a: Dragonite
|-sidestart|p1: grillmaster42107|move: Stealth Rock
|move|p1a: Dragonite|Dragon Dance|p1a: Dragonite
|-boost|p1a: Dragonite|atk|1
|-boost|p1a: Dragonite|spe|1
|
|-damage|p2a: Iron Treads|4/100 brn|[from] brn
|upkeep
|turn|13
|
|t:|1760741420
|move|p2a: Iron Treads|Knock Off|p1a: Dragonite
|-damage|p1a: Dragonite|83/100
|-enditem|p1a: Dragonite|Life Orb|[from] move: Knock Off|[of] p2a: Iron Treads
|move|p1a: Dragonite|Dragon Dance|p1a: Dragonite
|-boost|p1a: Dragonite|atk|1
|-boost|p1a: Dragonite|spe|1
|
|-damage|p2a: Iron Treads|0 fnt|[from] brn
|faint|p2a: Iron Treads
|-end|p2a: Iron Treads|Quark Drive|[silent]
|upkeep
|inactive|Oxymore25 has 120 seconds left.
|
|t:|1760741456
|switch|p2a: Deoxys|Deoxys-Speed|100/100
|-ability|p2a: Deoxys|Pressure
|turn|14
|
|t:|1760741467
|move|p1a: Dragonite|Dragon Claw|p2a: Deoxys
|-damage|p2a: Deoxys|0 fnt
|faint|p2a: Deoxys
|
|upkeep
|
|t:|1760741475
|switch|p2a: Samurott|Samurott-Hisui, F|88/100
|turn|15
|
|t:|1760741480
|move|p1a: Dragonite|Dragon Claw|p2a: Samurott
|-damage|p2a: Samurott|0 fnt
|faint|p2a: Samurott
|
|upkeep
|
|t:|1760741487
|switch|p2a: Dragonite|Dragonite, F|100/100
|turn|16
|
|t:|1760741492
|-terastallize|p2a: Dragonite|Normal
|move|p1a: Dragonite|Dragon Claw|p2a: Dragonite
|-damage|p2a: Dragonite|48/100
|move|p2a: Dragonite|Dragon Dance|p2a: Dragonite
|-boost|p2a: Dragonite|atk|1
|-boost|p2a: Dragonite|spe|1
|
|upkeep
|turn|17
|
|t:|1760741501
|move|p2a: Dragonite|Extreme Speed|p1a: Dragonite
|-damage|p1a: Dragonite|16/100
|move|p1a: Dragonite|Dragon Claw|p2a: Dragonite
|-damage|p2a: Dragonite|0 fnt
|faint|p2a: Dragonite
|
|upkeep
|
|t:|1760741509
|switch|p2a: Iron Moth|Iron Moth|100/100
|-enditem|p2a: Iron Moth|Booster Energy
|-activate|p2a: Iron Moth|ability: Quark Drive|[fromitem]
|-start|p2a: Iron Moth|quarkdrivespe
|turn|18
|
|t:|1760741517
|move|p2a: Iron Moth|Fiery Dance|p1a: Dragonite
|-resisted|p1a: Dragonite
|-damage|p1a: Dragonite|0 fnt
|-boost|p2a: Iron Moth|spa|1
|faint|p1a: Dragonite
|
|upkeep
|inactive|grillmaster42107 has 120 seconds left.
|
|t:|1760741551
|switch|p1a: Great Tusk|Great Tusk|100/100
|-damage|p1a: Great Tusk|88/100|[from] Spikes
|-damage|p1a: Great Tusk|85/100|[from] Stealth Rock
|-enditem|p1a: Great Tusk|Booster Energy
|-activate|p1a: Great Tusk|ability: Protosynthesis|[fromitem]
|-start|p1a: Great Tusk|protosynthesisatk
|turn|19
|
|t:|1760741558
|move|p2a: Iron Moth|Fiery Dance|p1a: Great Tusk
|-damage|p1a: Great Tusk|0 fnt
|-boost|p2a: Iron Moth|spa|1
|faint|p1a: Great Tusk
|-end|p1a: Great Tusk|Protosynthesis|[silent]
|
|upkeep
|
|t:|1760741565
|switch|p1a: Dragapult|Dragapult, M|100/100
|-damage|p1a: Dragapult|88/100|[from] Spikes
|-damage|p1a: Dragapult|76/100|[from] Stealth Rock
|turn|20
|
|t:|1760741574
|move|p2a: Iron Moth|Sludge Wave|p1a: Dragapult
|-resisted|p1a: Dragapult
|-damage|p1a: Dragapult|7/100
|move|p1a: Dragapult|Draco Meteor|p2a: Iron Moth
|-damage|p2a: Iron Moth|7/100
|-unboost|p1a: Dragapult|spa|2
|
|upkeep
|turn|21
|
|t:|1760741582
|move|p2a: Iron Moth|Fiery Dance|p1a: Dragapult
|-resisted|p1a: Dragapult
|-damage|p1a: Dragapult|0 fnt
|-boost|p2a: Iron Moth|spa|1
|faint|p1a: Dragapult
|
|upkeep
|
|t:|1760741586
|switch|p1a: Rotom|Rotom-Wash|54/100
|-damage|p1a: Rotom|42/100|[from] Stealth Rock
|turn|22
|
|t:|1760741593
|move|p2a: Iron Moth|Sludge Wave|p1a: Rotom
|-damage|p1a: Rotom|0 fnt
|faint|p1a: Rotom
|
|upkeep
|
|t:|1760741594
|switch|p1a: Gholdengo|Gholdengo|100/100
|-damage|p1a: Gholdengo|88/100|[from] Spikes
|-damage|p1a: Gholdengo|82/100|[from] Stealth Rock
|turn|23
|
|t:|1760741602
|move|p2a: Iron Moth|Fiery Dance|p1a: Gholdengo
|-supereffective|p1a: Gholdengo
|-damage|p1a: Gholdengo|0 fnt
|-boost|p2a: Iron Moth|spa|1
|faint|p1a: Gholdengo
|
|win|Oxymore25
|raw|grillmaster42107's rating: 1248 &rarr; <strong>1225</strong><br />(-23 for losing)
|raw|Oxymore25's rating: 1272 &rarr; <strong>1295</strong><br />(+23 for winning)
