|j|☆Joao V9898
|j|☆Down$hift
|t:|1760815970
|gametype|singles
|player|p1|Joao V9898|n|1706
|player|p2|Down$hift|jessiejames-gen1|1722
|gen|9
|tier|[Gen 9] OU
|rated|
|rule|HP Percentage Mod: HP is shown in percentages
|rule|Endless Battle Clause: Forcing endless battles is banned
|rule|Species Clause: Limit one of each Pokémon
|rule|OHKO Clause: OHKO moves are banned
|rule|Evasion Items Clause: Evasion items are banned
|rule|Evasion Moves Clause: Evasion moves are banned
|rule|Evasion Abilities Clause: Evasion abilities are banned
|rule|Sleep Moves Clause: Sleep-inducing moves are banned
|clearpoke
|poke|p1|Indeedee, M|
|poke|p1|Hatterene, F|
|poke|p1|Polteageist-Antique|
|poke|p1|Iron Crown|
|poke|p1|Iron Treads|
|poke|p1|Hawlucha, M|
|poke|p2|Metagross|
|poke|p2|Enamorus, F|
|poke|p2|Raging Bolt|
|poke|p2|Corviknight, F|
|poke|p2|Cinderace, F|
|poke|p2|Ting-Lu|
|teampreview
|inactive|Battle timer is ON: inactive players will automatically lose when time's up. (requested by Down$hift)
|c|☆Down$hift|hf
|inactive|Down$hift has 120 seconds left.
|
|t:|1760816022
|teamsize|p1|6
|teamsize|p2|6
|start
|switch|p1a: Iron Treads|Iron Treads|100/100
|switch|p2a: Ultra Marine Blues|Metagross|100/100
|-enditem|p1a: Iron Treads|Booster Energy
|-activate|p1a: Iron Treads|ability: Quark Drive|[fromitem]
|-start|p1a: Iron Treads|quarkdrivespe
|turn|1
|
|t:|1760816039
|move|p1a: Iron Treads|Stealth Rock|p2a: Ultra Marine Blues
|-sidestart|p2: Down$hift|move: Stealth Rock
|move|p2a: Ultra Marine Blues|Earthquake|p1a: Iron Treads
|-supereffective|p1a: Iron Treads
|-damage|p1a: Iron Treads|0 fnt
|faint|p1a: Iron Treads
|-end|p1a: Iron Treads|Quark Drive|[silent]
|
|upkeep
|
|t:|1760816045
|switch|p1a: Indeedee|Indeedee, M|100/100
|-fieldstart|move: Psychic Terrain|[from] ability: Psychic Surge|[of] p1a: Indeedee
|turn|2
|
|t:|1760816057
|switch|p1a: Hatterene|Hatterene, F|100/100
|switch|p2a: Tokyo Times Ten|Ting-Lu|100/100
|-damage|p2a: Tokyo Times Ten|94/100|[from] Stealth Rock
|-ability|p2a: Tokyo Times Ten|Vessel of Ruin
|
|-heal|p2a: Tokyo Times Ten|100/100|[from] item: Leftovers
|upkeep
|turn|3
|
|t:|1760816064
|switch|p2a: My Station Rock|Cinderace, F|100/100
|move|p1a: Hatterene|Dazzling Gleam|p2a: My Station Rock
|-resisted|p2a: My Station Rock
|-damage|p2a: My Station Rock|80/100
|
|upkeep
|turn|4
|
|t:|1760816068
|move|p2a: My Station Rock|Court Change|p2a: My Station Rock
|-swapsideconditions
|-activate|p2a: My Station Rock|move: Court Change
|move|p1a: Hatterene|Expanding Force|p2a: My Station Rock
|-damage|p2a: My Station Rock|0 fnt
|faint|p2a: My Station Rock
|
|upkeep
|
|t:|1760816073
|switch|p2a: Ultra Marine Blues|Metagross|100/100
|turn|5
|
|t:|1760816076
|move|p2a: Ultra Marine Blues|Heavy Slam|p1a: Hatterene
|-supereffective|p1a: Hatterene
|-damage|p1a: Hatterene|0 fnt
|faint|p1a: Hatterene
|
|upkeep
|
|t:|1760816082
|switch|p1a: Hawlucha|Hawlucha, M|100/100
|-damage|p1a: Hawlucha|88/100|[from] Stealth Rock
|-enditem|p1a: Hawlucha|Psychic Seed
|-boost|p1a: Hawlucha|spd|1|[from] item: Psychic Seed
|turn|6
|
|t:|1760816086
|move|p1a: Hawlucha|Swords Dance|p1a: Hawlucha
|-boost|p1a: Hawlucha|atk|2
|move|p2a: Ultra Marine Blues|Heavy Slam|p1a: Hawlucha
|-damage|p1a: Hawlucha|0 fnt
|faint|p1a: Hawlucha
|
|upkeep
|c|☆Joao V9898|Wtf
|
|t:|1760816097
|switch|p1a: Iron Crown|Iron Crown|100/100
|-damage|p1a: Iron Crown|94/100|[from] Stealth Rock
|-enditem|p1a: Iron Crown|Booster Energy
|-activate|p1a: Iron Crown|ability: Quark Drive|[fromitem]
|-start|p1a: Iron Crown|quarkdrivespe
|turn|7
|
|t:|1760816125
|switch|p2a: Tokyo Times Ten|Ting-Lu|100/100
|-ability|p2a: Tokyo Times Ten|Vessel of Ruin
|move|p1a: Iron Crown|Calm Mind|p1a: Iron Crown
|-boost|p1a: Iron Crown|spa|1
|-boost|p1a: Iron Crown|spd|1
|
|upkeep
|turn|8
|
|t:|1760816129
|-terastallize|p1a: Iron Crown|Fighting
|move|p1a: Iron Crown|Focus Blast|p2a: Tokyo Times Ten
|-supereffective|p2a: Tokyo Times Ten
|-damage|p2a: Tokyo Times Ten|27/100
|move|p2a: Tokyo Times Ten|Earthquake|p1a: Iron Crown
|-damage|p1a: Iron Crown|56/100
|
|-heal|p2a: Tokyo Times Ten|33/100|[from] item: Leftovers
|upkeep
|turn|9
|
|t:|1760816141
|move|p1a: Iron Crown|Focus Blast|p2a: Tokyo Times Ten
|-supereffective|p2a: Tokyo Times Ten
|-damage|p2a: Tokyo Times Ten|0 fnt
|faint|p2a: Tokyo Times Ten
|
|-fieldend|move: Psychic Terrain
|upkeep
|
|t:|1760816147
|switch|p2a: Spiral Blast|Enamorus, F|100/100
|turn|10
|
|t:|1760816150
|move|p2a: Spiral Blast|Moonblast|p1a: Iron Crown
|-supereffective|p1a: Iron Crown
|-damage|p1a: Iron Crown|0 fnt
|faint|p1a: Iron Crown
|-end|p1a: Iron Crown|Quark Drive|[silent]
|
|upkeep
|
|t:|1760816152
|switch|p1a: Indeedee|Indeedee, M|100/100
|-damage|p1a: Indeedee|88/100|[from] Stealth Rock
|-fieldstart|move: Psychic Terrain|[from] ability: Psychic Surge|[of] p1a: Indeedee
|turn|11
|
|t:|1760816172
|switch|p2a: Ultra Marine Blues|Metagross|100/100
|move|p1a: Indeedee|Expanding Force|p2a: Ultra Marine Blues
|-resisted|p2a: Ultra Marine Blues
|-damage|p2a: Ultra Marine Blues|83/100
|
|upkeep
|turn|12
|inactive|Down$hift has 120 seconds left.
|
|t:|1760816200
|move|p1a: Indeedee|Expanding Force|p2a: Ultra Marine Blues
|-resisted|p2a: Ultra Marine Blues
|-damage|p2a: Ultra Marine Blues|66/100
|move|p2a: Ultra Marine Blues|Heavy Slam|p1a: Indeedee
|-damage|p1a: Indeedee|0 fnt
|faint|p1a: Indeedee
|
|upkeep
|
|t:|1760816204
|switch|p1a: Polteageist|Polteageist-Antique|100/100
|-damage|p1a: Polteageist|88/100|[from] Stealth Rock
|turn|13
|
|t:|1760816212
|-terastallize|p2a: Ultra Marine Blues|Steel
|move|p1a: Polteageist|Shell Smash|p1a: Polteageist
|-unboost|p1a: Polteageist|def|1
|-unboost|p1a: Polteageist|spd|1
|-boost|p1a: Polteageist|atk|2
|-boost|p1a: Polteageist|spa|2
|-boost|p1a: Polteageist|spe|2
|move|p2a: Ultra Marine Blues|Heavy Slam|p1a: Polteageist
|-damage|p1a: Polteageist|0 fnt
|faint|p1a: Polteageist
|
|win|Down$hift
|raw|Joao V9898's rating: 1706 &rarr; <strong>1687</strong><br />(-19 for losing)
|raw|Down$hift's rating: 1722 &rarr; <strong>1741</strong><br />(+19 for winning)
|l|☆Joao V9898
|player|p1|
|c|☆Down$hift|gg
