|j|☆CyborgParrot127
|j|☆art of unmoning
|t:|1760880870
|gametype|singles
|player|p1|CyborgParrot127|266|1691
|player|p2|art of unmoning|waiter-gen4dp|1727
|gen|9
|tier|[Gen 9] OU
|rated|
|rule|HP Percentage Mod: HP is shown in percentages
|rule|Endless Battle Clause: Forcing endless battles is banned
|rule|Species Clause: Limit one of each Pokémon
|rule|OHKO Clause: OHKO moves are banned
|rule|Evasion Items Clause: Evasion items are banned
|rule|Evasion Moves Clause: Evasion moves are banned
|rule|Evasion Abilities Clause: Evasion abilities are banned
|rule|Sleep Moves Clause: Sleep-inducing moves are banned
|clearpoke
|poke|p1|Darkrai|
|poke|p1|Great Tusk|
|poke|p1|Ogerpon-Wellspring, F|
|poke|p1|Gholdengo|
|poke|p1|Dragonite, F|
|poke|p1|Ting-Lu|
|poke|p2|Slowking, F|
|poke|p2|Tyranitar, F|
|poke|p2|Excadrill, F|
|poke|p2|Zamazenta-*|
|poke|p2|Corviknight, F|
|poke|p2|Weezing-Galar, M|
|teampreview
|inactive|Battle timer is ON: inactive players will automatically lose when time's up. (requested by art of unmoning)
|c|☆art of unmoning|Hf
|c|☆CyborgParrot127|u2
|
|t:|1760880888
|teamsize|p1|6
|teamsize|p2|6
|start
|switch|p1a: Ting-Lu|Ting-Lu|100/100
|switch|p2a: Tyranitar|Tyranitar, F|100/100
|-weather|Sandstorm|[from] ability: Sand Stream|[of] p2a: Tyranitar
|-ability|p1a: Ting-Lu|Vessel of Ruin
|turn|1
|
|t:|1760880894
|switch|p2a: Weezing|Weezing-Galar, M|100/100
|-ability|p2a: Weezing|Neutralizing Gas
|move|p1a: Ting-Lu|Ruination|p2a: Weezing
|-damage|p2a: Weezing|50/100
|
|-weather|Sandstorm|[upkeep]
|-damage|p2a: Weezing|45/100|[from] Sandstorm
|upkeep
|turn|2
|
|t:|1760880915
|switch|p1a: Gholdengo|Gholdengo|100/100
|-item|p1a: Gholdengo|Air Balloon
|move|p2a: Weezing|Pain Split|p1a: Gholdengo
|-sethp|p1a: Gholdengo|70/100|[from] move: Pain Split|[silent]
|-sethp|p2a: Weezing|79/100|[from] move: Pain Split
|
|-weather|Sandstorm|[upkeep]
|-damage|p2a: Weezing|73/100|[from] Sandstorm
|upkeep
|turn|3
|
|t:|1760880924
|switch|p1a: Ogerpon|Ogerpon-Wellspring, F|100/100
|-end|p2a: Weezing|ability: Neutralizing Gas
|switch|p2a: Slowking|Slowking, F|100/100
|
|-weather|Sandstorm|[upkeep]
|-damage|p1a: Ogerpon|95/100|[from] Sandstorm
|-damage|p2a: Slowking|94/100|[from] Sandstorm
|upkeep
|turn|4
|
|t:|1760880930
|switch|p2a: Corviknight|Corviknight, F|100/100
|-ability|p2a: Corviknight|Pressure
|move|p1a: Ogerpon|Ivy Cudgel|p2a: Corviknight|[anim] Ivy Cudgel Water
|-damage|p2a: Corviknight|64/100
|
|-weather|Sandstorm|[upkeep]
|-damage|p1a: Ogerpon|89/100|[from] Sandstorm
|-heal|p2a: Corviknight|70/100|[from] item: Leftovers
|upkeep
|turn|5
|
|t:|1760880937
|switch|p1a: Dragonite|Dragonite, F|100/100
|move|p2a: Corviknight|Brave Bird|p1a: Dragonite
|-damage|p1a: Dragonite|85/100
|-damage|p2a: Corviknight|65/100|[from] Recoil
|
|-weather|none
|-heal|p2a: Corviknight|71/100|[from] item: Leftovers
|upkeep
|turn|6
|
|t:|1760880944
|move|p2a: Corviknight|Brave Bird|p1a: Dragonite
|-crit|p1a: Dragonite
|-damage|p1a: Dragonite|36/100
|-damage|p2a: Corviknight|54/100|[from] Recoil
|move|p1a: Dragonite|Dragon Tail|p2a: Corviknight
|-resisted|p2a: Corviknight
|-damage|p2a: Corviknight|43/100
|drag|p2a: Zamazenta|Zamazenta|100/100
|-ability|p2a: Zamazenta|Dauntless Shield|boost
|-boost|p2a: Zamazenta|def|1
|
|upkeep
|turn|7
|
|t:|1760880952
|move|p2a: Zamazenta|Stone Edge|p1a: Dragonite
|-supereffective|p1a: Dragonite
|-damage|p1a: Dragonite|0 fnt
|faint|p1a: Dragonite
|
|upkeep
|
|t:|1760880959
|switch|p1a: Great Tusk|Great Tusk|100/100
|turn|8
|
|t:|1760880964
|switch|p2a: Slowking|Slowking, F|100/100
|move|p1a: Great Tusk|Stealth Rock|p2a: Slowking
|-sidestart|p2: art of unmoning|move: Stealth Rock
|
|upkeep
|turn|9
|
|t:|1760880970
|-end|p1a: Great Tusk|Protosynthesis|[silent]
|switch|p1a: Gholdengo|Gholdengo|70/100
|-item|p1a: Gholdengo|Air Balloon
|move|p2a: Slowking|Future Sight|p1a: Gholdengo
|-start|p2a: Slowking|move: Future Sight
|
|upkeep
|turn|10
|
|t:|1760880982
|move|p1a: Gholdengo|Shadow Ball|p2a: Slowking
|-supereffective|p2a: Slowking
|-damage|p2a: Slowking|65/100
|move|p2a: Slowking|Flamethrower|p1a: Gholdengo
|-supereffective|p1a: Gholdengo
|-damage|p1a: Gholdengo|22/100
|-enditem|p1a: Gholdengo|Air Balloon
|
|upkeep
|turn|11
|
|t:|1760880987
|switch|p1a: Ting-Lu|Ting-Lu|100/100
|-ability|p1a: Ting-Lu|Vessel of Ruin
|move|p2a: Slowking|Flamethrower|p1a: Ting-Lu
|-damage|p1a: Ting-Lu|91/100
|
|-end|p1a: Ting-Lu|move: Future Sight
|-immune|p1a: Ting-Lu
|-heal|p1a: Ting-Lu|97/100|[from] item: Leftovers
|upkeep
|turn|12
|
|t:|1760880992
|move|p1a: Ting-Lu|Spikes|p2a: Slowking
|-sidestart|p2: art of unmoning|Spikes
|move|p2a: Slowking|Scald|p1a: Ting-Lu
|-supereffective|p1a: Ting-Lu
|-damage|p1a: Ting-Lu|71/100
|
|-heal|p1a: Ting-Lu|78/100|[from] item: Leftovers
|upkeep
|turn|13
|
|t:|1760880997
|switch|p1a: Ogerpon|Ogerpon-Wellspring, F|89/100
|move|p2a: Slowking|Scald|p1a: Ogerpon
|-heal|p1a: Ogerpon|100/100|[from] ability: Water Absorb|[of] p2a: Slowking
|
|upkeep
|turn|14
|
|t:|1760881012
|move|p1a: Ogerpon|U-turn|p2a: Slowking
|-supereffective|p2a: Slowking
|-damage|p2a: Slowking|12/100
|
|t:|1760881015
|switch|p1a: Ting-Lu|Ting-Lu|78/100|[from] U-turn
|-ability|p1a: Ting-Lu|Vessel of Ruin
|move|p2a: Slowking|Psychic Noise|p1a: Ting-Lu
|-immune|p1a: Ting-Lu
|
|-heal|p1a: Ting-Lu|84/100|[from] item: Leftovers
|upkeep
|turn|15
|
|t:|1760881019
|switch|p2a: Weezing|Weezing-Galar, M|73/100
|-ability|p2a: Weezing|Neutralizing Gas
|move|p1a: Ting-Lu|Whirlwind|p2a: Weezing
|-end|p2a: Weezing|ability: Neutralizing Gas
|-ability|p1a: Ting-Lu|Vessel of Ruin
|drag|p2a: Slowking|Slowking, F|46/100
|-damage|p2a: Slowking|33/100|[from] Stealth Rock
|-damage|p2a: Slowking|21/100|[from] Spikes
|
|-heal|p1a: Ting-Lu|90/100|[from] item: Leftovers
|upkeep
|turn|16
|
|t:|1760881027
|switch|p2a: Weezing|Weezing-Galar, M|73/100
|-ability|p2a: Weezing|Neutralizing Gas
|move|p1a: Ting-Lu|Spikes|p2a: Weezing
|-sidestart|p2: art of unmoning|Spikes
|
|-heal|p1a: Ting-Lu|96/100|[from] item: Leftovers
|upkeep
|turn|17
|
|t:|1760881030
|switch|p1a: Gholdengo|Gholdengo|22/100
|move|p2a: Weezing|Defog|p1a: Gholdengo
|-unboost|p1a: Gholdengo|evasion|1
|-sideend|p2: art of unmoning|Spikes|[from] move: Defog|[of] p2a: Weezing
|-sideend|p2: art of unmoning|Stealth Rock|[from] move: Defog|[of] p2a: Weezing
|
|upkeep
|turn|18
|
|t:|1760881033
|-end|p2a: Weezing|ability: Neutralizing Gas
|switch|p2a: Excadrill|Excadrill, F|100/100
|move|p1a: Gholdengo|Recover|p1a: Gholdengo
|-heal|p1a: Gholdengo|72/100
|
|upkeep
|turn|19
|
|t:|1760881045
|switch|p2a: Corviknight|Corviknight, F|43/100
|-ability|p2a: Corviknight|Pressure
|switch|p1a: Great Tusk|Great Tusk|100/100
|
|-heal|p2a: Corviknight|50/100|[from] item: Leftovers
|upkeep
|turn|20
|
|t:|1760881051
|-end|p1a: Great Tusk|Protosynthesis|[silent]
|switch|p1a: Gholdengo|Gholdengo|72/100
|move|p2a: Corviknight|Roost|p2a: Corviknight
|-heal|p2a: Corviknight|99/100
|-singleturn|p2a: Corviknight|move: Roost
|
|-heal|p2a: Corviknight|100/100|[from] item: Leftovers
|upkeep
|turn|21
|
|t:|1760881056
|switch|p2a: Excadrill|Excadrill, F|100/100
|move|p1a: Gholdengo|Nasty Plot|p1a: Gholdengo
|-boost|p1a: Gholdengo|spa|2
|
|upkeep
|turn|22
|
|t:|1760881060
|switch|p1a: Great Tusk|Great Tusk|100/100
|move|p2a: Excadrill|Swords Dance|p2a: Excadrill
|-boost|p2a: Excadrill|atk|2
|
|upkeep
|turn|23
|
|t:|1760881065
|switch|p2a: Corviknight|Corviknight, F|100/100
|-ability|p2a: Corviknight|Pressure
|move|p1a: Great Tusk|Headlong Rush|p2a: Corviknight
|-immune|p2a: Corviknight
|
|upkeep
|turn|24
|
|t:|1760881071
|switch|p2a: Slowking|Slowking, F|54/100
|move|p1a: Great Tusk|Stealth Rock|p2a: Slowking
|-sidestart|p2: art of unmoning|move: Stealth Rock
|
|upkeep
|turn|25
|
|t:|1760881079
|-end|p1a: Great Tusk|Protosynthesis|[silent]
|switch|p1a: Ogerpon|Ogerpon-Wellspring, F|100/100
|move|p2a: Slowking|Future Sight|p1a: Ogerpon
|-start|p2a: Slowking|move: Future Sight
|
|upkeep
|turn|26
|
|t:|1760881084
|switch|p2a: Corviknight|Corviknight, F|100/100
|-damage|p2a: Corviknight|88/100|[from] Stealth Rock
|-ability|p2a: Corviknight|Pressure
|move|p1a: Ogerpon|Power Whip|p2a: Corviknight
|-resisted|p2a: Corviknight
|-damage|p2a: Corviknight|78/100
|
|-heal|p2a: Corviknight|84/100|[from] item: Leftovers
|upkeep
|turn|27
|
|t:|1760881097
|switch|p1a: Ting-Lu|Ting-Lu|96/100
|-ability|p1a: Ting-Lu|Vessel of Ruin
|move|p2a: Corviknight|Brave Bird|p1a: Ting-Lu
|-damage|p1a: Ting-Lu|75/100
|-damage|p2a: Corviknight|74/100|[from] Recoil
|
|-end|p1a: Ting-Lu|move: Future Sight
|-immune|p1a: Ting-Lu
|-heal|p2a: Corviknight|80/100|[from] item: Leftovers
|-heal|p1a: Ting-Lu|81/100|[from] item: Leftovers
|upkeep
|turn|28
|
|t:|1760881102
|switch|p2a: Weezing|Weezing-Galar, M|73/100
|-ability|p2a: Weezing|Neutralizing Gas
|move|p1a: Ting-Lu|Ruination|p2a: Weezing
|-damage|p2a: Weezing|37/100
|
|-heal|p1a: Ting-Lu|87/100|[from] item: Leftovers
|upkeep
|turn|29
|
|t:|1760881109
|move|p2a: Weezing|Pain Split|p1a: Ting-Lu
|-sethp|p1a: Ting-Lu|55/100|[from] move: Pain Split|[silent]
|-sethp|p2a: Weezing|85/100|[from] move: Pain Split
|move|p1a: Ting-Lu|Earthquake|p2a: Weezing
|-supereffective|p2a: Weezing
|-damage|p2a: Weezing|36/100
|
|-heal|p1a: Ting-Lu|62/100|[from] item: Leftovers
|upkeep
|turn|30
|
|t:|1760881118
|move|p2a: Weezing|Will-O-Wisp|p1a: Ting-Lu
|-status|p1a: Ting-Lu|brn
|move|p1a: Ting-Lu|Earthquake|p2a: Weezing
|-supereffective|p2a: Weezing
|-damage|p2a: Weezing|12/100
|
|-heal|p1a: Ting-Lu|68/100 brn|[from] item: Leftovers
|-damage|p1a: Ting-Lu|62/100 brn|[from] brn
|upkeep
|turn|31
|
|t:|1760881123
|move|p2a: Weezing|Pain Split|p1a: Ting-Lu
|-sethp|p1a: Ting-Lu|35/100 brn|[from] move: Pain Split|[silent]
|-sethp|p2a: Weezing|53/100|[from] move: Pain Split
|move|p1a: Ting-Lu|Whirlwind|p2a: Weezing
|-end|p2a: Weezing|ability: Neutralizing Gas
|-ability|p1a: Ting-Lu|Vessel of Ruin
|drag|p2a: Slowking|Slowking, F|88/100
|-damage|p2a: Slowking|75/100|[from] Stealth Rock
|
|-heal|p1a: Ting-Lu|41/100 brn|[from] item: Leftovers
|-damage|p1a: Ting-Lu|35/100 brn|[from] brn
|upkeep
|turn|32
|
|t:|1760881127
|move|p1a: Ting-Lu|Spikes|p2a: Slowking
|-sidestart|p2: art of unmoning|Spikes
|move|p2a: Slowking|Scald|p1a: Ting-Lu
|-supereffective|p1a: Ting-Lu
|-damage|p1a: Ting-Lu|7/100 brn
|
|-heal|p1a: Ting-Lu|13/100 brn|[from] item: Leftovers
|-damage|p1a: Ting-Lu|7/100 brn|[from] brn
|upkeep
|turn|33
|
|t:|1760881131
|switch|p2a: Weezing|Weezing-Galar, M|53/100
|-ability|p2a: Weezing|Neutralizing Gas
|move|p1a: Ting-Lu|Spikes|p2a: Weezing
|-sidestart|p2: art of unmoning|Spikes
|
|-heal|p1a: Ting-Lu|13/100 brn|[from] item: Leftovers
|-damage|p1a: Ting-Lu|7/100 brn|[from] brn
|upkeep
|turn|34
|
|t:|1760881137
|move|p2a: Weezing|Defog|p1a: Ting-Lu
|-unboost|p1a: Ting-Lu|evasion|1
|-sideend|p2: art of unmoning|Spikes|[from] move: Defog|[of] p2a: Weezing
|-sideend|p2: art of unmoning|Stealth Rock|[from] move: Defog|[of] p2a: Weezing
|move|p1a: Ting-Lu|Earthquake|p2a: Weezing
|-supereffective|p2a: Weezing
|-damage|p2a: Weezing|30/100
|
|-heal|p1a: Ting-Lu|13/100 brn|[from] item: Leftovers
|-damage|p1a: Ting-Lu|7/100 brn|[from] brn
|upkeep
|turn|35
|
|t:|1760881142
|move|p2a: Weezing|Sludge Bomb|p1a: Ting-Lu
|-resisted|p1a: Ting-Lu
|-damage|p1a: Ting-Lu|0 fnt
|faint|p1a: Ting-Lu
|
|upkeep
|
|t:|1760881152
|switch|p1a: Ogerpon|Ogerpon-Wellspring, F|100/100
|turn|36
|
|t:|1760881157
|-terastallize|p1a: Ogerpon|Water
|detailschange|p1a: Ogerpon|Ogerpon-Wellspring-Tera, F, tera:Water
|move|p1a: Ogerpon|Ivy Cudgel|p2a: Weezing|[anim] Ivy Cudgel Water
|-damage|p2a: Weezing|0 fnt
|faint|p2a: Weezing
|-end|p2a: Weezing|ability: Neutralizing Gas
|-ability|p1a: Ogerpon|Embody Aspect (Wellspring)|boost
|-boost|p1a: Ogerpon|spd|1
|
|upkeep
|
|t:|1760881166
|switch|p2a: Zamazenta|Zamazenta|100/100
|turn|37
|
|t:|1760881174
|switch|p1a: Gholdengo|Gholdengo|72/100
|move|p2a: Zamazenta|Close Combat|p1a: Gholdengo
|-immune|p1a: Gholdengo
|
|upkeep
|turn|38
|
|t:|1760881184
|switch|p2a: Excadrill|Excadrill, F|100/100
|switch|p1a: Ogerpon|Ogerpon-Wellspring-Tera, F, tera:Water|100/100
|-ability|p1a: Ogerpon|Embody Aspect (Wellspring)|boost
|-boost|p1a: Ogerpon|spd|1
|
|upkeep
|turn|39
|
|t:|1760881188
|switch|p2a: Slowking|Slowking, F|100/100
|move|p1a: Ogerpon|Ivy Cudgel|p2a: Slowking|[anim] Ivy Cudgel Water
|-resisted|p2a: Slowking
|-damage|p2a: Slowking|64/100
|
|upkeep
|turn|40
|
|t:|1760881194
|switch|p2a: Corviknight|Corviknight, F|80/100
|-ability|p2a: Corviknight|Pressure
|move|p1a: Ogerpon|Power Whip|p2a: Corviknight
|-resisted|p2a: Corviknight
|-damage|p2a: Corviknight|68/100
|
|-heal|p2a: Corviknight|74/100|[from] item: Leftovers
|upkeep
|turn|41
|
|t:|1760881214
|-terastallize|p2a: Corviknight|Dragon
|move|p1a: Ogerpon|Ivy Cudgel|p2a: Corviknight|[anim] Ivy Cudgel Water
|-resisted|p2a: Corviknight
|-damage|p2a: Corviknight|48/100
|move|p2a: Corviknight|Roost|p2a: Corviknight
|-heal|p2a: Corviknight|98/100
|
|-heal|p2a: Corviknight|100/100|[from] item: Leftovers
|upkeep
|turn|42
|
|t:|1760881224
|move|p1a: Ogerpon|Knock Off|p2a: Corviknight
|-damage|p2a: Corviknight|77/100
|-enditem|p2a: Corviknight|Leftovers|[from] move: Knock Off|[of] p1a: Ogerpon
|move|p2a: Corviknight|Brave Bird|p1a: Ogerpon
|-damage|p1a: Ogerpon|48/100
|-damage|p2a: Corviknight|62/100|[from] Recoil
|
|upkeep
|turn|43
|
|t:|1760881229
|move|p1a: Ogerpon|U-turn|p2a: Corviknight
|-damage|p2a: Corviknight|45/100
|
|t:|1760881234
|switch|p1a: Darkrai|Darkrai|100/100|[from] U-turn
|move|p2a: Corviknight|Roost|p2a: Corviknight
|-heal|p2a: Corviknight|95/100
|
|upkeep
|turn|44
|
|t:|1760881237
|switch|p2a: Slowking|Slowking, F|97/100
|move|p1a: Darkrai|Will-O-Wisp|p2a: Slowking|[miss]
|-miss|p1a: Darkrai|p2a: Slowking
|
|upkeep
|turn|45
|
|t:|1760881248
|switch|p2a: Tyranitar|Tyranitar, F|100/100
|-weather|Sandstorm|[from] ability: Sand Stream|[of] p2a: Tyranitar
|move|p1a: Darkrai|Nasty Plot|p1a: Darkrai
|-boost|p1a: Darkrai|spa|2
|
|-weather|Sandstorm|[upkeep]
|-damage|p1a: Darkrai|94/100|[from] Sandstorm
|-heal|p1a: Darkrai|100/100|[from] item: Leftovers
|upkeep
|turn|46
|
|t:|1760881253
|move|p1a: Darkrai|Will-O-Wisp|p2a: Tyranitar
|-status|p2a: Tyranitar|brn
|move|p2a: Tyranitar|Roar|p1a: Darkrai
|drag|p1a: Gholdengo|Gholdengo|72/100
|
|-weather|Sandstorm|[upkeep]
|-damage|p2a: Tyranitar|94/100 brn|[from] brn
|upkeep
|turn|47
|
|t:|1760881259
|switch|p1a: Great Tusk|Great Tusk|100/100
|move|p2a: Tyranitar|Stealth Rock|p1a: Great Tusk
|-sidestart|p1: CyborgParrot127|move: Stealth Rock
|
|-weather|Sandstorm|[upkeep]
|-heal|p2a: Tyranitar|100/100 brn|[from] item: Leftovers
|-damage|p2a: Tyranitar|94/100 brn|[from] brn
|upkeep
|turn|48
|
|t:|1760881262
|move|p1a: Great Tusk|Stealth Rock|p2a: Tyranitar
|-sidestart|p2: art of unmoning|move: Stealth Rock
|move|p2a: Tyranitar|Ice Beam|p1a: Great Tusk
|-supereffective|p1a: Great Tusk
|-damage|p1a: Great Tusk|36/100
|
|-weather|Sandstorm|[upkeep]
|-heal|p2a: Tyranitar|100/100 brn|[from] item: Leftovers
|-damage|p2a: Tyranitar|94/100 brn|[from] brn
|upkeep
|turn|49
|
|t:|1760881269
|move|p1a: Great Tusk|Headlong Rush|p2a: Tyranitar
|-supereffective|p2a: Tyranitar
|-damage|p2a: Tyranitar|0 fnt
|-unboost|p1a: Great Tusk|def|1
|-unboost|p1a: Great Tusk|spd|1
|faint|p2a: Tyranitar
|
|-weather|none
|upkeep
|
|t:|1760881273
|switch|p2a: Excadrill|Excadrill, F|100/100
|-damage|p2a: Excadrill|98/100|[from] Stealth Rock
|turn|50
|
|t:|1760881277
|move|p2a: Excadrill|Earthquake|p1a: Great Tusk
|-damage|p1a: Great Tusk|0 fnt
|faint|p1a: Great Tusk
|-end|p1a: Great Tusk|Protosynthesis|[silent]
|
|-heal|p2a: Excadrill|100/100|[from] item: Leftovers
|upkeep
|
|t:|1760881279
|switch|p1a: Ogerpon|Ogerpon-Wellspring-Tera, F, tera:Water|48/100
|-damage|p1a: Ogerpon|36/100|[from] Stealth Rock
|-ability|p1a: Ogerpon|Embody Aspect (Wellspring)|boost
|-boost|p1a: Ogerpon|spd|1
|turn|51
|
|t:|1760881285
|switch|p2a: Slowking|Slowking, F|100/100
|-damage|p2a: Slowking|88/100|[from] Stealth Rock
|move|p1a: Ogerpon|U-turn|p2a: Slowking
|-supereffective|p2a: Slowking
|-damage|p2a: Slowking|38/100
|
|t:|1760881297
|switch|p1a: Gholdengo|Gholdengo|72/100|[from] U-turn
|-damage|p1a: Gholdengo|66/100|[from] Stealth Rock
|
|upkeep
|turn|52
|
|t:|1760881302
|move|p1a: Gholdengo|Shadow Ball|p2a: Slowking
|-supereffective|p2a: Slowking
|-damage|p2a: Slowking|2/100
|-unboost|p2a: Slowking|spd|1
|move|p2a: Slowking|Flamethrower|p1a: Gholdengo
|-supereffective|p1a: Gholdengo
|-damage|p1a: Gholdengo|22/100
|
|upkeep
|turn|53
|
|t:|1760881306
|move|p1a: Gholdengo|Recover|p1a: Gholdengo
|-heal|p1a: Gholdengo|72/100
|move|p2a: Slowking|Flamethrower|p1a: Gholdengo
|-supereffective|p1a: Gholdengo
|-damage|p1a: Gholdengo|29/100
|
|upkeep
|turn|54
|
|t:|1760881309
|move|p1a: Gholdengo|Shadow Ball|p2a: Slowking
|-supereffective|p2a: Slowking
|-damage|p2a: Slowking|0 fnt
|faint|p2a: Slowking
|
|upkeep
|
|t:|1760881314
|switch|p2a: Excadrill|Excadrill, F|100/100
|-damage|p2a: Excadrill|98/100|[from] Stealth Rock
|turn|55
|
|t:|1760881319
|move|p2a: Excadrill|Earthquake|p1a: Gholdengo
|-supereffective|p1a: Gholdengo
|-damage|p1a: Gholdengo|0 fnt
|faint|p1a: Gholdengo
|
|-heal|p2a: Excadrill|100/100|[from] item: Leftovers
|upkeep
|
|t:|1760881320
|switch|p1a: Ogerpon|Ogerpon-Wellspring-Tera, F, tera:Water|36/100
|-damage|p1a: Ogerpon|24/100|[from] Stealth Rock
|-ability|p1a: Ogerpon|Embody Aspect (Wellspring)|boost
|-boost|p1a: Ogerpon|spd|1
|turn|56
|
|t:|1760881325
|move|p1a: Ogerpon|Ivy Cudgel|p2a: Excadrill|[anim] Ivy Cudgel Water
|-supereffective|p2a: Excadrill
|-damage|p2a: Excadrill|0 fnt
|faint|p2a: Excadrill
|
|upkeep
|
|t:|1760881326
|switch|p2a: Zamazenta|Zamazenta|100/100
|-damage|p2a: Zamazenta|94/100|[from] Stealth Rock
|turn|57
|c|☆art of unmoning|Gg
|
|t:|1760881330
|move|p2a: Zamazenta|Close Combat|p1a: Ogerpon
|-damage|p1a: Ogerpon|0 fnt
|-unboost|p2a: Zamazenta|def|1
|-unboost|p2a: Zamazenta|spd|1
|faint|p1a: Ogerpon
|detailschange|p1: Ogerpon|Ogerpon-Wellspring, F|[silent]
|
|upkeep
|c|☆CyborgParrot127|gg
|
|t:|1760881334
|switch|p1a: Darkrai|Darkrai|100/100
|-damage|p1a: Darkrai|88/100|[from] Stealth Rock
|turn|58
|
|t:|1760881335
|move|p2a: Zamazenta|Close Combat|p1a: Darkrai
|-supereffective|p1a: Darkrai
|-damage|p1a: Darkrai|0 fnt
|-unboost|p2a: Zamazenta|def|1
|-unboost|p2a: Zamazenta|spd|1
|faint|p1a: Darkrai
|
|win|art of unmoning
|raw|CyborgParrot127's rating: 1691 &rarr; <strong>1673</strong><br />(-18 for losing)
|raw|art of unmoning's rating: 1727 &rarr; <strong>1745</strong><br />(+18 for winning)
|l|☆CyborgParrot127
|player|p1|
