|j|☆capitolg
|j|☆NothingTrainer
|t:|1760777444
|gametype|singles
|player|p1|capitolg|bellelba|1108
|player|p2|NothingTrainer|265|1121
|gen|9
|tier|[Gen 9] OU
|rated|
|rule|HP Percentage Mod: HP is shown in percentages
|rule|Endless Battle Clause: Forcing endless battles is banned
|rule|Species Clause: Limit one of each Pokémon
|rule|OHKO Clause: OHKO moves are banned
|rule|Evasion Items Clause: Evasion items are banned
|rule|Evasion Moves Clause: Evasion moves are banned
|rule|Evasion Abilities Clause: Evasion abilities are banned
|rule|Sleep Moves Clause: Sleep-inducing moves are banned
|clearpoke
|poke|p1|Vikavolt, M|
|poke|p1|Gothitelle, M|
|poke|p1|Smeargle, F|
|poke|p1|Empoleon, F|
|poke|p1|Passimian, M|
|poke|p1|Dusknoir, F|
|poke|p2|Tyranitar, F|
|poke|p2|Lycanroc-Dusk, M|
|poke|p2|Iron Boulder|
|poke|p2|Greninja-*, M|
|poke|p2|Lokix, F|
|poke|p2|Cinderace, F|
|teampreview
|
|t:|1760777449
|teamsize|p1|6
|teamsize|p2|6
|start
|switch|p1a: Vikavolt|Vikavolt, M|100/100
|switch|p2a: Lycanroc|Lycanroc-Dusk, M, shiny|100/100
|turn|1
|
|t:|1760777453
|move|p2a: Lycanroc|Swords Dance|p2a: Lycanroc
|-boost|p2a: Lycanroc|atk|2
|move|p1a: Vikavolt|Sticky Web|p2a: Lycanroc
|-sidestart|p2: NothingTrainer|move: Sticky Web
|
|upkeep
|turn|2
|
|t:|1760777456
|move|p2a: Lycanroc|Swords Dance|p2a: Lycanroc
|-boost|p2a: Lycanroc|atk|2
|move|p1a: Vikavolt|Flash Cannon|p2a: Lycanroc
|-supereffective|p2a: Lycanroc
|-enditem|p2a: Lycanroc|Focus Sash
|-damage|p2a: Lycanroc|1/100
|
|upkeep
|turn|3
|
|t:|1760777462
|move|p2a: Lycanroc|Accelerock|p1a: Vikavolt
|-supereffective|p1a: Vikavolt
|-enditem|p1a: Vikavolt|Focus Sash
|-damage|p1a: Vikavolt|1/100
|move|p1a: Vikavolt|Flash Cannon|p2a: Lycanroc
|-supereffective|p2a: Lycanroc
|-damage|p2a: Lycanroc|0 fnt
|faint|p2a: Lycanroc
|
|upkeep
|
|t:|1760777465
|switch|p2a: Cinderace|Cinderace, F, shiny|100/100
|turn|4
|
|t:|1760777467
|move|p2a: Cinderace|Court Change|p2a: Cinderace
|-start|p2a: Cinderace|typechange|Normal|[from] ability: Libero
|-swapsideconditions
|-activate|p2a: Cinderace|move: Court Change
|move|p1a: Vikavolt|Discharge|p2a: Cinderace
|-damage|p2a: Cinderace|25/100
|
|upkeep
|turn|5
|
|t:|1760777471
|move|p2a: Cinderace|Pyro Ball|p1a: Vikavolt
|-supereffective|p1a: Vikavolt
|-damage|p1a: Vikavolt|0 fnt
|faint|p1a: Vikavolt
|
|upkeep
|
|t:|1760777473
|switch|p1a: Smeargle|Smeargle, F|100/100
|-activate|p1a: Smeargle|move: Sticky Web
|-unboost|p1a: Smeargle|spe|1
|turn|6
|
|t:|1760777477
|move|p1a: Smeargle|Burning Bulwark|p1a: Smeargle
|-singleturn|p1a: Smeargle|move: Protect
|move|p2a: Cinderace|Gunk Shot|p1a: Smeargle
|-activate|p1a: Smeargle|move: Protect
|
|upkeep
|turn|7
|
|t:|1760777482
|move|p2a: Cinderace|U-turn|p1a: Smeargle
|-damage|p1a: Smeargle|49/100
|
|t:|1760777485
|switch|p2a: Greninja|Greninja, M|100/100|[from] U-turn
|move|p1a: Smeargle|Trick Room|p1a: Smeargle
|-fieldstart|move: Trick Room|[of] p1a: Smeargle
|
|upkeep
|turn|8
|
|t:|1760777487
|move|p1a: Smeargle|Taunt|p2a: Greninja
|-start|p2a: Greninja|move: Taunt
|move|p2a: Greninja|Extrasensory|p1a: Smeargle
|-damage|p1a: Smeargle|10/100
|-damage|p2a: Greninja|91/100|[from] item: Life Orb
|
|upkeep
|turn|9
|
|t:|1760777493
|move|p1a: Smeargle|Taunt||[still]
|-fail|p1a: Smeargle
|move|p2a: Greninja|Extrasensory|p1a: Smeargle
|-damage|p1a: Smeargle|0 fnt
|faint|p1a: Smeargle
|-ability|p2a: Greninja|Battle Bond|boost
|-boost|p2a: Greninja|atk|1
|-boost|p2a: Greninja|spa|1
|-boost|p2a: Greninja|spe|1
|-activate|p2a: Greninja|ability: Battle Bond
|-damage|p2a: Greninja|81/100|[from] item: Life Orb
|
|upkeep
|
|t:|1760777497
|switch|p1a: Passimian|Passimian, M|100/100
|-activate|p1a: Passimian|move: Sticky Web
|-unboost|p1a: Passimian|spe|1
|-ability|p1a: Passimian|Defiant|boost
|-boost|p1a: Passimian|atk|2
|turn|10
|
|t:|1760777501
|move|p1a: Passimian|Drain Punch|p2a: Greninja
|-supereffective|p2a: Greninja
|-damage|p2a: Greninja|0 fnt
|faint|p2a: Greninja
|
|upkeep
|
|t:|1760777506
|switch|p2a: Tyranitar|Tyranitar, F, shiny|100/100
|-weather|Sandstorm|[from] ability: Sand Stream|[of] p2a: Tyranitar
|turn|11
|
|t:|1760777510
|move|p1a: Passimian|Drain Punch|p2a: Tyranitar
|-supereffective|p2a: Tyranitar
|-damage|p2a: Tyranitar|0 fnt
|faint|p2a: Tyranitar
|
|-weather|Sandstorm|[upkeep]
|-damage|p1a: Passimian|94/100|[from] Sandstorm
|-fieldend|move: Trick Room
|upkeep
|
|t:|1760777515
|switch|p2a: Iron Boulder|Iron Boulder|100/100
|-enditem|p2a: Iron Boulder|Booster Energy
|-activate|p2a: Iron Boulder|ability: Quark Drive|[fromitem]
|-start|p2a: Iron Boulder|quarkdrivespe
|turn|12
|
|t:|1760777521
|switch|p1a: Dusknoir|Dusknoir, F|100/100
|-activate|p1a: Dusknoir|move: Sticky Web
|-unboost|p1a: Dusknoir|spe|1
|-ability|p1a: Dusknoir|Pressure
|move|p2a: Iron Boulder|Zen Headbutt|p1a: Dusknoir
|-damage|p1a: Dusknoir|67/100
|
|-weather|Sandstorm|[upkeep]
|-damage|p1a: Dusknoir|61/100|[from] Sandstorm
|upkeep
|turn|13
|
|t:|1760777525
|move|p2a: Iron Boulder|Mighty Cleave|p1a: Dusknoir
|-damage|p1a: Dusknoir|17/100
|move|p1a: Dusknoir|Trick Room|p1a: Dusknoir
|-fieldstart|move: Trick Room|[of] p1a: Dusknoir
|
|-weather|Sandstorm|[upkeep]
|-damage|p1a: Dusknoir|11/100|[from] Sandstorm
|upkeep
|turn|14
|
|t:|1760777529
|move|p1a: Dusknoir|Poltergeist||[still]
|-fail|p1a: Dusknoir
|move|p2a: Iron Boulder|Swords Dance|p2a: Iron Boulder
|-boost|p2a: Iron Boulder|atk|2
|
|-weather|Sandstorm|[upkeep]
|-damage|p1a: Dusknoir|5/100|[from] Sandstorm
|upkeep
|turn|15
|
|t:|1760777531
|move|p1a: Dusknoir|Shadow Sneak|p2a: Iron Boulder
|-supereffective|p2a: Iron Boulder
|-damage|p2a: Iron Boulder|51/100
|move|p2a: Iron Boulder|Mighty Cleave|p1a: Dusknoir
|-damage|p1a: Dusknoir|0 fnt
|faint|p1a: Dusknoir
|
|-weather|Sandstorm|[upkeep]
|upkeep
|
|t:|1760777535
|switch|p1a: Passimian|Passimian, M|94/100
|-activate|p1a: Passimian|move: Sticky Web
|-unboost|p1a: Passimian|spe|1
|-ability|p1a: Passimian|Defiant|boost
|-boost|p1a: Passimian|atk|2
|turn|16
|
|t:|1760777537
|move|p1a: Passimian|Earthquake|p2a: Iron Boulder
|-supereffective|p2a: Iron Boulder
|-damage|p2a: Iron Boulder|0 fnt
|faint|p2a: Iron Boulder
|-end|p2a: Iron Boulder|Quark Drive|[silent]
|
|-weather|Sandstorm|[upkeep]
|-damage|p1a: Passimian|88/100|[from] Sandstorm
|upkeep
|
|t:|1760777540
|switch|p2a: Lokix|Lokix, F, shiny|100/100
|turn|17
|
|t:|1760777544
|move|p2a: Lokix|First Impression|p1a: Passimian
|-resisted|p1a: Passimian
|-crit|p1a: Passimian
|-damage|p1a: Passimian|5/100
|move|p1a: Passimian|Drain Punch|p2a: Lokix
|-damage|p2a: Lokix|0 fnt
|-heal|p1a: Passimian|42/100|[from] drain|[of] p2a: Lokix
|faint|p2a: Lokix
|
|-weather|Sandstorm|[upkeep]
|-damage|p1a: Passimian|36/100|[from] Sandstorm
|-fieldend|move: Trick Room
|upkeep
|
|t:|1760777547
|switch|p2a: Cinderace|Cinderace, F, shiny|25/100
|turn|18
|
|t:|1760777549
|move|p2a: Cinderace|Pyro Ball|p1a: Passimian
|-damage|p1a: Passimian|0 fnt
|faint|p1a: Passimian
|
|-weather|none
|upkeep
|
|t:|1760777551
|switch|p1a: Empoleon|Empoleon, F|100/100
|-activate|p1a: Empoleon|move: Sticky Web
|-unboost|p1a: Empoleon|spe|1
|-ability|p1a: Empoleon|Competitive|boost
|-boost|p1a: Empoleon|spa|2
|turn|19
|
|t:|1760777553
|move|p1a: Empoleon|Vacuum Wave|p2a: Cinderace
|-damage|p2a: Cinderace|0 fnt
|faint|p2a: Cinderace
|
|win|capitolg
|raw|capitolg's rating: 1108 &rarr; <strong>1134</strong><br />(+26 for winning)
|raw|NothingTrainer's rating: 1121 &rarr; <strong>1095</strong><br />(-26 for losing)
|l|☆capitolg
|player|p1|
|l|☆NothingTrainer
|player|p2|
