|j|☆sabu_emari
|j|☆SenileGaming
|t:|1760737960
|gametype|singles
|player|p1|sabu_emari|265|1263
|player|p2|SenileGaming|clay|1219
|gen|9
|tier|[Gen 9] OU
|rated|
|rule|HP Percentage Mod: HP is shown in percentages
|rule|Endless Battle Clause: Forcing endless battles is banned
|rule|Species Clause: Limit one of each Pokémon
|rule|OHKO Clause: OHKO moves are banned
|rule|Evasion Items Clause: Evasion items are banned
|rule|Evasion Moves Clause: Evasion moves are banned
|rule|Evasion Abilities Clause: Evasion abilities are banned
|rule|Sleep Moves Clause: Sleep-inducing moves are banned
|clearpoke
|poke|p1|Blaziken, M|
|poke|p1|Lapras, F|
|poke|p1|Landorus-Therian, M|
|poke|p1|Hydrapple, M|
|poke|p1|Oricorio-Sensu, M|
|poke|p1|Metagross|
|poke|p2|Iron Treads|
|poke|p2|Ninetales-Alola, F|
|poke|p2|Haxorus, M|
|poke|p2|Kingambit, M|
|poke|p2|Primarina, F|
|poke|p2|Zamazenta-*|
|teampreview
|
|t:|1760737974
|teamsize|p1|6
|teamsize|p2|6
|start
|switch|p1a: Landorus|Landorus-Therian, M|100/100
|switch|p2a: Ninetoucher|Ninetales-Alola, F|100/100
|-weather|Snowscape|[from] ability: Snow Warning|[of] p2a: Ninetoucher
|-ability|p1a: Landorus|Intimidate|boost
|-unboost|p2a: Ninetoucher|atk|1
|turn|1
|
|t:|1760737999
|move|p2a: Ninetoucher|Freeze-Dry|p1a: Landorus
|-supereffective|p1a: Landorus
|-damage|p1a: Landorus|8/100
|move|p1a: Landorus|Taunt|p2a: Ninetoucher
|-start|p2a: Ninetoucher|move: Taunt
|
|-weather|Snowscape|[upkeep]
|upkeep
|turn|2
|
|t:|1760738019
|move|p2a: Ninetoucher|Freeze-Dry|p1a: Landorus
|-supereffective|p1a: Landorus
|-damage|p1a: Landorus|0 fnt
|faint|p1a: Landorus
|
|-weather|Snowscape|[upkeep]
|upkeep
|
|t:|1760738027
|switch|p1a: Metagross|Metagross|100/100
|turn|3
|
|t:|1760738039
|switch|p2a: OzamaBinLadderin|Zamazenta|100/100
|-ability|p2a: OzamaBinLadderin|Dauntless Shield|boost
|-boost|p2a: OzamaBinLadderin|def|1
|move|p1a: Metagross|Bullet Punch|p2a: OzamaBinLadderin
|-damage|p2a: OzamaBinLadderin|87/100
|
|-weather|Snowscape|[upkeep]
|-heal|p2a: OzamaBinLadderin|94/100|[from] item: Leftovers
|upkeep
|turn|4
|
|t:|1760738049
|move|p2a: OzamaBinLadderin|Iron Defense|p2a: OzamaBinLadderin
|-boost|p2a: OzamaBinLadderin|def|2
|move|p1a: Metagross|Psychic Fangs|p2a: OzamaBinLadderin
|-supereffective|p2a: OzamaBinLadderin
|-damage|p2a: OzamaBinLadderin|59/100
|
|-weather|Snowscape|[upkeep]
|-heal|p2a: OzamaBinLadderin|65/100|[from] item: Leftovers
|upkeep
|turn|5
|
|t:|1760738061
|move|p2a: OzamaBinLadderin|Iron Defense|p2a: OzamaBinLadderin
|-boost|p2a: OzamaBinLadderin|def|2
|move|p1a: Metagross|Psychic Fangs|p2a: OzamaBinLadderin
|-supereffective|p2a: OzamaBinLadderin
|-damage|p2a: OzamaBinLadderin|40/100
|
|-weather|none
|-heal|p2a: OzamaBinLadderin|47/100|[from] item: Leftovers
|upkeep
|turn|6
|
|t:|1760738069
|move|p2a: OzamaBinLadderin|Crunch|p1a: Metagross
|-supereffective|p1a: Metagross
|-damage|p1a: Metagross|68/100
|-enditem|p1a: Metagross|Weakness Policy
|-boost|p1a: Metagross|atk|2|[from] item: Weakness Policy
|-boost|p1a: Metagross|spa|2|[from] item: Weakness Policy
|move|p1a: Metagross|Psychic Fangs|p2a: OzamaBinLadderin
|-supereffective|p2a: OzamaBinLadderin
|-damage|p2a: OzamaBinLadderin|4/100
|
|-heal|p2a: OzamaBinLadderin|11/100|[from] item: Leftovers
|upkeep
|turn|7
|
|t:|1760738086
|move|p2a: OzamaBinLadderin|Rest|p2a: OzamaBinLadderin
|-status|p2a: OzamaBinLadderin|slp|[from] move: Rest
|-heal|p2a: OzamaBinLadderin|100/100 slp|[silent]
|move|p1a: Metagross|Psychic Fangs|p2a: OzamaBinLadderin
|-supereffective|p2a: OzamaBinLadderin
|-damage|p2a: OzamaBinLadderin|55/100 slp
|
|-heal|p2a: OzamaBinLadderin|61/100 slp|[from] item: Leftovers
|upkeep
|turn|8
|c|☆SenileGaming|Oooooh
|c|☆SenileGaming|ima steal that set
|
|t:|1760738107
|-terastallize|p2a: OzamaBinLadderin|Dark
|cant|p2a: OzamaBinLadderin|slp
|move|p1a: Metagross|Psychic Fangs|p2a: OzamaBinLadderin
|-immune|p2a: OzamaBinLadderin
|
|-heal|p2a: OzamaBinLadderin|68/100 slp|[from] item: Leftovers
|upkeep
|turn|9
|
|t:|1760738116
|cant|p2a: OzamaBinLadderin|slp
|move|p1a: Metagross|Hammer Arm|p2a: OzamaBinLadderin
|-supereffective|p2a: OzamaBinLadderin
|-damage|p2a: OzamaBinLadderin|31/100 slp
|-unboost|p1a: Metagross|spe|1
|
|-heal|p2a: OzamaBinLadderin|38/100 slp|[from] item: Leftovers
|upkeep
|turn|10
|
|t:|1760738129
|-curestatus|p2a: OzamaBinLadderin|slp|[msg]
|move|p2a: OzamaBinLadderin|Rest|p2a: OzamaBinLadderin
|-status|p2a: OzamaBinLadderin|slp|[from] move: Rest
|-heal|p2a: OzamaBinLadderin|100/100 slp|[silent]
|move|p1a: Metagross|Hammer Arm|p2a: OzamaBinLadderin
|-supereffective|p2a: OzamaBinLadderin
|-damage|p2a: OzamaBinLadderin|65/100 slp
|-unboost|p1a: Metagross|spe|1
|
|-heal|p2a: OzamaBinLadderin|71/100 slp|[from] item: Leftovers
|upkeep
|turn|11
|
|t:|1760738142
|cant|p2a: OzamaBinLadderin|slp
|move|p1a: Metagross|Hammer Arm|p2a: OzamaBinLadderin
|-supereffective|p2a: OzamaBinLadderin
|-crit|p2a: OzamaBinLadderin
|-damage|p2a: OzamaBinLadderin|0 fnt
|-unboost|p1a: Metagross|spe|1
|faint|p2a: OzamaBinLadderin
|
|upkeep
|
|t:|1760738160
|switch|p2a: Gingkambit|Kingambit, M|100/100
|-activate|p2a: Gingkambit|ability: Supreme Overlord
|-start|p2a: Gingkambit|fallen1|[silent]
|turn|12
|
|t:|1760738170
|move|p2a: Gingkambit|Kowtow Cleave|p1a: Metagross
|-supereffective|p1a: Metagross
|-damage|p1a: Metagross|0 fnt
|faint|p1a: Metagross
|
|upkeep
|
|t:|1760738178
|switch|p1a: Blaziken|Blaziken, M|100/100
|turn|13
|
|t:|1760738184
|-end|p2a: Gingkambit|fallen1|[silent]
|switch|p2a: PrimarinaCarpenter|Primarina, F|100/100
|move|p1a: Blaziken|Focus Energy|p1a: Blaziken
|-start|p1a: Blaziken|move: Focus Energy
|
|-ability|p1a: Blaziken|Speed Boost|boost
|-boost|p1a: Blaziken|spe|1
|upkeep
|turn|14
|
|t:|1760738203
|switch|p1a: Lapras|Lapras, F|100/100
|move|p2a: PrimarinaCarpenter|Psychic Noise|p1a: Lapras
|-immune|p1a: Lapras|[from] ability: Water Absorb
|
|upkeep
|turn|15
|
|t:|1760738217
|move|p2a: PrimarinaCarpenter|Substitute|p2a: PrimarinaCarpenter
|-start|p2a: PrimarinaCarpenter|Substitute
|-damage|p2a: PrimarinaCarpenter|76/100
|move|p1a: Lapras|Whirlpool|p2a: PrimarinaCarpenter
|-resisted|p2a: PrimarinaCarpenter
|-activate|p2a: PrimarinaCarpenter|move: Substitute|[damage]
|
|-heal|p2a: PrimarinaCarpenter|82/100|[from] item: Leftovers
|upkeep
|turn|16
|
|t:|1760738226
|move|p2a: PrimarinaCarpenter|Calm Mind|p2a: PrimarinaCarpenter
|-boost|p2a: PrimarinaCarpenter|spa|1
|-boost|p2a: PrimarinaCarpenter|spd|1
|move|p1a: Lapras|Perish Song|p1a: Lapras
|-start|p1a: Lapras|perish3|[silent]
|-start|p2a: PrimarinaCarpenter|perish3|[silent]
|-fieldactivate|move: Perish Song
|
|-heal|p2a: PrimarinaCarpenter|88/100|[from] item: Leftovers
|-start|p2a: PrimarinaCarpenter|perish3
|-start|p1a: Lapras|perish3
|upkeep
|turn|17
|
|t:|1760738238
|move|p2a: PrimarinaCarpenter|Calm Mind|p2a: PrimarinaCarpenter
|-boost|p2a: PrimarinaCarpenter|spa|1
|-boost|p2a: PrimarinaCarpenter|spd|1
|move|p1a: Lapras|Freeze-Dry|p2a: PrimarinaCarpenter
|-supereffective|p2a: PrimarinaCarpenter
|-activate|p2a: PrimarinaCarpenter|move: Substitute|[damage]
|
|-heal|p2a: PrimarinaCarpenter|94/100|[from] item: Leftovers
|-start|p2a: PrimarinaCarpenter|perish2
|-start|p1a: Lapras|perish2
|upkeep
|turn|18
|
|t:|1760738249
|move|p2a: PrimarinaCarpenter|Draining Kiss|p1a: Lapras
|-damage|p1a: Lapras|76/100
|-heal|p2a: PrimarinaCarpenter|100/100|[from] drain|[of] p1a: Lapras
|move|p1a: Lapras|Freeze-Dry|p2a: PrimarinaCarpenter
|-supereffective|p2a: PrimarinaCarpenter
|-end|p2a: PrimarinaCarpenter|Substitute
|
|-heal|p1a: Lapras|82/100|[from] item: Leftovers
|-start|p2a: PrimarinaCarpenter|perish1
|-start|p1a: Lapras|perish1
|upkeep
|turn|19
|
|t:|1760738262
|switch|p2a: Ninetoucher|Ninetales-Alola, F|100/100
|-weather|Snowscape|[from] ability: Snow Warning|[of] p2a: Ninetoucher
|move|p1a: Lapras|Whirlpool|p2a: Ninetoucher
|-damage|p2a: Ninetoucher|90/100
|-activate|p2a: Ninetoucher|move: Whirlpool|[of] p1a: Lapras
|
|-weather|Snowscape|[upkeep]
|-heal|p1a: Lapras|88/100|[from] item: Leftovers
|-damage|p2a: Ninetoucher|78/100|[from] move: Whirlpool|[partiallytrapped]
|-start|p1a: Lapras|perish0
|upkeep
|faint|p1a: Lapras
|
|t:|1760738279
|switch|p1a: Blaziken|Blaziken, M|100/100
|turn|20
|
|t:|1760738284
|move|p2a: Ninetoucher|Aurora Veil|p2a: Ninetoucher
|-sidestart|p2: SenileGaming|move: Aurora Veil
|move|p1a: Blaziken|Focus Energy|p1a: Blaziken
|-start|p1a: Blaziken|move: Focus Energy
|
|-weather|Snowscape|[upkeep]
|-end|p2a: Ninetoucher|Whirlpool|[partiallytrapped]|[silent]
|-ability|p1a: Blaziken|Speed Boost|boost
|-boost|p1a: Blaziken|spe|1
|upkeep
|turn|21
|
|t:|1760738294
|-terastallize|p1a: Blaziken|Fire
|move|p1a: Blaziken|Overheat|p2a: Ninetoucher
|-supereffective|p2a: Ninetoucher
|-crit|p2a: Ninetoucher
|-damage|p2a: Ninetoucher|0 fnt
|-unboost|p1a: Blaziken|spa|2
|faint|p2a: Ninetoucher
|
|-weather|Snowscape|[upkeep]
|-ability|p1a: Blaziken|Speed Boost|boost
|-boost|p1a: Blaziken|spe|1
|upkeep
|
|t:|1760738303
|switch|p2a: Hax|Haxorus, M, shiny|100/100
|-ability|p2a: Hax|Mold Breaker
|turn|22
|
|t:|1760738314
|move|p1a: Blaziken|Close Combat|p2a: Hax
|-crit|p2a: Hax
|-damage|p2a: Hax|11/100
|-unboost|p1a: Blaziken|def|1
|-unboost|p1a: Blaziken|spd|1
|move|p2a: Hax|Scale Shot|p1a: Blaziken
|-damage|p1a: Blaziken|68/100
|-damage|p1a: Blaziken|40/100
|-damage|p1a: Blaziken|8/100
|-damage|p1a: Blaziken|0 fnt
|faint|p1a: Blaziken
|-hitcount|p1: Blaziken|4
|-unboost|p2a: Hax|def|1
|-boost|p2a: Hax|spe|1
|
|-weather|Snowscape|[upkeep]
|upkeep
|
|t:|1760738330
|switch|p1a: Oricorio|Oricorio-Sensu, M|100/100
|turn|23
|
|t:|1760738337
|move|p2a: Hax|Scale Shot|p1a: Oricorio
|-damage|p1a: Oricorio|88/100
|-damage|p1a: Oricorio|75/100
|-damage|p1a: Oricorio|61/100
|-damage|p1a: Oricorio|49/100
|-hitcount|p1a: Oricorio|4
|-unboost|p2a: Hax|def|1
|-boost|p2a: Hax|spe|1
|move|p1a: Oricorio|Quiver Dance|p1a: Oricorio
|-boost|p1a: Oricorio|spa|1
|-boost|p1a: Oricorio|spd|1
|-boost|p1a: Oricorio|spe|1
|
|-weather|none
|upkeep
|turn|24
|
|t:|1760738358
|move|p2a: Hax|Scale Shot|p1a: Oricorio|[miss]
|-miss|p2a: Hax|p1a: Oricorio
|move|p1a: Oricorio|Revelation Dance|p2a: Hax
|-damage|p2a: Hax|0 fnt
|faint|p2a: Hax
|
|upkeep
|
|t:|1760738369
|switch|p2a: Gingkambit|Kingambit, M|100/100
|-activate|p2a: Gingkambit|ability: Supreme Overlord
|-start|p2a: Gingkambit|fallen3|[silent]
|turn|25
|
|t:|1760738383
|move|p1a: Oricorio|Quiver Dance|p1a: Oricorio
|-boost|p1a: Oricorio|spa|1
|-boost|p1a: Oricorio|spd|1
|-boost|p1a: Oricorio|spe|1
|move|p2a: Gingkambit|Kowtow Cleave|p1a: Oricorio
|-supereffective|p1a: Oricorio
|-damage|p1a: Oricorio|0 fnt
|faint|p1a: Oricorio
|
|upkeep
|
|t:|1760738392
|switch|p1a: Hydrapple|Hydrapple, M|100/100
|turn|26
|
|t:|1760738398
|move|p2a: Gingkambit|Kowtow Cleave|p1a: Hydrapple
|-damage|p1a: Hydrapple|47/100
|move|p1a: Hydrapple|Earth Power|p2a: Gingkambit
|-supereffective|p2a: Gingkambit
|-damage|p2a: Gingkambit|65/100
|
|upkeep
|turn|27
|
|t:|1760738408
|move|p2a: Gingkambit|Kowtow Cleave|p1a: Hydrapple
|-damage|p1a: Hydrapple|0 fnt
|faint|p1a: Hydrapple
|
|win|SenileGaming
|raw|sabu_emari's rating: 1263 &rarr; <strong>1235</strong><br />(-28 for losing)
|raw|SenileGaming's rating: 1219 &rarr; <strong>1247</strong><br />(+28 for winning)
|l|☆SenileGaming
|player|p2|
|l|☆sabu_emari
|player|p1|
