|j|☆XDTiger98
|j|☆Xv innnnn
|t:|1760850037
|gametype|singles
|player|p1|XDTiger98|1|1063
|player|p2|Xv innnnn|rosa|1140
|gen|9
|tier|[Gen 9] OU
|rated|
|rule|HP Percentage Mod: HP is shown in percentages
|rule|Endless Battle Clause: Forcing endless battles is banned
|rule|Species Clause: Limit one of each Pokémon
|rule|OHKO Clause: OHKO moves are banned
|rule|Evasion Items Clause: Evasion items are banned
|rule|Evasion Moves Clause: Evasion moves are banned
|rule|Evasion Abilities Clause: Evasion abilities are banned
|rule|Sleep Moves Clause: Sleep-inducing moves are banned
|clearpoke
|poke|p1|Charizard, M|
|poke|p1|Salamence, F|
|poke|p1|Scizor, M|
|poke|p1|Torterra, M|
|poke|p1|Jolteon, F|
|poke|p1|Milotic, F|
|poke|p2|Scizor, M|
|poke|p2|Pelipper, M|
|poke|p2|Basculegion, M|
|poke|p2|Kingdra, M|
|poke|p2|Zapdos|
|poke|p2|Jirachi|
|teampreview
|inactive|Battle timer is ON: inactive players will automatically lose when time's up. (requested by XDTiger98)
|
|t:|1760850044
|teamsize|p1|6
|teamsize|p2|6
|start
|switch|p1a: Jolteon|Jolteon, F|100/100
|switch|p2a: Pelipper|Pelipper, M|100/100
|-weather|RainDance|[from] ability: Drizzle|[of] p2a: Pelipper
|turn|1
|
|t:|1760850063
|-terastallize|p2a: Pelipper|Ground
|move|p1a: Jolteon|Volt Switch|p2a: Pelipper
|-immune|p2a: Pelipper
|move|p2a: Pelipper|Weather Ball|p1a: Jolteon
|-crit|p1a: Jolteon
|-damage|p1a: Jolteon|0 fnt
|faint|p1a: Jolteon
|
|-weather|RainDance|[upkeep]
|upkeep
|
|t:|1760850072
|switch|p1a: Milotic|Milotic, F|100/100
|turn|2
|
|t:|1760850084
|move|p1a: Milotic|Icy Wind|p2a: Pelipper
|-supereffective|p2a: Pelipper
|-damage|p2a: Pelipper|65/100
|-unboost|p2a: Pelipper|spe|1
|move|p2a: Pelipper|U-turn|p1a: Milotic
|-damage|p1a: Milotic|92/100
|
|t:|1760850091
|switch|p2a: Zapdos|Zapdos|100/100|[from] U-turn
|
|-weather|RainDance|[upkeep]
|-heal|p1a: Milotic|98/100|[from] item: Leftovers
|upkeep
|turn|3
|
|t:|1760850101
|move|p2a: Zapdos|Hurricane|p1a: Milotic
|-damage|p1a: Milotic|68/100
|move|p1a: Milotic|Light Screen|p1a: Milotic
|-sidestart|p1: XDTiger98|move: Light Screen
|
|-weather|RainDance|[upkeep]
|-heal|p1a: Milotic|74/100|[from] item: Leftovers
|upkeep
|turn|4
|
|t:|1760850120
|move|p2a: Zapdos|Thunder|p1a: Milotic
|-supereffective|p1a: Milotic
|-damage|p1a: Milotic|38/100
|move|p1a: Milotic|Recover|p1a: Milotic
|-heal|p1a: Milotic|88/100
|
|-weather|RainDance|[upkeep]
|-heal|p1a: Milotic|94/100|[from] item: Leftovers
|upkeep
|turn|5
|
|t:|1760850131
|move|p2a: Zapdos|Volt Switch|p1a: Milotic
|-supereffective|p1a: Milotic
|-damage|p1a: Milotic|72/100
|
|t:|1760850138
|switch|p2a: Basculegion|Basculegion, M|100/100|[from] Volt Switch
|move|p1a: Milotic|Icy Wind|p2a: Basculegion
|-resisted|p2a: Basculegion
|-damage|p2a: Basculegion|93/100
|-unboost|p2a: Basculegion|spe|1
|
|-weather|RainDance|[upkeep]
|-heal|p1a: Milotic|78/100|[from] item: Leftovers
|upkeep
|turn|6
|
|t:|1760850151
|move|p2a: Basculegion|Phantom Force||[still]
|-prepare|p2a: Basculegion|Phantom Force
|move|p1a: Milotic|Icy Wind|p2a: Basculegion|[miss]
|-miss|p1a: Milotic|p2a: Basculegion
|
|-weather|RainDance|[upkeep]
|-heal|p1a: Milotic|84/100|[from] item: Leftovers
|upkeep
|turn|7
|
|t:|1760850160
|move|p2a: Basculegion|Phantom Force|p1a: Milotic|[from] lockedmove
|-damage|p1a: Milotic|22/100
|-damage|p2a: Basculegion|83/100|[from] item: Life Orb
|move|p1a: Milotic|Icy Wind|p2a: Basculegion
|-resisted|p2a: Basculegion
|-damage|p2a: Basculegion|75/100
|-unboost|p2a: Basculegion|spe|1
|
|-weather|RainDance|[upkeep]
|-heal|p1a: Milotic|28/100|[from] item: Leftovers
|-sideend|p1: XDTiger98|move: Light Screen
|upkeep
|turn|8
|
|t:|1760850176
|move|p2a: Basculegion|Crunch|p1a: Milotic
|-damage|p1a: Milotic|0 fnt
|faint|p1a: Milotic
|-damage|p2a: Basculegion|65/100|[from] item: Life Orb
|
|-weather|none
|upkeep
|
|t:|1760850183
|switch|p1a: Torterra|Torterra, M|100/100
|turn|9
|
|t:|1760850194
|switch|p2a: Pelipper|Pelipper, M, tera:Ground|65/100
|-weather|RainDance|[from] ability: Drizzle|[of] p2a: Pelipper
|-terastallize|p1a: Torterra|Steel
|move|p1a: Torterra|Shell Smash|p1a: Torterra
|-unboost|p1a: Torterra|def|1
|-unboost|p1a: Torterra|spd|1
|-boost|p1a: Torterra|atk|2
|-boost|p1a: Torterra|spa|2
|-boost|p1a: Torterra|spe|2
|-enditem|p1a: Torterra|White Herb
|-clearnegativeboost|p1a: Torterra|[silent]
|
|-weather|RainDance|[upkeep]
|upkeep
|turn|10
|
|t:|1760850214
|move|p1a: Torterra|Seed Bomb|p2a: Pelipper
|-supereffective|p2a: Pelipper
|-damage|p2a: Pelipper|0 fnt
|faint|p2a: Pelipper
|
|-weather|RainDance|[upkeep]
|upkeep
|
|t:|1760850223
|switch|p2a: Scizor|Scizor, M|100/100
|turn|11
|
|t:|1760850247
|move|p2a: Scizor|U-turn|p1a: Torterra
|-resisted|p1a: Torterra
|-damage|p1a: Torterra|89/100
|
|t:|1760850255
|switch|p2a: Zapdos|Zapdos|100/100|[from] U-turn
|move|p1a: Torterra|Earthquake|p2a: Zapdos
|-immune|p2a: Zapdos
|
|-weather|RainDance|[upkeep]
|upkeep
|turn|12
|
|t:|1760850266
|move|p2a: Zapdos|Thunder|p1a: Torterra
|-damage|p1a: Torterra|37/100
|move|p1a: Torterra|Rock Blast|p2a: Zapdos
|-supereffective|p2a: Zapdos
|-damage|p2a: Zapdos|69/100
|-supereffective|p2a: Zapdos
|-damage|p2a: Zapdos|38/100
|-supereffective|p2a: Zapdos
|-damage|p2a: Zapdos|7/100
|-hitcount|p2a: Zapdos|3
|
|-weather|RainDance|[upkeep]
|upkeep
|turn|13
|
|t:|1760850279
|move|p2a: Zapdos|Thunder|p1a: Torterra
|-damage|p1a: Torterra|0 fnt
|faint|p1a: Torterra
|
|-weather|RainDance|[upkeep]
|upkeep
|
|t:|1760850285
|switch|p1a: Charizard|Charizard, M|100/100
|turn|14
|
|t:|1760850290
|move|p1a: Charizard|Air Slash|p2a: Zapdos
|-resisted|p2a: Zapdos
|-damage|p2a: Zapdos|0 fnt
|faint|p2a: Zapdos
|
|-weather|RainDance|[upkeep]
|upkeep
|
|t:|1760850297
|switch|p2a: Kingdra|Kingdra, M|100/100
|turn|15
|
|t:|1760850304
|move|p2a: Kingdra|Hydro Pump|p1a: Charizard
|-supereffective|p1a: Charizard
|-damage|p1a: Charizard|0 fnt
|faint|p1a: Charizard
|
|-weather|RainDance|[upkeep]
|upkeep
|
|t:|1760850311
|switch|p1a: Scizor|Scizor, M|100/100
|turn|16
|
|t:|1760850324
|move|p1a: Scizor|Bullet Punch|p2a: Kingdra
|-resisted|p2a: Kingdra
|-damage|p2a: Kingdra|84/100
|move|p2a: Kingdra|Hydro Pump|p1a: Scizor
|-damage|p1a: Scizor|0 fnt
|faint|p1a: Scizor
|
|-weather|none
|upkeep
|
|t:|1760850331
|switch|p1a: Salamence|Salamence, F|100/100
|turn|17
|
|t:|1760850336
|switch|p2a: Basculegion|Basculegion, M|65/100
|move|p1a: Salamence|Dragon Claw|p2a: Basculegion
|-damage|p2a: Basculegion|7/100
|
|upkeep
|turn|18
|
|t:|1760850344
|move|p1a: Salamence|Dragon Claw|p2a: Basculegion
|-damage|p2a: Basculegion|0 fnt
|faint|p2a: Basculegion
|-ability|p1a: Salamence|Moxie|boost
|-boost|p1a: Salamence|atk|1
|
|upkeep
|
|t:|1760850352
|switch|p2a: Jirachi|Jirachi|100/100
|turn|19
|
|t:|1760850357
|move|p2a: Jirachi|Body Slam|p1a: Salamence
|-damage|p1a: Salamence|72/100
|-status|p1a: Salamence|par
|cant|p1a: Salamence|par
|
|upkeep
|turn|20
|-message|XDTiger98 forfeited.
|
|win|Xv innnnn
|raw|XDTiger98's rating: 1063 &rarr; <strong>1048</strong><br />(-15 for losing)
|raw|Xv innnnn's rating: 1140 &rarr; <strong>1160</strong><br />(+20 for winning)
|l|☆XDTiger98
|player|p1|
|l|☆Xv innnnn
|player|p2|
