|j|☆levijoseph
|j|☆Mrmonkey101
|t:|1760835195
|gametype|singles
|player|p1|levijoseph|nate|1602
|player|p2|Mrmonkey101|170|1566
|gen|9
|tier|[Gen 9] OU
|rated|
|rule|HP Percentage Mod: HP is shown in percentages
|rule|Endless Battle Clause: Forcing endless battles is banned
|rule|Species Clause: Limit one of each Pokémon
|rule|OHKO Clause: OHKO moves are banned
|rule|Evasion Items Clause: Evasion items are banned
|rule|Evasion Moves Clause: Evasion moves are banned
|rule|Evasion Abilities Clause: Evasion abilities are banned
|rule|Sleep Moves Clause: Sleep-inducing moves are banned
|clearpoke
|poke|p1|Mew|
|poke|p1|Scizor, F|
|poke|p1|Gengar, F|
|poke|p1|Clefable, M|
|poke|p1|Serperior, F|
|poke|p1|Ceruledge, F|
|poke|p2|Slowking-Galar, M|
|poke|p2|Great Tusk|
|poke|p2|Alomomola, F|
|poke|p2|Gholdengo|
|poke|p2|Whimsicott, M|
|poke|p2|Kyurem|
|teampreview
|inactive|Battle timer is ON: inactive players will automatically lose when time's up. (requested by levijoseph)
|
|t:|1760835213
|teamsize|p1|6
|teamsize|p2|6
|start
|switch|p1a: Gengar|Gengar, F|100/100
|switch|p2a: Gholdengo|Gholdengo|100/100
|turn|1
|
|t:|1760835217
|move|p2a: Gholdengo|Shadow Ball|p1a: Gengar
|-supereffective|p1a: Gengar
|-enditem|p1a: Gengar|Focus Sash
|-damage|p1a: Gengar|1/100
|move|p1a: Gengar|Hex|p2a: Gholdengo
|-supereffective|p2a: Gholdengo
|-damage|p2a: Gholdengo|16/100
|
|upkeep
|turn|2
|
|t:|1760835221
|move|p2a: Gholdengo|Shadow Ball|p1a: Gengar
|-supereffective|p1a: Gengar
|-damage|p1a: Gengar|0 fnt
|faint|p1a: Gengar
|
|upkeep
|
|t:|1760835229
|switch|p1a: Scizor|Scizor, F|100/100
|turn|3
|
|t:|1760835234
|switch|p2a: Great Tusk|Great Tusk|100/100
|move|p1a: Scizor|Bullet Punch|p2a: Great Tusk
|-damage|p2a: Great Tusk|75/100
|-damage|p1a: Scizor|84/100|[from] item: Rocky Helmet|[of] p2a: Great Tusk
|
|-heal|p1a: Scizor|90/100|[from] item: Leftovers
|upkeep
|turn|4
|
|t:|1760835238
|switch|p1a: Serperior|Serperior, F|100/100
|move|p2a: Great Tusk|Rapid Spin|p1a: Serperior
|-damage|p1a: Serperior|81/100
|-boost|p2a: Great Tusk|spe|1
|
|-heal|p1a: Serperior|88/100|[from] item: Leftovers
|upkeep
|turn|5
|
|t:|1760835242
|-end|p2a: Great Tusk|Protosynthesis|[silent]
|switch|p2a: Slowking|Slowking-Galar, M|100/100
|move|p1a: Serperior|Glare|p2a: Slowking
|-status|p2a: Slowking|par
|
|-heal|p1a: Serperior|94/100|[from] item: Leftovers
|upkeep
|turn|6
|
|t:|1760835244
|switch|p1a: Scizor|Scizor, F|90/100
|cant|p2a: Slowking|par
|
|-heal|p1a: Scizor|96/100|[from] item: Leftovers
|upkeep
|turn|7
|
|t:|1760835248
|move|p1a: Scizor|Swords Dance|p1a: Scizor
|-boost|p1a: Scizor|atk|2
|move|p2a: Slowking|Flamethrower|p1a: Scizor
|-supereffective|p1a: Scizor
|-damage|p1a: Scizor|0 fnt
|faint|p1a: Scizor
|
|upkeep
|
|t:|1760835252
|switch|p1a: Ceruledge|Ceruledge, F|100/100
|turn|8
|
|t:|1760835256
|switch|p2a: Whimsicott|Whimsicott, M|100/100
|move|p1a: Ceruledge|Swords Dance|p1a: Ceruledge
|-boost|p1a: Ceruledge|atk|2
|
|upkeep
|turn|9
|
|t:|1760835259
|switch|p1a: Serperior|Serperior, F|94/100
|move|p2a: Whimsicott|Encore||[still]
|-fail|p2a: Whimsicott
|
|-heal|p1a: Serperior|99/100|[from] item: Leftovers
|upkeep
|turn|10
|
|t:|1760835266
|switch|p2a: Gholdengo|Gholdengo|16/100
|move|p1a: Serperior|Glare|p2a: Gholdengo
|-immune|p2a: Gholdengo|[from] ability: Good as Gold
|
|-heal|p1a: Serperior|100/100|[from] item: Leftovers
|upkeep
|turn|11
|
|t:|1760835269
|move|p2a: Gholdengo|Make It Rain|p1a: Serperior
|-damage|p1a: Serperior|41/100
|-unboost|p2a: Gholdengo|spa|1
|move|p1a: Serperior|Leaf Storm|p2a: Gholdengo
|-resisted|p2a: Gholdengo
|-damage|p2a: Gholdengo|0 fnt
|-boost|p1a: Serperior|spa|2
|faint|p2a: Gholdengo
|
|-heal|p1a: Serperior|47/100|[from] item: Leftovers
|upkeep
|
|t:|1760835274
|switch|p2a: Slowking|Slowking-Galar, M|100/100 par
|turn|12
|
|t:|1760835277
|move|p1a: Serperior|Leech Seed|p2a: Slowking
|-start|p2a: Slowking|move: Leech Seed
|move|p2a: Slowking|Sludge Bomb|p1a: Serperior
|-supereffective|p1a: Serperior
|-damage|p1a: Serperior|0 fnt
|faint|p1a: Serperior
|
|upkeep
|
|t:|1760835288
|switch|p1a: Ceruledge|Ceruledge, F|100/100
|turn|13
|
|t:|1760835296
|switch|p2a: Great Tusk|Great Tusk|75/100
|move|p1a: Ceruledge|Bitter Blade|p2a: Great Tusk
|-damage|p2a: Great Tusk|37/100
|-damage|p1a: Ceruledge|84/100|[from] item: Rocky Helmet|[of] p2a: Great Tusk
|
|upkeep
|turn|14
|
|t:|1760835305
|move|p2a: Great Tusk|Headlong Rush|p1a: Ceruledge
|-supereffective|p1a: Ceruledge
|-damage|p1a: Ceruledge|0 fnt
|-unboost|p2a: Great Tusk|def|1
|-unboost|p2a: Great Tusk|spd|1
|faint|p1a: Ceruledge
|
|upkeep
|
|t:|1760835307
|switch|p1a: Mew|Mew|100/100
|turn|15
|
|t:|1760835311
|-end|p2a: Great Tusk|Protosynthesis|[silent]
|switch|p2a: Whimsicott|Whimsicott, M|100/100
|move|p1a: Mew|Calm Mind|p1a: Mew
|-boost|p1a: Mew|spa|1
|-boost|p1a: Mew|spd|1
|
|upkeep
|turn|16
|-message|levijoseph forfeited.
|
|win|Mrmonkey101
|raw|levijoseph's rating: 1602 &rarr; <strong>1580</strong><br />(-22 for losing)
|raw|Mrmonkey101's rating: 1566 &rarr; <strong>1588</strong><br />(+22 for winning)
|l|☆levijoseph
|player|p1|
|l|☆Mrmonkey101
|player|p2|
