|j|☆sinn6r
|j|☆anbcd
|t:|1760774002
|gametype|singles
|player|p1|sinn6r|psychic-gen4|1198
|player|p2|anbcd|gambler|1184
|gen|9
|tier|[Gen 9] OU
|rated|
|rule|HP Percentage Mod: HP is shown in percentages
|rule|Endless Battle Clause: Forcing endless battles is banned
|rule|Species Clause: Limit one of each Pokémon
|rule|OHKO Clause: OHKO moves are banned
|rule|Evasion Items Clause: Evasion items are banned
|rule|Evasion Moves Clause: Evasion moves are banned
|rule|Evasion Abilities Clause: Evasion abilities are banned
|rule|Sleep Moves Clause: Sleep-inducing moves are banned
|clearpoke
|poke|p1|Ninetales, M|
|poke|p1|Ceruledge, M|
|poke|p1|Venusaur, F|
|poke|p1|Hatterene, F|
|poke|p1|Great Tusk|
|poke|p1|Walking Wake|
|poke|p2|Great Tusk|
|poke|p2|Raging Bolt|
|poke|p2|Dragapult, M|
|poke|p2|Slowking-Galar, F|
|poke|p2|Kingambit, M|
|poke|p2|Ogerpon-Wellspring, F|
|teampreview
|inactive|Battle timer is ON: inactive players will automatically lose when time's up. (requested by sinn6r)
|
|t:|1760774011
|teamsize|p1|6
|teamsize|p2|6
|start
|switch|p1a: Kurama Chakra Mode|Ninetales, M|100/100
|switch|p2a: Great Tusk|Great Tusk|100/100
|-weather|SunnyDay|[from] ability: Drought|[of] p1a: Kurama Chakra Mode
|-activate|p2a: Great Tusk|ability: Protosynthesis
|-start|p2a: Great Tusk|protosynthesisatk
|turn|1
|
|t:|1760774026
|switch|p1a: Die w A Smile|Hatterene, F|100/100
|move|p2a: Great Tusk|Stealth Rock|p1a: Die w A Smile
|move|p1a: Die w A Smile|Stealth Rock|p2a: Great Tusk|[from] ability: Magic Bounce
|-sidestart|p2: anbcd|move: Stealth Rock
|
|-weather|SunnyDay|[upkeep]
|upkeep
|turn|2
|inactive|anbcd has 120 seconds left.
|
|t:|1760774057
|-end|p2a: Great Tusk|Protosynthesis|[silent]
|switch|p2a: Kingambit|Kingambit, M|100/100
|-damage|p2a: Kingambit|94/100|[from] Stealth Rock
|move|p1a: Die w A Smile|Psychic Noise|p2a: Kingambit
|-immune|p2a: Kingambit
|
|-weather|SunnyDay|[upkeep]
|-heal|p2a: Kingambit|100/100|[from] item: Leftovers
|upkeep
|turn|3
|inactive|anbcd has 120 seconds left.
|
|t:|1760774072
|move|p2a: Kingambit|Iron Head|p1a: Die w A Smile
|-supereffective|p1a: Die w A Smile
|-damage|p1a: Die w A Smile|16/100
|-enditem|p1a: Die w A Smile|Eject Button
|
|t:|1760774088
|switch|p1a: Slayboi Carti|Ceruledge, M|100/100
|
|-weather|SunnyDay|[upkeep]
|upkeep
|turn|4
|inactive|anbcd has 120 seconds left.
|
|t:|1760774113
|-end|p2a: Kingambit|fallenundefined|[silent]
|switch|p2a: Great Tusk|Great Tusk|100/100
|-damage|p2a: Great Tusk|98/100|[from] Stealth Rock
|-activate|p2a: Great Tusk|ability: Protosynthesis
|-start|p2a: Great Tusk|protosynthesisatk
|-terastallize|p1a: Slayboi Carti|Fairy
|move|p1a: Slayboi Carti|Bitter Blade|p2a: Great Tusk
|-damage|p2a: Great Tusk|51/100
|-damage|p1a: Slayboi Carti|84/100|[from] item: Rocky Helmet|[of] p2a: Great Tusk
|
|-weather|SunnyDay|[upkeep]
|upkeep
|turn|5
|inactive|sinn6r has 120 seconds left.
|
|t:|1760774136
|switch|p1a: Die w A Smile|Hatterene, F|16/100
|move|p2a: Great Tusk|Headlong Rush|p1a: Die w A Smile
|-damage|p1a: Die w A Smile|0 fnt
|-unboost|p2a: Great Tusk|def|1
|-unboost|p2a: Great Tusk|spd|1
|faint|p1a: Die w A Smile
|
|-weather|SunnyDay|[upkeep]
|upkeep
|inactive|sinn6r has 120 seconds left.
|
|t:|1760774143
|switch|p1a: Kurama Chakra Mode|Ninetales, M|100/100
|turn|6
|inactive|anbcd has 120 seconds left.
|
|t:|1760774153
|move|p1a: Kurama Chakra Mode|Will-O-Wisp|p2a: Great Tusk
|-status|p2a: Great Tusk|brn
|move|p2a: Great Tusk|Headlong Rush|p1a: Kurama Chakra Mode
|-supereffective|p1a: Kurama Chakra Mode
|-damage|p1a: Kurama Chakra Mode|2/100
|-unboost|p2a: Great Tusk|def|1
|-unboost|p2a: Great Tusk|spd|1
|
|-weather|SunnyDay|[upkeep]
|-damage|p2a: Great Tusk|45/100 brn|[from] brn
|upkeep
|turn|7
|inactive|anbcd has 120 seconds left.
|inactive|sinn6r has 120 seconds left.
|
|t:|1760774168
|switch|p1a: Dubya|Walking Wake|100/100
|-activate|p1a: Dubya|ability: Protosynthesis
|-start|p1a: Dubya|protosynthesisspa
|move|p2a: Great Tusk|Rapid Spin|p1a: Dubya
|-damage|p1a: Dubya|88/100
|-boost|p2a: Great Tusk|spe|1
|-sideend|p2: anbcd|Stealth Rock|[from] move: Rapid Spin|[of] p2a: Great Tusk
|
|-weather|SunnyDay|[upkeep]
|-damage|p2a: Great Tusk|39/100 brn|[from] brn
|upkeep
|turn|8
|inactive|anbcd has 120 seconds left.
|
|t:|1760774184
|-end|p2a: Great Tusk|Protosynthesis|[silent]
|switch|p2a: Ogerpon|Ogerpon-Wellspring, F|100/100
|move|p1a: Dubya|Dragon Pulse|p2a: Ogerpon
|-damage|p2a: Ogerpon|0 fnt
|faint|p2a: Ogerpon
|
|-weather|none
|-end|p1a: Dubya|Protosynthesis
|upkeep
|
|t:|1760774202
|switch|p2a: Dragapult|Dragapult, M|100/100
|turn|9
|
|t:|1760774219
|move|p2a: Dragapult|Dragon Darts|p1a: Dubya
|-supereffective|p1a: Dubya
|-damage|p1a: Dubya|45/100
|-anim|p2a: Dragapult|Dragon Darts|p1a: Dubya
|-supereffective|p1a: Dubya
|-crit|p1a: Dubya
|-damage|p1a: Dubya|0 fnt
|faint|p1a: Dubya
|-end|p1a: Dubya|Protosynthesis|[silent]
|
|upkeep
|
|t:|1760774226
|switch|p1a: Slayboi Carti|Ceruledge, M, tera:Fairy|84/100
|turn|10
|inactive|anbcd has 120 seconds left.
|
|t:|1760774241
|move|p2a: Dragapult|U-turn|p1a: Slayboi Carti
|-resisted|p1a: Slayboi Carti
|-crit|p1a: Slayboi Carti
|-damage|p1a: Slayboi Carti|62/100
|-ability|p1a: Slayboi Carti|Weak Armor|boost
|-unboost|p1a: Slayboi Carti|def|1
|-boost|p1a: Slayboi Carti|spe|2
|inactive|anbcd has 120 seconds left.
|
|t:|1760774262
|switch|p2a: Great Tusk|Great Tusk|39/100 brn|[from] U-turn
|move|p1a: Slayboi Carti|Swords Dance|p1a: Slayboi Carti
|-boost|p1a: Slayboi Carti|atk|2
|
|-damage|p2a: Great Tusk|33/100 brn|[from] brn
|upkeep
|turn|11
|
|t:|1760774274
|move|p1a: Slayboi Carti|Tera Blast|p2a: Great Tusk|[anim] Tera Blast Fairy
|-supereffective|p2a: Great Tusk
|-damage|p2a: Great Tusk|0 fnt
|faint|p2a: Great Tusk
|-end|p2a: Great Tusk|Protosynthesis|[silent]
|
|upkeep
|
|t:|1760774284
|switch|p2a: Slowking|Slowking-Galar, F|100/100
|turn|12
|
|t:|1760774301
|-terastallize|p2a: Slowking|Water
|move|p1a: Slayboi Carti|Bitter Blade|p2a: Slowking
|-resisted|p2a: Slowking
|-damage|p2a: Slowking|70/100
|-heal|p1a: Slayboi Carti|82/100|[from] drain|[of] p2a: Slowking
|move|p2a: Slowking|Sludge Bomb|p1a: Slayboi Carti
|-supereffective|p1a: Slayboi Carti
|-damage|p1a: Slayboi Carti|0 fnt
|faint|p1a: Slayboi Carti
|
|upkeep
|
|t:|1760774307
|switch|p1a: Kurama Chakra Mode|Ninetales, M|2/100
|-weather|SunnyDay|[from] ability: Drought|[of] p1a: Kurama Chakra Mode
|turn|13
|
|t:|1760774318
|switch|p1a: Venu Vidi Vici|Venusaur, F|100/100
|move|p2a: Slowking|Sludge Bomb|p1a: Venu Vidi Vici
|-damage|p1a: Venu Vidi Vici|63/100
|
|-weather|SunnyDay|[upkeep]
|upkeep
|turn|14
|
|t:|1760774337
|switch|p2a: Raging Bolt|Raging Bolt|100/100
|-activate|p2a: Raging Bolt|ability: Protosynthesis
|-start|p2a: Raging Bolt|protosynthesisspa
|move|p1a: Venu Vidi Vici|Growth|p1a: Venu Vidi Vici
|-boost|p1a: Venu Vidi Vici|atk|2
|-boost|p1a: Venu Vidi Vici|spa|2
|
|-weather|SunnyDay|[upkeep]
|upkeep
|turn|15
|
|t:|1760774352
|move|p1a: Venu Vidi Vici|Sludge Bomb|p2a: Raging Bolt
|-damage|p2a: Raging Bolt|0 fnt
|faint|p2a: Raging Bolt
|-end|p2a: Raging Bolt|Protosynthesis|[silent]
|-damage|p1a: Venu Vidi Vici|53/100|[from] item: Life Orb
|
|-weather|SunnyDay|[upkeep]
|upkeep
|inactive|anbcd has 90 seconds left.
|
|t:|1760774364
|switch|p2a: Dragapult|Dragapult, M|100/100
|turn|16
|
|t:|1760774370
|move|p1a: Venu Vidi Vici|Weather Ball|p2a: Dragapult
|-resisted|p2a: Dragapult
|-damage|p2a: Dragapult|11/100
|-damage|p1a: Venu Vidi Vici|43/100|[from] item: Life Orb
|move|p2a: Dragapult|Dragon Darts|p1a: Venu Vidi Vici
|-damage|p1a: Venu Vidi Vici|17/100
|-anim|p2a: Dragapult|Dragon Darts|p1a: Venu Vidi Vici
|-damage|p1a: Venu Vidi Vici|0 fnt
|faint|p1a: Venu Vidi Vici
|
|-weather|SunnyDay|[upkeep]
|upkeep
|
|t:|1760774381
|switch|p1a: Lynrd Spynrd|Great Tusk|100/100
|-activate|p1a: Lynrd Spynrd|ability: Protosynthesis
|-start|p1a: Lynrd Spynrd|protosynthesisspe
|turn|17
|
|t:|1760774396
|move|p1a: Lynrd Spynrd|Headlong Rush|p2a: Dragapult
|-damage|p2a: Dragapult|0 fnt
|-unboost|p1a: Lynrd Spynrd|def|1
|-unboost|p1a: Lynrd Spynrd|spd|1
|faint|p2a: Dragapult
|
|-weather|SunnyDay|[upkeep]
|upkeep
|inactive|anbcd has 90 seconds left.
|
|t:|1760774417
|switch|p2a: Slowking|Slowking-Galar, F, tera:Water|100/100
|turn|18
|inactive|anbcd has 90 seconds left.
|
|t:|1760774428
|move|p1a: Lynrd Spynrd|Headlong Rush|p2a: Slowking
|-damage|p2a: Slowking|64/100
|-unboost|p1a: Lynrd Spynrd|def|1
|-unboost|p1a: Lynrd Spynrd|spd|1
|move|p2a: Slowking|Psyshock|p1a: Lynrd Spynrd
|-supereffective|p1a: Lynrd Spynrd
|-damage|p1a: Lynrd Spynrd|32/100
|
|-weather|SunnyDay|[upkeep]
|upkeep
|turn|19
|inactive|anbcd has 90 seconds left.
|
|t:|1760774439
|-end|p1a: Lynrd Spynrd|Protosynthesis|[silent]
|switch|p1a: Kurama Chakra Mode|Ninetales, M|2/100
|move|p2a: Slowking|Psyshock|p1a: Kurama Chakra Mode
|-damage|p1a: Kurama Chakra Mode|0 fnt
|faint|p1a: Kurama Chakra Mode
|
|-weather|SunnyDay|[upkeep]
|upkeep
|
|t:|1760774440
|switch|p1a: Lynrd Spynrd|Great Tusk|32/100
|-activate|p1a: Lynrd Spynrd|ability: Protosynthesis
|-start|p1a: Lynrd Spynrd|protosynthesisspe
|turn|20
|
|t:|1760774452
|move|p1a: Lynrd Spynrd|Headlong Rush|p2a: Slowking
|-damage|p2a: Slowking|24/100
|-unboost|p1a: Lynrd Spynrd|def|1
|-unboost|p1a: Lynrd Spynrd|spd|1
|move|p2a: Slowking|Psyshock|p1a: Lynrd Spynrd
|-supereffective|p1a: Lynrd Spynrd
|-damage|p1a: Lynrd Spynrd|0 fnt
|faint|p1a: Lynrd Spynrd
|-end|p1a: Lynrd Spynrd|Protosynthesis|[silent]
|
|win|anbcd
|raw|sinn6r's rating: 1198 &rarr; <strong>1172</strong><br />(-26 for losing)
|raw|anbcd's rating: 1184 &rarr; <strong>1210</strong><br />(+26 for winning)
