|j|☆apaal
|j|☆Spookze
|t:|1760779240
|gametype|singles
|player|p1|apaal|101|1094
|player|p2|Spookze|2|1063
|gen|9
|tier|[Gen 9] OU
|rated|
|rule|HP Percentage Mod: HP is shown in percentages
|rule|Endless Battle Clause: Forcing endless battles is banned
|rule|Species Clause: Limit one of each Pokémon
|rule|OHKO Clause: OHKO moves are banned
|rule|Evasion Items Clause: Evasion items are banned
|rule|Evasion Moves Clause: Evasion moves are banned
|rule|Evasion Abilities Clause: Evasion abilities are banned
|rule|Sleep Moves Clause: Sleep-inducing moves are banned
|clearpoke
|poke|p1|Hydreigon, F|
|poke|p1|Scizor, M|
|poke|p1|Weezing-Galar, F|
|poke|p1|Landorus-Therian, M|
|poke|p1|Darkrai|
|poke|p1|Slowking-Galar, M|
|poke|p2|Garganacl, M|
|poke|p2|Darkrai|
|poke|p2|Sinistcha|
|poke|p2|Gardevoir, F|
|poke|p2|Toxapex, F|
|poke|p2|Braixen, M|
|teampreview
|inactive|Battle timer is ON: inactive players will automatically lose when time's up. (requested by apaal)
|
|t:|1760779259
|teamsize|p1|6
|teamsize|p2|6
|start
|switch|p1a: Landorus|Landorus-Therian, M|100/100
|switch|p2a: Garganacl|Garganacl, M|100/100
|-ability|p1a: Landorus|Intimidate|boost
|-unboost|p2a: Garganacl|atk|1
|turn|1
|
|t:|1760779268
|move|p1a: Landorus|Stealth Rock|p2a: Garganacl
|-sidestart|p2: Spookze|move: Stealth Rock
|move|p2a: Garganacl|Salt Cure|p1a: Landorus
|-damage|p1a: Landorus|90/100
|-start|p1a: Landorus|Salt Cure
|
|-damage|p1a: Landorus|78/100|[from] Salt Cure
|upkeep
|turn|2
|
|t:|1760779278
|move|p2a: Garganacl|Protect|p2a: Garganacl
|-singleturn|p2a: Garganacl|Protect
|move|p1a: Landorus|Taunt|p2a: Garganacl
|-activate|p2a: Garganacl|move: Protect
|
|-damage|p1a: Landorus|66/100|[from] Salt Cure
|upkeep
|turn|3
|
|t:|1760779288
|switch|p2a: Sinistcha|Sinistcha|100/100
|move|p1a: Landorus|Earthquake|p2a: Sinistcha
|-resisted|p2a: Sinistcha
|-damage|p2a: Sinistcha|70/100
|
|-damage|p1a: Landorus|53/100|[from] Salt Cure
|upkeep
|turn|4
|
|t:|1760779296
|move|p1a: Landorus|U-turn|p2a: Sinistcha
|-damage|p2a: Sinistcha|43/100
|
|t:|1760779304
|switch|p1a: Scizor|Scizor, M|100/100|[from] U-turn
|move|p2a: Sinistcha|Matcha Gotcha|p1a: Scizor
|-resisted|p1a: Scizor
|-damage|p1a: Scizor|87/100
|-heal|p2a: Sinistcha|49/100|[from] drain|[of] p1a: Scizor
|
|upkeep
|turn|5
|
|t:|1760779314
|move|p1a: Scizor|U-turn|p2a: Sinistcha
|-damage|p2a: Sinistcha|0 fnt
|faint|p2a: Sinistcha
|
|t:|1760779321
|switch|p1a: Darkrai|Darkrai|100/100|[from] U-turn
|
|upkeep
|
|t:|1760779326
|switch|p2a: Garganacl|Garganacl, M|100/100
|-damage|p2a: Garganacl|88/100|[from] Stealth Rock
|turn|6
|
|t:|1760779330
|move|p1a: Darkrai|Nasty Plot|p1a: Darkrai
|-boost|p1a: Darkrai|spa|2
|move|p2a: Garganacl|Salt Cure|p1a: Darkrai
|-damage|p1a: Darkrai|82/100
|-start|p1a: Darkrai|Salt Cure
|
|-heal|p2a: Garganacl|94/100|[from] item: Leftovers
|-damage|p1a: Darkrai|70/100|[from] Salt Cure
|upkeep
|turn|7
|
|t:|1760779339
|move|p1a: Darkrai|Dark Pulse|p2a: Garganacl
|-damage|p2a: Garganacl|9/100
|move|p2a: Garganacl|Body Press|p1a: Darkrai
|-supereffective|p1a: Darkrai
|-damage|p1a: Darkrai|0 fnt
|faint|p1a: Darkrai
|
|-heal|p2a: Garganacl|15/100|[from] item: Leftovers
|upkeep
|
|t:|1760779345
|switch|p1a: Landorus|Landorus-Therian, M|53/100
|-ability|p1a: Landorus|Intimidate|boost
|-unboost|p2a: Garganacl|atk|1
|turn|8
|
|t:|1760779351
|move|p2a: Garganacl|Protect|p2a: Garganacl
|-singleturn|p2a: Garganacl|Protect
|move|p1a: Landorus|Earthquake|p2a: Garganacl
|-activate|p2a: Garganacl|move: Protect
|
|-heal|p2a: Garganacl|21/100|[from] item: Leftovers
|upkeep
|turn|9
|
|t:|1760779359
|-terastallize|p2a: Garganacl|Flying
|move|p1a: Landorus|Earthquake|p2a: Garganacl
|-immune|p2a: Garganacl
|move|p2a: Garganacl|Salt Cure|p1a: Landorus
|-damage|p1a: Landorus|45/100
|-start|p1a: Landorus|Salt Cure
|
|-heal|p2a: Garganacl|27/100|[from] item: Leftovers
|-damage|p1a: Landorus|32/100|[from] Salt Cure
|upkeep
|turn|10
|
|t:|1760779368
|move|p2a: Garganacl|Protect|p2a: Garganacl
|-singleturn|p2a: Garganacl|Protect
|move|p1a: Landorus|U-turn|p2a: Garganacl
|-activate|p2a: Garganacl|move: Protect
|
|-heal|p2a: Garganacl|33/100|[from] item: Leftovers
|-damage|p1a: Landorus|20/100|[from] Salt Cure
|upkeep
|turn|11
|
|t:|1760779376
|move|p1a: Landorus|U-turn|p2a: Garganacl
|-resisted|p2a: Garganacl
|-damage|p2a: Garganacl|26/100
|
|t:|1760779382
|switch|p1a: Weezing|Weezing-Galar, F|100/100|[from] U-turn
|-ability|p1a: Weezing|Neutralizing Gas
|move|p2a: Garganacl|Recover|p2a: Garganacl
|-heal|p2a: Garganacl|76/100
|
|-heal|p2a: Garganacl|83/100|[from] item: Leftovers
|upkeep
|turn|12
|
|t:|1760779390
|move|p1a: Weezing|Will-O-Wisp|p2a: Garganacl
|-status|p2a: Garganacl|brn
|move|p2a: Garganacl|Salt Cure|p1a: Weezing
|-damage|p1a: Weezing|97/100
|-start|p1a: Weezing|Salt Cure
|
|-heal|p1a: Weezing|100/100|[from] item: Leftovers
|-heal|p2a: Garganacl|89/100 brn|[from] item: Leftovers
|-damage|p2a: Garganacl|83/100 brn|[from] brn
|-damage|p1a: Weezing|88/100|[from] Salt Cure
|upkeep
|turn|13
|
|t:|1760779404
|-end|p1a: Weezing|ability: Neutralizing Gas
|switch|p1a: Landorus|Landorus-Therian, M|20/100
|-ability|p1a: Landorus|Intimidate|boost
|-unboost|p2a: Garganacl|atk|1
|move|p2a: Garganacl|Protect||[still]
|-fail|p2a: Garganacl
|
|-heal|p2a: Garganacl|89/100 brn|[from] item: Leftovers
|-damage|p2a: Garganacl|83/100 brn|[from] brn
|upkeep
|turn|14
|
|t:|1760779413
|move|p1a: Landorus|U-turn|p2a: Garganacl
|-resisted|p2a: Garganacl
|-damage|p2a: Garganacl|75/100 brn
|
|t:|1760779417
|switch|p1a: Weezing|Weezing-Galar, F|88/100|[from] U-turn
|-ability|p1a: Weezing|Neutralizing Gas
|move|p2a: Garganacl|Salt Cure|p1a: Weezing
|-damage|p1a: Weezing|85/100
|-start|p1a: Weezing|Salt Cure
|
|-heal|p1a: Weezing|91/100|[from] item: Leftovers
|-heal|p2a: Garganacl|82/100 brn|[from] item: Leftovers
|-damage|p2a: Garganacl|75/100 brn|[from] brn
|-damage|p1a: Weezing|79/100|[from] Salt Cure
|upkeep
|turn|15
|
|t:|1760779430
|move|p1a: Weezing|Gunk Shot|p2a: Garganacl
|-damage|p2a: Garganacl|56/100 brn
|move|p2a: Garganacl|Salt Cure|p1a: Weezing
|-damage|p1a: Weezing|76/100
|
|-heal|p1a: Weezing|82/100|[from] item: Leftovers
|-heal|p2a: Garganacl|62/100 brn|[from] item: Leftovers
|-damage|p2a: Garganacl|56/100 brn|[from] brn
|-damage|p1a: Weezing|70/100|[from] Salt Cure
|upkeep
|turn|16
|
|t:|1760779440
|move|p1a: Weezing|Play Rough|p2a: Garganacl
|-damage|p2a: Garganacl|43/100 brn
|move|p2a: Garganacl|Recover|p2a: Garganacl
|-heal|p2a: Garganacl|93/100 brn
|
|-heal|p1a: Weezing|76/100|[from] item: Leftovers
|-heal|p2a: Garganacl|99/100 brn|[from] item: Leftovers
|-damage|p2a: Garganacl|93/100 brn|[from] brn
|-damage|p1a: Weezing|63/100|[from] Salt Cure
|upkeep
|turn|17
|
|t:|1760779450
|-end|p1a: Weezing|ability: Neutralizing Gas
|switch|p1a: Landorus|Landorus-Therian, M|20/100
|-ability|p1a: Landorus|Intimidate|boost
|-unboost|p2a: Garganacl|atk|1
|move|p2a: Garganacl|Salt Cure|p1a: Landorus
|-damage|p1a: Landorus|18/100
|-start|p1a: Landorus|Salt Cure
|
|-heal|p2a: Garganacl|99/100 brn|[from] item: Leftovers
|-damage|p2a: Garganacl|93/100 brn|[from] brn
|-damage|p1a: Landorus|5/100|[from] Salt Cure
|upkeep
|turn|18
|
|t:|1760779461
|switch|p1a: Hydreigon|Hydreigon, F|100/100
|move|p2a: Garganacl|Protect||[still]
|-fail|p2a: Garganacl
|
|-heal|p2a: Garganacl|99/100 brn|[from] item: Leftovers
|-damage|p2a: Garganacl|93/100 brn|[from] brn
|upkeep
|turn|19
|
|t:|1760779469
|move|p1a: Hydreigon|Substitute|p1a: Hydreigon
|-start|p1a: Hydreigon|Substitute
|-damage|p1a: Hydreigon|76/100
|move|p2a: Garganacl|Salt Cure|p1a: Hydreigon
|-activate|p1a: Hydreigon|move: Substitute|[damage]
|
|-heal|p2a: Garganacl|99/100 brn|[from] item: Leftovers
|-damage|p2a: Garganacl|93/100 brn|[from] brn
|upkeep
|turn|20
|
|t:|1760779476
|move|p1a: Hydreigon|Focus Energy|p1a: Hydreigon
|-start|p1a: Hydreigon|move: Focus Energy
|move|p2a: Garganacl|Body Press|p1a: Hydreigon
|-supereffective|p1a: Hydreigon
|-end|p1a: Hydreigon|Substitute
|
|-heal|p2a: Garganacl|99/100 brn|[from] item: Leftovers
|-damage|p2a: Garganacl|93/100 brn|[from] brn
|upkeep
|turn|21
|
|t:|1760779487
|move|p1a: Hydreigon|Draco Meteor|p2a: Garganacl
|-crit|p2a: Garganacl
|-damage|p2a: Garganacl|5/100 brn
|-unboost|p1a: Hydreigon|spa|2
|move|p2a: Garganacl|Body Press|p1a: Hydreigon
|-supereffective|p1a: Hydreigon
|-damage|p1a: Hydreigon|43/100
|
|-heal|p2a: Garganacl|11/100 brn|[from] item: Leftovers
|-damage|p2a: Garganacl|5/100 brn|[from] brn
|upkeep
|turn|22
|
|t:|1760779498
|move|p2a: Garganacl|Protect|p2a: Garganacl
|-singleturn|p2a: Garganacl|Protect
|move|p1a: Hydreigon|Flash Cannon|p2a: Garganacl
|-activate|p2a: Garganacl|move: Protect
|
|-heal|p2a: Garganacl|11/100 brn|[from] item: Leftovers
|-damage|p2a: Garganacl|5/100 brn|[from] brn
|upkeep
|turn|23
|
|t:|1760779507
|move|p1a: Hydreigon|Flash Cannon|p2a: Garganacl
|-crit|p2a: Garganacl
|-damage|p2a: Garganacl|0 fnt
|faint|p2a: Garganacl
|
|upkeep
|
|t:|1760779516
|switch|p2a: Toxapex|Toxapex, F|100/100
|-damage|p2a: Toxapex|88/100|[from] Stealth Rock
|turn|24
|
|t:|1760779521
|move|p1a: Hydreigon|Substitute|p1a: Hydreigon
|-start|p1a: Hydreigon|Substitute
|-damage|p1a: Hydreigon|18/100
|move|p2a: Toxapex|Toxic Spikes|p1a: Hydreigon
|-sidestart|p1: apaal|move: Toxic Spikes
|
|upkeep
|turn|25
|
|t:|1760779526
|move|p1a: Hydreigon|Draco Meteor|p2a: Toxapex
|-crit|p2a: Toxapex
|-damage|p2a: Toxapex|2/100
|-unboost|p1a: Hydreigon|spa|2
|move|p2a: Toxapex|Toxic Spikes|p1a: Hydreigon
|-sidestart|p1: apaal|move: Toxic Spikes
|
|upkeep
|turn|26
|
|t:|1760779534
|move|p1a: Hydreigon|Draco Meteor|p2a: Toxapex
|-crit|p2a: Toxapex
|-damage|p2a: Toxapex|0 fnt
|-unboost|p1a: Hydreigon|spa|2
|faint|p2a: Toxapex
|
|upkeep
|
|t:|1760779542
|switch|p2a: Braixen|Braixen, M|100/100
|-damage|p2a: Braixen|76/100|[from] Stealth Rock
|turn|27
|
|t:|1760779550
|move|p1a: Hydreigon|Draco Meteor|p2a: Braixen
|-crit|p2a: Braixen
|-damage|p2a: Braixen|16/100
|move|p2a: Braixen|Wish|p2a: Braixen
|
|upkeep
|turn|28
|
|t:|1760779557
|switch|p2a: Gardevoir|Gardevoir, F|100/100
|-damage|p2a: Gardevoir|88/100|[from] Stealth Rock
|move|p1a: Hydreigon|Draco Meteor|p2a: Gardevoir
|-immune|p2a: Gardevoir
|
|-heal|p2a: Gardevoir|100/100|[from] move: Wish|[wisher] Braixen
|upkeep
|turn|29
|
|t:|1760779568
|-terastallize|p1a: Hydreigon|Steel
|move|p1a: Hydreigon|Flash Cannon|p2a: Gardevoir
|-supereffective|p2a: Gardevoir
|-crit|p2a: Gardevoir
|-damage|p2a: Gardevoir|0 fnt
|faint|p2a: Gardevoir
|
|upkeep
|-message|Spookze forfeited.
|
|win|apaal
|raw|apaal's rating: 1094 &rarr; <strong>1118</strong><br />(+24 for winning)
|raw|Spookze's rating: 1063 &rarr; <strong>1045</strong><br />(-18 for losing)
|l|☆Spookze
|player|p2|
|l|☆apaal
|player|p1|
