|j|☆MoncefTheW
|j|☆zelicious
|t:|1760729500
|gametype|singles
|player|p1|MoncefTheW|dawn|1150
|player|p2|zelicious|veteran-gen4|1155
|gen|9
|tier|[Gen 9] OU
|rated|
|rule|HP Percentage Mod: HP is shown in percentages
|rule|Endless Battle Clause: Forcing endless battles is banned
|rule|Species Clause: Limit one of each Pokémon
|rule|OHKO Clause: OHKO moves are banned
|rule|Evasion Items Clause: Evasion items are banned
|rule|Evasion Moves Clause: Evasion moves are banned
|rule|Evasion Abilities Clause: Evasion abilities are banned
|rule|Sleep Moves Clause: Sleep-inducing moves are banned
|clearpoke
|poke|p1|Kommo-o, M|
|poke|p1|Iron Hands|
|poke|p1|Gyarados, M|
|poke|p1|Meowscarada, M|
|poke|p1|Chandelure, M|
|poke|p1|Maushold-Four|
|poke|p2|Sylveon, M|
|poke|p2|Ting-Lu|
|poke|p2|Scizor, F|
|poke|p2|Cinderace, M|
|poke|p2|Latios, M|
|poke|p2|Zapdos|
|teampreview
|inactive|Battle timer is ON: inactive players will automatically lose when time's up. (requested by MoncefTheW)
|
|t:|1760729515
|teamsize|p1|6
|teamsize|p2|6
|start
|switch|p1a: Best Tiger|Meowscarada, M, shiny|100/100
|switch|p2a: :3|Sylveon, M|100/100
|turn|1
|
|t:|1760729524
|move|p1a: Best Tiger|Triple Axel|p2a: :3
|-start|p1a: Best Tiger|typechange|Ice|[from] ability: Protean
|-damage|p2a: :3|87/100
|-damage|p2a: :3|63/100
|-damage|p2a: :3|27/100
|-hitcount|p2a: :3|3
|move|p2a: :3|Hyper Voice|p1a: Best Tiger
|-damage|p1a: Best Tiger|0 fnt
|faint|p1a: Best Tiger
|
|upkeep
|
|t:|1760729535
|switch|p1a: Dinosaurus|Kommo-o, M|100/100
|turn|2
|
|t:|1760729539
|move|p1a: Dinosaurus|Clangorous Soul|p1a: Dinosaurus
|-boost|p1a: Dinosaurus|atk|1
|-boost|p1a: Dinosaurus|def|1
|-boost|p1a: Dinosaurus|spa|1
|-boost|p1a: Dinosaurus|spd|1
|-boost|p1a: Dinosaurus|spe|1
|-damage|p1a: Dinosaurus|68/100
|move|p2a: :3|Hyper Voice|p1a: Dinosaurus
|-immune|p1a: Dinosaurus|[from] ability: Soundproof
|
|-heal|p1a: Dinosaurus|74/100|[from] item: Leftovers
|upkeep
|turn|3
|
|t:|1760729555
|switch|p2a: zappy|Zapdos, shiny|100/100
|move|p1a: Dinosaurus|Poison Jab|p2a: zappy
|-damage|p2a: zappy|75/100
|-status|p2a: zappy|psn
|-status|p1a: Dinosaurus|par|[from] ability: Static|[of] p2a: zappy
|
|-heal|p1a: Dinosaurus|80/100 par|[from] item: Leftovers
|-damage|p2a: zappy|63/100 psn|[from] psn
|upkeep
|turn|4
|
|t:|1760729567
|move|p2a: zappy|Hurricane|p1a: Dinosaurus
|-supereffective|p1a: Dinosaurus
|-damage|p1a: Dinosaurus|16/100 par
|move|p1a: Dinosaurus|Ice Punch|p2a: zappy
|-supereffective|p2a: zappy
|-damage|p2a: zappy|17/100 psn
|
|-heal|p1a: Dinosaurus|22/100 par|[from] item: Leftovers
|-damage|p2a: zappy|5/100 psn|[from] psn
|upkeep
|turn|5
|
|t:|1760729585
|move|p2a: zappy|Hurricane|p1a: Dinosaurus|[miss]
|-miss|p2a: zappy|p1a: Dinosaurus
|move|p1a: Dinosaurus|Drain Punch|p2a: zappy
|-resisted|p2a: zappy
|-damage|p2a: zappy|0 fnt
|-heal|p1a: Dinosaurus|25/100 par|[from] drain|[of] p2a: zappy
|faint|p2a: zappy
|
|-heal|p1a: Dinosaurus|31/100 par|[from] item: Leftovers
|upkeep
|
|t:|1760729598
|switch|p2a: what a blunder|Latios, M|100/100
|turn|6
|
|t:|1760729620
|move|p2a: what a blunder|Luster Purge|p1a: Dinosaurus
|-supereffective|p1a: Dinosaurus
|-damage|p1a: Dinosaurus|0 fnt
|faint|p1a: Dinosaurus
|
|upkeep
|
|t:|1760729628
|switch|p1a: Robot|Iron Hands, shiny|100/100
|-enditem|p1a: Robot|Booster Energy
|-activate|p1a: Robot|ability: Quark Drive|[fromitem]
|-start|p1a: Robot|quarkdriveatk
|turn|7
|
|t:|1760729641
|move|p2a: what a blunder|Luster Purge|p1a: Robot
|-supereffective|p1a: Robot
|-damage|p1a: Robot|20/100
|-unboost|p1a: Robot|spd|1
|move|p1a: Robot|Supercell Slam|p2a: what a blunder
|-resisted|p2a: what a blunder
|-damage|p2a: what a blunder|53/100
|
|upkeep
|turn|8
|
|t:|1760729650
|move|p2a: what a blunder|Luster Purge|p1a: Robot
|-supereffective|p1a: Robot
|-damage|p1a: Robot|0 fnt
|faint|p1a: Robot
|-end|p1a: Robot|Quark Drive|[silent]
|
|upkeep
|
|t:|1760729654
|switch|p1a: Rexplode|Chandelure, M, shiny|100/100
|turn|9
|
|t:|1760729658
|move|p2a: what a blunder|Luster Purge|p1a: Rexplode
|-damage|p1a: Rexplode|35/100
|-unboost|p1a: Rexplode|spd|1
|move|p1a: Rexplode|Substitute|p1a: Rexplode
|-start|p1a: Rexplode|Substitute
|-damage|p1a: Rexplode|10/100
|
|-heal|p1a: Rexplode|16/100|[from] item: Leftovers
|upkeep
|turn|10
|
|t:|1760729666
|move|p2a: what a blunder|Luster Purge|p1a: Rexplode
|-end|p1a: Rexplode|Substitute
|move|p1a: Rexplode|Shadow Ball|p2a: what a blunder
|-supereffective|p2a: what a blunder
|-damage|p2a: what a blunder|0 fnt
|faint|p2a: what a blunder
|
|-heal|p1a: Rexplode|22/100|[from] item: Leftovers
|upkeep
|
|t:|1760729678
|switch|p2a: lu|Ting-Lu|100/100
|-ability|p2a: lu|Vessel of Ruin
|turn|11
|
|t:|1760729683
|move|p1a: Rexplode|Flamethrower|p2a: lu
|-damage|p2a: lu|81/100
|move|p2a: lu|Earthquake|p1a: Rexplode
|-supereffective|p1a: Rexplode
|-damage|p1a: Rexplode|0 fnt
|faint|p1a: Rexplode
|
|-heal|p2a: lu|87/100|[from] item: Leftovers
|upkeep
|
|t:|1760729692
|switch|p1a: Mister Liu|Gyarados, M, shiny|100/100
|turn|12
|
|t:|1760729701
|-terastallize|p2a: lu|Poison
|move|p1a: Mister Liu|Aqua Tail|p2a: lu
|-damage|p2a: lu|58/100
|move|p2a: lu|Ruination|p1a: Mister Liu|[miss]
|-miss|p2a: lu|p1a: Mister Liu
|
|-heal|p2a: lu|64/100|[from] item: Leftovers
|upkeep
|turn|13
|
|t:|1760729711
|-terastallize|p1a: Mister Liu|Ground
|move|p1a: Mister Liu|Earthquake|p2a: lu
|-supereffective|p2a: lu
|-damage|p2a: lu|7/100
|move|p2a: lu|Ruination|p1a: Mister Liu
|-damage|p1a: Mister Liu|51/100
|
|-heal|p2a: lu|13/100|[from] item: Leftovers
|upkeep
|turn|14
|
|t:|1760729727
|move|p1a: Mister Liu|Earthquake|p2a: lu
|-supereffective|p2a: lu
|-damage|p2a: lu|0 fnt
|faint|p2a: lu
|-ability|p1a: Mister Liu|Moxie|boost
|-boost|p1a: Mister Liu|atk|1
|
|upkeep
|
|t:|1760729744
|switch|p2a: :3|Sylveon, M|27/100
|turn|15
|
|t:|1760729751
|move|p1a: Mister Liu|Earthquake|p2a: :3
|-damage|p2a: :3|0 fnt
|faint|p2a: :3
|-ability|p1a: Mister Liu|Moxie|boost
|-boost|p1a: Mister Liu|atk|1
|
|upkeep
|
|t:|1760729754
|switch|p2a: ashito no joe|Scizor, F|100/100
|turn|16
|
|t:|1760729761
|move|p1a: Mister Liu|Earthquake|p2a: ashito no joe
|-damage|p2a: ashito no joe|0 fnt
|faint|p2a: ashito no joe
|-ability|p1a: Mister Liu|Moxie|boost
|-boost|p1a: Mister Liu|atk|1
|
|upkeep
|-message|zelicious forfeited.
|
|win|MoncefTheW
|raw|MoncefTheW's rating: 1150 &rarr; <strong>1175</strong><br />(+25 for winning)
|raw|zelicious's rating: 1155 &rarr; <strong>1130</strong><br />(-25 for losing)
|l|☆zelicious
|player|p2|
