|j|☆Seizureaclock
|j|☆Crystalbrightness
|t:|1760846672
|gametype|singles
|player|p1|Seizureaclock|candice|1597
|player|p2|Crystalbrightness|waitress-gen4|1583
|gen|9
|tier|[Gen 9] OU
|rated|
|rule|HP Percentage Mod: HP is shown in percentages
|rule|Endless Battle Clause: Forcing endless battles is banned
|rule|Species Clause: Limit one of each Pokémon
|rule|OHKO Clause: OHKO moves are banned
|rule|Evasion Items Clause: Evasion items are banned
|rule|Evasion Moves Clause: Evasion moves are banned
|rule|Evasion Abilities Clause: Evasion abilities are banned
|rule|Sleep Moves Clause: Sleep-inducing moves are banned
|clearpoke
|poke|p1|Slowking-Galar, F|
|poke|p1|Great Tusk|
|poke|p1|Arcanine-Hisui, F|
|poke|p1|Corviknight, F|
|poke|p1|Dragapult, M|
|poke|p1|Darkrai|
|poke|p2|Landorus-Therian, M|
|poke|p2|Cinderace, F|
|poke|p2|Lokix, F|
|poke|p2|Alomomola, F|
|poke|p2|Keldeo-Resolute|
|poke|p2|Ogerpon, F|
|teampreview
|inactive|Battle timer is ON: inactive players will automatically lose when time's up. (requested by Seizureaclock)
|inactive|Crystalbrightness also wants the timer to be on.
|
|t:|1760846687
|teamsize|p1|6
|teamsize|p2|6
|start
|switch|p1a: Darkrai|Darkrai, shiny|100/100
|switch|p2a: Keldeo|Keldeo-Resolute|100/100
|turn|1
|
|t:|1760846701
|switch|p1a: Slowking|Slowking-Galar, F|100/100
|switch|p2a: Lokix|Lokix, F|100/100
|
|upkeep
|turn|2
|
|t:|1760846706
|switch|p1a: Corviknight|Corviknight, F|100/100
|-ability|p1a: Corviknight|Pressure
|move|p2a: Lokix|Knock Off|p1a: Corviknight
|-damage|p1a: Corviknight|60/100
|-damage|p2a: Lokix|84/100|[from] item: Rocky Helmet|[of] p1a: Corviknight
|-enditem|p1a: Corviknight|Rocky Helmet|[from] move: Knock Off|[of] p2a: Lokix
|-damage|p2a: Lokix|74/100|[from] item: Life Orb
|
|upkeep
|turn|3
|
|t:|1760846710
|move|p2a: Lokix|U-turn|p1a: Corviknight
|-resisted|p1a: Corviknight
|-damage|p1a: Corviknight|48/100
|-damage|p2a: Lokix|64/100|[from] item: Life Orb
|
|t:|1760846713
|switch|p2a: Keldeo|Keldeo-Resolute|100/100|[from] U-turn
|move|p1a: Corviknight|Roost|p1a: Corviknight
|-heal|p1a: Corviknight|98/100
|-singleturn|p1a: Corviknight|move: Roost
|
|upkeep
|turn|4
|
|t:|1760846717
|switch|p1a: Slowking|Slowking-Galar, F|100/100
|-terastallize|p2a: Keldeo|Water
|move|p2a: Keldeo|Surf|p1a: Slowking
|-damage|p1a: Slowking|47/100
|
|upkeep
|turn|5
|
|t:|1760846732
|switch|p2a: Landorus|Landorus-Therian, M|100/100
|-ability|p2a: Landorus|Intimidate|boost
|-unboost|p1a: Slowking|atk|1
|switch|p1a: Dragapult|Dragapult, M|100/100
|
|upkeep
|turn|6
|
|t:|1760846738
|switch|p2a: Alomomola|Alomomola, F|100/100
|move|p1a: Dragapult|Will-O-Wisp|p2a: Alomomola
|-status|p2a: Alomomola|brn
|
|-damage|p2a: Alomomola|94/100 brn|[from] brn
|upkeep
|turn|7
|
|t:|1760846743
|switch|p1a: Slowking|Slowking-Galar, F|80/100
|move|p2a: Alomomola|Mirror Coat||[still]
|-fail|p2a: Alomomola
|
|-damage|p2a: Alomomola|88/100 brn|[from] brn
|upkeep
|turn|8
|
|t:|1760846748
|move|p2a: Alomomola|Flip Turn|p1a: Slowking
|-damage|p1a: Slowking|71/100
|
|t:|1760846767
|switch|p2a: Lokix|Lokix, F|64/100|[from] Flip Turn
|-prepare|p1a: Slowking|Chilly Reception|[premajor]
|move|p1a: Slowking|Chilly Reception|p1a: Slowking
|-weather|Snowscape
|
|t:|1760846771
|switch|p1a: Corviknight|Corviknight, F|98/100|[from] Chilly Reception
|-ability|p1a: Corviknight|Pressure
|
|-weather|Snowscape|[upkeep]
|upkeep
|turn|9
|
|t:|1760846776
|move|p2a: Lokix|U-turn|p1a: Corviknight
|-resisted|p1a: Corviknight
|-damage|p1a: Corviknight|86/100
|-damage|p2a: Lokix|54/100|[from] item: Life Orb
|
|t:|1760846780
|switch|p2a: Keldeo|Keldeo-Resolute, tera:Water|100/100|[from] U-turn
|move|p1a: Corviknight|U-turn|p2a: Keldeo
|-damage|p2a: Keldeo|83/100
|
|t:|1760846788
|switch|p1a: Slowking|Slowking-Galar, F|100/100|[from] U-turn
|
|-weather|Snowscape|[upkeep]
|upkeep
|turn|10
|
|t:|1760846794
|switch|p2a: Lokix|Lokix, F|54/100
|move|p1a: Slowking|Sludge Bomb|p2a: Lokix
|-damage|p2a: Lokix|0 fnt
|faint|p2a: Lokix
|
|-weather|Snowscape|[upkeep]
|upkeep
|
|t:|1760846798
|switch|p2a: Cinderace|Cinderace, F|100/100
|turn|11
|
|t:|1760846802
|switch|p1a: Arcanine|Arcanine-Hisui, F, shiny|100/100
|move|p2a: Cinderace|Pyro Ball|p1a: Arcanine
|-resisted|p1a: Arcanine
|-damage|p1a: Arcanine|83/100
|
|-weather|Snowscape|[upkeep]
|upkeep
|turn|12
|
|t:|1760846805
|switch|p1a: Dragapult|Dragapult, M|100/100
|move|p2a: Cinderace|U-turn|p1a: Dragapult
|-start|p2a: Cinderace|typechange|Bug|[from] ability: Libero
|-resisted|p1a: Dragapult
|-damage|p1a: Dragapult|77/100
|
|t:|1760846816
|switch|p2a: Alomomola|Alomomola, F|100/100 brn|[from] U-turn
|
|-weather|none
|-damage|p2a: Alomomola|94/100 brn|[from] brn
|upkeep
|turn|13
|
|t:|1760846820
|move|p1a: Dragapult|U-turn|p2a: Alomomola
|-damage|p2a: Alomomola|82/100 brn
|
|t:|1760846823
|switch|p1a: Slowking|Slowking-Galar, F|100/100|[from] U-turn
|move|p2a: Alomomola|Flip Turn|p1a: Slowking
|-damage|p1a: Slowking|92/100
|
|t:|1760846830
|switch|p2a: Cinderace|Cinderace, F|100/100|[from] Flip Turn
|
|upkeep
|turn|14
|
|t:|1760846836
|move|p2a: Cinderace|U-turn|p1a: Slowking
|-start|p2a: Cinderace|typechange|Bug|[from] ability: Libero
|-damage|p1a: Slowking|57/100
|
|t:|1760846839
|switch|p2a: Alomomola|Alomomola, F|100/100 brn|[from] U-turn
|move|p1a: Slowking|Sludge Bomb|p2a: Alomomola
|-damage|p2a: Alomomola|81/100 brn
|
|-damage|p2a: Alomomola|75/100 brn|[from] brn
|upkeep
|turn|15
|
|t:|1760846841
|move|p2a: Alomomola|Flip Turn|p1a: Slowking
|-damage|p1a: Slowking|49/100
|
|t:|1760846844
|switch|p2a: Landorus|Landorus-Therian, M|100/100|[from] Flip Turn
|-ability|p2a: Landorus|Intimidate|boost
|-unboost|p1a: Slowking|atk|1
|-prepare|p1a: Slowking|Chilly Reception|[premajor]
|move|p1a: Slowking|Chilly Reception|p1a: Slowking
|-weather|Snowscape
|
|t:|1760846849
|switch|p1a: Darkrai|Darkrai, shiny|100/100|[from] Chilly Reception
|
|-weather|Snowscape|[upkeep]
|upkeep
|turn|16
|
|t:|1760846852
|switch|p2a: Alomomola|Alomomola, F|100/100 brn
|move|p1a: Darkrai|Will-O-Wisp|p2a: Alomomola
|-fail|p2a: Alomomola|brn
|
|-weather|Snowscape|[upkeep]
|-damage|p2a: Alomomola|94/100 brn|[from] brn
|upkeep
|turn|17
|
|t:|1760846858
|move|p1a: Darkrai|Nasty Plot|p1a: Darkrai
|-boost|p1a: Darkrai|spa|2
|move|p2a: Alomomola|Mirror Coat||[still]
|-fail|p2a: Alomomola
|
|-weather|Snowscape|[upkeep]
|-damage|p2a: Alomomola|88/100 brn|[from] brn
|upkeep
|turn|18
|
|t:|1760846861
|move|p1a: Darkrai|Nasty Plot|p1a: Darkrai
|-boost|p1a: Darkrai|spa|2
|move|p2a: Alomomola|Flip Turn|p1a: Darkrai
|-damage|p1a: Darkrai|90/100
|
|t:|1760846864
|switch|p2a: Keldeo|Keldeo-Resolute, tera:Water|83/100|[from] Flip Turn
|
|-weather|Snowscape|[upkeep]
|-heal|p1a: Darkrai|96/100|[from] item: Leftovers
|upkeep
|turn|19
|
|t:|1760846869
|-terastallize|p1a: Darkrai|Poison
|move|p2a: Keldeo|Vacuum Wave|p1a: Darkrai
|-resisted|p1a: Darkrai
|-damage|p1a: Darkrai|76/100
|move|p1a: Darkrai|Dark Pulse|p2a: Keldeo
|-damage|p2a: Keldeo|0 fnt
|faint|p2a: Keldeo
|
|-weather|none
|-heal|p1a: Darkrai|82/100|[from] item: Leftovers
|upkeep
|-message|Crystalbrightness forfeited.
|
|win|Seizureaclock
|raw|Seizureaclock's rating: 1597 &rarr; <strong>1616</strong><br />(+19 for winning)
|raw|Crystalbrightness's rating: 1583 &rarr; <strong>1564</strong><br />(-19 for losing)
|l|☆Crystalbrightness
|player|p2|
|l|☆Seizureaclock
|player|p1|
