|j|☆Cocobreezy
|j|☆kills your
|t:|1760840969
|gametype|singles
|player|p1|Cocobreezy|yellow|1406
|player|p2|kills your|iono|1356
|gen|9
|tier|[Gen 9] OU
|rated|
|rule|HP Percentage Mod: HP is shown in percentages
|rule|Endless Battle Clause: Forcing endless battles is banned
|rule|Species Clause: Limit one of each Pokémon
|rule|OHKO Clause: OHKO moves are banned
|rule|Evasion Items Clause: Evasion items are banned
|rule|Evasion Moves Clause: Evasion moves are banned
|rule|Evasion Abilities Clause: Evasion abilities are banned
|rule|Sleep Moves Clause: Sleep-inducing moves are banned
|clearpoke
|poke|p1|Primarina, F|
|poke|p1|Keldeo-Resolute|
|poke|p1|Pikachu, M|
|poke|p1|Greninja-*, M|
|poke|p1|Meowscarada, F|
|poke|p1|Pelipper, M|
|poke|p2|Ninetales, M|
|poke|p2|Hatterene, F|
|poke|p2|Leafeon, F|
|poke|p2|Raging Bolt|
|poke|p2|Great Tusk|
|poke|p2|Walking Wake|
|teampreview
|inactive|Battle timer is ON: inactive players will automatically lose when time's up. (requested by Cocobreezy)
|
|t:|1760840989
|teamsize|p1|6
|teamsize|p2|6
|start
|switch|p1a: Pikachu|Pikachu, M|100/100
|switch|p2a: Raging Bolt|Raging Bolt|100/100
|turn|1
|
|t:|1760841003
|-terastallize|p1a: Pikachu|Normal
|move|p1a: Pikachu|Fake Out|p2a: Raging Bolt
|-damage|p2a: Raging Bolt|74/100
|cant|p2a: Raging Bolt|flinch
|
|upkeep
|turn|2
|
|t:|1760841011
|switch|p1a: Pelipper|Pelipper, M|100/100
|-weather|RainDance|[from] ability: Drizzle|[of] p1a: Pelipper
|move|p2a: Raging Bolt|Draco Meteor|p1a: Pelipper
|-damage|p1a: Pelipper|17/100
|-unboost|p2a: Raging Bolt|spa|2
|
|-weather|RainDance|[upkeep]
|upkeep
|turn|3
|
|t:|1760841020
|switch|p1a: Meowscarada|Meowscarada, F|100/100
|move|p2a: Raging Bolt|Volt Switch|p1a: Meowscarada
|-resisted|p1a: Meowscarada
|-damage|p1a: Meowscarada|84/100
|
|t:|1760841026
|-end|p2a: Raging Bolt|Protosynthesis|[silent]
|switch|p2a: Ninetales|Ninetales, M|100/100|[from] Volt Switch
|-weather|SunnyDay|[from] ability: Drought|[of] p2a: Ninetales
|
|-weather|SunnyDay|[upkeep]
|upkeep
|turn|4
|
|t:|1760841032
|move|p1a: Meowscarada|Knock Off|p2a: Ninetales
|-start|p1a: Meowscarada|typechange|Dark|[from] ability: Protean
|-damage|p2a: Ninetales|30/100
|-enditem|p2a: Ninetales|Heat Rock|[from] move: Knock Off|[of] p1a: Meowscarada
|move|p2a: Ninetales|Will-O-Wisp|p1a: Meowscarada
|-status|p1a: Meowscarada|brn
|
|-weather|SunnyDay|[upkeep]
|-damage|p1a: Meowscarada|78/100 brn|[from] brn
|upkeep
|turn|5
|
|t:|1760841040
|switch|p2a: Hatterene|Hatterene, F|100/100
|move|p1a: Meowscarada|Knock Off|p2a: Hatterene
|-damage|p2a: Hatterene|80/100
|-enditem|p2a: Hatterene|Eject Button|[from] move: Knock Off|[of] p1a: Meowscarada
|
|-weather|SunnyDay|[upkeep]
|-damage|p1a: Meowscarada|71/100 brn|[from] brn
|upkeep
|turn|6
|
|t:|1760841049
|switch|p1a: Pikachu|Pikachu, M, tera:Normal|100/100
|move|p2a: Hatterene|Calm Mind|p2a: Hatterene
|-boost|p2a: Hatterene|spa|1
|-boost|p2a: Hatterene|spd|1
|
|-weather|SunnyDay|[upkeep]
|upkeep
|turn|7
|
|t:|1760841053
|move|p1a: Pikachu|Volt Tackle|p2a: Hatterene
|-damage|p2a: Hatterene|13/100
|-damage|p1a: Pikachu|67/100|[from] Recoil
|move|p2a: Hatterene|Draining Kiss|p1a: Pikachu
|-damage|p1a: Pikachu|0 fnt
|-heal|p2a: Hatterene|47/100|[from] drain|[of] p1a: Pikachu
|faint|p1a: Pikachu
|
|-weather|SunnyDay|[upkeep]
|upkeep
|
|t:|1760841082
|switch|p1a: Meowscarada|Meowscarada, F|71/100 brn
|turn|8
|
|t:|1760841089
|move|p1a: Meowscarada|Triple Axel|p2a: Hatterene|[miss]
|-start|p1a: Meowscarada|typechange|Ice|[from] ability: Protean
|-miss|p1a: Meowscarada|p2a: Hatterene
|move|p2a: Hatterene|Draining Kiss|p1a: Meowscarada
|-damage|p1a: Meowscarada|18/100 brn
|-heal|p2a: Hatterene|84/100|[from] drain|[of] p1a: Meowscarada
|
|-weather|SunnyDay|[upkeep]
|-damage|p1a: Meowscarada|12/100 brn|[from] brn
|upkeep
|turn|9
|
|t:|1760841092
|move|p1a: Meowscarada|Triple Axel|p2a: Hatterene
|-damage|p2a: Hatterene|79/100
|-hitcount|p2a: Hatterene|1
|move|p2a: Hatterene|Draining Kiss|p1a: Meowscarada
|-damage|p1a: Meowscarada|0 fnt
|-heal|p2a: Hatterene|87/100|[from] drain|[of] p1a: Meowscarada
|faint|p1a: Meowscarada
|
|-weather|SunnyDay|[upkeep]
|upkeep
|
|t:|1760841098
|switch|p1a: Pelipper|Pelipper, M|17/100
|-weather|RainDance|[from] ability: Drizzle|[of] p1a: Pelipper
|turn|10
|
|t:|1760841111
|move|p1a: Pelipper|Tailwind|p1a: Pelipper
|-sidestart|p1: Cocobreezy|move: Tailwind
|move|p2a: Hatterene|Calm Mind|p2a: Hatterene
|-boost|p2a: Hatterene|spa|1
|-boost|p2a: Hatterene|spd|1
|
|-weather|RainDance|[upkeep]
|upkeep
|turn|11
|
|t:|1760841116
|move|p1a: Pelipper|U-turn|p2a: Hatterene
|-damage|p2a: Hatterene|78/100
|
|t:|1760841119
|switch|p1a: Keldeo|Keldeo-Resolute|100/100|[from] U-turn
|move|p2a: Hatterene|Calm Mind|p2a: Hatterene
|-boost|p2a: Hatterene|spa|1
|-boost|p2a: Hatterene|spd|1
|
|-weather|RainDance|[upkeep]
|upkeep
|turn|12
|-message|Cocobreezy forfeited.
|
|win|kills your
|raw|Cocobreezy's rating: 1406 &rarr; <strong>1383</strong><br />(-23 for losing)
|raw|kills your's rating: 1356 &rarr; <strong>1379</strong><br />(+23 for winning)
|l|☆Cocobreezy
|player|p1|
|l|☆kills your
|player|p2|
