|j|☆SpongeGar & Patar
|j|☆ciantaihou
|t:|1760775541
|gametype|singles
|player|p1|SpongeGar & Patar|101|1892
|player|p2|ciantaihou|bellelba|1800
|gen|9
|tier|[Gen 9] OU
|rated|
|rule|HP Percentage Mod: HP is shown in percentages
|rule|Endless Battle Clause: Forcing endless battles is banned
|rule|Species Clause: Limit one of each Pokémon
|rule|OHKO Clause: OHKO moves are banned
|rule|Evasion Items Clause: Evasion items are banned
|rule|Evasion Moves Clause: Evasion moves are banned
|rule|Evasion Abilities Clause: Evasion abilities are banned
|rule|Sleep Moves Clause: Sleep-inducing moves are banned
|clearpoke
|poke|p1|Kyurem|
|poke|p1|Corviknight, F|
|poke|p1|Ting-Lu|
|poke|p1|Dondozo, M|
|poke|p1|Slowking-Galar, L99, F|
|poke|p1|Cinderace, M|
|poke|p2|Ursaluna, F|
|poke|p2|Torkoal, F|
|poke|p2|Hoopa-Unbound|
|poke|p2|Cresselia, F|
|poke|p2|Hatterene, F|
|poke|p2|Enamorus-Therian, F|
|teampreview
|j| Wowbigsmall
|
|t:|1760775591
|teamsize|p1|6
|teamsize|p2|6
|start
|switch|p1a: Dondozo|Dondozo, M|100/100
|switch|p2a: Hoopa|Hoopa-Unbound|100/100
|turn|1
|inactive|Battle timer is ON: inactive players will automatically lose when time's up. (requested by SpongeGar & Patar)
|inactive|SpongeGar & Patar has 120 seconds left.
|l|☆ciantaihou
|inactive|ciantaihou disconnected and has a minute to reconnect!
|player|p2|
|
|t:|1760775639
|move|p2a: Hoopa|Psychic|p1a: Dondozo
|-damage|p1a: Dondozo|50/100
|move|p1a: Dondozo|Waterfall|p2a: Hoopa
|-crit|p2a: Hoopa
|-damage|p2a: Hoopa|46/100
|
|-heal|p1a: Dondozo|56/100|[from] item: Leftovers
|upkeep
|turn|2
|j|☆ciantaihou
|inactive|ciantaihou reconnected and has 130 seconds left.
|player|p2|ciantaihou|bellelba|
|inactive|SpongeGar & Patar has 120 seconds left.
|inactive|ciantaihou has 120 seconds left.
|
|t:|1760775693
|-terastallize|p1a: Dondozo|Dark
|move|p1a: Dondozo|Body Press|p2a: Hoopa
|-damage|p2a: Hoopa|12/100
|move|p2a: Hoopa|Trick Room|p2a: Hoopa
|-fieldstart|move: Trick Room|[of] p2a: Hoopa
|
|-heal|p1a: Dondozo|63/100|[from] item: Leftovers
|upkeep
|turn|3
|j| amimec
|inactive|SpongeGar & Patar has 90 seconds left.
|
|t:|1760775741
|move|p1a: Dondozo|Waterfall|p2a: Hoopa
|-damage|p2a: Hoopa|0 fnt
|faint|p2a: Hoopa
|
|-heal|p1a: Dondozo|69/100|[from] item: Leftovers
|upkeep
|
|t:|1760775748
|switch|p2a: Torkoal|Torkoal, F, shiny|100/100
|-weather|SunnyDay|[from] ability: Drought|[of] p2a: Torkoal
|turn|4
|l| Wowbigsmall
|inactive|SpongeGar & Patar has 60 seconds left.
|
|t:|1760775797
|-terastallize|p2a: Torkoal|Fire
|move|p2a: Torkoal|Eruption|p1a: Dondozo
|-damage|p1a: Dondozo|0 fnt
|faint|p1a: Dondozo
|
|-weather|SunnyDay|[upkeep]
|upkeep
|
|t:|1760775808
|switch|p1a: Slowking|Slowking-Galar, L99, F|100/100
|turn|5
|
|t:|1760775817
|move|p2a: Torkoal|Eruption|p1a: Slowking
|-damage|p1a: Slowking|0 fnt
|faint|p1a: Slowking
|
|-weather|SunnyDay|[upkeep]
|upkeep
|
|t:|1760775828
|switch|p1a: Kyurem|Kyurem|100/100
|-ability|p1a: Kyurem|Pressure
|turn|6
|
|t:|1760775841
|move|p1a: Kyurem|Protect|p1a: Kyurem
|-singleturn|p1a: Kyurem|Protect
|move|p2a: Torkoal|Eruption|p1a: Kyurem
|-activate|p1a: Kyurem|move: Protect
|
|-weather|SunnyDay|[upkeep]
|-fieldend|move: Trick Room
|upkeep
|turn|7
|
|t:|1760775851
|switch|p2a: Cresselia|Cresselia, F|100/100
|move|p1a: Kyurem|Earth Power|p2a: Cresselia
|-immune|p2a: Cresselia|[from] ability: Levitate
|
|-weather|SunnyDay|[upkeep]
|upkeep
|turn|8
|
|t:|1760775861
|move|p1a: Kyurem|Freeze-Dry|p2a: Cresselia
|-damage|p2a: Cresselia|80/100
|move|p2a: Cresselia|Moonblast|p1a: Kyurem
|-supereffective|p1a: Kyurem
|-damage|p1a: Kyurem|66/100
|
|-weather|none
|-heal|p1a: Kyurem|73/100|[from] item: Leftovers
|upkeep
|turn|9
|
|t:|1760775871
|move|p1a: Kyurem|Protect|p1a: Kyurem
|-singleturn|p1a: Kyurem|Protect
|move|p2a: Cresselia|Trick Room|p2a: Cresselia
|-fieldstart|move: Trick Room|[of] p2a: Cresselia
|
|-heal|p1a: Kyurem|79/100|[from] item: Leftovers
|upkeep
|turn|10
|
|t:|1760775881
|move|p2a: Cresselia|Moonblast|p1a: Kyurem
|-supereffective|p1a: Kyurem
|-damage|p1a: Kyurem|48/100
|move|p1a: Kyurem|Freeze-Dry|p2a: Cresselia
|-damage|p2a: Cresselia|56/100
|-status|p2a: Cresselia|frz
|
|-heal|p1a: Kyurem|54/100|[from] item: Leftovers
|upkeep
|turn|11
|inactive|SpongeGar & Patar has 60 seconds left.
|
|t:|1760775893
|switch|p2a: Enamorus|Enamorus-Therian, F|100/100
|move|p1a: Kyurem|Freeze-Dry|p2a: Enamorus
|-supereffective|p2a: Enamorus
|-damage|p2a: Enamorus|34/100
|
|-heal|p1a: Kyurem|60/100|[from] item: Leftovers
|upkeep
|turn|12
|inactive|SpongeGar & Patar has 60 seconds left.
|
|t:|1760775903
|move|p1a: Kyurem|Protect|p1a: Kyurem
|-singleturn|p1a: Kyurem|Protect
|move|p2a: Enamorus|Moonblast|p1a: Kyurem
|-activate|p1a: Kyurem|move: Protect
|
|-heal|p1a: Kyurem|67/100|[from] item: Leftovers
|upkeep
|turn|13
|inactive|SpongeGar & Patar has 60 seconds left.
|
|t:|1760775913
|switch|p1a: Cinderace|Cinderace, M|100/100
|move|p2a: Enamorus|Moonblast|p1a: Cinderace
|-resisted|p1a: Cinderace
|-damage|p1a: Cinderace|50/100
|-unboost|p1a: Cinderace|spa|1
|
|-fieldend|move: Trick Room
|upkeep
|turn|14
|
|t:|1760775923
|switch|p2a: Cresselia|Cresselia, F|56/100 frz
|move|p1a: Cinderace|Pyro Ball|p2a: Cresselia
|-damage|p2a: Cresselia|32/100 frz
|-curestatus|p2a: Cresselia|frz|[msg]
|
|upkeep
|turn|15
|
|t:|1760775932
|move|p1a: Cinderace|U-turn|p2a: Cresselia
|-supereffective|p2a: Cresselia
|-damage|p2a: Cresselia|10/100
|-damage|p1a: Cinderace|33/100|[from] item: Rocky Helmet|[of] p2a: Cresselia
|
|t:|1760775942
|switch|p1a: Kyurem|Kyurem|67/100|[from] U-turn
|-ability|p1a: Kyurem|Pressure
|move|p2a: Cresselia|Trick Room|p2a: Cresselia
|-fieldstart|move: Trick Room|[of] p2a: Cresselia
|
|-heal|p1a: Kyurem|73/100|[from] item: Leftovers
|upkeep
|turn|16
|
|t:|1760775952
|move|p2a: Cresselia|Lunar Dance|p2a: Cresselia
|faint|p2a: Cresselia
|move|p1a: Kyurem|Substitute|p1a: Kyurem
|-start|p1a: Kyurem|Substitute
|-damage|p1a: Kyurem|48/100
|
|-heal|p1a: Kyurem|54/100|[from] item: Leftovers
|upkeep
|
|t:|1760775961
|switch|p2a: Enamorus|Enamorus-Therian, F|34/100
|-heal|p2a: Enamorus|100/100|[from] move: Lunar Dance
|turn|17
|
|t:|1760775970
|move|p2a: Enamorus|Draining Kiss|p1a: Kyurem
|-supereffective|p1a: Kyurem
|-end|p1a: Kyurem|Substitute
|move|p1a: Kyurem|Freeze-Dry|p2a: Enamorus
|-supereffective|p2a: Enamorus
|-damage|p2a: Enamorus|32/100
|
|-heal|p1a: Kyurem|60/100|[from] item: Leftovers
|upkeep
|turn|18
|inactive|SpongeGar & Patar has 90 seconds left.
|
|t:|1760775979
|move|p1a: Kyurem|Protect|p1a: Kyurem
|-singleturn|p1a: Kyurem|Protect
|move|p2a: Enamorus|Draining Kiss|p1a: Kyurem
|-activate|p1a: Kyurem|move: Protect
|
|-heal|p1a: Kyurem|66/100|[from] item: Leftovers
|upkeep
|turn|19
|inactive|SpongeGar & Patar has 90 seconds left.
|inactive|SpongeGar & Patar has 60 seconds left.
|
|t:|1760776028
|switch|p2a: Torkoal|Torkoal, F, shiny, tera:Fire|100/100
|-weather|SunnyDay|[from] ability: Drought|[of] p2a: Torkoal
|switch|p1a: Cinderace|Cinderace, M|33/100
|
|-weather|SunnyDay|[upkeep]
|-fieldend|move: Trick Room
|upkeep
|turn|20
|inactive|SpongeGar & Patar has 60 seconds left.
|j| Rudy Goobert
|inactive|SpongeGar & Patar has 30 seconds left.
|inactive|SpongeGar & Patar has 20 seconds left.
|
|t:|1760776076
|move|p1a: Cinderace|Pyro Ball|p2a: Torkoal
|-resisted|p2a: Torkoal
|-damage|p2a: Torkoal|62/100
|move|p2a: Torkoal|Weather Ball|p1a: Cinderace
|-resisted|p1a: Cinderace
|-damage|p1a: Cinderace|0 fnt
|faint|p1a: Cinderace
|
|-weather|SunnyDay|[upkeep]
|upkeep
|inactive|SpongeGar & Patar has 25 seconds left this turn.
|inactive|SpongeGar & Patar has 20 seconds left.
|inactive|SpongeGar & Patar has 15 seconds left.
|
|t:|1760776089
|switch|p1a: Kyurem|Kyurem|66/100
|-ability|p1a: Kyurem|Pressure
|turn|21
|inactive|SpongeGar & Patar has 25 seconds left this turn.
|inactive|SpongeGar & Patar has 20 seconds left.
|
|t:|1760776098
|switch|p2a: Ursaluna|Ursaluna, F|100/100
|move|p1a: Kyurem|Earth Power|p2a: Ursaluna
|-damage|p2a: Ursaluna|73/100
|
|-weather|SunnyDay|[upkeep]
|-heal|p1a: Kyurem|73/100|[from] item: Leftovers
|-status|p2a: Ursaluna|brn|[from] item: Flame Orb
|upkeep
|turn|22
|inactive|SpongeGar & Patar has 30 seconds left this turn.
|inactive|SpongeGar & Patar has 20 seconds left.
|
|t:|1760776109
|move|p1a: Kyurem|Freeze-Dry|p2a: Ursaluna
|-supereffective|p2a: Ursaluna
|-damage|p2a: Ursaluna|6/100 brn
|move|p2a: Ursaluna|Facade|p1a: Kyurem
|-damage|p1a: Kyurem|0 fnt
|faint|p1a: Kyurem
|
|-weather|SunnyDay|[upkeep]
|-damage|p2a: Ursaluna|0 fnt|[from] brn
|faint|p2a: Ursaluna
|upkeep
|inactive|SpongeGar & Patar has 25 seconds left this turn.
|inactive|SpongeGar & Patar has 20 seconds left.
|inactive|SpongeGar & Patar has 15 seconds left.
|
|t:|1760776126
|switch|p1a: Corviknight|Corviknight, F|100/100
|switch|p2a: Torkoal|Torkoal, F, shiny, tera:Fire|62/100
|-ability|p1a: Corviknight|Pressure
|turn|23
|inactive|SpongeGar & Patar has 25 seconds left this turn.
|inactive|SpongeGar & Patar has 20 seconds left.
|
|t:|1760776135
|move|p1a: Corviknight|U-turn|p2a: Torkoal
|-resisted|p2a: Torkoal
|-damage|p2a: Torkoal|57/100
|inactive|SpongeGar & Patar has 25 seconds left this turn.
|inactive|SpongeGar & Patar has 20 seconds left.
|inactive|SpongeGar & Patar has 15 seconds left.
|
|t:|1760776146
|switch|p1a: Ting-Lu|Ting-Lu|100/100|[from] U-turn
|-ability|p1a: Ting-Lu|Vessel of Ruin
|move|p2a: Torkoal|Weather Ball|p1a: Ting-Lu
|-damage|p1a: Ting-Lu|50/100
|
|-weather|none
|-heal|p1a: Ting-Lu|56/100|[from] item: Leftovers
|upkeep
|turn|24
|inactive|SpongeGar & Patar has 25 seconds left this turn.
|inactive|SpongeGar & Patar has 20 seconds left.
|inactive|SpongeGar & Patar has 15 seconds left.
|
|t:|1760776159
|switch|p1a: Corviknight|Corviknight, F|100/100
|-ability|p1a: Corviknight|Pressure
|switch|p2a: Hatterene|Hatterene, F|100/100
|
|upkeep
|turn|25
|inactive|SpongeGar & Patar has 25 seconds left this turn.
|inactive|SpongeGar & Patar has 20 seconds left.
|
|t:|1760776168
|move|p1a: Corviknight|Brave Bird|p2a: Hatterene
|-damage|p2a: Hatterene|64/100
|-damage|p1a: Corviknight|91/100|[from] Recoil
|move|p2a: Hatterene|Trick Room|p2a: Hatterene
|-fieldstart|move: Trick Room|[of] p2a: Hatterene
|
|upkeep
|turn|26
|inactive|SpongeGar & Patar has 30 seconds left this turn.
|inactive|SpongeGar & Patar has 20 seconds left.
|
|t:|1760776179
|switch|p1a: Ting-Lu|Ting-Lu|56/100
|-ability|p1a: Ting-Lu|Vessel of Ruin
|move|p2a: Hatterene|Healing Wish|p2a: Hatterene
|faint|p2a: Hatterene
|
|-heal|p1a: Ting-Lu|62/100|[from] item: Leftovers
|upkeep
|
|t:|1760776188
|switch|p2a: Torkoal|Torkoal, F, shiny, tera:Fire|57/100
|-heal|p2a: Torkoal|100/100|[from] move: Healing Wish
|-weather|SunnyDay|[from] ability: Drought|[of] p2a: Torkoal
|turn|27
|inactive|SpongeGar & Patar has 30 seconds left.
|
|t:|1760776197
|move|p2a: Torkoal|Eruption|p1a: Ting-Lu
|-damage|p1a: Ting-Lu|0 fnt
|faint|p1a: Ting-Lu
|
|-weather|SunnyDay|[upkeep]
|upkeep
|inactive|SpongeGar & Patar has 30 seconds left.
|
|t:|1760776204
|switch|p1a: Corviknight|Corviknight, F|91/100
|-ability|p1a: Corviknight|Pressure
|turn|28
|
|t:|1760776209
|move|p2a: Torkoal|Eruption|p1a: Corviknight
|-supereffective|p1a: Corviknight
|-damage|p1a: Corviknight|0 fnt
|faint|p1a: Corviknight
|
|win|ciantaihou
|raw|SpongeGar &amp; Patar's rating: 1892 &rarr; <strong>1867</strong><br />(-25 for losing)
|raw|ciantaihou's rating: 1800 &rarr; <strong>1825</strong><br />(+25 for winning)
|l|☆SpongeGar & Patar
|player|p1|
|l|☆ciantaihou
|player|p2|
