|j|☆Passerby bye
|j|☆Kvothe97
|t:|1760885509
|gametype|singles
|player|p1|Passerby bye|scientist-gen4|1282
|player|p2|Kvothe97|169|1293
|gen|9
|tier|[Gen 9] OU
|rated|
|rule|HP Percentage Mod: HP is shown in percentages
|rule|Endless Battle Clause: Forcing endless battles is banned
|rule|Species Clause: Limit one of each Pokémon
|rule|OHKO Clause: OHKO moves are banned
|rule|Evasion Items Clause: Evasion items are banned
|rule|Evasion Moves Clause: Evasion moves are banned
|rule|Evasion Abilities Clause: Evasion abilities are banned
|rule|Sleep Moves Clause: Sleep-inducing moves are banned
|clearpoke
|poke|p1|Wigglytuff, F|
|poke|p1|Gliscor, F|
|poke|p1|Houndoom, M|
|poke|p1|Magnezone|
|poke|p1|Slowbro, F|
|poke|p1|Vileplume, F|
|poke|p2|Corviknight, M|
|poke|p2|Iron Hands|
|poke|p2|Primarina, M|
|poke|p2|Iron Moth|
|poke|p2|Garchomp, M|
|poke|p2|Iron Jugulis|
|teampreview
|
|t:|1760885519
|teamsize|p1|6
|teamsize|p2|6
|start
|switch|p1a: Gliscor|Gliscor, F|100/100
|switch|p2a: Primarina|Primarina, M|100/100
|turn|1
|
|t:|1760885532
|move|p1a: Gliscor|Protect|p1a: Gliscor
|-singleturn|p1a: Gliscor|Protect
|move|p2a: Primarina|Calm Mind|p2a: Primarina
|-boost|p2a: Primarina|spa|1
|-boost|p2a: Primarina|spd|1
|
|-status|p1a: Gliscor|tox|[from] item: Toxic Orb
|upkeep
|turn|2
|
|t:|1760885544
|switch|p1a: Magnezone|Magnezone|100/100
|-terastallize|p2a: Primarina|Steel
|move|p2a: Primarina|Ice Beam|p1a: Magnezone
|-resisted|p1a: Magnezone
|-damage|p1a: Magnezone|75/100
|
|upkeep
|turn|3
|
|t:|1760885560
|move|p1a: Magnezone|Thunderbolt|p2a: Primarina
|-damage|p2a: Primarina|63/100
|-status|p2a: Primarina|par
|move|p2a: Primarina|Sparkling Aria|p1a: Magnezone
|-damage|p1a: Magnezone|0 fnt
|faint|p1a: Magnezone
|
|upkeep
|
|t:|1760885591
|switch|p1a: Houndoom|Houndoom, M|100/100
|turn|4
|
|t:|1760885600
|move|p1a: Houndoom|Fire Blast|p2a: Primarina
|-supereffective|p2a: Primarina
|-damage|p2a: Primarina|8/100 par
|move|p2a: Primarina|Sparkling Aria|p1a: Houndoom
|-supereffective|p1a: Houndoom
|-damage|p1a: Houndoom|0 fnt
|faint|p1a: Houndoom
|
|upkeep
|
|t:|1760885610
|switch|p1a: Gliscor|Gliscor, F|100/100 tox
|turn|5
|
|t:|1760885640
|move|p1a: Gliscor|Earthquake|p2a: Primarina
|-supereffective|p2a: Primarina
|-damage|p2a: Primarina|0 fnt
|faint|p2a: Primarina
|
|upkeep
|inactive|Battle timer is ON: inactive players will automatically lose when time's up. (requested by Passerby bye)
|
|t:|1760885692
|switch|p2a: Iron Jugulis|Iron Jugulis|100/100
|-enditem|p2a: Iron Jugulis|Booster Energy
|-activate|p2a: Iron Jugulis|ability: Quark Drive|[fromitem]
|-start|p2a: Iron Jugulis|quarkdrivespe
|turn|6
|
|t:|1760885703
|switch|p1a: Wigglytuff|Wigglytuff, F|100/100
|move|p2a: Iron Jugulis|Dark Pulse|p1a: Wigglytuff
|-resisted|p1a: Wigglytuff
|-damage|p1a: Wigglytuff|90/100
|
|upkeep
|turn|7
|
|t:|1760885729
|-end|p2a: Iron Jugulis|Quark Drive|[silent]
|switch|p2a: Iron Hands|Iron Hands|100/100
|-enditem|p2a: Iron Hands|Booster Energy
|-activate|p2a: Iron Hands|ability: Quark Drive|[fromitem]
|-start|p2a: Iron Hands|quarkdriveatk
|move|p1a: Wigglytuff|Draining Kiss|p2a: Iron Hands
|-supereffective|p2a: Iron Hands
|-damage|p2a: Iron Hands|65/100
|-heal|p1a: Wigglytuff|100/100|[from] drain|[of] p2a: Iron Hands
|
|upkeep
|turn|8
|
|t:|1760885739
|switch|p1a: Vileplume|Vileplume, F|100/100
|move|p2a: Iron Hands|Ice Punch|p1a: Vileplume
|-supereffective|p1a: Vileplume
|-damage|p1a: Vileplume|45/100
|-damage|p2a: Iron Hands|49/100|[from] item: Rocky Helmet|[of] p1a: Vileplume
|
|upkeep
|turn|9
|
|t:|1760885746
|move|p1a: Vileplume|Strength Sap|p2a: Iron Hands
|-unboost|p2a: Iron Hands|atk|1
|-heal|p1a: Vileplume|100/100
|move|p2a: Iron Hands|Ice Punch|p1a: Vileplume
|-supereffective|p1a: Vileplume
|-damage|p1a: Vileplume|62/100
|-damage|p2a: Iron Hands|32/100|[from] item: Rocky Helmet|[of] p1a: Vileplume
|-status|p2a: Iron Hands|slp|[from] ability: Effect Spore|[of] p1a: Vileplume
|
|upkeep
|turn|10
|
|t:|1760885760
|-end|p2a: Iron Hands|Quark Drive|[silent]
|switch|p2a: Iron Moth|Iron Moth|100/100
|-enditem|p2a: Iron Moth|Booster Energy
|-activate|p2a: Iron Moth|ability: Quark Drive|[fromitem]
|-start|p2a: Iron Moth|quarkdrivespe
|move|p1a: Vileplume|Strength Sap|p2a: Iron Moth
|-unboost|p2a: Iron Moth|atk|1
|-heal|p1a: Vileplume|99/100
|
|upkeep
|turn|11
|
|t:|1760885775
|switch|p1a: Gliscor|Gliscor, F|100/100 tox
|move|p2a: Iron Moth|Sludge Wave|p1a: Gliscor
|-resisted|p1a: Gliscor
|-damage|p1a: Gliscor|80/100 tox
|
|-heal|p1a: Gliscor|93/100 tox|[from] ability: Poison Heal
|upkeep
|turn|12
|
|t:|1760885784
|move|p2a: Iron Moth|Flamethrower|p1a: Gliscor
|-damage|p1a: Gliscor|56/100 tox
|move|p1a: Gliscor|Earthquake|p2a: Iron Moth
|-supereffective|p2a: Iron Moth
|-damage|p2a: Iron Moth|0 fnt
|faint|p2a: Iron Moth
|-end|p2a: Iron Moth|Quark Drive|[silent]
|
|-heal|p1a: Gliscor|68/100 tox|[from] ability: Poison Heal
|upkeep
|
|t:|1760885797
|switch|p2a: Iron Jugulis|Iron Jugulis|100/100
|turn|13
|
|t:|1760885807
|switch|p1a: Wigglytuff|Wigglytuff, F|100/100
|move|p2a: Iron Jugulis|Air Slash|p1a: Wigglytuff
|-damage|p1a: Wigglytuff|79/100
|
|upkeep
|turn|14
|
|t:|1760885820
|move|p2a: Iron Jugulis|Flash Cannon|p1a: Wigglytuff
|-supereffective|p1a: Wigglytuff
|-damage|p1a: Wigglytuff|46/100
|move|p1a: Wigglytuff|Draining Kiss|p2a: Iron Jugulis
|-supereffective|p2a: Iron Jugulis
|-damage|p2a: Iron Jugulis|52/100
|-heal|p1a: Wigglytuff|74/100|[from] drain|[of] p2a: Iron Jugulis
|
|upkeep
|turn|15
|
|t:|1760885828
|-end|p2a: Iron Jugulis|Quark Drive|[silent]
|switch|p2a: Corviknight|Corviknight, M|100/100
|move|p1a: Wigglytuff|Draining Kiss|p2a: Corviknight
|-resisted|p2a: Corviknight
|-damage|p2a: Corviknight|94/100
|-heal|p1a: Wigglytuff|79/100|[from] drain|[of] p2a: Corviknight
|-damage|p1a: Wigglytuff|62/100|[from] item: Rocky Helmet|[of] p2a: Corviknight
|
|upkeep
|turn|16
|
|t:|1760885837
|move|p2a: Corviknight|Bulk Up|p2a: Corviknight
|-boost|p2a: Corviknight|atk|1
|-boost|p2a: Corviknight|def|1
|move|p1a: Wigglytuff|Fire Blast|p2a: Corviknight
|-supereffective|p2a: Corviknight
|-damage|p2a: Corviknight|54/100
|
|upkeep
|turn|17
|
|t:|1760885850
|move|p2a: Corviknight|Bulk Up|p2a: Corviknight
|-boost|p2a: Corviknight|atk|1
|-boost|p2a: Corviknight|def|1
|move|p1a: Wigglytuff|Fire Blast|p2a: Corviknight
|-supereffective|p2a: Corviknight
|-damage|p2a: Corviknight|14/100
|
|upkeep
|turn|18
|
|t:|1760885857
|move|p2a: Corviknight|Roost|p2a: Corviknight
|-heal|p2a: Corviknight|64/100
|-singleturn|p2a: Corviknight|move: Roost
|move|p1a: Wigglytuff|Fire Blast|p2a: Corviknight
|-supereffective|p2a: Corviknight
|-damage|p2a: Corviknight|27/100
|
|upkeep
|turn|19
|
|t:|1760885865
|move|p2a: Corviknight|Roost|p2a: Corviknight
|-heal|p2a: Corviknight|77/100
|-singleturn|p2a: Corviknight|move: Roost
|move|p1a: Wigglytuff|Fire Blast|p2a: Corviknight
|-supereffective|p2a: Corviknight
|-damage|p2a: Corviknight|35/100
|
|upkeep
|turn|20
|
|t:|1760885871
|move|p2a: Corviknight|Roost|p2a: Corviknight
|-heal|p2a: Corviknight|85/100
|-singleturn|p2a: Corviknight|move: Roost
|move|p1a: Wigglytuff|Fire Blast|p2a: Corviknight
|-supereffective|p2a: Corviknight
|-damage|p2a: Corviknight|48/100
|
|upkeep
|turn|21
|
|t:|1760885876
|move|p2a: Corviknight|Roost|p2a: Corviknight
|-heal|p2a: Corviknight|98/100
|-singleturn|p2a: Corviknight|move: Roost
|move|p1a: Wigglytuff|Fire Blast|p2a: Corviknight|[miss]
|-miss|p1a: Wigglytuff|p2a: Corviknight
|
|upkeep
|turn|22
|
|t:|1760885882
|move|p2a: Corviknight|Body Press|p1a: Wigglytuff
|-damage|p1a: Wigglytuff|9/100
|move|p1a: Wigglytuff|Fire Blast|p2a: Corviknight
|-supereffective|p2a: Corviknight
|-damage|p2a: Corviknight|57/100
|-status|p2a: Corviknight|brn
|
|-damage|p2a: Corviknight|51/100 brn|[from] brn
|upkeep
|turn|23
|
|t:|1760885887
|move|p2a: Corviknight|Body Press|p1a: Wigglytuff
|-damage|p1a: Wigglytuff|0 fnt
|faint|p1a: Wigglytuff
|
|-damage|p2a: Corviknight|45/100 brn|[from] brn
|upkeep
|
|t:|1760885892
|switch|p1a: Slowbro|Slowbro, F|100/100
|turn|24
|
|t:|1760885903
|move|p2a: Corviknight|Roost|p2a: Corviknight
|-heal|p2a: Corviknight|95/100 brn
|-singleturn|p2a: Corviknight|move: Roost
|move|p1a: Slowbro|Nasty Plot|p1a: Slowbro
|-boost|p1a: Slowbro|spa|2
|
|-damage|p2a: Corviknight|89/100 brn|[from] brn
|upkeep
|turn|25
|
|t:|1760885909
|move|p2a: Corviknight|Brave Bird|p1a: Slowbro
|-damage|p1a: Slowbro|78/100
|-damage|p2a: Corviknight|81/100 brn|[from] Recoil
|move|p1a: Slowbro|Nasty Plot|p1a: Slowbro
|-boost|p1a: Slowbro|spa|2
|
|-damage|p2a: Corviknight|75/100 brn|[from] brn
|upkeep
|turn|26
|
|t:|1760885917
|move|p2a: Corviknight|Body Press|p1a: Slowbro
|-resisted|p1a: Slowbro
|-damage|p1a: Slowbro|72/100
|move|p1a: Slowbro|Scald|p2a: Corviknight
|-damage|p2a: Corviknight|22/100 brn
|
|-damage|p2a: Corviknight|16/100 brn|[from] brn
|upkeep
|turn|27
|
|t:|1760885922
|move|p2a: Corviknight|Body Press|p1a: Slowbro
|-resisted|p1a: Slowbro
|-damage|p1a: Slowbro|66/100
|move|p1a: Slowbro|Nasty Plot|p1a: Slowbro
|-boost|p1a: Slowbro|spa|2
|
|-damage|p2a: Corviknight|10/100 brn|[from] brn
|upkeep
|turn|28
|
|t:|1760885932
|move|p2a: Corviknight|Body Press|p1a: Slowbro
|-resisted|p1a: Slowbro
|-damage|p1a: Slowbro|61/100
|move|p1a: Slowbro|Slack Off|p1a: Slowbro
|-heal|p1a: Slowbro|100/100
|
|-damage|p2a: Corviknight|4/100 brn|[from] brn
|upkeep
|turn|29
|
|t:|1760885946
|move|p2a: Corviknight|Brave Bird|p1a: Slowbro
|-damage|p1a: Slowbro|79/100
|-damage|p2a: Corviknight|0 fnt|[from] Recoil
|faint|p2a: Corviknight
|move|p1a: Slowbro|Scald|p2: Corviknight|[notarget]
|-fail|p1a: Slowbro
|
|upkeep
|
|t:|1760885962
|switch|p2a: Garchomp|Garchomp, M|100/100
|turn|30
|
|t:|1760885970
|-terastallize|p1a: Slowbro|Fairy
|move|p2a: Garchomp|Dragon Claw|p1a: Slowbro
|-immune|p1a: Slowbro
|move|p1a: Slowbro|Scald|p2a: Garchomp
|-enditem|p2a: Garchomp|Focus Sash
|-damage|p2a: Garchomp|1/100
|
|upkeep
|turn|31
|
|t:|1760885975
|move|p2a: Garchomp|Poison Jab|p1a: Slowbro
|-supereffective|p1a: Slowbro
|-damage|p1a: Slowbro|46/100
|move|p1a: Slowbro|Scald|p2a: Garchomp
|-damage|p2a: Garchomp|0 fnt
|faint|p2a: Garchomp
|
|upkeep
|
|t:|1760885984
|switch|p2a: Iron Jugulis|Iron Jugulis|52/100
|turn|32
|
|t:|1760885995
|move|p2a: Iron Jugulis|Flash Cannon|p1a: Slowbro
|-supereffective|p1a: Slowbro
|-damage|p1a: Slowbro|0 fnt
|faint|p1a: Slowbro
|
|upkeep
|
|t:|1760886004
|switch|p1a: Gliscor|Gliscor, F|68/100 tox
|turn|33
|
|t:|1760886009
|move|p1a: Gliscor|Protect|p1a: Gliscor
|-singleturn|p1a: Gliscor|Protect
|move|p2a: Iron Jugulis|Dark Pulse|p1a: Gliscor
|-activate|p1a: Gliscor|move: Protect
|
|-heal|p1a: Gliscor|81/100 tox|[from] ability: Poison Heal
|upkeep
|turn|34
|
|t:|1760886014
|move|p2a: Iron Jugulis|Dark Pulse|p1a: Gliscor
|-damage|p1a: Gliscor|49/100 tox
|move|p1a: Gliscor|Swords Dance|p1a: Gliscor
|-boost|p1a: Gliscor|atk|2
|
|-heal|p1a: Gliscor|62/100 tox|[from] ability: Poison Heal
|upkeep
|turn|35
|
|t:|1760886019
|move|p1a: Gliscor|Protect|p1a: Gliscor
|-singleturn|p1a: Gliscor|Protect
|move|p2a: Iron Jugulis|Dark Pulse|p1a: Gliscor
|-activate|p1a: Gliscor|move: Protect
|
|-heal|p1a: Gliscor|74/100 tox|[from] ability: Poison Heal
|upkeep
|turn|36
|
|t:|1760886023
|move|p2a: Iron Jugulis|Dark Pulse|p1a: Gliscor
|-damage|p1a: Gliscor|37/100 tox
|move|p1a: Gliscor|Stone Edge|p2a: Iron Jugulis
|-supereffective|p2a: Iron Jugulis
|-damage|p2a: Iron Jugulis|0 fnt
|faint|p2a: Iron Jugulis
|-end|p2a: Iron Jugulis|Quark Drive|[silent]
|
|-heal|p1a: Gliscor|50/100 tox|[from] ability: Poison Heal
|upkeep
|
|t:|1760886029
|switch|p2a: Iron Hands|Iron Hands|32/100 slp
|turn|37
|
|t:|1760886032
|move|p1a: Gliscor|Earthquake|p2a: Iron Hands
|-supereffective|p2a: Iron Hands
|-damage|p2a: Iron Hands|0 fnt
|faint|p2a: Iron Hands
|-end|p2a: Iron Hands|Quark Drive|[silent]
|
|win|Passerby bye
|raw|Passerby bye's rating: 1282 &rarr; <strong>1308</strong><br />(+26 for winning)
|raw|Kvothe97's rating: 1293 &rarr; <strong>1267</strong><br />(-26 for losing)
|l|☆Kvothe97
|player|p2|
|l|☆Passerby bye
|player|p1|
