|j|☆XDOOL
|j|☆fallen five
|t:|1760763604
|gametype|singles
|player|p1|XDOOL|265|1503
|player|p2|fallen five|170|1439
|gen|9
|tier|[Gen 9] OU
|rated|
|rule|HP Percentage Mod: HP is shown in percentages
|rule|Endless Battle Clause: Forcing endless battles is banned
|rule|Species Clause: Limit one of each Pokémon
|rule|OHKO Clause: OHKO moves are banned
|rule|Evasion Items Clause: Evasion items are banned
|rule|Evasion Moves Clause: Evasion moves are banned
|rule|Evasion Abilities Clause: Evasion abilities are banned
|rule|Sleep Moves Clause: Sleep-inducing moves are banned
|clearpoke
|poke|p1|Golem-Alola, F|
|poke|p1|Metagross|
|poke|p1|Weezing-Galar, M|
|poke|p1|Enamorus-Therian, F|
|poke|p1|Veluza, F|
|poke|p1|Kingambit, F|
|poke|p2|Excadrill, F|
|poke|p2|Garganacl, M|
|poke|p2|Dragapult, M|
|poke|p2|Tyranitar, F|
|poke|p2|Pecharunt|
|poke|p2|Moltres|
|teampreview
|inactive|Battle timer is ON: inactive players will automatically lose when time's up. (requested by fallen five)
|
|t:|1760763626
|teamsize|p1|6
|teamsize|p2|6
|start
|switch|p1a: Metagross|Metagross|100/100
|switch|p2a: Garganacl|Garganacl, M|100/100
|turn|1
|
|t:|1760763629
|move|p1a: Metagross|Explosion|p2a: Garganacl
|-resisted|p2a: Garganacl
|-damage|p2a: Garganacl|49/100
|faint|p1a: Metagross
|move|p2a: Garganacl|Salt Cure|p1: Metagross|[notarget]
|-fail|p2a: Garganacl
|
|-heal|p2a: Garganacl|55/100|[from] item: Leftovers
|upkeep
|
|t:|1760763636
|switch|p1a: Golem|Golem-Alola, F|100/100
|turn|2
|
|t:|1760763641
|switch|p2a: Excadrill|Excadrill, F|100/100
|-item|p2a: Excadrill|Air Balloon
|move|p1a: Golem|Explosion|p2a: Excadrill
|-immune|p2a: Excadrill
|faint|p1a: Golem
|
|upkeep
|
|t:|1760763645
|switch|p1a: Veluza|Veluza, F|100/100
|-ability|p1a: Veluza|Mold Breaker
|turn|3
|
|t:|1760763652
|switch|p2a: Pecharunt|Pecharunt|100/100
|move|p1a: Veluza|Final Gambit|p2a: Pecharunt
|-immune|p2a: Pecharunt
|
|upkeep
|turn|4
|
|t:|1760763665
|switch|p1a: Weezing|Weezing-Galar, M|100/100
|-fieldstart|move: Misty Terrain|[from] ability: Misty Surge|[of] p1a: Weezing
|move|p2a: Pecharunt|Parting Shot|p1a: Weezing
|-unboost|p1a: Weezing|atk|1
|-unboost|p1a: Weezing|spa|1
|
|t:|1760763684
|switch|p2a: Tyranitar|Tyranitar, F|100/100|[from] Parting Shot
|-weather|Sandstorm|[from] ability: Sand Stream|[of] p2a: Tyranitar
|
|-weather|Sandstorm|[upkeep]
|-damage|p1a: Weezing|95/100|[from] Sandstorm
|upkeep
|turn|5
|
|t:|1760763688
|move|p1a: Weezing|Misty Explosion|p2a: Tyranitar
|-supereffective|p2a: Tyranitar
|-damage|p2a: Tyranitar|45/100
|faint|p1a: Weezing
|move|p2a: Tyranitar|Stealth Rock|p1: Weezing
|-sidestart|p1: XDOOL|move: Stealth Rock
|
|-weather|Sandstorm|[upkeep]
|upkeep
|
|t:|1760763694
|switch|p1a: Veluza|Veluza, F|100/100
|-damage|p1a: Veluza|88/100|[from] Stealth Rock
|-ability|p1a: Veluza|Mold Breaker
|turn|6
|
|t:|1760763701
|switch|p2a: Pecharunt|Pecharunt|100/100
|move|p1a: Veluza|Final Gambit|p2a: Pecharunt
|-immune|p2a: Pecharunt
|
|-weather|Sandstorm|[upkeep]
|-damage|p1a: Veluza|82/100|[from] Sandstorm
|-damage|p2a: Pecharunt|94/100|[from] Sandstorm
|upkeep
|turn|7
|
|t:|1760763710
|move|p1a: Veluza|Final Gambit|p2a: Pecharunt
|-immune|p2a: Pecharunt
|move|p2a: Pecharunt|Parting Shot|p1a: Veluza
|-unboost|p1a: Veluza|atk|1
|-unboost|p1a: Veluza|spa|1
|
|t:|1760763715
|switch|p2a: Excadrill|Excadrill, F|100/100|[from] Parting Shot
|-item|p2a: Excadrill|Air Balloon
|
|-weather|Sandstorm|[upkeep]
|-damage|p1a: Veluza|75/100|[from] Sandstorm
|upkeep
|turn|8
|
|t:|1760763719
|move|p2a: Excadrill|Earthquake|p1a: Veluza
|-damage|p1a: Veluza|12/100
|move|p1a: Veluza|Final Gambit|p2a: Excadrill
|-damage|p2a: Excadrill|88/100
|-enditem|p2a: Excadrill|Air Balloon
|faint|p1a: Veluza
|
|-weather|Sandstorm|[upkeep]
|-fieldend|Misty Terrain
|upkeep
|
|t:|1760763722
|switch|p1a: Enamorus|Enamorus-Therian, F|100/100
|-damage|p1a: Enamorus|75/100|[from] Stealth Rock
|turn|9
|
|t:|1760763729
|move|p2a: Excadrill|Iron Head|p1a: Enamorus
|-supereffective|p1a: Enamorus
|-damage|p1a: Enamorus|0 fnt
|faint|p1a: Enamorus
|
|-weather|Sandstorm|[upkeep]
|upkeep
|
|t:|1760763731
|switch|p1a: Kingambit|Kingambit, F|100/100
|-damage|p1a: Kingambit|94/100|[from] Stealth Rock
|-activate|p1a: Kingambit|ability: Supreme Overlord
|-start|p1a: Kingambit|fallen5|[silent]
|turn|10
|
|t:|1760763744
|-terastallize|p1a: Kingambit|Fairy
|move|p1a: Kingambit|Sucker Punch|p2a: Excadrill
|-damage|p2a: Excadrill|5/100
|move|p2a: Excadrill|Earthquake|p1a: Kingambit
|-damage|p1a: Kingambit|52/100
|
|-weather|Sandstorm|[upkeep]
|-damage|p1a: Kingambit|46/100|[from] Sandstorm
|-heal|p1a: Kingambit|52/100|[from] item: Leftovers
|upkeep
|turn|11
|
|t:|1760763759
|move|p1a: Kingambit|Sucker Punch|p2a: Excadrill
|-damage|p2a: Excadrill|0 fnt
|faint|p2a: Excadrill
|
|-weather|none
|-heal|p1a: Kingambit|58/100|[from] item: Leftovers
|upkeep
|
|t:|1760763761
|switch|p2a: Moltres|Moltres|100/100
|turn|12
|
|t:|1760763765
|move|p2a: Moltres|Will-O-Wisp|p1a: Kingambit|[miss]
|-miss|p2a: Moltres|p1a: Kingambit
|move|p1a: Kingambit|Swords Dance|p1a: Kingambit
|-boost|p1a: Kingambit|atk|2
|
|-heal|p1a: Kingambit|64/100|[from] item: Leftovers
|upkeep
|turn|13
|
|t:|1760763768
|move|p2a: Moltres|Will-O-Wisp|p1a: Kingambit
|-status|p1a: Kingambit|brn
|move|p1a: Kingambit|Tera Blast|p2a: Moltres|[anim] Tera Blast Fairy
|-resisted|p2a: Moltres
|-damage|p2a: Moltres|76/100
|
|-heal|p1a: Kingambit|71/100 brn|[from] item: Leftovers
|-damage|p1a: Kingambit|64/100 brn|[from] brn
|upkeep
|turn|14
|
|t:|1760763778
|move|p1a: Kingambit|Sucker Punch||[still]
|-fail|p1a: Kingambit
|move|p2a: Moltres|Will-O-Wisp|p1a: Kingambit
|-fail|p1a: Kingambit|brn
|
|-heal|p1a: Kingambit|71/100 brn|[from] item: Leftovers
|-damage|p1a: Kingambit|64/100 brn|[from] brn
|upkeep
|turn|15
|
|t:|1760763784
|move|p2a: Moltres|Will-O-Wisp|p1a: Kingambit
|-fail|p1a: Kingambit|brn
|move|p1a: Kingambit|Tera Blast|p2a: Moltres|[anim] Tera Blast Fairy
|-resisted|p2a: Moltres
|-damage|p2a: Moltres|54/100
|
|-heal|p1a: Kingambit|71/100 brn|[from] item: Leftovers
|-damage|p1a: Kingambit|64/100 brn|[from] brn
|upkeep
|turn|16
|
|t:|1760763788
|move|p2a: Moltres|Roost|p2a: Moltres
|-heal|p2a: Moltres|100/100
|-singleturn|p2a: Moltres|move: Roost
|move|p1a: Kingambit|Swords Dance|p1a: Kingambit
|-boost|p1a: Kingambit|atk|2
|
|-heal|p1a: Kingambit|71/100 brn|[from] item: Leftovers
|-damage|p1a: Kingambit|64/100 brn|[from] brn
|upkeep
|turn|17
|
|t:|1760763791
|move|p2a: Moltres|Flamethrower|p1a: Kingambit
|-damage|p1a: Kingambit|28/100 brn
|move|p1a: Kingambit|Tera Blast|p2a: Moltres|[anim] Tera Blast Fairy
|-resisted|p2a: Moltres
|-damage|p2a: Moltres|67/100
|
|-heal|p1a: Kingambit|34/100 brn|[from] item: Leftovers
|-damage|p1a: Kingambit|28/100 brn|[from] brn
|upkeep
|turn|18
|
|t:|1760763798
|move|p2a: Moltres|Roost|p2a: Moltres
|-heal|p2a: Moltres|100/100
|-singleturn|p2a: Moltres|move: Roost
|move|p1a: Kingambit|Tera Blast|p2a: Moltres|[anim] Tera Blast Fairy
|-resisted|p2a: Moltres
|-damage|p2a: Moltres|63/100
|
|-heal|p1a: Kingambit|34/100 brn|[from] item: Leftovers
|-damage|p1a: Kingambit|28/100 brn|[from] brn
|upkeep
|turn|19
|
|t:|1760763801
|move|p1a: Kingambit|Sucker Punch||[still]
|-fail|p1a: Kingambit
|move|p2a: Moltres|Roost|p2a: Moltres
|-heal|p2a: Moltres|100/100
|-singleturn|p2a: Moltres|move: Roost
|
|-heal|p1a: Kingambit|34/100 brn|[from] item: Leftovers
|-damage|p1a: Kingambit|28/100 brn|[from] brn
|upkeep
|turn|20
|
|t:|1760763806
|move|p1a: Kingambit|Sucker Punch||[still]
|-fail|p1a: Kingambit
|move|p2a: Moltres|Will-O-Wisp|p1a: Kingambit
|-fail|p1a: Kingambit|brn
|
|-heal|p1a: Kingambit|34/100 brn|[from] item: Leftovers
|-damage|p1a: Kingambit|28/100 brn|[from] brn
|upkeep
|turn|21
|
|t:|1760763809
|move|p1a: Kingambit|Sucker Punch||[still]
|-fail|p1a: Kingambit
|move|p2a: Moltres|Will-O-Wisp|p1a: Kingambit
|-fail|p1a: Kingambit|brn
|
|-heal|p1a: Kingambit|34/100 brn|[from] item: Leftovers
|-damage|p1a: Kingambit|28/100 brn|[from] brn
|upkeep
|turn|22
|
|t:|1760763811
|move|p1a: Kingambit|Sucker Punch|p2a: Moltres
|-damage|p2a: Moltres|34/100
|move|p2a: Moltres|Flamethrower|p1a: Kingambit
|-damage|p1a: Kingambit|0 fnt
|faint|p1a: Kingambit
|-end|p1a: Kingambit|fallen5|[silent]
|
|win|fallen five
|raw|XDOOL's rating: 1503 &rarr; <strong>1479</strong><br />(-24 for losing)
|raw|fallen five's rating: 1439 &rarr; <strong>1463</strong><br />(+24 for winning)
|l|☆XDOOL
|player|p1|
|l|☆fallen five
|player|p2|
