|j|☆Denvertzzz
|j|☆xwqby
|t:|1760807960
|gametype|singles
|player|p1|Denvertzzz|169|1249
|player|p2|xwqby|benga|1202
|gen|9
|tier|[Gen 9] OU
|rated|
|rule|HP Percentage Mod: HP is shown in percentages
|rule|Endless Battle Clause: Forcing endless battles is banned
|rule|Species Clause: Limit one of each Pokémon
|rule|OHKO Clause: OHKO moves are banned
|rule|Evasion Items Clause: Evasion items are banned
|rule|Evasion Moves Clause: Evasion moves are banned
|rule|Evasion Abilities Clause: Evasion abilities are banned
|rule|Sleep Moves Clause: Sleep-inducing moves are banned
|clearpoke
|poke|p1|Grimmsnarl, M|
|poke|p1|Zapdos|
|poke|p1|Crawdaunt, M|
|poke|p1|Ludicolo, M|
|poke|p1|Lokix, M|
|poke|p1|Regirock|
|poke|p2|Dragonite, M|
|poke|p2|Cinderace, M|
|poke|p2|Scizor, M|
|poke|p2|Zapdos|
|poke|p2|Zamazenta-*|
|poke|p2|Ninetales-Alola, M|
|teampreview
|
|t:|1760807975
|teamsize|p1|6
|teamsize|p2|6
|start
|switch|p1a: Regirock|Regirock|100/100
|switch|p2a: Cinderace|Cinderace, M|100/100
|turn|1
|
|t:|1760807982
|move|p2a: Cinderace|High Jump Kick|p1a: Regirock
|-start|p2a: Cinderace|typechange|Fighting|[from] ability: Libero
|-supereffective|p1a: Regirock
|-damage|p1a: Regirock|29/100
|move|p1a: Regirock|Thunder Wave|p2a: Cinderace
|-status|p2a: Cinderace|par
|
|upkeep
|turn|2
|
|t:|1760807994
|switch|p1a: Grimmsnarl|Grimmsnarl, M, shiny|100/100
|move|p2a: Cinderace|High Jump Kick|p1a: Grimmsnarl
|-damage|p1a: Grimmsnarl|0 fnt
|faint|p1a: Grimmsnarl
|
|upkeep
|
|t:|1760808004
|switch|p1a: Zapdos|Zapdos, shiny|100/100
|turn|3
|
|t:|1760808010
|switch|p2a: Ninetales|Ninetales-Alola, M|100/100
|-weather|Snowscape|[from] ability: Snow Warning|[of] p2a: Ninetales
|move|p1a: Zapdos|Rain Dance|p1a: Zapdos
|-weather|RainDance
|
|-weather|RainDance|[upkeep]
|upkeep
|turn|4
|
|t:|1760808024
|switch|p2a: Cinderace|Cinderace, M|100/100 par
|move|p1a: Zapdos|Hurricane|p2a: Cinderace
|-damage|p2a: Cinderace|13/100 par
|
|-weather|RainDance|[upkeep]
|upkeep
|turn|5
|
|t:|1760808032
|move|p2a: Cinderace|Sucker Punch|p1a: Zapdos
|-start|p2a: Cinderace|typechange|Dark|[from] ability: Libero
|-damage|p1a: Zapdos|41/100
|move|p1a: Zapdos|Volt Switch|p2a: Cinderace
|-damage|p2a: Cinderace|0 fnt
|faint|p2a: Cinderace
|
|t:|1760808048
|switch|p1a: Crawdaunt|Crawdaunt, M|100/100|[from] Volt Switch
|
|-weather|RainDance|[upkeep]
|upkeep
|
|t:|1760808055
|switch|p2a: Ninetales|Ninetales-Alola, M|100/100
|-weather|Snowscape|[from] ability: Snow Warning|[of] p2a: Ninetales
|turn|6
|
|t:|1760808061
|move|p2a: Ninetales|Aurora Veil|p2a: Ninetales
|-sidestart|p2: xwqby|move: Aurora Veil
|move|p1a: Crawdaunt|Crabhammer|p2a: Ninetales
|-damage|p2a: Ninetales|79/100
|
|-weather|Snowscape|[upkeep]
|upkeep
|turn|7
|
|t:|1760808070
|-terastallize|p1a: Crawdaunt|Water
|move|p1a: Crawdaunt|Crabhammer|p2a: Ninetales
|-damage|p2a: Ninetales|55/100
|move|p2a: Ninetales|Roar|p1a: Crawdaunt
|drag|p1a: Ludicolo|Ludicolo, M, shiny|100/100
|
|-weather|Snowscape|[upkeep]
|upkeep
|turn|8
|
|t:|1760808084
|move|p2a: Ninetales|Pain Split|p1a: Ludicolo
|-sethp|p1a: Ludicolo|82/100|[from] move: Pain Split|[silent]
|-sethp|p2a: Ninetales|71/100|[from] move: Pain Split
|move|p1a: Ludicolo|Focus Blast|p2a: Ninetales
|-damage|p2a: Ninetales|51/100
|-damage|p1a: Ludicolo|72/100|[from] item: Life Orb
|
|-weather|Snowscape|[upkeep]
|upkeep
|turn|9
|
|t:|1760808097
|switch|p2a: Zapdos|Zapdos, shiny|100/100
|move|p1a: Ludicolo|Energy Ball|p2a: Zapdos
|-resisted|p2a: Zapdos
|-damage|p2a: Zapdos|88/100
|-damage|p1a: Ludicolo|62/100|[from] item: Life Orb
|
|-weather|Snowscape|[upkeep]
|upkeep
|turn|10
|
|t:|1760808108
|move|p2a: Zapdos|Hurricane|p1a: Ludicolo
|-supereffective|p1a: Ludicolo
|-damage|p1a: Ludicolo|0 fnt
|faint|p1a: Ludicolo
|
|-weather|none
|upkeep
|
|t:|1760808118
|switch|p1a: Zapdos|Zapdos, shiny|41/100
|turn|11
|
|t:|1760808122
|-terastallize|p2a: Zapdos|Fire
|move|p1a: Zapdos|Rain Dance|p1a: Zapdos
|-weather|RainDance
|move|p2a: Zapdos|Heat Wave|p1a: Zapdos
|-damage|p1a: Zapdos|12/100
|
|-weather|RainDance|[upkeep]
|upkeep
|turn|12
|
|t:|1760808131
|move|p1a: Zapdos|Weather Ball|p2a: Zapdos
|-supereffective|p2a: Zapdos
|-damage|p2a: Zapdos|36/100
|move|p2a: Zapdos|Volt Switch|p1a: Zapdos
|-damage|p1a: Zapdos|0 fnt
|faint|p1a: Zapdos
|
|t:|1760808140
|switch|p2a: Ninetales|Ninetales-Alola, M|51/100|[from] Volt Switch
|-weather|Snowscape|[from] ability: Snow Warning|[of] p2a: Ninetales
|
|-weather|Snowscape|[upkeep]
|upkeep
|inactive|Battle timer is ON: inactive players will automatically lose when time's up. (requested by xwqby)
|l|☆xwqby
|inactive|xwqby disconnected and has a minute to reconnect!
|player|p2|
|inactive|Denvertzzz has 120 seconds left.
|inactive|Denvertzzz has 90 seconds left.
|j|☆xwqby
|inactive|xwqby reconnected.
|player|p2|xwqby|benga|
|inactive|Denvertzzz has 60 seconds left.
|
|t:|1760808323
|switch|p1a: Regirock|Regirock|29/100
|turn|13
|
|t:|1760808334
|move|p2a: Ninetales|Foul Play|p1a: Regirock
|-damage|p1a: Regirock|20/100
|move|p1a: Regirock|Thunder Wave|p2a: Ninetales
|-status|p2a: Ninetales|par
|
|-weather|Snowscape|[upkeep]
|-sideend|p2: xwqby|move: Aurora Veil
|upkeep
|turn|14
|
|t:|1760808345
|move|p1a: Regirock|Body Press|p2a: Ninetales
|-damage|p2a: Ninetales|21/100 par
|cant|p2a: Ninetales|par
|
|-weather|Snowscape|[upkeep]
|upkeep
|turn|15
|
|t:|1760808353
|move|p1a: Regirock|Body Press|p2a: Ninetales
|-damage|p2a: Ninetales|0 fnt
|faint|p2a: Ninetales
|
|-weather|Snowscape|[upkeep]
|upkeep
|
|t:|1760808362
|switch|p2a: Zapdos|Zapdos, shiny, tera:Fire|36/100
|turn|16
|
|t:|1760808380
|move|p2a: Zapdos|Volt Switch|p1a: Regirock
|-damage|p1a: Regirock|0 fnt
|faint|p1a: Regirock
|
|t:|1760808387
|switch|p2a: Dragonite|Dragonite, M|100/100|[from] Volt Switch
|
|-weather|none
|upkeep
|
|t:|1760808397
|switch|p1a: Crawdaunt|Crawdaunt, M, tera:Water|100/100
|turn|17
|
|t:|1760808402
|move|p2a: Dragonite|Scale Shot|p1a: Crawdaunt
|-damage|p1a: Crawdaunt|85/100
|-damage|p1a: Crawdaunt|68/100
|-damage|p1a: Crawdaunt|52/100
|-hitcount|p1a: Crawdaunt|3
|-unboost|p2a: Dragonite|def|1
|-boost|p2a: Dragonite|spe|1
|move|p1a: Crawdaunt|Avalanche|p2a: Dragonite
|-supereffective|p2a: Dragonite
|-damage|p2a: Dragonite|0 fnt
|faint|p2a: Dragonite
|
|upkeep
|
|t:|1760808418
|switch|p2a: Zamazenta|Zamazenta|100/100
|-ability|p2a: Zamazenta|Dauntless Shield|boost
|-boost|p2a: Zamazenta|def|1
|turn|18
|
|t:|1760808424
|move|p2a: Zamazenta|Body Press|p1a: Crawdaunt
|-damage|p1a: Crawdaunt|0 fnt
|faint|p1a: Crawdaunt
|
|upkeep
|
|t:|1760808442
|switch|p1a: Lokix|Lokix, M, shiny|100/100
|turn|19
|
|t:|1760808456
|move|p2a: Zamazenta|Body Press|p1a: Lokix
|-damage|p1a: Lokix|29/100
|move|p1a: Lokix|Swords Dance|p1a: Lokix
|-boost|p1a: Lokix|atk|2
|
|upkeep
|turn|20
|inactive|Denvertzzz has 120 seconds left.
|l|☆xwqby
|inactive|xwqby disconnected and has a minute to reconnect!
|player|p2|
|
|t:|1760808513
|move|p2a: Zamazenta|Body Press|p1a: Lokix
|-damage|p1a: Lokix|0 fnt
|faint|p1a: Lokix
|
|win|xwqby
|raw|Denvertzzz's rating: 1249 &rarr; <strong>1221</strong><br />(-28 for losing)
|raw|xwqby's rating: 1202 &rarr; <strong>1230</strong><br />(+28 for winning)
|l|☆Denvertzzz
|player|p1|
|j|☆xwqby
|player|p2|xwqby|benga|
|l|☆xwqby
|player|p2|
