|j|☆Burrito Barbarian
|j|☆wj1111
|t:|1760761701
|gametype|singles
|player|p1|Burrito Barbarian|pokemaniac|1085
|player|p2|wj1111|2|1093
|gen|9
|tier|[Gen 9] OU
|rated|
|rule|HP Percentage Mod: HP is shown in percentages
|rule|Endless Battle Clause: Forcing endless battles is banned
|rule|Species Clause: Limit one of each Pokémon
|rule|OHKO Clause: OHKO moves are banned
|rule|Evasion Items Clause: Evasion items are banned
|rule|Evasion Moves Clause: Evasion moves are banned
|rule|Evasion Abilities Clause: Evasion abilities are banned
|rule|Sleep Moves Clause: Sleep-inducing moves are banned
|clearpoke
|poke|p1|Scyther, F|
|poke|p1|Morpeko, M|
|poke|p1|Mudsdale, F|
|poke|p1|Moltres|
|poke|p1|Clefable, M|
|poke|p1|Gurdurr, M|
|poke|p2|Krookodile, M|
|poke|p2|Decidueye, M|
|poke|p2|Noivern, F|
|poke|p2|Pikachu, M|
|poke|p2|Goodra, M|
|poke|p2|Gengar, F|
|teampreview
|
|t:|1760761720
|teamsize|p1|6
|teamsize|p2|6
|start
|switch|p1a: Morpeko|Morpeko, M, shiny|100/100
|switch|p2a: Noivern|Noivern, F|100/100
|-item|p1a: Morpeko|Mirror Herb|[from] ability: Frisk|[of] p2a: Noivern
|turn|1
|inactive|Battle timer is ON: inactive players will automatically lose when time's up. (requested by Burrito Barbarian)
|
|t:|1760761734
|move|p2a: Noivern|Draco Meteor|p1a: Morpeko
|-damage|p1a: Morpeko|0 fnt
|-unboost|p2a: Noivern|spa|2
|faint|p1a: Morpeko
|
|upkeep
|
|t:|1760761739
|switch|p1a: Clefable|Clefable, M|100/100
|turn|2
|
|t:|1760761749
|move|p2a: Noivern|Defog|p1a: Clefable
|-unboost|p1a: Clefable|evasion|1
|move|p1a: Clefable|Stealth Rock|p2a: Noivern
|-sidestart|p2: wj1111|move: Stealth Rock
|
|upkeep
|turn|3
|
|t:|1760761761
|move|p2a: Noivern|Defog|p1a: Clefable
|-unboost|p1a: Clefable|evasion|1
|-sideend|p2: wj1111|Stealth Rock|[from] move: Defog|[of] p2a: Noivern
|move|p1a: Clefable|Moonblast|p2a: Noivern
|-supereffective|p2a: Noivern
|-damage|p2a: Noivern|4/100
|-unboost|p2a: Noivern|spa|1
|-enditem|p2a: Noivern|Red Card|[of] p1a: Clefable
|drag|p1a: Gurdurr|Gurdurr, M, shiny|100/100
|
|upkeep
|turn|4
|
|t:|1760761781
|move|p2a: Noivern|Tailwind|p2a: Noivern
|-sidestart|p2: wj1111|move: Tailwind
|move|p1a: Gurdurr|Bulk Up|p1a: Gurdurr
|-boost|p1a: Gurdurr|atk|1
|-boost|p1a: Gurdurr|def|1
|
|upkeep
|turn|5
|
|t:|1760761797
|move|p2a: Noivern|Draco Meteor|p1a: Gurdurr
|-damage|p1a: Gurdurr|84/100
|-unboost|p2a: Noivern|spa|2
|move|p1a: Gurdurr|Bulk Up|p1a: Gurdurr
|-boost|p1a: Gurdurr|atk|1
|-boost|p1a: Gurdurr|def|1
|
|upkeep
|turn|6
|
|t:|1760761807
|switch|p2a: Decidueye|Decidueye, M, shiny|100/100
|move|p1a: Gurdurr|Bulk Up|p1a: Gurdurr
|-boost|p1a: Gurdurr|atk|1
|-boost|p1a: Gurdurr|def|1
|
|upkeep
|turn|7
|
|t:|1760761817
|move|p2a: Decidueye|Brave Bird|p1a: Gurdurr
|-supereffective|p1a: Gurdurr
|-damage|p1a: Gurdurr|65/100
|-damage|p2a: Decidueye|92/100|[from] Recoil
|move|p1a: Gurdurr|Knock Off|p2a: Decidueye
|-supereffective|p2a: Decidueye
|-damage|p2a: Decidueye|0 fnt
|faint|p2a: Decidueye
|
|-sideend|p2: wj1111|move: Tailwind
|upkeep
|
|t:|1760761834
|switch|p2a: Pikachu|Pikachu, M, shiny|100/100
|turn|8
|
|t:|1760761839
|move|p2a: Pikachu|Volt Tackle|p1a: Gurdurr
|-damage|p1a: Gurdurr|43/100
|-damage|p2a: Pikachu|88/100|[from] Recoil
|move|p1a: Gurdurr|Drain Punch|p2a: Pikachu
|-damage|p2a: Pikachu|0 fnt
|-heal|p1a: Gurdurr|68/100|[from] drain|[of] p2a: Pikachu
|faint|p2a: Pikachu
|
|upkeep
|
|t:|1760761853
|switch|p2a: Gengar|Gengar, F|100/100
|turn|9
|
|t:|1760761859
|move|p2a: Gengar|Thunder Wave|p1a: Gurdurr
|-status|p1a: Gurdurr|par
|move|p1a: Gurdurr|Knock Off|p2a: Gengar
|-supereffective|p2a: Gengar
|-enditem|p2a: Gengar|Focus Sash
|-damage|p2a: Gengar|1/100
|
|upkeep
|turn|10
|
|t:|1760761867
|move|p2a: Gengar|Hex|p1a: Gurdurr
|-damage|p1a: Gurdurr|30/100 par
|move|p1a: Gurdurr|Knock Off|p2a: Gengar
|-supereffective|p2a: Gengar
|-damage|p2a: Gengar|0 fnt
|faint|p2a: Gengar
|
|upkeep
|
|t:|1760761876
|switch|p2a: Noivern|Noivern, F|4/100
|-item|p1a: Gurdurr|Eviolite|[from] ability: Frisk|[of] p2a: Noivern
|turn|11
|
|t:|1760761882
|move|p2a: Noivern|Boomburst|p1a: Gurdurr
|-damage|p1a: Gurdurr|5/100 par
|cant|p1a: Gurdurr|par
|
|upkeep
|turn|12
|
|t:|1760761888
|move|p2a: Noivern|Boomburst|p1a: Gurdurr
|-damage|p1a: Gurdurr|0 fnt
|faint|p1a: Gurdurr
|
|upkeep
|
|t:|1760761896
|switch|p1a: Clefable|Clefable, M|100/100
|turn|13
|
|t:|1760761902
|move|p2a: Noivern|Tailwind|p2a: Noivern
|-sidestart|p2: wj1111|move: Tailwind
|move|p1a: Clefable|Stealth Rock|p2a: Noivern
|-sidestart|p2: wj1111|move: Stealth Rock
|
|upkeep
|turn|14
|
|t:|1760761908
|move|p2a: Noivern|Defog|p1a: Clefable
|-unboost|p1a: Clefable|evasion|1
|-sideend|p2: wj1111|Stealth Rock|[from] move: Defog|[of] p2a: Noivern
|move|p1a: Clefable|Moonblast|p2a: Noivern
|-supereffective|p2a: Noivern
|-damage|p2a: Noivern|0 fnt
|faint|p2a: Noivern
|
|upkeep
|
|t:|1760761918
|switch|p2a: Goodra|Goodra, M, shiny|100/100
|turn|15
|
|t:|1760761924
|-terastallize|p2a: Goodra|Grass
|move|p2a: Goodra|Power Whip|p1a: Clefable
|-damage|p1a: Clefable|53/100
|-damage|p2a: Goodra|84/100|[from] item: Rocky Helmet|[of] p1a: Clefable
|move|p1a: Clefable|Stealth Rock|p2a: Goodra
|-sidestart|p2: wj1111|move: Stealth Rock
|
|upkeep
|turn|16
|
|t:|1760761940
|move|p2a: Goodra|Knock Off|p1a: Clefable
|-resisted|p1a: Clefable
|-damage|p1a: Clefable|40/100
|-damage|p2a: Goodra|68/100|[from] item: Rocky Helmet|[of] p1a: Clefable
|-enditem|p1a: Clefable|Rocky Helmet|[from] move: Knock Off|[of] p2a: Goodra
|move|p1a: Clefable|Moonlight|p1a: Clefable
|-heal|p1a: Clefable|90/100
|
|-sideend|p2: wj1111|move: Tailwind
|upkeep
|turn|17
|
|t:|1760761954
|move|p2a: Goodra|Hydro Pump|p1a: Clefable
|-damage|p1a: Clefable|65/100
|move|p1a: Clefable|Moonblast|p2a: Goodra
|-damage|p2a: Goodra|53/100
|
|upkeep
|turn|18
|
|t:|1760761962
|switch|p1a: Moltres|Moltres, shiny|100/100
|move|p2a: Goodra|Power Whip|p1a: Moltres
|-resisted|p1a: Moltres
|-crit|p1a: Moltres
|-damage|p1a: Moltres|85/100
|-status|p2a: Goodra|brn|[from] ability: Flame Body|[of] p1a: Moltres
|
|-damage|p2a: Goodra|47/100 brn|[from] brn
|upkeep
|turn|19
|
|t:|1760761974
|switch|p2a: Krookodile|Krookodile, M|100/100
|-damage|p2a: Krookodile|94/100|[from] Stealth Rock
|-ability|p2a: Krookodile|Intimidate|boost
|-unboost|p1a: Moltres|atk|1
|move|p1a: Moltres|Flamethrower|p2a: Krookodile
|-damage|p2a: Krookodile|41/100
|
|upkeep
|turn|20
|
|t:|1760761985
|move|p2a: Krookodile|Endure|p2a: Krookodile
|-singleturn|p2a: Krookodile|move: Endure
|move|p1a: Moltres|U-turn|p2a: Krookodile
|-supereffective|p2a: Krookodile
|-damage|p2a: Krookodile|18/100
|
|t:|1760761991
|switch|p1a: Scyther|Scyther, F|100/100|[from] U-turn
|
|upkeep
|turn|21
|-enditem|p2a: Krookodile|Custap Berry|[eat]
|-activate|p2a: Krookodile|item: Custap Berry|[consumed]
|
|t:|1760761997
|move|p2a: Krookodile|Endeavor|p1a: Scyther
|-damage|p1a: Scyther|19/100
|move|p1a: Scyther|Trailblaze|p2a: Krookodile
|-supereffective|p2a: Krookodile
|-damage|p2a: Krookodile|0 fnt
|-boost|p1a: Scyther|spe|1
|faint|p2a: Krookodile
|
|upkeep
|
|t:|1760762008
|switch|p2a: Goodra|Goodra, M, shiny, tera:Grass|47/100 brn
|-damage|p2a: Goodra|34/100 brn|[from] Stealth Rock
|turn|22
|
|t:|1760762013
|move|p1a: Scyther|Dual Wingbeat|p2a: Goodra
|-supereffective|p2a: Goodra
|-damage|p2a: Goodra|0 fnt
|faint|p2a: Goodra
|-hitcount|p2: Goodra|1
|
|win|Burrito Barbarian
|raw|Burrito Barbarian's rating: 1085 &rarr; <strong>1113</strong><br />(+28 for winning)
|raw|wj1111's rating: 1093 &rarr; <strong>1068</strong><br />(-25 for losing)
|l|☆Burrito Barbarian
|player|p1|
|l|☆wj1111
|player|p2|
