|j|☆Youky.on
|j|‽aria4games
|t:|1760866492
|gametype|singles
|player|p1|Youky.on|102|1351
|player|p2|aria4games|janine|1374
|gen|9
|tier|[Gen 9] OU
|rated|
|rule|HP Percentage Mod: HP is shown in percentages
|rule|Endless Battle Clause: Forcing endless battles is banned
|rule|Species Clause: Limit one of each Pokémon
|rule|OHKO Clause: OHKO moves are banned
|rule|Evasion Items Clause: Evasion items are banned
|rule|Evasion Moves Clause: Evasion moves are banned
|rule|Evasion Abilities Clause: Evasion abilities are banned
|rule|Sleep Moves Clause: Sleep-inducing moves are banned
|clearpoke
|poke|p1|Glimmora, M|
|poke|p1|Kingambit, M|
|poke|p1|Darkrai|
|poke|p1|Zamazenta-*|
|poke|p1|Dragonite, F|
|poke|p1|Iron Valiant|
|poke|p2|Cinderace, M|
|poke|p2|Darkrai|
|poke|p2|Reuniclus, M|
|poke|p2|Kyurem|
|poke|p2|Keldeo-Resolute|
|poke|p2|Raging Bolt|
|teampreview
|inactive|Battle timer is ON: inactive players will automatically lose when time's up. (requested by Youky.on)
|inactive|aria4games has 120 seconds left.
|
|t:|1760866523
|teamsize|p1|6
|teamsize|p2|6
|start
|switch|p1a: Glimmora|Glimmora, M|100/100
|switch|p2a: Kyurem|Kyurem|100/100
|-ability|p2a: Kyurem|Pressure
|turn|1
|
|t:|1760866528
|move|p1a: Glimmora|Stealth Rock|p2a: Kyurem
|-sidestart|p2: aria4games|move: Stealth Rock
|move|p2a: Kyurem|Earth Power|p1a: Glimmora
|-supereffective|p1a: Glimmora
|-enditem|p1a: Glimmora|Focus Sash
|-damage|p1a: Glimmora|1/100
|
|upkeep
|turn|2
|
|t:|1760866542
|switch|p1a: Dragonite|Dragonite, F|100/100
|move|p2a: Kyurem|Freeze-Dry|p1a: Dragonite
|-supereffective|p1a: Dragonite
|-damage|p1a: Dragonite|37/100
|
|upkeep
|turn|3
|
|t:|1760866551
|switch|p1a: Glimmora|Glimmora, M|1/100
|move|p2a: Kyurem|Freeze-Dry|p1a: Glimmora
|-damage|p1a: Glimmora|0 fnt
|faint|p1a: Glimmora
|
|upkeep
|
|t:|1760866559
|switch|p1a: Iron Valiant|Iron Valiant|100/100
|-enditem|p1a: Iron Valiant|Booster Energy
|-activate|p1a: Iron Valiant|ability: Quark Drive|[fromitem]
|-start|p1a: Iron Valiant|quarkdrivespe
|turn|4
|
|t:|1760866574
|switch|p2a: Cinderace|Cinderace, M|100/100
|move|p1a: Iron Valiant|Calm Mind|p1a: Iron Valiant
|-boost|p1a: Iron Valiant|spa|1
|-boost|p1a: Iron Valiant|spd|1
|
|upkeep
|turn|5
|
|t:|1760866600
|move|p1a: Iron Valiant|Calm Mind|p1a: Iron Valiant
|-boost|p1a: Iron Valiant|spa|1
|-boost|p1a: Iron Valiant|spd|1
|move|p2a: Cinderace|Pyro Ball|p1a: Iron Valiant|[miss]
|-miss|p2a: Cinderace|p1a: Iron Valiant
|
|upkeep
|turn|6
|
|t:|1760866613
|move|p1a: Iron Valiant|Moonblast|p2a: Cinderace
|-resisted|p2a: Cinderace
|-damage|p2a: Cinderace|29/100
|move|p2a: Cinderace|Pyro Ball|p1a: Iron Valiant
|-damage|p1a: Iron Valiant|23/100
|
|upkeep
|turn|7
|
|t:|1760866619
|move|p2a: Cinderace|Sucker Punch|p1a: Iron Valiant
|-start|p2a: Cinderace|typechange|Dark|[from] ability: Libero
|-resisted|p1a: Iron Valiant
|-damage|p1a: Iron Valiant|13/100
|move|p1a: Iron Valiant|Moonblast|p2a: Cinderace
|-supereffective|p2a: Cinderace
|-damage|p2a: Cinderace|0 fnt
|faint|p2a: Cinderace
|
|upkeep
|
|t:|1760866633
|switch|p2a: Raging Bolt|Raging Bolt|100/100
|-damage|p2a: Raging Bolt|88/100|[from] Stealth Rock
|-enditem|p2a: Raging Bolt|Booster Energy
|-activate|p2a: Raging Bolt|ability: Protosynthesis|[fromitem]
|-start|p2a: Raging Bolt|protosynthesisspa
|turn|8
|
|t:|1760866643
|-end|p1a: Iron Valiant|Quark Drive|[silent]
|switch|p1a: Kingambit|Kingambit, M|100/100
|-activate|p1a: Kingambit|ability: Supreme Overlord
|-start|p1a: Kingambit|fallen1|[silent]
|move|p2a: Raging Bolt|Thunderbolt|p1a: Kingambit
|-damage|p1a: Kingambit|18/100
|
|upkeep
|turn|9
|
|t:|1760866655
|move|p1a: Kingambit|Sucker Punch|p2a: Raging Bolt
|-damage|p2a: Raging Bolt|35/100
|move|p2a: Raging Bolt|Thunderbolt|p1a: Kingambit
|-damage|p1a: Kingambit|0 fnt
|faint|p1a: Kingambit
|-end|p1a: Kingambit|fallen1|[silent]
|
|upkeep
|
|t:|1760866662
|switch|p1a: Iron Valiant|Iron Valiant|13/100
|turn|10
|
|t:|1760866668
|move|p2a: Raging Bolt|Thunderclap|p1a: Iron Valiant
|-damage|p1a: Iron Valiant|0 fnt
|faint|p1a: Iron Valiant
|-end|p1a: Iron Valiant|Quark Drive|[silent]
|
|upkeep
|
|t:|1760866673
|switch|p1a: Darkrai|Darkrai|100/100
|turn|11
|
|t:|1760866677
|move|p2a: Raging Bolt|Thunderclap|p1a: Darkrai
|-damage|p1a: Darkrai|26/100
|move|p1a: Darkrai|Ice Beam|p2a: Raging Bolt
|-supereffective|p2a: Raging Bolt
|-crit|p2a: Raging Bolt
|-damage|p2a: Raging Bolt|0 fnt
|faint|p2a: Raging Bolt
|-end|p2a: Raging Bolt|Protosynthesis|[silent]
|
|upkeep
|
|t:|1760866694
|switch|p2a: Darkrai|Darkrai, shiny|100/100
|-damage|p2a: Darkrai|88/100|[from] Stealth Rock
|turn|12
|
|t:|1760866701
|switch|p1a: Zamazenta|Zamazenta|100/100
|-ability|p1a: Zamazenta|Dauntless Shield|boost
|-boost|p1a: Zamazenta|def|1
|move|p2a: Darkrai|Ice Beam|p1a: Zamazenta
|-damage|p1a: Zamazenta|61/100
|
|-heal|p1a: Zamazenta|68/100|[from] item: Leftovers
|upkeep
|turn|13
|
|t:|1760866709
|switch|p2a: Reuniclus|Reuniclus, M|100/100
|move|p1a: Zamazenta|Body Press|p2a: Reuniclus
|-resisted|p2a: Reuniclus
|-damage|p2a: Reuniclus|85/100
|-damage|p1a: Zamazenta|51/100|[from] item: Rocky Helmet|[of] p2a: Reuniclus
|
|-heal|p1a: Zamazenta|57/100|[from] item: Leftovers
|upkeep
|turn|14
|
|t:|1760866717
|move|p1a: Zamazenta|Crunch|p2a: Reuniclus
|-supereffective|p2a: Reuniclus
|-damage|p2a: Reuniclus|58/100
|-damage|p1a: Zamazenta|41/100|[from] item: Rocky Helmet|[of] p2a: Reuniclus
|move|p2a: Reuniclus|Thunder Wave|p1a: Zamazenta
|-status|p1a: Zamazenta|par
|
|-heal|p1a: Zamazenta|47/100 par|[from] item: Leftovers
|upkeep
|turn|15
|
|t:|1760866731
|cant|p1a: Zamazenta|par
|move|p2a: Reuniclus|Recover|p2a: Reuniclus
|-heal|p2a: Reuniclus|100/100
|
|-heal|p1a: Zamazenta|53/100 par|[from] item: Leftovers
|upkeep
|turn|16
|
|t:|1760866734
|move|p1a: Zamazenta|Iron Defense|p1a: Zamazenta
|-boost|p1a: Zamazenta|def|2
|move|p2a: Reuniclus|Future Sight|p1a: Zamazenta
|-start|p2a: Reuniclus|move: Future Sight
|
|-heal|p1a: Zamazenta|59/100 par|[from] item: Leftovers
|upkeep
|turn|17
|
|t:|1760866741
|switch|p1a: Darkrai|Darkrai|26/100
|move|p2a: Reuniclus|Knock Off|p1a: Darkrai
|-resisted|p1a: Darkrai
|-damage|p1a: Darkrai|15/100
|-enditem|p1a: Darkrai|Choice Scarf|[from] move: Knock Off|[of] p2a: Reuniclus
|
|upkeep
|turn|18
|
|t:|1760866749
|move|p1a: Darkrai|Dark Pulse|p2a: Reuniclus
|-supereffective|p2a: Reuniclus
|-damage|p2a: Reuniclus|21/100
|move|p2a: Reuniclus|Thunder Wave|p1a: Darkrai|[miss]
|-miss|p2a: Reuniclus|p1a: Darkrai
|
|-end|p1a: Darkrai|move: Future Sight
|-immune|p1a: Darkrai
|upkeep
|turn|19
|
|t:|1760866768
|move|p1a: Darkrai|Focus Blast|p2a: Reuniclus
|-resisted|p2a: Reuniclus
|-damage|p2a: Reuniclus|1/100
|move|p2a: Reuniclus|Thunder Wave|p1a: Darkrai
|-status|p1a: Darkrai|par
|
|upkeep
|turn|20
|
|t:|1760866776
|move|p1a: Darkrai|Dark Pulse|p2a: Reuniclus
|-supereffective|p2a: Reuniclus
|-damage|p2a: Reuniclus|0 fnt
|faint|p2a: Reuniclus
|
|upkeep
|
|t:|1760866789
|switch|p2a: Darkrai|Darkrai, shiny|88/100
|-damage|p2a: Darkrai|76/100|[from] Stealth Rock
|turn|21
|
|t:|1760866795
|move|p2a: Darkrai|Ice Beam|p1a: Darkrai
|-crit|p1a: Darkrai
|-damage|p1a: Darkrai|0 fnt
|faint|p1a: Darkrai
|
|upkeep
|
|t:|1760866799
|switch|p1a: Zamazenta|Zamazenta|59/100 par
|turn|22
|
|t:|1760866801
|-terastallize|p2a: Darkrai|Poison
|move|p2a: Darkrai|Ice Beam|p1a: Zamazenta
|-damage|p1a: Zamazenta|18/100 par
|move|p1a: Zamazenta|Body Press|p2a: Darkrai
|-resisted|p2a: Darkrai
|-damage|p2a: Darkrai|56/100
|
|-heal|p1a: Zamazenta|24/100 par|[from] item: Leftovers
|upkeep
|turn|23
|
|t:|1760866808
|move|p2a: Darkrai|Ice Beam|p1a: Zamazenta
|-damage|p1a: Zamazenta|0 fnt
|faint|p1a: Zamazenta
|
|upkeep
|
|t:|1760866810
|switch|p1a: Dragonite|Dragonite, F|37/100
|turn|24
|
|t:|1760866816
|-terastallize|p1a: Dragonite|Normal
|move|p2a: Darkrai|Ice Beam|p1a: Dragonite
|-damage|p1a: Dragonite|0 fnt
|faint|p1a: Dragonite
|
|win|aria4games
|raw|Youky.on's rating: 1351 &rarr; <strong>1332</strong><br />(-19 for losing)
|raw|aria4games's rating: 1374 &rarr; <strong>1393</strong><br />(+19 for winning)
|l|☆Youky.on
|player|p1|
|l|‽aria4games
|player|p2|
