|j|☆Demestion
|j|☆gustydust
|t:|1760795164
|gametype|singles
|player|p1|Demestion|lucas|1095
|player|p2|gustydust|ethan|1083
|gen|9
|tier|[Gen 9] OU
|rated|
|rule|HP Percentage Mod: HP is shown in percentages
|rule|Endless Battle Clause: Forcing endless battles is banned
|rule|Species Clause: Limit one of each Pokémon
|rule|OHKO Clause: OHKO moves are banned
|rule|Evasion Items Clause: Evasion items are banned
|rule|Evasion Moves Clause: Evasion moves are banned
|rule|Evasion Abilities Clause: Evasion abilities are banned
|rule|Sleep Moves Clause: Sleep-inducing moves are banned
|clearpoke
|poke|p1|Serperior, F|
|poke|p1|Ceruledge, M|
|poke|p1|Eelektross, M|
|poke|p1|Tinkaton, F|
|poke|p1|Gliscor, F|
|poke|p1|Cloyster, F|
|poke|p2|Sableye, F|
|poke|p2|Blissey, F|
|poke|p2|Great Tusk|
|poke|p2|Dragapult, F|
|poke|p2|Torkoal, M|
|poke|p2|Blaziken, F|
|teampreview
|
|t:|1760795168
|teamsize|p1|6
|teamsize|p2|6
|start
|switch|p1a: Tinkaton|Tinkaton, F|100/100
|switch|p2a: Torkoal|Torkoal, M|100/100
|-weather|SunnyDay|[from] ability: Drought|[of] p2a: Torkoal
|turn|1
|
|t:|1760795176
|move|p1a: Tinkaton|Knock Off|p2a: Torkoal
|-damage|p2a: Torkoal|85/100
|-enditem|p2a: Torkoal|Heavy-Duty Boots|[from] move: Knock Off|[of] p1a: Tinkaton
|move|p2a: Torkoal|Stealth Rock|p1a: Tinkaton
|-sidestart|p1: Demestion|move: Stealth Rock
|
|-weather|SunnyDay|[upkeep]
|upkeep
|turn|2
|
|t:|1760795187
|move|p1a: Tinkaton|Stealth Rock|p2a: Torkoal
|-sidestart|p2: gustydust|move: Stealth Rock
|move|p2a: Torkoal|Flamethrower|p1a: Tinkaton
|-supereffective|p1a: Tinkaton
|-damage|p1a: Tinkaton|21/100
|
|-weather|SunnyDay|[upkeep]
|-heal|p1a: Tinkaton|27/100|[from] item: Leftovers
|upkeep
|turn|3
|
|t:|1760795197
|switch|p1a: Gliscor|Gliscor, F|100/100
|-damage|p1a: Gliscor|88/100|[from] Stealth Rock
|move|p2a: Torkoal|Flamethrower|p1a: Gliscor
|-damage|p1a: Gliscor|4/100
|
|-weather|SunnyDay|[upkeep]
|-status|p1a: Gliscor|tox|[from] item: Toxic Orb
|upkeep
|turn|4
|
|t:|1760795207
|move|p1a: Gliscor|Toxic|p2a: Torkoal
|-status|p2a: Torkoal|tox
|move|p2a: Torkoal|Rapid Spin|p1a: Gliscor
|-damage|p1a: Gliscor|0 fnt
|-boost|p2a: Torkoal|spe|1
|-sideend|p2: gustydust|Stealth Rock|[from] move: Rapid Spin|[of] p2a: Torkoal
|faint|p1a: Gliscor
|
|-weather|SunnyDay|[upkeep]
|-damage|p2a: Torkoal|79/100 tox|[from] psn
|upkeep
|
|t:|1760795217
|switch|p1a: Serperior|Serperior, F|100/100
|-damage|p1a: Serperior|88/100|[from] Stealth Rock
|turn|5
|
|t:|1760795223
|switch|p2a: Blissey|Blissey, F|100/100
|-terastallize|p1a: Serperior|Water
|move|p1a: Serperior|Leaf Storm|p2a: Blissey
|-crit|p2a: Blissey
|-damage|p2a: Blissey|81/100
|-boost|p1a: Serperior|spa|2
|
|-weather|none
|-heal|p1a: Serperior|94/100|[from] item: Leftovers
|-heal|p2a: Blissey|87/100|[from] item: Leftovers
|upkeep
|turn|6
|
|t:|1760795236
|move|p1a: Serperior|Taunt|p2a: Blissey
|-start|p2a: Blissey|move: Taunt
|cant|p2a: Blissey|move: Taunt|Heal Bell
|
|-heal|p1a: Serperior|100/100|[from] item: Leftovers
|-heal|p2a: Blissey|93/100|[from] item: Leftovers
|upkeep
|turn|7
|
|t:|1760795245
|move|p1a: Serperior|Glare|p2a: Blissey
|-status|p2a: Blissey|par
|move|p2a: Blissey|Ice Beam|p1a: Serperior
|-resisted|p1a: Serperior
|-damage|p1a: Serperior|91/100
|
|-heal|p1a: Serperior|97/100|[from] item: Leftovers
|-heal|p2a: Blissey|99/100 par|[from] item: Leftovers
|upkeep
|turn|8
|
|t:|1760795254
|move|p1a: Serperior|Leaf Storm|p2a: Blissey
|-damage|p2a: Blissey|71/100 par
|-boost|p1a: Serperior|spa|2
|move|p2a: Blissey|Ice Beam|p1a: Serperior
|-resisted|p1a: Serperior
|-damage|p1a: Serperior|88/100
|
|-heal|p1a: Serperior|94/100|[from] item: Leftovers
|-heal|p2a: Blissey|78/100 par|[from] item: Leftovers
|-end|p2a: Blissey|move: Taunt
|upkeep
|turn|9
|
|t:|1760795266
|move|p1a: Serperior|Taunt|p2a: Blissey
|-start|p2a: Blissey|move: Taunt
|move|p2a: Blissey|Ice Beam|p1a: Serperior
|-resisted|p1a: Serperior
|-damage|p1a: Serperior|86/100
|
|-heal|p1a: Serperior|92/100|[from] item: Leftovers
|-heal|p2a: Blissey|84/100 par|[from] item: Leftovers
|upkeep
|turn|10
|
|t:|1760795276
|move|p1a: Serperior|Leaf Storm|p2a: Blissey|[miss]
|-miss|p1a: Serperior|p2a: Blissey
|move|p2a: Blissey|Ice Beam|p1a: Serperior
|-resisted|p1a: Serperior
|-damage|p1a: Serperior|84/100
|-status|p1a: Serperior|frz
|
|-heal|p1a: Serperior|90/100 frz|[from] item: Leftovers
|-heal|p2a: Blissey|90/100 par|[from] item: Leftovers
|upkeep
|turn|11
|
|t:|1760795296
|-curestatus|p2a: Blissey|par|[from] ability: Natural Cure
|switch|p2a: Sableye|Sableye, F|100/100
|cant|p1a: Serperior|frz
|
|-heal|p1a: Serperior|96/100 frz|[from] item: Leftovers
|upkeep
|turn|12
|
|t:|1760795307
|cant|p1a: Serperior|frz
|move|p2a: Sableye|Shadow Claw|p1a: Serperior
|-damage|p1a: Serperior|77/100 frz
|
|-heal|p1a: Serperior|83/100 frz|[from] item: Leftovers
|upkeep
|turn|13
|
|t:|1760795316
|cant|p1a: Serperior|frz
|move|p2a: Sableye|Shadow Claw|p1a: Serperior
|-crit|p1a: Serperior
|-damage|p1a: Serperior|56/100 frz
|
|-heal|p1a: Serperior|62/100 frz|[from] item: Leftovers
|upkeep
|turn|14
|
|t:|1760795324
|cant|p1a: Serperior|frz
|move|p2a: Sableye|Shadow Claw|p1a: Serperior
|-damage|p1a: Serperior|42/100 frz
|
|-heal|p1a: Serperior|48/100 frz|[from] item: Leftovers
|upkeep
|turn|15
|
|t:|1760795332
|cant|p1a: Serperior|frz
|move|p2a: Sableye|Shadow Claw|p1a: Serperior
|-crit|p1a: Serperior
|-damage|p1a: Serperior|17/100 frz
|
|-heal|p1a: Serperior|23/100 frz|[from] item: Leftovers
|upkeep
|turn|16
|
|t:|1760795341
|-curestatus|p1a: Serperior|frz|[msg]
|move|p1a: Serperior|Glare|p2a: Sableye
|-status|p2a: Sableye|par
|move|p2a: Sableye|Shadow Claw|p1a: Serperior
|-crit|p1a: Serperior
|-damage|p1a: Serperior|0 fnt
|faint|p1a: Serperior
|
|upkeep
|
|t:|1760795351
|switch|p1a: Ceruledge|Ceruledge, M|100/100
|-damage|p1a: Ceruledge|76/100|[from] Stealth Rock
|turn|17
|
|t:|1760795359
|move|p2a: Sableye|Thunder Wave|p1a: Ceruledge
|-status|p1a: Ceruledge|par
|cant|p1a: Ceruledge|par
|
|upkeep
|turn|18
|c|☆Demestion|Man what a luck
|c|☆gustydust|lol
|
|t:|1760795393
|switch|p2a: Blissey|Blissey, F|90/100
|move|p1a: Ceruledge|Swords Dance|p1a: Ceruledge
|-boost|p1a: Ceruledge|atk|2
|
|-heal|p2a: Blissey|96/100|[from] item: Leftovers
|upkeep
|turn|19
|
|t:|1760795402
|move|p2a: Blissey|Heal Bell|p2a: Blissey
|-activate|p2a: Blissey|move: Heal Bell
|-curestatus|p2: Torkoal|tox|[msg]
|-curestatus|p2: Sableye|par|[msg]
|cant|p1a: Ceruledge|par
|
|-heal|p2a: Blissey|100/100|[from] item: Leftovers
|upkeep
|turn|20
|
|t:|1760795418
|switch|p2a: Blaziken|Blaziken, F|100/100
|move|p1a: Ceruledge|Close Combat|p2a: Blaziken
|-enditem|p2a: Blaziken|Focus Sash
|-damage|p2a: Blaziken|1/100
|-unboost|p1a: Ceruledge|def|1
|-unboost|p1a: Ceruledge|spd|1
|
|upkeep
|turn|21
|
|t:|1760795430
|move|p2a: Blaziken|Protect|p2a: Blaziken
|-singleturn|p2a: Blaziken|Protect
|cant|p1a: Ceruledge|par
|
|-ability|p2a: Blaziken|Speed Boost|boost
|-boost|p2a: Blaziken|spe|1
|upkeep
|turn|22
|
|t:|1760795447
|move|p1a: Ceruledge|Shadow Sneak|p2a: Blaziken
|-damage|p2a: Blaziken|0 fnt
|faint|p2a: Blaziken
|
|upkeep
|
|t:|1760795456
|switch|p2a: Sableye|Sableye, F|100/100
|turn|23
|
|t:|1760795462
|move|p2a: Sableye|Foul Play|p1a: Ceruledge
|-supereffective|p1a: Ceruledge
|-damage|p1a: Ceruledge|0 fnt
|faint|p1a: Ceruledge
|
|upkeep
|
|t:|1760795470
|switch|p1a: Cloyster|Cloyster, F|100/100
|-damage|p1a: Cloyster|76/100|[from] Stealth Rock
|turn|24
|
|t:|1760795475
|move|p2a: Sableye|Thunder Wave|p1a: Cloyster
|-status|p1a: Cloyster|par
|cant|p1a: Cloyster|par
|
|upkeep
|turn|25
|
|t:|1760795486
|move|p2a: Sableye|Shadow Claw|p1a: Cloyster
|-damage|p1a: Cloyster|59/100 par
|cant|p1a: Cloyster|par
|
|upkeep
|turn|26
|c|☆Demestion|Lolmao
|c|☆gustydust|im sure you have shell armor lol
|
|t:|1760795510
|switch|p2a: Torkoal|Torkoal, M|79/100
|-weather|SunnyDay|[from] ability: Drought|[of] p2a: Torkoal
|cant|p1a: Cloyster|par
|
|-weather|SunnyDay|[upkeep]
|upkeep
|turn|27
|-message|Demestion forfeited.
|
|win|gustydust
|raw|Demestion's rating: 1095 &rarr; <strong>1070</strong><br />(-25 for losing)
|raw|gustydust's rating: 1083 &rarr; <strong>1112</strong><br />(+29 for winning)
|l|☆Demestion
|player|p1|
|c|☆gustydust|gg
