|j|☆thegamingsteve
|j|☆Burrito Barbarian
|t:|1760767458
|gametype|singles
|player|p1|thegamingsteve|miku-fire|1186
|player|p2|Burrito Barbarian|pokemaniac|1111
|gen|9
|tier|[Gen 9] OU
|rated|
|rule|HP Percentage Mod: HP is shown in percentages
|rule|Endless Battle Clause: Forcing endless battles is banned
|rule|Species Clause: Limit one of each Pokémon
|rule|OHKO Clause: OHKO moves are banned
|rule|Evasion Items Clause: Evasion items are banned
|rule|Evasion Moves Clause: Evasion moves are banned
|rule|Evasion Abilities Clause: Evasion abilities are banned
|rule|Sleep Moves Clause: Sleep-inducing moves are banned
|clearpoke
|poke|p1|Ting-Lu|
|poke|p1|Pecharunt|
|poke|p1|Darkrai|
|poke|p1|Kyurem|
|poke|p1|Tsareena, F|
|poke|p1|Iron Moth|
|poke|p2|Scyther, M|
|poke|p2|Morpeko, M|
|poke|p2|Mudsdale, F|
|poke|p2|Moltres|
|poke|p2|Clefable, F|
|poke|p2|Gurdurr, M|
|teampreview
|inactive|Battle timer is ON: inactive players will automatically lose when time's up. (requested by thegamingsteve)
|
|t:|1760767471
|teamsize|p1|6
|teamsize|p2|6
|start
|switch|p1a: Darkrai|Darkrai|100/100
|switch|p2a: Scyther|Scyther, M|100/100
|turn|1
|
|t:|1760767486
|move|p1a: Darkrai|Trick|p2a: Scyther
|-activate|p1a: Darkrai|move: Trick|[of] p2a: Scyther
|-item|p2a: Scyther|Choice Scarf|[from] move: Trick
|-item|p1a: Darkrai|Eviolite|[from] move: Trick
|move|p2a: Scyther|Swords Dance|p2a: Scyther
|-boost|p2a: Scyther|atk|2
|
|upkeep
|turn|2
|
|t:|1760767494
|switch|p2a: Morpeko|Morpeko, M, shiny|100/100
|move|p1a: Darkrai|Will-O-Wisp|p2a: Morpeko
|-status|p2a: Morpeko|brn
|
|-damage|p2a: Morpeko|94/100 brn|[from] brn
|-formechange|p2a: Morpeko|Morpeko-Hangry||[from] ability: Hunger Switch
|upkeep
|turn|3
|
|t:|1760767508
|switch|p2a: Gurdurr|Gurdurr, M, shiny|100/100
|move|p1a: Darkrai|Dark Pulse|p2a: Gurdurr
|-resisted|p2a: Gurdurr
|-damage|p2a: Gurdurr|89/100
|
|upkeep
|turn|4
|
|t:|1760767516
|move|p1a: Darkrai|Thunder Wave|p2a: Gurdurr
|-status|p2a: Gurdurr|par
|cant|p2a: Gurdurr|par
|
|upkeep
|turn|5
|
|t:|1760767522
|move|p1a: Darkrai|Trick|p2a: Gurdurr
|-activate|p1a: Darkrai|move: Trick|[of] p2a: Gurdurr
|-item|p2a: Gurdurr|Eviolite|[from] move: Trick
|-item|p1a: Darkrai|Eviolite|[from] move: Trick
|move|p2a: Gurdurr|Bulk Up|p2a: Gurdurr
|-boost|p2a: Gurdurr|atk|1
|-boost|p2a: Gurdurr|def|1
|
|upkeep
|turn|6
|
|t:|1760767534
|switch|p1a: Ting-Lu|Ting-Lu|100/100
|-ability|p1a: Ting-Lu|Vessel of Ruin
|move|p2a: Gurdurr|Drain Punch|p1a: Ting-Lu
|-supereffective|p1a: Ting-Lu
|-damage|p1a: Ting-Lu|39/100
|-heal|p2a: Gurdurr|100/100 par|[from] drain|[of] p1a: Ting-Lu
|
|-heal|p1a: Ting-Lu|46/100|[from] item: Leftovers
|upkeep
|turn|7
|
|t:|1760767553
|-terastallize|p1a: Ting-Lu|Poison
|move|p2a: Gurdurr|Drain Punch|p1a: Ting-Lu
|-resisted|p1a: Ting-Lu
|-crit|p1a: Ting-Lu
|-damage|p1a: Ting-Lu|21/100
|move|p1a: Ting-Lu|Whirlwind|p2a: Gurdurr
|drag|p2a: Scyther|Scyther, M|100/100
|
|-heal|p1a: Ting-Lu|27/100|[from] item: Leftovers
|upkeep
|turn|8
|
|t:|1760767571
|move|p2a: Scyther|Trailblaze|p1a: Ting-Lu
|-resisted|p1a: Ting-Lu
|-damage|p1a: Ting-Lu|21/100
|-boost|p2a: Scyther|spe|1
|move|p1a: Ting-Lu|Ruination|p2a: Scyther
|-damage|p2a: Scyther|50/100
|
|-heal|p1a: Ting-Lu|27/100|[from] item: Leftovers
|upkeep
|turn|9
|-message|Burrito Barbarian forfeited.
|
|win|thegamingsteve
|raw|thegamingsteve's rating: 1186 &rarr; <strong>1206</strong><br />(+20 for winning)
|raw|Burrito Barbarian's rating: 1111 &rarr; <strong>1091</strong><br />(-20 for losing)
|l|☆Burrito Barbarian
|player|p2|
|l|☆thegamingsteve
|player|p1|
