|j|☆Orange DBJ
|j|☆DiddyDonny
|t:|1760824464
|gametype|singles
|player|p1|Orange DBJ|chuck|1314
|player|p2|DiddyDonny|265|1358
|gen|9
|tier|[Gen 9] OU
|rated|
|rule|HP Percentage Mod: HP is shown in percentages
|rule|Endless Battle Clause: Forcing endless battles is banned
|rule|Species Clause: Limit one of each Pokémon
|rule|OHKO Clause: OHKO moves are banned
|rule|Evasion Items Clause: Evasion items are banned
|rule|Evasion Moves Clause: Evasion moves are banned
|rule|Evasion Abilities Clause: Evasion abilities are banned
|rule|Sleep Moves Clause: Sleep-inducing moves are banned
|clearpoke
|poke|p1|Glimmora, F|
|poke|p1|Golurk|
|poke|p1|Iron Hands|
|poke|p1|Kingambit, F|
|poke|p1|Landorus-Therian, M|
|poke|p1|Volcanion|
|poke|p2|Heatran, M|
|poke|p2|Great Tusk|
|poke|p2|Hatterene, F|
|poke|p2|Kyurem|
|poke|p2|Tornadus-Therian, M|
|poke|p2|Gholdengo|
|teampreview
|c|☆Orange DBJ|hf
|
|t:|1760824503
|teamsize|p1|6
|teamsize|p2|6
|start
|switch|p1a: Lincoln|Landorus-Therian, M|100/100
|switch|p2a: Kyurem|Kyurem|100/100
|-ability|p1a: Lincoln|Intimidate|boost
|-unboost|p2a: Kyurem|atk|1
|-ability|p2a: Kyurem|Pressure
|turn|1
|
|t:|1760824522
|switch|p1a: Buddha|Volcanion|100/100
|move|p2a: Kyurem|Dragon Dance|p2a: Kyurem
|-boost|p2a: Kyurem|atk|1
|-boost|p2a: Kyurem|spe|1
|
|upkeep
|turn|2
|
|t:|1760824537
|-terastallize|p2a: Kyurem|Electric
|move|p2a: Kyurem|Tera Blast|p1a: Buddha|[anim] Tera Blast Electric
|-supereffective|p1a: Buddha
|-damage|p1a: Buddha|30/100
|move|p1a: Buddha|Flamethrower|p2a: Kyurem
|-damage|p2a: Kyurem|55/100
|
|-heal|p2a: Kyurem|61/100|[from] item: Leftovers
|upkeep
|turn|3
|
|t:|1760824553
|move|p2a: Kyurem|Substitute|p2a: Kyurem
|-start|p2a: Kyurem|Substitute
|-damage|p2a: Kyurem|36/100
|move|p1a: Buddha|Steam Eruption|p2a: Kyurem
|-end|p2a: Kyurem|Substitute
|
|-heal|p2a: Kyurem|42/100|[from] item: Leftovers
|upkeep
|turn|4
|
|t:|1760824596
|move|p2a: Kyurem|Tera Blast|p1a: Buddha|[anim] Tera Blast Electric
|-supereffective|p1a: Buddha
|-damage|p1a: Buddha|0 fnt
|faint|p1a: Buddha
|
|-heal|p2a: Kyurem|49/100|[from] item: Leftovers
|upkeep
|
|t:|1760824613
|switch|p1a: Shadow|Glimmora, F|100/100
|turn|5
|
|t:|1760824623
|switch|p2a: Hatterene|Hatterene, F|100/100
|move|p1a: Shadow|Earth Power|p2a: Hatterene
|-damage|p2a: Hatterene|66/100
|
|-heal|p2a: Hatterene|72/100|[from] item: Leftovers
|upkeep
|turn|6
|
|t:|1760824653
|switch|p1a: Rhodes|Golurk|100/100
|move|p2a: Hatterene|Psychic Noise|p1a: Rhodes
|-damage|p1a: Rhodes|66/100
|-start|p1a: Rhodes|move: Heal Block
|
|-heal|p2a: Hatterene|78/100|[from] item: Leftovers
|upkeep
|turn|7
|inactive|Battle timer is ON: inactive players will automatically lose when time's up. (requested by DiddyDonny)
|
|t:|1760824694
|switch|p2a: Great Tusk|Great Tusk|100/100
|move|p1a: Rhodes|Poltergeist|p2a: Great Tusk
|-activate|p2a: Great Tusk|move: Poltergeist|Rocky Helmet
|-damage|p2a: Great Tusk|45/100
|
|-end|p1a: Rhodes|move: Heal Block
|upkeep
|turn|8
|
|t:|1760824704
|switch|p1a: Lincoln|Landorus-Therian, M|100/100
|-ability|p1a: Lincoln|Intimidate|boost
|-unboost|p2a: Great Tusk|atk|1
|move|p2a: Great Tusk|Knock Off|p1a: Lincoln
|-damage|p1a: Lincoln|77/100
|-enditem|p1a: Lincoln|Leftovers|[from] move: Knock Off|[of] p2a: Great Tusk
|
|upkeep
|turn|9
|
|t:|1760824732
|-end|p2a: Great Tusk|Protosynthesis|[silent]
|switch|p2a: Tornadus|Tornadus-Therian, M|100/100
|move|p1a: Lincoln|Grass Knot|p2a: Tornadus
|-resisted|p2a: Tornadus
|-damage|p2a: Tornadus|94/100
|
|upkeep
|turn|10
|
|t:|1760824746
|move|p2a: Tornadus|Bleakwind Storm|p1a: Lincoln
|-damage|p1a: Lincoln|28/100
|move|p1a: Lincoln|U-turn|p2a: Tornadus
|-resisted|p2a: Tornadus
|-damage|p2a: Tornadus|81/100
|inactive|Orange DBJ has 120 seconds left.
|
|t:|1760824756
|switch|p1a: Shadow|Glimmora, F|100/100|[from] U-turn
|
|upkeep
|turn|11
|
|t:|1760824765
|switch|p2a: Hatterene|Hatterene, F|78/100
|move|p1a: Shadow|Sludge Wave|p2a: Hatterene
|-supereffective|p2a: Hatterene
|-damage|p2a: Hatterene|0 fnt
|faint|p2a: Hatterene
|
|upkeep
|
|t:|1760824775
|switch|p2a: Great Tusk|Great Tusk|45/100
|turn|12
|
|t:|1760824793
|switch|p1a: Lincoln|Landorus-Therian, M|28/100
|-ability|p1a: Lincoln|Intimidate|boost
|-unboost|p2a: Great Tusk|atk|1
|move|p2a: Great Tusk|Headlong Rush|p1a: Lincoln
|-immune|p1a: Lincoln
|
|upkeep
|turn|13
|inactive|DiddyDonny has 120 seconds left.
|inactive|DiddyDonny has 90 seconds left.
|inactive|DiddyDonny has 60 seconds left.
|inactive|DiddyDonny has 30 seconds left.
|inactive|DiddyDonny has 20 seconds left.
|inactive|DiddyDonny has 15 seconds left.
|inactive|DiddyDonny has 10 seconds left.
|inactive|DiddyDonny has 5 seconds left.
|-message|DiddyDonny lost due to inactivity.
|
|win|Orange DBJ
|raw|Orange DBJ's rating: 1314 &rarr; <strong>1337</strong><br />(+23 for winning)
|raw|DiddyDonny's rating: 1358 &rarr; <strong>1335</strong><br />(-23 for losing)
|l|☆Orange DBJ
|player|p1|
