|j|☆adriicarrascoo
|j|☆RadiantSol
|t:|1760783908
|gametype|singles
|player|p1|adriicarrascoo|drayden|1210
|player|p2|RadiantSol|flint|1212
|gen|9
|tier|[Gen 9] OU
|rated|
|rule|HP Percentage Mod: HP is shown in percentages
|rule|Endless Battle Clause: Forcing endless battles is banned
|rule|Species Clause: Limit one of each Pokémon
|rule|OHKO Clause: OHKO moves are banned
|rule|Evasion Items Clause: Evasion items are banned
|rule|Evasion Moves Clause: Evasion moves are banned
|rule|Evasion Abilities Clause: Evasion abilities are banned
|rule|Sleep Moves Clause: Sleep-inducing moves are banned
|clearpoke
|poke|p1|Dragapult, F|
|poke|p1|Jolteon, M|
|poke|p1|Komala, F|
|poke|p1|Dragonite, M|
|poke|p1|Venusaur, M|
|poke|p1|Gliscor, M|
|poke|p2|Ninetales, F|
|poke|p2|Garchomp, F|
|poke|p2|Gengar, F|
|poke|p2|Leafeon, F|
|poke|p2|Espeon, F|
|poke|p2|Quaquaval, F|
|teampreview
|
|t:|1760783922
|teamsize|p1|6
|teamsize|p2|6
|start
|switch|p1a: Jolteon|Jolteon, M|100/100
|switch|p2a: Gengar|Gengar, F|100/100
|turn|1
|
|t:|1760783928
|switch|p2a: Garchomp|Garchomp, F|100/100
|move|p1a: Jolteon|Shadow Ball|p2a: Garchomp
|-damage|p2a: Garchomp|65/100
|-unboost|p2a: Garchomp|spd|1
|
|-heal|p2a: Garchomp|72/100|[from] item: Leftovers
|upkeep
|turn|2
|
|t:|1760783939
|switch|p1a: Venusaur|Venusaur, M|100/100
|move|p2a: Garchomp|Stealth Rock|p1a: Venusaur
|-sidestart|p1: adriicarrascoo|move: Stealth Rock
|
|-heal|p2a: Garchomp|78/100|[from] item: Leftovers
|upkeep
|turn|3
|
|t:|1760783946
|move|p2a: Garchomp|Protect|p2a: Garchomp
|-singleturn|p2a: Garchomp|Protect
|move|p1a: Venusaur|Sludge Bomb|p2a: Garchomp
|-activate|p2a: Garchomp|move: Protect
|
|-heal|p2a: Garchomp|84/100|[from] item: Leftovers
|upkeep
|turn|4
|
|t:|1760783952
|move|p1a: Venusaur|Leech Seed|p2a: Garchomp
|-start|p2a: Garchomp|move: Leech Seed
|move|p2a: Garchomp|Dragon Tail|p1a: Venusaur
|-damage|p1a: Venusaur|72/100
|drag|p1a: Gliscor|Gliscor, M|100/100
|-damage|p1a: Gliscor|88/100|[from] Stealth Rock
|
|-heal|p2a: Garchomp|90/100|[from] item: Leftovers
|-damage|p2a: Garchomp|78/100|[from] Leech Seed|[of] p1a: Gliscor
|-heal|p1a: Gliscor|100/100|[silent]
|-status|p1a: Gliscor|tox|[from] item: Toxic Orb
|upkeep
|turn|5
|
|t:|1760783969
|move|p2a: Garchomp|Protect|p2a: Garchomp
|-singleturn|p2a: Garchomp|Protect
|move|p1a: Gliscor|Earthquake|p2a: Garchomp
|-activate|p2a: Garchomp|move: Protect
|
|-heal|p2a: Garchomp|84/100|[from] item: Leftovers
|-damage|p2a: Garchomp|72/100|[from] Leech Seed|[of] p1a: Gliscor
|upkeep
|turn|6
|
|t:|1760783996
|switch|p2a: Quaquaval|Quaquaval, F|100/100
|move|p1a: Gliscor|Earthquake|p2a: Quaquaval
|-damage|p2a: Quaquaval|41/100
|
|upkeep
|turn|7
|
|t:|1760784003
|move|p1a: Gliscor|Earthquake|p2a: Quaquaval
|-damage|p2a: Quaquaval|0 fnt
|faint|p2a: Quaquaval
|
|upkeep
|inactive|Battle timer is ON: inactive players will automatically lose when time's up. (requested by adriicarrascoo)
|
|t:|1760784027
|switch|p2a: Gengar|Gengar, F|100/100
|turn|8
|
|t:|1760784049
|-terastallize|p2a: Gengar|Flying
|move|p2a: Gengar|Shadow Ball|p1a: Gliscor
|-damage|p1a: Gliscor|37/100 tox
|move|p1a: Gliscor|Earthquake|p2a: Gengar
|-immune|p2a: Gengar
|
|-heal|p1a: Gliscor|49/100 tox|[from] ability: Poison Heal
|upkeep
|turn|9
|
|t:|1760784055
|move|p1a: Gliscor|Protect|p1a: Gliscor
|-singleturn|p1a: Gliscor|Protect
|move|p2a: Gengar|Shadow Ball|p1a: Gliscor
|-activate|p1a: Gliscor|move: Protect
|
|-heal|p1a: Gliscor|61/100 tox|[from] ability: Poison Heal
|upkeep
|turn|10
|
|t:|1760784059
|switch|p1a: Komala|Komala, F|100/100
|-damage|p1a: Komala|88/100|[from] Stealth Rock
|-ability|p1a: Komala|Comatose
|move|p2a: Gengar|Shadow Ball|p1a: Komala
|-immune|p1a: Komala
|
|upkeep
|turn|11
|
|t:|1760784066
|switch|p2a: Garchomp|Garchomp, F|72/100
|move|p1a: Komala|Rapid Spin|p2a: Garchomp
|-damage|p2a: Garchomp|57/100
|-boost|p1a: Komala|spe|1
|-damage|p1a: Komala|76/100|[from] ability: Rough Skin|[of] p2a: Garchomp
|-sideend|p1: adriicarrascoo|Stealth Rock|[from] move: Rapid Spin|[of] p1a: Komala
|
|-heal|p2a: Garchomp|63/100|[from] item: Leftovers
|upkeep
|turn|12
|
|t:|1760784093
|switch|p1a: Venusaur|Venusaur, M|72/100
|move|p2a: Garchomp|Stealth Rock|p1a: Venusaur
|-sidestart|p1: adriicarrascoo|move: Stealth Rock
|
|-heal|p2a: Garchomp|69/100|[from] item: Leftovers
|-heal|p1a: Venusaur|78/100|[from] item: Leftovers
|upkeep
|turn|13
|
|t:|1760784100
|switch|p2a: Espeon|Espeon, F|100/100
|move|p1a: Venusaur|Leech Seed|p2a: Espeon
|move|p2a: Espeon|Leech Seed|p1a: Venusaur|[from] ability: Magic Bounce
|-immune|p1a: Venusaur
|
|-heal|p1a: Venusaur|84/100|[from] item: Leftovers
|upkeep
|turn|14
|
|t:|1760784118
|switch|p1a: Komala|Komala, F|76/100
|-damage|p1a: Komala|64/100|[from] Stealth Rock
|-ability|p1a: Komala|Comatose
|move|p2a: Espeon|Psychic|p1a: Komala
|-damage|p1a: Komala|29/100
|
|upkeep
|turn|15
|
|t:|1760784125
|move|p2a: Espeon|Psychic|p1a: Komala
|-damage|p1a: Komala|0 fnt
|faint|p1a: Komala
|
|upkeep
|
|t:|1760784131
|switch|p1a: Dragapult|Dragapult, F|100/100
|-damage|p1a: Dragapult|88/100|[from] Stealth Rock
|turn|16
|
|t:|1760784136
|switch|p2a: Ninetales|Ninetales, F, shiny|100/100
|-weather|SunnyDay|[from] ability: Drought|[of] p2a: Ninetales
|move|p1a: Dragapult|Phantom Force||[still]
|-prepare|p1a: Dragapult|Phantom Force
|
|-weather|SunnyDay|[upkeep]
|-heal|p1a: Dragapult|94/100|[from] item: Leftovers
|upkeep
|turn|17
|
|t:|1760784156
|switch|p2a: Garchomp|Garchomp, F|69/100
|move|p1a: Dragapult|Phantom Force|p2a: Garchomp|[from] lockedmove
|-damage|p2a: Garchomp|42/100
|-damage|p1a: Dragapult|82/100|[from] ability: Rough Skin|[of] p2a: Garchomp
|
|-weather|SunnyDay|[upkeep]
|-heal|p1a: Dragapult|88/100|[from] item: Leftovers
|-heal|p2a: Garchomp|49/100|[from] item: Leftovers
|upkeep
|turn|18
|
|t:|1760784163
|move|p2a: Garchomp|Protect|p2a: Garchomp
|-singleturn|p2a: Garchomp|Protect
|move|p1a: Dragapult|Dragon Darts|p2a: Garchomp
|-activate|p2a: Garchomp|move: Protect
|
|-weather|SunnyDay|[upkeep]
|-heal|p1a: Dragapult|94/100|[from] item: Leftovers
|-heal|p2a: Garchomp|55/100|[from] item: Leftovers
|upkeep
|turn|19
|
|t:|1760784170
|move|p1a: Dragapult|Dragon Darts|p2a: Garchomp
|-supereffective|p2a: Garchomp
|-damage|p2a: Garchomp|27/100
|-anim|p1a: Dragapult|Dragon Darts|p2a: Garchomp
|-supereffective|p2a: Garchomp
|-damage|p2a: Garchomp|0 fnt
|faint|p2a: Garchomp
|
|-weather|SunnyDay|[upkeep]
|-heal|p1a: Dragapult|99/100|[from] item: Leftovers
|upkeep
|
|t:|1760784172
|switch|p2a: Leafeon|Leafeon, F|100/100
|turn|20
|
|t:|1760784175
|move|p2a: Leafeon|Knock Off|p1a: Dragapult
|-supereffective|p1a: Dragapult
|-damage|p1a: Dragapult|0 fnt
|-enditem|p1a: Dragapult|Leftovers|[from] move: Knock Off|[of] p2a: Leafeon
|faint|p1a: Dragapult
|-damage|p2a: Leafeon|91/100|[from] item: Life Orb
|
|-weather|SunnyDay|[upkeep]
|upkeep
|
|t:|1760784190
|switch|p1a: Venusaur|Venusaur, M|84/100
|-damage|p1a: Venusaur|71/100|[from] Stealth Rock
|turn|21
|
|t:|1760784194
|switch|p2a: Espeon|Espeon, F|100/100
|move|p1a: Venusaur|Sludge Bomb|p2a: Espeon
|-damage|p2a: Espeon|63/100
|
|-weather|SunnyDay|[upkeep]
|-heal|p1a: Venusaur|77/100|[from] item: Leftovers
|upkeep
|turn|22
|
|t:|1760784210
|switch|p1a: Jolteon|Jolteon, M|100/100
|-damage|p1a: Jolteon|88/100|[from] Stealth Rock
|move|p2a: Espeon|Calm Mind|p2a: Espeon
|-boost|p2a: Espeon|spa|1
|-boost|p2a: Espeon|spd|1
|
|-weather|SunnyDay|[upkeep]
|upkeep
|turn|23
|
|t:|1760784216
|move|p1a: Jolteon|Shadow Ball|p2a: Espeon
|-supereffective|p2a: Espeon
|-crit|p2a: Espeon
|-damage|p2a: Espeon|0 fnt
|faint|p2a: Espeon
|
|-weather|none
|upkeep
|c|☆RadiantSol|Rip
|
|t:|1760784233
|switch|p2a: Ninetales|Ninetales, F, shiny|100/100
|-weather|SunnyDay|[from] ability: Drought|[of] p2a: Ninetales
|turn|24
|
|t:|1760784239
|switch|p1a: Gliscor|Gliscor, M|61/100 tox
|-damage|p1a: Gliscor|49/100 tox|[from] Stealth Rock
|move|p2a: Ninetales|Fire Blast|p1a: Gliscor
|-damage|p1a: Gliscor|0 fnt
|faint|p1a: Gliscor
|
|-weather|SunnyDay|[upkeep]
|upkeep
|
|t:|1760784248
|switch|p1a: Jolteon|Jolteon, M|88/100
|-damage|p1a: Jolteon|76/100|[from] Stealth Rock
|turn|25
|
|t:|1760784258
|switch|p2a: Leafeon|Leafeon, F|91/100
|move|p1a: Jolteon|Volt Switch|p2a: Leafeon
|-resisted|p2a: Leafeon
|-damage|p2a: Leafeon|46/100
|
|t:|1760784265
|switch|p1a: Dragonite|Dragonite, M|100/100|[from] Volt Switch
|-damage|p1a: Dragonite|76/100|[from] Stealth Rock
|
|-weather|SunnyDay|[upkeep]
|upkeep
|turn|26
|
|t:|1760784274
|-terastallize|p1a: Dragonite|Normal
|move|p2a: Leafeon|Knock Off|p1a: Dragonite
|-crit|p1a: Dragonite
|-damage|p1a: Dragonite|1/100
|-enditem|p1a: Dragonite|Weakness Policy|[from] move: Knock Off|[of] p2a: Leafeon
|-damage|p2a: Leafeon|36/100|[from] item: Life Orb
|move|p1a: Dragonite|Dragon Dance|p1a: Dragonite
|-boost|p1a: Dragonite|atk|1
|-boost|p1a: Dragonite|spe|1
|
|-weather|SunnyDay|[upkeep]
|upkeep
|turn|27
|
|t:|1760784290
|move|p1a: Dragonite|Extreme Speed|p2a: Leafeon
|-damage|p2a: Leafeon|0 fnt
|faint|p2a: Leafeon
|
|-weather|SunnyDay|[upkeep]
|upkeep
|
|t:|1760784293
|switch|p2a: Ninetales|Ninetales, F, shiny|100/100
|turn|28
|
|t:|1760784301
|move|p1a: Dragonite|Extreme Speed|p2a: Ninetales
|-damage|p2a: Ninetales|31/100
|move|p2a: Ninetales|Fire Blast|p1a: Dragonite
|-damage|p1a: Dragonite|0 fnt
|faint|p1a: Dragonite
|
|-weather|SunnyDay|[upkeep]
|upkeep
|
|t:|1760784307
|switch|p1a: Jolteon|Jolteon, M|76/100
|-damage|p1a: Jolteon|64/100|[from] Stealth Rock
|turn|29
|
|t:|1760784317
|move|p1a: Jolteon|Thunderbolt|p2a: Ninetales
|-damage|p2a: Ninetales|0 fnt
|faint|p2a: Ninetales
|
|-weather|SunnyDay|[upkeep]
|upkeep
|
|t:|1760784325
|switch|p2a: Gengar|Gengar, F, tera:Flying|100/100
|turn|30
|
|t:|1760784332
|move|p2a: Gengar|Sludge Bomb|p1a: Jolteon
|-damage|p1a: Jolteon|1/100
|move|p1a: Jolteon|Thunderbolt|p2a: Gengar
|-supereffective|p2a: Gengar
|-damage|p2a: Gengar|0 fnt
|faint|p2a: Gengar
|
|win|adriicarrascoo
|raw|adriicarrascoo's rating: 1210 &rarr; <strong>1235</strong><br />(+25 for winning)
|raw|RadiantSol's rating: 1212 &rarr; <strong>1187</strong><br />(-25 for losing)
|l|☆adriicarrascoo
|player|p1|
|c|☆RadiantSol|1
|l|☆RadiantSol
|player|p2|
