|j|☆Acastillo631
|j|☆bordercauley
|t:|1760719778
|gametype|singles
|player|p1|Acastillo631|silver|1542
|player|p2|bordercauley|266|1531
|gen|9
|tier|[Gen 9] OU
|rated|
|rule|HP Percentage Mod: HP is shown in percentages
|rule|Endless Battle Clause: Forcing endless battles is banned
|rule|Species Clause: Limit one of each Pokémon
|rule|OHKO Clause: OHKO moves are banned
|rule|Evasion Items Clause: Evasion items are banned
|rule|Evasion Moves Clause: Evasion moves are banned
|rule|Evasion Abilities Clause: Evasion abilities are banned
|rule|Sleep Moves Clause: Sleep-inducing moves are banned
|clearpoke
|poke|p1|Iron Valiant|
|poke|p1|Tyranitar, F|
|poke|p1|Corviknight, M|
|poke|p1|Sinistcha|
|poke|p1|Garchomp, F|
|poke|p1|Muk-Alola, F|
|poke|p2|Meowscarada, F|
|poke|p2|Pelipper, M|
|poke|p2|Floatzel, M|
|poke|p2|Quaquaval, M|
|poke|p2|Sinistcha|
|poke|p2|Kilowattrel, F|
|teampreview
|inactive|Battle timer is ON: inactive players will automatically lose when time's up. (requested by Acastillo631)
|
|t:|1760719794
|teamsize|p1|6
|teamsize|p2|6
|start
|switch|p1a: Wind Crowrang|Corviknight, M|100/100
|switch|p2a: Cat|Meowscarada, F|100/100
|turn|1
|
|t:|1760719806
|move|p2a: Cat|Spikes|p1a: Wind Crowrang
|-sidestart|p1: Acastillo631|Spikes
|move|p1a: Wind Crowrang|U-turn|p2a: Cat
|-supereffective|p2a: Cat
|-damage|p2a: Cat|17/100
|
|t:|1760719819
|switch|p1a: Muk|Muk-Alola, F|100/100|[from] U-turn
|-damage|p1a: Muk|88/100|[from] Spikes
|
|-heal|p1a: Muk|94/100|[from] item: Leftovers
|upkeep
|turn|2
|
|t:|1760719832
|move|p1a: Muk|Protect|p1a: Muk
|-singleturn|p1a: Muk|Protect
|move|p2a: Cat|Taunt|p1a: Muk
|-activate|p1a: Muk|move: Protect
|
|-heal|p1a: Muk|99/100|[from] item: Leftovers
|upkeep
|turn|3
|
|t:|1760719838
|move|p2a: Cat|Knock Off|p1a: Muk
|-resisted|p1a: Muk
|-damage|p1a: Muk|81/100
|-enditem|p1a: Muk|Leftovers|[from] move: Knock Off|[of] p2a: Cat
|move|p1a: Muk|Drain Punch|p2a: Cat
|-supereffective|p2a: Cat
|-damage|p2a: Cat|0 fnt
|-heal|p1a: Muk|87/100|[from] drain|[of] p2a: Cat
|faint|p2a: Cat
|
|upkeep
|
|t:|1760719844
|switch|p2a: Bird|Pelipper, M|100/100
|-weather|RainDance|[from] ability: Drizzle|[of] p2a: Bird
|turn|4
|
|t:|1760719848
|switch|p2a: Tea|Sinistcha|100/100
|move|p1a: Muk|Protect||[still]
|-fail|p1a: Muk
|
|-weather|RainDance|[upkeep]
|upkeep
|turn|5
|l|☆Acastillo631
|inactive|Acastillo631 disconnected and has a minute to reconnect!
|player|p1|
|j|☆Acastillo631
|inactive|Acastillo631 reconnected and has 130 seconds left.
|player|p1|Acastillo631|silver|
|inactive|Acastillo631 has 120 seconds left.
|
|t:|1760719881
|-terastallize|p2a: Tea|Poison
|move|p2a: Tea|Calm Mind|p2a: Tea
|-boost|p2a: Tea|spa|1
|-boost|p2a: Tea|spd|1
|move|p1a: Muk|Knock Off|p2a: Tea
|-damage|p2a: Tea|77/100
|-enditem|p2a: Tea|Leftovers|[from] move: Knock Off|[of] p1a: Muk
|
|-weather|RainDance|[upkeep]
|upkeep
|turn|6
|inactive|Acastillo631 has 120 seconds left.
|
|t:|1760719894
|switch|p1a: Eregion|Tyranitar, F|100/100
|-damage|p1a: Eregion|88/100|[from] Spikes
|-weather|Sandstorm|[from] ability: Sand Stream|[of] p1a: Eregion
|move|p2a: Tea|Matcha Gotcha|p1a: Eregion
|-supereffective|p1a: Eregion
|-damage|p1a: Eregion|50/100
|-heal|p2a: Tea|99/100|[from] drain|[of] p1a: Eregion
|
|-weather|Sandstorm|[upkeep]
|-damage|p2a: Tea|93/100|[from] Sandstorm
|-heal|p1a: Eregion|57/100|[from] item: Leftovers
|upkeep
|turn|7
|inactive|Acastillo631 has 120 seconds left.
|
|t:|1760719922
|move|p2a: Tea|Matcha Gotcha|p1a: Eregion
|-supereffective|p1a: Eregion
|-damage|p1a: Eregion|15/100
|-heal|p2a: Tea|100/100|[from] drain|[of] p1a: Eregion
|move|p1a: Eregion|Stealth Rock|p2a: Tea
|-sidestart|p2: bordercauley|move: Stealth Rock
|
|-weather|Sandstorm|[upkeep]
|-damage|p2a: Tea|94/100|[from] Sandstorm
|-heal|p1a: Eregion|21/100|[from] item: Leftovers
|upkeep
|turn|8
|
|t:|1760719929
|switch|p1a: Wind Crowrang|Corviknight, M|100/100
|move|p2a: Tea|Matcha Gotcha|p1a: Wind Crowrang
|-resisted|p1a: Wind Crowrang
|-damage|p1a: Wind Crowrang|88/100
|-heal|p2a: Tea|100/100|[from] drain|[of] p1a: Wind Crowrang
|-status|p1a: Wind Crowrang|brn
|
|-weather|Sandstorm|[upkeep]
|-damage|p2a: Tea|94/100|[from] Sandstorm
|-damage|p1a: Wind Crowrang|82/100 brn|[from] brn
|upkeep
|turn|9
|inactive|Acastillo631 has 120 seconds left.
|
|t:|1760719951
|move|p2a: Tea|Shadow Ball|p1a: Wind Crowrang
|-damage|p1a: Wind Crowrang|35/100 brn
|move|p1a: Wind Crowrang|U-turn|p2a: Tea
|-resisted|p2a: Tea
|-damage|p2a: Tea|92/100
|
|t:|1760719963
|switch|p1a: Sage Harpuia|Iron Valiant|100/100|[from] U-turn
|-damage|p1a: Sage Harpuia|88/100|[from] Spikes
|-enditem|p1a: Sage Harpuia|Booster Energy
|-activate|p1a: Sage Harpuia|ability: Quark Drive|[fromitem]
|-start|p1a: Sage Harpuia|quarkdrivespe
|
|-weather|Sandstorm|[upkeep]
|-damage|p1a: Sage Harpuia|82/100|[from] Sandstorm
|-damage|p2a: Tea|86/100|[from] Sandstorm
|upkeep
|turn|10
|
|t:|1760719969
|move|p1a: Sage Harpuia|Destiny Bond|p1a: Sage Harpuia
|-singlemove|p1a: Sage Harpuia|Destiny Bond
|move|p2a: Tea|Shadow Ball|p1a: Sage Harpuia
|-damage|p1a: Sage Harpuia|0 fnt
|faint|p1a: Sage Harpuia
|-activate|p1a: Sage Harpuia|move: Destiny Bond
|-end|p1a: Sage Harpuia|Quark Drive|[silent]
|faint|p2a: Tea
|
|-weather|none
|upkeep
|
|t:|1760719987
|switch|p1a: Muk|Muk-Alola, F|87/100
|switch|p2a: Duck|Quaquaval, M|100/100
|-damage|p2a: Duck|94/100|[from] Stealth Rock
|-damage|p1a: Muk|75/100|[from] Spikes
|turn|11
|
|t:|1760719995
|switch|p1a: Wind Crowrang|Corviknight, M|35/100 brn
|move|p2a: Duck|Bulk Up|p2a: Duck
|-boost|p2a: Duck|atk|1
|-boost|p2a: Duck|def|1
|
|-heal|p2a: Duck|100/100|[from] item: Leftovers
|-damage|p1a: Wind Crowrang|29/100 brn|[from] brn
|upkeep
|turn|12
|
|t:|1760720002
|move|p2a: Duck|Aqua Step|p1a: Wind Crowrang
|-damage|p1a: Wind Crowrang|0 fnt
|-boost|p2a: Duck|spe|1
|-damage|p2a: Duck|84/100|[from] item: Rocky Helmet|[of] p1a: Wind Crowrang
|faint|p1a: Wind Crowrang
|-ability|p2a: Duck|Moxie|boost
|-boost|p2a: Duck|atk|1
|
|-heal|p2a: Duck|90/100|[from] item: Leftovers
|upkeep
|
|t:|1760720005
|switch|p1a: Wire Sponge|Sinistcha|100/100
|turn|13
|
|t:|1760720007
|move|p2a: Duck|Ice Spinner|p1a: Wire Sponge
|-supereffective|p1a: Wire Sponge
|-damage|p1a: Wire Sponge|21/100
|move|p1a: Wire Sponge|Strength Sap|p2a: Duck
|-unboost|p2a: Duck|atk|1
|-heal|p1a: Wire Sponge|100/100
|
|-heal|p2a: Duck|96/100|[from] item: Leftovers
|upkeep
|turn|14
|
|t:|1760720024
|move|p2a: Duck|Bulk Up|p2a: Duck
|-boost|p2a: Duck|atk|1
|-boost|p2a: Duck|def|1
|move|p1a: Wire Sponge|Matcha Gotcha|p2a: Duck
|-supereffective|p2a: Duck
|-damage|p2a: Duck|6/100
|
|-heal|p2a: Duck|12/100|[from] item: Leftovers
|upkeep
|turn|15
|
|t:|1760720036
|move|p2a: Duck|Bulk Up|p2a: Duck
|-boost|p2a: Duck|atk|1
|-boost|p2a: Duck|def|1
|move|p1a: Wire Sponge|Strength Sap|p2a: Duck
|-unboost|p2a: Duck|atk|1
|
|-heal|p2a: Duck|18/100|[from] item: Leftovers
|upkeep
|turn|16
|
|t:|1760720045
|move|p2a: Duck|Ice Spinner|p1a: Wire Sponge
|-supereffective|p1a: Wire Sponge
|-damage|p1a: Wire Sponge|29/100
|move|p1a: Wire Sponge|Strength Sap|p2a: Duck
|-unboost|p2a: Duck|atk|1
|-heal|p1a: Wire Sponge|100/100
|
|-heal|p2a: Duck|24/100|[from] item: Leftovers
|upkeep
|turn|17
|
|t:|1760720050
|move|p2a: Duck|Ice Spinner|p1a: Wire Sponge
|-supereffective|p1a: Wire Sponge
|-damage|p1a: Wire Sponge|43/100
|move|p1a: Wire Sponge|Shadow Ball|p2a: Duck
|-damage|p2a: Duck|0 fnt
|faint|p2a: Duck
|
|upkeep
|
|t:|1760720053
|switch|p2a: Bird|Pelipper, M|100/100
|-damage|p2a: Bird|76/100|[from] Stealth Rock
|-weather|RainDance|[from] ability: Drizzle|[of] p2a: Bird
|turn|18
|inactive|Acastillo631 has 120 seconds left.
|
|t:|1760720087
|switch|p1a: Muk|Muk-Alola, F|75/100
|-damage|p1a: Muk|62/100|[from] Spikes
|move|p2a: Bird|U-turn|p1a: Muk
|-damage|p1a: Muk|53/100
|
|t:|1760720092
|switch|p2a: Weasel|Floatzel, M|100/100|[from] U-turn
|-damage|p2a: Weasel|88/100|[from] Stealth Rock
|
|-weather|RainDance|[upkeep]
|upkeep
|turn|19
|
|t:|1760720099
|move|p1a: Muk|Protect|p1a: Muk
|-singleturn|p1a: Muk|Protect
|move|p2a: Weasel|Wave Crash|p1a: Muk
|-activate|p1a: Muk|move: Protect
|
|-weather|RainDance|[upkeep]
|upkeep
|turn|20
|
|t:|1760720110
|switch|p1a: Eregion|Tyranitar, F|21/100
|-damage|p1a: Eregion|9/100|[from] Spikes
|-weather|Sandstorm|[from] ability: Sand Stream|[of] p1a: Eregion
|move|p2a: Weasel|Wave Crash|p1a: Eregion
|-supereffective|p1a: Eregion
|-damage|p1a: Eregion|0 fnt
|faint|p1a: Eregion
|-damage|p2a: Weasel|85/100|[from] Recoil
|
|-weather|Sandstorm|[upkeep]
|-damage|p2a: Weasel|79/100|[from] Sandstorm
|upkeep
|
|t:|1760720117
|switch|p1a: Wire Sponge|Sinistcha|43/100
|turn|21
|
|t:|1760720125
|switch|p2a: Bird|Pelipper, M|76/100
|-damage|p2a: Bird|51/100|[from] Stealth Rock
|-weather|RainDance|[from] ability: Drizzle|[of] p2a: Bird
|move|p1a: Wire Sponge|Matcha Gotcha|p2a: Bird
|-damage|p2a: Bird|6/100
|-heal|p1a: Wire Sponge|64/100|[from] drain|[of] p2a: Bird
|
|-weather|RainDance|[upkeep]
|upkeep
|turn|22
|
|t:|1760720135
|move|p1a: Wire Sponge|Shadow Ball|p2a: Bird
|-damage|p2a: Bird|0 fnt
|faint|p2a: Bird
|
|-weather|RainDance|[upkeep]
|upkeep
|
|t:|1760720137
|switch|p2a: Bird2|Kilowattrel, F|100/100
|-damage|p2a: Bird2|76/100|[from] Stealth Rock
|turn|23
|
|t:|1760720150
|switch|p1a: Muk|Muk-Alola, F|53/100
|-damage|p1a: Muk|40/100|[from] Spikes
|move|p2a: Bird2|Hurricane|p1a: Muk
|-damage|p1a: Muk|0 fnt
|faint|p1a: Muk
|
|-weather|RainDance|[upkeep]
|upkeep
|
|t:|1760720156
|switch|p1a: Garchomp|Garchomp, F|100/100
|turn|24
|
|t:|1760720160
|move|p2a: Bird2|Hurricane|p1a: Garchomp
|-damage|p1a: Garchomp|20/100
|-start|p1a: Garchomp|confusion
|-activate|p1a: Garchomp|confusion
|move|p1a: Garchomp|Draco Meteor|p2a: Bird2
|-damage|p2a: Bird2|3/100
|-unboost|p1a: Garchomp|spa|2
|
|-weather|RainDance|[upkeep]
|upkeep
|turn|25
|
|t:|1760720172
|move|p2a: Bird2|Hurricane|p1a: Garchomp
|-damage|p1a: Garchomp|0 fnt
|faint|p1a: Garchomp
|
|-weather|RainDance|[upkeep]
|upkeep
|-message|Acastillo631 forfeited.
|
|win|bordercauley
|raw|Acastillo631's rating: 1542 &rarr; <strong>1521</strong><br />(-21 for losing)
|raw|bordercauley's rating: 1531 &rarr; <strong>1552</strong><br />(+21 for winning)
|l|☆Acastillo631
|player|p1|
|l|☆bordercauley
|player|p2|
