|j|☆NebulaTrainer
|j|☆dia90
|t:|1760821940
|gametype|singles
|player|p1|NebulaTrainer|cynthia-gen4|1543
|player|p2|dia90|265|1575
|gen|9
|tier|[Gen 9] OU
|rated|
|rule|HP Percentage Mod: HP is shown in percentages
|rule|Endless Battle Clause: Forcing endless battles is banned
|rule|Species Clause: Limit one of each Pokémon
|rule|OHKO Clause: OHKO moves are banned
|rule|Evasion Items Clause: Evasion items are banned
|rule|Evasion Moves Clause: Evasion moves are banned
|rule|Evasion Abilities Clause: Evasion abilities are banned
|rule|Sleep Moves Clause: Sleep-inducing moves are banned
|clearpoke
|poke|p1|Hippowdon, M|
|poke|p1|Excadrill, M|
|poke|p1|Hydrapple, F|
|poke|p1|Tornadus-Therian, M|
|poke|p1|Heatran, F|
|poke|p1|Keldeo-Resolute|
|poke|p2|Samurott-Hisui, M|
|poke|p2|Rillaboom, F|
|poke|p2|Gholdengo|
|poke|p2|Emboar, F|
|poke|p2|Dondozo, F|
|poke|p2|Iron Treads|
|teampreview
|inactive|Battle timer is ON: inactive players will automatically lose when time's up. (requested by dia90)
|
|t:|1760821963
|teamsize|p1|6
|teamsize|p2|6
|start
|switch|p1a: Hydrapple|Hydrapple, F|100/100
|switch|p2a: Rillaboom|Rillaboom, F|100/100
|-fieldstart|move: Grassy Terrain|[from] ability: Grassy Surge|[of] p2a: Rillaboom
|turn|1
|
|t:|1760821973
|switch|p1a: Heatran|Heatran, F, shiny|100/100
|move|p2a: Rillaboom|Knock Off|p1a: Heatran
|-damage|p1a: Heatran|68/100
|-enditem|p1a: Heatran|Leftovers|[from] move: Knock Off|[of] p2a: Rillaboom
|
|-heal|p1a: Heatran|74/100|[from] Grassy Terrain
|upkeep
|turn|2
|
|t:|1760821985
|switch|p1a: Hydrapple|Hydrapple, F|100/100
|move|p2a: Rillaboom|U-turn|p1a: Hydrapple
|-supereffective|p1a: Hydrapple
|-damage|p1a: Hydrapple|63/100
|
|t:|1760821990
|switch|p2a: Emboar|Emboar, F|100/100|[from] U-turn
|
|-heal|p1a: Hydrapple|69/100|[from] Grassy Terrain
|upkeep
|turn|3
|
|t:|1760821996
|switch|p1a: Heatran|Heatran, F, shiny|74/100
|move|p2a: Emboar|Bulk Up|p2a: Emboar
|-boost|p2a: Emboar|atk|1
|-boost|p2a: Emboar|def|1
|
|-heal|p1a: Heatran|80/100|[from] Grassy Terrain
|upkeep
|turn|4
|
|t:|1760822006
|switch|p1a: Hippowdon|Hippowdon, M, shiny|100/100
|-weather|Sandstorm|[from] ability: Sand Stream|[of] p1a: Hippowdon
|move|p2a: Emboar|Drain Punch|p1a: Hippowdon
|-damage|p1a: Hippowdon|60/100
|-damage|p2a: Emboar|91/100|[from] item: Life Orb
|
|-weather|Sandstorm|[upkeep]
|-damage|p2a: Emboar|84/100|[from] Sandstorm
|-heal|p2a: Emboar|91/100|[from] Grassy Terrain
|-heal|p1a: Hippowdon|66/100|[from] Grassy Terrain
|upkeep
|turn|5
|
|t:|1760822018
|move|p2a: Emboar|Flare Blitz|p1a: Hippowdon
|-damage|p1a: Hippowdon|0 fnt
|faint|p1a: Hippowdon
|-damage|p2a: Emboar|66/100|[from] Recoil
|-damage|p2a: Emboar|56/100|[from] item: Life Orb
|
|-weather|Sandstorm|[upkeep]
|-damage|p2a: Emboar|50/100|[from] Sandstorm
|-heal|p2a: Emboar|56/100|[from] Grassy Terrain
|upkeep
|
|t:|1760822029
|switch|p1a: Keldeo|Keldeo-Resolute|100/100
|turn|6
|
|t:|1760822033
|-terastallize|p2a: Emboar|Dark
|move|p1a: Keldeo|Hydro Pump|p2a: Emboar
|-damage|p2a: Emboar|0 fnt
|faint|p2a: Emboar
|
|-weather|Sandstorm|[upkeep]
|-damage|p1a: Keldeo|94/100|[from] Sandstorm
|-heal|p1a: Keldeo|100/100|[from] Grassy Terrain
|upkeep
|
|t:|1760822045
|switch|p2a: Dondozo|Dondozo, F|100/100
|turn|7
|
|t:|1760822051
|switch|p1a: Hydrapple|Hydrapple, F|100/100
|switch|p2a: Samurott|Samurott-Hisui, M|100/100
|
|-weather|Sandstorm|[upkeep]
|-damage|p2a: Samurott|94/100|[from] Sandstorm
|-damage|p1a: Hydrapple|94/100|[from] Sandstorm
|-heal|p2a: Samurott|100/100|[from] Grassy Terrain
|-heal|p1a: Hydrapple|100/100|[from] Grassy Terrain
|upkeep
|turn|8
|
|t:|1760822061
|move|p2a: Samurott|Ceaseless Edge|p1a: Hydrapple
|-damage|p1a: Hydrapple|42/100
|-sidestart|p1: NebulaTrainer|Spikes
|move|p1a: Hydrapple|Nasty Plot|p1a: Hydrapple
|-boost|p1a: Hydrapple|spa|2
|
|-weather|Sandstorm|[upkeep]
|-damage|p2a: Samurott|94/100|[from] Sandstorm
|-damage|p1a: Hydrapple|36/100|[from] Sandstorm
|-heal|p2a: Samurott|100/100|[from] Grassy Terrain
|-heal|p1a: Hydrapple|42/100|[from] Grassy Terrain
|-fieldend|move: Grassy Terrain
|upkeep
|turn|9
|
|t:|1760822075
|switch|p1a: Keldeo|Keldeo-Resolute|100/100
|-damage|p1a: Keldeo|88/100|[from] Spikes
|move|p2a: Samurott|Ceaseless Edge|p1a: Keldeo|[miss]
|-miss|p2a: Samurott|p1a: Keldeo
|
|-weather|Sandstorm|[upkeep]
|-damage|p1a: Keldeo|82/100|[from] Sandstorm
|-damage|p2a: Samurott|94/100|[from] Sandstorm
|upkeep
|turn|10
|
|t:|1760822085
|switch|p2a: Rillaboom|Rillaboom, F|100/100
|-fieldstart|move: Grassy Terrain|[from] ability: Grassy Surge|[of] p2a: Rillaboom
|move|p1a: Keldeo|Hydro Pump|p2a: Rillaboom
|-resisted|p2a: Rillaboom
|-damage|p2a: Rillaboom|56/100
|
|-weather|Sandstorm|[upkeep]
|-damage|p1a: Keldeo|76/100|[from] Sandstorm
|-damage|p2a: Rillaboom|50/100|[from] Sandstorm
|-heal|p1a: Keldeo|82/100|[from] Grassy Terrain
|-heal|p2a: Rillaboom|56/100|[from] Grassy Terrain
|upkeep
|turn|11
|
|t:|1760822097
|switch|p1a: Tornadus|Tornadus-Therian, M, shiny|100/100
|move|p2a: Rillaboom|U-turn|p1a: Tornadus
|-resisted|p1a: Tornadus
|-damage|p1a: Tornadus|85/100
|
|t:|1760822102
|switch|p2a: Samurott|Samurott-Hisui, M|94/100|[from] U-turn
|
|-weather|none
|-heal|p2a: Samurott|100/100|[from] Grassy Terrain
|upkeep
|turn|12
|
|t:|1760822108
|move|p1a: Tornadus|U-turn|p2a: Samurott
|-supereffective|p2a: Samurott
|-damage|p2a: Samurott|71/100
|
|t:|1760822112
|switch|p1a: Keldeo|Keldeo-Resolute|82/100|[from] U-turn
|-damage|p1a: Keldeo|70/100|[from] Spikes
|move|p2a: Samurott|Ceaseless Edge|p1a: Keldeo
|-resisted|p1a: Keldeo
|-crit|p1a: Keldeo
|-damage|p1a: Keldeo|5/100
|-ability|p1a: Keldeo|Justified|boost
|-boost|p1a: Keldeo|atk|1
|-sidestart|p1: NebulaTrainer|Spikes
|
|-heal|p1a: Keldeo|12/100|[from] Grassy Terrain
|-heal|p2a: Samurott|78/100|[from] Grassy Terrain
|upkeep
|turn|13
|
|t:|1760822125
|switch|p2a: Dondozo|Dondozo, F|100/100
|move|p1a: Keldeo|Hydro Pump|p2a: Dondozo|[miss]
|-miss|p1a: Keldeo|p2a: Dondozo
|
|-heal|p1a: Keldeo|18/100|[from] Grassy Terrain
|upkeep
|turn|14
|
|t:|1760822135
|switch|p1a: Hydrapple|Hydrapple, F|75/100
|switch|p2a: Samurott|Samurott-Hisui, M|78/100
|
|-heal|p2a: Samurott|84/100|[from] Grassy Terrain
|-heal|p1a: Hydrapple|81/100|[from] Grassy Terrain
|upkeep
|turn|15
|
|t:|1760822143
|move|p2a: Samurott|Ceaseless Edge|p1a: Hydrapple
|-damage|p1a: Hydrapple|25/100
|-sidestart|p1: NebulaTrainer|Spikes
|move|p1a: Hydrapple|Giga Drain|p2a: Samurott
|-supereffective|p2a: Samurott
|-damage|p2a: Samurott|0 fnt
|-heal|p1a: Hydrapple|63/100|[from] drain|[of] p2a: Samurott
|faint|p2a: Samurott
|
|-heal|p1a: Hydrapple|70/100|[from] Grassy Terrain
|upkeep
|
|t:|1760822153
|switch|p2a: Gholdengo|Gholdengo|100/100
|turn|16
|
|t:|1760822159
|switch|p1a: Keldeo|Keldeo-Resolute|18/100
|-damage|p1a: Keldeo|0 fnt|[from] Spikes
|faint|p1a: Keldeo
|move|p2a: Gholdengo|Thunder Wave|p1: Keldeo|[notarget]
|-fail|p2a: Gholdengo
|
|upkeep
|
|t:|1760822168
|switch|p1a: Excadrill|Excadrill, M, shiny|100/100
|-damage|p1a: Excadrill|76/100|[from] Spikes
|turn|17
|
|t:|1760822175
|move|p1a: Excadrill|Rapid Spin|p2a: Gholdengo
|-immune|p2a: Gholdengo
|move|p2a: Gholdengo|Hex|p1a: Excadrill
|-damage|p1a: Excadrill|34/100
|
|-heal|p1a: Excadrill|40/100|[from] Grassy Terrain
|-heal|p1a: Excadrill|46/100|[from] item: Leftovers
|-fieldend|move: Grassy Terrain
|upkeep
|turn|18
|
|t:|1760822187
|move|p1a: Excadrill|Rapid Spin|p2a: Gholdengo
|-immune|p2a: Gholdengo
|move|p2a: Gholdengo|Hex|p1a: Excadrill
|-damage|p1a: Excadrill|6/100
|
|-heal|p1a: Excadrill|12/100|[from] item: Leftovers
|upkeep
|turn|19
|
|t:|1760822196
|move|p1a: Excadrill|Earthquake|p2a: Gholdengo
|-supereffective|p2a: Gholdengo
|-damage|p2a: Gholdengo|27/100
|move|p2a: Gholdengo|Hex|p1a: Excadrill
|-damage|p1a: Excadrill|0 fnt
|faint|p1a: Excadrill
|
|-heal|p2a: Gholdengo|33/100|[from] item: Leftovers
|upkeep
|
|t:|1760822205
|switch|p1a: Tornadus|Tornadus-Therian, M, shiny|100/100
|turn|20
|
|t:|1760822213
|switch|p2a: Iron Treads|Iron Treads|100/100
|move|p1a: Tornadus|Knock Off|p2a: Iron Treads
|-damage|p2a: Iron Treads|86/100
|-enditem|p2a: Iron Treads|Assault Vest|[from] move: Knock Off|[of] p1a: Tornadus
|
|upkeep
|turn|21
|
|t:|1760822225
|move|p1a: Tornadus|Heat Wave|p2a: Iron Treads
|-supereffective|p2a: Iron Treads
|-damage|p2a: Iron Treads|37/100
|move|p2a: Iron Treads|Knock Off|p1a: Tornadus
|-damage|p1a: Tornadus|69/100
|-enditem|p1a: Tornadus|Assault Vest|[from] move: Knock Off|[of] p2a: Iron Treads
|
|upkeep
|turn|22
|
|t:|1760822238
|move|p1a: Tornadus|Heat Wave|p2a: Iron Treads
|-supereffective|p2a: Iron Treads
|-damage|p2a: Iron Treads|0 fnt
|faint|p2a: Iron Treads
|-end|p2a: Iron Treads|Quark Drive|[silent]
|
|upkeep
|
|t:|1760822243
|switch|p2a: Dondozo|Dondozo, F|100/100
|turn|23
|
|t:|1760822249
|switch|p1a: Hydrapple|Hydrapple, F|100/100
|move|p2a: Dondozo|Curse|p2a: Dondozo
|-unboost|p2a: Dondozo|spe|1
|-boost|p2a: Dondozo|atk|1
|-boost|p2a: Dondozo|def|1
|
|upkeep
|turn|24
|
|t:|1760822260
|move|p1a: Hydrapple|Nasty Plot|p1a: Hydrapple
|-boost|p1a: Hydrapple|spa|2
|move|p2a: Dondozo|Curse|p2a: Dondozo
|-unboost|p2a: Dondozo|spe|1
|-boost|p2a: Dondozo|atk|1
|-boost|p2a: Dondozo|def|1
|
|upkeep
|turn|25
|
|t:|1760822269
|move|p1a: Hydrapple|Giga Drain|p2a: Dondozo
|-supereffective|p2a: Dondozo
|-damage|p2a: Dondozo|45/100
|move|p2a: Dondozo|Body Press|p1a: Hydrapple
|-damage|p1a: Hydrapple|69/100
|
|-heal|p2a: Dondozo|51/100|[from] item: Leftovers
|upkeep
|turn|26
|
|t:|1760822280
|move|p1a: Hydrapple|Giga Drain|p2a: Dondozo
|-supereffective|p2a: Dondozo
|-damage|p2a: Dondozo|1/100
|-heal|p1a: Hydrapple|99/100|[from] drain|[of] p2a: Dondozo
|move|p2a: Dondozo|Body Press|p1a: Hydrapple
|-damage|p1a: Hydrapple|66/100
|
|-heal|p2a: Dondozo|8/100|[from] item: Leftovers
|upkeep
|turn|27
|
|t:|1760822290
|move|p1a: Hydrapple|Giga Drain|p2a: Dondozo
|-supereffective|p2a: Dondozo
|-damage|p2a: Dondozo|0 fnt
|-heal|p1a: Hydrapple|71/100|[from] drain|[of] p2a: Dondozo
|faint|p2a: Dondozo
|
|upkeep
|
|t:|1760822295
|switch|p2a: Gholdengo|Gholdengo|33/100
|turn|28
|
|t:|1760822301
|switch|p1a: Tornadus|Tornadus-Therian, M, shiny|100/100
|move|p2a: Gholdengo|Thunder Wave|p1a: Tornadus
|-status|p1a: Tornadus|par
|
|-heal|p2a: Gholdengo|39/100|[from] item: Leftovers
|upkeep
|turn|29
|
|t:|1760822309
|move|p2a: Gholdengo|Recover|p2a: Gholdengo
|-heal|p2a: Gholdengo|89/100
|move|p1a: Tornadus|Knock Off|p2a: Gholdengo
|-supereffective|p2a: Gholdengo
|-damage|p2a: Gholdengo|63/100
|-enditem|p2a: Gholdengo|Leftovers|[from] move: Knock Off|[of] p1a: Tornadus
|
|upkeep
|turn|30
|
|t:|1760822317
|move|p2a: Gholdengo|Hex|p1a: Tornadus
|-damage|p1a: Tornadus|43/100 par
|move|p1a: Tornadus|Heat Wave|p2a: Gholdengo
|-supereffective|p2a: Gholdengo
|-damage|p2a: Gholdengo|17/100
|-status|p2a: Gholdengo|brn
|
|-damage|p2a: Gholdengo|11/100 brn|[from] brn
|upkeep
|turn|31
|
|t:|1760822330
|move|p2a: Gholdengo|Recover|p2a: Gholdengo
|-heal|p2a: Gholdengo|61/100 brn
|cant|p1a: Tornadus|par
|
|-damage|p2a: Gholdengo|54/100 brn|[from] brn
|upkeep
|turn|32
|
|t:|1760822339
|switch|p1a: Heatran|Heatran, F, shiny|80/100
|-damage|p1a: Heatran|55/100|[from] Spikes
|move|p2a: Gholdengo|Hex|p1a: Heatran
|-damage|p1a: Heatran|39/100
|
|-damage|p2a: Gholdengo|48/100 brn|[from] brn
|upkeep
|turn|33
|
|t:|1760822349
|move|p2a: Gholdengo|Thunder Wave|p1a: Heatran
|-status|p1a: Heatran|par
|move|p1a: Heatran|Magma Storm|p2a: Gholdengo
|-supereffective|p2a: Gholdengo
|-damage|p2a: Gholdengo|0 fnt
|faint|p2a: Gholdengo
|
|upkeep
|
|t:|1760822358
|switch|p2a: Rillaboom|Rillaboom, F|56/100
|-fieldstart|move: Grassy Terrain|[from] ability: Grassy Surge|[of] p2a: Rillaboom
|turn|34
|
|t:|1760822362
|move|p2a: Rillaboom|Knock Off|p1a: Heatran
|-damage|p1a: Heatran|18/100 par
|move|p1a: Heatran|Magma Storm|p2a: Rillaboom
|-supereffective|p2a: Rillaboom
|-damage|p2a: Rillaboom|0 fnt
|faint|p2a: Rillaboom
|
|win|NebulaTrainer
|raw|NebulaTrainer's rating: 1543 &rarr; <strong>1565</strong><br />(+22 for winning)
|raw|dia90's rating: 1575 &rarr; <strong>1553</strong><br />(-22 for losing)
|l|☆dia90
|player|p2|
|l|☆NebulaTrainer
|player|p1|
