|j|☆reudige Gurke
|j|☆JOE MAMA SLICE'S
|t:|1760817800
|gametype|singles
|player|p1|reudige Gurke|265|1345
|player|p2|JOE MAMA SLICE'S|cynthia-masters|1386
|gen|9
|tier|[Gen 9] OU
|rated|
|rule|HP Percentage Mod: HP is shown in percentages
|rule|Endless Battle Clause: Forcing endless battles is banned
|rule|Species Clause: Limit one of each Pokémon
|rule|OHKO Clause: OHKO moves are banned
|rule|Evasion Items Clause: Evasion items are banned
|rule|Evasion Moves Clause: Evasion moves are banned
|rule|Evasion Abilities Clause: Evasion abilities are banned
|rule|Sleep Moves Clause: Sleep-inducing moves are banned
|clearpoke
|poke|p1|Mew|
|poke|p1|Alomomola, M|
|poke|p1|Cinderace, F|
|poke|p1|Primarina, F|
|poke|p1|Persian-Alola, M|
|poke|p1|Kyurem|
|poke|p2|Darkrai|
|poke|p2|Great Tusk|
|poke|p2|Scizor, M|
|poke|p2|Kyurem|
|poke|p2|Slowking, M|
|poke|p2|Rillaboom, M|
|teampreview
|
|t:|1760817807
|teamsize|p1|6
|teamsize|p2|6
|start
|switch|p1a: Persian|Persian-Alola, M|100/100
|switch|p2a: Scizor|Scizor, M|100/100
|turn|1
|
|t:|1760817820
|move|p1a: Persian|Parting Shot|p2a: Scizor
|-unboost|p2a: Scizor|atk|1
|-unboost|p2a: Scizor|spa|1
|
|t:|1760817829
|switch|p1a: Alomomola|Alomomola, M|100/100|[from] Parting Shot
|move|p2a: Scizor|U-turn|p1a: Alomomola
|-damage|p1a: Alomomola|78/100
|
|t:|1760817832
|switch|p2a: Rillaboom|Rillaboom, M|100/100|[from] U-turn
|-fieldstart|move: Grassy Terrain|[from] ability: Grassy Surge|[of] p2a: Rillaboom
|
|-heal|p1a: Alomomola|85/100|[from] Grassy Terrain
|upkeep
|turn|2
|
|t:|1760817841
|move|p1a: Alomomola|Protect|p1a: Alomomola
|-singleturn|p1a: Alomomola|Protect
|move|p2a: Rillaboom|Wood Hammer|p1a: Alomomola
|-activate|p1a: Alomomola|move: Protect
|
|-heal|p1a: Alomomola|91/100|[from] Grassy Terrain
|upkeep
|turn|3
|
|t:|1760817858
|switch|p1a: Kyurem|Kyurem|100/100
|-ability|p1a: Kyurem|Pressure
|move|p2a: Rillaboom|Wood Hammer|p1a: Kyurem
|-resisted|p1a: Kyurem
|-damage|p1a: Kyurem|47/100
|-damage|p2a: Rillaboom|77/100|[from] Recoil
|
|-heal|p1a: Kyurem|53/100|[from] Grassy Terrain
|-heal|p1a: Kyurem|59/100|[from] item: Leftovers
|-heal|p2a: Rillaboom|83/100|[from] Grassy Terrain
|upkeep
|turn|4
|
|t:|1760817865
|switch|p2a: Slowking|Slowking, M|100/100
|move|p1a: Kyurem|Protect||[still]
|-fail|p1a: Kyurem
|
|-heal|p1a: Kyurem|65/100|[from] Grassy Terrain
|-heal|p1a: Kyurem|72/100|[from] item: Leftovers
|upkeep
|turn|5
|
|t:|1760817871
|move|p1a: Kyurem|Substitute|p1a: Kyurem
|-start|p1a: Kyurem|Substitute
|-damage|p1a: Kyurem|47/100
|-prepare|p2a: Slowking|Chilly Reception|[premajor]
|move|p2a: Slowking|Chilly Reception|p2a: Slowking
|-weather|Snowscape
|
|t:|1760817879
|switch|p2a: Scizor|Scizor, M|100/100|[from] Chilly Reception
|
|-weather|Snowscape|[upkeep]
|-heal|p1a: Kyurem|53/100|[from] Grassy Terrain
|-heal|p1a: Kyurem|59/100|[from] item: Leftovers
|-fieldend|move: Grassy Terrain
|upkeep
|turn|6
|
|t:|1760817889
|move|p1a: Kyurem|Protect|p1a: Kyurem
|-singleturn|p1a: Kyurem|Protect
|move|p2a: Scizor|Bullet Punch|p1a: Kyurem
|-activate|p1a: Kyurem|move: Protect
|
|-weather|Snowscape|[upkeep]
|-heal|p1a: Kyurem|65/100|[from] item: Leftovers
|upkeep
|turn|7
|
|t:|1760817908
|-terastallize|p1a: Kyurem|Steel
|move|p2a: Scizor|Bullet Punch|p1a: Kyurem
|-resisted|p1a: Kyurem
|-activate|p1a: Kyurem|move: Substitute|[damage]
|move|p1a: Kyurem|Dragon Dance|p1a: Kyurem
|-boost|p1a: Kyurem|atk|1
|-boost|p1a: Kyurem|spe|1
|
|-weather|Snowscape|[upkeep]
|-heal|p1a: Kyurem|71/100|[from] item: Leftovers
|upkeep
|turn|8
|
|t:|1760817917
|switch|p2a: Slowking|Slowking, M|100/100
|move|p1a: Kyurem|Dragon Dance|p1a: Kyurem
|-boost|p1a: Kyurem|atk|1
|-boost|p1a: Kyurem|spe|1
|
|-weather|Snowscape|[upkeep]
|-heal|p1a: Kyurem|78/100|[from] item: Leftovers
|upkeep
|turn|9
|
|t:|1760817922
|move|p1a: Kyurem|Protect|p1a: Kyurem
|-singleturn|p1a: Kyurem|Protect
|move|p2a: Slowking|Scald|p1a: Kyurem
|-activate|p1a: Kyurem|move: Protect
|
|-weather|none
|-heal|p1a: Kyurem|84/100|[from] item: Leftovers
|upkeep
|turn|10
|
|t:|1760817928
|move|p1a: Kyurem|Dragon Dance|p1a: Kyurem
|-boost|p1a: Kyurem|atk|1
|-boost|p1a: Kyurem|spe|1
|move|p2a: Slowking|Scald|p1a: Kyurem
|-end|p1a: Kyurem|Substitute
|
|-heal|p1a: Kyurem|90/100|[from] item: Leftovers
|upkeep
|turn|11
|inactive|Battle timer is ON: inactive players will automatically lose when time's up. (requested by reudige Gurke)
|
|t:|1760817950
|move|p1a: Kyurem|Protect|p1a: Kyurem
|-singleturn|p1a: Kyurem|Protect
|-prepare|p2a: Slowking|Chilly Reception|[premajor]
|move|p2a: Slowking|Chilly Reception|p2a: Slowking
|-weather|Snowscape
|
|t:|1760817952
|switch|p2a: Kyurem|Kyurem|100/100|[from] Chilly Reception
|-ability|p2a: Kyurem|Pressure
|
|-weather|Snowscape|[upkeep]
|-heal|p1a: Kyurem|96/100|[from] item: Leftovers
|upkeep
|turn|12
|
|t:|1760817967
|-terastallize|p2a: Kyurem|Ice
|move|p1a: Kyurem|Icicle Spear|p2a: Kyurem
|-resisted|p2a: Kyurem
|-damage|p2a: Kyurem|92/100
|-resisted|p2a: Kyurem
|-damage|p2a: Kyurem|84/100
|-hitcount|p2a: Kyurem|2
|move|p2a: Kyurem|Earth Power|p1a: Kyurem
|-supereffective|p1a: Kyurem
|-damage|p1a: Kyurem|18/100
|
|-weather|Snowscape|[upkeep]
|-heal|p1a: Kyurem|24/100|[from] item: Leftovers
|upkeep
|turn|13
|
|t:|1760817984
|move|p1a: Kyurem|Icicle Spear|p2a: Kyurem
|-resisted|p2a: Kyurem
|-damage|p2a: Kyurem|76/100
|-resisted|p2a: Kyurem
|-damage|p2a: Kyurem|67/100
|-resisted|p2a: Kyurem
|-damage|p2a: Kyurem|59/100
|-hitcount|p2a: Kyurem|3
|move|p2a: Kyurem|Earth Power|p1a: Kyurem
|-supereffective|p1a: Kyurem
|-damage|p1a: Kyurem|0 fnt
|faint|p1a: Kyurem
|
|-weather|Snowscape|[upkeep]
|upkeep
|
|t:|1760817992
|switch|p1a: Cinderace|Cinderace, F|100/100
|turn|14
|
|t:|1760817994
|switch|p2a: Slowking|Slowking, M|100/100
|move|p1a: Cinderace|U-turn|p2a: Slowking
|-start|p1a: Cinderace|typechange|Bug|[from] ability: Libero
|-supereffective|p2a: Slowking
|-damage|p2a: Slowking|48/100
|
|t:|1760817999
|switch|p1a: Mew|Mew|100/100|[from] U-turn
|
|-weather|Snowscape|[upkeep]
|upkeep
|turn|15
|
|t:|1760818002
|move|p1a: Mew|Calm Mind|p1a: Mew
|-boost|p1a: Mew|spa|1
|-boost|p1a: Mew|spd|1
|-prepare|p2a: Slowking|Chilly Reception|[premajor]
|move|p2a: Slowking|Chilly Reception|p2a: Slowking
|
|t:|1760818013
|switch|p2a: Scizor|Scizor, M|100/100|[from] Chilly Reception
|
|-weather|none
|upkeep
|turn|16
|
|t:|1760818017
|move|p1a: Mew|Agility|p1a: Mew
|-boost|p1a: Mew|spe|2
|move|p2a: Scizor|U-turn|p1a: Mew
|-supereffective|p1a: Mew
|-damage|p1a: Mew|29/100
|-enditem|p1a: Mew|Weakness Policy
|-boost|p1a: Mew|atk|2|[from] item: Weakness Policy
|-boost|p1a: Mew|spa|2|[from] item: Weakness Policy
|
|t:|1760818020
|switch|p2a: Rillaboom|Rillaboom, M|83/100|[from] U-turn
|-fieldstart|move: Grassy Terrain|[from] ability: Grassy Surge|[of] p2a: Rillaboom
|
|-heal|p1a: Mew|35/100|[from] Grassy Terrain
|-heal|p2a: Rillaboom|89/100|[from] Grassy Terrain
|upkeep
|turn|17
|
|t:|1760818025
|move|p2a: Rillaboom|Grassy Glide|p1a: Mew
|-damage|p1a: Mew|1/100
|move|p1a: Mew|Draining Kiss|p2a: Rillaboom
|-damage|p2a: Rillaboom|51/100
|-heal|p1a: Mew|25/100|[from] drain|[of] p2a: Rillaboom
|
|-heal|p1a: Mew|31/100|[from] Grassy Terrain
|-heal|p2a: Rillaboom|57/100|[from] Grassy Terrain
|upkeep
|turn|18
|
|t:|1760818042
|switch|p1a: Cinderace|Cinderace, F|100/100
|move|p2a: Rillaboom|Grassy Glide|p1a: Cinderace
|-resisted|p1a: Cinderace
|-damage|p1a: Cinderace|59/100
|
|-heal|p1a: Cinderace|65/100|[from] Grassy Terrain
|-heal|p2a: Rillaboom|64/100|[from] Grassy Terrain
|upkeep
|turn|19
|
|t:|1760818046
|switch|p2a: Great Tusk|Great Tusk|100/100
|move|p1a: Cinderace|U-turn|p2a: Great Tusk
|-start|p1a: Cinderace|typechange|Bug|[from] ability: Libero
|-resisted|p2a: Great Tusk
|-damage|p2a: Great Tusk|88/100
|
|t:|1760818049
|switch|p1a: Mew|Mew|31/100|[from] U-turn
|
|-heal|p2a: Great Tusk|94/100|[from] Grassy Terrain
|-heal|p1a: Mew|37/100|[from] Grassy Terrain
|upkeep
|turn|20
|
|t:|1760818052
|move|p2a: Great Tusk|Headlong Rush|p1a: Mew
|-damage|p1a: Mew|0 fnt
|-unboost|p2a: Great Tusk|def|1
|-unboost|p2a: Great Tusk|spd|1
|faint|p1a: Mew
|
|-heal|p2a: Great Tusk|100/100|[from] Grassy Terrain
|-fieldend|move: Grassy Terrain
|upkeep
|-message|reudige Gurke forfeited.
|
|win|JOE MAMA SLICE'S
|raw|reudige Gurke's rating: 1345 &rarr; <strong>1327</strong><br />(-18 for losing)
|raw|JOE MAMA SLICE&apos;S's rating: 1386 &rarr; <strong>1404</strong><br />(+18 for winning)
|l|☆reudige Gurke
|player|p1|
|l|☆JOE MAMA SLICE'S
|player|p2|
