|j|☆Shea6045
|j|☆dgp1397
|t:|1760873144
|gametype|singles
|player|p1|Shea6045|cynthia-gen4|1251
|player|p2|dgp1397|266|1251
|gen|9
|tier|[Gen 9] OU
|rated|
|rule|HP Percentage Mod: HP is shown in percentages
|rule|Endless Battle Clause: Forcing endless battles is banned
|rule|Species Clause: Limit one of each Pokémon
|rule|OHKO Clause: OHKO moves are banned
|rule|Evasion Items Clause: Evasion items are banned
|rule|Evasion Moves Clause: Evasion moves are banned
|rule|Evasion Abilities Clause: Evasion abilities are banned
|rule|Sleep Moves Clause: Sleep-inducing moves are banned
|clearpoke
|poke|p1|Garchomp, F|
|poke|p1|Sinistcha|
|poke|p1|Zamazenta-*|
|poke|p1|Iron Valiant|
|poke|p1|Tornadus-Therian, M|
|poke|p1|Scizor, F|
|poke|p2|Ambipom, F|
|poke|p2|Gliscor, M|
|poke|p2|Dragapult, M|
|poke|p2|Iron Treads|
|poke|p2|Garganacl, M|
|poke|p2|Clodsire, F|
|teampreview
|inactive|Battle timer is ON: inactive players will automatically lose when time's up. (requested by Shea6045)
|
|t:|1760873172
|teamsize|p1|6
|teamsize|p2|6
|start
|switch|p1a: Scizor|Scizor, F|100/100
|switch|p2a: Ambipom|Ambipom, F|100/100
|turn|1
|
|t:|1760873178
|move|p2a: Ambipom|Fake Out|p1a: Scizor
|-resisted|p1a: Scizor
|-damage|p1a: Scizor|87/100
|cant|p1a: Scizor|flinch
|
|upkeep
|turn|2
|
|t:|1760873184
|move|p2a: Ambipom|U-turn|p1a: Scizor
|-resisted|p1a: Scizor
|-damage|p1a: Scizor|77/100
|
|t:|1760873188
|switch|p2a: Gliscor|Gliscor, M|100/100|[from] U-turn
|move|p1a: Scizor|Knock Off|p2a: Gliscor
|-damage|p2a: Gliscor|69/100
|-enditem|p2a: Gliscor|Toxic Orb|[from] move: Knock Off|[of] p1a: Scizor
|
|upkeep
|turn|3
|
|t:|1760873197
|move|p2a: Gliscor|Spikes|p1a: Scizor
|-sidestart|p1: Shea6045|Spikes
|move|p1a: Scizor|U-turn|p2a: Gliscor
|-resisted|p2a: Gliscor
|-damage|p2a: Gliscor|52/100
|
|t:|1760873201
|switch|p1a: Garchomp|Garchomp, F|100/100|[from] U-turn
|-damage|p1a: Garchomp|88/100|[from] Spikes
|
|upkeep
|turn|4
|
|t:|1760873208
|move|p1a: Garchomp|Spikes|p2a: Gliscor
|-sidestart|p2: dgp1397|Spikes
|move|p2a: Gliscor|Toxic|p1a: Garchomp
|-status|p1a: Garchomp|tox
|
|-damage|p1a: Garchomp|82/100 tox|[from] psn
|upkeep
|turn|5
|
|t:|1760873217
|move|p1a: Garchomp|Stealth Rock|p2a: Gliscor
|-sidestart|p2: dgp1397|move: Stealth Rock
|move|p2a: Gliscor|Spikes|p1a: Garchomp
|-sidestart|p1: Shea6045|Spikes
|
|-damage|p1a: Garchomp|69/100 tox|[from] psn
|upkeep
|turn|6
|
|t:|1760873224
|move|p1a: Garchomp|Spikes|p2a: Gliscor
|-sidestart|p2: dgp1397|Spikes
|move|p2a: Gliscor|Spikes|p1a: Garchomp
|-sidestart|p1: Shea6045|Spikes
|
|-damage|p1a: Garchomp|51/100 tox|[from] psn
|upkeep
|turn|7
|
|t:|1760873235
|switch|p2a: Iron Treads|Iron Treads|100/100
|-damage|p2a: Iron Treads|84/100|[from] Spikes
|-damage|p2a: Iron Treads|81/100|[from] Stealth Rock
|-enditem|p2a: Iron Treads|Booster Energy
|-activate|p2a: Iron Treads|ability: Quark Drive|[fromitem]
|-start|p2a: Iron Treads|quarkdrivespe
|move|p1a: Garchomp|Spikes|p2a: Iron Treads
|-sidestart|p2: dgp1397|Spikes
|
|-damage|p1a: Garchomp|26/100 tox|[from] psn
|upkeep
|turn|8
|
|t:|1760873257
|-terastallize|p1a: Garchomp|Ghost
|move|p2a: Iron Treads|Rapid Spin|p1a: Garchomp
|-immune|p1a: Garchomp
|move|p1a: Garchomp|Earthquake|p2a: Iron Treads
|-supereffective|p2a: Iron Treads
|-damage|p2a: Iron Treads|6/100
|
|-damage|p1a: Garchomp|0 fnt|[from] psn
|faint|p1a: Garchomp
|upkeep
|
|t:|1760873265
|switch|p1a: Scizor|Scizor, F|77/100
|turn|9
|
|t:|1760873275
|move|p1a: Scizor|Bullet Punch|p2a: Iron Treads
|-resisted|p2a: Iron Treads
|-damage|p2a: Iron Treads|0 fnt
|faint|p2a: Iron Treads
|-end|p2a: Iron Treads|Quark Drive|[silent]
|
|upkeep
|
|t:|1760873283
|switch|p2a: Dragapult|Dragapult, M|100/100
|-damage|p2a: Dragapult|76/100|[from] Spikes
|-damage|p2a: Dragapult|63/100|[from] Stealth Rock
|turn|10
|
|t:|1760873291
|switch|p1a: Tornadus|Tornadus-Therian, M|100/100
|move|p2a: Dragapult|Flamethrower|p1a: Tornadus
|-damage|p1a: Tornadus|60/100
|
|upkeep
|turn|11
|
|t:|1760873297
|move|p2a: Dragapult|Flamethrower|p1a: Tornadus
|-damage|p1a: Tornadus|22/100
|move|p1a: Tornadus|Knock Off|p2a: Dragapult
|-supereffective|p2a: Dragapult
|-damage|p2a: Dragapult|4/100
|-enditem|p2a: Dragapult|Choice Specs|[from] move: Knock Off|[of] p1a: Tornadus
|
|upkeep
|turn|12
|
|t:|1760873305
|move|p2a: Dragapult|Shadow Ball|p1a: Tornadus
|-damage|p1a: Tornadus|0 fnt
|faint|p1a: Tornadus
|
|upkeep
|
|t:|1760873308
|switch|p1a: Scizor|Scizor, F|77/100
|turn|13
|
|t:|1760873313
|move|p1a: Scizor|Bullet Punch|p2a: Dragapult
|-damage|p2a: Dragapult|0 fnt
|faint|p2a: Dragapult
|
|upkeep
|
|t:|1760873318
|switch|p2a: Garganacl|Garganacl, M|100/100
|-damage|p2a: Garganacl|75/100|[from] Spikes
|-damage|p2a: Garganacl|63/100|[from] Stealth Rock
|turn|14
|
|t:|1760873325
|move|p1a: Scizor|Bullet Punch|p2a: Garganacl
|-supereffective|p2a: Garganacl
|-damage|p2a: Garganacl|19/100
|move|p2a: Garganacl|Salt Cure|p1a: Scizor
|-damage|p1a: Scizor|62/100
|-start|p1a: Scizor|Salt Cure
|
|-heal|p2a: Garganacl|25/100|[from] item: Leftovers
|-damage|p1a: Scizor|37/100|[from] Salt Cure
|upkeep
|turn|15
|
|t:|1760873336
|switch|p1a: Zamazenta|Zamazenta|100/100
|-ability|p1a: Zamazenta|Dauntless Shield|boost
|-boost|p1a: Zamazenta|def|1
|move|p2a: Garganacl|Protect||[still]
|-fail|p2a: Garganacl
|
|-heal|p2a: Garganacl|31/100|[from] item: Leftovers
|upkeep
|turn|16
|
|t:|1760873345
|-terastallize|p2a: Garganacl|Fairy
|move|p1a: Zamazenta|Substitute|p1a: Zamazenta
|-start|p1a: Zamazenta|Substitute
|-damage|p1a: Zamazenta|76/100
|move|p2a: Garganacl|Recover|p2a: Garganacl
|-heal|p2a: Garganacl|81/100
|
|-heal|p2a: Garganacl|87/100|[from] item: Leftovers
|upkeep
|turn|17
|
|t:|1760873358
|move|p1a: Zamazenta|Iron Defense|p1a: Zamazenta
|-boost|p1a: Zamazenta|def|2
|move|p2a: Garganacl|Salt Cure|p1a: Zamazenta
|-resisted|p1a: Zamazenta
|-activate|p1a: Zamazenta|move: Substitute|[damage]
|
|-heal|p2a: Garganacl|93/100|[from] item: Leftovers
|upkeep
|turn|18
|
|t:|1760873367
|move|p1a: Zamazenta|Iron Defense|p1a: Zamazenta
|-boost|p1a: Zamazenta|def|2
|move|p2a: Garganacl|Salt Cure|p1a: Zamazenta
|-resisted|p1a: Zamazenta
|-activate|p1a: Zamazenta|move: Substitute|[damage]
|
|-heal|p2a: Garganacl|99/100|[from] item: Leftovers
|upkeep
|turn|19
|
|t:|1760873375
|move|p1a: Zamazenta|Iron Defense|p1a: Zamazenta
|-boost|p1a: Zamazenta|def|1
|move|p2a: Garganacl|Salt Cure|p1a: Zamazenta
|-resisted|p1a: Zamazenta
|-activate|p1a: Zamazenta|move: Substitute|[damage]
|
|-heal|p2a: Garganacl|100/100|[from] item: Leftovers
|upkeep
|turn|20
|
|t:|1760873384
|move|p1a: Zamazenta|Body Press|p2a: Garganacl
|-resisted|p2a: Garganacl
|-damage|p2a: Garganacl|57/100
|move|p2a: Garganacl|Salt Cure|p1a: Zamazenta
|-resisted|p1a: Zamazenta
|-activate|p1a: Zamazenta|move: Substitute|[damage]
|
|-heal|p2a: Garganacl|64/100|[from] item: Leftovers
|upkeep
|turn|21
|-message|dgp1397 forfeited.
|
|win|Shea6045
|raw|Shea6045's rating: 1251 &rarr; <strong>1276</strong><br />(+25 for winning)
|raw|dgp1397's rating: 1251 &rarr; <strong>1226</strong><br />(-25 for losing)
|l|☆dgp1397
|player|p2|
|l|☆Shea6045
|player|p1|
