|j|☆Narichi537
|j|☆masquerade bail
|t:|1760768213
|gametype|singles
|player|p1|Narichi537|swimmer-gen4dp|1254
|player|p2|masquerade bail|evelyn|1305
|gen|9
|tier|[Gen 9] OU
|rated|
|rule|HP Percentage Mod: HP is shown in percentages
|rule|Endless Battle Clause: Forcing endless battles is banned
|rule|Species Clause: Limit one of each Pokémon
|rule|OHKO Clause: OHKO moves are banned
|rule|Evasion Items Clause: Evasion items are banned
|rule|Evasion Moves Clause: Evasion moves are banned
|rule|Evasion Abilities Clause: Evasion abilities are banned
|rule|Sleep Moves Clause: Sleep-inducing moves are banned
|clearpoke
|poke|p1|Iron Treads|
|poke|p1|Darkrai|
|poke|p1|Sylveon, F|
|poke|p1|Slowking, F|
|poke|p1|Meowscarada, F|
|poke|p1|Garchomp, M|
|poke|p2|Primarina, M|
|poke|p2|Great Tusk|
|poke|p2|Kingambit, M|
|poke|p2|Slowking-Galar, M|
|poke|p2|Ogerpon, F|
|poke|p2|Enamorus, F|
|teampreview
|inactive|Battle timer is ON: inactive players will automatically lose when time's up. (requested by masquerade bail)
|
|t:|1760768219
|teamsize|p1|6
|teamsize|p2|6
|start
|switch|p1a: Darkrai|Darkrai|100/100
|switch|p2a: Ogerpon|Ogerpon, F|100/100
|turn|1
|inactive|masquerade bail has 120 seconds left.
|
|t:|1760768249
|move|p1a: Darkrai|Will-O-Wisp|p2a: Ogerpon
|-status|p2a: Ogerpon|brn
|move|p2a: Ogerpon|U-turn|p1a: Darkrai
|-supereffective|p1a: Darkrai
|-damage|p1a: Darkrai|56/100
|inactive|masquerade bail has 120 seconds left.
|
|t:|1760768256
|switch|p2a: Enamorus|Enamorus, F, shiny|100/100|[from] U-turn
|
|upkeep
|turn|2
|
|t:|1760768262
|switch|p1a: Slowking|Slowking, F|100/100
|move|p2a: Enamorus|Moonblast|p1a: Slowking
|-damage|p1a: Slowking|63/100
|
|upkeep
|turn|3
|
|t:|1760768268
|move|p2a: Enamorus|Moonblast|p1a: Slowking
|-damage|p1a: Slowking|23/100
|-prepare|p1a: Slowking|Chilly Reception|[premajor]
|move|p1a: Slowking|Chilly Reception|p1a: Slowking
|-weather|Snowscape
|
|t:|1760768274
|switch|p1a: Iron Treads|Iron Treads|100/100|[from] Chilly Reception
|-item|p1a: Iron Treads|Air Balloon
|
|-weather|Snowscape|[upkeep]
|upkeep
|turn|4
|
|t:|1760768287
|switch|p2a: Great Tusk|Great Tusk, shiny|100/100
|move|p1a: Iron Treads|Ice Spinner|p2a: Great Tusk
|-supereffective|p2a: Great Tusk
|-damage|p2a: Great Tusk|65/100
|-damage|p1a: Iron Treads|84/100|[from] item: Rocky Helmet|[of] p2a: Great Tusk
|
|-weather|Snowscape|[upkeep]
|upkeep
|turn|5
|
|t:|1760768302
|move|p1a: Iron Treads|Ice Spinner|p2a: Great Tusk
|-supereffective|p2a: Great Tusk
|-damage|p2a: Great Tusk|29/100
|-damage|p1a: Iron Treads|67/100|[from] item: Rocky Helmet|[of] p2a: Great Tusk
|move|p2a: Great Tusk|Rapid Spin|p1a: Iron Treads
|-resisted|p1a: Iron Treads
|-damage|p1a: Iron Treads|60/100
|-boost|p2a: Great Tusk|spe|1
|-enditem|p1a: Iron Treads|Air Balloon
|
|-weather|Snowscape|[upkeep]
|upkeep
|turn|6
|
|t:|1760768313
|move|p2a: Great Tusk|Headlong Rush|p1a: Iron Treads
|-supereffective|p1a: Iron Treads
|-damage|p1a: Iron Treads|0 fnt
|-unboost|p2a: Great Tusk|def|1
|-unboost|p2a: Great Tusk|spd|1
|faint|p1a: Iron Treads
|-end|p1a: Iron Treads|Quark Drive|[silent]
|
|-weather|Snowscape|[upkeep]
|upkeep
|
|t:|1760768322
|switch|p1a: Darkrai|Darkrai|56/100
|turn|7
|
|t:|1760768336
|move|p1a: Darkrai|Dark Pulse|p2a: Great Tusk
|-resisted|p2a: Great Tusk
|-damage|p2a: Great Tusk|0 fnt
|faint|p2a: Great Tusk
|-end|p2a: Great Tusk|Protosynthesis|[silent]
|
|-weather|none
|upkeep
|
|t:|1760768350
|switch|p2a: Primarina|Primarina, M, shiny|100/100
|turn|8
|
|t:|1760768358
|switch|p1a: Sylveon|Sylveon, F|100/100
|move|p2a: Primarina|Substitute|p2a: Primarina
|-start|p2a: Primarina|Substitute
|-damage|p2a: Primarina|76/100
|
|-heal|p2a: Primarina|82/100|[from] item: Leftovers
|upkeep
|turn|9
|
|t:|1760768365
|move|p2a: Primarina|Whirlpool|p1a: Sylveon
|-damage|p1a: Sylveon|87/100
|-activate|p1a: Sylveon|move: Whirlpool|[of] p2a: Primarina
|move|p1a: Sylveon|Hyper Voice|p2a: Primarina
|-damage|p2a: Primarina|44/100
|
|-heal|p2a: Primarina|50/100|[from] item: Leftovers
|-heal|p1a: Sylveon|93/100|[from] item: Leftovers
|-damage|p1a: Sylveon|80/100|[from] move: Whirlpool|[partiallytrapped]
|upkeep
|turn|10
|
|t:|1760768374
|move|p2a: Primarina|Psychic Noise|p1a: Sylveon
|-damage|p1a: Sylveon|52/100
|-start|p1a: Sylveon|move: Heal Block
|move|p1a: Sylveon|Calm Mind|p1a: Sylveon
|-boost|p1a: Sylveon|spa|1
|-boost|p1a: Sylveon|spd|1
|
|-heal|p2a: Primarina|56/100|[from] item: Leftovers
|-damage|p1a: Sylveon|40/100|[from] move: Whirlpool|[partiallytrapped]
|upkeep
|turn|11
|
|t:|1760768384
|move|p2a: Primarina|Psychic Noise|p1a: Sylveon
|-damage|p1a: Sylveon|21/100
|move|p1a: Sylveon|Hyper Voice|p2a: Primarina
|-damage|p2a: Primarina|0 fnt
|faint|p2a: Primarina
|
|-end|p1a: Sylveon|Whirlpool|[partiallytrapped]|[silent]
|-end|p1a: Sylveon|move: Heal Block
|upkeep
|
|t:|1760768395
|switch|p2a: Enamorus|Enamorus, F, shiny|100/100
|turn|12
|
|t:|1760768407
|move|p1a: Sylveon|Protect|p1a: Sylveon
|-singleturn|p1a: Sylveon|Protect
|move|p2a: Enamorus|Moonblast|p1a: Sylveon
|-activate|p1a: Sylveon|move: Protect
|
|-heal|p1a: Sylveon|27/100|[from] item: Leftovers
|upkeep
|turn|13
|
|t:|1760768426
|switch|p1a: Slowking|Slowking, F|56/100
|move|p2a: Enamorus|Moonblast|p1a: Slowking
|-damage|p1a: Slowking|17/100
|
|upkeep
|turn|14
|
|t:|1760768434
|move|p2a: Enamorus|Moonblast|p1a: Slowking
|-damage|p1a: Slowking|0 fnt
|faint|p1a: Slowking
|
|upkeep
|
|t:|1760768444
|switch|p1a: Darkrai|Darkrai|56/100
|turn|15
|
|t:|1760768448
|move|p1a: Darkrai|Ice Beam|p2a: Enamorus
|-supereffective|p2a: Enamorus
|-damage|p2a: Enamorus|10/100
|move|p2a: Enamorus|Moonblast|p1a: Darkrai
|-supereffective|p1a: Darkrai
|-damage|p1a: Darkrai|0 fnt
|faint|p1a: Darkrai
|
|upkeep
|-message|Narichi537 forfeited.
|
|win|masquerade bail
|raw|Narichi537's rating: 1254 &rarr; <strong>1233</strong><br />(-21 for losing)
|raw|masquerade bail's rating: 1305 &rarr; <strong>1322</strong><br />(+17 for winning)
|l|☆Narichi537
|player|p1|
|l|☆masquerade bail
|player|p2|
|j|☆masquerade bail
|player|p2|masquerade bail|evelyn|
