|j|☆spoons_R_bent
|j|☆bmw e46 318i
|t:|1760769110
|gametype|singles
|player|p1|spoons_R_bent|clerkf|1127
|player|p2|bmw e46 318i|doubleteam|1070
|gen|9
|tier|[Gen 9] OU
|rated|
|rule|HP Percentage Mod: HP is shown in percentages
|rule|Endless Battle Clause: Forcing endless battles is banned
|rule|Species Clause: Limit one of each Pokémon
|rule|OHKO Clause: OHKO moves are banned
|rule|Evasion Items Clause: Evasion items are banned
|rule|Evasion Moves Clause: Evasion moves are banned
|rule|Evasion Abilities Clause: Evasion abilities are banned
|rule|Sleep Moves Clause: Sleep-inducing moves are banned
|clearpoke
|poke|p1|Garganacl, M|
|poke|p1|Lycanroc, M|
|poke|p1|Glimmora, F|
|poke|p1|Tyranitar, F|
|poke|p1|Rhyperior, M|
|poke|p1|Drednaw, M|
|poke|p2|Wugtrio, M|
|poke|p2|Phione|
|poke|p2|Applin, M|
|poke|p2|Maushold|
|poke|p2|Luvdisc, M|
|poke|p2|Porygon-Z|
|teampreview
|
|t:|1760769118
|teamsize|p1|6
|teamsize|p2|6
|start
|switch|p1a: Glimmy Busted|Glimmora, F|100/100
|switch|p2a: Maushold|Maushold|100/100
|turn|1
|inactive|Battle timer is ON: inactive players will automatically lose when time's up. (requested by spoons_R_bent)
|
|t:|1760769147
|move|p1a: Glimmy Busted|Stealth Rock|p2a: Maushold
|-sidestart|p2: bmw e46 318i|move: Stealth Rock
|move|p2a: Maushold|Chilling Water|p1a: Glimmy Busted
|-supereffective|p1a: Glimmy Busted
|-damage|p1a: Glimmy Busted|70/100
|-unboost|p1a: Glimmy Busted|atk|1
|
|upkeep
|turn|2
|
|t:|1760769155
|move|p1a: Glimmy Busted|Spikes|p2a: Maushold
|-sidestart|p2: bmw e46 318i|Spikes
|move|p2a: Maushold|Population Bomb|p1a: Glimmy Busted
|-resisted|p1a: Glimmy Busted
|-damage|p1a: Glimmy Busted|67/100
|-activate|p1a: Glimmy Busted|ability: Toxic Debris
|-sidestart|p2: bmw e46 318i|move: Toxic Spikes
|-resisted|p1a: Glimmy Busted
|-damage|p1a: Glimmy Busted|64/100
|-activate|p1a: Glimmy Busted|ability: Toxic Debris
|-sidestart|p2: bmw e46 318i|move: Toxic Spikes
|-resisted|p1a: Glimmy Busted
|-damage|p1a: Glimmy Busted|60/100
|-resisted|p1a: Glimmy Busted
|-damage|p1a: Glimmy Busted|57/100
|-resisted|p1a: Glimmy Busted
|-damage|p1a: Glimmy Busted|54/100
|-resisted|p1a: Glimmy Busted
|-damage|p1a: Glimmy Busted|51/100
|-resisted|p1a: Glimmy Busted
|-damage|p1a: Glimmy Busted|48/100
|-resisted|p1a: Glimmy Busted
|-damage|p1a: Glimmy Busted|45/100
|-hitcount|p1a: Glimmy Busted|8
|
|upkeep
|turn|3
|inactive|spoons_R_bent has 120 seconds left.
|
|t:|1760769191
|move|p1a: Glimmy Busted|Mortal Spin|p2a: Maushold
|-damage|p2a: Maushold|95/100
|-status|p2a: Maushold|psn
|move|p2a: Maushold|Chilling Water|p1a: Glimmy Busted
|-supereffective|p1a: Glimmy Busted
|-damage|p1a: Glimmy Busted|13/100
|-unboost|p1a: Glimmy Busted|atk|1
|
|-damage|p2a: Maushold|83/100 psn|[from] psn
|upkeep
|turn|4
|inactive|spoons_R_bent has 120 seconds left.
|
|t:|1760769203
|move|p1a: Glimmy Busted|Spikes|p2a: Maushold
|-sidestart|p2: bmw e46 318i|Spikes
|move|p2a: Maushold|Hyper Beam|p1a: Glimmy Busted
|-resisted|p1a: Glimmy Busted
|-damage|p1a: Glimmy Busted|0 fnt
|-mustrecharge|p2a: Maushold
|faint|p1a: Glimmy Busted
|
|-damage|p2a: Maushold|70/100 psn|[from] psn
|upkeep
|
|t:|1760769221
|switch|p1a: Tyranical Mom|Tyranitar, F|100/100
|-weather|Sandstorm|[from] ability: Sand Stream|[of] p1a: Tyranical Mom
|turn|5
|
|t:|1760769230
|switch|p1a: Best Boy|Lycanroc, M|100/100
|cant|p2a: Maushold|recharge
|
|-weather|Sandstorm|[upkeep]
|-damage|p2a: Maushold|64/100 psn|[from] Sandstorm
|-damage|p2a: Maushold|52/100 psn|[from] psn
|upkeep
|turn|6
|
|t:|1760769242
|move|p1a: Best Boy|Drill Run|p2a: Maushold
|-crit|p2a: Maushold
|-damage|p2a: Maushold|0 fnt
|faint|p2a: Maushold
|
|-weather|Sandstorm|[upkeep]
|upkeep
|
|t:|1760769252
|switch|p2a: Phione|Phione|100/100
|-damage|p2a: Phione|88/100|[from] Stealth Rock
|-damage|p2a: Phione|72/100|[from] Spikes
|-status|p2a: Phione|tox
|turn|7
|inactive|spoons_R_bent has 120 seconds left.
|
|t:|1760769265
|move|p1a: Best Boy|Stone Edge|p2a: Phione
|-crit|p2a: Phione
|-damage|p2a: Phione|0 fnt
|faint|p2a: Phione
|
|-weather|Sandstorm|[upkeep]
|upkeep
|
|t:|1760769272
|switch|p2a: Luvdisc|Luvdisc, M|100/100
|-damage|p2a: Luvdisc|88/100|[from] Stealth Rock
|-damage|p2a: Luvdisc|72/100|[from] Spikes
|-status|p2a: Luvdisc|tox
|turn|8
|
|t:|1760769283
|move|p1a: Best Boy|Stone Edge|p2a: Luvdisc
|-crit|p2a: Luvdisc
|-damage|p2a: Luvdisc|0 fnt
|faint|p2a: Luvdisc
|
|-weather|Sandstorm|[upkeep]
|upkeep
|
|t:|1760769290
|switch|p2a: Wugtrio|Wugtrio, M|100/100
|-damage|p2a: Wugtrio|88/100|[from] Stealth Rock
|-damage|p2a: Wugtrio|72/100|[from] Spikes
|-status|p2a: Wugtrio|tox
|turn|9
|
|t:|1760769302
|move|p1a: Best Boy|Stone Edge|p2a: Wugtrio
|-damage|p2a: Wugtrio|0 fnt
|faint|p2a: Wugtrio
|
|-weather|none
|upkeep
|
|t:|1760769308
|switch|p2a: Applin|Applin, M|100/100
|-damage|p2a: Applin|88/100|[from] Stealth Rock
|-damage|p2a: Applin|72/100|[from] Spikes
|-status|p2a: Applin|tox
|turn|10
|
|t:|1760769319
|move|p1a: Best Boy|Fire Fang|p2a: Applin
|-damage|p2a: Applin|48/100 tox
|move|p2a: Applin|Rollout|p1a: Best Boy
|-damage|p1a: Best Boy|95/100
|
|-damage|p2a: Applin|42/100 tox|[from] psn
|upkeep
|turn|11
|
|t:|1760769328
|move|p1a: Best Boy|Swords Dance|p1a: Best Boy
|-boost|p1a: Best Boy|atk|2
|move|p2a: Applin|Rollout|p1a: Best Boy|[from] lockedmove
|-crit|p1a: Best Boy
|-damage|p1a: Best Boy|79/100
|
|-damage|p2a: Applin|30/100 tox|[from] psn
|upkeep
|turn|12
|
|t:|1760769349
|move|p1a: Best Boy|Swords Dance|p1a: Best Boy
|-boost|p1a: Best Boy|atk|2
|move|p2a: Applin|Rollout|p1a: Best Boy|[from] lockedmove
|-crit|p1a: Best Boy
|-damage|p1a: Best Boy|45/100
|
|-damage|p2a: Applin|12/100 tox|[from] psn
|upkeep
|-enditem|p2a: Applin|Starf Berry|[eat]
|-boost|p2a: Applin|atk|2|[from] item: Starf Berry
|turn|13
|
|t:|1760769361
|move|p1a: Best Boy|Drill Run|p2a: Applin
|-resisted|p2a: Applin
|-crit|p2a: Applin
|-damage|p2a: Applin|0 fnt
|faint|p2a: Applin
|
|upkeep
|
|t:|1760769367
|switch|p2a: Porygon-Z|Porygon-Z|100/100
|-damage|p2a: Porygon-Z|88/100|[from] Stealth Rock
|-damage|p2a: Porygon-Z|72/100|[from] Spikes
|-status|p2a: Porygon-Z|tox
|-ability|p2a: Porygon-Z|Download|boost
|-boost|p2a: Porygon-Z|spa|1
|turn|14
|
|t:|1760769378
|move|p1a: Best Boy|Stone Edge|p2a: Porygon-Z|[miss]
|-miss|p1a: Best Boy|p2a: Porygon-Z
|move|p2a: Porygon-Z|Tri Attack|p1a: Best Boy
|-resisted|p1a: Best Boy
|-damage|p1a: Best Boy|0 fnt
|faint|p1a: Best Boy
|
|-damage|p2a: Porygon-Z|65/100 tox|[from] psn
|upkeep
|
|t:|1760769388
|switch|p1a: Tyranical Mom|Tyranitar, F|100/100
|-weather|Sandstorm|[from] ability: Sand Stream|[of] p1a: Tyranical Mom
|turn|15
|
|t:|1760769393
|move|p1a: Tyranical Mom|Protect|p1a: Tyranical Mom
|-singleturn|p1a: Tyranical Mom|Protect
|move|p2a: Porygon-Z|Tri Attack|p1a: Tyranical Mom
|-activate|p1a: Tyranical Mom|move: Protect
|
|-weather|Sandstorm|[upkeep]
|-damage|p2a: Porygon-Z|59/100 tox|[from] Sandstorm
|-damage|p2a: Porygon-Z|47/100 tox|[from] psn
|upkeep
|turn|16
|
|t:|1760769404
|switch|p1a: R U salty yet?|Garganacl, M|100/100
|move|p2a: Porygon-Z|Tri Attack|p1a: R U salty yet?
|-resisted|p1a: R U salty yet?
|-damage|p1a: R U salty yet?|81/100
|
|-weather|Sandstorm|[upkeep]
|-damage|p2a: Porygon-Z|41/100 tox|[from] Sandstorm
|-damage|p2a: Porygon-Z|22/100 tox|[from] psn
|upkeep
|turn|17
|
|t:|1760769415
|-terastallize|p1a: R U salty yet?|Ghost
|move|p2a: Porygon-Z|Conversion 2||[still]
|-fail|p2a: Porygon-Z
|move|p1a: R U salty yet?|Curse|p2a: Porygon-Z
|-start|p2a: Porygon-Z|Curse|[of] p1a: R U salty yet?
|-damage|p1a: R U salty yet?|31/100
|
|-weather|Sandstorm|[upkeep]
|-damage|p2a: Porygon-Z|16/100 tox|[from] Sandstorm
|-damage|p1a: R U salty yet?|25/100|[from] Sandstorm
|-damage|p2a: Porygon-Z|0 fnt|[from] psn
|faint|p2a: Porygon-Z
|
|win|spoons_R_bent
|raw|spoons_R_bent's rating: 1127 &rarr; <strong>1148</strong><br />(+21 for winning)
|raw|bmw e46 318i's rating: 1070 &rarr; <strong>1053</strong><br />(-17 for losing)
|l|☆bmw e46 318i
|player|p2|
|l|☆spoons_R_bent
|player|p1|
|j|☆spoons_R_bent
|player|p1|spoons_R_bent|clerkf|
|l|☆spoons_R_bent
|player|p1|
