|j|☆blabab
|j|☆FeeDWeeB
|t:|1760736769
|gametype|singles
|player|p1|blabab|miku-ground|1342
|player|p2|FeeDWeeB|2|1406
|gen|9
|tier|[Gen 9] OU
|rated|
|rule|HP Percentage Mod: HP is shown in percentages
|rule|Endless Battle Clause: Forcing endless battles is banned
|rule|Species Clause: Limit one of each Pokémon
|rule|OHKO Clause: OHKO moves are banned
|rule|Evasion Items Clause: Evasion items are banned
|rule|Evasion Moves Clause: Evasion moves are banned
|rule|Evasion Abilities Clause: Evasion abilities are banned
|rule|Sleep Moves Clause: Sleep-inducing moves are banned
|clearpoke
|poke|p1|Blaziken, F|
|poke|p1|Ninetales, F|
|poke|p1|Coalossal, F|
|poke|p1|Leafeon, F|
|poke|p1|Hatterene, F|
|poke|p1|Enamorus, F|
|poke|p2|Dragapult, M|
|poke|p2|Landorus-Therian, M|
|poke|p2|Heatran, F|
|poke|p2|Raikou|
|poke|p2|Greninja-*, M|
|poke|p2|Zamazenta-*|
|teampreview
|inactive|Battle timer is ON: inactive players will automatically lose when time's up. (requested by blabab)
|
|t:|1760736787
|teamsize|p1|6
|teamsize|p2|6
|start
|switch|p1a: Enamorus|Enamorus, F|100/100
|switch|p2a: Landorus|Landorus-Therian, M|100/100
|-ability|p2a: Landorus|Intimidate|boost
|-boost|p1a: Enamorus|atk|1
|turn|1
|
|t:|1760736796
|move|p1a: Enamorus|Moonblast|p2a: Landorus
|-damage|p2a: Landorus|31/100
|move|p2a: Landorus|U-turn|p1a: Enamorus
|-resisted|p1a: Enamorus
|-damage|p1a: Enamorus|91/100
|
|t:|1760736804
|switch|p2a: Heatran|Heatran, F|100/100|[from] U-turn
|
|upkeep
|turn|2
|
|t:|1760736810
|switch|p1a: Hatterene|Hatterene, F|100/100
|move|p2a: Heatran|Flamethrower|p1a: Hatterene
|-damage|p1a: Hatterene|75/100
|
|upkeep
|turn|3
|
|t:|1760736815
|move|p2a: Heatran|Flamethrower|p1a: Hatterene
|-damage|p1a: Hatterene|50/100
|move|p1a: Hatterene|Nuzzle|p2a: Heatran
|-damage|p2a: Heatran|97/100
|-status|p2a: Heatran|par
|
|-heal|p2a: Heatran|100/100 par|[from] item: Leftovers
|upkeep
|turn|4
|
|t:|1760736825
|switch|p1a: Coalossal|Coalossal, F|100/100
|-item|p1a: Coalossal|Air Balloon
|move|p2a: Heatran|Earth Power|p1a: Coalossal
|-immune|p1a: Coalossal
|
|upkeep
|turn|5
|
|t:|1760736834
|move|p1a: Coalossal|Stealth Rock|p2a: Heatran
|-sidestart|p2: FeeDWeeB|move: Stealth Rock
|move|p2a: Heatran|Dragon Pulse|p1a: Coalossal
|-damage|p1a: Coalossal|85/100
|-enditem|p1a: Coalossal|Air Balloon
|
|upkeep
|turn|6
|
|t:|1760736843
|switch|p1a: Hatterene|Hatterene, F|50/100
|move|p2a: Heatran|Stealth Rock|p1a: Hatterene
|move|p1a: Hatterene|Stealth Rock||[from] ability: Magic Bounce|[still]
|-fail|p1a: Hatterene
|
|upkeep
|turn|7
|
|t:|1760736848
|move|p1a: Hatterene|Psychic Noise|p2a: Heatran
|-resisted|p2a: Heatran
|-damage|p2a: Heatran|90/100 par
|-start|p2a: Heatran|move: Heal Block
|move|p2a: Heatran|Flamethrower|p1a: Hatterene
|-damage|p1a: Hatterene|25/100
|
|upkeep
|turn|8
|
|t:|1760736856
|move|p1a: Hatterene|Psyshock|p2a: Heatran
|-resisted|p2a: Heatran
|-damage|p2a: Heatran|71/100 par
|cant|p2a: Heatran|par
|
|-end|p2a: Heatran|move: Heal Block
|upkeep
|turn|9
|
|t:|1760736860
|move|p1a: Hatterene|Psychic Noise|p2a: Heatran
|-resisted|p2a: Heatran
|-damage|p2a: Heatran|60/100 par
|-start|p2a: Heatran|move: Heal Block
|move|p2a: Heatran|Flamethrower|p1a: Hatterene
|-damage|p1a: Hatterene|0 fnt
|faint|p1a: Hatterene
|
|upkeep
|
|t:|1760736881
|switch|p1a: Ninetales|Ninetales, F|100/100
|-weather|SunnyDay|[from] ability: Drought|[of] p1a: Ninetales
|turn|10
|
|t:|1760736896
|switch|p1a: Leafeon|Leafeon, F|100/100
|move|p2a: Heatran|Stealth Rock|p1a: Leafeon
|-sidestart|p1: blabab|move: Stealth Rock
|
|-weather|SunnyDay|[upkeep]
|-end|p2a: Heatran|move: Heal Block
|upkeep
|turn|11
|
|t:|1760736902
|move|p1a: Leafeon|Knock Off|p2a: Heatran
|-damage|p2a: Heatran|15/100 par
|-enditem|p2a: Heatran|Leftovers|[from] move: Knock Off|[of] p1a: Leafeon
|move|p2a: Heatran|Flamethrower|p1a: Leafeon
|-supereffective|p1a: Leafeon
|-damage|p1a: Leafeon|0 fnt
|faint|p1a: Leafeon
|
|-weather|SunnyDay|[upkeep]
|upkeep
|
|t:|1760736905
|switch|p1a: Coalossal|Coalossal, F|85/100
|-damage|p1a: Coalossal|60/100|[from] Stealth Rock
|turn|12
|
|t:|1760736911
|move|p1a: Coalossal|Rapid Spin|p2a: Heatran
|-resisted|p2a: Heatran
|-damage|p2a: Heatran|11/100 par
|-boost|p1a: Coalossal|spe|1
|-sideend|p1: blabab|Stealth Rock|[from] move: Rapid Spin|[of] p1a: Coalossal
|move|p2a: Heatran|Earth Power|p1a: Coalossal
|-supereffective|p1a: Coalossal
|-damage|p1a: Coalossal|0 fnt
|faint|p1a: Coalossal
|
|-weather|SunnyDay|[upkeep]
|upkeep
|
|t:|1760736913
|switch|p1a: Blaziken|Blaziken, F|100/100
|turn|13
|
|t:|1760736918
|move|p1a: Blaziken|Vacuum Wave|p2a: Heatran
|-supereffective|p2a: Heatran
|-damage|p2a: Heatran|0 fnt
|faint|p2a: Heatran
|
|-weather|SunnyDay|[upkeep]
|-ability|p1a: Blaziken|Speed Boost|boost
|-boost|p1a: Blaziken|spe|1
|upkeep
|
|t:|1760736927
|switch|p2a: Landorus|Landorus-Therian, M|31/100
|-damage|p2a: Landorus|18/100|[from] Stealth Rock
|-ability|p2a: Landorus|Intimidate|boost
|-unboost|p1a: Blaziken|atk|1
|turn|14
|
|t:|1760736931
|switch|p1a: Enamorus|Enamorus, F|91/100
|move|p2a: Landorus|Earthquake|p1a: Enamorus
|-immune|p1a: Enamorus
|
|-weather|SunnyDay|[upkeep]
|upkeep
|turn|15
|
|t:|1760736938
|switch|p2a: Raikou|Raikou|100/100
|-damage|p2a: Raikou|88/100|[from] Stealth Rock
|move|p1a: Enamorus|Moonblast|p2a: Raikou
|-damage|p2a: Raikou|37/100
|
|-weather|SunnyDay|[upkeep]
|-heal|p2a: Raikou|43/100|[from] item: Leftovers
|upkeep
|turn|16
|
|t:|1760736950
|switch|p2a: Landorus|Landorus-Therian, M|18/100
|-damage|p2a: Landorus|6/100|[from] Stealth Rock
|-ability|p2a: Landorus|Intimidate|boost
|-boost|p1a: Enamorus|atk|1
|move|p1a: Enamorus|Moonblast|p2a: Landorus
|-damage|p2a: Landorus|0 fnt
|faint|p2a: Landorus
|
|-weather|SunnyDay|[upkeep]
|upkeep
|
|t:|1760736956
|switch|p2a: Zamazenta|Zamazenta|100/100
|-damage|p2a: Zamazenta|94/100|[from] Stealth Rock
|-ability|p2a: Zamazenta|Dauntless Shield|boost
|-boost|p2a: Zamazenta|def|1
|turn|17
|
|t:|1760736963
|-terastallize|p2a: Zamazenta|Fire
|move|p1a: Enamorus|Moonblast|p2a: Zamazenta
|-resisted|p2a: Zamazenta
|-damage|p2a: Zamazenta|73/100
|move|p2a: Zamazenta|Iron Defense|p2a: Zamazenta
|-boost|p2a: Zamazenta|def|2
|
|-weather|none
|upkeep
|turn|18
|
|t:|1760736970
|switch|p1a: Ninetales|Ninetales, F|100/100
|-weather|SunnyDay|[from] ability: Drought|[of] p1a: Ninetales
|move|p2a: Zamazenta|Iron Defense|p2a: Zamazenta
|-boost|p2a: Zamazenta|def|2
|
|-weather|SunnyDay|[upkeep]
|upkeep
|turn|19
|
|t:|1760736973
|move|p2a: Zamazenta|Body Press|p1a: Ninetales
|-damage|p1a: Ninetales|0 fnt
|faint|p1a: Ninetales
|
|-weather|SunnyDay|[upkeep]
|upkeep
|
|t:|1760736974
|switch|p1a: Enamorus|Enamorus, F|91/100
|turn|20
|
|t:|1760736976
|-terastallize|p1a: Enamorus|Ground
|move|p1a: Enamorus|Earth Power|p2a: Zamazenta
|-supereffective|p2a: Zamazenta
|-damage|p2a: Zamazenta|0 fnt
|faint|p2a: Zamazenta
|
|-weather|SunnyDay|[upkeep]
|upkeep
|
|t:|1760736986
|switch|p2a: Dragapult|Dragapult, M|100/100
|-damage|p2a: Dragapult|88/100|[from] Stealth Rock
|turn|21
|
|t:|1760736989
|switch|p1a: Blaziken|Blaziken, F|100/100
|move|p2a: Dragapult|Draco Meteor|p1a: Blaziken
|-damage|p1a: Blaziken|0 fnt
|-unboost|p2a: Dragapult|spa|2
|faint|p1a: Blaziken
|
|-weather|SunnyDay|[upkeep]
|upkeep
|
|t:|1760736991
|switch|p1a: Enamorus|Enamorus, F, tera:Ground|91/100
|turn|22
|
|t:|1760737007
|move|p1a: Enamorus|Moonblast|p2a: Dragapult
|-supereffective|p2a: Dragapult
|-damage|p2a: Dragapult|0 fnt
|faint|p2a: Dragapult
|
|-weather|SunnyDay|[upkeep]
|upkeep
|
|t:|1760737015
|switch|p2a: Greninja|Greninja, M|100/100
|-damage|p2a: Greninja|88/100|[from] Stealth Rock
|turn|23
|
|t:|1760737017
|move|p1a: Enamorus|Moonblast|p2a: Greninja
|-supereffective|p2a: Greninja
|-damage|p2a: Greninja|0 fnt
|faint|p2a: Greninja
|
|-weather|SunnyDay|[upkeep]
|upkeep
|
|t:|1760737020
|switch|p2a: Raikou|Raikou|43/100
|-damage|p2a: Raikou|31/100|[from] Stealth Rock
|turn|24
|
|t:|1760737023
|move|p1a: Enamorus|Moonblast|p2a: Raikou
|-damage|p2a: Raikou|0 fnt
|faint|p2a: Raikou
|
|win|blabab
|raw|blabab's rating: 1342 &rarr; <strong>1366</strong><br />(+24 for winning)
|raw|FeeDWeeB's rating: 1406 &rarr; <strong>1382</strong><br />(-24 for losing)
|l|☆blabab
|player|p1|
|l|☆FeeDWeeB
|player|p2|
