|j|☆tempest-drax
|j|☆triforceofchozo
|t:|1760791378
|gametype|singles
|player|p1|tempest-drax|shadowtriad|1164
|player|p2|triforceofchozo|lady-gen4|1185
|gen|9
|tier|[Gen 9] OU
|rated|
|rule|HP Percentage Mod: HP is shown in percentages
|rule|Endless Battle Clause: Forcing endless battles is banned
|rule|Species Clause: Limit one of each Pokémon
|rule|OHKO Clause: OHKO moves are banned
|rule|Evasion Items Clause: Evasion items are banned
|rule|Evasion Moves Clause: Evasion moves are banned
|rule|Evasion Abilities Clause: Evasion abilities are banned
|rule|Sleep Moves Clause: Sleep-inducing moves are banned
|clearpoke
|poke|p1|Haxorus, M|
|poke|p1|Hoopa-Unbound|
|poke|p1|Charizard, M|
|poke|p1|Espeon, F|
|poke|p1|Corviknight, M|
|poke|p1|Keldeo-Resolute|
|poke|p2|Pelipper, M|
|poke|p2|Ludicolo, M|
|poke|p2|Barraskewda, M|
|poke|p2|Kingdra, F|
|poke|p2|Zapdos|
|poke|p2|Thundurus-Therian, M|
|teampreview
|
|t:|1760791421
|teamsize|p1|6
|teamsize|p2|6
|start
|switch|p1a: Ella|Espeon, F|100/100
|switch|p2a: Pelipper|Pelipper, M|100/100
|-weather|RainDance|[from] ability: Drizzle|[of] p2a: Pelipper
|turn|1
|
|t:|1760791431
|move|p1a: Ella|Psychic|p2a: Pelipper
|-damage|p2a: Pelipper|9/100
|move|p2a: Pelipper|U-turn|p1a: Ella
|-supereffective|p1a: Ella
|-damage|p1a: Ella|71/100
|
|t:|1760791451
|switch|p2a: Barraskewda|Barraskewda, M|100/100|[from] U-turn
|
|-weather|RainDance|[upkeep]
|upkeep
|turn|2
|
|t:|1760791462
|switch|p1a: Mordred|Corviknight, M, shiny|100/100
|move|p2a: Barraskewda|Flip Turn|p1a: Mordred
|-damage|p1a: Mordred|56/100
|-damage|p2a: Barraskewda|84/100|[from] item: Rocky Helmet|[of] p1a: Mordred
|
|t:|1760791472
|switch|p2a: Thundurus|Thundurus-Therian, M|100/100|[from] Flip Turn
|
|-weather|RainDance|[upkeep]
|upkeep
|turn|3
|
|t:|1760791486
|-terastallize|p1a: Mordred|Dragon
|move|p2a: Thundurus|Thunder|p1a: Mordred
|-resisted|p1a: Mordred
|-damage|p1a: Mordred|24/100
|move|p1a: Mordred|Roost|p1a: Mordred
|-heal|p1a: Mordred|74/100
|
|-weather|RainDance|[upkeep]
|upkeep
|turn|4
|
|t:|1760791501
|move|p2a: Thundurus|Nasty Plot|p2a: Thundurus
|-boost|p2a: Thundurus|spa|2
|move|p1a: Mordred|Bulk Up|p1a: Mordred
|-boost|p1a: Mordred|atk|1
|-boost|p1a: Mordred|def|1
|
|-weather|RainDance|[upkeep]
|upkeep
|turn|5
|
|t:|1760791516
|move|p2a: Thundurus|Grass Knot|p1a: Mordred
|-resisted|p1a: Mordred
|-crit|p1a: Mordred
|-damage|p1a: Mordred|27/100
|-damage|p2a: Thundurus|84/100|[from] item: Rocky Helmet|[of] p1a: Mordred
|move|p1a: Mordred|Brave Bird|p2a: Thundurus
|-resisted|p2a: Thundurus
|-damage|p2a: Thundurus|44/100
|-damage|p1a: Mordred|17/100|[from] Recoil
|
|-weather|RainDance|[upkeep]
|upkeep
|turn|6
|
|t:|1760791527
|switch|p1a: Strata|Hoopa-Unbound|100/100
|move|p2a: Thundurus|Thunder|p1a: Strata
|-damage|p1a: Strata|30/100
|
|-weather|RainDance|[upkeep]
|upkeep
|turn|7
|
|t:|1760791535
|move|p2a: Thundurus|Thunder|p1a: Strata
|-damage|p1a: Strata|0 fnt
|faint|p1a: Strata
|
|-weather|RainDance|[upkeep]
|upkeep
|
|t:|1760791539
|switch|p1a: Ella|Espeon, F|71/100
|turn|8
|
|t:|1760791557
|switch|p2a: Zapdos|Zapdos|100/100
|-ability|p2a: Zapdos|Pressure
|move|p1a: Ella|Psychic|p2a: Zapdos
|-damage|p2a: Zapdos|38/100
|
|-weather|none
|-heal|p2a: Zapdos|44/100|[from] item: Leftovers
|upkeep
|turn|9
|
|t:|1760791572
|move|p1a: Ella|Psychic|p2a: Zapdos
|-damage|p2a: Zapdos|0 fnt
|faint|p2a: Zapdos
|
|upkeep
|
|t:|1760791578
|switch|p2a: Pelipper|Pelipper, M|9/100
|-weather|RainDance|[from] ability: Drizzle|[of] p2a: Pelipper
|turn|10
|
|t:|1760791583
|switch|p2a: Ludicolo|Ludicolo, M|100/100
|move|p1a: Ella|Psychic|p2a: Ludicolo
|-damage|p2a: Ludicolo|14/100
|
|-weather|RainDance|[upkeep]
|upkeep
|turn|11
|
|t:|1760791592
|switch|p1a: Arthur|Keldeo-Resolute|100/100
|move|p2a: Ludicolo|Giga Drain|p1a: Arthur
|-supereffective|p1a: Arthur
|-damage|p1a: Arthur|39/100
|-heal|p2a: Ludicolo|47/100|[from] drain|[of] p1a: Arthur
|-damage|p2a: Ludicolo|37/100|[from] item: Life Orb
|
|-weather|RainDance|[upkeep]
|upkeep
|turn|12
|
|t:|1760791602
|move|p2a: Ludicolo|Giga Drain|p1a: Arthur
|-supereffective|p1a: Arthur
|-damage|p1a: Arthur|0 fnt
|-heal|p2a: Ludicolo|58/100|[from] drain|[of] p1a: Arthur
|faint|p1a: Arthur
|-damage|p2a: Ludicolo|48/100|[from] item: Life Orb
|
|-weather|RainDance|[upkeep]
|upkeep
|
|t:|1760791615
|switch|p1a: Jayun|Haxorus, M, shiny|100/100
|-ability|p1a: Jayun|Mold Breaker
|turn|13
|
|t:|1760791622
|move|p2a: Ludicolo|Ice Beam|p1a: Jayun
|-supereffective|p1a: Jayun
|-damage|p1a: Jayun|0 fnt
|faint|p1a: Jayun
|-damage|p2a: Ludicolo|38/100|[from] item: Life Orb
|
|-weather|RainDance|[upkeep]
|upkeep
|
|t:|1760791625
|switch|p1a: Mordred|Corviknight, M, shiny, tera:Dragon|17/100
|turn|14
|-message|tempest-drax forfeited.
|
|win|triforceofchozo
|raw|tempest-drax's rating: 1164 &rarr; <strong>1141</strong><br />(-23 for losing)
|raw|triforceofchozo's rating: 1185 &rarr; <strong>1208</strong><br />(+23 for winning)
|l|☆tempest-drax
|player|p1|
