|j|☆Ctannn
|j|☆kshuaib734
|t:|1760827383
|gametype|singles
|player|p1|Ctannn|265|1851
|player|p2|kshuaib734|steven|1924
|gen|9
|tier|[Gen 9] OU
|rated|
|rule|HP Percentage Mod: HP is shown in percentages
|rule|Endless Battle Clause: Forcing endless battles is banned
|rule|Species Clause: Limit one of each Pokémon
|rule|OHKO Clause: OHKO moves are banned
|rule|Evasion Items Clause: Evasion items are banned
|rule|Evasion Moves Clause: Evasion moves are banned
|rule|Evasion Abilities Clause: Evasion abilities are banned
|rule|Sleep Moves Clause: Sleep-inducing moves are banned
|clearpoke
|poke|p1|Rillaboom, F|
|poke|p1|Garganacl, F|
|poke|p1|Cinderace, M|
|poke|p1|Raging Bolt|
|poke|p1|Slowking-Galar, F|
|poke|p1|Landorus-Therian, M|
|poke|p2|Tyranitar, F|
|poke|p2|Overqwil, F|
|poke|p2|Pelipper, M|
|poke|p2|Quaquaval, M|
|poke|p2|Kingdra, F|
|poke|p2|Excadrill, M|
|teampreview
|inactive|Battle timer is ON: inactive players will automatically lose when time's up. (requested by kshuaib734)
|inactive|kshuaib734 has 120 seconds left.
|
|t:|1760827418
|teamsize|p1|6
|teamsize|p2|6
|start
|switch|p1a: Rillaboom|Rillaboom, F|100/100
|switch|p2a: Tyrant's Downpour|Pelipper, M|100/100
|-fieldstart|move: Grassy Terrain|[from] ability: Grassy Surge|[of] p1a: Rillaboom
|-weather|RainDance|[from] ability: Drizzle|[of] p2a: Tyrant's Downpour
|turn|1
|
|t:|1760827429
|switch|p1a: Slowking|Slowking-Galar, F|100/100
|switch|p2a: Tyrant's Enforcer|Overqwil, F|100/100
|
|-weather|RainDance|[upkeep]
|upkeep
|turn|2
|
|t:|1760827437
|switch|p1a: Landorus|Landorus-Therian, M|100/100
|-ability|p1a: Landorus|Intimidate|boost
|-unboost|p2a: Tyrant's Enforcer|atk|1
|move|p2a: Tyrant's Enforcer|Taunt|p1a: Landorus
|-start|p1a: Landorus|move: Taunt
|
|-weather|RainDance|[upkeep]
|upkeep
|turn|3
|
|t:|1760827446
|move|p2a: Tyrant's Enforcer|Spikes|p1a: Landorus
|-sidestart|p1: Ctannn|Spikes
|move|p1a: Landorus|Earthquake|p2a: Tyrant's Enforcer
|-supereffective|p2a: Tyrant's Enforcer
|-damage|p2a: Tyrant's Enforcer|55/100
|
|-weather|RainDance|[upkeep]
|-heal|p2a: Tyrant's Enforcer|61/100|[from] Grassy Terrain
|upkeep
|turn|4
|
|t:|1760827454
|switch|p2a: Tyrant's Vengeance|Kingdra, F|100/100
|move|p1a: Landorus|Earthquake|p2a: Tyrant's Vengeance
|-damage|p2a: Tyrant's Vengeance|70/100
|
|-weather|RainDance|[upkeep]
|-heal|p2a: Tyrant's Vengeance|76/100|[from] Grassy Terrain
|-end|p1a: Landorus|move: Taunt
|upkeep
|turn|5
|
|t:|1760827463
|-terastallize|p1a: Landorus|Water
|move|p2a: Tyrant's Vengeance|Flip Turn|p1a: Landorus
|-resisted|p1a: Landorus
|-damage|p1a: Landorus|91/100
|-damage|p2a: Tyrant's Vengeance|60/100|[from] item: Rocky Helmet|[of] p1a: Landorus
|
|t:|1760827472
|switch|p2a: King Tyrant|Tyranitar, F|100/100|[from] Flip Turn
|-weather|Sandstorm|[from] ability: Sand Stream|[of] p2a: King Tyrant
|move|p1a: Landorus|U-turn|p2a: King Tyrant
|-supereffective|p2a: King Tyrant
|-crit|p2a: King Tyrant
|-damage|p2a: King Tyrant|56/100
|-enditem|p2a: King Tyrant|Weakness Policy
|-boost|p2a: King Tyrant|atk|2|[from] item: Weakness Policy
|-boost|p2a: King Tyrant|spa|2|[from] item: Weakness Policy
|
|t:|1760827476
|switch|p1a: Cinderace|Cinderace, M|100/100|[from] U-turn
|
|-weather|Sandstorm|[upkeep]
|-damage|p1a: Cinderace|95/100|[from] Sandstorm
|-heal|p1a: Cinderace|100/100|[from] Grassy Terrain
|-heal|p2a: King Tyrant|63/100|[from] Grassy Terrain
|-fieldend|move: Grassy Terrain
|upkeep
|turn|6
|
|t:|1760827487
|move|p1a: Cinderace|High Jump Kick|p2a: King Tyrant
|-start|p1a: Cinderace|typechange|Fighting|[from] ability: Libero
|-supereffective|p2a: King Tyrant
|-damage|p2a: King Tyrant|0 fnt
|faint|p2a: King Tyrant
|
|-weather|Sandstorm|[upkeep]
|-damage|p1a: Cinderace|95/100|[from] Sandstorm
|upkeep
|
|t:|1760827494
|switch|p2a: Tyrant's Legacy|Excadrill, M|100/100
|turn|7
|
|t:|1760827501
|move|p2a: Tyrant's Legacy|Earthquake|p1a: Cinderace
|-damage|p1a: Cinderace|0 fnt
|faint|p1a: Cinderace
|-damage|p2a: Tyrant's Legacy|91/100|[from] item: Life Orb
|
|-weather|Sandstorm|[upkeep]
|upkeep
|
|t:|1760827505
|switch|p1a: Rillaboom|Rillaboom, F|100/100
|-damage|p1a: Rillaboom|88/100|[from] Spikes
|-fieldstart|move: Grassy Terrain|[from] ability: Grassy Surge|[of] p1a: Rillaboom
|turn|8
|
|t:|1760827514
|move|p2a: Tyrant's Legacy|Stealth Rock|p1a: Rillaboom
|-sidestart|p1: Ctannn|move: Stealth Rock
|move|p1a: Rillaboom|Swords Dance|p1a: Rillaboom
|-boost|p1a: Rillaboom|atk|2
|
|-weather|Sandstorm|[upkeep]
|-damage|p1a: Rillaboom|82/100|[from] Sandstorm
|-heal|p2a: Tyrant's Legacy|97/100|[from] Grassy Terrain
|-heal|p1a: Rillaboom|88/100|[from] Grassy Terrain
|upkeep
|turn|9
|
|t:|1760827524
|switch|p2a: Tyrant's Enforcer|Overqwil, F|61/100
|move|p1a: Rillaboom|Grassy Glide|p2a: Tyrant's Enforcer
|-resisted|p2a: Tyrant's Enforcer
|-damage|p2a: Tyrant's Enforcer|15/100
|-damage|p1a: Rillaboom|72/100|[from] item: Rocky Helmet|[of] p2a: Tyrant's Enforcer
|
|-weather|none
|-heal|p1a: Rillaboom|78/100|[from] Grassy Terrain
|-heal|p2a: Tyrant's Enforcer|21/100|[from] Grassy Terrain
|upkeep
|turn|10
|
|t:|1760827534
|move|p1a: Rillaboom|Grassy Glide|p2a: Tyrant's Enforcer
|-resisted|p2a: Tyrant's Enforcer
|-damage|p2a: Tyrant's Enforcer|0 fnt
|-damage|p1a: Rillaboom|61/100|[from] item: Rocky Helmet|[of] p2a: Tyrant's Enforcer
|faint|p2a: Tyrant's Enforcer
|
|-heal|p1a: Rillaboom|68/100|[from] Grassy Terrain
|upkeep
|
|t:|1760827542
|switch|p2a: Tyrant's Downpour|Pelipper, M|100/100
|-weather|RainDance|[from] ability: Drizzle|[of] p2a: Tyrant's Downpour
|turn|11
|
|t:|1760827548
|move|p1a: Rillaboom|Wood Hammer|p2a: Tyrant's Downpour
|-damage|p2a: Tyrant's Downpour|0 fnt
|faint|p2a: Tyrant's Downpour
|-damage|p1a: Rillaboom|36/100|[from] Recoil
|
|-weather|RainDance|[upkeep]
|-heal|p1a: Rillaboom|42/100|[from] Grassy Terrain
|upkeep
|
|t:|1760827557
|switch|p2a: Tyrant's Legacy|Excadrill, M|97/100
|turn|12
|
|t:|1760827561
|move|p1a: Rillaboom|Grassy Glide|p2a: Tyrant's Legacy
|-damage|p2a: Tyrant's Legacy|0 fnt
|faint|p2a: Tyrant's Legacy
|
|-weather|RainDance|[upkeep]
|-heal|p1a: Rillaboom|49/100|[from] Grassy Terrain
|-fieldend|move: Grassy Terrain
|upkeep
|
|t:|1760827571
|switch|p2a: Tyrant's Vengeance|Kingdra, F|60/100
|turn|13
|
|t:|1760827584
|switch|p1a: Raging Bolt|Raging Bolt|100/100
|-damage|p1a: Raging Bolt|88/100|[from] Spikes
|-damage|p1a: Raging Bolt|76/100|[from] Stealth Rock
|move|p2a: Tyrant's Vengeance|Weather Ball|p1a: Raging Bolt
|-resisted|p1a: Raging Bolt
|-damage|p1a: Raging Bolt|26/100
|
|-weather|RainDance|[upkeep]
|upkeep
|turn|14
|
|t:|1760827600
|switch|p2a: Tyrant's Endgame|Quaquaval, M|100/100
|move|p1a: Raging Bolt|Thunderclap||[still]
|-fail|p1a: Raging Bolt
|
|-weather|RainDance|[upkeep]
|upkeep
|turn|15
|
|t:|1760827607
|-terastallize|p2a: Tyrant's Endgame|Water
|move|p2a: Tyrant's Endgame|Aqua Jet|p1a: Raging Bolt
|-resisted|p1a: Raging Bolt
|-damage|p1a: Raging Bolt|0 fnt
|faint|p1a: Raging Bolt
|-end|p1a: Raging Bolt|Protosynthesis|[silent]
|-ability|p2a: Tyrant's Endgame|Moxie|boost
|-boost|p2a: Tyrant's Endgame|atk|1
|
|-weather|RainDance|[upkeep]
|upkeep
|
|t:|1760827614
|switch|p1a: Landorus|Landorus-Therian, M, tera:Water|91/100
|-damage|p1a: Landorus|78/100|[from] Spikes
|-damage|p1a: Landorus|66/100|[from] Stealth Rock
|-ability|p1a: Landorus|Intimidate|boost
|-unboost|p2a: Tyrant's Endgame|atk|1
|turn|16
|
|t:|1760827628
|move|p2a: Tyrant's Endgame|Close Combat|p1a: Landorus
|-damage|p1a: Landorus|20/100
|-unboost|p2a: Tyrant's Endgame|def|1
|-unboost|p2a: Tyrant's Endgame|spd|1
|-damage|p2a: Tyrant's Endgame|84/100|[from] item: Rocky Helmet|[of] p1a: Landorus
|move|p1a: Landorus|Earthquake|p2a: Tyrant's Endgame
|-damage|p2a: Tyrant's Endgame|0 fnt
|faint|p2a: Tyrant's Endgame
|
|-weather|RainDance|[upkeep]
|upkeep
|
|t:|1760827637
|switch|p2a: Tyrant's Vengeance|Kingdra, F|60/100
|turn|17
|
|t:|1760827645
|move|p2a: Tyrant's Vengeance|Weather Ball|p1a: Landorus
|-resisted|p1a: Landorus
|-damage|p1a: Landorus|0 fnt
|faint|p1a: Landorus
|
|-weather|RainDance|[upkeep]
|upkeep
|-message|kshuaib734 forfeited.
|
|win|Ctannn
|raw|Ctannn's rating: 1851 &rarr; <strong>1875</strong><br />(+24 for winning)
|raw|kshuaib734's rating: 1924 &rarr; <strong>1900</strong><br />(-24 for losing)
|l|☆kshuaib734
|player|p2|
|l|☆Ctannn
|player|p1|
