|j|☆sowola
|j|☆GEM0816
|t:|1760870314
|gametype|singles
|player|p1|sowola|169|1186
|player|p2|GEM0816|lady|1242
|gen|9
|tier|[Gen 9] OU
|rated|
|rule|HP Percentage Mod: HP is shown in percentages
|rule|Endless Battle Clause: Forcing endless battles is banned
|rule|Species Clause: Limit one of each Pokémon
|rule|OHKO Clause: OHKO moves are banned
|rule|Evasion Items Clause: Evasion items are banned
|rule|Evasion Moves Clause: Evasion moves are banned
|rule|Evasion Abilities Clause: Evasion abilities are banned
|rule|Sleep Moves Clause: Sleep-inducing moves are banned
|clearpoke
|poke|p1|Skeledirge, M|
|poke|p1|Dragonite, F|
|poke|p1|Vileplume, M|
|poke|p1|Quaquaval, F|
|poke|p1|Mew|
|poke|p1|Moltres-Galar|
|poke|p2|Gallade, M|
|poke|p2|Zoroark-Hisui, F|
|poke|p2|Corviknight, M|
|poke|p2|Clodsire, M|
|poke|p2|Arcanine, F|
|poke|p2|Dachsbun, M|
|teampreview
|inactive|Battle timer is ON: inactive players will automatically lose when time's up. (requested by GEM0816)
|
|t:|1760870335
|teamsize|p1|6
|teamsize|p2|6
|start
|switch|p1a: Vileplume|Vileplume, M|100/100
|switch|p2a: 艾路雷朵|Gallade, M|100/100
|turn|1
|
|t:|1760870343
|switch|p1a: Moltres|Moltres-Galar|100/100
|move|p2a: 艾路雷朵|Triple Axel|p1a: Moltres|[miss]
|-miss|p2a: 艾路雷朵|p1a: Moltres
|
|upkeep
|turn|2
|
|t:|1760870356
|-terastallize|p1a: Moltres|Dark
|move|p2a: 艾路雷朵|Triple Axel|p1a: Moltres
|-damage|p1a: Moltres|91/100
|-damage|p1a: Moltres|74/100
|-damage|p1a: Moltres|49/100
|-hitcount|p1a: Moltres|3
|-ability|p1a: Moltres|Berserk|boost
|-boost|p1a: Moltres|spa|1
|move|p1a: Moltres|Nasty Plot|p1a: Moltres
|-boost|p1a: Moltres|spa|2
|
|-heal|p1a: Moltres|56/100|[from] item: Leftovers
|upkeep
|turn|3
|
|t:|1760870384
|switch|p2a: 麻花犬|Dachsbun, M|100/100
|move|p1a: Moltres|Air Slash|p2a: 麻花犬
|-damage|p2a: 麻花犬|18/100
|
|-heal|p2a: 麻花犬|24/100|[from] item: Leftovers
|-heal|p1a: Moltres|62/100|[from] item: Leftovers
|upkeep
|turn|4
|
|t:|1760870391
|move|p2a: 麻花犬|Protect|p2a: 麻花犬
|-singleturn|p2a: 麻花犬|Protect
|move|p1a: Moltres|Air Slash|p2a: 麻花犬
|-activate|p2a: 麻花犬|move: Protect
|
|-heal|p2a: 麻花犬|30/100|[from] item: Leftovers
|-heal|p1a: Moltres|68/100|[from] item: Leftovers
|upkeep
|turn|5
|
|t:|1760870397
|switch|p2a: 土王|Clodsire, M|100/100
|move|p1a: Moltres|Air Slash|p2a: 土王|[miss]
|-miss|p1a: Moltres|p2a: 土王
|
|-heal|p1a: Moltres|74/100|[from] item: Leftovers
|upkeep
|turn|6
|
|t:|1760870404
|move|p1a: Moltres|Fiery Wrath|p2a: 土王
|-damage|p2a: 土王|50/100
|move|p2a: 土王|Toxic|p1a: Moltres
|-status|p1a: Moltres|tox
|
|-heal|p1a: Moltres|81/100 tox|[from] item: Leftovers
|-heal|p2a: 土王|56/100|[from] item: Black Sludge
|-damage|p1a: Moltres|74/100 tox|[from] psn
|upkeep
|turn|7
|
|t:|1760870414
|move|p2a: 土王|Protect|p2a: 土王
|-singleturn|p2a: 土王|Protect
|move|p1a: Moltres|Fiery Wrath|p2a: 土王
|-activate|p2a: 土王|move: Protect
|
|-heal|p1a: Moltres|81/100 tox|[from] item: Leftovers
|-heal|p2a: 土王|63/100|[from] item: Black Sludge
|-damage|p1a: Moltres|68/100 tox|[from] psn
|upkeep
|turn|8
|
|t:|1760870424
|move|p1a: Moltres|Fiery Wrath|p2a: 土王
|-damage|p2a: 土王|11/100
|move|p2a: 土王|Earthquake|p1a: Moltres
|-damage|p1a: Moltres|46/100 tox
|-ability|p1a: Moltres|Berserk|boost
|-boost|p1a: Moltres|spa|1
|
|-heal|p1a: Moltres|52/100 tox|[from] item: Leftovers
|-heal|p2a: 土王|17/100|[from] item: Black Sludge
|-damage|p1a: Moltres|34/100 tox|[from] psn
|upkeep
|turn|9
|
|t:|1760870436
|move|p2a: 土王|Protect|p2a: 土王
|-singleturn|p2a: 土王|Protect
|move|p1a: Moltres|Nasty Plot|p1a: Moltres
|-boost|p1a: Moltres|spa|2
|
|-heal|p1a: Moltres|40/100 tox|[from] item: Leftovers
|-heal|p2a: 土王|23/100|[from] item: Black Sludge
|-damage|p1a: Moltres|15/100 tox|[from] psn
|upkeep
|turn|10
|
|t:|1760870445
|move|p2a: 土王|Protect|p2a: 土王
|-singleturn|p2a: 土王|Protect
|move|p1a: Moltres|Fiery Wrath|p2a: 土王
|-activate|p2a: 土王|move: Protect
|
|-heal|p1a: Moltres|21/100 tox|[from] item: Leftovers
|-heal|p2a: 土王|30/100|[from] item: Black Sludge
|-damage|p1a: Moltres|0 fnt|[from] psn
|faint|p1a: Moltres
|upkeep
|
|t:|1760870457
|switch|p1a: Quaquaval|Quaquaval, F|100/100
|turn|11
|
|t:|1760870460
|move|p1a: Quaquaval|Aqua Step|p2a: 土王
|-heal|p2a: 土王|55/100|[from] ability: Water Absorb|[of] p1a: Quaquaval
|move|p2a: 土王|Toxic|p1a: Quaquaval
|-status|p1a: Quaquaval|tox
|
|-heal|p2a: 土王|61/100|[from] item: Black Sludge
|-damage|p1a: Quaquaval|94/100 tox|[from] psn
|upkeep
|turn|12
|
|t:|1760870470
|move|p1a: Quaquaval|Triple Axel|p2a: 土王
|-supereffective|p2a: 土王
|-damage|p2a: 土王|45/100
|-hitcount|p2a: 土王|1
|move|p2a: 土王|Earthquake|p1a: Quaquaval
|-damage|p1a: Quaquaval|60/100 tox
|
|-heal|p2a: 土王|51/100|[from] item: Black Sludge
|-damage|p1a: Quaquaval|48/100 tox|[from] psn
|upkeep
|turn|13
|
|t:|1760870478
|move|p2a: 土王|Protect|p2a: 土王
|-singleturn|p2a: 土王|Protect
|move|p1a: Quaquaval|Triple Axel|p2a: 土王
|-activate|p2a: 土王|move: Protect
|
|-heal|p2a: 土王|57/100|[from] item: Black Sludge
|-damage|p1a: Quaquaval|30/100 tox|[from] psn
|upkeep
|turn|14
|
|t:|1760870487
|switch|p2a: 疯狗|Arcanine, F|100/100
|-ability|p2a: 疯狗|Intimidate|boost
|-unboost|p1a: Quaquaval|atk|1
|move|p1a: Quaquaval|Triple Axel|p2a: 疯狗
|-resisted|p2a: 疯狗
|-damage|p2a: 疯狗|99/100
|-damage|p1a: Quaquaval|13/100 tox|[from] item: Rocky Helmet|[of] p2a: 疯狗
|-resisted|p2a: 疯狗
|-damage|p2a: 疯狗|95/100
|-damage|p1a: Quaquaval|0 fnt|[from] item: Rocky Helmet|[of] p2a: 疯狗
|faint|p1a: Quaquaval
|-hitcount|p2a: 疯狗|2
|
|upkeep
|
|t:|1760870504
|switch|p1a: Dragonite|Dragonite, F|100/100
|turn|15
|
|t:|1760870509
|switch|p2a: 钢铠鸦|Corviknight, M|100/100
|move|p1a: Dragonite|Dragon Dance|p1a: Dragonite
|-boost|p1a: Dragonite|atk|1
|-boost|p1a: Dragonite|spe|1
|
|upkeep
|turn|16
|-message|sowola forfeited.
|
|win|GEM0816
|raw|sowola's rating: 1186 &rarr; <strong>1165</strong><br />(-21 for losing)
|raw|GEM0816's rating: 1242 &rarr; <strong>1263</strong><br />(+21 for winning)
|l|☆sowola
|player|p1|
|l|☆GEM0816
|player|p2|
