|j|☆ShaneGrabs
|j|☆ProboZap
|t:|1760760729
|gametype|singles
|player|p1|ShaneGrabs|cynthia-masters|1188
|player|p2|ProboZap|thorton|1240
|gen|9
|tier|[Gen 9] OU
|rated|
|rule|HP Percentage Mod: HP is shown in percentages
|rule|Endless Battle Clause: Forcing endless battles is banned
|rule|Species Clause: Limit one of each Pokémon
|rule|OHKO Clause: OHKO moves are banned
|rule|Evasion Items Clause: Evasion items are banned
|rule|Evasion Moves Clause: Evasion moves are banned
|rule|Evasion Abilities Clause: Evasion abilities are banned
|rule|Sleep Moves Clause: Sleep-inducing moves are banned
|clearpoke
|poke|p1|Garchomp, M|
|poke|p1|Gliscor, M|
|poke|p1|Moltres|
|poke|p1|Zapdos|
|poke|p1|Darkrai|
|poke|p1|Amoonguss, F|
|poke|p2|Magnezone|
|poke|p2|Hydreigon, F|
|poke|p2|Ditto|
|poke|p2|Landorus-Therian, M|
|poke|p2|Necrozma|
|poke|p2|Emboar, M|
|teampreview
|
|t:|1760760744
|teamsize|p1|6
|teamsize|p2|6
|start
|switch|p1a: Garchomp|Garchomp, M|100/100
|switch|p2a: Hydreigon|Hydreigon, F|100/100
|turn|1
|
|t:|1760760754
|move|p2a: Hydreigon|Dark Pulse|p1a: Garchomp
|-damage|p1a: Garchomp|62/100
|cant|p1a: Garchomp|flinch
|
|upkeep
|turn|2
|
|t:|1760760760
|switch|p2a: Landorus|Landorus-Therian, M|100/100
|-ability|p2a: Landorus|Intimidate|boost
|-unboost|p1a: Garchomp|atk|1
|move|p1a: Garchomp|Stealth Rock|p2a: Landorus
|-sidestart|p2: ProboZap|move: Stealth Rock
|
|upkeep
|turn|3
|
|t:|1760760768
|move|p2a: Landorus|Earthquake|p1a: Garchomp
|-damage|p1a: Garchomp|27/100
|move|p1a: Garchomp|Spikes|p2a: Landorus
|-sidestart|p2: ProboZap|Spikes
|
|upkeep
|turn|4
|
|t:|1760760780
|switch|p1a: Gliscor|Gliscor, M, shiny|100/100
|move|p2a: Landorus|Grass Knot|p1a: Gliscor
|-damage|p1a: Gliscor|87/100
|
|-status|p1a: Gliscor|tox|[from] item: Toxic Orb
|upkeep
|turn|5
|
|t:|1760760787
|move|p2a: Landorus|Taunt|p1a: Gliscor
|-start|p1a: Gliscor|move: Taunt
|cant|p1a: Gliscor|move: Taunt|Swords Dance
|
|-heal|p1a: Gliscor|99/100 tox|[from] ability: Poison Heal
|upkeep
|turn|6
|
|t:|1760760810
|move|p2a: Landorus|U-turn|p1a: Gliscor
|-resisted|p1a: Gliscor
|-damage|p1a: Gliscor|91/100 tox
|
|t:|1760760816
|switch|p2a: De Blob|Ditto|100/100|[from] U-turn
|-damage|p2a: De Blob|88/100|[from] Stealth Rock
|-damage|p2a: De Blob|76/100|[from] Spikes
|-transform|p2a: De Blob|p1a: Gliscor|[from] ability: Imposter
|move|p1a: Gliscor|Knock Off|p2a: De Blob
|-damage|p2a: De Blob|58/100
|-damage|p1a: Gliscor|74/100 tox|[from] item: Rocky Helmet|[of] p2a: De Blob
|-enditem|p2a: De Blob|Rocky Helmet|[from] move: Knock Off|[of] p1a: Gliscor
|
|-heal|p1a: Gliscor|87/100 tox|[from] ability: Poison Heal
|upkeep
|turn|7
|
|t:|1760760849
|switch|p1a: Darkrai|Darkrai, shiny|100/100
|move|p2a: De Blob|Swords Dance|p2a: De Blob
|-boost|p2a: De Blob|atk|2
|
|upkeep
|turn|8
|
|t:|1760760860
|-terastallize|p2a: De Blob|Poison
|move|p1a: Darkrai|Ice Beam|p2a: De Blob
|-crit|p2a: De Blob
|-damage|p2a: De Blob|0 fnt
|faint|p2a: De Blob
|
|upkeep
|
|t:|1760760867
|switch|p2a: Hydreigon|Hydreigon, F|100/100
|-damage|p2a: Hydreigon|88/100|[from] Stealth Rock
|turn|9
|
|t:|1760760873
|move|p2a: Hydreigon|U-turn|p1a: Darkrai
|-supereffective|p1a: Darkrai
|-damage|p1a: Darkrai|60/100
|
|t:|1760760881
|switch|p2a: Magnezone|Magnezone|100/100|[from] U-turn
|-damage|p2a: Magnezone|94/100|[from] Stealth Rock
|-damage|p2a: Magnezone|82/100|[from] Spikes
|move|p1a: Darkrai|Nasty Plot|p1a: Darkrai
|-boost|p1a: Darkrai|spa|2
|
|-heal|p1a: Darkrai|66/100|[from] item: Leftovers
|upkeep
|turn|10
|
|t:|1760760899
|move|p1a: Darkrai|Dark Pulse|p2a: Magnezone
|-damage|p2a: Magnezone|19/100
|move|p2a: Magnezone|Discharge|p1a: Darkrai
|-damage|p1a: Darkrai|8/100
|-status|p1a: Darkrai|par
|
|-heal|p1a: Darkrai|14/100 par|[from] item: Leftovers
|upkeep
|turn|11
|
|t:|1760760909
|cant|p1a: Darkrai|par
|move|p2a: Magnezone|Volt Switch|p1a: Darkrai
|-damage|p1a: Darkrai|0 fnt
|faint|p1a: Darkrai
|
|t:|1760760913
|switch|p2a: Necrozma|Necrozma|100/100|[from] Volt Switch
|-damage|p2a: Necrozma|88/100|[from] Stealth Rock
|-damage|p2a: Necrozma|76/100|[from] Spikes
|
|upkeep
|
|t:|1760760927
|switch|p1a: Gliscor|Gliscor, M, shiny|87/100 tox
|turn|12
|
|t:|1760760936
|move|p1a: Gliscor|Swords Dance|p1a: Gliscor
|-boost|p1a: Gliscor|atk|2
|move|p2a: Necrozma|Photon Geyser|p1a: Gliscor
|-damage|p1a: Gliscor|34/100 tox
|
|-heal|p1a: Gliscor|47/100 tox|[from] ability: Poison Heal
|upkeep
|turn|13
|
|t:|1760760946
|move|p1a: Gliscor|Protect|p1a: Gliscor
|-singleturn|p1a: Gliscor|Protect
|move|p2a: Necrozma|Photon Geyser|p1a: Gliscor
|-activate|p1a: Gliscor|move: Protect
|
|-heal|p1a: Gliscor|59/100 tox|[from] ability: Poison Heal
|upkeep
|turn|14
|
|t:|1760760954
|move|p1a: Gliscor|Knock Off|p2a: Necrozma
|-supereffective|p2a: Necrozma
|-crit|p2a: Necrozma
|-damage|p2a: Necrozma|0 fnt
|-enditem|p2a: Necrozma|Weakness Policy|[from] move: Knock Off|[of] p1a: Gliscor
|faint|p2a: Necrozma
|
|-heal|p1a: Gliscor|72/100 tox|[from] ability: Poison Heal
|upkeep
|
|t:|1760760964
|switch|p2a: Emboar|Emboar, M|100/100
|-damage|p2a: Emboar|88/100|[from] Stealth Rock
|-damage|p2a: Emboar|76/100|[from] Spikes
|turn|15
|
|t:|1760760972
|move|p1a: Gliscor|Knock Off|p2a: Emboar
|-resisted|p2a: Emboar
|-damage|p2a: Emboar|52/100
|-damage|p1a: Gliscor|55/100 tox|[from] item: Rocky Helmet|[of] p2a: Emboar
|-enditem|p2a: Emboar|Rocky Helmet|[from] move: Knock Off|[of] p1a: Gliscor
|move|p2a: Emboar|Flare Blitz|p1a: Gliscor
|-damage|p1a: Gliscor|4/100 tox
|-damage|p2a: Emboar|38/100|[from] Recoil
|
|-heal|p1a: Gliscor|16/100 tox|[from] ability: Poison Heal
|upkeep
|turn|16
|
|t:|1760760982
|move|p1a: Gliscor|Protect|p1a: Gliscor
|-singleturn|p1a: Gliscor|Protect
|move|p2a: Emboar|Sucker Punch||[still]
|-fail|p2a: Emboar
|
|-heal|p1a: Gliscor|29/100 tox|[from] ability: Poison Heal
|upkeep
|turn|17
|
|t:|1760760990
|move|p2a: Emboar|Sucker Punch|p1a: Gliscor
|-damage|p1a: Gliscor|11/100 tox
|move|p1a: Gliscor|Facade|p2a: Emboar
|-damage|p2a: Emboar|0 fnt
|faint|p2a: Emboar
|
|-heal|p1a: Gliscor|24/100 tox|[from] ability: Poison Heal
|upkeep
|
|t:|1760760994
|switch|p2a: Hydreigon|Hydreigon, F|88/100
|-damage|p2a: Hydreigon|76/100|[from] Stealth Rock
|turn|18
|
|t:|1760761000
|move|p1a: Gliscor|Protect|p1a: Gliscor
|-singleturn|p1a: Gliscor|Protect
|move|p2a: Hydreigon|Dark Pulse|p1a: Gliscor
|-activate|p1a: Gliscor|move: Protect
|
|-heal|p1a: Gliscor|36/100 tox|[from] ability: Poison Heal
|upkeep
|turn|19
|
|t:|1760761007
|move|p2a: Hydreigon|Dark Pulse|p1a: Gliscor
|-damage|p1a: Gliscor|0 fnt
|faint|p1a: Gliscor
|
|upkeep
|
|t:|1760761021
|switch|p1a: Amoonguss|Amoonguss, F|100/100
|turn|20
|
|t:|1760761024
|switch|p2a: Magnezone|Magnezone|19/100
|-damage|p2a: Magnezone|13/100|[from] Stealth Rock
|-damage|p2a: Magnezone|1/100|[from] Spikes
|move|p1a: Amoonguss|Toxic|p2a: Magnezone
|-immune|p2a: Magnezone
|
|upkeep
|turn|21
|
|t:|1760761034
|move|p2a: Magnezone|Flash Cannon|p1a: Amoonguss
|-damage|p1a: Amoonguss|55/100
|move|p1a: Amoonguss|Foul Play|p2a: Magnezone
|-damage|p2a: Magnezone|0 fnt
|faint|p2a: Magnezone
|
|-heal|p1a: Amoonguss|61/100|[from] item: Leftovers
|upkeep
|
|t:|1760761042
|switch|p2a: Hydreigon|Hydreigon, F|76/100
|-damage|p2a: Hydreigon|64/100|[from] Stealth Rock
|turn|22
|
|t:|1760761048
|move|p2a: Hydreigon|Dark Pulse|p1a: Amoonguss
|-damage|p1a: Amoonguss|20/100
|move|p1a: Amoonguss|Toxic|p2a: Hydreigon
|-status|p2a: Hydreigon|tox
|
|-heal|p1a: Amoonguss|26/100|[from] item: Leftovers
|-damage|p2a: Hydreigon|57/100 tox|[from] psn
|upkeep
|turn|23
|
|t:|1760761060
|move|p2a: Hydreigon|Dark Pulse|p1a: Amoonguss
|-damage|p1a: Amoonguss|0 fnt
|faint|p1a: Amoonguss
|
|-damage|p2a: Hydreigon|45/100 tox|[from] psn
|upkeep
|
|t:|1760761072
|switch|p1a: Garchomp|Garchomp, M|27/100
|turn|24
|
|t:|1760761075
|move|p2a: Hydreigon|Dark Pulse|p1a: Garchomp
|-damage|p1a: Garchomp|0 fnt
|faint|p1a: Garchomp
|
|-damage|p2a: Hydreigon|27/100 tox|[from] psn
|upkeep
|
|t:|1760761087
|switch|p1a: Zapdos|Zapdos|100/100
|turn|25
|
|t:|1760761091
|move|p2a: Hydreigon|Dark Pulse|p1a: Zapdos
|-damage|p1a: Zapdos|60/100
|cant|p1a: Zapdos|flinch
|
|-damage|p2a: Hydreigon|2/100 tox|[from] psn
|upkeep
|turn|26
|
|t:|1760761101
|move|p2a: Hydreigon|Dark Pulse|p1a: Zapdos
|-damage|p1a: Zapdos|18/100
|cant|p1a: Zapdos|flinch
|
|-damage|p2a: Hydreigon|0 fnt|[from] psn
|faint|p2a: Hydreigon
|upkeep
|-message|ProboZap forfeited.
|
|win|ShaneGrabs
|raw|ShaneGrabs's rating: 1188 &rarr; <strong>1217</strong><br />(+29 for winning)
|raw|ProboZap's rating: 1240 &rarr; <strong>1211</strong><br />(-29 for losing)
|l|☆ProboZap
|player|p2|
|c|☆ShaneGrabs|gg
|l|☆ShaneGrabs
|player|p1|
