|j|☆gang696969
|j|☆yellosun
|t:|1760761780
|gametype|singles
|player|p1|gang696969|102|1513
|player|p2|yellosun|battlegirl-gen4|1488
|gen|9
|tier|[Gen 9] OU
|rated|
|rule|HP Percentage Mod: HP is shown in percentages
|rule|Endless Battle Clause: Forcing endless battles is banned
|rule|Species Clause: Limit one of each Pokémon
|rule|OHKO Clause: OHKO moves are banned
|rule|Evasion Items Clause: Evasion items are banned
|rule|Evasion Moves Clause: Evasion moves are banned
|rule|Evasion Abilities Clause: Evasion abilities are banned
|rule|Sleep Moves Clause: Sleep-inducing moves are banned
|clearpoke
|poke|p1|Ceruledge, M|
|poke|p1|Walking Wake|
|poke|p1|Dragonite, M|
|poke|p1|Torkoal, M|
|poke|p1|Venusaur, F|
|poke|p1|Kingambit, M|
|poke|p2|Deoxys-Speed|
|poke|p2|Dragonite, M|
|poke|p2|Darkrai|
|poke|p2|Iron Moth|
|poke|p2|Scizor, F|
|poke|p2|Great Tusk|
|teampreview
|inactive|Battle timer is ON: inactive players will automatically lose when time's up. (requested by yellosun)
|
|t:|1760761799
|teamsize|p1|6
|teamsize|p2|6
|start
|switch|p1a: Ceruledge|Ceruledge, M|100/100
|switch|p2a: Deoxys|Deoxys-Speed|100/100
|-ability|p2a: Deoxys|Pressure
|turn|1
|
|t:|1760761811
|move|p2a: Deoxys|Stealth Rock|p1a: Ceruledge
|-sidestart|p1: gang696969|move: Stealth Rock
|move|p1a: Ceruledge|Bitter Blade|p2a: Deoxys
|-damage|p2a: Deoxys|44/100
|-damage|p1a: Ceruledge|84/100|[from] item: Rocky Helmet|[of] p2a: Deoxys
|
|upkeep
|turn|2
|
|t:|1760761819
|move|p2a: Deoxys|Psycho Boost|p1a: Ceruledge
|-damage|p1a: Ceruledge|14/100
|-unboost|p2a: Deoxys|spa|2
|move|p1a: Ceruledge|Bitter Blade|p2a: Deoxys
|-damage|p2a: Deoxys|0 fnt
|-heal|p1a: Ceruledge|37/100|[from] drain|[of] p2a: Deoxys
|-damage|p1a: Ceruledge|20/100|[from] item: Rocky Helmet|[of] p2a: Deoxys
|faint|p2a: Deoxys
|
|upkeep
|
|t:|1760761836
|switch|p2a: Darkrai|Darkrai|100/100
|turn|3
|
|t:|1760761842
|move|p1a: Ceruledge|Shadow Sneak|p2a: Darkrai
|-resisted|p2a: Darkrai
|-damage|p2a: Darkrai|86/100
|move|p2a: Darkrai|Dark Pulse|p1a: Ceruledge
|-supereffective|p1a: Ceruledge
|-damage|p1a: Ceruledge|0 fnt
|faint|p1a: Ceruledge
|-damage|p2a: Darkrai|76/100|[from] item: Life Orb
|
|upkeep
|
|t:|1760761861
|switch|p1a: Torkoal|Torkoal, M|100/100
|-damage|p1a: Torkoal|75/100|[from] Stealth Rock
|-weather|SunnyDay|[from] ability: Drought|[of] p1a: Torkoal
|turn|4
|
|t:|1760761869
|move|p2a: Darkrai|Dark Pulse|p1a: Torkoal
|-damage|p1a: Torkoal|4/100
|-damage|p2a: Darkrai|66/100|[from] item: Life Orb
|cant|p1a: Torkoal|flinch
|
|-weather|SunnyDay|[upkeep]
|upkeep
|turn|5
|
|t:|1760761877
|move|p2a: Darkrai|Focus Blast|p1a: Torkoal
|-damage|p1a: Torkoal|0 fnt
|faint|p1a: Torkoal
|-damage|p2a: Darkrai|56/100|[from] item: Life Orb
|
|-weather|SunnyDay|[upkeep]
|upkeep
|j| Champion reko
|
|t:|1760761892
|switch|p1a: Venusaur|Venusaur, F|100/100
|-damage|p1a: Venusaur|88/100|[from] Stealth Rock
|turn|6
|
|t:|1760761900
|move|p1a: Venusaur|Solar Beam||[still]
|-prepare|p1a: Venusaur|Solar Beam
|-anim|p1a: Venusaur|Solar Beam|p2a: Darkrai
|-damage|p2a: Darkrai|0 fnt
|faint|p2a: Darkrai
|-damage|p1a: Venusaur|78/100|[from] item: Life Orb
|
|-weather|SunnyDay|[upkeep]
|upkeep
|
|t:|1760761909
|switch|p2a: Iron Moth|Iron Moth|100/100
|-enditem|p2a: Iron Moth|Booster Energy
|-activate|p2a: Iron Moth|ability: Quark Drive|[fromitem]
|-start|p2a: Iron Moth|quarkdrivespe
|turn|7
|
|t:|1760761916
|-terastallize|p1a: Venusaur|Ground
|move|p2a: Iron Moth|Fiery Dance|p1a: Venusaur
|-damage|p1a: Venusaur|9/100
|-boost|p2a: Iron Moth|spa|1
|move|p1a: Venusaur|Earth Power|p2a: Iron Moth
|-supereffective|p2a: Iron Moth
|-damage|p2a: Iron Moth|0 fnt
|faint|p2a: Iron Moth
|-end|p2a: Iron Moth|Quark Drive|[silent]
|-damage|p1a: Venusaur|0 fnt|[from] item: Life Orb
|faint|p1a: Venusaur
|
|-weather|SunnyDay|[upkeep]
|upkeep
|
|t:|1760761932
|switch|p2a: Scizor|Scizor, F|100/100
|switch|p1a: Walking Wake|Walking Wake|100/100
|-damage|p1a: Walking Wake|88/100|[from] Stealth Rock
|-activate|p1a: Walking Wake|ability: Protosynthesis
|-start|p1a: Walking Wake|protosynthesisspe
|turn|8
|
|t:|1760761939
|move|p1a: Walking Wake|Flamethrower|p2a: Scizor
|-supereffective|p2a: Scizor
|-damage|p2a: Scizor|0 fnt
|faint|p2a: Scizor
|
|-weather|SunnyDay|[upkeep]
|-heal|p1a: Walking Wake|94/100|[from] item: Leftovers
|upkeep
|
|t:|1760761948
|switch|p2a: Dragonite|Dragonite, M|100/100
|turn|9
|
|t:|1760761951
|move|p1a: Walking Wake|Dragon Pulse|p2a: Dragonite
|-supereffective|p2a: Dragonite
|-damage|p2a: Dragonite|58/100
|move|p2a: Dragonite|Dragon Dance|p2a: Dragonite
|-boost|p2a: Dragonite|atk|1
|-boost|p2a: Dragonite|spe|1
|
|-weather|SunnyDay|[upkeep]
|-heal|p1a: Walking Wake|100/100|[from] item: Leftovers
|upkeep
|turn|10
|
|t:|1760761961
|-terastallize|p2a: Dragonite|Ghost
|move|p1a: Walking Wake|Dragon Pulse|p2a: Dragonite
|-damage|p2a: Dragonite|12/100
|move|p2a: Dragonite|Tera Blast|p1a: Walking Wake|[anim] Tera Blast Ghost
|-damage|p1a: Walking Wake|10/100
|
|-weather|SunnyDay|[upkeep]
|-heal|p1a: Walking Wake|16/100|[from] item: Leftovers
|upkeep
|turn|11
|
|t:|1760761977
|move|p1a: Walking Wake|Hydro Steam|p2a: Dragonite
|-damage|p2a: Dragonite|0 fnt
|faint|p2a: Dragonite
|
|-weather|none
|-end|p1a: Walking Wake|Protosynthesis
|-heal|p1a: Walking Wake|23/100|[from] item: Leftovers
|upkeep
|
|t:|1760761980
|switch|p2a: Great Tusk|Great Tusk|100/100
|-enditem|p2a: Great Tusk|Booster Energy
|-activate|p2a: Great Tusk|ability: Protosynthesis|[fromitem]
|-start|p2a: Great Tusk|protosynthesisspe
|turn|12
|
|t:|1760761989
|move|p2a: Great Tusk|Ice Spinner|p1a: Walking Wake
|-damage|p1a: Walking Wake|0 fnt
|faint|p1a: Walking Wake
|-end|p1a: Walking Wake|Protosynthesis|[silent]
|
|upkeep
|
|t:|1760762006
|switch|p1a: Dragonite|Dragonite, M|100/100
|turn|13
|
|t:|1760762011
|move|p2a: Great Tusk|Bulk Up|p2a: Great Tusk
|-boost|p2a: Great Tusk|atk|1
|-boost|p2a: Great Tusk|def|1
|move|p1a: Dragonite|Ice Spinner|p2a: Great Tusk
|-supereffective|p2a: Great Tusk
|-damage|p2a: Great Tusk|76/100
|
|upkeep
|turn|14
|
|t:|1760762025
|move|p2a: Great Tusk|Ice Spinner|p1a: Dragonite
|-supereffective|p1a: Dragonite
|-damage|p1a: Dragonite|38/100
|move|p1a: Dragonite|Dragon Dance|p1a: Dragonite
|-boost|p1a: Dragonite|atk|1
|-boost|p1a: Dragonite|spe|1
|
|upkeep
|turn|15
|
|t:|1760762033
|move|p1a: Dragonite|Extreme Speed|p2a: Great Tusk
|-damage|p2a: Great Tusk|56/100
|move|p2a: Great Tusk|Ice Spinner|p1a: Dragonite
|-supereffective|p1a: Dragonite
|-damage|p1a: Dragonite|0 fnt
|faint|p1a: Dragonite
|
|upkeep
|
|t:|1760762040
|switch|p1a: Kingambit|Kingambit, M|100/100
|-damage|p1a: Kingambit|94/100|[from] Stealth Rock
|-activate|p1a: Kingambit|ability: Supreme Overlord
|-start|p1a: Kingambit|fallen5|[silent]
|turn|16
|
|t:|1760762049
|move|p2a: Great Tusk|Headlong Rush|p1a: Kingambit
|-supereffective|p1a: Kingambit
|-damage|p1a: Kingambit|0 fnt
|-unboost|p2a: Great Tusk|def|1
|-unboost|p2a: Great Tusk|spd|1
|faint|p1a: Kingambit
|-end|p1a: Kingambit|fallen5|[silent]
|
|win|yellosun
|raw|gang696969's rating: 1513 &rarr; <strong>1492</strong><br />(-21 for losing)
|raw|yellosun's rating: 1488 &rarr; <strong>1509</strong><br />(+21 for winning)
|l| Champion reko
|l|☆yellosun
|player|p2|
