|j|☆V_run658
|j|☆theawesomepikachu
|t:|1760808745
|gametype|singles
|player|p1|V_run658|hugh|1427
|player|p2|theawesomepikachu|266|1439
|gen|9
|tier|[Gen 9] OU
|rated|
|rule|HP Percentage Mod: HP is shown in percentages
|rule|Endless Battle Clause: Forcing endless battles is banned
|rule|Species Clause: Limit one of each Pokémon
|rule|OHKO Clause: OHKO moves are banned
|rule|Evasion Items Clause: Evasion items are banned
|rule|Evasion Moves Clause: Evasion moves are banned
|rule|Evasion Abilities Clause: Evasion abilities are banned
|rule|Sleep Moves Clause: Sleep-inducing moves are banned
|clearpoke
|poke|p1|Greninja-*, M|
|poke|p1|Slowking-Galar, F|
|poke|p1|Conkeldurr, F|
|poke|p1|Garchomp, M|
|poke|p1|Rillaboom, M|
|poke|p1|Skeledirge, F|
|poke|p2|Raging Bolt|
|poke|p2|Walking Wake|
|poke|p2|Ninetales, M|
|poke|p2|Landorus-Therian, M|
|poke|p2|Hatterene, F|
|poke|p2|Hoopa-Unbound|
|teampreview
|
|t:|1760808751
|teamsize|p1|6
|teamsize|p2|6
|start
|switch|p1a: Garchomp|Garchomp, M|100/100
|switch|p2a: Landorus|Landorus-Therian, M|100/100
|-ability|p2a: Landorus|Intimidate|boost
|-unboost|p1a: Garchomp|atk|1
|turn|1
|
|t:|1760808755
|move|p1a: Garchomp|Swords Dance|p1a: Garchomp
|-boost|p1a: Garchomp|atk|2
|move|p2a: Landorus|Taunt|p1a: Garchomp
|-start|p1a: Garchomp|move: Taunt
|
|upkeep
|turn|2
|
|t:|1760808760
|move|p1a: Garchomp|Scale Shot|p2a: Landorus
|-damage|p2a: Landorus|81/100
|-damage|p2a: Landorus|61/100
|-crit|p2a: Landorus
|-damage|p2a: Landorus|33/100
|-damage|p2a: Landorus|15/100
|-damage|p2a: Landorus|0 fnt
|faint|p2a: Landorus
|-hitcount|p2: Landorus|5
|-unboost|p1a: Garchomp|def|1
|-boost|p1a: Garchomp|spe|1
|
|upkeep
|
|t:|1760808773
|switch|p2a: Hatterene|Hatterene, F|100/100
|turn|3
|
|t:|1760808775
|move|p1a: Garchomp|Iron Head|p2a: Hatterene
|-supereffective|p2a: Hatterene
|-damage|p2a: Hatterene|33/100
|-enditem|p2a: Hatterene|Eject Button
|
|t:|1760808787
|switch|p2a: Ninetales|Ninetales, M|100/100
|-weather|SunnyDay|[from] ability: Drought|[of] p2a: Ninetales
|
|-weather|SunnyDay|[upkeep]
|upkeep
|turn|4
|
|t:|1760808792
|move|p1a: Garchomp|Scale Shot|p2a: Ninetales
|-damage|p2a: Ninetales|74/100
|-damage|p2a: Ninetales|43/100
|-damage|p2a: Ninetales|16/100
|-damage|p2a: Ninetales|0 fnt
|faint|p2a: Ninetales
|-hitcount|p2: Ninetales|4
|-unboost|p1a: Garchomp|def|1
|-boost|p1a: Garchomp|spe|1
|
|-weather|SunnyDay|[upkeep]
|-end|p1a: Garchomp|move: Taunt
|upkeep
|
|t:|1760808795
|switch|p2a: Walking Wake|Walking Wake|100/100
|-activate|p2a: Walking Wake|ability: Protosynthesis
|-start|p2a: Walking Wake|protosynthesisspe
|turn|5
|
|t:|1760808801
|-terastallize|p2a: Walking Wake|Water
|move|p1a: Garchomp|Scale Shot|p2a: Walking Wake
|-damage|p2a: Walking Wake|79/100
|-damage|p2a: Walking Wake|59/100
|-damage|p2a: Walking Wake|40/100
|-damage|p2a: Walking Wake|19/100
|-damage|p2a: Walking Wake|0 fnt
|faint|p2a: Walking Wake
|-end|p2a: Walking Wake|Protosynthesis|[silent]
|-hitcount|p2: Walking Wake|5
|-unboost|p1a: Garchomp|def|1
|-boost|p1a: Garchomp|spe|1
|
|-weather|SunnyDay|[upkeep]
|upkeep
|-message|theawesomepikachu forfeited.
|
|win|V_run658
|raw|V_run658's rating: 1427 &rarr; <strong>1448</strong><br />(+21 for winning)
|raw|theawesomepikachu's rating: 1439 &rarr; <strong>1418</strong><br />(-21 for losing)
|l|☆theawesomepikachu
|player|p2|
