|j|☆napkin_56
|j|☆cansei de lol
|t:|1760741984
|gametype|singles
|player|p1|napkin_56|policeman-gen4|1285
|player|p2|cansei de lol|beauty-gen4dp|1231
|gen|9
|tier|[Gen 9] OU
|rated|
|rule|HP Percentage Mod: HP is shown in percentages
|rule|Endless Battle Clause: Forcing endless battles is banned
|rule|Species Clause: Limit one of each Pokémon
|rule|OHKO Clause: OHKO moves are banned
|rule|Evasion Items Clause: Evasion items are banned
|rule|Evasion Moves Clause: Evasion moves are banned
|rule|Evasion Abilities Clause: Evasion abilities are banned
|rule|Sleep Moves Clause: Sleep-inducing moves are banned
|clearpoke
|poke|p1|Kingambit, F|
|poke|p1|Glimmora, F|
|poke|p1|Rillaboom, F|
|poke|p1|Great Tusk|
|poke|p1|Kyurem|
|poke|p1|Primarina, F|
|poke|p2|Charjabug, F|
|poke|p2|Cinccino, F|
|poke|p2|Keldeo-Resolute|
|poke|p2|Corviknight, M|
|poke|p2|Ditto|
|poke|p2|Hawlucha, F|
|teampreview
|inactive|Battle timer is ON: inactive players will automatically lose when time's up. (requested by napkin_56)
|
|t:|1760741990
|teamsize|p1|6
|teamsize|p2|6
|start
|switch|p1a: Kyurem|Kyurem|100/100
|switch|p2a: Keldeo|Keldeo-Resolute|100/100
|-ability|p1a: Kyurem|Pressure
|turn|1
|
|t:|1760741996
|move|p1a: Kyurem|Freeze-Dry|p2a: Keldeo
|-supereffective|p2a: Keldeo
|-damage|p2a: Keldeo|7/100
|move|p2a: Keldeo|Substitute|p2a: Keldeo
|-fail|p2a: Keldeo|move: Substitute|[weak]
|
|-heal|p2a: Keldeo|13/100|[from] item: Leftovers
|upkeep
|turn|2
|
|t:|1760742001
|switch|p2a: Charjabug|Charjabug, F, shiny|100/100
|move|p1a: Kyurem|Freeze-Dry|p2a: Charjabug
|-damage|p2a: Charjabug|65/100
|
|upkeep
|turn|3
|
|t:|1760742005
|switch|p1a: Great Tusk|Great Tusk|100/100
|move|p2a: Charjabug|Sticky Web|p1a: Great Tusk
|-sidestart|p1: napkin_56|move: Sticky Web
|
|upkeep
|turn|4
|
|t:|1760742014
|switch|p2a: Corviknight|Corviknight, M|100/100
|-ability|p2a: Corviknight|Pressure
|move|p1a: Great Tusk|Knock Off|p2a: Corviknight
|-damage|p2a: Corviknight|80/100
|-enditem|p2a: Corviknight|Leftovers|[from] move: Knock Off|[of] p1a: Great Tusk
|
|upkeep
|turn|5
|
|t:|1760742020
|move|p1a: Great Tusk|Rapid Spin|p2a: Corviknight
|-resisted|p2a: Corviknight
|-damage|p2a: Corviknight|74/100
|-boost|p1a: Great Tusk|spe|1
|-sideend|p1: napkin_56|Sticky Web|[from] move: Rapid Spin|[of] p1a: Great Tusk
|move|p2a: Corviknight|Brave Bird|p1a: Great Tusk
|-supereffective|p1a: Great Tusk
|-damage|p1a: Great Tusk|48/100
|-damage|p2a: Corviknight|57/100|[from] Recoil
|
|upkeep
|turn|6
|
|t:|1760742025
|-end|p1a: Great Tusk|Protosynthesis|[silent]
|switch|p1a: Primarina|Primarina, F|100/100
|move|p2a: Corviknight|Brave Bird|p1a: Primarina
|-damage|p1a: Primarina|55/100
|-damage|p2a: Corviknight|44/100|[from] Recoil
|
|-heal|p1a: Primarina|61/100|[from] item: Leftovers
|upkeep
|turn|7
|
|t:|1760742029
|move|p2a: Corviknight|Roost|p2a: Corviknight
|-heal|p2a: Corviknight|94/100
|-singleturn|p2a: Corviknight|move: Roost
|move|p1a: Primarina|Psychic Noise|p2a: Corviknight
|-damage|p2a: Corviknight|56/100
|-start|p2a: Corviknight|move: Heal Block
|
|-heal|p1a: Primarina|67/100|[from] item: Leftovers
|upkeep
|turn|8
|
|t:|1760742036
|switch|p1a: Kyurem|Kyurem|100/100
|-ability|p1a: Kyurem|Pressure
|move|p2a: Corviknight|Brave Bird|p1a: Kyurem
|-damage|p1a: Kyurem|67/100
|-damage|p2a: Corviknight|45/100|[from] Recoil
|
|-end|p2a: Corviknight|move: Heal Block
|upkeep
|turn|9
|
|t:|1760742044
|-terastallize|p1a: Kyurem|Fire
|move|p1a: Kyurem|Tera Blast|p2a: Corviknight|[anim] Tera Blast Fire
|-supereffective|p2a: Corviknight
|-damage|p2a: Corviknight|0 fnt
|faint|p2a: Corviknight
|
|upkeep
|
|t:|1760742049
|switch|p2a: Ditto|Ditto|100/100
|-transform|p2a: Ditto|p1a: Kyurem|[from] ability: Imposter
|-ability|p2a: Ditto|Pressure
|-start|p2a: Ditto|typechange|Dragon/Ice|[silent]
|turn|10
|
|t:|1760742067
|switch|p1a: Great Tusk|Great Tusk|48/100
|move|p2a: Ditto|Earth Power|p1a: Great Tusk
|-damage|p1a: Great Tusk|0 fnt
|faint|p1a: Great Tusk
|-end|p1a: Great Tusk|Protosynthesis|[silent]
|
|upkeep
|
|t:|1760742080
|switch|p1a: Rillaboom|Rillaboom, F|100/100
|-fieldstart|move: Grassy Terrain|[from] ability: Grassy Surge|[of] p1a: Rillaboom
|turn|11
|
|t:|1760742084
|switch|p2a: Charjabug|Charjabug, F, shiny|65/100
|move|p1a: Rillaboom|Swords Dance|p1a: Rillaboom
|-boost|p1a: Rillaboom|atk|2
|
|-heal|p2a: Charjabug|71/100|[from] Grassy Terrain
|upkeep
|turn|12
|
|t:|1760742088
|move|p1a: Rillaboom|Knock Off|p2a: Charjabug
|-damage|p2a: Charjabug|36/100
|-enditem|p2a: Charjabug|Eviolite|[from] move: Knock Off|[of] p1a: Rillaboom
|move|p2a: Charjabug|Thunder Wave|p1a: Rillaboom
|-status|p1a: Rillaboom|par
|
|-heal|p2a: Charjabug|42/100|[from] Grassy Terrain
|upkeep
|turn|13
|
|t:|1760742092
|move|p1a: Rillaboom|Swords Dance|p1a: Rillaboom
|-boost|p1a: Rillaboom|atk|2
|move|p2a: Charjabug|Sticky Web|p1a: Rillaboom
|-sidestart|p1: napkin_56|move: Sticky Web
|
|-heal|p2a: Charjabug|48/100|[from] Grassy Terrain
|upkeep
|turn|14
|
|t:|1760742096
|move|p1a: Rillaboom|Knock Off|p2a: Charjabug
|-damage|p2a: Charjabug|0 fnt
|faint|p2a: Charjabug
|
|upkeep
|
|t:|1760742108
|switch|p2a: Hawlucha|Hawlucha, F|100/100
|turn|15
|
|t:|1760742122
|cant|p1a: Rillaboom|par
|move|p2a: Hawlucha|Sky Attack||[still]
|-prepare|p2a: Hawlucha|Sky Attack
|-enditem|p2a: Hawlucha|Power Herb
|-anim|p2a: Hawlucha|Sky Attack|p1a: Rillaboom
|-supereffective|p1a: Rillaboom
|-damage|p1a: Rillaboom|0 fnt
|faint|p1a: Rillaboom
|
|-fieldend|move: Grassy Terrain
|upkeep
|
|t:|1760742124
|switch|p1a: Glimmora|Glimmora, F|100/100
|-activate|p1a: Glimmora|move: Sticky Web
|-unboost|p1a: Glimmora|spe|1
|turn|16
|
|t:|1760742132
|move|p2a: Hawlucha|Close Combat|p1a: Glimmora
|-damage|p1a: Glimmora|38/100
|-unboost|p2a: Hawlucha|def|1
|-unboost|p2a: Hawlucha|spd|1
|-activate|p1a: Glimmora|ability: Toxic Debris
|-sidestart|p2: cansei de lol|move: Toxic Spikes
|move|p1a: Glimmora|Sludge Bomb|p2a: Hawlucha
|-damage|p2a: Hawlucha|11/100
|
|upkeep
|turn|17
|
|t:|1760742137
|move|p2a: Hawlucha|Close Combat|p1a: Glimmora
|-damage|p1a: Glimmora|0 fnt
|-unboost|p2a: Hawlucha|def|1
|-unboost|p2a: Hawlucha|spd|1
|-activate|p1a: Glimmora|ability: Toxic Debris
|-sidestart|p2: cansei de lol|move: Toxic Spikes
|faint|p1a: Glimmora
|
|upkeep
|
|t:|1760742139
|switch|p1a: Kingambit|Kingambit, F|100/100
|-activate|p1a: Kingambit|move: Sticky Web
|-unboost|p1a: Kingambit|spe|1
|-activate|p1a: Kingambit|ability: Supreme Overlord
|-start|p1a: Kingambit|fallen3|[silent]
|turn|18
|
|t:|1760742145
|move|p1a: Kingambit|Sucker Punch||[still]
|-fail|p1a: Kingambit
|move|p2a: Hawlucha|Bulk Up|p2a: Hawlucha
|-boost|p2a: Hawlucha|atk|1
|-boost|p2a: Hawlucha|def|1
|
|upkeep
|turn|19
|
|t:|1760742151
|move|p1a: Kingambit|Sucker Punch|p2a: Hawlucha
|-resisted|p2a: Hawlucha
|-damage|p2a: Hawlucha|0 fnt
|faint|p2a: Hawlucha
|
|upkeep
|
|t:|1760742153
|switch|p2a: Cinccino|Cinccino, F|100/100
|-status|p2a: Cinccino|tox
|turn|20
|
|t:|1760742157
|move|p2a: Cinccino|Encore|p1a: Kingambit
|-start|p1a: Kingambit|Encore
|move|p1a: Kingambit|Sucker Punch||[still]
|-fail|p1a: Kingambit
|
|-damage|p2a: Cinccino|94/100 tox|[from] psn
|upkeep
|turn|21
|
|t:|1760742159
|-end|p1a: Kingambit|fallen3|[silent]
|switch|p1a: Primarina|Primarina, F|67/100
|-activate|p1a: Primarina|move: Sticky Web
|-unboost|p1a: Primarina|spe|1
|move|p2a: Cinccino|Tidy Up|p2a: Cinccino
|-sideend|p2: cansei de lol|Toxic Spikes
|-sideend|p1: napkin_56|Sticky Web
|-activate|p2a: Cinccino|move: Tidy Up
|-boost|p2a: Cinccino|atk|1
|-boost|p2a: Cinccino|spe|1
|
|-heal|p1a: Primarina|73/100|[from] item: Leftovers
|-damage|p2a: Cinccino|82/100 tox|[from] psn
|upkeep
|turn|22
|
|t:|1760742165
|move|p2a: Cinccino|Tail Slap|p1a: Primarina
|-damage|p1a: Primarina|47/100
|-damage|p1a: Primarina|20/100
|-damage|p1a: Primarina|0 fnt
|faint|p1a: Primarina
|-hitcount|p1: Primarina|3
|
|-damage|p2a: Cinccino|63/100 tox|[from] psn
|upkeep
|
|t:|1760742174
|switch|p1a: Kingambit|Kingambit, F|100/100
|-activate|p1a: Kingambit|ability: Supreme Overlord
|-start|p1a: Kingambit|fallen4|[silent]
|turn|23
|
|t:|1760742177
|move|p2a: Cinccino|Tidy Up|p2a: Cinccino
|-boost|p2a: Cinccino|atk|1
|-boost|p2a: Cinccino|spe|1
|move|p1a: Kingambit|Kowtow Cleave|p2a: Cinccino
|-damage|p2a: Cinccino|0 fnt
|faint|p2a: Cinccino
|
|upkeep
|
|t:|1760742182
|switch|p2a: Ditto|Ditto|100/100
|-transform|p2a: Ditto|p1a: Kingambit|[from] ability: Imposter
|-activate|p2a: Ditto|ability: Supreme Overlord
|-start|p2a: Ditto|fallen4|[silent]
|turn|24
|
|t:|1760742186
|move|p2a: Ditto|Kowtow Cleave|p1a: Kingambit
|-resisted|p1a: Kingambit
|-damage|p1a: Kingambit|78/100
|move|p1a: Kingambit|Swords Dance|p1a: Kingambit
|-boost|p1a: Kingambit|atk|2
|
|-heal|p1a: Kingambit|84/100|[from] item: Leftovers
|upkeep
|turn|25
|
|t:|1760742190
|-end|p2a: Ditto|fallen4|[silent]
|switch|p2a: Keldeo|Keldeo-Resolute|13/100
|move|p1a: Kingambit|Swords Dance|p1a: Kingambit
|-boost|p1a: Kingambit|atk|2
|
|-heal|p2a: Keldeo|19/100|[from] item: Leftovers
|-heal|p1a: Kingambit|90/100|[from] item: Leftovers
|upkeep
|turn|26
|
|t:|1760742194
|move|p1a: Kingambit|Sucker Punch|p2a: Keldeo
|-resisted|p2a: Keldeo
|-damage|p2a: Keldeo|0 fnt
|faint|p2a: Keldeo
|
|-heal|p1a: Kingambit|96/100|[from] item: Leftovers
|upkeep
|
|t:|1760742197
|switch|p2a: Ditto|Ditto|100/100
|-transform|p2a: Ditto|p1a: Kingambit|[from] ability: Imposter
|-activate|p2a: Ditto|ability: Supreme Overlord
|-start|p2a: Ditto|fallen5|[silent]
|turn|27
|
|t:|1760742205
|move|p2a: Ditto|Iron Head|p1a: Kingambit
|-resisted|p1a: Kingambit
|-damage|p1a: Kingambit|24/100
|move|p1a: Kingambit|Kowtow Cleave|p2a: Ditto
|-resisted|p2a: Ditto
|-damage|p2a: Ditto|23/100
|
|-heal|p1a: Kingambit|30/100|[from] item: Leftovers
|upkeep
|turn|28
|
|t:|1760742213
|move|p1a: Kingambit|Sucker Punch|p2a: Ditto
|-resisted|p2a: Ditto
|-damage|p2a: Ditto|0 fnt
|faint|p2a: Ditto
|-end|p2a: Ditto|fallen5|[silent]
|
|win|napkin_56
|raw|napkin_56's rating: 1285 &rarr; <strong>1306</strong><br />(+21 for winning)
|raw|cansei de lol's rating: 1231 &rarr; <strong>1210</strong><br />(-21 for losing)
|l|☆napkin_56
|player|p1|
|l|☆cansei de lol
|player|p2|
