|j|☆lousiv
|j|☆cml666
|t:|1760856667
|gametype|singles
|player|p1|lousiv|ltsurge|1134
|player|p2|cml666|265|1156
|gen|9
|tier|[Gen 9] OU
|rated|
|rule|HP Percentage Mod: HP is shown in percentages
|rule|Endless Battle Clause: Forcing endless battles is banned
|rule|Species Clause: Limit one of each Pokémon
|rule|OHKO Clause: OHKO moves are banned
|rule|Evasion Items Clause: Evasion items are banned
|rule|Evasion Moves Clause: Evasion moves are banned
|rule|Evasion Abilities Clause: Evasion abilities are banned
|rule|Sleep Moves Clause: Sleep-inducing moves are banned
|clearpoke
|poke|p1|Krookodile, F|
|poke|p1|Azumarill, F|
|poke|p1|Heracross, M|
|poke|p1|Hoopa-Unbound|
|poke|p1|Cacturne, M|
|poke|p1|Chandelure, F|
|poke|p2|Pelipper, F|
|poke|p2|Barraskewda, F|
|poke|p2|Hatterene, F|
|poke|p2|Raging Bolt|
|poke|p2|Hoopa-Unbound|
|poke|p2|Landorus-Therian, M|
|teampreview
|inactive|Battle timer is ON: inactive players will automatically lose when time's up. (requested by lousiv)
|l|☆cml666
|inactive|cml666 disconnected and has a minute to reconnect!
|player|p2|
|j|☆cml666
|inactive|cml666 reconnected and has 110 seconds left.
|player|p2|cml666|265|
|
|t:|1760856729
|teamsize|p1|6
|teamsize|p2|6
|start
|switch|p1a: Krookodile|Krookodile, F|100/100
|switch|p2a: Pelipper|Pelipper, F|100/100
|-ability|p1a: Krookodile|Intimidate|boost
|-unboost|p2a: Pelipper|atk|1
|-weather|RainDance|[from] ability: Drizzle|[of] p2a: Pelipper
|turn|1
|
|t:|1760856752
|move|p1a: Krookodile|Stealth Rock|p2a: Pelipper
|-sidestart|p2: cml666|move: Stealth Rock
|move|p2a: Pelipper|U-turn|p1a: Krookodile
|-supereffective|p1a: Krookodile
|-damage|p1a: Krookodile|84/100
|
|t:|1760856758
|switch|p2a: Barraskewda|Barraskewda, F|100/100|[from] U-turn
|-damage|p2a: Barraskewda|88/100|[from] Stealth Rock
|
|-weather|RainDance|[upkeep]
|-heal|p1a: Krookodile|90/100|[from] item: Leftovers
|upkeep
|turn|2
|
|t:|1760856761
|switch|p1a: Cacturne|Cacturne, M|100/100
|move|p2a: Barraskewda|Liquidation|p1a: Cacturne
|-immune|p1a: Cacturne|[from] ability: Water Absorb
|
|-weather|RainDance|[upkeep]
|upkeep
|turn|3
|
|t:|1760856768
|move|p2a: Barraskewda|Close Combat|p1a: Cacturne
|-supereffective|p1a: Cacturne
|-damage|p1a: Cacturne|0 fnt
|-unboost|p2a: Barraskewda|def|1
|-unboost|p2a: Barraskewda|spd|1
|-damage|p2a: Barraskewda|72/100|[from] item: Rocky Helmet|[of] p1a: Cacturne
|faint|p1a: Cacturne
|-damage|p2a: Barraskewda|62/100|[from] item: Life Orb
|
|-weather|RainDance|[upkeep]
|upkeep
|
|t:|1760856775
|switch|p1a: Azumarill|Azumarill, F|100/100
|turn|4
|
|t:|1760856778
|move|p1a: Azumarill|Aqua Jet|p2a: Barraskewda
|-resisted|p2a: Barraskewda
|-damage|p2a: Barraskewda|0 fnt
|faint|p2a: Barraskewda
|
|-weather|RainDance|[upkeep]
|upkeep
|
|t:|1760856782
|switch|p2a: Raging Bolt|Raging Bolt|100/100
|-damage|p2a: Raging Bolt|88/100|[from] Stealth Rock
|turn|5
|
|t:|1760856785
|switch|p1a: Krookodile|Krookodile, F|90/100
|-ability|p1a: Krookodile|Intimidate|boost
|-unboost|p2a: Raging Bolt|atk|1
|-terastallize|p2a: Raging Bolt|Fairy
|move|p2a: Raging Bolt|Thunder|p1a: Krookodile
|-immune|p1a: Krookodile
|
|-weather|RainDance|[upkeep]
|-heal|p1a: Krookodile|96/100|[from] item: Leftovers
|upkeep
|turn|6
|
|t:|1760856788
|move|p1a: Krookodile|Gunk Shot|p2a: Raging Bolt
|-supereffective|p2a: Raging Bolt
|-damage|p2a: Raging Bolt|25/100
|-status|p2a: Raging Bolt|psn
|move|p2a: Raging Bolt|Weather Ball|p1a: Krookodile
|-supereffective|p1a: Krookodile
|-damage|p1a: Krookodile|0 fnt
|faint|p1a: Krookodile
|
|-weather|RainDance|[upkeep]
|-damage|p2a: Raging Bolt|12/100 psn|[from] psn
|upkeep
|
|t:|1760856796
|switch|p1a: Chandelure|Chandelure, F|100/100
|turn|7
|
|t:|1760856804
|move|p1a: Chandelure|Flamethrower|p2a: Raging Bolt
|-damage|p2a: Raging Bolt|0 fnt
|faint|p2a: Raging Bolt
|-end|p2a: Raging Bolt|Protosynthesis|[silent]
|
|-weather|RainDance|[upkeep]
|upkeep
|
|t:|1760856809
|switch|p2a: Hoopa|Hoopa-Unbound|100/100
|-damage|p2a: Hoopa|88/100|[from] Stealth Rock
|turn|8
|
|t:|1760856813
|switch|p1a: Azumarill|Azumarill, F|100/100
|move|p2a: Hoopa|Hyperspace Fury|p1a: Azumarill
|-resisted|p1a: Azumarill
|-damage|p1a: Azumarill|46/100
|-unboost|p2a: Hoopa|def|1
|
|-weather|none
|upkeep
|turn|9
|
|t:|1760856819
|move|p1a: Azumarill|Aqua Jet|p2a: Hoopa
|-damage|p2a: Hoopa|8/100
|move|p2a: Hoopa|Hyperspace Fury|p1a: Azumarill
|-resisted|p1a: Azumarill
|-damage|p1a: Azumarill|0 fnt
|-unboost|p2a: Hoopa|def|1
|faint|p1a: Azumarill
|
|upkeep
|
|t:|1760856822
|switch|p1a: Heracross|Heracross, M|100/100
|turn|10
|
|t:|1760856824
|move|p1a: Heracross|Trailblaze|p2a: Hoopa
|-damage|p2a: Hoopa|0 fnt
|-boost|p1a: Heracross|spe|1
|faint|p2a: Hoopa
|-ability|p1a: Heracross|Moxie|boost
|-boost|p1a: Heracross|atk|1
|
|upkeep
|
|t:|1760856827
|switch|p2a: Pelipper|Pelipper, F|100/100
|-damage|p2a: Pelipper|76/100|[from] Stealth Rock
|-weather|RainDance|[from] ability: Drizzle|[of] p2a: Pelipper
|turn|11
|
|t:|1760856830
|move|p1a: Heracross|Rock Blast|p2a: Pelipper
|-supereffective|p2a: Pelipper
|-damage|p2a: Pelipper|55/100
|-supereffective|p2a: Pelipper
|-damage|p2a: Pelipper|35/100
|-supereffective|p2a: Pelipper
|-damage|p2a: Pelipper|14/100
|-supereffective|p2a: Pelipper
|-damage|p2a: Pelipper|0 fnt
|faint|p2a: Pelipper
|-ability|p1a: Heracross|Moxie|boost
|-boost|p1a: Heracross|atk|1
|-hitcount|p2: Pelipper|4
|
|-weather|RainDance|[upkeep]
|upkeep
|
|t:|1760856832
|switch|p2a: Landorus|Landorus-Therian, M|100/100
|-damage|p2a: Landorus|88/100|[from] Stealth Rock
|-ability|p2a: Landorus|Intimidate|boost
|-unboost|p1a: Heracross|atk|1
|turn|12
|
|t:|1760856838
|move|p1a: Heracross|Rock Blast|p2a: Landorus
|-crit|p2a: Landorus
|-damage|p2a: Landorus|67/100
|-damage|p2a: Landorus|52/100
|-damage|p2a: Landorus|36/100
|-damage|p2a: Landorus|21/100
|-damage|p2a: Landorus|6/100
|-hitcount|p2a: Landorus|5
|move|p2a: Landorus|Sandsear Storm|p1a: Heracross
|-resisted|p1a: Heracross
|-damage|p1a: Heracross|72/100
|
|-weather|RainDance|[upkeep]
|upkeep
|turn|13
|-message|cml666 forfeited.
|
|win|lousiv
|raw|lousiv's rating: 1134 &rarr; <strong>1161</strong><br />(+27 for winning)
|raw|cml666's rating: 1156 &rarr; <strong>1129</strong><br />(-27 for losing)
|l|☆cml666
|player|p2|
|l|☆lousiv
|player|p1|
