|j|☆Nani_Zak
|j|☆Stopbatonpassing
|t:|1760850973
|gametype|singles
|player|p1|Nani_Zak|101|1163
|player|p2|Stopbatonpassing|steven|1186
|gen|9
|tier|[Gen 9] OU
|rated|
|rule|HP Percentage Mod: HP is shown in percentages
|rule|Endless Battle Clause: Forcing endless battles is banned
|rule|Species Clause: Limit one of each Pokémon
|rule|OHKO Clause: OHKO moves are banned
|rule|Evasion Items Clause: Evasion items are banned
|rule|Evasion Moves Clause: Evasion moves are banned
|rule|Evasion Abilities Clause: Evasion abilities are banned
|rule|Sleep Moves Clause: Sleep-inducing moves are banned
|clearpoke
|poke|p1|Lucario, M|
|poke|p1|Rillaboom, F|
|poke|p1|Gyarados, F|
|poke|p1|Gastrodon-East, M|
|poke|p1|Goodra-Hisui, F|
|poke|p1|Necrozma|
|poke|p2|Lokix, F|
|poke|p2|Corviknight, M|
|poke|p2|Kyurem|
|poke|p2|Moltres|
|poke|p2|Inteleon, F|
|poke|p2|Wo-Chien|
|teampreview
|inactive|Battle timer is ON: inactive players will automatically lose when time's up. (requested by Stopbatonpassing)
|
|t:|1760850998
|teamsize|p1|6
|teamsize|p2|6
|start
|switch|p1a: Goodra|Goodra-Hisui, F|100/100
|switch|p2a: Lokix|Lokix, F|100/100
|turn|1
|
|t:|1760851003
|move|p2a: Lokix|U-turn|p1a: Goodra
|-resisted|p1a: Goodra
|-damage|p1a: Goodra|57/100
|
|t:|1760851012
|switch|p2a: Wo-Chien|Wo-Chien|100/100|[from] U-turn
|-ability|p2a: Wo-Chien|Tablets of Ruin
|move|p1a: Goodra|Flamethrower|p2a: Wo-Chien
|-supereffective|p2a: Wo-Chien
|-damage|p2a: Wo-Chien|66/100
|
|upkeep
|turn|2
|
|t:|1760851017
|move|p2a: Wo-Chien|Leech Seed|p1a: Goodra
|-start|p1a: Goodra|move: Leech Seed
|move|p1a: Goodra|Ice Beam|p2a: Wo-Chien
|-supereffective|p2a: Wo-Chien
|-crit|p2a: Wo-Chien
|-damage|p2a: Wo-Chien|16/100
|-status|p2a: Wo-Chien|frz
|
|-damage|p1a: Goodra|45/100|[from] Leech Seed|[of] p2a: Wo-Chien
|-heal|p2a: Wo-Chien|26/100 frz|[silent]
|upkeep
|turn|3
|
|t:|1760851031
|switch|p2a: Moltres|Moltres|100/100
|switch|p1a: Gyarados|Gyarados, F, shiny|100/100
|-ability|p1a: Gyarados|Intimidate|boost
|-unboost|p2a: Moltres|atk|1
|
|upkeep
|turn|4
|
|t:|1760851035
|move|p1a: Gyarados|Dragon Dance|p1a: Gyarados
|-boost|p1a: Gyarados|atk|1
|-boost|p1a: Gyarados|spe|1
|move|p2a: Moltres|Will-O-Wisp|p1a: Gyarados
|-status|p1a: Gyarados|brn
|
|-damage|p1a: Gyarados|94/100 brn|[from] brn
|upkeep
|turn|5
|
|t:|1760851038
|switch|p2a: Wo-Chien|Wo-Chien|26/100 frz
|-ability|p2a: Wo-Chien|Tablets of Ruin
|move|p1a: Gyarados|Dragon Dance|p1a: Gyarados
|-boost|p1a: Gyarados|atk|1
|-boost|p1a: Gyarados|spe|1
|
|-damage|p1a: Gyarados|88/100 brn|[from] brn
|upkeep
|turn|6
|
|t:|1760851042
|move|p1a: Gyarados|Dragon Dance|p1a: Gyarados
|-boost|p1a: Gyarados|atk|1
|-boost|p1a: Gyarados|spe|1
|cant|p2a: Wo-Chien|frz
|
|-damage|p1a: Gyarados|82/100 brn|[from] brn
|upkeep
|turn|7
|
|t:|1760851050
|move|p1a: Gyarados|Dragon Dance|p1a: Gyarados
|-boost|p1a: Gyarados|atk|1
|-boost|p1a: Gyarados|spe|1
|cant|p2a: Wo-Chien|frz
|
|-damage|p1a: Gyarados|76/100 brn|[from] brn
|upkeep
|turn|8
|
|t:|1760851057
|move|p1a: Gyarados|Earthquake|p2a: Wo-Chien
|-resisted|p2a: Wo-Chien
|-damage|p2a: Wo-Chien|7/100 frz
|-curestatus|p2a: Wo-Chien|frz|[msg]
|move|p2a: Wo-Chien|Leech Seed|p1a: Gyarados
|-start|p1a: Gyarados|move: Leech Seed
|
|-damage|p1a: Gyarados|64/100 brn|[from] Leech Seed|[of] p2a: Wo-Chien
|-heal|p2a: Wo-Chien|18/100|[silent]
|-damage|p1a: Gyarados|58/100 brn|[from] brn
|upkeep
|turn|9
|
|t:|1760851064
|-terastallize|p1a: Gyarados|Water
|move|p1a: Gyarados|Waterfall|p2a: Wo-Chien
|-resisted|p2a: Wo-Chien
|-damage|p2a: Wo-Chien|0 fnt
|-damage|p1a: Gyarados|41/100 brn|[from] item: Rocky Helmet|[of] p2a: Wo-Chien
|faint|p2a: Wo-Chien
|
|-damage|p1a: Gyarados|35/100 brn|[from] brn
|upkeep
|
|t:|1760851070
|switch|p2a: Lokix|Lokix, F|100/100
|turn|10
|
|t:|1760851074
|move|p2a: Lokix|First Impression|p1a: Gyarados
|-damage|p1a: Gyarados|0 fnt
|faint|p1a: Gyarados
|
|upkeep
|
|t:|1760851079
|switch|p1a: Rillaboom|Rillaboom, F|100/100
|-fieldstart|move: Grassy Terrain|[from] ability: Grassy Surge|[of] p1a: Rillaboom
|turn|11
|
|t:|1760851083
|switch|p2a: Moltres|Moltres|100/100
|move|p1a: Rillaboom|Fake Out|p2a: Moltres
|-damage|p2a: Moltres|90/100
|
|upkeep
|turn|12
|
|t:|1760851092
|switch|p1a: Goodra|Goodra-Hisui, F|45/100
|move|p2a: Moltres|U-turn|p1a: Goodra
|-resisted|p1a: Goodra
|-damage|p1a: Goodra|38/100
|
|t:|1760851096
|switch|p2a: Lokix|Lokix, F|100/100|[from] U-turn
|
|-heal|p1a: Goodra|44/100|[from] Grassy Terrain
|upkeep
|turn|13
|
|t:|1760851099
|move|p2a: Lokix|U-turn|p1a: Goodra
|-resisted|p1a: Goodra
|-damage|p1a: Goodra|0 fnt
|faint|p1a: Goodra
|
|t:|1760851107
|switch|p2a: Kyurem|Kyurem|100/100|[from] U-turn
|-ability|p2a: Kyurem|Pressure
|
|upkeep
|
|t:|1760851115
|switch|p1a: Lucario|Lucario, M|100/100
|-enditem|p1a: Lucario|Grassy Seed
|-boost|p1a: Lucario|def|1|[from] item: Grassy Seed
|turn|14
|
|t:|1760851121
|switch|p2a: Corviknight|Corviknight, M|100/100
|-ability|p2a: Corviknight|Pressure
|move|p1a: Lucario|Swords Dance|p1a: Lucario
|-boost|p1a: Lucario|atk|2
|
|upkeep
|turn|15
|
|t:|1760851126
|move|p1a: Lucario|Swords Dance|p1a: Lucario
|-boost|p1a: Lucario|atk|2
|move|p2a: Corviknight|U-turn|p1a: Lucario
|-resisted|p1a: Lucario
|-crit|p1a: Lucario
|-damage|p1a: Lucario|93/100
|
|t:|1760851128
|switch|p2a: Moltres|Moltres|90/100|[from] U-turn
|
|-heal|p1a: Lucario|99/100|[from] Grassy Terrain
|upkeep
|turn|16
|
|t:|1760851132
|move|p1a: Lucario|Extreme Speed|p2a: Moltres
|-damage|p2a: Moltres|29/100
|move|p2a: Moltres|Will-O-Wisp|p1a: Lucario
|-status|p1a: Lucario|brn
|
|-heal|p1a: Lucario|100/100 brn|[from] Grassy Terrain
|-damage|p1a: Lucario|94/100 brn|[from] brn
|upkeep
|turn|17
|
|t:|1760851136
|move|p1a: Lucario|Extreme Speed|p2a: Moltres
|-damage|p2a: Moltres|2/100
|move|p2a: Moltres|Roost|p2a: Moltres
|-heal|p2a: Moltres|52/100
|-singleturn|p2a: Moltres|move: Roost
|
|-heal|p2a: Moltres|58/100|[from] Grassy Terrain
|-heal|p1a: Lucario|100/100 brn|[from] Grassy Terrain
|-damage|p1a: Lucario|94/100 brn|[from] brn
|upkeep
|turn|18
|
|t:|1760851140
|move|p2a: Moltres|Roost|p2a: Moltres
|-heal|p2a: Moltres|100/100
|-singleturn|p2a: Moltres|move: Roost
|move|p1a: Lucario|Swords Dance|p1a: Lucario
|-boost|p1a: Lucario|atk|2
|
|-heal|p1a: Lucario|100/100 brn|[from] Grassy Terrain
|-damage|p1a: Lucario|94/100 brn|[from] brn
|-fieldend|move: Grassy Terrain
|upkeep
|turn|19
|
|t:|1760851147
|move|p1a: Lucario|Extreme Speed|p2a: Moltres
|-damage|p2a: Moltres|65/100
|move|p2a: Moltres|Air Slash|p1a: Lucario
|-crit|p1a: Lucario
|-damage|p1a: Lucario|29/100 brn
|
|-damage|p1a: Lucario|23/100 brn|[from] brn
|upkeep
|turn|20
|
|t:|1760851151
|move|p1a: Lucario|Extreme Speed|p2a: Moltres
|-damage|p2a: Moltres|26/100
|move|p2a: Moltres|Air Slash|p1a: Lucario
|-damage|p1a: Lucario|0 fnt
|faint|p1a: Lucario
|
|upkeep
|
|t:|1760851154
|switch|p1a: Gastrodon|Gastrodon-East, M|100/100
|turn|21
|
|t:|1760851159
|move|p2a: Moltres|U-turn|p1a: Gastrodon
|-damage|p1a: Gastrodon|84/100
|
|t:|1760851160
|switch|p2a: Kyurem|Kyurem|100/100|[from] U-turn
|-ability|p2a: Kyurem|Pressure
|move|p1a: Gastrodon|Surf|p2a: Kyurem
|-resisted|p2a: Kyurem
|-damage|p2a: Kyurem|82/100
|
|-heal|p1a: Gastrodon|90/100|[from] item: Leftovers
|upkeep
|turn|22
|
|t:|1760851172
|move|p2a: Kyurem|Ice Beam|p1a: Gastrodon
|-damage|p1a: Gastrodon|26/100
|move|p1a: Gastrodon|Sludge Bomb|p2a: Kyurem
|-damage|p2a: Kyurem|57/100
|
|-heal|p1a: Gastrodon|32/100|[from] item: Leftovers
|upkeep
|turn|23
|
|t:|1760851175
|move|p2a: Kyurem|Ice Beam|p1a: Gastrodon
|-damage|p1a: Gastrodon|0 fnt
|faint|p1a: Gastrodon
|
|upkeep
|
|t:|1760851180
|switch|p1a: Necrozma|Necrozma, shiny|100/100
|turn|24
|
|t:|1760851183
|move|p2a: Kyurem|Ice Beam|p1a: Necrozma
|-damage|p1a: Necrozma|16/100
|-enditem|p1a: Necrozma|Salac Berry|[eat]
|-boost|p1a: Necrozma|spe|1|[from] item: Salac Berry
|move|p1a: Necrozma|Calm Mind|p1a: Necrozma
|-boost|p1a: Necrozma|spa|1
|-boost|p1a: Necrozma|spd|1
|
|upkeep
|turn|25
|
|t:|1760851189
|move|p1a: Necrozma|Photon Geyser|p2a: Kyurem
|-damage|p2a: Kyurem|0 fnt
|faint|p2a: Kyurem
|
|upkeep
|
|t:|1760851196
|switch|p2a: Corviknight|Corviknight, M|100/100
|-ability|p2a: Corviknight|Pressure
|turn|26
|
|t:|1760851202
|move|p1a: Necrozma|Heat Wave|p2a: Corviknight
|-supereffective|p2a: Corviknight
|-damage|p2a: Corviknight|8/100
|-status|p2a: Corviknight|brn
|move|p2a: Corviknight|U-turn|p1a: Necrozma
|-supereffective|p1a: Necrozma
|-damage|p1a: Necrozma|6/100
|
|t:|1760851208
|switch|p2a: Lokix|Lokix, F|100/100|[from] U-turn
|
|upkeep
|turn|27
|
|t:|1760851212
|move|p2a: Lokix|First Impression|p1a: Necrozma
|-supereffective|p1a: Necrozma
|-damage|p1a: Necrozma|0 fnt
|faint|p1a: Necrozma
|
|upkeep
|
|t:|1760851215
|switch|p1a: Rillaboom|Rillaboom, F|100/100
|-fieldstart|move: Grassy Terrain|[from] ability: Grassy Surge|[of] p1a: Rillaboom
|turn|28
|
|t:|1760851222
|switch|p2a: Moltres|Moltres|26/100
|move|p1a: Rillaboom|Fake Out|p2a: Moltres
|-damage|p2a: Moltres|17/100
|
|upkeep
|turn|29
|
|t:|1760851225
|move|p1a: Rillaboom|Grassy Glide|p2a: Moltres
|-resisted|p2a: Moltres
|-damage|p2a: Moltres|11/100
|move|p2a: Moltres|U-turn|p1a: Rillaboom
|-supereffective|p1a: Rillaboom
|-damage|p1a: Rillaboom|71/100
|
|t:|1760851228
|switch|p2a: Lokix|Lokix, F|100/100|[from] U-turn
|
|-heal|p1a: Rillaboom|77/100|[from] Grassy Terrain
|upkeep
|turn|30
|
|t:|1760851233
|-terastallize|p2a: Lokix|Bug
|move|p1a: Rillaboom|Fake Out||[still]
|-hint|Fake Out only works on your first turn out.
|-fail|p1a: Rillaboom
|move|p2a: Lokix|First Impression|p1a: Rillaboom
|-supereffective|p1a: Rillaboom
|-damage|p1a: Rillaboom|0 fnt
|faint|p1a: Rillaboom
|
|win|Stopbatonpassing
|raw|Nani_Zak's rating: 1163 &rarr; <strong>1140</strong><br />(-23 for losing)
|raw|Stopbatonpassing's rating: 1186 &rarr; <strong>1209</strong><br />(+23 for winning)
|l|☆Nani_Zak
|player|p1|
|l|☆Stopbatonpassing
|player|p2|
