|j|☆Ghostrunner103
|j|☆yungestyeet
|t:|1760825583
|gametype|singles
|player|p1|Ghostrunner103|giovanni|1122
|player|p2|yungestyeet|1|1090
|gen|9
|tier|[Gen 9] OU
|rated|
|rule|HP Percentage Mod: HP is shown in percentages
|rule|Endless Battle Clause: Forcing endless battles is banned
|rule|Species Clause: Limit one of each Pokémon
|rule|OHKO Clause: OHKO moves are banned
|rule|Evasion Items Clause: Evasion items are banned
|rule|Evasion Moves Clause: Evasion moves are banned
|rule|Evasion Abilities Clause: Evasion abilities are banned
|rule|Sleep Moves Clause: Sleep-inducing moves are banned
|clearpoke
|poke|p1|Porygon-Z|
|poke|p1|Slowking-Galar, M|
|poke|p1|Corviknight, M|
|poke|p1|Kyurem|
|poke|p1|Samurott-Hisui, M|
|poke|p1|Gliscor, F|
|poke|p2|Gligar, F|
|poke|p2|Latios, M|
|poke|p2|Conkeldurr, F|
|poke|p2|Hydrapple, F|
|poke|p2|Seviper, M|
|poke|p2|Cryogonal|
|teampreview
|
|t:|1760825593
|teamsize|p1|6
|teamsize|p2|6
|start
|switch|p1a: Porygon-Z|Porygon-Z|100/100
|switch|p2a: Gligar|Gligar, F, shiny|100/100
|-ability|p1a: Porygon-Z|Download|boost
|-boost|p1a: Porygon-Z|spa|1
|turn|1
|inactive|Battle timer is ON: inactive players will automatically lose when time's up. (requested by Ghostrunner103)
|
|t:|1760825599
|move|p1a: Porygon-Z|Tri Attack|p2a: Gligar
|-damage|p2a: Gligar|10/100
|move|p2a: Gligar|Stealth Rock|p1a: Porygon-Z
|-sidestart|p1: Ghostrunner103|move: Stealth Rock
|
|upkeep
|turn|2
|
|t:|1760825606
|move|p1a: Porygon-Z|Tri Attack|p2a: Gligar
|-damage|p2a: Gligar|0 fnt
|faint|p2a: Gligar
|
|upkeep
|
|t:|1760825610
|switch|p2a: Conkeldurr|Conkeldurr, F|100/100
|turn|3
|
|t:|1760825616
|move|p1a: Porygon-Z|Tri Attack|p2a: Conkeldurr
|-damage|p2a: Conkeldurr|0 fnt
|faint|p2a: Conkeldurr
|
|upkeep
|
|t:|1760825622
|switch|p2a: Hydrapple|Hydrapple, F, shiny|100/100
|turn|4
|
|t:|1760825625
|move|p1a: Porygon-Z|Tri Attack|p2a: Hydrapple
|-damage|p2a: Hydrapple|8/100
|move|p2a: Hydrapple|Leaf Storm|p1a: Porygon-Z
|-damage|p1a: Porygon-Z|0 fnt
|-unboost|p2a: Hydrapple|spa|2
|faint|p1a: Porygon-Z
|-enditem|p2a: Hydrapple|Eject Pack
|
|t:|1760825636
|switch|p2a: Latios|Latios, M, shiny|100/100
|
|upkeep
|
|t:|1760825642
|switch|p1a: Corviknight|Corviknight, M|100/100
|-damage|p1a: Corviknight|88/100|[from] Stealth Rock
|-ability|p1a: Corviknight|Pressure
|turn|5
|
|t:|1760825651
|-terastallize|p2a: Latios|Steel
|move|p2a: Latios|Dragon Dance|p2a: Latios
|-boost|p2a: Latios|atk|1
|-boost|p2a: Latios|spe|1
|move|p1a: Corviknight|Defog|p2a: Latios
|-unboost|p2a: Latios|evasion|1
|-sideend|p1: Ghostrunner103|Stealth Rock|[from] move: Defog|[of] p1a: Corviknight
|
|upkeep
|turn|6
|
|t:|1760825659
|move|p2a: Latios|Dragon Dance|p2a: Latios
|-boost|p2a: Latios|atk|1
|-boost|p2a: Latios|spe|1
|move|p1a: Corviknight|U-turn|p2a: Latios
|-resisted|p2a: Latios
|-damage|p2a: Latios|91/100
|
|t:|1760825664
|switch|p1a: Slowking|Slowking-Galar, M|100/100|[from] U-turn
|
|upkeep
|turn|7
|l|☆Ghostrunner103
|inactive|Ghostrunner103 disconnected and has a minute to reconnect!
|player|p1|
|
|t:|1760825671
|move|p2a: Latios|Zen Headbutt|p1a: Slowking
|-damage|p1a: Slowking|9/100
|move|p1a: Slowking|Thunder Wave|p2a: Latios
|-status|p2a: Latios|par
|
|upkeep
|turn|8
|inactive|Ghostrunner103 has 30 seconds to reconnect!
|inactive|Ghostrunner103 has 20 seconds to reconnect!
|inactive|Ghostrunner103 has 15 seconds to reconnect!
|inactive|Ghostrunner103 has 10 seconds to reconnect!
|inactive|Ghostrunner103 has 5 seconds to reconnect!
|-message|Ghostrunner103 lost due to inactivity.
|
|win|yungestyeet
|raw|Ghostrunner103's rating: 1122 &rarr; <strong>1095</strong><br />(-27 for losing)
|raw|yungestyeet's rating: 1090 &rarr; <strong>1119</strong><br />(+29 for winning)
|l|☆yungestyeet
|player|p2|
