|j|☆kingklek
|j|☆Megumin's Husband
|t:|1760761125
|gametype|singles
|player|p1|kingklek|2|1615
|player|p2|Megumin's Husband|alder|1687
|gen|9
|tier|[Gen 9] OU
|rated|
|rule|HP Percentage Mod: HP is shown in percentages
|rule|Endless Battle Clause: Forcing endless battles is banned
|rule|Species Clause: Limit one of each Pokémon
|rule|OHKO Clause: OHKO moves are banned
|rule|Evasion Items Clause: Evasion items are banned
|rule|Evasion Moves Clause: Evasion moves are banned
|rule|Evasion Abilities Clause: Evasion abilities are banned
|rule|Sleep Moves Clause: Sleep-inducing moves are banned
|clearpoke
|poke|p1|Suicune|
|poke|p1|Kyurem|
|poke|p1|Pecharunt|
|poke|p1|Garganacl, M|
|poke|p1|Rillaboom, F|
|poke|p1|Corviknight, M|
|poke|p2|Pecharunt|
|poke|p2|Primarina, F|
|poke|p2|Heatran, F|
|poke|p2|Great Tusk|
|poke|p2|Weavile, F|
|poke|p2|Ogerpon, F|
|teampreview
|
|t:|1760761149
|teamsize|p1|6
|teamsize|p2|6
|start
|switch|p1a: Garganacl|Garganacl, M|100/100
|switch|p2a: Pecharunt|Pecharunt|100/100
|turn|1
|inactive|Battle timer is ON: inactive players will automatically lose when time's up. (requested by kingklek)
|inactive|Megumin's Husband has 120 seconds left.
|
|t:|1760761220
|move|p2a: Pecharunt|Shadow Ball|p1a: Garganacl
|-damage|p1a: Garganacl|92/100
|move|p1a: Garganacl|Salt Cure|p2a: Pecharunt
|-damage|p2a: Pecharunt|93/100
|-start|p2a: Pecharunt|Salt Cure
|
|-heal|p1a: Garganacl|99/100|[from] item: Leftovers
|-damage|p2a: Pecharunt|81/100|[from] Salt Cure
|upkeep
|turn|2
|
|t:|1760761250
|move|p2a: Pecharunt|Shadow Ball|p1a: Garganacl
|-damage|p1a: Garganacl|91/100
|move|p1a: Garganacl|Salt Cure|p2a: Pecharunt
|-damage|p2a: Pecharunt|75/100
|
|-heal|p1a: Garganacl|97/100|[from] item: Leftovers
|-damage|p2a: Pecharunt|62/100|[from] Salt Cure
|upkeep
|turn|3
|
|t:|1760761256
|move|p2a: Pecharunt|Parting Shot|p1a: Garganacl
|-unboost|p1a: Garganacl|atk|1
|-unboost|p1a: Garganacl|spa|1
|
|t:|1760761258
|switch|p2a: Primarina|Primarina, F|100/100|[from] Parting Shot
|move|p1a: Garganacl|Stealth Rock|p2a: Primarina
|-sidestart|p2: Megumin's Husband|move: Stealth Rock
|
|-heal|p1a: Garganacl|100/100|[from] item: Leftovers
|upkeep
|turn|4
|
|t:|1760761264
|move|p2a: Primarina|Flip Turn|p1a: Garganacl
|-supereffective|p1a: Garganacl
|-damage|p1a: Garganacl|79/100
|
|t:|1760761266
|switch|p2a: Pecharunt|Pecharunt|62/100|[from] Flip Turn
|-damage|p2a: Pecharunt|50/100|[from] Stealth Rock
|move|p1a: Garganacl|Salt Cure|p2a: Pecharunt
|-damage|p2a: Pecharunt|45/100
|-start|p2a: Pecharunt|Salt Cure
|
|-heal|p1a: Garganacl|85/100|[from] item: Leftovers
|-damage|p2a: Pecharunt|33/100|[from] Salt Cure
|upkeep
|turn|5
|
|t:|1760761274
|switch|p1a: Kyurem|Kyurem, shiny|100/100
|-ability|p1a: Kyurem|Pressure
|move|p2a: Pecharunt|Recover|p2a: Pecharunt
|-heal|p2a: Pecharunt|83/100
|
|-damage|p2a: Pecharunt|70/100|[from] Salt Cure
|upkeep
|turn|6
|
|t:|1760761278
|move|p1a: Kyurem|Earth Power|p2a: Pecharunt
|-supereffective|p2a: Pecharunt
|-damage|p2a: Pecharunt|3/100
|move|p2a: Pecharunt|Parting Shot|p1a: Kyurem
|-unboost|p1a: Kyurem|atk|1
|-unboost|p1a: Kyurem|spa|1
|-message|Megumin's Husband forfeited.
|
|win|kingklek
|raw|kingklek's rating: 1615 &rarr; <strong>1639</strong><br />(+24 for winning)
|raw|Megumin&apos;s Husband's rating: 1687 &rarr; <strong>1663</strong><br />(-24 for losing)
|l|☆Megumin's Husband
|player|p2|
|j| Champion reko
|l| Champion reko
|l|☆kingklek
|player|p1|
