|j|☆xrr rewriting
|j|‽shindig42
|t:|1760840209
|gametype|singles
|player|p1|xrr rewriting|1|1373
|player|p2|shindig42|brycen|1379
|gen|9
|tier|[Gen 9] OU
|rated|
|rule|HP Percentage Mod: HP is shown in percentages
|rule|Endless Battle Clause: Forcing endless battles is banned
|rule|Species Clause: Limit one of each Pokémon
|rule|OHKO Clause: OHKO moves are banned
|rule|Evasion Items Clause: Evasion items are banned
|rule|Evasion Moves Clause: Evasion moves are banned
|rule|Evasion Abilities Clause: Evasion abilities are banned
|rule|Sleep Moves Clause: Sleep-inducing moves are banned
|clearpoke
|poke|p1|Dragonite, M|
|poke|p1|Hatterene, F|
|poke|p1|Great Tusk|
|poke|p1|Ceruledge, F|
|poke|p1|Ting-Lu|
|poke|p1|Kyurem|
|poke|p2|Grimmsnarl, M|
|poke|p2|Ursaluna, F|
|poke|p2|Slowbro-Galar, M|
|poke|p2|Iron Hands|
|poke|p2|Kingambit, F|
|poke|p2|Enamorus-Therian, F|
|teampreview
|inactive|Battle timer is ON: inactive players will automatically lose when time's up. (requested by xrr rewriting)
|
|t:|1760840219
|teamsize|p1|6
|teamsize|p2|6
|start
|switch|p1a: Dragonite|Dragonite, M|100/100
|switch|p2a: Grimmsnarl|Grimmsnarl, M|100/100
|turn|1
|
|t:|1760840222
|-terastallize|p1a: Dragonite|Normal
|move|p1a: Dragonite|Extreme Speed|p2a: Grimmsnarl
|-damage|p2a: Grimmsnarl|45/100
|move|p2a: Grimmsnarl|Taunt|p1a: Dragonite
|-start|p1a: Dragonite|move: Taunt
|
|upkeep
|turn|2
|
|t:|1760840229
|move|p1a: Dragonite|Extreme Speed|p2a: Grimmsnarl
|-damage|p2a: Grimmsnarl|0 fnt
|faint|p2a: Grimmsnarl
|
|upkeep
|
|t:|1760840233
|switch|p2a: Iron Hands|Iron Hands|100/100
|turn|3
|-activate|p2a: Iron Hands|item: Quick Claw
|
|t:|1760840242
|switch|p1a: Hatterene|Hatterene, F|100/100
|move|p2a: Iron Hands|Ice Punch|p1a: Hatterene
|-damage|p1a: Hatterene|72/100
|
|upkeep
|turn|4
|
|t:|1760840253
|move|p2a: Iron Hands|Wild Charge|p1a: Hatterene
|-damage|p1a: Hatterene|21/100
|-damage|p2a: Iron Hands|92/100|[from] Recoil
|move|p1a: Hatterene|Draining Kiss|p2a: Iron Hands
|-supereffective|p2a: Iron Hands
|-damage|p2a: Iron Hands|47/100
|-heal|p1a: Hatterene|76/100|[from] drain|[of] p2a: Iron Hands
|
|upkeep
|turn|5
|
|t:|1760840258
|move|p2a: Iron Hands|Wild Charge|p1a: Hatterene
|-damage|p1a: Hatterene|25/100
|-damage|p2a: Iron Hands|39/100|[from] Recoil
|move|p1a: Hatterene|Draining Kiss|p2a: Iron Hands
|-supereffective|p2a: Iron Hands
|-damage|p2a: Iron Hands|0 fnt
|-heal|p1a: Hatterene|71/100|[from] drain|[of] p2a: Iron Hands
|faint|p2a: Iron Hands
|-end|p2a: Iron Hands|Quark Drive|[silent]
|
|upkeep
|
|t:|1760840262
|switch|p2a: Slowbro|Slowbro-Galar, M|100/100
|turn|6
|
|t:|1760840269
|switch|p1a: Ting-Lu|Ting-Lu|100/100
|-ability|p1a: Ting-Lu|Vessel of Ruin
|move|p2a: Slowbro|Nasty Plot|p2a: Slowbro
|-boost|p2a: Slowbro|spa|2
|
|upkeep
|turn|7
|
|t:|1760840276
|-terastallize|p2a: Slowbro|Water
|move|p1a: Ting-Lu|Earthquake|p2a: Slowbro
|-damage|p2a: Slowbro|69/100
|move|p2a: Slowbro|Surf|p1a: Ting-Lu
|-supereffective|p1a: Ting-Lu
|-damage|p1a: Ting-Lu|17/100
|
|-heal|p1a: Ting-Lu|24/100|[from] item: Leftovers
|upkeep
|turn|8
|-activate|p2a: Slowbro|ability: Quick Draw
|
|t:|1760840284
|move|p2a: Slowbro|Surf|p1a: Ting-Lu
|-supereffective|p1a: Ting-Lu
|-damage|p1a: Ting-Lu|0 fnt
|faint|p1a: Ting-Lu
|
|upkeep
|
|t:|1760840295
|switch|p1a: Dragonite|Dragonite, M, tera:Normal|100/100
|turn|9
|
|t:|1760840298
|move|p1a: Dragonite|Extreme Speed|p2a: Slowbro
|-damage|p2a: Slowbro|5/100
|move|p2a: Slowbro|Sludge Bomb|p1a: Dragonite
|-damage|p1a: Dragonite|55/100
|
|upkeep
|turn|10
|
|t:|1760840303
|move|p1a: Dragonite|Extreme Speed|p2a: Slowbro
|-damage|p2a: Slowbro|0 fnt
|faint|p2a: Slowbro
|
|upkeep
|
|t:|1760840310
|switch|p2a: Kingambit|Kingambit, F|100/100
|-activate|p2a: Kingambit|ability: Supreme Overlord
|-start|p2a: Kingambit|fallen3|[silent]
|turn|11
|
|t:|1760840315
|switch|p1a: Great Tusk|Great Tusk|100/100
|move|p2a: Kingambit|Kowtow Cleave|p1a: Great Tusk
|-resisted|p1a: Great Tusk
|-damage|p1a: Great Tusk|78/100
|
|upkeep
|turn|12
|
|t:|1760840323
|-end|p2a: Kingambit|fallen3|[silent]
|switch|p2a: Enamorus|Enamorus-Therian, F|100/100
|move|p1a: Great Tusk|Close Combat|p2a: Enamorus
|-resisted|p2a: Enamorus
|-damage|p2a: Enamorus|85/100
|-unboost|p1a: Great Tusk|def|1
|-unboost|p1a: Great Tusk|spd|1
|
|upkeep
|turn|13
|
|t:|1760840330
|-end|p1a: Great Tusk|Protosynthesis|[silent]
|switch|p1a: Hatterene|Hatterene, F|71/100
|move|p2a: Enamorus|Moonblast|p1a: Hatterene
|-damage|p1a: Hatterene|36/100
|
|upkeep
|turn|14
|
|t:|1760840335
|move|p2a: Enamorus|Calm Mind|p2a: Enamorus
|-boost|p2a: Enamorus|spa|1
|-boost|p2a: Enamorus|spd|1
|move|p1a: Hatterene|Nuzzle|p2a: Enamorus
|-supereffective|p2a: Enamorus
|-crit|p2a: Enamorus
|-damage|p2a: Enamorus|74/100
|-status|p2a: Enamorus|par
|
|upkeep
|turn|15
|
|t:|1760840338
|move|p1a: Hatterene|Psyshock|p2a: Enamorus
|-damage|p2a: Enamorus|35/100 par
|cant|p2a: Enamorus|par
|
|upkeep
|turn|16
|
|t:|1760840342
|move|p1a: Hatterene|Psyshock|p2a: Enamorus
|-damage|p2a: Enamorus|1/100 par
|cant|p2a: Enamorus|par
|
|upkeep
|turn|17
|
|t:|1760840347
|move|p1a: Hatterene|Draining Kiss|p2a: Enamorus
|-damage|p2a: Enamorus|0 fnt
|-heal|p1a: Hatterene|36/100|[from] drain|[of] p2a: Enamorus
|faint|p2a: Enamorus
|
|upkeep
|
|t:|1760840351
|switch|p2a: Ursaluna|Ursaluna, F|100/100
|turn|18
|
|t:|1760840354
|move|p2a: Ursaluna|Facade|p1a: Hatterene
|-damage|p1a: Hatterene|0 fnt
|faint|p1a: Hatterene
|
|upkeep
|
|t:|1760840358
|switch|p1a: Ceruledge|Ceruledge, F|100/100
|turn|19
|
|t:|1760840363
|move|p1a: Ceruledge|Swords Dance|p1a: Ceruledge
|-boost|p1a: Ceruledge|atk|2
|move|p2a: Ursaluna|Crunch|p1a: Ceruledge
|-supereffective|p1a: Ceruledge
|-damage|p1a: Ceruledge|10/100
|-ability|p1a: Ceruledge|Weak Armor|boost
|-unboost|p1a: Ceruledge|def|1
|-boost|p1a: Ceruledge|spe|2
|
|upkeep
|turn|20
|
|t:|1760840366
|move|p1a: Ceruledge|Close Combat|p2a: Ursaluna
|-supereffective|p2a: Ursaluna
|-damage|p2a: Ursaluna|0 fnt
|-unboost|p1a: Ceruledge|def|1
|-unboost|p1a: Ceruledge|spd|1
|faint|p2a: Ursaluna
|
|upkeep
|
|t:|1760840369
|switch|p2a: Kingambit|Kingambit, F|100/100
|-activate|p2a: Kingambit|ability: Supreme Overlord
|-start|p2a: Kingambit|fallen5|[silent]
|turn|21
|-activate|p2a: Kingambit|item: Quick Claw
|
|t:|1760840372
|move|p2a: Kingambit|Kowtow Cleave|p1a: Ceruledge
|-supereffective|p1a: Ceruledge
|-crit|p1a: Ceruledge
|-damage|p1a: Ceruledge|0 fnt
|faint|p1a: Ceruledge
|
|upkeep
|
|t:|1760840376
|switch|p1a: Great Tusk|Great Tusk|78/100
|turn|22
|
|t:|1760840381
|move|p1a: Great Tusk|Close Combat|p2a: Kingambit
|-supereffective|p2a: Kingambit
|-damage|p2a: Kingambit|0 fnt
|-unboost|p1a: Great Tusk|def|1
|-unboost|p1a: Great Tusk|spd|1
|faint|p2a: Kingambit
|-end|p2a: Kingambit|fallen5|[silent]
|
|win|xrr rewriting
|raw|xrr rewriting's rating: 1373 &rarr; <strong>1393</strong><br />(+20 for winning)
|raw|shindig42's rating: 1379 &rarr; <strong>1359</strong><br />(-20 for losing)
|l|‽shindig42
|player|p2|
