|j|☆Mr Tpen
|j|☆kingkong427
|t:|1760807150
|gametype|singles
|player|p1|Mr Tpen|1|1714
|player|p2|kingkong427|ethan|1755
|gen|9
|tier|[Gen 9] OU
|rated|
|rule|HP Percentage Mod: HP is shown in percentages
|rule|Endless Battle Clause: Forcing endless battles is banned
|rule|Species Clause: Limit one of each Pokémon
|rule|OHKO Clause: OHKO moves are banned
|rule|Evasion Items Clause: Evasion items are banned
|rule|Evasion Moves Clause: Evasion moves are banned
|rule|Evasion Abilities Clause: Evasion abilities are banned
|rule|Sleep Moves Clause: Sleep-inducing moves are banned
|clearpoke
|poke|p1|Enamorus, F|
|poke|p1|Kyurem|
|poke|p1|Landorus-Therian, M|
|poke|p1|Kingambit, F|
|poke|p1|Ogerpon-Wellspring, F|
|poke|p1|Glimmora, F|
|poke|p2|Ting-Lu|
|poke|p2|Sinistcha|
|poke|p2|Garganacl, F|
|poke|p2|Moltres|
|poke|p2|Okidogi, M|
|poke|p2|Dragonite, M|
|teampreview
|inactive|Battle timer is ON: inactive players will automatically lose when time's up. (requested by Mr Tpen)
|
|t:|1760807159
|teamsize|p1|6
|teamsize|p2|6
|start
|switch|p1a: Ogerpon|Ogerpon-Wellspring, F|100/100
|switch|p2a: Ting-Lu|Ting-Lu|100/100
|-ability|p2a: Ting-Lu|Vessel of Ruin
|turn|1
|
|t:|1760807164
|move|p1a: Ogerpon|Taunt|p2a: Ting-Lu
|-start|p2a: Ting-Lu|move: Taunt
|cant|p2a: Ting-Lu|move: Taunt|Spikes
|
|upkeep
|turn|2
|
|t:|1760807166
|move|p1a: Ogerpon|Knock Off|p2a: Ting-Lu
|-resisted|p2a: Ting-Lu
|-damage|p2a: Ting-Lu|90/100
|-enditem|p2a: Ting-Lu|Leftovers|[from] move: Knock Off|[of] p1a: Ogerpon
|move|p2a: Ting-Lu|Ruination|p1a: Ogerpon
|-damage|p1a: Ogerpon|51/100
|
|upkeep
|turn|3
|
|t:|1760807171
|switch|p2a: Sinistcha|Sinistcha|100/100
|move|p1a: Ogerpon|Ivy Cudgel|p2a: Sinistcha|[anim] Ivy Cudgel Water
|-resisted|p2a: Sinistcha
|-damage|p2a: Sinistcha|82/100
|
|upkeep
|turn|4
|
|t:|1760807174
|move|p1a: Ogerpon|Knock Off|p2a: Sinistcha
|-supereffective|p2a: Sinistcha
|-crit|p2a: Sinistcha
|-damage|p2a: Sinistcha|7/100
|-enditem|p2a: Sinistcha|Heavy-Duty Boots|[from] move: Knock Off|[of] p1a: Ogerpon
|move|p2a: Sinistcha|Matcha Gotcha|p1a: Ogerpon
|-damage|p1a: Ogerpon|10/100
|-heal|p2a: Sinistcha|24/100|[from] drain|[of] p1a: Ogerpon
|
|upkeep
|turn|5
|
|t:|1760807181
|move|p1a: Ogerpon|Ivy Cudgel|p2a: Sinistcha|[anim] Ivy Cudgel Water
|-resisted|p2a: Sinistcha
|-crit|p2a: Sinistcha
|-damage|p2a: Sinistcha|0 fnt
|faint|p2a: Sinistcha
|
|upkeep
|
|t:|1760807185
|switch|p2a: Dragonite|Dragonite, M|100/100
|turn|6
|
|t:|1760807188
|move|p1a: Ogerpon|U-turn|p2a: Dragonite
|-resisted|p2a: Dragonite
|-damage|p2a: Dragonite|94/100
|
|t:|1760807190
|switch|p1a: Landorus|Landorus-Therian, M|100/100|[from] U-turn
|-ability|p1a: Landorus|Intimidate|boost
|-unboost|p2a: Dragonite|atk|1
|move|p2a: Dragonite|Dragon Tail|p1a: Landorus
|-damage|p1a: Landorus|77/100
|-damage|p2a: Dragonite|77/100|[from] item: Rocky Helmet|[of] p1a: Landorus
|drag|p1a: Ogerpon|Ogerpon-Wellspring, F|10/100
|
|upkeep
|turn|7
|
|t:|1760807194
|switch|p1a: Landorus|Landorus-Therian, M|77/100
|-ability|p1a: Landorus|Intimidate|boost
|-unboost|p2a: Dragonite|atk|1
|move|p2a: Dragonite|Extreme Speed|p1a: Landorus
|-damage|p1a: Landorus|63/100
|-damage|p2a: Dragonite|61/100|[from] item: Rocky Helmet|[of] p1a: Landorus
|
|upkeep
|turn|8
|
|t:|1760807201
|move|p1a: Landorus|Stealth Rock|p2a: Dragonite
|-sidestart|p2: kingkong427|move: Stealth Rock
|move|p2a: Dragonite|Roost|p2a: Dragonite
|-heal|p2a: Dragonite|100/100
|-singleturn|p2a: Dragonite|move: Roost
|
|upkeep
|turn|9
|
|t:|1760807209
|move|p1a: Landorus|Taunt|p2a: Dragonite
|-start|p2a: Dragonite|move: Taunt
|move|p2a: Dragonite|Dragon Tail|p1a: Landorus
|-damage|p1a: Landorus|46/100
|-damage|p2a: Dragonite|84/100|[from] item: Rocky Helmet|[of] p1a: Landorus
|drag|p1a: Kingambit|Kingambit, F|100/100
|-item|p1a: Kingambit|Air Balloon
|
|upkeep
|turn|10
|
|t:|1760807216
|-end|p1a: Kingambit|fallenundefined|[silent]
|switch|p1a: Ogerpon|Ogerpon-Wellspring, F|10/100
|move|p2a: Dragonite|Low Kick|p1a: Ogerpon
|-damage|p1a: Ogerpon|0 fnt
|faint|p1a: Ogerpon
|
|upkeep
|
|t:|1760807223
|switch|p1a: Landorus|Landorus-Therian, M|46/100
|-ability|p1a: Landorus|Intimidate|boost
|-unboost|p2a: Dragonite|atk|1
|turn|11
|
|t:|1760807226
|switch|p2a: Moltres|Moltres|100/100
|move|p1a: Landorus|Smack Down|p2a: Moltres
|-supereffective|p2a: Moltres
|-damage|p2a: Moltres|60/100
|-start|p2a: Moltres|Smack Down
|
|upkeep
|turn|12
|
|t:|1760807230
|switch|p2a: Ting-Lu|Ting-Lu|90/100
|-damage|p2a: Ting-Lu|84/100|[from] Stealth Rock
|-ability|p2a: Ting-Lu|Vessel of Ruin
|move|p1a: Landorus|Earthquake|p2a: Ting-Lu
|-damage|p2a: Ting-Lu|56/100
|
|upkeep
|turn|13
|
|t:|1760807232
|move|p1a: Landorus|Taunt|p2a: Ting-Lu
|-start|p2a: Ting-Lu|move: Taunt
|move|p2a: Ting-Lu|Ruination|p1a: Landorus
|-damage|p1a: Landorus|23/100
|
|upkeep
|turn|14
|
|t:|1760807238
|switch|p2a: Dragonite|Dragonite, M|84/100
|move|p1a: Landorus|Earthquake|p2a: Dragonite
|-immune|p2a: Dragonite
|
|upkeep
|turn|15
|
|t:|1760807241
|switch|p1a: Glimmora|Glimmora, F|100/100
|move|p2a: Dragonite|Roost|p2a: Dragonite
|-heal|p2a: Dragonite|100/100
|-singleturn|p2a: Dragonite|move: Roost
|
|upkeep
|turn|16
|
|t:|1760807244
|switch|p2a: Ting-Lu|Ting-Lu|56/100
|-damage|p2a: Ting-Lu|50/100|[from] Stealth Rock
|-ability|p2a: Ting-Lu|Vessel of Ruin
|move|p1a: Glimmora|Mortal Spin|p2a: Ting-Lu
|-resisted|p2a: Ting-Lu
|-damage|p2a: Ting-Lu|48/100
|-status|p2a: Ting-Lu|psn
|
|-damage|p2a: Ting-Lu|36/100 psn|[from] psn
|upkeep
|turn|17
|
|t:|1760807250
|move|p1a: Glimmora|Spikes|p2a: Ting-Lu
|-sidestart|p2: kingkong427|Spikes
|move|p2a: Ting-Lu|Spikes|p1a: Glimmora
|-sidestart|p1: Mr Tpen|Spikes
|
|-damage|p2a: Ting-Lu|23/100 psn|[from] psn
|upkeep
|turn|18
|
|t:|1760807252
|move|p1a: Glimmora|Mortal Spin|p2a: Ting-Lu
|-resisted|p2a: Ting-Lu
|-damage|p2a: Ting-Lu|22/100 psn
|-sideend|p1: Mr Tpen|Spikes|[from] move: Mortal Spin|[of] p1a: Glimmora
|move|p2a: Ting-Lu|Earthquake|p1a: Glimmora
|-supereffective|p1a: Glimmora
|-damage|p1a: Glimmora|0 fnt
|-activate|p1a: Glimmora|ability: Toxic Debris
|-sidestart|p2: kingkong427|move: Toxic Spikes
|faint|p1a: Glimmora
|
|-damage|p2a: Ting-Lu|9/100 psn|[from] psn
|upkeep
|
|t:|1760807256
|switch|p1a: Enamorus|Enamorus, F|100/100
|turn|19
|
|t:|1760807258
|-terastallize|p1a: Enamorus|Stellar
|move|p1a: Enamorus|Tera Blast|p2a: Ting-Lu|[anim] Tera Blast Stellar
|-damage|p2a: Ting-Lu|0 fnt
|-boost|p1a: Enamorus|atk|1
|-boost|p1a: Enamorus|spa|1
|faint|p2a: Ting-Lu
|
|upkeep
|
|t:|1760807260
|switch|p2a: Okidogi|Okidogi, M|100/100
|-damage|p2a: Okidogi|94/100|[from] Stealth Rock
|-damage|p2a: Okidogi|82/100|[from] Spikes
|-sideend|p2: kingkong427|move: Toxic Spikes|[of] p2a: Okidogi
|turn|20
|
|t:|1760807263
|move|p1a: Enamorus|Earth Power|p2a: Okidogi
|-supereffective|p2a: Okidogi
|-damage|p2a: Okidogi|0 fnt
|faint|p2a: Okidogi
|
|upkeep
|
|t:|1760807273
|switch|p2a: Garganacl|Garganacl, F|100/100
|-damage|p2a: Garganacl|88/100|[from] Stealth Rock
|-damage|p2a: Garganacl|76/100|[from] Spikes
|turn|21
|
|t:|1760807279
|move|p2a: Garganacl|Protect|p2a: Garganacl
|-singleturn|p2a: Garganacl|Protect
|move|p1a: Enamorus|Superpower|p2a: Garganacl
|-activate|p2a: Garganacl|move: Protect
|
|-heal|p2a: Garganacl|82/100|[from] item: Leftovers
|upkeep
|turn|22
|
|t:|1760807295
|move|p1a: Enamorus|Tera Blast|p2a: Garganacl|[anim] Tera Blast Stellar
|-damage|p2a: Garganacl|48/100
|-boost|p1a: Enamorus|atk|1
|-boost|p1a: Enamorus|spa|1
|move|p2a: Garganacl|Salt Cure|p1a: Enamorus
|-supereffective|p1a: Enamorus
|-damage|p1a: Enamorus|58/100
|-start|p1a: Enamorus|Salt Cure
|
|-heal|p2a: Garganacl|54/100|[from] item: Leftovers
|-damage|p1a: Enamorus|46/100|[from] Salt Cure
|upkeep
|turn|23
|
|t:|1760807299
|switch|p1a: Landorus|Landorus-Therian, M|23/100
|-ability|p1a: Landorus|Intimidate|boost
|-unboost|p2a: Garganacl|atk|1
|move|p2a: Garganacl|Protect||[still]
|-fail|p2a: Garganacl
|
|-heal|p2a: Garganacl|60/100|[from] item: Leftovers
|upkeep
|turn|24
|
|t:|1760807311
|move|p1a: Landorus|Earthquake|p2a: Garganacl
|-supereffective|p2a: Garganacl
|-damage|p2a: Garganacl|0 fnt
|faint|p2a: Garganacl
|
|upkeep
|
|t:|1760807313
|switch|p2a: Dragonite|Dragonite, M|100/100
|turn|25
|
|t:|1760807321
|move|p1a: Landorus|Smack Down|p2a: Dragonite
|-supereffective|p2a: Dragonite
|-damage|p2a: Dragonite|85/100
|-start|p2a: Dragonite|Smack Down
|move|p2a: Dragonite|Dragon Tail|p1a: Landorus
|-damage|p1a: Landorus|0 fnt
|-damage|p2a: Dragonite|68/100|[from] item: Rocky Helmet|[of] p1a: Landorus
|faint|p1a: Landorus
|
|upkeep
|
|t:|1760807329
|switch|p1a: Kyurem|Kyurem|100/100
|-ability|p1a: Kyurem|Pressure
|turn|26
|
|t:|1760807334
|-terastallize|p2a: Dragonite|Normal
|move|p1a: Kyurem|Ice Beam|p2a: Dragonite
|-damage|p2a: Dragonite|20/100
|move|p2a: Dragonite|Low Kick|p1a: Kyurem
|-supereffective|p1a: Kyurem
|-damage|p1a: Kyurem|3/100
|
|upkeep
|turn|27
|
|t:|1760807339
|move|p2a: Dragonite|Extreme Speed|p1a: Kyurem
|-damage|p1a: Kyurem|0 fnt
|faint|p1a: Kyurem
|
|upkeep
|
|t:|1760807343
|switch|p1a: Kingambit|Kingambit, F|100/100
|-activate|p1a: Kingambit|ability: Supreme Overlord
|-start|p1a: Kingambit|fallen4|[silent]
|-item|p1a: Kingambit|Air Balloon
|turn|28
|
|t:|1760807347
|move|p1a: Kingambit|Low Kick|p2a: Dragonite
|-supereffective|p2a: Dragonite
|-damage|p2a: Dragonite|0 fnt
|faint|p2a: Dragonite
|
|upkeep
|
|t:|1760807348
|switch|p2a: Moltres|Moltres|60/100
|turn|29
|
|t:|1760807353
|move|p2a: Moltres|Roost|p2a: Moltres
|-heal|p2a: Moltres|100/100
|-singleturn|p2a: Moltres|move: Roost
|move|p1a: Kingambit|Swords Dance|p1a: Kingambit
|-boost|p1a: Kingambit|atk|2
|
|upkeep
|turn|30
|
|t:|1760807355
|move|p1a: Kingambit|Sucker Punch||[still]
|-fail|p1a: Kingambit
|move|p2a: Moltres|Will-O-Wisp|p1a: Kingambit
|-status|p1a: Kingambit|brn
|
|-damage|p1a: Kingambit|94/100 brn|[from] brn
|upkeep
|turn|31
|
|t:|1760807358
|move|p2a: Moltres|Flamethrower|p1a: Kingambit
|-supereffective|p1a: Kingambit
|-damage|p1a: Kingambit|15/100 brn
|-enditem|p1a: Kingambit|Air Balloon
|move|p1a: Kingambit|Swords Dance|p1a: Kingambit
|-boost|p1a: Kingambit|atk|2
|
|-damage|p1a: Kingambit|8/100 brn|[from] brn
|upkeep
|turn|32
|
|t:|1760807365
|move|p2a: Moltres|Flamethrower|p1a: Kingambit
|-supereffective|p1a: Kingambit
|-damage|p1a: Kingambit|0 fnt
|faint|p1a: Kingambit
|-end|p1a: Kingambit|fallen4|[silent]
|
|upkeep
|
|t:|1760807366
|switch|p1a: Enamorus|Enamorus, F, tera:Stellar|46/100
|turn|33
|
|t:|1760807368
|move|p1a: Enamorus|Tera Blast|p2a: Moltres|[anim] Tera Blast Stellar
|-damage|p2a: Moltres|66/100
|-boost|p1a: Enamorus|atk|1
|-boost|p1a: Enamorus|spa|1
|move|p2a: Moltres|Flamethrower|p1a: Enamorus
|-damage|p1a: Enamorus|0 fnt
|faint|p1a: Enamorus
|
|win|kingkong427
|raw|Mr Tpen's rating: 1714 &rarr; <strong>1696</strong><br />(-18 for losing)
|raw|kingkong427's rating: 1755 &rarr; <strong>1773</strong><br />(+18 for winning)
|l|☆kingkong427
|player|p2|
|l|☆Mr Tpen
|player|p1|
