|badge|p1|silver|gen9ou|30-7
|uhtml|medal-msg|<div class="broadcast-blue">Curious what those medals under the avatar are? PS now has Ladder Seasons! For more information, check out the <a href="https://www.smogon.com/forums/threads/3740067/">thread on Smogon.</a></div>
|j|☆jeandonis02
|j|☆mansonabuluting
|t:|1760741418
|gametype|singles
|player|p1|jeandonis02|lucas|1970
|player|p2|mansonabuluting|bellelba|1857
|gen|9
|tier|[Gen 9] OU
|rated|
|rule|HP Percentage Mod: HP is shown in percentages
|rule|Endless Battle Clause: Forcing endless battles is banned
|rule|Species Clause: Limit one of each Pokémon
|rule|OHKO Clause: OHKO moves are banned
|rule|Evasion Items Clause: Evasion items are banned
|rule|Evasion Moves Clause: Evasion moves are banned
|rule|Evasion Abilities Clause: Evasion abilities are banned
|rule|Sleep Moves Clause: Sleep-inducing moves are banned
|clearpoke
|poke|p1|Garchomp, M|
|poke|p1|Ditto|
|poke|p1|Ceruledge, M|
|poke|p1|Great Tusk|
|poke|p1|Dragapult, F|
|poke|p1|Toxapex, F|
|poke|p2|Rillaboom, M|
|poke|p2|Hawlucha, M|
|poke|p2|Thundurus-Therian, M|
|poke|p2|Great Tusk|
|poke|p2|Volcanion|
|poke|p2|Goodra-Hisui, M|
|teampreview
|
|t:|1760741426
|teamsize|p1|6
|teamsize|p2|6
|start
|switch|p1a: Garchomp|Garchomp, M|100/100
|switch|p2a: Thundurus|Thundurus-Therian, M|100/100
|turn|1
|
|t:|1760741434
|switch|p2a: Great Tusk|Great Tusk|100/100
|move|p1a: Garchomp|Outrage|p2a: Great Tusk
|-damage|p2a: Great Tusk|57/100
|-damage|p1a: Garchomp|84/100|[from] item: Rocky Helmet|[of] p2a: Great Tusk
|
|upkeep
|turn|2
|
|t:|1760741438
|move|p1a: Garchomp|Outrage|p2a: Great Tusk|[from] lockedmove
|-damage|p2a: Great Tusk|13/100
|-damage|p1a: Garchomp|68/100|[from] item: Rocky Helmet|[of] p2a: Great Tusk
|-start|p1a: Garchomp|confusion|[fatigue]
|move|p2a: Great Tusk|Stealth Rock|p1a: Garchomp
|-sidestart|p1: jeandonis02|move: Stealth Rock
|
|upkeep
|turn|3
|
|t:|1760741442
|switch|p1a: Great Tusk|Great Tusk|100/100
|move|p2a: Great Tusk|Ice Spinner|p1a: Great Tusk
|-supereffective|p1a: Great Tusk
|-damage|p1a: Great Tusk|76/100
|
|upkeep
|turn|4
|
|t:|1760741449
|-end|p2a: Great Tusk|Protosynthesis|[silent]
|switch|p2a: Thundurus|Thundurus-Therian, M|100/100
|move|p1a: Great Tusk|Rapid Spin|p2a: Thundurus
|-damage|p2a: Thundurus|76/100
|-boost|p1a: Great Tusk|spe|1
|-sideend|p1: jeandonis02|Stealth Rock|[from] move: Rapid Spin|[of] p1a: Great Tusk
|
|upkeep
|turn|5
|j| MaybeIllusion
|
|t:|1760741459
|move|p2a: Thundurus|Grass Knot|p1a: Great Tusk
|-supereffective|p1a: Great Tusk
|-damage|p1a: Great Tusk|0 fnt
|faint|p1a: Great Tusk
|-end|p1a: Great Tusk|Protosynthesis|[silent]
|
|upkeep
|l| MaybeIllusion
|
|t:|1760741461
|switch|p1a: Dragapult|Dragapult, F|100/100
|turn|6
|
|t:|1760741472
|switch|p2a: Great Tusk|Great Tusk|13/100
|move|p1a: Dragapult|Substitute|p1a: Dragapult
|-start|p1a: Dragapult|Substitute
|-damage|p1a: Dragapult|76/100
|
|-heal|p1a: Dragapult|82/100|[from] item: Leftovers
|upkeep
|turn|7
|
|t:|1760741475
|move|p1a: Dragapult|Dragon Darts|p2a: Great Tusk
|-crit|p2a: Great Tusk
|-damage|p2a: Great Tusk|0 fnt
|faint|p2a: Great Tusk
|-end|p2a: Great Tusk|Protosynthesis|[silent]
|
|-heal|p1a: Dragapult|88/100|[from] item: Leftovers
|upkeep
|inactive|Battle timer is ON: inactive players will automatically lose when time's up. (requested by jeandonis02)
|
|t:|1760741484
|switch|p2a: Rillaboom|Rillaboom, M|100/100
|-fieldstart|move: Grassy Terrain|[from] ability: Grassy Surge|[of] p2a: Rillaboom
|turn|8
|
|t:|1760741489
|move|p2a: Rillaboom|Grassy Glide|p1a: Dragapult
|-resisted|p1a: Dragapult
|-end|p1a: Dragapult|Substitute
|move|p1a: Dragapult|Dragon Darts|p2a: Rillaboom
|-damage|p2a: Rillaboom|77/100
|-anim|p1a: Dragapult|Dragon Darts|p2a: Rillaboom
|-damage|p2a: Rillaboom|55/100
|
|-heal|p1a: Dragapult|94/100|[from] Grassy Terrain
|-heal|p1a: Dragapult|100/100|[from] item: Leftovers
|-heal|p2a: Rillaboom|61/100|[from] Grassy Terrain
|upkeep
|turn|9
|
|t:|1760741499
|move|p2a: Rillaboom|Grassy Glide|p1a: Dragapult
|-resisted|p1a: Dragapult
|-damage|p1a: Dragapult|68/100
|move|p1a: Dragapult|Substitute|p1a: Dragapult
|-start|p1a: Dragapult|Substitute
|-damage|p1a: Dragapult|43/100
|
|-heal|p1a: Dragapult|50/100|[from] Grassy Terrain
|-heal|p1a: Dragapult|56/100|[from] item: Leftovers
|-heal|p2a: Rillaboom|67/100|[from] Grassy Terrain
|upkeep
|turn|10
|
|t:|1760741504
|move|p2a: Rillaboom|Grassy Glide|p1a: Dragapult
|-resisted|p1a: Dragapult
|-end|p1a: Dragapult|Substitute
|move|p1a: Dragapult|Dragon Dance|p1a: Dragapult
|-boost|p1a: Dragapult|atk|1
|-boost|p1a: Dragapult|spe|1
|
|-heal|p1a: Dragapult|62/100|[from] Grassy Terrain
|-heal|p1a: Dragapult|68/100|[from] item: Leftovers
|-heal|p2a: Rillaboom|73/100|[from] Grassy Terrain
|upkeep
|turn|11
|j| Nikator98
|inactive|mansonabuluting has 120 seconds left.
|
|t:|1760741554
|switch|p2a: Thundurus|Thundurus-Therian, M|76/100
|move|p1a: Dragapult|Dragon Darts|p2a: Thundurus
|-damage|p2a: Thundurus|20/100
|-anim|p1a: Dragapult|Dragon Darts|p2a: Thundurus
|-damage|p2a: Thundurus|0 fnt
|faint|p2a: Thundurus
|
|-heal|p1a: Dragapult|74/100|[from] Grassy Terrain
|-heal|p1a: Dragapult|81/100|[from] item: Leftovers
|upkeep
|
|t:|1760741566
|switch|p2a: Hawlucha|Hawlucha, M|100/100
|-enditem|p2a: Hawlucha|Grassy Seed
|-boost|p2a: Hawlucha|def|1|[from] item: Grassy Seed
|turn|12
|
|t:|1760741572
|move|p2a: Hawlucha|Acrobatics|p1a: Dragapult
|-damage|p1a: Dragapult|22/100
|move|p1a: Dragapult|Dragon Darts|p2a: Hawlucha
|-damage|p2a: Hawlucha|72/100
|-anim|p1a: Dragapult|Dragon Darts|p2a: Hawlucha
|-damage|p2a: Hawlucha|43/100
|
|-heal|p1a: Dragapult|28/100|[from] Grassy Terrain
|-heal|p1a: Dragapult|34/100|[from] item: Leftovers
|-fieldend|move: Grassy Terrain
|upkeep
|turn|13
|
|t:|1760741579
|switch|p1a: Toxapex|Toxapex, F|100/100
|move|p2a: Hawlucha|Acrobatics|p1a: Toxapex
|-damage|p1a: Toxapex|60/100
|
|-heal|p1a: Toxapex|66/100|[from] item: Leftovers
|upkeep
|turn|14
|
|t:|1760741584
|move|p2a: Hawlucha|Substitute|p2a: Hawlucha
|-start|p2a: Hawlucha|Substitute
|-damage|p2a: Hawlucha|18/100
|move|p1a: Toxapex|Toxic||[still]
|-fail|p1a: Toxapex
|
|-heal|p1a: Toxapex|73/100|[from] item: Leftovers
|upkeep
|turn|15
|
|t:|1760741588
|move|p2a: Hawlucha|Swords Dance|p2a: Hawlucha
|-boost|p2a: Hawlucha|atk|2
|move|p1a: Toxapex|Haze|p1a: Toxapex
|-clearallboost
|
|-heal|p1a: Toxapex|79/100|[from] item: Leftovers
|upkeep
|turn|16
|
|t:|1760741591
|move|p2a: Hawlucha|Swords Dance|p2a: Hawlucha
|-boost|p2a: Hawlucha|atk|2
|move|p1a: Toxapex|Ice Beam|p2a: Hawlucha
|-supereffective|p2a: Hawlucha
|-end|p2a: Hawlucha|Substitute
|
|-heal|p1a: Toxapex|85/100|[from] item: Leftovers
|upkeep
|turn|17
|
|t:|1760741595
|move|p2a: Hawlucha|Acrobatics|p1a: Toxapex
|-damage|p1a: Toxapex|6/100
|move|p1a: Toxapex|Ice Beam|p2a: Hawlucha
|-supereffective|p2a: Hawlucha
|-damage|p2a: Hawlucha|0 fnt
|faint|p2a: Hawlucha
|
|-heal|p1a: Toxapex|12/100|[from] item: Leftovers
|upkeep
|
|t:|1760741601
|switch|p2a: Rillaboom|Rillaboom, M|73/100
|-fieldstart|move: Grassy Terrain|[from] ability: Grassy Surge|[of] p2a: Rillaboom
|turn|18
|
|t:|1760741610
|move|p1a: Toxapex|Baneful Bunker|p1a: Toxapex
|-singleturn|p1a: Toxapex|move: Protect
|move|p2a: Rillaboom|Grassy Glide|p1a: Toxapex
|-activate|p1a: Toxapex|move: Protect
|-status|p2a: Rillaboom|psn
|
|-heal|p2a: Rillaboom|79/100 psn|[from] Grassy Terrain
|-heal|p1a: Toxapex|18/100|[from] Grassy Terrain
|-heal|p1a: Toxapex|25/100|[from] item: Leftovers
|-damage|p2a: Rillaboom|67/100 psn|[from] psn
|upkeep
|turn|19
|
|t:|1760741620
|switch|p1a: Ditto|Ditto|100/100
|-transform|p1a: Ditto|p2a: Rillaboom|[from] ability: Imposter
|move|p2a: Rillaboom|Grassy Glide|p1a: Ditto
|-resisted|p1a: Ditto
|-damage|p1a: Ditto|62/100
|
|-heal|p1a: Ditto|68/100|[from] Grassy Terrain
|-heal|p2a: Rillaboom|73/100 psn|[from] Grassy Terrain
|-damage|p2a: Rillaboom|61/100 psn|[from] psn
|upkeep
|turn|20
|
|t:|1760741626
|switch|p2a: Goodra|Goodra-Hisui, M|100/100
|move|p1a: Ditto|U-turn|p2a: Goodra
|-resisted|p2a: Goodra
|-damage|p2a: Goodra|87/100
|-ability|p2a: Goodra|Gooey
|-unboost|p1a: Ditto|spe|1
|
|t:|1760741630
|switch|p1a: Garchomp|Garchomp, M|68/100|[from] U-turn
|
|-heal|p1a: Garchomp|74/100|[from] Grassy Terrain
|-heal|p2a: Goodra|93/100|[from] Grassy Terrain
|upkeep
|turn|21
|
|t:|1760741638
|move|p1a: Garchomp|Outrage|p2a: Goodra
|-damage|p2a: Goodra|4/100
|-ability|p2a: Goodra|Gooey
|-unboost|p1a: Garchomp|spe|1
|move|p2a: Goodra|Draco Meteor|p1a: Garchomp
|-supereffective|p1a: Garchomp
|-damage|p1a: Garchomp|0 fnt
|-unboost|p2a: Goodra|spa|2
|faint|p1a: Garchomp
|
|-heal|p2a: Goodra|10/100|[from] Grassy Terrain
|upkeep
|
|t:|1760741643
|switch|p1a: Dragapult|Dragapult, F|34/100
|turn|22
|
|t:|1760741655
|move|p1a: Dragapult|Dragon Darts|p2a: Goodra
|-damage|p2a: Goodra|0 fnt
|faint|p2a: Goodra
|
|-heal|p1a: Dragapult|41/100|[from] Grassy Terrain
|-heal|p1a: Dragapult|47/100|[from] item: Leftovers
|-fieldend|move: Grassy Terrain
|upkeep
|
|t:|1760741667
|switch|p2a: Rillaboom|Rillaboom, M|61/100 psn
|-fieldstart|move: Grassy Terrain|[from] ability: Grassy Surge|[of] p2a: Rillaboom
|turn|23
|
|t:|1760741673
|-terastallize|p2a: Rillaboom|Grass
|move|p2a: Rillaboom|Grassy Glide|p1a: Dragapult
|-resisted|p1a: Dragapult
|-damage|p1a: Dragapult|0 fnt
|faint|p1a: Dragapult
|
|-heal|p2a: Rillaboom|67/100 psn|[from] Grassy Terrain
|-damage|p2a: Rillaboom|55/100 psn|[from] psn
|upkeep
|
|t:|1760741679
|switch|p1a: Ceruledge|Ceruledge, M|100/100
|turn|24
|
|t:|1760741682
|switch|p2a: Volcanion|Volcanion|100/100
|move|p1a: Ceruledge|Bitter Blade|p2a: Volcanion
|-resisted|p2a: Volcanion
|-damage|p2a: Volcanion|91/100
|
|-heal|p2a: Volcanion|97/100|[from] Grassy Terrain
|upkeep
|turn|25
|
|t:|1760741686
|move|p1a: Ceruledge|Close Combat|p2a: Volcanion
|-damage|p2a: Volcanion|64/100
|-unboost|p1a: Ceruledge|def|1
|-unboost|p1a: Ceruledge|spd|1
|move|p2a: Volcanion|Earth Power|p1a: Ceruledge
|-supereffective|p1a: Ceruledge
|-enditem|p1a: Ceruledge|Focus Sash
|-damage|p1a: Ceruledge|1/100
|
|-heal|p1a: Ceruledge|7/100|[from] Grassy Terrain
|-heal|p2a: Volcanion|70/100|[from] Grassy Terrain
|upkeep
|turn|26
|
|t:|1760741690
|move|p1a: Ceruledge|Close Combat|p2a: Volcanion
|-damage|p2a: Volcanion|36/100
|-unboost|p1a: Ceruledge|def|1
|-unboost|p1a: Ceruledge|spd|1
|move|p2a: Volcanion|Earth Power|p1a: Ceruledge
|-supereffective|p1a: Ceruledge
|-crit|p1a: Ceruledge
|-damage|p1a: Ceruledge|0 fnt
|faint|p1a: Ceruledge
|
|-heal|p2a: Volcanion|42/100|[from] Grassy Terrain
|upkeep
|
|t:|1760741694
|switch|p1a: Toxapex|Toxapex, F|58/100
|turn|27
|
|t:|1760741710
|move|p2a: Volcanion|Earth Power|p1a: Toxapex
|-supereffective|p1a: Toxapex
|-damage|p1a: Toxapex|0 fnt
|faint|p1a: Toxapex
|
|-heal|p2a: Volcanion|48/100|[from] Grassy Terrain
|-fieldend|move: Grassy Terrain
|upkeep
|
|t:|1760741712
|switch|p1a: Ditto|Ditto|68/100
|-transform|p1a: Ditto|p2a: Volcanion|[from] ability: Imposter
|turn|28
|
|t:|1760741718
|move|p1a: Ditto|Earth Power|p2a: Volcanion
|-supereffective|p2a: Volcanion
|-damage|p2a: Volcanion|0 fnt
|faint|p2a: Volcanion
|
|upkeep
|
|t:|1760741720
|switch|p2a: Rillaboom|Rillaboom, M, tera:Grass|55/100 psn
|-fieldstart|move: Grassy Terrain|[from] ability: Grassy Surge|[of] p2a: Rillaboom
|turn|29
|
|t:|1760741726
|move|p1a: Ditto|Earth Power|p2a: Rillaboom
|-resisted|p2a: Rillaboom
|-damage|p2a: Rillaboom|35/100 psn
|move|p2a: Rillaboom|Wood Hammer|p1a: Ditto
|-damage|p1a: Ditto|0 fnt
|faint|p1a: Ditto
|-damage|p2a: Rillaboom|18/100 psn|[from] Recoil
|
|win|mansonabuluting
|raw|jeandonis02's rating: 1970 &rarr; <strong>1944</strong><br />(-26 for losing)
|raw|mansonabuluting's rating: 1857 &rarr; <strong>1883</strong><br />(+26 for winning)
|l|☆jeandonis02
|player|p1|
|c|☆mansonabuluting|gg
|l|☆mansonabuluting
|player|p2|
