|j|☆idnvu
|j|☆healboy009
|t:|1760770363
|gametype|singles
|player|p1|idnvu|cynthia|1321
|player|p2|healboy009|backpacker|1355
|gen|9
|tier|[Gen 9] OU
|rated|
|rule|HP Percentage Mod: HP is shown in percentages
|rule|Endless Battle Clause: Forcing endless battles is banned
|rule|Species Clause: Limit one of each Pokémon
|rule|OHKO Clause: OHKO moves are banned
|rule|Evasion Items Clause: Evasion items are banned
|rule|Evasion Moves Clause: Evasion moves are banned
|rule|Evasion Abilities Clause: Evasion abilities are banned
|rule|Sleep Moves Clause: Sleep-inducing moves are banned
|clearpoke
|poke|p1|Deoxys-Speed|
|poke|p1|Dragonite, F|
|poke|p1|Darkrai|
|poke|p1|Iron Moth|
|poke|p1|Scizor, F|
|poke|p1|Great Tusk|
|poke|p2|Gallade, M|
|poke|p2|Blaziken, F|
|poke|p2|Samurott-Hisui, F|
|poke|p2|Greninja-*, M|
|poke|p2|Ogerpon, F|
|poke|p2|Typhlosion-Hisui, M|
|teampreview
|
|t:|1760770371
|teamsize|p1|6
|teamsize|p2|6
|start
|switch|p1a: 2hollis|Scizor, F, shiny|100/100
|switch|p2a: Gallade|Gallade, M|100/100
|turn|1
|inactive|Battle timer is ON: inactive players will automatically lose when time's up. (requested by healboy009)
|
|t:|1760770384
|move|p2a: Gallade|Night Slash|p1a: 2hollis
|-damage|p1a: 2hollis|66/100
|move|p1a: 2hollis|U-turn|p2a: Gallade
|-damage|p2a: Gallade|0 fnt
|faint|p2a: Gallade
|
|t:|1760770399
|switch|p1a: Great Tusk|Great Tusk, shiny|100/100|[from] U-turn
|-enditem|p1a: Great Tusk|Booster Energy
|-activate|p1a: Great Tusk|ability: Protosynthesis|[fromitem]
|-start|p1a: Great Tusk|protosynthesisspe
|
|upkeep
|
|t:|1760770405
|switch|p2a: Greninja|Greninja, M|100/100
|turn|2
|
|t:|1760770414
|move|p1a: Great Tusk|Headlong Rush|p2a: Greninja
|-damage|p2a: Greninja|8/100
|-unboost|p1a: Great Tusk|def|1
|-unboost|p1a: Great Tusk|spd|1
|move|p2a: Greninja|Hydro Pump|p1a: Great Tusk|[miss]
|-miss|p2a: Greninja|p1a: Great Tusk
|
|upkeep
|turn|3
|
|t:|1760770422
|move|p2a: Greninja|Water Shuriken|p1a: Great Tusk
|-supereffective|p1a: Great Tusk
|-damage|p1a: Great Tusk|66/100
|-supereffective|p1a: Great Tusk
|-damage|p1a: Great Tusk|31/100
|-hitcount|p1a: Great Tusk|2
|-damage|p2a: Greninja|0 fnt|[from] item: Life Orb
|faint|p2a: Greninja
|move|p1a: Great Tusk|Rapid Spin|p2: Greninja|[notarget]
|-fail|p1a: Great Tusk
|
|upkeep
|
|t:|1760770434
|switch|p2a: Ogerpon|Ogerpon, F|100/100
|turn|4
|
|t:|1760770440
|-terastallize|p2a: Ogerpon|Grass
|detailschange|p2a: Ogerpon|Ogerpon-Teal-Tera, F, tera:Grass
|-ability|p2a: Ogerpon|Embody Aspect (Teal)|boost
|-boost|p2a: Ogerpon|spe|1
|move|p2a: Ogerpon|Ivy Cudgel|p1a: Great Tusk
|-supereffective|p1a: Great Tusk
|-damage|p1a: Great Tusk|0 fnt
|faint|p1a: Great Tusk
|-end|p1a: Great Tusk|Protosynthesis|[silent]
|
|upkeep
|inactive|idnvu has 120 seconds left.
|
|t:|1760770470
|switch|p1a: 2hollis|Scizor, F, shiny|66/100
|turn|5
|
|t:|1760770477
|move|p2a: Ogerpon|Knock Off|p1a: 2hollis
|-crit|p1a: 2hollis
|-damage|p1a: 2hollis|22/100
|-enditem|p1a: 2hollis|Choice Band|[from] move: Knock Off|[of] p2a: Ogerpon
|move|p1a: 2hollis|U-turn|p2a: Ogerpon
|-supereffective|p2a: Ogerpon
|-damage|p2a: Ogerpon|0 fnt
|faint|p2a: Ogerpon
|detailschange|p2: Ogerpon|Ogerpon, F|[silent]
|
|t:|1760770486
|switch|p1a: osamason|Darkrai|100/100|[from] U-turn
|
|upkeep
|
|t:|1760770494
|switch|p2a: Blaziken|Blaziken, F|100/100
|turn|6
|
|t:|1760770501
|switch|p1a: nettspend|Deoxys-Speed, shiny|100/100
|-ability|p1a: nettspend|Pressure
|move|p2a: Blaziken|Focus Energy|p2a: Blaziken
|-start|p2a: Blaziken|move: Focus Energy
|
|-ability|p2a: Blaziken|Speed Boost|boost
|-boost|p2a: Blaziken|spe|1
|upkeep
|turn|7
|
|t:|1760770517
|move|p2a: Blaziken|Protect|p2a: Blaziken
|-singleturn|p2a: Blaziken|Protect
|move|p1a: nettspend|Psycho Boost|p2a: Blaziken
|-activate|p2a: Blaziken|move: Protect
|
|-ability|p2a: Blaziken|Speed Boost|boost
|-boost|p2a: Blaziken|spe|1
|upkeep
|turn|8
|
|t:|1760770541
|switch|p1a: 2hollis|Scizor, F, shiny|22/100
|move|p2a: Blaziken|Overheat|p1a: 2hollis
|-supereffective|p1a: 2hollis
|-crit|p1a: 2hollis
|-damage|p1a: 2hollis|0 fnt
|-unboost|p2a: Blaziken|spa|2
|faint|p1a: 2hollis
|
|-ability|p2a: Blaziken|Speed Boost|boost
|-boost|p2a: Blaziken|spe|1
|upkeep
|inactive|idnvu has 120 seconds left.
|
|t:|1760770558
|switch|p1a: nettspend|Deoxys-Speed, shiny|100/100
|-ability|p1a: nettspend|Pressure
|turn|9
|inactive|idnvu has 120 seconds left.
|
|t:|1760770563
|move|p2a: Blaziken|Overheat|p1a: nettspend
|-crit|p1a: nettspend
|-damage|p1a: nettspend|0 fnt
|-unboost|p2a: Blaziken|spa|2
|faint|p1a: nettspend
|
|-ability|p2a: Blaziken|Speed Boost|boost
|-boost|p2a: Blaziken|spe|1
|upkeep
|inactive|idnvu has 120 seconds left.
|c|☆idnvu|what...
|
|t:|1760770574
|switch|p1a: osamason|Darkrai|100/100
|turn|10
|inactive|idnvu has 120 seconds left.
|
|t:|1760770581
|-terastallize|p1a: osamason|Electric
|move|p2a: Blaziken|Overheat|p1a: osamason
|-crit|p1a: osamason
|-damage|p1a: osamason|0 fnt
|-unboost|p2a: Blaziken|spa|2
|faint|p1a: osamason
|
|-ability|p2a: Blaziken|Speed Boost|boost
|-boost|p2a: Blaziken|spe|1
|upkeep
|inactive|idnvu has 120 seconds left.
|-message|idnvu forfeited.
|
|win|healboy009
|raw|idnvu's rating: 1321 &rarr; <strong>1303</strong><br />(-18 for losing)
|raw|healboy009's rating: 1355 &rarr; <strong>1373</strong><br />(+18 for winning)
|l|☆idnvu
|player|p1|
|l|☆healboy009
|player|p2|
