|j|☆Jzcool
|j|☆qinwenxin
|t:|1760847646
|gametype|singles
|player|p1|Jzcool|mars|1313
|player|p2|qinwenxin|backersf|1347
|gen|9
|tier|[Gen 9] OU
|rated|
|rule|HP Percentage Mod: HP is shown in percentages
|rule|Endless Battle Clause: Forcing endless battles is banned
|rule|Species Clause: Limit one of each Pokémon
|rule|OHKO Clause: OHKO moves are banned
|rule|Evasion Items Clause: Evasion items are banned
|rule|Evasion Moves Clause: Evasion moves are banned
|rule|Evasion Abilities Clause: Evasion abilities are banned
|rule|Sleep Moves Clause: Sleep-inducing moves are banned
|clearpoke
|poke|p1|Ceruledge, M|
|poke|p1|Scizor, F|
|poke|p1|Dondozo, M|
|poke|p1|Dragonite, M|
|poke|p1|Raging Bolt|
|poke|p1|Great Tusk|
|poke|p2|Iron Moth|
|poke|p2|Great Tusk|
|poke|p2|Ogerpon-Wellspring, F|
|poke|p2|Tinkaton, F|
|poke|p2|Iron Crown|
|poke|p2|Rillaboom, M|
|teampreview
|
|t:|1760847655
|teamsize|p1|6
|teamsize|p2|6
|start
|switch|p1a: Kasane Teto|Scizor, F|100/100
|switch|p2a: Tinkaton|Tinkaton, F|100/100
|-item|p2a: Tinkaton|Air Balloon
|turn|1
|
|t:|1760847662
|move|p2a: Tinkaton|Stealth Rock|p1a: Kasane Teto
|-sidestart|p1: Jzcool|move: Stealth Rock
|move|p1a: Kasane Teto|U-turn|p2a: Tinkaton
|-resisted|p2a: Tinkaton
|-damage|p2a: Tinkaton|83/100
|-enditem|p2a: Tinkaton|Air Balloon
|-enditem|p1a: Kasane Teto|Choice Band|[silent]|[from] ability: Pickpocket|[of] p1a: Kasane Teto
|-item|p2a: Tinkaton|Choice Band|[from] ability: Pickpocket|[of] p1a: Kasane Teto
|
|t:|1760847688
|switch|p1a: 大鱼|Dondozo, M|100/100|[from] U-turn
|-damage|p1a: 大鱼|88/100|[from] Stealth Rock
|
|upkeep
|turn|2
|
|t:|1760847698
|switch|p2a: Rillaboom|Rillaboom, M|100/100
|-fieldstart|move: Grassy Terrain|[from] ability: Grassy Surge|[of] p2a: Rillaboom
|move|p1a: 大鱼|Curse|p1a: 大鱼
|-unboost|p1a: 大鱼|spe|1
|-boost|p1a: 大鱼|atk|1
|-boost|p1a: 大鱼|def|1
|
|-heal|p1a: 大鱼|94/100|[from] Grassy Terrain
|upkeep
|turn|3
|
|t:|1760847710
|move|p2a: Rillaboom|Wood Hammer|p1a: 大鱼
|-supereffective|p1a: 大鱼
|-damage|p1a: 大鱼|0 fnt
|-damage|p2a: Rillaboom|84/100|[from] item: Rocky Helmet|[of] p1a: 大鱼
|faint|p1a: 大鱼
|-damage|p2a: Rillaboom|45/100|[from] Recoil
|
|-heal|p2a: Rillaboom|51/100|[from] Grassy Terrain
|upkeep
|
|t:|1760847718
|switch|p1a: Neru|Raging Bolt|100/100
|-damage|p1a: Neru|88/100|[from] Stealth Rock
|turn|4
|
|t:|1760847723
|switch|p2a: Great Tusk|Great Tusk|100/100
|-enditem|p2a: Great Tusk|Booster Energy
|-activate|p2a: Great Tusk|ability: Protosynthesis|[fromitem]
|-start|p2a: Great Tusk|protosynthesisspe
|move|p1a: Neru|Draco Meteor|p2a: Great Tusk
|-damage|p2a: Great Tusk|0 fnt
|-unboost|p1a: Neru|spa|2
|faint|p2a: Great Tusk
|-end|p2a: Great Tusk|Protosynthesis|[silent]
|
|-heal|p1a: Neru|94/100|[from] Grassy Terrain
|upkeep
|
|t:|1760847733
|switch|p2a: Iron Crown|Iron Crown|100/100
|-enditem|p2a: Iron Crown|Booster Energy
|-activate|p2a: Iron Crown|ability: Quark Drive|[fromitem]
|-start|p2a: Iron Crown|quarkdrivespe
|turn|5
|
|t:|1760847742
|-end|p1a: Neru|Protosynthesis|[silent]
|switch|p1a: Dragonite|Dragonite, M|100/100
|move|p2a: Iron Crown|Calm Mind|p2a: Iron Crown
|-boost|p2a: Iron Crown|spa|1
|-boost|p2a: Iron Crown|spd|1
|
|upkeep
|turn|6
|
|t:|1760847754
|move|p2a: Iron Crown|Calm Mind|p2a: Iron Crown
|-boost|p2a: Iron Crown|spa|1
|-boost|p2a: Iron Crown|spd|1
|move|p1a: Dragonite|Dragon Dance|p1a: Dragonite
|-boost|p1a: Dragonite|atk|1
|-boost|p1a: Dragonite|spe|1
|
|-fieldend|move: Grassy Terrain
|upkeep
|turn|7
|
|t:|1760847764
|-terastallize|p2a: Iron Crown|Fighting
|move|p2a: Iron Crown|Tachyon Cutter|p1a: Dragonite
|-damage|p1a: Dragonite|77/100
|-damage|p1a: Dragonite|26/100
|-hitcount|p1a: Dragonite|2
|move|p1a: Dragonite|Earthquake|p2a: Iron Crown
|-damage|p2a: Iron Crown|37/100
|
|upkeep
|turn|8
|
|t:|1760847777
|move|p1a: Dragonite|Extreme Speed|p2a: Iron Crown
|-damage|p2a: Iron Crown|0 fnt
|faint|p2a: Iron Crown
|-end|p2a: Iron Crown|Quark Drive|[silent]
|
|upkeep
|
|t:|1760847784
|switch|p2a: Tinkaton|Tinkaton, F|83/100
|turn|9
|
|t:|1760847795
|move|p1a: Dragonite|Earthquake|p2a: Tinkaton
|-supereffective|p2a: Tinkaton
|-damage|p2a: Tinkaton|0 fnt
|faint|p2a: Tinkaton
|
|upkeep
|
|t:|1760847801
|switch|p2a: Rillaboom|Rillaboom, M|51/100
|-fieldstart|move: Grassy Terrain|[from] ability: Grassy Surge|[of] p2a: Rillaboom
|turn|10
|
|t:|1760847805
|move|p1a: Dragonite|Extreme Speed|p2a: Rillaboom
|-damage|p2a: Rillaboom|9/100
|move|p2a: Rillaboom|Grassy Glide|p1a: Dragonite
|-resisted|p1a: Dragonite
|-damage|p1a: Dragonite|9/100
|
|-heal|p2a: Rillaboom|15/100|[from] Grassy Terrain
|upkeep
|turn|11
|
|t:|1760847814
|move|p1a: Dragonite|Extreme Speed|p2a: Rillaboom
|-damage|p2a: Rillaboom|0 fnt
|faint|p2a: Rillaboom
|
|upkeep
|
|t:|1760847816
|switch|p2a: Ogerpon|Ogerpon-Wellspring, F|100/100
|turn|12
|
|t:|1760847826
|-terastallize|p1a: Dragonite|Normal
|move|p1a: Dragonite|Extreme Speed|p2a: Ogerpon
|-damage|p2a: Ogerpon|15/100
|move|p2a: Ogerpon|Play Rough|p1a: Dragonite
|-damage|p1a: Dragonite|0 fnt
|faint|p1a: Dragonite
|
|-heal|p2a: Ogerpon|21/100|[from] Grassy Terrain
|upkeep
|
|t:|1760847837
|switch|p1a: Neru|Raging Bolt|94/100
|-damage|p1a: Neru|82/100|[from] Stealth Rock
|turn|13
|
|t:|1760847843
|move|p2a: Ogerpon|Play Rough|p1a: Neru
|-supereffective|p1a: Neru
|-damage|p1a: Neru|17/100
|move|p1a: Neru|Thunderbolt|p2a: Ogerpon
|-damage|p2a: Ogerpon|0 fnt
|faint|p2a: Ogerpon
|
|-heal|p1a: Neru|23/100|[from] Grassy Terrain
|upkeep
|
|t:|1760847848
|switch|p2a: Iron Moth|Iron Moth|100/100
|-enditem|p2a: Iron Moth|Booster Energy
|-activate|p2a: Iron Moth|ability: Quark Drive|[fromitem]
|-start|p2a: Iron Moth|quarkdrivespa
|turn|14
|
|t:|1760847856
|move|p2a: Iron Moth|Fiery Dance|p1a: Neru
|-resisted|p1a: Neru
|-damage|p1a: Neru|0 fnt
|faint|p1a: Neru
|-end|p1a: Neru|Protosynthesis|[silent]
|
|-fieldend|move: Grassy Terrain
|upkeep
|
|t:|1760847862
|switch|p1a: Tusk Act 4|Great Tusk|100/100
|turn|15
|
|t:|1760847867
|move|p2a: Iron Moth|Dazzling Gleam|p1a: Tusk Act 4
|-supereffective|p1a: Tusk Act 4
|-damage|p1a: Tusk Act 4|22/100
|move|p1a: Tusk Act 4|Headlong Rush|p2a: Iron Moth
|-supereffective|p2a: Iron Moth
|-damage|p2a: Iron Moth|0 fnt
|-unboost|p1a: Tusk Act 4|def|1
|-unboost|p1a: Tusk Act 4|spd|1
|faint|p2a: Iron Moth
|-end|p2a: Iron Moth|Quark Drive|[silent]
|
|win|Jzcool
|raw|Jzcool's rating: 1313 &rarr; <strong>1335</strong><br />(+22 for winning)
|raw|qinwenxin's rating: 1347 &rarr; <strong>1325</strong><br />(-22 for losing)
|l|☆qinwenxin
|player|p2|
|l|☆Jzcool
|player|p1|
