|j|☆feisong
|j|☆Demestion
|t:|1760861858
|gametype|singles
|player|p1|feisong|2|1228
|player|p2|Demestion|lucas|1191
|gen|9
|tier|[Gen 9] OU
|rated|
|rule|HP Percentage Mod: HP is shown in percentages
|rule|Endless Battle Clause: Forcing endless battles is banned
|rule|Species Clause: Limit one of each Pokémon
|rule|OHKO Clause: OHKO moves are banned
|rule|Evasion Items Clause: Evasion items are banned
|rule|Evasion Moves Clause: Evasion moves are banned
|rule|Evasion Abilities Clause: Evasion abilities are banned
|rule|Sleep Moves Clause: Sleep-inducing moves are banned
|clearpoke
|poke|p1|Pelipper, F|
|poke|p1|Basculegion, M|
|poke|p1|Barraskewda, M|
|poke|p1|Great Tusk|
|poke|p1|Kingdra, F|
|poke|p1|Zapdos|
|poke|p2|Serperior, F|
|poke|p2|Ceruledge, M|
|poke|p2|Eelektross, M|
|poke|p2|Tinkaton, F|
|poke|p2|Gliscor, M|
|poke|p2|Cloyster, M|
|teampreview
|
|t:|1760861869
|teamsize|p1|6
|teamsize|p2|6
|start
|switch|p1a: Pelipper|Pelipper, F|100/100
|switch|p2a: Tinkaton|Tinkaton, F|100/100
|-weather|RainDance|[from] ability: Drizzle|[of] p1a: Pelipper
|turn|1
|
|t:|1760861887
|move|p2a: Tinkaton|Stealth Rock|p1a: Pelipper
|-sidestart|p1: feisong|move: Stealth Rock
|move|p1a: Pelipper|U-turn|p2a: Tinkaton
|-resisted|p2a: Tinkaton
|-damage|p2a: Tinkaton|99/100
|
|t:|1760861895
|switch|p1a: Great Tusk|Great Tusk|100/100|[from] U-turn
|-damage|p1a: Great Tusk|98/100|[from] Stealth Rock
|-enditem|p1a: Great Tusk|Booster Energy
|-activate|p1a: Great Tusk|ability: Protosynthesis|[fromitem]
|-start|p1a: Great Tusk|protosynthesisatk
|
|-weather|RainDance|[upkeep]
|-heal|p2a: Tinkaton|100/100|[from] item: Leftovers
|upkeep
|turn|2
|inactive|Battle timer is ON: inactive players will automatically lose when time's up. (requested by feisong)
|
|t:|1760861930
|switch|p2a: Serperior|Serperior, F|100/100
|move|p1a: Great Tusk|Headlong Rush|p2a: Serperior
|-resisted|p2a: Serperior
|-damage|p2a: Serperior|63/100
|-unboost|p1a: Great Tusk|def|1
|-unboost|p1a: Great Tusk|spd|1
|
|-weather|RainDance|[upkeep]
|-heal|p2a: Serperior|70/100|[from] item: Leftovers
|upkeep
|turn|3
|
|t:|1760861943
|-end|p1a: Great Tusk|Protosynthesis|[silent]
|switch|p1a: Zapdos|Zapdos|100/100
|-damage|p1a: Zapdos|76/100|[from] Stealth Rock
|move|p2a: Serperior|Leaf Storm|p1a: Zapdos
|-resisted|p1a: Zapdos
|-damage|p1a: Zapdos|56/100
|-boost|p2a: Serperior|spa|2
|
|-weather|RainDance|[upkeep]
|-heal|p2a: Serperior|76/100|[from] item: Leftovers
|upkeep
|turn|4
|
|t:|1760861955
|-terastallize|p2a: Serperior|Water
|move|p1a: Zapdos|Hurricane|p2a: Serperior
|-damage|p2a: Serperior|18/100
|-start|p2a: Serperior|confusion
|-activate|p2a: Serperior|confusion
|-damage|p2a: Serperior|13/100|[from] confusion
|
|-weather|RainDance|[upkeep]
|-heal|p2a: Serperior|19/100|[from] item: Leftovers
|upkeep
|turn|5
|
|t:|1760861966
|move|p1a: Zapdos|Hurricane|p2a: Serperior
|-damage|p2a: Serperior|0 fnt
|faint|p2a: Serperior
|
|-weather|RainDance|[upkeep]
|upkeep
|
|t:|1760861972
|switch|p2a: Tinkaton|Tinkaton, F|100/100
|turn|6
|
|t:|1760861979
|switch|p1a: Great Tusk|Great Tusk|98/100
|-damage|p1a: Great Tusk|95/100|[from] Stealth Rock
|move|p2a: Tinkaton|Gigaton Hammer|p1a: Great Tusk
|-damage|p1a: Great Tusk|64/100
|
|-weather|RainDance|[upkeep]
|upkeep
|turn|7
|
|t:|1760861989
|switch|p2a: Cloyster|Cloyster, M|100/100
|move|p1a: Great Tusk|Rapid Spin|p2a: Cloyster
|-damage|p2a: Cloyster|85/100
|-boost|p1a: Great Tusk|spe|1
|-sideend|p1: feisong|Stealth Rock|[from] move: Rapid Spin|[of] p1a: Great Tusk
|
|-weather|RainDance|[upkeep]
|upkeep
|turn|8
|
|t:|1760862011
|move|p1a: Great Tusk|Close Combat|p2a: Cloyster
|-supereffective|p2a: Cloyster
|-damage|p2a: Cloyster|0 fnt
|-unboost|p1a: Great Tusk|def|1
|-unboost|p1a: Great Tusk|spd|1
|faint|p2a: Cloyster
|
|-weather|none
|upkeep
|
|t:|1760862019
|switch|p2a: Gliscor|Gliscor, M|100/100
|turn|9
|
|t:|1760862023
|-end|p1a: Great Tusk|Protosynthesis|[silent]
|switch|p1a: Pelipper|Pelipper, F|100/100
|-weather|RainDance|[from] ability: Drizzle|[of] p1a: Pelipper
|move|p2a: Gliscor|Toxic|p1a: Pelipper
|-status|p1a: Pelipper|tox
|
|-weather|RainDance|[upkeep]
|-damage|p1a: Pelipper|94/100 tox|[from] psn
|-status|p2a: Gliscor|tox|[from] item: Toxic Orb
|upkeep
|turn|10
|
|t:|1760862034
|move|p2a: Gliscor|Substitute|p2a: Gliscor
|-start|p2a: Gliscor|Substitute
|-damage|p2a: Gliscor|76/100 tox
|move|p1a: Pelipper|U-turn|p2a: Gliscor
|-resisted|p2a: Gliscor
|-activate|p2a: Gliscor|move: Substitute|[damage]
|
|t:|1760862049
|switch|p1a: Basculegion|Basculegion, M|100/100|[from] U-turn
|
|-weather|RainDance|[upkeep]
|-heal|p2a: Gliscor|88/100 tox|[from] ability: Poison Heal
|upkeep
|turn|11
|
|t:|1760862056
|move|p1a: Basculegion|Flip Turn|p2a: Gliscor
|-supereffective|p2a: Gliscor
|-end|p2a: Gliscor|Substitute
|
|t:|1760862060
|switch|p1a: Pelipper|Pelipper, F|94/100 tox|[from] Flip Turn
|move|p2a: Gliscor|Toxic|p1a: Pelipper
|-fail|p1a: Pelipper|tox
|
|-weather|RainDance|[upkeep]
|-heal|p2a: Gliscor|100/100 tox|[from] ability: Poison Heal
|-damage|p1a: Pelipper|88/100 tox|[from] psn
|upkeep
|turn|12
|
|t:|1760862077
|switch|p2a: Eelektross|Eelektross, M|100/100
|move|p1a: Pelipper|Weather Ball|p2a: Eelektross
|-damage|p2a: Eelektross|47/100
|
|-weather|RainDance|[upkeep]
|-damage|p1a: Pelipper|76/100 tox|[from] psn
|upkeep
|turn|13
|
|t:|1760862093
|switch|p1a: Great Tusk|Great Tusk|64/100
|move|p2a: Eelektross|Volt Switch|p1a: Great Tusk
|-immune|p1a: Great Tusk
|
|-weather|RainDance|[upkeep]
|upkeep
|turn|14
|
|t:|1760862117
|move|p1a: Great Tusk|Rapid Spin|p2a: Eelektross
|-damage|p2a: Eelektross|27/100
|-boost|p1a: Great Tusk|spe|1
|move|p2a: Eelektross|Giga Drain|p1a: Great Tusk
|-supereffective|p1a: Great Tusk
|-damage|p1a: Great Tusk|0 fnt
|-heal|p2a: Eelektross|59/100|[from] drain|[of] p1a: Great Tusk
|faint|p1a: Great Tusk
|-end|p1a: Great Tusk|Protosynthesis|[silent]
|
|-weather|RainDance|[upkeep]
|upkeep
|
|t:|1760862126
|switch|p1a: Basculegion|Basculegion, M|100/100
|turn|15
|
|t:|1760862130
|move|p1a: Basculegion|Wave Crash|p2a: Eelektross
|-damage|p2a: Eelektross|0 fnt
|faint|p2a: Eelektross
|-damage|p1a: Basculegion|82/100|[from] Recoil
|
|-weather|RainDance|[upkeep]
|upkeep
|
|t:|1760862137
|switch|p2a: Ceruledge|Ceruledge, M|100/100
|turn|16
|
|t:|1760862141
|move|p1a: Basculegion|Wave Crash|p2a: Ceruledge
|-supereffective|p2a: Ceruledge
|-enditem|p2a: Ceruledge|Focus Sash
|-damage|p2a: Ceruledge|1/100
|-ability|p2a: Ceruledge|Weak Armor|boost
|-unboost|p2a: Ceruledge|def|1
|-boost|p2a: Ceruledge|spe|2
|-damage|p1a: Basculegion|56/100|[from] Recoil
|move|p2a: Ceruledge|Swords Dance|p2a: Ceruledge
|-boost|p2a: Ceruledge|atk|2
|
|-weather|none
|upkeep
|turn|17
|
|t:|1760862155
|switch|p1a: Pelipper|Pelipper, F|76/100 tox
|-weather|RainDance|[from] ability: Drizzle|[of] p1a: Pelipper
|move|p2a: Ceruledge|Shadow Sneak|p1a: Pelipper
|-damage|p1a: Pelipper|28/100 tox
|
|-weather|RainDance|[upkeep]
|-damage|p1a: Pelipper|22/100 tox|[from] psn
|upkeep
|turn|18
|
|t:|1760862164
|move|p2a: Ceruledge|Shadow Sneak|p1a: Pelipper
|-damage|p1a: Pelipper|0 fnt
|faint|p1a: Pelipper
|
|-weather|RainDance|[upkeep]
|upkeep
|
|t:|1760862176
|switch|p1a: Basculegion|Basculegion, M|56/100
|turn|19
|
|t:|1760862179
|move|p2a: Ceruledge|Shadow Sneak|p1a: Basculegion
|-supereffective|p1a: Basculegion
|-damage|p1a: Basculegion|0 fnt
|faint|p1a: Basculegion
|
|-weather|RainDance|[upkeep]
|upkeep
|
|t:|1760862195
|switch|p1a: Kingdra|Kingdra, F|100/100
|turn|20
|
|t:|1760862202
|-terastallize|p1a: Kingdra|Water
|move|p2a: Ceruledge|Shadow Sneak|p1a: Kingdra
|-damage|p1a: Kingdra|42/100
|move|p1a: Kingdra|Weather Ball|p2a: Ceruledge
|-supereffective|p2a: Ceruledge
|-damage|p2a: Ceruledge|0 fnt
|faint|p2a: Ceruledge
|
|-weather|RainDance|[upkeep]
|upkeep
|
|t:|1760862214
|switch|p2a: Tinkaton|Tinkaton, F|100/100
|turn|21
|
|t:|1760862218
|move|p1a: Kingdra|Weather Ball|p2a: Tinkaton
|-damage|p2a: Tinkaton|0 fnt
|faint|p2a: Tinkaton
|
|-weather|RainDance|[upkeep]
|upkeep
|
|t:|1760862224
|switch|p2a: Gliscor|Gliscor, M|100/100 tox
|turn|22
|
|t:|1760862229
|move|p1a: Kingdra|Weather Ball|p2a: Gliscor
|-supereffective|p2a: Gliscor
|-damage|p2a: Gliscor|0 fnt
|faint|p2a: Gliscor
|
|win|feisong
|raw|feisong's rating: 1228 &rarr; <strong>1250</strong><br />(+22 for winning)
|raw|Demestion's rating: 1191 &rarr; <strong>1169</strong><br />(-22 for losing)
|l|☆Demestion
|player|p2|
|l|☆feisong
|player|p1|
