|j|☆deecolon
|j|☆taerola
|t:|1760727678
|gametype|singles
|player|p1|deecolon|unknown|1362
|player|p2|taerola|102|1394
|gen|9
|tier|[Gen 9] OU
|rated|
|rule|HP Percentage Mod: HP is shown in percentages
|rule|Endless Battle Clause: Forcing endless battles is banned
|rule|Species Clause: Limit one of each Pokémon
|rule|OHKO Clause: OHKO moves are banned
|rule|Evasion Items Clause: Evasion items are banned
|rule|Evasion Moves Clause: Evasion moves are banned
|rule|Evasion Abilities Clause: Evasion abilities are banned
|rule|Sleep Moves Clause: Sleep-inducing moves are banned
|clearpoke
|poke|p1|Skeledirge, M|
|poke|p1|Ogerpon-Wellspring, F|
|poke|p1|Dragapult, F|
|poke|p1|Weezing-Galar, F|
|poke|p1|Ting-Lu|
|poke|p1|Corviknight, F|
|poke|p2|Iron Moth|
|poke|p2|Azelf|
|poke|p2|Dragapult, M|
|poke|p2|Iron Treads|
|poke|p2|Primeape, F|
|poke|p2|Rillaboom, M|
|teampreview
|
|t:|1760727701
|teamsize|p1|6
|teamsize|p2|6
|start
|switch|p1a: Ting-Lu|Ting-Lu, shiny|100/100
|switch|p2a: Dragapult|Dragapult, M|100/100
|-ability|p1a: Ting-Lu|Vessel of Ruin
|turn|1
|
|t:|1760727711
|move|p2a: Dragapult|U-turn|p1a: Ting-Lu
|-supereffective|p1a: Ting-Lu
|-damage|p1a: Ting-Lu|58/100
|
|t:|1760727715
|switch|p2a: Iron Treads|Iron Treads|100/100|[from] U-turn
|-item|p2a: Iron Treads|Air Balloon
|move|p1a: Ting-Lu|Stealth Rock|p2a: Iron Treads
|-sidestart|p2: taerola|move: Stealth Rock
|
|-heal|p1a: Ting-Lu|64/100|[from] item: Leftovers
|upkeep
|turn|2
|
|t:|1760727729
|switch|p1a: Dragapult|Dragapult, F|100/100
|move|p2a: Iron Treads|Knock Off|p1a: Dragapult
|-supereffective|p1a: Dragapult
|-damage|p1a: Dragapult|14/100
|-enditem|p1a: Dragapult|Choice Specs|[from] move: Knock Off|[of] p2a: Iron Treads
|
|upkeep
|turn|3
|
|t:|1760727777
|move|p1a: Dragapult|U-turn|p2a: Iron Treads
|-resisted|p2a: Iron Treads
|-damage|p2a: Iron Treads|92/100
|-enditem|p2a: Iron Treads|Air Balloon
|
|t:|1760727784
|switch|p1a: Ogerpon|Ogerpon-Wellspring, F|100/100|[from] U-turn
|move|p2a: Iron Treads|Knock Off|p1a: Ogerpon
|-damage|p1a: Ogerpon|79/100
|
|upkeep
|turn|4
|
|t:|1760727792
|move|p2a: Iron Treads|Rapid Spin|p1a: Ogerpon
|-damage|p1a: Ogerpon|62/100
|-boost|p2a: Iron Treads|spe|1
|-sideend|p2: taerola|Stealth Rock|[from] move: Rapid Spin|[of] p2a: Iron Treads
|move|p1a: Ogerpon|Ivy Cudgel|p2a: Iron Treads|[anim] Ivy Cudgel Water
|-supereffective|p2a: Iron Treads
|-damage|p2a: Iron Treads|0 fnt
|faint|p2a: Iron Treads
|-end|p2a: Iron Treads|Quark Drive|[silent]
|
|upkeep
|
|t:|1760727803
|switch|p2a: Dragapult|Dragapult, M|100/100
|turn|5
|
|t:|1760727814
|switch|p1a: Weezing|Weezing-Galar, F|100/100
|-ability|p1a: Weezing|Neutralizing Gas
|move|p2a: Dragapult|U-turn|p1a: Weezing
|-resisted|p1a: Weezing
|-damage|p1a: Weezing|93/100
|
|t:|1760727845
|switch|p2a: Azelf|Azelf|100/100|[from] U-turn
|
|upkeep
|turn|6
|
|t:|1760727861
|-end|p1a: Weezing|ability: Neutralizing Gas
|switch|p1a: Ting-Lu|Ting-Lu, shiny|64/100
|-ability|p1a: Ting-Lu|Vessel of Ruin
|move|p2a: Azelf|Light Screen|p2a: Azelf
|-sidestart|p2: taerola|move: Light Screen
|
|-heal|p1a: Ting-Lu|70/100|[from] item: Leftovers
|upkeep
|turn|7
|
|t:|1760727867
|move|p2a: Azelf|Stealth Rock|p1a: Ting-Lu
|-sidestart|p1: deecolon|move: Stealth Rock
|move|p1a: Ting-Lu|Stealth Rock|p2a: Azelf
|-sidestart|p2: taerola|move: Stealth Rock
|
|-heal|p1a: Ting-Lu|77/100|[from] item: Leftovers
|upkeep
|turn|8
|
|t:|1760727873
|move|p2a: Azelf|Reflect|p2a: Azelf
|-sidestart|p2: taerola|Reflect
|move|p1a: Ting-Lu|Throat Chop|p2a: Azelf
|-supereffective|p2a: Azelf
|-damage|p2a: Azelf|62/100
|-start|p2a: Azelf|Throat Chop|[silent]
|
|-heal|p1a: Ting-Lu|83/100|[from] item: Leftovers
|upkeep
|turn|9
|
|t:|1760727880
|switch|p2a: Primeape|Primeape, F|100/100
|-damage|p2a: Primeape|95/100|[from] Stealth Rock
|switch|p1a: Skeledirge|Skeledirge, M|100/100
|
|upkeep
|turn|10
|
|t:|1760727919
|switch|p2a: Azelf|Azelf|62/100
|-damage|p2a: Azelf|50/100|[from] Stealth Rock
|move|p1a: Skeledirge|Will-O-Wisp|p2a: Azelf
|-status|p2a: Azelf|brn
|
|-damage|p2a: Azelf|43/100 brn|[from] brn
|upkeep
|turn|11
|
|t:|1760727948
|switch|p2a: Primeape|Primeape, F|95/100
|-damage|p2a: Primeape|89/100|[from] Stealth Rock
|switch|p1a: Ting-Lu|Ting-Lu, shiny|83/100
|-damage|p1a: Ting-Lu|77/100|[from] Stealth Rock
|-ability|p1a: Ting-Lu|Vessel of Ruin
|
|-heal|p1a: Ting-Lu|83/100|[from] item: Leftovers
|upkeep
|turn|12
|
|t:|1760727959
|switch|p1a: Skeledirge|Skeledirge, M|100/100
|move|p2a: Primeape|Rage Fist|p1a: Skeledirge
|-supereffective|p1a: Skeledirge
|-damage|p1a: Skeledirge|82/100
|
|upkeep
|turn|13
|
|t:|1760727977
|switch|p2a: Azelf|Azelf|43/100 brn
|-damage|p2a: Azelf|31/100 brn|[from] Stealth Rock
|move|p1a: Skeledirge|Will-O-Wisp|p2a: Azelf
|-fail|p2a: Azelf|brn
|
|-damage|p2a: Azelf|25/100 brn|[from] brn
|-sideend|p2: taerola|move: Light Screen
|upkeep
|turn|14
|
|t:|1760727984
|move|p2a: Azelf|Light Screen|p2a: Azelf
|-sidestart|p2: taerola|move: Light Screen
|move|p1a: Skeledirge|Torch Song|p2a: Azelf
|-damage|p2a: Azelf|5/100 brn
|-boost|p1a: Skeledirge|spa|1
|
|-damage|p2a: Azelf|0 fnt|[from] brn
|faint|p2a: Azelf
|upkeep
|
|t:|1760727995
|switch|p2a: Dragapult|Dragapult, M|100/100
|-damage|p2a: Dragapult|88/100|[from] Stealth Rock
|turn|15
|
|t:|1760728011
|switch|p1a: Ogerpon|Ogerpon-Wellspring, F|62/100
|-damage|p1a: Ogerpon|49/100|[from] Stealth Rock
|-terastallize|p2a: Dragapult|Ghost
|move|p2a: Dragapult|Tera Blast|p1a: Ogerpon|[anim] Tera Blast Ghost
|-damage|p1a: Ogerpon|0 fnt
|faint|p1a: Ogerpon
|
|-sideend|p2: taerola|Reflect
|upkeep
|
|t:|1760728024
|switch|p1a: Ting-Lu|Ting-Lu, shiny|83/100
|-damage|p1a: Ting-Lu|77/100|[from] Stealth Rock
|-ability|p1a: Ting-Lu|Vessel of Ruin
|turn|16
|
|t:|1760728031
|switch|p2a: Primeape|Primeape, F|89/100
|-damage|p2a: Primeape|83/100|[from] Stealth Rock
|move|p1a: Ting-Lu|Earthquake|p2a: Primeape
|-damage|p2a: Primeape|45/100
|
|-heal|p1a: Ting-Lu|83/100|[from] item: Leftovers
|upkeep
|turn|17
|
|t:|1760728048
|switch|p1a: Weezing|Weezing-Galar, F|93/100
|-ability|p1a: Weezing|Neutralizing Gas
|move|p2a: Primeape|Rage Fist|p1a: Weezing
|-damage|p1a: Weezing|74/100
|
|upkeep
|turn|18
|
|t:|1760728075
|move|p2a: Primeape|Rage Fist|p1a: Weezing
|-damage|p1a: Weezing|54/100
|move|p1a: Weezing|Defog|p2a: Primeape
|-unboost|p2a: Primeape|evasion|1
|-sideend|p2: taerola|move: Light Screen
|-sideend|p2: taerola|Stealth Rock|[from] move: Defog|[of] p1a: Weezing
|-sideend|p1: deecolon|Stealth Rock|[from] move: Defog|[of] p1a: Weezing
|
|upkeep
|turn|19
|
|t:|1760728085
|move|p2a: Primeape|Encore|p1a: Weezing
|-start|p1a: Weezing|Encore
|move|p1a: Weezing|Defog|p2a: Primeape
|-unboost|p2a: Primeape|evasion|1
|
|upkeep
|turn|20
|
|t:|1760728090
|-end|p1a: Weezing|ability: Neutralizing Gas
|switch|p1a: Corviknight|Corviknight, F|100/100
|-ability|p1a: Corviknight|Pressure
|move|p2a: Primeape|Rage Fist|p1a: Corviknight
|-crit|p1a: Corviknight
|-damage|p1a: Corviknight|79/100
|-damage|p2a: Primeape|28/100|[from] item: Rocky Helmet|[of] p1a: Corviknight
|
|upkeep
|turn|21
|
|t:|1760728097
|move|p2a: Primeape|Bulk Up|p2a: Primeape
|-boost|p2a: Primeape|atk|1
|-boost|p2a: Primeape|def|1
|move|p1a: Corviknight|Iron Defense|p1a: Corviknight
|-boost|p1a: Corviknight|def|2
|
|upkeep
|turn|22
|
|t:|1760728103
|switch|p1a: Weezing|Weezing-Galar, F|54/100
|-ability|p1a: Weezing|Neutralizing Gas
|move|p2a: Primeape|Encore||[still]
|-fail|p2a: Primeape
|
|upkeep
|turn|23
|
|t:|1760728107
|move|p2a: Primeape|Rage Fist|p1a: Weezing
|-damage|p1a: Weezing|25/100
|move|p1a: Weezing|Will-O-Wisp|p2a: Primeape
|-status|p2a: Primeape|brn
|
|-damage|p2a: Primeape|22/100 brn|[from] brn
|upkeep
|turn|24
|
|t:|1760728118
|-end|p1a: Weezing|ability: Neutralizing Gas
|switch|p1a: Corviknight|Corviknight, F|79/100
|-ability|p1a: Corviknight|Pressure
|move|p2a: Primeape|Encore||[still]
|-fail|p2a: Primeape
|
|-damage|p2a: Primeape|16/100 brn|[from] brn
|upkeep
|turn|25
|
|t:|1760728125
|move|p2a: Primeape|Drain Punch|p1a: Corviknight
|-damage|p1a: Corviknight|67/100
|-heal|p2a: Primeape|24/100 brn|[from] drain|[of] p1a: Corviknight
|-damage|p2a: Primeape|7/100 brn|[from] item: Rocky Helmet|[of] p1a: Corviknight
|move|p1a: Corviknight|Roost|p1a: Corviknight
|-heal|p1a: Corviknight|100/100
|-singleturn|p1a: Corviknight|move: Roost
|
|-damage|p2a: Primeape|1/100 brn|[from] brn
|upkeep
|turn|26
|
|t:|1760728134
|switch|p1a: Weezing|Weezing-Galar, F|25/100
|-ability|p1a: Weezing|Neutralizing Gas
|move|p2a: Primeape|Encore||[still]
|-fail|p2a: Primeape
|
|-damage|p2a: Primeape|0 fnt|[from] brn
|faint|p2a: Primeape
|upkeep
|
|t:|1760728145
|switch|p2a: Iron Moth|Iron Moth|100/100
|turn|27
|
|t:|1760728150
|move|p2a: Iron Moth|Fiery Dance|p1a: Weezing
|-damage|p1a: Weezing|0 fnt
|-boost|p2a: Iron Moth|spa|1
|faint|p1a: Weezing
|-end|p1a: Weezing|ability: Neutralizing Gas
|-enditem|p2a: Iron Moth|Booster Energy
|-activate|p2a: Iron Moth|ability: Quark Drive|[fromitem]
|-start|p2a: Iron Moth|quarkdrivespa
|
|upkeep
|
|t:|1760728152
|switch|p1a: Skeledirge|Skeledirge, M|82/100
|turn|28
|
|t:|1760728166
|-end|p2a: Iron Moth|Quark Drive|[silent]
|switch|p2a: Rillaboom|Rillaboom, M|100/100
|-fieldstart|move: Grassy Terrain|[from] ability: Grassy Surge|[of] p2a: Rillaboom
|move|p1a: Skeledirge|Earth Power|p2a: Rillaboom
|-resisted|p2a: Rillaboom
|-damage|p2a: Rillaboom|86/100
|
|-heal|p2a: Rillaboom|92/100|[from] Grassy Terrain
|-heal|p1a: Skeledirge|88/100|[from] Grassy Terrain
|upkeep
|turn|29
|
|t:|1760728173
|move|p2a: Rillaboom|Knock Off|p1a: Skeledirge
|-supereffective|p1a: Skeledirge
|-damage|p1a: Skeledirge|12/100
|-enditem|p1a: Skeledirge|Heavy-Duty Boots|[from] move: Knock Off|[of] p2a: Rillaboom
|-damage|p2a: Rillaboom|82/100|[from] item: Life Orb
|move|p1a: Skeledirge|Slack Off|p1a: Skeledirge
|-heal|p1a: Skeledirge|63/100
|
|-heal|p2a: Rillaboom|88/100|[from] Grassy Terrain
|-heal|p1a: Skeledirge|69/100|[from] Grassy Terrain
|upkeep
|turn|30
|
|t:|1760728181
|switch|p2a: Dragapult|Dragapult, M, tera:Ghost|88/100
|switch|p1a: Corviknight|Corviknight, F|100/100
|-ability|p1a: Corviknight|Pressure
|
|-heal|p2a: Dragapult|94/100|[from] Grassy Terrain
|upkeep
|turn|31
|
|t:|1760728187
|move|p2a: Dragapult|Tera Blast|p1a: Corviknight|[anim] Tera Blast Ghost
|-damage|p1a: Corviknight|45/100
|move|p1a: Corviknight|U-turn|p2a: Dragapult
|-resisted|p2a: Dragapult
|-damage|p2a: Dragapult|83/100
|
|t:|1760728191
|switch|p1a: Ting-Lu|Ting-Lu, shiny|83/100|[from] U-turn
|-ability|p1a: Ting-Lu|Vessel of Ruin
|
|-heal|p2a: Dragapult|89/100|[from] Grassy Terrain
|-heal|p1a: Ting-Lu|89/100|[from] Grassy Terrain
|-heal|p1a: Ting-Lu|95/100|[from] item: Leftovers
|upkeep
|turn|32
|
|t:|1760728196
|switch|p2a: Rillaboom|Rillaboom, M|88/100
|move|p1a: Ting-Lu|Stealth Rock|p2a: Rillaboom
|-sidestart|p2: taerola|move: Stealth Rock
|
|-heal|p2a: Rillaboom|95/100|[from] Grassy Terrain
|-heal|p1a: Ting-Lu|100/100|[from] Grassy Terrain
|-fieldend|move: Grassy Terrain
|upkeep
|turn|33
|
|t:|1760728202
|switch|p1a: Corviknight|Corviknight, F|45/100
|-ability|p1a: Corviknight|Pressure
|move|p2a: Rillaboom|Swords Dance|p2a: Rillaboom
|-boost|p2a: Rillaboom|atk|2
|
|upkeep
|turn|34
|
|t:|1760728207
|move|p2a: Rillaboom|Knock Off|p1a: Corviknight
|-damage|p1a: Corviknight|0 fnt
|-damage|p2a: Rillaboom|78/100|[from] item: Rocky Helmet|[of] p1a: Corviknight
|-enditem|p1a: Corviknight|Rocky Helmet|[from] move: Knock Off|[of] p2a: Rillaboom
|faint|p1a: Corviknight
|-damage|p2a: Rillaboom|68/100|[from] item: Life Orb
|
|upkeep
|
|t:|1760728210
|switch|p1a: Dragapult|Dragapult, F|14/100
|turn|35
|
|t:|1760728245
|move|p1a: Dragapult|Draco Meteor|p2a: Rillaboom
|-damage|p2a: Rillaboom|0 fnt
|-unboost|p1a: Dragapult|spa|2
|faint|p2a: Rillaboom
|
|upkeep
|
|t:|1760728251
|switch|p2a: Dragapult|Dragapult, M, tera:Ghost|89/100
|-damage|p2a: Dragapult|77/100|[from] Stealth Rock
|turn|36
|
|t:|1760728263
|switch|p1a: Ting-Lu|Ting-Lu, shiny|100/100
|-ability|p1a: Ting-Lu|Vessel of Ruin
|move|p2a: Dragapult|Dragon Darts|p1a: Ting-Lu
|-damage|p1a: Ting-Lu|78/100
|-anim|p2a: Dragapult|Dragon Darts|p1a: Ting-Lu
|-damage|p1a: Ting-Lu|56/100
|
|-heal|p1a: Ting-Lu|62/100|[from] item: Leftovers
|upkeep
|turn|37
|
|t:|1760728277
|move|p2a: Dragapult|Dragon Darts|p1a: Ting-Lu
|-damage|p1a: Ting-Lu|38/100
|-anim|p2a: Dragapult|Dragon Darts|p1a: Ting-Lu
|-damage|p1a: Ting-Lu|17/100
|move|p1a: Ting-Lu|Throat Chop|p2a: Dragapult
|-supereffective|p2a: Dragapult
|-damage|p2a: Dragapult|0 fnt
|faint|p2a: Dragapult
|
|-heal|p1a: Ting-Lu|23/100|[from] item: Leftovers
|upkeep
|
|t:|1760728284
|switch|p2a: Iron Moth|Iron Moth|100/100
|-damage|p2a: Iron Moth|76/100|[from] Stealth Rock
|turn|38
|
|t:|1760728286
|move|p2a: Iron Moth|Fiery Dance|p1a: Ting-Lu
|-damage|p1a: Ting-Lu|7/100
|-boost|p2a: Iron Moth|spa|1
|move|p1a: Ting-Lu|Earthquake|p2a: Iron Moth
|-supereffective|p2a: Iron Moth
|-damage|p2a: Iron Moth|0 fnt
|faint|p2a: Iron Moth
|-end|p2a: Iron Moth|Quark Drive|[silent]
|
|win|deecolon
|raw|deecolon's rating: 1362 &rarr; <strong>1384</strong><br />(+22 for winning)
|raw|taerola's rating: 1394 &rarr; <strong>1372</strong><br />(-22 for losing)
|l|☆deecolon
|player|p1|
|l|☆taerola
|player|p2|
