|j|☆daksh55
|j|☆CriispyQ
|t:|1760821881
|gametype|singles
|player|p1|daksh55|266|1272
|player|p2|CriispyQ|1|1251
|gen|9
|tier|[Gen 9] OU
|rated|
|rule|HP Percentage Mod: HP is shown in percentages
|rule|Endless Battle Clause: Forcing endless battles is banned
|rule|Species Clause: Limit one of each Pokémon
|rule|OHKO Clause: OHKO moves are banned
|rule|Evasion Items Clause: Evasion items are banned
|rule|Evasion Moves Clause: Evasion moves are banned
|rule|Evasion Abilities Clause: Evasion abilities are banned
|rule|Sleep Moves Clause: Sleep-inducing moves are banned
|clearpoke
|poke|p1|Rampardos, F|
|poke|p1|Blissey, F|
|poke|p1|Regirock|
|poke|p1|Regice|
|poke|p1|Deoxys-Speed|
|poke|p1|Hoopa-Unbound|
|poke|p2|Delphox, M|
|poke|p2|Ting-Lu|
|poke|p2|Rillaboom, F|
|poke|p2|Slowking-Galar, M|
|poke|p2|Ogerpon-Wellspring, F|
|poke|p2|Quaquaval, F|
|teampreview
|
|t:|1760821892
|teamsize|p1|6
|teamsize|p2|6
|start
|switch|p1a: Regirock|Regirock|100/100
|switch|p2a: Rillaboom|Rillaboom, F|100/100
|-fieldstart|move: Grassy Terrain|[from] ability: Grassy Surge|[of] p2a: Rillaboom
|turn|1
|
|t:|1760821905
|move|p2a: Rillaboom|Wood Hammer|p1a: Regirock
|-supereffective|p1a: Regirock
|-damage|p1a: Regirock|0 fnt
|faint|p1a: Regirock
|-damage|p2a: Rillaboom|65/100|[from] Recoil
|
|-heal|p2a: Rillaboom|71/100|[from] Grassy Terrain
|upkeep
|
|t:|1760821922
|switch|p1a: Regice|Regice|100/100
|turn|2
|
|t:|1760821934
|switch|p2a: Quaquaval|Quaquaval, F|100/100
|move|p1a: Regice|Ice Beam|p2a: Quaquaval
|-resisted|p2a: Quaquaval
|-damage|p2a: Quaquaval|74/100
|
|-heal|p2a: Quaquaval|80/100|[from] Grassy Terrain
|upkeep
|turn|3
|
|t:|1760821954
|switch|p1a: Deoxys|Deoxys-Speed|100/100
|-ability|p1a: Deoxys|Pressure
|move|p2a: Quaquaval|Aqua Step|p1a: Deoxys
|-damage|p1a: Deoxys|49/100
|-boost|p2a: Quaquaval|spe|1
|
|-heal|p1a: Deoxys|55/100|[from] Grassy Terrain
|-heal|p2a: Quaquaval|86/100|[from] Grassy Terrain
|upkeep
|turn|4
|
|t:|1760821967
|move|p1a: Deoxys|Psycho Boost|p2a: Quaquaval
|-supereffective|p2a: Quaquaval
|-damage|p2a: Quaquaval|0 fnt
|-unboost|p1a: Deoxys|spa|2
|faint|p2a: Quaquaval
|
|-heal|p1a: Deoxys|61/100|[from] Grassy Terrain
|upkeep
|
|t:|1760821975
|switch|p2a: Ogerpon|Ogerpon-Wellspring, F|100/100
|turn|5
|
|t:|1760821981
|move|p1a: Deoxys|Reflect|p1a: Deoxys
|-sidestart|p1: daksh55|Reflect
|move|p2a: Ogerpon|Swords Dance|p2a: Ogerpon
|-boost|p2a: Ogerpon|atk|2
|
|-heal|p1a: Deoxys|68/100|[from] Grassy Terrain
|-fieldend|move: Grassy Terrain
|upkeep
|turn|6
|
|t:|1760822000
|move|p1a: Deoxys|Reflect||[still]
|-fail|p1a: Deoxys
|move|p2a: Ogerpon|Swords Dance|p2a: Ogerpon
|-boost|p2a: Ogerpon|atk|2
|
|upkeep
|turn|7
|
|t:|1760822004
|move|p1a: Deoxys|Spikes|p2a: Ogerpon
|-sidestart|p2: CriispyQ|Spikes
|move|p2a: Ogerpon|Ivy Cudgel|p1a: Deoxys|[anim] Ivy Cudgel Water
|-damage|p1a: Deoxys|0 fnt
|faint|p1a: Deoxys
|
|upkeep
|
|t:|1760822014
|switch|p1a: Regice|Regice|100/100
|turn|8
|
|t:|1760822016
|move|p2a: Ogerpon|Ivy Cudgel|p1a: Regice|[anim] Ivy Cudgel Water
|-damage|p1a: Regice|22/100
|move|p1a: Regice|Thunderbolt|p2a: Ogerpon
|-damage|p2a: Ogerpon|54/100
|
|upkeep
|turn|9
|
|t:|1760822025
|move|p2a: Ogerpon|Ivy Cudgel|p1a: Regice|[anim] Ivy Cudgel Water
|-damage|p1a: Regice|0 fnt
|faint|p1a: Regice
|
|upkeep
|
|t:|1760822028
|switch|p1a: Hoopa|Hoopa-Unbound|100/100
|turn|10
|
|t:|1760822036
|move|p2a: Ogerpon|Play Rough|p1a: Hoopa
|-supereffective|p1a: Hoopa
|-damage|p1a: Hoopa|0 fnt
|faint|p1a: Hoopa
|
|upkeep
|
|t:|1760822045
|switch|p1a: Rampardos|Rampardos, F|100/100
|turn|11
|
|t:|1760822050
|move|p2a: Ogerpon|Ivy Cudgel|p1a: Rampardos|[anim] Ivy Cudgel Water
|-supereffective|p1a: Rampardos
|-damage|p1a: Rampardos|0 fnt
|faint|p1a: Rampardos
|
|upkeep
|-message|daksh55 forfeited.
|
|win|CriispyQ
|raw|daksh55's rating: 1272 &rarr; <strong>1245</strong><br />(-27 for losing)
|raw|CriispyQ's rating: 1251 &rarr; <strong>1278</strong><br />(+27 for winning)
|l|☆daksh55
|player|p1|
|l|☆CriispyQ
|player|p2|
