|j|☆lucbr12
|j|☆Hideki2403
|t:|1760891417
|gametype|singles
|player|p1|lucbr12|red|1000
|player|p2|Hideki2403|1|1040
|gen|9
|tier|[Gen 9] OU
|rated|
|rule|HP Percentage Mod: HP is shown in percentages
|rule|Endless Battle Clause: Forcing endless battles is banned
|rule|Species Clause: Limit one of each Pokémon
|rule|OHKO Clause: OHKO moves are banned
|rule|Evasion Items Clause: Evasion items are banned
|rule|Evasion Moves Clause: Evasion moves are banned
|rule|Evasion Abilities Clause: Evasion abilities are banned
|rule|Sleep Moves Clause: Sleep-inducing moves are banned
|clearpoke
|poke|p1|Maushold-Four|
|poke|p1|Ribombee, F|
|poke|p1|Ceruledge, M|
|poke|p1|Chansey, F|
|poke|p1|Glimmora, F|
|poke|p1|Dondozo, F|
|poke|p2|Glimmora, M|
|poke|p2|Cloyster, M|
|poke|p2|Ninetales-Alola, F|
|poke|p2|Sandslash-Alola, M|
|poke|p2|Froslass, F|
|poke|p2|Frosmoth, F|
|teampreview
|inactive|Battle timer is ON: inactive players will automatically lose when time's up. (requested by lucbr12)
|
|t:|1760891428
|teamsize|p1|6
|teamsize|p2|6
|start
|switch|p1a: Ribombee|Ribombee, F|100/100
|switch|p2a: Cloyster|Cloyster, M|100/100
|turn|1
|
|t:|1760891436
|move|p1a: Ribombee|Stun Spore|p2a: Cloyster
|-status|p2a: Cloyster|par
|move|p2a: Cloyster|Shell Smash|p2a: Cloyster
|-unboost|p2a: Cloyster|def|1
|-unboost|p2a: Cloyster|spd|1
|-boost|p2a: Cloyster|atk|2
|-boost|p2a: Cloyster|spa|2
|-boost|p2a: Cloyster|spe|2
|-enditem|p2a: Cloyster|White Herb
|-clearnegativeboost|p2a: Cloyster|[silent]
|
|upkeep
|turn|2
|
|t:|1760891448
|move|p1a: Ribombee|Sticky Web|p2a: Cloyster
|-sidestart|p2: Hideki2403|move: Sticky Web
|move|p2a: Cloyster|Icicle Spear|p1a: Ribombee
|-damage|p1a: Ribombee|51/100
|-damage|p1a: Ribombee|9/100
|-damage|p1a: Ribombee|0 fnt
|faint|p1a: Ribombee
|-hitcount|p1: Ribombee|3
|
|upkeep
|
|t:|1760891455
|switch|p1a: Ceruledge|Ceruledge, M|100/100
|turn|3
|
|t:|1760891461
|move|p1a: Ceruledge|Bitter Blade|p2a: Cloyster
|-damage|p2a: Cloyster|61/100 par
|move|p2a: Cloyster|Liquidation|p1a: Ceruledge
|-supereffective|p1a: Ceruledge
|-enditem|p1a: Ceruledge|Focus Sash
|-damage|p1a: Ceruledge|1/100
|-unboost|p1a: Ceruledge|def|1
|-ability|p1a: Ceruledge|Weak Armor|boost
|-unboost|p1a: Ceruledge|def|1
|-boost|p1a: Ceruledge|spe|2
|
|upkeep
|turn|4
|
|t:|1760891474
|switch|p1a: Dondozo|Dondozo, F|100/100
|cant|p2a: Cloyster|par
|
|upkeep
|turn|5
|
|t:|1760891480
|move|p2a: Cloyster|Rock Blast|p1a: Dondozo
|-damage|p1a: Dondozo|97/100
|-damage|p1a: Dondozo|93/100
|-damage|p1a: Dondozo|90/100
|-damage|p1a: Dondozo|86/100
|-damage|p1a: Dondozo|82/100
|-hitcount|p1a: Dondozo|5
|move|p1a: Dondozo|Curse|p1a: Dondozo
|-unboost|p1a: Dondozo|spe|1
|-boost|p1a: Dondozo|atk|1
|-boost|p1a: Dondozo|def|1
|
|-heal|p1a: Dondozo|88/100|[from] item: Leftovers
|upkeep
|turn|6
|
|t:|1760891495
|cant|p2a: Cloyster|par
|move|p1a: Dondozo|Curse|p1a: Dondozo
|-unboost|p1a: Dondozo|spe|1
|-boost|p1a: Dondozo|atk|1
|-boost|p1a: Dondozo|def|1
|
|-heal|p1a: Dondozo|94/100|[from] item: Leftovers
|upkeep
|turn|7
|
|t:|1760891502
|move|p2a: Cloyster|Shell Smash|p2a: Cloyster
|-unboost|p2a: Cloyster|def|1
|-unboost|p2a: Cloyster|spd|1
|-boost|p2a: Cloyster|atk|2
|-boost|p2a: Cloyster|spa|2
|-boost|p2a: Cloyster|spe|2
|move|p1a: Dondozo|Curse|p1a: Dondozo
|-unboost|p1a: Dondozo|spe|1
|-boost|p1a: Dondozo|atk|1
|-boost|p1a: Dondozo|def|1
|
|-heal|p1a: Dondozo|100/100|[from] item: Leftovers
|upkeep
|turn|8
|
|t:|1760891512
|move|p2a: Cloyster|Shell Smash|p2a: Cloyster
|-unboost|p2a: Cloyster|def|1
|-unboost|p2a: Cloyster|spd|1
|-boost|p2a: Cloyster|atk|2
|-boost|p2a: Cloyster|spa|2
|-boost|p2a: Cloyster|spe|2
|move|p1a: Dondozo|Curse|p1a: Dondozo
|-unboost|p1a: Dondozo|spe|1
|-boost|p1a: Dondozo|atk|1
|-boost|p1a: Dondozo|def|1
|
|upkeep
|turn|9
|
|t:|1760891521
|move|p2a: Cloyster|Icicle Spear|p1a: Dondozo
|-resisted|p1a: Dondozo
|-damage|p1a: Dondozo|99/100
|-resisted|p1a: Dondozo
|-damage|p1a: Dondozo|99/100
|-resisted|p1a: Dondozo
|-damage|p1a: Dondozo|98/100
|-resisted|p1a: Dondozo
|-damage|p1a: Dondozo|97/100
|-resisted|p1a: Dondozo
|-damage|p1a: Dondozo|96/100
|-hitcount|p1a: Dondozo|5
|move|p1a: Dondozo|Curse|p1a: Dondozo
|-unboost|p1a: Dondozo|spe|1
|-boost|p1a: Dondozo|atk|1
|-boost|p1a: Dondozo|def|1
|
|-heal|p1a: Dondozo|100/100|[from] item: Leftovers
|upkeep
|turn|10
|
|t:|1760891537
|move|p2a: Cloyster|Icicle Spear|p1a: Dondozo
|-resisted|p1a: Dondozo
|-damage|p1a: Dondozo|99/100
|-resisted|p1a: Dondozo
|-damage|p1a: Dondozo|99/100
|-resisted|p1a: Dondozo
|-damage|p1a: Dondozo|98/100
|-resisted|p1a: Dondozo
|-damage|p1a: Dondozo|97/100
|-resisted|p1a: Dondozo
|-damage|p1a: Dondozo|97/100
|-hitcount|p1a: Dondozo|5
|move|p1a: Dondozo|Curse|p1a: Dondozo
|-unboost|p1a: Dondozo|spe|1
|-boost|p1a: Dondozo|atk|1
|-boost|p1a: Dondozo|def|1
|
|-heal|p1a: Dondozo|100/100|[from] item: Leftovers
|upkeep
|turn|11
|
|t:|1760891560
|cant|p2a: Cloyster|par
|move|p1a: Dondozo|Waterfall|p2a: Cloyster
|-resisted|p2a: Cloyster
|-damage|p2a: Cloyster|15/100 par
|
|upkeep
|turn|12
|
|t:|1760891565
|move|p2a: Cloyster|Icicle Spear|p1a: Dondozo
|-resisted|p1a: Dondozo
|-crit|p1a: Dondozo
|-damage|p1a: Dondozo|97/100
|-resisted|p1a: Dondozo
|-damage|p1a: Dondozo|96/100
|-resisted|p1a: Dondozo
|-damage|p1a: Dondozo|95/100
|-resisted|p1a: Dondozo
|-damage|p1a: Dondozo|95/100
|-resisted|p1a: Dondozo
|-damage|p1a: Dondozo|94/100
|-hitcount|p1a: Dondozo|5
|move|p1a: Dondozo|Waterfall|p2a: Cloyster
|-resisted|p2a: Cloyster
|-damage|p2a: Cloyster|0 fnt
|faint|p2a: Cloyster
|
|-heal|p1a: Dondozo|99/100|[from] item: Leftovers
|upkeep
|
|t:|1760891580
|switch|p2a: Glimmora|Glimmora, M|100/100
|-activate|p2a: Glimmora|move: Sticky Web
|-unboost|p2a: Glimmora|spe|1
|turn|13
|inactive|lucbr12 has 120 seconds left.
|
|t:|1760891619
|-terastallize|p2a: Glimmora|Ice
|move|p2a: Glimmora|Mortal Spin|p1a: Dondozo
|-damage|p1a: Dondozo|99/100
|-status|p1a: Dondozo|psn
|-sideend|p2: Hideki2403|Sticky Web|[from] move: Mortal Spin|[of] p2a: Glimmora
|move|p1a: Dondozo|Waterfall|p2a: Glimmora
|-enditem|p2a: Glimmora|Focus Sash
|-damage|p2a: Glimmora|1/100
|-activate|p2a: Glimmora|ability: Toxic Debris
|-sidestart|p1: lucbr12|move: Toxic Spikes
|
|-heal|p1a: Dondozo|100/100 psn|[from] item: Leftovers
|-damage|p1a: Dondozo|88/100 psn|[from] psn
|upkeep
|turn|14
|inactive|lucbr12 has 120 seconds left.
|
|t:|1760891634
|move|p2a: Glimmora|Explosion|p1a: Dondozo
|-damage|p1a: Dondozo|84/100 psn
|faint|p2a: Glimmora
|move|p1a: Dondozo|Waterfall|p2: Glimmora|[notarget]
|-fail|p1a: Dondozo
|
|-heal|p1a: Dondozo|91/100 psn|[from] item: Leftovers
|-damage|p1a: Dondozo|78/100 psn|[from] psn
|upkeep
|
|t:|1760891644
|switch|p2a: Froslass|Froslass, F|100/100
|turn|15
|
|t:|1760891652
|move|p2a: Froslass|Substitute|p2a: Froslass
|-start|p2a: Froslass|Substitute
|-damage|p2a: Froslass|76/100
|move|p1a: Dondozo|Waterfall|p2a: Froslass
|-end|p2a: Froslass|Substitute
|
|-heal|p1a: Dondozo|84/100 psn|[from] item: Leftovers
|-damage|p1a: Dondozo|72/100 psn|[from] psn
|upkeep
|turn|16
|
|t:|1760891660
|move|p2a: Froslass|Substitute|p2a: Froslass
|-start|p2a: Froslass|Substitute
|-damage|p2a: Froslass|51/100
|move|p1a: Dondozo|Waterfall|p2a: Froslass
|-end|p2a: Froslass|Substitute
|
|-heal|p1a: Dondozo|78/100 psn|[from] item: Leftovers
|-damage|p1a: Dondozo|66/100 psn|[from] psn
|upkeep
|turn|17
|
|t:|1760891668
|move|p2a: Froslass|Substitute|p2a: Froslass
|-start|p2a: Froslass|Substitute
|-damage|p2a: Froslass|26/100
|move|p1a: Dondozo|Waterfall|p2a: Froslass
|-end|p2a: Froslass|Substitute
|
|-heal|p1a: Dondozo|72/100 psn|[from] item: Leftovers
|-damage|p1a: Dondozo|60/100 psn|[from] psn
|upkeep
|turn|18
|
|t:|1760891677
|move|p2a: Froslass|Destiny Bond|p2a: Froslass
|-singlemove|p2a: Froslass|Destiny Bond
|move|p1a: Dondozo|Waterfall|p2a: Froslass
|-damage|p2a: Froslass|0 fnt
|faint|p2a: Froslass
|-activate|p2a: Froslass|move: Destiny Bond
|faint|p1a: Dondozo
|
|upkeep
|
|t:|1760891688
|switch|p2a: Ninetales|Ninetales-Alola, F|100/100
|switch|p1a: Ceruledge|Ceruledge, M|1/100
|-weather|Snowscape|[from] ability: Snow Warning|[of] p2a: Ninetales
|-status|p1a: Ceruledge|psn
|turn|19
|
|t:|1760891696
|move|p2a: Ninetales|Protect|p2a: Ninetales
|-singleturn|p2a: Ninetales|Protect
|move|p1a: Ceruledge|Bitter Blade|p2a: Ninetales
|-activate|p2a: Ninetales|move: Protect
|
|-weather|Snowscape|[upkeep]
|-damage|p1a: Ceruledge|0 fnt|[from] psn
|faint|p1a: Ceruledge
|upkeep
|
|t:|1760891703
|switch|p1a: Glimmora|Glimmora, F|100/100
|-sideend|p1: lucbr12|move: Toxic Spikes|[of] p1a: Glimmora
|turn|20
|
|t:|1760891707
|move|p2a: Ninetales|Aurora Veil|p2a: Ninetales
|-sidestart|p2: Hideki2403|move: Aurora Veil
|move|p1a: Glimmora|Toxic|p2a: Ninetales
|-status|p2a: Ninetales|tox
|
|-weather|Snowscape|[upkeep]
|-damage|p2a: Ninetales|95/100 tox|[from] psn
|upkeep
|turn|21
|
|t:|1760891714
|move|p2a: Ninetales|Freeze-Dry|p1a: Glimmora
|-damage|p1a: Glimmora|72/100
|move|p1a: Glimmora|Stealth Rock|p2a: Ninetales
|-sidestart|p2: Hideki2403|move: Stealth Rock
|
|-weather|Snowscape|[upkeep]
|-damage|p2a: Ninetales|83/100 tox|[from] psn
|upkeep
|turn|22
|
|t:|1760891721
|move|p2a: Ninetales|Freeze-Dry|p1a: Glimmora
|-damage|p1a: Glimmora|43/100
|move|p1a: Glimmora|Spikes|p2a: Ninetales
|-sidestart|p2: Hideki2403|Spikes
|
|-weather|Snowscape|[upkeep]
|-damage|p2a: Ninetales|65/100 tox|[from] psn
|upkeep
|turn|23
|inactive|lucbr12 has 120 seconds left.
|
|t:|1760891767
|switch|p1a: Chansey|Chansey, F|100/100
|move|p2a: Ninetales|Freeze-Dry|p1a: Chansey
|-damage|p1a: Chansey|93/100
|
|-weather|none
|-damage|p2a: Ninetales|41/100 tox|[from] psn
|upkeep
|turn|24
|
|t:|1760891778
|switch|p2a: Frosmoth|Frosmoth, F|100/100
|-damage|p2a: Frosmoth|51/100|[from] Stealth Rock
|-damage|p2a: Frosmoth|38/100|[from] Spikes
|move|p1a: Chansey|Thunder Wave|p2a: Frosmoth
|-status|p2a: Frosmoth|par
|
|-heal|p2a: Frosmoth|44/100 par|[from] item: Leftovers
|upkeep
|turn|25
|inactive|lucbr12 has 120 seconds left.
|inactive|lucbr12 has 90 seconds left.
|inactive|lucbr12 has 60 seconds left.
|
|t:|1760891859
|switch|p1a: Glimmora|Glimmora, F|43/100
|move|p2a: Frosmoth|Quiver Dance|p2a: Frosmoth
|-boost|p2a: Frosmoth|spa|1
|-boost|p2a: Frosmoth|spd|1
|-boost|p2a: Frosmoth|spe|1
|
|-heal|p2a: Frosmoth|50/100 par|[from] item: Leftovers
|upkeep
|turn|26
|
|t:|1760891868
|move|p1a: Glimmora|Toxic||[still]
|-fail|p1a: Glimmora
|move|p2a: Frosmoth|Bug Buzz|p1a: Glimmora
|-resisted|p1a: Glimmora
|-damage|p1a: Glimmora|4/100
|
|-heal|p2a: Frosmoth|56/100 par|[from] item: Leftovers
|upkeep
|turn|27
|
|t:|1760891877
|move|p1a: Glimmora|Dazzling Gleam|p2a: Frosmoth
|-damage|p2a: Frosmoth|48/100 par
|move|p2a: Frosmoth|Bug Buzz|p1a: Glimmora
|-resisted|p1a: Glimmora
|-damage|p1a: Glimmora|0 fnt
|faint|p1a: Glimmora
|
|-heal|p2a: Frosmoth|54/100 par|[from] item: Leftovers
|-sideend|p2: Hideki2403|move: Aurora Veil
|upkeep
|inactive|lucbr12 has 60 seconds left.
|inactive|lucbr12 has 30 seconds left.
|inactive|lucbr12 has 20 seconds left.
|inactive|lucbr12 has 15 seconds left.
|inactive|lucbr12 has 10 seconds left.
|inactive|lucbr12 has 5 seconds left.
|-message|lucbr12 lost due to inactivity.
|
|win|Hideki2403
|raw|lucbr12's rating: 1000 &rarr; <strong>1000</strong><br />(+0 for losing)
|raw|Hideki2403's rating: 1040 &rarr; <strong>1070</strong><br />(+30 for winning)
