|j|☆kargreyy
|j|☆obezer
|t:|1760847816
|gametype|singles
|player|p1|kargreyy|2|1345
|player|p2|obezer|marshal|1404
|gen|9
|tier|[Gen 9] OU
|rated|
|rule|HP Percentage Mod: HP is shown in percentages
|rule|Endless Battle Clause: Forcing endless battles is banned
|rule|Species Clause: Limit one of each Pokémon
|rule|OHKO Clause: OHKO moves are banned
|rule|Evasion Items Clause: Evasion items are banned
|rule|Evasion Moves Clause: Evasion moves are banned
|rule|Evasion Abilities Clause: Evasion abilities are banned
|rule|Sleep Moves Clause: Sleep-inducing moves are banned
|clearpoke
|poke|p1|Ogerpon, F|
|poke|p1|Alomomola, F|
|poke|p1|Slowking-Galar, M|
|poke|p1|Keldeo-Resolute|
|poke|p1|Garganacl, M|
|poke|p1|Weezing-Galar, M|
|poke|p2|Kleavor, M|
|poke|p2|Rillaboom, F|
|poke|p2|Sinistcha|
|poke|p2|Bellibolt, F|
|poke|p2|Hawlucha, M|
|poke|p2|Ceruledge, M|
|teampreview
|
|t:|1760847834
|teamsize|p1|6
|teamsize|p2|6
|start
|switch|p1a: Weezing|Weezing-Galar, M|100/100
|switch|p2a: Kleavor|Kleavor, M|100/100
|turn|1
|
|t:|1760847843
|move|p2a: Kleavor|U-turn|p1a: Weezing
|-resisted|p1a: Weezing
|-damage|p1a: Weezing|94/100
|
|t:|1760847846
|switch|p2a: Ceruledge|Ceruledge, M|100/100|[from] U-turn
|move|p1a: Weezing|Will-O-Wisp|p2a: Ceruledge
|-start|p2a: Ceruledge|ability: Flash Fire
|
|upkeep
|turn|2
|
|t:|1760847864
|switch|p1a: Alomomola|Alomomola, F, shiny|100/100
|move|p2a: Ceruledge|Bitter Blade|p1a: Alomomola
|-resisted|p1a: Alomomola
|-damage|p1a: Alomomola|84/100
|-damage|p2a: Ceruledge|84/100|[from] item: Rocky Helmet|[of] p1a: Alomomola
|
|upkeep
|turn|3
|
|t:|1760847875
|move|p2a: Ceruledge|Taunt|p1a: Alomomola
|-start|p1a: Alomomola|move: Taunt
|cant|p1a: Alomomola|move: Taunt|Wish
|
|upkeep
|turn|4
|
|t:|1760847882
|switch|p1a: Keldeo|Keldeo-Resolute|100/100
|move|p2a: Ceruledge|Bulk Up|p2a: Ceruledge
|-boost|p2a: Ceruledge|atk|1
|-boost|p2a: Ceruledge|def|1
|
|upkeep
|turn|5
|
|t:|1760847897
|-terastallize|p2a: Ceruledge|Grass
|move|p1a: Keldeo|Hydro Pump|p2a: Ceruledge
|-resisted|p2a: Ceruledge
|-damage|p2a: Ceruledge|56/100
|move|p2a: Ceruledge|Bitter Blade|p1a: Keldeo
|-resisted|p1a: Keldeo
|-damage|p1a: Keldeo|48/100
|-heal|p2a: Ceruledge|85/100|[from] drain|[of] p1a: Keldeo
|
|-heal|p1a: Keldeo|55/100|[from] item: Leftovers
|upkeep
|turn|6
|
|t:|1760847916
|move|p1a: Keldeo|Secret Sword|p2a: Ceruledge
|-crit|p2a: Ceruledge
|-damage|p2a: Ceruledge|0 fnt
|faint|p2a: Ceruledge
|
|-heal|p1a: Keldeo|61/100|[from] item: Leftovers
|upkeep
|
|t:|1760847930
|switch|p2a: Bellibolt|Bellibolt, F|100/100
|turn|7
|
|t:|1760847946
|switch|p1a: Slowking|Slowking-Galar, M, shiny|100/100
|move|p2a: Bellibolt|Charge Beam|p1a: Slowking
|-damage|p1a: Slowking|87/100
|-boost|p2a: Bellibolt|spa|1
|
|upkeep
|turn|8
|
|t:|1760847954
|move|p2a: Bellibolt|Acid Spray|p1a: Slowking
|-resisted|p1a: Slowking
|-damage|p1a: Slowking|82/100
|-unboost|p1a: Slowking|spd|2
|move|p1a: Slowking|Future Sight|p2a: Bellibolt
|-start|p1a: Slowking|move: Future Sight
|
|upkeep
|turn|9
|
|t:|1760847969
|switch|p1a: Garganacl|Garganacl, M, shiny|100/100
|move|p2a: Bellibolt|Parabolic Charge|p1a: Garganacl
|-damage|p1a: Garganacl|61/100
|
|-heal|p1a: Garganacl|67/100|[from] item: Leftovers
|upkeep
|turn|10
|
|t:|1760847980
|move|p2a: Bellibolt|Charge Beam|p1a: Garganacl
|-damage|p1a: Garganacl|35/100
|-boost|p2a: Bellibolt|spa|1
|move|p1a: Garganacl|Salt Cure|p2a: Bellibolt
|-damage|p2a: Bellibolt|85/100
|-start|p2a: Bellibolt|Salt Cure
|-start|p2a: Bellibolt|Charge|Salt Cure|[from] ability: Electromorphosis
|
|-end|p2a: Bellibolt|move: Future Sight
|-damage|p2a: Bellibolt|48/100
|-start|p2a: Bellibolt|Charge|Future Sight|[from] ability: Electromorphosis
|-heal|p1a: Garganacl|41/100|[from] item: Leftovers
|-damage|p2a: Bellibolt|36/100|[from] Salt Cure
|upkeep
|turn|11
|
|t:|1760847997
|move|p2a: Bellibolt|Parabolic Charge|p1a: Garganacl
|-damage|p1a: Garganacl|0 fnt
|-heal|p2a: Bellibolt|57/100|[from] drain|[of] p1a: Garganacl
|faint|p1a: Garganacl
|-end|p2a: Bellibolt|Charge|[silent]
|
|-damage|p2a: Bellibolt|45/100|[from] Salt Cure
|upkeep
|
|t:|1760848007
|switch|p1a: Anonymous|Ogerpon, F|100/100
|turn|12
|
|t:|1760848021
|switch|p2a: Sinistcha|Sinistcha|100/100
|move|p1a: Anonymous|Ivy Cudgel|p2a: Sinistcha
|-resisted|p2a: Sinistcha
|-crit|p2a: Sinistcha
|-damage|p2a: Sinistcha|61/100
|
|upkeep
|turn|13
|
|t:|1760848030
|switch|p1a: Slowking|Slowking-Galar, M, shiny|100/100
|move|p2a: Sinistcha|Shadow Ball|p1a: Slowking
|-supereffective|p1a: Slowking
|-damage|p1a: Slowking|62/100
|
|upkeep
|turn|14
|
|t:|1760848042
|move|p2a: Sinistcha|Calm Mind|p2a: Sinistcha
|-boost|p2a: Sinistcha|spa|1
|-boost|p2a: Sinistcha|spd|1
|move|p1a: Slowking|Future Sight|p2a: Sinistcha
|-start|p1a: Slowking|move: Future Sight
|
|upkeep
|turn|15
|
|t:|1760848049
|move|p2a: Sinistcha|Shadow Ball|p1a: Slowking
|-supereffective|p1a: Slowking
|-crit|p1a: Slowking
|-damage|p1a: Slowking|0 fnt
|faint|p1a: Slowking
|
|upkeep
|
|t:|1760848057
|switch|p1a: Anonymous|Ogerpon, F|100/100
|turn|16
|
|t:|1760848060
|move|p1a: Anonymous|Knock Off|p2a: Sinistcha
|-supereffective|p2a: Sinistcha
|-damage|p2a: Sinistcha|0 fnt
|-enditem|p2a: Sinistcha|Covert Cloak|[from] move: Knock Off|[of] p1a: Anonymous
|faint|p2a: Sinistcha
|
|-hint|Future Sight did not hit because the target is fainted.
|upkeep
|
|t:|1760848069
|switch|p2a: Rillaboom|Rillaboom, F|100/100
|-fieldstart|move: Grassy Terrain|[from] ability: Grassy Surge|[of] p2a: Rillaboom
|turn|17
|
|t:|1760848074
|switch|p1a: Weezing|Weezing-Galar, M|94/100
|move|p2a: Rillaboom|U-turn|p1a: Weezing
|-resisted|p1a: Weezing
|-damage|p1a: Weezing|89/100
|-damage|p2a: Rillaboom|91/100|[from] item: Life Orb
|
|t:|1760848077
|switch|p2a: Hawlucha|Hawlucha, M|100/100|[from] U-turn
|-enditem|p2a: Hawlucha|Grassy Seed
|-boost|p2a: Hawlucha|def|1|[from] item: Grassy Seed
|
|upkeep
|turn|18
|
|t:|1760848084
|move|p2a: Hawlucha|Substitute|p2a: Hawlucha
|-start|p2a: Hawlucha|Substitute
|-damage|p2a: Hawlucha|76/100
|move|p1a: Weezing|Will-O-Wisp||[still]
|-fail|p1a: Weezing
|
|upkeep
|turn|19
|
|t:|1760848088
|move|p2a: Hawlucha|Swords Dance|p2a: Hawlucha
|-boost|p2a: Hawlucha|atk|2
|move|p1a: Weezing|Strange Steam|p2a: Hawlucha|[miss]
|-miss|p1a: Weezing|p2a: Hawlucha
|
|upkeep
|turn|20
|
|t:|1760848094
|move|p2a: Hawlucha|Swords Dance|p2a: Hawlucha
|-boost|p2a: Hawlucha|atk|2
|move|p1a: Weezing|Strange Steam|p2a: Hawlucha
|-supereffective|p2a: Hawlucha
|-end|p2a: Hawlucha|Substitute
|
|upkeep
|turn|21
|
|t:|1760848102
|move|p2a: Hawlucha|Acrobatics|p1a: Weezing
|-damage|p1a: Weezing|0 fnt
|faint|p1a: Weezing
|
|-fieldend|move: Grassy Terrain
|upkeep
|
|t:|1760848111
|switch|p1a: Alomomola|Alomomola, F, shiny|100/100
|turn|22
|
|t:|1760848119
|move|p2a: Hawlucha|Substitute|p2a: Hawlucha
|-start|p2a: Hawlucha|Substitute
|-damage|p2a: Hawlucha|51/100
|move|p1a: Alomomola|Wish|p1a: Alomomola
|
|upkeep
|turn|23
|
|t:|1760848132
|move|p2a: Hawlucha|Drain Punch|p1a: Alomomola
|-damage|p1a: Alomomola|46/100
|-heal|p2a: Hawlucha|94/100|[from] drain|[of] p1a: Alomomola
|-damage|p2a: Hawlucha|77/100|[from] item: Rocky Helmet|[of] p1a: Alomomola
|move|p1a: Alomomola|Flip Turn|p2a: Hawlucha
|-activate|p2a: Hawlucha|move: Substitute|[damage]
|
|t:|1760848140
|switch|p1a: Keldeo|Keldeo-Resolute|61/100|[from] Flip Turn
|
|-heal|p1a: Keldeo|100/100|[from] move: Wish|[wisher] Alomomola
|upkeep
|turn|24
|
|t:|1760848145
|switch|p1a: Alomomola|Alomomola, F, shiny|79/100
|move|p2a: Hawlucha|Acrobatics|p1a: Alomomola
|-damage|p1a: Alomomola|0 fnt
|-damage|p2a: Hawlucha|61/100|[from] item: Rocky Helmet|[of] p1a: Alomomola
|faint|p1a: Alomomola
|
|upkeep
|-message|kargreyy forfeited.
|
|win|obezer
|raw|kargreyy's rating: 1345 &rarr; <strong>1328</strong><br />(-17 for losing)
|raw|obezer's rating: 1404 &rarr; <strong>1421</strong><br />(+17 for winning)
|l|☆kargreyy
|player|p1|
|l|☆obezer
|player|p2|
