|j|☆Grindset mindset
|j|☆fajita squad
|t:|1760726401
|gametype|singles
|player|p1|Grindset mindset|skyla|1517
|player|p2|fajita squad|elesa|1547
|gen|9
|tier|[Gen 9] OU
|rated|
|rule|HP Percentage Mod: HP is shown in percentages
|rule|Endless Battle Clause: Forcing endless battles is banned
|rule|Species Clause: Limit one of each Pokémon
|rule|OHKO Clause: OHKO moves are banned
|rule|Evasion Items Clause: Evasion items are banned
|rule|Evasion Moves Clause: Evasion moves are banned
|rule|Evasion Abilities Clause: Evasion abilities are banned
|rule|Sleep Moves Clause: Sleep-inducing moves are banned
|clearpoke
|poke|p1|Ogerpon-Cornerstone, F|
|poke|p1|Primarina, F|
|poke|p1|Armarouge, M|
|poke|p1|Raging Bolt|
|poke|p1|Great Tusk|
|poke|p1|Zapdos-Galar|
|poke|p2|Darkrai|
|poke|p2|Garchomp, F|
|poke|p2|Great Tusk|
|poke|p2|Moltres|
|poke|p2|Ogerpon-Wellspring, F|
|poke|p2|Pecharunt|
|teampreview
|inactive|Battle timer is ON: inactive players will automatically lose when time's up. (requested by Grindset mindset)
|
|t:|1760726419
|teamsize|p1|6
|teamsize|p2|6
|start
|switch|p1a: Primarina|Primarina, F|100/100
|switch|p2a: Garchomp|Garchomp, F|100/100
|turn|1
|
|t:|1760726427
|switch|p2a: Pecharunt|Pecharunt|100/100
|move|p1a: Primarina|Moonblast|p2a: Pecharunt
|-resisted|p2a: Pecharunt
|-damage|p2a: Pecharunt|61/100
|
|upkeep
|turn|2
|
|t:|1760726433
|switch|p1a: Raging Bolt|Raging Bolt|100/100
|move|p2a: Pecharunt|Malignant Chain|p1a: Raging Bolt
|-damage|p1a: Raging Bolt|72/100
|
|-heal|p1a: Raging Bolt|79/100|[from] item: Leftovers
|upkeep
|turn|3
|
|t:|1760726439
|move|p2a: Pecharunt|Malignant Chain|p1a: Raging Bolt
|-damage|p1a: Raging Bolt|51/100
|-status|p1a: Raging Bolt|tox
|-start|p1a: Raging Bolt|confusion|[from] ability: Poison Puppeteer|[of] p2a: Pecharunt
|-activate|p1a: Raging Bolt|confusion
|-damage|p1a: Raging Bolt|46/100 tox|[from] confusion
|
|-heal|p1a: Raging Bolt|52/100 tox|[from] item: Leftovers
|-damage|p1a: Raging Bolt|46/100 tox|[from] psn
|upkeep
|turn|4
|
|t:|1760726445
|move|p2a: Pecharunt|Recover|p2a: Pecharunt
|-heal|p2a: Pecharunt|100/100
|-activate|p1a: Raging Bolt|confusion
|move|p1a: Raging Bolt|Dragon Pulse|p2a: Pecharunt
|-damage|p2a: Pecharunt|54/100
|
|-heal|p1a: Raging Bolt|52/100 tox|[from] item: Leftovers
|-damage|p1a: Raging Bolt|40/100 tox|[from] psn
|upkeep
|turn|5
|
|t:|1760726451
|move|p2a: Pecharunt|Recover|p2a: Pecharunt
|-heal|p2a: Pecharunt|100/100
|-activate|p1a: Raging Bolt|confusion
|move|p1a: Raging Bolt|Ancient Power|p2a: Pecharunt
|-damage|p2a: Pecharunt|75/100
|
|-heal|p1a: Raging Bolt|46/100 tox|[from] item: Leftovers
|-damage|p1a: Raging Bolt|27/100 tox|[from] psn
|upkeep
|turn|6
|
|t:|1760726456
|move|p2a: Pecharunt|Hex|p1a: Raging Bolt
|-damage|p1a: Raging Bolt|0 fnt
|faint|p1a: Raging Bolt
|-end|p1a: Raging Bolt|Protosynthesis|[silent]
|
|upkeep
|
|t:|1760726459
|switch|p1a: Primarina|Primarina, F|100/100
|turn|7
|
|t:|1760726466
|move|p2a: Pecharunt|Malignant Chain|p1a: Primarina
|-supereffective|p1a: Primarina
|-damage|p1a: Primarina|49/100
|-status|p1a: Primarina|tox
|-start|p1a: Primarina|confusion|[from] ability: Poison Puppeteer|[of] p2a: Pecharunt
|-activate|p1a: Primarina|confusion
|move|p1a: Primarina|Moonblast|p2a: Pecharunt
|-resisted|p2a: Pecharunt
|-damage|p2a: Pecharunt|34/100
|
|-damage|p1a: Primarina|43/100 tox|[from] psn
|upkeep
|turn|8
|
|t:|1760726473
|move|p2a: Pecharunt|Recover|p2a: Pecharunt
|-heal|p2a: Pecharunt|84/100
|-activate|p1a: Primarina|confusion
|move|p1a: Primarina|Moonblast|p2a: Pecharunt
|-resisted|p2a: Pecharunt
|-damage|p2a: Pecharunt|42/100
|
|-damage|p1a: Primarina|31/100 tox|[from] psn
|upkeep
|turn|9
|
|t:|1760726477
|move|p2a: Pecharunt|Recover|p2a: Pecharunt
|-heal|p2a: Pecharunt|92/100
|-end|p1a: Primarina|confusion
|move|p1a: Primarina|Moonblast|p2a: Pecharunt
|-resisted|p2a: Pecharunt
|-damage|p2a: Pecharunt|54/100
|
|-damage|p1a: Primarina|13/100 tox|[from] psn
|upkeep
|turn|10
|
|t:|1760726481
|move|p2a: Pecharunt|Hex|p1a: Primarina
|-crit|p1a: Primarina
|-damage|p1a: Primarina|0 fnt
|faint|p1a: Primarina
|
|upkeep
|
|t:|1760726483
|switch|p1a: Ogerpon|Ogerpon-Cornerstone, F|100/100
|turn|11
|
|t:|1760726487
|move|p1a: Ogerpon|Swords Dance|p1a: Ogerpon
|-boost|p1a: Ogerpon|atk|2
|move|p2a: Pecharunt|Recover|p2a: Pecharunt
|-heal|p2a: Pecharunt|100/100
|
|upkeep
|turn|12
|
|t:|1760726489
|move|p1a: Ogerpon|Ivy Cudgel|p2a: Pecharunt|[anim] Ivy Cudgel Rock
|-damage|p2a: Pecharunt|47/100
|move|p2a: Pecharunt|Malignant Chain|p1a: Ogerpon
|-damage|p1a: Ogerpon|66/100
|
|upkeep
|turn|13
|
|t:|1760726493
|move|p1a: Ogerpon|Ivy Cudgel|p2a: Pecharunt|[anim] Ivy Cudgel Rock
|-damage|p2a: Pecharunt|0 fnt
|faint|p2a: Pecharunt
|
|upkeep
|
|t:|1760726501
|switch|p2a: Garchomp|Garchomp, F|100/100
|turn|14
|
|t:|1760726503
|move|p1a: Ogerpon|Power Whip|p2a: Garchomp|[miss]
|-miss|p1a: Ogerpon|p2a: Garchomp
|move|p2a: Garchomp|Dragon Tail|p1a: Ogerpon
|-damage|p1a: Ogerpon|32/100
|drag|p1a: Great Tusk|Great Tusk|100/100
|-enditem|p1a: Great Tusk|Booster Energy
|-activate|p1a: Great Tusk|ability: Protosynthesis|[fromitem]
|-start|p1a: Great Tusk|protosynthesisatk
|
|upkeep
|turn|15
|
|t:|1760726507
|move|p1a: Great Tusk|Ice Spinner|p2a: Garchomp
|-supereffective|p2a: Garchomp
|-damage|p2a: Garchomp|0 fnt
|-damage|p1a: Great Tusk|88/100|[from] ability: Rough Skin|[of] p2a: Garchomp
|-damage|p1a: Great Tusk|72/100|[from] item: Rocky Helmet|[of] p2a: Garchomp
|faint|p2a: Garchomp
|
|upkeep
|
|t:|1760726515
|switch|p2a: Ogerpon|Ogerpon-Wellspring, F|100/100
|turn|16
|
|t:|1760726518
|move|p2a: Ogerpon|Ivy Cudgel|p1a: Great Tusk|[anim] Ivy Cudgel Water
|-supereffective|p1a: Great Tusk
|-damage|p1a: Great Tusk|0 fnt
|faint|p1a: Great Tusk
|-end|p1a: Great Tusk|Protosynthesis|[silent]
|
|upkeep
|
|t:|1760726522
|switch|p1a: Armarouge|Armarouge, M|100/100
|turn|17
|
|t:|1760726529
|switch|p2a: Moltres|Moltres|100/100
|move|p1a: Armarouge|Endure||[still]
|-fail|p1a: Armarouge
|
|upkeep
|turn|18
|
|t:|1760726531
|switch|p1a: Ogerpon|Ogerpon-Cornerstone, F|32/100
|move|p2a: Moltres|Roar|p1a: Ogerpon
|drag|p1a: Armarouge|Armarouge, M|100/100
|
|upkeep
|turn|19
|
|t:|1760726535
|switch|p1a: Ogerpon|Ogerpon-Cornerstone, F|32/100
|move|p2a: Moltres|Flamethrower|p1a: Ogerpon
|-damage|p1a: Ogerpon|0 fnt
|faint|p1a: Ogerpon
|
|upkeep
|
|t:|1760726539
|switch|p1a: Zapdos|Zapdos-Galar|100/100
|turn|20
|
|t:|1760726542
|move|p1a: Zapdos|Brave Bird|p2a: Moltres
|-damage|p2a: Moltres|24/100
|-damage|p1a: Zapdos|71/100|[from] Recoil
|move|p2a: Moltres|Flamethrower|p1a: Zapdos
|-damage|p1a: Zapdos|29/100
|
|upkeep
|turn|21
|
|t:|1760726546
|move|p1a: Zapdos|Brave Bird|p2a: Moltres
|-damage|p2a: Moltres|0 fnt
|-status|p1a: Zapdos|brn|[from] ability: Flame Body|[of] p2a: Moltres
|faint|p2a: Moltres
|-damage|p1a: Zapdos|20/100 brn|[from] Recoil
|
|-damage|p1a: Zapdos|14/100 brn|[from] brn
|upkeep
|
|t:|1760726551
|switch|p2a: Darkrai|Darkrai, shiny|100/100
|turn|22
|
|t:|1760726555
|move|p2a: Darkrai|Ice Beam|p1a: Zapdos
|-supereffective|p1a: Zapdos
|-damage|p1a: Zapdos|0 fnt
|faint|p1a: Zapdos
|
|upkeep
|
|t:|1760726556
|switch|p1a: Armarouge|Armarouge, M|100/100
|turn|23
|
|t:|1760726557
|move|p2a: Darkrai|Dark Pulse|p1a: Armarouge
|-supereffective|p1a: Armarouge
|-damage|p1a: Armarouge|12/100
|-enditem|p1a: Armarouge|Weakness Policy
|-boost|p1a: Armarouge|atk|2|[from] item: Weakness Policy
|-boost|p1a: Armarouge|spa|2|[from] item: Weakness Policy
|move|p1a: Armarouge|Armor Cannon|p2a: Darkrai
|-damage|p2a: Darkrai|0 fnt
|-unboost|p1a: Armarouge|def|1
|-unboost|p1a: Armarouge|spd|1
|faint|p2a: Darkrai
|
|upkeep
|
|t:|1760726564
|switch|p2a: Ogerpon|Ogerpon-Wellspring, F|100/100
|turn|24
|
|t:|1760726572
|move|p2a: Ogerpon|Ivy Cudgel|p1a: Armarouge|[anim] Ivy Cudgel Water
|-supereffective|p1a: Armarouge
|-damage|p1a: Armarouge|0 fnt
|faint|p1a: Armarouge
|
|win|fajita squad
|raw|Grindset mindset's rating: 1517 &rarr; <strong>1499</strong><br />(-18 for losing)
|raw|fajita squad's rating: 1547 &rarr; <strong>1565</strong><br />(+18 for winning)
|l|☆Grindset mindset
|player|p1|
|l|☆fajita squad
|player|p2|
