|j|☆Obito 2001
|j|☆flygonisdragon
|t:|1760850889
|gametype|singles
|player|p1|Obito 2001|blue-gen3two|1726
|player|p2|flygonisdragon|serena-masters|1666
|gen|9
|tier|[Gen 9] OU
|rated|
|rule|HP Percentage Mod: HP is shown in percentages
|rule|Endless Battle Clause: Forcing endless battles is banned
|rule|Species Clause: Limit one of each Pokémon
|rule|OHKO Clause: OHKO moves are banned
|rule|Evasion Items Clause: Evasion items are banned
|rule|Evasion Moves Clause: Evasion moves are banned
|rule|Evasion Abilities Clause: Evasion abilities are banned
|rule|Sleep Moves Clause: Sleep-inducing moves are banned
|clearpoke
|poke|p1|Maushold-Four|
|poke|p1|Comfey, F|
|poke|p1|Grimmsnarl, M|
|poke|p1|Iron Crown|
|poke|p1|Ogerpon-Wellspring, F|
|poke|p1|Great Tusk|
|poke|p2|Clefable, F|
|poke|p2|Heatran, F|
|poke|p2|Corviknight, F|
|poke|p2|Kyurem|
|poke|p2|Ursaluna, M|
|poke|p2|Quaquaval, M|
|teampreview
|inactive|Battle timer is ON: inactive players will automatically lose when time's up. (requested by Obito 2001)
|
|t:|1760850898
|teamsize|p1|6
|teamsize|p2|6
|start
|switch|p1a: Screen Goblin|Grimmsnarl, M|100/100
|switch|p2a: Heatran|Heatran, F|100/100
|turn|1
|
|t:|1760850901
|move|p1a: Screen Goblin|Light Screen|p1a: Screen Goblin
|-sidestart|p1: Obito 2001|move: Light Screen
|move|p2a: Heatran|Magma Storm|p1a: Screen Goblin
|-damage|p1a: Screen Goblin|78/100
|-activate|p1a: Screen Goblin|move: Magma Storm|[of] p2a: Heatran
|
|-damage|p1a: Screen Goblin|65/100|[from] move: Magma Storm|[partiallytrapped]
|upkeep
|turn|2
|
|t:|1760850906
|move|p1a: Screen Goblin|Parting Shot|p2a: Heatran
|-unboost|p2a: Heatran|atk|1
|-unboost|p2a: Heatran|spa|1
|
|t:|1760850909
|switch|p1a: Mega Donphan|Great Tusk|100/100|[from] Parting Shot
|move|p2a: Heatran|Taunt|p1a: Mega Donphan
|-start|p1a: Mega Donphan|move: Taunt
|
|upkeep
|turn|3
|j| Togekiss2000
|
|t:|1760850914
|-end|p1a: Mega Donphan|Protosynthesis|[silent]
|switch|p1a: Zanpakuto🗡️|Iron Crown|100/100
|switch|p2a: Corviknight|Corviknight, F|100/100
|-ability|p2a: Corviknight|Pressure
|
|upkeep
|turn|4
|
|t:|1760850920
|switch|p2a: Heatran|Heatran, F|100/100
|move|p1a: Zanpakuto🗡️|Volt Switch|p2a: Heatran
|-damage|p2a: Heatran|77/100
|
|t:|1760850923
|-end|p1a: Zanpakuto🗡️|Quark Drive|[silent]
|switch|p1a: 🎭|Ogerpon-Wellspring, F|100/100|[from] Volt Switch
|
|-heal|p2a: Heatran|83/100|[from] item: Leftovers
|upkeep
|turn|5
|
|t:|1760850927
|switch|p2a: Corviknight|Corviknight, F|100/100
|-ability|p2a: Corviknight|Pressure
|move|p1a: 🎭|Ivy Cudgel|p2a: Corviknight|[anim] Ivy Cudgel Water
|-damage|p2a: Corviknight|60/100
|
|upkeep
|turn|6
|
|t:|1760850932
|switch|p1a: Zanpakuto🗡️|Iron Crown|100/100
|move|p2a: Corviknight|Roost|p2a: Corviknight
|-heal|p2a: Corviknight|100/100
|-singleturn|p2a: Corviknight|move: Roost
|
|upkeep
|turn|7
|
|t:|1760850935
|switch|p2a: Ursaluna|Ursaluna, M|100/100
|move|p1a: Zanpakuto🗡️|Focus Blast|p2a: Ursaluna
|-immune|p2a: Ursaluna|[from] ability: Bulletproof
|
|upkeep
|turn|8
|j| XxH0meland3r420xX
|
|t:|1760850941
|move|p1a: Zanpakuto🗡️|Focus Blast|p2a: Ursaluna
|-immune|p2a: Ursaluna|[from] ability: Bulletproof
|move|p2a: Ursaluna|Headlong Rush|p1a: Zanpakuto🗡️
|-supereffective|p1a: Zanpakuto🗡️
|-damage|p1a: Zanpakuto🗡️|0 fnt
|-unboost|p2a: Ursaluna|def|1
|-unboost|p2a: Ursaluna|spd|1
|faint|p1a: Zanpakuto🗡️
|-end|p1a: Zanpakuto🗡️|Quark Drive|[silent]
|
|-sideend|p1: Obito 2001|move: Light Screen
|upkeep
|
|t:|1760850951
|switch|p1a: 🎭|Ogerpon-Wellspring, F|100/100
|turn|9
|
|t:|1760850953
|switch|p2a: Corviknight|Corviknight, F|100/100
|-ability|p2a: Corviknight|Pressure
|move|p1a: 🎭|Swords Dance|p1a: 🎭
|-boost|p1a: 🎭|atk|2
|
|upkeep
|turn|10
|
|t:|1760850959
|-terastallize|p1a: 🎭|Water
|detailschange|p1a: 🎭|Ogerpon-Wellspring-Tera, F, tera:Water
|-ability|p1a: 🎭|Embody Aspect (Wellspring)|boost
|-boost|p1a: 🎭|spd|1
|move|p1a: 🎭|Ivy Cudgel|p2a: Corviknight|[anim] Ivy Cudgel Water
|-damage|p2a: Corviknight|0 fnt
|faint|p2a: Corviknight
|
|upkeep
|
|t:|1760850966
|switch|p2a: Clefable|Clefable, F|100/100
|turn|11
|
|t:|1760850969
|move|p1a: 🎭|Ivy Cudgel|p2a: Clefable|[anim] Ivy Cudgel Water
|-damage|p2a: Clefable|40/100
|move|p2a: Clefable|Thunder Wave|p1a: 🎭
|-status|p1a: 🎭|par
|
|upkeep
|turn|12
|
|t:|1760850975
|move|p1a: 🎭|Ivy Cudgel|p2a: Clefable|[anim] Ivy Cudgel Water
|-damage|p2a: Clefable|0 fnt
|faint|p2a: Clefable
|
|upkeep
|
|t:|1760850997
|switch|p2a: Kyurem|Kyurem|100/100
|-ability|p2a: Kyurem|Pressure
|turn|13
|j| Scoob252525
|
|t:|1760851026
|move|p2a: Kyurem|Freeze-Dry|p1a: 🎭
|-supereffective|p1a: 🎭
|-damage|p1a: 🎭|38/100 par
|move|p1a: 🎭|Play Rough|p2a: Kyurem
|-supereffective|p2a: Kyurem
|-damage|p2a: Kyurem|0 fnt
|faint|p2a: Kyurem
|
|upkeep
|
|t:|1760851031
|switch|p2a: Quaquaval|Quaquaval, M, shiny|100/100
|turn|14
|
|t:|1760851039
|move|p2a: Quaquaval|Close Combat|p1a: 🎭
|-damage|p1a: 🎭|0 fnt
|-unboost|p2a: Quaquaval|def|1
|-unboost|p2a: Quaquaval|spd|1
|faint|p1a: 🎭
|detailschange|p1: 🎭|Ogerpon-Wellspring, F|[silent]
|-ability|p2a: Quaquaval|Moxie|boost
|-boost|p2a: Quaquaval|atk|1
|
|upkeep
|
|t:|1760851045
|switch|p1a: Gang bang|Maushold-Four|100/100
|turn|15
|
|t:|1760851055
|switch|p2a: Heatran|Heatran, F|83/100
|move|p1a: Gang bang|Population Bomb|p2a: Heatran
|-resisted|p2a: Heatran
|-damage|p2a: Heatran|78/100
|-resisted|p2a: Heatran
|-damage|p2a: Heatran|74/100
|-hitcount|p2a: Heatran|2
|
|-heal|p2a: Heatran|80/100|[from] item: Leftovers
|upkeep
|turn|16
|l| Togekiss2000
|inactive|Obito 2001 has 120 seconds left.
|
|t:|1760851099
|switch|p1a: Mega Donphan|Great Tusk|100/100
|move|p2a: Heatran|Magma Storm|p1a: Mega Donphan|[miss]
|-miss|p2a: Heatran|p1a: Mega Donphan
|
|-heal|p2a: Heatran|87/100|[from] item: Leftovers
|upkeep
|turn|17
|
|t:|1760851113
|-terastallize|p2a: Heatran|Grass
|move|p1a: Mega Donphan|Headlong Rush|p2a: Heatran
|-resisted|p2a: Heatran
|-damage|p2a: Heatran|61/100
|-unboost|p1a: Mega Donphan|def|1
|-unboost|p1a: Mega Donphan|spd|1
|move|p2a: Heatran|Stealth Rock|p1a: Mega Donphan
|-sidestart|p1: Obito 2001|move: Stealth Rock
|
|-heal|p2a: Heatran|67/100|[from] item: Leftovers
|upkeep
|turn|18
|inactive|Obito 2001 has 120 seconds left.
|
|t:|1760851139
|move|p1a: Mega Donphan|Ice Spinner|p2a: Heatran
|-supereffective|p2a: Heatran
|-damage|p2a: Heatran|20/100
|move|p2a: Heatran|Magma Storm|p1a: Mega Donphan
|-damage|p1a: Mega Donphan|6/100
|-activate|p1a: Mega Donphan|move: Magma Storm|[of] p2a: Heatran
|
|-heal|p2a: Heatran|27/100|[from] item: Leftovers
|-damage|p1a: Mega Donphan|0 fnt|[from] move: Magma Storm|[partiallytrapped]
|faint|p1a: Mega Donphan
|-end|p1a: Mega Donphan|Protosynthesis|[silent]
|upkeep
|
|t:|1760851142
|switch|p1a: Gang bang|Maushold-Four|100/100
|-damage|p1a: Gang bang|88/100|[from] Stealth Rock
|turn|19
|
|t:|1760851150
|move|p1a: Gang bang|Population Bomb|p2a: Heatran
|-damage|p2a: Heatran|18/100
|-damage|p2a: Heatran|10/100
|-damage|p2a: Heatran|0 fnt
|faint|p2a: Heatran
|-hitcount|p2: Heatran|3
|
|upkeep
|j| VicBossMG
|
|t:|1760851156
|switch|p2a: Quaquaval|Quaquaval, M, shiny|100/100
|turn|20
|j| Kyurem
|
|t:|1760851162
|move|p1a: Gang bang|Population Bomb|p2a: Quaquaval
|-damage|p2a: Quaquaval|87/100
|-damage|p2a: Quaquaval|72/100
|-damage|p2a: Quaquaval|57/100
|-damage|p2a: Quaquaval|44/100
|-damage|p2a: Quaquaval|29/100
|-damage|p2a: Quaquaval|13/100
|-damage|p2a: Quaquaval|0 fnt
|faint|p2a: Quaquaval
|-hitcount|p2: Quaquaval|7
|
|upkeep
|
|t:|1760851165
|switch|p2a: Ursaluna|Ursaluna, M|100/100
|turn|21
|j| Lamp0821
|
|t:|1760851175
|move|p1a: Gang bang|Population Bomb|p2a: Ursaluna
|-damage|p2a: Ursaluna|92/100
|-damage|p2a: Ursaluna|84/100
|-damage|p2a: Ursaluna|77/100
|-damage|p2a: Ursaluna|70/100
|-damage|p2a: Ursaluna|62/100
|-damage|p2a: Ursaluna|53/100
|-damage|p2a: Ursaluna|45/100
|-damage|p2a: Ursaluna|38/100
|-damage|p2a: Ursaluna|30/100
|-damage|p2a: Ursaluna|22/100
|-hitcount|p2a: Ursaluna|10
|move|p2a: Ursaluna|Close Combat|p1a: Gang bang
|-supereffective|p1a: Gang bang
|-damage|p1a: Gang bang|0 fnt
|-unboost|p2a: Ursaluna|def|1
|-unboost|p2a: Ursaluna|spd|1
|faint|p1a: Gang bang
|
|upkeep
|
|t:|1760851177
|switch|p1a: Huh-Yunjin💋|Comfey, F|100/100
|-damage|p1a: Huh-Yunjin💋|88/100|[from] Stealth Rock
|turn|22
|
|t:|1760851179
|move|p1a: Huh-Yunjin💋|Giga Drain|p2a: Ursaluna
|-supereffective|p2a: Ursaluna
|-damage|p2a: Ursaluna|0 fnt
|-heal|p1a: Huh-Yunjin💋|100/100|[from] drain|[of] p2a: Ursaluna
|faint|p2a: Ursaluna
|
|win|Obito 2001
|raw|Obito 2001's rating: 1726 &rarr; <strong>1743</strong><br />(+17 for winning)
|raw|flygonisdragon's rating: 1666 &rarr; <strong>1649</strong><br />(-17 for losing)
|l| VicBossMG
|l|☆flygonisdragon
|player|p2|
|l|☆Obito 2001
|player|p1|
|l| XxH0meland3r420xX
|l| Lamp0821
|l| Scoob252525
