|j|☆skater66
|j|☆LT02
|t:|1760867772
|gametype|singles
|player|p1|skater66|2|1285
|player|p2|LT02|ingo|1318
|gen|9
|tier|[Gen 9] OU
|rated|
|rule|HP Percentage Mod: HP is shown in percentages
|rule|Endless Battle Clause: Forcing endless battles is banned
|rule|Species Clause: Limit one of each Pokémon
|rule|OHKO Clause: OHKO moves are banned
|rule|Evasion Items Clause: Evasion items are banned
|rule|Evasion Moves Clause: Evasion moves are banned
|rule|Evasion Abilities Clause: Evasion abilities are banned
|rule|Sleep Moves Clause: Sleep-inducing moves are banned
|clearpoke
|poke|p1|Dragapult, F|
|poke|p1|Blaziken, M|
|poke|p1|Gliscor, F|
|poke|p1|Zapdos|
|poke|p1|Ditto|
|poke|p1|Glimmora, M|
|poke|p2|Porygon-Z|
|poke|p2|Rillaboom, F|
|poke|p2|Blaziken, F|
|poke|p2|Great Tusk|
|poke|p2|Alomomola, F|
|poke|p2|Kingambit, F|
|teampreview
|inactive|Battle timer is ON: inactive players will automatically lose when time's up. (requested by LT02)
|
|t:|1760867779
|teamsize|p1|6
|teamsize|p2|6
|start
|switch|p1a: Glimmora|Glimmora, M|100/100
|switch|p2a: Porygon-Z|Porygon-Z|100/100
|-ability|p2a: Porygon-Z|Download|boost
|-boost|p2a: Porygon-Z|spa|1
|turn|1
|
|t:|1760867789
|move|p2a: Porygon-Z|Ice Beam|p1a: Glimmora
|-damage|p1a: Glimmora|0 fnt
|faint|p1a: Glimmora
|
|upkeep
|
|t:|1760867797
|switch|p1a: Blaziken|Blaziken, M|100/100
|turn|2
|
|t:|1760867802
|switch|p2a: Great Tusk|Great Tusk|100/100
|-terastallize|p1a: Blaziken|Dark
|move|p1a: Blaziken|Swords Dance|p1a: Blaziken
|-boost|p1a: Blaziken|atk|2
|
|-ability|p1a: Blaziken|Speed Boost|boost
|-boost|p1a: Blaziken|spe|1
|upkeep
|turn|3
|
|t:|1760867810
|move|p1a: Blaziken|Protect|p1a: Blaziken
|-singleturn|p1a: Blaziken|Protect
|move|p2a: Great Tusk|Headlong Rush|p1a: Blaziken
|-activate|p1a: Blaziken|move: Protect
|
|-ability|p1a: Blaziken|Speed Boost|boost
|-boost|p1a: Blaziken|spe|1
|upkeep
|turn|4
|
|t:|1760867818
|move|p1a: Blaziken|Close Combat|p2a: Great Tusk
|-damage|p2a: Great Tusk|16/100
|-unboost|p1a: Blaziken|def|1
|-unboost|p1a: Blaziken|spd|1
|-damage|p1a: Blaziken|84/100|[from] item: Rocky Helmet|[of] p2a: Great Tusk
|move|p2a: Great Tusk|Headlong Rush|p1a: Blaziken
|-damage|p1a: Blaziken|0 fnt
|-unboost|p2a: Great Tusk|def|1
|-unboost|p2a: Great Tusk|spd|1
|faint|p1a: Blaziken
|
|upkeep
|
|t:|1760867831
|switch|p1a: Dragapult|Dragapult, F|100/100
|turn|5
|
|t:|1760867835
|-end|p2a: Great Tusk|Protosynthesis|[silent]
|switch|p2a: Kingambit|Kingambit, F|100/100
|move|p1a: Dragapult|U-turn|p2a: Kingambit
|-damage|p2a: Kingambit|77/100
|
|t:|1760867842
|switch|p1a: Zapdos|Zapdos|100/100|[from] U-turn
|
|-heal|p2a: Kingambit|83/100|[from] item: Leftovers
|upkeep
|turn|6
|
|t:|1760867846
|move|p1a: Zapdos|Thunderbolt|p2a: Kingambit
|-damage|p2a: Kingambit|33/100
|-damage|p1a: Zapdos|91/100|[from] item: Life Orb
|move|p2a: Kingambit|Swords Dance|p2a: Kingambit
|-boost|p2a: Kingambit|atk|2
|
|-heal|p2a: Kingambit|39/100|[from] item: Leftovers
|upkeep
|turn|7
|
|t:|1760867855
|move|p2a: Kingambit|Sucker Punch|p1a: Zapdos
|-damage|p1a: Zapdos|0 fnt
|faint|p1a: Zapdos
|
|-heal|p2a: Kingambit|45/100|[from] item: Leftovers
|upkeep
|
|t:|1760867866
|switch|p1a: Ditto|Ditto|100/100
|-transform|p1a: Ditto|p2a: Kingambit|[from] ability: Imposter
|-activate|p1a: Ditto|ability: Supreme Overlord
|-start|p1a: Ditto|fallen3|[silent]
|turn|8
|
|t:|1760867874
|move|p1a: Ditto|Kowtow Cleave|p2a: Kingambit
|-resisted|p2a: Kingambit
|-damage|p2a: Kingambit|0 fnt
|faint|p2a: Kingambit
|-end|p2a: Kingambit|fallenundefined|[silent]
|
|upkeep
|
|t:|1760867878
|switch|p2a: Blaziken|Blaziken, F|100/100
|turn|9
|
|t:|1760867882
|-end|p1a: Ditto|fallen3|[silent]
|switch|p1a: Dragapult|Dragapult, F|100/100
|move|p2a: Blaziken|Close Combat|p1a: Dragapult
|-immune|p1a: Dragapult
|
|-ability|p2a: Blaziken|Speed Boost|boost
|-boost|p2a: Blaziken|spe|1
|upkeep
|turn|10
|
|t:|1760867889
|move|p2a: Blaziken|Protect|p2a: Blaziken
|-singleturn|p2a: Blaziken|Protect
|move|p1a: Dragapult|Dragon Darts|p2a: Blaziken
|-activate|p2a: Blaziken|move: Protect
|
|-ability|p2a: Blaziken|Speed Boost|boost
|-boost|p2a: Blaziken|spe|1
|upkeep
|turn|11
|
|t:|1760867896
|move|p2a: Blaziken|Knock Off|p1a: Dragapult
|-supereffective|p1a: Dragapult
|-damage|p1a: Dragapult|0 fnt
|-enditem|p1a: Dragapult|Choice Band|[from] move: Knock Off|[of] p2a: Blaziken
|faint|p1a: Dragapult
|-damage|p2a: Blaziken|91/100|[from] item: Life Orb
|
|-ability|p2a: Blaziken|Speed Boost|boost
|-boost|p2a: Blaziken|spe|1
|upkeep
|
|t:|1760867903
|switch|p1a: Ditto|Ditto|100/100
|-transform|p1a: Ditto|p2a: Blaziken|[from] ability: Imposter
|turn|12
|
|t:|1760867912
|switch|p2a: Alomomola|Alomomola, F|100/100
|move|p1a: Ditto|Close Combat|p2a: Alomomola
|-damage|p2a: Alomomola|55/100
|-unboost|p1a: Ditto|def|1
|-unboost|p1a: Ditto|spd|1
|
|-ability|p1a: Ditto|Speed Boost|boost
|-boost|p1a: Ditto|spe|1
|upkeep
|turn|13
|
|t:|1760867924
|move|p1a: Ditto|Close Combat|p2a: Alomomola
|-damage|p2a: Alomomola|6/100
|-unboost|p1a: Ditto|def|1
|-unboost|p1a: Ditto|spd|1
|move|p2a: Alomomola|Flip Turn|p1a: Ditto
|-supereffective|p1a: Ditto
|-damage|p1a: Ditto|0 fnt
|faint|p1a: Ditto
|
|t:|1760867928
|switch|p2a: Rillaboom|Rillaboom, F|100/100|[from] Flip Turn
|-fieldstart|move: Grassy Terrain|[from] ability: Grassy Surge|[of] p2a: Rillaboom
|
|upkeep
|inactive|skater66 has 120 seconds left.
|inactive|skater66 has 90 seconds left.
|inactive|skater66 has 60 seconds left.
|inactive|skater66 has 30 seconds left.
|
|t:|1760868049
|switch|p1a: Gliscor|Gliscor, F|100/100
|turn|14
|
|t:|1760868053
|-terastallize|p2a: Rillaboom|Grass
|move|p1a: Gliscor|Protect|p1a: Gliscor
|-singleturn|p1a: Gliscor|Protect
|move|p2a: Rillaboom|Wood Hammer|p1a: Gliscor
|-activate|p1a: Gliscor|move: Protect
|
|-status|p1a: Gliscor|tox|[from] item: Toxic Orb
|upkeep
|turn|15
|
|t:|1760868062
|move|p2a: Rillaboom|Wood Hammer|p1a: Gliscor
|-damage|p1a: Gliscor|0 fnt
|faint|p1a: Gliscor
|-damage|p2a: Rillaboom|68/100|[from] Recoil
|
|win|LT02
|raw|skater66's rating: 1285 &rarr; <strong>1262</strong><br />(-23 for losing)
|raw|LT02's rating: 1318 &rarr; <strong>1336</strong><br />(+18 for winning)
|l|☆skater66
|player|p1|
|l|☆LT02
|player|p2|
