|j|☆pxrishal
|j|☆aswr
|t:|1760803098
|gametype|singles
|player|p1|pxrishal|burglar|1044
|player|p2|aswr|266|1000
|gen|9
|tier|[Gen 9] OU
|rated|
|rule|HP Percentage Mod: HP is shown in percentages
|rule|Endless Battle Clause: Forcing endless battles is banned
|rule|Species Clause: Limit one of each Pokémon
|rule|OHKO Clause: OHKO moves are banned
|rule|Evasion Items Clause: Evasion items are banned
|rule|Evasion Moves Clause: Evasion moves are banned
|rule|Evasion Abilities Clause: Evasion abilities are banned
|rule|Sleep Moves Clause: Sleep-inducing moves are banned
|clearpoke
|poke|p1|Dragonite, F|
|poke|p1|Great Tusk|
|poke|p1|Darkrai|
|poke|p1|Gholdengo|
|poke|p1|Araquanid, M|
|poke|p1|Glimmora, M|
|poke|p2|Garganacl, M|
|poke|p2|Pecharunt|
|poke|p2|Crawdaunt, F|
|poke|p2|Ambipom, M|
|poke|p2|Heatran, F|
|poke|p2|Clefable, M|
|teampreview
|
|t:|1760803137
|teamsize|p1|6
|teamsize|p2|6
|start
|switch|p1a: Dragonite|Dragonite, F|100/100
|switch|p2a: Ambipom|Ambipom, M|100/100
|turn|1
|
|t:|1760803155
|move|p2a: Ambipom|U-turn|p1a: Dragonite
|-resisted|p1a: Dragonite
|-damage|p1a: Dragonite|96/100
|
|t:|1760803159
|switch|p2a: Pecharunt|Pecharunt|100/100|[from] U-turn
|move|p1a: Dragonite|Dragon Dance|p1a: Dragonite
|-boost|p1a: Dragonite|atk|1
|-boost|p1a: Dragonite|spe|1
|
|upkeep
|turn|2
|
|t:|1760803168
|move|p1a: Dragonite|Earthquake|p2a: Pecharunt
|-supereffective|p2a: Pecharunt
|-crit|p2a: Pecharunt
|-damage|p2a: Pecharunt|29/100
|move|p2a: Pecharunt|Nasty Plot|p2a: Pecharunt
|-boost|p2a: Pecharunt|spa|2
|
|-heal|p2a: Pecharunt|35/100|[from] item: Leftovers
|upkeep
|turn|3
|
|t:|1760803178
|move|p2a: Pecharunt|Protect|p2a: Pecharunt
|-singleturn|p2a: Pecharunt|Protect
|move|p1a: Dragonite|Earthquake|p2a: Pecharunt
|-activate|p2a: Pecharunt|move: Protect
|
|-heal|p2a: Pecharunt|41/100|[from] item: Leftovers
|upkeep
|turn|4
|
|t:|1760803193
|switch|p2a: Crawdaunt|Crawdaunt, F|100/100
|move|p1a: Dragonite|Earthquake|p2a: Crawdaunt
|-damage|p2a: Crawdaunt|51/100
|
|upkeep
|turn|5
|
|t:|1760803203
|move|p1a: Dragonite|Dragon Dance|p1a: Dragonite
|-boost|p1a: Dragonite|atk|1
|-boost|p1a: Dragonite|spe|1
|move|p2a: Crawdaunt|Crabhammer|p1a: Dragonite
|-resisted|p1a: Dragonite
|-damage|p1a: Dragonite|52/100
|-damage|p2a: Crawdaunt|41/100|[from] item: Life Orb
|
|upkeep
|turn|6
|
|t:|1760803215
|move|p2a: Crawdaunt|Aqua Jet|p1a: Dragonite
|-resisted|p1a: Dragonite
|-damage|p1a: Dragonite|35/100
|-damage|p2a: Crawdaunt|31/100|[from] item: Life Orb
|move|p1a: Dragonite|Earthquake|p2a: Crawdaunt
|-damage|p2a: Crawdaunt|0 fnt
|faint|p2a: Crawdaunt
|
|upkeep
|
|t:|1760803230
|switch|p2a: Ambipom|Ambipom, M|100/100
|turn|7
|
|t:|1760803238
|move|p1a: Dragonite|Roost|p1a: Dragonite
|-heal|p1a: Dragonite|85/100
|-singleturn|p1a: Dragonite|move: Roost
|move|p2a: Ambipom|Double Hit|p1a: Dragonite
|-damage|p1a: Dragonite|58/100
|-damage|p1a: Dragonite|33/100
|-hitcount|p1a: Dragonite|2
|
|upkeep
|turn|8
|
|t:|1760803249
|move|p1a: Dragonite|Earthquake|p2a: Ambipom
|-crit|p2a: Ambipom
|-damage|p2a: Ambipom|0 fnt
|faint|p2a: Ambipom
|
|upkeep
|
|t:|1760803259
|switch|p2a: Heatran|Heatran, F|100/100
|turn|9
|
|t:|1760803264
|move|p1a: Dragonite|Earthquake|p2a: Heatran
|-supereffective|p2a: Heatran
|-damage|p2a: Heatran|0 fnt
|faint|p2a: Heatran
|
|upkeep
|-message|aswr forfeited.
|
|win|pxrishal
|raw|pxrishal's rating: 1044 &rarr; <strong>1073</strong><br />(+29 for winning)
|raw|aswr's rating: 1000 &rarr; <strong>1000</strong><br />(+0 for losing)
|l|☆aswr
|player|p2|
