|j|☆yeshirong
|j|☆Pikka888
|t:|1760770320
|gametype|singles
|player|p1|yeshirong|idol|1355
|player|p2|Pikka888|1|1325
|gen|9
|tier|[Gen 9] OU
|rated|
|rule|HP Percentage Mod: HP is shown in percentages
|rule|Endless Battle Clause: Forcing endless battles is banned
|rule|Species Clause: Limit one of each Pokémon
|rule|OHKO Clause: OHKO moves are banned
|rule|Evasion Items Clause: Evasion items are banned
|rule|Evasion Moves Clause: Evasion moves are banned
|rule|Evasion Abilities Clause: Evasion abilities are banned
|rule|Sleep Moves Clause: Sleep-inducing moves are banned
|clearpoke
|poke|p1|Indeedee, M|
|poke|p1|Gholdengo|
|poke|p1|Dragapult, M|
|poke|p1|Hoopa-Unbound|
|poke|p1|Alomomola, F|
|poke|p1|Cinderace, F|
|poke|p2|Victreebel, F|
|poke|p2|Torkoal, F|
|poke|p2|Raging Bolt|
|poke|p2|Hatterene, F|
|poke|p2|Landorus-Therian, M|
|poke|p2|Darkrai|
|teampreview
|inactive|Battle timer is ON: inactive players will automatically lose when time's up. (requested by yeshirong)
|inactive|yeshirong has 120 seconds left.
|
|t:|1760770368
|teamsize|p1|6
|teamsize|p2|6
|start
|switch|p1a: Dragapult|Dragapult, M|100/100
|switch|p2a: Darkrai|Darkrai, shiny|100/100
|turn|1
|
|t:|1760770377
|move|p1a: Dragapult|U-turn|p2a: Darkrai
|-supereffective|p2a: Darkrai
|-damage|p2a: Darkrai|32/100
|
|t:|1760770380
|switch|p1a: Alomomola|Alomomola, F|100/100|[from] U-turn
|move|p2a: Darkrai|Dark Pulse|p1a: Alomomola
|-damage|p1a: Alomomola|69/100
|
|upkeep
|turn|2
|
|t:|1760770389
|switch|p2a: Torkoal|Torkoal, F|100/100
|-weather|SunnyDay|[from] ability: Drought|[of] p2a: Torkoal
|move|p1a: Alomomola|Flip Turn|p2a: Torkoal
|-supereffective|p2a: Torkoal
|-damage|p2a: Torkoal|89/100
|
|t:|1760770395
|switch|p1a: Indeedee|Indeedee, M|100/100|[from] Flip Turn
|-fieldstart|move: Psychic Terrain|[from] ability: Psychic Surge|[of] p1a: Indeedee
|
|-weather|SunnyDay|[upkeep]
|upkeep
|turn|3
|
|t:|1760770417
|switch|p2a: Hatterene|Hatterene, F, shiny|100/100
|move|p1a: Indeedee|Expanding Force|p2a: Hatterene
|-resisted|p2a: Hatterene
|-damage|p2a: Hatterene|64/100
|
|-weather|SunnyDay|[upkeep]
|upkeep
|turn|4
|
|t:|1760770423
|switch|p1a: Gholdengo|Gholdengo|100/100
|-item|p1a: Gholdengo|Air Balloon
|move|p2a: Hatterene|Mystical Fire|p1a: Gholdengo
|-supereffective|p1a: Gholdengo
|-damage|p1a: Gholdengo|32/100
|-unboost|p1a: Gholdengo|spa|1
|-enditem|p1a: Gholdengo|Air Balloon
|
|-weather|SunnyDay|[upkeep]
|upkeep
|turn|5
|
|t:|1760770429
|move|p1a: Gholdengo|Make It Rain|p2a: Hatterene
|-supereffective|p2a: Hatterene
|-damage|p2a: Hatterene|0 fnt
|-unboost|p1a: Gholdengo|spa|1
|faint|p2a: Hatterene
|
|-weather|SunnyDay|[upkeep]
|upkeep
|
|t:|1760770443
|switch|p2a: Darkrai|Darkrai, shiny|32/100
|turn|6
|
|t:|1760770467
|switch|p2a: Raging Bolt|Raging Bolt|100/100
|-activate|p2a: Raging Bolt|ability: Protosynthesis
|-start|p2a: Raging Bolt|protosynthesisspa
|switch|p1a: Alomomola|Alomomola, F|100/100
|
|-weather|SunnyDay|[upkeep]
|upkeep
|turn|7
|
|t:|1760770472
|move|p2a: Raging Bolt|Thunderbolt|p1a: Alomomola
|-supereffective|p1a: Alomomola
|-damage|p1a: Alomomola|38/100
|move|p1a: Alomomola|Flip Turn|p2a: Raging Bolt
|-resisted|p2a: Raging Bolt
|-damage|p2a: Raging Bolt|96/100
|
|t:|1760770475
|switch|p1a: Hoopa|Hoopa-Unbound|100/100|[from] Flip Turn
|
|-weather|SunnyDay|[upkeep]
|upkeep
|turn|8
|
|t:|1760770480
|move|p2a: Raging Bolt|Thunderbolt|p1a: Hoopa
|-damage|p1a: Hoopa|40/100
|move|p1a: Hoopa|Expanding Force|p2a: Raging Bolt
|-damage|p2a: Raging Bolt|0 fnt
|faint|p2a: Raging Bolt
|-end|p2a: Raging Bolt|Protosynthesis|[silent]
|-damage|p1a: Hoopa|30/100|[from] item: Life Orb
|
|-weather|SunnyDay|[upkeep]
|upkeep
|
|t:|1760770490
|switch|p2a: Darkrai|Darkrai, shiny|32/100
|turn|9
|
|t:|1760770494
|switch|p1a: Alomomola|Alomomola, F|71/100
|move|p2a: Darkrai|Dark Pulse|p1a: Alomomola
|-damage|p1a: Alomomola|39/100
|
|-weather|none
|-fieldend|move: Psychic Terrain
|upkeep
|turn|10
|
|t:|1760770520
|-terastallize|p2a: Darkrai|Dark
|move|p2a: Darkrai|Dark Pulse|p1a: Alomomola
|-damage|p1a: Alomomola|0 fnt
|faint|p1a: Alomomola
|
|upkeep
|
|t:|1760770522
|switch|p1a: Dragapult|Dragapult, M|100/100
|turn|11
|
|t:|1760770525
|switch|p2a: Torkoal|Torkoal, F|89/100
|-weather|SunnyDay|[from] ability: Drought|[of] p2a: Torkoal
|move|p1a: Dragapult|Dragon Darts|p2a: Torkoal
|-damage|p2a: Torkoal|72/100
|-anim|p1a: Dragapult|Dragon Darts|p2a: Torkoal
|-damage|p2a: Torkoal|52/100
|
|-weather|SunnyDay|[upkeep]
|upkeep
|turn|12
|
|t:|1760770531
|-terastallize|p1a: Dragapult|Dragon
|move|p1a: Dragapult|Dragon Darts|p2a: Torkoal
|-damage|p2a: Torkoal|26/100
|-anim|p1a: Dragapult|Dragon Darts|p2a: Torkoal
|-damage|p2a: Torkoal|3/100
|move|p2a: Torkoal|Stealth Rock|p1a: Dragapult
|-sidestart|p1: yeshirong|move: Stealth Rock
|
|-weather|SunnyDay|[upkeep]
|upkeep
|turn|13
|
|t:|1760770538
|move|p1a: Dragapult|Dragon Darts|p2a: Torkoal
|-damage|p2a: Torkoal|0 fnt
|faint|p2a: Torkoal
|
|-weather|SunnyDay|[upkeep]
|upkeep
|
|t:|1760770540
|switch|p2a: Victreebel|Victreebel, F, shiny|100/100
|turn|14
|
|t:|1760770544
|move|p1a: Dragapult|Dragon Darts|p2a: Victreebel
|-damage|p2a: Victreebel|64/100
|-anim|p1a: Dragapult|Dragon Darts|p2a: Victreebel
|-damage|p2a: Victreebel|24/100
|move|p2a: Victreebel|Knock Off|p1a: Dragapult
|-damage|p1a: Dragapult|67/100
|-enditem|p1a: Dragapult|Choice Scarf|[from] move: Knock Off|[of] p2a: Victreebel
|
|-weather|SunnyDay|[upkeep]
|upkeep
|turn|15
|
|t:|1760770548
|move|p2a: Victreebel|Strength Sap|p1a: Dragapult
|-unboost|p1a: Dragapult|atk|1
|-heal|p2a: Victreebel|100/100
|move|p1a: Dragapult|Dragon Darts|p2a: Victreebel
|-damage|p2a: Victreebel|72/100
|-anim|p1a: Dragapult|Dragon Darts|p2a: Victreebel
|-damage|p2a: Victreebel|45/100
|
|-weather|SunnyDay|[upkeep]
|upkeep
|turn|16
|
|t:|1760770560
|move|p2a: Victreebel|Strength Sap|p1a: Dragapult
|-unboost|p1a: Dragapult|atk|1
|-heal|p2a: Victreebel|100/100
|move|p1a: Dragapult|U-turn|p2a: Victreebel
|-damage|p2a: Victreebel|87/100
|-damage|p1a: Dragapult|50/100|[from] item: Rocky Helmet|[of] p2a: Victreebel
|
|t:|1760770566
|switch|p1a: Cinderace|Cinderace, F|100/100|[from] U-turn
|
|-weather|SunnyDay|[upkeep]
|upkeep
|turn|17
|
|t:|1760770578
|move|p2a: Victreebel|Knock Off|p1a: Cinderace
|-damage|p1a: Cinderace|75/100
|-enditem|p1a: Cinderace|Heavy-Duty Boots|[from] move: Knock Off|[of] p2a: Victreebel
|move|p1a: Cinderace|Pyro Ball|p2a: Victreebel
|-supereffective|p2a: Victreebel
|-damage|p2a: Victreebel|0 fnt
|faint|p2a: Victreebel
|
|-weather|SunnyDay|[upkeep]
|upkeep
|
|t:|1760770586
|switch|p2a: Darkrai|Darkrai, shiny, tera:Dark|32/100
|turn|18
|
|t:|1760770589
|move|p2a: Darkrai|Dark Pulse|p1a: Cinderace
|-damage|p1a: Cinderace|0 fnt
|faint|p1a: Cinderace
|
|-weather|none
|upkeep
|
|t:|1760770592
|switch|p1a: Dragapult|Dragapult, M, tera:Dragon|50/100
|-damage|p1a: Dragapult|38/100|[from] Stealth Rock
|turn|19
|
|t:|1760770594
|switch|p2a: Landorus|Landorus-Therian, M, shiny|100/100
|-ability|p2a: Landorus|Intimidate|boost
|-unboost|p1a: Dragapult|atk|1
|move|p1a: Dragapult|U-turn|p2a: Landorus
|-resisted|p2a: Landorus
|-damage|p2a: Landorus|90/100
|
|t:|1760770597
|switch|p1a: Indeedee|Indeedee, M|100/100|[from] U-turn
|-damage|p1a: Indeedee|88/100|[from] Stealth Rock
|-fieldstart|move: Psychic Terrain|[from] ability: Psychic Surge|[of] p1a: Indeedee
|
|upkeep
|turn|20
|
|t:|1760770606
|move|p1a: Indeedee|Tera Blast|p2a: Landorus
|-damage|p2a: Landorus|62/100
|move|p2a: Landorus|Earth Power|p1a: Indeedee
|-damage|p1a: Indeedee|36/100
|
|upkeep
|turn|21
|
|t:|1760770611
|move|p1a: Indeedee|Expanding Force|p2a: Landorus
|-damage|p2a: Landorus|0 fnt
|faint|p2a: Landorus
|
|upkeep
|
|t:|1760770614
|switch|p2a: Darkrai|Darkrai, shiny, tera:Dark|32/100
|turn|22
|
|t:|1760770619
|move|p2a: Darkrai|Dark Pulse|p1a: Indeedee
|-supereffective|p1a: Indeedee
|-damage|p1a: Indeedee|0 fnt
|faint|p1a: Indeedee
|
|upkeep
|
|t:|1760770620
|switch|p1a: Dragapult|Dragapult, M, tera:Dragon|38/100
|-damage|p1a: Dragapult|25/100|[from] Stealth Rock
|turn|23
|
|t:|1760770624
|move|p2a: Darkrai|Dark Pulse|p1a: Dragapult
|-damage|p1a: Dragapult|0 fnt
|faint|p1a: Dragapult
|
|upkeep
|
|t:|1760770633
|switch|p1a: Hoopa|Hoopa-Unbound|30/100
|-damage|p1a: Hoopa|18/100|[from] Stealth Rock
|turn|24
|
|t:|1760770636
|-singleturn|p1a: Hoopa|move: Focus Punch
|move|p2a: Darkrai|Dark Pulse|p1a: Hoopa
|-damage|p1a: Hoopa|0 fnt
|faint|p1a: Hoopa
|
|upkeep
|-message|yeshirong forfeited.
|
|win|Pikka888
|raw|yeshirong's rating: 1355 &rarr; <strong>1333</strong><br />(-22 for losing)
|raw|Pikka888's rating: 1325 &rarr; <strong>1347</strong><br />(+22 for winning)
|l|☆yeshirong
|player|p1|
|l|☆Pikka888
|player|p2|
