|j|☆kebab.ixx
|j|☆KV959vv
|t:|1760757914
|gametype|singles
|player|p1|kebab.ixx|265|1599
|player|p2|KV959vv|wallace|1601
|gen|9
|tier|[Gen 9] OU
|rated|
|rule|HP Percentage Mod: HP is shown in percentages
|rule|Endless Battle Clause: Forcing endless battles is banned
|rule|Species Clause: Limit one of each Pokémon
|rule|OHKO Clause: OHKO moves are banned
|rule|Evasion Items Clause: Evasion items are banned
|rule|Evasion Moves Clause: Evasion moves are banned
|rule|Evasion Abilities Clause: Evasion abilities are banned
|rule|Sleep Moves Clause: Sleep-inducing moves are banned
|clearpoke
|poke|p1|Kleavor, M|
|poke|p1|Iron Crown|
|poke|p1|Cinderace, F|
|poke|p1|Pecharunt|
|poke|p1|Dragonite, F|
|poke|p1|Garchomp, F|
|poke|p2|Serperior, F|
|poke|p2|Samurott-Hisui, M|
|poke|p2|Iron Treads|
|poke|p2|Gholdengo|
|poke|p2|Moltres|
|poke|p2|Iron Boulder|
|teampreview
|
|t:|1760757936
|teamsize|p1|6
|teamsize|p2|6
|start
|switch|p1a: Kleavor|Kleavor, M|100/100
|switch|p2a: Iron Treads|Iron Treads|100/100
|-item|p2a: Iron Treads|Air Balloon
|turn|1
|
|t:|1760757944
|move|p2a: Iron Treads|Stealth Rock|p1a: Kleavor
|-sidestart|p1: kebab.ixx|move: Stealth Rock
|move|p1a: Kleavor|Close Combat|p2a: Iron Treads
|-supereffective|p2a: Iron Treads
|-damage|p2a: Iron Treads|15/100
|-unboost|p1a: Kleavor|def|1
|-unboost|p1a: Kleavor|spd|1
|-enditem|p2a: Iron Treads|Air Balloon
|
|upkeep
|turn|2
|
|t:|1760757963
|-end|p2a: Iron Treads|Quark Drive|[silent]
|switch|p2a: Moltres|Moltres, shiny|100/100
|switch|p1a: Pecharunt|Pecharunt|100/100
|-damage|p1a: Pecharunt|88/100|[from] Stealth Rock
|-item|p1a: Pecharunt|Air Balloon
|
|upkeep
|turn|3
|
|t:|1760757978
|move|p1a: Pecharunt|Malignant Chain|p2a: Moltres
|-damage|p2a: Moltres|61/100
|move|p2a: Moltres|Will-O-Wisp|p1a: Pecharunt
|-status|p1a: Pecharunt|brn
|
|-damage|p1a: Pecharunt|82/100 brn|[from] brn
|upkeep
|turn|4
|
|t:|1760758002
|switch|p1a: Cinderace|Cinderace, F|100/100
|switch|p2a: Gholdengo|Gholdengo, shiny|100/100
|-item|p2a: Gholdengo|Air Balloon
|
|upkeep
|turn|5
|
|t:|1760758006
|move|p1a: Cinderace|Pyro Ball|p2a: Gholdengo
|-supereffective|p2a: Gholdengo
|-damage|p2a: Gholdengo|21/100
|-enditem|p2a: Gholdengo|Air Balloon
|move|p2a: Gholdengo|Thunder Wave|p1a: Cinderace
|-status|p1a: Cinderace|par
|
|upkeep
|turn|6
|
|t:|1760758019
|switch|p2a: Moltres|Moltres, shiny|61/100
|move|p1a: Cinderace|Pyro Ball|p2a: Moltres
|-resisted|p2a: Moltres
|-damage|p2a: Moltres|40/100
|
|upkeep
|turn|7
|
|t:|1760758022
|move|p2a: Moltres|Roost|p2a: Moltres
|-heal|p2a: Moltres|90/100
|-singleturn|p2a: Moltres|move: Roost
|cant|p1a: Cinderace|par
|
|upkeep
|turn|8
|
|t:|1760758028
|move|p2a: Moltres|Hurricane|p1a: Cinderace
|-damage|p1a: Cinderace|32/100 par
|-start|p1a: Cinderace|confusion
|-activate|p1a: Cinderace|confusion
|move|p1a: Cinderace|Swords Dance|p1a: Cinderace
|-boost|p1a: Cinderace|atk|2
|
|upkeep
|turn|9
|
|t:|1760758036
|move|p2a: Moltres|Hurricane|p1a: Cinderace
|-damage|p1a: Cinderace|0 fnt
|faint|p1a: Cinderace
|
|upkeep
|
|t:|1760758037
|switch|p1a: Kleavor|Kleavor, M|100/100
|-damage|p1a: Kleavor|76/100|[from] Stealth Rock
|turn|10
|
|t:|1760758071
|switch|p2a: Gholdengo|Gholdengo, shiny|21/100
|move|p1a: Kleavor|Stone Axe|p2a: Gholdengo
|-resisted|p2a: Gholdengo
|-damage|p2a: Gholdengo|3/100
|-sidestart|p2: KV959vv|move: Stealth Rock
|
|upkeep
|turn|11
|
|t:|1760758076
|move|p1a: Kleavor|Stone Axe|p2a: Gholdengo
|-resisted|p2a: Gholdengo
|-damage|p2a: Gholdengo|0 fnt
|faint|p2a: Gholdengo
|
|upkeep
|j| nw loader
|l|☆kebab.ixx
|player|p1|
|j|☆kebab.ixx
|player|p1|kebab.ixx|265|
|
|t:|1760758101
|switch|p2a: Serperior|Serperior, F, shiny|100/100
|-damage|p2a: Serperior|88/100|[from] Stealth Rock
|turn|12
|
|t:|1760758108
|-terastallize|p1a: Kleavor|Bug
|move|p2a: Serperior|Glare|p1a: Kleavor
|-status|p1a: Kleavor|par
|move|p1a: Kleavor|X-Scissor|p2a: Serperior
|-supereffective|p2a: Serperior
|-damage|p2a: Serperior|0 fnt
|faint|p2a: Serperior
|
|upkeep
|
|t:|1760758117
|switch|p2a: Moltres|Moltres, shiny|90/100
|turn|13
|
|t:|1760758120
|move|p2a: Moltres|Flamethrower|p1a: Kleavor
|-supereffective|p1a: Kleavor
|-damage|p1a: Kleavor|0 fnt
|faint|p1a: Kleavor
|
|upkeep
|
|t:|1760758123
|switch|p1a: Garchomp|Garchomp, F|100/100
|-damage|p1a: Garchomp|94/100|[from] Stealth Rock
|turn|14
|
|t:|1760758131
|switch|p1a: Pecharunt|Pecharunt|82/100 brn
|-damage|p1a: Pecharunt|70/100 brn|[from] Stealth Rock
|-item|p1a: Pecharunt|Air Balloon
|move|p2a: Moltres|Will-O-Wisp|p1a: Pecharunt
|-fail|p1a: Pecharunt|brn
|
|-damage|p1a: Pecharunt|64/100 brn|[from] brn
|upkeep
|turn|15
|
|t:|1760758139
|move|p1a: Pecharunt|Recover|p1a: Pecharunt
|-heal|p1a: Pecharunt|100/100 brn
|move|p2a: Moltres|Flamethrower|p1a: Pecharunt
|-damage|p1a: Pecharunt|46/100 brn
|-enditem|p1a: Pecharunt|Air Balloon
|
|-damage|p1a: Pecharunt|40/100 brn|[from] brn
|upkeep
|turn|16
|
|t:|1760758145
|move|p1a: Pecharunt|Malignant Chain|p2a: Moltres
|-damage|p2a: Moltres|50/100
|move|p2a: Moltres|Flamethrower|p1a: Pecharunt
|-damage|p1a: Pecharunt|0 fnt
|faint|p1a: Pecharunt
|
|upkeep
|l|☆kebab.ixx
|player|p1|
|j|☆kebab.ixx
|player|p1|kebab.ixx|265|
|
|t:|1760758165
|switch|p1a: Iron Crown|Iron Crown|100/100
|-damage|p1a: Iron Crown|94/100|[from] Stealth Rock
|turn|17
|
|t:|1760758177
|switch|p2a: Iron Treads|Iron Treads|15/100
|-damage|p2a: Iron Treads|12/100|[from] Stealth Rock
|move|p1a: Iron Crown|Volt Switch|p2a: Iron Treads
|-immune|p2a: Iron Treads
|
|upkeep
|turn|18
|
|t:|1760758184
|-end|p1a: Iron Crown|Quark Drive|[silent]
|switch|p1a: Garchomp|Garchomp, F|94/100
|-damage|p1a: Garchomp|88/100|[from] Stealth Rock
|move|p2a: Iron Treads|Rapid Spin|p1a: Garchomp
|-damage|p1a: Garchomp|71/100
|-boost|p2a: Iron Treads|spe|1
|-damage|p2a: Iron Treads|0 fnt|[from] ability: Rough Skin|[of] p1a: Garchomp
|faint|p2a: Iron Treads
|-end|p2a: Iron Treads|Quark Drive|[silent]
|
|upkeep
|
|t:|1760758200
|switch|p2a: Moltres|Moltres, shiny|50/100
|turn|19
|
|t:|1760758203
|move|p1a: Garchomp|Scale Shot|p2a: Moltres
|-damage|p2a: Moltres|40/100
|-damage|p2a: Moltres|31/100
|-damage|p2a: Moltres|20/100
|-damage|p2a: Moltres|10/100
|-hitcount|p2a: Moltres|4
|-unboost|p1a: Garchomp|def|1
|-boost|p1a: Garchomp|spe|1
|move|p2a: Moltres|Roost|p2a: Moltres
|-heal|p2a: Moltres|60/100
|-singleturn|p2a: Moltres|move: Roost
|
|upkeep
|turn|20
|
|t:|1760758212
|switch|p1a: Iron Crown|Iron Crown|94/100
|-damage|p1a: Iron Crown|88/100|[from] Stealth Rock
|move|p2a: Moltres|Will-O-Wisp|p1a: Iron Crown
|-status|p1a: Iron Crown|brn
|
|-damage|p1a: Iron Crown|82/100 brn|[from] brn
|upkeep
|turn|21
|
|t:|1760758236
|-terastallize|p2a: Moltres|Grass
|move|p1a: Iron Crown|Volt Switch|p2a: Moltres
|-resisted|p2a: Moltres
|-damage|p2a: Moltres|48/100
|
|t:|1760758240
|-end|p1a: Iron Crown|Quark Drive|[silent]
|switch|p1a: Garchomp|Garchomp, F|71/100|[from] Volt Switch
|-damage|p1a: Garchomp|65/100|[from] Stealth Rock
|move|p2a: Moltres|Flamethrower|p1a: Garchomp
|-resisted|p1a: Garchomp
|-damage|p1a: Garchomp|43/100
|
|upkeep
|turn|22
|
|t:|1760758247
|move|p1a: Garchomp|Fire Fang|p2a: Moltres
|-supereffective|p2a: Moltres
|-crit|p2a: Moltres
|-damage|p2a: Moltres|0 fnt
|faint|p2a: Moltres
|
|upkeep
|
|t:|1760758250
|switch|p2a: Iron Boulder|Iron Boulder|100/100
|-damage|p2a: Iron Boulder|88/100|[from] Stealth Rock
|-enditem|p2a: Iron Boulder|Booster Energy
|-activate|p2a: Iron Boulder|ability: Quark Drive|[fromitem]
|-start|p2a: Iron Boulder|quarkdrivespe
|turn|23
|
|t:|1760758259
|move|p2a: Iron Boulder|Close Combat|p1a: Garchomp
|-damage|p1a: Garchomp|5/100
|-unboost|p2a: Iron Boulder|def|1
|-unboost|p2a: Iron Boulder|spd|1
|-damage|p2a: Iron Boulder|76/100|[from] ability: Rough Skin|[of] p1a: Garchomp
|move|p1a: Garchomp|Earthquake|p2a: Iron Boulder
|-supereffective|p2a: Iron Boulder
|-damage|p2a: Iron Boulder|0 fnt
|faint|p2a: Iron Boulder
|-end|p2a: Iron Boulder|Quark Drive|[silent]
|
|upkeep
|
|t:|1760758262
|switch|p2a: Samurott|Samurott-Hisui, M, shiny|100/100
|turn|24
|
|t:|1760758264
|move|p2a: Samurott|Aqua Jet|p1a: Garchomp
|-damage|p1a: Garchomp|0 fnt
|-damage|p2a: Samurott|88/100|[from] ability: Rough Skin|[of] p1a: Garchomp
|faint|p1a: Garchomp
|
|upkeep
|
|t:|1760758267
|switch|p1a: Iron Crown|Iron Crown|82/100 brn
|-damage|p1a: Iron Crown|76/100 brn|[from] Stealth Rock
|turn|25
|
|t:|1760758271
|move|p1a: Iron Crown|Focus Blast|p2a: Samurott
|-supereffective|p2a: Samurott
|-damage|p2a: Samurott|0 fnt
|faint|p2a: Samurott
|
|win|kebab.ixx
|raw|kebab.ixx's rating: 1599 &rarr; <strong>1619</strong><br />(+20 for winning)
|raw|KV959vv's rating: 1601 &rarr; <strong>1581</strong><br />(-20 for losing)
|l|☆KV959vv
|player|p2|
|l|☆kebab.ixx
|player|p1|
|l| nw loader
