|j|☆Cameron 2007
|j|‽bigkatt96
|t:|1760823079
|gametype|singles
|player|p1|Cameron 2007|266|1214
|player|p2|bigkatt96|169|1255
|gen|9
|tier|[Gen 9] OU
|rated|
|rule|HP Percentage Mod: HP is shown in percentages
|rule|Endless Battle Clause: Forcing endless battles is banned
|rule|Species Clause: Limit one of each Pokémon
|rule|OHKO Clause: OHKO moves are banned
|rule|Evasion Items Clause: Evasion items are banned
|rule|Evasion Moves Clause: Evasion moves are banned
|rule|Evasion Abilities Clause: Evasion abilities are banned
|rule|Sleep Moves Clause: Sleep-inducing moves are banned
|clearpoke
|poke|p1|Kingambit, M|
|poke|p1|Slowking-Galar, M|
|poke|p1|Dragapult, M|
|poke|p1|Primarina, F|
|poke|p1|Kyurem|
|poke|p1|Great Tusk|
|poke|p2|Gallade, M|
|poke|p2|Haxorus, M|
|poke|p2|Toxtricity, M|
|poke|p2|Torterra, M|
|poke|p2|Eelektross, M|
|poke|p2|Slowbro, M|
|teampreview
|
|t:|1760823097
|teamsize|p1|6
|teamsize|p2|6
|start
|switch|p1a: Primarina|Primarina, F, shiny|100/100
|switch|p2a: Torterra|Torterra, M|100/100
|turn|1
|
|t:|1760823105
|-terastallize|p2a: Torterra|Fire
|move|p2a: Torterra|Shell Smash|p2a: Torterra
|-unboost|p2a: Torterra|def|1
|-unboost|p2a: Torterra|spd|1
|-boost|p2a: Torterra|atk|2
|-boost|p2a: Torterra|spa|2
|-boost|p2a: Torterra|spe|2
|move|p1a: Primarina|Ice Beam|p2a: Torterra
|-resisted|p2a: Torterra
|-damage|p2a: Torterra|71/100
|
|upkeep
|turn|2
|
|t:|1760823117
|-terastallize|p1a: Primarina|Fire
|move|p2a: Torterra|Headlong Rush|p1a: Primarina
|-supereffective|p1a: Primarina
|-damage|p1a: Primarina|0 fnt
|-unboost|p2a: Torterra|def|1
|-unboost|p2a: Torterra|spd|1
|faint|p1a: Primarina
|
|upkeep
|c|☆Cameron 2007|Bruh
|
|t:|1760823139
|switch|p1a: Kingambit|Kingambit, M, shiny|100/100
|-activate|p1a: Kingambit|ability: Supreme Overlord
|-start|p1a: Kingambit|fallen1|[silent]
|turn|3
|
|t:|1760823143
|move|p1a: Kingambit|Sucker Punch||[still]
|-fail|p1a: Kingambit
|move|p2a: Torterra|Shell Smash|p2a: Torterra
|-unboost|p2a: Torterra|def|1
|-unboost|p2a: Torterra|spd|1
|-boost|p2a: Torterra|atk|2
|-boost|p2a: Torterra|spa|2
|-boost|p2a: Torterra|spe|2
|
|upkeep
|turn|4
|
|t:|1760823151
|move|p1a: Kingambit|Sucker Punch||[still]
|-fail|p1a: Kingambit
|move|p2a: Torterra|Shell Smash|p2a: Torterra
|-unboost|p2a: Torterra|def|1
|-unboost|p2a: Torterra|spd|1
|-boost|p2a: Torterra|atk|2
|-boost|p2a: Torterra|spa|2
|-boost|p2a: Torterra|spe|2
|
|upkeep
|turn|5
|
|t:|1760823158
|move|p2a: Torterra|Shell Smash|p2a: Torterra
|-unboost|p2a: Torterra|def|1
|-unboost|p2a: Torterra|spd|1
|-boost|p2a: Torterra|atk|0
|-boost|p2a: Torterra|spa|0
|-boost|p2a: Torterra|spe|0
|move|p1a: Kingambit|Kowtow Cleave|p2a: Torterra
|-damage|p2a: Torterra|0 fnt
|faint|p2a: Torterra
|
|upkeep
|
|t:|1760823168
|switch|p2a: Eelektross|Eelektross, M|100/100
|turn|6
|
|t:|1760823174
|-end|p1a: Kingambit|fallen1|[silent]
|switch|p1a: Great Tusk|Great Tusk, shiny|100/100
|move|p2a: Eelektross|Coil|p2a: Eelektross
|-boost|p2a: Eelektross|atk|1
|-boost|p2a: Eelektross|def|1
|-boost|p2a: Eelektross|accuracy|1
|
|upkeep
|turn|7
|
|t:|1760823180
|move|p1a: Great Tusk|Headlong Rush|p2a: Eelektross
|-immune|p2a: Eelektross|[from] ability: Levitate
|move|p2a: Eelektross|Coil|p2a: Eelektross
|-boost|p2a: Eelektross|atk|1
|-boost|p2a: Eelektross|def|1
|-boost|p2a: Eelektross|accuracy|1
|
|upkeep
|turn|8
|
|t:|1760823188
|move|p1a: Great Tusk|Close Combat|p2a: Eelektross
|-damage|p2a: Eelektross|68/100
|-unboost|p1a: Great Tusk|def|1
|-unboost|p1a: Great Tusk|spd|1
|move|p2a: Eelektross|Coil|p2a: Eelektross
|-boost|p2a: Eelektross|atk|1
|-boost|p2a: Eelektross|def|1
|-boost|p2a: Eelektross|accuracy|1
|
|-heal|p2a: Eelektross|74/100|[from] item: Leftovers
|upkeep
|turn|9
|
|t:|1760823199
|-end|p1a: Great Tusk|Protosynthesis|[silent]
|switch|p1a: Slowking|Slowking-Galar, M, shiny|100/100
|move|p2a: Eelektross|Drain Punch|p1a: Slowking
|-resisted|p1a: Slowking
|-damage|p1a: Slowking|91/100
|-heal|p2a: Eelektross|79/100|[from] drain|[of] p1a: Slowking
|
|-heal|p2a: Eelektross|85/100|[from] item: Leftovers
|upkeep
|turn|10
|
|t:|1760823209
|move|p2a: Eelektross|Supercell Slam|p1a: Slowking
|-damage|p1a: Slowking|8/100
|-prepare|p1a: Slowking|Chilly Reception|[premajor]
|move|p1a: Slowking|Chilly Reception|p1a: Slowking
|-weather|Snowscape
|
|t:|1760823220
|switch|p1a: Dragapult|Dragapult, M, shiny|100/100|[from] Chilly Reception
|
|-weather|Snowscape|[upkeep]
|-heal|p2a: Eelektross|91/100|[from] item: Leftovers
|upkeep
|turn|11
|
|t:|1760823226
|move|p1a: Dragapult|Draco Meteor|p2a: Eelektross
|-damage|p2a: Eelektross|27/100
|-unboost|p1a: Dragapult|spa|2
|move|p2a: Eelektross|Dragon Tail|p1a: Dragapult
|-supereffective|p1a: Dragapult
|-damage|p1a: Dragapult|0 fnt
|faint|p1a: Dragapult
|
|-weather|Snowscape|[upkeep]
|-heal|p2a: Eelektross|33/100|[from] item: Leftovers
|upkeep
|
|t:|1760823241
|switch|p1a: Kyurem|Kyurem, shiny|100/100
|-ability|p1a: Kyurem|Pressure
|turn|12
|
|t:|1760823246
|move|p1a: Kyurem|Icicle Spear|p2a: Eelektross
|-damage|p2a: Eelektross|27/100
|-damage|p2a: Eelektross|21/100
|-damage|p2a: Eelektross|14/100
|-damage|p2a: Eelektross|9/100
|-damage|p2a: Eelektross|2/100
|-hitcount|p2a: Eelektross|5
|move|p2a: Eelektross|Drain Punch|p1a: Kyurem
|-supereffective|p1a: Kyurem
|-damage|p1a: Kyurem|36/100
|-heal|p2a: Eelektross|36/100|[from] drain|[of] p1a: Kyurem
|
|-weather|Snowscape|[upkeep]
|-heal|p2a: Eelektross|42/100|[from] item: Leftovers
|upkeep
|turn|13
|
|t:|1760823260
|switch|p1a: Great Tusk|Great Tusk, shiny|100/100
|move|p2a: Eelektross|Drain Punch|p1a: Great Tusk
|-damage|p1a: Great Tusk|67/100
|-heal|p2a: Eelektross|59/100|[from] drain|[of] p1a: Great Tusk
|
|-weather|Snowscape|[upkeep]
|-heal|p2a: Eelektross|65/100|[from] item: Leftovers
|upkeep
|turn|14
|
|t:|1760823269
|move|p1a: Great Tusk|Close Combat|p2a: Eelektross
|-damage|p2a: Eelektross|37/100
|-unboost|p1a: Great Tusk|def|1
|-unboost|p1a: Great Tusk|spd|1
|move|p2a: Eelektross|Drain Punch|p1a: Great Tusk
|-damage|p1a: Great Tusk|15/100
|-heal|p2a: Eelektross|62/100|[from] drain|[of] p1a: Great Tusk
|
|-weather|none
|-heal|p2a: Eelektross|68/100|[from] item: Leftovers
|upkeep
|turn|15
|
|t:|1760823281
|-end|p1a: Great Tusk|Protosynthesis|[silent]
|switch|p1a: Slowking|Slowking-Galar, M, shiny|41/100
|move|p2a: Eelektross|Drain Punch|p1a: Slowking
|-resisted|p1a: Slowking
|-damage|p1a: Slowking|31/100
|-heal|p2a: Eelektross|74/100|[from] drain|[of] p1a: Slowking
|
|-heal|p2a: Eelektross|80/100|[from] item: Leftovers
|upkeep
|turn|16
|
|t:|1760823290
|move|p1a: Slowking|Sludge Bomb|p2a: Eelektross
|-damage|p2a: Eelektross|50/100
|-status|p2a: Eelektross|psn
|move|p2a: Eelektross|Dragon Tail|p1a: Slowking
|-damage|p1a: Slowking|0 fnt
|faint|p1a: Slowking
|
|-heal|p2a: Eelektross|56/100 psn|[from] item: Leftovers
|-damage|p2a: Eelektross|44/100 psn|[from] psn
|upkeep
|
|t:|1760823297
|switch|p1a: Kingambit|Kingambit, M, shiny|100/100
|-activate|p1a: Kingambit|ability: Supreme Overlord
|-start|p1a: Kingambit|fallen3|[silent]
|turn|17
|
|t:|1760823305
|move|p1a: Kingambit|Kowtow Cleave|p2a: Eelektross
|-damage|p2a: Eelektross|17/100 psn
|move|p2a: Eelektross|Drain Punch|p1a: Kingambit
|-supereffective|p1a: Kingambit
|-damage|p1a: Kingambit|0 fnt
|-heal|p2a: Eelektross|71/100 psn|[from] drain|[of] p1a: Kingambit
|faint|p1a: Kingambit
|-end|p1a: Kingambit|fallen3|[silent]
|
|-heal|p2a: Eelektross|78/100 psn|[from] item: Leftovers
|-damage|p2a: Eelektross|65/100 psn|[from] psn
|upkeep
|
|t:|1760823314
|switch|p1a: Kyurem|Kyurem, shiny|36/100
|-ability|p1a: Kyurem|Pressure
|turn|18
|-message|Cameron 2007 forfeited.
|
|win|bigkatt96
|raw|Cameron 2007's rating: 1214 &rarr; <strong>1192</strong><br />(-22 for losing)
|raw|bigkatt96's rating: 1255 &rarr; <strong>1277</strong><br />(+22 for winning)
|l|☆Cameron 2007
|player|p1|
|l|‽bigkatt96
|player|p2|
