|j|☆teamtest159
|j|‽tsurugi951
|t:|1760785696
|gametype|singles
|player|p1|teamtest159|n|1267
|player|p2|tsurugi951|marshal|1310
|gen|9
|tier|[Gen 9] OU
|rated|
|rule|HP Percentage Mod: HP is shown in percentages
|rule|Endless Battle Clause: Forcing endless battles is banned
|rule|Species Clause: Limit one of each Pokémon
|rule|OHKO Clause: OHKO moves are banned
|rule|Evasion Items Clause: Evasion items are banned
|rule|Evasion Moves Clause: Evasion moves are banned
|rule|Evasion Abilities Clause: Evasion abilities are banned
|rule|Sleep Moves Clause: Sleep-inducing moves are banned
|clearpoke
|poke|p1|Regidrago|
|poke|p1|Granbull, M|
|poke|p1|Polteageist|
|poke|p1|Empoleon, M|
|poke|p1|Lycanroc-Dusk, F|
|poke|p1|Breloom, M|
|poke|p2|Dondozo, M|
|poke|p2|Weezing-Galar, F|
|poke|p2|Meowscarada, M|
|poke|p2|Iron Treads|
|poke|p2|Iron Hands|
|poke|p2|Alomomola, M|
|teampreview
|
|t:|1760785706
|teamsize|p1|6
|teamsize|p2|6
|start
|switch|p1a: Lycanroc|Lycanroc-Dusk, F|100/100
|switch|p2a: Weezing|Weezing-Galar, F, shiny|100/100
|turn|1
|
|t:|1760785714
|move|p1a: Lycanroc|Stealth Rock|p2a: Weezing
|-sidestart|p2: tsurugi951|move: Stealth Rock
|move|p2a: Weezing|Dazzling Gleam|p1a: Lycanroc
|-damage|p1a: Lycanroc|45/100
|
|upkeep
|turn|2
|
|t:|1760785726
|switch|p2a: Iron Treads|Iron Treads, shiny|100/100
|-damage|p2a: Iron Treads|97/100|[from] Stealth Rock
|move|p1a: Lycanroc|Endeavor|p2a: Iron Treads
|-damage|p2a: Iron Treads|41/100
|
|upkeep
|turn|3
|
|t:|1760785741
|move|p1a: Lycanroc|Close Combat|p2a: Iron Treads
|-supereffective|p2a: Iron Treads
|-damage|p2a: Iron Treads|0 fnt
|-unboost|p1a: Lycanroc|def|1
|-unboost|p1a: Lycanroc|spd|1
|faint|p2a: Iron Treads
|-end|p2a: Iron Treads|Quark Drive|[silent]
|
|upkeep
|
|t:|1760785758
|switch|p2a: Meowscarada|Meowscarada, M, shiny|100/100
|-damage|p2a: Meowscarada|88/100|[from] Stealth Rock
|turn|4
|
|t:|1760785763
|move|p1a: Lycanroc|Accelerock|p2a: Meowscarada
|-damage|p2a: Meowscarada|51/100
|move|p2a: Meowscarada|U-turn|p1a: Lycanroc
|-start|p2a: Meowscarada|typechange|Bug|[from] ability: Protean
|-damage|p1a: Lycanroc|0 fnt
|faint|p1a: Lycanroc
|
|t:|1760785777
|switch|p2a: Iron Hands|Iron Hands, shiny|100/100|[from] U-turn
|-damage|p2a: Iron Hands|94/100|[from] Stealth Rock
|
|upkeep
|
|t:|1760785787
|switch|p1a: Toothfairy|Granbull, M|100/100
|-ability|p1a: Toothfairy|Intimidate|boost
|-unboost|p2a: Iron Hands|atk|1
|turn|5
|
|t:|1760785794
|-end|p2a: Iron Hands|Quark Drive|[silent]
|switch|p2a: Weezing|Weezing-Galar, F, shiny|100/100
|-damage|p2a: Weezing|88/100|[from] Stealth Rock
|move|p1a: Toothfairy|Play Rough|p2a: Weezing
|-resisted|p2a: Weezing
|-damage|p2a: Weezing|67/100
|
|upkeep
|turn|6
|-message|tsurugi951 forfeited.
|
|win|teamtest159
|raw|teamtest159's rating: 1267 &rarr; <strong>1295</strong><br />(+28 for winning)
|raw|tsurugi951's rating: 1310 &rarr; <strong>1288</strong><br />(-22 for losing)
|l|☆teamtest159
|player|p1|
