|j|☆krabby.pabby
|j|☆tubfrog
|t:|1760847657
|gametype|singles
|player|p1|krabby.pabby|elesa|1112
|player|p2|tubfrog|102|1184
|gen|9
|tier|[Gen 9] OU
|rated|
|rule|HP Percentage Mod: HP is shown in percentages
|rule|Endless Battle Clause: Forcing endless battles is banned
|rule|Species Clause: Limit one of each Pokémon
|rule|OHKO Clause: OHKO moves are banned
|rule|Evasion Items Clause: Evasion items are banned
|rule|Evasion Moves Clause: Evasion moves are banned
|rule|Evasion Abilities Clause: Evasion abilities are banned
|rule|Sleep Moves Clause: Sleep-inducing moves are banned
|clearpoke
|poke|p1|Ninetales, F|
|poke|p1|Scream Tail|
|poke|p1|Lilligant-Hisui, F|
|poke|p1|Charizard, M|
|poke|p1|Raging Bolt|
|poke|p1|Victreebel, F|
|poke|p2|Great Tusk|
|poke|p2|Dragonite, M|
|poke|p2|Walking Wake|
|poke|p2|Hatterene, F|
|poke|p2|Raging Bolt|
|poke|p2|Ninetales, F|
|teampreview
|
|t:|1760847678
|teamsize|p1|6
|teamsize|p2|6
|start
|switch|p1a: Raging Bolt|Raging Bolt|100/100
|switch|p2a: Great Tusk|Great Tusk|100/100
|turn|1
|
|t:|1760847700
|-end|p1a: Raging Bolt|Protosynthesis|[silent]
|switch|p1a: Charizard|Charizard, M|100/100
|move|p2a: Great Tusk|Stealth Rock|p1a: Charizard
|-sidestart|p1: krabby.pabby|move: Stealth Rock
|
|upkeep
|turn|2
|
|t:|1760847714
|-end|p2a: Great Tusk|Protosynthesis|[silent]
|switch|p2a: Hatterene|Hatterene, F|100/100
|move|p1a: Charizard|Air Slash|p2a: Hatterene
|-damage|p2a: Hatterene|76/100
|-enditem|p2a: Hatterene|Eject Button
|
|t:|1760847724
|switch|p2a: Walking Wake|Walking Wake|100/100
|
|upkeep
|turn|3
|
|t:|1760847736
|switch|p1a: Ninetales|Ninetales, F|100/100
|-damage|p1a: Ninetales|75/100|[from] Stealth Rock
|-weather|SunnyDay|[from] ability: Drought|[of] p1a: Ninetales
|-activate|p2a: Walking Wake|ability: Protosynthesis
|-start|p2a: Walking Wake|protosynthesisspe
|move|p2a: Walking Wake|Hydro Steam|p1a: Ninetales
|-supereffective|p1a: Ninetales
|-damage|p1a: Ninetales|0 fnt
|faint|p1a: Ninetales
|
|-weather|SunnyDay|[upkeep]
|upkeep
|
|t:|1760847752
|switch|p1a: Raging Bolt|Raging Bolt|100/100
|-damage|p1a: Raging Bolt|88/100|[from] Stealth Rock
|-activate|p1a: Raging Bolt|ability: Protosynthesis
|-start|p1a: Raging Bolt|protosynthesisspa
|turn|4
|
|t:|1760847760
|-end|p2a: Walking Wake|Protosynthesis|[silent]
|switch|p2a: Hatterene|Hatterene, F|76/100
|-terastallize|p1a: Raging Bolt|Electric
|move|p1a: Raging Bolt|Thunderclap||[still]
|-fail|p1a: Raging Bolt
|
|-weather|SunnyDay|[upkeep]
|upkeep
|turn|5
|
|t:|1760847774
|switch|p2a: Great Tusk|Great Tusk|100/100
|-activate|p2a: Great Tusk|ability: Protosynthesis
|-start|p2a: Great Tusk|protosynthesisatk
|move|p1a: Raging Bolt|Weather Ball|p2a: Great Tusk
|-damage|p2a: Great Tusk|0 fnt
|faint|p2a: Great Tusk
|-end|p2a: Great Tusk|Protosynthesis|[silent]
|
|-weather|SunnyDay|[upkeep]
|upkeep
|
|t:|1760847789
|switch|p2a: Walking Wake|Walking Wake|100/100
|-activate|p2a: Walking Wake|ability: Protosynthesis
|-start|p2a: Walking Wake|protosynthesisspe
|turn|6
|
|t:|1760847795
|move|p1a: Raging Bolt|Thunderclap|p2a: Walking Wake
|-damage|p2a: Walking Wake|14/100
|move|p2a: Walking Wake|Draco Meteor|p1a: Raging Bolt|[miss]
|-miss|p2a: Walking Wake|p1a: Raging Bolt
|
|-weather|SunnyDay|[upkeep]
|upkeep
|turn|7
|
|t:|1760847806
|-end|p2a: Walking Wake|Protosynthesis|[silent]
|switch|p2a: Dragonite|Dragonite, M|100/100
|move|p1a: Raging Bolt|Thunderclap||[still]
|-fail|p1a: Raging Bolt
|
|-weather|SunnyDay|[upkeep]
|upkeep
|turn|8
|
|t:|1760847819
|move|p1a: Raging Bolt|Thunderclap||[still]
|-fail|p1a: Raging Bolt
|move|p2a: Dragonite|Dragon Dance|p2a: Dragonite
|-boost|p2a: Dragonite|atk|1
|-boost|p2a: Dragonite|spe|1
|
|-weather|SunnyDay|[upkeep]
|upkeep
|turn|9
|
|t:|1760847825
|move|p2a: Dragonite|Earthquake|p1a: Raging Bolt
|-supereffective|p1a: Raging Bolt
|-damage|p1a: Raging Bolt|0 fnt
|faint|p1a: Raging Bolt
|-end|p1a: Raging Bolt|Protosynthesis|[silent]
|
|-weather|SunnyDay|[upkeep]
|upkeep
|
|t:|1760847833
|switch|p1a: Lilligant|Lilligant-Hisui, F|100/100
|-damage|p1a: Lilligant|94/100|[from] Stealth Rock
|turn|10
|
|t:|1760847842
|-terastallize|p2a: Dragonite|Normal
|move|p2a: Dragonite|Extreme Speed|p1a: Lilligant
|-crit|p1a: Lilligant
|-damage|p1a: Lilligant|0 fnt
|faint|p1a: Lilligant
|
|-weather|none
|upkeep
|
|t:|1760847862
|switch|p1a: Scream Tail|Scream Tail|100/100
|-damage|p1a: Scream Tail|88/100|[from] Stealth Rock
|turn|11
|
|t:|1760847869
|move|p2a: Dragonite|Earthquake|p1a: Scream Tail
|-damage|p1a: Scream Tail|44/100
|move|p1a: Scream Tail|Disable|p2a: Dragonite
|-start|p2a: Dragonite|Disable|Earthquake
|
|-heal|p1a: Scream Tail|50/100|[from] item: Leftovers
|upkeep
|turn|12
|
|t:|1760847878
|move|p2a: Dragonite|Extreme Speed|p1a: Scream Tail
|-damage|p1a: Scream Tail|0 fnt
|faint|p1a: Scream Tail
|-end|p1a: Scream Tail|Protosynthesis|[silent]
|
|upkeep
|
|t:|1760847883
|switch|p1a: Victreebel|Victreebel, F|100/100
|-damage|p1a: Victreebel|88/100|[from] Stealth Rock
|turn|13
|
|t:|1760847890
|move|p2a: Dragonite|Extreme Speed|p1a: Victreebel
|-damage|p1a: Victreebel|0 fnt
|faint|p1a: Victreebel
|
|upkeep
|-message|krabby.pabby forfeited.
|
|win|tubfrog
|raw|krabby.pabby's rating: 1112 &rarr; <strong>1092</strong><br />(-20 for losing)
|raw|tubfrog's rating: 1184 &rarr; <strong>1204</strong><br />(+20 for winning)
|l|☆krabby.pabby
|player|p1|
|l|☆tubfrog
|player|p2|
