|j|☆AsierX
|j|☆Ascendn
|t:|1760727508
|gametype|singles
|player|p1|AsierX|skierf|1385
|player|p2|Ascendn|101|1427
|gen|9
|tier|[Gen 9] OU
|rated|
|rule|HP Percentage Mod: HP is shown in percentages
|rule|Endless Battle Clause: Forcing endless battles is banned
|rule|Species Clause: Limit one of each Pokémon
|rule|OHKO Clause: OHKO moves are banned
|rule|Evasion Items Clause: Evasion items are banned
|rule|Evasion Moves Clause: Evasion moves are banned
|rule|Evasion Abilities Clause: Evasion abilities are banned
|rule|Sleep Moves Clause: Sleep-inducing moves are banned
|clearpoke
|poke|p1|Scizor, M|
|poke|p1|Iron Valiant|
|poke|p1|Porygon-Z|
|poke|p1|Ceruledge, F|
|poke|p1|Ting-Lu|
|poke|p1|Weezing-Galar, F|
|poke|p2|Primarina, M|
|poke|p2|Great Tusk|
|poke|p2|Kingambit, M|
|poke|p2|Slowking-Galar, M|
|poke|p2|Rillaboom, M|
|poke|p2|Enamorus, F|
|teampreview
|
|t:|1760727527
|teamsize|p1|6
|teamsize|p2|6
|start
|switch|p1a: Child Of Man|Porygon-Z|100/100
|switch|p2a: Mantra|Slowking-Galar, M, shiny|100/100
|-ability|p1a: Child Of Man|Download|boost
|-boost|p1a: Child Of Man|spa|1
|turn|1
|
|t:|1760727533
|move|p1a: Child Of Man|Tera Blast|p2a: Mantra
|-damage|p2a: Mantra|59/100
|-damage|p1a: Child Of Man|91/100|[from] item: Life Orb
|move|p2a: Mantra|Sludge Bomb|p1a: Child Of Man
|-damage|p1a: Child Of Man|48/100
|
|upkeep
|turn|2
|
|t:|1760727540
|move|p1a: Child Of Man|Tera Blast|p2a: Mantra
|-damage|p2a: Mantra|13/100
|-damage|p1a: Child Of Man|38/100|[from] item: Life Orb
|move|p2a: Mantra|Sludge Bomb|p1a: Child Of Man
|-damage|p1a: Child Of Man|0 fnt
|faint|p1a: Child Of Man
|
|upkeep
|
|t:|1760727542
|switch|p1a: Creature Of Steel|Scizor, M|100/100
|turn|3
|
|t:|1760727549
|switch|p2a: Behemoth|Great Tusk, shiny|100/100
|move|p1a: Creature Of Steel|Swords Dance|p1a: Creature Of Steel
|-boost|p1a: Creature Of Steel|atk|2
|
|upkeep
|turn|4
|
|t:|1760727552
|move|p2a: Behemoth|Stealth Rock|p1a: Creature Of Steel
|-sidestart|p1: AsierX|move: Stealth Rock
|move|p1a: Creature Of Steel|Dual Wingbeat|p2a: Behemoth
|-supereffective|p2a: Behemoth
|-damage|p2a: Behemoth|29/100
|-damage|p1a: Creature Of Steel|84/100|[from] item: Rocky Helmet|[of] p2a: Behemoth
|-supereffective|p2a: Behemoth
|-damage|p2a: Behemoth|0 fnt
|-damage|p1a: Creature Of Steel|67/100|[from] item: Rocky Helmet|[of] p2a: Behemoth
|faint|p2a: Behemoth
|-end|p2a: Behemoth|Protosynthesis|[silent]
|-hitcount|p2: Behemoth|2
|
|upkeep
|inactive|Battle timer is ON: inactive players will automatically lose when time's up. (requested by AsierX)
|
|t:|1760727584
|switch|p2a: Celestine|Primarina, M, shiny|100/100
|turn|5
|
|t:|1760727592
|move|p2a: Celestine|Psychic Noise|p1a: Creature Of Steel
|-damage|p1a: Creature Of Steel|19/100
|-start|p1a: Creature Of Steel|move: Heal Block
|move|p1a: Creature Of Steel|Dual Wingbeat|p2a: Celestine
|-damage|p2a: Celestine|31/100
|-damage|p2a: Celestine|0 fnt
|faint|p2a: Celestine
|-hitcount|p2: Celestine|2
|
|upkeep
|
|t:|1760727601
|switch|p2a: Rillaboom|Rillaboom, M|100/100
|turn|6
|
|t:|1760727611
|move|p1a: Creature Of Steel|Bullet Punch|p2a: Rillaboom
|-damage|p2a: Rillaboom|30/100
|move|p2a: Rillaboom|Knock Off|p1a: Creature Of Steel
|-damage|p1a: Creature Of Steel|0 fnt
|-enditem|p1a: Creature Of Steel|Sitrus Berry|[from] move: Knock Off|[of] p2a: Rillaboom
|faint|p1a: Creature Of Steel
|
|upkeep
|
|t:|1760727620
|switch|p1a: INSIGNIFICANT PUFF|Weezing-Galar, F|100/100
|-ability|p1a: INSIGNIFICANT PUFF|Neutralizing Gas
|turn|7
|
|t:|1760727624
|move|p2a: Rillaboom|Knock Off|p1a: INSIGNIFICANT PUFF
|-resisted|p1a: INSIGNIFICANT PUFF
|-damage|p1a: INSIGNIFICANT PUFF|79/100
|-enditem|p1a: INSIGNIFICANT PUFF|Heavy-Duty Boots|[from] move: Knock Off|[of] p2a: Rillaboom
|move|p1a: INSIGNIFICANT PUFF|Defog|p2a: Rillaboom
|-unboost|p2a: Rillaboom|evasion|1
|-sideend|p1: AsierX|Stealth Rock|[from] move: Defog|[of] p1a: INSIGNIFICANT PUFF
|
|upkeep
|turn|8
|
|t:|1760727627
|move|p2a: Rillaboom|Knock Off|p1a: INSIGNIFICANT PUFF
|-resisted|p1a: INSIGNIFICANT PUFF
|-damage|p1a: INSIGNIFICANT PUFF|66/100
|move|p1a: INSIGNIFICANT PUFF|Strange Steam|p2a: Rillaboom
|-damage|p2a: Rillaboom|0 fnt
|faint|p2a: Rillaboom
|
|upkeep
|
|t:|1760727638
|switch|p2a: Mantra|Slowking-Galar, M, shiny|47/100
|turn|9
|
|t:|1760727642
|move|p1a: INSIGNIFICANT PUFF|Pain Split|p2a: Mantra
|-sethp|p2a: Mantra|46/100|[from] move: Pain Split|[silent]
|-sethp|p1a: INSIGNIFICANT PUFF|67/100|[from] move: Pain Split
|move|p2a: Mantra|Psychic Noise|p1a: INSIGNIFICANT PUFF
|-supereffective|p1a: INSIGNIFICANT PUFF
|-damage|p1a: INSIGNIFICANT PUFF|0 fnt
|faint|p1a: INSIGNIFICANT PUFF
|-end|p1a: INSIGNIFICANT PUFF|ability: Neutralizing Gas
|
|upkeep
|
|t:|1760727645
|switch|p1a: Object|Ting-Lu, shiny|100/100
|-ability|p1a: Object|Vessel of Ruin
|turn|10
|
|t:|1760727650
|move|p1a: Object|Earthquake|p2a: Mantra
|-supereffective|p2a: Mantra
|-damage|p2a: Mantra|0 fnt
|faint|p2a: Mantra
|
|upkeep
|
|t:|1760727654
|switch|p2a: Gin|Enamorus, F, shiny|100/100
|turn|11
|
|t:|1760727659
|move|p2a: Gin|Moonblast|p1a: Object
|-supereffective|p1a: Object
|-damage|p1a: Object|58/100
|move|p1a: Object|Ruination|p2a: Gin
|-damage|p2a: Gin|51/100
|
|-heal|p1a: Object|64/100|[from] item: Leftovers
|upkeep
|turn|12
|
|t:|1760727664
|move|p2a: Gin|Moonblast|p1a: Object
|-supereffective|p1a: Object
|-damage|p1a: Object|15/100
|move|p1a: Object|Ruination|p2a: Gin|[miss]
|-miss|p1a: Object|p2a: Gin
|
|-heal|p1a: Object|22/100|[from] item: Leftovers
|upkeep
|turn|13
|
|t:|1760727670
|move|p2a: Gin|Moonblast|p1a: Object
|-supereffective|p1a: Object
|-damage|p1a: Object|0 fnt
|faint|p1a: Object
|
|upkeep
|
|t:|1760727673
|switch|p1a: Machine|Iron Valiant|100/100
|-enditem|p1a: Machine|Booster Energy
|-activate|p1a: Machine|ability: Quark Drive|[fromitem]
|-start|p1a: Machine|quarkdrivespe
|turn|14
|
|t:|1760727676
|move|p1a: Machine|Spirit Break|p2a: Gin
|-damage|p2a: Gin|0 fnt
|faint|p2a: Gin
|
|upkeep
|
|t:|1760727678
|switch|p2a: Overgod|Kingambit, M, shiny|100/100
|-activate|p2a: Overgod|ability: Supreme Overlord
|-start|p2a: Overgod|fallen5|[silent]
|turn|15
|
|t:|1760727685
|-terastallize|p2a: Overgod|Ghost
|move|p1a: Machine|Close Combat|p2a: Overgod
|-immune|p2a: Overgod
|move|p2a: Overgod|Iron Head|p1a: Machine
|-supereffective|p1a: Machine
|-damage|p1a: Machine|0 fnt
|faint|p1a: Machine
|-end|p1a: Machine|Quark Drive|[silent]
|
|upkeep
|
|t:|1760727687
|switch|p1a: Weapon|Ceruledge, F|100/100
|turn|16
|
|t:|1760727692
|move|p1a: Weapon|Poltergeist|p2a: Overgod
|-activate|p2a: Overgod|move: Poltergeist|Leftovers
|-supereffective|p2a: Overgod
|-damage|p2a: Overgod|22/100
|move|p2a: Overgod|Kowtow Cleave|p1a: Weapon
|-supereffective|p1a: Weapon
|-enditem|p1a: Weapon|Focus Sash
|-damage|p1a: Weapon|1/100
|-ability|p1a: Weapon|Weak Armor|boost
|-unboost|p1a: Weapon|def|1
|-boost|p1a: Weapon|spe|2
|
|-heal|p2a: Overgod|28/100|[from] item: Leftovers
|upkeep
|turn|17
|
|t:|1760727699
|move|p1a: Weapon|Shadow Sneak|p2a: Overgod
|-supereffective|p2a: Overgod
|-damage|p2a: Overgod|0 fnt
|faint|p2a: Overgod
|-end|p2a: Overgod|fallen5|[silent]
|
|win|AsierX
|raw|AsierX's rating: 1385 &rarr; <strong>1407</strong><br />(+22 for winning)
|raw|Ascendn's rating: 1427 &rarr; <strong>1405</strong><br />(-22 for losing)
|l|☆AsierX
|player|p1|
|l|☆Ascendn
|player|p2|
