|j|☆basedraybans
|j|☆Ancient Silly
|t:|1760829770
|gametype|singles
|player|p1|basedraybans|101|1404
|player|p2|Ancient Silly|rocketgruntf|1433
|gen|9
|tier|[Gen 9] OU
|rated|
|rule|HP Percentage Mod: HP is shown in percentages
|rule|Endless Battle Clause: Forcing endless battles is banned
|rule|Species Clause: Limit one of each Pokémon
|rule|OHKO Clause: OHKO moves are banned
|rule|Evasion Items Clause: Evasion items are banned
|rule|Evasion Moves Clause: Evasion moves are banned
|rule|Evasion Abilities Clause: Evasion abilities are banned
|rule|Sleep Moves Clause: Sleep-inducing moves are banned
|clearpoke
|poke|p1|Bronzong|
|poke|p1|Dragapult, M|
|poke|p1|Ting-Lu|
|poke|p1|Toxapex, M|
|poke|p1|Mandibuzz, F|
|poke|p1|Iron Valiant|
|poke|p2|Gholdengo|
|poke|p2|Iron Valiant|
|poke|p2|Ribombee, F|
|poke|p2|Great Tusk|
|poke|p2|Haxorus, F|
|poke|p2|Rampardos, F|
|teampreview
|inactive|Battle timer is ON: inactive players will automatically lose when time's up. (requested by Ancient Silly)
|inactive|basedraybans also wants the timer to be on.
|j| Cantide
|
|t:|1760829784
|teamsize|p1|6
|teamsize|p2|6
|start
|switch|p1a: Toxapex|Toxapex, M|100/100
|switch|p2a: Haxorus|Haxorus, F|100/100
|-ability|p2a: Haxorus|Mold Breaker
|turn|1
|
|t:|1760829789
|move|p2a: Haxorus|Dragon Dance|p2a: Haxorus
|-boost|p2a: Haxorus|atk|1
|-boost|p2a: Haxorus|spe|1
|move|p1a: Toxapex|Toxic Spikes|p2a: Haxorus
|-sidestart|p2: Ancient Silly|move: Toxic Spikes
|
|upkeep
|turn|2
|
|t:|1760829795
|move|p2a: Haxorus|Earthquake|p1a: Toxapex
|-supereffective|p1a: Toxapex
|-damage|p1a: Toxapex|28/100
|move|p1a: Toxapex|Haze|p1a: Toxapex
|-clearallboost
|
|upkeep
|turn|3
|
|t:|1760829800
|switch|p1a: Mandibuzz|Mandibuzz, F|100/100
|move|p2a: Haxorus|Dragon Dance|p2a: Haxorus
|-boost|p2a: Haxorus|atk|1
|-boost|p2a: Haxorus|spe|1
|
|upkeep
|turn|4
|
|t:|1760829803
|move|p2a: Haxorus|Rock Slide|p1a: Mandibuzz
|-supereffective|p1a: Mandibuzz
|-damage|p1a: Mandibuzz|48/100
|move|p1a: Mandibuzz|Foul Play|p2a: Haxorus
|-damage|p2a: Haxorus|0 fnt
|faint|p2a: Haxorus
|
|upkeep
|l| Cantide
|
|t:|1760829820
|switch|p2a: Iron Valiant|Iron Valiant|100/100
|-status|p2a: Iron Valiant|psn
|-enditem|p2a: Iron Valiant|Booster Energy
|-activate|p2a: Iron Valiant|ability: Quark Drive|[fromitem]
|-start|p2a: Iron Valiant|quarkdrivespa
|turn|5
|
|t:|1760829826
|switch|p1a: Toxapex|Toxapex, M|61/100
|move|p2a: Iron Valiant|Moonblast|p1a: Toxapex
|-resisted|p1a: Toxapex
|-damage|p1a: Toxapex|33/100
|
|-damage|p2a: Iron Valiant|88/100 psn|[from] psn
|upkeep
|turn|6
|
|t:|1760829834
|switch|p1a: Bronzong|Bronzong|100/100
|move|p2a: Iron Valiant|Thunderbolt|p1a: Bronzong
|-damage|p1a: Bronzong|73/100
|
|-heal|p1a: Bronzong|79/100|[from] item: Leftovers
|-damage|p2a: Iron Valiant|76/100 psn|[from] psn
|upkeep
|turn|7
|
|t:|1760829841
|-end|p2a: Iron Valiant|Quark Drive|[silent]
|switch|p2a: Gholdengo|Gholdengo|100/100
|move|p1a: Bronzong|Calm Mind|p1a: Bronzong
|-boost|p1a: Bronzong|spa|1
|-boost|p1a: Bronzong|spd|1
|
|-heal|p1a: Bronzong|86/100|[from] item: Leftovers
|upkeep
|turn|8
|
|t:|1760829848
|-terastallize|p1a: Bronzong|Water
|move|p2a: Gholdengo|Shadow Ball|p1a: Bronzong
|-damage|p1a: Bronzong|56/100
|move|p1a: Bronzong|Calm Mind|p1a: Bronzong
|-boost|p1a: Bronzong|spa|1
|-boost|p1a: Bronzong|spd|1
|
|-heal|p1a: Bronzong|62/100|[from] item: Leftovers
|upkeep
|turn|9
|
|t:|1760829861
|move|p2a: Gholdengo|Shadow Ball|p1a: Bronzong
|-damage|p1a: Bronzong|36/100
|move|p1a: Bronzong|Calm Mind|p1a: Bronzong
|-boost|p1a: Bronzong|spa|1
|-boost|p1a: Bronzong|spd|1
|
|-heal|p1a: Bronzong|42/100|[from] item: Leftovers
|upkeep
|turn|10
|
|t:|1760829875
|move|p2a: Gholdengo|Shadow Ball|p1a: Bronzong
|-damage|p1a: Bronzong|24/100
|move|p1a: Bronzong|Stored Power|p2a: Gholdengo
|-resisted|p2a: Gholdengo
|-damage|p2a: Gholdengo|40/100
|
|-heal|p1a: Bronzong|30/100|[from] item: Leftovers
|upkeep
|turn|11
|
|t:|1760829880
|move|p2a: Gholdengo|Shadow Ball|p1a: Bronzong
|-damage|p1a: Bronzong|10/100
|-unboost|p1a: Bronzong|spd|1
|move|p1a: Bronzong|Stored Power|p2a: Gholdengo
|-resisted|p2a: Gholdengo
|-damage|p2a: Gholdengo|0 fnt
|faint|p2a: Gholdengo
|
|-heal|p1a: Bronzong|16/100|[from] item: Leftovers
|upkeep
|
|t:|1760829885
|switch|p2a: Rampardos|Rampardos, F|100/100
|-status|p2a: Rampardos|psn
|turn|12
|
|t:|1760829889
|move|p2a: Rampardos|Rock Slide|p1a: Bronzong
|-damage|p1a: Bronzong|0 fnt
|faint|p1a: Bronzong
|
|-damage|p2a: Rampardos|88/100 psn|[from] psn
|upkeep
|
|t:|1760829905
|switch|p1a: Ting-Lu|Ting-Lu|100/100
|-ability|p1a: Ting-Lu|Vessel of Ruin
|turn|13
|
|t:|1760829916
|switch|p2a: Ribombee|Ribombee, F|100/100
|-status|p2a: Ribombee|psn
|move|p1a: Ting-Lu|Earthquake|p2a: Ribombee
|-resisted|p2a: Ribombee
|-damage|p2a: Ribombee|57/100 psn
|
|-damage|p2a: Ribombee|45/100 psn|[from] psn
|upkeep
|turn|14
|
|t:|1760829936
|switch|p1a: Mandibuzz|Mandibuzz, F|48/100
|move|p2a: Ribombee|Sticky Web|p1a: Mandibuzz
|-sidestart|p1: basedraybans|move: Sticky Web
|
|-damage|p2a: Ribombee|32/100 psn|[from] psn
|upkeep
|turn|15
|
|t:|1760829945
|move|p2a: Ribombee|Moonblast|p1a: Mandibuzz
|-supereffective|p1a: Mandibuzz
|-damage|p1a: Mandibuzz|0 fnt
|faint|p1a: Mandibuzz
|
|-damage|p2a: Ribombee|20/100 psn|[from] psn
|upkeep
|
|t:|1760829952
|switch|p1a: Toxapex|Toxapex, M|66/100
|-activate|p1a: Toxapex|move: Sticky Web
|-unboost|p1a: Toxapex|spe|1
|turn|16
|
|t:|1760829956
|switch|p1a: Ting-Lu|Ting-Lu|100/100
|-activate|p1a: Ting-Lu|move: Sticky Web
|-unboost|p1a: Ting-Lu|spe|1
|-ability|p1a: Ting-Lu|Vessel of Ruin
|move|p2a: Ribombee|Skill Swap|p1a: Ting-Lu
|-activate|p2a: Ribombee|move: Skill Swap|Vessel of Ruin|Shield Dust|[of] p1a: Ting-Lu
|-ability|p2a: Ribombee|Vessel of Ruin
|
|-damage|p2a: Ribombee|8/100 psn|[from] psn
|upkeep
|turn|17
|
|t:|1760829966
|move|p2a: Ribombee|Moonblast|p1a: Ting-Lu
|-supereffective|p1a: Ting-Lu
|-damage|p1a: Ting-Lu|39/100
|-enditem|p1a: Ting-Lu|Weakness Policy
|-boost|p1a: Ting-Lu|atk|2|[from] item: Weakness Policy
|-boost|p1a: Ting-Lu|spa|2|[from] item: Weakness Policy
|move|p1a: Ting-Lu|Spikes|p2a: Ribombee
|-sidestart|p2: Ancient Silly|Spikes
|
|-damage|p2a: Ribombee|0 fnt|[from] psn
|faint|p2a: Ribombee
|upkeep
|
|t:|1760829975
|switch|p2a: Iron Valiant|Iron Valiant|76/100 psn
|-damage|p2a: Iron Valiant|63/100 psn|[from] Spikes
|turn|18
|
|t:|1760829979
|switch|p1a: Toxapex|Toxapex, M|99/100
|-activate|p1a: Toxapex|move: Sticky Web
|-unboost|p1a: Toxapex|spe|1
|move|p2a: Iron Valiant|Moonblast|p1a: Toxapex
|-resisted|p1a: Toxapex
|-damage|p1a: Toxapex|80/100
|
|-damage|p2a: Iron Valiant|51/100 psn|[from] psn
|upkeep
|turn|19
|
|t:|1760829989
|-end|p2a: Iron Valiant|Quark Drive|[silent]
|switch|p2a: Rampardos|Rampardos, F|88/100 psn
|-damage|p2a: Rampardos|76/100 psn|[from] Spikes
|move|p1a: Toxapex|Baneful Bunker||[still]
|-fail|p1a: Toxapex
|
|-damage|p2a: Rampardos|64/100 psn|[from] psn
|upkeep
|turn|20
|
|t:|1760830001
|move|p1a: Toxapex|Baneful Bunker|p1a: Toxapex
|-singleturn|p1a: Toxapex|move: Protect
|move|p2a: Rampardos|Earthquake|p1a: Toxapex
|-activate|p1a: Toxapex|move: Protect
|
|-damage|p2a: Rampardos|52/100 psn|[from] psn
|upkeep
|turn|21
|
|t:|1760830010
|switch|p1a: Ting-Lu|Ting-Lu|39/100
|-activate|p1a: Ting-Lu|move: Sticky Web
|-unboost|p1a: Ting-Lu|spe|1
|-ability|p1a: Ting-Lu|Vessel of Ruin
|move|p2a: Rampardos|Earthquake|p1a: Ting-Lu
|-damage|p1a: Ting-Lu|8/100
|-damage|p2a: Rampardos|42/100 psn|[from] item: Life Orb
|
|-damage|p2a: Rampardos|29/100 psn|[from] psn
|upkeep
|turn|22
|
|t:|1760830028
|move|p2a: Rampardos|Earthquake|p1a: Ting-Lu
|-damage|p1a: Ting-Lu|0 fnt
|faint|p1a: Ting-Lu
|-damage|p2a: Rampardos|20/100 psn|[from] item: Life Orb
|
|-damage|p2a: Rampardos|7/100 psn|[from] psn
|upkeep
|
|t:|1760830034
|switch|p1a: Toxapex|Toxapex, M|100/100
|-activate|p1a: Toxapex|move: Sticky Web
|-unboost|p1a: Toxapex|spe|1
|turn|23
|inactive|Ancient Silly has 120 seconds left.
|
|t:|1760830067
|move|p1a: Toxapex|Baneful Bunker|p1a: Toxapex
|-singleturn|p1a: Toxapex|move: Protect
|move|p2a: Rampardos|Earthquake|p1a: Toxapex
|-activate|p1a: Toxapex|move: Protect
|
|-damage|p2a: Rampardos|0 fnt|[from] psn
|faint|p2a: Rampardos
|upkeep
|inactive|Ancient Silly has 120 seconds left.
|
|t:|1760830073
|switch|p2a: Great Tusk|Great Tusk|100/100
|-status|p2a: Great Tusk|psn
|-damage|p2a: Great Tusk|88/100 psn|[from] Spikes
|-enditem|p2a: Great Tusk|Booster Energy
|-activate|p2a: Great Tusk|ability: Protosynthesis|[fromitem]
|-start|p2a: Great Tusk|protosynthesisatk
|turn|24
|
|t:|1760830080
|switch|p1a: Iron Valiant|Iron Valiant|100/100
|-activate|p1a: Iron Valiant|move: Sticky Web
|-unboost|p1a: Iron Valiant|spe|1
|move|p2a: Great Tusk|Headlong Rush|p1a: Iron Valiant
|-damage|p1a: Iron Valiant|2/100
|-unboost|p2a: Great Tusk|def|1
|-unboost|p2a: Great Tusk|spd|1
|
|-damage|p2a: Great Tusk|76/100 psn|[from] psn
|upkeep
|turn|25
|inactive|Ancient Silly has 120 seconds left.
|l|☆Ancient Silly
|inactive|Ancient Silly disconnected and has a minute to reconnect!
|player|p2|
|j|☆Ancient Silly
|inactive|Ancient Silly reconnected and has 90 seconds left.
|player|p2|Ancient Silly|rocketgruntf|
|
|t:|1760830142
|move|p2a: Great Tusk|Rapid Spin|p1a: Iron Valiant
|-damage|p1a: Iron Valiant|0 fnt
|-boost|p2a: Great Tusk|spe|1
|-sideend|p2: Ancient Silly|Spikes|[from] move: Rapid Spin|[of] p2a: Great Tusk
|-sideend|p2: Ancient Silly|Toxic Spikes|[from] move: Rapid Spin|[of] p2a: Great Tusk
|faint|p1a: Iron Valiant
|-end|p1a: Iron Valiant|Quark Drive|[silent]
|
|-damage|p2a: Great Tusk|63/100 psn|[from] psn
|upkeep
|
|t:|1760830146
|switch|p1a: Toxapex|Toxapex, M|100/100
|-activate|p1a: Toxapex|move: Sticky Web
|-unboost|p1a: Toxapex|spe|1
|turn|26
|
|t:|1760830151
|move|p1a: Toxapex|Baneful Bunker|p1a: Toxapex
|-singleturn|p1a: Toxapex|move: Protect
|move|p2a: Great Tusk|Headlong Rush|p1a: Toxapex
|-activate|p1a: Toxapex|move: Protect
|
|-damage|p2a: Great Tusk|51/100 psn|[from] psn
|upkeep
|turn|27
|
|t:|1760830158
|move|p2a: Great Tusk|Headlong Rush|p1a: Toxapex
|-supereffective|p1a: Toxapex
|-damage|p1a: Toxapex|7/100
|-unboost|p2a: Great Tusk|def|1
|-unboost|p2a: Great Tusk|spd|1
|-damage|p2a: Great Tusk|34/100 psn|[from] item: Rocky Helmet|[of] p1a: Toxapex
|move|p1a: Toxapex|Venoshock|p2a: Great Tusk
|-resisted|p2a: Great Tusk
|-damage|p2a: Great Tusk|0 fnt
|faint|p2a: Great Tusk
|-end|p2a: Great Tusk|Protosynthesis|[silent]
|
|upkeep
|
|t:|1760830163
|switch|p2a: Iron Valiant|Iron Valiant|51/100 psn
|turn|28
|
|t:|1760830167
|move|p1a: Toxapex|Baneful Bunker|p1a: Toxapex
|-singleturn|p1a: Toxapex|move: Protect
|move|p2a: Iron Valiant|Calm Mind|p2a: Iron Valiant
|-boost|p2a: Iron Valiant|spa|1
|-boost|p2a: Iron Valiant|spd|1
|
|-damage|p2a: Iron Valiant|38/100 psn|[from] psn
|upkeep
|turn|29
|
|t:|1760830174
|switch|p1a: Dragapult|Dragapult, M|100/100
|-activate|p1a: Dragapult|move: Sticky Web
|-unboost|p1a: Dragapult|spe|1
|move|p2a: Iron Valiant|Moonblast|p1a: Dragapult
|-supereffective|p1a: Dragapult
|-damage|p1a: Dragapult|0 fnt
|faint|p1a: Dragapult
|
|-damage|p2a: Iron Valiant|26/100 psn|[from] psn
|upkeep
|
|t:|1760830177
|switch|p1a: Toxapex|Toxapex, M|40/100
|-activate|p1a: Toxapex|move: Sticky Web
|-unboost|p1a: Toxapex|spe|1
|turn|30
|
|t:|1760830181
|-terastallize|p2a: Iron Valiant|Electric
|move|p2a: Iron Valiant|Thunderbolt|p1a: Toxapex
|-supereffective|p1a: Toxapex
|-damage|p1a: Toxapex|0 fnt
|faint|p1a: Toxapex
|
|win|Ancient Silly
|raw|basedraybans's rating: 1404 &rarr; <strong>1386</strong><br />(-18 for losing)
|raw|Ancient Silly's rating: 1433 &rarr; <strong>1451</strong><br />(+18 for winning)
|l|☆Ancient Silly
|player|p2|
