|j|☆JILIULONG
|j|☆Allheckers
|t:|1760775838
|gametype|singles
|player|p1|JILIULONG|wallace|1177
|player|p2|Allheckers|sabrina|1181
|gen|9
|tier|[Gen 9] OU
|rated|
|rule|HP Percentage Mod: HP is shown in percentages
|rule|Endless Battle Clause: Forcing endless battles is banned
|rule|Species Clause: Limit one of each Pokémon
|rule|OHKO Clause: OHKO moves are banned
|rule|Evasion Items Clause: Evasion items are banned
|rule|Evasion Moves Clause: Evasion moves are banned
|rule|Evasion Abilities Clause: Evasion abilities are banned
|rule|Sleep Moves Clause: Sleep-inducing moves are banned
|clearpoke
|poke|p1|Darkrai|
|poke|p1|Scizor, F|
|poke|p1|Pecharunt|
|poke|p1|Zamazenta-*|
|poke|p1|Kommo-o, M|
|poke|p1|Landorus-Therian, M|
|poke|p2|Keldeo-Resolute|
|poke|p2|Masquerain, M|
|poke|p2|Sableye, M|
|poke|p2|Glimmora, M|
|poke|p2|Whimsicott, F|
|poke|p2|Polteageist-Antique|
|teampreview
|
|t:|1760775849
|teamsize|p1|6
|teamsize|p2|6
|start
|switch|p1a: Scizor|Scizor, F|100/100
|switch|p2a: Masquerain|Masquerain, M|100/100
|-ability|p2a: Masquerain|Intimidate|boost
|-unboost|p1a: Scizor|atk|1
|-item|p1a: Scizor|Air Balloon
|turn|1
|
|t:|1760775858
|move|p2a: Masquerain|Sticky Web|p1a: Scizor
|-sidestart|p1: JILIULONG|move: Sticky Web
|move|p1a: Scizor|Swords Dance|p1a: Scizor
|-boost|p1a: Scizor|atk|2
|
|upkeep
|turn|2
|
|t:|1760775865
|move|p2a: Masquerain|Quiver Dance|p2a: Masquerain
|-boost|p2a: Masquerain|spa|1
|-boost|p2a: Masquerain|spd|1
|-boost|p2a: Masquerain|spe|1
|move|p1a: Scizor|Swords Dance|p1a: Scizor
|-boost|p1a: Scizor|atk|2
|
|upkeep
|turn|3
|
|t:|1760775873
|move|p2a: Masquerain|Air Slash|p1a: Scizor
|-damage|p1a: Scizor|45/100
|-enditem|p1a: Scizor|Air Balloon
|move|p1a: Scizor|Defog|p2a: Masquerain
|-unboost|p2a: Masquerain|evasion|1
|-sideend|p1: JILIULONG|Sticky Web|[from] move: Defog|[of] p1a: Scizor
|
|upkeep
|turn|4
|
|t:|1760775884
|-terastallize|p2a: Masquerain|Steel
|move|p1a: Scizor|Bullet Punch|p2a: Masquerain
|-resisted|p2a: Masquerain
|-damage|p2a: Masquerain|28/100
|move|p2a: Masquerain|Air Slash|p1a: Scizor
|-damage|p1a: Scizor|0 fnt
|faint|p1a: Scizor
|
|-heal|p2a: Masquerain|34/100|[from] item: Leftovers
|upkeep
|
|t:|1760775895
|switch|p1a: Landorus|Landorus-Therian, M|100/100
|-ability|p1a: Landorus|Intimidate|boost
|-unboost|p2a: Masquerain|atk|1
|turn|5
|
|t:|1760775901
|move|p2a: Masquerain|Ice Beam|p1a: Landorus
|-supereffective|p1a: Landorus
|-damage|p1a: Landorus|0 fnt
|faint|p1a: Landorus
|
|-heal|p2a: Masquerain|40/100|[from] item: Leftovers
|upkeep
|
|t:|1760775911
|switch|p1a: Kommo-o|Kommo-o, M|100/100
|turn|6
|
|t:|1760775917
|-terastallize|p1a: Kommo-o|Ground
|move|p2a: Masquerain|Sticky Web|p1a: Kommo-o
|-sidestart|p1: JILIULONG|move: Sticky Web
|move|p1a: Kommo-o|Drain Punch|p2a: Masquerain
|-supereffective|p2a: Masquerain
|-damage|p2a: Masquerain|0 fnt
|faint|p2a: Masquerain
|
|upkeep
|
|t:|1760775927
|switch|p2a: Whimsicott|Whimsicott, F|100/100
|turn|7
|
|t:|1760775938
|switch|p1a: Pecharunt|Pecharunt|100/100
|-activate|p1a: Pecharunt|move: Sticky Web
|-unboost|p1a: Pecharunt|spe|1
|move|p2a: Whimsicott|Leech Seed|p1a: Pecharunt
|-start|p1a: Pecharunt|move: Leech Seed
|
|-damage|p1a: Pecharunt|88/100|[from] Leech Seed|[of] p2a: Whimsicott
|upkeep
|turn|8
|
|t:|1760775947
|move|p2a: Whimsicott|Substitute|p2a: Whimsicott
|-start|p2a: Whimsicott|Substitute
|-damage|p2a: Whimsicott|76/100
|move|p1a: Pecharunt|Parting Shot|p2a: Whimsicott
|-unboost|p2a: Whimsicott|atk|1
|-unboost|p2a: Whimsicott|spa|1
|
|t:|1760775953
|switch|p1a: Darkrai|Darkrai|100/100|[from] Parting Shot
|-activate|p1a: Darkrai|move: Sticky Web
|-unboost|p1a: Darkrai|spe|1
|
|-heal|p2a: Whimsicott|82/100|[from] item: Leftovers
|upkeep
|turn|9
|
|t:|1760775963
|switch|p2a: Keldeo|Keldeo-Resolute|100/100
|move|p1a: Darkrai|Nasty Plot|p1a: Darkrai
|-boost|p1a: Darkrai|spa|2
|
|upkeep
|turn|10
|
|t:|1760775972
|move|p2a: Keldeo|Secret Sword|p1a: Darkrai
|-supereffective|p1a: Darkrai
|-damage|p1a: Darkrai|0 fnt
|faint|p1a: Darkrai
|
|upkeep
|
|t:|1760775979
|switch|p1a: Zamazenta|Zamazenta|100/100
|-ability|p1a: Zamazenta|Dauntless Shield|boost
|-boost|p1a: Zamazenta|def|1
|turn|11
|
|t:|1760775986
|move|p2a: Keldeo|Air Slash|p1a: Zamazenta
|-supereffective|p1a: Zamazenta
|-damage|p1a: Zamazenta|58/100
|move|p1a: Zamazenta|Body Press|p2a: Keldeo
|-damage|p2a: Keldeo|48/100
|
|upkeep
|turn|12
|
|t:|1760775993
|move|p2a: Keldeo|Air Slash|p1a: Zamazenta
|-supereffective|p1a: Zamazenta
|-damage|p1a: Zamazenta|12/100
|move|p1a: Zamazenta|Iron Defense|p1a: Zamazenta
|-boost|p1a: Zamazenta|def|2
|
|upkeep
|turn|13
|-message|JILIULONG forfeited.
|
|win|Allheckers
|raw|JILIULONG's rating: 1177 &rarr; <strong>1152</strong><br />(-25 for losing)
|raw|Allheckers's rating: 1181 &rarr; <strong>1206</strong><br />(+25 for winning)
|l|☆JILIULONG
|player|p1|
|l|☆Allheckers
|player|p2|
