|j|☆capone n norega
|j|☆WeR#4Hay!
|t:|1760723605
|gametype|singles
|player|p1|capone n norega|102|1577
|player|p2|WeR#4Hay!|265|1606
|gen|9
|tier|[Gen 9] OU
|rated|
|rule|HP Percentage Mod: HP is shown in percentages
|rule|Endless Battle Clause: Forcing endless battles is banned
|rule|Species Clause: Limit one of each Pokémon
|rule|OHKO Clause: OHKO moves are banned
|rule|Evasion Items Clause: Evasion items are banned
|rule|Evasion Moves Clause: Evasion moves are banned
|rule|Evasion Abilities Clause: Evasion abilities are banned
|rule|Sleep Moves Clause: Sleep-inducing moves are banned
|clearpoke
|poke|p1|Deoxys-Speed|
|poke|p1|Kingambit, M|
|poke|p1|Cinderace, F|
|poke|p1|Latios, M|
|poke|p1|Gholdengo|
|poke|p1|Mamoswine, F|
|poke|p2|Lycanroc-Dusk, F|
|poke|p2|Volcanion|
|poke|p2|Corviknight, F|
|poke|p2|Great Tusk|
|poke|p2|Slowking-Galar, F|
|poke|p2|Darkrai|
|teampreview
|
|t:|1760723633
|teamsize|p1|6
|teamsize|p2|6
|start
|switch|p1a: Deoxys|Deoxys-Speed|100/100
|switch|p2a: Tsukasa Hiiragi|Darkrai|100/100
|-ability|p1a: Deoxys|Pressure
|turn|1
|
|t:|1760723650
|move|p2a: Tsukasa Hiiragi|Dark Pulse|p1a: Deoxys
|-supereffective|p1a: Deoxys
|-crit|p1a: Deoxys
|-enditem|p1a: Deoxys|Focus Sash
|-damage|p1a: Deoxys|1/100
|move|p1a: Deoxys|Stealth Rock|p2a: Tsukasa Hiiragi
|-sidestart|p2: WeR#4Hay!|move: Stealth Rock
|
|upkeep
|turn|2
|
|t:|1760723659
|switch|p1a: Mamoswine|Mamoswine, F|100/100
|move|p2a: Tsukasa Hiiragi|Dark Pulse|p1a: Mamoswine
|-damage|p1a: Mamoswine|64/100
|
|upkeep
|turn|3
|
|t:|1760723667
|switch|p2a: Miyuki Takara|Corviknight, F|100/100
|-damage|p2a: Miyuki Takara|88/100|[from] Stealth Rock
|-ability|p2a: Miyuki Takara|Pressure
|move|p1a: Mamoswine|Icicle Crash|p2a: Miyuki Takara
|-damage|p2a: Miyuki Takara|57/100
|
|upkeep
|turn|4
|
|t:|1760723688
|move|p1a: Mamoswine|Icicle Crash|p2a: Miyuki Takara
|-damage|p2a: Miyuki Takara|30/100
|move|p2a: Miyuki Takara|Roost|p2a: Miyuki Takara
|-heal|p2a: Miyuki Takara|80/100
|-singleturn|p2a: Miyuki Takara|move: Roost
|
|upkeep
|turn|5
|
|t:|1760723692
|switch|p1a: Gholdengo|Gholdengo|100/100
|-item|p1a: Gholdengo|Air Balloon
|move|p2a: Miyuki Takara|Roost|p2a: Miyuki Takara
|-heal|p2a: Miyuki Takara|100/100
|-singleturn|p2a: Miyuki Takara|move: Roost
|
|upkeep
|turn|6
|
|t:|1760723700
|switch|p2a: Tsukasa Hiiragi|Darkrai|100/100
|-damage|p2a: Tsukasa Hiiragi|88/100|[from] Stealth Rock
|move|p1a: Gholdengo|Shadow Ball|p2a: Tsukasa Hiiragi
|-resisted|p2a: Tsukasa Hiiragi
|-damage|p2a: Tsukasa Hiiragi|59/100
|
|upkeep
|turn|7
|
|t:|1760723722
|switch|p1a: Deoxys|Deoxys-Speed|1/100
|-ability|p1a: Deoxys|Pressure
|move|p2a: Tsukasa Hiiragi|Dark Pulse|p1a: Deoxys
|-supereffective|p1a: Deoxys
|-damage|p1a: Deoxys|0 fnt
|faint|p1a: Deoxys
|
|upkeep
|
|t:|1760723738
|switch|p1a: Kingambit|Kingambit, M|100/100
|-activate|p1a: Kingambit|ability: Supreme Overlord
|-start|p1a: Kingambit|fallen1|[silent]
|turn|8
|
|t:|1760723753
|switch|p2a: Miyuki Takara|Corviknight, F|100/100
|-damage|p2a: Miyuki Takara|88/100|[from] Stealth Rock
|-ability|p2a: Miyuki Takara|Pressure
|move|p1a: Kingambit|Iron Head|p2a: Miyuki Takara
|-resisted|p2a: Miyuki Takara
|-damage|p2a: Miyuki Takara|74/100
|-damage|p1a: Kingambit|84/100|[from] item: Rocky Helmet|[of] p2a: Miyuki Takara
|
|-heal|p1a: Kingambit|90/100|[from] item: Leftovers
|upkeep
|turn|9
|
|t:|1760723757
|-end|p1a: Kingambit|fallen1|[silent]
|switch|p1a: Gholdengo|Gholdengo|100/100
|-item|p1a: Gholdengo|Air Balloon
|move|p2a: Miyuki Takara|Roost|p2a: Miyuki Takara
|-heal|p2a: Miyuki Takara|100/100
|-singleturn|p2a: Miyuki Takara|move: Roost
|
|upkeep
|turn|10
|
|t:|1760723771
|switch|p2a: Konata Izumi|Slowking-Galar, F|100/100
|-damage|p2a: Konata Izumi|88/100|[from] Stealth Rock
|move|p1a: Gholdengo|Focus Blast|p2a: Konata Izumi|[miss]
|-miss|p1a: Gholdengo|p2a: Konata Izumi
|
|upkeep
|turn|11
|
|t:|1760723782
|switch|p1a: Mamoswine|Mamoswine, F|64/100
|move|p2a: Konata Izumi|Flamethrower|p1a: Mamoswine
|-supereffective|p1a: Mamoswine
|-damage|p1a: Mamoswine|43/100
|
|upkeep
|turn|12
|
|t:|1760723787
|switch|p2a: Miyuki Takara|Corviknight, F|100/100
|-damage|p2a: Miyuki Takara|88/100|[from] Stealth Rock
|-ability|p2a: Miyuki Takara|Pressure
|move|p1a: Mamoswine|Icicle Crash|p2a: Miyuki Takara
|-damage|p2a: Miyuki Takara|57/100
|
|upkeep
|turn|13
|
|t:|1760723794
|move|p1a: Mamoswine|Icicle Crash|p2a: Miyuki Takara
|-damage|p2a: Miyuki Takara|30/100
|move|p2a: Miyuki Takara|Roost|p2a: Miyuki Takara
|-heal|p2a: Miyuki Takara|80/100
|-singleturn|p2a: Miyuki Takara|move: Roost
|
|upkeep
|turn|14
|
|t:|1760723800
|switch|p1a: Gholdengo|Gholdengo|100/100
|-item|p1a: Gholdengo|Air Balloon
|move|p2a: Miyuki Takara|Body Press|p1a: Gholdengo
|-immune|p1a: Gholdengo
|
|upkeep
|turn|15
|
|t:|1760723812
|move|p1a: Gholdengo|Shadow Ball|p2a: Miyuki Takara
|-damage|p2a: Miyuki Takara|42/100
|move|p2a: Miyuki Takara|U-turn|p1a: Gholdengo
|-resisted|p1a: Gholdengo
|-damage|p1a: Gholdengo|97/100
|-enditem|p1a: Gholdengo|Air Balloon
|
|t:|1760723825
|switch|p2a: Minoru Shiraishi|Great Tusk|100/100|[from] U-turn
|
|upkeep
|turn|16
|
|t:|1760723852
|switch|p1a: Latios|Latios, M|100/100
|move|p2a: Minoru Shiraishi|Headlong Rush|p1a: Latios
|-immune|p1a: Latios|[from] ability: Levitate
|
|upkeep
|turn|17
|
|t:|1760723877
|-end|p2a: Minoru Shiraishi|Protosynthesis|[silent]
|switch|p2a: Konata Izumi|Slowking-Galar, F|100/100
|-damage|p2a: Konata Izumi|88/100|[from] Stealth Rock
|move|p1a: Latios|Trick|p2a: Konata Izumi
|-activate|p1a: Latios|move: Trick|[of] p2a: Konata Izumi
|-item|p2a: Konata Izumi|Choice Scarf|[from] move: Trick
|-item|p1a: Latios|Assault Vest|[from] move: Trick
|
|upkeep
|turn|18
|
|t:|1760723907
|move|p1a: Latios|Luster Purge|p2a: Konata Izumi
|-damage|p2a: Konata Izumi|46/100
|-unboost|p2a: Konata Izumi|spd|1
|move|p2a: Konata Izumi|Flamethrower|p1a: Latios
|-resisted|p1a: Latios
|-damage|p1a: Latios|93/100
|-status|p1a: Latios|brn
|
|-damage|p1a: Latios|87/100 brn|[from] brn
|upkeep
|turn|19
|
|t:|1760723920
|switch|p2a: Tsukasa Hiiragi|Darkrai|59/100
|-damage|p2a: Tsukasa Hiiragi|46/100|[from] Stealth Rock
|move|p1a: Latios|Draco Meteor|p2a: Tsukasa Hiiragi
|-crit|p2a: Tsukasa Hiiragi
|-damage|p2a: Tsukasa Hiiragi|0 fnt
|-unboost|p1a: Latios|spa|2
|faint|p2a: Tsukasa Hiiragi
|
|-damage|p1a: Latios|81/100 brn|[from] brn
|upkeep
|
|t:|1760723926
|switch|p2a: Miyuki Takara|Corviknight, F|42/100
|-damage|p2a: Miyuki Takara|29/100|[from] Stealth Rock
|-ability|p2a: Miyuki Takara|Pressure
|turn|20
|
|t:|1760723932
|switch|p1a: Gholdengo|Gholdengo|97/100
|move|p2a: Miyuki Takara|Roost|p2a: Miyuki Takara
|-heal|p2a: Miyuki Takara|79/100
|-singleturn|p2a: Miyuki Takara|move: Roost
|
|upkeep
|turn|21
|
|t:|1760723938
|switch|p2a: Akira Kogami|Lycanroc-Dusk, F|100/100
|-damage|p2a: Akira Kogami|88/100|[from] Stealth Rock
|move|p1a: Gholdengo|Shadow Ball|p2a: Akira Kogami
|-damage|p2a: Akira Kogami|23/100
|
|upkeep
|turn|22
|
|t:|1760723960
|switch|p1a: Mamoswine|Mamoswine, F|43/100
|move|p2a: Akira Kogami|Close Combat|p1a: Mamoswine
|-supereffective|p1a: Mamoswine
|-damage|p1a: Mamoswine|0 fnt
|-unboost|p2a: Akira Kogami|def|1
|-unboost|p2a: Akira Kogami|spd|1
|faint|p1a: Mamoswine
|
|upkeep
|
|t:|1760723991
|switch|p1a: Cinderace|Cinderace, F|100/100
|turn|23
|
|t:|1760723994
|switch|p2a: Kagami Hiiragi|Volcanion|100/100
|move|p1a: Cinderace|U-turn|p2a: Kagami Hiiragi
|-start|p1a: Cinderace|typechange|Bug|[from] ability: Libero
|-resisted|p2a: Kagami Hiiragi
|-damage|p2a: Kagami Hiiragi|87/100
|
|t:|1760724001
|switch|p1a: Latios|Latios, M|81/100 brn|[from] U-turn
|
|-damage|p1a: Latios|75/100 brn|[from] brn
|upkeep
|turn|24
|
|t:|1760724004
|switch|p2a: Konata Izumi|Slowking-Galar, F|79/100
|-damage|p2a: Konata Izumi|67/100|[from] Stealth Rock
|move|p1a: Latios|Luster Purge|p2a: Konata Izumi
|-damage|p2a: Konata Izumi|26/100
|
|-damage|p1a: Latios|69/100 brn|[from] brn
|upkeep
|turn|25
|
|t:|1760724020
|move|p1a: Latios|Luster Purge|p2a: Konata Izumi
|-damage|p2a: Konata Izumi|0 fnt
|faint|p2a: Konata Izumi
|
|-damage|p1a: Latios|63/100 brn|[from] brn
|upkeep
|
|t:|1760724022
|switch|p2a: Akira Kogami|Lycanroc-Dusk, F|23/100
|-damage|p2a: Akira Kogami|10/100|[from] Stealth Rock
|turn|26
|
|t:|1760724050
|switch|p1a: Gholdengo|Gholdengo|97/100
|move|p2a: Akira Kogami|Crunch|p1a: Gholdengo
|-supereffective|p1a: Gholdengo
|-damage|p1a: Gholdengo|0 fnt
|faint|p1a: Gholdengo
|
|upkeep
|
|t:|1760724055
|switch|p1a: Cinderace|Cinderace, F|100/100
|turn|27
|
|t:|1760724061
|switch|p2a: Kagami Hiiragi|Volcanion|87/100
|move|p1a: Cinderace|U-turn|p2a: Kagami Hiiragi
|-start|p1a: Cinderace|typechange|Bug|[from] ability: Libero
|-resisted|p2a: Kagami Hiiragi
|-damage|p2a: Kagami Hiiragi|73/100
|
|t:|1760724063
|switch|p1a: Latios|Latios, M|63/100 brn|[from] U-turn
|
|-damage|p1a: Latios|57/100 brn|[from] brn
|upkeep
|turn|28
|
|t:|1760724067
|switch|p2a: Akira Kogami|Lycanroc-Dusk, F|10/100
|-damage|p2a: Akira Kogami|0 fnt|[from] Stealth Rock
|faint|p2a: Akira Kogami
|move|p1a: Latios|Luster Purge|p2: Akira Kogami|[notarget]
|-fail|p1a: Latios
|
|-damage|p1a: Latios|51/100 brn|[from] brn
|upkeep
|
|t:|1760724069
|switch|p2a: Miyuki Takara|Corviknight, F|79/100
|-damage|p2a: Miyuki Takara|67/100|[from] Stealth Rock
|-ability|p2a: Miyuki Takara|Pressure
|turn|29
|
|t:|1760724077
|switch|p1a: Cinderace|Cinderace, F|100/100
|move|p2a: Miyuki Takara|Roost|p2a: Miyuki Takara
|-heal|p2a: Miyuki Takara|100/100
|-singleturn|p2a: Miyuki Takara|move: Roost
|
|upkeep
|turn|30
|
|t:|1760724092
|switch|p2a: Kagami Hiiragi|Volcanion|73/100
|move|p1a: Cinderace|Pyro Ball|p2a: Kagami Hiiragi
|-resisted|p2a: Kagami Hiiragi
|-damage|p2a: Kagami Hiiragi|62/100
|
|upkeep
|turn|31
|
|t:|1760724114
|move|p1a: Cinderace|U-turn|p2a: Kagami Hiiragi
|-start|p1a: Cinderace|typechange|Bug|[from] ability: Libero
|-resisted|p2a: Kagami Hiiragi
|-damage|p2a: Kagami Hiiragi|50/100
|
|t:|1760724116
|switch|p1a: Latios|Latios, M|51/100 brn|[from] U-turn
|move|p2a: Kagami Hiiragi|Steam Eruption|p1a: Latios
|-resisted|p1a: Latios
|-damage|p1a: Latios|27/100 brn
|
|-damage|p1a: Latios|21/100 brn|[from] brn
|upkeep
|turn|32
|
|t:|1760724130
|switch|p2a: Miyuki Takara|Corviknight, F|100/100
|-damage|p2a: Miyuki Takara|88/100|[from] Stealth Rock
|-ability|p2a: Miyuki Takara|Pressure
|move|p1a: Latios|Draco Meteor|p2a: Miyuki Takara|[miss]
|-miss|p1a: Latios|p2a: Miyuki Takara
|
|-damage|p1a: Latios|15/100 brn|[from] brn
|upkeep
|turn|33
|
|t:|1760724135
|move|p1a: Latios|Luster Purge|p2a: Miyuki Takara
|-resisted|p2a: Miyuki Takara
|-damage|p2a: Miyuki Takara|64/100
|move|p2a: Miyuki Takara|U-turn|p1a: Latios
|-supereffective|p1a: Latios
|-damage|p1a: Latios|0 fnt
|faint|p1a: Latios
|
|t:|1760724144
|switch|p2a: Kagami Hiiragi|Volcanion|50/100|[from] U-turn
|
|upkeep
|
|t:|1760724161
|switch|p1a: Kingambit|Kingambit, M|90/100
|-activate|p1a: Kingambit|ability: Supreme Overlord
|-start|p1a: Kingambit|fallen4|[silent]
|turn|34
|
|t:|1760724189
|switch|p2a: Miyuki Takara|Corviknight, F|64/100
|-damage|p2a: Miyuki Takara|52/100|[from] Stealth Rock
|-ability|p2a: Miyuki Takara|Pressure
|-terastallize|p1a: Kingambit|Fairy
|move|p1a: Kingambit|Swords Dance|p1a: Kingambit
|-boost|p1a: Kingambit|atk|2
|
|-heal|p1a: Kingambit|96/100|[from] item: Leftovers
|upkeep
|turn|35
|c|☆WeR#4Hay!|fuck
|
|t:|1760724209
|move|p2a: Miyuki Takara|Brave Bird|p1a: Kingambit
|-damage|p1a: Kingambit|71/100
|-damage|p2a: Miyuki Takara|44/100|[from] Recoil
|move|p1a: Kingambit|Swords Dance|p1a: Kingambit
|-boost|p1a: Kingambit|atk|2
|
|-heal|p1a: Kingambit|78/100|[from] item: Leftovers
|upkeep
|turn|36
|
|t:|1760724220
|move|p2a: Miyuki Takara|Brave Bird|p1a: Kingambit
|-damage|p1a: Kingambit|54/100
|-damage|p2a: Miyuki Takara|36/100|[from] Recoil
|move|p1a: Kingambit|Kowtow Cleave|p2a: Miyuki Takara
|-damage|p2a: Miyuki Takara|0 fnt
|-damage|p1a: Kingambit|37/100|[from] item: Rocky Helmet|[of] p2a: Miyuki Takara
|faint|p2a: Miyuki Takara
|
|-heal|p1a: Kingambit|44/100|[from] item: Leftovers
|upkeep
|
|t:|1760724226
|switch|p2a: Minoru Shiraishi|Great Tusk|100/100
|turn|37
|
|t:|1760724229
|move|p2a: Minoru Shiraishi|Headlong Rush|p1a: Kingambit
|-damage|p1a: Kingambit|0 fnt
|-unboost|p2a: Minoru Shiraishi|def|1
|-unboost|p2a: Minoru Shiraishi|spd|1
|faint|p1a: Kingambit
|-end|p1a: Kingambit|fallen4|[silent]
|
|upkeep
|-message|capone n norega forfeited.
|
|win|WeR#4Hay!
|raw|capone n norega's rating: 1577 &rarr; <strong>1559</strong><br />(-18 for losing)
|raw|WeR#4Hay!'s rating: 1606 &rarr; <strong>1624</strong><br />(+18 for winning)
|l|☆capone n norega
|player|p1|
