|j|☆tasin01
|j|☆HZBKAI
|t:|1760849805
|gametype|singles
|player|p1|tasin01|2|1174
|player|p2|HZBKAI|266|1124
|gen|9
|tier|[Gen 9] OU
|rated|
|rule|HP Percentage Mod: HP is shown in percentages
|rule|Endless Battle Clause: Forcing endless battles is banned
|rule|Species Clause: Limit one of each Pokémon
|rule|OHKO Clause: OHKO moves are banned
|rule|Evasion Items Clause: Evasion items are banned
|rule|Evasion Moves Clause: Evasion moves are banned
|rule|Evasion Abilities Clause: Evasion abilities are banned
|rule|Sleep Moves Clause: Sleep-inducing moves are banned
|clearpoke
|poke|p1|Iron Valiant|
|poke|p1|Gliscor, F|
|poke|p1|Slowking-Galar, F|
|poke|p1|Great Tusk|
|poke|p1|Dragapult, F|
|poke|p1|Skarmory, F|
|poke|p2|Ceruledge, M|
|poke|p2|Kyurem|
|poke|p2|Manaphy|
|poke|p2|Metagross|
|poke|p2|Okidogi, M|
|poke|p2|Zoroark-Hisui, F|
|teampreview
|
|t:|1760849813
|teamsize|p1|6
|teamsize|p2|6
|start
|switch|p1a: Gliscor|Gliscor, F|100/100
|switch|p2a: Ceruledge|Ceruledge, M|100/100
|turn|1
|inactive|Battle timer is ON: inactive players will automatically lose when time's up. (requested by tasin01)
|
|t:|1760849818
|move|p2a: Ceruledge|Poltergeist|p1a: Gliscor
|-activate|p1a: Gliscor|move: Poltergeist|Toxic Orb
|-damage|p1a: Gliscor|58/100
|move|p1a: Gliscor|Knock Off|p2a: Ceruledge
|-supereffective|p2a: Ceruledge
|-damage|p2a: Ceruledge|40/100
|-ability|p2a: Ceruledge|Weak Armor|boost
|-unboost|p2a: Ceruledge|def|1
|-boost|p2a: Ceruledge|spe|2
|-enditem|p2a: Ceruledge|Focus Sash|[from] move: Knock Off|[of] p1a: Gliscor
|
|-status|p1a: Gliscor|tox|[from] item: Toxic Orb
|upkeep
|turn|2
|inactive|HZBKAI also wants the timer to be on.
|
|t:|1760849846
|move|p2a: Ceruledge|Poltergeist|p1a: Gliscor
|-activate|p1a: Gliscor|move: Poltergeist|Toxic Orb
|-damage|p1a: Gliscor|17/100 tox
|move|p1a: Gliscor|Earthquake|p2a: Ceruledge
|-supereffective|p2a: Ceruledge
|-damage|p2a: Ceruledge|0 fnt
|faint|p2a: Ceruledge
|
|-heal|p1a: Gliscor|29/100 tox|[from] ability: Poison Heal
|upkeep
|
|t:|1760849846
|switch|p2a: Okidogi|Okidogi, M|100/100
|turn|3
|
|t:|1760849852
|move|p1a: Gliscor|Protect|p1a: Gliscor
|-singleturn|p1a: Gliscor|Protect
|move|p2a: Okidogi|Ice Punch|p1a: Gliscor
|-activate|p1a: Gliscor|move: Protect
|
|-heal|p1a: Gliscor|42/100 tox|[from] ability: Poison Heal
|upkeep
|turn|4
|
|t:|1760849858
|switch|p1a: Skarmory|Skarmory, F|100/100
|move|p2a: Okidogi|Ice Punch|p1a: Skarmory
|-damage|p1a: Skarmory|89/100
|-damage|p2a: Okidogi|84/100|[from] item: Rocky Helmet|[of] p1a: Skarmory
|
|-heal|p2a: Okidogi|90/100|[from] item: Leftovers
|upkeep
|turn|5
|
|t:|1760849863
|move|p2a: Okidogi|Drain Punch|p1a: Skarmory
|-damage|p1a: Skarmory|70/100
|-heal|p2a: Okidogi|98/100|[from] drain|[of] p1a: Skarmory
|-damage|p2a: Okidogi|82/100|[from] item: Rocky Helmet|[of] p1a: Skarmory
|move|p1a: Skarmory|Spikes|p2a: Okidogi
|-sidestart|p2: HZBKAI|Spikes
|
|-heal|p2a: Okidogi|88/100|[from] item: Leftovers
|upkeep
|turn|6
|
|t:|1760849868
|move|p2a: Okidogi|Drain Punch|p1a: Skarmory
|-damage|p1a: Skarmory|51/100
|-heal|p2a: Okidogi|96/100|[from] drain|[of] p1a: Skarmory
|-damage|p2a: Okidogi|80/100|[from] item: Rocky Helmet|[of] p1a: Skarmory
|move|p1a: Skarmory|Spikes|p2a: Okidogi
|-sidestart|p2: HZBKAI|Spikes
|
|-heal|p2a: Okidogi|86/100|[from] item: Leftovers
|upkeep
|turn|7
|
|t:|1760849870
|move|p2a: Okidogi|Drain Punch|p1a: Skarmory
|-damage|p1a: Skarmory|33/100
|-heal|p2a: Okidogi|93/100|[from] drain|[of] p1a: Skarmory
|-damage|p2a: Okidogi|77/100|[from] item: Rocky Helmet|[of] p1a: Skarmory
|move|p1a: Skarmory|Roost|p1a: Skarmory
|-heal|p1a: Skarmory|83/100
|-singleturn|p1a: Skarmory|move: Roost
|
|-heal|p2a: Okidogi|83/100|[from] item: Leftovers
|upkeep
|turn|8
|
|t:|1760849872
|move|p2a: Okidogi|Drain Punch|p1a: Skarmory
|-crit|p1a: Skarmory
|-damage|p1a: Skarmory|55/100
|-heal|p2a: Okidogi|95/100|[from] drain|[of] p1a: Skarmory
|-damage|p2a: Okidogi|79/100|[from] item: Rocky Helmet|[of] p1a: Skarmory
|move|p1a: Skarmory|Roost|p1a: Skarmory
|-heal|p1a: Skarmory|100/100
|-singleturn|p1a: Skarmory|move: Roost
|
|-heal|p2a: Okidogi|85/100|[from] item: Leftovers
|upkeep
|turn|9
|
|t:|1760849877
|move|p2a: Okidogi|Drain Punch|p1a: Skarmory
|-damage|p1a: Skarmory|82/100
|-heal|p2a: Okidogi|93/100|[from] drain|[of] p1a: Skarmory
|-damage|p2a: Okidogi|76/100|[from] item: Rocky Helmet|[of] p1a: Skarmory
|move|p1a: Skarmory|Spikes|p2a: Okidogi
|-sidestart|p2: HZBKAI|Spikes
|
|-heal|p2a: Okidogi|82/100|[from] item: Leftovers
|upkeep
|turn|10
|
|t:|1760849879
|move|p2a: Okidogi|Drain Punch|p1a: Skarmory
|-damage|p1a: Skarmory|65/100
|-heal|p2a: Okidogi|90/100|[from] drain|[of] p1a: Skarmory
|-damage|p2a: Okidogi|73/100|[from] item: Rocky Helmet|[of] p1a: Skarmory
|move|p1a: Skarmory|Roost|p1a: Skarmory
|-heal|p1a: Skarmory|100/100
|-singleturn|p1a: Skarmory|move: Roost
|
|-heal|p2a: Okidogi|79/100|[from] item: Leftovers
|upkeep
|turn|11
|
|t:|1760849884
|move|p2a: Okidogi|Drain Punch|p1a: Skarmory
|-damage|p1a: Skarmory|81/100
|-heal|p2a: Okidogi|88/100|[from] drain|[of] p1a: Skarmory
|-damage|p2a: Okidogi|71/100|[from] item: Rocky Helmet|[of] p1a: Skarmory
|move|p1a: Skarmory|Whirlwind|p2a: Okidogi
|-activate|p2a: Okidogi|ability: Guard Dog
|
|-heal|p2a: Okidogi|77/100|[from] item: Leftovers
|upkeep
|turn|12
|
|t:|1760849891
|move|p2a: Okidogi|Drain Punch|p1a: Skarmory
|-crit|p1a: Skarmory
|-damage|p1a: Skarmory|55/100
|-heal|p2a: Okidogi|89/100|[from] drain|[of] p1a: Skarmory
|-damage|p2a: Okidogi|72/100|[from] item: Rocky Helmet|[of] p1a: Skarmory
|move|p1a: Skarmory|Brave Bird|p2a: Okidogi
|-supereffective|p2a: Okidogi
|-damage|p2a: Okidogi|18/100
|-damage|p1a: Skarmory|34/100|[from] Recoil
|
|-heal|p2a: Okidogi|24/100|[from] item: Leftovers
|upkeep
|turn|13
|
|t:|1760849894
|move|p2a: Okidogi|Drain Punch|p1a: Skarmory
|-damage|p1a: Skarmory|15/100
|-heal|p2a: Okidogi|32/100|[from] drain|[of] p1a: Skarmory
|-damage|p2a: Okidogi|16/100|[from] item: Rocky Helmet|[of] p1a: Skarmory
|move|p1a: Skarmory|Roost|p1a: Skarmory
|-heal|p1a: Skarmory|65/100
|-singleturn|p1a: Skarmory|move: Roost
|
|-heal|p2a: Okidogi|22/100|[from] item: Leftovers
|upkeep
|turn|14
|
|t:|1760849896
|move|p2a: Okidogi|Drain Punch|p1a: Skarmory
|-damage|p1a: Skarmory|48/100
|-heal|p2a: Okidogi|29/100|[from] drain|[of] p1a: Skarmory
|-damage|p2a: Okidogi|13/100|[from] item: Rocky Helmet|[of] p1a: Skarmory
|move|p1a: Skarmory|Roost|p1a: Skarmory
|-heal|p1a: Skarmory|98/100
|-singleturn|p1a: Skarmory|move: Roost
|
|-heal|p2a: Okidogi|19/100|[from] item: Leftovers
|upkeep
|turn|15
|
|t:|1760849898
|move|p2a: Okidogi|Drain Punch|p1a: Skarmory
|-damage|p1a: Skarmory|79/100
|-heal|p2a: Okidogi|27/100|[from] drain|[of] p1a: Skarmory
|-damage|p2a: Okidogi|11/100|[from] item: Rocky Helmet|[of] p1a: Skarmory
|move|p1a: Skarmory|Brave Bird|p2a: Okidogi
|-supereffective|p2a: Okidogi
|-damage|p2a: Okidogi|0 fnt
|faint|p2a: Okidogi
|-damage|p1a: Skarmory|75/100|[from] Recoil
|
|upkeep
|
|t:|1760849899
|switch|p2a: Manaphy|Manaphy|100/100
|-damage|p2a: Manaphy|76/100|[from] Spikes
|turn|16
|
|t:|1760849904
|move|p2a: Manaphy|Flamethrower|p1a: Skarmory
|-supereffective|p1a: Skarmory
|-damage|p1a: Skarmory|0 fnt
|faint|p1a: Skarmory
|
|upkeep
|
|t:|1760849916
|switch|p1a: Iron Valiant|Iron Valiant|100/100
|turn|17
|
|t:|1760849918
|move|p2a: Manaphy|Psychic|p1a: Iron Valiant
|-supereffective|p1a: Iron Valiant
|-damage|p1a: Iron Valiant|0 fnt
|faint|p1a: Iron Valiant
|-end|p1a: Iron Valiant|Quark Drive|[silent]
|
|upkeep
|
|t:|1760849945
|switch|p1a: Gliscor|Gliscor, F|42/100 tox
|turn|18
|
|t:|1760849949
|move|p1a: Gliscor|Protect|p1a: Gliscor
|-singleturn|p1a: Gliscor|Protect
|move|p2a: Manaphy|Shadow Ball|p1a: Gliscor
|-activate|p1a: Gliscor|move: Protect
|
|-heal|p1a: Gliscor|54/100 tox|[from] ability: Poison Heal
|upkeep
|turn|19
|
|t:|1760849953
|move|p2a: Manaphy|Shadow Ball|p1a: Gliscor
|-damage|p1a: Gliscor|20/100 tox
|-unboost|p1a: Gliscor|spd|1
|move|p1a: Gliscor|Knock Off|p2a: Manaphy
|-supereffective|p2a: Manaphy
|-damage|p2a: Manaphy|0 fnt
|-damage|p1a: Gliscor|4/100 tox|[from] item: Rocky Helmet|[of] p2a: Manaphy
|replace|p2a: Zoroark|Zoroark-Hisui, F
|-end|p2a: Zoroark|Illusion
|-enditem|p2a: Zoroark|Rocky Helmet|[from] move: Knock Off|[of] p1a: Gliscor
|faint|p2a: Zoroark
|
|-heal|p1a: Gliscor|16/100 tox|[from] ability: Poison Heal
|upkeep
|
|t:|1760849953
|switch|p2a: Metagross|Metagross|100/100
|-damage|p2a: Metagross|75/100|[from] Spikes
|turn|20
|
|t:|1760849962
|move|p1a: Gliscor|Protect|p1a: Gliscor
|-singleturn|p1a: Gliscor|Protect
|move|p2a: Metagross|Explosion|p1a: Gliscor
|-activate|p1a: Gliscor|move: Protect
|faint|p2a: Metagross
|
|-heal|p1a: Gliscor|29/100 tox|[from] ability: Poison Heal
|upkeep
|
|t:|1760849962
|switch|p2a: Kyurem|Kyurem|100/100
|-damage|p2a: Kyurem|76/100|[from] Spikes
|-ability|p2a: Kyurem|Pressure
|turn|21
|
|t:|1760849974
|move|p2a: Kyurem|Icicle Spear|p1a: Gliscor
|-supereffective|p1a: Gliscor
|-damage|p1a: Gliscor|0 fnt
|faint|p1a: Gliscor
|-hitcount|p1: Gliscor|1
|
|upkeep
|
|t:|1760849983
|switch|p1a: Slowking|Slowking-Galar, F|100/100
|turn|22
|
|t:|1760849986
|-terastallize|p1a: Slowking|Water
|move|p2a: Kyurem|Tera Blast|p1a: Slowking
|-damage|p1a: Slowking|88/100
|move|p1a: Slowking|Toxic|p2a: Kyurem
|-status|p2a: Kyurem|tox
|
|-damage|p2a: Kyurem|70/100 tox|[from] psn
|upkeep
|turn|23
|
|t:|1760849994
|move|p2a: Kyurem|Tera Blast|p1a: Slowking
|-damage|p1a: Slowking|76/100
|move|p1a: Slowking|Future Sight|p2a: Kyurem
|-start|p1a: Slowking|move: Future Sight
|
|-damage|p2a: Kyurem|57/100 tox|[from] psn
|upkeep
|turn|24
|
|t:|1760849997
|move|p2a: Kyurem|Tera Blast|p1a: Slowking
|-damage|p1a: Slowking|63/100
|move|p1a: Slowking|Sludge Bomb|p2a: Kyurem
|-damage|p2a: Kyurem|23/100 tox
|
|-damage|p2a: Kyurem|4/100 tox|[from] psn
|upkeep
|turn|25
|
|t:|1760850018
|move|p2a: Kyurem|Tera Blast|p1a: Slowking
|-damage|p1a: Slowking|50/100
|-prepare|p1a: Slowking|Chilly Reception|[premajor]
|move|p1a: Slowking|Chilly Reception|p1a: Slowking
|-weather|Snowscape
|
|t:|1760850022
|switch|p1a: Great Tusk|Great Tusk|100/100|[from] Chilly Reception
|
|-weather|Snowscape|[upkeep]
|-end|p2a: Kyurem|move: Future Sight
|-damage|p2a: Kyurem|0 fnt
|faint|p2a: Kyurem
|upkeep
|
|t:|1760850022
|switch|p2a: Manaphy|Manaphy|100/100
|-damage|p2a: Manaphy|76/100|[from] Spikes
|turn|26
|
|t:|1760850025
|move|p2a: Manaphy|Surf|p1a: Great Tusk
|-supereffective|p1a: Great Tusk
|-damage|p1a: Great Tusk|0 fnt
|faint|p1a: Great Tusk
|-end|p1a: Great Tusk|Protosynthesis|[silent]
|
|-weather|Snowscape|[upkeep]
|-heal|p2a: Manaphy|82/100|[from] item: Leftovers
|upkeep
|
|t:|1760850028
|switch|p1a: Slowking|Slowking-Galar, F, tera:Water|84/100
|turn|27
|
|t:|1760850030
|move|p2a: Manaphy|Alluring Voice|p1a: Slowking
|-damage|p1a: Slowking|69/100
|move|p1a: Slowking|Toxic|p2a: Manaphy
|-status|p2a: Manaphy|tox
|
|-weather|Snowscape|[upkeep]
|-heal|p2a: Manaphy|88/100 tox|[from] item: Leftovers
|-damage|p2a: Manaphy|82/100 tox|[from] psn
|upkeep
|turn|28
|
|t:|1760850033
|move|p2a: Manaphy|Alluring Voice|p1a: Slowking
|-damage|p1a: Slowking|54/100
|move|p1a: Slowking|Future Sight|p2a: Manaphy
|-start|p1a: Slowking|move: Future Sight
|
|-weather|Snowscape|[upkeep]
|-heal|p2a: Manaphy|88/100 tox|[from] item: Leftovers
|-damage|p2a: Manaphy|76/100 tox|[from] psn
|upkeep
|turn|29
|
|t:|1760850035
|move|p2a: Manaphy|Alluring Voice|p1a: Slowking
|-damage|p1a: Slowking|40/100
|move|p1a: Slowking|Sludge Bomb|p2a: Manaphy
|-damage|p2a: Manaphy|41/100 tox
|
|-weather|none
|-heal|p2a: Manaphy|47/100 tox|[from] item: Leftovers
|-damage|p2a: Manaphy|29/100 tox|[from] psn
|upkeep
|turn|30
|
|t:|1760850037
|move|p2a: Manaphy|Alluring Voice|p1a: Slowking
|-damage|p1a: Slowking|27/100
|move|p1a: Slowking|Sludge Bomb|p2a: Manaphy
|-damage|p2a: Manaphy|0 fnt
|faint|p2a: Manaphy
|
|win|tasin01
|raw|tasin01's rating: 1174 &rarr; <strong>1195</strong><br />(+21 for winning)
|raw|HZBKAI's rating: 1124 &rarr; <strong>1103</strong><br />(-21 for losing)
|l|☆tasin01
|player|p1|
|n|☆HZBKAI|hzbkai
