|j|☆obezer
|j|☆capitolg
|t:|1760749883
|gametype|singles
|player|p1|obezer|2|1141
|player|p2|capitolg|bellelba|1114
|gen|9
|tier|[Gen 9] OU
|rated|
|rule|HP Percentage Mod: HP is shown in percentages
|rule|Endless Battle Clause: Forcing endless battles is banned
|rule|Species Clause: Limit one of each Pokémon
|rule|OHKO Clause: OHKO moves are banned
|rule|Evasion Items Clause: Evasion items are banned
|rule|Evasion Moves Clause: Evasion moves are banned
|rule|Evasion Abilities Clause: Evasion abilities are banned
|rule|Sleep Moves Clause: Sleep-inducing moves are banned
|clearpoke
|poke|p1|Garchomp, M|
|poke|p1|Drifblim, M|
|poke|p1|Araquanid, M|
|poke|p1|Sinistcha|
|poke|p1|Forretress, M|
|poke|p1|Bellibolt, M|
|poke|p2|Vikavolt, F|
|poke|p2|Gothitelle, M|
|poke|p2|Smeargle, F|
|poke|p2|Empoleon, F|
|poke|p2|Passimian, M|
|poke|p2|Dusknoir, M|
|teampreview
|inactive|Battle timer is ON: inactive players will automatically lose when time's up. (requested by capitolg)
|
|t:|1760749899
|teamsize|p1|6
|teamsize|p2|6
|start
|switch|p1a: Araquanid|Araquanid, M|100/100
|switch|p2a: Vikavolt|Vikavolt, F|100/100
|turn|1
|
|t:|1760749918
|move|p1a: Araquanid|Sticky Web|p2a: Vikavolt
|-sidestart|p2: capitolg|move: Sticky Web
|move|p2a: Vikavolt|Discharge|p1a: Araquanid
|-supereffective|p1a: Araquanid
|-damage|p1a: Araquanid|1/100
|
|upkeep
|turn|2
|
|t:|1760749927
|switch|p1a: Garchomp|Garchomp, M|100/100
|switch|p2a: Dusknoir|Dusknoir, M|100/100
|-activate|p2a: Dusknoir|move: Sticky Web
|-unboost|p2a: Dusknoir|spe|1
|-ability|p2a: Dusknoir|Pressure
|
|upkeep
|turn|3
|
|t:|1760749938
|move|p1a: Garchomp|Stealth Rock|p2a: Dusknoir
|-sidestart|p2: capitolg|move: Stealth Rock
|move|p2a: Dusknoir|Trick Room|p2a: Dusknoir
|-fieldstart|move: Trick Room|[of] p2a: Dusknoir
|
|upkeep
|turn|4
|
|t:|1760749942
|move|p2a: Dusknoir|Ice Beam|p1a: Garchomp
|-supereffective|p1a: Garchomp
|-damage|p1a: Garchomp|50/100
|move|p1a: Garchomp|Spikes|p2a: Dusknoir
|-sidestart|p2: capitolg|Spikes
|
|upkeep
|turn|5
|
|t:|1760749949
|switch|p1a: Bellibolt|Bellibolt, M|100/100
|move|p2a: Dusknoir|Ice Beam|p1a: Bellibolt
|-damage|p1a: Bellibolt|91/100
|-start|p1a: Bellibolt|Charge|Ice Beam|[from] ability: Electromorphosis
|
|upkeep
|turn|6
|
|t:|1760749958
|move|p2a: Dusknoir|Poltergeist|p1a: Bellibolt
|-activate|p1a: Bellibolt|move: Poltergeist|Assault Vest
|-damage|p1a: Bellibolt|46/100
|-start|p1a: Bellibolt|Charge|Poltergeist|[from] ability: Electromorphosis
|move|p1a: Bellibolt|Charge Beam|p2a: Dusknoir
|-damage|p2a: Dusknoir|60/100
|-boost|p1a: Bellibolt|spa|1
|-end|p1a: Bellibolt|Charge|[silent]
|
|upkeep
|turn|7
|
|t:|1760749973
|move|p2a: Dusknoir|Poltergeist|p1a: Bellibolt|[miss]
|-miss|p2a: Dusknoir|p1a: Bellibolt
|move|p1a: Bellibolt|Parabolic Charge|p2a: Dusknoir
|-damage|p2a: Dusknoir|20/100
|-heal|p1a: Bellibolt|60/100|[from] drain|[of] p2a: Dusknoir
|
|-fieldend|move: Trick Room
|upkeep
|turn|8
|
|t:|1760749982
|move|p1a: Bellibolt|Parabolic Charge|p2a: Dusknoir
|-damage|p2a: Dusknoir|0 fnt
|-heal|p1a: Bellibolt|66/100|[from] drain|[of] p2a: Dusknoir
|faint|p2a: Dusknoir
|
|upkeep
|
|t:|1760749986
|switch|p2a: Smeargle|Smeargle, F|100/100
|-activate|p2a: Smeargle|move: Sticky Web
|-unboost|p2a: Smeargle|spe|1
|-damage|p2a: Smeargle|88/100|[from] Stealth Rock
|-damage|p2a: Smeargle|76/100|[from] Spikes
|turn|9
|
|t:|1760749997
|move|p1a: Bellibolt|Parabolic Charge|p2a: Smeargle
|-damage|p2a: Smeargle|17/100
|-heal|p1a: Bellibolt|88/100|[from] drain|[of] p2a: Smeargle
|move|p2a: Smeargle|Court Change|p2a: Smeargle
|-swapsideconditions
|-activate|p2a: Smeargle|move: Court Change
|
|upkeep
|turn|10
|
|t:|1760750005
|move|p1a: Bellibolt|Parabolic Charge|p2a: Smeargle
|-damage|p2a: Smeargle|0 fnt
|-heal|p1a: Bellibolt|94/100|[from] drain|[of] p2a: Smeargle
|faint|p2a: Smeargle
|
|upkeep
|
|t:|1760750013
|switch|p2a: Passimian|Passimian, M|100/100
|turn|11
|
|t:|1760750019
|move|p2a: Passimian|Earthquake|p1a: Bellibolt
|-supereffective|p1a: Bellibolt
|-damage|p1a: Bellibolt|34/100
|-start|p1a: Bellibolt|Charge|Earthquake|[from] ability: Electromorphosis
|move|p1a: Bellibolt|Parabolic Charge|p2a: Passimian
|-damage|p2a: Passimian|11/100
|-heal|p1a: Bellibolt|74/100|[from] drain|[of] p2a: Passimian
|-end|p1a: Bellibolt|Charge|[silent]
|
|upkeep
|turn|12
|-message|capitolg forfeited.
|
|win|obezer
|raw|obezer's rating: 1141 &rarr; <strong>1164</strong><br />(+23 for winning)
|raw|capitolg's rating: 1114 &rarr; <strong>1091</strong><br />(-23 for losing)
|l|☆capitolg
|player|p2|
|l|☆obezer
|player|p1|
