|j|☆Altoz-3419
|j|☆Krusher Kane
|t:|1760821661
|gametype|singles
|player|p1|Altoz-3419|ghetsis-gen5bw|1075
|player|p2|Krusher Kane|gambler|1125
|gen|9
|tier|[Gen 9] OU
|rated|
|rule|HP Percentage Mod: HP is shown in percentages
|rule|Endless Battle Clause: Forcing endless battles is banned
|rule|Species Clause: Limit one of each Pokémon
|rule|OHKO Clause: OHKO moves are banned
|rule|Evasion Items Clause: Evasion items are banned
|rule|Evasion Moves Clause: Evasion moves are banned
|rule|Evasion Abilities Clause: Evasion abilities are banned
|rule|Sleep Moves Clause: Sleep-inducing moves are banned
|clearpoke
|poke|p1|Ceruledge, M|
|poke|p1|Great Tusk|
|poke|p1|Raging Bolt|
|poke|p1|Kingambit, M|
|poke|p1|Zamazenta-*|
|poke|p1|Hatterene, F|
|poke|p2|Falinks|
|poke|p2|Mimikyu, M|
|poke|p2|Kyurem|
|poke|p2|Metagross|
|poke|p2|Morpeko, M|
|poke|p2|Iron Jugulis|
|teampreview
|
|t:|1760821671
|teamsize|p1|6
|teamsize|p2|6
|start
|switch|p1a: Rengoku|Ceruledge, M|100/100
|switch|p2a: Kyurem|Kyurem|100/100
|-ability|p2a: Kyurem|Pressure
|turn|1
|
|t:|1760821684
|move|p2a: Kyurem|Earth Power|p1a: Rengoku
|-supereffective|p1a: Rengoku
|-damage|p1a: Rengoku|0 fnt
|faint|p1a: Rengoku
|
|upkeep
|
|t:|1760821694
|switch|p1a: Boubou|Zamazenta|100/100
|-ability|p1a: Boubou|Dauntless Shield|boost
|-boost|p1a: Boubou|def|1
|turn|2
|
|t:|1760821714
|switch|p2a: Iron Jugulis|Iron Jugulis|100/100
|move|p1a: Boubou|Close Combat|p2a: Iron Jugulis
|-damage|p2a: Iron Jugulis|28/100
|-unboost|p1a: Boubou|def|1
|-unboost|p1a: Boubou|spd|1
|
|upkeep
|turn|3
|
|t:|1760821723
|move|p1a: Boubou|Stone Edge|p2a: Iron Jugulis
|-supereffective|p2a: Iron Jugulis
|-damage|p2a: Iron Jugulis|0 fnt
|faint|p2a: Iron Jugulis
|-end|p2a: Iron Jugulis|Quark Drive|[silent]
|
|upkeep
|
|t:|1760821734
|switch|p2a: Metagross|Metagross, shiny|100/100
|turn|4
|
|t:|1760821737
|move|p1a: Boubou|Crunch|p2a: Metagross
|-supereffective|p2a: Metagross
|-damage|p2a: Metagross|61/100
|-enditem|p2a: Metagross|Weakness Policy
|-boost|p2a: Metagross|atk|2|[from] item: Weakness Policy
|-boost|p2a: Metagross|spa|2|[from] item: Weakness Policy
|move|p2a: Metagross|Psychic Fangs|p1a: Boubou
|-supereffective|p1a: Boubou
|-damage|p1a: Boubou|0 fnt
|faint|p1a: Boubou
|
|upkeep
|
|t:|1760821748
|switch|p1a: C-Palataykikontt|Kingambit, M, shiny|100/100
|-activate|p1a: C-Palataykikontt|ability: Supreme Overlord
|-start|p1a: C-Palataykikontt|fallen2|[silent]
|turn|5
|
|t:|1760821756
|move|p1a: C-Palataykikontt|Sucker Punch||[still]
|-fail|p1a: C-Palataykikontt
|move|p2a: Metagross|Agility|p2a: Metagross
|-boost|p2a: Metagross|spe|2
|
|upkeep
|turn|6
|
|t:|1760821765
|-terastallize|p2a: Metagross|Steel
|move|p2a: Metagross|Earthquake|p1a: C-Palataykikontt
|-supereffective|p1a: C-Palataykikontt
|-damage|p1a: C-Palataykikontt|0 fnt
|faint|p1a: C-Palataykikontt
|-end|p1a: C-Palataykikontt|fallen2|[silent]
|
|upkeep
|
|t:|1760821772
|switch|p1a: Pappouth|Great Tusk|100/100
|turn|7
|
|t:|1760821781
|move|p2a: Metagross|Psychic Fangs|p1a: Pappouth
|-supereffective|p1a: Pappouth
|-damage|p1a: Pappouth|0 fnt
|faint|p1a: Pappouth
|-end|p1a: Pappouth|Protosynthesis|[silent]
|
|upkeep
|
|t:|1760821788
|switch|p1a: Girafe|Raging Bolt|100/100
|-enditem|p1a: Girafe|Booster Energy
|-activate|p1a: Girafe|ability: Protosynthesis|[fromitem]
|-start|p1a: Girafe|protosynthesisspa
|turn|8
|
|t:|1760821801
|-terastallize|p1a: Girafe|Fairy
|move|p2a: Metagross|Earthquake|p1a: Girafe
|-damage|p1a: Girafe|27/100
|move|p1a: Girafe|Dragon Pulse|p2a: Metagross
|-resisted|p2a: Metagross
|-damage|p2a: Metagross|22/100
|
|upkeep
|turn|9
|
|t:|1760821816
|move|p2a: Metagross|Earthquake|p1a: Girafe
|-damage|p1a: Girafe|0 fnt
|faint|p1a: Girafe
|-end|p1a: Girafe|Protosynthesis|[silent]
|
|upkeep
|
|t:|1760821821
|switch|p1a: Karaba|Hatterene, F|100/100
|turn|10
|
|t:|1760821825
|move|p2a: Metagross|Meteor Mash|p1a: Karaba
|-supereffective|p1a: Karaba
|-damage|p1a: Karaba|0 fnt
|faint|p1a: Karaba
|
|win|Krusher Kane
|raw|Altoz-3419's rating: 1075 &rarr; <strong>1057</strong><br />(-18 for losing)
|raw|Krusher Kane's rating: 1125 &rarr; <strong>1146</strong><br />(+21 for winning)
|l|☆Altoz-3419
|player|p1|
