|j|☆LLBANDO
|j|☆astroteo
|t:|1760731944
|gametype|singles
|player|p1|LLBANDO|1|1000
|player|p2|astroteo|170|1000
|gen|9
|tier|[Gen 9] OU
|rated|
|rule|HP Percentage Mod: HP is shown in percentages
|rule|Endless Battle Clause: Forcing endless battles is banned
|rule|Species Clause: Limit one of each Pokémon
|rule|OHKO Clause: OHKO moves are banned
|rule|Evasion Items Clause: Evasion items are banned
|rule|Evasion Moves Clause: Evasion moves are banned
|rule|Evasion Abilities Clause: Evasion abilities are banned
|rule|Sleep Moves Clause: Sleep-inducing moves are banned
|clearpoke
|poke|p1|Iron Crown|
|poke|p1|Walking Wake|
|poke|p1|Kingambit, F|
|poke|p1|Iron Moth|
|poke|p1|Deoxys-Speed|
|poke|p1|Darkrai|
|poke|p2|Altaria, F|
|poke|p2|Greninja-*, M|
|poke|p2|Ampharos, M|
|poke|p2|Lucario, F|
|poke|p2|Flygon, M|
|poke|p2|Toxapex, F|
|teampreview
|
|t:|1760731980
|teamsize|p1|6
|teamsize|p2|6
|start
|switch|p1a: Kingambit|Kingambit, F, shiny|100/100
|switch|p2a: Toxapex|Toxapex, F|100/100
|turn|1
|
|t:|1760731989
|move|p1a: Kingambit|Swords Dance|p1a: Kingambit
|-boost|p1a: Kingambit|atk|2
|move|p2a: Toxapex|Toxic Spikes|p1a: Kingambit
|-sidestart|p1: LLBANDO|move: Toxic Spikes
|
|upkeep
|turn|2
|
|t:|1760731995
|move|p2a: Toxapex|Protect|p2a: Toxapex
|-singleturn|p2a: Toxapex|Protect
|move|p1a: Kingambit|Swords Dance|p1a: Kingambit
|-boost|p1a: Kingambit|atk|2
|
|upkeep
|turn|3
|
|t:|1760732002
|move|p1a: Kingambit|Swords Dance|p1a: Kingambit
|-boost|p1a: Kingambit|atk|2
|move|p2a: Toxapex|Chilling Water|p1a: Kingambit
|-damage|p1a: Kingambit|90/100
|-unboost|p1a: Kingambit|atk|1
|-ability|p1a: Kingambit|Defiant|boost
|-boost|p1a: Kingambit|atk|1
|
|upkeep
|turn|4
|
|t:|1760732025
|-terastallize|p1a: Kingambit|Dark
|move|p1a: Kingambit|Kowtow Cleave|p2a: Toxapex
|-damage|p2a: Toxapex|0 fnt
|-damage|p1a: Kingambit|73/100|[from] item: Rocky Helmet|[of] p2a: Toxapex
|faint|p2a: Toxapex
|
|upkeep
|
|t:|1760732037
|switch|p2a: Altaria|Altaria, F|100/100
|-ability|p2a: Altaria|Cloud Nine
|turn|5
|
|t:|1760732044
|move|p2a: Altaria|Moonblast|p1a: Kingambit
|-supereffective|p1a: Kingambit
|-damage|p1a: Kingambit|21/100
|-unboost|p1a: Kingambit|spa|1
|-boost|p1a: Kingambit|atk|0
|move|p1a: Kingambit|Kowtow Cleave|p2a: Altaria
|-damage|p2a: Altaria|0 fnt
|-damage|p1a: Kingambit|5/100|[from] item: Rocky Helmet|[of] p2a: Altaria
|faint|p2a: Altaria
|
|upkeep
|
|t:|1760732054
|switch|p2a: Flygon|Flygon, M|100/100
|turn|6
|
|t:|1760732068
|move|p2a: Flygon|Earthquake|p1a: Kingambit
|-damage|p1a: Kingambit|0 fnt
|faint|p1a: Kingambit
|
|upkeep
|
|t:|1760732089
|switch|p1a: Walking Wake|Walking Wake|100/100
|-status|p1a: Walking Wake|psn
|-enditem|p1a: Walking Wake|Booster Energy
|-activate|p1a: Walking Wake|ability: Protosynthesis|[fromitem]
|-start|p1a: Walking Wake|protosynthesisspa
|turn|7
|
|t:|1760732103
|move|p2a: Flygon|Draco Meteor|p1a: Walking Wake
|-supereffective|p1a: Walking Wake
|-damage|p1a: Walking Wake|5/100 psn
|-unboost|p2a: Flygon|spa|2
|move|p1a: Walking Wake|Scald|p2a: Flygon
|-damage|p2a: Flygon|16/100
|
|-damage|p1a: Walking Wake|0 fnt|[from] psn
|faint|p1a: Walking Wake
|-end|p1a: Walking Wake|Protosynthesis|[silent]
|upkeep
|
|t:|1760732117
|switch|p1a: Deoxys|Deoxys-Speed, shiny|100/100
|-status|p1a: Deoxys|psn
|-ability|p1a: Deoxys|Pressure
|turn|8
|
|t:|1760732132
|move|p1a: Deoxys|Thunder|p2a: Flygon
|-immune|p2a: Flygon
|move|p2a: Flygon|Stealth Rock|p1a: Deoxys
|-sidestart|p1: LLBANDO|move: Stealth Rock
|
|-damage|p1a: Deoxys|88/100 psn|[from] psn
|upkeep
|turn|9
|
|t:|1760732145
|switch|p1a: Iron Moth|Iron Moth, shiny|100/100
|-sideend|p1: LLBANDO|move: Toxic Spikes|[of] p1a: Iron Moth
|-damage|p1a: Iron Moth|76/100|[from] Stealth Rock
|-enditem|p1a: Iron Moth|Booster Energy
|-activate|p1a: Iron Moth|ability: Quark Drive|[fromitem]
|-start|p1a: Iron Moth|quarkdrivespa
|move|p2a: Flygon|Flamethrower|p1a: Iron Moth
|-resisted|p1a: Iron Moth
|-damage|p1a: Iron Moth|71/100
|
|upkeep
|turn|10
|
|t:|1760732159
|move|p2a: Flygon|Earthquake|p1a: Iron Moth
|-supereffective|p1a: Iron Moth
|-damage|p1a: Iron Moth|0 fnt
|faint|p1a: Iron Moth
|-end|p1a: Iron Moth|Quark Drive|[silent]
|
|upkeep
|
|t:|1760732165
|switch|p1a: Darkrai|Darkrai, shiny|100/100
|-damage|p1a: Darkrai|88/100|[from] Stealth Rock
|turn|11
|
|t:|1760732175
|move|p1a: Darkrai|Blizzard|p2a: Flygon|[miss]
|-miss|p1a: Darkrai|p2a: Flygon
|move|p2a: Flygon|Earthquake|p1a: Darkrai
|-damage|p1a: Darkrai|26/100
|
|upkeep
|turn|12
|
|t:|1760732182
|move|p1a: Darkrai|Blizzard|p2a: Flygon
|-supereffective|p2a: Flygon
|-damage|p2a: Flygon|0 fnt
|faint|p2a: Flygon
|
|upkeep
|
|t:|1760732188
|switch|p2a: Lucario|Lucario, F|100/100
|turn|13
|
|t:|1760732195
|move|p1a: Darkrai|Sludge Bomb|p2a: Lucario
|-immune|p2a: Lucario
|move|p2a: Lucario|Close Combat|p1a: Darkrai
|-supereffective|p1a: Darkrai
|-damage|p1a: Darkrai|0 fnt
|-unboost|p2a: Lucario|def|1
|-unboost|p2a: Lucario|spd|1
|faint|p1a: Darkrai
|
|upkeep
|
|t:|1760732205
|switch|p1a: Iron Crown|Iron Crown|100/100
|-damage|p1a: Iron Crown|94/100|[from] Stealth Rock
|turn|14
|
|t:|1760732215
|move|p2a: Lucario|Close Combat|p1a: Iron Crown
|-damage|p1a: Iron Crown|1/100
|-unboost|p2a: Lucario|def|1
|-unboost|p2a: Lucario|spd|1
|move|p1a: Iron Crown|Psyshock|p2a: Lucario
|-damage|p2a: Lucario|0 fnt
|faint|p2a: Lucario
|
|upkeep
|
|t:|1760732229
|switch|p2a: Greninja|Greninja, M|100/100
|turn|15
|
|t:|1760732236
|move|p2a: Greninja|Waterfall|p1a: Iron Crown
|-damage|p1a: Iron Crown|0 fnt
|faint|p1a: Iron Crown
|-end|p1a: Iron Crown|Quark Drive|[silent]
|-ability|p2a: Greninja|Battle Bond|boost
|-boost|p2a: Greninja|atk|1
|-boost|p2a: Greninja|spa|1
|-boost|p2a: Greninja|spe|1
|-activate|p2a: Greninja|ability: Battle Bond
|
|upkeep
|
|t:|1760732244
|switch|p1a: Deoxys|Deoxys-Speed, shiny|88/100 psn
|-damage|p1a: Deoxys|76/100 psn|[from] Stealth Rock
|-ability|p1a: Deoxys|Pressure
|turn|16
|
|t:|1760732251
|move|p1a: Deoxys|Thunder|p2a: Greninja|[miss]
|-miss|p1a: Deoxys|p2a: Greninja
|move|p2a: Greninja|Dark Pulse|p1a: Deoxys
|-supereffective|p1a: Deoxys
|-damage|p1a: Deoxys|0 fnt
|faint|p1a: Deoxys
|
|win|astroteo
|raw|LLBANDO's rating: 1000 &rarr; <strong>1000</strong><br />(+0 for losing)
|raw|astroteo's rating: 1000 &rarr; <strong>1040</strong><br />(+40 for winning)
