|j|☆calamaripumpkin
|j|☆Supersayan999
|t:|1760866330
|gametype|singles
|player|p1|calamaripumpkin|rocketgruntf|1506
|player|p2|Supersayan999|palmer|1499
|gen|9
|tier|[Gen 9] OU
|rated|
|rule|HP Percentage Mod: HP is shown in percentages
|rule|Endless Battle Clause: Forcing endless battles is banned
|rule|Species Clause: Limit one of each Pokémon
|rule|OHKO Clause: OHKO moves are banned
|rule|Evasion Items Clause: Evasion items are banned
|rule|Evasion Moves Clause: Evasion moves are banned
|rule|Evasion Abilities Clause: Evasion abilities are banned
|rule|Sleep Moves Clause: Sleep-inducing moves are banned
|clearpoke
|poke|p1|Landorus-Therian, M|
|poke|p1|Samurott-Hisui, F|
|poke|p1|Pecharunt|
|poke|p1|Scizor, F|
|poke|p1|Latios, M|
|poke|p1|Zamazenta-*|
|poke|p2|Weavile, M|
|poke|p2|Cinderace, F|
|poke|p2|Dragonite, F|
|poke|p2|Gholdengo|
|poke|p2|Iron Hands|
|poke|p2|Alomomola, F|
|teampreview
|inactive|Battle timer is ON: inactive players will automatically lose when time's up. (requested by calamaripumpkin)
|
|t:|1760866348
|teamsize|p1|6
|teamsize|p2|6
|start
|switch|p1a: Landorus|Landorus-Therian, M|100/100
|switch|p2a: Cinderace|Cinderace, F|100/100
|-ability|p1a: Landorus|Intimidate|boost
|-unboost|p2a: Cinderace|atk|1
|turn|1
|
|t:|1760866358
|move|p2a: Cinderace|U-turn|p1a: Landorus
|-start|p2a: Cinderace|typechange|Bug|[from] ability: Libero
|-resisted|p1a: Landorus
|-damage|p1a: Landorus|89/100
|-damage|p2a: Cinderace|84/100|[from] item: Rocky Helmet|[of] p1a: Landorus
|
|t:|1760866366
|switch|p2a: Alomomola|Alomomola, F|100/100|[from] U-turn
|move|p1a: Landorus|Earthquake|p2a: Alomomola
|-damage|p2a: Alomomola|76/100
|
|upkeep
|turn|2
|
|t:|1760866374
|move|p1a: Landorus|Stealth Rock|p2a: Alomomola
|-sidestart|p2: Supersayan999|move: Stealth Rock
|move|p2a: Alomomola|Flip Turn|p1a: Landorus
|-supereffective|p1a: Landorus
|-damage|p1a: Landorus|57/100
|-damage|p2a: Alomomola|59/100|[from] item: Rocky Helmet|[of] p1a: Landorus
|
|t:|1760866382
|switch|p2a: Cinderace|Cinderace, F|84/100|[from] Flip Turn
|
|upkeep
|turn|3
|
|t:|1760866388
|move|p2a: Cinderace|U-turn|p1a: Landorus
|-start|p2a: Cinderace|typechange|Bug|[from] ability: Libero
|-resisted|p1a: Landorus
|-damage|p1a: Landorus|39/100
|-damage|p2a: Cinderace|67/100|[from] item: Rocky Helmet|[of] p1a: Landorus
|
|t:|1760866394
|switch|p2a: Alomomola|Alomomola, F|92/100|[from] U-turn
|-damage|p2a: Alomomola|80/100|[from] Stealth Rock
|move|p1a: Landorus|Earthquake|p2a: Alomomola
|-damage|p2a: Alomomola|54/100
|
|upkeep
|turn|4
|
|t:|1760866406
|move|p1a: Landorus|U-turn|p2a: Alomomola
|-damage|p2a: Alomomola|43/100
|-damage|p1a: Landorus|23/100|[from] item: Rocky Helmet|[of] p2a: Alomomola
|
|t:|1760866408
|switch|p1a: Samurott|Samurott-Hisui, F|100/100|[from] U-turn
|move|p2a: Alomomola|Wish|p2a: Alomomola
|
|upkeep
|turn|5
|
|t:|1760866416
|move|p1a: Samurott|Ceaseless Edge|p2a: Alomomola
|-damage|p2a: Alomomola|14/100
|-damage|p1a: Samurott|84/100|[from] item: Rocky Helmet|[of] p2a: Alomomola
|-sidestart|p2: Supersayan999|Spikes
|move|p2a: Alomomola|Flip Turn|p1a: Samurott
|-resisted|p1a: Samurott
|-damage|p1a: Samurott|75/100
|
|t:|1760866427
|switch|p2a: Cinderace|Cinderace, F|67/100|[from] Flip Turn
|
|-heal|p2a: Cinderace|100/100|[from] move: Wish|[wisher] Alomomola
|upkeep
|turn|6
|
|t:|1760866436
|move|p2a: Cinderace|U-turn|p1a: Samurott
|-start|p2a: Cinderace|typechange|Bug|[from] ability: Libero
|-supereffective|p1a: Samurott
|-damage|p1a: Samurott|0 fnt
|faint|p1a: Samurott
|
|t:|1760866446
|switch|p2a: Alomomola|Alomomola, F|48/100|[from] U-turn
|-damage|p2a: Alomomola|35/100|[from] Stealth Rock
|-damage|p2a: Alomomola|23/100|[from] Spikes
|
|upkeep
|
|t:|1760866459
|switch|p1a: Zamazenta|Zamazenta|100/100
|-ability|p1a: Zamazenta|Dauntless Shield|boost
|-boost|p1a: Zamazenta|def|1
|turn|7
|
|t:|1760866470
|switch|p2a: Gholdengo|Gholdengo|100/100
|-damage|p2a: Gholdengo|94/100|[from] Stealth Rock
|-damage|p2a: Gholdengo|82/100|[from] Spikes
|move|p1a: Zamazenta|Crunch|p2a: Gholdengo
|-supereffective|p2a: Gholdengo
|-damage|p2a: Gholdengo|35/100
|-unboost|p2a: Gholdengo|def|1
|
|upkeep
|turn|8
|
|t:|1760866495
|move|p2a: Gholdengo|Trick|p1a: Zamazenta
|-activate|p2a: Gholdengo|move: Trick|[of] p1a: Zamazenta
|-item|p1a: Zamazenta|Choice Scarf|[from] move: Trick
|-item|p2a: Gholdengo|Leftovers|[from] move: Trick
|move|p1a: Zamazenta|Crunch|p2a: Gholdengo
|-supereffective|p2a: Gholdengo
|-damage|p2a: Gholdengo|0 fnt
|faint|p2a: Gholdengo
|
|upkeep
|inactive|Supersayan999 has 120 seconds left.
|
|t:|1760866509
|switch|p2a: Cinderace|Cinderace, F|100/100
|turn|9
|
|t:|1760866515
|switch|p1a: Pecharunt|Pecharunt|100/100
|move|p2a: Cinderace|Court Change|p2a: Cinderace
|-start|p2a: Cinderace|typechange|Normal|[from] ability: Libero
|-swapsideconditions
|-activate|p2a: Cinderace|move: Court Change
|
|upkeep
|turn|10
|inactive|Supersayan999 has 120 seconds left.
|
|t:|1760866533
|move|p2a: Cinderace|U-turn|p1a: Pecharunt
|-resisted|p1a: Pecharunt
|-damage|p1a: Pecharunt|98/100
|inactive|Supersayan999 has 120 seconds left.
|
|t:|1760866543
|switch|p2a: Weavile|Weavile, M|100/100|[from] U-turn
|-ability|p2a: Weavile|Pressure
|move|p1a: Pecharunt|Malignant Chain|p2a: Weavile
|-damage|p2a: Weavile|61/100
|
|upkeep
|turn|11
|inactive|Supersayan999 has 120 seconds left.
|
|t:|1760866561
|switch|p1a: Landorus|Landorus-Therian, M|23/100
|-damage|p1a: Landorus|10/100|[from] Stealth Rock
|-ability|p1a: Landorus|Intimidate|boost
|-unboost|p2a: Weavile|atk|1
|-terastallize|p2a: Weavile|Dark
|move|p2a: Weavile|Knock Off|p1a: Landorus
|-damage|p1a: Landorus|0 fnt
|-damage|p2a: Weavile|44/100|[from] item: Rocky Helmet|[of] p1a: Landorus
|-enditem|p1a: Landorus|Rocky Helmet|[from] move: Knock Off|[of] p2a: Weavile
|faint|p1a: Landorus
|
|upkeep
|
|t:|1760866571
|switch|p1a: Zamazenta|Zamazenta|100/100
|-damage|p1a: Zamazenta|94/100|[from] Stealth Rock
|-damage|p1a: Zamazenta|82/100|[from] Spikes
|turn|12
|inactive|Supersayan999 has 120 seconds left.
|
|t:|1760866598
|switch|p1a: Latios|Latios, M|100/100
|-damage|p1a: Latios|88/100|[from] Stealth Rock
|switch|p2a: Alomomola|Alomomola, F|56/100
|
|upkeep
|turn|13
|
|t:|1760866619
|move|p2a: Alomomola|Protect|p2a: Alomomola
|-singleturn|p2a: Alomomola|Protect
|move|p1a: Latios|Calm Mind|p1a: Latios
|-boost|p1a: Latios|spa|1
|-boost|p1a: Latios|spd|1
|
|upkeep
|turn|14
|
|t:|1760866634
|move|p1a: Latios|Psychic Noise|p2a: Alomomola
|-damage|p2a: Alomomola|0 fnt
|faint|p2a: Alomomola
|
|upkeep
|inactive|Supersayan999 has 90 seconds left.
|
|t:|1760866647
|switch|p2a: Weavile|Weavile, M, tera:Dark|44/100
|-ability|p2a: Weavile|Pressure
|turn|15
|inactive|Supersayan999 has 90 seconds left.
|
|t:|1760866657
|switch|p1a: Zamazenta|Zamazenta|82/100
|-damage|p1a: Zamazenta|76/100|[from] Stealth Rock
|-damage|p1a: Zamazenta|63/100|[from] Spikes
|move|p2a: Weavile|Ice Spinner|p1a: Zamazenta
|-damage|p1a: Zamazenta|20/100
|
|upkeep
|turn|16
|inactive|Supersayan999 has 90 seconds left.
|
|t:|1760866679
|switch|p2a: Iron Hands|Iron Hands|100/100
|move|p1a: Zamazenta|Body Press|p2a: Iron Hands
|-damage|p2a: Iron Hands|77/100
|
|upkeep
|turn|17
|
|t:|1760866696
|move|p1a: Zamazenta|Body Press|p2a: Iron Hands
|-damage|p2a: Iron Hands|54/100
|move|p2a: Iron Hands|Drain Punch|p1a: Zamazenta
|-damage|p1a: Zamazenta|0 fnt
|-heal|p2a: Iron Hands|61/100|[from] drain|[of] p1a: Zamazenta
|faint|p1a: Zamazenta
|
|upkeep
|
|t:|1760866699
|switch|p1a: Latios|Latios, M|88/100
|-damage|p1a: Latios|76/100|[from] Stealth Rock
|turn|18
|inactive|Supersayan999 has 60 seconds left.
|l|☆Supersayan999
|inactive|Supersayan999 disconnected and has a minute to reconnect!
|player|p2|
|j|☆Supersayan999
|inactive|Supersayan999 reconnected and has 45 seconds left.
|player|p2|Supersayan999|palmer|
|
|t:|1760866755
|-end|p2a: Iron Hands|Quark Drive|[silent]
|switch|p2a: Cinderace|Cinderace, F|100/100
|move|p1a: Latios|Draco Meteor|p2a: Cinderace
|-damage|p2a: Cinderace|0 fnt
|-unboost|p1a: Latios|spa|2
|faint|p2a: Cinderace
|
|upkeep
|inactive|Supersayan999 has 30 seconds left.
|
|t:|1760866766
|switch|p2a: Weavile|Weavile, M, tera:Dark|44/100
|-ability|p2a: Weavile|Pressure
|turn|19
|
|t:|1760866771
|-terastallize|p1a: Latios|Steel
|move|p2a: Weavile|Knock Off|p1a: Latios
|-damage|p1a: Latios|0 fnt
|-enditem|p1a: Latios|Soul Dew|[from] move: Knock Off|[of] p2a: Weavile
|faint|p1a: Latios
|
|upkeep
|
|t:|1760866777
|switch|p1a: Scizor|Scizor, F|100/100
|turn|20
|
|t:|1760866787
|switch|p2a: Dragonite|Dragonite, F|100/100
|move|p1a: Scizor|Bullet Punch|p2a: Dragonite
|-damage|p2a: Dragonite|81/100
|
|upkeep
|turn|21
|
|t:|1760866795
|move|p2a: Dragonite|Dragon Dance|p2a: Dragonite
|-boost|p2a: Dragonite|atk|1
|-boost|p2a: Dragonite|spe|1
|move|p1a: Scizor|Swords Dance|p1a: Scizor
|-boost|p1a: Scizor|atk|2
|
|upkeep
|turn|22
|
|t:|1760866804
|move|p1a: Scizor|Bullet Punch|p2a: Dragonite
|-damage|p2a: Dragonite|0 fnt
|faint|p2a: Dragonite
|
|upkeep
|
|t:|1760866809
|switch|p2a: Iron Hands|Iron Hands|61/100
|turn|23
|
|t:|1760866836
|switch|p1a: Pecharunt|Pecharunt|98/100
|move|p2a: Iron Hands|Fake Out|p1a: Pecharunt
|-immune|p1a: Pecharunt
|
|upkeep
|turn|24
|
|t:|1760866847
|-end|p2a: Iron Hands|Quark Drive|[silent]
|switch|p2a: Weavile|Weavile, M, tera:Dark|44/100
|-ability|p2a: Weavile|Pressure
|move|p1a: Pecharunt|Malignant Chain|p2a: Weavile
|-damage|p2a: Weavile|4/100
|
|upkeep
|turn|25
|
|t:|1760866856
|move|p2a: Weavile|Knock Off|p1a: Pecharunt
|-supereffective|p1a: Pecharunt
|-damage|p1a: Pecharunt|0 fnt
|-enditem|p1a: Pecharunt|Heavy-Duty Boots|[from] move: Knock Off|[of] p2a: Weavile
|faint|p1a: Pecharunt
|
|upkeep
|
|t:|1760866858
|switch|p1a: Scizor|Scizor, F|100/100
|turn|26
|
|t:|1760866866
|move|p1a: Scizor|Bullet Punch|p2a: Weavile
|-damage|p2a: Weavile|0 fnt
|faint|p2a: Weavile
|
|upkeep
|
|t:|1760866871
|switch|p2a: Iron Hands|Iron Hands|61/100
|turn|27
|
|t:|1760866875
|move|p2a: Iron Hands|Fake Out|p1a: Scizor
|-resisted|p1a: Scizor
|-damage|p1a: Scizor|91/100
|cant|p1a: Scizor|flinch
|
|upkeep
|turn|28
|
|t:|1760866881
|move|p1a: Scizor|Swords Dance|p1a: Scizor
|-boost|p1a: Scizor|atk|2
|move|p2a: Iron Hands|Drain Punch|p1a: Scizor
|-damage|p1a: Scizor|36/100
|-heal|p2a: Iron Hands|76/100|[from] drain|[of] p1a: Scizor
|
|upkeep
|turn|29
|
|t:|1760866889
|move|p1a: Scizor|Tera Blast|p2a: Iron Hands
|-crit|p2a: Iron Hands
|-damage|p2a: Iron Hands|66/100
|move|p2a: Iron Hands|Drain Punch|p1a: Scizor
|-damage|p1a: Scizor|0 fnt
|-heal|p2a: Iron Hands|76/100|[from] drain|[of] p1a: Scizor
|faint|p1a: Scizor
|
|win|Supersayan999
|raw|calamaripumpkin's rating: 1506 &rarr; <strong>1486</strong><br />(-20 for losing)
|raw|Supersayan999's rating: 1499 &rarr; <strong>1519</strong><br />(+20 for winning)
|l|☆calamaripumpkin
|player|p1|
