|j|☆justiceforjessie
|j|☆pikkledtmato
|t:|1760743106
|gametype|singles
|player|p1|justiceforjessie|2|1572
|player|p2|pikkledtmato|2|1555
|gen|9
|tier|[Gen 9] OU
|rated|
|rule|HP Percentage Mod: HP is shown in percentages
|rule|Endless Battle Clause: Forcing endless battles is banned
|rule|Species Clause: Limit one of each Pokémon
|rule|OHKO Clause: OHKO moves are banned
|rule|Evasion Items Clause: Evasion items are banned
|rule|Evasion Moves Clause: Evasion moves are banned
|rule|Evasion Abilities Clause: Evasion abilities are banned
|rule|Sleep Moves Clause: Sleep-inducing moves are banned
|clearpoke
|poke|p1|Torkoal, M|
|poke|p1|Great Tusk|
|poke|p1|Walking Wake|
|poke|p1|Comfey, F|
|poke|p1|Venusaur, F|
|poke|p1|Gholdengo|
|poke|p2|Snorlax, F|
|poke|p2|Iron Crown|
|poke|p2|Gholdengo|
|poke|p2|Kyurem|
|poke|p2|Kingambit, M|
|poke|p2|Sandy Shocks|
|teampreview
|inactive|Battle timer is ON: inactive players will automatically lose when time's up. (requested by pikkledtmato)
|
|t:|1760743136
|teamsize|p1|6
|teamsize|p2|6
|start
|switch|p1a: Torkoal|Torkoal, M|100/100
|switch|p2a: Sandy Shocks|Sandy Shocks|100/100
|-weather|SunnyDay|[from] ability: Drought|[of] p1a: Torkoal
|-activate|p2a: Sandy Shocks|ability: Protosynthesis
|-start|p2a: Sandy Shocks|protosynthesisspa
|turn|1
|inactive|justiceforjessie has 120 seconds left.
|
|t:|1760743178
|switch|p1a: GholDEIngo.|Gholdengo|100/100
|-item|p1a: GholDEIngo.|Air Balloon
|move|p2a: Sandy Shocks|Earth Power|p1a: GholDEIngo.
|-immune|p1a: GholDEIngo.
|
|-weather|SunnyDay|[upkeep]
|upkeep
|turn|2
|
|t:|1760743193
|switch|p1a: VenuSOROS.|Venusaur, F|100/100
|move|p2a: Sandy Shocks|Thunderbolt|p1a: VenuSOROS.
|-resisted|p1a: VenuSOROS.
|-damage|p1a: VenuSOROS.|62/100
|
|-weather|SunnyDay|[upkeep]
|upkeep
|turn|3
|inactive|justiceforjessie has 90 seconds left.
|inactive|justiceforjessie has 60 seconds left.
|
|t:|1760743264
|move|p1a: VenuSOROS.|Giga Drain|p2a: Sandy Shocks
|-supereffective|p2a: Sandy Shocks
|-enditem|p2a: Sandy Shocks|Focus Sash
|-damage|p2a: Sandy Shocks|1/100
|-heal|p1a: VenuSOROS.|100/100|[from] drain|[of] p2a: Sandy Shocks
|-damage|p1a: VenuSOROS.|91/100|[from] item: Life Orb
|move|p2a: Sandy Shocks|Earth Power|p1a: VenuSOROS.
|-damage|p1a: VenuSOROS.|23/100
|
|-weather|SunnyDay|[upkeep]
|upkeep
|turn|4
|
|t:|1760743274
|move|p1a: VenuSOROS.|Giga Drain|p2a: Sandy Shocks
|-supereffective|p2a: Sandy Shocks
|-damage|p2a: Sandy Shocks|0 fnt
|-heal|p1a: VenuSOROS.|23/100|[from] drain|[of] p2a: Sandy Shocks
|faint|p2a: Sandy Shocks
|-end|p2a: Sandy Shocks|Protosynthesis|[silent]
|-damage|p1a: VenuSOROS.|13/100|[from] item: Life Orb
|
|-weather|SunnyDay|[upkeep]
|upkeep
|
|t:|1760743279
|switch|p2a: Snorlax|Snorlax, F|100/100
|turn|5
|inactive|justiceforjessie has 60 seconds left.
|
|t:|1760743307
|move|p1a: VenuSOROS.|Giga Drain|p2a: Snorlax
|-damage|p2a: Snorlax|82/100
|-heal|p1a: VenuSOROS.|29/100|[from] drain|[of] p2a: Snorlax
|-damage|p1a: VenuSOROS.|19/100|[from] item: Life Orb
|move|p2a: Snorlax|Ice Punch|p1a: VenuSOROS.
|-supereffective|p1a: VenuSOROS.
|-damage|p1a: VenuSOROS.|0 fnt
|faint|p1a: VenuSOROS.
|
|-weather|SunnyDay|[upkeep]
|upkeep
|
|t:|1760743319
|switch|p1a: Great THEY/THEM.|Great Tusk|100/100
|-activate|p1a: Great THEY/THEM.|ability: Protosynthesis
|-start|p1a: Great THEY/THEM.|protosynthesisatk
|turn|6
|
|t:|1760743325
|-terastallize|p1a: Great THEY/THEM.|Fire
|move|p1a: Great THEY/THEM.|Temper Flare|p2a: Snorlax
|-damage|p2a: Snorlax|8/100
|move|p2a: Snorlax|Ice Punch|p1a: Great THEY/THEM.
|-resisted|p1a: Great THEY/THEM.
|-damage|p1a: Great THEY/THEM.|91/100
|
|-weather|SunnyDay|[upkeep]
|upkeep
|turn|7
|inactive|justiceforjessie has 30 seconds left.
|inactive|justiceforjessie has 20 seconds left.
|inactive|justiceforjessie has 15 seconds left.
|
|t:|1760743362
|move|p1a: Great THEY/THEM.|Temper Flare|p2a: Snorlax
|-damage|p2a: Snorlax|0 fnt
|faint|p2a: Snorlax
|
|-weather|SunnyDay|[upkeep]
|upkeep
|
|t:|1760743368
|switch|p2a: Kyurem|Kyurem|100/100
|-ability|p2a: Kyurem|Pressure
|turn|8
|inactive|justiceforjessie has 30 seconds left this turn.
|inactive|justiceforjessie has 20 seconds left.
|inactive|justiceforjessie has 15 seconds left.
|inactive|justiceforjessie has 10 seconds left.
|inactive|justiceforjessie has 5 seconds left.
|-message|justiceforjessie lost due to inactivity.
|
|win|pikkledtmato
|raw|justiceforjessie's rating: 1592 &rarr; <strong>1570</strong><br />(-22 for losing)
|raw|pikkledtmato's rating: 1555 &rarr; <strong>1577</strong><br />(+22 for winning)
|l|☆justiceforjessie
|player|p1|
|l|☆pikkledtmato
|player|p2|
