|j|☆Ivanpmd
|j|☆ArkossJ
|t:|1760876556
|gametype|singles
|player|p1|Ivanpmd|cheren-gen5bw2|1106
|player|p2|ArkossJ|palmer|1095
|gen|9
|tier|[Gen 9] OU
|rated|
|rule|HP Percentage Mod: HP is shown in percentages
|rule|Endless Battle Clause: Forcing endless battles is banned
|rule|Species Clause: Limit one of each Pokémon
|rule|OHKO Clause: OHKO moves are banned
|rule|Evasion Items Clause: Evasion items are banned
|rule|Evasion Moves Clause: Evasion moves are banned
|rule|Evasion Abilities Clause: Evasion abilities are banned
|rule|Sleep Moves Clause: Sleep-inducing moves are banned
|clearpoke
|poke|p1|Ninetales, F|
|poke|p1|Great Tusk|
|poke|p1|Raging Bolt|
|poke|p1|Walking Wake|
|poke|p1|Ceruledge, F|
|poke|p1|Venusaur, M|
|poke|p2|Corviknight, M|
|poke|p2|Kingambit, M|
|poke|p2|Landorus-Therian, M|
|poke|p2|Greninja-*, M|
|poke|p2|Klefki, F|
|poke|p2|Ceruledge, F|
|teampreview
|inactive|Battle timer is ON: inactive players will automatically lose when time's up. (requested by Ivanpmd)
|
|t:|1760876569
|teamsize|p1|6
|teamsize|p2|6
|start
|switch|p1a: Ninetales|Ninetales, F, shiny|100/100
|switch|p2a: Klefki|Klefki, F|100/100
|-weather|SunnyDay|[from] ability: Drought|[of] p1a: Ninetales
|turn|1
|
|t:|1760876589
|switch|p1a: Ceruledge|Ceruledge, F, shiny|100/100
|move|p2a: Klefki|Thunder Wave|p1a: Ceruledge
|-status|p1a: Ceruledge|par
|
|-weather|SunnyDay|[upkeep]
|upkeep
|turn|2
|
|t:|1760876601
|switch|p2a: Landorus|Landorus-Therian, M|100/100
|-ability|p2a: Landorus|Intimidate|boost
|-unboost|p1a: Ceruledge|atk|1
|cant|p1a: Ceruledge|par
|
|-weather|SunnyDay|[upkeep]
|upkeep
|turn|3
|
|t:|1760876612
|switch|p1a: Lechuga|Venusaur, M, shiny|100/100
|move|p2a: Landorus|Earthquake|p1a: Lechuga
|-damage|p1a: Lechuga|21/100
|
|-weather|SunnyDay|[upkeep]
|upkeep
|turn|4
|
|t:|1760876619
|move|p1a: Lechuga|Solar Beam||[still]
|-prepare|p1a: Lechuga|Solar Beam
|-anim|p1a: Lechuga|Solar Beam|p2a: Landorus
|-damage|p2a: Landorus|11/100
|-damage|p1a: Lechuga|11/100|[from] item: Life Orb
|move|p2a: Landorus|Earthquake|p1a: Lechuga
|-damage|p1a: Lechuga|0 fnt
|faint|p1a: Lechuga
|
|-weather|SunnyDay|[upkeep]
|upkeep
|
|t:|1760876636
|switch|p1a: Great Tusk|Great Tusk, shiny|100/100
|-activate|p1a: Great Tusk|ability: Protosynthesis
|-start|p1a: Great Tusk|protosynthesisatk
|turn|5
|
|t:|1760876662
|move|p2a: Landorus|Earthquake|p1a: Great Tusk
|-damage|p1a: Great Tusk|60/100
|move|p1a: Great Tusk|Rapid Spin|p2a: Landorus
|-damage|p2a: Landorus|0 fnt
|-boost|p1a: Great Tusk|spe|1
|faint|p2a: Landorus
|
|-weather|SunnyDay|[upkeep]
|upkeep
|inactive|ArkossJ has 120 seconds left.
|
|t:|1760876674
|switch|p2a: Klefki|Klefki, F|100/100
|turn|6
|
|t:|1760876680
|move|p2a: Klefki|Reflect|p2a: Klefki
|-sidestart|p2: ArkossJ|Reflect
|move|p1a: Great Tusk|Headlong Rush|p2a: Klefki
|-supereffective|p2a: Klefki
|-damage|p2a: Klefki|38/100
|-unboost|p1a: Great Tusk|def|1
|-unboost|p1a: Great Tusk|spd|1
|
|-weather|SunnyDay|[upkeep]
|upkeep
|turn|7
|
|t:|1760876693
|move|p2a: Klefki|Light Screen|p2a: Klefki
|-sidestart|p2: ArkossJ|move: Light Screen
|move|p1a: Great Tusk|Headlong Rush|p2a: Klefki
|-supereffective|p2a: Klefki
|-damage|p2a: Klefki|0 fnt
|-unboost|p1a: Great Tusk|def|1
|-unboost|p1a: Great Tusk|spd|1
|faint|p2a: Klefki
|
|-weather|SunnyDay|[upkeep]
|upkeep
|
|t:|1760876700
|switch|p2a: Greninja|Greninja, M|100/100
|turn|8
|
|t:|1760876710
|-end|p1a: Great Tusk|Protosynthesis|[silent]
|switch|p1a: Raging Bolt|Raging Bolt|100/100
|-activate|p1a: Raging Bolt|ability: Protosynthesis
|-start|p1a: Raging Bolt|protosynthesisspa
|move|p2a: Greninja|Extrasensory|p1a: Raging Bolt
|-damage|p1a: Raging Bolt|73/100
|-damage|p2a: Greninja|91/100|[from] item: Life Orb
|
|-weather|none
|-end|p1a: Raging Bolt|Protosynthesis
|-heal|p1a: Raging Bolt|79/100|[from] item: Leftovers
|upkeep
|turn|9
|
|t:|1760876724
|move|p1a: Raging Bolt|Thunderclap|p2a: Greninja
|-supereffective|p2a: Greninja
|-damage|p2a: Greninja|25/100
|move|p2a: Greninja|Ice Beam|p1a: Raging Bolt
|-supereffective|p1a: Raging Bolt
|-damage|p1a: Raging Bolt|21/100
|-damage|p2a: Greninja|15/100|[from] item: Life Orb
|
|-heal|p1a: Raging Bolt|27/100|[from] item: Leftovers
|upkeep
|turn|10
|
|t:|1760876743
|switch|p2a: Ceruledge|Ceruledge, F|100/100
|move|p1a: Raging Bolt|Thunderclap||[still]
|-fail|p1a: Raging Bolt
|
|-heal|p1a: Raging Bolt|33/100|[from] item: Leftovers
|upkeep
|turn|11
|
|t:|1760876752
|-end|p1a: Raging Bolt|Protosynthesis|[silent]
|switch|p1a: Ninetales|Ninetales, F, shiny|100/100
|-weather|SunnyDay|[from] ability: Drought|[of] p1a: Ninetales
|move|p2a: Ceruledge|Shadow Sneak|p1a: Ninetales
|-damage|p1a: Ninetales|74/100
|
|-weather|SunnyDay|[upkeep]
|upkeep
|turn|12
|
|t:|1760876765
|switch|p1a: Walking Wake|Walking Wake|100/100
|-activate|p1a: Walking Wake|ability: Protosynthesis
|-start|p1a: Walking Wake|protosynthesisspe
|move|p2a: Ceruledge|Poison Jab|p1a: Walking Wake
|-damage|p1a: Walking Wake|69/100
|
|-weather|SunnyDay|[upkeep]
|upkeep
|turn|13
|
|t:|1760876780
|switch|p2a: Corviknight|Corviknight, M|100/100
|move|p1a: Walking Wake|Hydro Steam|p2a: Corviknight
|-damage|p2a: Corviknight|60/100
|-damage|p1a: Walking Wake|59/100|[from] item: Life Orb
|
|-weather|SunnyDay|[upkeep]
|-sideend|p2: ArkossJ|Reflect
|upkeep
|turn|14
|
|t:|1760876792
|move|p1a: Walking Wake|Flamethrower|p2a: Corviknight
|-supereffective|p2a: Corviknight
|-damage|p2a: Corviknight|6/100
|-damage|p1a: Walking Wake|49/100|[from] item: Life Orb
|move|p2a: Corviknight|Iron Head|p1a: Walking Wake
|-resisted|p1a: Walking Wake
|-damage|p1a: Walking Wake|28/100
|
|-weather|SunnyDay|[upkeep]
|-sideend|p2: ArkossJ|move: Light Screen
|upkeep
|turn|15
|
|t:|1760876802
|move|p1a: Walking Wake|Flip Turn|p2a: Corviknight
|-damage|p2a: Corviknight|0 fnt
|-damage|p1a: Walking Wake|12/100|[from] item: Rocky Helmet|[of] p2a: Corviknight
|faint|p2a: Corviknight
|-damage|p1a: Walking Wake|2/100|[from] item: Life Orb
|
|t:|1760876815
|-end|p1a: Walking Wake|Protosynthesis|[silent]
|switch|p1a: Great Tusk|Great Tusk, shiny|60/100|[from] Flip Turn
|-activate|p1a: Great Tusk|ability: Protosynthesis
|-start|p1a: Great Tusk|protosynthesisatk
|
|-weather|SunnyDay|[upkeep]
|upkeep
|
|t:|1760876819
|switch|p2a: Greninja|Greninja, M|15/100
|turn|16
|
|t:|1760876825
|-terastallize|p1a: Great Tusk|Fairy
|move|p2a: Greninja|Extrasensory|p1a: Great Tusk
|-damage|p1a: Great Tusk|12/100
|-damage|p2a: Greninja|5/100|[from] item: Life Orb
|move|p1a: Great Tusk|Rapid Spin|p2a: Greninja
|-damage|p2a: Greninja|0 fnt
|-boost|p1a: Great Tusk|spe|1
|faint|p2a: Greninja
|
|-weather|SunnyDay|[upkeep]
|upkeep
|
|t:|1760876830
|switch|p2a: Ceruledge|Ceruledge, F|100/100
|turn|17
|
|t:|1760876840
|move|p2a: Ceruledge|Shadow Sneak|p1a: Great Tusk
|-damage|p1a: Great Tusk|0 fnt
|faint|p1a: Great Tusk
|-end|p1a: Great Tusk|Protosynthesis|[silent]
|
|-weather|SunnyDay|[upkeep]
|upkeep
|
|t:|1760876856
|switch|p1a: Raging Bolt|Raging Bolt|33/100
|-activate|p1a: Raging Bolt|ability: Protosynthesis
|-start|p1a: Raging Bolt|protosynthesisspa
|turn|18
|
|t:|1760876866
|move|p2a: Ceruledge|Shadow Sneak|p1a: Raging Bolt
|-damage|p1a: Raging Bolt|17/100
|move|p1a: Raging Bolt|Dragon Pulse|p2a: Ceruledge
|-damage|p2a: Ceruledge|28/100
|
|-weather|none
|-end|p1a: Raging Bolt|Protosynthesis
|-heal|p1a: Raging Bolt|23/100|[from] item: Leftovers
|upkeep
|turn|19
|
|t:|1760876877
|move|p2a: Ceruledge|Bitter Blade|p1a: Raging Bolt
|-resisted|p1a: Raging Bolt
|-damage|p1a: Raging Bolt|6/100
|-heal|p2a: Ceruledge|42/100|[from] drain|[of] p1a: Raging Bolt
|move|p1a: Raging Bolt|Dragon Pulse|p2a: Ceruledge
|-damage|p2a: Ceruledge|0 fnt
|faint|p2a: Ceruledge
|
|-heal|p1a: Raging Bolt|12/100|[from] item: Leftovers
|upkeep
|
|t:|1760876880
|switch|p2a: Kingambit|Kingambit, M|100/100
|-activate|p2a: Kingambit|ability: Supreme Overlord
|-start|p2a: Kingambit|fallen5|[silent]
|turn|20
|
|t:|1760876897
|move|p1a: Raging Bolt|Thunderclap|p2a: Kingambit
|-damage|p2a: Kingambit|60/100
|move|p2a: Kingambit|Sucker Punch||[still]
|-fail|p2a: Kingambit
|
|-heal|p1a: Raging Bolt|19/100|[from] item: Leftovers
|upkeep
|turn|21
|
|t:|1760876905
|-terastallize|p2a: Kingambit|Dark
|move|p1a: Raging Bolt|Thunderclap|p2a: Kingambit
|-damage|p2a: Kingambit|22/100
|move|p2a: Kingambit|Kowtow Cleave|p1a: Raging Bolt
|-damage|p1a: Raging Bolt|0 fnt
|faint|p1a: Raging Bolt
|-end|p1a: Raging Bolt|Protosynthesis|[silent]
|
|upkeep
|
|t:|1760876917
|switch|p1a: Ninetales|Ninetales, F, shiny|74/100
|-weather|SunnyDay|[from] ability: Drought|[of] p1a: Ninetales
|turn|22
|
|t:|1760876922
|move|p1a: Ninetales|Healing Wish|p1a: Ninetales
|faint|p1a: Ninetales
|move|p2a: Kingambit|Stone Edge|p1: Ninetales|[notarget]
|-fail|p2a: Kingambit
|
|-weather|SunnyDay|[upkeep]
|upkeep
|
|t:|1760876928
|switch|p1a: Walking Wake|Walking Wake|2/100
|-heal|p1a: Walking Wake|100/100|[from] move: Healing Wish
|-activate|p1a: Walking Wake|ability: Protosynthesis
|-start|p1a: Walking Wake|protosynthesisspe
|turn|23
|
|t:|1760876935
|move|p1a: Walking Wake|Flamethrower|p2a: Kingambit
|-damage|p2a: Kingambit|0 fnt
|faint|p2a: Kingambit
|-end|p2a: Kingambit|fallen5|[silent]
|-damage|p1a: Walking Wake|91/100|[from] item: Life Orb
|
|win|Ivanpmd
|raw|Ivanpmd's rating: 1106 &rarr; <strong>1130</strong><br />(+24 for winning)
|raw|ArkossJ's rating: 1095 &rarr; <strong>1072</strong><br />(-23 for losing)
|l|☆ArkossJ
|player|p2|
