|j|☆Quiero mucho a Mar
|j|☆isaac_gam3r
|t:|1760883792
|gametype|singles
|player|p1|Quiero mucho a Mar|firebreather-gen2|1757
|player|p2|isaac_gam3r|acetrainer-gen4dp|1653
|gen|9
|tier|[Gen 9] OU
|rated|
|rule|HP Percentage Mod: HP is shown in percentages
|rule|Endless Battle Clause: Forcing endless battles is banned
|rule|Species Clause: Limit one of each Pokémon
|rule|OHKO Clause: OHKO moves are banned
|rule|Evasion Items Clause: Evasion items are banned
|rule|Evasion Moves Clause: Evasion moves are banned
|rule|Evasion Abilities Clause: Evasion abilities are banned
|rule|Sleep Moves Clause: Sleep-inducing moves are banned
|clearpoke
|poke|p1|Samurott-Hisui, M|
|poke|p1|Garganacl, F|
|poke|p1|Gholdengo|
|poke|p1|Iron Valiant|
|poke|p1|Kingambit, M|
|poke|p1|Dragonite, M|
|poke|p2|Garchomp, M|
|poke|p2|Raging Bolt|
|poke|p2|Primarina, M|
|poke|p2|Heatran, F|
|poke|p2|Weezing-Galar, M|
|poke|p2|Weavile, M|
|teampreview
|inactive|Battle timer is ON: inactive players will automatically lose when time's up. (requested by isaac_gam3r)
|
|t:|1760883799
|teamsize|p1|6
|teamsize|p2|6
|start
|switch|p1a: Garganacl|Garganacl, F|100/100
|switch|p2a: Primarina|Primarina, M|100/100
|turn|1
|
|t:|1760883805
|move|p1a: Garganacl|Stealth Rock|p2a: Primarina
|-sidestart|p2: isaac_gam3r|move: Stealth Rock
|move|p2a: Primarina|Hyper Voice|p1a: Garganacl
|-supereffective|p1a: Garganacl
|-ability|p1a: Garganacl|Sturdy
|-damage|p1a: Garganacl|1/100
|
|upkeep
|turn|2
|-enditem|p1a: Garganacl|Custap Berry|[eat]
|-activate|p1a: Garganacl|item: Custap Berry|[consumed]
|
|t:|1760883813
|move|p1a: Garganacl|Explosion|p2a: Primarina
|-crit|p2a: Primarina
|-damage|p2a: Primarina|0 fnt
|faint|p1a: Garganacl
|faint|p2a: Primarina
|
|upkeep
|
|t:|1760883820
|switch|p1a: Gholdengo|Gholdengo|100/100
|switch|p2a: Raging Bolt|Raging Bolt|100/100
|-item|p1a: Gholdengo|Air Balloon
|-damage|p2a: Raging Bolt|88/100|[from] Stealth Rock
|turn|3
|
|t:|1760883828
|switch|p1a: Kingambit|Kingambit, M|100/100
|-activate|p1a: Kingambit|ability: Supreme Overlord
|-start|p1a: Kingambit|fallen1|[silent]
|move|p2a: Raging Bolt|Thunderbolt|p1a: Kingambit
|-damage|p1a: Kingambit|40/100
|
|-heal|p1a: Kingambit|47/100|[from] item: Leftovers
|-heal|p2a: Raging Bolt|94/100|[from] item: Leftovers
|upkeep
|turn|4
|
|t:|1760883833
|move|p1a: Kingambit|Sucker Punch|p2a: Raging Bolt
|-damage|p2a: Raging Bolt|55/100
|move|p2a: Raging Bolt|Thunderclap||[still]
|-fail|p2a: Raging Bolt
|
|-heal|p1a: Kingambit|53/100|[from] item: Leftovers
|-heal|p2a: Raging Bolt|61/100|[from] item: Leftovers
|upkeep
|turn|5
|
|t:|1760883843
|move|p1a: Kingambit|Kowtow Cleave|p2a: Raging Bolt
|-damage|p2a: Raging Bolt|17/100
|move|p2a: Raging Bolt|Thunderbolt|p1a: Kingambit
|-damage|p1a: Kingambit|0 fnt
|faint|p1a: Kingambit
|-end|p1a: Kingambit|fallen1|[silent]
|
|-heal|p2a: Raging Bolt|23/100|[from] item: Leftovers
|upkeep
|
|t:|1760883849
|switch|p1a: Iron Valiant|Iron Valiant|100/100
|-enditem|p1a: Iron Valiant|Booster Energy
|-activate|p1a: Iron Valiant|ability: Quark Drive|[fromitem]
|-start|p1a: Iron Valiant|quarkdriveatk
|turn|6
|
|t:|1760883852
|move|p2a: Raging Bolt|Thunderclap|p1a: Iron Valiant
|-damage|p1a: Iron Valiant|25/100
|move|p1a: Iron Valiant|Knock Off|p2a: Raging Bolt
|-crit|p2a: Raging Bolt
|-damage|p2a: Raging Bolt|0 fnt
|-enditem|p2a: Raging Bolt|Leftovers|[from] move: Knock Off|[of] p1a: Iron Valiant
|faint|p2a: Raging Bolt
|-end|p2a: Raging Bolt|Protosynthesis|[silent]
|
|upkeep
|
|t:|1760883856
|switch|p2a: Weavile|Weavile, M|100/100
|-damage|p2a: Weavile|76/100|[from] Stealth Rock
|-ability|p2a: Weavile|Pressure
|turn|7
|
|t:|1760883868
|move|p2a: Weavile|Ice Shard|p1a: Iron Valiant
|-crit|p1a: Iron Valiant
|-damage|p1a: Iron Valiant|0 fnt
|faint|p1a: Iron Valiant
|-end|p1a: Iron Valiant|Quark Drive|[silent]
|
|upkeep
|
|t:|1760883871
|switch|p1a: Samurott|Samurott-Hisui, M|100/100
|turn|8
|
|t:|1760883875
|switch|p2a: Weezing|Weezing-Galar, M, shiny|100/100
|-damage|p2a: Weezing|88/100|[from] Stealth Rock
|move|p1a: Samurott|Aqua Cutter|p2a: Weezing
|-damage|p2a: Weezing|57/100
|
|-heal|p2a: Weezing|63/100|[from] item: Black Sludge
|upkeep
|turn|9
|
|t:|1760883886
|switch|p1a: Gholdengo|Gholdengo|100/100
|-item|p1a: Gholdengo|Air Balloon
|switch|p2a: Heatran|Heatran, F|100/100
|-damage|p2a: Heatran|88/100|[from] Stealth Rock
|
|upkeep
|turn|10
|
|t:|1760883889
|switch|p1a: Samurott|Samurott-Hisui, M|100/100
|move|p2a: Heatran|Lava Plume|p1a: Samurott
|-resisted|p1a: Samurott
|-damage|p1a: Samurott|63/100
|-status|p1a: Samurott|brn
|
|-damage|p1a: Samurott|57/100 brn|[from] brn
|upkeep
|turn|11
|
|t:|1760883894
|switch|p2a: Weezing|Weezing-Galar, M, shiny|63/100
|-damage|p2a: Weezing|51/100|[from] Stealth Rock
|move|p1a: Samurott|Knock Off|p2a: Weezing
|-resisted|p2a: Weezing
|-damage|p2a: Weezing|44/100
|-enditem|p2a: Weezing|Black Sludge|[from] move: Knock Off|[of] p1a: Samurott
|
|-damage|p1a: Samurott|51/100 brn|[from] brn
|upkeep
|turn|12
|
|t:|1760883898
|move|p1a: Samurott|Knock Off|p2a: Weezing
|-resisted|p2a: Weezing
|-damage|p2a: Weezing|40/100
|move|p2a: Weezing|Pain Split|p1a: Samurott
|-sethp|p1a: Samurott|46/100 brn|[from] move: Pain Split|[silent]
|-sethp|p2a: Weezing|44/100|[from] move: Pain Split
|
|-damage|p1a: Samurott|40/100 brn|[from] brn
|upkeep
|turn|13
|
|t:|1760883903
|move|p1a: Samurott|Knock Off|p2a: Weezing
|-resisted|p2a: Weezing
|-damage|p2a: Weezing|39/100
|move|p2a: Weezing|Strange Steam|p1a: Samurott
|-supereffective|p1a: Samurott
|-damage|p1a: Samurott|0 fnt
|faint|p1a: Samurott
|
|upkeep
|
|t:|1760883910
|switch|p1a: Gholdengo|Gholdengo|100/100
|-item|p1a: Gholdengo|Air Balloon
|turn|14
|
|t:|1760883913
|switch|p2a: Heatran|Heatran, F|88/100
|-damage|p2a: Heatran|76/100|[from] Stealth Rock
|move|p1a: Gholdengo|Hex|p2a: Heatran
|-damage|p2a: Heatran|60/100
|
|upkeep
|turn|15
|
|t:|1760883916
|move|p1a: Gholdengo|Thunder Wave|p2a: Heatran
|-status|p2a: Heatran|par
|move|p2a: Heatran|Lava Plume|p1a: Gholdengo
|-supereffective|p1a: Gholdengo
|-damage|p1a: Gholdengo|9/100
|-enditem|p1a: Gholdengo|Air Balloon
|
|upkeep
|turn|16
|
|t:|1760883919
|move|p1a: Gholdengo|Hex|p2a: Heatran
|-damage|p2a: Heatran|29/100 par
|move|p2a: Heatran|Lava Plume|p1a: Gholdengo
|-supereffective|p1a: Gholdengo
|-damage|p1a: Gholdengo|0 fnt
|faint|p1a: Gholdengo
|
|upkeep
|
|t:|1760883922
|switch|p1a: Dragonite|Dragonite, M|100/100
|turn|17
|
|t:|1760883936
|-terastallize|p1a: Dragonite|Ghost
|move|p1a: Dragonite|Tera Blast|p2a: Heatran|[anim] Tera Blast Ghost
|-damage|p2a: Heatran|0 fnt
|faint|p2a: Heatran
|
|upkeep
|
|t:|1760883940
|switch|p2a: Garchomp|Garchomp, M|100/100
|-damage|p2a: Garchomp|94/100|[from] Stealth Rock
|turn|18
|
|t:|1760883953
|move|p2a: Garchomp|Outrage|p1a: Dragonite
|-damage|p1a: Dragonite|63/100
|move|p1a: Dragonite|Tera Blast|p2a: Garchomp|[anim] Tera Blast Ghost
|-damage|p2a: Garchomp|52/100
|
|upkeep
|turn|19
|
|t:|1760883959
|move|p2a: Garchomp|Outrage|p1a: Dragonite|[from] lockedmove
|-damage|p1a: Dragonite|0 fnt
|faint|p1a: Dragonite
|-start|p2a: Garchomp|confusion|[fatigue]
|
|win|isaac_gam3r
|raw|Quiero mucho a Mar's rating: 1757 &rarr; <strong>1731</strong><br />(-26 for losing)
|raw|isaac_gam3r's rating: 1653 &rarr; <strong>1679</strong><br />(+26 for winning)
|l|☆Quiero mucho a Mar
|player|p1|
