|j|☆cassoplayer
|j|☆Chase5423
|t:|1760762864
|gametype|singles
|player|p1|cassoplayer|shadowtriad|1095
|player|p2|Chase5423|veteran|1109
|gen|9
|tier|[Gen 9] OU
|rated|
|rule|HP Percentage Mod: HP is shown in percentages
|rule|Endless Battle Clause: Forcing endless battles is banned
|rule|Species Clause: Limit one of each Pokémon
|rule|OHKO Clause: OHKO moves are banned
|rule|Evasion Items Clause: Evasion items are banned
|rule|Evasion Moves Clause: Evasion moves are banned
|rule|Evasion Abilities Clause: Evasion abilities are banned
|rule|Sleep Moves Clause: Sleep-inducing moves are banned
|clearpoke
|poke|p1|Espeon, F|
|poke|p1|Corviknight, F|
|poke|p1|Garchomp, F|
|poke|p1|Toxapex, F|
|poke|p1|Iron Valiant|
|poke|p1|Dragonite, M|
|poke|p2|Garchomp, M|
|poke|p2|Dragapult, M|
|poke|p2|Toxapex, F|
|poke|p2|Garganacl, F|
|poke|p2|Iron Moth|
|poke|p2|Scream Tail|
|teampreview
|inactive|Battle timer is ON: inactive players will automatically lose when time's up. (requested by Chase5423)
|
|t:|1760762890
|teamsize|p1|6
|teamsize|p2|6
|start
|switch|p1a: juan|Garchomp, F|100/100
|switch|p2a: Garchomp|Garchomp, M|100/100
|turn|1
|
|t:|1760762900
|move|p1a: juan|Dragon Tail|p2a: Garchomp
|-supereffective|p2a: Garchomp
|-damage|p2a: Garchomp|69/100
|-damage|p1a: juan|88/100|[from] ability: Rough Skin|[of] p2a: Garchomp
|-damage|p1a: juan|71/100|[from] item: Rocky Helmet|[of] p2a: Garchomp
|drag|p2a: Toxapex|Toxapex, F|100/100
|
|upkeep
|turn|2
|
|t:|1760762909
|move|p1a: juan|Earthquake|p2a: Toxapex
|-supereffective|p2a: Toxapex
|-damage|p2a: Toxapex|27/100
|move|p2a: Toxapex|Toxic|p1a: juan
|-status|p1a: juan|tox
|
|-heal|p2a: Toxapex|33/100|[from] item: Black Sludge
|-damage|p1a: juan|65/100 tox|[from] psn
|upkeep
|turn|3
|
|t:|1760762930
|switch|p2a: Scream Tail|Scream Tail|100/100
|move|p1a: juan|Earthquake|p2a: Scream Tail
|-damage|p2a: Scream Tail|72/100
|
|-heal|p2a: Scream Tail|78/100|[from] item: Leftovers
|-damage|p1a: juan|53/100 tox|[from] psn
|upkeep
|turn|4
|
|t:|1760762942
|-terastallize|p1a: juan|Steel
|move|p2a: Scream Tail|Wish|p2a: Scream Tail
|move|p1a: juan|Fire Blast|p2a: Scream Tail
|-damage|p2a: Scream Tail|66/100
|
|-heal|p2a: Scream Tail|72/100|[from] item: Leftovers
|-damage|p1a: juan|34/100 tox|[from] psn
|upkeep
|turn|5
|
|t:|1760762959
|move|p2a: Scream Tail|Protect|p2a: Scream Tail
|-singleturn|p2a: Scream Tail|Protect
|move|p1a: juan|Earthquake|p2a: Scream Tail
|-activate|p2a: Scream Tail|move: Protect
|
|-heal|p2a: Scream Tail|100/100|[from] move: Wish|[wisher] Scream Tail
|-damage|p1a: juan|10/100 tox|[from] psn
|upkeep
|turn|6
|
|t:|1760762975
|switch|p1a: concha|Toxapex, F|100/100
|move|p2a: Scream Tail|Wish|p2a: Scream Tail
|
|upkeep
|turn|7
|
|t:|1760762983
|move|p2a: Scream Tail|Protect|p2a: Scream Tail
|-singleturn|p2a: Scream Tail|Protect
|move|p1a: concha|Toxic Spikes|p2a: Scream Tail
|-sidestart|p2: Chase5423|move: Toxic Spikes
|
|upkeep
|turn|8
|
|t:|1760762990
|move|p2a: Scream Tail|Encore|p1a: concha
|-start|p1a: concha|Encore
|move|p1a: concha|Toxic Spikes|p2a: Scream Tail
|-sidestart|p2: Chase5423|move: Toxic Spikes
|
|upkeep
|turn|9
|
|t:|1760762999
|-end|p2a: Scream Tail|Protosynthesis|[silent]
|switch|p2a: Iron Moth|Iron Moth|100/100
|-sideend|p2: Chase5423|move: Toxic Spikes|[of] p2a: Iron Moth
|-enditem|p2a: Iron Moth|Booster Energy
|-activate|p2a: Iron Moth|ability: Quark Drive|[fromitem]
|-start|p2a: Iron Moth|quarkdrivespe
|switch|p1a: chimuelo|Corviknight, F|100/100
|-ability|p1a: chimuelo|Pressure
|
|upkeep
|turn|10
|
|t:|1760763017
|move|p2a: Iron Moth|Substitute|p2a: Iron Moth
|-start|p2a: Iron Moth|Substitute
|-damage|p2a: Iron Moth|76/100
|move|p1a: chimuelo|U-turn|p2a: Iron Moth
|-resisted|p2a: Iron Moth
|-activate|p2a: Iron Moth|move: Substitute|[damage]
|
|t:|1760763025
|switch|p1a: concha|Toxapex, F|100/100|[from] U-turn
|
|upkeep
|turn|11
|
|t:|1760763030
|move|p2a: Iron Moth|Fiery Dance|p1a: concha
|-resisted|p1a: concha
|-damage|p1a: concha|87/100
|move|p1a: concha|Toxic Spikes|p2a: Iron Moth
|-sidestart|p2: Chase5423|move: Toxic Spikes
|
|-heal|p1a: concha|93/100|[from] item: Black Sludge
|upkeep
|turn|12
|
|t:|1760763039
|move|p2a: Iron Moth|Fiery Dance|p1a: concha
|-resisted|p1a: concha
|-damage|p1a: concha|79/100
|-boost|p2a: Iron Moth|spa|1
|move|p1a: concha|Surf|p2a: Iron Moth
|-supereffective|p2a: Iron Moth
|-end|p2a: Iron Moth|Substitute
|
|-heal|p1a: concha|86/100|[from] item: Black Sludge
|upkeep
|turn|13
|
|t:|1760763048
|-terastallize|p2a: Iron Moth|Fairy
|move|p2a: Iron Moth|Substitute|p2a: Iron Moth
|-start|p2a: Iron Moth|Substitute
|-damage|p2a: Iron Moth|51/100
|move|p1a: concha|Surf|p2a: Iron Moth
|-activate|p2a: Iron Moth|move: Substitute|[damage]
|
|-heal|p1a: concha|92/100|[from] item: Black Sludge
|upkeep
|turn|14
|
|t:|1760763057
|move|p2a: Iron Moth|Fiery Dance|p1a: concha
|-resisted|p1a: concha
|-damage|p1a: concha|74/100
|move|p1a: concha|Haze|p1a: concha
|-clearallboost
|
|-heal|p1a: concha|80/100|[from] item: Black Sludge
|upkeep
|turn|15
|
|t:|1760763074
|move|p2a: Iron Moth|Fiery Dance|p1a: concha
|-resisted|p1a: concha
|-damage|p1a: concha|67/100
|move|p1a: concha|Surf|p2a: Iron Moth
|-end|p2a: Iron Moth|Substitute
|
|-heal|p1a: concha|74/100|[from] item: Black Sludge
|upkeep
|turn|16
|
|t:|1760763091
|move|p2a: Iron Moth|Fiery Dance|p1a: concha
|-resisted|p1a: concha
|-damage|p1a: concha|61/100
|move|p1a: concha|Recover|p1a: concha
|-heal|p1a: concha|100/100
|
|upkeep
|turn|17
|
|t:|1760763101
|-end|p2a: Iron Moth|Quark Drive|[silent]
|switch|p2a: Garchomp|Garchomp, M|69/100
|-status|p2a: Garchomp|psn
|move|p1a: concha|Surf|p2a: Garchomp
|-damage|p2a: Garchomp|50/100 psn
|
|-damage|p2a: Garchomp|37/100 psn|[from] psn
|upkeep
|turn|18
|
|t:|1760763110
|move|p2a: Garchomp|Spikes|p1a: concha
|-sidestart|p1: cassoplayer|Spikes
|move|p1a: concha|Recover||[still]
|-fail|p1a: concha|heal
|
|-damage|p2a: Garchomp|25/100 psn|[from] psn
|upkeep
|turn|19
|
|t:|1760763117
|move|p2a: Garchomp|Stealth Rock|p1a: concha
|-sidestart|p1: cassoplayer|move: Stealth Rock
|move|p1a: concha|Surf|p2a: Garchomp
|-damage|p2a: Garchomp|6/100 psn
|
|-damage|p2a: Garchomp|0 fnt|[from] psn
|faint|p2a: Garchomp
|upkeep
|
|t:|1760763145
|switch|p2a: Scream Tail|Scream Tail|100/100
|-status|p2a: Scream Tail|psn
|turn|20
|
|t:|1760763153
|move|p2a: Scream Tail|Wish|p2a: Scream Tail
|move|p1a: concha|Surf|p2a: Scream Tail
|-damage|p2a: Scream Tail|88/100 psn
|
|-heal|p2a: Scream Tail|94/100 psn|[from] item: Leftovers
|-damage|p2a: Scream Tail|82/100 psn|[from] psn
|upkeep
|turn|21
|
|t:|1760763167
|-end|p2a: Scream Tail|Protosynthesis|[silent]
|switch|p2a: Garganacl|Garganacl, F|100/100
|move|p1a: concha|Surf|p2a: Garganacl
|-supereffective|p2a: Garganacl
|-damage|p2a: Garganacl|75/100
|
|-heal|p2a: Garganacl|100/100|[from] move: Wish|[wisher] Scream Tail
|upkeep
|turn|22
|
|t:|1760763177
|move|p2a: Garganacl|Salt Cure|p1a: concha
|-damage|p1a: concha|90/100
|-start|p1a: concha|Salt Cure
|move|p1a: concha|Surf|p2a: Garganacl
|-supereffective|p2a: Garganacl
|-damage|p2a: Garganacl|73/100
|
|-heal|p1a: concha|97/100|[from] item: Black Sludge
|-damage|p1a: concha|72/100|[from] Salt Cure
|upkeep
|turn|23
|inactive|Chase5423 has 120 seconds left.
|inactive|Chase5423 has 90 seconds left.
|inactive|Chase5423 has 60 seconds left.
|inactive|Chase5423 has 30 seconds left.
|inactive|Chase5423 has 20 seconds left.
|inactive|Chase5423 has 15 seconds left.
|inactive|Chase5423 has 10 seconds left.
|inactive|Chase5423 has 5 seconds left.
|-message|Chase5423 lost due to inactivity.
|
|win|cassoplayer
|raw|cassoplayer's rating: 1095 &rarr; <strong>1122</strong><br />(+27 for winning)
|raw|Chase5423's rating: 1109 &rarr; <strong>1083</strong><br />(-26 for losing)
|l|☆cassoplayer
|player|p1|
