|j|☆Vastcheetah03
|j|☆astrophyx
|t:|1760851997
|gametype|singles
|player|p1|Vastcheetah03|lance|1142
|player|p2|astrophyx|1|1116
|gen|9
|tier|[Gen 9] OU
|rated|
|rule|HP Percentage Mod: HP is shown in percentages
|rule|Endless Battle Clause: Forcing endless battles is banned
|rule|Species Clause: Limit one of each Pokémon
|rule|OHKO Clause: OHKO moves are banned
|rule|Evasion Items Clause: Evasion items are banned
|rule|Evasion Moves Clause: Evasion moves are banned
|rule|Evasion Abilities Clause: Evasion abilities are banned
|rule|Sleep Moves Clause: Sleep-inducing moves are banned
|clearpoke
|poke|p1|Forretress, M|
|poke|p1|Skeledirge, M|
|poke|p1|Hydrapple, M|
|poke|p1|Latios, M|
|poke|p1|Kingambit, M|
|poke|p1|Samurott-Hisui, M|
|poke|p2|Meowscarada, F|
|poke|p2|Cinderace, F|
|poke|p2|Keldeo-Resolute|
|poke|p2|Maushold|
|poke|p2|Ceruledge, F|
|poke|p2|Iron Treads|
|teampreview
|inactive|Battle timer is ON: inactive players will automatically lose when time's up. (requested by Vastcheetah03)
|
|t:|1760852006
|teamsize|p1|6
|teamsize|p2|6
|start
|switch|p1a: Samurott|Samurott-Hisui, M, shiny|100/100
|switch|p2a: Cinderace|Cinderace, F|100/100
|turn|1
|
|t:|1760852014
|move|p1a: Samurott|Aqua Cutter|p2a: Cinderace
|-supereffective|p2a: Cinderace
|-damage|p2a: Cinderace|0 fnt
|faint|p2a: Cinderace
|
|upkeep
|
|t:|1760852024
|switch|p2a: Meowscarada|Meowscarada, F|100/100
|turn|2
|
|t:|1760852028
|switch|p1a: Forretress|Forretress, M, shiny|100/100
|move|p2a: Meowscarada|U-turn|p1a: Forretress
|-start|p2a: Meowscarada|typechange|Bug|[from] ability: Protean
|-resisted|p1a: Forretress
|-damage|p1a: Forretress|91/100
|-enditem|p1a: Forretress|Red Card|[of] p2a: Meowscarada
|drag|p2a: Keldeo|Keldeo-Resolute|100/100
|
|upkeep
|turn|3
|
|t:|1760852042
|move|p2a: Keldeo|Hydro Pump|p1a: Forretress
|-damage|p1a: Forretress|9/100
|-damage|p2a: Keldeo|91/100|[from] item: Life Orb
|move|p1a: Forretress|Volt Switch|p2a: Keldeo
|-supereffective|p2a: Keldeo
|-crit|p2a: Keldeo
|-damage|p2a: Keldeo|60/100
|
|t:|1760852053
|switch|p1a: Latios|Latios, M, shiny|100/100|[from] Volt Switch
|
|upkeep
|turn|4
|
|t:|1760852064
|switch|p2a: Meowscarada|Meowscarada, F|100/100
|move|p1a: Latios|Thunderbolt|p2a: Meowscarada
|-resisted|p2a: Meowscarada
|-damage|p2a: Meowscarada|74/100
|
|upkeep
|turn|5
|
|t:|1760852072
|switch|p1a: Forretress|Forretress, M, shiny|9/100
|move|p2a: Meowscarada|Play Rough|p1a: Forretress
|-start|p2a: Meowscarada|typechange|Fairy|[from] ability: Protean
|-resisted|p1a: Forretress
|-damage|p1a: Forretress|0 fnt
|faint|p1a: Forretress
|
|upkeep
|
|t:|1760852086
|switch|p1a: Skeledirge|Skeledirge, M, shiny|100/100
|turn|6
|
|t:|1760852100
|switch|p1a: Hydrapple|Hydrapple, M, shiny|100/100
|move|p2a: Meowscarada|Sucker Punch||[still]
|-fail|p2a: Meowscarada
|
|upkeep
|turn|7
|
|t:|1760852109
|-terastallize|p1a: Hydrapple|Water
|move|p2a: Meowscarada|Play Rough|p1a: Hydrapple
|-damage|p1a: Hydrapple|67/100
|move|p1a: Hydrapple|Draco Meteor|p2a: Meowscarada
|-immune|p2a: Meowscarada
|
|upkeep
|turn|8
|c|☆astrophyx|?
|
|t:|1760852121
|switch|p1a: Skeledirge|Skeledirge, M, shiny|100/100
|move|p2a: Meowscarada|Flower Trick|p1a: Skeledirge
|-resisted|p1a: Skeledirge
|-crit|p1a: Skeledirge
|-damage|p1a: Skeledirge|88/100
|
|-heal|p1a: Skeledirge|94/100|[from] item: Leftovers
|upkeep
|turn|9
|
|t:|1760852130
|move|p2a: Meowscarada|U-turn|p1a: Skeledirge
|-resisted|p1a: Skeledirge
|-damage|p1a: Skeledirge|89/100
|
|t:|1760852133
|switch|p2a: Keldeo|Keldeo-Resolute|60/100|[from] U-turn
|move|p1a: Skeledirge|Substitute|p1a: Skeledirge
|-start|p1a: Skeledirge|Substitute
|-damage|p1a: Skeledirge|64/100
|
|-heal|p1a: Skeledirge|70/100|[from] item: Leftovers
|upkeep
|turn|10
|
|t:|1760852143
|move|p2a: Keldeo|Hydro Pump|p1a: Skeledirge|[miss]
|-miss|p2a: Keldeo|p1a: Skeledirge
|move|p1a: Skeledirge|Shadow Ball|p2a: Keldeo
|-damage|p2a: Keldeo|30/100
|-unboost|p2a: Keldeo|spd|1
|
|-heal|p1a: Skeledirge|76/100|[from] item: Leftovers
|upkeep
|turn|11
|
|t:|1760852153
|move|p2a: Keldeo|Hydro Pump|p1a: Skeledirge|[miss]
|-miss|p2a: Keldeo|p1a: Skeledirge
|move|p1a: Skeledirge|Shadow Ball|p2a: Keldeo
|-damage|p2a: Keldeo|5/100
|
|-heal|p1a: Skeledirge|82/100|[from] item: Leftovers
|upkeep
|turn|12
|
|t:|1760852163
|move|p2a: Keldeo|Hydro Pump|p1a: Skeledirge
|-supereffective|p1a: Skeledirge
|-end|p1a: Skeledirge|Substitute
|-damage|p2a: Keldeo|0 fnt|[from] item: Life Orb
|faint|p2a: Keldeo
|move|p1a: Skeledirge|Torch Song|p2: Keldeo|[notarget]
|-fail|p1a: Skeledirge
|
|-heal|p1a: Skeledirge|89/100|[from] item: Leftovers
|upkeep
|
|t:|1760852167
|switch|p2a: Iron Treads|Iron Treads, shiny|100/100
|-enditem|p2a: Iron Treads|Booster Energy
|-activate|p2a: Iron Treads|ability: Quark Drive|[fromitem]
|-start|p2a: Iron Treads|quarkdrivespe
|turn|13
|
|t:|1760852177
|switch|p1a: Latios|Latios, M, shiny|100/100
|move|p2a: Iron Treads|Earthquake|p1a: Latios
|-immune|p1a: Latios|[from] ability: Levitate
|
|upkeep
|turn|14
|
|t:|1760852190
|move|p1a: Latios|Luster Purge|p2a: Iron Treads
|-resisted|p2a: Iron Treads
|-damage|p2a: Iron Treads|67/100
|-unboost|p2a: Iron Treads|spd|1
|move|p2a: Iron Treads|Ice Spinner|p1a: Latios
|-supereffective|p1a: Latios
|-damage|p1a: Latios|28/100
|
|upkeep
|turn|15
|
|t:|1760852204
|switch|p1a: Samurott|Samurott-Hisui, M, shiny|100/100
|move|p2a: Iron Treads|Ice Spinner|p1a: Samurott
|-resisted|p1a: Samurott
|-damage|p1a: Samurott|84/100
|
|upkeep
|turn|16
|
|t:|1760852212
|move|p2a: Iron Treads|Supercell Slam|p1a: Samurott
|-supereffective|p1a: Samurott
|-damage|p1a: Samurott|1/100
|move|p1a: Samurott|Aqua Cutter|p2a: Iron Treads
|-supereffective|p2a: Iron Treads
|-damage|p2a: Iron Treads|0 fnt
|faint|p2a: Iron Treads
|-end|p2a: Iron Treads|Quark Drive|[silent]
|
|upkeep
|
|t:|1760852219
|switch|p2a: Ceruledge|Ceruledge, F, shiny|100/100
|turn|17
|
|t:|1760852225
|move|p2a: Ceruledge|Shadow Sneak|p1a: Samurott
|-resisted|p1a: Samurott
|-damage|p1a: Samurott|0 fnt
|faint|p1a: Samurott
|-damage|p2a: Ceruledge|91/100|[from] item: Life Orb
|
|upkeep
|
|t:|1760852235
|switch|p1a: Hydrapple|Hydrapple, M, shiny, tera:Water|99/100
|turn|18
|
|t:|1760852245
|move|p2a: Ceruledge|Swords Dance|p2a: Ceruledge
|-boost|p2a: Ceruledge|atk|2
|move|p1a: Hydrapple|Hydro Pump|p2a: Ceruledge
|-supereffective|p2a: Ceruledge
|-damage|p2a: Ceruledge|0 fnt
|faint|p2a: Ceruledge
|
|upkeep
|
|t:|1760852250
|switch|p2a: Meowscarada|Meowscarada, F|74/100
|turn|19
|
|t:|1760852268
|switch|p1a: Skeledirge|Skeledirge, M, shiny|89/100
|move|p2a: Meowscarada|Play Rough|p1a: Skeledirge
|-start|p2a: Meowscarada|typechange|Fairy|[from] ability: Protean
|-resisted|p1a: Skeledirge
|-damage|p1a: Skeledirge|71/100
|
|-heal|p1a: Skeledirge|77/100|[from] item: Leftovers
|upkeep
|turn|20
|
|t:|1760852280
|move|p2a: Meowscarada|Sucker Punch||[still]
|-fail|p2a: Meowscarada
|move|p1a: Skeledirge|Substitute|p1a: Skeledirge
|-start|p1a: Skeledirge|Substitute
|-damage|p1a: Skeledirge|53/100
|
|-heal|p1a: Skeledirge|59/100|[from] item: Leftovers
|upkeep
|turn|21
|
|t:|1760852288
|move|p2a: Meowscarada|Flower Trick|p1a: Skeledirge
|-resisted|p1a: Skeledirge
|-crit|p1a: Skeledirge
|-activate|p1a: Skeledirge|move: Substitute|[damage]
|move|p1a: Skeledirge|Slack Off|p1a: Skeledirge
|-heal|p1a: Skeledirge|100/100
|
|upkeep
|turn|22
|-message|astrophyx forfeited.
|
|win|Vastcheetah03
|raw|Vastcheetah03's rating: 1142 &rarr; <strong>1165</strong><br />(+23 for winning)
|raw|astrophyx's rating: 1116 &rarr; <strong>1093</strong><br />(-23 for losing)
|l|☆astrophyx
|player|p2|
|l|☆Vastcheetah03
|player|p1|
