|j|‽Lucid Coffee
|j|☆Rabzzz
|t:|1760853269
|gametype|singles
|player|p1|Lucid Coffee|blue|1666
|player|p2|Rabzzz|#mwpvimurkrows|1741
|gen|9
|tier|[Gen 9] OU
|rated|
|rule|HP Percentage Mod: HP is shown in percentages
|rule|Endless Battle Clause: Forcing endless battles is banned
|rule|Species Clause: Limit one of each Pokémon
|rule|OHKO Clause: OHKO moves are banned
|rule|Evasion Items Clause: Evasion items are banned
|rule|Evasion Moves Clause: Evasion moves are banned
|rule|Evasion Abilities Clause: Evasion abilities are banned
|rule|Sleep Moves Clause: Sleep-inducing moves are banned
|clearpoke
|poke|p1|Kyurem|
|poke|p1|Landorus-Therian, M|
|poke|p1|Kingambit, M|
|poke|p1|Zamazenta-*|
|poke|p1|Great Tusk|
|poke|p1|Zapdos|
|poke|p2|Iron Boulder|
|poke|p2|Ting-Lu|
|poke|p2|Great Tusk|
|poke|p2|Enamorus, F|
|poke|p2|Gholdengo|
|poke|p2|Rotom-Wash|
|teampreview
|
|t:|1760853298
|teamsize|p1|6
|teamsize|p2|6
|start
|switch|p1a: Landorus|Landorus-Therian, M|100/100
|switch|p2a: Enamorus|Enamorus, F|100/100
|-ability|p1a: Landorus|Intimidate|boost
|-boost|p2a: Enamorus|atk|1
|turn|1
|
|t:|1760853315
|-terastallize|p2a: Enamorus|Fairy
|move|p2a: Enamorus|Moonblast|p1a: Landorus
|-damage|p1a: Landorus|0 fnt
|faint|p1a: Landorus
|
|upkeep
|
|t:|1760853324
|switch|p1a: Great Tusk|Great Tusk|100/100
|turn|2
|
|t:|1760853329
|switch|p2a: Rotom|Rotom-Wash|100/100
|-terastallize|p1a: Great Tusk|Fire
|move|p1a: Great Tusk|Headlong Rush|p2a: Rotom
|-immune|p2a: Rotom|[from] ability: Levitate
|
|upkeep
|turn|3
|
|t:|1760853335
|-end|p1a: Great Tusk|Protosynthesis|[silent]
|switch|p1a: Kyurem|Kyurem|100/100
|-ability|p1a: Kyurem|Pressure
|move|p2a: Rotom|Volt Switch|p1a: Kyurem
|-resisted|p1a: Kyurem
|-damage|p1a: Kyurem|94/100
|
|t:|1760853338
|switch|p2a: Enamorus|Enamorus, F, tera:Fairy|100/100|[from] Volt Switch
|
|upkeep
|turn|4
|
|t:|1760853345
|move|p2a: Enamorus|Moonblast|p1a: Kyurem
|-supereffective|p1a: Kyurem
|-damage|p1a: Kyurem|0 fnt
|faint|p1a: Kyurem
|
|upkeep
|
|t:|1760853350
|switch|p1a: Great Tusk|Great Tusk, tera:Fire|100/100
|turn|5
|
|t:|1760853355
|switch|p2a: Rotom|Rotom-Wash|100/100
|-end|p1a: Great Tusk|Protosynthesis|[silent]
|switch|p1a: Zapdos|Zapdos|100/100
|
|upkeep
|turn|6
|
|t:|1760853364
|switch|p2a: Ting-Lu|Ting-Lu|100/100
|-ability|p2a: Ting-Lu|Vessel of Ruin
|move|p1a: Zapdos|Volt Switch|p2a: Ting-Lu
|-immune|p2a: Ting-Lu
|
|upkeep
|turn|7
|
|t:|1760853372
|switch|p1a: Zamazenta|Zamazenta|100/100
|-ability|p1a: Zamazenta|Dauntless Shield|boost
|-boost|p1a: Zamazenta|def|1
|move|p2a: Ting-Lu|Spikes|p1a: Zamazenta
|-sidestart|p1: Lucid Coffee|Spikes
|
|upkeep
|turn|8
|
|t:|1760853380
|switch|p2a: Gholdengo|Gholdengo|100/100
|move|p1a: Zamazenta|Close Combat|p2a: Gholdengo
|-immune|p2a: Gholdengo
|
|upkeep
|turn|9
|
|t:|1760853387
|move|p1a: Zamazenta|Crunch|p2a: Gholdengo
|-supereffective|p2a: Gholdengo
|-damage|p2a: Gholdengo|50/100
|-damage|p1a: Zamazenta|91/100|[from] item: Life Orb
|move|p2a: Gholdengo|Thunder Wave|p1a: Zamazenta
|-status|p1a: Zamazenta|par
|
|-heal|p2a: Gholdengo|56/100|[from] item: Leftovers
|upkeep
|turn|10
|
|t:|1760853393
|move|p2a: Gholdengo|Recover|p2a: Gholdengo
|-heal|p2a: Gholdengo|100/100
|cant|p1a: Zamazenta|par
|
|upkeep
|turn|11
|
|t:|1760853396
|move|p2a: Gholdengo|Hex|p1a: Zamazenta
|-damage|p1a: Zamazenta|35/100 par
|cant|p1a: Zamazenta|par
|
|upkeep
|turn|12
|
|t:|1760853399
|move|p2a: Gholdengo|Hex|p1a: Zamazenta
|-crit|p1a: Zamazenta
|-damage|p1a: Zamazenta|0 fnt
|faint|p1a: Zamazenta
|
|upkeep
|-message|Lucid Coffee forfeited.
|
|win|Rabzzz
|raw|Lucid Coffee's rating: 1666 &rarr; <strong>1650</strong><br />(-16 for losing)
|raw|Rabzzz's rating: 1741 &rarr; <strong>1757</strong><br />(+16 for winning)
|l|‽Lucid Coffee
|player|p1|
|l|☆Rabzzz
|player|p2|
