|j|☆Down$hift
|j|☆PenguinMLSJ
|t:|1760722124
|gametype|singles
|player|p1|Down$hift|jessiejames-gen1|1643
|player|p2|PenguinMLSJ|red-gen7|1561
|gen|9
|tier|[Gen 9] OU
|rated|
|rule|HP Percentage Mod: HP is shown in percentages
|rule|Endless Battle Clause: Forcing endless battles is banned
|rule|Species Clause: Limit one of each Pokémon
|rule|OHKO Clause: OHKO moves are banned
|rule|Evasion Items Clause: Evasion items are banned
|rule|Evasion Moves Clause: Evasion moves are banned
|rule|Evasion Abilities Clause: Evasion abilities are banned
|rule|Sleep Moves Clause: Sleep-inducing moves are banned
|clearpoke
|poke|p1|Metagross|
|poke|p1|Enamorus, F|
|poke|p1|Raging Bolt|
|poke|p1|Corviknight, F|
|poke|p1|Cinderace, F|
|poke|p1|Ting-Lu|
|poke|p2|Skeledirge, F|
|poke|p2|Garganacl, M|
|poke|p2|Kingambit, F|
|poke|p2|Clefable, F|
|poke|p2|Great Tusk|
|poke|p2|Iron Valiant|
|teampreview
|inactive|Battle timer is ON: inactive players will automatically lose when time's up. (requested by PenguinMLSJ)
|inactive|Down$hift also wants the timer to be on.
|c|☆Down$hift|hf
|c|☆PenguinMLSJ|u2
|inactive|Down$hift has 120 seconds left.
|
|t:|1760722169
|teamsize|p1|6
|teamsize|p2|6
|start
|switch|p1a: Ultra Marine Blues|Metagross|100/100
|switch|p2a: Kingambit|Kingambit, F|100/100
|turn|1
|
|t:|1760722178
|switch|p1a: Woodpecker No. 1|Corviknight, F|100/100
|-ability|p1a: Woodpecker No. 1|Pressure
|-end|p2a: Kingambit|fallenundefined|[silent]
|switch|p2a: Great Tusk|Great Tusk|100/100
|
|upkeep
|turn|2
|
|t:|1760722183
|move|p2a: Great Tusk|Body Press|p1a: Woodpecker No. 1
|-damage|p1a: Woodpecker No. 1|73/100
|-damage|p2a: Great Tusk|84/100|[from] item: Rocky Helmet|[of] p1a: Woodpecker No. 1
|move|p1a: Woodpecker No. 1|Body Press|p2a: Great Tusk
|-damage|p2a: Great Tusk|72/100
|
|upkeep
|turn|3
|
|t:|1760722189
|-end|p2a: Great Tusk|Protosynthesis|[silent]
|switch|p2a: Clefable|Clefable, F|100/100
|move|p1a: Woodpecker No. 1|Roost|p1a: Woodpecker No. 1
|-heal|p1a: Woodpecker No. 1|100/100
|-singleturn|p1a: Woodpecker No. 1|move: Roost
|
|upkeep
|turn|4
|
|t:|1760722200
|switch|p1a: Ultra Marine Blues|Metagross|100/100
|move|p2a: Clefable|Trick|p1a: Ultra Marine Blues
|-activate|p2a: Clefable|move: Trick|[of] p1a: Ultra Marine Blues
|-item|p1a: Ultra Marine Blues|Sticky Barb|[from] move: Trick
|-item|p2a: Clefable|Choice Band|[from] move: Trick
|
|-damage|p1a: Ultra Marine Blues|88/100|[from] item: Sticky Barb
|upkeep
|turn|5
|
|t:|1760722208
|move|p2a: Clefable|Protect|p2a: Clefable
|-singleturn|p2a: Clefable|Protect
|move|p1a: Ultra Marine Blues|Knock Off|p2a: Clefable
|-activate|p2a: Clefable|move: Protect
|
|-damage|p1a: Ultra Marine Blues|76/100|[from] item: Sticky Barb
|upkeep
|turn|6
|
|t:|1760722216
|switch|p2a: Great Tusk|Great Tusk|72/100
|move|p1a: Ultra Marine Blues|Heavy Slam|p2a: Great Tusk
|-damage|p2a: Great Tusk|60/100
|
|-damage|p1a: Ultra Marine Blues|64/100|[from] item: Sticky Barb
|upkeep
|turn|7
|
|t:|1760722222
|switch|p1a: Woodpecker No. 1|Corviknight, F|100/100
|-ability|p1a: Woodpecker No. 1|Pressure
|-end|p2a: Great Tusk|Protosynthesis|[silent]
|switch|p2a: Clefable|Clefable, F|100/100
|
|upkeep
|turn|8
|
|t:|1760722227
|switch|p1a: Ultra Marine Blues|Metagross|64/100
|move|p2a: Clefable|Wish|p2a: Clefable
|
|-damage|p1a: Ultra Marine Blues|51/100|[from] item: Sticky Barb
|upkeep
|turn|9
|
|t:|1760722232
|switch|p2a: Great Tusk|Great Tusk|60/100
|move|p1a: Ultra Marine Blues|Knock Off|p2a: Great Tusk
|-resisted|p2a: Great Tusk
|-damage|p2a: Great Tusk|52/100
|-enditem|p2a: Great Tusk|Heavy-Duty Boots|[from] move: Knock Off|[of] p1a: Ultra Marine Blues
|
|-heal|p2a: Great Tusk|97/100|[from] move: Wish|[wisher] Clefable
|-damage|p1a: Ultra Marine Blues|39/100|[from] item: Sticky Barb
|upkeep
|turn|10
|
|t:|1760722238
|switch|p1a: Woodpecker No. 1|Corviknight, F|100/100
|-ability|p1a: Woodpecker No. 1|Pressure
|move|p2a: Great Tusk|Body Press|p1a: Woodpecker No. 1
|-damage|p1a: Woodpecker No. 1|70/100
|-damage|p2a: Great Tusk|81/100|[from] item: Rocky Helmet|[of] p1a: Woodpecker No. 1
|
|upkeep
|turn|11
|
|t:|1760722242
|move|p2a: Great Tusk|Body Press|p1a: Woodpecker No. 1
|-damage|p1a: Woodpecker No. 1|43/100
|-damage|p2a: Great Tusk|64/100|[from] item: Rocky Helmet|[of] p1a: Woodpecker No. 1
|move|p1a: Woodpecker No. 1|U-turn|p2a: Great Tusk
|-resisted|p2a: Great Tusk
|-damage|p2a: Great Tusk|61/100
|
|t:|1760722245
|switch|p1a: Spiral Blast|Enamorus, F|100/100|[from] U-turn
|
|upkeep
|turn|12
|
|t:|1760722249
|-end|p2a: Great Tusk|Protosynthesis|[silent]
|switch|p2a: Clefable|Clefable, F|100/100
|move|p1a: Spiral Blast|Earth Power|p2a: Clefable
|-damage|p2a: Clefable|80/100
|
|upkeep
|turn|13
|
|t:|1760722255
|move|p1a: Spiral Blast|Earth Power|p2a: Clefable
|-damage|p2a: Clefable|60/100
|move|p2a: Clefable|Moonblast|p1a: Spiral Blast
|-damage|p1a: Spiral Blast|58/100
|
|upkeep
|turn|14
|
|t:|1760722262
|switch|p1a: My Station Rock|Cinderace, F|100/100
|move|p2a: Clefable|Moonblast|p1a: My Station Rock
|-resisted|p1a: My Station Rock
|-crit|p1a: My Station Rock
|-damage|p1a: My Station Rock|71/100
|
|upkeep
|turn|15
|
|t:|1760722266
|switch|p2a: Skeledirge|Skeledirge, F|100/100
|move|p1a: My Station Rock|U-turn|p2a: Skeledirge
|-resisted|p2a: Skeledirge
|-damage|p2a: Skeledirge|98/100
|
|t:|1760722275
|switch|p1a: Yellow Hyper Balls|Raging Bolt|100/100|[from] U-turn
|-enditem|p1a: Yellow Hyper Balls|Booster Energy
|-activate|p1a: Yellow Hyper Balls|ability: Protosynthesis|[fromitem]
|-start|p1a: Yellow Hyper Balls|protosynthesisspa
|
|upkeep
|turn|16
|c|☆Down$hift|why is raging bolt facing me
|c|☆Down$hift|turn around bro
|c|☆PenguinMLSJ|lol what?
|c|☆Down$hift|hes looking at me
|inactive|Down$hift has 120 seconds left.
|inactive|PenguinMLSJ has 120 seconds left.
|c|☆Down$hift|right now
|c|☆Down$hift|his back is turned towards u
|c|☆PenguinMLSJ|xD
|c|☆PenguinMLSJ|not for me, but that's funny
|inactive|PenguinMLSJ has 90 seconds left.
|
|t:|1760722341
|switch|p2a: Clefable|Clefable, F|60/100
|move|p1a: Yellow Hyper Balls|Calm Mind|p1a: Yellow Hyper Balls
|-boost|p1a: Yellow Hyper Balls|spa|1
|-boost|p1a: Yellow Hyper Balls|spd|1
|
|upkeep
|turn|17
|
|t:|1760722346
|move|p1a: Yellow Hyper Balls|Thunderbolt|p2a: Clefable
|-damage|p2a: Clefable|0 fnt
|faint|p2a: Clefable
|
|upkeep
|
|t:|1760722352
|switch|p2a: Great Tusk|Great Tusk|61/100
|turn|18
|
|t:|1760722354
|-terastallize|p1a: Yellow Hyper Balls|Bug
|move|p1a: Yellow Hyper Balls|Dragon Pulse|p2a: Great Tusk
|-damage|p2a: Great Tusk|0 fnt
|faint|p2a: Great Tusk
|-end|p2a: Great Tusk|Protosynthesis|[silent]
|
|upkeep
|
|t:|1760722358
|switch|p2a: Garganacl|Garganacl, M|100/100
|turn|19
|
|t:|1760722360
|move|p1a: Yellow Hyper Balls|Thunderbolt|p2a: Garganacl
|-damage|p2a: Garganacl|30/100
|move|p2a: Garganacl|Salt Cure|p1a: Yellow Hyper Balls
|-supereffective|p1a: Yellow Hyper Balls
|-damage|p1a: Yellow Hyper Balls|76/100
|-start|p1a: Yellow Hyper Balls|Salt Cure
|
|-heal|p2a: Garganacl|36/100|[from] item: Leftovers
|-damage|p1a: Yellow Hyper Balls|63/100|[from] Salt Cure
|upkeep
|turn|20
|
|t:|1760722365
|move|p1a: Yellow Hyper Balls|Thunderbolt|p2a: Garganacl
|-damage|p2a: Garganacl|0 fnt
|faint|p2a: Garganacl
|
|-damage|p1a: Yellow Hyper Balls|51/100|[from] Salt Cure
|upkeep
|
|t:|1760722368
|switch|p2a: Kingambit|Kingambit, F|100/100
|-activate|p2a: Kingambit|ability: Supreme Overlord
|-start|p2a: Kingambit|fallen3|[silent]
|turn|21
|
|t:|1760722373
|move|p2a: Kingambit|Sucker Punch|p1a: Yellow Hyper Balls
|-damage|p1a: Yellow Hyper Balls|0 fnt
|faint|p1a: Yellow Hyper Balls
|-end|p1a: Yellow Hyper Balls|Protosynthesis|[silent]
|
|upkeep
|
|t:|1760722387
|switch|p1a: Woodpecker No. 1|Corviknight, F|43/100
|-ability|p1a: Woodpecker No. 1|Pressure
|turn|22
|
|t:|1760722394
|-terastallize|p2a: Kingambit|Fairy
|move|p2a: Kingambit|Swords Dance|p2a: Kingambit
|-boost|p2a: Kingambit|atk|2
|move|p1a: Woodpecker No. 1|Roost|p1a: Woodpecker No. 1
|-heal|p1a: Woodpecker No. 1|93/100
|-singleturn|p1a: Woodpecker No. 1|move: Roost
|
|upkeep
|turn|23
|
|t:|1760722399
|move|p2a: Kingambit|Swords Dance|p2a: Kingambit
|-boost|p2a: Kingambit|atk|2
|move|p1a: Woodpecker No. 1|U-turn|p2a: Kingambit
|-resisted|p2a: Kingambit
|-damage|p2a: Kingambit|95/100
|
|t:|1760722401
|switch|p1a: My Station Rock|Cinderace, F|71/100|[from] U-turn
|
|-heal|p2a: Kingambit|100/100|[from] item: Leftovers
|upkeep
|turn|24
|
|t:|1760722404
|move|p2a: Kingambit|Sucker Punch||[still]
|-fail|p2a: Kingambit
|move|p1a: My Station Rock|Will-O-Wisp|p2a: Kingambit
|-status|p2a: Kingambit|brn
|
|-damage|p2a: Kingambit|94/100 brn|[from] brn
|upkeep
|turn|25
|
|t:|1760722419
|move|p2a: Kingambit|Sucker Punch|p1a: My Station Rock
|-damage|p1a: My Station Rock|0 fnt
|faint|p1a: My Station Rock
|
|-heal|p2a: Kingambit|100/100 brn|[from] item: Leftovers
|-damage|p2a: Kingambit|94/100 brn|[from] brn
|upkeep
|
|t:|1760722427
|switch|p1a: Ultra Marine Blues|Metagross|39/100
|turn|26
|
|t:|1760722430
|move|p1a: Ultra Marine Blues|Bullet Punch|p2a: Kingambit
|-supereffective|p2a: Kingambit
|-damage|p2a: Kingambit|62/100 brn
|move|p2a: Kingambit|Sucker Punch||[still]
|-fail|p2a: Kingambit
|
|-heal|p2a: Kingambit|68/100 brn|[from] item: Leftovers
|-damage|p2a: Kingambit|62/100 brn|[from] brn
|-damage|p1a: Ultra Marine Blues|27/100|[from] item: Sticky Barb
|upkeep
|turn|27
|
|t:|1760722439
|move|p1a: Ultra Marine Blues|Bullet Punch|p2a: Kingambit
|-supereffective|p2a: Kingambit
|-damage|p2a: Kingambit|26/100 brn
|move|p2a: Kingambit|Sucker Punch||[still]
|-fail|p2a: Kingambit
|
|-heal|p2a: Kingambit|32/100 brn|[from] item: Leftovers
|-damage|p2a: Kingambit|26/100 brn|[from] brn
|-damage|p1a: Ultra Marine Blues|14/100|[from] item: Sticky Barb
|upkeep
|turn|28
|
|t:|1760722452
|move|p1a: Ultra Marine Blues|Bullet Punch|p2a: Kingambit
|-supereffective|p2a: Kingambit
|-damage|p2a: Kingambit|0 fnt
|faint|p2a: Kingambit
|-end|p2a: Kingambit|fallen3|[silent]
|
|-damage|p1a: Ultra Marine Blues|2/100|[from] item: Sticky Barb
|upkeep
|
|t:|1760722455
|switch|p2a: Skeledirge|Skeledirge, F|98/100
|turn|29
|
|t:|1760722462
|switch|p2a: Iron Valiant|Iron Valiant|100/100
|move|p1a: Ultra Marine Blues|Knock Off|p2a: Iron Valiant
|-resisted|p2a: Iron Valiant
|-damage|p2a: Iron Valiant|89/100
|-enditem|p2a: Iron Valiant|Choice Scarf|[from] move: Knock Off|[of] p1a: Ultra Marine Blues
|
|-damage|p1a: Ultra Marine Blues|0 fnt|[from] item: Sticky Barb
|faint|p1a: Ultra Marine Blues
|upkeep
|
|t:|1760722467
|switch|p1a: Spiral Blast|Enamorus, F|58/100
|turn|30
|c|☆PenguinMLSJ|NO!
|
|t:|1760722486
|-end|p2a: Iron Valiant|Quark Drive|[silent]
|switch|p2a: Skeledirge|Skeledirge, F|98/100
|move|p1a: Spiral Blast|Moonblast|p2a: Skeledirge
|-resisted|p2a: Skeledirge
|-crit|p2a: Skeledirge
|-damage|p2a: Skeledirge|54/100
|-unboost|p2a: Skeledirge|spa|1
|
|upkeep
|turn|31
|
|t:|1760722489
|switch|p1a: Tokyo Times Ten|Ting-Lu|100/100
|-ability|p1a: Tokyo Times Ten|Vessel of Ruin
|move|p2a: Skeledirge|Slack Off|p2a: Skeledirge
|-heal|p2a: Skeledirge|100/100
|
|upkeep
|turn|32
|
|t:|1760722492
|move|p2a: Skeledirge|Will-O-Wisp|p1a: Tokyo Times Ten
|-status|p1a: Tokyo Times Ten|brn
|move|p1a: Tokyo Times Ten|Earthquake|p2a: Skeledirge
|-supereffective|p2a: Skeledirge
|-damage|p2a: Skeledirge|76/100
|
|-damage|p1a: Tokyo Times Ten|94/100 brn|[from] brn
|upkeep
|turn|33
|
|t:|1760722502
|move|p2a: Skeledirge|Torch Song|p1a: Tokyo Times Ten
|-damage|p1a: Tokyo Times Ten|85/100 brn
|-boost|p2a: Skeledirge|spa|1
|move|p1a: Tokyo Times Ten|Stealth Rock|p2a: Skeledirge
|-sidestart|p2: PenguinMLSJ|move: Stealth Rock
|
|-heal|p1a: Tokyo Times Ten|91/100 brn|[from] item: Leftovers
|-damage|p1a: Tokyo Times Ten|85/100 brn|[from] brn
|upkeep
|turn|34
|
|t:|1760722508
|move|p2a: Skeledirge|Torch Song|p1a: Tokyo Times Ten
|-damage|p1a: Tokyo Times Ten|72/100 brn
|-boost|p2a: Skeledirge|spa|1
|move|p1a: Tokyo Times Ten|Whirlwind|p2a: Skeledirge
|drag|p2a: Iron Valiant|Iron Valiant|89/100
|-damage|p2a: Iron Valiant|83/100|[from] Stealth Rock
|
|-heal|p1a: Tokyo Times Ten|79/100 brn|[from] item: Leftovers
|-damage|p1a: Tokyo Times Ten|72/100 brn|[from] brn
|upkeep
|turn|35
|
|t:|1760722525
|move|p2a: Iron Valiant|Trick|p1a: Tokyo Times Ten
|-activate|p2a: Iron Valiant|move: Trick|[of] p1a: Tokyo Times Ten
|-enditem|p1a: Tokyo Times Ten|Leftovers|[silent]|[from] move: Trick
|-item|p2a: Iron Valiant|Leftovers|[from] move: Trick
|move|p1a: Tokyo Times Ten|Ruination|p2a: Iron Valiant
|-damage|p2a: Iron Valiant|42/100
|
|-heal|p2a: Iron Valiant|48/100|[from] item: Leftovers
|-damage|p1a: Tokyo Times Ten|66/100 brn|[from] brn
|upkeep
|turn|36
|
|t:|1760722534
|-end|p2a: Iron Valiant|Quark Drive|[silent]
|switch|p2a: Skeledirge|Skeledirge, F|76/100
|switch|p1a: Woodpecker No. 1|Corviknight, F|93/100
|-ability|p1a: Woodpecker No. 1|Pressure
|
|upkeep
|turn|37
|
|t:|1760722538
|switch|p1a: Tokyo Times Ten|Ting-Lu|66/100 brn
|-ability|p1a: Tokyo Times Ten|Vessel of Ruin
|move|p2a: Skeledirge|Torch Song|p1a: Tokyo Times Ten
|-damage|p1a: Tokyo Times Ten|53/100 brn
|-boost|p2a: Skeledirge|spa|1
|
|-damage|p1a: Tokyo Times Ten|47/100 brn|[from] brn
|upkeep
|turn|38
|
|t:|1760722545
|move|p2a: Skeledirge|Alluring Voice|p1a: Tokyo Times Ten
|-supereffective|p1a: Tokyo Times Ten
|-damage|p1a: Tokyo Times Ten|22/100 brn
|move|p1a: Tokyo Times Ten|Whirlwind|p2a: Skeledirge
|drag|p2a: Iron Valiant|Iron Valiant|48/100
|-damage|p2a: Iron Valiant|42/100|[from] Stealth Rock
|
|-heal|p2a: Iron Valiant|48/100|[from] item: Leftovers
|-damage|p1a: Tokyo Times Ten|15/100 brn|[from] brn
|upkeep
|turn|39
|
|t:|1760722551
|move|p2a: Iron Valiant|Moonblast|p1a: Tokyo Times Ten
|-supereffective|p1a: Tokyo Times Ten
|-damage|p1a: Tokyo Times Ten|0 fnt
|faint|p1a: Tokyo Times Ten
|
|-heal|p2a: Iron Valiant|54/100|[from] item: Leftovers
|upkeep
|
|t:|1760722553
|switch|p1a: Spiral Blast|Enamorus, F|58/100
|turn|40
|
|t:|1760722563
|move|p1a: Spiral Blast|Earth Power|p2a: Iron Valiant
|-damage|p2a: Iron Valiant|0 fnt
|faint|p2a: Iron Valiant
|-end|p2a: Iron Valiant|Quark Drive|[silent]
|
|upkeep
|c|☆PenguinMLSJ|ggs
|
|t:|1760722567
|switch|p2a: Skeledirge|Skeledirge, F|76/100
|turn|41
|c|☆Down$hift|gg
|
|t:|1760722570
|move|p1a: Spiral Blast|Earth Power|p2a: Skeledirge
|-supereffective|p2a: Skeledirge
|-damage|p2a: Skeledirge|9/100
|move|p2a: Skeledirge|Torch Song|p1a: Spiral Blast
|-damage|p1a: Spiral Blast|17/100
|-boost|p2a: Skeledirge|spa|1
|
|upkeep
|turn|42
|
|t:|1760722573
|move|p1a: Spiral Blast|Earth Power|p2a: Skeledirge
|-supereffective|p2a: Skeledirge
|-damage|p2a: Skeledirge|0 fnt
|faint|p2a: Skeledirge
|
|win|Down$hift
|raw|Down$hift's rating: 1643 &rarr; <strong>1660</strong><br />(+17 for winning)
|raw|PenguinMLSJ's rating: 1583 &rarr; <strong>1566</strong><br />(-17 for losing)
|l|☆PenguinMLSJ
|player|p2|
|l|☆Down$hift
|player|p1|
