|j|‽Avalonkr11
|j|☆jayjoe100
|t:|1760833211
|gametype|singles
|player|p1|Avalonkr11|1|1117
|player|p2|jayjoe100|102|1167
|gen|9
|tier|[Gen 9] OU
|rated|
|rule|HP Percentage Mod: HP is shown in percentages
|rule|Endless Battle Clause: Forcing endless battles is banned
|rule|Species Clause: Limit one of each Pokémon
|rule|OHKO Clause: OHKO moves are banned
|rule|Evasion Items Clause: Evasion items are banned
|rule|Evasion Moves Clause: Evasion moves are banned
|rule|Evasion Abilities Clause: Evasion abilities are banned
|rule|Sleep Moves Clause: Sleep-inducing moves are banned
|clearpoke
|poke|p1|Polteageist|
|poke|p1|Lycanroc, F|
|poke|p1|Greninja-*, M|
|poke|p1|Enamorus, F|
|poke|p1|Porygon2|
|poke|p1|Rillaboom, F|
|poke|p2|Keldeo-Resolute|
|poke|p2|Dragapult, M|
|poke|p2|Slowking-Galar, F|
|poke|p2|Kingambit, M|
|poke|p2|Zapdos|
|poke|p2|Great Tusk|
|teampreview
|inactive|Battle timer is ON: inactive players will automatically lose when time's up. (requested by Avalonkr11)
|
|t:|1760833217
|teamsize|p1|6
|teamsize|p2|6
|start
|switch|p1a: Lycanroc|Lycanroc, F|100/100
|switch|p2a: Dragpult|Dragapult, M|100/100
|turn|1
|
|t:|1760833224
|move|p2a: Dragpult|U-turn|p1a: Lycanroc
|-damage|p1a: Lycanroc|42/100
|
|t:|1760833231
|switch|p2a: Great Tusk|Great Tusk|100/100|[from] U-turn
|-enditem|p2a: Great Tusk|Booster Energy
|-activate|p2a: Great Tusk|ability: Protosynthesis|[fromitem]
|-start|p2a: Great Tusk|protosynthesisatk
|move|p1a: Lycanroc|Stealth Rock|p2a: Great Tusk
|-sidestart|p2: jayjoe100|move: Stealth Rock
|
|upkeep
|turn|2
|
|t:|1760833245
|move|p1a: Lycanroc|Endeavor|p2a: Great Tusk
|-damage|p2a: Great Tusk|33/100
|move|p2a: Great Tusk|Stealth Rock|p1a: Lycanroc
|-sidestart|p1: Avalonkr11|move: Stealth Rock
|
|upkeep
|turn|3
|
|t:|1760833260
|move|p1a: Lycanroc|Close Combat|p2a: Great Tusk
|-damage|p2a: Great Tusk|1/100
|-unboost|p1a: Lycanroc|def|1
|-unboost|p1a: Lycanroc|spd|1
|move|p2a: Great Tusk|Headlong Rush|p1a: Lycanroc
|-supereffective|p1a: Lycanroc
|-damage|p1a: Lycanroc|0 fnt
|-unboost|p2a: Great Tusk|def|1
|-unboost|p2a: Great Tusk|spd|1
|faint|p1a: Lycanroc
|
|upkeep
|
|t:|1760833272
|switch|p1a: Greninja|Greninja, M|100/100
|-damage|p1a: Greninja|88/100|[from] Stealth Rock
|turn|4
|
|t:|1760833279
|-end|p2a: Great Tusk|Protosynthesis|[silent]
|switch|p2a: Slow king|Slowking-Galar, F|100/100
|-damage|p2a: Slow king|88/100|[from] Stealth Rock
|move|p1a: Greninja|Surf|p2a: Slow king
|-start|p1a: Greninja|typechange|Water|[from] ability: Protean
|-damage|p2a: Slow king|58/100
|-damage|p1a: Greninja|78/100|[from] item: Life Orb
|
|-heal|p2a: Slow king|64/100|[from] item: Black Sludge
|upkeep
|turn|5
|
|t:|1760833307
|switch|p2a: Zapds|Zapdos|100/100
|move|p1a: Greninja|Dark Pulse|p2a: Zapds
|-crit|p2a: Zapds
|-damage|p2a: Zapds|53/100
|-damage|p1a: Greninja|69/100|[from] item: Life Orb
|
|upkeep
|turn|6
|inactive|Avalonkr11 has 120 seconds left.
|inactive|Avalonkr11 has 90 seconds left.
|inactive|Avalonkr11 has 60 seconds left.
|inactive|Avalonkr11 has 30 seconds left.
|
|t:|1760833430
|move|p1a: Greninja|Ice Beam|p2a: Zapds
|-supereffective|p2a: Zapds
|-damage|p2a: Zapds|0 fnt
|faint|p2a: Zapds
|-damage|p1a: Greninja|59/100|[from] item: Life Orb
|
|upkeep
|
|t:|1760833442
|switch|p2a: Dragpult|Dragapult, M|100/100
|-damage|p2a: Dragpult|88/100|[from] Stealth Rock
|turn|7
|inactive|jayjoe100 has 120 seconds left.
|
|t:|1760833462
|move|p2a: Dragpult|U-turn|p1a: Greninja
|-damage|p1a: Greninja|0 fnt
|faint|p1a: Greninja
|inactive|jayjoe100 has 120 seconds left.
|
|t:|1760833479
|switch|p2a: King Gambit|Kingambit, M|100/100|[from] U-turn
|-damage|p2a: King Gambit|94/100|[from] Stealth Rock
|-activate|p2a: King Gambit|ability: Supreme Overlord
|-start|p2a: King Gambit|fallen1|[silent]
|
|-heal|p2a: King Gambit|100/100|[from] item: Leftovers
|upkeep
|
|t:|1760833494
|switch|p1a: Rillaboom|Rillaboom, F|100/100
|-damage|p1a: Rillaboom|88/100|[from] Stealth Rock
|-fieldstart|move: Grassy Terrain|[from] ability: Grassy Surge|[of] p1a: Rillaboom
|turn|8
|inactive|jayjoe100 has 120 seconds left.
|
|t:|1760833502
|-end|p2a: King Gambit|fallen1|[silent]
|switch|p2a: Slow king|Slowking-Galar, F|98/100
|-damage|p2a: Slow king|85/100|[from] Stealth Rock
|move|p1a: Rillaboom|High Horsepower|p2a: Slow king
|-supereffective|p2a: Slow king
|-damage|p2a: Slow king|11/100
|
|-heal|p1a: Rillaboom|94/100|[from] Grassy Terrain
|-heal|p2a: Slow king|17/100|[from] Grassy Terrain
|-heal|p2a: Slow king|23/100|[from] item: Black Sludge
|upkeep
|turn|9
|
|t:|1760833512
|move|p1a: Rillaboom|High Horsepower|p2a: Slow king
|-supereffective|p2a: Slow king
|-damage|p2a: Slow king|0 fnt
|faint|p2a: Slow king
|
|-heal|p1a: Rillaboom|100/100|[from] Grassy Terrain
|upkeep
|
|t:|1760833515
|switch|p2a: Dragpult|Dragapult, M|88/100
|-damage|p2a: Dragpult|76/100|[from] Stealth Rock
|turn|10
|inactive|Avalonkr11 has 60 seconds left.
|
|t:|1760833530
|switch|p1a: Enamorus|Enamorus, F|100/100
|move|p2a: Dragpult|U-turn|p1a: Enamorus
|-resisted|p1a: Enamorus
|-crit|p1a: Enamorus
|-damage|p1a: Enamorus|80/100
|
|t:|1760833535
|switch|p2a: King Gambit|Kingambit, M|100/100|[from] U-turn
|-damage|p2a: King Gambit|94/100|[from] Stealth Rock
|-activate|p2a: King Gambit|ability: Supreme Overlord
|-start|p2a: King Gambit|fallen2|[silent]
|
|-heal|p2a: King Gambit|100/100|[from] Grassy Terrain
|upkeep
|turn|11
|inactive|Avalonkr11 has 60 seconds left.
|
|t:|1760833545
|-terastallize|p1a: Enamorus|Steel
|move|p1a: Enamorus|Calm Mind|p1a: Enamorus
|-boost|p1a: Enamorus|spa|1
|-boost|p1a: Enamorus|spd|1
|move|p2a: King Gambit|Iron Head|p1a: Enamorus
|-resisted|p1a: Enamorus
|-damage|p1a: Enamorus|37/100
|-start|p2a: King Gambit|Attract|[from] ability: Cute Charm|[of] p1a: Enamorus
|
|-heal|p1a: Enamorus|43/100|[from] Grassy Terrain
|upkeep
|turn|12
|
|t:|1760833555
|move|p1a: Enamorus|Mystical Fire|p2a: King Gambit
|-supereffective|p2a: King Gambit
|-damage|p2a: King Gambit|14/100
|-unboost|p2a: King Gambit|spa|1
|-activate|p2a: King Gambit|move: Attract|[of] p1a: Enamorus
|move|p2a: King Gambit|Kowtow Cleave|p1a: Enamorus
|-damage|p1a: Enamorus|0 fnt
|faint|p1a: Enamorus
|-end|p2a: King Gambit|Attract|[silent]
|
|-heal|p2a: King Gambit|20/100|[from] Grassy Terrain
|-heal|p2a: King Gambit|26/100|[from] item: Leftovers
|-fieldend|move: Grassy Terrain
|upkeep
|inactive|Avalonkr11 has 60 seconds left.
|
|t:|1760833570
|switch|p1a: Rillaboom|Rillaboom, F|100/100
|-damage|p1a: Rillaboom|88/100|[from] Stealth Rock
|-fieldstart|move: Grassy Terrain|[from] ability: Grassy Surge|[of] p1a: Rillaboom
|turn|13
|
|t:|1760833576
|move|p2a: King Gambit|Sucker Punch|p1a: Rillaboom
|-damage|p1a: Rillaboom|38/100
|move|p1a: Rillaboom|High Horsepower|p2a: King Gambit
|-supereffective|p2a: King Gambit
|-damage|p2a: King Gambit|0 fnt
|faint|p2a: King Gambit
|-end|p2a: King Gambit|fallen2|[silent]
|
|-heal|p1a: Rillaboom|45/100|[from] Grassy Terrain
|upkeep
|
|t:|1760833580
|switch|p2a: Dragpult|Dragapult, M|76/100
|-damage|p2a: Dragpult|64/100|[from] Stealth Rock
|turn|14
|
|t:|1760833602
|move|p1a: Rillaboom|Grassy Glide|p2a: Dragpult
|-resisted|p2a: Dragpult
|-crit|p2a: Dragpult
|-damage|p2a: Dragpult|25/100
|move|p2a: Dragpult|Dragon Darts|p1a: Rillaboom
|-damage|p1a: Rillaboom|13/100
|-anim|p2a: Dragpult|Dragon Darts|p1a: Rillaboom
|-crit|p1a: Rillaboom
|-damage|p1a: Rillaboom|0 fnt
|faint|p1a: Rillaboom
|
|-heal|p2a: Dragpult|31/100|[from] Grassy Terrain
|upkeep
|
|t:|1760833617
|switch|p1a: Porygon2|Porygon2|100/100
|-damage|p1a: Porygon2|88/100|[from] Stealth Rock
|-ability|p1a: Porygon2|Download|boost
|-boost|p1a: Porygon2|atk|1
|turn|15
|
|t:|1760833625
|move|p2a: Dragpult|Dragon Darts|p1a: Porygon2
|-damage|p1a: Porygon2|64/100
|-anim|p2a: Dragpult|Dragon Darts|p1a: Porygon2
|-damage|p1a: Porygon2|39/100
|move|p1a: Porygon2|Trick Room|p1a: Porygon2
|-fieldstart|move: Trick Room|[of] p1a: Porygon2
|
|-heal|p1a: Porygon2|45/100|[from] Grassy Terrain
|-heal|p2a: Dragpult|37/100|[from] Grassy Terrain
|upkeep
|turn|16
|
|t:|1760833634
|move|p1a: Porygon2|Ice Beam|p2a: Dragpult
|-supereffective|p2a: Dragpult
|-damage|p2a: Dragpult|0 fnt
|faint|p2a: Dragpult
|
|-heal|p1a: Porygon2|51/100|[from] Grassy Terrain
|upkeep
|
|t:|1760833636
|switch|p2a: Keldo|Keldeo-Resolute|100/100
|-damage|p2a: Keldo|94/100|[from] Stealth Rock
|turn|17
|inactive|Avalonkr11 has 90 seconds left.
|
|t:|1760833644
|move|p1a: Porygon2|Thunder Wave|p2a: Keldo
|-status|p2a: Keldo|par
|cant|p2a: Keldo|par
|
|-heal|p1a: Porygon2|57/100|[from] Grassy Terrain
|-heal|p2a: Keldo|100/100 par|[from] Grassy Terrain
|-fieldend|move: Grassy Terrain
|upkeep
|turn|18
|
|t:|1760833652
|move|p1a: Porygon2|Recover|p1a: Porygon2
|-heal|p1a: Porygon2|100/100
|move|p2a: Keldo|Secret Sword|p1a: Porygon2
|-supereffective|p1a: Porygon2
|-damage|p1a: Porygon2|51/100
|
|upkeep
|turn|19
|
|t:|1760833659
|move|p1a: Porygon2|Recover|p1a: Porygon2
|-heal|p1a: Porygon2|100/100
|move|p2a: Keldo|Calm Mind|p2a: Keldo
|-boost|p2a: Keldo|spa|1
|-boost|p2a: Keldo|spd|1
|
|-fieldend|move: Trick Room
|upkeep
|turn|20
|
|t:|1760833669
|switch|p1a: Polteageist|Polteageist|100/100
|-damage|p1a: Polteageist|88/100|[from] Stealth Rock
|move|p2a: Keldo|Secret Sword|p1a: Polteageist
|-immune|p1a: Polteageist
|
|upkeep
|turn|21
|
|t:|1760833678
|move|p1a: Polteageist|Shell Smash|p1a: Polteageist
|-unboost|p1a: Polteageist|def|1
|-unboost|p1a: Polteageist|spd|1
|-boost|p1a: Polteageist|atk|2
|-boost|p1a: Polteageist|spa|2
|-boost|p1a: Polteageist|spe|2
|-enditem|p1a: Polteageist|White Herb
|-clearnegativeboost|p1a: Polteageist|[silent]
|cant|p2a: Keldo|par
|
|upkeep
|turn|22
|
|t:|1760833689
|move|p1a: Polteageist|Stored Power|p2a: Keldo
|-supereffective|p2a: Keldo
|-damage|p2a: Keldo|0 fnt
|faint|p2a: Keldo
|
|upkeep
|
|t:|1760833691
|switch|p2a: Great Tusk|Great Tusk|1/100
|-damage|p2a: Great Tusk|0 fnt|[from] Stealth Rock
|faint|p2a: Great Tusk
|-end|p2a: Great Tusk|Protosynthesis|[silent]
|
|win|Avalonkr11
|raw|Avalonkr11's rating: 1117 &rarr; <strong>1146</strong><br />(+29 for winning)
|raw|jayjoe100's rating: 1167 &rarr; <strong>1138</strong><br />(-29 for losing)
|l|☆jayjoe100
|player|p2|
|l|‽Avalonkr11
|player|p1|
