|j|☆CyborgParrot127
|j|‽solascriptura1521
|t:|1760881346
|gametype|singles
|player|p1|CyborgParrot127|266|1673
|player|p2|solascriptura1521|266|1675
|gen|9
|tier|[Gen 9] OU
|rated|
|rule|HP Percentage Mod: HP is shown in percentages
|rule|Endless Battle Clause: Forcing endless battles is banned
|rule|Species Clause: Limit one of each Pokémon
|rule|OHKO Clause: OHKO moves are banned
|rule|Evasion Items Clause: Evasion items are banned
|rule|Evasion Moves Clause: Evasion moves are banned
|rule|Evasion Abilities Clause: Evasion abilities are banned
|rule|Sleep Moves Clause: Sleep-inducing moves are banned
|clearpoke
|poke|p1|Weavile, M|
|poke|p1|Raging Bolt|
|poke|p1|Landorus-Therian, M|
|poke|p1|Great Tusk|
|poke|p1|Pecharunt|
|poke|p1|Moltres|
|poke|p2|Torkoal, M|
|poke|p2|Walking Wake|
|poke|p2|Raging Bolt|
|poke|p2|Kingambit, F|
|poke|p2|Great Tusk|
|poke|p2|Hatterene, F|
|teampreview
|
|t:|1760881359
|teamsize|p1|6
|teamsize|p2|6
|start
|switch|p1a: Raging Bolt|Raging Bolt|100/100
|switch|p2a: Hatterene|Hatterene, F|100/100
|turn|1
|
|t:|1760881363
|move|p1a: Raging Bolt|Volt Switch|p2a: Hatterene
|-damage|p2a: Hatterene|31/100
|
|t:|1760881368
|-end|p1a: Raging Bolt|Protosynthesis|[silent]
|switch|p1a: Landorus|Landorus-Therian, M|100/100|[from] Volt Switch
|-ability|p1a: Landorus|Intimidate|boost
|-unboost|p2a: Hatterene|atk|1
|move|p2a: Hatterene|Calm Mind|p2a: Hatterene
|-boost|p2a: Hatterene|spa|1
|-boost|p2a: Hatterene|spd|1
|
|-heal|p2a: Hatterene|37/100|[from] item: Leftovers
|upkeep
|turn|2
|
|t:|1760881374
|move|p1a: Landorus|Earthquake|p2a: Hatterene
|-damage|p2a: Hatterene|0 fnt
|faint|p2a: Hatterene
|
|upkeep
|
|t:|1760881378
|switch|p2a: Walking Wake|Walking Wake|100/100
|turn|3
|
|t:|1760881388
|move|p1a: Landorus|Earthquake|p2a: Walking Wake
|-damage|p2a: Walking Wake|38/100
|move|p2a: Walking Wake|Draco Meteor|p1a: Landorus
|-damage|p1a: Landorus|0 fnt
|-unboost|p2a: Walking Wake|spa|2
|faint|p1a: Landorus
|
|upkeep
|
|t:|1760881395
|switch|p1a: Pecharunt|Pecharunt|100/100
|turn|4
|
|t:|1760881402
|-end|p2a: Walking Wake|Protosynthesis|[silent]
|switch|p2a: Kingambit|Kingambit, F|100/100
|-activate|p2a: Kingambit|ability: Supreme Overlord
|-start|p2a: Kingambit|fallen1|[silent]
|move|p1a: Pecharunt|Parting Shot|p2a: Kingambit
|-unboost|p2a: Kingambit|atk|1
|-unboost|p2a: Kingambit|spa|1
|
|t:|1760881412
|switch|p1a: Great Tusk|Great Tusk|100/100|[from] Parting Shot
|
|upkeep
|turn|5
|
|t:|1760881422
|-end|p2a: Kingambit|fallen1|[silent]
|switch|p2a: Torkoal|Torkoal, M|100/100
|-weather|SunnyDay|[from] ability: Drought|[of] p2a: Torkoal
|-activate|p1a: Great Tusk|ability: Protosynthesis
|-start|p1a: Great Tusk|protosynthesisatk
|move|p1a: Great Tusk|Headlong Rush|p2a: Torkoal
|-supereffective|p2a: Torkoal
|-damage|p2a: Torkoal|0 fnt
|-unboost|p1a: Great Tusk|def|1
|-unboost|p1a: Great Tusk|spd|1
|faint|p2a: Torkoal
|
|-weather|SunnyDay|[upkeep]
|upkeep
|
|t:|1760881428
|switch|p2a: Walking Wake|Walking Wake|38/100
|-activate|p2a: Walking Wake|ability: Protosynthesis
|-start|p2a: Walking Wake|protosynthesisspa
|turn|6
|
|t:|1760881438
|-end|p1a: Great Tusk|Protosynthesis|[silent]
|switch|p1a: Raging Bolt|Raging Bolt|100/100
|-activate|p1a: Raging Bolt|ability: Protosynthesis
|-start|p1a: Raging Bolt|protosynthesisspa
|move|p2a: Walking Wake|Hydro Steam|p1a: Raging Bolt
|-resisted|p1a: Raging Bolt
|-damage|p1a: Raging Bolt|48/100
|
|-weather|SunnyDay|[upkeep]
|upkeep
|turn|7
|
|t:|1760881444
|-end|p2a: Walking Wake|Protosynthesis|[silent]
|switch|p2a: Great Tusk|Great Tusk|100/100
|-activate|p2a: Great Tusk|ability: Protosynthesis
|-start|p2a: Great Tusk|protosynthesisatk
|move|p1a: Raging Bolt|Thunderclap||[still]
|-fail|p1a: Raging Bolt
|
|-weather|SunnyDay|[upkeep]
|upkeep
|turn|8
|
|t:|1760881448
|-end|p2a: Great Tusk|Protosynthesis|[silent]
|switch|p2a: Walking Wake|Walking Wake|38/100
|-activate|p2a: Walking Wake|ability: Protosynthesis
|-start|p2a: Walking Wake|protosynthesisspa
|-end|p1a: Raging Bolt|Protosynthesis|[silent]
|switch|p1a: Moltres|Moltres|100/100
|
|-weather|SunnyDay|[upkeep]
|upkeep
|turn|9
|
|t:|1760881490
|switch|p1a: Pecharunt|Pecharunt|100/100
|move|p2a: Walking Wake|Hydro Steam|p1a: Pecharunt
|-damage|p1a: Pecharunt|0 fnt
|faint|p1a: Pecharunt
|
|-weather|SunnyDay|[upkeep]
|upkeep
|
|t:|1760881492
|switch|p1a: Raging Bolt|Raging Bolt|48/100
|-activate|p1a: Raging Bolt|ability: Protosynthesis
|-start|p1a: Raging Bolt|protosynthesisspa
|turn|10
|
|t:|1760881502
|move|p1a: Raging Bolt|Thunderclap|p2a: Walking Wake
|-damage|p2a: Walking Wake|0 fnt
|faint|p2a: Walking Wake
|-end|p2a: Walking Wake|Protosynthesis|[silent]
|
|-weather|SunnyDay|[upkeep]
|upkeep
|
|t:|1760881505
|switch|p2a: Great Tusk|Great Tusk|100/100
|-activate|p2a: Great Tusk|ability: Protosynthesis
|-start|p2a: Great Tusk|protosynthesisatk
|turn|11
|
|t:|1760881509
|-end|p1a: Raging Bolt|Protosynthesis|[silent]
|switch|p1a: Moltres|Moltres|100/100
|move|p2a: Great Tusk|Close Combat|p1a: Moltres
|-resisted|p1a: Moltres
|-damage|p1a: Moltres|61/100
|-unboost|p2a: Great Tusk|def|1
|-unboost|p2a: Great Tusk|spd|1
|-status|p2a: Great Tusk|brn|[from] ability: Flame Body|[of] p1a: Moltres
|
|-weather|SunnyDay|[upkeep]
|-damage|p2a: Great Tusk|94/100 brn|[from] brn
|upkeep
|turn|12
|
|t:|1760881513
|-end|p2a: Great Tusk|Protosynthesis|[silent]
|switch|p2a: Raging Bolt|Raging Bolt|100/100
|-activate|p2a: Raging Bolt|ability: Protosynthesis
|-start|p2a: Raging Bolt|protosynthesisspa
|move|p1a: Moltres|U-turn|p2a: Raging Bolt
|-damage|p2a: Raging Bolt|89/100
|
|t:|1760881525
|switch|p1a: Great Tusk|Great Tusk|100/100|[from] U-turn
|-activate|p1a: Great Tusk|ability: Protosynthesis
|-start|p1a: Great Tusk|protosynthesisatk
|
|-weather|none
|-end|p1a: Great Tusk|Protosynthesis
|-end|p2a: Raging Bolt|Protosynthesis
|upkeep
|turn|13
|
|t:|1760881530
|-terastallize|p2a: Raging Bolt|Fairy
|move|p1a: Great Tusk|Headlong Rush|p2a: Raging Bolt
|-damage|p2a: Raging Bolt|42/100
|-unboost|p1a: Great Tusk|def|1
|-unboost|p1a: Great Tusk|spd|1
|move|p2a: Raging Bolt|Tera Blast|p1a: Great Tusk|[anim] Tera Blast Fairy
|-supereffective|p1a: Great Tusk
|-damage|p1a: Great Tusk|0 fnt
|faint|p1a: Great Tusk
|-end|p1a: Great Tusk|Protosynthesis|[silent]
|
|upkeep
|
|t:|1760881534
|switch|p1a: Raging Bolt|Raging Bolt|48/100
|turn|14
|
|t:|1760881548
|move|p1a: Raging Bolt|Volt Switch|p2a: Raging Bolt
|-damage|p2a: Raging Bolt|8/100
|
|t:|1760881551
|-end|p1a: Raging Bolt|Protosynthesis|[silent]
|switch|p1a: Moltres|Moltres|61/100|[from] Volt Switch
|move|p2a: Raging Bolt|Tera Blast|p1a: Moltres|[anim] Tera Blast Fairy
|-resisted|p1a: Moltres
|-damage|p1a: Moltres|44/100
|
|upkeep
|turn|15
|
|t:|1760881562
|switch|p1a: Raging Bolt|Raging Bolt|48/100
|move|p2a: Raging Bolt|Thunderbolt|p1a: Raging Bolt
|-resisted|p1a: Raging Bolt
|-damage|p1a: Raging Bolt|36/100
|
|upkeep
|turn|16
|
|t:|1760881569
|-end|p2a: Raging Bolt|Protosynthesis|[silent]
|switch|p2a: Great Tusk|Great Tusk|94/100 brn
|move|p1a: Raging Bolt|Thunderclap||[still]
|-fail|p1a: Raging Bolt
|
|-heal|p2a: Great Tusk|100/100 brn|[from] item: Leftovers
|-damage|p2a: Great Tusk|94/100 brn|[from] brn
|upkeep
|turn|17
|
|t:|1760881578
|-end|p2a: Great Tusk|Protosynthesis|[silent]
|switch|p2a: Raging Bolt|Raging Bolt, tera:Fairy|8/100
|-end|p1a: Raging Bolt|Protosynthesis|[silent]
|switch|p1a: Moltres|Moltres|44/100
|
|upkeep
|turn|18
|
|t:|1760881583
|move|p1a: Moltres|U-turn|p2a: Raging Bolt
|-resisted|p2a: Raging Bolt
|-damage|p2a: Raging Bolt|1/100
|
|t:|1760881592
|switch|p1a: Raging Bolt|Raging Bolt|36/100|[from] U-turn
|move|p2a: Raging Bolt|Draco Meteor|p1a: Raging Bolt
|-supereffective|p1a: Raging Bolt
|-damage|p1a: Raging Bolt|0 fnt
|-unboost|p2a: Raging Bolt|spa|2
|faint|p1a: Raging Bolt
|-end|p1a: Raging Bolt|Protosynthesis|[silent]
|
|upkeep
|
|t:|1760881594
|switch|p1a: Weavile|Weavile, M|100/100
|-ability|p1a: Weavile|Pressure
|turn|19
|
|t:|1760881602
|-end|p2a: Raging Bolt|Protosynthesis|[silent]
|switch|p2a: Great Tusk|Great Tusk|94/100 brn
|move|p1a: Weavile|Ice Shard|p2a: Great Tusk
|-supereffective|p2a: Great Tusk
|-damage|p2a: Great Tusk|66/100 brn
|
|-heal|p2a: Great Tusk|73/100 brn|[from] item: Leftovers
|-damage|p2a: Great Tusk|66/100 brn|[from] brn
|upkeep
|turn|20
|
|t:|1760881611
|move|p1a: Weavile|Triple Axel|p2a: Great Tusk
|-supereffective|p2a: Great Tusk
|-damage|p2a: Great Tusk|51/100 brn
|-supereffective|p2a: Great Tusk
|-damage|p2a: Great Tusk|21/100 brn
|-supereffective|p2a: Great Tusk
|-damage|p2a: Great Tusk|0 fnt
|faint|p2a: Great Tusk
|-end|p2a: Great Tusk|Protosynthesis|[silent]
|-hitcount|p2: Great Tusk|3
|
|upkeep
|
|t:|1760881617
|switch|p2a: Kingambit|Kingambit, F|100/100
|-activate|p2a: Kingambit|ability: Supreme Overlord
|-start|p2a: Kingambit|fallen4|[silent]
|turn|21
|
|t:|1760881621
|switch|p1a: Moltres|Moltres|44/100
|move|p2a: Kingambit|Swords Dance|p2a: Kingambit
|-boost|p2a: Kingambit|atk|2
|
|upkeep
|turn|22
|
|t:|1760881627
|move|p1a: Moltres|Roost|p1a: Moltres
|-heal|p1a: Moltres|94/100
|-singleturn|p1a: Moltres|move: Roost
|move|p2a: Kingambit|Kowtow Cleave|p1a: Moltres
|-damage|p1a: Moltres|0 fnt
|-status|p2a: Kingambit|brn|[from] ability: Flame Body|[of] p1a: Moltres
|faint|p1a: Moltres
|
|-damage|p2a: Kingambit|94/100 brn|[from] brn
|upkeep
|
|t:|1760881630
|switch|p1a: Weavile|Weavile, M|100/100
|-ability|p1a: Weavile|Pressure
|turn|23
|
|t:|1760881640
|move|p1a: Weavile|Swords Dance|p1a: Weavile
|-boost|p1a: Weavile|atk|2
|move|p2a: Kingambit|Iron Head|p1a: Weavile
|-supereffective|p1a: Weavile
|-damage|p1a: Weavile|0 fnt
|faint|p1a: Weavile
|
|win|solascriptura1521
|raw|CyborgParrot127's rating: 1673 &rarr; <strong>1653</strong><br />(-20 for losing)
|raw|solascriptura1521's rating: 1675 &rarr; <strong>1695</strong><br />(+20 for winning)
|l|☆CyborgParrot127
|player|p1|
|l|‽solascriptura1521
|player|p2|
