|j|☆Exatamer
|j|☆Kadeerkarim64
|t:|1760849596
|gametype|singles
|player|p1|Exatamer|170|1124
|player|p2|Kadeerkarim64|iris-gen5bw2|1118
|gen|9
|tier|[Gen 9] OU
|rated|
|rule|HP Percentage Mod: HP is shown in percentages
|rule|Endless Battle Clause: Forcing endless battles is banned
|rule|Species Clause: Limit one of each Pokémon
|rule|OHKO Clause: OHKO moves are banned
|rule|Evasion Items Clause: Evasion items are banned
|rule|Evasion Moves Clause: Evasion moves are banned
|rule|Evasion Abilities Clause: Evasion abilities are banned
|rule|Sleep Moves Clause: Sleep-inducing moves are banned
|clearpoke
|poke|p1|Ninetales-Alola, M|
|poke|p1|Sandslash-Alola, M|
|poke|p1|Slowking-Galar, M|
|poke|p1|Froslass, F|
|poke|p1|Hatterene, F|
|poke|p1|Cetitan, F|
|poke|p2|Galvantula, F|
|poke|p2|Cinderace, M|
|poke|p2|Goodra, M|
|poke|p2|Blastoise, F|
|poke|p2|Donphan, F|
|poke|p2|Primeape, M|
|teampreview
|
|t:|1760849627
|teamsize|p1|6
|teamsize|p2|6
|start
|switch|p1a: Slowking|Slowking-Galar, M|100/100
|switch|p2a: Cinderace|Cinderace, M|100/100
|turn|1
|
|t:|1760849641
|move|p2a: Cinderace|Sucker Punch|p1a: Slowking
|-start|p2a: Cinderace|typechange|Dark|[from] ability: Libero
|-supereffective|p1a: Slowking
|-damage|p1a: Slowking|27/100
|move|p1a: Slowking|Future Sight|p2a: Cinderace
|-start|p1a: Slowking|move: Future Sight
|
|-heal|p1a: Slowking|33/100|[from] item: Black Sludge
|upkeep
|turn|2
|
|t:|1760849660
|move|p2a: Cinderace|U-turn|p1a: Slowking
|-damage|p1a: Slowking|10/100
|
|t:|1760849674
|switch|p2a: Galvantula|Galvantula, F|100/100|[from] U-turn
|move|p1a: Slowking|Toxic|p2a: Galvantula
|-status|p2a: Galvantula|tox
|
|-heal|p1a: Slowking|16/100|[from] item: Black Sludge
|-damage|p2a: Galvantula|94/100 tox|[from] psn
|upkeep
|turn|3
|
|t:|1760849700
|move|p2a: Galvantula|Bug Buzz|p1a: Slowking
|-damage|p1a: Slowking|0 fnt
|faint|p1a: Slowking
|
|-end|p2a: Galvantula|move: Future Sight
|-damage|p2a: Galvantula|0 fnt
|faint|p2a: Galvantula
|upkeep
|
|t:|1760849718
|switch|p2a: Goodra|Goodra, M|100/100
|switch|p1a: Ninetales|Ninetales-Alola, M, shiny|100/100
|-weather|Snowscape|[from] ability: Snow Warning|[of] p1a: Ninetales
|turn|4
|
|t:|1760849728
|move|p1a: Ninetales|Aurora Veil|p1a: Ninetales
|-sidestart|p1: Exatamer|move: Aurora Veil
|move|p2a: Goodra|Acid Spray|p1a: Ninetales
|-supereffective|p1a: Ninetales
|-damage|p1a: Ninetales|84/100
|-unboost|p1a: Ninetales|spd|2
|
|-weather|Snowscape|[upkeep]
|upkeep
|turn|5
|
|t:|1760849756
|-terastallize|p2a: Goodra|Poison
|move|p1a: Ninetales|Blizzard|p2a: Goodra
|-damage|p2a: Goodra|69/100
|move|p2a: Goodra|Flamethrower|p1a: Ninetales
|-supereffective|p1a: Ninetales
|-damage|p1a: Ninetales|6/100
|
|-weather|Snowscape|[upkeep]
|-heal|p2a: Goodra|75/100|[from] item: Leftovers
|upkeep
|turn|6
|
|t:|1760849774
|switch|p1a: Hatterene|Hatterene, F|100/100
|switch|p2a: Cinderace|Cinderace, M|100/100
|
|-weather|Snowscape|[upkeep]
|upkeep
|turn|7
|
|t:|1760849784
|move|p2a: Cinderace|Court Change|p2a: Cinderace
|-start|p2a: Cinderace|typechange|Normal|[from] ability: Libero
|-swapsideconditions
|-activate|p2a: Cinderace|move: Court Change
|move|p1a: Hatterene|Draining Kiss|p2a: Cinderace
|-damage|p2a: Cinderace|81/100
|
|-weather|Snowscape|[upkeep]
|upkeep
|turn|8
|
|t:|1760849795
|move|p2a: Cinderace|Pyro Ball|p1a: Hatterene
|-damage|p1a: Hatterene|60/100
|move|p1a: Hatterene|Calm Mind|p1a: Hatterene
|-boost|p1a: Hatterene|spa|1
|-boost|p1a: Hatterene|spd|1
|
|-weather|none
|-heal|p1a: Hatterene|66/100|[from] item: Leftovers
|upkeep
|turn|9
|
|t:|1760849806
|move|p2a: Cinderace|U-turn|p1a: Hatterene
|-damage|p1a: Hatterene|41/100
|
|t:|1760849810
|switch|p2a: Primeape|Primeape, M|100/100|[from] U-turn
|move|p1a: Hatterene|Calm Mind|p1a: Hatterene
|-boost|p1a: Hatterene|spa|1
|-boost|p1a: Hatterene|spd|1
|
|-heal|p1a: Hatterene|47/100|[from] item: Leftovers
|upkeep
|turn|10
|
|t:|1760849821
|move|p2a: Primeape|Bulk Up|p2a: Primeape
|-boost|p2a: Primeape|atk|1
|-boost|p2a: Primeape|def|1
|move|p1a: Hatterene|Draining Kiss|p2a: Primeape
|-supereffective|p2a: Primeape
|-damage|p2a: Primeape|64/100
|-heal|p1a: Hatterene|75/100|[from] drain|[of] p2a: Primeape
|
|-heal|p1a: Hatterene|81/100|[from] item: Leftovers
|upkeep
|turn|11
|
|t:|1760849834
|move|p2a: Primeape|Rage Fist|p1a: Hatterene
|-supereffective|p1a: Hatterene
|-damage|p1a: Hatterene|0 fnt
|faint|p1a: Hatterene
|
|-sideend|p2: Kadeerkarim64|move: Aurora Veil
|upkeep
|
|t:|1760849842
|switch|p1a: Ninetales|Ninetales-Alola, M, shiny|6/100
|-weather|Snowscape|[from] ability: Snow Warning|[of] p1a: Ninetales
|turn|12
|
|t:|1760849851
|move|p1a: Ninetales|Dazzling Gleam|p2a: Primeape
|-supereffective|p2a: Primeape
|-damage|p2a: Primeape|24/100
|move|p2a: Primeape|Drain Punch|p1a: Ninetales
|-damage|p1a: Ninetales|0 fnt
|-heal|p2a: Primeape|27/100|[from] drain|[of] p1a: Ninetales
|faint|p1a: Ninetales
|
|-weather|Snowscape|[upkeep]
|upkeep
|
|t:|1760849861
|switch|p1a: Cetitan|Cetitan, F|100/100
|turn|13
|
|t:|1760849865
|move|p1a: Cetitan|Earthquake|p2a: Primeape
|-damage|p2a: Primeape|5/100
|move|p2a: Primeape|Taunt|p1a: Cetitan
|-start|p1a: Cetitan|move: Taunt
|
|-weather|Snowscape|[upkeep]
|upkeep
|turn|14
|
|t:|1760849875
|move|p1a: Cetitan|Knock Off|p2a: Primeape
|-resisted|p2a: Primeape
|-damage|p2a: Primeape|0 fnt
|-enditem|p2a: Primeape|Eviolite|[from] move: Knock Off|[of] p1a: Cetitan
|faint|p2a: Primeape
|
|-weather|Snowscape|[upkeep]
|upkeep
|
|t:|1760849904
|switch|p2a: Donphan|Donphan, F|100/100
|turn|15
|
|t:|1760849910
|move|p1a: Cetitan|Knock Off|p2a: Donphan
|-damage|p2a: Donphan|82/100
|-damage|p1a: Cetitan|84/100|[from] item: Rocky Helmet|[of] p2a: Donphan
|-enditem|p2a: Donphan|Rocky Helmet|[from] move: Knock Off|[of] p1a: Cetitan
|move|p2a: Donphan|Earthquake|p1a: Cetitan
|-damage|p1a: Cetitan|62/100
|
|-weather|Snowscape|[upkeep]
|upkeep
|turn|16
|
|t:|1760849929
|move|p1a: Cetitan|Ice Shard|p2a: Donphan
|-supereffective|p2a: Donphan
|-damage|p2a: Donphan|60/100
|move|p2a: Donphan|Stealth Rock|p1a: Cetitan
|-sidestart|p1: Exatamer|move: Stealth Rock
|
|-weather|none
|-end|p1a: Cetitan|move: Taunt
|upkeep
|turn|17
|
|t:|1760849938
|move|p1a: Cetitan|Ice Shard|p2a: Donphan
|-supereffective|p2a: Donphan
|-damage|p2a: Donphan|36/100
|move|p2a: Donphan|Earthquake|p1a: Cetitan
|-damage|p1a: Cetitan|26/100
|-enditem|p1a: Cetitan|Sitrus Berry|[eat]
|-heal|p1a: Cetitan|51/100|[from] item: Sitrus Berry
|
|upkeep
|turn|18
|
|t:|1760849951
|move|p1a: Cetitan|Ice Shard|p2a: Donphan
|-supereffective|p2a: Donphan
|-damage|p2a: Donphan|14/100
|move|p2a: Donphan|Earthquake|p1a: Cetitan
|-damage|p1a: Cetitan|15/100
|
|upkeep
|turn|19
|
|t:|1760849959
|move|p1a: Cetitan|Ice Shard|p2a: Donphan
|-supereffective|p2a: Donphan
|-damage|p2a: Donphan|0 fnt
|faint|p2a: Donphan
|
|upkeep
|
|t:|1760849978
|switch|p2a: Cinderace|Cinderace, M|81/100
|turn|20
|
|t:|1760849983
|move|p2a: Cinderace|U-turn|p1a: Cetitan
|-start|p2a: Cinderace|typechange|Bug|[from] ability: Libero
|-damage|p1a: Cetitan|0 fnt
|faint|p1a: Cetitan
|
|t:|1760849993
|switch|p2a: Goodra|Goodra, M, tera:Poison|75/100|[from] U-turn
|
|-heal|p2a: Goodra|82/100|[from] item: Leftovers
|upkeep
|
|t:|1760849998
|switch|p1a: Sandslash|Sandslash-Alola, M|100/100
|turn|21
|
|t:|1760850012
|move|p2a: Goodra|Flamethrower|p1a: Sandslash
|-supereffective|p1a: Sandslash
|-damage|p1a: Sandslash|0 fnt
|faint|p1a: Sandslash
|
|-heal|p2a: Goodra|88/100|[from] item: Leftovers
|upkeep
|
|t:|1760850024
|switch|p1a: Froslass|Froslass, F|100/100
|-damage|p1a: Froslass|76/100|[from] Stealth Rock
|turn|22
|
|t:|1760850033
|-terastallize|p1a: Froslass|Water
|move|p1a: Froslass|Shadow Ball|p2a: Goodra
|-damage|p2a: Goodra|67/100
|-unboost|p2a: Goodra|spd|1
|move|p2a: Goodra|Flamethrower|p1a: Froslass
|-resisted|p1a: Froslass
|-damage|p1a: Froslass|59/100
|
|-heal|p2a: Goodra|73/100|[from] item: Leftovers
|upkeep
|turn|23
|
|t:|1760850045
|move|p1a: Froslass|Shadow Ball|p2a: Goodra
|-damage|p2a: Goodra|43/100
|-unboost|p2a: Goodra|spd|1
|move|p2a: Goodra|Draco Meteor|p1a: Froslass
|-damage|p1a: Froslass|0 fnt
|-unboost|p2a: Goodra|spa|2
|-start|p2a: Goodra|Disable|Draco Meteor|[from] ability: Cursed Body|[of] p1a: Froslass
|faint|p1a: Froslass
|
|win|Kadeerkarim64
|raw|Exatamer's rating: 1124 &rarr; <strong>1099</strong><br />(-25 for losing)
|raw|Kadeerkarim64's rating: 1118 &rarr; <strong>1143</strong><br />(+25 for winning)
|l|☆Kadeerkarim64
|player|p2|
