|j|☆Churrini
|j|☆lzw00
|t:|1760771754
|gametype|singles
|player|p1|Churrini|brawly|1238
|player|p2|lzw00|cynthia|1172
|gen|9
|tier|[Gen 9] OU
|rated|
|rule|HP Percentage Mod: HP is shown in percentages
|rule|Endless Battle Clause: Forcing endless battles is banned
|rule|Species Clause: Limit one of each Pokémon
|rule|OHKO Clause: OHKO moves are banned
|rule|Evasion Items Clause: Evasion items are banned
|rule|Evasion Moves Clause: Evasion moves are banned
|rule|Evasion Abilities Clause: Evasion abilities are banned
|rule|Sleep Moves Clause: Sleep-inducing moves are banned
|clearpoke
|poke|p1|Conkeldurr, M|
|poke|p1|Hydrapple, M|
|poke|p1|Scizor, M|
|poke|p1|Cresselia, F|
|poke|p1|Dusclops, M|
|poke|p1|Hatterene, F|
|poke|p2|Regidrago|
|poke|p2|Moltres-Galar|
|poke|p2|Great Tusk|
|poke|p2|Ceruledge, F|
|poke|p2|Fezandipiti, M|
|poke|p2|Zapdos|
|teampreview
|
|t:|1760771760
|teamsize|p1|6
|teamsize|p2|6
|start
|switch|p1a: Cresselia|Cresselia, F|100/100
|switch|p2a: Regidrago|Regidrago|100/100
|turn|1
|inactive|Battle timer is ON: inactive players will automatically lose when time's up. (requested by Churrini)
|
|t:|1760771779
|switch|p2a: Zapdos|Zapdos|100/100
|move|p1a: Cresselia|Trick Room|p1a: Cresselia
|-fieldstart|move: Trick Room|[of] p1a: Cresselia
|
|upkeep
|turn|2
|
|t:|1760771786
|move|p1a: Cresselia|Ice Beam|p2a: Zapdos
|-supereffective|p2a: Zapdos
|-damage|p2a: Zapdos|67/100
|move|p2a: Zapdos|U-turn|p1a: Cresselia
|-supereffective|p1a: Cresselia
|-damage|p1a: Cresselia|87/100
|
|t:|1760771797
|switch|p2a: Fezandipiti|Fezandipiti, M|100/100|[from] U-turn
|
|upkeep
|turn|3
|
|t:|1760771808
|switch|p1a: Tenacillas|Scizor, M|100/100
|switch|p2a: Moltres|Moltres-Galar, shiny|100/100
|
|upkeep
|turn|4
|
|t:|1760771818
|switch|p1a: Cresselia|Cresselia, F|87/100
|-terastallize|p2a: Moltres|Fire
|move|p2a: Moltres|Tera Blast|p1a: Cresselia|[anim] Tera Blast Fire
|-damage|p1a: Cresselia|64/100
|
|upkeep
|turn|5
|
|t:|1760771835
|move|p1a: Cresselia|Moonlight|p1a: Cresselia
|-heal|p1a: Cresselia|100/100
|move|p2a: Moltres|Agility|p2a: Moltres
|-boost|p2a: Moltres|spe|2
|
|-fieldend|move: Trick Room
|upkeep
|turn|6
|
|t:|1760771842
|move|p2a: Moltres|Nasty Plot|p2a: Moltres
|-boost|p2a: Moltres|spa|2
|move|p1a: Cresselia|Trick Room|p1a: Cresselia
|-fieldstart|move: Trick Room|[of] p1a: Cresselia
|
|upkeep
|turn|7
|
|t:|1760771847
|move|p1a: Cresselia|Lunar Dance|p1a: Cresselia
|faint|p1a: Cresselia
|move|p2a: Moltres|Nasty Plot|p2a: Moltres
|-boost|p2a: Moltres|spa|2
|
|upkeep
|
|t:|1760771858
|switch|p1a: George Floyd|Dusclops, M|100/100
|-ability|p1a: George Floyd|Pressure
|turn|8
|
|t:|1760771861
|move|p1a: George Floyd|Haze|p1a: George Floyd
|-clearallboost
|move|p2a: Moltres|Fiery Wrath|p1a: George Floyd
|-supereffective|p1a: George Floyd
|-damage|p1a: George Floyd|60/100
|
|upkeep
|turn|9
|
|t:|1760771869
|move|p1a: George Floyd|Night Shade|p2a: Moltres
|-damage|p2a: Moltres|69/100
|move|p2a: Moltres|Fiery Wrath|p1a: George Floyd
|-supereffective|p1a: George Floyd
|-damage|p1a: George Floyd|17/100
|
|upkeep
|turn|10
|
|t:|1760771880
|move|p1a: George Floyd|Night Shade|p2a: Moltres
|-damage|p2a: Moltres|38/100
|-ability|p2a: Moltres|Berserk|boost
|-boost|p2a: Moltres|spa|1
|-enditem|p2a: Moltres|Sitrus Berry|[eat]
|-heal|p2a: Moltres|63/100|[from] item: Sitrus Berry
|move|p2a: Moltres|Agility|p2a: Moltres
|-boost|p2a: Moltres|spe|2
|
|-fieldend|move: Trick Room
|upkeep
|turn|11
|
|t:|1760771888
|move|p2a: Moltres|Fiery Wrath|p1a: George Floyd
|-supereffective|p1a: George Floyd
|-damage|p1a: George Floyd|0 fnt
|faint|p1a: George Floyd
|
|upkeep
|
|t:|1760771896
|switch|p1a: Hércules|Conkeldurr, M|100/100
|turn|12
|
|t:|1760771903
|move|p2a: Moltres|Tera Blast|p1a: Hércules|[anim] Tera Blast Fire
|-damage|p1a: Hércules|42/100
|move|p1a: Hércules|Drain Punch|p2a: Moltres
|-damage|p2a: Moltres|9/100
|-heal|p1a: Hércules|63/100|[from] drain|[of] p2a: Moltres
|-ability|p2a: Moltres|Berserk|boost
|-boost|p2a: Moltres|spa|1
|
|-heal|p1a: Hércules|70/100|[from] item: Leftovers
|upkeep
|turn|13
|
|t:|1760771915
|move|p1a: Hércules|Mach Punch|p2a: Moltres
|-damage|p2a: Moltres|0 fnt
|faint|p2a: Moltres
|
|-heal|p1a: Hércules|76/100|[from] item: Leftovers
|upkeep
|
|t:|1760771919
|switch|p2a: Ceruledge|Ceruledge, F|100/100
|turn|14
|
|t:|1760771924
|move|p2a: Ceruledge|Swords Dance|p2a: Ceruledge
|-boost|p2a: Ceruledge|atk|2
|move|p1a: Hércules|Knock Off|p2a: Ceruledge
|-supereffective|p2a: Ceruledge
|-enditem|p2a: Ceruledge|Focus Sash
|-damage|p2a: Ceruledge|1/100
|-ability|p2a: Ceruledge|Weak Armor|boost
|-unboost|p2a: Ceruledge|def|1
|-boost|p2a: Ceruledge|spe|2
|
|-heal|p1a: Hércules|82/100|[from] item: Leftovers
|upkeep
|turn|15
|
|t:|1760771931
|move|p2a: Ceruledge|Poltergeist|p1a: Hércules
|-activate|p1a: Hércules|move: Poltergeist|Leftovers
|-damage|p1a: Hércules|0 fnt
|faint|p1a: Hércules
|
|upkeep
|
|t:|1760771936
|switch|p1a: Tenacillas|Scizor, M|100/100
|turn|16
|
|t:|1760771941
|move|p2a: Ceruledge|Shadow Sneak|p1a: Tenacillas
|-damage|p1a: Tenacillas|59/100
|move|p1a: Tenacillas|Bullet Punch|p2a: Ceruledge
|-resisted|p2a: Ceruledge
|-damage|p2a: Ceruledge|0 fnt
|faint|p2a: Ceruledge
|-damage|p1a: Tenacillas|49/100|[from] item: Life Orb
|
|upkeep
|
|t:|1760771951
|switch|p2a: Regidrago|Regidrago|100/100
|turn|17
|
|t:|1760771956
|move|p1a: Tenacillas|Bullet Punch|p2a: Regidrago
|-damage|p2a: Regidrago|52/100
|-damage|p1a: Tenacillas|39/100|[from] item: Life Orb
|move|p2a: Regidrago|Earth Power|p1a: Tenacillas
|-damage|p1a: Tenacillas|7/100
|-unboost|p1a: Tenacillas|spd|1
|
|upkeep
|turn|18
|
|t:|1760771968
|move|p1a: Tenacillas|Bullet Punch|p2a: Regidrago
|-damage|p2a: Regidrago|1/100
|-damage|p1a: Tenacillas|0 fnt|[from] item: Life Orb
|faint|p1a: Tenacillas
|move|p2a: Regidrago|Earth Power|p1: Tenacillas|[notarget]
|-fail|p2a: Regidrago
|
|upkeep
|
|t:|1760771978
|switch|p1a: Hatterene|Hatterene, F|100/100
|turn|19
|
|t:|1760771981
|move|p2a: Regidrago|Earth Power|p1a: Hatterene
|-damage|p1a: Hatterene|73/100
|move|p1a: Hatterene|Trick Room|p1a: Hatterene
|-fieldstart|move: Trick Room|[of] p1a: Hatterene
|
|-heal|p1a: Hatterene|79/100|[from] item: Leftovers
|upkeep
|turn|20
|
|t:|1760771986
|move|p1a: Hatterene|Calm Mind|p1a: Hatterene
|-boost|p1a: Hatterene|spa|1
|-boost|p1a: Hatterene|spd|1
|move|p2a: Regidrago|Earth Power|p1a: Hatterene
|-damage|p1a: Hatterene|62/100
|
|-heal|p1a: Hatterene|67/100|[from] item: Leftovers
|upkeep
|turn|21
|
|t:|1760771991
|switch|p2a: Fezandipiti|Fezandipiti, M|100/100
|move|p1a: Hatterene|Calm Mind|p1a: Hatterene
|-boost|p1a: Hatterene|spa|1
|-boost|p1a: Hatterene|spd|1
|
|-heal|p1a: Hatterene|73/100|[from] item: Leftovers
|upkeep
|turn|22
|
|t:|1760771996
|move|p1a: Hatterene|Psyshock|p2a: Fezandipiti
|-supereffective|p2a: Fezandipiti
|-damage|p2a: Fezandipiti|0 fnt
|faint|p2a: Fezandipiti
|
|-heal|p1a: Hatterene|79/100|[from] item: Leftovers
|upkeep
|
|t:|1760772004
|switch|p2a: Great Tusk|Great Tusk|100/100
|turn|23
|
|t:|1760772007
|-end|p2a: Great Tusk|Protosynthesis|[silent]
|switch|p2a: Regidrago|Regidrago|1/100
|move|p1a: Hatterene|Draining Kiss|p2a: Regidrago
|-supereffective|p2a: Regidrago
|-damage|p2a: Regidrago|0 fnt
|-heal|p1a: Hatterene|80/100|[from] drain|[of] p2a: Regidrago
|faint|p2a: Regidrago
|
|-heal|p1a: Hatterene|86/100|[from] item: Leftovers
|-fieldend|move: Trick Room
|upkeep
|
|t:|1760772012
|switch|p2a: Great Tusk|Great Tusk|100/100
|turn|24
|
|t:|1760772020
|-terastallize|p1a: Hatterene|Psychic
|move|p2a: Great Tusk|Headlong Rush|p1a: Hatterene
|-damage|p1a: Hatterene|39/100
|-unboost|p2a: Great Tusk|def|1
|-unboost|p2a: Great Tusk|spd|1
|move|p1a: Hatterene|Trick Room|p1a: Hatterene
|-fieldstart|move: Trick Room|[of] p1a: Hatterene
|
|-heal|p1a: Hatterene|45/100|[from] item: Leftovers
|upkeep
|turn|25
|
|t:|1760772028
|move|p1a: Hatterene|Draining Kiss|p2a: Great Tusk
|-supereffective|p2a: Great Tusk
|-damage|p2a: Great Tusk|0 fnt
|-heal|p1a: Hatterene|100/100|[from] drain|[of] p2a: Great Tusk
|faint|p2a: Great Tusk
|-end|p2a: Great Tusk|Protosynthesis|[silent]
|
|upkeep
|-message|lzw00 forfeited.
|
|win|Churrini
|raw|Churrini's rating: 1238 &rarr; <strong>1258</strong><br />(+20 for winning)
|raw|lzw00's rating: 1172 &rarr; <strong>1152</strong><br />(-20 for losing)
|l|☆lzw00
|player|p2|
|c|☆Churrini|gg
|l|☆Churrini
|player|p1|
