|j|☆Denis ist toll amk
|j|☆Shadeless8
|t:|1760847541
|gametype|singles
|player|p1|Denis ist toll amk|266|1106
|player|p2|Shadeless8|169|1125
|gen|9
|tier|[Gen 9] OU
|rated|
|rule|HP Percentage Mod: HP is shown in percentages
|rule|Endless Battle Clause: Forcing endless battles is banned
|rule|Species Clause: Limit one of each Pokémon
|rule|OHKO Clause: OHKO moves are banned
|rule|Evasion Items Clause: Evasion items are banned
|rule|Evasion Moves Clause: Evasion moves are banned
|rule|Evasion Abilities Clause: Evasion abilities are banned
|rule|Sleep Moves Clause: Sleep-inducing moves are banned
|clearpoke
|poke|p1|Iron Treads|
|poke|p1|Kingambit, M|
|poke|p1|Scizor, F|
|poke|p1|Pecharunt|
|poke|p1|Dragonite, F|
|poke|p1|Iron Moth|
|poke|p2|Serperior, F|
|poke|p2|Emboar, M|
|poke|p2|Samurott, M|
|poke|p2|Hydreigon, F|
|poke|p2|Excadrill, M|
|poke|p2|Galvantula, F|
|teampreview
|
|t:|1760847547
|teamsize|p1|6
|teamsize|p2|6
|start
|switch|p1a: Dragonite|Dragonite, F|100/100
|switch|p2a: Galvantula|Galvantula, F|100/100
|turn|1
|
|t:|1760847558
|move|p2a: Galvantula|Sticky Web|p1a: Dragonite
|-sidestart|p1: Denis ist toll amk|move: Sticky Web
|move|p1a: Dragonite|Earthquake|p2a: Galvantula
|-damage|p2a: Galvantula|35/100
|
|upkeep
|turn|2
|
|t:|1760847570
|switch|p2a: Hydreigon|Hydreigon, F|100/100
|move|p1a: Dragonite|Dragon Dance|p1a: Dragonite
|-boost|p1a: Dragonite|atk|1
|-boost|p1a: Dragonite|spe|1
|
|upkeep
|turn|3
|
|t:|1760847577
|-terastallize|p1a: Dragonite|Fairy
|move|p1a: Dragonite|Tera Blast|p2a: Hydreigon|[anim] Tera Blast Fairy
|-supereffective|p2a: Hydreigon
|-damage|p2a: Hydreigon|0 fnt
|faint|p2a: Hydreigon
|
|upkeep
|
|t:|1760847583
|switch|p2a: Excadrill|Excadrill, M|100/100
|turn|4
|
|t:|1760847591
|move|p1a: Dragonite|Earthquake|p2a: Excadrill
|-supereffective|p2a: Excadrill
|-damage|p2a: Excadrill|0 fnt
|faint|p2a: Excadrill
|
|upkeep
|
|t:|1760847596
|switch|p2a: Samurott|Samurott, M|100/100
|turn|5
|
|t:|1760847602
|move|p1a: Dragonite|Scale Shot|p2a: Samurott|[miss]
|-miss|p1a: Dragonite|p2a: Samurott
|move|p2a: Samurott|Surf|p1a: Dragonite
|-damage|p1a: Dragonite|48/100
|
|upkeep
|turn|6
|
|t:|1760847608
|move|p1a: Dragonite|Scale Shot|p2a: Samurott
|-damage|p2a: Samurott|78/100
|-damage|p2a: Samurott|57/100
|-damage|p2a: Samurott|36/100
|-damage|p2a: Samurott|12/100
|-hitcount|p2a: Samurott|4
|-unboost|p1a: Dragonite|def|1
|-boost|p1a: Dragonite|spe|1
|move|p2a: Samurott|Surf|p1a: Dragonite
|-damage|p1a: Dragonite|4/100
|
|upkeep
|turn|7
|
|t:|1760847620
|move|p1a: Dragonite|Scale Shot|p2a: Samurott
|-damage|p2a: Samurott|0 fnt
|faint|p2a: Samurott
|-hitcount|p2: Samurott|1
|-unboost|p1a: Dragonite|def|1
|-boost|p1a: Dragonite|spe|1
|
|upkeep
|
|t:|1760847628
|switch|p2a: Emboar|Emboar, M|100/100
|turn|8
|
|t:|1760847635
|move|p1a: Dragonite|Tera Blast|p2a: Emboar|[anim] Tera Blast Fairy
|-damage|p2a: Emboar|23/100
|-enditem|p2a: Emboar|Aguav Berry|[eat]
|-heal|p2a: Emboar|57/100|[from] item: Aguav Berry
|move|p2a: Emboar|Flare Blitz|p1a: Dragonite
|-crit|p1a: Dragonite
|-damage|p1a: Dragonite|0 fnt
|faint|p1a: Dragonite
|-damage|p2a: Emboar|56/100|[from] Recoil
|
|upkeep
|
|t:|1760847640
|switch|p1a: Iron Treads|Iron Treads|100/100
|-activate|p1a: Iron Treads|move: Sticky Web
|-unboost|p1a: Iron Treads|spe|1
|turn|9
|
|t:|1760847648
|move|p1a: Iron Treads|Rapid Spin|p2a: Emboar
|-damage|p2a: Emboar|37/100
|-boost|p1a: Iron Treads|spe|1
|-sideend|p1: Denis ist toll amk|Sticky Web|[from] move: Rapid Spin|[of] p1a: Iron Treads
|move|p2a: Emboar|Flare Blitz|p1a: Iron Treads
|-supereffective|p1a: Iron Treads
|-damage|p1a: Iron Treads|0 fnt
|faint|p1a: Iron Treads
|-end|p1a: Iron Treads|Quark Drive|[silent]
|-damage|p2a: Emboar|12/100|[from] Recoil
|
|upkeep
|
|t:|1760847654
|switch|p1a: Iron Moth|Iron Moth|100/100
|turn|10
|
|t:|1760847659
|move|p1a: Iron Moth|Bug Buzz|p2a: Emboar
|-resisted|p2a: Emboar
|-damage|p2a: Emboar|2/100
|-unboost|p2a: Emboar|spd|1
|move|p2a: Emboar|Double-Edge|p1a: Iron Moth
|-damage|p1a: Iron Moth|10/100
|-damage|p2a: Emboar|0 fnt|[from] Recoil
|faint|p2a: Emboar
|
|upkeep
|
|t:|1760847673
|switch|p2a: Galvantula|Galvantula, F|35/100
|turn|11
|
|t:|1760847677
|move|p1a: Iron Moth|Bug Buzz|p2a: Galvantula
|-damage|p2a: Galvantula|0 fnt
|faint|p2a: Galvantula
|
|upkeep
|
|t:|1760847682
|switch|p2a: Serperior|Serperior, F|100/100
|turn|12
|
|t:|1760847687
|-terastallize|p2a: Serperior|Steel
|move|p1a: Iron Moth|Bug Buzz|p2a: Serperior
|-resisted|p2a: Serperior
|-damage|p2a: Serperior|84/100
|move|p2a: Serperior|Leaf Storm|p1a: Iron Moth
|-resisted|p1a: Iron Moth
|-crit|p1a: Iron Moth
|-damage|p1a: Iron Moth|0 fnt
|-boost|p2a: Serperior|spa|2
|faint|p1a: Iron Moth
|-end|p1a: Iron Moth|Quark Drive|[silent]
|
|-heal|p2a: Serperior|91/100|[from] item: Leftovers
|upkeep
|
|t:|1760847693
|switch|p1a: Scizor|Scizor, F|100/100
|turn|13
|
|t:|1760847702
|move|p2a: Serperior|Leech Seed|p1a: Scizor|[miss]
|-miss|p2a: Serperior|p1a: Scizor
|move|p1a: Scizor|Dual Wingbeat|p2a: Serperior
|-resisted|p2a: Serperior
|-damage|p2a: Serperior|74/100
|-resisted|p2a: Serperior
|-damage|p2a: Serperior|57/100
|-hitcount|p2a: Serperior|2
|
|-heal|p2a: Serperior|63/100|[from] item: Leftovers
|upkeep
|turn|14
|
|t:|1760847711
|move|p2a: Serperior|Leech Seed|p1a: Scizor
|-start|p1a: Scizor|move: Leech Seed
|move|p1a: Scizor|Dual Wingbeat|p2a: Serperior
|-resisted|p2a: Serperior
|-damage|p2a: Serperior|47/100
|-resisted|p2a: Serperior
|-damage|p2a: Serperior|30/100
|-hitcount|p2a: Serperior|2
|
|-heal|p2a: Serperior|36/100|[from] item: Leftovers
|-damage|p1a: Scizor|88/100|[from] Leech Seed|[of] p2a: Serperior
|-heal|p2a: Serperior|48/100|[silent]
|upkeep
|turn|15
|
|t:|1760847723
|move|p2a: Serperior|Leaf Storm|p1a: Scizor|[miss]
|-miss|p2a: Serperior|p1a: Scizor
|move|p1a: Scizor|Dual Wingbeat|p2a: Serperior
|-resisted|p2a: Serperior
|-damage|p2a: Serperior|30/100
|-resisted|p2a: Serperior
|-damage|p2a: Serperior|13/100
|-hitcount|p2a: Serperior|2
|
|-heal|p2a: Serperior|20/100|[from] item: Leftovers
|-damage|p1a: Scizor|76/100|[from] Leech Seed|[of] p2a: Serperior
|-heal|p2a: Serperior|32/100|[silent]
|upkeep
|turn|16
|
|t:|1760847734
|move|p2a: Serperior|Leaf Storm|p1a: Scizor|[miss]
|-miss|p2a: Serperior|p1a: Scizor
|move|p1a: Scizor|Dual Wingbeat|p2a: Serperior
|-resisted|p2a: Serperior
|-damage|p2a: Serperior|14/100
|-resisted|p2a: Serperior
|-damage|p2a: Serperior|0 fnt
|faint|p2a: Serperior
|-hitcount|p2: Serperior|2
|
|win|Denis ist toll amk
|raw|Denis ist toll amk's rating: 1106 &rarr; <strong>1132</strong><br />(+26 for winning)
|raw|Shadeless8's rating: 1125 &rarr; <strong>1099</strong><br />(-26 for losing)
|c|☆Shadeless8|...
|l|☆Denis ist toll amk
|player|p1|
|l|☆Shadeless8
|player|p2|
