|j|☆SmallKuza1888
|j|☆151htyrneh
|t:|1760850336
|gametype|singles
|player|p1|SmallKuza1888|cyclist-gen4|1657
|player|p2|151htyrneh|wallace|1675
|gen|9
|tier|[Gen 9] OU
|rated|
|rule|HP Percentage Mod: HP is shown in percentages
|rule|Endless Battle Clause: Forcing endless battles is banned
|rule|Species Clause: Limit one of each Pokémon
|rule|OHKO Clause: OHKO moves are banned
|rule|Evasion Items Clause: Evasion items are banned
|rule|Evasion Moves Clause: Evasion moves are banned
|rule|Evasion Abilities Clause: Evasion abilities are banned
|rule|Sleep Moves Clause: Sleep-inducing moves are banned
|clearpoke
|poke|p1|Weavile, F|
|poke|p1|Iron Treads|
|poke|p1|Keldeo|
|poke|p1|Hatterene, F|
|poke|p1|Ting-Lu|
|poke|p1|Dragonite, M|
|poke|p2|Great Tusk|
|poke|p2|Heatran, M|
|poke|p2|Weavile, M|
|poke|p2|Primarina, M|
|poke|p2|Ogerpon, F|
|poke|p2|Pecharunt|
|teampreview
|inactive|Battle timer is ON: inactive players will automatically lose when time's up. (requested by SmallKuza1888)
|
|t:|1760850341
|teamsize|p1|6
|teamsize|p2|6
|start
|switch|p1a: Hatterene|Hatterene, F|100/100
|switch|p2a: Bandit|Weavile, M, shiny|100/100
|-ability|p2a: Bandit|Pressure
|turn|1
|
|t:|1760850344
|switch|p1a: Keldeo|Keldeo|100/100
|move|p2a: Bandit|Triple Axel|p1a: Keldeo
|-resisted|p1a: Keldeo
|-damage|p1a: Keldeo|91/100
|-resisted|p1a: Keldeo
|-damage|p1a: Keldeo|74/100
|-resisted|p1a: Keldeo
|-damage|p1a: Keldeo|49/100
|-hitcount|p1a: Keldeo|3
|
|upkeep
|turn|2
|j| Limelight_01
|j| Mr.villains
|
|t:|1760850352
|switch|p2a: Celestine|Primarina, M, shiny|100/100
|move|p1a: Keldeo|Flip Turn|p2a: Celestine
|-resisted|p2a: Celestine
|-damage|p2a: Celestine|92/100
|
|t:|1760850356
|switch|p1a: Hatterene|Hatterene, F|100/100|[from] Flip Turn
|
|upkeep
|turn|3
|j| XxH0meland3r420xX
|
|t:|1760850361
|move|p2a: Celestine|Flip Turn|p1a: Hatterene
|-damage|p1a: Hatterene|83/100
|
|t:|1760850364
|switch|p2a: Chaos|Heatran, M, shiny|100/100|[from] Flip Turn
|-item|p2a: Chaos|Air Balloon
|move|p1a: Hatterene|Nuzzle|p2a: Chaos
|-damage|p2a: Chaos|96/100
|-status|p2a: Chaos|par
|-enditem|p2a: Chaos|Air Balloon
|
|upkeep
|turn|4
|
|t:|1760850367
|switch|p1a: Ting-Lu|Ting-Lu|100/100
|-ability|p1a: Ting-Lu|Vessel of Ruin
|move|p2a: Chaos|Magma Storm|p1a: Ting-Lu
|-damage|p1a: Ting-Lu|69/100
|-activate|p1a: Ting-Lu|move: Magma Storm|[of] p2a: Chaos
|
|-damage|p1a: Ting-Lu|56/100|[from] move: Magma Storm|[partiallytrapped]
|upkeep
|turn|5
|
|t:|1760850373
|switch|p2a: Anonymous|Ogerpon, F|100/100
|move|p1a: Ting-Lu|Earthquake|p2a: Anonymous
|-resisted|p2a: Anonymous
|-damage|p2a: Anonymous|78/100
|
|-end|p1a: Ting-Lu|Magma Storm|[partiallytrapped]|[silent]
|upkeep
|turn|6
|
|t:|1760850379
|switch|p1a: Dragonite|Dragonite, M|100/100
|move|p2a: Anonymous|Ivy Cudgel|p1a: Dragonite
|-resisted|p1a: Dragonite
|-damage|p1a: Dragonite|92/100
|
|upkeep
|turn|7
|
|t:|1760850385
|switch|p2a: Overseer|Pecharunt|100/100
|move|p1a: Dragonite|Dragon Tail|p2a: Overseer
|-damage|p2a: Overseer|84/100
|-damage|p1a: Dragonite|75/100|[from] item: Rocky Helmet|[of] p2a: Overseer
|drag|p2a: Anonymous|Ogerpon, F|78/100
|
|upkeep
|turn|8
|
|t:|1760850389
|move|p2a: Anonymous|U-turn|p1a: Dragonite
|-resisted|p1a: Dragonite
|-damage|p1a: Dragonite|59/100
|
|t:|1760850391
|switch|p2a: Overseer|Pecharunt|84/100|[from] U-turn
|move|p1a: Dragonite|Roost|p1a: Dragonite
|-heal|p1a: Dragonite|100/100
|-singleturn|p1a: Dragonite|move: Roost
|
|upkeep
|turn|9
|
|t:|1760850394
|switch|p1a: Iron Treads|Iron Treads|100/100
|move|p2a: Overseer|Malignant Chain|p1a: Iron Treads
|-immune|p1a: Iron Treads
|
|upkeep
|turn|10
|
|t:|1760850396
|move|p1a: Iron Treads|Knock Off|p2a: Overseer
|-supereffective|p2a: Overseer
|-damage|p2a: Overseer|54/100
|-damage|p1a: Iron Treads|84/100|[from] item: Rocky Helmet|[of] p2a: Overseer
|-enditem|p2a: Overseer|Rocky Helmet|[from] move: Knock Off|[of] p1a: Iron Treads
|move|p2a: Overseer|Recover|p2a: Overseer
|-heal|p2a: Overseer|100/100
|
|-heal|p1a: Iron Treads|90/100|[from] item: Leftovers
|upkeep
|turn|11
|
|t:|1760850398
|move|p1a: Iron Treads|Earthquake|p2a: Overseer
|-supereffective|p2a: Overseer
|-damage|p2a: Overseer|56/100
|move|p2a: Overseer|Parting Shot|p1a: Iron Treads
|-unboost|p1a: Iron Treads|atk|1
|-unboost|p1a: Iron Treads|spa|1
|
|t:|1760850402
|switch|p2a: Celestine|Primarina, M, shiny|92/100|[from] Parting Shot
|
|-heal|p1a: Iron Treads|96/100|[from] item: Leftovers
|upkeep
|turn|12
|
|t:|1760850405
|-end|p1a: Iron Treads|Quark Drive|[silent]
|switch|p1a: Hatterene|Hatterene, F|83/100
|move|p2a: Celestine|Moonblast|p1a: Hatterene
|-damage|p1a: Hatterene|49/100
|
|upkeep
|turn|13
|
|t:|1760850408
|move|p2a: Celestine|Moonblast|p1a: Hatterene
|-damage|p1a: Hatterene|17/100
|-unboost|p1a: Hatterene|spa|1
|move|p1a: Hatterene|Draining Kiss|p2a: Celestine
|-damage|p2a: Celestine|83/100
|-heal|p1a: Hatterene|25/100|[from] drain|[of] p2a: Celestine
|
|upkeep
|turn|14
|l| Mr.villains
|
|t:|1760850416
|move|p2a: Celestine|Psychic Noise|p1a: Hatterene
|-damage|p1a: Hatterene|0 fnt
|faint|p1a: Hatterene
|
|upkeep
|
|t:|1760850422
|switch|p1a: Iron Treads|Iron Treads|96/100
|turn|15
|
|t:|1760850424
|move|p1a: Iron Treads|Earthquake|p2a: Celestine
|-damage|p2a: Celestine|24/100
|move|p2a: Celestine|Psychic Noise|p1a: Iron Treads
|-supereffective|p1a: Iron Treads
|-damage|p1a: Iron Treads|0 fnt
|faint|p1a: Iron Treads
|-end|p1a: Iron Treads|Quark Drive|[silent]
|
|upkeep
|
|t:|1760850430
|switch|p1a: Dragonite|Dragonite, M|100/100
|turn|16
|
|t:|1760850432
|move|p1a: Dragonite|Earthquake|p2a: Celestine
|-damage|p2a: Celestine|0 fnt
|faint|p2a: Celestine
|
|upkeep
|
|t:|1760850434
|switch|p2a: Overseer|Pecharunt|56/100
|turn|17
|
|t:|1760850438
|move|p2a: Overseer|Recover|p2a: Overseer
|-heal|p2a: Overseer|100/100
|move|p1a: Dragonite|Earthquake|p2a: Overseer
|-supereffective|p2a: Overseer
|-damage|p2a: Overseer|63/100
|
|upkeep
|turn|18
|
|t:|1760850442
|move|p2a: Overseer|Malignant Chain|p1a: Dragonite
|-damage|p1a: Dragonite|87/100
|-status|p1a: Dragonite|tox
|-start|p1a: Dragonite|confusion|[from] ability: Poison Puppeteer|[of] p2a: Overseer
|-activate|p1a: Dragonite|confusion
|move|p1a: Dragonite|Earthquake|p2a: Overseer
|-supereffective|p2a: Overseer
|-crit|p2a: Overseer
|-damage|p2a: Overseer|6/100
|
|-damage|p1a: Dragonite|81/100 tox|[from] psn
|upkeep
|turn|19
|
|t:|1760850446
|switch|p1a: Keldeo|Keldeo|49/100
|move|p2a: Overseer|Recover|p2a: Overseer
|-heal|p2a: Overseer|56/100
|
|upkeep
|turn|20
|
|t:|1760850450
|switch|p2a: Chaos|Heatran, M, shiny|96/100 par
|move|p1a: Keldeo|Surf|p2a: Chaos
|-supereffective|p2a: Chaos
|-damage|p2a: Chaos|0 fnt
|faint|p2a: Chaos
|
|upkeep
|
|t:|1760850452
|switch|p2a: Anonymous|Ogerpon, F|78/100
|turn|21
|
|t:|1760850457
|switch|p1a: Ting-Lu|Ting-Lu|56/100
|-ability|p1a: Ting-Lu|Vessel of Ruin
|move|p2a: Anonymous|U-turn|p1a: Ting-Lu
|-supereffective|p1a: Ting-Lu
|-damage|p1a: Ting-Lu|30/100
|-damage|p2a: Anonymous|61/100|[from] item: Rocky Helmet|[of] p1a: Ting-Lu
|
|t:|1760850460
|switch|p2a: Bandit|Weavile, M, shiny|100/100|[from] U-turn
|-ability|p2a: Bandit|Pressure
|
|upkeep
|turn|22
|
|t:|1760850462
|move|p2a: Bandit|Triple Axel|p1a: Ting-Lu
|-supereffective|p1a: Ting-Lu
|-damage|p1a: Ting-Lu|17/100
|-damage|p2a: Bandit|84/100|[from] item: Rocky Helmet|[of] p1a: Ting-Lu
|-supereffective|p1a: Ting-Lu
|-damage|p1a: Ting-Lu|0 fnt
|-damage|p2a: Bandit|68/100|[from] item: Rocky Helmet|[of] p1a: Ting-Lu
|faint|p1a: Ting-Lu
|-hitcount|p1: Ting-Lu|2
|
|upkeep
|
|t:|1760850465
|switch|p1a: Keldeo|Keldeo|49/100
|turn|23
|
|t:|1760850468
|move|p1a: Keldeo|Vacuum Wave|p2a: Bandit
|-supereffective|p2a: Bandit
|-damage|p2a: Bandit|0 fnt
|faint|p2a: Bandit
|
|upkeep
|
|t:|1760850471
|switch|p2a: Overseer|Pecharunt|56/100
|turn|24
|j| Trysmeth
|
|t:|1760850476
|move|p1a: Keldeo|Surf|p2a: Overseer
|-damage|p2a: Overseer|6/100
|move|p2a: Overseer|Malignant Chain|p1a: Keldeo
|-damage|p1a: Keldeo|14/100
|
|upkeep
|turn|25
|
|t:|1760850480
|move|p1a: Keldeo|Surf|p2a: Overseer
|-damage|p2a: Overseer|0 fnt
|faint|p2a: Overseer
|
|upkeep
|
|t:|1760850482
|switch|p2a: Anonymous|Ogerpon, F|61/100
|turn|26
|
|t:|1760850489
|switch|p1a: Dragonite|Dragonite, M|81/100 tox
|-terastallize|p2a: Anonymous|Grass
|detailschange|p2a: Anonymous|Ogerpon-Teal-Tera, F, tera:Grass
|-ability|p2a: Anonymous|Embody Aspect (Teal)|boost
|-boost|p2a: Anonymous|spe|1
|move|p2a: Anonymous|U-turn|p1a: Dragonite
|-resisted|p1a: Dragonite
|-damage|p1a: Dragonite|66/100 tox
|
|t:|1760850490
|switch|p2a: Behemoth|Great Tusk, shiny|100/100|[from] U-turn
|
|-damage|p1a: Dragonite|60/100 tox|[from] psn
|upkeep
|turn|27
|
|t:|1760850493
|move|p2a: Behemoth|Rapid Spin|p1a: Dragonite
|-damage|p1a: Dragonite|44/100 tox
|-boost|p2a: Behemoth|spe|1
|move|p1a: Dragonite|Dragon Tail|p2a: Behemoth
|-damage|p2a: Behemoth|74/100
|-end|p2a: Behemoth|Protosynthesis|[silent]
|drag|p2a: Anonymous|Ogerpon-Teal-Tera, F, tera:Grass|61/100
|-ability|p2a: Anonymous|Embody Aspect (Teal)|boost
|-boost|p2a: Anonymous|spe|1
|
|-damage|p1a: Dragonite|32/100 tox|[from] psn
|upkeep
|turn|28
|
|t:|1760850497
|move|p2a: Anonymous|Rock Tomb|p1a: Dragonite
|-supereffective|p1a: Dragonite
|-damage|p1a: Dragonite|0 fnt
|faint|p1a: Dragonite
|
|upkeep
|
|t:|1760850501
|switch|p1a: Weavile|Weavile, F|100/100
|-ability|p1a: Weavile|Pressure
|turn|29
|
|t:|1760850505
|switch|p2a: Behemoth|Great Tusk, shiny|74/100
|move|p1a: Weavile|Ice Shard|p2a: Behemoth
|-supereffective|p2a: Behemoth
|-damage|p2a: Behemoth|33/100
|
|upkeep
|turn|30
|
|t:|1760850510
|-terastallize|p1a: Weavile|Ice
|move|p1a: Weavile|Ice Shard|p2a: Behemoth
|-supereffective|p2a: Behemoth
|-damage|p2a: Behemoth|0 fnt
|faint|p2a: Behemoth
|-end|p2a: Behemoth|Protosynthesis|[silent]
|
|upkeep
|
|t:|1760850512
|switch|p2a: Anonymous|Ogerpon-Teal-Tera, F, tera:Grass|61/100
|-ability|p2a: Anonymous|Embody Aspect (Teal)|boost
|-boost|p2a: Anonymous|spe|1
|turn|31
|
|t:|1760850514
|move|p1a: Weavile|Ice Shard|p2a: Anonymous
|-supereffective|p2a: Anonymous
|-damage|p2a: Anonymous|0 fnt
|faint|p2a: Anonymous
|detailschange|p2: Anonymous|Ogerpon, F|[silent]
|
|win|SmallKuza1888
|raw|SmallKuza1888's rating: 1657 &rarr; <strong>1678</strong><br />(+21 for winning)
|raw|151htyrneh's rating: 1675 &rarr; <strong>1654</strong><br />(-21 for losing)
|l|☆151htyrneh
|player|p2|
|l|☆SmallKuza1888
|player|p1|
|l| XxH0meland3r420xX
|l| Trysmeth
