|j|☆kantain1
|j|☆beentheredonepat
|t:|1760876172
|gametype|singles
|player|p1|kantain1|ghetsis|1219
|player|p2|beentheredonepat|ethan|1223
|gen|9
|tier|[Gen 9] OU
|rated|
|rule|HP Percentage Mod: HP is shown in percentages
|rule|Endless Battle Clause: Forcing endless battles is banned
|rule|Species Clause: Limit one of each Pokémon
|rule|OHKO Clause: OHKO moves are banned
|rule|Evasion Items Clause: Evasion items are banned
|rule|Evasion Moves Clause: Evasion moves are banned
|rule|Evasion Abilities Clause: Evasion abilities are banned
|rule|Sleep Moves Clause: Sleep-inducing moves are banned
|clearpoke
|poke|p1|Raging Bolt|
|poke|p1|Moltres|
|poke|p1|Gholdengo|
|poke|p1|Iron Valiant|
|poke|p1|Tentacruel, F|
|poke|p1|Weavile, M|
|poke|p2|Typhlosion, M|
|poke|p2|Ninetales, M|
|poke|p2|Shiftry, M|
|poke|p2|Ursaluna, F|
|poke|p2|Torkoal, M|
|poke|p2|Hatterene, F|
|teampreview
|inactive|Battle timer is ON: inactive players will automatically lose when time's up. (requested by kantain1)
|inactive|beentheredonepat also wants the timer to be on.
|
|t:|1760876184
|teamsize|p1|6
|teamsize|p2|6
|start
|switch|p1a: Raging Bolt|Raging Bolt|100/100
|switch|p2a: Nymph|Hatterene, F|100/100
|-enditem|p1a: Raging Bolt|Booster Energy
|-activate|p1a: Raging Bolt|ability: Protosynthesis|[fromitem]
|-start|p1a: Raging Bolt|protosynthesisspa
|turn|1
|
|t:|1760876193
|move|p1a: Raging Bolt|Thunderbolt|p2a: Nymph
|-damage|p2a: Nymph|31/100
|move|p2a: Nymph|Trick Room|p2a: Nymph
|-fieldstart|move: Trick Room|[of] p2a: Nymph
|
|-heal|p2a: Nymph|37/100|[from] item: Leftovers
|upkeep
|turn|2
|
|t:|1760876201
|-end|p1a: Raging Bolt|Protosynthesis|[silent]
|switch|p1a: Tentacruel|Tentacruel, F|100/100
|-item|p1a: Tentacruel|Air Balloon
|move|p2a: Nymph|Dazzling Gleam|p1a: Tentacruel
|-resisted|p1a: Tentacruel
|-damage|p1a: Tentacruel|81/100
|-enditem|p1a: Tentacruel|Air Balloon
|
|-heal|p2a: Nymph|43/100|[from] item: Leftovers
|upkeep
|turn|3
|
|t:|1760876213
|switch|p1a: Raging Bolt|Raging Bolt|100/100
|move|p2a: Nymph|Psybeam|p1a: Raging Bolt
|-damage|p1a: Raging Bolt|70/100
|-start|p1a: Raging Bolt|confusion
|
|-heal|p2a: Nymph|50/100|[from] item: Leftovers
|upkeep
|turn|4
|
|t:|1760876221
|-end|p1a: Raging Bolt|Protosynthesis|[silent]
|switch|p1a: Tentacruel|Tentacruel, F|81/100
|move|p2a: Nymph|Psybeam|p1a: Tentacruel
|-supereffective|p1a: Tentacruel
|-damage|p1a: Tentacruel|23/100
|
|-heal|p2a: Nymph|56/100|[from] item: Leftovers
|upkeep
|turn|5
|
|t:|1760876229
|switch|p1a: Gholdengo|Gholdengo|100/100
|move|p2a: Nymph|Dazzling Gleam|p1a: Gholdengo
|-resisted|p1a: Gholdengo
|-damage|p1a: Gholdengo|83/100
|
|-heal|p2a: Nymph|62/100|[from] item: Leftovers
|-heal|p1a: Gholdengo|89/100|[from] item: Leftovers
|-fieldend|move: Trick Room
|upkeep
|turn|6
|
|t:|1760876237
|move|p1a: Gholdengo|Make It Rain|p2a: Nymph
|-supereffective|p2a: Nymph
|-damage|p2a: Nymph|0 fnt
|-unboost|p1a: Gholdengo|spa|1
|faint|p2a: Nymph
|
|-heal|p1a: Gholdengo|95/100|[from] item: Leftovers
|upkeep
|
|t:|1760876244
|switch|p2a: Tollomot|Ninetales, M|100/100
|-weather|SunnyDay|[from] ability: Drought|[of] p2a: Tollomot
|turn|7
|
|t:|1760876249
|switch|p1a: Tentacruel|Tentacruel, F|23/100
|move|p2a: Tollomot|Overheat|p1a: Tentacruel
|-resisted|p1a: Tentacruel
|-damage|p1a: Tentacruel|0 fnt
|-unboost|p2a: Tollomot|spa|2
|faint|p1a: Tentacruel
|-enditem|p2a: Tollomot|Eject Pack
|
|t:|1760876258
|switch|p2a: Shinobi|Shiftry, M|100/100
|
|-weather|SunnyDay|[upkeep]
|upkeep
|
|t:|1760876267
|switch|p1a: Moltres|Moltres|100/100
|turn|8
|
|t:|1760876271
|move|p2a: Shinobi|Tailwind|p2a: Shinobi
|-sidestart|p2: beentheredonepat|move: Tailwind
|-ability|p2a: Shinobi|Wind Rider|boost
|-boost|p2a: Shinobi|atk|1
|move|p1a: Moltres|Air Slash|p2a: Shinobi
|-supereffective|p2a: Shinobi
|-enditem|p2a: Shinobi|Focus Sash
|-damage|p2a: Shinobi|1/100
|
|-weather|SunnyDay|[upkeep]
|upkeep
|turn|9
|
|t:|1760876279
|move|p2a: Shinobi|Rock Slide|p1a: Moltres
|-supereffective|p1a: Moltres
|-damage|p1a: Moltres|0 fnt
|faint|p1a: Moltres
|
|-weather|SunnyDay|[upkeep]
|upkeep
|
|t:|1760876285
|switch|p1a: Weavile|Weavile, M|100/100
|-ability|p1a: Weavile|Pressure
|turn|10
|
|t:|1760876289
|move|p1a: Weavile|Fake Out|p2a: Shinobi
|-damage|p2a: Shinobi|0 fnt
|faint|p2a: Shinobi
|
|-weather|SunnyDay|[upkeep]
|upkeep
|
|t:|1760876292
|switch|p2a: Charlie|Typhlosion, M|100/100
|turn|11
|
|t:|1760876297
|move|p2a: Charlie|Eruption|p1a: Weavile
|-supereffective|p1a: Weavile
|-enditem|p1a: Weavile|Focus Sash
|-damage|p1a: Weavile|1/100
|move|p1a: Weavile|Knock Off|p2a: Charlie
|-damage|p2a: Charlie|39/100
|-enditem|p2a: Charlie|Choice Scarf|[from] move: Knock Off|[of] p1a: Weavile
|
|-weather|none
|-sideend|p2: beentheredonepat|move: Tailwind
|upkeep
|turn|12
|
|t:|1760876306
|move|p1a: Weavile|Knock Off|p2a: Charlie
|-damage|p2a: Charlie|0 fnt
|faint|p2a: Charlie
|
|upkeep
|
|t:|1760876311
|switch|p2a: Sol|Torkoal, M|100/100
|-weather|SunnyDay|[from] ability: Drought|[of] p2a: Sol
|turn|13
|
|t:|1760876314
|move|p1a: Weavile|Knock Off|p2a: Sol
|-damage|p2a: Sol|66/100
|-enditem|p2a: Sol|Heat Rock|[from] move: Knock Off|[of] p1a: Weavile
|move|p2a: Sol|Stealth Rock|p1a: Weavile
|-sidestart|p1: kantain1|move: Stealth Rock
|
|-weather|SunnyDay|[upkeep]
|upkeep
|turn|14
|
|t:|1760876320
|move|p1a: Weavile|Knock Off|p2a: Sol
|-damage|p2a: Sol|42/100
|move|p2a: Sol|Earth Power|p1a: Weavile
|-damage|p1a: Weavile|0 fnt
|faint|p1a: Weavile
|
|-weather|SunnyDay|[upkeep]
|upkeep
|
|t:|1760876327
|switch|p1a: Raging Bolt|Raging Bolt|70/100
|-damage|p1a: Raging Bolt|58/100|[from] Stealth Rock
|-activate|p1a: Raging Bolt|ability: Protosynthesis
|-start|p1a: Raging Bolt|protosynthesisspa
|turn|15
|
|t:|1760876333
|move|p1a: Raging Bolt|Dragon Pulse|p2a: Sol
|-damage|p2a: Sol|0 fnt
|faint|p2a: Sol
|
|-weather|SunnyDay|[upkeep]
|upkeep
|
|t:|1760876336
|switch|p2a: Mama Bear|Ursaluna, F|100/100
|turn|16
|
|t:|1760876339
|switch|p2a: Tollomot|Ninetales, M|100/100
|-terastallize|p1a: Raging Bolt|Flying
|move|p1a: Raging Bolt|Dragon Pulse|p2a: Tollomot
|-damage|p2a: Tollomot|35/100
|
|-weather|SunnyDay|[upkeep]
|upkeep
|turn|17
|
|t:|1760876347
|move|p1a: Raging Bolt|Thunderclap|p2a: Tollomot
|-damage|p2a: Tollomot|0 fnt
|faint|p2a: Tollomot
|
|-weather|SunnyDay|[upkeep]
|upkeep
|
|t:|1760876349
|switch|p2a: Mama Bear|Ursaluna, F|100/100
|turn|18
|
|t:|1760876353
|move|p1a: Raging Bolt|Dragon Pulse|p2a: Mama Bear
|-damage|p2a: Mama Bear|50/100
|move|p2a: Mama Bear|Ice Punch|p1a: Raging Bolt
|-supereffective|p1a: Raging Bolt
|-damage|p1a: Raging Bolt|2/100
|
|-weather|SunnyDay|[upkeep]
|-status|p2a: Mama Bear|brn|[from] item: Flame Orb
|upkeep
|turn|19
|
|t:|1760876360
|move|p1a: Raging Bolt|Dragon Pulse|p2a: Mama Bear
|-damage|p2a: Mama Bear|0 fnt
|faint|p2a: Mama Bear
|
|win|kantain1
|raw|kantain1's rating: 1219 &rarr; <strong>1244</strong><br />(+25 for winning)
|raw|beentheredonepat's rating: 1223 &rarr; <strong>1198</strong><br />(-25 for losing)
|l|☆beentheredonepat
|player|p2|
|l|☆kantain1
|player|p1|
