|j|☆qazqazwsxplmaa
|j|☆Chuolv
|t:|1760861995
|gametype|singles
|player|p1|qazqazwsxplmaa|266|1189
|player|p2|Chuolv|silver|1193
|gen|9
|tier|[Gen 9] OU
|rated|
|rule|HP Percentage Mod: HP is shown in percentages
|rule|Endless Battle Clause: Forcing endless battles is banned
|rule|Species Clause: Limit one of each Pokémon
|rule|OHKO Clause: OHKO moves are banned
|rule|Evasion Items Clause: Evasion items are banned
|rule|Evasion Moves Clause: Evasion moves are banned
|rule|Evasion Abilities Clause: Evasion abilities are banned
|rule|Sleep Moves Clause: Sleep-inducing moves are banned
|clearpoke
|poke|p1|Raging Bolt|
|poke|p1|Tornadus-Therian, M|
|poke|p1|Kyurem|
|poke|p1|Pecharunt|
|poke|p1|Slowking-Galar, F|
|poke|p1|Darkrai|
|poke|p2|Serperior, M|
|poke|p2|Arboliva, F|
|poke|p2|Ambipom, F|
|poke|p2|Talonflame, F|
|poke|p2|Lapras, M|
|poke|p2|Hawlucha, M|
|teampreview
|
|t:|1760862011
|teamsize|p1|6
|teamsize|p2|6
|start
|switch|p1a: Kyurem|Kyurem|100/100
|switch|p2a: Ambipom|Ambipom, F, shiny|100/100
|-ability|p1a: Kyurem|Pressure
|turn|1
|inactive|Battle timer is ON: inactive players will automatically lose when time's up. (requested by Chuolv)
|
|t:|1760862018
|move|p2a: Ambipom|Thunder Wave|p1a: Kyurem
|-status|p1a: Kyurem|par
|cant|p1a: Kyurem|par
|
|upkeep
|turn|2
|
|t:|1760862028
|move|p2a: Ambipom|Triple Axel|p1a: Kyurem
|-damage|p1a: Kyurem|92/100 par
|-damage|p1a: Kyurem|73/100 par
|-damage|p1a: Kyurem|50/100 par
|-hitcount|p1a: Kyurem|3
|move|p1a: Kyurem|Dragon Dance|p1a: Kyurem
|-boost|p1a: Kyurem|atk|1
|-boost|p1a: Kyurem|spe|1
|
|upkeep
|turn|3
|
|t:|1760862043
|-terastallize|p1a: Kyurem|Fire
|move|p2a: Ambipom|Triple Axel|p1a: Kyurem|[miss]
|-miss|p2a: Ambipom|p1a: Kyurem
|move|p1a: Kyurem|Scale Shot|p2a: Ambipom
|-damage|p2a: Ambipom|62/100
|-damage|p2a: Ambipom|28/100
|-damage|p2a: Ambipom|0 fnt
|faint|p2a: Ambipom
|-hitcount|p2: Ambipom|3
|-unboost|p1a: Kyurem|def|1
|-boost|p1a: Kyurem|spe|1
|
|upkeep
|
|t:|1760862065
|switch|p2a: Talonflame|Talonflame, F|100/100
|turn|4
|
|t:|1760862074
|move|p2a: Talonflame|Brave Bird|p1a: Kyurem
|-damage|p1a: Kyurem|0 fnt
|faint|p1a: Kyurem
|-damage|p2a: Talonflame|79/100|[from] Recoil
|
|upkeep
|
|t:|1760862082
|switch|p1a: Raging Bolt|Raging Bolt|100/100
|turn|5
|
|t:|1760862086
|switch|p2a: Arboliva|Arboliva, F|100/100
|move|p1a: Raging Bolt|Draco Meteor|p2a: Arboliva
|-damage|p2a: Arboliva|16/100
|-unboost|p1a: Raging Bolt|spa|2
|-fieldstart|move: Grassy Terrain|[from] ability: Seed Sower|[of] p2a: Arboliva
|-damage|p1a: Raging Bolt|91/100|[from] item: Life Orb
|
|-heal|p1a: Raging Bolt|97/100|[from] Grassy Terrain
|-heal|p2a: Arboliva|22/100|[from] Grassy Terrain
|upkeep
|turn|6
|
|t:|1760862099
|move|p1a: Raging Bolt|Draco Meteor|p2a: Arboliva
|-damage|p2a: Arboliva|0 fnt
|-unboost|p1a: Raging Bolt|spa|2
|faint|p2a: Arboliva
|-damage|p1a: Raging Bolt|87/100|[from] item: Life Orb
|
|-heal|p1a: Raging Bolt|93/100|[from] Grassy Terrain
|upkeep
|
|t:|1760862109
|switch|p2a: Hawlucha|Hawlucha, M|100/100
|-enditem|p2a: Hawlucha|Grassy Seed
|-boost|p2a: Hawlucha|def|1|[from] item: Grassy Seed
|turn|7
|
|t:|1760862116
|-end|p1a: Raging Bolt|Protosynthesis|[silent]
|switch|p1a: Slowking|Slowking-Galar, F|100/100
|move|p2a: Hawlucha|Swords Dance|p2a: Hawlucha
|-boost|p2a: Hawlucha|atk|2
|
|upkeep
|turn|8
|
|t:|1760862123
|move|p2a: Hawlucha|Acrobatics|p1a: Slowking
|-damage|p1a: Slowking|0 fnt
|faint|p1a: Slowking
|
|upkeep
|
|t:|1760862130
|switch|p1a: Tornadus|Tornadus-Therian, M|100/100
|turn|9
|
|t:|1760862134
|move|p2a: Hawlucha|Acrobatics|p1a: Tornadus
|-damage|p1a: Tornadus|0 fnt
|faint|p1a: Tornadus
|
|-fieldend|move: Grassy Terrain
|upkeep
|
|t:|1760862142
|switch|p1a: Raging Bolt|Raging Bolt|93/100
|turn|10
|
|t:|1760862153
|move|p1a: Raging Bolt|Thunderclap|p2a: Hawlucha
|-supereffective|p2a: Hawlucha
|-damage|p2a: Hawlucha|0 fnt
|faint|p2a: Hawlucha
|-damage|p1a: Raging Bolt|83/100|[from] item: Life Orb
|
|upkeep
|
|t:|1760862161
|switch|p2a: Serperior|Serperior, M|100/100
|turn|11
|
|t:|1760862167
|move|p2a: Serperior|Leaf Storm|p1a: Raging Bolt
|-resisted|p1a: Raging Bolt
|-damage|p1a: Raging Bolt|63/100
|-boost|p2a: Serperior|spa|2
|move|p1a: Raging Bolt|Draco Meteor|p2a: Serperior
|-damage|p2a: Serperior|0 fnt
|-unboost|p1a: Raging Bolt|spa|2
|faint|p2a: Serperior
|-damage|p1a: Raging Bolt|53/100|[from] item: Life Orb
|
|upkeep
|
|t:|1760862178
|switch|p2a: Lapras|Lapras, M|100/100
|turn|12
|
|t:|1760862182
|move|p2a: Lapras|Dragon Dance|p2a: Lapras
|-boost|p2a: Lapras|atk|1
|-boost|p2a: Lapras|spe|1
|move|p1a: Raging Bolt|Thunderbolt|p2a: Lapras
|-supereffective|p2a: Lapras
|-damage|p2a: Lapras|38/100
|-damage|p1a: Raging Bolt|43/100|[from] item: Life Orb
|
|upkeep
|turn|13
|
|t:|1760862190
|move|p2a: Lapras|Icicle Spear|p1a: Raging Bolt
|-supereffective|p1a: Raging Bolt
|-damage|p1a: Raging Bolt|18/100
|-supereffective|p1a: Raging Bolt
|-damage|p1a: Raging Bolt|0 fnt
|faint|p1a: Raging Bolt
|-end|p1a: Raging Bolt|Protosynthesis|[silent]
|-hitcount|p1: Raging Bolt|2
|
|upkeep
|
|t:|1760862199
|switch|p1a: Darkrai|Darkrai|100/100
|turn|14
|
|t:|1760862203
|move|p1a: Darkrai|Dark Pulse|p2a: Lapras
|-damage|p2a: Lapras|0 fnt
|faint|p2a: Lapras
|-damage|p1a: Darkrai|91/100|[from] item: Life Orb
|
|upkeep
|
|t:|1760862210
|switch|p2a: Talonflame|Talonflame, F|79/100
|turn|15
|
|t:|1760862215
|move|p2a: Talonflame|Flare Blitz|p1a: Darkrai
|-damage|p1a: Darkrai|32/100
|-damage|p2a: Talonflame|61/100|[from] Recoil
|move|p1a: Darkrai|Dark Pulse|p2a: Talonflame
|-damage|p2a: Talonflame|0 fnt
|faint|p2a: Talonflame
|-damage|p1a: Darkrai|22/100|[from] item: Life Orb
|
|win|qazqazwsxplmaa
|raw|qazqazwsxplmaa's rating: 1189 &rarr; <strong>1214</strong><br />(+25 for winning)
|raw|Chuolv's rating: 1193 &rarr; <strong>1168</strong><br />(-25 for losing)
|l|☆Chuolv
|player|p2|
|l|☆qazqazwsxplmaa
|player|p1|
