|j|☆Deadpool469
|j|☆petertonetto
|t:|1760784860
|gametype|singles
|player|p1|Deadpool469|1|1228
|player|p2|petertonetto|169|1264
|gen|9
|tier|[Gen 9] OU
|rated|
|rule|HP Percentage Mod: HP is shown in percentages
|rule|Endless Battle Clause: Forcing endless battles is banned
|rule|Species Clause: Limit one of each Pokémon
|rule|OHKO Clause: OHKO moves are banned
|rule|Evasion Items Clause: Evasion items are banned
|rule|Evasion Moves Clause: Evasion moves are banned
|rule|Evasion Abilities Clause: Evasion abilities are banned
|rule|Sleep Moves Clause: Sleep-inducing moves are banned
|clearpoke
|poke|p1|Scizor, M|
|poke|p1|Greninja-*, M|
|poke|p1|Clefable, F|
|poke|p1|Gliscor, M|
|poke|p1|Feraligatr, M|
|poke|p1|Rillaboom, M|
|poke|p2|Torkoal, M|
|poke|p2|Typhlosion-Hisui, M|
|poke|p2|Walking Wake|
|poke|p2|Glimmora, M|
|poke|p2|Dragapult, F|
|poke|p2|Ceruledge, M|
|teampreview
|inactive|Battle timer is ON: inactive players will automatically lose when time's up. (requested by petertonetto)
|
|t:|1760784877
|teamsize|p1|6
|teamsize|p2|6
|start
|switch|p1a: Gliscor|Gliscor, M, shiny|100/100
|switch|p2a: Torkoal|Torkoal, M|100/100
|-weather|SunnyDay|[from] ability: Drought|[of] p2a: Torkoal
|turn|1
|
|t:|1760784889
|move|p1a: Gliscor|Stealth Rock|p2a: Torkoal
|-sidestart|p2: petertonetto|move: Stealth Rock
|move|p2a: Torkoal|Overheat|p1a: Gliscor
|-damage|p1a: Gliscor|0 fnt
|-unboost|p2a: Torkoal|spa|2
|faint|p1a: Gliscor
|
|-weather|SunnyDay|[upkeep]
|upkeep
|
|t:|1760784896
|switch|p1a: Feraligatr|Feraligatr, M, shiny|100/100
|turn|2
|
|t:|1760784899
|move|p1a: Feraligatr|Dragon Dance|p1a: Feraligatr
|-boost|p1a: Feraligatr|atk|1
|-boost|p1a: Feraligatr|spe|1
|move|p2a: Torkoal|Rapid Spin|p1a: Feraligatr
|-damage|p1a: Feraligatr|90/100
|-boost|p2a: Torkoal|spe|1
|-sideend|p2: petertonetto|Stealth Rock|[from] move: Rapid Spin|[of] p2a: Torkoal
|
|-weather|SunnyDay|[upkeep]
|upkeep
|turn|3
|
|t:|1760784913
|switch|p2a: Typhlosion|Typhlosion-Hisui, M|100/100
|move|p1a: Feraligatr|Dragon Dance|p1a: Feraligatr
|-boost|p1a: Feraligatr|atk|1
|-boost|p1a: Feraligatr|spe|1
|
|-weather|SunnyDay|[upkeep]
|upkeep
|turn|4
|
|t:|1760784921
|move|p1a: Feraligatr|Liquidation|p2a: Typhlosion
|-supereffective|p2a: Typhlosion
|-crit|p2a: Typhlosion
|-damage|p2a: Typhlosion|0 fnt
|faint|p2a: Typhlosion
|
|-weather|SunnyDay|[upkeep]
|upkeep
|
|t:|1760784927
|switch|p2a: Ceruledge|Ceruledge, M|100/100
|turn|5
|
|t:|1760784931
|move|p1a: Feraligatr|Liquidation|p2a: Ceruledge
|-supereffective|p2a: Ceruledge
|-enditem|p2a: Ceruledge|Focus Sash
|-damage|p2a: Ceruledge|1/100
|-ability|p2a: Ceruledge|Weak Armor|boost
|-unboost|p2a: Ceruledge|def|1
|-boost|p2a: Ceruledge|spe|2
|move|p2a: Ceruledge|Poltergeist|p1a: Feraligatr
|-activate|p1a: Feraligatr|move: Poltergeist|Life Orb
|-damage|p1a: Feraligatr|23/100
|
|-weather|SunnyDay|[upkeep]
|upkeep
|turn|6
|
|t:|1760784942
|move|p2a: Ceruledge|Shadow Sneak|p1a: Feraligatr
|-damage|p1a: Feraligatr|2/100
|move|p1a: Feraligatr|Liquidation|p2a: Ceruledge
|-supereffective|p2a: Ceruledge
|-damage|p2a: Ceruledge|0 fnt
|faint|p2a: Ceruledge
|
|-weather|SunnyDay|[upkeep]
|upkeep
|
|t:|1760784949
|switch|p2a: Glimmora|Glimmora, M|100/100
|turn|7
|
|t:|1760784954
|move|p1a: Feraligatr|Liquidation|p2a: Glimmora
|-supereffective|p2a: Glimmora
|-crit|p2a: Glimmora
|-enditem|p2a: Glimmora|Focus Sash
|-damage|p2a: Glimmora|1/100
|move|p2a: Glimmora|Mortal Spin|p1a: Feraligatr
|-damage|p1a: Feraligatr|0 fnt
|faint|p1a: Feraligatr
|
|-weather|SunnyDay|[upkeep]
|upkeep
|
|t:|1760784969
|switch|p1a: Greninja|Greninja, M, shiny|100/100
|turn|8
|
|t:|1760784976
|move|p1a: Greninja|Dark Pulse|p2a: Glimmora
|-start|p1a: Greninja|typechange|Dark|[from] ability: Protean
|-damage|p2a: Glimmora|0 fnt
|faint|p2a: Glimmora
|
|-weather|none
|upkeep
|
|t:|1760784982
|switch|p2a: Torkoal|Torkoal, M|100/100
|-weather|SunnyDay|[from] ability: Drought|[of] p2a: Torkoal
|turn|9
|
|t:|1760784986
|move|p1a: Greninja|Dark Pulse|p2a: Torkoal
|-damage|p2a: Torkoal|30/100
|move|p2a: Torkoal|Overheat|p1a: Greninja
|-damage|p1a: Greninja|0 fnt
|-unboost|p2a: Torkoal|spa|2
|faint|p1a: Greninja
|
|-weather|SunnyDay|[upkeep]
|upkeep
|
|t:|1760785000
|switch|p1a: Clefable|Clefable, F, shiny|100/100
|turn|10
|
|t:|1760785006
|switch|p2a: Walking Wake|Walking Wake|100/100
|-activate|p2a: Walking Wake|ability: Protosynthesis
|-start|p2a: Walking Wake|protosynthesisspe
|move|p1a: Clefable|Calm Mind|p1a: Clefable
|-boost|p1a: Clefable|spa|1
|-boost|p1a: Clefable|spd|1
|
|-weather|SunnyDay|[upkeep]
|upkeep
|turn|11
|
|t:|1760785014
|move|p1a: Clefable|Wish|p1a: Clefable
|move|p2a: Walking Wake|Roar|p1a: Clefable
|drag|p1a: Rillaboom|Rillaboom, M|100/100
|-fieldstart|move: Grassy Terrain|[from] ability: Grassy Surge|[of] p1a: Rillaboom
|
|-weather|SunnyDay|[upkeep]
|upkeep
|turn|12
|
|t:|1760785025
|-end|p2a: Walking Wake|Protosynthesis|[silent]
|switch|p2a: Dragapult|Dragapult, F|100/100
|move|p1a: Rillaboom|Grassy Glide|p2a: Dragapult
|-resisted|p2a: Dragapult
|-damage|p2a: Dragapult|60/100
|
|-weather|SunnyDay|[upkeep]
|-heal|p2a: Dragapult|66/100|[from] Grassy Terrain
|upkeep
|turn|13
|
|t:|1760785035
|switch|p1a: Clefable|Clefable, F, shiny|100/100
|move|p2a: Dragapult|Dragon Darts|p1a: Clefable
|-immune|p1a: Clefable
|
|-weather|SunnyDay|[upkeep]
|-heal|p2a: Dragapult|72/100|[from] Grassy Terrain
|upkeep
|turn|14
|
|t:|1760785042
|move|p2a: Dragapult|Thunder Wave|p1a: Clefable
|-status|p1a: Clefable|par
|move|p1a: Clefable|Calm Mind|p1a: Clefable
|-boost|p1a: Clefable|spa|1
|-boost|p1a: Clefable|spd|1
|
|-weather|SunnyDay|[upkeep]
|-heal|p2a: Dragapult|78/100|[from] Grassy Terrain
|upkeep
|turn|15
|
|t:|1760785050
|switch|p2a: Walking Wake|Walking Wake|100/100
|-activate|p2a: Walking Wake|ability: Protosynthesis
|-start|p2a: Walking Wake|protosynthesisspe
|move|p1a: Clefable|Calm Mind|p1a: Clefable
|-boost|p1a: Clefable|spa|1
|-boost|p1a: Clefable|spd|1
|
|-weather|SunnyDay|[upkeep]
|-fieldend|move: Grassy Terrain
|upkeep
|turn|16
|
|t:|1760785059
|-terastallize|p2a: Walking Wake|Water
|move|p1a: Clefable|Moonblast|p2a: Walking Wake
|-damage|p2a: Walking Wake|21/100
|-unboost|p2a: Walking Wake|spa|1
|move|p2a: Walking Wake|Roar|p1a: Clefable
|drag|p1a: Scizor|Scizor, M, shiny|100/100
|
|-weather|none
|-end|p2a: Walking Wake|Protosynthesis
|upkeep
|turn|17
|
|t:|1760785068
|-end|p2a: Walking Wake|Protosynthesis|[silent]
|switch|p2a: Torkoal|Torkoal, M|30/100
|-weather|SunnyDay|[from] ability: Drought|[of] p2a: Torkoal
|move|p1a: Scizor|U-turn|p2a: Torkoal
|-resisted|p2a: Torkoal
|-damage|p2a: Torkoal|15/100
|
|t:|1760785075
|switch|p1a: Rillaboom|Rillaboom, M|100/100|[from] U-turn
|-fieldstart|move: Grassy Terrain|[from] ability: Grassy Surge|[of] p1a: Rillaboom
|
|-weather|SunnyDay|[upkeep]
|-heal|p2a: Torkoal|21/100|[from] Grassy Terrain
|upkeep
|turn|18
|
|t:|1760785082
|move|p1a: Rillaboom|Wood Hammer|p2a: Torkoal
|-resisted|p2a: Torkoal
|-damage|p2a: Torkoal|0 fnt
|faint|p2a: Torkoal
|-damage|p1a: Rillaboom|94/100|[from] Recoil
|
|-weather|SunnyDay|[upkeep]
|-heal|p1a: Rillaboom|100/100|[from] Grassy Terrain
|upkeep
|
|t:|1760785089
|switch|p2a: Walking Wake|Walking Wake, tera:Water|21/100
|-activate|p2a: Walking Wake|ability: Protosynthesis
|-start|p2a: Walking Wake|protosynthesisspe
|turn|19
|
|t:|1760785094
|switch|p1a: Scizor|Scizor, M, shiny|100/100
|move|p2a: Walking Wake|Flamethrower|p1a: Scizor
|-supereffective|p1a: Scizor
|-damage|p1a: Scizor|0 fnt
|faint|p1a: Scizor
|
|-weather|SunnyDay|[upkeep]
|-heal|p2a: Walking Wake|27/100|[from] Grassy Terrain
|upkeep
|
|t:|1760785102
|switch|p1a: Rillaboom|Rillaboom, M|100/100
|turn|20
|
|t:|1760785108
|move|p1a: Rillaboom|Grassy Glide|p2a: Walking Wake
|-supereffective|p2a: Walking Wake
|-damage|p2a: Walking Wake|0 fnt
|faint|p2a: Walking Wake
|-end|p2a: Walking Wake|Protosynthesis|[silent]
|
|-weather|SunnyDay|[upkeep]
|upkeep
|
|t:|1760785114
|switch|p2a: Dragapult|Dragapult, F|78/100
|turn|21
|
|t:|1760785118
|switch|p1a: Clefable|Clefable, F, shiny|100/100 par
|move|p2a: Dragapult|Dragon Dance|p2a: Dragapult
|-boost|p2a: Dragapult|atk|1
|-boost|p2a: Dragapult|spe|1
|
|-weather|SunnyDay|[upkeep]
|-heal|p2a: Dragapult|84/100|[from] Grassy Terrain
|-fieldend|move: Grassy Terrain
|upkeep
|turn|22
|
|t:|1760785126
|move|p2a: Dragapult|Tera Blast|p1a: Clefable
|-damage|p1a: Clefable|84/100 par
|-damage|p2a: Dragapult|74/100|[from] item: Life Orb
|move|p1a: Clefable|Moonblast|p2a: Dragapult
|-supereffective|p2a: Dragapult
|-damage|p2a: Dragapult|0 fnt
|faint|p2a: Dragapult
|
|win|Deadpool469
|raw|Deadpool469's rating: 1228 &rarr; <strong>1256</strong><br />(+28 for winning)
|raw|petertonetto's rating: 1264 &rarr; <strong>1236</strong><br />(-28 for losing)
|l|☆petertonetto
|player|p2|
|l|☆Deadpool469
|player|p1|
