|j|☆151htyrneh
|j|☆bidofest
|t:|1760870276
|gametype|singles
|player|p1|151htyrneh|wallace|1742
|player|p2|bidofest|265|1727
|gen|9
|tier|[Gen 9] OU
|rated|
|rule|HP Percentage Mod: HP is shown in percentages
|rule|Endless Battle Clause: Forcing endless battles is banned
|rule|Species Clause: Limit one of each Pokémon
|rule|OHKO Clause: OHKO moves are banned
|rule|Evasion Items Clause: Evasion items are banned
|rule|Evasion Moves Clause: Evasion moves are banned
|rule|Evasion Abilities Clause: Evasion abilities are banned
|rule|Sleep Moves Clause: Sleep-inducing moves are banned
|clearpoke
|poke|p1|Tyranitar, M|
|poke|p1|Excadrill, M|
|poke|p1|Tornadus-Therian, M|
|poke|p1|Tinkaton, F|
|poke|p1|Sinistcha|
|poke|p1|Toxapex, M|
|poke|p2|Kingambit, F|
|poke|p2|Cinderace, F|
|poke|p2|Landorus-Therian, M|
|poke|p2|Iron Valiant|
|poke|p2|Kyurem|
|poke|p2|Slowking-Galar, M|
|teampreview
|j| amimec
|
|t:|1760870296
|teamsize|p1|6
|teamsize|p2|6
|start
|switch|p1a: Tornadus|Tornadus-Therian, M, shiny|100/100
|switch|p2a: Landorus|Landorus-Therian, M|100/100
|-ability|p2a: Landorus|Intimidate|boost
|-unboost|p1a: Tornadus|atk|1
|turn|1
|inactive|Battle timer is ON: inactive players will automatically lose when time's up. (requested by bidofest)
|
|t:|1760870304
|move|p1a: Tornadus|Bleakwind Storm|p2a: Landorus
|-damage|p2a: Landorus|15/100
|move|p2a: Landorus|Rock Tomb|p1a: Tornadus
|-supereffective|p1a: Tornadus
|-damage|p1a: Tornadus|51/100
|-unboost|p1a: Tornadus|spe|1
|
|upkeep
|turn|2
|
|t:|1760870317
|switch|p1a: Toxapex|Toxapex, M, shiny|100/100
|move|p2a: Landorus|Rock Tomb|p1a: Toxapex
|-damage|p1a: Toxapex|88/100
|-unboost|p1a: Toxapex|spe|1
|-enditem|p1a: Toxapex|Eject Button
|
|t:|1760870321
|switch|p1a: Tinkaton|Tinkaton, F, shiny|100/100
|-ability|p1a: Tinkaton|Mold Breaker
|-item|p1a: Tinkaton|Air Balloon
|
|upkeep
|turn|3
|
|t:|1760870334
|switch|p2a: Cinderace|Cinderace, F|100/100
|move|p1a: Tinkaton|Gigaton Hammer|p2a: Cinderace
|-resisted|p2a: Cinderace
|-damage|p2a: Cinderace|69/100
|
|upkeep
|turn|4
|
|t:|1760870339
|switch|p1a: Toxapex|Toxapex, M, shiny|100/100
|move|p2a: Cinderace|Will-O-Wisp|p1a: Toxapex
|-status|p1a: Toxapex|brn
|
|-damage|p1a: Toxapex|95/100 brn|[from] brn
|upkeep
|turn|5
|
|t:|1760870343
|move|p2a: Cinderace|U-turn|p1a: Toxapex
|-resisted|p1a: Toxapex
|-damage|p1a: Toxapex|88/100 brn
|
|t:|1760870348
|switch|p2a: Slowking|Slowking-Galar, M|100/100|[from] U-turn
|move|p1a: Toxapex|Toxic|p2a: Slowking
|-immune|p2a: Slowking
|
|-damage|p1a: Toxapex|82/100 brn|[from] brn
|upkeep
|turn|6
|
|t:|1760870351
|switch|p1a: Tyranitar|Tyranitar, M, shiny|100/100
|-weather|Sandstorm|[from] ability: Sand Stream|[of] p1a: Tyranitar
|move|p2a: Slowking|Psychic Noise|p1a: Tyranitar
|-immune|p1a: Tyranitar
|
|-weather|Sandstorm|[upkeep]
|-damage|p2a: Slowking|94/100|[from] Sandstorm
|upkeep
|turn|7
|
|t:|1760870357
|switch|p2a: Kingambit|Kingambit, F|100/100
|move|p1a: Tyranitar|Knock Off|p2a: Kingambit
|-resisted|p2a: Kingambit
|-damage|p2a: Kingambit|70/100
|-enditem|p2a: Kingambit|Leftovers|[from] move: Knock Off|[of] p1a: Tyranitar
|
|-weather|Sandstorm|[upkeep]
|upkeep
|turn|8
|
|t:|1760870363
|switch|p1a: Excadrill|Excadrill, M, shiny|100/100
|-end|p2a: Kingambit|fallenundefined|[silent]
|switch|p2a: Landorus|Landorus-Therian, M|15/100
|-ability|p2a: Landorus|Intimidate|boost
|-unboost|p1a: Excadrill|atk|1
|
|-weather|Sandstorm|[upkeep]
|upkeep
|turn|9
|
|t:|1760870373
|move|p1a: Excadrill|Rock Slide|p2a: Landorus
|-damage|p2a: Landorus|0 fnt
|faint|p2a: Landorus
|
|-weather|Sandstorm|[upkeep]
|upkeep
|inactive|bidofest has 120 seconds left.
|
|t:|1760870424
|switch|p2a: Cinderace|Cinderace, F|69/100
|turn|10
|
|t:|1760870427
|-terastallize|p2a: Cinderace|Bug
|move|p1a: Excadrill|Earthquake|p2a: Cinderace
|-resisted|p2a: Cinderace
|-damage|p2a: Cinderace|50/100
|move|p2a: Cinderace|Pyro Ball|p1a: Excadrill|[miss]
|-miss|p2a: Cinderace|p1a: Excadrill
|
|-weather|none
|upkeep
|turn|11
|
|t:|1760870438
|switch|p1a: Toxapex|Toxapex, M, shiny|100/100 brn
|move|p2a: Cinderace|Will-O-Wisp|p1a: Toxapex
|-fail|p1a: Toxapex|brn
|
|-damage|p1a: Toxapex|95/100 brn|[from] brn
|upkeep
|turn|12
|
|t:|1760870444
|move|p2a: Cinderace|U-turn|p1a: Toxapex
|-resisted|p1a: Toxapex
|-damage|p1a: Toxapex|84/100 brn
|
|t:|1760870447
|switch|p2a: Slowking|Slowking-Galar, M|100/100|[from] U-turn
|move|p1a: Toxapex|Toxic|p2a: Slowking
|-immune|p2a: Slowking
|
|-damage|p1a: Toxapex|78/100 brn|[from] brn
|upkeep
|turn|13
|
|t:|1760870450
|switch|p1a: Excadrill|Excadrill, M, shiny|100/100
|-prepare|p2a: Slowking|Chilly Reception|[premajor]
|move|p2a: Slowking|Chilly Reception|p2a: Slowking
|-weather|Snowscape
|
|t:|1760870455
|switch|p2a: Cinderace|Cinderace, F, tera:Bug|50/100|[from] Chilly Reception
|
|-weather|Snowscape|[upkeep]
|upkeep
|turn|14
|j| wgw2333
|
|t:|1760870458
|switch|p2a: Kyurem|Kyurem|100/100
|-ability|p2a: Kyurem|Pressure
|switch|p1a: Tyranitar|Tyranitar, M, shiny|100/100
|-weather|Sandstorm|[from] ability: Sand Stream|[of] p1a: Tyranitar
|
|-weather|Sandstorm|[upkeep]
|-damage|p2a: Kyurem|94/100|[from] Sandstorm
|-heal|p2a: Kyurem|100/100|[from] item: Leftovers
|upkeep
|turn|15
|
|t:|1760870465
|move|p2a: Kyurem|Substitute|p2a: Kyurem
|-start|p2a: Kyurem|Substitute
|-damage|p2a: Kyurem|76/100
|move|p1a: Tyranitar|Stone Edge|p2a: Kyurem
|-supereffective|p2a: Kyurem
|-end|p2a: Kyurem|Substitute
|
|-weather|Sandstorm|[upkeep]
|-damage|p2a: Kyurem|69/100|[from] Sandstorm
|-heal|p2a: Kyurem|76/100|[from] item: Leftovers
|upkeep
|turn|16
|
|t:|1760870467
|move|p2a: Kyurem|Protect|p2a: Kyurem
|-singleturn|p2a: Kyurem|Protect
|move|p1a: Tyranitar|Stone Edge|p2a: Kyurem
|-activate|p2a: Kyurem|move: Protect
|
|-weather|Sandstorm|[upkeep]
|-damage|p2a: Kyurem|69/100|[from] Sandstorm
|-heal|p2a: Kyurem|76/100|[from] item: Leftovers
|upkeep
|turn|17
|
|t:|1760870474
|switch|p2a: Kingambit|Kingambit, F|70/100
|-activate|p2a: Kingambit|ability: Supreme Overlord
|-start|p2a: Kingambit|fallen1|[silent]
|switch|p1a: Tinkaton|Tinkaton, F, shiny|100/100
|-ability|p1a: Tinkaton|Mold Breaker
|-item|p1a: Tinkaton|Air Balloon
|
|-weather|Sandstorm|[upkeep]
|upkeep
|turn|18
|
|t:|1760870485
|switch|p1a: Excadrill|Excadrill, M, shiny|100/100
|move|p2a: Kingambit|Iron Head|p1a: Excadrill
|-resisted|p1a: Excadrill
|-damage|p1a: Excadrill|66/100
|
|-weather|none
|-heal|p1a: Excadrill|73/100|[from] item: Leftovers
|upkeep
|turn|19
|
|t:|1760870495
|-end|p2a: Kingambit|fallen1|[silent]
|switch|p2a: Cinderace|Cinderace, F, tera:Bug|50/100
|move|p1a: Excadrill|Substitute|p1a: Excadrill
|-start|p1a: Excadrill|Substitute
|-damage|p1a: Excadrill|48/100
|
|-heal|p1a: Excadrill|54/100|[from] item: Leftovers
|upkeep
|turn|20
|
|t:|1760870497
|move|p2a: Cinderace|Pyro Ball|p1a: Excadrill
|-supereffective|p1a: Excadrill
|-end|p1a: Excadrill|Substitute
|move|p1a: Excadrill|Earthquake|p2a: Cinderace
|-resisted|p2a: Cinderace
|-damage|p2a: Cinderace|18/100
|
|-heal|p1a: Excadrill|60/100|[from] item: Leftovers
|upkeep
|turn|21
|
|t:|1760870502
|move|p2a: Cinderace|Pyro Ball|p1a: Excadrill
|-supereffective|p1a: Excadrill
|-damage|p1a: Excadrill|0 fnt
|faint|p1a: Excadrill
|
|upkeep
|
|t:|1760870504
|switch|p1a: Tornadus|Tornadus-Therian, M, shiny|84/100
|turn|22
|
|t:|1760870508
|switch|p2a: Slowking|Slowking-Galar, M|100/100
|move|p1a: Tornadus|Bleakwind Storm|p2a: Slowking
|-crit|p2a: Slowking
|-damage|p2a: Slowking|42/100
|-unboost|p2a: Slowking|spe|1
|
|upkeep
|turn|23
|
|t:|1760870512
|-terastallize|p1a: Tornadus|Flying
|move|p1a: Tornadus|Bleakwind Storm|p2a: Slowking
|-damage|p2a: Slowking|0 fnt
|faint|p2a: Slowking
|
|upkeep
|
|t:|1760870535
|switch|p2a: Kingambit|Kingambit, F|70/100
|-activate|p2a: Kingambit|ability: Supreme Overlord
|-start|p2a: Kingambit|fallen2|[silent]
|turn|24
|
|t:|1760870537
|move|p1a: Tornadus|Bleakwind Storm|p2a: Kingambit|[miss]
|-miss|p1a: Tornadus|p2a: Kingambit
|move|p2a: Kingambit|Iron Head|p1a: Tornadus
|-damage|p1a: Tornadus|0 fnt
|faint|p1a: Tornadus
|
|upkeep
|
|t:|1760870541
|switch|p1a: Tyranitar|Tyranitar, M, shiny|100/100
|-weather|Sandstorm|[from] ability: Sand Stream|[of] p1a: Tyranitar
|turn|25
|
|t:|1760870551
|-end|p2a: Kingambit|fallen2|[silent]
|switch|p2a: Iron Valiant|Iron Valiant|100/100
|-enditem|p2a: Iron Valiant|Booster Energy
|-activate|p2a: Iron Valiant|ability: Quark Drive|[fromitem]
|-start|p2a: Iron Valiant|quarkdrivespe
|move|p1a: Tyranitar|Low Kick|p2a: Iron Valiant
|-resisted|p2a: Iron Valiant
|-damage|p2a: Iron Valiant|77/100
|
|-weather|Sandstorm|[upkeep]
|-damage|p2a: Iron Valiant|71/100|[from] Sandstorm
|upkeep
|turn|26
|
|t:|1760870555
|switch|p1a: Toxapex|Toxapex, M, shiny|100/100 brn
|move|p2a: Iron Valiant|Encore||[still]
|-fail|p2a: Iron Valiant
|
|-weather|Sandstorm|[upkeep]
|-damage|p2a: Iron Valiant|65/100|[from] Sandstorm
|-damage|p1a: Toxapex|95/100 brn|[from] Sandstorm
|-damage|p1a: Toxapex|89/100 brn|[from] brn
|upkeep
|turn|27
|
|t:|1760870562
|switch|p1a: Tyranitar|Tyranitar, M, shiny|100/100
|move|p2a: Iron Valiant|Shadow Ball|p1a: Tyranitar
|-resisted|p1a: Tyranitar
|-damage|p1a: Tyranitar|92/100
|
|-weather|Sandstorm|[upkeep]
|-damage|p2a: Iron Valiant|59/100|[from] Sandstorm
|upkeep
|turn|28
|
|t:|1760870567
|switch|p1a: Toxapex|Toxapex, M, shiny|100/100 brn
|move|p2a: Iron Valiant|Moonblast|p1a: Toxapex
|-resisted|p1a: Toxapex
|-damage|p1a: Toxapex|84/100 brn
|
|-weather|Sandstorm|[upkeep]
|-damage|p2a: Iron Valiant|52/100|[from] Sandstorm
|-damage|p1a: Toxapex|78/100 brn|[from] Sandstorm
|-damage|p1a: Toxapex|72/100 brn|[from] brn
|upkeep
|turn|29
|
|t:|1760870585
|move|p2a: Iron Valiant|Shadow Ball|p1a: Toxapex
|-damage|p1a: Toxapex|52/100 brn
|-unboost|p1a: Toxapex|spd|1
|move|p1a: Toxapex|Toxic|p2a: Iron Valiant
|-status|p2a: Iron Valiant|tox
|
|-weather|none
|-damage|p2a: Iron Valiant|46/100 tox|[from] psn
|-damage|p1a: Toxapex|46/100 brn|[from] brn
|upkeep
|turn|30
|
|t:|1760870590
|move|p2a: Iron Valiant|Moonblast|p1a: Toxapex
|-resisted|p1a: Toxapex
|-damage|p1a: Toxapex|22/100 brn
|move|p1a: Toxapex|Recover|p1a: Toxapex
|-heal|p1a: Toxapex|72/100 brn
|
|-damage|p2a: Iron Valiant|34/100 tox|[from] psn
|-damage|p1a: Toxapex|66/100 brn|[from] brn
|upkeep
|turn|31
|
|t:|1760870596
|switch|p1a: Tyranitar|Tyranitar, M, shiny|92/100
|-weather|Sandstorm|[from] ability: Sand Stream|[of] p1a: Tyranitar
|move|p2a: Iron Valiant|Encore||[still]
|-fail|p2a: Iron Valiant
|
|-weather|Sandstorm|[upkeep]
|-damage|p2a: Iron Valiant|27/100 tox|[from] Sandstorm
|-damage|p2a: Iron Valiant|9/100 tox|[from] psn
|upkeep
|turn|32
|j| Wowbigsmall
|
|t:|1760870602
|switch|p1a: Toxapex|Toxapex, M, shiny|99/100 brn
|move|p2a: Iron Valiant|Moonblast|p1a: Toxapex
|-resisted|p1a: Toxapex
|-damage|p1a: Toxapex|84/100 brn
|-unboost|p1a: Toxapex|spa|1
|
|-weather|Sandstorm|[upkeep]
|-damage|p2a: Iron Valiant|3/100 tox|[from] Sandstorm
|-damage|p1a: Toxapex|78/100 brn|[from] Sandstorm
|-damage|p2a: Iron Valiant|0 fnt|[from] psn
|faint|p2a: Iron Valiant
|-end|p2a: Iron Valiant|Quark Drive|[silent]
|-damage|p1a: Toxapex|72/100 brn|[from] brn
|upkeep
|j| tapu moxo
|
|t:|1760870606
|switch|p2a: Kyurem|Kyurem|76/100
|-ability|p2a: Kyurem|Pressure
|turn|33
|
|t:|1760870609
|switch|p1a: Tinkaton|Tinkaton, F, shiny|100/100
|-ability|p1a: Tinkaton|Mold Breaker
|-item|p1a: Tinkaton|Air Balloon
|move|p2a: Kyurem|Earth Power|p1a: Tinkaton
|-immune|p1a: Tinkaton
|
|-weather|Sandstorm|[upkeep]
|-damage|p2a: Kyurem|69/100|[from] Sandstorm
|-heal|p2a: Kyurem|76/100|[from] item: Leftovers
|upkeep
|turn|34
|l| tapu moxo
|
|t:|1760870622
|move|p2a: Kyurem|Protect|p2a: Kyurem
|-singleturn|p2a: Kyurem|Protect
|move|p1a: Tinkaton|Gigaton Hammer|p2a: Kyurem
|-activate|p2a: Kyurem|move: Protect
|
|-weather|Sandstorm|[upkeep]
|-damage|p2a: Kyurem|69/100|[from] Sandstorm
|-heal|p2a: Kyurem|76/100|[from] item: Leftovers
|upkeep
|turn|35
|
|t:|1760870630
|move|p2a: Kyurem|Substitute|p2a: Kyurem
|-start|p2a: Kyurem|Substitute
|-damage|p2a: Kyurem|51/100
|move|p1a: Tinkaton|Encore|p2a: Kyurem
|-start|p2a: Kyurem|Encore
|
|-weather|none
|-heal|p2a: Kyurem|57/100|[from] item: Leftovers
|upkeep
|turn|36
|
|t:|1760870635
|move|p2a: Kyurem|Substitute|p2a: Kyurem
|-fail|p2a: Kyurem|move: Substitute
|move|p1a: Tinkaton|Gigaton Hammer|p2a: Kyurem
|-supereffective|p2a: Kyurem
|-end|p2a: Kyurem|Substitute
|
|-heal|p2a: Kyurem|63/100|[from] item: Leftovers
|upkeep
|turn|37
|
|t:|1760870640
|switch|p2a: Kingambit|Kingambit, F|70/100
|-activate|p2a: Kingambit|ability: Supreme Overlord
|-start|p2a: Kingambit|fallen3|[silent]
|switch|p1a: Tyranitar|Tyranitar, M, shiny|92/100
|-weather|Sandstorm|[from] ability: Sand Stream|[of] p1a: Tyranitar
|
|-weather|Sandstorm|[upkeep]
|upkeep
|turn|38
|
|t:|1760870645
|move|p1a: Tyranitar|Knock Off|p2a: Kingambit
|-resisted|p2a: Kingambit
|-damage|p2a: Kingambit|47/100
|move|p2a: Kingambit|Iron Head|p1a: Tyranitar
|-supereffective|p1a: Tyranitar
|-damage|p1a: Tyranitar|0 fnt
|faint|p1a: Tyranitar
|
|-weather|Sandstorm|[upkeep]
|upkeep
|j| Mr.CelesteelYaGirl
|
|t:|1760870658
|switch|p1a: Tinkaton|Tinkaton, F, shiny|100/100
|-ability|p1a: Tinkaton|Mold Breaker
|-item|p1a: Tinkaton|Air Balloon
|turn|39
|
|t:|1760870664
|move|p1a: Tinkaton|Gigaton Hammer|p2a: Kingambit
|-resisted|p2a: Kingambit
|-damage|p2a: Kingambit|25/100
|move|p2a: Kingambit|Iron Head|p1a: Tinkaton
|-damage|p1a: Tinkaton|11/100
|-enditem|p1a: Tinkaton|Air Balloon
|
|-weather|Sandstorm|[upkeep]
|upkeep
|turn|40
|
|t:|1760870672
|-end|p2a: Kingambit|fallen3|[silent]
|switch|p2a: Kyurem|Kyurem|63/100
|-ability|p2a: Kyurem|Pressure
|move|p1a: Tinkaton|Stealth Rock|p2a: Kyurem
|-sidestart|p2: bidofest|move: Stealth Rock
|
|-weather|Sandstorm|[upkeep]
|-damage|p2a: Kyurem|57/100|[from] Sandstorm
|-heal|p2a: Kyurem|63/100|[from] item: Leftovers
|upkeep
|turn|41
|
|t:|1760870677
|move|p2a: Kyurem|Freeze-Dry|p1a: Tinkaton
|-resisted|p1a: Tinkaton
|-damage|p1a: Tinkaton|0 fnt
|faint|p1a: Tinkaton
|
|-weather|none
|-heal|p2a: Kyurem|69/100|[from] item: Leftovers
|upkeep
|
|t:|1760870683
|switch|p1a: Sinistcha|Sinistcha, shiny|100/100
|turn|42
|
|t:|1760870687
|move|p2a: Kyurem|Freeze-Dry|p1a: Sinistcha
|-supereffective|p1a: Sinistcha
|-damage|p1a: Sinistcha|22/100
|-status|p1a: Sinistcha|frz
|-curestatus|p1a: Sinistcha|frz|[msg]
|move|p1a: Sinistcha|Calm Mind|p1a: Sinistcha
|-boost|p1a: Sinistcha|spa|1
|-boost|p1a: Sinistcha|spd|1
|
|-heal|p2a: Kyurem|75/100|[from] item: Leftovers
|-heal|p1a: Sinistcha|28/100|[from] item: Leftovers
|upkeep
|turn|43
|
|t:|1760870689
|move|p2a: Kyurem|Freeze-Dry|p1a: Sinistcha
|-supereffective|p1a: Sinistcha
|-damage|p1a: Sinistcha|0 fnt
|faint|p1a: Sinistcha
|
|-heal|p2a: Kyurem|81/100|[from] item: Leftovers
|upkeep
|-message|151htyrneh forfeited.
|
|win|bidofest
|raw|151htyrneh's rating: 1742 &rarr; <strong>1721</strong><br />(-21 for losing)
|raw|bidofest's rating: 1727 &rarr; <strong>1748</strong><br />(+21 for winning)
|l|☆151htyrneh
|player|p1|
|l| Mr.CelesteelYaGirl
|c|☆bidofest|ty for watching chat
|l| wgw2333
