|j|☆waterbroxox
|j|☆Pigelet
|t:|1760846435
|gametype|singles
|player|p1|waterbroxox|101|1204
|player|p2|Pigelet|benga|1176
|gen|9
|tier|[Gen 9] OU
|rated|
|rule|HP Percentage Mod: HP is shown in percentages
|rule|Endless Battle Clause: Forcing endless battles is banned
|rule|Species Clause: Limit one of each Pokémon
|rule|OHKO Clause: OHKO moves are banned
|rule|Evasion Items Clause: Evasion items are banned
|rule|Evasion Moves Clause: Evasion moves are banned
|rule|Evasion Abilities Clause: Evasion abilities are banned
|rule|Sleep Moves Clause: Sleep-inducing moves are banned
|clearpoke
|poke|p1|Indeedee, M|
|poke|p1|Smeargle, M|
|poke|p1|Galvantula, M|
|poke|p1|Great Tusk|
|poke|p1|Breloom, M|
|poke|p1|Sandy Shocks|
|poke|p2|Scizor, M|
|poke|p2|Araquanid, M|
|poke|p2|Rabsca, F|
|poke|p2|Galvantula, M|
|poke|p2|Lokix, F|
|poke|p2|Yanmega, F|
|teampreview
|
|t:|1760846442
|teamsize|p1|6
|teamsize|p2|6
|start
|switch|p1a: Indeedee|Indeedee, M|100/100
|switch|p2a: Galvantula|Galvantula, M|100/100
|-fieldstart|move: Psychic Terrain|[from] ability: Psychic Surge|[of] p1a: Indeedee
|turn|1
|
|t:|1760846453
|move|p1a: Indeedee|Trick|p2a: Galvantula
|-activate|p1a: Indeedee|move: Trick|[of] p2a: Galvantula
|-item|p2a: Galvantula|Choice Scarf|[from] move: Trick
|-item|p1a: Indeedee|Focus Sash|[from] move: Trick
|move|p2a: Galvantula|Bug Buzz|p1a: Indeedee
|-supereffective|p1a: Indeedee
|-damage|p1a: Indeedee|4/100
|
|upkeep
|turn|2
|inactive|Battle timer is ON: inactive players will automatically lose when time's up. (requested by waterbroxox)
|
|t:|1760846472
|switch|p1a: Great Tusk|Great Tusk|100/100
|-enditem|p1a: Great Tusk|Booster Energy
|-activate|p1a: Great Tusk|ability: Protosynthesis|[fromitem]
|-start|p1a: Great Tusk|protosynthesisatk
|move|p2a: Galvantula|Bug Buzz|p1a: Great Tusk
|-resisted|p1a: Great Tusk
|-damage|p1a: Great Tusk|73/100
|
|upkeep
|turn|3
|
|t:|1760846485
|switch|p2a: Araquanid|Araquanid, M|100/100
|move|p1a: Great Tusk|Rapid Spin|p2a: Araquanid
|-damage|p2a: Araquanid|65/100
|-boost|p1a: Great Tusk|spe|1
|
|upkeep
|turn|4
|
|t:|1760846492
|move|p1a: Great Tusk|Headlong Rush|p2a: Araquanid
|-resisted|p2a: Araquanid
|-damage|p2a: Araquanid|1/100
|-unboost|p1a: Great Tusk|def|1
|-unboost|p1a: Great Tusk|spd|1
|move|p2a: Araquanid|Liquidation|p1a: Great Tusk
|-supereffective|p1a: Great Tusk
|-damage|p1a: Great Tusk|0 fnt
|faint|p1a: Great Tusk
|-end|p1a: Great Tusk|Protosynthesis|[silent]
|
|upkeep
|
|t:|1760846511
|switch|p1a: Indeedee|Indeedee, M|4/100
|turn|5
|
|t:|1760846527
|switch|p2a: Lokix|Lokix, F|100/100
|move|p1a: Indeedee|Expanding Force|p2a: Lokix
|-immune|p2a: Lokix
|
|-fieldend|move: Psychic Terrain
|upkeep
|turn|6
|
|t:|1760846540
|move|p2a: Lokix|First Impression|p1a: Indeedee
|-supereffective|p1a: Indeedee
|-damage|p1a: Indeedee|0 fnt
|faint|p1a: Indeedee
|
|upkeep
|
|t:|1760846546
|switch|p1a: Galvantula|Galvantula, M|100/100
|turn|7
|
|t:|1760846556
|move|p1a: Galvantula|Sticky Web|p2a: Lokix
|-sidestart|p2: Pigelet|move: Sticky Web
|move|p2a: Lokix|Knock Off|p1a: Galvantula
|-damage|p1a: Galvantula|24/100
|-enditem|p1a: Galvantula|Focus Sash|[from] move: Knock Off|[of] p2a: Lokix
|
|upkeep
|turn|8
|
|t:|1760846563
|move|p1a: Galvantula|Bug Buzz|p2a: Lokix
|-supereffective|p2a: Lokix
|-damage|p2a: Lokix|0 fnt
|faint|p2a: Lokix
|
|upkeep
|
|t:|1760846573
|switch|p2a: Yanmega|Yanmega, F|100/100
|turn|9
|
|t:|1760846576
|move|p2a: Yanmega|Protect|p2a: Yanmega
|-singleturn|p2a: Yanmega|Protect
|move|p1a: Galvantula|Thunder|p2a: Yanmega
|-activate|p2a: Yanmega|move: Protect
|
|-ability|p2a: Yanmega|Speed Boost|boost
|-boost|p2a: Yanmega|spe|1
|upkeep
|turn|10
|
|t:|1760846582
|move|p2a: Yanmega|Bug Buzz|p1a: Galvantula
|-damage|p1a: Galvantula|0 fnt
|faint|p1a: Galvantula
|
|-ability|p2a: Yanmega|Speed Boost|boost
|-boost|p2a: Yanmega|spe|1
|upkeep
|
|t:|1760846600
|switch|p1a: Sandy Shocks|Sandy Shocks|100/100
|-enditem|p1a: Sandy Shocks|Booster Energy
|-activate|p1a: Sandy Shocks|ability: Protosynthesis|[fromitem]
|-start|p1a: Sandy Shocks|protosynthesisspe
|turn|11
|
|t:|1760846607
|move|p2a: Yanmega|Protect|p2a: Yanmega
|-singleturn|p2a: Yanmega|Protect
|move|p1a: Sandy Shocks|Charge Beam|p2a: Yanmega
|-activate|p2a: Yanmega|move: Protect
|
|-ability|p2a: Yanmega|Speed Boost|boost
|-boost|p2a: Yanmega|spe|1
|upkeep
|turn|12
|
|t:|1760846619
|-terastallize|p2a: Yanmega|Bug
|move|p2a: Yanmega|Bug Buzz|p1a: Sandy Shocks
|-damage|p1a: Sandy Shocks|23/100
|move|p1a: Sandy Shocks|Charge Beam|p2a: Yanmega
|-damage|p2a: Yanmega|57/100
|-boost|p1a: Sandy Shocks|spa|1
|
|-ability|p2a: Yanmega|Speed Boost|boost
|-boost|p2a: Yanmega|spe|1
|upkeep
|turn|13
|
|t:|1760846631
|move|p2a: Yanmega|Bug Buzz|p1a: Sandy Shocks
|-damage|p1a: Sandy Shocks|0 fnt
|faint|p1a: Sandy Shocks
|-end|p1a: Sandy Shocks|Protosynthesis|[silent]
|
|-ability|p2a: Yanmega|Speed Boost|boost
|-boost|p2a: Yanmega|spe|1
|upkeep
|
|t:|1760846638
|switch|p1a: Breloom|Breloom, M|100/100
|turn|14
|
|t:|1760846642
|move|p2a: Yanmega|Air Cutter|p1a: Breloom
|-supereffective|p1a: Breloom
|-enditem|p1a: Breloom|Focus Sash
|-damage|p1a: Breloom|1/100
|move|p1a: Breloom|Reversal|p2a: Yanmega
|-resisted|p2a: Yanmega
|-damage|p2a: Yanmega|0 fnt
|faint|p2a: Yanmega
|
|upkeep
|
|t:|1760846647
|switch|p2a: Scizor|Scizor, M|100/100
|-activate|p2a: Scizor|move: Sticky Web
|-unboost|p2a: Scizor|spe|1
|turn|15
|
|t:|1760846656
|move|p1a: Breloom|Mach Punch|p2a: Scizor
|-damage|p2a: Scizor|70/100
|move|p2a: Scizor|Bullet Punch|p1a: Breloom
|-damage|p1a: Breloom|0 fnt
|faint|p1a: Breloom
|-damage|p2a: Scizor|60/100|[from] item: Life Orb
|
|upkeep
|
|t:|1760846664
|switch|p1a: FINAL BOSS|Smeargle, M|100/100
|turn|16
|
|t:|1760846667
|move|p1a: FINAL BOSS|Burning Bulwark|p1a: FINAL BOSS
|-singleturn|p1a: FINAL BOSS|move: Protect
|move|p2a: Scizor|Close Combat|p1a: FINAL BOSS
|-activate|p1a: FINAL BOSS|move: Protect
|-status|p2a: Scizor|brn
|
|-damage|p2a: Scizor|54/100 brn|[from] brn
|upkeep
|turn|17
|
|t:|1760846678
|-terastallize|p1a: FINAL BOSS|Ghost
|move|p1a: FINAL BOSS|Shell Smash|p1a: FINAL BOSS
|-unboost|p1a: FINAL BOSS|def|1
|-unboost|p1a: FINAL BOSS|spd|1
|-boost|p1a: FINAL BOSS|atk|2
|-boost|p1a: FINAL BOSS|spa|2
|-boost|p1a: FINAL BOSS|spe|2
|move|p2a: Scizor|Close Combat|p1a: FINAL BOSS
|-immune|p1a: FINAL BOSS
|
|-damage|p2a: Scizor|48/100 brn|[from] brn
|upkeep
|turn|18
|
|t:|1760846692
|move|p1a: FINAL BOSS|Burning Bulwark|p1a: FINAL BOSS
|-singleturn|p1a: FINAL BOSS|move: Protect
|move|p2a: Scizor|Knock Off|p1a: FINAL BOSS
|-activate|p1a: FINAL BOSS|move: Protect
|
|-damage|p2a: Scizor|42/100 brn|[from] brn
|upkeep
|turn|19
|
|t:|1760846700
|move|p1a: FINAL BOSS|Astral Barrage|p2a: Scizor
|-damage|p2a: Scizor|0 fnt
|faint|p2a: Scizor
|
|upkeep
|
|t:|1760846710
|switch|p2a: Rabsca|Rabsca, F|100/100
|-activate|p2a: Rabsca|move: Sticky Web
|-unboost|p2a: Rabsca|spe|1
|turn|20
|
|t:|1760846717
|move|p1a: FINAL BOSS|Shell Smash|p1a: FINAL BOSS
|-unboost|p1a: FINAL BOSS|def|1
|-unboost|p1a: FINAL BOSS|spd|1
|-boost|p1a: FINAL BOSS|atk|2
|-boost|p1a: FINAL BOSS|spa|2
|-boost|p1a: FINAL BOSS|spe|2
|move|p2a: Rabsca|Revival Blessing|p2a: Rabsca
|
|t:|1760846729
|-heal|p2: Lokix|50/100|[from] move: Revival Blessing
|
|upkeep
|turn|21
|
|t:|1760846739
|move|p1a: FINAL BOSS|Astral Barrage|p2a: Rabsca
|-supereffective|p2a: Rabsca
|-damage|p2a: Rabsca|0 fnt
|faint|p2a: Rabsca
|
|upkeep
|
|t:|1760846742
|switch|p2a: Galvantula|Galvantula, M|100/100
|-activate|p2a: Galvantula|move: Sticky Web
|-unboost|p2a: Galvantula|spe|1
|turn|22
|
|t:|1760846751
|move|p1a: FINAL BOSS|Blood Moon|p2a: Galvantula
|-damage|p2a: Galvantula|0 fnt
|faint|p2a: Galvantula
|
|upkeep
|
|t:|1760846757
|switch|p2a: Araquanid|Araquanid, M|1/100
|-activate|p2a: Araquanid|move: Sticky Web
|-unboost|p2a: Araquanid|spe|1
|turn|23
|
|t:|1760846762
|move|p1a: FINAL BOSS|Astral Barrage|p2a: Araquanid
|-damage|p2a: Araquanid|0 fnt
|faint|p2a: Araquanid
|
|upkeep
|
|t:|1760846764
|switch|p2a: Lokix|Lokix, F|50/100
|-activate|p2a: Lokix|move: Sticky Web
|-unboost|p2a: Lokix|spe|1
|turn|24
|
|t:|1760846771
|move|p1a: FINAL BOSS|Burning Bulwark|p1a: FINAL BOSS
|-singleturn|p1a: FINAL BOSS|move: Protect
|move|p2a: Lokix|First Impression|p1a: FINAL BOSS
|-activate|p1a: FINAL BOSS|move: Protect
|-status|p2a: Lokix|brn
|
|-damage|p2a: Lokix|44/100 brn|[from] brn
|upkeep
|turn|25
|
|t:|1760846781
|move|p1a: FINAL BOSS|Blood Moon|p2a: Lokix
|-damage|p2a: Lokix|0 fnt
|faint|p2a: Lokix
|
|win|waterbroxox
|raw|waterbroxox's rating: 1204 &rarr; <strong>1227</strong><br />(+23 for winning)
|raw|Pigelet's rating: 1176 &rarr; <strong>1153</strong><br />(-23 for losing)
|c|☆Pigelet|gg, i got absolutely canned
|c|☆waterbroxox|Lol ggs
|c|☆Pigelet|I like that  smeargle
|c|☆Pigelet|bro is built DIFFERENT
|c|☆waterbroxox|Bro Smearlge really do be the final boss
|c|☆waterbroxox|Thx i was just thinking of making a goofy team
|c|☆Pigelet|I think you accomplish that very well
|c|☆waterbroxox|Yessir
|c|☆Pigelet|May you continue to ensue chaos in future battles
|c|☆Pigelet|ggs once again, lol
|c|☆waterbroxox|That smeargle got that nickname for a reason bro
|c|☆Pigelet|Lmao, I can see that
|c|☆waterbroxox|Lol yessir
|c|☆waterbroxox|Ggs bro
|c|☆Pigelet|Take care
|l|☆Pigelet
|player|p2|
|c|☆waterbroxox|Cya
