|j|☆t1nkt0n
|j|☆sminey
|t:|1760770849
|gametype|singles
|player|p1|t1nkt0n|shadowtriad|1577
|player|p2|sminey|palmer|1623
|gen|9
|tier|[Gen 9] OU
|rated|
|rule|HP Percentage Mod: HP is shown in percentages
|rule|Endless Battle Clause: Forcing endless battles is banned
|rule|Species Clause: Limit one of each Pokémon
|rule|OHKO Clause: OHKO moves are banned
|rule|Evasion Items Clause: Evasion items are banned
|rule|Evasion Moves Clause: Evasion moves are banned
|rule|Evasion Abilities Clause: Evasion abilities are banned
|rule|Sleep Moves Clause: Sleep-inducing moves are banned
|clearpoke
|poke|p1|Iron Valiant|
|poke|p1|Great Tusk|
|poke|p1|Dragonite, F|
|poke|p1|Deoxys-Speed|
|poke|p1|Glimmora, F|
|poke|p1|Kingambit, F|
|poke|p2|Cinderace, F|
|poke|p2|Zapdos|
|poke|p2|Latios, M|
|poke|p2|Weavile, F|
|poke|p2|Clefable, F|
|poke|p2|Slowking-Galar, M|
|teampreview
|
|t:|1760770859
|teamsize|p1|6
|teamsize|p2|6
|start
|switch|p1a: Glimmora|Glimmora, F|100/100
|switch|p2a: Latios|Latios, M|100/100
|turn|1
|
|t:|1760770862
|switch|p1a: Kingambit|Kingambit, F|100/100
|move|p2a: Latios|Flip Turn|p1a: Kingambit
|-damage|p1a: Kingambit|90/100
|
|t:|1760770864
|switch|p2a: Cinderace|Cinderace, F|100/100|[from] Flip Turn
|
|upkeep
|turn|2
|
|t:|1760770869
|-end|p1a: Kingambit|fallenundefined|[silent]
|switch|p1a: Glimmora|Glimmora, F|100/100
|move|p2a: Cinderace|Pyro Ball|p1a: Glimmora|[miss]
|-miss|p2a: Cinderace|p1a: Glimmora
|
|upkeep
|turn|3
|
|t:|1760770872
|move|p2a: Cinderace|U-turn|p1a: Glimmora
|-start|p2a: Cinderace|typechange|Bug|[from] ability: Libero
|-resisted|p1a: Glimmora
|-damage|p1a: Glimmora|79/100
|-activate|p1a: Glimmora|ability: Toxic Debris
|-sidestart|p2: sminey|move: Toxic Spikes
|
|t:|1760770877
|switch|p2a: Slowking|Slowking-Galar, M|100/100|[from] U-turn
|-sideend|p2: sminey|move: Toxic Spikes|[of] p2a: Slowking
|move|p1a: Glimmora|Meteor Beam||[still]
|-prepare|p1a: Glimmora|Meteor Beam
|-boost|p1a: Glimmora|spa|1
|-enditem|p1a: Glimmora|Power Herb
|-anim|p1a: Glimmora|Meteor Beam|p2a: Slowking
|-damage|p2a: Slowking|64/100
|
|upkeep
|turn|4
|
|t:|1760770882
|switch|p2a: Latios|Latios, M|100/100
|move|p1a: Glimmora|Earth Power|p2a: Latios
|-immune|p2a: Latios|[from] ability: Levitate
|
|upkeep
|turn|5
|
|t:|1760770887
|switch|p1a: Kingambit|Kingambit, F|90/100
|move|p2a: Latios|Flip Turn|p1a: Kingambit
|-damage|p1a: Kingambit|80/100
|
|t:|1760770891
|switch|p2a: Cinderace|Cinderace, F|100/100|[from] Flip Turn
|
|upkeep
|turn|6
|inactive|Battle timer is ON: inactive players will automatically lose when time's up. (requested by sminey)
|
|t:|1760770894
|-end|p1a: Kingambit|fallenundefined|[silent]
|switch|p1a: Glimmora|Glimmora, F|79/100
|move|p2a: Cinderace|Pyro Ball|p1a: Glimmora
|-resisted|p1a: Glimmora
|-damage|p1a: Glimmora|41/100
|-activate|p1a: Glimmora|ability: Toxic Debris
|-sidestart|p2: sminey|move: Toxic Spikes
|
|upkeep
|turn|7
|
|t:|1760770898
|move|p2a: Cinderace|U-turn|p1a: Glimmora
|-start|p2a: Cinderace|typechange|Bug|[from] ability: Libero
|-resisted|p1a: Glimmora
|-damage|p1a: Glimmora|22/100
|-activate|p1a: Glimmora|ability: Toxic Debris
|-sidestart|p2: sminey|move: Toxic Spikes
|
|t:|1760770902
|switch|p2a: Latios|Latios, M|100/100|[from] U-turn
|move|p1a: Glimmora|Meteor Beam||[still]
|-prepare|p1a: Glimmora|Meteor Beam
|-boost|p1a: Glimmora|spa|1
|
|upkeep
|turn|8
|
|t:|1760770908
|move|p2a: Latios|Flip Turn|p1a: Glimmora
|-supereffective|p1a: Glimmora
|-crit|p1a: Glimmora
|-damage|p1a: Glimmora|0 fnt
|faint|p1a: Glimmora
|
|t:|1760770922
|switch|p2a: Cinderace|Cinderace, F|100/100|[from] Flip Turn
|
|upkeep
|
|t:|1760770926
|switch|p1a: Great Tusk|Great Tusk, shiny|100/100
|-enditem|p1a: Great Tusk|Booster Energy
|-activate|p1a: Great Tusk|ability: Protosynthesis|[fromitem]
|-start|p1a: Great Tusk|protosynthesisspe
|turn|9
|
|t:|1760770932
|switch|p2a: Zapdos|Zapdos|100/100
|move|p1a: Great Tusk|Bulk Up|p1a: Great Tusk
|-boost|p1a: Great Tusk|atk|1
|-boost|p1a: Great Tusk|def|1
|
|upkeep
|turn|10
|
|t:|1760770935
|move|p1a: Great Tusk|Head Smash|p2a: Zapdos
|-supereffective|p2a: Zapdos
|-damage|p2a: Zapdos|3/100
|-status|p1a: Great Tusk|par|[from] ability: Static|[of] p2a: Zapdos
|-damage|p1a: Great Tusk|57/100 par|[from] Recoil
|move|p2a: Zapdos|Hurricane|p1a: Great Tusk
|-supereffective|p1a: Great Tusk
|-crit|p1a: Great Tusk
|-damage|p1a: Great Tusk|0 fnt
|faint|p1a: Great Tusk
|-end|p1a: Great Tusk|Protosynthesis|[silent]
|
|upkeep
|
|t:|1760770941
|switch|p1a: Iron Valiant|Iron Valiant|100/100
|-enditem|p1a: Iron Valiant|Booster Energy
|-activate|p1a: Iron Valiant|ability: Quark Drive|[fromitem]
|-start|p1a: Iron Valiant|quarkdrivespe
|turn|11
|
|t:|1760770944
|switch|p2a: Slowking|Slowking-Galar, M|97/100
|-sideend|p2: sminey|move: Toxic Spikes|[of] p2a: Slowking
|move|p1a: Iron Valiant|Moonblast|p2a: Slowking
|-resisted|p2a: Slowking
|-damage|p2a: Slowking|88/100
|
|upkeep
|turn|12
|
|t:|1760770948
|move|p1a: Iron Valiant|Knock Off|p2a: Slowking
|-supereffective|p2a: Slowking
|-damage|p2a: Slowking|28/100
|-enditem|p2a: Slowking|Assault Vest|[from] move: Knock Off|[of] p1a: Iron Valiant
|move|p2a: Slowking|Sludge Bomb|p1a: Iron Valiant
|-supereffective|p1a: Iron Valiant
|-damage|p1a: Iron Valiant|0 fnt
|faint|p1a: Iron Valiant
|-end|p1a: Iron Valiant|Quark Drive|[silent]
|
|upkeep
|
|t:|1760770958
|switch|p1a: Deoxys|Deoxys-Speed|100/100
|-ability|p1a: Deoxys|Pressure
|turn|13
|
|t:|1760770969
|switch|p2a: Zapdos|Zapdos|3/100
|move|p1a: Deoxys|Psycho Boost|p2a: Zapdos
|-damage|p2a: Zapdos|0 fnt
|-unboost|p1a: Deoxys|spa|2
|faint|p2a: Zapdos
|
|upkeep
|
|t:|1760770987
|switch|p2a: Cinderace|Cinderace, F|100/100
|turn|14
|
|t:|1760770991
|move|p1a: Deoxys|Reflect|p1a: Deoxys
|-sidestart|p1: t1nkt0n|Reflect
|move|p2a: Cinderace|Pyro Ball|p1a: Deoxys|[miss]
|-miss|p2a: Cinderace|p1a: Deoxys
|
|upkeep
|turn|15
|
|t:|1760770998
|move|p1a: Deoxys|Taunt|p2a: Cinderace
|-start|p2a: Cinderace|move: Taunt
|cant|p2a: Cinderace|move: Taunt|Court Change
|
|upkeep
|turn|16
|
|t:|1760771006
|move|p1a: Deoxys|Light Screen|p1a: Deoxys
|-sidestart|p1: t1nkt0n|move: Light Screen
|move|p2a: Cinderace|U-turn|p1a: Deoxys
|-start|p2a: Cinderace|typechange|Bug|[from] ability: Libero
|-supereffective|p1a: Deoxys
|-damage|p1a: Deoxys|60/100
|
|t:|1760771011
|switch|p2a: Weavile|Weavile, F|100/100|[from] U-turn
|-ability|p2a: Weavile|Pressure
|
|upkeep
|turn|17
|
|t:|1760771025
|switch|p2a: Cinderace|Cinderace, F|100/100
|move|p1a: Deoxys|Psycho Boost|p2a: Cinderace
|-damage|p2a: Cinderace|67/100
|-unboost|p1a: Deoxys|spa|2
|
|upkeep
|turn|18
|
|t:|1760771033
|move|p1a: Deoxys|Taunt|p2a: Cinderace
|-start|p2a: Cinderace|move: Taunt
|move|p2a: Cinderace|U-turn|p1a: Deoxys
|-start|p2a: Cinderace|typechange|Bug|[from] ability: Libero
|-supereffective|p1a: Deoxys
|-damage|p1a: Deoxys|19/100
|
|t:|1760771040
|switch|p2a: Slowking|Slowking-Galar, M|61/100|[from] U-turn
|
|upkeep
|turn|19
|
|t:|1760771050
|switch|p2a: Cinderace|Cinderace, F|67/100
|move|p1a: Deoxys|Psycho Boost|p2a: Cinderace|[miss]
|-miss|p1a: Deoxys|p2a: Cinderace
|
|upkeep
|turn|20
|
|t:|1760771058
|switch|p2a: Weavile|Weavile, F|100/100
|-ability|p2a: Weavile|Pressure
|move|p1a: Deoxys|Taunt|p2a: Weavile
|-start|p2a: Weavile|move: Taunt
|
|upkeep
|turn|21
|
|t:|1760771072
|switch|p2a: Latios|Latios, M|100/100
|move|p1a: Deoxys|Taunt|p2a: Latios
|-start|p2a: Latios|move: Taunt
|
|-sideend|p1: t1nkt0n|Reflect
|upkeep
|turn|22
|
|t:|1760771079
|move|p2a: Latios|Flip Turn|p1a: Deoxys
|-damage|p1a: Deoxys|6/100
|
|t:|1760771083
|switch|p2a: Cinderace|Cinderace, F|67/100|[from] Flip Turn
|move|p1a: Deoxys|Reflect|p1a: Deoxys
|-sidestart|p1: t1nkt0n|Reflect
|
|upkeep
|turn|23
|
|t:|1760771088
|switch|p2a: Latios|Latios, M|100/100
|move|p1a: Deoxys|Taunt|p2a: Latios
|-start|p2a: Latios|move: Taunt
|
|-sideend|p1: t1nkt0n|move: Light Screen
|upkeep
|turn|24
|
|t:|1760771099
|switch|p2a: Weavile|Weavile, F|100/100
|-ability|p2a: Weavile|Pressure
|move|p1a: Deoxys|Psycho Boost|p2a: Weavile
|-immune|p2a: Weavile
|
|upkeep
|turn|25
|
|t:|1760771110
|switch|p2a: Latios|Latios, M|100/100
|move|p1a: Deoxys|Taunt|p2a: Latios
|-start|p2a: Latios|move: Taunt
|
|upkeep
|turn|26
|
|t:|1760771123
|switch|p2a: Weavile|Weavile, F|100/100
|-ability|p2a: Weavile|Pressure
|move|p1a: Deoxys|Light Screen|p1a: Deoxys
|-sidestart|p1: t1nkt0n|move: Light Screen
|
|upkeep
|turn|27
|
|t:|1760771135
|switch|p1a: Kingambit|Kingambit, F|80/100
|-activate|p1a: Kingambit|ability: Supreme Overlord
|-start|p1a: Kingambit|fallen3|[silent]
|switch|p2a: Clefable|Clefable, F|100/100
|
|upkeep
|turn|28
|
|t:|1760771161
|switch|p2a: Latios|Latios, M|100/100
|move|p1a: Kingambit|Swords Dance|p1a: Kingambit
|-boost|p1a: Kingambit|atk|2
|
|upkeep
|turn|29
|
|t:|1760771167
|move|p2a: Latios|Trick|p1a: Kingambit
|-activate|p2a: Latios|move: Trick|[of] p1a: Kingambit
|-item|p1a: Kingambit|Choice Scarf|[from] move: Trick
|-item|p2a: Latios|Lum Berry|[from] move: Trick
|move|p1a: Kingambit|Iron Head|p2a: Latios
|-damage|p2a: Latios|0 fnt
|faint|p2a: Latios
|
|-sideend|p1: t1nkt0n|Reflect
|upkeep
|
|t:|1760771176
|switch|p2a: Cinderace|Cinderace, F|67/100
|turn|30
|
|t:|1760771179
|-terastallize|p1a: Kingambit|Fighting
|move|p2a: Cinderace|Pyro Ball|p1a: Kingambit
|-damage|p1a: Kingambit|31/100
|move|p1a: Kingambit|Iron Head|p2a: Cinderace
|-resisted|p2a: Cinderace
|-damage|p2a: Cinderace|0 fnt
|faint|p2a: Cinderace
|
|upkeep
|
|t:|1760771195
|switch|p2a: Weavile|Weavile, F|100/100
|-ability|p2a: Weavile|Pressure
|turn|31
|
|t:|1760771201
|move|p2a: Weavile|Triple Axel|p1a: Kingambit
|-damage|p1a: Kingambit|23/100
|-damage|p1a: Kingambit|7/100
|-damage|p1a: Kingambit|0 fnt
|faint|p1a: Kingambit
|-end|p1a: Kingambit|fallen3|[silent]
|-hitcount|p1: Kingambit|3
|
|upkeep
|
|t:|1760771208
|switch|p1a: Dragonite|Dragonite, F, shiny|100/100
|turn|32
|
|t:|1760771210
|move|p2a: Weavile|Triple Axel|p1a: Dragonite
|-supereffective|p1a: Dragonite
|-damage|p1a: Dragonite|79/100
|-supereffective|p1a: Dragonite
|-damage|p1a: Dragonite|0 fnt
|faint|p1a: Dragonite
|-hitcount|p1: Dragonite|2
|
|upkeep
|-message|t1nkt0n forfeited.
|
|win|sminey
|raw|t1nkt0n's rating: 1577 &rarr; <strong>1560</strong><br />(-17 for losing)
|raw|sminey's rating: 1623 &rarr; <strong>1640</strong><br />(+17 for winning)
|l|☆t1nkt0n
|player|p1|
|c|☆sminey|gg
|l|☆sminey
|player|p2|
