|j|☆b00mie
|j|☆zaonxerses
|t:|1760768595
|gametype|singles
|player|p1|b00mie|266|1324
|player|p2|zaonxerses|ingo|1352
|gen|9
|tier|[Gen 9] OU
|rated|
|rule|HP Percentage Mod: HP is shown in percentages
|rule|Endless Battle Clause: Forcing endless battles is banned
|rule|Species Clause: Limit one of each Pokémon
|rule|OHKO Clause: OHKO moves are banned
|rule|Evasion Items Clause: Evasion items are banned
|rule|Evasion Moves Clause: Evasion moves are banned
|rule|Evasion Abilities Clause: Evasion abilities are banned
|rule|Sleep Moves Clause: Sleep-inducing moves are banned
|clearpoke
|poke|p1|Torkoal, M|
|poke|p1|Grimmsnarl, M|
|poke|p1|Charizard, M|
|poke|p1|Walking Wake|
|poke|p1|Dragapult, M|
|poke|p1|Great Tusk|
|poke|p2|Grimmsnarl, M|
|poke|p2|Pecharunt|
|poke|p2|Ting-Lu|
|poke|p2|Great Tusk|
|poke|p2|Rotom-Wash|
|poke|p2|Tornadus-Therian, M|
|teampreview
|inactive|Battle timer is ON: inactive players will automatically lose when time's up. (requested by zaonxerses)
|
|t:|1760768624
|teamsize|p1|6
|teamsize|p2|6
|start
|switch|p1a: Torkoal|Torkoal, M|100/100
|switch|p2a: Rotom|Rotom-Wash|100/100
|-weather|SunnyDay|[from] ability: Drought|[of] p1a: Torkoal
|turn|1
|
|t:|1760768638
|switch|p1a: Walking Wake|Walking Wake|100/100
|-activate|p1a: Walking Wake|ability: Protosynthesis
|-start|p1a: Walking Wake|protosynthesisspa
|move|p2a: Rotom|Trick|p1a: Walking Wake
|-activate|p2a: Rotom|move: Trick|[of] p1a: Walking Wake
|-item|p1a: Walking Wake|Choice Scarf|[from] move: Trick
|-item|p2a: Rotom|Choice Specs|[from] move: Trick
|
|-weather|SunnyDay|[upkeep]
|upkeep
|turn|2
|
|t:|1760768650
|move|p1a: Walking Wake|Hydro Steam|p2a: Rotom
|-resisted|p2a: Rotom
|-damage|p2a: Rotom|49/100
|move|p2a: Rotom|Volt Switch|p1a: Walking Wake
|-damage|p1a: Walking Wake|44/100
|
|t:|1760768662
|switch|p2a: Grimmsnarl|Grimmsnarl, M|100/100|[from] Volt Switch
|
|-weather|SunnyDay|[upkeep]
|upkeep
|turn|3
|
|t:|1760768670
|-end|p1a: Walking Wake|Protosynthesis|[silent]
|switch|p1a: Grimmsnarl|Grimmsnarl, M, shiny|100/100
|move|p2a: Grimmsnarl|Thunder Wave|p1a: Grimmsnarl
|-hint|Since gen 7, Dark is immune to Prankster moves.
|-immune|p1a: Grimmsnarl
|
|-weather|SunnyDay|[upkeep]
|upkeep
|turn|4
|
|t:|1760768678
|switch|p2a: Pecharunt|Pecharunt|100/100
|move|p1a: Grimmsnarl|Spirit Break|p2a: Pecharunt
|-resisted|p2a: Pecharunt
|-damage|p2a: Pecharunt|90/100
|-unboost|p2a: Pecharunt|spa|1
|
|-weather|SunnyDay|[upkeep]
|-heal|p2a: Pecharunt|96/100|[from] item: Black Sludge
|upkeep
|turn|5
|
|t:|1760768693
|move|p1a: Grimmsnarl|Parting Shot|p2a: Pecharunt
|-unboost|p2a: Pecharunt|atk|1
|-unboost|p2a: Pecharunt|spa|1
|
|t:|1760768700
|switch|p1a: Charizard|Charizard, M|100/100|[from] Parting Shot
|move|p2a: Pecharunt|Malignant Chain|p1a: Charizard
|-damage|p1a: Charizard|69/100
|-status|p1a: Charizard|tox
|-start|p1a: Charizard|confusion|[from] ability: Poison Puppeteer|[of] p2a: Pecharunt
|
|-weather|SunnyDay|[upkeep]
|-damage|p1a: Charizard|57/100 tox|[from] ability: Solar Power|[of] p1a: Charizard
|-heal|p2a: Pecharunt|100/100|[from] item: Black Sludge
|-damage|p1a: Charizard|51/100 tox|[from] psn
|upkeep
|turn|6
|
|t:|1760768716
|switch|p2a: Ting-Lu|Ting-Lu|100/100
|-ability|p2a: Ting-Lu|Vessel of Ruin
|-activate|p1a: Charizard|confusion
|move|p1a: Charizard|Weather Ball|p2a: Ting-Lu
|-damage|p2a: Ting-Lu|55/100
|
|-weather|SunnyDay|[upkeep]
|-damage|p1a: Charizard|39/100 tox|[from] ability: Solar Power|[of] p1a: Charizard
|-heal|p2a: Ting-Lu|61/100|[from] item: Leftovers
|-damage|p1a: Charizard|27/100 tox|[from] psn
|upkeep
|turn|7
|
|t:|1760768730
|switch|p2a: Tornadus|Tornadus-Therian, M|100/100
|-activate|p1a: Charizard|confusion
|-damage|p1a: Charizard|18/100 tox|[from] confusion
|
|-weather|SunnyDay|[upkeep]
|-damage|p1a: Charizard|6/100 tox|[from] ability: Solar Power|[of] p1a: Charizard
|-damage|p1a: Charizard|0 fnt|[from] psn
|faint|p1a: Charizard
|upkeep
|
|t:|1760768741
|switch|p1a: Walking Wake|Walking Wake|44/100
|-activate|p1a: Walking Wake|ability: Protosynthesis
|-start|p1a: Walking Wake|protosynthesisspa
|turn|8
|
|t:|1760768758
|move|p1a: Walking Wake|Hydro Steam|p2a: Tornadus
|-damage|p2a: Tornadus|27/100
|move|p2a: Tornadus|Bleakwind Storm|p1a: Walking Wake
|-damage|p1a: Walking Wake|3/100
|
|-weather|none
|-end|p1a: Walking Wake|Protosynthesis
|upkeep
|turn|9
|
|t:|1760768772
|switch|p2a: Grimmsnarl|Grimmsnarl, M|100/100
|move|p1a: Walking Wake|Hydro Steam|p2a: Grimmsnarl
|-damage|p2a: Grimmsnarl|70/100
|
|-heal|p2a: Grimmsnarl|76/100|[from] item: Leftovers
|upkeep
|turn|10
|
|t:|1760768784
|-end|p1a: Walking Wake|Protosynthesis|[silent]
|switch|p1a: Torkoal|Torkoal, M|100/100
|-weather|SunnyDay|[from] ability: Drought|[of] p1a: Torkoal
|move|p2a: Grimmsnarl|Spirit Break|p1a: Torkoal
|-resisted|p1a: Torkoal
|-damage|p1a: Torkoal|90/100
|-unboost|p1a: Torkoal|spa|1
|
|-weather|SunnyDay|[upkeep]
|-heal|p2a: Grimmsnarl|82/100|[from] item: Leftovers
|upkeep
|turn|11
|
|t:|1760768797
|switch|p1a: Grimmsnarl|Grimmsnarl, M, shiny|100/100
|move|p2a: Grimmsnarl|Taunt|p1a: Grimmsnarl
|-hint|Since gen 7, Dark is immune to Prankster moves.
|-immune|p1a: Grimmsnarl
|
|-weather|SunnyDay|[upkeep]
|-heal|p2a: Grimmsnarl|88/100|[from] item: Leftovers
|upkeep
|turn|12
|
|t:|1760768808
|move|p1a: Grimmsnarl|Parting Shot|p2a: Grimmsnarl
|-hint|Since gen 7, Dark is immune to Prankster moves.
|-immune|p2a: Grimmsnarl
|move|p2a: Grimmsnarl|Spirit Break|p1a: Grimmsnarl
|-supereffective|p1a: Grimmsnarl
|-damage|p1a: Grimmsnarl|39/100
|-unboost|p1a: Grimmsnarl|spa|1
|
|-weather|SunnyDay|[upkeep]
|-heal|p2a: Grimmsnarl|94/100|[from] item: Leftovers
|upkeep
|turn|13
|
|t:|1760768820
|move|p2a: Grimmsnarl|Spirit Break|p1a: Grimmsnarl
|-supereffective|p1a: Grimmsnarl
|-damage|p1a: Grimmsnarl|0 fnt
|faint|p1a: Grimmsnarl
|
|-weather|SunnyDay|[upkeep]
|-heal|p2a: Grimmsnarl|100/100|[from] item: Leftovers
|upkeep
|
|t:|1760768828
|switch|p1a: Great Tusk|Great Tusk|100/100
|-activate|p1a: Great Tusk|ability: Protosynthesis
|-start|p1a: Great Tusk|protosynthesisatk
|turn|14
|
|t:|1760768835
|move|p2a: Grimmsnarl|Parting Shot|p1a: Great Tusk
|-unboost|p1a: Great Tusk|atk|1
|-unboost|p1a: Great Tusk|spa|1
|
|t:|1760768840
|switch|p2a: Rotom|Rotom-Wash|49/100|[from] Parting Shot
|move|p1a: Great Tusk|Earthquake|p2a: Rotom
|-immune|p2a: Rotom|[from] ability: Levitate
|
|-weather|SunnyDay|[upkeep]
|upkeep
|turn|15
|
|t:|1760768853
|-end|p1a: Great Tusk|Protosynthesis|[silent]
|switch|p1a: Dragapult|Dragapult, M, shiny|100/100
|move|p2a: Rotom|Hydro Pump|p1a: Dragapult
|-resisted|p1a: Dragapult
|-damage|p1a: Dragapult|75/100
|
|-weather|SunnyDay|[upkeep]
|upkeep
|turn|16
|
|t:|1760768866
|switch|p2a: Grimmsnarl|Grimmsnarl, M|100/100
|move|p1a: Dragapult|Double-Edge|p2a: Grimmsnarl
|-damage|p2a: Grimmsnarl|32/100
|-damage|p1a: Dragapult|47/100|[from] Recoil
|
|-weather|SunnyDay|[upkeep]
|-heal|p2a: Grimmsnarl|38/100|[from] item: Leftovers
|upkeep
|turn|17
|
|t:|1760768882
|switch|p1a: Great Tusk|Great Tusk|100/100
|-activate|p1a: Great Tusk|ability: Protosynthesis
|-start|p1a: Great Tusk|protosynthesisatk
|move|p2a: Grimmsnarl|Parting Shot|p1a: Great Tusk
|-unboost|p1a: Great Tusk|atk|1
|-unboost|p1a: Great Tusk|spa|1
|
|t:|1760768889
|switch|p2a: Tornadus|Tornadus-Therian, M|60/100|[from] Parting Shot
|
|-weather|none
|-end|p1a: Great Tusk|Protosynthesis
|upkeep
|turn|18
|
|t:|1760768896
|-end|p1a: Great Tusk|Protosynthesis|[silent]
|switch|p1a: Torkoal|Torkoal, M|90/100
|-weather|SunnyDay|[from] ability: Drought|[of] p1a: Torkoal
|move|p2a: Tornadus|Bleakwind Storm|p1a: Torkoal
|-damage|p1a: Torkoal|39/100
|
|-weather|SunnyDay|[upkeep]
|upkeep
|turn|19
|
|t:|1760768914
|move|p2a: Tornadus|Bleakwind Storm|p1a: Torkoal
|-damage|p1a: Torkoal|0 fnt
|faint|p1a: Torkoal
|
|-weather|SunnyDay|[upkeep]
|upkeep
|
|t:|1760768923
|switch|p1a: Walking Wake|Walking Wake|3/100
|-activate|p1a: Walking Wake|ability: Protosynthesis
|-start|p1a: Walking Wake|protosynthesisspa
|turn|20
|
|t:|1760768930
|move|p1a: Walking Wake|Hydro Steam|p2a: Tornadus
|-damage|p2a: Tornadus|0 fnt
|faint|p2a: Tornadus
|
|-weather|SunnyDay|[upkeep]
|upkeep
|
|t:|1760768940
|switch|p2a: Grimmsnarl|Grimmsnarl, M|38/100
|turn|21
|
|t:|1760768948
|move|p2a: Grimmsnarl|Parting Shot|p1a: Walking Wake
|-unboost|p1a: Walking Wake|atk|1
|-unboost|p1a: Walking Wake|spa|1
|
|t:|1760768970
|switch|p2a: Ting-Lu|Ting-Lu|61/100|[from] Parting Shot
|-ability|p2a: Ting-Lu|Vessel of Ruin
|move|p1a: Walking Wake|Hydro Steam|p2a: Ting-Lu
|-supereffective|p2a: Ting-Lu
|-damage|p2a: Ting-Lu|19/100
|
|-weather|SunnyDay|[upkeep]
|-heal|p2a: Ting-Lu|25/100|[from] item: Leftovers
|upkeep
|turn|22
|
|t:|1760768983
|move|p1a: Walking Wake|Hydro Steam|p2a: Ting-Lu
|-supereffective|p2a: Ting-Lu
|-damage|p2a: Ting-Lu|0 fnt
|faint|p2a: Ting-Lu
|
|-weather|SunnyDay|[upkeep]
|upkeep
|
|t:|1760768992
|switch|p2a: Pecharunt|Pecharunt|100/100
|turn|23
|
|t:|1760768998
|move|p1a: Walking Wake|Hydro Steam|p2a: Pecharunt
|-damage|p2a: Pecharunt|44/100
|move|p2a: Pecharunt|Hex|p1a: Walking Wake
|-crit|p1a: Walking Wake
|-damage|p1a: Walking Wake|0 fnt
|faint|p1a: Walking Wake
|-end|p1a: Walking Wake|Protosynthesis|[silent]
|
|-weather|SunnyDay|[upkeep]
|-heal|p2a: Pecharunt|50/100|[from] item: Black Sludge
|upkeep
|
|t:|1760769010
|switch|p1a: Dragapult|Dragapult, M, shiny|47/100
|turn|24
|
|t:|1760769019
|-terastallize|p2a: Pecharunt|Poison
|move|p1a: Dragapult|Psychic Fangs|p2a: Pecharunt
|-supereffective|p2a: Pecharunt
|-damage|p2a: Pecharunt|3/100
|move|p2a: Pecharunt|Recover|p2a: Pecharunt
|-heal|p2a: Pecharunt|53/100
|
|-weather|SunnyDay|[upkeep]
|-heal|p2a: Pecharunt|59/100|[from] item: Black Sludge
|upkeep
|turn|25
|-message|b00mie forfeited.
|
|win|zaonxerses
|raw|b00mie's rating: 1324 &rarr; <strong>1306</strong><br />(-18 for losing)
|raw|zaonxerses's rating: 1352 &rarr; <strong>1370</strong><br />(+18 for winning)
|l|☆b00mie
|player|p1|
|l|☆zaonxerses
|player|p2|
