|j|☆eggwithswag
|j|☆MonsterZogg
|t:|1760886829
|gametype|singles
|player|p1|eggwithswag|lance|1314
|player|p2|MonsterZogg|pokemonrangerf|1302
|gen|9
|tier|[Gen 9] OU
|rated|
|rule|HP Percentage Mod: HP is shown in percentages
|rule|Endless Battle Clause: Forcing endless battles is banned
|rule|Species Clause: Limit one of each Pokémon
|rule|OHKO Clause: OHKO moves are banned
|rule|Evasion Items Clause: Evasion items are banned
|rule|Evasion Moves Clause: Evasion moves are banned
|rule|Evasion Abilities Clause: Evasion abilities are banned
|rule|Sleep Moves Clause: Sleep-inducing moves are banned
|clearpoke
|poke|p1|Hatterene, F|
|poke|p1|Tyranitar, F|
|poke|p1|Excadrill, M|
|poke|p1|Dragapult, F|
|poke|p1|Landorus-Therian, M|
|poke|p1|Ogerpon-Wellspring, F|
|poke|p2|Haxorus, F|
|poke|p2|Salamence, F|
|poke|p2|Goodra, M|
|poke|p2|Garchomp, F|
|poke|p2|Dragonite, M|
|poke|p2|Cyclizar, M|
|teampreview
|inactive|Battle timer is ON: inactive players will automatically lose when time's up. (requested by eggwithswag)
|inactive|MonsterZogg has 120 seconds left.
|
|t:|1760886881
|teamsize|p1|6
|teamsize|p2|6
|start
|switch|p1a: Tyranitar|Tyranitar, F|100/100
|switch|p2a: Warhead|Haxorus, F, shiny|100/100
|-ability|p2a: Warhead|Mold Breaker
|-weather|Sandstorm|[from] ability: Sand Stream|[of] p1a: Tyranitar
|turn|1
|
|t:|1760886891
|move|p2a: Warhead|Close Combat|p1a: Tyranitar
|-supereffective|p1a: Tyranitar
|-damage|p1a: Tyranitar|0 fnt
|-unboost|p2a: Warhead|def|1
|-unboost|p2a: Warhead|spd|1
|faint|p1a: Tyranitar
|
|-weather|Sandstorm|[upkeep]
|-damage|p2a: Warhead|94/100|[from] Sandstorm
|upkeep
|
|t:|1760886899
|switch|p1a: Ogerpon|Ogerpon-Wellspring, F|100/100
|turn|2
|
|t:|1760886902
|move|p1a: Ogerpon|Play Rough|p2a: Warhead
|-supereffective|p2a: Warhead
|-damage|p2a: Warhead|0 fnt
|faint|p2a: Warhead
|
|-weather|Sandstorm|[upkeep]
|-damage|p1a: Ogerpon|95/100|[from] Sandstorm
|upkeep
|
|t:|1760886916
|switch|p2a: Liberator|Cyclizar, M|100/100
|turn|3
|
|t:|1760886924
|move|p1a: Ogerpon|Play Rough|p2a: Liberator
|-supereffective|p2a: Liberator
|-enditem|p2a: Liberator|Focus Sash
|-damage|p2a: Liberator|1/100
|-unboost|p2a: Liberator|atk|1
|move|p2a: Liberator|Endeavor|p1a: Ogerpon
|-damage|p1a: Ogerpon|1/100
|
|-weather|Sandstorm|[upkeep]
|-damage|p1a: Ogerpon|0 fnt|[from] Sandstorm
|-damage|p2a: Liberator|0 fnt|[from] Sandstorm
|faint|p1a: Ogerpon
|faint|p2a: Liberator
|upkeep
|
|t:|1760886940
|switch|p1a: Hatterene|Hatterene, F|100/100
|switch|p2a: Salvo|Goodra, M|100/100
|turn|4
|
|t:|1760886948
|move|p2a: Salvo|Sludge Bomb|p1a: Hatterene
|-supereffective|p1a: Hatterene
|-damage|p1a: Hatterene|31/100
|move|p1a: Hatterene|Draining Kiss|p2a: Salvo
|-supereffective|p2a: Salvo
|-crit|p2a: Salvo
|-damage|p2a: Salvo|71/100
|-heal|p1a: Hatterene|54/100|[from] drain|[of] p2a: Salvo
|-ability|p2a: Salvo|Gooey
|-unboost|p1a: Hatterene|spe|1
|
|-weather|Sandstorm|[upkeep]
|-damage|p2a: Salvo|64/100|[from] Sandstorm
|-damage|p1a: Hatterene|48/100|[from] Sandstorm
|upkeep
|turn|5
|
|t:|1760886955
|switch|p1a: Excadrill|Excadrill, M|100/100
|move|p2a: Salvo|Flamethrower|p1a: Excadrill
|-supereffective|p1a: Excadrill
|-damage|p1a: Excadrill|35/100
|-status|p1a: Excadrill|brn
|
|-weather|Sandstorm|[upkeep]
|-damage|p2a: Salvo|58/100|[from] Sandstorm
|-damage|p1a: Excadrill|29/100 brn|[from] brn
|upkeep
|turn|6
|
|t:|1760886962
|move|p1a: Excadrill|Earthquake|p2a: Salvo
|-damage|p2a: Salvo|1/100
|move|p2a: Salvo|Ice Beam|p1a: Excadrill
|-damage|p1a: Excadrill|0 fnt
|faint|p1a: Excadrill
|
|-weather|Sandstorm|[upkeep]
|-damage|p2a: Salvo|0 fnt|[from] Sandstorm
|faint|p2a: Salvo
|upkeep
|
|t:|1760886972
|switch|p1a: Landorus|Landorus-Therian, M|100/100
|switch|p2a: Gustav|Dragonite, M|100/100
|-ability|p1a: Landorus|Intimidate|boost
|-unboost|p2a: Gustav|atk|1
|turn|7
|
|t:|1760886983
|move|p1a: Landorus|Stone Edge|p2a: Gustav
|-supereffective|p2a: Gustav
|-damage|p2a: Gustav|61/100
|move|p2a: Gustav|Ice Beam|p1a: Landorus
|-supereffective|p1a: Landorus
|-damage|p1a: Landorus|0 fnt
|faint|p1a: Landorus
|
|-weather|Sandstorm|[upkeep]
|-damage|p2a: Gustav|55/100|[from] Sandstorm
|upkeep
|
|t:|1760886991
|switch|p1a: Hatterene|Hatterene, F|48/100
|turn|8
|
|t:|1760886999
|move|p2a: Gustav|Hurricane|p1a: Hatterene|[miss]
|-miss|p2a: Gustav|p1a: Hatterene
|move|p1a: Hatterene|Draining Kiss|p2a: Gustav
|-supereffective|p2a: Gustav
|-damage|p2a: Gustav|5/100
|-heal|p1a: Hatterene|87/100|[from] drain|[of] p2a: Gustav
|
|-weather|none
|upkeep
|turn|9
|
|t:|1760887006
|move|p2a: Gustav|Hurricane|p1a: Hatterene
|-damage|p1a: Hatterene|37/100
|move|p1a: Hatterene|Draining Kiss|p2a: Gustav
|-supereffective|p2a: Gustav
|-damage|p2a: Gustav|0 fnt
|-heal|p1a: Hatterene|40/100|[from] drain|[of] p2a: Gustav
|faint|p2a: Gustav
|
|upkeep
|
|t:|1760887022
|switch|p2a: Lockhead|Garchomp, F|100/100
|turn|10
|
|t:|1760887026
|switch|p1a: Dragapult|Dragapult, F|100/100
|move|p2a: Lockhead|Iron Head|p1a: Dragapult
|-damage|p1a: Dragapult|62/100
|
|-heal|p1a: Dragapult|68/100|[from] item: Leftovers
|upkeep
|turn|11
|
|t:|1760887045
|-terastallize|p1a: Dragapult|Dragon
|move|p2a: Lockhead|Iron Head|p1a: Dragapult
|-damage|p1a: Dragapult|27/100
|move|p1a: Dragapult|Dragon Darts|p2a: Lockhead
|-supereffective|p2a: Lockhead
|-damage|p2a: Lockhead|37/100
|-anim|p1a: Dragapult|Dragon Darts|p2a: Lockhead
|-supereffective|p2a: Lockhead
|-damage|p2a: Lockhead|0 fnt
|faint|p2a: Lockhead
|
|-heal|p1a: Dragapult|33/100|[from] item: Leftovers
|upkeep
|
|t:|1760887051
|switch|p2a: Doomsday|Salamence, F|100/100
|turn|12
|
|t:|1760887056
|-terastallize|p2a: Doomsday|Fire
|move|p1a: Dragapult|Dragon Darts|p2a: Doomsday
|-damage|p2a: Doomsday|62/100
|-anim|p1a: Dragapult|Dragon Darts|p2a: Doomsday
|-damage|p2a: Doomsday|24/100
|move|p2a: Doomsday|Temper Flare|p1a: Dragapult
|-resisted|p1a: Dragapult
|-damage|p1a: Dragapult|6/100
|
|-heal|p1a: Dragapult|12/100|[from] item: Leftovers
|upkeep
|turn|13
|c|☆MonsterZogg|NOO
|c|☆MonsterZogg|I MEANT TO EQ
|c|☆MonsterZogg|Hey man
|c|☆eggwithswag|Lol ggs
|c|☆MonsterZogg|Lets talk about this
|inactive|MonsterZogg has 120 seconds left.
|c|☆eggwithswag|Rematch?
|c|☆MonsterZogg|Ive been climbing ladder as a dragon mono for so long
|c|☆MonsterZogg|you wanna give me this eq then we hold hands and laugh
|c|☆eggwithswag|Nope
|inactive|MonsterZogg has 90 seconds left.
|c|☆MonsterZogg|have you no soul
|c|☆eggwithswag|It's not my fault u know
|c|☆MonsterZogg|ive just been working so much
|inactive|MonsterZogg has 60 seconds left.
|c|☆MonsterZogg|I have college a school finals
|c|☆MonsterZogg|Im black
|c|☆MonsterZogg|uh
|c|☆eggwithswag|Bro
|c|☆eggwithswag|It's just pokemon
|inactive|MonsterZogg has 30 seconds left.
|c|☆MonsterZogg|My life depends on this eq
|
|t:|1760887182
|move|p1a: Dragapult|Dragon Darts|p2a: Doomsday
|-damage|p2a: Doomsday|0 fnt
|faint|p2a: Doomsday
|
|win|eggwithswag
|raw|eggwithswag's rating: 1314 &rarr; <strong>1333</strong><br />(+19 for winning)
|raw|MonsterZogg's rating: 1302 &rarr; <strong>1283</strong><br />(-19 for losing)
|c|☆MonsterZogg|BOOOOOOO
|c|☆MonsterZogg|ggs
|l|☆MonsterZogg
|player|p2|
