|j|☆prakshep
|j|☆skayotest
|t:|1760864080
|gametype|singles
|player|p1|prakshep|nate|1437
|player|p2|skayotest|101|1472
|gen|9
|tier|[Gen 9] OU
|rated|
|rule|HP Percentage Mod: HP is shown in percentages
|rule|Endless Battle Clause: Forcing endless battles is banned
|rule|Species Clause: Limit one of each Pokémon
|rule|OHKO Clause: OHKO moves are banned
|rule|Evasion Items Clause: Evasion items are banned
|rule|Evasion Moves Clause: Evasion moves are banned
|rule|Evasion Abilities Clause: Evasion abilities are banned
|rule|Sleep Moves Clause: Sleep-inducing moves are banned
|clearpoke
|poke|p1|Ursaluna, F|
|poke|p1|Iron Boulder|
|poke|p1|Iron Moth|
|poke|p1|Raging Bolt|
|poke|p1|Quaquaval, F|
|poke|p1|Iron Jugulis|
|poke|p2|Samurott-Hisui, M|
|poke|p2|Rillaboom, F|
|poke|p2|Garchomp, M|
|poke|p2|Gholdengo|
|poke|p2|Slowking-Galar, F|
|poke|p2|Quaquaval, M|
|teampreview
|inactive|Battle timer is ON: inactive players will automatically lose when time's up. (requested by skayotest)
|j| pirolino
|inactive|prakshep has 120 seconds left.
|
|t:|1760864117
|teamsize|p1|6
|teamsize|p2|6
|start
|switch|p1a: Iron Boulder|Iron Boulder|100/100
|switch|p2a: Garchomp|Garchomp, M|100/100
|-enditem|p1a: Iron Boulder|Booster Energy
|-activate|p1a: Iron Boulder|ability: Quark Drive|[fromitem]
|-start|p1a: Iron Boulder|quarkdrivespe
|turn|1
|
|t:|1760864126
|move|p1a: Iron Boulder|Swords Dance|p1a: Iron Boulder
|-boost|p1a: Iron Boulder|atk|2
|move|p2a: Garchomp|Earthquake|p1a: Iron Boulder
|-supereffective|p1a: Iron Boulder
|-damage|p1a: Iron Boulder|0 fnt
|faint|p1a: Iron Boulder
|-end|p1a: Iron Boulder|Quark Drive|[silent]
|
|upkeep
|
|t:|1760864135
|switch|p1a: Quaquaval|Quaquaval, F|100/100
|turn|2
|
|t:|1760864149
|switch|p2a: Quaquaval|Quaquaval, M|100/100
|move|p1a: Quaquaval|Aqua Step|p2a: Quaquaval
|-resisted|p2a: Quaquaval
|-damage|p2a: Quaquaval|70/100
|-boost|p1a: Quaquaval|spe|1
|
|upkeep
|turn|3
|
|t:|1760864157
|switch|p2a: Slowking|Slowking-Galar, F|100/100
|move|p1a: Quaquaval|Brave Bird|p2a: Slowking
|-damage|p2a: Slowking|57/100
|-damage|p1a: Quaquaval|83/100|[from] Recoil
|
|upkeep
|turn|4
|
|t:|1760864172
|switch|p2a: Rillaboom|Rillaboom, F|100/100
|-fieldstart|move: Grassy Terrain|[from] ability: Grassy Surge|[of] p2a: Rillaboom
|move|p1a: Quaquaval|Brave Bird|p2a: Rillaboom
|-supereffective|p2a: Rillaboom
|-damage|p2a: Rillaboom|24/100
|-damage|p1a: Quaquaval|51/100|[from] Recoil
|
|-heal|p1a: Quaquaval|57/100|[from] Grassy Terrain
|-heal|p2a: Rillaboom|30/100|[from] Grassy Terrain
|upkeep
|turn|5
|
|t:|1760864176
|switch|p1a: Iron Moth|Iron Moth|100/100
|-enditem|p1a: Iron Moth|Booster Energy
|-activate|p1a: Iron Moth|ability: Quark Drive|[fromitem]
|-start|p1a: Iron Moth|quarkdrivespe
|move|p2a: Rillaboom|Grassy Glide|p1a: Iron Moth
|-resisted|p1a: Iron Moth
|-damage|p1a: Iron Moth|74/100
|
|-heal|p1a: Iron Moth|80/100|[from] Grassy Terrain
|-heal|p2a: Rillaboom|36/100|[from] Grassy Terrain
|upkeep
|turn|6
|
|t:|1760864182
|switch|p2a: Garchomp|Garchomp, M|100/100
|move|p1a: Iron Moth|Fiery Dance|p2a: Garchomp
|-resisted|p2a: Garchomp
|-damage|p2a: Garchomp|82/100
|
|-heal|p1a: Iron Moth|86/100|[from] Grassy Terrain
|-heal|p2a: Garchomp|88/100|[from] Grassy Terrain
|upkeep
|turn|7
|
|t:|1760864185
|move|p1a: Iron Moth|Dazzling Gleam|p2a: Garchomp
|-supereffective|p2a: Garchomp
|-damage|p2a: Garchomp|36/100
|move|p2a: Garchomp|Stealth Rock|p1a: Iron Moth
|-sidestart|p1: prakshep|move: Stealth Rock
|
|-heal|p1a: Iron Moth|92/100|[from] Grassy Terrain
|-heal|p2a: Garchomp|42/100|[from] Grassy Terrain
|upkeep
|turn|8
|
|t:|1760864189
|move|p2a: Garchomp|Protect|p2a: Garchomp
|-singleturn|p2a: Garchomp|Protect
|move|p1a: Iron Moth|Dazzling Gleam|p2a: Garchomp
|-activate|p2a: Garchomp|move: Protect
|
|-heal|p1a: Iron Moth|99/100|[from] Grassy Terrain
|-heal|p2a: Garchomp|48/100|[from] Grassy Terrain
|-fieldend|move: Grassy Terrain
|upkeep
|turn|9
|
|t:|1760864192
|switch|p2a: Slowking|Slowking-Galar, F|91/100
|move|p1a: Iron Moth|Dazzling Gleam|p2a: Slowking
|-resisted|p2a: Slowking
|-damage|p2a: Slowking|82/100
|
|upkeep
|turn|10
|
|t:|1760864198
|move|p1a: Iron Moth|Fiery Dance|p2a: Slowking
|-damage|p2a: Slowking|59/100
|-boost|p1a: Iron Moth|spa|1
|-prepare|p2a: Slowking|Chilly Reception|[premajor]
|move|p2a: Slowking|Chilly Reception|p2a: Slowking
|-weather|Snowscape
|
|t:|1760864222
|switch|p2a: Samurott|Samurott-Hisui, M|100/100|[from] Chilly Reception
|
|-weather|Snowscape|[upkeep]
|upkeep
|turn|11
|
|t:|1760864235
|-terastallize|p2a: Samurott|Fire
|move|p1a: Iron Moth|Energy Ball|p2a: Samurott
|-resisted|p2a: Samurott
|-damage|p2a: Samurott|72/100
|-unboost|p2a: Samurott|spd|1
|move|p2a: Samurott|Ceaseless Edge|p1a: Iron Moth|[miss]
|-miss|p2a: Samurott|p1a: Iron Moth
|
|-weather|Snowscape|[upkeep]
|-heal|p2a: Samurott|78/100|[from] item: Leftovers
|upkeep
|turn|12
|
|t:|1760864243
|move|p2a: Samurott|Sucker Punch|p1a: Iron Moth
|-damage|p1a: Iron Moth|37/100
|move|p1a: Iron Moth|Sludge Wave|p2a: Samurott
|-damage|p2a: Samurott|0 fnt
|faint|p2a: Samurott
|
|-weather|Snowscape|[upkeep]
|upkeep
|
|t:|1760864249
|switch|p2a: Rillaboom|Rillaboom, F|36/100
|-fieldstart|move: Grassy Terrain|[from] ability: Grassy Surge|[of] p2a: Rillaboom
|turn|13
|
|t:|1760864252
|move|p2a: Rillaboom|Grassy Glide|p1a: Iron Moth
|-resisted|p1a: Iron Moth
|-damage|p1a: Iron Moth|10/100
|move|p1a: Iron Moth|Fiery Dance|p2a: Rillaboom
|-supereffective|p2a: Rillaboom
|-damage|p2a: Rillaboom|0 fnt
|faint|p2a: Rillaboom
|
|-weather|Snowscape|[upkeep]
|-heal|p1a: Iron Moth|17/100|[from] Grassy Terrain
|upkeep
|-message|skayotest forfeited.
|
|win|prakshep
|raw|prakshep's rating: 1437 &rarr; <strong>1459</strong><br />(+22 for winning)
|raw|skayotest's rating: 1472 &rarr; <strong>1450</strong><br />(-22 for losing)
|l|☆skayotest
|player|p2|
|l|☆prakshep
|player|p1|
|l| pirolino
