|j|☆crazygourd
|j|☆Borry VACUS
|t:|1760750928
|gametype|singles
|player|p1|crazygourd|steven|1236
|player|p2|Borry VACUS|170|1244
|gen|9
|tier|[Gen 9] OU
|rated|
|rule|HP Percentage Mod: HP is shown in percentages
|rule|Endless Battle Clause: Forcing endless battles is banned
|rule|Species Clause: Limit one of each Pokémon
|rule|OHKO Clause: OHKO moves are banned
|rule|Evasion Items Clause: Evasion items are banned
|rule|Evasion Moves Clause: Evasion moves are banned
|rule|Evasion Abilities Clause: Evasion abilities are banned
|rule|Sleep Moves Clause: Sleep-inducing moves are banned
|clearpoke
|poke|p1|Ceruledge, M|
|poke|p1|Cinderace, F|
|poke|p1|Landorus-Therian, M|
|poke|p1|Samurott-Hisui, F|
|poke|p1|Scizor, F|
|poke|p1|Meowscarada, F|
|poke|p2|Exeggutor, M|
|poke|p2|Walking Wake|
|poke|p2|Charizard, F|
|poke|p2|Raging Bolt|
|poke|p2|Weezing-Galar, F|
|poke|p2|Torkoal, F|
|teampreview
|inactive|Battle timer is ON: inactive players will automatically lose when time's up. (requested by crazygourd)
|
|t:|1760750937
|teamsize|p1|6
|teamsize|p2|6
|start
|switch|p1a: Landorus|Landorus-Therian, M|100/100
|switch|p2a: Gwo zizi|Torkoal, F|100/100
|-ability|p1a: Landorus|Intimidate|boost
|-unboost|p2a: Gwo zizi|atk|1
|-weather|SunnyDay|[from] ability: Drought|[of] p2a: Gwo zizi
|turn|1
|
|t:|1760750950
|switch|p2a: Exeggutor|Exeggutor, M|100/100
|move|p1a: Landorus|Stone Edge|p2a: Exeggutor
|-damage|p2a: Exeggutor|35/100
|
|-weather|SunnyDay|[upkeep]
|upkeep
|turn|2
|
|t:|1760750962
|switch|p1a: Cinderace|Cinderace, F|100/100
|move|p2a: Exeggutor|Solar Beam||[still]
|-prepare|p2a: Exeggutor|Solar Beam
|-anim|p2a: Exeggutor|Solar Beam|p1a: Cinderace
|-resisted|p1a: Cinderace
|-damage|p1a: Cinderace|41/100
|-damage|p2a: Exeggutor|25/100|[from] item: Life Orb
|
|-weather|SunnyDay|[upkeep]
|upkeep
|turn|3
|
|t:|1760750977
|switch|p2a: Weezing|Weezing-Galar, F|100/100
|-ability|p2a: Weezing|Neutralizing Gas
|move|p1a: Cinderace|U-turn|p2a: Weezing
|-resisted|p2a: Weezing
|-damage|p2a: Weezing|97/100
|
|t:|1760751001
|switch|p1a: Landorus|Landorus-Therian, M|100/100|[from] U-turn
|
|-weather|SunnyDay|[upkeep]
|-heal|p2a: Weezing|100/100|[from] item: Black Sludge
|upkeep
|turn|4
|
|t:|1760751007
|move|p1a: Landorus|Stealth Rock|p2a: Weezing
|-sidestart|p2: Borry VACUS|move: Stealth Rock
|move|p2a: Weezing|Will-O-Wisp|p1a: Landorus
|-status|p1a: Landorus|brn
|
|-weather|SunnyDay|[upkeep]
|-damage|p1a: Landorus|95/100 brn|[from] brn
|upkeep
|turn|5
|
|t:|1760751012
|switch|p1a: Cinderace|Cinderace, F|41/100
|move|p2a: Weezing|Defog|p1a: Cinderace
|-unboost|p1a: Cinderace|evasion|1
|-sideend|p2: Borry VACUS|Stealth Rock|[from] move: Defog|[of] p2a: Weezing
|
|-weather|SunnyDay|[upkeep]
|upkeep
|turn|6
|
|t:|1760751020
|move|p1a: Cinderace|Pyro Ball|p2a: Weezing
|-damage|p2a: Weezing|44/100
|move|p2a: Weezing|Sludge Bomb|p1a: Cinderace
|-damage|p1a: Cinderace|4/100
|
|-weather|SunnyDay|[upkeep]
|-heal|p2a: Weezing|50/100|[from] item: Black Sludge
|upkeep
|turn|7
|
|t:|1760751029
|-end|p2a: Weezing|ability: Neutralizing Gas
|switch|p2a: Walking Wake|Walking Wake|100/100
|-activate|p2a: Walking Wake|ability: Protosynthesis
|-start|p2a: Walking Wake|protosynthesisspe
|move|p1a: Cinderace|Pyro Ball|p2a: Walking Wake
|-resisted|p2a: Walking Wake
|-damage|p2a: Walking Wake|76/100
|
|-weather|SunnyDay|[upkeep]
|upkeep
|turn|8
|
|t:|1760751040
|move|p2a: Walking Wake|Hydro Steam|p1a: Cinderace
|-supereffective|p1a: Cinderace
|-damage|p1a: Cinderace|0 fnt
|faint|p1a: Cinderace
|
|-weather|none
|-end|p2a: Walking Wake|Protosynthesis
|upkeep
|
|t:|1760751045
|switch|p1a: Ceruledge|Ceruledge, M|100/100
|turn|9
|
|t:|1760751049
|move|p2a: Walking Wake|Hydro Steam|p1a: Ceruledge
|-supereffective|p1a: Ceruledge
|-enditem|p1a: Ceruledge|Focus Sash
|-damage|p1a: Ceruledge|1/100
|move|p1a: Ceruledge|Swords Dance|p1a: Ceruledge
|-boost|p1a: Ceruledge|atk|2
|
|upkeep
|turn|10
|
|t:|1760751058
|move|p2a: Walking Wake|Hydro Steam|p1a: Ceruledge
|-supereffective|p1a: Ceruledge
|-damage|p1a: Ceruledge|0 fnt
|faint|p1a: Ceruledge
|
|upkeep
|
|t:|1760751067
|switch|p1a: Scizor|Scizor, F|100/100
|turn|11
|
|t:|1760751071
|-end|p2a: Walking Wake|Protosynthesis|[silent]
|switch|p2a: Gwo zizi|Torkoal, F|100/100
|-weather|SunnyDay|[from] ability: Drought|[of] p2a: Gwo zizi
|-terastallize|p1a: Scizor|Steel
|move|p1a: Scizor|Swords Dance|p1a: Scizor
|-boost|p1a: Scizor|atk|2
|
|-weather|SunnyDay|[upkeep]
|upkeep
|turn|12
|
|t:|1760751087
|switch|p1a: Landorus|Landorus-Therian, M|95/100 brn
|-ability|p1a: Landorus|Intimidate|boost
|-unboost|p2a: Gwo zizi|atk|1
|move|p2a: Gwo zizi|Lava Plume|p1a: Landorus
|-damage|p1a: Landorus|46/100 brn
|
|-weather|SunnyDay|[upkeep]
|-damage|p1a: Landorus|40/100 brn|[from] brn
|upkeep
|turn|13
|
|t:|1760751093
|move|p1a: Landorus|Stone Edge|p2a: Gwo zizi
|-supereffective|p2a: Gwo zizi
|-damage|p2a: Gwo zizi|71/100
|move|p2a: Gwo zizi|Lava Plume|p1a: Landorus
|-damage|p1a: Landorus|0 fnt
|faint|p1a: Landorus
|
|-weather|SunnyDay|[upkeep]
|upkeep
|
|t:|1760751100
|switch|p1a: Samurott|Samurott-Hisui, F|100/100
|turn|14
|
|t:|1760751116
|move|p1a: Samurott|Aqua Cutter|p2a: Gwo zizi
|-supereffective|p2a: Gwo zizi
|-damage|p2a: Gwo zizi|45/100
|move|p2a: Gwo zizi|Will-O-Wisp|p1a: Samurott
|-status|p1a: Samurott|brn
|
|-weather|SunnyDay|[upkeep]
|-damage|p1a: Samurott|94/100 brn|[from] brn
|upkeep
|turn|15
|-message|crazygourd forfeited.
|
|win|Borry VACUS
|raw|crazygourd's rating: 1236 &rarr; <strong>1212</strong><br />(-24 for losing)
|raw|Borry VACUS's rating: 1244 &rarr; <strong>1268</strong><br />(+24 for winning)
|l|☆crazygourd
|player|p1|
|l|☆Borry VACUS
|player|p2|
