|j|☆sgsvabs
|j|☆Bogatyum
|t:|1760818958
|gametype|singles
|player|p1|sgsvabs|2|1000
|player|p2|Bogatyum|ethan|1004
|gen|9
|tier|[Gen 9] OU
|rated|
|rule|HP Percentage Mod: HP is shown in percentages
|rule|Endless Battle Clause: Forcing endless battles is banned
|rule|Species Clause: Limit one of each Pokémon
|rule|OHKO Clause: OHKO moves are banned
|rule|Evasion Items Clause: Evasion items are banned
|rule|Evasion Moves Clause: Evasion moves are banned
|rule|Evasion Abilities Clause: Evasion abilities are banned
|rule|Sleep Moves Clause: Sleep-inducing moves are banned
|clearpoke
|poke|p1|Iron Valiant|
|poke|p1|Great Tusk|
|poke|p1|Dragonite, M|
|poke|p1|Slowking-Galar, M|
|poke|p1|Gholdengo|
|poke|p1|Heatran, M|
|poke|p2|Blastoise, M|
|poke|p2|Mimikyu, M|
|poke|p2|Gengar, M|
|poke|p2|Zapdos|
|poke|p2|Scream Tail|
|poke|p2|Poliwrath, M|
|teampreview
|
|t:|1760818963
|teamsize|p1|6
|teamsize|p2|6
|start
|switch|p1a: Great Tusk|Great Tusk|100/100
|switch|p2a: Poliwrath|Poliwrath, M|100/100
|turn|1
|
|t:|1760818971
|move|p2a: Poliwrath|Belly Drum|p2a: Poliwrath
|-damage|p2a: Poliwrath|50/100
|-setboost|p2a: Poliwrath|atk|6|[from] move: Belly Drum
|-enditem|p2a: Poliwrath|Sitrus Berry|[eat]
|-heal|p2a: Poliwrath|75/100|[from] item: Sitrus Berry
|move|p1a: Great Tusk|Stealth Rock|p2a: Poliwrath
|-sidestart|p2: Bogatyum|move: Stealth Rock
|
|upkeep
|turn|2
|
|t:|1760818981
|-end|p1a: Great Tusk|Protosynthesis|[silent]
|switch|p1a: Gholdengo|Gholdengo|100/100
|move|p2a: Poliwrath|Waterfall|p1a: Gholdengo
|-damage|p1a: Gholdengo|0 fnt
|faint|p1a: Gholdengo
|
|upkeep
|
|t:|1760818989
|switch|p1a: Dragonite|Dragonite, M|100/100
|turn|3
|
|t:|1760818995
|move|p1a: Dragonite|Dragon Dance|p1a: Dragonite
|-boost|p1a: Dragonite|atk|1
|-boost|p1a: Dragonite|spe|1
|move|p2a: Poliwrath|Ice Punch|p1a: Dragonite
|-supereffective|p1a: Dragonite
|-damage|p1a: Dragonite|0 fnt
|faint|p1a: Dragonite
|
|upkeep
|
|t:|1760819004
|switch|p1a: Iron Valiant|Iron Valiant, shiny|100/100
|-enditem|p1a: Iron Valiant|Booster Energy
|-activate|p1a: Iron Valiant|ability: Quark Drive|[fromitem]
|-start|p1a: Iron Valiant|quarkdrivespe
|turn|4
|
|t:|1760819011
|move|p1a: Iron Valiant|Swords Dance|p1a: Iron Valiant
|-boost|p1a: Iron Valiant|atk|2
|move|p2a: Poliwrath|Waterfall|p1a: Iron Valiant
|-damage|p1a: Iron Valiant|0 fnt
|faint|p1a: Iron Valiant
|-end|p1a: Iron Valiant|Quark Drive|[silent]
|
|upkeep
|
|t:|1760819017
|switch|p1a: Slowking|Slowking-Galar, M|100/100
|turn|5
|
|t:|1760819021
|move|p2a: Poliwrath|Waterfall|p1a: Slowking
|-damage|p1a: Slowking|0 fnt
|faint|p1a: Slowking
|
|upkeep
|
|t:|1760819024
|switch|p1a: Great Tusk|Great Tusk|100/100
|turn|6
|
|t:|1760819032
|move|p2a: Poliwrath|Waterfall|p1a: Great Tusk
|-supereffective|p1a: Great Tusk
|-damage|p1a: Great Tusk|0 fnt
|faint|p1a: Great Tusk
|-end|p1a: Great Tusk|Protosynthesis|[silent]
|
|upkeep
|
|t:|1760819035
|switch|p1a: Heatran|Heatran, M|100/100
|-item|p1a: Heatran|Air Balloon
|turn|7
|
|t:|1760819041
|move|p2a: Poliwrath|Waterfall|p1a: Heatran
|-supereffective|p1a: Heatran
|-crit|p1a: Heatran
|-damage|p1a: Heatran|0 fnt
|-enditem|p1a: Heatran|Air Balloon
|faint|p1a: Heatran
|
|win|Bogatyum
|raw|sgsvabs's rating: 1000 &rarr; <strong>1000</strong><br />(+0 for losing)
|raw|Bogatyum's rating: 1004 &rarr; <strong>1043</strong><br />(+39 for winning)
|l|☆sgsvabs
|player|p1|
