|j|☆dreadway
|j|☆Passerby bye
|t:|1760811084
|gametype|singles
|player|p1|dreadway|pokemonrangerf|1317
|player|p2|Passerby bye|scientist-gen4|1260
|gen|9
|tier|[Gen 9] OU
|rated|
|rule|HP Percentage Mod: HP is shown in percentages
|rule|Endless Battle Clause: Forcing endless battles is banned
|rule|Species Clause: Limit one of each Pokémon
|rule|OHKO Clause: OHKO moves are banned
|rule|Evasion Items Clause: Evasion items are banned
|rule|Evasion Moves Clause: Evasion moves are banned
|rule|Evasion Abilities Clause: Evasion abilities are banned
|rule|Sleep Moves Clause: Sleep-inducing moves are banned
|clearpoke
|poke|p1|Tyranitar, F|
|poke|p1|Excadrill, F|
|poke|p1|Kingambit, F|
|poke|p1|Garchomp, M|
|poke|p1|Pecharunt|
|poke|p1|Rotom-Wash|
|poke|p2|Wigglytuff, F|
|poke|p2|Gliscor, M|
|poke|p2|Houndoom, M|
|poke|p2|Magnezone|
|poke|p2|Slowbro, F|
|poke|p2|Vileplume, M|
|teampreview
|
|t:|1760811098
|teamsize|p1|6
|teamsize|p2|6
|start
|switch|p1a: Tyranitar|Tyranitar, F|100/100
|switch|p2a: Slowbro|Slowbro, F|100/100
|-weather|Sandstorm|[from] ability: Sand Stream|[of] p1a: Tyranitar
|turn|1
|
|t:|1760811131
|move|p1a: Tyranitar|Knock Off|p2a: Slowbro
|-supereffective|p2a: Slowbro
|-damage|p2a: Slowbro|51/100
|-enditem|p2a: Slowbro|Heavy-Duty Boots|[from] move: Knock Off|[of] p1a: Tyranitar
|move|p2a: Slowbro|Scald|p1a: Tyranitar
|-supereffective|p1a: Tyranitar
|-damage|p1a: Tyranitar|76/100
|
|-weather|Sandstorm|[upkeep]
|-damage|p2a: Slowbro|45/100|[from] Sandstorm
|upkeep
|turn|2
|
|t:|1760811221
|move|p1a: Tyranitar|Thunder Wave|p2a: Slowbro
|-status|p2a: Slowbro|par
|move|p2a: Slowbro|Slack Off|p2a: Slowbro
|-heal|p2a: Slowbro|95/100 par
|
|-weather|Sandstorm|[upkeep]
|-damage|p2a: Slowbro|89/100 par|[from] Sandstorm
|upkeep
|turn|3
|
|t:|1760811234
|move|p1a: Tyranitar|Stealth Rock|p2a: Slowbro
|-sidestart|p2: Passerby bye|move: Stealth Rock
|move|p2a: Slowbro|Nasty Plot|p2a: Slowbro
|-boost|p2a: Slowbro|spa|2
|
|-weather|Sandstorm|[upkeep]
|-damage|p2a: Slowbro|83/100 par|[from] Sandstorm
|upkeep
|turn|4
|
|t:|1760811241
|switch|p1a: Rotom|Rotom-Wash|100/100
|move|p2a: Slowbro|Scald|p1a: Rotom
|-resisted|p1a: Rotom
|-damage|p1a: Rotom|74/100
|-status|p1a: Rotom|brn
|
|-weather|Sandstorm|[upkeep]
|-damage|p1a: Rotom|68/100 brn|[from] Sandstorm
|-damage|p2a: Slowbro|77/100 par|[from] Sandstorm
|-heal|p1a: Rotom|74/100 brn|[from] item: Leftovers
|-damage|p1a: Rotom|68/100 brn|[from] brn
|upkeep
|turn|5
|
|t:|1760811254
|move|p1a: Rotom|Volt Switch|p2a: Slowbro
|-supereffective|p2a: Slowbro
|-damage|p2a: Slowbro|22/100 par
|
|t:|1760811262
|switch|p1a: Pecharunt|Pecharunt|100/100|[from] Volt Switch
|-item|p1a: Pecharunt|Air Balloon
|cant|p2a: Slowbro|par
|
|-weather|Sandstorm|[upkeep]
|-damage|p1a: Pecharunt|94/100|[from] Sandstorm
|-damage|p2a: Slowbro|16/100 par|[from] Sandstorm
|upkeep
|turn|6
|
|t:|1760811271
|move|p1a: Pecharunt|Shadow Ball|p2a: Slowbro
|-supereffective|p2a: Slowbro
|-damage|p2a: Slowbro|0 fnt
|faint|p2a: Slowbro
|
|-weather|Sandstorm|[upkeep]
|-damage|p1a: Pecharunt|88/100|[from] Sandstorm
|upkeep
|
|t:|1760811274
|switch|p2a: Magnezone|Magnezone|100/100
|-damage|p2a: Magnezone|94/100|[from] Stealth Rock
|turn|7
|
|t:|1760811279
|move|p1a: Pecharunt|Parting Shot|p2a: Magnezone
|-unboost|p2a: Magnezone|atk|1
|-unboost|p2a: Magnezone|spa|1
|
|t:|1760811281
|switch|p1a: Garchomp|Garchomp, M|100/100|[from] Parting Shot
|move|p2a: Magnezone|Flash Cannon|p1a: Garchomp
|-damage|p1a: Garchomp|41/100
|
|-weather|Sandstorm|[upkeep]
|upkeep
|turn|8
|
|t:|1760811307
|switch|p2a: Wigglytuff|Wigglytuff, F|100/100
|-damage|p2a: Wigglytuff|88/100|[from] Stealth Rock
|move|p1a: Garchomp|Swords Dance|p1a: Garchomp
|-boost|p1a: Garchomp|atk|2
|
|-weather|none
|upkeep
|turn|9
|
|t:|1760811312
|move|p1a: Garchomp|Earthquake|p2a: Wigglytuff
|-damage|p2a: Wigglytuff|0 fnt
|faint|p2a: Wigglytuff
|
|upkeep
|
|t:|1760811316
|switch|p2a: Gliscor|Gliscor, M|100/100
|-damage|p2a: Gliscor|88/100|[from] Stealth Rock
|turn|10
|
|t:|1760811321
|move|p1a: Garchomp|Scale Shot|p2a: Gliscor
|-damage|p2a: Gliscor|68/100
|-damage|p2a: Gliscor|47/100
|-damage|p2a: Gliscor|27/100
|-damage|p2a: Gliscor|6/100
|-hitcount|p2a: Gliscor|4
|-unboost|p1a: Garchomp|def|1
|-boost|p1a: Garchomp|spe|1
|move|p2a: Gliscor|Swords Dance|p2a: Gliscor
|-boost|p2a: Gliscor|atk|2
|
|-status|p2a: Gliscor|tox|[from] item: Toxic Orb
|upkeep
|turn|11
|
|t:|1760811335
|move|p2a: Gliscor|Protect|p2a: Gliscor
|-singleturn|p2a: Gliscor|Protect
|move|p1a: Garchomp|Scale Shot|p2a: Gliscor
|-activate|p2a: Gliscor|move: Protect
|
|-heal|p2a: Gliscor|19/100 tox|[from] ability: Poison Heal
|upkeep
|turn|12
|
|t:|1760811342
|move|p1a: Garchomp|Scale Shot|p2a: Gliscor
|-crit|p2a: Gliscor
|-damage|p2a: Gliscor|0 fnt
|faint|p2a: Gliscor
|-hitcount|p2: Gliscor|1
|-unboost|p1a: Garchomp|def|1
|-boost|p1a: Garchomp|spe|1
|
|upkeep
|
|t:|1760811347
|switch|p2a: Vileplume|Vileplume, M|100/100
|-damage|p2a: Vileplume|88/100|[from] Stealth Rock
|turn|13
|
|t:|1760811351
|move|p1a: Garchomp|Fire Fang|p2a: Vileplume
|-supereffective|p2a: Vileplume
|-damage|p2a: Vileplume|17/100
|-damage|p1a: Garchomp|24/100|[from] item: Rocky Helmet|[of] p2a: Vileplume
|move|p2a: Vileplume|Strength Sap|p1a: Garchomp
|-unboost|p1a: Garchomp|atk|1
|-heal|p2a: Vileplume|100/100
|
|upkeep
|turn|14
|
|t:|1760811358
|move|p1a: Garchomp|Swords Dance|p1a: Garchomp
|-boost|p1a: Garchomp|atk|2
|move|p2a: Vileplume|Strength Sap|p1a: Garchomp
|-unboost|p1a: Garchomp|atk|1
|
|upkeep
|turn|15
|
|t:|1760811365
|move|p1a: Garchomp|Swords Dance|p1a: Garchomp
|-boost|p1a: Garchomp|atk|2
|move|p2a: Vileplume|Giga Drain|p1a: Garchomp
|-damage|p1a: Garchomp|0 fnt
|faint|p1a: Garchomp
|
|upkeep
|
|t:|1760811373
|switch|p1a: Pecharunt|Pecharunt|88/100
|-item|p1a: Pecharunt|Air Balloon
|turn|16
|
|t:|1760811380
|switch|p2a: Magnezone|Magnezone|94/100
|-damage|p2a: Magnezone|88/100|[from] Stealth Rock
|move|p1a: Pecharunt|Malignant Chain|p2a: Magnezone
|-immune|p2a: Magnezone
|
|upkeep
|turn|17
|
|t:|1760811430
|move|p1a: Pecharunt|Shadow Ball|p2a: Magnezone
|-damage|p2a: Magnezone|61/100
|move|p2a: Magnezone|Flash Cannon|p1a: Pecharunt
|-damage|p1a: Pecharunt|0 fnt
|-enditem|p1a: Pecharunt|Air Balloon
|faint|p1a: Pecharunt
|
|upkeep
|
|t:|1760811433
|switch|p1a: Tyranitar|Tyranitar, F|76/100
|-weather|Sandstorm|[from] ability: Sand Stream|[of] p1a: Tyranitar
|turn|18
|
|t:|1760811447
|switch|p2a: Vileplume|Vileplume, M|100/100
|-damage|p2a: Vileplume|88/100|[from] Stealth Rock
|move|p1a: Tyranitar|Knock Off|p2a: Vileplume
|-damage|p2a: Vileplume|54/100
|-damage|p1a: Tyranitar|60/100|[from] item: Rocky Helmet|[of] p2a: Vileplume
|-enditem|p2a: Vileplume|Rocky Helmet|[from] move: Knock Off|[of] p1a: Tyranitar
|
|-weather|Sandstorm|[upkeep]
|-damage|p2a: Vileplume|48/100|[from] Sandstorm
|upkeep
|turn|19
|
|t:|1760811470
|move|p1a: Tyranitar|Thunder Wave|p2a: Vileplume
|-status|p2a: Vileplume|par
|move|p2a: Vileplume|Strength Sap|p1a: Tyranitar
|-unboost|p1a: Tyranitar|atk|1
|-heal|p2a: Vileplume|100/100 par
|
|-weather|Sandstorm|[upkeep]
|-damage|p2a: Vileplume|94/100 par|[from] Sandstorm
|upkeep
|turn|20
|
|t:|1760811481
|move|p1a: Tyranitar|Ice Beam|p2a: Vileplume
|-supereffective|p2a: Vileplume
|-damage|p2a: Vileplume|49/100 par
|move|p2a: Vileplume|Giga Drain|p1a: Tyranitar
|-supereffective|p1a: Tyranitar
|-damage|p1a: Tyranitar|37/100
|-heal|p2a: Vileplume|62/100 par|[from] drain|[of] p1a: Tyranitar
|
|-weather|Sandstorm|[upkeep]
|-damage|p2a: Vileplume|56/100 par|[from] Sandstorm
|upkeep
|turn|21
|
|t:|1760811487
|move|p1a: Tyranitar|Ice Beam|p2a: Vileplume
|-supereffective|p2a: Vileplume
|-damage|p2a: Vileplume|15/100 par
|cant|p2a: Vileplume|par
|
|-weather|Sandstorm|[upkeep]
|-damage|p2a: Vileplume|9/100 par|[from] Sandstorm
|upkeep
|turn|22
|
|t:|1760811493
|move|p1a: Tyranitar|Ice Beam|p2a: Vileplume
|-supereffective|p2a: Vileplume
|-damage|p2a: Vileplume|0 fnt
|faint|p2a: Vileplume
|
|-weather|Sandstorm|[upkeep]
|upkeep
|
|t:|1760811500
|switch|p2a: Magnezone|Magnezone|61/100
|-damage|p2a: Magnezone|55/100|[from] Stealth Rock
|turn|23
|
|t:|1760811508
|switch|p1a: Rotom|Rotom-Wash|68/100 brn
|move|p2a: Magnezone|Flash Cannon|p1a: Rotom
|-resisted|p1a: Rotom
|-damage|p1a: Rotom|45/100 brn
|-unboost|p1a: Rotom|spd|1
|
|-weather|Sandstorm|[upkeep]
|-damage|p1a: Rotom|38/100 brn|[from] Sandstorm
|-heal|p1a: Rotom|45/100 brn|[from] item: Leftovers
|-damage|p1a: Rotom|38/100 brn|[from] brn
|upkeep
|turn|24
|
|t:|1760811513
|move|p1a: Rotom|Will-O-Wisp|p2a: Magnezone|[miss]
|-miss|p1a: Rotom|p2a: Magnezone
|move|p2a: Magnezone|Flash Cannon|p1a: Rotom
|-resisted|p1a: Rotom
|-damage|p1a: Rotom|3/100 brn
|
|-weather|Sandstorm|[upkeep]
|-damage|p1a: Rotom|0 fnt|[from] Sandstorm
|faint|p1a: Rotom
|upkeep
|
|t:|1760811519
|switch|p1a: Kingambit|Kingambit, F|100/100
|-activate|p1a: Kingambit|ability: Supreme Overlord
|-start|p1a: Kingambit|fallen3|[silent]
|turn|25
|
|t:|1760811527
|switch|p2a: Houndoom|Houndoom, M|100/100
|move|p1a: Kingambit|Kowtow Cleave|p2a: Houndoom
|-resisted|p2a: Houndoom
|-damage|p2a: Houndoom|22/100
|
|-weather|none
|upkeep
|turn|26
|
|t:|1760811533
|move|p1a: Kingambit|Sucker Punch||[still]
|-fail|p1a: Kingambit
|move|p2a: Houndoom|Destiny Bond|p2a: Houndoom
|-singlemove|p2a: Houndoom|Destiny Bond
|
|upkeep
|turn|27
|
|t:|1760811537
|move|p2a: Houndoom|Fire Blast|p1a: Kingambit
|-supereffective|p1a: Kingambit
|-damage|p1a: Kingambit|0 fnt
|faint|p1a: Kingambit
|-end|p1a: Kingambit|fallen3|[silent]
|
|upkeep
|
|t:|1760811540
|switch|p1a: Tyranitar|Tyranitar, F|37/100
|-weather|Sandstorm|[from] ability: Sand Stream|[of] p1a: Tyranitar
|turn|28
|
|t:|1760811550
|move|p2a: Houndoom|Destiny Bond|p2a: Houndoom
|-singlemove|p2a: Houndoom|Destiny Bond
|move|p1a: Tyranitar|Knock Off|p2a: Houndoom
|-resisted|p2a: Houndoom
|-damage|p2a: Houndoom|0 fnt
|-enditem|p2a: Houndoom|Heavy-Duty Boots|[from] move: Knock Off|[of] p1a: Tyranitar
|faint|p2a: Houndoom
|-activate|p2a: Houndoom|move: Destiny Bond
|faint|p1a: Tyranitar
|
|-weather|Sandstorm|[upkeep]
|upkeep
|
|t:|1760811552
|switch|p2a: Magnezone|Magnezone|55/100
|switch|p1a: Excadrill|Excadrill, F|100/100
|-damage|p2a: Magnezone|49/100|[from] Stealth Rock
|turn|29
|
|t:|1760811560
|-terastallize|p1a: Excadrill|Ground
|-terastallize|p2a: Magnezone|Flying
|move|p1a: Excadrill|Earthquake|p2a: Magnezone
|-immune|p2a: Magnezone
|move|p2a: Magnezone|Flash Cannon|p1a: Excadrill
|-damage|p1a: Excadrill|0 fnt
|faint|p1a: Excadrill
|
|win|Passerby bye
|raw|dreadway's rating: 1317 &rarr; <strong>1294</strong><br />(-23 for losing)
|raw|Passerby bye's rating: 1260 &rarr; <strong>1289</strong><br />(+29 for winning)
|c|☆dreadway|gg
|l|☆dreadway
|player|p1|
|l|☆Passerby bye
|player|p2|
