|j|☆waterbroxox
|j|☆Distra5
|t:|1760739247
|gametype|singles
|player|p1|waterbroxox|102|1114
|player|p2|Distra5|backpacker|1100
|gen|9
|tier|[Gen 9] OU
|rated|
|rule|HP Percentage Mod: HP is shown in percentages
|rule|Endless Battle Clause: Forcing endless battles is banned
|rule|Species Clause: Limit one of each Pokémon
|rule|OHKO Clause: OHKO moves are banned
|rule|Evasion Items Clause: Evasion items are banned
|rule|Evasion Moves Clause: Evasion moves are banned
|rule|Evasion Abilities Clause: Evasion abilities are banned
|rule|Sleep Moves Clause: Sleep-inducing moves are banned
|clearpoke
|poke|p1|Indeedee, M|
|poke|p1|Smeargle, M|
|poke|p1|Galvantula, M|
|poke|p1|Great Tusk|
|poke|p1|Breloom, M|
|poke|p1|Sandy Shocks|
|poke|p2|Ninetales, F|
|poke|p2|Skuntank, M|
|poke|p2|Charizard, F|
|poke|p2|Sandslash, M|
|poke|p2|Swampert, F|
|poke|p2|Mightyena, M|
|teampreview
|inactive|Battle timer is ON: inactive players will automatically lose when time's up. (requested by waterbroxox)
|
|t:|1760739294
|teamsize|p1|6
|teamsize|p2|6
|start
|switch|p1a: Indeedee|Indeedee, M|100/100
|switch|p2a: Swampert|Swampert, F|100/100
|-fieldstart|move: Psychic Terrain|[from] ability: Psychic Surge|[of] p1a: Indeedee
|turn|1
|
|t:|1760739309
|move|p1a: Indeedee|Expanding Force|p2a: Swampert
|-damage|p2a: Swampert|39/100
|move|p2a: Swampert|Sludge Wave|p1a: Indeedee
|-damage|p1a: Indeedee|66/100
|
|upkeep
|turn|2
|
|t:|1760739319
|switch|p2a: Mightyena|Mightyena, M|100/100
|move|p1a: Indeedee|Expanding Force|p2a: Mightyena
|-immune|p2a: Mightyena
|
|upkeep
|turn|3
|
|t:|1760739334
|switch|p1a: Galvantula|Galvantula, M|100/100
|move|p2a: Mightyena|Crunch|p1a: Galvantula
|-damage|p1a: Galvantula|38/100
|-unboost|p1a: Galvantula|def|1
|
|upkeep
|turn|4
|
|t:|1760739348
|move|p1a: Galvantula|Sticky Web|p2a: Mightyena
|-sidestart|p2: Distra5|move: Sticky Web
|move|p2a: Mightyena|Crunch|p1a: Galvantula
|-damage|p1a: Galvantula|0 fnt
|faint|p1a: Galvantula
|-ability|p2a: Mightyena|Moxie|boost
|-boost|p2a: Mightyena|atk|1
|
|upkeep
|
|t:|1760739359
|switch|p1a: Great Tusk|Great Tusk|100/100
|-enditem|p1a: Great Tusk|Booster Energy
|-activate|p1a: Great Tusk|ability: Protosynthesis|[fromitem]
|-start|p1a: Great Tusk|protosynthesisatk
|turn|5
|inactive|Distra5 has 120 seconds left.
|
|t:|1760739389
|switch|p2a: Jokey|Sandslash, M|100/100
|-activate|p2a: Jokey|move: Sticky Web
|-unboost|p2a: Jokey|spe|1
|move|p1a: Great Tusk|Rapid Spin|p2a: Jokey
|-damage|p2a: Jokey|74/100
|-boost|p1a: Great Tusk|spe|1
|
|-fieldend|move: Psychic Terrain
|upkeep
|turn|6
|inactive|Distra5 has 120 seconds left.
|
|t:|1760739408
|move|p1a: Great Tusk|Bulk Up|p1a: Great Tusk
|-boost|p1a: Great Tusk|atk|1
|-boost|p1a: Great Tusk|def|1
|move|p2a: Jokey|Earthquake|p1a: Great Tusk
|-damage|p1a: Great Tusk|72/100
|-damage|p2a: Jokey|65/100|[from] item: Life Orb
|
|upkeep
|turn|7
|inactive|Distra5 has 120 seconds left.
|
|t:|1760739427
|move|p1a: Great Tusk|Bulk Up|p1a: Great Tusk
|-boost|p1a: Great Tusk|atk|1
|-boost|p1a: Great Tusk|def|1
|move|p2a: Jokey|Earthquake|p1a: Great Tusk
|-damage|p1a: Great Tusk|50/100
|-damage|p2a: Jokey|55/100|[from] item: Life Orb
|
|upkeep
|turn|8
|
|t:|1760739441
|switch|p2a: Swampert|Swampert, F|39/100
|move|p1a: Great Tusk|Bulk Up|p1a: Great Tusk
|-boost|p1a: Great Tusk|atk|1
|-boost|p1a: Great Tusk|def|1
|
|upkeep
|turn|9
|inactive|Distra5 has 90 seconds left.
|
|t:|1760739473
|switch|p2a: Pevolin|Skuntank, M|100/100
|-activate|p2a: Pevolin|move: Sticky Web
|-unboost|p2a: Pevolin|spe|1
|move|p1a: Great Tusk|Rapid Spin|p2a: Pevolin
|-crit|p2a: Pevolin
|-damage|p2a: Pevolin|0 fnt
|-boost|p1a: Great Tusk|spe|1
|-damage|p1a: Great Tusk|25/100|[from] ability: Aftermath|[of] p2a: Pevolin
|-damage|p1a: Great Tusk|8/100|[from] item: Rocky Helmet|[of] p2a: Pevolin
|faint|p2a: Pevolin
|
|upkeep
|inactive|Distra5 has 90 seconds left.
|
|t:|1760739486
|switch|p2a: Mightyena|Mightyena, M|100/100
|-activate|p2a: Mightyena|move: Sticky Web
|-unboost|p2a: Mightyena|spe|1
|turn|10
|inactive|Distra5 has 90 seconds left.
|
|t:|1760739495
|move|p2a: Mightyena|Sucker Punch|p1a: Great Tusk
|-resisted|p1a: Great Tusk
|-damage|p1a: Great Tusk|4/100
|move|p1a: Great Tusk|Close Combat|p2a: Mightyena
|-supereffective|p2a: Mightyena
|-enditem|p2a: Mightyena|Focus Sash
|-damage|p2a: Mightyena|1/100
|-unboost|p1a: Great Tusk|def|1
|-unboost|p1a: Great Tusk|spd|1
|
|upkeep
|turn|11
|inactive|Distra5 has 90 seconds left.
|
|t:|1760739507
|move|p2a: Mightyena|Sucker Punch|p1a: Great Tusk
|-resisted|p1a: Great Tusk
|-damage|p1a: Great Tusk|0 fnt
|faint|p1a: Great Tusk
|-end|p1a: Great Tusk|Protosynthesis|[silent]
|-ability|p2a: Mightyena|Moxie|boost
|-boost|p2a: Mightyena|atk|1
|
|upkeep
|
|t:|1760739514
|switch|p1a: Breloom|Breloom, M|100/100
|turn|12
|
|t:|1760739524
|move|p1a: Breloom|Mach Punch|p2a: Mightyena
|-supereffective|p2a: Mightyena
|-damage|p2a: Mightyena|0 fnt
|faint|p2a: Mightyena
|
|upkeep
|inactive|Distra5 has 90 seconds left.
|
|t:|1760739537
|switch|p2a: Scar|Ninetales, F|100/100
|-activate|p2a: Scar|move: Sticky Web
|-unboost|p2a: Scar|spe|1
|turn|13
|inactive|Distra5 has 90 seconds left.
|
|t:|1760739551
|move|p1a: Breloom|Swords Dance|p1a: Breloom
|-boost|p1a: Breloom|atk|2
|move|p2a: Scar|Fire Blast|p1a: Breloom
|-supereffective|p1a: Breloom
|-enditem|p1a: Breloom|Focus Sash
|-damage|p1a: Breloom|1/100
|
|upkeep
|turn|14
|inactive|Distra5 has 90 seconds left.
|
|t:|1760739561
|move|p1a: Breloom|Reversal|p2a: Scar
|-damage|p2a: Scar|0 fnt
|faint|p2a: Scar
|
|upkeep
|inactive|Distra5 has 90 seconds left.
|
|t:|1760739576
|switch|p2a: Charizard|Charizard, F|100/100
|turn|15
|
|t:|1760739584
|-terastallize|p2a: Charizard|Fire
|move|p1a: Breloom|Mach Punch|p2a: Charizard
|-damage|p2a: Charizard|12/100
|move|p2a: Charizard|Ancient Power|p1a: Breloom
|-resisted|p1a: Breloom
|-damage|p1a: Breloom|0 fnt
|faint|p1a: Breloom
|
|upkeep
|
|t:|1760739595
|switch|p1a: Sandy Shocks|Sandy Shocks|100/100
|-enditem|p1a: Sandy Shocks|Booster Energy
|-activate|p1a: Sandy Shocks|ability: Protosynthesis|[fromitem]
|-start|p1a: Sandy Shocks|protosynthesisspe
|turn|16
|
|t:|1760739603
|switch|p2a: Swampert|Swampert, F|39/100
|move|p1a: Sandy Shocks|Charge Beam|p2a: Swampert
|-immune|p2a: Swampert
|
|upkeep
|turn|17
|
|t:|1760739612
|move|p1a: Sandy Shocks|Earth Power|p2a: Swampert
|-damage|p2a: Swampert|0 fnt
|faint|p2a: Swampert
|
|upkeep
|
|t:|1760739619
|switch|p2a: Jokey|Sandslash, M|55/100
|-activate|p2a: Jokey|move: Sticky Web
|-unboost|p2a: Jokey|spe|1
|turn|18
|
|t:|1760739625
|move|p1a: Sandy Shocks|Earth Power|p2a: Jokey
|-damage|p2a: Jokey|0 fnt
|faint|p2a: Jokey
|
|upkeep
|
|t:|1760739630
|switch|p2a: Charizard|Charizard, F, tera:Fire|12/100
|-activate|p2a: Charizard|move: Sticky Web
|-unboost|p2a: Charizard|spe|1
|turn|19
|
|t:|1760739636
|move|p1a: Sandy Shocks|Thunderbolt|p2a: Charizard
|-damage|p2a: Charizard|0 fnt
|faint|p2a: Charizard
|
|win|waterbroxox
|raw|waterbroxox's rating: 1114 &rarr; <strong>1138</strong><br />(+24 for winning)
|raw|Distra5's rating: 1100 &rarr; <strong>1076</strong><br />(-24 for losing)
|l|☆waterbroxox
|player|p1|
|l|☆Distra5
|player|p2|
