|j|☆Free6lackpanther
|j|☆Vickvolta侠
|t:|1760848238
|gametype|singles
|player|p1|Free6lackpanther|2|1161
|player|p2|Vickvolta侠|bugcatcher-gen4dp|1151
|gen|9
|tier|[Gen 9] OU
|rated|
|rule|HP Percentage Mod: HP is shown in percentages
|rule|Endless Battle Clause: Forcing endless battles is banned
|rule|Species Clause: Limit one of each Pokémon
|rule|OHKO Clause: OHKO moves are banned
|rule|Evasion Items Clause: Evasion items are banned
|rule|Evasion Moves Clause: Evasion moves are banned
|rule|Evasion Abilities Clause: Evasion abilities are banned
|rule|Sleep Moves Clause: Sleep-inducing moves are banned
|clearpoke
|poke|p1|Ogerpon-Wellspring, F|
|poke|p1|Rotom-Wash|
|poke|p1|Scizor, F|
|poke|p1|Zapdos|
|poke|p1|Tyranitar, M|
|poke|p1|Ninetales-Alola, F|
|poke|p2|Metagross|
|poke|p2|Forretress, M|
|poke|p2|Staraptor, M|
|poke|p2|Talonflame, F|
|poke|p2|Galvantula, M|
|poke|p2|Tyranitar, M|
|teampreview
|inactive|Battle timer is ON: inactive players will automatically lose when time's up. (requested by Free6lackpanther)
|
|t:|1760848248
|teamsize|p1|6
|teamsize|p2|6
|start
|switch|p1a: Scizor|Scizor, F|100/100
|switch|p2a: Galvantula|Galvantula, M|100/100
|turn|1
|
|t:|1760848254
|move|p2a: Galvantula|Sticky Web|p1a: Scizor
|-sidestart|p1: Free6lackpanther|move: Sticky Web
|move|p1a: Scizor|Dual Wingbeat|p2a: Galvantula
|-crit|p2a: Galvantula
|-damage|p2a: Galvantula|41/100
|-damage|p2a: Galvantula|0 fnt
|faint|p2a: Galvantula
|-hitcount|p2: Galvantula|2
|
|upkeep
|
|t:|1760848264
|switch|p2a: Talonflame|Talonflame, F|100/100
|turn|2
|
|t:|1760848268
|switch|p1a: Zapdos|Zapdos|100/100
|-terastallize|p2a: Talonflame|Fire
|move|p2a: Talonflame|Flare Blitz|p1a: Zapdos
|-damage|p1a: Zapdos|9/100
|-damage|p2a: Talonflame|61/100|[from] Recoil
|
|-heal|p1a: Zapdos|16/100|[from] item: Leftovers
|upkeep
|turn|3
|
|t:|1760848279
|switch|p1a: Rotom|Rotom-Wash|100/100
|move|p2a: Talonflame|Flare Blitz|p1a: Rotom
|-resisted|p1a: Rotom
|-damage|p1a: Rotom|67/100
|-damage|p2a: Talonflame|50/100|[from] Recoil
|
|-heal|p1a: Rotom|73/100|[from] item: Leftovers
|upkeep
|turn|4
|
|t:|1760848289
|switch|p2a: Tyranitar|Tyranitar, M|100/100
|-weather|Sandstorm|[from] ability: Sand Stream|[of] p2a: Tyranitar
|move|p1a: Rotom|Hydro Pump|p2a: Tyranitar|[miss]
|-miss|p1a: Rotom|p2a: Tyranitar
|
|-weather|Sandstorm|[upkeep]
|-damage|p1a: Rotom|67/100|[from] Sandstorm
|-heal|p1a: Rotom|73/100|[from] item: Leftovers
|upkeep
|turn|5
|
|t:|1760848301
|move|p1a: Rotom|Will-O-Wisp|p2a: Tyranitar
|-status|p2a: Tyranitar|brn
|move|p2a: Tyranitar|Knock Off|p1a: Rotom
|-crit|p1a: Rotom
|-damage|p1a: Rotom|48/100
|-enditem|p1a: Rotom|Leftovers|[from] move: Knock Off|[of] p2a: Tyranitar
|
|-weather|Sandstorm|[upkeep]
|-damage|p1a: Rotom|42/100|[from] Sandstorm
|-damage|p2a: Tyranitar|94/100 brn|[from] brn
|upkeep
|turn|6
|
|t:|1760848319
|move|p1a: Rotom|Volt Switch|p2a: Tyranitar
|-damage|p2a: Tyranitar|88/100 brn
|
|t:|1760848324
|switch|p1a: Scizor|Scizor, F|100/100|[from] Volt Switch
|-activate|p1a: Scizor|move: Sticky Web
|-unboost|p1a: Scizor|spe|1
|move|p2a: Tyranitar|Stone Edge|p1a: Scizor
|-crit|p1a: Scizor
|-damage|p1a: Scizor|69/100
|
|-weather|Sandstorm|[upkeep]
|-heal|p1a: Scizor|75/100|[from] item: Leftovers
|-damage|p2a: Tyranitar|81/100 brn|[from] brn
|upkeep
|turn|7
|
|t:|1760848339
|move|p2a: Tyranitar|Knock Off|p1a: Scizor
|-damage|p1a: Scizor|53/100
|-enditem|p1a: Scizor|Leftovers|[from] move: Knock Off|[of] p2a: Tyranitar
|move|p1a: Scizor|Defog|p2a: Tyranitar
|-unboost|p2a: Tyranitar|evasion|1
|-sideend|p1: Free6lackpanther|Sticky Web|[from] move: Defog|[of] p1a: Scizor
|
|-weather|Sandstorm|[upkeep]
|-damage|p2a: Tyranitar|75/100 brn|[from] brn
|upkeep
|turn|8
|
|t:|1760848350
|move|p2a: Tyranitar|Stone Edge|p1a: Scizor|[miss]
|-miss|p2a: Tyranitar|p1a: Scizor
|move|p1a: Scizor|Knock Off|p2a: Tyranitar
|-resisted|p2a: Tyranitar
|-damage|p2a: Tyranitar|60/100 brn
|-enditem|p2a: Tyranitar|Assault Vest|[from] move: Knock Off|[of] p1a: Scizor
|
|-weather|none
|-damage|p2a: Tyranitar|54/100 brn|[from] brn
|upkeep
|turn|9
|
|t:|1760848360
|move|p1a: Scizor|Bullet Punch|p2a: Tyranitar
|-supereffective|p2a: Tyranitar
|-damage|p2a: Tyranitar|0 fnt
|faint|p2a: Tyranitar
|
|upkeep
|
|t:|1760848367
|switch|p2a: Metagross|Metagross|100/100
|turn|10
|
|t:|1760848370
|move|p2a: Metagross|Earthquake|p1a: Scizor
|-damage|p1a: Scizor|5/100
|-damage|p2a: Metagross|91/100|[from] item: Life Orb
|move|p1a: Scizor|Knock Off|p2a: Metagross
|-supereffective|p2a: Metagross
|-damage|p2a: Metagross|34/100
|-enditem|p2a: Metagross|Life Orb|[from] move: Knock Off|[of] p1a: Scizor
|
|upkeep
|turn|11
|
|t:|1760848379
|move|p2a: Metagross|Bullet Punch|p1a: Scizor
|-resisted|p1a: Scizor
|-damage|p1a: Scizor|0 fnt
|faint|p1a: Scizor
|
|upkeep
|
|t:|1760848389
|switch|p1a: Rotom|Rotom-Wash|42/100
|turn|12
|
|t:|1760848394
|move|p1a: Rotom|Will-O-Wisp|p2a: Metagross
|-status|p2a: Metagross|brn
|move|p2a: Metagross|Explosion|p1a: Rotom
|-damage|p1a: Rotom|2/100
|faint|p2a: Metagross
|
|upkeep
|
|t:|1760848404
|switch|p2a: Talonflame|Talonflame, F, tera:Fire|50/100
|turn|13
|
|t:|1760848408
|move|p2a: Talonflame|Brave Bird|p1a: Rotom
|-resisted|p1a: Rotom
|-damage|p1a: Rotom|0 fnt
|faint|p1a: Rotom
|-damage|p2a: Talonflame|49/100|[from] Recoil
|
|upkeep
|
|t:|1760848418
|switch|p1a: Ninetales|Ninetales-Alola, F|100/100
|-weather|Snowscape|[from] ability: Snow Warning|[of] p1a: Ninetales
|turn|14
|
|t:|1760848423
|switch|p2a: Forretress|Forretress, M|100/100
|move|p1a: Ninetales|Aurora Veil|p1a: Ninetales
|-sidestart|p1: Free6lackpanther|move: Aurora Veil
|
|-weather|Snowscape|[upkeep]
|upkeep
|turn|15
|
|t:|1760848432
|switch|p1a: Zapdos|Zapdos|16/100
|move|p2a: Forretress|Rapid Spin|p1a: Zapdos
|-damage|p1a: Zapdos|9/100
|-boost|p2a: Forretress|spe|1
|
|-weather|Snowscape|[upkeep]
|-heal|p1a: Zapdos|15/100|[from] item: Leftovers
|upkeep
|turn|16
|
|t:|1760848442
|move|p1a: Zapdos|Roost|p1a: Zapdos
|-heal|p1a: Zapdos|65/100
|-singleturn|p1a: Zapdos|move: Roost
|move|p2a: Forretress|Ice Spinner|p1a: Zapdos
|-damage|p1a: Zapdos|53/100
|
|-weather|Snowscape|[upkeep]
|-heal|p1a: Zapdos|59/100|[from] item: Leftovers
|upkeep
|turn|17
|
|t:|1760848452
|move|p1a: Zapdos|Roost|p1a: Zapdos
|-heal|p1a: Zapdos|100/100
|-singleturn|p1a: Zapdos|move: Roost
|move|p2a: Forretress|Earthquake|p1a: Zapdos
|-supereffective|p1a: Zapdos
|-damage|p1a: Zapdos|72/100
|
|-weather|Snowscape|[upkeep]
|-heal|p1a: Zapdos|78/100|[from] item: Leftovers
|upkeep
|turn|18
|
|t:|1760848462
|move|p1a: Zapdos|Heat Wave|p2a: Forretress
|-supereffective|p2a: Forretress
|-ability|p2a: Forretress|Sturdy
|-damage|p2a: Forretress|1/100
|move|p2a: Forretress|Rapid Spin|p1a: Zapdos
|-damage|p1a: Zapdos|71/100
|-boost|p2a: Forretress|spe|1
|-status|p2a: Forretress|par|[from] ability: Static|[of] p1a: Zapdos
|
|-weather|none
|-heal|p1a: Zapdos|78/100|[from] item: Leftovers
|upkeep
|turn|19
|-enditem|p2a: Forretress|Custap Berry|[eat]
|-activate|p2a: Forretress|item: Custap Berry|[consumed]
|
|t:|1760848475
|move|p2a: Forretress|Explosion|p1a: Zapdos
|-damage|p1a: Zapdos|41/100
|faint|p2a: Forretress
|move|p1a: Zapdos|Heat Wave|p2: Forretress|[notarget]
|-fail|p1a: Zapdos
|
|-heal|p1a: Zapdos|47/100|[from] item: Leftovers
|upkeep
|
|t:|1760848486
|switch|p2a: Talonflame|Talonflame, F, tera:Fire|49/100
|turn|20
|
|t:|1760848490
|move|p2a: Talonflame|Flare Blitz|p1a: Zapdos
|-damage|p1a: Zapdos|3/100
|-status|p2a: Talonflame|par|[from] ability: Static|[of] p1a: Zapdos
|-damage|p2a: Talonflame|30/100 par|[from] Recoil
|move|p1a: Zapdos|Roost|p1a: Zapdos
|-heal|p1a: Zapdos|53/100
|-singleturn|p1a: Zapdos|move: Roost
|
|-heal|p1a: Zapdos|60/100|[from] item: Leftovers
|upkeep
|turn|21
|
|t:|1760848502
|move|p1a: Zapdos|Volt Switch|p2a: Talonflame
|-damage|p2a: Talonflame|0 fnt
|faint|p2a: Talonflame
|
|t:|1760848507
|switch|p1a: Ninetales|Ninetales-Alola, F|100/100|[from] Volt Switch
|-weather|Snowscape|[from] ability: Snow Warning|[of] p1a: Ninetales
|
|-weather|Snowscape|[upkeep]
|-sideend|p1: Free6lackpanther|move: Aurora Veil
|upkeep
|
|t:|1760848510
|switch|p2a: Staraptor|Staraptor, M|100/100
|turn|22
|
|t:|1760848517
|move|p1a: Ninetales|Aurora Veil|p1a: Ninetales
|-sidestart|p1: Free6lackpanther|move: Aurora Veil
|move|p2a: Staraptor|Close Combat|p1a: Ninetales
|-damage|p1a: Ninetales|70/100
|-unboost|p2a: Staraptor|def|1
|-unboost|p2a: Staraptor|spd|1
|
|-weather|Snowscape|[upkeep]
|upkeep
|turn|23
|
|t:|1760848525
|move|p1a: Ninetales|Blizzard|p2a: Staraptor
|-supereffective|p2a: Staraptor
|-damage|p2a: Staraptor|0 fnt
|faint|p2a: Staraptor
|
|win|Free6lackpanther
|raw|Free6lackpanther's rating: 1161 &rarr; <strong>1185</strong><br />(+24 for winning)
|raw|Vickvolta侠's rating: 1151 &rarr; <strong>1127</strong><br />(-24 for losing)
|l|☆Vickvolta侠
|player|p2|
|l|☆Free6lackpanther
|player|p1|
