|j|☆sp240sx
|j|☆Tab_T4B
|t:|1760852857
|gametype|singles
|player|p1|sp240sx|blackbelt-gen4dp|1113
|player|p2|Tab_T4B|morty|1153
|gen|9
|tier|[Gen 9] OU
|rated|
|rule|HP Percentage Mod: HP is shown in percentages
|rule|Endless Battle Clause: Forcing endless battles is banned
|rule|Species Clause: Limit one of each Pokémon
|rule|OHKO Clause: OHKO moves are banned
|rule|Evasion Items Clause: Evasion items are banned
|rule|Evasion Moves Clause: Evasion moves are banned
|rule|Evasion Abilities Clause: Evasion abilities are banned
|rule|Sleep Moves Clause: Sleep-inducing moves are banned
|clearpoke
|poke|p1|Great Tusk|
|poke|p1|Iron Valiant|
|poke|p1|Ceruledge, M|
|poke|p1|Rillaboom, M|
|poke|p1|Kingambit, M|
|poke|p1|Corviknight, F|
|poke|p2|Ceruledge, M|
|poke|p2|Gardevoir, F|
|poke|p2|Raging Bolt|
|poke|p2|Scizor, M|
|poke|p2|Keldeo|
|poke|p2|Meowscarada, F|
|teampreview
|inactive|Battle timer is ON: inactive players will automatically lose when time's up. (requested by Tab_T4B)
|
|t:|1760852870
|teamsize|p1|6
|teamsize|p2|6
|start
|switch|p1a: Great Tusk|Great Tusk|100/100
|switch|p2a: Keldeo|Keldeo|100/100
|turn|1
|
|t:|1760852885
|-end|p1a: Great Tusk|Protosynthesis|[silent]
|switch|p1a: Corviknight|Corviknight, F|100/100
|-ability|p1a: Corviknight|Pressure
|move|p2a: Keldeo|Icy Wind|p1a: Corviknight
|-damage|p1a: Corviknight|85/100
|-unboost|p1a: Corviknight|spe|1
|
|upkeep
|turn|2
|
|t:|1760852898
|move|p2a: Keldeo|Surf|p1a: Corviknight
|-damage|p1a: Corviknight|49/100
|move|p1a: Corviknight|Brave Bird|p2a: Keldeo
|-supereffective|p2a: Keldeo
|-damage|p2a: Keldeo|40/100
|-damage|p1a: Corviknight|32/100|[from] item: Rocky Helmet|[of] p2a: Keldeo
|-damage|p1a: Corviknight|9/100|[from] Recoil
|
|upkeep
|turn|3
|
|t:|1760852919
|switch|p1a: Rillaboom|Rillaboom, M|100/100
|-fieldstart|move: Grassy Terrain|[from] ability: Grassy Surge|[of] p1a: Rillaboom
|move|p2a: Keldeo|Surf|p1a: Rillaboom
|-resisted|p1a: Rillaboom
|-damage|p1a: Rillaboom|87/100
|
|-heal|p2a: Keldeo|46/100|[from] Grassy Terrain
|-heal|p1a: Rillaboom|93/100|[from] Grassy Terrain
|upkeep
|turn|4
|
|t:|1760852931
|move|p1a: Rillaboom|Fake Out|p2a: Keldeo
|-damage|p2a: Keldeo|37/100
|-damage|p1a: Rillaboom|77/100|[from] item: Rocky Helmet|[of] p2a: Keldeo
|cant|p2a: Keldeo|flinch
|
|-heal|p2a: Keldeo|43/100|[from] Grassy Terrain
|-heal|p1a: Rillaboom|83/100|[from] Grassy Terrain
|upkeep
|turn|5
|
|t:|1760852948
|move|p2a: Keldeo|Icy Wind|p1a: Rillaboom
|-supereffective|p1a: Rillaboom
|-damage|p1a: Rillaboom|62/100
|-unboost|p1a: Rillaboom|spe|1
|move|p1a: Rillaboom|Knock Off|p2a: Keldeo
|-resisted|p2a: Keldeo
|-damage|p2a: Keldeo|33/100
|-damage|p1a: Rillaboom|46/100|[from] item: Rocky Helmet|[of] p2a: Keldeo
|-ability|p2a: Keldeo|Justified|boost
|-boost|p2a: Keldeo|atk|1
|-enditem|p2a: Keldeo|Rocky Helmet|[from] move: Knock Off|[of] p1a: Rillaboom
|
|-heal|p2a: Keldeo|40/100|[from] Grassy Terrain
|-heal|p1a: Rillaboom|52/100|[from] Grassy Terrain
|upkeep
|turn|6
|inactive|sp240sx has 120 seconds left.
|
|t:|1760852966
|move|p1a: Rillaboom|Grassy Glide|p2a: Keldeo
|-supereffective|p2a: Keldeo
|-damage|p2a: Keldeo|0 fnt
|faint|p2a: Keldeo
|
|-heal|p1a: Rillaboom|58/100|[from] Grassy Terrain
|upkeep
|
|t:|1760852975
|switch|p2a: Scizor|Scizor, M|100/100
|turn|7
|inactive|sp240sx has 120 seconds left.
|
|t:|1760852993
|switch|p1a: Great Tusk|Great Tusk|100/100
|move|p2a: Scizor|Swords Dance|p2a: Scizor
|-boost|p2a: Scizor|atk|2
|
|-fieldend|move: Grassy Terrain
|upkeep
|turn|8
|
|t:|1760853001
|move|p1a: Great Tusk|Headlong Rush|p2a: Scizor
|-damage|p2a: Scizor|37/100
|-unboost|p1a: Great Tusk|def|1
|-unboost|p1a: Great Tusk|spd|1
|move|p2a: Scizor|Dual Wingbeat|p1a: Great Tusk
|-supereffective|p1a: Great Tusk
|-damage|p1a: Great Tusk|0 fnt
|-damage|p2a: Scizor|20/100|[from] item: Rocky Helmet|[of] p1a: Great Tusk
|faint|p1a: Great Tusk
|-end|p1a: Great Tusk|Protosynthesis|[silent]
|-hitcount|p1: Great Tusk|1
|
|-heal|p2a: Scizor|26/100|[from] item: Leftovers
|upkeep
|inactive|sp240sx has 120 seconds left.
|
|t:|1760853014
|switch|p1a: Ceruledge|Ceruledge, M|100/100
|turn|9
|
|t:|1760853022
|move|p1a: Ceruledge|Shadow Sneak|p2a: Scizor
|-damage|p2a: Scizor|5/100
|move|p2a: Scizor|Dual Wingbeat|p1a: Ceruledge
|-damage|p1a: Ceruledge|37/100
|-damage|p1a: Ceruledge|0 fnt
|faint|p1a: Ceruledge
|-hitcount|p1: Ceruledge|2
|
|-heal|p2a: Scizor|11/100|[from] item: Leftovers
|upkeep
|
|t:|1760853034
|switch|p1a: Iron Valiant|Iron Valiant|100/100
|turn|10
|
|t:|1760853043
|move|p2a: Scizor|Bullet Punch|p1a: Iron Valiant
|-supereffective|p1a: Iron Valiant
|-damage|p1a: Iron Valiant|0 fnt
|faint|p1a: Iron Valiant
|-end|p1a: Iron Valiant|Quark Drive|[silent]
|
|-heal|p2a: Scizor|17/100|[from] item: Leftovers
|upkeep
|
|t:|1760853051
|switch|p1a: Rillaboom|Rillaboom, M|58/100
|-fieldstart|move: Grassy Terrain|[from] ability: Grassy Surge|[of] p1a: Rillaboom
|turn|11
|
|t:|1760853055
|move|p2a: Scizor|Bullet Punch|p1a: Rillaboom
|-damage|p1a: Rillaboom|3/100
|move|p1a: Rillaboom|Knock Off|p2a: Scizor
|-damage|p2a: Scizor|0 fnt
|-enditem|p2a: Scizor|Leftovers|[from] move: Knock Off|[of] p1a: Rillaboom
|faint|p2a: Scizor
|
|-heal|p1a: Rillaboom|9/100|[from] Grassy Terrain
|upkeep
|inactive|Tab_T4B has 120 seconds left.
|
|t:|1760853088
|switch|p2a: Meowscarada|Meowscarada, F|100/100
|turn|12
|
|t:|1760853098
|move|p2a: Meowscarada|U-turn|p1a: Rillaboom
|-start|p2a: Meowscarada|typechange|Bug|[from] ability: Protean
|-supereffective|p1a: Rillaboom
|-damage|p1a: Rillaboom|0 fnt
|faint|p1a: Rillaboom
|
|t:|1760853110
|switch|p2a: Gardevoir|Gardevoir, F, shiny|100/100|[from] U-turn
|
|upkeep
|
|t:|1760853115
|switch|p1a: Corviknight|Corviknight, F|9/100
|-ability|p2a: Gardevoir|Pressure|Trace|[from] ability: Trace|[of] p1a: Corviknight
|-ability|p2a: Gardevoir|Pressure
|-ability|p1a: Corviknight|Pressure
|turn|13
|
|t:|1760853133
|move|p2a: Gardevoir|Vacuum Wave|p1a: Corviknight
|-damage|p1a: Corviknight|0 fnt
|faint|p1a: Corviknight
|
|upkeep
|
|t:|1760853137
|switch|p1a: Kingambit|Kingambit, M|100/100
|-activate|p1a: Kingambit|ability: Supreme Overlord
|-start|p1a: Kingambit|fallen5|[silent]
|turn|14
|
|t:|1760853154
|-terastallize|p2a: Gardevoir|Fighting
|move|p2a: Gardevoir|Vacuum Wave|p1a: Kingambit
|-supereffective|p1a: Kingambit
|-damage|p1a: Kingambit|34/100
|move|p1a: Kingambit|Kowtow Cleave|p2a: Gardevoir
|-resisted|p2a: Gardevoir
|-damage|p2a: Gardevoir|35/100
|
|-heal|p2a: Gardevoir|41/100|[from] Grassy Terrain
|-heal|p1a: Kingambit|40/100|[from] Grassy Terrain
|upkeep
|turn|15
|
|t:|1760853165
|move|p2a: Gardevoir|Vacuum Wave|p1a: Kingambit
|-supereffective|p1a: Kingambit
|-damage|p1a: Kingambit|0 fnt
|faint|p1a: Kingambit
|-end|p1a: Kingambit|fallen5|[silent]
|
|win|Tab_T4B
|raw|sp240sx's rating: 1113 &rarr; <strong>1091</strong><br />(-22 for losing)
|raw|Tab_T4B's rating: 1153 &rarr; <strong>1175</strong><br />(+22 for winning)
|l|☆Tab_T4B
|player|p2|
|l|☆sp240sx
|player|p1|
