|j|☆chaheed
|j|☆Spluu Meow Lover
|t:|1760853663
|gametype|singles
|player|p1|chaheed|ninjaboy|1674
|player|p2|Spluu Meow Lover|blue-gen3champion|1736
|gen|9
|tier|[Gen 9] OU
|rated|
|rule|HP Percentage Mod: HP is shown in percentages
|rule|Endless Battle Clause: Forcing endless battles is banned
|rule|Species Clause: Limit one of each Pokémon
|rule|OHKO Clause: OHKO moves are banned
|rule|Evasion Items Clause: Evasion items are banned
|rule|Evasion Moves Clause: Evasion moves are banned
|rule|Evasion Abilities Clause: Evasion abilities are banned
|rule|Sleep Moves Clause: Sleep-inducing moves are banned
|clearpoke
|poke|p1|Dragonite, M|
|poke|p1|Dragapult, F|
|poke|p1|Iron Moth|
|poke|p1|Greninja-*, M|
|poke|p1|Serperior, F|
|poke|p1|Iron Treads|
|poke|p2|Kyurem|
|poke|p2|Landorus-Therian, M|
|poke|p2|Hatterene, F|
|poke|p2|Iron Moth|
|poke|p2|Kingambit, F|
|poke|p2|Zamazenta-*|
|teampreview
|inactive|Battle timer is ON: inactive players will automatically lose when time's up. (requested by Spluu Meow Lover)
|
|t:|1760853672
|teamsize|p1|6
|teamsize|p2|6
|start
|switch|p1a: Dragapult|Dragapult, F|100/100
|switch|p2a: Landorus|Landorus-Therian, M|100/100
|-ability|p2a: Landorus|Intimidate|boost
|-unboost|p1a: Dragapult|atk|1
|turn|1
|
|t:|1760853678
|move|p1a: Dragapult|Hydro Pump|p2a: Landorus
|-supereffective|p2a: Landorus
|-damage|p2a: Landorus|40/100
|move|p2a: Landorus|Stealth Rock|p1a: Dragapult
|-sidestart|p1: chaheed|move: Stealth Rock
|
|upkeep
|turn|2
|l|☆Spluu Meow Lover
|inactive|Spluu Meow Lover disconnected and has a minute to reconnect!
|player|p2|
|j|☆Spluu Meow Lover
|inactive|Spluu Meow Lover reconnected and has 125 seconds left.
|player|p2|Spluu Meow Lover|blue-gen3champion|
|inactive|Spluu Meow Lover has 120 seconds left.
|
|t:|1760853712
|switch|p2a: Hatterene|Hatterene, F|100/100
|move|p1a: Dragapult|Hex|p2a: Hatterene
|-supereffective|p2a: Hatterene
|-damage|p2a: Hatterene|42/100
|
|upkeep
|turn|3
|
|t:|1760853720
|switch|p2a: Kingambit|Kingambit, F|100/100
|move|p1a: Dragapult|Hex|p2a: Kingambit
|-resisted|p2a: Kingambit
|-damage|p2a: Kingambit|89/100
|
|-heal|p2a: Kingambit|95/100|[from] item: Leftovers
|upkeep
|turn|4
|
|t:|1760853728
|-end|p2a: Kingambit|fallenundefined|[silent]
|switch|p2a: Hatterene|Hatterene, F|42/100
|move|p1a: Dragapult|Will-O-Wisp|p2a: Hatterene
|move|p2a: Hatterene|Will-O-Wisp|p1a: Dragapult|[from] ability: Magic Bounce
|-status|p1a: Dragapult|brn
|
|-damage|p1a: Dragapult|95/100 brn|[from] brn
|upkeep
|turn|5
|
|t:|1760853748
|switch|p2a: Iron Moth|Iron Moth|100/100
|-enditem|p2a: Iron Moth|Booster Energy
|-activate|p2a: Iron Moth|ability: Quark Drive|[fromitem]
|-start|p2a: Iron Moth|quarkdrivespe
|move|p1a: Dragapult|Hex|p2a: Iron Moth
|-damage|p2a: Iron Moth|75/100
|
|-damage|p1a: Dragapult|89/100 brn|[from] brn
|upkeep
|turn|6
|
|t:|1760853756
|move|p2a: Iron Moth|Psychic|p1a: Dragapult
|-damage|p1a: Dragapult|45/100 brn
|move|p1a: Dragapult|Hydro Pump|p2a: Iron Moth
|-supereffective|p2a: Iron Moth
|-damage|p2a: Iron Moth|11/100
|
|-damage|p1a: Dragapult|39/100 brn|[from] brn
|upkeep
|turn|7
|
|t:|1760853768
|move|p2a: Iron Moth|Psychic|p1a: Dragapult
|-damage|p1a: Dragapult|0 fnt
|faint|p1a: Dragapult
|
|upkeep
|
|t:|1760853773
|switch|p1a: Iron Moth|Iron Moth|100/100
|-damage|p1a: Iron Moth|76/100|[from] Stealth Rock
|-enditem|p1a: Iron Moth|Booster Energy
|-activate|p1a: Iron Moth|ability: Quark Drive|[fromitem]
|-start|p1a: Iron Moth|quarkdrivespe
|turn|8
|
|t:|1760853779
|move|p2a: Iron Moth|Psychic|p1a: Iron Moth
|-supereffective|p1a: Iron Moth
|-damage|p1a: Iron Moth|12/100
|move|p1a: Iron Moth|Fiery Dance|p2a: Iron Moth
|-resisted|p2a: Iron Moth
|-damage|p2a: Iron Moth|0 fnt
|faint|p2a: Iron Moth
|-end|p2a: Iron Moth|Quark Drive|[silent]
|
|upkeep
|
|t:|1760853786
|switch|p2a: Kingambit|Kingambit, F|95/100
|-activate|p2a: Kingambit|ability: Supreme Overlord
|-start|p2a: Kingambit|fallen1|[silent]
|turn|9
|
|t:|1760853790
|move|p2a: Kingambit|Sucker Punch|p1a: Iron Moth
|-damage|p1a: Iron Moth|0 fnt
|faint|p1a: Iron Moth
|-end|p1a: Iron Moth|Quark Drive|[silent]
|
|-heal|p2a: Kingambit|100/100|[from] item: Leftovers
|upkeep
|
|t:|1760853796
|switch|p1a: Iron Treads|Iron Treads|100/100
|-damage|p1a: Iron Treads|97/100|[from] Stealth Rock
|-enditem|p1a: Iron Treads|Booster Energy
|-activate|p1a: Iron Treads|ability: Quark Drive|[fromitem]
|-start|p1a: Iron Treads|quarkdrivespe
|turn|10
|
|t:|1760853815
|-end|p2a: Kingambit|fallen1|[silent]
|switch|p2a: Landorus|Landorus-Therian, M|40/100
|-ability|p2a: Landorus|Intimidate|boost
|-unboost|p1a: Iron Treads|atk|1
|move|p1a: Iron Treads|Rapid Spin|p2a: Landorus
|-damage|p2a: Landorus|30/100
|-boost|p1a: Iron Treads|spe|1
|-damage|p1a: Iron Treads|81/100|[from] item: Rocky Helmet|[of] p2a: Landorus
|-sideend|p1: chaheed|Stealth Rock|[from] move: Rapid Spin|[of] p1a: Iron Treads
|
|upkeep
|turn|11
|
|t:|1760853823
|switch|p2a: Hatterene|Hatterene, F|42/100
|move|p1a: Iron Treads|Ice Spinner|p2a: Hatterene
|-damage|p2a: Hatterene|28/100
|
|upkeep
|turn|12
|
|t:|1760853831
|switch|p2a: Landorus|Landorus-Therian, M|30/100
|-ability|p2a: Landorus|Intimidate|boost
|-unboost|p1a: Iron Treads|atk|1
|move|p1a: Iron Treads|Earthquake|p2a: Landorus
|-immune|p2a: Landorus
|
|upkeep
|turn|13
|
|t:|1760853837
|move|p1a: Iron Treads|Ice Spinner|p2a: Landorus
|-supereffective|p2a: Landorus
|-damage|p2a: Landorus|0 fnt
|-damage|p1a: Iron Treads|64/100|[from] item: Rocky Helmet|[of] p2a: Landorus
|faint|p2a: Landorus
|
|upkeep
|
|t:|1760853840
|switch|p2a: Kyurem|Kyurem|100/100
|-ability|p2a: Kyurem|Pressure
|turn|14
|
|t:|1760853845
|move|p1a: Iron Treads|Earthquake|p2a: Kyurem
|-damage|p2a: Kyurem|80/100
|move|p2a: Kyurem|Dragon Dance|p2a: Kyurem
|-boost|p2a: Kyurem|atk|1
|-boost|p2a: Kyurem|spe|1
|
|upkeep
|turn|15
|
|t:|1760853855
|move|p1a: Iron Treads|Earthquake|p2a: Kyurem
|-damage|p2a: Kyurem|58/100
|move|p2a: Kyurem|Dragon Dance|p2a: Kyurem
|-boost|p2a: Kyurem|atk|1
|-boost|p2a: Kyurem|spe|1
|
|upkeep
|turn|16
|
|t:|1760853861
|move|p1a: Iron Treads|Earthquake|p2a: Kyurem
|-damage|p2a: Kyurem|36/100
|move|p2a: Kyurem|Icicle Spear|p1a: Iron Treads
|-damage|p1a: Iron Treads|38/100
|-damage|p1a: Iron Treads|13/100
|-damage|p1a: Iron Treads|0 fnt
|faint|p1a: Iron Treads
|-end|p1a: Iron Treads|Quark Drive|[silent]
|-hitcount|p1: Iron Treads|3
|
|upkeep
|
|t:|1760853870
|switch|p1a: Serperior|Serperior, F|100/100
|turn|17
|
|t:|1760853880
|move|p1a: Serperior|Endure|p1a: Serperior
|-singleturn|p1a: Serperior|move: Endure
|move|p2a: Kyurem|Scale Shot|p1a: Serperior
|-damage|p1a: Serperior|63/100
|-damage|p1a: Serperior|25/100
|-activate|p1a: Serperior|move: Endure
|-damage|p1a: Serperior|1/100
|-activate|p1a: Serperior|move: Endure
|-damage|p1a: Serperior|1/100
|-activate|p1a: Serperior|move: Endure
|-damage|p1a: Serperior|1/100
|-hitcount|p1a: Serperior|5
|-unboost|p2a: Kyurem|def|1
|-boost|p2a: Kyurem|spe|1
|
|upkeep
|turn|18
|-enditem|p1a: Serperior|Custap Berry|[eat]
|-activate|p1a: Serperior|item: Custap Berry|[consumed]
|
|t:|1760853893
|switch|p2a: Hatterene|Hatterene, F|28/100
|move|p1a: Serperior|Dragon Pulse|p2a: Hatterene
|-immune|p2a: Hatterene
|
|upkeep
|turn|19
|
|t:|1760853901
|move|p1a: Serperior|Leaf Storm|p2a: Hatterene
|-damage|p2a: Hatterene|0 fnt
|-boost|p1a: Serperior|spa|2
|faint|p2a: Hatterene
|
|upkeep
|
|t:|1760853905
|switch|p2a: Zamazenta|Zamazenta|100/100
|-ability|p2a: Zamazenta|Dauntless Shield|boost
|-boost|p2a: Zamazenta|def|1
|turn|20
|
|t:|1760853908
|move|p2a: Zamazenta|Body Press|p1a: Serperior
|-damage|p1a: Serperior|0 fnt
|faint|p1a: Serperior
|
|upkeep
|
|t:|1760853912
|switch|p1a: Dragonite|Dragonite, M|100/100
|turn|21
|
|t:|1760853915
|move|p1a: Dragonite|Scale Shot|p2a: Zamazenta|[miss]
|-miss|p1a: Dragonite|p2a: Zamazenta
|move|p2a: Zamazenta|Roar|p1a: Dragonite
|drag|p1a: Greninja|Greninja, M|100/100
|
|upkeep
|turn|22
|
|t:|1760853921
|-terastallize|p1a: Greninja|Ghost
|move|p2a: Zamazenta|Body Press|p1a: Greninja
|-immune|p1a: Greninja
|move|p1a: Greninja|Surf|p2a: Zamazenta
|-damage|p2a: Zamazenta|50/100
|-damage|p1a: Greninja|91/100|[from] item: Life Orb
|
|-heal|p2a: Zamazenta|56/100|[from] item: Leftovers
|upkeep
|turn|23
|
|t:|1760853930
|move|p2a: Zamazenta|Crunch|p1a: Greninja
|-supereffective|p1a: Greninja
|-damage|p1a: Greninja|24/100
|move|p1a: Greninja|Surf|p2a: Zamazenta
|-damage|p2a: Zamazenta|10/100
|-damage|p1a: Greninja|14/100|[from] item: Life Orb
|
|-heal|p2a: Zamazenta|16/100|[from] item: Leftovers
|upkeep
|turn|24
|
|t:|1760853942
|move|p2a: Zamazenta|Crunch|p1a: Greninja
|-supereffective|p1a: Greninja
|-crit|p1a: Greninja
|-damage|p1a: Greninja|0 fnt
|faint|p1a: Greninja
|
|-heal|p2a: Zamazenta|23/100|[from] item: Leftovers
|upkeep
|
|t:|1760853948
|switch|p1a: Dragonite|Dragonite, M|100/100
|turn|25
|
|t:|1760853951
|move|p2a: Zamazenta|Iron Defense|p2a: Zamazenta
|-boost|p2a: Zamazenta|def|2
|move|p1a: Dragonite|Scale Shot|p2a: Zamazenta|[miss]
|-miss|p1a: Dragonite|p2a: Zamazenta
|
|-heal|p2a: Zamazenta|29/100|[from] item: Leftovers
|upkeep
|turn|26
|
|t:|1760853957
|move|p2a: Zamazenta|Body Press|p1a: Dragonite
|-resisted|p1a: Dragonite
|-damage|p1a: Dragonite|74/100
|move|p1a: Dragonite|Scale Shot|p2a: Zamazenta
|-damage|p2a: Zamazenta|24/100
|-damage|p2a: Zamazenta|19/100
|-damage|p2a: Zamazenta|14/100
|-damage|p2a: Zamazenta|9/100
|-hitcount|p2a: Zamazenta|4
|-unboost|p1a: Dragonite|def|1
|-boost|p1a: Dragonite|spe|1
|
|-heal|p2a: Zamazenta|16/100|[from] item: Leftovers
|upkeep
|turn|27
|
|t:|1760853970
|move|p2a: Zamazenta|Body Press|p1a: Dragonite
|-resisted|p1a: Dragonite
|-damage|p1a: Dragonite|1/100
|move|p1a: Dragonite|Scale Shot|p2a: Zamazenta
|-damage|p2a: Zamazenta|11/100
|-damage|p2a: Zamazenta|6/100
|-damage|p2a: Zamazenta|2/100
|-damage|p2a: Zamazenta|0 fnt
|faint|p2a: Zamazenta
|-hitcount|p2: Zamazenta|4
|-unboost|p1a: Dragonite|def|1
|-boost|p1a: Dragonite|spe|1
|
|upkeep
|
|t:|1760853983
|switch|p2a: Kyurem|Kyurem|36/100
|-ability|p2a: Kyurem|Pressure
|turn|28
|
|t:|1760853986
|move|p1a: Dragonite|Scale Shot|p2a: Kyurem
|-supereffective|p2a: Kyurem
|-damage|p2a: Kyurem|9/100
|-supereffective|p2a: Kyurem
|-damage|p2a: Kyurem|0 fnt
|faint|p2a: Kyurem
|-hitcount|p2: Kyurem|2
|-unboost|p1a: Dragonite|def|1
|-boost|p1a: Dragonite|spe|1
|
|upkeep
|
|t:|1760853989
|switch|p2a: Kingambit|Kingambit, F|100/100
|-activate|p2a: Kingambit|ability: Supreme Overlord
|-start|p2a: Kingambit|fallen5|[silent]
|turn|29
|
|t:|1760853997
|-terastallize|p2a: Kingambit|Dark
|move|p1a: Dragonite|Fire Punch|p2a: Kingambit
|-damage|p2a: Kingambit|78/100
|move|p2a: Kingambit|Kowtow Cleave|p1a: Dragonite
|-damage|p1a: Dragonite|0 fnt
|faint|p1a: Dragonite
|
|win|Spluu Meow Lover
|raw|chaheed's rating: 1674 &rarr; <strong>1658</strong><br />(-16 for losing)
|raw|Spluu Meow Lover's rating: 1736 &rarr; <strong>1752</strong><br />(+16 for winning)
|l|☆chaheed
|player|p1|
|l|☆Spluu Meow Lover
|player|p2|
