|j|☆caijin
|j|☆njfkln
|t:|1760800248
|gametype|singles
|player|p1|caijin|bianca|1088
|player|p2|njfkln|169|1118
|gen|9
|tier|[Gen 9] OU
|rated|
|rule|HP Percentage Mod: HP is shown in percentages
|rule|Endless Battle Clause: Forcing endless battles is banned
|rule|Species Clause: Limit one of each Pokémon
|rule|OHKO Clause: OHKO moves are banned
|rule|Evasion Items Clause: Evasion items are banned
|rule|Evasion Moves Clause: Evasion moves are banned
|rule|Evasion Abilities Clause: Evasion abilities are banned
|rule|Sleep Moves Clause: Sleep-inducing moves are banned
|clearpoke
|poke|p1|Serperior, F|
|poke|p1|Meowstic, M|
|poke|p1|Chandelure, M|
|poke|p1|Pawmot, F|
|poke|p1|Noivern, M|
|poke|p1|Florges-Blue, F|
|poke|p2|Zapdos|
|poke|p2|Iron Moth|
|poke|p2|Dragapult, F|
|poke|p2|Zamazenta-*|
|poke|p2|Grimmsnarl, M|
|poke|p2|Iron Treads|
|teampreview
|inactive|Battle timer is ON: inactive players will automatically lose when time's up. (requested by caijin)
|
|t:|1760800253
|teamsize|p1|6
|teamsize|p2|6
|start
|switch|p1a: Mirror|Meowstic, M|100/100
|switch|p2a: Grimmsnarl|Grimmsnarl, M|100/100
|turn|1
|
|t:|1760800259
|move|p1a: Mirror|Reflect|p1a: Mirror
|-sidestart|p1: caijin|Reflect
|move|p2a: Grimmsnarl|Thunder Wave|p1a: Mirror
|-status|p1a: Mirror|par
|
|upkeep
|turn|2
|
|t:|1760800272
|cant|p1a: Mirror|par
|move|p2a: Grimmsnarl|Light Screen|p2a: Grimmsnarl
|-sidestart|p2: njfkln|move: Light Screen
|
|upkeep
|turn|3
|
|t:|1760800277
|move|p1a: Mirror|Light Screen|p1a: Mirror
|-sidestart|p1: caijin|move: Light Screen
|move|p2a: Grimmsnarl|Reflect|p2a: Grimmsnarl
|-sidestart|p2: njfkln|Reflect
|
|upkeep
|turn|4
|
|t:|1760800293
|switch|p1a: Lisianthus|Florges-Blue, F|100/100
|move|p2a: Grimmsnarl|Parting Shot|p1a: Lisianthus
|-unboost|p1a: Lisianthus|atk|1
|-unboost|p1a: Lisianthus|spa|1
|
|t:|1760800305
|switch|p2a: Iron Moth|Iron Moth|100/100|[from] Parting Shot
|-enditem|p2a: Iron Moth|Booster Energy
|-activate|p2a: Iron Moth|ability: Quark Drive|[fromitem]
|-start|p2a: Iron Moth|quarkdrivespe
|
|upkeep
|turn|5
|
|t:|1760800313
|switch|p1a: Mirror|Meowstic, M|100/100 par
|move|p2a: Iron Moth|Sludge Wave|p1a: Mirror
|-damage|p1a: Mirror|72/100 par
|
|upkeep
|turn|6
|
|t:|1760800320
|cant|p1a: Mirror|par
|move|p2a: Iron Moth|Fiery Dance|p1a: Mirror
|-damage|p1a: Mirror|48/100 par
|
|upkeep
|turn|7
|
|t:|1760800326
|move|p1a: Mirror|Thunder Wave|p2a: Iron Moth
|-status|p2a: Iron Moth|par
|move|p2a: Iron Moth|Fiery Dance|p1a: Mirror
|-damage|p1a: Mirror|25/100 par
|-boost|p2a: Iron Moth|spa|1
|
|upkeep
|turn|8
|
|t:|1760800337
|move|p2a: Iron Moth|Sludge Wave|p1a: Mirror
|-damage|p1a: Mirror|0 fnt
|faint|p1a: Mirror
|
|-sideend|p1: caijin|Reflect
|upkeep
|
|t:|1760800349
|switch|p1a: Lisianthus|Florges-Blue, F|100/100
|turn|9
|
|t:|1760800354
|move|p2a: Iron Moth|Sludge Wave|p1a: Lisianthus
|-supereffective|p1a: Lisianthus
|-damage|p1a: Lisianthus|49/100
|move|p1a: Lisianthus|Calm Mind|p1a: Lisianthus
|-boost|p1a: Lisianthus|spa|1
|-boost|p1a: Lisianthus|spd|1
|
|-sideend|p2: njfkln|move: Light Screen
|upkeep
|turn|10
|
|t:|1760800365
|move|p2a: Iron Moth|Sludge Wave|p1a: Lisianthus
|-supereffective|p1a: Lisianthus
|-damage|p1a: Lisianthus|16/100
|move|p1a: Lisianthus|Synthesis|p1a: Lisianthus
|-heal|p1a: Lisianthus|66/100
|
|-sideend|p2: njfkln|Reflect
|-sideend|p1: caijin|move: Light Screen
|upkeep
|turn|11
|
|t:|1760800374
|move|p2a: Iron Moth|Sludge Wave|p1a: Lisianthus
|-supereffective|p1a: Lisianthus
|-damage|p1a: Lisianthus|1/100
|move|p1a: Lisianthus|Calm Mind|p1a: Lisianthus
|-boost|p1a: Lisianthus|spa|1
|-boost|p1a: Lisianthus|spd|1
|
|upkeep
|turn|12
|
|t:|1760800381
|cant|p2a: Iron Moth|par
|move|p1a: Lisianthus|Synthesis|p1a: Lisianthus
|-heal|p1a: Lisianthus|51/100
|
|upkeep
|turn|13
|
|t:|1760800387
|move|p2a: Iron Moth|Sludge Wave|p1a: Lisianthus
|-supereffective|p1a: Lisianthus
|-damage|p1a: Lisianthus|0 fnt
|faint|p1a: Lisianthus
|
|upkeep
|-message|caijin forfeited.
|
|win|njfkln
|raw|caijin's rating: 1088 &rarr; <strong>1067</strong><br />(-21 for losing)
|raw|njfkln's rating: 1118 &rarr; <strong>1141</strong><br />(+23 for winning)
|l|☆caijin
|player|p1|
|l|☆njfkln
|player|p2|
