|j|☆jblockman77
|j|☆jigobo
|t:|1760761550
|gametype|singles
|player|p1|jblockman77|n|1374
|player|p2|jigobo|parasollady-gen4|1442
|gen|9
|tier|[Gen 9] OU
|rated|
|rule|HP Percentage Mod: HP is shown in percentages
|rule|Endless Battle Clause: Forcing endless battles is banned
|rule|Species Clause: Limit one of each Pokémon
|rule|OHKO Clause: OHKO moves are banned
|rule|Evasion Items Clause: Evasion items are banned
|rule|Evasion Moves Clause: Evasion moves are banned
|rule|Evasion Abilities Clause: Evasion abilities are banned
|rule|Sleep Moves Clause: Sleep-inducing moves are banned
|clearpoke
|poke|p1|Skeledirge, F|
|poke|p1|Great Tusk|
|poke|p1|Ogerpon-Wellspring, F|
|poke|p1|Tinkaton, F|
|poke|p1|Corviknight, M|
|poke|p1|Kyurem|
|poke|p2|Raging Bolt|
|poke|p2|Gholdengo|
|poke|p2|Kingambit, F|
|poke|p2|Great Tusk|
|poke|p2|Meowscarada, M|
|poke|p2|Moltres|
|teampreview
|inactive|Battle timer is ON: inactive players will automatically lose when time's up. (requested by jigobo)
|
|t:|1760761559
|teamsize|p1|6
|teamsize|p2|6
|start
|switch|p1a: Tinkaton|Tinkaton, F|100/100
|switch|p2a: Meowscarada|Meowscarada, M|100/100
|-ability|p1a: Tinkaton|Mold Breaker
|-item|p1a: Tinkaton|Air Balloon
|turn|1
|
|t:|1760761561
|move|p2a: Meowscarada|U-turn|p1a: Tinkaton
|-start|p2a: Meowscarada|typechange|Bug|[from] ability: Protean
|-resisted|p1a: Tinkaton
|-damage|p1a: Tinkaton|91/100
|-enditem|p1a: Tinkaton|Air Balloon
|
|t:|1760761568
|switch|p2a: Raging Bolt|Raging Bolt|100/100|[from] U-turn
|move|p1a: Tinkaton|Stealth Rock|p2a: Raging Bolt
|-sidestart|p2: jigobo|move: Stealth Rock
|
|upkeep
|turn|2
|
|t:|1760761572
|move|p1a: Tinkaton|Gigaton Hammer|p2a: Raging Bolt
|-resisted|p2a: Raging Bolt
|-damage|p2a: Raging Bolt|84/100
|move|p2a: Raging Bolt|Volt Switch|p1a: Tinkaton
|-damage|p1a: Tinkaton|56/100
|
|t:|1760761577
|-end|p2a: Raging Bolt|Protosynthesis|[silent]
|switch|p2a: Moltres|Moltres|100/100|[from] Volt Switch
|
|upkeep
|turn|3
|
|t:|1760761581
|move|p1a: Tinkaton|Thunder Wave|p2a: Moltres
|-status|p2a: Moltres|par
|move|p2a: Moltres|Will-O-Wisp|p1a: Tinkaton
|-status|p1a: Tinkaton|brn
|
|-damage|p1a: Tinkaton|50/100 brn|[from] brn
|upkeep
|turn|4
|
|t:|1760761585
|move|p1a: Tinkaton|Encore|p2a: Moltres
|-start|p2a: Moltres|Encore
|move|p2a: Moltres|Will-O-Wisp|p1a: Tinkaton
|-fail|p1a: Tinkaton|brn
|
|-damage|p1a: Tinkaton|44/100 brn|[from] brn
|upkeep
|turn|5
|
|t:|1760761591
|switch|p1a: Skeledirge|Skeledirge, F|100/100
|move|p2a: Moltres|Will-O-Wisp|p1a: Skeledirge|[miss]
|-miss|p2a: Moltres|p1a: Skeledirge
|
|upkeep
|turn|6
|
|t:|1760761594
|switch|p2a: Meowscarada|Meowscarada, M|100/100
|-damage|p2a: Meowscarada|88/100|[from] Stealth Rock
|move|p1a: Skeledirge|Torch Song|p2a: Meowscarada
|-supereffective|p2a: Meowscarada
|-damage|p2a: Meowscarada|0 fnt
|-boost|p1a: Skeledirge|spa|1
|faint|p2a: Meowscarada
|
|upkeep
|
|t:|1760761603
|switch|p2a: Great Tusk|Great Tusk|100/100
|-damage|p2a: Great Tusk|98/100|[from] Stealth Rock
|-enditem|p2a: Great Tusk|Booster Energy
|-activate|p2a: Great Tusk|ability: Protosynthesis|[fromitem]
|-start|p2a: Great Tusk|protosynthesisatk
|turn|7
|
|t:|1760761609
|-terastallize|p1a: Skeledirge|Ghost
|move|p1a: Skeledirge|Torch Song|p2a: Great Tusk
|-damage|p2a: Great Tusk|17/100
|-boost|p1a: Skeledirge|spa|1
|move|p2a: Great Tusk|Headlong Rush|p1a: Skeledirge
|-damage|p1a: Skeledirge|20/100
|-unboost|p2a: Great Tusk|def|1
|-unboost|p2a: Great Tusk|spd|1
|
|upkeep
|turn|8
|
|t:|1760761617
|move|p1a: Skeledirge|Torch Song|p2a: Great Tusk
|-damage|p2a: Great Tusk|0 fnt
|-boost|p1a: Skeledirge|spa|1
|faint|p2a: Great Tusk
|-end|p2a: Great Tusk|Protosynthesis|[silent]
|
|upkeep
|
|t:|1760761620
|switch|p2a: Raging Bolt|Raging Bolt|84/100
|-damage|p2a: Raging Bolt|71/100|[from] Stealth Rock
|turn|9
|
|t:|1760761624
|switch|p1a: Great Tusk|Great Tusk|100/100
|move|p2a: Raging Bolt|Thunderclap||[still]
|-fail|p2a: Raging Bolt
|
|-heal|p2a: Raging Bolt|78/100|[from] item: Leftovers
|upkeep
|turn|10
|
|t:|1760761631
|-end|p2a: Raging Bolt|Protosynthesis|[silent]
|switch|p2a: Moltres|Moltres|100/100 par
|move|p1a: Great Tusk|Headlong Rush|p2a: Moltres
|-immune|p2a: Moltres
|
|upkeep
|turn|11
|
|t:|1760761637
|-end|p1a: Great Tusk|Protosynthesis|[silent]
|switch|p1a: Skeledirge|Skeledirge, F, tera:Ghost|20/100
|move|p2a: Moltres|Flamethrower|p1a: Skeledirge
|-damage|p1a: Skeledirge|0 fnt
|faint|p1a: Skeledirge
|
|upkeep
|
|t:|1760761639
|switch|p1a: Ogerpon|Ogerpon-Wellspring, F|100/100
|turn|12
|
|t:|1760761642
|move|p1a: Ogerpon|Substitute|p1a: Ogerpon
|-start|p1a: Ogerpon|Substitute
|-damage|p1a: Ogerpon|76/100
|move|p2a: Moltres|Will-O-Wisp||[still]
|-fail|p2a: Moltres
|
|upkeep
|turn|13
|
|t:|1760761645
|move|p1a: Ogerpon|Swords Dance|p1a: Ogerpon
|-boost|p1a: Ogerpon|atk|2
|move|p2a: Moltres|Flamethrower|p1a: Ogerpon
|-end|p1a: Ogerpon|Substitute
|
|upkeep
|turn|14
|
|t:|1760761648
|move|p1a: Ogerpon|Substitute|p1a: Ogerpon
|-start|p1a: Ogerpon|Substitute
|-damage|p1a: Ogerpon|51/100
|move|p2a: Moltres|Flamethrower|p1a: Ogerpon
|-end|p1a: Ogerpon|Substitute
|
|upkeep
|turn|15
|
|t:|1760761650
|move|p1a: Ogerpon|Ivy Cudgel|p2a: Moltres|[anim] Ivy Cudgel Water
|-supereffective|p2a: Moltres
|-damage|p2a: Moltres|0 fnt
|faint|p2a: Moltres
|
|upkeep
|
|t:|1760761655
|switch|p2a: Raging Bolt|Raging Bolt|78/100
|-damage|p2a: Raging Bolt|65/100|[from] Stealth Rock
|turn|16
|
|t:|1760761659
|move|p1a: Ogerpon|Substitute|p1a: Ogerpon
|-start|p1a: Ogerpon|Substitute
|-damage|p1a: Ogerpon|26/100
|move|p2a: Raging Bolt|Volt Switch|p1a: Ogerpon
|-end|p1a: Ogerpon|Substitute
|
|t:|1760761662
|-end|p2a: Raging Bolt|Protosynthesis|[silent]
|switch|p2a: Kingambit|Kingambit, F|100/100|[from] Volt Switch
|-damage|p2a: Kingambit|94/100|[from] Stealth Rock
|-activate|p2a: Kingambit|ability: Supreme Overlord
|-start|p2a: Kingambit|fallen3|[silent]
|
|upkeep
|turn|17
|
|t:|1760761669
|move|p1a: Ogerpon|Substitute|p1a: Ogerpon
|-start|p1a: Ogerpon|Substitute
|-damage|p1a: Ogerpon|1/100
|move|p2a: Kingambit|Kowtow Cleave|p1a: Ogerpon
|-end|p1a: Ogerpon|Substitute
|-damage|p2a: Kingambit|84/100|[from] item: Life Orb
|
|upkeep
|turn|18
|
|t:|1760761672
|move|p2a: Kingambit|Sucker Punch|p1a: Ogerpon
|-damage|p1a: Ogerpon|0 fnt
|faint|p1a: Ogerpon
|-damage|p2a: Kingambit|74/100|[from] item: Life Orb
|
|upkeep
|
|t:|1760761676
|switch|p1a: Tinkaton|Tinkaton, F|44/100 brn
|-ability|p1a: Tinkaton|Mold Breaker
|turn|19
|
|t:|1760761682
|move|p1a: Tinkaton|Thunder Wave|p2a: Kingambit
|-status|p2a: Kingambit|par
|cant|p2a: Kingambit|par
|
|-damage|p1a: Tinkaton|37/100 brn|[from] brn
|upkeep
|turn|20
|
|t:|1760761687
|move|p1a: Tinkaton|Encore|p2a: Kingambit
|-start|p2a: Kingambit|Encore
|move|p2a: Kingambit|Sucker Punch||[still]
|-fail|p2a: Kingambit
|
|-damage|p1a: Tinkaton|31/100 brn|[from] brn
|upkeep
|turn|21
|
|t:|1760761691
|switch|p1a: Great Tusk|Great Tusk|100/100
|-end|p2a: Kingambit|fallen3|[silent]
|switch|p2a: Raging Bolt|Raging Bolt|65/100
|-damage|p2a: Raging Bolt|53/100|[from] Stealth Rock
|
|-heal|p2a: Raging Bolt|59/100|[from] item: Leftovers
|upkeep
|turn|22
|
|t:|1760761703
|move|p1a: Great Tusk|Headlong Rush|p2a: Raging Bolt
|-supereffective|p2a: Raging Bolt
|-damage|p2a: Raging Bolt|0 fnt
|-unboost|p1a: Great Tusk|def|1
|-unboost|p1a: Great Tusk|spd|1
|faint|p2a: Raging Bolt
|-end|p2a: Raging Bolt|Protosynthesis|[silent]
|
|upkeep
|
|t:|1760761710
|switch|p2a: Gholdengo|Gholdengo|100/100
|-damage|p2a: Gholdengo|94/100|[from] Stealth Rock
|turn|23
|
|t:|1760761714
|-terastallize|p2a: Gholdengo|Flying
|move|p1a: Great Tusk|Headlong Rush|p2a: Gholdengo
|-immune|p2a: Gholdengo
|move|p2a: Gholdengo|Nasty Plot|p2a: Gholdengo
|-boost|p2a: Gholdengo|spa|2
|
|-heal|p2a: Gholdengo|100/100|[from] item: Leftovers
|upkeep
|turn|24
|
|t:|1760761717
|move|p1a: Great Tusk|Ice Spinner|p2a: Gholdengo
|-supereffective|p2a: Gholdengo
|-damage|p2a: Gholdengo|47/100
|move|p2a: Gholdengo|Shadow Ball|p1a: Great Tusk
|-damage|p1a: Great Tusk|0 fnt
|faint|p1a: Great Tusk
|-end|p1a: Great Tusk|Protosynthesis|[silent]
|
|-heal|p2a: Gholdengo|54/100|[from] item: Leftovers
|upkeep
|
|t:|1760761724
|switch|p1a: Kyurem|Kyurem|100/100
|-ability|p1a: Kyurem|Pressure
|turn|25
|
|t:|1760761728
|move|p1a: Kyurem|Ice Beam|p2a: Gholdengo
|-supereffective|p2a: Gholdengo
|-damage|p2a: Gholdengo|0 fnt
|faint|p2a: Gholdengo
|
|upkeep
|
|t:|1760761730
|switch|p2a: Kingambit|Kingambit, F|74/100 par
|-damage|p2a: Kingambit|68/100 par|[from] Stealth Rock
|-activate|p2a: Kingambit|ability: Supreme Overlord
|-start|p2a: Kingambit|fallen5|[silent]
|turn|26
|
|t:|1760761735
|switch|p1a: Tinkaton|Tinkaton, F|31/100 brn
|-ability|p1a: Tinkaton|Mold Breaker
|move|p2a: Kingambit|Iron Head|p1a: Tinkaton
|-damage|p1a: Tinkaton|0 fnt
|faint|p1a: Tinkaton
|-damage|p2a: Kingambit|58/100 par|[from] item: Life Orb
|
|upkeep
|
|t:|1760761737
|switch|p1a: Kyurem|Kyurem|100/100
|-ability|p1a: Kyurem|Pressure
|turn|27
|
|t:|1760761741
|move|p1a: Kyurem|Earth Power|p2a: Kingambit
|-supereffective|p2a: Kingambit
|-crit|p2a: Kingambit
|-damage|p2a: Kingambit|0 fnt
|faint|p2a: Kingambit
|-end|p2a: Kingambit|fallen5|[silent]
|
|win|jblockman77
|raw|jblockman77's rating: 1374 &rarr; <strong>1398</strong><br />(+24 for winning)
|raw|jigobo's rating: 1442 &rarr; <strong>1418</strong><br />(-24 for losing)
|l|☆jblockman77
|player|p1|
|l|☆jigobo
|player|p2|
