|j|☆ballerbrandceo
|j|☆me destroy you 15
|t:|1760887496
|gametype|singles
|player|p1|ballerbrandceo|n|1283
|player|p2|me destroy you 15|flint|1228
|gen|9
|tier|[Gen 9] OU
|rated|
|rule|HP Percentage Mod: HP is shown in percentages
|rule|Endless Battle Clause: Forcing endless battles is banned
|rule|Species Clause: Limit one of each Pokémon
|rule|OHKO Clause: OHKO moves are banned
|rule|Evasion Items Clause: Evasion items are banned
|rule|Evasion Moves Clause: Evasion moves are banned
|rule|Evasion Abilities Clause: Evasion abilities are banned
|rule|Sleep Moves Clause: Sleep-inducing moves are banned
|clearpoke
|poke|p1|Rillaboom, M|
|poke|p1|Gholdengo|
|poke|p1|Zamazenta-*|
|poke|p1|Samurott-Hisui, F|
|poke|p1|Hatterene, F|
|poke|p1|Landorus-Therian, M|
|poke|p2|Blastoise, M|
|poke|p2|Charizard, M|
|poke|p2|Vileplume, F|
|poke|p2|Forretress, M|
|poke|p2|Gengar, F|
|poke|p2|Electivire, M|
|teampreview
|inactive|Battle timer is ON: inactive players will automatically lose when time's up. (requested by ballerbrandceo)
|
|t:|1760887512
|teamsize|p1|6
|teamsize|p2|6
|start
|switch|p1a: Landorus|Landorus-Therian, M|100/100
|switch|p2a: Electivire|Electivire, M|100/100
|-ability|p1a: Landorus|Intimidate|boost
|-unboost|p2a: Electivire|atk|1
|turn|1
|
|t:|1760887519
|move|p2a: Electivire|Ice Punch|p1a: Landorus
|-supereffective|p1a: Landorus
|-damage|p1a: Landorus|11/100
|-damage|p2a: Electivire|84/100|[from] item: Rocky Helmet|[of] p1a: Landorus
|-damage|p2a: Electivire|74/100|[from] item: Life Orb
|move|p1a: Landorus|Stealth Rock|p2a: Electivire
|-sidestart|p2: me destroy you 15|move: Stealth Rock
|
|upkeep
|turn|2
|
|t:|1760887527
|move|p2a: Electivire|Rock Tomb|p1a: Landorus
|-crit|p1a: Landorus
|-damage|p1a: Landorus|0 fnt
|faint|p1a: Landorus
|-damage|p2a: Electivire|64/100|[from] item: Life Orb
|
|upkeep
|
|t:|1760887539
|switch|p1a: Rillaboom|Rillaboom, M|100/100
|-fieldstart|move: Grassy Terrain|[from] ability: Grassy Surge|[of] p1a: Rillaboom
|turn|3
|
|t:|1760887543
|move|p1a: Rillaboom|Grassy Glide|p2a: Electivire
|-damage|p2a: Electivire|0 fnt
|faint|p2a: Electivire
|
|upkeep
|
|t:|1760887556
|switch|p2a: Forretress|Forretress, M|100/100
|-damage|p2a: Forretress|88/100|[from] Stealth Rock
|turn|4
|
|t:|1760887584
|switch|p1a: Gholdengo|Gholdengo|100/100
|-enditem|p1a: Gholdengo|Grassy Seed
|-boost|p1a: Gholdengo|def|1|[from] item: Grassy Seed
|move|p2a: Forretress|Lunge|p1a: Gholdengo
|-resisted|p1a: Gholdengo
|-damage|p1a: Gholdengo|98/100
|-unboost|p1a: Gholdengo|atk|1
|
|-heal|p1a: Gholdengo|100/100|[from] Grassy Terrain
|-heal|p2a: Forretress|94/100|[from] Grassy Terrain
|-heal|p2a: Forretress|99/100|[from] item: Leftovers
|upkeep
|turn|5
|
|t:|1760887597
|move|p1a: Gholdengo|Nasty Plot|p1a: Gholdengo
|-boost|p1a: Gholdengo|spa|2
|move|p2a: Forretress|Toxic Spikes|p1a: Gholdengo
|-sidestart|p1: ballerbrandceo|move: Toxic Spikes
|
|-heal|p2a: Forretress|100/100|[from] Grassy Terrain
|upkeep
|turn|6
|
|t:|1760887606
|switch|p2a: Blastoise|Blastoise, M|100/100
|-damage|p2a: Blastoise|88/100|[from] Stealth Rock
|move|p1a: Gholdengo|Nasty Plot|p1a: Gholdengo
|-boost|p1a: Gholdengo|spa|2
|
|-heal|p2a: Blastoise|94/100|[from] Grassy Terrain
|upkeep
|turn|7
|
|t:|1760887615
|move|p1a: Gholdengo|Dazzling Gleam|p2a: Blastoise
|-damage|p2a: Blastoise|35/100
|move|p2a: Blastoise|Earthquake|p1a: Gholdengo
|-supereffective|p1a: Gholdengo
|-damage|p1a: Gholdengo|91/100
|
|-heal|p1a: Gholdengo|98/100|[from] Grassy Terrain
|-heal|p2a: Blastoise|42/100|[from] Grassy Terrain
|upkeep
|turn|8
|
|t:|1760887625
|move|p1a: Gholdengo|Dazzling Gleam|p2a: Blastoise
|-damage|p2a: Blastoise|0 fnt
|faint|p2a: Blastoise
|
|-heal|p1a: Gholdengo|100/100|[from] Grassy Terrain
|upkeep
|
|t:|1760887631
|switch|p2a: Gengar|Gengar, F|100/100
|-damage|p2a: Gengar|88/100|[from] Stealth Rock
|turn|9
|
|t:|1760887643
|move|p2a: Gengar|Shadow Ball|p1a: Gholdengo
|-supereffective|p1a: Gholdengo
|-damage|p1a: Gholdengo|18/100
|move|p1a: Gholdengo|Make It Rain|p2a: Gengar
|-damage|p2a: Gengar|0 fnt
|-unboost|p1a: Gholdengo|spa|1
|faint|p2a: Gengar
|
|-heal|p1a: Gholdengo|24/100|[from] Grassy Terrain
|upkeep
|
|t:|1760887671
|switch|p2a: Charizard|Charizard, M|100/100
|-damage|p2a: Charizard|51/100|[from] Stealth Rock
|turn|10
|
|t:|1760887677
|move|p2a: Charizard|Fire Blast|p1a: Gholdengo
|-supereffective|p1a: Gholdengo
|-crit|p1a: Gholdengo
|-damage|p1a: Gholdengo|0 fnt
|faint|p1a: Gholdengo
|
|-fieldend|move: Grassy Terrain
|upkeep
|
|t:|1760887702
|switch|p1a: Samurott|Samurott-Hisui, F|100/100
|-status|p1a: Samurott|psn
|turn|11
|
|t:|1760887707
|move|p2a: Charizard|Focus Blast|p1a: Samurott
|-supereffective|p1a: Samurott
|-damage|p1a: Samurott|50/100 psn
|move|p1a: Samurott|Ceaseless Edge|p2a: Charizard
|-damage|p2a: Charizard|0 fnt
|-sidestart|p2: me destroy you 15|Spikes
|faint|p2a: Charizard
|
|-damage|p1a: Samurott|38/100 psn|[from] psn
|upkeep
|
|t:|1760887718
|switch|p2a: Forretress|Forretress, M|100/100
|-damage|p2a: Forretress|88/100|[from] Stealth Rock
|-damage|p2a: Forretress|76/100|[from] Spikes
|turn|12
|
|t:|1760887723
|move|p1a: Samurott|Knock Off|p2a: Forretress
|-damage|p2a: Forretress|44/100
|-enditem|p2a: Forretress|Leftovers|[from] move: Knock Off|[of] p1a: Samurott
|move|p2a: Forretress|Lunge|p1a: Samurott
|-supereffective|p1a: Samurott
|-damage|p1a: Samurott|0 fnt
|faint|p1a: Samurott
|
|upkeep
|
|t:|1760887748
|switch|p1a: Rillaboom|Rillaboom, M|100/100
|-status|p1a: Rillaboom|psn
|-fieldstart|move: Grassy Terrain|[from] ability: Grassy Surge|[of] p1a: Rillaboom
|turn|13
|
|t:|1760887755
|move|p1a: Rillaboom|Low Kick|p2a: Forretress
|-damage|p2a: Forretress|15/100
|move|p2a: Forretress|Lunge|p1a: Rillaboom
|-supereffective|p1a: Rillaboom
|-damage|p1a: Rillaboom|50/100 psn
|-unboost|p1a: Rillaboom|atk|1
|
|-heal|p1a: Rillaboom|56/100 psn|[from] Grassy Terrain
|-heal|p2a: Forretress|21/100|[from] Grassy Terrain
|-damage|p1a: Rillaboom|44/100 psn|[from] psn
|upkeep
|turn|14
|
|t:|1760887769
|move|p1a: Rillaboom|Low Kick|p2a: Forretress
|-crit|p2a: Forretress
|-damage|p2a: Forretress|0 fnt
|faint|p2a: Forretress
|
|-heal|p1a: Rillaboom|50/100 psn|[from] Grassy Terrain
|-damage|p1a: Rillaboom|37/100 psn|[from] psn
|upkeep
|
|t:|1760887778
|switch|p2a: Vileplume|Vileplume, F|100/100
|-damage|p2a: Vileplume|88/100|[from] Stealth Rock
|-damage|p2a: Vileplume|76/100|[from] Spikes
|turn|15
|
|t:|1760887782
|move|p1a: Rillaboom|Knock Off|p2a: Vileplume
|-damage|p2a: Vileplume|54/100
|-enditem|p2a: Vileplume|Leftovers|[from] move: Knock Off|[of] p1a: Rillaboom
|move|p2a: Vileplume|Sludge Bomb|p1a: Rillaboom
|-supereffective|p1a: Rillaboom
|-damage|p1a: Rillaboom|0 fnt
|faint|p1a: Rillaboom
|
|-heal|p2a: Vileplume|60/100|[from] Grassy Terrain
|upkeep
|
|t:|1760887791
|switch|p1a: Hatterene|Hatterene, F|100/100
|-status|p1a: Hatterene|psn
|-enditem|p1a: Hatterene|Grassy Seed
|-boost|p1a: Hatterene|def|1|[from] item: Grassy Seed
|turn|16
|
|t:|1760887797
|-terastallize|p1a: Hatterene|Water
|move|p2a: Vileplume|Sludge Bomb|p1a: Hatterene
|-damage|p1a: Hatterene|63/100 psn
|move|p1a: Hatterene|Psychic Noise|p2a: Vileplume
|-supereffective|p2a: Vileplume
|-damage|p2a: Vileplume|0 fnt
|faint|p2a: Vileplume
|
|win|ballerbrandceo
|raw|ballerbrandceo's rating: 1283 &rarr; <strong>1304</strong><br />(+21 for winning)
|raw|me destroy you 15's rating: 1228 &rarr; <strong>1207</strong><br />(-21 for losing)
|l|☆me destroy you 15
|player|p2|
|l|☆ballerbrandceo
|player|p1|
