|j|☆bigredsword
|j|☆Mangoes_From_India
|t:|1760855089
|gametype|singles
|player|p1|bigredsword|265|1401
|player|p2|Mangoes_From_India|giovanni|1360
|gen|9
|tier|[Gen 9] OU
|rated|
|rule|HP Percentage Mod: HP is shown in percentages
|rule|Endless Battle Clause: Forcing endless battles is banned
|rule|Species Clause: Limit one of each Pokémon
|rule|OHKO Clause: OHKO moves are banned
|rule|Evasion Items Clause: Evasion items are banned
|rule|Evasion Moves Clause: Evasion moves are banned
|rule|Evasion Abilities Clause: Evasion abilities are banned
|rule|Sleep Moves Clause: Sleep-inducing moves are banned
|clearpoke
|poke|p1|Dondozo, F|
|poke|p1|Blissey, F|
|poke|p1|Corviknight, M|
|poke|p1|Weezing-Galar, M|
|poke|p1|Gliscor, M|
|poke|p1|Toxapex, M|
|poke|p2|Hydrapple, M|
|poke|p2|Slowking, M|
|poke|p2|Great Tusk|
|poke|p2|Moltres|
|poke|p2|Zamazenta-*|
|poke|p2|Kingambit, F|
|teampreview
|
|t:|1760855106
|teamsize|p1|6
|teamsize|p2|6
|start
|switch|p1a: Gliscor|Gliscor, M|100/100
|switch|p2a: Moltres|Moltres|100/100
|turn|1
|
|t:|1760855114
|move|p1a: Gliscor|Protect|p1a: Gliscor
|-singleturn|p1a: Gliscor|Protect
|move|p2a: Moltres|Roar|p1a: Gliscor
|drag|p1a: Toxapex|Toxapex, M|100/100
|
|upkeep
|turn|2
|
|t:|1760855126
|move|p2a: Moltres|U-turn|p1a: Toxapex
|-resisted|p1a: Toxapex
|-damage|p1a: Toxapex|95/100
|
|t:|1760855133
|switch|p2a: Kingambit|Kingambit, F|100/100|[from] U-turn
|move|p1a: Toxapex|Toxic|p2a: Kingambit
|-immune|p2a: Kingambit
|
|-heal|p1a: Toxapex|100/100|[from] item: Leftovers
|upkeep
|turn|3
|
|t:|1760855143
|switch|p1a: Corviknight|Corviknight, M|100/100
|-ability|p1a: Corviknight|Pressure
|move|p2a: Kingambit|Swords Dance|p2a: Kingambit
|-boost|p2a: Kingambit|atk|2
|
|upkeep
|turn|4
|
|t:|1760855153
|-end|p2a: Kingambit|fallenundefined|[silent]
|switch|p2a: Moltres|Moltres|100/100
|move|p1a: Corviknight|Body Press|p2a: Moltres
|-resisted|p2a: Moltres
|-damage|p2a: Moltres|92/100
|
|upkeep
|turn|5
|inactive|Battle timer is ON: inactive players will automatically lose when time's up. (requested by bigredsword)
|
|t:|1760855163
|switch|p1a: Toxapex|Toxapex, M|100/100
|move|p2a: Moltres|U-turn|p1a: Toxapex
|-resisted|p1a: Toxapex
|-damage|p1a: Toxapex|95/100
|
|t:|1760855180
|switch|p2a: Kingambit|Kingambit, F|100/100|[from] U-turn
|
|-heal|p1a: Toxapex|100/100|[from] item: Leftovers
|upkeep
|turn|6
|
|t:|1760855196
|move|p2a: Kingambit|Kowtow Cleave|p1a: Toxapex
|-damage|p1a: Toxapex|61/100
|move|p1a: Toxapex|Toxic Spikes|p2a: Kingambit
|-sidestart|p2: Mangoes_From_India|move: Toxic Spikes
|
|-heal|p1a: Toxapex|67/100|[from] item: Leftovers
|upkeep
|turn|7
|
|t:|1760855206
|switch|p1a: Dondozo|Dondozo, F|100/100
|move|p2a: Kingambit|Kowtow Cleave|p1a: Dondozo
|-damage|p1a: Dondozo|78/100
|
|-heal|p1a: Dondozo|84/100|[from] item: Leftovers
|upkeep
|turn|8
|
|t:|1760855223
|-end|p2a: Kingambit|fallenundefined|[silent]
|switch|p2a: Slowking|Slowking, M|100/100
|move|p1a: Dondozo|Body Press|p2a: Slowking
|-resisted|p2a: Slowking
|-damage|p2a: Slowking|86/100
|
|-heal|p1a: Dondozo|90/100|[from] item: Leftovers
|upkeep
|turn|9
|
|t:|1760855240
|switch|p1a: Gliscor|Gliscor, M|100/100
|move|p2a: Slowking|Future Sight|p1a: Gliscor
|-start|p2a: Slowking|move: Future Sight
|
|-status|p1a: Gliscor|tox|[from] item: Toxic Orb
|upkeep
|turn|10
|
|t:|1760855250
|move|p1a: Gliscor|Knock Off|p2a: Slowking
|-supereffective|p2a: Slowking
|-damage|p2a: Slowking|42/100
|-enditem|p2a: Slowking|Heavy-Duty Boots|[from] move: Knock Off|[of] p1a: Gliscor
|-prepare|p2a: Slowking|Chilly Reception|[premajor]
|move|p2a: Slowking|Chilly Reception|p2a: Slowking
|-weather|Snowscape
|
|t:|1760855260
|switch|p2a: Great Tusk|Great Tusk|100/100|[from] Chilly Reception
|
|-weather|Snowscape|[upkeep]
|upkeep
|turn|11
|
|t:|1760855272
|move|p1a: Gliscor|Protect|p1a: Gliscor
|-singleturn|p1a: Gliscor|Protect
|move|p2a: Great Tusk|Stealth Rock|p1a: Gliscor
|-sidestart|p1: bigredsword|move: Stealth Rock
|
|-weather|Snowscape|[upkeep]
|-end|p1a: Gliscor|move: Future Sight
|-damage|p1a: Gliscor|63/100 tox
|-heal|p1a: Gliscor|75/100 tox|[from] ability: Poison Heal
|upkeep
|turn|12
|
|t:|1760855286
|switch|p1a: Corviknight|Corviknight, M|100/100
|-damage|p1a: Corviknight|88/100|[from] Stealth Rock
|-ability|p1a: Corviknight|Pressure
|move|p2a: Great Tusk|Rapid Spin|p1a: Corviknight
|-resisted|p1a: Corviknight
|-damage|p1a: Corviknight|83/100
|-boost|p2a: Great Tusk|spe|1
|-sideend|p2: Mangoes_From_India|Toxic Spikes|[from] move: Rapid Spin|[of] p2a: Great Tusk
|
|-weather|Snowscape|[upkeep]
|-heal|p1a: Corviknight|89/100|[from] item: Leftovers
|upkeep
|turn|13
|
|t:|1760855306
|-end|p2a: Great Tusk|Protosynthesis|[silent]
|switch|p2a: Slowking|Slowking, M|75/100
|move|p1a: Corviknight|Defog|p2a: Slowking
|-unboost|p2a: Slowking|evasion|1
|-sideend|p1: bigredsword|Stealth Rock|[from] move: Defog|[of] p1a: Corviknight
|
|-weather|Snowscape|[upkeep]
|-heal|p1a: Corviknight|96/100|[from] item: Leftovers
|upkeep
|turn|14
|
|t:|1760855323
|switch|p1a: Gliscor|Gliscor, M|75/100 tox
|move|p2a: Slowking|Scald|p1a: Gliscor
|-supereffective|p1a: Gliscor
|-damage|p1a: Gliscor|32/100 tox
|
|-weather|none
|-heal|p1a: Gliscor|45/100 tox|[from] ability: Poison Heal
|upkeep
|turn|15
|
|t:|1760855338
|switch|p1a: Blissey|Blissey, F|100/100
|move|p2a: Slowking|Scald|p1a: Blissey
|-damage|p1a: Blissey|92/100
|
|-heal|p1a: Blissey|99/100|[from] item: Leftovers
|upkeep
|turn|16
|
|t:|1760855349
|move|p1a: Blissey|Stealth Rock|p2a: Slowking
|-sidestart|p2: Mangoes_From_India|move: Stealth Rock
|-prepare|p2a: Slowking|Chilly Reception|[premajor]
|move|p2a: Slowking|Chilly Reception|p2a: Slowking
|-weather|Snowscape
|inactive|Mangoes_From_India has 120 seconds left.
|
|t:|1760855372
|switch|p2a: Kingambit|Kingambit, F|100/100|[from] Chilly Reception
|-damage|p2a: Kingambit|94/100|[from] Stealth Rock
|
|-weather|Snowscape|[upkeep]
|-heal|p1a: Blissey|100/100|[from] item: Leftovers
|-heal|p2a: Kingambit|100/100|[from] item: Leftovers
|upkeep
|turn|17
|inactive|Mangoes_From_India has 120 seconds left.
|
|t:|1760855387
|switch|p1a: Dondozo|Dondozo, F|90/100
|-end|p2a: Kingambit|fallenundefined|[silent]
|switch|p2a: Moltres|Moltres|92/100
|
|-weather|Snowscape|[upkeep]
|-heal|p1a: Dondozo|96/100|[from] item: Leftovers
|upkeep
|turn|18
|inactive|Mangoes_From_India has 120 seconds left.
|
|t:|1760855397
|switch|p1a: Blissey|Blissey, F|100/100
|move|p2a: Moltres|U-turn|p1a: Blissey
|-damage|p1a: Blissey|86/100
|
|t:|1760855406
|switch|p2a: Kingambit|Kingambit, F|100/100|[from] U-turn
|-damage|p2a: Kingambit|94/100|[from] Stealth Rock
|
|-weather|Snowscape|[upkeep]
|-heal|p1a: Blissey|92/100|[from] item: Leftovers
|-heal|p2a: Kingambit|100/100|[from] item: Leftovers
|upkeep
|turn|19
|inactive|Mangoes_From_India has 120 seconds left.
|
|t:|1760855423
|switch|p1a: Dondozo|Dondozo, F|96/100
|-end|p2a: Kingambit|fallenundefined|[silent]
|switch|p2a: Great Tusk|Great Tusk|100/100
|
|-weather|Snowscape|[upkeep]
|-heal|p1a: Dondozo|100/100|[from] item: Leftovers
|upkeep
|turn|20
|
|t:|1760855435
|-end|p2a: Great Tusk|Protosynthesis|[silent]
|switch|p2a: Moltres|Moltres|92/100
|move|p1a: Dondozo|Avalanche|p2a: Moltres
|-damage|p2a: Moltres|81/100
|
|-weather|none
|upkeep
|turn|21
|
|t:|1760855447
|switch|p1a: Gliscor|Gliscor, M|45/100 tox
|move|p2a: Moltres|Flamethrower|p1a: Gliscor
|-damage|p1a: Gliscor|11/100 tox
|
|-heal|p1a: Gliscor|24/100 tox|[from] ability: Poison Heal
|upkeep
|turn|22
|inactive|Mangoes_From_India has 120 seconds left.
|
|t:|1760855457
|move|p1a: Gliscor|Protect|p1a: Gliscor
|-singleturn|p1a: Gliscor|Protect
|move|p2a: Moltres|Roar|p1a: Gliscor
|drag|p1a: Blissey|Blissey, F|92/100
|
|-heal|p1a: Blissey|99/100|[from] item: Leftovers
|upkeep
|turn|23
|
|t:|1760855471
|switch|p1a: Corviknight|Corviknight, M|96/100
|-ability|p1a: Corviknight|Pressure
|move|p2a: Moltres|U-turn|p1a: Corviknight
|-resisted|p1a: Corviknight
|-damage|p1a: Corviknight|94/100
|inactive|Mangoes_From_India has 120 seconds left.
|
|t:|1760855500
|switch|p2a: Slowking|Slowking, M|100/100|[from] U-turn
|-damage|p2a: Slowking|88/100|[from] Stealth Rock
|
|-heal|p1a: Corviknight|99/100|[from] item: Leftovers
|upkeep
|turn|24
|
|t:|1760855509
|switch|p1a: Blissey|Blissey, F|99/100
|move|p2a: Slowking|Thunder Wave|p1a: Blissey
|-status|p1a: Blissey|par
|
|-heal|p1a: Blissey|100/100 par|[from] item: Leftovers
|upkeep
|turn|25
|
|t:|1760855521
|-curestatus|p1a: Blissey|par|[from] ability: Natural Cure
|switch|p1a: Gliscor|Gliscor, M|24/100 tox
|move|p2a: Slowking|Future Sight|p1a: Gliscor
|-start|p2a: Slowking|move: Future Sight
|
|-heal|p1a: Gliscor|36/100 tox|[from] ability: Poison Heal
|upkeep
|turn|26
|
|t:|1760855530
|move|p1a: Gliscor|Protect|p1a: Gliscor
|-singleturn|p1a: Gliscor|Protect
|move|p2a: Slowking|Scald|p1a: Gliscor
|-activate|p1a: Gliscor|move: Protect
|
|-heal|p1a: Gliscor|49/100 tox|[from] ability: Poison Heal
|upkeep
|turn|27
|inactive|Mangoes_From_India has 120 seconds left.
|
|t:|1760855539
|switch|p1a: Blissey|Blissey, F|100/100
|move|p2a: Slowking|Scald|p1a: Blissey
|-damage|p1a: Blissey|91/100
|
|-end|p1a: Blissey|move: Future Sight
|-damage|p1a: Blissey|79/100
|-heal|p1a: Blissey|85/100|[from] item: Leftovers
|upkeep
|turn|28
|inactive|Mangoes_From_India has 120 seconds left.
|
|t:|1760855550
|move|p1a: Blissey|Seismic Toss|p2a: Slowking
|-damage|p2a: Slowking|63/100
|-prepare|p2a: Slowking|Chilly Reception|[premajor]
|move|p2a: Slowking|Chilly Reception|p2a: Slowking
|-weather|Snowscape
|inactive|Mangoes_From_India has 120 seconds left.
|
|t:|1760855571
|switch|p2a: Kingambit|Kingambit, F|100/100|[from] Chilly Reception
|-damage|p2a: Kingambit|94/100|[from] Stealth Rock
|
|-weather|Snowscape|[upkeep]
|-heal|p1a: Blissey|92/100|[from] item: Leftovers
|-heal|p2a: Kingambit|100/100|[from] item: Leftovers
|upkeep
|turn|29
|
|t:|1760855581
|switch|p1a: Corviknight|Corviknight, M|99/100
|-ability|p1a: Corviknight|Pressure
|move|p2a: Kingambit|Swords Dance|p2a: Kingambit
|-boost|p2a: Kingambit|atk|2
|
|-weather|Snowscape|[upkeep]
|-heal|p1a: Corviknight|100/100|[from] item: Leftovers
|upkeep
|turn|30
|
|t:|1760855593
|move|p1a: Corviknight|Body Press|p2a: Kingambit
|-supereffective|p2a: Kingambit
|-damage|p2a: Kingambit|29/100
|move|p2a: Kingambit|Kowtow Cleave|p1a: Corviknight
|-damage|p1a: Corviknight|46/100
|
|-weather|Snowscape|[upkeep]
|-heal|p1a: Corviknight|52/100|[from] item: Leftovers
|-heal|p2a: Kingambit|35/100|[from] item: Leftovers
|upkeep
|turn|31
|
|t:|1760855613
|switch|p1a: Dondozo|Dondozo, F|100/100
|-end|p2a: Kingambit|fallenundefined|[silent]
|switch|p2a: Moltres|Moltres|81/100
|
|-weather|Snowscape|[upkeep]
|upkeep
|turn|32
|
|t:|1760855622
|switch|p1a: Gliscor|Gliscor, M|49/100 tox
|move|p2a: Moltres|Roar|p1a: Gliscor
|drag|p1a: Corviknight|Corviknight, M|52/100
|-ability|p1a: Corviknight|Pressure
|
|-weather|none
|-heal|p1a: Corviknight|58/100|[from] item: Leftovers
|upkeep
|turn|33
|
|t:|1760855634
|switch|p1a: Blissey|Blissey, F|92/100
|move|p2a: Moltres|Roar|p1a: Blissey
|drag|p1a: Gliscor|Gliscor, M|49/100 tox
|
|-heal|p1a: Gliscor|61/100 tox|[from] ability: Poison Heal
|upkeep
|turn|34
|
|t:|1760855644
|move|p1a: Gliscor|Protect|p1a: Gliscor
|-singleturn|p1a: Gliscor|Protect
|move|p2a: Moltres|Flamethrower|p1a: Gliscor
|-activate|p1a: Gliscor|move: Protect
|
|-heal|p1a: Gliscor|74/100 tox|[from] ability: Poison Heal
|upkeep
|turn|35
|
|t:|1760855653
|move|p2a: Moltres|Flamethrower|p1a: Gliscor
|-damage|p1a: Gliscor|43/100 tox
|move|p1a: Gliscor|Knock Off|p2a: Moltres
|-damage|p2a: Moltres|66/100
|-enditem|p2a: Moltres|Heavy-Duty Boots|[from] move: Knock Off|[of] p1a: Gliscor
|
|-heal|p1a: Gliscor|55/100 tox|[from] ability: Poison Heal
|upkeep
|turn|36
|
|t:|1760855664
|move|p1a: Gliscor|Protect|p1a: Gliscor
|-singleturn|p1a: Gliscor|Protect
|move|p2a: Moltres|Roar|p1a: Gliscor
|drag|p1a: Toxapex|Toxapex, M|100/100
|
|upkeep
|turn|37
|
|t:|1760855679
|move|p1a: Toxapex|Toxic|p2a: Moltres
|-status|p2a: Moltres|tox
|move|p2a: Moltres|Roar|p1a: Toxapex
|drag|p1a: Weezing|Weezing-Galar, M|100/100
|-ability|p1a: Weezing|Neutralizing Gas
|
|-damage|p2a: Moltres|60/100 tox|[from] psn
|upkeep
|turn|38
|inactive|Mangoes_From_India has 120 seconds left.
|
|t:|1760855690
|-end|p1a: Weezing|ability: Neutralizing Gas
|switch|p1a: Toxapex|Toxapex, M|100/100
|move|p2a: Moltres|Flamethrower|p1a: Toxapex
|-resisted|p1a: Toxapex
|-damage|p1a: Toxapex|89/100
|
|-heal|p1a: Toxapex|95/100|[from] item: Leftovers
|-damage|p2a: Moltres|48/100 tox|[from] psn
|upkeep
|turn|39
|inactive|Mangoes_From_India has 120 seconds left.
|
|t:|1760855702
|move|p2a: Moltres|Roost|p2a: Moltres
|-heal|p2a: Moltres|98/100 tox
|-singleturn|p2a: Moltres|move: Roost
|move|p1a: Toxapex|Toxic Spikes|p2a: Moltres
|-sidestart|p2: Mangoes_From_India|move: Toxic Spikes
|
|-heal|p1a: Toxapex|100/100|[from] item: Leftovers
|-damage|p2a: Moltres|80/100 tox|[from] psn
|upkeep
|turn|40
|inactive|Mangoes_From_India has 120 seconds left.
|
|t:|1760855724
|switch|p1a: Dondozo|Dondozo, F|100/100
|move|p2a: Moltres|U-turn|p1a: Dondozo
|-damage|p1a: Dondozo|94/100
|-message|Mangoes_From_India forfeited.
|
|win|bigredsword
|raw|bigredsword's rating: 1401 &rarr; <strong>1419</strong><br />(+18 for winning)
|raw|Mangoes_From_India's rating: 1360 &rarr; <strong>1342</strong><br />(-18 for losing)
|l|☆Mangoes_From_India
|player|p2|
|l|☆bigredsword
|player|p1|
