|j|☆IamLonny
|j|☆adoptedbabynico
|t:|1760847972
|gametype|singles
|player|p1|IamLonny|bruno|1211
|player|p2|adoptedbabynico|169|1247
|gen|9
|tier|[Gen 9] OU
|rated|
|rule|HP Percentage Mod: HP is shown in percentages
|rule|Endless Battle Clause: Forcing endless battles is banned
|rule|Species Clause: Limit one of each Pokémon
|rule|OHKO Clause: OHKO moves are banned
|rule|Evasion Items Clause: Evasion items are banned
|rule|Evasion Moves Clause: Evasion moves are banned
|rule|Evasion Abilities Clause: Evasion abilities are banned
|rule|Sleep Moves Clause: Sleep-inducing moves are banned
|clearpoke
|poke|p1|Sandy Shocks|
|poke|p1|Conkeldurr, M|
|poke|p1|Dusclops, M|
|poke|p1|Scizor, F|
|poke|p1|Gyarados, M|
|poke|p1|Altaria, F|
|poke|p2|Cinderace, F|
|poke|p2|Kyurem|
|poke|p2|Ogerpon-Wellspring, F|
|poke|p2|Ceruledge, F|
|poke|p2|Enamorus, F|
|poke|p2|Kingambit, M|
|teampreview
|inactive|Battle timer is ON: inactive players will automatically lose when time's up. (requested by adoptedbabynico)
|
|t:|1760847985
|teamsize|p1|6
|teamsize|p2|6
|start
|switch|p1a: Sandy Shocks|Sandy Shocks, shiny|100/100
|switch|p2a: Ceruledge|Ceruledge, F|100/100
|-enditem|p1a: Sandy Shocks|Booster Energy
|-activate|p1a: Sandy Shocks|ability: Protosynthesis|[fromitem]
|-start|p1a: Sandy Shocks|protosynthesisspa
|turn|1
|
|t:|1760847997
|move|p1a: Sandy Shocks|Earth Power|p2a: Ceruledge
|-supereffective|p2a: Ceruledge
|-enditem|p2a: Ceruledge|Focus Sash
|-damage|p2a: Ceruledge|1/100
|move|p2a: Ceruledge|Swords Dance|p2a: Ceruledge
|-boost|p2a: Ceruledge|atk|2
|
|upkeep
|turn|2
|
|t:|1760848006
|-end|p1a: Sandy Shocks|Protosynthesis|[silent]
|switch|p1a: Gyarados|Gyarados, M|100/100
|-ability|p1a: Gyarados|Intimidate|boost
|-unboost|p2a: Ceruledge|atk|1
|move|p2a: Ceruledge|Shadow Sneak|p1a: Gyarados
|-damage|p1a: Gyarados|62/100
|
|upkeep
|turn|3
|
|t:|1760848014
|move|p2a: Ceruledge|Shadow Sneak|p1a: Gyarados
|-damage|p1a: Gyarados|26/100
|move|p1a: Gyarados|Earthquake|p2a: Ceruledge
|-supereffective|p2a: Ceruledge
|-damage|p2a: Ceruledge|0 fnt
|faint|p2a: Ceruledge
|
|upkeep
|
|t:|1760848023
|switch|p2a: Ogerpon|Ogerpon-Wellspring, F|100/100
|turn|4
|
|t:|1760848029
|-terastallize|p1a: Gyarados|Flying
|move|p2a: Ogerpon|Knock Off|p1a: Gyarados
|-damage|p1a: Gyarados|0 fnt
|-enditem|p1a: Gyarados|Lum Berry|[from] move: Knock Off|[of] p2a: Ogerpon
|faint|p1a: Gyarados
|
|upkeep
|
|t:|1760848038
|switch|p1a: Scizor|Scizor, F|100/100
|turn|5
|
|t:|1760848050
|switch|p2a: Kingambit|Kingambit, M, shiny|100/100
|-activate|p2a: Kingambit|ability: Supreme Overlord
|-start|p2a: Kingambit|fallen1|[silent]
|-item|p2a: Kingambit|Air Balloon
|move|p1a: Scizor|Bug Bite|p2a: Kingambit
|-damage|p2a: Kingambit|48/100
|-enditem|p2a: Kingambit|Air Balloon
|-damage|p1a: Scizor|91/100|[from] item: Life Orb
|
|upkeep
|turn|6
|
|t:|1760848065
|-end|p2a: Kingambit|fallen1|[silent]
|switch|p2a: Cinderace|Cinderace, F, shiny|100/100
|move|p1a: Scizor|Bug Bite|p2a: Cinderace
|-resisted|p2a: Cinderace
|-damage|p2a: Cinderace|50/100
|-damage|p1a: Scizor|81/100|[from] item: Life Orb
|
|upkeep
|turn|7
|
|t:|1760848075
|switch|p1a: Altaria|Altaria, F|100/100
|-ability|p1a: Altaria|Cloud Nine
|move|p2a: Cinderace|Pyro Ball|p1a: Altaria
|-resisted|p1a: Altaria
|-damage|p1a: Altaria|64/100
|
|upkeep
|turn|8
|
|t:|1760848087
|move|p2a: Cinderace|U-turn|p1a: Altaria
|-start|p2a: Cinderace|typechange|Bug|[from] ability: Libero
|-resisted|p1a: Altaria
|-damage|p1a: Altaria|43/100
|
|t:|1760848093
|switch|p2a: Enamorus|Enamorus, F|100/100|[from] U-turn
|move|p1a: Altaria|Ice Beam|p2a: Enamorus
|-supereffective|p2a: Enamorus
|-damage|p2a: Enamorus|44/100
|
|upkeep
|turn|9
|
|t:|1760848100
|move|p2a: Enamorus|Moonblast|p1a: Altaria
|-supereffective|p1a: Altaria
|-damage|p1a: Altaria|0 fnt
|faint|p1a: Altaria
|
|upkeep
|
|t:|1760848106
|switch|p1a: Scizor|Scizor, F|81/100
|turn|10
|
|t:|1760848127
|switch|p2a: Kingambit|Kingambit, M, shiny|48/100
|-activate|p2a: Kingambit|ability: Supreme Overlord
|-start|p2a: Kingambit|fallen1|[silent]
|move|p1a: Scizor|Bullet Punch|p2a: Kingambit
|-resisted|p2a: Kingambit
|-damage|p2a: Kingambit|29/100
|-damage|p1a: Scizor|71/100|[from] item: Life Orb
|
|upkeep
|turn|11
|
|t:|1760848136
|move|p2a: Kingambit|Low Kick|p1a: Scizor
|-damage|p1a: Scizor|28/100
|move|p1a: Scizor|Bug Bite|p2a: Kingambit
|-damage|p2a: Kingambit|0 fnt
|faint|p2a: Kingambit
|-end|p2a: Kingambit|fallen1|[silent]
|-damage|p1a: Scizor|18/100|[from] item: Life Orb
|
|upkeep
|
|t:|1760848153
|switch|p2a: Ogerpon|Ogerpon-Wellspring, F|100/100
|turn|12
|
|t:|1760848160
|move|p2a: Ogerpon|Ivy Cudgel|p1a: Scizor|[anim] Ivy Cudgel Water
|-damage|p1a: Scizor|0 fnt
|faint|p1a: Scizor
|
|upkeep
|
|t:|1760848166
|switch|p1a: Dusclops|Dusclops, M|100/100
|-ability|p1a: Dusclops|Pressure
|turn|13
|
|t:|1760848174
|move|p2a: Ogerpon|Knock Off|p1a: Dusclops
|-supereffective|p1a: Dusclops
|-damage|p1a: Dusclops|56/100
|-enditem|p1a: Dusclops|Eviolite|[from] move: Knock Off|[of] p2a: Ogerpon
|move|p1a: Dusclops|Curse|p2a: Ogerpon
|-start|p2a: Ogerpon|Curse|[of] p1a: Dusclops
|-damage|p1a: Dusclops|6/100
|
|-damage|p2a: Ogerpon|76/100|[from] Curse
|upkeep
|turn|14
|
|t:|1760848189
|move|p1a: Dusclops|Protect|p1a: Dusclops
|-singleturn|p1a: Dusclops|Protect
|move|p2a: Ogerpon|Ivy Cudgel|p1a: Dusclops|[anim] Ivy Cudgel Water
|-activate|p1a: Dusclops|move: Protect
|
|-damage|p2a: Ogerpon|51/100|[from] Curse
|upkeep
|turn|15
|
|t:|1760848197
|move|p2a: Ogerpon|U-turn|p1a: Dusclops
|-resisted|p1a: Dusclops
|-damage|p1a: Dusclops|0 fnt
|faint|p1a: Dusclops
|
|t:|1760848210
|switch|p2a: Kyurem|Kyurem, shiny|100/100|[from] U-turn
|-ability|p2a: Kyurem|Pressure
|
|upkeep
|
|t:|1760848216
|switch|p1a: Conkeldurr|Conkeldurr, M|100/100
|turn|16
|
|t:|1760848224
|move|p2a: Kyurem|Draco Meteor|p1a: Conkeldurr
|-damage|p1a: Conkeldurr|0 fnt
|-unboost|p2a: Kyurem|spa|2
|faint|p1a: Conkeldurr
|
|upkeep
|
|t:|1760848229
|switch|p1a: Sandy Shocks|Sandy Shocks, shiny|100/100
|turn|17
|
|t:|1760848233
|move|p1a: Sandy Shocks|Flash Cannon|p2a: Kyurem
|-supereffective|p2a: Kyurem
|-damage|p2a: Kyurem|48/100
|move|p2a: Kyurem|Draco Meteor|p1a: Sandy Shocks
|-damage|p1a: Sandy Shocks|42/100
|-unboost|p2a: Kyurem|spa|2
|
|upkeep
|turn|18
|
|t:|1760848240
|move|p1a: Sandy Shocks|Flash Cannon|p2a: Kyurem
|-supereffective|p2a: Kyurem
|-damage|p2a: Kyurem|0 fnt
|faint|p2a: Kyurem
|
|upkeep
|
|t:|1760848246
|switch|p2a: Enamorus|Enamorus, F|44/100
|turn|19
|
|t:|1760848249
|-terastallize|p2a: Enamorus|Ground
|move|p2a: Enamorus|Earth Power|p1a: Sandy Shocks
|-supereffective|p1a: Sandy Shocks
|-damage|p1a: Sandy Shocks|0 fnt
|faint|p1a: Sandy Shocks
|-end|p1a: Sandy Shocks|Protosynthesis|[silent]
|
|win|adoptedbabynico
|raw|IamLonny's rating: 1211 &rarr; <strong>1189</strong><br />(-22 for losing)
|raw|adoptedbabynico's rating: 1247 &rarr; <strong>1269</strong><br />(+22 for winning)
|l|☆IamLonny
|player|p1|
|l|☆adoptedbabynico
|player|p2|
