|j|☆Magolor16
|j|☆mightynoctowl
|t:|1760852986
|gametype|singles
|player|p1|Magolor16|1|1261
|player|p2|mightynoctowl|169|1264
|gen|9
|tier|[Gen 9] OU
|rated|
|rule|HP Percentage Mod: HP is shown in percentages
|rule|Endless Battle Clause: Forcing endless battles is banned
|rule|Species Clause: Limit one of each Pokémon
|rule|OHKO Clause: OHKO moves are banned
|rule|Evasion Items Clause: Evasion items are banned
|rule|Evasion Moves Clause: Evasion moves are banned
|rule|Evasion Abilities Clause: Evasion abilities are banned
|rule|Sleep Moves Clause: Sleep-inducing moves are banned
|clearpoke
|poke|p1|Luxray, M|
|poke|p1|Hawlucha, M|
|poke|p1|Iron Moth|
|poke|p1|Rillaboom, M|
|poke|p1|Iron Treads|
|poke|p1|Serperior, F|
|poke|p2|Moltres|
|poke|p2|Chansey, F|
|poke|p2|Clefable, M|
|poke|p2|Sandslash, F|
|poke|p2|Vileplume, M|
|poke|p2|Jolteon, M|
|teampreview
|inactive|Battle timer is ON: inactive players will automatically lose when time's up. (requested by mightynoctowl)
|
|t:|1760852995
|teamsize|p1|6
|teamsize|p2|6
|start
|switch|p1a: Tronphan|Iron Treads|100/100
|switch|p2a: Moltres|Moltres|100/100
|turn|1
|
|t:|1760852999
|move|p1a: Tronphan|Stealth Rock|p2a: Moltres
|-sidestart|p2: mightynoctowl|move: Stealth Rock
|move|p2a: Moltres|Flamethrower|p1a: Tronphan
|-supereffective|p1a: Tronphan
|-damage|p1a: Tronphan|0 fnt
|faint|p1a: Tronphan
|-end|p1a: Tronphan|Quark Drive|[silent]
|
|upkeep
|
|t:|1760853010
|switch|p1a: Simba|Luxray, M|100/100
|turn|2
|
|t:|1760853014
|move|p1a: Simba|Trailblaze|p2a: Moltres
|-resisted|p2a: Moltres
|-damage|p2a: Moltres|98/100
|-boost|p1a: Simba|spe|1
|-status|p1a: Simba|brn|[from] ability: Flame Body|[of] p2a: Moltres
|move|p2a: Moltres|U-turn|p1a: Simba
|-damage|p1a: Simba|79/100 brn
|
|t:|1760853022
|switch|p2a: Vileplume|Vileplume, M|100/100|[from] U-turn
|-damage|p2a: Vileplume|88/100|[from] Stealth Rock
|
|-heal|p2a: Vileplume|94/100|[from] item: Leftovers
|-damage|p1a: Simba|73/100 brn|[from] brn
|upkeep
|turn|3
|
|t:|1760853028
|move|p1a: Simba|Ice Fang|p2a: Vileplume
|-supereffective|p2a: Vileplume
|-damage|p2a: Vileplume|42/100
|move|p2a: Vileplume|Strength Sap|p1a: Simba
|-unboost|p1a: Simba|atk|1
|-heal|p2a: Vileplume|100/100
|
|-damage|p1a: Simba|67/100 brn|[from] brn
|upkeep
|turn|4
|
|t:|1760853041
|switch|p1a: Nagini|Serperior, F, shiny|100/100
|move|p2a: Vileplume|Leech Seed|p1a: Nagini
|-immune|p1a: Nagini
|
|upkeep
|turn|5
|
|t:|1760853046
|move|p1a: Nagini|Glare|p2a: Vileplume
|-status|p2a: Vileplume|par
|move|p2a: Vileplume|Sludge Bomb|p1a: Nagini
|-supereffective|p1a: Nagini
|-damage|p1a: Nagini|18/100
|
|-heal|p1a: Nagini|24/100|[from] item: Leftovers
|upkeep
|turn|6
|
|t:|1760853053
|move|p1a: Nagini|Dragon Pulse|p2a: Vileplume
|-damage|p2a: Vileplume|78/100 par
|move|p2a: Vileplume|Sludge Bomb|p1a: Nagini
|-supereffective|p1a: Nagini
|-damage|p1a: Nagini|0 fnt
|faint|p1a: Nagini
|
|-heal|p2a: Vileplume|85/100 par|[from] item: Leftovers
|upkeep
|
|t:|1760853071
|switch|p1a: Dyson|Iron Moth|100/100
|turn|7
|
|t:|1760853075
|switch|p2a: Chansey|Chansey, F|100/100
|-damage|p2a: Chansey|88/100|[from] Stealth Rock
|move|p1a: Dyson|Fiery Dance|p2a: Chansey
|-damage|p2a: Chansey|69/100
|
|upkeep
|turn|8
|
|t:|1760853078
|-end|p1a: Dyson|Quark Drive|[silent]
|switch|p1a: Donkey Kong|Rillaboom, M|100/100
|-fieldstart|move: Grassy Terrain|[from] ability: Grassy Surge|[of] p1a: Donkey Kong
|move|p2a: Chansey|Stealth Rock|p1a: Donkey Kong
|-sidestart|p1: Magolor16|move: Stealth Rock
|
|-heal|p2a: Chansey|75/100|[from] Grassy Terrain
|upkeep
|turn|9
|
|t:|1760853082
|switch|p2a: Moltres|Moltres|98/100
|move|p1a: Donkey Kong|U-turn|p2a: Moltres
|-resisted|p2a: Moltres
|-damage|p2a: Moltres|94/100
|-status|p1a: Donkey Kong|brn|[from] ability: Flame Body|[of] p2a: Moltres
|
|t:|1760853091
|switch|p1a: Simba|Luxray, M|67/100 brn|[from] U-turn
|-damage|p1a: Simba|54/100 brn|[from] Stealth Rock
|
|-heal|p1a: Simba|60/100 brn|[from] Grassy Terrain
|-damage|p1a: Simba|54/100 brn|[from] brn
|upkeep
|turn|10
|
|t:|1760853096
|switch|p2a: Vileplume|Vileplume, M|85/100 par
|-damage|p2a: Vileplume|72/100 par|[from] Stealth Rock
|move|p1a: Simba|Supercell Slam|p2a: Vileplume
|-resisted|p2a: Vileplume
|-damage|p2a: Vileplume|42/100 par
|
|-heal|p1a: Simba|60/100 brn|[from] Grassy Terrain
|-heal|p2a: Vileplume|48/100 par|[from] Grassy Terrain
|-heal|p2a: Vileplume|54/100 par|[from] item: Leftovers
|-damage|p1a: Simba|54/100 brn|[from] brn
|upkeep
|turn|11
|
|t:|1760853110
|move|p1a: Simba|Ice Fang|p2a: Vileplume
|-supereffective|p2a: Vileplume
|-damage|p2a: Vileplume|8/100 par
|move|p2a: Vileplume|Giga Drain|p1a: Simba
|-damage|p1a: Simba|4/100 brn
|-heal|p2a: Vileplume|29/100 par|[from] drain|[of] p1a: Simba
|
|-heal|p1a: Simba|10/100 brn|[from] Grassy Terrain
|-heal|p2a: Vileplume|36/100 par|[from] Grassy Terrain
|-heal|p2a: Vileplume|42/100 par|[from] item: Leftovers
|-damage|p1a: Simba|4/100 brn|[from] brn
|upkeep
|turn|12
|
|t:|1760853123
|switch|p2a: Moltres|Moltres|94/100
|move|p1a: Simba|Facade|p2a: Moltres
|-damage|p2a: Moltres|47/100
|
|-heal|p1a: Simba|10/100 brn|[from] Grassy Terrain
|-damage|p1a: Simba|4/100 brn|[from] brn
|upkeep
|turn|13
|
|t:|1760853142
|switch|p2a: Vileplume|Vileplume, M|42/100 par
|-damage|p2a: Vileplume|29/100 par|[from] Stealth Rock
|move|p1a: Simba|Facade|p2a: Vileplume
|-damage|p2a: Vileplume|0 fnt
|faint|p2a: Vileplume
|
|-heal|p1a: Simba|10/100 brn|[from] Grassy Terrain
|-damage|p1a: Simba|4/100 brn|[from] brn
|upkeep
|
|t:|1760853145
|switch|p2a: Jolteon|Jolteon, M|100/100
|-damage|p2a: Jolteon|88/100|[from] Stealth Rock
|turn|14
|
|t:|1760853149
|move|p2a: Jolteon|Tera Blast|p1a: Simba
|-damage|p1a: Simba|0 fnt
|faint|p1a: Simba
|
|-heal|p2a: Jolteon|94/100|[from] Grassy Terrain
|-heal|p2a: Jolteon|99/100|[from] item: Leftovers
|upkeep
|
|t:|1760853158
|switch|p1a: Dyson|Iron Moth|100/100
|-damage|p1a: Dyson|76/100|[from] Stealth Rock
|turn|15
|
|t:|1760853163
|switch|p2a: Chansey|Chansey, F|75/100
|-damage|p2a: Chansey|63/100|[from] Stealth Rock
|move|p1a: Dyson|Fiery Dance|p2a: Chansey
|-damage|p2a: Chansey|44/100
|
|-heal|p1a: Dyson|82/100|[from] Grassy Terrain
|-heal|p2a: Chansey|50/100|[from] Grassy Terrain
|-fieldend|move: Grassy Terrain
|upkeep
|turn|16
|
|t:|1760853167
|move|p1a: Dyson|Fiery Dance|p2a: Chansey
|-damage|p2a: Chansey|32/100
|-boost|p1a: Dyson|spa|1
|move|p2a: Chansey|Soft-Boiled|p2a: Chansey
|-heal|p2a: Chansey|82/100
|
|upkeep
|turn|17
|
|t:|1760853172
|move|p1a: Dyson|Fiery Dance|p2a: Chansey
|-damage|p2a: Chansey|56/100
|-boost|p1a: Dyson|spa|1
|move|p2a: Chansey|Thunder Wave|p1a: Dyson
|-status|p1a: Dyson|par
|
|upkeep
|turn|18
|
|t:|1760853178
|cant|p1a: Dyson|par
|move|p2a: Chansey|Soft-Boiled|p2a: Chansey
|-heal|p2a: Chansey|100/100
|
|upkeep
|turn|19
|
|t:|1760853181
|move|p1a: Dyson|Fiery Dance|p2a: Chansey
|-damage|p2a: Chansey|65/100
|move|p2a: Chansey|Seismic Toss|p1a: Dyson
|-damage|p1a: Dyson|48/100 par
|
|upkeep
|turn|20
|
|t:|1760853188
|move|p1a: Dyson|Fiery Dance|p2a: Chansey
|-damage|p2a: Chansey|29/100
|move|p2a: Chansey|Seismic Toss|p1a: Dyson
|-damage|p1a: Dyson|15/100 par
|
|upkeep
|turn|21
|
|t:|1760853194
|move|p1a: Dyson|Fiery Dance|p2a: Chansey
|-damage|p2a: Chansey|0 fnt
|faint|p2a: Chansey
|
|upkeep
|
|t:|1760853197
|switch|p2a: Jolteon|Jolteon, M|99/100
|-damage|p2a: Jolteon|88/100|[from] Stealth Rock
|turn|22
|
|t:|1760853201
|move|p2a: Jolteon|Calm Mind|p2a: Jolteon
|-boost|p2a: Jolteon|spa|1
|-boost|p2a: Jolteon|spd|1
|cant|p1a: Dyson|par
|
|-heal|p2a: Jolteon|94/100|[from] item: Leftovers
|upkeep
|turn|23
|
|t:|1760853205
|move|p2a: Jolteon|Thunderbolt|p1a: Dyson
|-crit|p1a: Dyson
|-damage|p1a: Dyson|0 fnt
|faint|p1a: Dyson
|-end|p1a: Dyson|Quark Drive|[silent]
|
|-heal|p2a: Jolteon|99/100|[from] item: Leftovers
|upkeep
|
|t:|1760853207
|switch|p1a: Donkey Kong|Rillaboom, M|100/100 brn
|-damage|p1a: Donkey Kong|88/100 brn|[from] Stealth Rock
|-fieldstart|move: Grassy Terrain|[from] ability: Grassy Surge|[of] p1a: Donkey Kong
|turn|24
|
|t:|1760853215
|-terastallize|p2a: Jolteon|Ice
|move|p2a: Jolteon|Tera Blast|p1a: Donkey Kong|[anim] Tera Blast Ice
|-supereffective|p1a: Donkey Kong
|-damage|p1a: Donkey Kong|0 fnt
|faint|p1a: Donkey Kong
|
|-heal|p2a: Jolteon|100/100|[from] Grassy Terrain
|upkeep
|
|t:|1760853219
|switch|p1a: Edgar Teglee|Hawlucha, M|100/100
|-damage|p1a: Edgar Teglee|88/100|[from] Stealth Rock
|-enditem|p1a: Edgar Teglee|Grassy Seed
|-boost|p1a: Edgar Teglee|def|1|[from] item: Grassy Seed
|turn|25
|
|t:|1760853225
|switch|p2a: Moltres|Moltres|47/100
|-terastallize|p1a: Edgar Teglee|Fighting
|move|p1a: Edgar Teglee|Swords Dance|p1a: Edgar Teglee
|-boost|p1a: Edgar Teglee|atk|2
|
|-heal|p1a: Edgar Teglee|94/100|[from] Grassy Terrain
|upkeep
|turn|26
|
|t:|1760853234
|move|p1a: Edgar Teglee|Acrobatics|p2a: Moltres
|-damage|p2a: Moltres|0 fnt
|faint|p2a: Moltres
|
|-heal|p1a: Edgar Teglee|99/100|[from] Grassy Terrain
|upkeep
|
|t:|1760853239
|switch|p2a: Sandslash|Sandslash, F|100/100
|-damage|p2a: Sandslash|94/100|[from] Stealth Rock
|turn|27
|
|t:|1760853252
|move|p1a: Edgar Teglee|Swords Dance|p1a: Edgar Teglee
|-boost|p1a: Edgar Teglee|atk|2
|move|p2a: Sandslash|Earthquake|p1a: Edgar Teglee
|-damage|p1a: Edgar Teglee|85/100
|
|-heal|p1a: Edgar Teglee|91/100|[from] Grassy Terrain
|-heal|p2a: Sandslash|100/100|[from] Grassy Terrain
|upkeep
|turn|28
|
|t:|1760853257
|move|p1a: Edgar Teglee|Close Combat|p2a: Sandslash
|-damage|p2a: Sandslash|0 fnt
|-unboost|p1a: Edgar Teglee|def|1
|-unboost|p1a: Edgar Teglee|spd|1
|faint|p2a: Sandslash
|
|-heal|p1a: Edgar Teglee|97/100|[from] Grassy Terrain
|upkeep
|
|t:|1760853261
|switch|p2a: Jolteon|Jolteon, M, tera:Ice|100/100
|-damage|p2a: Jolteon|76/100|[from] Stealth Rock
|turn|29
|
|t:|1760853267
|move|p1a: Edgar Teglee|Close Combat|p2a: Jolteon
|-supereffective|p2a: Jolteon
|-damage|p2a: Jolteon|0 fnt
|-unboost|p1a: Edgar Teglee|def|1
|-unboost|p1a: Edgar Teglee|spd|1
|faint|p2a: Jolteon
|
|-heal|p1a: Edgar Teglee|100/100|[from] Grassy Terrain
|upkeep
|
|t:|1760853270
|switch|p2a: Clefable|Clefable, M|100/100
|-damage|p2a: Clefable|88/100|[from] Stealth Rock
|turn|30
|
|t:|1760853275
|move|p1a: Edgar Teglee|Acrobatics|p2a: Clefable
|-damage|p2a: Clefable|49/100
|move|p2a: Clefable|Moonblast|p1a: Edgar Teglee
|-supereffective|p1a: Edgar Teglee
|-damage|p1a: Edgar Teglee|0 fnt
|faint|p1a: Edgar Teglee
|
|win|mightynoctowl
|raw|Magolor16's rating: 1261 &rarr; <strong>1236</strong><br />(-25 for losing)
|raw|mightynoctowl's rating: 1264 &rarr; <strong>1289</strong><br />(+25 for winning)
|l|☆mightynoctowl
|player|p2|
|l|☆Magolor16
|player|p1|
