|j|☆itsyumiiiii
|j|☆It's classified
|t:|1760879074
|gametype|singles
|player|p1|itsyumiiiii|iris|1356
|player|p2|It's classified|argenta|1423
|gen|9
|tier|[Gen 9] OU
|rated|
|rule|HP Percentage Mod: HP is shown in percentages
|rule|Endless Battle Clause: Forcing endless battles is banned
|rule|Species Clause: Limit one of each Pokémon
|rule|OHKO Clause: OHKO moves are banned
|rule|Evasion Items Clause: Evasion items are banned
|rule|Evasion Moves Clause: Evasion moves are banned
|rule|Evasion Abilities Clause: Evasion abilities are banned
|rule|Sleep Moves Clause: Sleep-inducing moves are banned
|clearpoke
|poke|p1|Heatran, M|
|poke|p1|Tyranitar, M|
|poke|p1|Gholdengo|
|poke|p1|Enamorus-Therian, F|
|poke|p1|Great Tusk|
|poke|p1|Weezing-Galar, M|
|poke|p2|Deoxys-Speed|
|poke|p2|Iron Treads|
|poke|p2|Moltres|
|poke|p2|Iron Valiant|
|poke|p2|Ogerpon-Wellspring, F|
|poke|p2|Kingambit, M|
|teampreview
|inactive|Battle timer is ON: inactive players will automatically lose when time's up. (requested by It's classified)
|inactive|itsyumiiiii also wants the timer to be on.
|
|t:|1760879097
|teamsize|p1|6
|teamsize|p2|6
|start
|switch|p1a: Gholdengo|Gholdengo|100/100
|switch|p2a: Ogerpon|Ogerpon-Wellspring, F|100/100
|turn|1
|
|t:|1760879110
|switch|p1a: Enamorus|Enamorus-Therian, F|100/100
|move|p2a: Ogerpon|Knock Off|p1a: Enamorus
|-resisted|p1a: Enamorus
|-damage|p1a: Enamorus|85/100
|-enditem|p1a: Enamorus|Leftovers|[from] move: Knock Off|[of] p2a: Ogerpon
|
|upkeep
|turn|2
|
|t:|1760879125
|move|p2a: Ogerpon|Ivy Cudgel|p1a: Enamorus|[anim] Ivy Cudgel Water
|-damage|p1a: Enamorus|40/100
|move|p1a: Enamorus|Draining Kiss|p2a: Ogerpon
|-damage|p2a: Ogerpon|68/100
|-heal|p1a: Enamorus|61/100|[from] drain|[of] p2a: Ogerpon
|
|upkeep
|turn|3
|
|t:|1760879155
|move|p2a: Ogerpon|Ivy Cudgel|p1a: Enamorus|[anim] Ivy Cudgel Water
|-damage|p1a: Enamorus|11/100
|move|p1a: Enamorus|Iron Defense|p1a: Enamorus
|-boost|p1a: Enamorus|def|2
|
|upkeep
|turn|4
|
|t:|1760879160
|move|p2a: Ogerpon|Ivy Cudgel|p1a: Enamorus|[anim] Ivy Cudgel Water
|-damage|p1a: Enamorus|0 fnt
|faint|p1a: Enamorus
|
|upkeep
|
|t:|1760879165
|switch|p1a: Weezing|Weezing-Galar, M|100/100
|-ability|p1a: Weezing|Neutralizing Gas
|turn|5
|
|t:|1760879168
|move|p2a: Ogerpon|U-turn|p1a: Weezing
|-resisted|p1a: Weezing
|-damage|p1a: Weezing|96/100
|
|t:|1760879170
|switch|p2a: Iron Treads|Iron Treads|100/100|[from] U-turn
|move|p1a: Weezing|Will-O-Wisp|p2a: Iron Treads
|-status|p2a: Iron Treads|brn
|
|-damage|p2a: Iron Treads|94/100 brn|[from] brn
|upkeep
|turn|6
|
|t:|1760879178
|move|p2a: Iron Treads|Stealth Rock|p1a: Weezing
|-sidestart|p1: itsyumiiiii|move: Stealth Rock
|move|p1a: Weezing|Toxic Spikes|p2a: Iron Treads
|-sidestart|p2: It's classified|move: Toxic Spikes
|
|-heal|p2a: Iron Treads|100/100 brn|[from] item: Leftovers
|-damage|p2a: Iron Treads|94/100 brn|[from] brn
|upkeep
|turn|7
|
|t:|1760879181
|-end|p1a: Weezing|ability: Neutralizing Gas
|switch|p1a: Great Tusk|Great Tusk|100/100
|-damage|p1a: Great Tusk|98/100|[from] Stealth Rock
|move|p2a: Iron Treads|Rapid Spin|p1a: Great Tusk
|-damage|p1a: Great Tusk|93/100
|-boost|p2a: Iron Treads|spe|1
|-sideend|p2: It's classified|Toxic Spikes|[from] move: Rapid Spin|[of] p2a: Iron Treads
|
|-heal|p2a: Iron Treads|100/100 brn|[from] item: Leftovers
|-heal|p1a: Great Tusk|99/100|[from] item: Leftovers
|-damage|p2a: Iron Treads|94/100 brn|[from] brn
|upkeep
|turn|8
|
|t:|1760879191
|-end|p2a: Iron Treads|Quark Drive|[silent]
|switch|p2a: Moltres|Moltres|100/100
|move|p1a: Great Tusk|Rapid Spin|p2a: Moltres
|-damage|p2a: Moltres|89/100
|-boost|p1a: Great Tusk|spe|1
|-status|p1a: Great Tusk|brn|[from] ability: Flame Body|[of] p2a: Moltres
|-sideend|p1: itsyumiiiii|Stealth Rock|[from] move: Rapid Spin|[of] p1a: Great Tusk
|
|-heal|p1a: Great Tusk|100/100 brn|[from] item: Leftovers
|-damage|p1a: Great Tusk|94/100 brn|[from] brn
|upkeep
|turn|9
|inactive|It's classified has 120 seconds left.
|
|t:|1760879227
|switch|p2a: Deoxys|Deoxys-Speed|100/100
|-ability|p2a: Deoxys|Pressure
|move|p1a: Great Tusk|Knock Off|p2a: Deoxys
|-supereffective|p2a: Deoxys
|-damage|p2a: Deoxys|48/100
|-enditem|p2a: Deoxys|Heavy-Duty Boots|[from] move: Knock Off|[of] p1a: Great Tusk
|
|-heal|p1a: Great Tusk|100/100 brn|[from] item: Leftovers
|-damage|p1a: Great Tusk|94/100 brn|[from] brn
|upkeep
|turn|10
|
|t:|1760879243
|-end|p1a: Great Tusk|Protosynthesis|[silent]
|switch|p1a: Tyranitar|Tyranitar, M, shiny|100/100
|-weather|Sandstorm|[from] ability: Sand Stream|[of] p1a: Tyranitar
|move|p2a: Deoxys|Psycho Boost|p1a: Tyranitar
|-immune|p1a: Tyranitar
|
|-weather|Sandstorm|[upkeep]
|-damage|p2a: Deoxys|42/100|[from] Sandstorm
|upkeep
|turn|11
|
|t:|1760879251
|switch|p1a: Gholdengo|Gholdengo|100/100
|-terastallize|p2a: Deoxys|Fighting
|move|p2a: Deoxys|Superpower|p1a: Gholdengo
|-immune|p1a: Gholdengo
|
|-weather|Sandstorm|[upkeep]
|-damage|p2a: Deoxys|36/100|[from] Sandstorm
|upkeep
|turn|12
|
|t:|1760879273
|move|p2a: Deoxys|Knock Off|p1a: Gholdengo
|-supereffective|p1a: Gholdengo
|-damage|p1a: Gholdengo|43/100
|-enditem|p1a: Gholdengo|Choice Scarf|[from] move: Knock Off|[of] p2a: Deoxys
|move|p1a: Gholdengo|Shadow Ball|p2a: Deoxys
|-damage|p2a: Deoxys|0 fnt
|faint|p2a: Deoxys
|
|-weather|Sandstorm|[upkeep]
|upkeep
|
|t:|1760879285
|switch|p2a: Ogerpon|Ogerpon-Wellspring, F|68/100
|turn|13
|
|t:|1760879293
|switch|p1a: Weezing|Weezing-Galar, M|96/100
|-ability|p1a: Weezing|Neutralizing Gas
|move|p2a: Ogerpon|Ivy Cudgel|p1a: Weezing|[anim] Ivy Cudgel Water
|-damage|p1a: Weezing|58/100
|
|-weather|Sandstorm|[upkeep]
|-damage|p2a: Ogerpon|62/100|[from] Sandstorm
|-damage|p1a: Weezing|52/100|[from] Sandstorm
|upkeep
|turn|14
|
|t:|1760879304
|move|p2a: Ogerpon|U-turn|p1a: Weezing
|-resisted|p1a: Weezing
|-damage|p1a: Weezing|48/100
|
|t:|1760879306
|switch|p2a: Moltres|Moltres|89/100|[from] U-turn
|move|p1a: Weezing|Pain Split|p2a: Moltres
|-sethp|p2a: Moltres|65/100|[from] move: Pain Split|[silent]
|-sethp|p1a: Weezing|75/100|[from] move: Pain Split
|
|-weather|none
|upkeep
|turn|15
|
|t:|1760879314
|-end|p1a: Weezing|ability: Neutralizing Gas
|switch|p1a: Tyranitar|Tyranitar, M, shiny|100/100
|-weather|Sandstorm|[from] ability: Sand Stream|[of] p1a: Tyranitar
|move|p2a: Moltres|Flamethrower|p1a: Tyranitar
|-resisted|p1a: Tyranitar
|-damage|p1a: Tyranitar|90/100
|
|-weather|Sandstorm|[upkeep]
|-damage|p2a: Moltres|59/100|[from] Sandstorm
|upkeep
|turn|16
|
|t:|1760879318
|move|p2a: Moltres|U-turn|p1a: Tyranitar
|-supereffective|p1a: Tyranitar
|-damage|p1a: Tyranitar|67/100
|
|t:|1760879325
|switch|p2a: Iron Treads|Iron Treads|94/100 brn|[from] U-turn
|move|p1a: Tyranitar|Stealth Rock|p2a: Iron Treads
|-sidestart|p2: It's classified|move: Stealth Rock
|
|-weather|Sandstorm|[upkeep]
|-heal|p2a: Iron Treads|100/100 brn|[from] item: Leftovers
|-damage|p2a: Iron Treads|94/100 brn|[from] brn
|upkeep
|turn|17
|inactive|itsyumiiiii has 120 seconds left.
|
|t:|1760879366
|switch|p1a: Gholdengo|Gholdengo|43/100
|move|p2a: Iron Treads|Stealth Rock|p1a: Gholdengo
|-sidestart|p1: itsyumiiiii|move: Stealth Rock
|
|-weather|Sandstorm|[upkeep]
|-heal|p2a: Iron Treads|100/100 brn|[from] item: Leftovers
|-damage|p2a: Iron Treads|94/100 brn|[from] brn
|upkeep
|turn|18
|
|t:|1760879371
|move|p1a: Gholdengo|Hex|p2a: Iron Treads
|-damage|p2a: Iron Treads|41/100 brn
|move|p2a: Iron Treads|Earthquake|p1a: Gholdengo
|-supereffective|p1a: Gholdengo
|-damage|p1a: Gholdengo|1/100
|
|-weather|Sandstorm|[upkeep]
|-heal|p2a: Iron Treads|47/100 brn|[from] item: Leftovers
|-damage|p2a: Iron Treads|41/100 brn|[from] brn
|upkeep
|turn|19
|inactive|itsyumiiiii has 120 seconds left.
|
|t:|1760879389
|move|p1a: Gholdengo|Shadow Ball|p2a: Iron Treads
|-damage|p2a: Iron Treads|5/100 brn
|-unboost|p2a: Iron Treads|spd|1
|move|p2a: Iron Treads|Earthquake|p1a: Gholdengo
|-supereffective|p1a: Gholdengo
|-damage|p1a: Gholdengo|0 fnt
|faint|p1a: Gholdengo
|
|-weather|none
|-heal|p2a: Iron Treads|11/100 brn|[from] item: Leftovers
|-damage|p2a: Iron Treads|5/100 brn|[from] brn
|upkeep
|
|t:|1760879392
|switch|p1a: Great Tusk|Great Tusk|94/100 brn
|-damage|p1a: Great Tusk|91/100 brn|[from] Stealth Rock
|turn|20
|
|t:|1760879395
|move|p1a: Great Tusk|Rapid Spin|p2a: Iron Treads
|-resisted|p2a: Iron Treads
|-damage|p2a: Iron Treads|2/100 brn
|-boost|p1a: Great Tusk|spe|1
|-sideend|p1: itsyumiiiii|Stealth Rock|[from] move: Rapid Spin|[of] p1a: Great Tusk
|move|p2a: Iron Treads|Rapid Spin|p1a: Great Tusk
|-damage|p1a: Great Tusk|87/100 brn
|-boost|p2a: Iron Treads|spe|1
|-sideend|p2: It's classified|Stealth Rock|[from] move: Rapid Spin|[of] p2a: Iron Treads
|
|-heal|p1a: Great Tusk|93/100 brn|[from] item: Leftovers
|-heal|p2a: Iron Treads|8/100 brn|[from] item: Leftovers
|-damage|p1a: Great Tusk|87/100 brn|[from] brn
|-damage|p2a: Iron Treads|2/100 brn|[from] brn
|upkeep
|turn|21
|
|t:|1760879402
|move|p1a: Great Tusk|Knock Off|p2a: Iron Treads
|-damage|p2a: Iron Treads|0 fnt
|-enditem|p2a: Iron Treads|Leftovers|[from] move: Knock Off|[of] p1a: Great Tusk
|faint|p2a: Iron Treads
|-end|p2a: Iron Treads|Quark Drive|[silent]
|
|-heal|p1a: Great Tusk|93/100 brn|[from] item: Leftovers
|-damage|p1a: Great Tusk|87/100 brn|[from] brn
|upkeep
|
|t:|1760879406
|switch|p2a: Ogerpon|Ogerpon-Wellspring, F|62/100
|turn|22
|
|t:|1760879432
|move|p1a: Great Tusk|Headlong Rush|p2a: Ogerpon
|-resisted|p2a: Ogerpon
|-damage|p2a: Ogerpon|43/100
|-unboost|p1a: Great Tusk|def|1
|-unboost|p1a: Great Tusk|spd|1
|move|p2a: Ogerpon|Ivy Cudgel|p1a: Great Tusk|[anim] Ivy Cudgel Water
|-supereffective|p1a: Great Tusk
|-damage|p1a: Great Tusk|0 fnt
|faint|p1a: Great Tusk
|-end|p1a: Great Tusk|Protosynthesis|[silent]
|
|upkeep
|
|t:|1760879435
|switch|p1a: Weezing|Weezing-Galar, M|75/100
|-ability|p1a: Weezing|Neutralizing Gas
|turn|23
|
|t:|1760879448
|move|p2a: Ogerpon|U-turn|p1a: Weezing
|-resisted|p1a: Weezing
|-damage|p1a: Weezing|70/100
|
|t:|1760879450
|switch|p2a: Moltres|Moltres|59/100|[from] U-turn
|move|p1a: Weezing|Will-O-Wisp|p2a: Moltres
|-immune|p2a: Moltres
|
|upkeep
|turn|24
|
|t:|1760879456
|move|p2a: Moltres|Flamethrower|p1a: Weezing
|-damage|p1a: Weezing|20/100
|move|p1a: Weezing|Toxic Spikes|p2a: Moltres
|-sidestart|p2: It's classified|move: Toxic Spikes
|
|upkeep
|turn|25
|
|t:|1760879474
|move|p2a: Moltres|Roost|p2a: Moltres
|-heal|p2a: Moltres|100/100
|-singleturn|p2a: Moltres|move: Roost
|move|p1a: Weezing|Toxic Spikes|p2a: Moltres
|-sidestart|p2: It's classified|move: Toxic Spikes
|
|upkeep
|turn|26
|
|t:|1760879478
|move|p2a: Moltres|Flamethrower|p1a: Weezing
|-damage|p1a: Weezing|0 fnt
|faint|p1a: Weezing
|-end|p1a: Weezing|ability: Neutralizing Gas
|
|upkeep
|
|t:|1760879481
|switch|p1a: Tyranitar|Tyranitar, M, shiny|67/100
|-weather|Sandstorm|[from] ability: Sand Stream|[of] p1a: Tyranitar
|turn|27
|
|t:|1760879488
|move|p1a: Tyranitar|Stealth Rock|p2a: Moltres
|-sidestart|p2: It's classified|move: Stealth Rock
|move|p2a: Moltres|Roar|p1a: Tyranitar
|drag|p1a: Heatran|Heatran, M|100/100
|
|-weather|Sandstorm|[upkeep]
|-damage|p2a: Moltres|94/100|[from] Sandstorm
|upkeep
|turn|28
|
|t:|1760879495
|move|p2a: Moltres|Flamethrower|p1a: Heatran
|-start|p1a: Heatran|ability: Flash Fire
|move|p1a: Heatran|Magma Storm|p2a: Moltres|[miss]
|-miss|p1a: Heatran|p2a: Moltres
|
|-weather|Sandstorm|[upkeep]
|-damage|p2a: Moltres|88/100|[from] Sandstorm
|upkeep
|turn|29
|
|t:|1760879504
|move|p1a: Heatran|Taunt|p2a: Moltres
|-start|p2a: Moltres|move: Taunt
|cant|p2a: Moltres|move: Taunt|Roar
|
|-weather|Sandstorm|[upkeep]
|-damage|p2a: Moltres|82/100|[from] Sandstorm
|upkeep
|turn|30
|
|t:|1760879506
|move|p2a: Moltres|Flamethrower|p1a: Heatran
|-immune|p1a: Heatran|[from] ability: Flash Fire
|move|p1a: Heatran|Magma Storm|p2a: Moltres
|-resisted|p2a: Moltres
|-damage|p2a: Moltres|50/100
|-activate|p2a: Moltres|move: Magma Storm|[of] p1a: Heatran
|
|-weather|Sandstorm|[upkeep]
|-damage|p2a: Moltres|44/100|[from] Sandstorm
|-damage|p2a: Moltres|32/100|[from] move: Magma Storm|[partiallytrapped]
|upkeep
|turn|31
|
|t:|1760879513
|move|p1a: Heatran|Protect|p1a: Heatran
|-singleturn|p1a: Heatran|Protect
|move|p2a: Moltres|Flamethrower|p1a: Heatran
|-activate|p1a: Heatran|move: Protect
|
|-weather|none
|-damage|p2a: Moltres|20/100|[from] move: Magma Storm|[partiallytrapped]
|-end|p2a: Moltres|move: Taunt
|upkeep
|turn|32
|
|t:|1760879516
|move|p2a: Moltres|Flamethrower|p1a: Heatran
|-immune|p1a: Heatran|[from] ability: Flash Fire
|move|p1a: Heatran|Taunt|p2a: Moltres
|-start|p2a: Moltres|move: Taunt
|
|-damage|p2a: Moltres|8/100|[from] move: Magma Storm|[partiallytrapped]
|upkeep
|turn|33
|
|t:|1760879520
|move|p2a: Moltres|Flamethrower|p1a: Heatran
|-immune|p1a: Heatran|[from] ability: Flash Fire
|move|p1a: Heatran|Earth Power|p2a: Moltres
|-immune|p2a: Moltres
|
|-damage|p2a: Moltres|0 fnt|[from] move: Magma Storm|[partiallytrapped]
|faint|p2a: Moltres
|upkeep
|
|t:|1760879530
|switch|p2a: Ogerpon|Ogerpon-Wellspring, F|43/100
|-status|p2a: Ogerpon|tox
|-damage|p2a: Ogerpon|31/100 tox|[from] Stealth Rock
|turn|34
|
|t:|1760879539
|-terastallize|p1a: Heatran|Grass
|move|p2a: Ogerpon|Ivy Cudgel|p1a: Heatran|[anim] Ivy Cudgel Water
|-resisted|p1a: Heatran
|-crit|p1a: Heatran
|-damage|p1a: Heatran|62/100
|move|p1a: Heatran|Magma Storm|p2a: Ogerpon
|-damage|p2a: Ogerpon|0 fnt
|faint|p2a: Ogerpon
|
|-heal|p1a: Heatran|69/100|[from] item: Leftovers
|upkeep
|
|t:|1760879569
|switch|p2a: Kingambit|Kingambit, M|100/100
|-damage|p2a: Kingambit|94/100|[from] Stealth Rock
|-activate|p2a: Kingambit|ability: Supreme Overlord
|-start|p2a: Kingambit|fallen4|[silent]
|turn|35
|
|t:|1760879575
|move|p1a: Heatran|Magma Storm|p2a: Kingambit|[miss]
|-miss|p1a: Heatran|p2a: Kingambit
|move|p2a: Kingambit|Kowtow Cleave|p1a: Heatran
|-damage|p1a: Heatran|6/100
|
|-heal|p1a: Heatran|13/100|[from] item: Leftovers
|-heal|p2a: Kingambit|100/100|[from] item: Leftovers
|upkeep
|turn|36
|
|t:|1760879580
|move|p1a: Heatran|Protect|p1a: Heatran
|-singleturn|p1a: Heatran|Protect
|move|p2a: Kingambit|Sucker Punch||[still]
|-fail|p2a: Kingambit
|
|-heal|p1a: Heatran|19/100|[from] item: Leftovers
|upkeep
|turn|37
|
|t:|1760879585
|move|p2a: Kingambit|Sucker Punch|p1a: Heatran
|-damage|p1a: Heatran|0 fnt
|faint|p1a: Heatran
|
|upkeep
|
|t:|1760879587
|switch|p1a: Tyranitar|Tyranitar, M, shiny|67/100
|-weather|Sandstorm|[from] ability: Sand Stream|[of] p1a: Tyranitar
|turn|38
|
|t:|1760879589
|move|p2a: Kingambit|Iron Head|p1a: Tyranitar
|-supereffective|p1a: Tyranitar
|-damage|p1a: Tyranitar|0 fnt
|faint|p1a: Tyranitar
|
|win|It's classified
|raw|itsyumiiiii's rating: 1356 &rarr; <strong>1340</strong><br />(-16 for losing)
|raw|It&apos;s classified's rating: 1423 &rarr; <strong>1439</strong><br />(+16 for winning)
|l|☆itsyumiiiii
|player|p1|
|l|☆It's classified
|player|p2|
