|j|☆meowscardaily
|j|☆ice spice enjoyer
|t:|1760741273
|gametype|singles
|player|p1|meowscardaily|unknownf|1699
|player|p2|ice spice enjoyer|hoopster|1716
|gen|9
|tier|[Gen 9] OU
|rated|
|rule|HP Percentage Mod: HP is shown in percentages
|rule|Endless Battle Clause: Forcing endless battles is banned
|rule|Species Clause: Limit one of each Pokémon
|rule|OHKO Clause: OHKO moves are banned
|rule|Evasion Items Clause: Evasion items are banned
|rule|Evasion Moves Clause: Evasion moves are banned
|rule|Evasion Abilities Clause: Evasion abilities are banned
|rule|Sleep Moves Clause: Sleep-inducing moves are banned
|clearpoke
|poke|p1|Landorus-Therian, M|
|poke|p1|Scizor, F|
|poke|p1|Hatterene, F|
|poke|p1|Raging Bolt|
|poke|p1|Zamazenta-*|
|poke|p1|Meowscarada, F|
|poke|p2|Weezing-Galar, M|
|poke|p2|Alomomola, M|
|poke|p2|Corviknight, M|
|poke|p2|Ting-Lu|
|poke|p2|Deoxys-Speed|
|poke|p2|Zamazenta-*|
|teampreview
|j| just-jaype
|
|t:|1760741323
|teamsize|p1|6
|teamsize|p2|6
|start
|switch|p1a: Scizor|Scizor, F|100/100
|switch|p2a: Alomomola|Alomomola, M|100/100
|turn|1
|
|t:|1760741329
|move|p1a: Scizor|Knock Off|p2a: Alomomola
|-damage|p2a: Alomomola|76/100
|-damage|p1a: Scizor|84/100|[from] item: Rocky Helmet|[of] p2a: Alomomola
|-enditem|p2a: Alomomola|Rocky Helmet|[from] move: Knock Off|[of] p1a: Scizor
|move|p2a: Alomomola|Flip Turn|p1a: Scizor
|-damage|p1a: Scizor|67/100
|inactive|Battle timer is ON: inactive players will automatically lose when time's up. (requested by meowscardaily)
|
|t:|1760741372
|switch|p2a: Weezing|Weezing-Galar, M|100/100|[from] Flip Turn
|-ability|p2a: Weezing|Neutralizing Gas
|
|upkeep
|turn|2
|
|t:|1760741395
|move|p1a: Scizor|U-turn|p2a: Weezing
|-resisted|p2a: Weezing
|-damage|p2a: Weezing|94/100
|
|t:|1760741403
|switch|p1a: Hatterene|Hatterene, F|100/100|[from] U-turn
|move|p2a: Weezing|Will-O-Wisp|p1a: Hatterene|[miss]
|-miss|p2a: Weezing|p1a: Hatterene
|
|-heal|p2a: Weezing|99/100|[from] item: Leftovers
|upkeep
|turn|3
|
|t:|1760741431
|-end|p2a: Weezing|ability: Neutralizing Gas
|switch|p2a: Corviknight|Corviknight, M|100/100
|-ability|p2a: Corviknight|Pressure
|move|p1a: Hatterene|Nuzzle|p2a: Corviknight
|-supereffective|p2a: Corviknight
|-damage|p2a: Corviknight|95/100
|-status|p2a: Corviknight|par
|
|-heal|p2a: Corviknight|100/100 par|[from] item: Leftovers
|upkeep
|turn|4
|
|t:|1760741441
|move|p1a: Hatterene|Mystical Fire|p2a: Corviknight
|-supereffective|p2a: Corviknight
|-damage|p2a: Corviknight|53/100 par
|-unboost|p2a: Corviknight|spa|1
|move|p2a: Corviknight|U-turn|p1a: Hatterene
|-damage|p1a: Hatterene|88/100
|inactive|ice spice enjoyer has 120 seconds left.
|
|t:|1760741454
|switch|p2a: Ting-Lu|Ting-Lu|100/100|[from] U-turn
|-ability|p2a: Ting-Lu|Vessel of Ruin
|
|upkeep
|turn|5
|
|t:|1760741461
|move|p2a: Ting-Lu|Ruination|p1a: Hatterene
|-damage|p1a: Hatterene|44/100
|move|p1a: Hatterene|Draining Kiss|p2a: Ting-Lu
|-supereffective|p2a: Ting-Lu
|-damage|p2a: Ting-Lu|79/100
|-heal|p1a: Hatterene|70/100|[from] drain|[of] p2a: Ting-Lu
|
|-heal|p2a: Ting-Lu|86/100|[from] item: Leftovers
|upkeep
|turn|6
|
|t:|1760741472
|switch|p1a: Landorus|Landorus-Therian, M|100/100
|-ability|p1a: Landorus|Intimidate|boost
|-unboost|p2a: Ting-Lu|atk|1
|move|p2a: Ting-Lu|Earthquake|p1a: Landorus
|-immune|p1a: Landorus
|
|-heal|p2a: Ting-Lu|92/100|[from] item: Leftovers
|upkeep
|turn|7
|
|t:|1760741484
|move|p1a: Landorus|U-turn|p2a: Ting-Lu
|-supereffective|p2a: Ting-Lu
|-damage|p2a: Ting-Lu|66/100
|
|t:|1760741487
|switch|p1a: Scizor|Scizor, F|67/100|[from] U-turn
|move|p2a: Ting-Lu|Ruination|p1a: Scizor
|-damage|p1a: Scizor|34/100
|-enditem|p1a: Scizor|Sitrus Berry|[eat]
|-heal|p1a: Scizor|59/100|[from] item: Sitrus Berry
|
|-heal|p2a: Ting-Lu|72/100|[from] item: Leftovers
|upkeep
|turn|8
|j| Nikator98
|l| Nikator98
|inactive|ice spice enjoyer has 120 seconds left.
|
|t:|1760741523
|switch|p2a: Alomomola|Alomomola, M|100/100
|move|p1a: Scizor|U-turn|p2a: Alomomola
|-damage|p2a: Alomomola|75/100
|
|t:|1760741539
|switch|p1a: Meowscarada|Meowscarada, F|100/100|[from] U-turn
|
|upkeep
|turn|9
|
|t:|1760741543
|move|p2a: Alomomola|Protect|p2a: Alomomola
|-singleturn|p2a: Alomomola|Protect
|move|p1a: Meowscarada|Triple Axel|p2a: Alomomola
|-start|p1a: Meowscarada|typechange|Ice|[from] ability: Protean
|-activate|p2a: Alomomola|move: Protect
|
|upkeep
|turn|10
|
|t:|1760741550
|switch|p1a: Raging Bolt|Raging Bolt|100/100
|move|p2a: Alomomola|Flip Turn|p1a: Raging Bolt
|-resisted|p1a: Raging Bolt
|-damage|p1a: Raging Bolt|93/100
|
|t:|1760741557
|switch|p2a: Ting-Lu|Ting-Lu|72/100|[from] Flip Turn
|-ability|p2a: Ting-Lu|Vessel of Ruin
|
|-heal|p2a: Ting-Lu|78/100|[from] item: Leftovers
|upkeep
|turn|11
|
|t:|1760741567
|-end|p1a: Raging Bolt|Protosynthesis|[silent]
|switch|p1a: Landorus|Landorus-Therian, M|100/100
|-ability|p1a: Landorus|Intimidate|boost
|-unboost|p2a: Ting-Lu|atk|1
|move|p2a: Ting-Lu|Ruination|p1a: Landorus
|-damage|p1a: Landorus|50/100
|
|-heal|p2a: Ting-Lu|85/100|[from] item: Leftovers
|upkeep
|turn|12
|
|t:|1760741577
|switch|p2a: Corviknight|Corviknight, M|53/100 par
|-ability|p2a: Corviknight|Pressure
|move|p1a: Landorus|Stealth Rock|p2a: Corviknight
|-sidestart|p2: ice spice enjoyer|move: Stealth Rock
|
|-heal|p2a: Corviknight|59/100 par|[from] item: Leftovers
|upkeep
|turn|13
|
|t:|1760741585
|switch|p2a: Alomomola|Alomomola, M|100/100
|-damage|p2a: Alomomola|88/100|[from] Stealth Rock
|move|p1a: Landorus|U-turn|p2a: Alomomola
|-damage|p2a: Alomomola|74/100
|
|t:|1760741594
|switch|p1a: Raging Bolt|Raging Bolt|93/100|[from] U-turn
|
|upkeep
|turn|14
|
|t:|1760741599
|move|p2a: Alomomola|Protect|p2a: Alomomola
|-singleturn|p2a: Alomomola|Protect
|move|p1a: Raging Bolt|Volt Switch|p2a: Alomomola
|-activate|p2a: Alomomola|move: Protect
|
|upkeep
|turn|15
|
|t:|1760741605
|switch|p2a: Ting-Lu|Ting-Lu|85/100
|-damage|p2a: Ting-Lu|78/100|[from] Stealth Rock
|-ability|p2a: Ting-Lu|Vessel of Ruin
|move|p1a: Raging Bolt|Draco Meteor|p2a: Ting-Lu
|-damage|p2a: Ting-Lu|46/100
|-unboost|p1a: Raging Bolt|spa|2
|
|-heal|p2a: Ting-Lu|52/100|[from] item: Leftovers
|upkeep
|turn|16
|
|t:|1760741634
|-end|p1a: Raging Bolt|Protosynthesis|[silent]
|switch|p1a: Hatterene|Hatterene, F|70/100
|move|p2a: Ting-Lu|Stealth Rock|p1a: Hatterene
|move|p1a: Hatterene|Stealth Rock||[from] ability: Magic Bounce|[still]
|-fail|p1a: Hatterene
|
|-heal|p2a: Ting-Lu|58/100|[from] item: Leftovers
|upkeep
|turn|17
|inactive|meowscardaily has 120 seconds left.
|inactive|ice spice enjoyer has 120 seconds left.
|
|t:|1760741682
|move|p2a: Ting-Lu|Earthquake|p1a: Hatterene
|-damage|p1a: Hatterene|41/100
|move|p1a: Hatterene|Draining Kiss|p2a: Ting-Lu
|-supereffective|p2a: Ting-Lu
|-damage|p2a: Ting-Lu|39/100
|-heal|p1a: Hatterene|64/100|[from] drain|[of] p2a: Ting-Lu
|
|-heal|p2a: Ting-Lu|45/100|[from] item: Leftovers
|upkeep
|turn|18
|l| just-jaype
|inactive|ice spice enjoyer has 90 seconds left.
|
|t:|1760741726
|move|p2a: Ting-Lu|Earthquake|p1a: Hatterene
|-damage|p1a: Hatterene|35/100
|move|p1a: Hatterene|Draining Kiss|p2a: Ting-Lu
|-supereffective|p2a: Ting-Lu
|-damage|p2a: Ting-Lu|25/100
|-heal|p1a: Hatterene|59/100|[from] drain|[of] p2a: Ting-Lu
|
|-heal|p2a: Ting-Lu|31/100|[from] item: Leftovers
|upkeep
|turn|19
|inactive|ice spice enjoyer has 60 seconds left.
|
|t:|1760741767
|switch|p2a: Corviknight|Corviknight, M|59/100 par
|-damage|p2a: Corviknight|47/100 par|[from] Stealth Rock
|-ability|p2a: Corviknight|Pressure
|move|p1a: Hatterene|Draining Kiss|p2a: Corviknight
|-resisted|p2a: Corviknight
|-damage|p2a: Corviknight|36/100 par
|-heal|p1a: Hatterene|69/100|[from] drain|[of] p2a: Corviknight
|
|-heal|p2a: Corviknight|42/100 par|[from] item: Leftovers
|upkeep
|turn|20
|
|t:|1760741773
|switch|p2a: Alomomola|Alomomola, M|100/100
|-damage|p2a: Alomomola|88/100|[from] Stealth Rock
|move|p1a: Hatterene|Mystical Fire|p2a: Alomomola
|-resisted|p2a: Alomomola
|-damage|p2a: Alomomola|78/100
|-unboost|p2a: Alomomola|spa|1
|
|upkeep
|turn|21
|
|t:|1760741780
|move|p2a: Alomomola|Flip Turn|p1a: Hatterene
|-damage|p1a: Hatterene|56/100
|
|t:|1760741790
|switch|p2a: Ting-Lu|Ting-Lu|31/100|[from] Flip Turn
|-damage|p2a: Ting-Lu|25/100|[from] Stealth Rock
|-ability|p2a: Ting-Lu|Vessel of Ruin
|move|p1a: Hatterene|Psychic Noise|p2a: Ting-Lu
|-immune|p2a: Ting-Lu
|
|-heal|p2a: Ting-Lu|31/100|[from] item: Leftovers
|upkeep
|turn|22
|inactive|ice spice enjoyer has 60 seconds left.
|
|t:|1760741799
|switch|p2a: Alomomola|Alomomola, M|100/100
|-damage|p2a: Alomomola|88/100|[from] Stealth Rock
|move|p1a: Hatterene|Draining Kiss|p2a: Alomomola
|-damage|p2a: Alomomola|69/100
|-heal|p1a: Hatterene|77/100|[from] drain|[of] p2a: Alomomola
|
|upkeep
|turn|23
|
|t:|1760741807
|move|p2a: Alomomola|Wish|p2a: Alomomola
|move|p1a: Hatterene|Psychic Noise|p2a: Alomomola
|-damage|p2a: Alomomola|41/100
|-start|p2a: Alomomola|move: Heal Block
|
|upkeep
|turn|24
|
|t:|1760741819
|switch|p2a: Ting-Lu|Ting-Lu|31/100
|-damage|p2a: Ting-Lu|25/100|[from] Stealth Rock
|-ability|p2a: Ting-Lu|Vessel of Ruin
|move|p1a: Hatterene|Draining Kiss|p2a: Ting-Lu
|-supereffective|p2a: Ting-Lu
|-damage|p2a: Ting-Lu|8/100
|-heal|p1a: Hatterene|98/100|[from] drain|[of] p2a: Ting-Lu
|
|-heal|p2a: Ting-Lu|53/100|[from] move: Wish|[wisher] Alomomola
|-heal|p2a: Ting-Lu|60/100|[from] item: Leftovers
|upkeep
|turn|25
|
|t:|1760741835
|move|p2a: Ting-Lu|Earthquake|p1a: Hatterene
|-damage|p1a: Hatterene|68/100
|move|p1a: Hatterene|Draining Kiss|p2a: Ting-Lu
|-supereffective|p2a: Ting-Lu
|-damage|p2a: Ting-Lu|39/100
|-heal|p1a: Hatterene|93/100|[from] drain|[of] p2a: Ting-Lu
|
|-heal|p2a: Ting-Lu|46/100|[from] item: Leftovers
|upkeep
|turn|26
|
|t:|1760741838
|switch|p2a: Alomomola|Alomomola, M|74/100
|-damage|p2a: Alomomola|62/100|[from] Stealth Rock
|move|p1a: Hatterene|Draining Kiss|p2a: Alomomola
|-damage|p2a: Alomomola|42/100
|-heal|p1a: Hatterene|100/100|[from] drain|[of] p2a: Alomomola
|
|upkeep
|turn|27
|
|t:|1760741845
|move|p2a: Alomomola|Wish|p2a: Alomomola
|move|p1a: Hatterene|Psychic Noise|p2a: Alomomola
|-damage|p2a: Alomomola|12/100
|-start|p2a: Alomomola|move: Heal Block
|
|upkeep
|turn|28
|
|t:|1760741854
|switch|p2a: Ting-Lu|Ting-Lu|46/100
|-damage|p2a: Ting-Lu|39/100|[from] Stealth Rock
|-ability|p2a: Ting-Lu|Vessel of Ruin
|move|p1a: Hatterene|Draining Kiss|p2a: Ting-Lu
|-supereffective|p2a: Ting-Lu
|-damage|p2a: Ting-Lu|20/100
|
|-heal|p2a: Ting-Lu|66/100|[from] move: Wish|[wisher] Alomomola
|-heal|p2a: Ting-Lu|72/100|[from] item: Leftovers
|upkeep
|turn|29
|inactive|ice spice enjoyer has 90 seconds left.
|
|t:|1760741872
|switch|p2a: Corviknight|Corviknight, M|42/100 par
|-damage|p2a: Corviknight|30/100 par|[from] Stealth Rock
|-ability|p2a: Corviknight|Pressure
|move|p1a: Hatterene|Draining Kiss|p2a: Corviknight
|-resisted|p2a: Corviknight
|-damage|p2a: Corviknight|20/100 par
|
|-heal|p2a: Corviknight|26/100 par|[from] item: Leftovers
|upkeep
|turn|30
|inactive|ice spice enjoyer has 90 seconds left.
|
|t:|1760741883
|switch|p2a: Alomomola|Alomomola, M|45/100
|-damage|p2a: Alomomola|32/100|[from] Stealth Rock
|move|p1a: Hatterene|Psychic Noise|p2a: Alomomola
|-damage|p2a: Alomomola|3/100
|-start|p2a: Alomomola|move: Heal Block
|
|upkeep
|turn|31
|inactive|ice spice enjoyer has 90 seconds left.
|
|t:|1760741893
|switch|p1a: Landorus|Landorus-Therian, M|50/100
|-ability|p1a: Landorus|Intimidate|boost
|-unboost|p2a: Alomomola|atk|1
|move|p2a: Alomomola|Protect||[still]
|-fail|p2a: Alomomola
|
|-end|p2a: Alomomola|move: Heal Block
|upkeep
|turn|32
|
|t:|1760741903
|switch|p2a: Corviknight|Corviknight, M|26/100 par
|-damage|p2a: Corviknight|13/100 par|[from] Stealth Rock
|-ability|p2a: Corviknight|Pressure
|move|p1a: Landorus|U-turn|p2a: Corviknight
|-resisted|p2a: Corviknight
|-damage|p2a: Corviknight|10/100 par
|
|t:|1760741920
|switch|p1a: Meowscarada|Meowscarada, F|100/100|[from] U-turn
|
|-heal|p2a: Corviknight|16/100 par|[from] item: Leftovers
|upkeep
|turn|33
|
|t:|1760741930
|switch|p2a: Weezing|Weezing-Galar, M|99/100
|-ability|p2a: Weezing|Neutralizing Gas
|-damage|p2a: Weezing|88/100|[from] Stealth Rock
|move|p1a: Meowscarada|Knock Off|p2a: Weezing
|-resisted|p2a: Weezing
|-damage|p2a: Weezing|68/100
|-enditem|p2a: Weezing|Leftovers|[from] move: Knock Off|[of] p1a: Meowscarada
|
|upkeep
|turn|34
|
|t:|1760741950
|switch|p1a: Hatterene|Hatterene, F|100/100
|move|p2a: Weezing|Will-O-Wisp|p1a: Hatterene
|-status|p1a: Hatterene|brn
|
|-damage|p1a: Hatterene|95/100 brn|[from] brn
|upkeep
|turn|35
|
|t:|1760741962
|switch|p1a: Scizor|Scizor, F|59/100
|move|p2a: Weezing|Protect||[still]
|-fail|p2a: Weezing
|
|upkeep
|turn|36
|inactive|ice spice enjoyer has 90 seconds left.
|
|t:|1760741985
|move|p1a: Scizor|U-turn|p2a: Weezing
|-resisted|p2a: Weezing
|-damage|p2a: Weezing|61/100
|
|t:|1760741989
|switch|p1a: Hatterene|Hatterene, F|95/100 brn|[from] U-turn
|move|p2a: Weezing|Will-O-Wisp|p1a: Hatterene
|-fail|p1a: Hatterene|brn
|
|-damage|p1a: Hatterene|89/100 brn|[from] brn
|upkeep
|turn|37
|
|t:|1760741996
|move|p2a: Weezing|Protect|p2a: Weezing
|-singleturn|p2a: Weezing|Protect
|move|p1a: Hatterene|Psychic Noise|p2a: Weezing
|-activate|p2a: Weezing|move: Protect
|
|-damage|p1a: Hatterene|83/100 brn|[from] brn
|upkeep
|turn|38
|
|t:|1760742003
|-end|p2a: Weezing|ability: Neutralizing Gas
|switch|p2a: Ting-Lu|Ting-Lu|72/100
|-damage|p2a: Ting-Lu|66/100|[from] Stealth Rock
|-ability|p2a: Ting-Lu|Vessel of Ruin
|switch|p1a: Scizor|Scizor, F|59/100
|
|-heal|p2a: Ting-Lu|72/100|[from] item: Leftovers
|upkeep
|turn|39
|
|t:|1760742016
|switch|p2a: Weezing|Weezing-Galar, M|61/100
|-ability|p2a: Weezing|Neutralizing Gas
|-damage|p2a: Weezing|48/100|[from] Stealth Rock
|move|p1a: Scizor|U-turn|p2a: Weezing
|-resisted|p2a: Weezing
|-damage|p2a: Weezing|42/100
|
|t:|1760742029
|switch|p1a: Landorus|Landorus-Therian, M|50/100|[from] U-turn
|
|upkeep
|turn|40
|inactive|ice spice enjoyer has 120 seconds left.
|
|t:|1760742051
|-end|p2a: Weezing|ability: Neutralizing Gas
|-ability|p1a: Landorus|Intimidate|boost
|-unboost|p2a: Weezing|atk|1
|switch|p2a: Corviknight|Corviknight, M|16/100 par
|-damage|p2a: Corviknight|4/100 par|[from] Stealth Rock
|-ability|p2a: Corviknight|Pressure
|move|p1a: Landorus|Earthquake|p2a: Corviknight
|-immune|p2a: Corviknight
|
|-heal|p2a: Corviknight|10/100 par|[from] item: Leftovers
|upkeep
|turn|41
|
|t:|1760742062
|move|p1a: Landorus|Stone Edge|p2a: Corviknight|[miss]
|-miss|p1a: Landorus|p2a: Corviknight
|move|p2a: Corviknight|Roost|p2a: Corviknight
|-heal|p2a: Corviknight|60/100 par
|-singleturn|p2a: Corviknight|move: Roost
|
|-heal|p2a: Corviknight|66/100 par|[from] item: Leftovers
|upkeep
|turn|42
|c|☆ice spice enjoyer|Unlucky
|
|t:|1760742075
|switch|p1a: Raging Bolt|Raging Bolt|93/100
|move|p2a: Corviknight|Defog|p1a: Raging Bolt
|-unboost|p1a: Raging Bolt|evasion|1
|-sideend|p2: ice spice enjoyer|Stealth Rock|[from] move: Defog|[of] p2a: Corviknight
|
|-heal|p2a: Corviknight|72/100 par|[from] item: Leftovers
|upkeep
|turn|43
|c|☆meowscardaily|Should have clicked edge the first time any way
|c|☆meowscardaily|my fault
|
|t:|1760742100
|-end|p1a: Raging Bolt|Protosynthesis|[silent]
|switch|p1a: Meowscarada|Meowscarada, F|100/100
|switch|p2a: Ting-Lu|Ting-Lu|72/100
|-ability|p2a: Ting-Lu|Vessel of Ruin
|
|-heal|p2a: Ting-Lu|79/100|[from] item: Leftovers
|upkeep
|turn|44
|inactive|ice spice enjoyer has 120 seconds left.
|
|t:|1760742112
|switch|p2a: Alomomola|Alomomola, M|36/100
|move|p1a: Meowscarada|Triple Axel|p2a: Alomomola
|-start|p1a: Meowscarada|typechange|Ice|[from] ability: Protean
|-resisted|p2a: Alomomola
|-damage|p2a: Alomomola|32/100
|-resisted|p2a: Alomomola
|-damage|p2a: Alomomola|24/100
|-resisted|p2a: Alomomola
|-damage|p2a: Alomomola|11/100
|-hitcount|p2a: Alomomola|3
|
|upkeep
|turn|45
|inactive|ice spice enjoyer has 120 seconds left.
|inactive|ice spice enjoyer has 90 seconds left.
|
|t:|1760742166
|switch|p2a: Zamazenta|Zamazenta|100/100
|-ability|p2a: Zamazenta|Dauntless Shield|boost
|-boost|p2a: Zamazenta|def|1
|move|p1a: Meowscarada|Triple Axel|p2a: Zamazenta
|-damage|p2a: Zamazenta|93/100
|-damage|p2a: Zamazenta|77/100
|-damage|p2a: Zamazenta|55/100
|-hitcount|p2a: Zamazenta|3
|
|-heal|p2a: Zamazenta|61/100|[from] item: Leftovers
|upkeep
|turn|46
|
|t:|1760742186
|switch|p1a: Hatterene|Hatterene, F|83/100 brn
|move|p2a: Zamazenta|Heavy Slam|p1a: Hatterene
|-supereffective|p1a: Hatterene
|-damage|p1a: Hatterene|20/100 brn
|
|-heal|p2a: Zamazenta|67/100|[from] item: Leftovers
|-damage|p1a: Hatterene|14/100 brn|[from] brn
|upkeep
|turn|47
|
|t:|1760742192
|move|p2a: Zamazenta|Crunch|p1a: Hatterene
|-damage|p1a: Hatterene|0 fnt
|faint|p1a: Hatterene
|
|-heal|p2a: Zamazenta|73/100|[from] item: Leftovers
|upkeep
|
|t:|1760742203
|switch|p1a: Raging Bolt|Raging Bolt|93/100
|turn|48
|
|t:|1760742213
|switch|p2a: Ting-Lu|Ting-Lu|79/100
|-ability|p2a: Ting-Lu|Vessel of Ruin
|move|p1a: Raging Bolt|Draco Meteor|p2a: Ting-Lu
|-damage|p2a: Ting-Lu|45/100
|-unboost|p1a: Raging Bolt|spa|2
|
|-heal|p2a: Ting-Lu|51/100|[from] item: Leftovers
|upkeep
|turn|49
|
|t:|1760742223
|move|p1a: Raging Bolt|Taunt|p2a: Ting-Lu
|-start|p2a: Ting-Lu|move: Taunt
|cant|p2a: Ting-Lu|move: Taunt|Stealth Rock
|
|-heal|p2a: Ting-Lu|58/100|[from] item: Leftovers
|upkeep
|turn|50
|
|t:|1760742233
|-end|p1a: Raging Bolt|Protosynthesis|[silent]
|switch|p1a: Landorus|Landorus-Therian, M|50/100
|-ability|p1a: Landorus|Intimidate|boost
|-unboost|p2a: Ting-Lu|atk|1
|switch|p2a: Alomomola|Alomomola, M|44/100
|
|upkeep
|turn|51
|
|t:|1760742254
|move|p1a: Landorus|Earthquake|p2a: Alomomola
|-damage|p2a: Alomomola|17/100
|move|p2a: Alomomola|Wish|p2a: Alomomola
|
|upkeep
|turn|52
|
|t:|1760742260
|move|p2a: Alomomola|Protect|p2a: Alomomola
|-singleturn|p2a: Alomomola|Protect
|move|p1a: Landorus|Stealth Rock|p2a: Alomomola
|-sidestart|p2: ice spice enjoyer|move: Stealth Rock
|
|-heal|p2a: Alomomola|67/100|[from] move: Wish|[wisher] Alomomola
|upkeep
|turn|53
|
|t:|1760742278
|switch|p1a: Meowscarada|Meowscarada, F|100/100
|move|p2a: Alomomola|Wish|p2a: Alomomola
|
|upkeep
|turn|54
|
|t:|1760742290
|move|p2a: Alomomola|Protect|p2a: Alomomola
|-singleturn|p2a: Alomomola|Protect
|move|p1a: Meowscarada|Flower Trick|p2a: Alomomola
|-start|p1a: Meowscarada|typechange|Grass|[from] ability: Protean
|-activate|p2a: Alomomola|move: Protect
|
|-heal|p2a: Alomomola|100/100|[from] move: Wish|[wisher] Alomomola
|upkeep
|turn|55
|
|t:|1760742300
|switch|p1a: Raging Bolt|Raging Bolt|93/100
|switch|p2a: Corviknight|Corviknight, M|72/100 par
|-damage|p2a: Corviknight|60/100 par|[from] Stealth Rock
|-ability|p2a: Corviknight|Pressure
|
|-heal|p2a: Corviknight|66/100 par|[from] item: Leftovers
|upkeep
|turn|56
|j| jeffbuckleyenjoyer
|
|t:|1760742314
|-end|p1a: Raging Bolt|Protosynthesis|[silent]
|switch|p1a: Meowscarada|Meowscarada, F|100/100
|switch|p2a: Ting-Lu|Ting-Lu|58/100
|-damage|p2a: Ting-Lu|51/100|[from] Stealth Rock
|-ability|p2a: Ting-Lu|Vessel of Ruin
|
|-heal|p2a: Ting-Lu|58/100|[from] item: Leftovers
|upkeep
|turn|57
|j| samurajen
|inactive|ice spice enjoyer has 120 seconds left.
|inactive|meowscardaily has 120 seconds left.
|inactive|ice spice enjoyer has 90 seconds left.
|
|t:|1760742373
|switch|p2a: Corviknight|Corviknight, M|66/100 par
|-damage|p2a: Corviknight|54/100 par|[from] Stealth Rock
|-ability|p2a: Corviknight|Pressure
|move|p1a: Meowscarada|Triple Axel|p2a: Corviknight
|-start|p1a: Meowscarada|typechange|Ice|[from] ability: Protean
|-damage|p2a: Corviknight|45/100 par
|-hitcount|p2a: Corviknight|1
|
|-heal|p2a: Corviknight|51/100 par|[from] item: Leftovers
|upkeep
|turn|58
|inactive|ice spice enjoyer has 90 seconds left.
|inactive|meowscardaily has 120 seconds left.
|
|t:|1760742386
|switch|p1a: Raging Bolt|Raging Bolt|93/100
|switch|p2a: Alomomola|Alomomola, M|100/100
|-damage|p2a: Alomomola|88/100|[from] Stealth Rock
|
|upkeep
|turn|59
|inactive|ice spice enjoyer has 90 seconds left.
|inactive|meowscardaily has 120 seconds left.
|inactive|ice spice enjoyer has 60 seconds left.
|
|t:|1760742421
|move|p1a: Raging Bolt|Volt Switch|p2a: Alomomola
|-supereffective|p2a: Alomomola
|-damage|p2a: Alomomola|13/100
|j| Trucker Hat Mew
|inactive|meowscardaily has 120 seconds left.
|
|t:|1760742430
|-end|p1a: Raging Bolt|Protosynthesis|[silent]
|switch|p1a: Landorus|Landorus-Therian, M|50/100|[from] Volt Switch
|-ability|p1a: Landorus|Intimidate|boost
|-unboost|p2a: Alomomola|atk|1
|move|p2a: Alomomola|Wish|p2a: Alomomola
|
|upkeep
|turn|60
|inactive|meowscardaily has 120 seconds left.
|inactive|ice spice enjoyer has 60 seconds left.
|
|t:|1760742446
|switch|p1a: Raging Bolt|Raging Bolt|93/100
|move|p2a: Alomomola|Protect||[still]
|-fail|p2a: Alomomola
|
|-heal|p2a: Alomomola|63/100|[from] move: Wish|[wisher] Alomomola
|upkeep
|turn|61
|
|t:|1760742453
|move|p2a: Alomomola|Protect|p2a: Alomomola
|-singleturn|p2a: Alomomola|Protect
|move|p1a: Raging Bolt|Volt Switch|p2a: Alomomola
|-activate|p2a: Alomomola|move: Protect
|
|upkeep
|turn|62
|
|t:|1760742458
|-end|p1a: Raging Bolt|Protosynthesis|[silent]
|switch|p1a: Meowscarada|Meowscarada, F|100/100
|switch|p2a: Ting-Lu|Ting-Lu|58/100
|-damage|p2a: Ting-Lu|51/100|[from] Stealth Rock
|-ability|p2a: Ting-Lu|Vessel of Ruin
|
|-heal|p2a: Ting-Lu|58/100|[from] item: Leftovers
|upkeep
|turn|63
|
|t:|1760742481
|switch|p2a: Corviknight|Corviknight, M|51/100 par
|-damage|p2a: Corviknight|39/100 par|[from] Stealth Rock
|-ability|p2a: Corviknight|Pressure
|move|p1a: Meowscarada|Flower Trick|p2a: Corviknight
|-start|p1a: Meowscarada|typechange|Grass|[from] ability: Protean
|-resisted|p2a: Corviknight
|-crit|p2a: Corviknight
|-damage|p2a: Corviknight|28/100 par
|
|-heal|p2a: Corviknight|34/100 par|[from] item: Leftovers
|upkeep
|turn|64
|inactive|meowscardaily has 120 seconds left.
|
|t:|1760742497
|switch|p1a: Raging Bolt|Raging Bolt|93/100
|move|p2a: Corviknight|Defog|p1a: Raging Bolt
|-unboost|p1a: Raging Bolt|evasion|1
|-sideend|p2: ice spice enjoyer|Stealth Rock|[from] move: Defog|[of] p2a: Corviknight
|
|-heal|p2a: Corviknight|40/100 par|[from] item: Leftovers
|upkeep
|turn|65
|inactive|meowscardaily has 120 seconds left.
|
|t:|1760742513
|switch|p2a: Ting-Lu|Ting-Lu|58/100
|-ability|p2a: Ting-Lu|Vessel of Ruin
|move|p1a: Raging Bolt|Volt Switch|p2a: Ting-Lu
|-immune|p2a: Ting-Lu
|
|-heal|p2a: Ting-Lu|64/100|[from] item: Leftovers
|upkeep
|turn|66
|inactive|meowscardaily has 120 seconds left.
|
|t:|1760742528
|-end|p1a: Raging Bolt|Protosynthesis|[silent]
|switch|p1a: Landorus|Landorus-Therian, M|50/100
|-ability|p1a: Landorus|Intimidate|boost
|-unboost|p2a: Ting-Lu|atk|1
|move|p2a: Ting-Lu|Ruination|p1a: Landorus
|-damage|p1a: Landorus|26/100
|
|-heal|p2a: Ting-Lu|70/100|[from] item: Leftovers
|upkeep
|turn|67
|
|t:|1760742539
|switch|p2a: Corviknight|Corviknight, M|40/100 par
|-ability|p2a: Corviknight|Pressure
|move|p1a: Landorus|Stealth Rock|p2a: Corviknight
|-sidestart|p2: ice spice enjoyer|move: Stealth Rock
|
|-heal|p2a: Corviknight|46/100 par|[from] item: Leftovers
|upkeep
|turn|68
|
|t:|1760742546
|switch|p1a: Raging Bolt|Raging Bolt|93/100
|move|p2a: Corviknight|Defog|p1a: Raging Bolt
|-unboost|p1a: Raging Bolt|evasion|1
|-sideend|p2: ice spice enjoyer|Stealth Rock|[from] move: Defog|[of] p2a: Corviknight
|
|-heal|p2a: Corviknight|52/100 par|[from] item: Leftovers
|upkeep
|turn|69
|
|t:|1760742552
|-end|p1a: Raging Bolt|Protosynthesis|[silent]
|switch|p1a: Meowscarada|Meowscarada, F|100/100
|switch|p2a: Ting-Lu|Ting-Lu|70/100
|-ability|p2a: Ting-Lu|Vessel of Ruin
|
|-heal|p2a: Ting-Lu|76/100|[from] item: Leftovers
|upkeep
|turn|70
|
|t:|1760742556
|switch|p2a: Corviknight|Corviknight, M|52/100 par
|-ability|p2a: Corviknight|Pressure
|move|p1a: Meowscarada|Triple Axel|p2a: Corviknight
|-start|p1a: Meowscarada|typechange|Ice|[from] ability: Protean
|-damage|p2a: Corviknight|44/100 par
|-damage|p2a: Corviknight|28/100 par
|-damage|p2a: Corviknight|3/100 par
|-hitcount|p2a: Corviknight|3
|
|-heal|p2a: Corviknight|9/100 par|[from] item: Leftovers
|upkeep
|turn|71
|j| IM AT MY LIMIT
|inactive|ice spice enjoyer has 90 seconds left.
|
|t:|1760742576
|switch|p1a: Raging Bolt|Raging Bolt|93/100
|switch|p2a: Alomomola|Alomomola, M|96/100
|
|upkeep
|turn|72
|
|t:|1760742594
|-end|p1a: Raging Bolt|Protosynthesis|[silent]
|switch|p1a: Meowscarada|Meowscarada, F|100/100
|switch|p2a: Ting-Lu|Ting-Lu|76/100
|-ability|p2a: Ting-Lu|Vessel of Ruin
|
|-heal|p2a: Ting-Lu|83/100|[from] item: Leftovers
|upkeep
|turn|73
|
|t:|1760742601
|switch|p2a: Corviknight|Corviknight, M|9/100 par
|-ability|p2a: Corviknight|Pressure
|move|p1a: Meowscarada|Flower Trick|p2a: Corviknight
|-start|p1a: Meowscarada|typechange|Grass|[from] ability: Protean
|-resisted|p2a: Corviknight
|-crit|p2a: Corviknight
|-damage|p2a: Corviknight|0 fnt
|faint|p2a: Corviknight
|
|upkeep
|c|☆meowscardaily|DIE CORV DIR
|
|t:|1760742620
|switch|p2a: Deoxys|Deoxys-Speed|100/100
|-ability|p2a: Deoxys|Pressure
|turn|74
|
|t:|1760742633
|switch|p1a: Scizor|Scizor, F|59/100
|move|p2a: Deoxys|Psycho Boost|p1a: Scizor
|-resisted|p1a: Scizor
|-damage|p1a: Scizor|10/100
|-unboost|p2a: Deoxys|spa|2
|-damage|p2a: Deoxys|91/100|[from] item: Life Orb
|
|upkeep
|turn|75
|
|t:|1760742653
|switch|p2a: Alomomola|Alomomola, M|100/100
|switch|p1a: Raging Bolt|Raging Bolt|93/100
|
|upkeep
|turn|76
|
|t:|1760742659
|-end|p1a: Raging Bolt|Protosynthesis|[silent]
|switch|p1a: Meowscarada|Meowscarada, F|100/100
|move|p2a: Alomomola|Flip Turn|p1a: Meowscarada
|-resisted|p1a: Meowscarada
|-damage|p1a: Meowscarada|88/100
|
|t:|1760742670
|switch|p2a: Zamazenta|Zamazenta|73/100|[from] Flip Turn
|
|-heal|p2a: Zamazenta|79/100|[from] item: Leftovers
|upkeep
|turn|77
|j| taw
|
|t:|1760742686
|switch|p1a: Landorus|Landorus-Therian, M|26/100
|-ability|p1a: Landorus|Intimidate|boost
|-unboost|p2a: Zamazenta|atk|1
|move|p2a: Zamazenta|Body Press|p1a: Landorus
|-resisted|p1a: Landorus
|-damage|p1a: Landorus|7/100
|-damage|p2a: Zamazenta|63/100|[from] item: Rocky Helmet|[of] p1a: Landorus
|
|-heal|p2a: Zamazenta|69/100|[from] item: Leftovers
|upkeep
|turn|78
|
|t:|1760742698
|move|p2a: Zamazenta|Iron Defense|p2a: Zamazenta
|-boost|p2a: Zamazenta|def|2
|move|p1a: Landorus|Earthquake|p2a: Zamazenta
|-damage|p2a: Zamazenta|50/100
|
|-heal|p2a: Zamazenta|56/100|[from] item: Leftovers
|upkeep
|turn|79
|
|t:|1760742707
|move|p2a: Zamazenta|Iron Defense|p2a: Zamazenta
|-boost|p2a: Zamazenta|def|2
|move|p1a: Landorus|Stealth Rock|p2a: Zamazenta
|-sidestart|p2: ice spice enjoyer|move: Stealth Rock
|
|-heal|p2a: Zamazenta|62/100|[from] item: Leftovers
|upkeep
|turn|80
|
|t:|1760742715
|move|p2a: Zamazenta|Iron Defense|p2a: Zamazenta
|-boost|p2a: Zamazenta|def|2
|move|p1a: Landorus|U-turn|p2a: Zamazenta
|-resisted|p2a: Zamazenta
|-damage|p2a: Zamazenta|60/100
|
|t:|1760742720
|switch|p1a: Raging Bolt|Raging Bolt|93/100|[from] U-turn
|
|-heal|p2a: Zamazenta|66/100|[from] item: Leftovers
|upkeep
|turn|81
|j| 12723 Dong
|
|t:|1760742730
|switch|p2a: Ting-Lu|Ting-Lu|83/100
|-damage|p2a: Ting-Lu|76/100|[from] Stealth Rock
|-ability|p2a: Ting-Lu|Vessel of Ruin
|-terastallize|p1a: Raging Bolt|Fairy
|move|p1a: Raging Bolt|Draco Meteor|p2a: Ting-Lu
|-damage|p2a: Ting-Lu|46/100
|-unboost|p1a: Raging Bolt|spa|2
|
|-heal|p2a: Ting-Lu|53/100|[from] item: Leftovers
|upkeep
|turn|82
|
|t:|1760742747
|move|p1a: Raging Bolt|Taunt|p2a: Ting-Lu
|-start|p2a: Ting-Lu|move: Taunt
|move|p2a: Ting-Lu|Earthquake|p1a: Raging Bolt
|-damage|p1a: Raging Bolt|60/100
|
|-heal|p2a: Ting-Lu|59/100|[from] item: Leftovers
|upkeep
|turn|83
|l| IM AT MY LIMIT
|
|t:|1760742759
|-end|p1a: Raging Bolt|Protosynthesis|[silent]
|switch|p1a: Landorus|Landorus-Therian, M|7/100
|-ability|p1a: Landorus|Intimidate|boost
|-unboost|p2a: Ting-Lu|atk|1
|switch|p2a: Alomomola|Alomomola, M|100/100
|-damage|p2a: Alomomola|88/100|[from] Stealth Rock
|
|upkeep
|turn|84
|
|t:|1760742774
|move|p1a: Landorus|U-turn|p2a: Alomomola
|-damage|p2a: Alomomola|74/100
|
|t:|1760742777
|switch|p1a: Raging Bolt|Raging Bolt, tera:Fairy|60/100|[from] U-turn
|move|p2a: Alomomola|Wish|p2a: Alomomola
|
|upkeep
|turn|85
|inactive|ice spice enjoyer has 90 seconds left.
|inactive|meowscardaily has 120 seconds left.
|
|t:|1760742813
|-end|p1a: Raging Bolt|Protosynthesis|[silent]
|switch|p1a: Meowscarada|Meowscarada, F|88/100
|switch|p2a: Ting-Lu|Ting-Lu|59/100
|-damage|p2a: Ting-Lu|53/100|[from] Stealth Rock
|-ability|p2a: Ting-Lu|Vessel of Ruin
|
|-heal|p2a: Ting-Lu|99/100|[from] move: Wish|[wisher] Alomomola
|-heal|p2a: Ting-Lu|100/100|[from] item: Leftovers
|upkeep
|turn|86
|inactive|meowscardaily has 120 seconds left.
|
|t:|1760742827
|switch|p2a: Weezing|Weezing-Galar, M|42/100
|-ability|p2a: Weezing|Neutralizing Gas
|-damage|p2a: Weezing|30/100|[from] Stealth Rock
|move|p1a: Meowscarada|Flower Trick|p2a: Weezing
|-resisted|p2a: Weezing
|-crit|p2a: Weezing
|-damage|p2a: Weezing|8/100
|
|upkeep
|turn|87
|
|t:|1760742835
|move|p1a: Meowscarada|Flower Trick|p2a: Weezing
|-resisted|p2a: Weezing
|-crit|p2a: Weezing
|-damage|p2a: Weezing|0 fnt
|faint|p2a: Weezing
|-end|p2a: Weezing|ability: Neutralizing Gas
|
|upkeep
|
|t:|1760742838
|switch|p2a: Deoxys|Deoxys-Speed|91/100
|-damage|p2a: Deoxys|78/100|[from] Stealth Rock
|-ability|p2a: Deoxys|Pressure
|turn|88
|inactive|ice spice enjoyer has 90 seconds left.
|l| Trucker Hat Mew
|inactive|meowscardaily has 120 seconds left.
|
|t:|1760742864
|move|p2a: Deoxys|Focus Blast|p1a: Meowscarada|[miss]
|-miss|p2a: Deoxys|p1a: Meowscarada
|move|p1a: Meowscarada|Flower Trick|p2a: Deoxys
|-start|p1a: Meowscarada|typechange|Grass|[from] ability: Protean
|-crit|p2a: Deoxys
|-damage|p2a: Deoxys|0 fnt
|faint|p2a: Deoxys
|
|upkeep
|inactive|ice spice enjoyer has 90 seconds left.
|
|t:|1760742873
|switch|p2a: Zamazenta|Zamazenta|66/100
|-damage|p2a: Zamazenta|60/100|[from] Stealth Rock
|turn|89
|
|t:|1760742876
|-terastallize|p2a: Zamazenta|Steel
|move|p2a: Zamazenta|Iron Defense|p2a: Zamazenta
|-boost|p2a: Zamazenta|def|2
|move|p1a: Meowscarada|Flower Trick|p2a: Zamazenta
|-resisted|p2a: Zamazenta
|-crit|p2a: Zamazenta
|-damage|p2a: Zamazenta|31/100
|
|-heal|p2a: Zamazenta|37/100|[from] item: Leftovers
|upkeep
|turn|90
|
|t:|1760742889
|switch|p1a: Zamazenta|Zamazenta, shiny|100/100
|-ability|p1a: Zamazenta|Dauntless Shield|boost
|-boost|p1a: Zamazenta|def|1
|move|p2a: Zamazenta|Body Press|p1a: Zamazenta
|-damage|p1a: Zamazenta|53/100
|
|-heal|p2a: Zamazenta|43/100|[from] item: Leftovers
|upkeep
|turn|91
|
|t:|1760742891
|move|p1a: Zamazenta|Close Combat|p2a: Zamazenta
|-supereffective|p2a: Zamazenta
|-damage|p2a: Zamazenta|0 fnt
|-unboost|p1a: Zamazenta|def|1
|-unboost|p1a: Zamazenta|spd|1
|faint|p2a: Zamazenta
|-damage|p1a: Zamazenta|43/100|[from] item: Life Orb
|
|upkeep
|c|☆ice spice enjoyer|gg
|-message|ice spice enjoyer forfeited.
|
|win|meowscardaily
|raw|meowscardaily's rating: 1699 &rarr; <strong>1720</strong><br />(+21 for winning)
|raw|ice spice enjoyer's rating: 1716 &rarr; <strong>1695</strong><br />(-21 for losing)
|c|☆meowscardaily|gg forreal
|l| 12723 Dong
|l|☆ice spice enjoyer
|player|p2|
