|j|☆qaqkiller
|j|☆metrobotalt
|t:|1760795680
|gametype|singles
|player|p1|qaqkiller|maid|1565
|player|p2|metrobotalt|lucas|1602
|gen|9
|tier|[Gen 9] OU
|rated|
|rule|HP Percentage Mod: HP is shown in percentages
|rule|Endless Battle Clause: Forcing endless battles is banned
|rule|Species Clause: Limit one of each Pokémon
|rule|OHKO Clause: OHKO moves are banned
|rule|Evasion Items Clause: Evasion items are banned
|rule|Evasion Moves Clause: Evasion moves are banned
|rule|Evasion Abilities Clause: Evasion abilities are banned
|rule|Sleep Moves Clause: Sleep-inducing moves are banned
|clearpoke
|poke|p1|Zamazenta-*|
|poke|p1|Iron Valiant|
|poke|p1|Sinistcha-Masterpiece|
|poke|p1|Gholdengo|
|poke|p1|Samurott-Hisui, M|
|poke|p1|Landorus-Therian, M|
|poke|p2|Deoxys-Speed|
|poke|p2|Kyurem|
|poke|p2|Zamazenta-*|
|poke|p2|Gholdengo|
|poke|p2|Moltres-Galar|
|poke|p2|Great Tusk|
|teampreview
|inactive|Battle timer is ON: inactive players will automatically lose when time's up. (requested by qaqkiller)
|
|t:|1760795691
|teamsize|p1|6
|teamsize|p2|6
|start
|switch|p1a: Samurott|Samurott-Hisui, M, shiny|100/100
|switch|p2a: Deoxys|Deoxys-Speed|100/100
|-ability|p2a: Deoxys|Pressure
|turn|1
|
|t:|1760795698
|-terastallize|p1a: Samurott|Poison
|move|p2a: Deoxys|Reflect|p2a: Deoxys
|-sidestart|p2: metrobotalt|Reflect
|move|p1a: Samurott|Ceaseless Edge|p2a: Deoxys|[miss]
|-miss|p1a: Samurott|p2a: Deoxys
|
|upkeep
|turn|2
|
|t:|1760795708
|move|p1a: Samurott|Sucker Punch||[still]
|-fail|p1a: Samurott
|move|p2a: Deoxys|Light Screen|p2a: Deoxys
|-sidestart|p2: metrobotalt|move: Light Screen
|
|upkeep
|turn|3
|
|t:|1760795717
|switch|p1a: Landorus|Landorus-Therian, M, shiny|100/100
|-ability|p1a: Landorus|Intimidate|boost
|-unboost|p2a: Deoxys|atk|1
|move|p2a: Deoxys|Teleport|p2a: Deoxys
|
|t:|1760795719
|switch|p2a: Kyurem|Kyurem|100/100|[from] Teleport
|-ability|p2a: Kyurem|Pressure
|
|upkeep
|turn|4
|
|t:|1760795726
|switch|p1a: Samurott|Samurott-Hisui, M, shiny, tera:Poison|100/100
|move|p2a: Kyurem|Dragon Dance|p2a: Kyurem
|-boost|p2a: Kyurem|atk|1
|-boost|p2a: Kyurem|spe|1
|
|upkeep
|turn|5
|
|t:|1760795747
|switch|p1a: Landorus|Landorus-Therian, M, shiny|100/100
|-ability|p1a: Landorus|Intimidate|boost
|-unboost|p2a: Kyurem|atk|1
|move|p2a: Kyurem|Icicle Spear|p1a: Landorus
|-supereffective|p1a: Landorus
|-crit|p1a: Landorus
|-damage|p1a: Landorus|15/100
|-supereffective|p1a: Landorus
|-damage|p1a: Landorus|0 fnt
|faint|p1a: Landorus
|-hitcount|p1: Landorus|2
|
|upkeep
|inactive|qaqkiller has 120 seconds left.
|
|t:|1760795767
|switch|p1a: Zamazenta|Zamazenta, shiny|100/100
|-ability|p1a: Zamazenta|Dauntless Shield|boost
|-boost|p1a: Zamazenta|def|1
|turn|6
|
|t:|1760795779
|switch|p2a: Gholdengo|Gholdengo|100/100
|-item|p2a: Gholdengo|Air Balloon
|move|p1a: Zamazenta|Stone Edge|p2a: Gholdengo|[miss]
|-miss|p1a: Zamazenta|p2a: Gholdengo
|
|upkeep
|turn|7
|inactive|qaqkiller has 120 seconds left.
|
|t:|1760795809
|move|p1a: Zamazenta|Crunch|p2a: Gholdengo
|-supereffective|p2a: Gholdengo
|-damage|p2a: Gholdengo|71/100
|-enditem|p2a: Gholdengo|Air Balloon
|move|p2a: Gholdengo|Shadow Ball|p1a: Zamazenta
|-damage|p1a: Zamazenta|64/100
|-unboost|p1a: Zamazenta|spd|1
|
|upkeep
|turn|8
|inactive|qaqkiller has 120 seconds left.
|
|t:|1760795816
|switch|p1a: Samurott|Samurott-Hisui, M, shiny, tera:Poison|100/100
|move|p2a: Gholdengo|Dazzling Gleam|p1a: Samurott
|-resisted|p1a: Samurott
|-damage|p1a: Samurott|90/100
|
|-sideend|p2: metrobotalt|Reflect
|upkeep
|turn|9
|
|t:|1760795843
|switch|p2a: Zamazenta|Zamazenta|100/100
|-ability|p2a: Zamazenta|Dauntless Shield|boost
|-boost|p2a: Zamazenta|def|1
|move|p1a: Samurott|Ceaseless Edge|p2a: Zamazenta
|-resisted|p2a: Zamazenta
|-damage|p2a: Zamazenta|90/100
|-sidestart|p2: metrobotalt|Spikes
|
|-heal|p2a: Zamazenta|97/100|[from] item: Leftovers
|-sideend|p2: metrobotalt|move: Light Screen
|upkeep
|turn|10
|
|t:|1760795851
|switch|p1a: Sinistcha|Sinistcha-Masterpiece, shiny|100/100
|move|p2a: Zamazenta|Crunch|p1a: Sinistcha
|-supereffective|p1a: Sinistcha
|-damage|p1a: Sinistcha|69/100
|
|-heal|p2a: Zamazenta|100/100|[from] item: Leftovers
|upkeep
|turn|11
|
|t:|1760795858
|switch|p2a: Deoxys|Deoxys-Speed|100/100
|-damage|p2a: Deoxys|88/100|[from] Spikes
|-ability|p2a: Deoxys|Pressure
|move|p1a: Sinistcha|Strength Sap|p2a: Deoxys
|-unboost|p2a: Deoxys|atk|1
|-heal|p1a: Sinistcha|100/100
|
|upkeep
|turn|12
|
|t:|1760795862
|move|p2a: Deoxys|Light Screen|p2a: Deoxys
|-sidestart|p2: metrobotalt|move: Light Screen
|move|p1a: Sinistcha|Calm Mind|p1a: Sinistcha
|-boost|p1a: Sinistcha|spa|1
|-boost|p1a: Sinistcha|spd|1
|
|upkeep
|turn|13
|
|t:|1760795865
|move|p2a: Deoxys|Taunt|p1a: Sinistcha
|-start|p1a: Sinistcha|move: Taunt
|cant|p1a: Sinistcha|move: Taunt|Calm Mind
|
|upkeep
|turn|14
|
|t:|1760795867
|move|p1a: Sinistcha|Shadow Ball|p2a: Deoxys
|-supereffective|p2a: Deoxys
|-damage|p2a: Deoxys|25/100
|move|p2a: Deoxys|Teleport|p2a: Deoxys
|
|t:|1760795869
|switch|p2a: Moltres|Moltres-Galar|100/100|[from] Teleport
|
|upkeep
|turn|15
|
|t:|1760795878
|switch|p1a: Iron Valiant|Iron Valiant, shiny|100/100
|-enditem|p1a: Iron Valiant|Booster Energy
|-activate|p1a: Iron Valiant|ability: Quark Drive|[fromitem]
|-start|p1a: Iron Valiant|quarkdrivespe
|move|p2a: Moltres|Nasty Plot|p2a: Moltres
|-boost|p2a: Moltres|spa|2
|
|upkeep
|turn|16
|
|t:|1760795885
|move|p1a: Iron Valiant|Encore|p2a: Moltres
|-start|p2a: Moltres|Encore
|move|p2a: Moltres|Nasty Plot|p2a: Moltres
|-boost|p2a: Moltres|spa|2
|
|upkeep
|turn|17
|
|t:|1760795896
|switch|p2a: Gholdengo|Gholdengo|71/100
|-damage|p2a: Gholdengo|59/100|[from] Spikes
|move|p1a: Iron Valiant|Calm Mind|p1a: Iron Valiant
|-boost|p1a: Iron Valiant|spa|1
|-boost|p1a: Iron Valiant|spd|1
|
|upkeep
|turn|18
|
|t:|1760795909
|-end|p1a: Iron Valiant|Quark Drive|[silent]
|switch|p1a: Samurott|Samurott-Hisui, M, shiny, tera:Poison|90/100
|move|p2a: Gholdengo|Dazzling Gleam|p1a: Samurott
|-resisted|p1a: Samurott
|-damage|p1a: Samurott|79/100
|
|upkeep
|turn|19
|
|t:|1760795930
|switch|p2a: Zamazenta|Zamazenta|100/100
|-damage|p2a: Zamazenta|88/100|[from] Spikes
|move|p1a: Samurott|Ceaseless Edge|p2a: Zamazenta
|-resisted|p2a: Zamazenta
|-damage|p2a: Zamazenta|74/100
|-sidestart|p2: metrobotalt|Spikes
|
|-heal|p2a: Zamazenta|80/100|[from] item: Leftovers
|-sideend|p2: metrobotalt|move: Light Screen
|upkeep
|turn|20
|
|t:|1760795936
|switch|p1a: Sinistcha|Sinistcha-Masterpiece, shiny|100/100
|move|p2a: Zamazenta|Crunch|p1a: Sinistcha
|-supereffective|p1a: Sinistcha
|-damage|p1a: Sinistcha|71/100
|
|-heal|p2a: Zamazenta|87/100|[from] item: Leftovers
|upkeep
|turn|21
|
|t:|1760795940
|switch|p2a: Moltres|Moltres-Galar|100/100
|move|p1a: Sinistcha|Matcha Gotcha|p2a: Moltres
|-resisted|p2a: Moltres
|-damage|p2a: Moltres|89/100
|-heal|p1a: Sinistcha|77/100|[from] drain|[of] p2a: Moltres
|-status|p2a: Moltres|brn
|
|-damage|p2a: Moltres|83/100 brn|[from] brn
|upkeep
|turn|22
|
|t:|1760795946
|switch|p1a: Iron Valiant|Iron Valiant, shiny|100/100
|move|p2a: Moltres|Agility|p2a: Moltres
|-boost|p2a: Moltres|spe|2
|
|-damage|p2a: Moltres|77/100 brn|[from] brn
|upkeep
|turn|23
|
|t:|1760795955
|move|p2a: Moltres|Hurricane|p1a: Iron Valiant
|-supereffective|p1a: Iron Valiant
|-damage|p1a: Iron Valiant|0 fnt
|faint|p1a: Iron Valiant
|-end|p1a: Iron Valiant|Quark Drive|[silent]
|
|-damage|p2a: Moltres|71/100 brn|[from] brn
|upkeep
|
|t:|1760795958
|switch|p1a: Samurott|Samurott-Hisui, M, shiny, tera:Poison|79/100
|turn|24
|
|t:|1760795970
|move|p2a: Moltres|Nasty Plot|p2a: Moltres
|-boost|p2a: Moltres|spa|2
|move|p1a: Samurott|Razor Shell|p2a: Moltres
|-damage|p2a: Moltres|25/100 brn
|-ability|p2a: Moltres|Berserk|boost
|-boost|p2a: Moltres|spa|1
|-enditem|p2a: Moltres|Sitrus Berry|[eat]
|-heal|p2a: Moltres|50/100 brn|[from] item: Sitrus Berry
|
|-damage|p2a: Moltres|44/100 brn|[from] brn
|upkeep
|turn|25
|
|t:|1760795989
|move|p2a: Moltres|Fiery Wrath|p1a: Samurott
|-damage|p1a: Samurott|11/100
|move|p1a: Samurott|Razor Shell|p2a: Moltres
|-damage|p2a: Moltres|0 fnt
|faint|p2a: Moltres
|
|upkeep
|
|t:|1760796006
|switch|p2a: Kyurem|Kyurem|100/100
|-damage|p2a: Kyurem|84/100|[from] Spikes
|-ability|p2a: Kyurem|Pressure
|turn|26
|
|t:|1760796017
|switch|p1a: Zamazenta|Zamazenta, shiny|64/100
|move|p2a: Kyurem|Freeze-Dry|p1a: Zamazenta
|-damage|p1a: Zamazenta|29/100
|
|upkeep
|turn|27
|
|t:|1760796026
|-terastallize|p2a: Kyurem|Ground
|move|p1a: Zamazenta|Close Combat|p2a: Kyurem
|-damage|p2a: Kyurem|23/100
|-unboost|p1a: Zamazenta|def|1
|-unboost|p1a: Zamazenta|spd|1
|move|p2a: Kyurem|Dragon Dance|p2a: Kyurem
|-boost|p2a: Kyurem|atk|1
|-boost|p2a: Kyurem|spe|1
|
|upkeep
|turn|28
|
|t:|1760796031
|move|p2a: Kyurem|Freeze-Dry|p1a: Zamazenta
|-damage|p1a: Zamazenta|0 fnt
|faint|p1a: Zamazenta
|
|upkeep
|
|t:|1760796033
|switch|p1a: Samurott|Samurott-Hisui, M, shiny, tera:Poison|11/100
|turn|29
|
|t:|1760796036
|move|p2a: Kyurem|Dragon Dance|p2a: Kyurem
|-boost|p2a: Kyurem|atk|1
|-boost|p2a: Kyurem|spe|1
|move|p1a: Samurott|Razor Shell|p2a: Kyurem
|-supereffective|p2a: Kyurem
|-damage|p2a: Kyurem|0 fnt
|faint|p2a: Kyurem
|
|upkeep
|
|t:|1760796043
|switch|p2a: Great Tusk|Great Tusk|100/100
|-damage|p2a: Great Tusk|84/100|[from] Spikes
|-enditem|p2a: Great Tusk|Booster Energy
|-activate|p2a: Great Tusk|ability: Protosynthesis|[fromitem]
|-start|p2a: Great Tusk|protosynthesisspe
|turn|30
|
|t:|1760796047
|move|p2a: Great Tusk|Ice Spinner|p1a: Samurott
|-damage|p1a: Samurott|0 fnt
|faint|p1a: Samurott
|
|upkeep
|
|t:|1760796050
|switch|p1a: Sinistcha|Sinistcha-Masterpiece, shiny|77/100
|turn|31
|
|t:|1760796054
|-end|p2a: Great Tusk|Protosynthesis|[silent]
|switch|p2a: Deoxys|Deoxys-Speed|25/100
|-damage|p2a: Deoxys|9/100|[from] Spikes
|-ability|p2a: Deoxys|Pressure
|move|p1a: Sinistcha|Matcha Gotcha|p2a: Deoxys
|-damage|p2a: Deoxys|0 fnt
|-heal|p1a: Sinistcha|81/100|[from] drain|[of] p2a: Deoxys
|faint|p2a: Deoxys
|
|upkeep
|
|t:|1760796057
|switch|p2a: Gholdengo|Gholdengo|59/100
|-damage|p2a: Gholdengo|42/100|[from] Spikes
|turn|32
|
|t:|1760796067
|move|p2a: Gholdengo|Shadow Ball|p1a: Sinistcha
|-supereffective|p1a: Sinistcha
|-damage|p1a: Sinistcha|0 fnt
|faint|p1a: Sinistcha
|
|upkeep
|
|t:|1760796069
|switch|p1a: Gholdengo|Gholdengo, shiny|100/100
|-item|p1a: Gholdengo|Air Balloon
|turn|33
|
|t:|1760796072
|move|p1a: Gholdengo|Shadow Ball|p2a: Gholdengo
|-supereffective|p2a: Gholdengo
|-damage|p2a: Gholdengo|0 fnt
|faint|p2a: Gholdengo
|
|upkeep
|
|t:|1760796076
|switch|p2a: Zamazenta|Zamazenta|87/100
|-damage|p2a: Zamazenta|70/100|[from] Spikes
|turn|34
|
|t:|1760796082
|move|p2a: Zamazenta|Crunch|p1a: Gholdengo
|-supereffective|p1a: Gholdengo
|-crit|p1a: Gholdengo
|-damage|p1a: Gholdengo|26/100
|-enditem|p1a: Gholdengo|Air Balloon
|move|p1a: Gholdengo|Make It Rain|p2a: Zamazenta
|-damage|p2a: Zamazenta|22/100
|-unboost|p1a: Gholdengo|spa|1
|
|-heal|p2a: Zamazenta|28/100|[from] item: Leftovers
|upkeep
|turn|35
|
|t:|1760796084
|move|p2a: Zamazenta|Crunch|p1a: Gholdengo
|-supereffective|p1a: Gholdengo
|-damage|p1a: Gholdengo|0 fnt
|faint|p1a: Gholdengo
|
|win|metrobotalt
|raw|qaqkiller's rating: 1565 &rarr; <strong>1547</strong><br />(-18 for losing)
|raw|metrobotalt's rating: 1602 &rarr; <strong>1620</strong><br />(+18 for winning)
|c|☆metrobotalt|gg
|l|☆qaqkiller
|player|p1|
|l|☆metrobotalt
|player|p2|
|j| JayWilt
