|j|☆Clairrr03
|j|☆sveinung12321
|t:|1760792324
|gametype|singles
|player|p1|Clairrr03|1|1394
|player|p2|sveinung12321|102|1371
|gen|9
|tier|[Gen 9] OU
|rated|
|rule|HP Percentage Mod: HP is shown in percentages
|rule|Endless Battle Clause: Forcing endless battles is banned
|rule|Species Clause: Limit one of each Pokémon
|rule|OHKO Clause: OHKO moves are banned
|rule|Evasion Items Clause: Evasion items are banned
|rule|Evasion Moves Clause: Evasion moves are banned
|rule|Evasion Abilities Clause: Evasion abilities are banned
|rule|Sleep Moves Clause: Sleep-inducing moves are banned
|clearpoke
|poke|p1|Ceruledge, M|
|poke|p1|Kyurem|
|poke|p1|Iron Treads|
|poke|p1|Primarina, F|
|poke|p1|Mandibuzz, F|
|poke|p1|Rillaboom, F|
|poke|p2|Zapdos|
|poke|p2|Dragapult, F|
|poke|p2|Tentacruel, F|
|poke|p2|Cinderace, M|
|poke|p2|Great Tusk|
|poke|p2|Iron Valiant|
|teampreview
|inactive|Battle timer is ON: inactive players will automatically lose when time's up. (requested by Clairrr03)
|
|t:|1760792349
|teamsize|p1|6
|teamsize|p2|6
|start
|switch|p1a: Iron Treads|Iron Treads|100/100
|switch|p2a: Dragapult|Dragapult, F|100/100
|turn|1
|
|t:|1760792356
|move|p2a: Dragapult|U-turn|p1a: Iron Treads
|-resisted|p1a: Iron Treads
|-damage|p1a: Iron Treads|93/100
|
|t:|1760792358
|switch|p2a: Great Tusk|Great Tusk|100/100|[from] U-turn
|move|p1a: Iron Treads|Knock Off|p2a: Great Tusk
|-resisted|p2a: Great Tusk
|-damage|p2a: Great Tusk|94/100
|-damage|p1a: Iron Treads|77/100|[from] item: Rocky Helmet|[of] p2a: Great Tusk
|-enditem|p2a: Great Tusk|Rocky Helmet|[from] move: Knock Off|[of] p1a: Iron Treads
|
|-heal|p1a: Iron Treads|83/100|[from] item: Leftovers
|upkeep
|turn|2
|
|t:|1760792374
|-end|p1a: Iron Treads|Quark Drive|[silent]
|switch|p1a: Mandibuzz|Mandibuzz, F|100/100
|move|p2a: Great Tusk|Knock Off|p1a: Mandibuzz
|-resisted|p1a: Mandibuzz
|-damage|p1a: Mandibuzz|93/100
|-enditem|p1a: Mandibuzz|Heavy-Duty Boots|[from] move: Knock Off|[of] p2a: Great Tusk
|
|upkeep
|turn|3
|inactive|sveinung12321 has 120 seconds left.
|
|t:|1760792416
|move|p2a: Great Tusk|Bulk Up|p2a: Great Tusk
|-boost|p2a: Great Tusk|atk|1
|-boost|p2a: Great Tusk|def|1
|move|p1a: Mandibuzz|Toxic|p2a: Great Tusk
|-status|p2a: Great Tusk|tox
|
|-damage|p2a: Great Tusk|88/100 tox|[from] psn
|upkeep
|turn|4
|
|t:|1760792435
|move|p2a: Great Tusk|Body Press|p1a: Mandibuzz
|-damage|p1a: Mandibuzz|53/100
|move|p1a: Mandibuzz|Iron Defense|p1a: Mandibuzz
|-boost|p1a: Mandibuzz|def|2
|
|-damage|p2a: Great Tusk|75/100 tox|[from] psn
|upkeep
|turn|5
|inactive|sveinung12321 has 120 seconds left.
|inactive|sveinung12321 has 90 seconds left.
|
|t:|1760792480
|-end|p2a: Great Tusk|Protosynthesis|[silent]
|switch|p2a: Iron Valiant|Iron Valiant|100/100
|-enditem|p2a: Iron Valiant|Booster Energy
|-activate|p2a: Iron Valiant|ability: Quark Drive|[fromitem]
|-start|p2a: Iron Valiant|quarkdrivespe
|move|p1a: Mandibuzz|Roost|p1a: Mandibuzz
|-heal|p1a: Mandibuzz|100/100
|-singleturn|p1a: Mandibuzz|move: Roost
|
|upkeep
|turn|6
|
|t:|1760792488
|switch|p1a: Iron Treads|Iron Treads|83/100
|move|p2a: Iron Valiant|Moonblast|p1a: Iron Treads
|-resisted|p1a: Iron Treads
|-damage|p1a: Iron Treads|56/100
|-unboost|p1a: Iron Treads|spa|1
|
|-heal|p1a: Iron Treads|62/100|[from] item: Leftovers
|upkeep
|turn|7
|
|t:|1760792490
|-end|p1a: Iron Treads|Quark Drive|[silent]
|switch|p1a: Ceruledge|Ceruledge, M|100/100
|move|p2a: Iron Valiant|Close Combat|p1a: Ceruledge
|-immune|p1a: Ceruledge
|
|upkeep
|turn|8
|
|t:|1760792498
|-terastallize|p1a: Ceruledge|Fire
|move|p2a: Iron Valiant|Knock Off|p1a: Ceruledge
|-damage|p1a: Ceruledge|49/100
|-enditem|p1a: Ceruledge|Choice Band|[from] move: Knock Off|[of] p2a: Iron Valiant
|move|p1a: Ceruledge|Bitter Blade|p2a: Iron Valiant
|-damage|p2a: Iron Valiant|17/100
|-heal|p1a: Ceruledge|90/100|[from] drain|[of] p2a: Iron Valiant
|
|upkeep
|turn|9
|inactive|sveinung12321 has 120 seconds left.
|
|t:|1760792509
|-end|p2a: Iron Valiant|Quark Drive|[silent]
|switch|p2a: Great Tusk|Great Tusk|75/100 tox
|move|p1a: Ceruledge|Shadow Sneak|p2a: Great Tusk
|-damage|p2a: Great Tusk|66/100 tox
|
|-damage|p2a: Great Tusk|60/100 tox|[from] psn
|upkeep
|turn|10
|inactive|sveinung12321 has 120 seconds left.
|
|t:|1760792516
|-end|p2a: Great Tusk|Protosynthesis|[silent]
|switch|p2a: Iron Valiant|Iron Valiant|17/100
|move|p1a: Ceruledge|Bitter Blade|p2a: Iron Valiant
|-damage|p2a: Iron Valiant|0 fnt
|-heal|p1a: Ceruledge|98/100|[from] drain|[of] p2a: Iron Valiant
|faint|p2a: Iron Valiant
|-end|p2a: Iron Valiant|Quark Drive|[silent]
|
|upkeep
|
|t:|1760792519
|switch|p2a: Dragapult|Dragapult, F|100/100
|turn|11
|
|t:|1760792523
|move|p2a: Dragapult|Draco Meteor|p1a: Ceruledge
|-damage|p1a: Ceruledge|3/100
|-unboost|p2a: Dragapult|spa|2
|move|p1a: Ceruledge|Poltergeist|p2a: Dragapult
|-activate|p2a: Dragapult|move: Poltergeist|Choice Specs
|-supereffective|p2a: Dragapult
|-damage|p2a: Dragapult|0 fnt
|faint|p2a: Dragapult
|
|upkeep
|
|t:|1760792528
|switch|p2a: Cinderace|Cinderace, M|100/100
|turn|12
|
|t:|1760792530
|move|p1a: Ceruledge|Shadow Sneak|p2a: Cinderace
|-damage|p2a: Cinderace|70/100
|move|p2a: Cinderace|U-turn|p1a: Ceruledge
|-start|p2a: Cinderace|typechange|Bug|[from] ability: Libero
|-resisted|p1a: Ceruledge
|-damage|p1a: Ceruledge|0 fnt
|faint|p1a: Ceruledge
|
|t:|1760792535
|switch|p2a: Zapdos|Zapdos|100/100|[from] U-turn
|
|upkeep
|
|t:|1760792537
|switch|p1a: Kyurem|Kyurem|100/100
|-ability|p1a: Kyurem|Pressure
|turn|13
|
|t:|1760792540
|switch|p2a: Tentacruel|Tentacruel, F|100/100
|move|p1a: Kyurem|Freeze-Dry|p2a: Tentacruel
|-supereffective|p2a: Tentacruel
|-damage|p2a: Tentacruel|66/100
|
|upkeep
|turn|14
|
|t:|1760792544
|move|p1a: Kyurem|Freeze-Dry|p2a: Tentacruel
|-supereffective|p2a: Tentacruel
|-damage|p2a: Tentacruel|34/100
|move|p2a: Tentacruel|Knock Off|p1a: Kyurem
|-damage|p1a: Kyurem|81/100
|-enditem|p1a: Kyurem|Choice Scarf|[from] move: Knock Off|[of] p2a: Tentacruel
|
|upkeep
|turn|15
|
|t:|1760792548
|move|p1a: Kyurem|Freeze-Dry|p2a: Tentacruel
|-supereffective|p2a: Tentacruel
|-damage|p2a: Tentacruel|4/100
|move|p2a: Tentacruel|Flip Turn|p1a: Kyurem
|-resisted|p1a: Kyurem
|-damage|p1a: Kyurem|73/100
|
|t:|1760792550
|switch|p2a: Cinderace|Cinderace, M|70/100|[from] Flip Turn
|
|upkeep
|turn|16
|
|t:|1760792555
|move|p2a: Cinderace|Pyro Ball|p1a: Kyurem
|-damage|p1a: Kyurem|20/100
|move|p1a: Kyurem|Earth Power|p2a: Cinderace
|-supereffective|p2a: Cinderace
|-damage|p2a: Cinderace|0 fnt
|faint|p2a: Cinderace
|
|upkeep
|
|t:|1760792563
|switch|p2a: Zapdos|Zapdos|100/100
|turn|17
|
|t:|1760792566
|move|p1a: Kyurem|Ice Beam|p2a: Zapdos
|-supereffective|p2a: Zapdos
|-damage|p2a: Zapdos|4/100
|-status|p2a: Zapdos|frz
|cant|p2a: Zapdos|frz
|
|upkeep
|turn|18
|-message|sveinung12321 forfeited.
|
|win|Clairrr03
|raw|Clairrr03's rating: 1394 &rarr; <strong>1413</strong><br />(+19 for winning)
|raw|sveinung12321's rating: 1371 &rarr; <strong>1352</strong><br />(-19 for losing)
|l|☆sveinung12321
|player|p2|
