|j|☆Yaoshi
|j|☆minershrub
|t:|1760883365
|gametype|singles
|player|p1|Yaoshi|aetherfoundation2|1410
|player|p2|minershrub|acetrainer-gen4dp|1486
|gen|9
|tier|[Gen 9] OU
|rated|
|rule|HP Percentage Mod: HP is shown in percentages
|rule|Endless Battle Clause: Forcing endless battles is banned
|rule|Species Clause: Limit one of each Pokémon
|rule|OHKO Clause: OHKO moves are banned
|rule|Evasion Items Clause: Evasion items are banned
|rule|Evasion Moves Clause: Evasion moves are banned
|rule|Evasion Abilities Clause: Evasion abilities are banned
|rule|Sleep Moves Clause: Sleep-inducing moves are banned
|clearpoke
|poke|p1|Rillaboom, M|
|poke|p1|Cinderace, M|
|poke|p1|Zapdos|
|poke|p1|Darkrai|
|poke|p1|Empoleon, F|
|poke|p1|Pecharunt|
|poke|p2|Zapdos|
|poke|p2|Kingambit, M|
|poke|p2|Landorus-Therian, M|
|poke|p2|Cinderace, M|
|poke|p2|Garganacl, F|
|poke|p2|Dragapult, F|
|teampreview
|inactive|Battle timer is ON: inactive players will automatically lose when time's up. (requested by Yaoshi)
|
|t:|1760883374
|teamsize|p1|6
|teamsize|p2|6
|start
|switch|p1a: Rillaboom|Rillaboom, M, shiny|100/100
|switch|p2a: Landorus|Landorus-Therian, M|100/100
|-ability|p2a: Landorus|Intimidate|boost
|-unboost|p1a: Rillaboom|atk|1
|-fieldstart|move: Grassy Terrain|[from] ability: Grassy Surge|[of] p1a: Rillaboom
|turn|1
|
|t:|1760883377
|switch|p1a: Zapdos|Zapdos|100/100
|move|p2a: Landorus|Stealth Rock|p1a: Zapdos
|-sidestart|p1: Yaoshi|move: Stealth Rock
|
|upkeep
|turn|2
|
|t:|1760883381
|move|p1a: Zapdos|Hurricane|p2a: Landorus
|-damage|p2a: Landorus|32/100
|move|p2a: Landorus|Stone Edge|p1a: Zapdos|[miss]
|-miss|p2a: Landorus|p1a: Zapdos
|
|upkeep
|turn|3
|
|t:|1760883386
|move|p1a: Zapdos|Hurricane|p2a: Landorus
|-damage|p2a: Landorus|0 fnt
|faint|p2a: Landorus
|
|upkeep
|
|t:|1760883388
|switch|p2a: Immovable Object|Garganacl, F|100/100
|turn|4
|
|t:|1760883392
|move|p1a: Zapdos|Volt Switch|p2a: Immovable Object
|-damage|p2a: Immovable Object|77/100
|
|t:|1760883394
|switch|p1a: Cinderace|Cinderace, M|100/100|[from] Volt Switch
|move|p2a: Immovable Object|Salt Cure|p1a: Cinderace
|-supereffective|p1a: Cinderace
|-damage|p1a: Cinderace|59/100
|-start|p1a: Cinderace|Salt Cure
|
|-heal|p1a: Cinderace|65/100|[from] Grassy Terrain
|-heal|p2a: Immovable Object|83/100|[from] Grassy Terrain
|-heal|p2a: Immovable Object|89/100|[from] item: Leftovers
|-damage|p1a: Cinderace|52/100|[from] Salt Cure
|upkeep
|turn|5
|
|t:|1760883398
|move|p1a: Cinderace|Court Change|p1a: Cinderace
|-start|p1a: Cinderace|typechange|Normal|[from] ability: Libero
|-swapsideconditions
|-activate|p1a: Cinderace|move: Court Change
|move|p2a: Immovable Object|Iron Defense|p2a: Immovable Object
|-boost|p2a: Immovable Object|def|2
|
|-heal|p1a: Cinderace|58/100|[from] Grassy Terrain
|-heal|p2a: Immovable Object|95/100|[from] Grassy Terrain
|-heal|p2a: Immovable Object|100/100|[from] item: Leftovers
|-damage|p1a: Cinderace|46/100|[from] Salt Cure
|-fieldend|move: Grassy Terrain
|upkeep
|turn|6
|
|t:|1760883402
|move|p1a: Cinderace|Will-O-Wisp|p2a: Immovable Object
|-immune|p2a: Immovable Object|[from] ability: Purifying Salt
|move|p2a: Immovable Object|Iron Defense|p2a: Immovable Object
|-boost|p2a: Immovable Object|def|2
|
|-damage|p1a: Cinderace|34/100|[from] Salt Cure
|upkeep
|turn|7
|
|t:|1760883405
|move|p1a: Cinderace|U-turn|p2a: Immovable Object
|-crit|p2a: Immovable Object
|-damage|p2a: Immovable Object|79/100
|
|t:|1760883409
|switch|p1a: Empoleon|Empoleon, F|100/100|[from] U-turn
|move|p2a: Immovable Object|Iron Defense|p2a: Immovable Object
|-boost|p2a: Immovable Object|def|2
|
|-heal|p2a: Immovable Object|85/100|[from] item: Leftovers
|upkeep
|turn|8
|
|t:|1760883413
|move|p1a: Empoleon|Haze|p1a: Empoleon
|-clearallboost
|move|p2a: Immovable Object|Salt Cure|p1a: Empoleon
|-resisted|p1a: Empoleon
|-damage|p1a: Empoleon|94/100
|-start|p1a: Empoleon|Salt Cure
|
|-heal|p1a: Empoleon|99/100|[from] item: Leftovers
|-heal|p2a: Immovable Object|91/100|[from] item: Leftovers
|-damage|p1a: Empoleon|75/100|[from] Salt Cure
|upkeep
|turn|9
|
|t:|1760883420
|-terastallize|p2a: Immovable Object|Ghost
|move|p1a: Empoleon|Flip Turn|p2a: Immovable Object
|-damage|p2a: Immovable Object|79/100
|
|t:|1760883424
|switch|p1a: Darkrai|Darkrai, shiny|100/100|[from] Flip Turn
|move|p2a: Immovable Object|Iron Defense|p2a: Immovable Object
|-boost|p2a: Immovable Object|def|2
|
|-heal|p2a: Immovable Object|85/100|[from] item: Leftovers
|upkeep
|turn|10
|
|t:|1760883430
|move|p1a: Darkrai|Dark Pulse|p2a: Immovable Object
|-supereffective|p2a: Immovable Object
|-damage|p2a: Immovable Object|27/100
|cant|p2a: Immovable Object|flinch
|
|-heal|p2a: Immovable Object|33/100|[from] item: Leftovers
|upkeep
|turn|11
|
|t:|1760883434
|switch|p2a: Toast|Cinderace, M|100/100
|move|p1a: Darkrai|Dark Pulse|p2a: Toast
|-damage|p2a: Toast|49/100
|
|upkeep
|turn|12
|
|t:|1760883437
|move|p1a: Darkrai|Dark Pulse|p2a: Toast
|-damage|p2a: Toast|0 fnt
|faint|p2a: Toast
|
|upkeep
|
|t:|1760883443
|switch|p2a: Mr. Terrific|Kingambit, M|100/100
|-damage|p2a: Mr. Terrific|94/100|[from] Stealth Rock
|-activate|p2a: Mr. Terrific|ability: Supreme Overlord
|-start|p2a: Mr. Terrific|fallen2|[silent]
|turn|13
|
|t:|1760883448
|move|p1a: Darkrai|Will-O-Wisp|p2a: Mr. Terrific
|-status|p2a: Mr. Terrific|brn
|move|p2a: Mr. Terrific|Zen Headbutt|p1a: Darkrai
|-immune|p1a: Darkrai
|
|-damage|p2a: Mr. Terrific|88/100 brn|[from] brn
|upkeep
|turn|14
|
|t:|1760883451
|move|p1a: Darkrai|Focus Blast|p2a: Mr. Terrific|[miss]
|-miss|p1a: Darkrai|p2a: Mr. Terrific
|move|p2a: Mr. Terrific|Low Kick|p1a: Darkrai
|-supereffective|p1a: Darkrai
|-damage|p1a: Darkrai|53/100
|
|-heal|p1a: Darkrai|59/100|[from] item: Leftovers
|-damage|p2a: Mr. Terrific|82/100 brn|[from] brn
|upkeep
|turn|15
|
|t:|1760883454
|move|p1a: Darkrai|Focus Blast|p2a: Mr. Terrific|[miss]
|-miss|p1a: Darkrai|p2a: Mr. Terrific
|move|p2a: Mr. Terrific|Low Kick|p1a: Darkrai
|-supereffective|p1a: Darkrai
|-damage|p1a: Darkrai|15/100
|
|-heal|p1a: Darkrai|21/100|[from] item: Leftovers
|-damage|p2a: Mr. Terrific|76/100 brn|[from] brn
|upkeep
|turn|16
|
|t:|1760883457
|move|p1a: Darkrai|Focus Blast|p2a: Mr. Terrific
|-supereffective|p2a: Mr. Terrific
|-damage|p2a: Mr. Terrific|0 fnt
|faint|p2a: Mr. Terrific
|-end|p2a: Mr. Terrific|fallen2|[silent]
|
|-heal|p1a: Darkrai|27/100|[from] item: Leftovers
|upkeep
|
|t:|1760883459
|switch|p2a: Unstoppable Force|Dragapult, F|100/100
|-damage|p2a: Unstoppable Force|88/100|[from] Stealth Rock
|turn|17
|
|t:|1760883465
|switch|p1a: Pecharunt|Pecharunt|100/100
|move|p2a: Unstoppable Force|U-turn|p1a: Pecharunt
|-resisted|p1a: Pecharunt
|-damage|p1a: Pecharunt|99/100
|
|t:|1760883468
|switch|p2a: Immovable Object|Garganacl, F, tera:Ghost|33/100|[from] U-turn
|-damage|p2a: Immovable Object|21/100|[from] Stealth Rock
|
|-heal|p2a: Immovable Object|27/100|[from] item: Leftovers
|upkeep
|turn|18
|
|t:|1760883471
|move|p1a: Pecharunt|Foul Play|p2a: Immovable Object
|-supereffective|p2a: Immovable Object
|-damage|p2a: Immovable Object|0 fnt
|faint|p2a: Immovable Object
|
|upkeep
|
|t:|1760883474
|switch|p2a: Unstoppable Force|Dragapult, F|88/100
|-damage|p2a: Unstoppable Force|76/100|[from] Stealth Rock
|turn|19
|
|t:|1760883479
|move|p2a: Unstoppable Force|Shadow Ball|p1a: Pecharunt
|-supereffective|p1a: Pecharunt
|-damage|p1a: Pecharunt|32/100
|move|p1a: Pecharunt|Foul Play|p2a: Unstoppable Force
|-supereffective|p2a: Unstoppable Force
|-crit|p2a: Unstoppable Force
|-damage|p2a: Unstoppable Force|0 fnt
|faint|p2a: Unstoppable Force
|
|upkeep
|
|t:|1760883481
|switch|p2a: Zapdos|Zapdos|100/100
|turn|20
|
|t:|1760883486
|move|p2a: Zapdos|Discharge|p1a: Pecharunt
|-damage|p1a: Pecharunt|0 fnt
|faint|p1a: Pecharunt
|
|upkeep
|
|t:|1760883491
|switch|p1a: Darkrai|Darkrai, shiny|27/100
|turn|21
|
|t:|1760883493
|move|p1a: Darkrai|Dark Pulse|p2a: Zapdos
|-damage|p2a: Zapdos|70/100
|move|p2a: Zapdos|Discharge|p1a: Darkrai
|-damage|p1a: Darkrai|0 fnt
|faint|p1a: Darkrai
|
|upkeep
|
|t:|1760883497
|switch|p1a: Cinderace|Cinderace, M|34/100
|turn|22
|
|t:|1760883501
|move|p1a: Cinderace|Pyro Ball|p2a: Zapdos
|-damage|p2a: Zapdos|16/100
|move|p2a: Zapdos|Roost|p2a: Zapdos
|-heal|p2a: Zapdos|66/100
|-singleturn|p2a: Zapdos|move: Roost
|
|upkeep
|turn|23
|
|t:|1760883504
|move|p1a: Cinderace|Pyro Ball|p2a: Zapdos|[miss]
|-miss|p1a: Cinderace|p2a: Zapdos
|move|p2a: Zapdos|Roost|p2a: Zapdos
|-heal|p2a: Zapdos|100/100
|-singleturn|p2a: Zapdos|move: Roost
|
|upkeep
|turn|24
|
|t:|1760883506
|move|p1a: Cinderace|Pyro Ball|p2a: Zapdos
|-damage|p2a: Zapdos|51/100
|move|p2a: Zapdos|Discharge|p1a: Cinderace
|-damage|p1a: Cinderace|0 fnt
|faint|p1a: Cinderace
|
|upkeep
|
|t:|1760883511
|switch|p1a: Zapdos|Zapdos|100/100
|turn|25
|
|t:|1760883515
|move|p1a: Zapdos|Heat Wave|p2a: Zapdos
|-damage|p2a: Zapdos|25/100
|move|p2a: Zapdos|Hurricane|p1a: Zapdos
|-resisted|p1a: Zapdos
|-damage|p1a: Zapdos|72/100
|-start|p1a: Zapdos|confusion
|
|upkeep
|turn|26
|
|t:|1760883520
|-activate|p1a: Zapdos|confusion
|-damage|p1a: Zapdos|65/100|[from] confusion
|move|p2a: Zapdos|Roost|p2a: Zapdos
|-heal|p2a: Zapdos|75/100
|-singleturn|p2a: Zapdos|move: Roost
|
|upkeep
|turn|27
|
|t:|1760883523
|-activate|p1a: Zapdos|confusion
|move|p1a: Zapdos|Heat Wave|p2a: Zapdos
|-damage|p2a: Zapdos|50/100
|move|p2a: Zapdos|Hurricane|p1a: Zapdos
|-resisted|p1a: Zapdos
|-damage|p1a: Zapdos|39/100
|
|upkeep
|turn|28
|
|t:|1760883526
|-end|p1a: Zapdos|confusion
|move|p1a: Zapdos|Heat Wave|p2a: Zapdos
|-damage|p2a: Zapdos|24/100
|move|p2a: Zapdos|Roost|p2a: Zapdos
|-heal|p2a: Zapdos|74/100
|-singleturn|p2a: Zapdos|move: Roost
|
|upkeep
|turn|29
|
|t:|1760883530
|move|p1a: Zapdos|Roost|p1a: Zapdos
|-heal|p1a: Zapdos|90/100
|-singleturn|p1a: Zapdos|move: Roost
|move|p2a: Zapdos|Hurricane|p1a: Zapdos
|-resisted|p1a: Zapdos
|-damage|p1a: Zapdos|64/100
|-start|p1a: Zapdos|confusion
|
|upkeep
|turn|30
|
|t:|1760883533
|-activate|p1a: Zapdos|confusion
|-damage|p1a: Zapdos|56/100|[from] confusion
|move|p2a: Zapdos|Roost|p2a: Zapdos
|-heal|p2a: Zapdos|100/100
|-singleturn|p2a: Zapdos|move: Roost
|
|upkeep
|turn|31
|
|t:|1760883536
|-end|p1a: Zapdos|confusion
|move|p1a: Zapdos|Roost|p1a: Zapdos
|-heal|p1a: Zapdos|100/100
|-singleturn|p1a: Zapdos|move: Roost
|move|p2a: Zapdos|Hurricane|p1a: Zapdos|[miss]
|-miss|p2a: Zapdos|p1a: Zapdos
|
|upkeep
|turn|32
|
|t:|1760883540
|move|p1a: Zapdos|Heat Wave|p2a: Zapdos
|-damage|p2a: Zapdos|75/100
|move|p2a: Zapdos|Hurricane|p1a: Zapdos
|-resisted|p1a: Zapdos
|-damage|p1a: Zapdos|72/100
|
|upkeep
|turn|33
|
|t:|1760883546
|move|p1a: Zapdos|Hurricane|p2a: Zapdos
|-resisted|p2a: Zapdos
|-damage|p2a: Zapdos|54/100
|move|p2a: Zapdos|Hurricane|p1a: Zapdos|[miss]
|-miss|p2a: Zapdos|p1a: Zapdos
|
|upkeep
|turn|34
|
|t:|1760883551
|move|p1a: Zapdos|Hurricane|p2a: Zapdos
|-resisted|p2a: Zapdos
|-damage|p2a: Zapdos|33/100
|-start|p2a: Zapdos|confusion
|-activate|p2a: Zapdos|confusion
|move|p2a: Zapdos|Hurricane|p1a: Zapdos
|-resisted|p1a: Zapdos
|-damage|p1a: Zapdos|48/100
|-start|p1a: Zapdos|confusion
|
|upkeep
|turn|35
|
|t:|1760883555
|-activate|p1a: Zapdos|confusion
|-damage|p1a: Zapdos|40/100|[from] confusion
|-activate|p2a: Zapdos|confusion
|-damage|p2a: Zapdos|27/100|[from] confusion
|
|upkeep
|turn|36
|
|t:|1760883558
|-activate|p1a: Zapdos|confusion
|move|p1a: Zapdos|Volt Switch|p2a: Zapdos
|-damage|p2a: Zapdos|3/100
|
|t:|1760883561
|switch|p1a: Rillaboom|Rillaboom, M, shiny|100/100|[from] Volt Switch
|-fieldstart|move: Grassy Terrain|[from] ability: Grassy Surge|[of] p1a: Rillaboom
|-end|p2a: Zapdos|confusion
|move|p2a: Zapdos|Roost|p2a: Zapdos
|-heal|p2a: Zapdos|53/100
|-singleturn|p2a: Zapdos|move: Roost
|
|-heal|p2a: Zapdos|59/100|[from] Grassy Terrain
|upkeep
|turn|37
|
|t:|1760883566
|switch|p1a: Empoleon|Empoleon, F|75/100
|move|p2a: Zapdos|Roost|p2a: Zapdos
|-heal|p2a: Zapdos|100/100
|-singleturn|p2a: Zapdos|move: Roost
|
|-heal|p1a: Empoleon|81/100|[from] Grassy Terrain
|-heal|p1a: Empoleon|88/100|[from] item: Leftovers
|upkeep
|turn|38
|
|t:|1760883570
|move|p2a: Zapdos|Discharge|p1a: Empoleon
|-supereffective|p1a: Empoleon
|-damage|p1a: Empoleon|41/100
|move|p1a: Empoleon|Surf|p2a: Zapdos
|-damage|p2a: Zapdos|74/100
|
|-heal|p1a: Empoleon|47/100|[from] Grassy Terrain
|-heal|p1a: Empoleon|53/100|[from] item: Leftovers
|upkeep
|turn|39
|
|t:|1760883573
|move|p2a: Zapdos|Discharge|p1a: Empoleon
|-supereffective|p1a: Empoleon
|-damage|p1a: Empoleon|8/100
|move|p1a: Empoleon|Surf|p2a: Zapdos
|-damage|p2a: Zapdos|51/100
|
|-heal|p1a: Empoleon|14/100|[from] Grassy Terrain
|-heal|p1a: Empoleon|20/100|[from] item: Leftovers
|upkeep
|turn|40
|
|t:|1760883580
|move|p2a: Zapdos|Discharge|p1a: Empoleon
|-supereffective|p1a: Empoleon
|-damage|p1a: Empoleon|0 fnt
|faint|p1a: Empoleon
|
|-fieldend|move: Grassy Terrain
|upkeep
|
|t:|1760883587
|switch|p1a: Zapdos|Zapdos|40/100
|turn|41
|
|t:|1760883593
|move|p1a: Zapdos|Hurricane|p2a: Zapdos
|-resisted|p2a: Zapdos
|-damage|p2a: Zapdos|29/100
|-start|p2a: Zapdos|confusion
|-activate|p2a: Zapdos|confusion
|move|p2a: Zapdos|Hurricane|p1a: Zapdos|[miss]
|-miss|p2a: Zapdos|p1a: Zapdos
|
|upkeep
|turn|42
|
|t:|1760883599
|move|p1a: Zapdos|Heat Wave|p2a: Zapdos
|-damage|p2a: Zapdos|4/100
|-activate|p2a: Zapdos|confusion
|-damage|p2a: Zapdos|0 fnt|[from] confusion
|faint|p2a: Zapdos
|
|win|Yaoshi
|raw|Yaoshi's rating: 1410 &rarr; <strong>1434</strong><br />(+24 for winning)
|raw|minershrub's rating: 1486 &rarr; <strong>1462</strong><br />(-24 for losing)
|l|☆minershrub
|player|p2|
