|j|☆testaccount619
|j|☆Ruler of the Sand
|t:|1760733971
|gametype|singles
|player|p1|testaccount619|169|1195
|player|p2|Ruler of the Sand|marshal|1199
|gen|9
|tier|[Gen 9] OU
|rated|
|rule|HP Percentage Mod: HP is shown in percentages
|rule|Endless Battle Clause: Forcing endless battles is banned
|rule|Species Clause: Limit one of each Pokémon
|rule|OHKO Clause: OHKO moves are banned
|rule|Evasion Items Clause: Evasion items are banned
|rule|Evasion Moves Clause: Evasion moves are banned
|rule|Evasion Abilities Clause: Evasion abilities are banned
|rule|Sleep Moves Clause: Sleep-inducing moves are banned
|clearpoke
|poke|p1|Hydrapple, M|
|poke|p1|Gliscor, M|
|poke|p1|Clefable, M|
|poke|p1|Moltres|
|poke|p1|Great Tusk|
|poke|p1|Kingambit, M|
|poke|p2|Hippowdon, M|
|poke|p2|Quagsire, M|
|poke|p2|Tyranitar, M|
|poke|p2|Excadrill, F|
|poke|p2|Garganacl, M|
|poke|p2|Landorus-Therian, M|
|teampreview
|inactive|Battle timer is ON: inactive players will automatically lose when time's up. (requested by testaccount619)
|
|t:|1760733984
|teamsize|p1|6
|teamsize|p2|6
|start
|switch|p1a: Gliscor|Gliscor, M|100/100
|switch|p2a: Tyranitar|Tyranitar, M|100/100
|-weather|Sandstorm|[from] ability: Sand Stream|[of] p2a: Tyranitar
|turn|1
|
|t:|1760733993
|move|p1a: Gliscor|Spikes|p2a: Tyranitar
|-sidestart|p2: Ruler of the Sand|Spikes
|move|p2a: Tyranitar|Knock Off|p1a: Gliscor
|-damage|p1a: Gliscor|54/100
|-enditem|p1a: Gliscor|Toxic Orb|[from] move: Knock Off|[of] p2a: Tyranitar
|
|-weather|Sandstorm|[upkeep]
|upkeep
|turn|2
|
|t:|1760734001
|move|p1a: Gliscor|Spikes|p2a: Tyranitar
|-sidestart|p2: Ruler of the Sand|Spikes
|move|p2a: Tyranitar|Stone Edge|p1a: Gliscor
|-crit|p1a: Gliscor
|-damage|p1a: Gliscor|0 fnt
|faint|p1a: Gliscor
|
|-weather|Sandstorm|[upkeep]
|upkeep
|
|t:|1760734005
|switch|p1a: Hydrapple|Hydrapple, M|100/100
|turn|3
|
|t:|1760734011
|move|p2a: Tyranitar|Knock Off|p1a: Hydrapple
|-damage|p1a: Hydrapple|71/100
|-enditem|p1a: Hydrapple|Heavy-Duty Boots|[from] move: Knock Off|[of] p2a: Tyranitar
|move|p1a: Hydrapple|Nasty Plot|p1a: Hydrapple
|-boost|p1a: Hydrapple|spa|2
|
|-weather|Sandstorm|[upkeep]
|-damage|p1a: Hydrapple|65/100|[from] Sandstorm
|upkeep
|turn|4
|
|t:|1760734022
|move|p2a: Tyranitar|Stone Edge|p1a: Hydrapple
|-damage|p1a: Hydrapple|33/100
|move|p1a: Hydrapple|Giga Drain|p2a: Tyranitar
|-supereffective|p2a: Tyranitar
|-damage|p2a: Tyranitar|53/100
|-heal|p1a: Hydrapple|56/100|[from] drain|[of] p2a: Tyranitar
|
|-weather|Sandstorm|[upkeep]
|-damage|p1a: Hydrapple|50/100|[from] Sandstorm
|upkeep
|turn|5
|
|t:|1760734032
|move|p2a: Tyranitar|Stone Edge|p1a: Hydrapple
|-crit|p1a: Hydrapple
|-damage|p1a: Hydrapple|3/100
|move|p1a: Hydrapple|Giga Drain|p2a: Tyranitar
|-supereffective|p2a: Tyranitar
|-damage|p2a: Tyranitar|6/100
|-heal|p1a: Hydrapple|25/100|[from] drain|[of] p2a: Tyranitar
|
|-weather|none
|upkeep
|turn|6
|
|t:|1760734041
|move|p2a: Tyranitar|Stone Edge|p1a: Hydrapple
|-damage|p1a: Hydrapple|0 fnt
|faint|p1a: Hydrapple
|
|upkeep
|
|t:|1760734044
|switch|p1a: Moltres|Moltres|100/100
|turn|7
|
|t:|1760734050
|move|p1a: Moltres|U-turn|p2a: Tyranitar
|-supereffective|p2a: Tyranitar
|-damage|p2a: Tyranitar|0 fnt
|faint|p2a: Tyranitar
|
|t:|1760734055
|switch|p1a: Great Tusk|Great Tusk|100/100|[from] U-turn
|
|upkeep
|
|t:|1760734059
|switch|p2a: Landorus|Landorus-Therian, M|100/100
|-ability|p2a: Landorus|Intimidate|boost
|-unboost|p1a: Great Tusk|atk|1
|turn|8
|
|t:|1760734064
|switch|p2a: Garganacl|Garganacl, M|100/100
|-damage|p2a: Garganacl|84/100|[from] Spikes
|move|p1a: Great Tusk|Ice Spinner|p2a: Garganacl
|-damage|p2a: Garganacl|75/100
|-damage|p1a: Great Tusk|84/100|[from] item: Rocky Helmet|[of] p2a: Garganacl
|
|upkeep
|turn|9
|
|t:|1760734072
|-end|p1a: Great Tusk|Protosynthesis|[silent]
|switch|p1a: Clefable|Clefable, M|100/100
|switch|p2a: Landorus|Landorus-Therian, M|100/100
|-ability|p2a: Landorus|Intimidate|boost
|-unboost|p1a: Clefable|atk|1
|
|upkeep
|turn|10
|
|t:|1760734090
|move|p2a: Landorus|Taunt|p1a: Clefable
|-start|p1a: Clefable|move: Taunt
|move|p1a: Clefable|Knock Off|p2a: Landorus
|-damage|p2a: Landorus|88/100
|-enditem|p2a: Landorus|Rocky Helmet|[from] move: Knock Off|[of] p1a: Clefable
|
|upkeep
|turn|11
|
|t:|1760734099
|move|p2a: Landorus|Stealth Rock|p1a: Clefable
|-sidestart|p1: testaccount619|move: Stealth Rock
|move|p1a: Clefable|Moonblast|p2a: Landorus
|-damage|p2a: Landorus|49/100
|-unboost|p2a: Landorus|spa|1
|
|upkeep
|turn|12
|
|t:|1760734106
|move|p2a: Landorus|Earthquake|p1a: Clefable
|-damage|p1a: Clefable|55/100
|move|p1a: Clefable|Moonblast|p2a: Landorus
|-damage|p2a: Landorus|8/100
|-unboost|p2a: Landorus|spa|1
|
|-heal|p1a: Clefable|61/100|[from] item: Leftovers
|-end|p1a: Clefable|move: Taunt
|upkeep
|turn|13
|
|t:|1760734117
|move|p2a: Landorus|Taunt|p1a: Clefable
|-start|p1a: Clefable|move: Taunt
|move|p1a: Clefable|Moonblast|p2a: Landorus
|-damage|p2a: Landorus|0 fnt
|faint|p2a: Landorus
|
|-heal|p1a: Clefable|67/100|[from] item: Leftovers
|upkeep
|
|t:|1760734126
|switch|p2a: Excadrill|Excadrill, F|100/100
|-item|p2a: Excadrill|Air Balloon
|turn|14
|
|t:|1760734131
|switch|p1a: Moltres|Moltres|100/100
|move|p2a: Excadrill|Rapid Spin|p1a: Moltres
|-damage|p1a: Moltres|87/100
|-boost|p2a: Excadrill|spe|1
|-sideend|p2: Ruler of the Sand|Spikes|[from] move: Rapid Spin|[of] p2a: Excadrill
|
|upkeep
|turn|15
|
|t:|1760734138
|switch|p2a: Garganacl|Garganacl, M|75/100
|move|p1a: Moltres|Flamethrower|p2a: Garganacl
|-resisted|p2a: Garganacl
|-damage|p2a: Garganacl|57/100
|
|upkeep
|turn|16
|
|t:|1760734146
|move|p2a: Garganacl|Curse|p2a: Garganacl
|-unboost|p2a: Garganacl|spe|1
|-boost|p2a: Garganacl|atk|1
|-boost|p2a: Garganacl|def|1
|move|p1a: Moltres|Roar|p2a: Garganacl
|drag|p2a: Excadrill|Excadrill, F|100/100
|-item|p2a: Excadrill|Air Balloon
|
|upkeep
|turn|17
|
|t:|1760734155
|switch|p2a: Quagsire|Quagsire, M|100/100
|move|p1a: Moltres|Flamethrower|p2a: Quagsire
|-resisted|p2a: Quagsire
|-damage|p2a: Quagsire|78/100
|
|-heal|p2a: Quagsire|85/100|[from] item: Leftovers
|upkeep
|turn|18
|
|t:|1760734163
|move|p2a: Quagsire|Toxic|p1a: Moltres
|-status|p1a: Moltres|tox
|move|p1a: Moltres|Roar|p2a: Quagsire
|drag|p2a: Hippowdon|Hippowdon, M|100/100
|-weather|Sandstorm|[from] ability: Sand Stream|[of] p2a: Hippowdon
|
|-weather|Sandstorm|[upkeep]
|-damage|p1a: Moltres|81/100 tox|[from] Sandstorm
|-damage|p1a: Moltres|75/100 tox|[from] psn
|upkeep
|turn|19
|
|t:|1760734176
|switch|p2a: Quagsire|Quagsire, M|85/100
|move|p1a: Moltres|U-turn|p2a: Quagsire
|-damage|p2a: Quagsire|74/100
|
|t:|1760734182
|switch|p1a: Great Tusk|Great Tusk|84/100|[from] U-turn
|
|-weather|Sandstorm|[upkeep]
|-heal|p2a: Quagsire|80/100|[from] item: Leftovers
|upkeep
|turn|20
|
|t:|1760734189
|-terastallize|p1a: Great Tusk|Steel
|move|p1a: Great Tusk|Rapid Spin|p2a: Quagsire
|-crit|p2a: Quagsire
|-damage|p2a: Quagsire|60/100
|-boost|p1a: Great Tusk|spe|1
|-sideend|p1: testaccount619|Stealth Rock|[from] move: Rapid Spin|[of] p1a: Great Tusk
|move|p2a: Quagsire|Whirlpool|p1a: Great Tusk
|-damage|p1a: Great Tusk|71/100
|-activate|p1a: Great Tusk|move: Whirlpool|[of] p2a: Quagsire
|
|-weather|Sandstorm|[upkeep]
|-heal|p2a: Quagsire|66/100|[from] item: Leftovers
|-damage|p1a: Great Tusk|59/100|[from] move: Whirlpool|[partiallytrapped]
|upkeep
|turn|21
|
|t:|1760734202
|move|p1a: Great Tusk|Close Combat|p2a: Quagsire
|-damage|p2a: Quagsire|21/100
|-unboost|p1a: Great Tusk|def|1
|-unboost|p1a: Great Tusk|spd|1
|move|p2a: Quagsire|Recover|p2a: Quagsire
|-heal|p2a: Quagsire|71/100
|
|-weather|Sandstorm|[upkeep]
|-heal|p2a: Quagsire|77/100|[from] item: Leftovers
|-damage|p1a: Great Tusk|46/100|[from] move: Whirlpool|[partiallytrapped]
|upkeep
|turn|22
|-message|testaccount619 forfeited.
|
|win|Ruler of the Sand
|raw|testaccount619's rating: 1195 &rarr; <strong>1170</strong><br />(-25 for losing)
|raw|Ruler of the Sand's rating: 1199 &rarr; <strong>1224</strong><br />(+25 for winning)
|l|☆testaccount619
|player|p1|
