|j|☆PV_09
|j|☆Slim Summers
|t:|1760726707
|gametype|singles
|player|p1|PV_09|hexmaniac-gen3jp|1365
|player|p2|Slim Summers|blue|1350
|gen|9
|tier|[Gen 9] OU
|rated|
|rule|HP Percentage Mod: HP is shown in percentages
|rule|Endless Battle Clause: Forcing endless battles is banned
|rule|Species Clause: Limit one of each Pokémon
|rule|OHKO Clause: OHKO moves are banned
|rule|Evasion Items Clause: Evasion items are banned
|rule|Evasion Moves Clause: Evasion moves are banned
|rule|Evasion Abilities Clause: Evasion abilities are banned
|rule|Sleep Moves Clause: Sleep-inducing moves are banned
|clearpoke
|poke|p1|Hatterene, F|
|poke|p1|Bronzong|
|poke|p1|Slowking-Galar, F|
|poke|p1|Iron Hands|
|poke|p1|Gholdengo|
|poke|p1|Ursaluna, F|
|poke|p2|Arcanine-Hisui, M|
|poke|p2|Slowking-Galar, M|
|poke|p2|Great Tusk|
|poke|p2|Dragapult, M|
|poke|p2|Rillaboom, F|
|poke|p2|Darkrai|
|teampreview
|inactive|Battle timer is ON: inactive players will automatically lose when time's up. (requested by Slim Summers)
|inactive|PV_09 has 120 seconds left.
|
|t:|1760726760
|teamsize|p1|6
|teamsize|p2|6
|start
|switch|p1a: tesla-gnarly|Iron Hands|100/100
|switch|p2a: Arcanine|Arcanine-Hisui, M|100/100
|turn|1
|
|t:|1760726770
|move|p2a: Arcanine|Flare Blitz|p1a: tesla-gnarly
|-damage|p1a: tesla-gnarly|48/100
|move|p1a: tesla-gnarly|Close Combat|p2a: Arcanine
|-supereffective|p2a: Arcanine
|-damage|p2a: Arcanine|0 fnt
|-unboost|p1a: tesla-gnarly|def|1
|-unboost|p1a: tesla-gnarly|spd|1
|faint|p2a: Arcanine
|
|upkeep
|
|t:|1760726790
|switch|p2a: Dragapult|Dragapult, M|100/100
|turn|2
|inactive|PV_09 has 120 seconds left.
|
|t:|1760726821
|-end|p1a: tesla-gnarly|Quark Drive|[silent]
|switch|p1a: nice & slow|Ursaluna, F|100/100
|move|p2a: Dragapult|Shadow Ball|p1a: nice & slow
|-immune|p1a: nice & slow
|
|-status|p1a: nice & slow|brn|[from] item: Flame Orb
|upkeep
|turn|3
|inactive|PV_09 has 120 seconds left.
|
|t:|1760726834
|switch|p2a: Great Tusk|Great Tusk|100/100
|-terastallize|p1a: nice & slow|Normal
|move|p1a: nice & slow|Facade|p2a: Great Tusk
|-damage|p2a: Great Tusk|0 fnt
|-damage|p1a: nice & slow|84/100 brn|[from] item: Rocky Helmet|[of] p2a: Great Tusk
|faint|p2a: Great Tusk
|-end|p2a: Great Tusk|Protosynthesis|[silent]
|
|-damage|p1a: nice & slow|78/100 brn|[from] brn
|upkeep
|
|t:|1760726846
|switch|p2a: Rillaboom|Rillaboom, F|100/100
|-fieldstart|move: Grassy Terrain|[from] ability: Grassy Surge|[of] p2a: Rillaboom
|turn|4
|inactive|PV_09 has 120 seconds left.
|
|t:|1760726881
|switch|p1a: *NSYNC|Bronzong|100/100
|move|p2a: Rillaboom|Wood Hammer|p1a: *NSYNC
|-resisted|p1a: *NSYNC
|-damage|p1a: *NSYNC|48/100
|-damage|p2a: Rillaboom|83/100|[from] Recoil
|
|-heal|p2a: Rillaboom|89/100|[from] Grassy Terrain
|-heal|p1a: *NSYNC|54/100|[from] item: Leftovers
|upkeep
|turn|5
|
|t:|1760726892
|-terastallize|p2a: Rillaboom|Grass
|move|p2a: Rillaboom|Wood Hammer|p1a: *NSYNC
|-resisted|p1a: *NSYNC
|-damage|p1a: *NSYNC|0 fnt
|faint|p1a: *NSYNC
|-damage|p2a: Rillaboom|72/100|[from] Recoil
|
|-heal|p2a: Rillaboom|78/100|[from] Grassy Terrain
|upkeep
|
|t:|1760726903
|switch|p1a: slowqueen|Slowking-Galar, F|100/100
|turn|6
|
|t:|1760726918
|switch|p2a: Darkrai|Darkrai|100/100
|move|p1a: slowqueen|Trick Room|p1a: slowqueen
|-fieldstart|move: Trick Room|[of] p1a: slowqueen
|
|upkeep
|turn|7
|
|t:|1760726926
|switch|p1a: tesla-gnarly|Iron Hands|48/100
|move|p2a: Darkrai|Dark Pulse|p1a: tesla-gnarly
|-resisted|p1a: tesla-gnarly
|-damage|p1a: tesla-gnarly|29/100
|
|-heal|p1a: tesla-gnarly|35/100|[from] Grassy Terrain
|upkeep
|turn|8
|inactive|PV_09 has 120 seconds left.
|
|t:|1760726936
|switch|p2a: Dragapult|Dragapult, M|100/100
|move|p1a: tesla-gnarly|Ice Punch|p2a: Dragapult
|-supereffective|p2a: Dragapult
|-damage|p2a: Dragapult|0 fnt
|faint|p2a: Dragapult
|
|-heal|p1a: tesla-gnarly|41/100|[from] Grassy Terrain
|-fieldend|move: Grassy Terrain
|upkeep
|inactive|Slim Summers has 120 seconds left.
|
|t:|1760726964
|switch|p2a: Slowking|Slowking-Galar, M|100/100
|turn|9
|inactive|Slim Summers has 120 seconds left.
|inactive|PV_09 has 120 seconds left.
|
|t:|1760726989
|-end|p1a: tesla-gnarly|Quark Drive|[silent]
|switch|p1a: slowqueen|Slowking-Galar, F|100/100
|move|p2a: Slowking|Sludge Bomb|p1a: slowqueen
|-resisted|p1a: slowqueen
|-damage|p1a: slowqueen|88/100
|
|upkeep
|turn|10
|
|t:|1760726995
|move|p1a: slowqueen|Future Sight|p2a: Slowking
|-start|p1a: slowqueen|move: Future Sight
|move|p2a: Slowking|Future Sight|p1a: slowqueen
|-start|p2a: Slowking|move: Future Sight
|
|-fieldend|move: Trick Room
|upkeep
|turn|11
|inactive|PV_09 has 120 seconds left.
|
|t:|1760727001
|-prepare|p2a: Slowking|Chilly Reception|[premajor]
|move|p2a: Slowking|Chilly Reception|p2a: Slowking
|-weather|Snowscape
|
|t:|1760727004
|switch|p2a: Darkrai|Darkrai|100/100|[from] Chilly Reception
|move|p1a: slowqueen|Trick Room|p1a: slowqueen
|-fieldstart|move: Trick Room|[of] p1a: slowqueen
|
|-weather|Snowscape|[upkeep]
|upkeep
|turn|12
|inactive|PV_09 has 120 seconds left.
|
|t:|1760727022
|switch|p1a: tesla-gnarly|Iron Hands|41/100
|move|p2a: Darkrai|Dark Pulse|p1a: tesla-gnarly
|-resisted|p1a: tesla-gnarly
|-damage|p1a: tesla-gnarly|22/100
|
|-weather|Snowscape|[upkeep]
|-end|p1a: tesla-gnarly|move: Future Sight
|-supereffective|p1a: tesla-gnarly
|-damage|p1a: tesla-gnarly|0 fnt
|faint|p1a: tesla-gnarly
|-end|p1a: tesla-gnarly|Quark Drive|[silent]
|-end|p2a: Darkrai|move: Future Sight
|-immune|p2a: Darkrai
|upkeep
|inactive|PV_09 has 120 seconds left.
|
|t:|1760727034
|switch|p1a: nice & slow|Ursaluna, F, tera:Normal|78/100 brn
|turn|13
|
|t:|1760727049
|switch|p2a: Slowking|Slowking-Galar, M|100/100
|move|p1a: nice & slow|Facade|p2a: Slowking
|-damage|p2a: Slowking|0 fnt
|faint|p2a: Slowking
|
|-weather|Snowscape|[upkeep]
|-damage|p1a: nice & slow|72/100 brn|[from] brn
|upkeep
|
|t:|1760727065
|switch|p2a: Rillaboom|Rillaboom, F, tera:Grass|78/100
|-fieldstart|move: Grassy Terrain|[from] ability: Grassy Surge|[of] p2a: Rillaboom
|turn|14
|
|t:|1760727075
|move|p2a: Rillaboom|Grassy Glide|p1a: nice & slow
|-damage|p1a: nice & slow|18/100 brn
|move|p1a: nice & slow|Facade|p2a: Rillaboom
|-damage|p2a: Rillaboom|0 fnt
|faint|p2a: Rillaboom
|
|-weather|Snowscape|[upkeep]
|-heal|p1a: nice & slow|24/100 brn|[from] Grassy Terrain
|-damage|p1a: nice & slow|18/100 brn|[from] brn
|upkeep
|-message|Slim Summers forfeited.
|
|win|PV_09
|raw|PV_09's rating: 1365 &rarr; <strong>1384</strong><br />(+19 for winning)
|raw|Slim Summers's rating: 1350 &rarr; <strong>1331</strong><br />(-19 for losing)
|l|☆Slim Summers
|player|p2|
|l|☆PV_09
|player|p1|
