|j|☆Euzebio98
|j|☆Prince_Soowon
|t:|1760722870
|gametype|singles
|player|p1|Euzebio98|1|1501
|player|p2|Prince_Soowon|maylene|1486
|gen|9
|tier|[Gen 9] OU
|rated|
|rule|HP Percentage Mod: HP is shown in percentages
|rule|Endless Battle Clause: Forcing endless battles is banned
|rule|Species Clause: Limit one of each Pokémon
|rule|OHKO Clause: OHKO moves are banned
|rule|Evasion Items Clause: Evasion items are banned
|rule|Evasion Moves Clause: Evasion moves are banned
|rule|Evasion Abilities Clause: Evasion abilities are banned
|rule|Sleep Moves Clause: Sleep-inducing moves are banned
|clearpoke
|poke|p1|Ludicolo, M|
|poke|p1|Pelipper, M|
|poke|p1|Barraskewda, F|
|poke|p1|Iron Crown|
|poke|p1|Great Tusk|
|poke|p1|Moltres|
|poke|p2|Excadrill, F|
|poke|p2|Mamoswine, F|
|poke|p2|Scizor, F|
|poke|p2|Keldeo|
|poke|p2|Slowking-Galar, F|
|poke|p2|Dragonite, F|
|teampreview
|inactive|Battle timer is ON: inactive players will automatically lose when time's up. (requested by Prince_Soowon)
|
|t:|1760722891
|teamsize|p1|6
|teamsize|p2|6
|start
|switch|p1a: MkLeo|Moltres|100/100
|switch|p2a: Excadrill|Excadrill, F|100/100
|-ability|p2a: Excadrill|Mold Breaker
|turn|1
|
|t:|1760722906
|move|p2a: Excadrill|Stealth Rock|p1a: MkLeo
|-sidestart|p1: Euzebio98|move: Stealth Rock
|move|p1a: MkLeo|Will-O-Wisp|p2a: Excadrill
|-status|p2a: Excadrill|brn
|
|-damage|p2a: Excadrill|94/100 brn|[from] brn
|upkeep
|turn|2
|
|t:|1760722914
|switch|p2a: Keldeo|Keldeo|100/100
|move|p1a: MkLeo|U-turn|p2a: Keldeo
|-resisted|p2a: Keldeo
|-damage|p2a: Keldeo|92/100
|
|t:|1760722923
|switch|p1a: Sergio Perez|Iron Crown|100/100|[from] U-turn
|-damage|p1a: Sergio Perez|94/100|[from] Stealth Rock
|
|upkeep
|turn|3
|
|t:|1760722930
|move|p2a: Keldeo|Surf|p1a: Sergio Perez
|-damage|p1a: Sergio Perez|46/100
|move|p1a: Sergio Perez|Future Sight|p2a: Keldeo
|-start|p1a: Sergio Perez|move: Future Sight
|
|upkeep
|turn|4
|
|t:|1760722943
|move|p2a: Keldeo|Surf|p1a: Sergio Perez
|-damage|p1a: Sergio Perez|1/100
|move|p1a: Sergio Perez|Volt Switch|p2a: Keldeo
|-supereffective|p2a: Keldeo
|-damage|p2a: Keldeo|33/100
|
|t:|1760722949
|-end|p1a: Sergio Perez|Quark Drive|[silent]
|switch|p1a: Del Toro|Great Tusk|100/100|[from] Volt Switch
|-damage|p1a: Del Toro|98/100|[from] Stealth Rock
|-enditem|p1a: Del Toro|Booster Energy
|-activate|p1a: Del Toro|ability: Protosynthesis|[fromitem]
|-start|p1a: Del Toro|protosynthesisatk
|
|upkeep
|turn|5
|
|t:|1760722955
|move|p2a: Keldeo|Surf|p1a: Del Toro
|-supereffective|p1a: Del Toro
|-damage|p1a: Del Toro|0 fnt
|faint|p1a: Del Toro
|-end|p1a: Del Toro|Protosynthesis|[silent]
|
|-end|p2a: Keldeo|move: Future Sight
|-supereffective|p2a: Keldeo
|-damage|p2a: Keldeo|0 fnt
|faint|p2a: Keldeo
|upkeep
|
|t:|1760722961
|switch|p2a: Slowking|Slowking-Galar, F|100/100
|switch|p1a: Frida Khalo|Pelipper, M|100/100
|-damage|p1a: Frida Khalo|76/100|[from] Stealth Rock
|-weather|RainDance|[from] ability: Drizzle|[of] p1a: Frida Khalo
|turn|6
|
|t:|1760722966
|move|p1a: Frida Khalo|U-turn|p2a: Slowking
|-damage|p2a: Slowking|93/100
|
|t:|1760722969
|switch|p1a: Speedy Gonzales|Barraskewda, F|100/100|[from] U-turn
|-damage|p1a: Speedy Gonzales|88/100|[from] Stealth Rock
|-prepare|p2a: Slowking|Chilly Reception|[premajor]
|move|p2a: Slowking|Chilly Reception|p2a: Slowking
|-weather|Snowscape
|
|t:|1760722988
|switch|p2a: Dragonite|Dragonite, F|100/100|[from] Chilly Reception
|
|-weather|Snowscape|[upkeep]
|upkeep
|turn|7
|
|t:|1760722993
|move|p2a: Dragonite|Extreme Speed|p1a: Speedy Gonzales
|-damage|p1a: Speedy Gonzales|32/100
|move|p1a: Speedy Gonzales|Flip Turn|p2a: Dragonite
|-resisted|p2a: Dragonite
|-damage|p2a: Dragonite|87/100
|
|t:|1760722996
|switch|p1a: MkLeo|Moltres|100/100|[from] Flip Turn
|
|-weather|Snowscape|[upkeep]
|upkeep
|turn|8
|
|t:|1760723006
|switch|p2a: Slowking|Slowking-Galar, F|100/100
|move|p1a: MkLeo|U-turn|p2a: Slowking
|-damage|p2a: Slowking|91/100
|
|t:|1760723011
|switch|p1a: Speedy Gonzales|Barraskewda, F|32/100|[from] U-turn
|-damage|p1a: Speedy Gonzales|20/100|[from] Stealth Rock
|
|-weather|Snowscape|[upkeep]
|upkeep
|turn|9
|
|t:|1760723023
|move|p1a: Speedy Gonzales|Liquidation|p2a: Slowking
|-damage|p2a: Slowking|39/100
|-unboost|p2a: Slowking|def|1
|move|p2a: Slowking|Future Sight|p1a: Speedy Gonzales
|-start|p2a: Slowking|move: Future Sight
|
|-weather|Snowscape|[upkeep]
|upkeep
|turn|10
|
|t:|1760723032
|switch|p1a: Sergio Perez|Iron Crown|1/100
|-damage|p1a: Sergio Perez|0 fnt|[from] Stealth Rock
|faint|p1a: Sergio Perez
|-end|p1a: Sergio Perez|Quark Drive|[silent]
|switch|p2a: Dragonite|Dragonite, F|87/100
|
|-weather|none
|upkeep
|
|t:|1760723036
|switch|p1a: Frida Khalo|Pelipper, M|76/100
|-damage|p1a: Frida Khalo|51/100|[from] Stealth Rock
|-weather|RainDance|[from] ability: Drizzle|[of] p1a: Frida Khalo
|turn|11
|
|t:|1760723050
|move|p2a: Dragonite|Dragon Dance|p2a: Dragonite
|-boost|p2a: Dragonite|atk|1
|-boost|p2a: Dragonite|spe|1
|move|p1a: Frida Khalo|Hurricane|p2a: Dragonite
|-damage|p2a: Dragonite|50/100
|
|-weather|RainDance|[upkeep]
|-end|p1a: Frida Khalo|move: Future Sight
|-damage|p1a: Frida Khalo|0 fnt
|faint|p1a: Frida Khalo
|upkeep
|
|t:|1760723054
|switch|p1a: El Chapo|Ludicolo, M|100/100
|-damage|p1a: El Chapo|88/100|[from] Stealth Rock
|turn|12
|
|t:|1760723058
|-terastallize|p2a: Dragonite|Normal
|move|p2a: Dragonite|Extreme Speed|p1a: El Chapo
|-damage|p1a: El Chapo|0 fnt
|faint|p1a: El Chapo
|
|-weather|RainDance|[upkeep]
|upkeep
|-message|Euzebio98 forfeited.
|
|win|Prince_Soowon
|raw|Euzebio98's rating: 1501 &rarr; <strong>1480</strong><br />(-21 for losing)
|raw|Prince_Soowon's rating: 1486 &rarr; <strong>1507</strong><br />(+21 for winning)
|l|☆Euzebio98
|player|p1|
|l|☆Prince_Soowon
|player|p2|
