|badge|p2|bronze|gen9ou|100-7
|uhtml|medal-msg|<div class="broadcast-blue">Curious what those medals under the avatar are? PS now has Ladder Seasons! For more information, check out the <a href="https://www.smogon.com/forums/threads/3740067/">thread on Smogon.</a></div>
|j|☆ch1ck3n nu99ets
|j|☆SpongeGar & Patar
|t:|1760823475
|gametype|singles
|player|p1|ch1ck3n nu99ets|1|1840
|player|p2|SpongeGar & Patar|101|1813
|gen|9
|tier|[Gen 9] OU
|rated|
|rule|HP Percentage Mod: HP is shown in percentages
|rule|Endless Battle Clause: Forcing endless battles is banned
|rule|Species Clause: Limit one of each Pokémon
|rule|OHKO Clause: OHKO moves are banned
|rule|Evasion Items Clause: Evasion items are banned
|rule|Evasion Moves Clause: Evasion moves are banned
|rule|Evasion Abilities Clause: Evasion abilities are banned
|rule|Sleep Moves Clause: Sleep-inducing moves are banned
|clearpoke
|poke|p1|Pelipper, F|
|poke|p1|Basculegion, M|
|poke|p1|Scizor, M|
|poke|p1|Iron Valiant|
|poke|p1|Sandy Shocks|
|poke|p1|Manaphy|
|poke|p2|Kyurem|
|poke|p2|Corviknight, F|
|poke|p2|Ting-Lu|
|poke|p2|Dondozo, F|
|poke|p2|Slowking-Galar, L99, F|
|poke|p2|Cinderace, F|
|teampreview
|inactive|Battle timer is ON: inactive players will automatically lose when time's up. (requested by ch1ck3n nu99ets)
|inactive|SpongeGar & Patar has 120 seconds left.
|
|t:|1760823524
|teamsize|p1|6
|teamsize|p2|6
|start
|switch|p1a: Scizor|Scizor, M|100/100
|switch|p2a: Kyurem|Kyurem|100/100
|-ability|p2a: Kyurem|Pressure
|turn|1
|inactive|SpongeGar & Patar also wants the timer to be on.
|inactive|SpongeGar & Patar has 120 seconds left.
|
|t:|1760823571
|move|p2a: Kyurem|Protect|p2a: Kyurem
|-singleturn|p2a: Kyurem|Protect
|move|p1a: Scizor|Knock Off|p2a: Kyurem
|-activate|p2a: Kyurem|move: Protect
|
|upkeep
|turn|2
|inactive|SpongeGar & Patar has 90 seconds left.
|
|t:|1760823619
|move|p2a: Kyurem|Earth Power|p1a: Scizor
|-damage|p1a: Scizor|65/100
|move|p1a: Scizor|Knock Off|p2a: Kyurem
|-damage|p2a: Kyurem|69/100
|-enditem|p2a: Kyurem|Leftovers|[from] move: Knock Off|[of] p1a: Scizor
|
|upkeep
|turn|3
|inactive|SpongeGar & Patar has 60 seconds left.
|inactive|SpongeGar & Patar has 30 seconds left.
|
|t:|1760823670
|switch|p2a: Corviknight|Corviknight, F|100/100
|-ability|p2a: Corviknight|Pressure
|move|p1a: Scizor|Knock Off|p2a: Corviknight
|-damage|p2a: Corviknight|80/100
|-damage|p1a: Scizor|49/100|[from] item: Rocky Helmet|[of] p2a: Corviknight
|-enditem|p2a: Corviknight|Rocky Helmet|[from] move: Knock Off|[of] p1a: Scizor
|-enditem|p1a: Scizor|Sitrus Berry|[eat]
|-heal|p1a: Scizor|73/100|[from] item: Sitrus Berry
|
|upkeep
|turn|4
|inactive|SpongeGar & Patar has 30 seconds left.
|
|t:|1760823683
|move|p2a: Corviknight|Brave Bird|p1a: Scizor
|-damage|p1a: Scizor|39/100
|-damage|p2a: Corviknight|70/100|[from] Recoil
|move|p1a: Scizor|U-turn|p2a: Corviknight
|-resisted|p2a: Corviknight
|-damage|p2a: Corviknight|64/100
|
|t:|1760823687
|switch|p1a: Pelipper|Pelipper, F|100/100|[from] U-turn
|-weather|RainDance|[from] ability: Drizzle|[of] p1a: Pelipper
|
|-weather|RainDance|[upkeep]
|upkeep
|turn|5
|
|t:|1760823696
|move|p2a: Corviknight|Roost|p2a: Corviknight
|-heal|p2a: Corviknight|100/100
|-singleturn|p2a: Corviknight|move: Roost
|move|p1a: Pelipper|U-turn|p2a: Corviknight
|-resisted|p2a: Corviknight
|-damage|p2a: Corviknight|98/100
|j| mir merchant
|inactive|ch1ck3n nu99ets has 120 seconds left.
|l| mir merchant
|
|t:|1760823744
|switch|p1a: Sandy Shocks|Sandy Shocks|100/100|[from] U-turn
|-enditem|p1a: Sandy Shocks|Booster Energy
|-activate|p1a: Sandy Shocks|ability: Protosynthesis|[fromitem]
|-start|p1a: Sandy Shocks|protosynthesisspe
|
|-weather|RainDance|[upkeep]
|upkeep
|turn|6
|
|t:|1760823754
|switch|p2a: Kyurem|Kyurem|69/100
|-ability|p2a: Kyurem|Pressure
|move|p1a: Sandy Shocks|Stealth Rock|p2a: Kyurem
|-sidestart|p2: SpongeGar & Patar|move: Stealth Rock
|
|-weather|RainDance|[upkeep]
|upkeep
|turn|7
|
|t:|1760823763
|move|p1a: Sandy Shocks|Earth Power|p2a: Kyurem
|-damage|p2a: Kyurem|27/100
|-unboost|p2a: Kyurem|spd|1
|move|p2a: Kyurem|Earth Power|p1a: Sandy Shocks
|-supereffective|p1a: Sandy Shocks
|-damage|p1a: Sandy Shocks|25/100
|
|-weather|RainDance|[upkeep]
|upkeep
|turn|8
|inactive|ch1ck3n nu99ets has 120 seconds left.
|inactive|SpongeGar & Patar has 60 seconds left.
|
|t:|1760823774
|switch|p2a: Ting-Lu|Ting-Lu|100/100
|-damage|p2a: Ting-Lu|94/100|[from] Stealth Rock
|-ability|p2a: Ting-Lu|Vessel of Ruin
|move|p1a: Sandy Shocks|Earth Power|p2a: Ting-Lu
|-damage|p2a: Ting-Lu|77/100
|
|-weather|RainDance|[upkeep]
|-heal|p2a: Ting-Lu|84/100|[from] item: Leftovers
|upkeep
|turn|9
|inactive|SpongeGar & Patar has 60 seconds left.
|
|t:|1760823783
|-end|p1a: Sandy Shocks|Protosynthesis|[silent]
|switch|p1a: Basculegion|Basculegion, M, shiny|100/100
|move|p2a: Ting-Lu|Earthquake|p1a: Basculegion
|-damage|p1a: Basculegion|50/100
|
|-weather|RainDance|[upkeep]
|-heal|p2a: Ting-Lu|90/100|[from] item: Leftovers
|upkeep
|turn|10
|inactive|SpongeGar & Patar has 60 seconds left.
|
|t:|1760823794
|-terastallize|p2a: Ting-Lu|Water
|move|p1a: Basculegion|Flip Turn|p2a: Ting-Lu
|-resisted|p2a: Ting-Lu
|-damage|p2a: Ting-Lu|73/100
|
|t:|1760823798
|switch|p1a: Manaphy|Manaphy|100/100|[from] Flip Turn
|move|p2a: Ting-Lu|Payback|p1a: Manaphy
|-damage|p1a: Manaphy|88/100
|
|-weather|RainDance|[upkeep]
|-heal|p1a: Manaphy|94/100|[from] item: Leftovers
|-heal|p2a: Ting-Lu|80/100|[from] item: Leftovers
|upkeep
|turn|11
|
|t:|1760823808
|move|p1a: Manaphy|Take Heart|p1a: Manaphy
|-boost|p1a: Manaphy|spa|1
|-boost|p1a: Manaphy|spd|1
|move|p2a: Ting-Lu|Earthquake|p1a: Manaphy
|-damage|p1a: Manaphy|71/100
|
|-weather|none
|-heal|p1a: Manaphy|77/100|[from] item: Leftovers
|-heal|p2a: Ting-Lu|86/100|[from] item: Leftovers
|upkeep
|turn|12
|
|t:|1760823818
|switch|p2a: Slowking|Slowking-Galar, L99, F|100/100
|move|p1a: Manaphy|Take Heart|p1a: Manaphy
|-boost|p1a: Manaphy|spa|1
|-boost|p1a: Manaphy|spd|1
|
|-heal|p1a: Manaphy|83/100|[from] item: Leftovers
|upkeep
|turn|13
|
|t:|1760823827
|move|p1a: Manaphy|Take Heart|p1a: Manaphy
|-boost|p1a: Manaphy|spa|1
|-boost|p1a: Manaphy|spd|1
|move|p2a: Slowking|Future Sight|p1a: Manaphy
|-start|p2a: Slowking|move: Future Sight
|
|-heal|p1a: Manaphy|89/100|[from] item: Leftovers
|upkeep
|turn|14
|
|t:|1760823836
|move|p1a: Manaphy|Take Heart|p1a: Manaphy
|-boost|p1a: Manaphy|spa|1
|-boost|p1a: Manaphy|spd|1
|move|p2a: Slowking|Toxic|p1a: Manaphy
|-status|p1a: Manaphy|tox
|
|-heal|p1a: Manaphy|95/100 tox|[from] item: Leftovers
|-damage|p1a: Manaphy|89/100 tox|[from] psn
|upkeep
|turn|15
|
|t:|1760823846
|move|p1a: Manaphy|Take Heart|p1a: Manaphy
|-boost|p1a: Manaphy|spa|1
|-boost|p1a: Manaphy|spd|1
|-curestatus|p1a: Manaphy|tox|[msg]
|move|p2a: Slowking|Sludge Bomb|p1a: Manaphy
|-damage|p1a: Manaphy|82/100
|
|-end|p1a: Manaphy|move: Future Sight
|-damage|p1a: Manaphy|72/100
|-heal|p1a: Manaphy|78/100|[from] item: Leftovers
|upkeep
|turn|16
|inactive|SpongeGar & Patar has 90 seconds left.
|
|t:|1760823855
|switch|p2a: Kyurem|Kyurem|27/100
|-damage|p2a: Kyurem|2/100|[from] Stealth Rock
|-ability|p2a: Kyurem|Pressure
|move|p1a: Manaphy|Stored Power|p2a: Kyurem
|-damage|p2a: Kyurem|0 fnt
|faint|p2a: Kyurem
|
|-heal|p1a: Manaphy|84/100|[from] item: Leftovers
|upkeep
|inactive|SpongeGar & Patar has 90 seconds left.
|j| roll&shoot
|inactive|SpongeGar & Patar has 60 seconds left.
|j| crowv2
|
|t:|1760823904
|switch|p2a: Cinderace|Cinderace, F|100/100
|turn|17
|inactive|SpongeGar & Patar has 30 seconds left.
|inactive|SpongeGar & Patar has 20 seconds left.
|inactive|SpongeGar & Patar has 15 seconds left.
|
|t:|1760823952
|move|p2a: Cinderace|Court Change|p2a: Cinderace
|-swapsideconditions
|-activate|p2a: Cinderace|move: Court Change
|move|p1a: Manaphy|Scald|p2a: Cinderace
|-supereffective|p2a: Cinderace
|-damage|p2a: Cinderace|0 fnt
|faint|p2a: Cinderace
|
|-heal|p1a: Manaphy|90/100|[from] item: Leftovers
|upkeep
|inactive|SpongeGar & Patar has 20 seconds left this turn.
|inactive|SpongeGar & Patar has 15 seconds left.
|
|t:|1760823961
|switch|p2a: Ting-Lu|Ting-Lu, tera:Water|86/100
|-ability|p2a: Ting-Lu|Vessel of Ruin
|turn|18
|inactive|SpongeGar & Patar has 25 seconds left this turn.
|inactive|SpongeGar & Patar has 20 seconds left.
|
|t:|1760823977
|move|p1a: Manaphy|Take Heart|p1a: Manaphy
|-boost|p1a: Manaphy|spa|1
|-boost|p1a: Manaphy|spd|1
|move|p2a: Ting-Lu|Rest|p2a: Ting-Lu
|-status|p2a: Ting-Lu|slp|[from] move: Rest
|-heal|p2a: Ting-Lu|100/100 slp|[silent]
|
|-heal|p1a: Manaphy|96/100|[from] item: Leftovers
|upkeep
|turn|19
|inactive|SpongeGar & Patar has 30 seconds left this turn.
|
|t:|1760823986
|move|p1a: Manaphy|Stored Power|p2a: Ting-Lu
|-damage|p2a: Ting-Lu|0 fnt
|faint|p2a: Ting-Lu
|
|-heal|p1a: Manaphy|100/100|[from] item: Leftovers
|upkeep
|inactive|SpongeGar & Patar has 30 seconds left this turn.
|c|☆ch1ck3n nu99ets|gg
|
|t:|1760823995
|switch|p2a: Dondozo|Dondozo, F|100/100
|turn|20
|inactive|SpongeGar & Patar has 30 seconds left.
|
|t:|1760824004
|move|p1a: Manaphy|Stored Power|p2a: Dondozo
|-damage|p2a: Dondozo|49/100
|move|p2a: Dondozo|Rest|p2a: Dondozo
|-status|p2a: Dondozo|slp|[from] move: Rest
|-heal|p2a: Dondozo|100/100 slp|[silent]
|
|upkeep
|turn|21
|
|t:|1760824013
|switch|p2a: Slowking|Slowking-Galar, L99, F|100/100
|move|p1a: Manaphy|Stored Power|p2a: Slowking
|-damage|p2a: Slowking|0 fnt
|faint|p2a: Slowking
|
|upkeep
|l| roll&shoot
|
|t:|1760824021
|switch|p2a: Dondozo|Dondozo, F|100/100 slp
|turn|22
|
|t:|1760824029
|move|p1a: Manaphy|Stored Power|p2a: Dondozo
|-damage|p2a: Dondozo|44/100 slp
|cant|p2a: Dondozo|slp
|
|-heal|p2a: Dondozo|50/100 slp|[from] item: Leftovers
|upkeep
|turn|23
|
|t:|1760824036
|move|p1a: Manaphy|Stored Power|p2a: Dondozo
|-damage|p2a: Dondozo|0 fnt
|faint|p2a: Dondozo
|
|upkeep
|
|t:|1760824041
|switch|p2a: Corviknight|Corviknight, F|98/100
|-ability|p2a: Corviknight|Pressure
|turn|24
|
|t:|1760824045
|move|p1a: Manaphy|Scald|p2a: Corviknight
|-crit|p2a: Corviknight
|-damage|p2a: Corviknight|0 fnt
|faint|p2a: Corviknight
|
|win|ch1ck3n nu99ets
|raw|ch1ck3n nu99ets's rating: 1840 &rarr; <strong>1858</strong><br />(+18 for winning)
|raw|SpongeGar &amp; Patar's rating: 1813 &rarr; <strong>1795</strong><br />(-18 for losing)
|l|☆SpongeGar & Patar
|player|p2|
|c| crowv2|yeah, so manaphy is a instant kill to this team...
|l|☆ch1ck3n nu99ets
|player|p1|
|l| crowv2
