|j|☆Vampere151
|j|☆asterclan
|inactive|Battle timer is ON: inactive players will automatically lose when time's up.
|t:|1760846508
|gametype|singles
|player|p1|Vampere151|elio|
|player|p2|asterclan|brycen|
|gen|9
|tier|[Gen 9] OU
|rated|Tournament battle
|rule|HP Percentage Mod: HP is shown in percentages
|rule|Endless Battle Clause: Forcing endless battles is banned
|rule|Species Clause: Limit one of each Pokémon
|rule|OHKO Clause: OHKO moves are banned
|rule|Evasion Items Clause: Evasion items are banned
|rule|Evasion Moves Clause: Evasion moves are banned
|rule|Evasion Abilities Clause: Evasion abilities are banned
|rule|Sleep Moves Clause: Sleep-inducing moves are banned
|rule|Force of the Fallen Mod: Pok&émon pass the move in their last moveslot to their allies when they're KOed
|rule|Terastal Clause: You cannot Terastallize
|raw|<div class="infobox"><details class="readmore"><summary><strong>18 custom rules:</strong></summary> Force of the Fallen Mod, Standard OMs, Terastal Clause, -Enamorus, -Falinks, -Komala, -Kommo-o, -Lilligant-Hisui, -Rage Fist, *Belly Drum, *Extreme Speed, *Population Bomb, *Quiver Dance, *Revival Blessing, *Shell Smash, -Booster Energy, *Tail Glow, -Smeargle</details></div>
|clearpoke
|poke|p1|Deoxys-Speed|
|poke|p1|Indeedee, M|
|poke|p1|Iron Boulder|
|poke|p1|Polteageist|
|poke|p1|Hawlucha, M|
|poke|p1|Meowscarada, F|
|poke|p2|Samurott-Hisui, M|
|poke|p2|Iron Crown|
|poke|p2|Raging Bolt|
|poke|p2|Ogerpon-Cornerstone, F|
|poke|p2|Tornadus, M|
|poke|p2|Excadrill, M|
|teampreview
|j|*Lady Monita ☀
|
|t:|1760846530
|teamsize|p1|6
|teamsize|p2|6
|start
|switch|p1a: Deoxys|Deoxys-Speed|100/100
|switch|p2a: Tornadus|Tornadus, M|100/100
|-ability|p1a: Deoxys|Pressure
|turn|1
|inactive|asterclan has 120 seconds left.
|j| negative_tcg
|
|t:|1760846581
|move|p2a: Tornadus|Sunny Day|p2a: Tornadus
|-weather|SunnyDay
|move|p1a: Deoxys|Ice Beam|p2a: Tornadus
|-supereffective|p2a: Tornadus
|-damage|p2a: Tornadus|7/100
|-damage|p1a: Deoxys|91/100|[from] item: Life Orb
|
|-weather|SunnyDay|[upkeep]
|upkeep
|turn|2
|inactive|Vampere151 has 120 seconds left.
|
|t:|1760846607
|move|p2a: Tornadus|Tailwind|p2a: Tornadus
|-sidestart|p2: asterclan|move: Tailwind
|move|p1a: Deoxys|Stealth Rock|p2a: Tornadus
|-sidestart|p2: asterclan|move: Stealth Rock
|
|-weather|SunnyDay|[upkeep]
|upkeep
|turn|3
|l| negative_tcg
|inactive|asterclan has 90 seconds left.
|
|t:|1760846665
|move|p2a: Tornadus|Sludge Wave|p1a: Deoxys
|-damage|p1a: Deoxys|36/100
|move|p1a: Deoxys|Ice Beam|p2a: Tornadus
|-supereffective|p2a: Tornadus
|-damage|p2a: Tornadus|0 fnt
|faint|p2a: Tornadus
|-damage|p1a: Deoxys|26/100|[from] item: Life Orb
|
|-weather|SunnyDay|[upkeep]
|upkeep
|
|t:|1760846673
|switch|p2a: Excadrill|Excadrill, M|100/100
|-ability|p2a: Excadrill|Mold Breaker
|turn|4
|inactive|Vampere151 has 120 seconds left.
|
|t:|1760846690
|move|p2a: Excadrill|Rapid Spin|p1a: Deoxys
|-damage|p1a: Deoxys|0 fnt
|-boost|p2a: Excadrill|spe|1
|-sideend|p2: asterclan|Stealth Rock|[from] move: Rapid Spin|[of] p2a: Excadrill
|faint|p1a: Deoxys
|
|-weather|SunnyDay|[upkeep]
|upkeep
|inactive|Vampere151 has 120 seconds left.
|
|t:|1760846699
|switch|p1a: Polteageist|Polteageist|100/100
|turn|5
|
|t:|1760846708
|switch|p1a: Meowscarada|Meowscarada, F|100/100
|move|p2a: Excadrill|Iron Head|p1a: Meowscarada
|-damage|p1a: Meowscarada|39/100
|
|-weather|SunnyDay|[upkeep]
|-sideend|p2: asterclan|move: Tailwind
|upkeep
|turn|6
|
|t:|1760846719
|switch|p1a: Indeedee|Indeedee, M|100/100
|-fieldstart|move: Psychic Terrain|[from] ability: Psychic Surge|[of] p1a: Indeedee
|move|p2a: Excadrill|Iron Head|p1a: Indeedee
|-damage|p1a: Indeedee|33/100
|
|-weather|SunnyDay|[upkeep]
|upkeep
|turn|7
|
|t:|1760846724
|move|p2a: Excadrill|Iron Head|p1a: Indeedee
|-damage|p1a: Indeedee|0 fnt
|faint|p1a: Indeedee
|
|-weather|SunnyDay|[upkeep]
|upkeep
|
|t:|1760846727
|switch|p1a: Hawlucha|Hawlucha, M|100/100
|-enditem|p1a: Hawlucha|Psychic Seed
|-boost|p1a: Hawlucha|spd|1|[from] item: Psychic Seed
|turn|8
|
|t:|1760846735
|move|p1a: Hawlucha|Swords Dance|p1a: Hawlucha
|-boost|p1a: Hawlucha|atk|2
|move|p2a: Excadrill|Rock Tomb|p1a: Hawlucha
|-damage|p1a: Hawlucha|74/100
|-unboost|p1a: Hawlucha|spe|1
|
|-weather|none
|upkeep
|turn|9
|
|t:|1760846741
|move|p2a: Excadrill|Iron Head|p1a: Hawlucha
|-damage|p1a: Hawlucha|15/100
|move|p1a: Hawlucha|Close Combat|p2a: Excadrill
|-supereffective|p2a: Excadrill
|-damage|p2a: Excadrill|0 fnt
|-unboost|p1a: Hawlucha|def|1
|-unboost|p1a: Hawlucha|spd|1
|faint|p2a: Excadrill
|
|upkeep
|
|t:|1760846749
|switch|p2a: Ogerpon|Ogerpon-Cornerstone, F|100/100
|turn|10
|
|t:|1760846754
|move|p1a: Hawlucha|Close Combat|p2a: Ogerpon
|-supereffective|p2a: Ogerpon
|-ability|p2a: Ogerpon|Sturdy
|-damage|p2a: Ogerpon|1/100
|-unboost|p1a: Hawlucha|def|1
|-unboost|p1a: Hawlucha|spd|1
|move|p2a: Ogerpon|Ivy Cudgel|p1a: Hawlucha|[anim] Ivy Cudgel Rock
|-crit|p1a: Hawlucha
|-damage|p1a: Hawlucha|0 fnt
|faint|p1a: Hawlucha
|
|upkeep
|
|t:|1760846758
|switch|p1a: Polteageist|Polteageist|100/100
|turn|11
|
|t:|1760846768
|move|p2a: Ogerpon|Horn Leech|p1a: Polteageist
|-damage|p1a: Polteageist|14/100
|-heal|p2a: Ogerpon|38/100|[from] drain|[of] p1a: Polteageist
|-ability|p1a: Polteageist|Weak Armor|boost
|-unboost|p1a: Polteageist|def|1
|-boost|p1a: Polteageist|spe|2
|move|p1a: Polteageist|Shell Smash|p1a: Polteageist
|-unboost|p1a: Polteageist|def|1
|-unboost|p1a: Polteageist|spd|1
|-boost|p1a: Polteageist|atk|2
|-boost|p1a: Polteageist|spa|2
|-boost|p1a: Polteageist|spe|2
|
|upkeep
|turn|12
|
|t:|1760846777
|move|p1a: Polteageist|Stored Power|p2a: Ogerpon
|-damage|p2a: Ogerpon|0 fnt
|faint|p2a: Ogerpon
|
|upkeep
|
|t:|1760846784
|switch|p2a: Raging Bolt|Raging Bolt|100/100
|turn|13
|
|t:|1760846792
|-end|p2a: Raging Bolt|Protosynthesis|[silent]
|switch|p2a: Samurott|Samurott-Hisui, M|100/100
|move|p1a: Polteageist|Stored Power|p2a: Samurott
|-immune|p2a: Samurott
|
|-fieldend|move: Psychic Terrain
|upkeep
|turn|14
|
|t:|1760846799
|move|p1a: Polteageist|Thunder Punch|p2a: Samurott
|-supereffective|p2a: Samurott
|-damage|p2a: Samurott|58/100
|move|p2a: Samurott|Ceaseless Edge|p1a: Polteageist
|-supereffective|p1a: Polteageist
|-damage|p1a: Polteageist|0 fnt
|-sidestart|p1: Vampere151|Spikes
|faint|p1a: Polteageist
|
|upkeep
|
|t:|1760846804
|switch|p1a: Meowscarada|Meowscarada, F|39/100
|-damage|p1a: Meowscarada|27/100|[from] Spikes
|turn|15
|
|t:|1760846810
|move|p2a: Samurott|Ceaseless Edge|p1a: Meowscarada
|-resisted|p1a: Meowscarada
|-damage|p1a: Meowscarada|0 fnt
|-sidestart|p1: Vampere151|Spikes
|faint|p1a: Meowscarada
|
|upkeep
|
|t:|1760846813
|switch|p1a: Iron Boulder|Iron Boulder|100/100
|-damage|p1a: Iron Boulder|84/100|[from] Spikes
|turn|16
|
|t:|1760846819
|move|p1a: Iron Boulder|Megahorn|p2a: Samurott
|-supereffective|p2a: Samurott
|-damage|p2a: Samurott|0 fnt
|faint|p2a: Samurott
|
|upkeep
|
|t:|1760846827
|switch|p2a: Raging Bolt|Raging Bolt|100/100
|turn|17
|
|t:|1760846835
|move|p1a: Iron Boulder|Megahorn|p2a: Raging Bolt
|-damage|p2a: Raging Bolt|71/100
|move|p2a: Raging Bolt|Thunderbolt|p1a: Iron Boulder
|-damage|p1a: Iron Boulder|20/100
|
|upkeep
|turn|18
|
|t:|1760846842
|move|p1a: Iron Boulder|Megahorn|p2a: Raging Bolt
|-damage|p2a: Raging Bolt|38/100
|move|p2a: Raging Bolt|Dragon Pulse|p1a: Iron Boulder
|-damage|p1a: Iron Boulder|0 fnt
|faint|p1a: Iron Boulder
|-end|p1a: Iron Boulder|Quark Drive|[silent]
|
|win|asterclan
|n|☆Vampere151|vampere151
|n|☆asterclan|asterclan
|n|*Lady Monita ☀|ladymonita
