|j|☆how play pkm
|j|☆bezos of the nasal
|t:|1760834249
|gametype|singles
|player|p1|how play pkm|yellow|1708
|player|p2|bezos of the nasal|#adpl|1780
|gen|9
|tier|[Gen 9] OU
|rated|
|rule|HP Percentage Mod: HP is shown in percentages
|rule|Endless Battle Clause: Forcing endless battles is banned
|rule|Species Clause: Limit one of each Pokémon
|rule|OHKO Clause: OHKO moves are banned
|rule|Evasion Items Clause: Evasion items are banned
|rule|Evasion Moves Clause: Evasion moves are banned
|rule|Evasion Abilities Clause: Evasion abilities are banned
|rule|Sleep Moves Clause: Sleep-inducing moves are banned
|clearpoke
|poke|p1|Ceruledge, F|
|poke|p1|Comfey, M|
|poke|p1|Dragonite, M|
|poke|p1|Mew|
|poke|p1|Glimmora, M|
|poke|p1|Ogerpon-Wellspring, F|
|poke|p2|Indeedee, M|
|poke|p2|Deoxys-Speed|
|poke|p2|Iron Crown|
|poke|p2|Eiscue, M|
|poke|p2|Polteageist-Antique|
|poke|p2|Cinderace, F|
|teampreview
|inactive|Battle timer is ON: inactive players will automatically lose when time's up. (requested by how play pkm)
|inactive|bezos of the nasal also wants the timer to be on.
|
|t:|1760834258
|teamsize|p1|6
|teamsize|p2|6
|start
|switch|p1a: Mew|Mew|100/100
|switch|p2a: Indeedee|Indeedee, M|100/100
|-fieldstart|move: Psychic Terrain|[from] ability: Psychic Surge|[of] p2a: Indeedee
|turn|1
|
|t:|1760834273
|move|p1a: Mew|Light Screen|p1a: Mew
|-sidestart|p1: how play pkm|move: Light Screen
|move|p2a: Indeedee|Encore|p1a: Mew
|-start|p1a: Mew|Encore
|
|upkeep
|turn|2
|inactive|bezos of the nasal has 120 seconds left.
|
|t:|1760834301
|switch|p1a: Ogerpon|Ogerpon-Wellspring, F|100/100
|move|p2a: Indeedee|Expanding Force|p1a: Ogerpon
|-damage|p1a: Ogerpon|61/100
|
|upkeep
|turn|3
|inactive|bezos of the nasal has 120 seconds left.
|inactive|bezos of the nasal has 90 seconds left.
|
|t:|1760834344
|switch|p2a: Deoxys|Deoxys-Speed|100/100
|-ability|p2a: Deoxys|Pressure
|move|p1a: Ogerpon|Ivy Cudgel|p2a: Deoxys|[anim] Ivy Cudgel Water
|-damage|p2a: Deoxys|10/100
|
|upkeep
|turn|4
|inactive|bezos of the nasal has 90 seconds left.
|
|t:|1760834361
|move|p2a: Deoxys|Expanding Force|p1a: Ogerpon
|-damage|p1a: Ogerpon|24/100
|move|p1a: Ogerpon|Horn Leech|p2a: Deoxys
|-damage|p2a: Deoxys|0 fnt
|-heal|p1a: Ogerpon|28/100|[from] drain|[of] p2a: Deoxys
|faint|p2a: Deoxys
|
|upkeep
|
|t:|1760834364
|switch|p2a: Cinderace|Cinderace, F|100/100
|turn|5
|inactive|bezos of the nasal has 90 seconds left.
|
|t:|1760834376
|switch|p1a: Glimmora|Glimmora, M|100/100
|move|p2a: Cinderace|Will-O-Wisp|p1a: Glimmora
|-status|p1a: Glimmora|brn
|
|-damage|p1a: Glimmora|94/100 brn|[from] brn
|upkeep
|turn|6
|j| pacmanz
|inactive|bezos of the nasal has 90 seconds left.
|
|t:|1760834387
|switch|p2a: Iron Crown|Iron Crown|100/100
|-enditem|p2a: Iron Crown|Booster Energy
|-activate|p2a: Iron Crown|ability: Quark Drive|[fromitem]
|-start|p2a: Iron Crown|quarkdrivespe
|move|p1a: Glimmora|Power Gem|p2a: Iron Crown
|-resisted|p2a: Iron Crown
|-damage|p2a: Iron Crown|83/100
|
|-damage|p1a: Glimmora|88/100 brn|[from] brn
|upkeep
|turn|7
|
|t:|1760834396
|move|p2a: Iron Crown|Calm Mind|p2a: Iron Crown
|-boost|p2a: Iron Crown|spa|1
|-boost|p2a: Iron Crown|spd|1
|move|p1a: Glimmora|Earth Power|p2a: Iron Crown
|-supereffective|p2a: Iron Crown
|-damage|p2a: Iron Crown|43/100
|
|-damage|p1a: Glimmora|82/100 brn|[from] brn
|upkeep
|turn|8
|
|t:|1760834401
|switch|p1a: Mew|Mew|100/100
|move|p2a: Iron Crown|Tachyon Cutter|p1a: Mew
|-damage|p1a: Mew|86/100
|-damage|p1a: Mew|71/100
|-hitcount|p1a: Mew|2
|
|-sideend|p1: how play pkm|move: Light Screen
|-fieldend|move: Psychic Terrain
|upkeep
|turn|9
|
|t:|1760834416
|move|p2a: Iron Crown|Tachyon Cutter|p1a: Mew
|-damage|p1a: Mew|39/100
|-damage|p1a: Mew|10/100
|-hitcount|p1a: Mew|2
|move|p1a: Mew|Light Screen|p1a: Mew
|-sidestart|p1: how play pkm|move: Light Screen
|
|upkeep
|turn|10
|
|t:|1760834430
|move|p2a: Iron Crown|Calm Mind|p2a: Iron Crown
|-boost|p2a: Iron Crown|spa|1
|-boost|p2a: Iron Crown|spd|1
|move|p1a: Mew|U-turn|p2a: Iron Crown
|-damage|p2a: Iron Crown|26/100
|
|t:|1760834433
|switch|p1a: Ceruledge|Ceruledge, F|100/100|[from] U-turn
|
|upkeep
|turn|11
|inactive|bezos of the nasal has 90 seconds left.
|
|t:|1760834481
|move|p2a: Iron Crown|Expanding Force|p1a: Ceruledge
|-damage|p1a: Ceruledge|61/100
|move|p1a: Ceruledge|Bitter Blade|p2a: Iron Crown
|-supereffective|p2a: Iron Crown
|-damage|p2a: Iron Crown|0 fnt
|-heal|p1a: Ceruledge|75/100|[from] drain|[of] p2a: Iron Crown
|faint|p2a: Iron Crown
|-end|p2a: Iron Crown|Quark Drive|[silent]
|-damage|p1a: Ceruledge|65/100|[from] item: Life Orb
|
|upkeep
|inactive|bezos of the nasal has 60 seconds left.
|inactive|bezos of the nasal has 30 seconds left.
|
|t:|1760834528
|switch|p2a: Indeedee|Indeedee, M|100/100
|-fieldstart|move: Psychic Terrain|[from] ability: Psychic Surge|[of] p2a: Indeedee
|turn|12
|inactive|bezos of the nasal has 30 seconds left.
|inactive|bezos of the nasal has 20 seconds left.
|
|t:|1760834544
|switch|p2a: Cinderace|Cinderace, F|100/100
|move|p1a: Ceruledge|Bitter Blade|p2a: Cinderace
|-resisted|p2a: Cinderace
|-damage|p2a: Cinderace|58/100
|-heal|p1a: Ceruledge|91/100|[from] drain|[of] p2a: Cinderace
|-damage|p1a: Ceruledge|81/100|[from] item: Life Orb
|
|upkeep
|turn|13
|inactive|bezos of the nasal has 30 seconds left this turn.
|
|t:|1760834551
|move|p2a: Cinderace|Court Change|p2a: Cinderace
|-swapsideconditions
|-activate|p2a: Cinderace|move: Court Change
|move|p1a: Ceruledge|Bitter Blade|p2a: Cinderace
|-resisted|p2a: Cinderace
|-damage|p2a: Cinderace|20/100
|-heal|p1a: Ceruledge|100/100|[from] drain|[of] p2a: Cinderace
|-damage|p1a: Ceruledge|91/100|[from] item: Life Orb
|
|upkeep
|turn|14
|inactive|bezos of the nasal has 30 seconds left.
|
|t:|1760834557
|move|p2a: Cinderace|Will-O-Wisp|p1a: Ceruledge
|-immune|p1a: Ceruledge
|move|p1a: Ceruledge|Bitter Blade|p2a: Cinderace
|-resisted|p2a: Cinderace
|-damage|p2a: Cinderace|0 fnt
|-heal|p1a: Ceruledge|100/100|[from] drain|[of] p2a: Cinderace
|faint|p2a: Cinderace
|-damage|p1a: Ceruledge|91/100|[from] item: Life Orb
|
|upkeep
|inactive|bezos of the nasal has 30 seconds left.
|inactive|bezos of the nasal has 20 seconds left.
|
|t:|1760834573
|switch|p2a: Polteageist|Polteageist-Antique|100/100
|turn|15
|inactive|bezos of the nasal has 30 seconds left this turn.
|
|t:|1760834575
|move|p1a: Ceruledge|Bitter Blade|p2a: Polteageist
|-enditem|p2a: Polteageist|Focus Sash
|-damage|p2a: Polteageist|1/100
|-heal|p1a: Ceruledge|100/100|[from] drain|[of] p2a: Polteageist
|-ability|p2a: Polteageist|Weak Armor|boost
|-unboost|p2a: Polteageist|def|1
|-boost|p2a: Polteageist|spe|2
|-damage|p1a: Ceruledge|91/100|[from] item: Life Orb
|move|p2a: Polteageist|Shell Smash|p2a: Polteageist
|-unboost|p2a: Polteageist|def|1
|-unboost|p2a: Polteageist|spd|1
|-boost|p2a: Polteageist|atk|2
|-boost|p2a: Polteageist|spa|2
|-boost|p2a: Polteageist|spe|2
|
|upkeep
|turn|16
|l| pacmanz
|
|t:|1760834581
|switch|p1a: Mew|Mew|10/100
|move|p2a: Polteageist|Shadow Ball|p1a: Mew
|-supereffective|p1a: Mew
|-damage|p1a: Mew|0 fnt
|faint|p1a: Mew
|
|-sideend|p2: bezos of the nasal|move: Light Screen
|upkeep
|j| XxH0meland3r420xX
|
|t:|1760834587
|switch|p1a: Dragonite|Dragonite, M|100/100
|turn|17
|
|t:|1760834590
|switch|p1a: Ogerpon|Ogerpon-Wellspring, F|28/100
|move|p2a: Polteageist|Stored Power|p1a: Ogerpon
|-damage|p1a: Ogerpon|0 fnt
|faint|p1a: Ogerpon
|
|upkeep
|
|t:|1760834600
|switch|p1a: Comfey|Comfey, M|100/100
|turn|18
|j| ty-tyui↻
|
|t:|1760834608
|move|p2a: Polteageist|Stored Power|p1a: Comfey
|-damage|p1a: Comfey|0 fnt
|faint|p1a: Comfey
|
|upkeep
|
|t:|1760834611
|switch|p1a: Glimmora|Glimmora, M|82/100 brn
|turn|19
|
|t:|1760834614
|move|p2a: Polteageist|Stored Power|p1a: Glimmora
|-supereffective|p1a: Glimmora
|-damage|p1a: Glimmora|0 fnt
|faint|p1a: Glimmora
|
|-fieldend|move: Psychic Terrain
|upkeep
|
|t:|1760834620
|switch|p1a: Ceruledge|Ceruledge, F|91/100
|turn|20
|inactive|bezos of the nasal has 90 seconds left.
|
|t:|1760834627
|move|p1a: Ceruledge|Shadow Sneak|p2a: Polteageist
|-supereffective|p2a: Polteageist
|-damage|p2a: Polteageist|0 fnt
|faint|p2a: Polteageist
|-damage|p1a: Ceruledge|81/100|[from] item: Life Orb
|
|upkeep
|
|t:|1760834629
|switch|p2a: Indeedee|Indeedee, M|100/100
|-fieldstart|move: Psychic Terrain|[from] ability: Psychic Surge|[of] p2a: Indeedee
|turn|21
|
|t:|1760834631
|move|p2a: Indeedee|Expanding Force|p1a: Ceruledge
|-crit|p1a: Ceruledge
|-damage|p1a: Ceruledge|0 fnt
|faint|p1a: Ceruledge
|
|upkeep
|
|t:|1760834634
|switch|p1a: Dragonite|Dragonite, M|100/100
|turn|22
|
|t:|1760834639
|move|p2a: Indeedee|Expanding Force|p1a: Dragonite
|-damage|p1a: Dragonite|64/100
|move|p1a: Dragonite|Dragon Dance|p1a: Dragonite
|-boost|p1a: Dragonite|atk|1
|-boost|p1a: Dragonite|spe|1
|
|upkeep
|turn|23
|
|t:|1760834644
|move|p1a: Dragonite|Earthquake|p2a: Indeedee
|-damage|p2a: Indeedee|0 fnt
|faint|p2a: Indeedee
|
|upkeep
|
|t:|1760834647
|switch|p2a: 🐧HAPPY FEET🐧|Eiscue, M, shiny|100/100
|turn|24
|inactive|bezos of the nasal has 120 seconds left.
|
|t:|1760834671
|move|p1a: Dragonite|Earthquake|p2a: 🐧HAPPY FEET🐧
|-activate|p2a: 🐧HAPPY FEET🐧|ability: Ice Face
|-damage|p2a: 🐧HAPPY FEET🐧|100/100
|detailschange|p2a: 🐧HAPPY FEET🐧|Eiscue-Noice, M, shiny
|move|p2a: 🐧HAPPY FEET🐧|Substitute|p2a: 🐧HAPPY FEET🐧
|-start|p2a: 🐧HAPPY FEET🐧|Substitute
|-damage|p2a: 🐧HAPPY FEET🐧|75/100
|
|upkeep
|turn|25
|
|t:|1760834680
|-terastallize|p1a: Dragonite|Ground
|move|p2a: 🐧HAPPY FEET🐧|Belly Drum|p2a: 🐧HAPPY FEET🐧
|-damage|p2a: 🐧HAPPY FEET🐧|25/100
|-setboost|p2a: 🐧HAPPY FEET🐧|atk|6|[from] move: Belly Drum
|-enditem|p2a: 🐧HAPPY FEET🐧|Salac Berry|[eat]
|-boost|p2a: 🐧HAPPY FEET🐧|spe|1|[from] item: Salac Berry
|move|p1a: Dragonite|Roost|p1a: Dragonite
|-heal|p1a: Dragonite|100/100
|
|upkeep
|turn|26
|
|t:|1760834687
|move|p2a: 🐧HAPPY FEET🐧|Ice Punch|p1a: Dragonite
|-supereffective|p1a: Dragonite
|-damage|p1a: Dragonite|0 fnt
|faint|p1a: Dragonite
|
|win|bezos of the nasal
|raw|how play pkm's rating: 1708 &rarr; <strong>1692</strong><br />(-16 for losing)
|raw|bezos of the nasal's rating: 1780 &rarr; <strong>1796</strong><br />(+16 for winning)
|l|☆how play pkm
|player|p1|
|l| ty-tyui↻
|l|☆bezos of the nasal
|player|p2|
|j|☆bezos of the nasal
|player|p2|bezos of the nasal|#adpl|
|l| XxH0meland3r420xX
