|j|☆Electric Coyote
|j|☆isopod2
|t:|1760844691
|gametype|singles
|player|p1|Electric Coyote|265|1344
|player|p2|isopod2|erika-gen1rb|1380
|gen|9
|tier|[Gen 9] OU
|rated|
|rule|HP Percentage Mod: HP is shown in percentages
|rule|Endless Battle Clause: Forcing endless battles is banned
|rule|Species Clause: Limit one of each Pokémon
|rule|OHKO Clause: OHKO moves are banned
|rule|Evasion Items Clause: Evasion items are banned
|rule|Evasion Moves Clause: Evasion moves are banned
|rule|Evasion Abilities Clause: Evasion abilities are banned
|rule|Sleep Moves Clause: Sleep-inducing moves are banned
|clearpoke
|poke|p1|Kingambit, F|
|poke|p1|Deoxys-Speed|
|poke|p1|Ceruledge, M|
|poke|p1|Zamazenta-*|
|poke|p1|Landorus-Therian, M|
|poke|p1|Kyurem|
|poke|p2|Zamazenta-*|
|poke|p2|Kingambit, F|
|poke|p2|Samurott-Hisui, F|
|poke|p2|Landorus-Therian, M|
|poke|p2|Iron Valiant|
|poke|p2|Iron Moth|
|teampreview
|inactive|Battle timer is ON: inactive players will automatically lose when time's up. (requested by isopod2)
|inactive|Electric Coyote has 120 seconds left.
|inactive|isopod2 has 120 seconds left.
|
|t:|1760844743
|teamsize|p1|6
|teamsize|p2|6
|start
|switch|p1a: Deoxys|Deoxys-Speed|100/100
|switch|p2a: Samurott|Samurott-Hisui, F|100/100
|-ability|p1a: Deoxys|Pressure
|turn|1
|
|t:|1760844749
|move|p1a: Deoxys|Superpower|p2a: Samurott
|-supereffective|p2a: Samurott
|-damage|p2a: Samurott|28/100
|-unboost|p1a: Deoxys|atk|1
|-unboost|p1a: Deoxys|def|1
|-enditem|p1a: Deoxys|Eject Pack
|
|t:|1760844757
|switch|p1a: Landorus|Landorus-Therian, M|100/100
|-ability|p1a: Landorus|Intimidate|boost
|-unboost|p2a: Samurott|atk|1
|move|p2a: Samurott|Ceaseless Edge|p1a: Landorus
|-damage|p1a: Landorus|70/100
|-damage|p2a: Samurott|12/100|[from] item: Rocky Helmet|[of] p1a: Landorus
|-sidestart|p1: Electric Coyote|Spikes
|
|upkeep
|turn|2
|
|t:|1760844767
|move|p2a: Samurott|Sucker Punch|p1a: Landorus
|-damage|p1a: Landorus|46/100
|-damage|p2a: Samurott|0 fnt|[from] item: Rocky Helmet|[of] p1a: Landorus
|faint|p2a: Samurott
|move|p1a: Landorus|U-turn|p2: Samurott|[notarget]
|-fail|p1a: Landorus
|
|upkeep
|
|t:|1760844776
|switch|p2a: Iron Moth|Iron Moth|100/100
|-enditem|p2a: Iron Moth|Booster Energy
|-activate|p2a: Iron Moth|ability: Quark Drive|[fromitem]
|-start|p2a: Iron Moth|quarkdrivespe
|turn|3
|
|t:|1760844789
|move|p2a: Iron Moth|Fiery Dance|p1a: Landorus
|-damage|p1a: Landorus|0 fnt
|-boost|p2a: Iron Moth|spa|1
|faint|p1a: Landorus
|
|upkeep
|
|t:|1760844795
|switch|p1a: Ceruledge|Ceruledge, M|100/100
|-damage|p1a: Ceruledge|88/100|[from] Spikes
|turn|4
|
|t:|1760844800
|-terastallize|p2a: Iron Moth|Ground
|move|p2a: Iron Moth|Tera Blast|p1a: Ceruledge|[anim] Tera Blast Ground
|-supereffective|p1a: Ceruledge
|-damage|p1a: Ceruledge|0 fnt
|faint|p1a: Ceruledge
|
|upkeep
|
|t:|1760844806
|switch|p1a: Kyurem|Kyurem, shiny|100/100
|-damage|p1a: Kyurem|88/100|[from] Spikes
|-ability|p1a: Kyurem|Pressure
|turn|5
|
|t:|1760844810
|move|p2a: Iron Moth|Sludge Wave|p1a: Kyurem
|-damage|p1a: Kyurem|7/100
|move|p1a: Kyurem|Icicle Spear|p2a: Iron Moth
|-supereffective|p2a: Iron Moth
|-damage|p2a: Iron Moth|62/100
|-supereffective|p2a: Iron Moth
|-damage|p2a: Iron Moth|20/100
|-supereffective|p2a: Iron Moth
|-damage|p2a: Iron Moth|0 fnt
|faint|p2a: Iron Moth
|-end|p2a: Iron Moth|Quark Drive|[silent]
|-hitcount|p2: Iron Moth|3
|
|upkeep
|
|t:|1760844814
|switch|p2a: Iron Valiant|Iron Valiant|100/100
|-enditem|p2a: Iron Valiant|Booster Energy
|-activate|p2a: Iron Valiant|ability: Quark Drive|[fromitem]
|-start|p2a: Iron Valiant|quarkdrivespe
|turn|6
|
|t:|1760844819
|move|p2a: Iron Valiant|Calm Mind|p2a: Iron Valiant
|-boost|p2a: Iron Valiant|spa|1
|-boost|p2a: Iron Valiant|spd|1
|move|p1a: Kyurem|Icicle Spear|p2a: Iron Valiant
|-damage|p2a: Iron Valiant|82/100
|-damage|p2a: Iron Valiant|64/100
|-hitcount|p2a: Iron Valiant|2
|
|upkeep
|turn|7
|
|t:|1760844829
|move|p2a: Iron Valiant|Moonblast|p1a: Kyurem
|-supereffective|p1a: Kyurem
|-damage|p1a: Kyurem|0 fnt
|faint|p1a: Kyurem
|
|upkeep
|
|t:|1760844835
|switch|p1a: Kingambit|Kingambit, F|100/100
|-damage|p1a: Kingambit|88/100|[from] Spikes
|-activate|p1a: Kingambit|ability: Supreme Overlord
|-start|p1a: Kingambit|fallen3|[silent]
|turn|8
|
|t:|1760844851
|-end|p2a: Iron Valiant|Quark Drive|[silent]
|switch|p2a: Zamazenta|Zamazenta|100/100
|-ability|p2a: Zamazenta|Dauntless Shield|boost
|-boost|p2a: Zamazenta|def|1
|-terastallize|p1a: Kingambit|Fire
|move|p1a: Kingambit|Iron Head|p2a: Zamazenta
|-damage|p2a: Zamazenta|72/100
|
|-heal|p2a: Zamazenta|78/100|[from] item: Leftovers
|upkeep
|turn|9
|
|t:|1760844857
|move|p2a: Zamazenta|Iron Defense|p2a: Zamazenta
|-boost|p2a: Zamazenta|def|2
|move|p1a: Kingambit|Swords Dance|p1a: Kingambit
|-boost|p1a: Kingambit|atk|2
|
|-heal|p2a: Zamazenta|84/100|[from] item: Leftovers
|upkeep
|turn|10
|
|t:|1760844861
|move|p1a: Kingambit|Iron Head|p2a: Zamazenta
|-damage|p2a: Zamazenta|47/100
|move|p2a: Zamazenta|Roar|p1a: Kingambit
|-end|p1a: Kingambit|fallen3|[silent]
|drag|p1a: Zamazenta|Zamazenta|100/100
|-damage|p1a: Zamazenta|88/100|[from] Spikes
|-ability|p1a: Zamazenta|Dauntless Shield|boost
|-boost|p1a: Zamazenta|def|1
|
|-heal|p2a: Zamazenta|53/100|[from] item: Leftovers
|upkeep
|turn|11
|
|t:|1760844868
|switch|p1a: Deoxys|Deoxys-Speed|100/100
|-damage|p1a: Deoxys|88/100|[from] Spikes
|-ability|p1a: Deoxys|Pressure
|move|p2a: Zamazenta|Iron Defense|p2a: Zamazenta
|-boost|p2a: Zamazenta|def|2
|
|-heal|p2a: Zamazenta|59/100|[from] item: Leftovers
|upkeep
|turn|12
|
|t:|1760844876
|switch|p2a: Kingambit|Kingambit, F|100/100
|-activate|p2a: Kingambit|ability: Supreme Overlord
|-start|p2a: Kingambit|fallen2|[silent]
|move|p1a: Deoxys|Psycho Boost|p2a: Kingambit
|-immune|p2a: Kingambit
|
|upkeep
|turn|13
|
|t:|1760844882
|switch|p1a: Zamazenta|Zamazenta|88/100
|-damage|p1a: Zamazenta|76/100|[from] Spikes
|move|p2a: Kingambit|Sucker Punch||[still]
|-fail|p2a: Kingambit
|
|upkeep
|turn|14
|
|t:|1760844889
|-end|p2a: Kingambit|fallen2|[silent]
|switch|p2a: Landorus|Landorus-Therian, M|100/100
|-ability|p2a: Landorus|Intimidate|boost
|-unboost|p1a: Zamazenta|atk|1
|move|p1a: Zamazenta|Ice Fang|p2a: Landorus
|-supereffective|p2a: Landorus
|-damage|p2a: Landorus|28/100
|-damage|p1a: Zamazenta|59/100|[from] item: Rocky Helmet|[of] p2a: Landorus
|-damage|p1a: Zamazenta|49/100|[from] item: Life Orb
|
|upkeep
|turn|15
|
|t:|1760844900
|move|p1a: Zamazenta|Ice Fang|p2a: Landorus
|-supereffective|p2a: Landorus
|-damage|p2a: Landorus|0 fnt
|-damage|p1a: Zamazenta|33/100|[from] item: Rocky Helmet|[of] p2a: Landorus
|faint|p2a: Landorus
|-damage|p1a: Zamazenta|23/100|[from] item: Life Orb
|
|upkeep
|
|t:|1760844905
|switch|p2a: Zamazenta|Zamazenta|59/100
|turn|16
|
|t:|1760844908
|move|p1a: Zamazenta|Close Combat|p2a: Zamazenta
|-damage|p2a: Zamazenta|18/100
|-unboost|p1a: Zamazenta|def|1
|-unboost|p1a: Zamazenta|spd|1
|-damage|p1a: Zamazenta|13/100|[from] item: Life Orb
|move|p2a: Zamazenta|Iron Defense|p2a: Zamazenta
|-boost|p2a: Zamazenta|def|2
|
|-heal|p2a: Zamazenta|24/100|[from] item: Leftovers
|upkeep
|turn|17
|
|t:|1760844915
|move|p1a: Zamazenta|Close Combat|p2a: Zamazenta
|-damage|p2a: Zamazenta|5/100
|-unboost|p1a: Zamazenta|def|1
|-unboost|p1a: Zamazenta|spd|1
|-damage|p1a: Zamazenta|3/100|[from] item: Life Orb
|move|p2a: Zamazenta|Body Press|p1a: Zamazenta
|-crit|p1a: Zamazenta
|-damage|p1a: Zamazenta|0 fnt
|faint|p1a: Zamazenta
|
|-heal|p2a: Zamazenta|11/100|[from] item: Leftovers
|upkeep
|
|t:|1760844918
|switch|p1a: Deoxys|Deoxys-Speed|88/100
|-damage|p1a: Deoxys|76/100|[from] Spikes
|-ability|p1a: Deoxys|Pressure
|turn|18
|
|t:|1760844923
|move|p1a: Deoxys|Ice Beam|p2a: Zamazenta
|-damage|p2a: Zamazenta|0 fnt
|faint|p2a: Zamazenta
|
|upkeep
|
|t:|1760844926
|switch|p2a: Kingambit|Kingambit, F|100/100
|-activate|p2a: Kingambit|ability: Supreme Overlord
|-start|p2a: Kingambit|fallen4|[silent]
|turn|19
|
|t:|1760844927
|move|p1a: Deoxys|Superpower|p2a: Kingambit
|-supereffective|p2a: Kingambit
|-damage|p2a: Kingambit|6/100
|-unboost|p1a: Deoxys|atk|1
|-unboost|p1a: Deoxys|def|1
|move|p2a: Kingambit|Swords Dance|p2a: Kingambit
|-boost|p2a: Kingambit|atk|2
|
|-heal|p2a: Kingambit|12/100|[from] item: Leftovers
|upkeep
|turn|20
|
|t:|1760844932
|switch|p1a: Kingambit|Kingambit, F, tera:Fire|88/100
|-damage|p1a: Kingambit|76/100|[from] Spikes
|-activate|p1a: Kingambit|ability: Supreme Overlord
|-start|p1a: Kingambit|fallen4|[silent]
|move|p2a: Kingambit|Sucker Punch||[still]
|-fail|p2a: Kingambit
|
|-heal|p2a: Kingambit|18/100|[from] item: Leftovers
|upkeep
|turn|21
|
|t:|1760844939
|move|p1a: Kingambit|Sucker Punch|p2a: Kingambit
|-resisted|p2a: Kingambit
|-damage|p2a: Kingambit|0 fnt
|faint|p2a: Kingambit
|-end|p2a: Kingambit|fallen4|[silent]
|
|upkeep
|
|t:|1760844941
|switch|p2a: Iron Valiant|Iron Valiant|64/100
|turn|22
|
|t:|1760844948
|move|p2a: Iron Valiant|Thunderbolt|p1a: Kingambit
|-damage|p1a: Kingambit|44/100
|move|p1a: Kingambit|Iron Head|p2a: Iron Valiant
|-supereffective|p2a: Iron Valiant
|-damage|p2a: Iron Valiant|0 fnt
|faint|p2a: Iron Valiant
|-end|p2a: Iron Valiant|Quark Drive|[silent]
|
|win|Electric Coyote
|raw|Electric Coyote's rating: 1344 &rarr; <strong>1366</strong><br />(+22 for winning)
|raw|isopod2's rating: 1380 &rarr; <strong>1358</strong><br />(-22 for losing)
|l|☆isopod2
|player|p2|
