|j|☆Fvckbdy
|j|☆im 0 want 1
|t:|1760853020
|gametype|singles
|player|p1|Fvckbdy|linebacker|1094
|player|p2|im 0 want 1|firebreather|1040
|gen|9
|tier|[Gen 9] OU
|rated|
|rule|HP Percentage Mod: HP is shown in percentages
|rule|Endless Battle Clause: Forcing endless battles is banned
|rule|Species Clause: Limit one of each Pokémon
|rule|OHKO Clause: OHKO moves are banned
|rule|Evasion Items Clause: Evasion items are banned
|rule|Evasion Moves Clause: Evasion moves are banned
|rule|Evasion Abilities Clause: Evasion abilities are banned
|rule|Sleep Moves Clause: Sleep-inducing moves are banned
|clearpoke
|poke|p1|Serperior, F|
|poke|p1|Salamence, M|
|poke|p1|Umbreon, F|
|poke|p1|Mandibuzz, F|
|poke|p1|Iron Moth|
|poke|p1|Gyarados, F|
|poke|p2|Pecharunt|
|poke|p2|Landorus-Therian, M|
|poke|p2|Zoroark-Hisui, M|
|poke|p2|Ceruledge, M|
|poke|p2|Samurott-Hisui, F|
|poke|p2|Kingambit, M|
|teampreview
|inactive|Battle timer is ON: inactive players will automatically lose when time's up. (requested by im 0 want 1)
|
|t:|1760853052
|teamsize|p1|6
|teamsize|p2|6
|start
|switch|p1a: Iron Moth|Iron Moth|100/100
|switch|p2a: Landorus|Landorus-Therian, M|100/100
|turn|1
|
|t:|1760853067
|move|p2a: Landorus|U-turn|p1a: Iron Moth
|-resisted|p1a: Iron Moth
|-crit|p1a: Iron Moth
|-damage|p1a: Iron Moth|93/100
|
|t:|1760853075
|switch|p2a: Pecharunt|Pecharunt|100/100|[from] U-turn
|move|p1a: Iron Moth|Fiery Dance|p2a: Pecharunt
|-damage|p2a: Pecharunt|72/100
|-boost|p1a: Iron Moth|spa|1
|
|-heal|p1a: Iron Moth|99/100|[from] item: Leftovers
|-heal|p2a: Pecharunt|78/100|[from] item: Black Sludge
|upkeep
|turn|2
|
|t:|1760853087
|move|p1a: Iron Moth|Fiery Dance|p2a: Pecharunt
|-damage|p2a: Pecharunt|38/100
|-boost|p1a: Iron Moth|spa|1
|move|p2a: Pecharunt|Recover|p2a: Pecharunt
|-heal|p2a: Pecharunt|88/100
|
|-heal|p1a: Iron Moth|100/100|[from] item: Leftovers
|-heal|p2a: Pecharunt|95/100|[from] item: Black Sludge
|upkeep
|turn|3
|
|t:|1760853095
|move|p1a: Iron Moth|Fiery Dance|p2a: Pecharunt
|-damage|p2a: Pecharunt|44/100
|move|p2a: Pecharunt|Parting Shot|p1a: Iron Moth
|-unboost|p1a: Iron Moth|atk|1
|-unboost|p1a: Iron Moth|spa|1
|
|t:|1760853102
|switch|p2a: Ceruledge|Ceruledge, M|100/100|[from] Parting Shot
|
|upkeep
|turn|4
|
|t:|1760853118
|move|p1a: Iron Moth|Toxic|p2a: Ceruledge
|-status|p2a: Ceruledge|tox
|move|p2a: Ceruledge|Swords Dance|p2a: Ceruledge
|-boost|p2a: Ceruledge|atk|2
|
|-damage|p2a: Ceruledge|94/100 tox|[from] psn
|upkeep
|turn|5
|
|t:|1760853146
|-end|p1a: Iron Moth|Quark Drive|[silent]
|switch|p1a: Gyarados|Gyarados, F|100/100
|move|p2a: Ceruledge|Shadow Sneak|p1a: Gyarados
|-damage|p1a: Gyarados|46/100
|
|-heal|p1a: Gyarados|52/100|[from] item: Leftovers
|-damage|p2a: Ceruledge|82/100 tox|[from] psn
|upkeep
|turn|6
|
|t:|1760853160
|switch|p1a: Mandibuzz|Mandibuzz, F|100/100
|move|p2a: Ceruledge|Shadow Sneak|p1a: Mandibuzz
|-resisted|p1a: Mandibuzz
|-damage|p1a: Mandibuzz|87/100
|-damage|p2a: Ceruledge|65/100 tox|[from] item: Rocky Helmet|[of] p1a: Mandibuzz
|
|-damage|p2a: Ceruledge|47/100 tox|[from] psn
|upkeep
|turn|7
|
|t:|1760853175
|switch|p2a: Landorus|Landorus-Therian, M|100/100
|-ability|p2a: Landorus|Intimidate|boost
|-unboost|p1a: Mandibuzz|atk|1
|move|p1a: Mandibuzz|Knock Off|p2a: Landorus
|-damage|p2a: Landorus|90/100
|-damage|p1a: Mandibuzz|71/100|[from] item: Rocky Helmet|[of] p2a: Landorus
|-enditem|p2a: Landorus|Rocky Helmet|[from] move: Knock Off|[of] p1a: Mandibuzz
|
|upkeep
|turn|8
|
|t:|1760853188
|move|p2a: Landorus|Stealth Rock|p1a: Mandibuzz
|-sidestart|p1: Fvckbdy|move: Stealth Rock
|move|p1a: Mandibuzz|Toxic|p2a: Landorus
|-status|p2a: Landorus|tox
|
|-damage|p2a: Landorus|83/100 tox|[from] psn
|upkeep
|turn|9
|inactive|im 0 want 1 has 120 seconds left.
|
|t:|1760853239
|move|p2a: Landorus|U-turn|p1a: Mandibuzz
|-damage|p1a: Mandibuzz|59/100
|-damage|p2a: Landorus|67/100 tox|[from] item: Rocky Helmet|[of] p1a: Mandibuzz
|
|t:|1760853245
|switch|p2a: Pecharunt|Pecharunt|44/100|[from] U-turn
|move|p1a: Mandibuzz|Mean Look||[still]
|-fail|p1a: Mandibuzz
|
|-heal|p2a: Pecharunt|50/100|[from] item: Black Sludge
|upkeep
|turn|10
|inactive|Fvckbdy has 120 seconds left.
|
|t:|1760853266
|move|p2a: Pecharunt|Recover|p2a: Pecharunt
|-heal|p2a: Pecharunt|99/100
|move|p1a: Mandibuzz|Roost|p1a: Mandibuzz
|-heal|p1a: Mandibuzz|100/100
|-singleturn|p1a: Mandibuzz|move: Roost
|
|-heal|p2a: Pecharunt|100/100|[from] item: Black Sludge
|upkeep
|turn|11
|
|t:|1760853275
|move|p2a: Pecharunt|Malignant Chain|p1a: Mandibuzz
|-damage|p1a: Mandibuzz|75/100
|-status|p1a: Mandibuzz|tox
|-start|p1a: Mandibuzz|confusion|[from] ability: Poison Puppeteer|[of] p2a: Pecharunt
|-activate|p1a: Mandibuzz|confusion
|-damage|p1a: Mandibuzz|73/100 tox|[from] confusion
|
|-damage|p1a: Mandibuzz|67/100 tox|[from] psn
|upkeep
|turn|12
|inactive|Fvckbdy has 120 seconds left.
|
|t:|1760853310
|switch|p1a: Umbreon|Umbreon, F|100/100
|-damage|p1a: Umbreon|88/100|[from] Stealth Rock
|move|p2a: Pecharunt|Parting Shot|p1a: Umbreon
|-unboost|p1a: Umbreon|atk|1
|-unboost|p1a: Umbreon|spa|1
|
|t:|1760853322
|switch|p2a: Ceruledge|Ceruledge, M|47/100 tox|[from] Parting Shot
|
|-damage|p2a: Ceruledge|40/100 tox|[from] psn
|upkeep
|turn|13
|
|t:|1760853338
|move|p2a: Ceruledge|Bitter Blade|p1a: Umbreon
|-damage|p1a: Umbreon|56/100
|-heal|p2a: Ceruledge|55/100 tox|[from] drain|[of] p1a: Umbreon
|-damage|p2a: Ceruledge|39/100 tox|[from] item: Rocky Helmet|[of] p1a: Umbreon
|move|p1a: Umbreon|Wish|p1a: Umbreon
|
|-damage|p2a: Ceruledge|26/100 tox|[from] psn
|upkeep
|turn|14
|
|t:|1760853348
|switch|p2a: Pecharunt|Pecharunt|100/100
|move|p1a: Umbreon|Protect||[still]
|-fail|p1a: Umbreon
|
|-heal|p1a: Umbreon|100/100|[from] move: Wish|[wisher] Umbreon
|upkeep
|turn|15
|
|t:|1760853357
|move|p2a: Pecharunt|Malignant Chain|p1a: Umbreon
|-damage|p1a: Umbreon|81/100
|move|p1a: Umbreon|Wish|p1a: Umbreon
|
|upkeep
|turn|16
|inactive|im 0 want 1 has 120 seconds left.
|inactive|Fvckbdy has 90 seconds left.
|
|t:|1760853408
|switch|p1a: Salamence|Salamence, M|100/100
|-damage|p1a: Salamence|75/100|[from] Stealth Rock
|move|p2a: Pecharunt|Parting Shot|p1a: Salamence
|-unboost|p1a: Salamence|atk|1
|-unboost|p1a: Salamence|spa|1
|
|t:|1760853417
|switch|p2a: Samurott|Samurott-Hisui, F|100/100|[from] Parting Shot
|
|-heal|p1a: Salamence|100/100|[from] move: Wish|[wisher] Umbreon
|upkeep
|turn|17
|inactive|Fvckbdy has 60 seconds left.
|
|t:|1760853453
|move|p2a: Samurott|Ceaseless Edge|p1a: Salamence|[miss]
|-miss|p2a: Samurott|p1a: Salamence
|move|p1a: Salamence|Dragon Dance|p1a: Salamence
|-boost|p1a: Salamence|atk|1
|-boost|p1a: Salamence|spe|1
|
|upkeep
|turn|18
|inactive|im 0 want 1 has 120 seconds left.
|
|t:|1760853470
|move|p1a: Salamence|Dragon Dance|p1a: Salamence
|-boost|p1a: Salamence|atk|1
|-boost|p1a: Salamence|spe|1
|move|p2a: Samurott|Ceaseless Edge|p1a: Salamence
|-crit|p1a: Salamence
|-damage|p1a: Salamence|23/100
|-sidestart|p1: Fvckbdy|Spikes
|
|upkeep
|turn|19
|inactive|im 0 want 1 has 120 seconds left.
|
|t:|1760853487
|switch|p2a: Ceruledge|Ceruledge, M|100/100
|move|p1a: Salamence|Dragon Claw|p2a: Ceruledge
|-enditem|p2a: Ceruledge|Focus Sash
|-damage|p2a: Ceruledge|1/100
|replace|p2a: Zoroark|Zoroark-Hisui, M
|-end|p2a: Zoroark|Illusion
|
|upkeep
|turn|20
|inactive|im 0 want 1 has 120 seconds left.
|inactive|Fvckbdy has 30 seconds left.
|
|t:|1760853518
|switch|p2a: Landorus|Landorus-Therian, M|67/100 tox
|-ability|p2a: Landorus|Intimidate|boost
|-unboost|p1a: Salamence|atk|1
|move|p1a: Salamence|Dragon Claw|p2a: Landorus
|-damage|p2a: Landorus|37/100 tox
|
|-damage|p2a: Landorus|31/100 tox|[from] psn
|upkeep
|turn|21
|inactive|Fvckbdy has 30 seconds left.
|inactive|im 0 want 1 has 120 seconds left.
|
|t:|1760853529
|move|p1a: Salamence|Roost|p1a: Salamence
|-heal|p1a: Salamence|73/100
|-singleturn|p1a: Salamence|move: Roost
|move|p2a: Landorus|U-turn|p1a: Salamence
|-damage|p1a: Salamence|44/100
|
|t:|1760853536
|switch|p2a: Samurott|Samurott-Hisui, F|100/100|[from] U-turn
|
|upkeep
|turn|22
|inactive|Fvckbdy has 30 seconds left.
|
|t:|1760853547
|move|p1a: Salamence|Dragon Claw|p2a: Samurott
|-damage|p2a: Samurott|39/100
|move|p2a: Samurott|Ceaseless Edge|p1a: Salamence
|-damage|p1a: Salamence|0 fnt
|-sidestart|p1: Fvckbdy|Spikes
|faint|p1a: Salamence
|
|upkeep
|inactive|Fvckbdy has 30 seconds left.
|inactive|Fvckbdy has 20 seconds left.
|
|t:|1760853565
|switch|p1a: Serperior|Serperior, F|100/100
|-damage|p1a: Serperior|88/100|[from] Stealth Rock
|-damage|p1a: Serperior|72/100|[from] Spikes
|turn|23
|inactive|Fvckbdy has 30 seconds left this turn.
|
|t:|1760853571
|move|p2a: Samurott|Ceaseless Edge|p1a: Serperior
|-damage|p1a: Serperior|18/100
|-sidestart|p1: Fvckbdy|Spikes
|move|p1a: Serperior|Leech Seed|p2a: Samurott
|-start|p2a: Samurott|move: Leech Seed
|
|-heal|p1a: Serperior|24/100|[from] item: Leftovers
|-damage|p2a: Samurott|27/100|[from] Leech Seed|[of] p1a: Serperior
|-heal|p1a: Serperior|38/100|[silent]
|upkeep
|turn|24
|inactive|Fvckbdy has 30 seconds left.
|inactive|Fvckbdy has 20 seconds left.
|
|t:|1760853590
|switch|p2a: Ceruledge|Ceruledge, M|26/100 tox
|switch|p1a: Mandibuzz|Mandibuzz, F|67/100 tox
|-damage|p1a: Mandibuzz|42/100 tox|[from] Stealth Rock
|
|-damage|p2a: Ceruledge|20/100 tox|[from] psn
|-damage|p1a: Mandibuzz|35/100 tox|[from] psn
|upkeep
|turn|25
|inactive|Fvckbdy has 30 seconds left this turn.
|inactive|Fvckbdy has 20 seconds left.
|
|t:|1760853600
|move|p2a: Ceruledge|Bitter Blade|p1a: Mandibuzz
|-damage|p1a: Mandibuzz|7/100 tox
|-heal|p2a: Ceruledge|37/100 tox|[from] drain|[of] p1a: Mandibuzz
|-damage|p2a: Ceruledge|20/100 tox|[from] item: Rocky Helmet|[of] p1a: Mandibuzz
|move|p1a: Mandibuzz|Roost|p1a: Mandibuzz
|-heal|p1a: Mandibuzz|57/100 tox
|-singleturn|p1a: Mandibuzz|move: Roost
|
|-damage|p2a: Ceruledge|8/100 tox|[from] psn
|-damage|p1a: Mandibuzz|45/100 tox|[from] psn
|upkeep
|turn|26
|inactive|Fvckbdy has 30 seconds left this turn.
|inactive|Fvckbdy has 20 seconds left.
|
|t:|1760853618
|switch|p2a: Samurott|Samurott-Hisui, F|27/100
|move|p1a: Mandibuzz|Roost|p1a: Mandibuzz
|-heal|p1a: Mandibuzz|95/100 tox
|-singleturn|p1a: Mandibuzz|move: Roost
|
|-damage|p1a: Mandibuzz|76/100 tox|[from] psn
|upkeep
|turn|27
|inactive|Fvckbdy has 30 seconds left this turn.
|inactive|Fvckbdy has 20 seconds left.
|
|t:|1760853629
|move|p2a: Samurott|Aqua Cutter|p1a: Mandibuzz
|-damage|p1a: Mandibuzz|48/100 tox
|move|p1a: Mandibuzz|Knock Off|p2a: Samurott
|-resisted|p2a: Samurott
|-damage|p2a: Samurott|12/100
|-enditem|p2a: Samurott|Choice Scarf|[from] move: Knock Off|[of] p1a: Mandibuzz
|
|-damage|p1a: Mandibuzz|24/100 tox|[from] psn
|upkeep
|turn|28
|inactive|Fvckbdy has 30 seconds left this turn.
|inactive|Fvckbdy has 20 seconds left.
|
|t:|1760853642
|move|p2a: Samurott|Aqua Cutter|p1a: Mandibuzz
|-crit|p1a: Mandibuzz
|-damage|p1a: Mandibuzz|0 fnt
|faint|p1a: Mandibuzz
|
|upkeep
|inactive|Fvckbdy has 25 seconds left this turn.
|inactive|Fvckbdy has 20 seconds left.
|inactive|Fvckbdy has 15 seconds left.
|inactive|Fvckbdy has 10 seconds left.
|
|t:|1760853658
|switch|p1a: Umbreon|Umbreon, F|81/100
|-damage|p1a: Umbreon|69/100|[from] Stealth Rock
|-damage|p1a: Umbreon|44/100|[from] Spikes
|turn|29
|inactive|Fvckbdy has 20 seconds left this turn.
|inactive|Fvckbdy has 15 seconds left.
|
|t:|1760853668
|move|p2a: Samurott|X-Scissor|p1a: Umbreon
|-supereffective|p1a: Umbreon
|-damage|p1a: Umbreon|0 fnt
|-damage|p2a: Samurott|0 fnt|[from] item: Rocky Helmet|[of] p1a: Umbreon
|faint|p1a: Umbreon
|faint|p2a: Samurott
|
|upkeep
|inactive|Fvckbdy has 20 seconds left this turn.
|inactive|Fvckbdy has 15 seconds left.
|inactive|Fvckbdy has 10 seconds left.
|
|t:|1760853683
|switch|p2a: Ceruledge|Ceruledge, M|8/100 tox
|switch|p1a: Gyarados|Gyarados, F|52/100
|-damage|p1a: Gyarados|27/100|[from] Stealth Rock
|turn|30
|inactive|Fvckbdy has 20 seconds left this turn.
|inactive|Fvckbdy has 15 seconds left.
|inactive|Fvckbdy has 10 seconds left.
|
|t:|1760853693
|move|p2a: Ceruledge|Shadow Sneak|p1a: Gyarados
|-damage|p1a: Gyarados|0 fnt
|faint|p1a: Gyarados
|
|-damage|p2a: Ceruledge|2/100 tox|[from] psn
|upkeep
|inactive|Fvckbdy has 15 seconds left this turn.
|inactive|Fvckbdy has 10 seconds left.
|
|t:|1760853703
|switch|p1a: Iron Moth|Iron Moth|100/100
|-damage|p1a: Iron Moth|75/100|[from] Stealth Rock
|-damage|p1a: Iron Moth|50/100|[from] Spikes
|turn|31
|inactive|Fvckbdy has 20 seconds left this turn.
|inactive|Fvckbdy has 15 seconds left.
|
|t:|1760853710
|move|p2a: Ceruledge|Shadow Sneak|p1a: Iron Moth
|-damage|p1a: Iron Moth|21/100
|move|p1a: Iron Moth|Rest|p1a: Iron Moth
|-status|p1a: Iron Moth|slp|[from] move: Rest
|-heal|p1a: Iron Moth|100/100 slp|[silent]
|
|-damage|p2a: Ceruledge|0 fnt|[from] psn
|faint|p2a: Ceruledge
|upkeep
|
|t:|1760853721
|switch|p2a: Pecharunt|Pecharunt|1/100
|turn|32
|inactive|Fvckbdy has 30 seconds left this turn.
|
|t:|1760853728
|move|p2a: Pecharunt|Shadow Ball|p1a: Iron Moth
|-damage|p1a: Iron Moth|72/100 slp
|cant|p1a: Iron Moth|slp
|move|p1a: Iron Moth|Sleep Talk|p1a: Iron Moth
|move|p1a: Iron Moth|Fiery Dance|p2a: Pecharunt|[from] move: Sleep Talk
|-damage|p2a: Pecharunt|0 fnt
|replace|p2a: Zoroark|Zoroark-Hisui, M
|-end|p2a: Zoroark|Illusion
|faint|p2a: Zoroark
|
|-heal|p1a: Iron Moth|79/100 slp|[from] item: Leftovers
|upkeep
|
|t:|1760853743
|switch|p2a: Landorus|Landorus-Therian, M|31/100 tox
|-ability|p2a: Landorus|Intimidate|boost
|-unboost|p1a: Iron Moth|atk|1
|turn|33
|
|t:|1760853751
|cant|p1a: Iron Moth|slp
|move|p1a: Iron Moth|Sleep Talk|p1a: Iron Moth
|move|p1a: Iron Moth|Rest||[from] move: Sleep Talk|[still]
|-fail|p1a: Iron Moth
|move|p2a: Landorus|Earthquake|p1a: Iron Moth
|-supereffective|p1a: Iron Moth
|-damage|p1a: Iron Moth|0 fnt
|faint|p1a: Iron Moth
|-end|p1a: Iron Moth|Quark Drive|[silent]
|
|-damage|p2a: Landorus|25/100 tox|[from] psn
|upkeep
|
|t:|1760853763
|switch|p1a: Serperior|Serperior, F|38/100
|-damage|p1a: Serperior|25/100|[from] Stealth Rock
|-damage|p1a: Serperior|0 fnt|[from] Spikes
|faint|p1a: Serperior
|
|win|im 0 want 1
|raw|Fvckbdy's rating: 1094 &rarr; <strong>1066</strong><br />(-28 for losing)
|raw|im 0 want 1's rating: 1040 &rarr; <strong>1079</strong><br />(+39 for winning)
