|j|☆henryzx900ruly
|j|☆starttopwewill
|t:|1760770895
|gametype|singles
|player|p1|henryzx900ruly|101|1217
|player|p2|starttopwewill|102|1168
|gen|9
|tier|[Gen 9] OU
|rated|
|rule|HP Percentage Mod: HP is shown in percentages
|rule|Endless Battle Clause: Forcing endless battles is banned
|rule|Species Clause: Limit one of each Pokémon
|rule|OHKO Clause: OHKO moves are banned
|rule|Evasion Items Clause: Evasion items are banned
|rule|Evasion Moves Clause: Evasion moves are banned
|rule|Evasion Abilities Clause: Evasion abilities are banned
|rule|Sleep Moves Clause: Sleep-inducing moves are banned
|clearpoke
|poke|p1|Toucannon, M|
|poke|p1|Ninetales-Alola, F|
|poke|p1|Iron Crown|
|poke|p1|Thundurus, M|
|poke|p1|Great Tusk|
|poke|p1|Dragonite, F|
|poke|p2|Garchomp, F|
|poke|p2|Polteageist-Antique|
|poke|p2|Indeedee, M|
|poke|p2|Quaquaval, F|
|poke|p2|Ditto|
|poke|p2|Landorus-Therian, M|
|teampreview
|inactive|Battle timer is ON: inactive players will automatically lose when time's up. (requested by henryzx900ruly)
|j| RedemptiveSketch
|c|☆henryzx900ruly|elite gameplau
|l| RedemptiveSketch
|j| ultracentrifuge
|
|t:|1760770976
|teamsize|p1|6
|teamsize|p2|6
|start
|switch|p1a: Toucannon|Toucannon, M|100/100
|switch|p2a: Landorus|Landorus-Therian, M|100/100
|-ability|p2a: Landorus|Intimidate|boost
|-unboost|p1a: Toucannon|atk|1
|turn|1
|
|t:|1760770987
|-singleturn|p1a: Toucannon|move: Beak Blast
|move|p2a: Landorus|U-turn|p1a: Toucannon
|-resisted|p1a: Toucannon
|-damage|p1a: Toucannon|85/100
|-status|p2a: Landorus|brn
|
|t:|1760770994
|switch|p2a: Garchomp|Garchomp, F|100/100|[from] U-turn
|move|p1a: Toucannon|Beak Blast|p2a: Garchomp
|-damage|p2a: Garchomp|79/100
|
|upkeep
|turn|2
|
|t:|1760771003
|move|p2a: Garchomp|Stealth Rock|p1a: Toucannon
|-sidestart|p1: henryzx900ruly|move: Stealth Rock
|move|p1a: Toucannon|Knock Off|p2a: Garchomp
|-damage|p2a: Garchomp|64/100
|-damage|p1a: Toucannon|72/100|[from] ability: Rough Skin|[of] p2a: Garchomp
|-damage|p1a: Toucannon|56/100|[from] item: Rocky Helmet|[of] p2a: Garchomp
|-enditem|p2a: Garchomp|Rocky Helmet|[from] move: Knock Off|[of] p1a: Toucannon
|
|upkeep
|turn|3
|
|t:|1760771008
|-singleturn|p1a: Toucannon|move: Beak Blast
|move|p2a: Garchomp|Spikes|p1a: Toucannon
|-sidestart|p1: henryzx900ruly|Spikes
|move|p1a: Toucannon|Beak Blast|p2a: Garchomp
|-damage|p2a: Garchomp|41/100
|
|upkeep
|turn|4
|
|t:|1760771019
|move|p2a: Garchomp|Stone Edge|p1a: Toucannon|[miss]
|-miss|p2a: Garchomp|p1a: Toucannon
|move|p1a: Toucannon|Sky Attack||[still]
|-prepare|p1a: Toucannon|Sky Attack
|-enditem|p1a: Toucannon|Power Herb
|-anim|p1a: Toucannon|Sky Attack|p2a: Garchomp
|-damage|p2a: Garchomp|0 fnt
|faint|p2a: Garchomp
|
|upkeep
|
|t:|1760771030
|switch|p2a: Indeedee|Indeedee, M|100/100
|-fieldstart|move: Psychic Terrain|[from] ability: Psychic Surge|[of] p2a: Indeedee
|turn|5
|
|t:|1760771037
|-singleturn|p1a: Toucannon|move: Beak Blast
|move|p2a: Indeedee|Expanding Force|p1a: Toucannon
|-crit|p1a: Toucannon
|-damage|p1a: Toucannon|0 fnt
|faint|p1a: Toucannon
|
|upkeep
|
|t:|1760771052
|switch|p1a: Great Tusk|Great Tusk|100/100
|-damage|p1a: Great Tusk|98/100|[from] Stealth Rock
|-damage|p1a: Great Tusk|85/100|[from] Spikes
|-enditem|p1a: Great Tusk|Booster Energy
|-activate|p1a: Great Tusk|ability: Protosynthesis|[fromitem]
|-start|p1a: Great Tusk|protosynthesisspe
|turn|6
|c|☆henryzx900ruly|i need to spin
|
|t:|1760771068
|move|p1a: Great Tusk|Headlong Rush|p2a: Indeedee
|-damage|p2a: Indeedee|0 fnt
|-unboost|p1a: Great Tusk|def|1
|-unboost|p1a: Great Tusk|spd|1
|faint|p2a: Indeedee
|
|upkeep
|
|t:|1760771072
|switch|p2a: Ditto|Ditto|100/100
|-transform|p2a: Ditto|p1a: Great Tusk|[from] ability: Imposter
|turn|7
|
|t:|1760771077
|-terastallize|p2a: Ditto|Ghost
|move|p1a: Great Tusk|Rapid Spin|p2a: Ditto
|-immune|p2a: Ditto
|move|p2a: Ditto|Headlong Rush|p1a: Great Tusk
|-damage|p1a: Great Tusk|32/100
|-unboost|p2a: Ditto|def|1
|-unboost|p2a: Ditto|spd|1
|
|upkeep
|turn|8
|
|t:|1760771084
|move|p1a: Great Tusk|Headlong Rush|p2a: Ditto
|-damage|p2a: Ditto|7/100
|-unboost|p1a: Great Tusk|def|1
|-unboost|p1a: Great Tusk|spd|1
|move|p2a: Ditto|Headlong Rush|p1a: Great Tusk
|-damage|p1a: Great Tusk|0 fnt
|-unboost|p2a: Ditto|def|1
|-unboost|p2a: Ditto|spd|1
|faint|p1a: Great Tusk
|-end|p1a: Great Tusk|Protosynthesis|[silent]
|
|upkeep
|
|t:|1760771095
|switch|p1a: Ninetales|Ninetales-Alola, F|100/100
|-damage|p1a: Ninetales|76/100|[from] Stealth Rock
|-damage|p1a: Ninetales|64/100|[from] Spikes
|-weather|Snowscape|[from] ability: Snow Warning|[of] p1a: Ninetales
|turn|9
|
|t:|1760771097
|move|p2a: Ditto|Headlong Rush|p1a: Ninetales
|-damage|p1a: Ninetales|10/100
|-unboost|p2a: Ditto|def|1
|-unboost|p2a: Ditto|spd|1
|move|p1a: Ninetales|Aurora Veil|p1a: Ninetales
|-sidestart|p1: henryzx900ruly|move: Aurora Veil
|
|-weather|Snowscape|[upkeep]
|upkeep
|turn|10
|
|t:|1760771102
|move|p2a: Ditto|Headlong Rush|p1a: Ninetales
|-damage|p1a: Ninetales|0 fnt
|-unboost|p2a: Ditto|def|1
|-unboost|p2a: Ditto|spd|1
|faint|p1a: Ninetales
|
|-weather|Snowscape|[upkeep]
|upkeep
|
|t:|1760771114
|switch|p1a: Thundurus|Thundurus, M|100/100
|-damage|p1a: Thundurus|76/100|[from] Stealth Rock
|turn|11
|
|t:|1760771118
|-end|p2a: Ditto|Protosynthesis|[silent]
|switch|p2a: Landorus|Landorus-Therian, M|100/100 brn
|-ability|p2a: Landorus|Intimidate|boost
|-unboost|p1a: Thundurus|atk|1
|move|p1a: Thundurus|Thunderbolt|p2a: Landorus
|-immune|p2a: Landorus
|
|-weather|Snowscape|[upkeep]
|-damage|p2a: Landorus|95/100 brn|[from] brn
|upkeep
|turn|12
|
|t:|1760771140
|move|p1a: Thundurus|Nasty Plot|p1a: Thundurus
|-boost|p1a: Thundurus|spa|2
|move|p2a: Landorus|Facade|p1a: Thundurus
|-damage|p1a: Thundurus|32/100
|
|-weather|Snowscape|[upkeep]
|-damage|p2a: Landorus|89/100 brn|[from] brn
|-fieldend|move: Psychic Terrain
|upkeep
|turn|13
|
|t:|1760771148
|move|p2a: Landorus|Facade|p1a: Thundurus
|-crit|p1a: Thundurus
|-damage|p1a: Thundurus|0 fnt
|faint|p1a: Thundurus
|
|-weather|none
|-damage|p2a: Landorus|83/100 brn|[from] brn
|upkeep
|j|+pastagirl
|
|t:|1760771151
|switch|p1a: Iron Crown|Iron Crown|100/100
|-damage|p1a: Iron Crown|94/100|[from] Stealth Rock
|-damage|p1a: Iron Crown|82/100|[from] Spikes
|-enditem|p1a: Iron Crown|Booster Energy
|-activate|p1a: Iron Crown|ability: Quark Drive|[fromitem]
|-start|p1a: Iron Crown|quarkdrivespe
|turn|14
|inactive|henryzx900ruly has 120 seconds left.
|
|t:|1760771183
|-terastallize|p1a: Iron Crown|Fighting
|move|p1a: Iron Crown|Calm Mind|p1a: Iron Crown
|-boost|p1a: Iron Crown|spa|1
|-boost|p1a: Iron Crown|spd|1
|move|p2a: Landorus|Facade|p1a: Iron Crown
|-damage|p1a: Iron Crown|55/100
|
|-damage|p2a: Landorus|77/100 brn|[from] brn
|upkeep
|turn|15
|inactive|henryzx900ruly has 120 seconds left.
|
|t:|1760771199
|move|p1a: Iron Crown|Calm Mind|p1a: Iron Crown
|-boost|p1a: Iron Crown|spa|1
|-boost|p1a: Iron Crown|spd|1
|move|p2a: Landorus|Facade|p1a: Iron Crown
|-damage|p1a: Iron Crown|31/100
|
|-damage|p2a: Landorus|71/100 brn|[from] brn
|upkeep
|turn|16
|
|t:|1760771204
|move|p1a: Iron Crown|Stored Power|p2a: Landorus
|-damage|p2a: Landorus|0 fnt
|faint|p2a: Landorus
|
|-sideend|p1: henryzx900ruly|move: Aurora Veil
|upkeep
|
|t:|1760771207
|switch|p2a: Ditto|Ditto, tera:Ghost|7/100
|-transform|p2a: Ditto|p1a: Iron Crown|[from] ability: Imposter
|turn|17
|c|☆henryzx900ruly|speed tie
|
|t:|1760771213
|move|p2a: Ditto|Stored Power|p1a: Iron Crown
|-supereffective|p1a: Iron Crown
|-damage|p1a: Iron Crown|0 fnt
|faint|p1a: Iron Crown
|-end|p1a: Iron Crown|Quark Drive|[silent]
|
|upkeep
|c|☆henryzx900ruly|word
|
|t:|1760771218
|switch|p1a: Dragonite|Dragonite, F|100/100
|turn|18
|
|t:|1760771222
|move|p2a: Ditto|Stored Power|p1a: Dragonite
|-damage|p1a: Dragonite|56/100
|move|p1a: Dragonite|Scale Shot|p2a: Ditto
|-damage|p2a: Ditto|0 fnt
|faint|p2a: Ditto
|-end|p2a: Ditto|Quark Drive|[silent]
|-hitcount|p2: Ditto|1
|-unboost|p1a: Dragonite|def|1
|-boost|p1a: Dragonite|spe|1
|
|upkeep
|
|t:|1760771233
|switch|p2a: Quaquaval|Quaquaval, F|100/100
|turn|19
|
|t:|1760771240
|move|p1a: Dragonite|Scale Shot|p2a: Quaquaval
|-damage|p2a: Quaquaval|82/100
|-damage|p2a: Quaquaval|63/100
|-damage|p2a: Quaquaval|43/100
|-hitcount|p2a: Quaquaval|3
|-unboost|p1a: Dragonite|def|1
|-boost|p1a: Dragonite|spe|1
|move|p2a: Quaquaval|Triple Axel|p1a: Dragonite
|-supereffective|p1a: Dragonite
|-damage|p1a: Dragonite|0 fnt
|faint|p1a: Dragonite
|-hitcount|p1: Dragonite|1
|
|win|starttopwewill
|raw|henryzx900ruly's rating: 1217 &rarr; <strong>1188</strong><br />(-29 for losing)
|raw|starttopwewill's rating: 1168 &rarr; <strong>1197</strong><br />(+29 for winning)
|l|☆henryzx900ruly
|player|p1|
|c|☆starttopwewill|gg
|l| ultracentrifuge
|l|☆starttopwewill
|player|p2|
