|j|☆SmallKuza1888
|j|☆Obito 2001
|t:|1760822599
|gametype|singles
|player|p1|SmallKuza1888|cyclist-gen4|1708
|player|p2|Obito 2001|blue-gen3two|1763
|gen|9
|tier|[Gen 9] OU
|rated|
|rule|HP Percentage Mod: HP is shown in percentages
|rule|Endless Battle Clause: Forcing endless battles is banned
|rule|Species Clause: Limit one of each Pokémon
|rule|OHKO Clause: OHKO moves are banned
|rule|Evasion Items Clause: Evasion items are banned
|rule|Evasion Moves Clause: Evasion moves are banned
|rule|Evasion Abilities Clause: Evasion abilities are banned
|rule|Sleep Moves Clause: Sleep-inducing moves are banned
|clearpoke
|poke|p1|Tyranitar, F|
|poke|p1|Excadrill, M|
|poke|p1|Sinistcha|
|poke|p1|Tinkaton, F|
|poke|p1|Toxapex, M|
|poke|p1|Tornadus-Therian, M|
|poke|p2|Maushold-Four|
|poke|p2|Comfey, F|
|poke|p2|Grimmsnarl, M|
|poke|p2|Iron Crown|
|poke|p2|Ogerpon-Wellspring, F|
|poke|p2|Great Tusk|
|teampreview
|inactive|Battle timer is ON: inactive players will automatically lose when time's up. (requested by Obito 2001)
|
|t:|1760822629
|teamsize|p1|6
|teamsize|p2|6
|start
|switch|p1a: Tinkaton|Tinkaton, F|100/100
|switch|p2a: Zanpakuto🗡️|Iron Crown|100/100
|-ability|p1a: Tinkaton|Mold Breaker
|-item|p1a: Tinkaton|Air Balloon
|turn|1
|
|t:|1760822636
|move|p2a: Zanpakuto🗡️|Volt Switch|p1a: Tinkaton
|-damage|p1a: Tinkaton|71/100
|-enditem|p1a: Tinkaton|Air Balloon
|
|t:|1760822639
|-end|p2a: Zanpakuto🗡️|Quark Drive|[silent]
|switch|p2a: Mega Donphan|Great Tusk|100/100|[from] Volt Switch
|move|p1a: Tinkaton|Stealth Rock|p2a: Mega Donphan
|-sidestart|p2: Obito 2001|move: Stealth Rock
|
|upkeep
|turn|2
|
|t:|1760822643
|switch|p1a: Sinistcha|Sinistcha|100/100
|move|p2a: Mega Donphan|Stealth Rock|p1a: Sinistcha
|-sidestart|p1: SmallKuza1888|move: Stealth Rock
|
|upkeep
|turn|3
|
|t:|1760822651
|-end|p2a: Mega Donphan|Protosynthesis|[silent]
|switch|p2a: Zanpakuto🗡️|Iron Crown|100/100
|-damage|p2a: Zanpakuto🗡️|94/100|[from] Stealth Rock
|move|p1a: Sinistcha|Matcha Gotcha|p2a: Zanpakuto🗡️
|-resisted|p2a: Zanpakuto🗡️
|-crit|p2a: Zanpakuto🗡️
|-damage|p2a: Zanpakuto🗡️|70/100
|
|upkeep
|turn|4
|
|t:|1760822654
|switch|p1a: Toxapex|Toxapex, M|100/100
|-damage|p1a: Toxapex|88/100|[from] Stealth Rock
|move|p2a: Zanpakuto🗡️|Tachyon Cutter|p1a: Toxapex
|-resisted|p1a: Toxapex
|-crit|p1a: Toxapex
|-damage|p1a: Toxapex|71/100
|-resisted|p1a: Toxapex
|-damage|p1a: Toxapex|59/100
|-hitcount|p1a: Toxapex|2
|-enditem|p1a: Toxapex|Eject Button
|
|t:|1760822660
|switch|p1a: Tornadus|Tornadus-Therian, M|100/100
|-damage|p1a: Tornadus|76/100|[from] Stealth Rock
|
|upkeep
|turn|5
|
|t:|1760822666
|-end|p2a: Zanpakuto🗡️|Quark Drive|[silent]
|switch|p2a: Screen Goblin|Grimmsnarl, M|100/100
|-damage|p2a: Screen Goblin|88/100|[from] Stealth Rock
|move|p1a: Tornadus|Heat Wave|p2a: Screen Goblin
|-damage|p2a: Screen Goblin|45/100
|
|upkeep
|turn|6
|
|t:|1760822671
|switch|p1a: Toxapex|Toxapex, M|93/100
|-damage|p1a: Toxapex|80/100|[from] Stealth Rock
|move|p2a: Screen Goblin|Light Screen|p2a: Screen Goblin
|-sidestart|p2: Obito 2001|move: Light Screen
|
|upkeep
|turn|7
|
|t:|1760822676
|move|p2a: Screen Goblin|Parting Shot|p1a: Toxapex
|-unboost|p1a: Toxapex|atk|1
|-unboost|p1a: Toxapex|spa|1
|
|t:|1760822677
|switch|p2a: Zanpakuto🗡️|Iron Crown|70/100|[from] Parting Shot
|-damage|p2a: Zanpakuto🗡️|64/100|[from] Stealth Rock
|move|p1a: Toxapex|Toxic Spikes|p2a: Zanpakuto🗡️
|-sidestart|p2: Obito 2001|move: Toxic Spikes
|
|upkeep
|turn|8
|
|t:|1760822683
|move|p2a: Zanpakuto🗡️|Volt Switch|p1a: Toxapex
|-supereffective|p1a: Toxapex
|-damage|p1a: Toxapex|39/100
|
|t:|1760822687
|-end|p2a: Zanpakuto🗡️|Quark Drive|[silent]
|switch|p2a: Mega Donphan|Great Tusk|100/100|[from] Volt Switch
|move|p1a: Toxapex|Recover|p1a: Toxapex
|-heal|p1a: Toxapex|90/100
|
|upkeep
|turn|9
|
|t:|1760822692
|-end|p2a: Mega Donphan|Protosynthesis|[silent]
|switch|p2a: Zanpakuto🗡️|Iron Crown|64/100
|-damage|p2a: Zanpakuto🗡️|58/100|[from] Stealth Rock
|switch|p1a: Sinistcha|Sinistcha|100/100
|-damage|p1a: Sinistcha|88/100|[from] Stealth Rock
|
|-heal|p1a: Sinistcha|94/100|[from] item: Leftovers
|upkeep
|turn|10
|
|t:|1760822697
|switch|p1a: Excadrill|Excadrill, M|100/100
|-damage|p1a: Excadrill|97/100|[from] Stealth Rock
|move|p2a: Zanpakuto🗡️|Psyshock|p1a: Excadrill
|-resisted|p1a: Excadrill
|-damage|p1a: Excadrill|56/100
|
|upkeep
|turn|11
|
|t:|1760822706
|-end|p2a: Zanpakuto🗡️|Quark Drive|[silent]
|switch|p2a: Mega Donphan|Great Tusk|100/100
|move|p1a: Excadrill|Rapid Spin|p2a: Mega Donphan
|-damage|p2a: Mega Donphan|85/100
|-boost|p1a: Excadrill|spe|1
|-sideend|p1: SmallKuza1888|Stealth Rock|[from] move: Rapid Spin|[of] p1a: Excadrill
|
|upkeep
|turn|12
|
|t:|1760822710
|switch|p1a: Sinistcha|Sinistcha|94/100
|move|p2a: Mega Donphan|Stealth Rock|p1a: Sinistcha
|-sidestart|p1: SmallKuza1888|move: Stealth Rock
|
|-heal|p1a: Sinistcha|99/100|[from] item: Leftovers
|upkeep
|turn|13
|
|t:|1760822718
|move|p2a: Mega Donphan|Ice Spinner|p1a: Sinistcha
|-supereffective|p1a: Sinistcha
|-damage|p1a: Sinistcha|63/100
|move|p1a: Sinistcha|Shadow Ball|p2a: Mega Donphan
|-damage|p2a: Mega Donphan|60/100
|
|-heal|p1a: Sinistcha|69/100|[from] item: Leftovers
|-sideend|p2: Obito 2001|move: Light Screen
|upkeep
|turn|14
|
|t:|1760822721
|-end|p2a: Mega Donphan|Protosynthesis|[silent]
|switch|p2a: Zanpakuto🗡️|Iron Crown|58/100
|-damage|p2a: Zanpakuto🗡️|52/100|[from] Stealth Rock
|move|p1a: Sinistcha|Matcha Gotcha|p2a: Zanpakuto🗡️
|-resisted|p2a: Zanpakuto🗡️
|-damage|p2a: Zanpakuto🗡️|36/100
|-heal|p1a: Sinistcha|76/100|[from] drain|[of] p2a: Zanpakuto🗡️
|
|-heal|p1a: Sinistcha|82/100|[from] item: Leftovers
|upkeep
|turn|15
|
|t:|1760822731
|switch|p1a: Toxapex|Toxapex, M|100/100
|-damage|p1a: Toxapex|88/100|[from] Stealth Rock
|move|p2a: Zanpakuto🗡️|Psyshock|p1a: Toxapex
|-supereffective|p1a: Toxapex
|-damage|p1a: Toxapex|3/100
|
|upkeep
|turn|16
|
|t:|1760822737
|-end|p2a: Zanpakuto🗡️|Quark Drive|[silent]
|switch|p2a: Mega Donphan|Great Tusk|60/100
|switch|p1a: Tyranitar|Tyranitar, F|100/100
|-damage|p1a: Tyranitar|88/100|[from] Stealth Rock
|-weather|Sandstorm|[from] ability: Sand Stream|[of] p1a: Tyranitar
|
|-weather|Sandstorm|[upkeep]
|upkeep
|turn|17
|
|t:|1760822743
|-end|p2a: Mega Donphan|Protosynthesis|[silent]
|switch|p2a: Zanpakuto🗡️|Iron Crown|36/100
|-damage|p2a: Zanpakuto🗡️|29/100|[from] Stealth Rock
|switch|p1a: Sinistcha|Sinistcha|82/100
|-damage|p1a: Sinistcha|70/100|[from] Stealth Rock
|
|-weather|Sandstorm|[upkeep]
|-damage|p1a: Sinistcha|64/100|[from] Sandstorm
|-heal|p1a: Sinistcha|70/100|[from] item: Leftovers
|upkeep
|turn|18
|
|t:|1760822749
|switch|p1a: Toxapex|Toxapex, M|36/100
|-damage|p1a: Toxapex|24/100|[from] Stealth Rock
|move|p2a: Zanpakuto🗡️|Tachyon Cutter|p1a: Toxapex
|-resisted|p1a: Toxapex
|-damage|p1a: Toxapex|13/100
|-resisted|p1a: Toxapex
|-damage|p1a: Toxapex|0 fnt
|faint|p1a: Toxapex
|-hitcount|p1: Toxapex|2
|
|-weather|Sandstorm|[upkeep]
|upkeep
|
|t:|1760822754
|switch|p1a: Excadrill|Excadrill, M|56/100
|-damage|p1a: Excadrill|53/100|[from] Stealth Rock
|turn|19
|
|t:|1760822765
|-end|p2a: Zanpakuto🗡️|Quark Drive|[silent]
|switch|p2a: Mega Donphan|Great Tusk|60/100
|move|p1a: Excadrill|Earthquake|p2a: Mega Donphan
|-damage|p2a: Mega Donphan|20/100
|
|-weather|Sandstorm|[upkeep]
|upkeep
|turn|20
|
|t:|1760822769
|move|p1a: Excadrill|Earthquake|p2a: Mega Donphan
|-crit|p2a: Mega Donphan
|-damage|p2a: Mega Donphan|0 fnt
|faint|p2a: Mega Donphan
|-end|p2a: Mega Donphan|Protosynthesis|[silent]
|
|-weather|none
|upkeep
|
|t:|1760822776
|switch|p2a: Gang bang|Maushold-Four|100/100
|-damage|p2a: Gang bang|88/100|[from] Stealth Rock
|-status|p2a: Gang bang|psn
|turn|21
|
|t:|1760822778
|move|p2a: Gang bang|Population Bomb|p1a: Excadrill|[miss]
|-miss|p2a: Gang bang|p1a: Excadrill
|move|p1a: Excadrill|Earthquake|p2a: Gang bang
|-damage|p2a: Gang bang|0 fnt
|faint|p2a: Gang bang
|
|upkeep
|-message|Obito 2001 forfeited.
|
|win|SmallKuza1888
|raw|SmallKuza1888's rating: 1708 &rarr; <strong>1731</strong><br />(+23 for winning)
|raw|Obito 2001's rating: 1763 &rarr; <strong>1740</strong><br />(-23 for losing)
|l|☆Obito 2001
|player|p2|
|l|☆SmallKuza1888
|player|p1|
