|j|☆gryan4
|j|☆supernoob01
|t:|1760746337
|gametype|singles
|player|p1|gryan4|doctor|1375
|player|p2|supernoob01|266|1298
|gen|9
|tier|[Gen 9] OU
|rated|
|rule|HP Percentage Mod: HP is shown in percentages
|rule|Endless Battle Clause: Forcing endless battles is banned
|rule|Species Clause: Limit one of each Pokémon
|rule|OHKO Clause: OHKO moves are banned
|rule|Evasion Items Clause: Evasion items are banned
|rule|Evasion Moves Clause: Evasion moves are banned
|rule|Evasion Abilities Clause: Evasion abilities are banned
|rule|Sleep Moves Clause: Sleep-inducing moves are banned
|clearpoke
|poke|p1|Cinderace, M|
|poke|p1|Mimikyu, M|
|poke|p1|Froslass, F|
|poke|p1|Ceruledge, M|
|poke|p1|Pecharunt|
|poke|p1|Dragapult, F|
|poke|p2|Lokix, M|
|poke|p2|Cinderace, F|
|poke|p2|Great Tusk|
|poke|p2|Alomomola, M|
|poke|p2|Enamorus, F|
|poke|p2|Slowking-Galar, F|
|teampreview
|inactive|Battle timer is ON: inactive players will automatically lose when time's up. (requested by supernoob01)
|inactive|gryan4 also wants the timer to be on.
|
|t:|1760746351
|teamsize|p1|6
|teamsize|p2|6
|start
|switch|p1a: Froslass|Froslass, F|100/100
|switch|p2a: Slowking|Slowking-Galar, F|100/100
|turn|1
|
|t:|1760746360
|move|p1a: Froslass|Thunder Wave|p2a: Slowking
|-status|p2a: Slowking|par
|-prepare|p2a: Slowking|Chilly Reception|[premajor]
|cant|p2a: Slowking|par
|
|upkeep
|turn|2
|
|t:|1760746366
|move|p1a: Froslass|Spikes|p2a: Slowking
|-sidestart|p2: supernoob01|Spikes
|-prepare|p2a: Slowking|Chilly Reception|[premajor]
|move|p2a: Slowking|Chilly Reception|p2a: Slowking
|-weather|Snowscape
|
|t:|1760746375
|switch|p2a: Lokix|Lokix, M|100/100|[from] Chilly Reception
|-damage|p2a: Lokix|88/100|[from] Spikes
|
|-weather|Snowscape|[upkeep]
|upkeep
|turn|3
|
|t:|1760746380
|move|p1a: Froslass|Thunder Wave|p2a: Lokix
|-status|p2a: Lokix|par
|move|p2a: Lokix|Knock Off|p1a: Froslass
|-supereffective|p1a: Froslass
|-enditem|p1a: Froslass|Focus Sash
|-damage|p1a: Froslass|1/100
|-start|p2a: Lokix|Disable|Knock Off|[from] ability: Cursed Body|[of] p1a: Froslass
|
|-weather|Snowscape|[upkeep]
|upkeep
|turn|4
|
|t:|1760746394
|switch|p2a: Alomomola|Alomomola, M|100/100
|-damage|p2a: Alomomola|88/100|[from] Spikes
|move|p1a: Froslass|Spikes|p2a: Alomomola
|-sidestart|p2: supernoob01|Spikes
|
|-weather|Snowscape|[upkeep]
|upkeep
|turn|5
|
|t:|1760746401
|move|p2a: Alomomola|Aqua Jet|p1a: Froslass
|-damage|p1a: Froslass|0 fnt
|faint|p1a: Froslass
|
|-weather|Snowscape|[upkeep]
|upkeep
|
|t:|1760746404
|switch|p1a: Pecharunt|Pecharunt|100/100
|turn|6
|
|t:|1760746410
|switch|p2a: Slowking|Slowking-Galar, F|100/100 par
|-damage|p2a: Slowking|84/100 par|[from] Spikes
|move|p1a: Pecharunt|Malignant Chain|p2a: Slowking
|-resisted|p2a: Slowking
|-damage|p2a: Slowking|66/100 par
|
|-weather|none
|upkeep
|turn|7
|
|t:|1760746418
|move|p1a: Pecharunt|Hex|p2a: Slowking
|-supereffective|p2a: Slowking
|-damage|p2a: Slowking|0 fnt
|faint|p2a: Slowking
|
|upkeep
|
|t:|1760746422
|switch|p2a: Cinderace|Cinderace, F|100/100
|turn|8
|
|t:|1760746428
|move|p2a: Cinderace|Court Change|p2a: Cinderace
|-swapsideconditions
|-activate|p2a: Cinderace|move: Court Change
|move|p1a: Pecharunt|Malignant Chain|p2a: Cinderace
|-damage|p2a: Cinderace|52/100
|-status|p2a: Cinderace|tox
|-start|p2a: Cinderace|confusion|[from] ability: Poison Puppeteer|[of] p1a: Pecharunt
|
|-damage|p2a: Cinderace|46/100 tox|[from] psn
|upkeep
|turn|9
|
|t:|1760746437
|switch|p1a: Cinderace|Cinderace, M|100/100
|-activate|p2a: Cinderace|confusion
|-damage|p2a: Cinderace|35/100 tox|[from] confusion
|
|-damage|p2a: Cinderace|22/100 tox|[from] psn
|upkeep
|turn|10
|
|t:|1760746444
|move|p1a: Cinderace|Court Change|p1a: Cinderace
|-start|p1a: Cinderace|typechange|Normal|[from] ability: Libero
|-swapsideconditions
|-activate|p1a: Cinderace|move: Court Change
|-activate|p2a: Cinderace|confusion
|move|p2a: Cinderace|U-turn|p1a: Cinderace
|-damage|p1a: Cinderace|75/100
|
|t:|1760746449
|switch|p2a: Great Tusk|Great Tusk|100/100|[from] U-turn
|-damage|p2a: Great Tusk|84/100|[from] Spikes
|
|-heal|p2a: Great Tusk|90/100|[from] item: Leftovers
|upkeep
|turn|11
|
|t:|1760746456
|switch|p1a: Ceruledge|Ceruledge, M|100/100
|move|p2a: Great Tusk|Earthquake|p1a: Ceruledge
|-supereffective|p1a: Ceruledge
|-enditem|p1a: Ceruledge|Focus Sash
|-damage|p1a: Ceruledge|1/100
|-ability|p1a: Ceruledge|Weak Armor|boost
|-unboost|p1a: Ceruledge|def|1
|-boost|p1a: Ceruledge|spe|2
|
|-heal|p2a: Great Tusk|96/100|[from] item: Leftovers
|upkeep
|turn|12
|
|t:|1760746466
|move|p1a: Ceruledge|Poltergeist|p2a: Great Tusk|[miss]
|-miss|p1a: Ceruledge|p2a: Great Tusk
|move|p2a: Great Tusk|Knock Off|p1a: Ceruledge
|-supereffective|p1a: Ceruledge
|-damage|p1a: Ceruledge|0 fnt
|faint|p1a: Ceruledge
|
|-heal|p2a: Great Tusk|100/100|[from] item: Leftovers
|upkeep
|
|t:|1760746469
|switch|p1a: Mimikyu|Mimikyu, M|100/100
|turn|13
|
|t:|1760746479
|move|p1a: Mimikyu|Swords Dance|p1a: Mimikyu
|-boost|p1a: Mimikyu|atk|2
|move|p2a: Great Tusk|Knock Off|p1a: Mimikyu
|-activate|p1a: Mimikyu|ability: Disguise
|-damage|p1a: Mimikyu|100/100
|-enditem|p1a: Mimikyu|Life Orb|[from] move: Knock Off|[of] p2a: Great Tusk
|detailschange|p1a: Mimikyu|Mimikyu-Busted, M
|-damage|p1a: Mimikyu|88/100|[from] pokemon: Mimikyu-Busted
|
|upkeep
|turn|14
|
|t:|1760746489
|-terastallize|p2a: Great Tusk|Poison
|move|p1a: Mimikyu|Play Rough|p2a: Great Tusk
|-resisted|p2a: Great Tusk
|-damage|p2a: Great Tusk|80/100
|move|p2a: Great Tusk|Bulk Up|p2a: Great Tusk
|-boost|p2a: Great Tusk|atk|1
|-boost|p2a: Great Tusk|def|1
|
|-heal|p2a: Great Tusk|87/100|[from] item: Leftovers
|upkeep
|turn|15
|
|t:|1760746498
|move|p1a: Mimikyu|Shadow Sneak|p2a: Great Tusk
|-damage|p2a: Great Tusk|76/100
|move|p2a: Great Tusk|Bulk Up|p2a: Great Tusk
|-boost|p2a: Great Tusk|atk|1
|-boost|p2a: Great Tusk|def|1
|
|-heal|p2a: Great Tusk|82/100|[from] item: Leftovers
|upkeep
|turn|16
|
|t:|1760746505
|move|p1a: Mimikyu|Swords Dance|p1a: Mimikyu
|-boost|p1a: Mimikyu|atk|2
|move|p2a: Great Tusk|Bulk Up|p2a: Great Tusk
|-boost|p2a: Great Tusk|atk|1
|-boost|p2a: Great Tusk|def|1
|
|-heal|p2a: Great Tusk|88/100|[from] item: Leftovers
|upkeep
|turn|17
|
|t:|1760746512
|switch|p1a: Dragapult|Dragapult, F|100/100
|move|p2a: Great Tusk|Bulk Up|p2a: Great Tusk
|-boost|p2a: Great Tusk|atk|1
|-boost|p2a: Great Tusk|def|1
|
|-heal|p2a: Great Tusk|94/100|[from] item: Leftovers
|upkeep
|turn|18
|
|t:|1760746519
|move|p1a: Dragapult|Draco Meteor|p2a: Great Tusk
|-damage|p2a: Great Tusk|0 fnt
|-unboost|p1a: Dragapult|spa|2
|faint|p2a: Great Tusk
|-end|p2a: Great Tusk|Protosynthesis|[silent]
|
|upkeep
|
|t:|1760746531
|switch|p2a: Cinderace|Cinderace, F|22/100 tox
|turn|19
|
|t:|1760746536
|move|p1a: Dragapult|Draco Meteor|p2a: Cinderace
|-damage|p2a: Cinderace|0 fnt
|-unboost|p1a: Dragapult|spa|2
|faint|p2a: Cinderace
|
|upkeep
|
|t:|1760746543
|switch|p2a: Enamorus|Enamorus, F|100/100
|turn|20
|
|t:|1760746548
|switch|p1a: Mimikyu|Mimikyu-Busted, M|88/100
|move|p2a: Enamorus|Earth Power|p1a: Mimikyu
|-damage|p1a: Mimikyu|47/100
|
|upkeep
|turn|21
|
|t:|1760746554
|move|p1a: Mimikyu|Shadow Sneak|p2a: Enamorus
|-damage|p2a: Enamorus|74/100
|move|p2a: Enamorus|Earth Power|p1a: Mimikyu
|-damage|p1a: Mimikyu|2/100
|-unboost|p1a: Mimikyu|spd|1
|
|upkeep
|turn|22
|
|t:|1760746560
|move|p1a: Mimikyu|Shadow Sneak|p2a: Enamorus
|-damage|p2a: Enamorus|47/100
|move|p2a: Enamorus|Earth Power|p1a: Mimikyu
|-damage|p1a: Mimikyu|0 fnt
|faint|p1a: Mimikyu
|
|upkeep
|
|t:|1760746562
|switch|p1a: Pecharunt|Pecharunt|100/100
|turn|23
|
|t:|1760746568
|-terastallize|p1a: Pecharunt|Flying
|move|p2a: Enamorus|Earth Power|p1a: Pecharunt
|-immune|p1a: Pecharunt
|move|p1a: Pecharunt|Malignant Chain|p2a: Enamorus
|-supereffective|p2a: Enamorus
|-damage|p2a: Enamorus|0 fnt
|faint|p2a: Enamorus
|
|upkeep
|-message|supernoob01 forfeited.
|
|win|gryan4
|raw|gryan4's rating: 1375 &rarr; <strong>1391</strong><br />(+16 for winning)
|raw|supernoob01's rating: 1298 &rarr; <strong>1278</strong><br />(-20 for losing)
|l|☆supernoob01
|player|p2|
|l|☆gryan4
|player|p1|
