|j|‽clydethesuperhero
|j|‽kensukeushio
|t:|1760807921
|gametype|singles
|player|p1|clydethesuperhero|doubleteam|1539
|player|p2|kensukeushio|fantina|1573
|gen|9
|tier|[Gen 9] OU
|rated|
|rule|HP Percentage Mod: HP is shown in percentages
|rule|Endless Battle Clause: Forcing endless battles is banned
|rule|Species Clause: Limit one of each Pokémon
|rule|OHKO Clause: OHKO moves are banned
|rule|Evasion Items Clause: Evasion items are banned
|rule|Evasion Moves Clause: Evasion moves are banned
|rule|Evasion Abilities Clause: Evasion abilities are banned
|rule|Sleep Moves Clause: Sleep-inducing moves are banned
|clearpoke
|poke|p1|Tornadus-Therian, M|
|poke|p1|Walking Wake|
|poke|p1|Great Tusk|
|poke|p1|Scizor, M|
|poke|p1|Ninetales, M|
|poke|p1|Raging Bolt|
|poke|p2|Araquanid, F|
|poke|p2|Cinderace, M|
|poke|p2|Kingambit, M|
|poke|p2|Serperior, F|
|poke|p2|Ceruledge, M|
|poke|p2|Enamorus, F|
|teampreview
|inactive|Battle timer is ON: inactive players will automatically lose when time's up. (requested by kensukeushio)
|
|t:|1760807948
|teamsize|p1|6
|teamsize|p2|6
|start
|switch|p1a: Raging Bolt|Raging Bolt|100/100
|switch|p2a: Cinderace|Cinderace, M|100/100
|turn|1
|
|t:|1760807961
|move|p2a: Cinderace|High Jump Kick|p1a: Raging Bolt|[miss]
|-start|p2a: Cinderace|typechange|Fighting|[from] ability: Libero
|-miss|p2a: Cinderace|p1a: Raging Bolt
|-damage|p2a: Cinderace|51/100|[from] highjumpkick
|move|p1a: Raging Bolt|Thunderbolt|p2a: Cinderace
|-damage|p2a: Cinderace|0 fnt
|faint|p2a: Cinderace
|-damage|p1a: Raging Bolt|91/100|[from] item: Life Orb
|
|upkeep
|
|t:|1760807973
|switch|p2a: Ceruledge|Ceruledge, M|100/100
|turn|2
|
|t:|1760807979
|move|p2a: Ceruledge|Close Combat|p1a: Raging Bolt
|-damage|p1a: Raging Bolt|52/100
|-unboost|p2a: Ceruledge|def|1
|-unboost|p2a: Ceruledge|spd|1
|move|p1a: Raging Bolt|Thunderbolt|p2a: Ceruledge
|-enditem|p2a: Ceruledge|Focus Sash
|-damage|p2a: Ceruledge|1/100
|-damage|p1a: Raging Bolt|42/100|[from] item: Life Orb
|
|upkeep
|turn|3
|
|t:|1760807985
|move|p2a: Ceruledge|Swords Dance|p2a: Ceruledge
|-boost|p2a: Ceruledge|atk|2
|move|p1a: Raging Bolt|Thunderbolt|p2a: Ceruledge
|-damage|p2a: Ceruledge|0 fnt
|faint|p2a: Ceruledge
|-damage|p1a: Raging Bolt|32/100|[from] item: Life Orb
|
|upkeep
|
|t:|1760807989
|switch|p2a: Serperior|Serperior, F|100/100
|turn|4
|inactive|clydethesuperhero has 120 seconds left.
|
|t:|1760808028
|move|p2a: Serperior|Leaf Storm|p1a: Raging Bolt
|-resisted|p1a: Raging Bolt
|-damage|p1a: Raging Bolt|12/100
|-boost|p2a: Serperior|spa|2
|move|p1a: Raging Bolt|Dragon Pulse|p2a: Serperior
|-damage|p2a: Serperior|18/100
|-damage|p1a: Raging Bolt|3/100|[from] item: Life Orb
|
|-heal|p2a: Serperior|25/100|[from] item: Leftovers
|upkeep
|turn|5
|
|t:|1760808032
|move|p1a: Raging Bolt|Thunderclap||[still]
|-fail|p1a: Raging Bolt
|move|p2a: Serperior|Glare|p1a: Raging Bolt
|-immune|p1a: Raging Bolt
|
|-heal|p2a: Serperior|31/100|[from] item: Leftovers
|upkeep
|turn|6
|
|t:|1760808036
|move|p2a: Serperior|Glare|p1a: Raging Bolt
|-immune|p1a: Raging Bolt
|move|p1a: Raging Bolt|Dragon Pulse|p2a: Serperior
|-damage|p2a: Serperior|0 fnt
|faint|p2a: Serperior
|-damage|p1a: Raging Bolt|0 fnt|[from] item: Life Orb
|faint|p1a: Raging Bolt
|-end|p1a: Raging Bolt|Protosynthesis|[silent]
|
|upkeep
|
|t:|1760808041
|switch|p2a: Araquanid|Araquanid, F|100/100
|switch|p1a: Ninetales|Ninetales, M|100/100
|-weather|SunnyDay|[from] ability: Drought|[of] p1a: Ninetales
|turn|7
|
|t:|1760808054
|switch|p1a: Tornadus|Tornadus-Therian, M|100/100
|move|p2a: Araquanid|Sticky Web|p1a: Tornadus
|-sidestart|p1: clydethesuperhero|move: Sticky Web
|
|-weather|SunnyDay|[upkeep]
|upkeep
|turn|8
|
|t:|1760808060
|move|p1a: Tornadus|Bleakwind Storm|p2a: Araquanid
|-supereffective|p2a: Araquanid
|-damage|p2a: Araquanid|43/100
|move|p2a: Araquanid|Endeavor|p1a: Tornadus
|-damage|p1a: Tornadus|41/100
|-enditem|p1a: Tornadus|Eject Button
|
|t:|1760808070
|switch|p1a: Scizor|Scizor, M|100/100
|-activate|p1a: Scizor|move: Sticky Web
|-unboost|p1a: Scizor|spe|1
|
|-weather|SunnyDay|[upkeep]
|upkeep
|turn|9
|
|t:|1760808072
|move|p1a: Scizor|U-turn|p2a: Araquanid
|-damage|p2a: Araquanid|0 fnt
|faint|p2a: Araquanid
|
|t:|1760808079
|switch|p1a: Tornadus|Tornadus-Therian, M|74/100|[from] U-turn
|
|-weather|SunnyDay|[upkeep]
|upkeep
|
|t:|1760808087
|switch|p2a: Kingambit|Kingambit, M|100/100
|-activate|p2a: Kingambit|ability: Supreme Overlord
|-start|p2a: Kingambit|fallen4|[silent]
|turn|10
|inactive|clydethesuperhero has 120 seconds left.
|
|t:|1760808118
|-end|p2a: Kingambit|fallen4|[silent]
|switch|p2a: Enamorus|Enamorus, F|100/100
|move|p1a: Tornadus|Taunt|p2a: Enamorus
|-start|p2a: Enamorus|move: Taunt
|
|-weather|SunnyDay|[upkeep]
|upkeep
|turn|11
|
|t:|1760808125
|move|p1a: Tornadus|Bleakwind Storm|p2a: Enamorus
|-damage|p2a: Enamorus|47/100
|-boost|p2a: Enamorus|spe|1
|move|p2a: Enamorus|Moonblast|p1a: Tornadus
|-damage|p1a: Tornadus|0 fnt
|faint|p1a: Tornadus
|
|-weather|SunnyDay|[upkeep]
|upkeep
|
|t:|1760808130
|switch|p1a: Scizor|Scizor, M|100/100
|-activate|p1a: Scizor|move: Sticky Web
|-unboost|p1a: Scizor|spe|1
|turn|12
|
|t:|1760808133
|switch|p2a: Kingambit|Kingambit, M|100/100
|-activate|p2a: Kingambit|ability: Supreme Overlord
|-start|p2a: Kingambit|fallen4|[silent]
|move|p1a: Scizor|Bullet Punch|p2a: Kingambit
|-resisted|p2a: Kingambit
|-damage|p2a: Kingambit|86/100
|
|-weather|SunnyDay|[upkeep]
|-heal|p2a: Kingambit|92/100|[from] item: Leftovers
|upkeep
|turn|13
|
|t:|1760808139
|-terastallize|p2a: Kingambit|Ghost
|move|p2a: Kingambit|Iron Head|p1a: Scizor
|-resisted|p1a: Scizor
|-damage|p1a: Scizor|66/100
|move|p1a: Scizor|Close Combat|p2a: Kingambit
|-immune|p2a: Kingambit
|
|-weather|SunnyDay|[upkeep]
|-heal|p2a: Kingambit|98/100|[from] item: Leftovers
|upkeep
|turn|14
|
|t:|1760808149
|move|p2a: Kingambit|Swords Dance|p2a: Kingambit
|-boost|p2a: Kingambit|atk|2
|move|p1a: Scizor|U-turn|p2a: Kingambit
|-resisted|p2a: Kingambit
|-damage|p2a: Kingambit|83/100
|
|t:|1760808153
|switch|p1a: Ninetales|Ninetales, M|100/100|[from] U-turn
|-activate|p1a: Ninetales|move: Sticky Web
|-unboost|p1a: Ninetales|spe|1
|
|-weather|none
|-heal|p2a: Kingambit|90/100|[from] item: Leftovers
|upkeep
|turn|15
|
|t:|1760808156
|move|p1a: Ninetales|Will-O-Wisp|p2a: Kingambit
|-status|p2a: Kingambit|brn
|move|p2a: Kingambit|Kowtow Cleave|p1a: Ninetales
|-crit|p1a: Ninetales
|-damage|p1a: Ninetales|0 fnt
|faint|p1a: Ninetales
|
|-heal|p2a: Kingambit|96/100 brn|[from] item: Leftovers
|-damage|p2a: Kingambit|90/100 brn|[from] brn
|upkeep
|
|t:|1760808170
|switch|p1a: Great Tusk|Great Tusk|100/100
|-activate|p1a: Great Tusk|move: Sticky Web
|-unboost|p1a: Great Tusk|spe|1
|turn|16
|
|t:|1760808173
|-end|p2a: Kingambit|fallen4|[silent]
|switch|p2a: Enamorus|Enamorus, F|47/100
|move|p1a: Great Tusk|Headlong Rush|p2a: Enamorus
|-immune|p2a: Enamorus
|
|upkeep
|turn|17
|
|t:|1760808180
|-end|p1a: Great Tusk|Protosynthesis|[silent]
|switch|p1a: Scizor|Scizor, M|66/100
|-activate|p1a: Scizor|move: Sticky Web
|-unboost|p1a: Scizor|spe|1
|move|p2a: Enamorus|Mystical Fire|p1a: Scizor
|-supereffective|p1a: Scizor
|-damage|p1a: Scizor|0 fnt
|faint|p1a: Scizor
|
|upkeep
|
|t:|1760808186
|switch|p1a: Great Tusk|Great Tusk|100/100
|-activate|p1a: Great Tusk|move: Sticky Web
|-unboost|p1a: Great Tusk|spe|1
|turn|18
|
|t:|1760808191
|switch|p2a: Kingambit|Kingambit, M, tera:Ghost|90/100 brn
|-activate|p2a: Kingambit|ability: Supreme Overlord
|-start|p2a: Kingambit|fallen4|[silent]
|-terastallize|p1a: Great Tusk|Steel
|move|p1a: Great Tusk|Rapid Spin|p2a: Kingambit
|-immune|p2a: Kingambit
|
|-heal|p2a: Kingambit|96/100 brn|[from] item: Leftovers
|-damage|p2a: Kingambit|90/100 brn|[from] brn
|upkeep
|turn|19
|
|t:|1760808201
|-end|p1a: Great Tusk|Protosynthesis|[silent]
|switch|p1a: Walking Wake|Walking Wake|100/100
|-activate|p1a: Walking Wake|move: Sticky Web
|-unboost|p1a: Walking Wake|spe|1
|move|p2a: Kingambit|Kowtow Cleave|p1a: Walking Wake
|-damage|p1a: Walking Wake|60/100
|
|-heal|p2a: Kingambit|96/100 brn|[from] item: Leftovers
|-damage|p2a: Kingambit|90/100 brn|[from] brn
|upkeep
|turn|20
|
|t:|1760808205
|move|p1a: Walking Wake|Draco Meteor|p2a: Kingambit
|-damage|p2a: Kingambit|24/100 brn
|-unboost|p1a: Walking Wake|spa|2
|move|p2a: Kingambit|Swords Dance|p2a: Kingambit
|-boost|p2a: Kingambit|atk|2
|
|-heal|p2a: Kingambit|30/100 brn|[from] item: Leftovers
|-damage|p2a: Kingambit|24/100 brn|[from] brn
|upkeep
|turn|21
|
|t:|1760808212
|move|p2a: Kingambit|Sucker Punch|p1a: Walking Wake
|-damage|p1a: Walking Wake|0 fnt
|faint|p1a: Walking Wake
|-end|p1a: Walking Wake|Protosynthesis|[silent]
|
|-heal|p2a: Kingambit|30/100 brn|[from] item: Leftovers
|-damage|p2a: Kingambit|24/100 brn|[from] brn
|upkeep
|
|t:|1760808214
|switch|p1a: Great Tusk|Great Tusk, tera:Steel|100/100
|-activate|p1a: Great Tusk|move: Sticky Web
|-unboost|p1a: Great Tusk|spe|1
|turn|22
|
|t:|1760808220
|move|p2a: Kingambit|Sucker Punch|p1a: Great Tusk
|-damage|p1a: Great Tusk|56/100
|move|p1a: Great Tusk|Stone Edge|p2a: Kingambit
|-crit|p2a: Kingambit
|-damage|p2a: Kingambit|0 fnt
|faint|p2a: Kingambit
|-end|p2a: Kingambit|fallen4|[silent]
|
|upkeep
|
|t:|1760808222
|switch|p2a: Enamorus|Enamorus, F|47/100
|turn|23
|
|t:|1760808225
|move|p2a: Enamorus|Earth Power|p1a: Great Tusk
|-supereffective|p1a: Great Tusk
|-damage|p1a: Great Tusk|0 fnt
|faint|p1a: Great Tusk
|-end|p1a: Great Tusk|Protosynthesis|[silent]
|
|win|kensukeushio
|raw|clydethesuperhero's rating: 1539 &rarr; <strong>1521</strong><br />(-18 for losing)
|raw|kensukeushio's rating: 1573 &rarr; <strong>1591</strong><br />(+18 for winning)
|l|‽clydethesuperhero
|player|p1|
|l|‽kensukeushio
|player|p2|
