|j|☆eaycee88
|j|☆ChopsFCC
|t:|1760797214
|gametype|singles
|player|p1|eaycee88|2|1423
|player|p2|ChopsFCC|101|1533
|gen|9
|tier|[Gen 9] OU
|rated|
|rule|HP Percentage Mod: HP is shown in percentages
|rule|Endless Battle Clause: Forcing endless battles is banned
|rule|Species Clause: Limit one of each Pokémon
|rule|OHKO Clause: OHKO moves are banned
|rule|Evasion Items Clause: Evasion items are banned
|rule|Evasion Moves Clause: Evasion moves are banned
|rule|Evasion Abilities Clause: Evasion abilities are banned
|rule|Sleep Moves Clause: Sleep-inducing moves are banned
|clearpoke
|poke|p1|Darkrai|
|poke|p1|Quaquaval, F|
|poke|p1|Garganacl, M|
|poke|p1|Goodra-Hisui, M|
|poke|p1|Glimmora, M|
|poke|p1|Torterra, M|
|poke|p2|Tyranitar, F|
|poke|p2|Primarina, M|
|poke|p2|Excadrill, F|
|poke|p2|Pecharunt|
|poke|p2|Tornadus-Therian, M|
|poke|p2|Hydrapple, F|
|teampreview
|inactive|Battle timer is ON: inactive players will automatically lose when time's up. (requested by ChopsFCC)
|
|t:|1760797236
|teamsize|p1|6
|teamsize|p2|6
|start
|switch|p1a: Glimmora|Glimmora, M|100/100
|switch|p2a: Hydrapple|Hydrapple, F|100/100
|turn|1
|
|t:|1760797256
|move|p1a: Glimmora|Rock Polish|p1a: Glimmora
|-boost|p1a: Glimmora|spe|2
|move|p2a: Hydrapple|Nasty Plot|p2a: Hydrapple
|-boost|p2a: Hydrapple|spa|2
|
|upkeep
|turn|2
|
|t:|1760797265
|move|p1a: Glimmora|Dazzling Gleam|p2a: Hydrapple
|-supereffective|p2a: Hydrapple
|-damage|p2a: Hydrapple|38/100
|move|p2a: Hydrapple|Earth Power|p1a: Glimmora
|-supereffective|p1a: Glimmora
|-enditem|p1a: Glimmora|Focus Sash
|-damage|p1a: Glimmora|1/100
|
|upkeep
|turn|3
|
|t:|1760797277
|switch|p2a: Tyranitar|Tyranitar, F|100/100
|-weather|Sandstorm|[from] ability: Sand Stream|[of] p2a: Tyranitar
|move|p1a: Glimmora|Dazzling Gleam|p2a: Tyranitar
|-supereffective|p2a: Tyranitar
|-damage|p2a: Tyranitar|75/100
|
|-weather|Sandstorm|[upkeep]
|-heal|p2a: Tyranitar|81/100|[from] item: Leftovers
|upkeep
|turn|4
|
|t:|1760797288
|move|p1a: Glimmora|Dazzling Gleam|p2a: Tyranitar
|-supereffective|p2a: Tyranitar
|-damage|p2a: Tyranitar|56/100
|move|p2a: Tyranitar|Stealth Rock|p1a: Glimmora
|-sidestart|p1: eaycee88|move: Stealth Rock
|
|-weather|Sandstorm|[upkeep]
|-heal|p2a: Tyranitar|62/100|[from] item: Leftovers
|upkeep
|turn|5
|
|t:|1760797293
|move|p1a: Glimmora|Dazzling Gleam|p2a: Tyranitar
|-supereffective|p2a: Tyranitar
|-damage|p2a: Tyranitar|36/100
|move|p2a: Tyranitar|Ice Beam|p1a: Glimmora
|-damage|p1a: Glimmora|0 fnt
|faint|p1a: Glimmora
|
|-weather|Sandstorm|[upkeep]
|-heal|p2a: Tyranitar|42/100|[from] item: Leftovers
|upkeep
|
|t:|1760797299
|switch|p1a: Torterra|Torterra, M|100/100
|-damage|p1a: Torterra|94/100|[from] Stealth Rock
|turn|6
|
|t:|1760797308
|move|p1a: Torterra|Bullet Seed|p2a: Tyranitar
|-supereffective|p2a: Tyranitar
|-damage|p2a: Tyranitar|24/100
|-supereffective|p2a: Tyranitar
|-damage|p2a: Tyranitar|7/100
|-supereffective|p2a: Tyranitar
|-damage|p2a: Tyranitar|0 fnt
|faint|p2a: Tyranitar
|-hitcount|p2: Tyranitar|3
|
|-weather|Sandstorm|[upkeep]
|upkeep
|
|t:|1760797317
|switch|p2a: Tornadus|Tornadus-Therian, M|100/100
|turn|7
|
|t:|1760797328
|move|p2a: Tornadus|Knock Off|p1a: Torterra
|-damage|p1a: Torterra|81/100
|-enditem|p1a: Torterra|Loaded Dice|[from] move: Knock Off|[of] p2a: Tornadus
|move|p1a: Torterra|Bullet Seed|p2a: Tornadus
|-resisted|p2a: Tornadus
|-damage|p2a: Tornadus|95/100
|-resisted|p2a: Tornadus
|-damage|p2a: Tornadus|89/100
|-hitcount|p2a: Tornadus|2
|
|-weather|none
|upkeep
|turn|8
|
|t:|1760797340
|move|p2a: Tornadus|Bleakwind Storm|p1a: Torterra
|-supereffective|p1a: Torterra
|-damage|p1a: Torterra|4/100
|-unboost|p1a: Torterra|spe|1
|move|p1a: Torterra|Bullet Seed|p2a: Tornadus
|-resisted|p2a: Tornadus
|-damage|p2a: Tornadus|79/100
|-resisted|p2a: Tornadus
|-damage|p2a: Tornadus|70/100
|-resisted|p2a: Tornadus
|-damage|p2a: Tornadus|62/100
|-resisted|p2a: Tornadus
|-damage|p2a: Tornadus|52/100
|-resisted|p2a: Tornadus
|-damage|p2a: Tornadus|43/100
|-hitcount|p2a: Tornadus|5
|
|upkeep
|turn|9
|
|t:|1760797349
|move|p2a: Tornadus|U-turn|p1a: Torterra
|-supereffective|p1a: Torterra
|-damage|p1a: Torterra|0 fnt
|faint|p1a: Torterra
|
|t:|1760797359
|switch|p2a: Hydrapple|Hydrapple, F|71/100|[from] U-turn
|
|upkeep
|
|t:|1760797377
|switch|p1a: Goodra|Goodra-Hisui, M|100/100
|-damage|p1a: Goodra|95/100|[from] Stealth Rock
|turn|10
|
|t:|1760797388
|switch|p2a: Excadrill|Excadrill, F|100/100
|move|p1a: Goodra|Flash Cannon|p2a: Excadrill
|-resisted|p2a: Excadrill
|-damage|p2a: Excadrill|75/100
|
|upkeep
|turn|11
|
|t:|1760797403
|move|p2a: Excadrill|Earthquake|p1a: Goodra
|-supereffective|p1a: Goodra
|-damage|p1a: Goodra|0 fnt
|faint|p1a: Goodra
|
|upkeep
|
|t:|1760797408
|switch|p1a: Garganacl|Garganacl, M|100/100
|-damage|p1a: Garganacl|88/100|[from] Stealth Rock
|turn|12
|
|t:|1760797414
|-terastallize|p1a: Garganacl|Ghost
|move|p2a: Excadrill|Earthquake|p1a: Garganacl
|-damage|p1a: Garganacl|60/100
|move|p1a: Garganacl|Salt Cure|p2a: Excadrill
|-resisted|p2a: Excadrill
|-damage|p2a: Excadrill|70/100
|-start|p2a: Excadrill|Salt Cure
|
|-heal|p1a: Garganacl|66/100|[from] item: Leftovers
|-damage|p2a: Excadrill|45/100|[from] Salt Cure
|upkeep
|turn|13
|
|t:|1760797423
|switch|p2a: Primarina|Primarina, M|100/100
|move|p1a: Garganacl|Recover|p1a: Garganacl
|-heal|p1a: Garganacl|100/100
|
|upkeep
|turn|14
|
|t:|1760797436
|move|p2a: Primarina|Psychic Noise|p1a: Garganacl
|-damage|p1a: Garganacl|74/100
|-start|p1a: Garganacl|move: Heal Block
|move|p1a: Garganacl|Salt Cure|p2a: Primarina
|-damage|p2a: Primarina|81/100
|-start|p2a: Primarina|Salt Cure
|
|-damage|p2a: Primarina|56/100|[from] Salt Cure
|upkeep
|turn|15
|
|t:|1760797449
|switch|p2a: Excadrill|Excadrill, F|45/100
|move|p1a: Garganacl|Body Press|p2a: Excadrill
|-supereffective|p2a: Excadrill
|-damage|p2a: Excadrill|0 fnt
|faint|p2a: Excadrill
|
|-end|p1a: Garganacl|move: Heal Block
|upkeep
|
|t:|1760797460
|switch|p2a: Pecharunt|Pecharunt|100/100
|turn|16
|
|t:|1760797472
|switch|p1a: Darkrai|Darkrai|100/100
|-damage|p1a: Darkrai|88/100|[from] Stealth Rock
|-terastallize|p2a: Pecharunt|Ghost
|move|p2a: Pecharunt|Shadow Ball|p1a: Darkrai
|-resisted|p1a: Darkrai
|-damage|p1a: Darkrai|66/100
|-unboost|p1a: Darkrai|spd|1
|
|upkeep
|turn|17
|
|t:|1760797483
|switch|p2a: Tornadus|Tornadus-Therian, M|76/100
|move|p1a: Darkrai|Dark Pulse|p2a: Tornadus
|-damage|p2a: Tornadus|31/100
|
|upkeep
|turn|18
|
|t:|1760797493
|switch|p2a: Primarina|Primarina, M|56/100
|move|p1a: Darkrai|Dark Pulse|p2a: Primarina
|-resisted|p2a: Primarina
|-damage|p2a: Primarina|41/100
|
|upkeep
|turn|19
|
|t:|1760797502
|move|p1a: Darkrai|Sludge Bomb|p2a: Primarina
|-supereffective|p2a: Primarina
|-damage|p2a: Primarina|0 fnt
|faint|p2a: Primarina
|
|upkeep
|
|t:|1760797512
|switch|p2a: Tornadus|Tornadus-Therian, M|64/100
|turn|20
|
|t:|1760797516
|move|p2a: Tornadus|U-turn|p1a: Darkrai
|-supereffective|p1a: Darkrai
|-damage|p1a: Darkrai|34/100
|
|t:|1760797521
|switch|p2a: Hydrapple|Hydrapple, F|100/100|[from] U-turn
|move|p1a: Darkrai|Ice Beam|p2a: Hydrapple
|-supereffective|p2a: Hydrapple
|-damage|p2a: Hydrapple|0 fnt
|faint|p2a: Hydrapple
|
|upkeep
|
|t:|1760797526
|switch|p2a: Tornadus|Tornadus-Therian, M|97/100
|turn|21
|
|t:|1760797536
|move|p2a: Tornadus|Bleakwind Storm|p1a: Darkrai|[miss]
|-miss|p2a: Tornadus|p1a: Darkrai
|move|p1a: Darkrai|Ice Beam|p2a: Tornadus
|-supereffective|p2a: Tornadus
|-damage|p2a: Tornadus|30/100
|-status|p2a: Tornadus|frz
|
|upkeep
|turn|22
|-message|ChopsFCC forfeited.
|
|win|eaycee88
|raw|eaycee88's rating: 1423 &rarr; <strong>1449</strong><br />(+26 for winning)
|raw|ChopsFCC's rating: 1533 &rarr; <strong>1507</strong><br />(-26 for losing)
|l|☆ChopsFCC
|player|p2|
|l|☆eaycee88
|player|p1|
