|j|☆KANONDVERG
|j|☆Dr. Elite
|t:|1760801591
|gametype|singles
|player|p1|KANONDVERG|gentleman-gen4dp|1496
|player|p2|Dr. Elite|#drelite|1497
|gen|9
|tier|[Gen 9] OU
|rated|
|rule|HP Percentage Mod: HP is shown in percentages
|rule|Endless Battle Clause: Forcing endless battles is banned
|rule|Species Clause: Limit one of each Pokémon
|rule|OHKO Clause: OHKO moves are banned
|rule|Evasion Items Clause: Evasion items are banned
|rule|Evasion Moves Clause: Evasion moves are banned
|rule|Evasion Abilities Clause: Evasion abilities are banned
|rule|Sleep Moves Clause: Sleep-inducing moves are banned
|clearpoke
|poke|p1|Landorus-Therian, M|
|poke|p1|Iron Moth|
|poke|p1|Gholdengo|
|poke|p1|Great Tusk|
|poke|p1|Ogerpon-Wellspring, F|
|poke|p1|Raging Bolt|
|poke|p2|Espeon, F|
|poke|p2|Farigiraf, F|
|poke|p2|Slowbro-Galar, M|
|poke|p2|Meowstic, M|
|poke|p2|Malamar, M|
|poke|p2|Oricorio-Pa'u, F|
|teampreview
|
|t:|1760801605
|teamsize|p1|6
|teamsize|p2|6
|start
|switch|p1a: Landorus|Landorus-Therian, M|100/100
|switch|p2a: Kindness|Meowstic, M|100/100
|-ability|p1a: Landorus|Intimidate|boost
|-unboost|p2a: Kindness|atk|1
|turn|1
|
|t:|1760801610
|move|p2a: Kindness|Reflect|p2a: Kindness
|-sidestart|p2: Dr. Elite|Reflect
|move|p1a: Landorus|U-turn|p2a: Kindness
|-supereffective|p2a: Kindness
|-damage|p2a: Kindness|78/100
|-enditem|p2a: Kindness|Eject Button
|
|t:|1760801611
|switch|p2a: Joy|Farigiraf, F, shiny|100/100
|
|upkeep
|turn|2
|
|t:|1760801617
|move|p1a: Landorus|U-turn|p2a: Joy
|-supereffective|p2a: Joy
|-damage|p2a: Joy|78/100
|-enditem|p2a: Joy|Weakness Policy
|-boost|p2a: Joy|atk|2|[from] item: Weakness Policy
|-boost|p2a: Joy|spa|2|[from] item: Weakness Policy
|
|t:|1760801636
|switch|p1a: Raging Bolt|Raging Bolt|100/100|[from] U-turn
|move|p2a: Joy|Agility|p2a: Joy
|-boost|p2a: Joy|spe|2
|
|upkeep
|turn|3
|
|t:|1760801675
|-end|p1a: Raging Bolt|Protosynthesis|[silent]
|switch|p1a: Great Tusk|Great Tusk|100/100
|move|p2a: Joy|Stored Power|p1a: Great Tusk
|-supereffective|p1a: Great Tusk
|-damage|p1a: Great Tusk|0 fnt
|faint|p1a: Great Tusk
|-end|p1a: Great Tusk|Protosynthesis|[silent]
|
|upkeep
|
|t:|1760801681
|switch|p1a: Gholdengo|Gholdengo|100/100
|-item|p1a: Gholdengo|Air Balloon
|turn|4
|
|t:|1760801690
|move|p2a: Joy|Nasty Plot|p2a: Joy
|-boost|p2a: Joy|spa|2
|move|p1a: Gholdengo|Make It Rain|p2a: Joy
|-damage|p2a: Joy|12/100
|-unboost|p1a: Gholdengo|spa|1
|
|upkeep
|turn|5
|
|t:|1760801707
|move|p2a: Joy|Stored Power|p1a: Gholdengo
|-resisted|p1a: Gholdengo
|-damage|p1a: Gholdengo|2/100
|-enditem|p1a: Gholdengo|Air Balloon
|move|p1a: Gholdengo|Make It Rain|p2a: Joy
|-damage|p2a: Joy|0 fnt
|-unboost|p1a: Gholdengo|spa|1
|faint|p2a: Joy
|
|-sideend|p2: Dr. Elite|Reflect
|upkeep
|
|t:|1760801713
|switch|p2a: Love|Espeon, F|100/100
|turn|6
|
|t:|1760801716
|move|p2a: Love|Calm Mind|p2a: Love
|-boost|p2a: Love|spa|1
|-boost|p2a: Love|spd|1
|move|p1a: Gholdengo|Shadow Ball|p2a: Love
|-supereffective|p2a: Love
|-damage|p2a: Love|75/100
|
|upkeep
|turn|7
|
|t:|1760801728
|switch|p1a: Landorus|Landorus-Therian, M|100/100
|-ability|p1a: Landorus|Intimidate|boost
|-unboost|p2a: Love|atk|1
|move|p2a: Love|Calm Mind|p2a: Love
|-boost|p2a: Love|spa|1
|-boost|p2a: Love|spd|1
|
|upkeep
|turn|8
|
|t:|1760801743
|move|p1a: Landorus|U-turn|p2a: Love
|-supereffective|p2a: Love
|-damage|p2a: Love|18/100
|-enditem|p2a: Love|Kee Berry|[eat]
|-boost|p2a: Love|def|1|[from] item: Kee Berry
|
|t:|1760801749
|switch|p1a: Gholdengo|Gholdengo|2/100|[from] U-turn
|move|p2a: Love|Morning Sun|p2a: Love
|-heal|p2a: Love|68/100
|
|upkeep
|turn|9
|
|t:|1760801757
|move|p2a: Love|Morning Sun|p2a: Love
|-heal|p2a: Love|100/100
|move|p1a: Gholdengo|Shadow Ball|p2a: Love
|-supereffective|p2a: Love
|-damage|p2a: Love|65/100
|
|upkeep
|turn|10
|
|t:|1760801761
|move|p2a: Love|Calm Mind|p2a: Love
|-boost|p2a: Love|spa|1
|-boost|p2a: Love|spd|1
|move|p1a: Gholdengo|Recover|p1a: Gholdengo
|-heal|p1a: Gholdengo|52/100
|
|upkeep
|turn|11
|
|t:|1760801766
|move|p2a: Love|Calm Mind|p2a: Love
|-boost|p2a: Love|spa|1
|-boost|p2a: Love|spd|1
|move|p1a: Gholdengo|Shadow Ball|p2a: Love
|-supereffective|p2a: Love
|-damage|p2a: Love|39/100
|
|upkeep
|turn|12
|
|t:|1760801770
|move|p2a: Love|Morning Sun|p2a: Love
|-heal|p2a: Love|89/100
|move|p1a: Gholdengo|Recover|p1a: Gholdengo
|-heal|p1a: Gholdengo|100/100
|
|upkeep
|turn|13
|
|t:|1760801772
|move|p2a: Love|Calm Mind|p2a: Love
|-boost|p2a: Love|spa|1
|-boost|p2a: Love|spd|1
|move|p1a: Gholdengo|Nasty Plot|p1a: Gholdengo
|-boost|p1a: Gholdengo|spa|2
|
|upkeep
|turn|14
|
|t:|1760801775
|move|p2a: Love|Stored Power|p1a: Gholdengo
|-resisted|p1a: Gholdengo
|-damage|p1a: Gholdengo|0 fnt
|faint|p1a: Gholdengo
|
|upkeep
|
|t:|1760801795
|switch|p1a: Iron Moth|Iron Moth|100/100
|turn|15
|
|t:|1760801802
|move|p1a: Iron Moth|Overheat|p2a: Love
|-damage|p2a: Love|56/100
|-unboost|p1a: Iron Moth|spa|2
|move|p2a: Love|Stored Power|p1a: Iron Moth
|-supereffective|p1a: Iron Moth
|-damage|p1a: Iron Moth|0 fnt
|faint|p1a: Iron Moth
|-end|p1a: Iron Moth|Quark Drive|[silent]
|
|upkeep
|
|t:|1760801805
|switch|p1a: Landorus|Landorus-Therian, M|100/100
|-ability|p1a: Landorus|Intimidate|boost
|-unboost|p2a: Love|atk|1
|turn|16
|
|t:|1760801810
|-terastallize|p2a: Love|Fairy
|move|p1a: Landorus|Earthquake|p2a: Love
|-damage|p2a: Love|18/100
|move|p2a: Love|Draining Kiss|p1a: Landorus
|-damage|p1a: Landorus|0 fnt
|-heal|p2a: Love|92/100|[from] drain|[of] p1a: Landorus
|faint|p1a: Landorus
|
|upkeep
|
|t:|1760801831
|switch|p1a: Ogerpon|Ogerpon-Wellspring, F|100/100
|turn|17
|
|t:|1760801839
|-terastallize|p1a: Ogerpon|Water
|detailschange|p1a: Ogerpon|Ogerpon-Wellspring-Tera, F, tera:Water
|-ability|p1a: Ogerpon|Embody Aspect (Wellspring)|boost
|-boost|p1a: Ogerpon|spd|1
|move|p1a: Ogerpon|Swords Dance|p1a: Ogerpon
|-boost|p1a: Ogerpon|atk|2
|move|p2a: Love|Draining Kiss|p1a: Ogerpon
|-damage|p1a: Ogerpon|32/100
|-heal|p2a: Love|100/100|[from] drain|[of] p1a: Ogerpon
|
|upkeep
|turn|18
|
|t:|1760801854
|move|p1a: Ogerpon|Ivy Cudgel|p2a: Love|[anim] Ivy Cudgel Water
|-damage|p2a: Love|0 fnt
|faint|p2a: Love
|
|upkeep
|
|t:|1760801857
|switch|p2a: Kindness|Meowstic, M|78/100
|turn|19
|
|t:|1760801862
|move|p2a: Kindness|Reflect|p2a: Kindness
|-sidestart|p2: Dr. Elite|Reflect
|move|p1a: Ogerpon|Horn Leech|p2a: Kindness
|-damage|p2a: Kindness|45/100
|-heal|p1a: Ogerpon|51/100|[from] drain|[of] p2a: Kindness
|
|upkeep
|turn|20
|
|t:|1760801876
|move|p2a: Kindness|Thunder Wave|p1a: Ogerpon
|-status|p1a: Ogerpon|par
|move|p1a: Ogerpon|Ivy Cudgel|p2a: Kindness|[anim] Ivy Cudgel Water
|-crit|p2a: Kindness
|-damage|p2a: Kindness|0 fnt
|faint|p2a: Kindness
|
|upkeep
|
|t:|1760801878
|switch|p2a: Goodness|Malamar, M|100/100
|turn|21
|
|t:|1760801885
|move|p2a: Goodness|Topsy-Turvy|p1a: Ogerpon
|-invertboost|p1a: Ogerpon|[from] move: Topsy-Turvy
|move|p1a: Ogerpon|Horn Leech|p2a: Goodness
|-damage|p2a: Goodness|90/100
|-heal|p1a: Ogerpon|58/100 par|[from] drain|[of] p2a: Goodness
|
|-heal|p2a: Goodness|96/100|[from] item: Leftovers
|upkeep
|turn|22
|
|t:|1760801889
|switch|p1a: Raging Bolt|Raging Bolt|100/100
|move|p2a: Goodness|Superpower|p1a: Raging Bolt
|-damage|p1a: Raging Bolt|79/100
|-boost|p2a: Goodness|atk|1
|-boost|p2a: Goodness|def|1
|
|-heal|p1a: Raging Bolt|86/100|[from] item: Leftovers
|-heal|p2a: Goodness|100/100|[from] item: Leftovers
|upkeep
|turn|23
|
|t:|1760801894
|move|p1a: Raging Bolt|Thunderbolt|p2a: Goodness
|-damage|p2a: Goodness|62/100
|move|p2a: Goodness|Superpower|p1a: Raging Bolt
|-damage|p1a: Raging Bolt|50/100
|-boost|p2a: Goodness|atk|1
|-boost|p2a: Goodness|def|1
|
|-heal|p1a: Raging Bolt|56/100|[from] item: Leftovers
|-heal|p2a: Goodness|68/100|[from] item: Leftovers
|-sideend|p2: Dr. Elite|Reflect
|upkeep
|turn|24
|
|t:|1760801900
|move|p1a: Raging Bolt|Thunderbolt|p2a: Goodness
|-damage|p2a: Goodness|26/100
|move|p2a: Goodness|Knock Off|p1a: Raging Bolt
|-damage|p1a: Raging Bolt|4/100
|-enditem|p1a: Raging Bolt|Leftovers|[from] move: Knock Off|[of] p2a: Goodness
|
|-heal|p2a: Goodness|32/100|[from] item: Leftovers
|upkeep
|turn|25
|
|t:|1760801907
|move|p1a: Raging Bolt|Thunderbolt|p2a: Goodness
|-damage|p2a: Goodness|0 fnt
|faint|p2a: Goodness
|
|upkeep
|
|t:|1760801913
|switch|p2a: Patience|Slowbro-Galar, M|100/100
|turn|26
|-activate|p2a: Patience|item: Quick Claw
|
|t:|1760801917
|move|p2a: Patience|Drain Punch|p1a: Raging Bolt
|-damage|p1a: Raging Bolt|0 fnt
|faint|p1a: Raging Bolt
|-end|p1a: Raging Bolt|Protosynthesis|[silent]
|
|upkeep
|
|t:|1760801936
|switch|p1a: Ogerpon|Ogerpon-Wellspring-Tera, F, tera:Water|58/100 par
|-ability|p1a: Ogerpon|Embody Aspect (Wellspring)|boost
|-boost|p1a: Ogerpon|spd|1
|turn|27
|-activate|p2a: Patience|ability: Quick Draw
|
|t:|1760801939
|move|p2a: Patience|Shell Side Arm|p1a: Ogerpon|[anim] Shell Side Arm Physical
|-damage|p1a: Ogerpon|6/100 par
|-hint|Physical Shell Side Arm
|move|p1a: Ogerpon|Horn Leech|p2a: Patience
|-resisted|p2a: Patience
|-damage|p2a: Patience|81/100
|-heal|p1a: Ogerpon|19/100 par|[from] drain|[of] p2a: Patience
|
|upkeep
|turn|28
|-activate|p2a: Patience|ability: Quick Draw
|
|t:|1760801945
|move|p2a: Patience|Shell Side Arm|p1a: Ogerpon|[anim] Shell Side Arm Physical
|-damage|p1a: Ogerpon|0 fnt
|-hint|Physical Shell Side Arm
|faint|p1a: Ogerpon
|detailschange|p1: Ogerpon|Ogerpon-Wellspring, F|[silent]
|
|win|Dr. Elite
|raw|KANONDVERG's rating: 1496 &rarr; <strong>1476</strong><br />(-20 for losing)
|raw|Dr. Elite's rating: 1497 &rarr; <strong>1517</strong><br />(+20 for winning)
|l|☆KANONDVERG
|player|p1|
|l|☆Dr. Elite
|player|p2|
