|j|☆LandBlade
|j|☆Nigthamarish
|t:|1760831534
|gametype|singles
|player|p1|LandBlade|2|1136
|player|p2|Nigthamarish|170|1197
|gen|9
|tier|[Gen 9] OU
|rated|
|rule|HP Percentage Mod: HP is shown in percentages
|rule|Endless Battle Clause: Forcing endless battles is banned
|rule|Species Clause: Limit one of each Pokémon
|rule|OHKO Clause: OHKO moves are banned
|rule|Evasion Items Clause: Evasion items are banned
|rule|Evasion Moves Clause: Evasion moves are banned
|rule|Evasion Abilities Clause: Evasion abilities are banned
|rule|Sleep Moves Clause: Sleep-inducing moves are banned
|clearpoke
|poke|p1|Ceruledge, F|
|poke|p1|Tyranitar, M|
|poke|p1|Ogerpon-Wellspring, F|
|poke|p1|Zapdos|
|poke|p1|Deoxys-Speed|
|poke|p1|Indeedee, M|
|poke|p2|Heatran, F|
|poke|p2|Great Tusk|
|poke|p2|Gholdengo|
|poke|p2|Darkrai|
|poke|p2|Scizor, F|
|poke|p2|Kommo-o, M|
|teampreview
|inactive|Battle timer is ON: inactive players will automatically lose when time's up. (requested by LandBlade)
|c|☆Nigthamarish|gl hf
|
|t:|1760831560
|teamsize|p1|6
|teamsize|p2|6
|start
|switch|p1a: Deoxys|Deoxys-Speed|100/100
|switch|p2a: Mitochondria|Scizor, F|100/100
|-ability|p1a: Deoxys|Pressure
|turn|1
|
|t:|1760831567
|move|p1a: Deoxys|Stealth Rock|p2a: Mitochondria
|-sidestart|p2: Nigthamarish|move: Stealth Rock
|move|p2a: Mitochondria|Knock Off|p1a: Deoxys
|-supereffective|p1a: Deoxys
|-enditem|p1a: Deoxys|Focus Sash
|-damage|p1a: Deoxys|1/100
|-damage|p2a: Mitochondria|91/100|[from] item: Life Orb
|
|upkeep
|turn|2
|
|t:|1760831586
|switch|p1a: Zapdos|Zapdos|100/100
|move|p2a: Mitochondria|U-turn|p1a: Zapdos
|-resisted|p1a: Zapdos
|-damage|p1a: Zapdos|71/100
|-status|p2a: Mitochondria|par|[from] ability: Static|[of] p1a: Zapdos
|-damage|p2a: Mitochondria|81/100 par|[from] item: Life Orb
|
|t:|1760831590
|switch|p2a: Tev|Great Tusk|100/100|[from] U-turn
|-damage|p2a: Tev|98/100|[from] Stealth Rock
|
|upkeep
|turn|3
|
|t:|1760831597
|move|p1a: Zapdos|Hurricane|p2a: Tev|[miss]
|-miss|p1a: Zapdos|p2a: Tev
|move|p2a: Tev|Rapid Spin|p1a: Zapdos
|-damage|p1a: Zapdos|52/100
|-boost|p2a: Tev|spe|1
|-sideend|p2: Nigthamarish|Stealth Rock|[from] move: Rapid Spin|[of] p2a: Tev
|
|upkeep
|turn|4
|
|t:|1760831626
|switch|p1a: Tyranitar|Tyranitar, M|100/100
|-weather|Sandstorm|[from] ability: Sand Stream|[of] p1a: Tyranitar
|move|p2a: Tev|Ice Spinner|p1a: Tyranitar
|-damage|p1a: Tyranitar|82/100
|
|-weather|Sandstorm|[upkeep]
|upkeep
|turn|5
|inactive|LandBlade has 120 seconds left.
|
|t:|1760831658
|switch|p1a: Ogerpon|Ogerpon-Wellspring, F|100/100
|move|p2a: Tev|Headlong Rush|p1a: Ogerpon
|-resisted|p1a: Ogerpon
|-damage|p1a: Ogerpon|68/100
|-unboost|p2a: Tev|def|1
|-unboost|p2a: Tev|spd|1
|
|-weather|Sandstorm|[upkeep]
|-damage|p1a: Ogerpon|62/100|[from] Sandstorm
|upkeep
|turn|6
|
|t:|1760831679
|-end|p2a: Tev|Protosynthesis|[silent]
|switch|p2a: slasher|Kommo-o, M|100/100
|move|p1a: Ogerpon|Play Rough|p2a: slasher
|-supereffective|p2a: slasher
|-damage|p2a: slasher|0 fnt
|faint|p2a: slasher
|
|-weather|Sandstorm|[upkeep]
|-damage|p1a: Ogerpon|56/100|[from] Sandstorm
|upkeep
|
|t:|1760831686
|switch|p2a: Mitochondria|Scizor, F|81/100 par
|turn|7
|
|t:|1760831712
|switch|p1a: Ceruledge|Ceruledge, F|100/100
|move|p2a: Mitochondria|Knock Off|p1a: Ceruledge
|-supereffective|p1a: Ceruledge
|-enditem|p1a: Ceruledge|Focus Sash
|-damage|p1a: Ceruledge|1/100
|-damage|p2a: Mitochondria|71/100 par|[from] item: Life Orb
|
|-weather|Sandstorm|[upkeep]
|-damage|p1a: Ceruledge|0 fnt|[from] Sandstorm
|faint|p1a: Ceruledge
|upkeep
|inactive|LandBlade has 90 seconds left.
|
|t:|1760831732
|switch|p1a: Zapdos|Zapdos|52/100
|turn|8
|inactive|LandBlade has 90 seconds left.
|
|t:|1760831742
|move|p1a: Zapdos|Rain Dance|p1a: Zapdos
|-weather|RainDance
|move|p2a: Mitochondria|Knock Off|p1a: Zapdos
|-damage|p1a: Zapdos|0 fnt
|-enditem|p1a: Zapdos|Yache Berry|[from] move: Knock Off|[of] p2a: Mitochondria
|faint|p1a: Zapdos
|-damage|p2a: Mitochondria|61/100 par|[from] item: Life Orb
|
|-weather|RainDance|[upkeep]
|upkeep
|inactive|LandBlade has 90 seconds left.
|
|t:|1760831762
|switch|p1a: Ogerpon|Ogerpon-Wellspring, F|56/100
|turn|9
|
|t:|1760831767
|move|p1a: Ogerpon|Ivy Cudgel|p2a: Mitochondria|[anim] Ivy Cudgel Water
|-damage|p2a: Mitochondria|0 fnt
|faint|p2a: Mitochondria
|
|-weather|RainDance|[upkeep]
|upkeep
|
|t:|1760831782
|switch|p2a: BlueRai|Darkrai|100/100
|turn|10
|inactive|LandBlade has 90 seconds left.
|
|t:|1760831796
|switch|p1a: Tyranitar|Tyranitar, M|82/100
|-weather|Sandstorm|[from] ability: Sand Stream|[of] p1a: Tyranitar
|-terastallize|p2a: BlueRai|Dark
|move|p2a: BlueRai|Dark Pulse|p1a: Tyranitar
|-resisted|p1a: Tyranitar
|-damage|p1a: Tyranitar|74/100
|
|-weather|Sandstorm|[upkeep]
|-damage|p2a: BlueRai|94/100|[from] Sandstorm
|upkeep
|turn|11
|inactive|LandBlade has 90 seconds left.
|
|t:|1760831809
|switch|p2a: Tev|Great Tusk|98/100
|-singleturn|p1a: Tyranitar|move: Focus Punch
|move|p1a: Tyranitar|Focus Punch|p2a: Tev
|-damage|p2a: Tev|62/100
|
|-weather|Sandstorm|[upkeep]
|upkeep
|turn|12
|inactive|LandBlade has 90 seconds left.
|
|t:|1760831817
|switch|p1a: Ogerpon|Ogerpon-Wellspring, F|56/100
|move|p2a: Tev|Rapid Spin|p1a: Ogerpon
|-damage|p1a: Ogerpon|38/100
|-boost|p2a: Tev|spe|1
|
|-weather|Sandstorm|[upkeep]
|-damage|p1a: Ogerpon|32/100|[from] Sandstorm
|upkeep
|turn|13
|
|t:|1760831826
|move|p2a: Tev|Headlong Rush|p1a: Ogerpon
|-resisted|p1a: Ogerpon
|-damage|p1a: Ogerpon|0 fnt
|-unboost|p2a: Tev|def|1
|-unboost|p2a: Tev|spd|1
|faint|p1a: Ogerpon
|
|-weather|Sandstorm|[upkeep]
|upkeep
|
|t:|1760831833
|switch|p1a: Deoxys|Deoxys-Speed|1/100
|-ability|p1a: Deoxys|Pressure
|turn|14
|
|t:|1760831843
|move|p1a: Deoxys|Psycho Boost|p2a: Tev
|-supereffective|p2a: Tev
|-damage|p2a: Tev|0 fnt
|-unboost|p1a: Deoxys|spa|2
|faint|p2a: Tev
|-end|p2a: Tev|Protosynthesis|[silent]
|
|-weather|none
|upkeep
|
|t:|1760831849
|switch|p2a: BlueRai|Darkrai, tera:Dark|94/100
|turn|15
|
|t:|1760831855
|move|p2a: BlueRai|Dark Pulse|p1a: Deoxys
|-supereffective|p1a: Deoxys
|-damage|p1a: Deoxys|0 fnt
|faint|p1a: Deoxys
|
|upkeep
|inactive|LandBlade has 120 seconds left.
|
|t:|1760831864
|switch|p1a: Tyranitar|Tyranitar, M|74/100
|-weather|Sandstorm|[from] ability: Sand Stream|[of] p1a: Tyranitar
|turn|16
|
|t:|1760831873
|switch|p2a: Jug|Heatran, F|100/100
|move|p1a: Tyranitar|Earthquake|p2a: Jug
|-supereffective|p2a: Jug
|-damage|p2a: Jug|3/100
|
|-weather|Sandstorm|[upkeep]
|upkeep
|turn|17
|
|t:|1760831884
|move|p2a: Jug|Earth Power|p1a: Tyranitar
|-supereffective|p1a: Tyranitar
|-damage|p1a: Tyranitar|54/100
|move|p1a: Tyranitar|Earthquake|p2a: Jug
|-supereffective|p2a: Jug
|-damage|p2a: Jug|0 fnt
|faint|p2a: Jug
|
|-weather|Sandstorm|[upkeep]
|upkeep
|
|t:|1760831896
|switch|p2a: Gholdeezer|Gholdengo|100/100
|turn|18
|
|t:|1760831899
|move|p2a: Gholdeezer|Make It Rain|p1a: Tyranitar
|-supereffective|p1a: Tyranitar
|-damage|p1a: Tyranitar|17/100
|-unboost|p2a: Gholdeezer|spa|1
|move|p1a: Tyranitar|Knock Off|p2a: Gholdeezer
|-supereffective|p2a: Gholdeezer
|-damage|p2a: Gholdeezer|7/100
|-enditem|p2a: Gholdeezer|Choice Scarf|[from] move: Knock Off|[of] p1a: Tyranitar
|
|-weather|Sandstorm|[upkeep]
|upkeep
|turn|19
|
|t:|1760831915
|switch|p1a: Indeedee|Indeedee, M|100/100
|-fieldstart|move: Psychic Terrain|[from] ability: Psychic Surge|[of] p1a: Indeedee
|move|p2a: Gholdeezer|Dazzling Gleam|p1a: Indeedee
|-damage|p1a: Indeedee|74/100
|
|-weather|Sandstorm|[upkeep]
|-damage|p1a: Indeedee|68/100|[from] Sandstorm
|upkeep
|turn|20
|
|t:|1760831928
|-terastallize|p1a: Indeedee|Fairy
|move|p2a: Gholdeezer|Make It Rain|p1a: Indeedee
|-supereffective|p1a: Indeedee
|-damage|p1a: Indeedee|0 fnt
|-unboost|p2a: Gholdeezer|spa|1
|faint|p1a: Indeedee
|
|-weather|none
|upkeep
|
|t:|1760831936
|switch|p1a: Tyranitar|Tyranitar, M|17/100
|-weather|Sandstorm|[from] ability: Sand Stream|[of] p1a: Tyranitar
|turn|21
|
|t:|1760831945
|move|p2a: Gholdeezer|Dazzling Gleam|p1a: Tyranitar
|-supereffective|p1a: Tyranitar
|-crit|p1a: Tyranitar
|-damage|p1a: Tyranitar|0 fnt
|faint|p1a: Tyranitar
|
|win|Nigthamarish
|raw|LandBlade's rating: 1136 &rarr; <strong>1115</strong><br />(-21 for losing)
|raw|Nigthamarish's rating: 1197 &rarr; <strong>1218</strong><br />(+21 for winning)
