|j|☆pioneer7569
|j|☆beentheredonepat
|t:|1760863325
|gametype|singles
|player|p1|pioneer7569|169|1095
|player|p2|beentheredonepat|ethan|1069
|gen|9
|tier|[Gen 9] OU
|rated|
|rule|HP Percentage Mod: HP is shown in percentages
|rule|Endless Battle Clause: Forcing endless battles is banned
|rule|Species Clause: Limit one of each Pokémon
|rule|OHKO Clause: OHKO moves are banned
|rule|Evasion Items Clause: Evasion items are banned
|rule|Evasion Moves Clause: Evasion moves are banned
|rule|Evasion Abilities Clause: Evasion abilities are banned
|rule|Sleep Moves Clause: Sleep-inducing moves are banned
|clearpoke
|poke|p1|Dragapult, M|
|poke|p1|Gliscor, M|
|poke|p1|Deoxys-Speed|
|poke|p1|Kingambit, F|
|poke|p1|Scizor, F|
|poke|p1|Blaziken, F|
|poke|p2|Typhlosion, M|
|poke|p2|Ninetales, F|
|poke|p2|Shiftry, M|
|poke|p2|Ursaluna, F|
|poke|p2|Torkoal, F|
|poke|p2|Hatterene, F|
|teampreview
|inactive|Battle timer is ON: inactive players will automatically lose when time's up. (requested by beentheredonepat)
|j| Kuiyun24z
|
|t:|1760863329
|teamsize|p1|6
|teamsize|p2|6
|start
|switch|p1a: Deoxys|Deoxys-Speed|100/100
|switch|p2a: Nymph|Hatterene, F|100/100
|-ability|p1a: Deoxys|Pressure
|turn|1
|
|t:|1760863340
|switch|p1a: Gliscor|Gliscor, M|100/100
|move|p2a: Nymph|Trick Room|p2a: Nymph
|-fieldstart|move: Trick Room|[of] p2a: Nymph
|
|-status|p1a: Gliscor|tox|[from] item: Toxic Orb
|upkeep
|turn|2
|
|t:|1760863350
|move|p2a: Nymph|Dazzling Gleam|p1a: Gliscor
|-damage|p1a: Gliscor|47/100 tox
|move|p1a: Gliscor|Dual Wingbeat|p2a: Nymph
|-damage|p2a: Nymph|80/100
|-damage|p2a: Nymph|60/100
|-hitcount|p2a: Nymph|2
|
|-heal|p2a: Nymph|67/100|[from] item: Leftovers
|-heal|p1a: Gliscor|59/100 tox|[from] ability: Poison Heal
|upkeep
|turn|3
|
|t:|1760863363
|switch|p2a: Sol|Torkoal, F|100/100
|-weather|SunnyDay|[from] ability: Drought|[of] p2a: Sol
|switch|p1a: Scizor|Scizor, F|100/100
|
|-weather|SunnyDay|[upkeep]
|upkeep
|turn|4
|
|t:|1760863371
|switch|p1a: Gliscor|Gliscor, M|59/100 tox
|move|p2a: Sol|Stealth Rock|p1a: Gliscor
|-sidestart|p1: pioneer7569|move: Stealth Rock
|
|-weather|SunnyDay|[upkeep]
|-heal|p1a: Gliscor|71/100 tox|[from] ability: Poison Heal
|upkeep
|turn|5
|
|t:|1760863379
|move|p2a: Sol|Eruption|p1a: Gliscor
|-damage|p1a: Gliscor|0 fnt
|faint|p1a: Gliscor
|
|-weather|SunnyDay|[upkeep]
|-fieldend|move: Trick Room
|upkeep
|inactive|pioneer7569 has 120 seconds left.
|
|t:|1760863413
|switch|p1a: Deoxys|Deoxys-Speed|100/100
|-damage|p1a: Deoxys|88/100|[from] Stealth Rock
|-ability|p1a: Deoxys|Pressure
|turn|6
|
|t:|1760863417
|switch|p2a: Nymph|Hatterene, F|67/100
|move|p1a: Deoxys|Stealth Rock|p2a: Nymph
|move|p2a: Nymph|Stealth Rock||[from] ability: Magic Bounce|[still]
|-fail|p2a: Nymph
|
|-weather|SunnyDay|[upkeep]
|-heal|p2a: Nymph|73/100|[from] item: Leftovers
|upkeep
|turn|7
|
|t:|1760863429
|move|p1a: Deoxys|Psycho Boost|p2a: Nymph
|-resisted|p2a: Nymph
|-damage|p2a: Nymph|48/100
|-unboost|p1a: Deoxys|spa|2
|move|p2a: Nymph|Trick Room|p2a: Nymph
|-fieldstart|move: Trick Room|[of] p2a: Nymph
|
|-weather|SunnyDay|[upkeep]
|-heal|p2a: Nymph|54/100|[from] item: Leftovers
|upkeep
|turn|8
|
|t:|1760863439
|switch|p1a: Scizor|Scizor, F|100/100
|-damage|p1a: Scizor|88/100|[from] Stealth Rock
|move|p2a: Nymph|Dazzling Gleam|p1a: Scizor
|-resisted|p1a: Scizor
|-crit|p1a: Scizor
|-damage|p1a: Scizor|54/100
|
|-weather|SunnyDay|[upkeep]
|-heal|p2a: Nymph|61/100|[from] item: Leftovers
|upkeep
|turn|9
|
|t:|1760863449
|move|p2a: Nymph|Healing Wish|p2a: Nymph
|faint|p2a: Nymph
|move|p1a: Scizor|Dual Wingbeat|p2: Nymph|[notarget]
|-fail|p1a: Scizor
|
|-weather|SunnyDay|[upkeep]
|upkeep
|
|t:|1760863456
|switch|p2a: Sol|Torkoal, F|100/100
|turn|10
|
|t:|1760863462
|move|p2a: Sol|Earth Power|p1a: Scizor
|-damage|p1a: Scizor|24/100
|move|p1a: Scizor|Dual Wingbeat|p2a: Sol
|-damage|p2a: Sol|78/100
|-damage|p2a: Sol|55/100
|-hitcount|p2a: Sol|2
|-damage|p1a: Scizor|14/100|[from] item: Life Orb
|
|-weather|none
|upkeep
|turn|11
|
|t:|1760863474
|move|p1a: Scizor|Bullet Punch|p2a: Sol
|-resisted|p2a: Sol
|-damage|p2a: Sol|37/100
|-damage|p1a: Scizor|4/100|[from] item: Life Orb
|move|p2a: Sol|Eruption|p1a: Scizor
|-supereffective|p1a: Scizor
|-damage|p1a: Scizor|0 fnt
|faint|p1a: Scizor
|
|-fieldend|move: Trick Room
|upkeep
|
|t:|1760863490
|switch|p1a: Blaziken|Blaziken, F|100/100
|-damage|p1a: Blaziken|88/100|[from] Stealth Rock
|turn|12
|
|t:|1760863496
|move|p1a: Blaziken|Protect|p1a: Blaziken
|-singleturn|p1a: Blaziken|Protect
|move|p2a: Sol|Earth Power|p1a: Blaziken
|-activate|p1a: Blaziken|move: Protect
|
|-heal|p1a: Blaziken|94/100|[from] item: Leftovers
|-ability|p1a: Blaziken|Speed Boost|boost
|-boost|p1a: Blaziken|spe|1
|upkeep
|turn|13
|
|t:|1760863503
|-terastallize|p1a: Blaziken|Flying
|move|p1a: Blaziken|Swords Dance|p1a: Blaziken
|-boost|p1a: Blaziken|atk|2
|move|p2a: Sol|Earth Power|p1a: Blaziken
|-immune|p1a: Blaziken
|
|-heal|p1a: Blaziken|99/100|[from] item: Leftovers
|-ability|p1a: Blaziken|Speed Boost|boost
|-boost|p1a: Blaziken|spe|1
|upkeep
|turn|14
|
|t:|1760863513
|move|p1a: Blaziken|Protect|p1a: Blaziken
|-singleturn|p1a: Blaziken|Protect
|move|p2a: Sol|Eruption|p1a: Blaziken
|-activate|p1a: Blaziken|move: Protect
|
|-heal|p1a: Blaziken|100/100|[from] item: Leftovers
|-ability|p1a: Blaziken|Speed Boost|boost
|-boost|p1a: Blaziken|spe|1
|upkeep
|turn|15
|
|t:|1760863520
|move|p1a: Blaziken|Close Combat|p2a: Sol
|-damage|p2a: Sol|0 fnt
|-unboost|p1a: Blaziken|def|1
|-unboost|p1a: Blaziken|spd|1
|faint|p2a: Sol
|
|-ability|p1a: Blaziken|Speed Boost|boost
|-boost|p1a: Blaziken|spe|1
|upkeep
|
|t:|1760863524
|switch|p2a: Shinobi|Shiftry, M|100/100
|turn|16
|
|t:|1760863530
|-terastallize|p2a: Shinobi|Rock
|move|p1a: Blaziken|Protect|p1a: Blaziken
|-singleturn|p1a: Blaziken|Protect
|move|p2a: Shinobi|Rock Slide|p1a: Blaziken
|-activate|p1a: Blaziken|move: Protect
|
|-ability|p1a: Blaziken|Speed Boost|boost
|-boost|p1a: Blaziken|spe|1
|upkeep
|turn|17
|
|t:|1760863537
|move|p1a: Blaziken|Close Combat|p2a: Shinobi
|-supereffective|p2a: Shinobi
|-enditem|p2a: Shinobi|Focus Sash
|-damage|p2a: Shinobi|1/100
|-unboost|p1a: Blaziken|def|1
|-unboost|p1a: Blaziken|spd|1
|move|p2a: Shinobi|Rock Slide|p1a: Blaziken
|-supereffective|p1a: Blaziken
|-damage|p1a: Blaziken|0 fnt
|faint|p1a: Blaziken
|
|upkeep
|
|t:|1760863559
|switch|p1a: Deoxys|Deoxys-Speed|88/100
|-damage|p1a: Deoxys|76/100|[from] Stealth Rock
|-ability|p1a: Deoxys|Pressure
|turn|18
|
|t:|1760863562
|move|p1a: Deoxys|Psycho Boost|p2a: Shinobi|[miss]
|-miss|p1a: Deoxys|p2a: Shinobi
|move|p2a: Shinobi|Tailwind|p2a: Shinobi
|-sidestart|p2: beentheredonepat|move: Tailwind
|-ability|p2a: Shinobi|Wind Rider|boost
|-boost|p2a: Shinobi|atk|1
|
|upkeep
|turn|19
|
|t:|1760863570
|move|p2a: Shinobi|Rock Slide|p1a: Deoxys
|-damage|p1a: Deoxys|4/100
|move|p1a: Deoxys|Psycho Boost|p2a: Shinobi
|-crit|p2a: Shinobi
|-damage|p2a: Shinobi|0 fnt
|-unboost|p1a: Deoxys|spa|2
|faint|p2a: Shinobi
|
|upkeep
|
|t:|1760863577
|switch|p2a: Tollomot|Ninetales, F|100/100
|-weather|SunnyDay|[from] ability: Drought|[of] p2a: Tollomot
|turn|20
|
|t:|1760863581
|move|p1a: Deoxys|Stealth Rock|p2a: Tollomot
|-sidestart|p2: beentheredonepat|move: Stealth Rock
|move|p2a: Tollomot|Overheat|p1a: Deoxys|[miss]
|-miss|p2a: Tollomot|p1a: Deoxys
|
|-weather|SunnyDay|[upkeep]
|upkeep
|turn|21
|
|t:|1760863588
|move|p1a: Deoxys|Pain Split|p2a: Tollomot
|-sethp|p2a: Tollomot|52/100|[from] move: Pain Split|[silent]
|-sethp|p1a: Deoxys|50/100|[from] move: Pain Split
|move|p2a: Tollomot|Overheat|p1a: Deoxys
|-damage|p1a: Deoxys|0 fnt
|-unboost|p2a: Tollomot|spa|2
|faint|p1a: Deoxys
|-enditem|p2a: Tollomot|Eject Pack
|
|t:|1760863594
|switch|p2a: Charlie|Typhlosion, M|100/100
|-damage|p2a: Charlie|76/100|[from] Stealth Rock
|
|-weather|SunnyDay|[upkeep]
|-sideend|p2: beentheredonepat|move: Tailwind
|upkeep
|inactive|pioneer7569 has 120 seconds left.
|
|t:|1760863626
|switch|p1a: Kingambit|Kingambit, F|100/100
|-damage|p1a: Kingambit|94/100|[from] Stealth Rock
|-activate|p1a: Kingambit|ability: Supreme Overlord
|-start|p1a: Kingambit|fallen4|[silent]
|turn|22
|
|t:|1760863630
|move|p2a: Charlie|Flamethrower|p1a: Kingambit
|-supereffective|p1a: Kingambit
|-damage|p1a: Kingambit|0 fnt
|faint|p1a: Kingambit
|-end|p1a: Kingambit|fallen4|[silent]
|
|-weather|SunnyDay|[upkeep]
|upkeep
|
|t:|1760863634
|switch|p1a: Dragapult|Dragapult, M|100/100
|-damage|p1a: Dragapult|88/100|[from] Stealth Rock
|turn|23
|
|t:|1760863642
|move|p2a: Charlie|Flamethrower|p1a: Dragapult
|-resisted|p1a: Dragapult
|-damage|p1a: Dragapult|42/100
|move|p1a: Dragapult|Phantom Force||[still]
|-prepare|p1a: Dragapult|Phantom Force
|
|-weather|SunnyDay|[upkeep]
|upkeep
|turn|24
|
|t:|1760863648
|switch|p2a: Mama Bear|Ursaluna, F|100/100
|-damage|p2a: Mama Bear|94/100|[from] Stealth Rock
|move|p1a: Dragapult|Phantom Force|p2a: Mama Bear|[from] lockedmove
|-immune|p2a: Mama Bear
|
|-weather|none
|-status|p2a: Mama Bear|brn|[from] item: Flame Orb
|upkeep
|turn|25
|
|t:|1760863656
|move|p1a: Dragapult|Dragon Darts|p2a: Mama Bear
|-damage|p2a: Mama Bear|75/100 brn
|-anim|p1a: Dragapult|Dragon Darts|p2a: Mama Bear
|-damage|p2a: Mama Bear|54/100 brn
|move|p2a: Mama Bear|Ice Punch|p1a: Dragapult
|-supereffective|p1a: Dragapult
|-damage|p1a: Dragapult|0 fnt
|faint|p1a: Dragapult
|
|win|beentheredonepat
|raw|pioneer7569's rating: 1095 &rarr; <strong>1069</strong><br />(-26 for losing)
|raw|beentheredonepat's rating: 1069 &rarr; <strong>1101</strong><br />(+32 for winning)
|l|☆beentheredonepat
|player|p2|
|l|☆pioneer7569
|player|p1|
