|j|☆obezer
|j|☆Blackheart1979
|t:|1760828489
|gametype|singles
|player|p1|obezer|marshal|1242
|player|p2|Blackheart1979|1|1289
|gen|9
|tier|[Gen 9] OU
|rated|
|rule|HP Percentage Mod: HP is shown in percentages
|rule|Endless Battle Clause: Forcing endless battles is banned
|rule|Species Clause: Limit one of each Pokémon
|rule|OHKO Clause: OHKO moves are banned
|rule|Evasion Items Clause: Evasion items are banned
|rule|Evasion Moves Clause: Evasion moves are banned
|rule|Evasion Abilities Clause: Evasion abilities are banned
|rule|Sleep Moves Clause: Sleep-inducing moves are banned
|clearpoke
|poke|p1|Kleavor, F|
|poke|p1|Rillaboom, F|
|poke|p1|Sinistcha|
|poke|p1|Bellibolt, M|
|poke|p1|Hawlucha, M|
|poke|p1|Cramorant, M|
|poke|p2|Scizor, M|
|poke|p2|Mandibuzz, F|
|poke|p2|Alomomola, F|
|poke|p2|Goodra-Hisui, F|
|poke|p2|Iron Valiant|
|poke|p2|Zamazenta-*|
|teampreview
|
|t:|1760828510
|teamsize|p1|6
|teamsize|p2|6
|start
|switch|p1a: Cramorant|Cramorant, M|100/100
|switch|p2a: Scizor|Scizor, M|100/100
|turn|1
|
|t:|1760828523
|switch|p2a: Mandibuzz|Mandibuzz, F|100/100
|move|p1a: Cramorant|Surf|p2a: Mandibuzz
|-formechange|p1a: Cramorant|Cramorant-Gulping|
|-crit|p2a: Mandibuzz
|-damage|p2a: Mandibuzz|68/100
|
|upkeep
|turn|2
|
|t:|1760828534
|move|p1a: Cramorant|Hurricane|p2a: Mandibuzz|[miss]
|-miss|p1a: Cramorant|p2a: Mandibuzz
|move|p2a: Mandibuzz|Toxic|p1a: Cramorant
|-status|p1a: Cramorant|tox
|
|-damage|p1a: Cramorant|94/100 tox|[from] psn
|upkeep
|turn|3
|
|t:|1760828544
|move|p1a: Cramorant|Hurricane|p2a: Mandibuzz
|-damage|p2a: Mandibuzz|45/100
|move|p2a: Mandibuzz|Roost|p2a: Mandibuzz
|-heal|p2a: Mandibuzz|95/100
|-singleturn|p2a: Mandibuzz|move: Roost
|
|-damage|p1a: Cramorant|82/100 tox|[from] psn
|upkeep
|turn|4
|
|t:|1760828559
|switch|p1a: Bellibolt|Bellibolt, M|100/100
|switch|p2a: molaonomola|Alomomola, F|100/100
|
|upkeep
|turn|5
|
|t:|1760828568
|switch|p2a: Goodra|Goodra-Hisui, F|100/100
|move|p1a: Bellibolt|Charge Beam|p2a: Goodra|[miss]
|-miss|p1a: Bellibolt|p2a: Goodra
|
|upkeep
|turn|6
|
|t:|1760828584
|move|p2a: Goodra|Ice Beam|p1a: Bellibolt
|-damage|p1a: Bellibolt|84/100
|-start|p1a: Bellibolt|Charge|Ice Beam|[from] ability: Electromorphosis
|move|p1a: Bellibolt|Acid Spray|p2a: Goodra
|-immune|p2a: Goodra
|
|upkeep
|turn|7
|
|t:|1760828611
|move|p2a: Goodra|Flash Cannon|p1a: Bellibolt
|-resisted|p1a: Bellibolt
|-damage|p1a: Bellibolt|71/100
|-start|p1a: Bellibolt|Charge|Flash Cannon|[from] ability: Electromorphosis
|move|p1a: Bellibolt|Muddy Water|p2a: Goodra
|-resisted|p2a: Goodra
|-damage|p2a: Goodra|94/100
|-unboost|p2a: Goodra|accuracy|1
|
|upkeep
|turn|8
|
|t:|1760828629
|switch|p2a: Zamazenta|Zamazenta|100/100
|-ability|p2a: Zamazenta|Dauntless Shield|boost
|-boost|p2a: Zamazenta|def|1
|move|p1a: Bellibolt|Charge Beam|p2a: Zamazenta
|-damage|p2a: Zamazenta|65/100
|-boost|p1a: Bellibolt|spa|1
|-end|p1a: Bellibolt|Charge|[silent]
|
|-heal|p2a: Zamazenta|71/100|[from] item: Leftovers
|upkeep
|turn|9
|
|t:|1760828642
|move|p2a: Zamazenta|Substitute|p2a: Zamazenta
|-start|p2a: Zamazenta|Substitute
|-damage|p2a: Zamazenta|46/100
|move|p1a: Bellibolt|Parabolic Charge|p2a: Zamazenta
|-end|p2a: Zamazenta|Substitute
|-heal|p1a: Bellibolt|85/100|[from] drain|[of] p2a: Zamazenta
|
|-heal|p2a: Zamazenta|52/100|[from] item: Leftovers
|upkeep
|turn|10
|inactive|Battle timer is ON: inactive players will automatically lose when time's up. (requested by obezer)
|
|t:|1760828664
|switch|p2a: Goodra|Goodra-Hisui, F|94/100
|move|p1a: Bellibolt|Parabolic Charge|p2a: Goodra
|-resisted|p2a: Goodra
|-damage|p2a: Goodra|83/100
|-heal|p1a: Bellibolt|91/100|[from] drain|[of] p2a: Goodra
|
|upkeep
|turn|11
|
|t:|1760828678
|move|p2a: Goodra|Ice Beam|p1a: Bellibolt
|-damage|p1a: Bellibolt|72/100
|-status|p1a: Bellibolt|frz
|-start|p1a: Bellibolt|Charge|Ice Beam|[from] ability: Electromorphosis
|-curestatus|p1a: Bellibolt|frz|[msg]
|move|p1a: Bellibolt|Charge Beam|p2a: Goodra
|-resisted|p2a: Goodra
|-damage|p2a: Goodra|66/100
|-boost|p1a: Bellibolt|spa|1
|-end|p1a: Bellibolt|Charge|[silent]
|
|upkeep
|turn|12
|
|t:|1760828689
|move|p2a: Goodra|Ice Beam|p1a: Bellibolt
|-damage|p1a: Bellibolt|56/100
|-status|p1a: Bellibolt|frz
|-start|p1a: Bellibolt|Charge|Ice Beam|[from] ability: Electromorphosis
|cant|p1a: Bellibolt|frz
|-end|p1a: Bellibolt|Charge|[silent]
|
|upkeep
|turn|13
|
|t:|1760828698
|switch|p2a: Scizor|Scizor, M|100/100
|cant|p1a: Bellibolt|frz
|
|upkeep
|turn|14
|
|t:|1760828708
|move|p2a: Scizor|Knock Off|p1a: Bellibolt
|-damage|p1a: Bellibolt|0 fnt
|-enditem|p1a: Bellibolt|Assault Vest|[from] move: Knock Off|[of] p2a: Scizor
|faint|p1a: Bellibolt
|
|upkeep
|-message|obezer forfeited.
|
|win|Blackheart1979
|raw|obezer's rating: 1242 &rarr; <strong>1220</strong><br />(-22 for losing)
|raw|Blackheart1979's rating: 1289 &rarr; <strong>1311</strong><br />(+22 for winning)
|l|☆obezer
|player|p1|
|l|☆Blackheart1979
|player|p2|
