|badge|p2|bronze|gen9ou|100-7
|uhtml|medal-msg|<div class="broadcast-blue">Curious what those medals under the avatar are? PS now has Ladder Seasons! For more information, check out the <a href="https://www.smogon.com/forums/threads/3740067/">thread on Smogon.</a></div>
|j|☆SpongeGar & Patar
|j|☆mansonabuluting
|t:|1760792060
|gametype|singles
|player|p1|SpongeGar & Patar|101|1863
|player|p2|mansonabuluting|bellelba|1823
|gen|9
|tier|[Gen 9] OU
|rated|
|rule|HP Percentage Mod: HP is shown in percentages
|rule|Endless Battle Clause: Forcing endless battles is banned
|rule|Species Clause: Limit one of each Pokémon
|rule|OHKO Clause: OHKO moves are banned
|rule|Evasion Items Clause: Evasion items are banned
|rule|Evasion Moves Clause: Evasion moves are banned
|rule|Evasion Abilities Clause: Evasion abilities are banned
|rule|Sleep Moves Clause: Sleep-inducing moves are banned
|clearpoke
|poke|p1|Kyurem|
|poke|p1|Corviknight, M|
|poke|p1|Ting-Lu|
|poke|p1|Dondozo, F|
|poke|p1|Slowking-Galar, L99, M|
|poke|p1|Cinderace, F|
|poke|p2|Rillaboom, F|
|poke|p2|Hawlucha, F|
|poke|p2|Thundurus-Therian, M|
|poke|p2|Great Tusk|
|poke|p2|Volcanion|
|poke|p2|Goodra-Hisui, F|
|teampreview
|inactive|Battle timer is ON: inactive players will automatically lose when time's up. (requested by mansonabuluting)
|j| 143forever
|inactive|SpongeGar & Patar has 120 seconds left.
|
|t:|1760792111
|teamsize|p1|6
|teamsize|p2|6
|start
|switch|p1a: Kyurem|Kyurem|100/100
|switch|p2a: Volcanion|Volcanion|100/100
|-ability|p1a: Kyurem|Pressure
|turn|1
|inactive|SpongeGar & Patar also wants the timer to be on.
|j| amimec
|inactive|SpongeGar & Patar has 120 seconds left.
|
|t:|1760792160
|move|p1a: Kyurem|Earth Power|p2a: Volcanion
|-supereffective|p2a: Volcanion
|-crit|p2a: Volcanion
|-damage|p2a: Volcanion|7/100
|move|p2a: Volcanion|Overheat|p1a: Kyurem
|-damage|p1a: Kyurem|0 fnt
|-unboost|p2a: Volcanion|spa|2
|faint|p1a: Kyurem
|
|upkeep
|inactive|SpongeGar & Patar has 90 seconds left.
|l| 143forever
|
|t:|1760792208
|switch|p1a: Cinderace|Cinderace, F|100/100
|turn|2
|inactive|SpongeGar & Patar has 60 seconds left.
|inactive|SpongeGar & Patar has 30 seconds left.
|j| lakob
|
|t:|1760792256
|switch|p2a: Great Tusk|Great Tusk|100/100
|move|p1a: Cinderace|Pyro Ball|p2a: Great Tusk
|-damage|p2a: Great Tusk|78/100
|
|upkeep
|turn|3
|inactive|SpongeGar & Patar has 30 seconds left.
|
|t:|1760792266
|move|p1a: Cinderace|Will-O-Wisp|p2a: Great Tusk
|-status|p2a: Great Tusk|brn
|move|p2a: Great Tusk|Headlong Rush|p1a: Cinderace
|-supereffective|p1a: Cinderace
|-damage|p1a: Cinderace|41/100
|-unboost|p2a: Great Tusk|def|1
|-unboost|p2a: Great Tusk|spd|1
|
|-damage|p2a: Great Tusk|71/100 brn|[from] brn
|upkeep
|turn|4
|
|t:|1760792275
|move|p1a: Cinderace|U-turn|p2a: Great Tusk
|-resisted|p2a: Great Tusk
|-crit|p2a: Great Tusk
|-damage|p2a: Great Tusk|61/100 brn
|-damage|p1a: Cinderace|25/100|[from] item: Rocky Helmet|[of] p2a: Great Tusk
|
|t:|1760792285
|switch|p1a: Corviknight|Corviknight, M|100/100|[from] U-turn
|-ability|p1a: Corviknight|Pressure
|move|p2a: Great Tusk|Stealth Rock|p1a: Corviknight
|-sidestart|p1: SpongeGar & Patar|move: Stealth Rock
|
|-damage|p2a: Great Tusk|55/100 brn|[from] brn
|upkeep
|turn|5
|
|t:|1760792294
|-end|p2a: Great Tusk|Protosynthesis|[silent]
|switch|p2a: Volcanion|Volcanion|7/100
|move|p1a: Corviknight|U-turn|p2a: Volcanion
|-resisted|p2a: Volcanion
|-damage|p2a: Volcanion|1/100
|
|t:|1760792303
|switch|p1a: Cinderace|Cinderace, F|25/100|[from] U-turn
|
|upkeep
|turn|6
|
|t:|1760792313
|move|p1a: Cinderace|Pyro Ball|p2a: Volcanion
|-resisted|p2a: Volcanion
|-damage|p2a: Volcanion|0 fnt
|faint|p2a: Volcanion
|
|upkeep
|
|t:|1760792316
|switch|p2a: Rillaboom|Rillaboom, F|100/100
|-fieldstart|move: Grassy Terrain|[from] ability: Grassy Surge|[of] p2a: Rillaboom
|turn|7
|
|t:|1760792325
|switch|p1a: Corviknight|Corviknight, M|100/100
|-damage|p1a: Corviknight|88/100|[from] Stealth Rock
|-ability|p1a: Corviknight|Pressure
|move|p2a: Rillaboom|Grassy Glide|p1a: Corviknight
|-resisted|p1a: Corviknight
|-damage|p1a: Corviknight|79/100
|-damage|p2a: Rillaboom|84/100|[from] item: Rocky Helmet|[of] p1a: Corviknight
|
|-heal|p2a: Rillaboom|90/100|[from] Grassy Terrain
|upkeep
|turn|8
|inactive|SpongeGar & Patar has 60 seconds left.
|
|t:|1760792350
|switch|p2a: Goodra|Goodra-Hisui, F|100/100
|move|p1a: Corviknight|Defog|p2a: Goodra
|-unboost|p2a: Goodra|evasion|1
|-sideend|p1: SpongeGar & Patar|Stealth Rock|[from] move: Defog|[of] p1a: Corviknight
|-fieldend|move: Grassy Terrain
|
|upkeep
|turn|9
|inactive|SpongeGar & Patar has 60 seconds left.
|
|t:|1760792360
|move|p1a: Corviknight|Roost|p1a: Corviknight
|-heal|p1a: Corviknight|100/100
|-singleturn|p1a: Corviknight|move: Roost
|move|p2a: Goodra|Flamethrower|p1a: Corviknight
|-supereffective|p1a: Corviknight
|-damage|p1a: Corviknight|43/100
|
|upkeep
|turn|10
|inactive|SpongeGar & Patar has 60 seconds left.
|
|t:|1760792371
|switch|p2a: Great Tusk|Great Tusk|55/100 brn
|move|p1a: Corviknight|U-turn|p2a: Great Tusk
|-resisted|p2a: Great Tusk
|-damage|p2a: Great Tusk|51/100 brn
|-damage|p1a: Corviknight|27/100|[from] item: Rocky Helmet|[of] p2a: Great Tusk
|inactive|SpongeGar & Patar has 60 seconds left.
|
|t:|1760792380
|switch|p1a: Cinderace|Cinderace, F|25/100|[from] U-turn
|
|-damage|p2a: Great Tusk|45/100 brn|[from] brn
|upkeep
|turn|11
|
|t:|1760792390
|switch|p1a: Corviknight|Corviknight, M|27/100
|-ability|p1a: Corviknight|Pressure
|move|p2a: Great Tusk|Headlong Rush|p1a: Corviknight
|-immune|p1a: Corviknight
|
|-damage|p2a: Great Tusk|39/100 brn|[from] brn
|upkeep
|turn|12
|
|t:|1760792406
|-end|p2a: Great Tusk|Protosynthesis|[silent]
|switch|p2a: Rillaboom|Rillaboom, F|90/100
|-fieldstart|move: Grassy Terrain|[from] ability: Grassy Surge|[of] p2a: Rillaboom
|move|p1a: Corviknight|Roost|p1a: Corviknight
|-heal|p1a: Corviknight|77/100
|-singleturn|p1a: Corviknight|move: Roost
|
|-heal|p2a: Rillaboom|96/100|[from] Grassy Terrain
|-heal|p1a: Corviknight|83/100|[from] Grassy Terrain
|upkeep
|turn|13
|
|t:|1760792415
|move|p2a: Rillaboom|Knock Off|p1a: Corviknight
|-damage|p1a: Corviknight|51/100
|-damage|p2a: Rillaboom|80/100|[from] item: Rocky Helmet|[of] p1a: Corviknight
|-enditem|p1a: Corviknight|Rocky Helmet|[from] move: Knock Off|[of] p2a: Rillaboom
|move|p1a: Corviknight|Roost|p1a: Corviknight
|-heal|p1a: Corviknight|100/100
|-singleturn|p1a: Corviknight|move: Roost
|
|-heal|p2a: Rillaboom|86/100|[from] Grassy Terrain
|upkeep
|turn|14
|
|t:|1760792431
|switch|p2a: Great Tusk|Great Tusk|39/100 brn
|move|p1a: Corviknight|U-turn|p2a: Great Tusk
|-resisted|p2a: Great Tusk
|-crit|p2a: Great Tusk
|-damage|p2a: Great Tusk|34/100 brn
|-damage|p1a: Corviknight|84/100|[from] item: Rocky Helmet|[of] p2a: Great Tusk
|
|t:|1760792441
|switch|p1a: Cinderace|Cinderace, F|25/100|[from] U-turn
|
|-heal|p1a: Cinderace|31/100|[from] Grassy Terrain
|-heal|p2a: Great Tusk|40/100 brn|[from] Grassy Terrain
|-damage|p2a: Great Tusk|34/100 brn|[from] brn
|upkeep
|turn|15
|
|t:|1760792450
|move|p1a: Cinderace|Pyro Ball|p2a: Great Tusk
|-damage|p2a: Great Tusk|0 fnt
|faint|p2a: Great Tusk
|-end|p2a: Great Tusk|Protosynthesis|[silent]
|
|-heal|p1a: Cinderace|37/100|[from] Grassy Terrain
|upkeep
|
|t:|1760792453
|switch|p2a: Hawlucha|Hawlucha, F|100/100
|-enditem|p2a: Hawlucha|Grassy Seed
|-boost|p2a: Hawlucha|def|1|[from] item: Grassy Seed
|turn|16
|
|t:|1760792462
|switch|p1a: Dondozo|Dondozo, F|100/100
|move|p2a: Hawlucha|Substitute|p2a: Hawlucha
|-start|p2a: Hawlucha|Substitute
|-damage|p2a: Hawlucha|76/100
|
|-fieldend|move: Grassy Terrain
|upkeep
|turn|17
|inactive|SpongeGar & Patar has 90 seconds left.
|inactive|SpongeGar & Patar has 60 seconds left.
|
|t:|1760792510
|move|p2a: Hawlucha|Acrobatics|p1a: Dondozo
|-damage|p1a: Dondozo|78/100
|move|p1a: Dondozo|Waterfall|p2a: Hawlucha
|-end|p2a: Hawlucha|Substitute
|
|-heal|p1a: Dondozo|84/100|[from] item: Leftovers
|upkeep
|turn|18
|inactive|SpongeGar & Patar has 60 seconds left.
|inactive|SpongeGar & Patar has 30 seconds left.
|
|t:|1760792560
|switch|p2a: Rillaboom|Rillaboom, F|86/100
|-fieldstart|move: Grassy Terrain|[from] ability: Grassy Surge|[of] p2a: Rillaboom
|move|p1a: Dondozo|Waterfall|p2a: Rillaboom
|-resisted|p2a: Rillaboom
|-damage|p2a: Rillaboom|73/100
|
|-heal|p2a: Rillaboom|79/100|[from] Grassy Terrain
|-heal|p1a: Dondozo|90/100|[from] Grassy Terrain
|-heal|p1a: Dondozo|96/100|[from] item: Leftovers
|upkeep
|turn|19
|inactive|SpongeGar & Patar has 30 seconds left.
|inactive|mansonabuluting has 120 seconds left.
|
|t:|1760792585
|switch|p1a: Corviknight|Corviknight, M|84/100
|-ability|p1a: Corviknight|Pressure
|move|p2a: Rillaboom|U-turn|p1a: Corviknight
|-resisted|p1a: Corviknight
|-damage|p1a: Corviknight|79/100
|
|t:|1760792590
|switch|p2a: Goodra|Goodra-Hisui, F|100/100|[from] U-turn
|
|upkeep
|turn|20
|
|t:|1760792599
|move|p1a: Corviknight|U-turn|p2a: Goodra
|-resisted|p2a: Goodra
|-damage|p2a: Goodra|94/100
|-ability|p2a: Goodra|Gooey
|-unboost|p1a: Corviknight|spe|1
|
|t:|1760792609
|switch|p1a: Slowking|Slowking-Galar, L99, M|100/100|[from] U-turn
|move|p2a: Goodra|Flamethrower|p1a: Slowking
|-damage|p1a: Slowking|83/100
|-status|p1a: Slowking|brn
|
|-heal|p2a: Goodra|99/100|[from] Grassy Terrain
|-heal|p1a: Slowking|89/100 brn|[from] Grassy Terrain
|-damage|p1a: Slowking|83/100 brn|[from] brn
|upkeep
|turn|21
|j| Fifo drummer
|j| sarcasticcheese17
|inactive|mansonabuluting has 120 seconds left.
|
|t:|1760792635
|switch|p2a: Hawlucha|Hawlucha, F|76/100
|move|p1a: Slowking|Future Sight|p2a: Hawlucha
|-start|p1a: Slowking|move: Future Sight
|
|-heal|p1a: Slowking|89/100 brn|[from] Grassy Terrain
|-damage|p1a: Slowking|83/100 brn|[from] brn
|upkeep
|turn|22
|
|t:|1760792644
|move|p2a: Hawlucha|Acrobatics|p1a: Slowking
|-damage|p1a: Slowking|35/100 brn
|-prepare|p1a: Slowking|Chilly Reception|[premajor]
|move|p1a: Slowking|Chilly Reception|p1a: Slowking
|-weather|Snowscape
|l| sarcasticcheese17
|
|t:|1760792655
|switch|p1a: Cinderace|Cinderace, F|37/100|[from] Chilly Reception
|
|-weather|Snowscape|[upkeep]
|-heal|p1a: Cinderace|43/100|[from] Grassy Terrain
|-fieldend|move: Grassy Terrain
|upkeep
|turn|23
|l| lakob
|
|t:|1760792667
|move|p1a: Cinderace|U-turn|p2a: Hawlucha
|-resisted|p2a: Hawlucha
|-damage|p2a: Hawlucha|70/100
|
|t:|1760792678
|switch|p1a: Ting-Lu|Ting-Lu|100/100|[from] U-turn
|-ability|p1a: Ting-Lu|Vessel of Ruin
|move|p2a: Hawlucha|Acrobatics|p1a: Ting-Lu
|-damage|p1a: Ting-Lu|71/100
|
|-weather|Snowscape|[upkeep]
|-end|p2a: Hawlucha|move: Future Sight
|-supereffective|p2a: Hawlucha
|-damage|p2a: Hawlucha|0 fnt
|faint|p2a: Hawlucha
|-heal|p1a: Ting-Lu|78/100|[from] item: Leftovers
|upkeep
|
|t:|1760792681
|switch|p2a: Rillaboom|Rillaboom, F|79/100
|-fieldstart|move: Grassy Terrain|[from] ability: Grassy Surge|[of] p2a: Rillaboom
|turn|24
|
|t:|1760792691
|switch|p1a: Corviknight|Corviknight, M|79/100
|-ability|p1a: Corviknight|Pressure
|move|p2a: Rillaboom|Wood Hammer|p1a: Corviknight
|-resisted|p1a: Corviknight
|-damage|p1a: Corviknight|58/100
|-damage|p2a: Rillaboom|73/100|[from] Recoil
|
|-weather|Snowscape|[upkeep]
|-heal|p2a: Rillaboom|79/100|[from] Grassy Terrain
|upkeep
|turn|25
|
|t:|1760792700
|switch|p2a: Goodra|Goodra-Hisui, F|99/100
|move|p1a: Corviknight|U-turn|p2a: Goodra
|-resisted|p2a: Goodra
|-damage|p2a: Goodra|93/100
|-ability|p2a: Goodra|Gooey
|-unboost|p1a: Corviknight|spe|1
|j| wyjmjl
|j| Bloodhound Q50
|
|t:|1760792710
|switch|p1a: Cinderace|Cinderace, F|43/100|[from] U-turn
|
|-weather|Snowscape|[upkeep]
|-heal|p1a: Cinderace|49/100|[from] Grassy Terrain
|-heal|p2a: Goodra|99/100|[from] Grassy Terrain
|upkeep
|turn|26
|
|t:|1760792721
|switch|p2a: Thundurus|Thundurus-Therian, M|100/100
|move|p1a: Cinderace|U-turn|p2a: Thundurus
|-resisted|p2a: Thundurus
|-damage|p2a: Thundurus|85/100
|j| 3idk
|
|t:|1760792731
|switch|p1a: Ting-Lu|Ting-Lu|78/100|[from] U-turn
|-ability|p1a: Ting-Lu|Vessel of Ruin
|
|-weather|none
|-heal|p1a: Ting-Lu|84/100|[from] Grassy Terrain
|-heal|p1a: Ting-Lu|90/100|[from] item: Leftovers
|upkeep
|turn|27
|
|t:|1760792740
|switch|p2a: Rillaboom|Rillaboom, F|79/100
|move|p1a: Ting-Lu|Payback|p2a: Rillaboom
|-damage|p2a: Rillaboom|63/100
|
|-heal|p2a: Rillaboom|69/100|[from] Grassy Terrain
|-heal|p1a: Ting-Lu|96/100|[from] Grassy Terrain
|-heal|p1a: Ting-Lu|100/100|[from] item: Leftovers
|upkeep
|turn|28
|inactive|SpongeGar & Patar has 60 seconds left.
|
|t:|1760792750
|switch|p1a: Corviknight|Corviknight, M|58/100
|-ability|p1a: Corviknight|Pressure
|-terastallize|p2a: Rillaboom|Grass
|move|p2a: Rillaboom|Wood Hammer|p1a: Corviknight
|-resisted|p1a: Corviknight
|-damage|p1a: Corviknight|32/100
|-damage|p2a: Rillaboom|60/100|[from] Recoil
|
|-heal|p2a: Rillaboom|67/100|[from] Grassy Terrain
|-fieldend|move: Grassy Terrain
|upkeep
|turn|29
|
|t:|1760792759
|switch|p2a: Thundurus|Thundurus-Therian, M|85/100
|move|p1a: Corviknight|Roost|p1a: Corviknight
|-heal|p1a: Corviknight|82/100
|-singleturn|p1a: Corviknight|move: Roost
|
|upkeep
|turn|30
|
|t:|1760792769
|switch|p1a: Ting-Lu|Ting-Lu|100/100
|-ability|p1a: Ting-Lu|Vessel of Ruin
|move|p2a: Thundurus|Grass Knot|p1a: Ting-Lu
|-supereffective|p1a: Ting-Lu
|-damage|p1a: Ting-Lu|57/100
|
|-heal|p1a: Ting-Lu|64/100|[from] item: Leftovers
|upkeep
|turn|31
|
|t:|1760792779
|move|p2a: Thundurus|Grass Knot|p1a: Ting-Lu
|-supereffective|p1a: Ting-Lu
|-damage|p1a: Ting-Lu|19/100
|move|p1a: Ting-Lu|Payback|p2a: Thundurus
|-damage|p2a: Thundurus|30/100
|
|-heal|p1a: Ting-Lu|25/100|[from] item: Leftovers
|upkeep
|turn|32
|
|t:|1760792788
|switch|p2a: Goodra|Goodra-Hisui, F|99/100
|move|p1a: Ting-Lu|Payback|p2a: Goodra
|-damage|p2a: Goodra|81/100
|-ability|p2a: Goodra|Gooey
|-unboost|p1a: Ting-Lu|spe|1
|
|-heal|p1a: Ting-Lu|31/100|[from] item: Leftovers
|upkeep
|turn|33
|
|t:|1760792799
|switch|p1a: Cinderace|Cinderace, F|49/100
|move|p2a: Goodra|Surf|p1a: Cinderace
|-supereffective|p1a: Cinderace
|-damage|p1a: Cinderace|0 fnt
|faint|p1a: Cinderace
|
|upkeep
|
|t:|1760792808
|switch|p1a: Slowking|Slowking-Galar, L99, M|68/100 brn
|turn|34
|c|☆mansonabuluting|gg
|
|t:|1760792819
|move|p2a: Goodra|Flash Cannon|p1a: Slowking
|-damage|p1a: Slowking|42/100 brn
|move|p1a: Slowking|Future Sight|p2a: Goodra
|-start|p1a: Slowking|move: Future Sight
|
|-damage|p1a: Slowking|36/100 brn|[from] brn
|upkeep
|turn|35
|inactive|SpongeGar & Patar has 90 seconds left.
|
|t:|1760792829
|switch|p1a: Dondozo|Dondozo, F|96/100
|move|p2a: Goodra|Flash Cannon|p1a: Dondozo
|-resisted|p1a: Dondozo
|-damage|p1a: Dondozo|78/100
|
|-heal|p1a: Dondozo|84/100|[from] item: Leftovers
|upkeep
|turn|36
|inactive|SpongeGar & Patar has 90 seconds left.
|
|t:|1760792839
|move|p2a: Goodra|Draco Meteor|p1a: Dondozo
|-damage|p1a: Dondozo|26/100
|-unboost|p2a: Goodra|spa|2
|move|p1a: Dondozo|Body Press|p2a: Goodra
|-supereffective|p2a: Goodra
|-damage|p2a: Goodra|33/100
|-ability|p2a: Goodra|Gooey
|-unboost|p1a: Dondozo|spe|1
|
|-end|p2a: Goodra|move: Future Sight
|-resisted|p2a: Goodra
|-damage|p2a: Goodra|23/100
|-heal|p1a: Dondozo|32/100|[from] item: Leftovers
|upkeep
|turn|37
|inactive|SpongeGar & Patar has 90 seconds left.
|
|t:|1760792850
|switch|p1a: Slowking|Slowking-Galar, L99, M|69/100 brn
|move|p2a: Goodra|Draco Meteor|p1a: Slowking
|-damage|p1a: Slowking|48/100 brn
|-unboost|p2a: Goodra|spa|2
|
|-damage|p1a: Slowking|42/100 brn|[from] brn
|upkeep
|turn|38
|
|t:|1760792860
|switch|p2a: Thundurus|Thundurus-Therian, M|30/100
|move|p1a: Slowking|Future Sight|p2a: Thundurus
|-start|p1a: Slowking|move: Future Sight
|
|-damage|p1a: Slowking|35/100 brn|[from] brn
|upkeep
|turn|39
|inactive|SpongeGar & Patar has 90 seconds left.
|inactive|SpongeGar & Patar has 60 seconds left.
|
|t:|1760792908
|switch|p1a: Ting-Lu|Ting-Lu|31/100
|-ability|p1a: Ting-Lu|Vessel of Ruin
|move|p2a: Thundurus|Volt Switch|p1a: Ting-Lu
|-immune|p1a: Ting-Lu
|
|-heal|p1a: Ting-Lu|37/100|[from] item: Leftovers
|upkeep
|turn|40
|inactive|SpongeGar & Patar has 60 seconds left.
|j| wgw2333
|inactive|SpongeGar & Patar has 30 seconds left.
|
|t:|1760792956
|switch|p2a: Rillaboom|Rillaboom, F, tera:Grass|67/100
|-fieldstart|move: Grassy Terrain|[from] ability: Grassy Surge|[of] p2a: Rillaboom
|switch|p1a: Slowking|Slowking-Galar, L99, M|69/100 brn
|
|-end|p2a: Rillaboom|move: Future Sight
|-damage|p2a: Rillaboom|19/100
|-heal|p2a: Rillaboom|25/100|[from] Grassy Terrain
|-heal|p1a: Slowking|75/100 brn|[from] Grassy Terrain
|-damage|p1a: Slowking|69/100 brn|[from] brn
|upkeep
|turn|41
|inactive|SpongeGar & Patar has 30 seconds left.
|
|t:|1760792966
|switch|p1a: Corviknight|Corviknight, M|82/100
|-ability|p1a: Corviknight|Pressure
|move|p2a: Rillaboom|Knock Off|p1a: Corviknight
|-damage|p1a: Corviknight|60/100
|
|-heal|p2a: Rillaboom|31/100|[from] Grassy Terrain
|upkeep
|turn|42
|l| wyjmjl
|
|t:|1760792985
|switch|p2a: Thundurus|Thundurus-Therian, M|30/100
|move|p1a: Corviknight|U-turn|p2a: Thundurus
|-resisted|p2a: Thundurus
|-damage|p2a: Thundurus|19/100
|j| nonchalantbufalant
|
|t:|1760792994
|switch|p1a: Ting-Lu|Ting-Lu|37/100|[from] U-turn
|-ability|p1a: Ting-Lu|Vessel of Ruin
|
|-heal|p1a: Ting-Lu|44/100|[from] Grassy Terrain
|-heal|p1a: Ting-Lu|50/100|[from] item: Leftovers
|upkeep
|turn|43
|j| GavilarKholin
|
|t:|1760793003
|switch|p2a: Rillaboom|Rillaboom, F, tera:Grass|31/100
|move|p1a: Ting-Lu|Payback|p2a: Rillaboom
|-damage|p2a: Rillaboom|14/100
|
|-heal|p2a: Rillaboom|20/100|[from] Grassy Terrain
|-heal|p1a: Ting-Lu|56/100|[from] Grassy Terrain
|-heal|p1a: Ting-Lu|62/100|[from] item: Leftovers
|upkeep
|turn|44
|l| wgw2333
|
|t:|1760793013
|switch|p1a: Corviknight|Corviknight, M|60/100
|-ability|p1a: Corviknight|Pressure
|move|p2a: Rillaboom|U-turn|p1a: Corviknight
|-resisted|p1a: Corviknight
|-damage|p1a: Corviknight|54/100
|
|t:|1760793016
|switch|p2a: Goodra|Goodra-Hisui, F|23/100|[from] U-turn
|
|-heal|p2a: Goodra|29/100|[from] Grassy Terrain
|-fieldend|move: Grassy Terrain
|upkeep
|turn|45
|
|t:|1760793031
|switch|p2a: Thundurus|Thundurus-Therian, M|19/100
|move|p1a: Corviknight|U-turn|p2a: Thundurus
|-resisted|p2a: Thundurus
|-damage|p2a: Thundurus|9/100
|
|t:|1760793040
|switch|p1a: Slowking|Slowking-Galar, L99, M|100/100 brn|[from] U-turn
|
|-damage|p1a: Slowking|94/100 brn|[from] brn
|upkeep
|turn|46
|inactive|SpongeGar & Patar has 60 seconds left.
|
|t:|1760793050
|move|p2a: Thundurus|Volt Switch|p1a: Slowking
|-damage|p1a: Slowking|66/100 brn
|
|t:|1760793061
|switch|p2a: Rillaboom|Rillaboom, F, tera:Grass|20/100|[from] Volt Switch
|-fieldstart|move: Grassy Terrain|[from] ability: Grassy Surge|[of] p2a: Rillaboom
|move|p1a: Slowking|Sludge Bomb|p2a: Rillaboom
|-supereffective|p2a: Rillaboom
|-damage|p2a: Rillaboom|0 fnt
|faint|p2a: Rillaboom
|
|-heal|p1a: Slowking|72/100 brn|[from] Grassy Terrain
|-damage|p1a: Slowking|66/100 brn|[from] brn
|upkeep
|
|t:|1760793064
|switch|p2a: Goodra|Goodra-Hisui, F|29/100
|turn|47
|
|t:|1760793072
|switch|p1a: Ting-Lu|Ting-Lu|62/100
|-ability|p1a: Ting-Lu|Vessel of Ruin
|move|p2a: Goodra|Flash Cannon|p1a: Ting-Lu
|-damage|p1a: Ting-Lu|45/100
|
|-heal|p2a: Goodra|35/100|[from] Grassy Terrain
|-heal|p1a: Ting-Lu|51/100|[from] Grassy Terrain
|-heal|p1a: Ting-Lu|58/100|[from] item: Leftovers
|upkeep
|turn|48
|
|t:|1760793083
|move|p2a: Goodra|Surf|p1a: Ting-Lu
|-supereffective|p1a: Ting-Lu
|-damage|p1a: Ting-Lu|34/100
|move|p1a: Ting-Lu|Payback|p2a: Goodra
|-damage|p2a: Goodra|0 fnt
|-ability|p2a: Goodra|Gooey
|-unboost|p1a: Ting-Lu|spe|1
|faint|p2a: Goodra
|
|-heal|p1a: Ting-Lu|41/100|[from] Grassy Terrain
|-heal|p1a: Ting-Lu|47/100|[from] item: Leftovers
|upkeep
|
|t:|1760793086
|switch|p2a: Thundurus|Thundurus-Therian, M|9/100
|turn|49
|-message|mansonabuluting forfeited.
|
|win|SpongeGar & Patar
|raw|SpongeGar &amp; Patar's rating: 1863 &rarr; <strong>1881</strong><br />(+18 for winning)
|raw|mansonabuluting's rating: 1823 &rarr; <strong>1805</strong><br />(-18 for losing)
|l|☆mansonabuluting
|player|p2|
|l|☆SpongeGar & Patar
|player|p1|
|c| Bloodhound Q50|u should have attacked more
|l| Bloodhound Q50
|l| GavilarKholin
|l| 3idk
