|j|☆healboy009
|j|☆crackstone
|t:|1760798506
|gametype|singles
|player|p1|healboy009|backpacker|1354
|player|p2|crackstone|265|1398
|gen|9
|tier|[Gen 9] OU
|rated|
|rule|HP Percentage Mod: HP is shown in percentages
|rule|Endless Battle Clause: Forcing endless battles is banned
|rule|Species Clause: Limit one of each Pokémon
|rule|OHKO Clause: OHKO moves are banned
|rule|Evasion Items Clause: Evasion items are banned
|rule|Evasion Moves Clause: Evasion moves are banned
|rule|Evasion Abilities Clause: Evasion abilities are banned
|rule|Sleep Moves Clause: Sleep-inducing moves are banned
|clearpoke
|poke|p1|Sableye, M|
|poke|p1|Gliscor, M|
|poke|p1|Brambleghast, M|
|poke|p1|Salazzle, F|
|poke|p1|Zoroark-Hisui, M|
|poke|p1|Frosmoth, M|
|poke|p2|Kingambit, F|
|poke|p2|Garchomp, M|
|poke|p2|Clefable, F|
|poke|p2|Keldeo|
|poke|p2|Iron Moth|
|poke|p2|Gholdengo|
|teampreview
|
|t:|1760798514
|teamsize|p1|6
|teamsize|p2|6
|start
|switch|p1a: Gliscor|Gliscor, M|100/100
|switch|p2a: Clefable|Clefable, F, shiny|100/100
|turn|1
|
|t:|1760798530
|move|p1a: Gliscor|Protect|p1a: Gliscor
|-singleturn|p1a: Gliscor|Protect
|move|p2a: Clefable|Stealth Rock|p1a: Gliscor
|-sidestart|p1: healboy009|move: Stealth Rock
|
|-status|p1a: Gliscor|tox|[from] item: Toxic Orb
|upkeep
|turn|2
|
|t:|1760798535
|move|p1a: Gliscor|Tailwind|p1a: Gliscor
|-sidestart|p1: healboy009|move: Tailwind
|move|p2a: Clefable|Calm Mind|p2a: Clefable
|-boost|p2a: Clefable|spa|1
|-boost|p2a: Clefable|spd|1
|
|upkeep
|turn|3
|
|t:|1760798546
|move|p1a: Gliscor|U-turn|p2a: Clefable
|-resisted|p2a: Clefable
|-damage|p2a: Clefable|92/100
|
|t:|1760798556
|switch|p1a: Brambleghast|Brambleghast, M|100/100|[from] U-turn
|-damage|p1a: Brambleghast|88/100|[from] Stealth Rock
|-ability|p1a: Brambleghast|Wind Rider|boost
|-boost|p1a: Brambleghast|atk|1
|move|p2a: Clefable|Calm Mind|p2a: Clefable
|-boost|p2a: Clefable|spa|1
|-boost|p2a: Clefable|spd|1
|
|upkeep
|turn|4
|
|t:|1760798565
|move|p1a: Brambleghast|Power Whip|p2a: Clefable
|-damage|p2a: Clefable|5/100
|-damage|p1a: Brambleghast|78/100|[from] item: Life Orb
|move|p2a: Clefable|Flamethrower|p1a: Brambleghast
|-supereffective|p1a: Brambleghast
|-damage|p1a: Brambleghast|0 fnt
|faint|p1a: Brambleghast
|
|upkeep
|
|t:|1760798577
|switch|p1a: Gliscor|Gliscor, M|100/100
|-damage|p1a: Gliscor|88/100|[from] Stealth Rock
|turn|5
|
|t:|1760798582
|move|p1a: Gliscor|Body Slam|p2a: Clefable
|-damage|p2a: Clefable|0 fnt
|faint|p2a: Clefable
|
|-sideend|p1: healboy009|move: Tailwind
|upkeep
|
|t:|1760798586
|switch|p2a: Keldeo|Keldeo, shiny|100/100
|turn|6
|
|t:|1760798594
|switch|p1a: Frosmoth|Frosmoth, M|100/100
|move|p2a: Keldeo|Surf|p1a: Frosmoth
|-damage|p1a: Frosmoth|71/100
|
|upkeep
|turn|7
|
|t:|1760798603
|switch|p2a: Meruem|Kingambit, F|100/100
|-activate|p2a: Meruem|ability: Supreme Overlord
|-start|p2a: Meruem|fallen1|[silent]
|move|p1a: Frosmoth|Quiver Dance|p1a: Frosmoth
|-boost|p1a: Frosmoth|spa|1
|-boost|p1a: Frosmoth|spd|1
|-boost|p1a: Frosmoth|spe|1
|
|upkeep
|turn|8
|
|t:|1760798617
|-terastallize|p1a: Frosmoth|Electric
|move|p1a: Frosmoth|Bug Buzz|p2a: Meruem
|-damage|p2a: Meruem|24/100
|move|p2a: Meruem|Iron Head|p1a: Frosmoth
|-resisted|p1a: Frosmoth
|-damage|p1a: Frosmoth|27/100
|
|-heal|p2a: Meruem|30/100|[from] item: Leftovers
|upkeep
|turn|9
|
|t:|1760798626
|move|p2a: Meruem|Sucker Punch||[still]
|-fail|p2a: Meruem
|move|p1a: Frosmoth|Quiver Dance|p1a: Frosmoth
|-boost|p1a: Frosmoth|spa|1
|-boost|p1a: Frosmoth|spd|1
|-boost|p1a: Frosmoth|spe|1
|
|-heal|p2a: Meruem|36/100|[from] item: Leftovers
|upkeep
|turn|10
|
|t:|1760798628
|move|p2a: Meruem|Sucker Punch|p1a: Frosmoth
|-damage|p1a: Frosmoth|0 fnt
|faint|p1a: Frosmoth
|
|-heal|p2a: Meruem|42/100|[from] item: Leftovers
|upkeep
|
|t:|1760798635
|switch|p1a: Gliscor|Gliscor, M|88/100
|-damage|p1a: Gliscor|76/100|[from] Stealth Rock
|turn|11
|
|t:|1760798649
|move|p1a: Gliscor|Trick|p2a: Meruem
|-activate|p1a: Gliscor|move: Trick|[of] p2a: Meruem
|-item|p2a: Meruem|Choice Band|[from] move: Trick
|-item|p1a: Gliscor|Leftovers|[from] move: Trick
|move|p2a: Meruem|Iron Head|p1a: Gliscor
|-damage|p1a: Gliscor|0 fnt
|replace|p1a: Zoroark|Zoroark-Hisui, M
|-end|p1a: Zoroark|Illusion
|faint|p1a: Zoroark
|
|upkeep
|
|t:|1760798659
|switch|p1a: Gliscor|Gliscor, M|100/100 tox
|-damage|p1a: Gliscor|88/100 tox|[from] Stealth Rock
|turn|12
|
|t:|1760798676
|move|p1a: Gliscor|High Horsepower|p2a: Meruem
|-supereffective|p2a: Meruem
|-damage|p2a: Meruem|0 fnt
|faint|p2a: Meruem
|-end|p2a: Meruem|fallen1|[silent]
|
|-heal|p1a: Gliscor|100/100 tox|[from] ability: Poison Heal
|upkeep
|
|t:|1760798679
|switch|p2a: Keldeo|Keldeo, shiny|100/100
|turn|13
|
|t:|1760798691
|move|p1a: Gliscor|Protect|p1a: Gliscor
|-singleturn|p1a: Gliscor|Protect
|move|p2a: Keldeo|Surf|p1a: Gliscor
|-activate|p1a: Gliscor|move: Protect
|
|upkeep
|turn|14
|
|t:|1760798704
|switch|p1a: Sableye|Sableye, M|100/100
|-damage|p1a: Sableye|88/100|[from] Stealth Rock
|move|p2a: Keldeo|Surf|p1a: Sableye
|-damage|p1a: Sableye|11/100
|
|upkeep
|turn|15
|
|t:|1760798714
|move|p1a: Sableye|Thunder Wave|p2a: Keldeo
|-status|p2a: Keldeo|par
|move|p2a: Keldeo|Surf|p1a: Sableye
|-damage|p1a: Sableye|0 fnt
|faint|p1a: Sableye
|
|upkeep
|
|t:|1760798718
|switch|p1a: Salazzle|Salazzle, F|100/100
|-damage|p1a: Salazzle|76/100|[from] Stealth Rock
|turn|16
|
|t:|1760798720
|move|p1a: Salazzle|Torment|p2a: Keldeo
|-start|p2a: Keldeo|Torment
|move|p2a: Keldeo|Surf|p1a: Salazzle
|-supereffective|p1a: Salazzle
|-damage|p1a: Salazzle|0 fnt
|faint|p1a: Salazzle
|
|upkeep
|
|t:|1760798725
|switch|p1a: Gliscor|Gliscor, M|100/100 tox
|-damage|p1a: Gliscor|88/100 tox|[from] Stealth Rock
|turn|17
|
|t:|1760798732
|move|p1a: Gliscor|High Horsepower|p2a: Keldeo
|-damage|p2a: Keldeo|57/100 par
|move|p2a: Keldeo|Flip Turn|p1a: Gliscor
|-supereffective|p1a: Gliscor
|-damage|p1a: Gliscor|61/100 tox
|
|t:|1760798737
|switch|p2a: Anomаly|Iron Moth|100/100|[from] Flip Turn
|-enditem|p2a: Anomаly|Booster Energy
|-activate|p2a: Anomаly|ability: Quark Drive|[fromitem]
|-start|p2a: Anomаly|quarkdrivespe
|
|-heal|p1a: Gliscor|73/100 tox|[from] ability: Poison Heal
|upkeep
|turn|18
|
|t:|1760798740
|move|p1a: Gliscor|Protect|p1a: Gliscor
|-singleturn|p1a: Gliscor|Protect
|move|p2a: Anomаly|Fiery Dance|p1a: Gliscor
|-activate|p1a: Gliscor|move: Protect
|
|-heal|p1a: Gliscor|85/100 tox|[from] ability: Poison Heal
|upkeep
|turn|19
|
|t:|1760798744
|-terastallize|p2a: Anomаly|Ground
|move|p2a: Anomаly|Fiery Dance|p1a: Gliscor
|-damage|p1a: Gliscor|23/100 tox
|-boost|p2a: Anomаly|spa|1
|move|p1a: Gliscor|Tailwind|p1a: Gliscor
|-sidestart|p1: healboy009|move: Tailwind
|
|-heal|p1a: Gliscor|36/100 tox|[from] ability: Poison Heal
|upkeep
|turn|20
|-message|healboy009 forfeited.
|
|win|crackstone
|raw|healboy009's rating: 1354 &rarr; <strong>1337</strong><br />(-17 for losing)
|raw|crackstone's rating: 1398 &rarr; <strong>1415</strong><br />(+17 for winning)
|l|☆healboy009
|player|p1|
|l|☆crackstone
|player|p2|
