|j|‽Cachxlot
|j|☆zard._slayer
|t:|1760864174
|gametype|singles
|player|p1|Cachxlot|dawn|1218
|player|p2|zard._slayer|benga|1237
|gen|9
|tier|[Gen 9] OU
|rated|
|rule|HP Percentage Mod: HP is shown in percentages
|rule|Endless Battle Clause: Forcing endless battles is banned
|rule|Species Clause: Limit one of each Pokémon
|rule|OHKO Clause: OHKO moves are banned
|rule|Evasion Items Clause: Evasion items are banned
|rule|Evasion Moves Clause: Evasion moves are banned
|rule|Evasion Abilities Clause: Evasion abilities are banned
|rule|Sleep Moves Clause: Sleep-inducing moves are banned
|clearpoke
|poke|p1|Gholdengo|
|poke|p1|Zamazenta-*|
|poke|p1|Ting-Lu|
|poke|p1|Clefable, F|
|poke|p1|Dragonite, M|
|poke|p1|Deoxys-Speed|
|poke|p2|Typhlosion-Hisui, F|
|poke|p2|Walking Wake|
|poke|p2|Great Tusk|
|poke|p2|Torkoal, M|
|poke|p2|Hoopa-Unbound|
|poke|p2|Alomomola, F|
|teampreview
|inactive|Battle timer is ON: inactive players will automatically lose when time's up. (requested by zard._slayer)
|
|t:|1760864206
|teamsize|p1|6
|teamsize|p2|6
|start
|switch|p1a: Clefable|Clefable, F|100/100
|switch|p2a: mvp|Torkoal, M|100/100
|-weather|SunnyDay|[from] ability: Drought|[of] p2a: mvp
|turn|1
|
|t:|1760864216
|switch|p1a: Ting-Lu|Ting-Lu|100/100
|-ability|p1a: Ting-Lu|Vessel of Ruin
|move|p2a: mvp|Clear Smog|p1a: Ting-Lu
|-resisted|p1a: Ting-Lu
|-damage|p1a: Ting-Lu|98/100
|-clearboost|p1a: Ting-Lu
|
|-weather|SunnyDay|[upkeep]
|-heal|p1a: Ting-Lu|100/100|[from] item: Leftovers
|upkeep
|turn|2
|
|t:|1760864227
|move|p1a: Ting-Lu|Ruination|p2a: mvp
|-damage|p2a: mvp|51/100
|move|p2a: mvp|Will-O-Wisp|p1a: Ting-Lu
|-status|p1a: Ting-Lu|brn
|
|-weather|SunnyDay|[upkeep]
|-damage|p1a: Ting-Lu|94/100 brn|[from] brn
|upkeep
|turn|3
|
|t:|1760864236
|move|p1a: Ting-Lu|Spikes|p2a: mvp
|-sidestart|p2: zard._slayer|Spikes
|move|p2a: mvp|Rapid Spin|p1a: Ting-Lu
|-damage|p1a: Ting-Lu|89/100 brn
|-boost|p2a: mvp|spe|1
|-sideend|p2: zard._slayer|Spikes|[from] move: Rapid Spin|[of] p2a: mvp
|
|-weather|SunnyDay|[upkeep]
|-heal|p1a: Ting-Lu|96/100 brn|[from] item: Leftovers
|-damage|p1a: Ting-Lu|89/100 brn|[from] brn
|upkeep
|turn|4
|
|t:|1760864244
|move|p1a: Ting-Lu|Spikes|p2a: mvp
|-sidestart|p2: zard._slayer|Spikes
|move|p2a: mvp|Overheat|p1a: Ting-Lu
|-crit|p1a: Ting-Lu
|-damage|p1a: Ting-Lu|52/100 brn
|-unboost|p2a: mvp|spa|2
|
|-weather|SunnyDay|[upkeep]
|-heal|p1a: Ting-Lu|59/100 brn|[from] item: Leftovers
|-damage|p1a: Ting-Lu|52/100 brn|[from] brn
|upkeep
|turn|5
|
|t:|1760864253
|switch|p1a: Gholdengo|Gholdengo|100/100
|move|p2a: mvp|Overheat|p1a: Gholdengo
|-supereffective|p1a: Gholdengo
|-damage|p1a: Gholdengo|43/100
|-unboost|p2a: mvp|spa|2
|
|-weather|SunnyDay|[upkeep]
|upkeep
|turn|6
|
|t:|1760864261
|switch|p2a: medic|Alomomola, F, shiny|100/100
|-damage|p2a: medic|88/100|[from] Spikes
|move|p1a: Gholdengo|Recover|p1a: Gholdengo
|-heal|p1a: Gholdengo|93/100
|
|-weather|SunnyDay|[upkeep]
|upkeep
|turn|7
|
|t:|1760864278
|move|p1a: Gholdengo|Nasty Plot|p1a: Gholdengo
|-boost|p1a: Gholdengo|spa|2
|move|p2a: medic|Wish|p2a: medic
|
|-weather|SunnyDay|[upkeep]
|upkeep
|turn|8
|
|t:|1760864284
|move|p1a: Gholdengo|Nasty Plot|p1a: Gholdengo
|-boost|p1a: Gholdengo|spa|2
|move|p2a: medic|Mirror Coat||[still]
|-fail|p2a: medic
|
|-weather|none
|-heal|p2a: medic|100/100|[from] move: Wish|[wisher] medic
|upkeep
|turn|9
|
|t:|1760864292
|move|p1a: Gholdengo|Shadow Ball|p2a: medic
|-damage|p2a: medic|22/100
|move|p2a: medic|Wish|p2a: medic
|
|upkeep
|turn|10
|
|t:|1760864301
|move|p1a: Gholdengo|Nasty Plot|p1a: Gholdengo
|-boost|p1a: Gholdengo|spa|2
|move|p2a: medic|Flip Turn|p1a: Gholdengo
|-crit|p1a: Gholdengo
|-damage|p1a: Gholdengo|76/100
|
|t:|1760864314
|switch|p2a: great wall|Great Tusk|100/100|[from] Flip Turn
|-damage|p2a: great wall|88/100|[from] Spikes
|
|-heal|p2a: great wall|100/100|[from] move: Wish|[wisher] medic
|upkeep
|turn|11
|
|t:|1760864332
|-terastallize|p1a: Gholdengo|Fairy
|move|p2a: great wall|Headlong Rush|p1a: Gholdengo
|-damage|p1a: Gholdengo|16/100
|-unboost|p2a: great wall|def|1
|-unboost|p2a: great wall|spd|1
|-damage|p2a: great wall|91/100|[from] item: Life Orb
|move|p1a: Gholdengo|Shadow Ball|p2a: great wall
|-damage|p2a: great wall|0 fnt
|faint|p2a: great wall
|-end|p2a: great wall|Protosynthesis|[silent]
|
|upkeep
|
|t:|1760864344
|switch|p2a: mvp|Torkoal, M|51/100
|-damage|p2a: mvp|38/100|[from] Spikes
|-weather|SunnyDay|[from] ability: Drought|[of] p2a: mvp
|turn|12
|
|t:|1760864350
|move|p1a: Gholdengo|Shadow Ball|p2a: mvp
|-damage|p2a: mvp|0 fnt
|faint|p2a: mvp
|
|-weather|SunnyDay|[upkeep]
|upkeep
|
|t:|1760864355
|switch|p2a: Walking terror|Walking Wake|100/100
|-damage|p2a: Walking terror|88/100|[from] Spikes
|-activate|p2a: Walking terror|ability: Protosynthesis
|-start|p2a: Walking terror|protosynthesisspe
|turn|13
|
|t:|1760864361
|move|p2a: Walking terror|Hydro Steam|p1a: Gholdengo
|-damage|p1a: Gholdengo|0 fnt
|faint|p1a: Gholdengo
|-damage|p2a: Walking terror|78/100|[from] item: Life Orb
|
|-weather|SunnyDay|[upkeep]
|upkeep
|
|t:|1760864374
|switch|p1a: Clefable|Clefable, F|100/100
|turn|14
|
|t:|1760864385
|move|p2a: Walking terror|Hydro Steam|p1a: Clefable
|-damage|p1a: Clefable|32/100
|-damage|p2a: Walking terror|69/100|[from] item: Life Orb
|move|p1a: Clefable|Moonblast|p2a: Walking terror
|-supereffective|p2a: Walking terror
|-damage|p2a: Walking terror|0 fnt
|faint|p2a: Walking terror
|-end|p2a: Walking terror|Protosynthesis|[silent]
|
|-weather|SunnyDay|[upkeep]
|upkeep
|
|t:|1760864398
|switch|p2a: magma|Typhlosion-Hisui, F, shiny|100/100
|-damage|p2a: magma|88/100|[from] Spikes
|-item|p1a: Clefable|Rocky Helmet|[from] ability: Frisk|[of] p2a: magma
|turn|15
|
|t:|1760864403
|move|p2a: magma|Eruption|p1a: Clefable
|-damage|p1a: Clefable|0 fnt
|faint|p1a: Clefable
|
|-weather|SunnyDay|[upkeep]
|upkeep
|
|t:|1760864410
|switch|p1a: Ting-Lu|Ting-Lu|52/100 brn
|-ability|p1a: Ting-Lu|Vessel of Ruin
|turn|16
|
|t:|1760864419
|move|p2a: magma|Eruption|p1a: Ting-Lu
|-damage|p1a: Ting-Lu|11/100 brn
|move|p1a: Ting-Lu|Earthquake|p2a: magma
|-supereffective|p2a: magma
|-damage|p2a: magma|29/100
|
|-weather|SunnyDay|[upkeep]
|-heal|p1a: Ting-Lu|18/100 brn|[from] item: Leftovers
|-damage|p1a: Ting-Lu|11/100 brn|[from] brn
|upkeep
|turn|17
|
|t:|1760864429
|switch|p2a: medic|Alomomola, F, shiny|55/100
|-damage|p2a: medic|42/100|[from] Spikes
|move|p1a: Ting-Lu|Earthquake|p2a: medic
|-damage|p2a: medic|29/100
|
|-weather|SunnyDay|[upkeep]
|-heal|p1a: Ting-Lu|18/100 brn|[from] item: Leftovers
|-damage|p1a: Ting-Lu|11/100 brn|[from] brn
|upkeep
|turn|18
|
|t:|1760864438
|move|p2a: medic|Wish|p2a: medic
|move|p1a: Ting-Lu|Spikes|p2a: medic
|-sidestart|p2: zard._slayer|Spikes
|
|-weather|SunnyDay|[upkeep]
|-heal|p1a: Ting-Lu|18/100 brn|[from] item: Leftovers
|-damage|p1a: Ting-Lu|11/100 brn|[from] brn
|upkeep
|turn|19
|
|t:|1760864447
|move|p2a: medic|Flip Turn|p1a: Ting-Lu
|-supereffective|p1a: Ting-Lu
|-damage|p1a: Ting-Lu|2/100 brn
|
|t:|1760864450
|switch|p2a: magma|Typhlosion-Hisui, F, shiny|29/100|[from] Flip Turn
|-damage|p2a: magma|12/100|[from] Spikes
|-item|p1a: Ting-Lu|Leftovers|[from] ability: Frisk|[of] p2a: magma
|move|p1a: Ting-Lu|Spikes|p2a: magma
|-sidestart|p2: zard._slayer|Spikes
|
|-weather|none
|-heal|p2a: magma|99/100|[from] move: Wish|[wisher] medic
|-heal|p1a: Ting-Lu|8/100 brn|[from] item: Leftovers
|-damage|p1a: Ting-Lu|2/100 brn|[from] brn
|upkeep
|turn|20
|inactive|zard._slayer has 120 seconds left.
|
|t:|1760864485
|move|p2a: magma|Eruption|p1a: Ting-Lu
|-damage|p1a: Ting-Lu|0 fnt
|faint|p1a: Ting-Lu
|
|upkeep
|
|t:|1760864496
|switch|p1a: Dragonite|Dragonite, M|100/100
|turn|21
|
|t:|1760864500
|move|p2a: magma|Eruption|p1a: Dragonite
|-resisted|p1a: Dragonite
|-damage|p1a: Dragonite|83/100
|move|p1a: Dragonite|Earthquake|p2a: magma
|-supereffective|p2a: magma
|-damage|p2a: magma|0 fnt
|faint|p2a: magma
|
|upkeep
|
|t:|1760864514
|switch|p2a: Hoopa|Hoopa-Unbound|100/100
|-damage|p2a: Hoopa|76/100|[from] Spikes
|turn|22
|inactive|zard._slayer has 120 seconds left.
|
|t:|1760864529
|move|p2a: Hoopa|Psychic|p1a: Dragonite
|-damage|p1a: Dragonite|26/100
|move|p1a: Dragonite|Dragon Tail|p2a: Hoopa
|-damage|p2a: Hoopa|36/100
|drag|p2a: medic|Alomomola, F, shiny|62/100
|-damage|p2a: medic|37/100|[from] Spikes
|
|upkeep
|turn|23
|
|t:|1760864537
|move|p2a: medic|Wish|p2a: medic
|move|p1a: Dragonite|Dragon Tail|p2a: medic|[miss]
|-miss|p1a: Dragonite|p2a: medic
|
|upkeep
|turn|24
|
|t:|1760864545
|move|p2a: medic|Protect|p2a: medic
|-singleturn|p2a: medic|Protect
|move|p1a: Dragonite|Dragon Tail|p2a: medic
|-activate|p2a: medic|move: Protect
|
|-heal|p2a: medic|87/100|[from] move: Wish|[wisher] medic
|upkeep
|turn|25
|
|t:|1760864553
|move|p1a: Dragonite|Roost|p1a: Dragonite
|-heal|p1a: Dragonite|76/100
|-singleturn|p1a: Dragonite|move: Roost
|move|p2a: medic|Wish|p2a: medic
|
|upkeep
|turn|26
|
|t:|1760864559
|move|p2a: medic|Flip Turn|p1a: Dragonite
|-resisted|p1a: Dragonite
|-damage|p1a: Dragonite|69/100
|
|t:|1760864562
|switch|p2a: Hoopa|Hoopa-Unbound|36/100|[from] Flip Turn
|-damage|p2a: Hoopa|11/100|[from] Spikes
|move|p1a: Dragonite|Dragon Tail|p2a: Hoopa
|-crit|p2a: Hoopa
|-damage|p2a: Hoopa|0 fnt
|faint|p2a: Hoopa
|
|upkeep
|
|t:|1760864570
|switch|p2a: medic|Alomomola, F, shiny|100/100
|-damage|p2a: medic|76/100|[from] Spikes
|turn|27
|
|t:|1760864575
|move|p1a: Dragonite|Earthquake|p2a: medic
|-damage|p2a: medic|48/100
|move|p2a: medic|Flip Turn|p1a: Dragonite
|-resisted|p1a: Dragonite
|-damage|p1a: Dragonite|61/100
|
|upkeep
|turn|28
|
|t:|1760864582
|move|p1a: Dragonite|Earthquake|p2a: medic
|-damage|p2a: medic|21/100
|move|p2a: medic|Wish|p2a: medic
|
|upkeep
|turn|29
|
|t:|1760864586
|move|p2a: medic|Protect|p2a: medic
|-singleturn|p2a: medic|Protect
|move|p1a: Dragonite|Earthquake|p2a: medic
|-activate|p2a: medic|move: Protect
|
|-heal|p2a: medic|71/100|[from] move: Wish|[wisher] medic
|upkeep
|turn|30
|
|t:|1760864598
|move|p1a: Dragonite|Roost|p1a: Dragonite
|-heal|p1a: Dragonite|100/100
|-singleturn|p1a: Dragonite|move: Roost
|move|p2a: medic|Wish|p2a: medic
|
|upkeep
|turn|31
|
|t:|1760864603
|switch|p1a: Deoxys|Deoxys-Speed|100/100
|-ability|p1a: Deoxys|Pressure
|move|p2a: medic|Flip Turn|p1a: Deoxys
|-damage|p1a: Deoxys|77/100
|
|-heal|p2a: medic|100/100|[from] move: Wish|[wisher] medic
|upkeep
|turn|32
|
|t:|1760864613
|move|p1a: Deoxys|Nasty Plot|p1a: Deoxys
|-boost|p1a: Deoxys|spa|2
|move|p2a: medic|Wish|p2a: medic
|
|upkeep
|turn|33
|
|t:|1760864617
|move|p1a: Deoxys|Psycho Boost|p2a: medic
|-damage|p2a: medic|0 fnt
|-unboost|p1a: Deoxys|spa|2
|faint|p2a: medic
|
|win|Cachxlot
|raw|Cachxlot's rating: 1218 &rarr; <strong>1244</strong><br />(+26 for winning)
|raw|zard._slayer's rating: 1237 &rarr; <strong>1211</strong><br />(-26 for losing)
|l|☆zard._slayer
|player|p2|
|l|‽Cachxlot
|player|p1|
