|j|☆Tirpo8
|j|☆Grace of Cynthia
|t:|1760883307
|gametype|singles
|player|p1|Tirpo8|elesa|1542
|player|p2|Grace of Cynthia|picnicker|1592
|gen|9
|tier|[Gen 9] OU
|rated|
|rule|HP Percentage Mod: HP is shown in percentages
|rule|Endless Battle Clause: Forcing endless battles is banned
|rule|Species Clause: Limit one of each Pokémon
|rule|OHKO Clause: OHKO moves are banned
|rule|Evasion Items Clause: Evasion items are banned
|rule|Evasion Moves Clause: Evasion moves are banned
|rule|Evasion Abilities Clause: Evasion abilities are banned
|rule|Sleep Moves Clause: Sleep-inducing moves are banned
|clearpoke
|poke|p1|Hoopa-Unbound|
|poke|p1|Hydrapple, M|
|poke|p1|Gliscor, M|
|poke|p1|Cinderace, M|
|poke|p1|Alomomola, M|
|poke|p1|Gholdengo|
|poke|p2|Pelipper, M|
|poke|p2|Greninja-*, M|
|poke|p2|Barraskewda, M|
|poke|p2|Dragapult, F|
|poke|p2|Golduck, F|
|poke|p2|Indeedee, M|
|teampreview
|inactive|Battle timer is ON: inactive players will automatically lose when time's up. (requested by Grace of Cynthia)
|
|t:|1760883332
|teamsize|p1|6
|teamsize|p2|6
|start
|switch|p1a: Hoopa|Hoopa-Unbound|100/100
|switch|p2a: Pelipper|Pelipper, M|100/100
|-weather|RainDance|[from] ability: Drizzle|[of] p2a: Pelipper
|turn|1
|
|t:|1760883354
|switch|p1a: Alomomola|Alomomola, M|100/100
|-terastallize|p2a: Pelipper|Steel
|move|p2a: Pelipper|U-turn|p1a: Alomomola
|-crit|p1a: Alomomola
|-damage|p1a: Alomomola|89/100
|
|t:|1760883366
|switch|p2a: Golduck|Golduck, F|100/100|[from] U-turn
|
|-weather|RainDance|[upkeep]
|upkeep
|turn|2
|
|t:|1760883368
|move|p2a: Golduck|Nasty Plot|p2a: Golduck
|-boost|p2a: Golduck|spa|2
|move|p1a: Alomomola|Mirror Coat||[still]
|-fail|p1a: Alomomola
|
|-weather|RainDance|[upkeep]
|upkeep
|turn|3
|
|t:|1760883370
|move|p2a: Golduck|Nasty Plot|p2a: Golduck
|-boost|p2a: Golduck|spa|2
|move|p1a: Alomomola|Flip Turn|p2a: Golduck
|-resisted|p2a: Golduck
|-damage|p2a: Golduck|85/100
|
|t:|1760883377
|switch|p1a: Gliscor|Gliscor, M|100/100|[from] Flip Turn
|
|-weather|RainDance|[upkeep]
|-status|p1a: Gliscor|tox|[from] item: Toxic Orb
|upkeep
|turn|4
|
|t:|1760883382
|move|p1a: Gliscor|Protect|p1a: Gliscor
|-singleturn|p1a: Gliscor|Protect
|move|p2a: Golduck|Surf|p1a: Gliscor
|-activate|p1a: Gliscor|move: Protect
|
|-weather|RainDance|[upkeep]
|upkeep
|turn|5
|
|t:|1760883386
|switch|p1a: Alomomola|Alomomola, M|100/100
|move|p2a: Golduck|Surf|p1a: Alomomola
|-resisted|p1a: Alomomola
|-damage|p1a: Alomomola|51/100
|-damage|p2a: Golduck|75/100|[from] item: Life Orb
|
|-weather|RainDance|[upkeep]
|upkeep
|turn|6
|
|t:|1760883396
|move|p2a: Golduck|Psyshock|p1a: Alomomola
|-damage|p1a: Alomomola|0 fnt
|faint|p1a: Alomomola
|-damage|p2a: Golduck|65/100|[from] item: Life Orb
|
|-weather|RainDance|[upkeep]
|upkeep
|
|t:|1760883402
|switch|p1a: Gliscor|Gliscor, M|100/100 tox
|turn|7
|
|t:|1760883405
|move|p1a: Gliscor|Protect|p1a: Gliscor
|-singleturn|p1a: Gliscor|Protect
|move|p2a: Golduck|Nasty Plot|p2a: Golduck
|-boost|p2a: Golduck|spa|2
|
|-weather|RainDance|[upkeep]
|upkeep
|turn|8
|
|t:|1760883409
|move|p1a: Gliscor|Protect||[still]
|-fail|p1a: Gliscor
|move|p2a: Golduck|Psyshock|p1a: Gliscor
|-damage|p1a: Gliscor|2/100 tox
|-damage|p2a: Golduck|56/100|[from] item: Life Orb
|
|-weather|none
|-heal|p1a: Gliscor|14/100 tox|[from] ability: Poison Heal
|upkeep
|turn|9
|
|t:|1760883416
|switch|p1a: Hydrapple|Hydrapple, M, shiny|100/100
|move|p2a: Golduck|Surf|p1a: Hydrapple
|-resisted|p1a: Hydrapple
|-damage|p1a: Hydrapple|53/100
|-damage|p2a: Golduck|46/100|[from] item: Life Orb
|
|upkeep
|turn|10
|
|t:|1760883424
|switch|p1a: Cinderace|Cinderace, M|100/100
|move|p2a: Golduck|Ice Beam|p1a: Cinderace
|-resisted|p1a: Cinderace
|-damage|p1a: Cinderace|23/100
|-damage|p2a: Golduck|36/100|[from] item: Life Orb
|
|upkeep
|turn|11
|
|t:|1760883429
|switch|p2a: Pelipper|Pelipper, M, tera:Steel|100/100
|-weather|RainDance|[from] ability: Drizzle|[of] p2a: Pelipper
|move|p1a: Cinderace|Pyro Ball|p2a: Pelipper
|-supereffective|p2a: Pelipper
|-damage|p2a: Pelipper|43/100
|
|-weather|RainDance|[upkeep]
|upkeep
|turn|12
|
|t:|1760883432
|switch|p2a: Dragapult|Dragapult, F|100/100
|move|p1a: Cinderace|Pyro Ball|p2a: Dragapult
|-resisted|p2a: Dragapult
|-damage|p2a: Dragapult|73/100
|
|-weather|RainDance|[upkeep]
|upkeep
|turn|13
|
|t:|1760883437
|move|p2a: Dragapult|Thunder|p1a: Cinderace
|-damage|p1a: Cinderace|0 fnt
|faint|p1a: Cinderace
|-damage|p2a: Dragapult|64/100|[from] item: Life Orb
|
|-weather|RainDance|[upkeep]
|upkeep
|
|t:|1760883439
|switch|p1a: Hoopa|Hoopa-Unbound|100/100
|turn|14
|
|t:|1760883443
|move|p1a: Hoopa|Knock Off|p2a: Dragapult
|-supereffective|p2a: Dragapult
|-damage|p2a: Dragapult|0 fnt
|-enditem|p2a: Dragapult|Life Orb|[from] move: Knock Off|[of] p1a: Hoopa
|faint|p2a: Dragapult
|
|-weather|RainDance|[upkeep]
|upkeep
|
|t:|1760883446
|switch|p2a: Greninja|Greninja, M|100/100
|turn|15
|
|t:|1760883453
|move|p1a: Hoopa|Knock Off|p2a: Greninja
|-resisted|p2a: Greninja
|-damage|p2a: Greninja|54/100
|-enditem|p2a: Greninja|Life Orb|[from] move: Knock Off|[of] p1a: Hoopa
|move|p2a: Greninja|Ice Beam|p1a: Hoopa
|-damage|p1a: Hoopa|77/100
|-status|p1a: Hoopa|frz
|
|-weather|RainDance|[upkeep]
|upkeep
|turn|16
|
|t:|1760883458
|cant|p1a: Hoopa|frz
|move|p2a: Greninja|Surf|p1a: Hoopa
|-damage|p1a: Hoopa|24/100 frz
|
|-weather|RainDance|[upkeep]
|upkeep
|turn|17
|c|☆Tirpo8|bruh
|
|t:|1760883465
|-curestatus|p1a: Hoopa|frz|[msg]
|move|p1a: Hoopa|Knock Off|p2a: Greninja
|-resisted|p2a: Greninja
|-damage|p2a: Greninja|22/100
|move|p2a: Greninja|Surf|p1a: Hoopa
|-damage|p1a: Hoopa|0 fnt
|faint|p1a: Hoopa
|-ability|p2a: Greninja|Battle Bond|boost
|-boost|p2a: Greninja|atk|1
|-boost|p2a: Greninja|spa|1
|-boost|p2a: Greninja|spe|1
|-activate|p2a: Greninja|ability: Battle Bond
|
|-weather|RainDance|[upkeep]
|upkeep
|
|t:|1760883472
|switch|p1a: Gliscor|Gliscor, M|14/100 tox
|turn|18
|
|t:|1760883476
|move|p1a: Gliscor|Protect|p1a: Gliscor
|-singleturn|p1a: Gliscor|Protect
|move|p2a: Greninja|Surf|p1a: Gliscor
|-activate|p1a: Gliscor|move: Protect
|
|-weather|none
|-heal|p1a: Gliscor|27/100 tox|[from] ability: Poison Heal
|upkeep
|turn|19
|
|t:|1760883482
|switch|p1a: Hydrapple|Hydrapple, M, shiny|86/100
|move|p2a: Greninja|Dark Pulse|p1a: Hydrapple
|-damage|p1a: Hydrapple|32/100
|
|upkeep
|turn|20
|
|t:|1760883488
|switch|p1a: Gliscor|Gliscor, M|27/100 tox
|move|p2a: Greninja|Dark Pulse|p1a: Gliscor
|-damage|p1a: Gliscor|0 fnt
|faint|p1a: Gliscor
|
|upkeep
|
|t:|1760883491
|switch|p1a: Gholdengo|Gholdengo|100/100
|-item|p1a: Gholdengo|Air Balloon
|turn|21
|
|t:|1760883497
|-terastallize|p1a: Gholdengo|Fairy
|move|p2a: Greninja|Surf|p1a: Gholdengo
|-damage|p1a: Gholdengo|43/100
|-enditem|p1a: Gholdengo|Air Balloon
|move|p1a: Gholdengo|Make It Rain|p2a: Greninja
|-resisted|p2a: Greninja
|-damage|p2a: Greninja|0 fnt
|-unboost|p1a: Gholdengo|spa|1
|faint|p2a: Greninja
|
|upkeep
|
|t:|1760883516
|switch|p2a: Barraskewda|Barraskewda, M|100/100
|turn|22
|
|t:|1760883520
|switch|p1a: Hydrapple|Hydrapple, M, shiny|65/100
|move|p2a: Barraskewda|Poison Jab|p1a: Hydrapple
|-supereffective|p1a: Hydrapple
|-damage|p1a: Hydrapple|9/100
|-damage|p2a: Barraskewda|84/100|[from] item: Rocky Helmet|[of] p1a: Hydrapple
|-damage|p2a: Barraskewda|74/100|[from] item: Life Orb
|
|upkeep
|turn|23
|-message|Tirpo8 forfeited.
|
|win|Grace of Cynthia
|raw|Tirpo8's rating: 1542 &rarr; <strong>1525</strong><br />(-17 for losing)
|raw|Grace of Cynthia's rating: 1592 &rarr; <strong>1609</strong><br />(+17 for winning)
|l|☆Tirpo8
|player|p1|
|l|☆Grace of Cynthia
|player|p2|
|j|☆Grace of Cynthia
|player|p2|Grace of Cynthia|picnicker|
