|j|☆daksh55
|j|☆blazer505
|t:|1760737392
|gametype|singles
|player|p1|daksh55|102|1282
|player|p2|blazer505|265|1324
|gen|9
|tier|[Gen 9] OU
|rated|
|rule|HP Percentage Mod: HP is shown in percentages
|rule|Endless Battle Clause: Forcing endless battles is banned
|rule|Species Clause: Limit one of each Pokémon
|rule|OHKO Clause: OHKO moves are banned
|rule|Evasion Items Clause: Evasion items are banned
|rule|Evasion Moves Clause: Evasion moves are banned
|rule|Evasion Abilities Clause: Evasion abilities are banned
|rule|Sleep Moves Clause: Sleep-inducing moves are banned
|clearpoke
|poke|p1|Poliwrath, F|
|poke|p1|Politoed, M|
|poke|p1|Zapdos|
|poke|p1|Swampert, F|
|poke|p1|Gogoat, M|
|poke|p1|Blastoise, M|
|poke|p2|Moltres|
|poke|p2|Iron Crown|
|poke|p2|Primarina, F|
|poke|p2|Ting-Lu|
|poke|p2|Okidogi, M|
|poke|p2|Meowscarada, F|
|teampreview
|
|t:|1760737418
|teamsize|p1|6
|teamsize|p2|6
|start
|switch|p1a: Politoed|Politoed, M|100/100
|switch|p2a: Iron Crown|Iron Crown|100/100
|-weather|RainDance|[from] ability: Drizzle|[of] p1a: Politoed
|turn|1
|
|t:|1760737435
|switch|p1a: Gogoat|Gogoat, M, shiny|100/100
|move|p2a: Iron Crown|Volt Switch|p1a: Gogoat
|-resisted|p1a: Gogoat
|-damage|p1a: Gogoat|91/100
|
|t:|1760737455
|-end|p2a: Iron Crown|Quark Drive|[silent]
|switch|p2a: Moltres|Moltres|100/100|[from] Volt Switch
|
|-weather|RainDance|[upkeep]
|upkeep
|turn|2
|
|t:|1760737463
|move|p2a: Moltres|Will-O-Wisp|p1a: Gogoat|[miss]
|-miss|p2a: Moltres|p1a: Gogoat
|move|p1a: Gogoat|Rock Slide|p2a: Moltres
|-supereffective|p2a: Moltres
|-damage|p2a: Moltres|41/100
|
|-weather|RainDance|[upkeep]
|upkeep
|turn|3
|
|t:|1760737478
|switch|p1a: Blastoise|Blastoise, M|100/100
|move|p2a: Moltres|Will-O-Wisp|p1a: Blastoise
|-status|p1a: Blastoise|brn
|
|-weather|RainDance|[upkeep]
|-damage|p1a: Blastoise|94/100 brn|[from] brn
|upkeep
|turn|4
|
|t:|1760737488
|move|p1a: Blastoise|Water Spout|p2a: Moltres
|-supereffective|p2a: Moltres
|-damage|p2a: Moltres|0 fnt
|faint|p2a: Moltres
|
|-weather|RainDance|[upkeep]
|-damage|p1a: Blastoise|88/100 brn|[from] brn
|upkeep
|
|t:|1760737497
|switch|p2a: Primarina|Primarina, F|100/100
|turn|5
|
|t:|1760737506
|switch|p1a: Zapdos|Zapdos|100/100
|move|p2a: Primarina|Moonblast|p1a: Zapdos
|-damage|p1a: Zapdos|44/100
|-unboost|p1a: Zapdos|spa|1
|
|-weather|RainDance|[upkeep]
|upkeep
|turn|6
|
|t:|1760737511
|switch|p2a: Ting-Lu|Ting-Lu|100/100
|-ability|p2a: Ting-Lu|Vessel of Ruin
|move|p1a: Zapdos|Thunder|p2a: Ting-Lu
|-immune|p2a: Ting-Lu
|
|-weather|RainDance|[upkeep]
|upkeep
|turn|7
|
|t:|1760737518
|switch|p1a: Poliwrath|Poliwrath, F|100/100
|move|p2a: Ting-Lu|Stealth Rock|p1a: Poliwrath
|-sidestart|p1: daksh55|move: Stealth Rock
|
|-weather|RainDance|[upkeep]
|upkeep
|turn|8
|
|t:|1760737523
|switch|p2a: Okidogi|Okidogi, M|100/100
|move|p1a: Poliwrath|Belly Drum|p1a: Poliwrath
|-damage|p1a: Poliwrath|51/100
|-setboost|p1a: Poliwrath|atk|6|[from] move: Belly Drum
|
|-weather|none
|upkeep
|turn|9
|
|t:|1760737539
|move|p1a: Poliwrath|Earthquake|p2a: Okidogi
|-supereffective|p2a: Okidogi
|-damage|p2a: Okidogi|0 fnt
|faint|p2a: Okidogi
|
|upkeep
|
|t:|1760737567
|switch|p2a: Iron Crown|Iron Crown|100/100
|turn|10
|
|t:|1760737573
|move|p2a: Iron Crown|Psyshock|p1a: Poliwrath
|-supereffective|p1a: Poliwrath
|-damage|p1a: Poliwrath|0 fnt
|faint|p1a: Poliwrath
|
|upkeep
|
|t:|1760737580
|switch|p1a: Politoed|Politoed, M|100/100
|-damage|p1a: Politoed|88/100|[from] Stealth Rock
|-weather|RainDance|[from] ability: Drizzle|[of] p1a: Politoed
|turn|11
|
|t:|1760737587
|switch|p1a: Gogoat|Gogoat, M, shiny|91/100
|-damage|p1a: Gogoat|79/100|[from] Stealth Rock
|move|p2a: Iron Crown|Psyshock|p1a: Gogoat
|-damage|p1a: Gogoat|17/100
|
|-weather|RainDance|[upkeep]
|upkeep
|turn|12
|
|t:|1760737607
|move|p2a: Iron Crown|Psyshock|p1a: Gogoat
|-damage|p1a: Gogoat|0 fnt
|faint|p1a: Gogoat
|
|-weather|RainDance|[upkeep]
|upkeep
|
|t:|1760737617
|switch|p1a: Swampert|Swampert, F|100/100
|-damage|p1a: Swampert|94/100|[from] Stealth Rock
|turn|13
|
|t:|1760737635
|-end|p2a: Iron Crown|Quark Drive|[silent]
|switch|p2a: Primarina|Primarina, F|100/100
|move|p1a: Swampert|Stealth Rock|p2a: Primarina
|-sidestart|p2: blazer505|move: Stealth Rock
|
|-weather|RainDance|[upkeep]
|upkeep
|turn|14
|
|t:|1760737644
|switch|p1a: Zapdos|Zapdos|44/100
|-damage|p1a: Zapdos|19/100|[from] Stealth Rock
|move|p2a: Primarina|Flip Turn|p1a: Zapdos
|-damage|p1a: Zapdos|0 fnt
|-status|p2a: Primarina|par|[from] ability: Static|[of] p1a: Zapdos
|faint|p1a: Zapdos
|
|t:|1760737677
|switch|p2a: Iron Crown|Iron Crown|100/100|[from] Flip Turn
|-damage|p2a: Iron Crown|94/100|[from] Stealth Rock
|
|-weather|RainDance|[upkeep]
|upkeep
|
|t:|1760737686
|switch|p1a: Swampert|Swampert, F|94/100
|-damage|p1a: Swampert|88/100|[from] Stealth Rock
|turn|15
|
|t:|1760737700
|move|p2a: Iron Crown|Psyshock|p1a: Swampert
|-damage|p1a: Swampert|36/100
|move|p1a: Swampert|Earthquake|p2a: Iron Crown
|-supereffective|p2a: Iron Crown
|-damage|p2a: Iron Crown|0 fnt
|faint|p2a: Iron Crown
|-end|p2a: Iron Crown|Quark Drive|[silent]
|
|-weather|RainDance|[upkeep]
|upkeep
|
|t:|1760737721
|switch|p2a: Meowscarada|Meowscarada, F|100/100
|turn|16
|
|t:|1760737731
|move|p2a: Meowscarada|Flower Trick|p1a: Swampert
|-start|p2a: Meowscarada|typechange|Grass|[from] ability: Protean
|-supereffective|p1a: Swampert
|-crit|p1a: Swampert
|-damage|p1a: Swampert|0 fnt
|faint|p1a: Swampert
|
|-weather|RainDance|[upkeep]
|upkeep
|
|t:|1760737734
|switch|p1a: Blastoise|Blastoise, M|88/100 brn
|-damage|p1a: Blastoise|76/100 brn|[from] Stealth Rock
|turn|17
|
|t:|1760737744
|switch|p2a: Ting-Lu|Ting-Lu|100/100
|-damage|p2a: Ting-Lu|94/100|[from] Stealth Rock
|-ability|p2a: Ting-Lu|Vessel of Ruin
|move|p1a: Blastoise|Ice Beam|p2a: Ting-Lu
|-supereffective|p2a: Ting-Lu
|-damage|p2a: Ting-Lu|72/100
|
|-weather|RainDance|[upkeep]
|-heal|p2a: Ting-Lu|79/100|[from] item: Leftovers
|-damage|p1a: Blastoise|70/100 brn|[from] brn
|upkeep
|turn|18
|c|☆daksh55|tf
|
|t:|1760737768
|move|p1a: Blastoise|Ice Beam|p2a: Ting-Lu
|-supereffective|p2a: Ting-Lu
|-damage|p2a: Ting-Lu|56/100
|move|p2a: Ting-Lu|Whirlwind|p1a: Blastoise
|drag|p1a: Politoed|Politoed, M|88/100
|-damage|p1a: Politoed|76/100|[from] Stealth Rock
|
|-weather|none
|-heal|p2a: Ting-Lu|62/100|[from] item: Leftovers
|upkeep
|turn|19
|
|t:|1760737779
|switch|p1a: Blastoise|Blastoise, M|70/100 brn
|-damage|p1a: Blastoise|58/100 brn|[from] Stealth Rock
|move|p2a: Ting-Lu|Ruination|p1a: Blastoise|[miss]
|-miss|p2a: Ting-Lu|p1a: Blastoise
|
|-heal|p2a: Ting-Lu|68/100|[from] item: Leftovers
|-damage|p1a: Blastoise|52/100 brn|[from] brn
|upkeep
|turn|20
|
|t:|1760737786
|move|p1a: Blastoise|Hydro Pump|p2a: Ting-Lu
|-supereffective|p2a: Ting-Lu
|-damage|p2a: Ting-Lu|27/100
|move|p2a: Ting-Lu|Ruination|p1a: Blastoise
|-damage|p1a: Blastoise|26/100 brn
|
|-heal|p2a: Ting-Lu|34/100|[from] item: Leftovers
|-damage|p1a: Blastoise|20/100 brn|[from] brn
|upkeep
|turn|21
|
|t:|1760737790
|move|p1a: Blastoise|Hydro Pump|p2a: Ting-Lu
|-supereffective|p2a: Ting-Lu
|-damage|p2a: Ting-Lu|0 fnt
|faint|p2a: Ting-Lu
|
|-damage|p1a: Blastoise|14/100 brn|[from] brn
|upkeep
|
|t:|1760737795
|switch|p2a: Primarina|Primarina, F|100/100 par
|-damage|p2a: Primarina|88/100 par|[from] Stealth Rock
|turn|22
|
|t:|1760737803
|switch|p1a: Politoed|Politoed, M|76/100
|-damage|p1a: Politoed|64/100|[from] Stealth Rock
|-weather|RainDance|[from] ability: Drizzle|[of] p1a: Politoed
|cant|p2a: Primarina|par
|
|-weather|RainDance|[upkeep]
|upkeep
|turn|23
|
|t:|1760737844
|-terastallize|p1a: Politoed|Water
|move|p1a: Politoed|Weather Ball|p2a: Primarina
|-resisted|p2a: Primarina
|-damage|p2a: Primarina|63/100 par
|move|p2a: Primarina|Moonblast|p1a: Politoed
|-damage|p1a: Politoed|17/100
|
|-weather|RainDance|[upkeep]
|upkeep
|turn|24
|
|t:|1760737850
|move|p1a: Politoed|Weather Ball|p2a: Primarina
|-resisted|p2a: Primarina
|-damage|p2a: Primarina|37/100 par
|move|p2a: Primarina|Moonblast|p1a: Politoed
|-damage|p1a: Politoed|0 fnt
|faint|p1a: Politoed
|
|-weather|RainDance|[upkeep]
|upkeep
|
|t:|1760737854
|switch|p1a: Blastoise|Blastoise, M|14/100 brn
|-damage|p1a: Blastoise|2/100 brn|[from] Stealth Rock
|turn|25
|
|t:|1760737858
|move|p1a: Blastoise|Hydro Pump|p2a: Primarina
|-resisted|p2a: Primarina
|-damage|p2a: Primarina|5/100 par
|cant|p2a: Primarina|par
|
|-weather|RainDance|[upkeep]
|-damage|p1a: Blastoise|0 fnt|[from] brn
|faint|p1a: Blastoise
|
|win|blazer505
|raw|daksh55's rating: 1282 &rarr; <strong>1260</strong><br />(-22 for losing)
|raw|blazer505's rating: 1324 &rarr; <strong>1342</strong><br />(+18 for winning)
|l|☆daksh55
|player|p1|
|l|☆blazer505
|player|p2|
