|j|☆rockata
|j|☆Marbradiz
|t:|1760872588
|gametype|singles
|player|p1|rockata|266|1185
|player|p2|Marbradiz|scientist|1124
|gen|9
|tier|[Gen 9] OU
|rated|
|rule|HP Percentage Mod: HP is shown in percentages
|rule|Endless Battle Clause: Forcing endless battles is banned
|rule|Species Clause: Limit one of each Pokémon
|rule|OHKO Clause: OHKO moves are banned
|rule|Evasion Items Clause: Evasion items are banned
|rule|Evasion Moves Clause: Evasion moves are banned
|rule|Evasion Abilities Clause: Evasion abilities are banned
|rule|Sleep Moves Clause: Sleep-inducing moves are banned
|clearpoke
|poke|p1|Garchomp, M|
|poke|p1|Electivire, F|
|poke|p1|Toxapex, M|
|poke|p1|Gholdengo|
|poke|p1|Gliscor, M|
|poke|p1|Hatterene, F|
|poke|p2|Ceruledge, F|
|poke|p2|Kingambit, F|
|poke|p2|Ogerpon-Wellspring, F|
|poke|p2|Lokix, F|
|poke|p2|Zamazenta-*|
|poke|p2|Salamence, M|
|teampreview
|inactive|Battle timer is ON: inactive players will automatically lose when time's up. (requested by rockata)
|
|t:|1760872591
|teamsize|p1|6
|teamsize|p2|6
|start
|switch|p1a: Hatterene|Hatterene, F|100/100
|switch|p2a: Lokix|Lokix, F|100/100
|turn|1
|
|t:|1760872602
|move|p2a: Lokix|First Impression|p1a: Hatterene
|-damage|p1a: Hatterene|28/100
|-damage|p2a: Lokix|91/100|[from] item: Life Orb
|move|p1a: Hatterene|Trick Room|p1a: Hatterene
|-fieldstart|move: Trick Room|[of] p1a: Hatterene
|
|-heal|p1a: Hatterene|34/100|[from] item: Leftovers
|upkeep
|turn|2
|
|t:|1760872610
|move|p1a: Hatterene|Dazzling Gleam|p2a: Lokix
|-supereffective|p2a: Lokix
|-damage|p2a: Lokix|0 fnt
|faint|p2a: Lokix
|
|-heal|p1a: Hatterene|40/100|[from] item: Leftovers
|upkeep
|
|t:|1760872625
|switch|p2a: Kingambit|Kingambit, F|100/100
|-activate|p2a: Kingambit|ability: Supreme Overlord
|-start|p2a: Kingambit|fallen1|[silent]
|turn|3
|
|t:|1760872630
|move|p1a: Hatterene|Mystical Fire|p2a: Kingambit
|-supereffective|p2a: Kingambit
|-damage|p2a: Kingambit|63/100
|-unboost|p2a: Kingambit|spa|1
|move|p2a: Kingambit|Kowtow Cleave|p1a: Hatterene
|-damage|p1a: Hatterene|0 fnt
|faint|p1a: Hatterene
|
|upkeep
|
|t:|1760872647
|switch|p1a: Gliscor|Gliscor, M|100/100
|turn|4
|
|t:|1760872673
|move|p2a: Kingambit|Kowtow Cleave|p1a: Gliscor
|-damage|p1a: Gliscor|59/100
|move|p1a: Gliscor|Tailwind|p1a: Gliscor
|-sidestart|p1: rockata|move: Tailwind
|
|-status|p1a: Gliscor|tox|[from] item: Toxic Orb
|upkeep
|turn|5
|
|t:|1760872684
|-end|p2a: Kingambit|fallen1|[silent]
|switch|p2a: Salamence|Salamence, M|100/100
|-ability|p2a: Salamence|Intimidate|boost
|-unboost|p1a: Gliscor|atk|1
|move|p1a: Gliscor|Earthquake|p2a: Salamence
|-immune|p2a: Salamence
|
|-heal|p1a: Gliscor|71/100 tox|[from] ability: Poison Heal
|-fieldend|move: Trick Room
|upkeep
|turn|6
|
|t:|1760872698
|move|p1a: Gliscor|U-turn|p2a: Salamence
|-resisted|p2a: Salamence
|-damage|p2a: Salamence|94/100
|
|t:|1760872706
|switch|p1a: Electivire|Electivire, F|100/100|[from] U-turn
|move|p2a: Salamence|Draco Meteor|p1a: Electivire
|-damage|p1a: Electivire|0 fnt
|-unboost|p2a: Salamence|spa|2
|faint|p1a: Electivire
|-damage|p2a: Salamence|84/100|[from] item: Life Orb
|
|upkeep
|
|t:|1760872713
|switch|p1a: Garchomp|Garchomp, M|100/100
|turn|7
|
|t:|1760872729
|-terastallize|p2a: Salamence|Steel
|move|p1a: Garchomp|Outrage|p2a: Salamence
|-resisted|p2a: Salamence
|-damage|p2a: Salamence|42/100
|move|p2a: Salamence|Draco Meteor|p1a: Garchomp
|-supereffective|p1a: Garchomp
|-damage|p1a: Garchomp|21/100
|-unboost|p2a: Salamence|spa|2
|-damage|p2a: Salamence|32/100|[from] item: Life Orb
|
|-sideend|p1: rockata|move: Tailwind
|upkeep
|turn|8
|inactive|Marbradiz has 120 seconds left.
|inactive|Marbradiz has 90 seconds left.
|
|t:|1760872794
|switch|p2a: Ceruledge|Ceruledge, F|100/100
|move|p1a: Garchomp|Outrage|p2a: Ceruledge|[from] lockedmove
|-damage|p2a: Ceruledge|8/100
|-ability|p2a: Ceruledge|Weak Armor|boost
|-unboost|p2a: Ceruledge|def|1
|-boost|p2a: Ceruledge|spe|2
|-start|p1a: Garchomp|confusion|[fatigue]
|
|upkeep
|turn|9
|
|t:|1760872815
|switch|p1a: Toxapex|Toxapex, M|100/100
|move|p2a: Ceruledge|Bitter Blade|p1a: Toxapex
|-resisted|p1a: Toxapex
|-damage|p1a: Toxapex|85/100
|-heal|p2a: Ceruledge|16/100|[from] drain|[of] p1a: Toxapex
|
|-heal|p1a: Toxapex|91/100|[from] item: Black Sludge
|upkeep
|turn|10
|
|t:|1760872839
|move|p2a: Ceruledge|Swords Dance|p2a: Ceruledge
|-boost|p2a: Ceruledge|atk|2
|move|p1a: Toxapex|Toxic|p2a: Ceruledge
|-status|p2a: Ceruledge|tox
|
|-heal|p1a: Toxapex|97/100|[from] item: Black Sludge
|-damage|p2a: Ceruledge|10/100 tox|[from] psn
|upkeep
|turn|11
|
|t:|1760872851
|move|p1a: Toxapex|Baneful Bunker|p1a: Toxapex
|-singleturn|p1a: Toxapex|move: Protect
|move|p2a: Ceruledge|Bitter Blade|p1a: Toxapex
|-activate|p1a: Toxapex|move: Protect
|
|-heal|p1a: Toxapex|100/100|[from] item: Black Sludge
|-damage|p2a: Ceruledge|0 fnt|[from] psn
|faint|p2a: Ceruledge
|upkeep
|inactive|Marbradiz has 60 seconds left.
|
|t:|1760872867
|switch|p2a: Zamazenta|Zamazenta|100/100
|-ability|p2a: Zamazenta|Dauntless Shield|boost
|-boost|p2a: Zamazenta|def|1
|turn|12
|
|t:|1760872873
|move|p2a: Zamazenta|Substitute|p2a: Zamazenta
|-start|p2a: Zamazenta|Substitute
|-damage|p2a: Zamazenta|76/100
|move|p1a: Toxapex|Toxic||[still]
|-fail|p1a: Toxapex
|
|upkeep
|turn|13
|
|t:|1760872883
|switch|p1a: Gholdengo|Gholdengo|100/100
|move|p2a: Zamazenta|Iron Defense|p2a: Zamazenta
|-boost|p2a: Zamazenta|def|2
|
|upkeep
|turn|14
|
|t:|1760872891
|move|p2a: Zamazenta|Iron Defense|p2a: Zamazenta
|-boost|p2a: Zamazenta|def|2
|move|p1a: Gholdengo|Dazzling Gleam|p2a: Zamazenta
|-supereffective|p2a: Zamazenta
|-end|p2a: Zamazenta|Substitute
|
|upkeep
|turn|15
|
|t:|1760872907
|move|p2a: Zamazenta|Body Press|p1a: Gholdengo
|-immune|p1a: Gholdengo
|move|p1a: Gholdengo|Dazzling Gleam|p2a: Zamazenta
|-supereffective|p2a: Zamazenta
|-damage|p2a: Zamazenta|3/100
|
|upkeep
|turn|16
|
|t:|1760872917
|move|p2a: Zamazenta|Heavy Slam|p1a: Gholdengo
|-resisted|p1a: Gholdengo
|-damage|p1a: Gholdengo|83/100
|move|p1a: Gholdengo|Dazzling Gleam|p2a: Zamazenta
|-supereffective|p2a: Zamazenta
|-crit|p2a: Zamazenta
|-damage|p2a: Zamazenta|0 fnt
|faint|p2a: Zamazenta
|
|upkeep
|
|t:|1760872929
|switch|p2a: Kingambit|Kingambit, F|63/100
|-activate|p2a: Kingambit|ability: Supreme Overlord
|-start|p2a: Kingambit|fallen3|[silent]
|turn|17
|
|t:|1760872937
|move|p2a: Kingambit|Sucker Punch|p1a: Gholdengo
|-supereffective|p1a: Gholdengo
|-damage|p1a: Gholdengo|0 fnt
|faint|p1a: Gholdengo
|
|upkeep
|
|t:|1760872947
|switch|p1a: Gliscor|Gliscor, M|71/100 tox
|turn|18
|
|t:|1760872970
|move|p1a: Gliscor|Tailwind|p1a: Gliscor
|-sidestart|p1: rockata|move: Tailwind
|move|p2a: Kingambit|Kowtow Cleave|p1a: Gliscor
|-damage|p1a: Gliscor|24/100 tox
|
|-heal|p1a: Gliscor|37/100 tox|[from] ability: Poison Heal
|upkeep
|turn|19
|
|t:|1760872976
|move|p2a: Kingambit|Sucker Punch|p1a: Gliscor
|-damage|p1a: Gliscor|2/100 tox
|move|p1a: Gliscor|Earthquake|p2a: Kingambit
|-supereffective|p2a: Kingambit
|-damage|p2a: Kingambit|8/100
|
|-heal|p1a: Gliscor|14/100 tox|[from] ability: Poison Heal
|upkeep
|turn|20
|
|t:|1760872987
|move|p1a: Gliscor|Protect|p1a: Gliscor
|-singleturn|p1a: Gliscor|Protect
|move|p2a: Kingambit|Sucker Punch||[still]
|-fail|p2a: Kingambit
|
|-heal|p1a: Gliscor|26/100 tox|[from] ability: Poison Heal
|upkeep
|turn|21
|
|t:|1760872994
|move|p2a: Kingambit|Sucker Punch||[still]
|-fail|p2a: Kingambit
|move|p1a: Gliscor|Tailwind||[still]
|-fail|p1a: Gliscor
|
|-heal|p1a: Gliscor|39/100 tox|[from] ability: Poison Heal
|-sideend|p1: rockata|move: Tailwind
|upkeep
|turn|22
|inactive|Marbradiz has 90 seconds left.
|
|t:|1760873002
|move|p2a: Kingambit|Sucker Punch|p1a: Gliscor
|-damage|p1a: Gliscor|0 fnt
|faint|p1a: Gliscor
|
|upkeep
|
|t:|1760873007
|switch|p1a: Garchomp|Garchomp, M|21/100
|turn|23
|
|t:|1760873020
|move|p2a: Kingambit|Sucker Punch|p1a: Garchomp
|-damage|p1a: Garchomp|0 fnt
|-damage|p2a: Kingambit|0 fnt|[from] ability: Rough Skin|[of] p1a: Garchomp
|faint|p1a: Garchomp
|faint|p2a: Kingambit
|-end|p2a: Kingambit|fallen3|[silent]
|
|upkeep
|-message|rockata forfeited.
|
|win|Marbradiz
|raw|rockata's rating: 1185 &rarr; <strong>1156</strong><br />(-29 for losing)
|raw|Marbradiz's rating: 1124 &rarr; <strong>1153</strong><br />(+29 for winning)
|l|☆rockata
|player|p1|
|l|☆Marbradiz
|player|p2|
