|j|☆lafrappedu13
|j|☆SSSSSheng
|t:|1760765379
|gametype|singles
|player|p1|lafrappedu13|ethan|1349
|player|p2|SSSSSheng|101|1368
|gen|9
|tier|[Gen 9] OU
|rated|
|rule|HP Percentage Mod: HP is shown in percentages
|rule|Endless Battle Clause: Forcing endless battles is banned
|rule|Species Clause: Limit one of each Pokémon
|rule|OHKO Clause: OHKO moves are banned
|rule|Evasion Items Clause: Evasion items are banned
|rule|Evasion Moves Clause: Evasion moves are banned
|rule|Evasion Abilities Clause: Evasion abilities are banned
|rule|Sleep Moves Clause: Sleep-inducing moves are banned
|clearpoke
|poke|p1|Great Tusk|
|poke|p1|Dragonite, F|
|poke|p1|Ogerpon-Wellspring, F|
|poke|p1|Iron Moth|
|poke|p1|Iron Valiant|
|poke|p1|Kingambit, M|
|poke|p2|Maushold-Four|
|poke|p2|Ninetales-Alola, F|
|poke|p2|Polteageist-Antique|
|poke|p2|Dragonite, F|
|poke|p2|Darkrai|
|poke|p2|Great Tusk|
|teampreview
|inactive|Battle timer is ON: inactive players will automatically lose when time's up. (requested by SSSSSheng)
|
|t:|1760765406
|teamsize|p1|6
|teamsize|p2|6
|start
|switch|p1a: Maya l'Abeille|Iron Moth|100/100
|switch|p2a: Ninetales|Ninetales-Alola, F|100/100
|-weather|Snowscape|[from] ability: Snow Warning|[of] p2a: Ninetales
|turn|1
|
|t:|1760765418
|switch|p2a: Darkrai|Darkrai|100/100
|move|p1a: Maya l'Abeille|Fiery Dance|p2a: Darkrai
|-damage|p2a: Darkrai|41/100
|
|-weather|Snowscape|[upkeep]
|upkeep
|turn|2
|
|t:|1760765425
|move|p2a: Darkrai|Dark Pulse|p1a: Maya l'Abeille
|-damage|p1a: Maya l'Abeille|52/100
|move|p1a: Maya l'Abeille|Fiery Dance|p2a: Darkrai
|-damage|p2a: Darkrai|0 fnt
|faint|p2a: Darkrai
|
|-weather|Snowscape|[upkeep]
|upkeep
|
|t:|1760765428
|switch|p2a: Polteageist|Polteageist-Antique|100/100
|turn|3
|inactive|lafrappedu13 has 120 seconds left.
|
|t:|1760765461
|-end|p1a: Maya l'Abeille|Quark Drive|[silent]
|switch|p1a: Jean-Marie Bigard|Great Tusk|100/100
|move|p2a: Polteageist|Shell Smash|p2a: Polteageist
|-unboost|p2a: Polteageist|def|1
|-unboost|p2a: Polteageist|spd|1
|-boost|p2a: Polteageist|atk|2
|-boost|p2a: Polteageist|spa|2
|-boost|p2a: Polteageist|spe|2
|
|-weather|Snowscape|[upkeep]
|upkeep
|turn|4
|
|t:|1760765469
|move|p2a: Polteageist|Stored Power|p1a: Jean-Marie Bigard
|-supereffective|p1a: Jean-Marie Bigard
|-damage|p1a: Jean-Marie Bigard|0 fnt
|faint|p1a: Jean-Marie Bigard
|-end|p1a: Jean-Marie Bigard|Protosynthesis|[silent]
|
|-weather|Snowscape|[upkeep]
|upkeep
|
|t:|1760765479
|switch|p1a: goat|Kingambit, M|100/100
|-activate|p1a: goat|ability: Supreme Overlord
|-start|p1a: goat|fallen1|[silent]
|turn|5
|
|t:|1760765484
|move|p1a: goat|Sucker Punch|p2a: Polteageist
|-supereffective|p2a: Polteageist
|-enditem|p2a: Polteageist|Focus Sash
|-damage|p2a: Polteageist|1/100
|-ability|p2a: Polteageist|Weak Armor|boost
|-unboost|p2a: Polteageist|def|1
|-boost|p2a: Polteageist|spe|2
|move|p2a: Polteageist|Shadow Ball|p1a: goat
|-resisted|p1a: goat
|-damage|p1a: goat|48/100
|-unboost|p1a: goat|spd|1
|
|-weather|none
|upkeep
|turn|6
|
|t:|1760765496
|move|p1a: goat|Sucker Punch||[still]
|-fail|p1a: goat
|move|p2a: Polteageist|Strength Sap|p1a: goat
|-unboost|p1a: goat|atk|1
|-heal|p2a: Polteageist|100/100
|
|upkeep
|turn|7
|
|t:|1760765507
|-end|p1a: goat|fallen1|[silent]
|switch|p1a: Maya l'Abeille|Iron Moth|52/100
|move|p2a: Polteageist|Strength Sap|p1a: Maya l'Abeille
|-unboost|p1a: Maya l'Abeille|atk|1
|
|upkeep
|turn|8
|
|t:|1760765521
|move|p2a: Polteageist|Shadow Ball|p1a: Maya l'Abeille
|-damage|p1a: Maya l'Abeille|0 fnt
|faint|p1a: Maya l'Abeille
|-end|p1a: Maya l'Abeille|Quark Drive|[silent]
|
|upkeep
|
|t:|1760765526
|switch|p1a: goat|Kingambit, M|48/100
|-activate|p1a: goat|ability: Supreme Overlord
|-start|p1a: goat|fallen2|[silent]
|turn|9
|
|t:|1760765531
|move|p2a: Polteageist|Shadow Ball|p1a: goat
|-resisted|p1a: goat
|-damage|p1a: goat|0 fnt
|faint|p1a: goat
|-end|p1a: goat|fallen2|[silent]
|
|upkeep
|-message|lafrappedu13 forfeited.
|
|win|SSSSSheng
|raw|lafrappedu13's rating: 1349 &rarr; <strong>1330</strong><br />(-19 for losing)
|raw|SSSSSheng's rating: 1368 &rarr; <strong>1387</strong><br />(+19 for winning)
|l|☆lafrappedu13
|player|p1|
|l|☆SSSSSheng
|player|p2|
