|j|‽aria4games
|j|☆sobito
|t:|1760879618
|gametype|singles
|player|p1|aria4games|janine|1372
|player|p2|sobito|aaron|1382
|gen|9
|tier|[Gen 9] OU
|rated|
|rule|HP Percentage Mod: HP is shown in percentages
|rule|Endless Battle Clause: Forcing endless battles is banned
|rule|Species Clause: Limit one of each Pokémon
|rule|OHKO Clause: OHKO moves are banned
|rule|Evasion Items Clause: Evasion items are banned
|rule|Evasion Moves Clause: Evasion moves are banned
|rule|Evasion Abilities Clause: Evasion abilities are banned
|rule|Sleep Moves Clause: Sleep-inducing moves are banned
|clearpoke
|poke|p1|Cinderace, F|
|poke|p1|Darkrai|
|poke|p1|Reuniclus, M|
|poke|p1|Kyurem|
|poke|p1|Keldeo-Resolute|
|poke|p1|Raging Bolt|
|poke|p2|Ceruledge, F|
|poke|p2|Empoleon, M|
|poke|p2|Mandibuzz, F|
|poke|p2|Samurott-Hisui, M|
|poke|p2|Arboliva, M|
|poke|p2|Pecharunt|
|teampreview
|
|t:|1760879641
|teamsize|p1|6
|teamsize|p2|6
|start
|switch|p1a: Kyurem|Kyurem|100/100
|switch|p2a: Huesuda|Mandibuzz, F|100/100
|-ability|p1a: Kyurem|Pressure
|turn|1
|
|t:|1760879655
|switch|p2a: Napo|Empoleon, M|100/100
|move|p1a: Kyurem|Freeze-Dry|p2a: Napo
|-damage|p2a: Napo|82/100
|
|-heal|p2a: Napo|89/100|[from] item: Leftovers
|upkeep
|turn|2
|
|t:|1760879662
|move|p1a: Kyurem|Earth Power|p2a: Napo
|-supereffective|p2a: Napo
|-crit|p2a: Napo
|-damage|p2a: Napo|37/100
|move|p2a: Napo|Flash Cannon|p1a: Kyurem
|-supereffective|p1a: Kyurem
|-damage|p1a: Kyurem|76/100
|-unboost|p1a: Kyurem|spd|1
|
|-heal|p2a: Napo|43/100|[from] item: Leftovers
|upkeep
|turn|3
|
|t:|1760879689
|switch|p1a: Reuniclus|Reuniclus, M|100/100
|move|p2a: Napo|Roost|p2a: Napo
|-heal|p2a: Napo|93/100
|-singleturn|p2a: Napo|move: Roost
|
|-heal|p2a: Napo|99/100|[from] item: Leftovers
|upkeep
|turn|4
|
|t:|1760879715
|switch|p2a: Reeves|Samurott-Hisui, M|100/100
|move|p1a: Reuniclus|Knock Off|p2a: Reeves
|-resisted|p2a: Reeves
|-damage|p2a: Reeves|93/100
|-enditem|p2a: Reeves|Choice Band|[from] move: Knock Off|[of] p1a: Reuniclus
|
|upkeep
|turn|5
|
|t:|1760879726
|move|p2a: Reeves|Ceaseless Edge|p1a: Reuniclus
|-supereffective|p1a: Reuniclus
|-damage|p1a: Reuniclus|53/100
|-damage|p2a: Reeves|77/100|[from] item: Rocky Helmet|[of] p1a: Reuniclus
|-sidestart|p1: aria4games|Spikes
|move|p1a: Reuniclus|Thunder Wave|p2a: Reeves
|-status|p2a: Reeves|par
|
|upkeep
|turn|6
|
|t:|1760879736
|move|p2a: Reeves|Ceaseless Edge|p1a: Reuniclus
|-supereffective|p1a: Reuniclus
|-damage|p1a: Reuniclus|2/100
|-damage|p2a: Reeves|60/100 par|[from] item: Rocky Helmet|[of] p1a: Reuniclus
|-sidestart|p1: aria4games|Spikes
|move|p1a: Reuniclus|Recover|p1a: Reuniclus
|-heal|p1a: Reuniclus|52/100
|
|upkeep
|turn|7
|
|t:|1760879753
|switch|p2a: Matamoros|Ceruledge, F|100/100
|move|p1a: Reuniclus|Recover|p1a: Reuniclus
|-heal|p1a: Reuniclus|100/100
|
|upkeep
|turn|8
|
|t:|1760879773
|move|p2a: Matamoros|Bulk Up|p2a: Matamoros
|-boost|p2a: Matamoros|atk|1
|-boost|p2a: Matamoros|def|1
|move|p1a: Reuniclus|Thunder Wave|p2a: Matamoros
|-status|p2a: Matamoros|par
|
|upkeep
|turn|9
|
|t:|1760879779
|cant|p2a: Matamoros|par
|move|p1a: Reuniclus|Future Sight|p2a: Matamoros
|-start|p1a: Reuniclus|move: Future Sight
|
|upkeep
|turn|10
|
|t:|1760879782
|move|p2a: Matamoros|Bulk Up|p2a: Matamoros
|-boost|p2a: Matamoros|atk|1
|-boost|p2a: Matamoros|def|1
|move|p1a: Reuniclus|Knock Off|p2a: Matamoros
|-supereffective|p2a: Matamoros
|-damage|p2a: Matamoros|83/100 par
|-enditem|p2a: Matamoros|Covert Cloak|[from] move: Knock Off|[of] p1a: Reuniclus
|
|upkeep
|turn|11
|
|t:|1760879792
|move|p2a: Matamoros|Bitter Blade|p1a: Reuniclus
|-damage|p1a: Reuniclus|52/100
|-heal|p2a: Matamoros|100/100 par|[from] drain|[of] p1a: Reuniclus
|-damage|p2a: Matamoros|84/100 par|[from] item: Rocky Helmet|[of] p1a: Reuniclus
|move|p1a: Reuniclus|Recover|p1a: Reuniclus
|-heal|p1a: Reuniclus|100/100
|
|-end|p2a: Matamoros|move: Future Sight
|-damage|p2a: Matamoros|43/100 par
|upkeep
|turn|12
|
|t:|1760879807
|move|p2a: Matamoros|Bitter Blade|p1a: Reuniclus
|-crit|p1a: Reuniclus
|-damage|p1a: Reuniclus|16/100
|-heal|p2a: Matamoros|94/100 par|[from] drain|[of] p1a: Reuniclus
|-damage|p2a: Matamoros|77/100 par|[from] item: Rocky Helmet|[of] p1a: Reuniclus
|move|p1a: Reuniclus|Future Sight|p2a: Matamoros
|-start|p1a: Reuniclus|move: Future Sight
|
|upkeep
|turn|13
|
|t:|1760879821
|move|p2a: Matamoros|Taunt|p1a: Reuniclus
|-start|p1a: Reuniclus|move: Taunt
|move|p1a: Reuniclus|Knock Off|p2a: Matamoros
|-supereffective|p2a: Matamoros
|-damage|p2a: Matamoros|67/100 par
|
|upkeep
|turn|14
|
|t:|1760879829
|switch|p1a: Cinderace|Cinderace, F|100/100
|move|p2a: Matamoros|Bitter Blade|p1a: Cinderace
|-resisted|p1a: Cinderace
|-damage|p1a: Cinderace|49/100
|-heal|p2a: Matamoros|89/100 par|[from] drain|[of] p1a: Cinderace
|
|-end|p2a: Matamoros|move: Future Sight
|-damage|p2a: Matamoros|49/100 par
|upkeep
|turn|15
|
|t:|1760879841
|move|p1a: Cinderace|Sucker Punch|p2a: Matamoros
|-start|p1a: Cinderace|typechange|Dark|[from] ability: Libero
|-supereffective|p2a: Matamoros
|-damage|p2a: Matamoros|9/100 par
|move|p2a: Matamoros|Shadow Sneak|p1a: Cinderace
|-resisted|p1a: Cinderace
|-damage|p1a: Cinderace|24/100
|
|upkeep
|turn|16
|
|t:|1760879857
|move|p2a: Matamoros|Shadow Sneak|p1a: Cinderace
|-resisted|p1a: Cinderace
|-damage|p1a: Cinderace|0 fnt
|faint|p1a: Cinderace
|
|upkeep
|
|t:|1760879862
|switch|p1a: Keldeo|Keldeo-Resolute|100/100
|-damage|p1a: Keldeo|84/100|[from] Spikes
|turn|17
|
|t:|1760879869
|move|p2a: Matamoros|Shadow Sneak|p1a: Keldeo
|-damage|p1a: Keldeo|46/100
|move|p1a: Keldeo|Flip Turn|p2a: Matamoros
|-supereffective|p2a: Matamoros
|-damage|p2a: Matamoros|0 fnt
|faint|p2a: Matamoros
|
|t:|1760879882
|switch|p1a: Raging Bolt|Raging Bolt|100/100|[from] Flip Turn
|-damage|p1a: Raging Bolt|84/100|[from] Spikes
|-enditem|p1a: Raging Bolt|Booster Energy
|-activate|p1a: Raging Bolt|ability: Protosynthesis|[fromitem]
|-start|p1a: Raging Bolt|protosynthesisspa
|
|upkeep
|
|t:|1760879889
|switch|p2a: Jaén|Arboliva, M, shiny|100/100
|turn|18
|
|t:|1760879894
|move|p1a: Raging Bolt|Calm Mind|p1a: Raging Bolt
|-boost|p1a: Raging Bolt|spa|1
|-boost|p1a: Raging Bolt|spd|1
|move|p2a: Jaén|Leech Seed|p1a: Raging Bolt
|-start|p1a: Raging Bolt|move: Leech Seed
|
|-damage|p1a: Raging Bolt|72/100|[from] Leech Seed|[of] p2a: Jaén
|upkeep
|turn|19
|
|t:|1760879901
|move|p1a: Raging Bolt|Thunderbolt|p2a: Jaén
|-resisted|p2a: Jaén
|-damage|p2a: Jaén|69/100
|move|p2a: Jaén|Earth Power|p1a: Raging Bolt
|-supereffective|p1a: Raging Bolt
|-damage|p1a: Raging Bolt|40/100
|
|-damage|p1a: Raging Bolt|28/100|[from] Leech Seed|[of] p2a: Jaén
|-heal|p2a: Jaén|82/100|[silent]
|upkeep
|turn|20
|
|t:|1760879913
|move|p1a: Raging Bolt|Dragon Pulse|p2a: Jaén
|-damage|p2a: Jaén|19/100
|-enditem|p2a: Jaén|Sitrus Berry|[eat]
|-heal|p2a: Jaén|44/100|[from] item: Sitrus Berry
|move|p2a: Jaén|Earth Power|p1a: Raging Bolt
|-supereffective|p1a: Raging Bolt
|-crit|p1a: Raging Bolt
|-damage|p1a: Raging Bolt|0 fnt
|faint|p1a: Raging Bolt
|-end|p1a: Raging Bolt|Protosynthesis|[silent]
|
|-item|p2a: Jaén|Sitrus Berry|[from] ability: Harvest
|upkeep
|-enditem|p2a: Jaén|Sitrus Berry|[eat]
|-heal|p2a: Jaén|69/100|[from] item: Sitrus Berry
|
|t:|1760879920
|switch|p1a: Reuniclus|Reuniclus, M|16/100
|turn|21
|
|t:|1760879935
|move|p2a: Jaén|Giga Drain|p1a: Reuniclus
|-damage|p1a: Reuniclus|0 fnt
|-heal|p2a: Jaén|78/100|[from] drain|[of] p1a: Reuniclus
|faint|p1a: Reuniclus
|
|upkeep
|
|t:|1760879957
|switch|p1a: Keldeo|Keldeo-Resolute|46/100
|-damage|p1a: Keldeo|29/100|[from] Spikes
|turn|22
|
|t:|1760879971
|switch|p2a: Pecharunt|Pecharunt|100/100
|move|p1a: Keldeo|Secret Sword|p2a: Pecharunt
|-immune|p2a: Pecharunt
|
|upkeep
|turn|23
|
|t:|1760879989
|switch|p1a: Darkrai|Darkrai, shiny|100/100
|-damage|p1a: Darkrai|84/100|[from] Spikes
|move|p2a: Pecharunt|Nasty Plot|p2a: Pecharunt
|-boost|p2a: Pecharunt|spa|2
|
|upkeep
|turn|24
|
|t:|1760879999
|switch|p2a: Napo|Empoleon, M|99/100
|move|p1a: Darkrai|Dark Pulse|p2a: Napo
|-damage|p2a: Napo|54/100
|
|-heal|p2a: Napo|60/100|[from] item: Leftovers
|upkeep
|turn|25
|
|t:|1760880014
|move|p1a: Darkrai|Dark Pulse|p2a: Napo
|-damage|p2a: Napo|19/100
|move|p2a: Napo|Stealth Rock|p1a: Darkrai
|-sidestart|p1: aria4games|move: Stealth Rock
|
|-heal|p2a: Napo|25/100|[from] item: Leftovers
|upkeep
|turn|26
|
|t:|1760880024
|move|p1a: Darkrai|Dark Pulse|p2a: Napo
|-damage|p2a: Napo|0 fnt
|faint|p2a: Napo
|
|upkeep
|
|t:|1760880035
|switch|p2a: Reeves|Samurott-Hisui, M|60/100 par
|turn|27
|
|t:|1760880045
|move|p1a: Darkrai|Dark Pulse|p2a: Reeves
|-resisted|p2a: Reeves
|-damage|p2a: Reeves|18/100 par
|cant|p2a: Reeves|par
|
|upkeep
|turn|28
|
|t:|1760880054
|move|p1a: Darkrai|Dark Pulse|p2a: Reeves
|-resisted|p2a: Reeves
|-damage|p2a: Reeves|0 fnt
|faint|p2a: Reeves
|
|upkeep
|
|t:|1760880058
|switch|p2a: Jaén|Arboliva, M, shiny|78/100
|turn|29
|
|t:|1760880062
|move|p1a: Darkrai|Dark Pulse|p2a: Jaén
|-damage|p2a: Jaén|39/100
|move|p2a: Jaén|Leech Seed|p1a: Darkrai
|-start|p1a: Darkrai|move: Leech Seed
|
|-damage|p1a: Darkrai|72/100|[from] Leech Seed|[of] p2a: Jaén
|-heal|p2a: Jaén|48/100|[silent]
|-item|p2a: Jaén|Sitrus Berry|[from] ability: Harvest
|upkeep
|-enditem|p2a: Jaén|Sitrus Berry|[eat]
|-heal|p2a: Jaén|73/100|[from] item: Sitrus Berry
|turn|30
|
|t:|1760880072
|switch|p1a: Keldeo|Keldeo-Resolute|29/100
|-damage|p1a: Keldeo|13/100|[from] Spikes
|-damage|p1a: Keldeo|7/100|[from] Stealth Rock
|move|p2a: Jaén|Giga Drain|p1a: Keldeo
|-supereffective|p1a: Keldeo
|-damage|p1a: Keldeo|0 fnt
|-heal|p2a: Jaén|76/100|[from] drain|[of] p1a: Keldeo
|faint|p1a: Keldeo
|
|upkeep
|
|t:|1760880074
|switch|p1a: Kyurem|Kyurem|76/100
|-damage|p1a: Kyurem|60/100|[from] Spikes
|-damage|p1a: Kyurem|35/100|[from] Stealth Rock
|-ability|p1a: Kyurem|Pressure
|turn|31
|
|t:|1760880089
|-terastallize|p2a: Jaén|Poison
|move|p1a: Kyurem|Freeze-Dry|p2a: Jaén
|-damage|p2a: Jaén|57/100
|-status|p2a: Jaén|frz
|cant|p2a: Jaén|frz
|
|upkeep
|turn|32
|
|t:|1760880099
|move|p1a: Kyurem|Earth Power|p2a: Jaén
|-supereffective|p2a: Jaén
|-damage|p2a: Jaén|21/100 frz
|cant|p2a: Jaén|frz
|
|-item|p2a: Jaén|Sitrus Berry|[from] ability: Harvest
|upkeep
|-enditem|p2a: Jaén|Sitrus Berry|[eat]
|-heal|p2a: Jaén|46/100 frz|[from] item: Sitrus Berry
|turn|33
|
|t:|1760880111
|move|p1a: Kyurem|Earth Power|p2a: Jaén
|-supereffective|p2a: Jaén
|-damage|p2a: Jaén|11/100 frz
|cant|p2a: Jaén|frz
|
|upkeep
|turn|34
|
|t:|1760880117
|move|p1a: Kyurem|Freeze-Dry|p2a: Jaén
|-damage|p2a: Jaén|0 fnt
|faint|p2a: Jaén
|
|upkeep
|
|t:|1760880121
|switch|p2a: Pecharunt|Pecharunt|100/100
|turn|35
|
|t:|1760880127
|move|p2a: Pecharunt|Malignant Chain|p1a: Kyurem
|-crit|p1a: Kyurem
|-damage|p1a: Kyurem|16/100
|-status|p1a: Kyurem|tox
|-start|p1a: Kyurem|confusion|[from] ability: Poison Puppeteer|[of] p2a: Pecharunt
|-activate|p1a: Kyurem|confusion
|move|p1a: Kyurem|Earth Power|p2a: Pecharunt
|-supereffective|p2a: Pecharunt
|-damage|p2a: Pecharunt|33/100
|
|-heal|p2a: Pecharunt|39/100|[from] item: Leftovers
|-damage|p1a: Kyurem|10/100 tox|[from] psn
|upkeep
|turn|36
|
|t:|1760880140
|move|p2a: Pecharunt|Malignant Chain|p1a: Kyurem
|-damage|p1a: Kyurem|0 fnt
|faint|p1a: Kyurem
|
|-heal|p2a: Pecharunt|45/100|[from] item: Leftovers
|upkeep
|
|t:|1760880143
|switch|p1a: Darkrai|Darkrai, shiny|72/100
|-damage|p1a: Darkrai|55/100|[from] Spikes
|-damage|p1a: Darkrai|43/100|[from] Stealth Rock
|turn|37
|
|t:|1760880151
|move|p1a: Darkrai|Ice Beam|p2a: Pecharunt
|-damage|p2a: Pecharunt|0 fnt
|faint|p2a: Pecharunt
|
|upkeep
|
|t:|1760880155
|switch|p2a: Huesuda|Mandibuzz, F|100/100
|turn|38
|
|t:|1760880159
|-terastallize|p1a: Darkrai|Poison
|move|p1a: Darkrai|Ice Beam|p2a: Huesuda
|-supereffective|p2a: Huesuda
|-damage|p2a: Huesuda|15/100
|move|p2a: Huesuda|Foul Play|p1a: Darkrai
|-damage|p1a: Darkrai|15/100
|
|upkeep
|turn|39
|
|t:|1760880166
|move|p1a: Darkrai|Ice Beam|p2a: Huesuda
|-supereffective|p2a: Huesuda
|-damage|p2a: Huesuda|0 fnt
|faint|p2a: Huesuda
|
|win|aria4games
|raw|aria4games's rating: 1372 &rarr; <strong>1393</strong><br />(+21 for winning)
|raw|sobito's rating: 1382 &rarr; <strong>1361</strong><br />(-21 for losing)
|l|‽aria4games
|player|p1|
|l|☆sobito
|player|p2|
