|j|☆Ostenberg
|j|☆enormouschilli
|t:|1760767604
|gametype|singles
|player|p1|Ostenberg|dawn|1286
|player|p2|enormouschilli|2|1309
|gen|9
|tier|[Gen 9] OU
|rated|
|rule|HP Percentage Mod: HP is shown in percentages
|rule|Endless Battle Clause: Forcing endless battles is banned
|rule|Species Clause: Limit one of each Pokémon
|rule|OHKO Clause: OHKO moves are banned
|rule|Evasion Items Clause: Evasion items are banned
|rule|Evasion Moves Clause: Evasion moves are banned
|rule|Evasion Abilities Clause: Evasion abilities are banned
|rule|Sleep Moves Clause: Sleep-inducing moves are banned
|clearpoke
|poke|p1|Ribombee, M|
|poke|p1|Cinderace, M|
|poke|p1|Kingambit, M|
|poke|p1|Lokix, M|
|poke|p1|Serperior, M|
|poke|p1|Dragonite, M|
|poke|p2|Hatterene, F|
|poke|p2|Indeedee-F, F|
|poke|p2|Avalugg, M|
|poke|p2|Cresselia, F|
|poke|p2|Crawdaunt, M|
|poke|p2|Scrafty, M|
|teampreview
|inactive|Battle timer is ON: inactive players will automatically lose when time's up. (requested by Ostenberg)
|
|t:|1760767624
|teamsize|p1|6
|teamsize|p2|6
|start
|switch|p1a: Ribombee|Ribombee, M|100/100
|switch|p2a: Indeedee|Indeedee-F, F|100/100
|-fieldstart|move: Psychic Terrain|[from] ability: Psychic Surge|[of] p2a: Indeedee
|turn|1
|
|t:|1760767632
|move|p1a: Ribombee|Sticky Web|p2a: Indeedee
|-sidestart|p2: enormouschilli|move: Sticky Web
|move|p2a: Indeedee|Trick Room|p2a: Indeedee
|-fieldstart|move: Trick Room|[of] p2a: Indeedee
|
|upkeep
|turn|2
|
|t:|1760767638
|move|p2a: Indeedee|Psychic|p1a: Ribombee
|-damage|p1a: Ribombee|12/100
|move|p1a: Ribombee|Bug Buzz|p2a: Indeedee
|-supereffective|p2a: Indeedee
|-damage|p2a: Indeedee|8/100
|
|upkeep
|turn|3
|
|t:|1760767648
|move|p2a: Indeedee|Psychic|p1a: Ribombee
|-damage|p1a: Ribombee|0 fnt
|faint|p1a: Ribombee
|
|upkeep
|
|t:|1760767654
|switch|p1a: Cinderace|Cinderace, M|100/100
|turn|4
|
|t:|1760767672
|move|p2a: Indeedee|Healing Wish|p2a: Indeedee
|faint|p2a: Indeedee
|move|p1a: Cinderace|Court Change|p1a: Cinderace
|-start|p1a: Cinderace|typechange|Normal|[from] ability: Libero
|-swapsideconditions
|-activate|p1a: Cinderace|move: Court Change
|
|upkeep
|
|t:|1760767682
|switch|p2a: Scrafty|Scrafty, M|100/100
|turn|5
|
|t:|1760767707
|move|p2a: Scrafty|Bulk Up|p2a: Scrafty
|-boost|p2a: Scrafty|atk|1
|-boost|p2a: Scrafty|def|1
|move|p1a: Cinderace|Pyro Ball|p2a: Scrafty
|-damage|p2a: Scrafty|77/100
|
|-heal|p2a: Scrafty|83/100|[from] item: Leftovers
|-fieldend|move: Trick Room
|-fieldend|move: Psychic Terrain
|upkeep
|turn|6
|
|t:|1760767722
|move|p1a: Cinderace|Low Kick|p2a: Scrafty
|-supereffective|p2a: Scrafty
|-damage|p2a: Scrafty|61/100
|move|p2a: Scrafty|Bulk Up|p2a: Scrafty
|-boost|p2a: Scrafty|atk|1
|-boost|p2a: Scrafty|def|1
|
|-heal|p2a: Scrafty|67/100|[from] item: Leftovers
|upkeep
|turn|7
|
|t:|1760767734
|move|p1a: Cinderace|Low Kick|p2a: Scrafty
|-supereffective|p2a: Scrafty
|-damage|p2a: Scrafty|50/100
|move|p2a: Scrafty|Rest|p2a: Scrafty
|-status|p2a: Scrafty|slp|[from] move: Rest
|-heal|p2a: Scrafty|100/100 slp|[silent]
|
|-activate|p2a: Scrafty|ability: Shed Skin
|-curestatus|p2a: Scrafty|slp|[msg]
|upkeep
|turn|8
|
|t:|1760767745
|move|p1a: Cinderace|Low Kick|p2a: Scrafty
|-supereffective|p2a: Scrafty
|-damage|p2a: Scrafty|83/100
|move|p2a: Scrafty|Bulk Up|p2a: Scrafty
|-boost|p2a: Scrafty|atk|1
|-boost|p2a: Scrafty|def|1
|
|-heal|p2a: Scrafty|89/100|[from] item: Leftovers
|upkeep
|turn|9
|
|t:|1760767768
|move|p1a: Cinderace|Low Kick|p2a: Scrafty
|-supereffective|p2a: Scrafty
|-damage|p2a: Scrafty|74/100
|move|p2a: Scrafty|Drain Punch|p1a: Cinderace
|-supereffective|p1a: Cinderace
|-enditem|p1a: Cinderace|Focus Sash
|-damage|p1a: Cinderace|1/100
|-heal|p2a: Scrafty|100/100|[from] drain|[of] p1a: Cinderace
|
|upkeep
|turn|10
|
|t:|1760767784
|move|p1a: Cinderace|Low Kick|p2a: Scrafty
|-supereffective|p2a: Scrafty
|-damage|p2a: Scrafty|87/100
|move|p2a: Scrafty|Drain Punch|p1a: Cinderace
|-supereffective|p1a: Cinderace
|-damage|p1a: Cinderace|0 fnt
|-heal|p2a: Scrafty|87/100|[from] drain|[of] p1a: Cinderace
|faint|p1a: Cinderace
|
|-heal|p2a: Scrafty|93/100|[from] item: Leftovers
|upkeep
|
|t:|1760767797
|switch|p1a: Serperior|Serperior, M|100/100
|-activate|p1a: Serperior|move: Sticky Web
|-boost|p1a: Serperior|spe|1
|turn|11
|
|t:|1760767816
|-terastallize|p2a: Scrafty|Poison
|move|p1a: Serperior|Leaf Storm|p2a: Scrafty
|-resisted|p2a: Scrafty
|-damage|p2a: Scrafty|68/100
|-boost|p1a: Serperior|spa|2
|move|p2a: Scrafty|Knock Off|p1a: Serperior
|-enditem|p1a: Serperior|Focus Sash
|-damage|p1a: Serperior|1/100
|
|-heal|p2a: Scrafty|74/100|[from] item: Leftovers
|upkeep
|turn|12
|
|t:|1760767833
|move|p1a: Serperior|Leaf Storm|p2a: Scrafty
|-resisted|p2a: Scrafty
|-damage|p2a: Scrafty|30/100
|-boost|p1a: Serperior|spa|2
|move|p2a: Scrafty|Knock Off|p1a: Serperior
|-damage|p1a: Serperior|0 fnt
|faint|p1a: Serperior
|
|-heal|p2a: Scrafty|36/100|[from] item: Leftovers
|upkeep
|inactive|Ostenberg has 120 seconds left.
|
|t:|1760767858
|switch|p1a: Dragonite|Dragonite, M|100/100
|turn|13
|
|t:|1760767882
|move|p1a: Dragonite|Earthquake|p2a: Scrafty
|-supereffective|p2a: Scrafty
|-damage|p2a: Scrafty|5/100
|move|p2a: Scrafty|Rest|p2a: Scrafty
|-status|p2a: Scrafty|slp|[from] move: Rest
|-heal|p2a: Scrafty|100/100 slp|[silent]
|
|-activate|p2a: Scrafty|ability: Shed Skin
|-curestatus|p2a: Scrafty|slp|[msg]
|upkeep
|turn|14
|c|☆Ostenberg|Hurry up man
|inactive|Ostenberg has 120 seconds left.
|
|t:|1760767901
|move|p1a: Dragonite|Dragon Dance|p1a: Dragonite
|-boost|p1a: Dragonite|atk|1
|-boost|p1a: Dragonite|spe|1
|move|p2a: Scrafty|Drain Punch|p1a: Dragonite
|-resisted|p1a: Dragonite
|-crit|p1a: Dragonite
|-damage|p1a: Dragonite|65/100
|
|upkeep
|turn|15
|c|☆enormouschilli|lool
|inactive|Ostenberg has 120 seconds left.
|
|t:|1760767917
|move|p1a: Dragonite|Dragon Dance|p1a: Dragonite
|-boost|p1a: Dragonite|atk|1
|-boost|p1a: Dragonite|spe|1
|move|p2a: Scrafty|Knock Off|p1a: Dragonite
|-damage|p1a: Dragonite|0 fnt
|-enditem|p1a: Dragonite|Lum Berry|[from] move: Knock Off|[of] p2a: Scrafty
|faint|p1a: Dragonite
|
|upkeep
|inactive|Ostenberg has 120 seconds left.
|-message|Ostenberg forfeited.
|
|win|enormouschilli
|raw|Ostenberg's rating: 1286 &rarr; <strong>1263</strong><br />(-23 for losing)
|raw|enormouschilli's rating: 1309 &rarr; <strong>1328</strong><br />(+19 for winning)
|l|☆Ostenberg
|player|p1|
|l|☆enormouschilli
|player|p2|
