|j|☆RienOfficiel
|j|‽falas
|t:|1760869700
|gametype|singles
|player|p1|RienOfficiel|cyrus|1394
|player|p2|falas|169|1424
|gen|9
|tier|[Gen 9] OU
|rated|
|rule|HP Percentage Mod: HP is shown in percentages
|rule|Endless Battle Clause: Forcing endless battles is banned
|rule|Species Clause: Limit one of each Pokémon
|rule|OHKO Clause: OHKO moves are banned
|rule|Evasion Items Clause: Evasion items are banned
|rule|Evasion Moves Clause: Evasion moves are banned
|rule|Evasion Abilities Clause: Evasion abilities are banned
|rule|Sleep Moves Clause: Sleep-inducing moves are banned
|clearpoke
|poke|p1|Ninetales, F|
|poke|p1|Kingambit, M|
|poke|p1|Hatterene, F|
|poke|p1|Great Tusk|
|poke|p1|Walking Wake|
|poke|p1|Vileplume, M|
|poke|p2|Zapdos|
|poke|p2|Clodsire, M|
|poke|p2|Gholdengo|
|poke|p2|Rillaboom, F|
|poke|p2|Weezing-Galar, M|
|poke|p2|Hoopa-Unbound|
|teampreview
|inactive|Battle timer is ON: inactive players will automatically lose when time's up. (requested by falas)
|
|t:|1760869708
|teamsize|p1|6
|teamsize|p2|6
|start
|switch|p1a: Ninetales|Ninetales, F|100/100
|switch|p2a: Zapdos|Zapdos|100/100
|-weather|SunnyDay|[from] ability: Drought|[of] p1a: Ninetales
|turn|1
|
|t:|1760869711
|switch|p1a: Hatterene|Hatterene, F|100/100
|switch|p2a: Clodsire|Clodsire, M|100/100
|
|-weather|SunnyDay|[upkeep]
|upkeep
|turn|2
|
|t:|1760869717
|move|p1a: Hatterene|Psychic Noise|p2a: Clodsire
|-supereffective|p2a: Clodsire
|-damage|p2a: Clodsire|66/100
|-start|p2a: Clodsire|move: Heal Block
|move|p2a: Clodsire|Earthquake|p1a: Hatterene
|-damage|p1a: Hatterene|79/100
|-enditem|p1a: Hatterene|Eject Button
|
|t:|1760869726
|switch|p1a: Great Tusk|Great Tusk|100/100
|-activate|p1a: Great Tusk|ability: Protosynthesis
|-start|p1a: Great Tusk|protosynthesisspe
|
|-weather|SunnyDay|[upkeep]
|upkeep
|turn|3
|
|t:|1760869729
|switch|p2a: Weezing|Weezing-Galar, M|100/100
|move|p1a: Great Tusk|Stealth Rock|p2a: Weezing
|-sidestart|p2: falas|move: Stealth Rock
|
|-weather|SunnyDay|[upkeep]
|upkeep
|turn|4
|
|t:|1760869736
|-end|p1a: Great Tusk|Protosynthesis|[silent]
|switch|p1a: Vileplume|Vileplume, M|100/100
|move|p2a: Weezing|Will-O-Wisp|p1a: Vileplume|[miss]
|-miss|p2a: Weezing|p1a: Vileplume
|
|-weather|SunnyDay|[upkeep]
|upkeep
|turn|5
|
|t:|1760869744
|switch|p2a: Zapdos|Zapdos|100/100
|-damage|p2a: Zapdos|76/100|[from] Stealth Rock
|move|p1a: Vileplume|Growth|p1a: Vileplume
|-boost|p1a: Vileplume|atk|2
|-boost|p1a: Vileplume|spa|2
|
|-weather|SunnyDay|[upkeep]
|upkeep
|turn|6
|
|t:|1760869749
|move|p1a: Vileplume|Weather Ball|p2a: Zapdos
|-damage|p2a: Zapdos|0 fnt
|faint|p2a: Zapdos
|-damage|p1a: Vileplume|91/100|[from] item: Life Orb
|
|-weather|SunnyDay|[upkeep]
|upkeep
|
|t:|1760869768
|switch|p2a: Clodsire|Clodsire, M|66/100
|-damage|p2a: Clodsire|59/100|[from] Stealth Rock
|turn|7
|
|t:|1760869778
|move|p1a: Vileplume|Weather Ball|p2a: Clodsire
|-crit|p2a: Clodsire
|-damage|p2a: Clodsire|13/100
|-damage|p1a: Vileplume|81/100|[from] item: Life Orb
|move|p2a: Clodsire|Recover|p2a: Clodsire
|-heal|p2a: Clodsire|63/100
|
|-weather|SunnyDay|[upkeep]
|-heal|p2a: Clodsire|69/100|[from] item: Black Sludge
|upkeep
|turn|8
|
|t:|1760869784
|switch|p1a: Great Tusk|Great Tusk|100/100
|-activate|p1a: Great Tusk|ability: Protosynthesis
|-start|p1a: Great Tusk|protosynthesisspe
|move|p2a: Clodsire|Recover|p2a: Clodsire
|-heal|p2a: Clodsire|100/100
|
|-weather|none
|-end|p1a: Great Tusk|Protosynthesis
|upkeep
|turn|9
|
|t:|1760869790
|switch|p2a: Weezing|Weezing-Galar, M|100/100
|-damage|p2a: Weezing|88/100|[from] Stealth Rock
|move|p1a: Great Tusk|Ice Spinner|p2a: Weezing
|-damage|p2a: Weezing|73/100
|-damage|p1a: Great Tusk|84/100|[from] item: Rocky Helmet|[of] p2a: Weezing
|
|upkeep
|turn|10
|
|t:|1760869794
|-end|p1a: Great Tusk|Protosynthesis|[silent]
|switch|p1a: Ninetales|Ninetales, F|100/100
|-weather|SunnyDay|[from] ability: Drought|[of] p1a: Ninetales
|move|p2a: Weezing|Strange Steam|p1a: Ninetales
|-resisted|p1a: Ninetales
|-damage|p1a: Ninetales|87/100
|
|-weather|SunnyDay|[upkeep]
|upkeep
|turn|11
|
|t:|1760869799
|switch|p2a: Clodsire|Clodsire, M|100/100
|-damage|p2a: Clodsire|94/100|[from] Stealth Rock
|move|p1a: Ninetales|Flamethrower|p2a: Clodsire
|-damage|p2a: Clodsire|72/100
|
|-weather|SunnyDay|[upkeep]
|-heal|p2a: Clodsire|78/100|[from] item: Black Sludge
|upkeep
|turn|12
|
|t:|1760869805
|switch|p1a: Hatterene|Hatterene, F|79/100
|move|p2a: Clodsire|Earthquake|p1a: Hatterene
|-damage|p1a: Hatterene|55/100
|
|-weather|SunnyDay|[upkeep]
|-heal|p2a: Clodsire|84/100|[from] item: Black Sludge
|upkeep
|turn|13
|
|t:|1760869812
|switch|p2a: Gholdengo|Gholdengo|100/100
|-damage|p2a: Gholdengo|94/100|[from] Stealth Rock
|move|p1a: Hatterene|Psychic Noise|p2a: Gholdengo
|-resisted|p2a: Gholdengo
|-damage|p2a: Gholdengo|74/100
|-start|p2a: Gholdengo|move: Heal Block
|
|-weather|SunnyDay|[upkeep]
|upkeep
|turn|14
|
|t:|1760869820
|switch|p1a: Walking Wake|Walking Wake|100/100
|-activate|p1a: Walking Wake|ability: Protosynthesis
|-start|p1a: Walking Wake|protosynthesisspa
|move|p2a: Gholdengo|Make It Rain|p1a: Walking Wake
|-resisted|p1a: Walking Wake
|-damage|p1a: Walking Wake|59/100
|-unboost|p2a: Gholdengo|spa|1
|
|-weather|SunnyDay|[upkeep]
|-end|p2a: Gholdengo|move: Heal Block
|upkeep
|turn|15
|
|t:|1760869824
|switch|p2a: Clodsire|Clodsire, M|84/100
|-damage|p2a: Clodsire|78/100|[from] Stealth Rock
|move|p1a: Walking Wake|Hydro Steam|p2a: Clodsire
|-supereffective|p2a: Clodsire
|-damage|p2a: Clodsire|0 fnt
|faint|p2a: Clodsire
|
|-weather|SunnyDay|[upkeep]
|upkeep
|
|t:|1760869827
|switch|p2a: Gholdengo|Gholdengo|74/100
|-damage|p2a: Gholdengo|67/100|[from] Stealth Rock
|turn|16
|
|t:|1760869834
|-end|p1a: Walking Wake|Protosynthesis|[silent]
|switch|p1a: Great Tusk|Great Tusk|84/100
|-activate|p1a: Great Tusk|ability: Protosynthesis
|-start|p1a: Great Tusk|protosynthesisspe
|-terastallize|p2a: Gholdengo|Fairy
|move|p2a: Gholdengo|Dazzling Gleam|p1a: Great Tusk
|-supereffective|p1a: Great Tusk
|-damage|p1a: Great Tusk|0 fnt
|faint|p1a: Great Tusk
|-end|p1a: Great Tusk|Protosynthesis|[silent]
|
|-weather|SunnyDay|[upkeep]
|upkeep
|
|t:|1760869838
|switch|p1a: Vileplume|Vileplume, M|81/100
|turn|17
|
|t:|1760869844
|switch|p2a: Weezing|Weezing-Galar, M|73/100
|-damage|p2a: Weezing|61/100|[from] Stealth Rock
|move|p1a: Vileplume|Sludge Bomb|p2a: Weezing
|-damage|p2a: Weezing|0 fnt
|faint|p2a: Weezing
|-damage|p1a: Vileplume|71/100|[from] item: Life Orb
|
|-weather|none
|upkeep
|
|t:|1760869846
|switch|p2a: Gholdengo|Gholdengo, tera:Fairy|67/100
|-damage|p2a: Gholdengo|55/100|[from] Stealth Rock
|turn|18
|
|t:|1760869850
|switch|p1a: Ninetales|Ninetales, F|87/100
|-weather|SunnyDay|[from] ability: Drought|[of] p1a: Ninetales
|move|p2a: Gholdengo|Make It Rain|p1a: Ninetales
|-resisted|p1a: Ninetales
|-damage|p1a: Ninetales|51/100
|-unboost|p2a: Gholdengo|spa|1
|
|-weather|SunnyDay|[upkeep]
|upkeep
|turn|19
|
|t:|1760869855
|switch|p2a: Hoopa|Hoopa-Unbound|100/100
|-damage|p2a: Hoopa|88/100|[from] Stealth Rock
|move|p1a: Ninetales|Flamethrower|p2a: Hoopa
|-damage|p2a: Hoopa|51/100
|
|-weather|SunnyDay|[upkeep]
|upkeep
|turn|20
|
|t:|1760869862
|move|p2a: Hoopa|Hyperspace Fury|p1a: Ninetales
|-damage|p1a: Ninetales|0 fnt
|-unboost|p2a: Hoopa|def|1
|faint|p1a: Ninetales
|
|-weather|SunnyDay|[upkeep]
|upkeep
|
|t:|1760869868
|switch|p1a: Kingambit|Kingambit, M|100/100
|-activate|p1a: Kingambit|ability: Supreme Overlord
|-start|p1a: Kingambit|fallen2|[silent]
|-item|p1a: Kingambit|Air Balloon
|turn|21
|
|t:|1760869875
|switch|p2a: Rillaboom|Rillaboom, F|100/100
|-damage|p2a: Rillaboom|88/100|[from] Stealth Rock
|-fieldstart|move: Grassy Terrain|[from] ability: Grassy Surge|[of] p2a: Rillaboom
|move|p1a: Kingambit|Iron Head|p2a: Rillaboom
|-damage|p2a: Rillaboom|31/100
|
|-weather|SunnyDay|[upkeep]
|-heal|p2a: Rillaboom|37/100|[from] Grassy Terrain
|upkeep
|turn|22
|
|t:|1760869882
|-end|p1a: Kingambit|fallen2|[silent]
|switch|p1a: Hatterene|Hatterene, F|55/100
|move|p2a: Rillaboom|Wood Hammer|p1a: Hatterene
|-damage|p1a: Hatterene|0 fnt
|faint|p1a: Hatterene
|-damage|p2a: Rillaboom|20/100|[from] Recoil
|
|-weather|SunnyDay|[upkeep]
|-heal|p2a: Rillaboom|27/100|[from] Grassy Terrain
|upkeep
|
|t:|1760869886
|switch|p1a: Vileplume|Vileplume, M|71/100
|turn|23
|
|t:|1760869892
|switch|p2a: Hoopa|Hoopa-Unbound|51/100
|-damage|p2a: Hoopa|39/100|[from] Stealth Rock
|move|p1a: Vileplume|Sludge Bomb|p2a: Hoopa
|-damage|p2a: Hoopa|0 fnt
|faint|p2a: Hoopa
|-damage|p1a: Vileplume|61/100|[from] item: Life Orb
|
|-weather|SunnyDay|[upkeep]
|-heal|p1a: Vileplume|67/100|[from] Grassy Terrain
|upkeep
|
|t:|1760869902
|switch|p2a: Rillaboom|Rillaboom, F|27/100
|-damage|p2a: Rillaboom|14/100|[from] Stealth Rock
|turn|24
|
|t:|1760869905
|move|p2a: Rillaboom|Grassy Glide|p1a: Vileplume
|-resisted|p1a: Vileplume
|-damage|p1a: Vileplume|47/100
|move|p1a: Vileplume|Sludge Bomb|p2a: Rillaboom
|-supereffective|p2a: Rillaboom
|-damage|p2a: Rillaboom|0 fnt
|faint|p2a: Rillaboom
|-damage|p1a: Vileplume|37/100|[from] item: Life Orb
|
|-weather|SunnyDay|[upkeep]
|-heal|p1a: Vileplume|43/100|[from] Grassy Terrain
|upkeep
|
|t:|1760869909
|switch|p2a: Gholdengo|Gholdengo, tera:Fairy|55/100
|-damage|p2a: Gholdengo|43/100|[from] Stealth Rock
|turn|25
|
|t:|1760869913
|move|p1a: Vileplume|Sludge Bomb|p2a: Gholdengo
|-supereffective|p2a: Gholdengo
|-damage|p2a: Gholdengo|0 fnt
|faint|p2a: Gholdengo
|-damage|p1a: Vileplume|33/100|[from] item: Life Orb
|
|win|RienOfficiel
|raw|RienOfficiel's rating: 1394 &rarr; <strong>1416</strong><br />(+22 for winning)
|raw|falas's rating: 1424 &rarr; <strong>1402</strong><br />(-22 for losing)
|l|‽falas
|player|p2|
|l|☆RienOfficiel
|player|p1|
