|j|☆Supa Dupa Hoopa
|j|☆tetration
|t:|1760800376
|gametype|singles
|player|p1|Supa Dupa Hoopa|101|1460
|player|p2|tetration|101|1543
|gen|9
|tier|[Gen 9] OU
|rated|
|rule|HP Percentage Mod: HP is shown in percentages
|rule|Endless Battle Clause: Forcing endless battles is banned
|rule|Species Clause: Limit one of each Pokémon
|rule|OHKO Clause: OHKO moves are banned
|rule|Evasion Items Clause: Evasion items are banned
|rule|Evasion Moves Clause: Evasion moves are banned
|rule|Evasion Abilities Clause: Evasion abilities are banned
|rule|Sleep Moves Clause: Sleep-inducing moves are banned
|clearpoke
|poke|p1|Samurott-Hisui, M|
|poke|p1|Dragapult, F|
|poke|p1|Corviknight, M|
|poke|p1|Clodsire, M|
|poke|p1|Meowscarada, M|
|poke|p1|Toxtricity-Low-Key, F|
|poke|p2|Ting-Lu|
|poke|p2|Hatterene, F|
|poke|p2|Great Tusk|
|poke|p2|Ceruledge, M|
|poke|p2|Dragonite, F|
|poke|p2|Kyurem|
|teampreview
|
|t:|1760800387
|teamsize|p1|6
|teamsize|p2|6
|start
|switch|p1a: Samurott|Samurott-Hisui, M|100/100
|switch|p2a: Kyurem|Kyurem|100/100
|-ability|p2a: Kyurem|Pressure
|turn|1
|
|t:|1760800401
|move|p2a: Kyurem|Freeze-Dry|p1a: Samurott
|-supereffective|p1a: Samurott
|-damage|p1a: Samurott|0 fnt
|faint|p1a: Samurott
|
|upkeep
|
|t:|1760800407
|switch|p1a: Dragapult|Dragapult, F|100/100
|turn|2
|
|t:|1760800413
|switch|p2a: Ting-Lu|Ting-Lu|100/100
|-ability|p2a: Ting-Lu|Vessel of Ruin
|move|p1a: Dragapult|U-turn|p2a: Ting-Lu
|-supereffective|p2a: Ting-Lu
|-damage|p2a: Ting-Lu|84/100
|
|t:|1760800418
|switch|p1a: Meowscarada|Meowscarada, M|100/100|[from] U-turn
|
|-heal|p2a: Ting-Lu|90/100|[from] item: Leftovers
|upkeep
|turn|3
|
|t:|1760800431
|switch|p2a: Dragonite|Dragonite, F|100/100
|move|p1a: Meowscarada|U-turn|p2a: Dragonite
|-start|p1a: Meowscarada|typechange|Bug|[from] ability: Protean
|-resisted|p2a: Dragonite
|-damage|p2a: Dragonite|94/100
|
|t:|1760800439
|switch|p1a: Dragapult|Dragapult, F|100/100|[from] U-turn
|
|-heal|p2a: Dragonite|99/100|[from] item: Leftovers
|upkeep
|turn|4
|
|t:|1760800444
|switch|p2a: Ting-Lu|Ting-Lu|90/100
|-ability|p2a: Ting-Lu|Vessel of Ruin
|move|p1a: Dragapult|Draco Meteor|p2a: Ting-Lu
|-damage|p2a: Ting-Lu|50/100
|-unboost|p1a: Dragapult|spa|2
|
|-heal|p2a: Ting-Lu|56/100|[from] item: Leftovers
|upkeep
|turn|5
|
|t:|1760800455
|switch|p1a: Meowscarada|Meowscarada, M|100/100
|move|p2a: Ting-Lu|Stealth Rock|p1a: Meowscarada
|-sidestart|p1: Supa Dupa Hoopa|move: Stealth Rock
|
|-heal|p2a: Ting-Lu|62/100|[from] item: Leftovers
|upkeep
|turn|6
|
|t:|1760800472
|switch|p2a: Great Tusk|Great Tusk|100/100
|move|p1a: Meowscarada|U-turn|p2a: Great Tusk
|-start|p1a: Meowscarada|typechange|Bug|[from] ability: Protean
|-resisted|p2a: Great Tusk
|-damage|p2a: Great Tusk|91/100
|inactive|Battle timer is ON: inactive players will automatically lose when time's up. (requested by tetration)
|
|t:|1760800512
|switch|p1a: Dragapult|Dragapult, F|100/100|[from] U-turn
|-damage|p1a: Dragapult|88/100|[from] Stealth Rock
|
|-heal|p2a: Great Tusk|98/100|[from] item: Leftovers
|upkeep
|turn|7
|
|t:|1760800519
|move|p1a: Dragapult|Draco Meteor|p2a: Great Tusk
|-damage|p2a: Great Tusk|0 fnt
|-unboost|p1a: Dragapult|spa|2
|faint|p2a: Great Tusk
|-end|p2a: Great Tusk|Protosynthesis|[silent]
|
|upkeep
|
|t:|1760800525
|switch|p2a: Hatterene|Hatterene, F|100/100
|turn|8
|
|t:|1760800529
|switch|p1a: Toxtricity|Toxtricity-Low-Key, F|100/100
|-damage|p1a: Toxtricity|88/100|[from] Stealth Rock
|move|p2a: Hatterene|Nuzzle|p1a: Toxtricity
|-resisted|p1a: Toxtricity
|-damage|p1a: Toxtricity|85/100
|
|upkeep
|turn|9
|
|t:|1760800541
|switch|p2a: Ting-Lu|Ting-Lu|62/100
|-ability|p2a: Ting-Lu|Vessel of Ruin
|move|p1a: Toxtricity|Sludge Bomb|p2a: Ting-Lu
|-resisted|p2a: Ting-Lu
|-damage|p2a: Ting-Lu|48/100
|-status|p2a: Ting-Lu|psn
|
|-heal|p2a: Ting-Lu|55/100 psn|[from] item: Leftovers
|-damage|p2a: Ting-Lu|42/100 psn|[from] psn
|upkeep
|turn|10
|
|t:|1760800552
|switch|p1a: Meowscarada|Meowscarada, M|100/100
|-damage|p1a: Meowscarada|88/100|[from] Stealth Rock
|move|p2a: Ting-Lu|Ruination|p1a: Meowscarada
|-damage|p1a: Meowscarada|45/100
|
|-heal|p2a: Ting-Lu|48/100 psn|[from] item: Leftovers
|-damage|p2a: Ting-Lu|36/100 psn|[from] psn
|upkeep
|turn|11
|
|t:|1760800562
|move|p1a: Meowscarada|U-turn|p2a: Ting-Lu
|-start|p1a: Meowscarada|typechange|Bug|[from] ability: Protean
|-supereffective|p2a: Ting-Lu
|-damage|p2a: Ting-Lu|0 fnt
|faint|p2a: Ting-Lu
|
|t:|1760800572
|switch|p1a: Dragapult|Dragapult, F|88/100|[from] U-turn
|-damage|p1a: Dragapult|76/100|[from] Stealth Rock
|
|upkeep
|
|t:|1760800578
|switch|p2a: Ceruledge|Ceruledge, M|100/100
|turn|12
|
|t:|1760800589
|move|p1a: Dragapult|U-turn|p2a: Ceruledge
|-resisted|p2a: Ceruledge
|-damage|p2a: Ceruledge|95/100
|-ability|p2a: Ceruledge|Weak Armor|boost
|-unboost|p2a: Ceruledge|def|1
|-boost|p2a: Ceruledge|spe|2
|
|t:|1760800594
|switch|p1a: Corviknight|Corviknight, M|100/100|[from] U-turn
|-damage|p1a: Corviknight|88/100|[from] Stealth Rock
|-ability|p1a: Corviknight|Pressure
|move|p2a: Ceruledge|Swords Dance|p2a: Ceruledge
|-boost|p2a: Ceruledge|atk|2
|
|-heal|p1a: Corviknight|94/100|[from] item: Leftovers
|upkeep
|turn|13
|
|t:|1760800606
|-terastallize|p1a: Corviknight|Fire
|move|p2a: Ceruledge|Bitter Blade|p1a: Corviknight
|-resisted|p1a: Corviknight
|-damage|p1a: Corviknight|66/100
|-heal|p2a: Ceruledge|100/100|[from] drain|[of] p1a: Corviknight
|move|p1a: Corviknight|Bulk Up|p1a: Corviknight
|-boost|p1a: Corviknight|atk|1
|-boost|p1a: Corviknight|def|1
|
|-heal|p1a: Corviknight|73/100|[from] item: Leftovers
|upkeep
|turn|14
|
|t:|1760800616
|switch|p2a: Hatterene|Hatterene, F|100/100
|move|p1a: Corviknight|Bulk Up|p1a: Corviknight
|-boost|p1a: Corviknight|atk|1
|-boost|p1a: Corviknight|def|1
|
|-heal|p1a: Corviknight|79/100|[from] item: Leftovers
|upkeep
|turn|15
|
|t:|1760800631
|move|p1a: Corviknight|Bulk Up|p1a: Corviknight
|-boost|p1a: Corviknight|atk|1
|-boost|p1a: Corviknight|def|1
|move|p2a: Hatterene|Psychic Noise|p1a: Corviknight
|-damage|p1a: Corviknight|39/100
|-start|p1a: Corviknight|move: Heal Block
|
|upkeep
|turn|16
|
|t:|1760800640
|move|p1a: Corviknight|Power Trip|p2a: Hatterene
|-damage|p2a: Hatterene|31/100
|move|p2a: Hatterene|Nuzzle|p1a: Corviknight
|-damage|p1a: Corviknight|38/100
|-status|p1a: Corviknight|par
|
|-end|p1a: Corviknight|move: Heal Block
|upkeep
|turn|17
|
|t:|1760800648
|move|p2a: Hatterene|Psychic Noise|p1a: Corviknight
|-damage|p1a: Corviknight|0 fnt
|faint|p1a: Corviknight
|
|upkeep
|
|t:|1760800654
|switch|p1a: Dragapult|Dragapult, F|76/100
|-damage|p1a: Dragapult|64/100|[from] Stealth Rock
|turn|18
|
|t:|1760800661
|move|p1a: Dragapult|Shadow Ball|p2a: Hatterene
|-supereffective|p2a: Hatterene
|-damage|p2a: Hatterene|0 fnt
|faint|p2a: Hatterene
|
|upkeep
|
|t:|1760800668
|switch|p2a: Kyurem|Kyurem|100/100
|-ability|p2a: Kyurem|Pressure
|turn|19
|
|t:|1760800674
|switch|p1a: Clodsire|Clodsire, M|100/100
|-damage|p1a: Clodsire|94/100|[from] Stealth Rock
|move|p2a: Kyurem|Ice Beam|p1a: Clodsire
|-supereffective|p1a: Clodsire
|-damage|p1a: Clodsire|19/100
|
|-heal|p1a: Clodsire|25/100|[from] item: Leftovers
|upkeep
|turn|20
|
|t:|1760800684
|move|p2a: Kyurem|Ice Beam|p1a: Clodsire
|-supereffective|p1a: Clodsire
|-damage|p1a: Clodsire|0 fnt
|faint|p1a: Clodsire
|
|upkeep
|
|t:|1760800689
|switch|p1a: Dragapult|Dragapult, F|64/100
|-damage|p1a: Dragapult|51/100|[from] Stealth Rock
|turn|21
|
|t:|1760800693
|move|p1a: Dragapult|Draco Meteor|p2a: Kyurem
|-supereffective|p2a: Kyurem
|-damage|p2a: Kyurem|0 fnt
|-unboost|p1a: Dragapult|spa|2
|faint|p2a: Kyurem
|
|upkeep
|
|t:|1760800697
|switch|p2a: Dragonite|Dragonite, F|99/100
|turn|22
|
|t:|1760800702
|-terastallize|p2a: Dragonite|Fairy
|move|p1a: Dragapult|Draco Meteor|p2a: Dragonite
|-immune|p2a: Dragonite
|move|p2a: Dragonite|Dragon Dance|p2a: Dragonite
|-boost|p2a: Dragonite|atk|1
|-boost|p2a: Dragonite|spe|1
|
|-heal|p2a: Dragonite|100/100|[from] item: Leftovers
|upkeep
|turn|23
|
|t:|1760800715
|switch|p1a: Toxtricity|Toxtricity-Low-Key, F|85/100
|-damage|p1a: Toxtricity|73/100|[from] Stealth Rock
|move|p2a: Dragonite|Dragon Dance|p2a: Dragonite
|-boost|p2a: Dragonite|atk|1
|-boost|p2a: Dragonite|spe|1
|
|upkeep
|turn|24
|
|t:|1760800722
|move|p2a: Dragonite|Earthquake|p1a: Toxtricity
|-supereffective|p1a: Toxtricity
|-damage|p1a: Toxtricity|0 fnt
|faint|p1a: Toxtricity
|
|upkeep
|c|☆tetration|gg
|
|t:|1760800729
|switch|p1a: Meowscarada|Meowscarada, M|45/100
|-damage|p1a: Meowscarada|32/100|[from] Stealth Rock
|turn|25
|
|t:|1760800739
|move|p1a: Meowscarada|Trick|p2a: Dragonite
|-start|p1a: Meowscarada|typechange|Psychic|[from] ability: Protean
|-activate|p1a: Meowscarada|move: Trick|[of] p2a: Dragonite
|-item|p2a: Dragonite|Choice Scarf|[from] move: Trick
|-item|p1a: Meowscarada|Leftovers|[from] move: Trick
|move|p2a: Dragonite|Earthquake|p1a: Meowscarada
|-damage|p1a: Meowscarada|0 fnt
|faint|p1a: Meowscarada
|
|upkeep
|-message|Supa Dupa Hoopa forfeited.
|
|win|tetration
|raw|Supa Dupa Hoopa's rating: 1460 &rarr; <strong>1445</strong><br />(-15 for losing)
|raw|tetration's rating: 1543 &rarr; <strong>1558</strong><br />(+15 for winning)
|l|☆Supa Dupa Hoopa
|player|p1|
