|j|☆Mist02
|j|☆BurritaSabanera
|t:|1760718687
|gametype|singles
|player|p1|Mist02|265|1313
|player|p2|BurritaSabanera|smasher|1323
|gen|9
|tier|[Gen 9] OU
|rated|
|rule|HP Percentage Mod: HP is shown in percentages
|rule|Endless Battle Clause: Forcing endless battles is banned
|rule|Species Clause: Limit one of each Pokémon
|rule|OHKO Clause: OHKO moves are banned
|rule|Evasion Items Clause: Evasion items are banned
|rule|Evasion Moves Clause: Evasion moves are banned
|rule|Evasion Abilities Clause: Evasion abilities are banned
|rule|Sleep Moves Clause: Sleep-inducing moves are banned
|clearpoke
|poke|p1|Hippowdon, F|
|poke|p1|Houndstone, F|
|poke|p1|Gastrodon, M|
|poke|p1|Glimmora, F|
|poke|p1|Corviknight, M|
|poke|p1|Lycanroc, M|
|poke|p2|Darkrai|
|poke|p2|Great Tusk|
|poke|p2|Gholdengo|
|poke|p2|Kingambit, M|
|poke|p2|Glimmora, M|
|poke|p2|Dragonite, M|
|teampreview
|
|t:|1760718713
|teamsize|p1|6
|teamsize|p2|6
|start
|switch|p1a: Hippowdon|Hippowdon, F|100/100
|switch|p2a: Darkrai|Darkrai, shiny|100/100
|-weather|Sandstorm|[from] ability: Sand Stream|[of] p1a: Hippowdon
|turn|1
|
|t:|1760718721
|move|p2a: Darkrai|Ice Beam|p1a: Hippowdon
|-supereffective|p1a: Hippowdon
|-damage|p1a: Hippowdon|31/100
|move|p1a: Hippowdon|Stealth Rock|p2a: Darkrai
|-sidestart|p2: BurritaSabanera|move: Stealth Rock
|
|-weather|Sandstorm|[upkeep]
|-damage|p2a: Darkrai|94/100|[from] Sandstorm
|upkeep
|turn|2
|
|t:|1760718734
|switch|p1a: Glimmora|Glimmora, F|100/100
|move|p2a: Darkrai|Dark Pulse|p1a: Glimmora
|-damage|p1a: Glimmora|56/100
|
|-weather|Sandstorm|[upkeep]
|-damage|p2a: Darkrai|88/100|[from] Sandstorm
|upkeep
|turn|3
|
|t:|1760718744
|switch|p2a: Glimmora|Glimmora, M, shiny|100/100
|-damage|p2a: Glimmora|88/100|[from] Stealth Rock
|move|p1a: Glimmora|Power Gem|p2a: Glimmora
|-damage|p2a: Glimmora|50/100
|
|-weather|Sandstorm|[upkeep]
|upkeep
|turn|4
|
|t:|1760718752
|move|p1a: Glimmora|Earth Power|p2a: Glimmora
|-supereffective|p2a: Glimmora
|-damage|p2a: Glimmora|0 fnt
|faint|p2a: Glimmora
|
|-weather|Sandstorm|[upkeep]
|upkeep
|
|t:|1760718760
|switch|p2a: Great Tusk|Great Tusk, shiny|100/100
|-damage|p2a: Great Tusk|97/100|[from] Stealth Rock
|-enditem|p2a: Great Tusk|Booster Energy
|-activate|p2a: Great Tusk|ability: Protosynthesis|[fromitem]
|-start|p2a: Great Tusk|protosynthesisspe
|turn|5
|
|t:|1760718768
|switch|p1a: Houndstone|Houndstone, F|100/100
|move|p2a: Great Tusk|Bulk Up|p2a: Great Tusk
|-boost|p2a: Great Tusk|atk|1
|-boost|p2a: Great Tusk|def|1
|
|-weather|Sandstorm|[upkeep]
|upkeep
|turn|6
|
|t:|1760718784
|move|p2a: Great Tusk|Head Smash|p1a: Houndstone
|-damage|p1a: Houndstone|19/100
|-damage|p2a: Great Tusk|71/100|[from] Recoil
|move|p1a: Houndstone|Roar|p2a: Great Tusk
|-end|p2a: Great Tusk|Protosynthesis|[silent]
|drag|p2a: Dragonite|Dragonite, M, shiny|100/100
|-damage|p2a: Dragonite|76/100|[from] Stealth Rock
|
|-weather|Sandstorm|[upkeep]
|-damage|p2a: Dragonite|69/100|[from] Sandstorm
|upkeep
|turn|7
|
|t:|1760718795
|move|p1a: Houndstone|Play Rough|p2a: Dragonite
|-supereffective|p2a: Dragonite
|-damage|p2a: Dragonite|11/100
|move|p2a: Dragonite|Roost|p2a: Dragonite
|-heal|p2a: Dragonite|61/100
|-singleturn|p2a: Dragonite|move: Roost
|
|-weather|Sandstorm|[upkeep]
|-damage|p2a: Dragonite|55/100|[from] Sandstorm
|upkeep
|turn|8
|
|t:|1760718806
|-terastallize|p2a: Dragonite|Fairy
|move|p1a: Houndstone|Poltergeist|p2a: Dragonite
|-activate|p2a: Dragonite|move: Poltergeist|Covert Cloak
|-damage|p2a: Dragonite|7/100
|move|p2a: Dragonite|Roost|p2a: Dragonite
|-heal|p2a: Dragonite|57/100
|
|-weather|none
|upkeep
|turn|9
|
|t:|1760718816
|move|p2a: Dragonite|Tera Blast|p1a: Houndstone|[anim] Tera Blast Fairy
|-damage|p1a: Houndstone|0 fnt
|faint|p1a: Houndstone
|
|upkeep
|
|t:|1760718821
|switch|p1a: Hippowdon|Hippowdon, F|31/100
|-weather|Sandstorm|[from] ability: Sand Stream|[of] p1a: Hippowdon
|turn|10
|
|t:|1760718826
|move|p2a: Dragonite|Roost|p2a: Dragonite
|-heal|p2a: Dragonite|100/100
|move|p1a: Hippowdon|Slack Off|p1a: Hippowdon
|-heal|p1a: Hippowdon|81/100
|
|-weather|Sandstorm|[upkeep]
|-damage|p2a: Dragonite|94/100|[from] Sandstorm
|upkeep
|turn|11
|
|t:|1760718836
|switch|p1a: Corviknight|Corviknight, M|100/100
|move|p2a: Dragonite|Dragon Dance|p2a: Dragonite
|-boost|p2a: Dragonite|atk|1
|-boost|p2a: Dragonite|spe|1
|
|-weather|Sandstorm|[upkeep]
|-damage|p2a: Dragonite|88/100|[from] Sandstorm
|upkeep
|turn|12
|
|t:|1760718846
|move|p2a: Dragonite|Dragon Dance|p2a: Dragonite
|-boost|p2a: Dragonite|atk|1
|-boost|p2a: Dragonite|spe|1
|move|p1a: Corviknight|U-turn|p2a: Dragonite
|-resisted|p2a: Dragonite
|-damage|p2a: Dragonite|81/100
|
|t:|1760718852
|switch|p1a: Lycanroc|Lycanroc, M|100/100|[from] U-turn
|
|-weather|Sandstorm|[upkeep]
|-damage|p2a: Dragonite|75/100|[from] Sandstorm
|upkeep
|turn|13
|
|t:|1760718859
|move|p1a: Lycanroc|Stone Edge|p2a: Dragonite|[miss]
|-miss|p1a: Lycanroc|p2a: Dragonite
|move|p2a: Dragonite|Roost|p2a: Dragonite
|-heal|p2a: Dragonite|100/100
|
|-weather|Sandstorm|[upkeep]
|-damage|p2a: Dragonite|94/100|[from] Sandstorm
|upkeep
|turn|14
|
|t:|1760718868
|-terastallize|p1a: Lycanroc|Rock
|move|p1a: Lycanroc|Stone Edge|p2a: Dragonite|[miss]
|-miss|p1a: Lycanroc|p2a: Dragonite
|move|p2a: Dragonite|Earthquake|p1a: Lycanroc
|-supereffective|p1a: Lycanroc
|-damage|p1a: Lycanroc|0 fnt
|faint|p1a: Lycanroc
|
|-weather|Sandstorm|[upkeep]
|-damage|p2a: Dragonite|88/100|[from] Sandstorm
|upkeep
|-message|Mist02 forfeited.
|
|win|BurritaSabanera
|raw|Mist02's rating: 1313 &rarr; <strong>1294</strong><br />(-19 for losing)
|raw|BurritaSabanera's rating: 1323 &rarr; <strong>1342</strong><br />(+19 for winning)
|l|☆Mist02
|player|p1|
|l|☆BurritaSabanera
|player|p2|
