|j|☆Chocokoala VGC
|j|☆Verminator
|t:|1760782507
|gametype|singles
|player|p1|Chocokoala VGC|aaron|1332
|player|p2|Verminator|bruno|1365
|gen|9
|tier|[Gen 9] OU
|rated|
|rule|HP Percentage Mod: HP is shown in percentages
|rule|Endless Battle Clause: Forcing endless battles is banned
|rule|Species Clause: Limit one of each Pokémon
|rule|OHKO Clause: OHKO moves are banned
|rule|Evasion Items Clause: Evasion items are banned
|rule|Evasion Moves Clause: Evasion moves are banned
|rule|Evasion Abilities Clause: Evasion abilities are banned
|rule|Sleep Moves Clause: Sleep-inducing moves are banned
|clearpoke
|poke|p1|Incineroar, M|
|poke|p1|Landorus-Therian, M|
|poke|p1|Ogerpon-Wellspring, F|
|poke|p1|Gholdengo|
|poke|p1|Great Tusk|
|poke|p1|Alomomola, M|
|poke|p2|Weavile, M|
|poke|p2|Slowking-Galar, M|
|poke|p2|Moltres|
|poke|p2|Scizor, F|
|poke|p2|Quagsire, F|
|poke|p2|Garchomp, M|
|teampreview
|inactive|Battle timer is ON: inactive players will automatically lose when time's up. (requested by Chocokoala VGC)
|
|t:|1760782521
|teamsize|p1|6
|teamsize|p2|6
|start
|switch|p1a: Landorus|Landorus-Therian, M|100/100
|switch|p2a: Slowking|Slowking-Galar, M|100/100
|-ability|p1a: Landorus|Intimidate|boost
|-unboost|p2a: Slowking|atk|1
|turn|1
|
|t:|1760782529
|move|p1a: Landorus|Earthquake|p2a: Slowking
|-supereffective|p2a: Slowking
|-damage|p2a: Slowking|0 fnt
|faint|p2a: Slowking
|
|upkeep
|
|t:|1760782532
|switch|p2a: Weavile|Weavile, M|100/100
|turn|2
|
|t:|1760782538
|switch|p1a: Incineroar|Incineroar, M|100/100
|-ability|p1a: Incineroar|Intimidate|boost
|-unboost|p2a: Weavile|atk|1
|move|p2a: Weavile|Icicle Crash|p1a: Incineroar|[miss]
|-miss|p2a: Weavile|p1a: Incineroar
|
|upkeep
|turn|3
|
|t:|1760782546
|switch|p2a: Quagsire|Quagsire, F|100/100
|move|p1a: Incineroar|Will-O-Wisp|p2a: Quagsire|[miss]
|-miss|p1a: Incineroar|p2a: Quagsire
|
|upkeep
|turn|4
|
|t:|1760782551
|move|p1a: Incineroar|Parting Shot|p2a: Quagsire
|-unboost|p2a: Quagsire|atk|1
|-unboost|p2a: Quagsire|spa|1
|
|t:|1760782559
|switch|p1a: Landorus|Landorus-Therian, M|100/100|[from] Parting Shot
|-ability|p1a: Landorus|Intimidate|boost
|-unboost|p2a: Quagsire|atk|1
|move|p2a: Quagsire|Toxic|p1a: Landorus
|-status|p1a: Landorus|tox
|
|-damage|p1a: Landorus|95/100 tox|[from] psn
|upkeep
|turn|5
|
|t:|1760782567
|move|p1a: Landorus|Stealth Rock|p2a: Quagsire
|-sidestart|p2: Verminator|move: Stealth Rock
|move|p2a: Quagsire|Stealth Rock|p1a: Landorus
|-sidestart|p1: Chocokoala VGC|move: Stealth Rock
|
|-damage|p1a: Landorus|83/100 tox|[from] psn
|upkeep
|turn|6
|
|t:|1760782577
|move|p1a: Landorus|Earthquake|p2a: Quagsire
|-crit|p2a: Quagsire
|-damage|p2a: Quagsire|45/100
|move|p2a: Quagsire|Toxic|p1a: Landorus
|-fail|p1a: Landorus|tox
|
|-heal|p2a: Quagsire|51/100|[from] item: Leftovers
|-damage|p1a: Landorus|65/100 tox|[from] psn
|upkeep
|turn|7
|
|t:|1760782582
|move|p1a: Landorus|Earthquake|p2a: Quagsire
|-damage|p2a: Quagsire|14/100
|move|p2a: Quagsire|Recover|p2a: Quagsire
|-heal|p2a: Quagsire|64/100
|
|-heal|p2a: Quagsire|71/100|[from] item: Leftovers
|-damage|p1a: Landorus|41/100 tox|[from] psn
|upkeep
|turn|8
|
|t:|1760782590
|move|p1a: Landorus|U-turn|p2a: Quagsire
|-damage|p2a: Quagsire|53/100
|
|t:|1760782593
|switch|p1a: Great Tusk|Great Tusk|100/100|[from] U-turn
|move|p2a: Quagsire|Recover|p2a: Quagsire
|-heal|p2a: Quagsire|100/100
|
|upkeep
|turn|9
|
|t:|1760782600
|move|p1a: Great Tusk|Rapid Spin|p2a: Quagsire
|-damage|p2a: Quagsire|88/100
|-boost|p1a: Great Tusk|spe|1
|-sideend|p1: Chocokoala VGC|Stealth Rock|[from] move: Rapid Spin|[of] p1a: Great Tusk
|move|p2a: Quagsire|Toxic|p1a: Great Tusk
|-status|p1a: Great Tusk|tox
|
|-heal|p2a: Quagsire|94/100|[from] item: Leftovers
|-damage|p1a: Great Tusk|94/100 tox|[from] psn
|upkeep
|turn|10
|
|t:|1760782609
|move|p1a: Great Tusk|Close Combat|p2a: Quagsire
|-damage|p2a: Quagsire|52/100
|-unboost|p1a: Great Tusk|def|1
|-unboost|p1a: Great Tusk|spd|1
|move|p2a: Quagsire|Stealth Rock|p1a: Great Tusk
|-sidestart|p1: Chocokoala VGC|move: Stealth Rock
|
|-heal|p2a: Quagsire|58/100|[from] item: Leftovers
|-damage|p1a: Great Tusk|82/100 tox|[from] psn
|upkeep
|turn|11
|
|t:|1760782612
|move|p1a: Great Tusk|Close Combat|p2a: Quagsire
|-damage|p2a: Quagsire|12/100
|-unboost|p1a: Great Tusk|def|1
|-unboost|p1a: Great Tusk|spd|1
|move|p2a: Quagsire|Recover|p2a: Quagsire
|-heal|p2a: Quagsire|62/100
|
|-heal|p2a: Quagsire|68/100|[from] item: Leftovers
|-damage|p1a: Great Tusk|63/100 tox|[from] psn
|upkeep
|turn|12
|
|t:|1760782622
|move|p1a: Great Tusk|Headlong Rush|p2a: Quagsire
|-damage|p2a: Quagsire|25/100
|-unboost|p1a: Great Tusk|def|1
|-unboost|p1a: Great Tusk|spd|1
|move|p2a: Quagsire|Recover|p2a: Quagsire
|-heal|p2a: Quagsire|75/100
|
|-heal|p2a: Quagsire|81/100|[from] item: Leftovers
|-damage|p1a: Great Tusk|39/100 tox|[from] psn
|upkeep
|turn|13
|
|t:|1760782628
|move|p1a: Great Tusk|Rapid Spin|p2a: Quagsire
|-damage|p2a: Quagsire|69/100
|-boost|p1a: Great Tusk|spe|1
|-sideend|p1: Chocokoala VGC|Stealth Rock|[from] move: Rapid Spin|[of] p1a: Great Tusk
|move|p2a: Quagsire|Recover|p2a: Quagsire
|-heal|p2a: Quagsire|100/100
|
|-damage|p1a: Great Tusk|8/100 tox|[from] psn
|upkeep
|turn|14
|
|t:|1760782641
|-end|p1a: Great Tusk|Protosynthesis|[silent]
|switch|p1a: Alomomola|Alomomola, M|100/100
|move|p2a: Quagsire|Stealth Rock|p1a: Alomomola
|-sidestart|p1: Chocokoala VGC|move: Stealth Rock
|
|upkeep
|turn|15
|
|t:|1760782646
|move|p1a: Alomomola|Wish|p1a: Alomomola
|move|p2a: Quagsire|Toxic|p1a: Alomomola
|-status|p1a: Alomomola|tox
|
|-damage|p1a: Alomomola|94/100 tox|[from] psn
|upkeep
|turn|16
|
|t:|1760782652
|switch|p2a: Scizor|Scizor, F|100/100
|-damage|p2a: Scizor|88/100|[from] Stealth Rock
|move|p1a: Alomomola|Flip Turn|p2a: Scizor
|-damage|p2a: Scizor|72/100
|
|t:|1760782664
|switch|p1a: Great Tusk|Great Tusk|8/100 tox|[from] Flip Turn
|
|-heal|p1a: Great Tusk|79/100 tox|[from] move: Wish|[wisher] Alomomola
|-damage|p1a: Great Tusk|73/100 tox|[from] psn
|upkeep
|turn|17
|
|t:|1760782671
|-end|p1a: Great Tusk|Protosynthesis|[silent]
|switch|p1a: Incineroar|Incineroar, M|100/100
|-ability|p1a: Incineroar|Intimidate|boost
|-unboost|p2a: Scizor|atk|1
|move|p2a: Scizor|Swords Dance|p2a: Scizor
|-boost|p2a: Scizor|atk|2
|
|upkeep
|turn|18
|
|t:|1760782676
|switch|p2a: Quagsire|Quagsire, F|100/100
|-damage|p2a: Quagsire|94/100|[from] Stealth Rock
|move|p1a: Incineroar|Flare Blitz|p2a: Quagsire
|-resisted|p2a: Quagsire
|-damage|p2a: Quagsire|79/100
|-damage|p1a: Incineroar|95/100|[from] Recoil
|
|-heal|p2a: Quagsire|85/100|[from] item: Leftovers
|upkeep
|turn|19
|
|t:|1760782683
|move|p1a: Incineroar|Knock Off|p2a: Quagsire
|-damage|p2a: Quagsire|59/100
|-enditem|p2a: Quagsire|Leftovers|[from] move: Knock Off|[of] p1a: Incineroar
|move|p2a: Quagsire|Earthquake|p1a: Incineroar
|-supereffective|p1a: Incineroar
|-damage|p1a: Incineroar|37/100
|
|upkeep
|turn|20
|
|t:|1760782690
|move|p1a: Incineroar|Parting Shot|p2a: Quagsire
|-unboost|p2a: Quagsire|atk|1
|-unboost|p2a: Quagsire|spa|1
|
|t:|1760782693
|switch|p1a: Great Tusk|Great Tusk|73/100 tox|[from] Parting Shot
|move|p2a: Quagsire|Earthquake|p1a: Great Tusk
|-damage|p1a: Great Tusk|59/100 tox
|
|-damage|p1a: Great Tusk|53/100 tox|[from] psn
|upkeep
|turn|21
|
|t:|1760782700
|move|p1a: Great Tusk|Rapid Spin|p2a: Quagsire
|-damage|p2a: Quagsire|48/100
|-boost|p1a: Great Tusk|spe|1
|-sideend|p1: Chocokoala VGC|Stealth Rock|[from] move: Rapid Spin|[of] p1a: Great Tusk
|move|p2a: Quagsire|Stealth Rock|p1a: Great Tusk
|-sidestart|p1: Chocokoala VGC|move: Stealth Rock
|
|-damage|p1a: Great Tusk|40/100 tox|[from] psn
|upkeep
|turn|22
|
|t:|1760782713
|-end|p1a: Great Tusk|Protosynthesis|[silent]
|switch|p1a: Gholdengo|Gholdengo|100/100
|-damage|p1a: Gholdengo|94/100|[from] Stealth Rock
|-item|p1a: Gholdengo|Air Balloon
|move|p2a: Quagsire|Recover|p2a: Quagsire
|-heal|p2a: Quagsire|98/100
|
|upkeep
|turn|23
|
|t:|1760782723
|switch|p2a: Moltres|Moltres|100/100
|move|p1a: Gholdengo|Nasty Plot|p1a: Gholdengo
|-boost|p1a: Gholdengo|spa|2
|
|upkeep
|turn|24
|
|t:|1760782728
|-terastallize|p1a: Gholdengo|Fairy
|move|p1a: Gholdengo|Shadow Ball|p2a: Moltres
|-damage|p2a: Moltres|13/100
|move|p2a: Moltres|Flamethrower|p1a: Gholdengo
|-damage|p1a: Gholdengo|34/100
|-status|p1a: Gholdengo|brn
|-enditem|p1a: Gholdengo|Air Balloon
|
|-damage|p1a: Gholdengo|28/100 brn|[from] brn
|upkeep
|turn|25
|
|t:|1760782743
|move|p1a: Gholdengo|Shadow Ball|p2a: Moltres
|-damage|p2a: Moltres|0 fnt
|faint|p2a: Moltres
|
|-damage|p1a: Gholdengo|22/100 brn|[from] brn
|upkeep
|
|t:|1760782746
|switch|p2a: Scizor|Scizor, F|72/100
|-damage|p2a: Scizor|60/100|[from] Stealth Rock
|turn|26
|
|t:|1760782752
|move|p1a: Gholdengo|Shadow Ball|p2a: Scizor
|-damage|p2a: Scizor|0 fnt
|faint|p2a: Scizor
|
|-damage|p1a: Gholdengo|16/100 brn|[from] brn
|upkeep
|
|t:|1760782755
|switch|p2a: Weavile|Weavile, M|100/100
|-damage|p2a: Weavile|76/100|[from] Stealth Rock
|turn|27
|
|t:|1760782758
|move|p2a: Weavile|Ice Shard|p1a: Gholdengo
|-damage|p1a: Gholdengo|0 fnt
|faint|p1a: Gholdengo
|-damage|p2a: Weavile|66/100|[from] item: Life Orb
|
|upkeep
|
|t:|1760782760
|switch|p1a: Incineroar|Incineroar, M|37/100
|-ability|p1a: Incineroar|Intimidate|boost
|-unboost|p2a: Weavile|atk|1
|turn|28
|
|t:|1760782766
|move|p2a: Weavile|Icicle Crash|p1a: Incineroar
|-resisted|p1a: Incineroar
|-damage|p1a: Incineroar|21/100
|-damage|p2a: Weavile|56/100|[from] item: Life Orb
|move|p1a: Incineroar|Will-O-Wisp|p2a: Weavile
|-status|p2a: Weavile|brn
|
|-damage|p2a: Weavile|50/100 brn|[from] brn
|upkeep
|turn|29
|
|t:|1760782780
|move|p2a: Weavile|Knock Off|p1a: Incineroar
|-resisted|p1a: Incineroar
|-damage|p1a: Incineroar|12/100
|-enditem|p1a: Incineroar|Heavy-Duty Boots|[from] move: Knock Off|[of] p2a: Weavile
|-damage|p2a: Weavile|40/100 brn|[from] item: Life Orb
|move|p1a: Incineroar|Parting Shot|p2a: Weavile
|-unboost|p2a: Weavile|atk|1
|-unboost|p2a: Weavile|spa|1
|
|t:|1760782786
|switch|p1a: Alomomola|Alomomola, M|100/100 tox|[from] Parting Shot
|
|-damage|p1a: Alomomola|94/100 tox|[from] psn
|-damage|p2a: Weavile|34/100 brn|[from] brn
|upkeep
|turn|30
|
|t:|1760782792
|move|p2a: Weavile|Knock Off|p1a: Alomomola
|-damage|p1a: Alomomola|87/100 tox
|-enditem|p1a: Alomomola|Heavy-Duty Boots|[from] move: Knock Off|[of] p2a: Weavile
|-damage|p2a: Weavile|24/100 brn|[from] item: Life Orb
|move|p1a: Alomomola|Wish|p1a: Alomomola
|
|-damage|p1a: Alomomola|74/100 tox|[from] psn
|-damage|p2a: Weavile|18/100 brn|[from] brn
|upkeep
|turn|31
|
|t:|1760782801
|move|p2a: Weavile|Swords Dance|p2a: Weavile
|-boost|p2a: Weavile|atk|2
|move|p1a: Alomomola|Flip Turn|p2a: Weavile
|-damage|p2a: Weavile|0 fnt
|faint|p2a: Weavile
|
|t:|1760782809
|switch|p1a: Incineroar|Incineroar, M|12/100|[from] Flip Turn
|-damage|p1a: Incineroar|0 fnt|[from] Stealth Rock
|faint|p1a: Incineroar
|
|upkeep
|
|t:|1760782820
|switch|p2a: Garchomp|Garchomp, M|100/100
|switch|p1a: Landorus|Landorus-Therian, M|41/100 tox
|-damage|p2a: Garchomp|94/100|[from] Stealth Rock
|-damage|p1a: Landorus|29/100 tox|[from] Stealth Rock
|-ability|p1a: Landorus|Intimidate|boost
|-unboost|p2a: Garchomp|atk|1
|turn|32
|
|t:|1760782839
|switch|p1a: Alomomola|Alomomola, M|100/100 tox
|-damage|p1a: Alomomola|88/100 tox|[from] Stealth Rock
|move|p2a: Garchomp|Swords Dance|p2a: Garchomp
|-boost|p2a: Garchomp|atk|2
|
|-damage|p1a: Alomomola|82/100 tox|[from] psn
|upkeep
|turn|33
|
|t:|1760782845
|move|p2a: Garchomp|Swords Dance|p2a: Garchomp
|-boost|p2a: Garchomp|atk|2
|move|p1a: Alomomola|Scald|p2a: Garchomp
|-damage|p2a: Garchomp|79/100
|
|-damage|p1a: Alomomola|70/100 tox|[from] psn
|upkeep
|turn|34
|
|t:|1760782856
|move|p2a: Garchomp|Scale Shot|p1a: Alomomola
|-damage|p1a: Alomomola|51/100 tox
|-damage|p1a: Alomomola|33/100 tox
|-damage|p1a: Alomomola|16/100 tox
|-damage|p1a: Alomomola|0 fnt
|faint|p1a: Alomomola
|-hitcount|p1: Alomomola|4
|-unboost|p2a: Garchomp|def|1
|-boost|p2a: Garchomp|spe|1
|
|upkeep
|
|t:|1760782863
|switch|p1a: Ogerpon|Ogerpon-Wellspring, F|100/100
|-damage|p1a: Ogerpon|88/100|[from] Stealth Rock
|turn|35
|
|t:|1760782868
|move|p2a: Garchomp|Scale Shot|p1a: Ogerpon
|-damage|p1a: Ogerpon|46/100
|-damage|p1a: Ogerpon|6/100
|-damage|p1a: Ogerpon|0 fnt
|faint|p1a: Ogerpon
|-hitcount|p1: Ogerpon|3
|-unboost|p2a: Garchomp|def|1
|-boost|p2a: Garchomp|spe|1
|
|upkeep
|-message|Chocokoala VGC forfeited.
|
|win|Verminator
|raw|Chocokoala VGC's rating: 1332 &rarr; <strong>1314</strong><br />(-18 for losing)
|raw|Verminator's rating: 1365 &rarr; <strong>1383</strong><br />(+18 for winning)
|l|☆Chocokoala VGC
|player|p1|
|l|☆Verminator
|player|p2|
