|j|☆Dream remmeng
|j|☆After_Sh0ck
|t:|1760766197
|gametype|singles
|player|p1|Dream remmeng|lisia-masters|1196
|player|p2|After_Sh0ck|gentleman-gen4|1268
|gen|9
|tier|[Gen 9] OU
|rated|
|rule|HP Percentage Mod: HP is shown in percentages
|rule|Endless Battle Clause: Forcing endless battles is banned
|rule|Species Clause: Limit one of each Pokémon
|rule|OHKO Clause: OHKO moves are banned
|rule|Evasion Items Clause: Evasion items are banned
|rule|Evasion Moves Clause: Evasion moves are banned
|rule|Evasion Abilities Clause: Evasion abilities are banned
|rule|Sleep Moves Clause: Sleep-inducing moves are banned
|clearpoke
|poke|p1|Ursaluna, F|
|poke|p1|Scizor, M|
|poke|p1|Dragapult, M|
|poke|p1|Iron Moth|
|poke|p1|Alomomola, M|
|poke|p1|Bisharp, M|
|poke|p2|Blissey, F|
|poke|p2|Skarmory, M|
|poke|p2|Gliscor, M|
|poke|p2|Amoonguss, F|
|poke|p2|Alomomola, F|
|poke|p2|Clodsire, F|
|teampreview
|inactive|Battle timer is ON: inactive players will automatically lose when time's up. (requested by After_Sh0ck)
|
|t:|1760766219
|teamsize|p1|6
|teamsize|p2|6
|start
|switch|p1a: Iron Moth|Iron Moth|100/100
|switch|p2a: Gliscor|Gliscor, M|100/100
|-enditem|p1a: Iron Moth|Booster Energy
|-activate|p1a: Iron Moth|ability: Quark Drive|[fromitem]
|-start|p1a: Iron Moth|quarkdrivespe
|turn|1
|
|t:|1760766248
|-end|p1a: Iron Moth|Quark Drive|[silent]
|switch|p1a: Alomomola|Alomomola, M|100/100
|move|p2a: Gliscor|Earthquake|p1a: Alomomola
|-damage|p1a: Alomomola|81/100
|
|-status|p2a: Gliscor|tox|[from] item: Toxic Orb
|upkeep
|turn|2
|
|t:|1760766256
|move|p2a: Gliscor|Swords Dance|p2a: Gliscor
|-boost|p2a: Gliscor|atk|2
|move|p1a: Alomomola|Flip Turn|p2a: Gliscor
|-supereffective|p2a: Gliscor
|-damage|p2a: Gliscor|75/100 tox
|
|t:|1760766270
|switch|p1a: Ursaluna|Ursaluna, F|100/100|[from] Flip Turn
|
|-heal|p2a: Gliscor|87/100 tox|[from] ability: Poison Heal
|-status|p1a: Ursaluna|brn|[from] item: Flame Orb
|upkeep
|turn|3
|
|t:|1760766286
|-terastallize|p1a: Ursaluna|Normal
|move|p2a: Gliscor|Protect|p2a: Gliscor
|-singleturn|p2a: Gliscor|Protect
|move|p1a: Ursaluna|Facade|p2a: Gliscor
|-activate|p2a: Gliscor|move: Protect
|
|-heal|p2a: Gliscor|99/100 tox|[from] ability: Poison Heal
|-damage|p1a: Ursaluna|94/100 brn|[from] brn
|upkeep
|turn|4
|
|t:|1760766304
|switch|p2a: Skarmory|Skarmory, M|100/100
|move|p1a: Ursaluna|Facade|p2a: Skarmory
|-resisted|p2a: Skarmory
|-damage|p2a: Skarmory|32/100
|-damage|p1a: Ursaluna|78/100 brn|[from] item: Rocky Helmet|[of] p2a: Skarmory
|
|-damage|p1a: Ursaluna|72/100 brn|[from] brn
|upkeep
|turn|5
|
|t:|1760766326
|move|p2a: Skarmory|Iron Defense|p2a: Skarmory
|-boost|p2a: Skarmory|def|2
|move|p1a: Ursaluna|Close Combat|p2a: Skarmory
|-damage|p2a: Skarmory|6/100
|-unboost|p1a: Ursaluna|def|1
|-unboost|p1a: Ursaluna|spd|1
|-damage|p1a: Ursaluna|55/100 brn|[from] item: Rocky Helmet|[of] p2a: Skarmory
|
|-damage|p1a: Ursaluna|49/100 brn|[from] brn
|upkeep
|turn|6
|
|t:|1760766334
|switch|p1a: Iron Moth|Iron Moth|100/100
|move|p2a: Skarmory|Roost|p2a: Skarmory
|-heal|p2a: Skarmory|56/100
|-singleturn|p2a: Skarmory|move: Roost
|
|upkeep
|turn|7
|
|t:|1760766340
|switch|p2a: Blissey|Blissey, F|100/100
|move|p1a: Iron Moth|Fiery Dance|p2a: Blissey
|-damage|p2a: Blissey|86/100
|
|upkeep
|turn|8
|
|t:|1760766349
|-end|p1a: Iron Moth|Quark Drive|[silent]
|switch|p1a: Bisharp|Bisharp, M|100/100
|move|p2a: Blissey|Stealth Rock|p1a: Bisharp
|-sidestart|p1: Dream remmeng|move: Stealth Rock
|
|upkeep
|turn|9
|
|t:|1760766357
|switch|p2a: Alomomola|Alomomola, F|100/100
|move|p1a: Bisharp|Swords Dance|p1a: Bisharp
|-boost|p1a: Bisharp|atk|2
|
|upkeep
|turn|10
|
|t:|1760766364
|move|p1a: Bisharp|Swords Dance|p1a: Bisharp
|-boost|p1a: Bisharp|atk|2
|move|p2a: Alomomola|Scald|p1a: Bisharp
|-damage|p1a: Bisharp|84/100
|
|upkeep
|turn|11
|
|t:|1760766373
|move|p1a: Bisharp|Sucker Punch|p2a: Alomomola
|-damage|p2a: Alomomola|36/100
|move|p2a: Alomomola|Scald|p1a: Bisharp
|-damage|p1a: Bisharp|70/100
|
|upkeep
|turn|12
|
|t:|1760766381
|move|p2a: Alomomola|Protect|p2a: Alomomola
|-singleturn|p2a: Alomomola|Protect
|move|p1a: Bisharp|Sucker Punch||[still]
|-fail|p1a: Bisharp
|
|upkeep
|turn|13
|
|t:|1760766385
|move|p1a: Bisharp|Swords Dance|p1a: Bisharp
|-boost|p1a: Bisharp|atk|2
|move|p2a: Alomomola|Wish|p2a: Alomomola
|
|upkeep
|turn|14
|
|t:|1760766392
|move|p2a: Alomomola|Protect|p2a: Alomomola
|-singleturn|p2a: Alomomola|Protect
|move|p1a: Bisharp|Stealth Rock|p2a: Alomomola
|-sidestart|p2: After_Sh0ck|move: Stealth Rock
|
|-heal|p2a: Alomomola|86/100|[from] move: Wish|[wisher] Alomomola
|upkeep
|turn|15
|
|t:|1760766399
|move|p1a: Bisharp|Low Kick|p2a: Alomomola
|-damage|p2a: Alomomola|42/100
|move|p2a: Alomomola|Wish|p2a: Alomomola
|
|upkeep
|turn|16
|
|t:|1760766404
|move|p2a: Alomomola|Protect|p2a: Alomomola
|-singleturn|p2a: Alomomola|Protect
|move|p1a: Bisharp|Low Kick|p2a: Alomomola
|-activate|p2a: Alomomola|move: Protect
|
|-heal|p2a: Alomomola|92/100|[from] move: Wish|[wisher] Alomomola
|upkeep
|turn|17
|inactive|After_Sh0ck has 120 seconds left.
|
|t:|1760766435
|move|p1a: Bisharp|Low Kick|p2a: Alomomola
|-damage|p2a: Alomomola|47/100
|move|p2a: Alomomola|Scald|p1a: Bisharp
|-damage|p1a: Bisharp|55/100
|
|upkeep
|turn|18
|
|t:|1760766443
|move|p1a: Bisharp|Low Kick|p2a: Alomomola
|-damage|p2a: Alomomola|0 fnt
|faint|p2a: Alomomola
|
|upkeep
|inactive|After_Sh0ck has 120 seconds left.
|
|t:|1760766457
|switch|p2a: Clodsire|Clodsire, F|100/100
|turn|19
|
|t:|1760766463
|move|p1a: Bisharp|Sucker Punch|p2a: Clodsire
|-damage|p2a: Clodsire|58/100
|move|p2a: Clodsire|Earthquake|p1a: Bisharp
|-supereffective|p1a: Bisharp
|-damage|p1a: Bisharp|11/100
|
|upkeep
|turn|20
|
|t:|1760766469
|move|p1a: Bisharp|Sucker Punch||[still]
|-fail|p1a: Bisharp
|move|p2a: Clodsire|Recover|p2a: Clodsire
|-heal|p2a: Clodsire|100/100
|
|upkeep
|turn|21
|
|t:|1760766474
|move|p1a: Bisharp|Low Kick|p2a: Clodsire
|-resisted|p2a: Clodsire
|-crit|p2a: Clodsire
|-damage|p2a: Clodsire|63/100
|move|p2a: Clodsire|Toxic|p1a: Bisharp
|-immune|p1a: Bisharp
|
|upkeep
|turn|22
|
|t:|1760766482
|move|p1a: Bisharp|Low Kick|p2a: Clodsire
|-resisted|p2a: Clodsire
|-damage|p2a: Clodsire|37/100
|move|p2a: Clodsire|Recover|p2a: Clodsire
|-heal|p2a: Clodsire|87/100
|
|upkeep
|turn|23
|
|t:|1760766489
|move|p1a: Bisharp|Low Kick|p2a: Clodsire
|-resisted|p2a: Clodsire
|-damage|p2a: Clodsire|64/100
|move|p2a: Clodsire|Earthquake|p1a: Bisharp
|-supereffective|p1a: Bisharp
|-damage|p1a: Bisharp|0 fnt
|faint|p1a: Bisharp
|
|upkeep
|
|t:|1760766507
|switch|p1a: Alomomola|Alomomola, M|100/100
|turn|24
|
|t:|1760766514
|move|p1a: Alomomola|Wish|p1a: Alomomola
|move|p2a: Clodsire|Recover|p2a: Clodsire
|-heal|p2a: Clodsire|100/100
|
|upkeep
|turn|25
|
|t:|1760766517
|move|p1a: Alomomola|Flip Turn|p2a: Clodsire
|-supereffective|p2a: Clodsire
|-damage|p2a: Clodsire|63/100
|
|t:|1760766522
|switch|p1a: Ursaluna|Ursaluna, F, tera:Normal|49/100 brn|[from] Flip Turn
|-damage|p1a: Ursaluna|37/100 brn|[from] Stealth Rock
|move|p2a: Clodsire|Toxic||[still]
|-fail|p2a: Clodsire
|
|-heal|p1a: Ursaluna|94/100 brn|[from] move: Wish|[wisher] Alomomola
|-damage|p1a: Ursaluna|88/100 brn|[from] brn
|upkeep
|turn|26
|inactive|After_Sh0ck has 120 seconds left.
|
|t:|1760766568
|move|p1a: Ursaluna|Facade|p2a: Clodsire
|-damage|p2a: Clodsire|0 fnt
|faint|p2a: Clodsire
|
|-damage|p1a: Ursaluna|82/100 brn|[from] brn
|upkeep
|
|t:|1760766571
|switch|p2a: Skarmory|Skarmory, M|56/100
|-damage|p2a: Skarmory|44/100|[from] Stealth Rock
|turn|27
|
|t:|1760766586
|move|p2a: Skarmory|Roost|p2a: Skarmory
|-heal|p2a: Skarmory|94/100
|-singleturn|p2a: Skarmory|move: Roost
|move|p1a: Ursaluna|Facade|p2a: Skarmory
|-resisted|p2a: Skarmory
|-damage|p2a: Skarmory|33/100
|-damage|p1a: Ursaluna|66/100 brn|[from] item: Rocky Helmet|[of] p2a: Skarmory
|
|-damage|p1a: Ursaluna|60/100 brn|[from] brn
|upkeep
|turn|28
|inactive|After_Sh0ck has 120 seconds left.
|
|t:|1760766594
|move|p2a: Skarmory|Body Press|p1a: Ursaluna
|-supereffective|p1a: Ursaluna
|-damage|p1a: Ursaluna|24/100 brn
|move|p1a: Ursaluna|Headlong Rush|p2a: Skarmory
|-immune|p2a: Skarmory
|
|-damage|p1a: Ursaluna|18/100 brn|[from] brn
|upkeep
|turn|29
|
|t:|1760766600
|switch|p1a: Scizor|Scizor, M|100/100
|move|p2a: Skarmory|Roost|p2a: Skarmory
|-heal|p2a: Skarmory|83/100
|-singleturn|p2a: Skarmory|move: Roost
|
|upkeep
|turn|30
|
|t:|1760766606
|move|p2a: Skarmory|Iron Defense|p2a: Skarmory
|-boost|p2a: Skarmory|def|2
|move|p1a: Scizor|Defog|p2a: Skarmory
|-unboost|p2a: Skarmory|evasion|1
|-sideend|p2: After_Sh0ck|Stealth Rock|[from] move: Defog|[of] p1a: Scizor
|-sideend|p1: Dream remmeng|Stealth Rock|[from] move: Defog|[of] p1a: Scizor
|
|upkeep
|turn|31
|
|t:|1760766610
|move|p2a: Skarmory|Iron Defense|p2a: Skarmory
|-boost|p2a: Skarmory|def|2
|move|p1a: Scizor|U-turn|p2a: Skarmory
|-resisted|p2a: Skarmory
|-damage|p2a: Skarmory|80/100
|-damage|p1a: Scizor|84/100|[from] item: Rocky Helmet|[of] p2a: Skarmory
|
|t:|1760766614
|switch|p1a: Iron Moth|Iron Moth|100/100|[from] U-turn
|
|upkeep
|turn|32
|
|t:|1760766619
|switch|p2a: Blissey|Blissey, F|86/100
|move|p1a: Iron Moth|Fiery Dance|p2a: Blissey
|-damage|p2a: Blissey|72/100
|
|upkeep
|turn|33
|
|t:|1760766627
|move|p1a: Iron Moth|Fiery Dance|p2a: Blissey
|-damage|p2a: Blissey|55/100
|move|p2a: Blissey|Seismic Toss|p1a: Iron Moth
|-damage|p1a: Iron Moth|67/100
|
|upkeep
|turn|34
|
|t:|1760766645
|move|p1a: Iron Moth|Fiery Dance|p2a: Blissey
|-damage|p2a: Blissey|41/100
|move|p2a: Blissey|Soft-Boiled|p2a: Blissey
|-heal|p2a: Blissey|91/100
|
|upkeep
|turn|35
|
|t:|1760766662
|move|p1a: Iron Moth|Fiery Dance|p2a: Blissey
|-damage|p2a: Blissey|77/100
|move|p2a: Blissey|Seismic Toss|p1a: Iron Moth
|-damage|p1a: Iron Moth|34/100
|
|upkeep
|turn|36
|
|t:|1760766669
|-end|p1a: Iron Moth|Quark Drive|[silent]
|switch|p1a: Dragapult|Dragapult, M|100/100
|move|p2a: Blissey|Seismic Toss|p1a: Dragapult
|-immune|p1a: Dragapult
|
|upkeep
|turn|37
|
|t:|1760766676
|switch|p2a: Gliscor|Gliscor, M|99/100 tox
|move|p1a: Dragapult|Dragon Dance|p1a: Dragapult
|-boost|p1a: Dragapult|atk|1
|-boost|p1a: Dragapult|spe|1
|
|-heal|p2a: Gliscor|100/100 tox|[from] ability: Poison Heal
|upkeep
|turn|38
|
|t:|1760766684
|move|p1a: Dragapult|Phantom Force||[still]
|-prepare|p1a: Dragapult|Phantom Force
|move|p2a: Gliscor|Earthquake|p1a: Dragapult|[miss]
|-miss|p2a: Gliscor|p1a: Dragapult
|
|upkeep
|turn|39
|inactive|Dream remmeng has 120 seconds left.
|
|t:|1760766731
|move|p2a: Gliscor|Protect|p2a: Gliscor
|-singleturn|p2a: Gliscor|Protect
|move|p1a: Dragapult|Phantom Force|p2a: Gliscor|[from] lockedmove
|-activate|p2a: Gliscor|move: Phantom Force|[broken]
|-damage|p2a: Gliscor|46/100 tox
|
|-heal|p2a: Gliscor|58/100 tox|[from] ability: Poison Heal
|upkeep
|turn|40
|
|t:|1760766757
|move|p1a: Dragapult|Dragon Dance|p1a: Dragapult
|-boost|p1a: Dragapult|atk|1
|-boost|p1a: Dragapult|spe|1
|move|p2a: Gliscor|Swords Dance|p2a: Gliscor
|-boost|p2a: Gliscor|atk|2
|
|-heal|p2a: Gliscor|71/100 tox|[from] ability: Poison Heal
|upkeep
|turn|41
|
|t:|1760766762
|move|p1a: Dragapult|Phantom Force||[still]
|-prepare|p1a: Dragapult|Phantom Force
|move|p2a: Gliscor|Earthquake|p1a: Dragapult|[miss]
|-miss|p2a: Gliscor|p1a: Dragapult
|
|-heal|p2a: Gliscor|83/100 tox|[from] ability: Poison Heal
|upkeep
|turn|42
|
|t:|1760766768
|switch|p2a: Blissey|Blissey, F|77/100
|move|p1a: Dragapult|Phantom Force|p2a: Blissey|[from] lockedmove
|-immune|p2a: Blissey
|
|upkeep
|turn|43
|
|t:|1760766776
|move|p1a: Dragapult|Dragon Dance|p1a: Dragapult
|-boost|p1a: Dragapult|atk|1
|-boost|p1a: Dragapult|spe|1
|move|p2a: Blissey|Stealth Rock|p1a: Dragapult
|-sidestart|p1: Dream remmeng|move: Stealth Rock
|
|upkeep
|turn|44
|
|t:|1760766781
|switch|p2a: Skarmory|Skarmory, M|80/100
|move|p1a: Dragapult|Dragon Dance|p1a: Dragapult
|-boost|p1a: Dragapult|atk|1
|-boost|p1a: Dragapult|spe|1
|
|upkeep
|turn|45
|
|t:|1760766785
|move|p1a: Dragapult|Phantom Force||[still]
|-prepare|p1a: Dragapult|Phantom Force
|move|p2a: Skarmory|Iron Defense|p2a: Skarmory
|-boost|p2a: Skarmory|def|2
|
|upkeep
|turn|46
|
|t:|1760766795
|move|p1a: Dragapult|Phantom Force|p2a: Skarmory|[from] lockedmove
|-damage|p2a: Skarmory|29/100
|-damage|p1a: Dragapult|84/100|[from] item: Rocky Helmet|[of] p2a: Skarmory
|move|p2a: Skarmory|Roost|p2a: Skarmory
|-heal|p2a: Skarmory|79/100
|-singleturn|p2a: Skarmory|move: Roost
|
|upkeep
|turn|47
|
|t:|1760766805
|move|p1a: Dragapult|Dragon Dance|p1a: Dragapult
|-boost|p1a: Dragapult|atk|1
|-boost|p1a: Dragapult|spe|1
|move|p2a: Skarmory|Iron Defense|p2a: Skarmory
|-boost|p2a: Skarmory|def|2
|
|upkeep
|turn|48
|
|t:|1760766812
|move|p1a: Dragapult|Dragon Dance|p1a: Dragapult
|-boost|p1a: Dragapult|atk|1
|-boost|p1a: Dragapult|spe|1
|move|p2a: Skarmory|Iron Defense|p2a: Skarmory
|-boost|p2a: Skarmory|def|2
|
|upkeep
|turn|49
|
|t:|1760766821
|move|p1a: Dragapult|Phantom Force||[still]
|-prepare|p1a: Dragapult|Phantom Force
|move|p2a: Skarmory|Spikes|p1a: Dragapult
|-sidestart|p1: Dream remmeng|Spikes
|
|upkeep
|turn|50
|
|t:|1760766826
|move|p1a: Dragapult|Phantom Force|p2a: Skarmory|[from] lockedmove
|-damage|p2a: Skarmory|48/100
|-damage|p1a: Dragapult|68/100|[from] item: Rocky Helmet|[of] p2a: Skarmory
|move|p2a: Skarmory|Spikes|p1a: Dragapult
|-sidestart|p1: Dream remmeng|Spikes
|
|upkeep
|turn|51
|
|t:|1760766829
|move|p1a: Dragapult|Phantom Force||[still]
|-prepare|p1a: Dragapult|Phantom Force
|move|p2a: Skarmory|Roost|p2a: Skarmory
|-heal|p2a: Skarmory|98/100
|-singleturn|p2a: Skarmory|move: Roost
|
|upkeep
|turn|52
|
|t:|1760766833
|move|p1a: Dragapult|Phantom Force|p2a: Skarmory|[from] lockedmove
|-damage|p2a: Skarmory|64/100
|-damage|p1a: Dragapult|51/100|[from] item: Rocky Helmet|[of] p2a: Skarmory
|move|p2a: Skarmory|Spikes|p1a: Dragapult
|-sidestart|p1: Dream remmeng|Spikes
|
|upkeep
|turn|53
|
|t:|1760766842
|move|p1a: Dragapult|Dragon Dance|p1a: Dragapult
|-boost|p1a: Dragapult|atk|0
|-boost|p1a: Dragapult|spe|0
|move|p2a: Skarmory|Roost|p2a: Skarmory
|-heal|p2a: Skarmory|100/100
|-singleturn|p2a: Skarmory|move: Roost
|
|upkeep
|turn|54
|
|t:|1760766849
|move|p1a: Dragapult|Dragon Darts|p2a: Skarmory
|-resisted|p2a: Skarmory
|-damage|p2a: Skarmory|91/100
|-anim|p1a: Dragapult|Dragon Darts|p2a: Skarmory
|-resisted|p2a: Skarmory
|-damage|p2a: Skarmory|83/100
|move|p2a: Skarmory|Spikes||[still]
|-fail|p2a: Skarmory
|
|upkeep
|turn|55
|
|t:|1760766857
|move|p1a: Dragapult|Dragon Darts|p2a: Skarmory
|-resisted|p2a: Skarmory
|-damage|p2a: Skarmory|72/100
|-anim|p1a: Dragapult|Dragon Darts|p2a: Skarmory
|-resisted|p2a: Skarmory
|-damage|p2a: Skarmory|63/100
|move|p2a: Skarmory|Spikes||[still]
|-fail|p2a: Skarmory
|
|upkeep
|turn|56
|
|t:|1760766865
|move|p1a: Dragapult|Dragon Darts|p2a: Skarmory
|-resisted|p2a: Skarmory
|-damage|p2a: Skarmory|54/100
|-anim|p1a: Dragapult|Dragon Darts|p2a: Skarmory
|-resisted|p2a: Skarmory
|-damage|p2a: Skarmory|45/100
|move|p2a: Skarmory|Spikes||[still]
|-fail|p2a: Skarmory
|
|upkeep
|turn|57
|
|t:|1760766871
|move|p1a: Dragapult|Dragon Darts|p2a: Skarmory
|-resisted|p2a: Skarmory
|-damage|p2a: Skarmory|36/100
|-anim|p1a: Dragapult|Dragon Darts|p2a: Skarmory
|-resisted|p2a: Skarmory
|-damage|p2a: Skarmory|26/100
|move|p2a: Skarmory|Roost|p2a: Skarmory
|-heal|p2a: Skarmory|76/100
|-singleturn|p2a: Skarmory|move: Roost
|
|upkeep
|turn|58
|
|t:|1760766876
|move|p1a: Dragapult|Dragon Darts|p2a: Skarmory
|-resisted|p2a: Skarmory
|-damage|p2a: Skarmory|67/100
|-anim|p1a: Dragapult|Dragon Darts|p2a: Skarmory
|-resisted|p2a: Skarmory
|-damage|p2a: Skarmory|57/100
|move|p2a: Skarmory|Spikes||[still]
|-fail|p2a: Skarmory
|
|upkeep
|turn|59
|
|t:|1760766881
|move|p1a: Dragapult|Dragon Darts|p2a: Skarmory
|-resisted|p2a: Skarmory
|-damage|p2a: Skarmory|47/100
|-anim|p1a: Dragapult|Dragon Darts|p2a: Skarmory
|-resisted|p2a: Skarmory
|-damage|p2a: Skarmory|37/100
|move|p2a: Skarmory|Roost|p2a: Skarmory
|-heal|p2a: Skarmory|87/100
|-singleturn|p2a: Skarmory|move: Roost
|
|upkeep
|turn|60
|
|t:|1760766895
|move|p1a: Dragapult|Dragon Darts|p2a: Skarmory
|-resisted|p2a: Skarmory
|-damage|p2a: Skarmory|77/100
|-anim|p1a: Dragapult|Dragon Darts|p2a: Skarmory
|-resisted|p2a: Skarmory
|-damage|p2a: Skarmory|68/100
|move|p2a: Skarmory|Iron Defense|p2a: Skarmory
|-boost|p2a: Skarmory|def|0
|
|upkeep
|turn|61
|
|t:|1760766901
|move|p1a: Dragapult|Dragon Darts|p2a: Skarmory
|-resisted|p2a: Skarmory
|-damage|p2a: Skarmory|58/100
|-anim|p1a: Dragapult|Dragon Darts|p2a: Skarmory
|-resisted|p2a: Skarmory
|-damage|p2a: Skarmory|49/100
|move|p2a: Skarmory|Iron Defense|p2a: Skarmory
|-boost|p2a: Skarmory|def|0
|
|upkeep
|turn|62
|
|t:|1760766905
|move|p1a: Dragapult|Dragon Darts|p2a: Skarmory
|-resisted|p2a: Skarmory
|-damage|p2a: Skarmory|39/100
|-anim|p1a: Dragapult|Dragon Darts|p2a: Skarmory
|-resisted|p2a: Skarmory
|-damage|p2a: Skarmory|30/100
|move|p2a: Skarmory|Iron Defense|p2a: Skarmory
|-boost|p2a: Skarmory|def|0
|
|upkeep
|turn|63
|
|t:|1760766912
|move|p1a: Dragapult|Dragon Darts|p2a: Skarmory
|-resisted|p2a: Skarmory
|-damage|p2a: Skarmory|21/100
|-anim|p1a: Dragapult|Dragon Darts|p2a: Skarmory
|-resisted|p2a: Skarmory
|-damage|p2a: Skarmory|12/100
|move|p2a: Skarmory|Iron Defense|p2a: Skarmory
|-boost|p2a: Skarmory|def|0
|
|upkeep
|turn|64
|
|t:|1760766919
|move|p1a: Dragapult|Dragon Darts|p2a: Skarmory
|-resisted|p2a: Skarmory
|-damage|p2a: Skarmory|2/100
|-anim|p1a: Dragapult|Dragon Darts|p2a: Skarmory
|-resisted|p2a: Skarmory
|-damage|p2a: Skarmory|0 fnt
|faint|p2a: Skarmory
|
|upkeep
|
|t:|1760766923
|switch|p2a: Amoonguss|Amoonguss, F|100/100
|turn|65
|
|t:|1760766932
|-terastallize|p2a: Amoonguss|Dark
|move|p1a: Dragapult|Dragon Darts|p2a: Amoonguss
|-damage|p2a: Amoonguss|0 fnt
|faint|p2a: Amoonguss
|
|upkeep
|c|☆Dream remmeng|gg
|-message|After_Sh0ck forfeited.
|
|win|Dream remmeng
|raw|Dream remmeng's rating: 1196 &rarr; <strong>1226</strong><br />(+30 for winning)
|raw|After_Sh0ck's rating: 1268 &rarr; <strong>1238</strong><br />(-30 for losing)
|l|☆After_Sh0ck
|player|p2|
|l|☆Dream remmeng
|player|p1|
