|j|☆yobarki
|j|☆chimerxd
|t:|1760808890
|gametype|singles
|player|p1|yobarki|miku-ghost|1263
|player|p2|chimerxd|gambler|1244
|gen|9
|tier|[Gen 9] OU
|rated|
|rule|HP Percentage Mod: HP is shown in percentages
|rule|Endless Battle Clause: Forcing endless battles is banned
|rule|Species Clause: Limit one of each Pokémon
|rule|OHKO Clause: OHKO moves are banned
|rule|Evasion Items Clause: Evasion items are banned
|rule|Evasion Moves Clause: Evasion moves are banned
|rule|Evasion Abilities Clause: Evasion abilities are banned
|rule|Sleep Moves Clause: Sleep-inducing moves are banned
|clearpoke
|poke|p1|Zamazenta-*|
|poke|p1|Ninetales-Alola, F|
|poke|p1|Darkrai|
|poke|p1|Ceruledge, M|
|poke|p1|Gliscor, M|
|poke|p1|Hatterene, F|
|poke|p2|Glimmora, F|
|poke|p2|Hatterene, F|
|poke|p2|Cinderace, M|
|poke|p2|Dragapult, M|
|poke|p2|Corviknight, F|
|poke|p2|Ursaluna, M|
|teampreview
|
|t:|1760808907
|teamsize|p1|6
|teamsize|p2|6
|start
|switch|p1a: SixSeventales|Ninetales-Alola, F|100/100
|switch|p2a: I Want To Die|Glimmora, F|100/100
|-weather|Snowscape|[from] ability: Snow Warning|[of] p1a: SixSeventales
|turn|1
|
|t:|1760808916
|move|p1a: SixSeventales|Aurora Veil|p1a: SixSeventales
|-sidestart|p1: yobarki|move: Aurora Veil
|move|p2a: I Want To Die|Stealth Rock|p1a: SixSeventales
|-sidestart|p1: yobarki|move: Stealth Rock
|
|-weather|Snowscape|[upkeep]
|upkeep
|turn|2
|
|t:|1760808930
|switch|p2a: I Kick Balls|Cinderace, M|100/100
|move|p1a: SixSeventales|Roar|p2a: I Kick Balls
|drag|p2a: I Have Kids|Dragapult, M|100/100
|
|-weather|Snowscape|[upkeep]
|upkeep
|turn|3
|
|t:|1760808938
|move|p2a: I Have Kids|Flamethrower|p1a: SixSeventales
|-supereffective|p1a: SixSeventales
|-damage|p1a: SixSeventales|0 fnt
|faint|p1a: SixSeventales
|
|-weather|Snowscape|[upkeep]
|upkeep
|
|t:|1760808946
|switch|p1a: Krai Cenat|Darkrai|100/100
|-damage|p1a: Krai Cenat|88/100|[from] Stealth Rock
|turn|4
|
|t:|1760808956
|switch|p2a: I'm Hard|Corviknight, F|100/100
|move|p1a: Krai Cenat|Nasty Plot|p1a: Krai Cenat
|-boost|p1a: Krai Cenat|spa|2
|
|-weather|Snowscape|[upkeep]
|-heal|p1a: Krai Cenat|94/100|[from] item: Leftovers
|upkeep
|turn|5
|
|t:|1760808967
|move|p1a: Krai Cenat|Dark Pulse|p2a: I'm Hard
|-damage|p2a: I'm Hard|18/100
|move|p2a: I'm Hard|U-turn|p1a: Krai Cenat
|-supereffective|p1a: Krai Cenat
|-damage|p1a: Krai Cenat|74/100
|
|t:|1760809000
|switch|p2a: I Want A Hug|Ursaluna, M|100/100|[from] U-turn
|
|-weather|none
|-heal|p1a: Krai Cenat|80/100|[from] item: Leftovers
|-status|p2a: I Want A Hug|brn|[from] item: Flame Orb
|upkeep
|turn|6
|
|t:|1760809010
|move|p1a: Krai Cenat|Focus Blast|p2a: I Want A Hug|[miss]
|-miss|p1a: Krai Cenat|p2a: I Want A Hug
|move|p2a: I Want A Hug|Facade|p1a: Krai Cenat
|-damage|p1a: Krai Cenat|1/100
|
|-heal|p1a: Krai Cenat|7/100|[from] item: Leftovers
|-damage|p2a: I Want A Hug|94/100 brn|[from] brn
|upkeep
|turn|7
|
|t:|1760809018
|move|p1a: Krai Cenat|Focus Blast|p2a: I Want A Hug
|-supereffective|p2a: I Want A Hug
|-damage|p2a: I Want A Hug|0 fnt
|faint|p2a: I Want A Hug
|
|-heal|p1a: Krai Cenat|13/100|[from] item: Leftovers
|upkeep
|
|t:|1760809029
|switch|p2a: I Have Kids|Dragapult, M|100/100
|turn|8
|
|t:|1760809044
|move|p2a: I Have Kids|U-turn|p1a: Krai Cenat
|-supereffective|p1a: Krai Cenat
|-damage|p1a: Krai Cenat|0 fnt
|faint|p1a: Krai Cenat
|
|t:|1760809050
|switch|p2a: I Want To Die|Glimmora, F|100/100|[from] U-turn
|
|-sideend|p1: yobarki|move: Aurora Veil
|upkeep
|
|t:|1760809057
|switch|p1a: Gyatterene|Hatterene, F|100/100
|-damage|p1a: Gyatterene|88/100|[from] Stealth Rock
|turn|9
|
|t:|1760809079
|move|p2a: I Want To Die|Sludge Bomb|p1a: Gyatterene
|-supereffective|p1a: Gyatterene
|-damage|p1a: Gyatterene|0 fnt
|faint|p1a: Gyatterene
|
|upkeep
|
|t:|1760809088
|switch|p1a: Glizzycor|Gliscor, M|100/100
|-damage|p1a: Glizzycor|88/100|[from] Stealth Rock
|turn|10
|
|t:|1760809098
|switch|p2a: I'm Hard|Corviknight, F|18/100
|move|p1a: Glizzycor|Agility|p1a: Glizzycor
|-boost|p1a: Glizzycor|spe|2
|
|-status|p1a: Glizzycor|tox|[from] item: Toxic Orb
|upkeep
|turn|11
|
|t:|1760809109
|move|p1a: Glizzycor|Swords Dance|p1a: Glizzycor
|-boost|p1a: Glizzycor|atk|2
|move|p2a: I'm Hard|Roost|p2a: I'm Hard
|-heal|p2a: I'm Hard|68/100
|-singleturn|p2a: I'm Hard|move: Roost
|
|-heal|p1a: Glizzycor|100/100 tox|[from] ability: Poison Heal
|upkeep
|turn|12
|
|t:|1760809115
|move|p1a: Glizzycor|Swords Dance|p1a: Glizzycor
|-boost|p1a: Glizzycor|atk|2
|move|p2a: I'm Hard|U-turn|p1a: Glizzycor
|-resisted|p1a: Glizzycor
|-damage|p1a: Glizzycor|95/100 tox
|
|t:|1760809131
|switch|p2a: I Have Kids|Dragapult, M|100/100|[from] U-turn
|
|-heal|p1a: Glizzycor|100/100 tox|[from] ability: Poison Heal
|upkeep
|turn|13
|
|t:|1760809137
|move|p1a: Glizzycor|Earthquake|p2a: I Have Kids
|-crit|p2a: I Have Kids
|-damage|p2a: I Have Kids|0 fnt
|faint|p2a: I Have Kids
|
|upkeep
|
|t:|1760809149
|switch|p2a: I'm Hard|Corviknight, F|68/100
|turn|14
|
|t:|1760809154
|move|p1a: Glizzycor|Swords Dance|p1a: Glizzycor
|-boost|p1a: Glizzycor|atk|2
|move|p2a: I'm Hard|Roost|p2a: I'm Hard
|-heal|p2a: I'm Hard|100/100
|-singleturn|p2a: I'm Hard|move: Roost
|
|upkeep
|turn|15
|
|t:|1760809163
|move|p1a: Glizzycor|Facade|p2a: I'm Hard
|-resisted|p2a: I'm Hard
|-damage|p2a: I'm Hard|60/100
|-damage|p1a: Glizzycor|84/100 tox|[from] item: Rocky Helmet|[of] p2a: I'm Hard
|move|p2a: I'm Hard|Brave Bird|p1a: Glizzycor
|-damage|p1a: Glizzycor|58/100 tox
|-damage|p2a: I'm Hard|52/100|[from] Recoil
|
|-heal|p1a: Glizzycor|70/100 tox|[from] ability: Poison Heal
|upkeep
|turn|16
|
|t:|1760809175
|move|p1a: Glizzycor|Facade|p2a: I'm Hard
|-resisted|p2a: I'm Hard
|-damage|p2a: I'm Hard|18/100
|-damage|p1a: Glizzycor|54/100 tox|[from] item: Rocky Helmet|[of] p2a: I'm Hard
|move|p2a: I'm Hard|Roost|p2a: I'm Hard
|-heal|p2a: I'm Hard|68/100
|-singleturn|p2a: I'm Hard|move: Roost
|
|-heal|p1a: Glizzycor|66/100 tox|[from] ability: Poison Heal
|upkeep
|turn|17
|
|t:|1760809186
|move|p1a: Glizzycor|Facade|p2a: I'm Hard
|-resisted|p2a: I'm Hard
|-damage|p2a: I'm Hard|34/100
|-damage|p1a: Glizzycor|50/100 tox|[from] item: Rocky Helmet|[of] p2a: I'm Hard
|move|p2a: I'm Hard|Roost|p2a: I'm Hard
|-heal|p2a: I'm Hard|84/100
|-singleturn|p2a: I'm Hard|move: Roost
|
|-heal|p1a: Glizzycor|62/100 tox|[from] ability: Poison Heal
|upkeep
|turn|18
|
|t:|1760809201
|-terastallize|p1a: Glizzycor|Normal
|move|p1a: Glizzycor|Facade|p2a: I'm Hard
|-resisted|p2a: I'm Hard
|-damage|p2a: I'm Hard|30/100
|-damage|p1a: Glizzycor|46/100 tox|[from] item: Rocky Helmet|[of] p2a: I'm Hard
|move|p2a: I'm Hard|Brave Bird|p1a: Glizzycor
|-damage|p1a: Glizzycor|19/100 tox
|-damage|p2a: I'm Hard|22/100|[from] Recoil
|
|-heal|p1a: Glizzycor|31/100 tox|[from] ability: Poison Heal
|upkeep
|turn|19
|
|t:|1760809217
|move|p1a: Glizzycor|Facade|p2a: I'm Hard
|-resisted|p2a: I'm Hard
|-damage|p2a: I'm Hard|0 fnt
|-damage|p1a: Glizzycor|15/100 tox|[from] item: Rocky Helmet|[of] p2a: I'm Hard
|faint|p2a: I'm Hard
|
|-heal|p1a: Glizzycor|27/100 tox|[from] ability: Poison Heal
|upkeep
|
|t:|1760809221
|switch|p2a: I Kick Balls|Cinderace, M|100/100
|turn|20
|
|t:|1760809228
|move|p2a: I Kick Balls|Sucker Punch|p1a: Glizzycor
|-start|p2a: I Kick Balls|typechange|Dark|[from] ability: Libero
|-damage|p1a: Glizzycor|4/100 tox
|move|p1a: Glizzycor|Facade|p2a: I Kick Balls
|-damage|p2a: I Kick Balls|0 fnt
|faint|p2a: I Kick Balls
|
|-heal|p1a: Glizzycor|16/100 tox|[from] ability: Poison Heal
|upkeep
|-message|chimerxd forfeited.
|
|win|yobarki
|raw|yobarki's rating: 1263 &rarr; <strong>1287</strong><br />(+24 for winning)
|raw|chimerxd's rating: 1244 &rarr; <strong>1220</strong><br />(-24 for losing)
|l|☆chimerxd
|player|p2|
