|j|☆Winter6097
|j|☆ori456
|t:|1760790932
|gametype|singles
|player|p1|Winter6097|dancer|1365
|player|p2|ori456|1|1331
|gen|9
|tier|[Gen 9] OU
|rated|
|rule|HP Percentage Mod: HP is shown in percentages
|rule|Endless Battle Clause: Forcing endless battles is banned
|rule|Species Clause: Limit one of each Pokémon
|rule|OHKO Clause: OHKO moves are banned
|rule|Evasion Items Clause: Evasion items are banned
|rule|Evasion Moves Clause: Evasion moves are banned
|rule|Evasion Abilities Clause: Evasion abilities are banned
|rule|Sleep Moves Clause: Sleep-inducing moves are banned
|clearpoke
|poke|p1|Ceruledge, F|
|poke|p1|Torkoal, M|
|poke|p1|Great Tusk|
|poke|p1|Walking Wake|
|poke|p1|Scream Tail|
|poke|p1|Venusaur, M|
|poke|p2|Samurott-Hisui, M|
|poke|p2|Bronzong|
|poke|p2|Torkoal, F|
|poke|p2|Walking Wake|
|poke|p2|Dragapult, F|
|poke|p2|Kingambit, M|
|teampreview
|inactive|Battle timer is ON: inactive players will automatically lose when time's up. (requested by Winter6097)
|
|t:|1760790941
|teamsize|p1|6
|teamsize|p2|6
|start
|switch|p1a: Donphan2.0|Great Tusk|100/100
|switch|p2a: Bronzong|Bronzong|100/100
|turn|1
|
|t:|1760790948
|move|p1a: Donphan2.0|Knock Off|p2a: Bronzong
|-supereffective|p2a: Bronzong
|-damage|p2a: Bronzong|45/100
|-enditem|p2a: Bronzong|Leftovers|[from] move: Knock Off|[of] p1a: Donphan2.0
|move|p2a: Bronzong|Stealth Rock|p1a: Donphan2.0
|-sidestart|p1: Winter6097|move: Stealth Rock
|
|upkeep
|turn|2
|
|t:|1760790970
|move|p1a: Donphan2.0|Rapid Spin|p2a: Bronzong
|-resisted|p2a: Bronzong
|-damage|p2a: Bronzong|39/100
|-boost|p1a: Donphan2.0|spe|1
|-sideend|p1: Winter6097|Stealth Rock|[from] move: Rapid Spin|[of] p1a: Donphan2.0
|move|p2a: Bronzong|Ice Spinner|p1a: Donphan2.0
|-supereffective|p1a: Donphan2.0
|-damage|p1a: Donphan2.0|81/100
|
|-heal|p1a: Donphan2.0|87/100|[from] item: Leftovers
|upkeep
|turn|3
|
|t:|1760790980
|-end|p1a: Donphan2.0|Protosynthesis|[silent]
|switch|p1a: Literal nuke|Walking Wake|100/100
|move|p2a: Bronzong|Stealth Rock|p1a: Literal nuke
|-sidestart|p1: Winter6097|move: Stealth Rock
|
|upkeep
|turn|4
|
|t:|1760790989
|move|p1a: Literal nuke|Hydro Steam|p2a: Bronzong
|-damage|p2a: Bronzong|0 fnt
|faint|p2a: Bronzong
|
|upkeep
|inactive|ori456 has 120 seconds left.
|
|t:|1760791010
|switch|p2a: Samurott|Samurott-Hisui, M|100/100
|turn|5
|
|t:|1760791013
|-end|p1a: Literal nuke|Protosynthesis|[silent]
|switch|p1a: Donphan2.0|Great Tusk|87/100
|-damage|p1a: Donphan2.0|84/100|[from] Stealth Rock
|move|p2a: Samurott|Ceaseless Edge|p1a: Donphan2.0
|-resisted|p1a: Donphan2.0
|-damage|p1a: Donphan2.0|67/100
|-sidestart|p1: Winter6097|Spikes
|
|-heal|p1a: Donphan2.0|74/100|[from] item: Leftovers
|upkeep
|turn|6
|
|t:|1760791024
|move|p1a: Donphan2.0|Rapid Spin|p2a: Samurott
|-damage|p2a: Samurott|79/100
|-boost|p1a: Donphan2.0|spe|1
|-sideend|p1: Winter6097|Spikes|[from] move: Rapid Spin|[of] p1a: Donphan2.0
|-sideend|p1: Winter6097|Stealth Rock|[from] move: Rapid Spin|[of] p1a: Donphan2.0
|move|p2a: Samurott|Aqua Cutter|p1a: Donphan2.0
|-supereffective|p1a: Donphan2.0
|-damage|p1a: Donphan2.0|3/100
|
|-heal|p1a: Donphan2.0|9/100|[from] item: Leftovers
|upkeep
|turn|7
|
|t:|1760791038
|move|p1a: Donphan2.0|Headlong Rush|p2a: Samurott
|-damage|p2a: Samurott|0 fnt
|-unboost|p1a: Donphan2.0|def|1
|-unboost|p1a: Donphan2.0|spd|1
|faint|p2a: Samurott
|
|-heal|p1a: Donphan2.0|15/100|[from] item: Leftovers
|upkeep
|
|t:|1760791050
|switch|p2a: Dragapult|Dragapult, F|100/100
|turn|8
|
|t:|1760791054
|move|p1a: Donphan2.0|Knock Off|p2a: Dragapult
|-supereffective|p2a: Dragapult
|-damage|p2a: Dragapult|13/100
|-enditem|p2a: Dragapult|Life Orb|[from] move: Knock Off|[of] p1a: Donphan2.0
|move|p2a: Dragapult|Flamethrower|p1a: Donphan2.0
|-damage|p1a: Donphan2.0|0 fnt
|faint|p1a: Donphan2.0
|-end|p1a: Donphan2.0|Protosynthesis|[silent]
|
|upkeep
|
|t:|1760791062
|switch|p1a: Mr.Boombastic|Torkoal, M|100/100
|-weather|SunnyDay|[from] ability: Drought|[of] p1a: Mr.Boombastic
|turn|9
|
|t:|1760791068
|switch|p2a: Walking Wake|Walking Wake|100/100
|-activate|p2a: Walking Wake|ability: Protosynthesis
|-start|p2a: Walking Wake|protosynthesisspa
|move|p1a: Mr.Boombastic|Stealth Rock|p2a: Walking Wake
|-sidestart|p2: ori456|move: Stealth Rock
|
|-weather|SunnyDay|[upkeep]
|upkeep
|turn|10
|
|t:|1760791077
|switch|p1a: AaAAAaaaaAhhHH|Scream Tail|100/100
|-activate|p1a: AaAAAaaaaAhhHH|ability: Protosynthesis
|-start|p1a: AaAAAaaaaAhhHH|protosynthesisspd
|move|p2a: Walking Wake|Hydro Steam|p1a: AaAAAaaaaAhhHH
|-damage|p1a: AaAAAaaaaAhhHH|66/100
|
|-weather|SunnyDay|[upkeep]
|-heal|p1a: AaAAAaaaaAhhHH|72/100|[from] item: Leftovers
|upkeep
|turn|11
|
|t:|1760791091
|-end|p2a: Walking Wake|Protosynthesis|[silent]
|switch|p2a: Dragapult|Dragapult, F|13/100
|-damage|p2a: Dragapult|1/100|[from] Stealth Rock
|move|p1a: AaAAAaaaaAhhHH|Thunder Wave|p2a: Dragapult
|-status|p2a: Dragapult|par
|
|-weather|SunnyDay|[upkeep]
|-heal|p1a: AaAAAaaaaAhhHH|78/100|[from] item: Leftovers
|upkeep
|turn|12
|
|t:|1760791101
|move|p1a: AaAAAaaaaAhhHH|Play Rough|p2a: Dragapult|[miss]
|-miss|p1a: AaAAAaaaaAhhHH|p2a: Dragapult
|cant|p2a: Dragapult|par
|
|-weather|SunnyDay|[upkeep]
|-heal|p1a: AaAAAaaaaAhhHH|84/100|[from] item: Leftovers
|upkeep
|turn|13
|
|t:|1760791109
|move|p1a: AaAAAaaaaAhhHH|Play Rough|p2a: Dragapult
|-supereffective|p2a: Dragapult
|-damage|p2a: Dragapult|0 fnt
|faint|p2a: Dragapult
|
|-weather|SunnyDay|[upkeep]
|-heal|p1a: AaAAAaaaaAhhHH|91/100|[from] item: Leftovers
|upkeep
|
|t:|1760791128
|switch|p2a: Walking Wake|Walking Wake|100/100
|-damage|p2a: Walking Wake|88/100|[from] Stealth Rock
|-activate|p2a: Walking Wake|ability: Protosynthesis
|-start|p2a: Walking Wake|protosynthesisspa
|turn|14
|
|t:|1760791134
|move|p2a: Walking Wake|Weather Ball|p1a: AaAAAaaaaAhhHH
|-damage|p1a: AaAAAaaaaAhhHH|58/100
|move|p1a: AaAAAaaaaAhhHH|Play Rough|p2a: Walking Wake
|-supereffective|p2a: Walking Wake
|-damage|p2a: Walking Wake|38/100
|
|-weather|SunnyDay|[upkeep]
|-heal|p1a: AaAAAaaaaAhhHH|64/100|[from] item: Leftovers
|upkeep
|turn|15
|
|t:|1760791144
|move|p2a: Walking Wake|Weather Ball|p1a: AaAAAaaaaAhhHH
|-damage|p1a: AaAAAaaaaAhhHH|33/100
|move|p1a: AaAAAaaaaAhhHH|Play Rough|p2a: Walking Wake
|-supereffective|p2a: Walking Wake
|-damage|p2a: Walking Wake|0 fnt
|faint|p2a: Walking Wake
|-end|p2a: Walking Wake|Protosynthesis|[silent]
|
|-weather|SunnyDay|[upkeep]
|-heal|p1a: AaAAAaaaaAhhHH|39/100|[from] item: Leftovers
|upkeep
|
|t:|1760791155
|switch|p2a: Kingambit|Kingambit, M|100/100
|-damage|p2a: Kingambit|94/100|[from] Stealth Rock
|-activate|p2a: Kingambit|ability: Supreme Overlord
|-start|p2a: Kingambit|fallen4|[silent]
|turn|16
|
|t:|1760791161
|move|p1a: AaAAAaaaaAhhHH|Thunder Wave|p2a: Kingambit
|-status|p2a: Kingambit|par
|cant|p2a: Kingambit|par
|
|-weather|none
|-end|p1a: AaAAAaaaaAhhHH|Protosynthesis
|-heal|p1a: AaAAAaaaaAhhHH|46/100|[from] item: Leftovers
|upkeep
|turn|17
|
|t:|1760791169
|-end|p1a: AaAAAaaaaAhhHH|Protosynthesis|[silent]
|switch|p1a: Mr.Boombastic|Torkoal, M|100/100
|-weather|SunnyDay|[from] ability: Drought|[of] p1a: Mr.Boombastic
|move|p2a: Kingambit|Sucker Punch||[still]
|-fail|p2a: Kingambit
|
|-weather|SunnyDay|[upkeep]
|upkeep
|turn|18
|-message|ori456 forfeited.
|
|win|Winter6097
|raw|Winter6097's rating: 1365 &rarr; <strong>1383</strong><br />(+18 for winning)
|raw|ori456's rating: 1331 &rarr; <strong>1313</strong><br />(-18 for losing)
|l|☆ori456
|player|p2|
|l|☆Winter6097
|player|p1|
