|j|☆Blue Chew Mew
|j|☆SBYK
|t:|1760846716
|gametype|singles
|player|p1|Blue Chew Mew|169|1269
|player|p2|SBYK|aaron|1245
|gen|9
|tier|[Gen 9] OU
|rated|
|rule|HP Percentage Mod: HP is shown in percentages
|rule|Endless Battle Clause: Forcing endless battles is banned
|rule|Species Clause: Limit one of each Pokémon
|rule|OHKO Clause: OHKO moves are banned
|rule|Evasion Items Clause: Evasion items are banned
|rule|Evasion Moves Clause: Evasion moves are banned
|rule|Evasion Abilities Clause: Evasion abilities are banned
|rule|Sleep Moves Clause: Sleep-inducing moves are banned
|clearpoke
|poke|p1|Greninja-*, M|
|poke|p1|Pecharunt|
|poke|p1|Ogerpon-Wellspring, F|
|poke|p1|Corviknight, F|
|poke|p1|Garganacl, M|
|poke|p1|Iron Valiant|
|poke|p2|Landorus-Therian, M|
|poke|p2|Weezing-Galar, F|
|poke|p2|Meowscarada, F|
|poke|p2|Hoopa-Unbound|
|poke|p2|Kyurem|
|poke|p2|Heatran, M|
|teampreview
|inactive|Battle timer is ON: inactive players will automatically lose when time's up. (requested by SBYK)
|
|t:|1760846741
|teamsize|p1|6
|teamsize|p2|6
|start
|switch|p1a: Iron Valiant|Iron Valiant|100/100
|switch|p2a: Weezing|Weezing-Galar, F|100/100
|-ability|p2a: Weezing|Neutralizing Gas
|turn|1
|
|t:|1760846754
|-end|p1a: Iron Valiant|Quark Drive|[silent]
|switch|p1a: Corviknight|Corviknight, F|100/100
|move|p2a: Weezing|Dazzling Gleam|p1a: Corviknight
|-resisted|p1a: Corviknight
|-damage|p1a: Corviknight|91/100
|
|upkeep
|turn|2
|
|t:|1760846765
|move|p1a: Corviknight|Iron Defense|p1a: Corviknight
|-boost|p1a: Corviknight|def|2
|move|p2a: Weezing|Will-O-Wisp|p1a: Corviknight|[miss]
|-miss|p2a: Weezing|p1a: Corviknight
|
|upkeep
|turn|3
|
|t:|1760846773
|switch|p1a: Garganacl|Garganacl, M|100/100
|move|p2a: Weezing|Will-O-Wisp|p1a: Garganacl
|-status|p1a: Garganacl|brn
|
|-damage|p1a: Garganacl|94/100 brn|[from] brn
|upkeep
|turn|4
|
|t:|1760846786
|-end|p2a: Weezing|ability: Neutralizing Gas
|switch|p2a: Landorus|Landorus-Therian, M|100/100
|-ability|p2a: Landorus|Intimidate|boost
|-unboost|p1a: Garganacl|atk|1
|move|p1a: Garganacl|Salt Cure|p2a: Landorus
|-damage|p2a: Landorus|95/100
|-start|p2a: Landorus|Salt Cure
|
|-heal|p1a: Garganacl|100/100 brn|[from] item: Leftovers
|-damage|p1a: Garganacl|94/100 brn|[from] brn
|-damage|p2a: Landorus|83/100|[from] Salt Cure
|upkeep
|turn|5
|
|t:|1760846800
|switch|p1a: Corviknight|Corviknight, F|91/100
|-ability|p1a: Corviknight|Pressure
|move|p2a: Landorus|Stealth Rock|p1a: Corviknight
|-sidestart|p1: Blue Chew Mew|move: Stealth Rock
|
|-damage|p2a: Landorus|71/100|[from] Salt Cure
|upkeep
|turn|6
|
|t:|1760846812
|move|p2a: Landorus|Taunt|p1a: Corviknight
|-start|p1a: Corviknight|move: Taunt
|cant|p1a: Corviknight|move: Taunt|Defog
|
|-damage|p2a: Landorus|58/100|[from] Salt Cure
|upkeep
|turn|7
|
|t:|1760846819
|switch|p2a: Heatran|Heatran, M|100/100
|move|p1a: Corviknight|Body Press|p2a: Heatran
|-supereffective|p2a: Heatran
|-damage|p2a: Heatran|66/100
|
|-heal|p2a: Heatran|72/100|[from] item: Leftovers
|upkeep
|turn|8
|
|t:|1760846835
|switch|p1a: Garganacl|Garganacl, M|94/100 brn
|-damage|p1a: Garganacl|82/100 brn|[from] Stealth Rock
|move|p2a: Heatran|Iron Defense|p2a: Heatran
|-boost|p2a: Heatran|def|2
|
|-heal|p2a: Heatran|78/100|[from] item: Leftovers
|-heal|p1a: Garganacl|88/100 brn|[from] item: Leftovers
|-damage|p1a: Garganacl|82/100 brn|[from] brn
|upkeep
|turn|9
|
|t:|1760846846
|move|p2a: Heatran|Body Press|p1a: Garganacl
|-supereffective|p1a: Garganacl
|-damage|p1a: Garganacl|36/100 brn
|move|p1a: Garganacl|Salt Cure|p2a: Heatran
|-damage|p2a: Heatran|75/100
|-start|p2a: Heatran|Salt Cure
|
|-heal|p2a: Heatran|81/100|[from] item: Leftovers
|-heal|p1a: Garganacl|42/100 brn|[from] item: Leftovers
|-damage|p1a: Garganacl|36/100 brn|[from] brn
|-damage|p2a: Heatran|56/100|[from] Salt Cure
|upkeep
|turn|10
|
|t:|1760846858
|move|p1a: Garganacl|Protect|p1a: Garganacl
|-singleturn|p1a: Garganacl|Protect
|move|p2a: Heatran|Magma Storm|p1a: Garganacl
|-activate|p1a: Garganacl|move: Protect
|
|-heal|p2a: Heatran|62/100|[from] item: Leftovers
|-heal|p1a: Garganacl|42/100 brn|[from] item: Leftovers
|-damage|p1a: Garganacl|36/100 brn|[from] brn
|-damage|p2a: Heatran|38/100|[from] Salt Cure
|upkeep
|turn|11
|
|t:|1760846870
|move|p2a: Heatran|Magma Storm|p1a: Garganacl|[miss]
|-miss|p2a: Heatran|p1a: Garganacl
|move|p1a: Garganacl|Recover|p1a: Garganacl
|-heal|p1a: Garganacl|86/100 brn
|
|-heal|p2a: Heatran|44/100|[from] item: Leftovers
|-heal|p1a: Garganacl|92/100 brn|[from] item: Leftovers
|-damage|p1a: Garganacl|86/100 brn|[from] brn
|-damage|p2a: Heatran|19/100|[from] Salt Cure
|upkeep
|turn|12
|
|t:|1760846880
|move|p1a: Garganacl|Protect|p1a: Garganacl
|-singleturn|p1a: Garganacl|Protect
|move|p2a: Heatran|Body Press|p1a: Garganacl
|-activate|p1a: Garganacl|move: Protect
|
|-heal|p2a: Heatran|25/100|[from] item: Leftovers
|-heal|p1a: Garganacl|92/100 brn|[from] item: Leftovers
|-damage|p1a: Garganacl|86/100 brn|[from] brn
|-damage|p2a: Heatran|0 fnt|[from] Salt Cure
|faint|p2a: Heatran
|upkeep
|
|t:|1760846888
|switch|p2a: Hoopa|Hoopa-Unbound|100/100
|turn|13
|
|t:|1760846894
|move|p2a: Hoopa|Drain Punch|p1a: Garganacl
|-supereffective|p1a: Garganacl
|-damage|p1a: Garganacl|49/100 brn
|move|p1a: Garganacl|Salt Cure|p2a: Hoopa
|-damage|p2a: Hoopa|92/100
|-start|p2a: Hoopa|Salt Cure
|
|-heal|p1a: Garganacl|55/100 brn|[from] item: Leftovers
|-damage|p1a: Garganacl|49/100 brn|[from] brn
|-damage|p2a: Hoopa|80/100|[from] Salt Cure
|upkeep
|turn|14
|
|t:|1760846905
|move|p2a: Hoopa|Hyperspace Fury|p1a: Garganacl
|-damage|p1a: Garganacl|16/100 brn
|-unboost|p2a: Hoopa|def|1
|move|p1a: Garganacl|Recover|p1a: Garganacl
|-heal|p1a: Garganacl|66/100 brn
|
|-heal|p1a: Garganacl|72/100 brn|[from] item: Leftovers
|-damage|p1a: Garganacl|66/100 brn|[from] brn
|-damage|p2a: Hoopa|67/100|[from] Salt Cure
|upkeep
|turn|15
|
|t:|1760846917
|switch|p1a: Iron Valiant|Iron Valiant|100/100
|-damage|p1a: Iron Valiant|94/100|[from] Stealth Rock
|move|p2a: Hoopa|Psychic|p1a: Iron Valiant
|-supereffective|p1a: Iron Valiant
|-damage|p1a: Iron Valiant|0 fnt
|faint|p1a: Iron Valiant
|-end|p1a: Iron Valiant|Quark Drive|[silent]
|
|-damage|p2a: Hoopa|55/100|[from] Salt Cure
|upkeep
|
|t:|1760846930
|switch|p1a: Greninja|Greninja, M|100/100
|-damage|p1a: Greninja|88/100|[from] Stealth Rock
|turn|16
|
|t:|1760846938
|move|p1a: Greninja|Water Shuriken|p2a: Hoopa
|-damage|p2a: Hoopa|50/100
|-damage|p2a: Hoopa|45/100
|-damage|p2a: Hoopa|41/100
|-hitcount|p2a: Hoopa|3
|move|p2a: Hoopa|Drain Punch|p1a: Greninja
|-supereffective|p1a: Greninja
|-crit|p1a: Greninja
|-damage|p1a: Greninja|0 fnt
|-heal|p2a: Hoopa|80/100|[from] drain|[of] p1a: Greninja
|faint|p1a: Greninja
|
|-damage|p2a: Hoopa|68/100|[from] Salt Cure
|upkeep
|
|t:|1760846952
|switch|p1a: Ogerpon|Ogerpon-Wellspring, F|100/100
|-damage|p1a: Ogerpon|88/100|[from] Stealth Rock
|turn|17
|
|t:|1760846957
|move|p1a: Ogerpon|Swords Dance|p1a: Ogerpon
|-boost|p1a: Ogerpon|atk|2
|move|p2a: Hoopa|Hyperspace Fury|p1a: Ogerpon
|-damage|p1a: Ogerpon|7/100
|-unboost|p2a: Hoopa|def|1
|
|-damage|p2a: Hoopa|55/100|[from] Salt Cure
|upkeep
|turn|18
|
|t:|1760846969
|switch|p2a: Landorus|Landorus-Therian, M|58/100
|-ability|p2a: Landorus|Intimidate|boost
|-unboost|p1a: Ogerpon|atk|1
|-terastallize|p1a: Ogerpon|Water
|detailschange|p1a: Ogerpon|Ogerpon-Wellspring-Tera, F, tera:Water
|-ability|p1a: Ogerpon|Embody Aspect (Wellspring)|boost
|-boost|p1a: Ogerpon|spd|1
|move|p1a: Ogerpon|Horn Leech|p2a: Landorus
|-damage|p2a: Landorus|0 fnt
|-heal|p1a: Ogerpon|41/100|[from] drain|[of] p2a: Landorus
|-damage|p1a: Ogerpon|25/100|[from] item: Rocky Helmet|[of] p2a: Landorus
|faint|p2a: Landorus
|
|upkeep
|
|t:|1760846983
|switch|p2a: Meowscarada|Meowscarada, F|100/100
|turn|19
|
|t:|1760846994
|switch|p1a: Corviknight|Corviknight, F|91/100
|-damage|p1a: Corviknight|79/100|[from] Stealth Rock
|-ability|p1a: Corviknight|Pressure
|move|p2a: Meowscarada|Knock Off|p1a: Corviknight
|-start|p2a: Meowscarada|typechange|Dark|[from] ability: Protean
|-damage|p1a: Corviknight|45/100
|-damage|p2a: Meowscarada|84/100|[from] item: Rocky Helmet|[of] p1a: Corviknight
|-enditem|p1a: Corviknight|Rocky Helmet|[from] move: Knock Off|[of] p2a: Meowscarada
|
|upkeep
|turn|20
|
|t:|1760847007
|switch|p2a: Kyurem|Kyurem|100/100
|-ability|p2a: Kyurem|Pressure
|move|p1a: Corviknight|Body Press|p2a: Kyurem
|-supereffective|p2a: Kyurem
|-damage|p2a: Kyurem|61/100
|
|upkeep
|turn|21
|
|t:|1760847015
|move|p2a: Kyurem|Dragon Dance|p2a: Kyurem
|-boost|p2a: Kyurem|atk|1
|-boost|p2a: Kyurem|spe|1
|move|p1a: Corviknight|Roost|p1a: Corviknight
|-heal|p1a: Corviknight|95/100
|-singleturn|p1a: Corviknight|move: Roost
|
|upkeep
|turn|22
|
|t:|1760847029
|move|p2a: Kyurem|Dragon Dance|p2a: Kyurem
|-boost|p2a: Kyurem|atk|1
|-boost|p2a: Kyurem|spe|1
|move|p1a: Corviknight|Iron Defense|p1a: Corviknight
|-boost|p1a: Corviknight|def|2
|
|upkeep
|turn|23
|
|t:|1760847037
|move|p2a: Kyurem|Icicle Spear|p1a: Corviknight
|-damage|p1a: Corviknight|85/100
|-damage|p1a: Corviknight|76/100
|-damage|p1a: Corviknight|66/100
|-damage|p1a: Corviknight|56/100
|-damage|p1a: Corviknight|46/100
|-hitcount|p1a: Corviknight|5
|move|p1a: Corviknight|Iron Defense|p1a: Corviknight
|-boost|p1a: Corviknight|def|2
|
|upkeep
|turn|24
|
|t:|1760847048
|-terastallize|p2a: Kyurem|Ice
|move|p2a: Kyurem|Freeze-Dry|p1a: Corviknight
|-damage|p1a: Corviknight|13/100
|move|p1a: Corviknight|Roost|p1a: Corviknight
|-heal|p1a: Corviknight|63/100
|-singleturn|p1a: Corviknight|move: Roost
|
|upkeep
|turn|25
|
|t:|1760847063
|move|p2a: Kyurem|Freeze-Dry|p1a: Corviknight
|-damage|p1a: Corviknight|31/100
|move|p1a: Corviknight|Body Press|p2a: Kyurem
|-supereffective|p2a: Kyurem
|-damage|p2a: Kyurem|0 fnt
|faint|p2a: Kyurem
|
|upkeep
|
|t:|1760847074
|switch|p2a: Weezing|Weezing-Galar, F|100/100
|-ability|p2a: Weezing|Neutralizing Gas
|turn|26
|
|t:|1760847079
|move|p1a: Corviknight|Roost|p1a: Corviknight
|-heal|p1a: Corviknight|81/100
|-singleturn|p1a: Corviknight|move: Roost
|move|p2a: Weezing|Will-O-Wisp|p1a: Corviknight
|-status|p1a: Corviknight|brn
|
|-damage|p1a: Corviknight|75/100 brn|[from] brn
|upkeep
|turn|27
|
|t:|1760847088
|move|p1a: Corviknight|Iron Defense|p1a: Corviknight
|-boost|p1a: Corviknight|def|2
|move|p2a: Weezing|Dazzling Gleam|p1a: Corviknight
|-resisted|p1a: Corviknight
|-damage|p1a: Corviknight|65/100 brn
|
|-damage|p1a: Corviknight|59/100 brn|[from] brn
|upkeep
|turn|28
|
|t:|1760847098
|move|p1a: Corviknight|Roost|p1a: Corviknight
|-heal|p1a: Corviknight|100/100 brn
|-singleturn|p1a: Corviknight|move: Roost
|move|p2a: Weezing|Dazzling Gleam|p1a: Corviknight
|-resisted|p1a: Corviknight
|-damage|p1a: Corviknight|91/100 brn
|
|-damage|p1a: Corviknight|85/100 brn|[from] brn
|upkeep
|turn|29
|
|t:|1760847107
|move|p1a: Corviknight|Body Press|p2a: Weezing
|-resisted|p2a: Weezing
|-damage|p2a: Weezing|94/100
|move|p2a: Weezing|Dazzling Gleam|p1a: Corviknight
|-resisted|p1a: Corviknight
|-damage|p1a: Corviknight|76/100 brn
|
|-damage|p1a: Corviknight|70/100 brn|[from] brn
|upkeep
|turn|30
|
|t:|1760847120
|move|p1a: Corviknight|Body Press|p2a: Weezing
|-resisted|p2a: Weezing
|-damage|p2a: Weezing|86/100
|move|p2a: Weezing|Will-O-Wisp|p1a: Corviknight
|-fail|p1a: Corviknight|brn
|
|-damage|p1a: Corviknight|64/100 brn|[from] brn
|upkeep
|turn|31
|
|t:|1760847133
|move|p1a: Corviknight|Body Press|p2a: Weezing
|-resisted|p2a: Weezing
|-damage|p2a: Weezing|79/100
|move|p2a: Weezing|Will-O-Wisp|p1a: Corviknight
|-fail|p1a: Corviknight|brn
|
|-damage|p1a: Corviknight|58/100 brn|[from] brn
|upkeep
|turn|32
|
|t:|1760847143
|move|p1a: Corviknight|Roost|p1a: Corviknight
|-heal|p1a: Corviknight|100/100 brn
|-singleturn|p1a: Corviknight|move: Roost
|move|p2a: Weezing|Will-O-Wisp|p1a: Corviknight|[miss]
|-miss|p2a: Weezing|p1a: Corviknight
|
|-damage|p1a: Corviknight|94/100 brn|[from] brn
|upkeep
|turn|33
|
|t:|1760847155
|move|p1a: Corviknight|Body Press|p2a: Weezing
|-resisted|p2a: Weezing
|-damage|p2a: Weezing|73/100
|move|p2a: Weezing|Will-O-Wisp|p1a: Corviknight
|-fail|p1a: Corviknight|brn
|
|-damage|p1a: Corviknight|88/100 brn|[from] brn
|upkeep
|turn|34
|
|t:|1760847182
|move|p1a: Corviknight|Iron Defense|p1a: Corviknight
|-boost|p1a: Corviknight|def|0
|move|p2a: Weezing|Will-O-Wisp|p1a: Corviknight
|-fail|p1a: Corviknight|brn
|
|-damage|p1a: Corviknight|82/100 brn|[from] brn
|upkeep
|turn|35
|inactive|SBYK has 120 seconds left.
|
|t:|1760847213
|move|p1a: Corviknight|Iron Defense|p1a: Corviknight
|-boost|p1a: Corviknight|def|0
|move|p2a: Weezing|Dazzling Gleam|p1a: Corviknight
|-resisted|p1a: Corviknight
|-damage|p1a: Corviknight|74/100 brn
|
|-damage|p1a: Corviknight|68/100 brn|[from] brn
|upkeep
|turn|36
|-message|SBYK forfeited.
|
|win|Blue Chew Mew
|raw|Blue Chew Mew's rating: 1269 &rarr; <strong>1292</strong><br />(+23 for winning)
|raw|SBYK's rating: 1245 &rarr; <strong>1222</strong><br />(-23 for losing)
|l|☆SBYK
|player|p2|
|l|☆Blue Chew Mew
|player|p1|
