|j|‽mantikarp2.0
|j|☆MooFarmer
|t:|1760735421
|gametype|singles
|player|p1|mantikarp2.0|medium|1781
|player|p2|MooFarmer|1|1871
|gen|9
|tier|[Gen 9] OU
|rated|
|rule|HP Percentage Mod: HP is shown in percentages
|rule|Endless Battle Clause: Forcing endless battles is banned
|rule|Species Clause: Limit one of each Pokémon
|rule|OHKO Clause: OHKO moves are banned
|rule|Evasion Items Clause: Evasion items are banned
|rule|Evasion Moves Clause: Evasion moves are banned
|rule|Evasion Abilities Clause: Evasion abilities are banned
|rule|Sleep Moves Clause: Sleep-inducing moves are banned
|clearpoke
|poke|p1|Ribombee, F|
|poke|p1|Gholdengo|
|poke|p1|Great Tusk|
|poke|p1|Raging Bolt|
|poke|p1|Ogerpon-Cornerstone, F|
|poke|p1|Ceruledge, M|
|poke|p2|Kyurem|
|poke|p2|Corviknight, M|
|poke|p2|Ting-Lu|
|poke|p2|Dondozo, F|
|poke|p2|Slowking-Galar, L99, F|
|poke|p2|Cinderace, M|
|teampreview
|inactive|Battle timer is ON: inactive players will automatically lose when time's up. (requested by mantikarp2.0)
|
|t:|1760735468
|teamsize|p1|6
|teamsize|p2|6
|start
|switch|p1a: Ribombee|Ribombee, F, shiny|100/100
|switch|p2a: Cinderace|Cinderace, M|100/100
|turn|1
|inactive|MooFarmer also wants the timer to be on.
|inactive|mantikarp2.0 has 120 seconds left.
|inactive|MooFarmer has 120 seconds left.
|
|t:|1760735521
|move|p1a: Ribombee|Moonblast|p2a: Cinderace
|-resisted|p2a: Cinderace
|-damage|p2a: Cinderace|76/100
|-unboost|p2a: Cinderace|spa|1
|move|p2a: Cinderace|Pyro Ball|p1a: Ribombee
|-supereffective|p1a: Ribombee
|-enditem|p1a: Ribombee|Focus Sash
|-damage|p1a: Ribombee|1/100
|
|upkeep
|turn|2
|inactive|MooFarmer has 90 seconds left.
|
|t:|1760735568
|move|p1a: Ribombee|Moonblast|p2a: Cinderace
|-resisted|p2a: Cinderace
|-damage|p2a: Cinderace|50/100
|move|p2a: Cinderace|U-turn|p1a: Ribombee
|-resisted|p1a: Ribombee
|-damage|p1a: Ribombee|0 fnt
|faint|p1a: Ribombee
|inactive|MooFarmer has 60 seconds left.
|
|t:|1760735614
|switch|p2a: Dondozo|Dondozo, F|100/100|[from] U-turn
|
|upkeep
|
|t:|1760735634
|switch|p1a: Ogerpon|Ogerpon-Cornerstone, F|100/100
|turn|3
|
|t:|1760735642
|move|p1a: Ogerpon|Ivy Cudgel|p2a: Dondozo|[anim] Ivy Cudgel Rock
|-damage|p2a: Dondozo|72/100
|move|p2a: Dondozo|Body Press|p1a: Ogerpon
|-supereffective|p1a: Ogerpon
|-damage|p1a: Ogerpon|26/100
|
|-heal|p2a: Dondozo|79/100|[from] item: Leftovers
|upkeep
|turn|4
|
|t:|1760735651
|move|p1a: Ogerpon|Power Whip|p2a: Dondozo
|-supereffective|p2a: Dondozo
|-damage|p2a: Dondozo|11/100
|move|p2a: Dondozo|Waterfall|p1a: Ogerpon
|-damage|p1a: Ogerpon|0 fnt
|faint|p1a: Ogerpon
|
|-heal|p2a: Dondozo|18/100|[from] item: Leftovers
|upkeep
|inactive|mantikarp2.0 has 90 seconds left.
|
|t:|1760735691
|switch|p1a: Gholdengo|Gholdengo, shiny|100/100
|-item|p1a: Gholdengo|Air Balloon
|turn|5
|inactive|MooFarmer has 60 seconds left.
|
|t:|1760735699
|switch|p2a: Ting-Lu|Ting-Lu|100/100
|-ability|p2a: Ting-Lu|Vessel of Ruin
|move|p1a: Gholdengo|Nasty Plot|p1a: Gholdengo
|-boost|p1a: Gholdengo|spa|2
|
|upkeep
|turn|6
|
|t:|1760735708
|move|p1a: Gholdengo|Focus Blast|p2a: Ting-Lu
|-supereffective|p2a: Ting-Lu
|-damage|p2a: Ting-Lu|20/100
|move|p2a: Ting-Lu|Payback|p1a: Gholdengo
|-supereffective|p1a: Gholdengo
|-damage|p1a: Gholdengo|24/100
|-enditem|p1a: Gholdengo|Air Balloon
|
|-heal|p2a: Ting-Lu|26/100|[from] item: Leftovers
|upkeep
|turn|7
|inactive|mantikarp2.0 has 90 seconds left.
|
|t:|1760735724
|switch|p2a: Slowking|Slowking-Galar, L99, F|100/100
|move|p1a: Gholdengo|Make It Rain|p2a: Slowking
|-damage|p2a: Slowking|19/100
|-unboost|p1a: Gholdengo|spa|1
|
|upkeep
|turn|8
|
|t:|1760735733
|switch|p2a: Ting-Lu|Ting-Lu|26/100
|-ability|p2a: Ting-Lu|Vessel of Ruin
|move|p1a: Gholdengo|Shadow Ball|p2a: Ting-Lu
|-resisted|p2a: Ting-Lu
|-damage|p2a: Ting-Lu|12/100
|
|-heal|p2a: Ting-Lu|19/100|[from] item: Leftovers
|upkeep
|turn|9
|
|t:|1760735741
|move|p1a: Gholdengo|Focus Blast|p2a: Ting-Lu|[miss]
|-miss|p1a: Gholdengo|p2a: Ting-Lu
|move|p2a: Ting-Lu|Earthquake|p1a: Gholdengo
|-supereffective|p1a: Gholdengo
|-damage|p1a: Gholdengo|0 fnt
|faint|p1a: Gholdengo
|
|-heal|p2a: Ting-Lu|25/100|[from] item: Leftovers
|upkeep
|
|t:|1760735746
|switch|p1a: Great Tusk|Great Tusk, shiny|100/100
|-enditem|p1a: Great Tusk|Booster Energy
|-activate|p1a: Great Tusk|ability: Protosynthesis|[fromitem]
|-start|p1a: Great Tusk|protosynthesisatk
|turn|10
|inactive|MooFarmer has 90 seconds left.
|
|t:|1760735754
|switch|p2a: Kyurem|Kyurem|100/100
|-ability|p2a: Kyurem|Pressure
|move|p1a: Great Tusk|Ice Spinner|p2a: Kyurem
|-damage|p2a: Kyurem|69/100
|
|-heal|p2a: Kyurem|75/100|[from] item: Leftovers
|upkeep
|turn|11
|inactive|mantikarp2.0 has 120 seconds left.
|inactive|MooFarmer has 90 seconds left.
|inactive|MooFarmer has 60 seconds left.
|
|t:|1760735800
|move|p2a: Kyurem|Freeze-Dry|p1a: Great Tusk
|-supereffective|p1a: Great Tusk
|-damage|p1a: Great Tusk|0 fnt
|faint|p1a: Great Tusk
|-end|p1a: Great Tusk|Protosynthesis|[silent]
|
|-heal|p2a: Kyurem|82/100|[from] item: Leftovers
|upkeep
|inactive|mantikarp2.0 has 120 seconds left.
|
|t:|1760735811
|switch|p1a: Raging Bolt|Raging Bolt|100/100
|-enditem|p1a: Raging Bolt|Booster Energy
|-activate|p1a: Raging Bolt|ability: Protosynthesis|[fromitem]
|-start|p1a: Raging Bolt|protosynthesisspa
|turn|12
|inactive|mantikarp2.0 has 120 seconds left.
|inactive|MooFarmer has 60 seconds left.
|inactive|MooFarmer has 30 seconds left.
|
|t:|1760735856
|-terastallize|p2a: Kyurem|Ground
|-terastallize|p1a: Raging Bolt|Bug
|move|p2a: Kyurem|Earth Power|p1a: Raging Bolt
|-resisted|p1a: Raging Bolt
|-damage|p1a: Raging Bolt|80/100
|move|p1a: Raging Bolt|Calm Mind|p1a: Raging Bolt
|-boost|p1a: Raging Bolt|spa|1
|-boost|p1a: Raging Bolt|spd|1
|
|-heal|p2a: Kyurem|88/100|[from] item: Leftovers
|upkeep
|turn|13
|inactive|MooFarmer has 30 seconds left.
|
|t:|1760735865
|move|p2a: Kyurem|Protect|p2a: Kyurem
|-singleturn|p2a: Kyurem|Protect
|move|p1a: Raging Bolt|Dragon Pulse|p2a: Kyurem
|-activate|p2a: Kyurem|move: Protect
|
|-heal|p2a: Kyurem|94/100|[from] item: Leftovers
|upkeep
|turn|14
|
|t:|1760735874
|switch|p2a: Dondozo|Dondozo, F|18/100
|move|p1a: Raging Bolt|Dragon Pulse|p2a: Dondozo
|-damage|p2a: Dondozo|0 fnt
|faint|p2a: Dondozo
|
|upkeep
|
|t:|1760735882
|switch|p2a: Cinderace|Cinderace, M|50/100
|turn|15
|
|t:|1760735891
|move|p2a: Cinderace|Will-O-Wisp|p1a: Raging Bolt
|-status|p1a: Raging Bolt|brn
|move|p1a: Raging Bolt|Thunderbolt|p2a: Cinderace
|-damage|p2a: Cinderace|0 fnt
|faint|p2a: Cinderace
|
|-damage|p1a: Raging Bolt|74/100 brn|[from] brn
|upkeep
|
|t:|1760735899
|switch|p2a: Kyurem|Kyurem, tera:Ground|94/100
|-ability|p2a: Kyurem|Pressure
|turn|16
|
|t:|1760735908
|move|p2a: Kyurem|Substitute|p2a: Kyurem
|-start|p2a: Kyurem|Substitute
|-damage|p2a: Kyurem|69/100
|move|p1a: Raging Bolt|Dragon Pulse|p2a: Kyurem
|-end|p2a: Kyurem|Substitute
|
|-heal|p2a: Kyurem|75/100|[from] item: Leftovers
|-damage|p1a: Raging Bolt|68/100 brn|[from] brn
|upkeep
|turn|17
|
|t:|1760735916
|move|p2a: Kyurem|Substitute|p2a: Kyurem
|-start|p2a: Kyurem|Substitute
|-damage|p2a: Kyurem|50/100
|move|p1a: Raging Bolt|Calm Mind|p1a: Raging Bolt
|-boost|p1a: Raging Bolt|spa|1
|-boost|p1a: Raging Bolt|spd|1
|
|-heal|p2a: Kyurem|56/100|[from] item: Leftovers
|-damage|p1a: Raging Bolt|61/100 brn|[from] brn
|upkeep
|turn|18
|
|t:|1760735924
|move|p2a: Kyurem|Freeze-Dry|p1a: Raging Bolt
|-damage|p1a: Raging Bolt|45/100 brn
|move|p1a: Raging Bolt|Dragon Pulse|p2a: Kyurem
|-end|p2a: Kyurem|Substitute
|
|-heal|p2a: Kyurem|63/100|[from] item: Leftovers
|-damage|p1a: Raging Bolt|39/100 brn|[from] brn
|upkeep
|turn|19
|inactive|MooFarmer has 60 seconds left.
|
|t:|1760735933
|move|p2a: Kyurem|Substitute|p2a: Kyurem
|-start|p2a: Kyurem|Substitute
|-damage|p2a: Kyurem|38/100
|move|p1a: Raging Bolt|Dragon Pulse|p2a: Kyurem
|-end|p2a: Kyurem|Substitute
|
|-heal|p2a: Kyurem|44/100|[from] item: Leftovers
|-damage|p1a: Raging Bolt|33/100 brn|[from] brn
|upkeep
|turn|20
|
|t:|1760735941
|move|p2a: Kyurem|Substitute|p2a: Kyurem
|-start|p2a: Kyurem|Substitute
|-damage|p2a: Kyurem|19/100
|move|p1a: Raging Bolt|Dragon Pulse|p2a: Kyurem
|-end|p2a: Kyurem|Substitute
|
|-heal|p2a: Kyurem|25/100|[from] item: Leftovers
|-damage|p1a: Raging Bolt|27/100 brn|[from] brn
|upkeep
|turn|21
|
|t:|1760735949
|move|p2a: Kyurem|Protect|p2a: Kyurem
|-singleturn|p2a: Kyurem|Protect
|move|p1a: Raging Bolt|Dragon Pulse|p2a: Kyurem
|-activate|p2a: Kyurem|move: Protect
|
|-heal|p2a: Kyurem|31/100|[from] item: Leftovers
|-damage|p1a: Raging Bolt|21/100 brn|[from] brn
|upkeep
|turn|22
|
|t:|1760735957
|move|p2a: Kyurem|Substitute|p2a: Kyurem
|-start|p2a: Kyurem|Substitute
|-damage|p2a: Kyurem|6/100
|move|p1a: Raging Bolt|Dragon Pulse|p2a: Kyurem
|-end|p2a: Kyurem|Substitute
|
|-heal|p2a: Kyurem|12/100|[from] item: Leftovers
|-damage|p1a: Raging Bolt|15/100 brn|[from] brn
|upkeep
|turn|23
|
|t:|1760735965
|move|p2a: Kyurem|Protect|p2a: Kyurem
|-singleturn|p2a: Kyurem|Protect
|move|p1a: Raging Bolt|Dragon Pulse|p2a: Kyurem
|-activate|p2a: Kyurem|move: Protect
|
|-heal|p2a: Kyurem|19/100|[from] item: Leftovers
|-damage|p1a: Raging Bolt|8/100 brn|[from] brn
|upkeep
|turn|24
|
|t:|1760735973
|-end|p1a: Raging Bolt|Protosynthesis|[silent]
|switch|p1a: Ceruledge|Ceruledge, M, shiny|100/100
|move|p2a: Kyurem|Earth Power|p1a: Ceruledge
|-supereffective|p1a: Ceruledge
|-enditem|p1a: Ceruledge|Focus Sash
|-damage|p1a: Ceruledge|1/100
|
|-heal|p2a: Kyurem|25/100|[from] item: Leftovers
|upkeep
|turn|25
|inactive|MooFarmer has 90 seconds left.
|inactive|MooFarmer has 60 seconds left.
|
|t:|1760736012
|move|p2a: Kyurem|Earth Power|p1a: Ceruledge
|-supereffective|p1a: Ceruledge
|-damage|p1a: Ceruledge|0 fnt
|faint|p1a: Ceruledge
|
|-heal|p2a: Kyurem|31/100|[from] item: Leftovers
|upkeep
|-message|mantikarp2.0 forfeited.
|
|win|MooFarmer
|raw|mantikarp2.0's rating: 1781 &rarr; <strong>1766</strong><br />(-15 for losing)
|raw|MooFarmer's rating: 1871 &rarr; <strong>1886</strong><br />(+15 for winning)
|l|☆MooFarmer
|player|p2|
|l|‽mantikarp2.0
|player|p1|
