|j|☆anderek
|j|☆ppppppz
|t:|1760767272
|gametype|singles
|player|p1|anderek|fisherman-gen4|1169
|player|p2|ppppppz|preschooler|1184
|gen|9
|tier|[Gen 9] OU
|rated|
|rule|HP Percentage Mod: HP is shown in percentages
|rule|Endless Battle Clause: Forcing endless battles is banned
|rule|Species Clause: Limit one of each Pokémon
|rule|OHKO Clause: OHKO moves are banned
|rule|Evasion Items Clause: Evasion items are banned
|rule|Evasion Moves Clause: Evasion moves are banned
|rule|Evasion Abilities Clause: Evasion abilities are banned
|rule|Sleep Moves Clause: Sleep-inducing moves are banned
|clearpoke
|poke|p1|Kyurem|
|poke|p1|Zapdos|
|poke|p1|Great Tusk|
|poke|p1|Samurott-Hisui, F|
|poke|p1|Slowking-Galar, F|
|poke|p1|Pelipper, F|
|poke|p2|Cinderace, M|
|poke|p2|Blaziken, M|
|poke|p2|Meowscarada, F|
|poke|p2|Quaquaval, F|
|poke|p2|Serperior, F|
|poke|p2|Feraligatr, F|
|teampreview
|inactive|Battle timer is ON: inactive players will automatically lose when time's up. (requested by anderek)
|
|t:|1760767289
|teamsize|p1|6
|teamsize|p2|6
|start
|switch|p1a: Pelipper|Pelipper, F|100/100
|switch|p2a: Serperior|Serperior, F|100/100
|-weather|RainDance|[from] ability: Drizzle|[of] p1a: Pelipper
|turn|1
|
|t:|1760767299
|switch|p1a: Slowking|Slowking-Galar, F|100/100
|move|p2a: Serperior|Leaf Storm|p1a: Slowking
|-resisted|p1a: Slowking
|-damage|p1a: Slowking|83/100
|-boost|p2a: Serperior|spa|2
|
|-weather|RainDance|[upkeep]
|-heal|p1a: Slowking|90/100|[from] item: Black Sludge
|upkeep
|turn|2
|
|t:|1760767315
|-terastallize|p2a: Serperior|Fire
|move|p2a: Serperior|Leaf Storm|p1a: Slowking
|-resisted|p1a: Slowking
|-damage|p1a: Slowking|49/100
|-boost|p2a: Serperior|spa|2
|move|p1a: Slowking|Thunder Wave|p2a: Serperior
|-status|p2a: Serperior|par
|
|-weather|RainDance|[upkeep]
|-heal|p1a: Slowking|55/100|[from] item: Black Sludge
|upkeep
|turn|3
|
|t:|1760767332
|switch|p1a: Samurott|Samurott-Hisui, F|100/100
|move|p2a: Serperior|Leaf Storm|p1a: Samurott
|-supereffective|p1a: Samurott
|-enditem|p1a: Samurott|Focus Sash
|-damage|p1a: Samurott|1/100
|-boost|p2a: Serperior|spa|2
|
|-weather|RainDance|[upkeep]
|upkeep
|turn|4
|
|t:|1760767343
|move|p1a: Samurott|Razor Shell|p2a: Serperior
|-supereffective|p2a: Serperior
|-enditem|p2a: Serperior|Focus Sash
|-damage|p2a: Serperior|1/100 par
|move|p2a: Serperior|Giga Drain|p1a: Samurott
|-supereffective|p1a: Samurott
|-damage|p1a: Samurott|0 fnt
|-heal|p2a: Serperior|1/100 par|[from] drain|[of] p1a: Samurott
|faint|p1a: Samurott
|
|-weather|RainDance|[upkeep]
|upkeep
|
|t:|1760767349
|switch|p1a: Great Tusk|Great Tusk|100/100
|-enditem|p1a: Great Tusk|Booster Energy
|-activate|p1a: Great Tusk|ability: Protosynthesis|[fromitem]
|-start|p1a: Great Tusk|protosynthesisspe
|turn|5
|
|t:|1760767363
|move|p1a: Great Tusk|Rapid Spin|p2a: Serperior
|-damage|p2a: Serperior|0 fnt
|-boost|p1a: Great Tusk|spe|1
|faint|p2a: Serperior
|
|-weather|none
|upkeep
|
|t:|1760767385
|switch|p2a: Feraligatr|Feraligatr, F|100/100
|turn|6
|
|t:|1760767390
|-terastallize|p1a: Great Tusk|Ground
|move|p1a: Great Tusk|Headlong Rush|p2a: Feraligatr
|-crit|p2a: Feraligatr
|-damage|p2a: Feraligatr|0 fnt
|-unboost|p1a: Great Tusk|def|1
|-unboost|p1a: Great Tusk|spd|1
|faint|p2a: Feraligatr
|
|upkeep
|
|t:|1760767407
|switch|p2a: Blaziken|Blaziken, M|100/100
|turn|7
|
|t:|1760767417
|switch|p2a: Meowscarada|Meowscarada, F|100/100
|-item|p2a: Meowscarada|Air Balloon
|move|p1a: Great Tusk|Headlong Rush|p2a: Meowscarada
|-immune|p2a: Meowscarada
|
|upkeep
|turn|8
|
|t:|1760767428
|move|p1a: Great Tusk|Iron Head|p2a: Meowscarada
|-damage|p2a: Meowscarada|64/100
|-enditem|p2a: Meowscarada|Air Balloon
|move|p2a: Meowscarada|Flower Trick|p1a: Great Tusk
|-start|p2a: Meowscarada|typechange|Grass|[from] ability: Protean
|-supereffective|p1a: Great Tusk
|-crit|p1a: Great Tusk
|-damage|p1a: Great Tusk|12/100
|
|upkeep
|turn|9
|
|t:|1760767439
|move|p1a: Great Tusk|Headlong Rush|p2a: Meowscarada
|-resisted|p2a: Meowscarada
|-damage|p2a: Meowscarada|9/100
|-unboost|p1a: Great Tusk|def|1
|-unboost|p1a: Great Tusk|spd|1
|move|p2a: Meowscarada|Trailblaze|p1a: Great Tusk
|-supereffective|p1a: Great Tusk
|-damage|p1a: Great Tusk|0 fnt
|-boost|p2a: Meowscarada|spe|1
|faint|p1a: Great Tusk
|-end|p1a: Great Tusk|Protosynthesis|[silent]
|
|upkeep
|
|t:|1760767455
|switch|p1a: Pelipper|Pelipper, F|100/100
|-weather|RainDance|[from] ability: Drizzle|[of] p1a: Pelipper
|turn|10
|
|t:|1760767460
|move|p2a: Meowscarada|Flower Trick|p1a: Pelipper
|-crit|p1a: Pelipper
|-damage|p1a: Pelipper|46/100
|move|p1a: Pelipper|U-turn|p2a: Meowscarada
|-supereffective|p2a: Meowscarada
|-damage|p2a: Meowscarada|0 fnt
|faint|p2a: Meowscarada
|
|t:|1760767464
|switch|p1a: Zapdos|Zapdos|100/100|[from] U-turn
|
|-weather|RainDance|[upkeep]
|upkeep
|
|t:|1760767477
|switch|p2a: Blaziken|Blaziken, M|100/100
|turn|11
|
|t:|1760767483
|move|p1a: Zapdos|Weather Ball|p2a: Blaziken
|-supereffective|p2a: Blaziken
|-enditem|p2a: Blaziken|Focus Sash
|-damage|p2a: Blaziken|1/100
|move|p2a: Blaziken|Swords Dance|p2a: Blaziken
|-boost|p2a: Blaziken|atk|2
|
|-weather|RainDance|[upkeep]
|-ability|p2a: Blaziken|Speed Boost|boost
|-boost|p2a: Blaziken|spe|1
|upkeep
|turn|12
|
|t:|1760767495
|move|p2a: Blaziken|Close Combat|p1a: Zapdos
|-resisted|p1a: Zapdos
|-damage|p1a: Zapdos|29/100
|-unboost|p2a: Blaziken|def|1
|-unboost|p2a: Blaziken|spd|1
|move|p1a: Zapdos|Weather Ball|p2a: Blaziken
|-supereffective|p2a: Blaziken
|-damage|p2a: Blaziken|0 fnt
|faint|p2a: Blaziken
|
|-weather|RainDance|[upkeep]
|upkeep
|
|t:|1760767509
|switch|p2a: Quaquaval|Quaquaval, F|100/100
|turn|13
|
|t:|1760767514
|move|p1a: Zapdos|Thunder|p2a: Quaquaval
|-supereffective|p2a: Quaquaval
|-damage|p2a: Quaquaval|0 fnt
|faint|p2a: Quaquaval
|
|-weather|RainDance|[upkeep]
|upkeep
|
|t:|1760767521
|switch|p2a: Cinderace|Cinderace, M|100/100
|turn|14
|
|t:|1760767525
|move|p2a: Cinderace|Pyro Ball|p1a: Zapdos
|-damage|p1a: Zapdos|0 fnt
|faint|p1a: Zapdos
|
|-weather|none
|upkeep
|
|t:|1760767530
|switch|p1a: Slowking|Slowking-Galar, F|89/100
|turn|15
|
|t:|1760767535
|move|p2a: Cinderace|Swords Dance|p2a: Cinderace
|-start|p2a: Cinderace|typechange|Normal|[from] ability: Libero
|-boost|p2a: Cinderace|atk|2
|move|p1a: Slowking|Thunder Wave|p2a: Cinderace
|-status|p2a: Cinderace|par
|
|-heal|p1a: Slowking|95/100|[from] item: Black Sludge
|upkeep
|turn|16
|
|t:|1760767545
|move|p2a: Cinderace|Swords Dance|p2a: Cinderace
|-boost|p2a: Cinderace|atk|2
|move|p1a: Slowking|Foul Play|p2a: Cinderace
|-damage|p2a: Cinderace|0 fnt
|faint|p2a: Cinderace
|
|win|anderek
|raw|anderek's rating: 1169 &rarr; <strong>1195</strong><br />(+26 for winning)
|raw|ppppppz's rating: 1184 &rarr; <strong>1158</strong><br />(-26 for losing)
|l|☆ppppppz
|player|p2|
|l|☆anderek
|player|p1|
