|j|☆Rob Rancid
|j|☆lafrappedu13
|t:|1760765646
|gametype|singles
|player|p1|Rob Rancid|marlon|1418
|player|p2|lafrappedu13|ethan|1353
|gen|9
|tier|[Gen 9] OU
|rated|
|rule|HP Percentage Mod: HP is shown in percentages
|rule|Endless Battle Clause: Forcing endless battles is banned
|rule|Species Clause: Limit one of each Pokémon
|rule|OHKO Clause: OHKO moves are banned
|rule|Evasion Items Clause: Evasion items are banned
|rule|Evasion Moves Clause: Evasion moves are banned
|rule|Evasion Abilities Clause: Evasion abilities are banned
|rule|Sleep Moves Clause: Sleep-inducing moves are banned
|clearpoke
|poke|p1|Grimmsnarl, M|
|poke|p1|Tauros-Paldea-Blaze, M|
|poke|p1|Enamorus, F|
|poke|p1|Iron Crown|
|poke|p1|Cinderace, M|
|poke|p1|Ogerpon-Wellspring, F|
|poke|p2|Great Tusk|
|poke|p2|Dragonite, F|
|poke|p2|Ogerpon-Wellspring, F|
|poke|p2|Iron Moth|
|poke|p2|Iron Valiant|
|poke|p2|Kingambit, M|
|teampreview
|inactive|Battle timer is ON: inactive players will automatically lose when time's up. (requested by lafrappedu13)
|
|t:|1760765724
|teamsize|p1|6
|teamsize|p2|6
|start
|switch|p1a: Enamorus|Enamorus, F|100/100
|switch|p2a: Jean-Marie Bigard|Great Tusk|100/100
|turn|1
|
|t:|1760765741
|-end|p2a: Jean-Marie Bigard|Protosynthesis|[silent]
|switch|p2a: Maya l'Abeille|Iron Moth|100/100
|move|p1a: Enamorus|Superpower|p2a: Maya l'Abeille
|-resisted|p2a: Maya l'Abeille
|-damage|p2a: Maya l'Abeille|66/100
|-boost|p1a: Enamorus|atk|1
|-boost|p1a: Enamorus|def|1
|
|upkeep
|turn|2
|
|t:|1760765754
|-terastallize|p1a: Enamorus|Ground
|move|p2a: Maya l'Abeille|Sludge Wave|p1a: Enamorus
|-resisted|p1a: Enamorus
|-damage|p1a: Enamorus|77/100
|move|p1a: Enamorus|Tera Blast|p2a: Maya l'Abeille|[anim] Tera Blast Ground
|-supereffective|p2a: Maya l'Abeille
|-damage|p2a: Maya l'Abeille|0 fnt
|faint|p2a: Maya l'Abeille
|-end|p2a: Maya l'Abeille|Quark Drive|[silent]
|
|upkeep
|
|t:|1760765763
|switch|p2a: Scarlett|Ogerpon-Wellspring, F|100/100
|turn|3
|
|t:|1760765771
|move|p2a: Scarlett|Horn Leech|p1a: Enamorus
|-supereffective|p1a: Enamorus
|-damage|p1a: Enamorus|0 fnt
|faint|p1a: Enamorus
|
|upkeep
|
|t:|1760765784
|switch|p1a: Grimmsnarl|Grimmsnarl, M|100/100
|turn|4
|
|t:|1760765789
|move|p1a: Grimmsnarl|Reflect|p1a: Grimmsnarl
|-sidestart|p1: Rob Rancid|Reflect
|move|p2a: Scarlett|U-turn|p1a: Grimmsnarl
|-damage|p1a: Grimmsnarl|83/100
|
|t:|1760765794
|switch|p2a: Jean-Marie Bigard|Great Tusk|100/100|[from] U-turn
|
|upkeep
|turn|5
|
|t:|1760765799
|move|p2a: Jean-Marie Bigard|Stealth Rock|p1a: Grimmsnarl
|-sidestart|p1: Rob Rancid|move: Stealth Rock
|move|p1a: Grimmsnarl|Spirit Break|p2a: Jean-Marie Bigard
|-supereffective|p2a: Jean-Marie Bigard
|-damage|p2a: Jean-Marie Bigard|44/100
|-unboost|p2a: Jean-Marie Bigard|spa|1
|-damage|p1a: Grimmsnarl|67/100|[from] item: Rocky Helmet|[of] p2a: Jean-Marie Bigard
|
|upkeep
|turn|6
|
|t:|1760765815
|-end|p2a: Jean-Marie Bigard|Protosynthesis|[silent]
|switch|p2a: Scarlett|Ogerpon-Wellspring, F|100/100
|move|p1a: Grimmsnarl|Spirit Break|p2a: Scarlett
|-damage|p2a: Scarlett|43/100
|-unboost|p2a: Scarlett|spa|1
|
|upkeep
|turn|7
|
|t:|1760765827
|move|p2a: Scarlett|Horn Leech|p1a: Grimmsnarl
|-damage|p1a: Grimmsnarl|38/100
|-heal|p2a: Scarlett|62/100|[from] drain|[of] p1a: Grimmsnarl
|move|p1a: Grimmsnarl|Spirit Break|p2a: Scarlett
|-damage|p2a: Scarlett|12/100
|-unboost|p2a: Scarlett|spa|1
|
|upkeep
|turn|8
|
|t:|1760765839
|move|p2a: Scarlett|Horn Leech|p1a: Grimmsnarl
|-damage|p1a: Grimmsnarl|9/100
|-heal|p2a: Scarlett|31/100|[from] drain|[of] p1a: Grimmsnarl
|move|p1a: Grimmsnarl|Spirit Break|p2a: Scarlett
|-damage|p2a: Scarlett|0 fnt
|faint|p2a: Scarlett
|
|upkeep
|
|t:|1760765848
|switch|p2a: Gallame|Iron Valiant|100/100
|-enditem|p2a: Gallame|Booster Energy
|-activate|p2a: Gallame|ability: Quark Drive|[fromitem]
|-start|p2a: Gallame|quarkdrivespe
|turn|9
|
|t:|1760765854
|move|p1a: Grimmsnarl|Light Screen|p1a: Grimmsnarl
|-sidestart|p1: Rob Rancid|move: Light Screen
|move|p2a: Gallame|Calm Mind|p2a: Gallame
|-boost|p2a: Gallame|spa|1
|-boost|p2a: Gallame|spd|1
|
|upkeep
|turn|10
|
|t:|1760765862
|move|p2a: Gallame|Vacuum Wave|p1a: Grimmsnarl
|-crit|p1a: Grimmsnarl
|-damage|p1a: Grimmsnarl|0 fnt
|faint|p1a: Grimmsnarl
|
|upkeep
|
|t:|1760765882
|switch|p1a: Tauros|Tauros-Paldea-Blaze, M|100/100
|-damage|p1a: Tauros|88/100|[from] Stealth Rock
|-ability|p1a: Tauros|Intimidate|boost
|-unboost|p2a: Gallame|atk|1
|turn|11
|
|t:|1760765899
|-end|p2a: Gallame|Quark Drive|[silent]
|switch|p2a: Joséphine Ange-G.|Dragonite, F|100/100
|move|p1a: Tauros|Raging Bull|p2a: Joséphine Ange-G.
|-resisted|p2a: Joséphine Ange-G.
|-damage|p2a: Joséphine Ange-G.|88/100
|
|-sideend|p1: Rob Rancid|Reflect
|upkeep
|turn|12
|
|t:|1760765909
|move|p1a: Tauros|Bulk Up|p1a: Tauros
|-boost|p1a: Tauros|atk|1
|-boost|p1a: Tauros|def|1
|move|p2a: Joséphine Ange-G.|Dragon Dance|p2a: Joséphine Ange-G.
|-boost|p2a: Joséphine Ange-G.|atk|1
|-boost|p2a: Joséphine Ange-G.|spe|1
|
|upkeep
|turn|13
|
|t:|1760765921
|move|p2a: Joséphine Ange-G.|Earthquake|p1a: Tauros
|-supereffective|p1a: Tauros
|-damage|p1a: Tauros|3/100
|-enditem|p1a: Tauros|Weakness Policy
|-boost|p1a: Tauros|atk|2|[from] item: Weakness Policy
|-boost|p1a: Tauros|spa|2|[from] item: Weakness Policy
|move|p1a: Tauros|Raging Bull|p2a: Joséphine Ange-G.
|-resisted|p2a: Joséphine Ange-G.
|-damage|p2a: Joséphine Ange-G.|32/100
|
|upkeep
|turn|14
|
|t:|1760765934
|move|p2a: Joséphine Ange-G.|Extreme Speed|p1a: Tauros
|-damage|p1a: Tauros|0 fnt
|faint|p1a: Tauros
|
|upkeep
|
|t:|1760765949
|switch|p1a: Ogerpon|Ogerpon-Wellspring, F|100/100
|-damage|p1a: Ogerpon|88/100|[from] Stealth Rock
|turn|15
|
|t:|1760765956
|-terastallize|p2a: Joséphine Ange-G.|Normal
|move|p2a: Joséphine Ange-G.|Extreme Speed|p1a: Ogerpon
|-damage|p1a: Ogerpon|5/100
|move|p1a: Ogerpon|Ivy Cudgel|p2a: Joséphine Ange-G.|[anim] Ivy Cudgel Water
|-damage|p2a: Joséphine Ange-G.|0 fnt
|faint|p2a: Joséphine Ange-G.
|
|upkeep
|
|t:|1760765973
|switch|p2a: Gallame|Iron Valiant|100/100
|turn|16
|
|t:|1760765979
|move|p2a: Gallame|Vacuum Wave|p1a: Ogerpon
|-damage|p1a: Ogerpon|0 fnt
|faint|p1a: Ogerpon
|
|-sideend|p1: Rob Rancid|move: Light Screen
|upkeep
|
|t:|1760765988
|switch|p1a: Iron Crown|Iron Crown|100/100
|-damage|p1a: Iron Crown|94/100|[from] Stealth Rock
|turn|17
|
|t:|1760766001
|move|p2a: Gallame|Shadow Ball|p1a: Iron Crown
|-supereffective|p1a: Iron Crown
|-damage|p1a: Iron Crown|43/100
|-enditem|p1a: Iron Crown|Weakness Policy
|-boost|p1a: Iron Crown|atk|2|[from] item: Weakness Policy
|-boost|p1a: Iron Crown|spa|2|[from] item: Weakness Policy
|move|p1a: Iron Crown|Tachyon Cutter|p2a: Gallame
|-supereffective|p2a: Gallame
|-damage|p2a: Gallame|0 fnt
|faint|p2a: Gallame
|-end|p2a: Gallame|Quark Drive|[silent]
|-hitcount|p2: Gallame|1
|
|upkeep
|
|t:|1760766013
|switch|p2a: Jean-Marie Bigard|Great Tusk|44/100
|turn|18
|
|t:|1760766019
|move|p2a: Jean-Marie Bigard|Headlong Rush|p1a: Iron Crown
|-supereffective|p1a: Iron Crown
|-damage|p1a: Iron Crown|0 fnt
|-unboost|p2a: Jean-Marie Bigard|def|1
|-unboost|p2a: Jean-Marie Bigard|spd|1
|faint|p1a: Iron Crown
|-end|p1a: Iron Crown|Quark Drive|[silent]
|
|upkeep
|
|t:|1760766026
|switch|p1a: Cinderace|Cinderace, M|100/100
|turn|19
|
|t:|1760766034
|move|p1a: Cinderace|Pyro Ball|p2a: Jean-Marie Bigard
|-damage|p2a: Jean-Marie Bigard|0 fnt
|faint|p2a: Jean-Marie Bigard
|-end|p2a: Jean-Marie Bigard|Protosynthesis|[silent]
|
|upkeep
|
|t:|1760766039
|switch|p2a: goat|Kingambit, M|100/100
|-activate|p2a: goat|ability: Supreme Overlord
|-start|p2a: goat|fallen5|[silent]
|turn|20
|c|☆Rob Rancid|gg
|
|t:|1760766049
|move|p2a: goat|Sucker Punch|p1a: Cinderace
|-damage|p1a: Cinderace|0 fnt
|faint|p1a: Cinderace
|
|win|lafrappedu13
|raw|Rob Rancid's rating: 1418 &rarr; <strong>1394</strong><br />(-24 for losing)
|raw|lafrappedu13's rating: 1353 &rarr; <strong>1377</strong><br />(+24 for winning)
|c|☆lafrappedu13|gg
|l|☆lafrappedu13
|player|p2|
|l|☆Rob Rancid
|player|p1|
