|j|☆amadeuspoyo
|j|☆Joshu13
|t:|1760873288
|gametype|singles
|player|p1|amadeuspoyo|102|
|player|p2|Joshu13|1|
|gen|9
|tier|[Gen 9] OU
|rule|HP Percentage Mod: HP is shown in percentages
|rule|Endless Battle Clause: Forcing endless battles is banned
|rule|Species Clause: Limit one of each Pokémon
|rule|OHKO Clause: OHKO moves are banned
|rule|Evasion Items Clause: Evasion items are banned
|rule|Evasion Moves Clause: Evasion moves are banned
|rule|Evasion Abilities Clause: Evasion abilities are banned
|rule|Sleep Moves Clause: Sleep-inducing moves are banned
|clearpoke
|poke|p1|Pelipper, F|
|poke|p1|Kingdra, M|
|poke|p1|Toxicroak, F|
|poke|p1|Iron Treads|
|poke|p1|Lokix, F|
|poke|p1|Primarina, M|
|poke|p2|Iron Treads|
|poke|p2|Scizor, M|
|poke|p2|Gholdengo|
|poke|p2|Zamazenta-*|
|poke|p2|Heatran, M|
|poke|p2|Kingambit, M|
|teampreview
|
|t:|1760873323
|teamsize|p1|6
|teamsize|p2|6
|start
|switch|p1a: Pelipper|Pelipper, F|100/100
|switch|p2a: Scizor|Scizor, M|100/100
|-weather|RainDance|[from] ability: Drizzle|[of] p1a: Pelipper
|turn|1
|
|t:|1760873342
|switch|p1a: Toxicroak|Toxicroak, F|100/100
|move|p2a: Scizor|U-turn|p1a: Toxicroak
|-resisted|p1a: Toxicroak
|-damage|p1a: Toxicroak|86/100
|-damage|p2a: Scizor|84/100|[from] item: Rocky Helmet|[of] p1a: Toxicroak
|
|t:|1760873351
|switch|p2a: Zamazenta|Zamazenta|100/100|[from] U-turn
|-ability|p2a: Zamazenta|Dauntless Shield|boost
|-boost|p2a: Zamazenta|def|1
|
|-weather|RainDance|[upkeep]
|-heal|p1a: Toxicroak|99/100|[from] ability: Dry Skin
|upkeep
|turn|2
|
|t:|1760873359
|move|p2a: Zamazenta|Iron Defense|p2a: Zamazenta
|-boost|p2a: Zamazenta|def|2
|move|p1a: Toxicroak|Encore|p2a: Zamazenta
|-start|p2a: Zamazenta|Encore
|
|-weather|RainDance|[upkeep]
|-heal|p1a: Toxicroak|100/100|[from] ability: Dry Skin
|upkeep
|turn|3
|
|t:|1760873372
|switch|p2a: Heatran|Heatran, M, shiny|100/100
|switch|p1a: Kingdra|Kingdra, M|100/100
|
|-weather|RainDance|[upkeep]
|upkeep
|turn|4
|
|t:|1760873397
|switch|p2a: Zamazenta|Zamazenta|100/100
|move|p1a: Kingdra|Weather Ball|p2a: Zamazenta
|-damage|p2a: Zamazenta|20/100
|
|-weather|RainDance|[upkeep]
|-heal|p2a: Zamazenta|26/100|[from] item: Leftovers
|upkeep
|turn|5
|
|t:|1760873413
|move|p1a: Kingdra|Weather Ball|p2a: Zamazenta
|-damage|p2a: Zamazenta|0 fnt
|faint|p2a: Zamazenta
|
|-weather|RainDance|[upkeep]
|upkeep
|
|t:|1760873442
|switch|p2a: Scizor|Scizor, M|84/100
|turn|6
|
|t:|1760873458
|move|p1a: Kingdra|Weather Ball|p2a: Scizor
|-damage|p2a: Scizor|0 fnt
|faint|p2a: Scizor
|
|-weather|RainDance|[upkeep]
|upkeep
|
|t:|1760873476
|switch|p2a: Gholdengo|Gholdengo, shiny|100/100
|turn|7
|
|t:|1760873487
|-terastallize|p2a: Gholdengo|Steel
|move|p1a: Kingdra|Weather Ball|p2a: Gholdengo
|-damage|p2a: Gholdengo|0 fnt
|faint|p2a: Gholdengo
|
|-weather|RainDance|[upkeep]
|upkeep
|
|t:|1760873496
|switch|p2a: Iron Treads|Iron Treads|100/100
|-enditem|p2a: Iron Treads|Booster Energy
|-activate|p2a: Iron Treads|ability: Quark Drive|[fromitem]
|-start|p2a: Iron Treads|quarkdrivespe
|turn|8
|
|t:|1760873510
|move|p1a: Kingdra|Weather Ball|p2a: Iron Treads
|-supereffective|p2a: Iron Treads
|-damage|p2a: Iron Treads|0 fnt
|faint|p2a: Iron Treads
|-end|p2a: Iron Treads|Quark Drive|[silent]
|
|-weather|none
|upkeep
|
|t:|1760873521
|switch|p2a: Heatran|Heatran, M, shiny|100/100
|turn|9
|
|t:|1760873526
|switch|p1a: Pelipper|Pelipper, F|100/100
|-weather|RainDance|[from] ability: Drizzle|[of] p1a: Pelipper
|move|p2a: Heatran|Taunt|p1a: Pelipper
|-start|p1a: Pelipper|move: Taunt
|
|-weather|RainDance|[upkeep]
|upkeep
|turn|10
|
|t:|1760873536
|move|p2a: Heatran|Magma Storm|p1a: Pelipper
|-resisted|p1a: Pelipper
|-damage|p1a: Pelipper|87/100
|-activate|p1a: Pelipper|move: Magma Storm|[of] p2a: Heatran
|move|p1a: Pelipper|U-turn|p2a: Heatran
|-resisted|p2a: Heatran
|-damage|p2a: Heatran|98/100
|
|t:|1760873540
|switch|p1a: Kingdra|Kingdra, M|100/100|[from] U-turn
|
|-weather|RainDance|[upkeep]
|-heal|p2a: Heatran|100/100|[from] item: Leftovers
|upkeep
|turn|11
|
|t:|1760873548
|move|p1a: Kingdra|Weather Ball|p2a: Heatran
|-supereffective|p2a: Heatran
|-damage|p2a: Heatran|0 fnt
|faint|p2a: Heatran
|
|-weather|RainDance|[upkeep]
|upkeep
|
|t:|1760873554
|switch|p2a: Kingambit|Kingambit, M, shiny|100/100
|-activate|p2a: Kingambit|ability: Supreme Overlord
|-start|p2a: Kingambit|fallen5|[silent]
|turn|12
|
|t:|1760873575
|move|p2a: Kingambit|Sucker Punch|p1a: Kingdra
|-damage|p1a: Kingdra|5/100
|move|p1a: Kingdra|Weather Ball|p2a: Kingambit
|-damage|p2a: Kingambit|0 fnt
|faint|p2a: Kingambit
|-end|p2a: Kingambit|fallen5|[silent]
|
|win|amadeuspoyo
