|j|☆namerater1111
|j|☆blue team I 5000
|t:|1760719459
|gametype|singles
|player|p1|namerater1111|1|1219
|player|p2|blue team I 5000|harlequin|1208
|gen|9
|tier|[Gen 9] OU
|rated|
|rule|HP Percentage Mod: HP is shown in percentages
|rule|Endless Battle Clause: Forcing endless battles is banned
|rule|Species Clause: Limit one of each Pokémon
|rule|OHKO Clause: OHKO moves are banned
|rule|Evasion Items Clause: Evasion items are banned
|rule|Evasion Moves Clause: Evasion moves are banned
|rule|Evasion Abilities Clause: Evasion abilities are banned
|rule|Sleep Moves Clause: Sleep-inducing moves are banned
|clearpoke
|poke|p1|Regirock|
|poke|p1|Registeel|
|poke|p1|Regice|
|poke|p1|Great Tusk|
|poke|p1|Cinderace, F|
|poke|p1|Azelf|
|poke|p2|Dragapult, M|
|poke|p2|Dragonite, F|
|poke|p2|Ting-Lu|
|poke|p2|Weezing-Galar, F|
|poke|p2|Iron Crown|
|poke|p2|Zapdos|
|teampreview
|inactive|Battle timer is ON: inactive players will automatically lose when time's up. (requested by namerater1111)
|
|t:|1760719469
|teamsize|p1|6
|teamsize|p2|6
|start
|switch|p1a: Azelf & the Regis|Azelf|100/100
|switch|p2a: Ting-Lu|Ting-Lu|100/100
|-ability|p2a: Ting-Lu|Vessel of Ruin
|turn|1
|
|t:|1760719494
|move|p1a: Azelf & the Regis|U-turn|p2a: Ting-Lu
|-supereffective|p2a: Ting-Lu
|-damage|p2a: Ting-Lu|82/100
|
|t:|1760719506
|switch|p1a: EEEUUUUHHHH|Regice|100/100|[from] U-turn
|move|p2a: Ting-Lu|Stealth Rock|p1a: EEEUUUUHHHH
|-sidestart|p1: namerater1111|move: Stealth Rock
|
|-heal|p2a: Ting-Lu|88/100|[from] item: Leftovers
|upkeep
|turn|2
|
|t:|1760719531
|move|p1a: EEEUUUUHHHH|Ice Beam|p2a: Ting-Lu
|-supereffective|p2a: Ting-Lu
|-damage|p2a: Ting-Lu|31/100
|move|p2a: Ting-Lu|Earthquake|p1a: EEEUUUUHHHH
|-damage|p1a: EEEUUUUHHHH|67/100
|
|-heal|p2a: Ting-Lu|37/100|[from] item: Leftovers
|upkeep
|turn|3
|
|t:|1760719541
|switch|p2a: Weezing|Weezing-Galar, F|100/100
|-ability|p2a: Weezing|Neutralizing Gas
|move|p1a: EEEUUUUHHHH|Ice Beam|p2a: Weezing
|-damage|p2a: Weezing|18/100
|
|upkeep
|turn|4
|
|t:|1760719550
|move|p2a: Weezing|Pain Split|p1a: EEEUUUUHHHH
|-sethp|p1a: EEEUUUUHHHH|42/100|[from] move: Pain Split|[silent]
|-sethp|p2a: Weezing|45/100|[from] move: Pain Split
|move|p1a: EEEUUUUHHHH|Ice Beam|p2a: Weezing
|-damage|p2a: Weezing|0 fnt
|faint|p2a: Weezing
|-end|p2a: Weezing|ability: Neutralizing Gas
|
|upkeep
|
|t:|1760719561
|switch|p2a: Zapdos|Zapdos|100/100
|turn|5
|
|t:|1760719564
|move|p2a: Zapdos|Volt Switch|p1a: EEEUUUUHHHH
|-damage|p1a: EEEUUUUHHHH|24/100
|
|t:|1760719583
|switch|p2a: Ting-Lu|Ting-Lu|37/100|[from] Volt Switch
|-ability|p2a: Ting-Lu|Vessel of Ruin
|move|p1a: EEEUUUUHHHH|Ice Beam|p2a: Ting-Lu
|-supereffective|p2a: Ting-Lu
|-damage|p2a: Ting-Lu|0 fnt
|faint|p2a: Ting-Lu
|
|upkeep
|
|t:|1760719590
|switch|p2a: Iron Crown|Iron Crown|100/100
|turn|6
|
|t:|1760719598
|move|p2a: Iron Crown|Tachyon Cutter|p1a: EEEUUUUHHHH
|-supereffective|p1a: EEEUUUUHHHH
|-damage|p1a: EEEUUUUHHHH|0 fnt
|faint|p1a: EEEUUUUHHHH
|-hitcount|p1: EEEUUUUHHHH|1
|
|upkeep
|
|t:|1760719624
|switch|p1a: Unit-C1NDR|Cinderace, F|100/100
|-damage|p1a: Unit-C1NDR|76/100|[from] Stealth Rock
|turn|7
|
|t:|1760719635
|-end|p2a: Iron Crown|Quark Drive|[silent]
|switch|p2a: Zapdos|Zapdos|100/100
|move|p1a: Unit-C1NDR|Pyro Ball|p2a: Zapdos
|-crit|p2a: Zapdos
|-damage|p2a: Zapdos|0 fnt
|faint|p2a: Zapdos
|
|upkeep
|
|t:|1760719641
|switch|p2a: Dragonite|Dragonite, F|100/100
|turn|8
|
|t:|1760719666
|switch|p1a: UNUNUNUNUN|Regirock|100/100
|-damage|p1a: UNUNUNUNUN|88/100|[from] Stealth Rock
|move|p2a: Dragonite|Dragon Dance|p2a: Dragonite
|-boost|p2a: Dragonite|atk|1
|-boost|p2a: Dragonite|spe|1
|
|upkeep
|turn|9
|
|t:|1760719684
|move|p2a: Dragonite|Dragon Dance|p2a: Dragonite
|-boost|p2a: Dragonite|atk|1
|-boost|p2a: Dragonite|spe|1
|move|p1a: UNUNUNUNUN|Thunder Wave|p2a: Dragonite
|-status|p2a: Dragonite|par
|
|upkeep
|turn|10
|
|t:|1760719694
|move|p2a: Dragonite|Earthquake|p1a: UNUNUNUNUN
|-supereffective|p1a: UNUNUNUNUN
|-damage|p1a: UNUNUNUNUN|3/100
|move|p1a: UNUNUNUNUN|Stone Edge|p2a: Dragonite
|-supereffective|p2a: Dragonite
|-damage|p2a: Dragonite|49/100 par
|
|upkeep
|turn|11
|-enditem|p1a: UNUNUNUNUN|Custap Berry|[eat]
|-activate|p1a: UNUNUNUNUN|item: Custap Berry|[consumed]
|
|t:|1760719706
|-terastallize|p2a: Dragonite|Normal
|move|p1a: UNUNUNUNUN|Explosion|p2a: Dragonite
|-damage|p2a: Dragonite|0 fnt
|faint|p1a: UNUNUNUNUN
|faint|p2a: Dragonite
|
|upkeep
|inactive|namerater1111 has 120 seconds left.
|
|t:|1760719736
|switch|p2a: Iron Crown|Iron Crown|100/100
|switch|p1a: PWEWNEWNEW|Registeel|100/100
|-damage|p1a: PWEWNEWNEW|94/100|[from] Stealth Rock
|turn|12
|inactive|namerater1111 has 120 seconds left.
|
|t:|1760719771
|move|p2a: Iron Crown|Focus Blast|p1a: PWEWNEWNEW
|-supereffective|p1a: PWEWNEWNEW
|-crit|p1a: PWEWNEWNEW
|-damage|p1a: PWEWNEWNEW|0 fnt
|faint|p1a: PWEWNEWNEW
|
|upkeep
|inactive|namerater1111 has 90 seconds left.
|
|t:|1760719785
|switch|p1a: Azelf & the Regis|Azelf|100/100
|-damage|p1a: Azelf & the Regis|88/100|[from] Stealth Rock
|turn|13
|inactive|namerater1111 has 90 seconds left.
|
|t:|1760719800
|-end|p2a: Iron Crown|Quark Drive|[silent]
|switch|p2a: Dragapult|Dragapult, M|100/100
|move|p1a: Azelf & the Regis|Fire Blast|p2a: Dragapult
|-resisted|p2a: Dragapult
|-damage|p2a: Dragapult|69/100
|
|upkeep
|turn|14
|inactive|namerater1111 has 90 seconds left.
|
|t:|1760719812
|switch|p1a: Unit-C1NDR|Cinderace, F|76/100
|-damage|p1a: Unit-C1NDR|51/100|[from] Stealth Rock
|move|p2a: Dragapult|Hex|p1a: Unit-C1NDR
|-damage|p1a: Unit-C1NDR|14/100
|
|upkeep
|turn|15
|inactive|namerater1111 has 90 seconds left.
|
|t:|1760719822
|move|p2a: Dragapult|U-turn|p1a: Unit-C1NDR
|-resisted|p1a: Unit-C1NDR
|-damage|p1a: Unit-C1NDR|0 fnt
|faint|p1a: Unit-C1NDR
|
|t:|1760719824
|switch|p2a: Iron Crown|Iron Crown|100/100|[from] U-turn
|
|upkeep
|
|t:|1760719828
|switch|p1a: Tusk|Great Tusk|100/100
|turn|16
|
|t:|1760719838
|move|p2a: Iron Crown|Tachyon Cutter|p1a: Tusk
|-damage|p1a: Tusk|55/100
|-damage|p1a: Tusk|7/100
|-hitcount|p1a: Tusk|2
|move|p1a: Tusk|Earthquake|p2a: Iron Crown
|-supereffective|p2a: Iron Crown
|-damage|p2a: Iron Crown|11/100
|
|upkeep
|turn|17
|
|t:|1760719846
|move|p2a: Iron Crown|Tachyon Cutter|p1a: Tusk
|-crit|p1a: Tusk
|-damage|p1a: Tusk|0 fnt
|faint|p1a: Tusk
|-end|p1a: Tusk|Protosynthesis|[silent]
|-hitcount|p1: Tusk|1
|
|upkeep
|
|t:|1760719848
|switch|p1a: Azelf & the Regis|Azelf|88/100
|-damage|p1a: Azelf & the Regis|76/100|[from] Stealth Rock
|turn|18
|inactive|namerater1111 has 120 seconds left.
|
|t:|1760719861
|-terastallize|p1a: Azelf & the Regis|Psychic
|move|p1a: Azelf & the Regis|Psychic|p2a: Iron Crown
|-resisted|p2a: Iron Crown
|-damage|p2a: Iron Crown|0 fnt
|faint|p2a: Iron Crown
|-end|p2a: Iron Crown|Quark Drive|[silent]
|
|upkeep
|
|t:|1760719866
|switch|p2a: Dragapult|Dragapult, M|69/100
|turn|19
|
|t:|1760719870
|move|p1a: Azelf & the Regis|Psychic|p2a: Dragapult
|-damage|p2a: Dragapult|0 fnt
|faint|p2a: Dragapult
|
|win|namerater1111
|raw|namerater1111's rating: 1194 &rarr; <strong>1220</strong><br />(+26 for winning)
|raw|blue team I 5000's rating: 1208 &rarr; <strong>1182</strong><br />(-26 for losing)
|l|☆blue team I 5000
|player|p2|
|c|☆namerater1111|gg'
|l|☆namerater1111
|player|p1|
