|j|☆mamu756
|j|☆ash ketchum reborn
|t:|1760763614
|gametype|singles
|player|p1|mamu756|dawn|1064
|player|p2|ash ketchum reborn|169|1064
|gen|9
|tier|[Gen 9] OU
|rated|
|rule|HP Percentage Mod: HP is shown in percentages
|rule|Endless Battle Clause: Forcing endless battles is banned
|rule|Species Clause: Limit one of each Pokémon
|rule|OHKO Clause: OHKO moves are banned
|rule|Evasion Items Clause: Evasion items are banned
|rule|Evasion Moves Clause: Evasion moves are banned
|rule|Evasion Abilities Clause: Evasion abilities are banned
|rule|Sleep Moves Clause: Sleep-inducing moves are banned
|clearpoke
|poke|p1|Garchomp, M|
|poke|p1|Froslass, F|
|poke|p1|Grimmsnarl, M|
|poke|p1|Garganacl, M|
|poke|p1|Kingambit, M|
|poke|p1|Rillaboom, M|
|poke|p2|Slowking, M|
|poke|p2|Toxapex, M|
|poke|p2|Alomomola, M|
|poke|p2|Dondozo, M|
|poke|p2|Blissey, F|
|poke|p2|Great Tusk|
|teampreview
|
|t:|1760763645
|teamsize|p1|6
|teamsize|p2|6
|start
|switch|p1a: Support|Grimmsnarl, M|100/100
|switch|p2a: Slowking|Slowking, M|100/100
|turn|1
|
|t:|1760763659
|move|p1a: Support|Light Screen|p1a: Support
|-sidestart|p1: mamu756|move: Light Screen
|move|p2a: Slowking|Reflect|p2a: Slowking
|-sidestart|p2: ash ketchum reborn|Reflect
|
|upkeep
|turn|2
|
|t:|1760763670
|move|p1a: Support|Reflect|p1a: Support
|-sidestart|p1: mamu756|Reflect
|move|p2a: Slowking|Light Screen|p2a: Slowking
|-sidestart|p2: ash ketchum reborn|move: Light Screen
|
|upkeep
|turn|3
|
|t:|1760763676
|switch|p2a: Toxapex|Toxapex, M|100/100
|move|p1a: Support|Thunder Wave|p2a: Toxapex
|-status|p2a: Toxapex|par
|
|upkeep
|turn|4
|
|t:|1760763685
|switch|p1a: Grumpy|Garchomp, M|100/100
|cant|p2a: Toxapex|par
|
|upkeep
|turn|5
|
|t:|1760763691
|move|p1a: Grumpy|Swords Dance|p1a: Grumpy
|-boost|p1a: Grumpy|atk|2
|move|p2a: Toxapex|Toxic|p1a: Grumpy
|-status|p1a: Grumpy|tox
|
|-damage|p1a: Grumpy|94/100 tox|[from] psn
|-sideend|p2: ash ketchum reborn|Reflect
|upkeep
|turn|6
|
|t:|1760763708
|move|p1a: Grumpy|Swords Dance|p1a: Grumpy
|-boost|p1a: Grumpy|atk|2
|move|p2a: Toxapex|Sludge Bomb|p1a: Grumpy
|-resisted|p1a: Grumpy
|-damage|p1a: Grumpy|89/100 tox
|
|-damage|p1a: Grumpy|77/100 tox|[from] psn
|-sideend|p2: ash ketchum reborn|move: Light Screen
|upkeep
|turn|7
|
|t:|1760763743
|switch|p2a: Dondozo|Dondozo, M|100/100
|move|p1a: Grumpy|Swords Dance|p1a: Grumpy
|-boost|p1a: Grumpy|atk|2
|
|-damage|p1a: Grumpy|59/100 tox|[from] psn
|upkeep
|turn|8
|
|t:|1760763753
|move|p1a: Grumpy|Dragon Claw|p2a: Dondozo
|-damage|p2a: Dondozo|83/100
|move|p2a: Dondozo|Avalanche|p1a: Grumpy
|-supereffective|p1a: Grumpy
|-damage|p1a: Grumpy|6/100 tox
|-damage|p2a: Dondozo|71/100|[from] ability: Rough Skin|[of] p1a: Grumpy
|
|-damage|p1a: Grumpy|0 fnt|[from] psn
|faint|p1a: Grumpy
|-sideend|p1: mamu756|move: Light Screen
|upkeep
|
|t:|1760763760
|switch|p1a: Goku ssj3|Rillaboom, M, shiny|100/100
|-fieldstart|move: Grassy Terrain|[from] ability: Grassy Surge|[of] p1a: Goku ssj3
|turn|9
|
|t:|1760763773
|switch|p2a: Toxapex|Toxapex, M|100/100 par
|move|p1a: Goku ssj3|Grassy Glide|p2a: Toxapex
|-damage|p2a: Toxapex|77/100 par
|
|-heal|p2a: Toxapex|83/100 par|[from] Grassy Terrain
|-sideend|p1: mamu756|Reflect
|upkeep
|turn|10
|
|t:|1760763791
|move|p1a: Goku ssj3|U-turn|p2a: Toxapex
|-resisted|p2a: Toxapex
|-damage|p2a: Toxapex|74/100 par
|
|t:|1760763802
|switch|p1a: Dama|Froslass, F, shiny|100/100|[from] U-turn
|move|p2a: Toxapex|Toxic|p1a: Dama
|-status|p1a: Dama|tox
|
|-heal|p2a: Toxapex|80/100 par|[from] Grassy Terrain
|-damage|p1a: Dama|94/100 tox|[from] psn
|upkeep
|turn|11
|
|t:|1760763812
|switch|p2a: Alomomola|Alomomola, M|100/100
|move|p1a: Dama|Will-O-Wisp|p2a: Alomomola
|-status|p2a: Alomomola|brn
|
|-heal|p1a: Dama|100/100 tox|[from] Grassy Terrain
|-damage|p1a: Dama|88/100 tox|[from] psn
|-damage|p2a: Alomomola|94/100 brn|[from] brn
|upkeep
|turn|12
|
|t:|1760763826
|switch|p1a: Goku ssj3|Rillaboom, M, shiny|100/100
|move|p2a: Alomomola|Whirlpool|p1a: Goku ssj3
|-resisted|p1a: Goku ssj3
|-damage|p1a: Goku ssj3|97/100
|-activate|p1a: Goku ssj3|move: Whirlpool|[of] p2a: Alomomola
|
|-heal|p1a: Goku ssj3|100/100|[from] Grassy Terrain
|-heal|p2a: Alomomola|100/100 brn|[from] Grassy Terrain
|-damage|p2a: Alomomola|94/100 brn|[from] brn
|-damage|p1a: Goku ssj3|88/100|[from] move: Whirlpool|[partiallytrapped]
|upkeep
|turn|13
|
|t:|1760763838
|move|p2a: Alomomola|Protect|p2a: Alomomola
|-singleturn|p2a: Alomomola|Protect
|move|p1a: Goku ssj3|Grassy Glide|p2a: Alomomola
|-activate|p2a: Alomomola|move: Protect
|
|-heal|p1a: Goku ssj3|94/100|[from] Grassy Terrain
|-heal|p2a: Alomomola|100/100 brn|[from] Grassy Terrain
|-damage|p2a: Alomomola|94/100 brn|[from] brn
|-damage|p1a: Goku ssj3|82/100|[from] move: Whirlpool|[partiallytrapped]
|upkeep
|turn|14
|
|t:|1760763861
|switch|p2a: Toxapex|Toxapex, M|100/100 par
|move|p1a: Goku ssj3|Drain Punch|p2a: Toxapex
|-resisted|p2a: Toxapex
|-damage|p2a: Toxapex|92/100 par
|-heal|p1a: Goku ssj3|85/100|[from] drain|[of] p2a: Toxapex
|
|-heal|p1a: Goku ssj3|92/100|[from] Grassy Terrain
|-heal|p2a: Toxapex|98/100 par|[from] Grassy Terrain
|-end|p1a: Goku ssj3|Whirlpool|[partiallytrapped]|[silent]
|upkeep
|turn|15
|
|t:|1760763872
|move|p1a: Goku ssj3|U-turn|p2a: Toxapex
|-resisted|p2a: Toxapex
|-damage|p2a: Toxapex|91/100 par
|
|t:|1760763875
|switch|p1a: Dama|Froslass, F, shiny|88/100 tox|[from] U-turn
|move|p2a: Toxapex|Toxic|p1a: Dama
|-fail|p1a: Dama|tox
|
|-heal|p1a: Dama|94/100 tox|[from] Grassy Terrain
|-heal|p2a: Toxapex|97/100 par|[from] Grassy Terrain
|-damage|p1a: Dama|88/100 tox|[from] psn
|upkeep
|turn|16
|
|t:|1760763886
|switch|p2a: Slowking|Slowking, M|100/100
|move|p1a: Dama|Shadow Ball|p2a: Slowking
|-supereffective|p2a: Slowking
|-damage|p2a: Slowking|39/100
|-unboost|p2a: Slowking|spd|1
|
|-heal|p1a: Dama|94/100 tox|[from] Grassy Terrain
|-heal|p2a: Slowking|45/100|[from] Grassy Terrain
|-damage|p1a: Dama|82/100 tox|[from] psn
|-fieldend|move: Grassy Terrain
|upkeep
|turn|17
|
|t:|1760763900
|switch|p2a: Blissey|Blissey, F|100/100
|move|p1a: Dama|Shadow Ball|p2a: Blissey
|-immune|p2a: Blissey
|
|-damage|p1a: Dama|64/100 tox|[from] psn
|upkeep
|turn|18
|
|t:|1760763924
|switch|p1a: Support|Grimmsnarl, M|100/100
|move|p2a: Blissey|Stealth Rock|p1a: Support
|-sidestart|p1: mamu756|move: Stealth Rock
|
|upkeep
|turn|19
|
|t:|1760763935
|move|p1a: Support|Thunder Wave|p2a: Blissey
|-status|p2a: Blissey|par
|cant|p2a: Blissey|par
|
|upkeep
|turn|20
|
|t:|1760763941
|move|p1a: Support|Spirit Break|p2a: Blissey
|-damage|p2a: Blissey|69/100 par
|-unboost|p2a: Blissey|spa|1
|move|p2a: Blissey|Seismic Toss|p1a: Support
|-damage|p1a: Support|75/100
|
|upkeep
|turn|21
|
|t:|1760763953
|-curestatus|p2a: Blissey|par|[from] ability: Natural Cure
|switch|p2a: Toxapex|Toxapex, M|100/100 par
|move|p1a: Support|Reflect|p1a: Support
|-sidestart|p1: mamu756|Reflect
|
|upkeep
|turn|22
|
|t:|1760763967
|move|p1a: Support|Light Screen|p1a: Support
|-sidestart|p1: mamu756|move: Light Screen
|move|p2a: Toxapex|Toxic|p1a: Support
|-status|p1a: Support|tox
|
|-damage|p1a: Support|69/100 tox|[from] psn
|upkeep
|turn|23
|
|t:|1760763976
|switch|p1a: Dama|Froslass, F, shiny|64/100 tox
|-damage|p1a: Dama|40/100 tox|[from] Stealth Rock
|switch|p2a: Great Tusk|Great Tusk|100/100
|
|-damage|p1a: Dama|33/100 tox|[from] psn
|upkeep
|turn|24
|
|t:|1760763994
|-end|p2a: Great Tusk|Protosynthesis|[silent]
|switch|p2a: Blissey|Blissey, F|69/100
|move|p1a: Dama|Ice Beam|p2a: Blissey
|-damage|p2a: Blissey|53/100
|
|-damage|p1a: Dama|21/100 tox|[from] psn
|upkeep
|turn|25
|
|t:|1760764006
|move|p1a: Dama|Ice Beam|p2a: Blissey
|-damage|p2a: Blissey|36/100
|move|p2a: Blissey|Soft-Boiled|p2a: Blissey
|-heal|p2a: Blissey|86/100
|
|-damage|p1a: Dama|3/100 tox|[from] psn
|upkeep
|turn|26
|
|t:|1760764016
|move|p1a: Dama|Ice Beam|p2a: Blissey
|-damage|p2a: Blissey|67/100
|move|p2a: Blissey|Calm Mind|p2a: Blissey
|-boost|p2a: Blissey|spa|1
|-boost|p2a: Blissey|spd|1
|
|-damage|p1a: Dama|0 fnt|[from] psn
|faint|p1a: Dama
|upkeep
|
|t:|1760764020
|switch|p1a: The rock|Garganacl, M|100/100
|-damage|p1a: The rock|88/100|[from] Stealth Rock
|turn|27
|
|t:|1760764028
|move|p2a: Blissey|Seismic Toss|p1a: The rock
|-damage|p1a: The rock|63/100
|move|p1a: The rock|Iron Defense|p1a: The rock
|-boost|p1a: The rock|def|2
|
|-heal|p1a: The rock|70/100|[from] item: Leftovers
|upkeep
|turn|28
|
|t:|1760764043
|switch|p2a: Toxapex|Toxapex, M|100/100 par
|move|p1a: The rock|Stealth Rock|p2a: Toxapex
|-sidestart|p2: ash ketchum reborn|move: Stealth Rock
|
|-heal|p1a: The rock|76/100|[from] item: Leftovers
|-sideend|p1: mamu756|Reflect
|upkeep
|turn|29
|
|t:|1760764066
|-terastallize|p1a: The rock|Steel
|move|p1a: The rock|Iron Defense|p1a: The rock
|-boost|p1a: The rock|def|2
|move|p2a: Toxapex|Toxic|p1a: The rock
|-immune|p1a: The rock
|
|-heal|p1a: The rock|82/100|[from] item: Leftovers
|-sideend|p1: mamu756|move: Light Screen
|upkeep
|turn|30
|
|t:|1760764083
|switch|p2a: Slowking|Slowking, M|78/100
|move|p1a: The rock|Iron Defense|p1a: The rock
|-boost|p1a: The rock|def|2
|
|-heal|p1a: The rock|88/100|[from] item: Leftovers
|upkeep
|turn|31
|
|t:|1760764107
|move|p1a: The rock|Salt Cure|p2a: Slowking
|-damage|p2a: Slowking|63/100
|-start|p2a: Slowking|Salt Cure
|move|p2a: Slowking|Reflect|p2a: Slowking
|-sidestart|p2: ash ketchum reborn|Reflect
|
|-heal|p1a: The rock|94/100|[from] item: Leftovers
|-damage|p2a: Slowking|38/100|[from] Salt Cure
|upkeep
|turn|32
|
|t:|1760764120
|switch|p2a: Toxapex|Toxapex, M|100/100 par
|move|p1a: The rock|Salt Cure|p2a: Toxapex
|-damage|p2a: Toxapex|96/100 par
|-start|p2a: Toxapex|Salt Cure
|
|-heal|p1a: The rock|100/100|[from] item: Leftovers
|-damage|p2a: Toxapex|71/100 par|[from] Salt Cure
|upkeep
|turn|33
|
|t:|1760764135
|move|p1a: The rock|Salt Cure|p2a: Toxapex
|-damage|p2a: Toxapex|67/100 par
|move|p2a: Toxapex|Haze|p2a: Toxapex
|-clearallboost
|
|-damage|p2a: Toxapex|42/100 par|[from] Salt Cure
|upkeep
|turn|34
|
|t:|1760764143
|switch|p2a: Dondozo|Dondozo, M|71/100
|move|p1a: The rock|Iron Defense|p1a: The rock
|-boost|p1a: The rock|def|2
|
|upkeep
|turn|35
|
|t:|1760764157
|move|p1a: The rock|Salt Cure|p2a: Dondozo
|-damage|p2a: Dondozo|68/100
|-start|p2a: Dondozo|Salt Cure
|move|p2a: Dondozo|Avalanche|p1a: The rock
|-resisted|p1a: The rock
|-damage|p1a: The rock|94/100
|
|-heal|p1a: The rock|99/100|[from] item: Leftovers
|-damage|p2a: Dondozo|43/100|[from] Salt Cure
|-sideend|p2: ash ketchum reborn|Reflect
|upkeep
|turn|36
|
|t:|1760764188
|move|p2a: Dondozo|Rest|p2a: Dondozo
|-status|p2a: Dondozo|slp|[from] move: Rest
|-heal|p2a: Dondozo|100/100 slp|[silent]
|move|p1a: The rock|Salt Cure|p2a: Dondozo
|-damage|p2a: Dondozo|94/100 slp
|
|-heal|p1a: The rock|100/100|[from] item: Leftovers
|-damage|p2a: Dondozo|69/100 slp|[from] Salt Cure
|upkeep
|turn|37
|
|t:|1760764199
|move|p1a: The rock|Salt Cure|p2a: Dondozo
|-damage|p2a: Dondozo|63/100 slp
|cant|p2a: Dondozo|slp
|move|p2a: Dondozo|Sleep Talk|p2a: Dondozo
|move|p2a: Dondozo|Avalanche|p1a: The rock|[from] move: Sleep Talk
|-resisted|p1a: The rock
|-damage|p1a: The rock|93/100
|
|-heal|p1a: The rock|99/100|[from] item: Leftovers
|-damage|p2a: Dondozo|38/100 slp|[from] Salt Cure
|upkeep
|turn|38
|
|t:|1760764209
|cant|p2a: Dondozo|slp
|move|p2a: Dondozo|Sleep Talk|p2a: Dondozo
|move|p2a: Dondozo|Earthquake|p1a: The rock|[from] move: Sleep Talk
|-supereffective|p1a: The rock
|-damage|p1a: The rock|75/100
|move|p1a: The rock|Salt Cure|p2a: Dondozo
|-damage|p2a: Dondozo|31/100 slp
|
|-heal|p1a: The rock|81/100|[from] item: Leftovers
|-damage|p2a: Dondozo|6/100 slp|[from] Salt Cure
|upkeep
|turn|39
|
|t:|1760764220
|move|p1a: The rock|Salt Cure|p2a: Dondozo
|-damage|p2a: Dondozo|0 fnt
|faint|p2a: Dondozo
|
|-heal|p1a: The rock|87/100|[from] item: Leftovers
|upkeep
|
|t:|1760764230
|switch|p2a: Great Tusk|Great Tusk|100/100
|turn|40
|
|t:|1760764242
|move|p2a: Great Tusk|Knock Off|p1a: The rock
|-damage|p1a: The rock|80/100
|-enditem|p1a: The rock|Leftovers|[from] move: Knock Off|[of] p2a: Great Tusk
|move|p1a: The rock|Iron Defense|p1a: The rock
|-boost|p1a: The rock|def|2
|
|upkeep
|turn|41
|
|t:|1760764258
|-end|p2a: Great Tusk|Protosynthesis|[silent]
|switch|p2a: Toxapex|Toxapex, M|76/100 par
|move|p1a: The rock|Iron Defense|p1a: The rock
|-boost|p1a: The rock|def|2
|
|upkeep
|turn|42
|
|t:|1760764264
|move|p1a: The rock|Salt Cure|p2a: Toxapex
|-damage|p2a: Toxapex|68/100 par
|-start|p2a: Toxapex|Salt Cure
|move|p2a: Toxapex|Haze|p2a: Toxapex
|-clearallboost
|
|-damage|p2a: Toxapex|43/100 par|[from] Salt Cure
|upkeep
|turn|43
|
|t:|1760764272
|switch|p2a: Great Tusk|Great Tusk|100/100
|move|p1a: The rock|Salt Cure|p2a: Great Tusk
|-resisted|p2a: Great Tusk
|-damage|p2a: Great Tusk|99/100
|-start|p2a: Great Tusk|Salt Cure
|
|-damage|p2a: Great Tusk|86/100|[from] Salt Cure
|upkeep
|turn|44
|
|t:|1760764280
|move|p2a: Great Tusk|Body Press|p1a: The rock
|-supereffective|p1a: The rock
|-damage|p1a: The rock|31/100
|move|p1a: The rock|Iron Defense|p1a: The rock
|-boost|p1a: The rock|def|2
|
|-damage|p2a: Great Tusk|74/100|[from] Salt Cure
|upkeep
|turn|45
|
|t:|1760764287
|move|p2a: Great Tusk|Body Press|p1a: The rock
|-supereffective|p1a: The rock
|-damage|p1a: The rock|7/100
|move|p1a: The rock|Recover|p1a: The rock
|-heal|p1a: The rock|57/100
|
|-damage|p2a: Great Tusk|61/100|[from] Salt Cure
|upkeep
|turn|46
|
|t:|1760764295
|move|p2a: Great Tusk|Body Press|p1a: The rock
|-supereffective|p1a: The rock
|-damage|p1a: The rock|34/100
|move|p1a: The rock|Recover|p1a: The rock
|-heal|p1a: The rock|84/100
|
|-damage|p2a: Great Tusk|49/100|[from] Salt Cure
|upkeep
|turn|47
|
|t:|1760764307
|-end|p2a: Great Tusk|Protosynthesis|[silent]
|switch|p2a: Toxapex|Toxapex, M|76/100 par
|move|p1a: The rock|Iron Defense|p1a: The rock
|-boost|p1a: The rock|def|2
|
|upkeep
|turn|48
|
|t:|1760764312
|move|p1a: The rock|Salt Cure|p2a: Toxapex
|-damage|p2a: Toxapex|68/100 par
|-start|p2a: Toxapex|Salt Cure
|move|p2a: Toxapex|Haze|p2a: Toxapex
|-clearallboost
|
|-damage|p2a: Toxapex|43/100 par|[from] Salt Cure
|upkeep
|turn|49
|
|t:|1760764322
|move|p1a: The rock|Iron Defense|p1a: The rock
|-boost|p1a: The rock|def|2
|move|p2a: Toxapex|Recover|p2a: Toxapex
|-heal|p2a: Toxapex|94/100 par
|
|-damage|p2a: Toxapex|69/100 par|[from] Salt Cure
|upkeep
|turn|50
|
|t:|1760764328
|move|p1a: The rock|Salt Cure|p2a: Toxapex
|-damage|p2a: Toxapex|61/100 par
|move|p2a: Toxapex|Haze|p2a: Toxapex
|-clearallboost
|
|-damage|p2a: Toxapex|36/100 par|[from] Salt Cure
|upkeep
|turn|51
|
|t:|1760764337
|switch|p2a: Great Tusk|Great Tusk|49/100
|move|p1a: The rock|Salt Cure|p2a: Great Tusk
|-resisted|p2a: Great Tusk
|-damage|p2a: Great Tusk|47/100
|-start|p2a: Great Tusk|Salt Cure
|
|-damage|p2a: Great Tusk|35/100|[from] Salt Cure
|upkeep
|turn|52
|
|t:|1760764346
|move|p2a: Great Tusk|Body Press|p1a: The rock
|-supereffective|p1a: The rock
|-damage|p1a: The rock|35/100
|move|p1a: The rock|Salt Cure|p2a: Great Tusk
|-resisted|p2a: Great Tusk
|-damage|p2a: Great Tusk|33/100
|
|-damage|p2a: Great Tusk|21/100|[from] Salt Cure
|upkeep
|turn|53
|
|t:|1760764354
|move|p2a: Great Tusk|Body Press|p1a: The rock
|-supereffective|p1a: The rock
|-damage|p1a: The rock|0 fnt
|faint|p1a: The rock
|
|-damage|p2a: Great Tusk|8/100|[from] Salt Cure
|upkeep
|
|t:|1760764359
|switch|p1a: Goku ssj3|Rillaboom, M, shiny|92/100
|-damage|p1a: Goku ssj3|79/100|[from] Stealth Rock
|-fieldstart|move: Grassy Terrain|[from] ability: Grassy Surge|[of] p1a: Goku ssj3
|turn|54
|
|t:|1760764371
|-end|p2a: Great Tusk|Protosynthesis|[silent]
|switch|p2a: Blissey|Blissey, F|67/100
|move|p1a: Goku ssj3|Grassy Glide|p2a: Blissey
|-damage|p2a: Blissey|29/100
|
|-heal|p1a: Goku ssj3|85/100|[from] Grassy Terrain
|-heal|p2a: Blissey|35/100|[from] Grassy Terrain
|upkeep
|turn|55
|
|t:|1760764386
|move|p1a: Goku ssj3|Drain Punch|p2a: Blissey
|-supereffective|p2a: Blissey
|-damage|p2a: Blissey|0 fnt
|-heal|p1a: Goku ssj3|100/100|[from] drain|[of] p2a: Blissey
|faint|p2a: Blissey
|
|upkeep
|
|t:|1760764396
|switch|p2a: Toxapex|Toxapex, M|69/100 par
|turn|56
|
|t:|1760764401
|move|p1a: Goku ssj3|Knock Off|p2a: Toxapex
|-damage|p2a: Toxapex|47/100 par
|-enditem|p2a: Toxapex|Heavy-Duty Boots|[from] move: Knock Off|[of] p1a: Goku ssj3
|cant|p2a: Toxapex|par
|
|-heal|p2a: Toxapex|53/100 par|[from] Grassy Terrain
|upkeep
|turn|57
|
|t:|1760764408
|move|p1a: Goku ssj3|Drain Punch|p2a: Toxapex
|-resisted|p2a: Toxapex
|-damage|p2a: Toxapex|45/100 par
|move|p2a: Toxapex|Toxic|p1a: Goku ssj3
|-status|p1a: Goku ssj3|tox
|
|-heal|p2a: Toxapex|51/100 par|[from] Grassy Terrain
|-damage|p1a: Goku ssj3|94/100 tox|[from] psn
|upkeep
|turn|58
|
|t:|1760764420
|switch|p2a: Alomomola|Alomomola, M|100/100 brn
|move|p1a: Goku ssj3|Drain Punch|p2a: Alomomola
|-damage|p2a: Alomomola|86/100 brn
|-heal|p1a: Goku ssj3|100/100 tox|[from] drain|[of] p2a: Alomomola
|
|-heal|p2a: Alomomola|92/100 brn|[from] Grassy Terrain
|-damage|p1a: Goku ssj3|88/100 tox|[from] psn
|-damage|p2a: Alomomola|86/100 brn|[from] brn
|upkeep
|turn|59
|
|t:|1760764431
|move|p2a: Alomomola|Protect|p2a: Alomomola
|-singleturn|p2a: Alomomola|Protect
|move|p1a: Goku ssj3|Grassy Glide|p2a: Alomomola
|-activate|p2a: Alomomola|move: Protect
|
|-heal|p1a: Goku ssj3|94/100 tox|[from] Grassy Terrain
|-heal|p2a: Alomomola|92/100 brn|[from] Grassy Terrain
|-damage|p1a: Goku ssj3|76/100 tox|[from] psn
|-damage|p2a: Alomomola|86/100 brn|[from] brn
|upkeep
|turn|60
|
|t:|1760764447
|move|p1a: Goku ssj3|Grassy Glide|p2a: Alomomola
|-supereffective|p2a: Alomomola
|-damage|p2a: Alomomola|45/100 brn
|move|p2a: Alomomola|Wish|p2a: Alomomola
|
|-heal|p1a: Goku ssj3|82/100 tox|[from] Grassy Terrain
|-heal|p2a: Alomomola|52/100 brn|[from] Grassy Terrain
|-damage|p1a: Goku ssj3|57/100 tox|[from] psn
|-damage|p2a: Alomomola|45/100 brn|[from] brn
|upkeep
|turn|61
|
|t:|1760764457
|move|p2a: Alomomola|Protect|p2a: Alomomola
|-singleturn|p2a: Alomomola|Protect
|move|p1a: Goku ssj3|Grassy Glide|p2a: Alomomola
|-activate|p2a: Alomomola|move: Protect
|
|-heal|p2a: Alomomola|95/100 brn|[from] move: Wish|[wisher] Alomomola
|-heal|p1a: Goku ssj3|63/100 tox|[from] Grassy Terrain
|-heal|p2a: Alomomola|100/100 brn|[from] Grassy Terrain
|-damage|p1a: Goku ssj3|32/100 tox|[from] psn
|-damage|p2a: Alomomola|94/100 brn|[from] brn
|-fieldend|move: Grassy Terrain
|upkeep
|turn|62
|
|t:|1760764468
|move|p1a: Goku ssj3|Grassy Glide|p2a: Alomomola
|-supereffective|p2a: Alomomola
|-damage|p2a: Alomomola|62/100 brn
|move|p2a: Alomomola|Wish|p2a: Alomomola
|
|-damage|p1a: Goku ssj3|0 fnt|[from] psn
|faint|p1a: Goku ssj3
|-damage|p2a: Alomomola|56/100 brn|[from] brn
|upkeep
|
|t:|1760764477
|switch|p1a: Support|Grimmsnarl, M|69/100 tox
|-damage|p1a: Support|56/100 tox|[from] Stealth Rock
|turn|63
|
|t:|1760764487
|move|p1a: Support|Reflect|p1a: Support
|-sidestart|p1: mamu756|Reflect
|move|p2a: Alomomola|Whirlpool|p1a: Support
|-damage|p1a: Support|51/100 tox
|-activate|p1a: Support|move: Whirlpool|[of] p2a: Alomomola
|
|-heal|p2a: Alomomola|100/100 brn|[from] move: Wish|[wisher] Alomomola
|-damage|p1a: Support|45/100 tox|[from] psn
|-damage|p2a: Alomomola|94/100 brn|[from] brn
|-damage|p1a: Support|32/100 tox|[from] move: Whirlpool|[partiallytrapped]
|upkeep
|turn|64
|
|t:|1760764499
|move|p2a: Alomomola|Protect|p2a: Alomomola
|-singleturn|p2a: Alomomola|Protect
|move|p1a: Support|Light Screen|p1a: Support
|-sidestart|p1: mamu756|move: Light Screen
|
|-damage|p1a: Support|20/100 tox|[from] psn
|-damage|p2a: Alomomola|88/100 brn|[from] brn
|-damage|p1a: Support|8/100 tox|[from] move: Whirlpool|[partiallytrapped]
|upkeep
|turn|65
|
|t:|1760764506
|move|p1a: Support|Thunder Wave||[still]
|-fail|p1a: Support
|move|p2a: Alomomola|Wish|p2a: Alomomola
|
|-damage|p1a: Support|0 fnt|[from] psn
|faint|p1a: Support
|-damage|p2a: Alomomola|82/100 brn|[from] brn
|upkeep
|
|t:|1760764509
|switch|p1a: Horus|Kingambit, M, shiny|100/100
|-damage|p1a: Horus|94/100|[from] Stealth Rock
|-activate|p1a: Horus|ability: Supreme Overlord
|-start|p1a: Horus|fallen5|[silent]
|turn|66
|
|t:|1760764525
|switch|p2a: Great Tusk|Great Tusk|8/100
|move|p1a: Horus|Swords Dance|p1a: Horus
|-boost|p1a: Horus|atk|2
|
|-heal|p2a: Great Tusk|71/100|[from] move: Wish|[wisher] Alomomola
|upkeep
|turn|67
|
|t:|1760764539
|move|p1a: Horus|Sucker Punch|p2a: Great Tusk
|-resisted|p2a: Great Tusk
|-damage|p2a: Great Tusk|36/100
|move|p2a: Great Tusk|Body Press|p1a: Horus
|-supereffective|p1a: Horus
|-damage|p1a: Horus|26/100
|
|upkeep
|turn|68
|
|t:|1760764569
|-end|p2a: Great Tusk|Protosynthesis|[silent]
|switch|p2a: Toxapex|Toxapex, M|85/100 par
|-damage|p2a: Toxapex|72/100 par|[from] Stealth Rock
|move|p1a: Horus|Sucker Punch||[still]
|-fail|p1a: Horus
|
|upkeep
|turn|69
|
|t:|1760764578
|move|p1a: Horus|Swords Dance|p1a: Horus
|-boost|p1a: Horus|atk|2
|move|p2a: Toxapex|Haze|p2a: Toxapex
|-clearallboost
|
|upkeep
|turn|70
|
|t:|1760764596
|move|p1a: Horus|Swords Dance|p1a: Horus
|-boost|p1a: Horus|atk|2
|move|p2a: Toxapex|Sludge Bomb|p1a: Horus
|-immune|p1a: Horus
|
|-sideend|p1: mamu756|Reflect
|upkeep
|turn|71
|
|t:|1760764604
|move|p1a: Horus|Swords Dance|p1a: Horus
|-boost|p1a: Horus|atk|2
|cant|p2a: Toxapex|par
|
|-sideend|p1: mamu756|move: Light Screen
|upkeep
|turn|72
|
|t:|1760764611
|move|p1a: Horus|Iron Head|p2a: Toxapex
|-resisted|p2a: Toxapex
|-damage|p2a: Toxapex|8/100 par
|cant|p2a: Toxapex|par
|
|upkeep
|turn|73
|
|t:|1760764623
|switch|p2a: Slowking|Slowking, M|71/100
|move|p1a: Horus|Sucker Punch||[still]
|-fail|p1a: Horus
|
|upkeep
|turn|74
|
|t:|1760764631
|move|p1a: Horus|Sucker Punch||[still]
|-fail|p1a: Horus
|move|p2a: Slowking|Reflect|p2a: Slowking
|-sidestart|p2: ash ketchum reborn|Reflect
|
|upkeep
|turn|75
|
|t:|1760764637
|switch|p2a: Toxapex|Toxapex, M|41/100 par
|-damage|p2a: Toxapex|29/100 par|[from] Stealth Rock
|move|p1a: Horus|Sucker Punch||[still]
|-fail|p1a: Horus
|
|upkeep
|turn|76
|
|t:|1760764643
|move|p1a: Horus|Iron Head|p2a: Toxapex
|-resisted|p2a: Toxapex
|-damage|p2a: Toxapex|0 fnt
|faint|p2a: Toxapex
|
|upkeep
|
|t:|1760764648
|switch|p2a: Alomomola|Alomomola, M|100/100 brn
|turn|77
|
|t:|1760764654
|move|p1a: Horus|Sucker Punch|p2a: Alomomola
|-damage|p2a: Alomomola|41/100 brn
|move|p2a: Alomomola|Whirlpool|p1a: Horus
|-damage|p1a: Horus|19/100
|-activate|p1a: Horus|move: Whirlpool|[of] p2a: Alomomola
|
|-damage|p2a: Alomomola|35/100 brn|[from] brn
|-damage|p1a: Horus|7/100|[from] move: Whirlpool|[partiallytrapped]
|upkeep
|turn|78
|
|t:|1760764663
|move|p2a: Alomomola|Protect|p2a: Alomomola
|-singleturn|p2a: Alomomola|Protect
|move|p1a: Horus|Sucker Punch||[still]
|-fail|p1a: Horus
|
|-damage|p2a: Alomomola|29/100 brn|[from] brn
|-damage|p1a: Horus|0 fnt|[from] move: Whirlpool|[partiallytrapped]
|faint|p1a: Horus
|-end|p1a: Horus|fallen5|[silent]
|
|win|ash ketchum reborn
|raw|mamu756's rating: 1064 &rarr; <strong>1044</strong><br />(-20 for losing)
|raw|ash ketchum reborn's rating: 1064 &rarr; <strong>1094</strong><br />(+30 for winning)
|l|☆mamu756
|player|p1|
|l|☆ash ketchum reborn
|player|p2|
