|j|☆Dreilek
|j|☆Palm X
|t:|1760760625
|gametype|singles
|player|p1|Dreilek|benga|1474
|player|p2|Palm X|caitlin|1476
|gen|9
|tier|[Gen 9] OU
|rated|
|rule|HP Percentage Mod: HP is shown in percentages
|rule|Endless Battle Clause: Forcing endless battles is banned
|rule|Species Clause: Limit one of each Pokémon
|rule|OHKO Clause: OHKO moves are banned
|rule|Evasion Items Clause: Evasion items are banned
|rule|Evasion Moves Clause: Evasion moves are banned
|rule|Evasion Abilities Clause: Evasion abilities are banned
|rule|Sleep Moves Clause: Sleep-inducing moves are banned
|clearpoke
|poke|p1|Iron Crown|
|poke|p1|Dragapult, M|
|poke|p1|Samurott-Hisui, F|
|poke|p1|Zamazenta-*|
|poke|p1|Muk-Alola, M|
|poke|p1|Iron Treads|
|poke|p2|Dragapult, F|
|poke|p2|Zamazenta-*|
|poke|p2|Slowking-Galar, F|
|poke|p2|Moltres|
|poke|p2|Ting-Lu|
|poke|p2|Weezing-Galar, F|
|teampreview
|inactive|Battle timer is ON: inactive players will automatically lose when time's up. (requested by Palm X)
|
|t:|1760760646
|teamsize|p1|6
|teamsize|p2|6
|start
|switch|p1a: Samurott|Samurott-Hisui, F, shiny|100/100
|switch|p2a: Dragoonette|Dragapult, F, shiny|100/100
|turn|1
|
|t:|1760760650
|switch|p2a: Perc Nowitzki|Weezing-Galar, F|100/100
|-ability|p2a: Perc Nowitzki|Neutralizing Gas
|move|p1a: Samurott|Ceaseless Edge|p2a: Perc Nowitzki
|-resisted|p2a: Perc Nowitzki
|-damage|p2a: Perc Nowitzki|91/100
|-sidestart|p2: Palm X|Spikes
|
|upkeep
|turn|2
|
|t:|1760760656
|switch|p1a: Iron Treads|Iron Treads, shiny|100/100
|move|p2a: Perc Nowitzki|Will-O-Wisp|p1a: Iron Treads
|-status|p1a: Iron Treads|brn
|
|-damage|p1a: Iron Treads|94/100 brn|[from] brn
|upkeep
|turn|3
|
|t:|1760760661
|-end|p2a: Perc Nowitzki|ability: Neutralizing Gas
|switch|p2a: LuLu on dat BUTT|Ting-Lu|100/100
|-enditem|p1a: Iron Treads|Booster Energy
|-activate|p1a: Iron Treads|ability: Quark Drive|[fromitem]
|-start|p1a: Iron Treads|quarkdrivespe
|-damage|p2a: LuLu on dat BUTT|88/100|[from] Spikes
|-ability|p2a: LuLu on dat BUTT|Vessel of Ruin
|move|p1a: Iron Treads|Knock Off|p2a: LuLu on dat BUTT
|-resisted|p2a: LuLu on dat BUTT
|-damage|p2a: LuLu on dat BUTT|85/100
|-enditem|p2a: LuLu on dat BUTT|Leftovers|[from] move: Knock Off|[of] p1a: Iron Treads
|
|-damage|p1a: Iron Treads|88/100 brn|[from] brn
|upkeep
|turn|4
|
|t:|1760760671
|-end|p1a: Iron Treads|Quark Drive|[silent]
|switch|p1a: Samurott|Samurott-Hisui, F, shiny|100/100
|move|p2a: LuLu on dat BUTT|Stealth Rock|p1a: Samurott
|-sidestart|p1: Dreilek|move: Stealth Rock
|
|upkeep
|turn|5
|
|t:|1760760678
|switch|p2a: Perc Nowitzki|Weezing-Galar, F|91/100
|-ability|p2a: Perc Nowitzki|Neutralizing Gas
|move|p1a: Samurott|Aqua Cutter|p2a: Perc Nowitzki
|-crit|p2a: Perc Nowitzki
|-damage|p2a: Perc Nowitzki|58/100
|
|upkeep
|turn|6
|
|t:|1760760685
|move|p1a: Samurott|Aqua Cutter|p2a: Perc Nowitzki
|-damage|p2a: Perc Nowitzki|36/100
|move|p2a: Perc Nowitzki|Pain Split|p1a: Samurott
|-sethp|p1a: Samurott|68/100|[from] move: Pain Split|[silent]
|-sethp|p2a: Perc Nowitzki|68/100|[from] move: Pain Split
|
|upkeep
|turn|7
|
|t:|1760760702
|switch|p1a: Iron Treads|Iron Treads, shiny|88/100 brn
|-damage|p1a: Iron Treads|85/100 brn|[from] Stealth Rock
|move|p2a: Perc Nowitzki|Pain Split|p1a: Iron Treads
|-sethp|p1a: Iron Treads|72/100 brn|[from] move: Pain Split|[silent]
|-sethp|p2a: Perc Nowitzki|83/100|[from] move: Pain Split
|
|-damage|p1a: Iron Treads|66/100 brn|[from] brn
|upkeep
|turn|8
|
|t:|1760760709
|-end|p2a: Perc Nowitzki|ability: Neutralizing Gas
|switch|p2a: NoDominicanPapi|Moltres, shiny|100/100
|move|p1a: Iron Treads|Earthquake|p2a: NoDominicanPapi
|-immune|p2a: NoDominicanPapi
|
|-damage|p1a: Iron Treads|60/100 brn|[from] brn
|upkeep
|turn|9
|
|t:|1760760718
|-end|p1a: Iron Treads|Quark Drive|[silent]
|switch|p1a: Muk|Muk-Alola, M|100/100
|-damage|p1a: Muk|88/100|[from] Stealth Rock
|move|p2a: NoDominicanPapi|Flamethrower|p1a: Muk
|-damage|p1a: Muk|68/100
|
|upkeep
|turn|10
|
|t:|1760760725
|move|p2a: NoDominicanPapi|Will-O-Wisp|p1a: Muk
|-status|p1a: Muk|brn
|move|p1a: Muk|Knock Off|p2a: NoDominicanPapi
|-damage|p2a: NoDominicanPapi|84/100
|-enditem|p2a: NoDominicanPapi|Heavy-Duty Boots|[from] move: Knock Off|[of] p1a: Muk
|
|-damage|p1a: Muk|62/100 brn|[from] brn
|upkeep
|turn|11
|
|t:|1760760731
|move|p2a: NoDominicanPapi|Hurricane|p1a: Muk
|-damage|p1a: Muk|38/100 brn
|-start|p1a: Muk|confusion
|-activate|p1a: Muk|confusion
|move|p1a: Muk|Poison Jab|p2a: NoDominicanPapi
|-damage|p2a: NoDominicanPapi|70/100
|-status|p2a: NoDominicanPapi|psn|[from] ability: Poison Touch|[of] p1a: Muk
|
|-damage|p2a: NoDominicanPapi|57/100 psn|[from] psn
|-damage|p1a: Muk|32/100 brn|[from] brn
|upkeep
|turn|12
|
|t:|1760760742
|switch|p2a: BoySlowDown😭😂✌️|Slowking-Galar, F, shiny|100/100
|switch|p1a: Iron Treads|Iron Treads, shiny|60/100 brn
|-damage|p1a: Iron Treads|56/100 brn|[from] Stealth Rock
|
|-damage|p1a: Iron Treads|50/100 brn|[from] brn
|upkeep
|turn|13
|
|t:|1760760747
|move|p1a: Iron Treads|Knock Off|p2a: BoySlowDown😭😂✌️
|-supereffective|p2a: BoySlowDown😭😂✌️
|-damage|p2a: BoySlowDown😭😂✌️|78/100
|-enditem|p2a: BoySlowDown😭😂✌️|Heavy-Duty Boots|[from] move: Knock Off|[of] p1a: Iron Treads
|-prepare|p2a: BoySlowDown😭😂✌️|Chilly Reception|[premajor]
|move|p2a: BoySlowDown😭😂✌️|Chilly Reception|p2a: BoySlowDown😭😂✌️
|-weather|Snowscape
|
|t:|1760760754
|switch|p2a: Dragoonette|Dragapult, F, shiny|100/100|[from] Chilly Reception
|
|-weather|Snowscape|[upkeep]
|-damage|p1a: Iron Treads|44/100 brn|[from] brn
|upkeep
|turn|14
|
|t:|1760760760
|move|p2a: Dragoonette|Hex|p1a: Iron Treads
|-damage|p1a: Iron Treads|0 fnt
|faint|p1a: Iron Treads
|-end|p1a: Iron Treads|Quark Drive|[silent]
|
|-weather|Snowscape|[upkeep]
|upkeep
|
|t:|1760760763
|switch|p1a: Samurott|Samurott-Hisui, F, shiny|68/100
|-damage|p1a: Samurott|56/100|[from] Stealth Rock
|turn|15
|
|t:|1760760770
|switch|p2a: Perc Nowitzki|Weezing-Galar, F|83/100
|-ability|p2a: Perc Nowitzki|Neutralizing Gas
|move|p1a: Samurott|Aqua Cutter|p2a: Perc Nowitzki
|-damage|p2a: Perc Nowitzki|59/100
|
|-weather|Snowscape|[upkeep]
|upkeep
|turn|16
|
|t:|1760760775
|move|p1a: Samurott|Aqua Cutter|p2a: Perc Nowitzki
|-damage|p2a: Perc Nowitzki|37/100
|move|p2a: Perc Nowitzki|Pain Split|p1a: Samurott
|-sethp|p1a: Samurott|46/100|[from] move: Pain Split|[silent]
|-sethp|p2a: Perc Nowitzki|46/100|[from] move: Pain Split
|
|-weather|Snowscape|[upkeep]
|upkeep
|turn|17
|
|t:|1760760781
|move|p1a: Samurott|Aqua Cutter|p2a: Perc Nowitzki
|-damage|p2a: Perc Nowitzki|23/100
|move|p2a: Perc Nowitzki|Will-O-Wisp|p1a: Samurott
|-status|p1a: Samurott|brn
|
|-weather|none
|-damage|p1a: Samurott|40/100 brn|[from] brn
|upkeep
|turn|18
|
|t:|1760760785
|move|p1a: Samurott|Aqua Cutter|p2a: Perc Nowitzki
|-damage|p2a: Perc Nowitzki|12/100
|move|p2a: Perc Nowitzki|Pain Split|p1a: Samurott
|-sethp|p1a: Samurott|26/100 brn|[from] move: Pain Split|[silent]
|-sethp|p2a: Perc Nowitzki|26/100|[from] move: Pain Split
|
|-damage|p1a: Samurott|20/100 brn|[from] brn
|upkeep
|turn|19
|
|t:|1760760792
|move|p1a: Samurott|Aqua Cutter|p2a: Perc Nowitzki
|-crit|p2a: Perc Nowitzki
|-damage|p2a: Perc Nowitzki|8/100
|move|p2a: Perc Nowitzki|Strange Steam|p1a: Samurott
|-supereffective|p1a: Samurott
|-damage|p1a: Samurott|0 fnt
|faint|p1a: Samurott
|
|upkeep
|
|t:|1760760803
|switch|p1a: Dragapult|Dragapult, M|100/100
|turn|20
|
|t:|1760760808
|move|p1a: Dragapult|Hex|p2a: Perc Nowitzki
|-damage|p2a: Perc Nowitzki|0 fnt
|faint|p2a: Perc Nowitzki
|-end|p2a: Perc Nowitzki|ability: Neutralizing Gas
|
|upkeep
|
|t:|1760760810
|switch|p2a: LuLu on dat BUTT|Ting-Lu|85/100
|-damage|p2a: LuLu on dat BUTT|73/100|[from] Spikes
|-ability|p2a: LuLu on dat BUTT|Vessel of Ruin
|turn|21
|
|t:|1760760816
|move|p1a: Dragapult|Will-O-Wisp|p2a: LuLu on dat BUTT|[miss]
|-miss|p1a: Dragapult|p2a: LuLu on dat BUTT
|move|p2a: LuLu on dat BUTT|Ruination|p1a: Dragapult
|-damage|p1a: Dragapult|51/100
|
|upkeep
|turn|22
|
|t:|1760760820
|move|p1a: Dragapult|Will-O-Wisp|p2a: LuLu on dat BUTT
|-status|p2a: LuLu on dat BUTT|brn
|move|p2a: LuLu on dat BUTT|Earthquake|p1a: Dragapult
|-damage|p1a: Dragapult|26/100
|
|-damage|p2a: LuLu on dat BUTT|66/100 brn|[from] brn
|upkeep
|turn|23
|
|t:|1760760825
|move|p1a: Dragapult|U-turn|p2a: LuLu on dat BUTT
|-supereffective|p2a: LuLu on dat BUTT
|-damage|p2a: LuLu on dat BUTT|43/100 brn
|
|t:|1760760828
|switch|p1a: Zamazenta|Zamazenta, shiny|100/100|[from] U-turn
|-damage|p1a: Zamazenta|94/100|[from] Stealth Rock
|-ability|p1a: Zamazenta|Dauntless Shield|boost
|-boost|p1a: Zamazenta|def|1
|move|p2a: LuLu on dat BUTT|Earthquake|p1a: Zamazenta
|-crit|p1a: Zamazenta
|-damage|p1a: Zamazenta|74/100
|
|-heal|p1a: Zamazenta|81/100|[from] item: Leftovers
|-damage|p2a: LuLu on dat BUTT|37/100 brn|[from] brn
|upkeep
|turn|24
|
|t:|1760760834
|move|p1a: Zamazenta|Iron Defense|p1a: Zamazenta
|-boost|p1a: Zamazenta|def|2
|move|p2a: LuLu on dat BUTT|Whirlwind|p1a: Zamazenta
|drag|p1a: Iron Crown|Iron Crown|100/100
|-damage|p1a: Iron Crown|94/100|[from] Stealth Rock
|
|-damage|p2a: LuLu on dat BUTT|31/100 brn|[from] brn
|upkeep
|turn|25
|
|t:|1760760838
|move|p1a: Iron Crown|Tachyon Cutter|p2a: LuLu on dat BUTT
|-damage|p2a: LuLu on dat BUTT|13/100 brn
|-damage|p2a: LuLu on dat BUTT|0 fnt
|faint|p2a: LuLu on dat BUTT
|-hitcount|p2: LuLu on dat BUTT|2
|
|upkeep
|
|t:|1760760841
|switch|p2a: BoySlowDown😭😂✌️|Slowking-Galar, F, shiny|100/100
|-damage|p2a: BoySlowDown😭😂✌️|88/100|[from] Spikes
|turn|26
|
|t:|1760760844
|move|p1a: Iron Crown|Tachyon Cutter|p2a: BoySlowDown😭😂✌️
|-damage|p2a: BoySlowDown😭😂✌️|66/100
|-damage|p2a: BoySlowDown😭😂✌️|43/100
|-hitcount|p2a: BoySlowDown😭😂✌️|2
|-prepare|p2a: BoySlowDown😭😂✌️|Chilly Reception|[premajor]
|move|p2a: BoySlowDown😭😂✌️|Chilly Reception|p2a: BoySlowDown😭😂✌️
|-weather|Snowscape
|
|t:|1760760847
|switch|p2a: NoDominicanPapi|Moltres, shiny|57/100 psn|[from] Chilly Reception
|
|-weather|Snowscape|[upkeep]
|-damage|p2a: NoDominicanPapi|45/100 psn|[from] psn
|upkeep
|turn|27
|
|t:|1760760852
|-end|p1a: Iron Crown|Quark Drive|[silent]
|switch|p1a: Muk|Muk-Alola, M|32/100 brn
|-damage|p1a: Muk|19/100 brn|[from] Stealth Rock
|move|p2a: NoDominicanPapi|Roost|p2a: NoDominicanPapi
|-heal|p2a: NoDominicanPapi|95/100 psn
|-singleturn|p2a: NoDominicanPapi|move: Roost
|
|-weather|Snowscape|[upkeep]
|-damage|p2a: NoDominicanPapi|83/100 psn|[from] psn
|-damage|p1a: Muk|13/100 brn|[from] brn
|upkeep
|turn|28
|
|t:|1760760856
|move|p1a: Muk|Shadow Sneak|p2a: NoDominicanPapi
|-damage|p2a: NoDominicanPapi|78/100 psn
|move|p2a: NoDominicanPapi|Flamethrower|p1a: Muk
|-damage|p1a: Muk|0 fnt
|faint|p1a: Muk
|
|-weather|Snowscape|[upkeep]
|-damage|p2a: NoDominicanPapi|65/100 psn|[from] psn
|upkeep
|
|t:|1760760863
|switch|p1a: Dragapult|Dragapult, M|26/100
|turn|29
|
|t:|1760760867
|move|p1a: Dragapult|Hex|p2a: NoDominicanPapi
|-damage|p2a: NoDominicanPapi|9/100 psn
|move|p2a: NoDominicanPapi|Flamethrower|p1a: Dragapult
|-resisted|p1a: Dragapult
|-damage|p1a: Dragapult|0 fnt
|faint|p1a: Dragapult
|
|-weather|Snowscape|[upkeep]
|-damage|p2a: NoDominicanPapi|0 fnt|[from] psn
|faint|p2a: NoDominicanPapi
|upkeep
|
|t:|1760760877
|switch|p1a: Iron Crown|Iron Crown|94/100
|switch|p2a: BoySlowDown😭😂✌️|Slowking-Galar, F, shiny|76/100
|-damage|p1a: Iron Crown|88/100|[from] Stealth Rock
|-damage|p2a: BoySlowDown😭😂✌️|63/100|[from] Spikes
|turn|30
|
|t:|1760760883
|move|p1a: Iron Crown|Tachyon Cutter|p2a: BoySlowDown😭😂✌️
|-damage|p2a: BoySlowDown😭😂✌️|41/100
|-damage|p2a: BoySlowDown😭😂✌️|18/100
|-hitcount|p2a: BoySlowDown😭😂✌️|2
|-prepare|p2a: BoySlowDown😭😂✌️|Chilly Reception|[premajor]
|move|p2a: BoySlowDown😭😂✌️|Chilly Reception|p2a: BoySlowDown😭😂✌️
|
|t:|1760760889
|switch|p2a: Dragoonette|Dragapult, F, shiny|100/100|[from] Chilly Reception
|
|-weather|none
|upkeep
|turn|31
|
|t:|1760760897
|-terastallize|p1a: Iron Crown|Fighting
|move|p2a: Dragoonette|U-turn|p1a: Iron Crown
|-resisted|p1a: Iron Crown
|-damage|p1a: Iron Crown|77/100
|
|t:|1760760901
|switch|p2a: BoySlowDown😭😂✌️|Slowking-Galar, F, shiny|52/100|[from] U-turn
|-damage|p2a: BoySlowDown😭😂✌️|39/100|[from] Spikes
|move|p1a: Iron Crown|Tachyon Cutter|p2a: BoySlowDown😭😂✌️
|-damage|p2a: BoySlowDown😭😂✌️|18/100
|-damage|p2a: BoySlowDown😭😂✌️|0 fnt
|faint|p2a: BoySlowDown😭😂✌️
|-hitcount|p2: BoySlowDown😭😂✌️|2
|
|upkeep
|
|t:|1760760903
|switch|p2a: BillionsMustIDef|Zamazenta|100/100
|-damage|p2a: BillionsMustIDef|88/100|[from] Spikes
|-ability|p2a: BillionsMustIDef|Dauntless Shield|boost
|-boost|p2a: BillionsMustIDef|def|1
|turn|32
|
|t:|1760760910
|-terastallize|p2a: BillionsMustIDef|Fire
|move|p2a: BillionsMustIDef|Iron Defense|p2a: BillionsMustIDef
|-boost|p2a: BillionsMustIDef|def|2
|move|p1a: Iron Crown|Tachyon Cutter|p2a: BillionsMustIDef
|-resisted|p2a: BillionsMustIDef
|-damage|p2a: BillionsMustIDef|74/100
|-resisted|p2a: BillionsMustIDef
|-damage|p2a: BillionsMustIDef|60/100
|-hitcount|p2a: BillionsMustIDef|2
|
|-heal|p2a: BillionsMustIDef|66/100|[from] item: Leftovers
|upkeep
|turn|33
|
|t:|1760760914
|-end|p1a: Iron Crown|Quark Drive|[silent]
|switch|p1a: Zamazenta|Zamazenta, shiny|81/100
|-damage|p1a: Zamazenta|74/100|[from] Stealth Rock
|move|p2a: BillionsMustIDef|Body Press|p1a: Zamazenta
|-damage|p1a: Zamazenta|14/100
|
|-heal|p1a: Zamazenta|20/100|[from] item: Leftovers
|-heal|p2a: BillionsMustIDef|72/100|[from] item: Leftovers
|upkeep
|turn|34
|
|t:|1760760917
|move|p1a: Zamazenta|Body Press|p2a: BillionsMustIDef
|-damage|p2a: BillionsMustIDef|61/100
|move|p2a: BillionsMustIDef|Body Press|p1a: Zamazenta
|-damage|p1a: Zamazenta|0 fnt
|faint|p1a: Zamazenta
|
|-heal|p2a: BillionsMustIDef|67/100|[from] item: Leftovers
|upkeep
|
|t:|1760760921
|switch|p1a: Iron Crown|Iron Crown, tera:Fighting|77/100
|-damage|p1a: Iron Crown|71/100|[from] Stealth Rock
|turn|35
|
|t:|1760760925
|move|p2a: BillionsMustIDef|Body Press|p1a: Iron Crown
|-damage|p1a: Iron Crown|0 fnt
|faint|p1a: Iron Crown
|-end|p1a: Iron Crown|Quark Drive|[silent]
|
|win|Palm X
|raw|Dreilek's rating: 1474 &rarr; <strong>1454</strong><br />(-20 for losing)
|raw|Palm X's rating: 1476 &rarr; <strong>1496</strong><br />(+20 for winning)
|l|☆Dreilek
|player|p1|
|l|☆Palm X
|player|p2|
