|j|‽Abracadaver
|j|☆Daybrick
|t:|1760885964
|gametype|singles
|player|p1|Abracadaver|koga|1403
|player|p2|Daybrick|ethan|1541
|gen|9
|tier|[Gen 9] OU
|rated|
|rule|HP Percentage Mod: HP is shown in percentages
|rule|Endless Battle Clause: Forcing endless battles is banned
|rule|Species Clause: Limit one of each Pokémon
|rule|OHKO Clause: OHKO moves are banned
|rule|Evasion Items Clause: Evasion items are banned
|rule|Evasion Moves Clause: Evasion moves are banned
|rule|Evasion Abilities Clause: Evasion abilities are banned
|rule|Sleep Moves Clause: Sleep-inducing moves are banned
|clearpoke
|poke|p1|Dragonite, F|
|poke|p1|Zamazenta-*|
|poke|p1|Zapdos|
|poke|p1|Umbreon, F|
|poke|p1|Cinderace, F|
|poke|p1|Gastrodon-East, M|
|poke|p2|Tyranitar, F|
|poke|p2|Gholdengo|
|poke|p2|Zamazenta-*|
|poke|p2|Rillaboom, M|
|poke|p2|Garchomp, F|
|poke|p2|Zapdos|
|teampreview
|inactive|Battle timer is ON: inactive players will automatically lose when time's up. (requested by Daybrick)
|
|t:|1760885980
|teamsize|p1|6
|teamsize|p2|6
|start
|switch|p1a: Zamazenta|Zamazenta|100/100
|switch|p2a: Garchomp|Garchomp, F|100/100
|-ability|p1a: Zamazenta|Dauntless Shield|boost
|-boost|p1a: Zamazenta|def|1
|turn|1
|
|t:|1760885989
|move|p1a: Zamazenta|Iron Defense|p1a: Zamazenta
|-boost|p1a: Zamazenta|def|2
|move|p2a: Garchomp|Dragon Tail|p1a: Zamazenta|[miss]
|-miss|p2a: Garchomp|p1a: Zamazenta
|
|upkeep
|turn|2
|
|t:|1760886000
|move|p1a: Zamazenta|Body Press|p2a: Garchomp
|-damage|p2a: Garchomp|48/100
|-damage|p1a: Zamazenta|88/100|[from] ability: Rough Skin|[of] p2a: Garchomp
|-damage|p1a: Zamazenta|72/100|[from] item: Rocky Helmet|[of] p2a: Garchomp
|move|p2a: Garchomp|Dragon Tail|p1a: Zamazenta|[miss]
|-miss|p2a: Garchomp|p1a: Zamazenta
|
|-heal|p1a: Zamazenta|78/100|[from] item: Leftovers
|upkeep
|turn|3
|
|t:|1760886010
|switch|p2a: Gholdengo|Gholdengo|100/100
|-item|p2a: Gholdengo|Air Balloon
|move|p1a: Zamazenta|Body Press|p2a: Gholdengo
|-immune|p2a: Gholdengo
|
|-heal|p1a: Zamazenta|84/100|[from] item: Leftovers
|upkeep
|turn|4
|
|t:|1760886021
|switch|p1a: Umbreon|Umbreon, F, shiny|100/100
|move|p2a: Gholdengo|Thunder Wave|p1a: Umbreon
|-status|p1a: Umbreon|par
|-activate|p1a: Umbreon|ability: Synchronize
|-status|p2a: Gholdengo|par
|
|upkeep
|turn|5
|
|t:|1760886032
|switch|p2a: Rillaboom|Rillaboom, M|100/100
|-fieldstart|move: Grassy Terrain|[from] ability: Grassy Surge|[of] p2a: Rillaboom
|move|p1a: Umbreon|Wish|p1a: Umbreon
|
|upkeep
|turn|6
|
|t:|1760886039
|switch|p1a: Zapdos|Zapdos|100/100
|-ability|p1a: Zapdos|Pressure
|move|p2a: Rillaboom|Knock Off|p1a: Zapdos
|-damage|p1a: Zapdos|67/100
|-enditem|p1a: Zapdos|Heavy-Duty Boots|[from] move: Knock Off|[of] p2a: Rillaboom
|
|-heal|p1a: Zapdos|100/100|[from] move: Wish|[wisher] Umbreon
|upkeep
|turn|7
|
|t:|1760886053
|switch|p2a: Tyranitar|Tyranitar, F|100/100
|-weather|Sandstorm|[from] ability: Sand Stream|[of] p2a: Tyranitar
|move|p1a: Zapdos|Hurricane|p2a: Tyranitar
|-resisted|p2a: Tyranitar
|-damage|p2a: Tyranitar|82/100
|
|-weather|Sandstorm|[upkeep]
|-damage|p1a: Zapdos|94/100|[from] Sandstorm
|-heal|p2a: Tyranitar|88/100|[from] Grassy Terrain
|upkeep
|turn|8
|
|t:|1760886068
|switch|p2a: Garchomp|Garchomp, F|48/100
|switch|p1a: Gastrodon|Gastrodon-East, M|100/100
|
|-weather|Sandstorm|[upkeep]
|-heal|p2a: Garchomp|54/100|[from] Grassy Terrain
|upkeep
|turn|9
|
|t:|1760886077
|switch|p2a: Rillaboom|Rillaboom, M|100/100
|move|p1a: Gastrodon|Ice Beam|p2a: Rillaboom
|-supereffective|p2a: Rillaboom
|-crit|p2a: Rillaboom
|-damage|p2a: Rillaboom|0 fnt
|faint|p2a: Rillaboom
|
|-weather|Sandstorm|[upkeep]
|-fieldend|move: Grassy Terrain
|upkeep
|
|t:|1760886088
|switch|p2a: Zamazenta|Zamazenta|100/100
|-ability|p2a: Zamazenta|Dauntless Shield|boost
|-boost|p2a: Zamazenta|def|1
|turn|10
|
|t:|1760886093
|move|p2a: Zamazenta|Close Combat|p1a: Gastrodon
|-damage|p1a: Gastrodon|37/100
|-unboost|p2a: Zamazenta|def|1
|-unboost|p2a: Zamazenta|spd|1
|move|p1a: Gastrodon|Earth Power|p2a: Zamazenta
|-damage|p2a: Zamazenta|52/100
|
|-weather|Sandstorm|[upkeep]
|-damage|p2a: Zamazenta|45/100|[from] Sandstorm
|-heal|p1a: Gastrodon|43/100|[from] item: Leftovers
|upkeep
|turn|11
|
|t:|1760886104
|switch|p1a: Zamazenta|Zamazenta|84/100
|move|p2a: Zamazenta|Close Combat|p1a: Zamazenta
|-damage|p1a: Zamazenta|35/100
|-unboost|p2a: Zamazenta|def|1
|-unboost|p2a: Zamazenta|spd|1
|
|-weather|none
|-heal|p1a: Zamazenta|41/100|[from] item: Leftovers
|upkeep
|turn|12
|
|t:|1760886118
|switch|p2a: Zapdos|Zapdos|100/100
|move|p1a: Zamazenta|Iron Defense|p1a: Zamazenta
|-boost|p1a: Zamazenta|def|2
|
|-heal|p1a: Zamazenta|48/100|[from] item: Leftovers
|upkeep
|turn|13
|
|t:|1760886130
|switch|p1a: Zapdos|Zapdos|94/100
|-ability|p1a: Zapdos|Pressure
|move|p2a: Zapdos|Hurricane|p1a: Zapdos
|-resisted|p1a: Zapdos
|-damage|p1a: Zapdos|67/100
|-start|p1a: Zapdos|confusion
|
|upkeep
|turn|14
|
|t:|1760886146
|move|p2a: Zapdos|Volt Switch|p1a: Zapdos
|-damage|p1a: Zapdos|32/100
|
|t:|1760886149
|switch|p2a: Garchomp|Garchomp, F|54/100|[from] Volt Switch
|-activate|p1a: Zapdos|confusion
|-damage|p1a: Zapdos|25/100|[from] confusion
|
|upkeep
|turn|15
|
|t:|1760886158
|move|p2a: Garchomp|Stealth Rock|p1a: Zapdos
|-sidestart|p1: Abracadaver|move: Stealth Rock
|-activate|p1a: Zapdos|confusion
|-damage|p1a: Zapdos|18/100|[from] confusion
|
|upkeep
|turn|16
|
|t:|1760886165
|-activate|p1a: Zapdos|confusion
|move|p1a: Zapdos|Roost|p1a: Zapdos
|-heal|p1a: Zapdos|68/100
|-singleturn|p1a: Zapdos|move: Roost
|move|p2a: Garchomp|Dragon Tail|p1a: Zapdos
|-damage|p1a: Zapdos|42/100
|drag|p1a: Gastrodon|Gastrodon-East, M|43/100
|-damage|p1a: Gastrodon|37/100|[from] Stealth Rock
|
|-heal|p1a: Gastrodon|43/100|[from] item: Leftovers
|upkeep
|turn|17
|
|t:|1760886178
|move|p2a: Garchomp|Earthquake|p1a: Gastrodon
|-damage|p1a: Gastrodon|0 fnt
|faint|p1a: Gastrodon
|
|upkeep
|
|t:|1760886190
|switch|p1a: Dragonite|Dragonite, F|100/100
|turn|18
|
|t:|1760886193
|move|p1a: Dragonite|Dragon Dance|p1a: Dragonite
|-boost|p1a: Dragonite|atk|1
|-boost|p1a: Dragonite|spe|1
|move|p2a: Garchomp|Dragon Tail|p1a: Dragonite
|-supereffective|p1a: Dragonite
|-damage|p1a: Dragonite|69/100
|drag|p1a: Zapdos|Zapdos|42/100
|-damage|p1a: Zapdos|17/100|[from] Stealth Rock
|-ability|p1a: Zapdos|Pressure
|
|upkeep
|turn|19
|
|t:|1760886205
|switch|p2a: Zapdos|Zapdos|100/100
|move|p1a: Zapdos|Hurricane|p2a: Zapdos
|-resisted|p2a: Zapdos
|-damage|p2a: Zapdos|67/100
|-start|p2a: Zapdos|confusion
|
|upkeep
|turn|20
|
|t:|1760886213
|-activate|p2a: Zapdos|confusion
|-damage|p2a: Zapdos|58/100|[from] confusion
|move|p1a: Zapdos|Roost|p1a: Zapdos
|-heal|p1a: Zapdos|67/100
|-singleturn|p1a: Zapdos|move: Roost
|
|upkeep
|turn|21
|
|t:|1760886220
|-activate|p2a: Zapdos|confusion
|move|p2a: Zapdos|Roost|p2a: Zapdos
|-heal|p2a: Zapdos|100/100
|-singleturn|p2a: Zapdos|move: Roost
|move|p1a: Zapdos|Thunderbolt|p2a: Zapdos
|-resisted|p2a: Zapdos
|-damage|p2a: Zapdos|75/100
|
|upkeep
|turn|22
|
|t:|1760886230
|switch|p1a: Umbreon|Umbreon, F, shiny|100/100 par
|-damage|p1a: Umbreon|88/100 par|[from] Stealth Rock
|-activate|p2a: Zapdos|confusion
|move|p2a: Zapdos|Volt Switch|p1a: Umbreon
|-crit|p1a: Umbreon
|-damage|p1a: Umbreon|63/100 par
|
|t:|1760886236
|switch|p2a: Zamazenta|Zamazenta|45/100|[from] Volt Switch
|
|-heal|p1a: Umbreon|69/100 par|[from] item: Leftovers
|upkeep
|turn|23
|
|t:|1760886244
|switch|p1a: Zapdos|Zapdos|67/100
|-damage|p1a: Zapdos|42/100|[from] Stealth Rock
|-ability|p1a: Zapdos|Pressure
|move|p2a: Zamazenta|Close Combat|p1a: Zapdos
|-resisted|p1a: Zapdos
|-damage|p1a: Zapdos|12/100
|-unboost|p2a: Zamazenta|def|1
|-unboost|p2a: Zamazenta|spd|1
|
|upkeep
|turn|24
|
|t:|1760886256
|switch|p2a: Tyranitar|Tyranitar, F|88/100
|-weather|Sandstorm|[from] ability: Sand Stream|[of] p2a: Tyranitar
|move|p1a: Zapdos|Roost|p1a: Zapdos
|-heal|p1a: Zapdos|62/100
|-singleturn|p1a: Zapdos|move: Roost
|
|-weather|Sandstorm|[upkeep]
|-damage|p1a: Zapdos|56/100|[from] Sandstorm
|upkeep
|turn|25
|
|t:|1760886273
|move|p2a: Tyranitar|Knock Off|p1a: Zapdos
|-damage|p1a: Zapdos|24/100
|move|p1a: Zapdos|Thunderbolt|p2a: Tyranitar
|-damage|p2a: Tyranitar|56/100
|
|-weather|Sandstorm|[upkeep]
|-damage|p1a: Zapdos|18/100|[from] Sandstorm
|upkeep
|turn|26
|
|t:|1760886281
|move|p2a: Tyranitar|Stone Edge|p1a: Zapdos
|-supereffective|p1a: Zapdos
|-damage|p1a: Zapdos|0 fnt
|faint|p1a: Zapdos
|
|-weather|Sandstorm|[upkeep]
|upkeep
|
|t:|1760886290
|switch|p1a: Cinderace|Cinderace, F|100/100
|-damage|p1a: Cinderace|76/100|[from] Stealth Rock
|turn|27
|
|t:|1760886296
|move|p1a: Cinderace|U-turn|p2a: Tyranitar
|-start|p1a: Cinderace|typechange|Bug|[from] ability: Libero
|-supereffective|p2a: Tyranitar
|-damage|p2a: Tyranitar|0 fnt
|faint|p2a: Tyranitar
|
|t:|1760886303
|switch|p1a: Dragonite|Dragonite, F|69/100|[from] U-turn
|
|-weather|Sandstorm|[upkeep]
|-damage|p1a: Dragonite|63/100|[from] Sandstorm
|upkeep
|
|t:|1760886309
|switch|p2a: Zapdos|Zapdos|75/100
|turn|28
|
|t:|1760886317
|switch|p1a: Umbreon|Umbreon, F, shiny|69/100 par
|-damage|p1a: Umbreon|57/100 par|[from] Stealth Rock
|move|p2a: Zapdos|Hurricane|p1a: Umbreon
|-damage|p1a: Umbreon|27/100 par
|
|-weather|none
|-heal|p1a: Umbreon|33/100 par|[from] item: Leftovers
|upkeep
|turn|29
|
|t:|1760886327
|move|p2a: Zapdos|Roost|p2a: Zapdos
|-heal|p2a: Zapdos|100/100
|-singleturn|p2a: Zapdos|move: Roost
|move|p1a: Umbreon|Wish|p1a: Umbreon
|
|-heal|p1a: Umbreon|39/100 par|[from] item: Leftovers
|upkeep
|turn|30
|
|t:|1760886335
|move|p1a: Umbreon|Protect|p1a: Umbreon
|-singleturn|p1a: Umbreon|Protect
|move|p2a: Zapdos|Volt Switch|p1a: Umbreon
|-activate|p1a: Umbreon|move: Protect
|
|-heal|p1a: Umbreon|89/100 par|[from] move: Wish|[wisher] Umbreon
|-heal|p1a: Umbreon|95/100 par|[from] item: Leftovers
|upkeep
|turn|31
|
|t:|1760886345
|move|p2a: Zapdos|Volt Switch|p1a: Umbreon
|-damage|p1a: Umbreon|78/100 par
|
|t:|1760886349
|switch|p2a: Zamazenta|Zamazenta|45/100|[from] Volt Switch
|cant|p1a: Umbreon|par
|
|-heal|p1a: Umbreon|85/100 par|[from] item: Leftovers
|upkeep
|turn|32
|
|t:|1760886357
|-terastallize|p1a: Umbreon|Poison
|move|p2a: Zamazenta|Close Combat|p1a: Umbreon
|-resisted|p1a: Umbreon
|-damage|p1a: Umbreon|59/100 par
|-unboost|p2a: Zamazenta|def|1
|-unboost|p2a: Zamazenta|spd|1
|move|p1a: Umbreon|Toxic|p2a: Zamazenta
|-status|p2a: Zamazenta|tox
|
|-heal|p1a: Umbreon|65/100 par|[from] item: Leftovers
|-damage|p2a: Zamazenta|39/100 tox|[from] psn
|upkeep
|turn|33
|
|t:|1760886370
|switch|p2a: Garchomp|Garchomp, F|54/100
|move|p1a: Umbreon|Wish|p1a: Umbreon
|
|-heal|p1a: Umbreon|71/100 par|[from] item: Leftovers
|upkeep
|turn|34
|
|t:|1760886378
|switch|p1a: Dragonite|Dragonite, F|63/100
|move|p2a: Garchomp|Dragon Tail|p1a: Dragonite
|-supereffective|p1a: Dragonite
|-damage|p1a: Dragonite|3/100
|drag|p1a: Zamazenta|Zamazenta|48/100
|-damage|p1a: Zamazenta|41/100|[from] Stealth Rock
|
|-heal|p1a: Zamazenta|92/100|[from] move: Wish|[wisher] Umbreon
|-heal|p1a: Zamazenta|98/100|[from] item: Leftovers
|upkeep
|turn|35
|
|t:|1760886393
|switch|p2a: Zapdos|Zapdos|100/100
|move|p1a: Zamazenta|Body Press|p2a: Zapdos
|-resisted|p2a: Zapdos
|-damage|p2a: Zapdos|83/100
|
|-heal|p1a: Zamazenta|100/100|[from] item: Leftovers
|upkeep
|turn|36
|
|t:|1760886404
|switch|p1a: Dragonite|Dragonite, F|3/100
|move|p2a: Zapdos|Hurricane|p1a: Dragonite
|-damage|p1a: Dragonite|0 fnt
|faint|p1a: Dragonite
|
|upkeep
|
|t:|1760886412
|switch|p1a: Cinderace|Cinderace, F|76/100
|-damage|p1a: Cinderace|51/100|[from] Stealth Rock
|turn|37
|
|t:|1760886420
|move|p1a: Cinderace|Pyro Ball|p2a: Zapdos
|-damage|p2a: Zapdos|0 fnt
|faint|p2a: Zapdos
|
|upkeep
|
|t:|1760886425
|switch|p2a: Garchomp|Garchomp, F|54/100
|turn|38
|
|t:|1760886429
|move|p1a: Cinderace|Pyro Ball|p2a: Garchomp
|-resisted|p2a: Garchomp
|-damage|p2a: Garchomp|26/100
|move|p2a: Garchomp|Earthquake|p1a: Cinderace
|-supereffective|p1a: Cinderace
|-damage|p1a: Cinderace|0 fnt
|faint|p1a: Cinderace
|
|upkeep
|
|t:|1760886438
|switch|p1a: Zamazenta|Zamazenta|100/100
|-damage|p1a: Zamazenta|94/100|[from] Stealth Rock
|turn|39
|
|t:|1760886444
|move|p1a: Zamazenta|Substitute|p1a: Zamazenta
|-start|p1a: Zamazenta|Substitute
|-damage|p1a: Zamazenta|69/100
|move|p2a: Garchomp|Dragon Tail|p1a: Zamazenta
|-activate|p1a: Zamazenta|move: Substitute|[damage]
|
|-heal|p1a: Zamazenta|75/100|[from] item: Leftovers
|upkeep
|turn|40
|
|t:|1760886453
|switch|p2a: Gholdengo|Gholdengo|100/100 par
|-item|p2a: Gholdengo|Air Balloon
|move|p1a: Zamazenta|Iron Defense|p1a: Zamazenta
|-boost|p1a: Zamazenta|def|2
|
|-heal|p1a: Zamazenta|82/100|[from] item: Leftovers
|upkeep
|turn|41
|
|t:|1760886462
|move|p1a: Zamazenta|Heavy Slam|p2a: Gholdengo
|-resisted|p2a: Gholdengo
|-damage|p2a: Gholdengo|86/100 par
|-enditem|p2a: Gholdengo|Air Balloon
|move|p2a: Gholdengo|Hex|p1a: Zamazenta
|-end|p1a: Zamazenta|Substitute
|
|-heal|p1a: Zamazenta|88/100|[from] item: Leftovers
|upkeep
|turn|42
|
|t:|1760886472
|move|p1a: Zamazenta|Heavy Slam|p2a: Gholdengo
|-resisted|p2a: Gholdengo
|-damage|p2a: Gholdengo|72/100 par
|cant|p2a: Gholdengo|par
|
|-heal|p1a: Zamazenta|94/100|[from] item: Leftovers
|upkeep
|turn|43
|
|t:|1760886481
|move|p1a: Zamazenta|Heavy Slam|p2a: Gholdengo
|-resisted|p2a: Gholdengo
|-damage|p2a: Gholdengo|58/100 par
|cant|p2a: Gholdengo|par
|
|-heal|p1a: Zamazenta|99/100|[from] item: Leftovers
|upkeep
|turn|44
|
|t:|1760886489
|move|p1a: Zamazenta|Heavy Slam|p2a: Gholdengo
|-resisted|p2a: Gholdengo
|-damage|p2a: Gholdengo|44/100 par
|move|p2a: Gholdengo|Recover|p2a: Gholdengo
|-heal|p2a: Gholdengo|94/100 par
|
|-heal|p1a: Zamazenta|100/100|[from] item: Leftovers
|upkeep
|turn|45
|
|t:|1760886497
|switch|p1a: Umbreon|Umbreon, F, shiny, tera:Poison|71/100 par
|-damage|p1a: Umbreon|59/100 par|[from] Stealth Rock
|move|p2a: Gholdengo|Thunder Wave|p1a: Umbreon|[miss]
|-miss|p2a: Gholdengo|p1a: Umbreon
|
|-heal|p1a: Umbreon|65/100 par|[from] item: Leftovers
|upkeep
|turn|46
|
|t:|1760886507
|switch|p2a: Garchomp|Garchomp, F|26/100
|move|p1a: Umbreon|Foul Play|p2a: Garchomp
|-damage|p2a: Garchomp|0 fnt
|-damage|p1a: Umbreon|53/100 par|[from] ability: Rough Skin|[of] p2a: Garchomp
|-damage|p1a: Umbreon|36/100 par|[from] item: Rocky Helmet|[of] p2a: Garchomp
|faint|p2a: Garchomp
|
|-heal|p1a: Umbreon|42/100 par|[from] item: Leftovers
|upkeep
|
|t:|1760886511
|switch|p2a: Gholdengo|Gholdengo|94/100 par
|turn|47
|
|t:|1760886520
|move|p2a: Gholdengo|Hex|p1a: Umbreon
|-damage|p1a: Umbreon|14/100 par
|cant|p1a: Umbreon|par
|
|-heal|p1a: Umbreon|21/100 par|[from] item: Leftovers
|upkeep
|turn|48
|
|t:|1760886528
|move|p1a: Umbreon|Protect|p1a: Umbreon
|-singleturn|p1a: Umbreon|Protect
|move|p2a: Gholdengo|Hex|p1a: Umbreon
|-activate|p1a: Umbreon|move: Protect
|
|-heal|p1a: Umbreon|27/100 par|[from] item: Leftovers
|upkeep
|turn|49
|
|t:|1760886536
|move|p2a: Gholdengo|Hex|p1a: Umbreon
|-damage|p1a: Umbreon|0 fnt
|faint|p1a: Umbreon
|
|upkeep
|
|t:|1760886541
|switch|p1a: Zamazenta|Zamazenta|100/100
|-damage|p1a: Zamazenta|94/100|[from] Stealth Rock
|turn|50
|-message|Abracadaver forfeited.
|
|win|Daybrick
|raw|Abracadaver's rating: 1403 &rarr; <strong>1391</strong><br />(-12 for losing)
|raw|Daybrick's rating: 1541 &rarr; <strong>1553</strong><br />(+12 for winning)
|l|‽Abracadaver
|player|p1|
|l|☆Daybrick
|player|p2|
