|j|☆the flavius
|j|☆kiarnjd
|t:|1760878535
|gametype|singles
|player|p1|the flavius|aaron|1330
|player|p2|kiarnjd|red|1279
|gen|9
|tier|[Gen 9] OU
|rated|
|rule|HP Percentage Mod: HP is shown in percentages
|rule|Endless Battle Clause: Forcing endless battles is banned
|rule|Species Clause: Limit one of each Pokémon
|rule|OHKO Clause: OHKO moves are banned
|rule|Evasion Items Clause: Evasion items are banned
|rule|Evasion Moves Clause: Evasion moves are banned
|rule|Evasion Abilities Clause: Evasion abilities are banned
|rule|Sleep Moves Clause: Sleep-inducing moves are banned
|clearpoke
|poke|p1|Mismagius, M|
|poke|p1|Lilligant, F|
|poke|p1|Salazzle, F|
|poke|p1|Torkoal, F|
|poke|p1|Milotic, M|
|poke|p1|Flygon, M|
|poke|p2|Keldeo-Resolute|
|poke|p2|Pelipper, M|
|poke|p2|Barraskewda, M|
|poke|p2|Iron Treads|
|poke|p2|Raging Bolt|
|poke|p2|Dragonite, F|
|teampreview
|inactive|Battle timer is ON: inactive players will automatically lose when time's up. (requested by kiarnjd)
|
|t:|1760878556
|teamsize|p1|6
|teamsize|p2|6
|start
|switch|p1a: Wiccano|Mismagius, M|100/100
|switch|p2a: Pelipper|Pelipper, M|100/100
|-weather|RainDance|[from] ability: Drizzle|[of] p2a: Pelipper
|turn|1
|
|t:|1760878562
|switch|p1a: Light Shower|Torkoal, F|100/100
|-weather|SunnyDay|[from] ability: Drought|[of] p1a: Light Shower
|switch|p2a: Raging Bolt|Raging Bolt|100/100
|-activate|p2a: Raging Bolt|ability: Protosynthesis
|-start|p2a: Raging Bolt|protosynthesisspa
|
|-weather|SunnyDay|[upkeep]
|upkeep
|turn|2
|
|t:|1760878576
|switch|p1a: Moon cycle|Salazzle, F|100/100
|move|p2a: Raging Bolt|Volt Switch|p1a: Moon cycle
|-damage|p1a: Moon cycle|11/100
|
|t:|1760878581
|-end|p2a: Raging Bolt|Protosynthesis|[silent]
|switch|p2a: Barraskewda|Barraskewda, M|100/100|[from] Volt Switch
|
|-weather|SunnyDay|[upkeep]
|upkeep
|turn|3
|
|t:|1760878590
|switch|p1a: Rain|Milotic, M|100/100
|move|p2a: Barraskewda|Aqua Jet|p1a: Rain
|-resisted|p1a: Rain
|-damage|p1a: Rain|92/100
|
|-weather|SunnyDay|[upkeep]
|-heal|p1a: Rain|98/100|[from] item: Leftovers
|upkeep
|turn|4
|
|t:|1760878595
|switch|p2a: Pelipper|Pelipper, M|100/100
|-weather|RainDance|[from] ability: Drizzle|[of] p2a: Pelipper
|move|p1a: Rain|Scald|p2a: Pelipper
|-resisted|p2a: Pelipper
|-damage|p2a: Pelipper|70/100
|
|-weather|RainDance|[upkeep]
|-heal|p1a: Rain|100/100|[from] item: Leftovers
|upkeep
|turn|5
|
|t:|1760878604
|switch|p2a: Raging Bolt|Raging Bolt|100/100
|move|p1a: Rain|Scald|p2a: Raging Bolt
|-resisted|p2a: Raging Bolt
|-damage|p2a: Raging Bolt|88/100
|
|-weather|RainDance|[upkeep]
|upkeep
|turn|6
|
|t:|1760878612
|switch|p1a: Moon cycle|Salazzle, F|11/100
|move|p2a: Raging Bolt|Weather Ball|p1a: Moon cycle
|-supereffective|p1a: Moon cycle
|-damage|p1a: Moon cycle|0 fnt
|faint|p1a: Moon cycle
|
|-weather|RainDance|[upkeep]
|upkeep
|
|t:|1760878617
|switch|p1a: Wiccano|Mismagius, M|100/100
|turn|7
|
|t:|1760878620
|move|p1a: Wiccano|Trick|p2a: Raging Bolt
|-activate|p1a: Wiccano|move: Trick|[of] p2a: Raging Bolt
|-item|p2a: Raging Bolt|Choice Scarf|[from] move: Trick
|-item|p1a: Wiccano|Assault Vest|[from] move: Trick
|move|p2a: Raging Bolt|Weather Ball|p1a: Wiccano
|-damage|p1a: Wiccano|56/100
|
|-weather|RainDance|[upkeep]
|upkeep
|turn|8
|
|t:|1760878627
|switch|p1a: Sabrina|Lilligant, F|100/100
|move|p2a: Raging Bolt|Weather Ball|p1a: Sabrina
|-resisted|p1a: Sabrina
|-damage|p1a: Sabrina|54/100
|
|-weather|RainDance|[upkeep]
|upkeep
|turn|9
|
|t:|1760878632
|move|p2a: Raging Bolt|Weather Ball|p1a: Sabrina
|-resisted|p1a: Sabrina
|-damage|p1a: Sabrina|10/100
|move|p1a: Sabrina|Alluring Voice|p2a: Raging Bolt
|-supereffective|p2a: Raging Bolt
|-damage|p2a: Raging Bolt|42/100
|
|-weather|RainDance|[upkeep]
|upkeep
|turn|10
|
|t:|1760878644
|switch|p1a: Rain|Milotic, M|100/100
|move|p2a: Raging Bolt|Weather Ball|p1a: Rain
|-resisted|p1a: Rain
|-damage|p1a: Rain|83/100
|
|-weather|RainDance|[upkeep]
|-heal|p1a: Rain|89/100|[from] item: Leftovers
|upkeep
|turn|11
|
|t:|1760878649
|-end|p2a: Raging Bolt|Protosynthesis|[silent]
|switch|p2a: Dragonite|Dragonite, F|100/100
|move|p1a: Rain|Wrap|p2a: Dragonite
|-damage|p2a: Dragonite|99/100
|-activate|p2a: Dragonite|move: Wrap|[of] p1a: Rain
|
|-weather|none
|-heal|p1a: Rain|95/100|[from] item: Leftovers
|-damage|p2a: Dragonite|87/100|[from] move: Wrap|[partiallytrapped]
|upkeep
|turn|12
|
|t:|1760878658
|move|p2a: Dragonite|Hurricane|p1a: Rain
|-damage|p1a: Rain|72/100
|move|p1a: Rain|Scald|p2a: Dragonite
|-resisted|p2a: Dragonite
|-damage|p2a: Dragonite|70/100
|
|-heal|p1a: Rain|78/100|[from] item: Leftovers
|-damage|p2a: Dragonite|58/100|[from] move: Wrap|[partiallytrapped]
|upkeep
|turn|13
|
|t:|1760878665
|-terastallize|p2a: Dragonite|Normal
|move|p2a: Dragonite|Extreme Speed|p1a: Rain
|-damage|p1a: Rain|36/100
|move|p1a: Rain|Scald|p2a: Dragonite
|-damage|p2a: Dragonite|27/100
|-status|p2a: Dragonite|brn
|
|-heal|p1a: Rain|42/100|[from] item: Leftovers
|-damage|p2a: Dragonite|21/100 brn|[from] brn
|-damage|p2a: Dragonite|8/100 brn|[from] move: Wrap|[partiallytrapped]
|upkeep
|turn|14
|
|t:|1760878673
|move|p2a: Dragonite|Hurricane|p1a: Rain
|-damage|p1a: Rain|18/100
|-start|p1a: Rain|confusion
|-activate|p1a: Rain|confusion
|move|p1a: Rain|Recover|p1a: Rain
|-heal|p1a: Rain|69/100
|
|-heal|p1a: Rain|75/100|[from] item: Leftovers
|-damage|p2a: Dragonite|2/100 brn|[from] brn
|-damage|p2a: Dragonite|0 fnt|[from] move: Wrap|[partiallytrapped]
|faint|p2a: Dragonite
|upkeep
|
|t:|1760878679
|switch|p2a: Pelipper|Pelipper, M|70/100
|-weather|RainDance|[from] ability: Drizzle|[of] p2a: Pelipper
|turn|15
|
|t:|1760878687
|switch|p2a: Barraskewda|Barraskewda, M|100/100
|-activate|p1a: Rain|confusion
|move|p1a: Rain|Wrap|p2a: Barraskewda
|-damage|p2a: Barraskewda|96/100
|-activate|p2a: Barraskewda|move: Wrap|[of] p1a: Rain
|
|-weather|RainDance|[upkeep]
|-heal|p1a: Rain|81/100|[from] item: Leftovers
|-damage|p2a: Barraskewda|83/100|[from] move: Wrap|[partiallytrapped]
|upkeep
|turn|16
|
|t:|1760878697
|switch|p1a: Wiccano|Mismagius, M|56/100
|move|p2a: Barraskewda|Close Combat|p1a: Wiccano
|-immune|p1a: Wiccano
|
|-weather|RainDance|[upkeep]
|-end|p2a: Barraskewda|Wrap|[partiallytrapped]|[silent]
|upkeep
|turn|17
|
|t:|1760878705
|switch|p2a: Keldeo|Keldeo-Resolute|100/100
|switch|p1a: Light Shower|Torkoal, F|100/100
|-weather|SunnyDay|[from] ability: Drought|[of] p1a: Light Shower
|
|-weather|SunnyDay|[upkeep]
|upkeep
|turn|18
|
|t:|1760878710
|move|p2a: Keldeo|Surf|p1a: Light Shower
|-supereffective|p1a: Light Shower
|-damage|p1a: Light Shower|0 fnt
|faint|p1a: Light Shower
|
|-weather|SunnyDay|[upkeep]
|upkeep
|
|t:|1760878714
|switch|p1a: Sabrina|Lilligant, F|10/100
|turn|19
|
|t:|1760878717
|switch|p2a: Pelipper|Pelipper, M|70/100
|-weather|RainDance|[from] ability: Drizzle|[of] p2a: Pelipper
|move|p1a: Sabrina|Giga Drain|p2a: Pelipper
|-damage|p2a: Pelipper|16/100
|-heal|p1a: Sabrina|41/100|[from] drain|[of] p2a: Pelipper
|
|-weather|RainDance|[upkeep]
|upkeep
|turn|20
|
|t:|1760878725
|move|p1a: Sabrina|Giga Drain|p2a: Pelipper
|-damage|p2a: Pelipper|0 fnt
|-heal|p1a: Sabrina|50/100|[from] drain|[of] p2a: Pelipper
|faint|p2a: Pelipper
|
|-weather|RainDance|[upkeep]
|upkeep
|
|t:|1760878739
|switch|p2a: Raging Bolt|Raging Bolt|42/100
|turn|21
|
|t:|1760878744
|move|p2a: Raging Bolt|Draco Meteor|p1a: Sabrina
|-damage|p1a: Sabrina|0 fnt
|-unboost|p2a: Raging Bolt|spa|2
|faint|p1a: Sabrina
|
|-weather|RainDance|[upkeep]
|upkeep
|
|t:|1760878747
|switch|p1a: Emerald|Flygon, M|100/100
|turn|22
|
|t:|1760878752
|-end|p2a: Raging Bolt|Protosynthesis|[silent]
|switch|p2a: Iron Treads|Iron Treads|100/100
|-terastallize|p1a: Emerald|Fairy
|move|p1a: Emerald|Substitute|p1a: Emerald
|-start|p1a: Emerald|Substitute
|-damage|p1a: Emerald|76/100
|
|-weather|RainDance|[upkeep]
|-heal|p1a: Emerald|82/100|[from] item: Leftovers
|upkeep
|turn|23
|
|t:|1760878757
|move|p1a: Emerald|Dragon Dance|p1a: Emerald
|-boost|p1a: Emerald|atk|1
|-boost|p1a: Emerald|spe|1
|move|p2a: Iron Treads|Rapid Spin|p1a: Emerald
|-activate|p1a: Emerald|move: Substitute|[damage]
|-boost|p2a: Iron Treads|spe|1
|
|-weather|RainDance|[upkeep]
|-heal|p1a: Emerald|88/100|[from] item: Leftovers
|upkeep
|turn|24
|
|t:|1760878763
|move|p1a: Emerald|Earthquake|p2a: Iron Treads
|-supereffective|p2a: Iron Treads
|-damage|p2a: Iron Treads|9/100
|-enditem|p2a: Iron Treads|Eject Button
|
|t:|1760878773
|-end|p2a: Iron Treads|Quark Drive|[silent]
|switch|p2a: Barraskewda|Barraskewda, M|83/100
|
|-weather|RainDance|[upkeep]
|-heal|p1a: Emerald|94/100|[from] item: Leftovers
|upkeep
|turn|25
|
|t:|1760878778
|move|p2a: Barraskewda|Liquidation|p1a: Emerald
|-end|p1a: Emerald|Substitute
|move|p1a: Emerald|Tera Blast|p2a: Barraskewda|[anim] Tera Blast Fairy
|-damage|p2a: Barraskewda|0 fnt
|faint|p2a: Barraskewda
|
|-weather|RainDance|[upkeep]
|-heal|p1a: Emerald|99/100|[from] item: Leftovers
|upkeep
|
|t:|1760878782
|switch|p2a: Keldeo|Keldeo-Resolute|100/100
|turn|26
|
|t:|1760878790
|switch|p1a: Rain|Milotic, M|81/100
|move|p2a: Keldeo|Hydro Pump|p1a: Rain|[miss]
|-miss|p2a: Keldeo|p1a: Rain
|
|-weather|none
|-heal|p1a: Rain|87/100|[from] item: Leftovers
|upkeep
|turn|27
|
|t:|1760878795
|switch|p2a: Raging Bolt|Raging Bolt|42/100
|move|p1a: Rain|Wrap|p2a: Raging Bolt
|-damage|p2a: Raging Bolt|40/100
|-activate|p2a: Raging Bolt|move: Wrap|[of] p1a: Rain
|
|-heal|p1a: Rain|93/100|[from] item: Leftovers
|-damage|p2a: Raging Bolt|27/100|[from] move: Wrap|[partiallytrapped]
|upkeep
|turn|28
|
|t:|1760878801
|move|p2a: Raging Bolt|Draco Meteor|p1a: Rain|[miss]
|-miss|p2a: Raging Bolt|p1a: Rain
|move|p1a: Rain|Scald|p2a: Raging Bolt
|-resisted|p2a: Raging Bolt
|-damage|p2a: Raging Bolt|16/100
|
|-heal|p1a: Rain|99/100|[from] item: Leftovers
|-damage|p2a: Raging Bolt|4/100|[from] move: Wrap|[partiallytrapped]
|upkeep
|turn|29
|
|t:|1760878805
|switch|p1a: Emerald|Flygon, M, tera:Fairy|99/100
|move|p2a: Raging Bolt|Draco Meteor|p1a: Emerald
|-immune|p1a: Emerald
|
|-heal|p1a: Emerald|100/100|[from] item: Leftovers
|-end|p2a: Raging Bolt|Wrap|[partiallytrapped]|[silent]
|upkeep
|turn|30
|
|t:|1760878810
|-end|p2a: Raging Bolt|Protosynthesis|[silent]
|switch|p2a: Keldeo|Keldeo-Resolute|100/100
|move|p1a: Emerald|Dragon Dance|p1a: Emerald
|-boost|p1a: Emerald|atk|1
|-boost|p1a: Emerald|spe|1
|
|upkeep
|turn|31
|
|t:|1760878814
|move|p1a: Emerald|Tera Blast|p2a: Keldeo|[anim] Tera Blast Fairy
|-supereffective|p2a: Keldeo
|-damage|p2a: Keldeo|0 fnt
|faint|p2a: Keldeo
|
|upkeep
|-message|kiarnjd forfeited.
|
|win|the flavius
|raw|the flavius's rating: 1330 &rarr; <strong>1347</strong><br />(+17 for winning)
|raw|kiarnjd's rating: 1279 &rarr; <strong>1258</strong><br />(-21 for losing)
|l|☆the flavius
|player|p1|
