|j|☆werearewe
|j|☆taw
|t:|1760746738
|gametype|singles
|player|p1|werearewe|170|1546
|player|p2|taw|170|1517
|gen|9
|tier|[Gen 9] OU
|rated|
|rule|HP Percentage Mod: HP is shown in percentages
|rule|Endless Battle Clause: Forcing endless battles is banned
|rule|Species Clause: Limit one of each Pokémon
|rule|OHKO Clause: OHKO moves are banned
|rule|Evasion Items Clause: Evasion items are banned
|rule|Evasion Moves Clause: Evasion moves are banned
|rule|Evasion Abilities Clause: Evasion abilities are banned
|rule|Sleep Moves Clause: Sleep-inducing moves are banned
|clearpoke
|poke|p1|Ribombee, M|
|poke|p1|Cinderace, M|
|poke|p1|Ogerpon, F|
|poke|p1|Milotic, M|
|poke|p1|Kingambit, F|
|poke|p1|Empoleon, M|
|poke|p2|Hoopa-Unbound|
|poke|p2|Corviknight, M|
|poke|p2|Dragapult, F|
|poke|p2|Slowking-Galar, M|
|poke|p2|Landorus-Therian, M|
|poke|p2|Zamazenta-*|
|teampreview
|
|t:|1760746773
|teamsize|p1|6
|teamsize|p2|6
|start
|switch|p1a: Ribombee|Ribombee, M|100/100
|switch|p2a: Corviknight|Corviknight, M|100/100
|-ability|p2a: Corviknight|Pressure
|turn|1
|
|t:|1760746786
|move|p1a: Ribombee|Sticky Web|p2a: Corviknight
|-sidestart|p2: taw|move: Sticky Web
|move|p2a: Corviknight|Brave Bird|p1a: Ribombee
|-supereffective|p1a: Ribombee
|-enditem|p1a: Ribombee|Focus Sash
|-damage|p1a: Ribombee|1/100
|-damage|p2a: Corviknight|79/100|[from] Recoil
|
|upkeep
|turn|2
|
|t:|1760746793
|switch|p1a: Milotic|Milotic, M|100/100
|move|p2a: Corviknight|U-turn|p1a: Milotic
|-damage|p1a: Milotic|85/100
|
|t:|1760746802
|switch|p2a: Hoopa|Hoopa-Unbound|100/100|[from] U-turn
|-activate|p2a: Hoopa|move: Sticky Web
|-unboost|p2a: Hoopa|spe|1
|
|upkeep
|turn|3
|
|t:|1760746807
|switch|p1a: Ribombee|Ribombee, M|1/100
|move|p2a: Hoopa|Thunderbolt|p1a: Ribombee
|-damage|p1a: Ribombee|0 fnt
|faint|p1a: Ribombee
|
|upkeep
|inactive|Battle timer is ON: inactive players will automatically lose when time's up. (requested by werearewe)
|
|t:|1760746812
|switch|p1a: Cinderace|Cinderace, M|100/100
|turn|4
|
|t:|1760746816
|switch|p2a: Landorus|Landorus-Therian, M|100/100
|-ability|p2a: Landorus|Intimidate|boost
|-unboost|p1a: Cinderace|atk|1
|move|p1a: Cinderace|Court Change|p1a: Cinderace
|-swapsideconditions
|-activate|p1a: Cinderace|move: Court Change
|
|upkeep
|turn|5
|
|t:|1760746825
|move|p1a: Cinderace|Will-O-Wisp|p2a: Landorus
|-status|p2a: Landorus|brn
|move|p2a: Landorus|Earthquake|p1a: Cinderace
|-supereffective|p1a: Cinderace
|-damage|p1a: Cinderace|25/100
|
|-damage|p2a: Landorus|94/100 brn|[from] brn
|upkeep
|turn|6
|
|t:|1760746843
|move|p1a: Cinderace|Pyro Ball|p2a: Landorus
|-damage|p2a: Landorus|38/100 brn
|move|p2a: Landorus|Earthquake|p1a: Cinderace
|-supereffective|p1a: Cinderace
|-damage|p1a: Cinderace|0 fnt
|faint|p1a: Cinderace
|
|-damage|p2a: Landorus|32/100 brn|[from] brn
|upkeep
|inactive|werearewe has 120 seconds left.
|
|t:|1760746864
|switch|p1a: Milotic|Milotic, M|85/100
|-activate|p1a: Milotic|move: Sticky Web
|-unboost|p1a: Milotic|spe|1
|-ability|p1a: Milotic|Competitive|boost
|-boost|p1a: Milotic|spa|2
|turn|7
|
|t:|1760746871
|move|p2a: Landorus|Earthquake|p1a: Milotic
|-damage|p1a: Milotic|49/100
|move|p1a: Milotic|Draining Kiss|p2a: Landorus
|-damage|p2a: Landorus|0 fnt
|-heal|p1a: Milotic|69/100|[from] drain|[of] p2a: Landorus
|faint|p2a: Landorus
|
|upkeep
|
|t:|1760746884
|switch|p2a: Slowking|Slowking-Galar, M|100/100
|turn|8
|
|t:|1760746894
|move|p1a: Milotic|Scald|p2a: Slowking
|-damage|p2a: Slowking|55/100
|move|p2a: Slowking|Psychic Noise|p1a: Milotic
|-damage|p1a: Milotic|54/100
|-start|p1a: Milotic|move: Heal Block
|
|upkeep
|turn|9
|
|t:|1760746904
|move|p1a: Milotic|Scald|p2a: Slowking
|-damage|p2a: Slowking|12/100
|-prepare|p2a: Slowking|Chilly Reception|[premajor]
|move|p2a: Slowking|Chilly Reception|p2a: Slowking
|-weather|Snowscape
|
|t:|1760746914
|switch|p2a: Hoopa|Hoopa-Unbound|100/100|[from] Chilly Reception
|
|-weather|Snowscape|[upkeep]
|-end|p1a: Milotic|move: Heal Block
|upkeep
|turn|10
|inactive|werearewe has 120 seconds left.
|
|t:|1760746968
|move|p2a: Hoopa|Thunderbolt|p1a: Milotic
|-supereffective|p1a: Milotic
|-damage|p1a: Milotic|16/100
|move|p1a: Milotic|Scald|p2a: Hoopa
|-damage|p2a: Hoopa|60/100
|
|-weather|Snowscape|[upkeep]
|upkeep
|turn|11
|
|t:|1760746981
|move|p2a: Hoopa|Knock Off|p1a: Milotic
|-damage|p1a: Milotic|0 fnt
|-enditem|p1a: Milotic|Assault Vest|[from] move: Knock Off|[of] p2a: Hoopa
|faint|p1a: Milotic
|
|-weather|Snowscape|[upkeep]
|upkeep
|inactive|werearewe has 90 seconds left.
|inactive|werearewe has 60 seconds left.
|
|t:|1760747036
|switch|p1a: Ogerpon|Ogerpon, F|100/100
|-activate|p1a: Ogerpon|move: Sticky Web
|-unboost|p1a: Ogerpon|spe|1
|-ability|p1a: Ogerpon|Defiant|boost
|-boost|p1a: Ogerpon|atk|2
|-enditem|p1a: Ogerpon|White Herb
|-clearnegativeboost|p1a: Ogerpon|[silent]
|turn|12
|
|t:|1760747047
|switch|p2a: Corviknight|Corviknight, M|79/100
|-ability|p2a: Corviknight|Pressure
|move|p1a: Ogerpon|Knock Off|p2a: Corviknight
|-damage|p2a: Corviknight|40/100
|-damage|p1a: Ogerpon|84/100|[from] item: Rocky Helmet|[of] p2a: Corviknight
|-enditem|p2a: Corviknight|Rocky Helmet|[from] move: Knock Off|[of] p1a: Ogerpon
|
|-weather|Snowscape|[upkeep]
|upkeep
|turn|13
|inactive|werearewe has 60 seconds left.
|
|t:|1760747060
|move|p1a: Ogerpon|Superpower|p2a: Corviknight
|-damage|p2a: Corviknight|0 fnt
|-unboost|p1a: Ogerpon|atk|1
|-unboost|p1a: Ogerpon|def|1
|faint|p2a: Corviknight
|
|-weather|none
|upkeep
|
|t:|1760747066
|switch|p2a: Dragapult|Dragapult, F|100/100
|turn|14
|
|t:|1760747075
|-terastallize|p1a: Ogerpon|Grass
|detailschange|p1a: Ogerpon|Ogerpon-Teal-Tera, F, tera:Grass
|-ability|p1a: Ogerpon|Embody Aspect (Teal)|boost
|-boost|p1a: Ogerpon|spe|1
|move|p1a: Ogerpon|Knock Off|p2a: Dragapult
|-supereffective|p2a: Dragapult
|-crit|p2a: Dragapult
|-damage|p2a: Dragapult|0 fnt
|-enditem|p2a: Dragapult|Heavy-Duty Boots|[from] move: Knock Off|[of] p1a: Ogerpon
|faint|p2a: Dragapult
|
|upkeep
|
|t:|1760747089
|switch|p2a: Zamazenta|Zamazenta|100/100
|-ability|p2a: Zamazenta|Dauntless Shield|boost
|-boost|p2a: Zamazenta|def|1
|turn|15
|inactive|werearewe has 60 seconds left.
|
|t:|1760747120
|move|p1a: Ogerpon|Ivy Cudgel|p2a: Zamazenta
|-damage|p2a: Zamazenta|39/100
|move|p2a: Zamazenta|Close Combat|p1a: Ogerpon
|-damage|p1a: Ogerpon|0 fnt
|-unboost|p2a: Zamazenta|def|1
|-unboost|p2a: Zamazenta|spd|1
|faint|p1a: Ogerpon
|detailschange|p1: Ogerpon|Ogerpon, F|[silent]
|
|upkeep
|
|t:|1760747138
|switch|p1a: Empoleon|Empoleon, M|100/100
|-activate|p1a: Empoleon|move: Sticky Web
|-unboost|p1a: Empoleon|spe|1
|-ability|p1a: Empoleon|Competitive|boost
|-boost|p1a: Empoleon|spa|2
|turn|16
|
|t:|1760747143
|move|p1a: Empoleon|Vacuum Wave|p2a: Zamazenta
|-damage|p2a: Zamazenta|3/100
|move|p2a: Zamazenta|Close Combat|p1a: Empoleon
|-supereffective|p1a: Empoleon
|-damage|p1a: Empoleon|0 fnt
|-unboost|p2a: Zamazenta|def|1
|-unboost|p2a: Zamazenta|spd|1
|faint|p1a: Empoleon
|
|upkeep
|
|t:|1760747146
|switch|p1a: Kingambit|Kingambit, F|100/100
|-activate|p1a: Kingambit|move: Sticky Web
|-unboost|p1a: Kingambit|spe|1
|-ability|p1a: Kingambit|Defiant|boost
|-boost|p1a: Kingambit|atk|2
|turn|17
|
|t:|1760747156
|move|p2a: Zamazenta|Close Combat|p1a: Kingambit
|-supereffective|p1a: Kingambit
|-damage|p1a: Kingambit|0 fnt
|-unboost|p2a: Zamazenta|def|1
|-unboost|p2a: Zamazenta|spd|1
|faint|p1a: Kingambit
|
|win|taw
|raw|werearewe's rating: 1532 &rarr; <strong>1511</strong><br />(-21 for losing)
|raw|taw's rating: 1517 &rarr; <strong>1538</strong><br />(+21 for winning)
|l|☆werearewe
|player|p1|
