|j|☆lol_nymbus
|j|☆Toed Rose
|t:|1760820803
|gametype|singles
|player|p1|lol_nymbus|1|1234
|player|p2|Toed Rose|169|1231
|gen|9
|tier|[Gen 9] OU
|rated|
|rule|HP Percentage Mod: HP is shown in percentages
|rule|Endless Battle Clause: Forcing endless battles is banned
|rule|Species Clause: Limit one of each Pokémon
|rule|OHKO Clause: OHKO moves are banned
|rule|Evasion Items Clause: Evasion items are banned
|rule|Evasion Moves Clause: Evasion moves are banned
|rule|Evasion Abilities Clause: Evasion abilities are banned
|rule|Sleep Moves Clause: Sleep-inducing moves are banned
|clearpoke
|poke|p1|Garganacl, M|
|poke|p1|Weezing-Galar, F|
|poke|p1|Corviknight, M|
|poke|p1|Dragapult, M|
|poke|p1|Slowking-Galar, F|
|poke|p1|Samurott-Hisui, F|
|poke|p2|Araquanid, M|
|poke|p2|Gholdengo|
|poke|p2|Great Tusk|
|poke|p2|Raging Bolt|
|poke|p2|Iron Moth|
|poke|p2|Articuno-Galar|
|teampreview
|inactive|Battle timer is ON: inactive players will automatically lose when time's up. (requested by Toed Rose)
|
|t:|1760820818
|teamsize|p1|6
|teamsize|p2|6
|start
|switch|p1a: Samurott|Samurott-Hisui, F|100/100
|switch|p2a: Iron Moth|Iron Moth, shiny|100/100
|-enditem|p2a: Iron Moth|Booster Energy
|-activate|p2a: Iron Moth|ability: Quark Drive|[fromitem]
|-start|p2a: Iron Moth|quarkdrivespa
|turn|1
|
|t:|1760820823
|move|p1a: Samurott|Flip Turn|p2a: Iron Moth
|-supereffective|p2a: Iron Moth
|-damage|p2a: Iron Moth|4/100
|
|t:|1760820827
|switch|p1a: Slowking|Slowking-Galar, F|100/100|[from] Flip Turn
|move|p2a: Iron Moth|Energy Ball|p1a: Slowking
|-resisted|p1a: Slowking
|-damage|p1a: Slowking|90/100
|
|upkeep
|turn|2
|
|t:|1760820832
|move|p2a: Iron Moth|Fiery Dance|p1a: Slowking
|-damage|p1a: Slowking|64/100
|move|p1a: Slowking|Psychic Noise|p2a: Iron Moth
|-supereffective|p2a: Iron Moth
|-damage|p2a: Iron Moth|0 fnt
|faint|p2a: Iron Moth
|-end|p2a: Iron Moth|Quark Drive|[silent]
|
|upkeep
|
|t:|1760820847
|switch|p2a: Gholdengo|Gholdengo|100/100
|turn|3
|
|t:|1760820857
|switch|p1a: Corviknight|Corviknight, M|100/100
|-ability|p1a: Corviknight|Pressure
|move|p2a: Gholdengo|Focus Blast|p1a: Corviknight
|-damage|p1a: Corviknight|56/100
|-unboost|p1a: Corviknight|spd|1
|
|upkeep
|turn|4
|
|t:|1760820868
|switch|p1a: Slowking|Slowking-Galar, F|97/100
|move|p2a: Gholdengo|Focus Blast|p1a: Slowking
|-resisted|p1a: Slowking
|-damage|p1a: Slowking|92/100
|
|upkeep
|turn|5
|
|t:|1760820895
|switch|p2a: Raging Bolt|Raging Bolt|100/100
|move|p1a: Slowking|Flamethrower|p2a: Raging Bolt
|-resisted|p2a: Raging Bolt
|-damage|p2a: Raging Bolt|90/100
|
|-heal|p2a: Raging Bolt|96/100|[from] item: Leftovers
|upkeep
|turn|6
|
|t:|1760820912
|switch|p1a: Garganacl|Garganacl, M|100/100
|move|p2a: Raging Bolt|Taunt|p1a: Garganacl
|-start|p1a: Garganacl|move: Taunt
|
|-heal|p2a: Raging Bolt|100/100|[from] item: Leftovers
|upkeep
|turn|7
|
|t:|1760820922
|move|p2a: Raging Bolt|Draco Meteor|p1a: Garganacl
|-damage|p1a: Garganacl|51/100
|-unboost|p2a: Raging Bolt|spa|2
|move|p1a: Garganacl|Salt Cure|p2a: Raging Bolt
|-damage|p2a: Raging Bolt|89/100
|-start|p2a: Raging Bolt|Salt Cure
|
|-heal|p2a: Raging Bolt|95/100|[from] item: Leftovers
|-heal|p1a: Garganacl|58/100|[from] item: Leftovers
|-damage|p2a: Raging Bolt|82/100|[from] Salt Cure
|upkeep
|turn|8
|
|t:|1760820930
|switch|p1a: Weezing|Weezing-Galar, F|100/100
|-ability|p1a: Weezing|Neutralizing Gas
|move|p2a: Raging Bolt|Volt Switch|p1a: Weezing
|-damage|p1a: Weezing|71/100
|
|t:|1760820956
|-end|p2a: Raging Bolt|Protosynthesis|[silent]
|switch|p2a: Araquanid|Araquanid, M, shiny|100/100|[from] Volt Switch
|
|upkeep
|turn|9
|
|t:|1760820964
|-end|p1a: Weezing|ability: Neutralizing Gas
|switch|p1a: Corviknight|Corviknight, M|56/100
|-ability|p1a: Corviknight|Pressure
|move|p2a: Araquanid|Sticky Web|p1a: Corviknight
|-sidestart|p1: lol_nymbus|move: Sticky Web
|
|upkeep
|turn|10
|
|t:|1760820973
|switch|p2a: Gholdengo|Gholdengo|100/100
|move|p1a: Corviknight|Roost|p1a: Corviknight
|-heal|p1a: Corviknight|100/100
|-singleturn|p1a: Corviknight|move: Roost
|
|upkeep
|turn|11
|
|t:|1760820994
|move|p2a: Gholdengo|Shadow Ball|p1a: Corviknight
|-damage|p1a: Corviknight|58/100
|move|p1a: Corviknight|Brave Bird|p2a: Gholdengo
|-resisted|p2a: Gholdengo
|-damage|p2a: Gholdengo|82/100
|-damage|p1a: Corviknight|53/100|[from] Recoil
|
|upkeep
|turn|12
|
|t:|1760821002
|move|p2a: Gholdengo|Shadow Ball|p1a: Corviknight
|-damage|p1a: Corviknight|7/100
|move|p1a: Corviknight|Roost|p1a: Corviknight
|-heal|p1a: Corviknight|57/100
|-singleturn|p1a: Corviknight|move: Roost
|
|upkeep
|turn|13
|
|t:|1760821014
|switch|p1a: Samurott|Samurott-Hisui, F|100/100
|-activate|p1a: Samurott|move: Sticky Web
|-unboost|p1a: Samurott|spe|1
|move|p2a: Gholdengo|Shadow Ball|p1a: Samurott
|-resisted|p1a: Samurott
|-damage|p1a: Samurott|65/100
|
|upkeep
|turn|14
|
|t:|1760821031
|switch|p2a: Raging Bolt|Raging Bolt|82/100
|move|p1a: Samurott|Knock Off|p2a: Raging Bolt
|-damage|p2a: Raging Bolt|47/100
|-enditem|p2a: Raging Bolt|Leftovers|[from] move: Knock Off|[of] p1a: Samurott
|
|upkeep
|turn|15
|
|t:|1760821040
|switch|p1a: Weezing|Weezing-Galar, F|71/100
|-ability|p1a: Weezing|Neutralizing Gas
|move|p2a: Raging Bolt|Volt Switch|p1a: Weezing
|-damage|p1a: Weezing|16/100
|
|t:|1760821047
|-end|p2a: Raging Bolt|Protosynthesis|[silent]
|switch|p2a: Articuno|Articuno-Galar|100/100|[from] Volt Switch
|
|upkeep
|turn|16
|
|t:|1760821052
|move|p2a: Articuno|Calm Mind|p2a: Articuno
|-boost|p2a: Articuno|spa|1
|-boost|p2a: Articuno|spd|1
|move|p1a: Weezing|Pain Split|p2a: Articuno
|-sethp|p2a: Articuno|58/100|[from] move: Pain Split|[silent]
|-sethp|p1a: Weezing|61/100|[from] move: Pain Split
|
|upkeep
|turn|17
|
|t:|1760821064
|move|p2a: Articuno|Calm Mind|p2a: Articuno
|-boost|p2a: Articuno|spa|1
|-boost|p2a: Articuno|spd|1
|move|p1a: Weezing|Defog|p2a: Articuno
|-unboost|p2a: Articuno|evasion|1
|-sideend|p1: lol_nymbus|Sticky Web|[from] move: Defog|[of] p1a: Weezing
|
|upkeep
|turn|18
|
|t:|1760821079
|-end|p1a: Weezing|ability: Neutralizing Gas
|switch|p1a: Slowking|Slowking-Galar, F|100/100
|move|p2a: Articuno|Hurricane|p1a: Slowking
|-damage|p1a: Slowking|52/100
|
|upkeep
|turn|19
|
|t:|1760821093
|move|p2a: Articuno|Shadow Ball|p1a: Slowking
|-supereffective|p1a: Slowking
|-damage|p1a: Slowking|1/100
|move|p1a: Slowking|Psychic Noise|p2a: Articuno
|-resisted|p2a: Articuno
|-damage|p2a: Articuno|50/100
|-start|p2a: Articuno|move: Heal Block
|
|upkeep
|turn|20
|
|t:|1760821105
|move|p2a: Articuno|Freezing Glare|p1a: Slowking
|-damage|p1a: Slowking|0 fnt
|faint|p1a: Slowking
|
|-end|p2a: Articuno|move: Heal Block
|upkeep
|
|t:|1760821108
|switch|p1a: Samurott|Samurott-Hisui, F|65/100
|turn|21
|
|t:|1760821128
|-terastallize|p2a: Articuno|Ground
|move|p1a: Samurott|Ceaseless Edge|p2a: Articuno
|-damage|p2a: Articuno|0 fnt
|-sidestart|p2: Toed Rose|Spikes
|faint|p2a: Articuno
|
|upkeep
|
|t:|1760821139
|switch|p2a: Raging Bolt|Raging Bolt|47/100
|-damage|p2a: Raging Bolt|34/100|[from] Spikes
|turn|22
|
|t:|1760821151
|switch|p1a: Weezing|Weezing-Galar, F|61/100
|-ability|p1a: Weezing|Neutralizing Gas
|move|p2a: Raging Bolt|Thunderclap||[still]
|-fail|p2a: Raging Bolt
|
|upkeep
|turn|23
|
|t:|1760821159
|move|p2a: Raging Bolt|Thunderclap|p1a: Weezing
|-damage|p1a: Weezing|8/100
|move|p1a: Weezing|Strange Steam|p2a: Raging Bolt
|-supereffective|p2a: Raging Bolt
|-damage|p2a: Raging Bolt|0 fnt
|faint|p2a: Raging Bolt
|-end|p2a: Raging Bolt|Protosynthesis|[silent]
|
|upkeep
|
|t:|1760821171
|switch|p2a: Great Tusk|Great Tusk|100/100
|-damage|p2a: Great Tusk|88/100|[from] Spikes
|turn|24
|
|t:|1760821174
|move|p2a: Great Tusk|Rapid Spin|p1a: Weezing
|-damage|p1a: Weezing|0 fnt
|-boost|p2a: Great Tusk|spe|1
|-sideend|p2: Toed Rose|Spikes|[from] move: Rapid Spin|[of] p2a: Great Tusk
|faint|p1a: Weezing
|-end|p1a: Weezing|ability: Neutralizing Gas
|
|upkeep
|
|t:|1760821178
|switch|p1a: Corviknight|Corviknight, M|57/100
|-ability|p1a: Corviknight|Pressure
|turn|25
|
|t:|1760821186
|move|p2a: Great Tusk|Knock Off|p1a: Corviknight
|-damage|p1a: Corviknight|37/100
|-damage|p2a: Great Tusk|71/100|[from] item: Rocky Helmet|[of] p1a: Corviknight
|-enditem|p1a: Corviknight|Rocky Helmet|[from] move: Knock Off|[of] p2a: Great Tusk
|move|p1a: Corviknight|Iron Defense|p1a: Corviknight
|-boost|p1a: Corviknight|def|2
|
|upkeep
|turn|26
|
|t:|1760821200
|-end|p2a: Great Tusk|Protosynthesis|[silent]
|switch|p2a: Araquanid|Araquanid, M, shiny|100/100
|move|p1a: Corviknight|Roost|p1a: Corviknight
|-heal|p1a: Corviknight|87/100
|-singleturn|p1a: Corviknight|move: Roost
|
|upkeep
|turn|27
|
|t:|1760821205
|move|p1a: Corviknight|Brave Bird|p2a: Araquanid
|-supereffective|p2a: Araquanid
|-damage|p2a: Araquanid|29/100
|-damage|p1a: Corviknight|67/100|[from] Recoil
|move|p2a: Araquanid|Sticky Web|p1a: Corviknight
|-sidestart|p1: lol_nymbus|move: Sticky Web
|
|-heal|p2a: Araquanid|35/100|[from] item: Leftovers
|upkeep
|turn|28
|
|t:|1760821221
|move|p1a: Corviknight|Brave Bird|p2a: Araquanid
|-supereffective|p2a: Araquanid
|-damage|p2a: Araquanid|0 fnt
|faint|p2a: Araquanid
|-damage|p1a: Corviknight|57/100|[from] Recoil
|
|upkeep
|
|t:|1760821224
|switch|p2a: Gholdengo|Gholdengo|82/100
|turn|29
|
|t:|1760821254
|switch|p1a: Garganacl|Garganacl, M|58/100
|-activate|p1a: Garganacl|move: Sticky Web
|-unboost|p1a: Garganacl|spe|1
|move|p2a: Gholdengo|Thunderbolt|p1a: Garganacl
|-crit|p1a: Garganacl
|-damage|p1a: Garganacl|22/100
|
|-heal|p1a: Garganacl|28/100|[from] item: Leftovers
|upkeep
|turn|30
|
|t:|1760821261
|move|p2a: Gholdengo|Thunderbolt|p1a: Garganacl
|-damage|p1a: Garganacl|3/100
|move|p1a: Garganacl|Recover|p1a: Garganacl
|-heal|p1a: Garganacl|53/100
|
|-heal|p1a: Garganacl|59/100|[from] item: Leftovers
|upkeep
|turn|31
|
|t:|1760821266
|move|p2a: Gholdengo|Thunderbolt|p1a: Garganacl
|-damage|p1a: Garganacl|34/100
|move|p1a: Garganacl|Recover|p1a: Garganacl
|-heal|p1a: Garganacl|84/100
|
|-heal|p1a: Garganacl|90/100|[from] item: Leftovers
|upkeep
|turn|32
|
|t:|1760821270
|move|p2a: Gholdengo|Thunderbolt|p1a: Garganacl
|-damage|p1a: Garganacl|66/100
|move|p1a: Garganacl|Salt Cure|p2a: Gholdengo
|-resisted|p2a: Gholdengo
|-damage|p2a: Gholdengo|73/100
|-start|p2a: Gholdengo|Salt Cure
|
|-heal|p1a: Garganacl|72/100|[from] item: Leftovers
|-damage|p2a: Gholdengo|48/100|[from] Salt Cure
|upkeep
|turn|33
|
|t:|1760821277
|switch|p2a: Great Tusk|Great Tusk|71/100
|move|p1a: Garganacl|Recover|p1a: Garganacl
|-heal|p1a: Garganacl|100/100
|
|upkeep
|turn|34
|
|t:|1760821287
|move|p2a: Great Tusk|Close Combat|p1a: Garganacl
|-supereffective|p1a: Garganacl
|-damage|p1a: Garganacl|8/100
|-unboost|p2a: Great Tusk|def|1
|-unboost|p2a: Great Tusk|spd|1
|move|p1a: Garganacl|Salt Cure|p2a: Great Tusk
|-resisted|p2a: Great Tusk
|-damage|p2a: Great Tusk|68/100
|-start|p2a: Great Tusk|Salt Cure
|
|-heal|p1a: Garganacl|14/100|[from] item: Leftovers
|-damage|p2a: Great Tusk|56/100|[from] Salt Cure
|upkeep
|turn|35
|
|t:|1760821297
|move|p1a: Garganacl|Protect|p1a: Garganacl
|-singleturn|p1a: Garganacl|Protect
|move|p2a: Great Tusk|Knock Off|p1a: Garganacl
|-activate|p1a: Garganacl|move: Protect
|
|-heal|p1a: Garganacl|20/100|[from] item: Leftovers
|-damage|p2a: Great Tusk|43/100|[from] Salt Cure
|upkeep
|turn|36
|
|t:|1760821309
|move|p2a: Great Tusk|Close Combat|p1a: Garganacl
|-supereffective|p1a: Garganacl
|-damage|p1a: Garganacl|0 fnt
|-unboost|p2a: Great Tusk|def|1
|-unboost|p2a: Great Tusk|spd|1
|faint|p1a: Garganacl
|
|-damage|p2a: Great Tusk|31/100|[from] Salt Cure
|upkeep
|
|t:|1760821312
|switch|p1a: Samurott|Samurott-Hisui, F|65/100
|-activate|p1a: Samurott|move: Sticky Web
|-unboost|p1a: Samurott|spe|1
|turn|37
|
|t:|1760821320
|move|p1a: Samurott|Flip Turn|p2a: Great Tusk
|-supereffective|p2a: Great Tusk
|-damage|p2a: Great Tusk|0 fnt
|faint|p2a: Great Tusk
|-end|p2a: Great Tusk|Protosynthesis|[silent]
|
|t:|1760821325
|switch|p1a: Dragapult|Dragapult, M|100/100|[from] Flip Turn
|
|upkeep
|
|t:|1760821329
|switch|p2a: Gholdengo|Gholdengo|48/100
|turn|38
|
|t:|1760821340
|move|p1a: Dragapult|Hex|p2a: Gholdengo
|-supereffective|p2a: Gholdengo
|-damage|p2a: Gholdengo|0 fnt
|faint|p2a: Gholdengo
|
|win|lol_nymbus
|raw|lol_nymbus's rating: 1234 &rarr; <strong>1259</strong><br />(+25 for winning)
|raw|Toed Rose's rating: 1231 &rarr; <strong>1206</strong><br />(-25 for losing)
|l|☆Toed Rose
|player|p2|
