|j|☆ShadowAuraaa
|j|☆AlmightyHD
|t:|1760822574
|gametype|singles
|player|p1|ShadowAuraaa|dawn|1565
|player|p2|AlmightyHD|acetrainerf-gen4dp|1525
|gen|9
|tier|[Gen 9] OU
|rated|
|rule|HP Percentage Mod: HP is shown in percentages
|rule|Endless Battle Clause: Forcing endless battles is banned
|rule|Species Clause: Limit one of each Pokémon
|rule|OHKO Clause: OHKO moves are banned
|rule|Evasion Items Clause: Evasion items are banned
|rule|Evasion Moves Clause: Evasion moves are banned
|rule|Evasion Abilities Clause: Evasion abilities are banned
|rule|Sleep Moves Clause: Sleep-inducing moves are banned
|clearpoke
|poke|p1|Cinderace, M|
|poke|p1|Darkrai|
|poke|p1|Landorus-Therian, M|
|poke|p1|Zamazenta-*|
|poke|p1|Pecharunt|
|poke|p1|Primarina, F|
|poke|p2|Dragonite, M|
|poke|p2|Tyranitar, M|
|poke|p2|Excadrill, F|
|poke|p2|Ogerpon-Wellspring, F|
|poke|p2|Moltres|
|poke|p2|Uxie|
|teampreview
|inactive|Battle timer is ON: inactive players will automatically lose when time's up. (requested by ShadowAuraaa)
|inactive|ShadowAuraaa has 120 seconds left.
|
|t:|1760822605
|teamsize|p1|6
|teamsize|p2|6
|start
|switch|p1a: Darkrai|Darkrai|100/100
|switch|p2a: Dragonite|Dragonite, M|100/100
|turn|1
|
|t:|1760822615
|-terastallize|p2a: Dragonite|Normal
|move|p2a: Dragonite|Extreme Speed|p1a: Darkrai
|-damage|p1a: Darkrai|3/100
|move|p1a: Darkrai|Ice Beam|p2a: Dragonite
|-damage|p2a: Dragonite|84/100
|
|upkeep
|turn|2
|
|t:|1760822624
|switch|p1a: Landorus|Landorus-Therian, M|100/100
|-ability|p1a: Landorus|Intimidate|boost
|-unboost|p2a: Dragonite|atk|1
|switch|p2a: Tyranitar|Tyranitar, M, shiny|100/100
|-weather|Sandstorm|[from] ability: Sand Stream|[of] p2a: Tyranitar
|
|-weather|Sandstorm|[upkeep]
|upkeep
|turn|3
|
|t:|1760822630
|move|p1a: Landorus|Earthquake|p2a: Tyranitar
|-supereffective|p2a: Tyranitar
|-damage|p2a: Tyranitar|0 fnt
|faint|p2a: Tyranitar
|
|-weather|Sandstorm|[upkeep]
|upkeep
|
|t:|1760822635
|switch|p2a: Uxie|Uxie, shiny|100/100
|turn|4
|
|t:|1760822641
|switch|p1a: Cinderace|Cinderace, M|100/100
|move|p2a: Uxie|Psychic Noise|p1a: Cinderace
|-damage|p1a: Cinderace|70/100
|-start|p1a: Cinderace|move: Heal Block
|
|-weather|Sandstorm|[upkeep]
|-damage|p1a: Cinderace|64/100|[from] Sandstorm
|-damage|p2a: Uxie|94/100|[from] Sandstorm
|upkeep
|turn|5
|
|t:|1760822649
|move|p1a: Cinderace|U-turn|p2a: Uxie
|-start|p1a: Cinderace|typechange|Bug|[from] ability: Libero
|-supereffective|p2a: Uxie
|-damage|p2a: Uxie|54/100
|-damage|p1a: Cinderace|47/100|[from] item: Rocky Helmet|[of] p2a: Uxie
|
|t:|1760822658
|switch|p1a: Pecharunt|Pecharunt|100/100|[from] U-turn
|move|p2a: Uxie|Psychic Noise|p1a: Pecharunt
|-supereffective|p1a: Pecharunt
|-damage|p1a: Pecharunt|56/100
|-start|p1a: Pecharunt|move: Heal Block
|
|-weather|Sandstorm|[upkeep]
|-damage|p1a: Pecharunt|50/100|[from] Sandstorm
|-damage|p2a: Uxie|47/100|[from] Sandstorm
|upkeep
|turn|6
|
|t:|1760822664
|move|p1a: Pecharunt|Shadow Ball|p2a: Uxie
|-supereffective|p2a: Uxie
|-damage|p2a: Uxie|8/100
|move|p2a: Uxie|Psychic Noise|p1a: Pecharunt
|-supereffective|p1a: Pecharunt
|-crit|p1a: Pecharunt
|-damage|p1a: Pecharunt|0 fnt
|faint|p1a: Pecharunt
|
|-weather|none
|upkeep
|
|t:|1760822673
|switch|p1a: Cinderace|Cinderace, M|47/100
|turn|7
|
|t:|1760822677
|switch|p2a: Moltres|Moltres|100/100
|move|p1a: Cinderace|Pyro Ball|p2a: Moltres|[miss]
|-miss|p1a: Cinderace|p2a: Moltres
|
|upkeep
|turn|8
|
|t:|1760822683
|switch|p1a: Primarina|Primarina, F|100/100
|move|p2a: Moltres|U-turn|p1a: Primarina
|-resisted|p1a: Primarina
|-damage|p1a: Primarina|91/100
|
|t:|1760822687
|switch|p2a: Ogerpon|Ogerpon-Wellspring, F|100/100|[from] U-turn
|
|upkeep
|turn|9
|
|t:|1760822696
|move|p2a: Ogerpon|Horn Leech|p1a: Primarina
|-supereffective|p1a: Primarina
|-damage|p1a: Primarina|0 fnt
|faint|p1a: Primarina
|
|upkeep
|
|t:|1760822701
|switch|p1a: Cinderace|Cinderace, M|47/100
|turn|10
|
|t:|1760822712
|move|p1a: Cinderace|Gunk Shot|p2a: Ogerpon
|-start|p1a: Cinderace|typechange|Poison|[from] ability: Libero
|-supereffective|p2a: Ogerpon
|-damage|p2a: Ogerpon|0 fnt
|faint|p2a: Ogerpon
|
|upkeep
|
|t:|1760822718
|switch|p2a: Dragonite|Dragonite, M, tera:Normal|84/100
|turn|11
|
|t:|1760822727
|switch|p1a: Landorus|Landorus-Therian, M|100/100
|-ability|p1a: Landorus|Intimidate|boost
|-unboost|p2a: Dragonite|atk|1
|move|p2a: Dragonite|Ice Spinner|p1a: Landorus
|-supereffective|p1a: Landorus
|-damage|p1a: Landorus|0 fnt
|faint|p1a: Landorus
|
|upkeep
|
|t:|1760822733
|switch|p1a: Zamazenta|Zamazenta|100/100
|-ability|p1a: Zamazenta|Dauntless Shield|boost
|-boost|p1a: Zamazenta|def|1
|turn|12
|
|t:|1760822738
|switch|p1a: Darkrai|Darkrai|3/100
|switch|p2a: Moltres|Moltres|100/100
|
|upkeep
|turn|13
|
|t:|1760822745
|switch|p2a: Uxie|Uxie, shiny|8/100
|move|p1a: Darkrai|Dark Pulse|p2a: Uxie
|-supereffective|p2a: Uxie
|-damage|p2a: Uxie|0 fnt
|faint|p2a: Uxie
|
|upkeep
|
|t:|1760822754
|switch|p2a: Excadrill|Excadrill, F|100/100
|-item|p2a: Excadrill|Air Balloon
|turn|14
|
|t:|1760822760
|move|p1a: Darkrai|Focus Blast|p2a: Excadrill|[miss]
|-miss|p1a: Darkrai|p2a: Excadrill
|move|p2a: Excadrill|Rapid Spin|p1a: Darkrai
|-damage|p1a: Darkrai|0 fnt
|-boost|p2a: Excadrill|spe|1
|faint|p1a: Darkrai
|
|upkeep
|
|t:|1760822765
|switch|p1a: Zamazenta|Zamazenta|100/100
|turn|15
|
|t:|1760822768
|move|p2a: Excadrill|Earthquake|p1a: Zamazenta
|-damage|p1a: Zamazenta|50/100
|move|p1a: Zamazenta|Close Combat|p2a: Excadrill
|-supereffective|p2a: Excadrill
|-damage|p2a: Excadrill|0 fnt
|-unboost|p1a: Zamazenta|def|1
|-unboost|p1a: Zamazenta|spd|1
|-enditem|p2a: Excadrill|Air Balloon
|faint|p2a: Excadrill
|
|upkeep
|
|t:|1760822774
|switch|p2a: Dragonite|Dragonite, M, tera:Normal|84/100
|turn|16
|
|t:|1760822797
|switch|p1a: Cinderace|Cinderace, M|47/100
|move|p2a: Dragonite|Extreme Speed|p1a: Cinderace
|-damage|p1a: Cinderace|0 fnt
|faint|p1a: Cinderace
|
|upkeep
|
|t:|1760822803
|switch|p1a: Zamazenta|Zamazenta|50/100
|turn|17
|
|t:|1760822806
|switch|p2a: Moltres|Moltres|100/100
|-terastallize|p1a: Zamazenta|Steel
|move|p1a: Zamazenta|Close Combat|p2a: Moltres
|-resisted|p2a: Moltres
|-crit|p2a: Moltres
|-damage|p2a: Moltres|69/100
|-unboost|p1a: Zamazenta|def|1
|-unboost|p1a: Zamazenta|spd|1
|
|upkeep
|turn|18
|
|t:|1760822810
|move|p1a: Zamazenta|Stone Edge|p2a: Moltres
|-supereffective|p2a: Moltres
|-damage|p2a: Moltres|0 fnt
|faint|p2a: Moltres
|
|upkeep
|
|t:|1760822812
|switch|p2a: Dragonite|Dragonite, M, tera:Normal|84/100
|turn|19
|
|t:|1760822817
|move|p2a: Dragonite|Extreme Speed|p1a: Zamazenta
|-resisted|p1a: Zamazenta
|-damage|p1a: Zamazenta|0 fnt
|faint|p1a: Zamazenta
|
|win|AlmightyHD
|raw|ShadowAuraaa's rating: 1565 &rarr; <strong>1543</strong><br />(-22 for losing)
|raw|AlmightyHD's rating: 1525 &rarr; <strong>1547</strong><br />(+22 for winning)
|l|☆AlmightyHD
|player|p2|
|l|☆ShadowAuraaa
|player|p1|
