|j|☆Iwsasalial
|j|☆a lil sweeper
|t:|1760865727
|gametype|singles
|player|p1|Iwsasalial|2|1420
|player|p2|a lil sweeper|janitor|1460
|gen|9
|tier|[Gen 9] OU
|rated|
|rule|HP Percentage Mod: HP is shown in percentages
|rule|Endless Battle Clause: Forcing endless battles is banned
|rule|Species Clause: Limit one of each Pokémon
|rule|OHKO Clause: OHKO moves are banned
|rule|Evasion Items Clause: Evasion items are banned
|rule|Evasion Moves Clause: Evasion moves are banned
|rule|Evasion Abilities Clause: Evasion abilities are banned
|rule|Sleep Moves Clause: Sleep-inducing moves are banned
|clearpoke
|poke|p1|Torkoal, F|
|poke|p1|Scovillain, F|
|poke|p1|Walking Wake|
|poke|p1|Hatterene, F|
|poke|p1|Great Tusk|
|poke|p1|Ceruledge, F|
|poke|p2|Grimmsnarl, M|
|poke|p2|Alcremie-Rainbow-Swirl, F|
|poke|p2|Pecharunt|
|poke|p2|Ogerpon-Wellspring, F|
|poke|p2|Iron Valiant|
|poke|p2|Heatran, M|
|teampreview
|
|t:|1760865731
|teamsize|p1|6
|teamsize|p2|6
|start
|switch|p1a: Torkoal|Torkoal, F|100/100
|switch|p2a: Grimmsnarl|Grimmsnarl, M|100/100
|-weather|SunnyDay|[from] ability: Drought|[of] p1a: Torkoal
|turn|1
|
|t:|1760865737
|move|p2a: Grimmsnarl|Light Screen|p2a: Grimmsnarl
|-sidestart|p2: a lil sweeper|move: Light Screen
|move|p1a: Torkoal|Flamethrower|p2a: Grimmsnarl
|-damage|p2a: Grimmsnarl|78/100
|
|-weather|SunnyDay|[upkeep]
|upkeep
|turn|2
|
|t:|1760865745
|switch|p1a: Hatterene|Hatterene, F, shiny|100/100
|move|p2a: Grimmsnarl|Reflect|p2a: Grimmsnarl
|-sidestart|p2: a lil sweeper|Reflect
|
|-weather|SunnyDay|[upkeep]
|upkeep
|turn|3
|
|t:|1760865753
|switch|p2a: Alcremie|Alcremie-Rainbow-Swirl, F|100/100
|move|p1a: Hatterene|Draining Kiss|p2a: Alcremie
|-damage|p2a: Alcremie|93/100
|
|-weather|SunnyDay|[upkeep]
|-heal|p2a: Alcremie|99/100|[from] item: Leftovers
|upkeep
|turn|4
|
|t:|1760865760
|switch|p1a: Torkoal|Torkoal, F|100/100
|move|p2a: Alcremie|Calm Mind|p2a: Alcremie
|-boost|p2a: Alcremie|spa|1
|-boost|p2a: Alcremie|spd|1
|
|-weather|SunnyDay|[upkeep]
|-heal|p2a: Alcremie|100/100|[from] item: Leftovers
|upkeep
|turn|5
|
|t:|1760865764
|move|p2a: Alcremie|Calm Mind|p2a: Alcremie
|-boost|p2a: Alcremie|spa|1
|-boost|p2a: Alcremie|spd|1
|move|p1a: Torkoal|Clear Smog|p2a: Alcremie
|-supereffective|p2a: Alcremie
|-damage|p2a: Alcremie|95/100
|-clearboost|p2a: Alcremie
|
|-weather|SunnyDay|[upkeep]
|-heal|p2a: Alcremie|100/100|[from] item: Leftovers
|upkeep
|turn|6
|inactive|Battle timer is ON: inactive players will automatically lose when time's up. (requested by Iwsasalial)
|
|t:|1760865774
|switch|p2a: Heatran|Heatran, M|100/100
|switch|p1a: Scovillain|Scovillain, F|100/100
|
|-weather|SunnyDay|[upkeep]
|upkeep
|turn|7
|
|t:|1760865779
|switch|p1a: Walking Wake|Walking Wake|100/100
|-activate|p1a: Walking Wake|ability: Protosynthesis
|-start|p1a: Walking Wake|protosynthesisspa
|move|p2a: Heatran|Magma Storm|p1a: Walking Wake
|-resisted|p1a: Walking Wake
|-damage|p1a: Walking Wake|83/100
|-activate|p1a: Walking Wake|move: Magma Storm|[of] p2a: Heatran
|
|-weather|SunnyDay|[upkeep]
|-damage|p1a: Walking Wake|70/100|[from] move: Magma Storm|[partiallytrapped]
|upkeep
|turn|8
|
|t:|1760865783
|switch|p2a: Ogerpon|Ogerpon-Wellspring, F|100/100
|move|p1a: Walking Wake|Hydro Steam|p2a: Ogerpon
|-immune|p2a: Ogerpon|[from] ability: Water Absorb
|
|-weather|none
|-end|p1a: Walking Wake|Protosynthesis
|-end|p1a: Walking Wake|Magma Storm|[partiallytrapped]|[silent]
|-sideend|p2: a lil sweeper|move: Light Screen
|upkeep
|turn|9
|
|t:|1760865789
|-end|p1a: Walking Wake|Protosynthesis|[silent]
|switch|p1a: Torkoal|Torkoal, F|100/100
|-weather|SunnyDay|[from] ability: Drought|[of] p1a: Torkoal
|move|p2a: Ogerpon|Swords Dance|p2a: Ogerpon
|-boost|p2a: Ogerpon|atk|2
|
|-weather|SunnyDay|[upkeep]
|-sideend|p2: a lil sweeper|Reflect
|upkeep
|turn|10
|
|t:|1760865792
|switch|p1a: Hatterene|Hatterene, F, shiny|100/100
|move|p2a: Ogerpon|Ivy Cudgel|p1a: Hatterene|[anim] Ivy Cudgel Water
|-damage|p1a: Hatterene|47/100
|-enditem|p1a: Hatterene|Eject Button
|
|t:|1760865803
|switch|p1a: Ceruledge|Ceruledge, F|100/100
|
|-weather|SunnyDay|[upkeep]
|upkeep
|turn|11
|
|t:|1760865806
|move|p2a: Ogerpon|Ivy Cudgel|p1a: Ceruledge|[anim] Ivy Cudgel Water
|-supereffective|p1a: Ceruledge
|-enditem|p1a: Ceruledge|Focus Sash
|-damage|p1a: Ceruledge|1/100
|-ability|p1a: Ceruledge|Weak Armor|boost
|-unboost|p1a: Ceruledge|def|1
|-boost|p1a: Ceruledge|spe|2
|move|p1a: Ceruledge|Swords Dance|p1a: Ceruledge
|-boost|p1a: Ceruledge|atk|2
|
|-weather|SunnyDay|[upkeep]
|upkeep
|turn|12
|
|t:|1760865815
|move|p1a: Ceruledge|Bitter Blade|p2a: Ogerpon
|-damage|p2a: Ogerpon|0 fnt
|-heal|p1a: Ceruledge|53/100|[from] drain|[of] p2a: Ogerpon
|faint|p2a: Ogerpon
|
|-weather|SunnyDay|[upkeep]
|upkeep
|
|t:|1760865824
|switch|p2a: Heatran|Heatran, M|100/100
|turn|13
|
|t:|1760865827
|move|p1a: Ceruledge|Bitter Blade|p2a: Heatran
|-start|p2a: Heatran|ability: Flash Fire
|move|p2a: Heatran|Earth Power|p1a: Ceruledge
|-supereffective|p1a: Ceruledge
|-damage|p1a: Ceruledge|0 fnt
|faint|p1a: Ceruledge
|
|-weather|SunnyDay|[upkeep]
|upkeep
|-message|Iwsasalial forfeited.
|
|win|a lil sweeper
|raw|Iwsasalial's rating: 1420 &rarr; <strong>1402</strong><br />(-18 for losing)
|raw|a lil sweeper's rating: 1460 &rarr; <strong>1478</strong><br />(+18 for winning)
|l|☆Iwsasalial
|player|p1|
|l|☆a lil sweeper
|player|p2|
