|j|☆the man245
|j|☆Pipich
|t:|1760762990
|gametype|singles
|player|p1|the man245|volkner|1637
|player|p2|Pipich|266|1565
|gen|9
|tier|[Gen 9] OU
|rated|
|rule|HP Percentage Mod: HP is shown in percentages
|rule|Endless Battle Clause: Forcing endless battles is banned
|rule|Species Clause: Limit one of each Pokémon
|rule|OHKO Clause: OHKO moves are banned
|rule|Evasion Items Clause: Evasion items are banned
|rule|Evasion Moves Clause: Evasion moves are banned
|rule|Evasion Abilities Clause: Evasion abilities are banned
|rule|Sleep Moves Clause: Sleep-inducing moves are banned
|clearpoke
|poke|p1|Yanmega, M|
|poke|p1|Glimmora, F|
|poke|p1|Great Tusk|
|poke|p1|Zamazenta-*|
|poke|p1|Kingambit, M|
|poke|p1|Cloyster, M|
|poke|p2|Walking Wake|
|poke|p2|Ninetales, M|
|poke|p2|Iron Valiant|
|poke|p2|Rillaboom, M|
|poke|p2|Great Tusk|
|poke|p2|Infernape, M|
|teampreview
|
|t:|1760763006
|teamsize|p1|6
|teamsize|p2|6
|start
|switch|p1a: Cloyster|Cloyster, M|100/100
|switch|p2a: Great Tusk|Great Tusk|100/100
|turn|1
|j| wgw2333
|
|t:|1760763018
|-end|p2a: Great Tusk|Protosynthesis|[silent]
|switch|p2a: Ninetales|Ninetales, M|100/100
|-weather|SunnyDay|[from] ability: Drought|[of] p2a: Ninetales
|move|p1a: Cloyster|Shell Smash|p1a: Cloyster
|-unboost|p1a: Cloyster|def|1
|-unboost|p1a: Cloyster|spd|1
|-boost|p1a: Cloyster|atk|2
|-boost|p1a: Cloyster|spa|2
|-boost|p1a: Cloyster|spe|2
|
|-weather|SunnyDay|[upkeep]
|upkeep
|turn|2
|
|t:|1760763028
|move|p1a: Cloyster|Rock Blast|p2a: Ninetales
|-supereffective|p2a: Ninetales
|-damage|p2a: Ninetales|63/100
|-supereffective|p2a: Ninetales
|-damage|p2a: Ninetales|22/100
|-supereffective|p2a: Ninetales
|-damage|p2a: Ninetales|0 fnt
|faint|p2a: Ninetales
|-hitcount|p2: Ninetales|3
|
|-weather|SunnyDay|[upkeep]
|upkeep
|
|t:|1760763042
|switch|p2a: Rillaboom|Rillaboom, M|100/100
|-fieldstart|move: Grassy Terrain|[from] ability: Grassy Surge|[of] p2a: Rillaboom
|turn|3
|
|t:|1760763049
|switch|p1a: Glimmora|Glimmora, F|100/100
|move|p2a: Rillaboom|Grassy Glide|p1a: Glimmora
|-damage|p1a: Glimmora|30/100
|-activate|p1a: Glimmora|ability: Toxic Debris
|-sidestart|p2: Pipich|move: Toxic Spikes
|-enditem|p1a: Glimmora|Red Card|[of] p2a: Rillaboom
|drag|p2a: Great Tusk|Great Tusk|100/100
|-status|p2a: Great Tusk|psn
|-activate|p2a: Great Tusk|ability: Protosynthesis
|-start|p2a: Great Tusk|protosynthesisspe
|
|-weather|SunnyDay|[upkeep]
|-heal|p1a: Glimmora|36/100|[from] Grassy Terrain
|-damage|p2a: Great Tusk|88/100 psn|[from] psn
|upkeep
|turn|4
|
|t:|1760763066
|move|p2a: Great Tusk|Rapid Spin|p1a: Glimmora
|-resisted|p1a: Glimmora
|-damage|p1a: Glimmora|28/100
|-boost|p2a: Great Tusk|spe|1
|-activate|p1a: Glimmora|ability: Toxic Debris
|-sidestart|p2: Pipich|move: Toxic Spikes
|-sideend|p2: Pipich|Toxic Spikes|[from] move: Rapid Spin|[of] p2a: Great Tusk
|move|p1a: Glimmora|Stealth Rock|p2a: Great Tusk
|-sidestart|p2: Pipich|move: Stealth Rock
|
|-weather|SunnyDay|[upkeep]
|-heal|p2a: Great Tusk|94/100 psn|[from] Grassy Terrain
|-heal|p1a: Glimmora|34/100|[from] Grassy Terrain
|-damage|p2a: Great Tusk|82/100 psn|[from] psn
|upkeep
|turn|5
|
|t:|1760763079
|move|p2a: Great Tusk|Headlong Rush|p1a: Glimmora
|-supereffective|p1a: Glimmora
|-damage|p1a: Glimmora|0 fnt
|-unboost|p2a: Great Tusk|def|1
|-unboost|p2a: Great Tusk|spd|1
|-activate|p1a: Glimmora|ability: Toxic Debris
|-sidestart|p2: Pipich|move: Toxic Spikes
|faint|p1a: Glimmora
|
|-weather|SunnyDay|[upkeep]
|-heal|p2a: Great Tusk|88/100 psn|[from] Grassy Terrain
|-damage|p2a: Great Tusk|76/100 psn|[from] psn
|upkeep
|
|t:|1760763093
|switch|p1a: Kingambit|Kingambit, M|100/100
|-activate|p1a: Kingambit|ability: Supreme Overlord
|-start|p1a: Kingambit|fallen1|[silent]
|turn|6
|
|t:|1760763100
|move|p2a: Great Tusk|Headlong Rush|p1a: Kingambit
|-supereffective|p1a: Kingambit
|-damage|p1a: Kingambit|20/100
|-unboost|p2a: Great Tusk|def|1
|-unboost|p2a: Great Tusk|spd|1
|move|p1a: Kingambit|Iron Head|p2a: Great Tusk
|-damage|p2a: Great Tusk|9/100 psn
|-damage|p1a: Kingambit|4/100|[from] item: Rocky Helmet|[of] p2a: Great Tusk
|
|-weather|SunnyDay|[upkeep]
|-heal|p2a: Great Tusk|15/100 psn|[from] Grassy Terrain
|-heal|p1a: Kingambit|10/100|[from] Grassy Terrain
|-damage|p2a: Great Tusk|3/100 psn|[from] psn
|upkeep
|turn|7
|
|t:|1760763118
|-end|p2a: Great Tusk|Protosynthesis|[silent]
|switch|p2a: Rillaboom|Rillaboom, M|100/100
|-damage|p2a: Rillaboom|88/100|[from] Stealth Rock
|-status|p2a: Rillaboom|psn
|move|p1a: Kingambit|Sucker Punch||[still]
|-fail|p1a: Kingambit
|
|-weather|SunnyDay|[upkeep]
|-heal|p2a: Rillaboom|94/100 psn|[from] Grassy Terrain
|-heal|p1a: Kingambit|16/100|[from] Grassy Terrain
|-damage|p2a: Rillaboom|82/100 psn|[from] psn
|-fieldend|move: Grassy Terrain
|upkeep
|turn|8
|
|t:|1760763131
|move|p1a: Kingambit|Sucker Punch|p2a: Rillaboom
|-damage|p2a: Rillaboom|28/100 psn
|move|p2a: Rillaboom|U-turn|p1a: Kingambit
|-damage|p1a: Kingambit|0 fnt
|faint|p1a: Kingambit
|-end|p1a: Kingambit|fallen1|[silent]
|
|t:|1760763141
|switch|p2a: Walking Wake|Walking Wake|100/100|[from] U-turn
|-damage|p2a: Walking Wake|88/100|[from] Stealth Rock
|-status|p2a: Walking Wake|psn
|-activate|p2a: Walking Wake|ability: Protosynthesis
|-start|p2a: Walking Wake|protosynthesisspe
|
|-weather|none
|-end|p2a: Walking Wake|Protosynthesis
|-damage|p2a: Walking Wake|76/100 psn|[from] psn
|upkeep
|
|t:|1760763159
|switch|p1a: Zamazenta|Zamazenta|100/100
|-ability|p1a: Zamazenta|Dauntless Shield|boost
|-boost|p1a: Zamazenta|def|1
|turn|9
|
|t:|1760763164
|move|p1a: Zamazenta|Body Press|p2a: Walking Wake
|-damage|p2a: Walking Wake|8/100 psn
|move|p2a: Walking Wake|Hydro Steam|p1a: Zamazenta
|-crit|p1a: Zamazenta
|-damage|p1a: Zamazenta|30/100
|
|-heal|p1a: Zamazenta|36/100|[from] item: Leftovers
|-damage|p2a: Walking Wake|0 fnt|[from] psn
|faint|p2a: Walking Wake
|-end|p2a: Walking Wake|Protosynthesis|[silent]
|upkeep
|
|t:|1760763176
|switch|p2a: Iron Valiant|Iron Valiant|100/100
|-damage|p2a: Iron Valiant|94/100|[from] Stealth Rock
|-status|p2a: Iron Valiant|psn
|turn|10
|
|t:|1760763183
|move|p1a: Zamazenta|Body Press|p2a: Iron Valiant
|-resisted|p2a: Iron Valiant
|-damage|p2a: Iron Valiant|54/100 psn
|move|p2a: Iron Valiant|Moonblast|p1a: Zamazenta
|-supereffective|p1a: Zamazenta
|-damage|p1a: Zamazenta|0 fnt
|faint|p1a: Zamazenta
|-damage|p2a: Iron Valiant|44/100 psn|[from] item: Life Orb
|
|-damage|p2a: Iron Valiant|32/100 psn|[from] psn
|upkeep
|
|t:|1760763192
|switch|p1a: Yanmega|Yanmega, M|100/100
|turn|11
|
|t:|1760763199
|-end|p2a: Iron Valiant|Quark Drive|[silent]
|switch|p2a: Infernape|Infernape, M|100/100
|-damage|p2a: Infernape|88/100|[from] Stealth Rock
|-status|p2a: Infernape|psn
|move|p1a: Yanmega|Protect||[still]
|-fail|p1a: Yanmega
|
|-damage|p2a: Infernape|76/100 psn|[from] psn
|-ability|p1a: Yanmega|Speed Boost|boost
|-boost|p1a: Yanmega|spe|1
|upkeep
|turn|12
|
|t:|1760763212
|-terastallize|p2a: Infernape|Fire
|move|p1a: Yanmega|Protect|p1a: Yanmega
|-singleturn|p1a: Yanmega|Protect
|move|p2a: Infernape|Flare Blitz|p1a: Yanmega
|-activate|p1a: Yanmega|move: Protect
|
|-damage|p2a: Infernape|64/100 psn|[from] psn
|-ability|p1a: Yanmega|Speed Boost|boost
|-boost|p1a: Yanmega|spe|1
|upkeep
|turn|13
|
|t:|1760763226
|switch|p1a: Great Tusk|Great Tusk|100/100
|move|p2a: Infernape|Flare Blitz|p1a: Great Tusk
|-damage|p1a: Great Tusk|34/100
|-damage|p2a: Infernape|36/100 psn|[from] Recoil
|
|-damage|p2a: Infernape|23/100 psn|[from] psn
|upkeep
|turn|14
|
|t:|1760763236
|switch|p2a: Iron Valiant|Iron Valiant|32/100 psn
|-damage|p2a: Iron Valiant|26/100 psn|[from] Stealth Rock
|move|p1a: Great Tusk|Rapid Spin|p2a: Iron Valiant
|-damage|p2a: Iron Valiant|0 fnt
|-boost|p1a: Great Tusk|spe|1
|faint|p2a: Iron Valiant
|-end|p2a: Iron Valiant|Quark Drive|[silent]
|
|upkeep
|
|t:|1760763248
|switch|p2a: Rillaboom|Rillaboom, M|28/100 psn
|-damage|p2a: Rillaboom|16/100 psn|[from] Stealth Rock
|-fieldstart|move: Grassy Terrain|[from] ability: Grassy Surge|[of] p2a: Rillaboom
|turn|15
|
|t:|1760763255
|move|p2a: Rillaboom|Grassy Glide|p1a: Great Tusk
|-supereffective|p1a: Great Tusk
|-damage|p1a: Great Tusk|0 fnt
|faint|p1a: Great Tusk
|-end|p1a: Great Tusk|Protosynthesis|[silent]
|
|-heal|p2a: Rillaboom|22/100 psn|[from] Grassy Terrain
|-damage|p2a: Rillaboom|10/100 psn|[from] psn
|upkeep
|
|t:|1760763257
|switch|p1a: Yanmega|Yanmega, M|100/100
|turn|16
|
|t:|1760763265
|move|p2a: Rillaboom|Grassy Glide|p1a: Yanmega
|-resisted|p1a: Yanmega
|-damage|p1a: Yanmega|81/100
|move|p1a: Yanmega|Bug Buzz|p2a: Rillaboom
|-supereffective|p2a: Rillaboom
|-damage|p2a: Rillaboom|0 fnt
|faint|p2a: Rillaboom
|-enditem|p1a: Yanmega|Throat Spray
|-boost|p1a: Yanmega|spa|1|[from] item: Throat Spray
|
|-ability|p1a: Yanmega|Speed Boost|boost
|-boost|p1a: Yanmega|spe|1
|upkeep
|
|t:|1760763278
|switch|p2a: Infernape|Infernape, M, tera:Fire|23/100 psn
|-damage|p2a: Infernape|0 fnt|[from] Stealth Rock
|faint|p2a: Infernape
|-message|Pipich forfeited.
|
|win|the man245
|raw|the man245's rating: 1637 &rarr; <strong>1653</strong><br />(+16 for winning)
|raw|Pipich's rating: 1565 &rarr; <strong>1549</strong><br />(-16 for losing)
|l|☆Pipich
|player|p2|
|c|☆the man245|gg
|l|☆the man245
|player|p1|
