|j|☆RomanticM
|j|☆Shadeless8
|t:|1760848104
|gametype|singles
|player|p1|RomanticM|steven|1065
|player|p2|Shadeless8|169|1075
|gen|9
|tier|[Gen 9] OU
|rated|
|rule|HP Percentage Mod: HP is shown in percentages
|rule|Endless Battle Clause: Forcing endless battles is banned
|rule|Species Clause: Limit one of each Pokémon
|rule|OHKO Clause: OHKO moves are banned
|rule|Evasion Items Clause: Evasion items are banned
|rule|Evasion Moves Clause: Evasion moves are banned
|rule|Evasion Abilities Clause: Evasion abilities are banned
|rule|Sleep Moves Clause: Sleep-inducing moves are banned
|clearpoke
|poke|p1|Dusknoir, F|
|poke|p1|Exeggutor, M|
|poke|p1|Garchomp, F|
|poke|p1|Empoleon, F|
|poke|p1|Charizard, F|
|poke|p1|Mismagius, F|
|poke|p2|Chesnaught, M|
|poke|p2|Delphox, F|
|poke|p2|Greninja-*, F|
|poke|p2|Florges-White, F|
|poke|p2|Hawlucha, M|
|poke|p2|Dragalge, F|
|teampreview
|
|t:|1760848116
|teamsize|p1|6
|teamsize|p2|6
|start
|switch|p1a: Dusknoir|Dusknoir, F|100/100
|switch|p2a: Delphox|Delphox, F|100/100
|-ability|p1a: Dusknoir|Pressure
|turn|1
|
|t:|1760848124
|switch|p2a: Chesnaught|Chesnaught, M|100/100
|move|p1a: Dusknoir|Poltergeist|p2a: Chesnaught
|-activate|p2a: Chesnaught|move: Poltergeist|Assault Vest
|-damage|p2a: Chesnaught|64/100
|
|upkeep
|turn|2
|
|t:|1760848137
|switch|p1a: Charizard|Charizard, F|100/100
|move|p2a: Chesnaught|Knock Off|p1a: Charizard
|-damage|p1a: Charizard|66/100
|-enditem|p1a: Charizard|Leftovers|[from] move: Knock Off|[of] p2a: Chesnaught
|
|upkeep
|turn|3
|
|t:|1760848147
|switch|p2a: Delphox|Delphox, F|100/100
|move|p1a: Charizard|Air Slash|p2a: Delphox
|-damage|p2a: Delphox|61/100
|
|upkeep
|turn|4
|
|t:|1760848160
|move|p2a: Delphox|Reflect|p2a: Delphox
|-sidestart|p2: Shadeless8|Reflect
|move|p1a: Charizard|Scorching Sands|p2a: Delphox
|-supereffective|p2a: Delphox
|-damage|p2a: Delphox|16/100
|-enditem|p2a: Delphox|Sitrus Berry|[eat]
|-heal|p2a: Delphox|41/100|[from] item: Sitrus Berry
|
|upkeep
|turn|5
|
|t:|1760848177
|switch|p2a: Dragalge|Dragalge, F|100/100
|move|p1a: Charizard|Scorching Sands|p2a: Dragalge
|-supereffective|p2a: Dragalge
|-damage|p2a: Dragalge|68/100
|
|-heal|p2a: Dragalge|74/100|[from] item: Black Sludge
|upkeep
|turn|6
|
|t:|1760848192
|switch|p1a: Empoleon|Empoleon, F|100/100
|move|p2a: Dragalge|Toxic Spikes|p1a: Empoleon
|-sidestart|p1: RomanticM|move: Toxic Spikes
|
|-heal|p2a: Dragalge|80/100|[from] item: Black Sludge
|upkeep
|turn|7
|
|t:|1760848199
|move|p1a: Empoleon|Ice Beam|p2a: Dragalge
|-supereffective|p2a: Dragalge
|-damage|p2a: Dragalge|29/100
|move|p2a: Dragalge|Toxic Spikes|p1a: Empoleon
|-sidestart|p1: RomanticM|move: Toxic Spikes
|
|-heal|p2a: Dragalge|35/100|[from] item: Black Sludge
|upkeep
|turn|8
|
|t:|1760848211
|switch|p2a: Delphox|Delphox, F|41/100
|move|p1a: Empoleon|Ice Beam|p2a: Delphox
|-resisted|p2a: Delphox
|-damage|p2a: Delphox|25/100
|
|-sideend|p2: Shadeless8|Reflect
|upkeep
|turn|9
|
|t:|1760848224
|move|p2a: Delphox|Heat Wave|p1a: Empoleon
|-damage|p1a: Empoleon|61/100
|-item|p2a: Delphox|Leftovers|[from] ability: Magician|[of] p1a: Empoleon
|move|p1a: Empoleon|Surf|p2a: Delphox
|-supereffective|p2a: Delphox
|-damage|p2a: Delphox|0 fnt
|faint|p2a: Delphox
|
|upkeep
|
|t:|1760848236
|switch|p2a: Chesnaught|Chesnaught, M|64/100
|turn|10
|
|t:|1760848244
|switch|p1a: Mismagius|Mismagius, F|100/100
|move|p2a: Chesnaught|Thunder Punch|p1a: Mismagius
|-damage|p1a: Mismagius|67/100
|
|-heal|p1a: Mismagius|73/100|[from] item: Leftovers
|upkeep
|turn|11
|
|t:|1760848253
|move|p1a: Mismagius|Mystical Fire|p2a: Chesnaught
|-supereffective|p2a: Chesnaught
|-damage|p2a: Chesnaught|30/100
|-unboost|p2a: Chesnaught|spa|1
|move|p2a: Chesnaught|Knock Off|p1a: Mismagius
|-supereffective|p1a: Mismagius
|-crit|p1a: Mismagius
|-damage|p1a: Mismagius|0 fnt
|-enditem|p1a: Mismagius|Leftovers|[from] move: Knock Off|[of] p2a: Chesnaught
|faint|p1a: Mismagius
|
|upkeep
|
|t:|1760848265
|switch|p1a: Charizard|Charizard, F|66/100
|turn|12
|
|t:|1760848269
|move|p1a: Charizard|Flamethrower|p2a: Chesnaught
|-supereffective|p2a: Chesnaught
|-damage|p2a: Chesnaught|0 fnt
|faint|p2a: Chesnaught
|
|upkeep
|
|t:|1760848275
|switch|p2a: Greninja|Greninja, F|100/100
|turn|13
|
|t:|1760848284
|switch|p1a: Empoleon|Empoleon, F|61/100
|move|p2a: Greninja|Dark Pulse|p1a: Empoleon
|-start|p2a: Greninja|typechange|Dark|[from] ability: Protean
|-damage|p1a: Empoleon|13/100
|
|upkeep
|turn|14
|
|t:|1760848297
|move|p2a: Greninja|Dark Pulse|p1a: Empoleon
|-damage|p1a: Empoleon|0 fnt
|faint|p1a: Empoleon
|
|upkeep
|
|t:|1760848321
|switch|p1a: Exeggutor|Exeggutor, M|100/100
|-status|p1a: Exeggutor|tox
|turn|15
|
|t:|1760848328
|-terastallize|p1a: Exeggutor|Grass
|move|p2a: Greninja|Dark Pulse|p1a: Exeggutor
|-damage|p1a: Exeggutor|57/100 tox
|move|p1a: Exeggutor|Giga Drain|p2a: Greninja
|-damage|p2a: Greninja|40/100
|-heal|p1a: Exeggutor|83/100 tox|[from] drain|[of] p2a: Greninja
|
|-damage|p1a: Exeggutor|77/100 tox|[from] psn
|upkeep
|turn|16
|
|t:|1760848338
|switch|p2a: Dragalge|Dragalge, F|35/100
|move|p1a: Exeggutor|Giga Drain|p2a: Dragalge
|-resisted|p2a: Dragalge
|-damage|p2a: Dragalge|26/100
|-heal|p1a: Exeggutor|82/100 tox|[from] drain|[of] p2a: Dragalge
|
|-heal|p2a: Dragalge|32/100|[from] item: Black Sludge
|-damage|p1a: Exeggutor|70/100 tox|[from] psn
|upkeep
|turn|17
|
|t:|1760848352
|move|p1a: Exeggutor|Psychic|p2a: Dragalge
|-supereffective|p2a: Dragalge
|-damage|p2a: Dragalge|0 fnt
|faint|p2a: Dragalge
|
|-damage|p1a: Exeggutor|52/100 tox|[from] psn
|upkeep
|
|t:|1760848366
|switch|p2a: Florges|Florges-White, F|100/100
|turn|18
|
|t:|1760848378
|switch|p1a: Dusknoir|Dusknoir, F|100/100
|-status|p1a: Dusknoir|tox
|-ability|p1a: Dusknoir|Pressure
|move|p2a: Florges|Calm Mind|p2a: Florges
|-boost|p2a: Florges|spa|1
|-boost|p2a: Florges|spd|1
|
|-damage|p1a: Dusknoir|94/100 tox|[from] psn
|upkeep
|turn|19
|
|t:|1760848395
|move|p2a: Florges|Calm Mind|p2a: Florges
|-boost|p2a: Florges|spa|1
|-boost|p2a: Florges|spd|1
|move|p1a: Dusknoir|Poltergeist|p2a: Florges|[miss]
|-miss|p1a: Dusknoir|p2a: Florges
|
|-heal|p1a: Dusknoir|100/100 tox|[from] item: Leftovers
|-damage|p1a: Dusknoir|88/100 tox|[from] psn
|upkeep
|turn|20
|
|t:|1760848406
|move|p2a: Florges|Stored Power|p1a: Dusknoir
|-damage|p1a: Dusknoir|31/100 tox
|move|p1a: Dusknoir|Poltergeist|p2a: Florges
|-activate|p2a: Florges|move: Poltergeist|Leftovers
|-damage|p2a: Florges|29/100
|
|-heal|p2a: Florges|35/100|[from] item: Leftovers
|-heal|p1a: Dusknoir|37/100 tox|[from] item: Leftovers
|-damage|p1a: Dusknoir|19/100 tox|[from] psn
|upkeep
|turn|21
|
|t:|1760848417
|move|p2a: Florges|Draining Kiss|p1a: Dusknoir
|-damage|p1a: Dusknoir|0 fnt
|-heal|p2a: Florges|47/100|[from] drain|[of] p1a: Dusknoir
|faint|p1a: Dusknoir
|
|-heal|p2a: Florges|53/100|[from] item: Leftovers
|upkeep
|
|t:|1760848427
|switch|p1a: Charizard|Charizard, F|66/100
|turn|22
|
|t:|1760848432
|move|p1a: Charizard|Flamethrower|p2a: Florges
|-damage|p2a: Florges|41/100
|move|p2a: Florges|Draining Kiss|p1a: Charizard
|-resisted|p1a: Charizard
|-damage|p1a: Charizard|39/100
|-heal|p2a: Florges|58/100|[from] drain|[of] p1a: Charizard
|
|-heal|p2a: Florges|64/100|[from] item: Leftovers
|upkeep
|turn|23
|
|t:|1760848441
|move|p1a: Charizard|Flamethrower|p2a: Florges
|-damage|p2a: Florges|51/100
|move|p2a: Florges|Draining Kiss|p1a: Charizard
|-resisted|p1a: Charizard
|-damage|p1a: Charizard|12/100
|-heal|p2a: Florges|68/100|[from] drain|[of] p1a: Charizard
|
|-heal|p2a: Florges|74/100|[from] item: Leftovers
|upkeep
|turn|24
|
|t:|1760848451
|move|p1a: Charizard|Flamethrower|p2a: Florges
|-damage|p2a: Florges|56/100
|move|p2a: Florges|Draining Kiss|p1a: Charizard
|-resisted|p1a: Charizard
|-damage|p1a: Charizard|0 fnt
|-heal|p2a: Florges|64/100|[from] drain|[of] p1a: Charizard
|faint|p1a: Charizard
|
|-heal|p2a: Florges|70/100|[from] item: Leftovers
|upkeep
|
|t:|1760848461
|switch|p1a: Exeggutor|Exeggutor, M, tera:Grass|52/100 tox
|turn|25
|
|t:|1760848465
|move|p2a: Florges|Draining Kiss|p1a: Exeggutor
|-crit|p1a: Exeggutor
|-damage|p1a: Exeggutor|0 fnt
|-heal|p2a: Florges|100/100|[from] drain|[of] p1a: Exeggutor
|faint|p1a: Exeggutor
|
|upkeep
|-message|RomanticM forfeited.
|
|win|Shadeless8
|raw|RomanticM's rating: 1065 &rarr; <strong>1046</strong><br />(-19 for losing)
|raw|Shadeless8's rating: 1075 &rarr; <strong>1103</strong><br />(+28 for winning)
|l|☆RomanticM
|player|p1|
|c|☆Shadeless8|GG
|l|☆Shadeless8
|player|p2|
