|j|☆poketrep
|j|☆churrostick
|t:|1760728778
|gametype|singles
|player|p1|poketrep|swimmerf|1674
|player|p2|churrostick|170|1711
|gen|9
|tier|[Gen 9] OU
|rated|
|rule|HP Percentage Mod: HP is shown in percentages
|rule|Endless Battle Clause: Forcing endless battles is banned
|rule|Species Clause: Limit one of each Pokémon
|rule|OHKO Clause: OHKO moves are banned
|rule|Evasion Items Clause: Evasion items are banned
|rule|Evasion Moves Clause: Evasion moves are banned
|rule|Evasion Abilities Clause: Evasion abilities are banned
|rule|Sleep Moves Clause: Sleep-inducing moves are banned
|clearpoke
|poke|p1|Heatran, M|
|poke|p1|Mandibuzz, F|
|poke|p1|Iron Moth|
|poke|p1|Latios, M|
|poke|p1|Conkeldurr, M|
|poke|p1|Garchomp, M|
|poke|p2|Kyurem|
|poke|p2|Corviknight, F|
|poke|p2|Ting-Lu|
|poke|p2|Dondozo, M|
|poke|p2|Slowking-Galar, L99, M|
|poke|p2|Cinderace, M|
|teampreview
|inactive|Battle timer is ON: inactive players will automatically lose when time's up. (requested by churrostick)
|inactive|churrostick has 120 seconds left.
|
|t:|1760728819
|teamsize|p1|6
|teamsize|p2|6
|start
|switch|p1a: Cronk|Conkeldurr, M|100/100
|switch|p2a: Kyurem|Kyurem|100/100
|-ability|p2a: Kyurem|Pressure
|turn|1
|
|t:|1760728824
|move|p2a: Kyurem|Protect|p2a: Kyurem
|-singleturn|p2a: Kyurem|Protect
|move|p1a: Cronk|Knock Off|p2a: Kyurem
|-activate|p2a: Kyurem|move: Protect
|
|upkeep
|turn|2
|
|t:|1760728833
|switch|p2a: Corviknight|Corviknight, F|100/100
|-ability|p2a: Corviknight|Pressure
|move|p1a: Cronk|Knock Off|p2a: Corviknight
|-damage|p2a: Corviknight|77/100
|-damage|p1a: Cronk|84/100|[from] item: Rocky Helmet|[of] p2a: Corviknight
|-enditem|p2a: Corviknight|Rocky Helmet|[from] move: Knock Off|[of] p1a: Cronk
|
|upkeep
|turn|3
|
|t:|1760728838
|switch|p1a: Spike|Garchomp, M|100/100
|move|p2a: Corviknight|U-turn|p1a: Spike
|-damage|p1a: Spike|91/100
|-damage|p2a: Corviknight|65/100|[from] ability: Rough Skin|[of] p1a: Spike
|-damage|p2a: Corviknight|49/100|[from] item: Rocky Helmet|[of] p1a: Spike
|
|t:|1760728844
|switch|p2a: Kyurem|Kyurem|100/100|[from] U-turn
|-ability|p2a: Kyurem|Pressure
|
|upkeep
|turn|4
|
|t:|1760728847
|move|p2a: Kyurem|Freeze-Dry|p1a: Spike
|-supereffective|p1a: Spike
|-damage|p1a: Spike|0 fnt
|faint|p1a: Spike
|
|upkeep
|
|t:|1760728849
|switch|p1a: Brrrrrrrr|Latios, M|100/100
|turn|5
|
|t:|1760728852
|switch|p1a: Turd|Heatran, M|100/100
|move|p2a: Kyurem|Protect||[still]
|-fail|p2a: Kyurem
|
|upkeep
|turn|6
|
|t:|1760728859
|switch|p1a: Cronk|Conkeldurr, M|84/100
|move|p2a: Kyurem|Substitute|p2a: Kyurem
|-start|p2a: Kyurem|Substitute
|-damage|p2a: Kyurem|75/100
|
|-heal|p2a: Kyurem|82/100|[from] item: Leftovers
|upkeep
|turn|7
|
|t:|1760728862
|move|p2a: Kyurem|Protect|p2a: Kyurem
|-singleturn|p2a: Kyurem|Protect
|move|p1a: Cronk|Knock Off|p2a: Kyurem
|-activate|p2a: Kyurem|move: Protect
|
|-heal|p2a: Kyurem|88/100|[from] item: Leftovers
|upkeep
|turn|8
|
|t:|1760728867
|move|p2a: Kyurem|Freeze-Dry|p1a: Cronk
|-damage|p1a: Cronk|56/100
|move|p1a: Cronk|Knock Off|p2a: Kyurem
|-crit|p2a: Kyurem
|-end|p2a: Kyurem|Substitute
|
|-heal|p2a: Kyurem|94/100|[from] item: Leftovers
|upkeep
|turn|9
|
|t:|1760728870
|move|p2a: Kyurem|Protect|p2a: Kyurem
|-singleturn|p2a: Kyurem|Protect
|move|p1a: Cronk|Drain Punch|p2a: Kyurem
|-activate|p2a: Kyurem|move: Protect
|
|-heal|p2a: Kyurem|99/100|[from] item: Leftovers
|upkeep
|turn|10
|
|t:|1760728873
|switch|p2a: Corviknight|Corviknight, F|49/100
|-ability|p2a: Corviknight|Pressure
|move|p1a: Cronk|Drain Punch|p2a: Corviknight
|-damage|p2a: Corviknight|19/100
|-heal|p1a: Cronk|70/100|[from] drain|[of] p2a: Corviknight
|
|upkeep
|turn|11
|
|t:|1760728875
|move|p2a: Corviknight|Roost|p2a: Corviknight
|-heal|p2a: Corviknight|69/100
|-singleturn|p2a: Corviknight|move: Roost
|move|p1a: Cronk|Drain Punch|p2a: Corviknight
|-supereffective|p2a: Corviknight
|-damage|p2a: Corviknight|19/100
|-heal|p1a: Cronk|95/100|[from] drain|[of] p2a: Corviknight
|
|upkeep
|turn|12
|
|t:|1760728881
|move|p2a: Corviknight|Roost|p2a: Corviknight
|-heal|p2a: Corviknight|69/100
|-singleturn|p2a: Corviknight|move: Roost
|move|p1a: Cronk|Drain Punch|p2a: Corviknight
|-supereffective|p2a: Corviknight
|-damage|p2a: Corviknight|15/100
|-heal|p1a: Cronk|100/100|[from] drain|[of] p2a: Corviknight
|
|upkeep
|turn|13
|
|t:|1760728886
|move|p2a: Corviknight|Roost|p2a: Corviknight
|-heal|p2a: Corviknight|65/100
|-singleturn|p2a: Corviknight|move: Roost
|move|p1a: Cronk|Drain Punch|p2a: Corviknight
|-supereffective|p2a: Corviknight
|-damage|p2a: Corviknight|14/100
|
|upkeep
|turn|14
|
|t:|1760728889
|move|p2a: Corviknight|U-turn|p1a: Cronk
|-resisted|p1a: Cronk
|-damage|p1a: Cronk|94/100
|
|t:|1760728895
|switch|p2a: Slowking|Slowking-Galar, L99, M|100/100|[from] U-turn
|move|p1a: Cronk|Drain Punch|p2a: Slowking
|-resisted|p2a: Slowking
|-damage|p2a: Slowking|88/100
|-heal|p1a: Cronk|99/100|[from] drain|[of] p2a: Slowking
|
|upkeep
|turn|15
|
|t:|1760728898
|move|p1a: Cronk|Knock Off|p2a: Slowking
|-supereffective|p2a: Slowking
|-damage|p2a: Slowking|8/100
|-enditem|p2a: Slowking|Heavy-Duty Boots|[from] move: Knock Off|[of] p1a: Cronk
|-prepare|p2a: Slowking|Chilly Reception|[premajor]
|move|p2a: Slowking|Chilly Reception|p2a: Slowking
|-weather|Snowscape
|
|t:|1760728903
|switch|p2a: Corviknight|Corviknight, F|14/100|[from] Chilly Reception
|-ability|p2a: Corviknight|Pressure
|
|-weather|Snowscape|[upkeep]
|upkeep
|turn|16
|
|t:|1760728907
|move|p2a: Corviknight|Brave Bird|p1a: Cronk
|-supereffective|p1a: Cronk
|-damage|p1a: Cronk|39/100
|-damage|p2a: Corviknight|0 fnt|[from] Recoil
|faint|p2a: Corviknight
|move|p1a: Cronk|Drain Punch|p2: Corviknight|[notarget]
|-fail|p1a: Cronk
|
|-weather|Snowscape|[upkeep]
|upkeep
|
|t:|1760728927
|switch|p2a: Cinderace|Cinderace, M|100/100
|turn|17
|
|t:|1760728932
|switch|p1a: Turd|Heatran, M|100/100
|move|p2a: Cinderace|Pyro Ball|p1a: Turd
|-start|p1a: Turd|ability: Flash Fire
|
|-weather|Snowscape|[upkeep]
|upkeep
|turn|18
|
|t:|1760728934
|move|p2a: Cinderace|U-turn|p1a: Turd
|-start|p2a: Cinderace|typechange|Bug|[from] ability: Libero
|-resisted|p1a: Turd
|-damage|p1a: Turd|94/100
|
|t:|1760728939
|switch|p2a: Ting-Lu|Ting-Lu|100/100|[from] U-turn
|-ability|p2a: Ting-Lu|Vessel of Ruin
|move|p1a: Turd|Magma Storm|p2a: Ting-Lu
|-damage|p2a: Ting-Lu|72/100
|-activate|p2a: Ting-Lu|move: Magma Storm|[of] p1a: Turd
|
|-weather|Snowscape|[upkeep]
|-heal|p1a: Turd|100/100|[from] item: Leftovers
|-heal|p2a: Ting-Lu|78/100|[from] item: Leftovers
|-damage|p2a: Ting-Lu|66/100|[from] move: Magma Storm|[partiallytrapped]
|upkeep
|turn|19
|
|t:|1760728942
|move|p1a: Turd|Taunt|p2a: Ting-Lu
|-start|p2a: Ting-Lu|move: Taunt
|move|p2a: Ting-Lu|Earthquake|p1a: Turd
|-supereffective|p1a: Turd
|-damage|p1a: Turd|0 fnt
|faint|p1a: Turd
|
|-weather|none
|-heal|p2a: Ting-Lu|72/100|[from] item: Leftovers
|-end|p2a: Ting-Lu|Magma Storm|[partiallytrapped]|[silent]
|upkeep
|
|t:|1760728944
|switch|p1a: Cronk|Conkeldurr, M|39/100
|turn|20
|
|t:|1760728951
|switch|p2a: Slowking|Slowking-Galar, L99, M|41/100
|move|p1a: Cronk|Knock Off|p2a: Slowking
|-supereffective|p2a: Slowking
|-damage|p2a: Slowking|0 fnt
|faint|p2a: Slowking
|
|upkeep
|
|t:|1760728953
|switch|p2a: Cinderace|Cinderace, M|100/100
|turn|21
|
|t:|1760728956
|switch|p1a: DAYBREAK|Iron Moth|100/100
|move|p2a: Cinderace|Pyro Ball|p1a: DAYBREAK
|-resisted|p1a: DAYBREAK
|-damage|p1a: DAYBREAK|60/100
|
|upkeep
|turn|22
|
|t:|1760728960
|move|p1a: DAYBREAK|Toxic Spikes|p2a: Cinderace
|-sidestart|p2: churrostick|move: Toxic Spikes
|move|p2a: Cinderace|U-turn|p1a: DAYBREAK
|-start|p2a: Cinderace|typechange|Bug|[from] ability: Libero
|-resisted|p1a: DAYBREAK
|-damage|p1a: DAYBREAK|49/100
|
|t:|1760728965
|switch|p2a: Ting-Lu|Ting-Lu|72/100|[from] U-turn
|-status|p2a: Ting-Lu|psn
|-ability|p2a: Ting-Lu|Vessel of Ruin
|
|-heal|p2a: Ting-Lu|78/100 psn|[from] item: Leftovers
|-damage|p2a: Ting-Lu|66/100 psn|[from] psn
|upkeep
|turn|23
|
|t:|1760728971
|-end|p1a: DAYBREAK|Quark Drive|[silent]
|switch|p1a: Cronk|Conkeldurr, M|39/100
|move|p2a: Ting-Lu|Earthquake|p1a: Cronk
|-damage|p1a: Cronk|8/100
|
|-heal|p2a: Ting-Lu|72/100 psn|[from] item: Leftovers
|-damage|p2a: Ting-Lu|59/100 psn|[from] psn
|upkeep
|turn|24
|
|t:|1760728982
|switch|p2a: Dondozo|Dondozo, M|100/100
|-status|p2a: Dondozo|psn
|move|p1a: Cronk|Drain Punch|p2a: Dondozo
|-damage|p2a: Dondozo|79/100 psn
|-heal|p1a: Cronk|21/100|[from] drain|[of] p2a: Dondozo
|
|-heal|p2a: Dondozo|85/100 psn|[from] item: Leftovers
|-damage|p2a: Dondozo|73/100 psn|[from] psn
|upkeep
|turn|25
|
|t:|1760728988
|move|p1a: Cronk|Drain Punch|p2a: Dondozo
|-damage|p2a: Dondozo|52/100 psn
|-heal|p1a: Cronk|34/100|[from] drain|[of] p2a: Dondozo
|move|p2a: Dondozo|Body Press|p1a: Cronk
|-damage|p1a: Cronk|8/100
|
|-heal|p2a: Dondozo|59/100 psn|[from] item: Leftovers
|-damage|p2a: Dondozo|46/100 psn|[from] psn
|upkeep
|turn|26
|
|t:|1760728998
|move|p1a: Cronk|Knock Off|p2a: Dondozo
|-damage|p2a: Dondozo|30/100 psn
|-enditem|p2a: Dondozo|Leftovers|[from] move: Knock Off|[of] p1a: Cronk
|move|p2a: Dondozo|Body Press|p1a: Cronk
|-damage|p1a: Cronk|0 fnt
|faint|p1a: Cronk
|
|-damage|p2a: Dondozo|17/100 psn|[from] psn
|upkeep
|
|t:|1760729006
|switch|p1a: Brrrrrrrr|Latios, M|100/100
|turn|27
|
|t:|1760729014
|move|p1a: Brrrrrrrr|Aura Sphere|p2a: Dondozo
|-damage|p2a: Dondozo|0 fnt
|faint|p2a: Dondozo
|
|upkeep
|
|t:|1760729020
|switch|p2a: Cinderace|Cinderace, M|100/100
|turn|28
|
|t:|1760729028
|switch|p1a: DAYBREAK|Iron Moth|49/100
|move|p2a: Cinderace|Court Change|p2a: Cinderace
|-start|p2a: Cinderace|typechange|Normal|[from] ability: Libero
|-swapsideconditions
|-activate|p2a: Cinderace|move: Court Change
|
|upkeep
|turn|29
|
|t:|1760729041
|move|p1a: DAYBREAK|Toxic Spikes|p2a: Cinderace
|-sidestart|p2: churrostick|move: Toxic Spikes
|move|p2a: Cinderace|Pyro Ball|p1a: DAYBREAK
|-resisted|p1a: DAYBREAK
|-damage|p1a: DAYBREAK|20/100
|
|upkeep
|turn|30
|
|t:|1760729045
|-end|p1a: DAYBREAK|Quark Drive|[silent]
|switch|p1a: Mandby|Mandibuzz, F|100/100
|move|p2a: Cinderace|Pyro Ball|p1a: Mandby
|-damage|p1a: Mandby|82/100
|-status|p1a: Mandby|brn
|
|-damage|p1a: Mandby|76/100 brn|[from] brn
|upkeep
|turn|31
|
|t:|1760729050
|move|p2a: Cinderace|Court Change|p2a: Cinderace
|-swapsideconditions
|-activate|p2a: Cinderace|move: Court Change
|move|p1a: Mandby|Foul Play|p2a: Cinderace
|-damage|p2a: Cinderace|79/100
|
|-damage|p1a: Mandby|70/100 brn|[from] brn
|upkeep
|turn|32
|
|t:|1760729054
|move|p2a: Cinderace|U-turn|p1a: Mandby
|-damage|p1a: Mandby|58/100 brn
|
|t:|1760729056
|switch|p2a: Ting-Lu|Ting-Lu|59/100 psn|[from] U-turn
|-ability|p2a: Ting-Lu|Vessel of Ruin
|move|p1a: Mandby|U-turn|p2a: Ting-Lu
|-supereffective|p2a: Ting-Lu
|-damage|p2a: Ting-Lu|54/100 psn
|
|t:|1760729061
|switch|p1a: Brrrrrrrr|Latios, M|100/100|[from] U-turn
|
|-heal|p2a: Ting-Lu|60/100 psn|[from] item: Leftovers
|-damage|p2a: Ting-Lu|47/100 psn|[from] psn
|upkeep
|turn|33
|
|t:|1760729070
|-terastallize|p2a: Ting-Lu|Water
|move|p1a: Brrrrrrrr|Draco Meteor|p2a: Ting-Lu
|-damage|p2a: Ting-Lu|6/100 psn
|-unboost|p1a: Brrrrrrrr|spa|2
|move|p2a: Ting-Lu|Rest|p2a: Ting-Lu
|-status|p2a: Ting-Lu|slp|[from] move: Rest
|-heal|p2a: Ting-Lu|100/100 slp|[silent]
|
|upkeep
|turn|34
|
|t:|1760729082
|switch|p1a: DAYBREAK|Iron Moth|20/100
|-sideend|p1: poketrep|move: Toxic Spikes|[of] p1a: DAYBREAK
|cant|p2a: Ting-Lu|slp
|move|p2a: Ting-Lu|Sleep Talk|p2a: Ting-Lu
|move|p2a: Ting-Lu|Earthquake|p1a: DAYBREAK|[from] move: Sleep Talk
|-supereffective|p1a: DAYBREAK
|-crit|p1a: DAYBREAK
|-damage|p1a: DAYBREAK|0 fnt
|faint|p1a: DAYBREAK
|-end|p1a: DAYBREAK|Quark Drive|[silent]
|
|upkeep
|
|t:|1760729084
|switch|p1a: Brrrrrrrr|Latios, M|100/100
|turn|35
|
|t:|1760729090
|move|p1a: Brrrrrrrr|Luster Purge|p2a: Ting-Lu
|-damage|p2a: Ting-Lu|68/100 slp
|-unboost|p2a: Ting-Lu|spd|1
|cant|p2a: Ting-Lu|slp
|move|p2a: Ting-Lu|Sleep Talk|p2a: Ting-Lu
|move|p2a: Ting-Lu|Rest||[from] move: Sleep Talk|[still]
|-fail|p2a: Ting-Lu
|
|-heal|p2a: Ting-Lu|74/100 slp|[from] item: Leftovers
|upkeep
|turn|36
|
|t:|1760729100
|move|p1a: Brrrrrrrr|Luster Purge|p2a: Ting-Lu
|-damage|p2a: Ting-Lu|28/100 slp
|-unboost|p2a: Ting-Lu|spd|1
|-curestatus|p2a: Ting-Lu|slp|[msg]
|move|p2a: Ting-Lu|Payback|p1a: Brrrrrrrr
|-supereffective|p1a: Brrrrrrrr
|-damage|p1a: Brrrrrrrr|0 fnt
|faint|p1a: Brrrrrrrr
|
|-heal|p2a: Ting-Lu|34/100|[from] item: Leftovers
|upkeep
|l|☆poketrep
|inactive|poketrep disconnected and has a minute to reconnect!
|player|p1|
|inactive|poketrep has 30 seconds to reconnect!
|inactive|poketrep has 20 seconds to reconnect!
|inactive|poketrep has 15 seconds to reconnect!
|inactive|poketrep has 10 seconds to reconnect!
|inactive|poketrep has 5 seconds to reconnect!
|-message|poketrep lost due to inactivity.
|
|win|churrostick
|raw|poketrep's rating: 1674 &rarr; <strong>1656</strong><br />(-18 for losing)
|raw|churrostick's rating: 1711 &rarr; <strong>1729</strong><br />(+18 for winning)
