|j|☆HZBKAI2
|j|☆alonsojoe1
|t:|1760764940
|gametype|singles
|player|p1|HZBKAI2|266|1093
|player|p2|alonsojoe1|102|1083
|gen|9
|tier|[Gen 9] OU
|rated|
|rule|HP Percentage Mod: HP is shown in percentages
|rule|Endless Battle Clause: Forcing endless battles is banned
|rule|Species Clause: Limit one of each Pokémon
|rule|OHKO Clause: OHKO moves are banned
|rule|Evasion Items Clause: Evasion items are banned
|rule|Evasion Moves Clause: Evasion moves are banned
|rule|Evasion Abilities Clause: Evasion abilities are banned
|rule|Sleep Moves Clause: Sleep-inducing moves are banned
|clearpoke
|poke|p1|Latias, F|
|poke|p1|Ceruledge, F|
|poke|p1|Iron Valiant|
|poke|p1|Moltres-Galar|
|poke|p1|Glimmora, M|
|poke|p1|Scizor, F|
|poke|p2|Grimmsnarl, M|
|poke|p2|Gyarados, M|
|poke|p2|Dragonite, F|
|poke|p2|Cinderace, F|
|poke|p2|Gholdengo|
|poke|p2|Kingambit, F|
|teampreview
|
|t:|1760764951
|teamsize|p1|6
|teamsize|p2|6
|start
|switch|p1a: Moltres|Moltres-Galar|100/100
|switch|p2a: Grimmsnarl|Grimmsnarl, M|100/100
|turn|1
|
|t:|1760764959
|move|p2a: Grimmsnarl|Reflect|p2a: Grimmsnarl
|-sidestart|p2: alonsojoe1|Reflect
|move|p1a: Moltres|Hurricane|p2a: Grimmsnarl
|-damage|p2a: Grimmsnarl|64/100
|-start|p2a: Grimmsnarl|confusion
|
|upkeep
|turn|2
|
|t:|1760764966
|-activate|p2a: Grimmsnarl|confusion
|-damage|p2a: Grimmsnarl|52/100|[from] confusion
|move|p1a: Moltres|Hurricane|p2a: Grimmsnarl
|-damage|p2a: Grimmsnarl|10/100
|
|upkeep
|turn|3
|
|t:|1760764973
|-activate|p2a: Grimmsnarl|confusion
|move|p2a: Grimmsnarl|Light Screen|p2a: Grimmsnarl
|-sidestart|p2: alonsojoe1|move: Light Screen
|move|p1a: Moltres|Hurricane|p2a: Grimmsnarl
|-damage|p2a: Grimmsnarl|0 fnt
|faint|p2a: Grimmsnarl
|
|upkeep
|
|t:|1760764983
|switch|p2a: Gyarados|Gyarados, M|100/100
|-ability|p2a: Gyarados|Intimidate|boost
|-unboost|p1a: Moltres|atk|1
|turn|4
|
|t:|1760764988
|move|p1a: Moltres|Fiery Wrath|p2a: Gyarados
|-damage|p2a: Gyarados|77/100
|move|p2a: Gyarados|Waterfall|p1a: Moltres
|-damage|p1a: Moltres|53/100
|
|upkeep
|turn|5
|
|t:|1760764998
|-terastallize|p2a: Gyarados|Water
|move|p1a: Moltres|Fiery Wrath|p2a: Gyarados
|-damage|p2a: Gyarados|54/100
|cant|p2a: Gyarados|flinch
|
|upkeep
|turn|6
|
|t:|1760765005
|move|p1a: Moltres|Fiery Wrath|p2a: Gyarados
|-damage|p2a: Gyarados|33/100
|move|p2a: Gyarados|Waterfall|p1a: Moltres
|-damage|p1a: Moltres|0 fnt
|faint|p1a: Moltres
|
|upkeep
|
|t:|1760765006
|switch|p1a: Ceruledge|Ceruledge, F|100/100
|turn|7
|
|t:|1760765017
|move|p1a: Ceruledge|Poltergeist|p2a: Gyarados
|-activate|p2a: Gyarados|move: Poltergeist|Rocky Helmet
|-damage|p2a: Gyarados|0 fnt
|faint|p2a: Gyarados
|
|upkeep
|
|t:|1760765024
|switch|p2a: Dragonite|Dragonite, F|100/100
|turn|8
|
|t:|1760765031
|move|p1a: Ceruledge|Poltergeist|p2a: Dragonite|[miss]
|-miss|p1a: Ceruledge|p2a: Dragonite
|move|p2a: Dragonite|Earthquake|p1a: Ceruledge
|-supereffective|p1a: Ceruledge
|-enditem|p1a: Ceruledge|Focus Sash
|-damage|p1a: Ceruledge|1/100
|-ability|p1a: Ceruledge|Weak Armor|boost
|-unboost|p1a: Ceruledge|def|1
|-boost|p1a: Ceruledge|spe|2
|
|-sideend|p2: alonsojoe1|Reflect
|upkeep
|turn|9
|
|t:|1760765045
|-terastallize|p1a: Ceruledge|Ghost
|move|p2a: Dragonite|Extreme Speed|p1a: Ceruledge
|-immune|p1a: Ceruledge
|move|p1a: Ceruledge|Poltergeist|p2a: Dragonite
|-activate|p2a: Dragonite|move: Poltergeist|Heavy-Duty Boots
|-damage|p2a: Dragonite|58/100
|
|upkeep
|turn|10
|
|t:|1760765058
|move|p1a: Ceruledge|Poltergeist|p2a: Dragonite
|-activate|p2a: Dragonite|move: Poltergeist|Heavy-Duty Boots
|-damage|p2a: Dragonite|0 fnt
|faint|p2a: Dragonite
|
|-sideend|p2: alonsojoe1|move: Light Screen
|upkeep
|
|t:|1760765065
|switch|p2a: Cinderace|Cinderace, F|100/100
|turn|11
|
|t:|1760765071
|move|p1a: Ceruledge|Poltergeist|p2a: Cinderace
|-activate|p2a: Cinderace|move: Poltergeist|Heavy-Duty Boots
|-damage|p2a: Cinderace|1/100
|move|p2a: Cinderace|U-turn|p1a: Ceruledge
|-start|p2a: Cinderace|typechange|Bug|[from] ability: Libero
|-resisted|p1a: Ceruledge
|-damage|p1a: Ceruledge|0 fnt
|faint|p1a: Ceruledge
|
|t:|1760765081
|switch|p2a: Gholdengo|Gholdengo|100/100|[from] U-turn
|-item|p2a: Gholdengo|Air Balloon
|
|upkeep
|
|t:|1760765081
|switch|p1a: Iron Valiant|Iron Valiant|100/100
|-enditem|p1a: Iron Valiant|Booster Energy
|-activate|p1a: Iron Valiant|ability: Quark Drive|[fromitem]
|-start|p1a: Iron Valiant|quarkdrivespe
|turn|12
|
|t:|1760765094
|move|p1a: Iron Valiant|Shadow Ball|p2a: Gholdengo
|-supereffective|p2a: Gholdengo
|-damage|p2a: Gholdengo|36/100
|-enditem|p2a: Gholdengo|Air Balloon
|move|p2a: Gholdengo|Shadow Ball|p1a: Iron Valiant
|-damage|p1a: Iron Valiant|29/100
|-unboost|p1a: Iron Valiant|spd|1
|
|upkeep
|turn|13
|
|t:|1760765105
|switch|p2a: Kingambit|Kingambit, F|100/100
|-activate|p2a: Kingambit|ability: Supreme Overlord
|-start|p2a: Kingambit|fallen3|[silent]
|move|p1a: Iron Valiant|Shadow Ball|p2a: Kingambit
|-resisted|p2a: Kingambit
|-damage|p2a: Kingambit|87/100
|-unboost|p2a: Kingambit|spd|1
|
|upkeep
|turn|14
|
|t:|1760765117
|move|p2a: Kingambit|Sucker Punch|p1a: Iron Valiant
|-resisted|p1a: Iron Valiant
|-damage|p1a: Iron Valiant|8/100
|move|p1a: Iron Valiant|Moonblast|p2a: Kingambit
|-damage|p2a: Kingambit|19/100
|-unboost|p2a: Kingambit|spa|1
|
|upkeep
|turn|15
|
|t:|1760765125
|move|p2a: Kingambit|Sucker Punch|p1a: Iron Valiant
|-resisted|p1a: Iron Valiant
|-damage|p1a: Iron Valiant|0 fnt
|faint|p1a: Iron Valiant
|-end|p1a: Iron Valiant|Quark Drive|[silent]
|
|upkeep
|
|t:|1760765125
|switch|p1a: Scizor|Scizor, F|100/100
|turn|16
|
|t:|1760765133
|move|p2a: Kingambit|Sucker Punch|p1a: Scizor
|-damage|p1a: Scizor|34/100
|move|p1a: Scizor|Close Combat|p2a: Kingambit
|-supereffective|p2a: Kingambit
|-damage|p2a: Kingambit|0 fnt
|-unboost|p1a: Scizor|def|1
|-unboost|p1a: Scizor|spd|1
|faint|p2a: Kingambit
|-end|p2a: Kingambit|fallen3|[silent]
|-damage|p1a: Scizor|24/100|[from] item: Life Orb
|
|upkeep
|
|t:|1760765144
|switch|p2a: Cinderace|Cinderace, F|1/100
|turn|17
|
|t:|1760765147
|move|p2a: Cinderace|Pyro Ball|p1a: Scizor
|-supereffective|p1a: Scizor
|-damage|p1a: Scizor|0 fnt
|faint|p1a: Scizor
|
|upkeep
|
|t:|1760765147
|switch|p1a: Glimmora|Glimmora, M|100/100
|turn|18
|
|t:|1760765165
|move|p2a: Cinderace|U-turn|p1a: Glimmora
|-start|p2a: Cinderace|typechange|Bug|[from] ability: Libero
|-resisted|p1a: Glimmora
|-damage|p1a: Glimmora|78/100
|-activate|p1a: Glimmora|ability: Toxic Debris
|-sidestart|p2: alonsojoe1|move: Toxic Spikes
|
|t:|1760765171
|switch|p2a: Gholdengo|Gholdengo|36/100|[from] U-turn
|move|p1a: Glimmora|Meteor Beam||[still]
|-prepare|p1a: Glimmora|Meteor Beam
|-boost|p1a: Glimmora|spa|1
|-enditem|p1a: Glimmora|Power Herb
|-anim|p1a: Glimmora|Meteor Beam|p2a: Gholdengo|[miss]
|-miss|p1a: Glimmora|p2a: Gholdengo
|
|upkeep
|turn|19
|
|t:|1760765186
|move|p1a: Glimmora|Earth Power|p2a: Gholdengo
|-supereffective|p2a: Gholdengo
|-damage|p2a: Gholdengo|0 fnt
|faint|p2a: Gholdengo
|
|upkeep
|
|t:|1760765191
|switch|p2a: Cinderace|Cinderace, F|1/100
|turn|20
|
|t:|1760765194
|move|p2a: Cinderace|Pyro Ball|p1a: Glimmora
|-resisted|p1a: Glimmora
|-damage|p1a: Glimmora|42/100
|-activate|p1a: Glimmora|ability: Toxic Debris
|-sidestart|p2: alonsojoe1|move: Toxic Spikes
|move|p1a: Glimmora|Meteor Beam||[still]
|-prepare|p1a: Glimmora|Meteor Beam
|-boost|p1a: Glimmora|spa|1
|
|upkeep
|turn|21
|
|t:|1760765204
|move|p2a: Cinderace|Gunk Shot|p1a: Glimmora
|-start|p2a: Cinderace|typechange|Poison|[from] ability: Libero
|-resisted|p1a: Glimmora
|-damage|p1a: Glimmora|24/100
|move|p1a: Glimmora|Meteor Beam|p2a: Cinderace|[from] lockedmove
|-damage|p2a: Cinderace|0 fnt
|faint|p2a: Cinderace
|
|win|HZBKAI2
|raw|HZBKAI2's rating: 1093 &rarr; <strong>1118</strong><br />(+25 for winning)
|raw|alonsojoe1's rating: 1083 &rarr; <strong>1061</strong><br />(-22 for losing)
|l|☆HZBKAI2
|player|p1|
|l|☆alonsojoe1
|player|p2|
