|j|☆avenacaroni
|j|☆highdef99
|t:|1760847878
|gametype|singles
|player|p1|avenacaroni|caitlin|1229
|player|p2|highdef99|265|1204
|gen|9
|tier|[Gen 9] OU
|rated|
|rule|HP Percentage Mod: HP is shown in percentages
|rule|Endless Battle Clause: Forcing endless battles is banned
|rule|Species Clause: Limit one of each Pokémon
|rule|OHKO Clause: OHKO moves are banned
|rule|Evasion Items Clause: Evasion items are banned
|rule|Evasion Moves Clause: Evasion moves are banned
|rule|Evasion Abilities Clause: Evasion abilities are banned
|rule|Sleep Moves Clause: Sleep-inducing moves are banned
|clearpoke
|poke|p1|Infernape, M|
|poke|p1|Garchomp, M|
|poke|p1|Gyarados, M|
|poke|p1|Electivire, F|
|poke|p1|Scizor, F|
|poke|p1|Gengar, M|
|poke|p2|Dragapult, F|
|poke|p2|Dragonite, F|
|poke|p2|Ting-Lu|
|poke|p2|Weezing-Galar, F|
|poke|p2|Iron Crown|
|poke|p2|Zapdos|
|teampreview
|
|t:|1760847898
|teamsize|p1|6
|teamsize|p2|6
|start
|switch|p1a: Evie|Electivire, F|100/100
|switch|p2a: Ting-Lu|Ting-Lu|100/100
|-ability|p2a: Ting-Lu|Vessel of Ruin
|turn|1
|
|t:|1760847910
|switch|p1a: Gyro|Gyarados, M|100/100
|-ability|p1a: Gyro|Intimidate|boost
|-unboost|p2a: Ting-Lu|atk|1
|move|p2a: Ting-Lu|Stealth Rock|p1a: Gyro
|-sidestart|p1: avenacaroni|move: Stealth Rock
|
|upkeep
|turn|2
|
|t:|1760847919
|switch|p2a: Zapdos|Zapdos|100/100
|move|p1a: Gyro|Dragon Dance|p1a: Gyro
|-boost|p1a: Gyro|atk|1
|-boost|p1a: Gyro|spe|1
|
|upkeep
|turn|3
|
|t:|1760847939
|switch|p1a: Garrus|Garchomp, M|100/100
|-damage|p1a: Garrus|94/100|[from] Stealth Rock
|move|p2a: Zapdos|Volt Switch|p1a: Garrus
|-immune|p1a: Garrus
|
|upkeep
|turn|4
|
|t:|1760847958
|-terastallize|p1a: Garrus|Steel
|move|p1a: Garrus|Swords Dance|p1a: Garrus
|-boost|p1a: Garrus|atk|2
|move|p2a: Zapdos|Hurricane|p1a: Garrus
|-resisted|p1a: Garrus
|-damage|p1a: Garrus|61/100
|-start|p1a: Garrus|confusion
|
|upkeep
|turn|5
|
|t:|1760847977
|-terastallize|p2a: Zapdos|Fairy
|-activate|p1a: Garrus|confusion
|-damage|p1a: Garrus|32/100|[from] confusion
|move|p2a: Zapdos|Heat Wave|p1a: Garrus|[miss]
|-miss|p2a: Zapdos|p1a: Garrus
|
|upkeep
|turn|6
|
|t:|1760848000
|switch|p1a: Gyro|Gyarados, M|100/100
|-ability|p1a: Gyro|Intimidate|boost
|-unboost|p2a: Zapdos|atk|1
|move|p2a: Zapdos|Volt Switch|p1a: Gyro
|-supereffective|p1a: Gyro
|-damage|p1a: Gyro|0 fnt
|faint|p1a: Gyro
|
|t:|1760848008
|switch|p2a: Iron Crown|Iron Crown|100/100|[from] Volt Switch
|
|upkeep
|
|t:|1760848032
|switch|p1a: Inferno|Infernape, M|100/100
|-damage|p1a: Inferno|88/100|[from] Stealth Rock
|turn|7
|
|t:|1760848043
|-end|p2a: Iron Crown|Quark Drive|[silent]
|switch|p2a: Weezing|Weezing-Galar, F|100/100
|-ability|p2a: Weezing|Neutralizing Gas
|move|p1a: Inferno|Fire Blast|p2a: Weezing
|-damage|p2a: Weezing|38/100
|
|upkeep
|turn|8
|
|t:|1760848054
|move|p1a: Inferno|Scorching Sands|p2a: Weezing
|-supereffective|p2a: Weezing
|-damage|p2a: Weezing|0 fnt
|faint|p2a: Weezing
|-end|p2a: Weezing|ability: Neutralizing Gas
|
|upkeep
|
|t:|1760848058
|switch|p2a: Dragonite|Dragonite, F|100/100
|turn|9
|
|t:|1760848089
|move|p1a: Inferno|Fire Blast|p2a: Dragonite
|-resisted|p2a: Dragonite
|-damage|p2a: Dragonite|88/100
|move|p2a: Dragonite|Earthquake|p1a: Inferno
|-supereffective|p1a: Inferno
|-damage|p1a: Inferno|0 fnt
|faint|p1a: Inferno
|
|upkeep
|
|t:|1760848096
|switch|p1a: Clover|Gengar, M|100/100
|-damage|p1a: Clover|88/100|[from] Stealth Rock
|-item|p1a: Clover|Air Balloon
|turn|10
|
|t:|1760848102
|switch|p2a: Ting-Lu|Ting-Lu|100/100
|-ability|p2a: Ting-Lu|Vessel of Ruin
|move|p1a: Clover|Will-O-Wisp|p2a: Ting-Lu
|-status|p2a: Ting-Lu|brn
|
|-damage|p2a: Ting-Lu|94/100 brn|[from] brn
|upkeep
|turn|11
|
|t:|1760848121
|switch|p1a: Sasha|Scizor, F|100/100
|-damage|p1a: Sasha|88/100|[from] Stealth Rock
|move|p2a: Ting-Lu|Ruination|p1a: Sasha
|-damage|p1a: Sasha|45/100
|
|-heal|p2a: Ting-Lu|100/100 brn|[from] item: Leftovers
|-damage|p2a: Ting-Lu|94/100 brn|[from] brn
|upkeep
|turn|12
|
|t:|1760848132
|switch|p2a: Zapdos|Zapdos, tera:Fairy|100/100
|move|p1a: Sasha|Close Combat|p2a: Zapdos
|-resisted|p2a: Zapdos
|-damage|p2a: Zapdos|58/100
|-unboost|p1a: Sasha|def|1
|-unboost|p1a: Sasha|spd|1
|
|upkeep
|turn|13
|
|t:|1760848144
|switch|p2a: Iron Crown|Iron Crown|100/100
|switch|p1a: Garrus|Garchomp, M, tera:Steel|32/100
|-damage|p1a: Garrus|25/100|[from] Stealth Rock
|
|upkeep
|turn|14
|
|t:|1760848148
|move|p1a: Garrus|Earthquake|p2a: Iron Crown
|-supereffective|p2a: Iron Crown
|-damage|p2a: Iron Crown|0 fnt
|faint|p2a: Iron Crown
|-end|p2a: Iron Crown|Quark Drive|[silent]
|
|upkeep
|
|t:|1760848152
|switch|p2a: Dragapult|Dragapult, F|100/100
|turn|15
|
|t:|1760848156
|move|p2a: Dragapult|Will-O-Wisp|p1a: Garrus|[miss]
|-miss|p2a: Dragapult|p1a: Garrus
|move|p1a: Garrus|Scale Shot|p2a: Dragapult
|-supereffective|p2a: Dragapult
|-crit|p2a: Dragapult
|-damage|p2a: Dragapult|41/100
|-supereffective|p2a: Dragapult
|-damage|p2a: Dragapult|6/100
|-start|p1a: Garrus|Disable|Scale Shot|[from] ability: Cursed Body|[of] p2a: Dragapult
|-supereffective|p2a: Dragapult
|-damage|p2a: Dragapult|0 fnt
|faint|p2a: Dragapult
|-hitcount|p2: Dragapult|3
|-unboost|p1a: Garrus|def|1
|-boost|p1a: Garrus|spe|1
|
|upkeep
|
|t:|1760848164
|switch|p2a: Zapdos|Zapdos, tera:Fairy|58/100
|turn|16
|
|t:|1760848168
|move|p1a: Garrus|Iron Head|p2a: Zapdos
|-supereffective|p2a: Zapdos
|-damage|p2a: Zapdos|0 fnt
|faint|p2a: Zapdos
|
|upkeep
|
|t:|1760848174
|switch|p2a: Dragonite|Dragonite, F|88/100
|turn|17
|
|t:|1760848188
|switch|p2a: Ting-Lu|Ting-Lu|94/100 brn
|-ability|p2a: Ting-Lu|Vessel of Ruin
|move|p1a: Garrus|Iron Head|p2a: Ting-Lu
|-crit|p2a: Ting-Lu
|-damage|p2a: Ting-Lu|61/100 brn
|
|-heal|p2a: Ting-Lu|67/100 brn|[from] item: Leftovers
|-damage|p2a: Ting-Lu|61/100 brn|[from] brn
|upkeep
|turn|18
|
|t:|1760848217
|move|p1a: Garrus|Iron Head|p2a: Ting-Lu
|-damage|p2a: Ting-Lu|36/100 brn
|cant|p2a: Ting-Lu|flinch
|
|-heal|p2a: Ting-Lu|42/100 brn|[from] item: Leftovers
|-damage|p2a: Ting-Lu|36/100 brn|[from] brn
|-end|p1a: Garrus|Disable
|upkeep
|turn|19
|
|t:|1760848228
|move|p1a: Garrus|Scale Shot|p2a: Ting-Lu
|-damage|p2a: Ting-Lu|28/100 brn
|-damage|p2a: Ting-Lu|20/100 brn
|-damage|p2a: Ting-Lu|13/100 brn
|-damage|p2a: Ting-Lu|6/100 brn
|-damage|p2a: Ting-Lu|0 fnt
|faint|p2a: Ting-Lu
|-hitcount|p2: Ting-Lu|5
|-unboost|p1a: Garrus|def|1
|-boost|p1a: Garrus|spe|1
|
|upkeep
|-message|highdef99 forfeited.
|
|win|avenacaroni
|raw|avenacaroni's rating: 1229 &rarr; <strong>1252</strong><br />(+23 for winning)
|raw|highdef99's rating: 1204 &rarr; <strong>1181</strong><br />(-23 for losing)
|l|☆highdef99
|player|p2|
|l|☆avenacaroni
|player|p1|
