|j|‽expressionlesss
|j|☆creasproxd
|t:|1760810832
|gametype|singles
|player|p1|expressionlesss|2|1102
|player|p2|creasproxd|clerk|1071
|gen|9
|tier|[Gen 9] OU
|rated|
|rule|HP Percentage Mod: HP is shown in percentages
|rule|Endless Battle Clause: Forcing endless battles is banned
|rule|Species Clause: Limit one of each Pokémon
|rule|OHKO Clause: OHKO moves are banned
|rule|Evasion Items Clause: Evasion items are banned
|rule|Evasion Moves Clause: Evasion moves are banned
|rule|Evasion Abilities Clause: Evasion abilities are banned
|rule|Sleep Moves Clause: Sleep-inducing moves are banned
|clearpoke
|poke|p1|Iron Hands|
|poke|p1|Hatterene, F|
|poke|p1|Hoopa-Unbound|
|poke|p1|Heatran, F|
|poke|p1|Cresselia, F|
|poke|p1|Ursaluna, M|
|poke|p2|Kingambit, F|
|poke|p2|Cinderace, F|
|poke|p2|Landorus-Therian, M|
|poke|p2|Iron Valiant|
|poke|p2|Kyurem|
|poke|p2|Slowking-Galar, M|
|teampreview
|inactive|Battle timer is ON: inactive players will automatically lose when time's up. (requested by expressionlesss)
|inactive|creasproxd has 120 seconds left.
|
|t:|1760810880
|teamsize|p1|6
|teamsize|p2|6
|start
|switch|p1a: Hatterene|Hatterene, F, shiny|100/100
|switch|p2a: Homelandor|Landorus-Therian, M, shiny|100/100
|-ability|p2a: Homelandor|Intimidate|boost
|-unboost|p1a: Hatterene|atk|1
|turn|1
|
|t:|1760810888
|move|p2a: Homelandor|U-turn|p1a: Hatterene
|-damage|p1a: Hatterene|82/100
|
|t:|1760810891
|switch|p2a: Daenerys|Kingambit, F|100/100|[from] U-turn
|move|p1a: Hatterene|Trick Room|p1a: Hatterene
|-fieldstart|move: Trick Room|[of] p1a: Hatterene
|
|upkeep
|turn|2
|
|t:|1760810901
|move|p1a: Hatterene|Dazzling Gleam|p2a: Daenerys
|-damage|p2a: Daenerys|64/100
|move|p2a: Daenerys|Iron Head|p1a: Hatterene
|-supereffective|p1a: Hatterene
|-damage|p1a: Hatterene|2/100
|
|-heal|p2a: Daenerys|70/100|[from] item: Leftovers
|upkeep
|turn|3
|
|t:|1760810915
|switch|p1a: Iron Hands|Iron Hands, shiny|100/100
|-enditem|p1a: Iron Hands|Booster Energy
|-activate|p1a: Iron Hands|ability: Quark Drive|[fromitem]
|-start|p1a: Iron Hands|quarkdriveatk
|move|p2a: Daenerys|Kowtow Cleave|p1a: Iron Hands
|-resisted|p1a: Iron Hands
|-damage|p1a: Iron Hands|86/100
|
|-heal|p2a: Daenerys|76/100|[from] item: Leftovers
|upkeep
|turn|4
|
|t:|1760810925
|-end|p2a: Daenerys|fallenundefined|[silent]
|switch|p2a: Homelandor|Landorus-Therian, M, shiny|100/100
|-ability|p2a: Homelandor|Intimidate|boost
|-unboost|p1a: Iron Hands|atk|1
|move|p1a: Iron Hands|Drain Punch|p2a: Homelandor
|-resisted|p2a: Homelandor
|-damage|p2a: Homelandor|83/100
|-heal|p1a: Iron Hands|92/100|[from] drain|[of] p2a: Homelandor
|-damage|p1a: Iron Hands|75/100|[from] item: Rocky Helmet|[of] p2a: Homelandor
|
|upkeep
|turn|5
|
|t:|1760810934
|move|p1a: Iron Hands|Ice Punch|p2a: Homelandor
|-supereffective|p2a: Homelandor
|-damage|p2a: Homelandor|0 fnt
|-damage|p1a: Iron Hands|59/100|[from] item: Rocky Helmet|[of] p2a: Homelandor
|faint|p2a: Homelandor
|
|-fieldend|move: Trick Room
|upkeep
|
|t:|1760810938
|switch|p2a: WALL-Y|Iron Valiant|100/100
|-enditem|p2a: WALL-Y|Booster Energy
|-activate|p2a: WALL-Y|ability: Quark Drive|[fromitem]
|-start|p2a: WALL-Y|quarkdrivespe
|turn|6
|
|t:|1760810948
|-end|p1a: Iron Hands|Quark Drive|[silent]
|switch|p1a: Cresselia|Cresselia, F, shiny|100/100
|move|p2a: WALL-Y|Calm Mind|p2a: WALL-Y
|-boost|p2a: WALL-Y|spa|1
|-boost|p2a: WALL-Y|spd|1
|
|upkeep
|turn|7
|
|t:|1760810954
|move|p2a: WALL-Y|Calm Mind|p2a: WALL-Y
|-boost|p2a: WALL-Y|spa|1
|-boost|p2a: WALL-Y|spd|1
|move|p1a: Cresselia|Trick Room|p1a: Cresselia
|-fieldstart|move: Trick Room|[of] p1a: Cresselia
|
|upkeep
|turn|8
|
|t:|1760810966
|move|p1a: Cresselia|Psychic|p2a: WALL-Y
|-supereffective|p2a: WALL-Y
|-damage|p2a: WALL-Y|55/100
|move|p2a: WALL-Y|Shadow Ball|p1a: Cresselia
|-supereffective|p1a: Cresselia
|-damage|p1a: Cresselia|47/100
|
|-heal|p1a: Cresselia|53/100|[from] item: Leftovers
|upkeep
|turn|9
|
|t:|1760810974
|move|p1a: Cresselia|Psychic|p2a: WALL-Y
|-supereffective|p2a: WALL-Y
|-damage|p2a: WALL-Y|11/100
|move|p2a: WALL-Y|Shadow Ball|p1a: Cresselia
|-supereffective|p1a: Cresselia
|-damage|p1a: Cresselia|0 fnt
|faint|p1a: Cresselia
|
|upkeep
|
|t:|1760810985
|switch|p1a: Ursaluna|Ursaluna, M, shiny|100/100
|turn|10
|
|t:|1760811008
|move|p1a: Ursaluna|Facade|p2a: WALL-Y
|-damage|p2a: WALL-Y|0 fnt
|faint|p2a: WALL-Y
|-end|p2a: WALL-Y|Quark Drive|[silent]
|
|-status|p1a: Ursaluna|brn|[from] item: Flame Orb
|upkeep
|inactive|creasproxd has 120 seconds left.
|c|☆creasproxd|gg
|
|t:|1760811027
|switch|p2a: Chillionaire|Slowking-Galar, M, shiny|100/100
|turn|11
|
|t:|1760811033
|move|p2a: Chillionaire|Psychic Noise|p1a: Ursaluna
|-damage|p1a: Ursaluna|74/100 brn
|-start|p1a: Ursaluna|move: Heal Block
|move|p1a: Ursaluna|Headlong Rush|p2a: Chillionaire
|-supereffective|p2a: Chillionaire
|-damage|p2a: Chillionaire|0 fnt
|-unboost|p1a: Ursaluna|def|1
|-unboost|p1a: Ursaluna|spd|1
|faint|p2a: Chillionaire
|
|-damage|p1a: Ursaluna|68/100 brn|[from] brn
|-fieldend|move: Trick Room
|upkeep
|
|t:|1760811037
|switch|p2a: Mr. Freeze|Kyurem, shiny|100/100
|-ability|p2a: Mr. Freeze|Pressure
|turn|12
|inactive|expressionlesss has 120 seconds left.
|
|t:|1760811074
|switch|p1a: Heatran|Heatran, F, shiny|100/100
|move|p2a: Mr. Freeze|Freeze-Dry|p1a: Heatran
|-resisted|p1a: Heatran
|-damage|p1a: Heatran|94/100
|
|-heal|p1a: Heatran|99/100|[from] item: Leftovers
|upkeep
|turn|13
|inactive|expressionlesss has 120 seconds left.
|
|t:|1760811092
|-terastallize|p2a: Mr. Freeze|Ground
|move|p2a: Mr. Freeze|Earth Power|p1a: Heatran
|-supereffective|p1a: Heatran
|-damage|p1a: Heatran|0 fnt
|faint|p1a: Heatran
|
|upkeep
|
|t:|1760811098
|switch|p1a: Hoopa|Hoopa-Unbound|100/100
|turn|14
|
|t:|1760811113
|move|p2a: Mr. Freeze|Earth Power|p1a: Hoopa
|-damage|p1a: Hoopa|69/100
|move|p1a: Hoopa|Trick Room|p1a: Hoopa
|-fieldstart|move: Trick Room|[of] p1a: Hoopa
|
|upkeep
|turn|15
|
|t:|1760811121
|switch|p2a: Daenerys|Kingambit, F|76/100
|-activate|p2a: Daenerys|ability: Supreme Overlord
|-start|p2a: Daenerys|fallen3|[silent]
|move|p1a: Hoopa|Psychic|p2a: Daenerys
|-immune|p2a: Daenerys
|
|-heal|p2a: Daenerys|83/100|[from] item: Leftovers
|upkeep
|turn|16
|inactive|creasproxd has 120 seconds left.
|inactive|creasproxd has 90 seconds left.
|
|t:|1760811203
|switch|p1a: Iron Hands|Iron Hands, shiny|59/100
|move|p2a: Daenerys|Iron Head|p1a: Iron Hands
|-resisted|p1a: Iron Hands
|-damage|p1a: Iron Hands|41/100
|
|-heal|p2a: Daenerys|89/100|[from] item: Leftovers
|upkeep
|turn|17
|
|t:|1760811210
|-end|p2a: Daenerys|fallen3|[silent]
|switch|p2a: Kristine|Cinderace, F, shiny|100/100
|move|p1a: Iron Hands|Drain Punch|p2a: Kristine
|-damage|p2a: Kristine|44/100
|-heal|p1a: Iron Hands|61/100|[from] drain|[of] p2a: Kristine
|
|upkeep
|turn|18
|
|t:|1760811219
|move|p1a: Iron Hands|Wild Charge|p2a: Kristine
|-damage|p2a: Kristine|0 fnt
|faint|p2a: Kristine
|-damage|p1a: Iron Hands|54/100|[from] Recoil
|
|-fieldend|move: Trick Room
|upkeep
|
|t:|1760811225
|switch|p2a: Mr. Freeze|Kyurem, shiny, tera:Ground|100/100
|-ability|p2a: Mr. Freeze|Pressure
|turn|19
|inactive|creasproxd has 90 seconds left.
|
|t:|1760811236
|-terastallize|p1a: Iron Hands|Ice
|move|p2a: Mr. Freeze|Substitute|p2a: Mr. Freeze
|-start|p2a: Mr. Freeze|Substitute
|-damage|p2a: Mr. Freeze|76/100
|move|p1a: Iron Hands|Ice Punch|p2a: Mr. Freeze
|-supereffective|p2a: Mr. Freeze
|-end|p2a: Mr. Freeze|Substitute
|
|-heal|p2a: Mr. Freeze|82/100|[from] item: Leftovers
|upkeep
|turn|20
|inactive|creasproxd has 90 seconds left.
|
|t:|1760811245
|move|p2a: Mr. Freeze|Freeze-Dry|p1a: Iron Hands
|-resisted|p1a: Iron Hands
|-damage|p1a: Iron Hands|39/100
|move|p1a: Iron Hands|Ice Punch|p2a: Mr. Freeze
|-supereffective|p2a: Mr. Freeze
|-damage|p2a: Mr. Freeze|0 fnt
|faint|p2a: Mr. Freeze
|
|upkeep
|-message|creasproxd forfeited.
|
|win|expressionlesss
|raw|expressionlesss's rating: 1102 &rarr; <strong>1125</strong><br />(+23 for winning)
|raw|creasproxd's rating: 1071 &rarr; <strong>1052</strong><br />(-19 for losing)
|l|☆creasproxd
|player|p2|
