|j|☆junin77PT
|j|☆exposed king
|t:|1760794894
|gametype|singles
|player|p1|junin77PT|2|1467
|player|p2|exposed king|101|1400
|gen|9
|tier|[Gen 9] OU
|rated|
|rule|HP Percentage Mod: HP is shown in percentages
|rule|Endless Battle Clause: Forcing endless battles is banned
|rule|Species Clause: Limit one of each Pokémon
|rule|OHKO Clause: OHKO moves are banned
|rule|Evasion Items Clause: Evasion items are banned
|rule|Evasion Moves Clause: Evasion moves are banned
|rule|Evasion Abilities Clause: Evasion abilities are banned
|rule|Sleep Moves Clause: Sleep-inducing moves are banned
|clearpoke
|poke|p1|Kyurem|
|poke|p1|Great Tusk|
|poke|p1|Scizor, F|
|poke|p1|Primarina, M|
|poke|p1|Iron Valiant|
|poke|p1|Zamazenta-*|
|poke|p2|Darkrai|
|poke|p2|Garchomp, F|
|poke|p2|Ditto|
|poke|p2|Azumarill, F|
|poke|p2|Thundurus-Therian, M|
|poke|p2|Volcanion|
|teampreview
|
|t:|1760794915
|teamsize|p1|6
|teamsize|p2|6
|start
|switch|p1a: Kyurem|Kyurem|100/100
|switch|p2a: Thundurus|Thundurus-Therian, M|100/100
|-ability|p1a: Kyurem|Pressure
|turn|1
|
|t:|1760794926
|move|p2a: Thundurus|Volt Switch|p1a: Kyurem
|-resisted|p1a: Kyurem
|-damage|p1a: Kyurem|79/100
|
|t:|1760794930
|switch|p2a: Volcanion|Volcanion|100/100|[from] Volt Switch
|move|p1a: Kyurem|Freeze-Dry|p2a: Volcanion
|-damage|p2a: Volcanion|69/100
|-status|p2a: Volcanion|frz
|
|upkeep
|turn|2
|c|☆junin77PT|crazu
|
|t:|1760794941
|move|p1a: Kyurem|Freeze-Dry|p2a: Volcanion
|-damage|p2a: Volcanion|36/100 frz
|-curestatus|p2a: Volcanion|frz|[from] move: Steam Eruption
|move|p2a: Volcanion|Steam Eruption|p1a: Kyurem
|-resisted|p1a: Kyurem
|-damage|p1a: Kyurem|54/100
|-status|p1a: Kyurem|brn
|
|-damage|p1a: Kyurem|48/100 brn|[from] brn
|upkeep
|turn|3
|c|☆exposed king|?
|
|t:|1760794989
|move|p1a: Kyurem|Freeze-Dry|p2a: Volcanion
|-crit|p2a: Volcanion
|-damage|p2a: Volcanion|0 fnt
|faint|p2a: Volcanion
|
|-damage|p1a: Kyurem|41/100 brn|[from] brn
|upkeep
|
|t:|1760794999
|switch|p2a: Azumarill|Azumarill, F|100/100
|turn|4
|
|t:|1760795024
|switch|p1a: Primarina|Primarina, M|100/100
|move|p2a: Azumarill|Play Rough|p1a: Primarina
|-damage|p1a: Primarina|20/100
|
|upkeep
|turn|5
|
|t:|1760795047
|move|p1a: Primarina|Moonblast|p2a: Azumarill
|-damage|p2a: Azumarill|65/100
|move|p2a: Azumarill|Liquidation|p1a: Primarina
|-resisted|p1a: Primarina
|-damage|p1a: Primarina|0 fnt
|faint|p1a: Primarina
|
|upkeep
|
|t:|1760795071
|switch|p1a: Kyurem|Kyurem|41/100 brn
|-ability|p1a: Kyurem|Pressure
|turn|6
|
|t:|1760795080
|move|p1a: Kyurem|Freeze-Dry|p2a: Azumarill
|-supereffective|p2a: Azumarill
|-damage|p2a: Azumarill|16/100
|move|p2a: Azumarill|Play Rough|p1a: Kyurem
|-supereffective|p1a: Kyurem
|-damage|p1a: Kyurem|0 fnt
|faint|p1a: Kyurem
|
|upkeep
|inactive|Battle timer is ON: inactive players will automatically lose when time's up. (requested by exposed king)
|
|t:|1760795103
|switch|p1a: Great Tusk|Great Tusk|100/100
|turn|7
|
|t:|1760795111
|move|p1a: Great Tusk|Rapid Spin|p2a: Azumarill
|-damage|p2a: Azumarill|0 fnt
|-boost|p1a: Great Tusk|spe|1
|faint|p2a: Azumarill
|
|upkeep
|
|t:|1760795116
|switch|p2a: Thundurus|Thundurus-Therian, M|100/100
|turn|8
|inactive|junin77PT has 120 seconds left.
|
|t:|1760795165
|-terastallize|p2a: Thundurus|Flying
|-terastallize|p1a: Great Tusk|Steel
|move|p2a: Thundurus|Tera Blast|p1a: Great Tusk|[anim] Tera Blast Flying
|-resisted|p1a: Great Tusk
|-damage|p1a: Great Tusk|49/100
|move|p1a: Great Tusk|Rapid Spin|p2a: Thundurus
|-damage|p2a: Thundurus|74/100
|-boost|p1a: Great Tusk|spe|1
|
|upkeep
|turn|9
|
|t:|1760795173
|switch|p2a: Garchomp|Garchomp, F|100/100
|move|p1a: Great Tusk|Ice Spinner|p2a: Garchomp
|-supereffective|p2a: Garchomp
|-damage|p2a: Garchomp|15/100
|-damage|p1a: Great Tusk|37/100|[from] ability: Rough Skin|[of] p2a: Garchomp
|-damage|p1a: Great Tusk|20/100|[from] item: Rocky Helmet|[of] p2a: Garchomp
|
|upkeep
|turn|10
|
|t:|1760795192
|move|p1a: Great Tusk|Headlong Rush|p2a: Garchomp
|-damage|p2a: Garchomp|0 fnt
|-unboost|p1a: Great Tusk|def|1
|-unboost|p1a: Great Tusk|spd|1
|-damage|p1a: Great Tusk|8/100|[from] ability: Rough Skin|[of] p2a: Garchomp
|-damage|p1a: Great Tusk|0 fnt|[from] item: Rocky Helmet|[of] p2a: Garchomp
|faint|p2a: Garchomp
|faint|p1a: Great Tusk
|-end|p1a: Great Tusk|Protosynthesis|[silent]
|
|upkeep
|
|t:|1760795198
|switch|p1a: Scizor|Scizor, F|100/100
|switch|p2a: Thundurus|Thundurus-Therian, M, tera:Flying|74/100
|turn|11
|
|t:|1760795212
|switch|p2a: Ditto|Ditto|100/100
|-transform|p2a: Ditto|p1a: Scizor|[from] ability: Imposter
|move|p1a: Scizor|Bullet Punch|p2a: Ditto
|-resisted|p2a: Ditto
|-damage|p2a: Ditto|72/100
|
|upkeep
|turn|12
|inactive|junin77PT has 120 seconds left.
|inactive|junin77PT has 90 seconds left.
|
|t:|1760795267
|move|p2a: Ditto|Bullet Punch|p1a: Scizor
|-resisted|p1a: Scizor
|-damage|p1a: Scizor|82/100
|move|p1a: Scizor|Bullet Punch|p2a: Ditto
|-resisted|p2a: Ditto
|-damage|p2a: Ditto|45/100
|
|upkeep
|turn|13
|
|t:|1760795288
|switch|p1a: Zamazenta|Zamazenta|100/100
|-ability|p1a: Zamazenta|Dauntless Shield|boost
|-boost|p1a: Zamazenta|def|1
|move|p2a: Ditto|Knock Off|p1a: Zamazenta
|-resisted|p1a: Zamazenta
|-damage|p1a: Zamazenta|92/100
|-enditem|p1a: Zamazenta|Leftovers|[from] move: Knock Off|[of] p2a: Ditto
|
|upkeep
|turn|14
|inactive|junin77PT has 90 seconds left.
|
|t:|1760795304
|switch|p2a: Thundurus|Thundurus-Therian, M, tera:Flying|74/100
|move|p1a: Zamazenta|Substitute|p1a: Zamazenta
|-start|p1a: Zamazenta|Substitute
|-damage|p1a: Zamazenta|67/100
|
|upkeep
|turn|15
|
|t:|1760795320
|move|p2a: Thundurus|Tera Blast|p1a: Zamazenta|[anim] Tera Blast Flying
|-supereffective|p1a: Zamazenta
|-end|p1a: Zamazenta|Substitute
|move|p1a: Zamazenta|Body Press|p2a: Thundurus
|-resisted|p2a: Thundurus
|-damage|p2a: Thundurus|33/100
|
|upkeep
|turn|16
|
|t:|1760795342
|move|p2a: Thundurus|Tera Blast|p1a: Zamazenta|[anim] Tera Blast Flying
|-supereffective|p1a: Zamazenta
|-damage|p1a: Zamazenta|0 fnt
|faint|p1a: Zamazenta
|
|upkeep
|
|t:|1760795345
|switch|p1a: Scizor|Scizor, F|82/100
|turn|17
|inactive|exposed king has 120 seconds left.
|
|t:|1760795393
|move|p1a: Scizor|Bullet Punch|p2a: Thundurus
|-crit|p2a: Thundurus
|-damage|p2a: Thundurus|0 fnt
|faint|p2a: Thundurus
|
|upkeep
|
|t:|1760795396
|switch|p2a: Darkrai|Darkrai|100/100
|turn|18
|inactive|junin77PT has 90 seconds left.
|
|t:|1760795430
|move|p1a: Scizor|Bullet Punch|p2a: Darkrai
|-damage|p2a: Darkrai|29/100
|move|p2a: Darkrai|Dark Pulse|p1a: Scizor
|-damage|p1a: Scizor|0 fnt
|faint|p1a: Scizor
|
|upkeep
|
|t:|1760795435
|switch|p1a: Iron Valiant|Iron Valiant|100/100
|-enditem|p1a: Iron Valiant|Booster Energy
|-activate|p1a: Iron Valiant|ability: Quark Drive|[fromitem]
|-start|p1a: Iron Valiant|quarkdrivespe
|turn|19
|
|t:|1760795442
|move|p1a: Iron Valiant|Vacuum Wave|p2a: Darkrai
|-supereffective|p2a: Darkrai
|-crit|p2a: Darkrai
|-damage|p2a: Darkrai|0 fnt
|faint|p2a: Darkrai
|
|upkeep
|
|t:|1760795444
|switch|p2a: Ditto|Ditto|45/100
|-transform|p2a: Ditto|p1a: Iron Valiant|[from] ability: Imposter
|turn|20
|
|t:|1760795447
|move|p1a: Iron Valiant|Moonblast|p2a: Ditto
|-supereffective|p2a: Ditto
|-damage|p2a: Ditto|0 fnt
|faint|p2a: Ditto
|-end|p2a: Ditto|Quark Drive|[silent]
|
|win|junin77PT
|raw|junin77PT's rating: 1467 &rarr; <strong>1483</strong><br />(+16 for winning)
|raw|exposed king's rating: 1400 &rarr; <strong>1384</strong><br />(-16 for losing)
|l|☆junin77PT
|player|p1|
|l|☆exposed king
|player|p2|
