|j|☆gabryel09
|j|☆Petey2210
|t:|1760743505
|gametype|singles
|player|p1|gabryel09|169|1060
|player|p2|Petey2210|266|1119
|gen|9
|tier|[Gen 9] OU
|rated|
|rule|HP Percentage Mod: HP is shown in percentages
|rule|Endless Battle Clause: Forcing endless battles is banned
|rule|Species Clause: Limit one of each Pokémon
|rule|OHKO Clause: OHKO moves are banned
|rule|Evasion Items Clause: Evasion items are banned
|rule|Evasion Moves Clause: Evasion moves are banned
|rule|Evasion Abilities Clause: Evasion abilities are banned
|rule|Sleep Moves Clause: Sleep-inducing moves are banned
|clearpoke
|poke|p1|Tyranitar, M|
|poke|p1|Scizor, M|
|poke|p1|Suicune|
|poke|p1|Heracross, M|
|poke|p1|Misdreavus, M|
|poke|p1|Donphan, F|
|poke|p2|Ceruledge, F|
|poke|p2|Venusaur, M|
|poke|p2|Ninetales, F|
|poke|p2|Walking Wake|
|poke|p2|Landorus-Therian, M|
|poke|p2|Slowking-Galar, M|
|teampreview
|inactive|Battle timer is ON: inactive players will automatically lose when time's up. (requested by Petey2210)
|inactive|gabryel09 also wants the timer to be on.
|
|t:|1760743531
|teamsize|p1|6
|teamsize|p2|6
|start
|switch|p1a: Donphan|Donphan, F|100/100
|switch|p2a: Ninetales|Ninetales, F|100/100
|-weather|SunnyDay|[from] ability: Drought|[of] p2a: Ninetales
|turn|1
|
|t:|1760743549
|move|p2a: Ninetales|Encore||[still]
|-fail|p2a: Ninetales
|move|p1a: Donphan|Earthquake|p2a: Ninetales
|-supereffective|p2a: Ninetales
|-damage|p2a: Ninetales|0 fnt
|faint|p2a: Ninetales
|
|-weather|SunnyDay|[upkeep]
|upkeep
|
|t:|1760743556
|switch|p2a: Venusaur|Venusaur, M|100/100
|turn|2
|
|t:|1760743565
|switch|p1a: Scizor|Scizor, M|100/100
|move|p2a: Venusaur|Growth|p2a: Venusaur
|-boost|p2a: Venusaur|atk|2
|-boost|p2a: Venusaur|spa|2
|
|-weather|SunnyDay|[upkeep]
|upkeep
|turn|3
|
|t:|1760743575
|move|p2a: Venusaur|Weather Ball|p1a: Scizor
|-supereffective|p1a: Scizor
|-damage|p1a: Scizor|0 fnt
|faint|p1a: Scizor
|
|-weather|SunnyDay|[upkeep]
|upkeep
|
|t:|1760743591
|switch|p1a: Tyranitar|Tyranitar, M|100/100
|-weather|Sandstorm|[from] ability: Sand Stream|[of] p1a: Tyranitar
|turn|4
|
|t:|1760743608
|switch|p2a: Landorus|Landorus-Therian, M|100/100
|-ability|p2a: Landorus|Intimidate|boost
|-unboost|p1a: Tyranitar|atk|1
|move|p1a: Tyranitar|Thunder Wave|p2a: Landorus
|-immune|p2a: Landorus
|
|-weather|Sandstorm|[upkeep]
|upkeep
|turn|5
|
|t:|1760743618
|move|p2a: Landorus|Taunt|p1a: Tyranitar
|-start|p1a: Tyranitar|move: Taunt
|cant|p1a: Tyranitar|move: Taunt|Stealth Rock
|
|-weather|Sandstorm|[upkeep]
|upkeep
|turn|6
|
|t:|1760743628
|switch|p1a: Suicune|Suicune|100/100
|-ability|p1a: Suicune|Pressure
|move|p2a: Landorus|Stealth Rock|p1a: Suicune
|-sidestart|p1: gabryel09|move: Stealth Rock
|
|-weather|Sandstorm|[upkeep]
|-damage|p1a: Suicune|94/100|[from] Sandstorm
|-heal|p1a: Suicune|100/100|[from] item: Leftovers
|upkeep
|turn|7
|
|t:|1760743634
|switch|p2a: Slowking|Slowking-Galar, M|100/100
|move|p1a: Suicune|Scald|p2a: Slowking
|-damage|p2a: Slowking|85/100
|
|-weather|Sandstorm|[upkeep]
|-damage|p1a: Suicune|94/100|[from] Sandstorm
|-damage|p2a: Slowking|79/100|[from] Sandstorm
|-heal|p1a: Suicune|100/100|[from] item: Leftovers
|-heal|p2a: Slowking|85/100|[from] item: Leftovers
|upkeep
|turn|8
|
|t:|1760743646
|move|p1a: Suicune|Calm Mind|p1a: Suicune
|-boost|p1a: Suicune|spa|1
|-boost|p1a: Suicune|spd|1
|move|p2a: Slowking|Thunder Wave|p1a: Suicune
|-status|p1a: Suicune|par
|
|-weather|none
|-heal|p2a: Slowking|91/100|[from] item: Leftovers
|upkeep
|turn|9
|
|t:|1760743654
|move|p1a: Suicune|Scald|p2a: Slowking
|-damage|p2a: Slowking|68/100
|-prepare|p2a: Slowking|Chilly Reception|[premajor]
|move|p2a: Slowking|Chilly Reception|p2a: Slowking
|-weather|Snowscape
|
|t:|1760743661
|switch|p2a: Venusaur|Venusaur, M|100/100|[from] Chilly Reception
|
|-weather|Snowscape|[upkeep]
|upkeep
|turn|10
|
|t:|1760743669
|switch|p1a: Tyranitar|Tyranitar, M|100/100
|-damage|p1a: Tyranitar|88/100|[from] Stealth Rock
|-weather|Sandstorm|[from] ability: Sand Stream|[of] p1a: Tyranitar
|move|p2a: Venusaur|Giga Drain|p1a: Tyranitar
|-supereffective|p1a: Tyranitar
|-crit|p1a: Tyranitar
|-damage|p1a: Tyranitar|45/100
|
|-weather|Sandstorm|[upkeep]
|-damage|p2a: Venusaur|94/100|[from] Sandstorm
|-heal|p2a: Venusaur|100/100|[from] item: Black Sludge
|-heal|p1a: Tyranitar|51/100|[from] item: Leftovers
|upkeep
|turn|11
|
|t:|1760743692
|move|p1a: Tyranitar|Protect|p1a: Tyranitar
|-singleturn|p1a: Tyranitar|Protect
|move|p2a: Venusaur|Earth Power|p1a: Tyranitar
|-activate|p1a: Tyranitar|move: Protect
|
|-weather|Sandstorm|[upkeep]
|-damage|p2a: Venusaur|94/100|[from] Sandstorm
|-heal|p2a: Venusaur|100/100|[from] item: Black Sludge
|-heal|p1a: Tyranitar|57/100|[from] item: Leftovers
|upkeep
|turn|12
|
|t:|1760743712
|switch|p1a: Heracross|Heracross, M|100/100
|-damage|p1a: Heracross|88/100|[from] Stealth Rock
|move|p2a: Venusaur|Giga Drain|p1a: Heracross
|-resisted|p1a: Heracross
|-damage|p1a: Heracross|70/100
|
|-weather|Sandstorm|[upkeep]
|-damage|p1a: Heracross|64/100|[from] Sandstorm
|-damage|p2a: Venusaur|94/100|[from] Sandstorm
|-heal|p2a: Venusaur|100/100|[from] item: Black Sludge
|-status|p1a: Heracross|brn|[from] item: Flame Orb
|upkeep
|turn|13
|inactive|Petey2210 has 120 seconds left.
|
|t:|1760743735
|switch|p2a: Landorus|Landorus-Therian, M|100/100
|-ability|p2a: Landorus|Intimidate|boost
|-unboost|p1a: Heracross|atk|1
|move|p1a: Heracross|Knock Off|p2a: Landorus
|-damage|p2a: Landorus|78/100
|-damage|p1a: Heracross|48/100 brn|[from] item: Rocky Helmet|[of] p2a: Landorus
|-enditem|p2a: Landorus|Rocky Helmet|[from] move: Knock Off|[of] p1a: Heracross
|
|-weather|Sandstorm|[upkeep]
|-damage|p1a: Heracross|42/100 brn|[from] Sandstorm
|-damage|p1a: Heracross|36/100 brn|[from] brn
|upkeep
|turn|14
|inactive|Petey2210 has 120 seconds left.
|
|t:|1760743745
|switch|p1a: Suicune|Suicune|100/100 par
|-damage|p1a: Suicune|88/100 par|[from] Stealth Rock
|-ability|p1a: Suicune|Pressure
|move|p2a: Landorus|U-turn|p1a: Suicune
|-damage|p1a: Suicune|76/100 par
|
|t:|1760743748
|switch|p2a: Venusaur|Venusaur, M|100/100|[from] U-turn
|
|-weather|none
|-heal|p1a: Suicune|82/100 par|[from] item: Leftovers
|upkeep
|turn|15
|
|t:|1760743761
|switch|p1a: Misdreavus|Misdreavus, M|100/100
|-damage|p1a: Misdreavus|88/100|[from] Stealth Rock
|move|p2a: Venusaur|Giga Drain|p1a: Misdreavus
|-damage|p1a: Misdreavus|64/100
|
|upkeep
|turn|16
|
|t:|1760743773
|switch|p2a: Slowking|Slowking-Galar, M|100/100
|move|p1a: Misdreavus|Will-O-Wisp|p2a: Slowking
|-status|p2a: Slowking|brn
|
|-damage|p2a: Slowking|94/100 brn|[from] brn
|upkeep
|turn|17
|
|t:|1760743780
|move|p1a: Misdreavus|Hex|p2a: Slowking
|-supereffective|p2a: Slowking
|-damage|p2a: Slowking|46/100 brn
|move|p2a: Slowking|Thunder Wave|p1a: Misdreavus
|-status|p1a: Misdreavus|par
|
|-heal|p2a: Slowking|52/100 brn|[from] item: Leftovers
|-damage|p2a: Slowking|46/100 brn|[from] brn
|upkeep
|turn|18
|
|t:|1760743791
|switch|p2a: Walking Wake|Walking Wake|100/100
|move|p1a: Misdreavus|Will-O-Wisp|p2a: Walking Wake
|-status|p2a: Walking Wake|brn
|
|-damage|p2a: Walking Wake|94/100 brn|[from] brn
|upkeep
|turn|19
|
|t:|1760743799
|move|p2a: Walking Wake|Hydro Steam|p1a: Misdreavus
|-damage|p1a: Misdreavus|29/100 par
|move|p1a: Misdreavus|Pain Split|p2a: Walking Wake
|-sethp|p2a: Walking Wake|61/100 brn|[from] move: Pain Split|[silent]
|-sethp|p1a: Misdreavus|64/100 par|[from] move: Pain Split
|
|-damage|p2a: Walking Wake|55/100 brn|[from] brn
|upkeep
|turn|20
|
|t:|1760743807
|move|p2a: Walking Wake|Draco Meteor|p1a: Misdreavus
|-damage|p1a: Misdreavus|8/100 par
|-unboost|p2a: Walking Wake|spa|2
|move|p1a: Misdreavus|Hex|p2a: Walking Wake
|-crit|p2a: Walking Wake
|-damage|p2a: Walking Wake|11/100 brn
|
|-damage|p2a: Walking Wake|5/100 brn|[from] brn
|upkeep
|turn|21
|
|t:|1760743812
|move|p2a: Walking Wake|Hydro Steam|p1a: Misdreavus
|-damage|p1a: Misdreavus|0 fnt
|faint|p1a: Misdreavus
|
|-damage|p2a: Walking Wake|0 fnt|[from] brn
|faint|p2a: Walking Wake
|-end|p2a: Walking Wake|Protosynthesis|[silent]
|upkeep
|
|t:|1760743827
|switch|p2a: Venusaur|Venusaur, M|100/100
|switch|p1a: Tyranitar|Tyranitar, M|57/100
|-damage|p1a: Tyranitar|45/100|[from] Stealth Rock
|-weather|Sandstorm|[from] ability: Sand Stream|[of] p1a: Tyranitar
|turn|22
|
|t:|1760743832
|move|p1a: Tyranitar|Protect|p1a: Tyranitar
|-singleturn|p1a: Tyranitar|Protect
|move|p2a: Venusaur|Giga Drain|p1a: Tyranitar
|-activate|p1a: Tyranitar|move: Protect
|
|-weather|Sandstorm|[upkeep]
|-damage|p2a: Venusaur|94/100|[from] Sandstorm
|-heal|p2a: Venusaur|100/100|[from] item: Black Sludge
|-heal|p1a: Tyranitar|51/100|[from] item: Leftovers
|upkeep
|turn|23
|
|t:|1760743841
|move|p2a: Venusaur|Giga Drain|p1a: Tyranitar
|-supereffective|p1a: Tyranitar
|-crit|p1a: Tyranitar
|-damage|p1a: Tyranitar|12/100
|move|p1a: Tyranitar|Stealth Rock|p2a: Venusaur
|-sidestart|p2: Petey2210|move: Stealth Rock
|
|-weather|Sandstorm|[upkeep]
|-damage|p2a: Venusaur|94/100|[from] Sandstorm
|-heal|p2a: Venusaur|100/100|[from] item: Black Sludge
|-heal|p1a: Tyranitar|18/100|[from] item: Leftovers
|upkeep
|turn|24
|
|t:|1760743851
|switch|p1a: Heracross|Heracross, M|36/100 brn
|-damage|p1a: Heracross|23/100 brn|[from] Stealth Rock
|move|p2a: Venusaur|Giga Drain|p1a: Heracross
|-resisted|p1a: Heracross
|-damage|p1a: Heracross|4/100 brn
|
|-weather|Sandstorm|[upkeep]
|-damage|p1a: Heracross|0 fnt|[from] Sandstorm
|-damage|p2a: Venusaur|94/100|[from] Sandstorm
|faint|p1a: Heracross
|-heal|p2a: Venusaur|100/100|[from] item: Black Sludge
|upkeep
|
|t:|1760743859
|switch|p1a: Donphan|Donphan, F|100/100
|turn|25
|
|t:|1760743873
|-terastallize|p2a: Venusaur|Ground
|-terastallize|p1a: Donphan|Ground
|move|p2a: Venusaur|Giga Drain|p1a: Donphan
|-supereffective|p1a: Donphan
|-damage|p1a: Donphan|20/100
|move|p1a: Donphan|Earthquake|p2a: Venusaur
|-damage|p2a: Venusaur|10/100
|
|-weather|Sandstorm|[upkeep]
|-damage|p2a: Venusaur|0 fnt|[from] item: Black Sludge
|faint|p2a: Venusaur
|upkeep
|
|t:|1760743881
|switch|p2a: Landorus|Landorus-Therian, M|78/100
|-damage|p2a: Landorus|66/100|[from] Stealth Rock
|-ability|p2a: Landorus|Intimidate|boost
|-unboost|p1a: Donphan|atk|1
|turn|26
|
|t:|1760743888
|move|p1a: Donphan|Ice Shard|p2a: Landorus
|-supereffective|p2a: Landorus
|-damage|p2a: Landorus|36/100
|move|p2a: Landorus|Earthquake|p1a: Donphan
|-damage|p1a: Donphan|0 fnt
|faint|p1a: Donphan
|
|-weather|none
|upkeep
|
|t:|1760743899
|switch|p1a: Suicune|Suicune|82/100 par
|-damage|p1a: Suicune|70/100 par|[from] Stealth Rock
|-ability|p1a: Suicune|Pressure
|turn|27
|
|t:|1760743908
|move|p2a: Landorus|Earthquake|p1a: Suicune
|-damage|p1a: Suicune|44/100 par
|move|p1a: Suicune|Rest|p1a: Suicune
|-status|p1a: Suicune|slp|[from] move: Rest
|-heal|p1a: Suicune|100/100 slp|[silent]
|
|upkeep
|turn|28
|
|t:|1760743916
|move|p2a: Landorus|Earthquake|p1a: Suicune
|-damage|p1a: Suicune|75/100 slp
|cant|p1a: Suicune|slp
|move|p1a: Suicune|Sleep Talk|p1a: Suicune
|move|p1a: Suicune|Scald|p2a: Landorus|[from] move: Sleep Talk
|-supereffective|p2a: Landorus
|-damage|p2a: Landorus|0 fnt
|faint|p2a: Landorus
|
|-heal|p1a: Suicune|81/100 slp|[from] item: Leftovers
|upkeep
|
|t:|1760743926
|switch|p2a: Slowking|Slowking-Galar, M|79/100 brn
|-damage|p2a: Slowking|66/100 brn|[from] Stealth Rock
|turn|29
|
|t:|1760743942
|cant|p1a: Suicune|slp
|move|p1a: Suicune|Sleep Talk|p1a: Suicune
|move|p1a: Suicune|Calm Mind|p1a: Suicune|[from] move: Sleep Talk
|-boost|p1a: Suicune|spa|1
|-boost|p1a: Suicune|spd|1
|move|p2a: Slowking|Taunt|p1a: Suicune
|-start|p1a: Suicune|move: Taunt
|
|-heal|p1a: Suicune|87/100 slp|[from] item: Leftovers
|-heal|p2a: Slowking|73/100 brn|[from] item: Leftovers
|-damage|p2a: Slowking|66/100 brn|[from] brn
|upkeep
|turn|30
|
|t:|1760743952
|-curestatus|p1a: Suicune|slp|[msg]
|move|p1a: Suicune|Scald|p2a: Slowking
|-damage|p2a: Slowking|43/100 brn
|move|p2a: Slowking|Future Sight|p1a: Suicune
|-start|p2a: Slowking|move: Future Sight
|
|-heal|p1a: Suicune|93/100|[from] item: Leftovers
|-heal|p2a: Slowking|49/100 brn|[from] item: Leftovers
|-damage|p2a: Slowking|43/100 brn|[from] brn
|upkeep
|turn|31
|
|t:|1760743962
|move|p1a: Suicune|Scald|p2a: Slowking
|-damage|p2a: Slowking|22/100 brn
|move|p2a: Slowking|Thunder Wave|p1a: Suicune
|-status|p1a: Suicune|par
|
|-heal|p1a: Suicune|99/100 par|[from] item: Leftovers
|-heal|p2a: Slowking|28/100 brn|[from] item: Leftovers
|-damage|p2a: Slowking|22/100 brn|[from] brn
|upkeep
|turn|32
|
|t:|1760743971
|switch|p1a: Tyranitar|Tyranitar, M|18/100
|-damage|p1a: Tyranitar|6/100|[from] Stealth Rock
|-weather|Sandstorm|[from] ability: Sand Stream|[of] p1a: Tyranitar
|-prepare|p2a: Slowking|Chilly Reception|[premajor]
|move|p2a: Slowking|Chilly Reception|p2a: Slowking
|-weather|Snowscape
|
|t:|1760743975
|switch|p2a: Ceruledge|Ceruledge, F|100/100|[from] Chilly Reception
|
|-weather|Snowscape|[upkeep]
|-end|p1a: Tyranitar|move: Future Sight
|-immune|p1a: Tyranitar
|-heal|p1a: Tyranitar|12/100|[from] item: Leftovers
|upkeep
|turn|33
|
|t:|1760743993
|move|p2a: Ceruledge|Bulk Up|p2a: Ceruledge
|-boost|p2a: Ceruledge|atk|1
|-boost|p2a: Ceruledge|def|1
|move|p1a: Tyranitar|Crunch|p2a: Ceruledge
|-supereffective|p2a: Ceruledge
|-damage|p2a: Ceruledge|45/100
|-unboost|p2a: Ceruledge|def|1
|-ability|p2a: Ceruledge|Weak Armor|boost
|-unboost|p2a: Ceruledge|def|1
|-boost|p2a: Ceruledge|spe|2
|
|-weather|Snowscape|[upkeep]
|-heal|p1a: Tyranitar|18/100|[from] item: Leftovers
|upkeep
|turn|34
|
|t:|1760744003
|move|p2a: Ceruledge|Bitter Blade|p1a: Tyranitar
|-resisted|p1a: Tyranitar
|-damage|p1a: Tyranitar|0 fnt
|-heal|p2a: Ceruledge|55/100|[from] drain|[of] p1a: Tyranitar
|faint|p1a: Tyranitar
|
|-weather|Snowscape|[upkeep]
|upkeep
|
|t:|1760744005
|switch|p1a: Suicune|Suicune|99/100 par
|-damage|p1a: Suicune|87/100 par|[from] Stealth Rock
|-ability|p1a: Suicune|Pressure
|turn|35
|
|t:|1760744010
|move|p2a: Ceruledge|Bulk Up|p2a: Ceruledge
|-boost|p2a: Ceruledge|atk|1
|-boost|p2a: Ceruledge|def|1
|move|p1a: Suicune|Rest|p1a: Suicune
|-status|p1a: Suicune|slp|[from] move: Rest
|-heal|p1a: Suicune|100/100 slp|[silent]
|
|-weather|Snowscape|[upkeep]
|upkeep
|turn|36
|
|t:|1760744016
|move|p2a: Ceruledge|Bulk Up|p2a: Ceruledge
|-boost|p2a: Ceruledge|atk|1
|-boost|p2a: Ceruledge|def|1
|cant|p1a: Suicune|slp
|move|p1a: Suicune|Sleep Talk|p1a: Suicune
|move|p1a: Suicune|Calm Mind|p1a: Suicune|[from] move: Sleep Talk
|-boost|p1a: Suicune|spa|1
|-boost|p1a: Suicune|spd|1
|
|-weather|none
|upkeep
|turn|37
|
|t:|1760744024
|move|p2a: Ceruledge|Bitter Blade|p1a: Suicune
|-resisted|p1a: Suicune
|-damage|p1a: Suicune|67/100 slp
|-heal|p2a: Ceruledge|74/100|[from] drain|[of] p1a: Suicune
|cant|p1a: Suicune|slp
|
|-heal|p1a: Suicune|73/100 slp|[from] item: Leftovers
|upkeep
|turn|38
|
|t:|1760744029
|move|p2a: Ceruledge|Bitter Blade|p1a: Suicune
|-resisted|p1a: Suicune
|-damage|p1a: Suicune|36/100 slp
|-heal|p2a: Ceruledge|95/100|[from] drain|[of] p1a: Suicune
|-curestatus|p1a: Suicune|slp|[msg]
|move|p1a: Suicune|Scald|p2a: Ceruledge
|-supereffective|p2a: Ceruledge
|-damage|p2a: Ceruledge|28/100
|
|-heal|p1a: Suicune|42/100|[from] item: Leftovers
|upkeep
|turn|39
|
|t:|1760744034
|move|p2a: Ceruledge|Bitter Blade|p1a: Suicune
|-resisted|p1a: Suicune
|-damage|p1a: Suicune|7/100
|-heal|p2a: Ceruledge|48/100|[from] drain|[of] p1a: Suicune
|move|p1a: Suicune|Rest|p1a: Suicune
|-status|p1a: Suicune|slp|[from] move: Rest
|-heal|p1a: Suicune|100/100 slp|[silent]
|
|upkeep
|turn|40
|
|t:|1760744038
|move|p2a: Ceruledge|Bulk Up|p2a: Ceruledge
|-boost|p2a: Ceruledge|atk|1
|-boost|p2a: Ceruledge|def|1
|cant|p1a: Suicune|slp
|move|p1a: Suicune|Sleep Talk|p1a: Suicune
|move|p1a: Suicune|Calm Mind|p1a: Suicune|[from] move: Sleep Talk
|-boost|p1a: Suicune|spa|1
|-boost|p1a: Suicune|spd|1
|
|upkeep
|turn|41
|
|t:|1760744046
|move|p2a: Ceruledge|Bitter Blade|p1a: Suicune
|-resisted|p1a: Suicune
|-damage|p1a: Suicune|58/100 slp
|-heal|p2a: Ceruledge|72/100|[from] drain|[of] p1a: Suicune
|cant|p1a: Suicune|slp
|move|p1a: Suicune|Sleep Talk|p1a: Suicune
|move|p1a: Suicune|Rest||[from] move: Sleep Talk|[still]
|-fail|p1a: Suicune
|
|-heal|p1a: Suicune|64/100 slp|[from] item: Leftovers
|upkeep
|turn|42
|
|t:|1760744057
|move|p2a: Ceruledge|Bitter Blade|p1a: Suicune
|-resisted|p1a: Suicune
|-damage|p1a: Suicune|23/100 slp
|-heal|p2a: Ceruledge|96/100|[from] drain|[of] p1a: Suicune
|-curestatus|p1a: Suicune|slp|[msg]
|move|p1a: Suicune|Scald|p2a: Ceruledge
|-supereffective|p2a: Ceruledge
|-damage|p2a: Ceruledge|5/100
|
|-heal|p1a: Suicune|29/100|[from] item: Leftovers
|upkeep
|turn|43
|
|t:|1760744073
|move|p2a: Ceruledge|Bitter Blade|p1a: Suicune
|-resisted|p1a: Suicune
|-damage|p1a: Suicune|0 fnt
|-heal|p2a: Ceruledge|22/100|[from] drain|[of] p1a: Suicune
|faint|p1a: Suicune
|
|win|Petey2210
|raw|gabryel09's rating: 1060 &rarr; <strong>1044</strong><br />(-16 for losing)
|raw|Petey2210's rating: 1119 &rarr; <strong>1140</strong><br />(+21 for winning)
|l|☆Petey2210
|player|p2|
