|j|☆bananana324
|j|☆jesus2526
|t:|1760759896
|gametype|singles
|player|p1|bananana324|biker-gen4|1411
|player|p2|jesus2526|2|1418
|gen|9
|tier|[Gen 9] OU
|rated|
|rule|HP Percentage Mod: HP is shown in percentages
|rule|Endless Battle Clause: Forcing endless battles is banned
|rule|Species Clause: Limit one of each Pokémon
|rule|OHKO Clause: OHKO moves are banned
|rule|Evasion Items Clause: Evasion items are banned
|rule|Evasion Moves Clause: Evasion moves are banned
|rule|Evasion Abilities Clause: Evasion abilities are banned
|rule|Sleep Moves Clause: Sleep-inducing moves are banned
|clearpoke
|poke|p1|Pelipper, F|
|poke|p1|Zapdos|
|poke|p1|Barraskewda, F|
|poke|p1|Ogerpon-Wellspring, F|
|poke|p1|Iron Treads|
|poke|p1|Walking Wake|
|poke|p2|Slowking-Galar, M|
|poke|p2|Avalugg, F|
|poke|p2|Alomomola, F|
|poke|p2|Lokix, F|
|poke|p2|Great Tusk|
|poke|p2|Kyurem|
|teampreview
|
|t:|1760759911
|teamsize|p1|6
|teamsize|p2|6
|start
|switch|p1a: Pelipper|Pelipper, F|100/100
|switch|p2a: Kyurem|Kyurem|100/100
|-ability|p2a: Kyurem|Pressure
|-weather|RainDance|[from] ability: Drizzle|[of] p1a: Pelipper
|turn|1
|inactive|Battle timer is ON: inactive players will automatically lose when time's up. (requested by bananana324)
|
|t:|1760759919
|switch|p1a: Iron Treads|Iron Treads|100/100
|move|p2a: Kyurem|Freeze-Dry|p1a: Iron Treads
|-damage|p1a: Iron Treads|25/100
|-enditem|p1a: Iron Treads|Eject Button
|
|t:|1760759925
|-end|p1a: Iron Treads|Quark Drive|[silent]
|switch|p1a: Walking Wake|Walking Wake|100/100
|-enditem|p1a: Walking Wake|Booster Energy
|-activate|p1a: Walking Wake|ability: Protosynthesis|[fromitem]
|-start|p1a: Walking Wake|protosynthesisspa
|
|-weather|RainDance|[upkeep]
|upkeep
|turn|2
|
|t:|1760759932
|switch|p2a: Alomomola|Alomomola, F|100/100
|-terastallize|p1a: Walking Wake|Ghost
|move|p1a: Walking Wake|Draco Meteor|p2a: Alomomola
|-damage|p2a: Alomomola|25/100
|-unboost|p1a: Walking Wake|spa|2
|
|-weather|RainDance|[upkeep]
|upkeep
|turn|3
|
|t:|1760759941
|switch|p2a: Slowking|Slowking-Galar, M|100/100
|move|p1a: Walking Wake|Draco Meteor|p2a: Slowking
|-damage|p2a: Slowking|73/100
|-unboost|p1a: Walking Wake|spa|2
|
|-weather|RainDance|[upkeep]
|upkeep
|turn|4
|
|t:|1760759950
|-end|p1a: Walking Wake|Protosynthesis|[silent]
|switch|p1a: Zapdos|Zapdos|100/100
|-prepare|p2a: Slowking|Chilly Reception|[premajor]
|move|p2a: Slowking|Chilly Reception|p2a: Slowking
|-weather|Snowscape
|
|t:|1760759953
|switch|p2a: Kyurem|Kyurem|100/100|[from] Chilly Reception
|-ability|p2a: Kyurem|Pressure
|
|-weather|Snowscape|[upkeep]
|upkeep
|turn|5
|
|t:|1760759968
|switch|p1a: Pelipper|Pelipper, F|100/100
|-weather|RainDance|[from] ability: Drizzle|[of] p1a: Pelipper
|move|p2a: Kyurem|Blizzard|p1a: Pelipper
|-damage|p1a: Pelipper|0 fnt
|faint|p1a: Pelipper
|
|-weather|RainDance|[upkeep]
|upkeep
|
|t:|1760759977
|switch|p1a: Barraskewda|Barraskewda, F|100/100
|turn|6
|
|t:|1760759982
|switch|p2a: Avalugg|Avalugg, F|100/100
|move|p1a: Barraskewda|Liquidation|p2a: Avalugg
|-damage|p2a: Avalugg|47/100
|
|-weather|RainDance|[upkeep]
|upkeep
|turn|7
|
|t:|1760759988
|switch|p2a: Alomomola|Alomomola, F|58/100
|move|p1a: Barraskewda|Liquidation|p2a: Alomomola
|-resisted|p2a: Alomomola
|-damage|p2a: Alomomola|26/100
|-damage|p1a: Barraskewda|84/100|[from] item: Rocky Helmet|[of] p2a: Alomomola
|
|-weather|RainDance|[upkeep]
|upkeep
|turn|8
|
|t:|1760759995
|move|p2a: Alomomola|Protect|p2a: Alomomola
|-singleturn|p2a: Alomomola|Protect
|move|p1a: Barraskewda|Liquidation|p2a: Alomomola
|-activate|p2a: Alomomola|move: Protect
|
|-weather|RainDance|[upkeep]
|upkeep
|turn|9
|
|t:|1760760000
|switch|p2a: Great Tusk|Great Tusk|100/100
|move|p1a: Barraskewda|Liquidation|p2a: Great Tusk
|-supereffective|p2a: Great Tusk
|-damage|p2a: Great Tusk|0 fnt
|-damage|p1a: Barraskewda|68/100|[from] item: Rocky Helmet|[of] p2a: Great Tusk
|faint|p2a: Great Tusk
|-end|p2a: Great Tusk|Protosynthesis|[silent]
|
|-weather|RainDance|[upkeep]
|upkeep
|
|t:|1760760003
|switch|p2a: Alomomola|Alomomola, F|59/100
|turn|10
|
|t:|1760760013
|switch|p1a: Ogerpon|Ogerpon-Wellspring, F|100/100
|move|p2a: Alomomola|Wish|p2a: Alomomola
|
|-weather|RainDance|[upkeep]
|upkeep
|turn|11
|
|t:|1760760020
|move|p2a: Alomomola|Protect|p2a: Alomomola
|-singleturn|p2a: Alomomola|Protect
|move|p1a: Ogerpon|Power Whip|p2a: Alomomola
|-activate|p2a: Alomomola|move: Protect
|
|-weather|RainDance|[upkeep]
|-heal|p2a: Alomomola|100/100|[from] move: Wish|[wisher] Alomomola
|upkeep
|turn|12
|
|t:|1760760028
|move|p1a: Ogerpon|Swords Dance|p1a: Ogerpon
|-boost|p1a: Ogerpon|atk|2
|move|p2a: Alomomola|Wish|p2a: Alomomola
|
|-weather|none
|upkeep
|turn|13
|
|t:|1760760038
|switch|p2a: Avalugg|Avalugg, F|47/100
|move|p1a: Ogerpon|Ivy Cudgel|p2a: Avalugg|[anim] Ivy Cudgel Water
|-damage|p2a: Avalugg|0 fnt
|faint|p2a: Avalugg
|
|upkeep
|
|t:|1760760042
|switch|p2a: Lokix|Lokix, F|100/100
|turn|14
|
|t:|1760760049
|switch|p1a: Iron Treads|Iron Treads|25/100
|move|p2a: Lokix|First Impression|p1a: Iron Treads
|-resisted|p1a: Iron Treads
|-damage|p1a: Iron Treads|0 fnt
|faint|p1a: Iron Treads
|-end|p1a: Iron Treads|Quark Drive|[silent]
|
|upkeep
|
|t:|1760760057
|switch|p1a: Barraskewda|Barraskewda, F|68/100
|turn|15
|
|t:|1760760061
|switch|p2a: Alomomola|Alomomola, F|100/100
|move|p1a: Barraskewda|Liquidation|p2a: Alomomola
|-resisted|p2a: Alomomola
|-damage|p2a: Alomomola|77/100
|-damage|p1a: Barraskewda|51/100|[from] item: Rocky Helmet|[of] p2a: Alomomola
|
|upkeep
|turn|16
|
|t:|1760760068
|switch|p1a: Ogerpon|Ogerpon-Wellspring, F|100/100
|switch|p2a: Lokix|Lokix, F|100/100
|
|upkeep
|turn|17
|
|t:|1760760076
|switch|p1a: Zapdos|Zapdos|100/100
|-terastallize|p2a: Lokix|Bug
|move|p2a: Lokix|First Impression|p1a: Zapdos
|-resisted|p1a: Zapdos
|-damage|p1a: Zapdos|24/100
|
|upkeep
|turn|18
|
|t:|1760760085
|switch|p2a: Slowking|Slowking-Galar, M|100/100
|move|p1a: Zapdos|Roost|p1a: Zapdos
|-heal|p1a: Zapdos|74/100
|-singleturn|p1a: Zapdos|move: Roost
|
|upkeep
|turn|19
|
|t:|1760760097
|move|p1a: Zapdos|Volt Switch|p2a: Slowking
|-damage|p2a: Slowking|78/100
|
|t:|1760760103
|switch|p1a: Barraskewda|Barraskewda, F|51/100|[from] Volt Switch
|-prepare|p2a: Slowking|Chilly Reception|[premajor]
|move|p2a: Slowking|Chilly Reception|p2a: Slowking
|-weather|Snowscape
|
|t:|1760760107
|switch|p2a: Lokix|Lokix, F, tera:Bug|100/100|[from] Chilly Reception
|
|-weather|Snowscape|[upkeep]
|upkeep
|turn|20
|
|t:|1760760112
|switch|p1a: Zapdos|Zapdos|74/100
|move|p2a: Lokix|First Impression|p1a: Zapdos
|-resisted|p1a: Zapdos
|-damage|p1a: Zapdos|0 fnt
|faint|p1a: Zapdos
|
|-weather|Snowscape|[upkeep]
|upkeep
|
|t:|1760760120
|switch|p1a: Walking Wake|Walking Wake, tera:Ghost|100/100
|turn|21
|
|t:|1760760128
|switch|p2a: Slowking|Slowking-Galar, M|100/100
|move|p1a: Walking Wake|Draco Meteor|p2a: Slowking
|-damage|p2a: Slowking|61/100
|-unboost|p1a: Walking Wake|spa|2
|
|-weather|Snowscape|[upkeep]
|upkeep
|turn|22
|
|t:|1760760136
|-end|p1a: Walking Wake|Protosynthesis|[silent]
|switch|p1a: Barraskewda|Barraskewda, F|51/100
|-prepare|p2a: Slowking|Chilly Reception|[premajor]
|move|p2a: Slowking|Chilly Reception|p2a: Slowking
|
|t:|1760760138
|switch|p2a: Lokix|Lokix, F, tera:Bug|100/100|[from] Chilly Reception
|
|-weather|Snowscape|[upkeep]
|upkeep
|turn|23
|
|t:|1760760144
|move|p2a: Lokix|First Impression|p1a: Barraskewda
|-damage|p1a: Barraskewda|0 fnt
|faint|p1a: Barraskewda
|
|-weather|Snowscape|[upkeep]
|upkeep
|
|t:|1760760153
|switch|p1a: Walking Wake|Walking Wake, tera:Ghost|100/100
|turn|24
|
|t:|1760760156
|switch|p2a: Slowking|Slowking-Galar, M|94/100
|move|p1a: Walking Wake|Tera Blast|p2a: Slowking|[anim] Tera Blast Ghost
|-supereffective|p2a: Slowking
|-damage|p2a: Slowking|45/100
|
|-weather|Snowscape|[upkeep]
|upkeep
|turn|25
|
|t:|1760760163
|switch|p2a: Alomomola|Alomomola, F|100/100
|move|p1a: Walking Wake|Tera Blast|p2a: Alomomola|[anim] Tera Blast Ghost
|-damage|p2a: Alomomola|65/100
|
|-weather|Snowscape|[upkeep]
|upkeep
|turn|26
|
|t:|1760760169
|switch|p2a: Kyurem|Kyurem|100/100
|-ability|p2a: Kyurem|Pressure
|move|p1a: Walking Wake|Tera Blast|p2a: Kyurem|[anim] Tera Blast Ghost
|-damage|p2a: Kyurem|61/100
|
|-weather|none
|upkeep
|turn|27
|
|t:|1760760179
|move|p1a: Walking Wake|Draco Meteor|p2a: Kyurem
|-supereffective|p2a: Kyurem
|-damage|p2a: Kyurem|0 fnt
|-unboost|p1a: Walking Wake|spa|2
|faint|p2a: Kyurem
|
|upkeep
|
|t:|1760760187
|switch|p2a: Lokix|Lokix, F, tera:Bug|100/100
|turn|28
|
|t:|1760760195
|move|p1a: Walking Wake|Draco Meteor|p2a: Lokix|[miss]
|-miss|p1a: Walking Wake|p2a: Lokix
|move|p2a: Lokix|Knock Off|p1a: Walking Wake
|-supereffective|p1a: Walking Wake
|-damage|p1a: Walking Wake|3/100
|
|upkeep
|turn|29
|
|t:|1760760201
|switch|p2a: Slowking|Slowking-Galar, M|78/100
|move|p1a: Walking Wake|Draco Meteor|p2a: Slowking|[miss]
|-miss|p1a: Walking Wake|p2a: Slowking
|
|upkeep
|turn|30
|
|t:|1760760209
|move|p1a: Walking Wake|Flip Turn|p2a: Slowking
|-damage|p2a: Slowking|60/100
|
|t:|1760760211
|-end|p1a: Walking Wake|Protosynthesis|[silent]
|switch|p1a: Ogerpon|Ogerpon-Wellspring, F|100/100|[from] Flip Turn
|move|p2a: Slowking|Future Sight|p1a: Ogerpon
|-start|p2a: Slowking|move: Future Sight
|
|upkeep
|turn|31
|
|t:|1760760221
|move|p1a: Ogerpon|Ivy Cudgel|p2a: Slowking|[anim] Ivy Cudgel Water
|-damage|p2a: Slowking|0 fnt
|faint|p2a: Slowking
|
|upkeep
|
|t:|1760760224
|switch|p2a: Lokix|Lokix, F, tera:Bug|100/100
|turn|32
|
|t:|1760760227
|switch|p1a: Walking Wake|Walking Wake, tera:Ghost|3/100
|move|p2a: Lokix|First Impression|p1a: Walking Wake
|-resisted|p1a: Walking Wake
|-damage|p1a: Walking Wake|0 fnt
|faint|p1a: Walking Wake
|-end|p1a: Walking Wake|Protosynthesis|[silent]
|
|-hint|Future Sight did not hit because the target is fainted.
|upkeep
|
|t:|1760760234
|switch|p1a: Ogerpon|Ogerpon-Wellspring, F|100/100
|turn|33
|
|t:|1760760237
|switch|p2a: Alomomola|Alomomola, F|98/100
|move|p1a: Ogerpon|Ivy Cudgel|p2a: Alomomola|[anim] Ivy Cudgel Water
|-resisted|p2a: Alomomola
|-damage|p2a: Alomomola|79/100
|
|upkeep
|turn|34
|
|t:|1760760250
|move|p1a: Ogerpon|Swords Dance|p1a: Ogerpon
|-boost|p1a: Ogerpon|atk|2
|move|p2a: Alomomola|Wish|p2a: Alomomola
|
|upkeep
|turn|35
|
|t:|1760760256
|move|p1a: Ogerpon|Power Whip|p2a: Alomomola
|-supereffective|p2a: Alomomola
|-damage|p2a: Alomomola|0 fnt
|-damage|p1a: Ogerpon|84/100|[from] item: Rocky Helmet|[of] p2a: Alomomola
|faint|p2a: Alomomola
|
|upkeep
|
|t:|1760760258
|switch|p2a: Lokix|Lokix, F, tera:Bug|100/100
|turn|36
|
|t:|1760760263
|move|p2a: Lokix|First Impression|p1a: Ogerpon
|-supereffective|p1a: Ogerpon
|-damage|p1a: Ogerpon|0 fnt
|faint|p1a: Ogerpon
|
|win|jesus2526
|raw|bananana324's rating: 1411 &rarr; <strong>1391</strong><br />(-20 for losing)
|raw|jesus2526's rating: 1418 &rarr; <strong>1438</strong><br />(+20 for winning)
|l|☆jesus2526
|player|p2|
