|j|☆exroen
|j|☆denaturat.pl
|t:|1760799127
|gametype|singles
|player|p1|exroen|101|1134
|player|p2|denaturat.pl|candice|1160
|gen|9
|tier|[Gen 9] OU
|rated|
|rule|HP Percentage Mod: HP is shown in percentages
|rule|Endless Battle Clause: Forcing endless battles is banned
|rule|Species Clause: Limit one of each Pokémon
|rule|OHKO Clause: OHKO moves are banned
|rule|Evasion Items Clause: Evasion items are banned
|rule|Evasion Moves Clause: Evasion moves are banned
|rule|Evasion Abilities Clause: Evasion abilities are banned
|rule|Sleep Moves Clause: Sleep-inducing moves are banned
|clearpoke
|poke|p1|Clodsire, F|
|poke|p1|Talonflame, M|
|poke|p1|Zapdos-Galar|
|poke|p1|Zoroark-Hisui, F|
|poke|p1|Iron Valiant|
|poke|p1|Kingambit, M|
|poke|p2|Diancie|
|poke|p2|Garchomp, F|
|poke|p2|Ninetales-Alola, F|
|poke|p2|Sableye, M|
|poke|p2|Hitmontop, M|
|poke|p2|Toxtricity-Low-Key, M|
|teampreview
|inactive|Battle timer is ON: inactive players will automatically lose when time's up. (requested by denaturat.pl)
|
|t:|1760799148
|teamsize|p1|6
|teamsize|p2|6
|start
|switch|p1a: Clodsire|Clodsire, F|100/100
|switch|p2a: Hitmontop|Hitmontop, M|100/100
|turn|1
|
|t:|1760799163
|move|p2a: Hitmontop|Fake Out|p1a: Clodsire
|-damage|p1a: Clodsire|82/100
|cant|p1a: Clodsire|flinch
|
|-heal|p1a: Clodsire|88/100|[from] item: Leftovers
|upkeep
|turn|2
|
|t:|1760799170
|move|p2a: Hitmontop|Triple Axel|p1a: Clodsire
|-supereffective|p1a: Clodsire
|-crit|p1a: Clodsire
|-damage|p1a: Clodsire|59/100
|-supereffective|p1a: Clodsire
|-damage|p1a: Clodsire|16/100
|-supereffective|p1a: Clodsire
|-damage|p1a: Clodsire|0 fnt
|faint|p1a: Clodsire
|-hitcount|p1: Clodsire|3
|
|upkeep
|
|t:|1760799179
|switch|p1a: Talonflame|Talonflame, M|100/100
|turn|3
|
|t:|1760799187
|switch|p2a: Diancie|Diancie|100/100
|move|p1a: Talonflame|Taunt|p2a: Diancie
|-start|p2a: Diancie|move: Taunt
|
|upkeep
|turn|4
|
|t:|1760799196
|switch|p1a: Kingambit|Kingambit, M|100/100
|-activate|p1a: Kingambit|ability: Supreme Overlord
|-start|p1a: Kingambit|fallen1|[silent]
|move|p2a: Diancie|Body Press|p1a: Kingambit
|-supereffective|p1a: Kingambit
|-damage|p1a: Kingambit|11/100
|
|upkeep
|turn|5
|
|t:|1760799210
|-terastallize|p1a: Kingambit|Ghost
|move|p1a: Kingambit|Swords Dance|p1a: Kingambit
|-boost|p1a: Kingambit|atk|2
|move|p2a: Diancie|Body Press|p1a: Kingambit
|-immune|p1a: Kingambit
|
|-end|p2a: Diancie|move: Taunt
|upkeep
|turn|6
|
|t:|1760799223
|move|p1a: Kingambit|Iron Head|p2a: Diancie
|-supereffective|p2a: Diancie
|-damage|p2a: Diancie|0 fnt
|faint|p2a: Diancie
|
|upkeep
|
|t:|1760799230
|switch|p2a: Sableye|Sableye, M|100/100
|turn|7
|
|t:|1760799254
|-end|p1a: Kingambit|fallen1|[silent]
|switch|p1a: Talonflame|Talonflame, M|100/100
|move|p2a: Sableye|Knock Off|p1a: Talonflame
|-supereffective|p1a: Talonflame
|-damage|p1a: Talonflame|0 fnt
|replace|p1a: Zoroark|Zoroark-Hisui, F
|-end|p1a: Zoroark|Illusion
|-enditem|p1a: Zoroark|Choice Scarf|[from] move: Knock Off|[of] p2a: Sableye
|faint|p1a: Zoroark
|
|upkeep
|
|t:|1760799265
|switch|p1a: Talonflame|Talonflame, M|100/100
|turn|8
|
|t:|1760799269
|move|p1a: Talonflame|Taunt|p2a: Sableye
|-start|p2a: Sableye|move: Taunt
|move|p2a: Sableye|Knock Off|p1a: Talonflame
|-damage|p1a: Talonflame|78/100
|-enditem|p1a: Talonflame|Heavy-Duty Boots|[from] move: Knock Off|[of] p2a: Sableye
|
|upkeep
|turn|9
|
|t:|1760799277
|switch|p2a: Garchomp|Garchomp, F|100/100
|move|p1a: Talonflame|Will-O-Wisp|p2a: Garchomp
|-status|p2a: Garchomp|brn
|
|-damage|p2a: Garchomp|94/100 brn|[from] brn
|upkeep
|turn|10
|
|t:|1760799303
|switch|p1a: Zapdos|Zapdos-Galar|100/100
|move|p2a: Garchomp|Swords Dance|p2a: Garchomp
|-boost|p2a: Garchomp|atk|2
|
|-damage|p2a: Garchomp|88/100 brn|[from] brn
|upkeep
|turn|11
|inactive|exroen has 120 seconds left.
|
|t:|1760799320
|move|p2a: Garchomp|Swords Dance|p2a: Garchomp
|-boost|p2a: Garchomp|atk|2
|move|p1a: Zapdos|Close Combat|p2a: Garchomp
|-damage|p2a: Garchomp|3/100 brn
|-unboost|p1a: Zapdos|def|1
|-unboost|p1a: Zapdos|spd|1
|-damage|p1a: Zapdos|88/100|[from] ability: Rough Skin|[of] p2a: Garchomp
|-damage|p1a: Zapdos|72/100|[from] item: Rocky Helmet|[of] p2a: Garchomp
|
|-damage|p2a: Garchomp|0 fnt|[from] brn
|faint|p2a: Garchomp
|upkeep
|
|t:|1760799334
|switch|p2a: Toxtricity|Toxtricity-Low-Key, M|100/100
|turn|12
|
|t:|1760799345
|switch|p1a: Kingambit|Kingambit, M, tera:Ghost|11/100
|-activate|p1a: Kingambit|ability: Supreme Overlord
|-start|p1a: Kingambit|fallen2|[silent]
|move|p2a: Toxtricity|Overdrive|p1a: Kingambit
|-damage|p1a: Kingambit|0 fnt
|faint|p1a: Kingambit
|-end|p1a: Kingambit|fallen2|[silent]
|-enditem|p2a: Toxtricity|Throat Spray
|-boost|p2a: Toxtricity|spa|1|[from] item: Throat Spray
|
|upkeep
|inactive|exroen has 120 seconds left.
|
|t:|1760799364
|switch|p1a: Zapdos|Zapdos-Galar|72/100
|turn|13
|inactive|exroen has 120 seconds left.
|
|t:|1760799371
|move|p1a: Zapdos|Stomping Tantrum|p2a: Toxtricity
|-supereffective|p2a: Toxtricity
|-damage|p2a: Toxtricity|0 fnt
|faint|p2a: Toxtricity
|
|upkeep
|
|t:|1760799389
|switch|p2a: Sableye|Sableye, M|100/100
|turn|14
|
|t:|1760799399
|switch|p1a: Talonflame|Talonflame, M|78/100
|move|p2a: Sableye|Encore||[still]
|-fail|p2a: Sableye
|
|upkeep
|turn|15
|
|t:|1760799410
|move|p1a: Talonflame|Brave Bird|p2a: Sableye
|-damage|p2a: Sableye|55/100
|-damage|p1a: Talonflame|66/100|[from] Recoil
|move|p2a: Sableye|Knock Off|p1a: Talonflame
|-damage|p1a: Talonflame|51/100
|
|-heal|p2a: Sableye|61/100|[from] item: Leftovers
|upkeep
|turn|16
|
|t:|1760799420
|move|p2a: Sableye|Encore|p1a: Talonflame
|-start|p1a: Talonflame|Encore
|move|p1a: Talonflame|Brave Bird|p2a: Sableye
|-damage|p2a: Sableye|14/100
|-damage|p1a: Talonflame|38/100|[from] Recoil
|
|-heal|p2a: Sableye|20/100|[from] item: Leftovers
|upkeep
|turn|17
|
|t:|1760799432
|move|p2a: Sableye|Recover|p2a: Sableye
|-heal|p2a: Sableye|70/100
|move|p1a: Talonflame|Brave Bird|p2a: Sableye
|-damage|p2a: Sableye|16/100
|-damage|p1a: Talonflame|23/100|[from] Recoil
|
|-heal|p2a: Sableye|23/100|[from] item: Leftovers
|upkeep
|turn|18
|
|t:|1760799442
|move|p2a: Sableye|Recover|p2a: Sableye
|-heal|p2a: Sableye|73/100
|move|p1a: Talonflame|Brave Bird|p2a: Sableye
|-damage|p2a: Sableye|23/100
|-damage|p1a: Talonflame|9/100|[from] Recoil
|
|-heal|p2a: Sableye|29/100|[from] item: Leftovers
|-end|p1a: Talonflame|Encore
|upkeep
|turn|19
|
|t:|1760799454
|move|p2a: Sableye|Recover|p2a: Sableye
|-heal|p2a: Sableye|79/100
|move|p1a: Talonflame|Brave Bird|p2a: Sableye
|-damage|p2a: Sableye|32/100
|-damage|p1a: Talonflame|0 fnt|[from] Recoil
|faint|p1a: Talonflame
|
|-heal|p2a: Sableye|38/100|[from] item: Leftovers
|upkeep
|
|t:|1760799464
|switch|p1a: Iron Valiant|Iron Valiant|100/100
|-enditem|p1a: Iron Valiant|Booster Energy
|-activate|p1a: Iron Valiant|ability: Quark Drive|[fromitem]
|-start|p1a: Iron Valiant|quarkdrivespe
|turn|20
|
|t:|1760799472
|switch|p2a: Ninetales|Ninetales-Alola, F|100/100
|-weather|Snowscape|[from] ability: Snow Warning|[of] p2a: Ninetales
|move|p1a: Iron Valiant|Moonblast|p2a: Ninetales
|-damage|p2a: Ninetales|45/100
|-unboost|p2a: Ninetales|spa|1
|
|-weather|Snowscape|[upkeep]
|upkeep
|turn|21
|
|t:|1760799482
|move|p1a: Iron Valiant|Moonblast|p2a: Ninetales
|-damage|p2a: Ninetales|0 fnt
|faint|p2a: Ninetales
|
|-weather|Snowscape|[upkeep]
|upkeep
|
|t:|1760799496
|switch|p2a: Hitmontop|Hitmontop, M|100/100
|turn|22
|
|t:|1760799503
|move|p2a: Hitmontop|Fake Out|p1a: Iron Valiant
|-damage|p1a: Iron Valiant|77/100
|cant|p1a: Iron Valiant|flinch
|
|-weather|Snowscape|[upkeep]
|upkeep
|turn|23
|
|t:|1760799513
|move|p1a: Iron Valiant|Moonblast|p2a: Hitmontop
|-supereffective|p2a: Hitmontop
|-damage|p2a: Hitmontop|31/100
|move|p2a: Hitmontop|Rapid Spin|p1a: Iron Valiant
|-damage|p1a: Iron Valiant|44/100
|-boost|p2a: Hitmontop|spe|1
|
|-weather|Snowscape|[upkeep]
|upkeep
|turn|24
|
|t:|1760799529
|switch|p2a: Sableye|Sableye, M|38/100
|move|p1a: Iron Valiant|Moonblast|p2a: Sableye
|-supereffective|p2a: Sableye
|-damage|p2a: Sableye|0 fnt
|faint|p2a: Sableye
|
|-weather|none
|upkeep
|
|t:|1760799536
|switch|p2a: Hitmontop|Hitmontop, M|31/100
|turn|25
|
|t:|1760799542
|move|p2a: Hitmontop|Fake Out|p1a: Iron Valiant
|-damage|p1a: Iron Valiant|21/100
|cant|p1a: Iron Valiant|flinch
|
|upkeep
|turn|26
|
|t:|1760799547
|-terastallize|p2a: Hitmontop|Fighting
|move|p2a: Hitmontop|Mach Punch|p1a: Iron Valiant
|-resisted|p1a: Iron Valiant
|-damage|p1a: Iron Valiant|0 fnt
|faint|p1a: Iron Valiant
|-end|p1a: Iron Valiant|Quark Drive|[silent]
|
|upkeep
|
|t:|1760799554
|switch|p1a: Zapdos|Zapdos-Galar|72/100
|turn|27
|
|t:|1760799562
|move|p1a: Zapdos|Brave Bird|p2a: Hitmontop
|-supereffective|p2a: Hitmontop
|-damage|p2a: Hitmontop|0 fnt
|faint|p2a: Hitmontop
|-damage|p1a: Zapdos|62/100|[from] Recoil
|
|win|exroen
|raw|exroen's rating: 1134 &rarr; <strong>1161</strong><br />(+27 for winning)
|raw|denaturat.pl's rating: 1160 &rarr; <strong>1133</strong><br />(-27 for losing)
|l|☆denaturat.pl
|player|p2|
|l|☆exroen
|player|p1|
