|j|☆B/CFan
|j|☆Giagantic
|t:|1760727433
|gametype|singles
|player|p1|B/CFan|102|1410
|player|p2|Giagantic|#giagantic|1435
|gen|9
|tier|[Gen 9] OU
|rated|
|rule|HP Percentage Mod: HP is shown in percentages
|rule|Endless Battle Clause: Forcing endless battles is banned
|rule|Species Clause: Limit one of each Pokémon
|rule|OHKO Clause: OHKO moves are banned
|rule|Evasion Items Clause: Evasion items are banned
|rule|Evasion Moves Clause: Evasion moves are banned
|rule|Evasion Abilities Clause: Evasion abilities are banned
|rule|Sleep Moves Clause: Sleep-inducing moves are banned
|clearpoke
|poke|p1|Cinderace, M|
|poke|p1|Galvantula, M|
|poke|p1|Excadrill, M|
|poke|p1|Dragapult, M|
|poke|p1|Serperior, F|
|poke|p1|Kingambit, M|
|poke|p2|Skeledirge, F|
|poke|p2|Rillaboom, M|
|poke|p2|Primarina, F|
|poke|p2|Dragapult, F|
|poke|p2|Great Tusk|
|poke|p2|Weezing-Galar, M|
|teampreview
|j| ulisesdiogenes
|l| ulisesdiogenes
|
|t:|1760727444
|teamsize|p1|6
|teamsize|p2|6
|start
|switch|p1a: Galvantula|Galvantula, M|100/100
|switch|p2a: Skeledirge|Skeledirge, F|100/100
|turn|1
|
|t:|1760727450
|move|p1a: Galvantula|Sticky Web|p2a: Skeledirge
|-sidestart|p2: Giagantic|move: Sticky Web
|move|p2a: Skeledirge|Torch Song|p1a: Galvantula
|-supereffective|p1a: Galvantula
|-enditem|p1a: Galvantula|Focus Sash
|-damage|p1a: Galvantula|1/100
|-boost|p2a: Skeledirge|spa|1
|
|upkeep
|turn|2
|
|t:|1760727457
|move|p1a: Galvantula|Thunder|p2a: Skeledirge
|-damage|p2a: Skeledirge|65/100
|move|p2a: Skeledirge|Torch Song|p1a: Galvantula
|-supereffective|p1a: Galvantula
|-damage|p1a: Galvantula|0 fnt
|-boost|p2a: Skeledirge|spa|1
|faint|p1a: Galvantula
|
|upkeep
|
|t:|1760727461
|switch|p1a: Dragapult|Dragapult, M|100/100
|turn|3
|
|t:|1760727467
|switch|p2a: Primarina|Primarina, F|100/100
|-activate|p2a: Primarina|move: Sticky Web
|-unboost|p2a: Primarina|spe|1
|move|p1a: Dragapult|Shadow Ball|p2a: Primarina
|-damage|p2a: Primarina|74/100
|-unboost|p2a: Primarina|spd|1
|
|upkeep
|turn|4
|
|t:|1760727477
|switch|p1a: Cinderace|Cinderace, M|100/100
|move|p2a: Primarina|Draining Kiss|p1a: Cinderace
|-resisted|p1a: Cinderace
|-damage|p1a: Cinderace|83/100
|-heal|p2a: Primarina|85/100|[from] drain|[of] p1a: Cinderace
|
|upkeep
|turn|5
|
|t:|1760727484
|move|p1a: Cinderace|U-turn|p2a: Primarina
|-start|p1a: Cinderace|typechange|Bug|[from] ability: Libero
|-resisted|p2a: Primarina
|-damage|p2a: Primarina|65/100
|
|t:|1760727488
|switch|p1a: Serperior|Serperior, F|100/100|[from] U-turn
|move|p2a: Primarina|Psychic Noise|p1a: Serperior
|-resisted|p1a: Serperior
|-damage|p1a: Serperior|78/100
|-start|p1a: Serperior|move: Heal Block
|
|upkeep
|turn|6
|
|t:|1760727497
|switch|p2a: Dragapult|Dragapult, F|100/100
|move|p1a: Serperior|Leech Seed|p2a: Dragapult|[miss]
|-miss|p1a: Serperior|p2a: Dragapult
|
|-end|p1a: Serperior|move: Heal Block
|upkeep
|turn|7
|
|t:|1760727502
|switch|p1a: Kingambit|Kingambit, M|100/100
|move|p2a: Dragapult|U-turn|p1a: Kingambit
|-damage|p1a: Kingambit|88/100
|
|t:|1760727507
|switch|p2a: Great Tusk|Great Tusk|100/100|[from] U-turn
|-activate|p2a: Great Tusk|move: Sticky Web
|-unboost|p2a: Great Tusk|spe|1
|
|upkeep
|turn|8
|
|t:|1760727514
|switch|p1a: Dragapult|Dragapult, M|100/100
|move|p2a: Great Tusk|Ice Spinner|p1a: Dragapult
|-supereffective|p1a: Dragapult
|-damage|p1a: Dragapult|19/100
|
|upkeep
|turn|9
|
|t:|1760727519
|move|p1a: Dragapult|Draco Meteor|p2a: Great Tusk
|-damage|p2a: Great Tusk|0 fnt
|-unboost|p1a: Dragapult|spa|2
|faint|p2a: Great Tusk
|-end|p2a: Great Tusk|Protosynthesis|[silent]
|
|upkeep
|
|t:|1760727521
|switch|p2a: Weezing|Weezing-Galar, M|100/100
|turn|10
|
|t:|1760727529
|switch|p1a: Excadrill|Excadrill, M|100/100
|-ability|p1a: Excadrill|Mold Breaker
|-item|p1a: Excadrill|Air Balloon
|move|p2a: Weezing|Defog|p1a: Excadrill
|-unboost|p1a: Excadrill|evasion|1
|-sideend|p2: Giagantic|Sticky Web|[from] move: Defog|[of] p2a: Weezing
|
|upkeep
|turn|11
|
|t:|1760727542
|-terastallize|p2a: Weezing|Poison
|move|p1a: Excadrill|Swords Dance|p1a: Excadrill
|-boost|p1a: Excadrill|atk|2
|move|p2a: Weezing|Flamethrower|p1a: Excadrill
|-supereffective|p1a: Excadrill
|-damage|p1a: Excadrill|37/100
|-status|p1a: Excadrill|brn
|-enditem|p1a: Excadrill|Air Balloon
|
|-damage|p1a: Excadrill|31/100 brn|[from] brn
|upkeep
|turn|12
|
|t:|1760727549
|move|p1a: Excadrill|Earthquake|p2a: Weezing
|-supereffective|p2a: Weezing
|-damage|p2a: Weezing|5/100
|move|p2a: Weezing|Flamethrower|p1a: Excadrill
|-supereffective|p1a: Excadrill
|-damage|p1a: Excadrill|0 fnt
|faint|p1a: Excadrill
|
|-heal|p2a: Weezing|11/100|[from] item: Black Sludge
|upkeep
|
|t:|1760727555
|switch|p1a: Serperior|Serperior, F|78/100
|turn|13
|
|t:|1760727559
|move|p1a: Serperior|Leaf Storm|p2a: Weezing
|-resisted|p2a: Weezing
|-damage|p2a: Weezing|0 fnt
|-boost|p1a: Serperior|spa|2
|faint|p2a: Weezing
|
|-heal|p1a: Serperior|84/100|[from] item: Leftovers
|upkeep
|
|t:|1760727562
|switch|p2a: Skeledirge|Skeledirge, F|65/100
|turn|14
|
|t:|1760727565
|move|p1a: Serperior|Leech Seed|p2a: Skeledirge
|-start|p2a: Skeledirge|move: Leech Seed
|move|p2a: Skeledirge|Torch Song|p1a: Serperior
|-supereffective|p1a: Serperior
|-crit|p1a: Serperior
|-damage|p1a: Serperior|0 fnt
|-boost|p2a: Skeledirge|spa|1
|faint|p1a: Serperior
|
|upkeep
|
|t:|1760727569
|switch|p1a: Dragapult|Dragapult, M|19/100
|turn|15
|
|t:|1760727578
|switch|p2a: Primarina|Primarina, F|65/100
|move|p1a: Dragapult|Shadow Ball|p2a: Primarina
|-damage|p2a: Primarina|38/100
|
|upkeep
|turn|16
|
|t:|1760727585
|move|p1a: Dragapult|Shadow Ball|p2a: Primarina
|-damage|p2a: Primarina|13/100
|move|p2a: Primarina|Flip Turn|p1a: Dragapult
|-resisted|p1a: Dragapult
|-damage|p1a: Dragapult|9/100
|
|t:|1760727588
|switch|p2a: Rillaboom|Rillaboom, M|100/100|[from] Flip Turn
|-fieldstart|move: Grassy Terrain|[from] ability: Grassy Surge|[of] p2a: Rillaboom
|
|-heal|p1a: Dragapult|15/100|[from] Grassy Terrain
|upkeep
|turn|17
|
|t:|1760727592
|switch|p1a: Kingambit|Kingambit, M|88/100
|move|p2a: Rillaboom|U-turn|p1a: Kingambit
|-damage|p1a: Kingambit|61/100
|
|t:|1760727597
|switch|p2a: Skeledirge|Skeledirge, F|65/100|[from] U-turn
|
|-heal|p2a: Skeledirge|72/100|[from] Grassy Terrain
|-heal|p1a: Kingambit|68/100|[from] Grassy Terrain
|upkeep
|turn|18
|
|t:|1760727604
|move|p2a: Skeledirge|Will-O-Wisp|p1a: Kingambit
|-status|p1a: Kingambit|brn
|move|p1a: Kingambit|Kowtow Cleave|p2a: Skeledirge
|-supereffective|p2a: Skeledirge
|-damage|p2a: Skeledirge|25/100
|
|-heal|p2a: Skeledirge|31/100|[from] Grassy Terrain
|-heal|p1a: Kingambit|74/100 brn|[from] Grassy Terrain
|-damage|p1a: Kingambit|68/100 brn|[from] brn
|upkeep
|turn|19
|
|t:|1760727607
|move|p2a: Skeledirge|Slack Off|p2a: Skeledirge
|-heal|p2a: Skeledirge|81/100
|move|p1a: Kingambit|Kowtow Cleave|p2a: Skeledirge
|-supereffective|p2a: Skeledirge
|-damage|p2a: Skeledirge|32/100
|
|-heal|p2a: Skeledirge|38/100|[from] Grassy Terrain
|-heal|p1a: Kingambit|74/100 brn|[from] Grassy Terrain
|-damage|p1a: Kingambit|68/100 brn|[from] brn
|upkeep
|turn|20
|
|t:|1760727610
|move|p2a: Skeledirge|Slack Off|p2a: Skeledirge
|-heal|p2a: Skeledirge|88/100
|move|p1a: Kingambit|Kowtow Cleave|p2a: Skeledirge
|-supereffective|p2a: Skeledirge
|-damage|p2a: Skeledirge|37/100
|
|-heal|p2a: Skeledirge|43/100|[from] Grassy Terrain
|-heal|p1a: Kingambit|74/100 brn|[from] Grassy Terrain
|-damage|p1a: Kingambit|68/100 brn|[from] brn
|-fieldend|move: Grassy Terrain
|upkeep
|turn|21
|
|t:|1760727613
|move|p2a: Skeledirge|Torch Song|p1a: Kingambit
|-supereffective|p1a: Kingambit
|-damage|p1a: Kingambit|5/100 brn
|-boost|p2a: Skeledirge|spa|1
|move|p1a: Kingambit|Kowtow Cleave|p2a: Skeledirge
|-supereffective|p2a: Skeledirge
|-damage|p2a: Skeledirge|0 fnt
|faint|p2a: Skeledirge
|
|-damage|p1a: Kingambit|0 fnt|[from] brn
|faint|p1a: Kingambit
|upkeep
|
|t:|1760727621
|switch|p2a: Dragapult|Dragapult, F|100/100
|switch|p1a: Dragapult|Dragapult, M|15/100
|turn|22
|
|t:|1760727625
|switch|p2a: Primarina|Primarina, F|13/100
|move|p1a: Dragapult|Shadow Ball|p2a: Primarina
|-damage|p2a: Primarina|0 fnt
|faint|p2a: Primarina
|
|upkeep
|
|t:|1760727628
|switch|p2a: Rillaboom|Rillaboom, M|100/100
|-fieldstart|move: Grassy Terrain|[from] ability: Grassy Surge|[of] p2a: Rillaboom
|turn|23
|
|t:|1760727634
|move|p1a: Dragapult|Shadow Ball|p2a: Rillaboom
|-damage|p2a: Rillaboom|28/100
|-unboost|p2a: Rillaboom|spd|1
|move|p2a: Rillaboom|Knock Off|p1a: Dragapult
|-supereffective|p1a: Dragapult
|-damage|p1a: Dragapult|0 fnt
|-enditem|p1a: Dragapult|Choice Specs|[from] move: Knock Off|[of] p2a: Rillaboom
|faint|p1a: Dragapult
|
|-heal|p2a: Rillaboom|34/100|[from] Grassy Terrain
|upkeep
|
|t:|1760727641
|switch|p1a: Cinderace|Cinderace, M|83/100
|turn|24
|
|t:|1760727643
|move|p1a: Cinderace|Pyro Ball|p2a: Rillaboom
|-supereffective|p2a: Rillaboom
|-damage|p2a: Rillaboom|0 fnt
|faint|p2a: Rillaboom
|
|-heal|p1a: Cinderace|89/100|[from] Grassy Terrain
|upkeep
|
|t:|1760727645
|switch|p2a: Dragapult|Dragapult, F|100/100
|turn|25
|
|t:|1760727648
|move|p1a: Cinderace|Sucker Punch|p2a: Dragapult
|-start|p1a: Cinderace|typechange|Dark|[from] ability: Libero
|-supereffective|p2a: Dragapult
|-damage|p2a: Dragapult|3/100
|move|p2a: Dragapult|Draco Meteor|p1a: Cinderace
|-damage|p1a: Cinderace|8/100
|-unboost|p2a: Dragapult|spa|2
|
|-heal|p2a: Dragapult|9/100|[from] Grassy Terrain
|-heal|p1a: Cinderace|14/100|[from] Grassy Terrain
|upkeep
|turn|26
|
|t:|1760727656
|move|p1a: Cinderace|Sucker Punch||[still]
|-fail|p1a: Cinderace
|move|p2a: Dragapult|Will-O-Wisp|p1a: Cinderace
|-status|p1a: Cinderace|brn
|
|-heal|p2a: Dragapult|15/100|[from] Grassy Terrain
|-heal|p1a: Cinderace|20/100 brn|[from] Grassy Terrain
|-damage|p1a: Cinderace|14/100 brn|[from] brn
|upkeep
|turn|27
|
|t:|1760727663
|move|p1a: Cinderace|Sucker Punch|p2a: Dragapult
|-supereffective|p2a: Dragapult
|-damage|p2a: Dragapult|0 fnt
|faint|p2a: Dragapult
|
|win|B/CFan
|raw|B&#x2f;CFan's rating: 1410 &rarr; <strong>1431</strong><br />(+21 for winning)
|raw|Giagantic's rating: 1435 &rarr; <strong>1414</strong><br />(-21 for losing)
|l|☆Giagantic
|player|p2|
|l|☆B/CFan
|player|p1|
