|j|☆NaCl fish
|j|☆levi6969
|t:|1760772421
|gametype|singles
|player|p1|NaCl fish|irida|1380
|player|p2|levi6969|170|1334
|gen|9
|tier|[Gen 9] OU
|rated|
|rule|HP Percentage Mod: HP is shown in percentages
|rule|Endless Battle Clause: Forcing endless battles is banned
|rule|Species Clause: Limit one of each Pokémon
|rule|OHKO Clause: OHKO moves are banned
|rule|Evasion Items Clause: Evasion items are banned
|rule|Evasion Moves Clause: Evasion moves are banned
|rule|Evasion Abilities Clause: Evasion abilities are banned
|rule|Sleep Moves Clause: Sleep-inducing moves are banned
|clearpoke
|poke|p1|Torkoal, F|
|poke|p1|Ogerpon-Wellspring, F|
|poke|p1|Walking Wake|
|poke|p1|Gliscor, F|
|poke|p1|Raging Bolt|
|poke|p1|Toxapex, F|
|poke|p2|Vigoroth, F|
|poke|p2|Drifblim, F|
|poke|p2|Ting-Lu|
|poke|p2|Clefable, F|
|poke|p2|Cobalion|
|poke|p2|Slowking-Galar, F|
|teampreview
|inactive|Battle timer is ON: inactive players will automatically lose when time's up. (requested by NaCl fish)
|
|t:|1760772430
|teamsize|p1|6
|teamsize|p2|6
|start
|switch|p1a: Ogerpon|Ogerpon-Wellspring, F|100/100
|switch|p2a: Ting-Lu|Ting-Lu|100/100
|-ability|p2a: Ting-Lu|Vessel of Ruin
|turn|1
|
|t:|1760772443
|switch|p2a: Cobalion|Cobalion, shiny|100/100
|move|p1a: Ogerpon|Ivy Cudgel|p2a: Cobalion|[anim] Ivy Cudgel Water
|-damage|p2a: Cobalion|52/100
|
|upkeep
|turn|2
|
|t:|1760772447
|move|p1a: Ogerpon|Spiky Shield|p1a: Ogerpon
|-singleturn|p1a: Ogerpon|move: Protect
|move|p2a: Cobalion|Volt Switch|p1a: Ogerpon
|-activate|p1a: Ogerpon|move: Protect
|
|upkeep
|turn|3
|
|t:|1760772454
|move|p1a: Ogerpon|U-turn|p2a: Cobalion
|-resisted|p2a: Cobalion
|-damage|p2a: Cobalion|46/100
|-damage|p1a: Ogerpon|84/100|[from] item: Rocky Helmet|[of] p2a: Cobalion
|
|t:|1760772456
|switch|p1a: Gliscor|Gliscor, F|100/100|[from] U-turn
|move|p2a: Cobalion|Stealth Rock|p1a: Gliscor
|-sidestart|p1: NaCl fish|move: Stealth Rock
|
|-status|p1a: Gliscor|tox|[from] item: Toxic Orb
|upkeep
|turn|4
|
|t:|1760772471
|switch|p2a: Drifblim|Drifblim, F, shiny|100/100
|move|p1a: Gliscor|Knock Off|p2a: Drifblim
|-supereffective|p2a: Drifblim
|-damage|p2a: Drifblim|68/100
|-enditem|p2a: Drifblim|Heavy-Duty Boots|[from] move: Knock Off|[of] p1a: Gliscor
|
|upkeep
|turn|5
|
|t:|1760772485
|move|p2a: Drifblim|Shadow Ball|p1a: Gliscor
|-damage|p1a: Gliscor|81/100 tox
|move|p1a: Gliscor|Fling|p2a: Drifblim
|-supereffective|p2a: Drifblim
|-damage|p2a: Drifblim|56/100
|-status|p2a: Drifblim|tox
|-enditem|p1a: Gliscor|Toxic Orb|[from] move: Fling
|
|-damage|p2a: Drifblim|50/100 tox|[from] psn
|-heal|p1a: Gliscor|93/100 tox|[from] ability: Poison Heal
|upkeep
|turn|6
|
|t:|1760772493
|move|p1a: Gliscor|Protect|p1a: Gliscor
|-singleturn|p1a: Gliscor|Protect
|move|p2a: Drifblim|Strength Sap|p1a: Gliscor
|-activate|p1a: Gliscor|move: Protect
|
|-damage|p2a: Drifblim|38/100 tox|[from] psn
|-heal|p1a: Gliscor|100/100 tox|[from] ability: Poison Heal
|upkeep
|turn|7
|
|t:|1760772499
|move|p2a: Drifblim|Strength Sap|p1a: Gliscor
|-unboost|p1a: Gliscor|atk|1
|-heal|p2a: Drifblim|86/100 tox
|move|p1a: Gliscor|Acrobatics|p2a: Drifblim
|-damage|p2a: Drifblim|67/100 tox
|
|-damage|p2a: Drifblim|48/100 tox|[from] psn
|upkeep
|turn|8
|
|t:|1760772523
|switch|p2a: Ting-Lu|Ting-Lu|100/100
|-ability|p2a: Ting-Lu|Vessel of Ruin
|move|p1a: Gliscor|Acrobatics|p2a: Ting-Lu
|-damage|p2a: Ting-Lu|86/100
|
|-heal|p2a: Ting-Lu|93/100|[from] item: Leftovers
|upkeep
|turn|9
|
|t:|1760772529
|move|p1a: Gliscor|Knock Off|p2a: Ting-Lu
|-resisted|p2a: Ting-Lu
|-damage|p2a: Ting-Lu|89/100
|-enditem|p2a: Ting-Lu|Leftovers|[from] move: Knock Off|[of] p1a: Gliscor
|move|p2a: Ting-Lu|Spikes|p1a: Gliscor
|-sidestart|p1: NaCl fish|Spikes
|
|upkeep
|turn|10
|
|t:|1760772534
|switch|p1a: Torkoal|Torkoal, F|100/100
|-damage|p1a: Torkoal|75/100|[from] Stealth Rock
|-damage|p1a: Torkoal|63/100|[from] Spikes
|-weather|SunnyDay|[from] ability: Drought|[of] p1a: Torkoal
|move|p2a: Ting-Lu|Spikes|p1a: Torkoal
|-sidestart|p1: NaCl fish|Spikes
|
|-weather|SunnyDay|[upkeep]
|upkeep
|turn|11
|
|t:|1760772542
|switch|p2a: Drifblim|Drifblim, F, shiny|48/100 tox
|-terastallize|p1a: Torkoal|Grass
|move|p1a: Torkoal|Rapid Spin|p2a: Drifblim
|-immune|p2a: Drifblim
|
|-weather|SunnyDay|[upkeep]
|-damage|p2a: Drifblim|42/100 tox|[from] psn
|upkeep
|turn|12
|
|t:|1760772551
|move|p2a: Drifblim|Strength Sap|p1a: Torkoal
|-unboost|p1a: Torkoal|atk|1
|-heal|p2a: Drifblim|86/100 tox
|move|p1a: Torkoal|Stealth Rock|p2a: Drifblim
|-sidestart|p2: levi6969|move: Stealth Rock
|
|-weather|SunnyDay|[upkeep]
|-damage|p2a: Drifblim|74/100 tox|[from] psn
|upkeep
|turn|13
|
|t:|1760772559
|switch|p1a: Walking Wake|Walking Wake|100/100
|-damage|p1a: Walking Wake|88/100|[from] Stealth Rock
|-damage|p1a: Walking Wake|72/100|[from] Spikes
|-activate|p1a: Walking Wake|ability: Protosynthesis
|-start|p1a: Walking Wake|protosynthesisspa
|move|p2a: Drifblim|Shadow Ball|p1a: Walking Wake
|-damage|p1a: Walking Wake|47/100
|
|-weather|SunnyDay|[upkeep]
|-damage|p2a: Drifblim|55/100 tox|[from] psn
|upkeep
|turn|14
|
|t:|1760772572
|switch|p2a: Slowking|Slowking-Galar, F|100/100
|-damage|p2a: Slowking|88/100|[from] Stealth Rock
|move|p1a: Walking Wake|Hydro Steam|p2a: Slowking
|-damage|p2a: Slowking|48/100
|
|-weather|SunnyDay|[upkeep]
|upkeep
|turn|15
|
|t:|1760772597
|-terastallize|p2a: Slowking|Water
|move|p1a: Walking Wake|Hydro Steam|p2a: Slowking
|-resisted|p2a: Slowking
|-damage|p2a: Slowking|28/100
|move|p2a: Slowking|Sludge Bomb|p1a: Walking Wake
|-damage|p1a: Walking Wake|7/100
|
|-weather|SunnyDay|[upkeep]
|upkeep
|turn|16
|
|t:|1760772606
|-end|p1a: Walking Wake|Protosynthesis|[silent]
|switch|p1a: Toxapex|Toxapex, F|100/100
|-damage|p1a: Toxapex|88/100|[from] Stealth Rock
|-damage|p1a: Toxapex|72/100|[from] Spikes
|move|p2a: Slowking|Sludge Bomb|p1a: Toxapex
|-resisted|p1a: Toxapex
|-damage|p1a: Toxapex|55/100
|
|-weather|SunnyDay|[upkeep]
|-heal|p1a: Toxapex|61/100|[from] item: Black Sludge
|upkeep
|turn|17
|
|t:|1760772613
|move|p1a: Toxapex|Baneful Bunker|p1a: Toxapex
|-singleturn|p1a: Toxapex|move: Protect
|move|p2a: Slowking|Psyshock|p1a: Toxapex
|-activate|p1a: Toxapex|move: Protect
|
|-weather|none
|-heal|p1a: Toxapex|67/100|[from] item: Black Sludge
|upkeep
|turn|18
|
|t:|1760772616
|move|p1a: Toxapex|Pain Split|p2a: Slowking
|-sethp|p2a: Slowking|40/100|[from] move: Pain Split|[silent]
|-sethp|p1a: Toxapex|52/100|[from] move: Pain Split
|move|p2a: Slowking|Psyshock|p1a: Toxapex
|-supereffective|p1a: Toxapex
|-damage|p1a: Toxapex|4/100
|
|-heal|p1a: Toxapex|10/100|[from] item: Black Sludge
|upkeep
|turn|19
|
|t:|1760772631
|switch|p2a: Cobalion|Cobalion, shiny|46/100
|-damage|p2a: Cobalion|43/100|[from] Stealth Rock
|move|p1a: Toxapex|Pain Split|p2a: Cobalion
|-sethp|p2a: Cobalion|26/100|[from] move: Pain Split|[silent]
|-sethp|p1a: Toxapex|28/100|[from] move: Pain Split
|
|-heal|p1a: Toxapex|34/100|[from] item: Black Sludge
|upkeep
|turn|20
|inactive|NaCl fish has 120 seconds left.
|
|t:|1760772687
|move|p1a: Toxapex|Baneful Bunker|p1a: Toxapex
|-singleturn|p1a: Toxapex|move: Protect
|move|p2a: Cobalion|Volt Switch|p1a: Toxapex
|-activate|p1a: Toxapex|move: Protect
|
|-heal|p1a: Toxapex|40/100|[from] item: Black Sludge
|upkeep
|turn|21
|
|t:|1760772697
|move|p2a: Cobalion|Volt Switch|p1a: Toxapex
|-supereffective|p1a: Toxapex
|-damage|p1a: Toxapex|18/100
|
|t:|1760772705
|switch|p2a: Slowking|Slowking-Galar, F, tera:Water|73/100|[from] Volt Switch
|-damage|p2a: Slowking|61/100|[from] Stealth Rock
|move|p1a: Toxapex|Pain Split|p2a: Slowking
|-sethp|p2a: Slowking|37/100|[from] move: Pain Split|[silent]
|-sethp|p1a: Toxapex|48/100|[from] move: Pain Split
|
|-heal|p1a: Toxapex|54/100|[from] item: Black Sludge
|upkeep
|turn|22
|inactive|NaCl fish has 90 seconds left.
|
|t:|1760772735
|move|p1a: Toxapex|Baneful Bunker|p1a: Toxapex
|-singleturn|p1a: Toxapex|move: Protect
|move|p2a: Slowking|Psyshock|p1a: Toxapex
|-activate|p1a: Toxapex|move: Protect
|
|-heal|p1a: Toxapex|61/100|[from] item: Black Sludge
|upkeep
|turn|23
|inactive|NaCl fish has 90 seconds left.
|
|t:|1760772744
|move|p1a: Toxapex|Pain Split|p2a: Slowking
|-sethp|p2a: Slowking|42/100|[from] move: Pain Split|[silent]
|-sethp|p1a: Toxapex|54/100|[from] move: Pain Split
|move|p2a: Slowking|Psyshock|p1a: Toxapex
|-supereffective|p1a: Toxapex
|-damage|p1a: Toxapex|7/100
|
|-heal|p1a: Toxapex|13/100|[from] item: Black Sludge
|upkeep
|turn|24
|
|t:|1760772749
|move|p1a: Toxapex|Pain Split|p2a: Slowking
|-sethp|p2a: Slowking|26/100|[from] move: Pain Split|[silent]
|-sethp|p1a: Toxapex|34/100|[from] move: Pain Split
|move|p2a: Slowking|Psyshock|p1a: Toxapex
|-supereffective|p1a: Toxapex
|-damage|p1a: Toxapex|0 fnt
|faint|p1a: Toxapex
|
|upkeep
|inactive|NaCl fish has 90 seconds left.
|
|t:|1760772773
|switch|p1a: Ogerpon|Ogerpon-Wellspring, F|84/100
|-damage|p1a: Ogerpon|72/100|[from] Stealth Rock
|-damage|p1a: Ogerpon|55/100|[from] Spikes
|turn|25
|
|t:|1760772785
|switch|p2a: Clefable|Clefable, F, shiny|100/100
|move|p1a: Ogerpon|Horn Leech|p2a: Clefable
|-crit|p2a: Clefable
|-damage|p2a: Clefable|53/100
|-heal|p1a: Ogerpon|87/100|[from] drain|[of] p2a: Clefable
|
|upkeep
|turn|26
|inactive|NaCl fish has 90 seconds left.
|
|t:|1760772802
|move|p1a: Ogerpon|Ivy Cudgel|p2a: Clefable|[anim] Ivy Cudgel Water
|-crit|p2a: Clefable
|-damage|p2a: Clefable|0 fnt
|faint|p2a: Clefable
|
|upkeep
|
|t:|1760772813
|switch|p2a: Vigoroth|Vigoroth, F, shiny|100/100
|-damage|p2a: Vigoroth|88/100|[from] Stealth Rock
|turn|27
|
|t:|1760772823
|move|p1a: Ogerpon|Spiky Shield|p1a: Ogerpon
|-singleturn|p1a: Ogerpon|move: Protect
|move|p2a: Vigoroth|Knock Off|p1a: Ogerpon
|-activate|p1a: Ogerpon|move: Protect
|-damage|p2a: Vigoroth|76/100|[from] Spiky Shield|[of] p1a: Ogerpon
|
|upkeep
|turn|28
|
|t:|1760772828
|move|p1a: Ogerpon|Horn Leech|p2a: Vigoroth
|-damage|p2a: Vigoroth|47/100
|-heal|p1a: Ogerpon|100/100|[from] drain|[of] p2a: Vigoroth
|move|p2a: Vigoroth|Counter|p1a: Ogerpon
|-damage|p1a: Ogerpon|31/100
|
|upkeep
|turn|29
|
|t:|1760772833
|move|p1a: Ogerpon|Spiky Shield|p1a: Ogerpon
|-singleturn|p1a: Ogerpon|move: Protect
|move|p2a: Vigoroth|Slack Off|p2a: Vigoroth
|-heal|p2a: Vigoroth|97/100
|
|upkeep
|turn|30
|inactive|NaCl fish has 120 seconds left.
|
|t:|1760772846
|move|p1a: Ogerpon|Ivy Cudgel|p2a: Vigoroth|[anim] Ivy Cudgel Water
|-crit|p2a: Vigoroth
|-damage|p2a: Vigoroth|31/100
|move|p2a: Vigoroth|Body Slam|p1a: Ogerpon
|-damage|p1a: Ogerpon|0 fnt
|faint|p1a: Ogerpon
|
|upkeep
|
|t:|1760772853
|switch|p1a: Walking Wake|Walking Wake|7/100
|-damage|p1a: Walking Wake|0 fnt|[from] Stealth Rock
|faint|p1a: Walking Wake
|-end|p1a: Walking Wake|Protosynthesis|[silent]
|
|t:|1760772858
|switch|p1a: Gliscor|Gliscor, F|100/100 tox
|-damage|p1a: Gliscor|88/100 tox|[from] Stealth Rock
|turn|31
|
|t:|1760772870
|switch|p2a: Ting-Lu|Ting-Lu|89/100
|-damage|p2a: Ting-Lu|82/100|[from] Stealth Rock
|-ability|p2a: Ting-Lu|Vessel of Ruin
|move|p1a: Gliscor|Knock Off|p2a: Ting-Lu
|-resisted|p2a: Ting-Lu
|-damage|p2a: Ting-Lu|79/100
|
|-heal|p1a: Gliscor|100/100 tox|[from] ability: Poison Heal
|upkeep
|turn|32
|
|t:|1760772884
|move|p1a: Gliscor|Acrobatics|p2a: Ting-Lu
|-damage|p2a: Ting-Lu|60/100
|move|p2a: Ting-Lu|Whirlwind|p1a: Gliscor
|drag|p1a: Raging Bolt|Raging Bolt|100/100
|-damage|p1a: Raging Bolt|88/100|[from] Stealth Rock
|-damage|p1a: Raging Bolt|71/100|[from] Spikes
|
|-heal|p1a: Raging Bolt|78/100|[from] item: Leftovers
|upkeep
|turn|33
|
|t:|1760772889
|move|p1a: Raging Bolt|Dragon Pulse|p2a: Ting-Lu
|-crit|p2a: Ting-Lu
|-damage|p2a: Ting-Lu|29/100
|move|p2a: Ting-Lu|Earthquake|p1a: Raging Bolt
|-supereffective|p1a: Raging Bolt
|-damage|p1a: Raging Bolt|18/100
|
|-heal|p1a: Raging Bolt|24/100|[from] item: Leftovers
|upkeep
|turn|34
|
|t:|1760772905
|move|p1a: Raging Bolt|Dragon Pulse|p2a: Ting-Lu
|-damage|p2a: Ting-Lu|8/100
|move|p2a: Ting-Lu|Earthquake|p1a: Raging Bolt
|-supereffective|p1a: Raging Bolt
|-damage|p1a: Raging Bolt|0 fnt
|faint|p1a: Raging Bolt
|-end|p1a: Raging Bolt|Protosynthesis|[silent]
|
|upkeep
|
|t:|1760772910
|switch|p1a: Gliscor|Gliscor, F|100/100 tox
|-damage|p1a: Gliscor|88/100 tox|[from] Stealth Rock
|turn|35
|
|t:|1760772919
|move|p1a: Gliscor|Acrobatics|p2a: Ting-Lu
|-crit|p2a: Ting-Lu
|-damage|p2a: Ting-Lu|0 fnt
|faint|p2a: Ting-Lu
|
|-heal|p1a: Gliscor|100/100 tox|[from] ability: Poison Heal
|upkeep
|
|t:|1760772934
|switch|p2a: Slowking|Slowking-Galar, F, tera:Water|59/100
|-damage|p2a: Slowking|47/100|[from] Stealth Rock
|turn|36
|
|t:|1760772947
|switch|p2a: Cobalion|Cobalion, shiny|26/100
|-damage|p2a: Cobalion|23/100|[from] Stealth Rock
|move|p1a: Gliscor|Knock Off|p2a: Cobalion
|-resisted|p2a: Cobalion
|-damage|p2a: Cobalion|14/100
|-damage|p1a: Gliscor|84/100 tox|[from] item: Rocky Helmet|[of] p2a: Cobalion
|-ability|p2a: Cobalion|Justified|boost
|-boost|p2a: Cobalion|atk|1
|-enditem|p2a: Cobalion|Rocky Helmet|[from] move: Knock Off|[of] p1a: Gliscor
|
|-heal|p1a: Gliscor|96/100 tox|[from] ability: Poison Heal
|upkeep
|turn|37
|
|t:|1760772953
|move|p2a: Cobalion|Iron Head|p1a: Gliscor
|-damage|p1a: Gliscor|60/100 tox
|move|p1a: Gliscor|Acrobatics|p2a: Cobalion
|-damage|p2a: Cobalion|0 fnt
|faint|p2a: Cobalion
|
|-heal|p1a: Gliscor|73/100 tox|[from] ability: Poison Heal
|upkeep
|
|t:|1760772965
|switch|p2a: Slowking|Slowking-Galar, F, tera:Water|80/100
|-damage|p2a: Slowking|68/100|[from] Stealth Rock
|turn|38
|inactive|NaCl fish has 120 seconds left.
|
|t:|1760773010
|move|p1a: Gliscor|Knock Off|p2a: Slowking
|-damage|p2a: Slowking|48/100
|-enditem|p2a: Slowking|Assault Vest|[from] move: Knock Off|[of] p1a: Gliscor
|move|p2a: Slowking|Ice Beam|p1a: Gliscor
|-supereffective|p1a: Gliscor
|-damage|p1a: Gliscor|0 fnt
|faint|p1a: Gliscor
|
|upkeep
|
|t:|1760773016
|switch|p1a: Torkoal|Torkoal, F, tera:Grass|63/100
|-damage|p1a: Torkoal|50/100|[from] Stealth Rock
|-damage|p1a: Torkoal|34/100|[from] Spikes
|-weather|SunnyDay|[from] ability: Drought|[of] p1a: Torkoal
|turn|39
|-message|NaCl fish forfeited.
|
|win|levi6969
|raw|NaCl fish's rating: 1380 &rarr; <strong>1357</strong><br />(-23 for losing)
|raw|levi6969's rating: 1334 &rarr; <strong>1357</strong><br />(+23 for winning)
|l|☆NaCl fish
|player|p1|
|l|☆levi6969
|player|p2|
