|j|☆bigfreakerjr
|j|☆BigFreakerSr
|t:|1760734472
|gametype|singles
|player|p1|bigfreakerjr|scientist-gen4dp|
|player|p2|BigFreakerSr|169|
|gen|9
|tier|[Gen 9] OU
|rule|HP Percentage Mod: HP is shown in percentages
|rule|Endless Battle Clause: Forcing endless battles is banned
|rule|Species Clause: Limit one of each Pokémon
|rule|OHKO Clause: OHKO moves are banned
|rule|Evasion Items Clause: Evasion items are banned
|rule|Evasion Moves Clause: Evasion moves are banned
|rule|Evasion Abilities Clause: Evasion abilities are banned
|rule|Sleep Moves Clause: Sleep-inducing moves are banned
|clearpoke
|poke|p1|Iron Hands|
|poke|p1|Skeledirge, F|
|poke|p1|Empoleon, M|
|poke|p1|Barraskewda, M|
|poke|p1|Indeedee, M|
|poke|p1|Espeon, M|
|poke|p2|Inteleon, F|
|poke|p2|Mamoswine, M|
|poke|p2|Metagross|
|poke|p2|Eelektross, F|
|poke|p2|Venusaur, M|
|poke|p2|Iron Valiant|
|teampreview
|
|t:|1760734494
|teamsize|p1|6
|teamsize|p2|6
|start
|switch|p1a: West Brom|Indeedee, M|100/100
|switch|p2a: Iron Donger|Metagross|100/100
|-fieldstart|move: Psychic Terrain|[from] ability: Psychic Surge|[of] p1a: West Brom
|turn|1
|
|t:|1760734503
|move|p1a: West Brom|Shadow Ball|p2a: Iron Donger
|-supereffective|p2a: Iron Donger
|-damage|p2a: Iron Donger|59/100
|move|p2a: Iron Donger|Light Screen|p2a: Iron Donger
|-sidestart|p2: BigFreakerSr|move: Light Screen
|
|-heal|p2a: Iron Donger|65/100|[from] item: Leftovers
|upkeep
|turn|2
|j| submarineset4
|j| faithyuwu
|
|t:|1760734554
|switch|p2a: Cabbage Patch|Venusaur, M|100/100
|move|p1a: West Brom|Shadow Ball|p2a: Cabbage Patch
|-damage|p2a: Cabbage Patch|91/100
|
|-heal|p2a: Cabbage Patch|97/100|[from] item: Leftovers
|upkeep
|turn|3
|
|t:|1760734565
|move|p2a: Cabbage Patch|Toxic|p1a: West Brom
|-status|p1a: West Brom|tox
|move|p1a: West Brom|Expanding Force|p2a: Cabbage Patch
|-supereffective|p2a: Cabbage Patch
|-damage|p2a: Cabbage Patch|48/100
|
|-heal|p2a: Cabbage Patch|54/100|[from] item: Leftovers
|-damage|p1a: West Brom|94/100 tox|[from] psn
|upkeep
|turn|4
|
|t:|1760734584
|switch|p1a: Everton|Empoleon, M|100/100
|move|p2a: Cabbage Patch|Giga Drain|p1a: Everton
|-damage|p1a: Everton|83/100
|-heal|p2a: Cabbage Patch|63/100|[from] drain|[of] p1a: Everton
|
|-heal|p2a: Cabbage Patch|69/100|[from] item: Leftovers
|upkeep
|turn|5
|
|t:|1760734606
|switch|p2a: Iron Donger|Metagross|65/100
|move|p1a: Everton|Rain Dance|p1a: Everton
|-weather|RainDance
|
|-weather|RainDance|[upkeep]
|-heal|p2a: Iron Donger|71/100|[from] item: Leftovers
|-sideend|p2: BigFreakerSr|move: Light Screen
|upkeep
|turn|6
|
|t:|1760734615
|move|p2a: Iron Donger|Earthquake|p1a: Everton
|-supereffective|p1a: Everton
|-damage|p1a: Everton|0 fnt
|faint|p1a: Everton
|
|-weather|RainDance|[upkeep]
|-heal|p2a: Iron Donger|77/100|[from] item: Leftovers
|upkeep
|
|t:|1760734621
|switch|p1a: Galatasaray|Barraskewda, M|100/100
|turn|7
|
|t:|1760734679
|switch|p2a: Glory Hole|Eelektross, F|100/100
|move|p1a: Galatasaray|Liquidation|p2a: Glory Hole
|-damage|p2a: Glory Hole|0 fnt
|faint|p2a: Glory Hole
|-damage|p1a: Galatasaray|91/100|[from] item: Life Orb
|
|-weather|RainDance|[upkeep]
|upkeep
|
|t:|1760734695
|switch|p2a: Aurora|Iron Valiant|100/100
|-enditem|p2a: Aurora|Booster Energy
|-activate|p2a: Aurora|ability: Quark Drive|[fromitem]
|-start|p2a: Aurora|quarkdrivespa
|turn|8
|
|t:|1760734705
|move|p1a: Galatasaray|Liquidation|p2a: Aurora
|-damage|p2a: Aurora|0 fnt
|faint|p2a: Aurora
|-end|p2a: Aurora|Quark Drive|[silent]
|-damage|p1a: Galatasaray|81/100|[from] item: Life Orb
|
|-weather|RainDance|[upkeep]
|-fieldend|move: Psychic Terrain
|upkeep
|
|t:|1760734745
|switch|p2a: Iron Donger|Metagross|77/100
|turn|9
|
|t:|1760734757
|move|p2a: Iron Donger|Bullet Punch|p1a: Galatasaray
|-resisted|p1a: Galatasaray
|-damage|p1a: Galatasaray|57/100
|move|p1a: Galatasaray|Liquidation|p2a: Iron Donger
|-damage|p2a: Iron Donger|13/100
|-damage|p1a: Galatasaray|47/100|[from] item: Life Orb
|
|-weather|RainDance|[upkeep]
|-heal|p2a: Iron Donger|19/100|[from] item: Leftovers
|upkeep
|turn|10
|
|t:|1760734768
|move|p2a: Iron Donger|Bullet Punch|p1a: Galatasaray
|-resisted|p1a: Galatasaray
|-damage|p1a: Galatasaray|22/100
|move|p1a: Galatasaray|Liquidation|p2a: Iron Donger
|-damage|p2a: Iron Donger|0 fnt
|faint|p2a: Iron Donger
|-damage|p1a: Galatasaray|12/100|[from] item: Life Orb
|
|-weather|RainDance|[upkeep]
|upkeep
|
|t:|1760734775
|switch|p2a: Double Sided|Mamoswine, M|100/100
|turn|11
|
|t:|1760734786
|switch|p1a: West Brom|Indeedee, M|94/100 tox
|-fieldstart|move: Psychic Terrain|[from] ability: Psychic Surge|[of] p1a: West Brom
|move|p2a: Double Sided|Ice Shard|p1a: West Brom
|-activate|p1a: West Brom|move: Psychic Terrain
|
|-weather|RainDance|[upkeep]
|-damage|p1a: West Brom|88/100 tox|[from] psn
|upkeep
|turn|12
|
|t:|1760734806
|move|p2a: Double Sided|Throat Chop|p1a: West Brom
|-supereffective|p1a: West Brom
|-damage|p1a: West Brom|16/100 tox
|-start|p1a: West Brom|Throat Chop|[silent]
|move|p1a: West Brom|Healing Wish|p1a: West Brom
|faint|p1a: West Brom
|
|-weather|none
|upkeep
|
|t:|1760734814
|switch|p1a: Galatasaray|Barraskewda, M|12/100
|-heal|p1a: Galatasaray|100/100|[from] move: Healing Wish
|turn|13
|
|t:|1760734820
|move|p1a: Galatasaray|Liquidation|p2a: Double Sided
|-supereffective|p2a: Double Sided
|-crit|p2a: Double Sided
|-damage|p2a: Double Sided|0 fnt
|faint|p2a: Double Sided
|-damage|p1a: Galatasaray|91/100|[from] item: Life Orb
|
|upkeep
|
|t:|1760734829
|switch|p2a: Cabbage Patch|Venusaur, M|69/100
|turn|14
|
|t:|1760734858
|move|p1a: Galatasaray|Ice Fang|p2a: Cabbage Patch
|-supereffective|p2a: Cabbage Patch
|-damage|p2a: Cabbage Patch|5/100
|-damage|p1a: Galatasaray|81/100|[from] item: Life Orb
|move|p2a: Cabbage Patch|Giga Drain|p1a: Galatasaray
|-supereffective|p1a: Galatasaray
|-damage|p1a: Galatasaray|0 fnt
|-heal|p2a: Cabbage Patch|34/100|[from] drain|[of] p1a: Galatasaray
|faint|p1a: Galatasaray
|
|-heal|p2a: Cabbage Patch|40/100|[from] item: Leftovers
|upkeep
|
|t:|1760734868
|switch|p1a: Arsenal|Skeledirge, F|100/100
|turn|15
|
|t:|1760734874
|move|p2a: Cabbage Patch|Toxic|p1a: Arsenal
|-status|p1a: Arsenal|tox
|move|p1a: Arsenal|Torch Song|p2a: Cabbage Patch
|-supereffective|p2a: Cabbage Patch
|-damage|p2a: Cabbage Patch|0 fnt
|-boost|p1a: Arsenal|spa|1
|faint|p2a: Cabbage Patch
|
|-damage|p1a: Arsenal|94/100 tox|[from] psn
|upkeep
|
|t:|1760734883
|switch|p2a: Bubble 07|Inteleon, F, shiny|100/100
|turn|16
|
|t:|1760734897
|move|p2a: Bubble 07|Snipe Shot|p1a: Arsenal
|-supereffective|p1a: Arsenal
|-crit|p1a: Arsenal
|-damage|p1a: Arsenal|0 fnt
|faint|p1a: Arsenal
|
|upkeep
|
|t:|1760734902
|switch|p1a: Napoli|Espeon, M|100/100
|turn|17
|
|t:|1760734908
|move|p1a: Napoli|Expanding Force|p2a: Bubble 07
|-damage|p2a: Bubble 07|0 fnt
|faint|p2a: Bubble 07
|
|win|bigfreakerjr
