|j|☆Siisisihisia
|j|☆FruitAtTheBottom
|t:|1760885666
|gametype|singles
|player|p1|Siisisihisia|102|1600
|player|p2|FruitAtTheBottom|265|1593
|gen|9
|tier|[Gen 9] OU
|rated|
|rule|HP Percentage Mod: HP is shown in percentages
|rule|Endless Battle Clause: Forcing endless battles is banned
|rule|Species Clause: Limit one of each Pokémon
|rule|OHKO Clause: OHKO moves are banned
|rule|Evasion Items Clause: Evasion items are banned
|rule|Evasion Moves Clause: Evasion moves are banned
|rule|Evasion Abilities Clause: Evasion abilities are banned
|rule|Sleep Moves Clause: Sleep-inducing moves are banned
|clearpoke
|poke|p1|Pelipper, M|
|poke|p1|Araquanid, F|
|poke|p1|Thundurus-Therian, M|
|poke|p1|Iron Treads|
|poke|p1|Basculegion, M|
|poke|p1|Hydrapple, M|
|poke|p2|Cinderace, M|
|poke|p2|Tornadus-Therian, M|
|poke|p2|Clefable, F|
|poke|p2|Raging Bolt|
|poke|p2|Dragonite, F|
|poke|p2|Iron Treads|
|teampreview
|inactive|Battle timer is ON: inactive players will automatically lose when time's up. (requested by Siisisihisia)
|
|t:|1760885672
|teamsize|p1|6
|teamsize|p2|6
|start
|switch|p1a: Pelipper|Pelipper, M|100/100
|switch|p2a: Tornadus|Tornadus-Therian, M|100/100
|-weather|RainDance|[from] ability: Drizzle|[of] p1a: Pelipper
|turn|1
|
|t:|1760885679
|move|p2a: Tornadus|Knock Off|p1a: Pelipper
|-damage|p1a: Pelipper|84/100
|-enditem|p1a: Pelipper|Damp Rock|[from] move: Knock Off|[of] p2a: Tornadus
|move|p1a: Pelipper|U-turn|p2a: Tornadus
|-resisted|p2a: Tornadus
|-damage|p2a: Tornadus|95/100
|
|t:|1760885682
|switch|p1a: Thundurus|Thundurus-Therian, M|100/100|[from] U-turn
|
|-weather|RainDance|[upkeep]
|upkeep
|turn|2
|
|t:|1760885692
|switch|p2a: Raging Bolt|Raging Bolt|100/100
|move|p1a: Thundurus|Weather Ball|p2a: Raging Bolt
|-resisted|p2a: Raging Bolt
|-damage|p2a: Raging Bolt|73/100
|
|-weather|RainDance|[upkeep]
|upkeep
|turn|3
|
|t:|1760885705
|-terastallize|p1a: Thundurus|Fairy
|move|p1a: Thundurus|Tera Blast|p2a: Raging Bolt|[anim] Tera Blast Fairy
|-supereffective|p2a: Raging Bolt
|-damage|p2a: Raging Bolt|0 fnt
|faint|p2a: Raging Bolt
|-end|p2a: Raging Bolt|Protosynthesis|[silent]
|
|-weather|RainDance|[upkeep]
|upkeep
|
|t:|1760885720
|switch|p2a: Tornadus|Tornadus-Therian, M|100/100
|turn|4
|
|t:|1760885722
|-terastallize|p2a: Tornadus|Flying
|move|p2a: Tornadus|Bleakwind Storm|p1a: Thundurus
|-damage|p1a: Thundurus|17/100
|move|p1a: Thundurus|Volt Switch|p2a: Tornadus
|-supereffective|p2a: Tornadus
|-damage|p2a: Tornadus|2/100
|
|t:|1760885729
|switch|p1a: Basculegion|Basculegion, M|100/100|[from] Volt Switch
|
|-weather|RainDance|[upkeep]
|upkeep
|turn|5
|
|t:|1760885732
|switch|p2a: Clefable|Clefable, F|100/100
|move|p1a: Basculegion|Flip Turn|p2a: Clefable
|-damage|p2a: Clefable|48/100
|-damage|p1a: Basculegion|84/100|[from] item: Rocky Helmet|[of] p2a: Clefable
|
|t:|1760885735
|switch|p1a: Araquanid|Araquanid, F|100/100|[from] Flip Turn
|
|-weather|RainDance|[upkeep]
|upkeep
|turn|6
|
|t:|1760885740
|move|p2a: Clefable|Stealth Rock|p1a: Araquanid
|-sidestart|p1: Siisisihisia|move: Stealth Rock
|move|p1a: Araquanid|Liquidation|p2a: Clefable
|-damage|p2a: Clefable|0 fnt
|-damage|p1a: Araquanid|84/100|[from] item: Rocky Helmet|[of] p2a: Clefable
|faint|p2a: Clefable
|
|-weather|RainDance|[upkeep]
|upkeep
|
|t:|1760885742
|switch|p2a: Tornadus|Tornadus-Therian, M, tera:Flying|35/100
|turn|7
|
|t:|1760885748
|switch|p1a: Iron Treads|Iron Treads|100/100
|move|p2a: Tornadus|Bleakwind Storm|p1a: Iron Treads
|-resisted|p1a: Iron Treads
|-damage|p1a: Iron Treads|61/100
|
|-weather|RainDance|[upkeep]
|upkeep
|turn|8
|
|t:|1760885752
|switch|p2a: Dragonite|Dragonite, F|100/100
|move|p1a: Iron Treads|Rapid Spin|p2a: Dragonite
|-damage|p2a: Dragonite|93/100
|-boost|p1a: Iron Treads|spe|1
|-sideend|p1: Siisisihisia|Stealth Rock|[from] move: Rapid Spin|[of] p1a: Iron Treads
|
|-weather|none
|upkeep
|turn|9
|
|t:|1760885758
|move|p1a: Iron Treads|Volt Switch|p2a: Dragonite
|-damage|p2a: Dragonite|81/100
|
|t:|1760885761
|-end|p1a: Iron Treads|Quark Drive|[silent]
|switch|p1a: Pelipper|Pelipper, M|84/100|[from] Volt Switch
|-weather|RainDance|[from] ability: Drizzle|[of] p1a: Pelipper
|move|p2a: Dragonite|Earthquake|p1a: Pelipper
|-immune|p1a: Pelipper
|
|-weather|RainDance|[upkeep]
|upkeep
|turn|10
|
|t:|1760885765
|switch|p2a: Tornadus|Tornadus-Therian, M, tera:Flying|68/100
|move|p1a: Pelipper|Hurricane|p2a: Tornadus
|-damage|p2a: Tornadus|21/100
|-start|p2a: Tornadus|confusion
|
|-weather|RainDance|[upkeep]
|upkeep
|turn|11
|
|t:|1760885771
|switch|p1a: Iron Treads|Iron Treads|61/100
|-activate|p2a: Tornadus|confusion
|-damage|p2a: Tornadus|8/100|[from] confusion
|
|-weather|RainDance|[upkeep]
|upkeep
|turn|12
|
|t:|1760885774
|switch|p2a: Dragonite|Dragonite, F|81/100
|move|p1a: Iron Treads|Volt Switch|p2a: Dragonite
|-damage|p2a: Dragonite|70/100
|
|t:|1760885778
|-end|p1a: Iron Treads|Quark Drive|[silent]
|switch|p1a: Basculegion|Basculegion, M|84/100|[from] Volt Switch
|
|-weather|RainDance|[upkeep]
|upkeep
|turn|13
|
|t:|1760885786
|move|p1a: Basculegion|Flip Turn|p2a: Dragonite
|-resisted|p2a: Dragonite
|-damage|p2a: Dragonite|34/100
|
|t:|1760885789
|switch|p1a: Iron Treads|Iron Treads|61/100|[from] Flip Turn
|move|p2a: Dragonite|Dragon Dance|p2a: Dragonite
|-boost|p2a: Dragonite|atk|1
|-boost|p2a: Dragonite|spe|1
|
|-weather|none
|upkeep
|turn|14
|
|t:|1760885793
|move|p2a: Dragonite|Earthquake|p1a: Iron Treads
|-supereffective|p1a: Iron Treads
|-damage|p1a: Iron Treads|0 fnt
|faint|p1a: Iron Treads
|-end|p1a: Iron Treads|Quark Drive|[silent]
|
|upkeep
|
|t:|1760885795
|switch|p1a: Pelipper|Pelipper, M|84/100
|-weather|RainDance|[from] ability: Drizzle|[of] p1a: Pelipper
|turn|15
|
|t:|1760885807
|move|p2a: Dragonite|Extreme Speed|p1a: Pelipper
|-damage|p1a: Pelipper|49/100
|move|p1a: Pelipper|Hurricane|p2a: Dragonite
|-damage|p2a: Dragonite|0 fnt
|faint|p2a: Dragonite
|
|-weather|RainDance|[upkeep]
|upkeep
|
|t:|1760885812
|switch|p2a: Tornadus|Tornadus-Therian, M, tera:Flying|41/100
|turn|16
|
|t:|1760885818
|switch|p1a: Hydrapple|Hydrapple, M|100/100
|move|p2a: Tornadus|Bleakwind Storm|p1a: Hydrapple
|-supereffective|p1a: Hydrapple
|-damage|p1a: Hydrapple|0 fnt
|faint|p1a: Hydrapple
|
|-weather|RainDance|[upkeep]
|upkeep
|
|t:|1760885821
|switch|p1a: Basculegion|Basculegion, M|84/100
|turn|17
|
|t:|1760885826
|switch|p2a: Iron Treads|Iron Treads|100/100
|move|p1a: Basculegion|Wave Crash|p2a: Iron Treads
|-supereffective|p2a: Iron Treads
|-damage|p2a: Iron Treads|0 fnt
|faint|p2a: Iron Treads
|-end|p2a: Iron Treads|Quark Drive|[silent]
|-damage|p1a: Basculegion|56/100|[from] Recoil
|
|-weather|RainDance|[upkeep]
|upkeep
|
|t:|1760885833
|switch|p2a: Cinderace|Cinderace, M|100/100
|turn|18
|
|t:|1760885840
|switch|p1a: Araquanid|Araquanid, F|84/100
|move|p2a: Cinderace|Sucker Punch||[still]
|-fail|p2a: Cinderace
|
|-weather|RainDance|[upkeep]
|upkeep
|turn|19
|
|t:|1760885843
|move|p2a: Cinderace|Pyro Ball|p1a: Araquanid
|-damage|p1a: Araquanid|70/100
|move|p1a: Araquanid|Liquidation|p2a: Cinderace
|-supereffective|p2a: Cinderace
|-damage|p2a: Cinderace|0 fnt
|faint|p2a: Cinderace
|
|-weather|none
|upkeep
|
|t:|1760885845
|switch|p2a: Tornadus|Tornadus-Therian, M, tera:Flying|74/100
|turn|20
|
|t:|1760885849
|move|p2a: Tornadus|Bleakwind Storm|p1a: Araquanid|[miss]
|-miss|p2a: Tornadus|p1a: Araquanid
|move|p1a: Araquanid|Liquidation|p2a: Tornadus
|-damage|p2a: Tornadus|0 fnt
|faint|p2a: Tornadus
|
|win|Siisisihisia
|raw|Siisisihisia's rating: 1600 &rarr; <strong>1620</strong><br />(+20 for winning)
|raw|FruitAtTheBottom's rating: 1593 &rarr; <strong>1573</strong><br />(-20 for losing)
|l|☆FruitAtTheBottom
|player|p2|
|l|☆Siisisihisia
|player|p1|
