|j|☆King.owenjr
|j|☆MultitudeKotone
|t:|1760763819
|gametype|singles
|player|p1|King.owenjr|170|1382
|player|p2|MultitudeKotone|lass-gen4|1386
|gen|9
|tier|[Gen 9] OU
|rated|
|rule|HP Percentage Mod: HP is shown in percentages
|rule|Endless Battle Clause: Forcing endless battles is banned
|rule|Species Clause: Limit one of each Pokémon
|rule|OHKO Clause: OHKO moves are banned
|rule|Evasion Items Clause: Evasion items are banned
|rule|Evasion Moves Clause: Evasion moves are banned
|rule|Evasion Abilities Clause: Evasion abilities are banned
|rule|Sleep Moves Clause: Sleep-inducing moves are banned
|clearpoke
|poke|p1|Arcanine-Hisui, M|
|poke|p1|Ribombee, F|
|poke|p1|Rillaboom, M|
|poke|p1|Clodsire, M|
|poke|p1|Hydreigon, M|
|poke|p1|Gyarados, M|
|poke|p2|Dragonite, F|
|poke|p2|Ceruledge, M|
|poke|p2|Slowking-Galar, M|
|poke|p2|Great Tusk|
|poke|p2|Iron Moth|
|poke|p2|Tinkaton, F|
|teampreview
|
|t:|1760763829
|teamsize|p1|6
|teamsize|p2|6
|start
|switch|p1a: Arcanine|Arcanine-Hisui, M|100/100
|switch|p2a: Pink Purple Mix|Slowking-Galar, M|100/100
|turn|1
|
|t:|1760763835
|switch|p2a: Red Accent|Great Tusk|100/100
|move|p1a: Arcanine|Stealth Rock|p2a: Red Accent
|-sidestart|p2: MultitudeKotone|move: Stealth Rock
|
|upkeep
|turn|2
|
|t:|1760763840
|move|p1a: Arcanine|Flare Blitz|p2a: Red Accent
|-damage|p2a: Red Accent|52/100
|move|p2a: Red Accent|Rapid Spin|p1a: Arcanine
|-resisted|p1a: Arcanine
|-damage|p1a: Arcanine|89/100
|-boost|p2a: Red Accent|spe|1
|-sideend|p2: MultitudeKotone|Stealth Rock|[from] move: Rapid Spin|[of] p2a: Red Accent
|
|upkeep
|turn|3
|
|t:|1760763848
|switch|p1a: Rillaboom|Rillaboom, M|100/100
|-fieldstart|move: Grassy Terrain|[from] ability: Grassy Surge|[of] p1a: Rillaboom
|move|p2a: Red Accent|Close Combat|p1a: Rillaboom
|-damage|p1a: Rillaboom|54/100
|-unboost|p2a: Red Accent|def|1
|-unboost|p2a: Red Accent|spd|1
|-damage|p2a: Red Accent|36/100|[from] item: Rocky Helmet|[of] p1a: Rillaboom
|
|-heal|p2a: Red Accent|42/100|[from] Grassy Terrain
|-heal|p1a: Rillaboom|60/100|[from] Grassy Terrain
|upkeep
|turn|4
|
|t:|1760763860
|-end|p2a: Red Accent|Protosynthesis|[silent]
|switch|p2a: Pink Pastel|Tinkaton, F|100/100
|-ability|p2a: Pink Pastel|Mold Breaker
|move|p1a: Rillaboom|Leech Seed|p2a: Pink Pastel
|-start|p2a: Pink Pastel|move: Leech Seed
|
|-heal|p1a: Rillaboom|66/100|[from] Grassy Terrain
|-damage|p2a: Pink Pastel|88/100|[from] Leech Seed|[of] p1a: Rillaboom
|-heal|p1a: Rillaboom|75/100|[silent]
|upkeep
|turn|5
|
|t:|1760763870
|move|p2a: Pink Pastel|Gigaton Hammer|p1a: Rillaboom
|-damage|p1a: Rillaboom|40/100
|move|p1a: Rillaboom|Drum Beating|p2a: Pink Pastel
|-resisted|p2a: Pink Pastel
|-damage|p2a: Pink Pastel|58/100
|-unboost|p2a: Pink Pastel|spe|1
|
|-heal|p2a: Pink Pastel|64/100|[from] Grassy Terrain
|-heal|p1a: Rillaboom|47/100|[from] Grassy Terrain
|-damage|p2a: Pink Pastel|52/100|[from] Leech Seed|[of] p1a: Rillaboom
|-heal|p1a: Rillaboom|56/100|[silent]
|upkeep
|turn|6
|
|t:|1760763882
|switch|p2a: Pink Purple Mix|Slowking-Galar, M|100/100
|switch|p1a: Arcanine|Arcanine-Hisui, M|89/100
|
|-heal|p1a: Arcanine|95/100|[from] Grassy Terrain
|upkeep
|turn|7
|
|t:|1760763890
|move|p1a: Arcanine|Stealth Rock|p2a: Pink Purple Mix
|-sidestart|p2: MultitudeKotone|move: Stealth Rock
|-prepare|p2a: Pink Purple Mix|Chilly Reception|[premajor]
|move|p2a: Pink Purple Mix|Chilly Reception|p2a: Pink Purple Mix
|-weather|Snowscape
|
|t:|1760763892
|switch|p2a: Red Accent|Great Tusk|42/100|[from] Chilly Reception
|-damage|p2a: Red Accent|39/100|[from] Stealth Rock
|
|-weather|Snowscape|[upkeep]
|-heal|p1a: Arcanine|100/100|[from] Grassy Terrain
|-heal|p2a: Red Accent|45/100|[from] Grassy Terrain
|-fieldend|move: Grassy Terrain
|upkeep
|turn|8
|
|t:|1760763903
|-terastallize|p1a: Arcanine|Fire
|move|p1a: Arcanine|Flare Blitz|p2a: Red Accent
|-damage|p2a: Red Accent|0 fnt
|faint|p2a: Red Accent
|-end|p2a: Red Accent|Protosynthesis|[silent]
|
|-weather|Snowscape|[upkeep]
|upkeep
|
|t:|1760763916
|switch|p2a: Orange Body|Dragonite, F|100/100
|turn|9
|
|t:|1760763919
|move|p1a: Arcanine|Head Smash|p2a: Orange Body|[miss]
|-miss|p1a: Arcanine|p2a: Orange Body
|move|p2a: Orange Body|Dragon Dance|p2a: Orange Body
|-boost|p2a: Orange Body|atk|1
|-boost|p2a: Orange Body|spe|1
|
|-weather|Snowscape|[upkeep]
|upkeep
|turn|10
|
|t:|1760763926
|switch|p1a: Rillaboom|Rillaboom, M|56/100
|-fieldstart|move: Grassy Terrain|[from] ability: Grassy Surge|[of] p1a: Rillaboom
|move|p2a: Orange Body|Earthquake|p1a: Rillaboom
|-resisted|p1a: Rillaboom
|-damage|p1a: Rillaboom|46/100
|
|-weather|Snowscape|[upkeep]
|-heal|p1a: Rillaboom|52/100|[from] Grassy Terrain
|upkeep
|turn|11
|
|t:|1760763937
|-terastallize|p2a: Orange Body|Flying
|move|p2a: Orange Body|Tera Blast|p1a: Rillaboom|[anim] Tera Blast Flying
|-supereffective|p1a: Rillaboom
|-damage|p1a: Rillaboom|0 fnt
|faint|p1a: Rillaboom
|
|-weather|none
|upkeep
|
|t:|1760763945
|switch|p1a: Clodsire|Clodsire, M|100/100
|turn|12
|
|t:|1760763951
|move|p2a: Orange Body|Earthquake|p1a: Clodsire
|-supereffective|p1a: Clodsire
|-damage|p1a: Clodsire|60/100
|move|p1a: Clodsire|Toxic|p2a: Orange Body
|-status|p2a: Orange Body|tox
|
|-heal|p1a: Clodsire|67/100|[from] Grassy Terrain
|-heal|p1a: Clodsire|73/100|[from] item: Leftovers
|-damage|p2a: Orange Body|94/100 tox|[from] psn
|upkeep
|turn|13
|
|t:|1760763962
|switch|p2a: Pink Purple Mix|Slowking-Galar, M|100/100
|move|p1a: Clodsire|Curse|p1a: Clodsire
|-unboost|p1a: Clodsire|spe|1
|-boost|p1a: Clodsire|atk|1
|-boost|p1a: Clodsire|def|1
|
|-heal|p1a: Clodsire|79/100|[from] Grassy Terrain
|-heal|p1a: Clodsire|85/100|[from] item: Leftovers
|upkeep
|turn|14
|
|t:|1760763972
|move|p2a: Pink Purple Mix|Future Sight|p1a: Clodsire
|-start|p2a: Pink Purple Mix|move: Future Sight
|move|p1a: Clodsire|Stomping Tantrum|p2a: Pink Purple Mix
|-supereffective|p2a: Pink Purple Mix
|-damage|p2a: Pink Purple Mix|30/100
|
|-heal|p2a: Pink Purple Mix|37/100|[from] Grassy Terrain
|-heal|p1a: Clodsire|92/100|[from] Grassy Terrain
|-heal|p1a: Clodsire|98/100|[from] item: Leftovers
|-fieldend|move: Grassy Terrain
|upkeep
|turn|15
|
|t:|1760763981
|-prepare|p2a: Pink Purple Mix|Chilly Reception|[premajor]
|move|p2a: Pink Purple Mix|Chilly Reception|p2a: Pink Purple Mix
|-weather|Snowscape
|
|t:|1760763986
|switch|p2a: Orange Body|Dragonite, F, tera:Flying|94/100 tox|[from] Chilly Reception
|move|p1a: Clodsire|Stomping Tantrum|p2a: Orange Body
|-immune|p2a: Orange Body
|
|-weather|Snowscape|[upkeep]
|-heal|p1a: Clodsire|100/100|[from] item: Leftovers
|-damage|p2a: Orange Body|88/100 tox|[from] psn
|upkeep
|turn|16
|
|t:|1760763998
|move|p2a: Orange Body|Earthquake|p1a: Clodsire
|-supereffective|p1a: Clodsire
|-damage|p1a: Clodsire|45/100
|move|p1a: Clodsire|Recover|p1a: Clodsire
|-heal|p1a: Clodsire|95/100
|
|-weather|Snowscape|[upkeep]
|-end|p1a: Clodsire|move: Future Sight
|-supereffective|p1a: Clodsire
|-damage|p1a: Clodsire|51/100
|-heal|p1a: Clodsire|57/100|[from] item: Leftovers
|-damage|p2a: Orange Body|76/100 tox|[from] psn
|upkeep
|turn|17
|
|t:|1760764010
|move|p2a: Orange Body|Earthquake|p1a: Clodsire
|-supereffective|p1a: Clodsire
|-damage|p1a: Clodsire|0 fnt
|faint|p1a: Clodsire
|
|-weather|Snowscape|[upkeep]
|-damage|p2a: Orange Body|57/100 tox|[from] psn
|upkeep
|
|t:|1760764022
|switch|p1a: Ribombee|Ribombee, F|100/100
|turn|18
|
|t:|1760764027
|move|p1a: Ribombee|Sticky Web|p2a: Orange Body
|-sidestart|p2: MultitudeKotone|move: Sticky Web
|move|p2a: Orange Body|Tera Blast|p1a: Ribombee|[anim] Tera Blast Flying
|-supereffective|p1a: Ribombee
|-enditem|p1a: Ribombee|Focus Sash
|-damage|p1a: Ribombee|1/100
|
|-weather|Snowscape|[upkeep]
|-damage|p2a: Orange Body|32/100 tox|[from] psn
|upkeep
|turn|19
|
|t:|1760764036
|switch|p2a: Pink Purple Mix|Slowking-Galar, M|70/100
|move|p1a: Ribombee|Moonblast|p2a: Pink Purple Mix
|-resisted|p2a: Pink Purple Mix
|-damage|p2a: Pink Purple Mix|59/100
|
|-weather|none
|upkeep
|turn|20
|
|t:|1760764044
|move|p1a: Ribombee|Bug Buzz|p2a: Pink Purple Mix
|-damage|p2a: Pink Purple Mix|35/100
|move|p2a: Pink Purple Mix|Toxic|p1a: Ribombee
|-status|p1a: Ribombee|tox
|
|-damage|p1a: Ribombee|0 fnt|[from] psn
|faint|p1a: Ribombee
|upkeep
|
|t:|1760764055
|switch|p1a: Gyarados|Gyarados, M|100/100
|turn|21
|
|t:|1760764062
|move|p1a: Gyarados|Substitute|p1a: Gyarados
|-start|p1a: Gyarados|Substitute
|-damage|p1a: Gyarados|76/100
|move|p2a: Pink Purple Mix|Toxic||[still]
|-fail|p2a: Pink Purple Mix
|
|upkeep
|turn|22
|
|t:|1760764068
|move|p1a: Gyarados|Dragon Dance|p1a: Gyarados
|-boost|p1a: Gyarados|atk|1
|-boost|p1a: Gyarados|spe|1
|move|p2a: Pink Purple Mix|Future Sight|p1a: Gyarados
|-start|p2a: Pink Purple Mix|move: Future Sight
|
|upkeep
|turn|23
|
|t:|1760764074
|move|p1a: Gyarados|Waterfall|p2a: Pink Purple Mix
|-damage|p2a: Pink Purple Mix|0 fnt
|faint|p2a: Pink Purple Mix
|-ability|p1a: Gyarados|Moxie|boost
|-boost|p1a: Gyarados|atk|1
|
|upkeep
|-message|MultitudeKotone forfeited.
|
|win|King.owenjr
|raw|King.owenjr's rating: 1382 &rarr; <strong>1402</strong><br />(+20 for winning)
|raw|MultitudeKotone's rating: 1386 &rarr; <strong>1366</strong><br />(-20 for losing)
|l|☆MultitudeKotone
|player|p2|
|l|☆King.owenjr
|player|p1|
