|j|☆aaron200589
|j|☆Chuck2025
|t:|1760727152
|gametype|singles
|player|p1|aaron200589|giovanni|1394
|player|p2|Chuck2025|102|1419
|gen|9
|tier|[Gen 9] OU
|rated|
|rule|HP Percentage Mod: HP is shown in percentages
|rule|Endless Battle Clause: Forcing endless battles is banned
|rule|Species Clause: Limit one of each Pokémon
|rule|OHKO Clause: OHKO moves are banned
|rule|Evasion Items Clause: Evasion items are banned
|rule|Evasion Moves Clause: Evasion moves are banned
|rule|Evasion Abilities Clause: Evasion abilities are banned
|rule|Sleep Moves Clause: Sleep-inducing moves are banned
|clearpoke
|poke|p1|Clefable, M|
|poke|p1|Salazzle, F|
|poke|p1|Corviknight, M|
|poke|p1|Pawmot, M|
|poke|p1|Rotom-Heat|
|poke|p1|Alomomola, M|
|poke|p2|Dragonite, F|
|poke|p2|Volcanion|
|poke|p2|Zamazenta-*|
|poke|p2|Meloetta|
|poke|p2|Iron Hands|
|poke|p2|Ogerpon-Wellspring, F|
|teampreview
|inactive|Battle timer is ON: inactive players will automatically lose when time's up. (requested by Chuck2025)
|
|t:|1760727187
|teamsize|p1|6
|teamsize|p2|6
|start
|switch|p1a: Rotom|Rotom-Heat|100/100
|switch|p2a: Iron Hands|Iron Hands, shiny|100/100
|turn|1
|
|t:|1760727203
|-end|p2a: Iron Hands|Quark Drive|[silent]
|switch|p2a: Meloetta|Meloetta|100/100
|move|p1a: Rotom|Trick|p2a: Meloetta
|-activate|p1a: Rotom|move: Trick|[of] p2a: Meloetta
|-item|p2a: Meloetta|Choice Scarf|[from] move: Trick
|-item|p1a: Rotom|Heavy-Duty Boots|[from] move: Trick
|
|upkeep
|turn|2
|
|t:|1760727218
|move|p2a: Meloetta|Psychic|p1a: Rotom
|-damage|p1a: Rotom|52/100
|move|p1a: Rotom|Trick|p2a: Meloetta
|-activate|p1a: Rotom|move: Trick|[of] p2a: Meloetta
|-item|p2a: Meloetta|Heavy-Duty Boots|[from] move: Trick
|-item|p1a: Rotom|Choice Scarf|[from] move: Trick
|
|upkeep
|turn|3
|
|t:|1760727227
|move|p1a: Rotom|Pain Split|p2a: Meloetta
|-sethp|p2a: Meloetta|73/100|[from] move: Pain Split|[silent]
|-sethp|p1a: Rotom|82/100|[from] move: Pain Split
|move|p2a: Meloetta|Psychic|p1a: Rotom
|-damage|p1a: Rotom|30/100
|-unboost|p1a: Rotom|spd|1
|
|upkeep
|turn|4
|
|t:|1760727238
|switch|p1a: Clefable|Clefable, M|100/100
|move|p2a: Meloetta|Psychic|p1a: Clefable
|-damage|p1a: Clefable|64/100
|-unboost|p1a: Clefable|spd|1
|
|-heal|p1a: Clefable|70/100|[from] item: Leftovers
|upkeep
|turn|5
|
|t:|1760727252
|switch|p2a: Iron Hands|Iron Hands, shiny|100/100
|switch|p1a: Alomomola|Alomomola, M|100/100
|
|upkeep
|turn|6
|
|t:|1760727262
|switch|p1a: Rotom|Rotom-Heat|30/100
|-end|p2a: Iron Hands|Quark Drive|[silent]
|switch|p2a: Ogerpon|Ogerpon-Wellspring, F|100/100
|
|upkeep
|turn|7
|
|t:|1760727270
|move|p1a: Rotom|Volt Switch|p2a: Ogerpon
|-damage|p2a: Ogerpon|71/100
|
|t:|1760727273
|switch|p1a: Corviknight|Corviknight, M|100/100|[from] Volt Switch
|-ability|p1a: Corviknight|Pressure
|move|p2a: Ogerpon|Knock Off|p1a: Corviknight
|-damage|p1a: Corviknight|76/100
|-damage|p2a: Ogerpon|55/100|[from] item: Rocky Helmet|[of] p1a: Corviknight
|-enditem|p1a: Corviknight|Rocky Helmet|[from] move: Knock Off|[of] p2a: Ogerpon
|
|upkeep
|turn|8
|
|t:|1760727284
|switch|p2a: Meloetta|Meloetta|73/100
|move|p1a: Corviknight|U-turn|p2a: Meloetta
|-supereffective|p2a: Meloetta
|-damage|p2a: Meloetta|35/100
|
|t:|1760727295
|switch|p1a: Alomomola|Alomomola, M|100/100|[from] U-turn
|
|upkeep
|turn|9
|
|t:|1760727300
|move|p2a: Meloetta|Thunderbolt|p1a: Alomomola
|-supereffective|p1a: Alomomola
|-damage|p1a: Alomomola|32/100
|move|p1a: Alomomola|Flip Turn|p2a: Meloetta
|-damage|p2a: Meloetta|14/100
|
|t:|1760727307
|switch|p1a: Rotom|Rotom-Heat|30/100|[from] Flip Turn
|
|upkeep
|turn|10
|
|t:|1760727312
|move|p1a: Rotom|Volt Switch|p2a: Meloetta
|-damage|p2a: Meloetta|0 fnt
|faint|p2a: Meloetta
|
|t:|1760727318
|switch|p1a: Alomomola|Alomomola, M|65/100|[from] Volt Switch
|
|-heal|p1a: Alomomola|71/100|[from] item: Leftovers
|upkeep
|
|t:|1760727325
|switch|p2a: Volcanion|Volcanion|100/100
|turn|11
|
|t:|1760727329
|move|p2a: Volcanion|Sludge Bomb|p1a: Alomomola
|-damage|p1a: Alomomola|34/100
|-status|p1a: Alomomola|psn
|move|p1a: Alomomola|Wish|p1a: Alomomola
|
|-heal|p1a: Alomomola|40/100 psn|[from] item: Leftovers
|-damage|p1a: Alomomola|28/100 psn|[from] psn
|upkeep
|turn|12
|
|t:|1760727339
|move|p1a: Alomomola|Protect|p1a: Alomomola
|-singleturn|p1a: Alomomola|Protect
|move|p2a: Volcanion|Steam Eruption|p1a: Alomomola
|-activate|p1a: Alomomola|move: Protect
|
|-heal|p1a: Alomomola|78/100 psn|[from] move: Wish|[wisher] Alomomola
|-heal|p1a: Alomomola|84/100 psn|[from] item: Leftovers
|-damage|p1a: Alomomola|72/100 psn|[from] psn
|upkeep
|turn|13
|
|t:|1760727354
|switch|p1a: Clefable|Clefable, M|70/100
|move|p2a: Volcanion|Sludge Bomb|p1a: Clefable
|-supereffective|p1a: Clefable
|-damage|p1a: Clefable|17/100
|-status|p1a: Clefable|psn
|
|-heal|p1a: Clefable|23/100 psn|[from] item: Leftovers
|-damage|p1a: Clefable|11/100 psn|[from] psn
|upkeep
|turn|14
|
|t:|1760727366
|move|p2a: Volcanion|Steam Eruption|p1a: Clefable
|-damage|p1a: Clefable|0 fnt
|faint|p1a: Clefable
|
|upkeep
|
|t:|1760727371
|switch|p1a: Pawmot|Pawmot, M|100/100
|turn|15
|
|t:|1760727379
|-terastallize|p2a: Volcanion|Bug
|move|p1a: Pawmot|Double Shock|p2a: Volcanion
|-damage|p2a: Volcanion|64/100
|-start|p1a: Pawmot|typechange|???/Fighting|[from] move: Double Shock
|move|p2a: Volcanion|Earth Power|p1a: Pawmot
|-damage|p1a: Pawmot|49/100
|
|upkeep
|turn|16
|
|t:|1760727393
|switch|p1a: Rotom|Rotom-Heat|30/100
|switch|p2a: Iron Hands|Iron Hands, shiny|100/100
|
|upkeep
|turn|17
|
|t:|1760727401
|move|p1a: Rotom|Pain Split|p2a: Iron Hands
|-sethp|p2a: Iron Hands|59/100|[from] move: Pain Split|[silent]
|-sethp|p1a: Rotom|99/100|[from] move: Pain Split
|move|p2a: Iron Hands|Drain Punch|p1a: Rotom
|-damage|p1a: Rotom|49/100
|-heal|p2a: Iron Hands|74/100|[from] drain|[of] p1a: Rotom
|
|upkeep
|turn|18
|
|t:|1760727410
|move|p1a: Rotom|Pain Split|p2a: Iron Hands
|-sethp|p2a: Iron Hands|52/100|[from] move: Pain Split|[silent]
|-sethp|p1a: Rotom|87/100|[from] move: Pain Split
|move|p2a: Iron Hands|Drain Punch|p1a: Rotom
|-damage|p1a: Rotom|40/100
|-heal|p2a: Iron Hands|66/100|[from] drain|[of] p1a: Rotom
|
|upkeep
|turn|19
|
|t:|1760727419
|move|p1a: Rotom|Pain Split|p2a: Iron Hands
|-sethp|p2a: Iron Hands|45/100|[from] move: Pain Split|[silent]
|-sethp|p1a: Rotom|75/100|[from] move: Pain Split
|move|p2a: Iron Hands|Drain Punch|p1a: Rotom
|-damage|p1a: Rotom|28/100
|-heal|p2a: Iron Hands|59/100|[from] drain|[of] p1a: Rotom
|
|upkeep
|turn|20
|
|t:|1760727427
|move|p1a: Rotom|Pain Split|p2a: Iron Hands
|-sethp|p2a: Iron Hands|38/100|[from] move: Pain Split|[silent]
|-sethp|p1a: Rotom|63/100|[from] move: Pain Split
|move|p2a: Iron Hands|Drain Punch|p1a: Rotom
|-damage|p1a: Rotom|15/100
|-heal|p2a: Iron Hands|52/100|[from] drain|[of] p1a: Rotom
|
|upkeep
|turn|21
|
|t:|1760727436
|move|p1a: Rotom|Pain Split|p2a: Iron Hands
|-sethp|p2a: Iron Hands|31/100|[from] move: Pain Split|[silent]
|-sethp|p1a: Rotom|51/100|[from] move: Pain Split
|move|p2a: Iron Hands|Drain Punch|p1a: Rotom
|-damage|p1a: Rotom|2/100
|-heal|p2a: Iron Hands|45/100|[from] drain|[of] p1a: Rotom
|
|upkeep
|turn|22
|
|t:|1760727446
|switch|p1a: Corviknight|Corviknight, M|76/100
|-ability|p1a: Corviknight|Pressure
|move|p2a: Iron Hands|Drain Punch|p1a: Corviknight
|-damage|p1a: Corviknight|47/100
|-heal|p2a: Iron Hands|57/100|[from] drain|[of] p1a: Corviknight
|
|upkeep
|turn|23
|
|t:|1760727455
|move|p1a: Corviknight|Body Press|p2a: Iron Hands
|-damage|p2a: Iron Hands|40/100
|-damage|p1a: Corviknight|30/100|[from] item: Rocky Helmet|[of] p2a: Iron Hands
|move|p2a: Iron Hands|Drain Punch|p1a: Corviknight
|-damage|p1a: Corviknight|3/100
|-heal|p2a: Iron Hands|51/100|[from] drain|[of] p1a: Corviknight
|
|upkeep
|turn|24
|
|t:|1760727464
|move|p1a: Corviknight|Body Press|p2a: Iron Hands
|-damage|p2a: Iron Hands|33/100
|-damage|p1a: Corviknight|0 fnt|[from] item: Rocky Helmet|[of] p2a: Iron Hands
|faint|p1a: Corviknight
|move|p2a: Iron Hands|Drain Punch|p1: Corviknight|[notarget]
|-fail|p2a: Iron Hands
|
|upkeep
|
|t:|1760727474
|switch|p1a: Pawmot|Pawmot, M|49/100
|turn|25
|
|t:|1760727478
|move|p1a: Pawmot|Revival Blessing|p1a: Pawmot
|-enditem|p1a: Pawmot|Leppa Berry|[eat]
|-activate|p1a: Pawmot|item: Leppa Berry|Revival Blessing|[consumed]
|
|t:|1760727483
|-heal|p1: Clefable|50/100|[from] move: Revival Blessing
|move|p2a: Iron Hands|Earthquake|p1a: Pawmot
|-supereffective|p1a: Pawmot
|-damage|p1a: Pawmot|0 fnt
|faint|p1a: Pawmot
|
|upkeep
|
|t:|1760727491
|switch|p1a: Rotom|Rotom-Heat|2/100
|turn|26
|
|t:|1760727495
|move|p1a: Rotom|Overheat|p2a: Iron Hands
|-damage|p2a: Iron Hands|0 fnt
|-unboost|p1a: Rotom|spa|2
|faint|p2a: Iron Hands
|-end|p2a: Iron Hands|Quark Drive|[silent]
|
|upkeep
|
|t:|1760727502
|switch|p2a: Dragonite|Dragonite, F|100/100
|turn|27
|
|t:|1760727510
|switch|p1a: Clefable|Clefable, M|50/100
|move|p2a: Dragonite|Extreme Speed|p1a: Clefable
|-damage|p1a: Clefable|21/100
|
|-heal|p1a: Clefable|27/100|[from] item: Leftovers
|upkeep
|turn|28
|
|t:|1760727519
|move|p2a: Dragonite|Extreme Speed|p1a: Clefable
|-damage|p1a: Clefable|0 fnt
|faint|p1a: Clefable
|
|upkeep
|
|t:|1760727526
|switch|p1a: Rotom|Rotom-Heat|2/100
|turn|29
|
|t:|1760727533
|switch|p1a: Alomomola|Alomomola, M|100/100 psn
|move|p2a: Dragonite|Extreme Speed|p1a: Alomomola
|-damage|p1a: Alomomola|83/100 psn
|
|-heal|p1a: Alomomola|89/100 psn|[from] item: Leftovers
|-damage|p1a: Alomomola|76/100 psn|[from] psn
|upkeep
|turn|30
|
|t:|1760727545
|switch|p2a: Ogerpon|Ogerpon-Wellspring, F|55/100
|move|p1a: Alomomola|Wish|p1a: Alomomola
|
|-heal|p1a: Alomomola|83/100 psn|[from] item: Leftovers
|-damage|p1a: Alomomola|70/100 psn|[from] psn
|upkeep
|turn|31
|
|t:|1760727554
|switch|p1a: Rotom|Rotom-Heat|2/100
|move|p2a: Ogerpon|Horn Leech|p1a: Rotom
|-resisted|p1a: Rotom
|-damage|p1a: Rotom|0 fnt
|-heal|p2a: Ogerpon|55/100|[from] drain|[of] p1a: Rotom
|faint|p1a: Rotom
|
|upkeep
|
|t:|1760727563
|switch|p1a: Salazzle|Salazzle, F|100/100
|turn|32
|
|t:|1760727572
|switch|p2a: Dragonite|Dragonite, F|100/100
|-terastallize|p1a: Salazzle|Water
|move|p1a: Salazzle|Substitute|p1a: Salazzle
|-start|p1a: Salazzle|Substitute
|-damage|p1a: Salazzle|75/100
|
|-heal|p1a: Salazzle|82/100|[from] item: Leftovers
|upkeep
|turn|33
|
|t:|1760727583
|move|p1a: Salazzle|Toxic|p2a: Dragonite
|-status|p2a: Dragonite|tox
|move|p2a: Dragonite|Dragon Claw|p1a: Salazzle
|-end|p1a: Salazzle|Substitute
|
|-heal|p1a: Salazzle|88/100|[from] item: Leftovers
|-damage|p2a: Dragonite|94/100 tox|[from] psn
|upkeep
|turn|34
|
|t:|1760727593
|move|p1a: Salazzle|Protect|p1a: Salazzle
|-singleturn|p1a: Salazzle|Protect
|move|p2a: Dragonite|Dragon Claw|p1a: Salazzle
|-activate|p1a: Salazzle|move: Protect
|
|-heal|p1a: Salazzle|94/100|[from] item: Leftovers
|-damage|p2a: Dragonite|82/100 tox|[from] psn
|upkeep
|turn|35
|
|t:|1760727603
|move|p1a: Salazzle|Substitute|p1a: Salazzle
|-start|p1a: Salazzle|Substitute
|-damage|p1a: Salazzle|69/100
|move|p2a: Dragonite|Dragon Claw|p1a: Salazzle
|-end|p1a: Salazzle|Substitute
|
|-heal|p1a: Salazzle|75/100|[from] item: Leftovers
|-damage|p2a: Dragonite|63/100 tox|[from] psn
|upkeep
|turn|36
|
|t:|1760727613
|move|p1a: Salazzle|Protect|p1a: Salazzle
|-singleturn|p1a: Salazzle|Protect
|move|p2a: Dragonite|Extreme Speed|p1a: Salazzle
|-activate|p1a: Salazzle|move: Protect
|
|-heal|p1a: Salazzle|81/100|[from] item: Leftovers
|-damage|p2a: Dragonite|38/100 tox|[from] psn
|upkeep
|turn|37
|
|t:|1760727623
|move|p1a: Salazzle|Substitute|p1a: Salazzle
|-start|p1a: Salazzle|Substitute
|-damage|p1a: Salazzle|56/100
|move|p2a: Dragonite|Dragon Claw|p1a: Salazzle
|-end|p1a: Salazzle|Substitute
|
|-heal|p1a: Salazzle|63/100|[from] item: Leftovers
|-damage|p2a: Dragonite|7/100 tox|[from] psn
|upkeep
|turn|38
|
|t:|1760727634
|move|p1a: Salazzle|Protect|p1a: Salazzle
|-singleturn|p1a: Salazzle|Protect
|move|p2a: Dragonite|Dragon Claw|p1a: Salazzle
|-activate|p1a: Salazzle|move: Protect
|
|-heal|p1a: Salazzle|69/100|[from] item: Leftovers
|-damage|p2a: Dragonite|0 fnt|[from] psn
|faint|p2a: Dragonite
|upkeep
|
|t:|1760727651
|switch|p2a: Zamazenta|Zamazenta|100/100
|-ability|p2a: Zamazenta|Dauntless Shield|boost
|-boost|p2a: Zamazenta|def|1
|turn|39
|
|t:|1760727663
|move|p1a: Salazzle|Toxic|p2a: Zamazenta
|-status|p2a: Zamazenta|tox
|move|p2a: Zamazenta|Crunch|p1a: Salazzle
|-damage|p1a: Salazzle|23/100
|-unboost|p1a: Salazzle|def|1
|
|-heal|p1a: Salazzle|29/100|[from] item: Leftovers
|-damage|p2a: Zamazenta|94/100 tox|[from] psn
|upkeep
|turn|40
|
|t:|1760727673
|move|p1a: Salazzle|Protect|p1a: Salazzle
|-singleturn|p1a: Salazzle|Protect
|move|p2a: Zamazenta|Crunch|p1a: Salazzle
|-activate|p1a: Salazzle|move: Protect
|
|-heal|p1a: Salazzle|35/100|[from] item: Leftovers
|-damage|p2a: Zamazenta|82/100 tox|[from] psn
|upkeep
|turn|41
|
|t:|1760727682
|switch|p1a: Alomomola|Alomomola, M|100/100 psn
|move|p2a: Zamazenta|Body Press|p1a: Alomomola
|-damage|p1a: Alomomola|74/100 psn
|
|-heal|p1a: Alomomola|80/100 psn|[from] item: Leftovers
|-damage|p2a: Zamazenta|63/100 tox|[from] psn
|-damage|p1a: Alomomola|68/100 psn|[from] psn
|upkeep
|turn|42
|
|t:|1760727698
|move|p2a: Zamazenta|Crunch|p1a: Alomomola
|-damage|p1a: Alomomola|52/100 psn
|move|p1a: Alomomola|Wish|p1a: Alomomola
|
|-heal|p1a: Alomomola|58/100 psn|[from] item: Leftovers
|-damage|p2a: Zamazenta|39/100 tox|[from] psn
|-damage|p1a: Alomomola|46/100 psn|[from] psn
|upkeep
|turn|43
|
|t:|1760727708
|switch|p2a: Ogerpon|Ogerpon-Wellspring, F|55/100
|switch|p1a: Salazzle|Salazzle, F, tera:Water|35/100
|
|-heal|p1a: Salazzle|100/100|[from] move: Wish|[wisher] Alomomola
|upkeep
|turn|44
|
|t:|1760727717
|move|p1a: Salazzle|Protect|p1a: Salazzle
|-singleturn|p1a: Salazzle|Protect
|move|p2a: Ogerpon|Horn Leech|p1a: Salazzle
|-activate|p1a: Salazzle|move: Protect
|
|upkeep
|turn|45
|
|t:|1760727728
|move|p1a: Salazzle|Toxic|p2a: Ogerpon
|-status|p2a: Ogerpon|tox
|move|p2a: Ogerpon|Horn Leech|p1a: Salazzle
|-supereffective|p1a: Salazzle
|-damage|p1a: Salazzle|0 fnt
|-heal|p2a: Ogerpon|100/100 tox|[from] drain|[of] p1a: Salazzle
|faint|p1a: Salazzle
|
|-damage|p2a: Ogerpon|95/100 tox|[from] psn
|upkeep
|-message|aaron200589 forfeited.
|
|win|Chuck2025
|raw|aaron200589's rating: 1394 &rarr; <strong>1375</strong><br />(-19 for losing)
|raw|Chuck2025's rating: 1419 &rarr; <strong>1438</strong><br />(+19 for winning)
|l|☆aaron200589
|player|p1|
|c|☆Chuck2025|Lol
|c|☆Chuck2025|stall sucks noob
|l|☆Chuck2025
|player|p2|
