|j|☆sherbieee
|j|☆ppppppz
|t:|1760765449
|gametype|singles
|player|p1|sherbieee|265|1078
|player|p2|ppppppz|preschooler|1078
|gen|9
|tier|[Gen 9] OU
|rated|
|rule|HP Percentage Mod: HP is shown in percentages
|rule|Endless Battle Clause: Forcing endless battles is banned
|rule|Species Clause: Limit one of each Pokémon
|rule|OHKO Clause: OHKO moves are banned
|rule|Evasion Items Clause: Evasion items are banned
|rule|Evasion Moves Clause: Evasion moves are banned
|rule|Evasion Abilities Clause: Evasion abilities are banned
|rule|Sleep Moves Clause: Sleep-inducing moves are banned
|clearpoke
|poke|p1|Dusclops, M|
|poke|p1|Hoopa-Unbound|
|poke|p1|Ninetales-Alola, F|
|poke|p1|Samurott-Hisui, M|
|poke|p1|Quaquaval, F|
|poke|p1|Zoroark-Hisui, M|
|poke|p2|Cinderace, F|
|poke|p2|Blaziken, M|
|poke|p2|Meowscarada, F|
|poke|p2|Quaquaval, F|
|poke|p2|Serperior, M|
|poke|p2|Feraligatr, M|
|teampreview
|
|t:|1760765460
|teamsize|p1|6
|teamsize|p2|6
|start
|switch|p1a: Ninetales|Ninetales-Alola, F|100/100
|switch|p2a: Serperior|Serperior, M|100/100
|-weather|Snowscape|[from] ability: Snow Warning|[of] p1a: Ninetales
|turn|1
|
|t:|1760765474
|move|p2a: Serperior|Leaf Storm|p1a: Ninetales
|-damage|p1a: Ninetales|58/100
|-boost|p2a: Serperior|spa|2
|move|p1a: Ninetales|Aurora Veil|p1a: Ninetales
|-sidestart|p1: sherbieee|move: Aurora Veil
|
|-weather|Snowscape|[upkeep]
|upkeep
|turn|2
|
|t:|1760765483
|move|p2a: Serperior|Leaf Storm|p1a: Ninetales
|-damage|p1a: Ninetales|14/100
|-boost|p2a: Serperior|spa|2
|move|p1a: Ninetales|Blizzard|p2a: Serperior
|-supereffective|p2a: Serperior
|-damage|p2a: Serperior|26/100
|-status|p2a: Serperior|frz
|
|-weather|Snowscape|[upkeep]
|upkeep
|turn|3
|
|t:|1760765502
|switch|p1a: Ninetales|Ninetales-Alola, F|100/100
|cant|p2a: Serperior|frz
|
|-weather|Snowscape|[upkeep]
|upkeep
|turn|4
|c|☆sherbieee|erm
|
|t:|1760765518
|cant|p2a: Serperior|frz
|move|p1a: Ninetales|Shadow Ball|p2a: Serperior
|-damage|p2a: Serperior|0 fnt
|faint|p2a: Serperior
|
|-weather|Snowscape|[upkeep]
|upkeep
|
|t:|1760765535
|switch|p2a: Blaziken|Blaziken, M|100/100
|turn|5
|
|t:|1760765546
|switch|p1a: Quaquaval|Quaquaval, F|100/100
|move|p2a: Blaziken|Swords Dance|p2a: Blaziken
|-boost|p2a: Blaziken|atk|2
|
|-weather|none
|-ability|p2a: Blaziken|Speed Boost|boost
|-boost|p2a: Blaziken|spe|1
|upkeep
|turn|6
|
|t:|1760765559
|move|p2a: Blaziken|Swords Dance|p2a: Blaziken
|-boost|p2a: Blaziken|atk|2
|move|p1a: Quaquaval|Aqua Step|p2a: Blaziken
|-supereffective|p2a: Blaziken
|-enditem|p2a: Blaziken|Focus Sash
|-damage|p2a: Blaziken|1/100
|-boost|p1a: Quaquaval|spe|1
|
|-ability|p2a: Blaziken|Speed Boost|boost
|-boost|p2a: Blaziken|spe|1
|upkeep
|turn|7
|
|t:|1760765581
|move|p2a: Blaziken|Acrobatics|p1a: Quaquaval
|-supereffective|p1a: Quaquaval
|-damage|p1a: Quaquaval|0 fnt
|faint|p1a: Quaquaval
|
|-ability|p2a: Blaziken|Speed Boost|boost
|-boost|p2a: Blaziken|spe|1
|upkeep
|
|t:|1760765587
|switch|p1a: Samurott|Samurott-Hisui, M|100/100
|turn|8
|
|t:|1760765592
|move|p1a: Samurott|Sucker Punch|p2a: Blaziken
|-resisted|p2a: Blaziken
|-damage|p2a: Blaziken|0 fnt
|faint|p2a: Blaziken
|
|-sideend|p1: sherbieee|move: Aurora Veil
|upkeep
|
|t:|1760765601
|switch|p2a: Meowscarada|Meowscarada, F|100/100
|-item|p2a: Meowscarada|Air Balloon
|turn|9
|
|t:|1760765612
|switch|p1a: Ninetales|Ninetales-Alola, F|14/100
|-weather|Snowscape|[from] ability: Snow Warning|[of] p1a: Ninetales
|move|p2a: Meowscarada|Flower Trick|p1a: Ninetales
|-start|p2a: Meowscarada|typechange|Grass|[from] ability: Protean
|-crit|p1a: Ninetales
|-damage|p1a: Ninetales|0 fnt
|faint|p1a: Ninetales
|
|-weather|Snowscape|[upkeep]
|upkeep
|
|t:|1760765627
|switch|p1a: Dusclops|Dusclops, M|100/100
|-ability|p1a: Dusclops|Pressure
|turn|10
|
|t:|1760765634
|move|p2a: Meowscarada|Play Rough|p1a: Dusclops
|-damage|p1a: Dusclops|83/100
|-unboost|p1a: Dusclops|atk|1
|move|p1a: Dusclops|Will-O-Wisp|p2a: Meowscarada
|-status|p2a: Meowscarada|brn
|
|-weather|Snowscape|[upkeep]
|-damage|p2a: Meowscarada|94/100 brn|[from] brn
|upkeep
|turn|11
|
|t:|1760765648
|move|p2a: Meowscarada|Flower Trick|p1a: Dusclops
|-crit|p1a: Dusclops
|-damage|p1a: Dusclops|66/100
|move|p1a: Dusclops|Night Shade|p2a: Meowscarada
|-damage|p2a: Meowscarada|60/100 brn
|-enditem|p2a: Meowscarada|Air Balloon
|
|-weather|Snowscape|[upkeep]
|-damage|p2a: Meowscarada|54/100 brn|[from] brn
|upkeep
|turn|12
|
|t:|1760765659
|move|p2a: Meowscarada|Acrobatics|p1a: Dusclops
|-damage|p1a: Dusclops|55/100
|move|p1a: Dusclops|Night Shade|p2a: Meowscarada
|-damage|p2a: Meowscarada|20/100 brn
|
|-weather|Snowscape|[upkeep]
|-damage|p2a: Meowscarada|14/100 brn|[from] brn
|upkeep
|turn|13
|
|t:|1760765667
|move|p2a: Meowscarada|Flower Trick|p1a: Dusclops
|-crit|p1a: Dusclops
|-damage|p1a: Dusclops|39/100
|move|p1a: Dusclops|Night Shade|p2a: Meowscarada
|-damage|p2a: Meowscarada|0 fnt
|faint|p2a: Meowscarada
|
|-weather|none
|upkeep
|
|t:|1760765677
|switch|p2a: Quaquaval|Quaquaval, F|100/100
|turn|14
|
|t:|1760765681
|move|p2a: Quaquaval|Aqua Step|p1a: Dusclops
|-damage|p1a: Dusclops|11/100
|-boost|p2a: Quaquaval|spe|1
|move|p1a: Dusclops|Rest|p1a: Dusclops
|-status|p1a: Dusclops|slp|[from] move: Rest
|-heal|p1a: Dusclops|100/100 slp|[silent]
|
|upkeep
|turn|15
|
|t:|1760765693
|move|p2a: Quaquaval|Aqua Step|p1a: Dusclops
|-crit|p1a: Dusclops
|-damage|p1a: Dusclops|58/100 slp
|-boost|p2a: Quaquaval|spe|1
|cant|p1a: Dusclops|slp
|move|p1a: Dusclops|Sleep Talk|p1a: Dusclops
|move|p1a: Dusclops|Rest||[from] move: Sleep Talk|[still]
|-fail|p1a: Dusclops
|
|upkeep
|turn|16
|
|t:|1760765710
|move|p2a: Quaquaval|Ice Spinner|p1a: Dusclops
|-damage|p1a: Dusclops|39/100 slp
|cant|p1a: Dusclops|slp
|move|p1a: Dusclops|Sleep Talk|p1a: Dusclops
|move|p1a: Dusclops|Will-O-Wisp|p2a: Quaquaval|[from] move: Sleep Talk
|-status|p2a: Quaquaval|brn
|
|-damage|p2a: Quaquaval|94/100 brn|[from] brn
|upkeep
|turn|17
|
|t:|1760765722
|move|p2a: Quaquaval|Aqua Step|p1a: Dusclops
|-damage|p1a: Dusclops|25/100 slp
|-boost|p2a: Quaquaval|spe|1
|-curestatus|p1a: Dusclops|slp|[msg]
|move|p1a: Dusclops|Sleep Talk||[still]
|-fail|p1a: Dusclops
|
|-damage|p2a: Quaquaval|88/100 brn|[from] brn
|upkeep
|turn|18
|
|t:|1760765732
|move|p2a: Quaquaval|Aqua Step|p1a: Dusclops
|-damage|p1a: Dusclops|10/100
|-boost|p2a: Quaquaval|spe|1
|move|p1a: Dusclops|Rest|p1a: Dusclops
|-status|p1a: Dusclops|slp|[from] move: Rest
|-heal|p1a: Dusclops|100/100 slp|[silent]
|
|-damage|p2a: Quaquaval|82/100 brn|[from] brn
|upkeep
|turn|19
|
|t:|1760765743
|switch|p2a: Feraligatr|Feraligatr, M|100/100
|cant|p1a: Dusclops|slp
|move|p1a: Dusclops|Sleep Talk|p1a: Dusclops
|move|p1a: Dusclops|Rest||[from] move: Sleep Talk|[still]
|-fail|p1a: Dusclops
|
|upkeep
|turn|20
|
|t:|1760765754
|move|p2a: Feraligatr|Dragon Dance|p2a: Feraligatr
|-boost|p2a: Feraligatr|atk|1
|-boost|p2a: Feraligatr|spe|1
|cant|p1a: Dusclops|slp
|move|p1a: Dusclops|Sleep Talk|p1a: Dusclops
|move|p1a: Dusclops|Will-O-Wisp|p2a: Feraligatr|[from] move: Sleep Talk|[miss]
|-miss|p1a: Dusclops|p2a: Feraligatr
|
|upkeep
|turn|21
|
|t:|1760765766
|switch|p1a: Hoopa|Hoopa-Unbound|100/100
|move|p2a: Feraligatr|Dragon Dance|p2a: Feraligatr
|-boost|p2a: Feraligatr|atk|1
|-boost|p2a: Feraligatr|spe|1
|
|upkeep
|turn|22
|
|t:|1760765777
|move|p2a: Feraligatr|Liquidation|p1a: Hoopa
|-crit|p1a: Hoopa
|-damage|p1a: Hoopa|0 fnt
|faint|p1a: Hoopa
|
|upkeep
|
|t:|1760765784
|switch|p1a: Samurott|Samurott-Hisui, M|100/100
|turn|23
|
|t:|1760765794
|move|p2a: Feraligatr|Liquidation|p1a: Samurott
|-damage|p1a: Samurott|0 fnt
|replace|p1a: Zoroark|Zoroark-Hisui, M
|-end|p1a: Zoroark|Illusion
|faint|p1a: Zoroark
|
|upkeep
|
|t:|1760765800
|switch|p1a: Samurott|Samurott-Hisui, M|100/100
|turn|24
|
|t:|1760765804
|move|p1a: Samurott|Sucker Punch|p2a: Feraligatr
|-damage|p2a: Feraligatr|66/100
|move|p2a: Feraligatr|Liquidation|p1a: Samurott
|-resisted|p1a: Samurott
|-damage|p1a: Samurott|46/100
|
|upkeep
|turn|25
|
|t:|1760765811
|move|p1a: Samurott|Sucker Punch|p2a: Feraligatr
|-damage|p2a: Feraligatr|35/100
|move|p2a: Feraligatr|Liquidation|p1a: Samurott
|-resisted|p1a: Samurott
|-damage|p1a: Samurott|0 fnt
|faint|p1a: Samurott
|
|upkeep
|
|t:|1760765813
|switch|p1a: Dusclops|Dusclops, M|100/100 slp
|-ability|p1a: Dusclops|Pressure
|turn|26
|
|t:|1760765825
|move|p2a: Feraligatr|Liquidation|p1a: Dusclops
|-damage|p1a: Dusclops|29/100 slp
|-curestatus|p1a: Dusclops|slp|[msg]
|move|p1a: Dusclops|Sleep Talk||[still]
|-fail|p1a: Dusclops
|
|upkeep
|turn|27
|-message|sherbieee forfeited.
|
|win|ppppppz
|raw|sherbieee's rating: 1078 &rarr; <strong>1056</strong><br />(-22 for losing)
|raw|ppppppz's rating: 1078 &rarr; <strong>1106</strong><br />(+28 for winning)
|l|☆sherbieee
|player|p1|
|l|☆ppppppz
|player|p2|
