|badge|p2|silver|gen9ou|30-7
|uhtml|medal-msg|<div class="broadcast-blue">Curious what those medals under the avatar are? PS now has Ladder Seasons! For more information, check out the <a href="https://www.smogon.com/forums/threads/3740067/">thread on Smogon.</a></div>
|j|☆1shy9
|j|☆jeandonis02
|t:|1760742124
|gametype|singles
|player|p1|1shy9|acetrainerf-gen4|1719
|player|p2|jeandonis02|lucas|1961
|gen|9
|tier|[Gen 9] OU
|rated|
|rule|HP Percentage Mod: HP is shown in percentages
|rule|Endless Battle Clause: Forcing endless battles is banned
|rule|Species Clause: Limit one of each Pokémon
|rule|OHKO Clause: OHKO moves are banned
|rule|Evasion Items Clause: Evasion items are banned
|rule|Evasion Moves Clause: Evasion moves are banned
|rule|Evasion Abilities Clause: Evasion abilities are banned
|rule|Sleep Moves Clause: Sleep-inducing moves are banned
|clearpoke
|poke|p1|Iron Moth|
|poke|p1|Gholdengo|
|poke|p1|Great Tusk|
|poke|p1|Zamazenta-*|
|poke|p1|Dragonite, F|
|poke|p1|Kyurem|
|poke|p2|Garchomp, M|
|poke|p2|Ditto|
|poke|p2|Ceruledge, M|
|poke|p2|Great Tusk|
|poke|p2|Dragapult, F|
|poke|p2|Toxapex, M|
|teampreview
|
|t:|1760742136
|teamsize|p1|6
|teamsize|p2|6
|start
|switch|p1a: Kyurem|Kyurem|100/100
|switch|p2a: Ceruledge|Ceruledge, M|100/100
|-ability|p1a: Kyurem|Pressure
|turn|1
|inactive|Battle timer is ON: inactive players will automatically lose when time's up. (requested by jeandonis02)
|
|t:|1760742142
|move|p1a: Kyurem|Earth Power|p2a: Ceruledge
|-supereffective|p2a: Ceruledge
|-damage|p2a: Ceruledge|28/100
|-unboost|p2a: Ceruledge|spd|1
|move|p2a: Ceruledge|Close Combat|p1a: Kyurem
|-supereffective|p1a: Kyurem
|-damage|p1a: Kyurem|21/100
|-unboost|p2a: Ceruledge|def|1
|-unboost|p2a: Ceruledge|spd|1
|
|upkeep
|turn|2
|
|t:|1760742151
|move|p2a: Ceruledge|Shadow Sneak|p1a: Kyurem
|-damage|p1a: Kyurem|3/100
|move|p1a: Kyurem|Freeze-Dry|p2a: Ceruledge
|-resisted|p2a: Ceruledge
|-damage|p2a: Ceruledge|0 fnt
|faint|p2a: Ceruledge
|
|upkeep
|
|t:|1760742154
|switch|p2a: Ditto|Ditto|100/100
|-transform|p2a: Ditto|p1a: Kyurem|[from] ability: Imposter
|-ability|p2a: Ditto|Pressure
|turn|3
|
|t:|1760742160
|move|p2a: Ditto|Icicle Spear|p1a: Kyurem
|-damage|p1a: Kyurem|0 fnt
|faint|p1a: Kyurem
|-hitcount|p1: Kyurem|1
|
|upkeep
|
|t:|1760742169
|switch|p1a: Gholdengo|Gholdengo|100/100
|turn|4
|
|t:|1760742177
|move|p2a: Ditto|Icicle Spear|p1a: Gholdengo
|-resisted|p1a: Gholdengo
|-damage|p1a: Gholdengo|95/100
|-resisted|p1a: Gholdengo
|-damage|p1a: Gholdengo|89/100
|-resisted|p1a: Gholdengo
|-damage|p1a: Gholdengo|83/100
|-resisted|p1a: Gholdengo
|-damage|p1a: Gholdengo|77/100
|-hitcount|p1a: Gholdengo|4
|move|p1a: Gholdengo|Trick|p2a: Ditto
|-activate|p1a: Gholdengo|move: Trick|[of] p2a: Ditto
|-item|p2a: Ditto|Choice Scarf|[from] move: Trick
|-item|p1a: Gholdengo|Choice Scarf|[from] move: Trick
|
|upkeep
|turn|5
|
|t:|1760742190
|move|p2a: Ditto|Earth Power|p1a: Gholdengo
|-supereffective|p1a: Gholdengo
|-damage|p1a: Gholdengo|0 fnt
|faint|p1a: Gholdengo
|
|upkeep
|j| Nikator98
|
|t:|1760742193
|switch|p1a: Dragonite|Dragonite, F|100/100
|turn|6
|
|t:|1760742197
|switch|p2a: Toxapex|Toxapex, M|100/100
|move|p1a: Dragonite|Dragon Dance|p1a: Dragonite
|-boost|p1a: Dragonite|atk|1
|-boost|p1a: Dragonite|spe|1
|
|upkeep
|turn|7
|
|t:|1760742203
|move|p1a: Dragonite|Earthquake|p2a: Toxapex
|-supereffective|p2a: Toxapex
|-damage|p2a: Toxapex|15/100
|move|p2a: Toxapex|Toxic|p1a: Dragonite
|-status|p1a: Dragonite|tox
|
|-heal|p2a: Toxapex|21/100|[from] item: Leftovers
|-damage|p1a: Dragonite|94/100 tox|[from] psn
|upkeep
|turn|8
|
|t:|1760742211
|-terastallize|p1a: Dragonite|Flying
|move|p2a: Toxapex|Baneful Bunker|p2a: Toxapex
|-singleturn|p2a: Toxapex|move: Protect
|move|p1a: Dragonite|Tera Blast|p2a: Toxapex|[anim] Tera Blast Flying
|-activate|p2a: Toxapex|move: Protect
|
|-heal|p2a: Toxapex|27/100|[from] item: Leftovers
|-damage|p1a: Dragonite|82/100 tox|[from] psn
|upkeep
|turn|9
|
|t:|1760742220
|switch|p2a: Ditto|Ditto|100/100
|-transform|p2a: Ditto|p1a: Dragonite|[from] ability: Imposter
|move|p1a: Dragonite|Tera Blast|p2a: Ditto|[anim] Tera Blast Flying
|-damage|p2a: Ditto|44/100
|
|-damage|p1a: Dragonite|63/100 tox|[from] psn
|upkeep
|-start|p2a: Ditto|typechange|Dragon/Flying|[silent]
|turn|10
|
|t:|1760742243
|-terastallize|p2a: Ditto|Ghost
|move|p2a: Ditto|Tera Blast|p1a: Dragonite|[anim] Tera Blast Ghost
|-damage|p1a: Dragonite|0 fnt
|faint|p1a: Dragonite
|
|upkeep
|
|t:|1760742255
|switch|p1a: Great Tusk|Great Tusk|100/100
|turn|11
|
|t:|1760742258
|move|p2a: Ditto|Tera Blast|p1a: Great Tusk|[anim] Tera Blast Ghost
|-damage|p1a: Great Tusk|51/100
|move|p1a: Great Tusk|Stealth Rock|p2a: Ditto
|-sidestart|p2: jeandonis02|move: Stealth Rock
|
|upkeep
|turn|12
|
|t:|1760742267
|switch|p2a: Great Tusk|Great Tusk|100/100
|move|p1a: Great Tusk|Headlong Rush|p2a: Great Tusk
|-damage|p2a: Great Tusk|68/100
|-unboost|p1a: Great Tusk|def|1
|-unboost|p1a: Great Tusk|spd|1
|
|upkeep
|turn|13
|
|t:|1760742269
|move|p1a: Great Tusk|Rapid Spin|p2a: Great Tusk
|-damage|p2a: Great Tusk|59/100
|-boost|p1a: Great Tusk|spe|1
|move|p2a: Great Tusk|Rapid Spin|p1a: Great Tusk
|-damage|p1a: Great Tusk|34/100
|-boost|p2a: Great Tusk|spe|1
|-sideend|p2: jeandonis02|Stealth Rock|[from] move: Rapid Spin|[of] p2a: Great Tusk
|
|upkeep
|turn|14
|
|t:|1760742274
|move|p1a: Great Tusk|Headlong Rush|p2a: Great Tusk
|-damage|p2a: Great Tusk|27/100
|-unboost|p1a: Great Tusk|def|1
|-unboost|p1a: Great Tusk|spd|1
|move|p2a: Great Tusk|Rapid Spin|p1a: Great Tusk
|-damage|p1a: Great Tusk|13/100
|-boost|p2a: Great Tusk|spe|1
|
|upkeep
|turn|15
|
|t:|1760742278
|move|p2a: Great Tusk|Rapid Spin|p1a: Great Tusk
|-damage|p1a: Great Tusk|0 fnt
|-boost|p2a: Great Tusk|spe|1
|faint|p1a: Great Tusk
|-end|p1a: Great Tusk|Protosynthesis|[silent]
|
|upkeep
|j| Trucker Hat Mew
|
|t:|1760742279
|switch|p1a: Zamazenta|Zamazenta|100/100
|-ability|p1a: Zamazenta|Dauntless Shield|boost
|-boost|p1a: Zamazenta|def|1
|turn|16
|
|t:|1760742283
|move|p2a: Great Tusk|Knock Off|p1a: Zamazenta
|-resisted|p1a: Zamazenta
|-damage|p1a: Zamazenta|92/100
|-enditem|p1a: Zamazenta|Leftovers|[from] move: Knock Off|[of] p2a: Great Tusk
|move|p1a: Zamazenta|Body Press|p2a: Great Tusk
|-damage|p2a: Great Tusk|2/100
|
|upkeep
|turn|17
|
|t:|1760742289
|move|p2a: Great Tusk|Stealth Rock|p1a: Zamazenta
|-sidestart|p1: 1shy9|move: Stealth Rock
|move|p1a: Zamazenta|Crunch|p2a: Great Tusk
|-resisted|p2a: Great Tusk
|-damage|p2a: Great Tusk|0 fnt
|faint|p2a: Great Tusk
|-end|p2a: Great Tusk|Protosynthesis|[silent]
|
|upkeep
|j| jeffbuckleyenjoyer
|
|t:|1760742293
|switch|p2a: Toxapex|Toxapex, M|61/100
|turn|18
|
|t:|1760742296
|move|p1a: Zamazenta|Stone Edge|p2a: Toxapex
|-damage|p2a: Toxapex|39/100
|move|p2a: Toxapex|Toxic|p1a: Zamazenta
|-status|p1a: Zamazenta|tox
|
|-heal|p2a: Toxapex|45/100|[from] item: Leftovers
|-damage|p1a: Zamazenta|86/100 tox|[from] psn
|upkeep
|turn|19
|
|t:|1760742299
|move|p1a: Zamazenta|Stone Edge|p2a: Toxapex
|-damage|p2a: Toxapex|22/100
|move|p2a: Toxapex|Ice Beam|p1a: Zamazenta
|-damage|p1a: Zamazenta|76/100 tox
|
|-heal|p2a: Toxapex|28/100|[from] item: Leftovers
|-damage|p1a: Zamazenta|63/100 tox|[from] psn
|upkeep
|turn|20
|
|t:|1760742302
|move|p2a: Toxapex|Baneful Bunker|p2a: Toxapex
|-singleturn|p2a: Toxapex|move: Protect
|move|p1a: Zamazenta|Stone Edge|p2a: Toxapex
|-activate|p2a: Toxapex|move: Protect
|
|-heal|p2a: Toxapex|35/100|[from] item: Leftovers
|-damage|p1a: Zamazenta|45/100 tox|[from] psn
|upkeep
|turn|21
|l| jeffbuckleyenjoyer
|
|t:|1760742304
|switch|p2a: Ditto|Ditto, tera:Ghost|44/100
|-transform|p2a: Ditto|p1a: Zamazenta|[from] ability: Imposter
|-ability|p2a: Ditto|Dauntless Shield|boost
|-boost|p2a: Ditto|def|1
|move|p1a: Zamazenta|Stone Edge|p2a: Ditto
|-damage|p2a: Ditto|31/100
|
|-damage|p1a: Zamazenta|20/100 tox|[from] psn
|upkeep
|turn|22
|
|t:|1760742309
|move|p2a: Ditto|Stone Edge|p1a: Zamazenta
|-resisted|p1a: Zamazenta
|-damage|p1a: Zamazenta|12/100 tox
|move|p1a: Zamazenta|Crunch|p2a: Ditto
|-supereffective|p2a: Ditto
|-damage|p2a: Ditto|10/100
|
|-damage|p1a: Zamazenta|0 fnt|[from] psn
|faint|p1a: Zamazenta
|upkeep
|
|t:|1760742311
|switch|p1a: Iron Moth|Iron Moth|100/100
|-damage|p1a: Iron Moth|75/100|[from] Stealth Rock
|-enditem|p1a: Iron Moth|Booster Energy
|-activate|p1a: Iron Moth|ability: Quark Drive|[fromitem]
|-start|p1a: Iron Moth|quarkdrivespe
|turn|23
|
|t:|1760742313
|move|p2a: Ditto|Stone Edge|p1a: Iron Moth
|-supereffective|p1a: Iron Moth
|-damage|p1a: Iron Moth|0 fnt
|faint|p1a: Iron Moth
|-end|p1a: Iron Moth|Quark Drive|[silent]
|
|win|jeandonis02
|raw|1shy9's rating: 1719 &rarr; <strong>1711</strong><br />(-8 for losing)
|raw|jeandonis02's rating: 1961 &rarr; <strong>1969</strong><br />(+8 for winning)
|l|☆1shy9
|player|p1|
|l|☆jeandonis02
|player|p2|
|l| Trucker Hat Mew
