|j|☆enormouschilli
|j|☆XxH0meland3r420xX
|t:|1760832566
|gametype|singles
|player|p1|enormouschilli|170|1369
|player|p2|XxH0meland3r420xX|palmer|1379
|gen|9
|tier|[Gen 9] OU
|rated|
|rule|HP Percentage Mod: HP is shown in percentages
|rule|Endless Battle Clause: Forcing endless battles is banned
|rule|Species Clause: Limit one of each Pokémon
|rule|OHKO Clause: OHKO moves are banned
|rule|Evasion Items Clause: Evasion items are banned
|rule|Evasion Moves Clause: Evasion moves are banned
|rule|Evasion Abilities Clause: Evasion abilities are banned
|rule|Sleep Moves Clause: Sleep-inducing moves are banned
|clearpoke
|poke|p1|Kommo-o, F|
|poke|p1|Gholdengo|
|poke|p1|Ninetales-Alola, M|
|poke|p1|Hatterene, F|
|poke|p1|Zamazenta-*|
|poke|p1|Kingambit, F|
|poke|p2|Araquanid, F|
|poke|p2|Scrafty, M|
|poke|p2|Kyurem|
|poke|p2|Gholdengo|
|poke|p2|Great Tusk|
|poke|p2|Iron Moth|
|teampreview
|inactive|Battle timer is ON: inactive players will automatically lose when time's up. (requested by enormouschilli)
|
|t:|1760832608
|teamsize|p1|6
|teamsize|p2|6
|start
|switch|p1a: Ninetales|Ninetales-Alola, M|100/100
|switch|p2a: Araquanid|Araquanid, F|100/100
|-weather|Snowscape|[from] ability: Snow Warning|[of] p1a: Ninetales
|turn|1
|
|t:|1760832618
|move|p1a: Ninetales|Aurora Veil|p1a: Ninetales
|-sidestart|p1: enormouschilli|move: Aurora Veil
|move|p2a: Araquanid|Liquidation|p1a: Ninetales
|-damage|p1a: Ninetales|77/100
|
|-weather|Snowscape|[upkeep]
|upkeep
|turn|2
|
|t:|1760832636
|move|p1a: Ninetales|Freeze-Dry|p2a: Araquanid
|-supereffective|p2a: Araquanid
|-damage|p2a: Araquanid|65/100
|move|p2a: Araquanid|Liquidation|p1a: Ninetales
|-damage|p1a: Ninetales|51/100
|
|-weather|Snowscape|[upkeep]
|upkeep
|turn|3
|inactive|enormouschilli has 120 seconds left.
|
|t:|1760832663
|move|p1a: Ninetales|Freeze-Dry|p2a: Araquanid
|-supereffective|p2a: Araquanid
|-damage|p2a: Araquanid|31/100
|move|p2a: Araquanid|Sticky Web|p1a: Ninetales
|-sidestart|p1: enormouschilli|move: Sticky Web
|
|-weather|Snowscape|[upkeep]
|upkeep
|turn|4
|inactive|enormouschilli has 120 seconds left.
|inactive|XxH0meland3r420xX has 120 seconds left.
|inactive|XxH0meland3r420xX has 90 seconds left.
|
|t:|1760832724
|switch|p2a: Gholdengo|Gholdengo|100/100
|-item|p2a: Gholdengo|Air Balloon
|move|p1a: Ninetales|Freeze-Dry|p2a: Gholdengo
|-resisted|p2a: Gholdengo
|-damage|p2a: Gholdengo|89/100
|-enditem|p2a: Gholdengo|Air Balloon
|
|-weather|Snowscape|[upkeep]
|upkeep
|turn|5
|
|t:|1760832736
|switch|p1a: Zamazenta|Zamazenta|100/100
|-activate|p1a: Zamazenta|move: Sticky Web
|-unboost|p1a: Zamazenta|spe|1
|-ability|p1a: Zamazenta|Dauntless Shield|boost
|-boost|p1a: Zamazenta|def|1
|move|p2a: Gholdengo|Nasty Plot|p2a: Gholdengo
|-boost|p2a: Gholdengo|spa|2
|
|-weather|none
|upkeep
|turn|6
|inactive|XxH0meland3r420xX has 60 seconds left.
|
|t:|1760832768
|move|p2a: Gholdengo|Make It Rain|p1a: Zamazenta
|-crit|p1a: Zamazenta
|-damage|p1a: Zamazenta|0 fnt
|-unboost|p2a: Gholdengo|spa|1
|faint|p1a: Zamazenta
|
|upkeep
|
|t:|1760832776
|switch|p1a: Kingambit|Kingambit, F|100/100
|-activate|p1a: Kingambit|ability: Supreme Overlord
|-start|p1a: Kingambit|fallen1|[silent]
|-item|p1a: Kingambit|Air Balloon
|turn|7
|inactive|XxH0meland3r420xX has 60 seconds left.
|inactive|XxH0meland3r420xX has 30 seconds left.
|inactive|XxH0meland3r420xX has 20 seconds left.
|inactive|XxH0meland3r420xX has 15 seconds left.
|inactive|XxH0meland3r420xX has 10 seconds left.
|
|t:|1760832844
|-terastallize|p2a: Gholdengo|Fairy
|move|p2a: Gholdengo|Focus Blast|p1a: Kingambit|[miss]
|-miss|p2a: Gholdengo|p1a: Kingambit
|move|p1a: Kingambit|Swords Dance|p1a: Kingambit
|-boost|p1a: Kingambit|atk|2
|
|upkeep
|turn|8
|inactive|XxH0meland3r420xX has 20 seconds left this turn.
|inactive|enormouschilli has 120 seconds left.
|inactive|XxH0meland3r420xX has 15 seconds left.
|
|t:|1760832851
|-terastallize|p1a: Kingambit|Ghost
|move|p2a: Gholdengo|Focus Blast|p1a: Kingambit
|-immune|p1a: Kingambit
|move|p1a: Kingambit|Iron Head|p2a: Gholdengo
|-supereffective|p2a: Gholdengo
|-damage|p2a: Gholdengo|0 fnt
|faint|p2a: Gholdengo
|
|-sideend|p1: enormouschilli|move: Aurora Veil
|upkeep
|inactive|XxH0meland3r420xX has 20 seconds left this turn.
|
|t:|1760832856
|switch|p2a: Scrafty|Scrafty, M|100/100
|turn|9
|inactive|XxH0meland3r420xX has 30 seconds left this turn.
|inactive|enormouschilli has 120 seconds left.
|
|t:|1760832872
|move|p2a: Scrafty|Knock Off|p1a: Kingambit
|-supereffective|p1a: Kingambit
|-damage|p1a: Kingambit|44/100
|-enditem|p1a: Kingambit|Air Balloon
|move|p1a: Kingambit|Iron Head|p2a: Scrafty
|-damage|p2a: Scrafty|0 fnt
|faint|p2a: Scrafty
|
|upkeep
|inactive|XxH0meland3r420xX has 30 seconds left this turn.
|
|t:|1760832880
|switch|p2a: Araquanid|Araquanid, F|31/100
|turn|10
|inactive|XxH0meland3r420xX has 30 seconds left.
|
|t:|1760832891
|move|p2a: Araquanid|Endure|p2a: Araquanid
|-singleturn|p2a: Araquanid|move: Endure
|move|p1a: Kingambit|Kowtow Cleave|p2a: Araquanid
|-activate|p2a: Araquanid|move: Endure
|-damage|p2a: Araquanid|1/100
|
|upkeep
|turn|11
|inactive|XxH0meland3r420xX has 30 seconds left.
|-enditem|p2a: Araquanid|Custap Berry|[eat]
|-activate|p2a: Araquanid|item: Custap Berry|[consumed]
|
|t:|1760832915
|move|p1a: Kingambit|Sucker Punch|p2a: Araquanid
|-damage|p2a: Araquanid|0 fnt
|faint|p2a: Araquanid
|
|upkeep
|
|t:|1760832918
|switch|p2a: Great Tusk|Great Tusk|100/100
|turn|12
|
|t:|1760832937
|move|p2a: Great Tusk|Headlong Rush|p1a: Kingambit
|-damage|p1a: Kingambit|0 fnt
|-unboost|p2a: Great Tusk|def|1
|-unboost|p2a: Great Tusk|spd|1
|faint|p1a: Kingambit
|-end|p1a: Kingambit|fallen1|[silent]
|
|upkeep
|
|t:|1760832942
|switch|p1a: Hatterene|Hatterene, F|100/100
|-activate|p1a: Hatterene|move: Sticky Web
|-unboost|p1a: Hatterene|spe|1
|turn|13
|
|t:|1760832952
|move|p2a: Great Tusk|Headlong Rush|p1a: Hatterene
|-damage|p1a: Hatterene|47/100
|-unboost|p2a: Great Tusk|def|1
|-unboost|p2a: Great Tusk|spd|1
|move|p1a: Hatterene|Draining Kiss|p2a: Great Tusk
|-supereffective|p2a: Great Tusk
|-damage|p2a: Great Tusk|0 fnt
|-heal|p1a: Hatterene|100/100|[from] drain|[of] p2a: Great Tusk
|faint|p2a: Great Tusk
|-end|p2a: Great Tusk|Protosynthesis|[silent]
|
|upkeep
|
|t:|1760832967
|switch|p2a: Iron Moth|Iron Moth|100/100
|-enditem|p2a: Iron Moth|Booster Energy
|-activate|p2a: Iron Moth|ability: Quark Drive|[fromitem]
|-start|p2a: Iron Moth|quarkdrivespa
|turn|14
|
|t:|1760832985
|move|p2a: Iron Moth|Substitute|p2a: Iron Moth
|-start|p2a: Iron Moth|Substitute
|-damage|p2a: Iron Moth|76/100
|move|p1a: Hatterene|Psychic Noise|p2a: Iron Moth
|-supereffective|p2a: Iron Moth
|-damage|p2a: Iron Moth|11/100
|-start|p2a: Iron Moth|move: Heal Block
|
|upkeep
|turn|15
|inactive|XxH0meland3r420xX has 60 seconds left.
|
|t:|1760832991
|move|p2a: Iron Moth|Sludge Wave|p1a: Hatterene
|-supereffective|p1a: Hatterene
|-damage|p1a: Hatterene|0 fnt
|faint|p1a: Hatterene
|
|-end|p2a: Iron Moth|move: Heal Block
|upkeep
|
|t:|1760832996
|switch|p1a: Kommo-o|Kommo-o, F|100/100
|-activate|p1a: Kommo-o|move: Sticky Web
|-unboost|p1a: Kommo-o|spe|1
|turn|16
|
|t:|1760833001
|move|p2a: Iron Moth|Dazzling Gleam|p1a: Kommo-o
|-supereffective|p1a: Kommo-o
|-damage|p1a: Kommo-o|0 fnt
|faint|p1a: Kommo-o
|
|upkeep
|
|t:|1760833004
|switch|p1a: Gholdengo|Gholdengo|100/100
|-activate|p1a: Gholdengo|move: Sticky Web
|-unboost|p1a: Gholdengo|spe|1
|turn|17
|
|t:|1760833009
|move|p2a: Iron Moth|Fiery Dance|p1a: Gholdengo
|-supereffective|p1a: Gholdengo
|-damage|p1a: Gholdengo|0 fnt
|faint|p1a: Gholdengo
|
|upkeep
|inactive|enormouschilli has 120 seconds left.
|
|t:|1760833040
|switch|p1a: Ninetales|Ninetales-Alola, M|51/100
|-activate|p1a: Ninetales|move: Sticky Web
|-unboost|p1a: Ninetales|spe|1
|-weather|Snowscape|[from] ability: Snow Warning|[of] p1a: Ninetales
|turn|18
|inactive|XxH0meland3r420xX has 90 seconds left.
|-message|enormouschilli forfeited.
|
|win|XxH0meland3r420xX
|raw|enormouschilli's rating: 1369 &rarr; <strong>1350</strong><br />(-19 for losing)
|raw|XxH0meland3r420xX's rating: 1379 &rarr; <strong>1398</strong><br />(+19 for winning)
|l|☆enormouschilli
|player|p1|
|l|☆XxH0meland3r420xX
|player|p2|
