|j|☆Pikadavid14
|j|☆jfkkkkf
|t:|1760886179
|gametype|singles
|player|p1|Pikadavid14|lucas|1438
|player|p2|jfkkkkf|102|1464
|gen|9
|tier|[Gen 9] OU
|rated|
|rule|HP Percentage Mod: HP is shown in percentages
|rule|Endless Battle Clause: Forcing endless battles is banned
|rule|Species Clause: Limit one of each Pokémon
|rule|OHKO Clause: OHKO moves are banned
|rule|Evasion Items Clause: Evasion items are banned
|rule|Evasion Moves Clause: Evasion moves are banned
|rule|Evasion Abilities Clause: Evasion abilities are banned
|rule|Sleep Moves Clause: Sleep-inducing moves are banned
|clearpoke
|poke|p1|Iron Moth|
|poke|p1|Ogerpon-Wellspring, F|
|poke|p1|Gholdengo|
|poke|p1|Great Tusk|
|poke|p1|Dragonite, M|
|poke|p1|Ribombee, F|
|poke|p2|Samurott-Hisui, M|
|poke|p2|Great Tusk|
|poke|p2|Sinistcha|
|poke|p2|Chansey, F|
|poke|p2|Hatterene, F|
|poke|p2|Ogerpon-Wellspring, F|
|teampreview
|inactive|Battle timer is ON: inactive players will automatically lose when time's up. (requested by Pikadavid14)
|
|t:|1760886211
|teamsize|p1|6
|teamsize|p2|6
|start
|switch|p1a: Ribombee|Ribombee, F|100/100
|switch|p2a: Samurott|Samurott-Hisui, M|100/100
|turn|1
|
|t:|1760886218
|move|p1a: Ribombee|Moonblast|p2a: Samurott
|-supereffective|p2a: Samurott
|-damage|p2a: Samurott|24/100
|-unboost|p2a: Samurott|spa|1
|move|p2a: Samurott|Flip Turn|p1a: Ribombee
|-damage|p1a: Ribombee|48/100
|
|t:|1760886230
|switch|p2a: Hatterene|Hatterene, F|100/100|[from] Flip Turn
|
|upkeep
|turn|2
|
|t:|1760886235
|move|p1a: Ribombee|Bug Buzz|p2a: Hatterene
|-damage|p2a: Hatterene|64/100
|move|p2a: Hatterene|Nuzzle|p1a: Ribombee
|-damage|p1a: Ribombee|41/100
|
|-heal|p2a: Hatterene|70/100|[from] item: Leftovers
|upkeep
|turn|3
|
|t:|1760886251
|move|p1a: Ribombee|Moonblast|p2a: Hatterene
|-damage|p2a: Hatterene|26/100
|move|p2a: Hatterene|Draining Kiss|p1a: Ribombee
|-damage|p1a: Ribombee|0 fnt
|-heal|p2a: Hatterene|51/100|[from] drain|[of] p1a: Ribombee
|faint|p1a: Ribombee
|
|-heal|p2a: Hatterene|57/100|[from] item: Leftovers
|upkeep
|
|t:|1760886265
|switch|p1a: Gholdengo|Gholdengo|100/100
|-item|p1a: Gholdengo|Air Balloon
|turn|4
|
|t:|1760886273
|switch|p2a: Chansey|Chansey, F|100/100
|move|p1a: Gholdengo|Shadow Ball|p2a: Chansey
|-immune|p2a: Chansey
|
|upkeep
|turn|5
|
|t:|1760886285
|switch|p1a: Great Tusk|Great Tusk|100/100
|-enditem|p1a: Great Tusk|Booster Energy
|-activate|p1a: Great Tusk|ability: Protosynthesis|[fromitem]
|-start|p1a: Great Tusk|protosynthesisatk
|move|p2a: Chansey|Stealth Rock|p1a: Great Tusk
|-sidestart|p1: Pikadavid14|move: Stealth Rock
|
|upkeep
|turn|6
|
|t:|1760886294
|switch|p2a: Sinistcha|Sinistcha|100/100
|move|p1a: Great Tusk|Knock Off|p2a: Sinistcha
|-supereffective|p2a: Sinistcha
|-damage|p2a: Sinistcha|35/100
|-enditem|p2a: Sinistcha|Leftovers|[from] move: Knock Off|[of] p1a: Great Tusk
|
|upkeep
|turn|7
|
|t:|1760886317
|move|p1a: Great Tusk|Ice Spinner|p2a: Sinistcha
|-supereffective|p2a: Sinistcha
|-damage|p2a: Sinistcha|0 fnt
|faint|p2a: Sinistcha
|
|upkeep
|-message|jfkkkkf forfeited.
|
|win|Pikadavid14
|raw|Pikadavid14's rating: 1438 &rarr; <strong>1459</strong><br />(+21 for winning)
|raw|jfkkkkf's rating: 1464 &rarr; <strong>1443</strong><br />(-21 for losing)
|l|☆jfkkkkf
|player|p2|
|l|☆Pikadavid14
|player|p1|
