|j|☆farhannn
|j|☆I am a guineapig
|t:|1760869942
|gametype|singles
|player|p1|farhannn|169|1186
|player|p2|I am a guineapig|fisherman-gen4|1215
|gen|9
|tier|[Gen 9] OU
|rated|
|rule|HP Percentage Mod: HP is shown in percentages
|rule|Endless Battle Clause: Forcing endless battles is banned
|rule|Species Clause: Limit one of each Pokémon
|rule|OHKO Clause: OHKO moves are banned
|rule|Evasion Items Clause: Evasion items are banned
|rule|Evasion Moves Clause: Evasion moves are banned
|rule|Evasion Abilities Clause: Evasion abilities are banned
|rule|Sleep Moves Clause: Sleep-inducing moves are banned
|clearpoke
|poke|p1|Corviknight, M|
|poke|p1|Heatran, M|
|poke|p1|Scizor, F|
|poke|p1|Cobalion|
|poke|p1|Excadrill, M|
|poke|p1|Gholdengo|
|poke|p2|Gengar, F|
|poke|p2|Muk-Alola, F|
|poke|p2|Weezing, F|
|poke|p2|Meowscarada, F|
|poke|p2|Tentacruel, F|
|poke|p2|Glimmora, F|
|teampreview
|inactive|Battle timer is ON: inactive players will automatically lose when time's up. (requested by farhannn)
|
|t:|1760869950
|teamsize|p1|6
|teamsize|p2|6
|start
|switch|p1a: Cobalion|Cobalion|100/100
|switch|p2a: Glimmora|Glimmora, F|100/100
|turn|1
|
|t:|1760869958
|move|p1a: Cobalion|Flash Cannon|p2a: Glimmora
|-supereffective|p2a: Glimmora
|-damage|p2a: Glimmora|0 fnt
|faint|p2a: Glimmora
|
|upkeep
|
|t:|1760869973
|switch|p2a: Muk|Muk-Alola, F|100/100
|turn|2
|l|☆I am a guineapig
|inactive|I am a guineapig disconnected and has a minute to reconnect!
|player|p2|
|j|☆I am a guineapig
|inactive|I am a guineapig reconnected.
|player|p2|I am a guineapig|fisherman-gen4|
|inactive|farhannn has 120 seconds left.
|inactive|farhannn has 90 seconds left.
|l|☆I am a guineapig
|inactive|I am a guineapig disconnected and has a minute to reconnect!
|player|p2|
|inactive|farhannn has 60 seconds left.
|j|☆I am a guineapig
|inactive|I am a guineapig reconnected.
|player|p2|I am a guineapig|fisherman-gen4|
|
|t:|1760870082
|switch|p1a: Corviknight|Corviknight, M|100/100
|-ability|p1a: Corviknight|Pressure
|move|p2a: Muk|Drain Punch|p1a: Corviknight
|-damage|p1a: Corviknight|85/100
|
|-heal|p1a: Corviknight|91/100|[from] item: Leftovers
|upkeep
|turn|3
|
|t:|1760870092
|move|p1a: Corviknight|Brave Bird|p2a: Muk
|-damage|p2a: Muk|64/100
|-damage|p1a: Corviknight|78/100|[from] Recoil
|move|p2a: Muk|Knock Off|p1a: Corviknight
|-damage|p1a: Corviknight|49/100
|-enditem|p1a: Corviknight|Leftovers|[from] move: Knock Off|[of] p2a: Muk
|
|upkeep
|turn|4
|
|t:|1760870107
|switch|p2a: Weezing|Weezing, F|100/100
|move|p1a: Corviknight|Roost|p1a: Corviknight
|-heal|p1a: Corviknight|99/100
|-singleturn|p1a: Corviknight|move: Roost
|
|upkeep
|turn|5
|
|t:|1760870118
|switch|p1a: Heatran|Heatran, M|100/100
|move|p2a: Weezing|Flamethrower|p1a: Heatran
|-start|p1a: Heatran|ability: Flash Fire
|
|upkeep
|turn|6
|
|t:|1760870126
|switch|p2a: Tentacruel|Tentacruel, F|100/100
|move|p1a: Heatran|Lava Plume|p2a: Tentacruel
|-resisted|p2a: Tentacruel
|-damage|p2a: Tentacruel|76/100
|
|upkeep
|turn|7
|
|t:|1760870141
|-end|p1a: Heatran|ability: Flash Fire|[silent]
|switch|p1a: Scizor|Scizor, F|100/100
|move|p2a: Tentacruel|Surf|p1a: Scizor
|-damage|p1a: Scizor|55/100
|
|upkeep
|turn|8
|
|t:|1760870146
|move|p2a: Tentacruel|Surf|p1a: Scizor
|-damage|p1a: Scizor|9/100
|move|p1a: Scizor|Knock Off|p2a: Tentacruel
|-damage|p2a: Tentacruel|0 fnt
|-enditem|p2a: Tentacruel|Heavy-Duty Boots|[from] move: Knock Off|[of] p1a: Scizor
|faint|p2a: Tentacruel
|
|upkeep
|
|t:|1760870160
|switch|p2a: Muk|Muk-Alola, F|64/100
|turn|9
|inactive|farhannn has 60 seconds left.
|
|t:|1760870177
|switch|p1a: Corviknight|Corviknight, M|99/100
|-ability|p1a: Corviknight|Pressure
|move|p2a: Muk|Rest|p2a: Muk
|-status|p2a: Muk|slp|[from] move: Rest
|-enditem|p2a: Muk|Lum Berry|[eat]
|-curestatus|p2a: Muk|slp|[msg]
|-heal|p2a: Muk|100/100|[silent]
|
|upkeep
|turn|10
|
|t:|1760870192
|switch|p2a: Weezing|Weezing, F|100/100
|move|p1a: Corviknight|Brave Bird|p2a: Weezing
|-damage|p2a: Weezing|68/100
|-damage|p1a: Corviknight|90/100|[from] Recoil
|
|-heal|p2a: Weezing|74/100|[from] item: Leftovers
|upkeep
|turn|11
|
|t:|1760870202
|move|p2a: Weezing|Protect|p2a: Weezing
|-singleturn|p2a: Weezing|Protect
|move|p1a: Corviknight|Brave Bird|p2a: Weezing
|-activate|p2a: Weezing|move: Protect
|
|-heal|p2a: Weezing|80/100|[from] item: Leftovers
|upkeep
|turn|12
|inactive|farhannn has 60 seconds left.
|
|t:|1760870220
|switch|p1a: Heatran|Heatran, M|100/100
|move|p2a: Weezing|Flamethrower|p1a: Heatran
|-start|p1a: Heatran|ability: Flash Fire
|
|-heal|p2a: Weezing|86/100|[from] item: Leftovers
|upkeep
|turn|13
|
|t:|1760870227
|move|p1a: Heatran|Lava Plume|p2a: Weezing
|-damage|p2a: Weezing|34/100
|move|p2a: Weezing|Toxic|p1a: Heatran
|-immune|p1a: Heatran
|
|-heal|p2a: Weezing|40/100|[from] item: Leftovers
|upkeep
|turn|14
|
|t:|1760870242
|move|p1a: Heatran|Flash Cannon|p2a: Weezing
|-crit|p2a: Weezing
|-damage|p2a: Weezing|0 fnt
|faint|p2a: Weezing
|
|upkeep
|
|t:|1760870243
|switch|p2a: Meowscarada|Meowscarada, F|100/100
|turn|15
|
|t:|1760870250
|move|p2a: Meowscarada|Low Kick|p1a: Heatran
|-supereffective|p1a: Heatran
|-damage|p1a: Heatran|30/100
|move|p1a: Heatran|Lava Plume|p2a: Meowscarada
|-supereffective|p2a: Meowscarada
|-enditem|p2a: Meowscarada|Focus Sash
|-damage|p2a: Meowscarada|1/100
|
|-heal|p1a: Heatran|36/100|[from] item: Leftovers
|upkeep
|turn|16
|
|t:|1760870262
|switch|p2a: Gengar|Gengar, F|100/100
|move|p1a: Heatran|Flash Cannon|p2a: Gengar
|-damage|p2a: Gengar|44/100
|-start|p1a: Heatran|Disable|Flash Cannon|[from] ability: Cursed Body|[of] p2a: Gengar
|
|-heal|p1a: Heatran|42/100|[from] item: Leftovers
|upkeep
|turn|17
|
|t:|1760870269
|move|p2a: Gengar|Shadow Ball|p1a: Heatran
|-crit|p1a: Heatran
|-damage|p1a: Heatran|0 fnt
|faint|p1a: Heatran
|-damage|p2a: Gengar|34/100|[from] item: Life Orb
|
|upkeep
|
|t:|1760870277
|switch|p1a: Scizor|Scizor, F|9/100
|turn|18
|
|t:|1760870284
|switch|p2a: Muk|Muk-Alola, F|100/100
|move|p1a: Scizor|Bullet Punch|p2a: Muk
|-damage|p2a: Muk|66/100
|
|upkeep
|turn|19
|
|t:|1760870298
|switch|p1a: Excadrill|Excadrill, M|100/100
|-ability|p1a: Excadrill|Mold Breaker
|move|p2a: Muk|Drain Punch|p1a: Excadrill
|-supereffective|p1a: Excadrill
|-damage|p1a: Excadrill|31/100
|-heal|p2a: Muk|96/100|[from] drain|[of] p1a: Excadrill
|
|upkeep
|turn|20
|
|t:|1760870308
|-terastallize|p2a: Muk|Water
|move|p1a: Excadrill|Earthquake|p2a: Muk
|-damage|p2a: Muk|11/100
|-damage|p1a: Excadrill|21/100|[from] item: Life Orb
|move|p2a: Muk|Drain Punch|p1a: Excadrill
|-supereffective|p1a: Excadrill
|-damage|p1a: Excadrill|0 fnt
|-heal|p2a: Muk|20/100|[from] drain|[of] p1a: Excadrill
|faint|p1a: Excadrill
|
|upkeep
|
|t:|1760870319
|switch|p1a: Cobalion|Cobalion|100/100
|turn|21
|
|t:|1760870325
|move|p1a: Cobalion|Volt Switch|p2a: Muk
|-supereffective|p2a: Muk
|-damage|p2a: Muk|0 fnt
|faint|p2a: Muk
|
|t:|1760870330
|switch|p1a: Scizor|Scizor, F|9/100|[from] Volt Switch
|
|upkeep
|
|t:|1760870332
|switch|p2a: Meowscarada|Meowscarada, F|1/100
|turn|22
|
|t:|1760870336
|move|p2a: Meowscarada|Sucker Punch|p1a: Scizor
|-damage|p1a: Scizor|0 fnt
|faint|p1a: Scizor
|
|upkeep
|inactive|farhannn has 120 seconds left.
|
|t:|1760870353
|switch|p1a: Gholdengo|Gholdengo|100/100
|-item|p1a: Gholdengo|Air Balloon
|turn|23
|l|☆I am a guineapig
|inactive|I am a guineapig disconnected and has a minute to reconnect!
|player|p2|
|j|☆I am a guineapig
|inactive|I am a guineapig reconnected and has 120 seconds left.
|player|p2|I am a guineapig|fisherman-gen4|
|
|t:|1760870386
|move|p2a: Meowscarada|Flower Trick|p1a: Gholdengo
|-resisted|p1a: Gholdengo
|-crit|p1a: Gholdengo
|-damage|p1a: Gholdengo|54/100
|-enditem|p1a: Gholdengo|Air Balloon
|move|p1a: Gholdengo|Shadow Ball|p2a: Meowscarada
|-resisted|p2a: Meowscarada
|-damage|p2a: Meowscarada|0 fnt
|faint|p2a: Meowscarada
|
|upkeep
|
|t:|1760870390
|switch|p2a: Gengar|Gengar, F|34/100
|turn|24
|
|t:|1760870395
|move|p2a: Gengar|Shadow Ball|p1a: Gholdengo
|-supereffective|p1a: Gholdengo
|-damage|p1a: Gholdengo|0 fnt
|faint|p1a: Gholdengo
|-damage|p2a: Gengar|24/100|[from] item: Life Orb
|
|upkeep
|
|t:|1760870399
|switch|p1a: Cobalion|Cobalion|100/100
|turn|25
|
|t:|1760870406
|move|p2a: Gengar|Shadow Ball|p1a: Cobalion
|-damage|p1a: Cobalion|21/100
|-damage|p2a: Gengar|14/100|[from] item: Life Orb
|move|p1a: Cobalion|Flash Cannon|p2a: Gengar
|-damage|p2a: Gengar|0 fnt
|-start|p1a: Cobalion|Disable|Flash Cannon|[from] ability: Cursed Body|[of] p2a: Gengar
|faint|p2a: Gengar
|
|win|farhannn
|raw|farhannn's rating: 1186 &rarr; <strong>1213</strong><br />(+27 for winning)
|raw|I am a guineapig's rating: 1215 &rarr; <strong>1188</strong><br />(-27 for losing)
|l|☆I am a guineapig
|player|p2|
|l|☆farhannn
|player|p1|
