|j|☆KuroNoTamashi
|j|☆napkin_56
|t:|1760726998
|gametype|singles
|player|p1|KuroNoTamashi|101|1323
|player|p2|napkin_56|policeman-gen4|1350
|gen|9
|tier|[Gen 9] OU
|rated|
|rule|HP Percentage Mod: HP is shown in percentages
|rule|Endless Battle Clause: Forcing endless battles is banned
|rule|Species Clause: Limit one of each Pokémon
|rule|OHKO Clause: OHKO moves are banned
|rule|Evasion Items Clause: Evasion items are banned
|rule|Evasion Moves Clause: Evasion moves are banned
|rule|Evasion Abilities Clause: Evasion abilities are banned
|rule|Sleep Moves Clause: Sleep-inducing moves are banned
|clearpoke
|poke|p1|Ursaluna, F|
|poke|p1|Mimikyu, F|
|poke|p1|Hatterene, F|
|poke|p1|Copperajah, M|
|poke|p1|Crawdaunt, F|
|poke|p1|Hoopa|
|poke|p2|Dragapult, F|
|poke|p2|Keldeo-Resolute|
|poke|p2|Slowking-Galar, F|
|poke|p2|Garganacl, F|
|poke|p2|Iron Treads|
|poke|p2|Iron Jugulis|
|teampreview
|inactive|Battle timer is ON: inactive players will automatically lose when time's up. (requested by napkin_56)
|
|t:|1760727006
|teamsize|p1|6
|teamsize|p2|6
|start
|switch|p1a: Hoopa|Hoopa|100/100
|switch|p2a: Dragapult|Dragapult, F|100/100
|turn|1
|
|t:|1760727011
|move|p2a: Dragapult|Sucker Punch|p1a: Hoopa
|-supereffective|p1a: Hoopa
|-crit|p1a: Hoopa
|-enditem|p1a: Hoopa|Focus Sash
|-damage|p1a: Hoopa|1/100
|move|p1a: Hoopa|Shadow Ball|p2a: Dragapult
|-supereffective|p2a: Dragapult
|-damage|p2a: Dragapult|0 fnt
|faint|p2a: Dragapult
|-item|p1a: Hoopa|Choice Band|[from] ability: Magician|[of] p2: Dragapult
|
|upkeep
|
|t:|1760727024
|switch|p2a: Keldeo|Keldeo-Resolute|100/100
|turn|2
|
|t:|1760727027
|move|p2a: Keldeo|Flip Turn|p1a: Hoopa
|-damage|p1a: Hoopa|0 fnt
|faint|p1a: Hoopa
|
|t:|1760727033
|switch|p2a: Slowking|Slowking-Galar, F|100/100|[from] Flip Turn
|
|upkeep
|
|t:|1760727038
|switch|p1a: Crawdaunt|Crawdaunt, F|100/100
|turn|3
|
|t:|1760727044
|-terastallize|p2a: Slowking|Water
|move|p1a: Crawdaunt|Crabhammer|p2a: Slowking
|-resisted|p2a: Slowking
|-damage|p2a: Slowking|46/100
|-prepare|p2a: Slowking|Chilly Reception|[premajor]
|move|p2a: Slowking|Chilly Reception|p2a: Slowking
|-weather|Snowscape
|
|t:|1760727050
|switch|p2a: Keldeo|Keldeo-Resolute|100/100|[from] Chilly Reception
|
|-weather|Snowscape|[upkeep]
|upkeep
|turn|4
|
|t:|1760727057
|move|p2a: Keldeo|Secret Sword|p1a: Crawdaunt
|-supereffective|p1a: Crawdaunt
|-damage|p1a: Crawdaunt|0 fnt
|faint|p1a: Crawdaunt
|
|-weather|Snowscape|[upkeep]
|upkeep
|
|t:|1760727061
|switch|p1a: Mimikyu|Mimikyu, F|100/100
|turn|5
|
|t:|1760727069
|switch|p2a: Iron Treads|Iron Treads|100/100
|move|p1a: Mimikyu|Trick Room|p1a: Mimikyu
|-fieldstart|move: Trick Room|[of] p1a: Mimikyu
|
|-weather|Snowscape|[upkeep]
|upkeep
|turn|6
|
|t:|1760727072
|switch|p1a: Copperajah|Copperajah, M, shiny|100/100
|move|p2a: Iron Treads|Iron Head|p1a: Copperajah
|-resisted|p1a: Copperajah
|-damage|p1a: Copperajah|82/100
|
|-weather|Snowscape|[upkeep]
|upkeep
|turn|7
|
|t:|1760727075
|-end|p2a: Iron Treads|Quark Drive|[silent]
|switch|p2a: Iron Jugulis|Iron Jugulis|100/100
|-enditem|p2a: Iron Jugulis|Booster Energy
|-activate|p2a: Iron Jugulis|ability: Quark Drive|[fromitem]
|-start|p2a: Iron Jugulis|quarkdrivespe
|move|p1a: Copperajah|Earthquake|p2a: Iron Jugulis
|-immune|p2a: Iron Jugulis
|
|-weather|none
|upkeep
|turn|8
|
|t:|1760727082
|move|p1a: Copperajah|Play Rough|p2a: Iron Jugulis
|-supereffective|p2a: Iron Jugulis
|-crit|p2a: Iron Jugulis
|-damage|p2a: Iron Jugulis|0 fnt
|faint|p2a: Iron Jugulis
|-end|p2a: Iron Jugulis|Quark Drive|[silent]
|
|upkeep
|
|t:|1760727085
|switch|p2a: Garganacl|Garganacl, F|100/100
|turn|9
|
|t:|1760727087
|move|p2a: Garganacl|Protect|p2a: Garganacl
|-singleturn|p2a: Garganacl|Protect
|move|p1a: Copperajah|Iron Head|p2a: Garganacl
|-activate|p2a: Garganacl|move: Protect
|
|-fieldend|move: Trick Room
|upkeep
|turn|10
|
|t:|1760727093
|switch|p2a: Keldeo|Keldeo-Resolute|100/100
|move|p1a: Copperajah|Iron Head|p2a: Keldeo
|-resisted|p2a: Keldeo
|-damage|p2a: Keldeo|54/100
|
|upkeep
|turn|11
|
|t:|1760727099
|move|p2a: Keldeo|Surf|p1a: Copperajah
|-damage|p1a: Copperajah|31/100
|move|p1a: Copperajah|Play Rough|p2a: Keldeo
|-supereffective|p2a: Keldeo
|-damage|p2a: Keldeo|0 fnt
|faint|p2a: Keldeo
|
|upkeep
|
|t:|1760727103
|switch|p2a: Iron Treads|Iron Treads|100/100
|turn|12
|
|t:|1760727106
|switch|p1a: Hatterene|Hatterene, F|100/100
|move|p2a: Iron Treads|Earthquake|p1a: Hatterene
|-damage|p1a: Hatterene|52/100
|
|upkeep
|turn|13
|
|t:|1760727109
|move|p2a: Iron Treads|Iron Head|p1a: Hatterene
|-supereffective|p1a: Hatterene
|-damage|p1a: Hatterene|0 fnt
|faint|p1a: Hatterene
|
|upkeep
|
|t:|1760727113
|switch|p1a: Ursaluna|Ursaluna, F, shiny|100/100
|turn|14
|
|t:|1760727125
|move|p2a: Iron Treads|Knock Off|p1a: Ursaluna
|-damage|p1a: Ursaluna|80/100
|-enditem|p1a: Ursaluna|Flame Orb|[from] move: Knock Off|[of] p2a: Iron Treads
|move|p1a: Ursaluna|Headlong Rush|p2a: Iron Treads
|-supereffective|p2a: Iron Treads
|-damage|p2a: Iron Treads|0 fnt
|-unboost|p1a: Ursaluna|def|1
|-unboost|p1a: Ursaluna|spd|1
|faint|p2a: Iron Treads
|-end|p2a: Iron Treads|Quark Drive|[silent]
|
|upkeep
|
|t:|1760727132
|switch|p2a: Slowking|Slowking-Galar, F, tera:Water|79/100
|turn|15
|
|t:|1760727138
|move|p2a: Slowking|Future Sight|p1a: Ursaluna
|-start|p2a: Slowking|move: Future Sight
|move|p1a: Ursaluna|Headlong Rush|p2a: Slowking
|-damage|p2a: Slowking|3/100
|-unboost|p1a: Ursaluna|def|1
|-unboost|p1a: Ursaluna|spd|1
|
|upkeep
|turn|16
|
|t:|1760727148
|move|p2a: Slowking|Sludge Bomb|p1a: Ursaluna
|-resisted|p1a: Ursaluna
|-damage|p1a: Ursaluna|52/100
|move|p1a: Ursaluna|Headlong Rush|p2a: Slowking
|-damage|p2a: Slowking|0 fnt
|-unboost|p1a: Ursaluna|def|1
|-unboost|p1a: Ursaluna|spd|1
|faint|p2a: Slowking
|
|upkeep
|
|t:|1760727153
|switch|p2a: Garganacl|Garganacl, F|100/100
|turn|17
|
|t:|1760727155
|switch|p1a: Copperajah|Copperajah, M, shiny|31/100
|move|p2a: Garganacl|Protect||[still]
|-fail|p2a: Garganacl
|
|-end|p1a: Copperajah|move: Future Sight
|-resisted|p1a: Copperajah
|-damage|p1a: Copperajah|7/100
|upkeep
|turn|18
|
|t:|1760727158
|switch|p1a: Mimikyu|Mimikyu, F|100/100
|move|p2a: Garganacl|Salt Cure|p1a: Mimikyu
|-activate|p1a: Mimikyu|ability: Disguise
|-damage|p1a: Mimikyu|100/100
|-start|p1a: Mimikyu|Salt Cure
|detailschange|p1a: Mimikyu|Mimikyu-Busted, F
|-damage|p1a: Mimikyu|88/100|[from] pokemon: Mimikyu-Busted
|
|-damage|p1a: Mimikyu|76/100|[from] Salt Cure
|upkeep
|turn|19
|
|t:|1760727161
|move|p2a: Garganacl|Stealth Rock|p1a: Mimikyu
|-sidestart|p1: KuroNoTamashi|move: Stealth Rock
|move|p1a: Mimikyu|Trick Room|p1a: Mimikyu
|-fieldstart|move: Trick Room|[of] p1a: Mimikyu
|
|-damage|p1a: Mimikyu|63/100|[from] Salt Cure
|upkeep
|turn|20
|
|t:|1760727169
|move|p2a: Garganacl|Salt Cure|p1a: Mimikyu
|-damage|p1a: Mimikyu|46/100
|move|p1a: Mimikyu|Curse|p2a: Garganacl
|-start|p2a: Garganacl|Curse|[of] p1a: Mimikyu
|-damage|p1a: Mimikyu|0 fnt
|faint|p1a: Mimikyu
|
|-damage|p2a: Garganacl|76/100|[from] Curse
|upkeep
|
|t:|1760727172
|switch|p1a: Copperajah|Copperajah, M, shiny|7/100
|-damage|p1a: Copperajah|0 fnt|[from] Stealth Rock
|faint|p1a: Copperajah
|
|t:|1760727174
|switch|p1a: Ursaluna|Ursaluna, F, shiny|52/100
|-damage|p1a: Ursaluna|46/100|[from] Stealth Rock
|turn|21
|
|t:|1760727176
|move|p1a: Ursaluna|Headlong Rush|p2a: Garganacl
|-supereffective|p2a: Garganacl
|-damage|p2a: Garganacl|0 fnt
|-unboost|p1a: Ursaluna|def|1
|-unboost|p1a: Ursaluna|spd|1
|faint|p2a: Garganacl
|
|win|KuroNoTamashi
|raw|KuroNoTamashi's rating: 1323 &rarr; <strong>1345</strong><br />(+22 for winning)
|raw|napkin_56's rating: 1350 &rarr; <strong>1328</strong><br />(-22 for losing)
|l|☆KuroNoTamashi
|player|p1|
