|badge|p1|bronze|gen9ou|100-7
|uhtml|medal-msg|<div class="broadcast-blue">Curious what those medals under the avatar are? PS now has Ladder Seasons! For more information, check out the <a href="https://www.smogon.com/forums/threads/3740067/">thread on Smogon.</a></div>
|badge|p2|bronze|gen9ou|100-7
|uhtml|medal-msg|<div class="broadcast-blue">Curious what those medals under the avatar are? PS now has Ladder Seasons! For more information, check out the <a href="https://www.smogon.com/forums/threads/3740067/">thread on Smogon.</a></div>
|j|☆Sanesa8724
|j|☆DivJudgement
|t:|1760794371
|gametype|singles
|player|p1|Sanesa8724|2|1868
|player|p2|DivJudgement|dragontamer-gen6|1917
|gen|9
|tier|[Gen 9] OU
|rated|
|rule|HP Percentage Mod: HP is shown in percentages
|rule|Endless Battle Clause: Forcing endless battles is banned
|rule|Species Clause: Limit one of each Pokémon
|rule|OHKO Clause: OHKO moves are banned
|rule|Evasion Items Clause: Evasion items are banned
|rule|Evasion Moves Clause: Evasion moves are banned
|rule|Evasion Abilities Clause: Evasion abilities are banned
|rule|Sleep Moves Clause: Sleep-inducing moves are banned
|clearpoke
|poke|p1|Rillaboom, M|
|poke|p1|Zamazenta-*|
|poke|p1|Ogerpon, F|
|poke|p1|Moltres|
|poke|p1|Iron Treads|
|poke|p1|Gholdengo|
|poke|p2|Slowking-Galar, M|
|poke|p2|Kyurem|
|poke|p2|Cinderace, F|
|poke|p2|Tornadus-Therian, M|
|poke|p2|Hydrapple, F|
|poke|p2|Kingambit, M|
|teampreview
|inactive|Battle timer is ON: inactive players will automatically lose when time's up. (requested by DivJudgement)
|c|☆Sanesa8724|Glhf
|inactive|DivJudgement has 120 seconds left.
|c|☆Sanesa8724|Glhf
|c|☆Sanesa8724|Lmao spaced out again
|inactive|DivJudgement has 90 seconds left.
|inactive|DivJudgement has 60 seconds left.
|
|t:|1760794469
|teamsize|p1|6
|teamsize|p2|6
|start
|switch|p1a: Moltres|Moltres|100/100
|switch|p2a: Depressed Drunk|Slowking-Galar, M|100/100
|turn|1
|
|t:|1760794482
|move|p1a: Moltres|U-turn|p2a: Depressed Drunk
|-damage|p2a: Depressed Drunk|90/100
|
|t:|1760794486
|switch|p1a: Iron Treads|Iron Treads|100/100|[from] U-turn
|-prepare|p2a: Depressed Drunk|Chilly Reception|[premajor]
|move|p2a: Depressed Drunk|Chilly Reception|p2a: Depressed Drunk
|-weather|Snowscape
|
|t:|1760794491
|switch|p2a: Boro Breath|Cinderace, F|100/100|[from] Chilly Reception
|
|-weather|Snowscape|[upkeep]
|upkeep
|turn|2
|
|t:|1760794493
|move|p2a: Boro Breath|High Jump Kick|p1a: Iron Treads
|-start|p2a: Boro Breath|typechange|Fighting|[from] ability: Libero
|-supereffective|p1a: Iron Treads
|-crit|p1a: Iron Treads
|-damage|p1a: Iron Treads|0 fnt
|faint|p1a: Iron Treads
|-end|p1a: Iron Treads|Quark Drive|[silent]
|
|-weather|Snowscape|[upkeep]
|upkeep
|c|☆Sanesa8724|Oh a ceit
|c|☆Sanesa8724|crit
|
|t:|1760794508
|switch|p1a: Moltres|Moltres|100/100
|turn|3
|
|t:|1760794512
|switch|p2a: Depressed Drunk|Slowking-Galar, M|100/100
|move|p1a: Moltres|U-turn|p2a: Depressed Drunk
|-damage|p2a: Depressed Drunk|89/100
|
|t:|1760794518
|switch|p1a: Rillaboom|Rillaboom, M|100/100|[from] U-turn
|-fieldstart|move: Grassy Terrain|[from] ability: Grassy Surge|[of] p1a: Rillaboom
|
|-weather|Snowscape|[upkeep]
|-heal|p2a: Depressed Drunk|95/100|[from] Grassy Terrain
|upkeep
|turn|4
|
|t:|1760794525
|move|p1a: Rillaboom|Knock Off|p2a: Depressed Drunk
|-supereffective|p2a: Depressed Drunk
|-enditem|p2a: Depressed Drunk|Colbur Berry|[eat]
|-enditem|p2a: Depressed Drunk|Colbur Berry|[weaken]
|-damage|p2a: Depressed Drunk|68/100
|-prepare|p2a: Depressed Drunk|Chilly Reception|[premajor]
|move|p2a: Depressed Drunk|Chilly Reception|p2a: Depressed Drunk
|
|t:|1760794527
|switch|p2a: Ragnaraku|Kyurem|100/100|[from] Chilly Reception
|-ability|p2a: Ragnaraku|Pressure
|
|-weather|Snowscape|[upkeep]
|upkeep
|turn|5
|
|t:|1760794532
|switch|p1a: Gholdengo|Gholdengo|100/100
|-enditem|p1a: Gholdengo|Grassy Seed
|-boost|p1a: Gholdengo|def|1|[from] item: Grassy Seed
|move|p2a: Ragnaraku|Earth Power|p1a: Gholdengo
|-supereffective|p1a: Gholdengo
|-damage|p1a: Gholdengo|0 fnt
|faint|p1a: Gholdengo
|
|-weather|none
|upkeep
|
|t:|1760794546
|switch|p1a: Zamazenta|Zamazenta|100/100
|-ability|p1a: Zamazenta|Dauntless Shield|boost
|-boost|p1a: Zamazenta|def|1
|turn|6
|
|t:|1760794550
|switch|p2a: Laughing Drunk|Hydrapple, F|100/100
|move|p1a: Zamazenta|Substitute|p1a: Zamazenta
|-start|p1a: Zamazenta|Substitute
|-damage|p1a: Zamazenta|76/100
|
|-heal|p1a: Zamazenta|82/100|[from] Grassy Terrain
|-heal|p1a: Zamazenta|88/100|[from] item: Leftovers
|upkeep
|turn|7
|
|t:|1760794555
|-terastallize|p1a: Zamazenta|Steel
|move|p1a: Zamazenta|Iron Defense|p1a: Zamazenta
|-boost|p1a: Zamazenta|def|2
|move|p2a: Laughing Drunk|Giga Drain|p1a: Zamazenta
|-resisted|p1a: Zamazenta
|-activate|p1a: Zamazenta|move: Substitute|[damage]
|
|-heal|p1a: Zamazenta|94/100|[from] Grassy Terrain
|-heal|p1a: Zamazenta|99/100|[from] item: Leftovers
|upkeep
|turn|8
|
|t:|1760794561
|move|p1a: Zamazenta|Iron Defense|p1a: Zamazenta
|-boost|p1a: Zamazenta|def|2
|move|p2a: Laughing Drunk|Earth Power|p1a: Zamazenta
|-supereffective|p1a: Zamazenta
|-end|p1a: Zamazenta|Substitute
|
|-heal|p1a: Zamazenta|100/100|[from] Grassy Terrain
|upkeep
|turn|9
|
|t:|1760794582
|-terastallize|p2a: Laughing Drunk|Ghost
|move|p1a: Zamazenta|Body Press|p2a: Laughing Drunk
|-immune|p2a: Laughing Drunk
|move|p2a: Laughing Drunk|Earth Power|p1a: Zamazenta
|-supereffective|p1a: Zamazenta
|-damage|p1a: Zamazenta|62/100
|
|-heal|p1a: Zamazenta|69/100|[from] Grassy Terrain
|-heal|p1a: Zamazenta|75/100|[from] item: Leftovers
|upkeep
|turn|10
|
|t:|1760794599
|move|p1a: Zamazenta|Crunch|p2a: Laughing Drunk
|-supereffective|p2a: Laughing Drunk
|-damage|p2a: Laughing Drunk|75/100
|-damage|p1a: Zamazenta|58/100|[from] item: Rocky Helmet|[of] p2a: Laughing Drunk
|move|p2a: Laughing Drunk|Earth Power|p1a: Zamazenta
|-supereffective|p1a: Zamazenta
|-damage|p1a: Zamazenta|18/100
|
|-heal|p1a: Zamazenta|24/100|[from] Grassy Terrain
|-heal|p1a: Zamazenta|30/100|[from] item: Leftovers
|-heal|p2a: Laughing Drunk|81/100|[from] Grassy Terrain
|-fieldend|move: Grassy Terrain
|upkeep
|turn|11
|
|t:|1760794603
|switch|p1a: Moltres|Moltres|100/100
|move|p2a: Laughing Drunk|Fickle Beam|p1a: Moltres
|-damage|p1a: Moltres|78/100
|
|upkeep
|turn|12
|
|t:|1760794606
|switch|p2a: Depressed Drunk|Slowking-Galar, M|100/100
|move|p1a: Moltres|U-turn|p2a: Depressed Drunk
|-damage|p2a: Depressed Drunk|89/100
|
|t:|1760794614
|switch|p1a: Rillaboom|Rillaboom, M|100/100|[from] U-turn
|-fieldstart|move: Grassy Terrain|[from] ability: Grassy Surge|[of] p1a: Rillaboom
|
|-heal|p2a: Depressed Drunk|95/100|[from] Grassy Terrain
|upkeep
|turn|13
|
|t:|1760794616
|move|p1a: Rillaboom|U-turn|p2a: Depressed Drunk
|-damage|p2a: Depressed Drunk|75/100
|
|t:|1760794618
|switch|p1a: Zamazenta|Zamazenta, tera:Steel|30/100|[from] U-turn
|-prepare|p2a: Depressed Drunk|Chilly Reception|[premajor]
|move|p2a: Depressed Drunk|Chilly Reception|p2a: Depressed Drunk
|-weather|Snowscape
|
|t:|1760794619
|switch|p2a: Ragnaraku|Kyurem|100/100|[from] Chilly Reception
|-ability|p2a: Ragnaraku|Pressure
|
|-weather|Snowscape|[upkeep]
|-heal|p1a: Zamazenta|36/100|[from] Grassy Terrain
|-heal|p1a: Zamazenta|43/100|[from] item: Leftovers
|upkeep
|turn|14
|
|t:|1760794628
|move|p1a: Zamazenta|Body Press|p2a: Ragnaraku
|-supereffective|p2a: Ragnaraku
|-damage|p2a: Ragnaraku|50/100
|move|p2a: Ragnaraku|Earth Power|p1a: Zamazenta
|-supereffective|p1a: Zamazenta
|-damage|p1a: Zamazenta|0 fnt
|faint|p1a: Zamazenta
|
|-weather|Snowscape|[upkeep]
|-heal|p2a: Ragnaraku|56/100|[from] Grassy Terrain
|upkeep
|-message|Sanesa8724 forfeited.
|
|win|DivJudgement
|raw|Sanesa8724's rating: 1868 &rarr; <strong>1851</strong><br />(-17 for losing)
|raw|DivJudgement's rating: 1917 &rarr; <strong>1934</strong><br />(+17 for winning)
|l|☆DivJudgement
|player|p2|
|c|☆Sanesa8724|Gg
|l|☆Sanesa8724
|player|p1|
