|j|☆melikebread
|j|☆Xebec777
|t:|1760851838
|gametype|singles
|player|p1|melikebread|steven|1053
|player|p2|Xebec777|hilbert|1106
|gen|9
|tier|[Gen 9] OU
|rated|
|rule|HP Percentage Mod: HP is shown in percentages
|rule|Endless Battle Clause: Forcing endless battles is banned
|rule|Species Clause: Limit one of each Pokémon
|rule|OHKO Clause: OHKO moves are banned
|rule|Evasion Items Clause: Evasion items are banned
|rule|Evasion Moves Clause: Evasion moves are banned
|rule|Evasion Abilities Clause: Evasion abilities are banned
|rule|Sleep Moves Clause: Sleep-inducing moves are banned
|clearpoke
|poke|p1|Manaphy|
|poke|p1|Basculegion, M|
|poke|p1|Scizor, M|
|poke|p1|Ludicolo, F|
|poke|p1|Pelipper, F|
|poke|p1|Zapdos|
|poke|p2|Incineroar, M|
|poke|p2|Dragonite, M|
|poke|p2|Corviknight, F|
|poke|p2|Glastrier|
|poke|p2|Deoxys-Defense|
|poke|p2|Iron Boulder|
|teampreview
|
|t:|1760851848
|teamsize|p1|6
|teamsize|p2|6
|start
|switch|p1a: Pelipper|Pelipper, F|100/100
|switch|p2a: Glastrier|Glastrier|100/100
|-weather|RainDance|[from] ability: Drizzle|[of] p1a: Pelipper
|turn|1
|
|t:|1760851875
|switch|p1a: Manaphy|Manaphy|100/100
|move|p2a: Glastrier|Icicle Crash|p1a: Manaphy
|-resisted|p1a: Manaphy
|-damage|p1a: Manaphy|76/100
|
|-weather|RainDance|[upkeep]
|upkeep
|turn|2
|
|t:|1760851885
|switch|p2a: Deoxys|Deoxys-Defense|100/100
|-ability|p2a: Deoxys|Pressure
|move|p1a: Manaphy|Tail Glow|p1a: Manaphy
|-boost|p1a: Manaphy|spa|3
|
|-weather|RainDance|[upkeep]
|upkeep
|turn|3
|inactive|Battle timer is ON: inactive players will automatically lose when time's up. (requested by Xebec777)
|
|t:|1760851909
|switch|p1a: Scizor|Scizor, M|100/100
|move|p2a: Deoxys|Knock Off|p1a: Scizor
|-damage|p1a: Scizor|84/100
|-enditem|p1a: Scizor|Heavy-Duty Boots|[from] move: Knock Off|[of] p2a: Deoxys
|
|-weather|RainDance|[upkeep]
|upkeep
|turn|4
|
|t:|1760851921
|move|p2a: Deoxys|Reflect|p2a: Deoxys
|-sidestart|p2: Xebec777|Reflect
|move|p1a: Scizor|Knock Off|p2a: Deoxys
|-supereffective|p2a: Deoxys
|-damage|p2a: Deoxys|77/100
|-enditem|p2a: Deoxys|Light Clay|[from] move: Knock Off|[of] p1a: Scizor
|
|-weather|RainDance|[upkeep]
|upkeep
|turn|5
|
|t:|1760851937
|move|p2a: Deoxys|Light Screen|p2a: Deoxys
|-sidestart|p2: Xebec777|move: Light Screen
|move|p1a: Scizor|Defog|p2a: Deoxys
|-unboost|p2a: Deoxys|evasion|1
|-sideend|p2: Xebec777|Reflect
|-sideend|p2: Xebec777|move: Light Screen
|
|-weather|RainDance|[upkeep]
|upkeep
|turn|6
|
|t:|1760851953
|switch|p2a: Incineroar|Incineroar, M|100/100
|-ability|p2a: Incineroar|Intimidate|boost
|-unboost|p1a: Scizor|atk|1
|move|p1a: Scizor|Knock Off|p2a: Incineroar
|-resisted|p2a: Incineroar
|-damage|p2a: Incineroar|91/100
|-enditem|p2a: Incineroar|Sitrus Berry|[from] move: Knock Off|[of] p1a: Scizor
|
|-weather|RainDance|[upkeep]
|upkeep
|turn|7
|
|t:|1760851964
|switch|p1a: Basculegion|Basculegion, M|100/100
|move|p2a: Incineroar|Will-O-Wisp|p1a: Basculegion
|-status|p1a: Basculegion|brn
|
|-weather|RainDance|[upkeep]
|-damage|p1a: Basculegion|94/100 brn|[from] brn
|upkeep
|turn|8
|
|t:|1760851982
|switch|p2a: Corviknight|Corviknight, F|100/100
|move|p1a: Basculegion|Wave Crash|p2a: Corviknight
|-damage|p2a: Corviknight|63/100
|-damage|p1a: Basculegion|78/100 brn|[from] item: Rocky Helmet|[of] p2a: Corviknight
|-damage|p1a: Basculegion|65/100 brn|[from] Recoil
|-damage|p1a: Basculegion|55/100 brn|[from] item: Life Orb
|
|-weather|none
|-damage|p1a: Basculegion|49/100 brn|[from] brn
|upkeep
|turn|9
|
|t:|1760851996
|switch|p1a: Pelipper|Pelipper, F|100/100
|-weather|RainDance|[from] ability: Drizzle|[of] p1a: Pelipper
|move|p2a: Corviknight|Roost|p2a: Corviknight
|-heal|p2a: Corviknight|100/100
|-singleturn|p2a: Corviknight|move: Roost
|
|-weather|RainDance|[upkeep]
|upkeep
|turn|10
|
|t:|1760852012
|switch|p2a: Glastrier|Glastrier|100/100
|move|p1a: Pelipper|U-turn|p2a: Glastrier
|-damage|p2a: Glastrier|95/100
|inactive|melikebread has 120 seconds left.
|
|t:|1760852027
|switch|p1a: Manaphy|Manaphy|76/100|[from] U-turn
|
|-weather|RainDance|[upkeep]
|-heal|p2a: Glastrier|100/100|[from] item: Leftovers
|upkeep
|turn|11
|
|t:|1760852042
|move|p1a: Manaphy|Tail Glow|p1a: Manaphy
|-boost|p1a: Manaphy|spa|3
|move|p2a: Glastrier|Iron Defense|p2a: Glastrier
|-boost|p2a: Glastrier|def|2
|
|-weather|RainDance|[upkeep]
|upkeep
|turn|12
|
|t:|1760852056
|move|p1a: Manaphy|Tail Glow|p1a: Manaphy
|-boost|p1a: Manaphy|spa|3
|move|p2a: Glastrier|Body Press|p1a: Manaphy
|-damage|p1a: Manaphy|24/100
|
|-weather|RainDance|[upkeep]
|upkeep
|turn|13
|
|t:|1760852080
|move|p1a: Manaphy|Rest|p1a: Manaphy
|-status|p1a: Manaphy|slp|[from] move: Rest
|-heal|p1a: Manaphy|100/100 slp|[silent]
|move|p2a: Glastrier|Body Press|p1a: Manaphy
|-damage|p1a: Manaphy|49/100 slp
|
|-weather|RainDance|[upkeep]
|-activate|p1a: Manaphy|ability: Hydration
|-curestatus|p1a: Manaphy|slp|[msg]
|upkeep
|turn|14
|
|t:|1760852091
|move|p1a: Manaphy|Stored Power|p2a: Glastrier
|-damage|p2a: Glastrier|0 fnt
|faint|p2a: Glastrier
|
|-weather|RainDance|[upkeep]
|upkeep
|
|t:|1760852098
|switch|p2a: Iron Boulder|Iron Boulder|100/100
|-enditem|p2a: Iron Boulder|Booster Energy
|-activate|p2a: Iron Boulder|ability: Quark Drive|[fromitem]
|-start|p2a: Iron Boulder|quarkdrivespe
|turn|15
|
|t:|1760852112
|switch|p1a: Ludicolo|Ludicolo, F|100/100
|move|p2a: Iron Boulder|Zen Headbutt|p1a: Ludicolo
|-damage|p1a: Ludicolo|45/100
|
|-weather|RainDance|[upkeep]
|upkeep
|turn|16
|
|t:|1760852128
|move|p2a: Iron Boulder|Zen Headbutt|p1a: Ludicolo
|-damage|p1a: Ludicolo|0 fnt
|faint|p1a: Ludicolo
|
|-weather|none
|upkeep
|
|t:|1760852136
|switch|p1a: Scizor|Scizor, M|84/100
|turn|17
|
|t:|1760852145
|move|p1a: Scizor|Bullet Punch|p2a: Iron Boulder
|-supereffective|p2a: Iron Boulder
|-damage|p2a: Iron Boulder|7/100
|move|p2a: Iron Boulder|Close Combat|p1a: Scizor
|-damage|p1a: Scizor|44/100
|-unboost|p2a: Iron Boulder|def|1
|-unboost|p2a: Iron Boulder|spd|1
|
|upkeep
|turn|18
|
|t:|1760852153
|-end|p2a: Iron Boulder|Quark Drive|[silent]
|switch|p2a: Corviknight|Corviknight, F|100/100
|move|p1a: Scizor|Bullet Punch|p2a: Corviknight
|-resisted|p2a: Corviknight
|-damage|p2a: Corviknight|90/100
|-damage|p1a: Scizor|27/100|[from] item: Rocky Helmet|[of] p2a: Corviknight
|
|upkeep
|turn|19
|
|t:|1760852182
|switch|p2a: Dragonite|Dragonite, M|100/100
|switch|p1a: Pelipper|Pelipper, F|100/100
|-weather|RainDance|[from] ability: Drizzle|[of] p1a: Pelipper
|
|-weather|RainDance|[upkeep]
|upkeep
|turn|20
|
|t:|1760852193
|switch|p1a: Zapdos|Zapdos|100/100
|move|p2a: Dragonite|Dragon Dance|p2a: Dragonite
|-boost|p2a: Dragonite|atk|1
|-boost|p2a: Dragonite|spe|1
|
|-weather|RainDance|[upkeep]
|upkeep
|turn|21
|
|t:|1760852202
|move|p2a: Dragonite|Ice Spinner|p1a: Zapdos
|-supereffective|p1a: Zapdos
|-damage|p1a: Zapdos|12/100
|move|p1a: Zapdos|Thunder|p2a: Dragonite
|-damage|p2a: Dragonite|43/100
|
|-weather|RainDance|[upkeep]
|upkeep
|turn|22
|
|t:|1760852215
|switch|p1a: Basculegion|Basculegion, M|49/100 brn
|move|p2a: Dragonite|Dragon Claw|p1a: Basculegion
|-damage|p1a: Basculegion|0 fnt
|faint|p1a: Basculegion
|
|-weather|RainDance|[upkeep]
|upkeep
|
|t:|1760852227
|switch|p1a: Scizor|Scizor, M|27/100
|turn|23
|
|t:|1760852237
|move|p1a: Scizor|Bullet Punch|p2a: Dragonite
|-damage|p2a: Dragonite|3/100
|move|p2a: Dragonite|Dragon Claw|p1a: Scizor
|-resisted|p1a: Scizor
|-damage|p1a: Scizor|0 fnt
|faint|p1a: Scizor
|
|-weather|RainDance|[upkeep]
|upkeep
|
|t:|1760852247
|switch|p1a: Pelipper|Pelipper, F|100/100
|turn|24
|
|t:|1760852253
|move|p2a: Dragonite|Ice Spinner|p1a: Pelipper
|-damage|p1a: Pelipper|67/100
|move|p1a: Pelipper|U-turn|p2a: Dragonite
|-resisted|p2a: Dragonite
|-damage|p2a: Dragonite|0 fnt
|faint|p2a: Dragonite
|
|t:|1760852260
|switch|p1a: Manaphy|Manaphy|49/100|[from] U-turn
|
|-weather|RainDance|[upkeep]
|upkeep
|inactive|Xebec777 has 120 seconds left.
|
|t:|1760852294
|switch|p2a: Corviknight|Corviknight, F|90/100
|turn|25
|
|t:|1760852301
|move|p1a: Manaphy|Rest|p1a: Manaphy
|-status|p1a: Manaphy|slp|[from] move: Rest
|-heal|p1a: Manaphy|100/100 slp|[silent]
|move|p2a: Corviknight|Body Press|p1a: Manaphy
|-damage|p1a: Manaphy|78/100 slp
|
|-weather|RainDance|[upkeep]
|-activate|p1a: Manaphy|ability: Hydration
|-curestatus|p1a: Manaphy|slp|[msg]
|upkeep
|turn|26
|
|t:|1760852313
|move|p1a: Manaphy|Tail Glow|p1a: Manaphy
|-boost|p1a: Manaphy|spa|3
|move|p2a: Corviknight|Iron Defense|p2a: Corviknight
|-boost|p2a: Corviknight|def|2
|
|-weather|none
|upkeep
|turn|27
|
|t:|1760852322
|move|p1a: Manaphy|Stored Power|p2a: Corviknight
|-resisted|p2a: Corviknight
|-damage|p2a: Corviknight|66/100
|move|p2a: Corviknight|Body Press|p1a: Manaphy
|-damage|p1a: Manaphy|28/100
|
|upkeep
|turn|28
|
|t:|1760852334
|switch|p1a: Pelipper|Pelipper, F|67/100
|-weather|RainDance|[from] ability: Drizzle|[of] p1a: Pelipper
|move|p2a: Corviknight|Iron Defense|p2a: Corviknight
|-boost|p2a: Corviknight|def|2
|
|-weather|RainDance|[upkeep]
|upkeep
|turn|29
|
|t:|1760852345
|move|p2a: Corviknight|Roost|p2a: Corviknight
|-heal|p2a: Corviknight|100/100
|-singleturn|p2a: Corviknight|move: Roost
|move|p1a: Pelipper|Roost|p1a: Pelipper
|-heal|p1a: Pelipper|100/100
|-singleturn|p1a: Pelipper|move: Roost
|
|-weather|RainDance|[upkeep]
|upkeep
|turn|30
|
|t:|1760852356
|switch|p1a: Manaphy|Manaphy|28/100
|move|p2a: Corviknight|Body Press|p1a: Manaphy
|-damage|p1a: Manaphy|0 fnt
|faint|p1a: Manaphy
|
|-weather|RainDance|[upkeep]
|upkeep
|
|t:|1760852365
|switch|p1a: Zapdos|Zapdos|12/100
|turn|31
|
|t:|1760852372
|move|p1a: Zapdos|Roost|p1a: Zapdos
|-heal|p1a: Zapdos|62/100
|-singleturn|p1a: Zapdos|move: Roost
|move|p2a: Corviknight|Body Press|p1a: Zapdos
|-damage|p1a: Zapdos|0 fnt
|faint|p1a: Zapdos
|
|-weather|RainDance|[upkeep]
|upkeep
|-message|melikebread forfeited.
|
|win|Xebec777
|raw|melikebread's rating: 1053 &rarr; <strong>1038</strong><br />(-15 for losing)
|raw|Xebec777's rating: 1106 &rarr; <strong>1127</strong><br />(+21 for winning)
|l|☆melikebread
|player|p1|
|l|☆Xebec777
|player|p2|
