|j|☆ThighFish
|j|☆reqkt
|t:|1760833706
|gametype|singles
|player|p1|ThighFish|volkner|1159
|player|p2|reqkt|wattson|1162
|gen|9
|tier|[Gen 9] OU
|rated|
|rule|HP Percentage Mod: HP is shown in percentages
|rule|Endless Battle Clause: Forcing endless battles is banned
|rule|Species Clause: Limit one of each Pokémon
|rule|OHKO Clause: OHKO moves are banned
|rule|Evasion Items Clause: Evasion items are banned
|rule|Evasion Moves Clause: Evasion moves are banned
|rule|Evasion Abilities Clause: Evasion abilities are banned
|rule|Sleep Moves Clause: Sleep-inducing moves are banned
|clearpoke
|poke|p1|Gholdengo|
|poke|p1|Zamazenta-*|
|poke|p1|Ting-Lu|
|poke|p1|Clefable, F|
|poke|p1|Dragonite, M|
|poke|p1|Deoxys-Speed|
|poke|p2|Cinderace, F|
|poke|p2|Dragonite, M|
|poke|p2|Alomomola, F|
|poke|p2|Chansey, F|
|poke|p2|Tauros-Paldea-Blaze, M|
|poke|p2|Corviknight, F|
|teampreview
|inactive|Battle timer is ON: inactive players will automatically lose when time's up. (requested by reqkt)
|
|t:|1760833713
|teamsize|p1|6
|teamsize|p2|6
|start
|switch|p1a: Moonrock 350|Clefable, F|100/100
|switch|p2a: Tauros|Tauros-Paldea-Blaze, M|100/100
|-ability|p2a: Tauros|Intimidate|boost
|-unboost|p1a: Moonrock 350|atk|1
|turn|1
|
|t:|1760833720
|move|p2a: Tauros|Trailblaze|p1a: Moonrock 350
|-damage|p1a: Moonrock 350|89/100
|-boost|p2a: Tauros|spe|1
|-damage|p2a: Tauros|84/100|[from] item: Rocky Helmet|[of] p1a: Moonrock 350
|move|p1a: Moonrock 350|Stealth Rock|p2a: Tauros
|-sidestart|p2: reqkt|move: Stealth Rock
|
|upkeep
|turn|2
|
|t:|1760833733
|move|p2a: Tauros|Flare Blitz|p1a: Moonrock 350
|-damage|p1a: Moonrock 350|48/100
|-damage|p2a: Tauros|68/100|[from] item: Rocky Helmet|[of] p1a: Moonrock 350
|-damage|p2a: Tauros|49/100|[from] Recoil
|move|p1a: Moonrock 350|Knock Off|p2a: Tauros
|-resisted|p2a: Tauros
|-damage|p2a: Tauros|44/100
|-enditem|p2a: Tauros|Focus Sash|[from] move: Knock Off|[of] p1a: Moonrock 350
|
|upkeep
|turn|3
|
|t:|1760833745
|move|p2a: Tauros|Flare Blitz|p1a: Moonrock 350
|-damage|p1a: Moonrock 350|8/100
|-damage|p2a: Tauros|27/100|[from] item: Rocky Helmet|[of] p1a: Moonrock 350
|-damage|p2a: Tauros|10/100|[from] Recoil
|move|p1a: Moonrock 350|Moonlight|p1a: Moonrock 350
|-heal|p1a: Moonrock 350|58/100
|
|upkeep
|turn|4
|
|t:|1760833758
|move|p2a: Tauros|Endeavor|p1a: Moonrock 350
|-damage|p1a: Moonrock 350|7/100
|-damage|p2a: Tauros|0 fnt|[from] item: Rocky Helmet|[of] p1a: Moonrock 350
|faint|p2a: Tauros
|move|p1a: Moonrock 350|Moonlight|p1a: Moonrock 350
|-heal|p1a: Moonrock 350|57/100
|
|upkeep
|
|t:|1760833770
|switch|p2a: Cinderace|Cinderace, F|100/100
|turn|5
|
|t:|1760833778
|move|p2a: Cinderace|Court Change|p2a: Cinderace
|-start|p2a: Cinderace|typechange|Normal|[from] ability: Libero
|-swapsideconditions
|-activate|p2a: Cinderace|move: Court Change
|move|p1a: Moonrock 350|Moonlight|p1a: Moonrock 350
|-heal|p1a: Moonrock 350|100/100
|
|upkeep
|turn|6
|
|t:|1760833787
|move|p2a: Cinderace|Flame Charge|p1a: Moonrock 350
|-damage|p1a: Moonrock 350|88/100
|-boost|p2a: Cinderace|spe|1
|-damage|p2a: Cinderace|84/100|[from] item: Rocky Helmet|[of] p1a: Moonrock 350
|move|p1a: Moonrock 350|Stealth Rock|p2a: Cinderace
|-sidestart|p2: reqkt|move: Stealth Rock
|
|upkeep
|turn|7
|
|t:|1760833795
|move|p2a: Cinderace|Court Change|p2a: Cinderace
|-swapsideconditions
|-activate|p2a: Cinderace|move: Court Change
|move|p1a: Moonrock 350|Knock Off|p2a: Cinderace
|-damage|p2a: Cinderace|71/100
|-enditem|p2a: Cinderace|Heavy-Duty Boots|[from] move: Knock Off|[of] p1a: Moonrock 350
|
|upkeep
|turn|8
|
|t:|1760833813
|switch|p2a: Corviknight|Corviknight, F|100/100
|-damage|p2a: Corviknight|88/100|[from] Stealth Rock
|move|p1a: Moonrock 350|Moonblast|p2a: Corviknight
|-resisted|p2a: Corviknight
|-damage|p2a: Corviknight|77/100
|-ability|p2a: Corviknight|Mirror Armor
|-unboost|p1a: Moonrock 350|spa|1
|
|upkeep
|turn|9
|
|t:|1760833826
|switch|p1a: Djengo Unrained|Gholdengo|100/100
|move|p2a: Corviknight|Taunt|p1a: Djengo Unrained
|-immune|p1a: Djengo Unrained|[from] ability: Good as Gold
|
|upkeep
|turn|10
|
|t:|1760833840
|switch|p2a: Chansey|Chansey, F|100/100
|-damage|p2a: Chansey|88/100|[from] Stealth Rock
|move|p1a: Djengo Unrained|Nasty Plot|p1a: Djengo Unrained
|-boost|p1a: Djengo Unrained|spa|2
|
|upkeep
|turn|11
|
|t:|1760833855
|switch|p1a: Up Bowl On Em|Ting-Lu|100/100
|-damage|p1a: Up Bowl On Em|94/100|[from] Stealth Rock
|-ability|p1a: Up Bowl On Em|Vessel of Ruin
|move|p2a: Chansey|Icy Wind|p1a: Up Bowl On Em
|-supereffective|p1a: Up Bowl On Em
|-damage|p1a: Up Bowl On Em|89/100
|-unboost|p1a: Up Bowl On Em|spe|1
|
|-heal|p1a: Up Bowl On Em|95/100|[from] item: Leftovers
|upkeep
|turn|12
|
|t:|1760833873
|move|p2a: Chansey|Healing Wish|p2a: Chansey
|faint|p2a: Chansey
|move|p1a: Up Bowl On Em|Spikes|p2: Chansey
|-sidestart|p2: reqkt|Spikes
|
|-heal|p1a: Up Bowl On Em|100/100|[from] item: Leftovers
|upkeep
|
|t:|1760833880
|switch|p2a: Cinderace|Cinderace, F|71/100
|-heal|p2a: Cinderace|100/100|[from] move: Healing Wish
|-damage|p2a: Cinderace|76/100|[from] Stealth Rock
|-damage|p2a: Cinderace|63/100|[from] Spikes
|turn|13
|
|t:|1760833890
|move|p2a: Cinderace|Court Change|p2a: Cinderace
|-start|p2a: Cinderace|typechange|Normal|[from] ability: Libero
|-swapsideconditions
|-activate|p2a: Cinderace|move: Court Change
|move|p1a: Up Bowl On Em|Whirlwind|p2a: Cinderace
|drag|p2a: Corviknight|Corviknight, F|77/100
|-damage|p2a: Corviknight|65/100|[from] Stealth Rock
|
|upkeep
|turn|14
|inactive|reqkt has 120 seconds left.
|
|t:|1760833909
|switch|p1a: Djengo Unrained|Gholdengo|100/100
|move|p2a: Corviknight|Taunt|p1a: Djengo Unrained
|-immune|p1a: Djengo Unrained|[from] ability: Good as Gold
|
|upkeep
|turn|15
|
|t:|1760833916
|switch|p2a: Cinderace|Cinderace, F|63/100
|-damage|p2a: Cinderace|38/100|[from] Stealth Rock
|move|p1a: Djengo Unrained|Nasty Plot|p1a: Djengo Unrained
|-boost|p1a: Djengo Unrained|spa|2
|
|upkeep
|turn|16
|
|t:|1760833941
|switch|p1a: Up Bowl On Em|Ting-Lu|100/100
|-damage|p1a: Up Bowl On Em|94/100|[from] Stealth Rock
|-damage|p1a: Up Bowl On Em|82/100|[from] Spikes
|-ability|p1a: Up Bowl On Em|Vessel of Ruin
|move|p2a: Cinderace|Pyro Ball|p1a: Up Bowl On Em
|-damage|p1a: Up Bowl On Em|52/100
|
|-heal|p1a: Up Bowl On Em|58/100|[from] item: Leftovers
|upkeep
|turn|17
|
|t:|1760833958
|move|p2a: Cinderace|Acrobatics|p1a: Up Bowl On Em
|-start|p2a: Cinderace|typechange|Flying|[from] ability: Libero
|-damage|p1a: Up Bowl On Em|30/100
|move|p1a: Up Bowl On Em|Spikes|p2a: Cinderace
|-sidestart|p2: reqkt|Spikes
|
|-heal|p1a: Up Bowl On Em|36/100|[from] item: Leftovers
|upkeep
|turn|18
|
|t:|1760833965
|move|p2a: Cinderace|Pyro Ball|p1a: Up Bowl On Em
|-damage|p1a: Up Bowl On Em|16/100
|move|p1a: Up Bowl On Em|Whirlwind|p2a: Cinderace
|drag|p2a: Corviknight|Corviknight, F|65/100
|-damage|p2a: Corviknight|53/100|[from] Stealth Rock
|
|-heal|p1a: Up Bowl On Em|23/100|[from] item: Leftovers
|upkeep
|turn|19
|
|t:|1760833982
|move|p2a: Corviknight|Iron Defense|p2a: Corviknight
|-boost|p2a: Corviknight|def|2
|move|p1a: Up Bowl On Em|Spikes|p2a: Corviknight
|-sidestart|p2: reqkt|Spikes
|
|-heal|p1a: Up Bowl On Em|29/100|[from] item: Leftovers
|upkeep
|turn|20
|
|t:|1760833988
|move|p2a: Corviknight|Body Press|p1a: Up Bowl On Em
|-supereffective|p1a: Up Bowl On Em
|-damage|p1a: Up Bowl On Em|0 fnt
|faint|p1a: Up Bowl On Em
|
|upkeep
|
|t:|1760833991
|switch|p1a: Djengo Unrained|Gholdengo|100/100
|turn|21
|
|t:|1760833995
|move|p1a: Djengo Unrained|Nasty Plot|p1a: Djengo Unrained
|-boost|p1a: Djengo Unrained|spa|2
|move|p2a: Corviknight|U-turn|p1a: Djengo Unrained
|-resisted|p1a: Djengo Unrained
|-damage|p1a: Djengo Unrained|98/100
|
|t:|1760834004
|switch|p2a: Alomomola|Alomomola, F|100/100|[from] U-turn
|-damage|p2a: Alomomola|88/100|[from] Stealth Rock
|-damage|p2a: Alomomola|71/100|[from] Spikes
|
|upkeep
|turn|22
|
|t:|1760834012
|move|p1a: Djengo Unrained|Shadow Ball|p2a: Alomomola
|-crit|p2a: Alomomola
|-damage|p2a: Alomomola|0 fnt
|faint|p2a: Alomomola
|
|upkeep
|
|t:|1760834016
|switch|p2a: Cinderace|Cinderace, F|38/100
|-damage|p2a: Cinderace|13/100|[from] Stealth Rock
|-damage|p2a: Cinderace|0 fnt|[from] Spikes
|faint|p2a: Cinderace
|
|t:|1760834021
|switch|p2a: Dragonite|Dragonite, M, shiny|100/100
|-damage|p2a: Dragonite|76/100|[from] Stealth Rock
|turn|23
|-message|reqkt forfeited.
|
|win|ThighFish
|raw|ThighFish's rating: 1159 &rarr; <strong>1184</strong><br />(+25 for winning)
|raw|reqkt's rating: 1162 &rarr; <strong>1137</strong><br />(-25 for losing)
|l|☆reqkt
|player|p2|
