|j|☆Icedark0909
|j|☆ineverhaxed
|t:|1760794053
|gametype|singles
|player|p1|Icedark0909|rosa|1289
|player|p2|ineverhaxed|101|1286
|gen|9
|tier|[Gen 9] OU
|rated|
|rule|HP Percentage Mod: HP is shown in percentages
|rule|Endless Battle Clause: Forcing endless battles is banned
|rule|Species Clause: Limit one of each Pokémon
|rule|OHKO Clause: OHKO moves are banned
|rule|Evasion Items Clause: Evasion items are banned
|rule|Evasion Moves Clause: Evasion moves are banned
|rule|Evasion Abilities Clause: Evasion abilities are banned
|rule|Sleep Moves Clause: Sleep-inducing moves are banned
|clearpoke
|poke|p1|Dondozo, F|
|poke|p1|Gliscor, F|
|poke|p1|Weezing-Galar, M|
|poke|p1|Slowking-Galar, F|
|poke|p1|Corviknight, M|
|poke|p1|Blissey, F|
|poke|p2|Illumise, F|
|poke|p2|Cloyster, M|
|poke|p2|Blissey, F|
|poke|p2|Darkrai|
|poke|p2|Cinderace, F|
|poke|p2|Lokix, M|
|teampreview
|c|☆Icedark0909|Glhf
|inactive|Battle timer is ON: inactive players will automatically lose when time's up. (requested by Icedark0909)
|
|t:|1760794065
|teamsize|p1|6
|teamsize|p2|6
|start
|switch|p1a: 毒毒的蝎|Gliscor, F|100/100
|switch|p2a: Blissey|Blissey, F|100/100
|turn|1
|
|t:|1760794070
|move|p1a: 毒毒的蝎|Stealth Rock|p2a: Blissey
|-sidestart|p2: ineverhaxed|move: Stealth Rock
|move|p2a: Blissey|Ice Beam|p1a: 毒毒的蝎
|-supereffective|p1a: 毒毒的蝎
|-damage|p1a: 毒毒的蝎|0 fnt
|faint|p1a: 毒毒的蝎
|
|upkeep
|
|t:|1760794079
|switch|p1a: 慢慢的王|Slowking-Galar, F|100/100
|turn|2
|
|t:|1760794084
|switch|p2a: Cinderace|Cinderace, F|100/100
|-damage|p2a: Cinderace|76/100|[from] Stealth Rock
|move|p1a: 慢慢的王|Toxic|p2a: Cinderace
|-status|p2a: Cinderace|tox
|
|-damage|p2a: Cinderace|70/100 tox|[from] psn
|upkeep
|turn|3
|
|t:|1760794093
|switch|p1a: 给你带来笑容|Dondozo, F|100/100
|move|p2a: Cinderace|Court Change|p2a: Cinderace
|-start|p2a: Cinderace|typechange|Normal|[from] ability: Libero
|-swapsideconditions
|-activate|p2a: Cinderace|move: Court Change
|
|-damage|p2a: Cinderace|58/100 tox|[from] psn
|upkeep
|turn|4
|
|t:|1760794099
|move|p2a: Cinderace|Will-O-Wisp|p1a: 给你带来笑容
|-status|p1a: 给你带来笑容|brn
|move|p1a: 给你带来笑容|Earthquake|p2a: Cinderace
|-damage|p2a: Cinderace|39/100 tox
|-enditem|p2a: Cinderace|Red Card|[of] p1a: 给你带来笑容
|drag|p1a: 慢慢的王|Slowking-Galar, F|100/100
|-damage|p1a: 慢慢的王|88/100|[from] Stealth Rock
|
|-heal|p1a: 慢慢的王|94/100|[from] item: Black Sludge
|-damage|p2a: Cinderace|21/100 tox|[from] psn
|upkeep
|turn|5
|
|t:|1760794111
|switch|p2a: Darkrai|Darkrai|100/100
|move|p1a: 慢慢的王|Future Sight|p2a: Darkrai
|-start|p1a: 慢慢的王|move: Future Sight
|
|-heal|p1a: 慢慢的王|99/100|[from] item: Black Sludge
|upkeep
|turn|6
|
|t:|1760794118
|switch|p1a: 胖胖的蛋|Blissey, F, shiny|100/100
|-damage|p1a: 胖胖的蛋|88/100|[from] Stealth Rock
|move|p2a: Darkrai|Trick|p1a: 胖胖的蛋
|-activate|p2a: Darkrai|move: Trick|[of] p1a: 胖胖的蛋
|-item|p1a: 胖胖的蛋|Choice Scarf|[from] move: Trick
|-item|p2a: Darkrai|Leftovers|[from] move: Trick
|
|upkeep
|turn|7
|
|t:|1760794127
|move|p2a: Darkrai|Dark Pulse|p1a: 胖胖的蛋
|-damage|p1a: 胖胖的蛋|70/100
|move|p1a: 胖胖的蛋|Thunder Wave|p2a: Darkrai|[miss]
|-miss|p1a: 胖胖的蛋|p2a: Darkrai
|
|-end|p2a: Darkrai|move: Future Sight
|-immune|p2a: Darkrai
|upkeep
|turn|8
|
|t:|1760794135
|switch|p2a: Cinderace|Cinderace, F|21/100 tox
|move|p1a: 胖胖的蛋|Thunder Wave|p2a: Cinderace|[miss]
|-miss|p1a: 胖胖的蛋|p2a: Cinderace
|
|-damage|p2a: Cinderace|15/100 tox|[from] psn
|upkeep
|turn|9
|
|t:|1760794145
|switch|p1a: 给你带来笑容|Dondozo, F|100/100 brn
|-damage|p1a: 给你带来笑容|88/100 brn|[from] Stealth Rock
|move|p2a: Cinderace|Acrobatics|p1a: 给你带来笑容
|-start|p2a: Cinderace|typechange|Flying|[from] ability: Libero
|-damage|p1a: 给你带来笑容|59/100 brn
|
|-heal|p1a: 给你带来笑容|66/100 brn|[from] item: Leftovers
|-damage|p2a: Cinderace|3/100 tox|[from] psn
|-damage|p1a: 给你带来笑容|59/100 brn|[from] brn
|upkeep
|turn|10
|
|t:|1760794157
|move|p2a: Cinderace|Acrobatics|p1a: 给你带来笑容
|-damage|p1a: 给你带来笑容|31/100 brn
|move|p1a: 给你带来笑容|Rest|p1a: 给你带来笑容
|-status|p1a: 给你带来笑容|slp|[from] move: Rest
|-heal|p1a: 给你带来笑容|100/100 slp|[silent]
|
|-damage|p2a: Cinderace|0 fnt|[from] psn
|faint|p2a: Cinderace
|upkeep
|
|t:|1760794168
|switch|p2a: Illumise|Illumise, F|100/100
|turn|11
|
|t:|1760794183
|switch|p1a: 瓦瓦的斯|Weezing-Galar, M|100/100
|-damage|p1a: 瓦瓦的斯|88/100|[from] Stealth Rock
|move|p2a: Illumise|Infestation|p1a: 瓦瓦的斯
|-resisted|p1a: 瓦瓦的斯
|-damage|p1a: 瓦瓦的斯|86/100
|-activate|p1a: 瓦瓦的斯|move: Infestation|[of] p2a: Illumise
|
|-heal|p1a: 瓦瓦的斯|92/100|[from] item: Leftovers
|-damage|p1a: 瓦瓦的斯|80/100|[from] move: Infestation|[partiallytrapped]
|upkeep
|turn|12
|
|t:|1760794194
|move|p2a: Illumise|Substitute|p2a: Illumise
|-start|p2a: Illumise|Substitute
|-damage|p2a: Illumise|76/100
|move|p1a: 瓦瓦的斯|Defog|p2a: Illumise
|-sideend|p1: Icedark0909|Stealth Rock|[from] move: Defog|[of] p1a: 瓦瓦的斯
|
|-heal|p2a: Illumise|82/100|[from] item: Leftovers
|-heal|p1a: 瓦瓦的斯|86/100|[from] item: Leftovers
|-damage|p1a: 瓦瓦的斯|74/100|[from] move: Infestation|[partiallytrapped]
|upkeep
|turn|13
|
|t:|1760794202
|move|p2a: Illumise|Encore|p1a: 瓦瓦的斯
|-start|p1a: 瓦瓦的斯|Encore
|move|p1a: 瓦瓦的斯|Defog||[still]
|-fail|p1a: 瓦瓦的斯
|
|-heal|p2a: Illumise|88/100|[from] item: Leftovers
|-heal|p1a: 瓦瓦的斯|80/100|[from] item: Leftovers
|-damage|p1a: 瓦瓦的斯|68/100|[from] move: Infestation|[partiallytrapped]
|upkeep
|turn|14
|
|t:|1760794227
|move|p2a: Illumise|Infestation|p1a: 瓦瓦的斯
|-resisted|p1a: 瓦瓦的斯
|-damage|p1a: 瓦瓦的斯|66/100
|move|p1a: 瓦瓦的斯|Defog||[still]
|-fail|p1a: 瓦瓦的斯
|
|-heal|p2a: Illumise|94/100|[from] item: Leftovers
|-heal|p1a: 瓦瓦的斯|72/100|[from] item: Leftovers
|-damage|p1a: 瓦瓦的斯|59/100|[from] move: Infestation|[partiallytrapped]
|upkeep
|turn|15
|
|t:|1760794235
|move|p2a: Illumise|Infestation|p1a: 瓦瓦的斯
|-resisted|p1a: 瓦瓦的斯
|-damage|p1a: 瓦瓦的斯|58/100
|move|p1a: 瓦瓦的斯|Defog||[still]
|-fail|p1a: 瓦瓦的斯
|
|-heal|p2a: Illumise|99/100|[from] item: Leftovers
|-heal|p1a: 瓦瓦的斯|64/100|[from] item: Leftovers
|-damage|p1a: 瓦瓦的斯|51/100|[from] move: Infestation|[partiallytrapped]
|-end|p1a: 瓦瓦的斯|Encore
|upkeep
|turn|16
|
|t:|1760794244
|move|p2a: Illumise|Encore|p1a: 瓦瓦的斯
|-start|p1a: 瓦瓦的斯|Encore
|move|p1a: 瓦瓦的斯|Defog||[still]
|-fail|p1a: 瓦瓦的斯
|
|-heal|p2a: Illumise|100/100|[from] item: Leftovers
|-heal|p1a: 瓦瓦的斯|57/100|[from] item: Leftovers
|-end|p1a: 瓦瓦的斯|Infestation|[partiallytrapped]
|upkeep
|turn|17
|
|t:|1760794254
|move|p2a: Illumise|Infestation|p1a: 瓦瓦的斯
|-resisted|p1a: 瓦瓦的斯
|-damage|p1a: 瓦瓦的斯|56/100
|-activate|p1a: 瓦瓦的斯|move: Infestation|[of] p2a: Illumise
|move|p1a: 瓦瓦的斯|Defog||[still]
|-fail|p1a: 瓦瓦的斯
|
|-heal|p1a: 瓦瓦的斯|62/100|[from] item: Leftovers
|-damage|p1a: 瓦瓦的斯|49/100|[from] move: Infestation|[partiallytrapped]
|upkeep
|turn|18
|
|t:|1760794263
|move|p2a: Illumise|Infestation|p1a: 瓦瓦的斯
|-resisted|p1a: 瓦瓦的斯
|-damage|p1a: 瓦瓦的斯|48/100
|move|p1a: 瓦瓦的斯|Defog||[still]
|-fail|p1a: 瓦瓦的斯
|
|-heal|p1a: 瓦瓦的斯|53/100|[from] item: Leftovers
|-damage|p1a: 瓦瓦的斯|41/100|[from] move: Infestation|[partiallytrapped]
|-end|p1a: 瓦瓦的斯|Encore
|upkeep
|turn|19
|
|t:|1760794272
|move|p2a: Illumise|Encore|p1a: 瓦瓦的斯
|-start|p1a: 瓦瓦的斯|Encore
|move|p1a: 瓦瓦的斯|Defog||[still]
|-fail|p1a: 瓦瓦的斯
|
|-heal|p1a: 瓦瓦的斯|47/100|[from] item: Leftovers
|-damage|p1a: 瓦瓦的斯|35/100|[from] move: Infestation|[partiallytrapped]
|upkeep
|turn|20
|
|t:|1760794279
|move|p2a: Illumise|Infestation|p1a: 瓦瓦的斯
|-resisted|p1a: 瓦瓦的斯
|-damage|p1a: 瓦瓦的斯|33/100
|move|p1a: 瓦瓦的斯|Defog||[still]
|-fail|p1a: 瓦瓦的斯
|
|-heal|p1a: 瓦瓦的斯|39/100|[from] item: Leftovers
|-damage|p1a: 瓦瓦的斯|27/100|[from] move: Infestation|[partiallytrapped]
|upkeep
|turn|21
|
|t:|1760794284
|move|p2a: Illumise|Infestation|p1a: 瓦瓦的斯
|-resisted|p1a: 瓦瓦的斯
|-damage|p1a: 瓦瓦的斯|25/100
|move|p1a: 瓦瓦的斯|Defog||[still]
|-fail|p1a: 瓦瓦的斯
|
|-heal|p1a: 瓦瓦的斯|31/100|[from] item: Leftovers
|-end|p1a: 瓦瓦的斯|Infestation|[partiallytrapped]
|-end|p1a: 瓦瓦的斯|Encore
|upkeep
|turn|22
|
|t:|1760794290
|switch|p1a: Corviknight|Corviknight, M|100/100
|move|p2a: Illumise|Encore||[still]
|-fail|p2a: Illumise
|
|upkeep
|turn|23
|
|t:|1760794292
|move|p2a: Illumise|Infestation|p1a: Corviknight
|-resisted|p1a: Corviknight
|-damage|p1a: Corviknight|99/100
|-activate|p1a: Corviknight|move: Infestation|[of] p2a: Illumise
|-damage|p2a: Illumise|84/100|[from] item: Rocky Helmet|[of] p1a: Corviknight
|move|p1a: Corviknight|Brave Bird|p2a: Illumise
|-supereffective|p2a: Illumise
|-end|p2a: Illumise|Substitute
|-damage|p1a: Corviknight|92/100|[from] Recoil|[of] p2a: Illumise
|
|-heal|p2a: Illumise|90/100|[from] item: Leftovers
|-damage|p1a: Corviknight|80/100|[from] move: Infestation|[partiallytrapped]
|upkeep
|turn|24
|
|t:|1760794310
|move|p2a: Illumise|Encore|p1a: Corviknight
|-start|p1a: Corviknight|Encore
|move|p1a: Corviknight|Brave Bird|p2a: Illumise
|-supereffective|p2a: Illumise
|-damage|p2a: Illumise|25/100
|-damage|p1a: Corviknight|62/100|[from] Recoil
|
|-heal|p2a: Illumise|31/100|[from] item: Leftovers
|-damage|p1a: Corviknight|50/100|[from] move: Infestation|[partiallytrapped]
|upkeep
|turn|25
|
|t:|1760794321
|switch|p2a: Blissey|Blissey, F|100/100
|move|p1a: Corviknight|Brave Bird|p2a: Blissey
|-damage|p2a: Blissey|63/100
|-damage|p1a: Corviknight|30/100|[from] Recoil
|
|-heal|p2a: Blissey|70/100|[from] item: Leftovers
|-end|p1a: Corviknight|Infestation|[partiallytrapped]|[silent]
|upkeep
|turn|26
|
|t:|1760794331
|switch|p1a: 瓦瓦的斯|Weezing-Galar, M|31/100
|move|p2a: Blissey|Thunderbolt|p1a: 瓦瓦的斯
|-damage|p1a: 瓦瓦的斯|1/100
|
|-heal|p2a: Blissey|76/100|[from] item: Leftovers
|-heal|p1a: 瓦瓦的斯|7/100|[from] item: Leftovers
|upkeep
|turn|27
|
|t:|1760794339
|move|p2a: Blissey|Thunderbolt|p1a: 瓦瓦的斯
|-damage|p1a: 瓦瓦的斯|0 fnt
|faint|p1a: 瓦瓦的斯
|
|-heal|p2a: Blissey|82/100|[from] item: Leftovers
|upkeep
|
|t:|1760794347
|switch|p1a: 胖胖的蛋|Blissey, F, shiny|70/100
|turn|28
|
|t:|1760794351
|switch|p2a: Illumise|Illumise, F|31/100
|move|p1a: 胖胖的蛋|Thunder Wave|p2a: Illumise
|-status|p2a: Illumise|par
|
|-heal|p2a: Illumise|37/100 par|[from] item: Leftovers
|upkeep
|turn|29
|
|t:|1760794363
|switch|p1a: 慢慢的王|Slowking-Galar, F|100/100
|switch|p2a: Blissey|Blissey, F|82/100
|
|-heal|p2a: Blissey|88/100|[from] item: Leftovers
|upkeep
|turn|30
|
|t:|1760794372
|move|p2a: Blissey|Shadow Ball|p1a: 慢慢的王
|-supereffective|p1a: 慢慢的王
|-damage|p1a: 慢慢的王|78/100
|move|p1a: 慢慢的王|Sludge Wave|p2a: Blissey
|-damage|p2a: Blissey|74/100
|
|-heal|p2a: Blissey|80/100|[from] item: Leftovers
|-heal|p1a: 慢慢的王|84/100|[from] item: Black Sludge
|upkeep
|turn|31
|
|t:|1760794382
|move|p2a: Blissey|Shadow Ball|p1a: 慢慢的王
|-supereffective|p1a: 慢慢的王
|-damage|p1a: 慢慢的王|64/100
|-unboost|p1a: 慢慢的王|spd|1
|move|p1a: 慢慢的王|Sludge Wave|p2a: Blissey
|-damage|p2a: Blissey|66/100
|
|-heal|p2a: Blissey|72/100|[from] item: Leftovers
|-heal|p1a: 慢慢的王|70/100|[from] item: Black Sludge
|upkeep
|turn|32
|
|t:|1760794396
|move|p2a: Blissey|Thunderbolt|p1a: 慢慢的王
|-damage|p1a: 慢慢的王|53/100
|move|p1a: 慢慢的王|Future Sight|p2a: Blissey
|-start|p1a: 慢慢的王|move: Future Sight
|
|-heal|p2a: Blissey|78/100|[from] item: Leftovers
|-heal|p1a: 慢慢的王|59/100|[from] item: Black Sludge
|upkeep
|turn|33
|
|t:|1760794416
|move|p2a: Blissey|Thunderbolt|p1a: 慢慢的王
|-damage|p1a: 慢慢的王|40/100
|-prepare|p1a: 慢慢的王|Chilly Reception|[premajor]
|move|p1a: 慢慢的王|Chilly Reception|p1a: 慢慢的王
|-weather|Snowscape
|
|t:|1760794419
|switch|p1a: Corviknight|Corviknight, M|30/100|[from] Chilly Reception
|
|-weather|Snowscape|[upkeep]
|-heal|p2a: Blissey|84/100|[from] item: Leftovers
|upkeep
|turn|34
|
|t:|1760794424
|move|p1a: Corviknight|Roost|p1a: Corviknight
|-heal|p1a: Corviknight|80/100
|-singleturn|p1a: Corviknight|move: Roost
|move|p2a: Blissey|Flamethrower|p1a: Corviknight
|-supereffective|p1a: Corviknight
|-damage|p1a: Corviknight|40/100
|
|-weather|Snowscape|[upkeep]
|-end|p2a: Blissey|move: Future Sight
|-damage|p2a: Blissey|65/100
|-heal|p2a: Blissey|72/100|[from] item: Leftovers
|upkeep
|turn|35
|inactive|Icedark0909 has 120 seconds left.
|
|t:|1760794466
|move|p1a: Corviknight|U-turn|p2a: Blissey
|-damage|p2a: Blissey|59/100
|
|t:|1760794470
|switch|p1a: 胖胖的蛋|Blissey, F, shiny|70/100|[from] U-turn
|move|p2a: Blissey|Flamethrower|p1a: 胖胖的蛋
|-damage|p1a: 胖胖的蛋|63/100
|
|-weather|Snowscape|[upkeep]
|-heal|p2a: Blissey|65/100|[from] item: Leftovers
|upkeep
|turn|36
|
|t:|1760794481
|switch|p2a: Illumise|Illumise, F|37/100 par
|move|p1a: 胖胖的蛋|Soft-Boiled|p1a: 胖胖的蛋
|-heal|p1a: 胖胖的蛋|100/100
|
|-weather|Snowscape|[upkeep]
|-heal|p2a: Illumise|43/100 par|[from] item: Leftovers
|upkeep
|turn|37
|
|t:|1760794492
|switch|p1a: 慢慢的王|Slowking-Galar, F|73/100
|switch|p2a: Darkrai|Darkrai|100/100
|
|-weather|none
|-heal|p1a: 慢慢的王|79/100|[from] item: Black Sludge
|upkeep
|turn|38
|
|t:|1760794497
|switch|p1a: 胖胖的蛋|Blissey, F, shiny|100/100
|-terastallize|p2a: Darkrai|Dark
|move|p2a: Darkrai|Dark Pulse|p1a: 胖胖的蛋
|-damage|p1a: 胖胖的蛋|77/100
|
|upkeep
|turn|39
|
|t:|1760794501
|move|p2a: Darkrai|Dark Pulse|p1a: 胖胖的蛋
|-damage|p1a: 胖胖的蛋|54/100
|cant|p1a: 胖胖的蛋|flinch
|
|upkeep
|turn|40
|
|t:|1760794506
|switch|p2a: Illumise|Illumise, F|43/100 par
|move|p1a: 胖胖的蛋|Soft-Boiled|p1a: 胖胖的蛋
|-heal|p1a: 胖胖的蛋|100/100
|
|-heal|p2a: Illumise|49/100 par|[from] item: Leftovers
|upkeep
|turn|41
|
|t:|1760794512
|switch|p1a: 慢慢的王|Slowking-Galar, F|100/100
|switch|p2a: Darkrai|Darkrai, tera:Dark|100/100
|
|upkeep
|turn|42
|
|t:|1760794515
|switch|p1a: 胖胖的蛋|Blissey, F, shiny|100/100
|move|p2a: Darkrai|Dark Pulse|p1a: 胖胖的蛋
|-damage|p1a: 胖胖的蛋|76/100
|
|upkeep
|turn|43
|
|t:|1760794517
|switch|p2a: Illumise|Illumise, F|49/100 par
|move|p1a: 胖胖的蛋|Seismic Toss|p2a: Illumise
|-damage|p2a: Illumise|18/100 par
|
|-heal|p2a: Illumise|25/100 par|[from] item: Leftovers
|upkeep
|turn|44
|
|t:|1760794524
|switch|p1a: Corviknight|Corviknight, M|40/100
|move|p2a: Illumise|Mud-Slap|p1a: Corviknight
|-immune|p1a: Corviknight
|
|-heal|p2a: Illumise|31/100 par|[from] item: Leftovers
|upkeep
|turn|45
|
|t:|1760794529
|switch|p2a: Darkrai|Darkrai, tera:Dark|100/100
|move|p1a: Corviknight|Roost|p1a: Corviknight
|-heal|p1a: Corviknight|90/100
|-singleturn|p1a: Corviknight|move: Roost
|
|upkeep
|turn|46
|
|t:|1760794533
|move|p2a: Darkrai|Dark Pulse|p1a: Corviknight
|-damage|p1a: Corviknight|28/100
|cant|p1a: Corviknight|flinch
|
|upkeep
|turn|47
|
|t:|1760794540
|switch|p1a: 慢慢的王|Slowking-Galar, F|100/100
|move|p2a: Darkrai|Dark Pulse|p1a: 慢慢的王
|-supereffective|p1a: 慢慢的王
|-damage|p1a: 慢慢的王|31/100
|
|-heal|p1a: 慢慢的王|38/100|[from] item: Black Sludge
|upkeep
|turn|48
|
|t:|1760794542
|switch|p1a: 胖胖的蛋|Blissey, F, shiny|76/100
|move|p2a: Darkrai|Dark Pulse|p1a: 胖胖的蛋
|-damage|p1a: 胖胖的蛋|54/100
|
|upkeep
|turn|49
|
|t:|1760794546
|move|p2a: Darkrai|Dark Pulse|p1a: 胖胖的蛋
|-damage|p1a: 胖胖的蛋|32/100
|cant|p1a: 胖胖的蛋|flinch
|
|upkeep
|turn|50
|
|t:|1760794551
|move|p2a: Darkrai|Dark Pulse|p1a: 胖胖的蛋
|-damage|p1a: 胖胖的蛋|8/100
|move|p1a: 胖胖的蛋|Soft-Boiled|p1a: 胖胖的蛋
|-heal|p1a: 胖胖的蛋|58/100
|
|upkeep
|turn|51
|
|t:|1760794556
|move|p2a: Darkrai|Dark Pulse|p1a: 胖胖的蛋
|-damage|p1a: 胖胖的蛋|35/100
|cant|p1a: 胖胖的蛋|flinch
|
|upkeep
|turn|52
|
|t:|1760794562
|move|p2a: Darkrai|Dark Pulse|p1a: 胖胖的蛋
|-damage|p1a: 胖胖的蛋|13/100
|move|p1a: 胖胖的蛋|Soft-Boiled|p1a: 胖胖的蛋
|-heal|p1a: 胖胖的蛋|63/100
|
|upkeep
|turn|53
|
|t:|1760794569
|move|p2a: Darkrai|Ice Beam|p1a: 胖胖的蛋
|-damage|p1a: 胖胖的蛋|50/100
|move|p1a: 胖胖的蛋|Soft-Boiled|p1a: 胖胖的蛋
|-heal|p1a: 胖胖的蛋|99/100
|
|upkeep
|turn|54
|
|t:|1760794580
|switch|p1a: 慢慢的王|Slowking-Galar, F|71/100
|move|p2a: Darkrai|Dark Pulse|p1a: 慢慢的王
|-supereffective|p1a: 慢慢的王
|-damage|p1a: 慢慢的王|2/100
|
|-heal|p1a: 慢慢的王|8/100|[from] item: Black Sludge
|upkeep
|turn|55
|
|t:|1760794589
|switch|p1a: 胖胖的蛋|Blissey, F, shiny|99/100
|move|p2a: Darkrai|Dark Pulse|p1a: 胖胖的蛋
|-damage|p1a: 胖胖的蛋|76/100
|
|upkeep
|turn|56
|
|t:|1760794593
|switch|p2a: Illumise|Illumise, F|31/100 par
|move|p1a: 胖胖的蛋|Seismic Toss|p2a: Illumise
|-damage|p2a: Illumise|0 fnt
|faint|p2a: Illumise
|
|upkeep
|
|t:|1760794599
|switch|p2a: Blissey|Blissey, F|65/100
|turn|57
|
|t:|1760794603
|move|p1a: 胖胖的蛋|Seismic Toss|p2a: Blissey
|-damage|p2a: Blissey|50/100
|move|p2a: Blissey|Shadow Ball|p1a: 胖胖的蛋
|-immune|p1a: 胖胖的蛋
|
|-heal|p2a: Blissey|56/100|[from] item: Leftovers
|upkeep
|turn|58
|
|t:|1760794608
|move|p1a: 胖胖的蛋|Seismic Toss|p2a: Blissey
|-damage|p2a: Blissey|40/100
|move|p2a: Blissey|Shadow Ball|p1a: 胖胖的蛋
|-immune|p1a: 胖胖的蛋
|
|-heal|p2a: Blissey|47/100|[from] item: Leftovers
|upkeep
|turn|59
|
|t:|1760794614
|move|p1a: 胖胖的蛋|Seismic Toss|p2a: Blissey
|-damage|p2a: Blissey|31/100
|move|p2a: Blissey|Thunderbolt|p1a: 胖胖的蛋
|-damage|p1a: 胖胖的蛋|69/100
|
|-heal|p2a: Blissey|37/100|[from] item: Leftovers
|upkeep
|turn|60
|
|t:|1760794620
|move|p1a: 胖胖的蛋|Seismic Toss|p2a: Blissey
|-damage|p2a: Blissey|22/100
|move|p2a: Blissey|Ice Beam|p1a: 胖胖的蛋
|-damage|p1a: 胖胖的蛋|61/100
|
|-heal|p2a: Blissey|28/100|[from] item: Leftovers
|upkeep
|turn|61
|
|t:|1760794623
|move|p1a: 胖胖的蛋|Seismic Toss|p2a: Blissey
|-damage|p2a: Blissey|13/100
|move|p2a: Blissey|Thunderbolt|p1a: 胖胖的蛋
|-damage|p1a: 胖胖的蛋|54/100
|
|-heal|p2a: Blissey|19/100|[from] item: Leftovers
|upkeep
|turn|62
|
|t:|1760794630
|move|p1a: 胖胖的蛋|Seismic Toss|p2a: Blissey
|-damage|p2a: Blissey|4/100
|move|p2a: Blissey|Thunderbolt|p1a: 胖胖的蛋
|-damage|p1a: 胖胖的蛋|47/100
|
|-heal|p2a: Blissey|10/100|[from] item: Leftovers
|upkeep
|turn|63
|
|t:|1760794640
|move|p1a: 胖胖的蛋|Seismic Toss|p2a: Blissey
|-damage|p2a: Blissey|0 fnt
|faint|p2a: Blissey
|
|upkeep
|
|t:|1760794642
|switch|p2a: Darkrai|Darkrai, tera:Dark|100/100
|turn|64
|
|t:|1760794647
|switch|p1a: Corviknight|Corviknight, M|28/100
|move|p2a: Darkrai|Dark Pulse|p1a: Corviknight
|-damage|p1a: Corviknight|0 fnt
|faint|p1a: Corviknight
|
|upkeep
|
|t:|1760794652
|switch|p1a: 给你带来笑容|Dondozo, F|100/100 slp
|turn|65
|
|t:|1760794657
|move|p2a: Darkrai|Dark Pulse|p1a: 给你带来笑容
|-damage|p1a: 给你带来笑容|40/100 slp
|cant|p1a: 给你带来笑容|slp
|move|p1a: 给你带来笑容|Sleep Talk|p1a: 给你带来笑容
|move|p1a: 给你带来笑容|Earthquake|p2a: Darkrai|[from] move: Sleep Talk
|-damage|p2a: Darkrai|58/100
|
|-heal|p2a: Darkrai|64/100|[from] item: Leftovers
|-heal|p1a: 给你带来笑容|46/100 slp|[from] item: Leftovers
|-damage|p1a: 给你带来笑容|34/100 slp|[from] ability: Bad Dreams|[of] p2a: Darkrai
|upkeep
|turn|66
|
|t:|1760794666
|-terastallize|p1a: 给你带来笑容|Fairy
|move|p2a: Darkrai|Dark Pulse|p1a: 给你带来笑容
|-resisted|p1a: 给你带来笑容
|-damage|p1a: 给你带来笑容|5/100 slp
|cant|p1a: 给你带来笑容|slp
|move|p1a: 给你带来笑容|Sleep Talk|p1a: 给你带来笑容
|move|p1a: 给你带来笑容|Avalanche|p2a: Darkrai|[from] move: Sleep Talk
|-damage|p2a: Darkrai|14/100
|
|-heal|p2a: Darkrai|20/100|[from] item: Leftovers
|-heal|p1a: 给你带来笑容|11/100 slp|[from] item: Leftovers
|-damage|p1a: 给你带来笑容|0 fnt|[from] ability: Bad Dreams|[of] p2a: Darkrai
|faint|p1a: 给你带来笑容
|upkeep
|
|t:|1760794682
|switch|p1a: 胖胖的蛋|Blissey, F, shiny|47/100
|turn|67
|
|t:|1760794686
|move|p2a: Darkrai|Dark Pulse|p1a: 胖胖的蛋
|-damage|p1a: 胖胖的蛋|23/100
|move|p1a: 胖胖的蛋|Seismic Toss|p2a: Darkrai
|-damage|p2a: Darkrai|0 fnt
|faint|p2a: Darkrai
|
|upkeep
|
|t:|1760794691
|switch|p2a: Lokix|Lokix, M|100/100
|turn|68
|
|t:|1760794695
|move|p2a: Lokix|U-turn|p1a: 胖胖的蛋
|-damage|p1a: 胖胖的蛋|0 fnt
|faint|p1a: 胖胖的蛋
|
|t:|1760794698
|switch|p2a: Cloyster|Cloyster, M|100/100|[from] U-turn
|
|upkeep
|
|t:|1760794699
|switch|p1a: 慢慢的王|Slowking-Galar, F|41/100
|turn|69
|
|t:|1760794704
|move|p2a: Cloyster|Icicle Spear|p1a: 慢慢的王
|-damage|p1a: 慢慢的王|30/100
|-damage|p1a: 慢慢的王|18/100
|-damage|p1a: 慢慢的王|7/100
|-damage|p1a: 慢慢的王|0 fnt
|faint|p1a: 慢慢的王
|-hitcount|p1: 慢慢的王|4
|
|win|ineverhaxed
|raw|Icedark0909's rating: 1289 &rarr; <strong>1264</strong><br />(-25 for losing)
|raw|ineverhaxed's rating: 1286 &rarr; <strong>1311</strong><br />(+25 for winning)
|l|☆Icedark0909
|player|p1|
|l|☆ineverhaxed
|player|p2|
