|j|☆Toed Rose
|j|☆best_fighter_euw
|t:|1760890059
|gametype|singles
|player|p1|Toed Rose|170|1230
|player|p2|best_fighter_euw|101|1252
|gen|9
|tier|[Gen 9] OU
|rated|
|rule|HP Percentage Mod: HP is shown in percentages
|rule|Endless Battle Clause: Forcing endless battles is banned
|rule|Species Clause: Limit one of each Pokémon
|rule|OHKO Clause: OHKO moves are banned
|rule|Evasion Items Clause: Evasion items are banned
|rule|Evasion Moves Clause: Evasion moves are banned
|rule|Evasion Abilities Clause: Evasion abilities are banned
|rule|Sleep Moves Clause: Sleep-inducing moves are banned
|clearpoke
|poke|p1|Araquanid, M|
|poke|p1|Gholdengo|
|poke|p1|Great Tusk|
|poke|p1|Raging Bolt|
|poke|p1|Iron Moth|
|poke|p1|Articuno-Galar|
|poke|p2|Glimmora, M|
|poke|p2|Rillaboom, M|
|poke|p2|Heatran, F|
|poke|p2|Primarina, M|
|poke|p2|Scizor, F|
|poke|p2|Sinistcha|
|teampreview
|inactive|Battle timer is ON: inactive players will automatically lose when time's up. (requested by best_fighter_euw)
|
|t:|1760890079
|teamsize|p1|6
|teamsize|p2|6
|start
|switch|p1a: Gholdengo|Gholdengo|100/100
|switch|p2a: Glimmora|Glimmora, M|100/100
|turn|1
|
|t:|1760890087
|move|p1a: Gholdengo|Shadow Ball|p2a: Glimmora
|-damage|p2a: Glimmora|28/100
|move|p2a: Glimmora|Stealth Rock|p1a: Gholdengo
|-sidestart|p1: Toed Rose|move: Stealth Rock
|
|upkeep
|turn|2
|
|t:|1760890100
|switch|p2a: Heatran|Heatran, F|100/100
|move|p1a: Gholdengo|Shadow Ball|p2a: Heatran
|-damage|p2a: Heatran|81/100
|
|upkeep
|turn|3
|
|t:|1760890114
|switch|p1a: Great Tusk|Great Tusk|100/100
|-damage|p1a: Great Tusk|98/100|[from] Stealth Rock
|move|p2a: Heatran|Dark Pulse|p1a: Great Tusk
|-resisted|p1a: Great Tusk
|-damage|p1a: Great Tusk|85/100
|
|upkeep
|turn|4
|
|t:|1760890124
|switch|p2a: Sinistcha|Sinistcha|100/100
|move|p1a: Great Tusk|Rapid Spin|p2a: Sinistcha
|-immune|p2a: Sinistcha
|
|upkeep
|turn|5
|
|t:|1760890127
|move|p1a: Great Tusk|Knock Off|p2a: Sinistcha
|-supereffective|p2a: Sinistcha
|-damage|p2a: Sinistcha|47/100
|-enditem|p2a: Sinistcha|Leftovers|[from] move: Knock Off|[of] p1a: Great Tusk
|move|p2a: Sinistcha|Matcha Gotcha|p1a: Great Tusk
|-supereffective|p1a: Great Tusk
|-damage|p1a: Great Tusk|12/100
|-heal|p2a: Sinistcha|86/100|[from] drain|[of] p1a: Great Tusk
|
|upkeep
|turn|6
|
|t:|1760890153
|-end|p1a: Great Tusk|Protosynthesis|[silent]
|switch|p1a: Gholdengo|Gholdengo|100/100
|-damage|p1a: Gholdengo|94/100|[from] Stealth Rock
|move|p2a: Sinistcha|Matcha Gotcha|p1a: Gholdengo
|-resisted|p1a: Gholdengo
|-damage|p1a: Gholdengo|74/100
|-heal|p2a: Sinistcha|95/100|[from] drain|[of] p1a: Gholdengo
|-status|p1a: Gholdengo|brn
|
|-damage|p1a: Gholdengo|68/100 brn|[from] brn
|upkeep
|turn|7
|
|t:|1760890164
|switch|p2a: Heatran|Heatran, F|81/100
|move|p1a: Gholdengo|Shadow Ball|p2a: Heatran
|-damage|p2a: Heatran|59/100
|-unboost|p2a: Heatran|spd|1
|
|-damage|p1a: Gholdengo|62/100 brn|[from] brn
|upkeep
|turn|8
|
|t:|1760890171
|switch|p2a: Glimmora|Glimmora, M|28/100
|move|p1a: Gholdengo|Shadow Ball|p2a: Glimmora
|-damage|p2a: Glimmora|0 fnt
|faint|p2a: Glimmora
|
|-damage|p1a: Gholdengo|56/100 brn|[from] brn
|upkeep
|
|t:|1760890174
|switch|p2a: Heatran|Heatran, F|59/100
|turn|9
|
|t:|1760890183
|move|p1a: Gholdengo|Shadow Ball|p2a: Heatran
|-damage|p2a: Heatran|39/100
|move|p2a: Heatran|Earth Power|p1a: Gholdengo
|-supereffective|p1a: Gholdengo
|-damage|p1a: Gholdengo|0 fnt
|faint|p1a: Gholdengo
|
|upkeep
|
|t:|1760890199
|switch|p1a: Araquanid|Araquanid, M, shiny|100/100
|-damage|p1a: Araquanid|75/100|[from] Stealth Rock
|turn|10
|
|t:|1760890210
|switch|p2a: Sinistcha|Sinistcha|95/100
|move|p1a: Araquanid|Sticky Web|p2a: Sinistcha
|-sidestart|p2: best_fighter_euw|move: Sticky Web
|
|-heal|p1a: Araquanid|82/100|[from] item: Leftovers
|upkeep
|turn|11
|
|t:|1760890220
|move|p2a: Sinistcha|Calm Mind|p2a: Sinistcha
|-boost|p2a: Sinistcha|spa|1
|-boost|p2a: Sinistcha|spd|1
|move|p1a: Araquanid|Lunge|p2a: Sinistcha
|-damage|p2a: Sinistcha|76/100
|-unboost|p2a: Sinistcha|atk|1
|
|-heal|p1a: Araquanid|88/100|[from] item: Leftovers
|upkeep
|turn|12
|
|t:|1760890244
|switch|p1a: Iron Moth|Iron Moth, shiny|100/100
|-damage|p1a: Iron Moth|76/100|[from] Stealth Rock
|-enditem|p1a: Iron Moth|Booster Energy
|-activate|p1a: Iron Moth|ability: Quark Drive|[fromitem]
|-start|p1a: Iron Moth|quarkdrivespa
|move|p2a: Sinistcha|Calm Mind|p2a: Sinistcha
|-boost|p2a: Sinistcha|spa|1
|-boost|p2a: Sinistcha|spd|1
|
|upkeep
|turn|13
|
|t:|1760890253
|-terastallize|p1a: Iron Moth|Fire
|move|p1a: Iron Moth|Fiery Dance|p2a: Sinistcha
|-supereffective|p2a: Sinistcha
|-damage|p2a: Sinistcha|26/100
|move|p2a: Sinistcha|Scald|p1a: Iron Moth
|-supereffective|p1a: Iron Moth
|-damage|p1a: Iron Moth|0 fnt
|faint|p1a: Iron Moth
|-end|p1a: Iron Moth|Quark Drive|[silent]
|
|upkeep
|inactive|Toed Rose has 120 seconds left.
|
|t:|1760890279
|switch|p1a: Articuno|Articuno-Galar|100/100
|-damage|p1a: Articuno|75/100|[from] Stealth Rock
|turn|14
|
|t:|1760890285
|move|p1a: Articuno|Hurricane|p2a: Sinistcha
|-supereffective|p2a: Sinistcha
|-damage|p2a: Sinistcha|0 fnt
|faint|p2a: Sinistcha
|
|upkeep
|
|t:|1760890295
|switch|p2a: Heatran|Heatran, F|39/100
|-activate|p2a: Heatran|move: Sticky Web
|-unboost|p2a: Heatran|spe|1
|turn|15
|
|t:|1760890311
|switch|p1a: Araquanid|Araquanid, M, shiny|88/100
|-damage|p1a: Araquanid|63/100|[from] Stealth Rock
|move|p2a: Heatran|Dark Pulse|p1a: Araquanid
|-damage|p1a: Araquanid|41/100
|
|-heal|p1a: Araquanid|47/100|[from] item: Leftovers
|upkeep
|turn|16
|
|t:|1760890319
|switch|p2a: Rillaboom|Rillaboom, M|100/100
|-activate|p2a: Rillaboom|move: Sticky Web
|-unboost|p2a: Rillaboom|spe|1
|-fieldstart|move: Grassy Terrain|[from] ability: Grassy Surge|[of] p2a: Rillaboom
|move|p1a: Araquanid|Liquidation|p2a: Rillaboom
|-resisted|p2a: Rillaboom
|-damage|p2a: Rillaboom|71/100
|
|-heal|p2a: Rillaboom|78/100|[from] Grassy Terrain
|-heal|p1a: Araquanid|53/100|[from] Grassy Terrain
|-heal|p1a: Araquanid|60/100|[from] item: Leftovers
|upkeep
|turn|17
|
|t:|1760890328
|move|p2a: Rillaboom|Knock Off|p1a: Araquanid
|-damage|p1a: Araquanid|18/100
|-enditem|p1a: Araquanid|Leftovers|[from] move: Knock Off|[of] p2a: Rillaboom
|move|p1a: Araquanid|Lunge|p2a: Rillaboom
|-supereffective|p2a: Rillaboom
|-damage|p2a: Rillaboom|22/100
|-unboost|p2a: Rillaboom|atk|1
|
|-heal|p2a: Rillaboom|29/100|[from] Grassy Terrain
|-heal|p1a: Araquanid|24/100|[from] Grassy Terrain
|upkeep
|turn|18
|
|t:|1760890340
|move|p2a: Rillaboom|Knock Off|p1a: Araquanid
|-damage|p1a: Araquanid|6/100
|move|p1a: Araquanid|Lunge|p2a: Rillaboom
|-supereffective|p2a: Rillaboom
|-damage|p2a: Rillaboom|0 fnt
|faint|p2a: Rillaboom
|
|-heal|p1a: Araquanid|12/100|[from] Grassy Terrain
|upkeep
|
|t:|1760890350
|switch|p2a: Scizor|Scizor, F|100/100
|-activate|p2a: Scizor|move: Sticky Web
|-unboost|p2a: Scizor|spe|1
|turn|19
|
|t:|1760890358
|move|p1a: Araquanid|Liquidation|p2a: Scizor
|-damage|p2a: Scizor|48/100
|move|p2a: Scizor|Swords Dance|p2a: Scizor
|-boost|p2a: Scizor|atk|2
|
|-heal|p1a: Araquanid|18/100|[from] Grassy Terrain
|-heal|p2a: Scizor|54/100|[from] Grassy Terrain
|-heal|p2a: Scizor|60/100|[from] item: Leftovers
|upkeep
|turn|20
|
|t:|1760890364
|move|p2a: Scizor|Bullet Punch|p1a: Araquanid
|-resisted|p1a: Araquanid
|-damage|p1a: Araquanid|0 fnt
|faint|p1a: Araquanid
|
|-heal|p2a: Scizor|66/100|[from] Grassy Terrain
|-heal|p2a: Scizor|73/100|[from] item: Leftovers
|-fieldend|move: Grassy Terrain
|upkeep
|
|t:|1760890371
|switch|p1a: Raging Bolt|Raging Bolt|100/100
|-damage|p1a: Raging Bolt|88/100|[from] Stealth Rock
|turn|21
|
|t:|1760890383
|move|p1a: Raging Bolt|Thunderclap|p2a: Scizor
|-damage|p2a: Scizor|20/100
|move|p2a: Scizor|Bug Bite|p1a: Raging Bolt
|-damage|p1a: Raging Bolt|8/100
|
|-heal|p1a: Raging Bolt|14/100|[from] item: Leftovers
|-heal|p2a: Scizor|26/100|[from] item: Leftovers
|upkeep
|turn|22
|
|t:|1760890395
|move|p1a: Raging Bolt|Thunderclap|p2a: Scizor
|-damage|p2a: Scizor|0 fnt
|faint|p2a: Scizor
|
|-heal|p1a: Raging Bolt|20/100|[from] item: Leftovers
|upkeep
|
|t:|1760890397
|switch|p2a: Heatran|Heatran, F|39/100
|-activate|p2a: Heatran|move: Sticky Web
|-unboost|p2a: Heatran|spe|1
|turn|23
|
|t:|1760890404
|move|p1a: Raging Bolt|Volt Switch|p2a: Heatran
|-damage|p2a: Heatran|19/100
|
|t:|1760890412
|-end|p1a: Raging Bolt|Protosynthesis|[silent]
|switch|p1a: Great Tusk|Great Tusk|12/100|[from] Volt Switch
|-damage|p1a: Great Tusk|9/100|[from] Stealth Rock
|move|p2a: Heatran|Dark Pulse|p1a: Great Tusk
|-resisted|p1a: Great Tusk
|-damage|p1a: Great Tusk|0 fnt
|faint|p1a: Great Tusk
|-end|p1a: Great Tusk|Protosynthesis|[silent]
|
|upkeep
|
|t:|1760890419
|switch|p1a: Raging Bolt|Raging Bolt|20/100
|-damage|p1a: Raging Bolt|8/100|[from] Stealth Rock
|turn|24
|
|t:|1760890425
|move|p1a: Raging Bolt|Thunderclap|p2a: Heatran
|-damage|p2a: Heatran|0 fnt
|faint|p2a: Heatran
|
|-heal|p1a: Raging Bolt|14/100|[from] item: Leftovers
|upkeep
|
|t:|1760890428
|switch|p2a: Primarina|Primarina, M|100/100
|-activate|p2a: Primarina|move: Sticky Web
|-unboost|p2a: Primarina|spe|1
|turn|25
|
|t:|1760890435
|move|p2a: Primarina|Ice Beam|p1a: Raging Bolt
|-supereffective|p1a: Raging Bolt
|-damage|p1a: Raging Bolt|0 fnt
|faint|p1a: Raging Bolt
|-end|p1a: Raging Bolt|Protosynthesis|[silent]
|
|upkeep
|
|t:|1760890438
|switch|p1a: Articuno|Articuno-Galar|75/100
|-damage|p1a: Articuno|50/100|[from] Stealth Rock
|turn|26
|
|t:|1760890444
|move|p1a: Articuno|Hurricane|p2a: Primarina|[miss]
|-miss|p1a: Articuno|p2a: Primarina
|move|p2a: Primarina|Ice Beam|p1a: Articuno
|-supereffective|p1a: Articuno
|-damage|p1a: Articuno|0 fnt
|faint|p1a: Articuno
|
|win|best_fighter_euw
|raw|Toed Rose's rating: 1230 &rarr; <strong>1207</strong><br />(-23 for losing)
|raw|best_fighter_euw's rating: 1252 &rarr; <strong>1275</strong><br />(+23 for winning)
|l|☆Toed Rose
|player|p1|
|l|☆best_fighter_euw
|player|p2|
