|j|☆Mondeydoo
|j|☆phrugsqueek
|t:|1760850286
|gametype|singles
|player|p1|Mondeydoo|hoopster|1127
|player|p2|phrugsqueek|psychicf-gen4|1169
|gen|9
|tier|[Gen 9] OU
|rated|
|rule|HP Percentage Mod: HP is shown in percentages
|rule|Endless Battle Clause: Forcing endless battles is banned
|rule|Species Clause: Limit one of each Pokémon
|rule|OHKO Clause: OHKO moves are banned
|rule|Evasion Items Clause: Evasion items are banned
|rule|Evasion Moves Clause: Evasion moves are banned
|rule|Evasion Abilities Clause: Evasion abilities are banned
|rule|Sleep Moves Clause: Sleep-inducing moves are banned
|clearpoke
|poke|p1|Dragonite, F|
|poke|p1|Deoxys-Speed|
|poke|p1|Rhydon, F|
|poke|p1|Tornadus-Therian, M|
|poke|p1|Muk, F|
|poke|p1|Heatran, F|
|poke|p2|Azumarill, F|
|poke|p2|Garganacl, M|
|poke|p2|Polteageist|
|poke|p2|Swalot, F|
|poke|p2|Hitmonchan, M|
|poke|p2|Whiscash, M|
|teampreview
|inactive|Battle timer is ON: inactive players will automatically lose when time's up. (requested by phrugsqueek)
|
|t:|1760850294
|teamsize|p1|6
|teamsize|p2|6
|start
|switch|p1a: Heatran|Heatran, F, shiny|100/100
|switch|p2a: Whiscash|Whiscash, M|100/100
|turn|1
|
|t:|1760850304
|switch|p1a: Tornadus|Tornadus-Therian, M, shiny|100/100
|move|p2a: Whiscash|Dragon Dance|p2a: Whiscash
|-boost|p2a: Whiscash|atk|1
|-boost|p2a: Whiscash|spe|1
|
|upkeep
|turn|2
|
|t:|1760850314
|move|p1a: Tornadus|Bleakwind Storm|p2a: Whiscash
|-damage|p2a: Whiscash|23/100
|-unboost|p2a: Whiscash|spe|1
|move|p2a: Whiscash|Stealth Rock|p1a: Tornadus
|-sidestart|p1: Mondeydoo|move: Stealth Rock
|
|upkeep
|turn|3
|
|t:|1760850321
|move|p1a: Tornadus|Bleakwind Storm|p2a: Whiscash
|-damage|p2a: Whiscash|0 fnt
|faint|p2a: Whiscash
|
|upkeep
|
|t:|1760850342
|switch|p2a: Swalot|Swalot, F|100/100
|turn|4
|
|t:|1760850350
|switch|p1a: Heatran|Heatran, F, shiny|100/100
|-damage|p1a: Heatran|88/100|[from] Stealth Rock
|move|p2a: Swalot|Stuff Cheeks|p2a: Swalot
|-boost|p2a: Swalot|def|2
|-enditem|p2a: Swalot|Starf Berry|[eat]
|-boost|p2a: Swalot|spd|2|[from] item: Starf Berry
|
|-heal|p1a: Heatran|94/100|[from] item: Leftovers
|upkeep
|turn|5
|l|☆Mondeydoo
|inactive|Mondeydoo disconnected and has a minute to reconnect!
|player|p1|
|j|☆Mondeydoo
|inactive|Mondeydoo reconnected and has 130 seconds left.
|player|p1|Mondeydoo|hoopster|
|
|t:|1760850375
|move|p1a: Heatran|Magma Storm|p2a: Swalot
|-damage|p2a: Swalot|79/100
|-activate|p2a: Swalot|move: Magma Storm|[of] p1a: Heatran
|move|p2a: Swalot|Body Press|p1a: Heatran
|-supereffective|p1a: Heatran
|-damage|p1a: Heatran|16/100
|
|-heal|p1a: Heatran|22/100|[from] item: Leftovers
|-damage|p2a: Swalot|67/100|[from] move: Magma Storm|[partiallytrapped]
|upkeep
|turn|6
|
|t:|1760850386
|move|p1a: Heatran|Protect|p1a: Heatran
|-singleturn|p1a: Heatran|Protect
|move|p2a: Swalot|Body Press|p1a: Heatran
|-activate|p1a: Heatran|move: Protect
|
|-heal|p1a: Heatran|28/100|[from] item: Leftovers
|-damage|p2a: Swalot|54/100|[from] move: Magma Storm|[partiallytrapped]
|upkeep
|turn|7
|
|t:|1760850395
|move|p1a: Heatran|Dig||[still]
|-prepare|p1a: Heatran|Dig
|move|p2a: Swalot|Body Press|p1a: Heatran|[miss]
|-miss|p2a: Swalot|p1a: Heatran
|
|-heal|p1a: Heatran|34/100|[from] item: Leftovers
|-damage|p2a: Swalot|42/100|[from] move: Magma Storm|[partiallytrapped]
|upkeep
|turn|8
|
|t:|1760850409
|-terastallize|p2a: Swalot|Flying
|move|p1a: Heatran|Dig|p2a: Swalot|[from] lockedmove
|-immune|p2a: Swalot
|move|p2a: Swalot|Body Press|p1a: Heatran
|-supereffective|p1a: Heatran
|-crit|p1a: Heatran
|-damage|p1a: Heatran|0 fnt
|faint|p1a: Heatran
|
|-end|p2a: Swalot|Magma Storm|[partiallytrapped]|[silent]
|upkeep
|
|t:|1760850422
|switch|p1a: Deoxys|Deoxys-Speed, shiny|100/100
|-damage|p1a: Deoxys|88/100|[from] Stealth Rock
|-ability|p1a: Deoxys|Pressure
|turn|9
|
|t:|1760850428
|move|p1a: Deoxys|Nasty Plot|p1a: Deoxys
|-boost|p1a: Deoxys|spa|2
|move|p2a: Swalot|Thief|p1a: Deoxys
|-supereffective|p1a: Deoxys
|-damage|p1a: Deoxys|58/100
|-enditem|p1a: Deoxys|Focus Sash|[silent]|[from] move: Thief|[of] p2a: Swalot
|-item|p2a: Swalot|Focus Sash|[from] move: Thief|[of] p1a: Deoxys
|
|upkeep
|turn|10
|
|t:|1760850438
|move|p1a: Deoxys|Psybeam|p2a: Swalot
|-damage|p2a: Swalot|11/100
|move|p2a: Swalot|Thief|p1a: Deoxys
|-supereffective|p1a: Deoxys
|-damage|p1a: Deoxys|29/100
|
|upkeep
|turn|11
|
|t:|1760850445
|move|p1a: Deoxys|Psybeam|p2a: Swalot
|-damage|p2a: Swalot|0 fnt
|faint|p2a: Swalot
|
|upkeep
|
|t:|1760850453
|switch|p2a: Polteageist|Polteageist|100/100
|turn|12
|
|t:|1760850458
|move|p1a: Deoxys|Icy Wind|p2a: Polteageist
|-damage|p2a: Polteageist|59/100
|-unboost|p2a: Polteageist|spe|1
|move|p2a: Polteageist|Shell Smash|p2a: Polteageist
|-unboost|p2a: Polteageist|def|1
|-unboost|p2a: Polteageist|spd|1
|-boost|p2a: Polteageist|atk|2
|-boost|p2a: Polteageist|spa|2
|-boost|p2a: Polteageist|spe|2
|
|upkeep
|turn|13
|
|t:|1760850471
|move|p1a: Deoxys|Psybeam|p2a: Polteageist
|-damage|p2a: Polteageist|0 fnt
|faint|p2a: Polteageist
|
|upkeep
|
|t:|1760850477
|switch|p2a: Garganacl|Garganacl, M|100/100
|turn|14
|
|t:|1760850491
|move|p1a: Deoxys|Psybeam|p2a: Garganacl
|-damage|p2a: Garganacl|43/100
|move|p2a: Garganacl|Salt Cure|p1a: Deoxys
|-damage|p1a: Deoxys|4/100
|-start|p1a: Deoxys|Salt Cure
|
|-damage|p1a: Deoxys|0 fnt|[from] Salt Cure
|faint|p1a: Deoxys
|upkeep
|
|t:|1760850503
|switch|p1a: Rhydon|Rhydon, F, shiny|100/100
|-damage|p1a: Rhydon|94/100|[from] Stealth Rock
|turn|15
|
|t:|1760850510
|move|p1a: Rhydon|Curse|p1a: Rhydon
|-unboost|p1a: Rhydon|spe|1
|-boost|p1a: Rhydon|atk|1
|-boost|p1a: Rhydon|def|1
|move|p2a: Garganacl|Recover|p2a: Garganacl
|-heal|p2a: Garganacl|93/100
|
|upkeep
|turn|16
|
|t:|1760850519
|move|p2a: Garganacl|Salt Cure|p1a: Rhydon
|-resisted|p1a: Rhydon
|-damage|p1a: Rhydon|92/100
|-start|p1a: Rhydon|Salt Cure
|move|p1a: Rhydon|Curse|p1a: Rhydon
|-unboost|p1a: Rhydon|spe|1
|-boost|p1a: Rhydon|atk|1
|-boost|p1a: Rhydon|def|1
|
|-damage|p1a: Rhydon|80/100|[from] Salt Cure
|upkeep
|turn|17
|
|t:|1760850529
|move|p2a: Garganacl|Curse|p2a: Garganacl
|-unboost|p2a: Garganacl|spe|1
|-boost|p2a: Garganacl|atk|1
|-boost|p2a: Garganacl|def|1
|move|p1a: Rhydon|Curse|p1a: Rhydon
|-unboost|p1a: Rhydon|spe|1
|-boost|p1a: Rhydon|atk|1
|-boost|p1a: Rhydon|def|1
|
|-damage|p1a: Rhydon|68/100|[from] Salt Cure
|upkeep
|turn|18
|
|t:|1760850540
|move|p2a: Garganacl|Curse|p2a: Garganacl
|-unboost|p2a: Garganacl|spe|1
|-boost|p2a: Garganacl|atk|1
|-boost|p2a: Garganacl|def|1
|move|p1a: Rhydon|Curse|p1a: Rhydon
|-unboost|p1a: Rhydon|spe|1
|-boost|p1a: Rhydon|atk|1
|-boost|p1a: Rhydon|def|1
|
|-damage|p1a: Rhydon|55/100|[from] Salt Cure
|upkeep
|turn|19
|
|t:|1760850554
|move|p2a: Garganacl|Curse|p2a: Garganacl
|-unboost|p2a: Garganacl|spe|1
|-boost|p2a: Garganacl|atk|1
|-boost|p2a: Garganacl|def|1
|move|p1a: Rhydon|Curse|p1a: Rhydon
|-unboost|p1a: Rhydon|spe|1
|-boost|p1a: Rhydon|atk|1
|-boost|p1a: Rhydon|def|1
|
|-damage|p1a: Rhydon|43/100|[from] Salt Cure
|upkeep
|turn|20
|
|t:|1760850565
|move|p2a: Garganacl|Salt Cure|p1a: Rhydon
|-resisted|p1a: Rhydon
|-damage|p1a: Rhydon|40/100
|move|p1a: Rhydon|Rest|p1a: Rhydon
|-status|p1a: Rhydon|slp|[from] move: Rest
|-heal|p1a: Rhydon|100/100 slp|[silent]
|
|-damage|p1a: Rhydon|88/100 slp|[from] Salt Cure
|upkeep
|turn|21
|
|t:|1760850581
|move|p2a: Garganacl|Salt Cure|p1a: Rhydon
|-resisted|p1a: Rhydon
|-damage|p1a: Rhydon|86/100 slp
|cant|p1a: Rhydon|slp
|move|p1a: Rhydon|Sleep Talk|p1a: Rhydon
|move|p1a: Rhydon|Stone Edge|p2a: Garganacl|[from] move: Sleep Talk|[miss]
|-miss|p1a: Rhydon|p2a: Garganacl
|
|-damage|p1a: Rhydon|74/100 slp|[from] Salt Cure
|upkeep
|turn|22
|
|t:|1760850594
|move|p2a: Garganacl|Salt Cure|p1a: Rhydon
|-resisted|p1a: Rhydon
|-damage|p1a: Rhydon|71/100 slp
|cant|p1a: Rhydon|slp
|move|p1a: Rhydon|Sleep Talk|p1a: Rhydon
|move|p1a: Rhydon|Curse|p1a: Rhydon|[from] move: Sleep Talk
|-unboost|p1a: Rhydon|spe|1
|-boost|p1a: Rhydon|atk|1
|-boost|p1a: Rhydon|def|1
|
|-damage|p1a: Rhydon|59/100 slp|[from] Salt Cure
|upkeep
|turn|23
|
|t:|1760850610
|move|p2a: Garganacl|Salt Cure|p1a: Rhydon
|-resisted|p1a: Rhydon
|-damage|p1a: Rhydon|56/100 slp
|-curestatus|p1a: Rhydon|slp|[msg]
|move|p1a: Rhydon|Stone Edge|p2a: Garganacl
|-damage|p2a: Garganacl|56/100
|
|-damage|p1a: Rhydon|44/100|[from] Salt Cure
|upkeep
|turn|24
|
|t:|1760850622
|move|p2a: Garganacl|Recover|p2a: Garganacl
|-heal|p2a: Garganacl|100/100
|move|p1a: Rhydon|Stone Edge|p2a: Garganacl|[miss]
|-miss|p1a: Rhydon|p2a: Garganacl
|
|-damage|p1a: Rhydon|32/100|[from] Salt Cure
|upkeep
|turn|25
|
|t:|1760850632
|move|p2a: Garganacl|Salt Cure|p1a: Rhydon
|-resisted|p1a: Rhydon
|-damage|p1a: Rhydon|29/100
|move|p1a: Rhydon|Rest|p1a: Rhydon
|-status|p1a: Rhydon|slp|[from] move: Rest
|-heal|p1a: Rhydon|100/100 slp|[silent]
|
|-damage|p1a: Rhydon|88/100 slp|[from] Salt Cure
|upkeep
|turn|26
|
|t:|1760850647
|switch|p2a: Azumarill|Azumarill, F|100/100
|cant|p1a: Rhydon|slp
|move|p1a: Rhydon|Sleep Talk|p1a: Rhydon
|move|p1a: Rhydon|Curse|p1a: Rhydon|[from] move: Sleep Talk
|
|-damage|p1a: Rhydon|76/100 slp|[from] Salt Cure
|upkeep
|turn|27
|
|t:|1760850661
|move|p2a: Azumarill|Belly Drum|p2a: Azumarill
|-damage|p2a: Azumarill|51/100
|-setboost|p2a: Azumarill|atk|6|[from] move: Belly Drum
|cant|p1a: Rhydon|slp
|move|p1a: Rhydon|Sleep Talk|p1a: Rhydon
|move|p1a: Rhydon|Stone Edge|p2a: Azumarill|[from] move: Sleep Talk|[miss]
|-miss|p1a: Rhydon|p2a: Azumarill
|
|-damage|p1a: Rhydon|64/100 slp|[from] Salt Cure
|upkeep
|turn|28
|
|t:|1760850679
|-terastallize|p1a: Rhydon|Flying
|move|p2a: Azumarill|Aqua Jet|p1a: Rhydon
|-damage|p1a: Rhydon|53/100 slp
|-curestatus|p1a: Rhydon|slp|[msg]
|move|p1a: Rhydon|Stone Edge|p2a: Azumarill|[miss]
|-miss|p1a: Rhydon|p2a: Azumarill
|
|-damage|p1a: Rhydon|41/100|[from] Salt Cure
|upkeep
|turn|29
|
|t:|1760850690
|move|p2a: Azumarill|Ice Punch|p1a: Rhydon
|-supereffective|p1a: Rhydon
|-damage|p1a: Rhydon|15/100
|move|p1a: Rhydon|Stone Edge|p2a: Azumarill
|-damage|p2a: Azumarill|0 fnt
|faint|p2a: Azumarill
|
|-damage|p1a: Rhydon|3/100|[from] Salt Cure
|upkeep
|
|t:|1760850708
|switch|p2a: Garganacl|Garganacl, M|100/100
|turn|30
|
|t:|1760850711
|move|p2a: Garganacl|Salt Cure|p1a: Rhydon
|-supereffective|p1a: Rhydon
|-damage|p1a: Rhydon|0 fnt
|faint|p1a: Rhydon
|
|upkeep
|
|t:|1760850720
|switch|p1a: Tornadus|Tornadus-Therian, M, shiny|100/100
|-damage|p1a: Tornadus|75/100|[from] Stealth Rock
|turn|31
|
|t:|1760850726
|move|p1a: Tornadus|Focus Blast|p2a: Garganacl
|-supereffective|p2a: Garganacl
|-damage|p2a: Garganacl|0 fnt
|faint|p2a: Garganacl
|
|upkeep
|
|t:|1760850732
|switch|p2a: Hitmonchan|Hitmonchan, M|100/100
|turn|32
|
|t:|1760850738
|switch|p1a: Muk|Muk, F, shiny|100/100
|-damage|p1a: Muk|88/100|[from] Stealth Rock
|move|p2a: Hitmonchan|Throat Chop|p1a: Muk
|-damage|p1a: Muk|68/100
|-start|p1a: Muk|Throat Chop|[silent]
|
|-heal|p1a: Muk|74/100|[from] item: Black Sludge
|upkeep
|turn|33
|
|t:|1760850748
|move|p2a: Hitmonchan|Bulk Up|p2a: Hitmonchan
|-boost|p2a: Hitmonchan|atk|1
|-boost|p2a: Hitmonchan|def|1
|move|p1a: Muk|Toxic|p2a: Hitmonchan
|-status|p2a: Hitmonchan|tox
|
|-heal|p1a: Muk|80/100|[from] item: Black Sludge
|-damage|p2a: Hitmonchan|94/100 tox|[from] psn
|-end|p1a: Muk|Throat Chop|[silent]
|upkeep
|turn|34
|
|t:|1760850758
|move|p2a: Hitmonchan|Rapid Spin|p1a: Muk
|-damage|p1a: Muk|61/100
|-boost|p2a: Hitmonchan|spe|1
|move|p1a: Muk|Knock Off|p2a: Hitmonchan
|-resisted|p2a: Hitmonchan
|-damage|p2a: Hitmonchan|83/100 tox
|-enditem|p2a: Hitmonchan|Leftovers|[from] move: Knock Off|[of] p1a: Muk
|
|-heal|p1a: Muk|67/100|[from] item: Black Sludge
|-damage|p2a: Hitmonchan|70/100 tox|[from] psn
|upkeep
|turn|35
|
|t:|1760850770
|move|p2a: Hitmonchan|Rapid Spin|p1a: Muk
|-damage|p1a: Muk|46/100
|-boost|p2a: Hitmonchan|spe|1
|move|p1a: Muk|Pain Split|p2a: Hitmonchan
|-sethp|p2a: Hitmonchan|74/100 tox|[from] move: Pain Split|[silent]
|-sethp|p1a: Muk|43/100|[from] move: Pain Split
|
|-heal|p1a: Muk|50/100|[from] item: Black Sludge
|-damage|p2a: Hitmonchan|56/100 tox|[from] psn
|upkeep
|turn|36
|
|t:|1760850781
|move|p2a: Hitmonchan|Drain Punch|p1a: Muk
|-resisted|p1a: Muk
|-damage|p1a: Muk|29/100
|-heal|p2a: Hitmonchan|74/100 tox|[from] drain|[of] p1a: Muk
|move|p1a: Muk|Pain Split|p2a: Hitmonchan
|-sethp|p2a: Hitmonchan|61/100 tox|[from] move: Pain Split|[silent]
|-sethp|p1a: Muk|36/100|[from] move: Pain Split
|
|-heal|p1a: Muk|42/100|[from] item: Black Sludge
|-damage|p2a: Hitmonchan|36/100 tox|[from] psn
|upkeep
|turn|37
|
|t:|1760850793
|move|p2a: Hitmonchan|Bulk Up|p2a: Hitmonchan
|-boost|p2a: Hitmonchan|atk|1
|-boost|p2a: Hitmonchan|def|1
|move|p1a: Muk|Pain Split|p2a: Hitmonchan
|-sethp|p2a: Hitmonchan|54/100 tox|[from] move: Pain Split|[silent]
|-sethp|p1a: Muk|31/100|[from] move: Pain Split
|
|-heal|p1a: Muk|37/100|[from] item: Black Sludge
|-damage|p2a: Hitmonchan|22/100 tox|[from] psn
|upkeep
|turn|38
|
|t:|1760850804
|move|p2a: Hitmonchan|Drain Punch|p1a: Muk
|-resisted|p1a: Muk
|-damage|p1a: Muk|9/100
|-heal|p2a: Hitmonchan|47/100 tox|[from] drain|[of] p1a: Muk
|move|p1a: Muk|Pain Split|p2a: Hitmonchan
|-sethp|p2a: Hitmonchan|31/100 tox|[from] move: Pain Split|[silent]
|-sethp|p1a: Muk|18/100|[from] move: Pain Split
|
|-heal|p1a: Muk|24/100|[from] item: Black Sludge
|-damage|p2a: Hitmonchan|0 fnt|[from] psn
|faint|p2a: Hitmonchan
|
|win|Mondeydoo
|raw|Mondeydoo's rating: 1127 &rarr; <strong>1155</strong><br />(+28 for winning)
|raw|phrugsqueek's rating: 1169 &rarr; <strong>1141</strong><br />(-28 for losing)
|l|☆phrugsqueek
|player|p2|
|l|☆Mondeydoo
|player|p1|
