|j|☆WingedOnion
|j|☆UnfinishedSymphony
|t:|1760853479
|gametype|singles
|player|p1|WingedOnion|266|1441
|player|p2|UnfinishedSymphony|cowgirl|1541
|gen|9
|tier|[Gen 9] OU
|rated|
|rule|HP Percentage Mod: HP is shown in percentages
|rule|Endless Battle Clause: Forcing endless battles is banned
|rule|Species Clause: Limit one of each Pokémon
|rule|OHKO Clause: OHKO moves are banned
|rule|Evasion Items Clause: Evasion items are banned
|rule|Evasion Moves Clause: Evasion moves are banned
|rule|Evasion Abilities Clause: Evasion abilities are banned
|rule|Sleep Moves Clause: Sleep-inducing moves are banned
|clearpoke
|poke|p1|Great Tusk|
|poke|p1|Tornadus-Therian, M|
|poke|p1|Raging Bolt|
|poke|p1|Slowking-Galar, F|
|poke|p1|Hoopa-Unbound|
|poke|p1|Clefable, M|
|poke|p2|Reuniclus, F|
|poke|p2|Kingambit, M|
|poke|p2|Ogerpon-Wellspring, F|
|poke|p2|Landorus-Therian, M|
|poke|p2|Iron Valiant|
|poke|p2|Cinderace, F|
|teampreview
|inactive|Battle timer is ON: inactive players will automatically lose when time's up. (requested by WingedOnion)
|inactive|WingedOnion has 120 seconds left.
|
|t:|1760853520
|teamsize|p1|6
|teamsize|p2|6
|start
|switch|p1a: Tornadus|Tornadus-Therian, M|100/100
|switch|p2a: Iron Valiant|Iron Valiant|100/100
|turn|1
|
|t:|1760853531
|-end|p2a: Iron Valiant|Quark Drive|[silent]
|switch|p2a: Cinderace|Cinderace, F|100/100
|move|p1a: Tornadus|Bleakwind Storm|p2a: Cinderace
|-damage|p2a: Cinderace|49/100
|
|upkeep
|turn|2
|
|t:|1760853536
|move|p1a: Tornadus|Bleakwind Storm|p2a: Cinderace
|-damage|p2a: Cinderace|0 fnt
|faint|p2a: Cinderace
|
|upkeep
|
|t:|1760853541
|switch|p2a: Reuniclus|Reuniclus, F|100/100
|turn|3
|
|t:|1760853543
|move|p1a: Tornadus|Knock Off|p2a: Reuniclus
|-supereffective|p2a: Reuniclus
|-damage|p2a: Reuniclus|62/100
|-enditem|p2a: Reuniclus|Life Orb|[from] move: Knock Off|[of] p1a: Tornadus
|move|p2a: Reuniclus|Trick Room|p2a: Reuniclus
|-fieldstart|move: Trick Room|[of] p2a: Reuniclus
|
|upkeep
|turn|4
|
|t:|1760853547
|move|p2a: Reuniclus|Psychic Noise|p1a: Tornadus
|-damage|p1a: Tornadus|60/100
|-start|p1a: Tornadus|move: Heal Block
|move|p1a: Tornadus|U-turn|p2a: Reuniclus
|-supereffective|p2a: Reuniclus
|-damage|p2a: Reuniclus|33/100
|
|t:|1760853560
|switch|p1a: Slowking|Slowking-Galar, F|100/100|[from] U-turn
|
|upkeep
|turn|5
|
|t:|1760853563
|switch|p1a: Tornadus|Tornadus-Therian, M|94/100
|move|p2a: Reuniclus|Shadow Ball|p1a: Tornadus
|-damage|p1a: Tornadus|63/100
|
|upkeep
|turn|6
|
|t:|1760853566
|switch|p1a: Slowking|Slowking-Galar, F|100/100
|move|p2a: Reuniclus|Psychic Noise|p1a: Slowking
|-damage|p1a: Slowking|74/100
|-start|p1a: Slowking|move: Heal Block
|
|upkeep
|turn|7
|
|t:|1760853570
|switch|p1a: Tornadus|Tornadus-Therian, M|97/100
|move|p2a: Reuniclus|Shadow Ball|p1a: Tornadus
|-damage|p1a: Tornadus|65/100
|
|-fieldend|move: Trick Room
|upkeep
|turn|8
|-message|UnfinishedSymphony forfeited.
|
|win|WingedOnion
|raw|WingedOnion's rating: 1441 &rarr; <strong>1467</strong><br />(+26 for winning)
|raw|UnfinishedSymphony's rating: 1541 &rarr; <strong>1515</strong><br />(-26 for losing)
|l|☆UnfinishedSymphony
|player|p2|
|l|☆WingedOnion
|player|p1|
