|j|☆daveyboy8796
|j|☆khanhmanhnhat
|t:|1760757643
|gametype|singles
|player|p1|daveyboy8796|gentleman-gen4|1113
|player|p2|khanhmanhnhat|1|1091
|gen|9
|tier|[Gen 9] OU
|rated|
|rule|HP Percentage Mod: HP is shown in percentages
|rule|Endless Battle Clause: Forcing endless battles is banned
|rule|Species Clause: Limit one of each Pokémon
|rule|OHKO Clause: OHKO moves are banned
|rule|Evasion Items Clause: Evasion items are banned
|rule|Evasion Moves Clause: Evasion moves are banned
|rule|Evasion Abilities Clause: Evasion abilities are banned
|rule|Sleep Moves Clause: Sleep-inducing moves are banned
|clearpoke
|poke|p1|Spidops, F|
|poke|p1|Kilowattrel, F|
|poke|p1|Dragonite, M|
|poke|p1|Palossand, F|
|poke|p1|Blastoise, F|
|poke|p1|Glimmora, M|
|poke|p2|Sableye, M|
|poke|p2|Conkeldurr, M|
|poke|p2|Grimmsnarl, M|
|poke|p2|Gholdengo|
|poke|p2|Araquanid, M|
|poke|p2|Scizor, F|
|teampreview
|
|t:|1760757657
|teamsize|p1|6
|teamsize|p2|6
|start
|switch|p1a: Glimmora|Glimmora, M|100/100
|switch|p2a: Grimmsnarl|Grimmsnarl, M|100/100
|-item|p1a: Glimmora|Air Balloon
|turn|1
|
|t:|1760757678
|move|p2a: Grimmsnarl|Reflect|p2a: Grimmsnarl
|-sidestart|p2: khanhmanhnhat|Reflect
|move|p1a: Glimmora|Stealth Rock|p2a: Grimmsnarl
|-sidestart|p2: khanhmanhnhat|move: Stealth Rock
|
|upkeep
|turn|2
|
|t:|1760757693
|move|p2a: Grimmsnarl|Light Screen|p2a: Grimmsnarl
|-sidestart|p2: khanhmanhnhat|move: Light Screen
|move|p1a: Glimmora|Spikes|p2a: Grimmsnarl
|-sidestart|p2: khanhmanhnhat|Spikes
|
|upkeep
|turn|3
|
|t:|1760757697
|move|p2a: Grimmsnarl|Parting Shot|p1a: Glimmora
|-unboost|p1a: Glimmora|atk|1
|-unboost|p1a: Glimmora|spa|1
|
|t:|1760757701
|switch|p2a: Scizor|Scizor, F|100/100|[from] Parting Shot
|move|p1a: Glimmora|Spikes|p2a: Scizor
|-sidestart|p2: khanhmanhnhat|Spikes
|
|upkeep
|turn|4
|
|t:|1760757706
|move|p1a: Glimmora|Spikes|p2a: Scizor
|-sidestart|p2: khanhmanhnhat|Spikes
|move|p2a: Scizor|Defog|p1a: Glimmora
|-unboost|p1a: Glimmora|evasion|1
|-sideend|p2: khanhmanhnhat|Spikes|[from] move: Defog|[of] p2a: Scizor
|-sideend|p2: khanhmanhnhat|Stealth Rock|[from] move: Defog|[of] p2a: Scizor
|
|upkeep
|turn|5
|
|t:|1760757712
|move|p2a: Scizor|Bullet Punch|p1a: Glimmora
|-supereffective|p1a: Glimmora
|-damage|p1a: Glimmora|34/100
|-activate|p1a: Glimmora|ability: Toxic Debris
|-sidestart|p2: khanhmanhnhat|move: Toxic Spikes
|-enditem|p1a: Glimmora|Air Balloon
|move|p1a: Glimmora|Power Gem|p2a: Scizor
|-damage|p2a: Scizor|86/100
|
|upkeep
|turn|6
|
|t:|1760757732
|switch|p1a: TinyWings|Dragonite, M|100/100
|move|p2a: Scizor|Bullet Punch|p1a: TinyWings
|-crit|p1a: TinyWings
|-damage|p1a: TinyWings|74/100
|
|upkeep
|turn|7
|
|t:|1760757741
|move|p1a: TinyWings|Flamethrower|p2a: Scizor
|-supereffective|p2a: Scizor
|-damage|p2a: Scizor|0 fnt
|faint|p2a: Scizor
|
|upkeep
|
|t:|1760757746
|switch|p2a: Sableye|Sableye, M|100/100
|-status|p2a: Sableye|psn
|turn|8
|
|t:|1760757751
|move|p2a: Sableye|Will-O-Wisp|p1a: TinyWings
|-status|p1a: TinyWings|brn
|move|p1a: TinyWings|Flamethrower|p2a: Sableye
|-damage|p2a: Sableye|69/100 psn
|
|-heal|p2a: Sableye|75/100 psn|[from] item: Leftovers
|-damage|p2a: Sableye|63/100 psn|[from] psn
|-damage|p1a: TinyWings|68/100 brn|[from] brn
|-sideend|p2: khanhmanhnhat|Reflect
|upkeep
|turn|9
|
|t:|1760757763
|move|p1a: TinyWings|Flamethrower|p2a: Sableye
|-damage|p2a: Sableye|27/100 psn
|move|p2a: Sableye|Foul Play|p1a: TinyWings
|-crit|p1a: TinyWings
|-damage|p1a: TinyWings|10/100 brn
|
|-heal|p2a: Sableye|34/100 psn|[from] item: Leftovers
|-damage|p2a: Sableye|21/100 psn|[from] psn
|-damage|p1a: TinyWings|4/100 brn|[from] brn
|-sideend|p2: khanhmanhnhat|move: Light Screen
|upkeep
|turn|10
|
|t:|1760757777
|switch|p1a: Glimmora|Glimmora, M|34/100
|move|p2a: Sableye|Recover|p2a: Sableye
|-heal|p2a: Sableye|71/100 psn
|
|-heal|p2a: Sableye|77/100 psn|[from] item: Leftovers
|-damage|p2a: Sableye|65/100 psn|[from] psn
|upkeep
|turn|11
|
|t:|1760757788
|move|p2a: Sableye|Will-O-Wisp|p1a: Glimmora
|-status|p1a: Glimmora|brn
|move|p1a: Glimmora|Stealth Rock|p2a: Sableye
|-sidestart|p2: khanhmanhnhat|move: Stealth Rock
|
|-heal|p2a: Sableye|71/100 psn|[from] item: Leftovers
|-damage|p2a: Sableye|59/100 psn|[from] psn
|-damage|p1a: Glimmora|28/100 brn|[from] brn
|upkeep
|turn|12
|
|t:|1760757805
|switch|p1a: Spidops|Spidops, F|100/100
|move|p2a: Sableye|Encore||[still]
|-fail|p2a: Sableye
|
|-heal|p2a: Sableye|65/100 psn|[from] item: Leftovers
|-damage|p2a: Sableye|52/100 psn|[from] psn
|upkeep
|turn|13
|
|t:|1760757812
|move|p2a: Sableye|Foul Play|p1a: Spidops
|-damage|p1a: Spidops|53/100
|move|p1a: Spidops|Sticky Web|p2a: Sableye
|-sidestart|p2: khanhmanhnhat|move: Sticky Web
|
|-heal|p2a: Sableye|59/100 psn|[from] item: Leftovers
|-damage|p2a: Sableye|46/100 psn|[from] psn
|upkeep
|turn|14
|
|t:|1760757821
|switch|p1a: Donatello|Blastoise, F|100/100
|move|p2a: Sableye|Encore||[still]
|-fail|p2a: Sableye
|
|-heal|p2a: Sableye|52/100 psn|[from] item: Leftovers
|-damage|p2a: Sableye|40/100 psn|[from] psn
|upkeep
|turn|15
|
|t:|1760757830
|move|p2a: Sableye|Recover|p2a: Sableye
|-heal|p2a: Sableye|90/100 psn
|move|p1a: Donatello|Liquidation|p2a: Sableye
|-damage|p2a: Sableye|51/100 psn
|-unboost|p2a: Sableye|def|1
|
|-heal|p2a: Sableye|58/100 psn|[from] item: Leftovers
|-damage|p2a: Sableye|45/100 psn|[from] psn
|upkeep
|turn|16
|
|t:|1760757840
|switch|p2a: Conkeldurr|Conkeldurr, M|100/100
|-status|p2a: Conkeldurr|psn
|-damage|p2a: Conkeldurr|94/100 psn|[from] Stealth Rock
|-activate|p2a: Conkeldurr|move: Sticky Web
|-unboost|p2a: Conkeldurr|spe|1
|move|p1a: Donatello|Liquidation|p2a: Conkeldurr
|-damage|p2a: Conkeldurr|65/100 psn
|
|-damage|p2a: Conkeldurr|52/100 psn|[from] psn
|upkeep
|turn|17
|
|t:|1760757852
|switch|p1a: Glimmora|Glimmora, M|28/100 brn
|move|p2a: Conkeldurr|Drain Punch|p1a: Glimmora
|-damage|p1a: Glimmora|0 fnt
|-heal|p2a: Conkeldurr|65/100 psn|[from] drain|[of] p1a: Glimmora
|-activate|p1a: Glimmora|ability: Toxic Debris
|-sidestart|p2: khanhmanhnhat|move: Toxic Spikes
|faint|p1a: Glimmora
|
|-damage|p2a: Conkeldurr|52/100 psn|[from] psn
|upkeep
|
|t:|1760757862
|switch|p1a: PocketSand|Palossand, F, shiny|100/100
|turn|18
|
|t:|1760757870
|move|p1a: PocketSand|Shadow Ball|p2a: Conkeldurr
|-damage|p2a: Conkeldurr|18/100 psn
|-unboost|p2a: Conkeldurr|spd|1
|move|p2a: Conkeldurr|Knock Off|p1a: PocketSand
|-supereffective|p1a: PocketSand
|-damage|p1a: PocketSand|30/100
|-damage|p2a: Conkeldurr|1/100 psn|[from] item: Rocky Helmet|[of] p1a: PocketSand
|-enditem|p1a: PocketSand|Rocky Helmet|[from] move: Knock Off|[of] p2a: Conkeldurr
|
|-damage|p2a: Conkeldurr|0 fnt|[from] psn
|faint|p2a: Conkeldurr
|upkeep
|-message|khanhmanhnhat forfeited.
|
|win|daveyboy8796
|raw|daveyboy8796's rating: 1113 &rarr; <strong>1136</strong><br />(+23 for winning)
|raw|khanhmanhnhat's rating: 1091 &rarr; <strong>1069</strong><br />(-22 for losing)
|l|☆khanhmanhnhat
|player|p2|
|l|☆daveyboy8796
|player|p1|
