|j|☆ykykp
|j|☆ohko by scald
|t:|1760863804
|gametype|singles
|player|p1|ykykp|170|1457
|player|p2|ohko by scald|roxie-masters|1526
|gen|9
|tier|[Gen 9] OU
|rated|
|rule|HP Percentage Mod: HP is shown in percentages
|rule|Endless Battle Clause: Forcing endless battles is banned
|rule|Species Clause: Limit one of each Pokémon
|rule|OHKO Clause: OHKO moves are banned
|rule|Evasion Items Clause: Evasion items are banned
|rule|Evasion Moves Clause: Evasion moves are banned
|rule|Evasion Abilities Clause: Evasion abilities are banned
|rule|Sleep Moves Clause: Sleep-inducing moves are banned
|clearpoke
|poke|p1|Gardevoir, F|
|poke|p1|Sylveon, M|
|poke|p1|Maushold-Four|
|poke|p1|Deoxys-Speed|
|poke|p1|Iron Moth|
|poke|p1|Dragonite, M|
|poke|p2|Great Tusk|
|poke|p2|Raging Bolt|
|poke|p2|Iron Valiant|
|poke|p2|Dudunsparce-*, F|
|poke|p2|Latios, M|
|poke|p2|Gholdengo|
|teampreview
|inactive|Battle timer is ON: inactive players will automatically lose when time's up. (requested by ohko by scald)
|
|t:|1760863815
|teamsize|p1|6
|teamsize|p2|6
|start
|switch|p1a: Maushold|Maushold-Four|100/100
|switch|p2a: Dudunsparce|Dudunsparce-Three-Segment, F|100/100
|turn|1
|
|t:|1760863822
|move|p1a: Maushold|Population Bomb|p2a: Dudunsparce
|-damage|p2a: Dudunsparce|90/100
|-crit|p2a: Dudunsparce
|-damage|p2a: Dudunsparce|73/100
|-damage|p2a: Dudunsparce|63/100
|-damage|p2a: Dudunsparce|53/100
|-damage|p2a: Dudunsparce|43/100
|-damage|p2a: Dudunsparce|32/100
|-damage|p2a: Dudunsparce|21/100
|-damage|p2a: Dudunsparce|11/100
|-damage|p2a: Dudunsparce|0 fnt
|faint|p2a: Dudunsparce
|-hitcount|p2: Dudunsparce|9
|
|upkeep
|
|t:|1760863849
|switch|p2a: Great Tusk|Great Tusk|100/100
|-enditem|p2a: Great Tusk|Booster Energy
|-activate|p2a: Great Tusk|ability: Protosynthesis|[fromitem]
|-start|p2a: Great Tusk|protosynthesisspe
|turn|2
|
|t:|1760863858
|move|p2a: Great Tusk|Bulk Up|p2a: Great Tusk
|-boost|p2a: Great Tusk|atk|1
|-boost|p2a: Great Tusk|def|1
|move|p1a: Maushold|Population Bomb|p2a: Great Tusk
|-damage|p2a: Great Tusk|96/100
|-damage|p2a: Great Tusk|91/100
|-damage|p2a: Great Tusk|86/100
|-damage|p2a: Great Tusk|82/100
|-damage|p2a: Great Tusk|77/100
|-damage|p2a: Great Tusk|73/100
|-damage|p2a: Great Tusk|67/100
|-damage|p2a: Great Tusk|63/100
|-damage|p2a: Great Tusk|58/100
|-damage|p2a: Great Tusk|52/100
|-hitcount|p2a: Great Tusk|10
|
|upkeep
|turn|3
|
|t:|1760863871
|switch|p1a: Gardevoir|Gardevoir, F|100/100
|move|p2a: Great Tusk|Headlong Rush|p1a: Gardevoir
|-damage|p1a: Gardevoir|31/100
|-unboost|p2a: Great Tusk|def|1
|-unboost|p2a: Great Tusk|spd|1
|-damage|p2a: Great Tusk|36/100|[from] item: Rocky Helmet|[of] p1a: Gardevoir
|
|upkeep
|turn|4
|
|t:|1760863891
|move|p2a: Great Tusk|Headlong Rush|p1a: Gardevoir
|-damage|p1a: Gardevoir|0 fnt
|-unboost|p2a: Great Tusk|def|1
|-unboost|p2a: Great Tusk|spd|1
|-damage|p2a: Great Tusk|19/100|[from] item: Rocky Helmet|[of] p1a: Gardevoir
|faint|p1a: Gardevoir
|
|upkeep
|
|t:|1760863894
|switch|p1a: Deoxys|Deoxys-Speed|100/100
|-ability|p1a: Deoxys|Pressure
|turn|5
|
|t:|1760863909
|move|p1a: Deoxys|Psycho Boost|p2a: Great Tusk
|-supereffective|p2a: Great Tusk
|-damage|p2a: Great Tusk|0 fnt
|-unboost|p1a: Deoxys|spa|2
|faint|p2a: Great Tusk
|-end|p2a: Great Tusk|Protosynthesis|[silent]
|-damage|p1a: Deoxys|91/100|[from] item: Life Orb
|
|upkeep
|
|t:|1760863925
|switch|p2a: Raging Bolt|Raging Bolt|100/100
|-enditem|p2a: Raging Bolt|Booster Energy
|-activate|p2a: Raging Bolt|ability: Protosynthesis|[fromitem]
|-start|p2a: Raging Bolt|protosynthesisspa
|turn|6
|
|t:|1760863933
|switch|p1a: Sylveon|Sylveon, M|100/100
|move|p2a: Raging Bolt|Calm Mind|p2a: Raging Bolt
|-boost|p2a: Raging Bolt|spa|1
|-boost|p2a: Raging Bolt|spd|1
|
|upkeep
|turn|7
|
|t:|1760863956
|move|p2a: Raging Bolt|Calm Mind|p2a: Raging Bolt
|-boost|p2a: Raging Bolt|spa|1
|-boost|p2a: Raging Bolt|spd|1
|move|p1a: Sylveon|Hyper Voice|p2a: Raging Bolt
|-supereffective|p2a: Raging Bolt
|-damage|p2a: Raging Bolt|21/100
|
|upkeep
|turn|8
|
|t:|1760863961
|move|p2a: Raging Bolt|Thunderbolt|p1a: Sylveon
|-damage|p1a: Sylveon|3/100
|move|p1a: Sylveon|Hyper Voice|p2a: Raging Bolt
|-supereffective|p2a: Raging Bolt
|-damage|p2a: Raging Bolt|0 fnt
|faint|p2a: Raging Bolt
|-end|p2a: Raging Bolt|Protosynthesis|[silent]
|
|upkeep
|
|t:|1760863978
|switch|p2a: Latios|Latios, M|100/100
|turn|9
|
|t:|1760863983
|switch|p1a: Maushold|Maushold-Four|100/100
|move|p2a: Latios|Psychic Noise|p1a: Maushold
|-damage|p1a: Maushold|26/100
|-start|p1a: Maushold|move: Heal Block
|
|upkeep
|turn|10
|
|t:|1760863992
|switch|p2a: Gholdengo|Gholdengo|100/100
|move|p1a: Maushold|Bite|p2a: Gholdengo
|-supereffective|p2a: Gholdengo
|-damage|p2a: Gholdengo|53/100
|
|-end|p1a: Maushold|move: Heal Block
|upkeep
|turn|11
|
|t:|1760863999
|move|p1a: Maushold|Bite|p2a: Gholdengo
|-supereffective|p2a: Gholdengo
|-damage|p2a: Gholdengo|1/100
|move|p2a: Gholdengo|Recover|p2a: Gholdengo
|-heal|p2a: Gholdengo|52/100
|
|upkeep
|turn|12
|
|t:|1760864006
|switch|p2a: Iron Valiant|Iron Valiant|100/100
|-enditem|p2a: Iron Valiant|Booster Energy
|-activate|p2a: Iron Valiant|ability: Quark Drive|[fromitem]
|-start|p2a: Iron Valiant|quarkdrivespe
|move|p1a: Maushold|Bite|p2a: Iron Valiant
|-resisted|p2a: Iron Valiant
|-damage|p2a: Iron Valiant|94/100
|
|upkeep
|turn|13
|
|t:|1760864017
|move|p2a: Iron Valiant|Knock Off|p1a: Maushold
|-damage|p1a: Maushold|0 fnt
|-enditem|p1a: Maushold|Wide Lens|[from] move: Knock Off|[of] p2a: Iron Valiant
|faint|p1a: Maushold
|
|upkeep
|
|t:|1760864024
|switch|p1a: Iron Moth|Iron Moth|100/100
|-enditem|p1a: Iron Moth|Booster Energy
|-activate|p1a: Iron Moth|ability: Quark Drive|[fromitem]
|-start|p1a: Iron Moth|quarkdrivespe
|turn|14
|
|t:|1760864038
|move|p2a: Iron Valiant|Close Combat|p1a: Iron Moth
|-resisted|p1a: Iron Moth
|-damage|p1a: Iron Moth|65/100
|-unboost|p2a: Iron Valiant|def|1
|-unboost|p2a: Iron Valiant|spd|1
|move|p1a: Iron Moth|Fiery Dance|p2a: Iron Valiant
|-damage|p2a: Iron Valiant|0 fnt
|-boost|p1a: Iron Moth|spa|1
|faint|p2a: Iron Valiant
|-end|p2a: Iron Valiant|Quark Drive|[silent]
|
|upkeep
|
|t:|1760864041
|switch|p2a: Latios|Latios, M|100/100
|turn|15
|
|t:|1760864050
|move|p1a: Iron Moth|Sludge Wave|p2a: Latios
|-damage|p2a: Latios|22/100
|move|p2a: Latios|Psychic Noise|p1a: Iron Moth
|-supereffective|p1a: Iron Moth
|-damage|p1a: Iron Moth|0 fnt
|faint|p1a: Iron Moth
|-end|p1a: Iron Moth|Quark Drive|[silent]
|
|upkeep
|
|t:|1760864054
|switch|p1a: Deoxys|Deoxys-Speed|91/100
|-ability|p1a: Deoxys|Pressure
|turn|16
|
|t:|1760864059
|move|p1a: Deoxys|Knock Off|p2a: Latios
|-supereffective|p2a: Latios
|-damage|p2a: Latios|0 fnt
|-enditem|p2a: Latios|Soul Dew|[from] move: Knock Off|[of] p1a: Deoxys
|faint|p2a: Latios
|-damage|p1a: Deoxys|81/100|[from] item: Life Orb
|
|upkeep
|
|t:|1760864061
|switch|p2a: Gholdengo|Gholdengo|52/100
|turn|17
|
|t:|1760864066
|-terastallize|p2a: Gholdengo|Steel
|move|p1a: Deoxys|Knock Off|p2a: Gholdengo
|-damage|p2a: Gholdengo|13/100
|-enditem|p2a: Gholdengo|Metal Coat|[from] move: Knock Off|[of] p1a: Deoxys
|-damage|p1a: Deoxys|71/100|[from] item: Life Orb
|move|p2a: Gholdengo|Recover|p2a: Gholdengo
|-heal|p2a: Gholdengo|63/100
|
|upkeep
|turn|18
|
|t:|1760864074
|move|p1a: Deoxys|Superpower|p2a: Gholdengo
|-supereffective|p2a: Gholdengo
|-damage|p2a: Gholdengo|0 fnt
|-unboost|p1a: Deoxys|atk|1
|-unboost|p1a: Deoxys|def|1
|faint|p2a: Gholdengo
|-damage|p1a: Deoxys|61/100|[from] item: Life Orb
|
|win|ykykp
|raw|ykykp's rating: 1457 &rarr; <strong>1481</strong><br />(+24 for winning)
|raw|ohko by scald's rating: 1526 &rarr; <strong>1502</strong><br />(-24 for losing)
|l|☆ohko by scald
|player|p2|
|l|☆ykykp
|player|p1|
