|j|☆Chillmaxxer
|j|‽Morthill
|t:|1760828541
|gametype|singles
|player|p1|Chillmaxxer|scientist-gen4|1370
|player|p2|Morthill|101|1358
|gen|9
|tier|[Gen 9] OU
|rated|
|rule|HP Percentage Mod: HP is shown in percentages
|rule|Endless Battle Clause: Forcing endless battles is banned
|rule|Species Clause: Limit one of each Pokémon
|rule|OHKO Clause: OHKO moves are banned
|rule|Evasion Items Clause: Evasion items are banned
|rule|Evasion Moves Clause: Evasion moves are banned
|rule|Evasion Abilities Clause: Evasion abilities are banned
|rule|Sleep Moves Clause: Sleep-inducing moves are banned
|clearpoke
|poke|p1|Kingdra, F|
|poke|p1|Pelipper, M|
|poke|p1|Basculegion, M|
|poke|p1|Iron Treads|
|poke|p1|Ogerpon-Wellspring, F|
|poke|p1|Quaquaval, M|
|poke|p2|Avalugg, M|
|poke|p2|Cetitan, M|
|poke|p2|Ninetales-Alola, F|
|poke|p2|Kyurem|
|poke|p2|Slowking-Galar, M|
|poke|p2|Frosmoth, M|
|teampreview
|inactive|Battle timer is ON: inactive players will automatically lose when time's up. (requested by Morthill)
|
|t:|1760828549
|teamsize|p1|6
|teamsize|p2|6
|start
|switch|p1a: Pelipper|Pelipper, M|100/100
|switch|p2a: Ninetales|Ninetales-Alola, F|100/100
|-weather|Snowscape|[from] ability: Snow Warning|[of] p2a: Ninetales
|-weather|RainDance|[from] ability: Drizzle|[of] p1a: Pelipper
|turn|1
|
|t:|1760828559
|-terastallize|p1a: Pelipper|Steel
|move|p2a: Ninetales|Freeze-Dry|p1a: Pelipper
|-resisted|p1a: Pelipper
|-damage|p1a: Pelipper|82/100
|move|p1a: Pelipper|U-turn|p2a: Ninetales
|-resisted|p2a: Ninetales
|-damage|p2a: Ninetales|94/100
|
|t:|1760828580
|switch|p1a: Ogerpon|Ogerpon-Wellspring, F|100/100|[from] U-turn
|
|-weather|RainDance|[upkeep]
|upkeep
|turn|2
|
|t:|1760828590
|move|p1a: Ogerpon|Ivy Cudgel|p2a: Ninetales|[anim] Ivy Cudgel Water
|-crit|p2a: Ninetales
|-damage|p2a: Ninetales|0 fnt
|faint|p2a: Ninetales
|
|-weather|RainDance|[upkeep]
|upkeep
|
|t:|1760828596
|switch|p2a: Avalugg|Avalugg, M|100/100
|turn|3
|
|t:|1760828603
|move|p1a: Ogerpon|Ivy Cudgel|p2a: Avalugg|[anim] Ivy Cudgel Water
|-damage|p2a: Avalugg|66/100
|move|p2a: Avalugg|Body Press|p1a: Ogerpon
|-damage|p1a: Ogerpon|48/100
|
|-weather|RainDance|[upkeep]
|upkeep
|turn|4
|
|t:|1760828614
|switch|p1a: Basculegion|Basculegion, M|100/100
|move|p2a: Avalugg|Body Press|p1a: Basculegion
|-immune|p1a: Basculegion
|
|-weather|RainDance|[upkeep]
|upkeep
|turn|5
|
|t:|1760828625
|switch|p2a: Kyurem|Kyurem, shiny|100/100
|-ability|p2a: Kyurem|Pressure
|move|p1a: Basculegion|Wave Crash|p2a: Kyurem
|-resisted|p2a: Kyurem
|-damage|p2a: Kyurem|33/100
|-damage|p1a: Basculegion|78/100|[from] Recoil
|
|-weather|RainDance|[upkeep]
|upkeep
|turn|6
|
|t:|1760828631
|move|p1a: Basculegion|Wave Crash|p2a: Kyurem
|-resisted|p2a: Kyurem
|-damage|p2a: Kyurem|0 fnt
|faint|p2a: Kyurem
|-damage|p1a: Basculegion|67/100|[from] Recoil
|
|-weather|RainDance|[upkeep]
|upkeep
|
|t:|1760828633
|switch|p2a: Slowking|Slowking-Galar, M|100/100
|turn|7
|
|t:|1760828648
|switch|p1a: Iron Treads|Iron Treads|100/100
|-prepare|p2a: Slowking|Chilly Reception|[premajor]
|move|p2a: Slowking|Chilly Reception|p2a: Slowking
|-weather|Snowscape
|
|t:|1760828658
|switch|p2a: Cetitan|Cetitan, M|100/100|[from] Chilly Reception
|
|-weather|Snowscape|[upkeep]
|upkeep
|turn|8
|
|t:|1760828676
|move|p2a: Cetitan|Belly Drum|p2a: Cetitan
|-damage|p2a: Cetitan|50/100
|-setboost|p2a: Cetitan|atk|6|[from] move: Belly Drum
|-enditem|p2a: Cetitan|Sitrus Berry|[eat]
|-heal|p2a: Cetitan|75/100|[from] item: Sitrus Berry
|move|p1a: Iron Treads|Iron Head|p2a: Cetitan
|-supereffective|p2a: Cetitan
|-damage|p2a: Cetitan|31/100
|
|-weather|Snowscape|[upkeep]
|upkeep
|turn|9
|
|t:|1760828684
|-end|p1a: Iron Treads|Quark Drive|[silent]
|switch|p1a: Pelipper|Pelipper, M, tera:Steel|82/100
|-weather|RainDance|[from] ability: Drizzle|[of] p1a: Pelipper
|move|p2a: Cetitan|Earthquake|p1a: Pelipper
|-supereffective|p1a: Pelipper
|-damage|p1a: Pelipper|0 fnt
|faint|p1a: Pelipper
|
|-weather|RainDance|[upkeep]
|upkeep
|
|t:|1760828702
|switch|p1a: Quaquaval|Quaquaval, M|100/100
|turn|10
|
|t:|1760828718
|move|p2a: Cetitan|Ice Shard|p1a: Quaquaval
|-resisted|p1a: Quaquaval
|-damage|p1a: Quaquaval|54/100
|move|p1a: Quaquaval|Aqua Step|p2a: Cetitan
|-damage|p2a: Cetitan|0 fnt
|-boost|p1a: Quaquaval|spe|1
|faint|p2a: Cetitan
|-ability|p1a: Quaquaval|Moxie|boost
|-boost|p1a: Quaquaval|atk|1
|
|-weather|RainDance|[upkeep]
|upkeep
|
|t:|1760828724
|switch|p2a: Avalugg|Avalugg, M|66/100
|turn|11
|
|t:|1760828732
|move|p1a: Quaquaval|Aqua Step|p2a: Avalugg
|-damage|p2a: Avalugg|16/100
|-boost|p1a: Quaquaval|spe|1
|-damage|p1a: Quaquaval|38/100|[from] item: Rocky Helmet|[of] p2a: Avalugg
|move|p2a: Avalugg|Body Press|p1a: Quaquaval
|-damage|p1a: Quaquaval|0 fnt
|faint|p1a: Quaquaval
|
|-weather|RainDance|[upkeep]
|upkeep
|
|t:|1760828751
|switch|p1a: Basculegion|Basculegion, M|67/100
|turn|12
|
|t:|1760828755
|move|p1a: Basculegion|Wave Crash|p2a: Avalugg
|-damage|p2a: Avalugg|0 fnt
|-damage|p1a: Basculegion|50/100|[from] item: Rocky Helmet|[of] p2a: Avalugg
|faint|p2a: Avalugg
|-damage|p1a: Basculegion|45/100|[from] Recoil
|
|-weather|RainDance|[upkeep]
|upkeep
|
|t:|1760828757
|switch|p2a: Slowking|Slowking-Galar, M|100/100
|turn|13
|
|t:|1760828767
|move|p1a: Basculegion|Wave Crash|p2a: Slowking
|-damage|p2a: Slowking|0 fnt
|faint|p2a: Slowking
|-damage|p1a: Basculegion|16/100|[from] Recoil
|
|-weather|RainDance|[upkeep]
|upkeep
|
|t:|1760828770
|switch|p2a: Frosmoth|Frosmoth, M, shiny|100/100
|turn|14
|
|t:|1760828773
|move|p1a: Basculegion|Wave Crash|p2a: Frosmoth
|-damage|p2a: Frosmoth|0 fnt
|faint|p2a: Frosmoth
|-damage|p1a: Basculegion|0 fnt|[from] Recoil
|faint|p1a: Basculegion
|
|win|Chillmaxxer
|raw|Chillmaxxer's rating: 1370 &rarr; <strong>1389</strong><br />(+19 for winning)
|raw|Morthill's rating: 1358 &rarr; <strong>1339</strong><br />(-19 for losing)
|l|‽Morthill
|player|p2|
|c|☆Chillmaxxer|Gg
