|j|☆PenguinMLSJ
|j|☆Pancake619
|t:|1760724139
|gametype|singles
|player|p1|PenguinMLSJ|red-gen7|1572
|player|p2|Pancake619|101|1513
|gen|9
|tier|[Gen 9] OU
|rated|
|rule|HP Percentage Mod: HP is shown in percentages
|rule|Endless Battle Clause: Forcing endless battles is banned
|rule|Species Clause: Limit one of each Pokémon
|rule|OHKO Clause: OHKO moves are banned
|rule|Evasion Items Clause: Evasion items are banned
|rule|Evasion Moves Clause: Evasion moves are banned
|rule|Evasion Abilities Clause: Evasion abilities are banned
|rule|Sleep Moves Clause: Sleep-inducing moves are banned
|clearpoke
|poke|p1|Skeledirge, F|
|poke|p1|Garganacl, M|
|poke|p1|Kingambit, M|
|poke|p1|Clefable, F|
|poke|p1|Great Tusk|
|poke|p1|Iron Valiant|
|poke|p2|Pelipper, F|
|poke|p2|Hatterene, F|
|poke|p2|Iron Treads|
|poke|p2|Toxicroak, F|
|poke|p2|Barraskewda, F|
|poke|p2|Zapdos|
|teampreview
|inactive|Battle timer is ON: inactive players will automatically lose when time's up. (requested by Pancake619)
|inactive|PenguinMLSJ also wants the timer to be on.
|c|☆Pancake619|glhf
|c|☆PenguinMLSJ|u2
|
|t:|1760724157
|teamsize|p1|6
|teamsize|p2|6
|start
|switch|p1a: Clefable|Clefable, F|100/100
|switch|p2a: Barraskewda|Barraskewda, F|100/100
|turn|1
|
|t:|1760724160
|move|p1a: Clefable|Protect|p1a: Clefable
|-singleturn|p1a: Clefable|Protect
|move|p2a: Barraskewda|Flip Turn|p1a: Clefable
|-activate|p1a: Clefable|move: Protect
|
|upkeep
|turn|2
|
|t:|1760724163
|move|p2a: Barraskewda|Flip Turn|p1a: Clefable
|-damage|p1a: Clefable|46/100
|
|t:|1760724165
|switch|p2a: Hatterene|Hatterene, F|100/100|[from] Flip Turn
|move|p1a: Clefable|Wish|p1a: Clefable
|
|upkeep
|turn|3
|
|t:|1760724174
|switch|p2a: Iron Treads|Iron Treads|100/100
|move|p1a: Clefable|Moonblast|p2a: Iron Treads
|-resisted|p2a: Iron Treads
|-damage|p2a: Iron Treads|88/100
|
|-heal|p1a: Clefable|95/100|[from] move: Wish|[wisher] Clefable
|-heal|p2a: Iron Treads|94/100|[from] item: Leftovers
|upkeep
|turn|4
|
|t:|1760724177
|switch|p1a: Great Tusk|Great Tusk|100/100
|move|p2a: Iron Treads|Stealth Rock|p1a: Great Tusk
|-sidestart|p1: PenguinMLSJ|move: Stealth Rock
|
|-heal|p2a: Iron Treads|99/100|[from] item: Leftovers
|upkeep
|turn|5
|
|t:|1760724181
|-end|p2a: Iron Treads|Quark Drive|[silent]
|switch|p2a: Pelipper|Pelipper, F|100/100
|-weather|RainDance|[from] ability: Drizzle|[of] p2a: Pelipper
|move|p1a: Great Tusk|Rapid Spin|p2a: Pelipper
|-damage|p2a: Pelipper|85/100
|-boost|p1a: Great Tusk|spe|1
|-sideend|p1: PenguinMLSJ|Stealth Rock|[from] move: Rapid Spin|[of] p1a: Great Tusk
|
|-weather|RainDance|[upkeep]
|upkeep
|turn|6
|
|t:|1760724184
|move|p1a: Great Tusk|Ice Spinner|p2a: Pelipper
|-damage|p2a: Pelipper|61/100
|move|p2a: Pelipper|U-turn|p1a: Great Tusk
|-resisted|p1a: Great Tusk
|-damage|p1a: Great Tusk|98/100
|
|t:|1760724186
|switch|p2a: Zapdos|Zapdos|100/100|[from] U-turn
|
|-weather|RainDance|[upkeep]
|upkeep
|turn|7
|
|t:|1760724192
|-end|p1a: Great Tusk|Protosynthesis|[silent]
|switch|p1a: Kingambit|Kingambit, M|100/100
|move|p2a: Zapdos|Weather Ball|p1a: Kingambit
|-damage|p1a: Kingambit|24/100
|
|-weather|RainDance|[upkeep]
|-heal|p1a: Kingambit|30/100|[from] item: Leftovers
|upkeep
|turn|8
|
|t:|1760724199
|move|p1a: Kingambit|Sucker Punch|p2a: Zapdos
|-damage|p2a: Zapdos|50/100
|move|p2a: Zapdos|Weather Ball|p1a: Kingambit
|-damage|p1a: Kingambit|0 fnt
|faint|p1a: Kingambit
|-end|p1a: Kingambit|fallenundefined|[silent]
|
|-weather|RainDance|[upkeep]
|upkeep
|
|t:|1760724202
|switch|p1a: Iron Valiant|Iron Valiant|100/100
|turn|9
|
|t:|1760724207
|switch|p2a: Hatterene|Hatterene, F|100/100
|move|p1a: Iron Valiant|Moonblast|p2a: Hatterene
|-damage|p2a: Hatterene|53/100
|-enditem|p2a: Hatterene|Eject Button
|
|t:|1760724223
|switch|p2a: Barraskewda|Barraskewda, F|100/100
|
|-weather|RainDance|[upkeep]
|upkeep
|turn|10
|
|t:|1760724235
|-end|p1a: Iron Valiant|Quark Drive|[silent]
|switch|p1a: Clefable|Clefable, F|95/100
|move|p2a: Barraskewda|Flip Turn|p1a: Clefable
|-damage|p1a: Clefable|8/100
|
|t:|1760724238
|switch|p2a: Zapdos|Zapdos|50/100|[from] Flip Turn
|
|-weather|RainDance|[upkeep]
|upkeep
|turn|11
|
|t:|1760724241
|move|p1a: Clefable|Protect|p1a: Clefable
|-singleturn|p1a: Clefable|Protect
|move|p2a: Zapdos|Hurricane|p1a: Clefable
|-activate|p1a: Clefable|move: Protect
|
|-weather|RainDance|[upkeep]
|upkeep
|turn|12
|
|t:|1760724245
|move|p2a: Zapdos|Hurricane|p1a: Clefable
|-damage|p1a: Clefable|0 fnt
|faint|p1a: Clefable
|
|-weather|none
|upkeep
|
|t:|1760724248
|switch|p1a: Garganacl|Garganacl, M|100/100
|turn|13
|
|t:|1760724252
|switch|p2a: Toxicroak|Toxicroak, F|100/100
|-terastallize|p1a: Garganacl|Water
|move|p1a: Garganacl|Salt Cure|p2a: Toxicroak
|-resisted|p2a: Toxicroak
|-damage|p2a: Toxicroak|94/100
|-start|p2a: Toxicroak|Salt Cure
|
|-damage|p2a: Toxicroak|82/100|[from] Salt Cure
|upkeep
|turn|14
|
|t:|1760724256
|move|p2a: Toxicroak|Encore|p1a: Garganacl
|-start|p1a: Garganacl|Encore
|move|p1a: Garganacl|Salt Cure|p2a: Toxicroak
|-resisted|p2a: Toxicroak
|-damage|p2a: Toxicroak|76/100
|
|-damage|p2a: Toxicroak|63/100|[from] Salt Cure
|upkeep
|turn|15
|
|t:|1760724275
|move|p2a: Toxicroak|Knock Off|p1a: Garganacl
|-damage|p1a: Garganacl|85/100
|-enditem|p1a: Garganacl|Leftovers|[from] move: Knock Off|[of] p2a: Toxicroak
|move|p1a: Garganacl|Salt Cure|p2a: Toxicroak
|-resisted|p2a: Toxicroak
|-damage|p2a: Toxicroak|57/100
|
|-damage|p2a: Toxicroak|45/100|[from] Salt Cure
|upkeep
|turn|16
|
|t:|1760724281
|move|p2a: Toxicroak|Drain Punch|p1a: Garganacl
|-damage|p1a: Garganacl|67/100
|-heal|p2a: Toxicroak|54/100|[from] drain|[of] p1a: Garganacl
|move|p1a: Garganacl|Salt Cure|p2a: Toxicroak
|-resisted|p2a: Toxicroak
|-damage|p2a: Toxicroak|48/100
|
|-damage|p2a: Toxicroak|36/100|[from] Salt Cure
|-end|p1a: Garganacl|Encore
|upkeep
|turn|17
|
|t:|1760724286
|move|p2a: Toxicroak|Encore|p1a: Garganacl
|-start|p1a: Garganacl|Encore
|move|p1a: Garganacl|Salt Cure|p2a: Toxicroak
|-resisted|p2a: Toxicroak
|-crit|p2a: Toxicroak
|-damage|p2a: Toxicroak|26/100
|
|-damage|p2a: Toxicroak|14/100|[from] Salt Cure
|upkeep
|turn|18
|
|t:|1760724290
|switch|p1a: Skeledirge|Skeledirge, F|100/100
|move|p2a: Toxicroak|Drain Punch|p1a: Skeledirge
|-immune|p1a: Skeledirge
|
|-damage|p2a: Toxicroak|1/100|[from] Salt Cure
|upkeep
|turn|19
|
|t:|1760724296
|switch|p1a: Great Tusk|Great Tusk|98/100
|move|p2a: Toxicroak|Knock Off|p1a: Great Tusk
|-resisted|p1a: Great Tusk
|-damage|p1a: Great Tusk|93/100
|-enditem|p1a: Great Tusk|Heavy-Duty Boots|[from] move: Knock Off|[of] p2a: Toxicroak
|
|-damage|p2a: Toxicroak|0 fnt|[from] Salt Cure
|faint|p2a: Toxicroak
|upkeep
|
|t:|1760724299
|switch|p2a: Barraskewda|Barraskewda, F|100/100
|turn|20
|
|t:|1760724303
|-terastallize|p2a: Barraskewda|Water
|move|p2a: Barraskewda|Flip Turn|p1a: Great Tusk
|-supereffective|p1a: Great Tusk
|-crit|p1a: Great Tusk
|-damage|p1a: Great Tusk|0 fnt
|faint|p1a: Great Tusk
|-end|p1a: Great Tusk|Protosynthesis|[silent]
|
|t:|1760724309
|switch|p2a: Zapdos|Zapdos|50/100|[from] Flip Turn
|
|upkeep
|
|t:|1760724312
|switch|p1a: Iron Valiant|Iron Valiant|100/100
|turn|21
|
|t:|1760724317
|switch|p2a: Pelipper|Pelipper, F|61/100
|-weather|RainDance|[from] ability: Drizzle|[of] p2a: Pelipper
|move|p1a: Iron Valiant|Trick|p2a: Pelipper
|-activate|p1a: Iron Valiant|move: Trick|[of] p2a: Pelipper
|-item|p2a: Pelipper|Choice Scarf|[from] move: Trick
|-item|p1a: Iron Valiant|Damp Rock|[from] move: Trick
|
|-weather|RainDance|[upkeep]
|upkeep
|turn|22
|
|t:|1760724332
|move|p1a: Iron Valiant|Moonblast|p2a: Pelipper
|-damage|p2a: Pelipper|13/100
|-unboost|p2a: Pelipper|spa|1
|move|p2a: Pelipper|U-turn|p1a: Iron Valiant
|-resisted|p1a: Iron Valiant
|-damage|p1a: Iron Valiant|98/100
|
|t:|1760724340
|switch|p2a: Barraskewda|Barraskewda, F, tera:Water|100/100|[from] U-turn
|
|-weather|RainDance|[upkeep]
|upkeep
|turn|23
|c|☆PenguinMLSJ|ggs
|c|☆Pancake619|gg
|
|t:|1760724351
|move|p2a: Barraskewda|Flip Turn|p1a: Iron Valiant
|-damage|p1a: Iron Valiant|0 fnt
|faint|p1a: Iron Valiant
|-end|p1a: Iron Valiant|Quark Drive|[silent]
|
|t:|1760724355
|switch|p2a: Zapdos|Zapdos|50/100|[from] Flip Turn
|
|-weather|RainDance|[upkeep]
|upkeep
|
|t:|1760724357
|switch|p1a: Skeledirge|Skeledirge, F|100/100
|turn|24
|
|t:|1760724361
|move|p2a: Zapdos|Weather Ball|p1a: Skeledirge
|-supereffective|p1a: Skeledirge
|-damage|p1a: Skeledirge|0 fnt
|faint|p1a: Skeledirge
|
|-weather|RainDance|[upkeep]
|upkeep
|
|t:|1760724364
|switch|p1a: Garganacl|Garganacl, M, tera:Water|67/100
|turn|25
|
|t:|1760724374
|switch|p2a: Hatterene|Hatterene, F|53/100
|move|p1a: Garganacl|Recover|p1a: Garganacl
|-heal|p1a: Garganacl|100/100
|
|-weather|RainDance|[upkeep]
|upkeep
|turn|26
|
|t:|1760724379
|move|p2a: Hatterene|Healing Wish|p2a: Hatterene
|faint|p2a: Hatterene
|move|p1a: Garganacl|Curse|p1a: Garganacl
|-unboost|p1a: Garganacl|spe|1
|-boost|p1a: Garganacl|atk|1
|-boost|p1a: Garganacl|def|1
|
|-weather|RainDance|[upkeep]
|upkeep
|
|t:|1760724383
|switch|p2a: Zapdos|Zapdos|50/100
|-heal|p2a: Zapdos|100/100|[from] move: Healing Wish
|turn|27
|
|t:|1760724385
|move|p2a: Zapdos|Volt Switch|p1a: Garganacl
|-supereffective|p1a: Garganacl
|-damage|p1a: Garganacl|34/100
|
|t:|1760724388
|switch|p2a: Pelipper|Pelipper, F|13/100|[from] Volt Switch
|move|p1a: Garganacl|Salt Cure|p2a: Pelipper
|-supereffective|p2a: Pelipper
|-damage|p2a: Pelipper|0 fnt
|faint|p2a: Pelipper
|
|-weather|RainDance|[upkeep]
|upkeep
|
|t:|1760724389
|switch|p2a: Zapdos|Zapdos|100/100
|turn|28
|
|t:|1760724391
|move|p2a: Zapdos|Thunder|p1a: Garganacl
|-supereffective|p1a: Garganacl
|-damage|p1a: Garganacl|0 fnt
|faint|p1a: Garganacl
|
|win|Pancake619
|raw|PenguinMLSJ's rating: 1572 &rarr; <strong>1549</strong><br />(-23 for losing)
|raw|Pancake619's rating: 1513 &rarr; <strong>1536</strong><br />(+23 for winning)
|l|☆PenguinMLSJ
|player|p1|
|l|☆Pancake619
|player|p2|
