|j|☆PV_09
|j|☆cihninja
|t:|1760735560
|gametype|singles
|player|p1|PV_09|hexmaniac-gen3jp|1403
|player|p2|cihninja|hilbert-wonderlauncher|1456
|gen|9
|tier|[Gen 9] OU
|rated|
|rule|HP Percentage Mod: HP is shown in percentages
|rule|Endless Battle Clause: Forcing endless battles is banned
|rule|Species Clause: Limit one of each Pokémon
|rule|OHKO Clause: OHKO moves are banned
|rule|Evasion Items Clause: Evasion items are banned
|rule|Evasion Moves Clause: Evasion moves are banned
|rule|Evasion Abilities Clause: Evasion abilities are banned
|rule|Sleep Moves Clause: Sleep-inducing moves are banned
|clearpoke
|poke|p1|Hatterene, F|
|poke|p1|Bronzong|
|poke|p1|Slowking-Galar, F|
|poke|p1|Iron Hands|
|poke|p1|Gholdengo|
|poke|p1|Ursaluna, F|
|poke|p2|Garganacl, F|
|poke|p2|Kyurem|
|poke|p2|Cinderace, F|
|poke|p2|Zamazenta-*|
|poke|p2|Cresselia, F|
|poke|p2|Arcanine-Hisui, F|
|teampreview
|inactive|Battle timer is ON: inactive players will automatically lose when time's up. (requested by cihninja)
|
|t:|1760735570
|teamsize|p1|6
|teamsize|p2|6
|start
|switch|p1a: tesla-gnarly|Iron Hands|100/100
|switch|p2a: Arcanine|Arcanine-Hisui, F|100/100
|turn|1
|
|t:|1760735578
|move|p2a: Arcanine|Flare Blitz|p1a: tesla-gnarly
|-damage|p1a: tesla-gnarly|49/100
|move|p1a: tesla-gnarly|Close Combat|p2a: Arcanine
|-supereffective|p2a: Arcanine
|-damage|p2a: Arcanine|0 fnt
|-unboost|p1a: tesla-gnarly|def|1
|-unboost|p1a: tesla-gnarly|spd|1
|faint|p2a: Arcanine
|
|upkeep
|
|t:|1760735584
|switch|p2a: Kyurem|Kyurem|100/100
|-ability|p2a: Kyurem|Pressure
|turn|2
|inactive|PV_09 has 120 seconds left.
|
|t:|1760735622
|-end|p1a: tesla-gnarly|Quark Drive|[silent]
|switch|p1a: *NSYNC|Bronzong|100/100
|move|p2a: Kyurem|Earth Power|p1a: *NSYNC
|-immune|p1a: *NSYNC|[from] ability: Levitate
|
|upkeep
|turn|3
|inactive|PV_09 has 120 seconds left.
|
|t:|1760735630
|switch|p2a: Cinderace|Cinderace, F|100/100
|move|p1a: *NSYNC|Iron Defense|p1a: *NSYNC
|-boost|p1a: *NSYNC|def|2
|
|upkeep
|turn|4
|
|t:|1760735640
|-terastallize|p1a: *NSYNC|Fighting
|move|p2a: Cinderace|Pyro Ball|p1a: *NSYNC
|-crit|p1a: *NSYNC
|-damage|p1a: *NSYNC|35/100
|move|p1a: *NSYNC|Body Press|p2a: Cinderace
|-damage|p2a: Cinderace|13/100
|
|-heal|p1a: *NSYNC|41/100|[from] item: Leftovers
|upkeep
|turn|5
|
|t:|1760735652
|move|p2a: Cinderace|Pyro Ball|p1a: *NSYNC
|-damage|p1a: *NSYNC|11/100
|move|p1a: *NSYNC|Trick Room|p1a: *NSYNC
|-fieldstart|move: Trick Room|[of] p1a: *NSYNC
|
|-heal|p1a: *NSYNC|17/100|[from] item: Leftovers
|upkeep
|turn|6
|
|t:|1760735659
|move|p1a: *NSYNC|Body Press|p2a: Cinderace
|-damage|p2a: Cinderace|0 fnt
|faint|p2a: Cinderace
|
|-heal|p1a: *NSYNC|23/100|[from] item: Leftovers
|upkeep
|
|t:|1760735662
|switch|p2a: Zamazenta|Zamazenta|100/100
|-ability|p2a: Zamazenta|Dauntless Shield|boost
|-boost|p2a: Zamazenta|def|1
|turn|7
|
|t:|1760735670
|move|p1a: *NSYNC|Iron Defense|p1a: *NSYNC
|-boost|p1a: *NSYNC|def|2
|move|p2a: Zamazenta|Iron Defense|p2a: Zamazenta
|-boost|p2a: Zamazenta|def|2
|
|-heal|p1a: *NSYNC|29/100|[from] item: Leftovers
|upkeep
|turn|8
|
|t:|1760735681
|move|p1a: *NSYNC|Psychic|p2a: Zamazenta
|-supereffective|p2a: Zamazenta
|-damage|p2a: Zamazenta|60/100
|move|p2a: Zamazenta|Iron Defense|p2a: Zamazenta
|-boost|p2a: Zamazenta|def|2
|
|-heal|p1a: *NSYNC|36/100|[from] item: Leftovers
|-heal|p2a: Zamazenta|66/100|[from] item: Leftovers
|upkeep
|turn|9
|
|t:|1760735687
|move|p1a: *NSYNC|Iron Defense|p1a: *NSYNC
|-boost|p1a: *NSYNC|def|2
|move|p2a: Zamazenta|Body Press|p1a: *NSYNC
|-damage|p1a: *NSYNC|13/100
|
|-heal|p1a: *NSYNC|19/100|[from] item: Leftovers
|-heal|p2a: Zamazenta|72/100|[from] item: Leftovers
|-fieldend|move: Trick Room
|upkeep
|turn|10
|
|t:|1760735696
|move|p2a: Zamazenta|Body Press|p1a: *NSYNC
|-damage|p1a: *NSYNC|0 fnt
|faint|p1a: *NSYNC
|
|-heal|p2a: Zamazenta|78/100|[from] item: Leftovers
|upkeep
|
|t:|1760735702
|switch|p1a: slowqueen|Slowking-Galar, F|100/100
|turn|11
|
|t:|1760735705
|move|p2a: Zamazenta|Crunch|p1a: slowqueen
|-supereffective|p1a: slowqueen
|-enditem|p1a: slowqueen|Colbur Berry|[eat]
|-enditem|p1a: slowqueen|Colbur Berry|[weaken]
|-damage|p1a: slowqueen|81/100
|move|p1a: slowqueen|Trick Room|p1a: slowqueen
|-fieldstart|move: Trick Room|[of] p1a: slowqueen
|
|-heal|p2a: Zamazenta|85/100|[from] item: Leftovers
|upkeep
|turn|12
|
|t:|1760735710
|move|p1a: slowqueen|Future Sight|p2a: Zamazenta
|-start|p1a: slowqueen|move: Future Sight
|move|p2a: Zamazenta|Crunch|p1a: slowqueen
|-supereffective|p1a: slowqueen
|-damage|p1a: slowqueen|38/100
|
|-heal|p2a: Zamazenta|91/100|[from] item: Leftovers
|upkeep
|turn|13
|
|t:|1760735719
|switch|p1a: tesla-gnarly|Iron Hands|49/100
|switch|p2a: Cresselia|Cresselia, F|100/100
|
|upkeep
|turn|14
|
|t:|1760735725
|-end|p1a: tesla-gnarly|Quark Drive|[silent]
|switch|p1a: raingurl|Gholdengo|100/100
|move|p2a: Cresselia|Calm Mind|p2a: Cresselia
|-boost|p2a: Cresselia|spa|1
|-boost|p2a: Cresselia|spd|1
|
|-end|p2a: Cresselia|move: Future Sight
|-resisted|p2a: Cresselia
|-damage|p2a: Cresselia|88/100
|-heal|p2a: Cresselia|94/100|[from] item: Leftovers
|upkeep
|turn|15
|
|t:|1760735736
|move|p1a: raingurl|Shadow Ball|p2a: Cresselia
|-supereffective|p2a: Cresselia
|-damage|p2a: Cresselia|31/100
|move|p2a: Cresselia|Calm Mind|p2a: Cresselia
|-boost|p2a: Cresselia|spa|1
|-boost|p2a: Cresselia|spd|1
|
|-heal|p2a: Cresselia|37/100|[from] item: Leftovers
|-fieldend|move: Trick Room
|upkeep
|turn|16
|
|t:|1760735741
|-terastallize|p2a: Cresselia|Poison
|move|p2a: Cresselia|Moonlight|p2a: Cresselia
|-heal|p2a: Cresselia|87/100
|move|p1a: raingurl|Shadow Ball|p2a: Cresselia
|-damage|p2a: Cresselia|64/100
|
|-heal|p2a: Cresselia|70/100|[from] item: Leftovers
|upkeep
|turn|17
|
|t:|1760735756
|switch|p1a: slowqueen|Slowking-Galar, F|72/100
|move|p2a: Cresselia|Calm Mind|p2a: Cresselia
|-boost|p2a: Cresselia|spa|1
|-boost|p2a: Cresselia|spd|1
|
|-heal|p2a: Cresselia|76/100|[from] item: Leftovers
|upkeep
|turn|18
|
|t:|1760735761
|move|p2a: Cresselia|Stored Power|p1a: slowqueen
|-damage|p1a: slowqueen|0 fnt
|faint|p1a: slowqueen
|
|-heal|p2a: Cresselia|82/100|[from] item: Leftovers
|upkeep
|
|t:|1760735768
|switch|p1a: espresso|Hatterene, F|100/100
|turn|19
|
|t:|1760735771
|move|p2a: Cresselia|Stored Power|p1a: espresso
|-resisted|p1a: espresso
|-damage|p1a: espresso|50/100
|move|p1a: espresso|Trick Room|p1a: espresso
|-fieldstart|move: Trick Room|[of] p1a: espresso
|
|-heal|p1a: espresso|56/100|[from] item: Leftovers
|-heal|p2a: Cresselia|88/100|[from] item: Leftovers
|upkeep
|turn|20
|
|t:|1760735792
|switch|p1a: tesla-gnarly|Iron Hands|49/100
|move|p2a: Cresselia|Calm Mind|p2a: Cresselia
|-boost|p2a: Cresselia|spa|1
|-boost|p2a: Cresselia|spd|1
|
|-heal|p2a: Cresselia|94/100|[from] item: Leftovers
|upkeep
|turn|21
|
|t:|1760735800
|move|p1a: tesla-gnarly|Wild Charge|p2a: Cresselia
|-damage|p2a: Cresselia|45/100
|-damage|p1a: tesla-gnarly|38/100|[from] Recoil
|move|p2a: Cresselia|Stored Power|p1a: tesla-gnarly
|-supereffective|p1a: tesla-gnarly
|-damage|p1a: tesla-gnarly|0 fnt
|faint|p1a: tesla-gnarly
|-end|p1a: tesla-gnarly|Quark Drive|[silent]
|
|-heal|p2a: Cresselia|51/100|[from] item: Leftovers
|upkeep
|
|t:|1760735806
|switch|p1a: nice & slow|Ursaluna, F|100/100
|turn|22
|
|t:|1760735814
|move|p1a: nice & slow|Protect|p1a: nice & slow
|-singleturn|p1a: nice & slow|Protect
|move|p2a: Cresselia|Stored Power|p1a: nice & slow
|-activate|p1a: nice & slow|move: Protect
|
|-heal|p2a: Cresselia|57/100|[from] item: Leftovers
|-status|p1a: nice & slow|brn|[from] item: Flame Orb
|upkeep
|turn|23
|
|t:|1760735818
|move|p1a: nice & slow|Facade|p2a: Cresselia
|-damage|p2a: Cresselia|0 fnt
|faint|p2a: Cresselia
|
|-damage|p1a: nice & slow|94/100 brn|[from] brn
|-fieldend|move: Trick Room
|upkeep
|
|t:|1760735821
|switch|p2a: Zamazenta|Zamazenta|91/100
|turn|24
|
|t:|1760735827
|switch|p1a: raingurl|Gholdengo|100/100
|move|p2a: Zamazenta|Iron Defense|p2a: Zamazenta
|-boost|p2a: Zamazenta|def|2
|
|-heal|p2a: Zamazenta|97/100|[from] item: Leftovers
|upkeep
|turn|25
|
|t:|1760735836
|move|p2a: Zamazenta|Crunch|p1a: raingurl
|-supereffective|p1a: raingurl
|-damage|p1a: raingurl|56/100
|move|p1a: raingurl|Make It Rain|p2a: Zamazenta
|-damage|p2a: Zamazenta|15/100
|-unboost|p1a: raingurl|spa|1
|
|-heal|p2a: Zamazenta|21/100|[from] item: Leftovers
|upkeep
|turn|26
|
|t:|1760735844
|switch|p1a: espresso|Hatterene, F|56/100
|move|p2a: Zamazenta|Crunch|p1a: espresso
|-damage|p1a: espresso|39/100
|
|-heal|p2a: Zamazenta|27/100|[from] item: Leftovers
|-heal|p1a: espresso|45/100|[from] item: Leftovers
|upkeep
|turn|27
|
|t:|1760735851
|move|p2a: Zamazenta|Body Press|p1a: espresso
|-resisted|p1a: espresso
|-damage|p1a: espresso|32/100
|move|p1a: espresso|Trick Room|p1a: espresso
|-fieldstart|move: Trick Room|[of] p1a: espresso
|
|-heal|p1a: espresso|38/100|[from] item: Leftovers
|-heal|p2a: Zamazenta|33/100|[from] item: Leftovers
|upkeep
|turn|28
|
|t:|1760735854
|move|p1a: espresso|Draining Kiss|p2a: Zamazenta
|-supereffective|p2a: Zamazenta
|-damage|p2a: Zamazenta|0 fnt
|-heal|p1a: espresso|68/100|[from] drain|[of] p2a: Zamazenta
|faint|p2a: Zamazenta
|
|-heal|p1a: espresso|74/100|[from] item: Leftovers
|upkeep
|
|t:|1760735857
|switch|p2a: Garganacl|Garganacl, F, shiny|100/100
|turn|29
|inactive|PV_09 has 120 seconds left.
|
|t:|1760735906
|move|p1a: espresso|Psychic|p2a: Garganacl
|-damage|p2a: Garganacl|73/100
|move|p2a: Garganacl|Curse|p2a: Garganacl
|-unboost|p2a: Garganacl|spe|1
|-boost|p2a: Garganacl|atk|1
|-boost|p2a: Garganacl|def|1
|
|-heal|p1a: espresso|80/100|[from] item: Leftovers
|-heal|p2a: Garganacl|79/100|[from] item: Leftovers
|upkeep
|turn|30
|
|t:|1760735919
|move|p2a: Garganacl|Salt Cure|p1a: espresso
|-damage|p1a: espresso|64/100
|-start|p1a: espresso|Salt Cure
|move|p1a: espresso|Trick Room|p1a: espresso
|-fieldend|move: Trick Room
|
|-heal|p2a: Garganacl|85/100|[from] item: Leftovers
|-heal|p1a: espresso|70/100|[from] item: Leftovers
|-damage|p1a: espresso|57/100|[from] Salt Cure
|upkeep
|turn|31
|
|t:|1760735936
|switch|p1a: raingurl|Gholdengo|56/100
|move|p2a: Garganacl|Curse|p2a: Garganacl
|-unboost|p2a: Garganacl|spe|1
|-boost|p2a: Garganacl|atk|1
|-boost|p2a: Garganacl|def|1
|
|-heal|p2a: Garganacl|91/100|[from] item: Leftovers
|upkeep
|turn|32
|inactive|PV_09 has 120 seconds left.
|
|t:|1760735946
|move|p1a: raingurl|Make It Rain|p2a: Garganacl
|-supereffective|p2a: Garganacl
|-damage|p2a: Garganacl|0 fnt
|-unboost|p1a: raingurl|spa|1
|faint|p2a: Garganacl
|
|upkeep
|inactive|cihninja has 120 seconds left.
|
|t:|1760735989
|switch|p2a: Kyurem|Kyurem|100/100
|-ability|p2a: Kyurem|Pressure
|turn|33
|
|t:|1760735997
|move|p2a: Kyurem|Dragon Dance|p2a: Kyurem
|-boost|p2a: Kyurem|atk|1
|-boost|p2a: Kyurem|spe|1
|move|p1a: raingurl|Make It Rain|p2a: Kyurem
|-supereffective|p2a: Kyurem
|-damage|p2a: Kyurem|0 fnt
|-unboost|p1a: raingurl|spa|1
|faint|p2a: Kyurem
|
|win|PV_09
|raw|PV_09's rating: 1403 &rarr; <strong>1426</strong><br />(+23 for winning)
|raw|cihninja's rating: 1456 &rarr; <strong>1433</strong><br />(-23 for losing)
|l|☆cihninja
|player|p2|
|l|☆PV_09
|player|p1|
