|j|☆ScryMagma
|j|☆NoNSket
|t:|1760853854
|gametype|singles
|player|p1|ScryMagma|265|1153
|player|p2|NoNSket|waiter|1147
|gen|9
|tier|[Gen 9] OU
|rated|
|rule|HP Percentage Mod: HP is shown in percentages
|rule|Endless Battle Clause: Forcing endless battles is banned
|rule|Species Clause: Limit one of each Pokémon
|rule|OHKO Clause: OHKO moves are banned
|rule|Evasion Items Clause: Evasion items are banned
|rule|Evasion Moves Clause: Evasion moves are banned
|rule|Evasion Abilities Clause: Evasion abilities are banned
|rule|Sleep Moves Clause: Sleep-inducing moves are banned
|clearpoke
|poke|p1|Salamence, F|
|poke|p1|Gyarados, M|
|poke|p1|Kyurem|
|poke|p1|Goodra-Hisui, M|
|poke|p1|Primarina, F|
|poke|p1|Ting-Lu|
|poke|p2|Mimikyu, M|
|poke|p2|Venusaur, M|
|poke|p2|Skarmory, M|
|poke|p2|Electrode|
|poke|p2|Gyarados, F|
|poke|p2|Kommo-o, F|
|teampreview
|
|t:|1760853862
|teamsize|p1|6
|teamsize|p2|6
|start
|switch|p1a: Goodra|Goodra-Hisui, M|100/100
|switch|p2a: Mimikyu|Mimikyu, M|100/100
|turn|1
|
|t:|1760853866
|move|p2a: Mimikyu|Bulk Up|p2a: Mimikyu
|-boost|p2a: Mimikyu|atk|1
|-boost|p2a: Mimikyu|def|1
|move|p1a: Goodra|Surf|p2a: Mimikyu
|-activate|p2a: Mimikyu|ability: Disguise
|-damage|p2a: Mimikyu|100/100
|detailschange|p2a: Mimikyu|Mimikyu-Busted, M
|-damage|p2a: Mimikyu|88/100|[from] pokemon: Mimikyu-Busted
|
|-heal|p2a: Mimikyu|94/100|[from] item: Leftovers
|upkeep
|turn|2
|
|t:|1760853887
|-terastallize|p1a: Goodra|Water
|move|p2a: Mimikyu|Bulk Up|p2a: Mimikyu
|-boost|p2a: Mimikyu|atk|1
|-boost|p2a: Mimikyu|def|1
|move|p1a: Goodra|Ice Beam|p2a: Mimikyu
|-damage|p2a: Mimikyu|52/100
|
|-heal|p2a: Mimikyu|58/100|[from] item: Leftovers
|upkeep
|turn|3
|
|t:|1760853893
|move|p2a: Mimikyu|Drain Punch|p1a: Goodra
|-damage|p1a: Goodra|66/100
|-heal|p2a: Mimikyu|79/100|[from] drain|[of] p1a: Goodra
|-ability|p1a: Goodra|Gooey
|-unboost|p2a: Mimikyu|spe|1
|move|p1a: Goodra|Ice Beam|p2a: Mimikyu
|-damage|p2a: Mimikyu|38/100
|
|-heal|p2a: Mimikyu|44/100|[from] item: Leftovers
|upkeep
|turn|4
|
|t:|1760853897
|move|p2a: Mimikyu|Drain Punch|p1a: Goodra
|-damage|p1a: Goodra|32/100
|-heal|p2a: Mimikyu|64/100|[from] drain|[of] p1a: Goodra
|-ability|p1a: Goodra|Gooey
|-unboost|p2a: Mimikyu|spe|1
|move|p1a: Goodra|Ice Beam|p2a: Mimikyu
|-damage|p2a: Mimikyu|24/100
|
|-heal|p2a: Mimikyu|30/100|[from] item: Leftovers
|upkeep
|turn|5
|
|t:|1760853900
|move|p2a: Mimikyu|Drain Punch|p1a: Goodra
|-damage|p1a: Goodra|0 fnt
|-heal|p2a: Mimikyu|49/100|[from] drain|[of] p1a: Goodra
|-ability|p1a: Goodra|Gooey
|-unboost|p2a: Mimikyu|spe|1
|faint|p1a: Goodra
|
|-heal|p2a: Mimikyu|55/100|[from] item: Leftovers
|upkeep
|
|t:|1760853906
|switch|p1a: Gyarados|Gyarados, M|100/100
|turn|6
|
|t:|1760853916
|move|p1a: Gyarados|Waterfall|p2a: Mimikyu
|-damage|p2a: Mimikyu|21/100
|cant|p2a: Mimikyu|flinch
|
|-heal|p2a: Mimikyu|27/100|[from] item: Leftovers
|upkeep
|turn|7
|
|t:|1760853923
|move|p1a: Gyarados|Waterfall|p2a: Mimikyu
|-damage|p2a: Mimikyu|0 fnt
|faint|p2a: Mimikyu
|-ability|p1a: Gyarados|Moxie|boost
|-boost|p1a: Gyarados|atk|1
|
|upkeep
|
|t:|1760853927
|switch|p2a: Electrode|Electrode|100/100
|turn|8
|
|t:|1760853931
|move|p2a: Electrode|Electroweb|p1a: Gyarados
|-supereffective|p1a: Gyarados
|-damage|p1a: Gyarados|21/100
|-unboost|p1a: Gyarados|spe|1
|move|p1a: Gyarados|Waterfall|p2a: Electrode
|-damage|p2a: Electrode|0 fnt
|faint|p2a: Electrode
|-ability|p1a: Gyarados|Moxie|boost
|-boost|p1a: Gyarados|atk|1
|
|upkeep
|
|t:|1760853937
|switch|p2a: Camilo|Kommo-o, F|100/100
|turn|9
|
|t:|1760853941
|move|p2a: Camilo|Clangorous Soul|p2a: Camilo
|-boost|p2a: Camilo|atk|1
|-boost|p2a: Camilo|def|1
|-boost|p2a: Camilo|spa|1
|-boost|p2a: Camilo|spd|1
|-boost|p2a: Camilo|spe|1
|-damage|p2a: Camilo|68/100
|move|p1a: Gyarados|Waterfall|p2a: Camilo
|-resisted|p2a: Camilo
|-damage|p2a: Camilo|41/100
|
|upkeep
|turn|10
|
|t:|1760853945
|move|p2a: Camilo|Dragon Claw|p1a: Gyarados
|-damage|p1a: Gyarados|0 fnt
|faint|p1a: Gyarados
|
|upkeep
|
|t:|1760853947
|switch|p1a: Salamence|Salamence, F|100/100
|turn|11
|
|t:|1760853950
|move|p2a: Camilo|Dragon Claw|p1a: Salamence
|-supereffective|p1a: Salamence
|-enditem|p1a: Salamence|Focus Sash
|-damage|p1a: Salamence|1/100
|move|p1a: Salamence|Dragon Claw|p2a: Camilo
|-supereffective|p2a: Camilo
|-damage|p2a: Camilo|0 fnt
|faint|p2a: Camilo
|-ability|p1a: Salamence|Moxie|boost
|-boost|p1a: Salamence|atk|1
|
|upkeep
|
|t:|1760853956
|switch|p2a: Skarmory|Skarmory, M|100/100
|turn|12
|
|t:|1760853960
|move|p1a: Salamence|Dragon Claw|p2a: Skarmory
|-resisted|p2a: Skarmory
|-damage|p2a: Skarmory|76/100
|-damage|p1a: Salamence|0 fnt|[from] item: Rocky Helmet|[of] p2a: Skarmory
|faint|p1a: Salamence
|move|p2a: Skarmory|Stealth Rock|p1: Salamence
|-sidestart|p1: ScryMagma|move: Stealth Rock
|
|upkeep
|
|t:|1760853965
|switch|p1a: Kyurem|Kyurem, shiny|100/100
|-damage|p1a: Kyurem|75/100|[from] Stealth Rock
|-ability|p1a: Kyurem|Pressure
|turn|13
|
|t:|1760853968
|move|p1a: Kyurem|Freeze-Dry|p2a: Skarmory
|-damage|p2a: Skarmory|42/100
|move|p2a: Skarmory|Iron Defense|p2a: Skarmory
|-boost|p2a: Skarmory|def|2
|
|upkeep
|turn|14
|
|t:|1760853970
|move|p1a: Kyurem|Freeze-Dry|p2a: Skarmory
|-damage|p2a: Skarmory|6/100
|move|p2a: Skarmory|Roost|p2a: Skarmory
|-heal|p2a: Skarmory|56/100
|-singleturn|p2a: Skarmory|move: Roost
|
|upkeep
|turn|15
|
|t:|1760853972
|move|p1a: Kyurem|Freeze-Dry|p2a: Skarmory
|-crit|p2a: Skarmory
|-damage|p2a: Skarmory|3/100
|move|p2a: Skarmory|Roost|p2a: Skarmory
|-heal|p2a: Skarmory|53/100
|-singleturn|p2a: Skarmory|move: Roost
|
|upkeep
|turn|16
|
|t:|1760853978
|move|p1a: Kyurem|Freeze-Dry|p2a: Skarmory
|-damage|p2a: Skarmory|18/100
|move|p2a: Skarmory|Body Press|p1a: Kyurem
|-supereffective|p1a: Kyurem
|-crit|p1a: Kyurem
|-damage|p1a: Kyurem|0 fnt
|faint|p1a: Kyurem
|
|upkeep
|
|t:|1760853983
|switch|p1a: Primarina|Primarina, F|100/100
|-damage|p1a: Primarina|88/100|[from] Stealth Rock
|turn|17
|
|t:|1760853986
|move|p2a: Skarmory|Roost|p2a: Skarmory
|-heal|p2a: Skarmory|68/100
|-singleturn|p2a: Skarmory|move: Roost
|move|p1a: Primarina|Surf|p2a: Skarmory
|-damage|p2a: Skarmory|21/100
|
|upkeep
|turn|18
|
|t:|1760853988
|move|p2a: Skarmory|Roost|p2a: Skarmory
|-heal|p2a: Skarmory|71/100
|-singleturn|p2a: Skarmory|move: Roost
|move|p1a: Primarina|Surf|p2a: Skarmory
|-damage|p2a: Skarmory|27/100
|
|upkeep
|turn|19
|
|t:|1760853991
|move|p2a: Skarmory|Roost|p2a: Skarmory
|-heal|p2a: Skarmory|77/100
|-singleturn|p2a: Skarmory|move: Roost
|move|p1a: Primarina|Ice Beam|p2a: Skarmory
|-resisted|p2a: Skarmory
|-damage|p2a: Skarmory|62/100
|
|upkeep
|turn|20
|
|t:|1760853993
|move|p2a: Skarmory|Roost|p2a: Skarmory
|-heal|p2a: Skarmory|100/100
|-singleturn|p2a: Skarmory|move: Roost
|move|p1a: Primarina|Surf|p2a: Skarmory
|-damage|p2a: Skarmory|59/100
|
|upkeep
|turn|21
|
|t:|1760853995
|move|p2a: Skarmory|Body Press|p1a: Primarina
|-resisted|p1a: Primarina
|-damage|p1a: Primarina|65/100
|move|p1a: Primarina|Ice Beam|p2a: Skarmory
|-damage|p2a: Skarmory|28/100
|-status|p2a: Skarmory|frz
|
|upkeep
|turn|22
|
|t:|1760853998
|-curestatus|p2a: Skarmory|frz|[msg]
|move|p2a: Skarmory|Body Press|p1a: Primarina
|-resisted|p1a: Primarina
|-damage|p1a: Primarina|41/100
|move|p1a: Primarina|Ice Beam|p2a: Skarmory
|-damage|p2a: Skarmory|0 fnt
|faint|p2a: Skarmory
|
|upkeep
|
|t:|1760854006
|switch|p2a: Venusaur|Venusaur, M|100/100
|turn|23
|
|t:|1760854011
|move|p2a: Venusaur|Giga Drain|p1a: Primarina
|-supereffective|p1a: Primarina
|-damage|p1a: Primarina|0 fnt
|faint|p1a: Primarina
|
|upkeep
|
|t:|1760854013
|switch|p1a: Ting-Lu|Ting-Lu|100/100
|-damage|p1a: Ting-Lu|94/100|[from] Stealth Rock
|-ability|p1a: Ting-Lu|Vessel of Ruin
|turn|24
|
|t:|1760854017
|move|p2a: Venusaur|Leech Seed|p1a: Ting-Lu
|-start|p1a: Ting-Lu|move: Leech Seed
|move|p1a: Ting-Lu|Zen Headbutt|p2a: Venusaur
|-supereffective|p2a: Venusaur
|-damage|p2a: Venusaur|50/100
|
|-heal|p2a: Venusaur|57/100|[from] item: Leftovers
|-heal|p1a: Ting-Lu|100/100|[from] item: Leftovers
|-damage|p1a: Ting-Lu|88/100|[from] Leech Seed|[of] p2a: Venusaur
|-heal|p2a: Venusaur|72/100|[silent]
|upkeep
|turn|25
|-message|ScryMagma forfeited.
|
|win|NoNSket
|raw|ScryMagma's rating: 1153 &rarr; <strong>1128</strong><br />(-25 for losing)
|raw|NoNSket's rating: 1147 &rarr; <strong>1172</strong><br />(+25 for winning)
|l|☆ScryMagma
|player|p1|
|l|☆NoNSket
|player|p2|
