|j|☆michaelgoalise
|j|☆rexydoodlesss
|t:|1760852094
|gametype|singles
|player|p1|michaelgoalise|1|1617
|player|p2|rexydoodlesss|adaman|1627
|gen|9
|tier|[Gen 9] OU
|rated|
|rule|HP Percentage Mod: HP is shown in percentages
|rule|Endless Battle Clause: Forcing endless battles is banned
|rule|Species Clause: Limit one of each Pokémon
|rule|OHKO Clause: OHKO moves are banned
|rule|Evasion Items Clause: Evasion items are banned
|rule|Evasion Moves Clause: Evasion moves are banned
|rule|Evasion Abilities Clause: Evasion abilities are banned
|rule|Sleep Moves Clause: Sleep-inducing moves are banned
|clearpoke
|poke|p1|Tyranitar, F|
|poke|p1|Excadrill, M|
|poke|p1|Iron Valiant|
|poke|p1|Palossand, M|
|poke|p1|Corviknight, M|
|poke|p1|Ogerpon-Wellspring, F|
|poke|p2|Araquanid, M|
|poke|p2|Gholdengo|
|poke|p2|Kingambit, F|
|poke|p2|Raging Bolt|
|poke|p2|Enamorus, F|
|poke|p2|Iron Moth|
|teampreview
|inactive|Battle timer is ON: inactive players will automatically lose when time's up. (requested by michaelgoalise)
|j| any2
|inactive|michaelgoalise has 120 seconds left.
|l| any2
|inactive|michaelgoalise has 90 seconds left.
|
|t:|1760852172
|teamsize|p1|6
|teamsize|p2|6
|start
|switch|p1a: Tyranitar|Tyranitar, F|100/100
|switch|p2a: Enamorus|Enamorus, F|100/100
|-weather|Sandstorm|[from] ability: Sand Stream|[of] p1a: Tyranitar
|turn|1
|inactive|michaelgoalise has 120 seconds left.
|inactive|michaelgoalise has 90 seconds left.
|
|t:|1760852234
|switch|p1a: Corviknight|Corviknight, M|100/100
|-ability|p1a: Corviknight|Pressure
|move|p2a: Enamorus|Moonblast|p1a: Corviknight
|-resisted|p1a: Corviknight
|-damage|p1a: Corviknight|59/100
|-unboost|p1a: Corviknight|spa|1
|
|-weather|Sandstorm|[upkeep]
|-damage|p2a: Enamorus|94/100|[from] Sandstorm
|upkeep
|turn|2
|inactive|michaelgoalise has 90 seconds left.
|
|t:|1760852251
|switch|p2a: Araquanid|Araquanid, M|100/100
|move|p1a: Corviknight|Roost|p1a: Corviknight
|-heal|p1a: Corviknight|100/100
|-singleturn|p1a: Corviknight|move: Roost
|
|-weather|Sandstorm|[upkeep]
|-damage|p2a: Araquanid|94/100|[from] Sandstorm
|upkeep
|turn|3
|inactive|michaelgoalise has 60 seconds left.
|inactive|michaelgoalise has 30 seconds left.
|
|t:|1760852318
|switch|p1a: Tyranitar|Tyranitar, F|100/100
|move|p2a: Araquanid|Sticky Web|p1a: Tyranitar
|-sidestart|p1: michaelgoalise|move: Sticky Web
|
|-weather|Sandstorm|[upkeep]
|-damage|p2a: Araquanid|88/100|[from] Sandstorm
|upkeep
|turn|4
|inactive|michaelgoalise has 30 seconds left.
|
|t:|1760852332
|move|p1a: Tyranitar|Stone Edge|p2a: Araquanid|[miss]
|-miss|p1a: Tyranitar|p2a: Araquanid
|move|p2a: Araquanid|Surf|p1a: Tyranitar
|-supereffective|p1a: Tyranitar
|-damage|p1a: Tyranitar|53/100
|
|-weather|Sandstorm|[upkeep]
|-damage|p2a: Araquanid|82/100|[from] Sandstorm
|-heal|p1a: Tyranitar|59/100|[from] item: Leftovers
|upkeep
|turn|5
|
|t:|1760852338
|move|p1a: Tyranitar|Stone Edge|p2a: Araquanid
|-supereffective|p2a: Araquanid
|-damage|p2a: Araquanid|0 fnt
|faint|p2a: Araquanid
|
|-weather|none
|-heal|p1a: Tyranitar|65/100|[from] item: Leftovers
|upkeep
|
|t:|1760852344
|switch|p2a: Kingambit|Kingambit, F|100/100
|-activate|p2a: Kingambit|ability: Supreme Overlord
|-start|p2a: Kingambit|fallen1|[silent]
|turn|6
|
|t:|1760852349
|switch|p1a: Corviknight|Corviknight, M|100/100
|-ability|p1a: Corviknight|Pressure
|move|p2a: Kingambit|Iron Head|p1a: Corviknight
|-resisted|p1a: Corviknight
|-damage|p1a: Corviknight|85/100
|-damage|p2a: Kingambit|84/100|[from] item: Rocky Helmet|[of] p1a: Corviknight
|
|upkeep
|turn|7
|
|t:|1760852374
|-end|p2a: Kingambit|fallen1|[silent]
|switch|p2a: Gholdengo|Gholdengo|100/100
|-item|p2a: Gholdengo|Air Balloon
|switch|p1a: Ogerpon|Ogerpon-Wellspring, F|100/100
|-activate|p1a: Ogerpon|move: Sticky Web
|-unboost|p1a: Ogerpon|spe|1
|
|upkeep
|turn|8
|inactive|michaelgoalise has 30 seconds left.
|
|t:|1760852390
|move|p2a: Gholdengo|Nasty Plot|p2a: Gholdengo
|-boost|p2a: Gholdengo|spa|2
|move|p1a: Ogerpon|U-turn|p2a: Gholdengo
|-resisted|p2a: Gholdengo
|-damage|p2a: Gholdengo|93/100
|-enditem|p2a: Gholdengo|Air Balloon
|inactive|michaelgoalise has 30 seconds left.
|inactive|michaelgoalise has 20 seconds left.
|
|t:|1760852405
|switch|p1a: Tyranitar|Tyranitar, F|65/100|[from] U-turn
|-activate|p1a: Tyranitar|move: Sticky Web
|-unboost|p1a: Tyranitar|spe|1
|-weather|Sandstorm|[from] ability: Sand Stream|[of] p1a: Tyranitar
|
|-weather|Sandstorm|[upkeep]
|-heal|p1a: Tyranitar|72/100|[from] item: Leftovers
|upkeep
|turn|9
|inactive|michaelgoalise has 30 seconds left this turn.
|
|t:|1760852413
|switch|p1a: Ogerpon|Ogerpon-Wellspring, F|100/100
|-activate|p1a: Ogerpon|move: Sticky Web
|-unboost|p1a: Ogerpon|spe|1
|move|p2a: Gholdengo|Make It Rain|p1a: Ogerpon
|-resisted|p1a: Ogerpon
|-damage|p1a: Ogerpon|14/100
|-unboost|p2a: Gholdengo|spa|1
|
|-weather|Sandstorm|[upkeep]
|-damage|p1a: Ogerpon|8/100|[from] Sandstorm
|upkeep
|turn|10
|inactive|michaelgoalise has 30 seconds left.
|
|t:|1760852424
|move|p2a: Gholdengo|Shadow Ball|p1a: Ogerpon
|-damage|p1a: Ogerpon|0 fnt
|faint|p1a: Ogerpon
|
|-weather|Sandstorm|[upkeep]
|upkeep
|inactive|michaelgoalise has 30 seconds left this turn.
|
|t:|1760852426
|switch|p1a: Excadrill|Excadrill, M|100/100
|-activate|p1a: Excadrill|move: Sticky Web
|-unboost|p1a: Excadrill|spe|1
|turn|11
|inactive|michaelgoalise has 30 seconds left.
|inactive|michaelgoalise has 20 seconds left.
|inactive|michaelgoalise has 15 seconds left.
|inactive|michaelgoalise has 10 seconds left.
|inactive|michaelgoalise has 5 seconds left.
|
|t:|1760852462
|switch|p1a: Palossand|Palossand, M|100/100
|-activate|p1a: Palossand|move: Sticky Web
|-unboost|p1a: Palossand|spe|1
|-terastallize|p2a: Gholdengo|Flying
|move|p2a: Gholdengo|Shadow Ball|p1a: Palossand
|-supereffective|p1a: Palossand
|-damage|p1a: Palossand|0 fnt
|faint|p1a: Palossand
|
|-weather|Sandstorm|[upkeep]
|-damage|p2a: Gholdengo|87/100|[from] Sandstorm
|upkeep
|inactive|michaelgoalise has 10 seconds left this turn.
|inactive|michaelgoalise has 5 seconds left.
|
|t:|1760852470
|switch|p1a: Excadrill|Excadrill, M|100/100
|-activate|p1a: Excadrill|move: Sticky Web
|-unboost|p1a: Excadrill|spe|1
|turn|12
|inactive|michaelgoalise has 15 seconds left this turn.
|inactive|michaelgoalise has 10 seconds left.
|
|t:|1760852478
|move|p1a: Excadrill|Iron Head|p2a: Gholdengo
|-damage|p2a: Gholdengo|10/100
|move|p2a: Gholdengo|Shadow Ball|p1a: Excadrill
|-damage|p1a: Excadrill|13/100
|
|-weather|none
|upkeep
|turn|13
|inactive|michaelgoalise has 20 seconds left this turn.
|inactive|michaelgoalise has 15 seconds left.
|
|t:|1760852486
|move|p2a: Gholdengo|Make It Rain|p1a: Excadrill
|-resisted|p1a: Excadrill
|-damage|p1a: Excadrill|0 fnt
|-unboost|p2a: Gholdengo|spa|1
|faint|p1a: Excadrill
|
|upkeep
|inactive|michaelgoalise has 20 seconds left this turn.
|inactive|michaelgoalise has 15 seconds left.
|inactive|michaelgoalise has 10 seconds left.
|
|t:|1760852497
|switch|p1a: Tyranitar|Tyranitar, F|72/100
|-activate|p1a: Tyranitar|move: Sticky Web
|-unboost|p1a: Tyranitar|spe|1
|-weather|Sandstorm|[from] ability: Sand Stream|[of] p1a: Tyranitar
|turn|14
|inactive|michaelgoalise has 20 seconds left this turn.
|inactive|michaelgoalise has 15 seconds left.
|
|t:|1760852504
|move|p2a: Gholdengo|Make It Rain|p1a: Tyranitar
|-supereffective|p1a: Tyranitar
|-damage|p1a: Tyranitar|15/100
|-unboost|p2a: Gholdengo|spa|1
|move|p1a: Tyranitar|Knock Off|p2a: Gholdengo
|-damage|p2a: Gholdengo|0 fnt
|faint|p2a: Gholdengo
|
|-weather|Sandstorm|[upkeep]
|-heal|p1a: Tyranitar|21/100|[from] item: Leftovers
|upkeep
|
|t:|1760852509
|switch|p2a: Enamorus|Enamorus, F|94/100
|turn|15
|inactive|michaelgoalise has 30 seconds left this turn.
|
|t:|1760852516
|move|p2a: Enamorus|Moonblast|p1a: Tyranitar
|-supereffective|p1a: Tyranitar
|-crit|p1a: Tyranitar
|-damage|p1a: Tyranitar|0 fnt
|faint|p1a: Tyranitar
|
|-weather|Sandstorm|[upkeep]
|-damage|p2a: Enamorus|88/100|[from] Sandstorm
|upkeep
|inactive|michaelgoalise has 30 seconds left this turn.
|
|t:|1760852520
|switch|p1a: Corviknight|Corviknight, M|85/100
|-ability|p1a: Corviknight|Pressure
|turn|16
|
|t:|1760852526
|move|p2a: Enamorus|Moonblast|p1a: Corviknight
|-resisted|p1a: Corviknight
|-damage|p1a: Corviknight|48/100
|move|p1a: Corviknight|Defog|p2a: Enamorus
|-boost|p2a: Enamorus|evasion|1
|-sideend|p1: michaelgoalise|Sticky Web|[from] move: Defog|[of] p1a: Corviknight
|
|-weather|Sandstorm|[upkeep]
|-damage|p2a: Enamorus|82/100|[from] Sandstorm
|upkeep
|turn|17
|c|☆rexydoodlesss|yo
|
|t:|1760852535
|move|p2a: Enamorus|Moonblast|p1a: Corviknight
|-resisted|p1a: Corviknight
|-crit|p1a: Corviknight
|-damage|p1a: Corviknight|0 fnt
|faint|p1a: Corviknight
|
|-weather|Sandstorm|[upkeep]
|-damage|p2a: Enamorus|76/100|[from] Sandstorm
|upkeep
|
|t:|1760852539
|switch|p1a: Iron Valiant|Iron Valiant|100/100
|-enditem|p1a: Iron Valiant|Booster Energy
|-activate|p1a: Iron Valiant|ability: Quark Drive|[fromitem]
|-start|p1a: Iron Valiant|quarkdrivespe
|turn|18
|c|☆rexydoodlesss|yo dodge this rq
|
|t:|1760852546
|move|p1a: Iron Valiant|Thunderbolt|p2a: Enamorus
|-supereffective|p2a: Enamorus
|-damage|p2a: Enamorus|0 fnt
|faint|p2a: Enamorus
|
|-weather|none
|upkeep
|c|☆rexydoodlesss|nooooo
|
|t:|1760852551
|switch|p2a: Iron Moth|Iron Moth|100/100
|-enditem|p2a: Iron Moth|Booster Energy
|-activate|p2a: Iron Moth|ability: Quark Drive|[fromitem]
|-start|p2a: Iron Moth|quarkdrivespa
|turn|19
|inactive|michaelgoalise has 60 seconds left.
|
|t:|1760852563
|-terastallize|p1a: Iron Valiant|Electric
|move|p1a: Iron Valiant|Calm Mind|p1a: Iron Valiant
|-boost|p1a: Iron Valiant|spa|1
|-boost|p1a: Iron Valiant|spd|1
|move|p2a: Iron Moth|Fiery Dance|p1a: Iron Valiant
|-damage|p1a: Iron Valiant|34/100
|-boost|p2a: Iron Moth|spa|1
|
|upkeep
|turn|20
|
|t:|1760852567
|move|p1a: Iron Valiant|Thunderbolt|p2a: Iron Moth
|-damage|p2a: Iron Moth|26/100
|move|p2a: Iron Moth|Fiery Dance|p1a: Iron Valiant
|-damage|p1a: Iron Valiant|0 fnt
|faint|p1a: Iron Valiant
|-end|p1a: Iron Valiant|Quark Drive|[silent]
|
|win|rexydoodlesss
|raw|michaelgoalise's rating: 1617 &rarr; <strong>1598</strong><br />(-19 for losing)
|raw|rexydoodlesss's rating: 1627 &rarr; <strong>1646</strong><br />(+19 for winning)
|l|☆rexydoodlesss
|player|p2|
|l|☆michaelgoalise
|player|p1|
