|j|☆GEM0816
|j|☆kgggv
|t:|1760792203
|gametype|singles
|player|p1|GEM0816|lady|1296
|player|p2|kgggv|170|1370
|gen|9
|tier|[Gen 9] OU
|rated|
|rule|HP Percentage Mod: HP is shown in percentages
|rule|Endless Battle Clause: Forcing endless battles is banned
|rule|Species Clause: Limit one of each Pokémon
|rule|OHKO Clause: OHKO moves are banned
|rule|Evasion Items Clause: Evasion items are banned
|rule|Evasion Moves Clause: Evasion moves are banned
|rule|Evasion Abilities Clause: Evasion abilities are banned
|rule|Sleep Moves Clause: Sleep-inducing moves are banned
|clearpoke
|poke|p1|Gallade, M|
|poke|p1|Zoroark-Hisui, F|
|poke|p1|Corviknight, M|
|poke|p1|Clodsire, M|
|poke|p1|Arcanine, M|
|poke|p1|Dachsbun, F|
|poke|p2|Great Tusk|
|poke|p2|Dragapult, F|
|poke|p2|Pecharunt|
|poke|p2|Ogerpon-Wellspring, F|
|poke|p2|Clefable, M|
|poke|p2|Moltres|
|teampreview
|inactive|Battle timer is ON: inactive players will automatically lose when time's up. (requested by GEM0816)
|
|t:|1760792227
|teamsize|p1|6
|teamsize|p2|6
|start
|switch|p1a: 艾路雷朵|Gallade, M|100/100
|switch|p2a: Moltres|Moltres|100/100
|turn|1
|
|t:|1760792236
|switch|p1a: 麻花犬|Dachsbun, F|100/100
|move|p2a: Moltres|U-turn|p1a: 麻花犬
|-resisted|p1a: 麻花犬
|-damage|p1a: 麻花犬|95/100
|
|t:|1760792239
|switch|p2a: Pecharunt|Pecharunt|100/100|[from] U-turn
|
|-heal|p1a: 麻花犬|100/100|[from] item: Leftovers
|upkeep
|turn|2
|
|t:|1760792248
|switch|p1a: 钢铠鸦|Corviknight, M|100/100
|move|p2a: Pecharunt|Malignant Chain|p1a: 钢铠鸦
|-immune|p1a: 钢铠鸦
|
|upkeep
|turn|3
|
|t:|1760792256
|move|p2a: Pecharunt|Parting Shot|p1a: 钢铠鸦
|-ability|p1a: 钢铠鸦|Mirror Armor
|-unboost|p2a: Pecharunt|atk|1
|-ability|p1a: 钢铠鸦|Mirror Armor
|-unboost|p2a: Pecharunt|spa|1
|
|t:|1760792261
|switch|p2a: Moltres|Moltres|100/100|[from] Parting Shot
|move|p1a: 钢铠鸦|Iron Defense|p1a: 钢铠鸦
|-boost|p1a: 钢铠鸦|def|2
|
|upkeep
|turn|4
|
|t:|1760792271
|switch|p1a: 麻花犬|Dachsbun, F|100/100
|move|p2a: Moltres|U-turn|p1a: 麻花犬
|-resisted|p1a: 麻花犬
|-damage|p1a: 麻花犬|95/100
|
|t:|1760792276
|switch|p2a: Clefable|Clefable, M|100/100|[from] U-turn
|
|-heal|p1a: 麻花犬|100/100|[from] item: Leftovers
|upkeep
|turn|5
|
|t:|1760792283
|move|p1a: 麻花犬|Thunder Fang|p2a: Clefable
|-damage|p2a: Clefable|91/100
|cant|p2a: Clefable|flinch
|
|-heal|p2a: Clefable|97/100|[from] item: Leftovers
|upkeep
|turn|6
|
|t:|1760792289
|move|p1a: 麻花犬|Thunder Fang|p2a: Clefable
|-damage|p2a: Clefable|88/100
|-status|p2a: Clefable|par
|move|p2a: Clefable|Stealth Rock|p1a: 麻花犬
|-sidestart|p1: GEM0816|move: Stealth Rock
|
|-heal|p2a: Clefable|94/100 par|[from] item: Leftovers
|upkeep
|turn|7
|
|t:|1760792300
|switch|p1a: 钢铠鸦|Corviknight, M|100/100
|-damage|p1a: 钢铠鸦|88/100|[from] Stealth Rock
|move|p2a: Clefable|Knock Off|p1a: 钢铠鸦
|-damage|p1a: 钢铠鸦|78/100
|-enditem|p1a: 钢铠鸦|Leftovers|[from] move: Knock Off|[of] p2a: Clefable
|
|-heal|p2a: Clefable|99/100 par|[from] item: Leftovers
|upkeep
|turn|8
|
|t:|1760792309
|switch|p2a: Moltres|Moltres|100/100
|move|p1a: 钢铠鸦|Defog|p2a: Moltres
|-unboost|p2a: Moltres|evasion|1
|-sideend|p1: GEM0816|Stealth Rock|[from] move: Defog|[of] p1a: 钢铠鸦
|
|upkeep
|turn|9
|
|t:|1760792318
|switch|p1a: 疯狗|Arcanine, M|100/100
|-ability|p1a: 疯狗|Intimidate|boost
|-unboost|p2a: Moltres|atk|1
|move|p2a: Moltres|Flamethrower|p1a: 疯狗
|-resisted|p1a: 疯狗
|-damage|p1a: 疯狗|81/100
|
|upkeep
|turn|10
|
|t:|1760792337
|switch|p1a: 麻花犬|Dachsbun, F|100/100
|move|p2a: Moltres|U-turn|p1a: 麻花犬
|-resisted|p1a: 麻花犬
|-damage|p1a: 麻花犬|97/100
|
|t:|1760792346
|switch|p2a: Pecharunt|Pecharunt|100/100|[from] U-turn
|
|-heal|p1a: 麻花犬|100/100|[from] item: Leftovers
|upkeep
|turn|11
|
|t:|1760792352
|switch|p1a: 土王|Clodsire, M|100/100
|move|p2a: Pecharunt|Malignant Chain|p1a: 土王
|-resisted|p1a: 土王
|-damage|p1a: 土王|97/100
|
|-heal|p1a: 土王|100/100|[from] item: Black Sludge
|upkeep
|turn|12
|
|t:|1760792364
|move|p2a: Pecharunt|Parting Shot|p1a: 土王
|-unboost|p1a: 土王|atk|1
|-unboost|p1a: 土王|spa|1
|
|t:|1760792369
|switch|p2a: Great Tusk|Great Tusk|100/100|[from] Parting Shot
|move|p1a: 土王|Toxic|p2a: Great Tusk
|-status|p2a: Great Tusk|tox
|
|-damage|p2a: Great Tusk|94/100 tox|[from] psn
|upkeep
|turn|13
|
|t:|1760792379
|-end|p2a: Great Tusk|Protosynthesis|[silent]
|switch|p2a: Dragapult|Dragapult, F|100/100
|switch|p1a: 钢铠鸦|Corviknight, M|78/100
|
|upkeep
|turn|14
|
|t:|1760792393
|switch|p1a: 疯狗|Arcanine, M|81/100
|-ability|p1a: 疯狗|Intimidate|boost
|-unboost|p2a: Dragapult|atk|1
|-terastallize|p2a: Dragapult|Ghost
|move|p2a: Dragapult|Shadow Ball|p1a: 疯狗
|-damage|p1a: 疯狗|5/100
|
|upkeep
|turn|15
|
|t:|1760792403
|switch|p1a: 艾路雷朵|Gallade, M|100/100
|move|p2a: Dragapult|Shadow Ball|p1a: 艾路雷朵
|-immune|p1a: 艾路雷朵
|
|upkeep
|turn|16
|
|t:|1760792411
|switch|p2a: Clefable|Clefable, M|99/100 par
|move|p1a: 艾路雷朵|Bitter Malice|p2a: Clefable
|-damage|p2a: Clefable|66/100 par
|-unboost|p2a: Clefable|atk|1
|
|-heal|p2a: Clefable|72/100 par|[from] item: Leftovers
|upkeep
|turn|17
|
|t:|1760792425
|switch|p1a: 疯狗|Arcanine, M|5/100
|-ability|p1a: 疯狗|Intimidate|boost
|-unboost|p2a: Clefable|atk|1
|move|p2a: Clefable|Knock Off|p1a: 疯狗
|-damage|p1a: 疯狗|0 fnt
|-enditem|p1a: 疯狗|Rocky Helmet|[from] move: Knock Off|[of] p2a: Clefable
|faint|p1a: 疯狗
|
|-heal|p2a: Clefable|78/100 par|[from] item: Leftovers
|upkeep
|
|t:|1760792437
|switch|p1a: 艾路雷朵|Gallade, M|100/100
|turn|18
|
|t:|1760792442
|move|p1a: 艾路雷朵|Psycho Cut|p2a: Clefable
|-damage|p2a: Clefable|6/100 par
|move|p2a: Clefable|Moonblast|p1a: 艾路雷朵
|-supereffective|p1a: 艾路雷朵
|-damage|p1a: 艾路雷朵|34/100
|
|-heal|p2a: Clefable|12/100 par|[from] item: Leftovers
|upkeep
|turn|19
|
|t:|1760792447
|move|p1a: 艾路雷朵|Psycho Cut|p2a: Clefable
|-crit|p2a: Clefable
|-damage|p2a: Clefable|0 fnt
|faint|p2a: Clefable
|
|upkeep
|
|t:|1760792452
|switch|p2a: Dragapult|Dragapult, F, tera:Ghost|100/100
|turn|20
|
|t:|1760792462
|switch|p1a: 土王|Clodsire, M|100/100
|move|p2a: Dragapult|Flamethrower|p1a: 土王
|-damage|p1a: 土王|81/100
|
|-heal|p1a: 土王|87/100|[from] item: Black Sludge
|upkeep
|turn|21
|
|t:|1760792470
|switch|p2a: Pecharunt|Pecharunt|100/100
|switch|p1a: 麻花犬|Dachsbun, F|100/100
|
|upkeep
|turn|22
|
|t:|1760792481
|switch|p1a: 钢铠鸦|Corviknight, M|78/100
|move|p2a: Pecharunt|Parting Shot|p1a: 钢铠鸦
|-ability|p1a: 钢铠鸦|Mirror Armor
|-unboost|p2a: Pecharunt|atk|1
|-ability|p1a: 钢铠鸦|Mirror Armor
|-unboost|p2a: Pecharunt|spa|1
|
|t:|1760792498
|switch|p2a: Dragapult|Dragapult, F, tera:Ghost|100/100|[from] Parting Shot
|
|upkeep
|turn|23
|
|t:|1760792505
|switch|p1a: 土王|Clodsire, M|87/100
|move|p2a: Dragapult|Draco Meteor|p1a: 土王
|-damage|p1a: 土王|42/100
|-unboost|p2a: Dragapult|spa|2
|
|-heal|p1a: 土王|49/100|[from] item: Black Sludge
|upkeep
|turn|24
|
|t:|1760792516
|switch|p2a: Great Tusk|Great Tusk|94/100 tox
|move|p1a: 土王|Toxic|p2a: Great Tusk
|-fail|p2a: Great Tusk|tox
|
|-heal|p2a: Great Tusk|100/100 tox|[from] item: Leftovers
|-heal|p1a: 土王|55/100|[from] item: Black Sludge
|-damage|p2a: Great Tusk|94/100 tox|[from] psn
|upkeep
|turn|25
|
|t:|1760792537
|move|p1a: 土王|Protect|p1a: 土王
|-singleturn|p1a: 土王|Protect
|move|p2a: Great Tusk|Knock Off|p1a: 土王
|-activate|p1a: 土王|move: Protect
|
|-heal|p2a: Great Tusk|100/100 tox|[from] item: Leftovers
|-heal|p1a: 土王|61/100|[from] item: Black Sludge
|-damage|p2a: Great Tusk|88/100 tox|[from] psn
|upkeep
|turn|26
|
|t:|1760792547
|-end|p2a: Great Tusk|Protosynthesis|[silent]
|switch|p2a: Dragapult|Dragapult, F, tera:Ghost|100/100
|switch|p1a: 麻花犬|Dachsbun, F|100/100
|
|upkeep
|turn|27
|
|t:|1760792555
|move|p2a: Dragapult|Shadow Ball|p1a: 麻花犬
|-damage|p1a: 麻花犬|14/100
|move|p1a: 麻花犬|Wish|p1a: 麻花犬
|
|-heal|p1a: 麻花犬|20/100|[from] item: Leftovers
|upkeep
|turn|28
|
|t:|1760792565
|move|p1a: 麻花犬|Protect|p1a: 麻花犬
|-singleturn|p1a: 麻花犬|Protect
|move|p2a: Dragapult|Shadow Ball|p1a: 麻花犬
|-activate|p1a: 麻花犬|move: Protect
|
|-heal|p1a: 麻花犬|70/100|[from] move: Wish|[wisher] 麻花犬
|-heal|p1a: 麻花犬|76/100|[from] item: Leftovers
|upkeep
|turn|29
|
|t:|1760792577
|switch|p2a: Ogerpon|Ogerpon-Wellspring, F|100/100
|switch|p1a: 钢铠鸦|Corviknight, M|100/100
|
|upkeep
|turn|30
|
|t:|1760792589
|move|p1a: 钢铠鸦|Bitter Malice|p2a: Ogerpon
|-damage|p2a: Ogerpon|59/100
|-unboost|p2a: Ogerpon|atk|1
|move|p2a: Ogerpon|Swords Dance|p2a: Ogerpon
|-boost|p2a: Ogerpon|atk|2
|
|upkeep
|turn|31
|
|t:|1760792600
|move|p1a: 钢铠鸦|Bitter Malice|p2a: Ogerpon
|-damage|p2a: Ogerpon|11/100
|-unboost|p2a: Ogerpon|atk|1
|move|p2a: Ogerpon|Horn Leech|p1a: 钢铠鸦
|-damage|p1a: 钢铠鸦|10/100
|-heal|p2a: Ogerpon|49/100|[from] drain|[of] p1a: 钢铠鸦
|replace|p1a: 索罗亚克|Zoroark-Hisui, F
|-end|p1a: 索罗亚克|Illusion
|
|upkeep
|turn|32
|
|t:|1760792611
|switch|p2a: Moltres|Moltres|100/100
|move|p1a: 索罗亚克|Bitter Malice|p2a: Moltres
|-damage|p2a: Moltres|59/100
|-unboost|p2a: Moltres|atk|1
|
|upkeep
|turn|33
|
|t:|1760792621
|switch|p1a: 麻花犬|Dachsbun, F|76/100
|move|p2a: Moltres|Roost|p2a: Moltres
|-heal|p2a: Moltres|100/100
|-singleturn|p2a: Moltres|move: Roost
|
|-heal|p1a: 麻花犬|82/100|[from] item: Leftovers
|upkeep
|turn|34
|
|t:|1760792632
|move|p1a: 麻花犬|Wish|p1a: 麻花犬
|move|p2a: Moltres|U-turn|p1a: 麻花犬
|-resisted|p1a: 麻花犬
|-damage|p1a: 麻花犬|79/100
|
|t:|1760792640
|switch|p2a: Pecharunt|Pecharunt|100/100|[from] U-turn
|
|-heal|p1a: 麻花犬|85/100|[from] item: Leftovers
|upkeep
|turn|35
|
|t:|1760792649
|switch|p1a: 土王|Clodsire, M|61/100
|move|p2a: Pecharunt|Foul Play|p1a: 土王
|-damage|p1a: 土王|41/100
|
|-heal|p1a: 土王|75/100|[from] move: Wish|[wisher] 麻花犬
|-heal|p1a: 土王|82/100|[from] item: Black Sludge
|upkeep
|turn|36
|
|t:|1760792661
|switch|p2a: Moltres|Moltres|100/100
|move|p1a: 土王|Earthquake|p2a: Moltres
|-immune|p2a: Moltres
|
|-heal|p1a: 土王|88/100|[from] item: Black Sludge
|upkeep
|turn|37
|
|t:|1760792667
|move|p2a: Moltres|U-turn|p1a: 土王
|-resisted|p1a: 土王
|-damage|p1a: 土王|80/100
|
|t:|1760792671
|switch|p2a: Great Tusk|Great Tusk|88/100 tox|[from] U-turn
|move|p1a: 土王|Toxic|p2a: Great Tusk
|-fail|p2a: Great Tusk|tox
|
|-heal|p2a: Great Tusk|94/100 tox|[from] item: Leftovers
|-heal|p1a: 土王|86/100|[from] item: Black Sludge
|-damage|p2a: Great Tusk|88/100 tox|[from] psn
|upkeep
|turn|38
|
|t:|1760792680
|-end|p2a: Great Tusk|Protosynthesis|[silent]
|switch|p2a: Dragapult|Dragapult, F, tera:Ghost|100/100
|move|p1a: 土王|Protect||[still]
|-fail|p1a: 土王
|
|-heal|p1a: 土王|93/100|[from] item: Black Sludge
|upkeep
|turn|39
|
|t:|1760792685
|move|p2a: Dragapult|Shadow Ball|p1a: 土王
|-damage|p1a: 土王|58/100
|move|p1a: 土王|Toxic|p2a: Dragapult
|-status|p2a: Dragapult|tox
|
|-heal|p1a: 土王|64/100|[from] item: Black Sludge
|-damage|p2a: Dragapult|95/100 tox|[from] psn
|upkeep
|turn|40
|-message|kgggv forfeited.
|
|win|GEM0816
|raw|GEM0816's rating: 1296 &rarr; <strong>1326</strong><br />(+30 for winning)
|raw|kgggv's rating: 1370 &rarr; <strong>1346</strong><br />(-24 for losing)
|l|☆kgggv
|player|p2|
|l|☆GEM0816
|player|p1|
