|j|☆egroeggany120
|j|☆SageMcBeige
|t:|1760746067
|gametype|singles
|player|p1|egroeggany120|101|1256
|player|p2|SageMcBeige|cynthia|1236
|gen|9
|tier|[Gen 9] OU
|rated|
|rule|HP Percentage Mod: HP is shown in percentages
|rule|Endless Battle Clause: Forcing endless battles is banned
|rule|Species Clause: Limit one of each Pokémon
|rule|OHKO Clause: OHKO moves are banned
|rule|Evasion Items Clause: Evasion items are banned
|rule|Evasion Moves Clause: Evasion moves are banned
|rule|Evasion Abilities Clause: Evasion abilities are banned
|rule|Sleep Moves Clause: Sleep-inducing moves are banned
|clearpoke
|poke|p1|Landorus-Therian, M|
|poke|p1|Samurott-Hisui, F|
|poke|p1|Pecharunt|
|poke|p1|Scizor, M|
|poke|p1|Latios, M|
|poke|p1|Zamazenta-*|
|poke|p2|Galvantula, M|
|poke|p2|Dunsparce, M|
|poke|p2|Zoroark-Hisui, F|
|poke|p2|Regidrago|
|poke|p2|Empoleon, M|
|poke|p2|Iron Treads|
|teampreview
|
|t:|1760746081
|teamsize|p1|6
|teamsize|p2|6
|start
|switch|p1a: Pecharunt|Pecharunt|100/100
|switch|p2a: GAYvantula|Galvantula, M|100/100
|turn|1
|
|t:|1760746089
|move|p2a: GAYvantula|Thunder Wave|p1a: Pecharunt
|-status|p1a: Pecharunt|par
|move|p1a: Pecharunt|Malignant Chain|p2a: GAYvantula
|-damage|p2a: GAYvantula|47/100
|
|upkeep
|turn|2
|
|t:|1760746101
|move|p2a: GAYvantula|Sticky Web|p1a: Pecharunt
|-sidestart|p1: egroeggany120|move: Sticky Web
|move|p1a: Pecharunt|Malignant Chain|p2a: GAYvantula
|-damage|p2a: GAYvantula|0 fnt
|faint|p2a: GAYvantula
|
|upkeep
|
|t:|1760746114
|switch|p2a: RegiDRAGQUEEN|Regidrago|100/100
|turn|3
|
|t:|1760746124
|switch|p1a: Scizor|Scizor, M|100/100
|move|p2a: RegiDRAGQUEEN|Dragon Energy|p1a: Scizor
|-resisted|p1a: Scizor
|-damage|p1a: Scizor|29/100
|
|upkeep
|turn|4
|
|t:|1760746127
|move|p1a: Scizor|Bullet Punch|p2a: RegiDRAGQUEEN
|-damage|p2a: RegiDRAGQUEEN|60/100
|move|p2a: RegiDRAGQUEEN|Dragon Energy|p1a: Scizor
|-resisted|p1a: Scizor
|-damage|p1a: Scizor|0 fnt
|faint|p1a: Scizor
|
|upkeep
|
|t:|1760746140
|switch|p1a: Landorus|Landorus-Therian, M|100/100
|-ability|p1a: Landorus|Intimidate|boost
|-unboost|p2a: RegiDRAGQUEEN|atk|1
|turn|5
|
|t:|1760746146
|move|p2a: RegiDRAGQUEEN|Dragon Energy|p1a: Landorus
|-damage|p1a: Landorus|35/100
|move|p1a: Landorus|Earthquake|p2a: RegiDRAGQUEEN
|-damage|p2a: RegiDRAGQUEEN|6/100
|
|upkeep
|turn|6
|
|t:|1760746153
|switch|p2a: DunspASEXUAL|Dunsparce, M|100/100
|move|p1a: Landorus|U-turn|p2a: DunspASEXUAL
|-damage|p2a: DunspASEXUAL|88/100
|
|t:|1760746167
|switch|p1a: Zamazenta|Zamazenta|100/100|[from] U-turn
|-activate|p1a: Zamazenta|move: Sticky Web
|-unboost|p1a: Zamazenta|spe|1
|-ability|p1a: Zamazenta|Dauntless Shield|boost
|-boost|p1a: Zamazenta|def|1
|
|upkeep
|turn|7
|
|t:|1760746172
|move|p1a: Zamazenta|Iron Defense|p1a: Zamazenta
|-boost|p1a: Zamazenta|def|2
|move|p2a: DunspASEXUAL|Glare|p1a: Zamazenta
|-status|p1a: Zamazenta|par
|
|upkeep
|turn|8
|
|t:|1760746185
|move|p2a: DunspASEXUAL|Headbutt|p1a: Zamazenta
|-damage|p1a: Zamazenta|95/100 par
|cant|p1a: Zamazenta|flinch
|
|-heal|p1a: Zamazenta|100/100 par|[from] item: Leftovers
|upkeep
|turn|9
|
|t:|1760746191
|switch|p2a: RegiDRAGQUEEN|Regidrago|100/100
|cant|p1a: Zamazenta|par
|
|upkeep
|turn|10
|
|t:|1760746199
|move|p2a: RegiDRAGQUEEN|Bitter Malice|p1a: Zamazenta
|-damage|p1a: Zamazenta|51/100 par
|-unboost|p1a: Zamazenta|atk|1
|cant|p1a: Zamazenta|par
|
|-heal|p1a: Zamazenta|57/100 par|[from] item: Leftovers
|upkeep
|turn|11
|
|t:|1760746207
|switch|p1a: Samurott|Samurott-Hisui, F|100/100
|-activate|p1a: Samurott|move: Sticky Web
|-unboost|p1a: Samurott|spe|1
|move|p2a: RegiDRAGQUEEN|Bitter Malice|p1a: Samurott
|-resisted|p1a: Samurott
|-damage|p1a: Samurott|75/100
|-unboost|p1a: Samurott|atk|1
|
|upkeep
|turn|12
|
|t:|1760746212
|switch|p2a: Empoleon|Empoleon, M|100/100
|move|p1a: Samurott|Knock Off|p2a: Empoleon
|-damage|p2a: Empoleon|67/100
|-enditem|p2a: Empoleon|Life Orb|[from] move: Knock Off|[of] p1a: Samurott
|
|upkeep
|turn|13
|
|t:|1760746225
|switch|p1a: Pecharunt|Pecharunt|100/100 par
|move|p2a: Empoleon|Flash Cannon|p1a: Pecharunt
|-crit|p1a: Pecharunt
|-damage|p1a: Pecharunt|38/100 par
|
|upkeep
|turn|14
|
|t:|1760746231
|move|p2a: Empoleon|Flash Cannon|p1a: Pecharunt
|-damage|p1a: Pecharunt|0 fnt
|faint|p1a: Pecharunt
|
|upkeep
|
|t:|1760746234
|switch|p1a: Landorus|Landorus-Therian, M|35/100
|-ability|p1a: Landorus|Intimidate|boost
|-unboost|p2a: Empoleon|atk|1
|-ability|p2a: Empoleon|Competitive|boost
|-boost|p2a: Empoleon|spa|2
|turn|15
|
|t:|1760746239
|move|p1a: Landorus|Earthquake|p2a: Empoleon
|-supereffective|p2a: Empoleon
|-damage|p2a: Empoleon|0 fnt
|faint|p2a: Empoleon
|
|upkeep
|
|t:|1760746247
|switch|p2a: RegiDRAGQUEEN|Regidrago|6/100
|turn|16
|
|t:|1760746260
|move|p2a: RegiDRAGQUEEN|Draco Meteor|p1a: Landorus
|-damage|p1a: Landorus|0 fnt
|-unboost|p2a: RegiDRAGQUEEN|spa|2
|faint|p1a: Landorus
|
|upkeep
|
|t:|1760746268
|switch|p1a: Samurott|Samurott-Hisui, F|75/100
|-activate|p1a: Samurott|move: Sticky Web
|-unboost|p1a: Samurott|spe|1
|turn|17
|
|t:|1760746273
|move|p1a: Samurott|Aqua Jet|p2a: RegiDRAGQUEEN
|-resisted|p2a: RegiDRAGQUEEN
|-damage|p2a: RegiDRAGQUEEN|0 fnt
|faint|p2a: RegiDRAGQUEEN
|
|upkeep
|
|t:|1760746277
|switch|p2a: DunspASEXUAL|Dunsparce, M|88/100
|turn|18
|
|t:|1760746280
|switch|p1a: Zamazenta|Zamazenta|57/100 par
|-activate|p1a: Zamazenta|move: Sticky Web
|-unboost|p1a: Zamazenta|spe|1
|move|p2a: DunspASEXUAL|Coil|p2a: DunspASEXUAL
|-boost|p2a: DunspASEXUAL|atk|1
|-boost|p2a: DunspASEXUAL|def|1
|-boost|p2a: DunspASEXUAL|accuracy|1
|
|-heal|p1a: Zamazenta|64/100 par|[from] item: Leftovers
|upkeep
|turn|19
|
|t:|1760746285
|move|p2a: DunspASEXUAL|Coil|p2a: DunspASEXUAL
|-boost|p2a: DunspASEXUAL|atk|1
|-boost|p2a: DunspASEXUAL|def|1
|-boost|p2a: DunspASEXUAL|accuracy|1
|move|p1a: Zamazenta|Roar|p2a: DunspASEXUAL
|drag|p2a: DunspASEXUAL|Dunsparce, M|100/100
|
|-heal|p1a: Zamazenta|70/100 par|[from] item: Leftovers
|upkeep
|turn|20
|
|t:|1760746301
|move|p2a: DunspASEXUAL|Bitter Malice|p1a: Zamazenta
|-damage|p1a: Zamazenta|18/100 par
|-unboost|p1a: Zamazenta|atk|1
|cant|p1a: Zamazenta|par
|
|-heal|p1a: Zamazenta|24/100 par|[from] item: Leftovers
|upkeep
|turn|21
|
|t:|1760746312
|switch|p1a: Samurott|Samurott-Hisui, F|75/100
|-activate|p1a: Samurott|move: Sticky Web
|-unboost|p1a: Samurott|spe|1
|move|p2a: DunspASEXUAL|Bitter Malice|p1a: Samurott
|-resisted|p1a: Samurott
|-damage|p1a: Samurott|49/100
|-unboost|p1a: Samurott|atk|1
|
|upkeep
|turn|22
|
|t:|1760746327
|switch|p2a: Iron TRANS|Iron Treads|100/100
|move|p1a: Samurott|Knock Off|p2a: Iron TRANS
|-damage|p2a: Iron TRANS|71/100
|-enditem|p2a: Iron TRANS|Heavy-Duty Boots|[from] move: Knock Off|[of] p1a: Samurott
|
|upkeep
|turn|23
|
|t:|1760746334
|switch|p1a: Latios|Latios, M|100/100
|move|p2a: Iron TRANS|Volt Switch|p1a: Latios
|-resisted|p1a: Latios
|-damage|p1a: Latios|95/100
|
|t:|1760746338
|-end|p2a: Iron TRANS|Quark Drive|[silent]
|switch|p2a: DunspASEXUAL|Dunsparce, M|88/100|[from] Volt Switch
|
|upkeep
|turn|24
|
|t:|1760746368
|move|p1a: Latios|Calm Mind|p1a: Latios
|-boost|p1a: Latios|spa|1
|-boost|p1a: Latios|spd|1
|move|p2a: DunspASEXUAL|Glare|p1a: Latios
|-status|p1a: Latios|par
|
|upkeep
|turn|25
|
|t:|1760746384
|move|p2a: DunspASEXUAL|Coil|p2a: DunspASEXUAL
|-boost|p2a: DunspASEXUAL|atk|1
|-boost|p2a: DunspASEXUAL|def|1
|-boost|p2a: DunspASEXUAL|accuracy|1
|move|p1a: Latios|Calm Mind|p1a: Latios
|-boost|p1a: Latios|spa|1
|-boost|p1a: Latios|spd|1
|
|upkeep
|turn|26
|
|t:|1760746391
|move|p2a: DunspASEXUAL|Headbutt|p1a: Latios
|-damage|p1a: Latios|59/100 par
|cant|p1a: Latios|flinch
|
|upkeep
|turn|27
|
|t:|1760746397
|move|p2a: DunspASEXUAL|Headbutt|p1a: Latios
|-crit|p1a: Latios
|-damage|p1a: Latios|2/100 par
|cant|p1a: Latios|flinch
|
|upkeep
|turn|28
|c|☆egroeggany120|...
|c|☆SageMcBeige|...
|-message|egroeggany120 forfeited.
|
|win|SageMcBeige
|raw|egroeggany120's rating: 1256 &rarr; <strong>1230</strong><br />(-26 for losing)
|raw|SageMcBeige's rating: 1236 &rarr; <strong>1262</strong><br />(+26 for winning)
|l|☆egroeggany120
|player|p1|
|l|☆SageMcBeige
|player|p2|
