|j|☆MTv_09
|j|☆Najaria
|t:|1760811642
|gametype|singles
|player|p1|MTv_09|guitarist|1225
|player|p2|Najaria|lucas-gen4pt|1222
|gen|9
|tier|[Gen 9] OU
|rated|
|rule|HP Percentage Mod: HP is shown in percentages
|rule|Endless Battle Clause: Forcing endless battles is banned
|rule|Species Clause: Limit one of each Pokémon
|rule|OHKO Clause: OHKO moves are banned
|rule|Evasion Items Clause: Evasion items are banned
|rule|Evasion Moves Clause: Evasion moves are banned
|rule|Evasion Abilities Clause: Evasion abilities are banned
|rule|Sleep Moves Clause: Sleep-inducing moves are banned
|clearpoke
|poke|p1|Toxtricity, M|
|poke|p1|Scizor, M|
|poke|p1|Gliscor, M|
|poke|p1|Corviknight, M|
|poke|p1|Meowscarada, M|
|poke|p1|Skarmory, M|
|poke|p2|Ogerpon-Wellspring, F|
|poke|p2|Ceruledge, M|
|poke|p2|Darkrai|
|poke|p2|Glimmora, F|
|poke|p2|Raging Bolt|
|poke|p2|Landorus-Therian, M|
|teampreview
|
|t:|1760811651
|teamsize|p1|6
|teamsize|p2|6
|start
|switch|p1a: Murdoc|Gliscor, M|100/100
|switch|p2a: Glimmora|Glimmora, F|100/100
|turn|1
|
|t:|1760811682
|move|p2a: Glimmora|Stealth Rock|p1a: Murdoc
|-sidestart|p1: MTv_09|move: Stealth Rock
|move|p1a: Murdoc|Earthquake|p2a: Glimmora
|-supereffective|p2a: Glimmora
|-damage|p2a: Glimmora|0 fnt
|-activate|p2a: Glimmora|ability: Toxic Debris
|-sidestart|p1: MTv_09|move: Toxic Spikes
|faint|p2a: Glimmora
|
|-status|p1a: Murdoc|tox|[from] item: Toxic Orb
|upkeep
|
|t:|1760811693
|switch|p2a: Ogerpon|Ogerpon-Wellspring, F|100/100
|turn|2
|
|t:|1760811712
|move|p2a: Ogerpon|Ivy Cudgel|p1a: Murdoc|[anim] Ivy Cudgel Water
|-supereffective|p1a: Murdoc
|-damage|p1a: Murdoc|22/100 tox
|move|p1a: Murdoc|Toxic Spikes|p2a: Ogerpon
|-sidestart|p2: Najaria|move: Toxic Spikes
|
|-heal|p1a: Murdoc|35/100 tox|[from] ability: Poison Heal
|upkeep
|turn|3
|
|t:|1760811733
|switch|p1a: Kurt|Toxtricity, M|100/100
|-damage|p1a: Kurt|88/100|[from] Stealth Rock
|-sideend|p1: MTv_09|move: Toxic Spikes|[of] p1a: Kurt
|move|p2a: Ogerpon|Play Rough|p1a: Kurt
|-resisted|p1a: Kurt
|-damage|p1a: Kurt|55/100
|
|upkeep
|turn|4
|
|t:|1760811751
|switch|p2a: Landorus|Landorus-Therian, M|100/100
|-ability|p2a: Landorus|Intimidate|boost
|-unboost|p1a: Kurt|atk|1
|-terastallize|p1a: Kurt|Normal
|move|p1a: Kurt|Sludge Wave|p2a: Landorus
|-resisted|p2a: Landorus
|-damage|p2a: Landorus|68/100
|
|upkeep
|turn|5
|
|t:|1760811767
|switch|p1a: Keiler|Meowscarada, M|100/100
|move|p2a: Landorus|Hammer Arm|p1a: Keiler
|-supereffective|p1a: Keiler
|-damage|p1a: Keiler|0 fnt
|-unboost|p2a: Landorus|spe|1
|faint|p1a: Keiler
|
|upkeep
|
|t:|1760811777
|switch|p1a: Kurt|Toxtricity, M, tera:Normal|55/100
|-damage|p1a: Kurt|43/100|[from] Stealth Rock
|turn|6
|
|t:|1760811792
|switch|p2a: Raging Bolt|Raging Bolt|100/100
|-status|p2a: Raging Bolt|psn
|move|p1a: Kurt|Boomburst|p2a: Raging Bolt
|-damage|p2a: Raging Bolt|27/100 psn
|
|-damage|p2a: Raging Bolt|15/100 psn|[from] psn
|upkeep
|turn|7
|
|t:|1760811805
|move|p2a: Raging Bolt|Thunderclap|p1a: Kurt
|-damage|p1a: Kurt|0 fnt
|faint|p1a: Kurt
|
|-damage|p2a: Raging Bolt|2/100 psn|[from] psn
|upkeep
|
|t:|1760811813
|switch|p1a: Murdoc|Gliscor, M|35/100 tox
|-damage|p1a: Murdoc|22/100 tox|[from] Stealth Rock
|turn|8
|
|t:|1760811820
|move|p1a: Murdoc|Stealth Rock|p2a: Raging Bolt
|-sidestart|p2: Najaria|move: Stealth Rock
|move|p2a: Raging Bolt|Draco Meteor|p1a: Murdoc
|-damage|p1a: Murdoc|0 fnt
|-unboost|p2a: Raging Bolt|spa|2
|faint|p1a: Murdoc
|
|-damage|p2a: Raging Bolt|0 fnt|[from] psn
|faint|p2a: Raging Bolt
|-end|p2a: Raging Bolt|Protosynthesis|[silent]
|upkeep
|
|t:|1760811836
|switch|p1a: K!ng|Skarmory, M, shiny|100/100
|switch|p2a: Ceruledge|Ceruledge, M|100/100
|-status|p2a: Ceruledge|psn
|-damage|p2a: Ceruledge|76/100 psn|[from] Stealth Rock
|-damage|p1a: K!ng|88/100|[from] Stealth Rock
|turn|9
|
|t:|1760811851
|move|p2a: Ceruledge|Swords Dance|p2a: Ceruledge
|-boost|p2a: Ceruledge|atk|2
|move|p1a: K!ng|Whirlwind|p2a: Ceruledge
|drag|p2a: Ogerpon|Ogerpon-Wellspring, F|100/100
|-status|p2a: Ogerpon|psn
|-damage|p2a: Ogerpon|88/100 psn|[from] Stealth Rock
|
|-damage|p2a: Ogerpon|76/100 psn|[from] psn
|upkeep
|turn|10
|
|t:|1760811874
|move|p2a: Ogerpon|Ivy Cudgel|p1a: K!ng|[anim] Ivy Cudgel Water
|-damage|p1a: K!ng|52/100
|move|p1a: K!ng|Spikes|p2a: Ogerpon
|-sidestart|p2: Najaria|Spikes
|
|-damage|p2a: Ogerpon|63/100 psn|[from] psn
|upkeep
|turn|11
|
|t:|1760811885
|-terastallize|p2a: Ogerpon|Water
|detailschange|p2a: Ogerpon|Ogerpon-Wellspring-Tera, F, tera:Water
|-ability|p2a: Ogerpon|Embody Aspect (Wellspring)|boost
|-boost|p2a: Ogerpon|spd|1
|move|p2a: Ogerpon|Ivy Cudgel|p1a: K!ng|[anim] Ivy Cudgel Water
|-crit|p1a: K!ng
|-damage|p1a: K!ng|0 fnt
|faint|p1a: K!ng
|
|-damage|p2a: Ogerpon|51/100 psn|[from] psn
|upkeep
|
|t:|1760811896
|switch|p1a: Seven|Scizor, M|100/100
|-damage|p1a: Seven|88/100|[from] Stealth Rock
|turn|12
|
|t:|1760811908
|move|p2a: Ogerpon|Ivy Cudgel|p1a: Seven|[anim] Ivy Cudgel Water
|-crit|p1a: Seven
|-damage|p1a: Seven|0 fnt
|faint|p1a: Seven
|
|-damage|p2a: Ogerpon|39/100 psn|[from] psn
|upkeep
|-message|MTv_09 forfeited.
|
|win|Najaria
|raw|MTv_09's rating: 1225 &rarr; <strong>1200</strong><br />(-25 for losing)
|raw|Najaria's rating: 1222 &rarr; <strong>1247</strong><br />(+25 for winning)
|l|☆MTv_09
|player|p1|
|l|☆Najaria
|player|p2|
