|j|☆151htyrneh
|j|☆MooFarmer
|t:|1760818422
|gametype|singles
|player|p1|151htyrneh|wallace|1810
|player|p2|MooFarmer|1|1827
|gen|9
|tier|[Gen 9] OU
|rated|
|rule|HP Percentage Mod: HP is shown in percentages
|rule|Endless Battle Clause: Forcing endless battles is banned
|rule|Species Clause: Limit one of each Pokémon
|rule|OHKO Clause: OHKO moves are banned
|rule|Evasion Items Clause: Evasion items are banned
|rule|Evasion Moves Clause: Evasion moves are banned
|rule|Evasion Abilities Clause: Evasion abilities are banned
|rule|Sleep Moves Clause: Sleep-inducing moves are banned
|clearpoke
|poke|p1|Dondozo, M|
|poke|p1|Blissey, F|
|poke|p1|Corviknight, F|
|poke|p1|Weezing-Galar, M|
|poke|p1|Gliscor, M|
|poke|p1|Toxapex, F|
|poke|p2|Kyurem|
|poke|p2|Corviknight, M|
|poke|p2|Ting-Lu|
|poke|p2|Dondozo, F|
|poke|p2|Slowking-Galar, L99, F|
|poke|p2|Cinderace, M|
|teampreview
|j| RIPhomieqwan
|
|t:|1760818468
|teamsize|p1|6
|teamsize|p2|6
|start
|switch|p1a: Gliscor|Gliscor, M|100/100
|switch|p2a: Kyurem|Kyurem|100/100
|-ability|p2a: Kyurem|Pressure
|turn|1
|inactive|Battle timer is ON: inactive players will automatically lose when time's up. (requested by MooFarmer)
|inactive|MooFarmer has 120 seconds left.
|
|t:|1760818513
|move|p1a: Gliscor|Protect|p1a: Gliscor
|-singleturn|p1a: Gliscor|Protect
|move|p2a: Kyurem|Freeze-Dry|p1a: Gliscor
|-activate|p1a: Gliscor|move: Protect
|
|-status|p1a: Gliscor|tox|[from] item: Toxic Orb
|upkeep
|turn|2
|inactive|MooFarmer has 120 seconds left.
|
|t:|1760818559
|switch|p1a: Blissey|Blissey, F|100/100
|move|p2a: Kyurem|Freeze-Dry|p1a: Blissey
|-damage|p1a: Blissey|90/100
|
|-heal|p1a: Blissey|96/100|[from] item: Leftovers
|upkeep
|turn|3
|inactive|MooFarmer has 90 seconds left.
|
|t:|1760818605
|switch|p2a: Dondozo|Dondozo, F|100/100
|move|p1a: Blissey|Stealth Rock|p2a: Dondozo
|-sidestart|p2: MooFarmer|move: Stealth Rock
|
|-heal|p1a: Blissey|100/100|[from] item: Leftovers
|upkeep
|turn|4
|inactive|MooFarmer has 60 seconds left.
|
|t:|1760818650
|switch|p1a: Toxapex|Toxapex, F|100/100
|switch|p2a: Cinderace|Cinderace, M|100/100
|
|upkeep
|turn|5
|
|t:|1760818673
|move|p2a: Cinderace|Court Change|p2a: Cinderace
|-swapsideconditions
|-activate|p2a: Cinderace|move: Court Change
|move|p1a: Toxapex|Toxic|p2a: Cinderace
|-status|p2a: Cinderace|tox
|
|-damage|p2a: Cinderace|94/100 tox|[from] psn
|upkeep
|turn|6
|
|t:|1760818685
|move|p2a: Cinderace|U-turn|p1a: Toxapex
|-resisted|p1a: Toxapex
|-damage|p1a: Toxapex|93/100
|
|t:|1760818695
|switch|p2a: Slowking|Slowking-Galar, L99, F|100/100|[from] U-turn
|move|p1a: Toxapex|Toxic|p2a: Slowking
|-immune|p2a: Slowking
|
|-heal|p1a: Toxapex|99/100|[from] item: Leftovers
|upkeep
|turn|7
|
|t:|1760818704
|switch|p1a: Corviknight|Corviknight, F|100/100
|-damage|p1a: Corviknight|88/100|[from] Stealth Rock
|-ability|p1a: Corviknight|Pressure
|-prepare|p2a: Slowking|Chilly Reception|[premajor]
|move|p2a: Slowking|Chilly Reception|p2a: Slowking
|-weather|Snowscape
|
|t:|1760818712
|switch|p2a: Cinderace|Cinderace, M|94/100 tox|[from] Chilly Reception
|
|-weather|Snowscape|[upkeep]
|-heal|p1a: Corviknight|94/100|[from] item: Leftovers
|-damage|p2a: Cinderace|88/100 tox|[from] psn
|upkeep
|turn|8
|inactive|MooFarmer has 60 seconds left.
|
|t:|1760818720
|move|p2a: Cinderace|Pyro Ball|p1a: Corviknight
|-supereffective|p1a: Corviknight
|-damage|p1a: Corviknight|36/100
|move|p1a: Corviknight|Defog|p2a: Cinderace
|-unboost|p2a: Cinderace|evasion|1
|-sideend|p1: 151htyrneh|Stealth Rock|[from] move: Defog|[of] p1a: Corviknight
|
|-weather|Snowscape|[upkeep]
|-heal|p1a: Corviknight|42/100|[from] item: Leftovers
|-damage|p2a: Cinderace|76/100 tox|[from] psn
|upkeep
|turn|9
|
|t:|1760818730
|switch|p1a: Toxapex|Toxapex, F|100/100
|move|p2a: Cinderace|U-turn|p1a: Toxapex
|-resisted|p1a: Toxapex
|-damage|p1a: Toxapex|93/100
|inactive|MooFarmer has 60 seconds left.
|
|t:|1760818740
|switch|p2a: Kyurem|Kyurem|100/100|[from] U-turn
|-ability|p2a: Kyurem|Pressure
|
|-weather|Snowscape|[upkeep]
|-heal|p1a: Toxapex|99/100|[from] item: Leftovers
|upkeep
|turn|10
|
|t:|1760818749
|switch|p2a: Dondozo|Dondozo, F|100/100
|switch|p1a: Blissey|Blissey, F|100/100
|
|-weather|Snowscape|[upkeep]
|upkeep
|turn|11
|
|t:|1760818757
|switch|p1a: Corviknight|Corviknight, F|42/100
|-ability|p1a: Corviknight|Pressure
|switch|p2a: Cinderace|Cinderace, M|76/100 tox
|
|-weather|none
|-heal|p1a: Corviknight|48/100|[from] item: Leftovers
|-damage|p2a: Cinderace|70/100 tox|[from] psn
|upkeep
|turn|12
|
|t:|1760818766
|switch|p1a: Toxapex|Toxapex, F|100/100
|move|p2a: Cinderace|U-turn|p1a: Toxapex
|-resisted|p1a: Toxapex
|-damage|p1a: Toxapex|94/100
|
|t:|1760818776
|switch|p2a: Kyurem|Kyurem|100/100|[from] U-turn
|-ability|p2a: Kyurem|Pressure
|
|-heal|p1a: Toxapex|99/100|[from] item: Leftovers
|upkeep
|turn|13
|
|t:|1760818784
|switch|p2a: Dondozo|Dondozo, F|100/100
|switch|p1a: Blissey|Blissey, F|100/100
|
|upkeep
|turn|14
|
|t:|1760818792
|switch|p1a: Corviknight|Corviknight, F|48/100
|-ability|p1a: Corviknight|Pressure
|move|p2a: Dondozo|Curse|p2a: Dondozo
|-unboost|p2a: Dondozo|spe|1
|-boost|p2a: Dondozo|atk|1
|-boost|p2a: Dondozo|def|1
|
|-heal|p1a: Corviknight|54/100|[from] item: Leftovers
|upkeep
|turn|15
|
|t:|1760818801
|move|p1a: Corviknight|Roost|p1a: Corviknight
|-heal|p1a: Corviknight|100/100
|-singleturn|p1a: Corviknight|move: Roost
|move|p2a: Dondozo|Body Press|p1a: Corviknight
|-supereffective|p1a: Corviknight
|-damage|p1a: Corviknight|54/100
|
|-heal|p1a: Corviknight|61/100|[from] item: Leftovers
|upkeep
|turn|16
|inactive|MooFarmer has 90 seconds left.
|inactive|MooFarmer has 60 seconds left.
|
|t:|1760818846
|switch|p1a: Toxapex|Toxapex, F|100/100
|move|p2a: Dondozo|Body Press|p1a: Toxapex
|-resisted|p1a: Toxapex
|-damage|p1a: Toxapex|85/100
|
|-heal|p1a: Toxapex|91/100|[from] item: Leftovers
|upkeep
|turn|17
|inactive|151htyrneh has 120 seconds left.
|inactive|MooFarmer has 30 seconds left.
|inactive|MooFarmer has 20 seconds left.
|inactive|MooFarmer has 15 seconds left.
|
|t:|1760818893
|switch|p2a: Slowking|Slowking-Galar, L99, F|100/100
|move|p1a: Toxapex|Toxic Spikes|p2a: Slowking
|-sidestart|p2: MooFarmer|move: Toxic Spikes
|
|-heal|p1a: Toxapex|97/100|[from] item: Leftovers
|upkeep
|turn|18
|inactive|MooFarmer has 25 seconds left this turn.
|inactive|MooFarmer has 20 seconds left.
|
|t:|1760818901
|switch|p1a: Gliscor|Gliscor, M|100/100 tox
|-prepare|p2a: Slowking|Chilly Reception|[premajor]
|move|p2a: Slowking|Chilly Reception|p2a: Slowking
|-weather|Snowscape
|inactive|MooFarmer has 25 seconds left this turn.
|inactive|MooFarmer has 20 seconds left.
|
|t:|1760818909
|switch|p2a: Corviknight|Corviknight, M|100/100|[from] Chilly Reception
|-ability|p2a: Corviknight|Pressure
|
|-weather|Snowscape|[upkeep]
|upkeep
|turn|19
|inactive|MooFarmer has 30 seconds left this turn.
|
|t:|1760818918
|switch|p1a: Corviknight|Corviknight, F|61/100
|-ability|p1a: Corviknight|Pressure
|move|p2a: Corviknight|Defog|p1a: Corviknight
|-unboost|p1a: Corviknight|evasion|1
|-sideend|p2: MooFarmer|Toxic Spikes|[from] move: Defog|[of] p2a: Corviknight
|
|-weather|Snowscape|[upkeep]
|-heal|p1a: Corviknight|67/100|[from] item: Leftovers
|upkeep
|turn|20
|inactive|MooFarmer has 30 seconds left.
|
|t:|1760818926
|switch|p1a: Gliscor|Gliscor, M|100/100 tox
|switch|p2a: Dondozo|Dondozo, F|100/100
|
|-weather|Snowscape|[upkeep]
|upkeep
|turn|21
|
|t:|1760818934
|switch|p1a: Toxapex|Toxapex, F|100/100
|move|p2a: Dondozo|Waterfall|p1a: Toxapex
|-resisted|p1a: Toxapex
|-damage|p1a: Toxapex|91/100
|
|-weather|Snowscape|[upkeep]
|-heal|p1a: Toxapex|97/100|[from] item: Leftovers
|upkeep
|turn|22
|
|t:|1760818944
|switch|p2a: Corviknight|Corviknight, M|100/100
|-ability|p2a: Corviknight|Pressure
|move|p1a: Toxapex|Toxic Spikes|p2a: Corviknight
|-sidestart|p2: MooFarmer|move: Toxic Spikes
|
|-weather|none
|-heal|p1a: Toxapex|100/100|[from] item: Leftovers
|upkeep
|turn|23
|
|t:|1760818953
|switch|p1a: Corviknight|Corviknight, F|67/100
|-ability|p1a: Corviknight|Pressure
|move|p2a: Corviknight|Defog|p1a: Corviknight
|-unboost|p1a: Corviknight|evasion|1
|-sideend|p2: MooFarmer|Toxic Spikes|[from] move: Defog|[of] p2a: Corviknight
|
|-heal|p1a: Corviknight|73/100|[from] item: Leftovers
|upkeep
|turn|24
|
|t:|1760818961
|switch|p1a: Gliscor|Gliscor, M|100/100 tox
|move|p2a: Corviknight|U-turn|p1a: Gliscor
|-resisted|p1a: Gliscor
|-damage|p1a: Gliscor|95/100 tox
|
|t:|1760818971
|switch|p2a: Kyurem|Kyurem|100/100|[from] U-turn
|-ability|p2a: Kyurem|Pressure
|
|-heal|p1a: Gliscor|100/100 tox|[from] ability: Poison Heal
|upkeep
|turn|25
|
|t:|1760818979
|switch|p2a: Dondozo|Dondozo, F|100/100
|switch|p1a: Blissey|Blissey, F|100/100
|
|upkeep
|turn|26
|
|t:|1760818988
|switch|p1a: Toxapex|Toxapex, F|100/100
|move|p2a: Dondozo|Body Press|p1a: Toxapex
|-resisted|p1a: Toxapex
|-damage|p1a: Toxapex|89/100
|
|-heal|p1a: Toxapex|95/100|[from] item: Leftovers
|upkeep
|turn|27
|inactive|MooFarmer has 60 seconds left.
|
|t:|1760818998
|switch|p2a: Corviknight|Corviknight, M|100/100
|-ability|p2a: Corviknight|Pressure
|move|p1a: Toxapex|Toxic Spikes|p2a: Corviknight
|-sidestart|p2: MooFarmer|move: Toxic Spikes
|
|-heal|p1a: Toxapex|100/100|[from] item: Leftovers
|upkeep
|turn|28
|
|t:|1760819006
|switch|p1a: Corviknight|Corviknight, F|73/100
|-ability|p1a: Corviknight|Pressure
|move|p2a: Corviknight|Defog|p1a: Corviknight
|-unboost|p1a: Corviknight|evasion|1
|-sideend|p2: MooFarmer|Toxic Spikes|[from] move: Defog|[of] p2a: Corviknight
|
|-heal|p1a: Corviknight|79/100|[from] item: Leftovers
|upkeep
|turn|29
|
|t:|1760819014
|switch|p1a: Gliscor|Gliscor, M|100/100 tox
|move|p2a: Corviknight|U-turn|p1a: Gliscor
|-resisted|p1a: Gliscor
|-damage|p1a: Gliscor|95/100 tox
|
|t:|1760819024
|switch|p2a: Kyurem|Kyurem|100/100|[from] U-turn
|-ability|p2a: Kyurem|Pressure
|
|-heal|p1a: Gliscor|100/100 tox|[from] ability: Poison Heal
|upkeep
|turn|30
|
|t:|1760819043
|switch|p2a: Dondozo|Dondozo, F|100/100
|switch|p1a: Blissey|Blissey, F|100/100
|
|upkeep
|turn|31
|
|t:|1760819052
|switch|p1a: Toxapex|Toxapex, F|100/100
|move|p2a: Dondozo|Body Press|p1a: Toxapex
|-resisted|p1a: Toxapex
|-damage|p1a: Toxapex|90/100
|
|-heal|p1a: Toxapex|96/100|[from] item: Leftovers
|upkeep
|turn|32
|
|t:|1760819062
|switch|p2a: Corviknight|Corviknight, M|100/100
|-ability|p2a: Corviknight|Pressure
|move|p1a: Toxapex|Toxic Spikes|p2a: Corviknight
|-sidestart|p2: MooFarmer|move: Toxic Spikes
|
|-heal|p1a: Toxapex|100/100|[from] item: Leftovers
|upkeep
|turn|33
|inactive|MooFarmer has 90 seconds left.
|l|☆151htyrneh
|inactive|151htyrneh disconnected and has a minute to reconnect!
|player|p1|
|inactive|MooFarmer has 60 seconds left.
|
|t:|1760819106
|switch|p1a: Corviknight|Corviknight, F|79/100
|-ability|p1a: Corviknight|Pressure
|move|p2a: Corviknight|Defog|p1a: Corviknight
|-unboost|p1a: Corviknight|evasion|1
|-sideend|p2: MooFarmer|Toxic Spikes|[from] move: Defog|[of] p2a: Corviknight
|
|-heal|p1a: Corviknight|86/100|[from] item: Leftovers
|upkeep
|turn|34
|inactive|MooFarmer has 60 seconds left.
|j|☆151htyrneh
|inactive|151htyrneh reconnected and has 145 seconds left.
|player|p1|151htyrneh|wallace|
|inactive|MooFarmer has 30 seconds left.
|inactive|MooFarmer has 20 seconds left.
|
|t:|1760819153
|switch|p1a: Gliscor|Gliscor, M|100/100 tox
|move|p2a: Corviknight|U-turn|p1a: Gliscor
|-resisted|p1a: Gliscor
|-damage|p1a: Gliscor|95/100 tox
|inactive|MooFarmer has 25 seconds left this turn.
|inactive|MooFarmer has 20 seconds left.
|
|t:|1760819162
|switch|p2a: Kyurem|Kyurem|100/100|[from] U-turn
|-ability|p2a: Kyurem|Pressure
|
|-heal|p1a: Gliscor|100/100 tox|[from] ability: Poison Heal
|upkeep
|turn|35
|inactive|MooFarmer has 30 seconds left this turn.
|
|t:|1760819170
|switch|p2a: Dondozo|Dondozo, F|100/100
|switch|p1a: Blissey|Blissey, F|100/100
|
|upkeep
|turn|36
|inactive|MooFarmer has 30 seconds left.
|
|t:|1760819179
|switch|p1a: Toxapex|Toxapex, F|100/100
|move|p2a: Dondozo|Body Press|p1a: Toxapex
|-resisted|p1a: Toxapex
|-damage|p1a: Toxapex|90/100
|
|-heal|p1a: Toxapex|97/100|[from] item: Leftovers
|upkeep
|turn|37
|
|t:|1760819189
|switch|p2a: Corviknight|Corviknight, M|100/100
|-ability|p2a: Corviknight|Pressure
|move|p1a: Toxapex|Toxic Spikes|p2a: Corviknight
|-sidestart|p2: MooFarmer|move: Toxic Spikes
|
|-heal|p1a: Toxapex|100/100|[from] item: Leftovers
|upkeep
|turn|38
|
|t:|1760819197
|switch|p1a: Corviknight|Corviknight, F|86/100
|-ability|p1a: Corviknight|Pressure
|move|p2a: Corviknight|Defog|p1a: Corviknight
|-unboost|p1a: Corviknight|evasion|1
|-sideend|p2: MooFarmer|Toxic Spikes|[from] move: Defog|[of] p2a: Corviknight
|
|-heal|p1a: Corviknight|92/100|[from] item: Leftovers
|upkeep
|turn|39
|
|t:|1760819207
|switch|p1a: Gliscor|Gliscor, M|100/100 tox
|move|p2a: Corviknight|U-turn|p1a: Gliscor
|-resisted|p1a: Gliscor
|-damage|p1a: Gliscor|94/100 tox
|
|t:|1760819217
|switch|p2a: Kyurem|Kyurem|100/100|[from] U-turn
|-ability|p2a: Kyurem|Pressure
|
|-heal|p1a: Gliscor|100/100 tox|[from] ability: Poison Heal
|upkeep
|turn|40
|
|t:|1760819225
|switch|p2a: Dondozo|Dondozo, F|100/100
|switch|p1a: Blissey|Blissey, F|100/100
|
|upkeep
|turn|41
|
|t:|1760819245
|switch|p1a: Toxapex|Toxapex, F|100/100
|move|p2a: Dondozo|Body Press|p1a: Toxapex
|-resisted|p1a: Toxapex
|-damage|p1a: Toxapex|89/100
|
|-heal|p1a: Toxapex|96/100|[from] item: Leftovers
|upkeep
|turn|42
|inactive|MooFarmer has 60 seconds left.
|
|t:|1760819255
|switch|p2a: Corviknight|Corviknight, M|100/100
|-ability|p2a: Corviknight|Pressure
|move|p1a: Toxapex|Toxic Spikes|p2a: Corviknight
|-sidestart|p2: MooFarmer|move: Toxic Spikes
|
|-heal|p1a: Toxapex|100/100|[from] item: Leftovers
|upkeep
|turn|43
|j| LT123VB 87
|
|t:|1760819263
|switch|p1a: Corviknight|Corviknight, F|92/100
|-ability|p1a: Corviknight|Pressure
|move|p2a: Corviknight|Defog|p1a: Corviknight
|-unboost|p1a: Corviknight|evasion|1
|-sideend|p2: MooFarmer|Toxic Spikes|[from] move: Defog|[of] p2a: Corviknight
|
|-heal|p1a: Corviknight|98/100|[from] item: Leftovers
|upkeep
|turn|44
|l| LT123VB 87
|
|t:|1760819272
|switch|p1a: Gliscor|Gliscor, M|100/100 tox
|move|p2a: Corviknight|U-turn|p1a: Gliscor
|-resisted|p1a: Gliscor
|-damage|p1a: Gliscor|95/100 tox
|
|t:|1760819281
|switch|p2a: Kyurem|Kyurem|100/100|[from] U-turn
|-ability|p2a: Kyurem|Pressure
|
|-heal|p1a: Gliscor|100/100 tox|[from] ability: Poison Heal
|upkeep
|turn|45
|
|t:|1760819290
|switch|p2a: Dondozo|Dondozo, F|100/100
|switch|p1a: Blissey|Blissey, F|100/100
|
|upkeep
|turn|46
|
|t:|1760819298
|switch|p1a: Toxapex|Toxapex, F|100/100
|move|p2a: Dondozo|Body Press|p1a: Toxapex
|-resisted|p1a: Toxapex
|-damage|p1a: Toxapex|90/100
|
|-heal|p1a: Toxapex|96/100|[from] item: Leftovers
|upkeep
|turn|47
|
|t:|1760819308
|switch|p2a: Corviknight|Corviknight, M|100/100
|-ability|p2a: Corviknight|Pressure
|move|p1a: Toxapex|Toxic Spikes|p2a: Corviknight
|-sidestart|p2: MooFarmer|move: Toxic Spikes
|
|-heal|p1a: Toxapex|100/100|[from] item: Leftovers
|upkeep
|turn|48
|inactive|MooFarmer has 90 seconds left.
|inactive|MooFarmer has 60 seconds left.
|
|t:|1760819353
|switch|p1a: Corviknight|Corviknight, F|98/100
|-ability|p1a: Corviknight|Pressure
|move|p2a: Corviknight|Defog|p1a: Corviknight
|-unboost|p1a: Corviknight|evasion|1
|-sideend|p2: MooFarmer|Toxic Spikes|[from] move: Defog|[of] p2a: Corviknight
|
|-heal|p1a: Corviknight|100/100|[from] item: Leftovers
|upkeep
|turn|49
|inactive|MooFarmer has 60 seconds left.
|inactive|MooFarmer has 30 seconds left.
|inactive|MooFarmer has 20 seconds left.
|
|t:|1760819398
|switch|p1a: Gliscor|Gliscor, M|100/100 tox
|move|p2a: Corviknight|U-turn|p1a: Gliscor
|-resisted|p1a: Gliscor
|-damage|p1a: Gliscor|94/100 tox
|inactive|MooFarmer has 25 seconds left this turn.
|inactive|MooFarmer has 20 seconds left.
|
|t:|1760819407
|switch|p2a: Kyurem|Kyurem|100/100|[from] U-turn
|-ability|p2a: Kyurem|Pressure
|
|-heal|p1a: Gliscor|100/100 tox|[from] ability: Poison Heal
|upkeep
|turn|50
|inactive|MooFarmer has 30 seconds left this turn.
|inactive|151htyrneh has 120 seconds left.
|
|t:|1760819438
|switch|p2a: Dondozo|Dondozo, F|100/100
|switch|p1a: Blissey|Blissey, F|100/100
|
|upkeep
|turn|51
|inactive|MooFarmer has 30 seconds left.
|
|t:|1760819446
|switch|p1a: Toxapex|Toxapex, F|100/100
|move|p2a: Dondozo|Body Press|p1a: Toxapex
|-resisted|p1a: Toxapex
|-damage|p1a: Toxapex|89/100
|
|-heal|p1a: Toxapex|95/100|[from] item: Leftovers
|upkeep
|turn|52
|inactive|151htyrneh has 120 seconds left.
|
|t:|1760819479
|switch|p2a: Corviknight|Corviknight, M|100/100
|-ability|p2a: Corviknight|Pressure
|move|p1a: Toxapex|Toxic Spikes|p2a: Corviknight
|-sidestart|p2: MooFarmer|move: Toxic Spikes
|
|-heal|p1a: Toxapex|100/100|[from] item: Leftovers
|upkeep
|turn|53
|
|t:|1760819487
|switch|p1a: Corviknight|Corviknight, F|100/100
|-ability|p1a: Corviknight|Pressure
|move|p2a: Corviknight|Defog|p1a: Corviknight
|-unboost|p1a: Corviknight|evasion|1
|-sideend|p2: MooFarmer|Toxic Spikes|[from] move: Defog|[of] p2a: Corviknight
|
|upkeep
|turn|54
|j| Pokemon-Lover834
|inactive|151htyrneh has 120 seconds left.
|inactive|151htyrneh has 90 seconds left.
|inactive|151htyrneh has 60 seconds left.
|
|t:|1760819563
|switch|p1a: Gliscor|Gliscor, M|100/100 tox
|move|p2a: Corviknight|U-turn|p1a: Gliscor
|-resisted|p1a: Gliscor
|-damage|p1a: Gliscor|95/100 tox
|
|t:|1760819572
|switch|p2a: Kyurem|Kyurem|100/100|[from] U-turn
|-ability|p2a: Kyurem|Pressure
|
|-heal|p1a: Gliscor|100/100 tox|[from] ability: Poison Heal
|upkeep
|turn|55
|
|t:|1760819581
|switch|p2a: Dondozo|Dondozo, F|100/100
|switch|p1a: Blissey|Blissey, F|100/100
|
|upkeep
|turn|56
|
|t:|1760819591
|switch|p1a: Toxapex|Toxapex, F|100/100
|move|p2a: Dondozo|Body Press|p1a: Toxapex
|-resisted|p1a: Toxapex
|-damage|p1a: Toxapex|89/100
|
|-heal|p1a: Toxapex|95/100|[from] item: Leftovers
|upkeep
|turn|57
|inactive|MooFarmer has 60 seconds left.
|
|t:|1760819601
|switch|p2a: Corviknight|Corviknight, M|100/100
|-ability|p2a: Corviknight|Pressure
|move|p1a: Toxapex|Toxic Spikes|p2a: Corviknight
|-sidestart|p2: MooFarmer|move: Toxic Spikes
|
|-heal|p1a: Toxapex|100/100|[from] item: Leftovers
|upkeep
|turn|58
|inactive|MooFarmer has 60 seconds left.
|
|t:|1760819609
|switch|p1a: Corviknight|Corviknight, F|100/100
|-ability|p1a: Corviknight|Pressure
|move|p2a: Corviknight|Defog|p1a: Corviknight
|-unboost|p1a: Corviknight|evasion|1
|-sideend|p2: MooFarmer|Toxic Spikes|[from] move: Defog|[of] p2a: Corviknight
|
|upkeep
|turn|59
|l|☆151htyrneh
|inactive|151htyrneh disconnected and has a minute to reconnect!
|player|p1|
|j|☆151htyrneh
|inactive|151htyrneh reconnected and has 75 seconds left.
|player|p1|151htyrneh|wallace|
|inactive|151htyrneh has 60 seconds left.
|
|t:|1760819680
|switch|p1a: Gliscor|Gliscor, M|100/100 tox
|move|p2a: Corviknight|U-turn|p1a: Gliscor
|-resisted|p1a: Gliscor
|-damage|p1a: Gliscor|94/100 tox
|
|t:|1760819689
|switch|p2a: Kyurem|Kyurem|100/100|[from] U-turn
|-ability|p2a: Kyurem|Pressure
|
|-heal|p1a: Gliscor|100/100 tox|[from] ability: Poison Heal
|upkeep
|turn|60
|
|t:|1760819698
|switch|p2a: Dondozo|Dondozo, F|100/100
|switch|p1a: Blissey|Blissey, F|100/100
|
|upkeep
|turn|61
|
|t:|1760819706
|switch|p1a: Toxapex|Toxapex, F|100/100
|move|p2a: Dondozo|Body Press|p1a: Toxapex
|-resisted|p1a: Toxapex
|-damage|p1a: Toxapex|89/100
|
|-heal|p1a: Toxapex|95/100|[from] item: Leftovers
|upkeep
|turn|62
|l|☆151htyrneh
|inactive|151htyrneh disconnected and has a minute to reconnect!
|player|p1|
|inactive|151htyrneh has 30 seconds left.
|inactive|151htyrneh has 20 seconds left.
|inactive|151htyrneh has 15 seconds left.
|inactive|151htyrneh has 10 seconds left.
|inactive|151htyrneh has 5 seconds left.
|j|☆151htyrneh
|inactive|151htyrneh reconnected and has 5 seconds left.
|player|p1|151htyrneh|wallace|
|-message|151htyrneh lost due to inactivity.
|
|win|MooFarmer
|raw|151htyrneh's rating: 1810 &rarr; <strong>1791</strong><br />(-19 for losing)
|raw|MooFarmer's rating: 1827 &rarr; <strong>1846</strong><br />(+19 for winning)
|l|☆MooFarmer
|player|p2|
|n|☆151htyrneh|151htyrneh
|l|☆151htyrneh
|player|p1|
