|j|☆clown bassey
|j|☆the flavius
|t:|1760790766
|gametype|singles
|player|p1|clown bassey|clown|1310
|player|p2|the flavius|aaron|1351
|gen|9
|tier|[Gen 9] OU
|rated|
|rule|HP Percentage Mod: HP is shown in percentages
|rule|Endless Battle Clause: Forcing endless battles is banned
|rule|Species Clause: Limit one of each Pokémon
|rule|OHKO Clause: OHKO moves are banned
|rule|Evasion Items Clause: Evasion items are banned
|rule|Evasion Moves Clause: Evasion moves are banned
|rule|Evasion Abilities Clause: Evasion abilities are banned
|rule|Sleep Moves Clause: Sleep-inducing moves are banned
|clearpoke
|poke|p1|Darkrai|
|poke|p1|Landorus-Therian, M|
|poke|p1|Dragonite, F|
|poke|p1|Gholdengo|
|poke|p1|Samurott-Hisui, M|
|poke|p1|Scizor, M|
|poke|p2|Mismagius, M|
|poke|p2|Lilligant, F|
|poke|p2|Salazzle, F|
|poke|p2|Torkoal, F|
|poke|p2|Milotic, M|
|poke|p2|Flygon, M|
|teampreview
|inactive|Battle timer is ON: inactive players will automatically lose when time's up. (requested by clown bassey)
|
|t:|1760790776
|teamsize|p1|6
|teamsize|p2|6
|start
|switch|p1a: Darkrai|Darkrai|100/100
|switch|p2a: Wiccano|Mismagius, M|100/100
|turn|1
|
|t:|1760790783
|switch|p2a: Rain|Milotic, M|100/100
|move|p1a: Darkrai|Dark Pulse|p2a: Rain
|-damage|p2a: Rain|74/100
|
|-heal|p2a: Rain|80/100|[from] item: Leftovers
|upkeep
|turn|2
|
|t:|1760790787
|move|p1a: Darkrai|Sludge Bomb|p2a: Rain
|-damage|p2a: Rain|61/100
|-status|p2a: Rain|psn
|move|p2a: Rain|Wrap|p1a: Darkrai|[miss]
|-miss|p2a: Rain|p1a: Darkrai
|
|-heal|p2a: Rain|67/100 psn|[from] item: Leftovers
|-damage|p2a: Rain|55/100 psn|[from] psn
|upkeep
|turn|3
|
|t:|1760790797
|switch|p1a: Landorus|Landorus-Therian, M|100/100
|-ability|p1a: Landorus|Intimidate|boost
|-unboost|p2a: Rain|atk|1
|move|p2a: Rain|Recover|p2a: Rain
|-heal|p2a: Rain|100/100 psn
|
|-damage|p2a: Rain|88/100 psn|[from] psn
|upkeep
|turn|4
|
|t:|1760790804
|move|p1a: Landorus|Stealth Rock|p2a: Rain
|-sidestart|p2: the flavius|move: Stealth Rock
|move|p2a: Rain|Scald|p1a: Landorus
|-supereffective|p1a: Landorus
|-damage|p1a: Landorus|46/100
|-status|p1a: Landorus|brn
|
|-heal|p2a: Rain|94/100 psn|[from] item: Leftovers
|-damage|p2a: Rain|82/100 psn|[from] psn
|-damage|p1a: Landorus|40/100 brn|[from] brn
|upkeep
|turn|5
|
|t:|1760790813
|move|p1a: Landorus|U-turn|p2a: Rain
|-damage|p2a: Rain|75/100 psn
|
|t:|1760790820
|switch|p1a: Gholdengo|Gholdengo|100/100|[from] U-turn
|move|p2a: Rain|Scald|p1a: Gholdengo
|-damage|p1a: Gholdengo|72/100
|
|-heal|p2a: Rain|81/100 psn|[from] item: Leftovers
|-damage|p2a: Rain|69/100 psn|[from] psn
|upkeep
|turn|6
|
|t:|1760790827
|switch|p2a: Moon cycle|Salazzle, F|100/100
|-damage|p2a: Moon cycle|76/100|[from] Stealth Rock
|move|p1a: Gholdengo|Shadow Ball|p2a: Moon cycle
|-damage|p2a: Moon cycle|11/100
|-unboost|p2a: Moon cycle|spd|1
|
|upkeep
|turn|7
|
|t:|1760790836
|switch|p1a: Darkrai|Darkrai|100/100
|move|p2a: Moon cycle|Flamethrower|p1a: Darkrai
|-damage|p1a: Darkrai|42/100
|
|upkeep
|turn|8
|
|t:|1760790842
|move|p1a: Darkrai|Dark Pulse|p2a: Moon cycle
|-damage|p2a: Moon cycle|0 fnt
|faint|p2a: Moon cycle
|
|upkeep
|
|t:|1760790845
|switch|p2a: Light Shower|Torkoal, F|100/100
|-weather|SunnyDay|[from] ability: Drought|[of] p2a: Light Shower
|turn|9
|
|t:|1760790850
|move|p1a: Darkrai|Dark Pulse|p2a: Light Shower
|-damage|p2a: Light Shower|44/100
|move|p2a: Light Shower|Rapid Spin|p1a: Darkrai
|-damage|p1a: Darkrai|31/100
|-boost|p2a: Light Shower|spe|1
|-sideend|p2: the flavius|Stealth Rock|[from] move: Rapid Spin|[of] p2a: Light Shower
|
|-weather|SunnyDay|[upkeep]
|upkeep
|turn|10
|
|t:|1760790856
|switch|p2a: Rain|Milotic, M|69/100 psn
|move|p1a: Darkrai|Dark Pulse|p2a: Rain
|-damage|p2a: Rain|44/100 psn
|
|-weather|SunnyDay|[upkeep]
|-heal|p2a: Rain|50/100 psn|[from] item: Leftovers
|-damage|p2a: Rain|38/100 psn|[from] psn
|upkeep
|turn|11
|
|t:|1760790860
|move|p1a: Darkrai|Dark Pulse|p2a: Rain
|-damage|p2a: Rain|14/100 psn
|move|p2a: Rain|Recover|p2a: Rain
|-heal|p2a: Rain|64/100 psn
|
|-weather|SunnyDay|[upkeep]
|-heal|p2a: Rain|70/100 psn|[from] item: Leftovers
|-damage|p2a: Rain|58/100 psn|[from] psn
|upkeep
|turn|12
|
|t:|1760790865
|move|p1a: Darkrai|Dark Pulse|p2a: Rain
|-damage|p2a: Rain|34/100 psn
|move|p2a: Rain|Wrap|p1a: Darkrai
|-damage|p1a: Darkrai|28/100
|-activate|p1a: Darkrai|move: Wrap|[of] p2a: Rain
|
|-weather|SunnyDay|[upkeep]
|-heal|p2a: Rain|40/100 psn|[from] item: Leftovers
|-damage|p2a: Rain|28/100 psn|[from] psn
|-damage|p1a: Darkrai|15/100|[from] move: Wrap|[partiallytrapped]
|upkeep
|turn|13
|
|t:|1760790871
|move|p1a: Darkrai|Dark Pulse|p2a: Rain
|-damage|p2a: Rain|3/100 psn
|move|p2a: Rain|Recover|p2a: Rain
|-heal|p2a: Rain|53/100 psn
|
|-weather|none
|-heal|p2a: Rain|59/100 psn|[from] item: Leftovers
|-damage|p2a: Rain|47/100 psn|[from] psn
|-damage|p1a: Darkrai|3/100|[from] move: Wrap|[partiallytrapped]
|upkeep
|turn|14
|
|t:|1760790876
|move|p1a: Darkrai|Dark Pulse|p2a: Rain
|-damage|p2a: Rain|21/100 psn
|move|p2a: Rain|Recover|p2a: Rain
|-heal|p2a: Rain|71/100 psn
|
|-heal|p2a: Rain|77/100 psn|[from] item: Leftovers
|-damage|p2a: Rain|65/100 psn|[from] psn
|-damage|p1a: Darkrai|0 fnt|[from] move: Wrap|[partiallytrapped]
|faint|p1a: Darkrai
|upkeep
|
|t:|1760790879
|switch|p1a: Gholdengo|Gholdengo|72/100
|turn|15
|
|t:|1760790890
|switch|p2a: Light Shower|Torkoal, F|44/100
|-weather|SunnyDay|[from] ability: Drought|[of] p2a: Light Shower
|move|p1a: Gholdengo|Shadow Ball|p2a: Light Shower
|-damage|p2a: Light Shower|0 fnt
|faint|p2a: Light Shower
|
|-weather|SunnyDay|[upkeep]
|upkeep
|
|t:|1760790896
|switch|p2a: Sabrina|Lilligant, F|100/100
|turn|16
|
|t:|1760790908
|move|p2a: Sabrina|Weather Ball|p1a: Gholdengo
|-supereffective|p1a: Gholdengo
|-damage|p1a: Gholdengo|0 fnt
|faint|p1a: Gholdengo
|
|-weather|SunnyDay|[upkeep]
|upkeep
|
|t:|1760790914
|switch|p1a: Dragonite|Dragonite, F|100/100
|turn|17
|
|t:|1760790919
|switch|p2a: Wiccano|Mismagius, M|100/100
|move|p1a: Dragonite|Roost||[still]
|-fail|p1a: Dragonite|heal
|
|-weather|SunnyDay|[upkeep]
|upkeep
|turn|18
|
|t:|1760790923
|switch|p1a: Landorus|Landorus-Therian, M|40/100 brn
|-ability|p1a: Landorus|Intimidate|boost
|-unboost|p2a: Wiccano|atk|1
|move|p2a: Wiccano|Trick|p1a: Landorus
|-activate|p2a: Wiccano|move: Trick|[of] p1a: Landorus
|-item|p1a: Landorus|Choice Scarf|[from] move: Trick
|-item|p2a: Wiccano|Rocky Helmet|[from] move: Trick
|
|-weather|SunnyDay|[upkeep]
|-damage|p1a: Landorus|33/100 brn|[from] brn
|upkeep
|turn|19
|
|t:|1760790931
|move|p1a: Landorus|Stealth Rock|p2a: Wiccano
|-sidestart|p2: the flavius|move: Stealth Rock
|move|p2a: Wiccano|Shadow Ball|p1a: Landorus
|-damage|p1a: Landorus|0 fnt
|faint|p1a: Landorus
|
|-weather|none
|upkeep
|
|t:|1760790937
|switch|p1a: Samurott|Samurott-Hisui, M|100/100
|turn|20
|
|t:|1760790939
|move|p1a: Samurott|Ceaseless Edge|p2a: Wiccano
|-supereffective|p2a: Wiccano
|-damage|p2a: Wiccano|0 fnt
|-damage|p1a: Samurott|84/100|[from] item: Rocky Helmet|[of] p2a: Wiccano
|-sidestart|p2: the flavius|Spikes
|faint|p2a: Wiccano
|
|upkeep
|
|t:|1760790943
|switch|p2a: Emerald|Flygon, M|100/100
|-damage|p2a: Emerald|95/100|[from] Stealth Rock
|turn|21
|
|t:|1760790948
|-terastallize|p2a: Emerald|Fairy
|move|p1a: Samurott|Ceaseless Edge|p2a: Emerald
|-resisted|p2a: Emerald
|-damage|p2a: Emerald|64/100
|-sidestart|p2: the flavius|Spikes
|move|p2a: Emerald|Dragon Dance|p2a: Emerald
|-boost|p2a: Emerald|atk|1
|-boost|p2a: Emerald|spe|1
|
|-heal|p2a: Emerald|70/100|[from] item: Leftovers
|upkeep
|turn|22
|
|t:|1760790955
|switch|p1a: Scizor|Scizor, M|100/100
|move|p2a: Emerald|Substitute|p2a: Emerald
|-start|p2a: Emerald|Substitute
|-damage|p2a: Emerald|45/100
|
|-heal|p2a: Emerald|51/100|[from] item: Leftovers
|upkeep
|turn|23
|
|t:|1760790957
|move|p1a: Scizor|Bullet Punch|p2a: Emerald
|-supereffective|p2a: Emerald
|-end|p2a: Emerald|Substitute
|move|p2a: Emerald|Earthquake|p1a: Scizor
|-damage|p1a: Scizor|30/100
|
|-heal|p2a: Emerald|57/100|[from] item: Leftovers
|upkeep
|turn|24
|
|t:|1760790969
|switch|p2a: Rain|Milotic, M|65/100 psn
|-damage|p2a: Rain|53/100 psn|[from] Stealth Rock
|-damage|p2a: Rain|36/100 psn|[from] Spikes
|-terastallize|p1a: Scizor|Steel
|move|p1a: Scizor|Bullet Punch|p2a: Rain
|-resisted|p2a: Rain
|-damage|p2a: Rain|12/100 psn
|
|-heal|p2a: Rain|18/100 psn|[from] item: Leftovers
|-damage|p2a: Rain|6/100 psn|[from] psn
|upkeep
|turn|25
|
|t:|1760790978
|move|p1a: Scizor|Bullet Punch|p2a: Rain
|-resisted|p2a: Rain
|-damage|p2a: Rain|0 fnt
|faint|p2a: Rain
|
|upkeep
|-message|the flavius forfeited.
|
|win|clown bassey
|raw|clown bassey's rating: 1310 &rarr; <strong>1332</strong><br />(+22 for winning)
|raw|the flavius's rating: 1351 &rarr; <strong>1329</strong><br />(-22 for losing)
|l|☆the flavius
|player|p2|
|l|☆clown bassey
|player|p1|
