|j|☆FZPIR
|j|☆sonicfirestorm817
|t:|1760768509
|gametype|singles
|player|p1|FZPIR|102|1117
|player|p2|sonicfirestorm817|steven|1069
|gen|9
|tier|[Gen 9] OU
|rated|
|rule|HP Percentage Mod: HP is shown in percentages
|rule|Endless Battle Clause: Forcing endless battles is banned
|rule|Species Clause: Limit one of each Pokémon
|rule|OHKO Clause: OHKO moves are banned
|rule|Evasion Items Clause: Evasion items are banned
|rule|Evasion Moves Clause: Evasion moves are banned
|rule|Evasion Abilities Clause: Evasion abilities are banned
|rule|Sleep Moves Clause: Sleep-inducing moves are banned
|clearpoke
|poke|p1|Kleavor, M|
|poke|p1|Brambleghast, M|
|poke|p1|Mamoswine, F|
|poke|p1|Alomomola, F|
|poke|p1|Lokix, F|
|poke|p1|Corviknight, M|
|poke|p2|Milotic, F|
|poke|p2|Samurott-Hisui, F|
|poke|p2|Ting-Lu|
|poke|p2|Gholdengo|
|poke|p2|Dragonite, F|
|poke|p2|Heatran, F|
|teampreview
|
|t:|1760768535
|teamsize|p1|6
|teamsize|p2|6
|start
|switch|p1a: Kleavor|Kleavor, M|100/100
|switch|p2a: Samurott|Samurott-Hisui, F|100/100
|turn|1
|
|t:|1760768544
|move|p1a: Kleavor|Tailwind|p1a: Kleavor
|-sidestart|p1: FZPIR|move: Tailwind
|move|p2a: Samurott|Razor Shell|p1a: Kleavor
|-supereffective|p1a: Kleavor
|-enditem|p1a: Kleavor|Focus Sash
|-damage|p1a: Kleavor|1/100
|
|upkeep
|turn|2
|
|t:|1760768553
|switch|p1a: Brambleghast|Brambleghast, M|100/100
|-ability|p1a: Brambleghast|Wind Rider|boost
|-boost|p1a: Brambleghast|atk|1
|move|p2a: Samurott|Sucker Punch||[still]
|-fail|p2a: Samurott
|
|upkeep
|turn|3
|
|t:|1760768572
|switch|p2a: Heatran|Heatran, F|100/100
|move|p1a: Brambleghast|Strength Sap|p2a: Heatran
|-unboost|p2a: Heatran|atk|1
|
|upkeep
|turn|4
|
|t:|1760768588
|move|p1a: Brambleghast|Poltergeist|p2a: Heatran
|-activate|p2a: Heatran|move: Poltergeist|Leftovers
|-damage|p2a: Heatran|0 fnt
|faint|p2a: Heatran
|-damage|p1a: Brambleghast|91/100|[from] item: Life Orb
|
|-sideend|p1: FZPIR|move: Tailwind
|upkeep
|
|t:|1760768607
|switch|p2a: Ting-Lu|Ting-Lu|100/100
|-ability|p2a: Ting-Lu|Vessel of Ruin
|turn|5
|
|t:|1760768615
|move|p1a: Brambleghast|Rapid Spin|p2a: Ting-Lu
|-damage|p2a: Ting-Lu|85/100
|-boost|p1a: Brambleghast|spe|1
|-damage|p1a: Brambleghast|81/100|[from] item: Life Orb
|move|p2a: Ting-Lu|Whirlwind|p1a: Brambleghast
|-ability|p1a: Brambleghast|Wind Rider|boost
|-boost|p1a: Brambleghast|atk|1
|
|-heal|p2a: Ting-Lu|91/100|[from] item: Leftovers
|upkeep
|turn|6
|-message|sonicfirestorm817 forfeited.
|
|win|FZPIR
|raw|FZPIR's rating: 1117 &rarr; <strong>1139</strong><br />(+22 for winning)
|raw|sonicfirestorm817's rating: 1069 &rarr; <strong>1051</strong><br />(-18 for losing)
|l|☆sonicfirestorm817
|player|p2|
|l|☆FZPIR
|player|p1|
