|j|☆quilleddragon
|j|☆rubzed
|t:|1760736054
|gametype|singles
|player|p1|quilleddragon|acetrainersnow|1138
|player|p2|rubzed|steven|1192
|gen|9
|tier|[Gen 9] OU
|rated|
|rule|HP Percentage Mod: HP is shown in percentages
|rule|Endless Battle Clause: Forcing endless battles is banned
|rule|Species Clause: Limit one of each Pokémon
|rule|OHKO Clause: OHKO moves are banned
|rule|Evasion Items Clause: Evasion items are banned
|rule|Evasion Moves Clause: Evasion moves are banned
|rule|Evasion Abilities Clause: Evasion abilities are banned
|rule|Sleep Moves Clause: Sleep-inducing moves are banned
|clearpoke
|poke|p1|Pincurchin, M|
|poke|p1|Regice|
|poke|p1|Pelipper, M|
|poke|p1|Iron Thorns|
|poke|p1|Keldeo-Resolute|
|poke|p1|Forretress, M|
|poke|p2|Grimmsnarl, M|
|poke|p2|Thundurus-Therian, M|
|poke|p2|Pelipper, M|
|poke|p2|Kingdra, M|
|poke|p2|Barraskewda, M|
|poke|p2|Cinderace, M|
|teampreview
|inactive|Battle timer is ON: inactive players will automatically lose when time's up. (requested by quilleddragon)
|
|t:|1760736068
|teamsize|p1|6
|teamsize|p2|6
|start
|switch|p1a: Pincurchin|Pincurchin, M|100/100
|switch|p2a: Grimmsnarl|Grimmsnarl, M, shiny|100/100
|-fieldstart|move: Electric Terrain|[from] ability: Electric Surge|[of] p1a: Pincurchin
|turn|1
|
|t:|1760736079
|move|p2a: Grimmsnarl|Light Screen|p2a: Grimmsnarl
|-sidestart|p2: rubzed|move: Light Screen
|move|p1a: Pincurchin|Spikes|p2a: Grimmsnarl
|-sidestart|p2: rubzed|Spikes
|
|upkeep
|turn|2
|
|t:|1760736084
|move|p2a: Grimmsnarl|Reflect|p2a: Grimmsnarl
|-sidestart|p2: rubzed|Reflect
|move|p1a: Pincurchin|Spikes|p2a: Grimmsnarl
|-sidestart|p2: rubzed|Spikes
|
|upkeep
|turn|3
|
|t:|1760736091
|move|p2a: Grimmsnarl|Parting Shot|p1a: Pincurchin
|-unboost|p1a: Pincurchin|atk|1
|-unboost|p1a: Pincurchin|spa|1
|
|t:|1760736097
|switch|p2a: Pelipper|Pelipper, M|100/100|[from] Parting Shot
|-weather|RainDance|[from] ability: Drizzle|[of] p2a: Pelipper
|move|p1a: Pincurchin|Spikes|p2a: Pelipper
|-sidestart|p2: rubzed|Spikes
|
|-weather|RainDance|[upkeep]
|upkeep
|turn|4
|
|t:|1760736106
|move|p2a: Pelipper|Knock Off|p1a: Pincurchin
|-damage|p1a: Pincurchin|90/100
|-enditem|p1a: Pincurchin|Terrain Extender|[from] move: Knock Off|[of] p2a: Pelipper
|move|p1a: Pincurchin|Discharge|p2a: Pelipper
|-supereffective|p2a: Pelipper
|-damage|p2a: Pelipper|42/100
|
|-weather|RainDance|[upkeep]
|upkeep
|turn|5
|
|t:|1760736115
|move|p2a: Pelipper|U-turn|p1a: Pincurchin
|-damage|p1a: Pincurchin|82/100
|
|t:|1760736119
|switch|p2a: Thundurus|Thundurus-Therian, M|100/100|[from] U-turn
|move|p1a: Pincurchin|Discharge|p2a: Thundurus
|-immune|p2a: Thundurus|[from] ability: Volt Absorb
|
|-weather|RainDance|[upkeep]
|upkeep
|turn|6
|
|t:|1760736130
|switch|p1a: Regice|Regice|100/100
|move|p2a: Thundurus|Weather Ball|p1a: Regice
|-damage|p1a: Regice|74/100
|
|-weather|RainDance|[upkeep]
|-heal|p1a: Regice|80/100|[from] item: Leftovers
|upkeep
|turn|7
|
|t:|1760736143
|switch|p2a: Cinderace|Cinderace, M, shiny|100/100
|move|p1a: Regice|Ancient Power|p2a: Cinderace
|-supereffective|p2a: Cinderace
|-damage|p2a: Cinderace|78/100
|
|-weather|RainDance|[upkeep]
|-heal|p1a: Regice|86/100|[from] item: Leftovers
|upkeep
|turn|8
|
|t:|1760736153
|move|p2a: Cinderace|Will-O-Wisp|p1a: Regice
|-status|p1a: Regice|brn
|move|p1a: Regice|Thunder Wave|p2a: Cinderace
|-status|p2a: Cinderace|par
|
|-weather|RainDance|[upkeep]
|-heal|p1a: Regice|92/100 brn|[from] item: Leftovers
|-damage|p1a: Regice|86/100 brn|[from] brn
|-sideend|p2: rubzed|move: Light Screen
|-fieldend|move: Electric Terrain
|upkeep
|turn|9
|
|t:|1760736164
|move|p2a: Cinderace|Court Change|p2a: Cinderace
|-swapsideconditions
|-activate|p2a: Cinderace|move: Court Change
|move|p1a: Regice|Ancient Power|p2a: Cinderace
|-supereffective|p2a: Cinderace
|-damage|p2a: Cinderace|31/100 par
|
|-weather|RainDance|[upkeep]
|-heal|p1a: Regice|92/100 brn|[from] item: Leftovers
|-damage|p1a: Regice|86/100 brn|[from] brn
|-sideend|p1: quilleddragon|Reflect
|upkeep
|turn|10
|
|t:|1760736179
|move|p2a: Cinderace|Pyro Ball|p1a: Regice
|-supereffective|p1a: Regice
|-damage|p1a: Regice|18/100 brn
|move|p1a: Regice|Ancient Power|p2a: Cinderace
|-supereffective|p2a: Cinderace
|-damage|p2a: Cinderace|0 fnt
|faint|p2a: Cinderace
|
|-weather|none
|-heal|p1a: Regice|24/100 brn|[from] item: Leftovers
|-damage|p1a: Regice|18/100 brn|[from] brn
|upkeep
|
|t:|1760736196
|switch|p2a: Barraskewda|Barraskewda, M, shiny|100/100
|turn|11
|
|t:|1760736202
|move|p2a: Barraskewda|Aqua Jet|p1a: Regice
|-damage|p1a: Regice|0 fnt
|faint|p1a: Regice
|
|upkeep
|
|t:|1760736207
|switch|p1a: Forretress|Forretress, M|100/100
|-damage|p1a: Forretress|76/100|[from] Spikes
|turn|12
|
|t:|1760736213
|switch|p2a: Grimmsnarl|Grimmsnarl, M, shiny|100/100
|move|p1a: Forretress|Rapid Spin|p2a: Grimmsnarl
|-damage|p2a: Grimmsnarl|87/100
|-boost|p1a: Forretress|spe|1
|-sideend|p1: quilleddragon|Spikes|[from] move: Rapid Spin|[of] p1a: Forretress
|
|-heal|p1a: Forretress|82/100|[from] item: Leftovers
|upkeep
|turn|13
|
|t:|1760736222
|move|p2a: Grimmsnarl|Light Screen|p2a: Grimmsnarl
|-sidestart|p2: rubzed|move: Light Screen
|move|p1a: Forretress|Gyro Ball|p2a: Grimmsnarl
|-supereffective|p2a: Grimmsnarl
|-damage|p2a: Grimmsnarl|56/100
|
|-heal|p1a: Forretress|88/100|[from] item: Leftovers
|upkeep
|turn|14
|
|t:|1760736230
|move|p2a: Grimmsnarl|Reflect|p2a: Grimmsnarl
|-sidestart|p2: rubzed|Reflect
|move|p1a: Forretress|Stealth Rock|p2a: Grimmsnarl
|-sidestart|p2: rubzed|move: Stealth Rock
|
|-heal|p1a: Forretress|94/100|[from] item: Leftovers
|upkeep
|turn|15
|
|t:|1760736237
|move|p2a: Grimmsnarl|Parting Shot|p1a: Forretress
|-unboost|p1a: Forretress|atk|1
|-unboost|p1a: Forretress|spa|1
|
|t:|1760736242
|switch|p2a: Barraskewda|Barraskewda, M, shiny|100/100|[from] Parting Shot
|-damage|p2a: Barraskewda|88/100|[from] Stealth Rock
|move|p1a: Forretress|Gyro Ball|p2a: Barraskewda
|-resisted|p2a: Barraskewda
|-damage|p2a: Barraskewda|80/100
|
|-heal|p1a: Forretress|100/100|[from] item: Leftovers
|upkeep
|turn|16
|
|t:|1760736254
|move|p2a: Barraskewda|Flip Turn|p1a: Forretress
|-damage|p1a: Forretress|75/100
|
|t:|1760736259
|switch|p2a: Pelipper|Pelipper, M|42/100|[from] Flip Turn
|-damage|p2a: Pelipper|18/100|[from] Stealth Rock
|-weather|RainDance|[from] ability: Drizzle|[of] p2a: Pelipper
|move|p1a: Forretress|Body Press|p2a: Pelipper
|-resisted|p2a: Pelipper
|-damage|p2a: Pelipper|12/100
|
|-weather|RainDance|[upkeep]
|-heal|p1a: Forretress|81/100|[from] item: Leftovers
|upkeep
|turn|17
|
|t:|1760736272
|move|p2a: Pelipper|Roost|p2a: Pelipper
|-heal|p2a: Pelipper|62/100
|-singleturn|p2a: Pelipper|move: Roost
|move|p1a: Forretress|Rapid Spin|p2a: Pelipper
|-damage|p2a: Pelipper|59/100
|-boost|p1a: Forretress|spe|1
|
|-weather|RainDance|[upkeep]
|-heal|p1a: Forretress|88/100|[from] item: Leftovers
|upkeep
|turn|18
|
|t:|1760736283
|switch|p1a: Pincurchin|Pincurchin, M|82/100
|-fieldstart|move: Electric Terrain|[from] ability: Electric Surge|[of] p1a: Pincurchin
|move|p2a: Pelipper|Knock Off|p1a: Pincurchin
|-damage|p1a: Pincurchin|74/100
|
|-weather|RainDance|[upkeep]
|upkeep
|turn|19
|
|t:|1760736292
|move|p2a: Pelipper|U-turn|p1a: Pincurchin
|-damage|p1a: Pincurchin|66/100
|
|t:|1760736295
|switch|p2a: Barraskewda|Barraskewda, M, shiny|80/100|[from] U-turn
|-damage|p2a: Barraskewda|68/100|[from] Stealth Rock
|move|p1a: Pincurchin|Spikes|p2a: Barraskewda
|-sidestart|p2: rubzed|Spikes
|
|-weather|RainDance|[upkeep]
|upkeep
|turn|20
|
|t:|1760736304
|move|p2a: Barraskewda|Liquidation|p1a: Pincurchin
|-damage|p1a: Pincurchin|0 fnt
|faint|p1a: Pincurchin
|
|-weather|RainDance|[upkeep]
|-sideend|p2: rubzed|move: Light Screen
|upkeep
|
|t:|1760736311
|switch|p1a: Iron Thorns|Iron Thorns|100/100
|-activate|p1a: Iron Thorns|ability: Quark Drive
|-start|p1a: Iron Thorns|quarkdriveatk
|turn|21
|
|t:|1760736325
|move|p2a: Barraskewda|Liquidation|p1a: Iron Thorns
|-supereffective|p1a: Iron Thorns
|-damage|p1a: Iron Thorns|0 fnt
|faint|p1a: Iron Thorns
|-end|p1a: Iron Thorns|Quark Drive|[silent]
|
|-weather|RainDance|[upkeep]
|-sideend|p2: rubzed|Reflect
|upkeep
|
|t:|1760736335
|switch|p1a: Forretress|Forretress, M|88/100
|turn|22
|
|t:|1760736340
|move|p2a: Barraskewda|Liquidation|p1a: Forretress
|-damage|p1a: Forretress|27/100
|move|p1a: Forretress|Body Press|p2a: Barraskewda
|-damage|p2a: Barraskewda|0 fnt
|faint|p2a: Barraskewda
|
|-weather|RainDance|[upkeep]
|-heal|p1a: Forretress|34/100|[from] item: Leftovers
|-fieldend|move: Electric Terrain
|upkeep
|
|t:|1760736356
|switch|p2a: Kingdra|Kingdra, M|100/100
|-damage|p2a: Kingdra|88/100|[from] Stealth Rock
|-damage|p2a: Kingdra|76/100|[from] Spikes
|turn|23
|
|t:|1760736363
|move|p2a: Kingdra|Hydro Pump|p1a: Forretress
|-damage|p1a: Forretress|0 fnt
|faint|p1a: Forretress
|
|-weather|none
|upkeep
|
|t:|1760736369
|switch|p1a: Keldeo|Keldeo-Resolute|100/100
|turn|24
|
|t:|1760736376
|switch|p2a: Pelipper|Pelipper, M|59/100
|-damage|p2a: Pelipper|35/100|[from] Stealth Rock
|-weather|RainDance|[from] ability: Drizzle|[of] p2a: Pelipper
|move|p1a: Keldeo|Secret Sword|p2a: Pelipper
|-resisted|p2a: Pelipper
|-damage|p2a: Pelipper|17/100
|
|-weather|RainDance|[upkeep]
|upkeep
|turn|25
|
|t:|1760736386
|move|p1a: Keldeo|Secret Sword|p2a: Pelipper
|-resisted|p2a: Pelipper
|-damage|p2a: Pelipper|0 fnt
|faint|p2a: Pelipper
|
|-weather|RainDance|[upkeep]
|upkeep
|
|t:|1760736392
|switch|p2a: Kingdra|Kingdra, M|76/100
|-damage|p2a: Kingdra|63/100|[from] Stealth Rock
|-damage|p2a: Kingdra|51/100|[from] Spikes
|turn|26
|
|t:|1760736400
|-terastallize|p2a: Kingdra|Flying
|move|p2a: Kingdra|Hurricane|p1a: Keldeo
|-supereffective|p1a: Keldeo
|-damage|p1a: Keldeo|0 fnt
|faint|p1a: Keldeo
|
|-weather|RainDance|[upkeep]
|upkeep
|
|t:|1760736408
|switch|p1a: Pelipper|Pelipper, M|100/100
|turn|27
|
|t:|1760736412
|move|p2a: Kingdra|Draco Meteor|p1a: Pelipper|[miss]
|-miss|p2a: Kingdra|p1a: Pelipper
|move|p1a: Pelipper|Hurricane|p2a: Kingdra
|-damage|p2a: Kingdra|3/100
|
|-weather|RainDance|[upkeep]
|upkeep
|turn|28
|
|t:|1760736421
|move|p2a: Kingdra|Draco Meteor|p1a: Pelipper
|-damage|p1a: Pelipper|22/100
|-unboost|p2a: Kingdra|spa|2
|move|p1a: Pelipper|Surf|p2a: Kingdra
|-damage|p2a: Kingdra|0 fnt
|faint|p2a: Kingdra
|
|-weather|RainDance|[upkeep]
|upkeep
|
|t:|1760736429
|switch|p2a: Thundurus|Thundurus-Therian, M|100/100
|-damage|p2a: Thundurus|76/100|[from] Stealth Rock
|turn|29
|
|t:|1760736435
|move|p2a: Thundurus|Thunderbolt|p1a: Pelipper
|-supereffective|p1a: Pelipper
|-damage|p1a: Pelipper|0 fnt
|faint|p1a: Pelipper
|
|win|rubzed
|raw|quilleddragon's rating: 1138 &rarr; <strong>1117</strong><br />(-21 for losing)
|raw|rubzed's rating: 1192 &rarr; <strong>1213</strong><br />(+21 for winning)
