|j|☆night law
|j|☆Nicokay
|t:|1760814177
|gametype|singles
|player|p1|night law|giovanni|1273
|player|p2|Nicokay|brycenman|1317
|gen|9
|tier|[Gen 9] OU
|rated|
|rule|HP Percentage Mod: HP is shown in percentages
|rule|Endless Battle Clause: Forcing endless battles is banned
|rule|Species Clause: Limit one of each Pokémon
|rule|OHKO Clause: OHKO moves are banned
|rule|Evasion Items Clause: Evasion items are banned
|rule|Evasion Moves Clause: Evasion moves are banned
|rule|Evasion Abilities Clause: Evasion abilities are banned
|rule|Sleep Moves Clause: Sleep-inducing moves are banned
|clearpoke
|poke|p1|Mamoswine, M|
|poke|p1|Salamence, F|
|poke|p1|Clefable, M|
|poke|p1|Lanturn, F|
|poke|p1|Skarmory, F|
|poke|p1|Medicham, M|
|poke|p2|Cinderace, M|
|poke|p2|Amoonguss, F|
|poke|p2|Glimmora, F|
|poke|p2|Dragapult, M|
|poke|p2|Iron Moth|
|poke|p2|Maushold-Four|
|teampreview
|
|t:|1760814205
|teamsize|p1|6
|teamsize|p2|6
|start
|switch|p1a: Lanturn|Lanturn, F|100/100
|switch|p2a: Messi|Cinderace, M, shiny|100/100
|turn|1
|
|t:|1760814221
|switch|p1a: Salamence|Salamence, F|100/100
|-ability|p1a: Salamence|Intimidate|boost
|-unboost|p2a: Messi|atk|1
|move|p2a: Messi|U-turn|p1a: Salamence
|-start|p2a: Messi|typechange|Bug|[from] ability: Libero
|-resisted|p1a: Salamence
|-damage|p1a: Salamence|86/100
|
|t:|1760814224
|switch|p2a: Drogapult|Dragapult, M, shiny|100/100|[from] U-turn
|
|upkeep
|turn|2
|
|t:|1760814250
|switch|p1a: Clefable|Clefable, M|100/100
|move|p2a: Drogapult|Dragon Darts|p1a: Clefable
|-immune|p1a: Clefable
|
|upkeep
|turn|3
|
|t:|1760814259
|switch|p2a: Amateratsu|Iron Moth|100/100
|move|p1a: Clefable|Moonblast|p2a: Amateratsu
|-resisted|p2a: Amateratsu
|-crit|p2a: Amateratsu
|-damage|p2a: Amateratsu|94/100
|-unboost|p2a: Amateratsu|spa|1
|
|upkeep
|turn|4
|
|t:|1760814263
|switch|p1a: Lanturn|Lanturn, F|100/100
|move|p2a: Amateratsu|Fiery Dance|p1a: Lanturn
|-resisted|p1a: Lanturn
|-damage|p1a: Lanturn|92/100
|-boost|p2a: Amateratsu|spa|1
|
|upkeep
|turn|5
|
|t:|1760814275
|move|p2a: Amateratsu|Energy Ball|p1a: Lanturn
|-supereffective|p1a: Lanturn
|-damage|p1a: Lanturn|51/100
|-unboost|p1a: Lanturn|spd|1
|move|p1a: Lanturn|Volt Switch|p2a: Amateratsu
|-damage|p2a: Amateratsu|77/100
|
|t:|1760814278
|switch|p1a: Medicham|Medicham, M|100/100|[from] Volt Switch
|
|upkeep
|turn|6
|
|t:|1760814297
|-end|p2a: Amateratsu|Quark Drive|[silent]
|switch|p2a: Drogapult|Dragapult, M, shiny|100/100
|move|p1a: Medicham|Zen Headbutt|p2a: Drogapult
|-damage|p2a: Drogapult|30/100
|
|upkeep
|turn|7
|
|t:|1760814311
|switch|p1a: Lanturn|Lanturn, F|51/100
|move|p2a: Drogapult|Phantom Force||[still]
|-prepare|p2a: Drogapult|Phantom Force
|
|upkeep
|turn|8
|
|t:|1760814323
|switch|p1a: Skarmory|Skarmory, F|100/100
|move|p2a: Drogapult|Phantom Force|p1a: Skarmory|[from] lockedmove
|-damage|p1a: Skarmory|74/100
|-damage|p2a: Drogapult|13/100|[from] item: Rocky Helmet|[of] p1a: Skarmory
|
|upkeep
|turn|9
|
|t:|1760814329
|switch|p2a: Messi|Cinderace, M, shiny|100/100
|move|p1a: Skarmory|Stealth Rock|p2a: Messi
|-sidestart|p2: Nicokay|move: Stealth Rock
|
|upkeep
|turn|10
|
|t:|1760814334
|switch|p1a: Salamence|Salamence, F|86/100
|-ability|p1a: Salamence|Intimidate|boost
|-unboost|p2a: Messi|atk|1
|move|p2a: Messi|Court Change|p2a: Messi
|-start|p2a: Messi|typechange|Normal|[from] ability: Libero
|-swapsideconditions
|-activate|p2a: Messi|move: Court Change
|
|upkeep
|turn|11
|
|t:|1760814344
|switch|p2a: Drug dealer|Amoonguss, F|100/100
|move|p1a: Salamence|Draco Meteor|p2a: Drug dealer
|-damage|p2a: Drug dealer|39/100
|-unboost|p1a: Salamence|spa|2
|
|-heal|p2a: Drug dealer|45/100|[from] item: Leftovers
|upkeep
|turn|12
|
|t:|1760814351
|switch|p1a: Skarmory|Skarmory, F|74/100
|-damage|p1a: Skarmory|62/100|[from] Stealth Rock
|switch|p2a: Amateratsu|Iron Moth|77/100
|
|upkeep
|turn|13
|
|t:|1760814366
|switch|p1a: Lanturn|Lanturn, F|51/100
|-damage|p1a: Lanturn|38/100|[from] Stealth Rock
|move|p2a: Amateratsu|Fiery Dance|p1a: Lanturn
|-resisted|p1a: Lanturn
|-damage|p1a: Lanturn|25/100
|
|upkeep
|turn|14
|
|t:|1760814398
|switch|p1a: Salamence|Salamence, F|86/100
|-damage|p1a: Salamence|62/100|[from] Stealth Rock
|-ability|p1a: Salamence|Intimidate|boost
|-unboost|p2a: Amateratsu|atk|1
|move|p2a: Amateratsu|Energy Ball|p1a: Salamence
|-resisted|p1a: Salamence
|-damage|p1a: Salamence|52/100
|
|upkeep
|turn|15
|
|t:|1760814406
|move|p1a: Salamence|Air Slash|p2a: Amateratsu
|-damage|p2a: Amateratsu|56/100
|move|p2a: Amateratsu|Sludge Wave|p1a: Salamence
|-damage|p1a: Salamence|0 fnt
|faint|p1a: Salamence
|
|upkeep
|
|t:|1760814416
|switch|p1a: Medicham|Medicham, M|100/100
|-damage|p1a: Medicham|94/100|[from] Stealth Rock
|turn|16
|
|t:|1760814420
|-end|p2a: Amateratsu|Quark Drive|[silent]
|switch|p2a: Glifresa|Glimmora, F, shiny|100/100
|move|p1a: Medicham|Zen Headbutt|p2a: Glifresa|[miss]
|-miss|p1a: Medicham|p2a: Glifresa
|
|upkeep
|turn|17
|l|☆night law
|player|p1|
|inactive|Battle timer is ON: inactive players will automatically lose when time's up. (requested by Nicokay)
|inactive|night law has 30 seconds to reconnect!
|inactive|night law has 20 seconds to reconnect!
|inactive|night law has 15 seconds to reconnect!
|inactive|night law has 10 seconds to reconnect!
|inactive|night law has 5 seconds to reconnect!
|-message|night law lost due to inactivity.
|
|win|Nicokay
|raw|night law's rating: 1273 &rarr; <strong>1251</strong><br />(-22 for losing)
|raw|Nicokay's rating: 1317 &rarr; <strong>1334</strong><br />(+17 for winning)
|l|☆Nicokay
|player|p2|
