|j|☆Whammmmmy
|j|☆Rat Conjoe
|t:|1760757856
|gametype|singles
|player|p1|Whammmmmy|169|1175
|player|p2|Rat Conjoe|dawn|1177
|gen|9
|tier|[Gen 9] OU
|rated|
|rule|HP Percentage Mod: HP is shown in percentages
|rule|Endless Battle Clause: Forcing endless battles is banned
|rule|Species Clause: Limit one of each Pokémon
|rule|OHKO Clause: OHKO moves are banned
|rule|Evasion Items Clause: Evasion items are banned
|rule|Evasion Moves Clause: Evasion moves are banned
|rule|Evasion Abilities Clause: Evasion abilities are banned
|rule|Sleep Moves Clause: Sleep-inducing moves are banned
|clearpoke
|poke|p1|Torkoal, M|
|poke|p1|Charizard, F|
|poke|p1|Venusaur, F|
|poke|p1|Pelipper, M|
|poke|p1|Blastoise, F|
|poke|p1|Basculegion-F, F|
|poke|p2|Flygon, F|
|poke|p2|Ceruledge, M|
|poke|p2|Umbreon, F|
|poke|p2|Eelektross, M|
|poke|p2|Scizor, M|
|poke|p2|Meowscarada, F|
|teampreview
|inactive|Battle timer is ON: inactive players will automatically lose when time's up. (requested by Whammmmmy)
|
|t:|1760757865
|teamsize|p1|6
|teamsize|p2|6
|start
|switch|p1a: Basculegion|Basculegion-F, F|100/100
|switch|p2a: Eelektross|Eelektross, M|100/100
|turn|1
|
|t:|1760757875
|switch|p1a: Torkoal|Torkoal, M|100/100
|-weather|SunnyDay|[from] ability: Drought|[of] p1a: Torkoal
|move|p2a: Eelektross|Volt Switch|p1a: Torkoal
|-damage|p1a: Torkoal|57/100
|
|t:|1760757885
|switch|p2a: Flygon|Flygon, F|100/100|[from] Volt Switch
|
|-weather|SunnyDay|[upkeep]
|upkeep
|turn|2
|
|t:|1760757892
|switch|p1a: Venusaur|Venusaur, F|100/100
|move|p2a: Flygon|Earthquake|p1a: Venusaur
|-damage|p1a: Venusaur|45/100
|
|-weather|SunnyDay|[upkeep]
|upkeep
|turn|3
|
|t:|1760757899
|move|p1a: Venusaur|Giga Drain|p2a: Flygon
|-damage|p2a: Flygon|36/100
|-heal|p1a: Venusaur|77/100|[from] drain|[of] p2a: Flygon
|-damage|p1a: Venusaur|67/100|[from] item: Life Orb
|move|p2a: Flygon|Earthquake|p1a: Venusaur
|-damage|p1a: Venusaur|12/100
|
|-weather|SunnyDay|[upkeep]
|upkeep
|turn|4
|
|t:|1760757920
|switch|p2a: Scizor|Scizor, M|100/100
|move|p1a: Venusaur|Sludge Bomb|p2a: Scizor
|-immune|p2a: Scizor
|
|-weather|SunnyDay|[upkeep]
|upkeep
|turn|5
|
|t:|1760757929
|move|p2a: Scizor|Bullet Punch|p1a: Venusaur
|-damage|p1a: Venusaur|0 fnt
|faint|p1a: Venusaur
|
|-weather|SunnyDay|[upkeep]
|upkeep
|
|t:|1760757942
|switch|p1a: Charizard|Charizard, F|100/100
|turn|6
|
|t:|1760757965
|switch|p2a: Eelektross|Eelektross, M|100/100
|move|p1a: Charizard|Weather Ball|p2a: Eelektross
|-damage|p2a: Eelektross|0 fnt
|faint|p2a: Eelektross
|-damage|p1a: Charizard|91/100|[from] item: Life Orb
|
|-weather|SunnyDay|[upkeep]
|-damage|p1a: Charizard|78/100|[from] ability: Solar Power|[of] p1a: Charizard
|upkeep
|
|t:|1760757975
|switch|p2a: Flygon|Flygon, F|36/100
|turn|7
|
|t:|1760757985
|move|p2a: Flygon|Stone Edge|p1a: Charizard
|-supereffective|p1a: Charizard
|-damage|p1a: Charizard|0 fnt
|faint|p1a: Charizard
|
|-weather|SunnyDay|[upkeep]
|upkeep
|
|t:|1760757992
|switch|p1a: Torkoal|Torkoal, M|57/100
|turn|8
|
|t:|1760757997
|move|p2a: Flygon|Stone Edge|p1a: Torkoal
|-supereffective|p1a: Torkoal
|-damage|p1a: Torkoal|22/100
|move|p1a: Torkoal|Will-O-Wisp|p2a: Flygon
|-status|p2a: Flygon|brn
|
|-weather|none
|-damage|p2a: Flygon|30/100 brn|[from] brn
|upkeep
|turn|9
|
|t:|1760758008
|move|p2a: Flygon|Stone Edge|p1a: Torkoal|[miss]
|-miss|p2a: Flygon|p1a: Torkoal
|move|p1a: Torkoal|Lava Plume|p2a: Flygon
|-resisted|p2a: Flygon
|-damage|p2a: Flygon|14/100 brn
|
|-damage|p2a: Flygon|8/100 brn|[from] brn
|upkeep
|turn|10
|
|t:|1760758022
|move|p2a: Flygon|Stone Edge|p1a: Torkoal
|-supereffective|p1a: Torkoal
|-damage|p1a: Torkoal|4/100
|move|p1a: Torkoal|Lava Plume|p2a: Flygon
|-resisted|p2a: Flygon
|-damage|p2a: Flygon|0 fnt
|faint|p2a: Flygon
|
|upkeep
|
|t:|1760758032
|switch|p2a: Scizor|Scizor, M|100/100
|turn|11
|
|t:|1760758037
|move|p2a: Scizor|Bullet Punch|p1a: Torkoal
|-resisted|p1a: Torkoal
|-damage|p1a: Torkoal|0 fnt
|faint|p1a: Torkoal
|
|upkeep
|
|t:|1760758042
|switch|p1a: Pelipper|Pelipper, M|100/100
|-weather|RainDance|[from] ability: Drizzle|[of] p1a: Pelipper
|turn|12
|
|t:|1760758052
|move|p2a: Scizor|Bullet Punch|p1a: Pelipper
|-resisted|p1a: Pelipper
|-damage|p1a: Pelipper|79/100
|move|p1a: Pelipper|Hurricane|p2a: Scizor
|-damage|p2a: Scizor|60/100
|-start|p2a: Scizor|confusion
|
|-weather|RainDance|[upkeep]
|upkeep
|turn|13
|
|t:|1760758062
|-activate|p2a: Scizor|confusion
|move|p2a: Scizor|Bullet Punch|p1a: Pelipper
|-resisted|p1a: Pelipper
|-damage|p1a: Pelipper|61/100
|move|p1a: Pelipper|U-turn|p2a: Scizor
|-resisted|p2a: Scizor
|-damage|p2a: Scizor|56/100
|
|t:|1760758068
|switch|p1a: Blastoise|Blastoise, F|100/100|[from] U-turn
|
|-weather|RainDance|[upkeep]
|upkeep
|turn|14
|
|t:|1760758074
|-end|p2a: Scizor|confusion
|move|p2a: Scizor|Bullet Punch|p1a: Blastoise
|-resisted|p1a: Blastoise
|-damage|p1a: Blastoise|82/100
|move|p1a: Blastoise|Iron Defense|p1a: Blastoise
|-boost|p1a: Blastoise|def|2
|
|-weather|RainDance|[upkeep]
|-heal|p1a: Blastoise|88/100|[from] ability: Rain Dish
|-heal|p1a: Blastoise|94/100|[from] item: Leftovers
|upkeep
|turn|15
|
|t:|1760758086
|switch|p2a: Umbreon|Umbreon, F, shiny|100/100
|move|p1a: Blastoise|Iron Defense|p1a: Blastoise
|-boost|p1a: Blastoise|def|2
|
|-weather|RainDance|[upkeep]
|-heal|p1a: Blastoise|100/100|[from] ability: Rain Dish
|upkeep
|turn|16
|
|t:|1760758095
|move|p1a: Blastoise|Body Press|p2a: Umbreon
|-supereffective|p2a: Umbreon
|-damage|p2a: Umbreon|0 fnt
|faint|p2a: Umbreon
|
|-weather|RainDance|[upkeep]
|upkeep
|
|t:|1760758100
|switch|p2a: Meowscarada|Meowscarada, F|100/100
|turn|17
|
|t:|1760758105
|move|p2a: Meowscarada|Flower Trick|p1a: Blastoise
|-start|p2a: Meowscarada|typechange|Grass|[from] ability: Protean
|-supereffective|p1a: Blastoise
|-crit|p1a: Blastoise
|-damage|p1a: Blastoise|0 fnt
|faint|p1a: Blastoise
|
|-weather|RainDance|[upkeep]
|upkeep
|
|t:|1760758117
|switch|p1a: Basculegion|Basculegion-F, F|100/100
|turn|18
|
|t:|1760758126
|-terastallize|p2a: Meowscarada|Grass
|move|p2a: Meowscarada|Flower Trick|p1a: Basculegion
|-supereffective|p1a: Basculegion
|-crit|p1a: Basculegion
|-damage|p1a: Basculegion|0 fnt
|faint|p1a: Basculegion
|
|-weather|RainDance|[upkeep]
|upkeep
|
|t:|1760758135
|switch|p1a: Pelipper|Pelipper, M|61/100
|turn|19
|
|t:|1760758139
|move|p2a: Meowscarada|Flower Trick|p1a: Pelipper
|-crit|p1a: Pelipper
|-damage|p1a: Pelipper|0 fnt
|faint|p1a: Pelipper
|
|win|Rat Conjoe
|raw|Whammmmmy's rating: 1175 &rarr; <strong>1150</strong><br />(-25 for losing)
|raw|Rat Conjoe's rating: 1177 &rarr; <strong>1202</strong><br />(+25 for winning)
|c|☆Rat Conjoe|GGs
|l|☆Rat Conjoe
|player|p2|
|l|☆Whammmmmy
|player|p1|
