|j|☆SmallKuza1888
|j|☆Swankentora
|t:|1760826042
|gametype|singles
|player|p1|SmallKuza1888|cyclist-gen4|1605
|player|p2|Swankentora|n|1672
|gen|9
|tier|[Gen 9] OU
|rated|
|rule|HP Percentage Mod: HP is shown in percentages
|rule|Endless Battle Clause: Forcing endless battles is banned
|rule|Species Clause: Limit one of each Pokémon
|rule|OHKO Clause: OHKO moves are banned
|rule|Evasion Items Clause: Evasion items are banned
|rule|Evasion Moves Clause: Evasion moves are banned
|rule|Evasion Abilities Clause: Evasion abilities are banned
|rule|Sleep Moves Clause: Sleep-inducing moves are banned
|clearpoke
|poke|p1|Weavile, M|
|poke|p1|Iron Treads|
|poke|p1|Keldeo|
|poke|p1|Hatterene, F|
|poke|p1|Ting-Lu|
|poke|p1|Dragonite, F|
|poke|p2|Samurott-Hisui, M|
|poke|p2|Heatran, M|
|poke|p2|Latios, M|
|poke|p2|Iron Valiant|
|poke|p2|Iron Treads|
|poke|p2|Dragapult, F|
|teampreview
|
|t:|1760826075
|teamsize|p1|6
|teamsize|p2|6
|start
|switch|p1a: Weavile|Weavile, M|100/100
|switch|p2a: Dragapult|Dragapult, F|100/100
|-ability|p1a: Weavile|Pressure
|turn|1
|
|t:|1760826092
|-terastallize|p1a: Weavile|Ice
|move|p1a: Weavile|Ice Shard|p2a: Dragapult
|-supereffective|p2a: Dragapult
|-damage|p2a: Dragapult|0 fnt
|faint|p2a: Dragapult
|
|upkeep
|inactive|Battle timer is ON: inactive players will automatically lose when time's up. (requested by SmallKuza1888)
|
|t:|1760826097
|switch|p2a: Heatran|Heatran, M|100/100
|turn|2
|
|t:|1760826101
|switch|p1a: Keldeo|Keldeo|100/100
|move|p2a: Heatran|Stealth Rock|p1a: Keldeo
|-sidestart|p1: SmallKuza1888|move: Stealth Rock
|
|upkeep
|turn|3
|
|t:|1760826106
|switch|p2a: Samurott|Samurott-Hisui, M|100/100
|move|p1a: Keldeo|Surf|p2a: Samurott
|-resisted|p2a: Samurott
|-damage|p2a: Samurott|85/100
|
|upkeep
|turn|4
|
|t:|1760826111
|move|p1a: Keldeo|Aura Sphere|p2a: Samurott
|-supereffective|p2a: Samurott
|-damage|p2a: Samurott|30/100
|move|p2a: Samurott|Ceaseless Edge|p1a: Keldeo
|-resisted|p1a: Keldeo
|-damage|p1a: Keldeo|77/100
|-ability|p1a: Keldeo|Justified|boost
|-boost|p1a: Keldeo|atk|1
|-sidestart|p1: SmallKuza1888|Spikes
|
|upkeep
|turn|5
|
|t:|1760826127
|-terastallize|p2a: Samurott|Poison
|move|p1a: Keldeo|Aura Sphere|p2a: Samurott
|-resisted|p2a: Samurott
|-damage|p2a: Samurott|14/100
|move|p2a: Samurott|Razor Shell|p1a: Keldeo
|-resisted|p1a: Keldeo
|-damage|p1a: Keldeo|48/100
|
|upkeep
|turn|6
|
|t:|1760826136
|switch|p2a: Latios|Latios, M|100/100
|move|p1a: Keldeo|Surf|p2a: Latios
|-resisted|p2a: Latios
|-damage|p2a: Latios|75/100
|
|upkeep
|turn|7
|
|t:|1760826140
|move|p2a: Latios|Luster Purge|p1a: Keldeo
|-supereffective|p1a: Keldeo
|-damage|p1a: Keldeo|0 fnt
|faint|p1a: Keldeo
|
|upkeep
|
|t:|1760826143
|switch|p1a: Iron Treads|Iron Treads|100/100
|-damage|p1a: Iron Treads|97/100|[from] Stealth Rock
|-damage|p1a: Iron Treads|85/100|[from] Spikes
|turn|8
|
|t:|1760826156
|switch|p2a: Heatran|Heatran, M|100/100
|move|p1a: Iron Treads|Rapid Spin|p2a: Heatran
|-resisted|p2a: Heatran
|-damage|p2a: Heatran|95/100
|-boost|p1a: Iron Treads|spe|1
|-damage|p1a: Iron Treads|68/100|[from] item: Rocky Helmet|[of] p2a: Heatran
|-sideend|p1: SmallKuza1888|Spikes|[from] move: Rapid Spin|[of] p1a: Iron Treads
|-sideend|p1: SmallKuza1888|Stealth Rock|[from] move: Rapid Spin|[of] p1a: Iron Treads
|
|-heal|p1a: Iron Treads|75/100|[from] item: Leftovers
|upkeep
|turn|9
|
|t:|1760826158
|move|p1a: Iron Treads|Earthquake|p2a: Heatran
|-supereffective|p2a: Heatran
|-damage|p2a: Heatran|0 fnt
|faint|p2a: Heatran
|
|-heal|p1a: Iron Treads|81/100|[from] item: Leftovers
|upkeep
|
|t:|1760826165
|switch|p2a: Latios|Latios, M|75/100
|turn|10
|
|t:|1760826168
|move|p2a: Latios|Aura Sphere|p1a: Iron Treads
|-supereffective|p1a: Iron Treads
|-damage|p1a: Iron Treads|0 fnt
|faint|p1a: Iron Treads
|-end|p1a: Iron Treads|Quark Drive|[silent]
|
|upkeep
|
|t:|1760826172
|switch|p1a: Hatterene|Hatterene, F|100/100
|turn|11
|
|t:|1760826175
|switch|p2a: Samurott|Samurott-Hisui, M, tera:Poison|14/100
|move|p1a: Hatterene|Mystical Fire|p2a: Samurott
|-damage|p2a: Samurott|0 fnt
|faint|p2a: Samurott
|
|upkeep
|
|t:|1760826179
|switch|p2a: Iron Treads|Iron Treads|100/100
|turn|12
|
|t:|1760826181
|switch|p1a: Ting-Lu|Ting-Lu|100/100
|-ability|p1a: Ting-Lu|Vessel of Ruin
|move|p2a: Iron Treads|Iron Head|p1a: Ting-Lu
|-damage|p1a: Ting-Lu|87/100
|-damage|p2a: Iron Treads|84/100|[from] item: Rocky Helmet|[of] p1a: Ting-Lu
|
|-heal|p2a: Iron Treads|90/100|[from] item: Leftovers
|upkeep
|turn|13
|
|t:|1760826186
|-end|p2a: Iron Treads|Quark Drive|[silent]
|switch|p2a: Latios|Latios, M|75/100
|move|p1a: Ting-Lu|Earthquake|p2a: Latios
|-immune|p2a: Latios|[from] ability: Levitate
|
|upkeep
|turn|14
|
|t:|1760826190
|move|p2a: Latios|Flip Turn|p1a: Ting-Lu
|-supereffective|p1a: Ting-Lu
|-damage|p1a: Ting-Lu|79/100
|-damage|p2a: Latios|58/100|[from] item: Rocky Helmet|[of] p1a: Ting-Lu
|
|t:|1760826193
|switch|p2a: Iron Valiant|Iron Valiant|100/100|[from] Flip Turn
|move|p1a: Ting-Lu|Stealth Rock|p2a: Iron Valiant
|-sidestart|p2: Swankentora|move: Stealth Rock
|
|upkeep
|turn|15
|
|t:|1760826196
|move|p2a: Iron Valiant|Moonblast|p1a: Ting-Lu
|-supereffective|p1a: Ting-Lu
|-damage|p1a: Ting-Lu|2/100
|move|p1a: Ting-Lu|Earthquake|p2a: Iron Valiant
|-damage|p2a: Iron Valiant|52/100
|
|upkeep
|turn|16
|
|t:|1760826201
|move|p2a: Iron Valiant|Moonblast|p1a: Ting-Lu
|-supereffective|p1a: Ting-Lu
|-damage|p1a: Ting-Lu|0 fnt
|faint|p1a: Ting-Lu
|
|upkeep
|
|t:|1760826203
|switch|p1a: Hatterene|Hatterene, F|100/100
|turn|17
|
|t:|1760826206
|-end|p2a: Iron Valiant|Quark Drive|[silent]
|switch|p2a: Iron Treads|Iron Treads|90/100
|-damage|p2a: Iron Treads|87/100|[from] Stealth Rock
|move|p1a: Hatterene|Mystical Fire|p2a: Iron Treads
|-supereffective|p2a: Iron Treads
|-damage|p2a: Iron Treads|44/100
|-unboost|p2a: Iron Treads|spa|1
|
|-heal|p2a: Iron Treads|50/100|[from] item: Leftovers
|upkeep
|turn|18
|
|t:|1760826211
|switch|p1a: Weavile|Weavile, M, tera:Ice|100/100
|-ability|p1a: Weavile|Pressure
|move|p2a: Iron Treads|Rapid Spin|p1a: Weavile
|-damage|p1a: Weavile|80/100
|-boost|p2a: Iron Treads|spe|1
|-sideend|p2: Swankentora|Stealth Rock|[from] move: Rapid Spin|[of] p2a: Iron Treads
|
|-heal|p2a: Iron Treads|56/100|[from] item: Leftovers
|upkeep
|turn|19
|
|t:|1760826219
|move|p1a: Weavile|Ice Shard|p2a: Iron Treads
|-damage|p2a: Iron Treads|28/100
|move|p2a: Iron Treads|Iron Head|p1a: Weavile
|-supereffective|p1a: Weavile
|-damage|p1a: Weavile|0 fnt
|faint|p1a: Weavile
|
|-heal|p2a: Iron Treads|34/100|[from] item: Leftovers
|upkeep
|
|t:|1760826222
|switch|p1a: Dragonite|Dragonite, F|100/100
|turn|20
|
|t:|1760826225
|move|p2a: Iron Treads|Ice Spinner|p1a: Dragonite
|-supereffective|p1a: Dragonite
|-damage|p1a: Dragonite|64/100
|move|p1a: Dragonite|Earthquake|p2a: Iron Treads
|-supereffective|p2a: Iron Treads
|-damage|p2a: Iron Treads|0 fnt
|faint|p2a: Iron Treads
|-end|p2a: Iron Treads|Quark Drive|[silent]
|
|upkeep
|
|t:|1760826238
|switch|p2a: Iron Valiant|Iron Valiant|52/100
|turn|21
|
|t:|1760826243
|move|p1a: Dragonite|Extreme Speed|p2a: Iron Valiant
|-damage|p2a: Iron Valiant|11/100
|move|p2a: Iron Valiant|Moonblast|p1a: Dragonite
|-supereffective|p1a: Dragonite
|-damage|p1a: Dragonite|0 fnt
|faint|p1a: Dragonite
|
|upkeep
|
|t:|1760826246
|switch|p1a: Hatterene|Hatterene, F|100/100
|turn|22
|
|t:|1760826254
|move|p2a: Iron Valiant|Moonblast|p1a: Hatterene
|-damage|p1a: Hatterene|57/100
|move|p1a: Hatterene|Draining Kiss|p2a: Iron Valiant
|-supereffective|p2a: Iron Valiant
|-damage|p2a: Iron Valiant|0 fnt
|-heal|p1a: Hatterene|64/100|[from] drain|[of] p2a: Iron Valiant
|faint|p2a: Iron Valiant
|-end|p2a: Iron Valiant|Quark Drive|[silent]
|
|upkeep
|
|t:|1760826256
|switch|p2a: Latios|Latios, M|58/100
|turn|23
|
|t:|1760826259
|move|p2a: Latios|Luster Purge|p1a: Hatterene
|-resisted|p1a: Hatterene
|-damage|p1a: Hatterene|48/100
|move|p1a: Hatterene|Draining Kiss|p2a: Latios
|-supereffective|p2a: Latios
|-damage|p2a: Latios|0 fnt
|-heal|p1a: Hatterene|89/100|[from] drain|[of] p2a: Latios
|faint|p2a: Latios
|
|win|SmallKuza1888
|raw|SmallKuza1888's rating: 1605 &rarr; <strong>1629</strong><br />(+24 for winning)
|raw|Swankentora's rating: 1672 &rarr; <strong>1648</strong><br />(-24 for losing)
|l|☆Swankentora
|player|p2|
|l|☆SmallKuza1888
|player|p1|
