|j|☆orion212114
|j|☆denaturat.pl
|t:|1760872060
|gametype|singles
|player|p1|orion212114|bugcatcher-gen4dp|1055
|player|p2|denaturat.pl|candice|1111
|gen|9
|tier|[Gen 9] OU
|rated|
|rule|HP Percentage Mod: HP is shown in percentages
|rule|Endless Battle Clause: Forcing endless battles is banned
|rule|Species Clause: Limit one of each Pokémon
|rule|OHKO Clause: OHKO moves are banned
|rule|Evasion Items Clause: Evasion items are banned
|rule|Evasion Moves Clause: Evasion moves are banned
|rule|Evasion Abilities Clause: Evasion abilities are banned
|rule|Sleep Moves Clause: Sleep-inducing moves are banned
|clearpoke
|poke|p1|Garchomp, M|
|poke|p1|Gyarados, M|
|poke|p1|Ceruledge, F|
|poke|p1|Metagross|
|poke|p1|Darkrai|
|poke|p1|Meowscarada, F|
|poke|p2|Diancie|
|poke|p2|Garchomp, F|
|poke|p2|Ninetales-Alola, M|
|poke|p2|Sableye, M|
|poke|p2|Hitmontop, M|
|poke|p2|Toxtricity-Low-Key, F|
|teampreview
|inactive|Battle timer is ON: inactive players will automatically lose when time's up. (requested by orion212114)
|
|t:|1760872075
|teamsize|p1|6
|teamsize|p2|6
|start
|switch|p1a: Meowscarada|Meowscarada, F|100/100
|switch|p2a: Diancie|Diancie|100/100
|turn|1
|
|t:|1760872087
|switch|p2a: Ninetales|Ninetales-Alola, M|100/100
|-weather|Snowscape|[from] ability: Snow Warning|[of] p2a: Ninetales
|move|p1a: Meowscarada|Flower Trick|p2a: Ninetales
|-start|p1a: Meowscarada|typechange|Grass|[from] ability: Protean
|-crit|p2a: Ninetales
|-damage|p2a: Ninetales|51/100
|
|-weather|Snowscape|[upkeep]
|upkeep
|turn|2
|
|t:|1760872107
|move|p1a: Meowscarada|Play Rough|p2a: Ninetales
|-crit|p2a: Ninetales
|-damage|p2a: Ninetales|7/100
|move|p2a: Ninetales|Aurora Veil|p2a: Ninetales
|-sidestart|p2: denaturat.pl|move: Aurora Veil
|
|-weather|Snowscape|[upkeep]
|upkeep
|turn|3
|
|t:|1760872128
|switch|p2a: Toxtricity|Toxtricity-Low-Key, F|100/100
|move|p1a: Meowscarada|Play Rough|p2a: Toxtricity
|-resisted|p2a: Toxtricity
|-damage|p2a: Toxtricity|92/100
|
|-weather|Snowscape|[upkeep]
|upkeep
|turn|4
|inactive|orion212114 has 120 seconds left.
|
|t:|1760872155
|switch|p1a: Garchomp|Garchomp, M|100/100
|move|p2a: Toxtricity|Boomburst|p1a: Garchomp
|-damage|p1a: Garchomp|43/100
|-enditem|p2a: Toxtricity|Throat Spray
|-boost|p2a: Toxtricity|spa|1|[from] item: Throat Spray
|
|-weather|Snowscape|[upkeep]
|upkeep
|turn|5
|
|t:|1760872169
|-terastallize|p2a: Toxtricity|Electric
|move|p1a: Garchomp|Earthquake|p2a: Toxtricity
|-supereffective|p2a: Toxtricity
|-damage|p2a: Toxtricity|36/100
|move|p2a: Toxtricity|Boomburst|p1a: Garchomp
|-damage|p1a: Garchomp|0 fnt
|faint|p1a: Garchomp
|
|-weather|none
|upkeep
|
|t:|1760872176
|switch|p1a: Gyarados|Gyarados, M|100/100
|-ability|p1a: Gyarados|Intimidate|boost
|-unboost|p2a: Toxtricity|atk|1
|turn|6
|
|t:|1760872182
|move|p1a: Gyarados|Earthquake|p2a: Toxtricity
|-supereffective|p2a: Toxtricity
|-damage|p2a: Toxtricity|0 fnt
|faint|p2a: Toxtricity
|
|upkeep
|
|t:|1760872186
|switch|p2a: Sableye|Sableye, M|100/100
|turn|7
|
|t:|1760872190
|move|p1a: Gyarados|Earthquake|p2a: Sableye
|-damage|p2a: Sableye|76/100
|move|p2a: Sableye|Knock Off|p1a: Gyarados
|-damage|p1a: Gyarados|62/100
|-enditem|p1a: Gyarados|Focus Sash|[from] move: Knock Off|[of] p2a: Sableye
|
|-heal|p2a: Sableye|82/100|[from] item: Leftovers
|upkeep
|turn|8
|
|t:|1760872197
|move|p2a: Sableye|Will-O-Wisp|p1a: Gyarados
|-status|p1a: Gyarados|brn
|move|p1a: Gyarados|Waterfall|p2a: Sableye
|-damage|p2a: Sableye|69/100
|
|-heal|p2a: Sableye|75/100|[from] item: Leftovers
|-damage|p1a: Gyarados|56/100 brn|[from] brn
|upkeep
|turn|9
|
|t:|1760872204
|move|p2a: Sableye|Encore|p1a: Gyarados
|-start|p1a: Gyarados|Encore
|move|p1a: Gyarados|Waterfall|p2a: Sableye
|-damage|p2a: Sableye|60/100
|
|-heal|p2a: Sableye|67/100|[from] item: Leftovers
|-damage|p1a: Gyarados|50/100 brn|[from] brn
|-sideend|p2: denaturat.pl|move: Aurora Veil
|upkeep
|turn|10
|
|t:|1760872209
|move|p1a: Gyarados|Waterfall|p2a: Sableye
|-damage|p2a: Sableye|37/100
|cant|p2a: Sableye|flinch
|
|-heal|p2a: Sableye|44/100|[from] item: Leftovers
|-damage|p1a: Gyarados|44/100 brn|[from] brn
|upkeep
|turn|11
|
|t:|1760872216
|move|p2a: Sableye|Recover|p2a: Sableye
|-heal|p2a: Sableye|94/100
|move|p1a: Gyarados|Waterfall|p2a: Sableye
|-damage|p2a: Sableye|64/100
|
|-heal|p2a: Sableye|71/100|[from] item: Leftovers
|-damage|p1a: Gyarados|38/100 brn|[from] brn
|-end|p1a: Gyarados|Encore
|upkeep
|turn|12
|
|t:|1760872221
|move|p1a: Gyarados|Earthquake|p2a: Sableye
|-damage|p2a: Sableye|45/100
|move|p2a: Sableye|Knock Off|p1a: Gyarados
|-damage|p1a: Gyarados|13/100 brn
|
|-heal|p2a: Sableye|51/100|[from] item: Leftovers
|-damage|p1a: Gyarados|7/100 brn|[from] brn
|upkeep
|turn|13
|
|t:|1760872227
|move|p2a: Sableye|Recover|p2a: Sableye
|-heal|p2a: Sableye|100/100
|move|p1a: Gyarados|Earthquake|p2a: Sableye
|-damage|p2a: Sableye|75/100
|
|-heal|p2a: Sableye|82/100|[from] item: Leftovers
|-damage|p1a: Gyarados|1/100 brn|[from] brn
|upkeep
|turn|14
|
|t:|1760872235
|move|p2a: Sableye|Recover|p2a: Sableye
|-heal|p2a: Sableye|100/100
|move|p1a: Gyarados|Earthquake|p2a: Sableye
|-crit|p2a: Sableye
|-damage|p2a: Sableye|62/100
|
|-heal|p2a: Sableye|68/100|[from] item: Leftovers
|-damage|p1a: Gyarados|0 fnt|[from] brn
|faint|p1a: Gyarados
|upkeep
|
|t:|1760872244
|switch|p1a: Meowscarada|Meowscarada, F|100/100
|turn|15
|
|t:|1760872254
|move|p1a: Meowscarada|Play Rough|p2a: Sableye
|-start|p1a: Meowscarada|typechange|Fairy|[from] ability: Protean
|-supereffective|p2a: Sableye
|-damage|p2a: Sableye|0 fnt
|faint|p2a: Sableye
|
|upkeep
|
|t:|1760872269
|switch|p2a: Diancie|Diancie|100/100
|turn|16
|
|t:|1760872277
|move|p1a: Meowscarada|Flower Trick|p2a: Diancie
|-supereffective|p2a: Diancie
|-crit|p2a: Diancie
|-damage|p2a: Diancie|49/100
|move|p2a: Diancie|Trick Room|p2a: Diancie
|-fieldstart|move: Trick Room|[of] p2a: Diancie
|
|-heal|p2a: Diancie|55/100|[from] item: Leftovers
|upkeep
|turn|17
|
|t:|1760872284
|move|p2a: Diancie|Diamond Storm|p1a: Meowscarada
|-damage|p1a: Meowscarada|28/100
|-boost|p2a: Diancie|def|2
|move|p1a: Meowscarada|Flower Trick|p2a: Diancie
|-supereffective|p2a: Diancie
|-crit|p2a: Diancie
|-damage|p2a: Diancie|3/100
|
|-heal|p2a: Diancie|10/100|[from] item: Leftovers
|upkeep
|turn|18
|
|t:|1760872295
|move|p2a: Diancie|Diamond Storm|p1a: Meowscarada
|-damage|p1a: Meowscarada|0 fnt
|-boost|p2a: Diancie|def|2
|faint|p1a: Meowscarada
|
|-heal|p2a: Diancie|16/100|[from] item: Leftovers
|upkeep
|
|t:|1760872299
|switch|p1a: Metagross|Metagross|100/100
|turn|19
|
|t:|1760872306
|move|p2a: Diancie|Body Press|p1a: Metagross
|-damage|p1a: Metagross|49/100
|move|p1a: Metagross|Iron Head|p2a: Diancie
|-supereffective|p2a: Diancie
|-damage|p2a: Diancie|0 fnt
|faint|p2a: Diancie
|
|upkeep
|
|t:|1760872311
|switch|p2a: Ninetales|Ninetales-Alola, M|7/100
|-weather|Snowscape|[from] ability: Snow Warning|[of] p2a: Ninetales
|turn|20
|
|t:|1760872317
|switch|p2a: Garchomp|Garchomp, F|100/100
|move|p1a: Metagross|Iron Head|p2a: Garchomp
|-damage|p2a: Garchomp|60/100
|-damage|p1a: Metagross|36/100|[from] ability: Rough Skin|[of] p2a: Garchomp
|-damage|p1a: Metagross|20/100|[from] item: Rocky Helmet|[of] p2a: Garchomp
|
|-weather|Snowscape|[upkeep]
|-fieldend|move: Trick Room
|upkeep
|turn|21
|
|t:|1760872329
|move|p2a: Garchomp|Earthquake|p1a: Metagross
|-supereffective|p1a: Metagross
|-damage|p1a: Metagross|0 fnt
|faint|p1a: Metagross
|
|-weather|Snowscape|[upkeep]
|upkeep
|
|t:|1760872332
|switch|p1a: Darkrai|Darkrai|100/100
|turn|22
|
|t:|1760872347
|switch|p2a: Ninetales|Ninetales-Alola, M|7/100
|move|p1a: Darkrai|Ice Beam|p2a: Ninetales
|-resisted|p2a: Ninetales
|-damage|p2a: Ninetales|0 fnt
|faint|p2a: Ninetales
|
|-weather|Snowscape|[upkeep]
|upkeep
|
|t:|1760872351
|switch|p2a: Hitmontop|Hitmontop, M|100/100
|turn|23
|
|t:|1760872362
|move|p2a: Hitmontop|Fake Out|p1a: Darkrai
|-damage|p1a: Darkrai|75/100
|cant|p1a: Darkrai|flinch
|
|-weather|Snowscape|[upkeep]
|upkeep
|turn|24
|
|t:|1760872367
|move|p2a: Hitmontop|Mach Punch|p1a: Darkrai
|-supereffective|p1a: Darkrai
|-damage|p1a: Darkrai|2/100
|move|p1a: Darkrai|Dark Pulse|p2a: Hitmontop
|-resisted|p2a: Hitmontop
|-damage|p2a: Hitmontop|87/100
|
|-weather|none
|upkeep
|turn|25
|
|t:|1760872377
|move|p1a: Darkrai|Ice Beam|p2a: Hitmontop
|-damage|p2a: Hitmontop|63/100
|move|p2a: Hitmontop|Triple Axel|p1a: Darkrai
|-damage|p1a: Darkrai|0 fnt
|faint|p1a: Darkrai
|-hitcount|p1: Darkrai|1
|
|upkeep
|
|t:|1760872380
|switch|p1a: Ceruledge|Ceruledge, F|100/100
|turn|26
|
|t:|1760872386
|move|p1a: Ceruledge|Bitter Blade|p2a: Hitmontop
|-damage|p2a: Hitmontop|9/100
|move|p2a: Hitmontop|Triple Axel|p1a: Ceruledge
|-resisted|p1a: Ceruledge
|-damage|p1a: Ceruledge|95/100
|-resisted|p1a: Ceruledge
|-damage|p1a: Ceruledge|81/100
|-hitcount|p1a: Ceruledge|2
|
|upkeep
|turn|27
|
|t:|1760872394
|move|p1a: Ceruledge|Bitter Blade|p2a: Hitmontop
|-damage|p2a: Hitmontop|0 fnt
|-heal|p1a: Ceruledge|85/100|[from] drain|[of] p2a: Hitmontop
|faint|p2a: Hitmontop
|
|upkeep
|
|t:|1760872396
|switch|p2a: Garchomp|Garchomp, F|60/100
|turn|28
|
|t:|1760872405
|move|p2a: Garchomp|Earthquake|p1a: Ceruledge
|-supereffective|p1a: Ceruledge
|-damage|p1a: Ceruledge|0 fnt
|faint|p1a: Ceruledge
|
|win|denaturat.pl
|raw|orion212114's rating: 1055 &rarr; <strong>1040</strong><br />(-15 for losing)
|raw|denaturat.pl's rating: 1111 &rarr; <strong>1132</strong><br />(+21 for winning)
|l|☆denaturat.pl
|player|p2|
|l|☆orion212114
|player|p1|
