|j|☆Squallskip2
|j|☆oficial matute
|t:|1760818590
|gametype|singles
|player|p1|Squallskip2|brycen|1203
|player|p2|oficial matute|policeman|1191
|gen|9
|tier|[Gen 9] OU
|rated|
|rule|HP Percentage Mod: HP is shown in percentages
|rule|Endless Battle Clause: Forcing endless battles is banned
|rule|Species Clause: Limit one of each Pokémon
|rule|OHKO Clause: OHKO moves are banned
|rule|Evasion Items Clause: Evasion items are banned
|rule|Evasion Moves Clause: Evasion moves are banned
|rule|Evasion Abilities Clause: Evasion abilities are banned
|rule|Sleep Moves Clause: Sleep-inducing moves are banned
|clearpoke
|poke|p1|Dragapult, F|
|poke|p1|Iron Valiant|
|poke|p1|Iron Moth|
|poke|p1|Iron Treads|
|poke|p1|Dragonite, F|
|poke|p1|Samurott-Hisui, F|
|poke|p2|Noivern, M|
|poke|p2|Tropius, M|
|poke|p2|Garchomp, F|
|poke|p2|Hydrapple, M|
|poke|p2|Torterra, F|
|poke|p2|Landorus-Therian, M|
|teampreview
|inactive|Battle timer is ON: inactive players will automatically lose when time's up. (requested by Squallskip2)
|inactive|oficial matute also wants the timer to be on.
|c|☆Squallskip2|If I had any ice type moves
|c|☆Squallskip2|I would be so happy
|inactive|Squallskip2 has 120 seconds left.
|inactive|Squallskip2 has 90 seconds left.
|
|t:|1760818678
|teamsize|p1|6
|teamsize|p2|6
|start
|switch|p1a: Ancient Barrow|Dragapult, F|100/100
|switch|p2a: 👁👅👁|Noivern, M|100/100
|-item|p1a: Ancient Barrow|Heavy-Duty Boots|[from] ability: Frisk|[of] p2a: 👁👅👁
|turn|1
|
|t:|1760818687
|move|p2a: 👁👅👁|Switcheroo|p1a: Ancient Barrow
|-activate|p2a: 👁👅👁|move: Trick|[of] p1a: Ancient Barrow
|-item|p1a: Ancient Barrow|Choice Scarf|[from] move: Switcheroo
|-item|p2a: 👁👅👁|Heavy-Duty Boots|[from] move: Switcheroo
|move|p1a: Ancient Barrow|Dragon Darts|p2a: 👁👅👁
|-supereffective|p2a: 👁👅👁
|-damage|p2a: 👁👅👁|45/100
|-anim|p1a: Ancient Barrow|Dragon Darts|p2a: 👁👅👁
|-supereffective|p2a: 👁👅👁
|-damage|p2a: 👁👅👁|0 fnt
|faint|p2a: 👁👅👁
|
|upkeep
|
|t:|1760818697
|switch|p2a: 👁👃👁|Landorus-Therian, M|100/100
|-ability|p2a: 👁👃👁|Intimidate|boost
|-unboost|p1a: Ancient Barrow|atk|1
|turn|2
|
|t:|1760818713
|switch|p1a: Hidden Land|Dragonite, F|100/100
|move|p2a: 👁👃👁|U-turn|p1a: Hidden Land
|-resisted|p1a: Hidden Land
|-damage|p1a: Hidden Land|95/100
|
|t:|1760818718
|switch|p2a: 👁🐽👁|Tropius, M, shiny|100/100|[from] U-turn
|
|upkeep
|turn|3
|
|t:|1760818735
|-terastallize|p1a: Hidden Land|Flying
|-terastallize|p2a: 👁🐽👁|Ghost
|move|p1a: Hidden Land|Tera Blast|p2a: 👁🐽👁|[anim] Tera Blast Flying
|-damage|p2a: 👁🐽👁|22/100
|-enditem|p2a: 👁🐽👁|Sitrus Berry|[eat]
|-heal|p2a: 👁🐽👁|47/100|[from] item: Sitrus Berry
|move|p2a: 👁🐽👁|Leech Seed|p1a: Hidden Land
|-start|p1a: Hidden Land|move: Leech Seed
|
|-damage|p1a: Hidden Land|83/100|[from] Leech Seed|[of] p2a: 👁🐽👁
|-heal|p2a: 👁🐽👁|57/100|[silent]
|-item|p2a: 👁🐽👁|Sitrus Berry|[from] ability: Harvest
|upkeep
|turn|4
|
|t:|1760818749
|move|p2a: 👁🐽👁|Protect|p2a: 👁🐽👁
|-singleturn|p2a: 👁🐽👁|Protect
|move|p1a: Hidden Land|Dragon Dance|p1a: Hidden Land
|-boost|p1a: Hidden Land|atk|1
|-boost|p1a: Hidden Land|spe|1
|
|-damage|p1a: Hidden Land|70/100|[from] Leech Seed|[of] p2a: 👁🐽👁
|-heal|p2a: 👁🐽👁|67/100|[silent]
|upkeep
|turn|5
|
|t:|1760818759
|switch|p2a: 👁👃👁|Landorus-Therian, M|100/100
|-ability|p2a: 👁👃👁|Intimidate|boost
|-unboost|p1a: Hidden Land|atk|1
|move|p1a: Hidden Land|Tera Blast|p2a: 👁👃👁|[anim] Tera Blast Flying
|-damage|p2a: 👁👃👁|47/100
|
|-damage|p1a: Hidden Land|58/100|[from] Leech Seed|[of] p2a: 👁👃👁
|-heal|p2a: 👁👃👁|58/100|[silent]
|upkeep
|turn|6
|
|t:|1760818780
|move|p1a: Hidden Land|Tera Blast|p2a: 👁👃👁|[anim] Tera Blast Flying
|-damage|p2a: 👁👃👁|4/100
|move|p2a: 👁👃👁|Smack Down|p1a: Hidden Land
|-supereffective|p1a: Hidden Land
|-damage|p1a: Hidden Land|24/100
|-start|p1a: Hidden Land|Smack Down
|
|-damage|p1a: Hidden Land|12/100|[from] Leech Seed|[of] p2a: 👁👃👁
|-heal|p2a: 👁👃👁|14/100|[silent]
|upkeep
|turn|7
|
|t:|1760818790
|switch|p2a: 👁🐽👁|Tropius, M, shiny, tera:Ghost|67/100
|move|p1a: Hidden Land|Tera Blast|p2a: 👁🐽👁|[anim] Tera Blast Flying
|-damage|p2a: 👁🐽👁|0 fnt
|faint|p2a: 👁🐽👁
|
|upkeep
|
|t:|1760818797
|switch|p2a: 👁💋👁|Torterra, F|100/100
|turn|8
|
|t:|1760818801
|move|p1a: Hidden Land|Tera Blast|p2a: 👁💋👁|[anim] Tera Blast Flying
|-supereffective|p2a: 👁💋👁
|-enditem|p2a: 👁💋👁|Focus Sash
|-damage|p2a: 👁💋👁|1/100
|move|p2a: 👁💋👁|Shell Smash|p2a: 👁💋👁
|-unboost|p2a: 👁💋👁|def|1
|-unboost|p2a: 👁💋👁|spd|1
|-boost|p2a: 👁💋👁|atk|2
|-boost|p2a: 👁💋👁|spa|2
|-boost|p2a: 👁💋👁|spe|2
|
|-damage|p1a: Hidden Land|0 fnt|[from] Leech Seed|[of] p2a: 👁💋👁
|-heal|p2a: 👁💋👁|12/100|[silent]
|faint|p1a: Hidden Land
|upkeep
|-message|oficial matute forfeited.
|
|win|Squallskip2
|raw|Squallskip2's rating: 1203 &rarr; <strong>1227</strong><br />(+24 for winning)
|raw|oficial matute's rating: 1191 &rarr; <strong>1167</strong><br />(-24 for losing)
|l|☆oficial matute
|player|p2|
|l|☆Squallskip2
|player|p1|
