|j|☆fndldold
|j|☆Silver951
|t:|1760852771
|gametype|singles
|player|p1|fndldold|170|1072
|player|p2|Silver951|cynthia|1140
|gen|9
|tier|[Gen 9] OU
|rated|
|rule|HP Percentage Mod: HP is shown in percentages
|rule|Endless Battle Clause: Forcing endless battles is banned
|rule|Species Clause: Limit one of each Pokémon
|rule|OHKO Clause: OHKO moves are banned
|rule|Evasion Items Clause: Evasion items are banned
|rule|Evasion Moves Clause: Evasion moves are banned
|rule|Evasion Abilities Clause: Evasion abilities are banned
|rule|Sleep Moves Clause: Sleep-inducing moves are banned
|clearpoke
|poke|p1|Hoopa-Unbound|
|poke|p1|Hatterene, F|
|poke|p1|Gliscor, F|
|poke|p1|Dondozo, M|
|poke|p1|Iron Hands|
|poke|p1|Slowking-Galar, F|
|poke|p2|Moltres-Galar|
|poke|p2|Indeedee, M|
|poke|p2|Cresselia, F|
|poke|p2|Ogerpon, F|
|poke|p2|Blaziken, F|
|poke|p2|Espeon, M|
|teampreview
|
|t:|1760852781
|teamsize|p1|6
|teamsize|p2|6
|start
|switch|p1a: Slowking|Slowking-Galar, F, shiny|100/100
|switch|p2a: Indeedee|Indeedee, M|100/100
|-fieldstart|move: Psychic Terrain|[from] ability: Psychic Surge|[of] p2a: Indeedee
|turn|1
|
|t:|1760852795
|move|p2a: Indeedee|Expanding Force|p1a: Slowking
|-damage|p1a: Slowking|50/100
|move|p1a: Slowking|Toxic Spikes|p2a: Indeedee
|-sidestart|p2: Silver951|move: Toxic Spikes
|
|-heal|p1a: Slowking|56/100|[from] item: Leftovers
|upkeep
|turn|2
|
|t:|1760852809
|switch|p2a: Espeon|Espeon, M|100/100
|-status|p2a: Espeon|psn
|move|p1a: Slowking|Trick Room|p1a: Slowking
|-fieldstart|move: Trick Room|[of] p1a: Slowking
|
|-heal|p1a: Slowking|62/100|[from] item: Leftovers
|-damage|p2a: Espeon|88/100 psn|[from] psn
|upkeep
|turn|3
|
|t:|1760852822
|move|p1a: Slowking|Toxic Spikes|p2a: Espeon
|move|p2a: Espeon|Toxic Spikes|p1a: Slowking|[from] ability: Magic Bounce
|-sidestart|p1: fndldold|move: Toxic Spikes
|move|p2a: Espeon|Bite|p1a: Slowking
|-supereffective|p1a: Slowking
|-damage|p1a: Slowking|6/100
|
|-heal|p1a: Slowking|12/100|[from] item: Leftovers
|-damage|p2a: Espeon|75/100 psn|[from] psn
|upkeep
|turn|4
|
|t:|1760852833
|move|p1a: Slowking|Sludge Wave|p2a: Espeon
|-damage|p2a: Espeon|19/100 psn
|move|p2a: Espeon|Bite|p1a: Slowking
|-supereffective|p1a: Slowking
|-damage|p1a: Slowking|0 fnt
|faint|p1a: Slowking
|
|-damage|p2a: Espeon|7/100 psn|[from] psn
|upkeep
|
|t:|1760852846
|switch|p1a: Hoopa|Hoopa-Unbound|100/100
|-status|p1a: Hoopa|psn
|turn|5
|
|t:|1760852867
|switch|p2a: Indeedee|Indeedee, M|100/100
|-status|p2a: Indeedee|psn
|move|p1a: Hoopa|Shadow Ball|p2a: Indeedee
|-immune|p2a: Indeedee
|
|-damage|p1a: Hoopa|88/100 psn|[from] psn
|-damage|p2a: Indeedee|88/100 psn|[from] psn
|-fieldend|move: Psychic Terrain
|upkeep
|turn|6
|
|t:|1760852881
|switch|p1a: Gliscor|Gliscor, F|100/100
|move|p2a: Indeedee|Draining Kiss|p1a: Gliscor
|-damage|p1a: Gliscor|76/100
|-heal|p2a: Indeedee|100/100 psn|[from] drain|[of] p1a: Gliscor
|
|-damage|p2a: Indeedee|88/100 psn|[from] psn
|-fieldend|move: Trick Room
|upkeep
|turn|7
|
|t:|1760852926
|move|p2a: Indeedee|Shadow Ball|p1a: Gliscor
|-damage|p1a: Gliscor|37/100
|move|p1a: Gliscor|Stealth Rock|p2a: Indeedee
|-sidestart|p2: Silver951|move: Stealth Rock
|
|-damage|p2a: Indeedee|76/100 psn|[from] psn
|upkeep
|turn|8
|
|t:|1760852937
|move|p2a: Indeedee|Shadow Ball|p1a: Gliscor
|-damage|p1a: Gliscor|3/100
|move|p1a: Gliscor|Spikes|p2a: Indeedee
|-sidestart|p2: Silver951|Spikes
|
|-damage|p2a: Indeedee|64/100 psn|[from] psn
|upkeep
|turn|9
|
|t:|1760852944
|move|p2a: Indeedee|Shadow Ball|p1a: Gliscor
|-damage|p1a: Gliscor|0 fnt
|faint|p1a: Gliscor
|
|-damage|p2a: Indeedee|52/100 psn|[from] psn
|upkeep
|
|t:|1760852954
|switch|p1a: Iron Hands|Iron Hands|100/100
|-status|p1a: Iron Hands|psn
|turn|10
|
|t:|1760852959
|move|p2a: Indeedee|Psyshock|p1a: Iron Hands
|-supereffective|p1a: Iron Hands
|-damage|p1a: Iron Hands|58/100 psn
|move|p1a: Iron Hands|Play Rough|p2a: Indeedee|[miss]
|-miss|p1a: Iron Hands|p2a: Indeedee
|
|-damage|p2a: Indeedee|39/100 psn|[from] psn
|-damage|p1a: Iron Hands|45/100 psn|[from] psn
|upkeep
|turn|11
|
|t:|1760852967
|move|p2a: Indeedee|Psyshock|p1a: Iron Hands
|-supereffective|p1a: Iron Hands
|-damage|p1a: Iron Hands|1/100 psn
|move|p1a: Iron Hands|Play Rough|p2a: Indeedee
|-damage|p2a: Indeedee|0 fnt
|faint|p2a: Indeedee
|-damage|p1a: Iron Hands|0 fnt|[from] item: Life Orb
|faint|p1a: Iron Hands
|-end|p1a: Iron Hands|Quark Drive|[silent]
|
|upkeep
|
|t:|1760852982
|switch|p2a: Moltres|Moltres-Galar|100/100
|switch|p1a: Dondozo|Dondozo, M|100/100
|-damage|p2a: Moltres|75/100|[from] Stealth Rock
|-status|p1a: Dondozo|psn
|turn|12
|
|t:|1760852995
|move|p2a: Moltres|Fiery Wrath|p1a: Dondozo
|-damage|p1a: Dondozo|52/100 psn
|move|p1a: Dondozo|Liquidation|p2a: Moltres
|-damage|p2a: Moltres|19/100
|-ability|p2a: Moltres|Berserk|boost
|-boost|p2a: Moltres|spa|1
|
|-damage|p1a: Dondozo|39/100 psn|[from] psn
|upkeep
|turn|13
|
|t:|1760853006
|move|p2a: Moltres|Fiery Wrath|p1a: Dondozo
|-damage|p1a: Dondozo|0 fnt
|faint|p1a: Dondozo
|
|upkeep
|
|t:|1760853013
|switch|p1a: Hatterene|Hatterene, F|100/100
|-status|p1a: Hatterene|psn
|turn|14
|
|t:|1760853032
|move|p2a: Moltres|Fiery Wrath|p1a: Hatterene
|-damage|p1a: Hatterene|40/100 psn
|move|p1a: Hatterene|Giga Drain|p2a: Moltres
|-resisted|p2a: Moltres
|-damage|p2a: Moltres|11/100
|-heal|p1a: Hatterene|46/100 psn|[from] drain|[of] p2a: Moltres
|
|-heal|p1a: Hatterene|52/100 psn|[from] item: Leftovers
|-damage|p1a: Hatterene|40/100 psn|[from] psn
|upkeep
|turn|15
|-message|fndldold forfeited.
|
|win|Silver951
|raw|fndldold's rating: 1072 &rarr; <strong>1055</strong><br />(-17 for losing)
|raw|Silver951's rating: 1140 &rarr; <strong>1160</strong><br />(+20 for winning)
|l|☆fndldold
|player|p1|
