|j|☆thodoras edition
|j|☆MicrowaveHeart
|t:|1760835190
|gametype|singles
|player|p1|thodoras edition|101|1562
|player|p2|MicrowaveHeart|workerice|1702
|gen|9
|tier|[Gen 9] OU
|rated|
|rule|HP Percentage Mod: HP is shown in percentages
|rule|Endless Battle Clause: Forcing endless battles is banned
|rule|Species Clause: Limit one of each Pokémon
|rule|OHKO Clause: OHKO moves are banned
|rule|Evasion Items Clause: Evasion items are banned
|rule|Evasion Moves Clause: Evasion moves are banned
|rule|Evasion Abilities Clause: Evasion abilities are banned
|rule|Sleep Moves Clause: Sleep-inducing moves are banned
|clearpoke
|poke|p1|Alomomola, M|
|poke|p1|Moltres|
|poke|p1|Lokix, F|
|poke|p1|Great Tusk|
|poke|p1|Dragalge, M|
|poke|p1|Gholdengo|
|poke|p2|Gholdengo|
|poke|p2|Incineroar, M|
|poke|p2|Ogerpon-Wellspring, F|
|poke|p2|Iron Treads|
|poke|p2|Tornadus-Therian, M|
|poke|p2|Mamoswine, F|
|teampreview
|
|t:|1760835213
|teamsize|p1|6
|teamsize|p2|6
|start
|switch|p1a: Alomomola|Alomomola, M|100/100
|switch|p2a: Incineroar|Incineroar, M|100/100
|-ability|p2a: Incineroar|Intimidate|boost
|-unboost|p1a: Alomomola|atk|1
|turn|1
|inactive|Battle timer is ON: inactive players will automatically lose when time's up. (requested by thodoras edition)
|
|t:|1760835219
|switch|p2a: Ogerpon|Ogerpon-Wellspring, F|100/100
|move|p1a: Alomomola|Body Slam|p2a: Ogerpon
|-damage|p2a: Ogerpon|86/100
|-status|p2a: Ogerpon|par
|
|upkeep
|turn|2
|
|t:|1760835228
|switch|p1a: Dragalge|Dragalge, M|100/100
|move|p2a: Ogerpon|Horn Leech|p1a: Dragalge
|-resisted|p1a: Dragalge
|-damage|p1a: Dragalge|87/100
|-heal|p2a: Ogerpon|93/100 par|[from] drain|[of] p1a: Dragalge
|
|upkeep
|turn|3
|
|t:|1760835237
|switch|p2a: Iron Treads|Iron Treads|100/100
|move|p1a: Dragalge|Toxic Spikes|p2a: Iron Treads
|-sidestart|p2: MicrowaveHeart|move: Toxic Spikes
|
|upkeep
|turn|4
|
|t:|1760835249
|switch|p1a: Moltres|Moltres|100/100
|move|p2a: Iron Treads|Stealth Rock|p1a: Moltres
|-sidestart|p1: thodoras edition|move: Stealth Rock
|
|upkeep
|turn|5
|
|t:|1760835257
|move|p2a: Iron Treads|Rapid Spin|p1a: Moltres
|-damage|p1a: Moltres|88/100
|-boost|p2a: Iron Treads|spe|1
|-sideend|p2: MicrowaveHeart|Toxic Spikes|[from] move: Rapid Spin|[of] p2a: Iron Treads
|move|p1a: Moltres|Flamethrower|p2a: Iron Treads
|-supereffective|p2a: Iron Treads
|-damage|p2a: Iron Treads|37/100
|
|-heal|p2a: Iron Treads|44/100|[from] item: Leftovers
|upkeep
|turn|6
|
|t:|1760835270
|switch|p1a: Alomomola|Alomomola, M|100/100
|-damage|p1a: Alomomola|88/100|[from] Stealth Rock
|move|p2a: Iron Treads|Knock Off|p1a: Alomomola
|-damage|p1a: Alomomola|71/100
|-enditem|p1a: Alomomola|Assault Vest|[from] move: Knock Off|[of] p2a: Iron Treads
|
|-heal|p2a: Iron Treads|50/100|[from] item: Leftovers
|upkeep
|turn|7
|
|t:|1760835282
|-end|p2a: Iron Treads|Quark Drive|[silent]
|switch|p2a: Ogerpon|Ogerpon-Wellspring, F|93/100 par
|move|p1a: Alomomola|Flip Turn|p2a: Ogerpon
|-heal|p2a: Ogerpon|100/100 par|[from] ability: Water Absorb|[of] p1a: Alomomola
|
|upkeep
|turn|8
|
|t:|1760835290
|switch|p2a: Gholdengo|Gholdengo|100/100
|switch|p1a: Gholdengo|Gholdengo|100/100
|-damage|p1a: Gholdengo|94/100|[from] Stealth Rock
|
|upkeep
|turn|9
|
|t:|1760835299
|switch|p2a: Tornadus|Tornadus-Therian, M|100/100
|move|p1a: Gholdengo|Shadow Ball|p2a: Tornadus
|-damage|p2a: Tornadus|74/100
|
|upkeep
|turn|10
|
|t:|1760835306
|switch|p1a: Alomomola|Alomomola, M|100/100
|-damage|p1a: Alomomola|88/100|[from] Stealth Rock
|move|p2a: Tornadus|Knock Off|p1a: Alomomola
|-damage|p1a: Alomomola|79/100
|
|upkeep
|turn|11
|
|t:|1760835316
|move|p2a: Tornadus|U-turn|p1a: Alomomola
|-damage|p1a: Alomomola|69/100
|
|t:|1760835320
|switch|p2a: Ogerpon|Ogerpon-Wellspring, F|100/100 par|[from] U-turn
|move|p1a: Alomomola|Body Slam|p2a: Ogerpon
|-damage|p2a: Ogerpon|80/100 par
|
|upkeep
|turn|12
|
|t:|1760835331
|switch|p1a: Gholdengo|Gholdengo|94/100
|-damage|p1a: Gholdengo|88/100|[from] Stealth Rock
|cant|p2a: Ogerpon|par
|
|upkeep
|turn|13
|
|t:|1760835340
|switch|p1a: Dragalge|Dragalge, M|87/100
|-damage|p1a: Dragalge|75/100|[from] Stealth Rock
|switch|p2a: Tornadus|Tornadus-Therian, M|100/100
|
|upkeep
|turn|14
|
|t:|1760835350
|move|p2a: Tornadus|Knock Off|p1a: Dragalge
|-damage|p1a: Dragalge|51/100
|-enditem|p1a: Dragalge|Choice Specs|[from] move: Knock Off|[of] p2a: Tornadus
|move|p1a: Dragalge|Draco Meteor|p2a: Tornadus
|-damage|p2a: Tornadus|46/100
|-unboost|p1a: Dragalge|spa|2
|
|upkeep
|turn|15
|
|t:|1760835359
|move|p2a: Tornadus|U-turn|p1a: Dragalge
|-resisted|p1a: Dragalge
|-damage|p1a: Dragalge|43/100
|
|t:|1760835362
|switch|p2a: Iron Treads|Iron Treads|50/100|[from] U-turn
|move|p1a: Dragalge|Flip Turn|p2a: Iron Treads
|-supereffective|p2a: Iron Treads
|-damage|p2a: Iron Treads|33/100
|
|t:|1760835365
|switch|p1a: Great Tusk|Great Tusk|100/100|[from] Flip Turn
|
|-heal|p2a: Iron Treads|40/100|[from] item: Leftovers
|upkeep
|turn|16
|
|t:|1760835382
|-end|p2a: Iron Treads|Quark Drive|[silent]
|switch|p2a: Gholdengo|Gholdengo|100/100
|move|p1a: Great Tusk|Stealth Rock|p2a: Gholdengo
|-sidestart|p2: MicrowaveHeart|move: Stealth Rock
|
|upkeep
|turn|17
|
|t:|1760835387
|-end|p1a: Great Tusk|Protosynthesis|[silent]
|switch|p1a: Alomomola|Alomomola, M|100/100
|-damage|p1a: Alomomola|88/100|[from] Stealth Rock
|move|p2a: Gholdengo|Make It Rain|p1a: Alomomola
|-resisted|p1a: Alomomola
|-damage|p1a: Alomomola|67/100
|-unboost|p2a: Gholdengo|spa|1
|
|upkeep
|turn|18
|
|t:|1760835397
|switch|p1a: Lokix|Lokix, F|100/100
|-damage|p1a: Lokix|76/100|[from] Stealth Rock
|move|p2a: Gholdengo|Thunder Wave|p1a: Lokix
|-status|p1a: Lokix|par
|
|upkeep
|turn|19
|
|t:|1760835405
|switch|p2a: Incineroar|Incineroar, M|100/100
|-ability|p2a: Incineroar|Intimidate|boost
|-unboost|p1a: Lokix|atk|1
|cant|p1a: Lokix|par
|
|upkeep
|turn|20
|
|t:|1760835413
|switch|p1a: Moltres|Moltres|88/100
|move|p2a: Incineroar|Parting Shot|p1a: Moltres
|-unboost|p1a: Moltres|atk|1
|-unboost|p1a: Moltres|spa|1
|
|t:|1760835430
|switch|p2a: Tornadus|Tornadus-Therian, M|80/100|[from] Parting Shot
|-damage|p2a: Tornadus|55/100|[from] Stealth Rock
|
|upkeep
|turn|21
|
|t:|1760835436
|switch|p1a: Alomomola|Alomomola, M|99/100
|-damage|p1a: Alomomola|88/100|[from] Stealth Rock
|move|p2a: Tornadus|Knock Off|p1a: Alomomola
|-damage|p1a: Alomomola|79/100
|
|upkeep
|turn|22
|
|t:|1760835446
|move|p2a: Tornadus|U-turn|p1a: Alomomola
|-damage|p1a: Alomomola|69/100
|
|t:|1760835452
|switch|p2a: Ogerpon|Ogerpon-Wellspring, F|80/100 par|[from] U-turn
|-damage|p2a: Ogerpon|68/100 par|[from] Stealth Rock
|move|p1a: Alomomola|Body Slam|p2a: Ogerpon
|-damage|p2a: Ogerpon|49/100 par
|
|upkeep
|turn|23
|
|t:|1760835461
|switch|p1a: Gholdengo|Gholdengo|88/100
|-damage|p1a: Gholdengo|82/100|[from] Stealth Rock
|move|p2a: Ogerpon|Horn Leech|p1a: Gholdengo
|-resisted|p1a: Gholdengo
|-damage|p1a: Gholdengo|58/100
|-heal|p2a: Ogerpon|62/100 par|[from] drain|[of] p1a: Gholdengo
|
|upkeep
|turn|24
|
|t:|1760835472
|switch|p2a: Tornadus|Tornadus-Therian, M|88/100
|-damage|p2a: Tornadus|63/100|[from] Stealth Rock
|move|p1a: Gholdengo|Trick|p2a: Tornadus
|-activate|p1a: Gholdengo|move: Trick|[of] p2a: Tornadus
|-item|p2a: Tornadus|Choice Scarf|[from] move: Trick
|-item|p1a: Gholdengo|Assault Vest|[from] move: Trick
|
|upkeep
|turn|25
|
|t:|1760835482
|move|p2a: Tornadus|U-turn|p1a: Gholdengo
|-resisted|p1a: Gholdengo
|-damage|p1a: Gholdengo|54/100
|
|t:|1760835486
|switch|p2a: Iron Treads|Iron Treads|40/100|[from] U-turn
|-damage|p2a: Iron Treads|36/100|[from] Stealth Rock
|move|p1a: Gholdengo|Shadow Ball|p2a: Iron Treads
|-damage|p2a: Iron Treads|4/100
|
|-heal|p2a: Iron Treads|10/100|[from] item: Leftovers
|upkeep
|turn|26
|
|t:|1760835492
|move|p1a: Gholdengo|Shadow Ball|p2a: Iron Treads
|-damage|p2a: Iron Treads|0 fnt
|faint|p2a: Iron Treads
|-end|p2a: Iron Treads|Quark Drive|[silent]
|
|upkeep
|
|t:|1760835505
|switch|p2a: Tornadus|Tornadus-Therian, M|96/100
|-damage|p2a: Tornadus|71/100|[from] Stealth Rock
|turn|27
|
|t:|1760835512
|switch|p1a: Alomomola|Alomomola, M|100/100
|-damage|p1a: Alomomola|88/100|[from] Stealth Rock
|move|p2a: Tornadus|Knock Off|p1a: Alomomola
|-damage|p1a: Alomomola|79/100
|
|upkeep
|turn|28
|-message|MicrowaveHeart forfeited.
|
|win|thodoras edition
|raw|thodoras edition's rating: 1562 &rarr; <strong>1590</strong><br />(+28 for winning)
|raw|MicrowaveHeart's rating: 1702 &rarr; <strong>1674</strong><br />(-28 for losing)
|l|☆MicrowaveHeart
|player|p2|
|l|☆thodoras edition
|player|p1|
