|j|☆clg4h
|j|☆Jakedagreat94
|t:|1760794756
|gametype|singles
|player|p1|clg4h|265|1166
|player|p2|Jakedagreat94|2|1204
|gen|9
|tier|[Gen 9] OU
|rated|
|rule|HP Percentage Mod: HP is shown in percentages
|rule|Endless Battle Clause: Forcing endless battles is banned
|rule|Species Clause: Limit one of each Pokémon
|rule|OHKO Clause: OHKO moves are banned
|rule|Evasion Items Clause: Evasion items are banned
|rule|Evasion Moves Clause: Evasion moves are banned
|rule|Evasion Abilities Clause: Evasion abilities are banned
|rule|Sleep Moves Clause: Sleep-inducing moves are banned
|clearpoke
|poke|p1|Hitmonchan, M|
|poke|p1|Slowbro-Galar, F|
|poke|p1|Azumarill, F|
|poke|p1|Polteageist|
|poke|p1|Corviknight, F|
|poke|p1|Glimmora, M|
|poke|p2|Dragonite, F|
|poke|p2|Zamazenta-*|
|poke|p2|Landorus-Therian, M|
|poke|p2|Gholdengo|
|poke|p2|Darkrai|
|poke|p2|Hatterene, F|
|teampreview
|
|t:|1760794771
|teamsize|p1|6
|teamsize|p2|6
|start
|switch|p1a: Slowbro|Slowbro-Galar, F|100/100
|switch|p2a: Landorus|Landorus-Therian, M|100/100
|-ability|p2a: Landorus|Intimidate|boost
|-unboost|p1a: Slowbro|atk|1
|turn|1
|
|t:|1760794781
|move|p2a: Landorus|Earthquake|p1a: Slowbro
|-supereffective|p1a: Slowbro
|-damage|p1a: Slowbro|19/100
|move|p1a: Slowbro|Ice Beam|p2a: Landorus
|-supereffective|p2a: Landorus
|-damage|p2a: Landorus|0 fnt
|faint|p2a: Landorus
|
|upkeep
|
|t:|1760794791
|switch|p2a: Darkrai|Darkrai|100/100
|turn|2
|inactive|Battle timer is ON: inactive players will automatically lose when time's up. (requested by clg4h)
|
|t:|1760794794
|move|p2a: Darkrai|Dark Pulse|p1a: Slowbro
|-supereffective|p1a: Slowbro
|-damage|p1a: Slowbro|0 fnt
|faint|p1a: Slowbro
|
|upkeep
|
|t:|1760794801
|switch|p1a: Hitmonchan|Hitmonchan, M|100/100
|turn|3
|
|t:|1760794807
|switch|p2a: Hatterene|Hatterene, F|100/100
|move|p1a: Hitmonchan|Ice Punch|p2a: Hatterene
|-damage|p2a: Hatterene|68/100
|
|upkeep
|turn|4
|
|t:|1760794815
|switch|p1a: Polteageist|Polteageist|100/100
|move|p2a: Hatterene|Draining Kiss|p1a: Polteageist
|-damage|p1a: Polteageist|71/100
|-heal|p2a: Hatterene|87/100|[from] drain|[of] p1a: Polteageist
|-start|p2a: Hatterene|Disable|Draining Kiss|[from] ability: Cursed Body|[of] p1a: Polteageist
|
|upkeep
|turn|5
|
|t:|1760794825
|move|p1a: Polteageist|Shell Smash|p1a: Polteageist
|-unboost|p1a: Polteageist|def|1
|-unboost|p1a: Polteageist|spd|1
|-boost|p1a: Polteageist|atk|2
|-boost|p1a: Polteageist|spa|2
|-boost|p1a: Polteageist|spe|2
|move|p2a: Hatterene|Psyshock|p1a: Polteageist
|-damage|p1a: Polteageist|0 fnt
|faint|p1a: Polteageist
|
|upkeep
|
|t:|1760794842
|switch|p1a: Corviknight|Corviknight, F|100/100
|-ability|p1a: Corviknight|Pressure
|turn|6
|
|t:|1760794846
|move|p1a: Corviknight|Iron Head|p2a: Hatterene
|-supereffective|p2a: Hatterene
|-damage|p2a: Hatterene|1/100
|move|p2a: Hatterene|Mystical Fire|p1a: Corviknight
|-supereffective|p1a: Corviknight
|-damage|p1a: Corviknight|46/100
|-unboost|p1a: Corviknight|spa|1
|
|upkeep
|turn|7
|
|t:|1760794857
|switch|p2a: Gholdengo|Gholdengo|100/100
|move|p1a: Corviknight|Iron Head|p2a: Gholdengo
|-resisted|p2a: Gholdengo
|-damage|p2a: Gholdengo|82/100
|
|upkeep
|turn|8
|
|t:|1760794866
|move|p2a: Gholdengo|Thunderbolt|p1a: Corviknight
|-supereffective|p1a: Corviknight
|-damage|p1a: Corviknight|0 fnt
|faint|p1a: Corviknight
|
|upkeep
|
|t:|1760794871
|switch|p1a: Glimmora|Glimmora, M|100/100
|turn|9
|
|t:|1760794878
|move|p2a: Gholdengo|Make It Rain|p1a: Glimmora
|-supereffective|p1a: Glimmora
|-damage|p1a: Glimmora|0 fnt
|-unboost|p2a: Gholdengo|spa|1
|faint|p1a: Glimmora
|
|upkeep
|
|t:|1760794887
|switch|p1a: Azumarill|Azumarill, F|100/100
|turn|10
|
|t:|1760794890
|move|p2a: Gholdengo|Thunderbolt|p1a: Azumarill
|-supereffective|p1a: Azumarill
|-damage|p1a: Azumarill|57/100
|move|p1a: Azumarill|Belly Drum|p1a: Azumarill
|-damage|p1a: Azumarill|7/100
|-setboost|p1a: Azumarill|atk|6|[from] move: Belly Drum
|-enditem|p1a: Azumarill|Sitrus Berry|[eat]
|-heal|p1a: Azumarill|32/100|[from] item: Sitrus Berry
|
|upkeep
|turn|11
|
|t:|1760794899
|move|p1a: Azumarill|Aqua Jet|p2a: Gholdengo
|-damage|p2a: Gholdengo|31/100
|move|p2a: Gholdengo|Thunderbolt|p1a: Azumarill
|-supereffective|p1a: Azumarill
|-damage|p1a: Azumarill|0 fnt
|faint|p1a: Azumarill
|
|upkeep
|
|t:|1760794905
|switch|p1a: Hitmonchan|Hitmonchan, M|100/100
|turn|12
|
|t:|1760794915
|move|p2a: Gholdengo|Make It Rain|p1a: Hitmonchan
|-damage|p1a: Hitmonchan|43/100
|-unboost|p2a: Gholdengo|spa|1
|move|p1a: Hitmonchan|Thunder Punch|p2a: Gholdengo
|-damage|p2a: Gholdengo|3/100
|
|upkeep
|turn|13
|
|t:|1760794923
|move|p1a: Hitmonchan|Bullet Punch|p2a: Gholdengo
|-resisted|p2a: Gholdengo
|-damage|p2a: Gholdengo|0 fnt
|faint|p2a: Gholdengo
|
|upkeep
|
|t:|1760794930
|switch|p2a: Zamazenta|Zamazenta|100/100
|-ability|p2a: Zamazenta|Dauntless Shield|boost
|-boost|p2a: Zamazenta|def|1
|turn|14
|
|t:|1760794933
|move|p2a: Zamazenta|Body Press|p1a: Hitmonchan
|-crit|p1a: Hitmonchan
|-damage|p1a: Hitmonchan|0 fnt
|faint|p1a: Hitmonchan
|
|win|Jakedagreat94
|raw|clg4h's rating: 1166 &rarr; <strong>1144</strong><br />(-22 for losing)
|raw|Jakedagreat94's rating: 1204 &rarr; <strong>1226</strong><br />(+22 for winning)
|l|☆clg4h
|player|p1|
|l|☆Jakedagreat94
|player|p2|
