|j|☆apjkds
|j|☆sus skibidi
|t:|1760754552
|gametype|singles
|player|p1|apjkds|101|1559
|player|p2|sus skibidi|miku-ice|1492
|gen|9
|tier|[Gen 9] OU
|rated|
|rule|HP Percentage Mod: HP is shown in percentages
|rule|Endless Battle Clause: Forcing endless battles is banned
|rule|Species Clause: Limit one of each Pokémon
|rule|OHKO Clause: OHKO moves are banned
|rule|Evasion Items Clause: Evasion items are banned
|rule|Evasion Moves Clause: Evasion moves are banned
|rule|Evasion Abilities Clause: Evasion abilities are banned
|rule|Sleep Moves Clause: Sleep-inducing moves are banned
|clearpoke
|poke|p1|Ribombee, F|
|poke|p1|Samurott-Hisui, F|
|poke|p1|Iron Valiant|
|poke|p1|Zamazenta-*|
|poke|p1|Gholdengo|
|poke|p1|Iron Moth|
|poke|p2|Heatran, F|
|poke|p2|Ogerpon-Wellspring, F|
|poke|p2|Dragonite, M|
|poke|p2|Hatterene, F|
|poke|p2|Garganacl, M|
|poke|p2|Great Tusk|
|teampreview
|inactive|Battle timer is ON: inactive players will automatically lose when time's up. (requested by sus skibidi)
|
|t:|1760754569
|teamsize|p1|6
|teamsize|p2|6
|start
|switch|p1a: Ribombee|Ribombee, F|100/100
|switch|p2a: Dodge|Heatran, F|100/100
|-item|p2a: Dodge|Air Balloon
|turn|1
|
|t:|1760754580
|move|p1a: Ribombee|Sticky Web|p2a: Dodge
|-sidestart|p2: sus skibidi|move: Sticky Web
|move|p2a: Dodge|Flame Charge|p1a: Ribombee
|-supereffective|p1a: Ribombee
|-damage|p1a: Ribombee|45/100
|-boost|p2a: Dodge|spe|1
|
|upkeep
|turn|2
|
|t:|1760754586
|move|p2a: Dodge|Flame Charge|p1a: Ribombee
|-supereffective|p1a: Ribombee
|-damage|p1a: Ribombee|0 fnt
|-boost|p2a: Dodge|spe|1
|faint|p1a: Ribombee
|
|upkeep
|
|t:|1760754592
|switch|p1a: Musashi's Scallop|Samurott-Hisui, F|100/100
|turn|3
|j| ErroDeDigitacao
|j| AbrarS
|
|t:|1760754607
|-terastallize|p2a: Dodge|Fairy
|move|p2a: Dodge|Tera Blast|p1a: Musashi's Scallop|[anim] Tera Blast Fairy
|-supereffective|p1a: Musashi's Scallop
|-damage|p1a: Musashi's Scallop|0 fnt
|faint|p1a: Musashi's Scallop
|
|upkeep
|
|t:|1760754620
|switch|p1a: Zamazenta|Zamazenta|100/100
|-ability|p1a: Zamazenta|Dauntless Shield|boost
|-boost|p1a: Zamazenta|def|1
|turn|4
|j| RedemptiveSketch
|
|t:|1760754625
|move|p2a: Dodge|Tera Blast|p1a: Zamazenta|[anim] Tera Blast Fairy
|-supereffective|p1a: Zamazenta
|-damage|p1a: Zamazenta|19/100
|move|p1a: Zamazenta|Roar|p2a: Dodge
|drag|p2a: Horned Up Big Dawg|Great Tusk|100/100
|-activate|p2a: Horned Up Big Dawg|move: Sticky Web
|-unboost|p2a: Horned Up Big Dawg|spe|1
|-enditem|p2a: Horned Up Big Dawg|Booster Energy
|-activate|p2a: Horned Up Big Dawg|ability: Protosynthesis|[fromitem]
|-start|p2a: Horned Up Big Dawg|protosynthesisatk
|
|-heal|p1a: Zamazenta|25/100|[from] item: Leftovers
|upkeep
|turn|5
|j| Tariff Tuesday
|j| maimen
|
|t:|1760754639
|switch|p1a: Goldilocks|Gholdengo|100/100
|-item|p1a: Goldilocks|Air Balloon
|move|p2a: Horned Up Big Dawg|Ice Spinner|p1a: Goldilocks
|-resisted|p1a: Goldilocks
|-damage|p1a: Goldilocks|82/100
|-enditem|p1a: Goldilocks|Air Balloon
|
|upkeep
|turn|6
|
|t:|1760754648
|switch|p1a: Zamazenta|Zamazenta|25/100
|move|p2a: Horned Up Big Dawg|Headlong Rush|p1a: Zamazenta
|-damage|p1a: Zamazenta|0 fnt
|-unboost|p2a: Horned Up Big Dawg|def|1
|-unboost|p2a: Horned Up Big Dawg|spd|1
|faint|p1a: Zamazenta
|
|upkeep
|
|t:|1760754662
|switch|p1a: Iron Moth|Iron Moth|100/100
|-enditem|p1a: Iron Moth|Booster Energy
|-activate|p1a: Iron Moth|ability: Quark Drive|[fromitem]
|-start|p1a: Iron Moth|quarkdrivespa
|turn|7
|j| Dhoom Again
|
|t:|1760754684
|move|p1a: Iron Moth|Fiery Dance|p2a: Horned Up Big Dawg
|-damage|p2a: Horned Up Big Dawg|0 fnt
|faint|p2a: Horned Up Big Dawg
|-end|p2a: Horned Up Big Dawg|Protosynthesis|[silent]
|
|upkeep
|
|t:|1760754687
|switch|p2a: Guanciale|Garganacl, M, shiny|100/100
|-activate|p2a: Guanciale|move: Sticky Web
|-unboost|p2a: Guanciale|spe|1
|turn|8
|
|t:|1760754696
|move|p1a: Iron Moth|Energy Ball|p2a: Guanciale
|-supereffective|p2a: Guanciale
|-damage|p2a: Guanciale|37/100
|-unboost|p2a: Guanciale|spd|1
|move|p2a: Guanciale|Earthquake|p1a: Iron Moth
|-supereffective|p1a: Iron Moth
|-damage|p1a: Iron Moth|0 fnt
|faint|p1a: Iron Moth
|-end|p1a: Iron Moth|Quark Drive|[silent]
|
|-heal|p2a: Guanciale|43/100|[from] item: Leftovers
|upkeep
|j| XtremeArsenal
|
|t:|1760754706
|switch|p1a: Iron Valiant|Iron Valiant|100/100
|-enditem|p1a: Iron Valiant|Booster Energy
|-activate|p1a: Iron Valiant|ability: Quark Drive|[fromitem]
|-start|p1a: Iron Valiant|quarkdriveatk
|turn|9
|c| ErroDeDigitacao|Hmmmmm guanciale
|j| bloodhound q50
|j| Kyurem
|c|☆sus skibidi|yea
|
|t:|1760754721
|move|p1a: Iron Valiant|Swords Dance|p1a: Iron Valiant
|-boost|p1a: Iron Valiant|atk|2
|move|p2a: Guanciale|Salt Cure|p1a: Iron Valiant
|-resisted|p1a: Iron Valiant
|-damage|p1a: Iron Valiant|92/100
|-start|p1a: Iron Valiant|Salt Cure
|
|-heal|p2a: Guanciale|49/100|[from] item: Leftovers
|-damage|p1a: Iron Valiant|79/100|[from] Salt Cure
|upkeep
|turn|10
|l| AbrarS
|
|t:|1760754737
|move|p1a: Iron Valiant|Knock Off|p2a: Guanciale
|-damage|p2a: Guanciale|0 fnt
|-enditem|p2a: Guanciale|Leftovers|[from] move: Knock Off|[of] p1a: Iron Valiant
|faint|p2a: Guanciale
|
|-damage|p1a: Iron Valiant|67/100|[from] Salt Cure
|upkeep
|c| ErroDeDigitacao|I like it on pizza
|c|☆sus skibidi|yea
|l| XtremeArsenal
|
|t:|1760754755
|switch|p2a: Dodge|Heatran, F, tera:Fairy|100/100
|-item|p2a: Dodge|Air Balloon
|turn|11
|c|☆sus skibidi|YOOO I STILL HAVE BALLOON
|
|t:|1760754767
|move|p1a: Iron Valiant|Close Combat|p2a: Dodge
|-resisted|p2a: Dodge
|-damage|p2a: Dodge|8/100
|-unboost|p1a: Iron Valiant|def|1
|-unboost|p1a: Iron Valiant|spd|1
|-enditem|p2a: Dodge|Air Balloon
|move|p2a: Dodge|Flame Charge|p1a: Iron Valiant
|-damage|p1a: Iron Valiant|38/100
|-boost|p2a: Dodge|spe|1
|
|-damage|p1a: Iron Valiant|25/100|[from] Salt Cure
|upkeep
|turn|12
|c|☆apjkds|ggs
|c|☆sus skibidi|gg
|c|☆apjkds|oh
|c|☆apjkds|wait ggs
|
|t:|1760754783
|move|p2a: Dodge|Tera Blast|p1a: Iron Valiant|[anim] Tera Blast Fairy
|-supereffective|p1a: Iron Valiant
|-damage|p1a: Iron Valiant|0 fnt
|faint|p1a: Iron Valiant
|-end|p1a: Iron Valiant|Quark Drive|[silent]
|
|upkeep
|c|☆apjkds|never seen this heatran set
|-message|apjkds forfeited.
|
|win|sus skibidi
|raw|apjkds's rating: 1537 &rarr; <strong>1514</strong><br />(-23 for losing)
|raw|sus skibidi's rating: 1492 &rarr; <strong>1515</strong><br />(+23 for winning)
|c|☆sus skibidi|i dreamt it
|l|☆apjkds
|player|p1|
|l| RedemptiveSketch
|c|☆sus skibidi|I woke up and put it in my teambuilder immeditaely
|l| Kyurem
|j| TeamNorthKorea
|l| Tariff Tuesday
|l| TeamNorthKorea
|l| maimen
|l| ErroDeDigitacao
|l|☆sus skibidi
|player|p2|
|j|☆sus skibidi
|player|p2|sus skibidi|miku-ice|
