|j|☆ra1shan
|j|☆Scullybaby
|t:|1760848642
|gametype|singles
|player|p1|ra1shan|blue|1138
|player|p2|Scullybaby|102|1186
|gen|9
|tier|[Gen 9] OU
|rated|
|rule|HP Percentage Mod: HP is shown in percentages
|rule|Endless Battle Clause: Forcing endless battles is banned
|rule|Species Clause: Limit one of each Pokémon
|rule|OHKO Clause: OHKO moves are banned
|rule|Evasion Items Clause: Evasion items are banned
|rule|Evasion Moves Clause: Evasion moves are banned
|rule|Evasion Abilities Clause: Evasion abilities are banned
|rule|Sleep Moves Clause: Sleep-inducing moves are banned
|clearpoke
|poke|p1|Kingambit, F|
|poke|p1|Deoxys-Speed|
|poke|p1|Great Tusk|
|poke|p1|Dragonite, F|
|poke|p1|Iron Moth|
|poke|p1|Primarina, F|
|poke|p2|Ogerpon-Wellspring, F|
|poke|p2|Kingambit, M|
|poke|p2|Landorus-Therian, M|
|poke|p2|Glimmora, M|
|poke|p2|Dragapult, M|
|poke|p2|Iron Valiant|
|teampreview
|inactive|Battle timer is ON: inactive players will automatically lose when time's up. (requested by ra1shan)
|
|t:|1760848654
|teamsize|p1|6
|teamsize|p2|6
|start
|switch|p1a: Anomаly|Iron Moth, shiny|100/100
|switch|p2a: Glimmora|Glimmora, M|100/100
|-enditem|p1a: Anomаly|Booster Energy
|-activate|p1a: Anomаly|ability: Quark Drive|[fromitem]
|-start|p1a: Anomаly|quarkdrivespe
|turn|1
|
|t:|1760848676
|-terastallize|p1a: Anomаly|Ground
|move|p1a: Anomаly|Tera Blast|p2a: Glimmora|[anim] Tera Blast Ground
|-supereffective|p2a: Glimmora
|-damage|p2a: Glimmora|0 fnt
|faint|p2a: Glimmora
|
|upkeep
|
|t:|1760848681
|switch|p2a: Ogerpon|Ogerpon-Wellspring, F|100/100
|turn|2
|
|t:|1760848691
|move|p1a: Anomаly|Toxic Spikes|p2a: Ogerpon
|-sidestart|p2: Scullybaby|move: Toxic Spikes
|move|p2a: Ogerpon|Horn Leech|p1a: Anomаly
|-supereffective|p1a: Anomаly
|-damage|p1a: Anomаly|0 fnt
|faint|p1a: Anomаly
|-end|p1a: Anomаly|Quark Drive|[silent]
|
|upkeep
|
|t:|1760848715
|switch|p1a: Yoshi|Dragonite, F, shiny|100/100
|turn|3
|
|t:|1760848729
|move|p2a: Ogerpon|Taunt|p1a: Yoshi
|-start|p1a: Yoshi|move: Taunt
|move|p1a: Yoshi|Outrage|p2a: Ogerpon
|-damage|p2a: Ogerpon|0 fnt
|faint|p2a: Ogerpon
|
|upkeep
|
|t:|1760848734
|switch|p2a: Iron Valiant|Iron Valiant|100/100
|-status|p2a: Iron Valiant|psn
|-enditem|p2a: Iron Valiant|Booster Energy
|-activate|p2a: Iron Valiant|ability: Quark Drive|[fromitem]
|-start|p2a: Iron Valiant|quarkdrivespe
|turn|4
|
|t:|1760848751
|move|p2a: Iron Valiant|Swords Dance|p2a: Iron Valiant
|-boost|p2a: Iron Valiant|atk|2
|move|p1a: Yoshi|Outrage|p2a: Iron Valiant|[from] lockedmove
|-immune|p2a: Iron Valiant
|
|-damage|p2a: Iron Valiant|88/100 psn|[from] psn
|upkeep
|turn|5
|
|t:|1760848760
|switch|p1a: Meruem|Kingambit, F, shiny|100/100
|-activate|p1a: Meruem|ability: Supreme Overlord
|-start|p1a: Meruem|fallen1|[silent]
|move|p2a: Iron Valiant|Swords Dance|p2a: Iron Valiant
|-boost|p2a: Iron Valiant|atk|2
|
|-damage|p2a: Iron Valiant|76/100 psn|[from] psn
|upkeep
|turn|6
|
|t:|1760848770
|move|p1a: Meruem|Sucker Punch|p2a: Iron Valiant
|-resisted|p2a: Iron Valiant
|-damage|p2a: Iron Valiant|61/100 psn
|move|p2a: Iron Valiant|Spirit Break|p1a: Meruem
|-damage|p1a: Meruem|13/100
|-unboost|p1a: Meruem|spa|1
|
|-heal|p1a: Meruem|19/100|[from] item: Leftovers
|-damage|p2a: Iron Valiant|48/100 psn|[from] psn
|upkeep
|turn|7
|inactive|ra1shan has 120 seconds left.
|
|t:|1760848798
|move|p1a: Meruem|Sucker Punch|p2a: Iron Valiant
|-resisted|p2a: Iron Valiant
|-damage|p2a: Iron Valiant|34/100 psn
|move|p2a: Iron Valiant|Spirit Break|p1a: Meruem
|-damage|p1a: Meruem|0 fnt
|faint|p1a: Meruem
|-end|p1a: Meruem|fallen1|[silent]
|
|-damage|p2a: Iron Valiant|22/100 psn|[from] psn
|upkeep
|inactive|ra1shan has 120 seconds left.
|
|t:|1760848832
|switch|p1a: Yoshi|Dragonite, F, shiny|100/100
|turn|8
|
|t:|1760848840
|-end|p2a: Iron Valiant|Quark Drive|[silent]
|switch|p2a: Landorus|Landorus-Therian, M|100/100
|-ability|p2a: Landorus|Intimidate|boost
|-unboost|p1a: Yoshi|atk|1
|move|p1a: Yoshi|Ice Spinner|p2a: Landorus
|-supereffective|p2a: Landorus
|-damage|p2a: Landorus|0 fnt
|-damage|p1a: Yoshi|84/100|[from] item: Rocky Helmet|[of] p2a: Landorus
|faint|p2a: Landorus
|
|upkeep
|c|☆Scullybaby|legend
|c|☆ra1shan|:P
|c|☆ra1shan|:3
|c|☆ra1shan|yay
|
|t:|1760848856
|switch|p2a: Dragapult|Dragapult, M|100/100
|-status|p2a: Dragapult|psn
|turn|9
|
|t:|1760848861
|move|p2a: Dragapult|Draco Meteor|p1a: Yoshi|[miss]
|-miss|p2a: Dragapult|p1a: Yoshi
|move|p1a: Yoshi|Ice Spinner|p2a: Dragapult
|-supereffective|p2a: Dragapult
|-damage|p2a: Dragapult|12/100 psn
|
|-damage|p2a: Dragapult|0 fnt|[from] psn
|faint|p2a: Dragapult
|upkeep
|-message|Scullybaby forfeited.
|
|win|ra1shan
|raw|ra1shan's rating: 1138 &rarr; <strong>1166</strong><br />(+28 for winning)
|raw|Scullybaby's rating: 1186 &rarr; <strong>1158</strong><br />(-28 for losing)
|l|☆Scullybaby
|player|p2|
|c|☆ra1shan|gg
