|j|☆Princessjosie1001!
|j|☆kills your
|t:|1760886931
|gametype|singles
|player|p1|Princessjosie1001!|nurse|1373
|player|p2|kills your|iono|1405
|gen|9
|tier|[Gen 9] OU
|rated|
|rule|HP Percentage Mod: HP is shown in percentages
|rule|Endless Battle Clause: Forcing endless battles is banned
|rule|Species Clause: Limit one of each Pokémon
|rule|OHKO Clause: OHKO moves are banned
|rule|Evasion Items Clause: Evasion items are banned
|rule|Evasion Moves Clause: Evasion moves are banned
|rule|Evasion Abilities Clause: Evasion abilities are banned
|rule|Sleep Moves Clause: Sleep-inducing moves are banned
|clearpoke
|poke|p1|Yanmega, F|
|poke|p1|Cloyster, F|
|poke|p1|Salazzle, F|
|poke|p1|Espeon, F|
|poke|p1|Jirachi|
|poke|p1|Maushold-Four|
|poke|p2|Ninetales, M|
|poke|p2|Hatterene, F|
|poke|p2|Leafeon, F|
|poke|p2|Raging Bolt|
|poke|p2|Great Tusk|
|poke|p2|Walking Wake|
|teampreview
|
|t:|1760886936
|teamsize|p1|6
|teamsize|p2|6
|start
|switch|p1a: Yanmega|Yanmega, F|100/100
|switch|p2a: Ninetales|Ninetales, M|100/100
|-weather|SunnyDay|[from] ability: Drought|[of] p2a: Ninetales
|turn|1
|
|t:|1760886942
|move|p1a: Yanmega|Protect|p1a: Yanmega
|-singleturn|p1a: Yanmega|Protect
|move|p2a: Ninetales|Encore|p1a: Yanmega
|-activate|p1a: Yanmega|move: Protect
|
|-weather|SunnyDay|[upkeep]
|-ability|p1a: Yanmega|Speed Boost|boost
|-boost|p1a: Yanmega|spe|1
|upkeep
|turn|2
|
|t:|1760886948
|move|p1a: Yanmega|Air Slash|p2a: Ninetales
|-damage|p2a: Ninetales|35/100
|-damage|p1a: Yanmega|91/100|[from] item: Life Orb
|move|p2a: Ninetales|Overheat|p1a: Yanmega
|-supereffective|p1a: Yanmega
|-damage|p1a: Yanmega|0 fnt
|-unboost|p2a: Ninetales|spa|2
|faint|p1a: Yanmega
|
|-weather|SunnyDay|[upkeep]
|upkeep
|
|t:|1760886958
|switch|p1a: Jirachi|Jirachi|100/100
|turn|3
|
|t:|1760886962
|switch|p2a: Hatterene|Hatterene, F|100/100
|move|p1a: Jirachi|Iron Head|p2a: Hatterene
|-supereffective|p2a: Hatterene
|-damage|p2a: Hatterene|38/100
|-enditem|p2a: Hatterene|Eject Button
|
|t:|1760886968
|switch|p2a: Leafeon|Leafeon, F|100/100
|
|-weather|SunnyDay|[upkeep]
|upkeep
|turn|4
|
|t:|1760886974
|switch|p1a: Maushold|Maushold-Four|100/100
|move|p2a: Leafeon|Swords Dance|p2a: Leafeon
|-boost|p2a: Leafeon|atk|2
|
|-weather|SunnyDay|[upkeep]
|upkeep
|turn|5
|
|t:|1760886980
|move|p2a: Leafeon|Solar Blade||[still]
|-prepare|p2a: Leafeon|Solar Blade
|-anim|p2a: Leafeon|Solar Blade|p1a: Maushold
|-damage|p1a: Maushold|0 fnt
|faint|p1a: Maushold
|-damage|p2a: Leafeon|91/100|[from] item: Life Orb
|
|-weather|SunnyDay|[upkeep]
|upkeep
|
|t:|1760886988
|switch|p1a: Salazzle|Salazzle, F|100/100
|turn|6
|
|t:|1760886995
|-terastallize|p2a: Leafeon|Fire
|move|p2a: Leafeon|Tera Blast|p1a: Salazzle|[anim] Tera Blast Fire
|-resisted|p1a: Salazzle
|-enditem|p1a: Salazzle|Focus Sash
|-damage|p1a: Salazzle|1/100
|-damage|p2a: Leafeon|81/100|[from] item: Life Orb
|move|p1a: Salazzle|Agility|p1a: Salazzle
|-boost|p1a: Salazzle|spe|2
|
|-weather|SunnyDay|[upkeep]
|upkeep
|turn|7
|
|t:|1760887006
|move|p1a: Salazzle|Sludge Wave|p2a: Leafeon
|-damage|p2a: Leafeon|0 fnt
|faint|p2a: Leafeon
|
|-weather|SunnyDay|[upkeep]
|upkeep
|
|t:|1760887011
|switch|p2a: Raging Bolt|Raging Bolt|100/100
|-activate|p2a: Raging Bolt|ability: Protosynthesis
|-start|p2a: Raging Bolt|protosynthesisspa
|turn|8
|
|t:|1760887016
|move|p2a: Raging Bolt|Thunderclap||[still]
|-fail|p2a: Raging Bolt
|move|p1a: Salazzle|Toxic|p2a: Raging Bolt
|-status|p2a: Raging Bolt|tox
|
|-weather|none
|-end|p2a: Raging Bolt|Protosynthesis
|-damage|p2a: Raging Bolt|94/100 tox|[from] psn
|upkeep
|turn|9
|
|t:|1760887023
|move|p1a: Salazzle|Sludge Wave|p2a: Raging Bolt
|-damage|p2a: Raging Bolt|61/100 tox
|move|p2a: Raging Bolt|Volt Switch|p1a: Salazzle
|-damage|p1a: Salazzle|0 fnt
|faint|p1a: Salazzle
|
|t:|1760887026
|-end|p2a: Raging Bolt|Protosynthesis|[silent]
|switch|p2a: Ninetales|Ninetales, M|35/100|[from] Volt Switch
|-weather|SunnyDay|[from] ability: Drought|[of] p2a: Ninetales
|
|-weather|SunnyDay|[upkeep]
|upkeep
|
|t:|1760887034
|switch|p1a: Jirachi|Jirachi|100/100
|turn|10
|
|t:|1760887038
|move|p1a: Jirachi|Iron Head|p2a: Ninetales
|-resisted|p2a: Ninetales
|-damage|p2a: Ninetales|7/100
|cant|p2a: Ninetales|flinch
|
|-weather|SunnyDay|[upkeep]
|upkeep
|turn|11
|
|t:|1760887044
|switch|p2a: Hatterene|Hatterene, F|38/100
|move|p1a: Jirachi|Iron Head|p2a: Hatterene
|-supereffective|p2a: Hatterene
|-damage|p2a: Hatterene|0 fnt
|faint|p2a: Hatterene
|
|-weather|SunnyDay|[upkeep]
|upkeep
|
|t:|1760887048
|switch|p2a: Walking Wake|Walking Wake|100/100
|-activate|p2a: Walking Wake|ability: Protosynthesis
|-start|p2a: Walking Wake|protosynthesisspe
|turn|12
|
|t:|1760887054
|move|p2a: Walking Wake|Hydro Steam|p1a: Jirachi
|-damage|p1a: Jirachi|12/100
|move|p1a: Jirachi|Iron Head|p2a: Walking Wake
|-resisted|p2a: Walking Wake
|-damage|p2a: Walking Wake|81/100
|
|-weather|SunnyDay|[upkeep]
|upkeep
|turn|13
|
|t:|1760887061
|move|p2a: Walking Wake|Hydro Steam|p1a: Jirachi
|-damage|p1a: Jirachi|0 fnt
|faint|p1a: Jirachi
|
|-weather|SunnyDay|[upkeep]
|upkeep
|
|t:|1760887066
|switch|p1a: No hazard allowed|Espeon, F|100/100
|turn|14
|
|t:|1760887072
|move|p2a: Walking Wake|Hydro Steam|p1a: No hazard allowed
|-damage|p1a: No hazard allowed|0 fnt
|faint|p1a: No hazard allowed
|
|-weather|SunnyDay|[upkeep]
|upkeep
|
|t:|1760887077
|switch|p1a: Cloyster|Cloyster, F|100/100
|turn|15
|
|t:|1760887080
|move|p2a: Walking Wake|Hydro Steam|p1a: Cloyster
|-resisted|p1a: Cloyster
|-enditem|p1a: Cloyster|Focus Sash
|-damage|p1a: Cloyster|1/100
|move|p1a: Cloyster|Shell Smash|p1a: Cloyster
|-unboost|p1a: Cloyster|def|1
|-unboost|p1a: Cloyster|spd|1
|-boost|p1a: Cloyster|atk|2
|-boost|p1a: Cloyster|spa|2
|-boost|p1a: Cloyster|spe|2
|
|-weather|SunnyDay|[upkeep]
|upkeep
|turn|16
|
|t:|1760887091
|-terastallize|p1a: Cloyster|Ice
|move|p2a: Walking Wake|Hydro Steam|p1a: Cloyster
|-damage|p1a: Cloyster|0 fnt
|faint|p1a: Cloyster
|
|win|kills your
|raw|Princessjosie1001!'s rating: 1373 &rarr; <strong>1355</strong><br />(-18 for losing)
|raw|kills your's rating: 1405 &rarr; <strong>1423</strong><br />(+18 for winning)
|l|☆Princessjosie1001!
|player|p1|
|l|☆kills your
|player|p2|
