|j|☆Dansiger
|j|☆Seiryaku
|t:|1760853972
|gametype|singles
|player|p1|Dansiger|palmer|1175
|player|p2|Seiryaku|parasollady|1139
|gen|9
|tier|[Gen 9] OU
|rated|
|rule|HP Percentage Mod: HP is shown in percentages
|rule|Endless Battle Clause: Forcing endless battles is banned
|rule|Species Clause: Limit one of each Pokémon
|rule|OHKO Clause: OHKO moves are banned
|rule|Evasion Items Clause: Evasion items are banned
|rule|Evasion Moves Clause: Evasion moves are banned
|rule|Evasion Abilities Clause: Evasion abilities are banned
|rule|Sleep Moves Clause: Sleep-inducing moves are banned
|clearpoke
|poke|p1|Arcanine, M|
|poke|p1|Blastoise, M|
|poke|p1|Raichu, F|
|poke|p1|Vileplume, F|
|poke|p1|Heracross, F|
|poke|p1|Umbreon, F|
|poke|p2|Araquanid, M|
|poke|p2|Iron Moth|
|poke|p2|Garganacl, F|
|poke|p2|Ogerpon-Cornerstone, F|
|poke|p2|Weezing-Galar, F|
|poke|p2|Deoxys-Defense|
|teampreview
|
|t:|1760853984
|teamsize|p1|6
|teamsize|p2|6
|start
|switch|p1a: Heracross|Heracross, F|100/100
|switch|p2a: Weezing|Weezing-Galar, F|100/100
|-ability|p2a: Weezing|Neutralizing Gas
|turn|1
|
|t:|1760854001
|move|p1a: Heracross|Swords Dance|p1a: Heracross
|-boost|p1a: Heracross|atk|2
|move|p2a: Weezing|Dazzling Gleam|p1a: Heracross
|-supereffective|p1a: Heracross
|-damage|p1a: Heracross|44/100
|
|-status|p1a: Heracross|brn|[from] item: Flame Orb
|upkeep
|turn|2
|
|t:|1760854014
|move|p1a: Heracross|Facade|p2a: Weezing
|-damage|p2a: Weezing|23/100
|move|p2a: Weezing|Dazzling Gleam|p1a: Heracross
|-supereffective|p1a: Heracross
|-damage|p1a: Heracross|0 fnt
|faint|p1a: Heracross
|
|upkeep
|
|t:|1760854022
|switch|p1a: Arcanine|Arcanine, M|100/100
|turn|3
|
|t:|1760854029
|move|p1a: Arcanine|Scorching Sands|p2a: Weezing
|-supereffective|p2a: Weezing
|-damage|p2a: Weezing|0 fnt
|faint|p2a: Weezing
|-end|p2a: Weezing|ability: Neutralizing Gas
|
|upkeep
|
|t:|1760854047
|switch|p2a: Araquanid|Araquanid, M|100/100
|turn|4
|
|t:|1760854064
|switch|p1a: Raichu|Raichu, F|100/100
|move|p2a: Araquanid|Sticky Web|p1a: Raichu
|-sidestart|p1: Dansiger|move: Sticky Web
|
|upkeep
|turn|5
|
|t:|1760854071
|move|p1a: Raichu|Thunderbolt|p2a: Araquanid
|-supereffective|p2a: Araquanid
|-damage|p2a: Araquanid|52/100
|-status|p2a: Araquanid|par
|move|p2a: Araquanid|Liquidation|p1a: Raichu
|-damage|p1a: Raichu|0 fnt
|faint|p1a: Raichu
|
|upkeep
|
|t:|1760854090
|switch|p1a: Blastoise|Blastoise, M|100/100
|-activate|p1a: Blastoise|move: Sticky Web
|-unboost|p1a: Blastoise|spe|1
|-enditem|p1a: Blastoise|White Herb
|-clearnegativeboost|p1a: Blastoise|[silent]
|turn|6
|
|t:|1760854105
|move|p1a: Blastoise|Shell Smash|p1a: Blastoise
|-unboost|p1a: Blastoise|def|1
|-unboost|p1a: Blastoise|spd|1
|-boost|p1a: Blastoise|atk|2
|-boost|p1a: Blastoise|spa|2
|-boost|p1a: Blastoise|spe|2
|move|p2a: Araquanid|Leech Life|p1a: Blastoise
|-damage|p1a: Blastoise|62/100
|-heal|p2a: Araquanid|69/100 par|[from] drain|[of] p1a: Blastoise
|
|upkeep
|turn|7
|
|t:|1760854124
|-terastallize|p1a: Blastoise|Grass
|move|p1a: Blastoise|Tera Blast|p2a: Araquanid|[anim] Tera Blast Grass
|-damage|p2a: Araquanid|20/100 par
|move|p2a: Araquanid|Endeavor|p1a: Blastoise
|-damage|p1a: Blastoise|23/100
|
|upkeep
|turn|8
|-enditem|p2a: Araquanid|Custap Berry|[eat]
|-activate|p2a: Araquanid|item: Custap Berry|[consumed]
|
|t:|1760854133
|move|p2a: Araquanid|Leech Life|p1a: Blastoise
|-supereffective|p1a: Blastoise
|-damage|p1a: Blastoise|0 fnt
|-heal|p2a: Araquanid|30/100 par|[from] drain|[of] p1a: Blastoise
|faint|p1a: Blastoise
|
|upkeep
|
|t:|1760854145
|switch|p1a: Arcanine|Arcanine, M|100/100
|-activate|p1a: Arcanine|move: Sticky Web
|-unboost|p1a: Arcanine|spe|1
|-ability|p1a: Arcanine|Intimidate|boost
|-unboost|p2a: Araquanid|atk|1
|turn|9
|
|t:|1760854155
|move|p1a: Arcanine|Extreme Speed|p2a: Araquanid
|-damage|p2a: Araquanid|11/100 par
|cant|p2a: Araquanid|par
|
|upkeep
|turn|10
|
|t:|1760854164
|move|p1a: Arcanine|Extreme Speed|p2a: Araquanid
|-damage|p2a: Araquanid|0 fnt
|faint|p2a: Araquanid
|
|upkeep
|
|t:|1760854185
|switch|p2a: Ogerpon|Ogerpon-Cornerstone, F|100/100
|turn|11
|
|t:|1760854193
|move|p2a: Ogerpon|Ivy Cudgel|p1a: Arcanine|[anim] Ivy Cudgel Rock
|-supereffective|p1a: Arcanine
|-damage|p1a: Arcanine|0 fnt
|faint|p1a: Arcanine
|
|upkeep
|
|t:|1760854200
|switch|p1a: Vileplume|Vileplume, F|100/100
|-activate|p1a: Vileplume|move: Sticky Web
|-unboost|p1a: Vileplume|spe|1
|turn|12
|
|t:|1760854209
|move|p2a: Ogerpon|Knock Off|p1a: Vileplume
|-damage|p1a: Vileplume|56/100
|-enditem|p1a: Vileplume|Leftovers|[from] move: Knock Off|[of] p2a: Ogerpon
|move|p1a: Vileplume|Sludge Bomb|p2a: Ogerpon
|-damage|p2a: Ogerpon|48/100
|
|upkeep
|turn|13
|
|t:|1760854217
|move|p2a: Ogerpon|Ivy Cudgel|p1a: Vileplume|[anim] Ivy Cudgel Rock
|-damage|p1a: Vileplume|0 fnt
|faint|p1a: Vileplume
|
|upkeep
|
|t:|1760854222
|switch|p1a: Umbreon|Umbreon, F|100/100
|-activate|p1a: Umbreon|move: Sticky Web
|-unboost|p1a: Umbreon|spe|1
|turn|14
|
|t:|1760854232
|move|p2a: Ogerpon|Knock Off|p1a: Umbreon
|-resisted|p1a: Umbreon
|-damage|p1a: Umbreon|85/100
|-enditem|p1a: Umbreon|Leftovers|[from] move: Knock Off|[of] p2a: Ogerpon
|move|p1a: Umbreon|Foul Play|p2a: Ogerpon
|-damage|p2a: Ogerpon|0 fnt
|faint|p2a: Ogerpon
|
|upkeep
|
|t:|1760854236
|switch|p2a: Garganacl|Garganacl, F|100/100
|turn|15
|
|t:|1760854249
|move|p1a: Umbreon|Mud-Slap|p2a: Garganacl
|-supereffective|p2a: Garganacl
|-damage|p2a: Garganacl|93/100
|-unboost|p2a: Garganacl|accuracy|1
|move|p2a: Garganacl|Salt Cure|p1a: Umbreon
|-damage|p1a: Umbreon|75/100
|-start|p1a: Umbreon|Salt Cure
|
|-heal|p2a: Garganacl|99/100|[from] item: Leftovers
|-damage|p1a: Umbreon|62/100|[from] Salt Cure
|upkeep
|turn|16
|
|t:|1760854283
|switch|p2a: Deoxys|Deoxys-Defense|100/100
|-ability|p2a: Deoxys|Pressure
|move|p1a: Umbreon|Mud-Slap|p2a: Deoxys
|-damage|p2a: Deoxys|97/100
|-unboost|p2a: Deoxys|accuracy|1
|
|-damage|p1a: Umbreon|50/100|[from] Salt Cure
|upkeep
|turn|17
|inactive|Battle timer is ON: inactive players will automatically lose when time's up. (requested by Dansiger)
|
|t:|1760854295
|move|p2a: Deoxys|Cosmic Power|p2a: Deoxys
|-boost|p2a: Deoxys|def|1
|-boost|p2a: Deoxys|spd|1
|move|p1a: Umbreon|Foul Play|p2a: Deoxys
|-supereffective|p2a: Deoxys
|-damage|p2a: Deoxys|79/100
|
|-damage|p1a: Umbreon|37/100|[from] Salt Cure
|upkeep
|turn|18
|
|t:|1760854311
|move|p2a: Deoxys|Cosmic Power|p2a: Deoxys
|-boost|p2a: Deoxys|def|1
|-boost|p2a: Deoxys|spd|1
|move|p1a: Umbreon|Moonlight|p1a: Umbreon
|-heal|p1a: Umbreon|87/100
|
|-damage|p1a: Umbreon|75/100|[from] Salt Cure
|upkeep
|turn|19
|
|t:|1760854320
|move|p2a: Deoxys|Cosmic Power|p2a: Deoxys
|-boost|p2a: Deoxys|def|1
|-boost|p2a: Deoxys|spd|1
|move|p1a: Umbreon|Mud-Slap|p2a: Deoxys
|-damage|p2a: Deoxys|77/100
|-unboost|p2a: Deoxys|accuracy|1
|
|-damage|p1a: Umbreon|62/100|[from] Salt Cure
|upkeep
|turn|20
|
|t:|1760854331
|move|p2a: Deoxys|Cosmic Power|p2a: Deoxys
|-boost|p2a: Deoxys|def|1
|-boost|p2a: Deoxys|spd|1
|move|p1a: Umbreon|Mud-Slap|p2a: Deoxys
|-damage|p2a: Deoxys|76/100
|-unboost|p2a: Deoxys|accuracy|1
|
|-damage|p1a: Umbreon|50/100|[from] Salt Cure
|upkeep
|turn|21
|
|t:|1760854346
|move|p2a: Deoxys|Tera Blast|p1a: Umbreon
|-damage|p1a: Umbreon|41/100
|move|p1a: Umbreon|Mud-Slap|p2a: Deoxys
|-damage|p2a: Deoxys|75/100
|-unboost|p2a: Deoxys|accuracy|1
|
|-damage|p1a: Umbreon|29/100|[from] Salt Cure
|upkeep
|turn|22
|
|t:|1760854357
|move|p2a: Deoxys|Cosmic Power|p2a: Deoxys
|-boost|p2a: Deoxys|def|1
|-boost|p2a: Deoxys|spd|1
|move|p1a: Umbreon|Mud-Slap|p2a: Deoxys
|-damage|p2a: Deoxys|74/100
|-unboost|p2a: Deoxys|accuracy|1
|
|-damage|p1a: Umbreon|16/100|[from] Salt Cure
|upkeep
|turn|23
|
|t:|1760854374
|move|p2a: Deoxys|Cosmic Power|p2a: Deoxys
|-boost|p2a: Deoxys|def|1
|-boost|p2a: Deoxys|spd|1
|move|p1a: Umbreon|Mud-Slap|p2a: Deoxys
|-damage|p2a: Deoxys|73/100
|-unboost|p2a: Deoxys|accuracy|1
|
|-damage|p1a: Umbreon|4/100|[from] Salt Cure
|upkeep
|turn|24
|
|t:|1760854384
|move|p2a: Deoxys|Recover|p2a: Deoxys
|-heal|p2a: Deoxys|100/100
|move|p1a: Umbreon|Moonlight|p1a: Umbreon
|-heal|p1a: Umbreon|54/100
|
|-damage|p1a: Umbreon|41/100|[from] Salt Cure
|upkeep
|turn|25
|
|t:|1760854394
|move|p2a: Deoxys|Tera Blast|p1a: Umbreon|[miss]
|-miss|p2a: Deoxys|p1a: Umbreon
|move|p1a: Umbreon|Moonlight|p1a: Umbreon
|-heal|p1a: Umbreon|91/100
|
|-damage|p1a: Umbreon|79/100|[from] Salt Cure
|upkeep
|turn|26
|
|t:|1760854405
|move|p2a: Deoxys|Tera Blast|p1a: Umbreon
|-damage|p1a: Umbreon|70/100
|move|p1a: Umbreon|Foul Play|p2a: Deoxys
|-supereffective|p2a: Deoxys
|-damage|p2a: Deoxys|94/100
|
|-damage|p1a: Umbreon|58/100|[from] Salt Cure
|upkeep
|turn|27
|
|t:|1760854416
|move|p2a: Deoxys|Tera Blast|p1a: Umbreon|[miss]
|-miss|p2a: Deoxys|p1a: Umbreon
|move|p1a: Umbreon|Tera Blast|p2a: Deoxys
|-damage|p2a: Deoxys|90/100
|
|-damage|p1a: Umbreon|45/100|[from] Salt Cure
|upkeep
|turn|28
|
|t:|1760854425
|move|p2a: Deoxys|Tera Blast|p1a: Umbreon
|-damage|p1a: Umbreon|35/100
|move|p1a: Umbreon|Foul Play|p2a: Deoxys
|-supereffective|p2a: Deoxys
|-damage|p2a: Deoxys|82/100
|
|-damage|p1a: Umbreon|23/100|[from] Salt Cure
|upkeep
|turn|29
|
|t:|1760854435
|move|p2a: Deoxys|Tera Blast|p1a: Umbreon
|-damage|p1a: Umbreon|14/100
|move|p1a: Umbreon|Foul Play|p2a: Deoxys
|-supereffective|p2a: Deoxys
|-damage|p2a: Deoxys|74/100
|
|-damage|p1a: Umbreon|2/100|[from] Salt Cure
|upkeep
|turn|30
|
|t:|1760854445
|move|p2a: Deoxys|Recover|p2a: Deoxys
|-heal|p2a: Deoxys|100/100
|move|p1a: Umbreon|Moonlight|p1a: Umbreon
|-heal|p1a: Umbreon|52/100
|
|-damage|p1a: Umbreon|39/100|[from] Salt Cure
|upkeep
|turn|31
|-message|Dansiger forfeited.
|
|win|Seiryaku
|raw|Dansiger's rating: 1175 &rarr; <strong>1149</strong><br />(-26 for losing)
|raw|Seiryaku's rating: 1162 &rarr; <strong>1188</strong><br />(+26 for winning)
|l|☆Dansiger
|player|p1|
|l|☆Seiryaku
|player|p2|
