|j|☆PenguinMLSJ
|j|☆Sakamotouno
|t:|1760725071
|gametype|singles
|player|p1|PenguinMLSJ|red-gen7|1534
|player|p2|Sakamotouno|drayden|1556
|gen|9
|tier|[Gen 9] OU
|rated|
|rule|HP Percentage Mod: HP is shown in percentages
|rule|Endless Battle Clause: Forcing endless battles is banned
|rule|Species Clause: Limit one of each Pokémon
|rule|OHKO Clause: OHKO moves are banned
|rule|Evasion Items Clause: Evasion items are banned
|rule|Evasion Moves Clause: Evasion moves are banned
|rule|Evasion Abilities Clause: Evasion abilities are banned
|rule|Sleep Moves Clause: Sleep-inducing moves are banned
|clearpoke
|poke|p1|Skeledirge, F|
|poke|p1|Garganacl, F|
|poke|p1|Kingambit, F|
|poke|p1|Clefable, M|
|poke|p1|Great Tusk|
|poke|p1|Iron Valiant|
|poke|p2|Tyranitar, F|
|poke|p2|Excadrill, M|
|poke|p2|Keldeo-Resolute|
|poke|p2|Garganacl, F|
|poke|p2|Pecharunt|
|poke|p2|Tornadus-Therian, M|
|teampreview
|inactive|Battle timer is ON: inactive players will automatically lose when time's up. (requested by Sakamotouno)
|inactive|PenguinMLSJ also wants the timer to be on.
|
|t:|1760725095
|teamsize|p1|6
|teamsize|p2|6
|start
|switch|p1a: Clefable|Clefable, M|100/100
|switch|p2a: Keldeo|Keldeo-Resolute|100/100
|turn|1
|
|t:|1760725098
|move|p2a: Keldeo|Surf|p1a: Clefable
|-damage|p1a: Clefable|57/100
|move|p1a: Clefable|Trick|p2a: Keldeo
|-activate|p1a: Clefable|move: Trick|[of] p2a: Keldeo
|-item|p2a: Keldeo|Sticky Barb|[from] move: Trick
|-item|p1a: Clefable|Choice Specs|[from] move: Trick
|
|-damage|p2a: Keldeo|88/100|[from] item: Sticky Barb
|upkeep
|turn|2
|
|t:|1760725106
|move|p2a: Keldeo|Flip Turn|p1a: Clefable
|-damage|p1a: Clefable|40/100
|
|t:|1760725110
|switch|p2a: Tyranitar|Tyranitar, F|100/100|[from] Flip Turn
|-weather|Sandstorm|[from] ability: Sand Stream|[of] p2a: Tyranitar
|move|p1a: Clefable|Trick|p2a: Tyranitar
|-activate|p1a: Clefable|move: Trick|[of] p2a: Tyranitar
|-item|p2a: Tyranitar|Choice Specs|[from] move: Trick
|-item|p1a: Clefable|Smooth Rock|[from] move: Trick
|
|-weather|Sandstorm|[upkeep]
|upkeep
|turn|3
|
|t:|1760725117
|move|p1a: Clefable|Wish|p1a: Clefable
|move|p2a: Tyranitar|Stealth Rock|p1a: Clefable
|-sidestart|p1: PenguinMLSJ|move: Stealth Rock
|
|-weather|Sandstorm|[upkeep]
|upkeep
|turn|4
|
|t:|1760725124
|switch|p2a: Excadrill|Excadrill, M|100/100
|-item|p2a: Excadrill|Air Balloon
|move|p1a: Clefable|Trick|p2a: Excadrill
|-activate|p1a: Clefable|move: Trick|[of] p2a: Excadrill
|-item|p2a: Excadrill|Smooth Rock|[from] move: Trick
|-item|p1a: Clefable|Air Balloon
|-item|p1a: Clefable|Air Balloon|[from] move: Trick
|
|-weather|Sandstorm|[upkeep]
|-heal|p1a: Clefable|90/100|[from] move: Wish|[wisher] Clefable
|upkeep
|turn|5
|
|t:|1760725132
|switch|p1a: Great Tusk|Great Tusk|100/100
|move|p2a: Excadrill|Swords Dance|p2a: Excadrill
|-boost|p2a: Excadrill|atk|2
|
|-weather|Sandstorm|[upkeep]
|upkeep
|turn|6
|
|t:|1760725139
|move|p2a: Excadrill|Iron Head|p1a: Great Tusk
|-damage|p1a: Great Tusk|63/100
|move|p1a: Great Tusk|Rapid Spin|p2a: Excadrill
|-resisted|p2a: Excadrill
|-damage|p2a: Excadrill|89/100
|-boost|p1a: Great Tusk|spe|1
|-sideend|p1: PenguinMLSJ|Stealth Rock|[from] move: Rapid Spin|[of] p1a: Great Tusk
|
|-weather|Sandstorm|[upkeep]
|upkeep
|turn|7
|
|t:|1760725149
|switch|p2a: Tornadus|Tornadus-Therian, M|100/100
|move|p1a: Great Tusk|Earthquake|p2a: Tornadus
|-immune|p2a: Tornadus
|
|-weather|Sandstorm|[upkeep]
|-damage|p2a: Tornadus|94/100|[from] Sandstorm
|upkeep
|turn|8
|
|t:|1760725163
|-end|p1a: Great Tusk|Protosynthesis|[silent]
|switch|p1a: Garganacl|Garganacl, F|100/100
|move|p2a: Tornadus|Bleakwind Storm|p1a: Garganacl|[miss]
|-miss|p2a: Tornadus|p1a: Garganacl
|
|-weather|Sandstorm|[upkeep]
|-damage|p2a: Tornadus|88/100|[from] Sandstorm
|upkeep
|turn|9
|
|t:|1760725178
|switch|p2a: Garganacl|Garganacl, F|100/100
|move|p1a: Garganacl|Salt Cure|p2a: Garganacl
|-damage|p2a: Garganacl|93/100
|-start|p2a: Garganacl|Salt Cure
|
|-weather|none
|-heal|p2a: Garganacl|99/100|[from] item: Leftovers
|-damage|p2a: Garganacl|87/100|[from] Salt Cure
|upkeep
|turn|10
|
|t:|1760725181
|switch|p1a: Clefable|Clefable, M|90/100
|-item|p1a: Clefable|Air Balloon
|move|p2a: Garganacl|Salt Cure|p1a: Clefable
|-damage|p1a: Clefable|76/100
|-start|p1a: Clefable|Salt Cure
|-enditem|p1a: Clefable|Air Balloon
|
|-heal|p2a: Garganacl|93/100|[from] item: Leftovers
|-damage|p2a: Garganacl|81/100|[from] Salt Cure
|upkeep
|turn|11
|
|t:|1760725190
|switch|p2a: Keldeo|Keldeo-Resolute|88/100
|move|p1a: Clefable|Moonblast|p2a: Keldeo
|-supereffective|p2a: Keldeo
|-damage|p2a: Keldeo|9/100
|
|-damage|p2a: Keldeo|0 fnt|[from] item: Sticky Barb
|faint|p2a: Keldeo
|upkeep
|
|t:|1760725196
|switch|p2a: Tyranitar|Tyranitar, F|100/100
|-weather|Sandstorm|[from] ability: Sand Stream|[of] p2a: Tyranitar
|turn|12
|
|t:|1760725205
|move|p1a: Clefable|Wish|p1a: Clefable
|move|p2a: Tyranitar|Thunder Wave|p1a: Clefable
|-status|p1a: Clefable|par
|
|-weather|Sandstorm|[upkeep]
|upkeep
|turn|13
|
|t:|1760725209
|switch|p2a: Excadrill|Excadrill, M|89/100
|switch|p1a: Great Tusk|Great Tusk|63/100
|
|-weather|Sandstorm|[upkeep]
|-heal|p1a: Great Tusk|100/100|[from] move: Wish|[wisher] Clefable
|upkeep
|turn|14
|
|t:|1760725213
|switch|p2a: Pecharunt|Pecharunt|100/100
|move|p1a: Great Tusk|Ice Spinner|p2a: Pecharunt
|-damage|p2a: Pecharunt|86/100
|
|-weather|Sandstorm|[upkeep]
|-damage|p2a: Pecharunt|80/100|[from] Sandstorm
|upkeep
|turn|15
|
|t:|1760725219
|-end|p1a: Great Tusk|Protosynthesis|[silent]
|switch|p1a: Kingambit|Kingambit, F|100/100
|move|p2a: Pecharunt|Parting Shot|p1a: Kingambit
|-unboost|p1a: Kingambit|atk|1
|-unboost|p1a: Kingambit|spa|1
|
|t:|1760725222
|switch|p2a: Excadrill|Excadrill, M|89/100|[from] Parting Shot
|
|-weather|Sandstorm|[upkeep]
|upkeep
|turn|16
|
|t:|1760725227
|-end|p1a: Kingambit|fallenundefined|[silent]
|switch|p1a: Great Tusk|Great Tusk|100/100
|move|p2a: Excadrill|Swords Dance|p2a: Excadrill
|-boost|p2a: Excadrill|atk|2
|
|-weather|none
|upkeep
|turn|17
|
|t:|1760725234
|switch|p2a: Pecharunt|Pecharunt|80/100
|move|p1a: Great Tusk|Body Press|p2a: Pecharunt
|-immune|p2a: Pecharunt
|
|upkeep
|turn|18
|
|t:|1760725239
|-end|p1a: Great Tusk|Protosynthesis|[silent]
|switch|p1a: Kingambit|Kingambit, F|100/100
|move|p2a: Pecharunt|Parting Shot|p1a: Kingambit
|-unboost|p1a: Kingambit|atk|1
|-unboost|p1a: Kingambit|spa|1
|
|t:|1760725244
|switch|p2a: Tornadus|Tornadus-Therian, M|100/100|[from] Parting Shot
|
|upkeep
|turn|19
|
|t:|1760725250
|-end|p1a: Kingambit|fallenundefined|[silent]
|switch|p1a: Clefable|Clefable, M|76/100 par
|move|p2a: Tornadus|Focus Blast|p1a: Clefable
|-resisted|p1a: Clefable
|-damage|p1a: Clefable|62/100 par
|
|upkeep
|turn|20
|
|t:|1760725254
|move|p2a: Tornadus|Nasty Plot|p2a: Tornadus
|-boost|p2a: Tornadus|spa|2
|move|p1a: Clefable|Wish|p1a: Clefable
|
|upkeep
|turn|21
|
|t:|1760725259
|switch|p1a: Garganacl|Garganacl, F|100/100
|move|p2a: Tornadus|Bleakwind Storm|p1a: Garganacl
|-resisted|p1a: Garganacl
|-damage|p1a: Garganacl|69/100
|
|-heal|p1a: Garganacl|100/100|[from] move: Wish|[wisher] Clefable
|upkeep
|turn|22
|
|t:|1760725265
|-terastallize|p1a: Garganacl|Water
|move|p2a: Tornadus|Focus Blast|p1a: Garganacl|[miss]
|-miss|p2a: Tornadus|p1a: Garganacl
|move|p1a: Garganacl|Salt Cure|p2a: Tornadus
|-supereffective|p2a: Tornadus
|-damage|p2a: Tornadus|64/100
|-start|p2a: Tornadus|Salt Cure
|
|-damage|p2a: Tornadus|52/100|[from] Salt Cure
|upkeep
|turn|23
|
|t:|1760725271
|move|p2a: Tornadus|Bleakwind Storm|p1a: Garganacl
|-damage|p1a: Garganacl|38/100
|-unboost|p1a: Garganacl|spe|1
|move|p1a: Garganacl|Salt Cure|p2a: Tornadus
|-supereffective|p2a: Tornadus
|-damage|p2a: Tornadus|13/100
|
|-heal|p1a: Garganacl|44/100|[from] item: Leftovers
|-damage|p2a: Tornadus|1/100|[from] Salt Cure
|upkeep
|turn|24
|
|t:|1760725279
|switch|p2a: Tyranitar|Tyranitar, F|100/100
|-weather|Sandstorm|[from] ability: Sand Stream|[of] p2a: Tyranitar
|move|p1a: Garganacl|Recover|p1a: Garganacl
|-heal|p1a: Garganacl|94/100
|
|-weather|Sandstorm|[upkeep]
|-damage|p1a: Garganacl|88/100|[from] Sandstorm
|-heal|p1a: Garganacl|94/100|[from] item: Leftovers
|upkeep
|turn|25
|
|t:|1760725286
|switch|p2a: Garganacl|Garganacl, F|81/100
|move|p1a: Garganacl|Block|p2a: Garganacl
|-activate|p2a: Garganacl|trapped
|
|-weather|Sandstorm|[upkeep]
|-damage|p1a: Garganacl|88/100|[from] Sandstorm
|-heal|p2a: Garganacl|87/100|[from] item: Leftovers
|-heal|p1a: Garganacl|94/100|[from] item: Leftovers
|upkeep
|turn|26
|
|t:|1760725291
|switch|p1a: Clefable|Clefable, M|62/100 par
|move|p2a: Garganacl|Curse|p2a: Garganacl
|-unboost|p2a: Garganacl|spe|1
|-boost|p2a: Garganacl|atk|1
|-boost|p2a: Garganacl|def|1
|
|-weather|Sandstorm|[upkeep]
|-heal|p2a: Garganacl|93/100|[from] item: Leftovers
|upkeep
|turn|27
|
|t:|1760725295
|move|p1a: Clefable|Trick|p2a: Garganacl
|-activate|p1a: Clefable|move: Trick|[of] p2a: Garganacl
|-enditem|p2a: Garganacl|Leftovers|[silent]|[from] move: Trick
|-item|p1a: Clefable|Leftovers|[from] move: Trick
|move|p2a: Garganacl|Curse|p2a: Garganacl
|-unboost|p2a: Garganacl|spe|1
|-boost|p2a: Garganacl|atk|1
|-boost|p2a: Garganacl|def|1
|
|-weather|Sandstorm|[upkeep]
|-heal|p1a: Clefable|68/100 par|[from] item: Leftovers
|upkeep
|turn|28
|
|t:|1760725307
|cant|p1a: Clefable|par
|move|p2a: Garganacl|Salt Cure|p1a: Clefable
|-damage|p1a: Clefable|39/100 par
|-start|p1a: Clefable|Salt Cure
|
|-weather|none
|-heal|p1a: Clefable|45/100 par|[from] item: Leftovers
|upkeep
|turn|29
|
|t:|1760725310
|cant|p1a: Clefable|par
|move|p2a: Garganacl|Curse|p2a: Garganacl
|-unboost|p2a: Garganacl|spe|1
|-boost|p2a: Garganacl|atk|1
|-boost|p2a: Garganacl|def|1
|
|-heal|p1a: Clefable|51/100 par|[from] item: Leftovers
|upkeep
|turn|30
|
|t:|1760725313
|move|p1a: Clefable|Moonblast|p2a: Garganacl
|-damage|p2a: Garganacl|65/100
|move|p2a: Garganacl|Earthquake|p1a: Clefable
|-damage|p1a: Clefable|0 fnt
|faint|p1a: Clefable
|
|upkeep
|
|t:|1760725327
|switch|p1a: Garganacl|Garganacl, F, tera:Water|94/100
|turn|31
|
|t:|1760725331
|move|p1a: Garganacl|Salt Cure|p2a: Garganacl
|-damage|p2a: Garganacl|62/100
|-start|p2a: Garganacl|Salt Cure
|move|p2a: Garganacl|Salt Cure|p1a: Garganacl
|-damage|p1a: Garganacl|72/100
|-start|p1a: Garganacl|Salt Cure
|
|-heal|p1a: Garganacl|78/100|[from] item: Leftovers
|-damage|p1a: Garganacl|54/100|[from] Salt Cure
|-damage|p2a: Garganacl|49/100|[from] Salt Cure
|upkeep
|turn|32
|
|t:|1760725334
|switch|p1a: Skeledirge|Skeledirge, F|100/100
|move|p2a: Garganacl|Recover|p2a: Garganacl
|-heal|p2a: Garganacl|99/100
|
|-damage|p2a: Garganacl|87/100|[from] Salt Cure
|upkeep
|turn|33
|
|t:|1760725337
|move|p1a: Skeledirge|Torch Song|p2a: Garganacl
|-resisted|p2a: Garganacl
|-damage|p2a: Garganacl|74/100
|-boost|p1a: Skeledirge|spa|1
|move|p2a: Garganacl|Salt Cure|p1a: Skeledirge
|-supereffective|p1a: Skeledirge
|-damage|p1a: Skeledirge|84/100
|-start|p1a: Skeledirge|Salt Cure
|
|-damage|p1a: Skeledirge|72/100|[from] Salt Cure
|-damage|p2a: Garganacl|61/100|[from] Salt Cure
|upkeep
|turn|34
|
|t:|1760725340
|move|p1a: Skeledirge|Slack Off|p1a: Skeledirge
|-heal|p1a: Skeledirge|100/100
|move|p2a: Garganacl|Earthquake|p1a: Skeledirge
|-supereffective|p1a: Skeledirge
|-damage|p1a: Skeledirge|73/100
|
|-damage|p1a: Skeledirge|61/100|[from] Salt Cure
|-damage|p2a: Garganacl|49/100|[from] Salt Cure
|upkeep
|turn|35
|
|t:|1760725343
|move|p1a: Skeledirge|Slack Off|p1a: Skeledirge
|-heal|p1a: Skeledirge|100/100
|move|p2a: Garganacl|Recover|p2a: Garganacl
|-heal|p2a: Garganacl|99/100
|
|-damage|p1a: Skeledirge|88/100|[from] Salt Cure
|-damage|p2a: Garganacl|86/100|[from] Salt Cure
|upkeep
|turn|36
|
|t:|1760725345
|move|p1a: Skeledirge|Torch Song|p2a: Garganacl
|-resisted|p2a: Garganacl
|-crit|p2a: Garganacl
|-damage|p2a: Garganacl|58/100
|-boost|p1a: Skeledirge|spa|1
|move|p2a: Garganacl|Earthquake|p1a: Skeledirge
|-supereffective|p1a: Skeledirge
|-damage|p1a: Skeledirge|61/100
|
|-damage|p1a: Skeledirge|48/100|[from] Salt Cure
|-damage|p2a: Garganacl|46/100|[from] Salt Cure
|upkeep
|turn|37
|
|t:|1760725349
|move|p1a: Skeledirge|Slack Off|p1a: Skeledirge
|-heal|p1a: Skeledirge|99/100
|move|p2a: Garganacl|Earthquake|p1a: Skeledirge
|-supereffective|p1a: Skeledirge
|-damage|p1a: Skeledirge|68/100
|
|-damage|p1a: Skeledirge|56/100|[from] Salt Cure
|-damage|p2a: Garganacl|33/100|[from] Salt Cure
|upkeep
|turn|38
|
|t:|1760725351
|move|p1a: Skeledirge|Slack Off|p1a: Skeledirge
|-heal|p1a: Skeledirge|100/100
|move|p2a: Garganacl|Earthquake|p1a: Skeledirge
|-supereffective|p1a: Skeledirge
|-damage|p1a: Skeledirge|72/100
|
|-damage|p1a: Skeledirge|60/100|[from] Salt Cure
|-damage|p2a: Garganacl|21/100|[from] Salt Cure
|upkeep
|turn|39
|
|t:|1760725354
|switch|p2a: Tyranitar|Tyranitar, F|100/100
|-weather|Sandstorm|[from] ability: Sand Stream|[of] p2a: Tyranitar
|move|p1a: Skeledirge|Alluring Voice|p2a: Tyranitar
|-supereffective|p2a: Tyranitar
|-damage|p2a: Tyranitar|71/100
|
|-weather|Sandstorm|[upkeep]
|-damage|p1a: Skeledirge|54/100|[from] Sandstorm
|-damage|p1a: Skeledirge|41/100|[from] Salt Cure
|upkeep
|turn|40
|
|t:|1760725359
|switch|p1a: Great Tusk|Great Tusk|100/100
|move|p2a: Tyranitar|Knock Off|p1a: Great Tusk
|-resisted|p1a: Great Tusk
|-damage|p1a: Great Tusk|91/100
|-enditem|p1a: Great Tusk|Heavy-Duty Boots|[from] move: Knock Off|[of] p2a: Tyranitar
|
|-weather|Sandstorm|[upkeep]
|upkeep
|turn|41
|
|t:|1760725365
|switch|p2a: Garganacl|Garganacl, F|21/100
|move|p1a: Great Tusk|Earthquake|p2a: Garganacl
|-supereffective|p2a: Garganacl
|-damage|p2a: Garganacl|0 fnt
|faint|p2a: Garganacl
|
|-weather|Sandstorm|[upkeep]
|upkeep
|
|t:|1760725368
|switch|p2a: Tornadus|Tornadus-Therian, M|34/100
|turn|42
|
|t:|1760725371
|move|p2a: Tornadus|Bleakwind Storm|p1a: Great Tusk
|-supereffective|p1a: Great Tusk
|-damage|p1a: Great Tusk|0 fnt
|faint|p1a: Great Tusk
|-end|p1a: Great Tusk|Protosynthesis|[silent]
|
|-weather|Sandstorm|[upkeep]
|-damage|p2a: Tornadus|28/100|[from] Sandstorm
|upkeep
|
|t:|1760725373
|switch|p1a: Iron Valiant|Iron Valiant|100/100
|turn|43
|
|t:|1760725377
|switch|p2a: Pecharunt|Pecharunt|80/100
|move|p1a: Iron Valiant|Trick|p2a: Pecharunt
|-activate|p1a: Iron Valiant|move: Trick|[of] p2a: Pecharunt
|-item|p2a: Pecharunt|Choice Scarf|[from] move: Trick
|-item|p1a: Iron Valiant|Heavy-Duty Boots|[from] move: Trick
|
|-weather|none
|upkeep
|turn|44
|
|t:|1760725388
|move|p2a: Pecharunt|Parting Shot|p1a: Iron Valiant
|-unboost|p1a: Iron Valiant|atk|1
|-unboost|p1a: Iron Valiant|spa|1
|
|t:|1760725390
|switch|p2a: Tyranitar|Tyranitar, F|71/100|[from] Parting Shot
|-weather|Sandstorm|[from] ability: Sand Stream|[of] p2a: Tyranitar
|move|p1a: Iron Valiant|Moonblast|p2a: Tyranitar
|-supereffective|p2a: Tyranitar
|-damage|p2a: Tyranitar|43/100
|
|-weather|Sandstorm|[upkeep]
|-damage|p1a: Iron Valiant|94/100|[from] Sandstorm
|upkeep
|turn|45
|
|t:|1760725394
|move|p1a: Iron Valiant|Close Combat|p2a: Tyranitar
|-supereffective|p2a: Tyranitar
|-damage|p2a: Tyranitar|0 fnt
|-unboost|p1a: Iron Valiant|def|1
|-unboost|p1a: Iron Valiant|spd|1
|faint|p2a: Tyranitar
|
|-weather|Sandstorm|[upkeep]
|-damage|p1a: Iron Valiant|88/100|[from] Sandstorm
|upkeep
|
|t:|1760725397
|switch|p2a: Excadrill|Excadrill, M|89/100
|turn|46
|
|t:|1760725405
|-end|p1a: Iron Valiant|Quark Drive|[silent]
|switch|p1a: Skeledirge|Skeledirge, F|41/100
|move|p2a: Excadrill|Earthquake|p1a: Skeledirge
|-supereffective|p1a: Skeledirge
|-damage|p1a: Skeledirge|0 fnt
|faint|p1a: Skeledirge
|
|-weather|Sandstorm|[upkeep]
|upkeep
|
|t:|1760725411
|switch|p1a: Iron Valiant|Iron Valiant|88/100
|turn|47
|
|t:|1760725415
|-end|p1a: Iron Valiant|Quark Drive|[silent]
|switch|p1a: Garganacl|Garganacl, F, tera:Water|54/100
|move|p2a: Excadrill|Iron Head|p1a: Garganacl
|-resisted|p1a: Garganacl
|-damage|p1a: Garganacl|38/100
|
|-weather|Sandstorm|[upkeep]
|-damage|p1a: Garganacl|32/100|[from] Sandstorm
|-heal|p1a: Garganacl|38/100|[from] item: Leftovers
|upkeep
|turn|48
|
|t:|1760725421
|move|p2a: Excadrill|Earthquake|p1a: Garganacl
|-damage|p1a: Garganacl|3/100
|move|p1a: Garganacl|Recover|p1a: Garganacl
|-heal|p1a: Garganacl|53/100
|
|-weather|none
|-heal|p1a: Garganacl|60/100|[from] item: Leftovers
|upkeep
|turn|49
|
|t:|1760725428
|switch|p2a: Pecharunt|Pecharunt|80/100
|move|p1a: Garganacl|Recover|p1a: Garganacl
|-heal|p1a: Garganacl|100/100
|
|upkeep
|turn|50
|
|t:|1760725432
|move|p2a: Pecharunt|Parting Shot|p1a: Garganacl
|-unboost|p1a: Garganacl|atk|1
|-unboost|p1a: Garganacl|spa|1
|
|t:|1760725435
|switch|p2a: Tornadus|Tornadus-Therian, M|61/100|[from] Parting Shot
|move|p1a: Garganacl|Block|p2a: Tornadus
|-activate|p2a: Tornadus|trapped
|
|upkeep
|turn|51
|
|t:|1760725441
|move|p2a: Tornadus|Nasty Plot|p2a: Tornadus
|-boost|p2a: Tornadus|spa|2
|move|p1a: Garganacl|Salt Cure|p2a: Tornadus
|-supereffective|p2a: Tornadus
|-damage|p2a: Tornadus|33/100
|-start|p2a: Tornadus|Salt Cure
|
|-damage|p2a: Tornadus|21/100|[from] Salt Cure
|upkeep
|turn|52
|
|t:|1760725445
|move|p2a: Tornadus|Bleakwind Storm|p1a: Garganacl|[miss]
|-miss|p2a: Tornadus|p1a: Garganacl
|move|p1a: Garganacl|Salt Cure|p2a: Tornadus
|-supereffective|p2a: Tornadus
|-damage|p2a: Tornadus|0 fnt
|faint|p2a: Tornadus
|
|upkeep
|
|t:|1760725446
|switch|p2a: Excadrill|Excadrill, M|89/100
|turn|53
|
|t:|1760725449
|-terastallize|p2a: Excadrill|Fire
|move|p2a: Excadrill|Swords Dance|p2a: Excadrill
|-boost|p2a: Excadrill|atk|2
|move|p1a: Garganacl|Salt Cure|p2a: Excadrill
|-supereffective|p2a: Excadrill
|-damage|p2a: Excadrill|61/100
|-start|p2a: Excadrill|Salt Cure
|
|-damage|p2a: Excadrill|49/100|[from] Salt Cure
|upkeep
|turn|54
|
|t:|1760725461
|switch|p1a: Iron Valiant|Iron Valiant|88/100
|move|p2a: Excadrill|Earthquake|p1a: Iron Valiant
|-damage|p1a: Iron Valiant|0 fnt
|faint|p1a: Iron Valiant
|-end|p1a: Iron Valiant|Quark Drive|[silent]
|
|-damage|p2a: Excadrill|36/100|[from] Salt Cure
|upkeep
|
|t:|1760725463
|switch|p1a: Kingambit|Kingambit, F|100/100
|-activate|p1a: Kingambit|ability: Supreme Overlord
|-start|p1a: Kingambit|fallen4|[silent]
|turn|55
|
|t:|1760725469
|move|p1a: Kingambit|Sucker Punch|p2a: Excadrill
|-damage|p2a: Excadrill|0 fnt
|faint|p2a: Excadrill
|
|upkeep
|
|t:|1760725470
|switch|p2a: Pecharunt|Pecharunt|80/100
|turn|56
|-message|Sakamotouno forfeited.
|
|win|PenguinMLSJ
|raw|PenguinMLSJ's rating: 1534 &rarr; <strong>1555</strong><br />(+21 for winning)
|raw|Sakamotouno's rating: 1556 &rarr; <strong>1535</strong><br />(-21 for losing)
|l|☆Sakamotouno
|player|p2|
|c|☆PenguinMLSJ|ggs
|l|☆PenguinMLSJ
|player|p1|
