|j|☆MewEnRage
|j|☆asapbunny
|t:|1760803983
|gametype|singles
|player|p1|MewEnRage|pokemaniac|1412
|player|p2|asapbunny|169|1496
|gen|9
|tier|[Gen 9] OU
|rated|
|rule|HP Percentage Mod: HP is shown in percentages
|rule|Endless Battle Clause: Forcing endless battles is banned
|rule|Species Clause: Limit one of each Pokémon
|rule|OHKO Clause: OHKO moves are banned
|rule|Evasion Items Clause: Evasion items are banned
|rule|Evasion Moves Clause: Evasion moves are banned
|rule|Evasion Abilities Clause: Evasion abilities are banned
|rule|Sleep Moves Clause: Sleep-inducing moves are banned
|clearpoke
|poke|p1|Oricorio, F|
|poke|p1|Landorus-Therian, M|
|poke|p1|Primarina, F|
|poke|p1|Great Tusk|
|poke|p1|Iron Crown|
|poke|p1|Staraptor, F|
|poke|p2|Ursaluna, F|
|poke|p2|Slowking, M|
|poke|p2|Cinderace, F|
|poke|p2|Gholdengo|
|poke|p2|Dragapult, M|
|poke|p2|Blaziken, F|
|teampreview
|
|t:|1760803998
|teamsize|p1|6
|teamsize|p2|6
|start
|switch|p1a: Landorus|Landorus-Therian, M|100/100
|switch|p2a: Dragapult|Dragapult, M|100/100
|-ability|p1a: Landorus|Intimidate|boost
|-fail|p2a: Dragapult|unboost|[from] ability: Clear Body|[of] p2a: Dragapult
|turn|1
|c|☆MewEnRage|gl hf
|
|t:|1760804008
|switch|p1a: Primarina|Primarina, F|100/100
|move|p2a: Dragapult|Dragon Darts|p1a: Primarina
|-immune|p1a: Primarina
|
|upkeep
|turn|2
|
|t:|1760804011
|switch|p2a: Slowking|Slowking, M|100/100
|move|p1a: Primarina|Moonblast|p2a: Slowking
|-damage|p2a: Slowking|62/100
|
|upkeep
|turn|3
|
|t:|1760804014
|move|p1a: Primarina|Flip Turn|p2a: Slowking
|-resisted|p2a: Slowking
|-damage|p2a: Slowking|56/100
|
|t:|1760804019
|switch|p1a: Iron Crown|Iron Crown|100/100|[from] Flip Turn
|-prepare|p2a: Slowking|Chilly Reception|[premajor]
|move|p2a: Slowking|Chilly Reception|p2a: Slowking
|-weather|Snowscape
|
|t:|1760804023
|switch|p2a: Blaziken|Blaziken, F|100/100|[from] Chilly Reception
|
|-weather|Snowscape|[upkeep]
|upkeep
|turn|4
|
|t:|1760804034
|-end|p1a: Iron Crown|Quark Drive|[silent]
|switch|p1a: Landorus|Landorus-Therian, M|100/100
|-ability|p1a: Landorus|Intimidate|boost
|-unboost|p2a: Blaziken|atk|1
|switch|p2a: Ursaluna|Ursaluna, F|100/100
|
|-weather|Snowscape|[upkeep]
|-status|p2a: Ursaluna|brn|[from] item: Flame Orb
|upkeep
|turn|5
|
|t:|1760804045
|-terastallize|p2a: Ursaluna|Normal
|move|p1a: Landorus|U-turn|p2a: Ursaluna
|-damage|p2a: Ursaluna|84/100 brn
|
|t:|1760804054
|switch|p1a: Iron Crown|Iron Crown|100/100|[from] U-turn
|move|p2a: Ursaluna|Facade|p1a: Iron Crown
|-resisted|p1a: Iron Crown
|-damage|p1a: Iron Crown|16/100
|
|-weather|Snowscape|[upkeep]
|-damage|p2a: Ursaluna|78/100 brn|[from] brn
|upkeep
|turn|6
|
|t:|1760804069
|switch|p2a: Gholdengo|Gholdengo|100/100
|move|p1a: Iron Crown|Focus Blast|p2a: Gholdengo
|-immune|p2a: Gholdengo
|
|-weather|Snowscape|[upkeep]
|upkeep
|turn|7
|
|t:|1760804083
|switch|p2a: Slowking|Slowking, M|89/100
|move|p1a: Iron Crown|Volt Switch|p2a: Slowking
|-supereffective|p2a: Slowking
|-damage|p2a: Slowking|53/100
|
|t:|1760804089
|-end|p1a: Iron Crown|Quark Drive|[silent]
|switch|p1a: Staraptor|Staraptor, F|100/100|[from] Volt Switch
|
|-weather|none
|upkeep
|turn|8
|
|t:|1760804097
|move|p1a: Staraptor|U-turn|p2a: Slowking
|-supereffective|p2a: Slowking
|-damage|p2a: Slowking|0 fnt
|faint|p2a: Slowking
|
|t:|1760804107
|switch|p1a: Primarina|Primarina, F|100/100|[from] U-turn
|
|upkeep
|c|☆asapbunny|OH
|c|☆asapbunny|THATS SOME DAMAGE
|c|☆MewEnRage|oh yeaaah he hit's hard
|
|t:|1760804130
|switch|p2a: Ursaluna|Ursaluna, F, tera:Normal|78/100 brn
|turn|9
|
|t:|1760804132
|move|p1a: Primarina|Surf|p2a: Ursaluna
|-damage|p2a: Ursaluna|35/100 brn
|move|p2a: Ursaluna|Facade|p1a: Primarina
|-damage|p1a: Primarina|0 fnt
|faint|p1a: Primarina
|
|-damage|p2a: Ursaluna|29/100 brn|[from] brn
|upkeep
|
|t:|1760804136
|switch|p1a: Staraptor|Staraptor, F|100/100
|turn|10
|
|t:|1760804142
|switch|p2a: Gholdengo|Gholdengo|100/100
|move|p1a: Staraptor|Brave Bird|p2a: Gholdengo
|-resisted|p2a: Gholdengo
|-crit|p2a: Gholdengo
|-damage|p2a: Gholdengo|21/100
|-damage|p1a: Staraptor|69/100|[from] Recoil
|
|upkeep
|turn|11
|
|t:|1760804149
|move|p1a: Staraptor|Brave Bird|p2a: Gholdengo
|-resisted|p2a: Gholdengo
|-damage|p2a: Gholdengo|0 fnt
|faint|p2a: Gholdengo
|-damage|p1a: Staraptor|60/100|[from] Recoil
|
|upkeep
|
|t:|1760804152
|switch|p2a: Dragapult|Dragapult, M|100/100
|turn|12
|
|t:|1760804157
|switch|p1a: Iron Crown|Iron Crown|16/100
|move|p2a: Dragapult|Dragon Darts|p1a: Iron Crown
|-resisted|p1a: Iron Crown
|-crit|p1a: Iron Crown
|-damage|p1a: Iron Crown|0 fnt
|faint|p1a: Iron Crown
|-end|p1a: Iron Crown|Quark Drive|[silent]
|
|upkeep
|
|t:|1760804161
|switch|p1a: Great Tusk|Great Tusk|100/100
|-enditem|p1a: Great Tusk|Booster Energy
|-activate|p1a: Great Tusk|ability: Protosynthesis|[fromitem]
|-start|p1a: Great Tusk|protosynthesisspe
|turn|13
|
|t:|1760804178
|switch|p2a: Ursaluna|Ursaluna, F, tera:Normal|29/100 brn
|move|p1a: Great Tusk|Bulk Up|p1a: Great Tusk
|-boost|p1a: Great Tusk|atk|1
|-boost|p1a: Great Tusk|def|1
|
|-damage|p2a: Ursaluna|23/100 brn|[from] brn
|upkeep
|turn|14
|
|t:|1760804188
|move|p1a: Great Tusk|Bulk Up|p1a: Great Tusk
|-boost|p1a: Great Tusk|atk|1
|-boost|p1a: Great Tusk|def|1
|move|p2a: Ursaluna|Facade|p1a: Great Tusk
|-damage|p1a: Great Tusk|48/100
|
|-damage|p2a: Ursaluna|17/100 brn|[from] brn
|upkeep
|turn|15
|
|t:|1760804195
|switch|p2a: Dragapult|Dragapult, M|100/100
|move|p1a: Great Tusk|Rapid Spin|p2a: Dragapult
|-immune|p2a: Dragapult
|
|upkeep
|turn|16
|
|t:|1760804199
|move|p1a: Great Tusk|Ice Spinner|p2a: Dragapult
|-supereffective|p2a: Dragapult
|-damage|p2a: Dragapult|0 fnt
|faint|p2a: Dragapult
|
|upkeep
|
|t:|1760804203
|switch|p2a: Blaziken|Blaziken, F|100/100
|turn|17
|
|t:|1760804206
|move|p2a: Blaziken|Protect|p2a: Blaziken
|-singleturn|p2a: Blaziken|Protect
|move|p1a: Great Tusk|Headlong Rush|p2a: Blaziken
|-activate|p2a: Blaziken|move: Protect
|
|-ability|p2a: Blaziken|Speed Boost|boost
|-boost|p2a: Blaziken|spe|1
|upkeep
|turn|18
|
|t:|1760804210
|move|p1a: Great Tusk|Headlong Rush|p2a: Blaziken
|-supereffective|p2a: Blaziken
|-damage|p2a: Blaziken|0 fnt
|-unboost|p1a: Great Tusk|def|1
|-unboost|p1a: Great Tusk|spd|1
|faint|p2a: Blaziken
|
|upkeep
|c|☆asapbunny|yeah gg
|c|☆MewEnRage|gg
|c|☆asapbunny|didnt expect slowkinng to die lol
|-message|asapbunny forfeited.
|
|win|MewEnRage
|raw|MewEnRage's rating: 1412 &rarr; <strong>1437</strong><br />(+25 for winning)
|raw|asapbunny's rating: 1496 &rarr; <strong>1471</strong><br />(-25 for losing)
|l|☆asapbunny
|player|p2|
|l|☆MewEnRage
|player|p1|
