|j|☆Akiovo
|j|☆Mithyk Noob
|t:|1760866622
|gametype|singles
|player|p1|Akiovo|1|1222
|player|p2|Mithyk Noob|gentleman-gen4|1169
|gen|9
|tier|[Gen 9] OU
|rated|
|rule|HP Percentage Mod: HP is shown in percentages
|rule|Endless Battle Clause: Forcing endless battles is banned
|rule|Species Clause: Limit one of each Pokémon
|rule|OHKO Clause: OHKO moves are banned
|rule|Evasion Items Clause: Evasion items are banned
|rule|Evasion Moves Clause: Evasion moves are banned
|rule|Evasion Abilities Clause: Evasion abilities are banned
|rule|Sleep Moves Clause: Sleep-inducing moves are banned
|clearpoke
|poke|p1|Dragonite, M|
|poke|p1|Hatterene, F|
|poke|p1|Great Tusk|
|poke|p1|Ceruledge, M|
|poke|p1|Ting-Lu|
|poke|p1|Kyurem|
|poke|p2|Ursaring, M|
|poke|p2|Dusknoir, M|
|poke|p2|Iron Treads|
|poke|p2|Cinderace, F|
|poke|p2|Dondozo, M|
|poke|p2|Blissey, F|
|teampreview
|
|t:|1760866635
|teamsize|p1|6
|teamsize|p2|6
|start
|switch|p1a: Ting-Lu|Ting-Lu|100/100
|switch|p2a: Iron Treads|Iron Treads|100/100
|-ability|p1a: Ting-Lu|Vessel of Ruin
|turn|1
|
|t:|1760866645
|switch|p1a: Hatterene|Hatterene, F|100/100
|move|p2a: Iron Treads|Earthquake|p1a: Hatterene
|-damage|p1a: Hatterene|65/100
|
|upkeep
|turn|2
|
|t:|1760866652
|move|p2a: Iron Treads|Volt Switch|p1a: Hatterene
|-damage|p1a: Hatterene|57/100
|
|t:|1760866660
|-end|p2a: Iron Treads|Quark Drive|[silent]
|switch|p2a: Dusknoir|Dusknoir, M|100/100|[from] Volt Switch
|-ability|p2a: Dusknoir|Pressure
|move|p1a: Hatterene|Nuzzle|p2a: Dusknoir
|-damage|p2a: Dusknoir|97/100
|-status|p2a: Dusknoir|par
|
|upkeep
|turn|3
|
|t:|1760866672
|switch|p1a: Ting-Lu|Ting-Lu|100/100
|-ability|p1a: Ting-Lu|Vessel of Ruin
|move|p2a: Dusknoir|Poltergeist|p1a: Ting-Lu
|-activate|p1a: Ting-Lu|move: Poltergeist|Leftovers
|-resisted|p1a: Ting-Lu
|-damage|p1a: Ting-Lu|88/100
|
|-heal|p1a: Ting-Lu|94/100|[from] item: Leftovers
|upkeep
|turn|4
|
|t:|1760866689
|switch|p2a: Iron Treads|Iron Treads|100/100
|move|p1a: Ting-Lu|Stealth Rock|p2a: Iron Treads
|-sidestart|p2: Mithyk Noob|move: Stealth Rock
|
|-heal|p1a: Ting-Lu|99/100|[from] item: Leftovers
|upkeep
|turn|5
|
|t:|1760866707
|move|p2a: Iron Treads|Rapid Spin|p1a: Ting-Lu
|-damage|p1a: Ting-Lu|93/100
|-boost|p2a: Iron Treads|spe|1
|-sideend|p2: Mithyk Noob|Stealth Rock|[from] move: Rapid Spin|[of] p2a: Iron Treads
|move|p1a: Ting-Lu|Earthquake|p2a: Iron Treads
|-supereffective|p2a: Iron Treads
|-damage|p2a: Iron Treads|55/100
|
|-heal|p1a: Ting-Lu|99/100|[from] item: Leftovers
|upkeep
|turn|6
|
|t:|1760866722
|switch|p1a: Dragonite|Dragonite, M|100/100
|move|p2a: Iron Treads|Earthquake|p1a: Dragonite
|-immune|p1a: Dragonite
|
|upkeep
|turn|7
|
|t:|1760866732
|move|p2a: Iron Treads|Volt Switch|p1a: Dragonite
|-damage|p1a: Dragonite|95/100
|
|t:|1760866738
|-end|p2a: Iron Treads|Quark Drive|[silent]
|switch|p2a: Ursaring|Ursaring, M|100/100|[from] Volt Switch
|move|p1a: Dragonite|Earthquake|p2a: Ursaring
|-damage|p2a: Ursaring|20/100
|
|-status|p2a: Ursaring|brn|[from] item: Flame Orb
|upkeep
|turn|8
|
|t:|1760866746
|-terastallize|p2a: Ursaring|Normal
|move|p2a: Ursaring|Facade|p1a: Dragonite
|-damage|p1a: Dragonite|0 fnt
|faint|p1a: Dragonite
|
|-damage|p2a: Ursaring|14/100 brn|[from] brn
|upkeep
|
|t:|1760866755
|switch|p1a: Ceruledge|Ceruledge, M|100/100
|turn|9
|
|t:|1760866758
|move|p1a: Ceruledge|Shadow Sneak|p2a: Ursaring
|-immune|p2a: Ursaring
|move|p2a: Ursaring|Earthquake|p1a: Ceruledge
|-supereffective|p1a: Ceruledge
|-damage|p1a: Ceruledge|52/100
|-ability|p1a: Ceruledge|Weak Armor|boost
|-unboost|p1a: Ceruledge|def|1
|-boost|p1a: Ceruledge|spe|2
|
|-damage|p2a: Ursaring|8/100 brn|[from] brn
|upkeep
|turn|10
|
|t:|1760866769
|switch|p2a: Dondozo|Dondozo, M|100/100
|move|p1a: Ceruledge|Bitter Blade|p2a: Dondozo
|-resisted|p2a: Dondozo
|-crit|p2a: Dondozo
|-damage|p2a: Dondozo|82/100
|-heal|p1a: Ceruledge|68/100|[from] drain|[of] p2a: Dondozo
|
|-heal|p2a: Dondozo|88/100|[from] item: Leftovers
|upkeep
|turn|11
|
|t:|1760866781
|switch|p1a: Ting-Lu|Ting-Lu|99/100
|-ability|p1a: Ting-Lu|Vessel of Ruin
|move|p2a: Dondozo|Aqua Tail|p1a: Ting-Lu
|-supereffective|p1a: Ting-Lu
|-damage|p1a: Ting-Lu|62/100
|
|-heal|p1a: Ting-Lu|68/100|[from] item: Leftovers
|-heal|p2a: Dondozo|94/100|[from] item: Leftovers
|upkeep
|turn|12
|
|t:|1760866790
|move|p1a: Ting-Lu|Stealth Rock|p2a: Dondozo
|-sidestart|p2: Mithyk Noob|move: Stealth Rock
|move|p2a: Dondozo|Curse|p2a: Dondozo
|-unboost|p2a: Dondozo|spe|1
|-boost|p2a: Dondozo|atk|1
|-boost|p2a: Dondozo|def|1
|
|-heal|p1a: Ting-Lu|74/100|[from] item: Leftovers
|-heal|p2a: Dondozo|99/100|[from] item: Leftovers
|upkeep
|turn|13
|
|t:|1760866798
|move|p2a: Dondozo|Curse|p2a: Dondozo
|-unboost|p2a: Dondozo|spe|1
|-boost|p2a: Dondozo|atk|1
|-boost|p2a: Dondozo|def|1
|move|p1a: Ting-Lu|Whirlwind|p2a: Dondozo
|drag|p2a: Dusknoir|Dusknoir, M|97/100 par
|-damage|p2a: Dusknoir|85/100 par|[from] Stealth Rock
|-ability|p2a: Dusknoir|Pressure
|
|-heal|p1a: Ting-Lu|80/100|[from] item: Leftovers
|upkeep
|turn|14
|
|t:|1760866808
|move|p1a: Ting-Lu|Earthquake|p2a: Dusknoir
|-damage|p2a: Dusknoir|50/100 par
|move|p2a: Dusknoir|Ice Punch|p1a: Ting-Lu
|-supereffective|p1a: Ting-Lu
|-damage|p1a: Ting-Lu|55/100
|
|-heal|p1a: Ting-Lu|61/100|[from] item: Leftovers
|upkeep
|turn|15
|
|t:|1760866820
|switch|p1a: Hatterene|Hatterene, F|57/100
|move|p2a: Dusknoir|Ice Punch|p1a: Hatterene
|-damage|p1a: Hatterene|33/100
|
|upkeep
|turn|16
|
|t:|1760866825
|move|p2a: Dusknoir|Shadow Sneak|p1a: Hatterene
|-supereffective|p1a: Hatterene
|-damage|p1a: Hatterene|0 fnt
|faint|p1a: Hatterene
|
|upkeep
|
|t:|1760866832
|switch|p1a: Great Tusk|Great Tusk|100/100
|turn|17
|
|t:|1760866836
|move|p2a: Dusknoir|Shadow Sneak|p1a: Great Tusk
|-damage|p1a: Great Tusk|87/100
|move|p1a: Great Tusk|Ice Spinner|p2a: Dusknoir
|-damage|p2a: Dusknoir|24/100 par
|
|upkeep
|turn|18
|
|t:|1760866842
|cant|p2a: Dusknoir|par
|move|p1a: Great Tusk|Ice Spinner|p2a: Dusknoir
|-damage|p2a: Dusknoir|0 fnt
|faint|p2a: Dusknoir
|
|upkeep
|
|t:|1760866849
|switch|p2a: Iron Treads|Iron Treads|55/100
|turn|19
|
|t:|1760866855
|move|p1a: Great Tusk|Headlong Rush|p2a: Iron Treads
|-supereffective|p2a: Iron Treads
|-damage|p2a: Iron Treads|0 fnt
|-unboost|p1a: Great Tusk|def|1
|-unboost|p1a: Great Tusk|spd|1
|faint|p2a: Iron Treads
|-end|p2a: Iron Treads|Quark Drive|[silent]
|
|upkeep
|
|t:|1760866857
|switch|p2a: Cinderace|Cinderace, F|100/100
|turn|20
|
|t:|1760866869
|move|p2a: Cinderace|High Jump Kick|p1a: Great Tusk
|-start|p2a: Cinderace|typechange|Fighting|[from] ability: Libero
|-crit|p1a: Great Tusk
|-damage|p1a: Great Tusk|0 fnt
|faint|p1a: Great Tusk
|-end|p1a: Great Tusk|Protosynthesis|[silent]
|
|upkeep
|
|t:|1760866885
|switch|p1a: Kyurem|Kyurem|100/100
|-ability|p1a: Kyurem|Pressure
|turn|21
|inactive|Battle timer is ON: inactive players will automatically lose when time's up. (requested by Mithyk Noob)
|
|t:|1760866900
|-terastallize|p1a: Kyurem|Fire
|move|p2a: Cinderace|High Jump Kick|p1a: Kyurem|[miss]
|-miss|p2a: Cinderace|p1a: Kyurem
|-damage|p2a: Cinderace|51/100|[from] highjumpkick
|move|p1a: Kyurem|Dragon Dance|p1a: Kyurem
|-boost|p1a: Kyurem|atk|1
|-boost|p1a: Kyurem|spe|1
|
|upkeep
|turn|22
|
|t:|1760866909
|move|p1a: Kyurem|Icicle Spear|p2a: Cinderace
|-damage|p2a: Cinderace|24/100
|-damage|p2a: Cinderace|0 fnt
|faint|p2a: Cinderace
|-hitcount|p2: Cinderace|2
|
|upkeep
|
|t:|1760866918
|switch|p2a: Ursaring|Ursaring, M, tera:Normal|8/100 brn
|-damage|p2a: Ursaring|0 fnt|[from] Stealth Rock
|faint|p2a: Ursaring
|
|t:|1760866920
|switch|p2a: Blissey|Blissey, F|100/100
|-damage|p2a: Blissey|88/100|[from] Stealth Rock
|turn|23
|
|t:|1760866925
|move|p1a: Kyurem|Dragon Dance|p1a: Kyurem
|-boost|p1a: Kyurem|atk|1
|-boost|p1a: Kyurem|spe|1
|move|p2a: Blissey|Thunder Wave|p1a: Kyurem
|-status|p1a: Kyurem|par
|
|-heal|p2a: Blissey|94/100|[from] item: Leftovers
|upkeep
|turn|24
|
|t:|1760866933
|move|p1a: Kyurem|Icicle Spear|p2a: Blissey
|-damage|p2a: Blissey|73/100
|-damage|p2a: Blissey|51/100
|-damage|p2a: Blissey|27/100
|-damage|p2a: Blissey|6/100
|-hitcount|p2a: Blissey|4
|move|p2a: Blissey|Seismic Toss|p1a: Kyurem
|-damage|p1a: Kyurem|75/100 par
|
|-heal|p2a: Blissey|12/100|[from] item: Leftovers
|upkeep
|turn|25
|-message|Mithyk Noob forfeited.
|
|win|Akiovo
|raw|Akiovo's rating: 1222 &rarr; <strong>1243</strong><br />(+21 for winning)
|raw|Mithyk Noob's rating: 1169 &rarr; <strong>1148</strong><br />(-21 for losing)
|l|☆Mithyk Noob
|player|p2|
|l|☆Akiovo
|player|p1|
