|j|☆FittedCrib05
|j|☆KevinHaHa
|t:|1760824864
|gametype|singles
|player|p1|FittedCrib05|wallace|1331
|player|p2|KevinHaHa|lucas|1303
|gen|9
|tier|[Gen 9] OU
|rated|
|rule|HP Percentage Mod: HP is shown in percentages
|rule|Endless Battle Clause: Forcing endless battles is banned
|rule|Species Clause: Limit one of each Pokémon
|rule|OHKO Clause: OHKO moves are banned
|rule|Evasion Items Clause: Evasion items are banned
|rule|Evasion Moves Clause: Evasion moves are banned
|rule|Evasion Abilities Clause: Evasion abilities are banned
|rule|Sleep Moves Clause: Sleep-inducing moves are banned
|clearpoke
|poke|p1|Suicune|
|poke|p1|Weavile, M|
|poke|p1|Walking Wake|
|poke|p1|Shaymin|
|poke|p1|Cinderace, F|
|poke|p1|Gliscor, M|
|poke|p2|Ninetales-Alola, F|
|poke|p2|Araquanid, F|
|poke|p2|Great Tusk|
|poke|p2|Iron Hands|
|poke|p2|Kommo-o, F|
|poke|p2|Zamazenta-*|
|teampreview
|
|t:|1760824880
|teamsize|p1|6
|teamsize|p2|6
|start
|switch|p1a: Main course|Suicune|100/100
|switch|p2a: Iron Hands|Iron Hands|100/100
|-ability|p1a: Main course|Pressure
|-enditem|p2a: Iron Hands|Booster Energy
|-activate|p2a: Iron Hands|ability: Quark Drive|[fromitem]
|-start|p2a: Iron Hands|quarkdriveatk
|turn|1
|
|t:|1760824888
|switch|p1a: Shaymin|Shaymin, shiny|100/100
|move|p2a: Iron Hands|Swords Dance|p2a: Iron Hands
|-boost|p2a: Iron Hands|atk|2
|
|upkeep
|turn|2
|
|t:|1760824893
|move|p1a: Shaymin|Leech Seed|p2a: Iron Hands
|-start|p2a: Iron Hands|move: Leech Seed
|move|p2a: Iron Hands|Ice Punch|p1a: Shaymin
|-supereffective|p1a: Shaymin
|-damage|p1a: Shaymin|0 fnt
|-damage|p2a: Iron Hands|84/100|[from] item: Rocky Helmet|[of] p1a: Shaymin
|faint|p1a: Shaymin
|
|upkeep
|
|t:|1760824898
|switch|p1a: Main course|Suicune|100/100
|-ability|p1a: Main course|Pressure
|turn|3
|
|t:|1760824902
|move|p1a: Main course|Substitute|p1a: Main course
|-start|p1a: Main course|Substitute
|-damage|p1a: Main course|75/100
|move|p2a: Iron Hands|Thunder Punch|p1a: Main course
|-supereffective|p1a: Main course
|-end|p1a: Main course|Substitute
|
|-heal|p1a: Main course|82/100|[from] item: Leftovers
|-damage|p2a: Iron Hands|72/100|[from] Leech Seed|[of] p1a: Main course
|-heal|p1a: Main course|96/100|[silent]
|upkeep
|turn|4
|
|t:|1760824914
|-end|p2a: Iron Hands|Quark Drive|[silent]
|switch|p2a: Ninetales|Ninetales-Alola, F, shiny|100/100
|-weather|Snowscape|[from] ability: Snow Warning|[of] p2a: Ninetales
|move|p1a: Main course|Substitute|p1a: Main course
|-start|p1a: Main course|Substitute
|-damage|p1a: Main course|71/100
|
|-weather|Snowscape|[upkeep]
|-heal|p1a: Main course|77/100|[from] item: Leftovers
|upkeep
|turn|5
|
|t:|1760824923
|move|p2a: Ninetales|Encore|p1a: Main course
|-start|p1a: Main course|Encore
|move|p1a: Main course|Substitute|p1a: Main course
|-fail|p1a: Main course|move: Substitute
|
|-weather|Snowscape|[upkeep]
|-heal|p1a: Main course|83/100|[from] item: Leftovers
|upkeep
|turn|6
|
|t:|1760824929
|switch|p1a: Cinderace|Cinderace, F|100/100
|move|p2a: Ninetales|Aurora Veil|p2a: Ninetales
|-sidestart|p2: KevinHaHa|move: Aurora Veil
|
|-weather|Snowscape|[upkeep]
|upkeep
|turn|7
|
|t:|1760824934
|move|p1a: Cinderace|Court Change|p1a: Cinderace
|-start|p1a: Cinderace|typechange|Normal|[from] ability: Libero
|-swapsideconditions
|-activate|p1a: Cinderace|move: Court Change
|move|p2a: Ninetales|Aurora Veil|p2a: Ninetales
|-sidestart|p2: KevinHaHa|move: Aurora Veil
|
|-weather|Snowscape|[upkeep]
|upkeep
|turn|8
|
|t:|1760824946
|switch|p2a: Kommo-o|Kommo-o, F, shiny|100/100
|move|p1a: Cinderace|U-turn|p2a: Kommo-o
|-resisted|p2a: Kommo-o
|-damage|p2a: Kommo-o|96/100
|
|t:|1760824948
|switch|p1a: Gliscor|Gliscor, M|100/100|[from] U-turn
|
|-weather|none
|-heal|p2a: Kommo-o|100/100|[from] item: Leftovers
|-status|p1a: Gliscor|tox|[from] item: Toxic Orb
|upkeep
|turn|9
|
|t:|1760824958
|switch|p2a: Great Tusk|Great Tusk|100/100
|-enditem|p2a: Great Tusk|Booster Energy
|-activate|p2a: Great Tusk|ability: Protosynthesis|[fromitem]
|-start|p2a: Great Tusk|protosynthesisspe
|move|p1a: Gliscor|Toxic|p2a: Great Tusk
|-status|p2a: Great Tusk|tox
|
|-damage|p2a: Great Tusk|94/100 tox|[from] psn
|upkeep
|turn|10
|
|t:|1760824975
|switch|p1a: Walking Wake|Walking Wake|100/100
|move|p2a: Great Tusk|Bulk Up|p2a: Great Tusk
|-boost|p2a: Great Tusk|atk|1
|-boost|p2a: Great Tusk|def|1
|
|-damage|p2a: Great Tusk|82/100 tox|[from] psn
|upkeep
|turn|11
|
|t:|1760824985
|-end|p2a: Great Tusk|Protosynthesis|[silent]
|switch|p2a: Kommo-o|Kommo-o, F, shiny|100/100
|move|p1a: Walking Wake|Scald|p2a: Kommo-o
|-resisted|p2a: Kommo-o
|-damage|p2a: Kommo-o|93/100
|-status|p2a: Kommo-o|brn
|
|-heal|p2a: Kommo-o|99/100 brn|[from] item: Leftovers
|-damage|p2a: Kommo-o|93/100 brn|[from] brn
|upkeep
|turn|12
|
|t:|1760824994
|-end|p1a: Walking Wake|Protosynthesis|[silent]
|switch|p1a: Main course|Suicune|83/100
|-ability|p1a: Main course|Pressure
|move|p2a: Kommo-o|Clangorous Soul|p2a: Kommo-o
|-boost|p2a: Kommo-o|atk|1
|-boost|p2a: Kommo-o|def|1
|-boost|p2a: Kommo-o|spa|1
|-boost|p2a: Kommo-o|spd|1
|-boost|p2a: Kommo-o|spe|1
|-damage|p2a: Kommo-o|60/100 brn
|
|-heal|p2a: Kommo-o|66/100 brn|[from] item: Leftovers
|-heal|p1a: Main course|89/100|[from] item: Leftovers
|-damage|p2a: Kommo-o|60/100 brn|[from] brn
|upkeep
|turn|13
|
|t:|1760825006
|move|p2a: Kommo-o|Clangorous Soul|p2a: Kommo-o
|-boost|p2a: Kommo-o|atk|1
|-boost|p2a: Kommo-o|def|1
|-boost|p2a: Kommo-o|spa|1
|-boost|p2a: Kommo-o|spd|1
|-boost|p2a: Kommo-o|spe|1
|-damage|p2a: Kommo-o|27/100 brn
|move|p1a: Main course|Calm Mind|p1a: Main course
|-boost|p1a: Main course|spa|1
|-boost|p1a: Main course|spd|1
|
|-heal|p2a: Kommo-o|34/100 brn|[from] item: Leftovers
|-heal|p1a: Main course|95/100|[from] item: Leftovers
|-damage|p2a: Kommo-o|27/100 brn|[from] brn
|-sideend|p1: FittedCrib05|move: Aurora Veil
|upkeep
|turn|14
|
|t:|1760825020
|move|p2a: Kommo-o|Drain Punch|p1a: Main course
|-damage|p1a: Main course|72/100
|-heal|p2a: Kommo-o|41/100 brn|[from] drain|[of] p1a: Main course
|move|p1a: Main course|Scald|p2a: Kommo-o
|-resisted|p2a: Kommo-o
|-damage|p2a: Kommo-o|38/100 brn
|
|-heal|p2a: Kommo-o|44/100 brn|[from] item: Leftovers
|-heal|p1a: Main course|78/100|[from] item: Leftovers
|-damage|p2a: Kommo-o|38/100 brn|[from] brn
|-sideend|p2: KevinHaHa|move: Aurora Veil
|upkeep
|turn|15
|
|t:|1760825030
|move|p1a: Main course|Protect|p1a: Main course
|-singleturn|p1a: Main course|Protect
|move|p2a: Kommo-o|Bulk Up|p2a: Kommo-o
|-boost|p2a: Kommo-o|atk|1
|-boost|p2a: Kommo-o|def|1
|
|-heal|p2a: Kommo-o|44/100 brn|[from] item: Leftovers
|-heal|p1a: Main course|84/100|[from] item: Leftovers
|-damage|p2a: Kommo-o|38/100 brn|[from] brn
|upkeep
|turn|16
|
|t:|1760825072
|move|p2a: Kommo-o|Bulk Up|p2a: Kommo-o
|-boost|p2a: Kommo-o|atk|1
|-boost|p2a: Kommo-o|def|1
|move|p1a: Main course|Calm Mind|p1a: Main course
|-boost|p1a: Main course|spa|1
|-boost|p1a: Main course|spd|1
|
|-heal|p2a: Kommo-o|44/100 brn|[from] item: Leftovers
|-heal|p1a: Main course|90/100|[from] item: Leftovers
|-damage|p2a: Kommo-o|38/100 brn|[from] brn
|upkeep
|turn|17
|
|t:|1760825081
|move|p2a: Kommo-o|Drain Punch|p1a: Main course
|-damage|p1a: Main course|56/100
|-heal|p2a: Kommo-o|57/100 brn|[from] drain|[of] p1a: Main course
|move|p1a: Main course|Scald|p2a: Kommo-o
|-resisted|p2a: Kommo-o
|-damage|p2a: Kommo-o|49/100 brn
|
|-heal|p2a: Kommo-o|55/100 brn|[from] item: Leftovers
|-heal|p1a: Main course|62/100|[from] item: Leftovers
|-damage|p2a: Kommo-o|49/100 brn|[from] brn
|upkeep
|turn|18
|
|t:|1760825119
|move|p1a: Main course|Protect|p1a: Main course
|-singleturn|p1a: Main course|Protect
|move|p2a: Kommo-o|Bulk Up|p2a: Kommo-o
|-boost|p2a: Kommo-o|atk|1
|-boost|p2a: Kommo-o|def|1
|
|-heal|p2a: Kommo-o|55/100 brn|[from] item: Leftovers
|-heal|p1a: Main course|68/100|[from] item: Leftovers
|-damage|p2a: Kommo-o|49/100 brn|[from] brn
|upkeep
|turn|19
|
|t:|1760825129
|switch|p1a: Gliscor|Gliscor, M|100/100 tox
|move|p2a: Kommo-o|Drain Punch|p1a: Gliscor
|-resisted|p1a: Gliscor
|-damage|p1a: Gliscor|80/100 tox
|-heal|p2a: Kommo-o|59/100 brn|[from] drain|[of] p1a: Gliscor
|
|-heal|p2a: Kommo-o|65/100 brn|[from] item: Leftovers
|-heal|p1a: Gliscor|93/100 tox|[from] ability: Poison Heal
|-damage|p2a: Kommo-o|59/100 brn|[from] brn
|upkeep
|turn|20
|
|t:|1760825140
|move|p1a: Gliscor|Protect|p1a: Gliscor
|-singleturn|p1a: Gliscor|Protect
|move|p2a: Kommo-o|Drain Punch|p1a: Gliscor
|-activate|p1a: Gliscor|move: Protect
|
|-heal|p2a: Kommo-o|65/100 brn|[from] item: Leftovers
|-heal|p1a: Gliscor|100/100 tox|[from] ability: Poison Heal
|-damage|p2a: Kommo-o|59/100 brn|[from] brn
|upkeep
|turn|21
|
|t:|1760825150
|move|p2a: Kommo-o|Clangorous Soul|p2a: Kommo-o
|-boost|p2a: Kommo-o|atk|1
|-boost|p2a: Kommo-o|def|1
|-boost|p2a: Kommo-o|spa|1
|-boost|p2a: Kommo-o|spd|1
|-boost|p2a: Kommo-o|spe|1
|-damage|p2a: Kommo-o|26/100 brn
|move|p1a: Gliscor|Knock Off|p2a: Kommo-o
|-resisted|p2a: Kommo-o
|-damage|p2a: Kommo-o|24/100 brn
|-enditem|p2a: Kommo-o|Leftovers|[from] move: Knock Off|[of] p1a: Gliscor
|
|-damage|p2a: Kommo-o|17/100 brn|[from] brn
|upkeep
|turn|22
|
|t:|1760825163
|move|p2a: Kommo-o|Drain Punch|p1a: Gliscor
|-resisted|p1a: Gliscor
|-damage|p1a: Gliscor|78/100 tox
|-heal|p2a: Kommo-o|29/100 brn|[from] drain|[of] p1a: Gliscor
|move|p1a: Gliscor|Knock Off|p2a: Kommo-o
|-resisted|p2a: Kommo-o
|-damage|p2a: Kommo-o|28/100 brn
|
|-heal|p1a: Gliscor|90/100 tox|[from] ability: Poison Heal
|-damage|p2a: Kommo-o|21/100 brn|[from] brn
|upkeep
|turn|23
|
|t:|1760825177
|move|p1a: Gliscor|Protect|p1a: Gliscor
|-singleturn|p1a: Gliscor|Protect
|move|p2a: Kommo-o|Drain Punch|p1a: Gliscor
|-activate|p1a: Gliscor|move: Protect
|
|-heal|p1a: Gliscor|100/100 tox|[from] ability: Poison Heal
|-damage|p2a: Kommo-o|15/100 brn|[from] brn
|upkeep
|turn|24
|
|t:|1760825185
|move|p2a: Kommo-o|Drain Punch|p1a: Gliscor
|-resisted|p1a: Gliscor
|-damage|p1a: Gliscor|75/100 tox
|-heal|p2a: Kommo-o|28/100 brn|[from] drain|[of] p1a: Gliscor
|move|p1a: Gliscor|Earthquake|p2a: Kommo-o
|-damage|p2a: Kommo-o|22/100 brn
|
|-heal|p1a: Gliscor|88/100 tox|[from] ability: Poison Heal
|-damage|p2a: Kommo-o|15/100 brn|[from] brn
|upkeep
|turn|25
|
|t:|1760825195
|move|p1a: Gliscor|Protect|p1a: Gliscor
|-singleturn|p1a: Gliscor|Protect
|move|p2a: Kommo-o|Drain Punch|p1a: Gliscor
|-activate|p1a: Gliscor|move: Protect
|
|-heal|p1a: Gliscor|99/100 tox|[from] ability: Poison Heal
|-damage|p2a: Kommo-o|9/100 brn|[from] brn
|upkeep
|turn|26
|
|t:|1760825203
|-terastallize|p2a: Kommo-o|Steel
|move|p2a: Kommo-o|Flash Cannon|p1a: Gliscor
|-damage|p1a: Gliscor|40/100 tox
|move|p1a: Gliscor|Knock Off|p2a: Kommo-o
|-damage|p2a: Kommo-o|6/100 brn
|
|-heal|p1a: Gliscor|53/100 tox|[from] ability: Poison Heal
|-damage|p2a: Kommo-o|0 fnt|[from] brn
|faint|p2a: Kommo-o
|upkeep
|-message|KevinHaHa forfeited.
|
|win|FittedCrib05
|raw|FittedCrib05's rating: 1331 &rarr; <strong>1349</strong><br />(+18 for winning)
|raw|KevinHaHa's rating: 1303 &rarr; <strong>1285</strong><br />(-18 for losing)
|l|☆KevinHaHa
|player|p2|
|l|☆FittedCrib05
|player|p1|
