|j|☆levi6969
|j|☆Penguinxdd
|t:|1760729084
|gametype|singles
|player|p1|levi6969|102|1200
|player|p2|Penguinxdd|veteran|1238
|gen|9
|tier|[Gen 9] OU
|rated|
|rule|HP Percentage Mod: HP is shown in percentages
|rule|Endless Battle Clause: Forcing endless battles is banned
|rule|Species Clause: Limit one of each Pokémon
|rule|OHKO Clause: OHKO moves are banned
|rule|Evasion Items Clause: Evasion items are banned
|rule|Evasion Moves Clause: Evasion moves are banned
|rule|Evasion Abilities Clause: Evasion abilities are banned
|rule|Sleep Moves Clause: Sleep-inducing moves are banned
|clearpoke
|poke|p1|Victreebel, F|
|poke|p1|Torkoal, F|
|poke|p1|Raging Bolt|
|poke|p1|Hatterene, F|
|poke|p1|Landorus-Therian, M|
|poke|p1|Darkrai|
|poke|p2|Meowscarada, F|
|poke|p2|Rillaboom, F|
|poke|p2|Fezandipiti, M|
|poke|p2|Heatran, M|
|poke|p2|Weezing-Galar, F|
|poke|p2|Keldeo|
|teampreview
|inactive|Battle timer is ON: inactive players will automatically lose when time's up. (requested by Penguinxdd)
|
|t:|1760729092
|teamsize|p1|6
|teamsize|p2|6
|start
|switch|p1a: Torkoal|Torkoal, F|100/100
|switch|p2a: Keldeo|Keldeo|100/100
|-weather|SunnyDay|[from] ability: Drought|[of] p1a: Torkoal
|turn|1
|
|t:|1760729100
|switch|p1a: Hatterene|Hatterene, F, shiny|100/100
|move|p2a: Keldeo|Calm Mind|p2a: Keldeo
|-boost|p2a: Keldeo|spa|1
|-boost|p2a: Keldeo|spd|1
|
|-weather|SunnyDay|[upkeep]
|upkeep
|turn|2
|
|t:|1760729108
|move|p2a: Keldeo|Flip Turn|p1a: Hatterene
|-damage|p1a: Hatterene|95/100
|
|t:|1760729110
|switch|p2a: Heatran|Heatran, M|100/100|[from] Flip Turn
|move|p1a: Hatterene|Psychic Noise|p2a: Heatran
|-resisted|p2a: Heatran
|-damage|p2a: Heatran|90/100
|-start|p2a: Heatran|move: Heal Block
|
|-weather|SunnyDay|[upkeep]
|upkeep
|turn|3
|
|t:|1760729117
|switch|p1a: Landorus|Landorus-Therian, M, shiny|100/100
|-ability|p1a: Landorus|Intimidate|boost
|-unboost|p2a: Heatran|atk|1
|move|p2a: Heatran|Stealth Rock|p1a: Landorus
|-sidestart|p1: levi6969|move: Stealth Rock
|
|-weather|SunnyDay|[upkeep]
|-end|p2a: Heatran|move: Heal Block
|upkeep
|turn|4
|
|t:|1760729125
|switch|p2a: Rillaboom|Rillaboom, F|100/100
|-fieldstart|move: Grassy Terrain|[from] ability: Grassy Surge|[of] p2a: Rillaboom
|move|p1a: Landorus|U-turn|p2a: Rillaboom
|-supereffective|p2a: Rillaboom
|-damage|p2a: Rillaboom|64/100
|
|t:|1760729128
|switch|p1a: Torkoal|Torkoal, F|100/100|[from] U-turn
|-damage|p1a: Torkoal|76/100|[from] Stealth Rock
|
|-weather|SunnyDay|[upkeep]
|-heal|p2a: Rillaboom|70/100|[from] Grassy Terrain
|-heal|p1a: Torkoal|82/100|[from] Grassy Terrain
|upkeep
|turn|5
|
|t:|1760729131
|move|p2a: Rillaboom|U-turn|p1a: Torkoal
|-resisted|p1a: Torkoal
|-crit|p1a: Torkoal
|-damage|p1a: Torkoal|68/100
|
|t:|1760729133
|switch|p2a: Heatran|Heatran, M|90/100|[from] U-turn
|move|p1a: Torkoal|Stealth Rock|p2a: Heatran
|-sidestart|p2: Penguinxdd|move: Stealth Rock
|
|-weather|SunnyDay|[upkeep]
|-heal|p2a: Heatran|97/100|[from] Grassy Terrain
|-heal|p2a: Heatran|100/100|[from] item: Leftovers
|-heal|p1a: Torkoal|74/100|[from] Grassy Terrain
|upkeep
|turn|6
|
|t:|1760729138
|move|p2a: Heatran|Earth Power|p1a: Torkoal
|-supereffective|p1a: Torkoal
|-damage|p1a: Torkoal|21/100
|move|p1a: Torkoal|Body Press|p2a: Heatran
|-supereffective|p2a: Heatran
|-damage|p2a: Heatran|54/100
|
|-weather|SunnyDay|[upkeep]
|-heal|p2a: Heatran|60/100|[from] Grassy Terrain
|-heal|p2a: Heatran|66/100|[from] item: Leftovers
|-heal|p1a: Torkoal|28/100|[from] Grassy Terrain
|upkeep
|turn|7
|
|t:|1760729144
|-terastallize|p1a: Torkoal|Flying
|move|p2a: Heatran|Earth Power|p1a: Torkoal
|-immune|p1a: Torkoal
|move|p1a: Torkoal|Rapid Spin|p2a: Heatran
|-resisted|p2a: Heatran
|-damage|p2a: Heatran|62/100
|-boost|p1a: Torkoal|spe|1
|-sideend|p1: levi6969|Stealth Rock|[from] move: Rapid Spin|[of] p1a: Torkoal
|
|-weather|SunnyDay|[upkeep]
|-heal|p2a: Heatran|69/100|[from] Grassy Terrain
|-heal|p2a: Heatran|75/100|[from] item: Leftovers
|upkeep
|turn|8
|
|t:|1760729148
|move|p2a: Heatran|Magma Storm|p1a: Torkoal|[miss]
|-miss|p2a: Heatran|p1a: Torkoal
|move|p1a: Torkoal|Body Press|p2a: Heatran
|-supereffective|p2a: Heatran
|-damage|p2a: Heatran|28/100
|
|-weather|none
|-heal|p2a: Heatran|34/100|[from] Grassy Terrain
|-heal|p2a: Heatran|41/100|[from] item: Leftovers
|-fieldend|move: Grassy Terrain
|upkeep
|turn|9
|
|t:|1760729162
|switch|p2a: Weeze-Cigarette|Weezing-Galar, F|100/100
|-ability|p2a: Weeze-Cigarette|Neutralizing Gas
|switch|p1a: Darkrai|Darkrai, shiny|100/100
|
|upkeep
|turn|10
|
|t:|1760729168
|-end|p2a: Weeze-Cigarette|ability: Neutralizing Gas
|switch|p2a: Fezandipiti|Fezandipiti, M|100/100
|move|p1a: Darkrai|Sludge Bomb|p2a: Fezandipiti
|-damage|p2a: Fezandipiti|68/100
|
|upkeep
|turn|11
|
|t:|1760729175
|switch|p1a: Landorus|Landorus-Therian, M, shiny|100/100
|-ability|p1a: Landorus|Intimidate|boost
|-unboost|p2a: Fezandipiti|atk|1
|move|p2a: Fezandipiti|U-turn|p1a: Landorus
|-resisted|p1a: Landorus
|-damage|p1a: Landorus|94/100
|-status|p1a: Landorus|tox|[from] ability: Toxic Chain|[of] p2a: Fezandipiti
|
|t:|1760729179
|switch|p2a: Rillaboom|Rillaboom, F|70/100|[from] U-turn
|-fieldstart|move: Grassy Terrain|[from] ability: Grassy Surge|[of] p2a: Rillaboom
|
|-heal|p2a: Rillaboom|76/100|[from] Grassy Terrain
|-damage|p1a: Landorus|88/100 tox|[from] psn
|upkeep
|turn|12
|
|t:|1760729183
|switch|p2a: Weeze-Cigarette|Weezing-Galar, F|100/100
|-ability|p2a: Weeze-Cigarette|Neutralizing Gas
|move|p1a: Landorus|U-turn|p2a: Weeze-Cigarette
|-resisted|p2a: Weeze-Cigarette
|-damage|p2a: Weeze-Cigarette|97/100
|
|t:|1760729188
|switch|p1a: Raging Bolt|Raging Bolt|100/100|[from] U-turn
|
|-heal|p2a: Weeze-Cigarette|100/100|[from] Grassy Terrain
|upkeep
|turn|13
|
|t:|1760729197
|move|p1a: Raging Bolt|Volt Switch|p2a: Weeze-Cigarette
|-damage|p2a: Weeze-Cigarette|48/100
|
|t:|1760729200
|-end|p1a: Raging Bolt|Protosynthesis|[silent]
|switch|p1a: Victreebel|Victreebel, F, shiny|100/100|[from] Volt Switch
|move|p2a: Weeze-Cigarette|Defog|p1a: Victreebel
|-unboost|p1a: Victreebel|evasion|1
|-sideend|p2: Penguinxdd|Stealth Rock|[from] move: Defog|[of] p2a: Weeze-Cigarette
|-fieldend|move: Grassy Terrain
|
|upkeep
|turn|14
|
|t:|1760729207
|-end|p2a: Weeze-Cigarette|ability: Neutralizing Gas
|switch|p2a: Rillaboom|Rillaboom, F|76/100
|-fieldstart|move: Grassy Terrain|[from] ability: Grassy Surge|[of] p2a: Rillaboom
|move|p1a: Victreebel|Knock Off|p2a: Rillaboom
|-damage|p2a: Rillaboom|56/100
|-enditem|p2a: Rillaboom|Heavy-Duty Boots|[from] move: Knock Off|[of] p1a: Victreebel
|
|-heal|p2a: Rillaboom|62/100|[from] Grassy Terrain
|upkeep
|turn|15
|
|t:|1760729215
|move|p1a: Victreebel|Knock Off|p2a: Rillaboom
|-damage|p2a: Rillaboom|49/100
|move|p2a: Rillaboom|Knock Off|p1a: Victreebel
|-damage|p1a: Victreebel|61/100
|-damage|p2a: Rillaboom|33/100|[from] item: Rocky Helmet|[of] p1a: Victreebel
|-enditem|p1a: Victreebel|Rocky Helmet|[from] move: Knock Off|[of] p2a: Rillaboom
|
|-heal|p1a: Victreebel|67/100|[from] Grassy Terrain
|-heal|p2a: Rillaboom|39/100|[from] Grassy Terrain
|upkeep
|turn|16
|
|t:|1760729219
|move|p1a: Victreebel|Knock Off|p2a: Rillaboom
|-damage|p2a: Rillaboom|27/100
|move|p2a: Rillaboom|U-turn|p1a: Victreebel
|-damage|p1a: Victreebel|39/100
|
|t:|1760729224
|switch|p2a: Heatran|Heatran, M|41/100|[from] U-turn
|
|-heal|p1a: Victreebel|45/100|[from] Grassy Terrain
|-heal|p2a: Heatran|47/100|[from] Grassy Terrain
|-heal|p2a: Heatran|53/100|[from] item: Leftovers
|upkeep
|turn|17
|
|t:|1760729234
|switch|p1a: Hatterene|Hatterene, F, shiny|95/100
|move|p2a: Heatran|Stealth Rock|p1a: Hatterene
|move|p1a: Hatterene|Stealth Rock|p2a: Heatran|[from] ability: Magic Bounce
|-sidestart|p2: Penguinxdd|move: Stealth Rock
|
|-heal|p2a: Heatran|59/100|[from] Grassy Terrain
|-heal|p2a: Heatran|66/100|[from] item: Leftovers
|-heal|p1a: Hatterene|100/100|[from] Grassy Terrain
|upkeep
|turn|18
|
|t:|1760729240
|switch|p1a: Landorus|Landorus-Therian, M, shiny|88/100 tox
|-ability|p1a: Landorus|Intimidate|boost
|-unboost|p2a: Heatran|atk|1
|move|p2a: Heatran|Magma Storm|p1a: Landorus|[miss]
|-miss|p2a: Heatran|p1a: Landorus
|
|-heal|p2a: Heatran|72/100|[from] Grassy Terrain
|-heal|p2a: Heatran|78/100|[from] item: Leftovers
|-damage|p1a: Landorus|82/100 tox|[from] psn
|-fieldend|move: Grassy Terrain
|upkeep
|turn|19
|
|t:|1760729246
|move|p1a: Landorus|Earth Power|p2a: Heatran
|-supereffective|p2a: Heatran
|-damage|p2a: Heatran|0 fnt
|faint|p2a: Heatran
|
|-damage|p1a: Landorus|70/100 tox|[from] psn
|upkeep
|
|t:|1760729249
|switch|p2a: Rillaboom|Rillaboom, F|27/100
|-damage|p2a: Rillaboom|14/100|[from] Stealth Rock
|-fieldstart|move: Grassy Terrain|[from] ability: Grassy Surge|[of] p2a: Rillaboom
|turn|20
|
|t:|1760729253
|move|p1a: Landorus|U-turn|p2a: Rillaboom
|-supereffective|p2a: Rillaboom
|-damage|p2a: Rillaboom|0 fnt
|faint|p2a: Rillaboom
|
|t:|1760729260
|switch|p1a: Torkoal|Torkoal, F, tera:Flying|28/100|[from] U-turn
|-weather|SunnyDay|[from] ability: Drought|[of] p1a: Torkoal
|
|-weather|SunnyDay|[upkeep]
|upkeep
|-message|Penguinxdd forfeited.
|
|win|levi6969
|raw|levi6969's rating: 1200 &rarr; <strong>1228</strong><br />(+28 for winning)
|raw|Penguinxdd's rating: 1238 &rarr; <strong>1210</strong><br />(-28 for losing)
|l|☆Penguinxdd
|player|p2|
