|j|☆braisedporkyy
|j|☆Karos dot
|t:|1760866018
|gametype|singles
|player|p1|braisedporkyy|170|1090
|player|p2|Karos dot|steven|1170
|gen|9
|tier|[Gen 9] OU
|rated|
|rule|HP Percentage Mod: HP is shown in percentages
|rule|Endless Battle Clause: Forcing endless battles is banned
|rule|Species Clause: Limit one of each Pokémon
|rule|OHKO Clause: OHKO moves are banned
|rule|Evasion Items Clause: Evasion items are banned
|rule|Evasion Moves Clause: Evasion moves are banned
|rule|Evasion Abilities Clause: Evasion abilities are banned
|rule|Sleep Moves Clause: Sleep-inducing moves are banned
|clearpoke
|poke|p1|Scrafty, F|
|poke|p1|Vaporeon, M|
|poke|p1|Heatran, F|
|poke|p1|Tentacruel, F|
|poke|p1|Pecharunt|
|poke|p1|Hydreigon, M|
|poke|p2|Dragonite, M|
|poke|p2|Frosmoth, M|
|poke|p2|Great Tusk|
|poke|p2|Darkrai|
|poke|p2|Dondozo, M|
|poke|p2|Gliscor, M|
|teampreview
|inactive|Battle timer is ON: inactive players will automatically lose when time's up. (requested by braisedporkyy)
|inactive|Karos dot also wants the timer to be on.
|
|t:|1760866046
|teamsize|p1|6
|teamsize|p2|6
|start
|switch|p1a: Pecharunt|Pecharunt|100/100
|switch|p2a: パルデアの王|Dragonite, M|100/100
|turn|1
|
|t:|1760866072
|switch|p2a: 害悪王|Gliscor, M, shiny|100/100
|move|p1a: Pecharunt|Malignant Chain|p2a: 害悪王
|-resisted|p2a: 害悪王
|-damage|p2a: 害悪王|88/100
|-status|p2a: 害悪王|tox
|-start|p2a: 害悪王|confusion|[from] ability: Poison Puppeteer|[of] p1a: Pecharunt
|
|-heal|p2a: 害悪王|99/100 tox|[from] ability: Poison Heal
|upkeep
|turn|2
|
|t:|1760866086
|-activate|p2a: 害悪王|confusion
|move|p2a: 害悪王|Earthquake|p1a: Pecharunt
|-supereffective|p1a: Pecharunt
|-damage|p1a: Pecharunt|70/100
|move|p1a: Pecharunt|Parting Shot|p2a: 害悪王
|-unboost|p2a: 害悪王|atk|1
|-unboost|p2a: 害悪王|spa|1
|
|t:|1760866094
|switch|p1a: Scrafty|Scrafty, F|100/100|[from] Parting Shot
|
|-heal|p2a: 害悪王|100/100 tox|[from] ability: Poison Heal
|upkeep
|turn|3
|
|t:|1760866105
|switch|p2a: オレスシー！|Dondozo, M, shiny|100/100
|move|p1a: Scrafty|Bulk Up|p1a: Scrafty
|-boost|p1a: Scrafty|atk|1
|-boost|p1a: Scrafty|def|1
|
|upkeep
|turn|4
|
|t:|1760866119
|switch|p1a: Heatran|Heatran, F|100/100
|-item|p1a: Heatran|Air Balloon
|move|p2a: オレスシー！|Curse|p2a: オレスシー！
|-unboost|p2a: オレスシー！|spe|1
|-boost|p2a: オレスシー！|atk|1
|-boost|p2a: オレスシー！|def|1
|
|upkeep
|turn|5
|
|t:|1760866130
|move|p1a: Heatran|Magma Storm|p2a: オレスシー！
|-resisted|p2a: オレスシー！
|-damage|p2a: オレスシー！|74/100
|-activate|p2a: オレスシー！|move: Magma Storm|[of] p1a: Heatran
|move|p2a: オレスシー！|Wave Crash|p1a: Heatran
|-supereffective|p1a: Heatran
|-damage|p1a: Heatran|0 fnt
|-enditem|p1a: Heatran|Air Balloon
|faint|p1a: Heatran
|-damage|p2a: オレスシー！|53/100|[from] Recoil
|
|-end|p2a: オレスシー！|Magma Storm|[partiallytrapped]|[silent]
|upkeep
|-message|braisedporkyy forfeited.
|
|win|Karos dot
|raw|braisedporkyy's rating: 1090 &rarr; <strong>1072</strong><br />(-18 for losing)
|raw|Karos dot's rating: 1170 &rarr; <strong>1189</strong><br />(+19 for winning)
|l|☆braisedporkyy
|player|p1|
|l|☆Karos dot
|player|p2|
