|j|☆HZBKAI7
|j|☆teamrocketgrunt192
|t:|1760753579
|gametype|singles
|player|p1|HZBKAI7|2|1113
|player|p2|teamrocketgrunt192|rocketgrunt|1070
|gen|9
|tier|[Gen 9] OU
|rated|
|rule|HP Percentage Mod: HP is shown in percentages
|rule|Endless Battle Clause: Forcing endless battles is banned
|rule|Species Clause: Limit one of each Pokémon
|rule|OHKO Clause: OHKO moves are banned
|rule|Evasion Items Clause: Evasion items are banned
|rule|Evasion Moves Clause: Evasion moves are banned
|rule|Evasion Abilities Clause: Evasion abilities are banned
|rule|Sleep Moves Clause: Sleep-inducing moves are banned
|clearpoke
|poke|p1|Diancie|
|poke|p1|Rillaboom, M|
|poke|p1|Necrozma|
|poke|p1|Corviknight, M|
|poke|p1|Ogerpon-Wellspring, F|
|poke|p1|Iron Hands|
|poke|p2|Skeledirge, F|
|poke|p2|Probopass, F|
|poke|p2|Furret, M|
|poke|p2|Dragonite, F|
|poke|p2|Heatran, M|
|poke|p2|Kingambit, M|
|teampreview
|inactive|Battle timer is ON: inactive players will automatically lose when time's up. (requested by teamrocketgrunt192)
|
|t:|1760753593
|teamsize|p1|6
|teamsize|p2|6
|start
|switch|p1a: Ogerpon|Ogerpon-Wellspring, F|100/100
|switch|p2a: Skeledirge|Skeledirge, F|100/100
|turn|1
|
|t:|1760753596
|move|p1a: Ogerpon|Knock Off|p2a: Skeledirge
|-supereffective|p2a: Skeledirge
|-damage|p2a: Skeledirge|35/100
|-enditem|p2a: Skeledirge|Heavy-Duty Boots|[from] move: Knock Off|[of] p1a: Ogerpon
|move|p2a: Skeledirge|Flame Charge|p1a: Ogerpon
|-damage|p1a: Ogerpon|85/100
|-boost|p2a: Skeledirge|spe|1
|
|upkeep
|turn|2
|
|t:|1760753608
|-terastallize|p2a: Skeledirge|Fire
|move|p2a: Skeledirge|Torch Song|p1a: Ogerpon
|-damage|p1a: Ogerpon|37/100
|-boost|p2a: Skeledirge|spa|1
|move|p1a: Ogerpon|Knock Off|p2a: Skeledirge
|-damage|p2a: Skeledirge|15/100
|
|upkeep
|turn|3
|
|t:|1760753615
|move|p2a: Skeledirge|Torch Song|p1a: Ogerpon
|-damage|p1a: Ogerpon|0 fnt
|-boost|p2a: Skeledirge|spa|1
|faint|p1a: Ogerpon
|
|upkeep
|
|t:|1760753615
|switch|p1a: Diancie|Diancie|100/100
|turn|4
|
|t:|1760753618
|move|p2a: Skeledirge|Slack Off|p2a: Skeledirge
|-heal|p2a: Skeledirge|65/100
|move|p1a: Diancie|Ancient Power|p2a: Skeledirge
|-supereffective|p2a: Skeledirge
|-damage|p2a: Skeledirge|5/100
|
|upkeep
|turn|5
|
|t:|1760753629
|move|p2a: Skeledirge|Torch Song|p1a: Diancie
|-resisted|p1a: Diancie
|-crit|p1a: Diancie
|-damage|p1a: Diancie|4/100
|-boost|p2a: Skeledirge|spa|1
|move|p1a: Diancie|Ancient Power|p2a: Skeledirge
|-supereffective|p2a: Skeledirge
|-damage|p2a: Skeledirge|0 fnt
|faint|p2a: Skeledirge
|
|upkeep
|
|t:|1760753634
|switch|p2a: Dragonite|Dragonite, F|100/100
|turn|6
|
|t:|1760753636
|-terastallize|p1a: Diancie|Rock
|move|p2a: Dragonite|Extreme Speed|p1a: Diancie
|-resisted|p1a: Diancie
|-damage|p1a: Diancie|0 fnt
|-damage|p2a: Dragonite|84/100|[from] item: Rocky Helmet|[of] p1a: Diancie
|faint|p1a: Diancie
|
|upkeep
|
|t:|1760753636
|switch|p1a: Iron Hands|Iron Hands|100/100
|-enditem|p1a: Iron Hands|Booster Energy
|-activate|p1a: Iron Hands|ability: Quark Drive|[fromitem]
|-start|p1a: Iron Hands|quarkdriveatk
|turn|7
|
|t:|1760753648
|move|p2a: Dragonite|Earthquake|p1a: Iron Hands
|-supereffective|p1a: Iron Hands
|-damage|p1a: Iron Hands|41/100
|move|p1a: Iron Hands|Ice Punch|p2a: Dragonite
|-supereffective|p2a: Dragonite
|-damage|p2a: Dragonite|0 fnt
|faint|p2a: Dragonite
|
|upkeep
|
|t:|1760753662
|switch|p2a: Heatran|Heatran, M|100/100
|turn|8
|
|t:|1760753664
|move|p2a: Heatran|Will-O-Wisp|p1a: Iron Hands
|-status|p1a: Iron Hands|brn
|move|p1a: Iron Hands|Drain Punch|p2a: Heatran
|-supereffective|p2a: Heatran
|-damage|p2a: Heatran|54/100
|-heal|p1a: Iron Hands|61/100 brn|[from] drain|[of] p2a: Heatran
|
|-heal|p2a: Heatran|61/100|[from] item: Leftovers
|-damage|p1a: Iron Hands|55/100 brn|[from] brn
|upkeep
|turn|9
|
|t:|1760753671
|move|p2a: Heatran|Protect|p2a: Heatran
|-singleturn|p2a: Heatran|Protect
|move|p1a: Iron Hands|Drain Punch|p2a: Heatran
|-activate|p2a: Heatran|move: Protect
|
|-heal|p2a: Heatran|67/100|[from] item: Leftovers
|-damage|p1a: Iron Hands|49/100 brn|[from] brn
|upkeep
|turn|10
|
|t:|1760753681
|move|p2a: Heatran|Lava Plume|p1a: Iron Hands
|-damage|p1a: Iron Hands|19/100 brn
|move|p1a: Iron Hands|Drain Punch|p2a: Heatran
|-supereffective|p2a: Heatran
|-damage|p2a: Heatran|20/100
|-heal|p1a: Iron Hands|39/100 brn|[from] drain|[of] p2a: Heatran
|
|-heal|p2a: Heatran|26/100|[from] item: Leftovers
|-damage|p1a: Iron Hands|33/100 brn|[from] brn
|upkeep
|turn|11
|
|t:|1760753688
|move|p2a: Heatran|Protect|p2a: Heatran
|-singleturn|p2a: Heatran|Protect
|move|p1a: Iron Hands|Drain Punch|p2a: Heatran
|-activate|p2a: Heatran|move: Protect
|
|-heal|p2a: Heatran|33/100|[from] item: Leftovers
|-damage|p1a: Iron Hands|27/100 brn|[from] brn
|upkeep
|turn|12
|
|t:|1760753697
|move|p2a: Heatran|Lava Plume|p1a: Iron Hands
|-damage|p1a: Iron Hands|0 fnt
|faint|p1a: Iron Hands
|-end|p1a: Iron Hands|Quark Drive|[silent]
|
|-heal|p2a: Heatran|39/100|[from] item: Leftovers
|upkeep
|
|t:|1760753697
|switch|p1a: Necrozma|Necrozma|100/100
|turn|13
|
|t:|1760753703
|switch|p2a: Kingambit|Kingambit, M|100/100
|-activate|p2a: Kingambit|ability: Supreme Overlord
|-start|p2a: Kingambit|fallen2|[silent]
|move|p1a: Necrozma|Earth Power|p2a: Kingambit
|-supereffective|p2a: Kingambit
|-damage|p2a: Kingambit|38/100
|
|-heal|p2a: Kingambit|44/100|[from] item: Leftovers
|upkeep
|turn|14
|
|t:|1760753712
|move|p2a: Kingambit|Sucker Punch|p1a: Necrozma
|-supereffective|p1a: Necrozma
|-damage|p1a: Necrozma|40/100
|move|p1a: Necrozma|Earth Power|p2a: Kingambit
|-supereffective|p2a: Kingambit
|-damage|p2a: Kingambit|0 fnt
|faint|p2a: Kingambit
|-end|p2a: Kingambit|fallen2|[silent]
|
|-heal|p1a: Necrozma|46/100|[from] item: Leftovers
|upkeep
|
|t:|1760753724
|switch|p2a: Furret|Furret, M|100/100
|-item|p1a: Necrozma|Leftovers|[from] ability: Frisk|[of] p2a: Furret
|turn|15
|
|t:|1760753729
|move|p2a: Furret|Knock Off|p1a: Necrozma
|-supereffective|p1a: Necrozma
|-damage|p1a: Necrozma|24/100
|-enditem|p1a: Necrozma|Leftovers|[from] move: Knock Off|[of] p2a: Furret
|move|p1a: Necrozma|Expanding Force|p2a: Furret
|-damage|p2a: Furret|32/100
|
|upkeep
|turn|16
|
|t:|1760753733
|move|p2a: Furret|Knock Off|p1a: Necrozma
|-supereffective|p1a: Necrozma
|-damage|p1a: Necrozma|7/100
|move|p1a: Necrozma|Expanding Force|p2a: Furret
|-damage|p2a: Furret|0 fnt
|faint|p2a: Furret
|
|upkeep
|-message|teamrocketgrunt192 forfeited.
|
|win|HZBKAI7
|raw|HZBKAI7's rating: 1113 &rarr; <strong>1135</strong><br />(+22 for winning)
|raw|teamrocketgrunt192's rating: 1070 &rarr; <strong>1052</strong><br />(-18 for losing)
|l|☆HZBKAI7
|player|p1|
|l|☆teamrocketgrunt192
|player|p2|
