|j|☆Shimeon91
|j|☆Yolographer
|t:|1760731612
|gametype|singles
|player|p1|Shimeon91|1|1400
|player|p2|Yolographer|265|1460
|gen|9
|tier|[Gen 9] OU
|rated|
|rule|HP Percentage Mod: HP is shown in percentages
|rule|Endless Battle Clause: Forcing endless battles is banned
|rule|Species Clause: Limit one of each Pokémon
|rule|OHKO Clause: OHKO moves are banned
|rule|Evasion Items Clause: Evasion items are banned
|rule|Evasion Moves Clause: Evasion moves are banned
|rule|Evasion Abilities Clause: Evasion abilities are banned
|rule|Sleep Moves Clause: Sleep-inducing moves are banned
|clearpoke
|poke|p1|Cetitan, F|
|poke|p1|Infernape, M|
|poke|p1|Pecharunt|
|poke|p1|Toxicroak, M|
|poke|p1|Slowking-Galar, M|
|poke|p1|Glimmora, F|
|poke|p2|Raging Bolt|
|poke|p2|Iron Treads|
|poke|p2|Ting-Lu|
|poke|p2|Gholdengo|
|poke|p2|Zamazenta-*|
|poke|p2|Tornadus-Therian, M|
|teampreview
|inactive|Battle timer is ON: inactive players will automatically lose when time's up. (requested by Shimeon91)
|
|t:|1760731628
|teamsize|p1|6
|teamsize|p2|6
|start
|switch|p1a: Glimmora|Glimmora, F|100/100
|switch|p2a: Tornadus|Tornadus-Therian, M|100/100
|turn|1
|
|t:|1760731637
|switch|p2a: Iron Treads|Iron Treads|100/100
|-enditem|p2a: Iron Treads|Booster Energy
|-activate|p2a: Iron Treads|ability: Quark Drive|[fromitem]
|-start|p2a: Iron Treads|quarkdrivespe
|move|p1a: Glimmora|Stealth Rock|p2a: Iron Treads
|-sidestart|p2: Yolographer|move: Stealth Rock
|
|upkeep
|turn|2
|
|t:|1760731644
|move|p2a: Iron Treads|Earthquake|p1a: Glimmora
|-supereffective|p1a: Glimmora
|-enditem|p1a: Glimmora|Focus Sash
|-damage|p1a: Glimmora|1/100
|-activate|p1a: Glimmora|ability: Toxic Debris
|-sidestart|p2: Yolographer|move: Toxic Spikes
|move|p1a: Glimmora|Earth Power|p2a: Iron Treads
|-supereffective|p2a: Iron Treads
|-damage|p2a: Iron Treads|17/100
|
|upkeep
|turn|3
|
|t:|1760731654
|switch|p1a: Pecharunt|Pecharunt|100/100
|move|p2a: Iron Treads|Earthquake|p1a: Pecharunt
|-supereffective|p1a: Pecharunt
|-damage|p1a: Pecharunt|56/100
|
|upkeep
|turn|4
|
|t:|1760731667
|-end|p2a: Iron Treads|Quark Drive|[silent]
|switch|p2a: Tornadus|Tornadus-Therian, M|100/100
|-damage|p2a: Tornadus|76/100|[from] Stealth Rock
|-terastallize|p1a: Pecharunt|Dark
|move|p1a: Pecharunt|Shadow Ball|p2a: Tornadus
|-damage|p2a: Tornadus|43/100
|-unboost|p2a: Tornadus|spd|1
|
|upkeep
|turn|5
|
|t:|1760731678
|switch|p1a: Infernape|Infernape, M|100/100
|move|p2a: Tornadus|Bleakwind Storm|p1a: Infernape
|-supereffective|p1a: Infernape
|-damage|p1a: Infernape|0 fnt
|faint|p1a: Infernape
|-damage|p2a: Tornadus|34/100|[from] item: Life Orb
|
|upkeep
|l|☆Shimeon91
|inactive|Shimeon91 disconnected and has a minute to reconnect!
|player|p1|
|j|☆Shimeon91
|inactive|Shimeon91 reconnected and has 125 seconds left.
|player|p1|Shimeon91|1|
|
|t:|1760731703
|switch|p1a: Slowking|Slowking-Galar, M|100/100
|turn|6
|l|☆Shimeon91
|inactive|Shimeon91 disconnected and has a minute to reconnect!
|player|p1|
|inactive|Yolographer has 120 seconds left.
|
|t:|1760731735
|switch|p2a: Ting-Lu|Ting-Lu|100/100
|-damage|p2a: Ting-Lu|94/100|[from] Stealth Rock
|-status|p2a: Ting-Lu|psn
|-ability|p2a: Ting-Lu|Vessel of Ruin
|-prepare|p1a: Slowking|Chilly Reception|[premajor]
|move|p1a: Slowking|Chilly Reception|p1a: Slowking
|-weather|Snowscape
|j|☆Shimeon91
|inactive|Shimeon91 reconnected and has 130 seconds left.
|player|p1|Shimeon91|1|
|
|t:|1760731754
|switch|p1a: Glimmora|Glimmora, F|1/100|[from] Chilly Reception
|
|-weather|Snowscape|[upkeep]
|-damage|p2a: Ting-Lu|82/100 psn|[from] psn
|upkeep
|turn|7
|
|t:|1760731761
|move|p1a: Glimmora|Earth Power|p2a: Ting-Lu
|-damage|p2a: Ting-Lu|65/100 psn
|move|p2a: Ting-Lu|Earthquake|p1a: Glimmora
|-supereffective|p1a: Glimmora
|-damage|p1a: Glimmora|0 fnt
|-activate|p1a: Glimmora|ability: Toxic Debris
|-sidestart|p2: Yolographer|move: Toxic Spikes
|faint|p1a: Glimmora
|
|-weather|Snowscape|[upkeep]
|-damage|p2a: Ting-Lu|53/100 psn|[from] psn
|upkeep
|inactive|Shimeon91 has 120 seconds left.
|
|t:|1760731779
|switch|p1a: Cetitan|Cetitan, F, shiny|100/100
|turn|8
|
|t:|1760731787
|move|p1a: Cetitan|Ice Spinner|p2a: Ting-Lu
|-supereffective|p2a: Ting-Lu
|-damage|p2a: Ting-Lu|12/100 psn
|-enditem|p2a: Ting-Lu|Weakness Policy
|-boost|p2a: Ting-Lu|atk|2|[from] item: Weakness Policy
|-boost|p2a: Ting-Lu|spa|2|[from] item: Weakness Policy
|move|p2a: Ting-Lu|Ruination|p1a: Cetitan
|-damage|p1a: Cetitan|50/100
|
|-weather|Snowscape|[upkeep]
|-damage|p2a: Ting-Lu|0 fnt|[from] psn
|faint|p2a: Ting-Lu
|upkeep
|
|t:|1760731793
|switch|p2a: Gholdengo|Gholdengo|100/100
|-damage|p2a: Gholdengo|94/100|[from] Stealth Rock
|-item|p2a: Gholdengo|Air Balloon
|turn|9
|
|t:|1760731807
|switch|p1a: Slowking|Slowking-Galar, M|100/100
|move|p2a: Gholdengo|Make It Rain|p1a: Slowking
|-damage|p1a: Slowking|61/100
|-unboost|p2a: Gholdengo|spa|1
|
|-weather|Snowscape|[upkeep]
|upkeep
|turn|10
|
|t:|1760731818
|move|p2a: Gholdengo|Nasty Plot|p2a: Gholdengo
|-boost|p2a: Gholdengo|spa|2
|-prepare|p1a: Slowking|Chilly Reception|[premajor]
|move|p1a: Slowking|Chilly Reception|p1a: Slowking
|
|t:|1760731832
|switch|p1a: Toxicroak|Toxicroak, M|100/100|[from] Chilly Reception
|-item|p1a: Toxicroak|Air Balloon
|
|-weather|none
|upkeep
|turn|11
|
|t:|1760731839
|move|p1a: Toxicroak|Sucker Punch|p2a: Gholdengo
|-supereffective|p2a: Gholdengo
|-damage|p2a: Gholdengo|50/100
|-enditem|p2a: Gholdengo|Air Balloon
|move|p2a: Gholdengo|Make It Rain|p1a: Toxicroak
|-damage|p1a: Toxicroak|0 fnt
|-unboost|p2a: Gholdengo|spa|1
|-enditem|p1a: Toxicroak|Air Balloon
|faint|p1a: Toxicroak
|
|upkeep
|
|t:|1760731853
|switch|p1a: Slowking|Slowking-Galar, M|95/100
|turn|12
|
|t:|1760731857
|move|p2a: Gholdengo|Recover|p2a: Gholdengo
|-heal|p2a: Gholdengo|99/100
|-prepare|p1a: Slowking|Chilly Reception|[premajor]
|move|p1a: Slowking|Chilly Reception|p1a: Slowking
|-weather|Snowscape
|
|t:|1760731865
|switch|p1a: Pecharunt|Pecharunt, tera:Dark|56/100|[from] Chilly Reception
|
|-weather|Snowscape|[upkeep]
|upkeep
|turn|13
|
|t:|1760731877
|move|p2a: Gholdengo|Nasty Plot|p2a: Gholdengo
|-boost|p2a: Gholdengo|spa|2
|move|p1a: Pecharunt|Shadow Ball|p2a: Gholdengo
|-supereffective|p2a: Gholdengo
|-damage|p2a: Gholdengo|55/100
|-unboost|p2a: Gholdengo|spd|1
|
|-weather|Snowscape|[upkeep]
|upkeep
|turn|14
|
|t:|1760731892
|move|p2a: Gholdengo|Make It Rain|p1a: Pecharunt
|-damage|p1a: Pecharunt|0 fnt
|-unboost|p2a: Gholdengo|spa|1
|faint|p1a: Pecharunt
|
|-weather|Snowscape|[upkeep]
|upkeep
|
|t:|1760731900
|switch|p1a: Cetitan|Cetitan, F, shiny|50/100
|turn|15
|
|t:|1760731904
|move|p1a: Cetitan|Knock Off|p2a: Gholdengo
|-supereffective|p2a: Gholdengo
|-damage|p2a: Gholdengo|8/100
|move|p2a: Gholdengo|Shadow Ball|p1a: Cetitan
|-damage|p1a: Cetitan|0 fnt
|faint|p1a: Cetitan
|
|-weather|Snowscape|[upkeep]
|upkeep
|-message|Shimeon91 forfeited.
|
|win|Yolographer
|raw|Shimeon91's rating: 1400 &rarr; <strong>1383</strong><br />(-17 for losing)
|raw|Yolographer's rating: 1460 &rarr; <strong>1477</strong><br />(+17 for winning)
|l|☆Shimeon91
|player|p1|
|l|☆Yolographer
|player|p2|
