|j|‽sadokadklwad
|j|☆Eyepatchs
|t:|1760761716
|gametype|singles
|player|p1|sadokadklwad|2|1103
|player|p2|Eyepatchs|pokekid|1165
|gen|9
|tier|[Gen 9] OU
|rated|
|rule|HP Percentage Mod: HP is shown in percentages
|rule|Endless Battle Clause: Forcing endless battles is banned
|rule|Species Clause: Limit one of each Pokémon
|rule|OHKO Clause: OHKO moves are banned
|rule|Evasion Items Clause: Evasion items are banned
|rule|Evasion Moves Clause: Evasion moves are banned
|rule|Evasion Abilities Clause: Evasion abilities are banned
|rule|Sleep Moves Clause: Sleep-inducing moves are banned
|clearpoke
|poke|p1|Pelipper, M|
|poke|p1|Poliwrath, M|
|poke|p1|Kilowattrel, M|
|poke|p1|Gardevoir, F|
|poke|p1|Overqwil, M|
|poke|p1|Torterra, M|
|poke|p2|Scizor, F|
|poke|p2|Garchomp, F|
|poke|p2|Samurott-Hisui, M|
|poke|p2|Dragapult, F|
|poke|p2|Corviknight, F|
|poke|p2|Hatterene, F|
|teampreview
|inactive|Battle timer is ON: inactive players will automatically lose when time's up. (requested by Eyepatchs)
|
|t:|1760761733
|teamsize|p1|6
|teamsize|p2|6
|start
|switch|p1a: Pelipper|Pelipper, M, shiny|100/100
|switch|p2a: Samurott|Samurott-Hisui, M|100/100
|-weather|RainDance|[from] ability: Drizzle|[of] p1a: Pelipper
|turn|1
|
|t:|1760761737
|move|p2a: Samurott|Ceaseless Edge|p1a: Pelipper
|-damage|p1a: Pelipper|62/100
|-sidestart|p1: sadokadklwad|Spikes
|move|p1a: Pelipper|U-turn|p2a: Samurott
|-supereffective|p2a: Samurott
|-damage|p2a: Samurott|82/100
|
|t:|1760761742
|switch|p1a: Poliwrath|Poliwrath, M|100/100|[from] U-turn
|-damage|p1a: Poliwrath|88/100|[from] Spikes
|
|-weather|RainDance|[upkeep]
|upkeep
|turn|2
|
|t:|1760761745
|switch|p2a: Hatterene|Hatterene, F|100/100
|move|p1a: Poliwrath|Belly Drum|p1a: Poliwrath
|-damage|p1a: Poliwrath|38/100
|-setboost|p1a: Poliwrath|atk|6|[from] move: Belly Drum
|-enditem|p1a: Poliwrath|Sitrus Berry|[eat]
|-heal|p1a: Poliwrath|63/100|[from] item: Sitrus Berry
|
|-weather|RainDance|[upkeep]
|upkeep
|turn|3
|
|t:|1760761763
|-terastallize|p2a: Hatterene|Water
|move|p1a: Poliwrath|Waterfall|p2a: Hatterene
|-resisted|p2a: Hatterene
|-damage|p2a: Hatterene|4/100
|move|p2a: Hatterene|Psychic Noise|p1a: Poliwrath
|-supereffective|p1a: Poliwrath
|-damage|p1a: Poliwrath|0 fnt
|faint|p1a: Poliwrath
|
|-weather|RainDance|[upkeep]
|-heal|p2a: Hatterene|10/100|[from] item: Leftovers
|upkeep
|inactive|sadokadklwad has 120 seconds left.
|
|t:|1760761803
|switch|p1a: Overqwil|Overqwil, M, shiny|100/100
|-damage|p1a: Overqwil|88/100|[from] Spikes
|turn|4
|
|t:|1760761816
|move|p1a: Overqwil|Swords Dance|p1a: Overqwil
|-boost|p1a: Overqwil|atk|2
|move|p2a: Hatterene|Psychic Noise|p1a: Overqwil
|-immune|p1a: Overqwil
|
|-weather|RainDance|[upkeep]
|-heal|p2a: Hatterene|16/100|[from] item: Leftovers
|upkeep
|turn|5
|inactive|sadokadklwad has 120 seconds left.
|
|t:|1760761824
|move|p1a: Overqwil|Crunch|p2a: Hatterene
|-damage|p2a: Hatterene|0 fnt
|faint|p2a: Hatterene
|-damage|p1a: Overqwil|78/100|[from] item: Life Orb
|
|-weather|RainDance|[upkeep]
|upkeep
|
|t:|1760761831
|switch|p2a: Corviknight|Corviknight, F|100/100
|-ability|p2a: Corviknight|Pressure
|turn|6
|
|t:|1760761846
|-terastallize|p1a: Overqwil|Dark
|move|p1a: Overqwil|Crunch|p2a: Corviknight
|-damage|p2a: Corviknight|17/100
|-damage|p1a: Overqwil|62/100|[from] item: Rocky Helmet|[of] p2a: Corviknight
|-damage|p1a: Overqwil|52/100|[from] item: Life Orb
|move|p2a: Corviknight|Iron Defense|p2a: Corviknight
|-boost|p2a: Corviknight|def|2
|
|-weather|RainDance|[upkeep]
|upkeep
|turn|7
|
|t:|1760761850
|move|p1a: Overqwil|Crunch|p2a: Corviknight
|-damage|p2a: Corviknight|0 fnt
|-damage|p1a: Overqwil|36/100|[from] item: Rocky Helmet|[of] p2a: Corviknight
|faint|p2a: Corviknight
|-damage|p1a: Overqwil|26/100|[from] item: Life Orb
|
|-weather|RainDance|[upkeep]
|upkeep
|
|t:|1760761854
|switch|p2a: Scizor|Scizor, F|100/100
|turn|8
|inactive|sadokadklwad has 120 seconds left.
|l|‽sadokadklwad
|inactive|sadokadklwad disconnected and has a minute to reconnect!
|player|p1|
|inactive|sadokadklwad has 30 seconds to reconnect!
|inactive|sadokadklwad has 20 seconds to reconnect!
|inactive|sadokadklwad has 15 seconds to reconnect!
|inactive|sadokadklwad has 10 seconds to reconnect!
|inactive|sadokadklwad has 5 seconds to reconnect!
|-message|sadokadklwad lost due to inactivity.
|
|win|Eyepatchs
|raw|sadokadklwad's rating: 1103 &rarr; <strong>1082</strong><br />(-21 for losing)
|raw|Eyepatchs's rating: 1165 &rarr; <strong>1186</strong><br />(+21 for winning)
|l|☆Eyepatchs
|player|p2|
