|j|☆Sanchez1334
|j|☆dnnddndnnr
|t:|1760847516
|gametype|singles
|player|p1|Sanchez1334|n|1089
|player|p2|dnnddndnnr|102|1072
|gen|9
|tier|[Gen 9] OU
|rated|
|rule|HP Percentage Mod: HP is shown in percentages
|rule|Endless Battle Clause: Forcing endless battles is banned
|rule|Species Clause: Limit one of each Pokémon
|rule|OHKO Clause: OHKO moves are banned
|rule|Evasion Items Clause: Evasion items are banned
|rule|Evasion Moves Clause: Evasion moves are banned
|rule|Evasion Abilities Clause: Evasion abilities are banned
|rule|Sleep Moves Clause: Sleep-inducing moves are banned
|clearpoke
|poke|p1|Toxapex, M|
|poke|p1|Dragapult, M|
|poke|p1|Serperior, F|
|poke|p1|Clodsire, M|
|poke|p1|Magnezone|
|poke|p1|Flygon, M|
|poke|p2|Walking Wake|
|poke|p2|Scizor, F|
|poke|p2|Corviknight, M|
|poke|p2|Clodsire, M|
|poke|p2|Zamazenta-*|
|poke|p2|Gliscor, M|
|teampreview
|inactive|Battle timer is ON: inactive players will automatically lose when time's up. (requested by dnnddndnnr)
|
|t:|1760847525
|teamsize|p1|6
|teamsize|p2|6
|start
|switch|p1a: Clodsire|Clodsire, M|100/100
|switch|p2a: Corviknight|Corviknight, M|100/100
|turn|1
|
|t:|1760847534
|switch|p1a: Magnezone|Magnezone|100/100
|move|p2a: Corviknight|Taunt|p1a: Magnezone
|-start|p1a: Magnezone|move: Taunt
|
|upkeep
|turn|2
|
|t:|1760847547
|move|p1a: Magnezone|Thunderbolt|p2a: Corviknight
|-supereffective|p2a: Corviknight
|-damage|p2a: Corviknight|19/100
|move|p2a: Corviknight|U-turn|p1a: Magnezone
|-resisted|p1a: Magnezone
|-damage|p1a: Magnezone|95/100
|
|t:|1760847550
|switch|p2a: Gliscor|Gliscor, M|100/100|[from] U-turn
|
|-heal|p1a: Magnezone|100/100|[from] item: Leftovers
|-status|p2a: Gliscor|tox|[from] item: Toxic Orb
|upkeep
|turn|3
|
|t:|1760847565
|switch|p1a: Dragapult|Dragapult, M|100/100
|move|p2a: Gliscor|Earthquake|p1a: Dragapult
|-damage|p1a: Dragapult|65/100
|
|-heal|p1a: Dragapult|71/100|[from] item: Leftovers
|upkeep
|turn|4
|
|t:|1760847579
|move|p1a: Dragapult|Hydro Pump|p2a: Gliscor
|-supereffective|p2a: Gliscor
|-damage|p2a: Gliscor|31/100 tox
|move|p2a: Gliscor|Knock Off|p1a: Dragapult
|-supereffective|p1a: Dragapult
|-damage|p1a: Dragapult|26/100
|-enditem|p1a: Dragapult|Leftovers|[from] move: Knock Off|[of] p2a: Gliscor
|
|-heal|p2a: Gliscor|43/100 tox|[from] ability: Poison Heal
|upkeep
|turn|5
|
|t:|1760847588
|switch|p2a: Clodsire|Clodsire, M|100/100
|move|p1a: Dragapult|Hydro Pump|p2a: Clodsire
|-immune|p2a: Clodsire|[from] ability: Water Absorb
|
|upkeep
|turn|6
|
|t:|1760847602
|switch|p1a: Flygon|Flygon, M|100/100
|move|p2a: Clodsire|Stealth Rock|p1a: Flygon
|-sidestart|p1: Sanchez1334|move: Stealth Rock
|
|upkeep
|turn|7
|
|t:|1760847609
|switch|p2a: Gliscor|Gliscor, M|43/100 tox
|move|p1a: Flygon|Earth Power|p2a: Gliscor
|-immune|p2a: Gliscor
|
|-heal|p2a: Gliscor|56/100 tox|[from] ability: Poison Heal
|upkeep
|turn|8
|
|t:|1760847635
|move|p1a: Flygon|Giga Drain|p2a: Gliscor
|-damage|p2a: Gliscor|36/100 tox
|move|p2a: Gliscor|Knock Off|p1a: Flygon
|-damage|p1a: Flygon|75/100
|-enditem|p1a: Flygon|Leftovers|[from] move: Knock Off|[of] p2a: Gliscor
|
|-heal|p2a: Gliscor|48/100 tox|[from] ability: Poison Heal
|upkeep
|turn|9
|
|t:|1760847653
|switch|p1a: Serperior|Serperior, F|100/100
|-damage|p1a: Serperior|88/100|[from] Stealth Rock
|move|p2a: Gliscor|Toxic|p1a: Serperior
|-status|p1a: Serperior|tox
|
|-heal|p1a: Serperior|94/100 tox|[from] item: Leftovers
|-damage|p1a: Serperior|88/100 tox|[from] psn
|-heal|p2a: Gliscor|61/100 tox|[from] ability: Poison Heal
|upkeep
|turn|10
|
|t:|1760847671
|move|p1a: Serperior|Leaf Storm|p2a: Gliscor
|-damage|p2a: Gliscor|17/100 tox
|-boost|p1a: Serperior|spa|2
|move|p2a: Gliscor|Toxic|p1a: Serperior
|-fail|p1a: Serperior|tox
|
|-heal|p1a: Serperior|94/100 tox|[from] item: Leftovers
|-damage|p1a: Serperior|82/100 tox|[from] psn
|-heal|p2a: Gliscor|29/100 tox|[from] ability: Poison Heal
|upkeep
|turn|11
|
|t:|1760847683
|switch|p2a: Scizor|Scizor, F|100/100
|move|p1a: Serperior|Leaf Storm|p2a: Scizor
|-resisted|p2a: Scizor
|-damage|p2a: Scizor|71/100
|-boost|p1a: Serperior|spa|2
|
|-heal|p1a: Serperior|88/100 tox|[from] item: Leftovers
|-damage|p1a: Serperior|70/100 tox|[from] psn
|upkeep
|turn|12
|
|t:|1760847693
|move|p2a: Scizor|Bullet Punch|p1a: Serperior
|-damage|p1a: Serperior|15/100 tox
|move|p1a: Serperior|Leaf Storm|p2a: Scizor
|-resisted|p2a: Scizor
|-damage|p2a: Scizor|28/100
|-boost|p1a: Serperior|spa|2
|
|-heal|p1a: Serperior|21/100 tox|[from] item: Leftovers
|-damage|p1a: Serperior|0 fnt|[from] psn
|faint|p1a: Serperior
|upkeep
|
|t:|1760847706
|switch|p1a: Magnezone|Magnezone|100/100
|-damage|p1a: Magnezone|95/100|[from] Stealth Rock
|turn|13
|
|t:|1760847718
|move|p2a: Scizor|Bullet Punch|p1a: Magnezone
|-resisted|p1a: Magnezone
|-damage|p1a: Magnezone|83/100
|move|p1a: Magnezone|Thunderbolt|p2a: Scizor
|-damage|p2a: Scizor|0 fnt
|faint|p2a: Scizor
|
|-heal|p1a: Magnezone|89/100|[from] item: Leftovers
|upkeep
|
|t:|1760847723
|switch|p2a: Gliscor|Gliscor, M|29/100 tox
|turn|14
|
|t:|1760847739
|switch|p1a: Dragapult|Dragapult, M|26/100
|-damage|p1a: Dragapult|13/100|[from] Stealth Rock
|move|p2a: Gliscor|Earthquake|p1a: Dragapult
|-damage|p1a: Dragapult|0 fnt
|faint|p1a: Dragapult
|
|-heal|p2a: Gliscor|41/100 tox|[from] ability: Poison Heal
|upkeep
|
|t:|1760847751
|switch|p1a: Toxapex|Toxapex, M|100/100
|-damage|p1a: Toxapex|88/100|[from] Stealth Rock
|turn|15
|
|t:|1760847756
|move|p2a: Gliscor|Earthquake|p1a: Toxapex
|-supereffective|p1a: Toxapex
|-damage|p1a: Toxapex|28/100
|move|p1a: Toxapex|Surf|p2a: Gliscor
|-supereffective|p2a: Gliscor
|-crit|p2a: Gliscor
|-damage|p2a: Gliscor|0 fnt
|faint|p2a: Gliscor
|
|-heal|p1a: Toxapex|34/100|[from] item: Leftovers
|upkeep
|
|t:|1760847763
|switch|p2a: Walking Wake|Walking Wake|100/100
|turn|16
|
|t:|1760847770
|move|p2a: Walking Wake|Draco Meteor|p1a: Toxapex
|-damage|p1a: Toxapex|0 fnt
|-unboost|p2a: Walking Wake|spa|2
|faint|p1a: Toxapex
|
|upkeep
|
|t:|1760847777
|switch|p1a: Clodsire|Clodsire, M|100/100
|-damage|p1a: Clodsire|94/100|[from] Stealth Rock
|turn|17
|
|t:|1760847783
|-end|p2a: Walking Wake|Protosynthesis|[silent]
|switch|p2a: Corviknight|Corviknight, M|19/100
|-terastallize|p1a: Clodsire|Poison
|move|p1a: Clodsire|Toxic|p2a: Corviknight
|-immune|p2a: Corviknight
|
|-heal|p1a: Clodsire|100/100|[from] item: Leftovers
|upkeep
|turn|18
|
|t:|1760847801
|switch|p1a: Magnezone|Magnezone|89/100
|-damage|p1a: Magnezone|83/100|[from] Stealth Rock
|move|p2a: Corviknight|Taunt|p1a: Magnezone
|-start|p1a: Magnezone|move: Taunt
|
|-heal|p1a: Magnezone|89/100|[from] item: Leftovers
|upkeep
|turn|19
|
|t:|1760847811
|move|p1a: Magnezone|Thunderbolt|p2a: Corviknight
|-supereffective|p2a: Corviknight
|-damage|p2a: Corviknight|0 fnt
|faint|p2a: Corviknight
|
|-heal|p1a: Magnezone|95/100|[from] item: Leftovers
|upkeep
|
|t:|1760847834
|switch|p2a: Clodsire|Clodsire, M|100/100
|turn|20
|
|t:|1760847840
|switch|p1a: Flygon|Flygon, M|75/100
|-damage|p1a: Flygon|69/100|[from] Stealth Rock
|move|p2a: Clodsire|Toxic|p1a: Flygon
|-status|p1a: Flygon|tox
|
|-damage|p1a: Flygon|63/100 tox|[from] psn
|upkeep
|turn|21
|
|t:|1760847853
|switch|p2a: Walking Wake|Walking Wake|100/100
|move|p1a: Flygon|Earth Power|p2a: Walking Wake
|-damage|p2a: Walking Wake|68/100
|-unboost|p2a: Walking Wake|spd|1
|
|-damage|p1a: Flygon|50/100 tox|[from] psn
|upkeep
|turn|22
|
|t:|1760847863
|switch|p1a: Clodsire|Clodsire, M, tera:Poison|100/100
|-damage|p1a: Clodsire|88/100|[from] Stealth Rock
|move|p2a: Walking Wake|Draco Meteor|p1a: Clodsire
|-damage|p1a: Clodsire|31/100
|-unboost|p2a: Walking Wake|spa|2
|
|-heal|p1a: Clodsire|37/100|[from] item: Leftovers
|upkeep
|turn|23
|
|t:|1760847874
|-end|p2a: Walking Wake|Protosynthesis|[silent]
|switch|p2a: Zamazenta|Zamazenta|100/100
|-ability|p2a: Zamazenta|Dauntless Shield|boost
|-boost|p2a: Zamazenta|def|1
|move|p1a: Clodsire|Protect||[still]
|-fail|p1a: Clodsire
|
|-heal|p1a: Clodsire|43/100|[from] item: Leftovers
|upkeep
|turn|24
|
|t:|1760847882
|move|p1a: Clodsire|Protect|p1a: Clodsire
|-singleturn|p1a: Clodsire|Protect
|move|p2a: Zamazenta|Substitute|p2a: Zamazenta
|-start|p2a: Zamazenta|Substitute
|-damage|p2a: Zamazenta|76/100
|
|-heal|p2a: Zamazenta|82/100|[from] item: Leftovers
|-heal|p1a: Clodsire|49/100|[from] item: Leftovers
|upkeep
|turn|25
|
|t:|1760847892
|move|p2a: Zamazenta|Iron Defense|p2a: Zamazenta
|-boost|p2a: Zamazenta|def|2
|move|p1a: Clodsire|Recover|p1a: Clodsire
|-heal|p1a: Clodsire|99/100
|
|-heal|p2a: Zamazenta|88/100|[from] item: Leftovers
|-heal|p1a: Clodsire|100/100|[from] item: Leftovers
|upkeep
|turn|26
|
|t:|1760847904
|move|p2a: Zamazenta|Iron Defense|p2a: Zamazenta
|-boost|p2a: Zamazenta|def|2
|move|p1a: Clodsire|Earthquake|p2a: Zamazenta
|-activate|p2a: Zamazenta|move: Substitute|[damage]
|
|-heal|p2a: Zamazenta|94/100|[from] item: Leftovers
|upkeep
|turn|27
|
|t:|1760847914
|switch|p1a: Magnezone|Magnezone|95/100
|-damage|p1a: Magnezone|89/100|[from] Stealth Rock
|move|p2a: Zamazenta|Iron Defense|p2a: Zamazenta
|-boost|p2a: Zamazenta|def|1
|
|-heal|p2a: Zamazenta|99/100|[from] item: Leftovers
|-heal|p1a: Magnezone|95/100|[from] item: Leftovers
|upkeep
|turn|28
|
|t:|1760847925
|move|p2a: Zamazenta|Body Press|p1a: Magnezone
|-supereffective|p1a: Magnezone
|-damage|p1a: Magnezone|0 fnt
|faint|p1a: Magnezone
|
|-heal|p2a: Zamazenta|100/100|[from] item: Leftovers
|upkeep
|
|t:|1760847933
|switch|p1a: Flygon|Flygon, M|50/100 tox
|-damage|p1a: Flygon|44/100 tox|[from] Stealth Rock
|turn|29
|
|t:|1760847941
|move|p2a: Zamazenta|Body Press|p1a: Flygon
|-damage|p1a: Flygon|0 fnt
|faint|p1a: Flygon
|
|upkeep
|
|t:|1760847947
|switch|p1a: Clodsire|Clodsire, M, tera:Poison|100/100
|-damage|p1a: Clodsire|88/100|[from] Stealth Rock
|turn|30
|
|t:|1760847956
|move|p2a: Zamazenta|Body Press|p1a: Clodsire
|-resisted|p1a: Clodsire
|-damage|p1a: Clodsire|0 fnt
|faint|p1a: Clodsire
|
|win|dnnddndnnr
|raw|Sanchez1334's rating: 1089 &rarr; <strong>1068</strong><br />(-21 for losing)
|raw|dnnddndnnr's rating: 1123 &rarr; <strong>1146</strong><br />(+23 for winning)
|l|☆Sanchez1334
|player|p1|
|l|☆dnnddndnnr
|player|p2|
