|j|☆Patole
|j|☆ThatFroot
|t:|1760810379
|gametype|singles
|player|p1|Patole|fantina|1173
|player|p2|ThatFroot|red|1127
|gen|9
|tier|[Gen 9] OU
|rated|
|rule|HP Percentage Mod: HP is shown in percentages
|rule|Endless Battle Clause: Forcing endless battles is banned
|rule|Species Clause: Limit one of each Pokémon
|rule|OHKO Clause: OHKO moves are banned
|rule|Evasion Items Clause: Evasion items are banned
|rule|Evasion Moves Clause: Evasion moves are banned
|rule|Evasion Abilities Clause: Evasion abilities are banned
|rule|Sleep Moves Clause: Sleep-inducing moves are banned
|clearpoke
|poke|p1|Iron Moth|
|poke|p1|Primarina, F|
|poke|p1|Rillaboom, M|
|poke|p1|Great Tusk|
|poke|p1|Iron Crown|
|poke|p1|Kingambit, M|
|poke|p2|Greninja-*, M|
|poke|p2|Salamence, M|
|poke|p2|Excadrill, M|
|poke|p2|Galvantula, M|
|poke|p2|Grimmsnarl, M|
|poke|p2|Magmortar, F|
|teampreview
|
|t:|1760810386
|teamsize|p1|6
|teamsize|p2|6
|start
|switch|p1a: Iron Crown|Iron Crown|100/100
|switch|p2a: Salamence|Salamence, M|100/100
|-ability|p2a: Salamence|Intimidate|boost
|-unboost|p1a: Iron Crown|atk|1
|-enditem|p1a: Iron Crown|Booster Energy
|-activate|p1a: Iron Crown|ability: Quark Drive|[fromitem]
|-start|p1a: Iron Crown|quarkdrivespa
|turn|1
|
|t:|1760810394
|move|p1a: Iron Crown|Calm Mind|p1a: Iron Crown
|-boost|p1a: Iron Crown|spa|1
|-boost|p1a: Iron Crown|spd|1
|move|p2a: Salamence|Roar|p1a: Iron Crown
|-enditem|p2a: Salamence|Throat Spray
|-boost|p2a: Salamence|spa|1|[from] item: Throat Spray
|-end|p1a: Iron Crown|Quark Drive|[silent]
|drag|p1a: Iron Moth|Iron Moth|100/100
|
|upkeep
|turn|2
|
|t:|1760810401
|move|p1a: Iron Moth|Sludge Wave|p2a: Salamence
|-damage|p2a: Salamence|10/100
|move|p2a: Salamence|Hydro Pump|p1a: Iron Moth
|-supereffective|p1a: Iron Moth
|-damage|p1a: Iron Moth|0 fnt
|faint|p1a: Iron Moth
|-end|p1a: Iron Moth|Quark Drive|[silent]
|
|upkeep
|
|t:|1760810416
|switch|p1a: Rillaboom|Rillaboom, M|100/100
|-fieldstart|move: Grassy Terrain|[from] ability: Grassy Surge|[of] p1a: Rillaboom
|turn|3
|
|t:|1760810424
|move|p1a: Rillaboom|Grassy Glide|p2a: Salamence
|-resisted|p2a: Salamence
|-damage|p2a: Salamence|0 fnt
|faint|p2a: Salamence
|
|upkeep
|
|t:|1760810432
|switch|p2a: Greninja|Greninja, M|100/100
|turn|4
|
|t:|1760810436
|-terastallize|p2a: Greninja|Poison
|move|p1a: Rillaboom|Grassy Glide|p2a: Greninja
|-resisted|p2a: Greninja
|-damage|p2a: Greninja|69/100
|move|p2a: Greninja|Sludge Wave|p1a: Rillaboom
|-supereffective|p1a: Rillaboom
|-damage|p1a: Rillaboom|16/100
|-damage|p2a: Greninja|59/100|[from] item: Life Orb
|
|-heal|p2a: Greninja|65/100|[from] Grassy Terrain
|-heal|p1a: Rillaboom|22/100|[from] Grassy Terrain
|upkeep
|turn|5
|
|t:|1760810447
|move|p1a: Rillaboom|Grassy Glide|p2a: Greninja
|-resisted|p2a: Greninja
|-damage|p2a: Greninja|29/100
|move|p2a: Greninja|Ice Beam|p1a: Rillaboom
|-supereffective|p1a: Rillaboom
|-damage|p1a: Rillaboom|0 fnt
|faint|p1a: Rillaboom
|-ability|p2a: Greninja|Battle Bond|boost
|-boost|p2a: Greninja|atk|1
|-boost|p2a: Greninja|spa|1
|-boost|p2a: Greninja|spe|1
|-activate|p2a: Greninja|ability: Battle Bond
|-damage|p2a: Greninja|19/100|[from] item: Life Orb
|
|-heal|p2a: Greninja|25/100|[from] Grassy Terrain
|upkeep
|
|t:|1760810465
|switch|p1a: Iron Crown|Iron Crown|100/100
|turn|6
|
|t:|1760810474
|-terastallize|p1a: Iron Crown|Flying
|move|p2a: Greninja|Dark Pulse|p1a: Iron Crown
|-damage|p1a: Iron Crown|34/100
|-damage|p2a: Greninja|16/100|[from] item: Life Orb
|move|p1a: Iron Crown|Psychic Noise|p2a: Greninja
|-supereffective|p2a: Greninja
|-damage|p2a: Greninja|0 fnt
|faint|p2a: Greninja
|
|upkeep
|
|t:|1760810484
|switch|p2a: Galvantula|Galvantula, M|100/100
|turn|7
|
|t:|1760810489
|move|p2a: Galvantula|Sticky Web|p1a: Iron Crown
|-sidestart|p1: Patole|move: Sticky Web
|move|p1a: Iron Crown|Tachyon Cutter|p2a: Galvantula
|-resisted|p2a: Galvantula
|-damage|p2a: Galvantula|79/100
|-resisted|p2a: Galvantula
|-damage|p2a: Galvantula|55/100
|-hitcount|p2a: Galvantula|2
|
|-heal|p2a: Galvantula|61/100|[from] Grassy Terrain
|-fieldend|move: Grassy Terrain
|upkeep
|turn|8
|
|t:|1760810499
|move|p2a: Galvantula|Volt Switch|p1a: Iron Crown
|-supereffective|p1a: Iron Crown
|-damage|p1a: Iron Crown|0 fnt
|faint|p1a: Iron Crown
|-end|p1a: Iron Crown|Quark Drive|[silent]
|
|t:|1760810503
|switch|p2a: Magmortar|Magmortar, F|100/100|[from] Volt Switch
|
|upkeep
|
|t:|1760810505
|switch|p1a: Primarina|Primarina, F|100/100
|-activate|p1a: Primarina|move: Sticky Web
|-unboost|p1a: Primarina|spe|1
|turn|9
|
|t:|1760810511
|move|p2a: Magmortar|Solar Beam||[still]
|-prepare|p2a: Magmortar|Solar Beam
|-enditem|p2a: Magmortar|Power Herb
|-anim|p2a: Magmortar|Solar Beam|p1a: Primarina
|-supereffective|p1a: Primarina
|-damage|p1a: Primarina|31/100
|move|p1a: Primarina|Surf|p2a: Magmortar
|-supereffective|p2a: Magmortar
|-damage|p2a: Magmortar|0 fnt
|faint|p2a: Magmortar
|
|-heal|p1a: Primarina|37/100|[from] item: Leftovers
|upkeep
|
|t:|1760810521
|switch|p2a: Galvantula|Galvantula, M|61/100
|turn|10
|
|t:|1760810526
|move|p2a: Galvantula|Thunder|p1a: Primarina
|-supereffective|p1a: Primarina
|-damage|p1a: Primarina|0 fnt
|faint|p1a: Primarina
|
|upkeep
|
|t:|1760810532
|switch|p1a: Great Tusk|Great Tusk|100/100
|turn|11
|inactive|Battle timer is ON: inactive players will automatically lose when time's up. (requested by Patole)
|
|t:|1760810544
|move|p2a: Galvantula|Bug Buzz|p1a: Great Tusk
|-resisted|p1a: Great Tusk
|-damage|p1a: Great Tusk|74/100
|move|p1a: Great Tusk|Headlong Rush|p2a: Galvantula
|-damage|p2a: Galvantula|0 fnt
|-unboost|p1a: Great Tusk|def|1
|-unboost|p1a: Great Tusk|spd|1
|faint|p2a: Galvantula
|
|upkeep
|
|t:|1760810553
|switch|p2a: Grimmsnarl|Grimmsnarl, M|100/100
|turn|12
|
|t:|1760810559
|move|p2a: Grimmsnarl|Reflect|p2a: Grimmsnarl
|-sidestart|p2: ThatFroot|Reflect
|move|p1a: Great Tusk|Taunt|p2a: Grimmsnarl
|-start|p2a: Grimmsnarl|move: Taunt
|
|upkeep
|turn|13
|
|t:|1760810564
|move|p1a: Great Tusk|Headlong Rush|p2a: Grimmsnarl
|-damage|p2a: Grimmsnarl|75/100
|-unboost|p1a: Great Tusk|def|1
|-unboost|p1a: Great Tusk|spd|1
|move|p2a: Grimmsnarl|Play Rough|p1a: Great Tusk
|-supereffective|p1a: Great Tusk
|-damage|p1a: Great Tusk|0 fnt
|faint|p1a: Great Tusk
|-end|p1a: Great Tusk|Protosynthesis|[silent]
|
|upkeep
|
|t:|1760810567
|switch|p1a: Kingambit|Kingambit, M|100/100
|-activate|p1a: Kingambit|move: Sticky Web
|-unboost|p1a: Kingambit|spe|1
|-activate|p1a: Kingambit|ability: Supreme Overlord
|-start|p1a: Kingambit|fallen5|[silent]
|turn|14
|
|t:|1760810580
|move|p2a: Grimmsnarl|Play Rough|p1a: Kingambit
|-damage|p1a: Kingambit|73/100
|move|p1a: Kingambit|Swords Dance|p1a: Kingambit
|-boost|p1a: Kingambit|atk|2
|
|upkeep
|turn|15
|
|t:|1760810586
|move|p2a: Grimmsnarl|Play Rough|p1a: Kingambit
|-damage|p1a: Kingambit|46/100
|-unboost|p1a: Kingambit|atk|1
|move|p1a: Kingambit|Iron Head|p2a: Grimmsnarl
|-supereffective|p2a: Grimmsnarl
|-damage|p2a: Grimmsnarl|0 fnt
|faint|p2a: Grimmsnarl
|
|upkeep
|
|t:|1760810594
|switch|p2a: Excadrill|Excadrill, M|100/100
|-ability|p2a: Excadrill|Mold Breaker
|-item|p2a: Excadrill|Air Balloon
|turn|16
|
|t:|1760810599
|move|p1a: Kingambit|Sucker Punch|p2a: Excadrill
|-damage|p2a: Excadrill|37/100
|-enditem|p2a: Excadrill|Air Balloon
|move|p2a: Excadrill|Earthquake|p1a: Kingambit
|-supereffective|p1a: Kingambit
|-damage|p1a: Kingambit|0 fnt
|faint|p1a: Kingambit
|-end|p1a: Kingambit|fallen5|[silent]
|
|win|ThatFroot
|raw|Patole's rating: 1173 &rarr; <strong>1145</strong><br />(-28 for losing)
|raw|ThatFroot's rating: 1127 &rarr; <strong>1155</strong><br />(+28 for winning)
|l|☆Patole
|player|p1|
|l|☆ThatFroot
|player|p2|
