|j|☆caudda
|j|☆naicker2000
|t:|1760834381
|gametype|singles
|player|p1|caudda|265|1148
|player|p2|naicker2000|rocketgruntf|1185
|gen|9
|tier|[Gen 9] OU
|rated|
|rule|HP Percentage Mod: HP is shown in percentages
|rule|Endless Battle Clause: Forcing endless battles is banned
|rule|Species Clause: Limit one of each Pokémon
|rule|OHKO Clause: OHKO moves are banned
|rule|Evasion Items Clause: Evasion items are banned
|rule|Evasion Moves Clause: Evasion moves are banned
|rule|Evasion Abilities Clause: Evasion abilities are banned
|rule|Sleep Moves Clause: Sleep-inducing moves are banned
|clearpoke
|poke|p1|Salamence, M|
|poke|p1|Ceruledge, M|
|poke|p1|Primarina, M|
|poke|p1|Pecharunt|
|poke|p1|Bronzong|
|poke|p1|Serperior, M|
|poke|p2|Pelipper, M|
|poke|p2|Barraskewda, F|
|poke|p2|Ogerpon-Wellspring, F|
|poke|p2|Zapdos|
|poke|p2|Hatterene, F|
|poke|p2|Beartic, F|
|teampreview
|
|t:|1760834391
|teamsize|p1|6
|teamsize|p2|6
|start
|switch|p1a: Serperior|Serperior, M|100/100
|switch|p2a: sami zayn|Pelipper, M|100/100
|-weather|RainDance|[from] ability: Drizzle|[of] p2a: sami zayn
|turn|1
|
|t:|1760834399
|move|p1a: Serperior|Glare|p2a: sami zayn
|-status|p2a: sami zayn|par
|move|p2a: sami zayn|Hurricane|p1a: Serperior
|-supereffective|p1a: Serperior
|-damage|p1a: Serperior|29/100
|-start|p1a: Serperior|confusion
|
|-weather|RainDance|[upkeep]
|-heal|p1a: Serperior|36/100|[from] item: Leftovers
|upkeep
|turn|2
|
|t:|1760834411
|switch|p1a: Bronzong|Bronzong|100/100
|move|p2a: sami zayn|Hurricane|p1a: Bronzong
|-resisted|p1a: Bronzong
|-damage|p1a: Bronzong|88/100
|-start|p1a: Bronzong|confusion
|
|-weather|RainDance|[upkeep]
|upkeep
|turn|3
|
|t:|1760834426
|switch|p2a: aj lee|Hatterene, F|100/100
|-activate|p1a: Bronzong|confusion
|move|p1a: Bronzong|Trick|p2a: aj lee
|-activate|p1a: Bronzong|move: Trick|[of] p2a: aj lee
|-item|p2a: aj lee|Choice Scarf|[from] move: Trick
|-item|p1a: Bronzong|Eject Button|[from] move: Trick
|
|-weather|RainDance|[upkeep]
|upkeep
|turn|4
|
|t:|1760834439
|move|p2a: aj lee|Mystical Fire|p1a: Bronzong
|-supereffective|p1a: Bronzong
|-damage|p1a: Bronzong|72/100
|-unboost|p1a: Bronzong|spa|1
|-enditem|p1a: Bronzong|Eject Button
|
|t:|1760834448
|switch|p1a: Pecharunt|Pecharunt|100/100
|
|-weather|RainDance|[upkeep]
|upkeep
|turn|5
|
|t:|1760834457
|switch|p2a: becky lynch|Barraskewda, F|100/100
|move|p1a: Pecharunt|Malignant Chain|p2a: becky lynch
|-damage|p2a: becky lynch|5/100
|-status|p2a: becky lynch|tox
|-start|p2a: becky lynch|confusion|[from] ability: Poison Puppeteer|[of] p1a: Pecharunt
|
|-weather|RainDance|[upkeep]
|-damage|p2a: becky lynch|0 fnt|[from] psn
|faint|p2a: becky lynch
|upkeep
|
|t:|1760834468
|switch|p2a: Beartic|Beartic, F|100/100
|turn|6
|
|t:|1760834472
|move|p2a: Beartic|Icicle Spear|p1a: Pecharunt
|-damage|p1a: Pecharunt|91/100
|-damage|p1a: Pecharunt|80/100
|-damage|p1a: Pecharunt|71/100
|-damage|p1a: Pecharunt|62/100
|-hitcount|p1a: Pecharunt|4
|move|p1a: Pecharunt|Malignant Chain|p2a: Beartic
|-damage|p2a: Beartic|49/100
|
|-weather|RainDance|[upkeep]
|upkeep
|turn|7
|
|t:|1760834484
|move|p2a: Beartic|Earthquake|p1a: Pecharunt
|-supereffective|p1a: Pecharunt
|-damage|p1a: Pecharunt|16/100
|move|p1a: Pecharunt|Malignant Chain|p2a: Beartic
|-damage|p2a: Beartic|0 fnt
|faint|p2a: Beartic
|
|-weather|RainDance|[upkeep]
|upkeep
|
|t:|1760834494
|switch|p2a: seth rollins|Ogerpon-Wellspring, F|100/100
|turn|8
|
|t:|1760834499
|-terastallize|p2a: seth rollins|Water
|detailschange|p2a: seth rollins|Ogerpon-Wellspring-Tera, F, tera:Water
|-ability|p2a: seth rollins|Embody Aspect (Wellspring)|boost
|-boost|p2a: seth rollins|spd|1
|move|p2a: seth rollins|Ivy Cudgel|p1a: Pecharunt|[anim] Ivy Cudgel Water
|-damage|p1a: Pecharunt|0 fnt
|faint|p1a: Pecharunt
|
|-weather|none
|upkeep
|
|t:|1760834510
|switch|p1a: Primarina|Primarina, M|100/100
|turn|9
|
|t:|1760834515
|move|p2a: seth rollins|Power Whip|p1a: Primarina
|-supereffective|p1a: Primarina
|-damage|p1a: Primarina|0 fnt
|faint|p1a: Primarina
|
|upkeep
|
|t:|1760834526
|switch|p1a: Bronzong|Bronzong|72/100
|turn|10
|
|t:|1760834534
|switch|p2a: sami zayn|Pelipper, M|100/100 par
|-weather|RainDance|[from] ability: Drizzle|[of] p2a: sami zayn
|move|p1a: Bronzong|Flash Cannon|p2a: sami zayn
|-resisted|p2a: sami zayn
|-damage|p2a: sami zayn|82/100 par
|
|-weather|RainDance|[upkeep]
|upkeep
|turn|11
|
|t:|1760834542
|move|p1a: Bronzong|Psychic|p2a: sami zayn
|-damage|p2a: sami zayn|40/100 par
|cant|p2a: sami zayn|par
|
|-weather|RainDance|[upkeep]
|upkeep
|turn|12
|
|t:|1760834547
|move|p1a: Bronzong|Psychic|p2a: sami zayn
|-damage|p2a: sami zayn|2/100 par
|move|p2a: sami zayn|U-turn|p1a: Bronzong
|-damage|p1a: Bronzong|64/100
|
|t:|1760834552
|switch|p2a: seth rollins|Ogerpon-Wellspring-Tera, F, tera:Water|100/100|[from] U-turn
|-ability|p2a: seth rollins|Embody Aspect (Wellspring)|boost
|-boost|p2a: seth rollins|spd|1
|
|-weather|RainDance|[upkeep]
|upkeep
|turn|13
|
|t:|1760834559
|move|p2a: seth rollins|Ivy Cudgel|p1a: Bronzong|[anim] Ivy Cudgel Water
|-damage|p1a: Bronzong|0 fnt
|faint|p1a: Bronzong
|
|-weather|RainDance|[upkeep]
|upkeep
|
|t:|1760834565
|switch|p1a: Salamence|Salamence, M, shiny|100/100
|turn|14
|
|t:|1760834575
|-terastallize|p1a: Salamence|Fairy
|move|p2a: seth rollins|Play Rough|p1a: Salamence
|-damage|p1a: Salamence|58/100
|move|p1a: Salamence|Dragon Dance|p1a: Salamence
|-boost|p1a: Salamence|atk|1
|-boost|p1a: Salamence|spe|1
|
|-weather|RainDance|[upkeep]
|upkeep
|turn|15
|
|t:|1760834585
|move|p1a: Salamence|Dragon Claw|p2a: seth rollins
|-damage|p2a: seth rollins|1/100
|move|p2a: seth rollins|Ivy Cudgel|p1a: Salamence|[anim] Ivy Cudgel Water
|-damage|p1a: Salamence|0 fnt
|faint|p1a: Salamence
|
|-weather|RainDance|[upkeep]
|upkeep
|
|t:|1760834592
|switch|p1a: Ceruledge|Ceruledge, M, shiny|100/100
|turn|16
|
|t:|1760834600
|switch|p2a: cm punk|Zapdos|100/100
|move|p1a: Ceruledge|Shadow Sneak|p2a: cm punk
|-damage|p2a: cm punk|75/100
|-status|p1a: Ceruledge|par|[from] ability: Static|[of] p2a: cm punk
|
|-weather|RainDance|[upkeep]
|upkeep
|turn|17
|
|t:|1760834610
|move|p2a: cm punk|Weather Ball|p1a: Ceruledge
|-supereffective|p1a: Ceruledge
|-damage|p1a: Ceruledge|0 fnt
|faint|p1a: Ceruledge
|
|-weather|none
|upkeep
|-message|caudda forfeited.
|
|win|naicker2000
|raw|caudda's rating: 1148 &rarr; <strong>1126</strong><br />(-22 for losing)
|raw|naicker2000's rating: 1185 &rarr; <strong>1207</strong><br />(+22 for winning)
|l|☆caudda
|player|p1|
|l|☆naicker2000
|player|p2|
