|j|☆Monarith
|j|☆aarush132451
|t:|1760850757
|gametype|singles
|player|p1|Monarith|wicke|1198
|player|p2|aarush132451|volkner|1230
|gen|9
|tier|[Gen 9] OU
|rated|
|rule|HP Percentage Mod: HP is shown in percentages
|rule|Endless Battle Clause: Forcing endless battles is banned
|rule|Species Clause: Limit one of each Pokémon
|rule|OHKO Clause: OHKO moves are banned
|rule|Evasion Items Clause: Evasion items are banned
|rule|Evasion Moves Clause: Evasion moves are banned
|rule|Evasion Abilities Clause: Evasion abilities are banned
|rule|Sleep Moves Clause: Sleep-inducing moves are banned
|clearpoke
|poke|p1|Eelektross, F|
|poke|p1|Dragapult, M|
|poke|p1|Hatterene, F|
|poke|p1|Iron Treads|
|poke|p1|Iron Moth|
|poke|p1|Ogerpon-Wellspring, F|
|poke|p2|Greninja-*, M|
|poke|p2|Dragonite, F|
|poke|p2|Blaziken, F|
|poke|p2|Iron Treads|
|poke|p2|Vikavolt, M|
|poke|p2|Umbreon, M|
|teampreview
|
|t:|1760850766
|teamsize|p1|6
|teamsize|p2|6
|start
|switch|p1a: Dragapult|Dragapult, M|100/100
|switch|p2a: Iron Treads|Iron Treads|100/100
|-enditem|p2a: Iron Treads|Booster Energy
|-activate|p2a: Iron Treads|ability: Quark Drive|[fromitem]
|-start|p2a: Iron Treads|quarkdrivespe
|turn|1
|
|t:|1760850797
|-terastallize|p2a: Iron Treads|Ice
|move|p2a: Iron Treads|Ice Spinner|p1a: Dragapult
|-supereffective|p1a: Dragapult
|-damage|p1a: Dragapult|12/100
|move|p1a: Dragapult|Will-O-Wisp|p2a: Iron Treads
|-status|p2a: Iron Treads|brn
|
|-damage|p2a: Iron Treads|94/100 brn|[from] brn
|upkeep
|turn|2
|
|t:|1760850819
|switch|p1a: Eelektross|Eelektross, F|100/100
|move|p2a: Iron Treads|Ice Spinner|p1a: Eelektross
|-damage|p1a: Eelektross|80/100
|
|-heal|p1a: Eelektross|87/100|[from] item: Leftovers
|-damage|p2a: Iron Treads|88/100 brn|[from] brn
|upkeep
|turn|3
|
|t:|1760850830
|move|p2a: Iron Treads|Stealth Rock|p1a: Eelektross
|-sidestart|p1: Monarith|move: Stealth Rock
|move|p1a: Eelektross|Coil|p1a: Eelektross
|-boost|p1a: Eelektross|atk|1
|-boost|p1a: Eelektross|def|1
|-boost|p1a: Eelektross|accuracy|1
|
|-heal|p1a: Eelektross|93/100|[from] item: Leftovers
|-damage|p2a: Iron Treads|82/100 brn|[from] brn
|upkeep
|turn|4
|
|t:|1760850843
|-end|p2a: Iron Treads|Quark Drive|[silent]
|switch|p2a: Dragonite|Dragonite, F|100/100
|move|p1a: Eelektross|Coil|p1a: Eelektross
|-boost|p1a: Eelektross|atk|1
|-boost|p1a: Eelektross|def|1
|-boost|p1a: Eelektross|accuracy|1
|
|-heal|p1a: Eelektross|99/100|[from] item: Leftovers
|upkeep
|turn|5
|
|t:|1760850853
|move|p2a: Dragonite|Dragon Dance|p2a: Dragonite
|-boost|p2a: Dragonite|atk|1
|-boost|p2a: Dragonite|spe|1
|move|p1a: Eelektross|Coil|p1a: Eelektross
|-boost|p1a: Eelektross|atk|1
|-boost|p1a: Eelektross|def|1
|-boost|p1a: Eelektross|accuracy|1
|
|-heal|p1a: Eelektross|100/100|[from] item: Leftovers
|upkeep
|turn|6
|
|t:|1760850863
|move|p2a: Dragonite|Dragon Dance|p2a: Dragonite
|-boost|p2a: Dragonite|atk|1
|-boost|p2a: Dragonite|spe|1
|move|p1a: Eelektross|Zap Cannon|p2a: Dragonite
|-damage|p2a: Dragonite|80/100
|-status|p2a: Dragonite|par
|
|upkeep
|turn|7
|
|t:|1760850874
|move|p2a: Dragonite|Dragon Dance|p2a: Dragonite
|-boost|p2a: Dragonite|atk|1
|-boost|p2a: Dragonite|spe|1
|move|p1a: Eelektross|Knock Off|p2a: Dragonite
|-damage|p2a: Dragonite|11/100 par
|-enditem|p2a: Dragonite|Weakness Policy|[from] move: Knock Off|[of] p1a: Eelektross
|
|upkeep
|turn|8
|
|t:|1760850883
|move|p2a: Dragonite|Dragon Claw|p1a: Eelektross
|-damage|p1a: Eelektross|55/100
|move|p1a: Eelektross|Coil|p1a: Eelektross
|-boost|p1a: Eelektross|atk|1
|-boost|p1a: Eelektross|def|1
|-boost|p1a: Eelektross|accuracy|1
|
|-heal|p1a: Eelektross|61/100|[from] item: Leftovers
|upkeep
|turn|9
|
|t:|1760850894
|move|p2a: Dragonite|Dragon Claw|p1a: Eelektross
|-damage|p1a: Eelektross|22/100
|move|p1a: Eelektross|Drain Punch|p2a: Dragonite
|-resisted|p2a: Dragonite
|-damage|p2a: Dragonite|0 fnt
|-heal|p1a: Eelektross|27/100|[from] drain|[of] p2a: Dragonite
|faint|p2a: Dragonite
|
|-heal|p1a: Eelektross|33/100|[from] item: Leftovers
|upkeep
|
|t:|1760850907
|switch|p2a: Greninja|Greninja, M|100/100
|turn|10
|
|t:|1760850917
|move|p2a: Greninja|Dark Pulse|p1a: Eelektross
|-damage|p1a: Eelektross|6/100
|move|p1a: Eelektross|Drain Punch|p2a: Greninja
|-supereffective|p2a: Greninja
|-enditem|p2a: Greninja|Focus Sash
|-damage|p2a: Greninja|1/100
|-heal|p1a: Eelektross|44/100|[from] drain|[of] p2a: Greninja
|
|-heal|p1a: Eelektross|50/100|[from] item: Leftovers
|upkeep
|turn|11
|
|t:|1760850929
|move|p2a: Greninja|Hydro Pump|p1a: Eelektross
|-damage|p1a: Eelektross|12/100
|move|p1a: Eelektross|Drain Punch|p2a: Greninja
|-supereffective|p2a: Greninja
|-damage|p2a: Greninja|0 fnt
|-heal|p1a: Eelektross|12/100|[from] drain|[of] p2a: Greninja
|faint|p2a: Greninja
|
|-heal|p1a: Eelektross|18/100|[from] item: Leftovers
|upkeep
|
|t:|1760850944
|switch|p2a: Vikavolt|Vikavolt, M, shiny|100/100
|turn|12
|
|t:|1760850954
|move|p2a: Vikavolt|Agility|p2a: Vikavolt
|-boost|p2a: Vikavolt|spe|2
|move|p1a: Eelektross|Knock Off|p2a: Vikavolt
|-damage|p2a: Vikavolt|3/100
|-enditem|p2a: Vikavolt|Throat Spray|[from] move: Knock Off|[of] p1a: Eelektross
|
|-heal|p1a: Eelektross|24/100|[from] item: Leftovers
|upkeep
|turn|13
|
|t:|1760850964
|move|p2a: Vikavolt|Bug Buzz|p1a: Eelektross
|-damage|p1a: Eelektross|0 fnt
|faint|p1a: Eelektross
|
|upkeep
|
|t:|1760850976
|switch|p1a: Iron Moth|Iron Moth|100/100
|-damage|p1a: Iron Moth|76/100|[from] Stealth Rock
|-enditem|p1a: Iron Moth|Booster Energy
|-activate|p1a: Iron Moth|ability: Quark Drive|[fromitem]
|-start|p1a: Iron Moth|quarkdrivespe
|turn|14
|
|t:|1760850983
|move|p1a: Iron Moth|Fiery Dance|p2a: Vikavolt
|-supereffective|p2a: Vikavolt
|-damage|p2a: Vikavolt|0 fnt
|faint|p2a: Vikavolt
|
|upkeep
|
|t:|1760850992
|switch|p2a: Iron Treads|Iron Treads, tera:Ice|82/100 brn
|turn|15
|
|t:|1760850996
|move|p1a: Iron Moth|Fiery Dance|p2a: Iron Treads
|-supereffective|p2a: Iron Treads
|-damage|p2a: Iron Treads|0 fnt
|faint|p2a: Iron Treads
|-end|p2a: Iron Treads|Quark Drive|[silent]
|
|upkeep
|-message|aarush132451 forfeited.
|
|win|Monarith
|raw|Monarith's rating: 1198 &rarr; <strong>1225</strong><br />(+27 for winning)
|raw|aarush132451's rating: 1230 &rarr; <strong>1203</strong><br />(-27 for losing)
|l|☆aarush132451
|player|p2|
|l|☆Monarith
|player|p1|
