|j|☆OoshymOoshy
|j|☆phrugsqueek
|t:|1760849687
|gametype|singles
|player|p1|OoshymOoshy|marshal|1104
|player|p2|phrugsqueek|psychicf-gen4|1147
|gen|9
|tier|[Gen 9] OU
|rated|
|rule|HP Percentage Mod: HP is shown in percentages
|rule|Endless Battle Clause: Forcing endless battles is banned
|rule|Species Clause: Limit one of each Pokémon
|rule|OHKO Clause: OHKO moves are banned
|rule|Evasion Items Clause: Evasion items are banned
|rule|Evasion Moves Clause: Evasion moves are banned
|rule|Evasion Abilities Clause: Evasion abilities are banned
|rule|Sleep Moves Clause: Sleep-inducing moves are banned
|clearpoke
|poke|p1|Great Tusk|
|poke|p1|Cinderace, F|
|poke|p1|Gholdengo|
|poke|p1|Iron Valiant|
|poke|p1|Walking Wake|
|poke|p1|Kingambit, F|
|poke|p2|Hydrapple, F|
|poke|p2|Kingdra, M|
|poke|p2|Swalot, M|
|poke|p2|Yanmega, M|
|poke|p2|Whiscash, F|
|poke|p2|Kilowattrel, M|
|teampreview
|inactive|Battle timer is ON: inactive players will automatically lose when time's up. (requested by phrugsqueek)
|
|t:|1760849695
|teamsize|p1|6
|teamsize|p2|6
|start
|switch|p1a: Great Tusk|Great Tusk|100/100
|switch|p2a: Whiscash|Whiscash, F|100/100
|turn|1
|
|t:|1760849703
|move|p1a: Great Tusk|Stealth Rock|p2a: Whiscash
|-sidestart|p2: phrugsqueek|move: Stealth Rock
|move|p2a: Whiscash|Dragon Dance|p2a: Whiscash
|-boost|p2a: Whiscash|atk|1
|-boost|p2a: Whiscash|spe|1
|
|upkeep
|turn|2
|
|t:|1760849713
|-end|p1a: Great Tusk|Protosynthesis|[silent]
|switch|p1a: Gholdengo|Gholdengo|100/100
|move|p2a: Whiscash|Stealth Rock|p1a: Gholdengo
|-sidestart|p1: OoshymOoshy|move: Stealth Rock
|
|upkeep
|turn|3
|
|t:|1760849721
|move|p1a: Gholdengo|Trick|p2a: Whiscash
|-activate|p1a: Gholdengo|move: Trick|[of] p2a: Whiscash
|-item|p2a: Whiscash|Choice Scarf|[from] move: Trick
|-item|p1a: Gholdengo|Focus Sash|[from] move: Trick
|move|p2a: Whiscash|Ice Beam|p1a: Gholdengo
|-resisted|p1a: Gholdengo
|-crit|p1a: Gholdengo
|-damage|p1a: Gholdengo|86/100
|
|upkeep
|turn|4
|
|t:|1760849730
|move|p2a: Whiscash|Ice Beam|p1a: Gholdengo
|-resisted|p1a: Gholdengo
|-damage|p1a: Gholdengo|76/100
|move|p1a: Gholdengo|Shadow Ball|p2a: Whiscash
|-crit|p2a: Whiscash
|-damage|p2a: Whiscash|50/100
|-unboost|p2a: Whiscash|spd|1
|
|upkeep
|turn|5
|
|t:|1760849740
|move|p2a: Whiscash|Ice Beam|p1a: Gholdengo
|-resisted|p1a: Gholdengo
|-damage|p1a: Gholdengo|66/100
|move|p1a: Gholdengo|Shadow Ball|p2a: Whiscash
|-damage|p2a: Whiscash|2/100
|
|upkeep
|turn|6
|
|t:|1760849750
|move|p2a: Whiscash|Ice Beam|p1a: Gholdengo
|-resisted|p1a: Gholdengo
|-damage|p1a: Gholdengo|57/100
|move|p1a: Gholdengo|Shadow Ball|p2a: Whiscash
|-damage|p2a: Whiscash|0 fnt
|faint|p2a: Whiscash
|
|upkeep
|
|t:|1760849768
|switch|p2a: Swalot|Swalot, M, shiny|100/100
|-damage|p2a: Swalot|88/100|[from] Stealth Rock
|turn|7
|
|t:|1760849774
|move|p1a: Gholdengo|Trick|p2a: Swalot
|-immune|p2a: Swalot
|move|p2a: Swalot|Stuff Cheeks|p2a: Swalot
|-boost|p2a: Swalot|def|2
|-enditem|p2a: Swalot|Starf Berry|[eat]
|-boost|p2a: Swalot|def|2|[from] item: Starf Berry
|
|upkeep
|turn|8
|
|t:|1760849789
|move|p1a: Gholdengo|Focus Blast|p2a: Swalot
|-resisted|p2a: Swalot
|-damage|p2a: Swalot|64/100
|move|p2a: Swalot|Thief|p1a: Gholdengo
|-supereffective|p1a: Gholdengo
|-damage|p1a: Gholdengo|35/100
|-enditem|p1a: Gholdengo|Focus Sash|[silent]|[from] move: Thief|[of] p2a: Swalot
|-item|p2a: Swalot|Focus Sash|[from] move: Thief|[of] p1a: Gholdengo
|
|upkeep
|turn|9
|
|t:|1760849805
|move|p1a: Gholdengo|Make It Rain|p2a: Swalot
|-damage|p2a: Swalot|0 fnt
|-unboost|p1a: Gholdengo|spa|1
|faint|p2a: Swalot
|
|upkeep
|
|t:|1760849815
|switch|p2a: Hydrapple|Hydrapple, F, shiny|100/100
|-damage|p2a: Hydrapple|88/100|[from] Stealth Rock
|-ability|p2a: Hydrapple|Supersweet Syrup
|-unboost|p1a: Gholdengo|evasion|1
|turn|10
|
|t:|1760849827
|move|p1a: Gholdengo|Trick|p2a: Hydrapple
|-activate|p1a: Gholdengo|move: Trick|[of] p2a: Hydrapple
|-enditem|p2a: Hydrapple|Salac Berry|[silent]|[from] move: Trick
|-item|p1a: Gholdengo|Salac Berry|[from] move: Trick
|move|p2a: Hydrapple|Nasty Plot|p2a: Hydrapple
|-boost|p2a: Hydrapple|spa|2
|
|upkeep
|turn|11
|
|t:|1760849835
|move|p1a: Gholdengo|Shadow Ball|p2a: Hydrapple
|-damage|p2a: Hydrapple|55/100
|move|p2a: Hydrapple|Earth Power|p1a: Gholdengo
|-supereffective|p1a: Gholdengo
|-damage|p1a: Gholdengo|0 fnt
|faint|p1a: Gholdengo
|
|upkeep
|
|t:|1760849842
|switch|p1a: Great Tusk|Great Tusk|100/100
|turn|12
|
|t:|1760849849
|move|p1a: Great Tusk|Rapid Spin|p2a: Hydrapple
|-damage|p2a: Hydrapple|43/100
|-boost|p1a: Great Tusk|spe|1
|-sideend|p1: OoshymOoshy|Stealth Rock|[from] move: Rapid Spin|[of] p1a: Great Tusk
|move|p2a: Hydrapple|Fickle Beam|p1a: Great Tusk
|-damage|p1a: Great Tusk|2/100
|
|upkeep
|turn|13
|
|t:|1760849859
|move|p1a: Great Tusk|Knock Off|p2a: Hydrapple
|-damage|p2a: Hydrapple|29/100
|move|p2a: Hydrapple|Fickle Beam|p1a: Great Tusk|[anim] Fickle Beam All Out
|-activate|p2a: Hydrapple|move: Fickle Beam
|-crit|p1a: Great Tusk
|-damage|p1a: Great Tusk|0 fnt
|faint|p1a: Great Tusk
|-end|p1a: Great Tusk|Protosynthesis|[silent]
|
|upkeep
|
|t:|1760849867
|switch|p1a: Cinderace|Cinderace, F, shiny|100/100
|turn|14
|
|t:|1760849872
|move|p1a: Cinderace|Pyro Ball|p2a: Hydrapple
|-damage|p2a: Hydrapple|0 fnt
|faint|p2a: Hydrapple
|
|upkeep
|
|t:|1760849884
|switch|p2a: Kilowattrel|Kilowattrel, M|100/100
|-damage|p2a: Kilowattrel|76/100|[from] Stealth Rock
|turn|15
|
|t:|1760849894
|move|p2a: Kilowattrel|Tailwind|p2a: Kilowattrel
|-sidestart|p2: phrugsqueek|move: Tailwind
|-start|p2a: Kilowattrel|Charge|Tailwind|[from] ability: Wind Power
|move|p1a: Cinderace|U-turn|p2a: Kilowattrel
|-start|p1a: Cinderace|typechange|Bug|[from] ability: Libero
|-resisted|p2a: Kilowattrel
|-damage|p2a: Kilowattrel|46/100
|
|t:|1760849913
|switch|p1a: Iron Valiant|Iron Valiant, shiny|100/100|[from] U-turn
|-enditem|p1a: Iron Valiant|Booster Energy
|-activate|p1a: Iron Valiant|ability: Quark Drive|[fromitem]
|-start|p1a: Iron Valiant|quarkdrivespe
|
|upkeep
|turn|16
|
|t:|1760849921
|move|p2a: Kilowattrel|Air Slash|p1a: Iron Valiant|[miss]
|-miss|p2a: Kilowattrel|p1a: Iron Valiant
|move|p1a: Iron Valiant|Swords Dance|p1a: Iron Valiant
|-boost|p1a: Iron Valiant|atk|2
|
|upkeep
|turn|17
|
|t:|1760849930
|-terastallize|p1a: Iron Valiant|Fairy
|move|p2a: Kilowattrel|Air Slash|p1a: Iron Valiant
|-damage|p1a: Iron Valiant|36/100
|cant|p1a: Iron Valiant|flinch
|
|upkeep
|turn|18
|
|t:|1760849938
|move|p2a: Kilowattrel|Air Slash|p1a: Iron Valiant
|-damage|p1a: Iron Valiant|0 fnt
|faint|p1a: Iron Valiant
|-end|p1a: Iron Valiant|Quark Drive|[silent]
|
|-sideend|p2: phrugsqueek|move: Tailwind
|upkeep
|
|t:|1760849945
|switch|p1a: Cinderace|Cinderace, F, shiny|100/100
|turn|19
|
|t:|1760849950
|move|p2a: Kilowattrel|Tailwind|p2a: Kilowattrel
|-sidestart|p2: phrugsqueek|move: Tailwind
|-start|p2a: Kilowattrel|Charge|Tailwind|[from] ability: Wind Power
|move|p1a: Cinderace|High Jump Kick|p2a: Kilowattrel
|-start|p1a: Cinderace|typechange|Fighting|[from] ability: Libero
|-resisted|p2a: Kilowattrel
|-damage|p2a: Kilowattrel|0 fnt
|faint|p2a: Kilowattrel
|
|upkeep
|
|t:|1760849960
|switch|p2a: Yanmega|Yanmega, M, shiny|100/100
|turn|20
|
|t:|1760849967
|move|p2a: Yanmega|Protect|p2a: Yanmega
|-singleturn|p2a: Yanmega|Protect
|move|p1a: Cinderace|Pyro Ball|p2a: Yanmega
|-activate|p2a: Yanmega|move: Protect
|
|-ability|p2a: Yanmega|Speed Boost|boost
|-boost|p2a: Yanmega|spe|1
|upkeep
|turn|21
|
|t:|1760849981
|move|p2a: Yanmega|Air Slash|p1a: Cinderace
|-supereffective|p1a: Cinderace
|-damage|p1a: Cinderace|1/100
|move|p1a: Cinderace|Pyro Ball|p2a: Yanmega
|-supereffective|p2a: Yanmega
|-damage|p2a: Yanmega|2/100
|
|-ability|p2a: Yanmega|Speed Boost|boost
|-boost|p2a: Yanmega|spe|1
|upkeep
|turn|22
|
|t:|1760849997
|move|p2a: Yanmega|Air Slash|p1a: Cinderace
|-supereffective|p1a: Cinderace
|-damage|p1a: Cinderace|0 fnt
|faint|p1a: Cinderace
|
|-sideend|p2: phrugsqueek|move: Tailwind
|-ability|p2a: Yanmega|Speed Boost|boost
|-boost|p2a: Yanmega|spe|1
|upkeep
|
|t:|1760850003
|switch|p1a: Walking Wake|Walking Wake|100/100
|turn|23
|
|t:|1760850009
|move|p2a: Yanmega|Giga Drain|p1a: Walking Wake
|-damage|p1a: Walking Wake|74/100
|-heal|p2a: Yanmega|16/100|[from] drain|[of] p1a: Walking Wake
|move|p1a: Walking Wake|Flamethrower|p2a: Yanmega
|-supereffective|p2a: Yanmega
|-damage|p2a: Yanmega|0 fnt
|faint|p2a: Yanmega
|
|upkeep
|
|t:|1760850018
|switch|p2a: Kingdra|Kingdra, M|100/100
|-damage|p2a: Kingdra|88/100|[from] Stealth Rock
|turn|24
|
|t:|1760850035
|-end|p1a: Walking Wake|Protosynthesis|[silent]
|switch|p1a: Kingambit|Kingambit, F, shiny|100/100
|-activate|p1a: Kingambit|ability: Supreme Overlord
|-start|p1a: Kingambit|fallen4|[silent]
|-terastallize|p2a: Kingdra|Dark
|move|p2a: Kingdra|Focus Energy|p2a: Kingdra
|-start|p2a: Kingdra|move: Focus Energy
|
|upkeep
|turn|25
|
|t:|1760850044
|move|p1a: Kingambit|Sucker Punch||[still]
|-fail|p1a: Kingambit
|move|p2a: Kingdra|Agility|p2a: Kingdra
|-boost|p2a: Kingdra|spe|2
|
|upkeep
|turn|26
|
|t:|1760850056
|move|p2a: Kingdra|Draco Meteor|p1a: Kingambit
|-resisted|p1a: Kingambit
|-crit|p1a: Kingambit
|-damage|p1a: Kingambit|45/100
|-unboost|p2a: Kingdra|spa|2
|move|p1a: Kingambit|Kowtow Cleave|p2a: Kingdra
|-resisted|p2a: Kingdra
|-damage|p2a: Kingdra|44/100
|
|-heal|p1a: Kingambit|51/100|[from] item: Leftovers
|upkeep
|turn|27
|
|t:|1760850070
|move|p2a: Kingdra|Draco Meteor|p1a: Kingambit
|-resisted|p1a: Kingambit
|-crit|p1a: Kingambit
|-damage|p1a: Kingambit|0 fnt
|-unboost|p2a: Kingdra|spa|2
|faint|p1a: Kingambit
|-end|p1a: Kingambit|fallen4|[silent]
|
|upkeep
|
|t:|1760850076
|switch|p1a: Walking Wake|Walking Wake|74/100
|turn|28
|
|t:|1760850085
|move|p2a: Kingdra|Draco Meteor|p1a: Walking Wake
|-supereffective|p1a: Walking Wake
|-crit|p1a: Walking Wake
|-damage|p1a: Walking Wake|0 fnt
|-unboost|p2a: Kingdra|spa|2
|faint|p1a: Walking Wake
|-end|p1a: Walking Wake|Protosynthesis|[silent]
|
|win|phrugsqueek
|raw|OoshymOoshy's rating: 1104 &rarr; <strong>1082</strong><br />(-22 for losing)
|raw|phrugsqueek's rating: 1147 &rarr; <strong>1169</strong><br />(+22 for winning)
|l|☆OoshymOoshy
|player|p1|
|l|☆phrugsqueek
|player|p2|
