|j|☆Battlebot998
|j|☆DrapionElectivire
|t:|1760816028
|gametype|singles
|player|p1|Battlebot998|kabu|1336
|player|p2|DrapionElectivire|102|1301
|gen|9
|tier|[Gen 9] OU
|rated|
|rule|HP Percentage Mod: HP is shown in percentages
|rule|Endless Battle Clause: Forcing endless battles is banned
|rule|Species Clause: Limit one of each Pokémon
|rule|OHKO Clause: OHKO moves are banned
|rule|Evasion Items Clause: Evasion items are banned
|rule|Evasion Moves Clause: Evasion moves are banned
|rule|Evasion Abilities Clause: Evasion abilities are banned
|rule|Sleep Moves Clause: Sleep-inducing moves are banned
|clearpoke
|poke|p1|Grimmsnarl, M|
|poke|p1|Talonflame, M|
|poke|p1|Minior-Green|
|poke|p1|Gholdengo|
|poke|p1|Mew|
|poke|p1|Glastrier|
|poke|p2|Raging Bolt|
|poke|p2|Iron Hands|
|poke|p2|Ursaluna, F|
|poke|p2|Grimmsnarl, M|
|poke|p2|Moltres|
|poke|p2|Dragapult, M|
|teampreview
|inactive|Battle timer is ON: inactive players will automatically lose when time's up. (requested by DrapionElectivire)
|
|t:|1760816050
|teamsize|p1|6
|teamsize|p2|6
|start
|switch|p1a: Grimmsnarl|Grimmsnarl, M|100/100
|switch|p2a: Grimmsnarl|Grimmsnarl, M, shiny|100/100
|turn|1
|
|t:|1760816056
|move|p1a: Grimmsnarl|Reflect|p1a: Grimmsnarl
|-sidestart|p1: Battlebot998|Reflect
|move|p2a: Grimmsnarl|Spirit Break|p1a: Grimmsnarl
|-supereffective|p1a: Grimmsnarl
|-damage|p1a: Grimmsnarl|61/100
|-unboost|p1a: Grimmsnarl|spa|1
|
|upkeep
|turn|2
|
|t:|1760816064
|move|p1a: Grimmsnarl|Light Screen|p1a: Grimmsnarl
|-sidestart|p1: Battlebot998|move: Light Screen
|move|p2a: Grimmsnarl|Spirit Break|p1a: Grimmsnarl
|-supereffective|p1a: Grimmsnarl
|-damage|p1a: Grimmsnarl|24/100
|-unboost|p1a: Grimmsnarl|spa|1
|
|upkeep
|turn|3
|
|t:|1760816073
|switch|p1a: Glastrier|Glastrier|100/100
|move|p2a: Grimmsnarl|Spirit Break|p1a: Glastrier
|-damage|p1a: Glastrier|90/100
|-unboost|p1a: Glastrier|spa|1
|
|upkeep
|turn|4
|
|t:|1760816081
|move|p2a: Grimmsnarl|Parting Shot|p1a: Glastrier
|-unboost|p1a: Glastrier|atk|1
|-unboost|p1a: Glastrier|spa|1
|
|t:|1760816084
|switch|p2a: Iron Hands|Iron Hands|100/100|[from] Parting Shot
|move|p1a: Glastrier|Icicle Crash|p2a: Iron Hands|[miss]
|-miss|p1a: Glastrier|p2a: Iron Hands
|
|upkeep
|turn|5
|
|t:|1760816096
|switch|p1a: Gholdengo|Gholdengo|100/100
|move|p2a: Iron Hands|Fake Out|p1a: Gholdengo
|-immune|p1a: Gholdengo
|
|upkeep
|turn|6
|
|t:|1760816104
|move|p1a: Gholdengo|Shadow Ball|p2a: Iron Hands
|-damage|p2a: Iron Hands|76/100
|-unboost|p2a: Iron Hands|spd|1
|move|p2a: Iron Hands|Earthquake|p1a: Gholdengo
|-supereffective|p1a: Gholdengo
|-damage|p1a: Gholdengo|55/100
|
|upkeep
|turn|7
|
|t:|1760816117
|move|p1a: Gholdengo|Shadow Ball|p2a: Iron Hands
|-damage|p2a: Iron Hands|43/100
|move|p2a: Iron Hands|Earthquake|p1a: Gholdengo
|-supereffective|p1a: Gholdengo
|-crit|p1a: Gholdengo
|-damage|p1a: Gholdengo|0 fnt
|faint|p1a: Gholdengo
|
|upkeep
|
|t:|1760816125
|switch|p1a: Minior|Minior-Green|100/100
|-formechange|p1a: Minior|Minior-Meteor||[from] ability: Shields Down
|turn|8
|
|t:|1760816132
|-terastallize|p1a: Minior|Dragon
|move|p1a: Minior|Shell Smash|p1a: Minior
|-unboost|p1a: Minior|def|1
|-unboost|p1a: Minior|spd|1
|-boost|p1a: Minior|atk|2
|-boost|p1a: Minior|spa|2
|-boost|p1a: Minior|spe|2
|-enditem|p1a: Minior|White Herb
|-clearnegativeboost|p1a: Minior|[silent]
|move|p2a: Iron Hands|Supercell Slam|p1a: Minior
|-resisted|p1a: Minior
|-damage|p1a: Minior|82/100
|
|-sideend|p1: Battlebot998|Reflect
|upkeep
|turn|9
|
|t:|1760816148
|move|p1a: Minior|Earthquake|p2a: Iron Hands
|-supereffective|p2a: Iron Hands
|-damage|p2a: Iron Hands|0 fnt
|faint|p2a: Iron Hands
|-end|p2a: Iron Hands|Quark Drive|[silent]
|
|-sideend|p1: Battlebot998|move: Light Screen
|upkeep
|
|t:|1760816156
|switch|p2a: Grimmsnarl|Grimmsnarl, M, shiny|100/100
|turn|10
|
|t:|1760816160
|move|p2a: Grimmsnarl|Reflect|p2a: Grimmsnarl
|-sidestart|p2: DrapionElectivire|Reflect
|move|p1a: Minior|Acrobatics|p2a: Grimmsnarl
|-damage|p2a: Grimmsnarl|69/100
|
|upkeep
|turn|11
|
|t:|1760816167
|move|p1a: Minior|Acrobatics|p2a: Grimmsnarl
|-damage|p2a: Grimmsnarl|32/100
|move|p2a: Grimmsnarl|Spirit Break|p1a: Minior
|-supereffective|p1a: Minior
|-damage|p1a: Minior|3/100
|-unboost|p1a: Minior|spa|1
|
|-formechange|p1a: Minior|Minior-Green||[from] ability: Shields Down
|upkeep
|turn|12
|
|t:|1760816178
|move|p2a: Grimmsnarl|Parting Shot|p1a: Minior
|-unboost|p1a: Minior|atk|1
|-unboost|p1a: Minior|spa|1
|
|t:|1760816183
|switch|p2a: Raging Bolt|Raging Bolt|100/100|[from] Parting Shot
|move|p1a: Minior|Acrobatics|p2a: Raging Bolt
|-resisted|p2a: Raging Bolt
|-damage|p2a: Raging Bolt|85/100
|
|upkeep
|turn|13
|
|t:|1760816192
|switch|p1a: Glastrier|Glastrier|90/100
|move|p2a: Raging Bolt|Thunderclap||[still]
|-fail|p2a: Raging Bolt
|
|upkeep
|turn|14
|
|t:|1760816205
|-terastallize|p2a: Raging Bolt|Fairy
|move|p2a: Raging Bolt|Tera Blast|p1a: Glastrier|[anim] Tera Blast Fairy
|-damage|p1a: Glastrier|67/100
|move|p1a: Glastrier|High Horsepower|p2a: Raging Bolt|[miss]
|-miss|p1a: Glastrier|p2a: Raging Bolt
|
|upkeep
|turn|15
|
|t:|1760816214
|move|p2a: Raging Bolt|Calm Mind|p2a: Raging Bolt
|-boost|p2a: Raging Bolt|spa|1
|-boost|p2a: Raging Bolt|spd|1
|move|p1a: Glastrier|Icicle Crash|p2a: Raging Bolt
|-damage|p2a: Raging Bolt|62/100
|
|upkeep
|turn|16
|
|t:|1760816222
|move|p2a: Raging Bolt|Thunderbolt|p1a: Glastrier
|-crit|p1a: Glastrier
|-damage|p1a: Glastrier|0 fnt
|faint|p1a: Glastrier
|
|upkeep
|
|t:|1760816226
|switch|p1a: Mew|Mew|100/100
|turn|17
|-message|Battlebot998 forfeited.
|
|win|DrapionElectivire
|raw|Battlebot998's rating: 1336 &rarr; <strong>1314</strong><br />(-22 for losing)
|raw|DrapionElectivire's rating: 1301 &rarr; <strong>1323</strong><br />(+22 for winning)
|l|☆Battlebot998
|player|p1|
|l|☆DrapionElectivire
|player|p2|
