|j|☆Drought.tt
|j|☆wsysmldg
|t:|1760853010
|gametype|singles
|player|p1|Drought.tt|170|1083
|player|p2|wsysmldg|pokemonbreederf-gen4|1065
|gen|9
|tier|[Gen 9] OU
|rated|
|rule|HP Percentage Mod: HP is shown in percentages
|rule|Endless Battle Clause: Forcing endless battles is banned
|rule|Species Clause: Limit one of each Pokémon
|rule|OHKO Clause: OHKO moves are banned
|rule|Evasion Items Clause: Evasion items are banned
|rule|Evasion Moves Clause: Evasion moves are banned
|rule|Evasion Abilities Clause: Evasion abilities are banned
|rule|Sleep Moves Clause: Sleep-inducing moves are banned
|clearpoke
|poke|p1|Hatterene, F|
|poke|p1|Slowking-Galar, M|
|poke|p1|Iron Hands|
|poke|p1|Crawdaunt, F|
|poke|p1|Ting-Lu|
|poke|p1|Kingambit, F|
|poke|p2|Ninetales-Alola, M|
|poke|p2|Armarouge, F|
|poke|p2|Skarmory, F|
|poke|p2|Ditto|
|poke|p2|Garganacl, M|
|poke|p2|Glimmora, F|
|teampreview
|
|t:|1760853023
|teamsize|p1|6
|teamsize|p2|6
|start
|switch|p1a: Slowking|Slowking-Galar, M|100/100
|switch|p2a: Skarmory|Skarmory, F|100/100
|turn|1
|
|t:|1760853032
|move|p2a: Skarmory|Spikes|p1a: Slowking
|-sidestart|p1: Drought.tt|Spikes
|move|p1a: Slowking|Trick Room|p1a: Slowking
|-fieldstart|move: Trick Room|[of] p1a: Slowking
|
|upkeep
|turn|2
|
|t:|1760853038
|move|p1a: Slowking|Flamethrower|p2a: Skarmory
|-supereffective|p2a: Skarmory
|-damage|p2a: Skarmory|33/100
|-status|p2a: Skarmory|brn
|move|p2a: Skarmory|Roar|p1a: Slowking
|drag|p1a: Kingambit|Kingambit, F|100/100
|-damage|p1a: Kingambit|88/100|[from] Spikes
|
|-damage|p2a: Skarmory|27/100 brn|[from] brn
|upkeep
|turn|3
|
|t:|1760853051
|move|p1a: Kingambit|Sucker Punch||[still]
|-fail|p1a: Kingambit
|move|p2a: Skarmory|Roost|p2a: Skarmory
|-heal|p2a: Skarmory|77/100 brn
|-singleturn|p2a: Skarmory|move: Roost
|
|-damage|p2a: Skarmory|71/100 brn|[from] brn
|upkeep
|turn|4
|
|t:|1760853068
|move|p1a: Kingambit|Swords Dance|p1a: Kingambit
|-boost|p1a: Kingambit|atk|2
|move|p2a: Skarmory|Spikes|p1a: Kingambit
|-sidestart|p1: Drought.tt|Spikes
|
|-damage|p2a: Skarmory|65/100 brn|[from] brn
|upkeep
|turn|5
|
|t:|1760853077
|move|p1a: Kingambit|Swords Dance|p1a: Kingambit
|-boost|p1a: Kingambit|atk|2
|move|p2a: Skarmory|Roar|p1a: Kingambit
|-end|p1a: Kingambit|fallenundefined|[silent]
|drag|p1a: Slowking|Slowking-Galar, M|100/100
|
|-damage|p2a: Skarmory|59/100 brn|[from] brn
|-fieldend|move: Trick Room
|upkeep
|turn|6
|
|t:|1760853095
|switch|p2a: Garganacl|Garganacl, M|100/100
|move|p1a: Slowking|Flamethrower|p2a: Garganacl
|-resisted|p2a: Garganacl
|-damage|p2a: Garganacl|89/100
|
|-heal|p2a: Garganacl|95/100|[from] item: Leftovers
|upkeep
|turn|7
|
|t:|1760853106
|move|p2a: Garganacl|Salt Cure|p1a: Slowking
|-damage|p1a: Slowking|87/100
|-start|p1a: Slowking|Salt Cure
|move|p1a: Slowking|Sludge Bomb|p2a: Garganacl
|-resisted|p2a: Garganacl
|-damage|p2a: Garganacl|77/100
|
|-heal|p2a: Garganacl|83/100|[from] item: Leftovers
|-damage|p1a: Slowking|74/100|[from] Salt Cure
|upkeep
|turn|8
|
|t:|1760853116
|move|p2a: Garganacl|Stealth Rock|p1a: Slowking
|-sidestart|p1: Drought.tt|move: Stealth Rock
|move|p1a: Slowking|Trick Room|p1a: Slowking
|-fieldstart|move: Trick Room|[of] p1a: Slowking
|
|-heal|p2a: Garganacl|89/100|[from] item: Leftovers
|-damage|p1a: Slowking|62/100|[from] Salt Cure
|upkeep
|turn|9
|
|t:|1760853133
|switch|p1a: Iron Hands|Iron Hands|100/100
|-damage|p1a: Iron Hands|84/100|[from] Spikes
|-damage|p1a: Iron Hands|78/100|[from] Stealth Rock
|move|p2a: Garganacl|Salt Cure|p1a: Iron Hands
|-resisted|p1a: Iron Hands
|-damage|p1a: Iron Hands|73/100
|-start|p1a: Iron Hands|Salt Cure
|
|-heal|p2a: Garganacl|95/100|[from] item: Leftovers
|-damage|p1a: Iron Hands|61/100|[from] Salt Cure
|upkeep
|turn|10
|
|t:|1760853147
|move|p2a: Garganacl|Protect|p2a: Garganacl
|-singleturn|p2a: Garganacl|Protect
|move|p1a: Iron Hands|Close Combat|p2a: Garganacl
|-activate|p2a: Garganacl|move: Protect
|
|-heal|p2a: Garganacl|100/100|[from] item: Leftovers
|-damage|p1a: Iron Hands|48/100|[from] Salt Cure
|upkeep
|turn|11
|
|t:|1760853161
|move|p2a: Garganacl|Recover||[still]
|-fail|p2a: Garganacl|heal
|move|p1a: Iron Hands|Close Combat|p2a: Garganacl
|-supereffective|p2a: Garganacl
|-damage|p2a: Garganacl|16/100
|-unboost|p1a: Iron Hands|def|1
|-unboost|p1a: Iron Hands|spd|1
|
|-heal|p2a: Garganacl|22/100|[from] item: Leftovers
|-damage|p1a: Iron Hands|36/100|[from] Salt Cure
|upkeep
|turn|12
|
|t:|1760853176
|move|p2a: Garganacl|Protect|p2a: Garganacl
|-singleturn|p2a: Garganacl|Protect
|move|p1a: Iron Hands|Close Combat|p2a: Garganacl
|-activate|p2a: Garganacl|move: Protect
|
|-heal|p2a: Garganacl|28/100|[from] item: Leftovers
|-damage|p1a: Iron Hands|23/100|[from] Salt Cure
|-fieldend|move: Trick Room
|upkeep
|turn|13
|
|t:|1760853186
|move|p1a: Iron Hands|Close Combat|p2a: Garganacl
|-supereffective|p2a: Garganacl
|-damage|p2a: Garganacl|0 fnt
|-unboost|p1a: Iron Hands|def|1
|-unboost|p1a: Iron Hands|spd|1
|faint|p2a: Garganacl
|
|-damage|p1a: Iron Hands|11/100|[from] Salt Cure
|upkeep
|
|t:|1760853199
|switch|p2a: Skarmory|Skarmory, F|59/100 brn
|turn|14
|
|t:|1760853203
|move|p2a: Skarmory|Roost|p2a: Skarmory
|-heal|p2a: Skarmory|100/100 brn
|-singleturn|p2a: Skarmory|move: Roost
|move|p1a: Iron Hands|Close Combat|p2a: Skarmory
|-supereffective|p2a: Skarmory
|-ability|p2a: Skarmory|Sturdy
|-damage|p2a: Skarmory|1/100 brn
|-unboost|p1a: Iron Hands|def|1
|-unboost|p1a: Iron Hands|spd|1
|-damage|p1a: Iron Hands|0 fnt|[from] item: Rocky Helmet|[of] p2a: Skarmory
|faint|p1a: Iron Hands
|-end|p1a: Iron Hands|Quark Drive|[silent]
|
|-damage|p2a: Skarmory|0 fnt|[from] brn
|faint|p2a: Skarmory
|upkeep
|
|t:|1760853223
|switch|p2a: Ninetales|Ninetales-Alola, M|100/100
|switch|p1a: Slowking|Slowking-Galar, M|95/100
|-weather|Snowscape|[from] ability: Snow Warning|[of] p2a: Ninetales
|turn|15
|
|t:|1760853235
|switch|p2a: Glimmora|Glimmora, F|100/100
|move|p1a: Slowking|Trick Room|p1a: Slowking
|-fieldstart|move: Trick Room|[of] p1a: Slowking
|
|-weather|Snowscape|[upkeep]
|upkeep
|turn|16
|
|t:|1760853251
|move|p1a: Slowking|Future Sight|p2a: Glimmora
|-start|p1a: Slowking|move: Future Sight
|move|p2a: Glimmora|Gunk Shot|p1a: Slowking
|-resisted|p1a: Slowking
|-damage|p1a: Slowking|81/100
|
|-weather|Snowscape|[upkeep]
|upkeep
|turn|17
|
|t:|1760853258
|switch|p1a: Hatterene|Hatterene, F|100/100
|-damage|p1a: Hatterene|84/100|[from] Spikes
|-damage|p1a: Hatterene|72/100|[from] Stealth Rock
|move|p2a: Glimmora|Spikes|p1a: Hatterene
|move|p1a: Hatterene|Spikes|p2a: Glimmora|[from] ability: Magic Bounce
|-sidestart|p2: wsysmldg|Spikes
|
|-weather|Snowscape|[upkeep]
|-heal|p1a: Hatterene|78/100|[from] item: Leftovers
|upkeep
|turn|18
|
|t:|1760853272
|move|p1a: Hatterene|Psychic|p2a: Glimmora
|-supereffective|p2a: Glimmora
|-enditem|p2a: Glimmora|Focus Sash
|-damage|p2a: Glimmora|1/100
|move|p2a: Glimmora|Mortal Spin|p1a: Hatterene
|-supereffective|p1a: Hatterene
|-damage|p1a: Hatterene|62/100
|-status|p1a: Hatterene|psn
|-sideend|p2: wsysmldg|Spikes|[from] move: Mortal Spin|[of] p2a: Glimmora
|
|-weather|Snowscape|[upkeep]
|-end|p2a: Glimmora|move: Future Sight
|-supereffective|p2a: Glimmora
|-damage|p2a: Glimmora|0 fnt
|faint|p2a: Glimmora
|-heal|p1a: Hatterene|68/100 psn|[from] item: Leftovers
|-damage|p1a: Hatterene|56/100 psn|[from] psn
|upkeep
|
|t:|1760853288
|switch|p2a: Armarouge|Armarouge, F|100/100
|-item|p2a: Armarouge|Air Balloon
|turn|19
|
|t:|1760853295
|move|p1a: Hatterene|Draining Kiss|p2a: Armarouge
|-resisted|p2a: Armarouge
|-damage|p2a: Armarouge|81/100
|-heal|p1a: Hatterene|70/100 psn|[from] drain|[of] p2a: Armarouge
|-enditem|p2a: Armarouge|Air Balloon
|move|p2a: Armarouge|Armor Cannon|p1a: Hatterene
|-damage|p1a: Hatterene|0 fnt
|-unboost|p2a: Armarouge|def|1
|-unboost|p2a: Armarouge|spd|1
|faint|p1a: Hatterene
|
|-weather|none
|-fieldend|move: Trick Room
|upkeep
|
|t:|1760853308
|switch|p1a: Crawdaunt|Crawdaunt, F|100/100
|-damage|p1a: Crawdaunt|84/100|[from] Spikes
|-damage|p1a: Crawdaunt|71/100|[from] Stealth Rock
|turn|20
|
|t:|1760853314
|move|p2a: Armarouge|Energy Ball|p1a: Crawdaunt
|-supereffective|p1a: Crawdaunt
|-crit|p1a: Crawdaunt
|-damage|p1a: Crawdaunt|0 fnt
|faint|p1a: Crawdaunt
|
|upkeep
|
|t:|1760853322
|switch|p1a: Slowking|Slowking-Galar, M|100/100
|turn|21
|
|t:|1760853331
|move|p2a: Armarouge|Armor Cannon|p1a: Slowking
|-damage|p1a: Slowking|47/100
|-unboost|p2a: Armarouge|def|1
|-unboost|p2a: Armarouge|spd|1
|move|p1a: Slowking|Trick Room|p1a: Slowking
|-fieldstart|move: Trick Room|[of] p1a: Slowking
|
|upkeep
|turn|22
|
|t:|1760853343
|switch|p2a: Ditto|Ditto, shiny|100/100
|-transform|p2a: Ditto|p1a: Slowking|[from] ability: Imposter
|move|p1a: Slowking|Sludge Bomb|p2a: Ditto
|-resisted|p2a: Ditto
|-damage|p2a: Ditto|78/100
|
|upkeep
|turn|23
|
|t:|1760853364
|move|p1a: Slowking|Future Sight|p2a: Ditto
|-start|p1a: Slowking|move: Future Sight
|move|p2a: Ditto|Flamethrower|p1a: Slowking
|-damage|p1a: Slowking|21/100
|
|upkeep
|turn|24
|
|t:|1760853371
|move|p1a: Slowking|Sludge Bomb|p2a: Ditto
|-resisted|p2a: Ditto
|-damage|p2a: Ditto|52/100
|move|p2a: Ditto|Flamethrower|p1a: Slowking
|-damage|p1a: Slowking|0 fnt
|faint|p1a: Slowking
|
|upkeep
|inactive|Battle timer is ON: inactive players will automatically lose when time's up. (requested by wsysmldg)
|
|t:|1760853383
|switch|p1a: Kingambit|Kingambit, F|88/100
|-damage|p1a: Kingambit|72/100|[from] Spikes
|-damage|p1a: Kingambit|65/100|[from] Stealth Rock
|-activate|p1a: Kingambit|ability: Supreme Overlord
|-start|p1a: Kingambit|fallen4|[silent]
|turn|25
|
|t:|1760853396
|move|p2a: Ditto|Flamethrower|p1a: Kingambit
|-supereffective|p1a: Kingambit
|-damage|p1a: Kingambit|3/100
|move|p1a: Kingambit|Kowtow Cleave|p2a: Ditto
|-supereffective|p2a: Ditto
|-damage|p2a: Ditto|0 fnt
|faint|p2a: Ditto
|
|-hint|Future Sight did not hit because the target is fainted.
|-fieldend|move: Trick Room
|upkeep
|
|t:|1760853407
|switch|p2a: Armarouge|Armarouge, F|81/100
|turn|26
|
|t:|1760853413
|move|p2a: Armarouge|Armor Cannon|p1a: Kingambit
|-supereffective|p1a: Kingambit
|-damage|p1a: Kingambit|0 fnt
|-unboost|p2a: Armarouge|def|1
|-unboost|p2a: Armarouge|spd|1
|faint|p1a: Kingambit
|-end|p1a: Kingambit|fallen4|[silent]
|
|upkeep
|
|t:|1760853421
|switch|p1a: Ting-Lu|Ting-Lu|100/100
|-damage|p1a: Ting-Lu|84/100|[from] Spikes
|-damage|p1a: Ting-Lu|78/100|[from] Stealth Rock
|-ability|p1a: Ting-Lu|Vessel of Ruin
|turn|27
|
|t:|1760853428
|move|p2a: Armarouge|Destiny Bond|p2a: Armarouge
|-singlemove|p2a: Armarouge|Destiny Bond
|move|p1a: Ting-Lu|Earthquake|p2a: Armarouge
|-supereffective|p2a: Armarouge
|-damage|p2a: Armarouge|0 fnt
|faint|p2a: Armarouge
|-activate|p2a: Armarouge|move: Destiny Bond
|faint|p1a: Ting-Lu
|
|win|wsysmldg
|raw|Drought.tt's rating: 1083 &rarr; <strong>1059</strong><br />(-24 for losing)
|raw|wsysmldg's rating: 1065 &rarr; <strong>1097</strong><br />(+32 for winning)
|l|☆Drought.tt
|player|p1|
|l|☆wsysmldg
|player|p2|
|j|☆wsysmldg
|player|p2|wsysmldg|pokemonbreederf-gen4|
|l|☆wsysmldg
|player|p2|
