|j|☆pikachu soup
|j|‽OehtWasHere
|t:|1760726005
|gametype|singles
|player|p1|pikachu soup|170|1725
|player|p2|OehtWasHere|chase|1740
|gen|9
|tier|[Gen 9] OU
|rated|
|rule|HP Percentage Mod: HP is shown in percentages
|rule|Endless Battle Clause: Forcing endless battles is banned
|rule|Species Clause: Limit one of each Pokémon
|rule|OHKO Clause: OHKO moves are banned
|rule|Evasion Items Clause: Evasion items are banned
|rule|Evasion Moves Clause: Evasion moves are banned
|rule|Evasion Abilities Clause: Evasion abilities are banned
|rule|Sleep Moves Clause: Sleep-inducing moves are banned
|clearpoke
|poke|p1|Scizor, M|
|poke|p1|Gliscor, F|
|poke|p1|Sinistcha|
|poke|p1|Great Tusk|
|poke|p1|Tornadus-Therian, M|
|poke|p1|Kingambit, F|
|poke|p2|Deoxys-Speed|
|poke|p2|Maushold|
|poke|p2|Iron Crown|
|poke|p2|Ceruledge, F|
|poke|p2|Great Tusk|
|poke|p2|Dragonite, F|
|teampreview
|inactive|Battle timer is ON: inactive players will automatically lose when time's up. (requested by OehtWasHere)
|
|t:|1760726027
|teamsize|p1|6
|teamsize|p2|6
|start
|switch|p1a: Tornadus|Tornadus-Therian, M|100/100
|switch|p2a: Deoxys|Deoxys-Speed|100/100
|-ability|p2a: Deoxys|Pressure
|turn|1
|j| 2011 Cristiano
|
|t:|1760726051
|move|p2a: Deoxys|Reflect|p2a: Deoxys
|-sidestart|p2: OehtWasHere|Reflect
|move|p1a: Tornadus|U-turn|p2a: Deoxys
|-supereffective|p2a: Deoxys
|-damage|p2a: Deoxys|82/100
|j| Capitaine Tenace
|
|t:|1760726068
|switch|p1a: Gliscor|Gliscor, F|100/100|[from] U-turn
|
|-status|p1a: Gliscor|tox|[from] item: Toxic Orb
|upkeep
|turn|2
|
|t:|1760726073
|move|p2a: Deoxys|Taunt|p1a: Gliscor
|-start|p1a: Gliscor|move: Taunt
|cant|p1a: Gliscor|move: Taunt|Spikes
|
|upkeep
|turn|3
|
|t:|1760726080
|move|p2a: Deoxys|Light Screen|p2a: Deoxys
|-sidestart|p2: OehtWasHere|move: Light Screen
|move|p1a: Gliscor|U-turn|p2a: Deoxys
|-supereffective|p2a: Deoxys
|-damage|p2a: Deoxys|63/100
|j| Aldan.EX
|
|t:|1760726084
|switch|p1a: Scizor|Scizor, M|100/100|[from] U-turn
|
|upkeep
|turn|4
|
|t:|1760726091
|switch|p2a: Great Tusk|Great Tusk|100/100
|-enditem|p2a: Great Tusk|Booster Energy
|-activate|p2a: Great Tusk|ability: Protosynthesis|[fromitem]
|-start|p2a: Great Tusk|protosynthesisspe
|move|p1a: Scizor|U-turn|p2a: Great Tusk
|-resisted|p2a: Great Tusk
|-damage|p2a: Great Tusk|92/100
|
|t:|1760726111
|switch|p1a: Sinistcha|Sinistcha|100/100|[from] U-turn
|
|upkeep
|turn|5
|
|t:|1760726119
|-end|p2a: Great Tusk|Protosynthesis|[silent]
|switch|p2a: Iron Crown|Iron Crown|100/100
|-enditem|p2a: Iron Crown|Booster Energy
|-activate|p2a: Iron Crown|ability: Quark Drive|[fromitem]
|-start|p2a: Iron Crown|quarkdrivespe
|move|p1a: Sinistcha|Matcha Gotcha|p2a: Iron Crown|[miss]
|-miss|p1a: Sinistcha|p2a: Iron Crown
|
|upkeep
|turn|6
|
|t:|1760726127
|switch|p1a: Tornadus|Tornadus-Therian, M|100/100
|move|p2a: Iron Crown|Calm Mind|p2a: Iron Crown
|-boost|p2a: Iron Crown|spa|1
|-boost|p2a: Iron Crown|spd|1
|
|upkeep
|turn|7
|
|t:|1760726138
|move|p2a: Iron Crown|Calm Mind|p2a: Iron Crown
|-boost|p2a: Iron Crown|spa|1
|-boost|p2a: Iron Crown|spd|1
|move|p1a: Tornadus|U-turn|p2a: Iron Crown
|-damage|p2a: Iron Crown|94/100
|
|t:|1760726147
|switch|p1a: Kingambit|Kingambit, F|100/100|[from] U-turn
|
|upkeep
|turn|8
|
|t:|1760726153
|move|p2a: Iron Crown|Focus Blast|p1a: Kingambit
|-supereffective|p1a: Kingambit
|-damage|p1a: Kingambit|0 fnt
|faint|p1a: Kingambit
|-end|p1a: Kingambit|fallenundefined|[silent]
|
|-sideend|p2: OehtWasHere|Reflect
|upkeep
|-message|pikachu soup forfeited.
|
|win|OehtWasHere
|raw|pikachu soup's rating: 1725 &rarr; <strong>1706</strong><br />(-19 for losing)
|raw|OehtWasHere's rating: 1740 &rarr; <strong>1759</strong><br />(+19 for winning)
|l|☆pikachu soup
|player|p1|
|l|‽OehtWasHere
|player|p2|
