|j|☆MooFarmer
|j|☆redundantcolon
|t:|1760788346
|gametype|singles
|player|p1|MooFarmer|1|1690
|player|p2|redundantcolon|170|1478
|gen|9
|tier|[Gen 9] OU
|rated|
|rule|HP Percentage Mod: HP is shown in percentages
|rule|Endless Battle Clause: Forcing endless battles is banned
|rule|Species Clause: Limit one of each Pokémon
|rule|OHKO Clause: OHKO moves are banned
|rule|Evasion Items Clause: Evasion items are banned
|rule|Evasion Moves Clause: Evasion moves are banned
|rule|Evasion Abilities Clause: Evasion abilities are banned
|rule|Sleep Moves Clause: Sleep-inducing moves are banned
|clearpoke
|poke|p1|Kyurem|
|poke|p1|Corviknight, F|
|poke|p1|Ting-Lu|
|poke|p1|Dondozo, F|
|poke|p1|Slowking-Galar, L99, F|
|poke|p1|Cinderace, F|
|poke|p2|Gholdengo|
|poke|p2|Ceruledge, F|
|poke|p2|Enamorus, F|
|poke|p2|Ribombee, F|
|poke|p2|Quaquaval, F|
|poke|p2|Iron Treads|
|teampreview
|
|t:|1760788393
|teamsize|p1|6
|teamsize|p2|6
|start
|switch|p1a: Kyurem|Kyurem|100/100
|switch|p2a: Ribombee|Ribombee, F|100/100
|-ability|p1a: Kyurem|Pressure
|turn|1
|inactive|Battle timer is ON: inactive players will automatically lose when time's up. (requested by MooFarmer)
|inactive|MooFarmer has 120 seconds left.
|
|t:|1760788438
|-terastallize|p1a: Kyurem|Ground
|move|p2a: Ribombee|Sticky Web|p1a: Kyurem
|-sidestart|p1: MooFarmer|move: Sticky Web
|move|p1a: Kyurem|Freeze-Dry|p2a: Ribombee
|-damage|p2a: Ribombee|39/100
|
|upkeep
|turn|2
|inactive|MooFarmer has 120 seconds left.
|
|t:|1760788485
|move|p2a: Ribombee|Moonblast|p1a: Kyurem
|-damage|p1a: Kyurem|67/100
|-unboost|p1a: Kyurem|spa|1
|move|p1a: Kyurem|Freeze-Dry|p2a: Ribombee
|-damage|p2a: Ribombee|0 fnt
|faint|p2a: Ribombee
|
|-heal|p1a: Kyurem|73/100|[from] item: Leftovers
|upkeep
|
|t:|1760788492
|switch|p2a: Quaquaval|Quaquaval, F|100/100
|turn|3
|inactive|MooFarmer has 90 seconds left.
|
|t:|1760788537
|switch|p1a: Corviknight|Corviknight, F|100/100
|-ability|p1a: Corviknight|Pressure
|move|p2a: Quaquaval|Aqua Step|p1a: Corviknight
|-damage|p1a: Corviknight|78/100
|-boost|p2a: Quaquaval|spe|1
|-damage|p2a: Quaquaval|84/100|[from] item: Rocky Helmet|[of] p1a: Corviknight
|
|upkeep
|turn|4
|inactive|MooFarmer has 60 seconds left.
|
|t:|1760788582
|move|p2a: Quaquaval|Knock Off|p1a: Corviknight
|-damage|p1a: Corviknight|59/100
|-damage|p2a: Quaquaval|68/100|[from] item: Rocky Helmet|[of] p1a: Corviknight
|-enditem|p1a: Corviknight|Rocky Helmet|[from] move: Knock Off|[of] p2a: Quaquaval
|move|p1a: Corviknight|Brave Bird|p2a: Quaquaval
|-supereffective|p2a: Quaquaval
|-damage|p2a: Quaquaval|0 fnt
|faint|p2a: Quaquaval
|-damage|p1a: Corviknight|42/100|[from] Recoil
|
|upkeep
|
|t:|1760788593
|switch|p2a: Gholdengo|Gholdengo|100/100
|-item|p2a: Gholdengo|Air Balloon
|turn|5
|inactive|MooFarmer has 30 seconds left.
|inactive|MooFarmer has 20 seconds left.
|
|t:|1760788638
|switch|p1a: Cinderace|Cinderace, F|100/100
|move|p2a: Gholdengo|Shadow Ball|p1a: Cinderace
|-damage|p1a: Cinderace|47/100
|
|upkeep
|turn|6
|inactive|MooFarmer has 30 seconds left this turn.
|
|t:|1760788663
|move|p1a: Cinderace|Court Change|p1a: Cinderace
|-swapsideconditions
|-activate|p1a: Cinderace|move: Court Change
|move|p2a: Gholdengo|Shadow Ball|p1a: Cinderace
|-damage|p1a: Cinderace|0 fnt
|faint|p1a: Cinderace
|
|upkeep
|inactive|MooFarmer has 30 seconds left this turn.
|
|t:|1760788672
|switch|p1a: Kyurem|Kyurem, tera:Ground|73/100
|-ability|p1a: Kyurem|Pressure
|turn|7
|inactive|MooFarmer has 30 seconds left.
|
|t:|1760788680
|move|p1a: Kyurem|Freeze-Dry|p2a: Gholdengo
|-resisted|p2a: Gholdengo
|-damage|p2a: Gholdengo|81/100
|-enditem|p2a: Gholdengo|Air Balloon
|move|p2a: Gholdengo|Shadow Ball|p1a: Kyurem
|-damage|p1a: Kyurem|27/100
|
|-heal|p1a: Kyurem|34/100|[from] item: Leftovers
|upkeep
|turn|8
|
|t:|1760788690
|move|p1a: Kyurem|Protect|p1a: Kyurem
|-singleturn|p1a: Kyurem|Protect
|move|p2a: Gholdengo|Shadow Ball|p1a: Kyurem
|-activate|p1a: Kyurem|move: Protect
|
|-heal|p1a: Kyurem|40/100|[from] item: Leftovers
|upkeep
|turn|9
|
|t:|1760788698
|move|p1a: Kyurem|Substitute|p1a: Kyurem
|-start|p1a: Kyurem|Substitute
|-damage|p1a: Kyurem|15/100
|move|p2a: Gholdengo|Shadow Ball|p1a: Kyurem
|-end|p1a: Kyurem|Substitute
|
|-heal|p1a: Kyurem|21/100|[from] item: Leftovers
|upkeep
|turn|10
|
|t:|1760788707
|move|p1a: Kyurem|Earth Power|p2a: Gholdengo
|-supereffective|p2a: Gholdengo
|-damage|p2a: Gholdengo|0 fnt
|faint|p2a: Gholdengo
|
|-heal|p1a: Kyurem|27/100|[from] item: Leftovers
|upkeep
|
|t:|1760788709
|switch|p2a: Enamorus|Enamorus, F|100/100
|turn|11
|
|t:|1760788717
|switch|p1a: Slowking|Slowking-Galar, L99, F|100/100
|move|p2a: Enamorus|Moonblast|p1a: Slowking
|-resisted|p1a: Slowking
|-damage|p1a: Slowking|78/100
|-damage|p2a: Enamorus|91/100|[from] item: Life Orb
|
|upkeep
|turn|12
|inactive|MooFarmer has 60 seconds left.
|
|t:|1760788726
|switch|p2a: Iron Treads|Iron Treads, shiny|100/100
|-activate|p2a: Iron Treads|move: Sticky Web
|-unboost|p2a: Iron Treads|spe|1
|-enditem|p2a: Iron Treads|Booster Energy
|-activate|p2a: Iron Treads|ability: Quark Drive|[fromitem]
|-start|p2a: Iron Treads|quarkdriveatk
|move|p1a: Slowking|Sludge Bomb|p2a: Iron Treads
|-immune|p2a: Iron Treads
|
|upkeep
|turn|13
|
|t:|1760788735
|switch|p1a: Dondozo|Dondozo, F|100/100
|move|p2a: Iron Treads|Rapid Spin|p1a: Dondozo
|-damage|p1a: Dondozo|90/100
|-boost|p2a: Iron Treads|spe|1
|-sideend|p2: redundantcolon|Sticky Web|[from] move: Rapid Spin|[of] p2a: Iron Treads
|
|-heal|p1a: Dondozo|97/100|[from] item: Leftovers
|upkeep
|turn|14
|
|t:|1760788744
|move|p2a: Iron Treads|Supercell Slam|p1a: Dondozo
|-supereffective|p1a: Dondozo
|-damage|p1a: Dondozo|60/100
|move|p1a: Dondozo|Waterfall|p2a: Iron Treads
|-supereffective|p2a: Iron Treads
|-damage|p2a: Iron Treads|54/100
|
|-heal|p1a: Dondozo|66/100|[from] item: Leftovers
|upkeep
|turn|15
|j| eliseum
|
|t:|1760788753
|move|p2a: Iron Treads|Supercell Slam|p1a: Dondozo
|-supereffective|p1a: Dondozo
|-damage|p1a: Dondozo|24/100
|move|p1a: Dondozo|Waterfall|p2a: Iron Treads
|-supereffective|p2a: Iron Treads
|-damage|p2a: Iron Treads|15/100
|
|-heal|p1a: Dondozo|31/100|[from] item: Leftovers
|upkeep
|turn|16
|
|t:|1760788762
|move|p2a: Iron Treads|Supercell Slam|p1a: Dondozo
|-supereffective|p1a: Dondozo
|-damage|p1a: Dondozo|0 fnt
|faint|p1a: Dondozo
|
|upkeep
|
|t:|1760788770
|switch|p1a: Kyurem|Kyurem, tera:Ground|27/100
|-ability|p1a: Kyurem|Pressure
|turn|17
|inactive|redundantcolon has 120 seconds left.
|l| eliseum
|inactive|redundantcolon has 90 seconds left.
|inactive|redundantcolon has 60 seconds left.
|inactive|redundantcolon has 30 seconds left.
|inactive|redundantcolon has 20 seconds left.
|
|t:|1760788905
|move|p1a: Kyurem|Protect|p1a: Kyurem
|-singleturn|p1a: Kyurem|Protect
|move|p2a: Iron Treads|Ice Spinner|p1a: Kyurem
|-activate|p1a: Kyurem|move: Protect
|
|-heal|p1a: Kyurem|33/100|[from] item: Leftovers
|upkeep
|turn|18
|inactive|redundantcolon has 30 seconds left this turn.
|inactive|MooFarmer has 90 seconds left.
|
|t:|1760788913
|move|p1a: Kyurem|Freeze-Dry|p2a: Iron Treads
|-damage|p2a: Iron Treads|0 fnt
|faint|p2a: Iron Treads
|-end|p2a: Iron Treads|Quark Drive|[silent]
|
|-heal|p1a: Kyurem|40/100|[from] item: Leftovers
|upkeep
|inactive|redundantcolon has 30 seconds left.
|
|t:|1760788919
|switch|p2a: Enamorus|Enamorus, F|91/100
|turn|19
|inactive|MooFarmer has 90 seconds left.
|inactive|MooFarmer has 60 seconds left.
|
|t:|1760788965
|move|p1a: Kyurem|Protect|p1a: Kyurem
|-singleturn|p1a: Kyurem|Protect
|move|p2a: Enamorus|Moonblast|p1a: Kyurem
|-activate|p1a: Kyurem|move: Protect
|
|-heal|p1a: Kyurem|46/100|[from] item: Leftovers
|upkeep
|turn|20
|inactive|MooFarmer has 60 seconds left.
|inactive|MooFarmer has 30 seconds left.
|
|t:|1760789010
|switch|p1a: Slowking|Slowking-Galar, L99, F|100/100
|move|p2a: Enamorus|Moonblast|p1a: Slowking
|-resisted|p1a: Slowking
|-damage|p1a: Slowking|77/100
|-damage|p2a: Enamorus|81/100|[from] item: Life Orb
|
|upkeep
|turn|21
|inactive|MooFarmer has 30 seconds left.
|
|t:|1760789020
|move|p2a: Enamorus|Earth Power|p1a: Slowking
|-supereffective|p1a: Slowking
|-damage|p1a: Slowking|17/100
|-damage|p2a: Enamorus|71/100|[from] item: Life Orb
|move|p1a: Slowking|Toxic|p2a: Enamorus
|-status|p2a: Enamorus|tox
|
|-damage|p2a: Enamorus|65/100 tox|[from] psn
|upkeep
|turn|22
|
|t:|1760789028
|move|p2a: Enamorus|Earth Power|p1a: Slowking
|-supereffective|p1a: Slowking
|-damage|p1a: Slowking|0 fnt
|faint|p1a: Slowking
|-damage|p2a: Enamorus|56/100 tox|[from] item: Life Orb
|
|-damage|p2a: Enamorus|43/100 tox|[from] psn
|upkeep
|
|t:|1760789036
|switch|p1a: Kyurem|Kyurem, tera:Ground|46/100
|-ability|p1a: Kyurem|Pressure
|turn|23
|inactive|redundantcolon has 60 seconds left.
|inactive|redundantcolon has 30 seconds left.
|inactive|redundantcolon has 20 seconds left.
|
|t:|1760789100
|move|p1a: Kyurem|Earth Power|p2a: Enamorus
|-immune|p2a: Enamorus
|move|p2a: Enamorus|Moonblast|p1a: Kyurem
|-damage|p1a: Kyurem|0 fnt
|faint|p1a: Kyurem
|-damage|p2a: Enamorus|33/100 tox|[from] item: Life Orb
|
|-damage|p2a: Enamorus|15/100 tox|[from] psn
|upkeep
|
|t:|1760789108
|switch|p1a: Corviknight|Corviknight, F|42/100
|-ability|p1a: Corviknight|Pressure
|turn|24
|
|t:|1760789116
|move|p2a: Enamorus|Moonblast|p1a: Corviknight
|-resisted|p1a: Corviknight
|-damage|p1a: Corviknight|4/100
|-damage|p2a: Enamorus|5/100 tox|[from] item: Life Orb
|move|p1a: Corviknight|U-turn|p2a: Enamorus
|-resisted|p2a: Enamorus
|-damage|p2a: Enamorus|0 fnt
|faint|p2a: Enamorus
|
|t:|1760789124
|switch|p1a: Ting-Lu|Ting-Lu|100/100|[from] U-turn
|-ability|p1a: Ting-Lu|Vessel of Ruin
|
|upkeep
|inactive|redundantcolon has 30 seconds left.
|inactive|redundantcolon has 20 seconds left.
|inactive|redundantcolon has 15 seconds left.
|inactive|redundantcolon has 10 seconds left.
|inactive|redundantcolon has 5 seconds left.
|
|t:|1760789164
|switch|p2a: Ceruledge|Ceruledge, F|100/100
|turn|25
|inactive|redundantcolon has 15 seconds left this turn.
|
|t:|1760789173
|move|p2a: Ceruledge|Swords Dance|p2a: Ceruledge
|-boost|p2a: Ceruledge|atk|2
|move|p1a: Ting-Lu|Payback|p2a: Ceruledge
|-supereffective|p2a: Ceruledge
|-enditem|p2a: Ceruledge|Focus Sash
|-damage|p2a: Ceruledge|1/100
|-ability|p2a: Ceruledge|Weak Armor|boost
|-unboost|p2a: Ceruledge|def|1
|-boost|p2a: Ceruledge|spe|2
|
|upkeep
|turn|26
|inactive|redundantcolon has 25 seconds left this turn.
|inactive|MooFarmer has 60 seconds left.
|
|t:|1760789179
|-terastallize|p2a: Ceruledge|Fire
|move|p2a: Ceruledge|Bitter Blade|p1a: Ting-Lu
|-damage|p1a: Ting-Lu|31/100
|-heal|p2a: Ceruledge|62/100|[from] drain|[of] p1a: Ting-Lu
|move|p1a: Ting-Lu|Payback|p2a: Ceruledge
|-damage|p2a: Ceruledge|0 fnt
|faint|p2a: Ceruledge
|
|win|MooFarmer
|raw|MooFarmer's rating: 1690 &rarr; <strong>1699</strong><br />(+9 for winning)
|raw|redundantcolon's rating: 1478 &rarr; <strong>1469</strong><br />(-9 for losing)
|l|☆MooFarmer
|player|p1|
|l|☆redundantcolon
|player|p2|
