|j|☆GEM0816
|j|☆Passerby bye
|t:|1760791465
|gametype|singles
|player|p1|GEM0816|lady|1248
|player|p2|Passerby bye|scientist-gen4|1276
|gen|9
|tier|[Gen 9] OU
|rated|
|rule|HP Percentage Mod: HP is shown in percentages
|rule|Endless Battle Clause: Forcing endless battles is banned
|rule|Species Clause: Limit one of each Pokémon
|rule|OHKO Clause: OHKO moves are banned
|rule|Evasion Items Clause: Evasion items are banned
|rule|Evasion Moves Clause: Evasion moves are banned
|rule|Evasion Abilities Clause: Evasion abilities are banned
|rule|Sleep Moves Clause: Sleep-inducing moves are banned
|clearpoke
|poke|p1|Gallade, M|
|poke|p1|Zoroark-Hisui, F|
|poke|p1|Corviknight, F|
|poke|p1|Clodsire, F|
|poke|p1|Arcanine, F|
|poke|p1|Dachsbun, F|
|poke|p2|Wigglytuff, F|
|poke|p2|Gliscor, M|
|poke|p2|Houndoom, M|
|poke|p2|Magnezone|
|poke|p2|Slowbro, F|
|poke|p2|Vileplume, F|
|teampreview
|
|t:|1760791475
|teamsize|p1|6
|teamsize|p2|6
|start
|switch|p1a: 艾路雷朵|Gallade, M|100/100
|switch|p2a: Slowbro|Slowbro, F|100/100
|turn|1
|inactive|Battle timer is ON: inactive players will automatically lose when time's up. (requested by GEM0816)
|
|t:|1760791480
|move|p1a: 艾路雷朵|Trick|p2a: Slowbro
|-activate|p1a: 艾路雷朵|move: Trick|[of] p2a: Slowbro
|-item|p2a: Slowbro|Choice Scarf|[from] move: Trick
|-item|p1a: 艾路雷朵|Heavy-Duty Boots|[from] move: Trick
|move|p2a: Slowbro|Psyshock|p1a: 艾路雷朵
|-damage|p1a: 艾路雷朵|46/100
|replace|p1a: 索罗亚克|Zoroark-Hisui, F
|-end|p1a: 索罗亚克|Illusion
|
|upkeep
|turn|2
|
|t:|1760791499
|switch|p1a: 钢铠鸦|Corviknight, F|100/100
|switch|p2a: Wigglytuff|Wigglytuff, F|100/100
|
|upkeep
|turn|3
|
|t:|1760791510
|move|p1a: 钢铠鸦|Iron Defense|p1a: 钢铠鸦
|-boost|p1a: 钢铠鸦|def|2
|move|p2a: Wigglytuff|Fire Blast|p1a: 钢铠鸦
|-supereffective|p1a: 钢铠鸦
|-damage|p1a: 钢铠鸦|44/100
|
|-heal|p1a: 钢铠鸦|50/100|[from] item: Leftovers
|upkeep
|turn|4
|
|t:|1760791520
|switch|p1a: 麻花犬|Dachsbun, F|100/100
|move|p2a: Wigglytuff|Fire Blast|p1a: 麻花犬
|-ability|p1a: 麻花犬|Well-Baked Body|boost
|-boost|p1a: 麻花犬|def|2
|
|upkeep
|turn|5
|
|t:|1760791530
|switch|p2a: Vileplume|Vileplume, F|100/100
|move|p1a: 麻花犬|Body Press|p2a: Vileplume
|-resisted|p2a: Vileplume
|-damage|p2a: Vileplume|79/100
|-damage|p1a: 麻花犬|84/100|[from] item: Rocky Helmet|[of] p2a: Vileplume
|
|-heal|p1a: 麻花犬|90/100|[from] item: Leftovers
|upkeep
|turn|6
|
|t:|1760791536
|move|p1a: 麻花犬|Protect|p1a: 麻花犬
|-singleturn|p1a: 麻花犬|Protect
|move|p2a: Vileplume|Leech Seed|p1a: 麻花犬
|-activate|p1a: 麻花犬|move: Protect
|
|-heal|p1a: 麻花犬|96/100|[from] item: Leftovers
|upkeep
|turn|7
|
|t:|1760791551
|move|p1a: 麻花犬|Wish|p1a: 麻花犬
|move|p2a: Vileplume|Leech Seed|p1a: 麻花犬
|-start|p1a: 麻花犬|move: Leech Seed
|
|-heal|p1a: 麻花犬|100/100|[from] item: Leftovers
|-damage|p1a: 麻花犬|88/100|[from] Leech Seed|[of] p2a: Vileplume
|-heal|p2a: Vileplume|90/100|[silent]
|upkeep
|turn|8
|
|t:|1760791563
|switch|p1a: 艾路雷朵|Gallade, M|100/100
|move|p2a: Vileplume|Sludge Wave|p1a: 艾路雷朵
|-damage|p1a: 艾路雷朵|68/100
|
|-heal|p1a: 艾路雷朵|100/100|[from] move: Wish|[wisher] 麻花犬
|upkeep
|turn|9
|
|t:|1760791584
|switch|p2a: Gliscor|Gliscor, M|100/100
|move|p1a: 艾路雷朵|Triple Axel|p2a: Gliscor
|-supereffective|p2a: Gliscor
|-damage|p2a: Gliscor|66/100
|-supereffective|p2a: Gliscor
|-damage|p2a: Gliscor|0 fnt
|faint|p2a: Gliscor
|-hitcount|p2: Gliscor|2
|
|upkeep
|
|t:|1760791595
|switch|p2a: Slowbro|Slowbro, F|100/100
|turn|10
|
|t:|1760791604
|switch|p1a: 麻花犬|Dachsbun, F|88/100
|move|p2a: Slowbro|Psyshock|p1a: 麻花犬
|-damage|p1a: 麻花犬|69/100
|
|-heal|p1a: 麻花犬|75/100|[from] item: Leftovers
|upkeep
|turn|11
|
|t:|1760791613
|switch|p2a: Vileplume|Vileplume, F|90/100
|move|p1a: 麻花犬|Wish|p1a: 麻花犬
|
|-heal|p1a: 麻花犬|81/100|[from] item: Leftovers
|upkeep
|turn|12
|
|t:|1760791619
|switch|p1a: 艾路雷朵|Gallade, M|100/100
|move|p2a: Vileplume|Sludge Wave|p1a: 艾路雷朵
|-damage|p1a: 艾路雷朵|68/100
|
|-heal|p1a: 艾路雷朵|100/100|[from] move: Wish|[wisher] 麻花犬
|upkeep
|turn|13
|inactive|Passerby bye has 120 seconds left.
|
|t:|1760791651
|switch|p2a: Slowbro|Slowbro, F|100/100
|move|p1a: 艾路雷朵|Sacred Sword|p2a: Slowbro
|-resisted|p2a: Slowbro
|-damage|p2a: Slowbro|66/100
|
|upkeep
|turn|14
|inactive|Passerby bye has 120 seconds left.
|
|t:|1760791673
|switch|p1a: 麻花犬|Dachsbun, F|81/100
|move|p2a: Slowbro|Psyshock|p1a: 麻花犬
|-damage|p1a: 麻花犬|61/100
|
|-heal|p1a: 麻花犬|67/100|[from] item: Leftovers
|upkeep
|turn|15
|inactive|Passerby bye has 120 seconds left.
|
|t:|1760791680
|move|p1a: 麻花犬|Wish|p1a: 麻花犬
|move|p2a: Slowbro|Psyshock|p1a: 麻花犬
|-damage|p1a: 麻花犬|47/100
|
|-heal|p1a: 麻花犬|53/100|[from] item: Leftovers
|upkeep
|turn|16
|
|t:|1760791690
|switch|p1a: 钢铠鸦|Corviknight, F|50/100
|move|p2a: Slowbro|Psyshock|p1a: 钢铠鸦
|-resisted|p1a: 钢铠鸦
|-damage|p1a: 钢铠鸦|42/100
|
|-heal|p1a: 钢铠鸦|82/100|[from] move: Wish|[wisher] 麻花犬
|-heal|p1a: 钢铠鸦|88/100|[from] item: Leftovers
|upkeep
|turn|17
|
|t:|1760791701
|switch|p2a: Houndoom|Houndoom, M|100/100
|move|p1a: 钢铠鸦|Iron Defense|p1a: 钢铠鸦
|-boost|p1a: 钢铠鸦|def|2
|
|-heal|p1a: 钢铠鸦|94/100|[from] item: Leftovers
|upkeep
|turn|18
|
|t:|1760791709
|switch|p1a: 麻花犬|Dachsbun, F|53/100
|move|p2a: Houndoom|Fire Blast|p1a: 麻花犬
|-ability|p1a: 麻花犬|Well-Baked Body|boost
|-boost|p1a: 麻花犬|def|2
|
|-heal|p1a: 麻花犬|59/100|[from] item: Leftovers
|upkeep
|turn|19
|
|t:|1760791718
|switch|p2a: Vileplume|Vileplume, F|90/100
|move|p1a: 麻花犬|Protect||[still]
|-fail|p1a: 麻花犬
|
|-heal|p1a: 麻花犬|65/100|[from] item: Leftovers
|upkeep
|turn|20
|
|t:|1760791734
|switch|p1a: 土王|Clodsire, F|100/100
|move|p2a: Vileplume|Leech Seed|p1a: 土王
|-start|p1a: 土王|move: Leech Seed
|
|-damage|p1a: 土王|88/100|[from] Leech Seed|[of] p2a: Vileplume
|-heal|p2a: Vileplume|100/100|[silent]
|upkeep
|turn|21
|
|t:|1760791753
|switch|p1a: 钢铠鸦|Corviknight, F|94/100
|move|p2a: Vileplume|Giga Drain|p1a: 钢铠鸦
|-resisted|p1a: 钢铠鸦
|-damage|p1a: 钢铠鸦|87/100
|
|-heal|p1a: 钢铠鸦|93/100|[from] item: Leftovers
|upkeep
|turn|22
|
|t:|1760791769
|switch|p1a: 疯狗|Arcanine, F|100/100
|-ability|p1a: 疯狗|Intimidate|boost
|-unboost|p2a: Vileplume|atk|1
|switch|p2a: Wigglytuff|Wigglytuff, F|100/100
|
|upkeep
|turn|23
|
|t:|1760791783
|switch|p2a: Slowbro|Slowbro, F|99/100
|move|p1a: 疯狗|Flare Blitz|p2a: Slowbro
|-resisted|p2a: Slowbro
|-damage|p2a: Slowbro|86/100
|-damage|p1a: 疯狗|96/100|[from] Recoil
|
|upkeep
|turn|24
|
|t:|1760791796
|switch|p1a: 麻花犬|Dachsbun, F|65/100
|move|p2a: Slowbro|Scald|p1a: 麻花犬
|-damage|p1a: 麻花犬|28/100
|
|-heal|p1a: 麻花犬|34/100|[from] item: Leftovers
|upkeep
|turn|25
|
|t:|1760791806
|move|p1a: 麻花犬|Protect|p1a: 麻花犬
|-singleturn|p1a: 麻花犬|Protect
|move|p2a: Slowbro|Scald|p1a: 麻花犬
|-activate|p1a: 麻花犬|move: Protect
|
|-heal|p1a: 麻花犬|39/100|[from] item: Leftovers
|upkeep
|turn|26
|
|t:|1760791813
|move|p1a: 麻花犬|Wish|p1a: 麻花犬
|move|p2a: Slowbro|Scald|p1a: 麻花犬
|-damage|p1a: 麻花犬|5/100
|-status|p1a: 麻花犬|brn
|
|-heal|p1a: 麻花犬|11/100 brn|[from] item: Leftovers
|-damage|p1a: 麻花犬|5/100 brn|[from] brn
|upkeep
|turn|27
|
|t:|1760791821
|move|p1a: 麻花犬|Protect|p1a: 麻花犬
|-singleturn|p1a: 麻花犬|Protect
|move|p2a: Slowbro|Scald|p1a: 麻花犬
|-activate|p1a: 麻花犬|move: Protect
|
|-heal|p1a: 麻花犬|55/100 brn|[from] move: Wish|[wisher] 麻花犬
|-heal|p1a: 麻花犬|61/100 brn|[from] item: Leftovers
|-damage|p1a: 麻花犬|55/100 brn|[from] brn
|upkeep
|turn|28
|
|t:|1760791831
|move|p1a: 麻花犬|Wish|p1a: 麻花犬
|move|p2a: Slowbro|Scald|p1a: 麻花犬
|-damage|p1a: 麻花犬|22/100 brn
|
|-heal|p1a: 麻花犬|28/100 brn|[from] item: Leftovers
|-damage|p1a: 麻花犬|22/100 brn|[from] brn
|upkeep
|turn|29
|
|t:|1760791838
|move|p1a: 麻花犬|Protect|p1a: 麻花犬
|-singleturn|p1a: 麻花犬|Protect
|move|p2a: Slowbro|Scald|p1a: 麻花犬
|-activate|p1a: 麻花犬|move: Protect
|
|-heal|p1a: 麻花犬|72/100 brn|[from] move: Wish|[wisher] 麻花犬
|-heal|p1a: 麻花犬|78/100 brn|[from] item: Leftovers
|-damage|p1a: 麻花犬|72/100 brn|[from] brn
|upkeep
|turn|30
|
|t:|1760791851
|switch|p1a: 土王|Clodsire, F|88/100
|move|p2a: Slowbro|Scald|p1a: 土王
|-heal|p1a: 土王|100/100|[from] ability: Water Absorb|[of] p2a: Slowbro
|
|upkeep
|turn|31
|
|t:|1760791858
|switch|p2a: Vileplume|Vileplume, F|100/100
|move|p1a: 土王|Earthquake|p2a: Vileplume
|-damage|p2a: Vileplume|79/100
|
|upkeep
|turn|32
|
|t:|1760791866
|switch|p1a: 疯狗|Arcanine, F|96/100
|-ability|p1a: 疯狗|Intimidate|boost
|-unboost|p2a: Vileplume|atk|1
|move|p2a: Vileplume|Leech Seed|p1a: 疯狗
|-start|p1a: 疯狗|move: Leech Seed
|
|-damage|p1a: 疯狗|84/100|[from] Leech Seed|[of] p2a: Vileplume
|-heal|p2a: Vileplume|93/100|[silent]
|upkeep
|turn|33
|
|t:|1760791877
|move|p1a: 疯狗|Flare Blitz|p2a: Vileplume
|-supereffective|p2a: Vileplume
|-damage|p2a: Vileplume|29/100
|-damage|p1a: 疯狗|67/100|[from] item: Rocky Helmet|[of] p2a: Vileplume
|-status|p1a: 疯狗|par|[from] ability: Effect Spore|[of] p2a: Vileplume
|-damage|p1a: 疯狗|48/100 par|[from] Recoil
|move|p2a: Vileplume|Sludge Wave|p1a: 疯狗
|-damage|p1a: 疯狗|8/100 par
|
|-damage|p1a: 疯狗|0 fnt|[from] Leech Seed|[of] p2a: Vileplume
|-heal|p2a: Vileplume|38/100|[silent]
|faint|p1a: 疯狗
|upkeep
|
|t:|1760791889
|switch|p1a: 艾路雷朵|Gallade, M|46/100
|turn|34
|
|t:|1760791901
|move|p1a: 艾路雷朵|Bitter Malice|p2a: Vileplume
|-damage|p2a: Vileplume|0 fnt
|faint|p2a: Vileplume
|
|upkeep
|
|t:|1760791905
|switch|p2a: Wigglytuff|Wigglytuff, F|100/100
|turn|35
|
|t:|1760791918
|switch|p1a: 土王|Clodsire, F|100/100
|move|p2a: Wigglytuff|Draining Kiss|p1a: 土王
|-resisted|p1a: 土王
|-damage|p1a: 土王|95/100
|
|-heal|p1a: 土王|100/100|[from] item: Black Sludge
|upkeep
|turn|36
|
|t:|1760791934
|move|p2a: Wigglytuff|Ice Beam|p1a: 土王
|-supereffective|p1a: 土王
|-damage|p1a: 土王|73/100
|move|p1a: 土王|Toxic|p2a: Wigglytuff
|-status|p2a: Wigglytuff|tox
|
|-heal|p1a: 土王|80/100|[from] item: Black Sludge
|-damage|p2a: Wigglytuff|94/100 tox|[from] psn
|upkeep
|turn|37
|
|t:|1760791944
|move|p1a: 土王|Protect|p1a: 土王
|-singleturn|p1a: 土王|Protect
|move|p2a: Wigglytuff|Ice Beam|p1a: 土王
|-activate|p1a: 土王|move: Protect
|
|-heal|p1a: 土王|86/100|[from] item: Black Sludge
|-damage|p2a: Wigglytuff|82/100 tox|[from] psn
|upkeep
|turn|38
|
|t:|1760791952
|switch|p2a: Magnezone|Magnezone|100/100
|move|p1a: 土王|Poison Jab|p2a: Magnezone
|-immune|p2a: Magnezone
|
|-heal|p1a: 土王|92/100|[from] item: Black Sludge
|upkeep
|turn|39
|
|t:|1760791956
|switch|p2a: Wigglytuff|Wigglytuff, F|82/100 tox
|move|p1a: 土王|Earthquake|p2a: Wigglytuff
|-damage|p2a: Wigglytuff|41/100 tox
|
|-heal|p1a: 土王|98/100|[from] item: Black Sludge
|-damage|p2a: Wigglytuff|35/100 tox|[from] psn
|upkeep
|turn|40
|
|t:|1760791966
|move|p1a: 土王|Protect|p1a: 土王
|-singleturn|p1a: 土王|Protect
|move|p2a: Wigglytuff|Ice Beam|p1a: 土王
|-activate|p1a: 土王|move: Protect
|
|-heal|p1a: 土王|100/100|[from] item: Black Sludge
|-damage|p2a: Wigglytuff|23/100 tox|[from] psn
|upkeep
|turn|41
|
|t:|1760791975
|move|p2a: Wigglytuff|Ice Beam|p1a: 土王
|-supereffective|p1a: 土王
|-damage|p1a: 土王|76/100
|move|p1a: 土王|Toxic|p2a: Wigglytuff
|-fail|p2a: Wigglytuff|tox
|
|-heal|p1a: 土王|83/100|[from] item: Black Sludge
|-damage|p2a: Wigglytuff|4/100 tox|[from] psn
|upkeep
|turn|42
|
|t:|1760791979
|move|p1a: 土王|Protect|p1a: 土王
|-singleturn|p1a: 土王|Protect
|move|p2a: Wigglytuff|Ice Beam|p1a: 土王
|-activate|p1a: 土王|move: Protect
|
|-heal|p1a: 土王|89/100|[from] item: Black Sludge
|-damage|p2a: Wigglytuff|0 fnt|[from] psn
|faint|p2a: Wigglytuff
|upkeep
|
|t:|1760791983
|switch|p2a: Slowbro|Slowbro, F|100/100
|turn|43
|
|t:|1760791989
|move|p2a: Slowbro|Psyshock|p1a: 土王
|-supereffective|p1a: 土王
|-damage|p1a: 土王|25/100
|move|p1a: 土王|Toxic|p2a: Slowbro
|-status|p2a: Slowbro|tox
|
|-heal|p1a: 土王|32/100|[from] item: Black Sludge
|-damage|p2a: Slowbro|94/100 tox|[from] psn
|upkeep
|turn|44
|
|t:|1760792006
|move|p1a: 土王|Protect|p1a: 土王
|-singleturn|p1a: 土王|Protect
|move|p2a: Slowbro|Psyshock|p1a: 土王
|-activate|p1a: 土王|move: Protect
|
|-heal|p1a: 土王|38/100|[from] item: Black Sludge
|-damage|p2a: Slowbro|82/100 tox|[from] psn
|upkeep
|turn|45
|
|t:|1760792015
|switch|p1a: 麻花犬|Dachsbun, F|72/100 brn
|move|p2a: Slowbro|Psyshock|p1a: 麻花犬
|-damage|p1a: 麻花犬|53/100 brn
|
|-heal|p1a: 麻花犬|59/100 brn|[from] item: Leftovers
|-damage|p2a: Slowbro|64/100 tox|[from] psn
|-damage|p1a: 麻花犬|53/100 brn|[from] brn
|upkeep
|turn|46
|
|t:|1760792025
|move|p1a: 麻花犬|Wish|p1a: 麻花犬
|move|p2a: Slowbro|Psyshock|p1a: 麻花犬
|-crit|p1a: 麻花犬
|-damage|p1a: 麻花犬|23/100 brn
|
|-heal|p1a: 麻花犬|28/100 brn|[from] item: Leftovers
|-damage|p2a: Slowbro|40/100 tox|[from] psn
|-damage|p1a: 麻花犬|23/100 brn|[from] brn
|upkeep
|turn|47
|
|t:|1760792036
|move|p1a: 麻花犬|Protect|p1a: 麻花犬
|-singleturn|p1a: 麻花犬|Protect
|move|p2a: Slowbro|Psyshock|p1a: 麻花犬
|-activate|p1a: 麻花犬|move: Protect
|
|-heal|p1a: 麻花犬|73/100 brn|[from] move: Wish|[wisher] 麻花犬
|-heal|p1a: 麻花犬|78/100 brn|[from] item: Leftovers
|-damage|p2a: Slowbro|9/100 tox|[from] psn
|-damage|p1a: 麻花犬|73/100 brn|[from] brn
|upkeep
|turn|48
|
|t:|1760792046
|move|p1a: 麻花犬|Wish|p1a: 麻花犬
|move|p2a: Slowbro|Psyshock|p1a: 麻花犬
|-damage|p1a: 麻花犬|54/100 brn
|
|-heal|p1a: 麻花犬|60/100 brn|[from] item: Leftovers
|-damage|p2a: Slowbro|0 fnt|[from] psn
|faint|p2a: Slowbro
|-damage|p1a: 麻花犬|54/100 brn|[from] brn
|upkeep
|
|t:|1760792065
|switch|p2a: Magnezone|Magnezone|100/100
|turn|49
|
|t:|1760792069
|switch|p1a: 艾路雷朵|Gallade, M|100/100
|move|p2a: Magnezone|Flash Cannon|p1a: 艾路雷朵
|-damage|p1a: 艾路雷朵|11/100
|
|-heal|p1a: 艾路雷朵|63/100|[from] move: Wish|[wisher] 麻花犬
|upkeep
|turn|50
|
|t:|1760792078
|move|p1a: 艾路雷朵|Sacred Sword|p2a: Magnezone
|-supereffective|p2a: Magnezone
|-damage|p2a: Magnezone|0 fnt
|faint|p2a: Magnezone
|
|upkeep
|
|t:|1760792081
|switch|p2a: Houndoom|Houndoom, M|100/100
|turn|51
|
|t:|1760792087
|move|p2a: Houndoom|Fire Blast|p1a: 艾路雷朵
|-damage|p1a: 艾路雷朵|16/100
|move|p1a: 艾路雷朵|Sacred Sword|p2a: Houndoom
|-supereffective|p2a: Houndoom
|-damage|p2a: Houndoom|0 fnt
|faint|p2a: Houndoom
|
|win|GEM0816
|raw|GEM0816's rating: 1248 &rarr; <strong>1275</strong><br />(+27 for winning)
|raw|Passerby bye's rating: 1276 &rarr; <strong>1249</strong><br />(-27 for losing)
|l|☆GEM0816
|player|p1|
|l|☆Passerby bye
|player|p2|
