|j|☆nfyhsueryfgius
|j|☆ErroDeDigitacao
|t:|1760812320
|gametype|singles
|player|p1|nfyhsueryfgius|ghetsis|1733
|player|p2|ErroDeDigitacao|1|1729
|gen|9
|tier|[Gen 9] OU
|rated|
|rule|HP Percentage Mod: HP is shown in percentages
|rule|Endless Battle Clause: Forcing endless battles is banned
|rule|Species Clause: Limit one of each Pokémon
|rule|OHKO Clause: OHKO moves are banned
|rule|Evasion Items Clause: Evasion items are banned
|rule|Evasion Moves Clause: Evasion moves are banned
|rule|Evasion Abilities Clause: Evasion abilities are banned
|rule|Sleep Moves Clause: Sleep-inducing moves are banned
|clearpoke
|poke|p1|Tornadus-Therian, M|
|poke|p1|Great Tusk|
|poke|p1|Hatterene, F|
|poke|p1|Heatran, F|
|poke|p1|Zamazenta-*|
|poke|p1|Raging Bolt|
|poke|p2|Iron Crown|
|poke|p2|Primarina, M|
|poke|p2|Great Tusk|
|poke|p2|Alomomola, F|
|poke|p2|Scizor, F|
|poke|p2|Dragonite, M|
|teampreview
|inactive|Battle timer is ON: inactive players will automatically lose when time's up. (requested by ErroDeDigitacao)
|inactive|nfyhsueryfgius has 120 seconds left.
|
|t:|1760812369
|teamsize|p1|6
|teamsize|p2|6
|start
|switch|p1a: Tornadus|Tornadus-Therian, M|100/100
|switch|p2a: Iron Crown|Iron Crown|100/100
|turn|1
|
|t:|1760812375
|move|p1a: Tornadus|Knock Off|p2a: Iron Crown
|-supereffective|p2a: Iron Crown
|-damage|p2a: Iron Crown|56/100
|-enditem|p2a: Iron Crown|Choice Specs|[from] move: Knock Off|[of] p1a: Tornadus
|move|p2a: Iron Crown|Volt Switch|p1a: Tornadus
|-supereffective|p1a: Tornadus
|-damage|p1a: Tornadus|68/100
|
|t:|1760812387
|-end|p2a: Iron Crown|Quark Drive|[silent]
|switch|p2a: Primarina|Primarina, M|100/100|[from] Volt Switch
|
|upkeep
|turn|2
|
|t:|1760812390
|move|p1a: Tornadus|Knock Off|p2a: Primarina
|-resisted|p2a: Primarina
|-damage|p2a: Primarina|87/100
|-enditem|p2a: Primarina|Assault Vest|[from] move: Knock Off|[of] p1a: Tornadus
|move|p2a: Primarina|Moonblast|p1a: Tornadus
|-damage|p1a: Tornadus|31/100
|
|upkeep
|turn|3
|
|t:|1760812395
|move|p1a: Tornadus|U-turn|p2a: Primarina
|-resisted|p2a: Primarina
|-damage|p2a: Primarina|78/100
|
|t:|1760812398
|switch|p1a: Raging Bolt|Raging Bolt|100/100|[from] U-turn
|move|p2a: Primarina|Flip Turn|p1a: Raging Bolt
|-resisted|p1a: Raging Bolt
|-damage|p1a: Raging Bolt|94/100
|
|t:|1760812402
|switch|p2a: Great Tusk|Great Tusk|100/100|[from] Flip Turn
|
|upkeep
|turn|4
|
|t:|1760812406
|move|p2a: Great Tusk|Stealth Rock|p1a: Raging Bolt
|-sidestart|p1: nfyhsueryfgius|move: Stealth Rock
|move|p1a: Raging Bolt|Draco Meteor|p2a: Great Tusk
|-damage|p2a: Great Tusk|0 fnt
|-unboost|p1a: Raging Bolt|spa|2
|faint|p2a: Great Tusk
|-end|p2a: Great Tusk|Protosynthesis|[silent]
|
|upkeep
|
|t:|1760812410
|switch|p2a: Iron Crown|Iron Crown|56/100
|turn|5
|
|t:|1760812414
|-end|p1a: Raging Bolt|Protosynthesis|[silent]
|switch|p1a: Heatran|Heatran, F|100/100
|-damage|p1a: Heatran|88/100|[from] Stealth Rock
|move|p2a: Iron Crown|Psyshock|p1a: Heatran
|-resisted|p1a: Heatran
|-damage|p1a: Heatran|69/100
|
|-heal|p1a: Heatran|75/100|[from] item: Leftovers
|upkeep
|turn|6
|
|t:|1760812418
|move|p2a: Iron Crown|Focus Blast|p1a: Heatran
|-supereffective|p1a: Heatran
|-damage|p1a: Heatran|0 fnt
|faint|p1a: Heatran
|
|upkeep
|
|t:|1760812425
|switch|p1a: Zamazenta|Zamazenta|100/100
|-ability|p1a: Zamazenta|Dauntless Shield|boost
|-boost|p1a: Zamazenta|def|1
|turn|7
|
|t:|1760812431
|-end|p2a: Iron Crown|Quark Drive|[silent]
|switch|p2a: Alomomola|Alomomola, F|100/100
|move|p1a: Zamazenta|Crunch|p2a: Alomomola
|-damage|p2a: Alomomola|88/100
|
|upkeep
|turn|8
|
|t:|1760812436
|move|p1a: Zamazenta|Close Combat|p2a: Alomomola
|-damage|p2a: Alomomola|55/100
|-unboost|p1a: Zamazenta|def|1
|-unboost|p1a: Zamazenta|spd|1
|move|p2a: Alomomola|Flip Turn|p1a: Zamazenta
|-damage|p1a: Zamazenta|85/100
|
|t:|1760812439
|switch|p2a: Primarina|Primarina, M|78/100|[from] Flip Turn
|
|upkeep
|turn|9
|
|t:|1760812448
|switch|p1a: Hatterene|Hatterene, F|100/100
|-damage|p1a: Hatterene|88/100|[from] Stealth Rock
|move|p2a: Primarina|Moonblast|p1a: Hatterene
|-damage|p1a: Hatterene|34/100
|-unboost|p1a: Hatterene|spa|1
|
|upkeep
|turn|10
|
|t:|1760812451
|move|p2a: Primarina|Moonblast|p1a: Hatterene
|-damage|p1a: Hatterene|0 fnt
|faint|p1a: Hatterene
|
|upkeep
|
|t:|1760812454
|switch|p1a: Great Tusk|Great Tusk|100/100
|turn|11
|
|t:|1760812456
|move|p1a: Great Tusk|Rapid Spin|p2a: Primarina
|-damage|p2a: Primarina|55/100
|-boost|p1a: Great Tusk|spe|1
|-sideend|p1: nfyhsueryfgius|Stealth Rock|[from] move: Rapid Spin|[of] p1a: Great Tusk
|move|p2a: Primarina|Moonblast|p1a: Great Tusk
|-supereffective|p1a: Great Tusk
|-damage|p1a: Great Tusk|0 fnt
|faint|p1a: Great Tusk
|-end|p1a: Great Tusk|Protosynthesis|[silent]
|
|upkeep
|
|t:|1760812458
|switch|p1a: Raging Bolt|Raging Bolt|94/100
|turn|12
|
|t:|1760812460
|move|p1a: Raging Bolt|Thunderbolt|p2a: Primarina
|-supereffective|p2a: Primarina
|-damage|p2a: Primarina|0 fnt
|faint|p2a: Primarina
|
|upkeep
|
|t:|1760812462
|switch|p2a: Dragonite|Dragonite, M|100/100
|turn|13
|
|t:|1760812464
|move|p2a: Dragonite|Dragon Dance|p2a: Dragonite
|-boost|p2a: Dragonite|atk|1
|-boost|p2a: Dragonite|spe|1
|move|p1a: Raging Bolt|Thunderbolt|p2a: Dragonite
|-damage|p2a: Dragonite|58/100
|
|upkeep
|turn|14
|
|t:|1760812471
|-end|p1a: Raging Bolt|Protosynthesis|[silent]
|switch|p1a: Tornadus|Tornadus-Therian, M|64/100
|move|p2a: Dragonite|Roost|p2a: Dragonite
|-heal|p2a: Dragonite|100/100
|-singleturn|p2a: Dragonite|move: Roost
|
|upkeep
|turn|15
|
|t:|1760812477
|-terastallize|p2a: Dragonite|Flying
|move|p2a: Dragonite|Tera Blast|p1a: Tornadus|[anim] Tera Blast Flying
|-crit|p1a: Tornadus
|-damage|p1a: Tornadus|0 fnt
|faint|p1a: Tornadus
|
|upkeep
|
|t:|1760812480
|switch|p1a: Zamazenta|Zamazenta|85/100
|turn|16
|
|t:|1760812482
|move|p2a: Dragonite|Tera Blast|p1a: Zamazenta|[anim] Tera Blast Flying
|-supereffective|p1a: Zamazenta
|-damage|p1a: Zamazenta|0 fnt
|faint|p1a: Zamazenta
|
|upkeep
|-message|nfyhsueryfgius forfeited.
|
|win|ErroDeDigitacao
|raw|nfyhsueryfgius's rating: 1733 &rarr; <strong>1713</strong><br />(-20 for losing)
|raw|ErroDeDigitacao's rating: 1729 &rarr; <strong>1749</strong><br />(+20 for winning)
|l|☆nfyhsueryfgius
|player|p1|
