|j|☆hoang nguyen
|j|☆Dr. Elite
|t:|1760799166
|gametype|singles
|player|p1|hoang nguyen|acetrainerf|1572
|player|p2|Dr. Elite|#drelite|1563
|gen|9
|tier|[Gen 9] OU
|rated|
|rule|HP Percentage Mod: HP is shown in percentages
|rule|Endless Battle Clause: Forcing endless battles is banned
|rule|Species Clause: Limit one of each Pokémon
|rule|OHKO Clause: OHKO moves are banned
|rule|Evasion Items Clause: Evasion items are banned
|rule|Evasion Moves Clause: Evasion moves are banned
|rule|Evasion Abilities Clause: Evasion abilities are banned
|rule|Sleep Moves Clause: Sleep-inducing moves are banned
|clearpoke
|poke|p1|Iron Moth|
|poke|p1|Zapdos|
|poke|p1|Primarina, F|
|poke|p1|Iron Treads|
|poke|p1|Landorus-Therian, M|
|poke|p1|Kingambit, M|
|poke|p2|Espeon, F|
|poke|p2|Farigiraf, F|
|poke|p2|Slowbro-Galar, M|
|poke|p2|Meowstic, M|
|poke|p2|Malamar, M|
|poke|p2|Oricorio-Pa'u, F|
|teampreview
|
|t:|1760799179
|teamsize|p1|6
|teamsize|p2|6
|start
|switch|p1a: Landorus|Landorus-Therian, M|100/100
|switch|p2a: Kindness|Meowstic, M|100/100
|-ability|p1a: Landorus|Intimidate|boost
|-unboost|p2a: Kindness|atk|1
|turn|1
|
|t:|1760799184
|move|p2a: Kindness|Reflect|p2a: Kindness
|-sidestart|p2: Dr. Elite|Reflect
|move|p1a: Landorus|Earthquake|p2a: Kindness
|-damage|p2a: Kindness|81/100
|-enditem|p2a: Kindness|Eject Button
|
|t:|1760799186
|switch|p2a: Joy|Farigiraf, F, shiny|100/100
|
|upkeep
|turn|2
|
|t:|1760799190
|move|p1a: Landorus|Stealth Rock|p2a: Joy
|-sidestart|p2: Dr. Elite|move: Stealth Rock
|move|p2a: Joy|Agility|p2a: Joy
|-boost|p2a: Joy|spe|2
|
|upkeep
|turn|3
|
|t:|1760799194
|move|p2a: Joy|Nasty Plot|p2a: Joy
|-boost|p2a: Joy|spa|2
|move|p1a: Landorus|U-turn|p2a: Joy
|-supereffective|p2a: Joy
|-damage|p2a: Joy|80/100
|-enditem|p2a: Joy|Weakness Policy
|-boost|p2a: Joy|atk|2|[from] item: Weakness Policy
|-boost|p2a: Joy|spa|2|[from] item: Weakness Policy
|
|t:|1760799208
|switch|p1a: Primarina|Primarina, F|100/100|[from] U-turn
|
|upkeep
|turn|4
|
|t:|1760799211
|-terastallize|p1a: Primarina|Steel
|move|p2a: Joy|Stored Power|p1a: Primarina
|-resisted|p1a: Primarina
|-damage|p1a: Primarina|19/100
|move|p1a: Primarina|Moonblast|p2a: Joy
|-damage|p2a: Joy|0 fnt
|faint|p2a: Joy
|
|upkeep
|
|t:|1760799229
|switch|p2a: Patience|Slowbro-Galar, M|100/100
|-damage|p2a: Patience|88/100|[from] Stealth Rock
|turn|5
|
|t:|1760799237
|switch|p1a: Zapdos|Zapdos|100/100
|move|p2a: Patience|Belly Drum|p2a: Patience
|-damage|p2a: Patience|38/100
|-setboost|p2a: Patience|atk|6|[from] move: Belly Drum
|
|-sideend|p2: Dr. Elite|Reflect
|upkeep
|turn|6
|-activate|p2a: Patience|ability: Quick Draw
|
|t:|1760799244
|move|p2a: Patience|Shell Side Arm|p1a: Zapdos|[anim] Shell Side Arm Physical
|-damage|p1a: Zapdos|0 fnt
|-hint|Physical Shell Side Arm
|-status|p2a: Patience|par|[from] ability: Static|[of] p1a: Zapdos
|faint|p1a: Zapdos
|
|upkeep
|l|☆hoang nguyen
|player|p1|
|j|☆hoang nguyen
|player|p1|hoang nguyen|acetrainerf|
|
|t:|1760799285
|switch|p1a: Iron Treads|Iron Treads|100/100
|turn|7
|-activate|p2a: Patience|ability: Quick Draw
|
|t:|1760799289
|move|p2a: Patience|Drain Punch|p1a: Iron Treads
|-supereffective|p1a: Iron Treads
|-crit|p1a: Iron Treads
|-damage|p1a: Iron Treads|0 fnt
|-heal|p2a: Patience|79/100 par|[from] drain|[of] p1a: Iron Treads
|faint|p1a: Iron Treads
|-end|p1a: Iron Treads|Quark Drive|[silent]
|
|upkeep
|
|t:|1760799295
|switch|p1a: Kingambit|Kingambit, M|100/100
|-activate|p1a: Kingambit|ability: Supreme Overlord
|-start|p1a: Kingambit|fallen2|[silent]
|turn|8
|
|t:|1760799300
|move|p1a: Kingambit|Sucker Punch|p2a: Patience
|-supereffective|p2a: Patience
|-damage|p2a: Patience|0 fnt
|faint|p2a: Patience
|
|upkeep
|
|t:|1760799313
|switch|p2a: Love|Espeon, F|100/100
|-damage|p2a: Love|88/100|[from] Stealth Rock
|turn|9
|
|t:|1760799320
|-end|p1a: Kingambit|fallen2|[silent]
|switch|p1a: Primarina|Primarina, F, tera:Steel|19/100
|move|p2a: Love|Calm Mind|p2a: Love
|-boost|p2a: Love|spa|1
|-boost|p2a: Love|spd|1
|
|upkeep
|turn|10
|
|t:|1760799324
|move|p2a: Love|Calm Mind|p2a: Love
|-boost|p2a: Love|spa|1
|-boost|p2a: Love|spd|1
|move|p1a: Primarina|Moonblast|p2a: Love
|-damage|p2a: Love|43/100
|
|upkeep
|turn|11
|
|t:|1760799338
|move|p2a: Love|Calm Mind|p2a: Love
|-boost|p2a: Love|spa|1
|-boost|p2a: Love|spd|1
|move|p1a: Primarina|Moonblast|p2a: Love
|-damage|p2a: Love|11/100
|
|upkeep
|turn|12
|
|t:|1760799343
|move|p2a: Love|Morning Sun|p2a: Love
|-heal|p2a: Love|61/100
|move|p1a: Primarina|Moonblast|p2a: Love
|-damage|p2a: Love|27/100
|
|upkeep
|turn|13
|
|t:|1760799348
|switch|p1a: Kingambit|Kingambit, M|100/100
|-activate|p1a: Kingambit|ability: Supreme Overlord
|-start|p1a: Kingambit|fallen2|[silent]
|move|p2a: Love|Morning Sun|p2a: Love
|-heal|p2a: Love|77/100
|
|upkeep
|turn|14
|
|t:|1760799353
|move|p2a: Love|Draining Kiss|p1a: Kingambit
|-crit|p1a: Kingambit
|-damage|p1a: Kingambit|42/100
|-heal|p2a: Love|100/100|[from] drain|[of] p1a: Kingambit
|move|p1a: Kingambit|Kowtow Cleave|p2a: Love
|-supereffective|p2a: Love
|-damage|p2a: Love|0 fnt
|faint|p2a: Love
|
|-heal|p1a: Kingambit|49/100|[from] item: Leftovers
|upkeep
|
|t:|1760799376
|switch|p2a: Goodness|Malamar, M|100/100
|-damage|p2a: Goodness|88/100|[from] Stealth Rock
|turn|15
|
|t:|1760799387
|-end|p1a: Kingambit|fallen2|[silent]
|switch|p1a: Landorus|Landorus-Therian, M|100/100
|-ability|p1a: Landorus|Intimidate|boost
|-boost|p2a: Goodness|atk|1
|move|p2a: Goodness|Superpower|p1a: Landorus
|-resisted|p1a: Landorus
|-damage|p1a: Landorus|82/100
|-boost|p2a: Goodness|atk|1
|-boost|p2a: Goodness|def|1
|-damage|p2a: Goodness|72/100|[from] item: Rocky Helmet|[of] p1a: Landorus
|
|-heal|p2a: Goodness|78/100|[from] item: Leftovers
|upkeep
|turn|16
|
|t:|1760799398
|-terastallize|p2a: Goodness|Poison
|move|p1a: Landorus|U-turn|p2a: Goodness
|-resisted|p2a: Goodness
|-damage|p2a: Goodness|71/100
|
|t:|1760799402
|switch|p1a: Primarina|Primarina, F, tera:Steel|19/100|[from] U-turn
|move|p2a: Goodness|Superpower|p1a: Primarina
|-supereffective|p1a: Primarina
|-damage|p1a: Primarina|0 fnt
|-boost|p2a: Goodness|atk|1
|-boost|p2a: Goodness|def|1
|faint|p1a: Primarina
|
|-heal|p2a: Goodness|77/100|[from] item: Leftovers
|upkeep
|
|t:|1760799405
|switch|p1a: Iron Moth|Iron Moth|100/100
|-enditem|p1a: Iron Moth|Booster Energy
|-activate|p1a: Iron Moth|ability: Quark Drive|[fromitem]
|-start|p1a: Iron Moth|quarkdrivespe
|turn|17
|
|t:|1760799415
|move|p1a: Iron Moth|Fiery Dance|p2a: Goodness
|-damage|p2a: Goodness|47/100
|-boost|p1a: Iron Moth|spa|1
|move|p2a: Goodness|Knock Off|p1a: Iron Moth
|-damage|p1a: Iron Moth|20/100
|
|-heal|p2a: Goodness|53/100|[from] item: Leftovers
|upkeep
|turn|18
|
|t:|1760799424
|move|p1a: Iron Moth|Fiery Dance|p2a: Goodness
|-damage|p2a: Goodness|3/100
|move|p2a: Goodness|Topsy-Turvy|p1a: Iron Moth
|-invertboost|p1a: Iron Moth|[from] move: Topsy-Turvy
|
|-heal|p2a: Goodness|9/100|[from] item: Leftovers
|upkeep
|turn|19
|
|t:|1760799431
|move|p1a: Iron Moth|Fiery Dance|p2a: Goodness
|-damage|p2a: Goodness|0 fnt
|faint|p2a: Goodness
|
|upkeep
|
|t:|1760799436
|switch|p2a: Faithfulness|Oricorio-Pa'u, F|100/100
|-damage|p2a: Faithfulness|76/100|[from] Stealth Rock
|turn|20
|
|t:|1760799446
|-end|p1a: Iron Moth|Quark Drive|[silent]
|switch|p1a: Landorus|Landorus-Therian, M|82/100
|-ability|p1a: Landorus|Intimidate|boost
|-unboost|p2a: Faithfulness|atk|1
|move|p2a: Faithfulness|Quiver Dance|p2a: Faithfulness
|-boost|p2a: Faithfulness|spa|1
|-boost|p2a: Faithfulness|spd|1
|-boost|p2a: Faithfulness|spe|1
|
|upkeep
|turn|21
|
|t:|1760799451
|move|p2a: Faithfulness|Quiver Dance|p2a: Faithfulness
|-boost|p2a: Faithfulness|spa|1
|-boost|p2a: Faithfulness|spd|1
|-boost|p2a: Faithfulness|spe|1
|move|p1a: Landorus|Rock Tomb|p2a: Faithfulness
|-supereffective|p2a: Faithfulness
|-damage|p2a: Faithfulness|41/100
|
|upkeep
|turn|22
|
|t:|1760799460
|move|p2a: Faithfulness|Roost|p2a: Faithfulness
|-heal|p2a: Faithfulness|91/100
|-singleturn|p2a: Faithfulness|move: Roost
|move|p1a: Landorus|Rock Tomb|p2a: Faithfulness
|-damage|p2a: Faithfulness|75/100
|
|upkeep
|turn|23
|
|t:|1760799463
|move|p2a: Faithfulness|Quiver Dance|p2a: Faithfulness
|-boost|p2a: Faithfulness|spa|1
|-boost|p2a: Faithfulness|spd|1
|-boost|p2a: Faithfulness|spe|1
|move|p1a: Landorus|U-turn|p2a: Faithfulness
|-damage|p2a: Faithfulness|57/100
|
|t:|1760799465
|switch|p1a: Kingambit|Kingambit, M|49/100|[from] U-turn
|-activate|p1a: Kingambit|ability: Supreme Overlord
|-start|p1a: Kingambit|fallen3|[silent]
|
|-heal|p1a: Kingambit|55/100|[from] item: Leftovers
|upkeep
|turn|24
|
|t:|1760799469
|move|p1a: Kingambit|Sucker Punch||[still]
|-fail|p1a: Kingambit
|move|p2a: Faithfulness|Roost|p2a: Faithfulness
|-heal|p2a: Faithfulness|100/100
|-singleturn|p2a: Faithfulness|move: Roost
|
|-heal|p1a: Kingambit|61/100|[from] item: Leftovers
|upkeep
|turn|25
|
|t:|1760799476
|move|p2a: Faithfulness|Quiver Dance|p2a: Faithfulness
|-boost|p2a: Faithfulness|spa|1
|-boost|p2a: Faithfulness|spd|1
|-boost|p2a: Faithfulness|spe|1
|move|p1a: Kingambit|Kowtow Cleave|p2a: Faithfulness
|-supereffective|p2a: Faithfulness
|-damage|p2a: Faithfulness|0 fnt
|faint|p2a: Faithfulness
|
|-heal|p1a: Kingambit|67/100|[from] item: Leftovers
|upkeep
|
|t:|1760799477
|switch|p2a: Kindness|Meowstic, M|81/100
|-damage|p2a: Kindness|68/100|[from] Stealth Rock
|turn|26
|
|t:|1760799488
|move|p2a: Kindness|Reflect|p2a: Kindness
|-sidestart|p2: Dr. Elite|Reflect
|move|p1a: Kingambit|Kowtow Cleave|p2a: Kindness
|-supereffective|p2a: Kindness
|-damage|p2a: Kindness|14/100
|
|-heal|p1a: Kingambit|73/100|[from] item: Leftovers
|upkeep
|turn|27
|
|t:|1760799492
|move|p2a: Kindness|Alluring Voice|p1a: Kingambit
|-damage|p1a: Kingambit|54/100
|move|p1a: Kingambit|Kowtow Cleave|p2a: Kindness
|-supereffective|p2a: Kindness
|-damage|p2a: Kindness|0 fnt
|faint|p2a: Kindness
|
|win|hoang nguyen
|raw|hoang nguyen's rating: 1572 &rarr; <strong>1591</strong><br />(+19 for winning)
|raw|Dr. Elite's rating: 1563 &rarr; <strong>1544</strong><br />(-19 for losing)
|c|☆hoang nguyen|gg
|c|☆hoang nguyen|your team is very annoying
|c|☆Dr. Elite|Yes
|c|☆Dr. Elite|It’s PU monotype.
|l|☆hoang nguyen
|player|p1|
|l|☆Dr. Elite
|player|p2|
