|j|☆lzw00
|j|☆mo007001
|t:|1760767428
|gametype|singles
|player|p1|lzw00|cynthia|1089
|player|p2|mo007001|burglar|1133
|gen|9
|tier|[Gen 9] OU
|rated|
|rule|HP Percentage Mod: HP is shown in percentages
|rule|Endless Battle Clause: Forcing endless battles is banned
|rule|Species Clause: Limit one of each Pokémon
|rule|OHKO Clause: OHKO moves are banned
|rule|Evasion Items Clause: Evasion items are banned
|rule|Evasion Moves Clause: Evasion moves are banned
|rule|Evasion Abilities Clause: Evasion abilities are banned
|rule|Sleep Moves Clause: Sleep-inducing moves are banned
|clearpoke
|poke|p1|Regidrago|
|poke|p1|Moltres-Galar|
|poke|p1|Great Tusk|
|poke|p1|Ceruledge, M|
|poke|p1|Fezandipiti, M|
|poke|p1|Zapdos|
|poke|p2|Ursaluna, F|
|poke|p2|Gumshoos, M|
|poke|p2|Lokix, F|
|poke|p2|Kingambit, F|
|poke|p2|Skeledirge, M|
|poke|p2|Slowking, M|
|teampreview
|
|t:|1760767440
|teamsize|p1|6
|teamsize|p2|6
|start
|switch|p1a: Regidrago|Regidrago|100/100
|switch|p2a: Gumshoos|Gumshoos, M|100/100
|turn|1
|
|t:|1760767449
|move|p1a: Regidrago|Dragon Energy|p2a: Gumshoos
|-damage|p2a: Gumshoos|0 fnt
|faint|p2a: Gumshoos
|
|upkeep
|
|t:|1760767455
|switch|p2a: Slowking|Slowking, M, shiny|100/100
|turn|2
|
|t:|1760767466
|switch|p1a: Fezandipiti|Fezandipiti, M|100/100
|move|p2a: Slowking|Trick Room|p2a: Slowking
|-fieldstart|move: Trick Room|[of] p2a: Slowking
|
|upkeep
|turn|3
|
|t:|1760767476
|switch|p2a: Ursaluna|Ursaluna, F|100/100
|move|p1a: Fezandipiti|Beat Up|p2a: Ursaluna
|-damage|p2a: Ursaluna|98/100
|-damage|p2a: Ursaluna|96/100
|-status|p2a: Ursaluna|tox|[from] ability: Toxic Chain|[of] p1a: Fezandipiti
|-damage|p2a: Ursaluna|93/100 tox
|-damage|p2a: Ursaluna|90/100 tox
|-damage|p2a: Ursaluna|88/100 tox
|-damage|p2a: Ursaluna|85/100 tox
|-hitcount|p2a: Ursaluna|6
|
|-damage|p2a: Ursaluna|79/100 tox|[from] psn
|upkeep
|turn|4
|
|t:|1760767501
|move|p2a: Ursaluna|Facade|p1a: Fezandipiti
|-damage|p1a: Fezandipiti|19/100
|move|p1a: Fezandipiti|Play Rough|p2a: Ursaluna|[miss]
|-miss|p1a: Fezandipiti|p2a: Ursaluna
|
|-damage|p2a: Ursaluna|67/100 tox|[from] psn
|upkeep
|turn|5
|
|t:|1760767517
|switch|p1a: Great Tusk|Great Tusk|100/100
|move|p2a: Ursaluna|Headlong Rush|p1a: Great Tusk
|-damage|p1a: Great Tusk|41/100
|-unboost|p2a: Ursaluna|def|1
|-unboost|p2a: Ursaluna|spd|1
|
|-damage|p2a: Ursaluna|48/100 tox|[from] psn
|upkeep
|turn|6
|
|t:|1760767528
|-terastallize|p1a: Great Tusk|Water
|move|p2a: Ursaluna|Facade|p1a: Great Tusk
|-damage|p1a: Great Tusk|0 fnt
|faint|p1a: Great Tusk
|-end|p1a: Great Tusk|Protosynthesis|[silent]
|
|-damage|p2a: Ursaluna|23/100 tox|[from] psn
|-fieldend|move: Trick Room
|upkeep
|
|t:|1760767534
|switch|p1a: Regidrago|Regidrago|100/100
|turn|7
|
|t:|1760767543
|switch|p2a: Slowking|Slowking, M, shiny|100/100
|move|p1a: Regidrago|Dragon Energy|p2a: Slowking
|-damage|p2a: Slowking|29/100
|
|upkeep
|turn|8
|
|t:|1760767556
|move|p1a: Regidrago|Dragon Energy|p2a: Slowking
|-damage|p2a: Slowking|0 fnt
|faint|p2a: Slowking
|
|upkeep
|
|t:|1760767567
|switch|p2a: Lokix|Lokix, F|100/100
|turn|9
|
|t:|1760767571
|switch|p1a: Zapdos|Zapdos|100/100
|-ability|p1a: Zapdos|Pressure
|move|p2a: Lokix|First Impression|p1a: Zapdos
|-resisted|p1a: Zapdos
|-damage|p1a: Zapdos|57/100
|
|upkeep
|turn|10
|
|t:|1760767580
|switch|p2a: Ursaluna|Ursaluna, F|23/100 tox
|move|p1a: Zapdos|Thunder Wave|p2a: Ursaluna
|-immune|p2a: Ursaluna
|
|-damage|p2a: Ursaluna|17/100 tox|[from] psn
|upkeep
|turn|11
|
|t:|1760767589
|move|p1a: Zapdos|U-turn|p2a: Ursaluna
|-damage|p2a: Ursaluna|7/100 tox
|
|t:|1760767594
|switch|p1a: Fezandipiti|Fezandipiti, M|19/100|[from] U-turn
|move|p2a: Ursaluna|Facade|p1a: Fezandipiti
|-damage|p1a: Fezandipiti|0 fnt
|faint|p1a: Fezandipiti
|
|-damage|p2a: Ursaluna|0 fnt|[from] psn
|faint|p2a: Ursaluna
|upkeep
|
|t:|1760767606
|switch|p1a: Moltres|Moltres-Galar, shiny|100/100
|switch|p2a: Lokix|Lokix, F|100/100
|turn|12
|
|t:|1760767618
|switch|p2a: Skeledirge|Skeledirge, M, shiny|100/100
|move|p1a: Moltres|Nasty Plot|p1a: Moltres
|-boost|p1a: Moltres|spa|2
|
|upkeep
|turn|13
|
|t:|1760767629
|move|p1a: Moltres|Fiery Wrath|p2a: Skeledirge
|-supereffective|p2a: Skeledirge
|-damage|p2a: Skeledirge|26/100
|move|p2a: Skeledirge|Torch Song|p1a: Moltres
|-damage|p1a: Moltres|74/100
|-boost|p2a: Skeledirge|spa|1
|
|upkeep
|turn|14
|
|t:|1760767644
|move|p1a: Moltres|Nasty Plot|p1a: Moltres
|-boost|p1a: Moltres|spa|2
|move|p2a: Skeledirge|Shadow Ball|p1a: Moltres
|-resisted|p1a: Moltres
|-damage|p1a: Moltres|56/100
|
|upkeep
|turn|15
|
|t:|1760767655
|move|p1a: Moltres|Fiery Wrath|p2a: Skeledirge
|-supereffective|p2a: Skeledirge
|-damage|p2a: Skeledirge|0 fnt
|faint|p2a: Skeledirge
|
|upkeep
|
|t:|1760767660
|switch|p2a: Lokix|Lokix, F|100/100
|turn|16
|
|t:|1760767668
|move|p1a: Moltres|Fiery Wrath|p2a: Lokix
|-resisted|p2a: Lokix
|-damage|p2a: Lokix|1/100
|cant|p2a: Lokix|flinch
|
|upkeep
|turn|17
|
|t:|1760767675
|move|p1a: Moltres|Fiery Wrath|p2a: Lokix
|-resisted|p2a: Lokix
|-damage|p2a: Lokix|0 fnt
|faint|p2a: Lokix
|
|upkeep
|
|t:|1760767681
|switch|p2a: Kingambit|Kingambit, F|100/100
|-activate|p2a: Kingambit|ability: Supreme Overlord
|-start|p2a: Kingambit|fallen5|[silent]
|-item|p2a: Kingambit|Air Balloon
|turn|18
|
|t:|1760767693
|move|p2a: Kingambit|Sucker Punch|p1a: Moltres
|-resisted|p1a: Moltres
|-damage|p1a: Moltres|18/100
|-ability|p1a: Moltres|Berserk|boost
|-boost|p1a: Moltres|spa|1
|-enditem|p1a: Moltres|Sitrus Berry|[eat]
|-heal|p1a: Moltres|43/100|[from] item: Sitrus Berry
|move|p1a: Moltres|Fiery Wrath|p2a: Kingambit
|-resisted|p2a: Kingambit
|-damage|p2a: Kingambit|34/100
|-enditem|p2a: Kingambit|Air Balloon
|
|upkeep
|turn|19
|-message|mo007001 forfeited.
|
|win|lzw00
|raw|lzw00's rating: 1089 &rarr; <strong>1119</strong><br />(+30 for winning)
|raw|mo007001's rating: 1133 &rarr; <strong>1105</strong><br />(-28 for losing)
|l|☆mo007001
|player|p2|
|l|☆lzw00
|player|p1|
