|j|‽Scrafty.YN
|j|☆nlzdy
|t:|1760852170
|gametype|singles
|player|p1|Scrafty.YN|hoopster|1287
|player|p2|nlzdy|cynthia|1237
|gen|9
|tier|[Gen 9] OU
|rated|
|rule|HP Percentage Mod: HP is shown in percentages
|rule|Endless Battle Clause: Forcing endless battles is banned
|rule|Species Clause: Limit one of each Pokémon
|rule|OHKO Clause: OHKO moves are banned
|rule|Evasion Items Clause: Evasion items are banned
|rule|Evasion Moves Clause: Evasion moves are banned
|rule|Evasion Abilities Clause: Evasion abilities are banned
|rule|Sleep Moves Clause: Sleep-inducing moves are banned
|clearpoke
|poke|p1|Gholdengo|
|poke|p1|Clodsire, M|
|poke|p1|Skarmory, M|
|poke|p1|Hariyama, M|
|poke|p1|Darkrai|
|poke|p1|Gliscor, M|
|poke|p2|Corviknight, M|
|poke|p2|Raging Bolt|
|poke|p2|Walking Wake|
|poke|p2|Cinderace, M|
|poke|p2|Slowking-Galar, F|
|poke|p2|Zamazenta-*|
|teampreview
|
|t:|1760852185
|teamsize|p1|6
|teamsize|p2|6
|start
|switch|p1a: Clodsire|Clodsire, M, shiny|100/100
|switch|p2a: Walking Wake|Walking Wake|100/100
|turn|1
|
|t:|1760852195
|-end|p2a: Walking Wake|Protosynthesis|[silent]
|switch|p2a: Slowking|Slowking-Galar, F|100/100
|move|p1a: Clodsire|Toxic|p2a: Slowking
|-immune|p2a: Slowking
|
|upkeep
|turn|2
|
|t:|1760852201
|move|p1a: Clodsire|Stealth Rock|p2a: Slowking
|-sidestart|p2: nlzdy|move: Stealth Rock
|move|p2a: Slowking|Future Sight|p1a: Clodsire
|-start|p2a: Slowking|move: Future Sight
|
|upkeep
|turn|3
|
|t:|1760852208
|switch|p1a: Darkrai|Darkrai|100/100
|-prepare|p2a: Slowking|Chilly Reception|[premajor]
|move|p2a: Slowking|Chilly Reception|p2a: Slowking
|-weather|Snowscape
|
|t:|1760852216
|switch|p2a: Cinderace|Cinderace, M|100/100|[from] Chilly Reception
|
|-weather|Snowscape|[upkeep]
|upkeep
|turn|4
|
|t:|1760852227
|switch|p1a: Gliscor|Gliscor, M, shiny|100/100
|move|p2a: Cinderace|U-turn|p1a: Gliscor
|-start|p2a: Cinderace|typechange|Bug|[from] ability: Libero
|-resisted|p1a: Gliscor
|-crit|p1a: Gliscor
|-damage|p1a: Gliscor|85/100
|
|t:|1760852235
|switch|p2a: Slowking|Slowking-Galar, F|100/100|[from] U-turn
|-damage|p2a: Slowking|88/100|[from] Stealth Rock
|
|-weather|Snowscape|[upkeep]
|-end|p1a: Gliscor|move: Future Sight
|-damage|p1a: Gliscor|17/100
|-heal|p2a: Slowking|94/100|[from] item: Black Sludge
|-status|p1a: Gliscor|tox|[from] item: Toxic Orb
|upkeep
|turn|5
|
|t:|1760852246
|move|p1a: Gliscor|Protect|p1a: Gliscor
|-singleturn|p1a: Gliscor|Protect
|move|p2a: Slowking|Future Sight|p1a: Gliscor
|-start|p2a: Slowking|move: Future Sight
|
|-weather|Snowscape|[upkeep]
|-heal|p2a: Slowking|99/100|[from] item: Black Sludge
|-heal|p1a: Gliscor|29/100 tox|[from] ability: Poison Heal
|upkeep
|turn|6
|
|t:|1760852266
|move|p1a: Gliscor|Swords Dance|p1a: Gliscor
|-boost|p1a: Gliscor|atk|2
|-prepare|p2a: Slowking|Chilly Reception|[premajor]
|move|p2a: Slowking|Chilly Reception|p2a: Slowking
|
|t:|1760852275
|switch|p2a: Corviknight|Corviknight, M|100/100|[from] Chilly Reception
|-damage|p2a: Corviknight|88/100|[from] Stealth Rock
|
|-weather|Snowscape|[upkeep]
|-heal|p1a: Gliscor|42/100 tox|[from] ability: Poison Heal
|upkeep
|turn|7
|
|t:|1760852283
|switch|p1a: Darkrai|Darkrai|100/100
|move|p2a: Corviknight|Roost|p2a: Corviknight
|-heal|p2a: Corviknight|100/100
|-singleturn|p2a: Corviknight|move: Roost
|
|-weather|none
|-end|p1a: Darkrai|move: Future Sight
|-immune|p1a: Darkrai
|upkeep
|turn|8
|
|t:|1760852293
|switch|p1a: Gliscor|Gliscor, M, shiny|42/100 tox
|move|p2a: Corviknight|U-turn|p1a: Gliscor
|-resisted|p1a: Gliscor
|-damage|p1a: Gliscor|38/100 tox
|
|t:|1760852299
|switch|p2a: Cinderace|Cinderace, M|100/100|[from] U-turn
|
|-heal|p1a: Gliscor|50/100 tox|[from] ability: Poison Heal
|upkeep
|turn|9
|
|t:|1760852306
|move|p2a: Cinderace|Court Change|p2a: Cinderace
|-start|p2a: Cinderace|typechange|Normal|[from] ability: Libero
|-swapsideconditions
|-activate|p2a: Cinderace|move: Court Change
|move|p1a: Gliscor|Earthquake|p2a: Cinderace
|-damage|p2a: Cinderace|54/100
|
|-heal|p1a: Gliscor|62/100 tox|[from] ability: Poison Heal
|upkeep
|turn|10
|
|t:|1760852317
|switch|p2a: Corviknight|Corviknight, M|100/100
|move|p1a: Gliscor|Knock Off|p2a: Corviknight
|-damage|p2a: Corviknight|87/100
|-damage|p1a: Gliscor|46/100 tox|[from] item: Rocky Helmet|[of] p2a: Corviknight
|-enditem|p2a: Corviknight|Rocky Helmet|[from] move: Knock Off|[of] p1a: Gliscor
|
|-heal|p1a: Gliscor|58/100 tox|[from] ability: Poison Heal
|upkeep
|turn|11
|
|t:|1760852327
|move|p1a: Gliscor|Swords Dance|p1a: Gliscor
|-boost|p1a: Gliscor|atk|2
|move|p2a: Corviknight|U-turn|p1a: Gliscor
|-resisted|p1a: Gliscor
|-damage|p1a: Gliscor|54/100 tox
|
|t:|1760852335
|switch|p2a: Walking Wake|Walking Wake|100/100|[from] U-turn
|
|-heal|p1a: Gliscor|67/100 tox|[from] ability: Poison Heal
|upkeep
|turn|12
|
|t:|1760852349
|switch|p1a: Clodsire|Clodsire, M, shiny|100/100
|move|p2a: Walking Wake|Hydro Steam|p1a: Clodsire
|-immune|p1a: Clodsire|[from] ability: Water Absorb
|
|upkeep
|turn|13
|
|t:|1760852357
|-end|p2a: Walking Wake|Protosynthesis|[silent]
|switch|p2a: Corviknight|Corviknight, M|87/100
|move|p1a: Clodsire|Stealth Rock|p2a: Corviknight
|-sidestart|p2: nlzdy|move: Stealth Rock
|
|upkeep
|turn|14
|
|t:|1760852362
|switch|p1a: Gliscor|Gliscor, M, shiny|67/100 tox
|-damage|p1a: Gliscor|54/100 tox|[from] Stealth Rock
|move|p2a: Corviknight|Roost|p2a: Corviknight
|-heal|p2a: Corviknight|100/100
|-singleturn|p2a: Corviknight|move: Roost
|
|-heal|p1a: Gliscor|67/100 tox|[from] ability: Poison Heal
|upkeep
|turn|15
|
|t:|1760852373
|move|p1a: Gliscor|Knock Off|p2a: Corviknight
|-damage|p2a: Corviknight|92/100
|move|p2a: Corviknight|U-turn|p1a: Gliscor
|-resisted|p1a: Gliscor
|-damage|p1a: Gliscor|63/100 tox
|
|t:|1760852382
|switch|p2a: Slowking|Slowking-Galar, F|100/100|[from] U-turn
|-damage|p2a: Slowking|88/100|[from] Stealth Rock
|
|-heal|p2a: Slowking|94/100|[from] item: Black Sludge
|-heal|p1a: Gliscor|75/100 tox|[from] ability: Poison Heal
|upkeep
|turn|16
|
|t:|1760852390
|move|p1a: Gliscor|Earthquake|p2a: Slowking
|-supereffective|p2a: Slowking
|-damage|p2a: Slowking|16/100
|move|p2a: Slowking|Future Sight|p1a: Gliscor
|-start|p2a: Slowking|move: Future Sight
|
|-heal|p2a: Slowking|22/100|[from] item: Black Sludge
|-heal|p1a: Gliscor|88/100 tox|[from] ability: Poison Heal
|upkeep
|turn|17
|
|t:|1760852405
|switch|p2a: Corviknight|Corviknight, M|92/100
|-damage|p2a: Corviknight|80/100|[from] Stealth Rock
|move|p1a: Gliscor|Earthquake|p2a: Corviknight
|-immune|p2a: Corviknight
|
|-heal|p1a: Gliscor|99/100 tox|[from] ability: Poison Heal
|upkeep
|turn|18
|
|t:|1760852417
|move|p1a: Gliscor|Protect|p1a: Gliscor
|-singleturn|p1a: Gliscor|Protect
|move|p2a: Corviknight|U-turn|p1a: Gliscor
|-activate|p1a: Gliscor|move: Protect
|
|-end|p1a: Gliscor|move: Future Sight
|-damage|p1a: Gliscor|36/100 tox
|-heal|p1a: Gliscor|49/100 tox|[from] ability: Poison Heal
|upkeep
|turn|19
|
|t:|1760852431
|move|p1a: Gliscor|Swords Dance|p1a: Gliscor
|-boost|p1a: Gliscor|atk|2
|move|p2a: Corviknight|U-turn|p1a: Gliscor
|-resisted|p1a: Gliscor
|-damage|p1a: Gliscor|45/100 tox
|
|t:|1760852437
|switch|p2a: Zamazenta|Zamazenta|100/100|[from] U-turn
|-damage|p2a: Zamazenta|94/100|[from] Stealth Rock
|-ability|p2a: Zamazenta|Dauntless Shield|boost
|-boost|p2a: Zamazenta|def|1
|
|-heal|p1a: Gliscor|57/100 tox|[from] ability: Poison Heal
|upkeep
|turn|20
|
|t:|1760852447
|move|p2a: Zamazenta|Ice Fang|p1a: Gliscor
|-supereffective|p1a: Gliscor
|-damage|p1a: Gliscor|0 fnt
|faint|p1a: Gliscor
|
|upkeep
|
|t:|1760852456
|switch|p1a: Skarmory|Skarmory, M|100/100
|-damage|p1a: Skarmory|88/100|[from] Stealth Rock
|turn|21
|
|t:|1760852462
|switch|p2a: Slowking|Slowking-Galar, F|55/100
|-damage|p2a: Slowking|43/100|[from] Stealth Rock
|move|p1a: Skarmory|Brave Bird|p2a: Slowking
|-damage|p2a: Slowking|0 fnt
|faint|p2a: Slowking
|-damage|p1a: Skarmory|74/100|[from] Recoil
|
|upkeep
|
|t:|1760852474
|switch|p2a: Walking Wake|Walking Wake|100/100
|-damage|p2a: Walking Wake|88/100|[from] Stealth Rock
|turn|22
|
|t:|1760852478
|switch|p1a: Clodsire|Clodsire, M, shiny|100/100
|move|p2a: Walking Wake|Flamethrower|p1a: Clodsire
|-damage|p1a: Clodsire|85/100
|
|upkeep
|turn|23
|
|t:|1760852494
|-end|p2a: Walking Wake|Protosynthesis|[silent]
|switch|p2a: Corviknight|Corviknight, M|80/100
|-damage|p2a: Corviknight|67/100|[from] Stealth Rock
|move|p1a: Clodsire|Toxic|p2a: Corviknight
|-immune|p2a: Corviknight
|
|upkeep
|turn|24
|
|t:|1760852505
|switch|p1a: Skarmory|Skarmory, M|74/100
|-damage|p1a: Skarmory|62/100|[from] Stealth Rock
|move|p2a: Corviknight|Roost|p2a: Corviknight
|-heal|p2a: Corviknight|100/100
|-singleturn|p2a: Corviknight|move: Roost
|
|upkeep
|turn|25
|
|t:|1760852522
|move|p1a: Skarmory|Spikes|p2a: Corviknight
|-sidestart|p2: nlzdy|Spikes
|move|p2a: Corviknight|U-turn|p1a: Skarmory
|-resisted|p1a: Skarmory
|-damage|p1a: Skarmory|60/100
|-damage|p2a: Corviknight|84/100|[from] item: Rocky Helmet|[of] p1a: Skarmory
|
|t:|1760852528
|switch|p2a: Cinderace|Cinderace, M|54/100|[from] U-turn
|
|upkeep
|turn|26
|
|t:|1760852533
|move|p2a: Cinderace|Pyro Ball|p1a: Skarmory
|-supereffective|p1a: Skarmory
|-damage|p1a: Skarmory|0 fnt
|faint|p1a: Skarmory
|
|upkeep
|
|t:|1760852544
|switch|p1a: Darkrai|Darkrai|100/100
|turn|27
|
|t:|1760852548
|switch|p2a: Corviknight|Corviknight, M|84/100
|-damage|p2a: Corviknight|71/100|[from] Stealth Rock
|move|p1a: Darkrai|Dark Pulse|p2a: Corviknight
|-damage|p2a: Corviknight|29/100
|
|upkeep
|turn|28
|
|t:|1760852556
|move|p1a: Darkrai|Dark Pulse|p2a: Corviknight
|-damage|p2a: Corviknight|0 fnt
|faint|p2a: Corviknight
|
|upkeep
|
|t:|1760852562
|switch|p2a: Zamazenta|Zamazenta|94/100
|-damage|p2a: Zamazenta|88/100|[from] Stealth Rock
|-damage|p2a: Zamazenta|76/100|[from] Spikes
|turn|29
|
|t:|1760852574
|switch|p1a: Gholdengo|Gholdengo|100/100
|-damage|p1a: Gholdengo|94/100|[from] Stealth Rock
|-item|p1a: Gholdengo|Air Balloon
|move|p2a: Zamazenta|Crunch|p1a: Gholdengo
|-supereffective|p1a: Gholdengo
|-damage|p1a: Gholdengo|16/100
|-enditem|p1a: Gholdengo|Air Balloon
|
|upkeep
|turn|30
|
|t:|1760852584
|move|p2a: Zamazenta|Crunch|p1a: Gholdengo
|-supereffective|p1a: Gholdengo
|-damage|p1a: Gholdengo|0 fnt
|faint|p1a: Gholdengo
|
|upkeep
|
|t:|1760852590
|switch|p1a: Clodsire|Clodsire, M, shiny|85/100
|turn|31
|
|t:|1760852599
|switch|p2a: Walking Wake|Walking Wake|88/100
|-damage|p2a: Walking Wake|76/100|[from] Stealth Rock
|-damage|p2a: Walking Wake|63/100|[from] Spikes
|move|p1a: Clodsire|Toxic|p2a: Walking Wake
|-status|p2a: Walking Wake|tox
|
|-damage|p2a: Walking Wake|57/100 tox|[from] psn
|upkeep
|turn|32
|
|t:|1760852609
|move|p2a: Walking Wake|Draco Meteor|p1a: Clodsire
|-damage|p1a: Clodsire|51/100
|-unboost|p2a: Walking Wake|spa|2
|move|p1a: Clodsire|Recover|p1a: Clodsire
|-heal|p1a: Clodsire|100/100
|
|-damage|p2a: Walking Wake|45/100 tox|[from] psn
|upkeep
|turn|33
|
|t:|1760852619
|move|p2a: Walking Wake|Draco Meteor|p1a: Clodsire
|-damage|p1a: Clodsire|84/100
|-unboost|p2a: Walking Wake|spa|2
|move|p1a: Clodsire|Toxic|p2a: Walking Wake
|-fail|p2a: Walking Wake|tox
|
|-damage|p2a: Walking Wake|26/100 tox|[from] psn
|upkeep
|turn|34
|
|t:|1760852629
|move|p2a: Walking Wake|Draco Meteor|p1a: Clodsire
|-damage|p1a: Clodsire|72/100
|-unboost|p2a: Walking Wake|spa|2
|move|p1a: Clodsire|Toxic|p2a: Walking Wake
|-fail|p2a: Walking Wake|tox
|
|-damage|p2a: Walking Wake|2/100 tox|[from] psn
|upkeep
|turn|35
|
|t:|1760852638
|move|p2a: Walking Wake|Draco Meteor|p1a: Clodsire
|-damage|p1a: Clodsire|65/100
|move|p1a: Clodsire|Earthquake|p2a: Walking Wake
|-damage|p2a: Walking Wake|0 fnt
|faint|p2a: Walking Wake
|-end|p2a: Walking Wake|Protosynthesis|[silent]
|
|upkeep
|
|t:|1760852646
|switch|p2a: Cinderace|Cinderace, M|54/100
|turn|36
|
|t:|1760852682
|move|p2a: Cinderace|Pyro Ball|p1a: Clodsire
|-damage|p1a: Clodsire|0 fnt
|faint|p1a: Clodsire
|
|upkeep
|
|t:|1760852686
|switch|p1a: Hariyama|Hariyama, M, shiny|100/100
|-damage|p1a: Hariyama|94/100|[from] Stealth Rock
|turn|37
|
|t:|1760852692
|move|p2a: Cinderace|Pyro Ball|p1a: Hariyama
|-damage|p1a: Hariyama|63/100
|-status|p1a: Hariyama|brn
|move|p1a: Hariyama|Drain Punch|p2a: Cinderace
|-damage|p2a: Cinderace|29/100
|-heal|p1a: Hariyama|71/100 brn|[from] drain|[of] p2a: Cinderace
|
|-damage|p1a: Hariyama|65/100 brn|[from] brn
|upkeep
|turn|38
|
|t:|1760852702
|move|p2a: Cinderace|Pyro Ball|p1a: Hariyama
|-damage|p1a: Hariyama|35/100 brn
|move|p1a: Hariyama|Drain Punch|p2a: Cinderace
|-damage|p2a: Cinderace|3/100
|-heal|p1a: Hariyama|43/100 brn|[from] drain|[of] p2a: Cinderace
|
|-damage|p1a: Hariyama|37/100 brn|[from] brn
|upkeep
|turn|39
|
|t:|1760852711
|move|p1a: Hariyama|Bullet Punch|p2a: Cinderace
|-resisted|p2a: Cinderace
|-damage|p2a: Cinderace|0 fnt
|faint|p2a: Cinderace
|
|-damage|p1a: Hariyama|31/100 brn|[from] brn
|upkeep
|
|t:|1760852721
|switch|p2a: Raging Bolt|Raging Bolt|100/100
|-damage|p2a: Raging Bolt|88/100|[from] Stealth Rock
|-damage|p2a: Raging Bolt|76/100|[from] Spikes
|turn|40
|
|t:|1760852731
|move|p2a: Raging Bolt|Volt Switch|p1a: Hariyama
|-damage|p1a: Hariyama|0 fnt
|faint|p1a: Hariyama
|
|t:|1760852735
|-end|p2a: Raging Bolt|Protosynthesis|[silent]
|switch|p2a: Zamazenta|Zamazenta|76/100|[from] Volt Switch
|-damage|p2a: Zamazenta|70/100|[from] Stealth Rock
|-damage|p2a: Zamazenta|57/100|[from] Spikes
|
|upkeep
|
|t:|1760852744
|switch|p1a: Darkrai|Darkrai|100/100
|turn|41
|
|t:|1760852761
|-terastallize|p1a: Darkrai|Poison
|move|p2a: Zamazenta|Close Combat|p1a: Darkrai
|-resisted|p1a: Darkrai
|-damage|p1a: Darkrai|38/100
|-unboost|p2a: Zamazenta|def|1
|-unboost|p2a: Zamazenta|spd|1
|move|p1a: Darkrai|Sludge Bomb|p2a: Zamazenta
|-crit|p2a: Zamazenta
|-damage|p2a: Zamazenta|0 fnt
|faint|p2a: Zamazenta
|
|upkeep
|
|t:|1760852773
|switch|p2a: Raging Bolt|Raging Bolt|76/100
|-damage|p2a: Raging Bolt|64/100|[from] Stealth Rock
|-damage|p2a: Raging Bolt|51/100|[from] Spikes
|turn|42
|
|t:|1760852778
|move|p2a: Raging Bolt|Thunderclap|p1a: Darkrai
|-damage|p1a: Darkrai|0 fnt
|faint|p1a: Darkrai
|
|win|nlzdy
|raw|Scrafty.YN's rating: 1287 &rarr; <strong>1258</strong><br />(-29 for losing)
|raw|nlzdy's rating: 1237 &rarr; <strong>1266</strong><br />(+29 for winning)
|l|‽Scrafty.YN
|player|p1|
|l|☆nlzdy
|player|p2|
