|j|☆OUZQ Crocodile
|j|☆healboy009
|t:|1760863119
|gametype|singles
|player|p1|OUZQ Crocodile|gentleman-gen4dp|
|player|p2|healboy009|backpacker|
|gen|9
|tier|[Gen 9] OU
|rule|HP Percentage Mod: HP is shown in percentages
|rule|Endless Battle Clause: Forcing endless battles is banned
|rule|Species Clause: Limit one of each Pokémon
|rule|OHKO Clause: OHKO moves are banned
|rule|Evasion Items Clause: Evasion items are banned
|rule|Evasion Moves Clause: Evasion moves are banned
|rule|Evasion Abilities Clause: Evasion abilities are banned
|rule|Sleep Moves Clause: Sleep-inducing moves are banned
|clearpoke
|poke|p1|Pincurchin, M|
|poke|p1|Raging Bolt|
|poke|p1|Iron Treads|
|poke|p1|Weezing-Galar, F|
|poke|p1|Dragonite, M|
|poke|p1|Iron Valiant|
|poke|p2|Ceruledge, F|
|poke|p2|Rotom-Wash|
|poke|p2|Hydrapple, F|
|poke|p2|Ting-Lu|
|poke|p2|Weezing-Galar, F|
|poke|p2|Zamazenta-*|
|teampreview
|inactive|Battle timer is ON: inactive players will automatically lose when time's up. (requested by OUZQ Crocodile)
|c|☆OUZQ Crocodile|Hf
|c|☆healboy009|Ok :d
|c|☆healboy009|Hf
|
|t:|1760863140
|teamsize|p1|6
|teamsize|p2|6
|start
|switch|p1a: Pincurchin|Pincurchin, M|100/100
|switch|p2a: Rotom|Rotom-Wash, shiny|100/100
|-fieldstart|move: Electric Terrain|[from] ability: Electric Surge|[of] p1a: Pincurchin
|turn|1
|
|t:|1760863146
|switch|p1a: Raging Bolt|Raging Bolt|100/100
|move|p2a: Rotom|Trick|p1a: Raging Bolt
|-activate|p2a: Rotom|move: Trick|[of] p1a: Raging Bolt
|-item|p1a: Raging Bolt|Choice Scarf|[from] move: Trick
|-item|p2a: Rotom|Choice Specs|[from] move: Trick
|
|upkeep
|turn|2
|
|t:|1760863154
|move|p1a: Raging Bolt|Draco Meteor|p2a: Rotom
|-damage|p2a: Rotom|0 fnt
|-unboost|p1a: Raging Bolt|spa|2
|faint|p2a: Rotom
|
|upkeep
|inactive|healboy009 has 270 seconds left.
|l|☆healboy009
|inactive|healboy009 disconnected and has 300 seconds to reconnect!
|player|p2|
|inactive|healboy009 has 270 seconds to reconnect!
|inactive|healboy009 has 240 seconds to reconnect!
|inactive|healboy009 has 210 seconds to reconnect!
|j|☆healboy009
|inactive|healboy009 reconnected and has 260 seconds left.
|player|p2|healboy009|backpacker|
|c|☆healboy009|Yoo
|inactive|healboy009 has 240 seconds left.
|c|☆healboy009|My battery died
|c|☆healboy009|Thx for waiting
|
|t:|1760863321
|switch|p2a: Weezing|Weezing-Galar, F|100/100
|-ability|p2a: Weezing|Neutralizing Gas
|turn|3
|c|☆OUZQ Crocodile|Np
|
|t:|1760863333
|-end|p1a: Raging Bolt|Protosynthesis|[silent]
|switch|p1a: Iron Treads|Iron Treads|100/100
|move|p2a: Weezing|Will-O-Wisp|p1a: Iron Treads|[miss]
|-miss|p2a: Weezing|p1a: Iron Treads
|
|upkeep
|turn|4
|inactive|healboy009 has 240 seconds left.
|
|t:|1760863353
|move|p1a: Iron Treads|Earthquake|p2a: Weezing
|-supereffective|p2a: Weezing
|-damage|p2a: Weezing|38/100
|move|p2a: Weezing|Will-O-Wisp|p1a: Iron Treads
|-status|p1a: Iron Treads|brn
|
|-damage|p1a: Iron Treads|94/100 brn|[from] brn
|upkeep
|turn|5
|
|t:|1760863365
|move|p1a: Iron Treads|Earthquake|p2a: Weezing
|-supereffective|p2a: Weezing
|-damage|p2a: Weezing|5/100
|move|p2a: Weezing|Pain Split|p1a: Iron Treads
|-sethp|p1a: Iron Treads|49/100 brn|[from] move: Pain Split|[silent]
|-sethp|p2a: Weezing|69/100|[from] move: Pain Split
|
|-heal|p1a: Iron Treads|55/100 brn|[from] item: Leftovers
|-damage|p1a: Iron Treads|49/100 brn|[from] brn
|upkeep
|turn|6
|inactive|healboy009 has 240 seconds left.
|
|t:|1760863387
|-end|p2a: Weezing|ability: Neutralizing Gas
|-activate|p1a: Iron Treads|ability: Quark Drive
|-start|p1a: Iron Treads|quarkdrivedef
|switch|p2a: Ceruledge|Ceruledge, F|100/100
|move|p1a: Iron Treads|Earthquake|p2a: Ceruledge
|-supereffective|p2a: Ceruledge
|-damage|p2a: Ceruledge|47/100
|-ability|p2a: Ceruledge|Weak Armor|boost
|-unboost|p2a: Ceruledge|def|1
|-boost|p2a: Ceruledge|spe|2
|
|-heal|p1a: Iron Treads|55/100 brn|[from] item: Leftovers
|-damage|p1a: Iron Treads|49/100 brn|[from] brn
|upkeep
|turn|7
|inactive|OUZQ Crocodile has 270 seconds left.
|
|t:|1760863414
|-terastallize|p2a: Ceruledge|Bug
|move|p2a: Ceruledge|Swords Dance|p2a: Ceruledge
|-boost|p2a: Ceruledge|atk|2
|move|p1a: Iron Treads|Earthquake|p2a: Ceruledge
|-resisted|p2a: Ceruledge
|-damage|p2a: Ceruledge|28/100
|-ability|p2a: Ceruledge|Weak Armor|boost
|-unboost|p2a: Ceruledge|def|1
|-boost|p2a: Ceruledge|spe|2
|
|-heal|p1a: Iron Treads|55/100 brn|[from] item: Leftovers
|-damage|p1a: Iron Treads|49/100 brn|[from] brn
|upkeep
|turn|8
|inactive|OUZQ Crocodile has 270 seconds left.
|
|t:|1760863422
|move|p2a: Ceruledge|Bitter Blade|p1a: Iron Treads
|-supereffective|p1a: Iron Treads
|-crit|p1a: Iron Treads
|-damage|p1a: Iron Treads|0 fnt
|-heal|p2a: Ceruledge|60/100|[from] drain|[of] p1a: Iron Treads
|faint|p1a: Iron Treads
|-end|p1a: Iron Treads|Quark Drive|[silent]
|
|-fieldend|move: Electric Terrain
|upkeep
|inactive|OUZQ Crocodile has 270 seconds left.
|
|t:|1760863436
|switch|p1a: Pincurchin|Pincurchin, M|100/100
|-fieldstart|move: Electric Terrain|[from] ability: Electric Surge|[of] p1a: Pincurchin
|turn|9
|
|t:|1760863441
|move|p2a: Ceruledge|Bitter Blade|p1a: Pincurchin
|-crit|p1a: Pincurchin
|-damage|p1a: Pincurchin|0 fnt
|-heal|p2a: Ceruledge|100/100|[from] drain|[of] p1a: Pincurchin
|faint|p1a: Pincurchin
|
|upkeep
|
|t:|1760863446
|switch|p1a: Dragonite|Dragonite, M|100/100
|turn|10
|
|t:|1760863450
|move|p2a: Ceruledge|Poltergeist|p1a: Dragonite
|-activate|p1a: Dragonite|move: Poltergeist|Heavy-Duty Boots
|-damage|p1a: Dragonite|38/100
|move|p1a: Dragonite|Thunder Punch|p2a: Ceruledge
|-damage|p2a: Ceruledge|17/100
|-ability|p2a: Ceruledge|Weak Armor|boost
|-unboost|p2a: Ceruledge|def|1
|-boost|p2a: Ceruledge|spe|2
|
|upkeep
|turn|11
|
|t:|1760863458
|move|p2a: Ceruledge|Bitter Blade|p1a: Dragonite
|-resisted|p1a: Dragonite
|-damage|p1a: Dragonite|0 fnt
|-heal|p2a: Ceruledge|38/100|[from] drain|[of] p1a: Dragonite
|faint|p1a: Dragonite
|
|upkeep
|
|t:|1760863461
|switch|p1a: Raging Bolt|Raging Bolt|100/100
|turn|12
|
|t:|1760863466
|move|p1a: Raging Bolt|Thunderclap||[still]
|-fail|p1a: Raging Bolt
|move|p2a: Ceruledge|Swords Dance|p2a: Ceruledge
|-boost|p2a: Ceruledge|atk|2
|
|upkeep
|turn|13
|
|t:|1760863469
|-end|p1a: Raging Bolt|Protosynthesis|[silent]
|switch|p1a: Weezing|Weezing-Galar, F|100/100
|move|p2a: Ceruledge|Swords Dance|p2a: Ceruledge
|-boost|p2a: Ceruledge|atk|2
|
|upkeep
|turn|14
|
|t:|1760863475
|move|p2a: Ceruledge|Bitter Blade|p1a: Weezing
|-damage|p1a: Weezing|0 fnt
|-heal|p2a: Ceruledge|89/100|[from] drain|[of] p1a: Weezing
|faint|p1a: Weezing
|
|upkeep
|
|t:|1760863476
|switch|p1a: Raging Bolt|Raging Bolt|100/100
|turn|15
|
|t:|1760863483
|move|p2a: Ceruledge|Bitter Blade|p1a: Raging Bolt
|-resisted|p1a: Raging Bolt
|-damage|p1a: Raging Bolt|15/100
|-heal|p2a: Ceruledge|100/100|[from] drain|[of] p1a: Raging Bolt
|move|p1a: Raging Bolt|Rising Voltage|p2a: Ceruledge
|-hint|Rising Voltage's BP doubled on grounded target.
|-enditem|p2a: Ceruledge|Focus Sash
|-damage|p2a: Ceruledge|1/100
|
|upkeep
|turn|16
|c|☆OUZQ Crocodile|Gg ts strong
|
|t:|1760863493
|move|p2a: Ceruledge|Bitter Blade|p1a: Raging Bolt
|-resisted|p1a: Raging Bolt
|-damage|p1a: Raging Bolt|0 fnt
|-heal|p2a: Ceruledge|10/100|[from] drain|[of] p1a: Raging Bolt
|faint|p1a: Raging Bolt
|-end|p1a: Raging Bolt|Protosynthesis|[silent]
|
|-fieldend|move: Electric Terrain
|upkeep
|
|t:|1760863495
|switch|p1a: Iron Valiant|Iron Valiant|100/100
|turn|17
|c|☆healboy009|Thx
|
|t:|1760863502
|-terastallize|p1a: Iron Valiant|Dark
|move|p2a: Ceruledge|Bitter Blade|p1a: Iron Valiant
|-damage|p1a: Iron Valiant|0 fnt
|-heal|p2a: Ceruledge|60/100|[from] drain|[of] p1a: Iron Valiant
|faint|p1a: Iron Valiant
|-end|p1a: Iron Valiant|Quark Drive|[silent]
|
|win|healboy009
|l|☆OUZQ Crocodile
|player|p1|
|c|☆healboy009|Did I improve
