|j|☆unreadables
|j|☆gmzjosh09
|t:|1760768217
|gametype|singles
|player|p1|unreadables|1|1087
|player|p2|gmzjosh09|102|1080
|gen|9
|tier|[Gen 9] OU
|rated|
|rule|HP Percentage Mod: HP is shown in percentages
|rule|Endless Battle Clause: Forcing endless battles is banned
|rule|Species Clause: Limit one of each Pokémon
|rule|OHKO Clause: OHKO moves are banned
|rule|Evasion Items Clause: Evasion items are banned
|rule|Evasion Moves Clause: Evasion moves are banned
|rule|Evasion Abilities Clause: Evasion abilities are banned
|rule|Sleep Moves Clause: Sleep-inducing moves are banned
|clearpoke
|poke|p1|Toxapex, F|
|poke|p1|Weezing-Galar, F|
|poke|p1|Hatterene, F|
|poke|p1|Ursaluna, M|
|poke|p1|Dondozo, F|
|poke|p1|Garganacl, F|
|poke|p2|Indeedee, M|
|poke|p2|Espeon, F|
|poke|p2|Iron Valiant|
|poke|p2|Weavile, M|
|poke|p2|Sudowoodo, F|
|poke|p2|Excadrill, F|
|teampreview
|
|t:|1760768221
|teamsize|p1|6
|teamsize|p2|6
|start
|switch|p1a: Hatterene|Hatterene, F|100/100
|switch|p2a: Indeedee|Indeedee, M|100/100
|-fieldstart|move: Psychic Terrain|[from] ability: Psychic Surge|[of] p2a: Indeedee
|turn|1
|
|t:|1760768235
|move|p2a: Indeedee|Expanding Force|p1a: Hatterene
|-resisted|p1a: Hatterene
|-damage|p1a: Hatterene|64/100
|move|p1a: Hatterene|Trick Room|p1a: Hatterene
|-fieldstart|move: Trick Room|[of] p1a: Hatterene
|
|upkeep
|turn|2
|
|t:|1760768243
|move|p1a: Hatterene|Reflect|p1a: Hatterene
|-sidestart|p1: unreadables|Reflect
|move|p2a: Indeedee|Encore|p1a: Hatterene
|move|p1a: Hatterene|Encore||[from] ability: Magic Bounce|[still]
|-fail|p1a: Hatterene
|
|upkeep
|turn|3
|
|t:|1760768265
|switch|p1a: Ursaluna|Ursaluna, M|100/100
|switch|p2a: Espeon|Espeon, F|100/100
|
|-status|p1a: Ursaluna|brn|[from] item: Flame Orb
|upkeep
|turn|4
|
|t:|1760768277
|move|p1a: Ursaluna|Facade|p2a: Espeon
|-damage|p2a: Espeon|0 fnt
|faint|p2a: Espeon
|
|-damage|p1a: Ursaluna|94/100 brn|[from] brn
|upkeep
|
|t:|1760768285
|switch|p2a: Iron Valiant|Iron Valiant|100/100
|-enditem|p2a: Iron Valiant|Booster Energy
|-activate|p2a: Iron Valiant|ability: Quark Drive|[fromitem]
|-start|p2a: Iron Valiant|quarkdrivespe
|turn|5
|
|t:|1760768295
|move|p1a: Ursaluna|Drain Punch|p2a: Iron Valiant
|-resisted|p2a: Iron Valiant
|-damage|p2a: Iron Valiant|70/100
|-heal|p1a: Ursaluna|100/100 brn|[from] drain|[of] p2a: Iron Valiant
|move|p2a: Iron Valiant|Expanding Force|p1a: Ursaluna
|-damage|p1a: Ursaluna|55/100 brn
|
|-damage|p1a: Ursaluna|49/100 brn|[from] brn
|-fieldend|move: Trick Room
|upkeep
|turn|6
|
|t:|1760768305
|-terastallize|p1a: Ursaluna|Psychic
|move|p2a: Iron Valiant|Expanding Force|p1a: Ursaluna
|-resisted|p1a: Ursaluna
|-damage|p1a: Ursaluna|26/100 brn
|move|p1a: Ursaluna|Facade|p2a: Iron Valiant
|-damage|p2a: Iron Valiant|0 fnt
|faint|p2a: Iron Valiant
|-end|p2a: Iron Valiant|Quark Drive|[silent]
|
|-damage|p1a: Ursaluna|20/100 brn|[from] brn
|-sideend|p1: unreadables|Reflect
|upkeep
|
|t:|1760768325
|switch|p2a: Indeedee|Indeedee, M|100/100
|turn|7
|
|t:|1760768343
|move|p2a: Indeedee|Hyper Voice|p1a: Ursaluna
|-crit|p1a: Ursaluna
|-damage|p1a: Ursaluna|0 fnt
|faint|p1a: Ursaluna
|
|upkeep
|
|t:|1760768351
|switch|p1a: Toxapex|Toxapex, F|100/100
|turn|8
|
|t:|1760768363
|move|p2a: Indeedee|Calm Mind|p2a: Indeedee
|-boost|p2a: Indeedee|spa|1
|-boost|p2a: Indeedee|spd|1
|move|p1a: Toxapex|Toxic Spikes|p2a: Indeedee
|-sidestart|p2: gmzjosh09|move: Toxic Spikes
|
|-fieldend|move: Psychic Terrain
|upkeep
|turn|9
|
|t:|1760768383
|move|p2a: Indeedee|Hyper Voice|p1a: Toxapex
|-damage|p1a: Toxapex|46/100
|move|p1a: Toxapex|Gunk Shot|p2a: Indeedee
|-damage|p2a: Indeedee|38/100
|-status|p2a: Indeedee|psn
|
|-heal|p1a: Toxapex|52/100|[from] item: Black Sludge
|-damage|p2a: Indeedee|26/100 psn|[from] psn
|upkeep
|turn|10
|
|t:|1760768389
|move|p1a: Toxapex|Baneful Bunker|p1a: Toxapex
|-singleturn|p1a: Toxapex|move: Protect
|move|p2a: Indeedee|Hyper Voice|p1a: Toxapex
|-activate|p1a: Toxapex|move: Protect
|
|-heal|p1a: Toxapex|59/100|[from] item: Black Sludge
|-damage|p2a: Indeedee|14/100 psn|[from] psn
|upkeep
|turn|11
|
|t:|1760768405
|switch|p2a: Excadrill|Excadrill, F|100/100
|-ability|p2a: Excadrill|Mold Breaker
|move|p1a: Toxapex|Toxic Spikes|p2a: Excadrill
|-sidestart|p2: gmzjosh09|move: Toxic Spikes
|
|-heal|p1a: Toxapex|65/100|[from] item: Black Sludge
|upkeep
|turn|12
|
|t:|1760768425
|switch|p1a: Dondozo|Dondozo, F|100/100
|move|p2a: Excadrill|Stealth Rock|p1a: Dondozo
|-sidestart|p1: unreadables|move: Stealth Rock
|
|upkeep
|turn|13
|
|t:|1760768431
|move|p2a: Excadrill|Rapid Spin|p1a: Dondozo
|-damage|p1a: Dondozo|90/100
|-boost|p2a: Excadrill|spe|1
|-sideend|p2: gmzjosh09|Toxic Spikes|[from] move: Rapid Spin|[of] p2a: Excadrill
|move|p1a: Dondozo|Wave Crash|p2a: Excadrill
|-supereffective|p2a: Excadrill
|-enditem|p2a: Excadrill|Focus Sash
|-damage|p2a: Excadrill|1/100
|-damage|p1a: Dondozo|66/100|[from] Recoil
|
|upkeep
|turn|14
|
|t:|1760768441
|move|p2a: Excadrill|Earthquake|p1a: Dondozo
|-damage|p1a: Dondozo|37/100
|move|p1a: Dondozo|Wave Crash|p2a: Excadrill
|-supereffective|p2a: Excadrill
|-damage|p2a: Excadrill|0 fnt
|faint|p2a: Excadrill
|-damage|p1a: Dondozo|37/100|[from] Recoil
|
|upkeep
|
|t:|1760768449
|switch|p2a: Indeedee|Indeedee, M|14/100 psn
|-fieldstart|move: Psychic Terrain|[from] ability: Psychic Surge|[of] p2a: Indeedee
|turn|15
|
|t:|1760768458
|move|p2a: Indeedee|Expanding Force|p1a: Dondozo
|-damage|p1a: Dondozo|0 fnt
|faint|p1a: Dondozo
|
|-damage|p2a: Indeedee|1/100 psn|[from] psn
|upkeep
|
|t:|1760768468
|switch|p1a: Toxapex|Toxapex, F|98/100
|-damage|p1a: Toxapex|86/100|[from] Stealth Rock
|turn|16
|
|t:|1760768472
|move|p2a: Indeedee|Expanding Force|p1a: Toxapex
|-supereffective|p1a: Toxapex
|-damage|p1a: Toxapex|0 fnt
|faint|p1a: Toxapex
|
|-damage|p2a: Indeedee|0 fnt|[from] psn
|faint|p2a: Indeedee
|upkeep
|
|t:|1760768478
|switch|p2a: Weavile|Weavile, M|100/100
|switch|p1a: Garganacl|Garganacl, F|100/100
|-ability|p2a: Weavile|Pressure
|-damage|p1a: Garganacl|88/100|[from] Stealth Rock
|turn|17
|
|t:|1760768502
|move|p2a: Weavile|Brick Break|p1a: Garganacl
|-supereffective|p1a: Garganacl
|-damage|p1a: Garganacl|58/100
|-damage|p2a: Weavile|84/100|[from] item: Rocky Helmet|[of] p1a: Garganacl
|move|p1a: Garganacl|Salt Cure|p2a: Weavile
|-supereffective|p2a: Weavile
|-damage|p2a: Weavile|19/100
|-start|p2a: Weavile|Salt Cure
|
|-damage|p2a: Weavile|7/100|[from] Salt Cure
|upkeep
|turn|18
|
|t:|1760768512
|move|p2a: Weavile|Brick Break|p1a: Garganacl
|-supereffective|p1a: Garganacl
|-damage|p1a: Garganacl|27/100
|-damage|p2a: Weavile|0 fnt|[from] item: Rocky Helmet|[of] p1a: Garganacl
|faint|p2a: Weavile
|move|p1a: Garganacl|Curse|p1a: Garganacl
|-unboost|p1a: Garganacl|spe|1
|-boost|p1a: Garganacl|atk|1
|-boost|p1a: Garganacl|def|1
|
|upkeep
|
|t:|1760768516
|switch|p2a: Sudowoodo|Sudowoodo, F|100/100
|turn|19
|
|t:|1760768531
|move|p2a: Sudowoodo|Head Smash|p1a: Garganacl
|-damage|p1a: Garganacl|0 fnt
|-damage|p2a: Sudowoodo|84/100|[from] item: Rocky Helmet|[of] p1a: Garganacl
|faint|p1a: Garganacl
|-damage|p2a: Sudowoodo|65/100|[from] Recoil
|
|upkeep
|
|t:|1760768536
|switch|p1a: Weezing|Weezing-Galar, F|100/100
|-ability|p1a: Weezing|Neutralizing Gas
|-damage|p1a: Weezing|88/100|[from] Stealth Rock
|turn|20
|
|t:|1760768549
|move|p1a: Weezing|Explosion|p2a: Sudowoodo
|-enditem|p1a: Weezing|Normal Gem|[from] gem
|-resisted|p2a: Sudowoodo
|-damage|p2a: Sudowoodo|24/100
|faint|p1a: Weezing
|-end|p1a: Weezing|ability: Neutralizing Gas
|move|p2a: Sudowoodo|Head Smash|p1: Weezing|[notarget]
|-fail|p2a: Sudowoodo
|
|upkeep
|
|t:|1760768555
|switch|p1a: Hatterene|Hatterene, F|64/100
|-damage|p1a: Hatterene|51/100|[from] Stealth Rock
|turn|21
|
|t:|1760768561
|move|p2a: Sudowoodo|Head Smash|p1a: Hatterene
|-damage|p1a: Hatterene|0 fnt
|faint|p1a: Hatterene
|-damage|p2a: Sudowoodo|0 fnt|[from] Recoil
|faint|p2a: Sudowoodo
|
|win|gmzjosh09
|raw|unreadables's rating: 1087 &rarr; <strong>1063</strong><br />(-24 for losing)
|raw|gmzjosh09's rating: 1080 &rarr; <strong>1109</strong><br />(+29 for winning)
|l|☆gmzjosh09
|player|p2|
|l|☆unreadables
|player|p1|
