|j|☆bena13
|j|☆Flapjack Hero
|t:|1760740597
|gametype|singles
|player|p1|bena13|101|1360
|player|p2|Flapjack Hero|101|1400
|gen|9
|tier|[Gen 9] OU
|rated|
|rule|HP Percentage Mod: HP is shown in percentages
|rule|Endless Battle Clause: Forcing endless battles is banned
|rule|Species Clause: Limit one of each Pokémon
|rule|OHKO Clause: OHKO moves are banned
|rule|Evasion Items Clause: Evasion items are banned
|rule|Evasion Moves Clause: Evasion moves are banned
|rule|Evasion Abilities Clause: Evasion abilities are banned
|rule|Sleep Moves Clause: Sleep-inducing moves are banned
|clearpoke
|poke|p1|Spiritomb, F|
|poke|p1|Okidogi, M|
|poke|p1|Gastrodon, M|
|poke|p1|Vileplume, M|
|poke|p1|Salazzle, F|
|poke|p1|Haunter, M|
|poke|p2|Blaziken, F|
|poke|p2|Great Tusk|
|poke|p2|Alomomola, M|
|poke|p2|Kyurem|
|poke|p2|Darkrai|
|poke|p2|Zapdos|
|teampreview
|inactive|Battle timer is ON: inactive players will automatically lose when time's up. (requested by bena13)
|
|t:|1760740606
|teamsize|p1|6
|teamsize|p2|6
|start
|switch|p1a: Salazzle|Salazzle, F|100/100
|switch|p2a: Darkrai|Darkrai|100/100
|turn|1
|
|t:|1760740612
|switch|p1a: Okidogi|Okidogi, M|100/100
|move|p2a: Darkrai|Dark Pulse|p1a: Okidogi
|-resisted|p1a: Okidogi
|-damage|p1a: Okidogi|84/100
|
|-heal|p1a: Okidogi|90/100|[from] item: Leftovers
|upkeep
|turn|2
|
|t:|1760740624
|switch|p2a: Alomomola|Alomomola, M|100/100
|switch|p1a: Salazzle|Salazzle, F|100/100
|
|upkeep
|turn|3
|
|t:|1760740631
|switch|p1a: Gastrodon|Gastrodon, M|100/100
|move|p2a: Alomomola|Flip Turn|p1a: Gastrodon
|-ability|p1a: Gastrodon|Storm Drain|boost
|-boost|p1a: Gastrodon|spa|1
|
|upkeep
|turn|4
|
|t:|1760740638
|switch|p2a: Darkrai|Darkrai|100/100
|move|p1a: Gastrodon|Earth Power|p2a: Darkrai
|-damage|p2a: Darkrai|25/100
|
|upkeep
|turn|5
|
|t:|1760740645
|move|p2a: Darkrai|Trick|p1a: Gastrodon
|-activate|p2a: Darkrai|move: Trick|[of] p1a: Gastrodon
|-item|p1a: Gastrodon|Choice Scarf|[from] move: Trick
|-item|p2a: Darkrai|Assault Vest|[from] move: Trick
|move|p1a: Gastrodon|Earth Power|p2a: Darkrai
|-damage|p2a: Darkrai|0 fnt
|faint|p2a: Darkrai
|
|upkeep
|
|t:|1760740649
|switch|p2a: Blaziken|Blaziken, F|100/100
|-item|p2a: Blaziken|Air Balloon
|turn|6
|
|t:|1760740662
|switch|p1a: Haunter|Haunter, M|100/100
|move|p2a: Blaziken|Swords Dance|p2a: Blaziken
|-boost|p2a: Blaziken|atk|2
|
|-ability|p2a: Blaziken|Speed Boost|boost
|-boost|p2a: Blaziken|spe|1
|upkeep
|turn|7
|
|t:|1760740672
|move|p2a: Blaziken|Flare Blitz|p1a: Haunter
|-enditem|p1a: Haunter|Focus Sash
|-damage|p1a: Haunter|1/100
|-damage|p2a: Blaziken|75/100|[from] Recoil
|move|p1a: Haunter|Thunderbolt|p2a: Blaziken
|-damage|p2a: Blaziken|31/100
|-enditem|p2a: Blaziken|Air Balloon
|
|-ability|p2a: Blaziken|Speed Boost|boost
|-boost|p2a: Blaziken|spe|1
|upkeep
|turn|8
|
|t:|1760740687
|move|p2a: Blaziken|Flare Blitz|p1a: Haunter
|-damage|p1a: Haunter|0 fnt
|faint|p1a: Haunter
|-damage|p2a: Blaziken|31/100|[from] Recoil
|
|-ability|p2a: Blaziken|Speed Boost|boost
|-boost|p2a: Blaziken|spe|1
|upkeep
|
|t:|1760740696
|switch|p1a: Spiritomb|Spiritomb, F|100/100
|turn|9
|
|t:|1760740710
|move|p2a: Blaziken|Flare Blitz|p1a: Spiritomb
|-damage|p1a: Spiritomb|2/100
|-damage|p2a: Blaziken|0 fnt|[from] Recoil
|faint|p2a: Blaziken
|move|p1a: Spiritomb|Foul Play|p2: Blaziken|[notarget]
|-fail|p1a: Spiritomb
|
|-heal|p1a: Spiritomb|8/100|[from] item: Leftovers
|upkeep
|
|t:|1760740717
|switch|p2a: Great Tusk|Great Tusk|100/100
|turn|10
|
|t:|1760740723
|move|p2a: Great Tusk|Stealth Rock|p1a: Spiritomb
|-sidestart|p1: bena13|move: Stealth Rock
|move|p1a: Spiritomb|Pain Split|p2a: Great Tusk
|-sethp|p2a: Great Tusk|53/100|[from] move: Pain Split|[silent]
|-sethp|p1a: Spiritomb|74/100|[from] move: Pain Split
|
|-heal|p1a: Spiritomb|80/100|[from] item: Leftovers
|upkeep
|turn|11
|
|t:|1760740733
|move|p2a: Great Tusk|Headlong Rush|p1a: Spiritomb
|-damage|p1a: Spiritomb|40/100
|-unboost|p2a: Great Tusk|def|1
|-unboost|p2a: Great Tusk|spd|1
|move|p1a: Spiritomb|Will-O-Wisp|p2a: Great Tusk
|-status|p2a: Great Tusk|brn
|
|-heal|p1a: Spiritomb|47/100|[from] item: Leftovers
|-damage|p2a: Great Tusk|47/100 brn|[from] brn
|upkeep
|turn|12
|-message|Flapjack Hero forfeited.
|
|win|bena13
|raw|bena13's rating: 1360 &rarr; <strong>1382</strong><br />(+22 for winning)
|raw|Flapjack Hero's rating: 1400 &rarr; <strong>1378</strong><br />(-22 for losing)
|l|☆Flapjack Hero
|player|p2|
|l|☆bena13
|player|p1|
|j|☆bena13
|player|p1|bena13|101|
