|j|☆AsierX
|j|☆Gulptubus
|t:|1760789234
|gametype|singles
|player|p1|AsierX|skierf|1505
|player|p2|Gulptubus|pokemonranger-gen4|1599
|gen|9
|tier|[Gen 9] OU
|rated|
|rule|HP Percentage Mod: HP is shown in percentages
|rule|Endless Battle Clause: Forcing endless battles is banned
|rule|Species Clause: Limit one of each Pokémon
|rule|OHKO Clause: OHKO moves are banned
|rule|Evasion Items Clause: Evasion items are banned
|rule|Evasion Moves Clause: Evasion moves are banned
|rule|Evasion Abilities Clause: Evasion abilities are banned
|rule|Sleep Moves Clause: Sleep-inducing moves are banned
|clearpoke
|poke|p1|Moltres-Galar|
|poke|p1|Zapdos-Galar|
|poke|p1|Ogerpon-Wellspring, F|
|poke|p1|Iron Boulder|
|poke|p1|Sandy Shocks|
|poke|p1|Cinderace, M|
|poke|p2|Kyurem|
|poke|p2|Rillaboom, F|
|poke|p2|Cinderace, F|
|poke|p2|Slowking-Galar, F|
|poke|p2|Great Tusk|
|poke|p2|Enamorus, F|
|teampreview
|
|t:|1760789260
|teamsize|p1|6
|teamsize|p2|6
|start
|switch|p1a: 𝕷 𝖊 𝖌 𝖘|Sandy Shocks|100/100
|switch|p2a: Rillaboom|Rillaboom, F|100/100
|-fieldstart|move: Grassy Terrain|[from] ability: Grassy Surge|[of] p2a: Rillaboom
|turn|1
|
|t:|1760789264
|-end|p1a: 𝕷 𝖊 𝖌 𝖘|Protosynthesis|[silent]
|switch|p1a: Birdbrain|Zapdos-Galar|100/100
|move|p2a: Rillaboom|Grassy Glide|p1a: Birdbrain
|-resisted|p1a: Birdbrain
|-damage|p1a: Birdbrain|71/100
|
|upkeep
|turn|2
|
|t:|1760789270
|switch|p2a: Great Tusk|Great Tusk|100/100
|move|p1a: Birdbrain|Knock Off|p2a: Great Tusk
|-resisted|p2a: Great Tusk
|-damage|p2a: Great Tusk|91/100
|-enditem|p2a: Great Tusk|Heavy-Duty Boots|[from] move: Knock Off|[of] p1a: Birdbrain
|
|-heal|p2a: Great Tusk|97/100|[from] Grassy Terrain
|upkeep
|turn|3
|
|t:|1760789280
|move|p1a: Birdbrain|Brave Bird|p2a: Great Tusk
|-supereffective|p2a: Great Tusk
|-damage|p2a: Great Tusk|27/100
|-damage|p1a: Birdbrain|39/100|[from] Recoil
|move|p2a: Great Tusk|Knock Off|p1a: Birdbrain
|-resisted|p1a: Birdbrain
|-damage|p1a: Birdbrain|22/100
|-enditem|p1a: Birdbrain|Assault Vest|[from] move: Knock Off|[of] p2a: Great Tusk
|
|-heal|p2a: Great Tusk|33/100|[from] Grassy Terrain
|upkeep
|turn|4
|
|t:|1760789291
|-end|p2a: Great Tusk|Protosynthesis|[silent]
|switch|p2a: Slowking|Slowking-Galar, F, shiny|100/100
|move|p1a: Birdbrain|Thunderous Kick|p2a: Slowking
|-resisted|p2a: Slowking
|-damage|p2a: Slowking|89/100
|-unboost|p2a: Slowking|def|1
|
|-heal|p2a: Slowking|95/100|[from] Grassy Terrain
|upkeep
|turn|5
|
|t:|1760789299
|switch|p2a: Cinderace|Cinderace, F|100/100
|move|p1a: Birdbrain|Knock Off|p2a: Cinderace
|-damage|p2a: Cinderace|56/100
|-enditem|p2a: Cinderace|Heavy-Duty Boots|[from] move: Knock Off|[of] p1a: Birdbrain
|
|-heal|p2a: Cinderace|62/100|[from] Grassy Terrain
|-fieldend|move: Grassy Terrain
|upkeep
|turn|6
|
|t:|1760789302
|move|p2a: Cinderace|Pyro Ball|p1a: Birdbrain
|-damage|p1a: Birdbrain|0 fnt
|faint|p1a: Birdbrain
|
|upkeep
|
|t:|1760789304
|switch|p1a: Here's the kicker|Cinderace, M|100/100
|turn|7
|
|t:|1760789309
|move|p1a: Here's the kicker|High Jump Kick|p2a: Cinderace
|-start|p1a: Here's the kicker|typechange|Fighting|[from] ability: Libero
|-damage|p2a: Cinderace|0 fnt
|faint|p2a: Cinderace
|
|upkeep
|
|t:|1760789321
|switch|p2a: Slowking|Slowking-Galar, F, shiny|100/100
|turn|8
|
|t:|1760789326
|move|p1a: Here's the kicker|U-turn|p2a: Slowking
|-damage|p2a: Slowking|78/100
|
|t:|1760789327
|switch|p1a: 🔥I'm EVIL‼🔥|Moltres-Galar|100/100|[from] U-turn
|-prepare|p2a: Slowking|Chilly Reception|[premajor]
|move|p2a: Slowking|Chilly Reception|p2a: Slowking
|-weather|Snowscape
|
|t:|1760789335
|switch|p2a: Kyurem|Kyurem|100/100|[from] Chilly Reception
|-ability|p2a: Kyurem|Pressure
|
|-weather|Snowscape|[upkeep]
|upkeep
|turn|9
|
|t:|1760789340
|move|p2a: Kyurem|Substitute|p2a: Kyurem
|-start|p2a: Kyurem|Substitute
|-damage|p2a: Kyurem|75/100
|move|p1a: 🔥I'm EVIL‼🔥|Agility|p1a: 🔥I'm EVIL‼🔥
|-boost|p1a: 🔥I'm EVIL‼🔥|spe|2
|
|-weather|Snowscape|[upkeep]
|-heal|p2a: Kyurem|82/100|[from] item: Leftovers
|upkeep
|turn|10
|
|t:|1760789343
|move|p1a: 🔥I'm EVIL‼🔥|Fiery Wrath|p2a: Kyurem
|-end|p2a: Kyurem|Substitute
|move|p2a: Kyurem|Freeze-Dry|p1a: 🔥I'm EVIL‼🔥
|-supereffective|p1a: 🔥I'm EVIL‼🔥
|-damage|p1a: 🔥I'm EVIL‼🔥|41/100
|-ability|p1a: 🔥I'm EVIL‼🔥|Berserk|boost
|-boost|p1a: 🔥I'm EVIL‼🔥|spa|1
|-enditem|p1a: 🔥I'm EVIL‼🔥|Sitrus Berry|[eat]
|-heal|p1a: 🔥I'm EVIL‼🔥|66/100|[from] item: Sitrus Berry
|
|-weather|Snowscape|[upkeep]
|-heal|p2a: Kyurem|88/100|[from] item: Leftovers
|upkeep
|turn|11
|
|t:|1760789349
|move|p2a: Kyurem|Protect|p2a: Kyurem
|-singleturn|p2a: Kyurem|Protect
|move|p1a: 🔥I'm EVIL‼🔥|Hurricane|p2a: Kyurem
|-activate|p2a: Kyurem|move: Protect
|
|-weather|Snowscape|[upkeep]
|-heal|p2a: Kyurem|94/100|[from] item: Leftovers
|upkeep
|turn|12
|
|t:|1760789353
|move|p1a: 🔥I'm EVIL‼🔥|Hurricane|p2a: Kyurem
|-damage|p2a: Kyurem|24/100
|move|p2a: Kyurem|Freeze-Dry|p1a: 🔥I'm EVIL‼🔥
|-supereffective|p1a: 🔥I'm EVIL‼🔥
|-damage|p1a: 🔥I'm EVIL‼🔥|1/100
|-ability|p1a: 🔥I'm EVIL‼🔥|Berserk|boost
|-boost|p1a: 🔥I'm EVIL‼🔥|spa|1
|
|-weather|none
|-heal|p2a: Kyurem|30/100|[from] item: Leftovers
|upkeep
|turn|13
|
|t:|1760789357
|move|p2a: Kyurem|Protect|p2a: Kyurem
|-singleturn|p2a: Kyurem|Protect
|move|p1a: 🔥I'm EVIL‼🔥|Fiery Wrath|p2a: Kyurem
|-activate|p2a: Kyurem|move: Protect
|
|-heal|p2a: Kyurem|36/100|[from] item: Leftovers
|upkeep
|turn|14
|
|t:|1760789364
|switch|p2a: Great Tusk|Great Tusk|33/100
|move|p1a: 🔥I'm EVIL‼🔥|Fiery Wrath|p2a: Great Tusk
|-resisted|p2a: Great Tusk
|-damage|p2a: Great Tusk|0 fnt
|faint|p2a: Great Tusk
|-end|p2a: Great Tusk|Protosynthesis|[silent]
|
|upkeep
|
|t:|1760789366
|switch|p2a: Rillaboom|Rillaboom, F|100/100
|-fieldstart|move: Grassy Terrain|[from] ability: Grassy Surge|[of] p2a: Rillaboom
|turn|15
|
|t:|1760789371
|move|p2a: Rillaboom|Grassy Glide|p1a: 🔥I'm EVIL‼🔥
|-resisted|p1a: 🔥I'm EVIL‼🔥
|-damage|p1a: 🔥I'm EVIL‼🔥|0 fnt
|faint|p1a: 🔥I'm EVIL‼🔥
|
|upkeep
|
|t:|1760789373
|switch|p1a: Here's the kicker|Cinderace, M|100/100
|turn|16
|
|t:|1760789377
|switch|p2a: Slowking|Slowking-Galar, F, shiny|100/100
|move|p1a: Here's the kicker|Pyro Ball|p2a: Slowking|[miss]
|-miss|p1a: Here's the kicker|p2a: Slowking
|
|upkeep
|turn|17
|
|t:|1760789381
|move|p1a: Here's the kicker|Pyro Ball|p2a: Slowking
|-damage|p2a: Slowking|36/100
|move|p2a: Slowking|Future Sight|p1a: Here's the kicker
|-start|p2a: Slowking|move: Future Sight
|
|-heal|p2a: Slowking|42/100|[from] Grassy Terrain
|upkeep
|turn|18
|
|t:|1760789391
|switch|p2a: Kyurem|Kyurem|36/100
|-ability|p2a: Kyurem|Pressure
|move|p1a: Here's the kicker|Pyro Ball|p2a: Kyurem
|-damage|p2a: Kyurem|0 fnt
|faint|p2a: Kyurem
|
|upkeep
|
|t:|1760789398
|switch|p2a: Slowking|Slowking-Galar, F, shiny|75/100
|turn|19
|
|t:|1760789400
|move|p1a: Here's the kicker|Pyro Ball|p2a: Slowking
|-damage|p2a: Slowking|15/100
|move|p2a: Slowking|Sludge Bomb|p1a: Here's the kicker
|-damage|p1a: Here's the kicker|51/100
|
|-end|p1a: Here's the kicker|move: Future Sight
|-damage|p1a: Here's the kicker|0 fnt
|faint|p1a: Here's the kicker
|-heal|p2a: Slowking|21/100|[from] Grassy Terrain
|-fieldend|move: Grassy Terrain
|upkeep
|
|t:|1760789405
|switch|p1a: Battering Ram|Iron Boulder|100/100
|-enditem|p1a: Battering Ram|Booster Energy
|-activate|p1a: Battering Ram|ability: Quark Drive|[fromitem]
|-start|p1a: Battering Ram|quarkdrivespe
|turn|20
|
|t:|1760789409
|move|p1a: Battering Ram|Mighty Cleave|p2a: Slowking
|-damage|p2a: Slowking|0 fnt
|faint|p2a: Slowking
|
|upkeep
|
|t:|1760789414
|switch|p2a: Rillaboom|Rillaboom, F|100/100
|-fieldstart|move: Grassy Terrain|[from] ability: Grassy Surge|[of] p2a: Rillaboom
|turn|21
|
|t:|1760789419
|-terastallize|p1a: Battering Ram|Bug
|-terastallize|p2a: Rillaboom|Grass
|move|p2a: Rillaboom|Grassy Glide|p1a: Battering Ram
|-resisted|p1a: Battering Ram
|-damage|p1a: Battering Ram|58/100
|move|p1a: Battering Ram|Megahorn|p2a: Rillaboom
|-supereffective|p2a: Rillaboom
|-damage|p2a: Rillaboom|0 fnt
|faint|p2a: Rillaboom
|
|-heal|p1a: Battering Ram|64/100|[from] Grassy Terrain
|upkeep
|
|t:|1760789423
|switch|p2a: Enamorus|Enamorus, F|100/100
|turn|22
|
|t:|1760789427
|move|p1a: Battering Ram|Mighty Cleave|p2a: Enamorus
|-supereffective|p2a: Enamorus
|-damage|p2a: Enamorus|0 fnt
|faint|p2a: Enamorus
|
|win|AsierX
|raw|AsierX's rating: 1505 &rarr; <strong>1530</strong><br />(+25 for winning)
|raw|Gulptubus's rating: 1599 &rarr; <strong>1574</strong><br />(-25 for losing)
|l|☆AsierX
|player|p1|
|l|☆Gulptubus
|player|p2|
