|j|☆Cocobreezy
|j|☆cissybtm4fun
|t:|1760848898
|gametype|singles
|player|p1|Cocobreezy|yellow|1344
|player|p2|cissybtm4fun|marley|1380
|gen|9
|tier|[Gen 9] OU
|rated|
|rule|HP Percentage Mod: HP is shown in percentages
|rule|Endless Battle Clause: Forcing endless battles is banned
|rule|Species Clause: Limit one of each Pokémon
|rule|OHKO Clause: OHKO moves are banned
|rule|Evasion Items Clause: Evasion items are banned
|rule|Evasion Moves Clause: Evasion moves are banned
|rule|Evasion Abilities Clause: Evasion abilities are banned
|rule|Sleep Moves Clause: Sleep-inducing moves are banned
|clearpoke
|poke|p1|Primarina, F|
|poke|p1|Keldeo-Resolute|
|poke|p1|Greninja-*, M|
|poke|p1|Pelipper, M|
|poke|p1|Indeedee, M|
|poke|p1|Lycanroc-Dusk, M|
|poke|p2|Darkrai|
|poke|p2|Garchomp, F|
|poke|p2|Great Tusk|
|poke|p2|Moltres|
|poke|p2|Ogerpon-Wellspring, F|
|poke|p2|Pecharunt|
|teampreview
|inactive|Battle timer is ON: inactive players will automatically lose when time's up. (requested by cissybtm4fun)
|inactive|Cocobreezy also wants the timer to be on.
|
|t:|1760848910
|teamsize|p1|6
|teamsize|p2|6
|start
|switch|p1a: Indeedee|Indeedee, M|100/100
|switch|p2a: Garchomp|Garchomp, F|100/100
|-fieldstart|move: Psychic Terrain|[from] ability: Psychic Surge|[of] p1a: Indeedee
|turn|1
|
|t:|1760848915
|move|p2a: Garchomp|Stealth Rock|p1a: Indeedee
|-sidestart|p1: Cocobreezy|move: Stealth Rock
|move|p1a: Indeedee|Trick Room|p1a: Indeedee
|-fieldstart|move: Trick Room|[of] p1a: Indeedee
|
|upkeep
|turn|2
|
|t:|1760848922
|move|p1a: Indeedee|Encore|p2a: Garchomp
|-start|p2a: Garchomp|Encore
|move|p2a: Garchomp|Stealth Rock||[still]
|-fail|p2a: Garchomp
|
|upkeep
|turn|3
|
|t:|1760848927
|switch|p2a: Darkrai|Darkrai|100/100
|move|p1a: Indeedee|Healing Wish|p1a: Indeedee
|faint|p1a: Indeedee
|
|upkeep
|
|t:|1760848934
|switch|p1a: Primarina|Primarina, F, shiny|100/100
|-damage|p1a: Primarina|88/100|[from] Stealth Rock
|turn|4
|
|t:|1760848947
|switch|p2a: Moltres|Moltres|100/100
|move|p1a: Primarina|Psychic Noise|p2a: Moltres
|-damage|p2a: Moltres|72/100
|-start|p2a: Moltres|move: Heal Block
|-enditem|p1a: Primarina|Throat Spray
|-boost|p1a: Primarina|spa|1|[from] item: Throat Spray
|
|upkeep
|turn|5
|
|t:|1760848961
|switch|p2a: Ogerpon|Ogerpon-Wellspring, F|100/100
|move|p1a: Primarina|Surf|p2a: Ogerpon
|-immune|p2a: Ogerpon|[from] ability: Water Absorb
|
|-fieldend|move: Trick Room
|upkeep
|turn|6
|inactive|cissybtm4fun has 120 seconds left.
|
|t:|1760848998
|-terastallize|p1a: Primarina|Steel
|move|p2a: Ogerpon|Power Whip|p1a: Primarina
|-resisted|p1a: Primarina
|-damage|p1a: Primarina|35/100
|move|p1a: Primarina|Psychic Noise|p2a: Ogerpon
|-damage|p2a: Ogerpon|39/100
|-start|p2a: Ogerpon|move: Heal Block
|
|upkeep
|turn|7
|inactive|cissybtm4fun has 120 seconds left.
|
|t:|1760849009
|switch|p1a: Pelipper|Pelipper, M|100/100
|-damage|p1a: Pelipper|76/100|[from] Stealth Rock
|-weather|RainDance|[from] ability: Drizzle|[of] p1a: Pelipper
|move|p2a: Ogerpon|Ivy Cudgel|p1a: Pelipper|[anim] Ivy Cudgel Water
|-resisted|p1a: Pelipper
|-crit|p1a: Pelipper
|-damage|p1a: Pelipper|14/100
|
|-weather|RainDance|[upkeep]
|-end|p2a: Ogerpon|move: Heal Block
|upkeep
|turn|8
|
|t:|1760849012
|move|p2a: Ogerpon|Ivy Cudgel|p1a: Pelipper|[anim] Ivy Cudgel Water
|-resisted|p1a: Pelipper
|-damage|p1a: Pelipper|0 fnt
|faint|p1a: Pelipper
|
|-weather|RainDance|[upkeep]
|-fieldend|move: Psychic Terrain
|upkeep
|
|t:|1760849015
|switch|p1a: Greninja|Greninja, M|100/100
|-damage|p1a: Greninja|88/100|[from] Stealth Rock
|turn|9
|
|t:|1760849026
|switch|p2a: Moltres|Moltres|72/100
|move|p1a: Greninja|Dark Pulse|p2a: Moltres
|-damage|p2a: Moltres|40/100
|
|-weather|RainDance|[upkeep]
|upkeep
|turn|10
|
|t:|1760849032
|move|p1a: Greninja|Dark Pulse|p2a: Moltres
|-damage|p2a: Moltres|9/100
|cant|p2a: Moltres|flinch
|
|-weather|RainDance|[upkeep]
|upkeep
|turn|11
|
|t:|1760849036
|switch|p2a: Darkrai|Darkrai|100/100
|move|p1a: Greninja|Dark Pulse|p2a: Darkrai
|-resisted|p2a: Darkrai
|-damage|p2a: Darkrai|80/100
|
|-weather|RainDance|[upkeep]
|-heal|p2a: Darkrai|86/100|[from] item: Leftovers
|upkeep
|turn|12
|
|t:|1760849042
|switch|p2a: Moltres|Moltres|9/100
|move|p1a: Greninja|Hydro Pump|p2a: Moltres|[miss]
|-miss|p1a: Greninja|p2a: Moltres
|
|-weather|RainDance|[upkeep]
|upkeep
|turn|13
|
|t:|1760849055
|switch|p2a: Darkrai|Darkrai|86/100
|move|p1a: Greninja|Ice Beam|p2a: Darkrai
|-crit|p2a: Darkrai
|-damage|p2a: Darkrai|41/100
|
|-weather|RainDance|[upkeep]
|-heal|p2a: Darkrai|47/100|[from] item: Leftovers
|upkeep
|turn|14
|
|t:|1760849061
|move|p2a: Darkrai|Dark Pulse|p1a: Greninja
|-resisted|p1a: Greninja
|-damage|p1a: Greninja|60/100
|move|p1a: Greninja|Ice Beam|p2a: Darkrai
|-damage|p2a: Darkrai|15/100
|-status|p2a: Darkrai|frz
|
|-weather|none
|-heal|p2a: Darkrai|21/100 frz|[from] item: Leftovers
|upkeep
|turn|15
|
|t:|1760849072
|cant|p2a: Darkrai|frz
|move|p1a: Greninja|Dark Pulse|p2a: Darkrai
|-resisted|p2a: Darkrai
|-damage|p2a: Darkrai|1/100 frz
|
|-heal|p2a: Darkrai|7/100 frz|[from] item: Leftovers
|upkeep
|turn|16
|
|t:|1760849078
|move|p1a: Greninja|Water Shuriken|p2a: Darkrai
|-damage|p2a: Darkrai|0 fnt
|faint|p2a: Darkrai
|-ability|p1a: Greninja|Battle Bond|boost
|-boost|p1a: Greninja|atk|1
|-boost|p1a: Greninja|spa|1
|-boost|p1a: Greninja|spe|1
|-activate|p1a: Greninja|ability: Battle Bond
|-hitcount|p2: Darkrai|1
|
|upkeep
|
|t:|1760849093
|switch|p2a: Great Tusk|Great Tusk|100/100
|turn|17
|
|t:|1760849095
|-end|p2a: Great Tusk|Protosynthesis|[silent]
|switch|p2a: Ogerpon|Ogerpon-Wellspring, F|39/100
|move|p1a: Greninja|Water Shuriken|p2a: Ogerpon
|-heal|p2a: Ogerpon|64/100|[from] ability: Water Absorb|[of] p1a: Greninja
|
|upkeep
|turn|18
|
|t:|1760849102
|-terastallize|p2a: Ogerpon|Water
|detailschange|p2a: Ogerpon|Ogerpon-Wellspring-Tera, F, tera:Water
|-ability|p2a: Ogerpon|Embody Aspect (Wellspring)|boost
|-boost|p2a: Ogerpon|spd|1
|move|p1a: Greninja|Dark Pulse|p2a: Ogerpon
|-damage|p2a: Ogerpon|19/100
|cant|p2a: Ogerpon|flinch
|
|upkeep
|turn|19
|-message|cissybtm4fun forfeited.
|
|win|Cocobreezy
|raw|Cocobreezy's rating: 1344 &rarr; <strong>1366</strong><br />(+22 for winning)
|raw|cissybtm4fun's rating: 1380 &rarr; <strong>1358</strong><br />(-22 for losing)
|l|☆cissybtm4fun
|player|p2|
|c|☆Cocobreezy|deserved
|l|☆Cocobreezy
|player|p1|
