|j|☆Agent Strike
|j|☆uber-mom
|t:|1760847904
|gametype|singles
|player|p1|Agent Strike|policeman-gen4|1391
|player|p2|uber-mom|lucas|1469
|gen|9
|tier|[Gen 9] OU
|rated|
|rule|HP Percentage Mod: HP is shown in percentages
|rule|Endless Battle Clause: Forcing endless battles is banned
|rule|Species Clause: Limit one of each Pokémon
|rule|OHKO Clause: OHKO moves are banned
|rule|Evasion Items Clause: Evasion items are banned
|rule|Evasion Moves Clause: Evasion moves are banned
|rule|Evasion Abilities Clause: Evasion abilities are banned
|rule|Sleep Moves Clause: Sleep-inducing moves are banned
|clearpoke
|poke|p1|Great Tusk|
|poke|p1|Kingambit, F|
|poke|p1|Moltres|
|poke|p1|Dragapult, M|
|poke|p1|Primarina, F|
|poke|p1|Meowscarada, M|
|poke|p2|Rillaboom, F|
|poke|p2|Tyranitar, F|
|poke|p2|Excadrill, F|
|poke|p2|Iron Crown|
|poke|p2|Moltres|
|poke|p2|Primarina, M|
|teampreview
|inactive|Battle timer is ON: inactive players will automatically lose when time's up. (requested by uber-mom)
|
|t:|1760847934
|teamsize|p1|6
|teamsize|p2|6
|start
|switch|p1a: Meowscarada|Meowscarada, M|100/100
|switch|p2a: Moltres|Moltres|100/100
|turn|1
|
|t:|1760847942
|move|p1a: Meowscarada|Knock Off|p2a: Moltres
|-start|p1a: Meowscarada|typechange|Dark|[from] ability: Protean
|-damage|p2a: Moltres|69/100
|-status|p1a: Meowscarada|brn|[from] ability: Flame Body|[of] p2a: Moltres
|-enditem|p2a: Moltres|Heavy-Duty Boots|[from] move: Knock Off|[of] p1a: Meowscarada
|move|p2a: Moltres|U-turn|p1a: Meowscarada
|-supereffective|p1a: Meowscarada
|-damage|p1a: Meowscarada|57/100 brn
|
|t:|1760847950
|switch|p2a: Rillaboom|Rillaboom, F|100/100|[from] U-turn
|-fieldstart|move: Grassy Terrain|[from] ability: Grassy Surge|[of] p2a: Rillaboom
|
|-heal|p1a: Meowscarada|64/100 brn|[from] Grassy Terrain
|-damage|p1a: Meowscarada|57/100 brn|[from] brn
|upkeep
|turn|2
|
|t:|1760847955
|switch|p2a: Moltres|Moltres|69/100
|move|p1a: Meowscarada|Knock Off|p2a: Moltres
|-damage|p2a: Moltres|60/100
|
|-heal|p1a: Meowscarada|64/100 brn|[from] Grassy Terrain
|-damage|p1a: Meowscarada|57/100 brn|[from] brn
|upkeep
|turn|3
|
|t:|1760847958
|switch|p1a: Great Tusk|Great Tusk|100/100
|move|p2a: Moltres|Roost|p2a: Moltres
|-heal|p2a: Moltres|100/100
|-singleturn|p2a: Moltres|move: Roost
|
|upkeep
|turn|4
|
|t:|1760847962
|move|p1a: Great Tusk|Stealth Rock|p2a: Moltres
|-sidestart|p2: uber-mom|move: Stealth Rock
|move|p2a: Moltres|Flamethrower|p1a: Great Tusk
|-damage|p1a: Great Tusk|55/100
|
|-heal|p1a: Great Tusk|61/100|[from] Grassy Terrain
|-heal|p1a: Great Tusk|67/100|[from] item: Leftovers
|upkeep
|turn|5
|
|t:|1760847966
|-end|p1a: Great Tusk|Protosynthesis|[silent]
|switch|p1a: Moltres|Moltres|100/100
|move|p2a: Moltres|Flamethrower|p1a: Moltres
|-resisted|p1a: Moltres
|-damage|p1a: Moltres|82/100
|
|-fieldend|move: Grassy Terrain
|upkeep
|turn|6
|
|t:|1760847971
|move|p1a: Moltres|Hurricane|p2a: Moltres
|-damage|p2a: Moltres|50/100
|move|p2a: Moltres|Roar|p1a: Moltres
|drag|p1a: Kingambit|Kingambit, F, shiny|100/100
|
|upkeep
|turn|7
|
|t:|1760847976
|-end|p1a: Kingambit|fallenundefined|[silent]
|switch|p1a: Moltres|Moltres|82/100
|move|p2a: Moltres|Roost|p2a: Moltres
|-heal|p2a: Moltres|100/100
|-singleturn|p2a: Moltres|move: Roost
|
|upkeep
|turn|8
|
|t:|1760847979
|move|p1a: Moltres|Hurricane|p2a: Moltres
|-damage|p2a: Moltres|56/100
|move|p2a: Moltres|Roar|p1a: Moltres
|drag|p1a: Dragapult|Dragapult, M, shiny|100/100
|
|upkeep
|turn|9
|
|t:|1760847985
|-terastallize|p1a: Dragapult|Ghost
|move|p1a: Dragapult|Shadow Ball|p2a: Moltres
|-damage|p2a: Moltres|0 fnt
|faint|p2a: Moltres
|
|upkeep
|
|t:|1760847989
|switch|p2a: Tyranitar|Tyranitar, F|100/100
|-damage|p2a: Tyranitar|88/100|[from] Stealth Rock
|-weather|Sandstorm|[from] ability: Sand Stream|[of] p2a: Tyranitar
|turn|10
|
|t:|1760847991
|switch|p1a: Meowscarada|Meowscarada, M|57/100 brn
|move|p2a: Tyranitar|Stealth Rock|p1a: Meowscarada
|-sidestart|p1: Agent Strike|move: Stealth Rock
|
|-weather|Sandstorm|[upkeep]
|-damage|p1a: Meowscarada|51/100 brn|[from] Sandstorm
|-damage|p1a: Meowscarada|45/100 brn|[from] brn
|upkeep
|turn|11
|
|t:|1760848002
|switch|p2a: Rillaboom|Rillaboom, F|100/100
|-damage|p2a: Rillaboom|88/100|[from] Stealth Rock
|-fieldstart|move: Grassy Terrain|[from] ability: Grassy Surge|[of] p2a: Rillaboom
|move|p1a: Meowscarada|U-turn|p2a: Rillaboom
|-start|p1a: Meowscarada|typechange|Bug|[from] ability: Protean
|-supereffective|p2a: Rillaboom
|-damage|p2a: Rillaboom|54/100
|
|t:|1760848006
|switch|p1a: Dragapult|Dragapult, M, shiny, tera:Ghost|100/100|[from] U-turn
|-damage|p1a: Dragapult|88/100|[from] Stealth Rock
|
|-weather|Sandstorm|[upkeep]
|-damage|p1a: Dragapult|82/100|[from] Sandstorm
|-damage|p2a: Rillaboom|47/100|[from] Sandstorm
|-heal|p1a: Dragapult|88/100|[from] Grassy Terrain
|-heal|p2a: Rillaboom|54/100|[from] Grassy Terrain
|upkeep
|turn|12
|
|t:|1760848008
|move|p2a: Rillaboom|Grassy Glide|p1a: Dragapult
|-damage|p1a: Dragapult|4/100
|move|p1a: Dragapult|U-turn|p2a: Rillaboom
|-supereffective|p2a: Rillaboom
|-damage|p2a: Rillaboom|18/100
|
|t:|1760848015
|switch|p1a: Meowscarada|Meowscarada, M|45/100 brn|[from] U-turn
|-damage|p1a: Meowscarada|33/100 brn|[from] Stealth Rock
|
|-weather|Sandstorm|[upkeep]
|-damage|p1a: Meowscarada|27/100 brn|[from] Sandstorm
|-damage|p2a: Rillaboom|12/100|[from] Sandstorm
|-heal|p1a: Meowscarada|33/100 brn|[from] Grassy Terrain
|-heal|p2a: Rillaboom|18/100|[from] Grassy Terrain
|-damage|p1a: Meowscarada|27/100 brn|[from] brn
|upkeep
|turn|13
|
|t:|1760848018
|move|p2a: Rillaboom|Grassy Glide|p1a: Meowscarada
|-resisted|p1a: Meowscarada
|-damage|p1a: Meowscarada|0 fnt
|faint|p1a: Meowscarada
|
|-weather|Sandstorm|[upkeep]
|-damage|p2a: Rillaboom|12/100|[from] Sandstorm
|-heal|p2a: Rillaboom|18/100|[from] Grassy Terrain
|upkeep
|
|t:|1760848022
|switch|p1a: Moltres|Moltres|82/100
|turn|14
|
|t:|1760848026
|switch|p2a: Primarina|Primarina, M|100/100
|-damage|p2a: Primarina|88/100|[from] Stealth Rock
|move|p1a: Moltres|U-turn|p2a: Primarina
|-resisted|p2a: Primarina
|-damage|p2a: Primarina|78/100
|
|t:|1760848029
|switch|p1a: Great Tusk|Great Tusk|67/100|[from] U-turn
|-damage|p1a: Great Tusk|64/100|[from] Stealth Rock
|
|-weather|Sandstorm|[upkeep]
|-damage|p2a: Primarina|72/100|[from] Sandstorm
|-heal|p1a: Great Tusk|70/100|[from] Grassy Terrain
|-heal|p1a: Great Tusk|77/100|[from] item: Leftovers
|-heal|p2a: Primarina|78/100|[from] Grassy Terrain
|upkeep
|turn|15
|
|t:|1760848034
|move|p1a: Great Tusk|Rapid Spin|p2a: Primarina
|-damage|p2a: Primarina|57/100
|-boost|p1a: Great Tusk|spe|1
|-sideend|p1: Agent Strike|Stealth Rock|[from] move: Rapid Spin|[of] p1a: Great Tusk
|move|p2a: Primarina|Moonblast|p1a: Great Tusk
|-supereffective|p1a: Great Tusk
|-damage|p1a: Great Tusk|0 fnt
|faint|p1a: Great Tusk
|-end|p1a: Great Tusk|Protosynthesis|[silent]
|
|-weather|Sandstorm|[upkeep]
|-damage|p2a: Primarina|51/100|[from] Sandstorm
|-heal|p2a: Primarina|57/100|[from] Grassy Terrain
|-fieldend|move: Grassy Terrain
|upkeep
|
|t:|1760848038
|switch|p1a: Dragapult|Dragapult, M, shiny, tera:Ghost|4/100
|turn|16
|
|t:|1760848040
|move|p1a: Dragapult|Shadow Ball|p2a: Primarina
|-damage|p2a: Primarina|12/100
|move|p2a: Primarina|Flip Turn|p1a: Dragapult
|-damage|p1a: Dragapult|0 fnt
|faint|p1a: Dragapult
|
|t:|1760848047
|switch|p2a: Rillaboom|Rillaboom, F|18/100|[from] Flip Turn
|-damage|p2a: Rillaboom|6/100|[from] Stealth Rock
|-fieldstart|move: Grassy Terrain|[from] ability: Grassy Surge|[of] p2a: Rillaboom
|
|-weather|Sandstorm|[upkeep]
|-damage|p2a: Rillaboom|0 fnt|[from] Sandstorm
|faint|p2a: Rillaboom
|upkeep
|
|t:|1760848055
|switch|p1a: Moltres|Moltres|82/100
|switch|p2a: Iron Crown|Iron Crown|100/100
|-damage|p2a: Iron Crown|94/100|[from] Stealth Rock
|turn|17
|
|t:|1760848060
|move|p2a: Iron Crown|Volt Switch|p1a: Moltres
|-supereffective|p1a: Moltres
|-damage|p1a: Moltres|33/100
|
|t:|1760848063
|-end|p2a: Iron Crown|Quark Drive|[silent]
|switch|p2a: Tyranitar|Tyranitar, F|88/100|[from] Volt Switch
|-damage|p2a: Tyranitar|76/100|[from] Stealth Rock
|move|p1a: Moltres|Flamethrower|p2a: Tyranitar
|-resisted|p2a: Tyranitar
|-damage|p2a: Tyranitar|65/100
|
|-weather|none
|-heal|p2a: Tyranitar|71/100|[from] Grassy Terrain
|upkeep
|turn|18
|
|t:|1760848067
|move|p1a: Moltres|U-turn|p2a: Tyranitar
|-supereffective|p2a: Tyranitar
|-damage|p2a: Tyranitar|53/100
|
|t:|1760848070
|switch|p1a: Primarina|Primarina, F|100/100|[from] U-turn
|move|p2a: Tyranitar|Stealth Rock|p1a: Primarina
|-sidestart|p1: Agent Strike|move: Stealth Rock
|
|-heal|p2a: Tyranitar|59/100|[from] Grassy Terrain
|upkeep
|turn|19
|
|t:|1760848074
|switch|p2a: Primarina|Primarina, M|12/100
|-damage|p2a: Primarina|0 fnt|[from] Stealth Rock
|faint|p2a: Primarina
|move|p1a: Primarina|Substitute|p1a: Primarina
|-start|p1a: Primarina|Substitute
|-damage|p1a: Primarina|75/100
|
|-heal|p1a: Primarina|82/100|[from] Grassy Terrain
|-heal|p1a: Primarina|88/100|[from] item: Leftovers
|upkeep
|
|t:|1760848076
|switch|p2a: Iron Crown|Iron Crown|94/100
|-damage|p2a: Iron Crown|88/100|[from] Stealth Rock
|turn|20
|
|t:|1760848079
|move|p2a: Iron Crown|Tachyon Cutter|p1a: Primarina
|-crit|p1a: Primarina
|-end|p1a: Primarina|Substitute
|-crit|p1a: Primarina
|-damage|p1a: Primarina|56/100
|-hitcount|p1a: Primarina|2
|move|p1a: Primarina|Calm Mind|p1a: Primarina
|-boost|p1a: Primarina|spa|1
|-boost|p1a: Primarina|spd|1
|
|-heal|p2a: Iron Crown|94/100|[from] Grassy Terrain
|-heal|p1a: Primarina|62/100|[from] Grassy Terrain
|-heal|p1a: Primarina|68/100|[from] item: Leftovers
|-fieldend|move: Grassy Terrain
|upkeep
|turn|21
|
|t:|1760848083
|-terastallize|p2a: Iron Crown|Steel
|move|p2a: Iron Crown|Tachyon Cutter|p1a: Primarina
|-damage|p1a: Primarina|50/100
|-damage|p1a: Primarina|31/100
|-hitcount|p1a: Primarina|2
|move|p1a: Primarina|Surf|p2a: Iron Crown
|-damage|p2a: Iron Crown|41/100
|
|-heal|p1a: Primarina|37/100|[from] item: Leftovers
|upkeep
|turn|22
|
|t:|1760848088
|move|p2a: Iron Crown|Tachyon Cutter|p1a: Primarina
|-damage|p1a: Primarina|18/100
|-damage|p1a: Primarina|0 fnt
|faint|p1a: Primarina
|-hitcount|p1: Primarina|2
|
|upkeep
|
|t:|1760848091
|switch|p1a: Moltres|Moltres|33/100
|turn|23
|
|t:|1760848093
|move|p2a: Iron Crown|Tachyon Cutter|p1a: Moltres
|-resisted|p1a: Moltres
|-damage|p1a: Moltres|17/100
|-resisted|p1a: Moltres
|-damage|p1a: Moltres|0 fnt
|faint|p1a: Moltres
|-hitcount|p1: Moltres|2
|
|upkeep
|
|t:|1760848096
|switch|p1a: Kingambit|Kingambit, F, shiny|100/100
|-damage|p1a: Kingambit|94/100|[from] Stealth Rock
|-activate|p1a: Kingambit|ability: Supreme Overlord
|-start|p1a: Kingambit|fallen5|[silent]
|turn|24
|
|t:|1760848099
|-end|p2a: Iron Crown|Quark Drive|[silent]
|switch|p2a: Tyranitar|Tyranitar, F|59/100
|-damage|p2a: Tyranitar|47/100|[from] Stealth Rock
|-weather|Sandstorm|[from] ability: Sand Stream|[of] p2a: Tyranitar
|move|p1a: Kingambit|Sucker Punch||[still]
|-fail|p1a: Kingambit
|
|-weather|Sandstorm|[upkeep]
|-heal|p1a: Kingambit|100/100|[from] item: Leftovers
|upkeep
|turn|25
|
|t:|1760848104
|move|p1a: Kingambit|Swords Dance|p1a: Kingambit
|-boost|p1a: Kingambit|atk|2
|move|p2a: Tyranitar|Knock Off|p1a: Kingambit
|-resisted|p1a: Kingambit
|-damage|p1a: Kingambit|82/100
|-enditem|p1a: Kingambit|Leftovers|[from] move: Knock Off|[of] p2a: Tyranitar
|
|-weather|Sandstorm|[upkeep]
|upkeep
|turn|26
|
|t:|1760848110
|switch|p2a: Iron Crown|Iron Crown, tera:Steel|41/100
|-damage|p2a: Iron Crown|34/100|[from] Stealth Rock
|move|p1a: Kingambit|Iron Head|p2a: Iron Crown
|-resisted|p2a: Iron Crown
|-damage|p2a: Iron Crown|0 fnt
|faint|p2a: Iron Crown
|-end|p2a: Iron Crown|Quark Drive|[silent]
|
|-weather|Sandstorm|[upkeep]
|upkeep
|
|t:|1760848112
|switch|p2a: Excadrill|Excadrill, F|100/100
|-damage|p2a: Excadrill|97/100|[from] Stealth Rock
|turn|27
|
|t:|1760848114
|move|p1a: Kingambit|Sucker Punch||[still]
|-fail|p1a: Kingambit
|move|p2a: Excadrill|Swords Dance|p2a: Excadrill
|-boost|p2a: Excadrill|atk|2
|
|-weather|Sandstorm|[upkeep]
|upkeep
|turn|28
|
|t:|1760848116
|move|p1a: Kingambit|Sucker Punch|p2a: Excadrill
|-damage|p2a: Excadrill|0 fnt
|faint|p2a: Excadrill
|
|-weather|Sandstorm|[upkeep]
|upkeep
|
|t:|1760848118
|switch|p2a: Tyranitar|Tyranitar, F|47/100
|-damage|p2a: Tyranitar|34/100|[from] Stealth Rock
|turn|29
|
|t:|1760848122
|move|p1a: Kingambit|Sucker Punch|p2a: Tyranitar
|-resisted|p2a: Tyranitar
|-damage|p2a: Tyranitar|0 fnt
|faint|p2a: Tyranitar
|
|win|Agent Strike
|raw|Agent Strike's rating: 1391 &rarr; <strong>1415</strong><br />(+24 for winning)
|raw|uber-mom's rating: 1469 &rarr; <strong>1445</strong><br />(-24 for losing)
|l|☆uber-mom
|player|p2|
|l|☆Agent Strike
|player|p1|
