|j|☆sniper20657
|j|☆daffoself
|t:|1760736798
|gametype|singles
|player|p1|sniper20657|blackbelt-gen4dp|1248
|player|p2|daffoself|n|1255
|gen|9
|tier|[Gen 9] OU
|rated|
|rule|HP Percentage Mod: HP is shown in percentages
|rule|Endless Battle Clause: Forcing endless battles is banned
|rule|Species Clause: Limit one of each Pokémon
|rule|OHKO Clause: OHKO moves are banned
|rule|Evasion Items Clause: Evasion items are banned
|rule|Evasion Moves Clause: Evasion moves are banned
|rule|Evasion Abilities Clause: Evasion abilities are banned
|rule|Sleep Moves Clause: Sleep-inducing moves are banned
|clearpoke
|poke|p1|Darkrai|
|poke|p1|Indeedee, M|
|poke|p1|Hoopa-Unbound|
|poke|p1|Heatran, M|
|poke|p1|Zamazenta-*|
|poke|p1|Iron Hands|
|poke|p2|Hatterene, F|
|poke|p2|Slowking-Galar, F|
|poke|p2|Avalugg, M|
|poke|p2|Garganacl, F|
|poke|p2|Rillaboom, F|
|poke|p2|Coalossal, F|
|teampreview
|
|t:|1760736824
|teamsize|p1|6
|teamsize|p2|6
|start
|switch|p1a: Heatran|Heatran, M|100/100
|switch|p2a: Garganacl|Garganacl, F|100/100
|-item|p1a: Heatran|Air Balloon
|turn|1
|
|t:|1760736831
|move|p1a: Heatran|Flash Cannon|p2a: Garganacl
|-supereffective|p2a: Garganacl
|-damage|p2a: Garganacl|57/100
|move|p2a: Garganacl|Salt Cure|p1a: Heatran
|-damage|p1a: Heatran|89/100
|-start|p1a: Heatran|Salt Cure
|-enditem|p1a: Heatran|Air Balloon
|
|-heal|p2a: Garganacl|64/100|[from] item: Leftovers
|-damage|p1a: Heatran|64/100|[from] Salt Cure
|upkeep
|turn|2
|
|t:|1760736845
|move|p2a: Garganacl|Protect|p2a: Garganacl
|-singleturn|p2a: Garganacl|Protect
|move|p1a: Heatran|Flash Cannon|p2a: Garganacl
|-activate|p2a: Garganacl|move: Protect
|
|-heal|p2a: Garganacl|70/100|[from] item: Leftovers
|-damage|p1a: Heatran|39/100|[from] Salt Cure
|upkeep
|turn|3
|
|t:|1760736853
|move|p1a: Heatran|Stealth Rock|p2a: Garganacl
|-sidestart|p2: daffoself|move: Stealth Rock
|move|p2a: Garganacl|Recover|p2a: Garganacl
|-heal|p2a: Garganacl|100/100
|
|-damage|p1a: Heatran|14/100|[from] Salt Cure
|upkeep
|turn|4
|
|t:|1760736869
|switch|p1a: Zamazenta|Zamazenta|100/100
|-ability|p1a: Zamazenta|Dauntless Shield|boost
|-boost|p1a: Zamazenta|def|1
|move|p2a: Garganacl|Stealth Rock|p1a: Zamazenta
|-sidestart|p1: sniper20657|move: Stealth Rock
|
|upkeep
|turn|5
|
|t:|1760736883
|switch|p2a: Hatterene|Hatterene, F|100/100
|-damage|p2a: Hatterene|88/100|[from] Stealth Rock
|move|p1a: Zamazenta|Iron Defense|p1a: Zamazenta
|-boost|p1a: Zamazenta|def|2
|
|upkeep
|turn|6
|
|t:|1760736895
|-terastallize|p1a: Zamazenta|Steel
|move|p2a: Hatterene|Draining Kiss|p1a: Zamazenta
|-resisted|p1a: Zamazenta
|-damage|p1a: Zamazenta|88/100
|-heal|p2a: Hatterene|99/100|[from] drain|[of] p1a: Zamazenta
|move|p1a: Zamazenta|Roar|p2a: Hatterene
|move|p2a: Hatterene|Roar|p1a: Zamazenta|[from] ability: Magic Bounce
|drag|p1a: Heatran|Heatran, M|14/100
|-damage|p1a: Heatran|2/100|[from] Stealth Rock
|
|upkeep
|turn|7
|
|t:|1760736909
|move|p1a: Heatran|Flash Cannon|p2a: Hatterene
|-supereffective|p2a: Hatterene
|-damage|p2a: Hatterene|32/100
|-enditem|p2a: Hatterene|Sitrus Berry|[eat]
|-heal|p2a: Hatterene|56/100|[from] item: Sitrus Berry
|move|p2a: Hatterene|Mystical Fire|p1a: Heatran
|-start|p1a: Heatran|ability: Flash Fire
|
|upkeep
|turn|8
|
|t:|1760736924
|switch|p2a: Rillaboom|Rillaboom, F|100/100
|-damage|p2a: Rillaboom|88/100|[from] Stealth Rock
|-fieldstart|move: Grassy Terrain|[from] ability: Grassy Surge|[of] p2a: Rillaboom
|move|p1a: Heatran|Flash Cannon|p2a: Rillaboom
|-damage|p2a: Rillaboom|46/100
|-unboost|p2a: Rillaboom|spd|1
|
|-heal|p2a: Rillaboom|52/100|[from] Grassy Terrain
|-heal|p1a: Heatran|8/100|[from] Grassy Terrain
|upkeep
|turn|9
|
|t:|1760736935
|move|p2a: Rillaboom|Fake Out|p1a: Heatran
|-resisted|p1a: Heatran
|-damage|p1a: Heatran|3/100
|cant|p1a: Heatran|flinch
|
|-heal|p2a: Rillaboom|58/100|[from] Grassy Terrain
|-heal|p1a: Heatran|10/100|[from] Grassy Terrain
|upkeep
|turn|10
|
|t:|1760736948
|move|p2a: Rillaboom|U-turn|p1a: Heatran
|-resisted|p1a: Heatran
|-damage|p1a: Heatran|6/100
|
|t:|1760736962
|switch|p2a: Garganacl|Garganacl, F|100/100|[from] U-turn
|-damage|p2a: Garganacl|88/100|[from] Stealth Rock
|move|p1a: Heatran|Flamethrower|p2a: Garganacl
|-resisted|p2a: Garganacl
|-damage|p2a: Garganacl|69/100
|
|-heal|p1a: Heatran|12/100|[from] Grassy Terrain
|-heal|p2a: Garganacl|75/100|[from] Grassy Terrain
|-heal|p2a: Garganacl|81/100|[from] item: Leftovers
|upkeep
|turn|11
|l|☆sniper20657
|player|p1|
|j|☆sniper20657
|player|p1|sniper20657|blackbelt-gen4dp|
|
|t:|1760736986
|move|p1a: Heatran|Will-O-Wisp|p2a: Garganacl
|-immune|p2a: Garganacl|[from] ability: Purifying Salt
|move|p2a: Garganacl|Salt Cure|p1a: Heatran
|-damage|p1a: Heatran|0 fnt
|faint|p1a: Heatran
|
|-heal|p2a: Garganacl|87/100|[from] Grassy Terrain
|-heal|p2a: Garganacl|94/100|[from] item: Leftovers
|upkeep
|
|t:|1760736998
|switch|p1a: Darkrai|Darkrai|100/100
|-damage|p1a: Darkrai|88/100|[from] Stealth Rock
|turn|12
|
|t:|1760737007
|move|p1a: Darkrai|Trick|p2a: Garganacl
|-activate|p1a: Darkrai|move: Trick|[of] p2a: Garganacl
|-item|p2a: Garganacl|Choice Scarf|[from] move: Trick
|-item|p1a: Darkrai|Leftovers|[from] move: Trick
|move|p2a: Garganacl|Salt Cure|p1a: Darkrai
|-damage|p1a: Darkrai|71/100
|-start|p1a: Darkrai|Salt Cure
|
|-heal|p1a: Darkrai|77/100|[from] Grassy Terrain
|-heal|p1a: Darkrai|83/100|[from] item: Leftovers
|-heal|p2a: Garganacl|99/100|[from] Grassy Terrain
|-damage|p1a: Darkrai|70/100|[from] Salt Cure
|upkeep
|turn|13
|
|t:|1760737024
|switch|p2a: Rillaboom|Rillaboom, F|58/100
|-damage|p2a: Rillaboom|46/100|[from] Stealth Rock
|move|p1a: Darkrai|Dark Pulse|p2a: Rillaboom
|-crit|p2a: Rillaboom
|-damage|p2a: Rillaboom|0 fnt
|faint|p2a: Rillaboom
|
|-heal|p1a: Darkrai|76/100|[from] Grassy Terrain
|-heal|p1a: Darkrai|82/100|[from] item: Leftovers
|-damage|p1a: Darkrai|70/100|[from] Salt Cure
|upkeep
|
|t:|1760737037
|switch|p2a: Slowking|Slowking-Galar, F|100/100
|turn|14
|
|t:|1760737042
|-terastallize|p2a: Slowking|Dark
|move|p1a: Darkrai|Dark Pulse|p2a: Slowking
|-resisted|p2a: Slowking
|-damage|p2a: Slowking|89/100
|move|p2a: Slowking|Toxic|p1a: Darkrai
|-status|p1a: Darkrai|tox
|
|-heal|p1a: Darkrai|76/100 tox|[from] Grassy Terrain
|-heal|p1a: Darkrai|82/100 tox|[from] item: Leftovers
|-heal|p2a: Slowking|95/100|[from] Grassy Terrain
|-damage|p1a: Darkrai|76/100 tox|[from] psn
|-damage|p1a: Darkrai|63/100 tox|[from] Salt Cure
|upkeep
|turn|15
|
|t:|1760737068
|switch|p1a: Indeedee|Indeedee, M|100/100
|-damage|p1a: Indeedee|88/100|[from] Stealth Rock
|-fieldstart|move: Psychic Terrain|[from] ability: Psychic Surge|[of] p1a: Indeedee
|-prepare|p2a: Slowking|Chilly Reception|[premajor]
|move|p2a: Slowking|Chilly Reception|p2a: Slowking
|-weather|Snowscape
|
|t:|1760737087
|switch|p2a: Hatterene|Hatterene, F|56/100|[from] Chilly Reception
|-damage|p2a: Hatterene|44/100|[from] Stealth Rock
|
|-weather|Snowscape|[upkeep]
|upkeep
|turn|16
|
|t:|1760737097
|move|p1a: Indeedee|Healing Wish|p1a: Indeedee
|faint|p1a: Indeedee
|move|p2a: Hatterene|Draining Kiss|p1: Indeedee|[notarget]
|-fail|p2a: Hatterene
|
|-weather|Snowscape|[upkeep]
|upkeep
|
|t:|1760737100
|switch|p1a: Darkrai|Darkrai|63/100 tox
|-heal|p1a: Darkrai|100/100|[from] move: Healing Wish
|-damage|p1a: Darkrai|88/100|[from] Stealth Rock
|turn|17
|
|t:|1760737108
|move|p1a: Darkrai|Sludge Bomb|p2a: Hatterene
|-supereffective|p2a: Hatterene
|-damage|p2a: Hatterene|0 fnt
|faint|p2a: Hatterene
|
|-weather|Snowscape|[upkeep]
|-heal|p1a: Darkrai|94/100|[from] item: Leftovers
|upkeep
|
|t:|1760737119
|switch|p2a: Garganacl|Garganacl, F|99/100
|-damage|p2a: Garganacl|87/100|[from] Stealth Rock
|turn|18
|
|t:|1760737135
|move|p1a: Darkrai|Sludge Bomb|p2a: Garganacl
|-resisted|p2a: Garganacl
|-damage|p2a: Garganacl|77/100
|move|p2a: Garganacl|Salt Cure|p1a: Darkrai
|-damage|p1a: Darkrai|74/100
|-start|p1a: Darkrai|Salt Cure
|
|-weather|Snowscape|[upkeep]
|-heal|p1a: Darkrai|80/100|[from] item: Leftovers
|-damage|p1a: Darkrai|67/100|[from] Salt Cure
|upkeep
|turn|19
|
|t:|1760737148
|switch|p1a: Iron Hands|Iron Hands|100/100
|-damage|p1a: Iron Hands|94/100|[from] Stealth Rock
|-enditem|p1a: Iron Hands|Booster Energy
|-activate|p1a: Iron Hands|ability: Quark Drive|[fromitem]
|-start|p1a: Iron Hands|quarkdriveatk
|switch|p2a: Slowking|Slowking-Galar, F, tera:Dark|100/100
|
|-weather|none
|upkeep
|turn|20
|inactive|Battle timer is ON: inactive players will automatically lose when time's up. (requested by sniper20657)
|
|t:|1760737186
|switch|p2a: Avalugg|Avalugg, M|100/100
|move|p1a: Iron Hands|Drain Punch|p2a: Avalugg
|-supereffective|p2a: Avalugg
|-damage|p2a: Avalugg|37/100
|-heal|p1a: Iron Hands|100/100|[from] drain|[of] p2a: Avalugg
|
|upkeep
|turn|21
|
|t:|1760737196
|move|p1a: Iron Hands|Drain Punch|p2a: Avalugg
|-supereffective|p2a: Avalugg
|-damage|p2a: Avalugg|0 fnt
|faint|p2a: Avalugg
|
|upkeep
|
|t:|1760737202
|switch|p2a: Garganacl|Garganacl, F|77/100
|-damage|p2a: Garganacl|65/100|[from] Stealth Rock
|turn|22
|
|t:|1760737207
|move|p2a: Garganacl|Salt Cure|p1a: Iron Hands
|-resisted|p1a: Iron Hands
|-damage|p1a: Iron Hands|96/100
|-start|p1a: Iron Hands|Salt Cure
|move|p1a: Iron Hands|Drain Punch|p2a: Garganacl
|-supereffective|p2a: Garganacl
|-damage|p2a: Garganacl|0 fnt
|-heal|p1a: Iron Hands|100/100|[from] drain|[of] p2a: Garganacl
|faint|p2a: Garganacl
|
|-damage|p1a: Iron Hands|88/100|[from] Salt Cure
|-fieldend|move: Psychic Terrain
|upkeep
|
|t:|1760737220
|switch|p2a: Slowking|Slowking-Galar, F, tera:Dark|100/100
|turn|23
|
|t:|1760737224
|move|p1a: Iron Hands|Drain Punch|p2a: Slowking
|-supereffective|p2a: Slowking
|-damage|p2a: Slowking|0 fnt
|-heal|p1a: Iron Hands|100/100|[from] drain|[of] p2a: Slowking
|faint|p2a: Slowking
|
|-damage|p1a: Iron Hands|88/100|[from] Salt Cure
|upkeep
|
|t:|1760737231
|switch|p2a: Coalossal|Coalossal, F|100/100
|turn|24
|
|t:|1760737243
|move|p1a: Iron Hands|Drain Punch|p2a: Coalossal
|-supereffective|p2a: Coalossal
|-damage|p2a: Coalossal|35/100
|-heal|p1a: Iron Hands|100/100|[from] drain|[of] p2a: Coalossal
|move|p2a: Coalossal|Will-O-Wisp|p1a: Iron Hands
|-status|p1a: Iron Hands|brn
|
|-damage|p1a: Iron Hands|94/100 brn|[from] brn
|-damage|p1a: Iron Hands|82/100 brn|[from] Salt Cure
|upkeep
|turn|25
|
|t:|1760737256
|move|p1a: Iron Hands|Drain Punch|p2a: Coalossal
|-supereffective|p2a: Coalossal
|-damage|p2a: Coalossal|7/100
|-heal|p1a: Iron Hands|95/100 brn|[from] drain|[of] p2a: Coalossal
|move|p2a: Coalossal|Heat Crash|p1a: Iron Hands
|-damage|p1a: Iron Hands|86/100 brn
|
|-damage|p1a: Iron Hands|80/100 brn|[from] brn
|-damage|p1a: Iron Hands|67/100 brn|[from] Salt Cure
|upkeep
|turn|26
|-message|daffoself forfeited.
|
|win|sniper20657
|raw|sniper20657's rating: 1248 &rarr; <strong>1274</strong><br />(+26 for winning)
|raw|daffoself's rating: 1255 &rarr; <strong>1229</strong><br />(-26 for losing)
|l|☆daffoself
|player|p2|
|l|☆sniper20657
|player|p1|
