|j|☆DizzyAnimations
|j|☆neeben
|t:|1760807482
|gametype|singles
|player|p1|DizzyAnimations|veteran|
|player|p2|neeben|steven|
|gen|9
|tier|[Gen 9] OU
|rule|HP Percentage Mod: HP is shown in percentages
|rule|Endless Battle Clause: Forcing endless battles is banned
|rule|Species Clause: Limit one of each Pokémon
|rule|OHKO Clause: OHKO moves are banned
|rule|Evasion Items Clause: Evasion items are banned
|rule|Evasion Moves Clause: Evasion moves are banned
|rule|Evasion Abilities Clause: Evasion abilities are banned
|rule|Sleep Moves Clause: Sleep-inducing moves are banned
|clearpoke
|poke|p1|Great Tusk|
|poke|p1|Empoleon, F|
|poke|p1|Tentacruel, M|
|poke|p1|Gholdengo|
|poke|p1|Ninetales-Alola, F|
|poke|p1|Tornadus-Therian, M|
|poke|p2|Iron Moth|
|poke|p2|Weavile, F|
|poke|p2|Hydrapple, M|
|poke|p2|Ditto|
|poke|p2|Mudsdale, F|
|poke|p2|Sableye, F|
|teampreview
|c|☆DizzyAnimations|good luck, man. It was fun calling last night
|c|☆neeben|yessir goodluck
|
|t:|1760807522
|teamsize|p1|6
|teamsize|p2|6
|start
|switch|p1a: Flurrie|Ninetales-Alola, F|100/100
|switch|p2a: Lin Ling|Sableye, F|100/100
|-weather|Snowscape|[from] ability: Snow Warning|[of] p1a: Flurrie
|turn|1
|
|t:|1760807533
|move|p2a: Lin Ling|Taunt|p1a: Flurrie
|-start|p1a: Flurrie|move: Taunt
|cant|p1a: Flurrie|move: Taunt|Aurora Veil
|
|-weather|Snowscape|[upkeep]
|upkeep
|turn|2
|
|t:|1760807541
|switch|p2a: E-Soul|Iron Moth|100/100
|-enditem|p2a: E-Soul|Booster Energy
|-activate|p2a: E-Soul|ability: Quark Drive|[fromitem]
|-start|p2a: E-Soul|quarkdrivespe
|move|p1a: Flurrie|Moonblast|p2a: E-Soul
|-resisted|p2a: E-Soul
|-damage|p2a: E-Soul|92/100
|
|-weather|Snowscape|[upkeep]
|upkeep
|turn|3
|
|t:|1760807601
|switch|p1a: Decim|Empoleon, F|100/100
|move|p2a: E-Soul|Fiery Dance|p1a: Decim
|-damage|p1a: Decim|64/100
|-boost|p2a: E-Soul|spa|1
|
|-weather|Snowscape|[upkeep]
|-heal|p1a: Decim|70/100|[from] item: Leftovers
|upkeep
|turn|4
|
|t:|1760807612
|move|p2a: E-Soul|Energy Ball|p1a: Decim
|-damage|p1a: Decim|27/100
|move|p1a: Decim|Surf|p2a: E-Soul
|-supereffective|p2a: E-Soul
|-damage|p2a: E-Soul|0 fnt
|faint|p2a: E-Soul
|-end|p2a: E-Soul|Quark Drive|[silent]
|
|-weather|Snowscape|[upkeep]
|-heal|p1a: Decim|33/100|[from] item: Leftovers
|upkeep
|c|☆DizzyAnimations|oh wow!
|
|t:|1760807626
|switch|p2a: Queen|Weavile, F|100/100
|-ability|p2a: Queen|Pressure
|turn|5
|c|☆neeben|yk i did expect that to do a bit more
|
|t:|1760807677
|switch|p1a: Liver|Tentacruel, M|100/100
|move|p2a: Queen|Knock Off|p1a: Liver
|-damage|p1a: Liver|0 fnt
|-enditem|p1a: Liver|Leftovers|[from] move: Knock Off|[of] p2a: Queen
|faint|p1a: Liver
|
|-weather|none
|upkeep
|
|t:|1760807685
|switch|p1a: Flurrie|Ninetales-Alola, F|100/100
|-weather|Snowscape|[from] ability: Snow Warning|[of] p1a: Flurrie
|turn|6
|
|t:|1760807692
|switch|p2a: X|Ditto, shiny|100/100
|-transform|p2a: X|p1a: Flurrie|[from] ability: Imposter
|move|p1a: Flurrie|Aurora Veil|p1a: Flurrie
|-sidestart|p1: DizzyAnimations|move: Aurora Veil
|
|-weather|Snowscape|[upkeep]
|upkeep
|turn|7
|
|t:|1760807703
|move|p2a: X|Aurora Veil|p2a: X
|-sidestart|p2: neeben|move: Aurora Veil
|move|p1a: Flurrie|Moonblast|p2a: X
|-damage|p2a: X|78/100
|
|-weather|Snowscape|[upkeep]
|upkeep
|turn|8
|
|t:|1760807757
|switch|p2a: Lin Ling|Sableye, F|100/100
|switch|p1a: Midas|Gholdengo|100/100
|
|-weather|Snowscape|[upkeep]
|upkeep
|turn|9
|
|t:|1760807778
|move|p1a: Midas|Dazzling Gleam|p2a: Lin Ling
|-supereffective|p2a: Lin Ling
|-damage|p2a: Lin Ling|67/100
|move|p2a: Lin Ling|Knock Off|p1a: Midas
|-supereffective|p1a: Midas
|-damage|p1a: Midas|70/100
|-enditem|p1a: Midas|Choice Scarf|[from] move: Knock Off|[of] p2a: Lin Ling
|
|-weather|Snowscape|[upkeep]
|upkeep
|turn|10
|
|t:|1760807793
|switch|p2a: X|Ditto, shiny|78/100
|-transform|p2a: X|p1a: Midas|[from] ability: Imposter
|move|p1a: Midas|Shadow Ball|p2a: X
|-supereffective|p2a: X
|-damage|p2a: X|25/100
|
|-weather|none
|upkeep
|turn|11
|
|t:|1760807834
|switch|p1a: Pops|Tornadus-Therian, M|100/100
|move|p2a: X|Shadow Ball|p1a: Pops
|-damage|p1a: Pops|72/100
|
|-heal|p1a: Pops|78/100|[from] item: Leftovers
|-sideend|p2: neeben|move: Aurora Veil
|upkeep
|turn|12
|
|t:|1760807845
|move|p2a: X|Shadow Ball|p1a: Pops
|-damage|p1a: Pops|51/100
|-unboost|p1a: Pops|spd|1
|move|p1a: Pops|Tailwind|p1a: Pops
|-sidestart|p1: DizzyAnimations|move: Tailwind
|
|-heal|p1a: Pops|57/100|[from] item: Leftovers
|upkeep
|turn|13
|
|t:|1760807861
|switch|p1a: Jeralt|Great Tusk|100/100
|move|p2a: X|Shadow Ball|p1a: Jeralt
|-damage|p1a: Jeralt|83/100
|-unboost|p1a: Jeralt|spd|1
|
|-sideend|p1: DizzyAnimations|move: Aurora Veil
|upkeep
|turn|14
|
|t:|1760807883
|switch|p2a: Nice|Mudsdale, F|100/100
|move|p1a: Jeralt|Headlong Rush|p2a: Nice
|-damage|p2a: Nice|47/100
|-unboost|p1a: Jeralt|def|1
|-unboost|p1a: Jeralt|spd|1
|-ability|p2a: Nice|Stamina|boost
|-boost|p2a: Nice|def|1
|
|upkeep
|turn|15
|
|t:|1760807901
|move|p1a: Jeralt|Ice Spinner|p2a: Nice
|-supereffective|p2a: Nice
|-damage|p2a: Nice|16/100
|-ability|p2a: Nice|Stamina|boost
|-boost|p2a: Nice|def|1
|move|p2a: Nice|Body Press|p1a: Jeralt
|-damage|p1a: Jeralt|42/100
|
|-sideend|p1: DizzyAnimations|move: Tailwind
|upkeep
|turn|16
|
|t:|1760807909
|-end|p1a: Jeralt|Protosynthesis|[silent]
|switch|p1a: Flurrie|Ninetales-Alola, F|100/100
|-weather|Snowscape|[from] ability: Snow Warning|[of] p1a: Flurrie
|move|p2a: Nice|Body Press|p1a: Flurrie
|-damage|p1a: Flurrie|58/100
|
|-weather|Snowscape|[upkeep]
|upkeep
|turn|17
|
|t:|1760807917
|move|p1a: Flurrie|Moonblast|p2a: Nice
|-damage|p2a: Nice|0 fnt
|faint|p2a: Nice
|
|-weather|Snowscape|[upkeep]
|upkeep
|
|t:|1760807979
|switch|p2a: Lin Ling|Sableye, F|67/100
|turn|18
|
|t:|1760807992
|move|p2a: Lin Ling|Taunt|p1a: Flurrie
|-start|p1a: Flurrie|move: Taunt
|move|p1a: Flurrie|Moonblast|p2a: Lin Ling
|-supereffective|p2a: Lin Ling
|-damage|p2a: Lin Ling|0 fnt
|faint|p2a: Lin Ling
|
|-weather|Snowscape|[upkeep]
|upkeep
|
|t:|1760808005
|switch|p2a: Queen|Weavile, F|100/100
|-ability|p2a: Queen|Pressure
|turn|19
|
|t:|1760808013
|move|p2a: Queen|Triple Axel|p1a: Flurrie
|-resisted|p1a: Flurrie
|-damage|p1a: Flurrie|50/100
|-resisted|p1a: Flurrie
|-damage|p1a: Flurrie|35/100
|-hitcount|p1a: Flurrie|2
|move|p1a: Flurrie|Moonblast|p2a: Queen
|-supereffective|p2a: Queen
|-damage|p2a: Queen|0 fnt
|faint|p2a: Queen
|
|-weather|Snowscape|[upkeep]
|upkeep
|c|☆neeben|yeaaaaa
|c|☆DizzyAnimations|oh wow
|c|☆DizzyAnimations|I wasn't sure if you had poison jab  or something
|
|t:|1760808038
|switch|p2a: X|Ditto, shiny|25/100
|-transform|p2a: X|p1a: Flurrie|[from] ability: Imposter
|turn|20
|c|☆neeben|opted against it last minute
|
|t:|1760808055
|switch|p1a: Midas|Gholdengo|70/100
|move|p2a: X|Aurora Veil|p2a: X
|-sidestart|p2: neeben|move: Aurora Veil
|
|-weather|none
|upkeep
|turn|21
|
|t:|1760808075
|switch|p2a: Dragon Boy|Hydrapple, M, shiny|100/100
|move|p1a: Midas|Make It Rain|p2a: Dragon Boy
|-damage|p2a: Dragon Boy|78/100
|-unboost|p1a: Midas|spa|1
|
|upkeep
|turn|22
|
|t:|1760808092
|switch|p1a: Decim|Empoleon, F|33/100
|move|p2a: Dragon Boy|Fickle Beam|p1a: Decim
|-resisted|p1a: Decim
|-damage|p1a: Decim|16/100
|
|-heal|p1a: Decim|23/100|[from] item: Leftovers
|upkeep
|turn|23
|
|t:|1760808100
|-terastallize|p2a: Dragon Boy|Steel
|move|p1a: Decim|Ice Beam|p2a: Dragon Boy
|-resisted|p2a: Dragon Boy
|-damage|p2a: Dragon Boy|73/100
|move|p2a: Dragon Boy|Earth Power|p1a: Decim
|-supereffective|p1a: Decim
|-damage|p1a: Decim|0 fnt
|faint|p1a: Decim
|
|upkeep
|
|t:|1760808108
|switch|p1a: Jeralt|Great Tusk|42/100
|turn|24
|
|t:|1760808135
|move|p1a: Jeralt|Headlong Rush|p2a: Dragon Boy
|-supereffective|p2a: Dragon Boy
|-damage|p2a: Dragon Boy|27/100
|-unboost|p1a: Jeralt|def|1
|-unboost|p1a: Jeralt|spd|1
|move|p2a: Dragon Boy|Energy Ball|p1a: Jeralt
|-supereffective|p1a: Jeralt
|-damage|p1a: Jeralt|0 fnt
|faint|p1a: Jeralt
|-end|p1a: Jeralt|Protosynthesis|[silent]
|
|-sideend|p2: neeben|move: Aurora Veil
|upkeep
|
|t:|1760808171
|switch|p1a: Midas|Gholdengo|70/100
|turn|25
|
|t:|1760808182
|switch|p2a: X|Ditto, shiny|25/100
|-transform|p2a: X|p1a: Midas|[from] ability: Imposter
|move|p1a: Midas|Shadow Ball|p2a: X
|-supereffective|p2a: X
|-damage|p2a: X|0 fnt
|faint|p2a: X
|
|upkeep
|
|t:|1760808184
|switch|p2a: Dragon Boy|Hydrapple, M, shiny, tera:Steel|60/100
|turn|26
|
|t:|1760808199
|move|p1a: Midas|Focus Blast|p2a: Dragon Boy|[miss]
|-miss|p1a: Midas|p2a: Dragon Boy
|move|p2a: Dragon Boy|Earth Power|p1a: Midas
|-supereffective|p1a: Midas
|-damage|p1a: Midas|0 fnt
|faint|p1a: Midas
|
|upkeep
|c|☆DizzyAnimations|lol
|c|☆neeben|RIP
|
|t:|1760808208
|switch|p1a: Flurrie|Ninetales-Alola, F|35/100
|-weather|Snowscape|[from] ability: Snow Warning|[of] p1a: Flurrie
|turn|27
|
|t:|1760808213
|move|p1a: Flurrie|Encore|p2a: Dragon Boy
|-start|p2a: Dragon Boy|Encore
|move|p2a: Dragon Boy|Earth Power|p1a: Flurrie
|-damage|p1a: Flurrie|2/100
|
|-weather|Snowscape|[upkeep]
|upkeep
|turn|28
|
|t:|1760808219
|move|p1a: Flurrie|Aurora Veil|p1a: Flurrie
|-sidestart|p1: DizzyAnimations|move: Aurora Veil
|move|p2a: Dragon Boy|Earth Power|p1a: Flurrie
|-crit|p1a: Flurrie
|-damage|p1a: Flurrie|0 fnt
|faint|p1a: Flurrie
|
|-weather|Snowscape|[upkeep]
|upkeep
|
|t:|1760808221
|switch|p1a: Pops|Tornadus-Therian, M|91/100
|turn|29
|c|☆neeben|oh dear
|
|t:|1760808225
|move|p1a: Pops|Focus Blast|p2a: Dragon Boy|[miss]
|-miss|p1a: Pops|p2a: Dragon Boy
|move|p2a: Dragon Boy|Earth Power|p1a: Pops
|-immune|p1a: Pops
|
|-weather|Snowscape|[upkeep]
|-heal|p1a: Pops|97/100|[from] item: Leftovers
|-end|p2a: Dragon Boy|Encore
|upkeep
|turn|30
|c|☆DizzyAnimations|Pops
|
|t:|1760808230
|move|p1a: Pops|Focus Blast|p2a: Dragon Boy
|-supereffective|p2a: Dragon Boy
|-damage|p2a: Dragon Boy|14/100
|move|p2a: Dragon Boy|Fickle Beam|p1a: Pops|[anim] Fickle Beam All Out
|-activate|p2a: Dragon Boy|move: Fickle Beam
|-damage|p1a: Pops|51/100
|
|-weather|Snowscape|[upkeep]
|-heal|p1a: Pops|57/100|[from] item: Leftovers
|upkeep
|turn|31
|c|☆neeben|ONE MORE MISS
|c|☆neeben|MISS AND CRIT
|c|☆neeben|LETS DO IT
|
|t:|1760808248
|move|p1a: Pops|Focus Blast|p2a: Dragon Boy
|-supereffective|p2a: Dragon Boy
|-damage|p2a: Dragon Boy|0 fnt
|faint|p2a: Dragon Boy
|
|win|DizzyAnimations
|c|☆DizzyAnimations|LOL
|c|☆neeben|NOOOOOOO
|c|☆neeben|gg lmao
|c|☆DizzyAnimations|GGs brother. We had a 1-0 match last szn too
|c|☆DizzyAnimations|So I'm glad we're consistently fun
|c|☆neeben|tru lol
|c|☆neeben|even tho i was kinda getting rolled for most of it
