|j|☆Nymphex680
|j|☆Gen1onlyedgy
|t:|1760850709
|gametype|singles
|player|p1|Nymphex680|scientist-gen4|1546
|player|p2|Gen1onlyedgy|lucas|1622
|gen|9
|tier|[Gen 9] OU
|rated|
|rule|HP Percentage Mod: HP is shown in percentages
|rule|Endless Battle Clause: Forcing endless battles is banned
|rule|Species Clause: Limit one of each Pokémon
|rule|OHKO Clause: OHKO moves are banned
|rule|Evasion Items Clause: Evasion items are banned
|rule|Evasion Moves Clause: Evasion moves are banned
|rule|Evasion Abilities Clause: Evasion abilities are banned
|rule|Sleep Moves Clause: Sleep-inducing moves are banned
|clearpoke
|poke|p1|Indeedee, M|
|poke|p1|Hatterene, F|
|poke|p1|Ursaluna, F|
|poke|p1|Iron Hands|
|poke|p1|Hoopa-Unbound|
|poke|p1|Mimikyu, M|
|poke|p2|Slowking-Galar, F|
|poke|p2|Kyurem|
|poke|p2|Ting-Lu|
|poke|p2|Hawlucha, F|
|poke|p2|Dragapult, M|
|poke|p2|Dondozo, F|
|teampreview
|inactive|Battle timer is ON: inactive players will automatically lose when time's up. (requested by Nymphex680)
|
|t:|1760850728
|teamsize|p1|6
|teamsize|p2|6
|start
|switch|p1a: Come@me|Indeedee, M, shiny|100/100
|switch|p2a: Dragapult|Dragapult, M|100/100
|-fieldstart|move: Psychic Terrain|[from] ability: Psychic Surge|[of] p1a: Come@me
|turn|1
|
|t:|1760850738
|switch|p2a: Slowking|Slowking-Galar, F|100/100
|move|p1a: Come@me|Trick Room|p1a: Come@me
|-fieldstart|move: Trick Room|[of] p1a: Come@me
|
|upkeep
|turn|2
|
|t:|1760850754
|switch|p1a: P0r+aL|Hoopa-Unbound|100/100
|-enditem|p1a: P0r+aL|Psychic Seed
|-boost|p1a: P0r+aL|spd|1|[from] item: Psychic Seed
|-prepare|p2a: Slowking|Chilly Reception|[premajor]
|move|p2a: Slowking|Chilly Reception|p2a: Slowking
|-weather|Snowscape
|
|t:|1760850762
|switch|p2a: Ting-Lu|Ting-Lu|100/100|[from] Chilly Reception
|-ability|p2a: Ting-Lu|Vessel of Ruin
|
|-weather|Snowscape|[upkeep]
|upkeep
|turn|3
|
|t:|1760850769
|move|p2a: Ting-Lu|Earthquake|p1a: P0r+aL
|-damage|p1a: P0r+aL|58/100
|move|p1a: P0r+aL|Focus Blast|p2a: Ting-Lu
|-supereffective|p2a: Ting-Lu
|-damage|p2a: Ting-Lu|58/100
|-item|p1a: P0r+aL|Leftovers|[from] ability: Magician|[of] p2a: Ting-Lu
|
|-weather|Snowscape|[upkeep]
|-heal|p1a: P0r+aL|64/100|[from] item: Leftovers
|upkeep
|turn|4
|
|t:|1760850782
|move|p2a: Ting-Lu|Rest|p2a: Ting-Lu
|-status|p2a: Ting-Lu|slp|[from] move: Rest
|-heal|p2a: Ting-Lu|100/100 slp|[silent]
|move|p1a: P0r+aL|Focus Blast|p2a: Ting-Lu|[miss]
|-miss|p1a: P0r+aL|p2a: Ting-Lu
|
|-weather|Snowscape|[upkeep]
|-heal|p1a: P0r+aL|70/100|[from] item: Leftovers
|upkeep
|turn|5
|
|t:|1760850793
|cant|p2a: Ting-Lu|slp
|move|p2a: Ting-Lu|Sleep Talk|p2a: Ting-Lu
|move|p2a: Ting-Lu|Rest||[from] move: Sleep Talk|[still]
|-fail|p2a: Ting-Lu
|move|p1a: P0r+aL|Focus Blast|p2a: Ting-Lu
|-supereffective|p2a: Ting-Lu
|-damage|p2a: Ting-Lu|58/100 slp
|
|-weather|Snowscape|[upkeep]
|-heal|p1a: P0r+aL|76/100|[from] item: Leftovers
|-fieldend|move: Trick Room
|upkeep
|turn|6
|
|t:|1760850820
|cant|p2a: Ting-Lu|slp
|move|p1a: P0r+aL|Trick Room|p1a: P0r+aL
|-fieldstart|move: Trick Room|[of] p1a: P0r+aL
|
|-weather|none
|-heal|p1a: P0r+aL|82/100|[from] item: Leftovers
|upkeep
|turn|7
|
|t:|1760850831
|-curestatus|p2a: Ting-Lu|slp|[msg]
|move|p2a: Ting-Lu|Earthquake|p1a: P0r+aL
|-damage|p1a: P0r+aL|40/100
|move|p1a: P0r+aL|Focus Blast|p2a: Ting-Lu
|-supereffective|p2a: Ting-Lu
|-crit|p2a: Ting-Lu
|-damage|p2a: Ting-Lu|0 fnt
|faint|p2a: Ting-Lu
|
|-heal|p1a: P0r+aL|46/100|[from] item: Leftovers
|upkeep
|
|t:|1760850841
|switch|p2a: Dondozo|Dondozo, F|100/100
|turn|8
|
|t:|1760850856
|move|p2a: Dondozo|Liquidation|p1a: P0r+aL
|-damage|p1a: P0r+aL|13/100
|move|p1a: P0r+aL|Expanding Force|p2a: Dondozo
|-damage|p2a: Dondozo|35/100
|
|-heal|p2a: Dondozo|41/100|[from] item: Leftovers
|-heal|p1a: P0r+aL|19/100|[from] item: Leftovers
|-fieldend|move: Psychic Terrain
|upkeep
|turn|9
|
|t:|1760850877
|switch|p1a: W!tch|Hatterene, F, shiny|100/100
|move|p2a: Dondozo|Liquidation|p1a: W!tch
|-damage|p1a: W!tch|66/100
|
|-heal|p2a: Dondozo|47/100|[from] item: Leftovers
|upkeep
|turn|10
|
|t:|1760850887
|move|p1a: W!tch|Draining Kiss|p2a: Dondozo
|-damage|p2a: Dondozo|23/100
|-heal|p1a: W!tch|95/100|[from] drain|[of] p2a: Dondozo
|-damage|p1a: W!tch|86/100|[from] item: Life Orb
|move|p2a: Dondozo|Curse|p2a: Dondozo
|-unboost|p2a: Dondozo|spe|1
|-boost|p2a: Dondozo|atk|1
|-boost|p2a: Dondozo|def|1
|
|-heal|p2a: Dondozo|29/100|[from] item: Leftovers
|-fieldend|move: Trick Room
|upkeep
|turn|11
|
|t:|1760850900
|move|p2a: Dondozo|Rest|p2a: Dondozo
|-status|p2a: Dondozo|slp|[from] move: Rest
|-heal|p2a: Dondozo|100/100 slp|[silent]
|move|p1a: W!tch|Trick Room|p1a: W!tch
|-fieldstart|move: Trick Room|[of] p1a: W!tch
|
|upkeep
|turn|12
|
|t:|1760850916
|switch|p1a: P0r+aL|Hoopa-Unbound|19/100
|cant|p2a: Dondozo|slp
|move|p2a: Dondozo|Sleep Talk|p2a: Dondozo
|move|p2a: Dondozo|Liquidation|p1a: P0r+aL|[from] move: Sleep Talk
|-damage|p1a: P0r+aL|0 fnt
|faint|p1a: P0r+aL
|
|upkeep
|inactive|Nymphex680 has 120 seconds left.
|
|t:|1760850932
|switch|p1a: Ub3@r|Ursaluna, F, shiny|100/100
|turn|13
|
|t:|1760850941
|cant|p2a: Dondozo|slp
|move|p2a: Dondozo|Sleep Talk|p2a: Dondozo
|move|p2a: Dondozo|Liquidation|p1a: Ub3@r|[from] move: Sleep Talk
|-supereffective|p1a: Ub3@r
|-damage|p1a: Ub3@r|35/100
|move|p1a: Ub3@r|Supercell Slam|p2a: Dondozo
|-supereffective|p2a: Dondozo
|-damage|p2a: Dondozo|67/100 slp
|
|-heal|p2a: Dondozo|73/100 slp|[from] item: Leftovers
|-status|p1a: Ub3@r|brn|[from] item: Flame Orb
|upkeep
|turn|14
|inactive|Nymphex680 has 120 seconds left.
|
|t:|1760850957
|-terastallize|p1a: Ub3@r|Normal
|-curestatus|p2a: Dondozo|slp|[msg]
|move|p2a: Dondozo|Curse|p2a: Dondozo
|-unboost|p2a: Dondozo|spe|1
|-boost|p2a: Dondozo|atk|1
|-boost|p2a: Dondozo|def|1
|move|p1a: Ub3@r|Facade|p2a: Dondozo
|-damage|p2a: Dondozo|25/100
|
|-heal|p2a: Dondozo|31/100|[from] item: Leftovers
|-damage|p1a: Ub3@r|29/100 brn|[from] brn
|upkeep
|turn|15
|inactive|Nymphex680 has 120 seconds left.
|
|t:|1760850972
|switch|p1a: PikA(hU|Mimikyu, M, shiny|100/100
|move|p2a: Dondozo|Liquidation|p1a: PikA(hU
|-activate|p1a: PikA(hU|ability: Disguise
|-damage|p1a: PikA(hU|100/100
|detailschange|p1a: PikA(hU|Mimikyu-Busted, M, shiny
|-damage|p1a: PikA(hU|88/100|[from] pokemon: Mimikyu-Busted
|-enditem|p1a: PikA(hU|Red Card|[of] p2a: Dondozo
|drag|p2a: Kyurem|Kyurem|100/100
|-ability|p2a: Kyurem|Pressure
|
|-fieldend|move: Trick Room
|upkeep
|turn|16
|inactive|Nymphex680 has 120 seconds left.
|
|t:|1760850986
|switch|p2a: Dondozo|Dondozo, F|31/100
|move|p1a: PikA(hU|Trick Room|p1a: PikA(hU
|-fieldstart|move: Trick Room|[of] p1a: PikA(hU
|
|-heal|p2a: Dondozo|37/100|[from] item: Leftovers
|upkeep
|turn|17
|
|t:|1760850997
|move|p2a: Dondozo|Curse|p2a: Dondozo
|-unboost|p2a: Dondozo|spe|1
|-boost|p2a: Dondozo|atk|1
|-boost|p2a: Dondozo|def|1
|move|p1a: PikA(hU|Curse|p2a: Dondozo
|-start|p2a: Dondozo|Curse|[of] p1a: PikA(hU
|-damage|p1a: PikA(hU|38/100
|
|-heal|p2a: Dondozo|43/100|[from] item: Leftovers
|-damage|p2a: Dondozo|18/100|[from] Curse
|upkeep
|turn|18
|
|t:|1760851010
|move|p2a: Dondozo|Rest|p2a: Dondozo
|-status|p2a: Dondozo|slp|[from] move: Rest
|-heal|p2a: Dondozo|100/100 slp|[silent]
|move|p1a: PikA(hU|Curse||[still]
|-fail|p1a: PikA(hU
|
|-damage|p2a: Dondozo|75/100 slp|[from] Curse
|upkeep
|turn|19
|inactive|Nymphex680 has 120 seconds left.
|
|t:|1760851025
|switch|p1a: Come@me|Indeedee, M, shiny|100/100
|-fieldstart|move: Psychic Terrain|[from] ability: Psychic Surge|[of] p1a: Come@me
|cant|p2a: Dondozo|slp
|move|p2a: Dondozo|Sleep Talk|p2a: Dondozo
|move|p2a: Dondozo|Rest||[from] move: Sleep Talk|[still]
|-fail|p2a: Dondozo
|
|-heal|p2a: Dondozo|82/100 slp|[from] item: Leftovers
|-damage|p2a: Dondozo|57/100 slp|[from] Curse
|upkeep
|turn|20
|inactive|Nymphex680 has 120 seconds left.
|
|t:|1760851043
|switch|p2a: Slowking|Slowking-Galar, F|100/100
|move|p1a: Come@me|Expanding Force|p2a: Slowking
|-damage|p2a: Slowking|56/100
|
|-fieldend|move: Trick Room
|upkeep
|turn|21
|inactive|Nymphex680 has 120 seconds left.
|
|t:|1760851062
|move|p1a: Come@me|Expanding Force|p2a: Slowking
|-damage|p2a: Slowking|11/100
|move|p2a: Slowking|Sludge Bomb|p1a: Come@me
|-damage|p1a: Come@me|53/100
|
|upkeep
|turn|22
|
|t:|1760851070
|move|p1a: Come@me|Expanding Force|p2a: Slowking
|-damage|p2a: Slowking|0 fnt
|faint|p2a: Slowking
|
|upkeep
|
|t:|1760851073
|switch|p2a: Kyurem|Kyurem|100/100
|-ability|p2a: Kyurem|Pressure
|turn|23
|inactive|Nymphex680 has 120 seconds left.
|
|t:|1760851088
|move|p2a: Kyurem|Blizzard|p1a: Come@me
|-damage|p1a: Come@me|0 fnt
|faint|p1a: Come@me
|
|upkeep
|inactive|Nymphex680 has 120 seconds left.
|
|t:|1760851097
|switch|p1a: W!tch|Hatterene, F, shiny|86/100
|turn|24
|
|t:|1760851100
|move|p2a: Kyurem|Blizzard|p1a: W!tch|[miss]
|-miss|p2a: Kyurem|p1a: W!tch
|move|p1a: W!tch|Trick Room|p1a: W!tch
|-fieldstart|move: Trick Room|[of] p1a: W!tch
|
|upkeep
|turn|25
|
|t:|1760851111
|move|p1a: W!tch|Draining Kiss|p2a: Kyurem
|-supereffective|p2a: Kyurem
|-damage|p2a: Kyurem|22/100
|-heal|p1a: W!tch|100/100|[from] drain|[of] p2a: Kyurem
|-damage|p1a: W!tch|91/100|[from] item: Life Orb
|move|p2a: Kyurem|Blizzard|p1a: W!tch
|-damage|p1a: W!tch|0 fnt
|faint|p1a: W!tch
|
|upkeep
|
|t:|1760851121
|switch|p1a: Ub3@r|Ursaluna, F, shiny, tera:Normal|29/100 brn
|turn|26
|
|t:|1760851137
|switch|p2a: Hawlucha|Hawlucha, F|100/100
|-ability|p2a: Hawlucha|Mold Breaker
|move|p1a: Ub3@r|Supercell Slam|p2a: Hawlucha
|-supereffective|p2a: Hawlucha
|-damage|p2a: Hawlucha|0 fnt
|-damage|p1a: Ub3@r|13/100 brn|[from] item: Rocky Helmet|[of] p2a: Hawlucha
|faint|p2a: Hawlucha
|
|-damage|p1a: Ub3@r|7/100 brn|[from] brn
|-fieldend|move: Psychic Terrain
|upkeep
|
|t:|1760851140
|switch|p2a: Dragapult|Dragapult, M|100/100
|turn|27
|
|t:|1760851156
|move|p2a: Dragapult|Quick Attack|p1a: Ub3@r
|-damage|p1a: Ub3@r|0 fnt
|faint|p1a: Ub3@r
|
|upkeep
|
|t:|1760851167
|switch|p1a: PikA(hU|Mimikyu-Busted, M, shiny|38/100
|turn|28
|
|t:|1760851176
|switch|p2a: Dondozo|Dondozo, F|57/100 slp
|move|p1a: PikA(hU|Curse|p2a: Dondozo
|-start|p2a: Dondozo|Curse|[of] p1a: PikA(hU
|-damage|p1a: PikA(hU|0 fnt
|faint|p1a: PikA(hU
|
|-heal|p2a: Dondozo|63/100 slp|[from] item: Leftovers
|-damage|p2a: Dondozo|38/100 slp|[from] Curse
|-fieldend|move: Trick Room
|upkeep
|
|t:|1760851188
|switch|p1a: Quan(H!|Iron Hands, shiny|100/100
|-enditem|p1a: Quan(H!|Booster Energy
|-activate|p1a: Quan(H!|ability: Quark Drive|[fromitem]
|-start|p1a: Quan(H!|quarkdriveatk
|turn|29
|
|t:|1760851194
|move|p1a: Quan(H!|Supercell Slam|p2a: Dondozo
|-supereffective|p2a: Dondozo
|-damage|p2a: Dondozo|0 fnt
|faint|p2a: Dondozo
|
|upkeep
|
|t:|1760851197
|switch|p2a: Kyurem|Kyurem|22/100
|-ability|p2a: Kyurem|Pressure
|turn|30
|
|t:|1760851205
|move|p2a: Kyurem|Earth Power|p1a: Quan(H!
|-supereffective|p1a: Quan(H!
|-damage|p1a: Quan(H!|22/100
|move|p1a: Quan(H!|Ice Punch|p2a: Kyurem
|-damage|p2a: Kyurem|0 fnt
|faint|p2a: Kyurem
|
|upkeep
|
|t:|1760851208
|switch|p2a: Dragapult|Dragapult, M|100/100
|turn|31
|
|t:|1760851219
|move|p2a: Dragapult|Dragon Darts|p1a: Quan(H!
|-damage|p1a: Quan(H!|0 fnt
|faint|p1a: Quan(H!
|-end|p1a: Quan(H!|Quark Drive|[silent]
|
|win|Gen1onlyedgy
|raw|Nymphex680's rating: 1546 &rarr; <strong>1530</strong><br />(-16 for losing)
|raw|Gen1onlyedgy's rating: 1622 &rarr; <strong>1638</strong><br />(+16 for winning)
|l|☆Nymphex680
|player|p1|
