|j|☆DexTrainerRed
|j|☆newnameok
|t:|1760832449
|gametype|singles
|player|p1|DexTrainerRed|ash-kalos|1181
|player|p2|newnameok|fisherman|1219
|gen|9
|tier|[Gen 9] OU
|rated|
|rule|HP Percentage Mod: HP is shown in percentages
|rule|Endless Battle Clause: Forcing endless battles is banned
|rule|Species Clause: Limit one of each Pokémon
|rule|OHKO Clause: OHKO moves are banned
|rule|Evasion Items Clause: Evasion items are banned
|rule|Evasion Moves Clause: Evasion moves are banned
|rule|Evasion Abilities Clause: Evasion abilities are banned
|rule|Sleep Moves Clause: Sleep-inducing moves are banned
|clearpoke
|poke|p1|Infernape, M|
|poke|p1|Staraptor, M|
|poke|p1|Torterra, M|
|poke|p1|Empoleon, M|
|poke|p1|Garchomp, F|
|poke|p1|Pikachu, M|
|poke|p2|Araquanid, F|
|poke|p2|Gholdengo|
|poke|p2|Serperior, F|
|poke|p2|Raging Bolt|
|poke|p2|Ogerpon-Wellspring, F|
|poke|p2|Great Tusk|
|teampreview
|inactive|Battle timer is ON: inactive players will automatically lose when time's up. (requested by DexTrainerRed)
|inactive|newnameok also wants the timer to be on.
|inactive|newnameok has 120 seconds left.
|
|t:|1760832484
|teamsize|p1|6
|teamsize|p2|6
|start
|switch|p1a: Staraptor|Staraptor, M|100/100
|switch|p2a: Araquanid|Araquanid, F|100/100
|turn|1
|
|t:|1760832501
|move|p1a: Staraptor|Brave Bird|p2a: Araquanid
|-supereffective|p2a: Araquanid
|-damage|p2a: Araquanid|0 fnt
|faint|p2a: Araquanid
|-damage|p1a: Staraptor|64/100|[from] Recoil
|
|upkeep
|inactive|newnameok has 120 seconds left.
|
|t:|1760832536
|switch|p2a: Raging Bolt|Raging Bolt|100/100
|-enditem|p2a: Raging Bolt|Booster Energy
|-activate|p2a: Raging Bolt|ability: Protosynthesis|[fromitem]
|-start|p2a: Raging Bolt|protosynthesisspa
|turn|2
|
|t:|1760832541
|switch|p1a: Garchomp|Garchomp, F|100/100
|move|p2a: Raging Bolt|Thunderclap||[still]
|-fail|p2a: Raging Bolt
|
|upkeep
|turn|3
|inactive|newnameok has 120 seconds left.
|
|t:|1760832580
|-end|p2a: Raging Bolt|Protosynthesis|[silent]
|switch|p2a: Serperior|Serperior, F|100/100
|move|p1a: Garchomp|Scale Shot|p2a: Serperior|[miss]
|-miss|p1a: Garchomp|p2a: Serperior
|
|upkeep
|turn|4
|
|t:|1760832585
|move|p2a: Serperior|Glare|p1a: Garchomp
|-status|p1a: Garchomp|par
|move|p1a: Garchomp|Swords Dance|p1a: Garchomp
|-boost|p1a: Garchomp|atk|2
|
|upkeep
|turn|5
|
|t:|1760832590
|move|p2a: Serperior|Leaf Storm|p1a: Garchomp
|-damage|p1a: Garchomp|53/100 par
|-boost|p2a: Serperior|spa|2
|move|p1a: Garchomp|Scale Shot|p2a: Serperior
|-damage|p2a: Serperior|68/100
|-crit|p2a: Serperior
|-damage|p2a: Serperior|17/100
|-damage|p2a: Serperior|0 fnt
|faint|p2a: Serperior
|-hitcount|p2: Serperior|3
|-unboost|p1a: Garchomp|def|1
|-boost|p1a: Garchomp|spe|1
|
|upkeep
|
|t:|1760832614
|switch|p2a: Ogerpon|Ogerpon-Wellspring, F|100/100
|turn|6
|inactive|newnameok has 90 seconds left.
|
|t:|1760832638
|move|p2a: Ogerpon|Ivy Cudgel|p1a: Garchomp|[anim] Ivy Cudgel Water
|-damage|p1a: Garchomp|0 fnt
|faint|p1a: Garchomp
|
|upkeep
|
|t:|1760832643
|switch|p1a: Staraptor|Staraptor, M|64/100
|turn|7
|inactive|newnameok has 90 seconds left.
|
|t:|1760832681
|switch|p2a: Raging Bolt|Raging Bolt|100/100
|move|p1a: Staraptor|Brave Bird|p2a: Raging Bolt
|-resisted|p2a: Raging Bolt
|-crit|p2a: Raging Bolt
|-damage|p2a: Raging Bolt|55/100
|-damage|p1a: Staraptor|43/100|[from] Recoil
|
|upkeep
|turn|8
|
|t:|1760832689
|move|p1a: Staraptor|Brave Bird|p2a: Raging Bolt
|-resisted|p2a: Raging Bolt
|-damage|p2a: Raging Bolt|29/100
|-damage|p1a: Staraptor|30/100|[from] Recoil
|move|p2a: Raging Bolt|Dragon Pulse|p1a: Staraptor
|-damage|p1a: Staraptor|0 fnt
|faint|p1a: Staraptor
|
|upkeep
|
|t:|1760832698
|switch|p1a: Infernape|Infernape, M|100/100
|turn|9
|
|t:|1760832715
|move|p2a: Raging Bolt|Thunderclap||[still]
|-fail|p2a: Raging Bolt
|move|p1a: Infernape|Nasty Plot|p1a: Infernape
|-boost|p1a: Infernape|spa|2
|
|upkeep
|turn|10
|
|t:|1760832719
|move|p2a: Raging Bolt|Thunderclap|p1a: Infernape
|-damage|p1a: Infernape|30/100
|move|p1a: Infernape|Flamethrower|p2a: Raging Bolt
|-resisted|p2a: Raging Bolt
|-damage|p2a: Raging Bolt|0 fnt
|faint|p2a: Raging Bolt
|-end|p2a: Raging Bolt|Protosynthesis|[silent]
|
|upkeep
|inactive|newnameok has 60 seconds left.
|
|t:|1760832766
|switch|p2a: Ogerpon|Ogerpon-Wellspring, F|100/100
|turn|11
|
|t:|1760832782
|move|p2a: Ogerpon|Ivy Cudgel|p1a: Infernape|[anim] Ivy Cudgel Water
|-supereffective|p1a: Infernape
|-damage|p1a: Infernape|0 fnt
|faint|p1a: Infernape
|
|upkeep
|
|t:|1760832787
|switch|p1a: Empoleon|Empoleon, M|100/100
|turn|12
|
|t:|1760832792
|move|p2a: Ogerpon|U-turn|p1a: Empoleon
|-resisted|p1a: Empoleon
|-damage|p1a: Empoleon|84/100
|
|t:|1760832801
|switch|p2a: Great Tusk|Great Tusk|100/100|[from] U-turn
|-enditem|p2a: Great Tusk|Booster Energy
|-activate|p2a: Great Tusk|ability: Protosynthesis|[fromitem]
|-start|p2a: Great Tusk|protosynthesisatk
|move|p1a: Empoleon|Agility|p1a: Empoleon
|-boost|p1a: Empoleon|spe|2
|
|upkeep
|turn|13
|inactive|newnameok has 60 seconds left.
|
|t:|1760832844
|move|p1a: Empoleon|Grass Knot|p2a: Great Tusk
|-supereffective|p2a: Great Tusk
|-damage|p2a: Great Tusk|0 fnt
|faint|p2a: Great Tusk
|-end|p2a: Great Tusk|Protosynthesis|[silent]
|-damage|p1a: Empoleon|74/100|[from] item: Life Orb
|
|upkeep
|
|t:|1760832849
|switch|p2a: Ogerpon|Ogerpon-Wellspring, F|100/100
|turn|14
|
|t:|1760832854
|move|p1a: Empoleon|Ice Beam|p2a: Ogerpon
|-damage|p2a: Ogerpon|49/100
|-damage|p1a: Empoleon|64/100|[from] item: Life Orb
|move|p2a: Ogerpon|Power Whip|p1a: Empoleon
|-damage|p1a: Empoleon|0 fnt
|faint|p1a: Empoleon
|
|upkeep
|
|t:|1760832862
|switch|p1a: Torterra|Torterra, M|100/100
|turn|15
|
|t:|1760832878
|move|p2a: Ogerpon|Ivy Cudgel|p1a: Torterra|[anim] Ivy Cudgel Water
|-damage|p1a: Torterra|46/100
|move|p1a: Torterra|Shell Smash|p1a: Torterra
|-unboost|p1a: Torterra|def|1
|-unboost|p1a: Torterra|spd|1
|-boost|p1a: Torterra|atk|2
|-boost|p1a: Torterra|spa|2
|-boost|p1a: Torterra|spe|2
|-enditem|p1a: Torterra|White Herb
|-clearnegativeboost|p1a: Torterra|[silent]
|
|upkeep
|turn|16
|
|t:|1760832891
|move|p1a: Torterra|Seed Bomb|p2a: Ogerpon
|-crit|p2a: Ogerpon
|-damage|p2a: Ogerpon|0 fnt
|faint|p2a: Ogerpon
|
|upkeep
|
|t:|1760832901
|switch|p2a: Gholdengo|Gholdengo|100/100
|-item|p2a: Gholdengo|Air Balloon
|turn|17
|inactive|newnameok has 60 seconds left.
|
|t:|1760832924
|move|p1a: Torterra|Seed Bomb|p2a: Gholdengo
|-resisted|p2a: Gholdengo
|-damage|p2a: Gholdengo|51/100
|-enditem|p2a: Gholdengo|Air Balloon
|move|p2a: Gholdengo|Make It Rain|p1a: Torterra
|-damage|p1a: Torterra|0 fnt
|-unboost|p2a: Gholdengo|spa|1
|faint|p1a: Torterra
|
|upkeep
|
|t:|1760832933
|switch|p1a: Pikachu|Pikachu, M|100/100
|turn|18
|
|t:|1760832941
|-terastallize|p1a: Pikachu|Electric
|move|p1a: Pikachu|Thunderbolt|p2a: Gholdengo
|-crit|p2a: Gholdengo
|-damage|p2a: Gholdengo|0 fnt
|faint|p2a: Gholdengo
|
|win|DexTrainerRed
|raw|DexTrainerRed's rating: 1181 &rarr; <strong>1209</strong><br />(+28 for winning)
|raw|newnameok's rating: 1219 &rarr; <strong>1191</strong><br />(-28 for losing)
|l|☆newnameok
|player|p2|
|l|☆DexTrainerRed
|player|p1|
