|j|☆frrrer34343
|j|☆hopefuldream
|t:|1760760871
|gametype|singles
|player|p1|frrrer34343|101|1376
|player|p2|hopefuldream|101|1397
|gen|9
|tier|[Gen 9] OU
|rated|
|rule|HP Percentage Mod: HP is shown in percentages
|rule|Endless Battle Clause: Forcing endless battles is banned
|rule|Species Clause: Limit one of each Pokémon
|rule|OHKO Clause: OHKO moves are banned
|rule|Evasion Items Clause: Evasion items are banned
|rule|Evasion Moves Clause: Evasion moves are banned
|rule|Evasion Abilities Clause: Evasion abilities are banned
|rule|Sleep Moves Clause: Sleep-inducing moves are banned
|clearpoke
|poke|p1|Hatterene, F|
|poke|p1|Dragapult, F|
|poke|p1|Iron Treads|
|poke|p1|Umbreon, M|
|poke|p1|Gholdengo|
|poke|p1|Ogerpon-Wellspring, F|
|poke|p2|Tyranitar, F|
|poke|p2|Excadrill, F|
|poke|p2|Garganacl, F|
|poke|p2|Skarmory, F|
|poke|p2|Gholdengo|
|poke|p2|Alomomola, F|
|teampreview
|inactive|Battle timer is ON: inactive players will automatically lose when time's up. (requested by hopefuldream)
|
|t:|1760760890
|teamsize|p1|6
|teamsize|p2|6
|start
|switch|p1a: Ogerpon|Ogerpon-Wellspring, F|100/100
|switch|p2a: Tyranitar|Tyranitar, F|100/100
|-weather|Sandstorm|[from] ability: Sand Stream|[of] p2a: Tyranitar
|turn|1
|
|t:|1760760897
|switch|p2a: Skarmory|Skarmory, F|100/100
|move|p1a: Ogerpon|Swords Dance|p1a: Ogerpon
|-boost|p1a: Ogerpon|atk|2
|
|-weather|Sandstorm|[upkeep]
|-damage|p1a: Ogerpon|95/100|[from] Sandstorm
|upkeep
|turn|2
|
|t:|1760760918
|-terastallize|p2a: Skarmory|Grass
|move|p1a: Ogerpon|Ivy Cudgel|p2a: Skarmory|[anim] Ivy Cudgel Water
|-resisted|p2a: Skarmory
|-damage|p2a: Skarmory|63/100
|move|p2a: Skarmory|Iron Defense|p2a: Skarmory
|-boost|p2a: Skarmory|def|2
|
|-weather|Sandstorm|[upkeep]
|-damage|p1a: Ogerpon|89/100|[from] Sandstorm
|-damage|p2a: Skarmory|57/100|[from] Sandstorm
|upkeep
|turn|3
|c|☆frrrer34343|oh
|c|☆frrrer34343|people
|inactive|frrrer34343 has 120 seconds left.
|c|☆frrrer34343|acxtually
|c|☆frrrer34343|\think
|c|☆frrrer34343|that is healthuy
|
|t:|1760760959
|switch|p1a: Gholdengo|Gholdengo|100/100
|move|p2a: Skarmory|Roost|p2a: Skarmory
|-heal|p2a: Skarmory|100/100
|
|-weather|Sandstorm|[upkeep]
|-damage|p2a: Skarmory|94/100|[from] Sandstorm
|upkeep
|turn|4
|
|t:|1760760969
|switch|p2a: Alomomola|Alomomola, F|100/100
|move|p1a: Gholdengo|Thunder Wave|p2a: Alomomola
|-status|p2a: Alomomola|par
|
|-weather|Sandstorm|[upkeep]
|-damage|p2a: Alomomola|94/100 par|[from] Sandstorm
|upkeep
|turn|5
|
|t:|1760760978
|switch|p2a: Garganacl|Garganacl, F|100/100
|move|p1a: Gholdengo|Hex|p2a: Garganacl
|-damage|p2a: Garganacl|94/100
|
|-weather|none
|upkeep
|turn|6
|
|t:|1760760992
|switch|p1a: Hatterene|Hatterene, F|100/100
|move|p2a: Garganacl|Salt Cure|p1a: Hatterene
|-damage|p1a: Hatterene|88/100
|-start|p1a: Hatterene|Salt Cure
|
|-heal|p1a: Hatterene|94/100|[from] item: Leftovers
|-damage|p1a: Hatterene|82/100|[from] Salt Cure
|upkeep
|turn|7
|
|t:|1760760999
|switch|p2a: Tyranitar|Tyranitar, F|100/100
|-weather|Sandstorm|[from] ability: Sand Stream|[of] p2a: Tyranitar
|move|p1a: Hatterene|Psychic Noise|p2a: Tyranitar
|-immune|p2a: Tyranitar
|
|-weather|Sandstorm|[upkeep]
|-damage|p1a: Hatterene|76/100|[from] Sandstorm
|-heal|p1a: Hatterene|82/100|[from] item: Leftovers
|-damage|p1a: Hatterene|69/100|[from] Salt Cure
|upkeep
|turn|8
|inactive|frrrer34343 has 120 seconds left.
|
|t:|1760761020
|move|p2a: Tyranitar|Knock Off|p1a: Hatterene
|-damage|p1a: Hatterene|35/100
|-enditem|p1a: Hatterene|Leftovers|[from] move: Knock Off|[of] p2a: Tyranitar
|move|p1a: Hatterene|Pain Split|p2a: Tyranitar
|-sethp|p2a: Tyranitar|64/100|[from] move: Pain Split|[silent]
|-sethp|p1a: Hatterene|81/100|[from] move: Pain Split
|
|-weather|Sandstorm|[upkeep]
|-damage|p1a: Hatterene|75/100|[from] Sandstorm
|-damage|p1a: Hatterene|63/100|[from] Salt Cure
|upkeep
|turn|9
|
|t:|1760761027
|move|p1a: Hatterene|Nuzzle|p2a: Tyranitar
|-damage|p2a: Tyranitar|61/100
|-status|p2a: Tyranitar|par
|move|p2a: Tyranitar|Roar|p1a: Hatterene
|move|p1a: Hatterene|Roar|p2a: Tyranitar|[from] ability: Magic Bounce
|drag|p2a: Garganacl|Garganacl, F|94/100
|
|-weather|Sandstorm|[upkeep]
|-damage|p1a: Hatterene|57/100|[from] Sandstorm
|-damage|p1a: Hatterene|45/100|[from] Salt Cure
|upkeep
|turn|10
|inactive|frrrer34343 has 120 seconds left.
|
|t:|1760761063
|move|p2a: Garganacl|Protect|p2a: Garganacl
|-singleturn|p2a: Garganacl|Protect
|move|p1a: Hatterene|Draining Kiss|p2a: Garganacl
|-activate|p2a: Garganacl|move: Protect
|
|-weather|Sandstorm|[upkeep]
|-damage|p1a: Hatterene|39/100|[from] Sandstorm
|-damage|p1a: Hatterene|27/100|[from] Salt Cure
|upkeep
|turn|11
|
|t:|1760761073
|switch|p1a: Iron Treads|Iron Treads|100/100
|switch|p2a: Tyranitar|Tyranitar, F|61/100 par
|
|-weather|none
|upkeep
|turn|12
|inactive|frrrer34343 has 120 seconds left.
|inactive|frrrer34343 has 90 seconds left.
|
|t:|1760761114
|switch|p2a: Skarmory|Skarmory, F, tera:Grass|94/100
|move|p1a: Iron Treads|Stealth Rock|p2a: Skarmory
|-sidestart|p2: hopefuldream|move: Stealth Rock
|
|upkeep
|turn|13
|
|t:|1760761123
|-end|p1a: Iron Treads|Quark Drive|[silent]
|switch|p1a: Hatterene|Hatterene, F|27/100
|move|p2a: Skarmory|Spikes|p1a: Hatterene
|move|p1a: Hatterene|Spikes|p2a: Skarmory|[from] ability: Magic Bounce
|-sidestart|p2: hopefuldream|Spikes
|
|upkeep
|turn|14
|inactive|frrrer34343 has 90 seconds left.
|inactive|frrrer34343 has 60 seconds left.
|
|t:|1760761190
|switch|p2a: Tyranitar|Tyranitar, F|61/100 par
|-weather|Sandstorm|[from] ability: Sand Stream|[of] p2a: Tyranitar
|move|p1a: Hatterene|Pain Split|p2a: Tyranitar
|-sethp|p2a: Tyranitar|41/100 par|[from] move: Pain Split|[silent]
|-sethp|p1a: Hatterene|52/100|[from] move: Pain Split
|
|-weather|Sandstorm|[upkeep]
|-damage|p1a: Hatterene|46/100|[from] Sandstorm
|upkeep
|turn|15
|
|t:|1760761197
|move|p1a: Hatterene|Draining Kiss|p2a: Tyranitar
|-supereffective|p2a: Tyranitar
|-damage|p2a: Tyranitar|22/100 par
|-heal|p1a: Hatterene|65/100|[from] drain|[of] p2a: Tyranitar
|move|p2a: Tyranitar|Knock Off|p1a: Hatterene
|-damage|p1a: Hatterene|38/100
|
|-weather|Sandstorm|[upkeep]
|-damage|p1a: Hatterene|32/100|[from] Sandstorm
|upkeep
|turn|16
|
|t:|1760761204
|move|p1a: Hatterene|Draining Kiss|p2a: Tyranitar
|-supereffective|p2a: Tyranitar
|-damage|p2a: Tyranitar|2/100 par
|-heal|p1a: Hatterene|51/100|[from] drain|[of] p2a: Tyranitar
|move|p2a: Tyranitar|Knock Off|p1a: Hatterene
|-damage|p1a: Hatterene|26/100
|
|-weather|Sandstorm|[upkeep]
|-damage|p1a: Hatterene|20/100|[from] Sandstorm
|upkeep
|turn|17
|inactive|frrrer34343 has 60 seconds left.
|
|t:|1760761219
|switch|p2a: Excadrill|Excadrill, F|100/100
|-damage|p2a: Excadrill|97/100|[from] Stealth Rock
|-item|p2a: Excadrill|Air Balloon
|move|p1a: Hatterene|Draining Kiss|p2a: Excadrill
|-resisted|p2a: Excadrill
|-damage|p2a: Excadrill|82/100
|-heal|p1a: Hatterene|33/100|[from] drain|[of] p2a: Excadrill
|-enditem|p2a: Excadrill|Air Balloon
|
|-weather|Sandstorm|[upkeep]
|-damage|p1a: Hatterene|27/100|[from] Sandstorm
|upkeep
|turn|18
|
|t:|1760761226
|switch|p1a: Gholdengo|Gholdengo|100/100
|move|p2a: Excadrill|Earthquake|p1a: Gholdengo
|-supereffective|p1a: Gholdengo
|-damage|p1a: Gholdengo|21/100
|
|-weather|none
|-heal|p1a: Gholdengo|27/100|[from] item: Leftovers
|upkeep
|turn|19
|
|t:|1760761231
|switch|p1a: Ogerpon|Ogerpon-Wellspring, F|89/100
|move|p2a: Excadrill|Earthquake|p1a: Ogerpon
|-resisted|p1a: Ogerpon
|-damage|p1a: Ogerpon|56/100
|
|upkeep
|turn|20
|
|t:|1760761240
|switch|p2a: Skarmory|Skarmory, F, tera:Grass|94/100
|-damage|p2a: Skarmory|82/100|[from] Stealth Rock
|-damage|p2a: Skarmory|70/100|[from] Spikes
|move|p1a: Ogerpon|Ivy Cudgel|p2a: Skarmory|[anim] Ivy Cudgel Water
|-resisted|p2a: Skarmory
|-damage|p2a: Skarmory|51/100
|
|upkeep
|turn|21
|
|t:|1760761250
|switch|p1a: Gholdengo|Gholdengo|27/100
|move|p2a: Skarmory|Spikes|p1a: Gholdengo
|-sidestart|p1: frrrer34343|Spikes
|
|-heal|p1a: Gholdengo|33/100|[from] item: Leftovers
|upkeep
|turn|22
|inactive|frrrer34343 has 90 seconds left.
|
|t:|1760761257
|switch|p2a: Garganacl|Garganacl, F|94/100
|move|p1a: Gholdengo|Recover|p1a: Gholdengo
|-heal|p1a: Gholdengo|83/100
|
|-heal|p1a: Gholdengo|89/100|[from] item: Leftovers
|upkeep
|turn|23
|inactive|frrrer34343 has 90 seconds left.
|
|t:|1760761267
|switch|p1a: Iron Treads|Iron Treads|100/100
|-damage|p1a: Iron Treads|88/100|[from] Spikes
|move|p2a: Garganacl|Salt Cure|p1a: Iron Treads
|-resisted|p1a: Iron Treads
|-damage|p1a: Iron Treads|86/100
|-start|p1a: Iron Treads|Salt Cure
|
|-heal|p1a: Iron Treads|92/100|[from] item: Leftovers
|-damage|p1a: Iron Treads|67/100|[from] Salt Cure
|upkeep
|turn|24
|
|t:|1760761275
|switch|p2a: Gholdengo|Gholdengo|100/100
|move|p1a: Iron Treads|Knock Off|p2a: Gholdengo
|-supereffective|p2a: Gholdengo
|-damage|p2a: Gholdengo|68/100
|-enditem|p2a: Gholdengo|Heavy-Duty Boots|[from] move: Knock Off|[of] p1a: Iron Treads
|
|-heal|p1a: Iron Treads|73/100|[from] item: Leftovers
|-damage|p1a: Iron Treads|48/100|[from] Salt Cure
|upkeep
|turn|25
|
|t:|1760761285
|-end|p1a: Iron Treads|Quark Drive|[silent]
|switch|p1a: Umbreon|Umbreon, M|100/100
|-damage|p1a: Umbreon|88/100|[from] Spikes
|move|p2a: Gholdengo|Hex|p1a: Umbreon
|-resisted|p1a: Umbreon
|-crit|p1a: Umbreon
|-damage|p1a: Umbreon|72/100
|
|-heal|p1a: Umbreon|78/100|[from] item: Leftovers
|upkeep
|turn|26
|
|t:|1760761291
|move|p2a: Gholdengo|Thunder Wave|p1a: Umbreon
|-status|p1a: Umbreon|par
|-activate|p1a: Umbreon|ability: Synchronize
|-status|p2a: Gholdengo|par
|move|p1a: Umbreon|Wish|p1a: Umbreon
|
|-heal|p1a: Umbreon|84/100 par|[from] item: Leftovers
|upkeep
|turn|27
|
|t:|1760761300
|switch|p2a: Alomomola|Alomomola, F|100/100 par
|switch|p1a: Iron Treads|Iron Treads|48/100
|-damage|p1a: Iron Treads|36/100|[from] Spikes
|
|-heal|p1a: Iron Treads|87/100|[from] move: Wish|[wisher] Umbreon
|-heal|p1a: Iron Treads|93/100|[from] item: Leftovers
|upkeep
|turn|28
|
|t:|1760761307
|move|p1a: Iron Treads|Rapid Spin|p2a: Alomomola
|-damage|p2a: Alomomola|93/100 par
|-boost|p1a: Iron Treads|spe|1
|-sideend|p1: frrrer34343|Spikes|[from] move: Rapid Spin|[of] p1a: Iron Treads
|move|p2a: Alomomola|Wish|p2a: Alomomola
|
|-heal|p1a: Iron Treads|99/100|[from] item: Leftovers
|upkeep
|turn|29
|inactive|frrrer34343 has 120 seconds left.
|
|t:|1760761315
|move|p1a: Iron Treads|Knock Off|p2a: Alomomola
|-damage|p2a: Alomomola|78/100 par
|-enditem|p2a: Alomomola|Heavy-Duty Boots|[from] move: Knock Off|[of] p1a: Iron Treads
|cant|p2a: Alomomola|par
|
|-heal|p2a: Alomomola|100/100 par|[from] move: Wish|[wisher] Alomomola
|-heal|p1a: Iron Treads|100/100|[from] item: Leftovers
|upkeep
|turn|30
|
|t:|1760761322
|-end|p1a: Iron Treads|Quark Drive|[silent]
|switch|p1a: Ogerpon|Ogerpon-Wellspring, F|56/100
|move|p2a: Alomomola|Wish|p2a: Alomomola
|
|upkeep
|turn|31
|
|t:|1760761333
|switch|p2a: Skarmory|Skarmory, F, tera:Grass|51/100
|-damage|p2a: Skarmory|39/100|[from] Stealth Rock
|-damage|p2a: Skarmory|26/100|[from] Spikes
|move|p1a: Ogerpon|Power Whip|p2a: Skarmory
|-resisted|p2a: Skarmory
|-damage|p2a: Skarmory|4/100
|-damage|p1a: Ogerpon|39/100|[from] item: Rocky Helmet|[of] p2a: Skarmory
|
|-heal|p2a: Skarmory|74/100|[from] move: Wish|[wisher] Alomomola
|upkeep
|turn|32
|
|t:|1760761343
|switch|p1a: Dragapult|Dragapult, F|100/100
|move|p2a: Skarmory|Body Press|p1a: Dragapult
|-immune|p1a: Dragapult
|
|upkeep
|turn|33
|
|t:|1760761350
|switch|p2a: Garganacl|Garganacl, F|94/100
|move|p1a: Dragapult|Draco Meteor|p2a: Garganacl
|-damage|p2a: Garganacl|35/100
|-unboost|p1a: Dragapult|spa|2
|
|upkeep
|turn|34
|
|t:|1760761358
|switch|p1a: Ogerpon|Ogerpon-Wellspring, F|39/100
|move|p2a: Garganacl|Recover|p2a: Garganacl
|-heal|p2a: Garganacl|86/100
|
|upkeep
|turn|35
|
|t:|1760761366
|switch|p2a: Skarmory|Skarmory, F, tera:Grass|74/100
|-damage|p2a: Skarmory|62/100|[from] Stealth Rock
|-damage|p2a: Skarmory|50/100|[from] Spikes
|move|p1a: Ogerpon|Ivy Cudgel|p2a: Skarmory|[anim] Ivy Cudgel Water
|-resisted|p2a: Skarmory
|-damage|p2a: Skarmory|33/100
|
|upkeep
|turn|36
|
|t:|1760761374
|switch|p1a: Dragapult|Dragapult, F|100/100
|move|p2a: Skarmory|Roost|p2a: Skarmory
|-heal|p2a: Skarmory|83/100
|
|upkeep
|turn|37
|
|t:|1760761379
|switch|p2a: Garganacl|Garganacl, F|86/100
|move|p1a: Dragapult|Draco Meteor|p2a: Garganacl
|-damage|p2a: Garganacl|20/100
|-unboost|p1a: Dragapult|spa|2
|
|upkeep
|turn|38
|
|t:|1760761386
|move|p2a: Garganacl|Protect|p2a: Garganacl
|-singleturn|p2a: Garganacl|Protect
|move|p1a: Dragapult|Draco Meteor|p2a: Garganacl
|-activate|p2a: Garganacl|move: Protect
|
|upkeep
|turn|39
|
|t:|1760761391
|switch|p2a: Gholdengo|Gholdengo|68/100 par
|-damage|p2a: Gholdengo|62/100 par|[from] Stealth Rock
|-damage|p2a: Gholdengo|49/100 par|[from] Spikes
|move|p1a: Dragapult|Draco Meteor|p2a: Gholdengo
|-resisted|p2a: Gholdengo
|-damage|p2a: Gholdengo|27/100 par
|-unboost|p1a: Dragapult|spa|2
|
|upkeep
|turn|40
|
|t:|1760761397
|switch|p1a: Iron Treads|Iron Treads|100/100
|cant|p2a: Gholdengo|par
|
|upkeep
|turn|41
|
|t:|1760761406
|switch|p2a: Alomomola|Alomomola, F|100/100 par
|-damage|p2a: Alomomola|88/100 par|[from] Stealth Rock
|-damage|p2a: Alomomola|76/100 par|[from] Spikes
|move|p1a: Iron Treads|Knock Off|p2a: Alomomola
|-damage|p2a: Alomomola|66/100 par
|
|upkeep
|turn|42
|
|t:|1760761410
|-end|p1a: Iron Treads|Quark Drive|[silent]
|switch|p1a: Ogerpon|Ogerpon-Wellspring, F|39/100
|cant|p2a: Alomomola|par
|
|upkeep
|turn|43
|
|t:|1760761418
|switch|p2a: Skarmory|Skarmory, F, tera:Grass|83/100
|-damage|p2a: Skarmory|71/100|[from] Stealth Rock
|-damage|p2a: Skarmory|58/100|[from] Spikes
|move|p1a: Ogerpon|Ivy Cudgel|p2a: Skarmory|[anim] Ivy Cudgel Water
|-resisted|p2a: Skarmory
|-damage|p2a: Skarmory|42/100
|
|upkeep
|turn|44
|
|t:|1760761424
|switch|p1a: Dragapult|Dragapult, F|100/100
|move|p2a: Skarmory|Roost|p2a: Skarmory
|-heal|p2a: Skarmory|92/100
|
|upkeep
|turn|45
|
|t:|1760761437
|switch|p2a: Gholdengo|Gholdengo|27/100 par
|-damage|p2a: Gholdengo|21/100 par|[from] Stealth Rock
|-damage|p2a: Gholdengo|8/100 par|[from] Spikes
|move|p1a: Dragapult|Shadow Ball|p2a: Gholdengo
|-supereffective|p2a: Gholdengo
|-damage|p2a: Gholdengo|0 fnt
|faint|p2a: Gholdengo
|
|upkeep
|
|t:|1760761444
|switch|p2a: Tyranitar|Tyranitar, F|2/100 par
|-weather|Sandstorm|[from] ability: Sand Stream|[of] p2a: Tyranitar
|turn|46
|
|t:|1760761471
|move|p1a: Dragapult|Shadow Ball|p2a: Tyranitar
|-resisted|p2a: Tyranitar
|-damage|p2a: Tyranitar|0 fnt
|faint|p2a: Tyranitar
|
|-weather|Sandstorm|[upkeep]
|-damage|p1a: Dragapult|95/100|[from] Sandstorm
|upkeep
|
|t:|1760761473
|switch|p2a: Excadrill|Excadrill, F|82/100
|-damage|p2a: Excadrill|79/100|[from] Stealth Rock
|-damage|p2a: Excadrill|66/100|[from] Spikes
|turn|47
|
|t:|1760761486
|switch|p1a: Umbreon|Umbreon, M|84/100 par
|move|p2a: Excadrill|Swords Dance|p2a: Excadrill
|-boost|p2a: Excadrill|atk|2
|
|-weather|Sandstorm|[upkeep]
|-damage|p1a: Umbreon|78/100 par|[from] Sandstorm
|-heal|p1a: Umbreon|84/100 par|[from] item: Leftovers
|upkeep
|turn|48
|
|t:|1760761492
|move|p2a: Excadrill|Earthquake|p1a: Umbreon
|-damage|p1a: Umbreon|18/100 par
|cant|p1a: Umbreon|par
|
|-weather|Sandstorm|[upkeep]
|-damage|p1a: Umbreon|12/100 par|[from] Sandstorm
|-heal|p1a: Umbreon|18/100 par|[from] item: Leftovers
|upkeep
|turn|49
|
|t:|1760761497
|move|p2a: Excadrill|Rapid Spin|p1a: Umbreon
|-crit|p1a: Umbreon
|-damage|p1a: Umbreon|0 fnt
|-boost|p2a: Excadrill|spe|1
|-sideend|p2: hopefuldream|Spikes|[from] move: Rapid Spin|[of] p2a: Excadrill
|-sideend|p2: hopefuldream|Stealth Rock|[from] move: Rapid Spin|[of] p2a: Excadrill
|faint|p1a: Umbreon
|
|-weather|Sandstorm|[upkeep]
|upkeep
|
|t:|1760761507
|switch|p1a: Iron Treads|Iron Treads|100/100
|turn|50
|
|t:|1760761512
|-terastallize|p1a: Iron Treads|Grass
|move|p2a: Excadrill|Iron Head|p1a: Iron Treads
|-damage|p1a: Iron Treads|31/100
|cant|p1a: Iron Treads|flinch
|
|-weather|none
|-heal|p1a: Iron Treads|37/100|[from] item: Leftovers
|upkeep
|turn|51
|c|☆frrrer34343|wow
|c|☆frrrer34343|yuour luck stole this
|inactive|frrrer34343 has 120 seconds left.
|c|☆frrrer34343|you justr]
|c|☆frrrer34343|KNEW
|c|☆frrrer34343|RMH
|c|☆frrrer34343|RNH
|c|☆frrrer34343|RNG
|c|☆frrrer34343|PLEASE
|c|☆frrrer34343|SAVE ME
|c|☆frrrer34343|\]
|c|☆frrrer34343|AND IT
|c|☆frrrer34343|DID I
|c|☆frrrer34343|See I have to actually play well
|inactive|frrrer34343 has 90 seconds left.
|c|☆frrrer34343|not just
|c|☆frrrer34343|RNG PLEASE
|c|☆frrrer34343|I NEED YOU RNGB
|c|☆frrrer34343|PLEASE SAVE ME
|c|☆frrrer34343|PLEASE
|c|☆frrrer34343|I BEG YOU RNGB
|c|☆frrrer34343|PLEASE I HAVE NOTHING ELSED
|inactive|frrrer34343 has 60 seconds left.
|c|☆frrrer34343|BUT YOU
|inactive|frrrer34343 has 30 seconds left.
|inactive|frrrer34343 has 20 seconds left.
|inactive|frrrer34343 has 15 seconds left.
|inactive|frrrer34343 has 10 seconds left.
|inactive|frrrer34343 has 5 seconds left.
|-message|frrrer34343 lost due to inactivity.
|
|win|hopefuldream
|raw|frrrer34343's rating: 1394 &rarr; <strong>1374</strong><br />(-20 for losing)
|raw|hopefuldream's rating: 1397 &rarr; <strong>1417</strong><br />(+20 for winning)
|c|☆frrrer34343|You know you lost this
|l|☆hopefuldream
|player|p2|
|c|☆frrrer34343|Sorry
