|j|☆Marbradiz
|j|☆SpinDAHHH
|t:|1760822717
|gametype|singles
|player|p1|Marbradiz|169|1127
|player|p2|SpinDAHHH|pokemaniac|1093
|gen|9
|tier|[Gen 9] OU
|rated|
|rule|HP Percentage Mod: HP is shown in percentages
|rule|Endless Battle Clause: Forcing endless battles is banned
|rule|Species Clause: Limit one of each Pokémon
|rule|OHKO Clause: OHKO moves are banned
|rule|Evasion Items Clause: Evasion items are banned
|rule|Evasion Moves Clause: Evasion moves are banned
|rule|Evasion Abilities Clause: Evasion abilities are banned
|rule|Sleep Moves Clause: Sleep-inducing moves are banned
|clearpoke
|poke|p1|Ceruledge, F|
|poke|p1|Kingambit, M|
|poke|p1|Ogerpon-Wellspring, F|
|poke|p1|Gholdengo|
|poke|p1|Scizor, M|
|poke|p1|Salamence, M|
|poke|p2|Reuniclus, M|
|poke|p2|Scrafty, M|
|poke|p2|Swampert, M|
|poke|p2|Volbeat, M|
|poke|p2|Mimikyu, F|
|poke|p2|Breloom, F|
|teampreview
|
|t:|1760822747
|teamsize|p1|6
|teamsize|p2|6
|start
|switch|p1a: Scizor|Scizor, M|100/100
|switch|p2a: Citrobal|Swampert, M|100/100
|turn|1
|inactive|Battle timer is ON: inactive players will automatically lose when time's up. (requested by SpinDAHHH)
|
|t:|1760822795
|switch|p1a: Ogerpon|Ogerpon-Wellspring, F|100/100
|move|p2a: Citrobal|Stealth Rock|p1a: Ogerpon
|-sidestart|p1: Marbradiz|move: Stealth Rock
|
|upkeep
|turn|2
|
|t:|1760822804
|move|p1a: Ogerpon|Horn Leech|p2a: Citrobal
|-supereffective|p2a: Citrobal
|-damage|p2a: Citrobal|0 fnt
|faint|p2a: Citrobal
|
|upkeep
|
|t:|1760822815
|switch|p2a: Edd|Volbeat, M, shiny|100/100
|turn|3
|
|t:|1760822831
|move|p2a: Edd|Thunder Wave|p1a: Ogerpon|[miss]
|-miss|p2a: Edd|p1a: Ogerpon
|move|p1a: Ogerpon|U-turn|p2a: Edd
|-damage|p2a: Edd|66/100
|
|t:|1760822837
|switch|p1a: Ceruledge|Ceruledge, F|100/100|[from] U-turn
|-damage|p1a: Ceruledge|76/100|[from] Stealth Rock
|
|upkeep
|turn|4
|
|t:|1760822849
|move|p2a: Edd|Thunder Wave|p1a: Ceruledge
|-status|p1a: Ceruledge|par
|cant|p1a: Ceruledge|par
|
|upkeep
|turn|5
|
|t:|1760822855
|move|p2a: Edd|U-turn|p1a: Ceruledge
|-resisted|p1a: Ceruledge
|-damage|p1a: Ceruledge|70/100 par
|-ability|p1a: Ceruledge|Weak Armor|boost
|-unboost|p1a: Ceruledge|def|1
|-boost|p1a: Ceruledge|spe|2
|
|t:|1760822863
|switch|p2a: Primus|Scrafty, M|100/100|[from] U-turn
|move|p1a: Ceruledge|Bitter Blade|p2a: Primus
|-damage|p2a: Primus|47/100
|-heal|p1a: Ceruledge|95/100 par|[from] drain|[of] p2a: Primus
|
|-heal|p2a: Primus|53/100|[from] item: Leftovers
|upkeep
|turn|6
|
|t:|1760822880
|cant|p1a: Ceruledge|par
|move|p2a: Primus|Knock Off|p1a: Ceruledge
|-supereffective|p1a: Ceruledge
|-damage|p1a: Ceruledge|0 fnt
|-enditem|p1a: Ceruledge|Focus Sash|[from] move: Knock Off|[of] p2a: Primus
|faint|p1a: Ceruledge
|
|-heal|p2a: Primus|59/100|[from] item: Leftovers
|upkeep
|
|t:|1760822895
|switch|p1a: Scizor|Scizor, M|100/100
|-damage|p1a: Scizor|88/100|[from] Stealth Rock
|turn|7
|
|t:|1760822906
|switch|p2a: Emi|Breloom, F, shiny|100/100
|move|p1a: Scizor|U-turn|p2a: Emi
|-damage|p2a: Emi|50/100
|
|t:|1760822913
|switch|p1a: Ogerpon|Ogerpon-Wellspring, F|100/100|[from] U-turn
|-damage|p1a: Ogerpon|88/100|[from] Stealth Rock
|
|-status|p2a: Emi|tox|[from] item: Toxic Orb
|upkeep
|turn|8
|
|t:|1760822933
|move|p1a: Ogerpon|U-turn|p2a: Emi
|-damage|p2a: Emi|15/100 tox
|
|t:|1760822938
|switch|p1a: Scizor|Scizor, M|88/100|[from] U-turn
|-damage|p1a: Scizor|76/100|[from] Stealth Rock
|move|p2a: Emi|Drain Punch|p1a: Scizor
|-damage|p1a: Scizor|33/100
|-heal|p2a: Emi|38/100 tox|[from] drain|[of] p1a: Scizor
|-enditem|p1a: Scizor|Sitrus Berry|[eat]
|-heal|p1a: Scizor|58/100|[from] item: Sitrus Berry
|
|-heal|p2a: Emi|50/100 tox|[from] ability: Poison Heal
|upkeep
|turn|9
|inactive|Marbradiz has 120 seconds left.
|
|t:|1760822962
|move|p2a: Emi|Drain Punch|p1a: Scizor
|-damage|p1a: Scizor|11/100
|-heal|p2a: Emi|75/100 tox|[from] drain|[of] p1a: Scizor
|move|p1a: Scizor|Dual Wingbeat|p2a: Emi
|-supereffective|p2a: Emi
|-crit|p2a: Emi
|-damage|p2a: Emi|0 fnt
|faint|p2a: Emi
|-hitcount|p2: Emi|1
|
|upkeep
|inactive|SpinDAHHH has 120 seconds left.
|
|t:|1760822979
|switch|p2a: Lumin|Mimikyu, F, shiny|100/100
|turn|10
|
|t:|1760822992
|move|p2a: Lumin|Swords Dance|p2a: Lumin
|-boost|p2a: Lumin|atk|2
|move|p1a: Scizor|Swords Dance|p1a: Scizor
|-boost|p1a: Scizor|atk|2
|
|upkeep
|turn|11
|
|t:|1760822998
|move|p2a: Lumin|Swords Dance|p2a: Lumin
|-boost|p2a: Lumin|atk|2
|move|p1a: Scizor|Dual Wingbeat|p2a: Lumin
|-activate|p2a: Lumin|ability: Disguise
|-damage|p2a: Lumin|100/100
|detailschange|p2a: Lumin|Mimikyu-Busted, F, shiny
|-damage|p2a: Lumin|88/100|[from] pokemon: Mimikyu-Busted
|-damage|p2a: Lumin|11/100
|-hitcount|p2a: Lumin|2
|-enditem|p2a: Lumin|Red Card|[of] p1a: Scizor
|drag|p1a: Gholdengo|Gholdengo|100/100
|-damage|p1a: Gholdengo|94/100|[from] Stealth Rock
|-item|p1a: Gholdengo|Air Balloon
|
|upkeep
|turn|12
|inactive|Marbradiz has 120 seconds left.
|
|t:|1760823019
|-terastallize|p2a: Lumin|Ghost
|move|p2a: Lumin|Shadow Sneak|p1a: Gholdengo
|-supereffective|p1a: Gholdengo
|-damage|p1a: Gholdengo|0 fnt
|-enditem|p1a: Gholdengo|Air Balloon
|faint|p1a: Gholdengo
|
|upkeep
|inactive|Marbradiz has 120 seconds left.
|
|t:|1760823029
|switch|p1a: Kingambit|Kingambit, M|100/100
|-damage|p1a: Kingambit|94/100|[from] Stealth Rock
|-activate|p1a: Kingambit|ability: Supreme Overlord
|-start|p1a: Kingambit|fallen2|[silent]
|turn|13
|
|t:|1760823034
|move|p1a: Kingambit|Sucker Punch||[still]
|-fail|p1a: Kingambit
|move|p2a: Lumin|Swords Dance|p2a: Lumin
|-boost|p2a: Lumin|atk|2
|
|upkeep
|turn|14
|
|t:|1760823038
|move|p1a: Kingambit|Sucker Punch|p2a: Lumin
|-supereffective|p2a: Lumin
|-damage|p2a: Lumin|0 fnt
|faint|p2a: Lumin
|
|upkeep
|
|t:|1760823044
|switch|p2a: Globius|Reuniclus, M|100/100
|turn|15
|
|t:|1760823058
|move|p1a: Kingambit|Kowtow Cleave|p2a: Globius
|-supereffective|p2a: Globius
|-damage|p2a: Globius|0 fnt
|faint|p2a: Globius
|
|upkeep
|
|t:|1760823060
|switch|p2a: Primus|Scrafty, M|59/100
|turn|16
|inactive|Marbradiz has 120 seconds left.
|
|t:|1760823093
|move|p2a: Primus|Drain Punch|p1a: Kingambit
|-supereffective|p1a: Kingambit
|-damage|p1a: Kingambit|0 fnt
|-heal|p2a: Primus|100/100|[from] drain|[of] p1a: Kingambit
|faint|p1a: Kingambit
|-end|p1a: Kingambit|fallen2|[silent]
|
|upkeep
|inactive|Marbradiz has 120 seconds left.
|
|t:|1760823110
|switch|p1a: Scizor|Scizor, M|11/100
|-damage|p1a: Scizor|0 fnt|[from] Stealth Rock
|faint|p1a: Scizor
|
|t:|1760823115
|switch|p1a: Salamence|Salamence, M|100/100
|-damage|p1a: Salamence|76/100|[from] Stealth Rock
|-ability|p1a: Salamence|Intimidate|boost
|-unboost|p2a: Primus|atk|1
|turn|17
|inactive|Marbradiz has 120 seconds left.
|
|t:|1760823123
|switch|p2a: Edd|Volbeat, M, shiny|66/100
|move|p1a: Salamence|Air Slash|p2a: Edd
|-supereffective|p2a: Edd
|-damage|p2a: Edd|0 fnt
|faint|p2a: Edd
|-damage|p1a: Salamence|66/100|[from] item: Life Orb
|
|upkeep
|
|t:|1760823128
|switch|p2a: Primus|Scrafty, M|100/100
|turn|18
|
|t:|1760823142
|move|p1a: Salamence|Draco Meteor|p2a: Primus
|-damage|p2a: Primus|13/100
|-unboost|p1a: Salamence|spa|2
|-damage|p1a: Salamence|56/100|[from] item: Life Orb
|move|p2a: Primus|Dragon Dance|p2a: Primus
|-boost|p2a: Primus|atk|1
|-boost|p2a: Primus|spe|1
|
|-heal|p2a: Primus|19/100|[from] item: Leftovers
|upkeep
|turn|19
|
|t:|1760823151
|move|p1a: Salamence|Air Slash|p2a: Primus
|-supereffective|p2a: Primus
|-crit|p2a: Primus
|-damage|p2a: Primus|0 fnt
|faint|p2a: Primus
|-damage|p1a: Salamence|46/100|[from] item: Life Orb
|
|win|Marbradiz
|raw|Marbradiz's rating: 1127 &rarr; <strong>1150</strong><br />(+23 for winning)
|raw|SpinDAHHH's rating: 1093 &rarr; <strong>1071</strong><br />(-22 for losing)
|l|☆SpinDAHHH
|player|p2|
|l|☆Marbradiz
|player|p1|
