|badge|p1|bronze|gen9ou|100-7
|uhtml|medal-msg|<div class="broadcast-blue">Curious what those medals under the avatar are? PS now has Ladder Seasons! For more information, check out the <a href="https://www.smogon.com/forums/threads/3740067/">thread on Smogon.</a></div>
|j|☆SpongeGar & Patar
|j|☆kshuaib734
|t:|1760803370
|gametype|singles
|player|p1|SpongeGar & Patar|101|1876
|player|p2|kshuaib734|steven|1781
|gen|9
|tier|[Gen 9] OU
|rated|
|rule|HP Percentage Mod: HP is shown in percentages
|rule|Endless Battle Clause: Forcing endless battles is banned
|rule|Species Clause: Limit one of each Pokémon
|rule|OHKO Clause: OHKO moves are banned
|rule|Evasion Items Clause: Evasion items are banned
|rule|Evasion Moves Clause: Evasion moves are banned
|rule|Evasion Abilities Clause: Evasion abilities are banned
|rule|Sleep Moves Clause: Sleep-inducing moves are banned
|clearpoke
|poke|p1|Kyurem|
|poke|p1|Corviknight, M|
|poke|p1|Ting-Lu|
|poke|p1|Dondozo, M|
|poke|p1|Slowking-Galar, L99, M|
|poke|p1|Cinderace, M|
|poke|p2|Tyranitar, F|
|poke|p2|Overqwil, M|
|poke|p2|Pelipper, M|
|poke|p2|Quaquaval, M|
|poke|p2|Kingdra, F|
|poke|p2|Excadrill, M|
|teampreview
|inactive|Battle timer is ON: inactive players will automatically lose when time's up. (requested by kshuaib734)
|j| 3idk
|inactive|SpongeGar & Patar has 120 seconds left.
|j| iamfrhaan007
|
|t:|1760803420
|teamsize|p1|6
|teamsize|p2|6
|start
|switch|p1a: Kyurem|Kyurem|100/100
|switch|p2a: King Tyrant|Tyranitar, F|100/100
|-ability|p1a: Kyurem|Pressure
|-weather|Sandstorm|[from] ability: Sand Stream|[of] p2a: King Tyrant
|turn|1
|inactive|SpongeGar & Patar also wants the timer to be on.
|inactive|SpongeGar & Patar has 120 seconds left.
|j| 16yxy
|
|t:|1760803469
|-terastallize|p1a: Kyurem|Ground
|move|p1a: Kyurem|Earth Power|p2a: King Tyrant
|-supereffective|p2a: King Tyrant
|-damage|p2a: King Tyrant|54/100
|-enditem|p2a: King Tyrant|Weakness Policy
|-boost|p2a: King Tyrant|atk|2|[from] item: Weakness Policy
|-boost|p2a: King Tyrant|spa|2|[from] item: Weakness Policy
|move|p2a: King Tyrant|Knock Off|p1a: Kyurem
|-damage|p1a: Kyurem|28/100
|-enditem|p1a: Kyurem|Leftovers|[from] move: Knock Off|[of] p2a: King Tyrant
|
|-weather|Sandstorm|[upkeep]
|upkeep
|turn|2
|inactive|SpongeGar & Patar has 90 seconds left.
|
|t:|1760803519
|move|p1a: Kyurem|Earth Power|p2a: King Tyrant
|-supereffective|p2a: King Tyrant
|-damage|p2a: King Tyrant|6/100
|move|p2a: King Tyrant|Knock Off|p1a: Kyurem
|-damage|p1a: Kyurem|0 fnt
|faint|p1a: Kyurem
|
|-weather|Sandstorm|[upkeep]
|upkeep
|inactive|SpongeGar & Patar has 60 seconds left.
|inactive|SpongeGar & Patar has 30 seconds left.
|
|t:|1760803569
|switch|p1a: Cinderace|Cinderace, M|100/100
|turn|3
|inactive|SpongeGar & Patar has 30 seconds left.
|
|t:|1760803578
|switch|p2a: Tyrant's Enforcer|Overqwil, M|100/100
|move|p1a: Cinderace|U-turn|p2a: Tyrant's Enforcer
|-damage|p2a: Tyrant's Enforcer|82/100
|-damage|p1a: Cinderace|84/100|[from] item: Rocky Helmet|[of] p2a: Tyrant's Enforcer
|inactive|SpongeGar & Patar has 30 seconds left.
|
|t:|1760803589
|switch|p1a: Dondozo|Dondozo, M|100/100|[from] U-turn
|
|-weather|Sandstorm|[upkeep]
|-damage|p2a: Tyrant's Enforcer|75/100|[from] Sandstorm
|-damage|p1a: Dondozo|94/100|[from] Sandstorm
|-heal|p1a: Dondozo|100/100|[from] item: Leftovers
|upkeep
|turn|4
|inactive|SpongeGar & Patar has 30 seconds left.
|
|t:|1760803599
|switch|p2a: Tyrant's Downpour|Pelipper, M|100/100
|-weather|RainDance|[from] ability: Drizzle|[of] p2a: Tyrant's Downpour
|move|p1a: Dondozo|Waterfall|p2a: Tyrant's Downpour
|-resisted|p2a: Tyrant's Downpour
|-damage|p2a: Tyrant's Downpour|84/100
|
|-weather|RainDance|[upkeep]
|upkeep
|turn|5
|inactive|SpongeGar & Patar has 30 seconds left.
|
|t:|1760803610
|switch|p1a: Slowking|Slowking-Galar, L99, M|100/100
|move|p2a: Tyrant's Downpour|Knock Off|p1a: Slowking
|-supereffective|p1a: Slowking
|-damage|p1a: Slowking|74/100
|-enditem|p1a: Slowking|Heavy-Duty Boots|[from] move: Knock Off|[of] p2a: Tyrant's Downpour
|
|-weather|RainDance|[upkeep]
|upkeep
|turn|6
|l| iamfrhaan007
|
|t:|1760803620
|move|p2a: Tyrant's Downpour|Weather Ball|p1a: Slowking
|-damage|p1a: Slowking|42/100
|move|p1a: Slowking|Sludge Bomb|p2a: Tyrant's Downpour
|-damage|p2a: Tyrant's Downpour|42/100
|
|-weather|RainDance|[upkeep]
|upkeep
|turn|7
|
|t:|1760803632
|move|p2a: Tyrant's Downpour|U-turn|p1a: Slowking
|-damage|p1a: Slowking|33/100
|
|t:|1760803637
|switch|p2a: Tyrant's Enforcer|Overqwil, M|75/100|[from] U-turn
|move|p1a: Slowking|Sludge Bomb|p2a: Tyrant's Enforcer
|-resisted|p2a: Tyrant's Enforcer
|-damage|p2a: Tyrant's Enforcer|54/100
|
|-weather|RainDance|[upkeep]
|upkeep
|turn|8
|
|t:|1760803648
|switch|p1a: Corviknight|Corviknight, M|100/100
|-ability|p1a: Corviknight|Pressure
|move|p2a: Tyrant's Enforcer|Spikes|p1a: Corviknight
|-sidestart|p1: SpongeGar & Patar|Spikes
|
|-weather|RainDance|[upkeep]
|upkeep
|turn|9
|
|t:|1760803658
|switch|p2a: Tyrant's Vengeance|Kingdra, F|100/100
|move|p1a: Corviknight|U-turn|p2a: Tyrant's Vengeance
|-damage|p2a: Tyrant's Vengeance|83/100
|
|t:|1760803669
|switch|p1a: Dondozo|Dondozo, M|100/100|[from] U-turn
|-damage|p1a: Dondozo|88/100|[from] Spikes
|
|-weather|RainDance|[upkeep]
|-heal|p1a: Dondozo|94/100|[from] item: Leftovers
|upkeep
|turn|10
|
|t:|1760803678
|-terastallize|p2a: Tyrant's Vengeance|Water
|move|p2a: Tyrant's Vengeance|Weather Ball|p1a: Dondozo
|-resisted|p1a: Dondozo
|-damage|p1a: Dondozo|27/100
|move|p1a: Dondozo|Body Press|p2a: Tyrant's Vengeance
|-damage|p2a: Tyrant's Vengeance|51/100
|
|-weather|RainDance|[upkeep]
|-heal|p1a: Dondozo|33/100|[from] item: Leftovers
|upkeep
|turn|11
|
|t:|1760803690
|move|p2a: Tyrant's Vengeance|Weather Ball|p1a: Dondozo
|-resisted|p1a: Dondozo
|-damage|p1a: Dondozo|0 fnt
|faint|p1a: Dondozo
|
|-weather|none
|upkeep
|j| Coerspol
|
|t:|1760803699
|switch|p1a: Slowking|Slowking-Galar, L99, M|66/100
|-damage|p1a: Slowking|54/100|[from] Spikes
|turn|12
|
|t:|1760803709
|switch|p2a: King Tyrant|Tyranitar, F|6/100
|-weather|Sandstorm|[from] ability: Sand Stream|[of] p2a: King Tyrant
|-prepare|p1a: Slowking|Chilly Reception|[premajor]
|move|p1a: Slowking|Chilly Reception|p1a: Slowking
|-weather|Snowscape
|
|t:|1760803718
|switch|p1a: Cinderace|Cinderace, M|84/100|[from] Chilly Reception
|
|-weather|Snowscape|[upkeep]
|upkeep
|turn|13
|
|t:|1760803727
|switch|p2a: Tyrant's Enforcer|Overqwil, M|54/100
|move|p1a: Cinderace|U-turn|p2a: Tyrant's Enforcer
|-damage|p2a: Tyrant's Enforcer|35/100
|-damage|p1a: Cinderace|68/100|[from] item: Rocky Helmet|[of] p2a: Tyrant's Enforcer
|
|t:|1760803738
|switch|p1a: Slowking|Slowking-Galar, L99, M|87/100|[from] U-turn
|-damage|p1a: Slowking|75/100|[from] Spikes
|
|-weather|Snowscape|[upkeep]
|upkeep
|turn|14
|
|t:|1760803747
|switch|p1a: Corviknight|Corviknight, M|100/100
|-ability|p1a: Corviknight|Pressure
|move|p2a: Tyrant's Enforcer|Crunch|p1a: Corviknight
|-damage|p1a: Corviknight|76/100
|-damage|p2a: Tyrant's Enforcer|19/100|[from] item: Rocky Helmet|[of] p1a: Corviknight
|
|-weather|Snowscape|[upkeep]
|upkeep
|turn|15
|inactive|SpongeGar & Patar has 60 seconds left.
|j| wgw2333
|
|t:|1760803759
|switch|p2a: Tyrant's Downpour|Pelipper, M|42/100
|-weather|RainDance|[from] ability: Drizzle|[of] p2a: Tyrant's Downpour
|move|p1a: Corviknight|U-turn|p2a: Tyrant's Downpour
|-resisted|p2a: Tyrant's Downpour
|-damage|p2a: Tyrant's Downpour|38/100
|
|t:|1760803768
|switch|p1a: Slowking|Slowking-Galar, L99, M|100/100|[from] U-turn
|-damage|p1a: Slowking|88/100|[from] Spikes
|
|-weather|RainDance|[upkeep]
|upkeep
|turn|16
|inactive|SpongeGar & Patar has 60 seconds left.
|
|t:|1760803778
|switch|p2a: King Tyrant|Tyranitar, F|6/100
|-weather|Sandstorm|[from] ability: Sand Stream|[of] p2a: King Tyrant
|-prepare|p1a: Slowking|Chilly Reception|[premajor]
|move|p1a: Slowking|Chilly Reception|p1a: Slowking
|-weather|Snowscape
|inactive|SpongeGar & Patar has 60 seconds left.
|
|t:|1760803787
|switch|p1a: Cinderace|Cinderace, M|68/100|[from] Chilly Reception
|
|-weather|Snowscape|[upkeep]
|upkeep
|turn|17
|l| Coerspol
|
|t:|1760803796
|move|p1a: Cinderace|U-turn|p2a: King Tyrant
|-supereffective|p2a: King Tyrant
|-damage|p2a: King Tyrant|0 fnt
|faint|p2a: King Tyrant
|
|t:|1760803806
|switch|p1a: Slowking|Slowking-Galar, L99, M|100/100|[from] U-turn
|-damage|p1a: Slowking|88/100|[from] Spikes
|
|-weather|Snowscape|[upkeep]
|upkeep
|
|t:|1760803817
|switch|p2a: Tyrant's Enforcer|Overqwil, M|19/100
|turn|18
|
|t:|1760803826
|switch|p1a: Corviknight|Corviknight, M|76/100
|-ability|p1a: Corviknight|Pressure
|move|p2a: Tyrant's Enforcer|Crunch|p1a: Corviknight
|-damage|p1a: Corviknight|52/100
|-damage|p2a: Tyrant's Enforcer|2/100|[from] item: Rocky Helmet|[of] p1a: Corviknight
|
|-weather|Snowscape|[upkeep]
|upkeep
|turn|19
|
|t:|1760803837
|switch|p2a: Tyrant's Downpour|Pelipper, M|38/100
|-weather|RainDance|[from] ability: Drizzle|[of] p2a: Tyrant's Downpour
|move|p1a: Corviknight|U-turn|p2a: Tyrant's Downpour
|-resisted|p2a: Tyrant's Downpour
|-damage|p2a: Tyrant's Downpour|32/100
|
|t:|1760803846
|switch|p1a: Slowking|Slowking-Galar, L99, M|100/100|[from] U-turn
|-damage|p1a: Slowking|88/100|[from] Spikes
|
|-weather|RainDance|[upkeep]
|upkeep
|turn|20
|
|t:|1760803855
|move|p2a: Tyrant's Downpour|U-turn|p1a: Slowking
|-damage|p1a: Slowking|78/100
|
|t:|1760803860
|switch|p2a: Tyrant's Legacy|Excadrill, M|100/100|[from] U-turn
|-prepare|p1a: Slowking|Chilly Reception|[premajor]
|move|p1a: Slowking|Chilly Reception|p1a: Slowking
|-weather|Snowscape
|
|t:|1760803869
|switch|p1a: Cinderace|Cinderace, M|68/100|[from] Chilly Reception
|
|-weather|Snowscape|[upkeep]
|upkeep
|turn|21
|inactive|SpongeGar & Patar has 90 seconds left.
|
|t:|1760803878
|switch|p2a: Tyrant's Enforcer|Overqwil, M|2/100
|move|p1a: Cinderace|Court Change|p1a: Cinderace
|-swapsideconditions
|-activate|p1a: Cinderace|move: Court Change
|
|-weather|Snowscape|[upkeep]
|upkeep
|turn|22
|inactive|SpongeGar & Patar has 90 seconds left.
|inactive|SpongeGar & Patar has 60 seconds left.
|
|t:|1760803926
|move|p1a: Cinderace|U-turn|p2a: Tyrant's Enforcer
|-damage|p2a: Tyrant's Enforcer|0 fnt
|-damage|p1a: Cinderace|51/100|[from] item: Rocky Helmet|[of] p2a: Tyrant's Enforcer
|faint|p2a: Tyrant's Enforcer
|inactive|SpongeGar & Patar has 30 seconds left.
|inactive|SpongeGar & Patar has 20 seconds left.
|c|☆kshuaib734|zzz
|j| Fifo drummer
|inactive|SpongeGar & Patar has 15 seconds left.
|
|t:|1760803974
|switch|p1a: Slowking|Slowking-Galar, L99, M|100/100|[from] U-turn
|
|-weather|Snowscape|[upkeep]
|upkeep
|
|t:|1760803982
|switch|p2a: Tyrant's Legacy|Excadrill, M|100/100
|-damage|p2a: Tyrant's Legacy|88/100|[from] Spikes
|turn|23
|inactive|SpongeGar & Patar has 30 seconds left this turn.
|
|t:|1760803991
|switch|p1a: Corviknight|Corviknight, M|52/100
|-ability|p1a: Corviknight|Pressure
|move|p2a: Tyrant's Legacy|Stealth Rock|p1a: Corviknight
|-sidestart|p1: SpongeGar & Patar|move: Stealth Rock
|
|-weather|Snowscape|[upkeep]
|upkeep
|turn|24
|inactive|SpongeGar & Patar has 30 seconds left.
|
|t:|1760804000
|switch|p2a: Tyrant's Downpour|Pelipper, M|32/100
|-weather|RainDance|[from] ability: Drizzle|[of] p2a: Tyrant's Downpour
|move|p1a: Corviknight|Roost|p1a: Corviknight
|-heal|p1a: Corviknight|100/100
|-singleturn|p1a: Corviknight|move: Roost
|
|-weather|RainDance|[upkeep]
|upkeep
|turn|25
|
|t:|1760804013
|move|p1a: Corviknight|Brave Bird|p2a: Tyrant's Downpour
|-damage|p2a: Tyrant's Downpour|4/100
|-damage|p1a: Corviknight|93/100|[from] Recoil
|move|p2a: Tyrant's Downpour|U-turn|p1a: Corviknight
|-resisted|p1a: Corviknight
|-damage|p1a: Corviknight|92/100
|-damage|p2a: Tyrant's Downpour|0 fnt|[from] item: Rocky Helmet|[of] p1a: Corviknight
|faint|p2a: Tyrant's Downpour
|
|-weather|RainDance|[upkeep]
|upkeep
|
|t:|1760804022
|switch|p2a: Tyrant's Vengeance|Kingdra, F, tera:Water|51/100
|-damage|p2a: Tyrant's Vengeance|39/100|[from] Spikes
|turn|26
|
|t:|1760804031
|switch|p1a: Cinderace|Cinderace, M|51/100
|move|p2a: Tyrant's Vengeance|Weather Ball|p1a: Cinderace
|-supereffective|p1a: Cinderace
|-crit|p1a: Cinderace
|-damage|p1a: Cinderace|0 fnt
|faint|p1a: Cinderace
|
|-weather|RainDance|[upkeep]
|upkeep
|
|t:|1760804040
|switch|p1a: Slowking|Slowking-Galar, L99, M|100/100
|-damage|p1a: Slowking|88/100|[from] Stealth Rock
|turn|27
|
|t:|1760804048
|move|p2a: Tyrant's Vengeance|Weather Ball|p1a: Slowking
|-damage|p1a: Slowking|3/100
|-prepare|p1a: Slowking|Chilly Reception|[premajor]
|move|p1a: Slowking|Chilly Reception|p1a: Slowking
|-weather|Snowscape
|
|t:|1760804057
|switch|p1a: Ting-Lu|Ting-Lu|100/100|[from] Chilly Reception
|-damage|p1a: Ting-Lu|94/100|[from] Stealth Rock
|-ability|p1a: Ting-Lu|Vessel of Ruin
|
|-weather|Snowscape|[upkeep]
|-heal|p1a: Ting-Lu|100/100|[from] item: Leftovers
|upkeep
|turn|28
|
|t:|1760804066
|move|p2a: Tyrant's Vengeance|Weather Ball|p1a: Ting-Lu
|-supereffective|p1a: Ting-Lu
|-damage|p1a: Ting-Lu|59/100
|move|p1a: Ting-Lu|Earthquake|p2a: Tyrant's Vengeance
|-damage|p2a: Tyrant's Vengeance|0 fnt
|faint|p2a: Tyrant's Vengeance
|
|-weather|Snowscape|[upkeep]
|-heal|p1a: Ting-Lu|65/100|[from] item: Leftovers
|upkeep
|
|t:|1760804075
|switch|p2a: Tyrant's Endgame|Quaquaval, M|100/100
|-damage|p2a: Tyrant's Endgame|88/100|[from] Spikes
|turn|29
|
|t:|1760804083
|switch|p1a: Corviknight|Corviknight, M|92/100
|-damage|p1a: Corviknight|79/100|[from] Stealth Rock
|-ability|p1a: Corviknight|Pressure
|move|p2a: Tyrant's Endgame|Wave Crash|p1a: Corviknight
|-damage|p1a: Corviknight|33/100
|-damage|p2a: Tyrant's Endgame|71/100|[from] item: Rocky Helmet|[of] p1a: Corviknight
|-damage|p2a: Tyrant's Endgame|51/100|[from] Recoil
|
|-weather|Snowscape|[upkeep]
|upkeep
|turn|30
|
|t:|1760804095
|switch|p1a: Ting-Lu|Ting-Lu|65/100
|-damage|p1a: Ting-Lu|59/100|[from] Stealth Rock
|-ability|p1a: Ting-Lu|Vessel of Ruin
|move|p2a: Tyrant's Endgame|Close Combat|p1a: Ting-Lu
|-supereffective|p1a: Ting-Lu
|-damage|p1a: Ting-Lu|0 fnt
|-unboost|p2a: Tyrant's Endgame|def|1
|-unboost|p2a: Tyrant's Endgame|spd|1
|faint|p1a: Ting-Lu
|-ability|p2a: Tyrant's Endgame|Moxie|boost
|-boost|p2a: Tyrant's Endgame|atk|1
|
|-weather|Snowscape|[upkeep]
|upkeep
|
|t:|1760804102
|switch|p1a: Corviknight|Corviknight, M|33/100
|-damage|p1a: Corviknight|20/100|[from] Stealth Rock
|-ability|p1a: Corviknight|Pressure
|turn|31
|
|t:|1760804111
|move|p2a: Tyrant's Endgame|Wave Crash|p1a: Corviknight
|-damage|p1a: Corviknight|0 fnt
|-damage|p2a: Tyrant's Endgame|35/100|[from] item: Rocky Helmet|[of] p1a: Corviknight
|faint|p1a: Corviknight
|-ability|p2a: Tyrant's Endgame|Moxie|boost
|-boost|p2a: Tyrant's Endgame|atk|1
|-damage|p2a: Tyrant's Endgame|26/100|[from] Recoil
|
|-weather|none
|upkeep
|
|t:|1760804116
|switch|p1a: Slowking|Slowking-Galar, L99, M|36/100
|-damage|p1a: Slowking|24/100|[from] Stealth Rock
|turn|32
|
|t:|1760804121
|move|p2a: Tyrant's Endgame|Wave Crash|p1a: Slowking
|-damage|p1a: Slowking|0 fnt
|faint|p1a: Slowking
|-damage|p2a: Tyrant's Endgame|17/100|[from] Recoil
|
|win|kshuaib734
|raw|SpongeGar &amp; Patar's rating: 1876 &rarr; <strong>1851</strong><br />(-25 for losing)
|raw|kshuaib734's rating: 1781 &rarr; <strong>1806</strong><br />(+25 for winning)
|l|☆SpongeGar & Patar
|player|p1|
|l|☆kshuaib734
|player|p2|
|l| Fifo drummer
|j| Fifo drummer
|l| 16yxy
|l| wgw2333
|l| Fifo drummer
|j| Fifo drummer
