|j|☆PuroChillido123
|j|☆steeljacewillow
|t:|1760820331
|gametype|singles
|player|p1|PuroChillido123|swimmerf|1122
|player|p2|steeljacewillow|dawn|1049
|gen|9
|tier|[Gen 9] OU
|rated|
|rule|HP Percentage Mod: HP is shown in percentages
|rule|Endless Battle Clause: Forcing endless battles is banned
|rule|Species Clause: Limit one of each Pokémon
|rule|OHKO Clause: OHKO moves are banned
|rule|Evasion Items Clause: Evasion items are banned
|rule|Evasion Moves Clause: Evasion moves are banned
|rule|Evasion Abilities Clause: Evasion abilities are banned
|rule|Sleep Moves Clause: Sleep-inducing moves are banned
|clearpoke
|poke|p1|Tauros-Paldea-Aqua, M|
|poke|p1|Cinderace, M|
|poke|p1|Blaziken, F|
|poke|p1|Latias, F|
|poke|p1|Ogerpon-Cornerstone, F|
|poke|p1|Cloyster, M|
|poke|p2|Blissey, F|
|poke|p2|Gliscor, F|
|poke|p2|Amoonguss, F|
|poke|p2|Bronzong|
|poke|p2|Dondozo, M|
|poke|p2|Alomomola, M|
|teampreview
|inactive|Battle timer is ON: inactive players will automatically lose when time's up. (requested by steeljacewillow)
|inactive|PuroChillido123 also wants the timer to be on.
|
|t:|1760820346
|teamsize|p1|6
|teamsize|p2|6
|start
|switch|p1a: Latinas|Latias, F, shiny|100/100
|switch|p2a: Alomomola|Alomomola, M|100/100
|turn|1
|
|t:|1760820358
|-terastallize|p1a: Latinas|Steel
|move|p1a: Latinas|Calm Mind|p1a: Latinas
|-boost|p1a: Latinas|spa|1
|-boost|p1a: Latinas|spd|1
|move|p2a: Alomomola|Flip Turn|p1a: Latinas
|-damage|p1a: Latinas|84/100
|
|t:|1760820365
|switch|p2a: Gliscor|Gliscor, F|100/100|[from] Flip Turn
|
|-heal|p1a: Latinas|90/100|[from] item: Leftovers
|-status|p2a: Gliscor|tox|[from] item: Toxic Orb
|upkeep
|turn|2
|
|t:|1760820373
|switch|p2a: Dondozo|Dondozo, M|100/100
|move|p1a: Latinas|Calm Mind|p1a: Latinas
|-boost|p1a: Latinas|spa|1
|-boost|p1a: Latinas|spd|1
|
|-heal|p1a: Latinas|96/100|[from] item: Leftovers
|upkeep
|turn|3
|
|t:|1760820381
|move|p1a: Latinas|Calm Mind|p1a: Latinas
|-boost|p1a: Latinas|spa|1
|-boost|p1a: Latinas|spd|1
|move|p2a: Dondozo|Body Press|p1a: Latinas
|-supereffective|p1a: Latinas
|-damage|p1a: Latinas|39/100
|
|-heal|p1a: Latinas|45/100|[from] item: Leftovers
|upkeep
|turn|4
|
|t:|1760820395
|move|p1a: Latinas|Recover|p1a: Latinas
|-heal|p1a: Latinas|95/100
|move|p2a: Dondozo|Body Press|p1a: Latinas
|-supereffective|p1a: Latinas
|-damage|p1a: Latinas|43/100
|
|-heal|p1a: Latinas|49/100|[from] item: Leftovers
|upkeep
|turn|5
|
|t:|1760820407
|move|p1a: Latinas|Recover|p1a: Latinas
|-heal|p1a: Latinas|99/100
|move|p2a: Dondozo|Body Press|p1a: Latinas
|-supereffective|p1a: Latinas
|-damage|p1a: Latinas|48/100
|
|-heal|p1a: Latinas|54/100|[from] item: Leftovers
|upkeep
|turn|6
|
|t:|1760820416
|move|p1a: Latinas|Stored Power|p2a: Dondozo
|-damage|p2a: Dondozo|50/100
|move|p2a: Dondozo|Body Press|p1a: Latinas
|-supereffective|p1a: Latinas
|-damage|p1a: Latinas|3/100
|
|-heal|p1a: Latinas|9/100|[from] item: Leftovers
|-heal|p2a: Dondozo|56/100|[from] item: Leftovers
|upkeep
|turn|7
|
|t:|1760820425
|move|p1a: Latinas|Recover|p1a: Latinas
|-heal|p1a: Latinas|59/100
|move|p2a: Dondozo|Rest|p2a: Dondozo
|-status|p2a: Dondozo|slp|[from] move: Rest
|-heal|p2a: Dondozo|100/100 slp|[silent]
|
|-heal|p1a: Latinas|65/100|[from] item: Leftovers
|upkeep
|turn|8
|
|t:|1760820436
|move|p1a: Latinas|Stored Power|p2a: Dondozo
|-damage|p2a: Dondozo|47/100 slp
|cant|p2a: Dondozo|slp
|move|p2a: Dondozo|Sleep Talk|p2a: Dondozo
|move|p2a: Dondozo|Avalanche|p1a: Latinas|[from] move: Sleep Talk
|-resisted|p1a: Latinas
|-damage|p1a: Latinas|52/100
|
|-heal|p1a: Latinas|58/100|[from] item: Leftovers
|-heal|p2a: Dondozo|54/100 slp|[from] item: Leftovers
|upkeep
|turn|9
|
|t:|1760820449
|switch|p2a: Bronzong|Bronzong|100/100
|move|p1a: Latinas|Calm Mind|p1a: Latinas
|-boost|p1a: Latinas|spa|1
|-boost|p1a: Latinas|spd|1
|
|-heal|p1a: Latinas|64/100|[from] item: Leftovers
|upkeep
|turn|10
|
|t:|1760820458
|move|p1a: Latinas|Calm Mind|p1a: Latinas
|-boost|p1a: Latinas|spa|1
|-boost|p1a: Latinas|spd|1
|move|p2a: Bronzong|Body Press|p1a: Latinas
|-supereffective|p1a: Latinas
|-damage|p1a: Latinas|24/100
|
|-heal|p1a: Latinas|30/100|[from] item: Leftovers
|upkeep
|turn|11
|
|t:|1760820469
|move|p1a: Latinas|Recover|p1a: Latinas
|-heal|p1a: Latinas|81/100
|move|p2a: Bronzong|Body Press|p1a: Latinas
|-supereffective|p1a: Latinas
|-damage|p1a: Latinas|43/100
|
|-heal|p1a: Latinas|49/100|[from] item: Leftovers
|upkeep
|turn|12
|
|t:|1760820480
|move|p1a: Latinas|Calm Mind|p1a: Latinas
|-boost|p1a: Latinas|spa|1
|-boost|p1a: Latinas|spd|1
|move|p2a: Bronzong|Body Press|p1a: Latinas
|-supereffective|p1a: Latinas
|-damage|p1a: Latinas|7/100
|
|-heal|p1a: Latinas|13/100|[from] item: Leftovers
|upkeep
|turn|13
|
|t:|1760820490
|move|p1a: Latinas|Recover|p1a: Latinas
|-heal|p1a: Latinas|64/100
|move|p2a: Bronzong|Body Press|p1a: Latinas
|-supereffective|p1a: Latinas
|-damage|p1a: Latinas|24/100
|
|-heal|p1a: Latinas|30/100|[from] item: Leftovers
|upkeep
|turn|14
|
|t:|1760820499
|move|p1a: Latinas|Recover|p1a: Latinas
|-heal|p1a: Latinas|80/100
|move|p2a: Bronzong|Body Press|p1a: Latinas
|-supereffective|p1a: Latinas
|-damage|p1a: Latinas|43/100
|
|-heal|p1a: Latinas|49/100|[from] item: Leftovers
|upkeep
|turn|15
|
|t:|1760820513
|move|p1a: Latinas|Aura Sphere|p2a: Bronzong
|-damage|p2a: Bronzong|47/100
|move|p2a: Bronzong|Body Press|p1a: Latinas
|-supereffective|p1a: Latinas
|-damage|p1a: Latinas|7/100
|
|-heal|p1a: Latinas|13/100|[from] item: Leftovers
|-heal|p2a: Bronzong|54/100|[from] item: Leftovers
|upkeep
|turn|16
|inactive|PuroChillido123 has 120 seconds left.
|
|t:|1760820550
|move|p2a: Bronzong|Protect|p2a: Bronzong
|-singleturn|p2a: Bronzong|Protect
|move|p1a: Latinas|Recover|p1a: Latinas
|-heal|p1a: Latinas|64/100
|
|-heal|p1a: Latinas|70/100|[from] item: Leftovers
|-heal|p2a: Bronzong|60/100|[from] item: Leftovers
|upkeep
|turn|17
|inactive|PuroChillido123 has 120 seconds left.
|
|t:|1760820559
|move|p1a: Latinas|Stored Power|p2a: Bronzong
|-resisted|p2a: Bronzong
|-damage|p2a: Bronzong|0 fnt
|faint|p2a: Bronzong
|
|-heal|p1a: Latinas|76/100|[from] item: Leftovers
|upkeep
|
|t:|1760820567
|switch|p2a: Dondozo|Dondozo, M|54/100 slp
|turn|18
|
|t:|1760820575
|move|p1a: Latinas|Stored Power|p2a: Dondozo
|-damage|p2a: Dondozo|0 fnt
|faint|p2a: Dondozo
|
|-heal|p1a: Latinas|82/100|[from] item: Leftovers
|upkeep
|-message|steeljacewillow forfeited.
|
|win|PuroChillido123
|raw|PuroChillido123's rating: 1122 &rarr; <strong>1142</strong><br />(+20 for winning)
|raw|steeljacewillow's rating: 1049 &rarr; <strong>1035</strong><br />(-14 for losing)
|l|☆steeljacewillow
|player|p2|
