|j|☆Liffehh
|j|☆Z-ARC Scrub
|t:|1760742326
|gametype|singles
|player|p1|Liffehh|dawn|1187
|player|p2|Z-ARC Scrub|janitor|1200
|gen|9
|tier|[Gen 9] OU
|rated|
|rule|HP Percentage Mod: HP is shown in percentages
|rule|Endless Battle Clause: Forcing endless battles is banned
|rule|Species Clause: Limit one of each Pokémon
|rule|OHKO Clause: OHKO moves are banned
|rule|Evasion Items Clause: Evasion items are banned
|rule|Evasion Moves Clause: Evasion moves are banned
|rule|Evasion Abilities Clause: Evasion abilities are banned
|rule|Sleep Moves Clause: Sleep-inducing moves are banned
|clearpoke
|poke|p1|Blissey, F|
|poke|p1|Klawf, M|
|poke|p1|Corviknight, F|
|poke|p1|Toxapex, F|
|poke|p1|Dondozo, F|
|poke|p1|Gliscor, F|
|poke|p2|Corviknight, M|
|poke|p2|Great Tusk|
|poke|p2|Hatterene, F|
|poke|p2|Basculegion-F, F|
|poke|p2|Ogerpon, F|
|poke|p2|Infernape, M|
|teampreview
|c|☆Z-ARC Scrub|glhf
|
|t:|1760742335
|teamsize|p1|6
|teamsize|p2|6
|start
|switch|p1a: Klawf|Klawf, M|100/100
|switch|p2a: Corviknight|Corviknight, M|100/100
|turn|1
|
|t:|1760742340
|move|p1a: Klawf|Stealth Rock|p2a: Corviknight
|-sidestart|p2: Z-ARC Scrub|move: Stealth Rock
|move|p2a: Corviknight|Bulk Up|p2a: Corviknight
|-boost|p2a: Corviknight|atk|1
|-boost|p2a: Corviknight|def|1
|
|upkeep
|turn|2
|
|t:|1760742353
|move|p1a: Klawf|Knock Off|p2a: Corviknight
|-damage|p2a: Corviknight|87/100
|-enditem|p2a: Corviknight|Leftovers|[from] move: Knock Off|[of] p1a: Klawf
|move|p2a: Corviknight|Agility|p2a: Corviknight
|-boost|p2a: Corviknight|spe|2
|
|upkeep
|turn|3
|
|t:|1760742364
|switch|p1a: Toxapex|Toxapex, F|100/100
|move|p2a: Corviknight|Bulk Up|p2a: Corviknight
|-boost|p2a: Corviknight|atk|1
|-boost|p2a: Corviknight|def|1
|
|upkeep
|turn|4
|
|t:|1760742370
|move|p2a: Corviknight|Power Trip|p1a: Toxapex
|-damage|p1a: Toxapex|53/100
|move|p1a: Toxapex|Haze|p1a: Toxapex
|-clearallboost
|
|upkeep
|turn|5
|
|t:|1760742379
|move|p2a: Corviknight|Bulk Up|p2a: Corviknight
|-boost|p2a: Corviknight|atk|1
|-boost|p2a: Corviknight|def|1
|move|p1a: Toxapex|Toxic Spikes|p2a: Corviknight
|-sidestart|p2: Z-ARC Scrub|move: Toxic Spikes
|
|upkeep
|turn|6
|
|t:|1760742391
|move|p2a: Corviknight|Power Trip|p1a: Toxapex
|-damage|p1a: Toxapex|36/100
|move|p1a: Toxapex|Recover|p1a: Toxapex
|-heal|p1a: Toxapex|86/100
|
|upkeep
|turn|7
|
|t:|1760742395
|move|p2a: Corviknight|Bulk Up|p2a: Corviknight
|-boost|p2a: Corviknight|atk|1
|-boost|p2a: Corviknight|def|1
|move|p1a: Toxapex|Toxic Spikes|p2a: Corviknight
|-sidestart|p2: Z-ARC Scrub|move: Toxic Spikes
|
|upkeep
|turn|8
|
|t:|1760742405
|move|p2a: Corviknight|Bulk Up|p2a: Corviknight
|-boost|p2a: Corviknight|atk|1
|-boost|p2a: Corviknight|def|1
|move|p1a: Toxapex|Haze|p1a: Toxapex
|-clearallboost
|
|upkeep
|turn|9
|
|t:|1760742424
|switch|p1a: Gliscor|Gliscor, F, shiny|100/100
|move|p2a: Corviknight|Bulk Up|p2a: Corviknight
|-boost|p2a: Corviknight|atk|1
|-boost|p2a: Corviknight|def|1
|
|-status|p1a: Gliscor|tox|[from] item: Toxic Orb
|upkeep
|turn|10
|
|t:|1760742429
|move|p1a: Gliscor|Spikes|p2a: Corviknight
|-sidestart|p2: Z-ARC Scrub|Spikes
|move|p2a: Corviknight|Agility|p2a: Corviknight
|-boost|p2a: Corviknight|spe|2
|
|upkeep
|turn|11
|
|t:|1760742433
|switch|p1a: Toxapex|Toxapex, F|100/100
|move|p2a: Corviknight|Bulk Up|p2a: Corviknight
|-boost|p2a: Corviknight|atk|1
|-boost|p2a: Corviknight|def|1
|
|upkeep
|turn|12
|
|t:|1760742441
|-terastallize|p2a: Corviknight|Dark
|move|p2a: Corviknight|Power Trip|p1a: Toxapex
|-damage|p1a: Toxapex|21/100
|move|p1a: Toxapex|Haze|p1a: Toxapex
|-clearallboost
|
|upkeep
|turn|13
|
|t:|1760742449
|switch|p1a: Dondozo|Dondozo, F|100/100
|move|p2a: Corviknight|Iron Head|p1a: Dondozo
|-resisted|p1a: Dondozo
|-damage|p1a: Dondozo|92/100
|
|upkeep
|turn|14
|
|t:|1760742455
|move|p2a: Corviknight|Bulk Up|p2a: Corviknight
|-boost|p2a: Corviknight|atk|1
|-boost|p2a: Corviknight|def|1
|move|p1a: Dondozo|Body Press|p2a: Corviknight
|-supereffective|p2a: Corviknight
|-damage|p2a: Corviknight|38/100
|
|upkeep
|turn|15
|
|t:|1760742465
|move|p2a: Corviknight|Agility|p2a: Corviknight
|-boost|p2a: Corviknight|spe|2
|move|p1a: Dondozo|Body Press|p2a: Corviknight
|-supereffective|p2a: Corviknight
|-damage|p2a: Corviknight|0 fnt
|faint|p2a: Corviknight
|
|upkeep
|
|t:|1760742471
|switch|p2a: Great Tusk|Great Tusk|100/100
|-damage|p2a: Great Tusk|98/100|[from] Stealth Rock
|-status|p2a: Great Tusk|tox
|-damage|p2a: Great Tusk|85/100 tox|[from] Spikes
|turn|16
|
|t:|1760742492
|switch|p1a: Corviknight|Corviknight, F|100/100
|-ability|p1a: Corviknight|Pressure
|move|p2a: Great Tusk|Rapid Spin|p1a: Corviknight
|-resisted|p1a: Corviknight
|-damage|p1a: Corviknight|94/100
|-boost|p2a: Great Tusk|spe|1
|-damage|p2a: Great Tusk|69/100 tox|[from] item: Rocky Helmet|[of] p1a: Corviknight
|-sideend|p2: Z-ARC Scrub|Spikes|[from] move: Rapid Spin|[of] p2a: Great Tusk
|-sideend|p2: Z-ARC Scrub|Toxic Spikes|[from] move: Rapid Spin|[of] p2a: Great Tusk
|-sideend|p2: Z-ARC Scrub|Stealth Rock|[from] move: Rapid Spin|[of] p2a: Great Tusk
|
|-damage|p2a: Great Tusk|62/100 tox|[from] psn
|upkeep
|turn|17
|
|t:|1760742497
|move|p2a: Great Tusk|Close Combat|p1a: Corviknight
|-damage|p1a: Corviknight|56/100
|-unboost|p2a: Great Tusk|def|1
|-unboost|p2a: Great Tusk|spd|1
|-damage|p2a: Great Tusk|46/100 tox|[from] item: Rocky Helmet|[of] p1a: Corviknight
|move|p1a: Corviknight|Iron Defense|p1a: Corviknight
|-boost|p1a: Corviknight|def|2
|
|-damage|p2a: Great Tusk|34/100 tox|[from] psn
|upkeep
|turn|18
|
|t:|1760742504
|-end|p2a: Great Tusk|Protosynthesis|[silent]
|switch|p2a: Infernape|Infernape, M|100/100
|move|p1a: Corviknight|Roost|p1a: Corviknight
|-heal|p1a: Corviknight|100/100
|-singleturn|p1a: Corviknight|move: Roost
|
|upkeep
|turn|19
|
|t:|1760742510
|switch|p1a: Toxapex|Toxapex, F|54/100
|move|p2a: Infernape|Knock Off|p1a: Toxapex
|-damage|p1a: Toxapex|36/100
|-enditem|p1a: Toxapex|Heavy-Duty Boots|[from] move: Knock Off|[of] p2a: Infernape
|
|upkeep
|turn|20
|
|t:|1760742525
|switch|p1a: Klawf|Klawf, M|100/100
|move|p2a: Infernape|Thunder Punch|p1a: Klawf
|-damage|p1a: Klawf|80/100
|
|upkeep
|turn|21
|
|t:|1760742530
|move|p2a: Infernape|Drain Punch|p1a: Klawf
|-supereffective|p1a: Klawf
|-damage|p1a: Klawf|19/100
|move|p1a: Klawf|Stealth Rock|p2a: Infernape
|-sidestart|p2: Z-ARC Scrub|move: Stealth Rock
|
|upkeep
|turn|22
|
|t:|1760742537
|switch|p1a: Dondozo|Dondozo, F|92/100
|move|p2a: Infernape|Knock Off|p1a: Dondozo
|-damage|p1a: Dondozo|78/100
|-enditem|p1a: Dondozo|Heavy-Duty Boots|[from] move: Knock Off|[of] p2a: Infernape
|
|upkeep
|turn|23
|
|t:|1760742543
|move|p2a: Infernape|Thunder Punch|p1a: Dondozo
|-supereffective|p1a: Dondozo
|-damage|p1a: Dondozo|50/100
|-status|p1a: Dondozo|par
|move|p1a: Dondozo|Body Press|p2a: Infernape
|-damage|p2a: Infernape|56/100
|
|upkeep
|turn|24
|
|t:|1760742577
|move|p2a: Infernape|Thunder Punch|p1a: Dondozo
|-supereffective|p1a: Dondozo
|-damage|p1a: Dondozo|24/100 par
|move|p1a: Dondozo|Rest|p1a: Dondozo
|-status|p1a: Dondozo|slp|[from] move: Rest
|-heal|p1a: Dondozo|100/100 slp|[silent]
|
|upkeep
|turn|25
|
|t:|1760742586
|switch|p1a: Gliscor|Gliscor, F, shiny|100/100 tox
|move|p2a: Infernape|Drain Punch|p1a: Gliscor
|-resisted|p1a: Gliscor
|-damage|p1a: Gliscor|83/100 tox
|-heal|p2a: Infernape|66/100|[from] drain|[of] p1a: Gliscor
|
|-heal|p1a: Gliscor|96/100 tox|[from] ability: Poison Heal
|upkeep
|turn|26
|
|t:|1760742599
|move|p2a: Infernape|Knock Off|p1a: Gliscor
|-damage|p1a: Gliscor|74/100 tox
|-enditem|p1a: Gliscor|Toxic Orb|[from] move: Knock Off|[of] p2a: Infernape
|move|p1a: Gliscor|Spikes|p2a: Infernape
|-sidestart|p2: Z-ARC Scrub|Spikes
|
|-heal|p1a: Gliscor|86/100 tox|[from] ability: Poison Heal
|upkeep
|turn|27
|
|t:|1760742605
|move|p2a: Infernape|Drain Punch|p1a: Gliscor
|-resisted|p1a: Gliscor
|-damage|p1a: Gliscor|70/100 tox
|-heal|p2a: Infernape|76/100|[from] drain|[of] p1a: Gliscor
|move|p1a: Gliscor|Spikes|p2a: Infernape
|-sidestart|p2: Z-ARC Scrub|Spikes
|
|-heal|p1a: Gliscor|83/100 tox|[from] ability: Poison Heal
|upkeep
|turn|28
|
|t:|1760742630
|move|p2a: Infernape|Drain Punch|p1a: Gliscor
|-resisted|p1a: Gliscor
|-damage|p1a: Gliscor|67/100 tox
|-heal|p2a: Infernape|85/100|[from] drain|[of] p1a: Gliscor
|move|p1a: Gliscor|Earthquake|p2a: Infernape
|-supereffective|p2a: Infernape
|-damage|p2a: Infernape|0 fnt
|faint|p2a: Infernape
|
|-heal|p1a: Gliscor|79/100 tox|[from] ability: Poison Heal
|upkeep
|
|t:|1760742642
|switch|p2a: Great Tusk|Great Tusk|34/100 tox
|-damage|p2a: Great Tusk|31/100 tox|[from] Stealth Rock
|-damage|p2a: Great Tusk|14/100 tox|[from] Spikes
|turn|29
|
|t:|1760742647
|move|p1a: Gliscor|Protect|p1a: Gliscor
|-singleturn|p1a: Gliscor|Protect
|move|p2a: Great Tusk|Ice Spinner|p1a: Gliscor
|-activate|p1a: Gliscor|move: Protect
|
|-damage|p2a: Great Tusk|8/100 tox|[from] psn
|-heal|p1a: Gliscor|92/100 tox|[from] ability: Poison Heal
|upkeep
|turn|30
|
|t:|1760742662
|move|p2a: Great Tusk|Rapid Spin|p1a: Gliscor
|-damage|p1a: Gliscor|77/100 tox
|-boost|p2a: Great Tusk|spe|1
|-sideend|p2: Z-ARC Scrub|Spikes|[from] move: Rapid Spin|[of] p2a: Great Tusk
|-sideend|p2: Z-ARC Scrub|Stealth Rock|[from] move: Rapid Spin|[of] p2a: Great Tusk
|move|p1a: Gliscor|Spikes|p2a: Great Tusk
|-sidestart|p2: Z-ARC Scrub|Spikes
|
|-damage|p2a: Great Tusk|0 fnt|[from] psn
|faint|p2a: Great Tusk
|-end|p2a: Great Tusk|Protosynthesis|[silent]
|-heal|p1a: Gliscor|90/100 tox|[from] ability: Poison Heal
|upkeep
|
|t:|1760742669
|switch|p2a: Basculegion|Basculegion-F, F|100/100
|-damage|p2a: Basculegion|88/100|[from] Spikes
|turn|31
|
|t:|1760742682
|switch|p1a: Toxapex|Toxapex, F|70/100
|move|p2a: Basculegion|Agility|p2a: Basculegion
|-boost|p2a: Basculegion|spe|2
|
|upkeep
|turn|32
|
|t:|1760742706
|move|p2a: Basculegion|Shadow Ball|p1a: Toxapex
|-damage|p1a: Toxapex|31/100
|move|p1a: Toxapex|Toxic|p2a: Basculegion
|-status|p2a: Basculegion|tox
|
|-damage|p2a: Basculegion|82/100 tox|[from] psn
|upkeep
|turn|33
|
|t:|1760742713
|switch|p1a: Blissey|Blissey, F, shiny|100/100
|move|p2a: Basculegion|Agility|p2a: Basculegion
|-boost|p2a: Basculegion|spe|2
|
|-damage|p2a: Basculegion|70/100 tox|[from] psn
|upkeep
|turn|34
|-message|Z-ARC Scrub forfeited.
|
|win|Liffehh
|raw|Liffehh's rating: 1187 &rarr; <strong>1213</strong><br />(+26 for winning)
|raw|Z-ARC Scrub's rating: 1200 &rarr; <strong>1174</strong><br />(-26 for losing)
|l|☆Z-ARC Scrub
|player|p2|
|l|☆Liffehh
|player|p1|
|j|☆Liffehh
|player|p1|Liffehh|dawn|
|l|☆Liffehh
|player|p1|
