|j|‽JustIh5an
|j|☆Asrzzz
|t:|1760758475
|gametype|singles
|player|p1|JustIh5an|266|1385
|player|p2|Asrzzz|alder|1397
|gen|9
|tier|[Gen 9] OU
|rated|
|rule|HP Percentage Mod: HP is shown in percentages
|rule|Endless Battle Clause: Forcing endless battles is banned
|rule|Species Clause: Limit one of each Pokémon
|rule|OHKO Clause: OHKO moves are banned
|rule|Evasion Items Clause: Evasion items are banned
|rule|Evasion Moves Clause: Evasion moves are banned
|rule|Evasion Abilities Clause: Evasion abilities are banned
|rule|Sleep Moves Clause: Sleep-inducing moves are banned
|clearpoke
|poke|p1|Dragonite, M|
|poke|p1|Deoxys-Speed|
|poke|p1|Great Tusk|
|poke|p1|Kingambit, M|
|poke|p1|Glimmora, F|
|poke|p1|Iron Valiant|
|poke|p2|Ninetales-Alola, F|
|poke|p2|Kyurem|
|poke|p2|Iron Crown|
|poke|p2|Ceruledge, M|
|poke|p2|Primarina, F|
|poke|p2|Great Tusk|
|teampreview
|
|t:|1760758500
|teamsize|p1|6
|teamsize|p2|6
|start
|switch|p1a: Deoxys|Deoxys-Speed|100/100
|switch|p2a: Ninetales|Ninetales-Alola, F|100/100
|-ability|p1a: Deoxys|Pressure
|-weather|Snowscape|[from] ability: Snow Warning|[of] p2a: Ninetales
|turn|1
|
|t:|1760758509
|move|p1a: Deoxys|Taunt|p2a: Ninetales
|-start|p2a: Ninetales|move: Taunt
|cant|p2a: Ninetales|move: Taunt|Aurora Veil
|
|-weather|Snowscape|[upkeep]
|upkeep
|turn|2
|
|t:|1760758514
|switch|p2a: Iron Crown|Iron Crown|100/100
|move|p1a: Deoxys|Light Screen|p1a: Deoxys
|-sidestart|p1: JustIh5an|move: Light Screen
|
|-weather|Snowscape|[upkeep]
|upkeep
|turn|3
|
|t:|1760758520
|move|p1a: Deoxys|Reflect|p1a: Deoxys
|-sidestart|p1: JustIh5an|Reflect
|move|p2a: Iron Crown|Tachyon Cutter|p1a: Deoxys
|-damage|p1a: Deoxys|84/100
|-damage|p1a: Deoxys|67/100
|-hitcount|p1a: Deoxys|2
|
|-weather|Snowscape|[upkeep]
|upkeep
|turn|4
|inactive|Battle timer is ON: inactive players will automatically lose when time's up. (requested by JustIh5an)
|
|t:|1760758528
|switch|p1a: Kingambit|Kingambit, M|100/100
|move|p2a: Iron Crown|Agility|p2a: Iron Crown
|-boost|p2a: Iron Crown|spe|2
|
|-weather|Snowscape|[upkeep]
|upkeep
|turn|5
|
|t:|1760758536
|-end|p2a: Iron Crown|Quark Drive|[silent]
|switch|p2a: Great Tusk|Great Tusk|100/100
|move|p1a: Kingambit|Swords Dance|p1a: Kingambit
|-boost|p1a: Kingambit|atk|2
|
|-weather|none
|upkeep
|turn|6
|
|t:|1760758543
|-terastallize|p1a: Kingambit|Dark
|move|p2a: Great Tusk|Bulk Up|p2a: Great Tusk
|-boost|p2a: Great Tusk|atk|1
|-boost|p2a: Great Tusk|def|1
|move|p1a: Kingambit|Kowtow Cleave|p2a: Great Tusk
|-resisted|p2a: Great Tusk
|-damage|p2a: Great Tusk|68/100
|
|upkeep
|turn|7
|
|t:|1760758553
|move|p2a: Great Tusk|Bulk Up|p2a: Great Tusk
|-boost|p2a: Great Tusk|atk|1
|-boost|p2a: Great Tusk|def|1
|move|p1a: Kingambit|Iron Head|p2a: Great Tusk
|-damage|p2a: Great Tusk|37/100
|
|upkeep
|turn|8
|
|t:|1760758562
|move|p2a: Great Tusk|Close Combat|p1a: Kingambit
|-supereffective|p1a: Kingambit
|-damage|p1a: Kingambit|7/100
|-unboost|p2a: Great Tusk|def|1
|-unboost|p2a: Great Tusk|spd|1
|move|p1a: Kingambit|Iron Head|p2a: Great Tusk
|-damage|p2a: Great Tusk|0 fnt
|faint|p2a: Great Tusk
|-end|p2a: Great Tusk|Protosynthesis|[silent]
|
|-heal|p1a: Kingambit|13/100|[from] item: Leftovers
|upkeep
|
|t:|1760758583
|switch|p2a: Ninetales|Ninetales-Alola, F|100/100
|-weather|Snowscape|[from] ability: Snow Warning|[of] p2a: Ninetales
|turn|9
|
|t:|1760758591
|move|p2a: Ninetales|Moonblast|p1a: Kingambit
|-supereffective|p1a: Kingambit
|-damage|p1a: Kingambit|0 fnt
|faint|p1a: Kingambit
|-end|p1a: Kingambit|fallenundefined|[silent]
|
|-weather|Snowscape|[upkeep]
|-sideend|p1: JustIh5an|move: Light Screen
|upkeep
|
|t:|1760758594
|switch|p1a: Deoxys|Deoxys-Speed|67/100
|-ability|p1a: Deoxys|Pressure
|turn|10
|
|t:|1760758601
|move|p1a: Deoxys|Taunt|p2a: Ninetales
|-start|p2a: Ninetales|move: Taunt
|move|p2a: Ninetales|Moonblast|p1a: Deoxys
|-damage|p1a: Deoxys|24/100
|-unboost|p1a: Deoxys|spa|1
|
|-weather|Snowscape|[upkeep]
|-sideend|p1: JustIh5an|Reflect
|upkeep
|turn|11
|
|t:|1760758612
|move|p1a: Deoxys|Light Screen|p1a: Deoxys
|-sidestart|p1: JustIh5an|move: Light Screen
|move|p2a: Ninetales|Freeze-Dry|p1a: Deoxys
|-damage|p1a: Deoxys|8/100
|-status|p1a: Deoxys|frz
|
|-weather|Snowscape|[upkeep]
|upkeep
|turn|12
|
|t:|1760758620
|cant|p1a: Deoxys|frz
|move|p2a: Ninetales|Moonblast|p1a: Deoxys
|-damage|p1a: Deoxys|0 fnt
|faint|p1a: Deoxys
|
|-weather|Snowscape|[upkeep]
|-end|p2a: Ninetales|move: Taunt
|upkeep
|
|t:|1760758624
|switch|p1a: Dragonite|Dragonite, M, shiny|100/100
|turn|13
|
|t:|1760758631
|move|p2a: Ninetales|Aurora Veil|p2a: Ninetales
|-sidestart|p2: Asrzzz|move: Aurora Veil
|move|p1a: Dragonite|Dragon Dance|p1a: Dragonite
|-boost|p1a: Dragonite|atk|1
|-boost|p1a: Dragonite|spe|1
|
|-weather|none
|upkeep
|turn|14
|
|t:|1760758638
|move|p2a: Ninetales|Nasty Plot|p2a: Ninetales
|-boost|p2a: Ninetales|spa|2
|move|p1a: Dragonite|Dragon Dance|p1a: Dragonite
|-boost|p1a: Dragonite|atk|1
|-boost|p1a: Dragonite|spe|1
|
|upkeep
|turn|15
|inactive|JustIh5an has 120 seconds left.
|inactive|JustIh5an has 90 seconds left.
|
|t:|1760758714
|move|p1a: Dragonite|Earthquake|p2a: Ninetales
|-damage|p2a: Ninetales|53/100
|move|p2a: Ninetales|Freeze-Dry|p1a: Dragonite
|-supereffective|p1a: Dragonite
|-damage|p1a: Dragonite|64/100
|
|upkeep
|turn|16
|
|t:|1760758722
|switch|p1a: Glimmora|Glimmora, F|100/100
|move|p2a: Ninetales|Freeze-Dry|p1a: Glimmora
|-damage|p1a: Glimmora|63/100
|
|upkeep
|turn|17
|
|t:|1760758732
|move|p2a: Ninetales|Freeze-Dry|p1a: Glimmora
|-damage|p1a: Glimmora|28/100
|move|p1a: Glimmora|Meteor Beam||[still]
|-prepare|p1a: Glimmora|Meteor Beam
|-boost|p1a: Glimmora|spa|1
|-enditem|p1a: Glimmora|Power Herb
|-anim|p1a: Glimmora|Meteor Beam|p2a: Ninetales
|-supereffective|p2a: Ninetales
|-damage|p2a: Ninetales|0 fnt
|faint|p2a: Ninetales
|
|upkeep
|
|t:|1760758750
|switch|p2a: Iron Crown|Iron Crown|100/100
|turn|18
|
|t:|1760758753
|move|p1a: Glimmora|Earth Power|p2a: Iron Crown
|-supereffective|p2a: Iron Crown
|-damage|p2a: Iron Crown|57/100
|-enditem|p2a: Iron Crown|Weakness Policy
|-boost|p2a: Iron Crown|atk|2|[from] item: Weakness Policy
|-boost|p2a: Iron Crown|spa|2|[from] item: Weakness Policy
|move|p2a: Iron Crown|Agility|p2a: Iron Crown
|-boost|p2a: Iron Crown|spe|2
|
|-sideend|p1: JustIh5an|move: Light Screen
|upkeep
|turn|19
|
|t:|1760758764
|move|p2a: Iron Crown|Tachyon Cutter|p1a: Glimmora
|-supereffective|p1a: Glimmora
|-damage|p1a: Glimmora|0 fnt
|faint|p1a: Glimmora
|-hitcount|p1: Glimmora|1
|
|upkeep
|
|t:|1760758771
|switch|p1a: Dragonite|Dragonite, M, shiny|64/100
|turn|20
|
|t:|1760758775
|move|p2a: Iron Crown|Tachyon Cutter|p1a: Dragonite
|-damage|p1a: Dragonite|29/100
|-damage|p1a: Dragonite|0 fnt
|faint|p1a: Dragonite
|-hitcount|p1: Dragonite|2
|
|-sideend|p2: Asrzzz|move: Aurora Veil
|upkeep
|
|t:|1760758778
|switch|p1a: Great Tusk|Great Tusk|100/100
|-enditem|p1a: Great Tusk|Booster Energy
|-activate|p1a: Great Tusk|ability: Protosynthesis|[fromitem]
|-start|p1a: Great Tusk|protosynthesisspe
|turn|21
|
|t:|1760758788
|move|p2a: Iron Crown|Stored Power|p1a: Great Tusk
|-supereffective|p1a: Great Tusk
|-damage|p1a: Great Tusk|0 fnt
|faint|p1a: Great Tusk
|-end|p1a: Great Tusk|Protosynthesis|[silent]
|
|upkeep
|
|t:|1760758791
|switch|p1a: Iron Valiant|Iron Valiant|100/100
|-enditem|p1a: Iron Valiant|Booster Energy
|-activate|p1a: Iron Valiant|ability: Quark Drive|[fromitem]
|-start|p1a: Iron Valiant|quarkdrivespe
|turn|22
|
|t:|1760758800
|move|p2a: Iron Crown|Tachyon Cutter|p1a: Iron Valiant
|-supereffective|p1a: Iron Valiant
|-damage|p1a: Iron Valiant|0 fnt
|faint|p1a: Iron Valiant
|-end|p1a: Iron Valiant|Quark Drive|[silent]
|-hitcount|p1: Iron Valiant|1
|
|win|Asrzzz
|raw|JustIh5an's rating: 1385 &rarr; <strong>1366</strong><br />(-19 for losing)
|raw|Asrzzz's rating: 1397 &rarr; <strong>1416</strong><br />(+19 for winning)
|l|‽JustIh5an
|player|p1|
