|j|☆Dehkaboy
|j|☆Lanita yu uwu
|t:|1760743001
|gametype|singles
|player|p1|Dehkaboy|170|1065
|player|p2|Lanita yu uwu|pokekid|1087
|gen|9
|tier|[Gen 9] OU
|rated|
|rule|HP Percentage Mod: HP is shown in percentages
|rule|Endless Battle Clause: Forcing endless battles is banned
|rule|Species Clause: Limit one of each Pokémon
|rule|OHKO Clause: OHKO moves are banned
|rule|Evasion Items Clause: Evasion items are banned
|rule|Evasion Moves Clause: Evasion moves are banned
|rule|Evasion Abilities Clause: Evasion abilities are banned
|rule|Sleep Moves Clause: Sleep-inducing moves are banned
|clearpoke
|poke|p1|Luxray, M|
|poke|p1|Infernape, M|
|poke|p1|Dugtrio-Alola, M|
|poke|p1|Dusknoir, M|
|poke|p1|Snorlax, M|
|poke|p1|Torterra, M|
|poke|p2|Dragapult, F|
|poke|p2|Cresselia, F|
|poke|p2|Pecharunt|
|poke|p2|Kingambit, F|
|poke|p2|Great Tusk|
|poke|p2|Kyurem|
|teampreview
|
|t:|1760743008
|teamsize|p1|6
|teamsize|p2|6
|start
|switch|p1a: Dugtrio|Dugtrio-Alola, M|100/100
|switch|p2a: Cresselia|Cresselia, F|100/100
|turn|1
|
|t:|1760743013
|move|p1a: Dugtrio|Stealth Rock|p2a: Cresselia
|-sidestart|p2: Lanita yu uwu|move: Stealth Rock
|move|p2a: Cresselia|Ice Beam|p1a: Dugtrio
|-damage|p1a: Dugtrio|76/100
|-enditem|p1a: Dugtrio|Red Card|[of] p2a: Cresselia
|drag|p2a: Pecharunt|Pecharunt|100/100
|
|upkeep
|turn|2
|
|t:|1760743022
|switch|p2a: Cresselia|Cresselia, F|100/100
|-damage|p2a: Cresselia|88/100|[from] Stealth Rock
|move|p1a: Dugtrio|Swords Dance|p1a: Dugtrio
|-boost|p1a: Dugtrio|atk|2
|
|upkeep
|turn|3
|
|t:|1760743042
|move|p1a: Dugtrio|Iron Head|p2a: Cresselia
|-damage|p2a: Cresselia|51/100
|-damage|p1a: Dugtrio|60/100|[from] item: Rocky Helmet|[of] p2a: Cresselia
|move|p2a: Cresselia|Ice Beam|p1a: Dugtrio
|-damage|p1a: Dugtrio|36/100
|
|upkeep
|turn|4
|
|t:|1760743048
|move|p1a: Dugtrio|Iron Head|p2a: Cresselia
|-damage|p2a: Cresselia|14/100
|-damage|p1a: Dugtrio|19/100|[from] item: Rocky Helmet|[of] p2a: Cresselia
|move|p2a: Cresselia|Moonlight|p2a: Cresselia
|-heal|p2a: Cresselia|64/100
|
|upkeep
|turn|5
|
|t:|1760743055
|move|p1a: Dugtrio|Iron Head|p2a: Cresselia
|-damage|p2a: Cresselia|30/100
|-damage|p1a: Dugtrio|2/100|[from] item: Rocky Helmet|[of] p2a: Cresselia
|move|p2a: Cresselia|Moonlight|p2a: Cresselia
|-heal|p2a: Cresselia|80/100
|
|upkeep
|turn|6
|
|t:|1760743069
|move|p1a: Dugtrio|Iron Head|p2a: Cresselia
|-damage|p2a: Cresselia|42/100
|-damage|p1a: Dugtrio|0 fnt|[from] item: Rocky Helmet|[of] p2a: Cresselia
|faint|p1a: Dugtrio
|move|p2a: Cresselia|Moonlight|p2a: Cresselia
|-heal|p2a: Cresselia|92/100
|
|upkeep
|
|t:|1760743078
|switch|p1a: Luxray|Luxray, M, shiny|100/100
|-ability|p1a: Luxray|Intimidate|boost
|-unboost|p2a: Cresselia|atk|1
|-item|p1a: Luxray|Air Balloon
|turn|7
|
|t:|1760743084
|move|p1a: Luxray|Volt Switch|p2a: Cresselia
|-damage|p2a: Cresselia|78/100
|
|t:|1760743089
|switch|p1a: Dusknoir|Dusknoir, M|100/100|[from] Volt Switch
|-item|p2a: Cresselia|Rocky Helmet|[from] ability: Frisk|[of] p1a: Dusknoir
|move|p2a: Cresselia|Ice Beam|p1a: Dusknoir
|-damage|p1a: Dusknoir|89/100
|
|upkeep
|turn|8
|
|t:|1760743104
|move|p2a: Cresselia|Thunder Wave|p1a: Dusknoir
|-status|p1a: Dusknoir|par
|move|p1a: Dusknoir|Poltergeist|p2a: Cresselia
|-activate|p2a: Cresselia|move: Poltergeist|Rocky Helmet
|-supereffective|p2a: Cresselia
|-damage|p2a: Cresselia|36/100
|
|upkeep
|turn|9
|
|t:|1760743113
|cant|p1a: Dusknoir|par
|move|p2a: Cresselia|Moonlight|p2a: Cresselia
|-heal|p2a: Cresselia|86/100
|
|upkeep
|turn|10
|
|t:|1760743128
|move|p2a: Cresselia|Ice Beam|p1a: Dusknoir
|-damage|p1a: Dusknoir|78/100 par
|move|p1a: Dusknoir|Poltergeist|p2a: Cresselia
|-activate|p2a: Cresselia|move: Poltergeist|Rocky Helmet
|-supereffective|p2a: Cresselia
|-damage|p2a: Cresselia|46/100
|
|upkeep
|turn|11
|
|t:|1760743136
|move|p2a: Cresselia|Moonlight|p2a: Cresselia
|-heal|p2a: Cresselia|96/100
|move|p1a: Dusknoir|Poltergeist|p2a: Cresselia
|-activate|p2a: Cresselia|move: Poltergeist|Rocky Helmet
|-supereffective|p2a: Cresselia
|-damage|p2a: Cresselia|58/100
|
|upkeep
|turn|12
|
|t:|1760743159
|move|p2a: Cresselia|Moonlight|p2a: Cresselia
|-heal|p2a: Cresselia|100/100
|move|p1a: Dusknoir|Poltergeist|p2a: Cresselia
|-activate|p2a: Cresselia|move: Poltergeist|Rocky Helmet
|-supereffective|p2a: Cresselia
|-damage|p2a: Cresselia|59/100
|
|upkeep
|turn|13
|
|t:|1760743173
|move|p2a: Cresselia|Moonlight|p2a: Cresselia
|-heal|p2a: Cresselia|100/100
|cant|p1a: Dusknoir|par
|
|upkeep
|turn|14
|
|t:|1760743191
|switch|p2a: Kingambit|Kingambit, F|100/100
|-damage|p2a: Kingambit|94/100|[from] Stealth Rock
|cant|p1a: Dusknoir|par
|
|-heal|p2a: Kingambit|100/100|[from] item: Leftovers
|upkeep
|turn|15
|
|t:|1760743202
|switch|p1a: Snorlax|Snorlax, M, shiny|100/100
|move|p2a: Kingambit|Kowtow Cleave|p1a: Snorlax
|-damage|p1a: Snorlax|60/100
|
|-heal|p1a: Snorlax|66/100|[from] item: Leftovers
|upkeep
|turn|16
|
|t:|1760743213
|-end|p2a: Kingambit|fallenundefined|[silent]
|switch|p2a: Cresselia|Cresselia, F|100/100
|-damage|p2a: Cresselia|88/100|[from] Stealth Rock
|move|p1a: Snorlax|Curse|p1a: Snorlax
|-unboost|p1a: Snorlax|spe|1
|-boost|p1a: Snorlax|atk|1
|-boost|p1a: Snorlax|def|1
|
|-heal|p1a: Snorlax|72/100|[from] item: Leftovers
|upkeep
|turn|17
|
|t:|1760743228
|move|p2a: Cresselia|Thunder Wave|p1a: Snorlax
|-status|p1a: Snorlax|par
|move|p1a: Snorlax|Crunch|p2a: Cresselia
|-supereffective|p2a: Cresselia
|-damage|p2a: Cresselia|58/100
|-unboost|p2a: Cresselia|def|1
|-damage|p1a: Snorlax|55/100 par|[from] item: Rocky Helmet|[of] p2a: Cresselia
|
|-heal|p1a: Snorlax|61/100 par|[from] item: Leftovers
|upkeep
|turn|18
|
|t:|1760743269
|switch|p2a: Pecharunt|Pecharunt|100/100
|move|p1a: Snorlax|Crunch|p2a: Pecharunt
|-supereffective|p2a: Pecharunt
|-damage|p2a: Pecharunt|66/100
|
|-heal|p1a: Snorlax|67/100 par|[from] item: Leftovers
|upkeep
|turn|19
|inactive|Battle timer is ON: inactive players will automatically lose when time's up. (requested by Lanita yu uwu)
|inactive|Dehkaboy has 120 seconds left.
|
|t:|1760743342
|move|p2a: Pecharunt|Recover|p2a: Pecharunt
|-heal|p2a: Pecharunt|100/100
|cant|p1a: Snorlax|par
|
|-heal|p1a: Snorlax|73/100 par|[from] item: Leftovers
|upkeep
|turn|20
|
|t:|1760743349
|move|p2a: Pecharunt|Nasty Plot|p2a: Pecharunt
|-boost|p2a: Pecharunt|spa|2
|cant|p1a: Snorlax|par
|
|-heal|p1a: Snorlax|79/100 par|[from] item: Leftovers
|upkeep
|turn|21
|
|t:|1760743354
|move|p2a: Pecharunt|Nasty Plot|p2a: Pecharunt
|-boost|p2a: Pecharunt|spa|2
|cant|p1a: Snorlax|par
|
|-heal|p1a: Snorlax|85/100 par|[from] item: Leftovers
|upkeep
|turn|22
|
|t:|1760743358
|move|p2a: Pecharunt|Malignant Chain|p1a: Snorlax
|-damage|p1a: Snorlax|26/100 par
|move|p1a: Snorlax|Crunch|p2a: Pecharunt
|-supereffective|p2a: Pecharunt
|-damage|p2a: Pecharunt|67/100
|
|-heal|p1a: Snorlax|32/100 par|[from] item: Leftovers
|upkeep
|turn|23
|
|t:|1760743368
|move|p2a: Pecharunt|Malignant Chain|p1a: Snorlax
|-crit|p1a: Snorlax
|-damage|p1a: Snorlax|0 fnt
|faint|p1a: Snorlax
|
|upkeep
|
|t:|1760743384
|switch|p1a: Torterra|Torterra, M|100/100
|turn|24
|inactive|Lanita yu uwu has 120 seconds left.
|
|t:|1760743419
|-terastallize|p2a: Pecharunt|Dark
|move|p2a: Pecharunt|Malignant Chain|p1a: Torterra
|-damage|p1a: Torterra|4/100
|move|p1a: Torterra|Substitute|p1a: Torterra
|-fail|p1a: Torterra|move: Substitute|[weak]
|
|upkeep
|turn|25
|
|t:|1760743431
|move|p2a: Pecharunt|Malignant Chain|p1a: Torterra
|-damage|p1a: Torterra|0 fnt
|faint|p1a: Torterra
|
|upkeep
|
|t:|1760743436
|switch|p1a: Dusknoir|Dusknoir, M|78/100 par
|-item|p2a: Pecharunt|Heavy-Duty Boots|[from] ability: Frisk|[of] p1a: Dusknoir
|turn|26
|
|t:|1760743441
|move|p1a: Dusknoir|Shadow Sneak|p2a: Pecharunt
|-resisted|p2a: Pecharunt
|-damage|p2a: Pecharunt|62/100
|move|p2a: Pecharunt|Shadow Ball|p1a: Dusknoir
|-supereffective|p1a: Dusknoir
|-damage|p1a: Dusknoir|0 fnt
|faint|p1a: Dusknoir
|
|upkeep
|-message|Dehkaboy forfeited.
|
|win|Lanita yu uwu
|raw|Dehkaboy's rating: 1065 &rarr; <strong>1046</strong><br />(-19 for losing)
|raw|Lanita yu uwu's rating: 1087 &rarr; <strong>1112</strong><br />(+25 for winning)
|l|☆Dehkaboy
|player|p1|
|l|☆Lanita yu uwu
|player|p2|
