|j|☆karakel
|j|☆how play pkm
|t:|1760768812
|gametype|singles
|player|p1|karakel|cowgirl|1500
|player|p2|how play pkm|#bltxiipangoros|1784
|gen|9
|tier|[Gen 9] OU
|rated|
|rule|HP Percentage Mod: HP is shown in percentages
|rule|Endless Battle Clause: Forcing endless battles is banned
|rule|Species Clause: Limit one of each Pokémon
|rule|OHKO Clause: OHKO moves are banned
|rule|Evasion Items Clause: Evasion items are banned
|rule|Evasion Moves Clause: Evasion moves are banned
|rule|Evasion Abilities Clause: Evasion abilities are banned
|rule|Sleep Moves Clause: Sleep-inducing moves are banned
|clearpoke
|poke|p1|Lilligant-Hisui, F|
|poke|p1|Ninetales, F|
|poke|p1|Great Tusk|
|poke|p1|Walking Wake|
|poke|p1|Cresselia, F|
|poke|p1|Cinderace, M|
|poke|p2|Azumarill, M|
|poke|p2|Kyurem|
|poke|p2|Kingambit, M|
|poke|p2|Weezing-Galar, M|
|poke|p2|Ting-Lu|
|poke|p2|Garganacl, M|
|teampreview
|inactive|Battle timer is ON: inactive players will automatically lose when time's up. (requested by how play pkm)
|
|t:|1760768832
|teamsize|p1|6
|teamsize|p2|6
|start
|switch|p1a: Ninetales|Ninetales, F|100/100
|switch|p2a: Garganacl|Garganacl, M|100/100
|-weather|SunnyDay|[from] ability: Drought|[of] p1a: Ninetales
|turn|1
|
|t:|1760768837
|switch|p1a: Great Tusk|Great Tusk|100/100
|-activate|p1a: Great Tusk|ability: Protosynthesis
|-start|p1a: Great Tusk|protosynthesisspe
|move|p2a: Garganacl|Salt Cure|p1a: Great Tusk
|-resisted|p1a: Great Tusk
|-damage|p1a: Great Tusk|98/100
|-start|p1a: Great Tusk|Salt Cure
|
|-weather|SunnyDay|[upkeep]
|-damage|p1a: Great Tusk|86/100|[from] Salt Cure
|upkeep
|turn|2
|
|t:|1760768843
|move|p1a: Great Tusk|Close Combat|p2a: Garganacl
|-supereffective|p2a: Garganacl
|-damage|p2a: Garganacl|36/100
|-unboost|p1a: Great Tusk|def|1
|-unboost|p1a: Great Tusk|spd|1
|-enditem|p1a: Great Tusk|Eject Pack
|
|t:|1760768847
|-end|p1a: Great Tusk|Protosynthesis|[silent]
|switch|p1a: Cresselia|Cresselia, F|100/100
|move|p2a: Garganacl|Iron Defense|p2a: Garganacl
|-boost|p2a: Garganacl|def|2
|
|-weather|SunnyDay|[upkeep]
|-heal|p2a: Garganacl|42/100|[from] item: Leftovers
|upkeep
|turn|3
|
|t:|1760768852
|switch|p1a: Walking Wake|Walking Wake|100/100
|-activate|p1a: Walking Wake|ability: Protosynthesis
|-start|p1a: Walking Wake|protosynthesisspa
|move|p2a: Garganacl|Recover|p2a: Garganacl
|-heal|p2a: Garganacl|92/100
|
|-weather|SunnyDay|[upkeep]
|-heal|p2a: Garganacl|99/100|[from] item: Leftovers
|upkeep
|turn|4
|
|t:|1760768858
|switch|p2a: Azumarill|Azumarill, M|100/100
|-terastallize|p1a: Walking Wake|Water
|move|p1a: Walking Wake|Hydro Steam|p2a: Azumarill
|-resisted|p2a: Azumarill
|-damage|p2a: Azumarill|37/100
|
|-weather|SunnyDay|[upkeep]
|upkeep
|turn|5
|
|t:|1760768861
|move|p1a: Walking Wake|Hydro Steam|p2a: Azumarill
|-resisted|p2a: Azumarill
|-damage|p2a: Azumarill|0 fnt
|faint|p2a: Azumarill
|
|-weather|SunnyDay|[upkeep]
|upkeep
|
|t:|1760768865
|switch|p2a: Kyurem|Kyurem|100/100
|-ability|p2a: Kyurem|Pressure
|turn|6
|
|t:|1760768870
|-end|p1a: Walking Wake|Protosynthesis|[silent]
|switch|p1a: Great Tusk|Great Tusk|86/100
|-activate|p1a: Great Tusk|ability: Protosynthesis
|-start|p1a: Great Tusk|protosynthesisspe
|move|p2a: Kyurem|Freeze-Dry|p1a: Great Tusk
|-supereffective|p1a: Great Tusk
|-damage|p1a: Great Tusk|0 fnt
|faint|p1a: Great Tusk
|-end|p1a: Great Tusk|Protosynthesis|[silent]
|
|-weather|SunnyDay|[upkeep]
|upkeep
|
|t:|1760768874
|switch|p1a: Cinderace|Cinderace, M|100/100
|turn|7
|
|t:|1760768877
|switch|p2a: Garganacl|Garganacl, M|99/100
|move|p1a: Cinderace|Low Kick|p2a: Garganacl
|-start|p1a: Cinderace|typechange|Fighting|[from] ability: Libero
|-supereffective|p2a: Garganacl
|-damage|p2a: Garganacl|18/100
|
|-weather|SunnyDay|[upkeep]
|-heal|p2a: Garganacl|25/100|[from] item: Leftovers
|upkeep
|turn|8
|
|t:|1760768882
|switch|p2a: Weezing|Weezing-Galar, M|100/100
|move|p1a: Cinderace|Low Kick|p2a: Weezing
|-resisted|p2a: Weezing
|-damage|p2a: Weezing|98/100
|-damage|p1a: Cinderace|84/100|[from] item: Rocky Helmet|[of] p2a: Weezing
|
|-weather|none
|upkeep
|turn|9
|
|t:|1760768885
|switch|p1a: Ninetales|Ninetales, F|100/100
|-weather|SunnyDay|[from] ability: Drought|[of] p1a: Ninetales
|move|p2a: Weezing|Sludge Bomb|p1a: Ninetales
|-damage|p1a: Ninetales|74/100
|
|-weather|SunnyDay|[upkeep]
|upkeep
|turn|10
|
|t:|1760768890
|switch|p1a: Walking Wake|Walking Wake, tera:Water|100/100
|-activate|p1a: Walking Wake|ability: Protosynthesis
|-start|p1a: Walking Wake|protosynthesisspa
|move|p2a: Weezing|Sludge Bomb|p1a: Walking Wake
|-damage|p1a: Walking Wake|70/100
|
|-weather|SunnyDay|[upkeep]
|upkeep
|turn|11
|
|t:|1760768898
|move|p1a: Walking Wake|Hydro Steam|p2a: Weezing
|-crit|p2a: Weezing
|-damage|p2a: Weezing|0 fnt
|faint|p2a: Weezing
|
|-weather|SunnyDay|[upkeep]
|upkeep
|
|t:|1760768901
|switch|p2a: Kyurem|Kyurem|100/100
|-ability|p2a: Kyurem|Pressure
|turn|12
|
|t:|1760768907
|-end|p1a: Walking Wake|Protosynthesis|[silent]
|switch|p1a: Cresselia|Cresselia, F|100/100
|move|p2a: Kyurem|Dragon Dance|p2a: Kyurem
|-boost|p2a: Kyurem|atk|1
|-boost|p2a: Kyurem|spe|1
|
|-weather|SunnyDay|[upkeep]
|upkeep
|turn|13
|
|t:|1760768913
|move|p2a: Kyurem|Icicle Spear|p1a: Cresselia
|-damage|p1a: Cresselia|90/100
|-crit|p1a: Cresselia
|-damage|p1a: Cresselia|75/100
|-damage|p1a: Cresselia|66/100
|-damage|p1a: Cresselia|56/100
|-damage|p1a: Cresselia|46/100
|-hitcount|p1a: Cresselia|5
|-enditem|p1a: Cresselia|Eject Button
|
|t:|1760768917
|switch|p1a: Lilligant|Lilligant-Hisui, F|100/100
|
|-weather|SunnyDay|[upkeep]
|upkeep
|turn|14
|
|t:|1760768926
|switch|p2a: Garganacl|Garganacl, M|25/100
|move|p1a: Lilligant|Close Combat|p2a: Garganacl
|-supereffective|p2a: Garganacl
|-damage|p2a: Garganacl|0 fnt
|-unboost|p1a: Lilligant|def|1
|-unboost|p1a: Lilligant|spd|1
|faint|p2a: Garganacl
|
|-weather|SunnyDay|[upkeep]
|upkeep
|
|t:|1760768928
|switch|p2a: Kingambit|Kingambit, M|100/100
|-activate|p2a: Kingambit|ability: Supreme Overlord
|-start|p2a: Kingambit|fallen3|[silent]
|turn|15
|
|t:|1760768932
|switch|p1a: Cresselia|Cresselia, F|46/100
|-terastallize|p2a: Kingambit|Ghost
|move|p2a: Kingambit|Iron Head|p1a: Cresselia
|-damage|p1a: Cresselia|13/100
|
|-weather|SunnyDay|[upkeep]
|upkeep
|turn|16
|
|t:|1760768942
|move|p1a: Cresselia|Lunar Dance|p1a: Cresselia
|faint|p1a: Cresselia
|move|p2a: Kingambit|Swords Dance|p2a: Kingambit
|-boost|p2a: Kingambit|atk|2
|
|-weather|none
|upkeep
|
|t:|1760768946
|switch|p1a: Ninetales|Ninetales, F|74/100
|-heal|p1a: Ninetales|100/100|[from] move: Lunar Dance
|-weather|SunnyDay|[from] ability: Drought|[of] p1a: Ninetales
|turn|17
|
|t:|1760768952
|-end|p2a: Kingambit|fallen3|[silent]
|switch|p2a: Ting-Lu|Ting-Lu|100/100
|-ability|p2a: Ting-Lu|Vessel of Ruin
|move|p1a: Ninetales|Encore||[still]
|-fail|p1a: Ninetales
|
|-weather|SunnyDay|[upkeep]
|upkeep
|turn|18
|
|t:|1760768956
|switch|p1a: Walking Wake|Walking Wake, tera:Water|70/100
|-activate|p1a: Walking Wake|ability: Protosynthesis
|-start|p1a: Walking Wake|protosynthesisspa
|move|p2a: Ting-Lu|Earthquake|p1a: Walking Wake
|-crit|p1a: Walking Wake
|-damage|p1a: Walking Wake|11/100
|
|-weather|SunnyDay|[upkeep]
|upkeep
|turn|19
|
|t:|1760768960
|move|p1a: Walking Wake|Hydro Steam|p2a: Ting-Lu
|-supereffective|p2a: Ting-Lu
|-damage|p2a: Ting-Lu|0 fnt
|faint|p2a: Ting-Lu
|
|-weather|SunnyDay|[upkeep]
|upkeep
|
|t:|1760768961
|switch|p2a: Kingambit|Kingambit, M, tera:Ghost|100/100
|-activate|p2a: Kingambit|ability: Supreme Overlord
|-start|p2a: Kingambit|fallen4|[silent]
|turn|20
|
|t:|1760768964
|move|p2a: Kingambit|Sucker Punch|p1a: Walking Wake
|-damage|p1a: Walking Wake|0 fnt
|faint|p1a: Walking Wake
|-end|p1a: Walking Wake|Protosynthesis|[silent]
|
|-weather|SunnyDay|[upkeep]
|upkeep
|
|t:|1760768967
|switch|p1a: Cinderace|Cinderace, M|84/100
|turn|21
|
|t:|1760768972
|move|p1a: Cinderace|Pyro Ball|p2a: Kingambit
|-damage|p2a: Kingambit|43/100
|move|p2a: Kingambit|Iron Head|p1a: Cinderace
|-resisted|p1a: Cinderace
|-damage|p1a: Cinderace|33/100
|
|-weather|SunnyDay|[upkeep]
|-heal|p2a: Kingambit|49/100|[from] item: Leftovers
|upkeep
|turn|22
|
|t:|1760768977
|move|p2a: Kingambit|Sucker Punch|p1a: Cinderace
|-damage|p1a: Cinderace|0 fnt
|faint|p1a: Cinderace
|
|-weather|SunnyDay|[upkeep]
|-heal|p2a: Kingambit|55/100|[from] item: Leftovers
|upkeep
|
|t:|1760768979
|switch|p1a: Lilligant|Lilligant-Hisui, F|100/100
|turn|23
|
|t:|1760768984
|-end|p2a: Kingambit|fallen4|[silent]
|switch|p2a: Kyurem|Kyurem|100/100
|-ability|p2a: Kyurem|Pressure
|move|p1a: Lilligant|Victory Dance|p1a: Lilligant
|-boost|p1a: Lilligant|atk|1
|-boost|p1a: Lilligant|def|1
|-boost|p1a: Lilligant|spe|1
|
|-weather|SunnyDay|[upkeep]
|upkeep
|turn|24
|
|t:|1760768987
|move|p1a: Lilligant|Close Combat|p2a: Kyurem
|-supereffective|p2a: Kyurem
|-damage|p2a: Kyurem|0 fnt
|-unboost|p1a: Lilligant|def|1
|-unboost|p1a: Lilligant|spd|1
|faint|p2a: Kyurem
|
|-weather|none
|upkeep
|
|t:|1760768989
|switch|p2a: Kingambit|Kingambit, M, tera:Ghost|55/100
|-activate|p2a: Kingambit|ability: Supreme Overlord
|-start|p2a: Kingambit|fallen5|[silent]
|turn|25
|
|t:|1760768992
|switch|p1a: Ninetales|Ninetales, F|100/100
|-weather|SunnyDay|[from] ability: Drought|[of] p1a: Ninetales
|move|p2a: Kingambit|Iron Head|p1a: Ninetales
|-resisted|p1a: Ninetales
|-damage|p1a: Ninetales|57/100
|
|-weather|SunnyDay|[upkeep]
|-heal|p2a: Kingambit|62/100|[from] item: Leftovers
|upkeep
|turn|26
|
|t:|1760768999
|move|p1a: Ninetales|Encore|p2a: Kingambit
|-start|p2a: Kingambit|Encore
|move|p2a: Kingambit|Iron Head|p1a: Ninetales
|-resisted|p1a: Ninetales
|-damage|p1a: Ninetales|10/100
|
|-weather|SunnyDay|[upkeep]
|-heal|p2a: Kingambit|68/100|[from] item: Leftovers
|upkeep
|turn|27
|
|t:|1760769001
|move|p1a: Ninetales|Overheat|p2a: Kingambit
|-damage|p2a: Kingambit|9/100
|-unboost|p1a: Ninetales|spa|2
|move|p2a: Kingambit|Iron Head|p1a: Ninetales
|-resisted|p1a: Ninetales
|-damage|p1a: Ninetales|0 fnt
|faint|p1a: Ninetales
|
|-weather|SunnyDay|[upkeep]
|-heal|p2a: Kingambit|15/100|[from] item: Leftovers
|upkeep
|
|t:|1760769004
|switch|p1a: Lilligant|Lilligant-Hisui, F|100/100
|turn|28
|
|t:|1760769005
|move|p1a: Lilligant|Solar Blade||[still]
|-prepare|p1a: Lilligant|Solar Blade
|-anim|p1a: Lilligant|Solar Blade|p2a: Kingambit
|-damage|p2a: Kingambit|0 fnt
|faint|p2a: Kingambit
|-end|p2a: Kingambit|fallen5|[silent]
|
|win|karakel
|raw|karakel's rating: 1500 &rarr; <strong>1533</strong><br />(+33 for winning)
|raw|how play pkm's rating: 1784 &rarr; <strong>1751</strong><br />(-33 for losing)
|l|☆how play pkm
|player|p2|
|l|☆karakel
|player|p1|
