|j|☆MooFarmer
|j|☆ZombieVomit
|t:|1760813073
|gametype|singles
|player|p1|MooFarmer|1|1838
|player|p2|ZombieVomit|scientist-gen4|1673
|gen|9
|tier|[Gen 9] OU
|rated|
|rule|HP Percentage Mod: HP is shown in percentages
|rule|Endless Battle Clause: Forcing endless battles is banned
|rule|Species Clause: Limit one of each Pokémon
|rule|OHKO Clause: OHKO moves are banned
|rule|Evasion Items Clause: Evasion items are banned
|rule|Evasion Moves Clause: Evasion moves are banned
|rule|Evasion Abilities Clause: Evasion abilities are banned
|rule|Sleep Moves Clause: Sleep-inducing moves are banned
|clearpoke
|poke|p1|Kyurem|
|poke|p1|Corviknight, F|
|poke|p1|Ting-Lu|
|poke|p1|Dondozo, M|
|poke|p1|Slowking-Galar, L99, M|
|poke|p1|Cinderace, M|
|poke|p2|Ninetales-Alola, F|
|poke|p2|Klefki, F|
|poke|p2|Maushold-Four|
|poke|p2|Latias, F|
|poke|p2|Kyurem|
|poke|p2|Thundurus-Therian, M|
|teampreview
|inactive|Battle timer is ON: inactive players will automatically lose when time's up. (requested by ZombieVomit)
|j| doulos
|c| doulos|mono white team
|inactive|MooFarmer has 120 seconds left.
|c|☆ZombieVomit|;)
|
|t:|1760813120
|teamsize|p1|6
|teamsize|p2|6
|start
|switch|p1a: Slowking|Slowking-Galar, L99, M|100/100
|switch|p2a: Klefki|Klefki, F|100/100
|turn|1
|inactive|MooFarmer also wants the timer to be on.
|inactive|MooFarmer has 120 seconds left.
|j| Lonelyenders
|j| Capitaine Tenace
|l| Lonelyenders
|
|t:|1760813166
|move|p2a: Klefki|Reflect|p2a: Klefki
|-sidestart|p2: ZombieVomit|Reflect
|move|p1a: Slowking|Future Sight|p2a: Klefki
|-start|p1a: Slowking|move: Future Sight
|
|upkeep
|turn|2
|c| Capitaine Tenace|nice teaù zombie
|c| Capitaine Tenace|team
|c|☆ZombieVomit|ty
|inactive|MooFarmer has 90 seconds left.
|
|t:|1760813212
|switch|p1a: Ting-Lu|Ting-Lu|100/100
|-ability|p1a: Ting-Lu|Vessel of Ruin
|move|p2a: Klefki|Light Screen|p2a: Klefki
|-sidestart|p2: ZombieVomit|move: Light Screen
|
|upkeep
|turn|3
|inactive|MooFarmer has 60 seconds left.
|
|t:|1760813258
|switch|p1a: Slowking|Slowking-Galar, L99, M|100/100
|move|p2a: Klefki|Spikes|p1a: Slowking
|-sidestart|p1: MooFarmer|Spikes
|
|-end|p2a: Klefki|move: Future Sight
|-resisted|p2a: Klefki
|-damage|p2a: Klefki|87/100
|upkeep
|turn|4
|
|t:|1760813267
|move|p2a: Klefki|Thunder Wave|p1a: Slowking
|-status|p1a: Slowking|par
|cant|p1a: Slowking|par
|
|upkeep
|turn|5
|
|t:|1760813275
|switch|p2a: Thundurus|Thundurus-Therian, M|100/100
|move|p1a: Slowking|Future Sight|p2a: Thundurus
|-start|p1a: Slowking|move: Future Sight
|
|upkeep
|turn|6
|
|t:|1760813284
|move|p2a: Thundurus|Nasty Plot|p2a: Thundurus
|-boost|p2a: Thundurus|spa|2
|cant|p1a: Slowking|par
|
|upkeep
|turn|7
|
|t:|1760813292
|move|p2a: Thundurus|Nasty Plot|p2a: Thundurus
|-boost|p2a: Thundurus|spa|2
|move|p1a: Slowking|Toxic|p2a: Thundurus
|-status|p2a: Thundurus|tox
|
|-end|p2a: Thundurus|move: Future Sight
|-damage|p2a: Thundurus|73/100 tox
|-damage|p2a: Thundurus|67/100 tox|[from] psn
|upkeep
|turn|8
|inactive|MooFarmer has 60 seconds left.
|
|t:|1760813301
|move|p2a: Thundurus|Agility|p2a: Thundurus
|-boost|p2a: Thundurus|spe|2
|-prepare|p1a: Slowking|Chilly Reception|[premajor]
|move|p1a: Slowking|Chilly Reception|p1a: Slowking
|-weather|Snowscape
|inactive|MooFarmer has 60 seconds left.
|
|t:|1760813309
|switch|p1a: Kyurem|Kyurem|100/100|[from] Chilly Reception
|-damage|p1a: Kyurem|88/100|[from] Spikes
|-ability|p1a: Kyurem|Pressure
|
|-weather|Snowscape|[upkeep]
|-heal|p1a: Kyurem|94/100|[from] item: Leftovers
|-damage|p2a: Thundurus|55/100 tox|[from] psn
|-sideend|p2: ZombieVomit|Reflect
|upkeep
|turn|9
|
|t:|1760813318
|move|p1a: Kyurem|Protect|p1a: Kyurem
|-singleturn|p1a: Kyurem|Protect
|move|p2a: Thundurus|Tera Blast|p1a: Kyurem
|-activate|p1a: Kyurem|move: Protect
|
|-weather|Snowscape|[upkeep]
|-heal|p1a: Kyurem|100/100|[from] item: Leftovers
|-damage|p2a: Thundurus|36/100 tox|[from] psn
|-sideend|p2: ZombieVomit|move: Light Screen
|upkeep
|turn|10
|
|t:|1760813326
|switch|p1a: Ting-Lu|Ting-Lu|100/100
|-damage|p1a: Ting-Lu|88/100|[from] Spikes
|-ability|p1a: Ting-Lu|Vessel of Ruin
|move|p2a: Thundurus|Tera Blast|p1a: Ting-Lu
|-damage|p1a: Ting-Lu|49/100
|
|-weather|Snowscape|[upkeep]
|-heal|p1a: Ting-Lu|56/100|[from] item: Leftovers
|-damage|p2a: Thundurus|12/100 tox|[from] psn
|upkeep
|turn|11
|
|t:|1760813335
|move|p2a: Thundurus|Tera Blast|p1a: Ting-Lu
|-damage|p1a: Ting-Lu|12/100
|move|p1a: Ting-Lu|Rest|p1a: Ting-Lu
|-status|p1a: Ting-Lu|slp|[from] move: Rest
|-heal|p1a: Ting-Lu|100/100 slp|[silent]
|
|-weather|Snowscape|[upkeep]
|-damage|p2a: Thundurus|0 fnt|[from] psn
|faint|p2a: Thundurus
|upkeep
|
|t:|1760813356
|switch|p2a: Ninetales|Ninetales-Alola, F|100/100
|turn|12
|
|t:|1760813365
|move|p2a: Ninetales|Aurora Veil|p2a: Ninetales
|-sidestart|p2: ZombieVomit|move: Aurora Veil
|cant|p1a: Ting-Lu|slp
|move|p1a: Ting-Lu|Sleep Talk|p1a: Ting-Lu
|move|p1a: Ting-Lu|Payback|p2a: Ninetales|[from] move: Sleep Talk
|-resisted|p2a: Ninetales
|-damage|p2a: Ninetales|93/100
|
|-weather|none
|upkeep
|turn|13
|inactive|MooFarmer has 90 seconds left.
|inactive|MooFarmer has 60 seconds left.
|
|t:|1760813410
|switch|p2a: Latias|Latias, F|100/100
|switch|p1a: Cinderace|Cinderace, M|100/100
|
|upkeep
|turn|14
|l| doulos
|inactive|MooFarmer has 30 seconds left.
|inactive|MooFarmer has 20 seconds left.
|
|t:|1760813455
|move|p1a: Cinderace|Court Change|p1a: Cinderace
|-swapsideconditions
|-activate|p1a: Cinderace|move: Court Change
|move|p2a: Latias|Agility|p2a: Latias
|-boost|p2a: Latias|spe|2
|
|upkeep
|turn|15
|inactive|MooFarmer has 30 seconds left this turn.
|
|t:|1760813463
|switch|p1a: Ting-Lu|Ting-Lu|100/100 slp
|-ability|p1a: Ting-Lu|Vessel of Ruin
|move|p2a: Latias|Calm Mind|p2a: Latias
|-boost|p2a: Latias|spa|1
|-boost|p2a: Latias|spd|1
|
|upkeep
|turn|16
|inactive|MooFarmer has 30 seconds left.
|
|t:|1760813475
|move|p2a: Latias|Calm Mind|p2a: Latias
|-boost|p2a: Latias|spa|1
|-boost|p2a: Latias|spd|1
|cant|p1a: Ting-Lu|slp
|move|p1a: Ting-Lu|Sleep Talk|p1a: Ting-Lu
|move|p1a: Ting-Lu|Payback|p2a: Latias|[from] move: Sleep Talk
|-supereffective|p2a: Latias
|-damage|p2a: Latias|27/100
|-enditem|p2a: Latias|Weakness Policy
|-boost|p2a: Latias|atk|2|[from] item: Weakness Policy
|-boost|p2a: Latias|spa|2|[from] item: Weakness Policy
|
|upkeep
|turn|17
|
|t:|1760813485
|move|p2a: Latias|Aura Sphere|p1a: Ting-Lu
|-supereffective|p1a: Ting-Lu
|-crit|p1a: Ting-Lu
|-damage|p1a: Ting-Lu|0 fnt
|faint|p1a: Ting-Lu
|
|upkeep
|
|t:|1760813493
|switch|p1a: Corviknight|Corviknight, F|100/100
|-ability|p1a: Corviknight|Pressure
|turn|18
|
|t:|1760813508
|move|p2a: Latias|Stored Power|p1a: Corviknight
|-resisted|p1a: Corviknight
|-damage|p1a: Corviknight|16/100
|move|p1a: Corviknight|U-turn|p2a: Latias
|-supereffective|p2a: Latias
|-damage|p2a: Latias|0 fnt
|faint|p2a: Latias
|
|t:|1760813517
|switch|p1a: Cinderace|Cinderace, M|100/100|[from] U-turn
|
|upkeep
|
|t:|1760813524
|switch|p2a: Klefki|Klefki, F|87/100
|-damage|p2a: Klefki|75/100|[from] Spikes
|turn|19
|
|t:|1760813532
|move|p2a: Klefki|Reflect|p2a: Klefki
|-sidestart|p2: ZombieVomit|Reflect
|move|p1a: Cinderace|Pyro Ball|p2a: Klefki
|-supereffective|p2a: Klefki
|-damage|p2a: Klefki|23/100
|
|-sideend|p1: MooFarmer|move: Aurora Veil
|upkeep
|turn|20
|
|t:|1760813542
|move|p2a: Klefki|Thunder Wave|p1a: Cinderace
|-status|p1a: Cinderace|par
|move|p1a: Cinderace|Pyro Ball|p2a: Klefki
|-supereffective|p2a: Klefki
|-damage|p2a: Klefki|0 fnt
|faint|p2a: Klefki
|
|upkeep
|
|t:|1760813553
|switch|p2a: Ninetales|Ninetales-Alola, F|93/100
|-damage|p2a: Ninetales|81/100|[from] Spikes
|-weather|Snowscape|[from] ability: Snow Warning|[of] p2a: Ninetales
|turn|21
|
|t:|1760813561
|move|p2a: Ninetales|Encore|p1a: Cinderace
|-start|p1a: Cinderace|Encore
|move|p1a: Cinderace|Pyro Ball|p2a: Ninetales
|-supereffective|p2a: Ninetales
|-crit|p2a: Ninetales
|-damage|p2a: Ninetales|0 fnt
|faint|p2a: Ninetales
|
|-weather|Snowscape|[upkeep]
|upkeep
|
|t:|1760813563
|switch|p2a: Maushold|Maushold-Four|100/100
|-damage|p2a: Maushold|88/100|[from] Spikes
|turn|22
|
|t:|1760813571
|switch|p1a: Corviknight|Corviknight, F|16/100
|-ability|p1a: Corviknight|Pressure
|move|p2a: Maushold|Tidy Up|p2a: Maushold
|-sideend|p2: ZombieVomit|Spikes
|-activate|p2a: Maushold|move: Tidy Up
|-boost|p2a: Maushold|atk|1
|-boost|p2a: Maushold|spe|1
|
|-weather|Snowscape|[upkeep]
|upkeep
|turn|23
|
|t:|1760813580
|move|p2a: Maushold|Bite|p1a: Corviknight
|-damage|p1a: Corviknight|0 fnt
|-damage|p2a: Maushold|72/100|[from] item: Rocky Helmet|[of] p1a: Corviknight
|faint|p1a: Corviknight
|
|-weather|Snowscape|[upkeep]
|upkeep
|
|t:|1760813589
|switch|p1a: Kyurem|Kyurem|100/100
|-ability|p1a: Kyurem|Pressure
|turn|24
|
|t:|1760813598
|move|p2a: Maushold|Population Bomb|p1a: Kyurem
|-damage|p1a: Kyurem|90/100
|-damage|p1a: Kyurem|79/100
|-damage|p1a: Kyurem|69/100
|-damage|p1a: Kyurem|59/100
|-damage|p1a: Kyurem|47/100
|-damage|p1a: Kyurem|36/100
|-damage|p1a: Kyurem|25/100
|-damage|p1a: Kyurem|15/100
|-damage|p1a: Kyurem|4/100
|-damage|p1a: Kyurem|0 fnt
|faint|p1a: Kyurem
|-hitcount|p1: Kyurem|10
|
|-weather|Snowscape|[upkeep]
|upkeep
|
|t:|1760813606
|switch|p1a: Dondozo|Dondozo, M|100/100
|turn|25
|inactive|MooFarmer has 90 seconds left.
|
|t:|1760813614
|move|p2a: Maushold|Population Bomb|p1a: Dondozo
|-damage|p1a: Dondozo|95/100
|-damage|p1a: Dondozo|90/100
|-damage|p1a: Dondozo|84/100
|-damage|p1a: Dondozo|78/100
|-damage|p1a: Dondozo|72/100
|-damage|p1a: Dondozo|67/100
|-damage|p1a: Dondozo|61/100
|-damage|p1a: Dondozo|56/100
|-damage|p1a: Dondozo|51/100
|-damage|p1a: Dondozo|45/100
|-hitcount|p1a: Dondozo|10
|move|p1a: Dondozo|Curse|p1a: Dondozo
|-unboost|p1a: Dondozo|spe|1
|-boost|p1a: Dondozo|atk|1
|-boost|p1a: Dondozo|def|1
|
|-weather|none
|-heal|p1a: Dondozo|52/100|[from] item: Leftovers
|upkeep
|turn|26
|
|t:|1760813627
|move|p2a: Maushold|Encore|p1a: Dondozo
|-start|p1a: Dondozo|Encore
|move|p1a: Dondozo|Curse|p1a: Dondozo
|-unboost|p1a: Dondozo|spe|1
|-boost|p1a: Dondozo|atk|1
|-boost|p1a: Dondozo|def|1
|
|-heal|p1a: Dondozo|58/100|[from] item: Leftovers
|-sideend|p2: ZombieVomit|Reflect
|upkeep
|turn|27
|
|t:|1760813635
|move|p2a: Maushold|Population Bomb|p1a: Dondozo
|-damage|p1a: Dondozo|55/100
|-damage|p1a: Dondozo|51/100
|-damage|p1a: Dondozo|49/100
|-damage|p1a: Dondozo|46/100
|-crit|p1a: Dondozo
|-damage|p1a: Dondozo|38/100
|-damage|p1a: Dondozo|36/100
|-damage|p1a: Dondozo|33/100
|-damage|p1a: Dondozo|30/100
|-damage|p1a: Dondozo|27/100
|-damage|p1a: Dondozo|25/100
|-hitcount|p1a: Dondozo|10
|move|p1a: Dondozo|Curse|p1a: Dondozo
|-unboost|p1a: Dondozo|spe|1
|-boost|p1a: Dondozo|atk|1
|-boost|p1a: Dondozo|def|1
|
|-heal|p1a: Dondozo|31/100|[from] item: Leftovers
|upkeep
|turn|28
|
|t:|1760813643
|move|p2a: Maushold|Population Bomb|p1a: Dondozo
|-damage|p1a: Dondozo|28/100
|-hitcount|p1a: Dondozo|1
|move|p1a: Dondozo|Curse|p1a: Dondozo
|-unboost|p1a: Dondozo|spe|1
|-boost|p1a: Dondozo|atk|1
|-boost|p1a: Dondozo|def|1
|
|-heal|p1a: Dondozo|34/100|[from] item: Leftovers
|-end|p1a: Dondozo|Encore
|upkeep
|turn|29
|
|t:|1760813652
|move|p2a: Maushold|Encore|p1a: Dondozo
|-start|p1a: Dondozo|Encore
|move|p1a: Dondozo|Curse|p1a: Dondozo
|-unboost|p1a: Dondozo|spe|1
|-boost|p1a: Dondozo|atk|1
|-boost|p1a: Dondozo|def|1
|
|-heal|p1a: Dondozo|41/100|[from] item: Leftovers
|upkeep
|turn|30
|
|t:|1760813660
|move|p2a: Maushold|Population Bomb|p1a: Dondozo
|-damage|p1a: Dondozo|39/100
|-damage|p1a: Dondozo|37/100
|-damage|p1a: Dondozo|35/100
|-damage|p1a: Dondozo|33/100
|-damage|p1a: Dondozo|31/100
|-damage|p1a: Dondozo|30/100
|-damage|p1a: Dondozo|28/100
|-damage|p1a: Dondozo|26/100
|-damage|p1a: Dondozo|24/100
|-damage|p1a: Dondozo|22/100
|-hitcount|p1a: Dondozo|10
|move|p1a: Dondozo|Curse|p1a: Dondozo
|-unboost|p1a: Dondozo|spe|1
|-boost|p1a: Dondozo|atk|1
|-boost|p1a: Dondozo|def|1
|
|-heal|p1a: Dondozo|28/100|[from] item: Leftovers
|upkeep
|turn|31
|inactive|MooFarmer has 120 seconds left.
|
|t:|1760813673
|move|p2a: Maushold|Population Bomb|p1a: Dondozo
|-damage|p1a: Dondozo|27/100
|-damage|p1a: Dondozo|26/100
|-damage|p1a: Dondozo|24/100
|-damage|p1a: Dondozo|23/100
|-damage|p1a: Dondozo|21/100
|-damage|p1a: Dondozo|20/100
|-damage|p1a: Dondozo|19/100
|-damage|p1a: Dondozo|17/100
|-damage|p1a: Dondozo|16/100
|-damage|p1a: Dondozo|14/100
|-hitcount|p1a: Dondozo|10
|move|p1a: Dondozo|Curse|p1a: Dondozo
|
|-heal|p1a: Dondozo|21/100|[from] item: Leftovers
|-end|p1a: Dondozo|Encore
|upkeep
|turn|32
|
|t:|1760813686
|move|p2a: Maushold|Encore|p1a: Dondozo
|-start|p1a: Dondozo|Encore
|move|p1a: Dondozo|Curse|p1a: Dondozo
|
|-heal|p1a: Dondozo|27/100|[from] item: Leftovers
|upkeep
|turn|33
|
|t:|1760813694
|move|p2a: Maushold|Population Bomb|p1a: Dondozo
|-damage|p1a: Dondozo|25/100
|-damage|p1a: Dondozo|24/100
|-damage|p1a: Dondozo|23/100
|-damage|p1a: Dondozo|21/100
|-damage|p1a: Dondozo|20/100
|-damage|p1a: Dondozo|18/100
|-damage|p1a: Dondozo|17/100
|-damage|p1a: Dondozo|16/100
|-damage|p1a: Dondozo|14/100
|-damage|p1a: Dondozo|13/100
|-hitcount|p1a: Dondozo|10
|move|p1a: Dondozo|Curse|p1a: Dondozo
|
|-heal|p1a: Dondozo|19/100|[from] item: Leftovers
|upkeep
|turn|34
|
|t:|1760813707
|move|p2a: Maushold|Population Bomb|p1a: Dondozo
|-damage|p1a: Dondozo|18/100
|-damage|p1a: Dondozo|16/100
|-damage|p1a: Dondozo|15/100
|-damage|p1a: Dondozo|13/100
|-damage|p1a: Dondozo|12/100
|-crit|p1a: Dondozo
|-damage|p1a: Dondozo|3/100
|-damage|p1a: Dondozo|2/100
|-crit|p1a: Dondozo
|-damage|p1a: Dondozo|0 fnt
|faint|p1a: Dondozo
|-hitcount|p1: Dondozo|8
|
|upkeep
|
|t:|1760813715
|switch|p1a: Cinderace|Cinderace, M|100/100 par
|turn|35
|c|☆ZombieVomit|gg
|
|t:|1760813723
|move|p2a: Maushold|Population Bomb|p1a: Cinderace
|-damage|p1a: Cinderace|79/100 par
|-damage|p1a: Cinderace|58/100 par
|-damage|p1a: Cinderace|38/100 par
|-damage|p1a: Cinderace|16/100 par
|-damage|p1a: Cinderace|0 fnt
|faint|p1a: Cinderace
|-hitcount|p1: Cinderace|5
|
|upkeep
|c|☆ZombieVomit|ez
|
|t:|1760813730
|switch|p1a: Slowking|Slowking-Galar, L99, M|100/100 par
|turn|36
|
|t:|1760813735
|move|p2a: Maushold|Bite|p1a: Slowking
|-supereffective|p1a: Slowking
|-damage|p1a: Slowking|27/100 par
|move|p1a: Slowking|Sludge Bomb|p2a: Maushold
|-damage|p2a: Maushold|25/100
|
|upkeep
|turn|37
|
|t:|1760813741
|-terastallize|p1a: Slowking|Water
|move|p2a: Maushold|Bite|p1a: Slowking
|-damage|p1a: Slowking|0 fnt
|faint|p1a: Slowking
|
|win|ZombieVomit
|raw|MooFarmer's rating: 1838 &rarr; <strong>1809</strong><br />(-29 for losing)
|raw|ZombieVomit's rating: 1673 &rarr; <strong>1702</strong><br />(+29 for winning)
|l|☆MooFarmer
|player|p1|
|c|☆ZombieVomit|lmao
|c|☆ZombieVomit|loser
