|j|☆Grace of Cynthia
|j|☆EdgarproUranium
|t:|1760882566
|gametype|singles
|player|p1|Grace of Cynthia|picnicker|1553
|player|p2|EdgarproUranium|parasollady|1560
|gen|9
|tier|[Gen 9] OU
|rated|
|rule|HP Percentage Mod: HP is shown in percentages
|rule|Endless Battle Clause: Forcing endless battles is banned
|rule|Species Clause: Limit one of each Pokémon
|rule|OHKO Clause: OHKO moves are banned
|rule|Evasion Items Clause: Evasion items are banned
|rule|Evasion Moves Clause: Evasion moves are banned
|rule|Evasion Abilities Clause: Evasion abilities are banned
|rule|Sleep Moves Clause: Sleep-inducing moves are banned
|clearpoke
|poke|p1|Pelipper, F|
|poke|p1|Greninja-*, M|
|poke|p1|Barraskewda, F|
|poke|p1|Dragapult, F|
|poke|p1|Golduck, M|
|poke|p1|Indeedee, M|
|poke|p2|Iron Crown|
|poke|p2|Alomomola, M|
|poke|p2|Glimmora, F|
|poke|p2|Weavile, M|
|poke|p2|Heatran, F|
|poke|p2|Ribombee, F|
|teampreview
|inactive|Battle timer is ON: inactive players will automatically lose when time's up. (requested by Grace of Cynthia)
|
|t:|1760882579
|teamsize|p1|6
|teamsize|p2|6
|start
|switch|p1a: Pelipper|Pelipper, F|100/100
|switch|p2a: Iron Crown|Iron Crown|100/100
|-weather|RainDance|[from] ability: Drizzle|[of] p1a: Pelipper
|turn|1
|
|t:|1760882589
|-terastallize|p1a: Pelipper|Steel
|move|p2a: Iron Crown|Volt Switch|p1a: Pelipper
|-damage|p1a: Pelipper|53/100
|
|t:|1760882594
|-end|p2a: Iron Crown|Quark Drive|[silent]
|switch|p2a: Glimmora|Glimmora, F|100/100|[from] Volt Switch
|move|p1a: Pelipper|Hurricane|p2a: Glimmora
|-resisted|p2a: Glimmora
|-damage|p2a: Glimmora|75/100
|-enditem|p2a: Glimmora|Red Card|[of] p1a: Pelipper
|drag|p1a: Dragapult|Dragapult, F|100/100
|
|-weather|RainDance|[upkeep]
|upkeep
|turn|2
|
|t:|1760882606
|move|p1a: Dragapult|Hydro Pump|p2a: Glimmora
|-supereffective|p2a: Glimmora
|-damage|p2a: Glimmora|0 fnt
|faint|p2a: Glimmora
|-damage|p1a: Dragapult|91/100|[from] item: Life Orb
|
|-weather|RainDance|[upkeep]
|upkeep
|
|t:|1760882613
|switch|p2a: Ribombee|Ribombee, F|100/100
|turn|3
|
|t:|1760882617
|move|p1a: Dragapult|Thunder|p2a: Ribombee
|-damage|p2a: Ribombee|31/100
|-damage|p1a: Dragapult|81/100|[from] item: Life Orb
|move|p2a: Ribombee|Moonblast|p1a: Dragapult
|-supereffective|p1a: Dragapult
|-damage|p1a: Dragapult|0 fnt
|faint|p1a: Dragapult
|
|-weather|RainDance|[upkeep]
|upkeep
|
|t:|1760882633
|switch|p1a: Golduck|Golduck, M|100/100
|turn|4
|
|t:|1760882642
|switch|p2a: Alomomola|Alomomola, M|100/100
|move|p1a: Golduck|Surf|p2a: Alomomola
|-resisted|p2a: Alomomola
|-damage|p2a: Alomomola|54/100
|-damage|p1a: Golduck|91/100|[from] item: Life Orb
|
|-weather|RainDance|[upkeep]
|upkeep
|turn|5
|
|t:|1760882645
|move|p2a: Alomomola|Protect|p2a: Alomomola
|-singleturn|p2a: Alomomola|Protect
|move|p1a: Golduck|Nasty Plot|p1a: Golduck
|-boost|p1a: Golduck|spa|2
|
|-weather|RainDance|[upkeep]
|upkeep
|turn|6
|
|t:|1760882653
|switch|p2a: Ribombee|Ribombee, F|31/100
|move|p1a: Golduck|Surf|p2a: Ribombee
|-damage|p2a: Ribombee|0 fnt
|faint|p2a: Ribombee
|-damage|p1a: Golduck|81/100|[from] item: Life Orb
|
|-weather|RainDance|[upkeep]
|upkeep
|
|t:|1760882659
|switch|p2a: Heatran|Heatran, F|100/100
|turn|7
|
|t:|1760882663
|move|p2a: Heatran|Protect|p2a: Heatran
|-singleturn|p2a: Heatran|Protect
|move|p1a: Golduck|Ice Beam|p2a: Heatran
|-activate|p2a: Heatran|move: Protect
|
|-weather|RainDance|[upkeep]
|upkeep
|turn|8
|
|t:|1760882667
|-terastallize|p2a: Heatran|Grass
|move|p1a: Golduck|Surf|p2a: Heatran
|-resisted|p2a: Heatran
|-damage|p2a: Heatran|52/100
|-damage|p1a: Golduck|71/100|[from] item: Life Orb
|move|p2a: Heatran|Earth Power|p1a: Golduck
|-damage|p1a: Golduck|34/100
|
|-weather|none
|-heal|p2a: Heatran|59/100|[from] item: Leftovers
|upkeep
|turn|9
|
|t:|1760882675
|move|p1a: Golduck|Nasty Plot|p1a: Golduck
|-boost|p1a: Golduck|spa|2
|move|p2a: Heatran|Earth Power|p1a: Golduck
|-damage|p1a: Golduck|0 fnt
|faint|p1a: Golduck
|
|-heal|p2a: Heatran|65/100|[from] item: Leftovers
|upkeep
|
|t:|1760882680
|switch|p1a: Pelipper|Pelipper, F, tera:Steel|53/100
|-weather|RainDance|[from] ability: Drizzle|[of] p1a: Pelipper
|turn|10
|
|t:|1760882684
|move|p2a: Heatran|Earth Power|p1a: Pelipper
|-supereffective|p1a: Pelipper
|-damage|p1a: Pelipper|0 fnt
|faint|p1a: Pelipper
|
|-weather|RainDance|[upkeep]
|-heal|p2a: Heatran|71/100|[from] item: Leftovers
|upkeep
|
|t:|1760882704
|switch|p1a: Greninja|Greninja, M|100/100
|turn|11
|
|t:|1760882708
|move|p2a: Heatran|Protect|p2a: Heatran
|-singleturn|p2a: Heatran|Protect
|move|p1a: Greninja|Ice Beam|p2a: Heatran
|-activate|p2a: Heatran|move: Protect
|
|-weather|RainDance|[upkeep]
|-heal|p2a: Heatran|77/100|[from] item: Leftovers
|upkeep
|turn|12
|
|t:|1760882715
|switch|p2a: Iron Crown|Iron Crown|100/100
|move|p1a: Greninja|Dark Pulse|p2a: Iron Crown
|-supereffective|p2a: Iron Crown
|-damage|p2a: Iron Crown|11/100
|-damage|p1a: Greninja|91/100|[from] item: Life Orb
|
|-weather|RainDance|[upkeep]
|upkeep
|turn|13
|
|t:|1760882725
|-end|p2a: Iron Crown|Quark Drive|[silent]
|switch|p2a: Alomomola|Alomomola, M|88/100
|move|p1a: Greninja|Water Shuriken|p2a: Alomomola
|-resisted|p2a: Alomomola
|-damage|p2a: Alomomola|79/100
|-resisted|p2a: Alomomola
|-damage|p2a: Alomomola|72/100
|-hitcount|p2a: Alomomola|2
|-damage|p1a: Greninja|81/100|[from] item: Life Orb
|
|-weather|RainDance|[upkeep]
|upkeep
|turn|14
|
|t:|1760882728
|move|p1a: Greninja|Dark Pulse|p2a: Alomomola
|-damage|p2a: Alomomola|21/100
|-damage|p1a: Greninja|71/100|[from] item: Life Orb
|move|p2a: Alomomola|Flip Turn|p1a: Greninja
|-resisted|p1a: Greninja
|-damage|p1a: Greninja|54/100
|
|t:|1760882735
|switch|p2a: Weavile|Weavile, M|100/100|[from] Flip Turn
|-ability|p2a: Weavile|Pressure
|
|-weather|RainDance|[upkeep]
|upkeep
|turn|15
|
|t:|1760882742
|move|p1a: Greninja|Water Shuriken|p2a: Weavile
|-damage|p2a: Weavile|82/100
|-damage|p2a: Weavile|62/100
|-damage|p2a: Weavile|45/100
|-damage|p2a: Weavile|25/100
|-damage|p2a: Weavile|5/100
|-hitcount|p2a: Weavile|5
|-damage|p1a: Greninja|44/100|[from] item: Life Orb
|move|p2a: Weavile|Low Kick|p1a: Greninja
|-supereffective|p1a: Greninja
|-damage|p1a: Greninja|0 fnt
|faint|p1a: Greninja
|
|-weather|RainDance|[upkeep]
|upkeep
|
|t:|1760882746
|switch|p1a: Barraskewda|Barraskewda, F|100/100
|turn|16
|
|t:|1760882759
|switch|p2a: Iron Crown|Iron Crown|11/100
|move|p1a: Barraskewda|Liquidation|p2a: Iron Crown
|-damage|p2a: Iron Crown|0 fnt
|faint|p2a: Iron Crown
|-end|p2a: Iron Crown|Quark Drive|[silent]
|-damage|p1a: Barraskewda|91/100|[from] item: Life Orb
|
|-weather|RainDance|[upkeep]
|upkeep
|
|t:|1760882761
|switch|p2a: Alomomola|Alomomola, M|54/100
|turn|17
|
|t:|1760882767
|move|p1a: Barraskewda|Poison Jab|p2a: Alomomola
|-damage|p2a: Alomomola|32/100
|-damage|p1a: Barraskewda|74/100|[from] item: Rocky Helmet|[of] p2a: Alomomola
|-damage|p1a: Barraskewda|64/100|[from] item: Life Orb
|move|p2a: Alomomola|Flip Turn|p1a: Barraskewda
|-resisted|p1a: Barraskewda
|-damage|p1a: Barraskewda|44/100
|
|t:|1760882771
|switch|p2a: Weavile|Weavile, M|5/100|[from] Flip Turn
|-ability|p2a: Weavile|Pressure
|
|-weather|none
|upkeep
|turn|18
|
|t:|1760882773
|switch|p2a: Alomomola|Alomomola, M|66/100
|move|p1a: Barraskewda|Aqua Jet|p2a: Alomomola
|-resisted|p2a: Alomomola
|-damage|p2a: Alomomola|59/100
|-damage|p1a: Barraskewda|27/100|[from] item: Rocky Helmet|[of] p2a: Alomomola
|-damage|p1a: Barraskewda|18/100|[from] item: Life Orb
|
|upkeep
|turn|19
|
|t:|1760882776
|switch|p1a: Indeedee|Indeedee, M|100/100
|-fieldstart|move: Psychic Terrain|[from] ability: Psychic Surge|[of] p1a: Indeedee
|move|p2a: Alomomola|Flip Turn|p1a: Indeedee
|-damage|p1a: Indeedee|74/100
|
|t:|1760882778
|switch|p2a: Weavile|Weavile, M|5/100|[from] Flip Turn
|-ability|p2a: Weavile|Pressure
|
|upkeep
|turn|20
|
|t:|1760882782
|move|p2a: Weavile|Knock Off|p1a: Indeedee
|-supereffective|p1a: Indeedee
|-damage|p1a: Indeedee|0 fnt
|-enditem|p1a: Indeedee|Terrain Extender|[from] move: Knock Off|[of] p2a: Weavile
|faint|p1a: Indeedee
|
|upkeep
|-message|Grace of Cynthia forfeited.
|
|win|EdgarproUranium
|raw|Grace of Cynthia's rating: 1553 &rarr; <strong>1533</strong><br />(-20 for losing)
|raw|EdgarproUranium's rating: 1560 &rarr; <strong>1580</strong><br />(+20 for winning)
|l|☆Grace of Cynthia
|player|p1|
|l|☆EdgarproUranium
|player|p2|
