|badge|p1|bronze|gen9ou|100-7
|uhtml|medal-msg|<div class="broadcast-blue">Curious what those medals under the avatar are? PS now has Ladder Seasons! For more information, check out the <a href="https://www.smogon.com/forums/threads/3740067/">thread on Smogon.</a></div>
|j|☆ajonymousnon
|j|☆papagoi19
|t:|1760823467
|gametype|singles
|player|p1|ajonymousnon|1|1656
|player|p2|papagoi19|gentleman-gen4|1597
|gen|9
|tier|[Gen 9] OU
|rated|
|rule|HP Percentage Mod: HP is shown in percentages
|rule|Endless Battle Clause: Forcing endless battles is banned
|rule|Species Clause: Limit one of each Pokémon
|rule|OHKO Clause: OHKO moves are banned
|rule|Evasion Items Clause: Evasion items are banned
|rule|Evasion Moves Clause: Evasion moves are banned
|rule|Evasion Abilities Clause: Evasion abilities are banned
|rule|Sleep Moves Clause: Sleep-inducing moves are banned
|clearpoke
|poke|p1|Great Tusk|
|poke|p1|Ogerpon-Cornerstone, F|
|poke|p1|Rillaboom, F|
|poke|p1|Tyranitar, M|
|poke|p1|Corviknight, M|
|poke|p1|Dragapult, M|
|poke|p2|Dragapult, M|
|poke|p2|Clefable, F|
|poke|p2|Gliscor, M|
|poke|p2|Iron Treads|
|poke|p2|Slowking-Galar, M|
|poke|p2|Slowbro, F|
|teampreview
|c|☆ajonymousnon|gg
|c|☆ajonymousnon|sorry
|c|☆ajonymousnon|that was meant for my last battle lol
|
|t:|1760823498
|teamsize|p1|6
|teamsize|p2|6
|start
|switch|p1a: Tyranitar|Tyranitar, M|100/100
|switch|p2a: Gliscor|Gliscor, M, shiny|100/100
|-weather|Sandstorm|[from] ability: Sand Stream|[of] p1a: Tyranitar
|turn|1
|c|☆ajonymousnon|This one popped up right as I typed it haha
|
|t:|1760823508
|move|p2a: Gliscor|Earthquake|p1a: Tyranitar
|-supereffective|p1a: Tyranitar
|-damage|p1a: Tyranitar|19/100
|-damage|p2a: Gliscor|91/100|[from] item: Life Orb
|move|p1a: Tyranitar|Roar|p2a: Gliscor
|drag|p2a: Slowking|Slowking-Galar, M|100/100
|
|-weather|Sandstorm|[upkeep]
|-damage|p2a: Slowking|94/100|[from] Sandstorm
|-heal|p1a: Tyranitar|25/100|[from] item: Leftovers
|upkeep
|turn|2
|
|t:|1760823526
|switch|p2a: Gliscor|Gliscor, M, shiny|91/100
|move|p1a: Tyranitar|Knock Off|p2a: Gliscor
|-damage|p2a: Gliscor|51/100
|-enditem|p2a: Gliscor|Life Orb|[from] move: Knock Off|[of] p1a: Tyranitar
|
|-weather|Sandstorm|[upkeep]
|-heal|p1a: Tyranitar|31/100|[from] item: Leftovers
|upkeep
|turn|3
|
|t:|1760823532
|switch|p1a: Rillaboom|Rillaboom, F|100/100
|-fieldstart|move: Grassy Terrain|[from] ability: Grassy Surge|[of] p1a: Rillaboom
|move|p2a: Gliscor|Toxic Spikes|p1a: Rillaboom
|-sidestart|p1: ajonymousnon|move: Toxic Spikes
|
|-weather|Sandstorm|[upkeep]
|-damage|p1a: Rillaboom|94/100|[from] Sandstorm
|-heal|p1a: Rillaboom|100/100|[from] Grassy Terrain
|upkeep
|turn|4
|
|t:|1760823536
|move|p2a: Gliscor|Knock Off|p1a: Rillaboom
|-damage|p1a: Rillaboom|68/100
|-enditem|p1a: Rillaboom|Choice Band|[from] move: Knock Off|[of] p2a: Gliscor
|move|p1a: Rillaboom|Wood Hammer|p2a: Gliscor
|-damage|p2a: Gliscor|0 fnt
|faint|p2a: Gliscor
|-damage|p1a: Rillaboom|54/100|[from] Recoil
|
|-weather|Sandstorm|[upkeep]
|-damage|p1a: Rillaboom|47/100|[from] Sandstorm
|-heal|p1a: Rillaboom|54/100|[from] Grassy Terrain
|upkeep
|
|t:|1760823541
|switch|p2a: Dragapult|Dragapult, M, shiny|100/100
|turn|5
|
|t:|1760823543
|move|p2a: Dragapult|Fire Blast|p1a: Rillaboom
|-supereffective|p1a: Rillaboom
|-damage|p1a: Rillaboom|0 fnt
|faint|p1a: Rillaboom
|
|-weather|none
|upkeep
|
|t:|1760823548
|switch|p1a: Tyranitar|Tyranitar, M|31/100
|-status|p1a: Tyranitar|psn
|-weather|Sandstorm|[from] ability: Sand Stream|[of] p1a: Tyranitar
|turn|6
|
|t:|1760823564
|move|p2a: Dragapult|Dragon Darts|p1a: Tyranitar
|-damage|p1a: Tyranitar|15/100 psn
|-anim|p2a: Dragapult|Dragon Darts|p1a: Tyranitar
|-damage|p1a: Tyranitar|0 fnt
|faint|p1a: Tyranitar
|
|-weather|Sandstorm|[upkeep]
|-damage|p2a: Dragapult|95/100|[from] Sandstorm
|-heal|p2a: Dragapult|100/100|[from] Grassy Terrain
|upkeep
|
|t:|1760823569
|switch|p1a: Great Tusk|Great Tusk|100/100
|-status|p1a: Great Tusk|psn
|turn|7
|
|t:|1760823599
|move|p2a: Dragapult|Hydro Pump|p1a: Great Tusk
|-supereffective|p1a: Great Tusk
|-damage|p1a: Great Tusk|46/100 psn
|move|p1a: Great Tusk|Ice Spinner|p2a: Dragapult
|-supereffective|p2a: Dragapult
|-damage|p2a: Dragapult|22/100
|-fieldend|move: Grassy Terrain
|
|-weather|Sandstorm|[upkeep]
|-damage|p2a: Dragapult|16/100|[from] Sandstorm
|-damage|p1a: Great Tusk|34/100 psn|[from] psn
|upkeep
|turn|8
|
|t:|1760823604
|-end|p1a: Great Tusk|Protosynthesis|[silent]
|switch|p1a: Corviknight|Corviknight, M|100/100
|-ability|p1a: Corviknight|Pressure
|move|p2a: Dragapult|Hex|p1a: Corviknight
|-damage|p1a: Corviknight|72/100
|
|-weather|Sandstorm|[upkeep]
|-damage|p2a: Dragapult|10/100|[from] Sandstorm
|upkeep
|turn|9
|
|t:|1760823609
|switch|p1a: Dragapult|Dragapult, M|100/100
|-status|p1a: Dragapult|psn
|move|p2a: Dragapult|Fire Blast|p1a: Dragapult|[miss]
|-miss|p2a: Dragapult|p1a: Dragapult
|
|-weather|Sandstorm|[upkeep]
|-damage|p1a: Dragapult|94/100 psn|[from] Sandstorm
|-damage|p2a: Dragapult|4/100|[from] Sandstorm
|-heal|p1a: Dragapult|100/100 psn|[from] item: Leftovers
|-damage|p1a: Dragapult|88/100 psn|[from] psn
|upkeep
|turn|10
|
|t:|1760823612
|move|p1a: Dragapult|Hex|p2a: Dragapult
|-supereffective|p2a: Dragapult
|-damage|p2a: Dragapult|0 fnt
|faint|p2a: Dragapult
|
|-weather|none
|-heal|p1a: Dragapult|94/100 psn|[from] item: Leftovers
|-damage|p1a: Dragapult|82/100 psn|[from] psn
|upkeep
|
|t:|1760823620
|switch|p2a: Slowking|Slowking-Galar, M|100/100
|turn|11
|
|t:|1760823623
|move|p1a: Dragapult|Hex|p2a: Slowking
|-supereffective|p2a: Slowking
|-damage|p2a: Slowking|78/100
|move|p2a: Slowking|Future Sight|p1a: Dragapult
|-start|p2a: Slowking|move: Future Sight
|
|-heal|p1a: Dragapult|88/100 psn|[from] item: Leftovers
|-damage|p1a: Dragapult|76/100 psn|[from] psn
|upkeep
|turn|12
|
|t:|1760823628
|move|p1a: Dragapult|Will-O-Wisp|p2a: Slowking
|-status|p2a: Slowking|brn
|move|p2a: Slowking|Flamethrower|p1a: Dragapult
|-resisted|p1a: Dragapult
|-crit|p1a: Dragapult
|-damage|p1a: Dragapult|53/100 psn
|
|-heal|p1a: Dragapult|59/100 psn|[from] item: Leftovers
|-damage|p1a: Dragapult|47/100 psn|[from] psn
|-damage|p2a: Slowking|72/100 brn|[from] brn
|upkeep
|turn|13
|
|t:|1760823636
|switch|p2a: Clefable|Clefable, F|100/100
|move|p1a: Dragapult|Hex|p2a: Clefable
|-damage|p2a: Clefable|72/100
|
|-end|p1a: Dragapult|move: Future Sight
|-damage|p1a: Dragapult|0 fnt
|faint|p1a: Dragapult
|upkeep
|
|t:|1760823638
|switch|p1a: Great Tusk|Great Tusk|34/100 psn
|turn|14
|
|t:|1760823644
|move|p1a: Great Tusk|Rapid Spin|p2a: Clefable
|-damage|p2a: Clefable|59/100
|-boost|p1a: Great Tusk|spe|1
|-sideend|p1: ajonymousnon|Toxic Spikes|[from] move: Rapid Spin|[of] p1a: Great Tusk
|move|p2a: Clefable|Moonblast|p1a: Great Tusk
|-supereffective|p1a: Great Tusk
|-damage|p1a: Great Tusk|0 fnt
|faint|p1a: Great Tusk
|-end|p1a: Great Tusk|Protosynthesis|[silent]
|
|upkeep
|
|t:|1760823646
|switch|p1a: Ogerpon|Ogerpon-Cornerstone, F|100/100
|turn|15
|
|t:|1760823652
|move|p1a: Ogerpon|Swords Dance|p1a: Ogerpon
|-boost|p1a: Ogerpon|atk|2
|move|p2a: Clefable|Moonblast|p1a: Ogerpon
|-damage|p1a: Ogerpon|62/100
|
|upkeep
|turn|16
|
|t:|1760823660
|move|p1a: Ogerpon|Horn Leech|p2a: Clefable
|-damage|p2a: Clefable|24/100
|-heal|p1a: Ogerpon|84/100|[from] drain|[of] p2a: Clefable
|move|p2a: Clefable|Moonblast|p1a: Ogerpon
|-damage|p1a: Ogerpon|49/100
|-unboost|p1a: Ogerpon|spa|1
|
|upkeep
|turn|17
|
|t:|1760823663
|move|p1a: Ogerpon|Horn Leech|p2a: Clefable
|-damage|p2a: Clefable|0 fnt
|-heal|p1a: Ogerpon|64/100|[from] drain|[of] p2a: Clefable
|faint|p2a: Clefable
|
|upkeep
|
|t:|1760823706
|switch|p2a: Slowbro|Slowbro, F|100/100
|turn|18
|
|t:|1760823727
|-terastallize|p1a: Ogerpon|Rock
|detailschange|p1a: Ogerpon|Ogerpon-Cornerstone-Tera, F, tera:Rock
|-ability|p1a: Ogerpon|Embody Aspect (Cornerstone)|boost
|-boost|p1a: Ogerpon|def|1
|-terastallize|p2a: Slowbro|Electric
|move|p1a: Ogerpon|Ivy Cudgel|p2a: Slowbro|[anim] Ivy Cudgel Rock
|-damage|p2a: Slowbro|1/100
|move|p2a: Slowbro|Scald|p1a: Ogerpon
|-supereffective|p1a: Ogerpon
|-damage|p1a: Ogerpon|0 fnt
|faint|p1a: Ogerpon
|detailschange|p1: Ogerpon|Ogerpon-Cornerstone, F|[silent]
|
|upkeep
|
|t:|1760823732
|switch|p1a: Corviknight|Corviknight, M|72/100
|-ability|p1a: Corviknight|Pressure
|turn|19
|
|t:|1760823761
|switch|p2a: Slowking|Slowking-Galar, M|100/100 brn
|move|p1a: Corviknight|Brave Bird|p2a: Slowking
|-damage|p2a: Slowking|65/100 brn
|-damage|p1a: Corviknight|61/100|[from] Recoil
|
|-damage|p2a: Slowking|59/100 brn|[from] brn
|upkeep
|turn|20
|
|t:|1760823767
|move|p1a: Corviknight|Brave Bird|p2a: Slowking
|-damage|p2a: Slowking|18/100 brn
|-damage|p1a: Corviknight|48/100|[from] Recoil
|move|p2a: Slowking|Chilling Water|p1a: Corviknight
|-damage|p1a: Corviknight|36/100
|-unboost|p1a: Corviknight|atk|1
|
|-damage|p2a: Slowking|12/100 brn|[from] brn
|upkeep
|turn|21
|
|t:|1760823771
|switch|p2a: Iron Treads|Iron Treads|100/100
|move|p1a: Corviknight|Body Press|p2a: Iron Treads
|-supereffective|p2a: Iron Treads
|-damage|p2a: Iron Treads|51/100
|
|upkeep
|turn|22
|
|t:|1760823788
|move|p2a: Iron Treads|Knock Off|p1a: Corviknight
|-damage|p1a: Corviknight|7/100
|-damage|p2a: Iron Treads|34/100|[from] item: Rocky Helmet|[of] p1a: Corviknight
|-enditem|p1a: Corviknight|Rocky Helmet|[from] move: Knock Off|[of] p2a: Iron Treads
|move|p1a: Corviknight|Body Press|p2a: Iron Treads
|-supereffective|p2a: Iron Treads
|-damage|p2a: Iron Treads|0 fnt
|faint|p2a: Iron Treads
|-end|p2a: Iron Treads|Quark Drive|[silent]
|
|upkeep
|
|t:|1760823794
|switch|p2a: Slowbro|Slowbro, F, tera:Electric|34/100
|turn|23
|
|t:|1760823796
|switch|p2a: Slowking|Slowking-Galar, M|45/100 brn
|move|p1a: Corviknight|Body Press|p2a: Slowking
|-resisted|p2a: Slowking
|-damage|p2a: Slowking|38/100 brn
|
|-damage|p2a: Slowking|32/100 brn|[from] brn
|upkeep
|turn|24
|
|t:|1760823801
|move|p1a: Corviknight|Roost|p1a: Corviknight
|-heal|p1a: Corviknight|57/100
|-singleturn|p1a: Corviknight|move: Roost
|move|p2a: Slowking|Flamethrower|p1a: Corviknight
|-supereffective|p1a: Corviknight
|-damage|p1a: Corviknight|12/100
|
|-damage|p2a: Slowking|26/100 brn|[from] brn
|upkeep
|turn|25
|
|t:|1760823804
|move|p1a: Corviknight|Brave Bird|p2a: Slowking
|-damage|p2a: Slowking|1/100 brn
|-damage|p1a: Corviknight|4/100|[from] Recoil
|move|p2a: Slowking|Flamethrower|p1a: Corviknight
|-supereffective|p1a: Corviknight
|-damage|p1a: Corviknight|0 fnt
|faint|p1a: Corviknight
|
|win|papagoi19
|raw|ajonymousnon's rating: 1674 &rarr; <strong>1650</strong><br />(-24 for losing)
|raw|papagoi19's rating: 1597 &rarr; <strong>1621</strong><br />(+24 for winning)
|c|☆ajonymousnon|gg
|l|☆ajonymousnon
|player|p1|
|c|☆papagoi19|gg
|l|☆papagoi19
|player|p2|
