|j|☆zsu-twink
|j|☆RomanticM
|t:|1760769364
|gametype|singles
|player|p1|zsu-twink|skyla|1146
|player|p2|RomanticM|169|1104
|gen|9
|tier|[Gen 9] OU
|rated|
|rule|HP Percentage Mod: HP is shown in percentages
|rule|Endless Battle Clause: Forcing endless battles is banned
|rule|Species Clause: Limit one of each Pokémon
|rule|OHKO Clause: OHKO moves are banned
|rule|Evasion Items Clause: Evasion items are banned
|rule|Evasion Moves Clause: Evasion moves are banned
|rule|Evasion Abilities Clause: Evasion abilities are banned
|rule|Sleep Moves Clause: Sleep-inducing moves are banned
|clearpoke
|poke|p1|Quaquaval, M|
|poke|p1|Meowscarada, M|
|poke|p1|Skeledirge, M|
|poke|p1|Goodra-Hisui, F|
|poke|p1|Great Tusk|
|poke|p1|Lapras, F|
|poke|p2|Dusknoir, F|
|poke|p2|Gardevoir, F|
|poke|p2|Empoleon, F|
|poke|p2|Garchomp, F|
|poke|p2|Charizard, M|
|poke|p2|Abomasnow, M|
|teampreview
|
|t:|1760769370
|teamsize|p1|6
|teamsize|p2|6
|start
|switch|p1a: Mad Ducky|Quaquaval, M|100/100
|switch|p2a: Dusknoir|Dusknoir, F|100/100
|-ability|p2a: Dusknoir|Pressure
|turn|1
|
|t:|1760769377
|move|p1a: Mad Ducky|Feather Dance|p2a: Dusknoir
|-unboost|p2a: Dusknoir|atk|2
|move|p2a: Dusknoir|Earthquake|p1a: Mad Ducky
|-damage|p1a: Mad Ducky|80/100
|
|-heal|p1a: Mad Ducky|86/100|[from] item: Leftovers
|upkeep
|turn|2
|
|t:|1760769393
|switch|p1a: The Kitty|Meowscarada, M|100/100
|switch|p2a: Gardevoir|Gardevoir, F|100/100
|
|upkeep
|turn|3
|
|t:|1760769406
|switch|p1a: Skeledirge|Skeledirge, M|100/100
|switch|p2a: Abomasnow|Abomasnow, M|100/100
|-weather|Snowscape|[from] ability: Snow Warning|[of] p2a: Abomasnow
|
|-weather|Snowscape|[upkeep]
|upkeep
|turn|4
|
|t:|1760769420
|switch|p2a: Charizard|Charizard, M|100/100
|move|p1a: Skeledirge|Torch Song|p2a: Charizard
|-resisted|p2a: Charizard
|-damage|p2a: Charizard|87/100
|-boost|p1a: Skeledirge|spa|1
|
|-weather|Snowscape|[upkeep]
|-heal|p2a: Charizard|93/100|[from] item: Leftovers
|upkeep
|turn|5
|
|t:|1760769430
|move|p2a: Charizard|Scorching Sands|p1a: Skeledirge
|-supereffective|p1a: Skeledirge
|-damage|p1a: Skeledirge|70/100
|move|p1a: Skeledirge|Hex|p2a: Charizard
|-damage|p2a: Charizard|53/100
|
|-weather|Snowscape|[upkeep]
|-heal|p2a: Charizard|59/100|[from] item: Leftovers
|-heal|p1a: Skeledirge|76/100|[from] item: Leftovers
|upkeep
|turn|6
|
|t:|1760769442
|switch|p1a: The Kitty|Meowscarada, M|100/100
|move|p2a: Charizard|Scorching Sands|p1a: The Kitty
|-resisted|p1a: The Kitty
|-damage|p1a: The Kitty|85/100
|-status|p1a: The Kitty|brn
|
|-weather|Snowscape|[upkeep]
|-heal|p2a: Charizard|65/100|[from] item: Leftovers
|-damage|p1a: The Kitty|79/100 brn|[from] brn
|upkeep
|turn|7
|
|t:|1760769453
|move|p1a: The Kitty|Nasty Plot|p1a: The Kitty
|-start|p1a: The Kitty|typechange|Dark|[from] ability: Protean
|-boost|p1a: The Kitty|spa|2
|move|p2a: Charizard|Flamethrower|p1a: The Kitty
|-damage|p1a: The Kitty|25/100 brn
|
|-weather|none
|-heal|p2a: Charizard|72/100|[from] item: Leftovers
|-damage|p1a: The Kitty|19/100 brn|[from] brn
|upkeep
|turn|8
|
|t:|1760769464
|move|p1a: The Kitty|Power Gem|p2a: Charizard
|-supereffective|p2a: Charizard
|-damage|p2a: Charizard|0 fnt
|faint|p2a: Charizard
|-damage|p1a: The Kitty|9/100 brn|[from] item: Life Orb
|
|-damage|p1a: The Kitty|3/100 brn|[from] brn
|upkeep
|
|t:|1760769530
|switch|p2a: Garchomp|Garchomp, F|100/100
|turn|9
|
|t:|1760769538
|move|p1a: The Kitty|Giga Drain|p2a: Garchomp
|-damage|p2a: Garchomp|64/100
|-heal|p1a: The Kitty|25/100 brn|[from] drain|[of] p2a: Garchomp
|-damage|p1a: The Kitty|16/100 brn|[from] item: Life Orb
|move|p2a: Garchomp|Earthquake|p1a: The Kitty
|-damage|p1a: The Kitty|0 fnt
|faint|p1a: The Kitty
|
|upkeep
|
|t:|1760769546
|switch|p1a: Smart 'pras|Lapras, F|100/100
|turn|10
|
|t:|1760769551
|switch|p2a: Empoleon|Empoleon, F|100/100
|move|p1a: Smart 'pras|Dragon Dance|p1a: Smart 'pras
|-boost|p1a: Smart 'pras|atk|1
|-boost|p1a: Smart 'pras|spe|1
|
|upkeep
|turn|11
|
|t:|1760769557
|move|p1a: Smart 'pras|Earthquake|p2a: Empoleon
|-supereffective|p2a: Empoleon
|-damage|p2a: Empoleon|21/100
|move|p2a: Empoleon|Flash Cannon|p1a: Smart 'pras
|-damage|p1a: Smart 'pras|68/100
|
|-heal|p2a: Empoleon|27/100|[from] item: Leftovers
|upkeep
|turn|12
|
|t:|1760769576
|move|p1a: Smart 'pras|Dragon Dance|p1a: Smart 'pras
|-boost|p1a: Smart 'pras|atk|1
|-boost|p1a: Smart 'pras|spe|1
|move|p2a: Empoleon|Flash Cannon|p1a: Smart 'pras
|-damage|p1a: Smart 'pras|34/100
|
|-heal|p2a: Empoleon|33/100|[from] item: Leftovers
|upkeep
|turn|13
|
|t:|1760769584
|move|p1a: Smart 'pras|Earthquake|p2a: Empoleon
|-supereffective|p2a: Empoleon
|-damage|p2a: Empoleon|0 fnt
|faint|p2a: Empoleon
|
|upkeep
|
|t:|1760769599
|switch|p2a: Dusknoir|Dusknoir, F|100/100
|-ability|p2a: Dusknoir|Pressure
|turn|14
|
|t:|1760769605
|move|p1a: Smart 'pras|Icicle Spear|p2a: Dusknoir
|-damage|p2a: Dusknoir|83/100
|-damage|p2a: Dusknoir|66/100
|-damage|p2a: Dusknoir|50/100
|-damage|p2a: Dusknoir|32/100
|-hitcount|p2a: Dusknoir|4
|move|p2a: Dusknoir|Poltergeist|p1a: Smart 'pras
|-activate|p1a: Smart 'pras|move: Poltergeist|Loaded Dice
|-damage|p1a: Smart 'pras|0 fnt
|faint|p1a: Smart 'pras
|
|-heal|p2a: Dusknoir|39/100|[from] item: Leftovers
|upkeep
|
|t:|1760769624
|switch|p1a: Mad Ducky|Quaquaval, M|86/100
|turn|15
|
|t:|1760769629
|move|p1a: Mad Ducky|Feather Dance|p2a: Dusknoir
|-unboost|p2a: Dusknoir|atk|2
|move|p2a: Dusknoir|Pain Split|p1a: Mad Ducky
|-sethp|p1a: Mad Ducky|59/100|[from] move: Pain Split|[silent]
|-sethp|p2a: Dusknoir|69/100|[from] move: Pain Split
|
|-heal|p1a: Mad Ducky|66/100|[from] item: Leftovers
|-heal|p2a: Dusknoir|75/100|[from] item: Leftovers
|upkeep
|turn|16
|
|t:|1760769645
|switch|p2a: Garchomp|Garchomp, F|64/100
|move|p1a: Mad Ducky|Aqua Step|p2a: Garchomp
|-damage|p2a: Garchomp|36/100
|-boost|p1a: Mad Ducky|spe|1
|-damage|p1a: Mad Ducky|53/100|[from] ability: Rough Skin|[of] p2a: Garchomp
|
|-heal|p1a: Mad Ducky|59/100|[from] item: Leftovers
|upkeep
|turn|17
|
|t:|1760769663
|switch|p1a: Greatest Tusk|Great Tusk|100/100
|move|p2a: Garchomp|Earthquake|p1a: Greatest Tusk
|-damage|p1a: Greatest Tusk|73/100
|
|upkeep
|turn|18
|
|t:|1760769705
|switch|p2a: Gardevoir|Gardevoir, F|100/100
|move|p1a: Greatest Tusk|Ice Spinner|p2a: Gardevoir
|-damage|p2a: Gardevoir|70/100
|
|-heal|p2a: Gardevoir|77/100|[from] item: Leftovers
|upkeep
|turn|19
|
|t:|1760769713
|-end|p1a: Greatest Tusk|Protosynthesis|[silent]
|switch|p1a: Goodra|Goodra-Hisui, F|100/100
|move|p2a: Gardevoir|Moonblast|p1a: Goodra
|-damage|p1a: Goodra|81/100
|
|-heal|p2a: Gardevoir|83/100|[from] item: Leftovers
|upkeep
|turn|20
|
|t:|1760769737
|switch|p2a: Garchomp|Garchomp, F|36/100
|move|p1a: Goodra|Flash Cannon|p2a: Garchomp
|-damage|p2a: Garchomp|8/100
|
|upkeep
|turn|21
|
|t:|1760769746
|-terastallize|p1a: Goodra|Flying
|move|p2a: Garchomp|Earthquake|p1a: Goodra
|-immune|p1a: Goodra
|move|p1a: Goodra|Flash Cannon|p2a: Garchomp
|-damage|p2a: Garchomp|0 fnt
|faint|p2a: Garchomp
|
|upkeep
|inactive|Battle timer is ON: inactive players will automatically lose when time's up. (requested by zsu-twink)
|
|t:|1760769764
|switch|p2a: Abomasnow|Abomasnow, M|100/100
|-weather|Snowscape|[from] ability: Snow Warning|[of] p2a: Abomasnow
|turn|22
|
|t:|1760769771
|switch|p1a: Mad Ducky|Quaquaval, M|59/100
|-terastallize|p2a: Abomasnow|Grass
|move|p2a: Abomasnow|Blizzard|p1a: Mad Ducky
|-resisted|p1a: Mad Ducky
|-damage|p1a: Mad Ducky|32/100
|
|-weather|Snowscape|[upkeep]
|-heal|p1a: Mad Ducky|38/100|[from] item: Leftovers
|upkeep
|turn|23
|
|t:|1760769782
|move|p1a: Mad Ducky|Low Kick|p2a: Abomasnow
|-damage|p2a: Abomasnow|58/100
|move|p2a: Abomasnow|Giga Drain|p1a: Mad Ducky
|-supereffective|p1a: Mad Ducky
|-damage|p1a: Mad Ducky|0 fnt
|-heal|p2a: Abomasnow|79/100|[from] drain|[of] p1a: Mad Ducky
|faint|p1a: Mad Ducky
|
|-weather|Snowscape|[upkeep]
|upkeep
|
|t:|1760769788
|switch|p1a: Skeledirge|Skeledirge, M|76/100
|turn|24
|
|t:|1760769807
|switch|p2a: Dusknoir|Dusknoir, F|75/100
|-ability|p2a: Dusknoir|Pressure
|move|p1a: Skeledirge|Torch Song|p2a: Dusknoir
|-damage|p2a: Dusknoir|50/100
|-boost|p1a: Skeledirge|spa|1
|
|-weather|Snowscape|[upkeep]
|-heal|p1a: Skeledirge|82/100|[from] item: Leftovers
|-heal|p2a: Dusknoir|56/100|[from] item: Leftovers
|upkeep
|turn|25
|
|t:|1760769818
|move|p1a: Skeledirge|Will-O-Wisp|p2a: Dusknoir
|-status|p2a: Dusknoir|brn
|move|p2a: Dusknoir|Poltergeist|p1a: Skeledirge
|-activate|p1a: Skeledirge|move: Poltergeist|Leftovers
|-supereffective|p1a: Skeledirge
|-damage|p1a: Skeledirge|40/100
|
|-weather|Snowscape|[upkeep]
|-heal|p1a: Skeledirge|46/100|[from] item: Leftovers
|-heal|p2a: Dusknoir|62/100 brn|[from] item: Leftovers
|-damage|p2a: Dusknoir|56/100 brn|[from] brn
|upkeep
|turn|26
|
|t:|1760769830
|move|p1a: Skeledirge|Hex|p2a: Dusknoir
|-supereffective|p2a: Dusknoir
|-damage|p2a: Dusknoir|0 fnt
|faint|p2a: Dusknoir
|
|-weather|none
|-heal|p1a: Skeledirge|52/100|[from] item: Leftovers
|upkeep
|
|t:|1760769840
|switch|p2a: Gardevoir|Gardevoir, F|83/100
|turn|27
|
|t:|1760769847
|move|p2a: Gardevoir|Moonblast|p1a: Skeledirge
|-resisted|p1a: Skeledirge
|-damage|p1a: Skeledirge|33/100
|move|p1a: Skeledirge|Hex|p2a: Gardevoir
|-supereffective|p2a: Gardevoir
|-damage|p2a: Gardevoir|13/100
|
|-heal|p2a: Gardevoir|19/100|[from] item: Leftovers
|-heal|p1a: Skeledirge|39/100|[from] item: Leftovers
|upkeep
|turn|28
|
|t:|1760769858
|move|p2a: Gardevoir|Thunderbolt|p1a: Skeledirge
|-damage|p1a: Skeledirge|18/100
|move|p1a: Skeledirge|Slack Off|p1a: Skeledirge
|-heal|p1a: Skeledirge|68/100
|
|-heal|p2a: Gardevoir|25/100|[from] item: Leftovers
|-heal|p1a: Skeledirge|74/100|[from] item: Leftovers
|upkeep
|turn|29
|
|t:|1760769866
|move|p2a: Gardevoir|Pain Split|p1a: Skeledirge
|-sethp|p1a: Skeledirge|47/100|[from] move: Pain Split|[silent]
|-sethp|p2a: Gardevoir|61/100|[from] move: Pain Split
|move|p1a: Skeledirge|Hex|p2a: Gardevoir
|-supereffective|p2a: Gardevoir
|-damage|p2a: Gardevoir|0 fnt
|faint|p2a: Gardevoir
|
|-heal|p1a: Skeledirge|53/100|[from] item: Leftovers
|upkeep
|
|t:|1760769875
|switch|p2a: Abomasnow|Abomasnow, M, tera:Grass|79/100
|-weather|Snowscape|[from] ability: Snow Warning|[of] p2a: Abomasnow
|turn|30
|
|t:|1760769880
|move|p1a: Skeledirge|Torch Song|p2a: Abomasnow
|-supereffective|p2a: Abomasnow
|-damage|p2a: Abomasnow|0 fnt
|-boost|p1a: Skeledirge|spa|1
|faint|p2a: Abomasnow
|
|win|zsu-twink
|raw|zsu-twink's rating: 1146 &rarr; <strong>1168</strong><br />(+22 for winning)
|raw|RomanticM's rating: 1104 &rarr; <strong>1082</strong><br />(-22 for losing)
|l|☆RomanticM
|player|p2|
|l|☆zsu-twink
|player|p1|
