|j|☆paddyd121
|j|☆FrKrateR
|t:|1760880872
|gametype|singles
|player|p1|paddyd121|265|1419
|player|p2|FrKrateR|guzma|1380
|gen|9
|tier|[Gen 9] OU
|rated|
|rule|HP Percentage Mod: HP is shown in percentages
|rule|Endless Battle Clause: Forcing endless battles is banned
|rule|Species Clause: Limit one of each Pokémon
|rule|OHKO Clause: OHKO moves are banned
|rule|Evasion Items Clause: Evasion items are banned
|rule|Evasion Moves Clause: Evasion moves are banned
|rule|Evasion Abilities Clause: Evasion abilities are banned
|rule|Sleep Moves Clause: Sleep-inducing moves are banned
|clearpoke
|poke|p1|Volcanion|
|poke|p1|Corviknight, M|
|poke|p1|Dragonite, F|
|poke|p1|Meowscarada, M|
|poke|p1|Sandy Shocks|
|poke|p1|Florges, F|
|poke|p2|Quaquaval, M|
|poke|p2|Rillaboom, M|
|poke|p2|Moltres|
|poke|p2|Raging Bolt|
|poke|p2|Clefable, F|
|poke|p2|Iron Treads|
|teampreview
|
|t:|1760880885
|teamsize|p1|6
|teamsize|p2|6
|start
|switch|p1a: Meowscarada|Meowscarada, M|100/100
|switch|p2a: Clefable|Clefable, F|100/100
|turn|1
|
|t:|1760880898
|move|p1a: Meowscarada|U-turn|p2a: Clefable
|-start|p1a: Meowscarada|typechange|Bug|[from] ability: Protean
|-resisted|p2a: Clefable
|-damage|p2a: Clefable|80/100
|-damage|p1a: Meowscarada|84/100|[from] item: Rocky Helmet|[of] p2a: Clefable
|
|t:|1760880901
|switch|p1a: Volcanion|Volcanion|100/100|[from] U-turn
|move|p2a: Clefable|Knock Off|p1a: Volcanion
|-damage|p1a: Volcanion|85/100
|-enditem|p1a: Volcanion|Choice Specs|[from] move: Knock Off|[of] p2a: Clefable
|
|upkeep
|turn|2
|
|t:|1760880914
|move|p1a: Volcanion|Sludge Bomb|p2a: Clefable
|-supereffective|p2a: Clefable
|-damage|p2a: Clefable|38/100
|move|p2a: Clefable|Moonlight|p2a: Clefable
|-heal|p2a: Clefable|88/100
|
|upkeep
|turn|3
|
|t:|1760880920
|move|p1a: Volcanion|Sludge Bomb|p2a: Clefable
|-supereffective|p2a: Clefable
|-damage|p2a: Clefable|43/100
|-status|p2a: Clefable|psn
|move|p2a: Clefable|Stealth Rock|p1a: Volcanion
|-sidestart|p1: paddyd121|move: Stealth Rock
|
|upkeep
|turn|4
|
|t:|1760880926
|move|p1a: Volcanion|Sludge Bomb|p2a: Clefable
|-supereffective|p2a: Clefable
|-damage|p2a: Clefable|0 fnt
|faint|p2a: Clefable
|
|upkeep
|
|t:|1760880941
|switch|p2a: Iron Treads|Iron Treads|100/100
|-item|p2a: Iron Treads|Air Balloon
|turn|5
|
|t:|1760880956
|switch|p1a: Corviknight|Corviknight, M|100/100
|-damage|p1a: Corviknight|88/100|[from] Stealth Rock
|-ability|p1a: Corviknight|Pressure
|move|p2a: Iron Treads|Earthquake|p1a: Corviknight
|-immune|p1a: Corviknight
|
|-heal|p1a: Corviknight|94/100|[from] item: Leftovers
|upkeep
|turn|6
|
|t:|1760880960
|-end|p2a: Iron Treads|Quark Drive|[silent]
|switch|p2a: Moltres|Moltres|100/100
|move|p1a: Corviknight|Defog|p2a: Moltres
|-unboost|p2a: Moltres|evasion|1
|-sideend|p1: paddyd121|Stealth Rock|[from] move: Defog|[of] p1a: Corviknight
|
|-heal|p1a: Corviknight|100/100|[from] item: Leftovers
|upkeep
|turn|7
|
|t:|1760880966
|switch|p1a: Volcanion|Volcanion|85/100
|move|p2a: Moltres|U-turn|p1a: Volcanion
|-resisted|p1a: Volcanion
|-damage|p1a: Volcanion|78/100
|
|t:|1760880976
|switch|p2a: Iron Treads|Iron Treads|100/100|[from] U-turn
|-item|p2a: Iron Treads|Air Balloon
|
|upkeep
|turn|8
|
|t:|1760880988
|switch|p1a: Corviknight|Corviknight, M|100/100
|-ability|p1a: Corviknight|Pressure
|move|p2a: Iron Treads|Earthquake|p1a: Corviknight
|-immune|p1a: Corviknight
|
|upkeep
|turn|9
|
|t:|1760880993
|-end|p2a: Iron Treads|Quark Drive|[silent]
|switch|p2a: Moltres|Moltres|100/100
|move|p1a: Corviknight|U-turn|p2a: Moltres
|-resisted|p2a: Moltres
|-damage|p2a: Moltres|98/100
|-status|p1a: Corviknight|brn|[from] ability: Flame Body|[of] p2a: Moltres
|
|t:|1760881001
|switch|p1a: Sandy Shocks|Sandy Shocks|100/100|[from] U-turn
|
|upkeep
|turn|10
|
|t:|1760881008
|switch|p2a: Iron Treads|Iron Treads|100/100
|-item|p2a: Iron Treads|Air Balloon
|move|p1a: Sandy Shocks|Stealth Rock|p2a: Iron Treads
|-sidestart|p2: FrKrateR|move: Stealth Rock
|
|upkeep
|turn|11
|
|t:|1760881029
|-end|p1a: Sandy Shocks|Protosynthesis|[silent]
|switch|p1a: Meowscarada|Meowscarada, M|84/100
|move|p2a: Iron Treads|Stealth Rock|p1a: Meowscarada
|-sidestart|p1: paddyd121|move: Stealth Rock
|
|upkeep
|turn|12
|
|t:|1760881038
|move|p1a: Meowscarada|U-turn|p2a: Iron Treads
|-start|p1a: Meowscarada|typechange|Bug|[from] ability: Protean
|-resisted|p2a: Iron Treads
|-damage|p2a: Iron Treads|84/100
|-enditem|p2a: Iron Treads|Air Balloon
|
|t:|1760881042
|switch|p1a: Corviknight|Corviknight, M|100/100 brn|[from] U-turn
|-damage|p1a: Corviknight|88/100 brn|[from] Stealth Rock
|-ability|p1a: Corviknight|Pressure
|move|p2a: Iron Treads|Rapid Spin|p1a: Corviknight
|-resisted|p1a: Corviknight
|-damage|p1a: Corviknight|83/100 brn
|-boost|p2a: Iron Treads|spe|1
|-sideend|p2: FrKrateR|Stealth Rock|[from] move: Rapid Spin|[of] p2a: Iron Treads
|
|-heal|p1a: Corviknight|89/100 brn|[from] item: Leftovers
|-damage|p1a: Corviknight|83/100 brn|[from] brn
|upkeep
|turn|13
|
|t:|1760881054
|move|p2a: Iron Treads|Knock Off|p1a: Corviknight
|-damage|p1a: Corviknight|64/100 brn
|-enditem|p1a: Corviknight|Leftovers|[from] move: Knock Off|[of] p2a: Iron Treads
|move|p1a: Corviknight|Defog|p2a: Iron Treads
|-unboost|p2a: Iron Treads|evasion|1
|-sideend|p1: paddyd121|Stealth Rock|[from] move: Defog|[of] p1a: Corviknight
|
|-damage|p1a: Corviknight|57/100 brn|[from] brn
|upkeep
|turn|14
|
|t:|1760881065
|move|p2a: Iron Treads|Stealth Rock|p1a: Corviknight
|-sidestart|p1: paddyd121|move: Stealth Rock
|move|p1a: Corviknight|U-turn|p2a: Iron Treads
|-resisted|p2a: Iron Treads
|-damage|p2a: Iron Treads|81/100
|
|t:|1760881084
|switch|p1a: Dragonite|Dragonite, F|100/100|[from] U-turn
|
|upkeep
|turn|15
|
|t:|1760881092
|-end|p2a: Iron Treads|Quark Drive|[silent]
|switch|p2a: Moltres|Moltres|98/100
|move|p1a: Dragonite|Earthquake|p2a: Moltres
|-immune|p2a: Moltres
|
|upkeep
|turn|16
|
|t:|1760881098
|move|p1a: Dragonite|Dragon Dance|p1a: Dragonite
|-boost|p1a: Dragonite|atk|1
|-boost|p1a: Dragonite|spe|1
|move|p2a: Moltres|Roar|p1a: Dragonite
|drag|p1a: Volcanion|Volcanion|78/100
|-damage|p1a: Volcanion|53/100|[from] Stealth Rock
|
|upkeep
|turn|17
|
|t:|1760881104
|move|p1a: Volcanion|Steam Eruption|p2a: Moltres
|-supereffective|p2a: Moltres
|-crit|p2a: Moltres
|-damage|p2a: Moltres|0 fnt
|faint|p2a: Moltres
|
|upkeep
|
|t:|1760881118
|switch|p2a: Raging Bolt|Raging Bolt|100/100
|-enditem|p2a: Raging Bolt|Booster Energy
|-activate|p2a: Raging Bolt|ability: Protosynthesis|[fromitem]
|-start|p2a: Raging Bolt|protosynthesisspa
|turn|18
|
|t:|1760881125
|switch|p1a: Florges|Florges, F|100/100
|-damage|p1a: Florges|88/100|[from] Stealth Rock
|move|p2a: Raging Bolt|Draco Meteor|p1a: Florges
|-immune|p1a: Florges
|
|-heal|p1a: Florges|94/100|[from] item: Leftovers
|upkeep
|turn|19
|
|t:|1760881142
|-end|p2a: Raging Bolt|Protosynthesis|[silent]
|switch|p2a: Iron Treads|Iron Treads|81/100
|move|p1a: Florges|Moonblast|p2a: Iron Treads
|-resisted|p2a: Iron Treads
|-damage|p2a: Iron Treads|49/100
|-unboost|p2a: Iron Treads|spa|1
|
|-heal|p1a: Florges|99/100|[from] item: Leftovers
|upkeep
|turn|20
|
|t:|1760881146
|switch|p1a: Corviknight|Corviknight, M|57/100 brn
|-damage|p1a: Corviknight|45/100 brn|[from] Stealth Rock
|-ability|p1a: Corviknight|Pressure
|move|p2a: Iron Treads|Knock Off|p1a: Corviknight
|-damage|p1a: Corviknight|32/100 brn
|
|-damage|p1a: Corviknight|26/100 brn|[from] brn
|upkeep
|turn|21
|
|t:|1760881160
|-end|p2a: Iron Treads|Quark Drive|[silent]
|switch|p2a: Quaquaval|Quaquaval, M|100/100
|move|p1a: Corviknight|Roost|p1a: Corviknight
|-heal|p1a: Corviknight|76/100 brn
|-singleturn|p1a: Corviknight|move: Roost
|
|-damage|p1a: Corviknight|70/100 brn|[from] brn
|upkeep
|turn|22
|
|t:|1760881169
|move|p2a: Quaquaval|Knock Off|p1a: Corviknight
|-damage|p1a: Corviknight|56/100 brn
|move|p1a: Corviknight|Defog|p2a: Quaquaval
|-unboost|p2a: Quaquaval|evasion|1
|-sideend|p1: paddyd121|Stealth Rock|[from] move: Defog|[of] p1a: Corviknight
|
|-damage|p1a: Corviknight|49/100 brn|[from] brn
|upkeep
|turn|23
|
|t:|1760881177
|move|p2a: Quaquaval|Knock Off|p1a: Corviknight
|-damage|p1a: Corviknight|36/100 brn
|move|p1a: Corviknight|Roost|p1a: Corviknight
|-heal|p1a: Corviknight|86/100 brn
|-singleturn|p1a: Corviknight|move: Roost
|
|-damage|p1a: Corviknight|80/100 brn|[from] brn
|upkeep
|turn|24
|
|t:|1760881182
|move|p2a: Quaquaval|Aqua Step|p1a: Corviknight
|-damage|p1a: Corviknight|58/100 brn
|-boost|p2a: Quaquaval|spe|1
|move|p1a: Corviknight|U-turn|p2a: Quaquaval
|-resisted|p2a: Quaquaval
|-damage|p2a: Quaquaval|96/100
|
|t:|1760881187
|switch|p1a: Meowscarada|Meowscarada, M|84/100|[from] U-turn
|
|upkeep
|turn|25
|
|t:|1760881192
|move|p1a: Meowscarada|Flower Trick|p2a: Quaquaval
|-start|p1a: Meowscarada|typechange|Grass|[from] ability: Protean
|-supereffective|p2a: Quaquaval
|-crit|p2a: Quaquaval
|-damage|p2a: Quaquaval|0 fnt
|faint|p2a: Quaquaval
|
|upkeep
|
|t:|1760881200
|switch|p2a: Raging Bolt|Raging Bolt|100/100
|turn|26
|
|t:|1760881213
|switch|p1a: Florges|Florges, F|99/100
|move|p2a: Raging Bolt|Discharge|p1a: Florges
|-damage|p1a: Florges|68/100
|
|-heal|p1a: Florges|74/100|[from] item: Leftovers
|upkeep
|turn|27
|
|t:|1760881218
|-end|p2a: Raging Bolt|Protosynthesis|[silent]
|switch|p2a: Iron Treads|Iron Treads|49/100
|switch|p1a: Dragonite|Dragonite, F|100/100
|
|upkeep
|turn|28
|
|t:|1760881223
|move|p2a: Iron Treads|Knock Off|p1a: Dragonite
|-damage|p1a: Dragonite|83/100
|-enditem|p1a: Dragonite|Heavy-Duty Boots|[from] move: Knock Off|[of] p2a: Iron Treads
|move|p1a: Dragonite|Dragon Dance|p1a: Dragonite
|-boost|p1a: Dragonite|atk|1
|-boost|p1a: Dragonite|spe|1
|
|upkeep
|turn|29
|
|t:|1760881228
|move|p1a: Dragonite|Earthquake|p2a: Iron Treads
|-supereffective|p2a: Iron Treads
|-damage|p2a: Iron Treads|0 fnt
|faint|p2a: Iron Treads
|-end|p2a: Iron Treads|Quark Drive|[silent]
|
|upkeep
|
|t:|1760881232
|switch|p2a: Raging Bolt|Raging Bolt|100/100
|turn|30
|
|t:|1760881239
|-terastallize|p2a: Raging Bolt|Fairy
|move|p1a: Dragonite|Earthquake|p2a: Raging Bolt
|-damage|p2a: Raging Bolt|49/100
|move|p2a: Raging Bolt|Discharge|p1a: Dragonite
|-damage|p1a: Dragonite|35/100
|-status|p1a: Dragonite|par
|
|upkeep
|turn|31
|
|t:|1760881254
|move|p2a: Raging Bolt|Discharge|p1a: Dragonite
|-damage|p1a: Dragonite|0 fnt
|faint|p1a: Dragonite
|
|upkeep
|
|t:|1760881264
|switch|p1a: Meowscarada|Meowscarada, M|84/100
|turn|32
|
|t:|1760881268
|move|p2a: Raging Bolt|Thunderclap|p1a: Meowscarada
|-resisted|p1a: Meowscarada
|-damage|p1a: Meowscarada|51/100
|move|p1a: Meowscarada|Triple Axel|p2a: Raging Bolt
|-start|p1a: Meowscarada|typechange|Ice|[from] ability: Protean
|-damage|p2a: Raging Bolt|39/100
|-damage|p2a: Raging Bolt|19/100
|-damage|p2a: Raging Bolt|0 fnt
|faint|p2a: Raging Bolt
|-end|p2a: Raging Bolt|Protosynthesis|[silent]
|-hitcount|p2: Raging Bolt|3
|
|upkeep
|
|t:|1760881271
|switch|p2a: Rillaboom|Rillaboom, M|100/100
|-fieldstart|move: Grassy Terrain|[from] ability: Grassy Surge|[of] p2a: Rillaboom
|turn|33
|
|t:|1760881273
|move|p2a: Rillaboom|Grassy Glide|p1a: Meowscarada
|-damage|p1a: Meowscarada|0 fnt
|faint|p1a: Meowscarada
|
|upkeep
|
|t:|1760881278
|switch|p1a: Corviknight|Corviknight, M|58/100 brn
|-ability|p1a: Corviknight|Pressure
|turn|34
|
|t:|1760881281
|move|p2a: Rillaboom|Grassy Glide|p1a: Corviknight
|-resisted|p1a: Corviknight
|-damage|p1a: Corviknight|50/100 brn
|move|p1a: Corviknight|Roost|p1a: Corviknight
|-heal|p1a: Corviknight|99/100 brn
|-singleturn|p1a: Corviknight|move: Roost
|
|-heal|p1a: Corviknight|100/100 brn|[from] Grassy Terrain
|-damage|p1a: Corviknight|94/100 brn|[from] brn
|upkeep
|turn|35
|
|t:|1760881284
|move|p2a: Rillaboom|Grassy Glide|p1a: Corviknight
|-resisted|p1a: Corviknight
|-damage|p1a: Corviknight|86/100 brn
|move|p1a: Corviknight|Brave Bird|p2a: Rillaboom
|-supereffective|p2a: Rillaboom
|-damage|p2a: Rillaboom|57/100
|-damage|p1a: Corviknight|73/100 brn|[from] Recoil
|
|-heal|p2a: Rillaboom|63/100|[from] Grassy Terrain
|-damage|p1a: Corviknight|67/100 brn|[from] brn
|upkeep
|turn|36
|
|t:|1760881287
|move|p2a: Rillaboom|Grassy Glide|p1a: Corviknight
|-resisted|p1a: Corviknight
|-damage|p1a: Corviknight|60/100 brn
|move|p1a: Corviknight|Roost|p1a: Corviknight
|-heal|p1a: Corviknight|100/100 brn
|-singleturn|p1a: Corviknight|move: Roost
|
|-heal|p2a: Rillaboom|69/100|[from] Grassy Terrain
|-damage|p1a: Corviknight|94/100 brn|[from] brn
|upkeep
|turn|37
|
|t:|1760881289
|move|p2a: Rillaboom|Grassy Glide|p1a: Corviknight
|-resisted|p1a: Corviknight
|-damage|p1a: Corviknight|85/100 brn
|move|p1a: Corviknight|Brave Bird|p2a: Rillaboom
|-supereffective|p2a: Rillaboom
|-damage|p2a: Rillaboom|27/100
|-damage|p1a: Corviknight|73/100 brn|[from] Recoil
|
|-heal|p2a: Rillaboom|33/100|[from] Grassy Terrain
|-damage|p1a: Corviknight|67/100 brn|[from] brn
|-fieldend|move: Grassy Terrain
|upkeep
|turn|38
|
|t:|1760881292
|move|p2a: Rillaboom|Grassy Glide|p1a: Corviknight
|-resisted|p1a: Corviknight
|-damage|p1a: Corviknight|61/100 brn
|move|p1a: Corviknight|Brave Bird|p2a: Rillaboom
|-supereffective|p2a: Rillaboom
|-damage|p2a: Rillaboom|0 fnt
|faint|p2a: Rillaboom
|-damage|p1a: Corviknight|52/100 brn|[from] Recoil
|
|win|paddyd121
|raw|paddyd121's rating: 1419 &rarr; <strong>1437</strong><br />(+18 for winning)
|raw|FrKrateR's rating: 1380 &rarr; <strong>1362</strong><br />(-18 for losing)
|c|☆FrKrateR|ggs
|l|☆FrKrateR
|player|p2|
|l|☆paddyd121
|player|p1|
