|j|☆kenjihibiki
|j|☆geckoflaquee
|t:|1760879173
|gametype|singles
|player|p1|kenjihibiki|hilbert|1405
|player|p2|geckoflaquee|iris|1345
|gen|9
|tier|[Gen 9] OU
|rated|
|rule|HP Percentage Mod: HP is shown in percentages
|rule|Endless Battle Clause: Forcing endless battles is banned
|rule|Species Clause: Limit one of each Pokémon
|rule|OHKO Clause: OHKO moves are banned
|rule|Evasion Items Clause: Evasion items are banned
|rule|Evasion Moves Clause: Evasion moves are banned
|rule|Evasion Abilities Clause: Evasion abilities are banned
|rule|Sleep Moves Clause: Sleep-inducing moves are banned
|clearpoke
|poke|p1|Torkoal, M|
|poke|p1|Venusaur, M|
|poke|p1|Ceruledge, M|
|poke|p1|Garchomp, M|
|poke|p1|Mandibuzz, F|
|poke|p1|Alomomola, F|
|poke|p2|Hoopa-Unbound|
|poke|p2|Hatterene, F|
|poke|p2|Ursaluna, F|
|poke|p2|Necrozma|
|poke|p2|Scizor, F|
|poke|p2|Azumarill, F|
|teampreview
|inactive|Battle timer is ON: inactive players will automatically lose when time's up. (requested by geckoflaquee)
|
|t:|1760879189
|teamsize|p1|6
|teamsize|p2|6
|start
|switch|p1a: Torkoal|Torkoal, M|100/100
|switch|p2a: Necrozma|Necrozma, shiny|100/100
|-weather|SunnyDay|[from] ability: Drought|[of] p1a: Torkoal
|turn|1
|
|t:|1760879196
|move|p1a: Torkoal|Lava Plume|p2a: Necrozma
|-damage|p2a: Necrozma|59/100
|move|p2a: Necrozma|Trick Room|p2a: Necrozma
|-fieldstart|move: Trick Room|[of] p2a: Necrozma
|
|-weather|SunnyDay|[upkeep]
|-heal|p2a: Necrozma|65/100|[from] item: Leftovers
|upkeep
|turn|2
|
|t:|1760879202
|move|p1a: Torkoal|Clear Smog|p2a: Necrozma
|-damage|p2a: Necrozma|54/100
|-clearboost|p2a: Necrozma
|move|p2a: Necrozma|Earth Power|p1a: Torkoal
|-supereffective|p1a: Torkoal
|-damage|p1a: Torkoal|16/100
|
|-weather|SunnyDay|[upkeep]
|-heal|p2a: Necrozma|60/100|[from] item: Leftovers
|upkeep
|turn|3
|
|t:|1760879213
|switch|p1a: Mandibuzz|Mandibuzz, F|100/100
|move|p2a: Necrozma|Photon Geyser|p1a: Mandibuzz
|-immune|p1a: Mandibuzz
|
|-weather|SunnyDay|[upkeep]
|-heal|p2a: Necrozma|66/100|[from] item: Leftovers
|upkeep
|turn|4
|
|t:|1760879222
|move|p2a: Necrozma|Moonlight|p2a: Necrozma
|-heal|p2a: Necrozma|100/100
|move|p1a: Mandibuzz|Foul Play|p2a: Necrozma
|-supereffective|p2a: Necrozma
|-damage|p2a: Necrozma|59/100
|
|-weather|SunnyDay|[upkeep]
|-heal|p2a: Necrozma|65/100|[from] item: Leftovers
|upkeep
|turn|5
|
|t:|1760879230
|switch|p2a: Scizor|Scizor, F|100/100
|move|p1a: Mandibuzz|Taunt|p2a: Scizor
|-start|p2a: Scizor|move: Taunt
|
|-weather|SunnyDay|[upkeep]
|-fieldend|move: Trick Room
|upkeep
|turn|6
|
|t:|1760879238
|move|p1a: Mandibuzz|Foul Play|p2a: Scizor
|-damage|p2a: Scizor|49/100
|move|p2a: Scizor|U-turn|p1a: Mandibuzz
|-damage|p1a: Mandibuzz|63/100
|-damage|p2a: Scizor|32/100|[from] item: Rocky Helmet|[of] p1a: Mandibuzz
|
|t:|1760879246
|switch|p2a: Hoopa|Hoopa-Unbound|100/100|[from] U-turn
|
|-weather|SunnyDay|[upkeep]
|upkeep
|turn|7
|
|t:|1760879250
|move|p1a: Mandibuzz|Roost|p1a: Mandibuzz
|-heal|p1a: Mandibuzz|100/100
|-singleturn|p1a: Mandibuzz|move: Roost
|move|p2a: Hoopa|Focus Blast|p1a: Mandibuzz
|-supereffective|p1a: Mandibuzz
|-damage|p1a: Mandibuzz|0 fnt
|faint|p1a: Mandibuzz
|-damage|p2a: Hoopa|91/100|[from] item: Life Orb
|
|-weather|SunnyDay|[upkeep]
|upkeep
|
|t:|1760879262
|switch|p1a: Ceruledge|Ceruledge, M|100/100
|turn|8
|
|t:|1760879265
|move|p1a: Ceruledge|Poltergeist|p2a: Hoopa
|-activate|p2a: Hoopa|move: Poltergeist|Life Orb
|-damage|p2a: Hoopa|16/100
|move|p2a: Hoopa|Trick Room|p2a: Hoopa
|-fieldstart|move: Trick Room|[of] p2a: Hoopa
|
|-weather|none
|upkeep
|turn|9
|
|t:|1760879272
|move|p1a: Ceruledge|Shadow Sneak|p2a: Hoopa
|-damage|p2a: Hoopa|0 fnt
|faint|p2a: Hoopa
|
|upkeep
|
|t:|1760879276
|switch|p2a: Ursaluna|Ursaluna, F, shiny|100/100
|turn|10
|
|t:|1760879293
|switch|p1a: Torkoal|Torkoal, M|16/100
|-weather|SunnyDay|[from] ability: Drought|[of] p1a: Torkoal
|move|p2a: Ursaluna|Earthquake|p1a: Torkoal
|-supereffective|p1a: Torkoal
|-damage|p1a: Torkoal|0 fnt
|faint|p1a: Torkoal
|
|-weather|SunnyDay|[upkeep]
|-status|p2a: Ursaluna|brn|[from] item: Flame Orb
|upkeep
|
|t:|1760879306
|switch|p1a: Alomomola|Alomomola, F|100/100
|turn|11
|
|t:|1760879310
|move|p1a: Alomomola|Protect|p1a: Alomomola
|-singleturn|p1a: Alomomola|Protect
|move|p2a: Ursaluna|Swords Dance|p2a: Ursaluna
|-boost|p2a: Ursaluna|atk|2
|
|-weather|SunnyDay|[upkeep]
|-damage|p2a: Ursaluna|94/100 brn|[from] brn
|upkeep
|turn|12
|c|☆geckoflaquee|Ouch
|inactive|kenjihibiki has 120 seconds left.
|
|t:|1760879348
|switch|p1a: Ceruledge|Ceruledge, M|100/100
|move|p2a: Ursaluna|Earthquake|p1a: Ceruledge
|-supereffective|p1a: Ceruledge
|-enditem|p1a: Ceruledge|Focus Sash
|-damage|p1a: Ceruledge|1/100
|-ability|p1a: Ceruledge|Weak Armor|boost
|-unboost|p1a: Ceruledge|def|1
|-boost|p1a: Ceruledge|spe|2
|
|-weather|SunnyDay|[upkeep]
|-damage|p2a: Ursaluna|88/100 brn|[from] brn
|-fieldend|move: Trick Room
|upkeep
|turn|13
|-message|kenjihibiki forfeited.
|
|win|geckoflaquee
|raw|kenjihibiki's rating: 1405 &rarr; <strong>1382</strong><br />(-23 for losing)
|raw|geckoflaquee's rating: 1345 &rarr; <strong>1368</strong><br />(+23 for winning)
|l|☆kenjihibiki
|player|p1|
|l|☆geckoflaquee
|player|p2|
