|j|☆ihave_0idea
|j|☆laughs2giggles
|t:|1760754357
|gametype|singles
|player|p1|ihave_0idea|veteran|1302
|player|p2|laughs2giggles|flint|1302
|gen|9
|tier|[Gen 9] OU
|rated|
|rule|HP Percentage Mod: HP is shown in percentages
|rule|Endless Battle Clause: Forcing endless battles is banned
|rule|Species Clause: Limit one of each Pokémon
|rule|OHKO Clause: OHKO moves are banned
|rule|Evasion Items Clause: Evasion items are banned
|rule|Evasion Moves Clause: Evasion moves are banned
|rule|Evasion Abilities Clause: Evasion abilities are banned
|rule|Sleep Moves Clause: Sleep-inducing moves are banned
|clearpoke
|poke|p1|Dragapult, M|
|poke|p1|Zamazenta-*|
|poke|p1|Slowking-Galar, F|
|poke|p1|Ogerpon-Wellspring, F|
|poke|p1|Iron Treads|
|poke|p1|Scizor, F|
|poke|p2|Dragonite, F|
|poke|p2|Samurott-Hisui, F|
|poke|p2|Great Tusk|
|poke|p2|Hatterene, F|
|poke|p2|Corviknight, M|
|poke|p2|Typhlosion-Hisui, M|
|teampreview
|inactive|Battle timer is ON: inactive players will automatically lose when time's up. (requested by ihave_0idea)
|inactive|laughs2giggles has 120 seconds left.
|
|t:|1760754402
|teamsize|p1|6
|teamsize|p2|6
|start
|switch|p1a: Ogerpon|Ogerpon-Wellspring, F|100/100
|switch|p2a: Typhlosion|Typhlosion-Hisui, M|100/100
|-item|p1a: Ogerpon|Wellspring Mask|[from] ability: Frisk|[of] p2a: Typhlosion
|turn|1
|
|t:|1760754426
|-terastallize|p2a: Typhlosion|Fire
|-terastallize|p1a: Ogerpon|Water
|detailschange|p1a: Ogerpon|Ogerpon-Wellspring-Tera, F, tera:Water
|-ability|p1a: Ogerpon|Embody Aspect (Wellspring)|boost
|-boost|p1a: Ogerpon|spd|1
|move|p2a: Typhlosion|Eruption|p1a: Ogerpon
|-resisted|p1a: Ogerpon
|-damage|p1a: Ogerpon|56/100
|move|p1a: Ogerpon|Knock Off|p2a: Typhlosion
|-damage|p2a: Typhlosion|43/100
|-enditem|p2a: Typhlosion|Choice Scarf|[from] move: Knock Off|[of] p1a: Ogerpon
|
|upkeep
|turn|2
|
|t:|1760754443
|switch|p2a: Corviknight|Corviknight, M|100/100
|-ability|p2a: Corviknight|Pressure
|move|p1a: Ogerpon|Ivy Cudgel|p2a: Corviknight|[anim] Ivy Cudgel Water
|-damage|p2a: Corviknight|50/100
|
|-heal|p2a: Corviknight|56/100|[from] item: Leftovers
|upkeep
|turn|3
|
|t:|1760754453
|move|p1a: Ogerpon|Ivy Cudgel|p2a: Corviknight|[anim] Ivy Cudgel Water
|-damage|p2a: Corviknight|9/100
|move|p2a: Corviknight|Body Press|p1a: Ogerpon
|-damage|p1a: Ogerpon|20/100
|
|-heal|p2a: Corviknight|15/100|[from] item: Leftovers
|upkeep
|turn|4
|
|t:|1760754461
|move|p1a: Ogerpon|Ivy Cudgel|p2a: Corviknight|[anim] Ivy Cudgel Water
|-damage|p2a: Corviknight|0 fnt
|faint|p2a: Corviknight
|
|upkeep
|
|t:|1760754469
|switch|p2a: Dragonite|Dragonite, F|100/100
|turn|5
|
|t:|1760754475
|switch|p1a: Dragapult|Dragapult, M|100/100
|move|p2a: Dragonite|Outrage|p1a: Dragapult
|-supereffective|p1a: Dragapult
|-damage|p1a: Dragapult|0 fnt
|faint|p1a: Dragapult
|
|upkeep
|
|t:|1760754484
|switch|p1a: Zamazenta|Zamazenta|100/100
|-ability|p1a: Zamazenta|Dauntless Shield|boost
|-boost|p1a: Zamazenta|def|1
|turn|6
|
|t:|1760754491
|move|p1a: Zamazenta|Ice Fang|p2a: Dragonite
|-supereffective|p2a: Dragonite
|-damage|p2a: Dragonite|43/100
|move|p2a: Dragonite|Outrage|p1a: Zamazenta|[from] lockedmove
|-damage|p1a: Zamazenta|32/100
|
|upkeep
|turn|7
|
|t:|1760754499
|move|p1a: Zamazenta|Ice Fang|p2a: Dragonite
|-supereffective|p2a: Dragonite
|-damage|p2a: Dragonite|0 fnt
|faint|p2a: Dragonite
|
|upkeep
|
|t:|1760754516
|switch|p2a: Hatterene|Hatterene, F|100/100
|turn|8
|
|t:|1760754520
|switch|p1a: Slowking|Slowking-Galar, F|100/100
|move|p2a: Hatterene|Nuzzle|p1a: Slowking
|-damage|p1a: Slowking|96/100
|-status|p1a: Slowking|par
|
|upkeep
|turn|9
|
|t:|1760754526
|switch|p2a: Samurott|Samurott-Hisui, F|100/100
|move|p1a: Slowking|Future Sight|p2a: Samurott
|-start|p1a: Slowking|move: Future Sight
|
|upkeep
|turn|10
|
|t:|1760754535
|switch|p1a: Iron Treads|Iron Treads|100/100
|move|p2a: Samurott|Ceaseless Edge|p1a: Iron Treads
|-damage|p1a: Iron Treads|56/100
|-sidestart|p1: ihave_0idea|Spikes
|
|upkeep
|turn|11
|
|t:|1760754543
|move|p1a: Iron Treads|Rapid Spin|p2a: Samurott
|-damage|p2a: Samurott|84/100
|-boost|p1a: Iron Treads|spe|1
|-sideend|p1: ihave_0idea|Spikes|[from] move: Rapid Spin|[of] p1a: Iron Treads
|move|p2a: Samurott|Aqua Cutter|p1a: Iron Treads
|-supereffective|p1a: Iron Treads
|-damage|p1a: Iron Treads|0 fnt
|faint|p1a: Iron Treads
|-end|p1a: Iron Treads|Quark Drive|[silent]
|
|-end|p2a: Samurott|move: Future Sight
|-immune|p2a: Samurott
|upkeep
|
|t:|1760754553
|switch|p1a: Zamazenta|Zamazenta|32/100
|turn|12
|
|t:|1760754558
|switch|p2a: Hatterene|Hatterene, F|100/100
|move|p1a: Zamazenta|Close Combat|p2a: Hatterene
|-resisted|p2a: Hatterene
|-damage|p2a: Hatterene|84/100
|-unboost|p1a: Zamazenta|def|1
|-unboost|p1a: Zamazenta|spd|1
|-enditem|p2a: Hatterene|Eject Button
|
|t:|1760754585
|switch|p2a: Great Tusk|Great Tusk|100/100
|
|upkeep
|turn|13
|
|t:|1760754592
|move|p1a: Zamazenta|Close Combat|p2a: Great Tusk
|-damage|p2a: Great Tusk|47/100
|-unboost|p1a: Zamazenta|def|1
|-unboost|p1a: Zamazenta|spd|1
|move|p2a: Great Tusk|Rapid Spin|p1a: Zamazenta
|-damage|p1a: Zamazenta|6/100
|-boost|p2a: Great Tusk|spe|1
|
|upkeep
|turn|14
|
|t:|1760754601
|move|p2a: Great Tusk|Rapid Spin|p1a: Zamazenta
|-damage|p1a: Zamazenta|0 fnt
|-boost|p2a: Great Tusk|spe|1
|faint|p1a: Zamazenta
|
|upkeep
|
|t:|1760754607
|switch|p1a: Scizor|Scizor, F|100/100
|turn|15
|
|t:|1760754611
|move|p1a: Scizor|Bullet Punch|p2a: Great Tusk
|-damage|p2a: Great Tusk|13/100
|move|p2a: Great Tusk|Stealth Rock|p1a: Scizor
|-sidestart|p1: ihave_0idea|move: Stealth Rock
|
|upkeep
|turn|16
|
|t:|1760754623
|move|p1a: Scizor|Bullet Punch|p2a: Great Tusk
|-damage|p2a: Great Tusk|0 fnt
|faint|p2a: Great Tusk
|-end|p2a: Great Tusk|Protosynthesis|[silent]
|
|upkeep
|
|t:|1760754628
|switch|p2a: Samurott|Samurott-Hisui, F|84/100
|turn|17
|
|t:|1760754636
|switch|p1a: Ogerpon|Ogerpon-Wellspring-Tera, F, tera:Water|20/100
|-damage|p1a: Ogerpon|7/100|[from] Stealth Rock
|-ability|p1a: Ogerpon|Embody Aspect (Wellspring)|boost
|-boost|p1a: Ogerpon|spd|1
|move|p2a: Samurott|Ceaseless Edge|p1a: Ogerpon|[miss]
|-miss|p2a: Samurott|p1a: Ogerpon
|
|upkeep
|turn|18
|
|t:|1760754640
|move|p2a: Samurott|Sucker Punch|p1a: Ogerpon
|-damage|p1a: Ogerpon|0 fnt
|faint|p1a: Ogerpon
|detailschange|p1: Ogerpon|Ogerpon-Wellspring, F|[silent]
|
|upkeep
|
|t:|1760754644
|switch|p1a: Scizor|Scizor, F|100/100
|-damage|p1a: Scizor|88/100|[from] Stealth Rock
|turn|19
|
|t:|1760754655
|move|p2a: Samurott|Aqua Cutter|p1a: Scizor
|-damage|p1a: Scizor|40/100
|move|p1a: Scizor|U-turn|p2a: Samurott
|-supereffective|p2a: Samurott
|-damage|p2a: Samurott|0 fnt
|faint|p2a: Samurott
|
|t:|1760754658
|switch|p1a: Slowking|Slowking-Galar, F|100/100 par|[from] U-turn
|
|upkeep
|
|t:|1760754674
|switch|p2a: Typhlosion|Typhlosion-Hisui, M, tera:Fire|43/100
|-item|p1a: Slowking|Heavy-Duty Boots|[from] ability: Frisk|[of] p2a: Typhlosion
|turn|20
|
|t:|1760754684
|move|p2a: Typhlosion|Infernal Parade|p1a: Slowking
|-supereffective|p1a: Slowking
|-damage|p1a: Slowking|21/100 par
|move|p1a: Slowking|Sludge Bomb|p2a: Typhlosion
|-damage|p2a: Typhlosion|0 fnt
|faint|p2a: Typhlosion
|
|upkeep
|
|t:|1760754691
|switch|p2a: Hatterene|Hatterene, F|84/100
|turn|21
|
|t:|1760754696
|move|p2a: Hatterene|Draining Kiss|p1a: Slowking
|-resisted|p1a: Slowking
|-damage|p1a: Slowking|15/100 par
|-heal|p2a: Hatterene|90/100|[from] drain|[of] p1a: Slowking
|move|p1a: Slowking|Sludge Bomb|p2a: Hatterene
|-supereffective|p2a: Hatterene
|-damage|p2a: Hatterene|24/100
|-status|p2a: Hatterene|psn
|
|-damage|p2a: Hatterene|12/100 psn|[from] psn
|upkeep
|turn|22
|
|t:|1760754701
|move|p2a: Hatterene|Healing Wish||[still]
|-fail|p2a: Hatterene
|move|p1a: Slowking|Sludge Bomb|p2a: Hatterene
|-supereffective|p2a: Hatterene
|-damage|p2a: Hatterene|0 fnt
|faint|p2a: Hatterene
|
|win|ihave_0idea
|raw|ihave_0idea's rating: 1302 &rarr; <strong>1322</strong><br />(+20 for winning)
|raw|laughs2giggles's rating: 1302 &rarr; <strong>1282</strong><br />(-20 for losing)
|l|☆laughs2giggles
|player|p2|
|c|☆ihave_0idea|ggwp
