|j|☆Avl2121
|j|☆artaraujo
|t:|1760722535
|gametype|singles
|player|p1|Avl2121|dragontamer|1266
|player|p2|artaraujo|169|1253
|gen|9
|tier|[Gen 9] OU
|rated|
|rule|HP Percentage Mod: HP is shown in percentages
|rule|Endless Battle Clause: Forcing endless battles is banned
|rule|Species Clause: Limit one of each Pokémon
|rule|OHKO Clause: OHKO moves are banned
|rule|Evasion Items Clause: Evasion items are banned
|rule|Evasion Moves Clause: Evasion moves are banned
|rule|Evasion Abilities Clause: Evasion abilities are banned
|rule|Sleep Moves Clause: Sleep-inducing moves are banned
|clearpoke
|poke|p1|Garganacl, M|
|poke|p1|Blaziken, F|
|poke|p1|Landorus-Therian, M|
|poke|p1|Kyurem|
|poke|p1|Deoxys-Speed|
|poke|p1|Flygon, M|
|poke|p2|Indeedee, M|
|poke|p2|Iron Valiant|
|poke|p2|Armarouge, M|
|poke|p2|Hatterene, F|
|poke|p2|Polteageist|
|poke|p2|Kyurem|
|teampreview
|inactive|Battle timer is ON: inactive players will automatically lose when time's up. (requested by Avl2121)
|
|t:|1760722543
|teamsize|p1|6
|teamsize|p2|6
|start
|switch|p1a: Flygon|Flygon, M|100/100
|switch|p2a: Indeedee|Indeedee, M|100/100
|-fieldstart|move: Psychic Terrain|[from] ability: Psychic Surge|[of] p2a: Indeedee
|turn|1
|
|t:|1760722549
|move|p1a: Flygon|U-turn|p2a: Indeedee
|-supereffective|p2a: Indeedee
|-crit|p2a: Indeedee
|-damage|p2a: Indeedee|0 fnt
|faint|p2a: Indeedee
|
|t:|1760722553
|switch|p1a: Deoxys|Deoxys-Speed|100/100|[from] U-turn
|-ability|p1a: Deoxys|Pressure
|
|upkeep
|
|t:|1760722558
|switch|p2a: Polteageist|Polteageist|100/100
|turn|2
|
|t:|1760722563
|move|p1a: Deoxys|Taunt|p2a: Polteageist
|-start|p2a: Polteageist|move: Taunt
|cant|p2a: Polteageist|move: Taunt|Shell Smash
|
|upkeep
|turn|3
|
|t:|1760722572
|move|p1a: Deoxys|Knock Off|p2a: Polteageist
|-supereffective|p2a: Polteageist
|-damage|p2a: Polteageist|25/100
|-ability|p2a: Polteageist|Weak Armor|boost
|-unboost|p2a: Polteageist|def|1
|-boost|p2a: Polteageist|spe|2
|-enditem|p2a: Polteageist|Focus Sash|[from] move: Knock Off|[of] p1a: Deoxys
|move|p2a: Polteageist|Shadow Ball|p1a: Deoxys
|-supereffective|p1a: Deoxys
|-damage|p1a: Deoxys|0 fnt
|faint|p1a: Deoxys
|
|upkeep
|
|t:|1760722578
|switch|p1a: Landorus|Landorus-Therian, M|100/100
|-ability|p1a: Landorus|Intimidate|boost
|-unboost|p2a: Polteageist|atk|1
|turn|4
|
|t:|1760722603
|switch|p2a: Kyurem|Kyurem|100/100
|-ability|p2a: Kyurem|Pressure
|move|p1a: Landorus|U-turn|p2a: Kyurem
|-damage|p2a: Kyurem|74/100
|
|t:|1760722610
|switch|p1a: Blaziken|Blaziken, F|100/100|[from] U-turn
|
|upkeep
|turn|5
|
|t:|1760722616
|-terastallize|p2a: Kyurem|Psychic
|move|p1a: Blaziken|Protect|p1a: Blaziken
|-singleturn|p1a: Blaziken|Protect
|move|p2a: Kyurem|Dragon Dance|p2a: Kyurem
|-boost|p2a: Kyurem|atk|1
|-boost|p2a: Kyurem|spe|1
|
|-ability|p1a: Blaziken|Speed Boost|boost
|-boost|p1a: Blaziken|spe|1
|upkeep
|turn|6
|
|t:|1760722630
|move|p2a: Kyurem|Dragon Dance|p2a: Kyurem
|-boost|p2a: Kyurem|atk|1
|-boost|p2a: Kyurem|spe|1
|move|p1a: Blaziken|Flare Blitz|p2a: Kyurem
|-damage|p2a: Kyurem|15/100
|-damage|p1a: Blaziken|75/100|[from] Recoil
|
|-heal|p1a: Blaziken|81/100|[from] item: Leftovers
|-ability|p1a: Blaziken|Speed Boost|boost
|-boost|p1a: Blaziken|spe|1
|upkeep
|turn|7
|
|t:|1760722640
|move|p2a: Kyurem|Scale Shot|p1a: Blaziken
|-damage|p1a: Blaziken|38/100
|-damage|p1a: Blaziken|0 fnt
|faint|p1a: Blaziken
|-hitcount|p1: Blaziken|2
|-unboost|p2a: Kyurem|def|1
|-boost|p2a: Kyurem|spe|1
|
|upkeep
|
|t:|1760722647
|switch|p1a: Landorus|Landorus-Therian, M|100/100
|-ability|p1a: Landorus|Intimidate|boost
|-unboost|p2a: Kyurem|atk|1
|turn|8
|
|t:|1760722656
|move|p2a: Kyurem|Icicle Spear|p1a: Landorus
|-supereffective|p1a: Landorus
|-damage|p1a: Landorus|6/100
|-supereffective|p1a: Landorus
|-damage|p1a: Landorus|0 fnt
|faint|p1a: Landorus
|-hitcount|p1: Landorus|2
|
|-fieldend|move: Psychic Terrain
|upkeep
|
|t:|1760722661
|switch|p1a: Kyurem|Kyurem|100/100
|-ability|p1a: Kyurem|Pressure
|turn|9
|
|t:|1760722667
|move|p1a: Kyurem|Protect|p1a: Kyurem
|-singleturn|p1a: Kyurem|Protect
|move|p2a: Kyurem|Scale Shot|p1a: Kyurem
|-activate|p1a: Kyurem|move: Protect
|
|upkeep
|turn|10
|
|t:|1760722674
|-terastallize|p1a: Kyurem|Ground
|move|p2a: Kyurem|Scale Shot|p1a: Kyurem
|-damage|p1a: Kyurem|85/100
|-damage|p1a: Kyurem|70/100
|-damage|p1a: Kyurem|53/100
|-damage|p1a: Kyurem|38/100
|-hitcount|p1a: Kyurem|4
|-unboost|p2a: Kyurem|def|1
|-boost|p2a: Kyurem|spe|1
|move|p1a: Kyurem|Earth Power|p2a: Kyurem
|-damage|p2a: Kyurem|0 fnt
|faint|p2a: Kyurem
|
|-heal|p1a: Kyurem|44/100|[from] item: Leftovers
|upkeep
|
|t:|1760722683
|switch|p2a: Polteageist|Polteageist|25/100
|turn|11
|
|t:|1760722695
|move|p2a: Polteageist|Stored Power|p1a: Kyurem
|-damage|p1a: Kyurem|38/100
|move|p1a: Kyurem|Earth Power|p2a: Polteageist
|-crit|p2a: Polteageist
|-damage|p2a: Polteageist|0 fnt
|faint|p2a: Polteageist
|
|-heal|p1a: Kyurem|44/100|[from] item: Leftovers
|upkeep
|
|t:|1760722701
|switch|p2a: Iron Valiant|Iron Valiant, shiny|100/100
|-enditem|p2a: Iron Valiant|Booster Energy
|-activate|p2a: Iron Valiant|ability: Quark Drive|[fromitem]
|-start|p2a: Iron Valiant|quarkdrivespe
|turn|12
|
|t:|1760722711
|move|p1a: Kyurem|Protect|p1a: Kyurem
|-singleturn|p1a: Kyurem|Protect
|move|p2a: Iron Valiant|Swords Dance|p2a: Iron Valiant
|-boost|p2a: Iron Valiant|atk|2
|
|-heal|p1a: Kyurem|50/100|[from] item: Leftovers
|upkeep
|turn|13
|
|t:|1760722718
|move|p2a: Iron Valiant|Close Combat|p1a: Kyurem
|-damage|p1a: Kyurem|0 fnt
|-unboost|p2a: Iron Valiant|def|1
|-unboost|p2a: Iron Valiant|spd|1
|faint|p1a: Kyurem
|
|upkeep
|
|t:|1760722721
|switch|p1a: Garganacl|Garganacl, M|100/100
|turn|14
|
|t:|1760722726
|move|p1a: Garganacl|Protect|p1a: Garganacl
|-singleturn|p1a: Garganacl|Protect
|move|p2a: Iron Valiant|Close Combat|p1a: Garganacl
|-activate|p1a: Garganacl|move: Protect
|
|upkeep
|turn|15
|
|t:|1760722734
|move|p2a: Iron Valiant|Close Combat|p1a: Garganacl
|-supereffective|p1a: Garganacl
|-damage|p1a: Garganacl|0 fnt
|-unboost|p2a: Iron Valiant|def|1
|-unboost|p2a: Iron Valiant|spd|1
|faint|p1a: Garganacl
|
|upkeep
|
|t:|1760722736
|switch|p1a: Flygon|Flygon, M|100/100
|turn|16
|
|t:|1760722745
|move|p2a: Iron Valiant|Close Combat|p1a: Flygon
|-damage|p1a: Flygon|0 fnt
|-unboost|p2a: Iron Valiant|def|1
|-unboost|p2a: Iron Valiant|spd|1
|faint|p1a: Flygon
|
|win|artaraujo
|raw|Avl2121's rating: 1266 &rarr; <strong>1240</strong><br />(-26 for losing)
|raw|artaraujo's rating: 1253 &rarr; <strong>1279</strong><br />(+26 for winning)
|l|☆Avl2121
|player|p1|
|l|☆artaraujo
|player|p2|
