|j|☆ineverhaxed
|j|☆theawesomepikachu
|t:|1760809115
|gametype|singles
|player|p1|ineverhaxed|2|1442
|player|p2|theawesomepikachu|266|1418
|gen|9
|tier|[Gen 9] OU
|rated|
|rule|HP Percentage Mod: HP is shown in percentages
|rule|Endless Battle Clause: Forcing endless battles is banned
|rule|Species Clause: Limit one of each Pokémon
|rule|OHKO Clause: OHKO moves are banned
|rule|Evasion Items Clause: Evasion items are banned
|rule|Evasion Moves Clause: Evasion moves are banned
|rule|Evasion Abilities Clause: Evasion abilities are banned
|rule|Sleep Moves Clause: Sleep-inducing moves are banned
|clearpoke
|poke|p1|Illumise, F|
|poke|p1|Cloyster, M|
|poke|p1|Blissey, F|
|poke|p1|Darkrai|
|poke|p1|Cinderace, F|
|poke|p1|Lokix, F|
|poke|p2|Ogerpon-Cornerstone, F|
|poke|p2|Hatterene, F|
|poke|p2|Pecharunt|
|poke|p2|Landorus-Therian, M|
|poke|p2|Kyurem|
|poke|p2|Great Tusk|
|teampreview
|inactive|Battle timer is ON: inactive players will automatically lose when time's up. (requested by ineverhaxed)
|
|t:|1760809155
|teamsize|p1|6
|teamsize|p2|6
|start
|switch|p1a: Darkrai|Darkrai|100/100
|switch|p2a: Landorus|Landorus-Therian, M|100/100
|-ability|p2a: Landorus|Intimidate|boost
|-unboost|p1a: Darkrai|atk|1
|turn|1
|
|t:|1760809163
|switch|p2a: Hatterene|Hatterene, F|100/100
|move|p1a: Darkrai|Ice Beam|p2a: Hatterene
|-damage|p2a: Hatterene|65/100
|
|upkeep
|turn|2
|
|t:|1760809172
|switch|p1a: Blissey|Blissey, F|100/100
|move|p2a: Hatterene|Draining Kiss|p1a: Blissey
|-damage|p1a: Blissey|89/100
|-heal|p2a: Hatterene|83/100|[from] drain|[of] p1a: Blissey
|
|-heal|p1a: Blissey|95/100|[from] item: Leftovers
|upkeep
|turn|3
|
|t:|1760809183
|move|p1a: Blissey|Ice Beam|p2a: Hatterene
|-damage|p2a: Hatterene|65/100
|move|p2a: Hatterene|Calm Mind|p2a: Hatterene
|-boost|p2a: Hatterene|spa|1
|-boost|p2a: Hatterene|spd|1
|
|-heal|p1a: Blissey|100/100|[from] item: Leftovers
|upkeep
|turn|4
|
|t:|1760809190
|switch|p1a: Cloyster|Cloyster, M|100/100
|move|p2a: Hatterene|Draining Kiss|p1a: Cloyster
|-damage|p1a: Cloyster|5/100
|-heal|p2a: Hatterene|100/100|[from] drain|[of] p1a: Cloyster
|
|upkeep
|turn|5
|
|t:|1760809194
|move|p1a: Cloyster|Icicle Spear|p2a: Hatterene
|-damage|p2a: Hatterene|87/100
|-damage|p2a: Hatterene|75/100
|-damage|p2a: Hatterene|62/100
|-damage|p2a: Hatterene|50/100
|-damage|p2a: Hatterene|37/100
|-hitcount|p2a: Hatterene|5
|move|p2a: Hatterene|Draining Kiss|p1a: Cloyster
|-damage|p1a: Cloyster|0 fnt
|-heal|p2a: Hatterene|40/100|[from] drain|[of] p1a: Cloyster
|faint|p1a: Cloyster
|
|upkeep
|
|t:|1760809197
|switch|p1a: Lokix|Lokix, F|100/100
|turn|6
|
|t:|1760809201
|switch|p2a: Landorus|Landorus-Therian, M|100/100
|-ability|p2a: Landorus|Intimidate|boost
|-unboost|p1a: Lokix|atk|1
|move|p1a: Lokix|First Impression|p2a: Landorus
|-resisted|p2a: Landorus
|-damage|p2a: Landorus|76/100
|-damage|p1a: Lokix|84/100|[from] item: Rocky Helmet|[of] p2a: Landorus
|
|upkeep
|turn|7
|
|t:|1760809208
|move|p1a: Lokix|U-turn|p2a: Landorus
|-resisted|p2a: Landorus
|-damage|p2a: Landorus|58/100
|-damage|p1a: Lokix|67/100|[from] item: Rocky Helmet|[of] p2a: Landorus
|
|t:|1760809211
|switch|p1a: Cinderace|Cinderace, F|100/100|[from] U-turn
|move|p2a: Landorus|Stealth Rock|p1a: Cinderace
|-sidestart|p1: ineverhaxed|move: Stealth Rock
|
|upkeep
|turn|8
|
|t:|1760809216
|move|p1a: Cinderace|Court Change|p1a: Cinderace
|-start|p1a: Cinderace|typechange|Normal|[from] ability: Libero
|-swapsideconditions
|-activate|p1a: Cinderace|move: Court Change
|move|p2a: Landorus|Earthquake|p1a: Cinderace
|-damage|p1a: Cinderace|39/100
|-enditem|p1a: Cinderace|Red Card|[of] p2a: Landorus
|drag|p2a: Great Tusk|Great Tusk|100/100
|-damage|p2a: Great Tusk|98/100|[from] Stealth Rock
|
|upkeep
|turn|9
|
|t:|1760809231
|move|p2a: Great Tusk|Close Combat|p1a: Cinderace
|-supereffective|p1a: Cinderace
|-damage|p1a: Cinderace|0 fnt
|-unboost|p2a: Great Tusk|def|1
|-unboost|p2a: Great Tusk|spd|1
|faint|p1a: Cinderace
|
|upkeep
|
|t:|1760809237
|switch|p1a: Illumise|Illumise, F|100/100
|turn|10
|
|t:|1760809246
|-end|p2a: Great Tusk|Protosynthesis|[silent]
|switch|p2a: Pecharunt|Pecharunt|100/100
|switch|p1a: Darkrai|Darkrai|100/100
|
|upkeep
|turn|11
|
|t:|1760809266
|switch|p2a: Hatterene|Hatterene, F|40/100
|-damage|p2a: Hatterene|28/100|[from] Stealth Rock
|-terastallize|p1a: Darkrai|Dark
|move|p1a: Darkrai|Dark Pulse|p2a: Hatterene
|-damage|p2a: Hatterene|0 fnt
|faint|p2a: Hatterene
|
|upkeep
|inactive|theawesomepikachu has 120 seconds left.
|
|t:|1760809294
|switch|p2a: Great Tusk|Great Tusk|98/100
|-damage|p2a: Great Tusk|95/100|[from] Stealth Rock
|turn|12
|
|t:|1760809299
|switch|p1a: Lokix|Lokix, F|67/100
|-end|p2a: Great Tusk|Protosynthesis|[silent]
|switch|p2a: Kyurem|Kyurem|100/100
|-damage|p2a: Kyurem|76/100|[from] Stealth Rock
|-ability|p2a: Kyurem|Pressure
|
|upkeep
|turn|13
|inactive|theawesomepikachu has 120 seconds left.
|
|t:|1760809309
|switch|p2a: Landorus|Landorus-Therian, M|58/100
|-damage|p2a: Landorus|45/100|[from] Stealth Rock
|-ability|p2a: Landorus|Intimidate|boost
|-unboost|p1a: Lokix|atk|1
|move|p1a: Lokix|U-turn|p2a: Landorus
|-resisted|p2a: Landorus
|-damage|p2a: Landorus|27/100
|-damage|p1a: Lokix|51/100|[from] item: Rocky Helmet|[of] p2a: Landorus
|
|t:|1760809312
|switch|p1a: Darkrai|Darkrai, tera:Dark|100/100|[from] U-turn
|
|upkeep
|turn|14
|
|t:|1760809315
|move|p1a: Darkrai|Dark Pulse|p2a: Landorus
|-damage|p2a: Landorus|0 fnt
|faint|p2a: Landorus
|
|upkeep
|
|t:|1760809318
|switch|p2a: Ogerpon|Ogerpon-Cornerstone, F|100/100
|-damage|p2a: Ogerpon|88/100|[from] Stealth Rock
|turn|15
|
|t:|1760809324
|-terastallize|p2a: Ogerpon|Rock
|detailschange|p2a: Ogerpon|Ogerpon-Cornerstone-Tera, F, tera:Rock
|-ability|p2a: Ogerpon|Embody Aspect (Cornerstone)|boost
|-boost|p2a: Ogerpon|def|1
|move|p1a: Darkrai|Dark Pulse|p2a: Ogerpon
|-damage|p2a: Ogerpon|16/100
|move|p2a: Ogerpon|Ivy Cudgel|p1a: Darkrai|[anim] Ivy Cudgel Rock
|-damage|p1a: Darkrai|0 fnt
|faint|p1a: Darkrai
|
|upkeep
|
|t:|1760809328
|switch|p1a: Lokix|Lokix, F|51/100
|turn|16
|
|t:|1760809337
|switch|p2a: Pecharunt|Pecharunt|100/100
|move|p1a: Lokix|First Impression|p2a: Pecharunt
|-resisted|p2a: Pecharunt
|-damage|p2a: Pecharunt|90/100
|
|upkeep
|turn|17
|
|t:|1760809343
|move|p1a: Lokix|U-turn|p2a: Pecharunt
|-resisted|p2a: Pecharunt
|-damage|p2a: Pecharunt|83/100
|
|t:|1760809345
|switch|p1a: Blissey|Blissey, F|100/100|[from] U-turn
|move|p2a: Pecharunt|Parting Shot|p1a: Blissey
|-unboost|p1a: Blissey|atk|1
|-unboost|p1a: Blissey|spa|1
|
|t:|1760809352
|switch|p2a: Great Tusk|Great Tusk|95/100|[from] Parting Shot
|-damage|p2a: Great Tusk|92/100|[from] Stealth Rock
|
|upkeep
|turn|18
|
|t:|1760809355
|move|p2a: Great Tusk|Rapid Spin|p1a: Blissey
|-damage|p1a: Blissey|81/100
|-boost|p2a: Great Tusk|spe|1
|-sideend|p2: theawesomepikachu|Stealth Rock|[from] move: Rapid Spin|[of] p2a: Great Tusk
|move|p1a: Blissey|Ice Beam|p2a: Great Tusk
|-supereffective|p2a: Great Tusk
|-damage|p2a: Great Tusk|49/100
|
|-heal|p1a: Blissey|87/100|[from] item: Leftovers
|upkeep
|turn|19
|
|t:|1760809360
|-end|p2a: Great Tusk|Protosynthesis|[silent]
|switch|p2a: Pecharunt|Pecharunt|83/100
|move|p1a: Blissey|Shadow Ball|p2a: Pecharunt
|-supereffective|p2a: Pecharunt
|-damage|p2a: Pecharunt|60/100
|
|-heal|p1a: Blissey|93/100|[from] item: Leftovers
|upkeep
|turn|20
|-message|ineverhaxed forfeited.
|
|win|theawesomepikachu
|raw|ineverhaxed's rating: 1442 &rarr; <strong>1421</strong><br />(-21 for losing)
|raw|theawesomepikachu's rating: 1418 &rarr; <strong>1439</strong><br />(+21 for winning)
|l|☆ineverhaxed
|player|p1|
|l|☆theawesomepikachu
|player|p2|
