|j|☆V1C7ORYY
|j|☆wlr carti
|inactive|Battle timer is ON: inactive players will automatically lose when time's up.
|t:|1760865162
|gametype|singles
|player|p1|V1C7ORYY|bugcatcher-gen4dp|
|player|p2|wlr carti|170|
|gen|9
|tier|[Gen 9] OU
|rated|Tournament battle
|rule|HP Percentage Mod: HP is shown in percentages
|rule|Endless Battle Clause: Forcing endless battles is banned
|rule|Species Clause: Limit one of each Pokémon
|rule|OHKO Clause: OHKO moves are banned
|rule|Evasion Items Clause: Evasion items are banned
|rule|Evasion Moves Clause: Evasion moves are banned
|rule|Evasion Abilities Clause: Evasion abilities are banned
|rule|Sleep Moves Clause: Sleep-inducing moves are banned
|raw|<div class="infobox"><details class="readmore" open><summary><strong>3 custom rules:</strong></summary> -blissey, -wailord, -wobbuffet</details></div>
|clearpoke
|poke|p1|Illumise, F|
|poke|p1|Spiritomb, F|
|poke|p1|Crawdaunt, M|
|poke|p1|Swampert, M|
|poke|p1|Drednaw, F|
|poke|p1|Stonjourner, F|
|poke|p2|Illumise, F|
|poke|p2|Crawdaunt, M|
|poke|p2|Spiritomb, M|
|poke|p2|Stonjourner, M|
|poke|p2|Swampert, F|
|poke|p2|Drednaw, F|
|teampreview
|j|*Lady Monita ☀
|
|t:|1760865166
|teamsize|p1|6
|teamsize|p2|6
|start
|switch|p1a: Swampert|Swampert, M|100/100
|switch|p2a: Illumise|Illumise, F|100/100
|turn|1
|c|☆wlr carti|holy wait
|
|t:|1760865173
|move|p2a: Illumise|Light Screen|p2a: Illumise
|-sidestart|p2: wlr carti|move: Light Screen
|move|p1a: Swampert|Stealth Rock|p2a: Illumise
|-sidestart|p2: wlr carti|move: Stealth Rock
|
|upkeep
|turn|2
|
|t:|1760865180
|move|p2a: Illumise|Encore|p1a: Swampert
|-start|p1a: Swampert|Encore
|move|p1a: Swampert|Stealth Rock||[still]
|-fail|p1a: Swampert
|
|upkeep
|turn|3
|
|t:|1760865186
|switch|p1a: Spiritomb|Spiritomb, F|100/100
|move|p2a: Illumise|U-turn|p1a: Spiritomb
|-damage|p1a: Spiritomb|90/100
|
|t:|1760865189
|switch|p2a: Crawdaunt|Crawdaunt, M|100/100|[from] U-turn
|-damage|p2a: Crawdaunt|88/100|[from] Stealth Rock
|
|-heal|p1a: Spiritomb|97/100|[from] item: Leftovers
|upkeep
|turn|4
|
|t:|1760865195
|move|p2a: Crawdaunt|Swords Dance|p2a: Crawdaunt
|-boost|p2a: Crawdaunt|atk|2
|move|p1a: Spiritomb|Will-O-Wisp|p2a: Crawdaunt
|-status|p2a: Crawdaunt|brn
|
|-heal|p1a: Spiritomb|100/100|[from] item: Leftovers
|-damage|p2a: Crawdaunt|82/100 brn|[from] brn
|upkeep
|turn|5
|
|t:|1760865202
|move|p2a: Crawdaunt|Swords Dance|p2a: Crawdaunt
|-boost|p2a: Crawdaunt|atk|2
|move|p1a: Spiritomb|Foul Play|p2a: Crawdaunt
|-resisted|p2a: Crawdaunt
|-damage|p2a: Crawdaunt|0 fnt
|faint|p2a: Crawdaunt
|
|upkeep
|
|t:|1760865211
|switch|p2a: Swampert|Swampert, F|100/100
|-damage|p2a: Swampert|94/100|[from] Stealth Rock
|turn|6
|
|t:|1760865232
|move|p2a: Swampert|Stealth Rock|p1a: Spiritomb
|-sidestart|p1: V1C7ORYY|move: Stealth Rock
|move|p1a: Spiritomb|Will-O-Wisp|p2a: Swampert
|-status|p2a: Swampert|brn
|
|-heal|p2a: Swampert|100/100 brn|[from] item: Leftovers
|-damage|p2a: Swampert|94/100 brn|[from] brn
|upkeep
|turn|7
|
|t:|1760865238
|move|p1a: Spiritomb|Foul Play|p2a: Swampert
|-damage|p2a: Swampert|59/100 brn
|move|p2a: Swampert|Mirror Coat||[still]
|-fail|p2a: Swampert
|
|-heal|p2a: Swampert|65/100 brn|[from] item: Leftovers
|-damage|p2a: Swampert|59/100 brn|[from] brn
|upkeep
|turn|8
|
|t:|1760865245
|move|p2a: Swampert|Flip Turn|p1a: Spiritomb
|-damage|p1a: Spiritomb|92/100
|
|t:|1760865249
|switch|p2a: Spiritomb|Spiritomb, M|100/100|[from] Flip Turn
|-damage|p2a: Spiritomb|88/100|[from] Stealth Rock
|-ability|p2a: Spiritomb|Pressure
|move|p1a: Spiritomb|Foul Play|p2a: Spiritomb
|-damage|p2a: Spiritomb|57/100
|
|-heal|p1a: Spiritomb|98/100|[from] item: Leftovers
|-sideend|p2: wlr carti|move: Light Screen
|upkeep
|turn|9
|
|t:|1760865259
|-terastallize|p2a: Spiritomb|Fairy
|move|p2a: Spiritomb|Tera Blast|p1a: Spiritomb|[anim] Tera Blast Fairy
|-supereffective|p1a: Spiritomb
|-damage|p1a: Spiritomb|0 fnt
|faint|p1a: Spiritomb
|-damage|p2a: Spiritomb|47/100|[from] item: Life Orb
|
|upkeep
|inactive|V1C7ORYY has 120 seconds left.
|
|t:|1760865292
|switch|p1a: Stonjourner|Stonjourner, F|100/100
|-damage|p1a: Stonjourner|88/100|[from] Stealth Rock
|turn|10
|
|t:|1760865299
|move|p1a: Stonjourner|Heat Crash|p2a: Spiritomb
|-damage|p2a: Spiritomb|0 fnt
|faint|p2a: Spiritomb
|-damage|p1a: Stonjourner|78/100|[from] item: Life Orb
|
|upkeep
|
|t:|1760865302
|switch|p2a: Stonjourner|Stonjourner, M|100/100
|-damage|p2a: Stonjourner|88/100|[from] Stealth Rock
|-item|p2a: Stonjourner|Air Balloon
|turn|11
|
|t:|1760865313
|switch|p1a: Swampert|Swampert, M|100/100
|-damage|p1a: Swampert|94/100|[from] Stealth Rock
|move|p2a: Stonjourner|Rock Polish|p2a: Stonjourner
|-boost|p2a: Stonjourner|spe|2
|
|-heal|p1a: Swampert|100/100|[from] item: Leftovers
|upkeep
|turn|12
|
|t:|1760865322
|move|p2a: Stonjourner|Iron Defense|p2a: Stonjourner
|-boost|p2a: Stonjourner|def|2
|move|p1a: Swampert|Roar|p2a: Stonjourner
|drag|p2a: Drednaw|Drednaw, F|100/100
|-damage|p2a: Drednaw|88/100|[from] Stealth Rock
|
|upkeep
|turn|13
|
|t:|1760865332
|switch|p2a: Swampert|Swampert, F|59/100 brn
|-damage|p2a: Swampert|52/100 brn|[from] Stealth Rock
|move|p1a: Swampert|Knock Off|p2a: Swampert
|-damage|p2a: Swampert|31/100 brn
|-enditem|p2a: Swampert|Leftovers|[from] move: Knock Off|[of] p1a: Swampert
|
|-damage|p2a: Swampert|25/100 brn|[from] brn
|upkeep
|turn|14
|
|t:|1760865344
|move|p2a: Swampert|Flip Turn|p1a: Swampert
|-damage|p1a: Swampert|89/100
|
|t:|1760865346
|switch|p2a: Illumise|Illumise, F|100/100|[from] Flip Turn
|-damage|p2a: Illumise|76/100|[from] Stealth Rock
|move|p1a: Swampert|Flip Turn|p2a: Illumise
|-damage|p2a: Illumise|49/100
|
|t:|1760865358
|switch|p1a: Drednaw|Drednaw, F|100/100|[from] Flip Turn
|-damage|p1a: Drednaw|88/100|[from] Stealth Rock
|
|upkeep
|turn|15
|
|t:|1760865362
|move|p2a: Illumise|Wish|p2a: Illumise
|move|p1a: Drednaw|Stone Edge|p2a: Illumise|[miss]
|-miss|p1a: Drednaw|p2a: Illumise
|
|upkeep
|turn|16
|
|t:|1760865367
|move|p2a: Illumise|Encore|p1a: Drednaw
|-start|p1a: Drednaw|Encore
|move|p1a: Drednaw|Stone Edge|p2a: Illumise
|-supereffective|p2a: Illumise
|-crit|p2a: Illumise
|-damage|p2a: Illumise|0 fnt
|faint|p2a: Illumise
|
|upkeep
|
|t:|1760865369
|switch|p2a: Stonjourner|Stonjourner, M|88/100
|-damage|p2a: Stonjourner|76/100|[from] Stealth Rock
|-item|p2a: Stonjourner|Air Balloon
|turn|17
|
|t:|1760865374
|switch|p1a: Swampert|Swampert, M|89/100
|-damage|p1a: Swampert|83/100|[from] Stealth Rock
|move|p2a: Stonjourner|Iron Defense|p2a: Stonjourner
|-boost|p2a: Stonjourner|def|2
|
|-heal|p1a: Swampert|89/100|[from] item: Leftovers
|upkeep
|turn|18
|
|t:|1760865380
|move|p2a: Stonjourner|Body Press|p1a: Swampert
|-damage|p1a: Swampert|59/100
|move|p1a: Swampert|Roar|p2a: Stonjourner
|drag|p2a: Swampert|Swampert, F|25/100 brn
|-damage|p2a: Swampert|18/100 brn|[from] Stealth Rock
|
|-heal|p1a: Swampert|65/100|[from] item: Leftovers
|-damage|p2a: Swampert|12/100 brn|[from] brn
|upkeep
|turn|19
|
|t:|1760865388
|move|p2a: Swampert|Earthquake|p1a: Swampert
|-damage|p1a: Swampert|52/100
|move|p1a: Swampert|Flip Turn|p2a: Swampert
|-damage|p2a: Swampert|0 fnt
|faint|p2a: Swampert
|
|t:|1760865399
|switch|p1a: Drednaw|Drednaw, F|88/100|[from] Flip Turn
|-damage|p1a: Drednaw|76/100|[from] Stealth Rock
|
|upkeep
|
|t:|1760865404
|switch|p2a: Stonjourner|Stonjourner, M|76/100
|-damage|p2a: Stonjourner|64/100|[from] Stealth Rock
|-item|p2a: Stonjourner|Air Balloon
|turn|20
|
|t:|1760865410
|move|p1a: Drednaw|Shell Smash|p1a: Drednaw
|-unboost|p1a: Drednaw|def|1
|-unboost|p1a: Drednaw|spd|1
|-boost|p1a: Drednaw|atk|2
|-boost|p1a: Drednaw|spa|2
|-boost|p1a: Drednaw|spe|2
|-enditem|p1a: Drednaw|White Herb
|-clearnegativeboost|p1a: Drednaw|[silent]
|move|p2a: Stonjourner|Body Press|p1a: Drednaw
|-supereffective|p1a: Drednaw
|-damage|p1a: Drednaw|20/100
|
|upkeep
|turn|21
|
|t:|1760865420
|move|p1a: Drednaw|Liquidation|p2a: Stonjourner
|-supereffective|p2a: Stonjourner
|-damage|p2a: Stonjourner|0 fnt
|-enditem|p2a: Stonjourner|Air Balloon
|faint|p2a: Stonjourner
|
|upkeep
|
|t:|1760865422
|switch|p2a: Drednaw|Drednaw, F|88/100
|-damage|p2a: Drednaw|76/100|[from] Stealth Rock
|turn|22
|
|t:|1760865426
|move|p1a: Drednaw|Liquidation|p2a: Drednaw
|-damage|p2a: Drednaw|0 fnt
|faint|p2a: Drednaw
|
|win|V1C7ORYY
|n|☆V1C7ORYY|v1c7oryy
|n|☆wlr carti|wlrcarti
|n|*Lady Monita ☀|ladymonita
