|j|☆Lotadfan22
|j|☆Brigadi25
|t:|1760801840
|gametype|singles
|player|p1|Lotadfan22|blaine|1299
|player|p2|Brigadi25|bugcatcher-gen4dp|1305
|gen|9
|tier|[Gen 9] OU
|rated|
|rule|HP Percentage Mod: HP is shown in percentages
|rule|Endless Battle Clause: Forcing endless battles is banned
|rule|Species Clause: Limit one of each Pokémon
|rule|OHKO Clause: OHKO moves are banned
|rule|Evasion Items Clause: Evasion items are banned
|rule|Evasion Moves Clause: Evasion moves are banned
|rule|Evasion Abilities Clause: Evasion abilities are banned
|rule|Sleep Moves Clause: Sleep-inducing moves are banned
|clearpoke
|poke|p1|Serperior, F|
|poke|p1|Garganacl, F|
|poke|p1|Pecharunt|
|poke|p1|Ogerpon-Wellspring, F|
|poke|p1|Zapdos|
|poke|p1|Tinkaton, F|
|poke|p2|Kleavor, M|
|poke|p2|Ogerpon-Wellspring, F|
|poke|p2|Tornadus-Therian, M|
|poke|p2|Goodra, M|
|poke|p2|Serperior, F|
|poke|p2|Iron Treads|
|teampreview
|inactive|Battle timer is ON: inactive players will automatically lose when time's up. (requested by Brigadi25)
|
|t:|1760801855
|teamsize|p1|6
|teamsize|p2|6
|start
|switch|p1a: Tinkaton|Tinkaton, F|100/100
|switch|p2a: Kleavor|Kleavor, M|100/100
|-item|p1a: Tinkaton|Air Balloon
|turn|1
|inactive|Lotadfan22 has 120 seconds left.
|
|t:|1760801890
|move|p2a: Kleavor|U-turn|p1a: Tinkaton
|-resisted|p1a: Tinkaton
|-damage|p1a: Tinkaton|89/100
|-enditem|p1a: Tinkaton|Air Balloon
|-enditem|p2a: Kleavor|Choice Scarf|[silent]|[from] ability: Pickpocket|[of] p2a: Kleavor
|-item|p1a: Tinkaton|Choice Scarf|[from] ability: Pickpocket|[of] p2a: Kleavor
|
|t:|1760801897
|switch|p2a: Iron Treads|Iron Treads|100/100|[from] U-turn
|move|p1a: Tinkaton|Stealth Rock|p2a: Iron Treads
|-sidestart|p2: Brigadi25|move: Stealth Rock
|
|upkeep
|turn|2
|inactive|Lotadfan22 has 120 seconds left.
|
|t:|1760801918
|switch|p1a: Pecharunt|Pecharunt|100/100
|move|p2a: Iron Treads|Volt Switch|p1a: Pecharunt
|-damage|p1a: Pecharunt|90/100
|
|t:|1760801930
|-end|p2a: Iron Treads|Quark Drive|[silent]
|switch|p2a: Kleavor|Kleavor, M|100/100|[from] Volt Switch
|-damage|p2a: Kleavor|76/100|[from] Stealth Rock
|
|upkeep
|turn|3
|
|t:|1760801936
|move|p1a: Pecharunt|Parting Shot|p2a: Kleavor
|-unboost|p2a: Kleavor|atk|1
|-unboost|p2a: Kleavor|spa|1
|
|t:|1760801943
|switch|p1a: Garganacl|Garganacl, F, shiny|100/100|[from] Parting Shot
|move|p2a: Kleavor|Stone Axe|p1a: Garganacl
|-damage|p1a: Garganacl|77/100
|-sidestart|p1: Lotadfan22|move: Stealth Rock
|
|-heal|p1a: Garganacl|83/100|[from] item: Leftovers
|upkeep
|turn|4
|
|t:|1760801956
|move|p2a: Kleavor|Close Combat|p1a: Garganacl
|-supereffective|p1a: Garganacl
|-damage|p1a: Garganacl|45/100
|-unboost|p2a: Kleavor|def|1
|-unboost|p2a: Kleavor|spd|1
|move|p1a: Garganacl|Salt Cure|p2a: Kleavor
|-supereffective|p2a: Kleavor
|-damage|p2a: Kleavor|24/100
|-start|p2a: Kleavor|Salt Cure
|
|-heal|p1a: Garganacl|51/100|[from] item: Leftovers
|-damage|p2a: Kleavor|12/100|[from] Salt Cure
|upkeep
|turn|5
|
|t:|1760801984
|move|p2a: Kleavor|U-turn|p1a: Garganacl
|-damage|p1a: Garganacl|36/100
|
|t:|1760801996
|switch|p2a: Serperior|Serperior, F|100/100|[from] U-turn
|-damage|p2a: Serperior|88/100|[from] Stealth Rock
|move|p1a: Garganacl|Recover|p1a: Garganacl
|-heal|p1a: Garganacl|86/100
|
|-heal|p2a: Serperior|94/100|[from] item: Leftovers
|-heal|p1a: Garganacl|92/100|[from] item: Leftovers
|upkeep
|turn|6
|inactive|Lotadfan22 has 120 seconds left.
|
|t:|1760802024
|move|p2a: Serperior|Substitute|p2a: Serperior
|-start|p2a: Serperior|Substitute
|-damage|p2a: Serperior|69/100
|move|p1a: Garganacl|Salt Cure|p2a: Serperior
|-activate|p2a: Serperior|move: Substitute|[damage]
|
|-heal|p2a: Serperior|76/100|[from] item: Leftovers
|-heal|p1a: Garganacl|98/100|[from] item: Leftovers
|upkeep
|turn|7
|
|t:|1760802033
|switch|p1a: Serperior|Serperior, F, shiny|100/100
|-damage|p1a: Serperior|88/100|[from] Stealth Rock
|move|p2a: Serperior|Glare|p1a: Serperior
|-status|p1a: Serperior|par
|
|-heal|p2a: Serperior|82/100|[from] item: Leftovers
|-heal|p1a: Serperior|94/100 par|[from] item: Leftovers
|upkeep
|turn|8
|
|t:|1760802043
|move|p2a: Serperior|Leaf Storm|p1a: Serperior
|-resisted|p1a: Serperior
|-damage|p1a: Serperior|71/100 par
|-boost|p2a: Serperior|spa|2
|move|p1a: Serperior|Substitute|p1a: Serperior
|-start|p1a: Serperior|Substitute
|-damage|p1a: Serperior|46/100 par
|
|-heal|p2a: Serperior|88/100|[from] item: Leftovers
|-heal|p1a: Serperior|52/100 par|[from] item: Leftovers
|upkeep
|turn|9
|
|t:|1760802052
|move|p2a: Serperior|Leaf Storm|p1a: Serperior
|-resisted|p1a: Serperior
|-end|p1a: Serperior|Substitute
|-boost|p2a: Serperior|spa|2
|cant|p1a: Serperior|par
|
|-heal|p2a: Serperior|94/100|[from] item: Leftovers
|-heal|p1a: Serperior|58/100 par|[from] item: Leftovers
|upkeep
|turn|10
|
|t:|1760802060
|move|p2a: Serperior|Leaf Storm|p1a: Serperior
|-resisted|p1a: Serperior
|-damage|p1a: Serperior|0 fnt
|-boost|p2a: Serperior|spa|2
|faint|p1a: Serperior
|
|-heal|p2a: Serperior|99/100|[from] item: Leftovers
|upkeep
|-message|Lotadfan22 forfeited.
|
|win|Brigadi25
|raw|Lotadfan22's rating: 1299 &rarr; <strong>1274</strong><br />(-25 for losing)
|raw|Brigadi25's rating: 1305 &rarr; <strong>1325</strong><br />(+20 for winning)
|l|☆Lotadfan22
|player|p1|
