|j|☆WalkingOnionRings
|j|☆WeR#4Hay!
|t:|1760808159
|gametype|singles
|player|p1|WalkingOnionRings|blue|1458
|player|p2|WeR#4Hay!|170|1507
|gen|9
|tier|[Gen 9] OU
|rated|
|rule|HP Percentage Mod: HP is shown in percentages
|rule|Endless Battle Clause: Forcing endless battles is banned
|rule|Species Clause: Limit one of each Pokémon
|rule|OHKO Clause: OHKO moves are banned
|rule|Evasion Items Clause: Evasion items are banned
|rule|Evasion Moves Clause: Evasion moves are banned
|rule|Evasion Abilities Clause: Evasion abilities are banned
|rule|Sleep Moves Clause: Sleep-inducing moves are banned
|clearpoke
|poke|p1|Flamigo, M|
|poke|p1|Kyurem|
|poke|p1|Hatterene, F|
|poke|p1|Slowking-Galar, F|
|poke|p1|Great Tusk|
|poke|p1|Tornadus-Therian, M|
|poke|p2|Lycanroc-Dusk, F|
|poke|p2|Volcanion|
|poke|p2|Corviknight, F|
|poke|p2|Great Tusk|
|poke|p2|Slowking-Galar, F|
|poke|p2|Darkrai|
|teampreview
|inactive|Battle timer is ON: inactive players will automatically lose when time's up. (requested by WalkingOnionRings)
|c|☆WalkingOnionRings|Hf
|inactive|WeR#4Hay! has 120 seconds left.
|
|t:|1760808193
|teamsize|p1|6
|teamsize|p2|6
|start
|switch|p1a: Great Tusk|Great Tusk|100/100
|switch|p2a: Kagami Hiiragi|Volcanion|100/100
|turn|1
|
|t:|1760808198
|-end|p1a: Great Tusk|Protosynthesis|[silent]
|switch|p1a: Slowking|Slowking-Galar, F|100/100
|switch|p2a: Miyuki Takara|Corviknight, F|100/100
|-ability|p2a: Miyuki Takara|Pressure
|
|upkeep
|turn|2
|
|t:|1760808206
|move|p2a: Miyuki Takara|U-turn|p1a: Slowking
|-damage|p1a: Slowking|86/100
|
|t:|1760808220
|switch|p2a: Konata Izumi|Slowking-Galar, F|100/100|[from] U-turn
|move|p1a: Slowking|Future Sight|p2a: Konata Izumi
|-start|p1a: Slowking|move: Future Sight
|
|upkeep
|turn|3
|
|t:|1760808225
|move|p2a: Konata Izumi|Future Sight|p1a: Slowking
|-start|p2a: Konata Izumi|move: Future Sight
|-prepare|p1a: Slowking|Chilly Reception|[premajor]
|move|p1a: Slowking|Chilly Reception|p1a: Slowking
|-weather|Snowscape
|
|t:|1760808234
|switch|p1a: Tornadus|Tornadus-Therian, M|100/100|[from] Chilly Reception
|
|-weather|Snowscape|[upkeep]
|upkeep
|turn|4
|
|t:|1760808240
|move|p1a: Tornadus|Knock Off|p2a: Konata Izumi
|-supereffective|p2a: Konata Izumi
|-damage|p2a: Konata Izumi|71/100
|-enditem|p2a: Konata Izumi|Assault Vest|[from] move: Knock Off|[of] p1a: Tornadus
|move|p2a: Konata Izumi|Sludge Bomb|p1a: Tornadus
|-damage|p1a: Tornadus|75/100
|
|-weather|Snowscape|[upkeep]
|-end|p2a: Konata Izumi|move: Future Sight
|-damage|p2a: Konata Izumi|35/100
|upkeep
|turn|5
|
|t:|1760808249
|move|p1a: Tornadus|U-turn|p2a: Konata Izumi
|-damage|p2a: Konata Izumi|24/100
|
|t:|1760808252
|switch|p1a: Slowking|Slowking-Galar, F|100/100|[from] U-turn
|move|p2a: Konata Izumi|Sludge Bomb|p1a: Slowking
|-resisted|p1a: Slowking
|-damage|p1a: Slowking|91/100
|
|-weather|Snowscape|[upkeep]
|-end|p1a: Slowking|move: Future Sight
|-damage|p1a: Slowking|63/100
|upkeep
|turn|6
|
|t:|1760808262
|move|p2a: Konata Izumi|Future Sight|p1a: Slowking
|-start|p2a: Konata Izumi|move: Future Sight
|move|p1a: Slowking|Future Sight|p2a: Konata Izumi
|-start|p1a: Slowking|move: Future Sight
|
|-weather|Snowscape|[upkeep]
|upkeep
|turn|7
|
|t:|1760808271
|switch|p2a: Miyuki Takara|Corviknight, F|100/100
|-ability|p2a: Miyuki Takara|Pressure
|-prepare|p1a: Slowking|Chilly Reception|[premajor]
|move|p1a: Slowking|Chilly Reception|p1a: Slowking
|
|t:|1760808277
|switch|p1a: Hatterene|Hatterene, F|100/100|[from] Chilly Reception
|
|-weather|none
|upkeep
|turn|8
|
|t:|1760808282
|move|p2a: Miyuki Takara|U-turn|p1a: Hatterene
|-damage|p1a: Hatterene|90/100
|-enditem|p1a: Hatterene|Eject Button
|
|t:|1760808284
|switch|p1a: Slowking|Slowking-Galar, F|96/100
|
|-end|p2a: Miyuki Takara|move: Future Sight
|-resisted|p2a: Miyuki Takara
|-damage|p2a: Miyuki Takara|80/100
|-end|p1a: Slowking|move: Future Sight
|-damage|p1a: Slowking|70/100
|upkeep
|turn|9
|
|t:|1760808291
|move|p2a: Miyuki Takara|U-turn|p1a: Slowking
|-damage|p1a: Slowking|58/100
|
|t:|1760808298
|switch|p2a: Konata Izumi|Slowking-Galar, F|57/100|[from] U-turn
|move|p1a: Slowking|Future Sight|p2a: Konata Izumi
|-start|p1a: Slowking|move: Future Sight
|
|upkeep
|turn|10
|
|t:|1760808301
|move|p2a: Konata Izumi|Future Sight|p1a: Slowking
|-start|p2a: Konata Izumi|move: Future Sight
|-prepare|p1a: Slowking|Chilly Reception|[premajor]
|move|p1a: Slowking|Chilly Reception|p1a: Slowking
|-weather|Snowscape
|
|t:|1760808307
|switch|p1a: Flamigo|Flamigo, M|100/100|[from] Chilly Reception
|
|-weather|Snowscape|[upkeep]
|upkeep
|turn|11
|
|t:|1760808311
|switch|p2a: Miyuki Takara|Corviknight, F|80/100
|-ability|p2a: Miyuki Takara|Pressure
|move|p1a: Flamigo|Brave Bird|p2a: Miyuki Takara
|-resisted|p2a: Miyuki Takara
|-damage|p2a: Miyuki Takara|63/100
|-damage|p1a: Flamigo|84/100|[from] item: Rocky Helmet|[of] p2a: Miyuki Takara
|-damage|p1a: Flamigo|77/100|[from] Recoil
|
|-weather|Snowscape|[upkeep]
|-end|p2a: Miyuki Takara|move: Future Sight
|-resisted|p2a: Miyuki Takara
|-damage|p2a: Miyuki Takara|42/100
|upkeep
|turn|12
|
|t:|1760808322
|switch|p1a: Hatterene|Hatterene, F|90/100
|move|p2a: Miyuki Takara|Roost|p2a: Miyuki Takara
|-heal|p2a: Miyuki Takara|92/100
|-singleturn|p2a: Miyuki Takara|move: Roost
|
|-weather|Snowscape|[upkeep]
|-end|p1a: Hatterene|move: Future Sight
|-resisted|p1a: Hatterene
|-damage|p1a: Hatterene|66/100
|upkeep
|turn|13
|
|t:|1760808328
|move|p2a: Miyuki Takara|U-turn|p1a: Hatterene
|-damage|p1a: Hatterene|55/100
|
|t:|1760808331
|switch|p2a: Konata Izumi|Slowking-Galar, F|90/100|[from] U-turn
|move|p1a: Hatterene|Nuzzle|p2a: Konata Izumi
|-damage|p2a: Konata Izumi|87/100
|-status|p2a: Konata Izumi|par
|
|-weather|Snowscape|[upkeep]
|upkeep
|turn|14
|
|t:|1760808340
|switch|p1a: Slowking|Slowking-Galar, F|91/100
|move|p2a: Konata Izumi|Future Sight|p1a: Slowking
|-start|p2a: Konata Izumi|move: Future Sight
|
|-weather|none
|upkeep
|turn|15
|
|t:|1760808346
|switch|p2a: Akira Kogami|Lycanroc-Dusk, F|100/100
|move|p1a: Slowking|Future Sight|p2a: Akira Kogami
|-start|p1a: Slowking|move: Future Sight
|
|upkeep
|turn|16
|
|t:|1760808351
|move|p2a: Akira Kogami|Crunch|p1a: Slowking
|-supereffective|p1a: Slowking
|-damage|p1a: Slowking|0 fnt
|faint|p1a: Slowking
|
|-hint|Future Sight did not hit because the target is fainted.
|upkeep
|
|t:|1760808366
|switch|p1a: Tornadus|Tornadus-Therian, M|100/100
|turn|17
|
|t:|1760808373
|switch|p2a: Konata Izumi|Slowking-Galar, F|100/100 par
|move|p1a: Tornadus|U-turn|p2a: Konata Izumi
|-damage|p2a: Konata Izumi|88/100 par
|
|t:|1760808379
|switch|p1a: Great Tusk|Great Tusk|100/100|[from] U-turn
|
|-end|p2a: Konata Izumi|move: Future Sight
|-damage|p2a: Konata Izumi|54/100 par
|upkeep
|turn|18
|
|t:|1760808384
|switch|p2a: Miyuki Takara|Corviknight, F|92/100
|-ability|p2a: Miyuki Takara|Pressure
|move|p1a: Great Tusk|Stealth Rock|p2a: Miyuki Takara
|-sidestart|p2: WeR#4Hay!|move: Stealth Rock
|
|upkeep
|turn|19
|
|t:|1760808390
|move|p1a: Great Tusk|Ice Spinner|p2a: Miyuki Takara
|-damage|p2a: Miyuki Takara|75/100
|-damage|p1a: Great Tusk|84/100|[from] item: Rocky Helmet|[of] p2a: Miyuki Takara
|move|p2a: Miyuki Takara|U-turn|p1a: Great Tusk
|-resisted|p1a: Great Tusk
|-damage|p1a: Great Tusk|79/100
|
|t:|1760808392
|switch|p2a: Konata Izumi|Slowking-Galar, F|88/100 par|[from] U-turn
|-damage|p2a: Konata Izumi|75/100 par|[from] Stealth Rock
|
|upkeep
|turn|20
|
|t:|1760808397
|switch|p2a: Miyuki Takara|Corviknight, F|75/100
|-damage|p2a: Miyuki Takara|63/100|[from] Stealth Rock
|-ability|p2a: Miyuki Takara|Pressure
|move|p1a: Great Tusk|Headlong Rush|p2a: Miyuki Takara
|-immune|p2a: Miyuki Takara
|
|upkeep
|turn|21
|
|t:|1760808402
|-end|p1a: Great Tusk|Protosynthesis|[silent]
|switch|p1a: Tornadus|Tornadus-Therian, M|100/100
|move|p2a: Miyuki Takara|Roost|p2a: Miyuki Takara
|-heal|p2a: Miyuki Takara|100/100
|-singleturn|p2a: Miyuki Takara|move: Roost
|
|upkeep
|turn|22
|
|t:|1760808405
|switch|p2a: Konata Izumi|Slowking-Galar, F|100/100 par
|-damage|p2a: Konata Izumi|88/100 par|[from] Stealth Rock
|move|p1a: Tornadus|Heat Wave|p2a: Konata Izumi
|-damage|p2a: Konata Izumi|68/100 par
|
|upkeep
|turn|23
|
|t:|1760808409
|move|p1a: Tornadus|U-turn|p2a: Konata Izumi
|-damage|p2a: Konata Izumi|55/100 par
|
|t:|1760808411
|switch|p1a: Kyurem|Kyurem|100/100|[from] U-turn
|-ability|p1a: Kyurem|Pressure
|move|p2a: Konata Izumi|Future Sight|p1a: Kyurem
|-start|p2a: Konata Izumi|move: Future Sight
|
|upkeep
|turn|24
|
|t:|1760808422
|switch|p2a: Tsukasa Hiiragi|Darkrai|100/100
|-damage|p2a: Tsukasa Hiiragi|88/100|[from] Stealth Rock
|move|p1a: Kyurem|Dragon Dance|p1a: Kyurem
|-boost|p1a: Kyurem|atk|1
|-boost|p1a: Kyurem|spe|1
|
|upkeep
|turn|25
|
|t:|1760808428
|move|p2a: Tsukasa Hiiragi|Dark Pulse|p1a: Kyurem
|-damage|p1a: Kyurem|57/100
|move|p1a: Kyurem|Icicle Spear|p2a: Tsukasa Hiiragi
|-damage|p2a: Tsukasa Hiiragi|65/100
|-damage|p2a: Tsukasa Hiiragi|42/100
|-damage|p2a: Tsukasa Hiiragi|21/100
|-damage|p2a: Tsukasa Hiiragi|0 fnt
|faint|p2a: Tsukasa Hiiragi
|-hitcount|p2: Tsukasa Hiiragi|4
|
|-end|p1a: Kyurem|move: Future Sight
|-damage|p1a: Kyurem|16/100
|upkeep
|
|t:|1760808435
|switch|p2a: Akira Kogami|Lycanroc-Dusk, F|100/100
|-damage|p2a: Akira Kogami|88/100|[from] Stealth Rock
|turn|26
|
|t:|1760808442
|switch|p1a: Great Tusk|Great Tusk|79/100
|move|p2a: Akira Kogami|Accelerock|p1a: Great Tusk
|-resisted|p1a: Great Tusk
|-damage|p1a: Great Tusk|71/100
|
|upkeep
|turn|27
|
|t:|1760808468
|switch|p2a: Miyuki Takara|Corviknight, F|100/100
|-damage|p2a: Miyuki Takara|88/100|[from] Stealth Rock
|-ability|p2a: Miyuki Takara|Pressure
|-end|p1a: Great Tusk|Protosynthesis|[silent]
|switch|p1a: Kyurem|Kyurem|16/100
|-ability|p1a: Kyurem|Pressure
|
|upkeep
|turn|28
|
|t:|1760808475
|move|p1a: Kyurem|Freeze-Dry|p2a: Miyuki Takara
|-damage|p2a: Miyuki Takara|50/100
|move|p2a: Miyuki Takara|Body Press|p1a: Kyurem
|-supereffective|p1a: Kyurem
|-damage|p1a: Kyurem|0 fnt
|faint|p1a: Kyurem
|
|upkeep
|
|t:|1760808483
|switch|p1a: Hatterene|Hatterene, F|55/100
|turn|29
|
|t:|1760808487
|move|p2a: Miyuki Takara|U-turn|p1a: Hatterene
|-damage|p1a: Hatterene|44/100
|
|t:|1760808489
|switch|p2a: Konata Izumi|Slowking-Galar, F|89/100 par|[from] U-turn
|-damage|p2a: Konata Izumi|76/100 par|[from] Stealth Rock
|move|p1a: Hatterene|Calm Mind|p1a: Hatterene
|-boost|p1a: Hatterene|spa|1
|-boost|p1a: Hatterene|spd|1
|
|upkeep
|turn|30
|
|t:|1760808492
|move|p1a: Hatterene|Psyshock|p2a: Konata Izumi
|-damage|p2a: Konata Izumi|35/100 par
|move|p2a: Konata Izumi|Sludge Bomb|p1a: Hatterene
|-supereffective|p1a: Hatterene
|-damage|p1a: Hatterene|0 fnt
|faint|p1a: Hatterene
|
|upkeep
|
|t:|1760808500
|switch|p1a: Flamigo|Flamigo, M|77/100
|turn|31
|
|t:|1760808506
|switch|p2a: Miyuki Takara|Corviknight, F|50/100
|-damage|p2a: Miyuki Takara|38/100|[from] Stealth Rock
|-ability|p2a: Miyuki Takara|Pressure
|move|p1a: Flamigo|Close Combat|p2a: Miyuki Takara
|-damage|p2a: Miyuki Takara|3/100
|-unboost|p1a: Flamigo|def|1
|-unboost|p1a: Flamigo|spd|1
|-damage|p1a: Flamigo|60/100|[from] item: Rocky Helmet|[of] p2a: Miyuki Takara
|
|upkeep
|turn|32
|
|t:|1760808517
|move|p1a: Flamigo|Close Combat|p2a: Miyuki Takara
|-damage|p2a: Miyuki Takara|0 fnt
|-unboost|p1a: Flamigo|def|1
|-unboost|p1a: Flamigo|spd|1
|-damage|p1a: Flamigo|44/100|[from] item: Rocky Helmet|[of] p2a: Miyuki Takara
|faint|p2a: Miyuki Takara
|
|upkeep
|inactive|WeR#4Hay! has 120 seconds left.
|
|t:|1760808542
|switch|p2a: Kagami Hiiragi|Volcanion|100/100
|turn|33
|
|t:|1760808547
|switch|p1a: Tornadus|Tornadus-Therian, M|100/100
|-terastallize|p2a: Kagami Hiiragi|Ghost
|move|p2a: Kagami Hiiragi|Steam Eruption|p1a: Tornadus
|-damage|p1a: Tornadus|60/100
|
|upkeep
|turn|34
|
|t:|1760808556
|move|p1a: Tornadus|Knock Off|p2a: Kagami Hiiragi
|-supereffective|p2a: Kagami Hiiragi
|-damage|p2a: Kagami Hiiragi|61/100
|-enditem|p2a: Kagami Hiiragi|Heavy-Duty Boots|[from] move: Knock Off|[of] p1a: Tornadus
|move|p2a: Kagami Hiiragi|Steam Eruption|p1a: Tornadus
|-damage|p1a: Tornadus|18/100
|
|upkeep
|turn|35
|
|t:|1760808570
|move|p1a: Tornadus|U-turn|p2a: Kagami Hiiragi
|-resisted|p2a: Kagami Hiiragi
|-damage|p2a: Kagami Hiiragi|54/100
|
|t:|1760808575
|switch|p1a: Flamigo|Flamigo, M|44/100|[from] U-turn
|move|p2a: Kagami Hiiragi|Flamethrower|p1a: Flamigo
|-damage|p1a: Flamigo|0 fnt
|faint|p1a: Flamigo
|
|upkeep
|
|t:|1760808577
|switch|p1a: Tornadus|Tornadus-Therian, M|51/100
|turn|36
|
|t:|1760808580
|move|p1a: Tornadus|Bleakwind Storm|p2a: Kagami Hiiragi
|-damage|p2a: Kagami Hiiragi|17/100
|move|p2a: Kagami Hiiragi|Steam Eruption|p1a: Tornadus
|-damage|p1a: Tornadus|9/100
|-status|p1a: Tornadus|brn
|
|-damage|p1a: Tornadus|3/100 brn|[from] brn
|upkeep
|turn|37
|
|t:|1760808587
|move|p1a: Tornadus|Knock Off|p2a: Kagami Hiiragi
|-supereffective|p2a: Kagami Hiiragi
|-damage|p2a: Kagami Hiiragi|6/100
|move|p2a: Kagami Hiiragi|Steam Eruption|p1a: Tornadus
|-damage|p1a: Tornadus|0 fnt
|faint|p1a: Tornadus
|
|upkeep
|
|t:|1760808589
|switch|p1a: Great Tusk|Great Tusk|71/100
|turn|38
|
|t:|1760808591
|move|p1a: Great Tusk|Ice Spinner|p2a: Kagami Hiiragi
|-damage|p2a: Kagami Hiiragi|0 fnt
|faint|p2a: Kagami Hiiragi
|
|upkeep
|
|t:|1760808596
|switch|p2a: Konata Izumi|Slowking-Galar, F|68/100 par
|-damage|p2a: Konata Izumi|55/100 par|[from] Stealth Rock
|turn|39
|
|t:|1760808600
|move|p1a: Great Tusk|Ice Spinner|p2a: Konata Izumi
|-damage|p2a: Konata Izumi|33/100 par
|move|p2a: Konata Izumi|Psychic Noise|p1a: Great Tusk
|-supereffective|p1a: Great Tusk
|-damage|p1a: Great Tusk|0 fnt
|faint|p1a: Great Tusk
|-end|p1a: Great Tusk|Protosynthesis|[silent]
|
|win|WeR#4Hay!
|raw|WalkingOnionRings's rating: 1458 &rarr; <strong>1441</strong><br />(-17 for losing)
|raw|WeR#4Hay!'s rating: 1507 &rarr; <strong>1524</strong><br />(+17 for winning)
|c|☆WeR#4Hay!|gg
|l|☆WalkingOnionRings
|player|p1|
