|j|☆lincereb
|j|☆RK Earth 9000
|t:|1760755551
|gametype|singles
|player|p1|lincereb|2|1067
|player|p2|RK Earth 9000|volkner|1102
|gen|9
|tier|[Gen 9] OU
|rated|
|rule|HP Percentage Mod: HP is shown in percentages
|rule|Endless Battle Clause: Forcing endless battles is banned
|rule|Species Clause: Limit one of each Pokémon
|rule|OHKO Clause: OHKO moves are banned
|rule|Evasion Items Clause: Evasion items are banned
|rule|Evasion Moves Clause: Evasion moves are banned
|rule|Evasion Abilities Clause: Evasion abilities are banned
|rule|Sleep Moves Clause: Sleep-inducing moves are banned
|clearpoke
|poke|p1|Meowscarada, M|
|poke|p1|Pecharunt|
|poke|p1|Pincurchin, F|
|poke|p1|Iron Hands|
|poke|p1|Raging Bolt|
|poke|p1|Latios, M|
|poke|p2|Poliwrath, M|
|poke|p2|Toxicroak, M|
|poke|p2|Greninja-*, M|
|poke|p2|Heatran, M|
|poke|p2|Bellibolt, M|
|poke|p2|Politoed, M|
|teampreview
|
|t:|1760755568
|teamsize|p1|6
|teamsize|p2|6
|start
|switch|p1a: Meowscarada|Meowscarada, M, shiny|100/100
|switch|p2a: Heatran|Heatran, M|100/100
|turn|1
|
|t:|1760755596
|switch|p1a: Pincurchin|Pincurchin, F|100/100
|-fieldstart|move: Electric Terrain|[from] ability: Electric Surge|[of] p1a: Pincurchin
|move|p2a: Heatran|Metal Sound|p1a: Pincurchin|[miss]
|-miss|p2a: Heatran|p1a: Pincurchin
|
|upkeep
|turn|2
|
|t:|1760755608
|switch|p2a: Bellibolt|Bellibolt, M, shiny|100/100
|move|p1a: Pincurchin|Toxic Spikes|p2a: Bellibolt
|-sidestart|p2: RK Earth 9000|move: Toxic Spikes
|
|upkeep
|turn|3
|
|t:|1760755617
|move|p2a: Bellibolt|Soak|p1a: Pincurchin
|-start|p1a: Pincurchin|typechange|Water
|move|p1a: Pincurchin|Zing Zap|p2a: Bellibolt
|-resisted|p2a: Bellibolt
|-damage|p2a: Bellibolt|89/100
|-start|p2a: Bellibolt|Charge|Zing Zap|[from] ability: Electromorphosis
|
|upkeep
|turn|4
|
|t:|1760755629
|switch|p1a: Latios|Latios, M|100/100
|move|p2a: Bellibolt|Parabolic Charge|p1a: Latios
|-resisted|p1a: Latios
|-damage|p1a: Latios|57/100
|-heal|p2a: Bellibolt|100/100|[from] drain|[of] p1a: Latios
|-end|p2a: Bellibolt|Charge|[silent]
|
|upkeep
|turn|5
|
|t:|1760755646
|-terastallize|p1a: Latios|Electric
|move|p1a: Latios|Thunderbolt|p2a: Bellibolt
|-resisted|p2a: Bellibolt
|-damage|p2a: Bellibolt|80/100
|-start|p2a: Bellibolt|Charge|Thunderbolt|[from] ability: Electromorphosis
|move|p2a: Bellibolt|Soak|p1a: Latios
|-fail|p1a: Latios
|
|upkeep
|turn|6
|
|t:|1760755658
|move|p1a: Latios|Calm Mind|p1a: Latios
|-boost|p1a: Latios|spa|1
|-boost|p1a: Latios|spd|1
|move|p2a: Bellibolt|Acid Spray|p1a: Latios
|-damage|p1a: Latios|47/100
|-unboost|p1a: Latios|spd|2
|
|upkeep
|turn|7
|
|t:|1760755670
|move|p1a: Latios|Recover|p1a: Latios
|-heal|p1a: Latios|97/100
|move|p2a: Bellibolt|Parabolic Charge|p1a: Latios
|-resisted|p1a: Latios
|-damage|p1a: Latios|34/100
|-heal|p2a: Bellibolt|100/100|[from] drain|[of] p1a: Latios
|-end|p2a: Bellibolt|Charge|[silent]
|
|upkeep
|turn|8
|
|t:|1760755680
|move|p1a: Latios|Draco Meteor|p2a: Bellibolt
|-damage|p2a: Bellibolt|0 fnt
|-unboost|p1a: Latios|spa|2
|faint|p2a: Bellibolt
|
|-fieldend|move: Electric Terrain
|upkeep
|
|t:|1760755687
|switch|p2a: Toxicroak|Toxicroak, M|100/100
|-sideend|p2: RK Earth 9000|move: Toxic Spikes|[of] p2a: Toxicroak
|turn|9
|
|t:|1760755696
|move|p1a: Latios|Recover|p1a: Latios
|-heal|p1a: Latios|84/100
|move|p2a: Toxicroak|Swords Dance|p2a: Toxicroak
|-boost|p2a: Toxicroak|atk|2
|
|upkeep
|turn|10
|
|t:|1760755705
|move|p1a: Latios|Draco Meteor|p2a: Toxicroak
|-damage|p2a: Toxicroak|32/100
|-unboost|p1a: Latios|spa|2
|move|p2a: Toxicroak|Swords Dance|p2a: Toxicroak
|-boost|p2a: Toxicroak|atk|2
|
|upkeep
|turn|11
|
|t:|1760755718
|-terastallize|p2a: Toxicroak|Dark
|move|p2a: Toxicroak|Sucker Punch||[still]
|-fail|p2a: Toxicroak
|move|p1a: Latios|Calm Mind|p1a: Latios
|-boost|p1a: Latios|spa|1
|-boost|p1a: Latios|spd|1
|
|upkeep
|turn|12
|
|t:|1760755730
|move|p2a: Toxicroak|Sucker Punch|p1a: Latios
|-damage|p1a: Latios|0 fnt
|faint|p1a: Latios
|-damage|p2a: Toxicroak|22/100|[from] item: Life Orb
|
|upkeep
|
|t:|1760755754
|switch|p1a: Pecharunt|Pecharunt|100/100
|turn|13
|
|t:|1760755766
|move|p2a: Toxicroak|Sucker Punch||[still]
|-fail|p2a: Toxicroak
|move|p1a: Pecharunt|Parting Shot|p2a: Toxicroak
|-unboost|p2a: Toxicroak|atk|1
|-unboost|p2a: Toxicroak|spa|1
|
|t:|1760755777
|switch|p1a: Meowscarada|Meowscarada, M, shiny|100/100|[from] Parting Shot
|
|upkeep
|turn|14
|
|t:|1760755784
|switch|p1a: Pecharunt|Pecharunt|100/100
|move|p2a: Toxicroak|Drain Punch|p1a: Pecharunt
|-immune|p1a: Pecharunt
|
|upkeep
|turn|15
|
|t:|1760755795
|move|p1a: Pecharunt|Parting Shot|p2a: Toxicroak
|-unboost|p2a: Toxicroak|atk|1
|-unboost|p2a: Toxicroak|spa|1
|
|t:|1760755799
|switch|p1a: Meowscarada|Meowscarada, M, shiny|100/100|[from] Parting Shot
|move|p2a: Toxicroak|Swords Dance|p2a: Toxicroak
|-boost|p2a: Toxicroak|atk|2
|
|upkeep
|turn|16
|
|t:|1760755819
|switch|p1a: Pecharunt|Pecharunt|100/100
|move|p2a: Toxicroak|Bullet Punch|p1a: Pecharunt
|-damage|p1a: Pecharunt|76/100
|-damage|p2a: Toxicroak|13/100|[from] item: Life Orb
|
|upkeep
|turn|17
|
|t:|1760755830
|move|p2a: Toxicroak|Sucker Punch||[still]
|-fail|p2a: Toxicroak
|move|p1a: Pecharunt|Recover|p1a: Pecharunt
|-heal|p1a: Pecharunt|100/100
|
|upkeep
|turn|18
|
|t:|1760755839
|move|p2a: Toxicroak|Sucker Punch||[still]
|-fail|p2a: Toxicroak
|move|p1a: Pecharunt|Parting Shot|p2a: Toxicroak
|-unboost|p2a: Toxicroak|atk|1
|-unboost|p2a: Toxicroak|spa|1
|
|t:|1760755849
|switch|p1a: Meowscarada|Meowscarada, M, shiny|100/100|[from] Parting Shot
|
|upkeep
|turn|19
|
|t:|1760755855
|switch|p1a: Pecharunt|Pecharunt|100/100
|move|p2a: Toxicroak|Bullet Punch|p1a: Pecharunt
|-damage|p1a: Pecharunt|80/100
|-damage|p2a: Toxicroak|3/100|[from] item: Life Orb
|
|upkeep
|turn|20
|
|t:|1760755864
|move|p2a: Toxicroak|Sucker Punch||[still]
|-fail|p2a: Toxicroak
|move|p1a: Pecharunt|Recover|p1a: Pecharunt
|-heal|p1a: Pecharunt|100/100
|
|upkeep
|turn|21
|
|t:|1760755882
|move|p1a: Pecharunt|Foul Play|p2a: Toxicroak
|-resisted|p2a: Toxicroak
|-damage|p2a: Toxicroak|0 fnt
|faint|p2a: Toxicroak
|
|upkeep
|
|t:|1760755890
|switch|p2a: Heatran|Heatran, M|100/100
|turn|22
|
|t:|1760755914
|move|p1a: Pecharunt|Parting Shot|p2a: Heatran
|-unboost|p2a: Heatran|atk|1
|-unboost|p2a: Heatran|spa|1
|
|t:|1760755929
|switch|p1a: Pincurchin|Pincurchin, F|100/100|[from] Parting Shot
|-fieldstart|move: Electric Terrain|[from] ability: Electric Surge|[of] p1a: Pincurchin
|move|p2a: Heatran|Metal Sound|p1a: Pincurchin
|-unboost|p1a: Pincurchin|spd|2
|-enditem|p2a: Heatran|Throat Spray
|-boost|p2a: Heatran|spa|1|[from] item: Throat Spray
|
|upkeep
|turn|23
|
|t:|1760755958
|switch|p1a: Raging Bolt|Raging Bolt|100/100
|move|p2a: Heatran|Earth Power|p1a: Raging Bolt
|-supereffective|p1a: Raging Bolt
|-damage|p1a: Raging Bolt|35/100
|
|upkeep
|turn|24
|
|t:|1760755978
|move|p1a: Raging Bolt|Rising Voltage|p2a: Heatran
|-hint|Rising Voltage's BP doubled on grounded target.
|-damage|p2a: Heatran|0 fnt
|faint|p2a: Heatran
|
|upkeep
|
|t:|1760755988
|switch|p2a: Politoed|Politoed, M|100/100
|-weather|RainDance|[from] ability: Drizzle|[of] p2a: Politoed
|turn|25
|
|t:|1760755994
|move|p1a: Raging Bolt|Rising Voltage|p2a: Politoed
|-hint|Rising Voltage's BP doubled on grounded target.
|-supereffective|p2a: Politoed
|-damage|p2a: Politoed|0 fnt
|faint|p2a: Politoed
|
|-weather|RainDance|[upkeep]
|upkeep
|
|t:|1760756002
|switch|p2a: Poliwrath|Poliwrath, M|100/100
|turn|26
|
|t:|1760756009
|-end|p1a: Raging Bolt|Protosynthesis|[silent]
|switch|p1a: Iron Hands|Iron Hands, shiny|100/100
|-activate|p1a: Iron Hands|ability: Quark Drive
|-start|p1a: Iron Hands|quarkdriveatk
|move|p2a: Poliwrath|Earthquake|p1a: Iron Hands
|-supereffective|p1a: Iron Hands
|-damage|p1a: Iron Hands|43/100
|-damage|p2a: Poliwrath|91/100|[from] item: Life Orb
|
|-weather|RainDance|[upkeep]
|upkeep
|turn|27
|
|t:|1760756028
|move|p2a: Poliwrath|Earthquake|p1a: Iron Hands
|-supereffective|p1a: Iron Hands
|-damage|p1a: Iron Hands|0 fnt
|faint|p1a: Iron Hands
|-end|p1a: Iron Hands|Quark Drive|[silent]
|-damage|p2a: Poliwrath|81/100|[from] item: Life Orb
|
|-weather|RainDance|[upkeep]
|upkeep
|
|t:|1760756036
|switch|p1a: Meowscarada|Meowscarada, M, shiny|100/100
|turn|28
|
|t:|1760756043
|move|p1a: Meowscarada|Flower Trick|p2a: Poliwrath
|-start|p1a: Meowscarada|typechange|Grass|[from] ability: Protean
|-supereffective|p2a: Poliwrath
|-crit|p2a: Poliwrath
|-damage|p2a: Poliwrath|0 fnt
|faint|p2a: Poliwrath
|
|-weather|RainDance|[upkeep]
|upkeep
|
|t:|1760756052
|switch|p2a: Greninja|Greninja, M|100/100
|turn|29
|
|t:|1760756060
|move|p1a: Meowscarada|Flower Trick|p2a: Greninja
|-supereffective|p2a: Greninja
|-crit|p2a: Greninja
|-damage|p2a: Greninja|0 fnt
|faint|p2a: Greninja
|
|win|lincereb
|raw|lincereb's rating: 1067 &rarr; <strong>1100</strong><br />(+33 for winning)
|raw|RK Earth 9000's rating: 1102 &rarr; <strong>1074</strong><br />(-28 for losing)
|l|☆RK Earth 9000
|player|p2|
