|j|☆moonstone saint
|j|☆Mr Tpen
|t:|1760815129
|gametype|singles
|player|p1|moonstone saint|argenta|1602
|player|p2|Mr Tpen|1|1681
|gen|9
|tier|[Gen 9] OU
|rated|
|rule|HP Percentage Mod: HP is shown in percentages
|rule|Endless Battle Clause: Forcing endless battles is banned
|rule|Species Clause: Limit one of each Pokémon
|rule|OHKO Clause: OHKO moves are banned
|rule|Evasion Items Clause: Evasion items are banned
|rule|Evasion Moves Clause: Evasion moves are banned
|rule|Evasion Abilities Clause: Evasion abilities are banned
|rule|Sleep Moves Clause: Sleep-inducing moves are banned
|clearpoke
|poke|p1|Deoxys-Speed|
|poke|p1|Dragonite, F|
|poke|p1|Kingambit, F|
|poke|p1|Gholdengo|
|poke|p1|Great Tusk|
|poke|p1|Ogerpon-Wellspring, F|
|poke|p2|Enamorus, F|
|poke|p2|Kyurem|
|poke|p2|Landorus-Therian, M|
|poke|p2|Kingambit, F|
|poke|p2|Ogerpon-Wellspring, F|
|poke|p2|Glimmora, F|
|teampreview
|
|t:|1760815169
|teamsize|p1|6
|teamsize|p2|6
|start
|switch|p1a: Ogerpon|Ogerpon-Wellspring, F|100/100
|switch|p2a: Ogerpon|Ogerpon-Wellspring, F|100/100
|turn|1
|
|t:|1760815180
|move|p2a: Ogerpon|U-turn|p1a: Ogerpon
|-supereffective|p1a: Ogerpon
|-damage|p1a: Ogerpon|28/100
|
|t:|1760815182
|switch|p2a: Landorus|Landorus-Therian, M|100/100|[from] U-turn
|-ability|p2a: Landorus|Intimidate|boost
|-unboost|p1a: Ogerpon|atk|1
|move|p1a: Ogerpon|Horn Leech|p2a: Landorus
|-damage|p2a: Landorus|71/100
|-heal|p1a: Ogerpon|47/100|[from] drain|[of] p2a: Landorus
|-damage|p1a: Ogerpon|30/100|[from] item: Rocky Helmet|[of] p2a: Landorus
|
|upkeep
|turn|2
|j| tapu moxo
|
|t:|1760815188
|move|p1a: Ogerpon|Ivy Cudgel|p2a: Landorus|[anim] Ivy Cudgel Water
|-supereffective|p2a: Landorus
|-damage|p2a: Landorus|0 fnt
|faint|p2a: Landorus
|
|upkeep
|
|t:|1760815191
|switch|p2a: Ogerpon|Ogerpon-Wellspring, F|100/100
|turn|3
|
|t:|1760815199
|move|p2a: Ogerpon|U-turn|p1a: Ogerpon
|-supereffective|p1a: Ogerpon
|-damage|p1a: Ogerpon|0 fnt
|faint|p1a: Ogerpon
|
|t:|1760815205
|switch|p2a: Enamorus|Enamorus, F|100/100|[from] U-turn
|
|upkeep
|
|t:|1760815209
|switch|p1a: Deoxys|Deoxys-Speed|100/100
|-ability|p1a: Deoxys|Pressure
|turn|4
|
|t:|1760815221
|move|p1a: Deoxys|Ice Beam|p2a: Enamorus
|-supereffective|p2a: Enamorus
|-damage|p2a: Enamorus|0 fnt
|faint|p2a: Enamorus
|-damage|p1a: Deoxys|91/100|[from] item: Life Orb
|
|upkeep
|
|t:|1760815225
|switch|p2a: Kingambit|Kingambit, F|100/100
|-activate|p2a: Kingambit|ability: Supreme Overlord
|-start|p2a: Kingambit|fallen2|[silent]
|-item|p2a: Kingambit|Air Balloon
|turn|5
|
|t:|1760815255
|switch|p1a: Great Tusk|Great Tusk|100/100
|-enditem|p1a: Great Tusk|Booster Energy
|-activate|p1a: Great Tusk|ability: Protosynthesis|[fromitem]
|-start|p1a: Great Tusk|protosynthesisspe
|move|p2a: Kingambit|Iron Head|p1a: Great Tusk
|-damage|p1a: Great Tusk|69/100
|
|upkeep
|turn|6
|
|t:|1760815267
|move|p1a: Great Tusk|Ice Spinner|p2a: Kingambit
|-resisted|p2a: Kingambit
|-damage|p2a: Kingambit|91/100
|-enditem|p2a: Kingambit|Air Balloon
|move|p2a: Kingambit|Low Kick|p1a: Great Tusk
|-damage|p1a: Great Tusk|36/100
|
|upkeep
|turn|7
|l| tapu moxo
|
|t:|1760815277
|-end|p2a: Kingambit|fallen2|[silent]
|switch|p2a: Ogerpon|Ogerpon-Wellspring, F|100/100
|move|p1a: Great Tusk|Headlong Rush|p2a: Ogerpon
|-resisted|p2a: Ogerpon
|-damage|p2a: Ogerpon|67/100
|-unboost|p1a: Great Tusk|def|1
|-unboost|p1a: Great Tusk|spd|1
|
|upkeep
|turn|8
|
|t:|1760815324
|-end|p1a: Great Tusk|Protosynthesis|[silent]
|switch|p1a: Dragonite|Dragonite, F|100/100
|move|p2a: Ogerpon|Ivy Cudgel|p1a: Dragonite|[anim] Ivy Cudgel Water
|-resisted|p1a: Dragonite
|-damage|p1a: Dragonite|85/100
|
|upkeep
|turn|9
|
|t:|1760815345
|move|p2a: Ogerpon|U-turn|p1a: Dragonite
|-resisted|p1a: Dragonite
|-damage|p1a: Dragonite|70/100
|
|t:|1760815347
|switch|p2a: Kyurem|Kyurem|100/100|[from] U-turn
|-ability|p2a: Kyurem|Pressure
|move|p1a: Dragonite|Fire Punch|p2a: Kyurem
|-damage|p2a: Kyurem|58/100
|
|upkeep
|turn|10
|
|t:|1760815358
|switch|p1a: Kingambit|Kingambit, F|100/100
|-activate|p1a: Kingambit|ability: Supreme Overlord
|-start|p1a: Kingambit|fallen1|[silent]
|move|p2a: Kyurem|Ice Beam|p1a: Kingambit
|-resisted|p1a: Kingambit
|-damage|p1a: Kingambit|74/100
|
|-heal|p1a: Kingambit|80/100|[from] item: Leftovers
|upkeep
|turn|11
|
|t:|1760815372
|switch|p2a: Glimmora|Glimmora, F|100/100
|move|p1a: Kingambit|Kowtow Cleave|p2a: Glimmora
|-damage|p2a: Glimmora|61/100
|-activate|p2a: Glimmora|ability: Toxic Debris
|-sidestart|p1: moonstone saint|move: Toxic Spikes
|-enditem|p2a: Glimmora|Red Card|[of] p1a: Kingambit
|-end|p1a: Kingambit|fallen1|[silent]
|drag|p1a: Great Tusk|Great Tusk|36/100
|-status|p1a: Great Tusk|psn
|
|-damage|p1a: Great Tusk|23/100 psn|[from] psn
|upkeep
|turn|12
|
|t:|1760815391
|move|p1a: Great Tusk|Headlong Rush|p2a: Glimmora
|-supereffective|p2a: Glimmora
|-damage|p2a: Glimmora|0 fnt
|-unboost|p1a: Great Tusk|def|1
|-unboost|p1a: Great Tusk|spd|1
|-activate|p2a: Glimmora|ability: Toxic Debris
|-sidestart|p1: moonstone saint|move: Toxic Spikes
|faint|p2a: Glimmora
|
|-damage|p1a: Great Tusk|11/100 psn|[from] psn
|upkeep
|
|t:|1760815394
|switch|p2a: Ogerpon|Ogerpon-Wellspring, F|67/100
|turn|13
|
|t:|1760815399
|move|p2a: Ogerpon|Knock Off|p1a: Great Tusk
|-resisted|p1a: Great Tusk
|-damage|p1a: Great Tusk|0 fnt
|faint|p1a: Great Tusk
|-end|p1a: Great Tusk|Protosynthesis|[silent]
|
|upkeep
|
|t:|1760815424
|switch|p1a: Gholdengo|Gholdengo|100/100
|turn|14
|
|t:|1760815431
|move|p1a: Gholdengo|Trick||[still]
|-fail|p1a: Gholdengo
|move|p2a: Ogerpon|Knock Off|p1a: Gholdengo
|-supereffective|p1a: Gholdengo
|-damage|p1a: Gholdengo|7/100
|-enditem|p1a: Gholdengo|Choice Scarf|[from] move: Knock Off|[of] p2a: Ogerpon
|
|upkeep
|turn|15
|
|t:|1760815446
|move|p2a: Ogerpon|Knock Off|p1a: Gholdengo
|-supereffective|p1a: Gholdengo
|-damage|p1a: Gholdengo|0 fnt
|faint|p1a: Gholdengo
|
|upkeep
|
|t:|1760815456
|switch|p1a: Deoxys|Deoxys-Speed|91/100
|-status|p1a: Deoxys|tox
|-ability|p1a: Deoxys|Pressure
|turn|16
|
|t:|1760815460
|move|p1a: Deoxys|Psycho Boost|p2a: Ogerpon
|-damage|p2a: Ogerpon|0 fnt
|-unboost|p1a: Deoxys|spa|2
|faint|p2a: Ogerpon
|-damage|p1a: Deoxys|81/100 tox|[from] item: Life Orb
|
|-damage|p1a: Deoxys|74/100 tox|[from] psn
|upkeep
|
|t:|1760815463
|switch|p2a: Kingambit|Kingambit, F|91/100
|-activate|p2a: Kingambit|ability: Supreme Overlord
|-start|p2a: Kingambit|fallen4|[silent]
|turn|17
|
|t:|1760815521
|switch|p1a: Kingambit|Kingambit, F|80/100
|-activate|p1a: Kingambit|ability: Supreme Overlord
|-start|p1a: Kingambit|fallen3|[silent]
|move|p2a: Kingambit|Iron Head|p1a: Kingambit
|-resisted|p1a: Kingambit
|-damage|p1a: Kingambit|57/100
|
|-heal|p1a: Kingambit|63/100|[from] item: Leftovers
|upkeep
|turn|18
|
|t:|1760815549
|move|p1a: Kingambit|Sucker Punch|p2a: Kingambit
|-resisted|p2a: Kingambit
|-damage|p2a: Kingambit|69/100
|move|p2a: Kingambit|Low Kick|p1a: Kingambit
|-supereffective|p1a: Kingambit
|-damage|p1a: Kingambit|0 fnt
|faint|p1a: Kingambit
|-end|p1a: Kingambit|fallen3|[silent]
|
|upkeep
|
|t:|1760815555
|switch|p1a: Dragonite|Dragonite, F|70/100
|turn|19
|
|t:|1760815587
|move|p1a: Dragonite|Earthquake|p2a: Kingambit
|-supereffective|p2a: Kingambit
|-damage|p2a: Kingambit|0 fnt
|faint|p2a: Kingambit
|-end|p2a: Kingambit|fallen4|[silent]
|
|upkeep
|
|t:|1760815590
|switch|p2a: Kyurem|Kyurem|58/100
|-ability|p2a: Kyurem|Pressure
|turn|20
|
|t:|1760815601
|-terastallize|p1a: Dragonite|Normal
|move|p2a: Kyurem|Ice Beam|p1a: Dragonite
|-damage|p1a: Dragonite|14/100
|move|p1a: Dragonite|Earthquake|p2a: Kyurem
|-damage|p2a: Kyurem|2/100
|
|upkeep
|turn|21
|
|t:|1760815605
|move|p2a: Kyurem|Ice Beam|p1a: Dragonite
|-damage|p1a: Dragonite|0 fnt
|faint|p1a: Dragonite
|
|upkeep
|
|t:|1760815606
|switch|p1a: Deoxys|Deoxys-Speed|74/100 tox
|-ability|p1a: Deoxys|Pressure
|turn|22
|
|t:|1760815608
|move|p1a: Deoxys|Shadow Ball|p2a: Kyurem
|-damage|p2a: Kyurem|0 fnt
|faint|p2a: Kyurem
|-damage|p1a: Deoxys|65/100 tox|[from] item: Life Orb
|
|win|moonstone saint
|raw|moonstone saint's rating: 1602 &rarr; <strong>1626</strong><br />(+24 for winning)
|raw|Mr Tpen's rating: 1681 &rarr; <strong>1657</strong><br />(-24 for losing)
|l|☆Mr Tpen
|player|p2|
