|j|☆renzard
|j|☆YEAAAAAH
|t:|1760764523
|gametype|singles
|player|p1|renzard|265|1098
|player|p2|YEAAAAAH|burgh|1097
|gen|9
|tier|[Gen 9] OU
|rated|
|rule|HP Percentage Mod: HP is shown in percentages
|rule|Endless Battle Clause: Forcing endless battles is banned
|rule|Species Clause: Limit one of each Pokémon
|rule|OHKO Clause: OHKO moves are banned
|rule|Evasion Items Clause: Evasion items are banned
|rule|Evasion Moves Clause: Evasion moves are banned
|rule|Evasion Abilities Clause: Evasion abilities are banned
|rule|Sleep Moves Clause: Sleep-inducing moves are banned
|clearpoke
|poke|p1|Maushold-Four|
|poke|p1|Talonflame, F|
|poke|p1|Corviknight, M|
|poke|p1|Blissey, F|
|poke|p1|Noivern, F|
|poke|p1|Clodsire, M|
|poke|p2|Manaphy|
|poke|p2|Raging Bolt|
|poke|p2|Iron Boulder|
|poke|p2|Tsareena, F|
|poke|p2|Galvantula, F|
|poke|p2|Typhlosion-Hisui, M|
|teampreview
|
|t:|1760764527
|teamsize|p1|6
|teamsize|p2|6
|start
|switch|p1a: Talonflame|Talonflame, F, shiny|100/100
|switch|p2a: Manaphy|Manaphy, shiny|100/100
|turn|1
|inactive|Battle timer is ON: inactive players will automatically lose when time's up. (requested by YEAAAAAH)
|
|t:|1760764537
|switch|p1a: Maushold|Maushold-Four, shiny|100/100
|move|p2a: Manaphy|Scald|p1a: Maushold
|-damage|p1a: Maushold|51/100
|-status|p1a: Maushold|brn
|
|-damage|p1a: Maushold|45/100 brn|[from] brn
|upkeep
|turn|2
|
|t:|1760764548
|move|p1a: Maushold|Tidy Up|p1a: Maushold
|-boost|p1a: Maushold|atk|1
|-boost|p1a: Maushold|spe|1
|move|p2a: Manaphy|Tail Glow|p2a: Manaphy
|-boost|p2a: Manaphy|spa|3
|
|-damage|p1a: Maushold|38/100 brn|[from] brn
|upkeep
|turn|3
|
|t:|1760764554
|move|p1a: Maushold|Population Bomb|p2a: Manaphy
|-damage|p2a: Manaphy|92/100
|-crit|p2a: Manaphy
|-damage|p2a: Manaphy|80/100
|-damage|p2a: Manaphy|71/100
|-damage|p2a: Manaphy|64/100
|-damage|p2a: Manaphy|56/100
|-damage|p2a: Manaphy|49/100
|-damage|p2a: Manaphy|40/100
|-damage|p2a: Manaphy|31/100
|-damage|p2a: Manaphy|24/100
|-damage|p2a: Manaphy|16/100
|-hitcount|p2a: Manaphy|10
|move|p2a: Manaphy|Scald|p1a: Maushold
|-damage|p1a: Maushold|0 fnt
|faint|p1a: Maushold
|
|-heal|p2a: Manaphy|22/100|[from] item: Leftovers
|upkeep
|
|t:|1760764571
|switch|p1a: Noivern|Noivern, F, shiny|100/100
|turn|4
|
|t:|1760764574
|move|p1a: Noivern|Boomburst|p2a: Manaphy
|-damage|p2a: Manaphy|0 fnt
|faint|p2a: Manaphy
|
|upkeep
|
|t:|1760764577
|switch|p2a: Raging Bolt|Raging Bolt|100/100
|-enditem|p2a: Raging Bolt|Booster Energy
|-activate|p2a: Raging Bolt|ability: Protosynthesis|[fromitem]
|-start|p2a: Raging Bolt|protosynthesisspa
|turn|5
|
|t:|1760764582
|move|p1a: Noivern|Boomburst|p2a: Raging Bolt
|-damage|p2a: Raging Bolt|53/100
|move|p2a: Raging Bolt|Calm Mind|p2a: Raging Bolt
|-boost|p2a: Raging Bolt|spa|1
|-boost|p2a: Raging Bolt|spd|1
|
|upkeep
|turn|6
|
|t:|1760764588
|switch|p1a: Corviknight|Corviknight, M|100/100
|move|p2a: Raging Bolt|Thunderclap||[still]
|-fail|p2a: Raging Bolt
|
|upkeep
|turn|7
|
|t:|1760764592
|move|p2a: Raging Bolt|Thunderbolt|p1a: Corviknight
|-supereffective|p1a: Corviknight
|-damage|p1a: Corviknight|0 fnt
|faint|p1a: Corviknight
|
|upkeep
|
|t:|1760764597
|switch|p1a: Talonflame|Talonflame, F, shiny|100/100
|turn|8
|
|t:|1760764600
|-terastallize|p1a: Talonflame|Ground
|move|p2a: Raging Bolt|Thunderclap||[still]
|-fail|p2a: Raging Bolt
|move|p1a: Talonflame|Swords Dance|p1a: Talonflame
|-boost|p1a: Talonflame|atk|2
|
|upkeep
|turn|9
|
|t:|1760764610
|move|p1a: Talonflame|Tera Blast|p2a: Raging Bolt|[anim] Tera Blast Ground
|-supereffective|p2a: Raging Bolt
|-damage|p2a: Raging Bolt|0 fnt
|faint|p2a: Raging Bolt
|-end|p2a: Raging Bolt|Protosynthesis|[silent]
|
|upkeep
|
|t:|1760764614
|switch|p2a: Tsareena|Tsareena, F, shiny|100/100
|turn|10
|
|t:|1760764617
|move|p1a: Talonflame|Acrobatics||[still]
|cant|p2a: Tsareena|ability: Queenly Majesty|Acrobatics|[of] p1a: Talonflame
|move|p2a: Tsareena|Petal Blizzard|p1a: Talonflame
|-supereffective|p1a: Talonflame
|-crit|p1a: Talonflame
|-damage|p1a: Talonflame|0 fnt
|faint|p1a: Talonflame
|
|upkeep
|inactive|renzard has 120 seconds left.
|
|t:|1760764653
|switch|p1a: Clodsire|Clodsire, M|100/100
|turn|11
|
|t:|1760764659
|move|p2a: Tsareena|Knock Off|p1a: Clodsire
|-damage|p1a: Clodsire|76/100
|-enditem|p1a: Clodsire|Sitrus Berry|[from] move: Knock Off|[of] p2a: Tsareena
|move|p1a: Clodsire|Poison Jab|p2a: Tsareena
|-supereffective|p2a: Tsareena
|-damage|p2a: Tsareena|54/100
|
|upkeep
|turn|12
|
|t:|1760764667
|switch|p2a: Iron Boulder|Iron Boulder|100/100
|-enditem|p2a: Iron Boulder|Booster Energy
|-activate|p2a: Iron Boulder|ability: Quark Drive|[fromitem]
|-start|p2a: Iron Boulder|quarkdrivespe
|move|p1a: Clodsire|Stealth Rock|p2a: Iron Boulder
|-sidestart|p2: YEAAAAAH|move: Stealth Rock
|
|upkeep
|turn|13
|
|t:|1760764675
|move|p2a: Iron Boulder|Psycho Cut|p1a: Clodsire
|-supereffective|p1a: Clodsire
|-damage|p1a: Clodsire|25/100
|move|p1a: Clodsire|Poison Jab|p2a: Iron Boulder
|-resisted|p2a: Iron Boulder
|-damage|p2a: Iron Boulder|87/100
|
|upkeep
|turn|14
|
|t:|1760764681
|move|p2a: Iron Boulder|Psycho Cut|p1a: Clodsire
|-supereffective|p1a: Clodsire
|-crit|p1a: Clodsire
|-damage|p1a: Clodsire|0 fnt
|faint|p1a: Clodsire
|
|upkeep
|
|t:|1760764685
|switch|p1a: Blissey|Blissey, F|100/100
|turn|15
|
|t:|1760764690
|move|p2a: Iron Boulder|Swords Dance|p2a: Iron Boulder
|-boost|p2a: Iron Boulder|atk|2
|move|p1a: Blissey|Calm Mind|p1a: Blissey
|-boost|p1a: Blissey|spa|1
|-boost|p1a: Blissey|spd|1
|
|upkeep
|turn|16
|
|t:|1760764696
|switch|p1a: Noivern|Noivern, F, shiny|100/100
|move|p2a: Iron Boulder|Sacred Sword|p1a: Noivern
|-resisted|p1a: Noivern
|-damage|p1a: Noivern|61/100
|
|upkeep
|turn|17
|
|t:|1760764703
|move|p2a: Iron Boulder|Mighty Cleave|p1a: Noivern
|-supereffective|p1a: Noivern
|-damage|p1a: Noivern|0 fnt
|faint|p1a: Noivern
|
|upkeep
|-message|renzard forfeited.
|
|win|YEAAAAAH
|raw|renzard's rating: 1098 &rarr; <strong>1073</strong><br />(-25 for losing)
|raw|YEAAAAAH's rating: 1097 &rarr; <strong>1123</strong><br />(+26 for winning)
|l|☆renzard
|player|p1|
|l|☆YEAAAAAH
|player|p2|
