|j|☆xxnb
|j|☆charjabugzealot
|t:|1760854670
|gametype|singles
|player|p1|xxnb|iris-gen5bw2|1210
|player|p2|charjabugzealot|artist-gen4|1200
|gen|9
|tier|[Gen 9] OU
|rated|
|rule|HP Percentage Mod: HP is shown in percentages
|rule|Endless Battle Clause: Forcing endless battles is banned
|rule|Species Clause: Limit one of each Pokémon
|rule|OHKO Clause: OHKO moves are banned
|rule|Evasion Items Clause: Evasion items are banned
|rule|Evasion Moves Clause: Evasion moves are banned
|rule|Evasion Abilities Clause: Evasion abilities are banned
|rule|Sleep Moves Clause: Sleep-inducing moves are banned
|clearpoke
|poke|p1|Espeon, M|
|poke|p1|Ting-Lu|
|poke|p1|Glimmora, F|
|poke|p1|Dragonite, F|
|poke|p1|Dondozo, F|
|poke|p1|Gholdengo|
|poke|p2|Lokix, F|
|poke|p2|Great Tusk|
|poke|p2|Alomomola, F|
|poke|p2|Enamorus, F|
|poke|p2|Slowking-Galar, M|
|poke|p2|Emboar, F|
|teampreview
|
|t:|1760854681
|teamsize|p1|6
|teamsize|p2|6
|start
|switch|p1a: Glimmora|Glimmora, F, shiny|100/100
|switch|p2a: Great Tusk|Great Tusk|100/100
|turn|1
|
|t:|1760854694
|switch|p1a: Dondozo|Dondozo, F, shiny|100/100
|move|p2a: Great Tusk|Rapid Spin|p1a: Dondozo
|-crit|p1a: Dondozo
|-damage|p1a: Dondozo|90/100
|-boost|p2a: Great Tusk|spe|1
|-damage|p2a: Great Tusk|84/100|[from] item: Rocky Helmet|[of] p1a: Dondozo
|
|-heal|p2a: Great Tusk|90/100|[from] item: Leftovers
|upkeep
|turn|2
|inactive|Battle timer is ON: inactive players will automatically lose when time's up. (requested by xxnb)
|
|t:|1760854707
|-end|p2a: Great Tusk|Protosynthesis|[silent]
|switch|p2a: Slowking|Slowking-Galar, M|100/100
|switch|p1a: Espeon|Espeon, M, shiny|100/100
|
|upkeep
|turn|3
|
|t:|1760854713
|move|p1a: Espeon|Calm Mind|p1a: Espeon
|-boost|p1a: Espeon|spa|1
|-boost|p1a: Espeon|spd|1
|-prepare|p2a: Slowking|Chilly Reception|[premajor]
|move|p2a: Slowking|Chilly Reception|p2a: Slowking
|-weather|Snowscape
|
|t:|1760854717
|switch|p2a: Lokix|Lokix, F|100/100|[from] Chilly Reception
|
|-weather|Snowscape|[upkeep]
|upkeep
|turn|4
|
|t:|1760854744
|switch|p1a: Glimmora|Glimmora, F, shiny|100/100
|move|p2a: Lokix|First Impression|p1a: Glimmora
|-resisted|p1a: Glimmora
|-damage|p1a: Glimmora|23/100
|-activate|p1a: Glimmora|ability: Toxic Debris
|-sidestart|p2: charjabugzealot|move: Toxic Spikes
|
|-weather|Snowscape|[upkeep]
|upkeep
|turn|5
|
|t:|1760854758
|switch|p2a: Slowking|Slowking-Galar, M|100/100
|-sideend|p2: charjabugzealot|move: Toxic Spikes|[of] p2a: Slowking
|move|p1a: Glimmora|Stealth Rock|p2a: Slowking
|-sidestart|p2: charjabugzealot|move: Stealth Rock
|
|-weather|Snowscape|[upkeep]
|upkeep
|turn|6
|
|t:|1760854773
|switch|p1a: Espeon|Espeon, M, shiny|100/100
|-prepare|p2a: Slowking|Chilly Reception|[premajor]
|move|p2a: Slowking|Chilly Reception|p2a: Slowking
|
|t:|1760854778
|switch|p2a: Lokix|Lokix, F|100/100|[from] Chilly Reception
|-damage|p2a: Lokix|76/100|[from] Stealth Rock
|
|-weather|Snowscape|[upkeep]
|upkeep
|turn|7
|
|t:|1760854793
|switch|p1a: Dondozo|Dondozo, F, shiny|90/100
|move|p2a: Lokix|First Impression|p1a: Dondozo
|-damage|p1a: Dondozo|63/100
|-damage|p2a: Lokix|59/100|[from] item: Rocky Helmet|[of] p1a: Dondozo
|
|-weather|none
|upkeep
|turn|8
|
|t:|1760854812
|switch|p2a: Slowking|Slowking-Galar, M|100/100
|-damage|p2a: Slowking|88/100|[from] Stealth Rock
|move|p1a: Dondozo|Avalanche|p2a: Slowking
|-damage|p2a: Slowking|78/100
|
|upkeep
|turn|9
|
|t:|1760854827
|move|p1a: Dondozo|Earthquake|p2a: Slowking
|-supereffective|p2a: Slowking
|-crit|p2a: Slowking
|-enditem|p2a: Slowking|Shuca Berry|[eat]
|-enditem|p2a: Slowking|Shuca Berry|[weaken]
|-damage|p2a: Slowking|53/100
|move|p2a: Slowking|Ice Beam|p1a: Dondozo
|-resisted|p1a: Dondozo
|-damage|p1a: Dondozo|52/100
|
|upkeep
|turn|10
|
|t:|1760854836
|move|p1a: Dondozo|Earthquake|p2a: Slowking
|-supereffective|p2a: Slowking
|-damage|p2a: Slowking|19/100
|-prepare|p2a: Slowking|Chilly Reception|[premajor]
|move|p2a: Slowking|Chilly Reception|p2a: Slowking
|-weather|Snowscape
|
|t:|1760854842
|switch|p2a: Emboar|Emboar, F|100/100|[from] Chilly Reception
|-damage|p2a: Emboar|88/100|[from] Stealth Rock
|
|-weather|Snowscape|[upkeep]
|upkeep
|turn|11
|
|t:|1760854851
|move|p2a: Emboar|Grass Knot|p1a: Dondozo
|-supereffective|p1a: Dondozo
|-damage|p1a: Dondozo|0 fnt
|-damage|p2a: Emboar|71/100|[from] item: Rocky Helmet|[of] p1a: Dondozo
|faint|p1a: Dondozo
|-damage|p2a: Emboar|61/100|[from] item: Life Orb
|
|-weather|Snowscape|[upkeep]
|upkeep
|inactive|xxnb has 120 seconds left.
|
|t:|1760854891
|switch|p1a: Dragonite|Dragonite, F, shiny|100/100
|turn|12
|l|☆xxnb
|inactive|xxnb disconnected and has a minute to reconnect!
|player|p1|
|inactive|xxnb has 30 seconds to reconnect!
|inactive|xxnb has 20 seconds to reconnect!
|inactive|xxnb has 15 seconds to reconnect!
|inactive|xxnb has 10 seconds to reconnect!
|j|☆xxnb
|inactive|xxnb reconnected and has 55 seconds left.
|player|p1|xxnb|iris-gen5bw2|
|
|t:|1760854973
|move|p1a: Dragonite|Earthquake|p2a: Emboar
|-supereffective|p2a: Emboar
|-damage|p2a: Emboar|0 fnt
|faint|p2a: Emboar
|
|-weather|Snowscape|[upkeep]
|upkeep
|
|t:|1760854984
|switch|p2a: Enamorus|Enamorus, F|100/100
|-damage|p2a: Enamorus|76/100|[from] Stealth Rock
|turn|13
|
|t:|1760854992
|switch|p1a: Gholdengo|Gholdengo|100/100
|move|p2a: Enamorus|Moonblast|p1a: Gholdengo
|-resisted|p1a: Gholdengo
|-damage|p1a: Gholdengo|70/100
|-unboost|p1a: Gholdengo|spa|1
|
|-weather|Snowscape|[upkeep]
|upkeep
|turn|14
|
|t:|1760855001
|switch|p2a: Alomomola|Alomomola, F|100/100
|-damage|p2a: Alomomola|88/100|[from] Stealth Rock
|move|p1a: Gholdengo|Make It Rain|p2a: Alomomola
|-resisted|p2a: Alomomola
|-damage|p2a: Alomomola|78/100
|-unboost|p1a: Gholdengo|spa|1
|
|-weather|none
|upkeep
|turn|15
|inactive|xxnb has 60 seconds left.
|
|t:|1760855023
|switch|p1a: Dragonite|Dragonite, F, shiny|100/100
|move|p2a: Alomomola|Flip Turn|p1a: Dragonite
|-resisted|p1a: Dragonite
|-damage|p1a: Dragonite|96/100
|
|t:|1760855028
|switch|p2a: Enamorus|Enamorus, F|76/100|[from] Flip Turn
|-damage|p2a: Enamorus|51/100|[from] Stealth Rock
|
|upkeep
|turn|16
|l|☆xxnb
|inactive|xxnb disconnected and has a minute to reconnect!
|player|p1|
|inactive|xxnb has 30 seconds left.
|j|☆xxnb
|inactive|xxnb reconnected and has 30 seconds left.
|player|p1|xxnb|iris-gen5bw2|
|inactive|xxnb has 20 seconds left.
|inactive|xxnb has 15 seconds left.
|
|t:|1760855077
|move|p1a: Dragonite|Extreme Speed|p2a: Enamorus
|-damage|p2a: Enamorus|0 fnt
|faint|p2a: Enamorus
|
|upkeep
|
|t:|1760855082
|switch|p2a: Great Tusk|Great Tusk|90/100
|-damage|p2a: Great Tusk|87/100|[from] Stealth Rock
|turn|17
|inactive|xxnb has 30 seconds left this turn.
|inactive|xxnb has 20 seconds left.
|inactive|xxnb has 15 seconds left.
|inactive|xxnb has 10 seconds left.
|
|t:|1760855104
|switch|p1a: Gholdengo|Gholdengo|70/100
|move|p2a: Great Tusk|Rapid Spin|p1a: Gholdengo
|-immune|p1a: Gholdengo
|
|-heal|p2a: Great Tusk|93/100|[from] item: Leftovers
|upkeep
|turn|18
|inactive|xxnb has 20 seconds left this turn.
|inactive|xxnb has 15 seconds left.
|inactive|xxnb has 10 seconds left.
|inactive|xxnb has 5 seconds left.
|
|t:|1760855119
|-end|p2a: Great Tusk|Protosynthesis|[silent]
|switch|p2a: Alomomola|Alomomola, F|100/100
|-damage|p2a: Alomomola|88/100|[from] Stealth Rock
|-terastallize|p1a: Gholdengo|Flying
|move|p1a: Gholdengo|Shadow Ball|p2a: Alomomola
|-crit|p2a: Alomomola
|-damage|p2a: Alomomola|55/100
|
|upkeep
|turn|19
|inactive|xxnb has 15 seconds left this turn.
|inactive|xxnb has 10 seconds left.
|
|t:|1760855129
|move|p1a: Gholdengo|Shadow Ball|p2a: Alomomola
|-damage|p2a: Alomomola|35/100
|-unboost|p2a: Alomomola|spd|1
|move|p2a: Alomomola|Mirror Coat|p1a: Gholdengo
|-damage|p1a: Gholdengo|2/100
|
|upkeep
|turn|20
|inactive|xxnb has 20 seconds left this turn.
|inactive|xxnb has 15 seconds left.
|
|t:|1760855137
|move|p1a: Gholdengo|Shadow Ball|p2a: Alomomola
|-damage|p2a: Alomomola|3/100
|move|p2a: Alomomola|Flip Turn|p1a: Gholdengo
|-damage|p1a: Gholdengo|0 fnt
|faint|p1a: Gholdengo
|
|t:|1760855146
|switch|p2a: Great Tusk|Great Tusk|93/100|[from] Flip Turn
|-damage|p2a: Great Tusk|90/100|[from] Stealth Rock
|
|-heal|p2a: Great Tusk|97/100|[from] item: Leftovers
|upkeep
|inactive|xxnb has 25 seconds left this turn.
|inactive|xxnb has 20 seconds left.
|inactive|xxnb has 15 seconds left.
|
|t:|1760855157
|switch|p1a: Espeon|Espeon, M, shiny|100/100
|turn|21
|inactive|xxnb has 25 seconds left this turn.
|
|t:|1760855164
|-end|p2a: Great Tusk|Protosynthesis|[silent]
|switch|p2a: Lokix|Lokix, F|59/100
|-damage|p2a: Lokix|34/100|[from] Stealth Rock
|move|p1a: Espeon|Alluring Voice|p2a: Lokix
|-supereffective|p2a: Lokix
|-damage|p2a: Lokix|0 fnt
|faint|p2a: Lokix
|
|upkeep
|
|t:|1760855168
|switch|p2a: Alomomola|Alomomola, F|36/100
|-damage|p2a: Alomomola|24/100|[from] Stealth Rock
|turn|22
|
|t:|1760855176
|move|p1a: Espeon|Calm Mind|p1a: Espeon
|-boost|p1a: Espeon|spa|1
|-boost|p1a: Espeon|spd|1
|move|p2a: Alomomola|Flip Turn|p1a: Espeon
|-damage|p1a: Espeon|83/100
|
|t:|1760855181
|switch|p2a: Slowking|Slowking-Galar, M|52/100|[from] Flip Turn
|-damage|p2a: Slowking|40/100|[from] Stealth Rock
|
|upkeep
|turn|23
|
|t:|1760855187
|move|p1a: Espeon|Calm Mind|p1a: Espeon
|-boost|p1a: Espeon|spa|1
|-boost|p1a: Espeon|spd|1
|move|p2a: Slowking|Sludge Bomb|p1a: Espeon
|-damage|p1a: Espeon|65/100
|
|upkeep
|turn|24
|
|t:|1760855195
|move|p1a: Espeon|Calm Mind|p1a: Espeon
|-boost|p1a: Espeon|spa|1
|-boost|p1a: Espeon|spd|1
|move|p2a: Slowking|Sludge Bomb|p1a: Espeon
|-damage|p1a: Espeon|50/100
|
|upkeep
|turn|25
|
|t:|1760855202
|move|p1a: Espeon|Morning Sun|p1a: Espeon
|-heal|p1a: Espeon|99/100
|move|p2a: Slowking|Sludge Bomb|p1a: Espeon
|-damage|p1a: Espeon|85/100
|
|upkeep
|turn|26
|inactive|xxnb has 60 seconds left.
|
|t:|1760855211
|move|p1a: Espeon|Stored Power|p2a: Slowking
|-damage|p2a: Slowking|0 fnt
|faint|p2a: Slowking
|
|upkeep
|
|t:|1760855214
|switch|p2a: Alomomola|Alomomola, F|57/100
|-damage|p2a: Alomomola|45/100|[from] Stealth Rock
|turn|27
|
|t:|1760855221
|move|p1a: Espeon|Calm Mind|p1a: Espeon
|-boost|p1a: Espeon|spa|1
|-boost|p1a: Espeon|spd|1
|move|p2a: Alomomola|Body Slam|p1a: Espeon
|-damage|p1a: Espeon|69/100
|
|upkeep
|turn|28
|
|t:|1760855228
|move|p1a: Espeon|Calm Mind|p1a: Espeon
|-boost|p1a: Espeon|spa|1
|-boost|p1a: Espeon|spd|1
|move|p2a: Alomomola|Body Slam|p1a: Espeon
|-damage|p1a: Espeon|53/100
|
|upkeep
|turn|29
|
|t:|1760855235
|move|p1a: Espeon|Morning Sun|p1a: Espeon
|-heal|p1a: Espeon|100/100
|move|p2a: Alomomola|Body Slam|p1a: Espeon
|-damage|p1a: Espeon|85/100
|
|upkeep
|turn|30
|
|t:|1760855242
|move|p1a: Espeon|Stored Power|p2a: Alomomola
|-damage|p2a: Alomomola|0 fnt
|faint|p2a: Alomomola
|
|upkeep
|-message|charjabugzealot forfeited.
|
|win|xxnb
|raw|xxnb's rating: 1210 &rarr; <strong>1234</strong><br />(+24 for winning)
|raw|charjabugzealot's rating: 1200 &rarr; <strong>1176</strong><br />(-24 for losing)
|l|☆charjabugzealot
|player|p2|
|l|☆xxnb
|player|p1|
