|j|☆ho3nconfirm3d
|j|☆stariaki
|t:|1760879339
|gametype|singles
|player|p1|ho3nconfirm3d|#scl5shoguns|1698
|player|p2|stariaki|chuck|1772
|gen|9
|tier|[Gen 9] OU
|rated|
|rule|HP Percentage Mod: HP is shown in percentages
|rule|Endless Battle Clause: Forcing endless battles is banned
|rule|Species Clause: Limit one of each Pokémon
|rule|OHKO Clause: OHKO moves are banned
|rule|Evasion Items Clause: Evasion items are banned
|rule|Evasion Moves Clause: Evasion moves are banned
|rule|Evasion Abilities Clause: Evasion abilities are banned
|rule|Sleep Moves Clause: Sleep-inducing moves are banned
|clearpoke
|poke|p1|Venusaur, M|
|poke|p1|Hatterene, F|
|poke|p1|Alomomola, F|
|poke|p1|Great Tusk|
|poke|p1|Weavile, M|
|poke|p1|Dragonite, M|
|poke|p2|Polteageist|
|poke|p2|Scizor, F|
|poke|p2|Dragonite, F|
|poke|p2|Great Tusk|
|poke|p2|Cinderace, F|
|poke|p2|Alomomola, F|
|teampreview
|inactive|Battle timer is ON: inactive players will automatically lose when time's up. (requested by ho3nconfirm3d)
|c|☆stariaki|Sick avatar
|
|t:|1760879362
|teamsize|p1|6
|teamsize|p2|6
|start
|switch|p1a: Weavile|Weavile, M|100/100
|switch|p2a: Cinderace|Cinderace, F|100/100
|-ability|p1a: Weavile|Pressure
|turn|1
|j| PalletTownNoob
|
|t:|1760879380
|switch|p1a: Hatterene|Hatterene, F|100/100
|move|p2a: Cinderace|Pyro Ball|p1a: Hatterene
|-damage|p1a: Hatterene|52/100
|
|upkeep
|turn|2
|
|t:|1760879386
|move|p2a: Cinderace|U-turn|p1a: Hatterene
|-damage|p1a: Hatterene|35/100
|-damage|p2a: Cinderace|84/100|[from] item: Rocky Helmet|[of] p1a: Hatterene
|
|t:|1760879387
|switch|p2a: Great Tusk|Great Tusk|100/100|[from] U-turn
|move|p1a: Hatterene|Pain Split|p2a: Great Tusk
|-sethp|p2a: Great Tusk|63/100|[from] move: Pain Split|[silent]
|-sethp|p1a: Hatterene|83/100|[from] move: Pain Split
|
|upkeep
|turn|3
|
|t:|1760879391
|-end|p2a: Great Tusk|Protosynthesis|[silent]
|switch|p2a: Scizor|Scizor, F|100/100
|move|p1a: Hatterene|Draining Kiss|p2a: Scizor
|-resisted|p2a: Scizor
|-damage|p2a: Scizor|87/100
|-heal|p1a: Hatterene|95/100|[from] drain|[of] p2a: Scizor
|
|upkeep
|turn|4
|
|t:|1760879396
|switch|p1a: Great Tusk|Great Tusk|100/100
|move|p2a: Scizor|Bullet Punch|p1a: Great Tusk
|-damage|p1a: Great Tusk|69/100
|-damage|p2a: Scizor|70/100|[from] item: Rocky Helmet|[of] p1a: Great Tusk
|
|upkeep
|turn|5
|
|t:|1760879398
|switch|p2a: Alomomola|Alomomola, F|100/100
|move|p1a: Great Tusk|Headlong Rush|p2a: Alomomola
|-damage|p2a: Alomomola|73/100
|-unboost|p1a: Great Tusk|def|1
|-unboost|p1a: Great Tusk|spd|1
|-damage|p1a: Great Tusk|52/100|[from] item: Rocky Helmet|[of] p2a: Alomomola
|
|upkeep
|turn|6
|
|t:|1760879402
|-end|p1a: Great Tusk|Protosynthesis|[silent]
|switch|p1a: Venusaur|Venusaur, M|100/100
|move|p2a: Alomomola|Flip Turn|p1a: Venusaur
|-resisted|p1a: Venusaur
|-damage|p1a: Venusaur|94/100
|
|t:|1760879406
|switch|p2a: Cinderace|Cinderace, F|84/100|[from] Flip Turn
|
|-heal|p1a: Venusaur|100/100|[from] item: Leftovers
|upkeep
|turn|7
|
|t:|1760879407
|switch|p1a: Alomomola|Alomomola, F|100/100
|move|p2a: Cinderace|U-turn|p1a: Alomomola
|-damage|p1a: Alomomola|84/100
|
|t:|1760879413
|switch|p2a: Polteageist|Polteageist|100/100|[from] U-turn
|
|upkeep
|turn|8
|
|t:|1760879419
|move|p2a: Polteageist|Shell Smash|p2a: Polteageist
|-unboost|p2a: Polteageist|def|1
|-unboost|p2a: Polteageist|spd|1
|-boost|p2a: Polteageist|atk|2
|-boost|p2a: Polteageist|spa|2
|-boost|p2a: Polteageist|spe|2
|move|p1a: Alomomola|Flip Turn|p2a: Polteageist
|-damage|p2a: Polteageist|57/100
|-ability|p2a: Polteageist|Weak Armor|boost
|-unboost|p2a: Polteageist|def|1
|-boost|p2a: Polteageist|spe|2
|
|t:|1760879421
|switch|p1a: Weavile|Weavile, M|100/100|[from] Flip Turn
|-ability|p1a: Weavile|Pressure
|
|upkeep
|turn|9
|
|t:|1760879423
|switch|p2a: Alomomola|Alomomola, F|100/100
|move|p1a: Weavile|Ice Shard|p2a: Alomomola
|-resisted|p2a: Alomomola
|-crit|p2a: Alomomola
|-damage|p2a: Alomomola|89/100
|
|upkeep
|turn|10
|
|t:|1760879427
|switch|p1a: Venusaur|Venusaur, M|100/100
|move|p2a: Alomomola|Flip Turn|p1a: Venusaur
|-resisted|p1a: Venusaur
|-damage|p1a: Venusaur|94/100
|
|t:|1760879429
|switch|p2a: Cinderace|Cinderace, F|84/100|[from] Flip Turn
|
|-heal|p1a: Venusaur|99/100|[from] item: Leftovers
|upkeep
|turn|11
|
|t:|1760879433
|move|p2a: Cinderace|Pyro Ball|p1a: Venusaur
|-supereffective|p1a: Venusaur
|-damage|p1a: Venusaur|7/100
|-status|p1a: Venusaur|brn
|move|p1a: Venusaur|Knock Off|p2a: Cinderace
|-damage|p2a: Cinderace|72/100
|-enditem|p2a: Cinderace|Heavy-Duty Boots|[from] move: Knock Off|[of] p1a: Venusaur
|
|-heal|p1a: Venusaur|13/100 brn|[from] item: Leftovers
|-damage|p1a: Venusaur|7/100 brn|[from] brn
|upkeep
|turn|12
|
|t:|1760879437
|switch|p1a: Alomomola|Alomomola, F|100/100
|move|p2a: Cinderace|U-turn|p1a: Alomomola
|-damage|p1a: Alomomola|82/100
|
|t:|1760879439
|switch|p2a: Alomomola|Alomomola, F|100/100|[from] U-turn
|
|upkeep
|turn|13
|
|t:|1760879442
|move|p2a: Alomomola|Wish|p2a: Alomomola
|move|p1a: Alomomola|Scald|p2a: Alomomola
|-resisted|p2a: Alomomola
|-damage|p2a: Alomomola|93/100
|
|upkeep
|turn|14
|
|t:|1760879446
|move|p1a: Alomomola|Flip Turn|p2a: Alomomola
|-resisted|p2a: Alomomola
|-crit|p2a: Alomomola
|-damage|p2a: Alomomola|86/100
|-damage|p1a: Alomomola|66/100|[from] item: Rocky Helmet|[of] p2a: Alomomola
|
|t:|1760879449
|switch|p1a: Hatterene|Hatterene, F|95/100|[from] Flip Turn
|move|p2a: Alomomola|Flip Turn|p1a: Hatterene
|-damage|p1a: Hatterene|80/100
|-damage|p2a: Alomomola|70/100|[from] item: Rocky Helmet|[of] p1a: Hatterene
|
|t:|1760879452
|switch|p2a: Polteageist|Polteageist|57/100|[from] Flip Turn
|
|-heal|p2a: Polteageist|100/100|[from] move: Wish|[wisher] Alomomola
|upkeep
|turn|15
|
|t:|1760879456
|move|p2a: Polteageist|Shadow Ball|p1a: Hatterene
|-supereffective|p1a: Hatterene
|-damage|p1a: Hatterene|0 fnt
|faint|p1a: Hatterene
|
|upkeep
|
|t:|1760879459
|switch|p1a: Weavile|Weavile, M|100/100
|-ability|p1a: Weavile|Pressure
|turn|16
|
|t:|1760879462
|switch|p2a: Alomomola|Alomomola, F|100/100
|move|p1a: Weavile|Knock Off|p2a: Alomomola
|-damage|p2a: Alomomola|61/100
|-damage|p1a: Weavile|84/100|[from] item: Rocky Helmet|[of] p2a: Alomomola
|-enditem|p2a: Alomomola|Rocky Helmet|[from] move: Knock Off|[of] p1a: Weavile
|
|upkeep
|turn|17
|
|t:|1760879471
|switch|p1a: Great Tusk|Great Tusk|52/100
|move|p2a: Alomomola|Flip Turn|p1a: Great Tusk
|-supereffective|p1a: Great Tusk
|-damage|p1a: Great Tusk|31/100
|-damage|p2a: Alomomola|44/100|[from] item: Rocky Helmet|[of] p1a: Great Tusk
|
|t:|1760879484
|switch|p2a: Cinderace|Cinderace, F|72/100|[from] Flip Turn
|
|upkeep
|turn|18
|
|t:|1760879488
|-end|p1a: Great Tusk|Protosynthesis|[silent]
|switch|p1a: Alomomola|Alomomola, F|99/100
|move|p2a: Cinderace|Pyro Ball|p1a: Alomomola
|-resisted|p1a: Alomomola
|-damage|p1a: Alomomola|75/100
|
|upkeep
|turn|19
|
|t:|1760879490
|move|p2a: Cinderace|U-turn|p1a: Alomomola
|-crit|p1a: Alomomola
|-damage|p1a: Alomomola|49/100
|
|t:|1760879492
|switch|p2a: Alomomola|Alomomola, F|78/100|[from] U-turn
|move|p1a: Alomomola|Flip Turn|p2a: Alomomola
|-resisted|p2a: Alomomola
|-damage|p2a: Alomomola|73/100
|
|t:|1760879494
|switch|p1a: Great Tusk|Great Tusk|31/100|[from] Flip Turn
|
|upkeep
|turn|20
|
|t:|1760879496
|move|p1a: Great Tusk|Stealth Rock|p2a: Alomomola
|-sidestart|p2: stariaki|move: Stealth Rock
|move|p2a: Alomomola|Flip Turn|p1a: Great Tusk
|-supereffective|p1a: Great Tusk
|-damage|p1a: Great Tusk|12/100
|-damage|p2a: Alomomola|56/100|[from] item: Rocky Helmet|[of] p1a: Great Tusk
|
|t:|1760879507
|switch|p2a: Cinderace|Cinderace, F|72/100|[from] Flip Turn
|-damage|p2a: Cinderace|47/100|[from] Stealth Rock
|
|upkeep
|turn|21
|
|t:|1760879509
|move|p2a: Cinderace|Court Change|p2a: Cinderace
|-swapsideconditions
|-activate|p2a: Cinderace|move: Court Change
|move|p1a: Great Tusk|Stealth Rock|p2a: Cinderace
|-sidestart|p2: stariaki|move: Stealth Rock
|
|upkeep
|turn|22
|
|t:|1760879516
|-end|p1a: Great Tusk|Protosynthesis|[silent]
|switch|p1a: Venusaur|Venusaur, M|7/100 brn
|-damage|p1a: Venusaur|0 fnt|[from] Stealth Rock
|faint|p1a: Venusaur
|move|p2a: Cinderace|Pyro Ball|p1: Venusaur|[notarget]
|-fail|p2a: Cinderace
|
|upkeep
|
|t:|1760879517
|switch|p1a: Alomomola|Alomomola, F|83/100
|-damage|p1a: Alomomola|70/100|[from] Stealth Rock
|turn|23
|
|t:|1760879525
|move|p2a: Cinderace|Will-O-Wisp|p1a: Alomomola
|-status|p1a: Alomomola|brn
|move|p1a: Alomomola|Flip Turn|p2a: Cinderace
|-supereffective|p2a: Cinderace
|-damage|p2a: Cinderace|22/100
|
|t:|1760879531
|switch|p1a: Great Tusk|Great Tusk|12/100|[from] Flip Turn
|-damage|p1a: Great Tusk|9/100|[from] Stealth Rock
|
|upkeep
|turn|24
|
|t:|1760879534
|-end|p1a: Great Tusk|Protosynthesis|[silent]
|switch|p1a: Alomomola|Alomomola, F|100/100 brn
|-damage|p1a: Alomomola|88/100 brn|[from] Stealth Rock
|move|p2a: Cinderace|Pyro Ball|p1a: Alomomola
|-resisted|p1a: Alomomola
|-damage|p1a: Alomomola|58/100 brn
|
|-damage|p1a: Alomomola|52/100 brn|[from] brn
|upkeep
|turn|25
|
|t:|1760879539
|move|p2a: Cinderace|Pyro Ball|p1a: Alomomola
|-resisted|p1a: Alomomola
|-damage|p1a: Alomomola|18/100 brn
|move|p1a: Alomomola|Scald|p2a: Cinderace
|-supereffective|p2a: Cinderace
|-damage|p2a: Cinderace|0 fnt
|faint|p2a: Cinderace
|
|-damage|p1a: Alomomola|12/100 brn|[from] brn
|upkeep
|
|t:|1760879544
|switch|p2a: Great Tusk|Great Tusk|63/100
|-damage|p2a: Great Tusk|60/100|[from] Stealth Rock
|turn|26
|
|t:|1760879547
|move|p2a: Great Tusk|Rapid Spin|p1a: Alomomola
|-damage|p1a: Alomomola|0 fnt
|-boost|p2a: Great Tusk|spe|1
|-sideend|p2: stariaki|Stealth Rock|[from] move: Rapid Spin|[of] p2a: Great Tusk
|faint|p1a: Alomomola
|
|upkeep
|
|t:|1760879550
|switch|p1a: Weavile|Weavile, M|84/100
|-damage|p1a: Weavile|59/100|[from] Stealth Rock
|-ability|p1a: Weavile|Pressure
|turn|27
|
|t:|1760879555
|-end|p2a: Great Tusk|Protosynthesis|[silent]
|switch|p2a: Alomomola|Alomomola, F|89/100
|move|p1a: Weavile|Ice Shard|p2a: Alomomola
|-resisted|p2a: Alomomola
|-damage|p2a: Alomomola|82/100
|
|upkeep
|turn|28
|
|t:|1760879558
|move|p1a: Weavile|Ice Shard|p2a: Alomomola
|-resisted|p2a: Alomomola
|-damage|p2a: Alomomola|74/100
|move|p2a: Alomomola|Flip Turn|p1a: Weavile
|-damage|p1a: Weavile|33/100
|
|t:|1760879564
|switch|p2a: Scizor|Scizor, F|70/100|[from] Flip Turn
|
|upkeep
|turn|29
|
|t:|1760879569
|-terastallize|p2a: Scizor|Steel
|move|p1a: Weavile|Ice Shard|p2a: Scizor
|-resisted|p2a: Scizor
|-damage|p2a: Scizor|55/100
|move|p2a: Scizor|Bullet Punch|p1a: Weavile
|-supereffective|p1a: Weavile
|-damage|p1a: Weavile|0 fnt
|faint|p1a: Weavile
|
|upkeep
|
|t:|1760879570
|switch|p1a: Great Tusk|Great Tusk|9/100
|-damage|p1a: Great Tusk|6/100|[from] Stealth Rock
|turn|30
|
|t:|1760879572
|move|p2a: Scizor|Bullet Punch|p1a: Great Tusk
|-damage|p1a: Great Tusk|0 fnt
|-damage|p2a: Scizor|38/100|[from] item: Rocky Helmet|[of] p1a: Great Tusk
|faint|p1a: Great Tusk
|-end|p1a: Great Tusk|Protosynthesis|[silent]
|
|upkeep
|
|t:|1760879573
|switch|p1a: Dragonite|Dragonite, M|100/100
|-damage|p1a: Dragonite|76/100|[from] Stealth Rock
|turn|31
|
|t:|1760879575
|move|p2a: Scizor|Bullet Punch|p1a: Dragonite
|-damage|p1a: Dragonite|0 fnt
|faint|p1a: Dragonite
|
|win|stariaki
|raw|ho3nconfirm3d's rating: 1698 &rarr; <strong>1682</strong><br />(-16 for losing)
|raw|stariaki's rating: 1772 &rarr; <strong>1788</strong><br />(+16 for winning)
|c|☆stariaki|Gg
|l|☆ho3nconfirm3d
|player|p1|
|l| PalletTownNoob
