|j|☆Ancient Silly
|j|☆meatrub
|t:|1760878693
|gametype|singles
|player|p1|Ancient Silly|rocketgruntf|1476
|player|p2|meatrub|swimmer-gen4dp|1445
|gen|9
|tier|[Gen 9] OU
|rated|
|rule|HP Percentage Mod: HP is shown in percentages
|rule|Endless Battle Clause: Forcing endless battles is banned
|rule|Species Clause: Limit one of each Pokémon
|rule|OHKO Clause: OHKO moves are banned
|rule|Evasion Items Clause: Evasion items are banned
|rule|Evasion Moves Clause: Evasion moves are banned
|rule|Evasion Abilities Clause: Evasion abilities are banned
|rule|Sleep Moves Clause: Sleep-inducing moves are banned
|clearpoke
|poke|p1|Gholdengo|
|poke|p1|Iron Valiant|
|poke|p1|Ribombee, M|
|poke|p1|Great Tusk|
|poke|p1|Haxorus, M|
|poke|p1|Rampardos, M|
|poke|p2|Kommo-o, M|
|poke|p2|Ninetales-Alola, M|
|poke|p2|Great Tusk|
|poke|p2|Ogerpon-Wellspring, F|
|poke|p2|Moltres-Galar|
|poke|p2|Scizor, M|
|teampreview
|inactive|Battle timer is ON: inactive players will automatically lose when time's up. (requested by Ancient Silly)
|inactive|Ancient Silly has 120 seconds left.
|
|t:|1760878724
|teamsize|p1|6
|teamsize|p2|6
|start
|switch|p1a: Ribombee|Ribombee, M|100/100
|switch|p2a: Ninetales|Ninetales-Alola, M|100/100
|-weather|Snowscape|[from] ability: Snow Warning|[of] p2a: Ninetales
|turn|1
|
|t:|1760878734
|move|p2a: Ninetales|Aurora Veil|p2a: Ninetales
|-sidestart|p2: meatrub|move: Aurora Veil
|move|p1a: Ribombee|Sticky Web|p2a: Ninetales
|-sidestart|p2: meatrub|move: Sticky Web
|
|-weather|Snowscape|[upkeep]
|upkeep
|turn|2
|
|t:|1760878756
|move|p2a: Ninetales|Encore|p1a: Ribombee
|-start|p1a: Ribombee|Encore
|move|p1a: Ribombee|Sticky Web||[still]
|-fail|p1a: Ribombee
|
|-weather|Snowscape|[upkeep]
|upkeep
|turn|3
|
|t:|1760878766
|switch|p2a: Moltres|Moltres-Galar|100/100
|switch|p1a: Rampardos|Rampardos, M|100/100
|
|-weather|Snowscape|[upkeep]
|upkeep
|turn|4
|
|t:|1760878777
|-terastallize|p2a: Moltres|Ghost
|move|p2a: Moltres|Agility|p2a: Moltres
|-boost|p2a: Moltres|spe|2
|move|p1a: Rampardos|Rock Slide|p2a: Moltres
|-damage|p2a: Moltres|57/100
|
|-weather|Snowscape|[upkeep]
|upkeep
|turn|5
|
|t:|1760878791
|move|p2a: Moltres|Fiery Wrath|p1a: Rampardos
|-damage|p1a: Rampardos|22/100
|move|p1a: Rampardos|Rock Slide|p2a: Moltres
|-damage|p2a: Moltres|15/100
|-enditem|p2a: Moltres|Sitrus Berry|[eat]
|-heal|p2a: Moltres|40/100|[from] item: Sitrus Berry
|
|-weather|none
|upkeep
|turn|6
|
|t:|1760878806
|move|p2a: Moltres|Fiery Wrath|p1a: Rampardos
|-damage|p1a: Rampardos|0 fnt
|faint|p1a: Rampardos
|
|upkeep
|inactive|Ancient Silly has 120 seconds left.
|
|t:|1760878848
|switch|p1a: Ribombee|Ribombee, M|100/100
|turn|7
|c|☆Ancient Silly|Why didnt berserk proc huh
|
|t:|1760878870
|move|p2a: Moltres|Hurricane|p1a: Ribombee
|-supereffective|p1a: Ribombee
|-enditem|p1a: Ribombee|Focus Sash
|-damage|p1a: Ribombee|1/100
|move|p1a: Ribombee|Quiver Dance|p1a: Ribombee
|-boost|p1a: Ribombee|spa|1
|-boost|p1a: Ribombee|spd|1
|-boost|p1a: Ribombee|spe|1
|
|upkeep
|turn|8
|
|t:|1760878879
|move|p2a: Moltres|Fiery Wrath|p1a: Ribombee
|-resisted|p1a: Ribombee
|-damage|p1a: Ribombee|0 fnt
|faint|p1a: Ribombee
|
|-sideend|p2: meatrub|move: Aurora Veil
|upkeep
|
|t:|1760878889
|switch|p1a: Iron Valiant|Iron Valiant|100/100
|-enditem|p1a: Iron Valiant|Booster Energy
|-activate|p1a: Iron Valiant|ability: Quark Drive|[fromitem]
|-start|p1a: Iron Valiant|quarkdrivespa
|turn|9
|
|t:|1760878895
|-terastallize|p1a: Iron Valiant|Electric
|move|p2a: Moltres|Hurricane|p1a: Iron Valiant
|-resisted|p1a: Iron Valiant
|-damage|p1a: Iron Valiant|56/100
|move|p1a: Iron Valiant|Moonblast|p2a: Moltres
|-damage|p2a: Moltres|0 fnt
|faint|p2a: Moltres
|
|upkeep
|
|t:|1760878905
|switch|p2a: Scizor|Scizor, M|100/100
|-activate|p2a: Scizor|move: Sticky Web
|-unboost|p2a: Scizor|spe|1
|turn|10
|
|t:|1760878910
|move|p1a: Iron Valiant|Thunderbolt|p2a: Scizor
|-damage|p2a: Scizor|18/100
|move|p2a: Scizor|Swords Dance|p2a: Scizor
|-boost|p2a: Scizor|atk|2
|
|upkeep
|turn|11
|
|t:|1760878917
|move|p1a: Iron Valiant|Vacuum Wave|p2a: Scizor
|-damage|p2a: Scizor|0 fnt
|faint|p2a: Scizor
|
|upkeep
|-message|meatrub forfeited.
|
|win|Ancient Silly
|raw|Ancient Silly's rating: 1476 &rarr; <strong>1494</strong><br />(+18 for winning)
|raw|meatrub's rating: 1445 &rarr; <strong>1427</strong><br />(-18 for losing)
|l|☆meatrub
|player|p2|
|l|☆Ancient Silly
|player|p1|
