|j|☆ChessDennis
|j|☆hacksareus10
|t:|1760738239
|gametype|singles
|player|p1|ChessDennis|169|1336
|player|p2|hacksareus10|2|1369
|gen|9
|tier|[Gen 9] OU
|rated|
|rule|HP Percentage Mod: HP is shown in percentages
|rule|Endless Battle Clause: Forcing endless battles is banned
|rule|Species Clause: Limit one of each Pokémon
|rule|OHKO Clause: OHKO moves are banned
|rule|Evasion Items Clause: Evasion items are banned
|rule|Evasion Moves Clause: Evasion moves are banned
|rule|Evasion Abilities Clause: Evasion abilities are banned
|rule|Sleep Moves Clause: Sleep-inducing moves are banned
|clearpoke
|poke|p1|Garchomp, M|
|poke|p1|Walking Wake|
|poke|p1|Thundurus-Therian, M|
|poke|p1|Gholdengo|
|poke|p1|Clefable, F|
|poke|p1|Cinderace, F|
|poke|p2|Walking Wake|
|poke|p2|Ninetales, F|
|poke|p2|Corviknight, F|
|poke|p2|Landorus-Therian, M|
|poke|p2|Armarouge, F|
|poke|p2|Arboliva, M|
|teampreview
|inactive|Battle timer is ON: inactive players will automatically lose when time's up. (requested by hacksareus10)
|inactive|hacksareus10 has 120 seconds left.
|
|t:|1760738284
|teamsize|p1|6
|teamsize|p2|6
|start
|switch|p1a: Clefable|Clefable, F|100/100
|switch|p2a: Landorus|Landorus-Therian, M|100/100
|-ability|p2a: Landorus|Intimidate|boost
|-unboost|p1a: Clefable|atk|1
|turn|1
|
|t:|1760738292
|move|p2a: Landorus|Taunt|p1a: Clefable
|-start|p1a: Clefable|move: Taunt
|move|p1a: Clefable|Moonblast|p2a: Landorus
|-damage|p2a: Landorus|37/100
|-unboost|p2a: Landorus|spa|1
|
|upkeep
|turn|2
|
|t:|1760738301
|switch|p2a: Corviknight|Corviknight, F|100/100
|-ability|p2a: Corviknight|Pressure
|move|p1a: Clefable|Moonblast|p2a: Corviknight
|-resisted|p2a: Corviknight
|-damage|p2a: Corviknight|78/100
|
|upkeep
|turn|3
|
|t:|1760738310
|move|p2a: Corviknight|U-turn|p1a: Clefable
|-resisted|p1a: Clefable
|-damage|p1a: Clefable|92/100
|
|t:|1760738319
|switch|p2a: Ninetales|Ninetales, F|100/100|[from] U-turn
|-weather|SunnyDay|[from] ability: Drought|[of] p2a: Ninetales
|move|p1a: Clefable|Knock Off|p2a: Ninetales
|-damage|p2a: Ninetales|84/100
|-enditem|p2a: Ninetales|Heat Rock|[from] move: Knock Off|[of] p1a: Clefable
|
|-weather|SunnyDay|[upkeep]
|-end|p1a: Clefable|move: Taunt
|upkeep
|turn|4
|
|t:|1760738331
|move|p2a: Ninetales|Encore|p1a: Clefable
|-start|p1a: Clefable|Encore
|move|p1a: Clefable|Knock Off|p2a: Ninetales
|-damage|p2a: Ninetales|73/100
|
|-weather|SunnyDay|[upkeep]
|upkeep
|turn|5
|
|t:|1760738340
|switch|p2a: Armarouge|Armarouge, F|100/100
|move|p1a: Clefable|Knock Off|p2a: Armarouge
|-supereffective|p2a: Armarouge
|-damage|p2a: Armarouge|74/100
|-ability|p2a: Armarouge|Weak Armor|boost
|-unboost|p2a: Armarouge|def|1
|-boost|p2a: Armarouge|spe|2
|-enditem|p2a: Armarouge|Weakness Policy
|-boost|p2a: Armarouge|atk|2|[from] item: Weakness Policy
|-boost|p2a: Armarouge|spa|2|[from] item: Weakness Policy
|
|-weather|SunnyDay|[upkeep]
|upkeep
|turn|6
|
|t:|1760738353
|switch|p1a: Gholdengo|Gholdengo|100/100
|move|p2a: Armarouge|Armor Cannon|p1a: Gholdengo
|-supereffective|p1a: Gholdengo
|-damage|p1a: Gholdengo|0 fnt
|-unboost|p2a: Armarouge|def|1
|-unboost|p2a: Armarouge|spd|1
|faint|p1a: Gholdengo
|
|-weather|SunnyDay|[upkeep]
|upkeep
|
|t:|1760738356
|switch|p1a: Garchomp|Garchomp, M|100/100
|turn|7
|
|t:|1760738366
|move|p2a: Armarouge|Endure|p2a: Armarouge
|-singleturn|p2a: Armarouge|move: Endure
|move|p1a: Garchomp|Earthquake|p2a: Armarouge
|-supereffective|p2a: Armarouge
|-activate|p2a: Armarouge|move: Endure
|-damage|p2a: Armarouge|1/100
|-ability|p2a: Armarouge|Weak Armor|boost
|-unboost|p2a: Armarouge|def|1
|-boost|p2a: Armarouge|spe|2
|
|-weather|SunnyDay|[upkeep]
|upkeep
|turn|8
|
|t:|1760738377
|move|p2a: Armarouge|Stored Power|p1a: Garchomp
|-damage|p1a: Garchomp|0 fnt
|faint|p1a: Garchomp
|
|-weather|SunnyDay|[upkeep]
|upkeep
|
|t:|1760738382
|switch|p1a: Cinderace|Cinderace, F|100/100
|turn|9
|
|t:|1760738392
|move|p1a: Cinderace|Sucker Punch|p2a: Armarouge
|-supereffective|p2a: Armarouge
|-damage|p2a: Armarouge|0 fnt
|faint|p2a: Armarouge
|
|-weather|SunnyDay|[upkeep]
|upkeep
|
|t:|1760738399
|switch|p2a: Walking Wake|Walking Wake|100/100
|-activate|p2a: Walking Wake|ability: Protosynthesis
|-start|p2a: Walking Wake|protosynthesisspe
|turn|10
|
|t:|1760738413
|switch|p1a: Walking Wake|Walking Wake|100/100
|-activate|p1a: Walking Wake|ability: Protosynthesis
|-start|p1a: Walking Wake|protosynthesisspe
|move|p2a: Walking Wake|Hydro Steam|p1a: Walking Wake
|-resisted|p1a: Walking Wake
|-damage|p1a: Walking Wake|74/100
|
|-weather|none
|-end|p2a: Walking Wake|Protosynthesis
|-end|p1a: Walking Wake|Protosynthesis
|upkeep
|turn|11
|
|t:|1760738437
|-end|p2a: Walking Wake|Protosynthesis|[silent]
|switch|p2a: Corviknight|Corviknight, F|78/100
|-ability|p2a: Corviknight|Pressure
|move|p1a: Walking Wake|Hydro Steam|p2a: Corviknight
|-damage|p2a: Corviknight|37/100
|
|upkeep
|turn|12
|
|t:|1760738453
|move|p1a: Walking Wake|Sunny Day|p1a: Walking Wake
|-weather|SunnyDay
|-activate|p1a: Walking Wake|ability: Protosynthesis
|-start|p1a: Walking Wake|protosynthesisspe
|move|p2a: Corviknight|Roost|p2a: Corviknight
|-heal|p2a: Corviknight|87/100
|-singleturn|p2a: Corviknight|move: Roost
|
|-weather|SunnyDay|[upkeep]
|upkeep
|turn|13
|
|t:|1760738466
|-terastallize|p2a: Corviknight|Dragon
|move|p1a: Walking Wake|Hydro Steam|p2a: Corviknight
|-resisted|p2a: Corviknight
|-damage|p2a: Corviknight|55/100
|move|p2a: Corviknight|U-turn|p1a: Walking Wake
|-damage|p1a: Walking Wake|59/100
|
|t:|1760738474
|switch|p2a: Walking Wake|Walking Wake|100/100|[from] U-turn
|-activate|p2a: Walking Wake|ability: Protosynthesis
|-start|p2a: Walking Wake|protosynthesisspe
|
|-weather|SunnyDay|[upkeep]
|upkeep
|turn|14
|
|t:|1760738487
|move|p1a: Walking Wake|Draco Meteor|p2a: Walking Wake
|-supereffective|p2a: Walking Wake
|-damage|p2a: Walking Wake|0 fnt
|-unboost|p1a: Walking Wake|spa|2
|faint|p2a: Walking Wake
|-end|p2a: Walking Wake|Protosynthesis|[silent]
|
|-weather|SunnyDay|[upkeep]
|upkeep
|inactive|hacksareus10 has 120 seconds left.
|
|t:|1760738500
|switch|p2a: Arboliva|Arboliva, M|100/100
|turn|15
|
|t:|1760738505
|move|p1a: Walking Wake|Knock Off|p2a: Arboliva
|-damage|p2a: Arboliva|85/100
|-enditem|p2a: Arboliva|Sitrus Berry|[from] move: Knock Off|[of] p1a: Walking Wake
|move|p2a: Arboliva|Substitute|p2a: Arboliva
|-start|p2a: Arboliva|Substitute
|-damage|p2a: Arboliva|60/100
|
|-weather|SunnyDay|[upkeep]
|upkeep
|turn|16
|
|t:|1760738514
|-end|p1a: Walking Wake|Protosynthesis|[silent]
|switch|p1a: Clefable|Clefable, F|92/100
|move|p2a: Arboliva|Leech Seed|p1a: Clefable
|-start|p1a: Clefable|move: Leech Seed
|
|-weather|none
|upkeep
|turn|17
|
|t:|1760738521
|move|p1a: Clefable|Moonblast|p2a: Arboliva
|-end|p2a: Arboliva|Substitute
|move|p2a: Arboliva|Tera Blast|p1a: Clefable
|-damage|p1a: Clefable|61/100
|
|upkeep
|turn|18
|
|t:|1760738528
|move|p1a: Clefable|Moonblast|p2a: Arboliva
|-damage|p2a: Arboliva|18/100
|-unboost|p2a: Arboliva|spa|1
|move|p2a: Arboliva|Tera Blast|p1a: Clefable
|-damage|p1a: Clefable|44/100
|
|upkeep
|turn|19
|
|t:|1760738536
|move|p1a: Clefable|Moonlight|p1a: Clefable
|-heal|p1a: Clefable|94/100
|move|p2a: Arboliva|Tera Blast|p1a: Clefable
|-damage|p1a: Clefable|73/100
|
|upkeep
|turn|20
|
|t:|1760738545
|move|p1a: Clefable|Calm Mind|p1a: Clefable
|-boost|p1a: Clefable|spa|1
|-boost|p1a: Clefable|spd|1
|move|p2a: Arboliva|Substitute|p2a: Arboliva
|-fail|p2a: Arboliva|move: Substitute|[weak]
|
|upkeep
|turn|21
|
|t:|1760738554
|switch|p2a: Ninetales|Ninetales, F|73/100
|-weather|SunnyDay|[from] ability: Drought|[of] p2a: Ninetales
|move|p1a: Clefable|Moonblast|p2a: Ninetales
|-resisted|p2a: Ninetales
|-damage|p2a: Ninetales|34/100
|-unboost|p2a: Ninetales|spa|1
|
|-weather|SunnyDay|[upkeep]
|upkeep
|turn|22
|
|t:|1760738564
|move|p2a: Ninetales|Encore|p1a: Clefable
|-start|p1a: Clefable|Encore
|move|p1a: Clefable|Moonblast|p2a: Ninetales
|-resisted|p2a: Ninetales
|-damage|p2a: Ninetales|0 fnt
|faint|p2a: Ninetales
|
|-weather|SunnyDay|[upkeep]
|upkeep
|
|t:|1760738575
|switch|p2a: Landorus|Landorus-Therian, M|37/100
|-ability|p2a: Landorus|Intimidate|boost
|-unboost|p1a: Clefable|atk|1
|turn|23
|
|t:|1760738579
|switch|p1a: Cinderace|Cinderace, F|100/100
|move|p2a: Landorus|Earthquake|p1a: Cinderace
|-supereffective|p1a: Cinderace
|-damage|p1a: Cinderace|0 fnt
|faint|p1a: Cinderace
|
|-weather|SunnyDay|[upkeep]
|upkeep
|
|t:|1760738581
|switch|p1a: Walking Wake|Walking Wake|59/100
|-activate|p1a: Walking Wake|ability: Protosynthesis
|-start|p1a: Walking Wake|protosynthesisspe
|turn|24
|inactive|hacksareus10 has 120 seconds left.
|inactive|hacksareus10 has 90 seconds left.
|inactive|hacksareus10 has 60 seconds left.
|inactive|hacksareus10 has 30 seconds left.
|inactive|hacksareus10 has 20 seconds left.
|inactive|hacksareus10 has 15 seconds left.
|inactive|hacksareus10 has 10 seconds left.
|inactive|hacksareus10 has 5 seconds left.
|c|☆ChessDennis|5
|c|☆ChessDennis|4
|-message|hacksareus10 lost due to inactivity.
|
|win|ChessDennis
|raw|ChessDennis's rating: 1336 &rarr; <strong>1358</strong><br />(+22 for winning)
|raw|hacksareus10's rating: 1369 &rarr; <strong>1347</strong><br />(-22 for losing)
|c|☆ChessDennis|3
|c|☆ChessDennis|2
|l|☆ChessDennis
|player|p1|
