|j|☆levijoseph
|j|☆specialaphex
|t:|1760833265
|gametype|singles
|player|p1|levijoseph|nate|1603
|player|p2|specialaphex|falkner|1600
|gen|9
|tier|[Gen 9] OU
|rated|
|rule|HP Percentage Mod: HP is shown in percentages
|rule|Endless Battle Clause: Forcing endless battles is banned
|rule|Species Clause: Limit one of each Pokémon
|rule|OHKO Clause: OHKO moves are banned
|rule|Evasion Items Clause: Evasion items are banned
|rule|Evasion Moves Clause: Evasion moves are banned
|rule|Evasion Abilities Clause: Evasion abilities are banned
|rule|Sleep Moves Clause: Sleep-inducing moves are banned
|clearpoke
|poke|p1|Serperior, M|
|poke|p1|Clefable, M|
|poke|p1|Thundurus, M|
|poke|p1|Scizor, F|
|poke|p1|Smeargle, F|
|poke|p1|Ceruledge, F|
|poke|p2|Landorus-Therian, M|
|poke|p2|Zamazenta-*|
|poke|p2|Raging Bolt|
|poke|p2|Darkrai|
|poke|p2|Gholdengo|
|poke|p2|Dragonite, F|
|teampreview
|inactive|Battle timer is ON: inactive players will automatically lose when time's up. (requested by specialaphex)
|
|t:|1760833273
|teamsize|p1|6
|teamsize|p2|6
|start
|switch|p1a: Smeargle|Smeargle, F|100/100
|switch|p2a: Landorus|Landorus-Therian, M|100/100
|-ability|p2a: Landorus|Intimidate|boost
|-unboost|p1a: Smeargle|atk|1
|turn|1
|
|t:|1760833277
|move|p2a: Landorus|Taunt|p1a: Smeargle
|-start|p1a: Smeargle|move: Taunt
|move|p1a: Smeargle|Salt Cure|p2a: Landorus
|-damage|p2a: Landorus|98/100
|-start|p2a: Landorus|Salt Cure
|
|-damage|p2a: Landorus|85/100|[from] Salt Cure
|upkeep
|turn|2
|
|t:|1760833284
|switch|p1a: Serperior|Serperior, M|100/100
|move|p2a: Landorus|Stealth Rock|p1a: Serperior
|-sidestart|p1: levijoseph|move: Stealth Rock
|
|-damage|p2a: Landorus|73/100|[from] Salt Cure
|upkeep
|turn|3
|
|t:|1760833292
|move|p1a: Serperior|Glare|p2a: Landorus
|-status|p2a: Landorus|par
|move|p2a: Landorus|U-turn|p1a: Serperior
|-supereffective|p1a: Serperior
|-crit|p1a: Serperior
|-damage|p1a: Serperior|38/100
|
|t:|1760833298
|switch|p2a: Darkrai|Darkrai|100/100|[from] U-turn
|
|-heal|p1a: Serperior|44/100|[from] item: Leftovers
|upkeep
|turn|4
|
|t:|1760833303
|move|p2a: Darkrai|Dark Pulse|p1a: Serperior
|-damage|p1a: Serperior|0 fnt
|faint|p1a: Serperior
|
|upkeep
|
|t:|1760833306
|switch|p1a: Smeargle|Smeargle, F|100/100
|-damage|p1a: Smeargle|88/100|[from] Stealth Rock
|turn|5
|
|t:|1760833313
|move|p2a: Darkrai|Dark Pulse|p1a: Smeargle
|-damage|p1a: Smeargle|0 fnt
|faint|p1a: Smeargle
|
|upkeep
|
|t:|1760833319
|switch|p1a: Scizor|Scizor, F|100/100
|-damage|p1a: Scizor|88/100|[from] Stealth Rock
|turn|6
|
|t:|1760833324
|switch|p2a: Landorus|Landorus-Therian, M|73/100 par
|-ability|p2a: Landorus|Intimidate|boost
|-unboost|p1a: Scizor|atk|1
|move|p1a: Scizor|Swords Dance|p1a: Scizor
|-boost|p1a: Scizor|atk|2
|
|upkeep
|turn|7
|
|t:|1760833341
|move|p1a: Scizor|Swords Dance|p1a: Scizor
|-boost|p1a: Scizor|atk|2
|move|p2a: Landorus|Earth Power|p1a: Scizor
|-damage|p1a: Scizor|47/100
|
|upkeep
|turn|8
|
|t:|1760833347
|move|p1a: Scizor|Bullet Punch|p2a: Landorus
|-crit|p2a: Landorus
|-damage|p2a: Landorus|0 fnt
|-damage|p1a: Scizor|30/100|[from] item: Rocky Helmet|[of] p2a: Landorus
|faint|p2a: Landorus
|
|upkeep
|inactive|specialaphex has 120 seconds left.
|
|t:|1760833390
|switch|p2a: Dragonite|Dragonite, F|100/100
|turn|9
|
|t:|1760833393
|move|p1a: Scizor|Bullet Punch|p2a: Dragonite
|-damage|p2a: Dragonite|44/100
|move|p2a: Dragonite|Earthquake|p1a: Scizor
|-damage|p1a: Scizor|0 fnt
|faint|p1a: Scizor
|
|upkeep
|
|t:|1760833396
|switch|p1a: Thundurus|Thundurus, M|100/100
|-damage|p1a: Thundurus|76/100|[from] Stealth Rock
|turn|10
|
|t:|1760833405
|move|p2a: Dragonite|Extreme Speed|p1a: Thundurus
|-damage|p1a: Thundurus|28/100
|move|p1a: Thundurus|Nasty Plot|p1a: Thundurus
|-boost|p1a: Thundurus|spa|2
|
|upkeep
|turn|11
|
|t:|1760833411
|move|p2a: Dragonite|Extreme Speed|p1a: Thundurus
|-damage|p1a: Thundurus|0 fnt
|faint|p1a: Thundurus
|
|upkeep
|
|t:|1760833414
|switch|p1a: Ceruledge|Ceruledge, F|100/100
|-damage|p1a: Ceruledge|76/100|[from] Stealth Rock
|turn|12
|
|t:|1760833422
|move|p2a: Dragonite|Earthquake|p1a: Ceruledge
|-supereffective|p1a: Ceruledge
|-damage|p1a: Ceruledge|0 fnt
|faint|p1a: Ceruledge
|
|upkeep
|
|t:|1760833424
|switch|p1a: Clefable|Clefable, M|100/100
|-damage|p1a: Clefable|88/100|[from] Stealth Rock
|turn|13
|
|t:|1760833430
|move|p2a: Dragonite|Earthquake|p1a: Clefable
|-damage|p1a: Clefable|47/100
|move|p1a: Clefable|Cosmic Power|p1a: Clefable
|-boost|p1a: Clefable|def|1
|-boost|p1a: Clefable|spd|1
|
|-heal|p1a: Clefable|53/100|[from] item: Leftovers
|upkeep
|turn|14
|
|t:|1760833433
|move|p2a: Dragonite|Encore|p1a: Clefable
|-start|p1a: Clefable|Encore
|move|p1a: Clefable|Cosmic Power|p1a: Clefable
|-boost|p1a: Clefable|def|1
|-boost|p1a: Clefable|spd|1
|
|-heal|p1a: Clefable|59/100|[from] item: Leftovers
|upkeep
|turn|15
|-message|levijoseph forfeited.
|
|win|specialaphex
|raw|levijoseph's rating: 1603 &rarr; <strong>1583</strong><br />(-20 for losing)
|raw|specialaphex's rating: 1600 &rarr; <strong>1620</strong><br />(+20 for winning)
|l|☆levijoseph
|player|p1|
|l|☆specialaphex
|player|p2|
