|j|☆365partyguy
|j|☆Kanto's Finest
|t:|1760761866
|gametype|singles
|player|p1|365partyguy|pokemaniac|1118
|player|p2|Kanto's Finest|archer|1157
|gen|9
|tier|[Gen 9] OU
|rated|
|rule|HP Percentage Mod: HP is shown in percentages
|rule|Endless Battle Clause: Forcing endless battles is banned
|rule|Species Clause: Limit one of each Pokémon
|rule|OHKO Clause: OHKO moves are banned
|rule|Evasion Items Clause: Evasion items are banned
|rule|Evasion Moves Clause: Evasion moves are banned
|rule|Evasion Abilities Clause: Evasion abilities are banned
|rule|Sleep Moves Clause: Sleep-inducing moves are banned
|clearpoke
|poke|p1|Slowbro, M|
|poke|p1|Misdreavus, F|
|poke|p1|Ceruledge, M|
|poke|p1|Okidogi, M|
|poke|p1|Duraludon, M|
|poke|p1|Glimmora, M|
|poke|p2|Charizard, F|
|poke|p2|Ninetales, F|
|poke|p2|Dragonite, M|
|poke|p2|Venusaur, M|
|poke|p2|Hitmonlee, M|
|poke|p2|Rhydon, M|
|teampreview
|inactive|Battle timer is ON: inactive players will automatically lose when time's up. (requested by Kanto's Finest)
|
|t:|1760761873
|teamsize|p1|6
|teamsize|p2|6
|start
|switch|p1a: Glimmora|Glimmora, M|100/100
|switch|p2a: Ninetales|Ninetales, F, shiny|100/100
|-weather|SunnyDay|[from] ability: Drought|[of] p2a: Ninetales
|turn|1
|
|t:|1760761881
|move|p2a: Ninetales|Overheat|p1a: Glimmora
|-resisted|p1a: Glimmora
|-crit|p1a: Glimmora
|-damage|p1a: Glimmora|26/100
|-unboost|p2a: Ninetales|spa|2
|-enditem|p2a: Ninetales|Eject Pack
|
|t:|1760761888
|switch|p2a: Venusaur|Venusaur, M, shiny|100/100
|move|p1a: Glimmora|Stealth Rock|p2a: Venusaur
|-sidestart|p2: Kanto's Finest|move: Stealth Rock
|
|-weather|SunnyDay|[upkeep]
|upkeep
|turn|2
|
|t:|1760761895
|move|p1a: Glimmora|Spiky Shield|p1a: Glimmora
|-singleturn|p1a: Glimmora|move: Protect
|move|p2a: Venusaur|Giga Drain|p1a: Glimmora
|-activate|p1a: Glimmora|move: Protect
|
|-weather|SunnyDay|[upkeep]
|upkeep
|turn|3
|
|t:|1760761907
|move|p2a: Venusaur|Giga Drain|p1a: Glimmora
|-damage|p1a: Glimmora|0 fnt
|faint|p1a: Glimmora
|-damage|p2a: Venusaur|91/100|[from] item: Life Orb
|
|-weather|SunnyDay|[upkeep]
|upkeep
|
|t:|1760761917
|switch|p1a: Ceruledge|Ceruledge, M|100/100
|turn|4
|
|t:|1760761922
|switch|p2a: Rhydon|Rhydon, M, shiny|100/100
|-damage|p2a: Rhydon|94/100|[from] Stealth Rock
|move|p1a: Ceruledge|Swords Dance|p1a: Ceruledge
|-boost|p1a: Ceruledge|atk|2
|
|-weather|SunnyDay|[upkeep]
|upkeep
|turn|5
|
|t:|1760761931
|move|p1a: Ceruledge|Swords Dance|p1a: Ceruledge
|-boost|p1a: Ceruledge|atk|2
|move|p2a: Rhydon|Stone Edge|p1a: Ceruledge
|-supereffective|p1a: Ceruledge
|-enditem|p1a: Ceruledge|Focus Sash
|-damage|p1a: Ceruledge|1/100
|-ability|p1a: Ceruledge|Weak Armor|boost
|-unboost|p1a: Ceruledge|def|1
|-boost|p1a: Ceruledge|spe|2
|
|-weather|none
|upkeep
|turn|6
|
|t:|1760761938
|move|p1a: Ceruledge|Close Combat|p2a: Rhydon
|-supereffective|p2a: Rhydon
|-damage|p2a: Rhydon|0 fnt
|-unboost|p1a: Ceruledge|def|1
|-unboost|p1a: Ceruledge|spd|1
|faint|p2a: Rhydon
|
|upkeep
|
|t:|1760761954
|switch|p2a: Ninetales|Ninetales, F, shiny|100/100
|-damage|p2a: Ninetales|76/100|[from] Stealth Rock
|-weather|SunnyDay|[from] ability: Drought|[of] p2a: Ninetales
|turn|7
|
|t:|1760761963
|move|p1a: Ceruledge|Close Combat|p2a: Ninetales
|-damage|p2a: Ninetales|0 fnt
|-unboost|p1a: Ceruledge|def|1
|-unboost|p1a: Ceruledge|spd|1
|faint|p2a: Ninetales
|
|-weather|SunnyDay|[upkeep]
|upkeep
|
|t:|1760761970
|switch|p2a: Venusaur|Venusaur, M, shiny|91/100
|-damage|p2a: Venusaur|78/100|[from] Stealth Rock
|turn|8
|
|t:|1760761975
|-terastallize|p1a: Ceruledge|Fire
|move|p1a: Ceruledge|Bitter Blade|p2a: Venusaur
|-supereffective|p2a: Venusaur
|-damage|p2a: Venusaur|0 fnt
|-heal|p1a: Ceruledge|41/100|[from] drain|[of] p2a: Venusaur
|faint|p2a: Venusaur
|
|-weather|SunnyDay|[upkeep]
|upkeep
|
|t:|1760761981
|switch|p2a: Dragonite|Dragonite, M, shiny|100/100
|-damage|p2a: Dragonite|76/100|[from] Stealth Rock
|turn|9
|
|t:|1760761988
|move|p1a: Ceruledge|Bitter Blade|p2a: Dragonite
|-resisted|p2a: Dragonite
|-damage|p2a: Dragonite|0 fnt
|-heal|p1a: Ceruledge|89/100|[from] drain|[of] p2a: Dragonite
|faint|p2a: Dragonite
|
|-weather|SunnyDay|[upkeep]
|upkeep
|l|☆Kanto's Finest
|inactive|Kanto's Finest disconnected and has a minute to reconnect!
|player|p2|
|inactive|Kanto's Finest has 30 seconds to reconnect!
|inactive|Kanto's Finest has 20 seconds to reconnect!
|inactive|Kanto's Finest has 15 seconds to reconnect!
|inactive|Kanto's Finest has 10 seconds to reconnect!
|inactive|Kanto's Finest has 5 seconds to reconnect!
|-message|Kanto's Finest lost due to inactivity.
|
|win|365partyguy
|raw|365partyguy's rating: 1118 &rarr; <strong>1146</strong><br />(+28 for winning)
|raw|Kanto&apos;s Finest's rating: 1157 &rarr; <strong>1129</strong><br />(-28 for losing)
|l|☆365partyguy
|player|p1|
