|j|☆Weymint
|j|☆yixing_onestar
|t:|1760846895
|gametype|singles
|player|p1|Weymint|roxanne|1303
|player|p2|yixing_onestar|swimmerf-gen4|1333
|gen|9
|tier|[Gen 9] OU
|rated|
|rule|HP Percentage Mod: HP is shown in percentages
|rule|Endless Battle Clause: Forcing endless battles is banned
|rule|Species Clause: Limit one of each Pokémon
|rule|OHKO Clause: OHKO moves are banned
|rule|Evasion Items Clause: Evasion items are banned
|rule|Evasion Moves Clause: Evasion moves are banned
|rule|Evasion Abilities Clause: Evasion abilities are banned
|rule|Sleep Moves Clause: Sleep-inducing moves are banned
|clearpoke
|poke|p1|Muk-Alola, F|
|poke|p1|Chesnaught, F|
|poke|p1|Iron Treads|
|poke|p1|Volcanion|
|poke|p1|Clefable, F|
|poke|p1|Latias, F|
|poke|p2|Slowking-Galar, M|
|poke|p2|Cetitan, F|
|poke|p2|Kyurem|
|poke|p2|Sandslash-Alola, M|
|poke|p2|Chandelure, F|
|poke|p2|Meowscarada, F|
|teampreview
|inactive|Battle timer is ON: inactive players will automatically lose when time's up. (requested by Weymint)
|
|t:|1760846912
|teamsize|p1|6
|teamsize|p2|6
|start
|switch|p1a: Muk|Muk-Alola, F, shiny|100/100
|switch|p2a: Sandslash|Sandslash-Alola, M, shiny|100/100
|turn|1
|
|t:|1760846921
|move|p2a: Sandslash|Stealth Rock|p1a: Muk
|-sidestart|p1: Weymint|move: Stealth Rock
|move|p1a: Muk|Brick Break|p2a: Sandslash
|-supereffective|p2a: Sandslash
|-damage|p2a: Sandslash|13/100
|
|upkeep
|turn|2
|
|t:|1760846934
|move|p2a: Sandslash|Triple Axel|p1a: Muk
|-damage|p1a: Muk|89/100
|-damage|p1a: Muk|65/100
|-crit|p1a: Muk
|-damage|p1a: Muk|13/100
|-hitcount|p1a: Muk|3
|move|p1a: Muk|Knock Off|p2a: Sandslash
|-damage|p2a: Sandslash|0 fnt
|-enditem|p2a: Sandslash|Focus Sash|[from] move: Knock Off|[of] p1a: Muk
|faint|p2a: Sandslash
|
|upkeep
|
|t:|1760846947
|switch|p2a: Meowscarada|Meowscarada, F, shiny|100/100
|turn|3
|
|t:|1760846952
|switch|p1a: Chesnaught|Chesnaught, F|100/100
|-damage|p1a: Chesnaught|94/100|[from] Stealth Rock
|move|p2a: Meowscarada|U-turn|p1a: Chesnaught
|-start|p2a: Meowscarada|typechange|Bug|[from] ability: Protean
|-damage|p1a: Chesnaught|68/100
|-damage|p2a: Meowscarada|84/100|[from] item: Rocky Helmet|[of] p1a: Chesnaught
|
|t:|1760846962
|switch|p2a: Slowking|Slowking-Galar, M|100/100|[from] U-turn
|
|upkeep
|turn|4
|
|t:|1760846974
|move|p1a: Chesnaught|Leech Seed|p2a: Slowking
|-start|p2a: Slowking|move: Leech Seed
|move|p2a: Slowking|Future Sight|p1a: Chesnaught
|-start|p2a: Slowking|move: Future Sight
|
|-damage|p2a: Slowking|88/100|[from] Leech Seed|[of] p1a: Chesnaught
|-heal|p1a: Chesnaught|80/100|[silent]
|upkeep
|turn|5
|
|t:|1760846982
|switch|p1a: Iron Treads|Iron Treads|100/100
|-prepare|p2a: Slowking|Chilly Reception|[premajor]
|move|p2a: Slowking|Chilly Reception|p2a: Slowking
|-weather|Snowscape
|
|t:|1760846989
|switch|p2a: Cetitan|Cetitan, F, shiny|100/100|[from] Chilly Reception
|
|-weather|Snowscape|[upkeep]
|upkeep
|turn|6
|
|t:|1760846996
|-end|p1a: Iron Treads|Quark Drive|[silent]
|switch|p1a: Muk|Muk-Alola, F, shiny|13/100
|-damage|p1a: Muk|1/100|[from] Stealth Rock
|-terastallize|p2a: Cetitan|Ground
|move|p2a: Cetitan|Belly Drum|p2a: Cetitan
|-damage|p2a: Cetitan|50/100
|-setboost|p2a: Cetitan|atk|6|[from] move: Belly Drum
|-enditem|p2a: Cetitan|Sitrus Berry|[eat]
|-heal|p2a: Cetitan|75/100|[from] item: Sitrus Berry
|
|-weather|Snowscape|[upkeep]
|-end|p1a: Muk|move: Future Sight
|-immune|p1a: Muk
|upkeep
|turn|7
|
|t:|1760847011
|move|p2a: Cetitan|Ice Spinner|p1a: Muk
|-damage|p1a: Muk|0 fnt
|faint|p1a: Muk
|
|-weather|Snowscape|[upkeep]
|upkeep
|
|t:|1760847016
|switch|p1a: Clefable|Clefable, F|100/100
|turn|8
|
|t:|1760847020
|move|p2a: Cetitan|Earthquake|p1a: Clefable
|-damage|p1a: Clefable|59/100
|move|p1a: Clefable|Draining Kiss|p2a: Cetitan
|-damage|p2a: Cetitan|61/100
|-heal|p1a: Clefable|73/100|[from] drain|[of] p2a: Cetitan
|
|-weather|Snowscape|[upkeep]
|upkeep
|turn|9
|
|t:|1760847031
|move|p2a: Cetitan|Earthquake|p1a: Clefable
|-damage|p1a: Clefable|36/100
|move|p1a: Clefable|Moonlight|p1a: Clefable
|-heal|p1a: Clefable|61/100
|
|-weather|Snowscape|[upkeep]
|upkeep
|turn|10
|
|t:|1760847043
|move|p2a: Cetitan|Earthquake|p1a: Clefable
|-damage|p1a: Clefable|20/100
|move|p1a: Clefable|Moonlight|p1a: Clefable
|-heal|p1a: Clefable|45/100
|
|-weather|Snowscape|[upkeep]
|upkeep
|turn|11
|
|t:|1760847048
|move|p2a: Cetitan|Earthquake|p1a: Clefable
|-damage|p1a: Clefable|3/100
|move|p1a: Clefable|Moonlight|p1a: Clefable
|-heal|p1a: Clefable|28/100
|
|-weather|Snowscape|[upkeep]
|upkeep
|turn|12
|
|t:|1760847054
|move|p2a: Cetitan|Earthquake|p1a: Clefable
|-damage|p1a: Clefable|0 fnt
|faint|p1a: Clefable
|
|-weather|none
|upkeep
|
|t:|1760847064
|switch|p1a: Latias|Latias, F, shiny|100/100
|-damage|p1a: Latias|88/100|[from] Stealth Rock
|turn|13
|
|t:|1760847069
|move|p1a: Latias|Dragon Pulse|p2a: Cetitan
|-damage|p2a: Cetitan|17/100
|move|p2a: Cetitan|Ice Spinner|p1a: Latias
|-supereffective|p1a: Latias
|-damage|p1a: Latias|0 fnt
|faint|p1a: Latias
|
|upkeep
|
|t:|1760847073
|switch|p1a: Iron Treads|Iron Treads|100/100
|turn|14
|
|t:|1760847080
|move|p1a: Iron Treads|Iron Head|p2a: Cetitan
|-damage|p2a: Cetitan|0 fnt
|faint|p2a: Cetitan
|
|upkeep
|
|t:|1760847097
|switch|p2a: Chandelure|Chandelure, F|100/100
|turn|15
|
|t:|1760847109
|-end|p1a: Iron Treads|Quark Drive|[silent]
|switch|p1a: Volcanion|Volcanion|100/100
|-damage|p1a: Volcanion|76/100|[from] Stealth Rock
|move|p2a: Chandelure|Heat Wave|p1a: Volcanion
|-resisted|p1a: Volcanion
|-damage|p1a: Volcanion|58/100
|
|upkeep
|turn|16
|
|t:|1760847128
|switch|p2a: Slowking|Slowking-Galar, M|100/100
|move|p1a: Volcanion|Scald|p2a: Slowking
|-damage|p2a: Slowking|46/100
|
|upkeep
|turn|17
|
|t:|1760847146
|switch|p2a: Meowscarada|Meowscarada, F, shiny|84/100
|move|p1a: Volcanion|Scald|p2a: Meowscarada
|-resisted|p2a: Meowscarada
|-damage|p2a: Meowscarada|32/100
|
|upkeep
|turn|18
|inactive|yixing_onestar has 120 seconds left.
|
|t:|1760847163
|move|p2a: Meowscarada|U-turn|p1a: Volcanion
|-start|p2a: Meowscarada|typechange|Bug|[from] ability: Protean
|-resisted|p1a: Volcanion
|-damage|p1a: Volcanion|33/100
|inactive|yixing_onestar has 120 seconds left.
|
|t:|1760847169
|switch|p2a: Slowking|Slowking-Galar, M|79/100|[from] U-turn
|move|p1a: Volcanion|Scald|p2a: Slowking
|-damage|p2a: Slowking|29/100
|
|upkeep
|turn|19
|
|t:|1760847178
|move|p1a: Volcanion|Scald|p2a: Slowking
|-damage|p2a: Slowking|0 fnt
|faint|p2a: Slowking
|
|upkeep
|
|t:|1760847183
|switch|p2a: Meowscarada|Meowscarada, F, shiny|32/100
|turn|20
|
|t:|1760847188
|move|p2a: Meowscarada|Flower Trick|p1a: Volcanion
|-start|p2a: Meowscarada|typechange|Grass|[from] ability: Protean
|-crit|p1a: Volcanion
|-damage|p1a: Volcanion|0 fnt
|faint|p1a: Volcanion
|
|upkeep
|
|t:|1760847194
|switch|p1a: Iron Treads|Iron Treads|100/100
|turn|21
|
|t:|1760847205
|switch|p2a: Kyurem|Kyurem, shiny|100/100
|-ability|p2a: Kyurem|Pressure
|move|p1a: Iron Treads|Rapid Spin|p2a: Kyurem
|-damage|p2a: Kyurem|85/100
|-boost|p1a: Iron Treads|spe|1
|-sideend|p1: Weymint|Stealth Rock|[from] move: Rapid Spin|[of] p1a: Iron Treads
|
|upkeep
|turn|22
|
|t:|1760847216
|move|p1a: Iron Treads|Iron Head|p2a: Kyurem
|-supereffective|p2a: Kyurem
|-damage|p2a: Kyurem|13/100
|cant|p2a: Kyurem|flinch
|
|upkeep
|turn|23
|
|t:|1760847222
|move|p1a: Iron Treads|Rapid Spin|p2a: Kyurem
|-damage|p2a: Kyurem|0 fnt
|-boost|p1a: Iron Treads|spe|1
|faint|p2a: Kyurem
|
|upkeep
|
|t:|1760847229
|switch|p2a: Chandelure|Chandelure, F|100/100
|turn|24
|
|t:|1760847235
|-terastallize|p1a: Iron Treads|Ground
|move|p1a: Iron Treads|Rock Slide|p2a: Chandelure|[miss]
|-miss|p1a: Iron Treads|p2a: Chandelure
|move|p2a: Chandelure|Heat Wave|p1a: Iron Treads
|-damage|p1a: Iron Treads|23/100
|
|upkeep
|turn|25
|
|t:|1760847244
|move|p1a: Iron Treads|Rock Slide|p2a: Chandelure
|-supereffective|p2a: Chandelure
|-damage|p2a: Chandelure|38/100
|move|p2a: Chandelure|Heat Wave|p1a: Iron Treads
|-damage|p1a: Iron Treads|0 fnt
|faint|p1a: Iron Treads
|-end|p1a: Iron Treads|Quark Drive|[silent]
|
|upkeep
|-message|Weymint forfeited.
|
|win|yixing_onestar
|raw|Weymint's rating: 1303 &rarr; <strong>1285</strong><br />(-18 for losing)
|raw|yixing_onestar's rating: 1333 &rarr; <strong>1351</strong><br />(+18 for winning)
|l|☆Weymint
|player|p1|
|l|☆yixing_onestar
|player|p2|
