|j|☆Bakelitepharaoh
|j|☆6quesitomx9
|t:|1760770389
|gametype|singles
|player|p1|Bakelitepharaoh|ethan|1195
|player|p2|6quesitomx9|preschoolerf|1236
|gen|9
|tier|[Gen 9] OU
|rated|
|rule|HP Percentage Mod: HP is shown in percentages
|rule|Endless Battle Clause: Forcing endless battles is banned
|rule|Species Clause: Limit one of each Pokémon
|rule|OHKO Clause: OHKO moves are banned
|rule|Evasion Items Clause: Evasion items are banned
|rule|Evasion Moves Clause: Evasion moves are banned
|rule|Evasion Abilities Clause: Evasion abilities are banned
|rule|Sleep Moves Clause: Sleep-inducing moves are banned
|clearpoke
|poke|p1|Landorus-Therian, M|
|poke|p1|Alomomola, F|
|poke|p1|Raging Bolt|
|poke|p1|Scizor, M|
|poke|p1|Dragapult, M|
|poke|p1|Heatran, F|
|poke|p2|Mew|
|poke|p2|Cinderace, M|
|poke|p2|Falinks|
|poke|p2|Tinkaton, F|
|poke|p2|Empoleon, F|
|poke|p2|Iron Leaves|
|teampreview
|inactive|Battle timer is ON: inactive players will automatically lose when time's up. (requested by 6quesitomx9)
|
|t:|1760770395
|teamsize|p1|6
|teamsize|p2|6
|start
|switch|p1a: Dragapult|Dragapult, M|100/100
|switch|p2a: Matadragones|Empoleon, F|100/100
|turn|1
|
|t:|1760770401
|move|p1a: Dragapult|Thunderbolt|p2a: Matadragones
|-supereffective|p2a: Matadragones
|-damage|p2a: Matadragones|35/100
|move|p2a: Matadragones|Ice Beam|p1a: Dragapult
|-supereffective|p1a: Dragapult
|-damage|p1a: Dragapult|0 fnt
|faint|p1a: Dragapult
|-damage|p2a: Matadragones|25/100|[from] item: Life Orb
|
|upkeep
|
|t:|1760770424
|switch|p1a: Scizor|Scizor, M|100/100
|turn|2
|
|t:|1760770427
|move|p1a: Scizor|Knock Off|p2a: Matadragones
|-damage|p2a: Matadragones|0 fnt
|-enditem|p2a: Matadragones|Life Orb|[from] move: Knock Off|[of] p1a: Scizor
|faint|p2a: Matadragones
|
|upkeep
|
|t:|1760770431
|switch|p2a: Carreranejo|Cinderace, M|100/100
|turn|3
|
|t:|1760770436
|switch|p1a: Landorus|Landorus-Therian, M|100/100
|-ability|p1a: Landorus|Intimidate|boost
|-unboost|p2a: Carreranejo|atk|1
|move|p2a: Carreranejo|High Jump Kick|p1a: Landorus
|-start|p2a: Carreranejo|typechange|Fighting|[from] ability: Libero
|-resisted|p1a: Landorus
|-damage|p1a: Landorus|80/100
|-damage|p2a: Carreranejo|84/100|[from] item: Rocky Helmet|[of] p1a: Landorus
|
|upkeep
|turn|4
|
|t:|1760770447
|move|p2a: Carreranejo|U-turn|p1a: Landorus
|-resisted|p1a: Landorus
|-damage|p1a: Landorus|72/100
|-damage|p2a: Carreranejo|67/100|[from] item: Rocky Helmet|[of] p1a: Landorus
|
|t:|1760770451
|switch|p2a: uwu|Mew|100/100|[from] U-turn
|move|p1a: Landorus|Earth Power|p2a: uwu
|-damage|p2a: uwu|75/100
|
|-heal|p2a: uwu|82/100|[from] item: Leftovers
|upkeep
|turn|5
|
|t:|1760770459
|move|p1a: Landorus|U-turn|p2a: uwu
|-supereffective|p2a: uwu
|-damage|p2a: uwu|52/100
|
|t:|1760770465
|switch|p1a: Heatran|Heatran, F|100/100|[from] U-turn
|-item|p1a: Heatran|Air Balloon
|move|p2a: uwu|Alluring Voice|p1a: Heatran
|-resisted|p1a: Heatran
|-damage|p1a: Heatran|96/100
|-enditem|p1a: Heatran|Air Balloon
|
|-heal|p2a: uwu|58/100|[from] item: Leftovers
|upkeep
|turn|6
|
|t:|1760770475
|move|p1a: Heatran|Will-O-Wisp|p2a: uwu
|-status|p2a: uwu|brn
|-activate|p2a: uwu|ability: Synchronize
|-immune|p1a: Heatran
|move|p2a: uwu|Stealth Rock|p1a: Heatran
|-sidestart|p1: Bakelitepharaoh|move: Stealth Rock
|
|-heal|p2a: uwu|64/100 brn|[from] item: Leftovers
|-damage|p2a: uwu|58/100 brn|[from] brn
|upkeep
|turn|7
|
|t:|1760770487
|move|p1a: Heatran|Magma Storm|p2a: uwu
|-damage|p2a: uwu|16/100 brn
|-activate|p2a: uwu|move: Magma Storm|[of] p1a: Heatran
|move|p2a: uwu|Roar|p1a: Heatran
|drag|p1a: Scizor|Scizor, M|100/100
|
|-heal|p2a: uwu|23/100 brn|[from] item: Leftovers
|-damage|p2a: uwu|16/100 brn|[from] brn
|-end|p2a: uwu|Magma Storm|[partiallytrapped]|[silent]
|upkeep
|turn|8
|
|t:|1760770508
|move|p1a: Scizor|Knock Off|p2a: uwu
|-supereffective|p2a: uwu
|-damage|p2a: uwu|0 fnt
|-enditem|p2a: uwu|Leftovers|[from] move: Knock Off|[of] p1a: Scizor
|faint|p2a: uwu
|
|upkeep
|
|t:|1760770517
|switch|p2a: Carreranejo|Cinderace, M|67/100
|turn|9
|
|t:|1760770521
|move|p2a: Carreranejo|Pyro Ball|p1a: Scizor
|-supereffective|p1a: Scizor
|-damage|p1a: Scizor|0 fnt
|faint|p1a: Scizor
|
|upkeep
|
|t:|1760770528
|switch|p1a: Alomomola|Alomomola, F|100/100
|turn|10
|
|t:|1760770532
|move|p2a: Carreranejo|U-turn|p1a: Alomomola
|-start|p2a: Carreranejo|typechange|Bug|[from] ability: Libero
|-damage|p1a: Alomomola|81/100
|
|t:|1760770534
|switch|p2a: Verroferdor|Iron Leaves|100/100|[from] U-turn
|move|p1a: Alomomola|Scald|p2a: Verroferdor
|-resisted|p2a: Verroferdor
|-damage|p2a: Verroferdor|94/100
|
|upkeep
|turn|11
|
|t:|1760770545
|switch|p1a: Landorus|Landorus-Therian, M|72/100
|-damage|p1a: Landorus|60/100|[from] Stealth Rock
|-ability|p1a: Landorus|Intimidate|boost
|-unboost|p2a: Verroferdor|atk|1
|move|p2a: Verroferdor|Swords Dance|p2a: Verroferdor
|-boost|p2a: Verroferdor|atk|2
|
|upkeep
|turn|12
|
|t:|1760770553
|move|p2a: Verroferdor|Psyblade|p1a: Landorus
|-damage|p1a: Landorus|0 fnt
|-damage|p2a: Verroferdor|78/100|[from] item: Rocky Helmet|[of] p1a: Landorus
|faint|p1a: Landorus
|
|upkeep
|
|t:|1760770558
|switch|p1a: Heatran|Heatran, F|96/100
|-damage|p1a: Heatran|84/100|[from] Stealth Rock
|turn|13
|
|t:|1760770564
|move|p2a: Verroferdor|Sacred Sword|p1a: Heatran
|-supereffective|p1a: Heatran
|-damage|p1a: Heatran|0 fnt
|faint|p1a: Heatran
|
|upkeep
|
|t:|1760770569
|switch|p1a: Alomomola|Alomomola, F|100/100
|turn|14
|
|t:|1760770573
|move|p2a: Verroferdor|Trailblaze|p1a: Alomomola
|-supereffective|p1a: Alomomola
|-damage|p1a: Alomomola|59/100
|-boost|p2a: Verroferdor|spe|1
|move|p1a: Alomomola|Scald|p2a: Verroferdor
|-resisted|p2a: Verroferdor
|-damage|p2a: Verroferdor|71/100
|
|upkeep
|turn|15
|
|t:|1760770581
|move|p2a: Verroferdor|Psyblade|p1a: Alomomola
|-damage|p1a: Alomomola|26/100
|move|p1a: Alomomola|Scald|p2a: Verroferdor
|-resisted|p2a: Verroferdor
|-damage|p2a: Verroferdor|64/100
|
|upkeep
|turn|16
|
|t:|1760770587
|switch|p1a: Raging Bolt|Raging Bolt|100/100
|-damage|p1a: Raging Bolt|88/100|[from] Stealth Rock
|-enditem|p1a: Raging Bolt|Booster Energy
|-activate|p1a: Raging Bolt|ability: Protosynthesis|[fromitem]
|-start|p1a: Raging Bolt|protosynthesisspa
|move|p2a: Verroferdor|Trailblaze|p1a: Raging Bolt
|-resisted|p1a: Raging Bolt
|-damage|p1a: Raging Bolt|71/100
|-boost|p2a: Verroferdor|spe|1
|
|upkeep
|turn|17
|
|t:|1760770599
|move|p2a: Verroferdor|Sacred Sword|p1a: Raging Bolt
|-damage|p1a: Raging Bolt|29/100
|move|p1a: Raging Bolt|Thunderbolt|p2a: Verroferdor
|-resisted|p2a: Verroferdor
|-damage|p2a: Verroferdor|30/100
|
|upkeep
|turn|18
|
|t:|1760770613
|-end|p1a: Raging Bolt|Protosynthesis|[silent]
|switch|p1a: Alomomola|Alomomola, F|59/100
|move|p2a: Verroferdor|Psyblade|p1a: Alomomola
|-damage|p1a: Alomomola|28/100
|
|upkeep
|turn|19
|
|t:|1760770618
|switch|p1a: Raging Bolt|Raging Bolt|29/100
|-damage|p1a: Raging Bolt|17/100|[from] Stealth Rock
|move|p2a: Verroferdor|Psyblade|p1a: Raging Bolt
|-damage|p1a: Raging Bolt|0 fnt
|faint|p1a: Raging Bolt
|-end|p1a: Raging Bolt|Protosynthesis|[silent]
|
|upkeep
|-message|Bakelitepharaoh forfeited.
|
|win|6quesitomx9
|raw|Bakelitepharaoh's rating: 1195 &rarr; <strong>1173</strong><br />(-22 for losing)
|raw|6quesitomx9's rating: 1236 &rarr; <strong>1258</strong><br />(+22 for winning)
|l|☆Bakelitepharaoh
|player|p1|
|l|☆6quesitomx9
|player|p2|
