|j|☆werearewe
|j|☆smithy cool
|t:|1760823251
|gametype|singles
|player|p1|werearewe|170|1577
|player|p2|smithy cool|266|1571
|gen|9
|tier|[Gen 9] OU
|rated|
|rule|HP Percentage Mod: HP is shown in percentages
|rule|Endless Battle Clause: Forcing endless battles is banned
|rule|Species Clause: Limit one of each Pokémon
|rule|OHKO Clause: OHKO moves are banned
|rule|Evasion Items Clause: Evasion items are banned
|rule|Evasion Moves Clause: Evasion moves are banned
|rule|Evasion Abilities Clause: Evasion abilities are banned
|rule|Sleep Moves Clause: Sleep-inducing moves are banned
|clearpoke
|poke|p1|Ribombee, F|
|poke|p1|Cinderace, F|
|poke|p1|Ogerpon, F|
|poke|p1|Milotic, M|
|poke|p1|Kingambit, M|
|poke|p1|Empoleon, M|
|poke|p2|Ribombee, M|
|poke|p2|Gholdengo|
|poke|p2|Manaphy|
|poke|p2|Serperior, M|
|poke|p2|Kyurem|
|poke|p2|Landorus-Therian, M|
|teampreview
|
|t:|1760823260
|teamsize|p1|6
|teamsize|p2|6
|start
|switch|p1a: Ribombee|Ribombee, F|100/100
|switch|p2a: Landorus|Landorus-Therian, M|100/100
|-ability|p2a: Landorus|Intimidate|boost
|-unboost|p1a: Ribombee|atk|1
|turn|1
|
|t:|1760823263
|move|p1a: Ribombee|Sticky Web|p2a: Landorus
|-sidestart|p2: smithy cool|move: Sticky Web
|move|p2a: Landorus|Earthquake|p1a: Ribombee
|-resisted|p1a: Ribombee
|-damage|p1a: Ribombee|33/100
|
|upkeep
|turn|2
|
|t:|1760823274
|move|p1a: Ribombee|Moonblast|p2a: Landorus
|-damage|p2a: Landorus|53/100
|-unboost|p2a: Landorus|spa|1
|move|p2a: Landorus|Earthquake|p1a: Ribombee
|-resisted|p1a: Ribombee
|-damage|p1a: Ribombee|0 fnt
|faint|p1a: Ribombee
|
|upkeep
|
|t:|1760823276
|switch|p1a: Cinderace|Cinderace, F|100/100
|turn|3
|
|t:|1760823280
|move|p1a: Cinderace|Court Change|p1a: Cinderace
|-swapsideconditions
|-activate|p1a: Cinderace|move: Court Change
|move|p2a: Landorus|Earthquake|p1a: Cinderace
|-supereffective|p1a: Cinderace
|-damage|p1a: Cinderace|0 fnt
|faint|p1a: Cinderace
|
|upkeep
|
|t:|1760823290
|switch|p1a: Ogerpon|Ogerpon, F|100/100
|-activate|p1a: Ogerpon|move: Sticky Web
|-unboost|p1a: Ogerpon|spe|1
|-ability|p1a: Ogerpon|Defiant|boost
|-boost|p1a: Ogerpon|atk|2
|-enditem|p1a: Ogerpon|White Herb
|-clearnegativeboost|p1a: Ogerpon|[silent]
|turn|4
|
|t:|1760823298
|move|p1a: Ogerpon|Ivy Cudgel|p2a: Landorus
|-crit|p2a: Landorus
|-damage|p2a: Landorus|0 fnt
|faint|p2a: Landorus
|
|upkeep
|
|t:|1760823305
|switch|p2a: Serperior|Serperior, M|100/100
|turn|5
|
|t:|1760823311
|move|p2a: Serperior|Glare|p1a: Ogerpon
|-status|p1a: Ogerpon|par
|move|p1a: Ogerpon|Ivy Cudgel|p2a: Serperior
|-resisted|p2a: Serperior
|-damage|p2a: Serperior|39/100
|
|-heal|p2a: Serperior|45/100|[from] item: Leftovers
|upkeep
|turn|6
|
|t:|1760823316
|move|p2a: Serperior|Leaf Storm|p1a: Ogerpon
|-resisted|p1a: Ogerpon
|-damage|p1a: Ogerpon|75/100 par
|-boost|p2a: Serperior|spa|2
|cant|p1a: Ogerpon|par
|
|-heal|p2a: Serperior|51/100|[from] item: Leftovers
|upkeep
|turn|7
|
|t:|1760823321
|move|p2a: Serperior|Leaf Storm|p1a: Ogerpon
|-resisted|p1a: Ogerpon
|-damage|p1a: Ogerpon|22/100 par
|-boost|p2a: Serperior|spa|2
|move|p1a: Ogerpon|Ivy Cudgel|p2a: Serperior
|-resisted|p2a: Serperior
|-damage|p2a: Serperior|0 fnt
|faint|p2a: Serperior
|
|upkeep
|
|t:|1760823323
|switch|p2a: Ribombee|Ribombee, M|100/100
|turn|8
|
|t:|1760823328
|move|p2a: Ribombee|Moonblast|p1a: Ogerpon
|-damage|p1a: Ogerpon|0 fnt
|faint|p1a: Ogerpon
|
|upkeep
|
|t:|1760823334
|switch|p1a: Empoleon|Empoleon, M|100/100
|-activate|p1a: Empoleon|move: Sticky Web
|-unboost|p1a: Empoleon|spe|1
|-ability|p1a: Empoleon|Competitive|boost
|-boost|p1a: Empoleon|spa|2
|turn|9
|
|t:|1760823341
|move|p2a: Ribombee|Stun Spore|p1a: Empoleon|[miss]
|-miss|p2a: Ribombee|p1a: Empoleon
|move|p1a: Empoleon|Surf|p2a: Ribombee
|-enditem|p2a: Ribombee|Focus Sash
|-damage|p2a: Ribombee|1/100
|
|upkeep
|turn|10
|
|t:|1760823345
|move|p1a: Empoleon|Vacuum Wave|p2a: Ribombee
|-resisted|p2a: Ribombee
|-damage|p2a: Ribombee|0 fnt
|faint|p2a: Ribombee
|
|upkeep
|
|t:|1760823349
|switch|p2a: Gholdengo|Gholdengo|100/100
|-item|p2a: Gholdengo|Air Balloon
|turn|11
|
|t:|1760823353
|move|p2a: Gholdengo|Nasty Plot|p2a: Gholdengo
|-boost|p2a: Gholdengo|spa|2
|move|p1a: Empoleon|Surf|p2a: Gholdengo
|-damage|p2a: Gholdengo|6/100
|-enditem|p2a: Gholdengo|Air Balloon
|
|upkeep
|turn|12
|
|t:|1760823360
|move|p2a: Gholdengo|Shadow Ball|p1a: Empoleon
|-crit|p1a: Empoleon
|-damage|p1a: Empoleon|24/100
|move|p1a: Empoleon|Surf|p2a: Gholdengo
|-damage|p2a: Gholdengo|0 fnt
|faint|p2a: Gholdengo
|
|upkeep
|
|t:|1760823366
|switch|p2a: Kyurem|Kyurem|100/100
|-ability|p2a: Kyurem|Pressure
|turn|13
|
|t:|1760823371
|-terastallize|p2a: Kyurem|Fire
|move|p1a: Empoleon|Vacuum Wave|p2a: Kyurem
|-damage|p2a: Kyurem|76/100
|move|p2a: Kyurem|Scale Shot|p1a: Empoleon
|-resisted|p1a: Empoleon
|-damage|p1a: Empoleon|17/100
|-resisted|p1a: Empoleon
|-damage|p1a: Empoleon|10/100
|-resisted|p1a: Empoleon
|-damage|p1a: Empoleon|3/100
|-resisted|p1a: Empoleon
|-damage|p1a: Empoleon|0 fnt
|faint|p1a: Empoleon
|-hitcount|p1: Empoleon|4
|-unboost|p2a: Kyurem|def|1
|-boost|p2a: Kyurem|spe|1
|
|upkeep
|
|t:|1760823379
|switch|p1a: Milotic|Milotic, M|100/100
|-activate|p1a: Milotic|move: Sticky Web
|-unboost|p1a: Milotic|spe|1
|-ability|p1a: Milotic|Competitive|boost
|-boost|p1a: Milotic|spa|2
|turn|14
|
|t:|1760823383
|move|p2a: Kyurem|Scale Shot|p1a: Milotic
|-damage|p1a: Milotic|87/100
|-damage|p1a: Milotic|73/100
|-damage|p1a: Milotic|59/100
|-damage|p1a: Milotic|45/100
|-hitcount|p1a: Milotic|4
|-unboost|p2a: Kyurem|def|1
|-boost|p2a: Kyurem|spe|1
|move|p1a: Milotic|Scald|p2a: Kyurem
|-supereffective|p2a: Kyurem
|-damage|p2a: Kyurem|0 fnt
|faint|p2a: Kyurem
|
|upkeep
|
|t:|1760823385
|switch|p2a: Manaphy|Manaphy|100/100
|turn|15
|
|t:|1760823390
|-terastallize|p1a: Milotic|Fairy
|move|p2a: Manaphy|Tail Glow|p2a: Manaphy
|-boost|p2a: Manaphy|spa|3
|move|p1a: Milotic|Draining Kiss|p2a: Manaphy
|-damage|p2a: Manaphy|45/100
|-heal|p1a: Milotic|82/100|[from] drain|[of] p2a: Manaphy
|
|upkeep
|turn|16
|
|t:|1760823404
|move|p2a: Manaphy|Surf|p1a: Milotic
|-damage|p1a: Milotic|34/100
|move|p1a: Milotic|Draining Kiss|p2a: Manaphy
|-damage|p2a: Manaphy|0 fnt
|-heal|p1a: Milotic|63/100|[from] drain|[of] p2a: Manaphy
|faint|p2a: Manaphy
|
|win|werearewe
|raw|werearewe's rating: 1577 &rarr; <strong>1597</strong><br />(+20 for winning)
|raw|smithy cool's rating: 1571 &rarr; <strong>1551</strong><br />(-20 for losing)
|l|☆smithy cool
|player|p2|
|l|☆werearewe
|player|p1|
