|badge|p1|bronze|gen9ou|100-7
|uhtml|medal-msg|<div class="broadcast-blue">Curious what those medals under the avatar are? PS now has Ladder Seasons! For more information, check out the <a href="https://www.smogon.com/forums/threads/3740067/">thread on Smogon.</a></div>
|badge|p2|bronze|gen9ou|100-7
|uhtml|medal-msg|<div class="broadcast-blue">Curious what those medals under the avatar are? PS now has Ladder Seasons! For more information, check out the <a href="https://www.smogon.com/forums/threads/3740067/">thread on Smogon.</a></div>
|j|☆SpongeGar & Patar
|j|☆Ho3nConfirm3d
|t:|1760819361
|gametype|singles
|player|p1|SpongeGar & Patar|101|1880
|player|p2|Ho3nConfirm3d|#scl5shoguns|1850
|gen|9
|tier|[Gen 9] OU
|rated|
|rule|HP Percentage Mod: HP is shown in percentages
|rule|Endless Battle Clause: Forcing endless battles is banned
|rule|Species Clause: Limit one of each Pokémon
|rule|OHKO Clause: OHKO moves are banned
|rule|Evasion Items Clause: Evasion items are banned
|rule|Evasion Moves Clause: Evasion moves are banned
|rule|Evasion Abilities Clause: Evasion abilities are banned
|rule|Sleep Moves Clause: Sleep-inducing moves are banned
|clearpoke
|poke|p1|Kyurem|
|poke|p1|Corviknight, F|
|poke|p1|Ting-Lu|
|poke|p1|Dondozo, F|
|poke|p1|Slowking-Galar, L99, M|
|poke|p1|Cinderace, M|
|poke|p2|Entei|
|poke|p2|Corviknight, M|
|poke|p2|Slowking-Galar, M|
|poke|p2|Ogerpon-Wellspring, F|
|poke|p2|Great Tusk|
|poke|p2|Dragapult, F|
|teampreview
|inactive|Battle timer is ON: inactive players will automatically lose when time's up. (requested by Ho3nConfirm3d)
|inactive|SpongeGar & Patar has 120 seconds left.
|
|t:|1760819411
|teamsize|p1|6
|teamsize|p2|6
|start
|switch|p1a: Kyurem|Kyurem|100/100
|switch|p2a: Slowking|Slowking-Galar, M|100/100
|-ability|p1a: Kyurem|Pressure
|turn|1
|inactive|SpongeGar & Patar also wants the timer to be on.
|inactive|SpongeGar & Patar has 120 seconds left.
|
|t:|1760819459
|move|p1a: Kyurem|Earth Power|p2a: Slowking
|-supereffective|p2a: Slowking
|-crit|p2a: Slowking
|-damage|p2a: Slowking|53/100
|move|p2a: Slowking|Sludge Bomb|p1a: Kyurem
|-crit|p1a: Kyurem
|-damage|p1a: Kyurem|40/100
|
|-heal|p1a: Kyurem|46/100|[from] item: Leftovers
|upkeep
|turn|2
|inactive|SpongeGar & Patar has 90 seconds left.
|j| Pokemon-Lover834
|
|t:|1760819511
|move|p1a: Kyurem|Protect|p1a: Kyurem
|-singleturn|p1a: Kyurem|Protect
|move|p2a: Slowking|Sludge Bomb|p1a: Kyurem
|-activate|p1a: Kyurem|move: Protect
|
|-heal|p1a: Kyurem|52/100|[from] item: Leftovers
|upkeep
|turn|3
|inactive|SpongeGar & Patar has 60 seconds left.
|inactive|SpongeGar & Patar has 30 seconds left.
|
|t:|1760819560
|-terastallize|p1a: Kyurem|Ground
|move|p1a: Kyurem|Earth Power|p2a: Slowking
|-supereffective|p2a: Slowking
|-damage|p2a: Slowking|11/100
|move|p2a: Slowking|Sludge Bomb|p1a: Kyurem
|-resisted|p1a: Kyurem
|-damage|p1a: Kyurem|34/100
|-status|p1a: Kyurem|psn
|
|-heal|p1a: Kyurem|40/100 psn|[from] item: Leftovers
|-damage|p1a: Kyurem|27/100 psn|[from] psn
|upkeep
|turn|4
|
|t:|1760819571
|switch|p2a: Corviknight|Corviknight, M|100/100
|-ability|p2a: Corviknight|Pressure
|move|p1a: Kyurem|Freeze-Dry|p2a: Corviknight
|-damage|p2a: Corviknight|69/100
|
|-heal|p1a: Kyurem|34/100 psn|[from] item: Leftovers
|-damage|p1a: Kyurem|21/100 psn|[from] psn
|upkeep
|turn|5
|
|t:|1760819582
|move|p1a: Kyurem|Freeze-Dry|p2a: Corviknight
|-damage|p2a: Corviknight|33/100
|move|p2a: Corviknight|U-turn|p1a: Kyurem
|-damage|p1a: Kyurem|7/100 psn
|
|t:|1760819597
|switch|p2a: Ogerpon|Ogerpon-Wellspring, F|100/100|[from] U-turn
|
|-heal|p1a: Kyurem|14/100 psn|[from] item: Leftovers
|-damage|p1a: Kyurem|1/100 psn|[from] psn
|upkeep
|turn|6
|
|t:|1760819607
|move|p2a: Ogerpon|Ivy Cudgel|p1a: Kyurem|[anim] Ivy Cudgel Water
|-supereffective|p1a: Kyurem
|-damage|p1a: Kyurem|0 fnt
|faint|p1a: Kyurem
|
|upkeep
|
|t:|1760819616
|switch|p1a: Cinderace|Cinderace, M|100/100
|turn|7
|
|t:|1760819626
|switch|p2a: Dragapult|Dragapult, F|100/100
|move|p1a: Cinderace|U-turn|p2a: Dragapult
|-resisted|p2a: Dragapult
|-damage|p2a: Dragapult|87/100
|j| Loudthump
|
|t:|1760819637
|switch|p1a: Slowking|Slowking-Galar, L99, M|100/100|[from] U-turn
|
|upkeep
|turn|8
|
|t:|1760819646
|move|p2a: Dragapult|U-turn|p1a: Slowking
|-damage|p1a: Slowking|81/100
|
|t:|1760819668
|switch|p2a: Slowking|Slowking-Galar, M|44/100|[from] U-turn
|move|p1a: Slowking|Future Sight|p2a: Slowking
|-start|p1a: Slowking|move: Future Sight
|
|upkeep
|turn|9
|inactive|SpongeGar & Patar has 60 seconds left.
|
|t:|1760819677
|switch|p2a: Corviknight|Corviknight, M|33/100
|-ability|p2a: Corviknight|Pressure
|-prepare|p1a: Slowking|Chilly Reception|[premajor]
|move|p1a: Slowking|Chilly Reception|p1a: Slowking
|-weather|Snowscape
|inactive|SpongeGar & Patar has 60 seconds left.
|
|t:|1760819687
|switch|p1a: Cinderace|Cinderace, M|100/100|[from] Chilly Reception
|
|-weather|Snowscape|[upkeep]
|upkeep
|turn|10
|inactive|Ho3nConfirm3d has 120 seconds left.
|
|t:|1760819739
|switch|p2a: Entei|Entei|100/100
|move|p1a: Cinderace|Pyro Ball|p2a: Entei
|-resisted|p2a: Entei
|-damage|p2a: Entei|77/100
|
|-weather|Snowscape|[upkeep]
|-end|p2a: Entei|move: Future Sight
|-damage|p2a: Entei|26/100
|upkeep
|turn|11
|
|t:|1760819750
|move|p1a: Cinderace|Pyro Ball|p2a: Entei
|-resisted|p2a: Entei
|-damage|p2a: Entei|2/100
|move|p2a: Entei|Sacred Fire|p1a: Cinderace
|-resisted|p1a: Cinderace
|-damage|p1a: Cinderace|71/100
|
|-weather|Snowscape|[upkeep]
|upkeep
|turn|12
|
|t:|1760819761
|switch|p1a: Corviknight|Corviknight, F|100/100
|-ability|p1a: Corviknight|Pressure
|move|p2a: Entei|Extreme Speed|p1a: Corviknight
|-resisted|p1a: Corviknight
|-damage|p1a: Corviknight|91/100
|-damage|p2a: Entei|0 fnt|[from] item: Rocky Helmet|[of] p1a: Corviknight
|faint|p2a: Entei
|
|-weather|Snowscape|[upkeep]
|upkeep
|
|t:|1760819764
|switch|p2a: Dragapult|Dragapult, F|87/100
|turn|13
|
|t:|1760819773
|switch|p1a: Ting-Lu|Ting-Lu|100/100
|-ability|p1a: Ting-Lu|Vessel of Ruin
|move|p2a: Dragapult|Will-O-Wisp|p1a: Ting-Lu
|-status|p1a: Ting-Lu|brn
|
|-weather|none
|-damage|p1a: Ting-Lu|94/100 brn|[from] brn
|upkeep
|turn|14
|
|t:|1760819783
|move|p2a: Dragapult|U-turn|p1a: Ting-Lu
|-supereffective|p1a: Ting-Lu
|-damage|p1a: Ting-Lu|77/100 brn
|
|t:|1760819788
|switch|p2a: Ogerpon|Ogerpon-Wellspring, F|100/100|[from] U-turn
|move|p1a: Ting-Lu|Rest|p1a: Ting-Lu
|-status|p1a: Ting-Lu|slp|[from] move: Rest
|-heal|p1a: Ting-Lu|100/100 slp|[silent]
|
|upkeep
|turn|15
|inactive|SpongeGar & Patar has 90 seconds left.
|
|t:|1760819798
|switch|p1a: Dondozo|Dondozo, F|100/100
|move|p2a: Ogerpon|Ivy Cudgel|p1a: Dondozo|[anim] Ivy Cudgel Water
|-resisted|p1a: Dondozo
|-damage|p1a: Dondozo|87/100
|
|-heal|p1a: Dondozo|93/100|[from] item: Leftovers
|upkeep
|turn|16
|inactive|SpongeGar & Patar has 90 seconds left.
|inactive|SpongeGar & Patar has 60 seconds left.
|
|t:|1760819847
|switch|p1a: Corviknight|Corviknight, F|91/100
|-ability|p1a: Corviknight|Pressure
|-terastallize|p2a: Ogerpon|Water
|detailschange|p2a: Ogerpon|Ogerpon-Wellspring-Tera, F, tera:Water
|-ability|p2a: Ogerpon|Embody Aspect (Wellspring)|boost
|-boost|p2a: Ogerpon|spd|1
|move|p2a: Ogerpon|Ivy Cudgel|p1a: Corviknight|[anim] Ivy Cudgel Water
|-crit|p1a: Corviknight
|-damage|p1a: Corviknight|25/100
|
|upkeep
|turn|17
|inactive|SpongeGar & Patar has 60 seconds left.
|inactive|SpongeGar & Patar has 30 seconds left.
|inactive|SpongeGar & Patar has 20 seconds left.
|
|t:|1760819896
|switch|p1a: Dondozo|Dondozo, F|93/100
|move|p2a: Ogerpon|Ivy Cudgel|p1a: Dondozo|[anim] Ivy Cudgel Water
|-resisted|p1a: Dondozo
|-damage|p1a: Dondozo|74/100
|
|-heal|p1a: Dondozo|80/100|[from] item: Leftovers
|upkeep
|turn|18
|inactive|SpongeGar & Patar has 30 seconds left this turn.
|
|t:|1760819905
|move|p2a: Ogerpon|U-turn|p1a: Dondozo
|-damage|p1a: Dondozo|68/100
|inactive|Ho3nConfirm3d has 120 seconds left.
|j| FaronAan
|inactive|Ho3nConfirm3d has 90 seconds left.
|l| Loudthump
|
|t:|1760819966
|switch|p2a: Dragapult|Dragapult, F|87/100|[from] U-turn
|move|p1a: Dondozo|Curse|p1a: Dondozo
|-unboost|p1a: Dondozo|spe|1
|-boost|p1a: Dondozo|atk|1
|-boost|p1a: Dondozo|def|1
|
|-heal|p1a: Dondozo|74/100|[from] item: Leftovers
|upkeep
|turn|19
|
|t:|1760819976
|move|p2a: Dragapult|Draco Meteor|p1a: Dondozo|[miss]
|-miss|p2a: Dragapult|p1a: Dondozo
|move|p1a: Dondozo|Waterfall|p2a: Dragapult
|-resisted|p2a: Dragapult
|-damage|p2a: Dragapult|62/100
|
|-heal|p1a: Dondozo|80/100|[from] item: Leftovers
|upkeep
|turn|20
|
|t:|1760819987
|switch|p1a: Slowking|Slowking-Galar, L99, M|100/100
|move|p2a: Dragapult|U-turn|p1a: Slowking
|-damage|p1a: Slowking|84/100
|
|t:|1760819991
|switch|p2a: Ogerpon|Ogerpon-Wellspring-Tera, F, tera:Water|100/100|[from] U-turn
|-ability|p2a: Ogerpon|Embody Aspect (Wellspring)|boost
|-boost|p2a: Ogerpon|spd|1
|
|upkeep
|turn|21
|
|t:|1760820001
|switch|p1a: Dondozo|Dondozo, F|80/100
|move|p2a: Ogerpon|Ivy Cudgel|p1a: Dondozo|[anim] Ivy Cudgel Water
|-resisted|p1a: Dondozo
|-damage|p1a: Dondozo|64/100
|
|-heal|p1a: Dondozo|70/100|[from] item: Leftovers
|upkeep
|turn|22
|
|t:|1760820010
|move|p2a: Ogerpon|U-turn|p1a: Dondozo
|-damage|p1a: Dondozo|57/100
|inactive|Ho3nConfirm3d has 120 seconds left.
|
|t:|1760820017
|switch|p2a: Dragapult|Dragapult, F|62/100|[from] U-turn
|move|p1a: Dondozo|Curse|p1a: Dondozo
|-unboost|p1a: Dondozo|spe|1
|-boost|p1a: Dondozo|atk|1
|-boost|p1a: Dondozo|def|1
|
|-heal|p1a: Dondozo|64/100|[from] item: Leftovers
|upkeep
|turn|23
|inactive|SpongeGar & Patar has 60 seconds left.
|
|t:|1760820026
|move|p2a: Dragapult|Will-O-Wisp|p1a: Dondozo|[miss]
|-miss|p2a: Dragapult|p1a: Dondozo
|move|p1a: Dondozo|Waterfall|p2a: Dragapult
|-resisted|p2a: Dragapult
|-damage|p2a: Dragapult|33/100
|
|-heal|p1a: Dondozo|70/100|[from] item: Leftovers
|upkeep
|turn|24
|inactive|SpongeGar & Patar has 60 seconds left.
|
|t:|1760820037
|move|p2a: Dragapult|Draco Meteor|p1a: Dondozo
|-damage|p1a: Dondozo|13/100
|-unboost|p2a: Dragapult|spa|2
|move|p1a: Dondozo|Rest|p1a: Dondozo
|-status|p1a: Dondozo|slp|[from] move: Rest
|-heal|p1a: Dondozo|100/100 slp|[silent]
|
|upkeep
|turn|25
|inactive|SpongeGar & Patar has 60 seconds left.
|
|t:|1760820047
|switch|p1a: Cinderace|Cinderace, M|71/100
|move|p2a: Dragapult|U-turn|p1a: Cinderace
|-resisted|p1a: Cinderace
|-damage|p1a: Cinderace|61/100
|
|t:|1760820050
|switch|p2a: Ogerpon|Ogerpon-Wellspring-Tera, F, tera:Water|100/100|[from] U-turn
|-ability|p2a: Ogerpon|Embody Aspect (Wellspring)|boost
|-boost|p2a: Ogerpon|spd|1
|
|upkeep
|turn|26
|
|t:|1760820059
|move|p1a: Cinderace|Will-O-Wisp|p2a: Ogerpon
|-status|p2a: Ogerpon|brn
|move|p2a: Ogerpon|Ivy Cudgel|p1a: Cinderace|[anim] Ivy Cudgel Water
|-supereffective|p1a: Cinderace
|-damage|p1a: Cinderace|0 fnt
|faint|p1a: Cinderace
|
|-damage|p2a: Ogerpon|95/100 brn|[from] brn
|upkeep
|
|t:|1760820069
|switch|p1a: Corviknight|Corviknight, F|25/100
|-ability|p1a: Corviknight|Pressure
|turn|27
|
|t:|1760820078
|move|p2a: Ogerpon|Ivy Cudgel|p1a: Corviknight|[anim] Ivy Cudgel Water
|-damage|p1a: Corviknight|2/100
|move|p1a: Corviknight|Roost|p1a: Corviknight
|-heal|p1a: Corviknight|52/100
|-singleturn|p1a: Corviknight|move: Roost
|
|-damage|p2a: Ogerpon|89/100 brn|[from] brn
|upkeep
|turn|28
|
|t:|1760820088
|move|p2a: Ogerpon|Spikes|p1a: Corviknight
|-sidestart|p1: SpongeGar & Patar|Spikes
|move|p1a: Corviknight|Roost|p1a: Corviknight
|-heal|p1a: Corviknight|100/100
|-singleturn|p1a: Corviknight|move: Roost
|
|-damage|p2a: Ogerpon|83/100 brn|[from] brn
|upkeep
|turn|29
|
|t:|1760820097
|switch|p2a: Corviknight|Corviknight, M|33/100
|-ability|p2a: Corviknight|Pressure
|move|p1a: Corviknight|Defog|p2a: Corviknight
|-unboost|p2a: Corviknight|evasion|1
|-sideend|p1: SpongeGar & Patar|Spikes|[from] move: Defog|[of] p1a: Corviknight
|
|upkeep
|turn|30
|inactive|SpongeGar & Patar has 90 seconds left.
|
|t:|1760820107
|switch|p1a: Ting-Lu|Ting-Lu|100/100 slp
|-ability|p1a: Ting-Lu|Vessel of Ruin
|move|p2a: Corviknight|Roost|p2a: Corviknight
|-heal|p2a: Corviknight|83/100
|-singleturn|p2a: Corviknight|move: Roost
|
|upkeep
|turn|31
|inactive|SpongeGar & Patar has 90 seconds left.
|inactive|SpongeGar & Patar has 60 seconds left.
|
|t:|1760820155
|switch|p2a: Ogerpon|Ogerpon-Wellspring-Tera, F, tera:Water|83/100 brn
|-ability|p2a: Ogerpon|Embody Aspect (Wellspring)|boost
|-boost|p2a: Ogerpon|spd|1
|cant|p1a: Ting-Lu|slp
|move|p1a: Ting-Lu|Sleep Talk|p1a: Ting-Lu
|move|p1a: Ting-Lu|Rest||[from] move: Sleep Talk|[still]
|-fail|p1a: Ting-Lu
|
|-damage|p2a: Ogerpon|77/100 brn|[from] brn
|upkeep
|turn|32
|inactive|SpongeGar & Patar has 60 seconds left.
|
|t:|1760820165
|move|p2a: Ogerpon|Spikes|p1a: Ting-Lu
|-sidestart|p1: SpongeGar & Patar|Spikes
|cant|p1a: Ting-Lu|slp
|move|p1a: Ting-Lu|Sleep Talk|p1a: Ting-Lu
|move|p1a: Ting-Lu|Earthquake|p2a: Ogerpon|[from] move: Sleep Talk
|-damage|p2a: Ogerpon|29/100 brn
|
|-damage|p2a: Ogerpon|23/100 brn|[from] brn
|upkeep
|turn|33
|
|t:|1760820174
|move|p2a: Ogerpon|Synthesis|p2a: Ogerpon
|-heal|p2a: Ogerpon|73/100 brn
|-curestatus|p1a: Ting-Lu|slp|[msg]
|move|p1a: Ting-Lu|Earthquake|p2a: Ogerpon
|-damage|p2a: Ogerpon|22/100 brn
|
|-damage|p2a: Ogerpon|16/100 brn|[from] brn
|upkeep
|turn|34
|
|t:|1760820184
|switch|p2a: Great Tusk|Great Tusk|100/100
|switch|p1a: Dondozo|Dondozo, F|100/100 slp
|-damage|p1a: Dondozo|88/100 slp|[from] Spikes
|
|-heal|p1a: Dondozo|94/100 slp|[from] item: Leftovers
|upkeep
|turn|35
|
|t:|1760820193
|switch|p1a: Corviknight|Corviknight, F|100/100
|-ability|p1a: Corviknight|Pressure
|move|p2a: Great Tusk|Knock Off|p1a: Corviknight
|-damage|p1a: Corviknight|82/100
|-damage|p2a: Great Tusk|84/100|[from] item: Rocky Helmet|[of] p1a: Corviknight
|-enditem|p1a: Corviknight|Rocky Helmet|[from] move: Knock Off|[of] p2a: Great Tusk
|
|upkeep
|turn|36
|
|t:|1760820203
|-end|p2a: Great Tusk|Protosynthesis|[silent]
|switch|p2a: Corviknight|Corviknight, M|83/100
|-ability|p2a: Corviknight|Pressure
|move|p1a: Corviknight|Brave Bird|p2a: Corviknight
|-resisted|p2a: Corviknight
|-damage|p2a: Corviknight|72/100
|-damage|p1a: Corviknight|65/100|[from] item: Rocky Helmet|[of] p2a: Corviknight
|-damage|p1a: Corviknight|62/100|[from] Recoil
|
|upkeep
|turn|37
|
|t:|1760820214
|move|p1a: Corviknight|Roost|p1a: Corviknight
|-heal|p1a: Corviknight|100/100
|-singleturn|p1a: Corviknight|move: Roost
|move|p2a: Corviknight|U-turn|p1a: Corviknight
|-resisted|p1a: Corviknight
|-damage|p1a: Corviknight|96/100
|
|t:|1760820216
|switch|p2a: Dragapult|Dragapult, F|33/100|[from] U-turn
|
|upkeep
|turn|38
|
|t:|1760820225
|switch|p1a: Slowking|Slowking-Galar, L99, M|100/100
|move|p2a: Dragapult|Will-O-Wisp|p1a: Slowking
|-status|p1a: Slowking|brn
|
|-damage|p1a: Slowking|94/100 brn|[from] brn
|upkeep
|turn|39
|inactive|SpongeGar & Patar has 90 seconds left.
|
|t:|1760820235
|switch|p1a: Ting-Lu|Ting-Lu|100/100
|-damage|p1a: Ting-Lu|88/100|[from] Spikes
|-ability|p1a: Ting-Lu|Vessel of Ruin
|move|p2a: Dragapult|U-turn|p1a: Ting-Lu
|-supereffective|p1a: Ting-Lu
|-crit|p1a: Ting-Lu
|-damage|p1a: Ting-Lu|58/100
|
|t:|1760820242
|switch|p2a: Ogerpon|Ogerpon-Wellspring-Tera, F, tera:Water|16/100 brn|[from] U-turn
|-ability|p2a: Ogerpon|Embody Aspect (Wellspring)|boost
|-boost|p2a: Ogerpon|spd|1
|
|-heal|p1a: Ting-Lu|65/100|[from] item: Leftovers
|-damage|p2a: Ogerpon|10/100 brn|[from] brn
|upkeep
|turn|40
|
|t:|1760820251
|move|p2a: Ogerpon|U-turn|p1a: Ting-Lu
|-supereffective|p1a: Ting-Lu
|-damage|p1a: Ting-Lu|49/100
|
|t:|1760820253
|switch|p2a: Corviknight|Corviknight, M|72/100|[from] U-turn
|-ability|p2a: Corviknight|Pressure
|move|p1a: Ting-Lu|Rest|p1a: Ting-Lu
|-status|p1a: Ting-Lu|slp|[from] move: Rest
|-heal|p1a: Ting-Lu|100/100 slp|[silent]
|
|upkeep
|turn|41
|inactive|SpongeGar & Patar has 90 seconds left.
|c|☆Ho3nConfirm3d|this is so boring dude
|c|☆Ho3nConfirm3d|who even cares
|
|t:|1760820302
|move|p2a: Corviknight|U-turn|p1a: Ting-Lu
|-supereffective|p1a: Ting-Lu
|-damage|p1a: Ting-Lu|84/100 slp
|
|t:|1760820309
|switch|p2a: Great Tusk|Great Tusk|84/100|[from] U-turn
|cant|p1a: Ting-Lu|slp
|move|p1a: Ting-Lu|Sleep Talk|p1a: Ting-Lu
|move|p1a: Ting-Lu|Rest||[from] move: Sleep Talk|[still]
|-fail|p1a: Ting-Lu
|
|-heal|p1a: Ting-Lu|90/100 slp|[from] item: Leftovers
|upkeep
|turn|42
|inactive|SpongeGar & Patar has 60 seconds left.
|
|t:|1760820358
|move|p2a: Great Tusk|Knock Off|p1a: Ting-Lu
|-resisted|p1a: Ting-Lu
|-damage|p1a: Ting-Lu|81/100 slp
|-enditem|p1a: Ting-Lu|Leftovers|[from] move: Knock Off|[of] p2a: Great Tusk
|cant|p1a: Ting-Lu|slp
|move|p1a: Ting-Lu|Sleep Talk|p1a: Ting-Lu
|move|p1a: Ting-Lu|Payback|p2a: Great Tusk|[from] move: Sleep Talk
|-resisted|p2a: Great Tusk
|-crit|p2a: Great Tusk
|-damage|p2a: Great Tusk|63/100
|
|upkeep
|turn|43
|
|t:|1760820368
|-end|p2a: Great Tusk|Protosynthesis|[silent]
|switch|p2a: Corviknight|Corviknight, M|72/100
|-ability|p2a: Corviknight|Pressure
|-curestatus|p1a: Ting-Lu|slp|[msg]
|move|p1a: Ting-Lu|Earthquake|p2a: Corviknight
|-immune|p2a: Corviknight
|
|upkeep
|turn|44
|
|t:|1760820377
|move|p2a: Corviknight|Brave Bird|p1a: Ting-Lu
|-damage|p1a: Ting-Lu|60/100
|-damage|p2a: Corviknight|63/100|[from] Recoil
|move|p1a: Ting-Lu|Earthquake|p2a: Corviknight
|-immune|p2a: Corviknight
|
|upkeep
|turn|45
|
|t:|1760820389
|move|p2a: Corviknight|U-turn|p1a: Ting-Lu
|-supereffective|p1a: Ting-Lu
|-damage|p1a: Ting-Lu|45/100
|
|t:|1760820391
|switch|p2a: Great Tusk|Great Tusk|63/100|[from] U-turn
|move|p1a: Ting-Lu|Earthquake|p2a: Great Tusk
|-damage|p2a: Great Tusk|36/100
|
|upkeep
|turn|46
|inactive|SpongeGar & Patar has 60 seconds left.
|
|t:|1760820401
|move|p2a: Great Tusk|Headlong Rush|p1a: Ting-Lu
|-damage|p1a: Ting-Lu|11/100
|-unboost|p2a: Great Tusk|def|1
|-unboost|p2a: Great Tusk|spd|1
|move|p1a: Ting-Lu|Rest|p1a: Ting-Lu
|-status|p1a: Ting-Lu|slp|[from] move: Rest
|-heal|p1a: Ting-Lu|100/100 slp|[silent]
|
|upkeep
|turn|47
|
|t:|1760820411
|-end|p2a: Great Tusk|Protosynthesis|[silent]
|switch|p2a: Corviknight|Corviknight, M|63/100
|-ability|p2a: Corviknight|Pressure
|cant|p1a: Ting-Lu|slp
|move|p1a: Ting-Lu|Sleep Talk|p1a: Ting-Lu
|move|p1a: Ting-Lu|Rest||[from] move: Sleep Talk|[still]
|-fail|p1a: Ting-Lu
|
|upkeep
|turn|48
|
|t:|1760820420
|move|p2a: Corviknight|Brave Bird|p1a: Ting-Lu
|-damage|p1a: Ting-Lu|82/100 slp
|-damage|p2a: Corviknight|55/100|[from] Recoil
|cant|p1a: Ting-Lu|slp
|move|p1a: Ting-Lu|Sleep Talk|p1a: Ting-Lu
|move|p1a: Ting-Lu|Rest||[from] move: Sleep Talk|[still]
|-fail|p1a: Ting-Lu
|
|upkeep
|turn|49
|
|t:|1760820431
|move|p2a: Corviknight|Brave Bird|p1a: Ting-Lu
|-damage|p1a: Ting-Lu|63/100 slp
|-damage|p2a: Corviknight|47/100|[from] Recoil
|-curestatus|p1a: Ting-Lu|slp|[msg]
|move|p1a: Ting-Lu|Rest|p1a: Ting-Lu
|-status|p1a: Ting-Lu|slp|[from] move: Rest
|-heal|p1a: Ting-Lu|100/100 slp|[silent]
|
|upkeep
|turn|50
|
|t:|1760820441
|move|p2a: Corviknight|Roost|p2a: Corviknight
|-heal|p2a: Corviknight|97/100
|-singleturn|p2a: Corviknight|move: Roost
|cant|p1a: Ting-Lu|slp
|move|p1a: Ting-Lu|Sleep Talk|p1a: Ting-Lu
|move|p1a: Ting-Lu|Rest||[from] move: Sleep Talk|[still]
|-fail|p1a: Ting-Lu
|
|upkeep
|turn|51
|
|t:|1760820450
|move|p2a: Corviknight|Brave Bird|p1a: Ting-Lu
|-damage|p1a: Ting-Lu|79/100 slp
|-damage|p2a: Corviknight|88/100|[from] Recoil
|cant|p1a: Ting-Lu|slp
|move|p1a: Ting-Lu|Sleep Talk|p1a: Ting-Lu
|move|p1a: Ting-Lu|Payback|p2a: Corviknight|[from] move: Sleep Talk
|-damage|p2a: Corviknight|67/100
|-damage|p1a: Ting-Lu|62/100 slp|[from] item: Rocky Helmet|[of] p2a: Corviknight
|
|upkeep
|turn|52
|
|t:|1760820461
|move|p2a: Corviknight|U-turn|p1a: Ting-Lu
|-supereffective|p1a: Ting-Lu
|-damage|p1a: Ting-Lu|45/100 slp
|
|t:|1760820463
|switch|p2a: Slowking|Slowking-Galar, M|78/100|[from] U-turn
|-curestatus|p1a: Ting-Lu|slp|[msg]
|move|p1a: Ting-Lu|Rest|p1a: Ting-Lu
|-status|p1a: Ting-Lu|slp|[from] move: Rest
|-heal|p1a: Ting-Lu|100/100 slp|[silent]
|
|upkeep
|turn|53
|
|t:|1760820472
|switch|p2a: Corviknight|Corviknight, M|67/100
|-ability|p2a: Corviknight|Pressure
|cant|p1a: Ting-Lu|slp
|move|p1a: Ting-Lu|Sleep Talk|p1a: Ting-Lu
|move|p1a: Ting-Lu|Payback|p2a: Corviknight|[from] move: Sleep Talk
|-crit|p2a: Corviknight
|-damage|p2a: Corviknight|50/100
|-damage|p1a: Ting-Lu|84/100 slp|[from] item: Rocky Helmet|[of] p2a: Corviknight
|
|upkeep
|turn|54
|inactive|SpongeGar & Patar has 90 seconds left.
|
|t:|1760820482
|move|p2a: Corviknight|Roost|p2a: Corviknight
|-heal|p2a: Corviknight|99/100
|-singleturn|p2a: Corviknight|move: Roost
|cant|p1a: Ting-Lu|slp
|move|p1a: Ting-Lu|Sleep Talk|p1a: Ting-Lu
|move|p1a: Ting-Lu|Earthquake|p2a: Corviknight|[from] move: Sleep Talk
|-supereffective|p2a: Corviknight
|-damage|p2a: Corviknight|57/100
|
|upkeep
|turn|55
|
|t:|1760820491
|move|p2a: Corviknight|Brave Bird|p1a: Ting-Lu
|-damage|p1a: Ting-Lu|64/100 slp
|-damage|p2a: Corviknight|49/100|[from] Recoil
|-curestatus|p1a: Ting-Lu|slp|[msg]
|move|p1a: Ting-Lu|Rest|p1a: Ting-Lu
|-status|p1a: Ting-Lu|slp|[from] move: Rest
|-heal|p1a: Ting-Lu|100/100 slp|[silent]
|
|upkeep
|turn|56
|
|t:|1760820501
|move|p2a: Corviknight|Roost|p2a: Corviknight
|-heal|p2a: Corviknight|99/100
|-singleturn|p2a: Corviknight|move: Roost
|cant|p1a: Ting-Lu|slp
|move|p1a: Ting-Lu|Sleep Talk|p1a: Ting-Lu
|move|p1a: Ting-Lu|Payback|p2a: Corviknight|[from] move: Sleep Talk
|-damage|p2a: Corviknight|76/100
|-damage|p1a: Ting-Lu|84/100 slp|[from] item: Rocky Helmet|[of] p2a: Corviknight
|
|upkeep
|turn|57
|
|t:|1760820511
|move|p2a: Corviknight|Brave Bird|p1a: Ting-Lu
|-damage|p1a: Ting-Lu|64/100 slp
|-damage|p2a: Corviknight|67/100|[from] Recoil
|cant|p1a: Ting-Lu|slp
|move|p1a: Ting-Lu|Sleep Talk|p1a: Ting-Lu
|move|p1a: Ting-Lu|Payback|p2a: Corviknight|[from] move: Sleep Talk
|-damage|p2a: Corviknight|46/100
|-damage|p1a: Ting-Lu|47/100 slp|[from] item: Rocky Helmet|[of] p2a: Corviknight
|
|upkeep
|turn|58
|
|t:|1760820521
|move|p2a: Corviknight|Roost|p2a: Corviknight
|-heal|p2a: Corviknight|96/100
|-singleturn|p2a: Corviknight|move: Roost
|-curestatus|p1a: Ting-Lu|slp|[msg]
|move|p1a: Ting-Lu|Earthquake|p2a: Corviknight
|-supereffective|p2a: Corviknight
|-crit|p2a: Corviknight
|-damage|p2a: Corviknight|27/100
|
|upkeep
|turn|59
|
|t:|1760820531
|move|p2a: Corviknight|Brave Bird|p1a: Ting-Lu
|-damage|p1a: Ting-Lu|29/100
|-damage|p2a: Corviknight|19/100|[from] Recoil
|move|p1a: Ting-Lu|Earthquake|p2a: Corviknight
|-immune|p2a: Corviknight
|
|upkeep
|turn|60
|j| LT123VB 87
|
|t:|1760820541
|move|p2a: Corviknight|Brave Bird|p1a: Ting-Lu
|-damage|p1a: Ting-Lu|7/100
|-damage|p2a: Corviknight|9/100|[from] Recoil
|move|p1a: Ting-Lu|Earthquake|p2a: Corviknight
|-immune|p2a: Corviknight
|
|upkeep
|turn|61
|
|t:|1760820551
|switch|p1a: Corviknight|Corviknight, F|96/100
|-ability|p1a: Corviknight|Pressure
|move|p2a: Corviknight|U-turn|p1a: Corviknight
|-resisted|p1a: Corviknight
|-damage|p1a: Corviknight|94/100
|
|t:|1760820554
|switch|p2a: Dragapult|Dragapult, F|33/100|[from] U-turn
|
|upkeep
|turn|62
|
|t:|1760820563
|switch|p1a: Slowking|Slowking-Galar, L99, M|100/100 brn
|move|p2a: Dragapult|Will-O-Wisp|p1a: Slowking
|-fail|p1a: Slowking|brn
|
|-damage|p1a: Slowking|94/100 brn|[from] brn
|upkeep
|turn|63
|inactive|SpongeGar & Patar has 120 seconds left.
|
|t:|1760820573
|move|p2a: Dragapult|U-turn|p1a: Slowking
|-damage|p1a: Slowking|75/100 brn
|
|t:|1760820575
|switch|p2a: Slowking|Slowking-Galar, M|100/100|[from] U-turn
|move|p1a: Slowking|Toxic|p2a: Slowking
|-immune|p2a: Slowking
|
|-damage|p1a: Slowking|69/100 brn|[from] brn
|upkeep
|turn|64
|inactive|SpongeGar & Patar has 120 seconds left.
|j| bjjfan
|inactive|SpongeGar & Patar has 90 seconds left.
|
|t:|1760820623
|switch|p1a: Corviknight|Corviknight, F|94/100
|-ability|p1a: Corviknight|Pressure
|move|p2a: Slowking|Psyshock|p1a: Corviknight
|-resisted|p1a: Corviknight
|-damage|p1a: Corviknight|83/100
|
|upkeep
|turn|65
|inactive|SpongeGar & Patar has 90 seconds left.
|inactive|SpongeGar & Patar has 60 seconds left.
|
|t:|1760820671
|move|p1a: Corviknight|U-turn|p2a: Slowking
|-damage|p2a: Slowking|87/100
|inactive|SpongeGar & Patar has 30 seconds left.
|inactive|SpongeGar & Patar has 20 seconds left.
|l| bjjfan
|inactive|SpongeGar & Patar has 15 seconds left.
|
|t:|1760820720
|switch|p1a: Slowking|Slowking-Galar, L99, M|100/100 brn|[from] U-turn
|move|p2a: Slowking|Flamethrower|p1a: Slowking
|-damage|p1a: Slowking|83/100 brn
|
|-damage|p1a: Slowking|77/100 brn|[from] brn
|upkeep
|turn|66
|inactive|SpongeGar & Patar has 25 seconds left this turn.
|inactive|SpongeGar & Patar has 20 seconds left.
|
|t:|1760820729
|switch|p1a: Corviknight|Corviknight, F|83/100
|-ability|p1a: Corviknight|Pressure
|move|p2a: Slowking|Psyshock|p1a: Corviknight
|-resisted|p1a: Corviknight
|-damage|p1a: Corviknight|72/100
|
|upkeep
|turn|67
|inactive|SpongeGar & Patar has 30 seconds left this turn.
|c|☆Ho3nConfirm3d|dude what
|
|t:|1760820738
|move|p1a: Corviknight|U-turn|p2a: Slowking
|-damage|p2a: Slowking|71/100
|inactive|SpongeGar & Patar has 30 seconds left this turn.
|c|☆Ho3nConfirm3d|what are these plays bahahahaha
|
|t:|1760820748
|switch|p1a: Ting-Lu|Ting-Lu|7/100|[from] U-turn
|-damage|p1a: Ting-Lu|0 fnt|[from] Spikes
|faint|p1a: Ting-Lu
|move|p2a: Slowking|Flamethrower|p1: Ting-Lu|[notarget]
|-fail|p2a: Slowking
|
|upkeep
|inactive|SpongeGar & Patar has 30 seconds left this turn.
|c| LT123VB 87|its ai
|
|t:|1760820757
|switch|p1a: Corviknight|Corviknight, F|72/100
|-ability|p1a: Corviknight|Pressure
|turn|68
|c|☆Ho3nConfirm3d|might be
|inactive|SpongeGar & Patar has 30 seconds left.
|c|☆Ho3nConfirm3d|fr
|
|t:|1760820766
|move|p1a: Corviknight|U-turn|p2a: Slowking
|-damage|p2a: Slowking|56/100
|c|☆Ho3nConfirm3d|npc plays
|inactive|SpongeGar & Patar has 30 seconds left.
|
|t:|1760820776
|switch|p1a: Slowking|Slowking-Galar, L99, M|100/100 brn|[from] U-turn
|move|p2a: Slowking|Flamethrower|p1a: Slowking
|-damage|p1a: Slowking|84/100 brn
|
|-damage|p1a: Slowking|78/100 brn|[from] brn
|upkeep
|turn|69
|
|t:|1760820785
|switch|p1a: Corviknight|Corviknight, F|72/100
|-ability|p1a: Corviknight|Pressure
|move|p2a: Slowking|Psyshock|p1a: Corviknight
|-resisted|p1a: Corviknight
|-damage|p1a: Corviknight|60/100
|
|upkeep
|turn|70
|j| No_Safe_Prayer
|
|t:|1760820795
|move|p1a: Corviknight|U-turn|p2a: Slowking
|-damage|p2a: Slowking|42/100
|
|t:|1760820804
|switch|p1a: Slowking|Slowking-Galar, L99, M|100/100 brn|[from] U-turn
|move|p2a: Slowking|Flamethrower|p1a: Slowking
|-damage|p1a: Slowking|84/100 brn
|
|-damage|p1a: Slowking|78/100 brn|[from] brn
|upkeep
|turn|71
|
|t:|1760820813
|switch|p1a: Corviknight|Corviknight, F|60/100
|-ability|p1a: Corviknight|Pressure
|move|p2a: Slowking|Psyshock|p1a: Corviknight
|-resisted|p1a: Corviknight
|-damage|p1a: Corviknight|48/100
|
|upkeep
|turn|72
|
|t:|1760820823
|move|p1a: Corviknight|U-turn|p2a: Slowking
|-damage|p2a: Slowking|27/100
|
|t:|1760820832
|switch|p1a: Dondozo|Dondozo, F|94/100 slp|[from] U-turn
|-damage|p1a: Dondozo|82/100 slp|[from] Spikes
|move|p2a: Slowking|Flamethrower|p1a: Dondozo
|-resisted|p1a: Dondozo
|-damage|p1a: Dondozo|67/100 slp
|
|-heal|p1a: Dondozo|74/100 slp|[from] item: Leftovers
|upkeep
|turn|73
|
|t:|1760820846
|switch|p1a: Corviknight|Corviknight, F|48/100
|-ability|p1a: Corviknight|Pressure
|move|p2a: Slowking|Psyshock|p1a: Corviknight
|-resisted|p1a: Corviknight
|-damage|p1a: Corviknight|37/100
|
|upkeep
|turn|74
|inactive|SpongeGar & Patar has 60 seconds left.
|
|t:|1760820856
|switch|p2a: Corviknight|Corviknight, M|9/100
|-ability|p2a: Corviknight|Pressure
|move|p1a: Corviknight|Roost|p1a: Corviknight
|-heal|p1a: Corviknight|87/100
|-singleturn|p1a: Corviknight|move: Roost
|
|upkeep
|turn|75
|
|t:|1760820865
|move|p2a: Corviknight|Roost|p2a: Corviknight
|-heal|p2a: Corviknight|59/100
|-singleturn|p2a: Corviknight|move: Roost
|move|p1a: Corviknight|Brave Bird|p2a: Corviknight
|-resisted|p2a: Corviknight
|-damage|p2a: Corviknight|49/100
|-damage|p1a: Corviknight|70/100|[from] item: Rocky Helmet|[of] p2a: Corviknight
|-damage|p1a: Corviknight|67/100|[from] Recoil
|
|upkeep
|turn|76
|
|t:|1760820875
|switch|p2a: Slowking|Slowking-Galar, M|60/100
|move|p1a: Corviknight|Roost|p1a: Corviknight
|-heal|p1a: Corviknight|100/100
|-singleturn|p1a: Corviknight|move: Roost
|
|upkeep
|turn|77
|
|t:|1760820885
|switch|p1a: Dondozo|Dondozo, F|74/100 slp
|-damage|p1a: Dondozo|61/100 slp|[from] Spikes
|move|p2a: Slowking|Flamethrower|p1a: Dondozo
|-resisted|p1a: Dondozo
|-damage|p1a: Dondozo|48/100 slp
|
|-heal|p1a: Dondozo|54/100 slp|[from] item: Leftovers
|upkeep
|turn|78
|
|t:|1760820894
|switch|p1a: Corviknight|Corviknight, F|100/100
|-ability|p1a: Corviknight|Pressure
|move|p2a: Slowking|Sludge Bomb|p1a: Corviknight
|-immune|p1a: Corviknight
|
|upkeep
|turn|79
|
|t:|1760820903
|switch|p1a: Dondozo|Dondozo, F|54/100 slp
|-damage|p1a: Dondozo|42/100 slp|[from] Spikes
|move|p2a: Slowking|Psyshock|p1a: Dondozo
|-damage|p1a: Dondozo|25/100 slp
|
|-heal|p1a: Dondozo|31/100 slp|[from] item: Leftovers
|upkeep
|turn|80
|
|t:|1760820913
|switch|p1a: Slowking|Slowking-Galar, L99, M|100/100 brn
|move|p2a: Slowking|Flamethrower|p1a: Slowking
|-damage|p1a: Slowking|85/100 brn
|
|-damage|p1a: Slowking|78/100 brn|[from] brn
|upkeep
|turn|81
|inactive|SpongeGar & Patar has 90 seconds left.
|
|t:|1760820922
|switch|p1a: Corviknight|Corviknight, F|100/100
|-ability|p1a: Corviknight|Pressure
|move|p2a: Slowking|Flamethrower|p1a: Corviknight
|-supereffective|p1a: Corviknight
|-damage|p1a: Corviknight|42/100
|
|upkeep
|turn|82
|
|t:|1760820932
|move|p1a: Corviknight|U-turn|p2a: Slowking
|-damage|p2a: Slowking|45/100
|
|t:|1760820941
|switch|p1a: Dondozo|Dondozo, F|31/100 slp|[from] U-turn
|-damage|p1a: Dondozo|19/100 slp|[from] Spikes
|move|p2a: Slowking|Flamethrower|p1a: Dondozo
|-resisted|p1a: Dondozo
|-damage|p1a: Dondozo|6/100 slp
|
|-heal|p1a: Dondozo|12/100 slp|[from] item: Leftovers
|upkeep
|turn|83
|
|t:|1760820950
|cant|p1a: Dondozo|slp
|move|p2a: Slowking|Ice Beam|p1a: Dondozo
|-resisted|p1a: Dondozo
|-damage|p1a: Dondozo|0 fnt
|faint|p1a: Dondozo
|
|upkeep
|
|t:|1760820960
|switch|p1a: Slowking|Slowking-Galar, L99, M|100/100 brn
|turn|84
|
|t:|1760820970
|switch|p2a: Corviknight|Corviknight, M|49/100
|-ability|p2a: Corviknight|Pressure
|-prepare|p1a: Slowking|Chilly Reception|[premajor]
|move|p1a: Slowking|Chilly Reception|p1a: Slowking
|-weather|Snowscape
|
|t:|1760820979
|switch|p1a: Corviknight|Corviknight, F|42/100|[from] Chilly Reception
|-ability|p1a: Corviknight|Pressure
|
|-weather|Snowscape|[upkeep]
|upkeep
|turn|85
|
|t:|1760820988
|switch|p2a: Slowking|Slowking-Galar, M|78/100
|move|p1a: Corviknight|Roost|p1a: Corviknight
|-heal|p1a: Corviknight|92/100
|-singleturn|p1a: Corviknight|move: Roost
|
|-weather|Snowscape|[upkeep]
|upkeep
|turn|86
|
|t:|1760820998
|switch|p2a: Corviknight|Corviknight, M|49/100
|-ability|p2a: Corviknight|Pressure
|move|p1a: Corviknight|Brave Bird|p2a: Corviknight
|-resisted|p2a: Corviknight
|-damage|p2a: Corviknight|38/100
|-damage|p1a: Corviknight|76/100|[from] item: Rocky Helmet|[of] p2a: Corviknight
|-damage|p1a: Corviknight|72/100|[from] Recoil
|
|-weather|Snowscape|[upkeep]
|upkeep
|turn|87
|inactive|SpongeGar & Patar has 120 seconds left.
|
|t:|1760821008
|move|p1a: Corviknight|Roost|p1a: Corviknight
|-heal|p1a: Corviknight|100/100
|-singleturn|p1a: Corviknight|move: Roost
|move|p2a: Corviknight|Roost|p2a: Corviknight
|-heal|p2a: Corviknight|88/100
|-singleturn|p2a: Corviknight|move: Roost
|
|-weather|Snowscape|[upkeep]
|upkeep
|turn|88
|
|t:|1760821017
|move|p1a: Corviknight|Brave Bird|p2a: Corviknight
|-resisted|p2a: Corviknight
|-damage|p2a: Corviknight|77/100
|-damage|p1a: Corviknight|84/100|[from] item: Rocky Helmet|[of] p2a: Corviknight
|-damage|p1a: Corviknight|80/100|[from] Recoil
|move|p2a: Corviknight|U-turn|p1a: Corviknight
|-resisted|p1a: Corviknight
|-damage|p1a: Corviknight|78/100
|
|t:|1760821023
|switch|p2a: Dragapult|Dragapult, F|33/100|[from] U-turn
|
|-weather|none
|upkeep
|turn|89
|
|t:|1760821032
|switch|p1a: Slowking|Slowking-Galar, L99, M|100/100 brn
|move|p2a: Dragapult|U-turn|p1a: Slowking
|-damage|p1a: Slowking|82/100 brn
|
|t:|1760821034
|switch|p2a: Great Tusk|Great Tusk|36/100|[from] U-turn
|
|-damage|p1a: Slowking|75/100 brn|[from] brn
|upkeep
|turn|90
|c|☆Ho3nConfirm3d|what a fucking worthless game this was
|inactive|SpongeGar & Patar has 120 seconds left.
|c|☆Ho3nConfirm3d|truly awful for all involved
|
|t:|1760821081
|switch|p1a: Corviknight|Corviknight, F|78/100
|-ability|p1a: Corviknight|Pressure
|move|p2a: Great Tusk|Knock Off|p1a: Corviknight
|-damage|p1a: Corviknight|65/100
|
|upkeep
|turn|91
|inactive|SpongeGar & Patar has 90 seconds left.
|
|t:|1760821129
|-end|p2a: Great Tusk|Protosynthesis|[silent]
|switch|p2a: Corviknight|Corviknight, M|77/100
|-ability|p2a: Corviknight|Pressure
|move|p1a: Corviknight|Roost|p1a: Corviknight
|-heal|p1a: Corviknight|100/100
|-singleturn|p1a: Corviknight|move: Roost
|
|upkeep
|turn|92
|
|t:|1760821150
|move|p2a: Corviknight|Brave Bird|p1a: Corviknight
|-resisted|p1a: Corviknight
|-damage|p1a: Corviknight|89/100
|-damage|p2a: Corviknight|73/100|[from] Recoil
|move|p1a: Corviknight|Defog|p2a: Corviknight
|-unboost|p2a: Corviknight|evasion|1
|-sideend|p1: SpongeGar & Patar|Spikes|[from] move: Defog|[of] p1a: Corviknight
|
|upkeep
|turn|93
|
|t:|1760821160
|move|p2a: Corviknight|U-turn|p1a: Corviknight
|-resisted|p1a: Corviknight
|-damage|p1a: Corviknight|87/100
|
|t:|1760821162
|switch|p2a: Slowking|Slowking-Galar, M|100/100|[from] U-turn
|move|p1a: Corviknight|Defog|p2a: Slowking
|-unboost|p2a: Slowking|evasion|1
|
|upkeep
|turn|94
|
|t:|1760821171
|switch|p2a: Corviknight|Corviknight, M|73/100
|-ability|p2a: Corviknight|Pressure
|move|p1a: Corviknight|U-turn|p2a: Corviknight
|-resisted|p2a: Corviknight
|-damage|p2a: Corviknight|71/100
|-damage|p1a: Corviknight|70/100|[from] item: Rocky Helmet|[of] p2a: Corviknight
|
|t:|1760821181
|switch|p1a: Slowking|Slowking-Galar, L99, M|100/100 brn|[from] U-turn
|
|-damage|p1a: Slowking|94/100 brn|[from] brn
|upkeep
|turn|95
|inactive|SpongeGar & Patar has 90 seconds left.
|c| No_Safe_Prayer|sigh
|
|t:|1760821199
|switch|p2a: Slowking|Slowking-Galar, M|100/100
|move|p1a: Slowking|Future Sight|p2a: Slowking
|-start|p1a: Slowking|move: Future Sight
|
|-damage|p1a: Slowking|88/100 brn|[from] brn
|upkeep
|turn|96
|
|t:|1760821208
|switch|p1a: Corviknight|Corviknight, F|70/100
|-ability|p1a: Corviknight|Pressure
|move|p2a: Slowking|Psyshock|p1a: Corviknight
|-resisted|p1a: Corviknight
|-damage|p1a: Corviknight|59/100
|
|upkeep
|turn|97
|
|t:|1760821226
|move|p1a: Corviknight|U-turn|p2a: Slowking
|-damage|p2a: Slowking|85/100
|
|t:|1760821236
|switch|p1a: Slowking|Slowking-Galar, L99, M|100/100 brn|[from] U-turn
|move|p2a: Slowking|Flamethrower|p1a: Slowking
|-damage|p1a: Slowking|84/100 brn
|
|-end|p2a: Slowking|move: Future Sight
|-damage|p2a: Slowking|64/100
|-damage|p1a: Slowking|78/100 brn|[from] brn
|upkeep
|turn|98
|
|t:|1760821245
|switch|p1a: Corviknight|Corviknight, F|59/100
|-ability|p1a: Corviknight|Pressure
|move|p2a: Slowking|Psyshock|p1a: Corviknight
|-resisted|p1a: Corviknight
|-damage|p1a: Corviknight|48/100
|
|upkeep
|turn|99
|
|t:|1760821254
|switch|p1a: Slowking|Slowking-Galar, L99, M|100/100 brn
|switch|p2a: Corviknight|Corviknight, M|71/100
|-ability|p2a: Corviknight|Pressure
|
|-damage|p1a: Slowking|94/100 brn|[from] brn
|upkeep
|turn|100
|c|☆Ho3nConfirm3d|why are we still playing bro
|
|t:|1760821263
|move|p2a: Corviknight|U-turn|p1a: Slowking
|-damage|p1a: Slowking|78/100 brn
|c| FaronAan|the bot does not respond
|
|t:|1760821276
|switch|p2a: Slowking|Slowking-Galar, M|98/100|[from] U-turn
|-prepare|p1a: Slowking|Chilly Reception|[premajor]
|move|p1a: Slowking|Chilly Reception|p1a: Slowking
|-weather|Snowscape
|inactive|SpongeGar & Patar has 120 seconds left.
|
|t:|1760821285
|switch|p1a: Corviknight|Corviknight, F|48/100|[from] Chilly Reception
|-ability|p1a: Corviknight|Pressure
|
|-weather|Snowscape|[upkeep]
|upkeep
|turn|101
|inactive|SpongeGar & Patar has 120 seconds left.
|
|t:|1760821294
|move|p1a: Corviknight|U-turn|p2a: Slowking
|-crit|p2a: Slowking
|-damage|p2a: Slowking|77/100
|inactive|SpongeGar & Patar has 120 seconds left.
|c| No_Safe_Prayer|if he kills slowing and corv he can still win
|
|t:|1760821303
|switch|p1a: Slowking|Slowking-Galar, L99, M|100/100 brn|[from] U-turn
|move|p2a: Slowking|Psyshock|p1a: Slowking
|-damage|p1a: Slowking|64/100 brn
|
|-weather|Snowscape|[upkeep]
|-damage|p1a: Slowking|57/100 brn|[from] brn
|upkeep
|turn|102
|c| No_Safe_Prayer|thats prob why
|inactive|SpongeGar & Patar has 120 seconds left.
|inactive|Ho3nConfirm3d has 120 seconds left.
|inactive|Ho3nConfirm3d has 90 seconds left.
|
|t:|1760821387
|move|p2a: Slowking|Flamethrower|p1a: Slowking
|-damage|p1a: Slowking|42/100 brn
|-prepare|p1a: Slowking|Chilly Reception|[premajor]
|move|p1a: Slowking|Chilly Reception|p1a: Slowking
|inactive|SpongeGar & Patar has 120 seconds left.
|
|t:|1760821395
|switch|p1a: Corviknight|Corviknight, F|48/100|[from] Chilly Reception
|-ability|p1a: Corviknight|Pressure
|
|-weather|Snowscape|[upkeep]
|upkeep
|turn|103
|inactive|SpongeGar & Patar has 120 seconds left.
|
|t:|1760821406
|move|p1a: Corviknight|U-turn|p2a: Slowking
|-damage|p2a: Slowking|62/100
|inactive|SpongeGar & Patar has 120 seconds left.
|
|t:|1760821415
|switch|p1a: Slowking|Slowking-Galar, L99, M|75/100 brn|[from] U-turn
|move|p2a: Slowking|Flamethrower|p1a: Slowking
|-damage|p1a: Slowking|56/100 brn
|
|-weather|Snowscape|[upkeep]
|-damage|p1a: Slowking|50/100 brn|[from] brn
|upkeep
|turn|104
|inactive|SpongeGar & Patar has 120 seconds left.
|
|t:|1760821424
|move|p2a: Slowking|Ice Beam|p1a: Slowking
|-damage|p1a: Slowking|33/100 brn
|-prepare|p1a: Slowking|Chilly Reception|[premajor]
|move|p1a: Slowking|Chilly Reception|p1a: Slowking
|inactive|SpongeGar & Patar has 120 seconds left.
|
|t:|1760821433
|switch|p1a: Corviknight|Corviknight, F|48/100|[from] Chilly Reception
|-ability|p1a: Corviknight|Pressure
|
|-weather|none
|upkeep
|turn|105
|inactive|SpongeGar & Patar has 120 seconds left.
|
|t:|1760821442
|switch|p1a: Slowking|Slowking-Galar, L99, M|66/100 brn
|switch|p2a: Corviknight|Corviknight, M|71/100
|-ability|p2a: Corviknight|Pressure
|
|-damage|p1a: Slowking|60/100 brn|[from] brn
|upkeep
|turn|106
|inactive|SpongeGar & Patar has 120 seconds left.
|
|t:|1760821451
|switch|p1a: Corviknight|Corviknight, F|48/100
|-ability|p1a: Corviknight|Pressure
|move|p2a: Corviknight|U-turn|p1a: Corviknight
|-resisted|p1a: Corviknight
|-damage|p1a: Corviknight|46/100
|
|t:|1760821454
|switch|p2a: Dragapult|Dragapult, F|33/100|[from] U-turn
|
|upkeep
|turn|107
|
|t:|1760821463
|move|p2a: Dragapult|U-turn|p1a: Corviknight
|-resisted|p1a: Corviknight
|-damage|p1a: Corviknight|44/100
|
|t:|1760821466
|switch|p2a: Corviknight|Corviknight, M|71/100|[from] U-turn
|-ability|p2a: Corviknight|Pressure
|move|p1a: Corviknight|U-turn|p2a: Corviknight
|-resisted|p2a: Corviknight
|-damage|p2a: Corviknight|69/100
|-damage|p1a: Corviknight|27/100|[from] item: Rocky Helmet|[of] p2a: Corviknight
|
|t:|1760821475
|switch|p1a: Slowking|Slowking-Galar, L99, M|94/100 brn|[from] U-turn
|
|-damage|p1a: Slowking|87/100 brn|[from] brn
|upkeep
|turn|108
|
|t:|1760821500
|move|p2a: Corviknight|U-turn|p1a: Slowking
|-damage|p1a: Slowking|71/100 brn
|
|t:|1760821501
|switch|p2a: Slowking|Slowking-Galar, M|95/100|[from] U-turn
|-prepare|p1a: Slowking|Chilly Reception|[premajor]
|move|p1a: Slowking|Chilly Reception|p1a: Slowking
|-weather|Snowscape
|
|t:|1760821509
|switch|p1a: Corviknight|Corviknight, F|27/100|[from] Chilly Reception
|-ability|p1a: Corviknight|Pressure
|
|-weather|Snowscape|[upkeep]
|upkeep
|turn|109
|
|t:|1760821518
|switch|p1a: Slowking|Slowking-Galar, L99, M|100/100 brn
|switch|p2a: Corviknight|Corviknight, M|69/100
|-ability|p2a: Corviknight|Pressure
|
|-weather|Snowscape|[upkeep]
|-damage|p1a: Slowking|94/100 brn|[from] brn
|upkeep
|turn|110
|
|t:|1760821526
|move|p2a: Corviknight|U-turn|p1a: Slowking
|-damage|p1a: Slowking|79/100 brn
|
|t:|1760821545
|switch|p2a: Great Tusk|Great Tusk|36/100|[from] U-turn
|-prepare|p1a: Slowking|Chilly Reception|[premajor]
|move|p1a: Slowking|Chilly Reception|p1a: Slowking
|inactive|SpongeGar & Patar has 120 seconds left.
|
|t:|1760821586
|switch|p1a: Corviknight|Corviknight, F|27/100|[from] Chilly Reception
|-ability|p1a: Corviknight|Pressure
|
|-weather|Snowscape|[upkeep]
|upkeep
|turn|111
|j| turquoiselink
|inactive|SpongeGar & Patar has 90 seconds left.
|
|t:|1760821628
|-end|p2a: Great Tusk|Protosynthesis|[silent]
|switch|p2a: Corviknight|Corviknight, M|69/100
|-ability|p2a: Corviknight|Pressure
|switch|p1a: Slowking|Slowking-Galar, L99, M|100/100 brn
|
|-weather|Snowscape|[upkeep]
|-damage|p1a: Slowking|94/100 brn|[from] brn
|upkeep
|turn|112
|
|t:|1760821636
|move|p2a: Corviknight|U-turn|p1a: Slowking
|-damage|p1a: Slowking|80/100 brn
|
|t:|1760821638
|switch|p2a: Ogerpon|Ogerpon-Wellspring-Tera, F, tera:Water|10/100 brn|[from] U-turn
|-ability|p2a: Ogerpon|Embody Aspect (Wellspring)|boost
|-boost|p2a: Ogerpon|spd|1
|move|p1a: Slowking|Future Sight|p2a: Ogerpon
|-start|p1a: Slowking|move: Future Sight
|
|-weather|none
|-damage|p2a: Ogerpon|4/100 brn|[from] brn
|-damage|p1a: Slowking|74/100 brn|[from] brn
|upkeep
|turn|113
|inactive|Ho3nConfirm3d has 120 seconds left.
|
|t:|1760821648
|move|p2a: Ogerpon|U-turn|p1a: Slowking
|-damage|p1a: Slowking|58/100 brn
|
|t:|1760821649
|switch|p2a: Slowking|Slowking-Galar, M|100/100|[from] U-turn
|move|p1a: Slowking|Future Sight||[still]
|-fail|p1a: Slowking
|
|-damage|p1a: Slowking|52/100 brn|[from] brn
|upkeep
|turn|114
|
|t:|1760821657
|move|p2a: Slowking|Ice Beam|p1a: Slowking
|-damage|p1a: Slowking|35/100 brn
|-prepare|p1a: Slowking|Chilly Reception|[premajor]
|move|p1a: Slowking|Chilly Reception|p1a: Slowking
|-weather|Snowscape
|
|t:|1760821665
|switch|p1a: Corviknight|Corviknight, F|27/100|[from] Chilly Reception
|-ability|p1a: Corviknight|Pressure
|
|-weather|Snowscape|[upkeep]
|-end|p2a: Slowking|move: Future Sight
|-damage|p2a: Slowking|81/100
|upkeep
|turn|115
|
|t:|1760821673
|switch|p1a: Slowking|Slowking-Galar, L99, M|68/100 brn
|switch|p2a: Great Tusk|Great Tusk|36/100
|
|-weather|Snowscape|[upkeep]
|-damage|p1a: Slowking|62/100 brn|[from] brn
|upkeep
|turn|116
|j| roodles
|
|t:|1760821681
|switch|p1a: Corviknight|Corviknight, F|27/100
|-ability|p1a: Corviknight|Pressure
|move|p2a: Great Tusk|Knock Off|p1a: Corviknight
|-damage|p1a: Corviknight|12/100
|
|-weather|Snowscape|[upkeep]
|upkeep
|turn|117
|
|t:|1760821689
|switch|p1a: Slowking|Slowking-Galar, L99, M|95/100 brn
|move|p2a: Great Tusk|Knock Off|p1a: Slowking
|-supereffective|p1a: Slowking
|-damage|p1a: Slowking|27/100 brn
|-enditem|p1a: Slowking|Heavy-Duty Boots|[from] move: Knock Off|[of] p2a: Great Tusk
|
|-weather|Snowscape|[upkeep]
|-damage|p1a: Slowking|21/100 brn|[from] brn
|upkeep
|turn|118
|
|t:|1760821696
|move|p2a: Great Tusk|Knock Off|p1a: Slowking
|-supereffective|p1a: Slowking
|-damage|p1a: Slowking|0 fnt
|faint|p1a: Slowking
|
|-weather|none
|upkeep
|
|t:|1760821701
|switch|p1a: Corviknight|Corviknight, F|12/100
|-ability|p1a: Corviknight|Pressure
|turn|119
|
|t:|1760821714
|move|p2a: Great Tusk|Knock Off|p1a: Corviknight
|-damage|p1a: Corviknight|0 fnt
|faint|p1a: Corviknight
|
|win|Ho3nConfirm3d
|raw|SpongeGar &amp; Patar's rating: 1880 &rarr; <strong>1857</strong><br />(-23 for losing)
|raw|Ho3nConfirm3d's rating: 1824 &rarr; <strong>1847</strong><br />(+23 for winning)
|l|☆SpongeGar & Patar
|player|p1|
|l|☆Ho3nConfirm3d
|player|p2|
|l| turquoiselink
|l| Pokemon-Lover834
|l| FaronAan
|l| No_Safe_Prayer
|l| LT123VB 87
