|j|☆Munch
|j|‽Krusher Kane
|t:|1760722634
|gametype|singles
|player|p1|Munch|102|1234
|player|p2|Krusher Kane|1|1268
|gen|9
|tier|[Gen 9] OU
|rated|
|rule|HP Percentage Mod: HP is shown in percentages
|rule|Endless Battle Clause: Forcing endless battles is banned
|rule|Species Clause: Limit one of each Pokémon
|rule|OHKO Clause: OHKO moves are banned
|rule|Evasion Items Clause: Evasion items are banned
|rule|Evasion Moves Clause: Evasion moves are banned
|rule|Evasion Abilities Clause: Evasion abilities are banned
|rule|Sleep Moves Clause: Sleep-inducing moves are banned
|clearpoke
|poke|p1|Kingambit, M|
|poke|p1|Deoxys-Speed|
|poke|p1|Great Tusk|
|poke|p1|Dragonite, F|
|poke|p1|Iron Moth|
|poke|p1|Primarina, F|
|poke|p2|Falinks|
|poke|p2|Mimikyu, F|
|poke|p2|Kyurem|
|poke|p2|Metagross|
|poke|p2|Morpeko, M|
|poke|p2|Iron Jugulis|
|teampreview
|inactive|Battle timer is ON: inactive players will automatically lose when time's up. (requested by Munch)
|
|t:|1760722664
|teamsize|p1|6
|teamsize|p2|6
|start
|switch|p1a: Anomаly|Iron Moth|100/100
|switch|p2a: Kyurem|Kyurem|100/100
|-ability|p2a: Kyurem|Pressure
|-enditem|p1a: Anomаly|Booster Energy
|-activate|p1a: Anomаly|ability: Quark Drive|[fromitem]
|-start|p1a: Anomаly|quarkdrivespe
|turn|1
|
|t:|1760722681
|-terastallize|p1a: Anomаly|Ground
|-terastallize|p2a: Kyurem|Dragon
|move|p1a: Anomаly|Toxic Spikes|p2a: Kyurem
|-sidestart|p2: Krusher Kane|move: Toxic Spikes
|move|p2a: Kyurem|Earth Power|p1a: Anomаly
|-damage|p1a: Anomаly|54/100
|
|upkeep
|turn|2
|
|t:|1760722689
|move|p1a: Anomаly|Toxic Spikes|p2a: Kyurem
|-sidestart|p2: Krusher Kane|move: Toxic Spikes
|move|p2a: Kyurem|Earth Power|p1a: Anomаly
|-damage|p1a: Anomаly|2/100
|
|upkeep
|turn|3
|
|t:|1760722696
|move|p1a: Anomаly|Sludge Wave|p2a: Kyurem
|-damage|p2a: Kyurem|57/100
|move|p2a: Kyurem|Earth Power|p1a: Anomаly
|-damage|p1a: Anomаly|0 fnt
|faint|p1a: Anomаly
|-end|p1a: Anomаly|Quark Drive|[silent]
|
|upkeep
|
|t:|1760722708
|switch|p1a: Yoshi|Dragonite, F, shiny|100/100
|turn|4
|c|☆Munch|pokemon
|
|t:|1760722720
|switch|p2a: Iron Jugulis|Iron Jugulis|100/100
|move|p1a: Yoshi|Outrage|p2a: Iron Jugulis
|-damage|p2a: Iron Jugulis|0 fnt
|faint|p2a: Iron Jugulis
|-end|p2a: Iron Jugulis|Quark Drive|[silent]
|
|upkeep
|
|t:|1760722728
|switch|p2a: Morpeko|Morpeko, M, shiny|100/100
|turn|5
|
|t:|1760722730
|move|p2a: Morpeko|Rapid Spin|p1a: Yoshi
|-damage|p1a: Yoshi|94/100
|-boost|p2a: Morpeko|spe|1
|-sideend|p2: Krusher Kane|Toxic Spikes|[from] move: Rapid Spin|[of] p2a: Morpeko
|move|p1a: Yoshi|Outrage|p2a: Morpeko|[from] lockedmove
|-damage|p2a: Morpeko|0 fnt
|faint|p2a: Morpeko
|-start|p1a: Yoshi|confusion|[fatigue]
|
|upkeep
|
|t:|1760722747
|switch|p2a: Kyurem|Kyurem, tera:Dragon|57/100
|-ability|p2a: Kyurem|Pressure
|turn|6
|
|t:|1760722753
|move|p2a: Kyurem|Freeze-Dry|p1a: Yoshi
|-supereffective|p1a: Yoshi
|-damage|p1a: Yoshi|0 fnt
|faint|p1a: Yoshi
|
|upkeep
|
|t:|1760722762
|switch|p1a: Anomaly|Great Tusk|100/100
|-enditem|p1a: Anomaly|Booster Energy
|-activate|p1a: Anomaly|ability: Protosynthesis|[fromitem]
|-start|p1a: Anomaly|protosynthesisatk
|turn|7
|
|t:|1760722770
|move|p2a: Kyurem|Freeze-Dry|p1a: Anomaly
|-supereffective|p1a: Anomaly
|-damage|p1a: Anomaly|0 fnt
|faint|p1a: Anomaly
|-end|p1a: Anomaly|Protosynthesis|[silent]
|
|upkeep
|
|t:|1760722772
|switch|p1a: Siren|Primarina, F|100/100
|turn|8
|inactive|Krusher Kane has 120 seconds left.
|
|t:|1760722803
|move|p2a: Kyurem|Freeze-Dry|p1a: Siren
|-supereffective|p1a: Siren
|-damage|p1a: Siren|36/100
|move|p1a: Siren|Moonblast|p2a: Kyurem
|-supereffective|p2a: Kyurem
|-damage|p2a: Kyurem|0 fnt
|faint|p2a: Kyurem
|
|upkeep
|inactive|Krusher Kane has 120 seconds left.
|
|t:|1760722815
|switch|p2a: Falinks|Falinks, shiny|100/100
|turn|9
|
|t:|1760722821
|move|p2a: Falinks|No Retreat|p2a: Falinks
|-boost|p2a: Falinks|atk|1
|-boost|p2a: Falinks|def|1
|-boost|p2a: Falinks|spa|1
|-boost|p2a: Falinks|spd|1
|-boost|p2a: Falinks|spe|1
|-start|p2a: Falinks|move: No Retreat
|move|p1a: Siren|Psychic Noise|p2a: Falinks
|-supereffective|p2a: Falinks
|-damage|p2a: Falinks|34/100
|-start|p2a: Falinks|move: Heal Block
|
|upkeep
|turn|10
|inactive|Krusher Kane has 120 seconds left.
|inactive|Krusher Kane has 90 seconds left.
|
|t:|1760722866
|move|p2a: Falinks|Poison Jab|p1a: Siren
|-supereffective|p1a: Siren
|-damage|p1a: Siren|0 fnt
|faint|p1a: Siren
|
|-end|p2a: Falinks|move: Heal Block
|upkeep
|
|t:|1760722892
|switch|p1a: Moebius|Deoxys-Speed|100/100
|-ability|p1a: Moebius|Pressure
|turn|11
|
|t:|1760722901
|move|p1a: Moebius|Focus Blast|p2a: Falinks
|-damage|p2a: Falinks|0 fnt
|faint|p2a: Falinks
|-damage|p1a: Moebius|91/100|[from] item: Life Orb
|
|upkeep
|
|t:|1760722913
|switch|p2a: Mimikyu|Mimikyu, F|100/100
|turn|12
|
|t:|1760722926
|move|p1a: Moebius|Shadow Ball|p2a: Mimikyu
|-activate|p2a: Mimikyu|ability: Disguise
|-damage|p2a: Mimikyu|100/100
|detailschange|p2a: Mimikyu|Mimikyu-Busted, F
|-damage|p2a: Mimikyu|88/100|[from] pokemon: Mimikyu-Busted
|-damage|p1a: Moebius|81/100|[from] item: Life Orb
|move|p2a: Mimikyu|Shadow Claw|p1a: Moebius
|-supereffective|p1a: Moebius
|-damage|p1a: Moebius|0 fnt
|faint|p1a: Moebius
|
|upkeep
|
|t:|1760722930
|switch|p1a: Meruem|Kingambit, M|100/100
|-activate|p1a: Meruem|ability: Supreme Overlord
|-start|p1a: Meruem|fallen5|[silent]
|turn|13
|inactive|Krusher Kane has 90 seconds left.
|
|t:|1760722955
|move|p2a: Mimikyu|Shadow Claw|p1a: Meruem
|-resisted|p1a: Meruem
|-damage|p1a: Meruem|89/100
|move|p1a: Meruem|Swords Dance|p1a: Meruem
|-boost|p1a: Meruem|atk|2
|
|-heal|p1a: Meruem|95/100|[from] item: Leftovers
|upkeep
|turn|14
|inactive|Krusher Kane has 90 seconds left.
|
|t:|1760722962
|switch|p2a: Metagross|Metagross, shiny|100/100
|move|p1a: Meruem|Sucker Punch||[still]
|-fail|p1a: Meruem
|
|-heal|p1a: Meruem|100/100|[from] item: Leftovers
|upkeep
|turn|15
|
|t:|1760722968
|move|p2a: Metagross|Earthquake|p1a: Meruem
|-supereffective|p1a: Meruem
|-damage|p1a: Meruem|41/100
|move|p1a: Meruem|Kowtow Cleave|p2a: Metagross
|-supereffective|p2a: Metagross
|-damage|p2a: Metagross|0 fnt
|faint|p2a: Metagross
|
|-heal|p1a: Meruem|47/100|[from] item: Leftovers
|upkeep
|
|t:|1760722971
|switch|p2a: Mimikyu|Mimikyu-Busted, F|88/100
|turn|16
|
|t:|1760722982
|move|p1a: Meruem|Sucker Punch|p2a: Mimikyu
|-damage|p2a: Mimikyu|0 fnt
|faint|p2a: Mimikyu
|
|win|Munch
|raw|Munch's rating: 1234 &rarr; <strong>1261</strong><br />(+27 for winning)
|raw|Krusher Kane's rating: 1268 &rarr; <strong>1241</strong><br />(-27 for losing)
|l|☆Munch
|player|p1|
|l|‽Krusher Kane
|player|p2|
