|j|☆Frowzysx
|j|☆wtxcykl
|t:|1760762483
|gametype|singles
|player|p1|Frowzysx|palmer|1184
|player|p2|wtxcykl|rosa|1191
|gen|9
|tier|[Gen 9] OU
|rated|
|rule|HP Percentage Mod: HP is shown in percentages
|rule|Endless Battle Clause: Forcing endless battles is banned
|rule|Species Clause: Limit one of each Pokémon
|rule|OHKO Clause: OHKO moves are banned
|rule|Evasion Items Clause: Evasion items are banned
|rule|Evasion Moves Clause: Evasion moves are banned
|rule|Evasion Abilities Clause: Evasion abilities are banned
|rule|Sleep Moves Clause: Sleep-inducing moves are banned
|clearpoke
|poke|p1|Lycanroc-Dusk, F|
|poke|p1|Volcanion|
|poke|p1|Corviknight, M|
|poke|p1|Great Tusk|
|poke|p1|Slowking-Galar, M|
|poke|p1|Darkrai|
|poke|p2|Cinderace, M|
|poke|p2|Ogerpon, F|
|poke|p2|Heatran, M|
|poke|p2|Galvantula, M|
|poke|p2|Empoleon, F|
|poke|p2|Milotic, M|
|teampreview
|inactive|Battle timer is ON: inactive players will automatically lose when time's up. (requested by Frowzysx)
|inactive|wtxcykl also wants the timer to be on.
|
|t:|1760762497
|teamsize|p1|6
|teamsize|p2|6
|start
|switch|p1a: Great Tusk|Great Tusk|100/100
|switch|p2a: Galvantula|Galvantula, M|100/100
|turn|1
|
|t:|1760762515
|move|p2a: Galvantula|Sticky Web|p1a: Great Tusk
|-sidestart|p1: Frowzysx|move: Sticky Web
|move|p1a: Great Tusk|Rapid Spin|p2a: Galvantula
|-damage|p2a: Galvantula|68/100
|-boost|p1a: Great Tusk|spe|1
|-sideend|p1: Frowzysx|Sticky Web|[from] move: Rapid Spin|[of] p1a: Great Tusk
|
|upkeep
|turn|2
|
|t:|1760762523
|move|p1a: Great Tusk|Headlong Rush|p2a: Galvantula
|-damage|p2a: Galvantula|0 fnt
|-unboost|p1a: Great Tusk|def|1
|-unboost|p1a: Great Tusk|spd|1
|faint|p2a: Galvantula
|
|upkeep
|
|t:|1760762530
|switch|p2a: Ogerpon|Ogerpon, F|100/100
|turn|3
|c|☆Frowzysx|No reverse web ig
|
|t:|1760762550
|-terastallize|p2a: Ogerpon|Grass
|detailschange|p2a: Ogerpon|Ogerpon-Teal-Tera, F, tera:Grass
|-ability|p2a: Ogerpon|Embody Aspect (Teal)|boost
|-boost|p2a: Ogerpon|spe|1
|move|p2a: Ogerpon|Ivy Cudgel|p1a: Great Tusk
|-supereffective|p1a: Great Tusk
|-crit|p1a: Great Tusk
|-damage|p1a: Great Tusk|0 fnt
|faint|p1a: Great Tusk
|-end|p1a: Great Tusk|Protosynthesis|[silent]
|
|upkeep
|
|t:|1760762559
|switch|p1a: Corviknight|Corviknight, M|100/100
|-ability|p1a: Corviknight|Pressure
|turn|4
|
|t:|1760762566
|move|p2a: Ogerpon|Knock Off|p1a: Corviknight
|-damage|p1a: Corviknight|82/100
|-damage|p2a: Ogerpon|84/100|[from] item: Rocky Helmet|[of] p1a: Corviknight
|-enditem|p1a: Corviknight|Rocky Helmet|[from] move: Knock Off|[of] p2a: Ogerpon
|move|p1a: Corviknight|Brave Bird|p2a: Ogerpon
|-supereffective|p2a: Ogerpon
|-damage|p2a: Ogerpon|0 fnt
|faint|p2a: Ogerpon
|detailschange|p2: Ogerpon|Ogerpon, F|[silent]
|-damage|p1a: Corviknight|61/100|[from] Recoil
|
|upkeep
|
|t:|1760762578
|switch|p2a: Cinderace|Cinderace, M, shiny|100/100
|turn|5
|
|t:|1760762597
|-terastallize|p1a: Corviknight|Fire
|move|p2a: Cinderace|Flare Blitz|p1a: Corviknight
|-resisted|p1a: Corviknight
|-damage|p1a: Corviknight|44/100
|-damage|p2a: Cinderace|93/100|[from] Recoil
|move|p1a: Corviknight|Roost|p1a: Corviknight
|-heal|p1a: Corviknight|94/100
|
|upkeep
|turn|6
|inactive|wtxcykl has 120 seconds left.
|
|t:|1760762630
|move|p2a: Cinderace|High Jump Kick|p1a: Corviknight
|-start|p2a: Cinderace|typechange|Fighting|[from] ability: Libero
|-damage|p1a: Corviknight|59/100
|move|p1a: Corviknight|Body Press|p2a: Cinderace
|-damage|p2a: Cinderace|58/100
|
|upkeep
|turn|7
|inactive|wtxcykl has 120 seconds left.
|
|t:|1760762640
|move|p2a: Cinderace|High Jump Kick|p1a: Corviknight
|-damage|p1a: Corviknight|24/100
|move|p1a: Corviknight|Roost|p1a: Corviknight
|-heal|p1a: Corviknight|74/100
|
|upkeep
|turn|8
|
|t:|1760762650
|switch|p2a: Milotic|Milotic, M|100/100
|move|p1a: Corviknight|Body Press|p2a: Milotic
|-damage|p2a: Milotic|77/100
|
|-heal|p2a: Milotic|83/100|[from] item: Leftovers
|upkeep
|turn|9
|inactive|wtxcykl has 120 seconds left.
|
|t:|1760762668
|switch|p2a: Cinderace|Cinderace, M, shiny|58/100
|move|p1a: Corviknight|U-turn|p2a: Cinderace
|-resisted|p2a: Cinderace
|-damage|p2a: Cinderace|48/100
|
|t:|1760762680
|switch|p1a: Lycanroc|Lycanroc-Dusk, F|100/100|[from] U-turn
|
|upkeep
|turn|10
|
|t:|1760762685
|move|p1a: Lycanroc|Accelerock|p2a: Cinderace
|-supereffective|p2a: Cinderace
|-damage|p2a: Cinderace|0 fnt
|faint|p2a: Cinderace
|
|upkeep
|
|t:|1760762695
|switch|p2a: Empoleon|Empoleon, F|100/100
|turn|11
|
|t:|1760762703
|switch|p1a: Slowking|Slowking-Galar, M|100/100
|move|p2a: Empoleon|Flash Cannon|p1a: Slowking
|-damage|p1a: Slowking|78/100
|
|upkeep
|turn|12
|
|t:|1760762718
|move|p2a: Empoleon|Hydro Pump|p1a: Slowking
|-damage|p1a: Slowking|49/100
|move|p1a: Slowking|Grass Knot|p2a: Empoleon
|-damage|p2a: Empoleon|89/100
|
|upkeep
|turn|13
|-message|wtxcykl forfeited.
|
|win|Frowzysx
|raw|Frowzysx's rating: 1184 &rarr; <strong>1210</strong><br />(+26 for winning)
|raw|wtxcykl's rating: 1191 &rarr; <strong>1165</strong><br />(-26 for losing)
|l|☆wtxcykl
|player|p2|
