|j|☆idnvu
|j|☆l'agent_yoshimbo
|t:|1760770598
|gametype|singles
|player|p1|idnvu|cynthia|1303
|player|p2|l'agent_yoshimbo|drayden|1255
|gen|9
|tier|[Gen 9] OU
|rated|
|rule|HP Percentage Mod: HP is shown in percentages
|rule|Endless Battle Clause: Forcing endless battles is banned
|rule|Species Clause: Limit one of each Pokémon
|rule|OHKO Clause: OHKO moves are banned
|rule|Evasion Items Clause: Evasion items are banned
|rule|Evasion Moves Clause: Evasion moves are banned
|rule|Evasion Abilities Clause: Evasion abilities are banned
|rule|Sleep Moves Clause: Sleep-inducing moves are banned
|clearpoke
|poke|p1|Deoxys-Speed|
|poke|p1|Dragonite, M|
|poke|p1|Darkrai|
|poke|p1|Iron Moth|
|poke|p1|Scizor, M|
|poke|p1|Great Tusk|
|poke|p2|Kleavor, F|
|poke|p2|Samurott-Hisui, M|
|poke|p2|Glimmora, M|
|poke|p2|Scrafty, M|
|poke|p2|Tornadus-Therian, M|
|poke|p2|Mienshao, F|
|teampreview
|
|t:|1760770603
|teamsize|p1|6
|teamsize|p2|6
|start
|switch|p1a: 2hollis|Scizor, M, shiny|100/100
|switch|p2a: Kleavor|Kleavor, F|100/100
|turn|1
|
|t:|1760770610
|move|p2a: Kleavor|Stone Axe|p1a: 2hollis
|-damage|p1a: 2hollis|55/100
|-sidestart|p1: idnvu|move: Stealth Rock
|move|p1a: 2hollis|U-turn|p2a: Kleavor
|-damage|p2a: Kleavor|23/100
|
|t:|1760770620
|switch|p1a: Great Tusk|Great Tusk, shiny|100/100|[from] U-turn
|-damage|p1a: Great Tusk|98/100|[from] Stealth Rock
|-enditem|p1a: Great Tusk|Booster Energy
|-activate|p1a: Great Tusk|ability: Protosynthesis|[fromitem]
|-start|p1a: Great Tusk|protosynthesisspe
|
|upkeep
|turn|2
|
|t:|1760770632
|switch|p2a: Glimmora|Glimmora, M|100/100
|move|p1a: Great Tusk|Bulk Up|p1a: Great Tusk
|-boost|p1a: Great Tusk|atk|1
|-boost|p1a: Great Tusk|def|1
|
|upkeep
|turn|3
|
|t:|1760770644
|move|p1a: Great Tusk|Ice Spinner|p2a: Glimmora
|-damage|p2a: Glimmora|71/100
|-activate|p2a: Glimmora|ability: Toxic Debris
|-sidestart|p1: idnvu|move: Toxic Spikes
|-enditem|p2a: Glimmora|Red Card|[of] p1a: Great Tusk
|-end|p1a: Great Tusk|Protosynthesis|[silent]
|drag|p1a: plaqueboymax|Iron Moth|100/100
|-damage|p1a: plaqueboymax|76/100|[from] Stealth Rock
|-sideend|p1: idnvu|move: Toxic Spikes|[of] p1a: plaqueboymax
|-enditem|p1a: plaqueboymax|Booster Energy
|-activate|p1a: plaqueboymax|ability: Quark Drive|[fromitem]
|-start|p1a: plaqueboymax|quarkdrivespe
|move|p2a: Glimmora|Mortal Spin|p1a: plaqueboymax
|-resisted|p1a: plaqueboymax
|-damage|p1a: plaqueboymax|72/100
|
|upkeep
|turn|4
|
|t:|1760770657
|move|p1a: plaqueboymax|Toxic Spikes|p2a: Glimmora
|-sidestart|p2: l'agent_yoshimbo|move: Toxic Spikes
|move|p2a: Glimmora|Ancient Power|p1a: plaqueboymax
|-supereffective|p1a: plaqueboymax
|-damage|p1a: plaqueboymax|7/100
|
|upkeep
|turn|5
|
|t:|1760770662
|move|p1a: plaqueboymax|Toxic Spikes|p2a: Glimmora
|-sidestart|p2: l'agent_yoshimbo|move: Toxic Spikes
|move|p2a: Glimmora|Ancient Power|p1a: plaqueboymax
|-supereffective|p1a: plaqueboymax
|-damage|p1a: plaqueboymax|0 fnt
|faint|p1a: plaqueboymax
|-end|p1a: plaqueboymax|Quark Drive|[silent]
|
|upkeep
|
|t:|1760770668
|switch|p1a: 2hollis|Scizor, M, shiny|55/100
|-damage|p1a: 2hollis|42/100|[from] Stealth Rock
|turn|6
|
|t:|1760770677
|move|p2a: Glimmora|Spiky Shield|p2a: Glimmora
|-singleturn|p2a: Glimmora|move: Protect
|move|p1a: 2hollis|Bullet Punch|p2a: Glimmora
|-activate|p2a: Glimmora|move: Protect
|-damage|p1a: 2hollis|30/100|[from] Spiky Shield|[of] p2a: Glimmora
|
|upkeep
|turn|7
|
|t:|1760770683
|move|p1a: 2hollis|Bullet Punch|p2a: Glimmora
|-supereffective|p2a: Glimmora
|-damage|p2a: Glimmora|0 fnt
|-activate|p2a: Glimmora|ability: Toxic Debris
|-sidestart|p1: idnvu|move: Toxic Spikes
|faint|p2a: Glimmora
|
|upkeep
|
|t:|1760770691
|switch|p2a: Samurott|Samurott-Hisui, M|100/100
|-status|p2a: Samurott|tox
|turn|8
|
|t:|1760770695
|move|p1a: 2hollis|Bullet Punch|p2a: Samurott
|-resisted|p2a: Samurott
|-damage|p2a: Samurott|65/100 tox
|move|p2a: Samurott|Ceaseless Edge|p1a: 2hollis|[miss]
|-miss|p2a: Samurott|p1a: 2hollis
|
|-damage|p2a: Samurott|59/100 tox|[from] psn
|upkeep
|turn|9
|
|t:|1760770702
|move|p1a: 2hollis|Bullet Punch|p2a: Samurott
|-resisted|p2a: Samurott
|-damage|p2a: Samurott|25/100 tox
|move|p2a: Samurott|Ceaseless Edge|p1a: 2hollis
|-crit|p1a: 2hollis
|-damage|p1a: 2hollis|0 fnt
|-sidestart|p1: idnvu|Spikes
|faint|p1a: 2hollis
|
|-damage|p2a: Samurott|12/100 tox|[from] psn
|upkeep
|
|t:|1760770712
|switch|p1a: Great Tusk|Great Tusk, shiny|98/100
|-damage|p1a: Great Tusk|95/100|[from] Stealth Rock
|-status|p1a: Great Tusk|psn
|-damage|p1a: Great Tusk|82/100 psn|[from] Spikes
|turn|10
|
|t:|1760770718
|move|p2a: Samurott|Ceaseless Edge|p1a: Great Tusk
|-resisted|p1a: Great Tusk
|-damage|p1a: Great Tusk|68/100 psn
|-sidestart|p1: idnvu|Spikes
|move|p1a: Great Tusk|Rapid Spin|p2a: Samurott
|-damage|p2a: Samurott|0 fnt
|-boost|p1a: Great Tusk|spe|1
|-sideend|p1: idnvu|Spikes|[from] move: Rapid Spin|[of] p1a: Great Tusk
|-sideend|p1: idnvu|Toxic Spikes|[from] move: Rapid Spin|[of] p1a: Great Tusk
|-sideend|p1: idnvu|Stealth Rock|[from] move: Rapid Spin|[of] p1a: Great Tusk
|faint|p2a: Samurott
|
|-damage|p1a: Great Tusk|55/100 psn|[from] psn
|upkeep
|
|t:|1760770731
|switch|p2a: Mienshao|Mienshao, F|100/100
|-status|p2a: Mienshao|tox
|turn|11
|
|t:|1760770740
|move|p2a: Mienshao|Fake Out|p1a: Great Tusk
|-damage|p1a: Great Tusk|47/100 psn
|cant|p1a: Great Tusk|flinch
|
|-damage|p1a: Great Tusk|35/100 psn|[from] psn
|-damage|p2a: Mienshao|95/100 tox|[from] psn
|upkeep
|turn|12
|
|t:|1760770747
|move|p1a: Great Tusk|Headlong Rush|p2a: Mienshao
|-damage|p2a: Mienshao|0 fnt
|-unboost|p1a: Great Tusk|def|1
|-unboost|p1a: Great Tusk|spd|1
|faint|p2a: Mienshao
|
|-damage|p1a: Great Tusk|22/100 psn|[from] psn
|upkeep
|
|t:|1760770758
|switch|p2a: Tornadus|Tornadus-Therian, M|100/100
|turn|13
|
|t:|1760770762
|move|p1a: Great Tusk|Ice Spinner|p2a: Tornadus
|-supereffective|p2a: Tornadus
|-damage|p2a: Tornadus|33/100
|-enditem|p2a: Tornadus|Red Card|[of] p1a: Great Tusk
|-end|p1a: Great Tusk|Protosynthesis|[silent]
|drag|p1a: nettspend|Deoxys-Speed, shiny|100/100
|-ability|p1a: nettspend|Pressure
|move|p2a: Tornadus|Dark Pulse|p1a: nettspend
|-supereffective|p1a: nettspend
|-damage|p1a: nettspend|38/100
|
|upkeep
|turn|14
|
|t:|1760770773
|switch|p2a: Kleavor|Kleavor, F|23/100
|-status|p2a: Kleavor|tox
|move|p1a: nettspend|Ice Beam|p2a: Kleavor
|-damage|p2a: Kleavor|0 fnt
|faint|p2a: Kleavor
|
|upkeep
|
|t:|1760770775
|switch|p2a: Scrafty|Scrafty, M|100/100
|-status|p2a: Scrafty|tox
|turn|15
|
|t:|1760770786
|switch|p1a: Great Tusk|Great Tusk, shiny|22/100 psn
|move|p2a: Scrafty|Dragon Dance|p2a: Scrafty
|-boost|p2a: Scrafty|atk|1
|-boost|p2a: Scrafty|spe|1
|
|-damage|p2a: Scrafty|95/100 tox|[from] psn
|-damage|p1a: Great Tusk|10/100 psn|[from] psn
|upkeep
|turn|16
|
|t:|1760770794
|move|p2a: Scrafty|Drain Punch|p1a: Great Tusk
|-damage|p1a: Great Tusk|0 fnt
|-heal|p2a: Scrafty|100/100 tox|[from] drain|[of] p1a: Great Tusk
|faint|p1a: Great Tusk
|-end|p1a: Great Tusk|Protosynthesis|[silent]
|-ability|p2a: Scrafty|Moxie|boost
|-boost|p2a: Scrafty|atk|1
|
|-damage|p2a: Scrafty|89/100 tox|[from] psn
|upkeep
|
|t:|1760770804
|switch|p1a: xaviersobased|Dragonite, M|100/100
|turn|17
|
|t:|1760770807
|move|p2a: Scrafty|Ice Punch|p1a: xaviersobased
|-supereffective|p1a: xaviersobased
|-damage|p1a: xaviersobased|29/100
|-status|p1a: xaviersobased|frz
|cant|p1a: xaviersobased|frz
|
|-damage|p2a: Scrafty|71/100 tox|[from] psn
|upkeep
|turn|18
|
|t:|1760770819
|switch|p1a: nettspend|Deoxys-Speed, shiny|38/100
|-ability|p1a: nettspend|Pressure
|move|p2a: Scrafty|Knock Off|p1a: nettspend
|-supereffective|p1a: nettspend
|-crit|p1a: nettspend
|-damage|p1a: nettspend|0 fnt
|-damage|p2a: Scrafty|54/100 tox|[from] item: Rocky Helmet|[of] p1a: nettspend
|-enditem|p1a: nettspend|Rocky Helmet|[from] move: Knock Off|[of] p2a: Scrafty
|faint|p1a: nettspend
|-ability|p2a: Scrafty|Moxie|boost
|-boost|p2a: Scrafty|atk|1
|
|-damage|p2a: Scrafty|31/100 tox|[from] psn
|upkeep
|
|t:|1760770831
|switch|p1a: xaviersobased|Dragonite, M|29/100 frz
|turn|19
|
|t:|1760770841
|move|p2a: Scrafty|Drain Punch|p1a: xaviersobased
|-resisted|p1a: xaviersobased
|-damage|p1a: xaviersobased|0 fnt
|-heal|p2a: Scrafty|48/100 tox|[from] drain|[of] p1a: xaviersobased
|faint|p1a: xaviersobased
|-ability|p2a: Scrafty|Moxie|boost
|-boost|p2a: Scrafty|atk|1
|
|-damage|p2a: Scrafty|18/100 tox|[from] psn
|upkeep
|
|t:|1760770849
|switch|p1a: osamason|Darkrai|100/100
|turn|20
|
|t:|1760770853
|-terastallize|p1a: osamason|Electric
|move|p1a: osamason|Tera Blast|p2a: Scrafty|[anim] Tera Blast Electric
|-damage|p2a: Scrafty|0 fnt
|faint|p2a: Scrafty
|
|upkeep
|
|t:|1760770856
|switch|p2a: Tornadus|Tornadus-Therian, M|66/100
|turn|21
|
|t:|1760770860
|move|p1a: osamason|Tera Blast|p2a: Tornadus|[anim] Tera Blast Electric
|-supereffective|p2a: Tornadus
|-damage|p2a: Tornadus|0 fnt
|faint|p2a: Tornadus
|
|win|idnvu
|raw|idnvu's rating: 1303 &rarr; <strong>1320</strong><br />(+17 for winning)
|raw|l&apos;agent_yoshimbo's rating: 1255 &rarr; <strong>1233</strong><br />(-22 for losing)
|l|☆l'agent_yoshimbo
|player|p2|
|c|☆idnvu|gg
|l|☆idnvu
|player|p1|
