|j|☆michael00000000
|j|☆kingkong427
|t:|1760745813
|gametype|singles
|player|p1|michael00000000|clair|1773
|player|p2|kingkong427|ethan|1836
|gen|9
|tier|[Gen 9] OU
|rated|
|rule|HP Percentage Mod: HP is shown in percentages
|rule|Endless Battle Clause: Forcing endless battles is banned
|rule|Species Clause: Limit one of each Pokémon
|rule|OHKO Clause: OHKO moves are banned
|rule|Evasion Items Clause: Evasion items are banned
|rule|Evasion Moves Clause: Evasion moves are banned
|rule|Evasion Abilities Clause: Evasion abilities are banned
|rule|Sleep Moves Clause: Sleep-inducing moves are banned
|clearpoke
|poke|p1|Gardevoir, F|
|poke|p1|Iron Valiant|
|poke|p1|Arcanine, M|
|poke|p1|Hatterene, F|
|poke|p1|Dragapult, F|
|poke|p1|Milotic, F|
|poke|p2|Garchomp, F|
|poke|p2|Iron Treads|
|poke|p2|Zamazenta-*|
|poke|p2|Darkrai|
|poke|p2|Primarina, M|
|poke|p2|Gholdengo|
|teampreview
|
|t:|1760745837
|teamsize|p1|6
|teamsize|p2|6
|start
|switch|p1a: Nimbus|Arcanine, M|100/100
|switch|p2a: Iron Treads|Iron Treads|100/100
|-ability|p1a: Nimbus|Intimidate|boost
|-unboost|p2a: Iron Treads|atk|1
|-enditem|p2a: Iron Treads|Booster Energy
|-activate|p2a: Iron Treads|ability: Quark Drive|[fromitem]
|-start|p2a: Iron Treads|quarkdrivespe
|turn|1
|
|t:|1760745860
|switch|p1a: Noir|Hatterene, F, shiny|100/100
|move|p2a: Iron Treads|Stealth Rock|p1a: Noir
|move|p1a: Noir|Stealth Rock|p2a: Iron Treads|[from] ability: Magic Bounce
|-sidestart|p2: kingkong427|move: Stealth Rock
|
|upkeep
|turn|2
|
|t:|1760745864
|move|p2a: Iron Treads|Rapid Spin|p1a: Noir
|-crit|p1a: Noir
|-damage|p1a: Noir|80/100
|-boost|p2a: Iron Treads|spe|1
|-sideend|p2: kingkong427|Stealth Rock|[from] move: Rapid Spin|[of] p2a: Iron Treads
|move|p1a: Noir|Mystical Fire|p2a: Iron Treads
|-supereffective|p2a: Iron Treads
|-damage|p2a: Iron Treads|16/100
|-unboost|p2a: Iron Treads|spa|1
|
|upkeep
|turn|3
|
|t:|1760745869
|move|p2a: Iron Treads|Steel Beam|p1a: Noir
|-supereffective|p1a: Noir
|-damage|p1a: Noir|31/100
|-damage|p2a: Iron Treads|0 fnt|[from] steelbeam
|faint|p2a: Iron Treads
|-end|p2a: Iron Treads|Quark Drive|[silent]
|move|p1a: Noir|Mystical Fire|p2: Iron Treads|[notarget]
|-fail|p1a: Noir
|
|upkeep
|
|t:|1760745883
|switch|p2a: Garchomp|Garchomp, F|100/100
|turn|4
|
|t:|1760745886
|move|p2a: Garchomp|Earthquake|p1a: Noir
|-damage|p1a: Noir|0 fnt
|faint|p1a: Noir
|
|upkeep
|
|t:|1760745894
|switch|p1a: Mercé|Dragapult, F, shiny|100/100
|turn|5
|
|t:|1760745902
|switch|p2a: Primarina|Primarina, M|100/100
|move|p1a: Mercé|Will-O-Wisp|p2a: Primarina
|-status|p2a: Primarina|brn
|
|-damage|p2a: Primarina|94/100 brn|[from] brn
|upkeep
|turn|6
|
|t:|1760745905
|switch|p1a: Rhea|Gardevoir, F, shiny|100/100
|-ability|p1a: Rhea|Torrent|Trace|[from] ability: Trace|[of] p2a: Primarina
|move|p2a: Primarina|Calm Mind|p2a: Primarina
|-boost|p2a: Primarina|spa|1
|-boost|p2a: Primarina|spd|1
|
|-damage|p2a: Primarina|88/100 brn|[from] brn
|upkeep
|turn|7
|
|t:|1760745933
|move|p1a: Rhea|Psyshock|p2a: Primarina
|-damage|p2a: Primarina|40/100 brn
|move|p2a: Primarina|Hydro Pump|p1a: Rhea
|-damage|p1a: Rhea|45/100
|
|-damage|p2a: Primarina|33/100 brn|[from] brn
|upkeep
|turn|8
|
|t:|1760745949
|switch|p2a: Darkrai|Darkrai|100/100
|move|p1a: Rhea|Moonblast|p2a: Darkrai
|-supereffective|p2a: Darkrai
|-damage|p2a: Darkrai|0 fnt
|faint|p2a: Darkrai
|
|upkeep
|
|t:|1760745953
|switch|p2a: Gholdengo|Gholdengo|100/100
|-item|p2a: Gholdengo|Air Balloon
|turn|9
|
|t:|1760745956
|-terastallize|p1a: Rhea|Fire
|move|p2a: Gholdengo|Nasty Plot|p2a: Gholdengo
|-boost|p2a: Gholdengo|spa|2
|move|p1a: Rhea|Mystical Fire|p2a: Gholdengo
|-supereffective|p2a: Gholdengo
|-damage|p2a: Gholdengo|24/100
|-unboost|p2a: Gholdengo|spa|1
|-enditem|p2a: Gholdengo|Air Balloon
|
|upkeep
|turn|10
|
|t:|1760745960
|move|p2a: Gholdengo|Shadow Ball|p1a: Rhea
|-damage|p1a: Rhea|16/100
|move|p1a: Rhea|Mystical Fire|p2a: Gholdengo
|-supereffective|p2a: Gholdengo
|-damage|p2a: Gholdengo|0 fnt
|faint|p2a: Gholdengo
|
|upkeep
|
|t:|1760745966
|switch|p2a: Garchomp|Garchomp, F|100/100
|turn|11
|
|t:|1760745986
|switch|p1a: Hermé|Iron Valiant, shiny|100/100
|-enditem|p1a: Hermé|Booster Energy
|-activate|p1a: Hermé|ability: Quark Drive|[fromitem]
|-start|p1a: Hermé|quarkdrivespe
|move|p2a: Garchomp|Scale Shot|p1a: Hermé
|-immune|p1a: Hermé
|
|upkeep
|turn|12
|
|t:|1760745992
|switch|p2a: Primarina|Primarina, M|33/100 brn
|move|p1a: Hermé|Moonblast|p2a: Primarina
|-damage|p2a: Primarina|0 fnt
|faint|p2a: Primarina
|
|upkeep
|
|t:|1760745994
|switch|p2a: Garchomp|Garchomp, F|100/100
|turn|13
|
|t:|1760746002
|-terastallize|p2a: Garchomp|Fire
|move|p1a: Hermé|Moonblast|p2a: Garchomp
|-resisted|p2a: Garchomp
|-damage|p2a: Garchomp|79/100
|move|p2a: Garchomp|Earthquake|p1a: Hermé
|-damage|p1a: Hermé|36/100
|
|upkeep
|turn|14
|
|t:|1760746006
|move|p1a: Hermé|Destiny Bond|p1a: Hermé
|-singlemove|p1a: Hermé|Destiny Bond
|move|p2a: Garchomp|Earthquake|p1a: Hermé
|-crit|p1a: Hermé
|-damage|p1a: Hermé|0 fnt
|faint|p1a: Hermé
|-activate|p1a: Hermé|move: Destiny Bond
|-end|p1a: Hermé|Quark Drive|[silent]
|faint|p2a: Garchomp
|
|upkeep
|-message|kingkong427 forfeited.
|
|win|michael00000000
|raw|michael00000000's rating: 1773 &rarr; <strong>1797</strong><br />(+24 for winning)
|raw|kingkong427's rating: 1836 &rarr; <strong>1812</strong><br />(-24 for losing)
|l|☆kingkong427
|player|p2|
|l|☆michael00000000
|player|p1|
