|j|☆Gen1onlyedgy
|j|☆go b3yond
|t:|1760884118
|gametype|singles
|player|p1|Gen1onlyedgy|lucas|1644
|player|p2|go b3yond|waiter-gen4dp|1712
|gen|9
|tier|[Gen 9] OU
|rated|
|rule|HP Percentage Mod: HP is shown in percentages
|rule|Endless Battle Clause: Forcing endless battles is banned
|rule|Species Clause: Limit one of each Pokémon
|rule|OHKO Clause: OHKO moves are banned
|rule|Evasion Items Clause: Evasion items are banned
|rule|Evasion Moves Clause: Evasion moves are banned
|rule|Evasion Abilities Clause: Evasion abilities are banned
|rule|Sleep Moves Clause: Sleep-inducing moves are banned
|clearpoke
|poke|p1|Slowking-Galar, M|
|poke|p1|Kyurem|
|poke|p1|Ting-Lu|
|poke|p1|Hawlucha, F|
|poke|p1|Dragapult, M|
|poke|p1|Dondozo, M|
|poke|p2|Torkoal, F|
|poke|p2|Brute Bonnet|
|poke|p2|Hatterene, F|
|poke|p2|Walking Wake|
|poke|p2|Thundurus-Therian, M|
|poke|p2|Ceruledge, M|
|teampreview
|inactive|Battle timer is ON: inactive players will automatically lose when time's up. (requested by go b3yond)
|
|t:|1760884132
|teamsize|p1|6
|teamsize|p2|6
|start
|switch|p1a: Slowking|Slowking-Galar, M|100/100
|switch|p2a: GREAT Bait|Torkoal, F, shiny|100/100
|-weather|SunnyDay|[from] ability: Drought|[of] p2a: GREAT Bait
|turn|1
|
|t:|1760884136
|-prepare|p1a: Slowking|Chilly Reception|[premajor]
|move|p1a: Slowking|Chilly Reception|p1a: Slowking
|-weather|Snowscape
|
|t:|1760884138
|switch|p1a: Kyurem|Kyurem|100/100|[from] Chilly Reception
|-ability|p1a: Kyurem|Pressure
|move|p2a: GREAT Bait|Eruption|p1a: Kyurem
|-damage|p1a: Kyurem|36/100
|
|-weather|Snowscape|[upkeep]
|upkeep
|turn|2
|
|t:|1760884145
|move|p1a: Kyurem|Blizzard|p2a: GREAT Bait
|-resisted|p2a: GREAT Bait
|-damage|p2a: GREAT Bait|45/100
|move|p2a: GREAT Bait|Overheat|p1a: Kyurem
|-damage|p1a: Kyurem|0 fnt
|-unboost|p2a: GREAT Bait|spa|2
|faint|p1a: Kyurem
|
|-weather|Snowscape|[upkeep]
|upkeep
|
|t:|1760884156
|switch|p1a: Slowking|Slowking-Galar, M|100/100
|turn|3
|
|t:|1760884159
|switch|p2a: Hatterene|Hatterene, F|100/100
|move|p1a: Slowking|Sludge Bomb|p2a: Hatterene
|-supereffective|p2a: Hatterene
|-damage|p2a: Hatterene|0 fnt
|faint|p2a: Hatterene
|
|-weather|Snowscape|[upkeep]
|upkeep
|
|t:|1760884169
|switch|p2a: Ceruledge|Ceruledge, M|100/100
|turn|4
|
|t:|1760884173
|move|p2a: Ceruledge|Swords Dance|p2a: Ceruledge
|-boost|p2a: Ceruledge|atk|2
|move|p1a: Slowking|Sludge Bomb|p2a: Ceruledge
|-resisted|p2a: Ceruledge
|-damage|p2a: Ceruledge|75/100
|
|-weather|Snowscape|[upkeep]
|upkeep
|turn|5
|
|t:|1760884176
|switch|p1a: Dondozo|Dondozo, M|100/100
|move|p2a: Ceruledge|Bitter Blade|p1a: Dondozo
|-resisted|p1a: Dondozo
|-damage|p1a: Dondozo|87/100
|-heal|p2a: Ceruledge|87/100|[from] drain|[of] p1a: Dondozo
|
|-weather|none
|-heal|p1a: Dondozo|93/100|[from] item: Leftovers
|upkeep
|turn|6
|
|t:|1760884184
|switch|p2a: Thundurus|Thundurus-Therian, M|100/100
|switch|p1a: Slowking|Slowking-Galar, M|100/100
|
|upkeep
|turn|7
|
|t:|1760884188
|move|p2a: Thundurus|Focus Blast|p1a: Slowking|[miss]
|-miss|p2a: Thundurus|p1a: Slowking
|move|p1a: Slowking|Sludge Bomb|p2a: Thundurus
|-damage|p2a: Thundurus|36/100
|
|upkeep
|turn|8
|
|t:|1760884194
|switch|p2a: GREAT Bait|Torkoal, F, shiny|45/100
|-weather|SunnyDay|[from] ability: Drought|[of] p2a: GREAT Bait
|move|p1a: Slowking|Sludge Bomb|p2a: GREAT Bait
|-damage|p2a: GREAT Bait|0 fnt
|faint|p2a: GREAT Bait
|
|-weather|SunnyDay|[upkeep]
|upkeep
|
|t:|1760884196
|switch|p2a: Brute Bonnet|Brute Bonnet|100/100
|-activate|p2a: Brute Bonnet|ability: Protosynthesis
|-start|p2a: Brute Bonnet|protosynthesisatk
|turn|9
|j| isaac_gam3r
|inactive|Gen1onlyedgy has 120 seconds left.
|
|t:|1760884248
|switch|p1a: Hawlucha|Hawlucha, F|100/100
|-ability|p1a: Hawlucha|Mold Breaker
|-terastallize|p2a: Brute Bonnet|Fire
|move|p2a: Brute Bonnet|Growth|p2a: Brute Bonnet
|-boost|p2a: Brute Bonnet|atk|2
|-boost|p2a: Brute Bonnet|spa|2
|
|-weather|SunnyDay|[upkeep]
|upkeep
|turn|10
|l| isaac_gam3r
|
|t:|1760884255
|move|p1a: Hawlucha|Flying Press|p2a: Brute Bonnet
|-damage|p2a: Brute Bonnet|75/100
|move|p2a: Brute Bonnet|Tera Blast|p1a: Hawlucha|[anim] Tera Blast Fire
|-damage|p1a: Hawlucha|0 fnt
|faint|p1a: Hawlucha
|
|-weather|SunnyDay|[upkeep]
|upkeep
|inactive|Gen1onlyedgy has 90 seconds left.
|
|t:|1760884285
|switch|p1a: Dragapult|Dragapult, M|100/100
|turn|11
|
|t:|1760884289
|switch|p1a: Slowking|Slowking-Galar, M|100/100
|move|p2a: Brute Bonnet|Sucker Punch||[still]
|-fail|p2a: Brute Bonnet
|
|-weather|SunnyDay|[upkeep]
|upkeep
|turn|12
|
|t:|1760884296
|switch|p1a: Dondozo|Dondozo, M|93/100
|move|p2a: Brute Bonnet|Tera Blast|p1a: Dondozo|[anim] Tera Blast Fire
|-resisted|p1a: Dondozo
|-damage|p1a: Dondozo|67/100
|
|-weather|SunnyDay|[upkeep]
|-heal|p1a: Dondozo|74/100|[from] item: Leftovers
|upkeep
|turn|13
|
|t:|1760884303
|switch|p1a: Slowking|Slowking-Galar, M|100/100
|move|p2a: Brute Bonnet|Bullet Seed|p1a: Slowking
|-resisted|p1a: Slowking
|-damage|p1a: Slowking|82/100
|-resisted|p1a: Slowking
|-damage|p1a: Slowking|63/100
|-resisted|p1a: Slowking
|-damage|p1a: Slowking|45/100
|-resisted|p1a: Slowking
|-damage|p1a: Slowking|27/100
|-resisted|p1a: Slowking
|-damage|p1a: Slowking|8/100
|-hitcount|p1a: Slowking|5
|
|-weather|SunnyDay|[upkeep]
|upkeep
|turn|14
|
|t:|1760884307
|move|p2a: Brute Bonnet|Bullet Seed|p1a: Slowking
|-resisted|p1a: Slowking
|-damage|p1a: Slowking|0 fnt
|faint|p1a: Slowking
|-hitcount|p1: Slowking|1
|
|-weather|SunnyDay|[upkeep]
|upkeep
|
|t:|1760884310
|switch|p1a: Dondozo|Dondozo, M|74/100
|turn|15
|
|t:|1760884312
|-terastallize|p1a: Dondozo|Dark
|move|p2a: Brute Bonnet|Bullet Seed|p1a: Dondozo
|-damage|p1a: Dondozo|62/100
|-damage|p1a: Dondozo|51/100
|-damage|p1a: Dondozo|40/100
|-damage|p1a: Dondozo|29/100
|-hitcount|p1a: Dondozo|4
|move|p1a: Dondozo|Curse|p1a: Dondozo
|-unboost|p1a: Dondozo|spe|1
|-boost|p1a: Dondozo|atk|1
|-boost|p1a: Dondozo|def|1
|
|-weather|none
|-end|p2a: Brute Bonnet|Protosynthesis
|-heal|p1a: Dondozo|36/100|[from] item: Leftovers
|upkeep
|turn|16
|
|t:|1760884317
|move|p2a: Brute Bonnet|Bullet Seed|p1a: Dondozo
|-damage|p1a: Dondozo|30/100
|-damage|p1a: Dondozo|24/100
|-damage|p1a: Dondozo|18/100
|-damage|p1a: Dondozo|13/100
|-hitcount|p1a: Dondozo|4
|move|p1a: Dondozo|Rest|p1a: Dondozo
|-status|p1a: Dondozo|slp|[from] move: Rest
|-heal|p1a: Dondozo|100/100 slp|[silent]
|
|upkeep
|turn|17
|
|t:|1760884327
|-end|p2a: Brute Bonnet|Protosynthesis|[silent]
|switch|p2a: Thundurus|Thundurus-Therian, M|36/100
|cant|p1a: Dondozo|slp
|move|p1a: Dondozo|Sleep Talk|p1a: Dondozo
|move|p1a: Dondozo|Rest||[from] move: Sleep Talk|[still]
|-fail|p1a: Dondozo
|
|upkeep
|turn|18
|
|t:|1760884336
|move|p2a: Thundurus|Grass Knot|p1a: Dondozo
|-damage|p1a: Dondozo|55/100 slp
|cant|p1a: Dondozo|slp
|move|p1a: Dondozo|Sleep Talk|p1a: Dondozo
|move|p1a: Dondozo|Rest||[from] move: Sleep Talk|[still]
|-fail|p1a: Dondozo
|
|-heal|p1a: Dondozo|61/100 slp|[from] item: Leftovers
|upkeep
|turn|19
|
|t:|1760884341
|switch|p1a: Dragapult|Dragapult, M|100/100
|move|p2a: Thundurus|Grass Knot|p1a: Dragapult
|-resisted|p1a: Dragapult
|-damage|p1a: Dragapult|70/100
|
|upkeep
|turn|20
|
|t:|1760884345
|switch|p2a: Ceruledge|Ceruledge, M|87/100
|move|p1a: Dragapult|Dragon Darts|p2a: Ceruledge
|-damage|p2a: Ceruledge|26/100
|-ability|p2a: Ceruledge|Weak Armor|boost
|-unboost|p2a: Ceruledge|def|1
|-boost|p2a: Ceruledge|spe|2
|-anim|p1a: Dragapult|Dragon Darts|p2a: Ceruledge
|-damage|p2a: Ceruledge|0 fnt
|faint|p2a: Ceruledge
|
|upkeep
|
|t:|1760884353
|switch|p2a: Walking Wake|Walking Wake|100/100
|turn|21
|
|t:|1760884359
|move|p1a: Dragapult|Dragon Darts|p2a: Walking Wake
|-supereffective|p2a: Walking Wake
|-damage|p2a: Walking Wake|5/100
|-anim|p1a: Dragapult|Dragon Darts|p2a: Walking Wake
|-supereffective|p2a: Walking Wake
|-damage|p2a: Walking Wake|0 fnt
|faint|p2a: Walking Wake
|-end|p2a: Walking Wake|Protosynthesis|[silent]
|
|upkeep
|
|t:|1760884362
|switch|p2a: Brute Bonnet|Brute Bonnet, tera:Fire|75/100
|turn|22
|
|t:|1760884377
|switch|p1a: Ting-Lu|Ting-Lu|100/100
|-ability|p1a: Ting-Lu|Vessel of Ruin
|-end|p2a: Brute Bonnet|Protosynthesis|[silent]
|switch|p2a: Thundurus|Thundurus-Therian, M|36/100
|
|upkeep
|turn|23
|
|t:|1760884380
|move|p2a: Thundurus|Focus Blast|p1a: Ting-Lu
|-supereffective|p1a: Ting-Lu
|-damage|p1a: Ting-Lu|46/100
|move|p1a: Ting-Lu|Payback|p2a: Thundurus
|-damage|p2a: Thundurus|0 fnt
|faint|p2a: Thundurus
|
|-heal|p1a: Ting-Lu|53/100|[from] item: Leftovers
|upkeep
|
|t:|1760884383
|switch|p2a: Brute Bonnet|Brute Bonnet, tera:Fire|75/100
|turn|24
|
|t:|1760884385
|move|p2a: Brute Bonnet|Bullet Seed|p1a: Ting-Lu
|-supereffective|p1a: Ting-Lu
|-damage|p1a: Ting-Lu|37/100
|-supereffective|p1a: Ting-Lu
|-damage|p1a: Ting-Lu|20/100
|-supereffective|p1a: Ting-Lu
|-damage|p1a: Ting-Lu|5/100
|-supereffective|p1a: Ting-Lu
|-damage|p1a: Ting-Lu|0 fnt
|faint|p1a: Ting-Lu
|-hitcount|p1: Ting-Lu|4
|
|upkeep
|
|t:|1760884388
|switch|p1a: Dondozo|Dondozo, M, tera:Dark|61/100 slp
|turn|25
|
|t:|1760884391
|move|p2a: Brute Bonnet|Bullet Seed|p1a: Dondozo
|-damage|p1a: Dondozo|53/100 slp
|-damage|p1a: Dondozo|44/100 slp
|-damage|p1a: Dondozo|36/100 slp
|-damage|p1a: Dondozo|27/100 slp
|-damage|p1a: Dondozo|19/100 slp
|-hitcount|p1a: Dondozo|5
|-curestatus|p1a: Dondozo|slp|[msg]
|move|p1a: Dondozo|Rest|p1a: Dondozo
|-status|p1a: Dondozo|slp|[from] move: Rest
|-heal|p1a: Dondozo|100/100 slp|[silent]
|
|upkeep
|turn|26
|
|t:|1760884398
|move|p2a: Brute Bonnet|Bullet Seed|p1a: Dondozo
|-damage|p1a: Dondozo|92/100 slp
|-damage|p1a: Dondozo|84/100 slp
|-damage|p1a: Dondozo|75/100 slp
|-damage|p1a: Dondozo|66/100 slp
|-hitcount|p1a: Dondozo|4
|cant|p1a: Dondozo|slp
|move|p1a: Dondozo|Sleep Talk|p1a: Dondozo
|move|p1a: Dondozo|Rest||[from] move: Sleep Talk|[still]
|-fail|p1a: Dondozo
|
|-heal|p1a: Dondozo|72/100 slp|[from] item: Leftovers
|upkeep
|turn|27
|
|t:|1760884400
|move|p2a: Brute Bonnet|Bullet Seed|p1a: Dondozo
|-damage|p1a: Dondozo|63/100 slp
|-damage|p1a: Dondozo|55/100 slp
|-damage|p1a: Dondozo|46/100 slp
|-damage|p1a: Dondozo|37/100 slp
|-crit|p1a: Dondozo
|-damage|p1a: Dondozo|24/100 slp
|-hitcount|p1a: Dondozo|5
|cant|p1a: Dondozo|slp
|move|p1a: Dondozo|Sleep Talk|p1a: Dondozo
|move|p1a: Dondozo|Curse|p1a: Dondozo|[from] move: Sleep Talk
|-unboost|p1a: Dondozo|spe|1
|-boost|p1a: Dondozo|atk|1
|-boost|p1a: Dondozo|def|1
|
|-heal|p1a: Dondozo|30/100 slp|[from] item: Leftovers
|upkeep
|turn|28
|
|t:|1760884406
|move|p2a: Brute Bonnet|Bullet Seed|p1a: Dondozo
|-damage|p1a: Dondozo|25/100 slp
|-damage|p1a: Dondozo|19/100 slp
|-damage|p1a: Dondozo|13/100 slp
|-damage|p1a: Dondozo|7/100 slp
|-hitcount|p1a: Dondozo|4
|-curestatus|p1a: Dondozo|slp|[msg]
|move|p1a: Dondozo|Rest|p1a: Dondozo
|-status|p1a: Dondozo|slp|[from] move: Rest
|-heal|p1a: Dondozo|100/100 slp|[silent]
|
|upkeep
|turn|29
|
|t:|1760884408
|move|p2a: Brute Bonnet|Bullet Seed|p1a: Dondozo
|-damage|p1a: Dondozo|94/100 slp
|-damage|p1a: Dondozo|88/100 slp
|-damage|p1a: Dondozo|83/100 slp
|-damage|p1a: Dondozo|77/100 slp
|-damage|p1a: Dondozo|70/100 slp
|-hitcount|p1a: Dondozo|5
|cant|p1a: Dondozo|slp
|move|p1a: Dondozo|Sleep Talk|p1a: Dondozo
|move|p1a: Dondozo|Curse|p1a: Dondozo|[from] move: Sleep Talk
|-unboost|p1a: Dondozo|spe|1
|-boost|p1a: Dondozo|atk|1
|-boost|p1a: Dondozo|def|1
|
|-heal|p1a: Dondozo|76/100 slp|[from] item: Leftovers
|upkeep
|turn|30
|
|t:|1760884410
|move|p2a: Brute Bonnet|Bullet Seed|p1a: Dondozo
|-damage|p1a: Dondozo|72/100 slp
|-damage|p1a: Dondozo|68/100 slp
|-damage|p1a: Dondozo|63/100 slp
|-damage|p1a: Dondozo|59/100 slp
|-hitcount|p1a: Dondozo|4
|cant|p1a: Dondozo|slp
|move|p1a: Dondozo|Sleep Talk|p1a: Dondozo
|move|p1a: Dondozo|Rest||[from] move: Sleep Talk|[still]
|-fail|p1a: Dondozo
|
|-heal|p1a: Dondozo|65/100 slp|[from] item: Leftovers
|upkeep
|turn|31
|
|t:|1760884413
|move|p2a: Brute Bonnet|Bullet Seed|p1a: Dondozo
|-damage|p1a: Dondozo|60/100 slp
|-damage|p1a: Dondozo|56/100 slp
|-damage|p1a: Dondozo|51/100 slp
|-damage|p1a: Dondozo|47/100 slp
|-damage|p1a: Dondozo|43/100 slp
|-hitcount|p1a: Dondozo|5
|-curestatus|p1a: Dondozo|slp|[msg]
|move|p1a: Dondozo|Liquidation|p2a: Brute Bonnet
|-supereffective|p2a: Brute Bonnet
|-damage|p2a: Brute Bonnet|0 fnt
|faint|p2a: Brute Bonnet
|-end|p2a: Brute Bonnet|Protosynthesis|[silent]
|
|win|Gen1onlyedgy
|raw|Gen1onlyedgy's rating: 1644 &rarr; <strong>1668</strong><br />(+24 for winning)
|raw|go b3yond's rating: 1712 &rarr; <strong>1688</strong><br />(-24 for losing)
|l|☆go b3yond
|player|p2|
