|j|☆darknflylikehonch
|j|☆flyingnematode
|t:|1760850070
|gametype|singles
|player|p1|darknflylikehonch|sage|1306
|player|p2|flyingnematode|266|1336
|gen|9
|tier|[Gen 9] OU
|rated|
|rule|HP Percentage Mod: HP is shown in percentages
|rule|Endless Battle Clause: Forcing endless battles is banned
|rule|Species Clause: Limit one of each Pokémon
|rule|OHKO Clause: OHKO moves are banned
|rule|Evasion Items Clause: Evasion items are banned
|rule|Evasion Moves Clause: Evasion moves are banned
|rule|Evasion Abilities Clause: Evasion abilities are banned
|rule|Sleep Moves Clause: Sleep-inducing moves are banned
|clearpoke
|poke|p1|Gholdengo|
|poke|p1|Ceruledge, F|
|poke|p1|Enamorus, F|
|poke|p1|Ribombee, M|
|poke|p1|Quaquaval, F|
|poke|p1|Iron Treads|
|poke|p2|Garganacl, F|
|poke|p2|Cinderace, M|
|poke|p2|Pelipper, M|
|poke|p2|Barraskewda, M|
|poke|p2|Kingdra, M|
|poke|p2|Zapdos|
|teampreview
|inactive|Battle timer is ON: inactive players will automatically lose when time's up. (requested by darknflylikehonch)
|
|t:|1760850084
|teamsize|p1|6
|teamsize|p2|6
|start
|switch|p1a: Ribombee|Ribombee, M|100/100
|switch|p2a: Barraskewda|Barraskewda, M, shiny|100/100
|turn|1
|
|t:|1760850094
|move|p1a: Ribombee|Sticky Web|p2a: Barraskewda
|-sidestart|p2: flyingnematode|move: Sticky Web
|move|p2a: Barraskewda|Flip Turn|p1a: Ribombee
|-enditem|p1a: Ribombee|Focus Sash
|-damage|p1a: Ribombee|1/100
|
|t:|1760850104
|switch|p2a: Cinderace|Cinderace, M|100/100|[from] Flip Turn
|
|upkeep
|turn|2
|
|t:|1760850123
|move|p1a: Ribombee|Stun Spore|p2a: Cinderace
|-status|p2a: Cinderace|par
|move|p2a: Cinderace|Court Change|p2a: Cinderace
|-start|p2a: Cinderace|typechange|Normal|[from] ability: Libero
|-swapsideconditions
|-activate|p2a: Cinderace|move: Court Change
|
|upkeep
|turn|3
|
|t:|1760850132
|switch|p2a: Garganacl|Garganacl, F|100/100
|move|p1a: Ribombee|Sticky Web|p2a: Garganacl
|-sidestart|p2: flyingnematode|move: Sticky Web
|
|upkeep
|turn|4
|
|t:|1760850137
|move|p1a: Ribombee|Skill Swap|p2a: Garganacl
|-activate|p1a: Ribombee|move: Skill Swap|Purifying Salt|Shield Dust|[of] p2a: Garganacl
|move|p2a: Garganacl|Iron Defense|p2a: Garganacl
|-boost|p2a: Garganacl|def|2
|
|upkeep
|turn|5
|
|t:|1760850147
|switch|p2a: Zapdos|Zapdos|100/100
|move|p1a: Ribombee|Stun Spore|p2a: Zapdos
|-immune|p2a: Zapdos
|
|upkeep
|turn|6
|
|t:|1760850158
|switch|p1a: Iron Treads|Iron Treads|100/100
|-activate|p1a: Iron Treads|move: Sticky Web
|-unboost|p1a: Iron Treads|spe|1
|-enditem|p1a: Iron Treads|Booster Energy
|-activate|p1a: Iron Treads|ability: Quark Drive|[fromitem]
|-start|p1a: Iron Treads|quarkdriveatk
|move|p2a: Zapdos|Volt Switch|p1a: Iron Treads
|-immune|p1a: Iron Treads
|
|upkeep
|turn|7
|
|t:|1760850171
|switch|p2a: Pelipper|Pelipper, M, shiny|100/100
|-weather|RainDance|[from] ability: Drizzle|[of] p2a: Pelipper
|move|p1a: Iron Treads|Rapid Spin|p2a: Pelipper
|-damage|p2a: Pelipper|83/100
|-boost|p1a: Iron Treads|spe|1
|-sideend|p1: darknflylikehonch|Sticky Web|[from] move: Rapid Spin|[of] p1a: Iron Treads
|
|-weather|RainDance|[upkeep]
|upkeep
|turn|8
|inactive|darknflylikehonch has 120 seconds left.
|
|t:|1760850202
|-end|p1a: Iron Treads|Quark Drive|[silent]
|switch|p1a: Gholdengo|Gholdengo|100/100
|-item|p1a: Gholdengo|Air Balloon
|-terastallize|p2a: Pelipper|Ground
|move|p2a: Pelipper|Surf|p1a: Gholdengo
|-damage|p1a: Gholdengo|52/100
|-enditem|p1a: Gholdengo|Air Balloon
|
|-weather|RainDance|[upkeep]
|upkeep
|turn|9
|inactive|darknflylikehonch has 120 seconds left.
|
|t:|1760850214
|move|p1a: Gholdengo|Make It Rain|p2a: Pelipper
|-damage|p2a: Pelipper|0 fnt
|-unboost|p1a: Gholdengo|spa|1
|faint|p2a: Pelipper
|
|-weather|RainDance|[upkeep]
|upkeep
|
|t:|1760850223
|switch|p2a: Barraskewda|Barraskewda, M, shiny|100/100
|-activate|p2a: Barraskewda|move: Sticky Web
|-unboost|p2a: Barraskewda|spe|1
|turn|10
|inactive|darknflylikehonch has 120 seconds left.
|
|t:|1760850247
|switch|p1a: Quaquaval|Quaquaval, F, shiny|100/100
|move|p2a: Barraskewda|Liquidation|p1a: Quaquaval
|-resisted|p1a: Quaquaval
|-damage|p1a: Quaquaval|32/100
|-unboost|p1a: Quaquaval|def|1
|
|-weather|RainDance|[upkeep]
|upkeep
|turn|11
|inactive|darknflylikehonch has 120 seconds left.
|
|t:|1760850258
|move|p2a: Barraskewda|Liquidation|p1a: Quaquaval
|-resisted|p1a: Quaquaval
|-damage|p1a: Quaquaval|0 fnt
|faint|p1a: Quaquaval
|
|-weather|RainDance|[upkeep]
|upkeep
|
|t:|1760850282
|switch|p1a: Ceruledge|Ceruledge, F, shiny|100/100
|turn|12
|
|t:|1760850294
|switch|p2a: Kingdra|Kingdra, M|100/100
|-activate|p2a: Kingdra|move: Sticky Web
|-unboost|p2a: Kingdra|spe|1
|move|p1a: Ceruledge|Poltergeist|p2a: Kingdra
|-activate|p2a: Kingdra|move: Poltergeist|Scope Lens
|-damage|p2a: Kingdra|30/100
|
|-weather|RainDance|[upkeep]
|upkeep
|turn|13
|
|t:|1760850308
|switch|p1a: Ribombee|Ribombee, M|1/100
|move|p2a: Kingdra|Surf|p1a: Ribombee
|-damage|p1a: Ribombee|0 fnt
|faint|p1a: Ribombee
|
|-weather|RainDance|[upkeep]
|upkeep
|inactive|darknflylikehonch has 90 seconds left.
|
|t:|1760850328
|switch|p1a: Gholdengo|Gholdengo|52/100
|turn|14
|inactive|darknflylikehonch has 90 seconds left.
|
|t:|1760850341
|switch|p1a: Iron Treads|Iron Treads|100/100
|move|p2a: Kingdra|Surf|p1a: Iron Treads
|-supereffective|p1a: Iron Treads
|-damage|p1a: Iron Treads|0 fnt
|faint|p1a: Iron Treads
|-end|p1a: Iron Treads|Quark Drive|[silent]
|
|-weather|none
|upkeep
|
|t:|1760850368
|switch|p1a: Enamorus|Enamorus, F|100/100
|turn|15
|inactive|darknflylikehonch has 60 seconds left.
|
|t:|1760850384
|move|p1a: Enamorus|Moonblast|p2a: Kingdra
|-supereffective|p2a: Kingdra
|-damage|p2a: Kingdra|0 fnt
|faint|p2a: Kingdra
|
|upkeep
|
|t:|1760850389
|switch|p2a: Cinderace|Cinderace, M|100/100 par
|turn|16
|
|t:|1760850397
|-terastallize|p1a: Enamorus|Stellar
|move|p1a: Enamorus|Earth Power|p2a: Cinderace
|-supereffective|p2a: Cinderace
|-damage|p2a: Cinderace|8/100 par
|move|p2a: Cinderace|Court Change|p2a: Cinderace
|-start|p2a: Cinderace|typechange|Normal|[from] ability: Libero
|-swapsideconditions
|-activate|p2a: Cinderace|move: Court Change
|
|upkeep
|turn|17
|
|t:|1760850417
|move|p1a: Enamorus|Superpower|p2a: Cinderace
|-supereffective|p2a: Cinderace
|-damage|p2a: Cinderace|0 fnt
|-boost|p1a: Enamorus|atk|1
|-boost|p1a: Enamorus|def|1
|faint|p2a: Cinderace
|
|upkeep
|
|t:|1760850426
|switch|p2a: Zapdos|Zapdos|100/100
|turn|18
|inactive|darknflylikehonch has 60 seconds left.
|
|t:|1760850466
|move|p1a: Enamorus|Moonblast|p2a: Zapdos
|-damage|p2a: Zapdos|10/100
|move|p2a: Zapdos|Volt Switch|p1a: Enamorus
|-supereffective|p1a: Enamorus
|-damage|p1a: Enamorus|0 fnt
|faint|p1a: Enamorus
|
|t:|1760850478
|switch|p2a: Barraskewda|Barraskewda, M, shiny|100/100|[from] Volt Switch
|
|upkeep
|
|t:|1760850484
|switch|p1a: Ceruledge|Ceruledge, F, shiny|100/100
|-activate|p1a: Ceruledge|move: Sticky Web
|-unboost|p1a: Ceruledge|spe|1
|turn|19
|
|t:|1760850492
|move|p2a: Barraskewda|Aqua Jet|p1a: Ceruledge
|-supereffective|p1a: Ceruledge
|-damage|p1a: Ceruledge|7/100
|-ability|p1a: Ceruledge|Weak Armor|boost
|-unboost|p1a: Ceruledge|def|1
|-boost|p1a: Ceruledge|spe|2
|move|p1a: Ceruledge|Poltergeist|p2a: Barraskewda
|-activate|p2a: Barraskewda|move: Poltergeist|Choice Band
|-damage|p2a: Barraskewda|0 fnt
|faint|p2a: Barraskewda
|
|upkeep
|
|t:|1760850504
|switch|p2a: Garganacl|Garganacl, F|100/100
|turn|20
|
|t:|1760850513
|move|p1a: Ceruledge|Bitter Blade|p2a: Garganacl
|-resisted|p2a: Garganacl
|-damage|p2a: Garganacl|85/100
|-heal|p1a: Ceruledge|18/100|[from] drain|[of] p2a: Garganacl
|move|p2a: Garganacl|Salt Cure|p1a: Ceruledge
|-supereffective|p1a: Ceruledge
|-damage|p1a: Ceruledge|0 fnt
|faint|p1a: Ceruledge
|
|-heal|p2a: Garganacl|91/100|[from] item: Leftovers
|upkeep
|
|t:|1760850516
|switch|p1a: Gholdengo|Gholdengo|52/100
|-activate|p1a: Gholdengo|move: Sticky Web
|-unboost|p1a: Gholdengo|spe|1
|turn|21
|
|t:|1760850528
|move|p1a: Gholdengo|Make It Rain|p2a: Garganacl
|-supereffective|p2a: Garganacl
|-damage|p2a: Garganacl|0 fnt
|-unboost|p1a: Gholdengo|spa|1
|faint|p2a: Garganacl
|
|upkeep
|
|t:|1760850535
|switch|p2a: Zapdos|Zapdos|10/100
|turn|22
|
|t:|1760850544
|move|p2a: Zapdos|Volt Switch|p1a: Gholdengo
|-damage|p1a: Gholdengo|10/100
|move|p1a: Gholdengo|Shadow Ball|p2a: Zapdos
|-damage|p2a: Zapdos|0 fnt
|faint|p2a: Zapdos
|
|win|darknflylikehonch
|raw|darknflylikehonch's rating: 1306 &rarr; <strong>1328</strong><br />(+22 for winning)
|raw|flyingnematode's rating: 1336 &rarr; <strong>1314</strong><br />(-22 for losing)
|c|☆darknflylikehonch|gg
|l|☆flyingnematode
|player|p2|
|l|☆darknflylikehonch
|player|p1|
