|j|☆TrapLyf
|j|☆ractars
|t:|1760718748
|gametype|singles
|player|p1|TrapLyf|170|1511
|player|p2|ractars|101|1490
|gen|9
|tier|[Gen 9] OU
|rated|
|rule|HP Percentage Mod: HP is shown in percentages
|rule|Endless Battle Clause: Forcing endless battles is banned
|rule|Species Clause: Limit one of each Pokémon
|rule|OHKO Clause: OHKO moves are banned
|rule|Evasion Items Clause: Evasion items are banned
|rule|Evasion Moves Clause: Evasion moves are banned
|rule|Evasion Abilities Clause: Evasion abilities are banned
|rule|Sleep Moves Clause: Sleep-inducing moves are banned
|clearpoke
|poke|p1|Greninja-*, M|
|poke|p1|Blaziken, F|
|poke|p1|Landorus-Therian, M|
|poke|p1|Kingambit, F|
|poke|p1|Ninetales-Alola, F|
|poke|p1|Dragonite, F|
|poke|p2|Volcanion|
|poke|p2|Garchomp, M|
|poke|p2|Zapdos|
|poke|p2|Metagross|
|poke|p2|Darkrai|
|poke|p2|Mimikyu, F|
|teampreview
|inactive|Battle timer is ON: inactive players will automatically lose when time's up. (requested by ractars)
|
|t:|1760718820
|teamsize|p1|6
|teamsize|p2|6
|start
|switch|p1a: Ninetales|Ninetales-Alola, F|100/100
|switch|p2a: Volcanion|Volcanion|100/100
|-weather|Snowscape|[from] ability: Snow Warning|[of] p1a: Ninetales
|turn|1
|
|t:|1760718844
|move|p1a: Ninetales|Aurora Veil|p1a: Ninetales
|-sidestart|p1: TrapLyf|move: Aurora Veil
|move|p2a: Volcanion|Flamethrower|p1a: Ninetales
|-supereffective|p1a: Ninetales
|-damage|p1a: Ninetales|46/100
|
|-weather|Snowscape|[upkeep]
|upkeep
|turn|2
|
|t:|1760718853
|switch|p1a: Blaziken|Blaziken, F|100/100
|move|p2a: Volcanion|Flamethrower|p1a: Blaziken
|-resisted|p1a: Blaziken
|-damage|p1a: Blaziken|80/100
|
|-weather|Snowscape|[upkeep]
|upkeep
|turn|3
|
|t:|1760718862
|move|p1a: Blaziken|Swords Dance|p1a: Blaziken
|-boost|p1a: Blaziken|atk|2
|move|p2a: Volcanion|Steam Eruption|p1a: Blaziken
|-supereffective|p1a: Blaziken
|-damage|p1a: Blaziken|0 fnt
|faint|p1a: Blaziken
|
|-weather|Snowscape|[upkeep]
|upkeep
|
|t:|1760718867
|switch|p1a: Dragonite|Dragonite, F|100/100
|turn|4
|
|t:|1760718879
|move|p1a: Dragonite|Dragon Dance|p1a: Dragonite
|-boost|p1a: Dragonite|atk|1
|-boost|p1a: Dragonite|spe|1
|move|p2a: Volcanion|Steam Eruption|p1a: Dragonite
|-resisted|p1a: Dragonite
|-damage|p1a: Dragonite|93/100
|
|-weather|Snowscape|[upkeep]
|upkeep
|turn|5
|
|t:|1760718889
|switch|p2a: Mimikyu|Mimikyu, F|100/100
|move|p1a: Dragonite|Dragon Dance|p1a: Dragonite
|-boost|p1a: Dragonite|atk|1
|-boost|p1a: Dragonite|spe|1
|
|-weather|none
|upkeep
|turn|6
|
|t:|1760718899
|-terastallize|p1a: Dragonite|Fairy
|move|p1a: Dragonite|Ice Spinner|p2a: Mimikyu
|-activate|p2a: Mimikyu|ability: Disguise
|-damage|p2a: Mimikyu|100/100
|detailschange|p2a: Mimikyu|Mimikyu-Busted, F
|-damage|p2a: Mimikyu|88/100|[from] pokemon: Mimikyu-Busted
|-enditem|p2a: Mimikyu|Red Card|[of] p1a: Dragonite
|drag|p1a: Greninja|Greninja, M|100/100
|move|p2a: Mimikyu|Swords Dance|p2a: Mimikyu
|-boost|p2a: Mimikyu|atk|2
|
|upkeep
|turn|7
|
|t:|1760718914
|move|p1a: Greninja|Hydro Pump|p2a: Mimikyu
|-damage|p2a: Mimikyu|8/100
|-damage|p1a: Greninja|91/100|[from] item: Life Orb
|move|p2a: Mimikyu|Play Rough|p1a: Greninja
|-supereffective|p1a: Greninja
|-damage|p1a: Greninja|0 fnt
|faint|p1a: Greninja
|
|upkeep
|
|t:|1760718923
|switch|p1a: Landorus|Landorus-Therian, M|100/100
|-ability|p1a: Landorus|Intimidate|boost
|-unboost|p2a: Mimikyu|atk|1
|turn|8
|
|t:|1760718934
|move|p2a: Mimikyu|Play Rough|p1a: Landorus
|-damage|p1a: Landorus|72/100
|-unboost|p1a: Landorus|atk|1
|-damage|p2a: Mimikyu|0 fnt|[from] item: Rocky Helmet|[of] p1a: Landorus
|faint|p2a: Mimikyu
|move|p1a: Landorus|Stealth Rock|p2: Mimikyu
|-sidestart|p2: ractars|move: Stealth Rock
|
|-sideend|p1: TrapLyf|move: Aurora Veil
|upkeep
|
|t:|1760718944
|switch|p2a: Metagross|Metagross|100/100
|-damage|p2a: Metagross|94/100|[from] Stealth Rock
|turn|9
|
|t:|1760718958
|move|p1a: Landorus|Taunt|p2a: Metagross
|-start|p2a: Metagross|move: Taunt
|move|p2a: Metagross|Ice Punch|p1a: Landorus
|-supereffective|p1a: Landorus
|-damage|p1a: Landorus|0 fnt
|-damage|p2a: Metagross|78/100|[from] item: Rocky Helmet|[of] p1a: Landorus
|faint|p1a: Landorus
|
|upkeep
|
|t:|1760718964
|switch|p1a: Ninetales|Ninetales-Alola, F|46/100
|-weather|Snowscape|[from] ability: Snow Warning|[of] p1a: Ninetales
|turn|10
|
|t:|1760718971
|move|p2a: Metagross|Bullet Punch|p1a: Ninetales
|-supereffective|p1a: Ninetales
|-damage|p1a: Ninetales|0 fnt
|faint|p1a: Ninetales
|
|-weather|Snowscape|[upkeep]
|upkeep
|
|t:|1760718976
|switch|p1a: Dragonite|Dragonite, F, tera:Fairy|93/100
|turn|11
|
|t:|1760718980
|move|p2a: Metagross|Bullet Punch|p1a: Dragonite
|-supereffective|p1a: Dragonite
|-damage|p1a: Dragonite|35/100
|move|p1a: Dragonite|Dragon Dance|p1a: Dragonite
|-boost|p1a: Dragonite|atk|1
|-boost|p1a: Dragonite|spe|1
|
|-weather|Snowscape|[upkeep]
|-end|p2a: Metagross|move: Taunt
|upkeep
|turn|12
|
|t:|1760718989
|move|p2a: Metagross|Bullet Punch|p1a: Dragonite
|-supereffective|p1a: Dragonite
|-damage|p1a: Dragonite|0 fnt
|faint|p1a: Dragonite
|
|-weather|Snowscape|[upkeep]
|upkeep
|
|t:|1760718991
|switch|p1a: Kingambit|Kingambit, F|100/100
|-activate|p1a: Kingambit|ability: Supreme Overlord
|-start|p1a: Kingambit|fallen5|[silent]
|turn|13
|
|t:|1760719001
|-terastallize|p2a: Metagross|Water
|move|p2a: Metagross|Earthquake|p1a: Kingambit
|-supereffective|p1a: Kingambit
|-damage|p1a: Kingambit|30/100
|move|p1a: Kingambit|Swords Dance|p1a: Kingambit
|-boost|p1a: Kingambit|atk|2
|
|-weather|Snowscape|[upkeep]
|upkeep
|turn|14
|
|t:|1760719010
|move|p1a: Kingambit|Sucker Punch|p2a: Metagross
|-damage|p2a: Metagross|0 fnt
|faint|p2a: Metagross
|
|-weather|none
|upkeep
|
|t:|1760719016
|switch|p2a: Garchomp|Garchomp, M|100/100
|-damage|p2a: Garchomp|94/100|[from] Stealth Rock
|turn|15
|
|t:|1760719022
|move|p2a: Garchomp|Earthquake|p1a: Kingambit
|-supereffective|p1a: Kingambit
|-damage|p1a: Kingambit|0 fnt
|faint|p1a: Kingambit
|-end|p1a: Kingambit|fallen5|[silent]
|
|win|ractars
|raw|TrapLyf's rating: 1511 &rarr; <strong>1490</strong><br />(-21 for losing)
|raw|ractars's rating: 1490 &rarr; <strong>1511</strong><br />(+21 for winning)
|l|☆TrapLyf
|player|p1|
|l|☆ractars
|player|p2|
