|j|☆carbonlifeformmeme
|j|☆asphyxiuh
|t:|1760815588
|gametype|singles
|player|p1|carbonlifeformmeme|2|1407
|player|p2|asphyxiuh|n-masters|1346
|gen|9
|tier|[Gen 9] OU
|rated|
|rule|HP Percentage Mod: HP is shown in percentages
|rule|Endless Battle Clause: Forcing endless battles is banned
|rule|Species Clause: Limit one of each Pokémon
|rule|OHKO Clause: OHKO moves are banned
|rule|Evasion Items Clause: Evasion items are banned
|rule|Evasion Moves Clause: Evasion moves are banned
|rule|Evasion Abilities Clause: Evasion abilities are banned
|rule|Sleep Moves Clause: Sleep-inducing moves are banned
|clearpoke
|poke|p1|Iron Hands|
|poke|p1|Alomomola, F|
|poke|p1|Hatterene, F|
|poke|p1|Cinderace, M|
|poke|p1|Deoxys-Speed|
|poke|p1|Dragonite, F|
|poke|p2|Bellibolt, F|
|poke|p2|Rillaboom, M|
|poke|p2|Alomomola, F|
|poke|p2|Tinkaton, F|
|poke|p2|Great Tusk|
|poke|p2|Dragapult, M|
|teampreview
|inactive|Battle timer is ON: inactive players will automatically lose when time's up. (requested by asphyxiuh)
|c|☆carbonlifeformmeme|glhf
|c|☆asphyxiuh|hf
|inactive|asphyxiuh has 120 seconds left.
|
|t:|1760815634
|teamsize|p1|6
|teamsize|p2|6
|start
|switch|p1a: Cinderace|Cinderace, M|100/100
|switch|p2a: METRO BOOMER|Rillaboom, M|100/100
|-fieldstart|move: Grassy Terrain|[from] ability: Grassy Surge|[of] p2a: METRO BOOMER
|turn|1
|
|t:|1760815652
|switch|p2a: SHAMONEAMOLA|Alomomola, F|100/100
|move|p1a: Cinderace|Pyro Ball|p2a: SHAMONEAMOLA
|-resisted|p2a: SHAMONEAMOLA
|-damage|p2a: SHAMONEAMOLA|86/100
|
|-heal|p2a: SHAMONEAMOLA|92/100|[from] Grassy Terrain
|upkeep
|turn|2
|inactive|asphyxiuh has 120 seconds left.
|
|t:|1760815683
|switch|p1a: Alomomola|Alomomola, F|100/100
|move|p2a: SHAMONEAMOLA|Flip Turn|p1a: Alomomola
|-resisted|p1a: Alomomola
|-damage|p1a: Alomomola|95/100
|-damage|p2a: SHAMONEAMOLA|76/100|[from] item: Rocky Helmet|[of] p1a: Alomomola
|inactive|asphyxiuh has 120 seconds left.
|
|t:|1760815688
|switch|p2a: METRO BOOMER|Rillaboom, M|100/100|[from] Flip Turn
|
|-heal|p1a: Alomomola|100/100|[from] Grassy Terrain
|upkeep
|turn|3
|
|t:|1760815703
|move|p2a: METRO BOOMER|Wood Hammer|p1a: Alomomola
|-supereffective|p1a: Alomomola
|-damage|p1a: Alomomola|0 fnt
|-damage|p2a: METRO BOOMER|84/100|[from] item: Rocky Helmet|[of] p1a: Alomomola
|faint|p1a: Alomomola
|-damage|p2a: METRO BOOMER|38/100|[from] Recoil
|
|-heal|p2a: METRO BOOMER|44/100|[from] Grassy Terrain
|upkeep
|
|t:|1760815711
|switch|p1a: Cinderace|Cinderace, M|100/100
|turn|4
|
|t:|1760815720
|switch|p2a: SHAMONEAMOLA|Alomomola, F|100/100
|move|p1a: Cinderace|U-turn|p2a: SHAMONEAMOLA
|-start|p1a: Cinderace|typechange|Bug|[from] ability: Libero
|-damage|p2a: SHAMONEAMOLA|84/100
|
|t:|1760815726
|switch|p1a: Iron Hands|Iron Hands|100/100|[from] U-turn
|
|-heal|p2a: SHAMONEAMOLA|91/100|[from] Grassy Terrain
|upkeep
|turn|5
|
|t:|1760815740
|switch|p2a: ASAC TANK SCHRADER|Great Tusk|100/100
|move|p1a: Iron Hands|Swords Dance|p1a: Iron Hands
|-boost|p1a: Iron Hands|atk|2
|
|-fieldend|move: Grassy Terrain
|upkeep
|turn|6
|
|t:|1760815747
|move|p2a: ASAC TANK SCHRADER|Headlong Rush|p1a: Iron Hands
|-supereffective|p1a: Iron Hands
|-enditem|p1a: Iron Hands|Shuca Berry|[eat]
|-enditem|p1a: Iron Hands|Shuca Berry|[weaken]
|-damage|p1a: Iron Hands|64/100
|-unboost|p2a: ASAC TANK SCHRADER|def|1
|-unboost|p2a: ASAC TANK SCHRADER|spd|1
|move|p1a: Iron Hands|Drain Punch|p2a: ASAC TANK SCHRADER
|-damage|p2a: ASAC TANK SCHRADER|12/100
|-heal|p1a: Iron Hands|99/100|[from] drain|[of] p2a: ASAC TANK SCHRADER
|
|upkeep
|turn|7
|
|t:|1760815759
|-end|p1a: Iron Hands|Quark Drive|[silent]
|switch|p1a: Hatterene|Hatterene, F|100/100
|move|p2a: ASAC TANK SCHRADER|Headlong Rush|p1a: Hatterene
|-damage|p1a: Hatterene|44/100
|-unboost|p2a: ASAC TANK SCHRADER|def|1
|-unboost|p2a: ASAC TANK SCHRADER|spd|1
|
|-heal|p1a: Hatterene|50/100|[from] item: Leftovers
|upkeep
|turn|8
|
|t:|1760815770
|switch|p1a: Dragonite|Dragonite, F|100/100
|move|p2a: ASAC TANK SCHRADER|Ice Spinner|p1a: Dragonite
|-supereffective|p1a: Dragonite
|-damage|p1a: Dragonite|39/100
|
|upkeep
|turn|9
|
|t:|1760815780
|-end|p2a: ASAC TANK SCHRADER|Protosynthesis|[silent]
|switch|p2a: NIGHTWING|Dragapult, M|100/100
|switch|p1a: Deoxys|Deoxys-Speed|100/100
|-ability|p1a: Deoxys|Pressure
|
|upkeep
|turn|10
|
|t:|1760815791
|move|p1a: Deoxys|Psycho Boost|p2a: NIGHTWING
|-damage|p2a: NIGHTWING|0 fnt
|-unboost|p1a: Deoxys|spa|2
|faint|p2a: NIGHTWING
|-damage|p1a: Deoxys|91/100|[from] item: Life Orb
|
|upkeep
|
|t:|1760815816
|switch|p2a: METRO BOOMER|Rillaboom, M|44/100
|-fieldstart|move: Grassy Terrain|[from] ability: Grassy Surge|[of] p2a: METRO BOOMER
|turn|11
|
|t:|1760815823
|switch|p1a: Dragonite|Dragonite, F|39/100
|move|p2a: METRO BOOMER|Knock Off|p1a: Dragonite
|-damage|p1a: Dragonite|0 fnt
|-enditem|p1a: Dragonite|Choice Band|[from] move: Knock Off|[of] p2a: METRO BOOMER
|faint|p1a: Dragonite
|
|-heal|p2a: METRO BOOMER|50/100|[from] Grassy Terrain
|upkeep
|
|t:|1760815833
|switch|p1a: Cinderace|Cinderace, M|100/100
|turn|12
|
|t:|1760815838
|switch|p2a: SHAMONEAMOLA|Alomomola, F|100/100
|move|p1a: Cinderace|U-turn|p2a: SHAMONEAMOLA
|-start|p1a: Cinderace|typechange|Bug|[from] ability: Libero
|-damage|p2a: SHAMONEAMOLA|84/100
|
|t:|1760815844
|switch|p1a: Iron Hands|Iron Hands|99/100|[from] U-turn
|
|-heal|p1a: Iron Hands|100/100|[from] Grassy Terrain
|-heal|p2a: SHAMONEAMOLA|90/100|[from] Grassy Terrain
|upkeep
|turn|13
|
|t:|1760815853
|-end|p1a: Iron Hands|Quark Drive|[silent]
|switch|p1a: Hatterene|Hatterene, F|50/100
|move|p2a: SHAMONEAMOLA|Flip Turn|p1a: Hatterene
|-damage|p1a: Hatterene|34/100
|
|t:|1760815865
|switch|p2a: METRO BOOMER|Rillaboom, M|50/100|[from] Flip Turn
|
|-heal|p2a: METRO BOOMER|56/100|[from] Grassy Terrain
|-heal|p1a: Hatterene|40/100|[from] Grassy Terrain
|-heal|p1a: Hatterene|46/100|[from] item: Leftovers
|upkeep
|turn|14
|
|t:|1760815873
|move|p2a: METRO BOOMER|High Horsepower|p1a: Hatterene
|-damage|p1a: Hatterene|0 fnt
|faint|p1a: Hatterene
|
|-heal|p2a: METRO BOOMER|63/100|[from] Grassy Terrain
|upkeep
|
|t:|1760815880
|switch|p1a: Deoxys|Deoxys-Speed|91/100
|-ability|p1a: Deoxys|Pressure
|turn|15
|
|t:|1760815889
|switch|p2a: RAGNAROK|Tinkaton, F|100/100
|-item|p2a: RAGNAROK|Air Balloon
|move|p1a: Deoxys|Nasty Plot|p1a: Deoxys
|-boost|p1a: Deoxys|spa|2
|
|-heal|p1a: Deoxys|97/100|[from] Grassy Terrain
|-fieldend|move: Grassy Terrain
|upkeep
|turn|16
|
|t:|1760815898
|-terastallize|p1a: Deoxys|Electric
|move|p1a: Deoxys|Thunderbolt|p2a: RAGNAROK
|-damage|p2a: RAGNAROK|33/100
|-enditem|p2a: RAGNAROK|Air Balloon
|-damage|p1a: Deoxys|87/100|[from] item: Life Orb
|move|p2a: RAGNAROK|Thunder Wave|p1a: Deoxys
|-immune|p1a: Deoxys
|
|upkeep
|turn|17
|
|t:|1760815908
|move|p1a: Deoxys|Thunderbolt|p2a: RAGNAROK
|-damage|p2a: RAGNAROK|0 fnt
|faint|p2a: RAGNAROK
|-damage|p1a: Deoxys|77/100|[from] item: Life Orb
|
|upkeep
|
|t:|1760815916
|switch|p2a: METRO BOOMER|Rillaboom, M|63/100
|-fieldstart|move: Grassy Terrain|[from] ability: Grassy Surge|[of] p2a: METRO BOOMER
|turn|18
|
|t:|1760815920
|switch|p1a: Cinderace|Cinderace, M|100/100
|move|p2a: METRO BOOMER|Grassy Glide|p1a: Cinderace
|-resisted|p1a: Cinderace
|-damage|p1a: Cinderace|63/100
|
|-heal|p1a: Cinderace|69/100|[from] Grassy Terrain
|-heal|p2a: METRO BOOMER|69/100|[from] Grassy Terrain
|upkeep
|turn|19
|
|t:|1760815929
|switch|p2a: SHAMONEAMOLA|Alomomola, F|100/100
|move|p1a: Cinderace|Will-O-Wisp|p2a: SHAMONEAMOLA
|-status|p2a: SHAMONEAMOLA|brn
|
|-heal|p1a: Cinderace|75/100|[from] Grassy Terrain
|-damage|p2a: SHAMONEAMOLA|94/100 brn|[from] brn
|upkeep
|turn|20
|
|t:|1760815940
|move|p1a: Cinderace|U-turn|p2a: SHAMONEAMOLA
|-start|p1a: Cinderace|typechange|Bug|[from] ability: Libero
|-damage|p2a: SHAMONEAMOLA|77/100 brn
|
|t:|1760815943
|switch|p1a: Deoxys|Deoxys-Speed, tera:Electric|77/100|[from] U-turn
|-ability|p1a: Deoxys|Pressure
|move|p2a: SHAMONEAMOLA|Flip Turn|p1a: Deoxys
|-damage|p1a: Deoxys|67/100
|
|t:|1760815950
|switch|p2a: METRO BOOMER|Rillaboom, M|69/100|[from] Flip Turn
|
|-heal|p1a: Deoxys|73/100|[from] Grassy Terrain
|-heal|p2a: METRO BOOMER|75/100|[from] Grassy Terrain
|upkeep
|turn|21
|
|t:|1760815956
|move|p2a: METRO BOOMER|Grassy Glide|p1a: Deoxys
|-damage|p1a: Deoxys|0 fnt
|faint|p1a: Deoxys
|
|-heal|p2a: METRO BOOMER|81/100|[from] Grassy Terrain
|upkeep
|
|t:|1760815962
|switch|p1a: Iron Hands|Iron Hands|100/100
|turn|22
|
|t:|1760815969
|switch|p2a: Hasan's dog|Bellibolt, F|100/100
|move|p1a: Iron Hands|Swords Dance|p1a: Iron Hands
|-boost|p1a: Iron Hands|atk|2
|
|-fieldend|move: Grassy Terrain
|upkeep
|turn|23
|
|t:|1760815978
|move|p1a: Iron Hands|Drain Punch|p2a: Hasan's dog
|-damage|p2a: Hasan's dog|25/100
|-start|p2a: Hasan's dog|Charge|Drain Punch|[from] ability: Electromorphosis
|move|p2a: Hasan's dog|Toxic|p1a: Iron Hands
|-status|p1a: Iron Hands|tox
|
|-damage|p1a: Iron Hands|94/100 tox|[from] psn
|upkeep
|turn|24
|
|t:|1760815992
|switch|p2a: SHAMONEAMOLA|Alomomola, F|100/100 brn
|move|p1a: Iron Hands|Drain Punch|p2a: SHAMONEAMOLA
|-damage|p2a: SHAMONEAMOLA|49/100 brn
|-heal|p1a: Iron Hands|100/100 tox|[from] drain|[of] p2a: SHAMONEAMOLA
|
|-damage|p1a: Iron Hands|88/100 tox|[from] psn
|-damage|p2a: SHAMONEAMOLA|43/100 brn|[from] brn
|upkeep
|turn|25
|
|t:|1760816001
|move|p1a: Iron Hands|Drain Punch|p2a: SHAMONEAMOLA
|-damage|p2a: SHAMONEAMOLA|0 fnt
|-heal|p1a: Iron Hands|100/100 tox|[from] drain|[of] p2a: SHAMONEAMOLA
|faint|p2a: SHAMONEAMOLA
|
|-damage|p1a: Iron Hands|82/100 tox|[from] psn
|upkeep
|
|t:|1760816009
|switch|p2a: ASAC TANK SCHRADER|Great Tusk|12/100
|turn|26
|
|t:|1760816014
|move|p2a: ASAC TANK SCHRADER|Headlong Rush|p1a: Iron Hands
|-supereffective|p1a: Iron Hands
|-damage|p1a: Iron Hands|11/100 tox
|-unboost|p2a: ASAC TANK SCHRADER|def|1
|-unboost|p2a: ASAC TANK SCHRADER|spd|1
|move|p1a: Iron Hands|Drain Punch|p2a: ASAC TANK SCHRADER
|-damage|p2a: ASAC TANK SCHRADER|0 fnt
|-heal|p1a: Iron Hands|15/100 tox|[from] drain|[of] p2a: ASAC TANK SCHRADER
|faint|p2a: ASAC TANK SCHRADER
|-end|p2a: ASAC TANK SCHRADER|Protosynthesis|[silent]
|
|-damage|p1a: Iron Hands|0 fnt|[from] psn
|faint|p1a: Iron Hands
|-end|p1a: Iron Hands|Quark Drive|[silent]
|upkeep
|
|t:|1760816026
|switch|p2a: Hasan's dog|Bellibolt, F|25/100
|switch|p1a: Cinderace|Cinderace, M|75/100
|turn|27
|
|t:|1760816031
|move|p1a: Cinderace|Pyro Ball|p2a: Hasan's dog
|-damage|p2a: Hasan's dog|0 fnt
|faint|p2a: Hasan's dog
|
|upkeep
|
|t:|1760816033
|switch|p2a: METRO BOOMER|Rillaboom, M|81/100
|-fieldstart|move: Grassy Terrain|[from] ability: Grassy Surge|[of] p2a: METRO BOOMER
|turn|28
|
|t:|1760816038
|-terastallize|p2a: METRO BOOMER|Grass
|move|p2a: METRO BOOMER|Grassy Glide|p1a: Cinderace
|-resisted|p1a: Cinderace
|-damage|p1a: Cinderace|27/100
|move|p1a: Cinderace|Will-O-Wisp|p2a: METRO BOOMER
|-status|p2a: METRO BOOMER|brn
|
|-heal|p1a: Cinderace|33/100|[from] Grassy Terrain
|-heal|p2a: METRO BOOMER|87/100 brn|[from] Grassy Terrain
|-damage|p2a: METRO BOOMER|81/100 brn|[from] brn
|upkeep
|turn|29
|
|t:|1760816049
|move|p2a: METRO BOOMER|Grassy Glide|p1a: Cinderace
|-resisted|p1a: Cinderace
|-damage|p1a: Cinderace|11/100
|move|p1a: Cinderace|Pyro Ball|p2a: METRO BOOMER
|-supereffective|p2a: METRO BOOMER
|-damage|p2a: METRO BOOMER|0 fnt
|faint|p2a: METRO BOOMER
|
|win|carbonlifeformmeme
|raw|carbonlifeformmeme's rating: 1407 &rarr; <strong>1424</strong><br />(+17 for winning)
|raw|asphyxiuh's rating: 1346 &rarr; <strong>1329</strong><br />(-17 for losing)
|l|☆asphyxiuh
|player|p2|
|l|☆carbonlifeformmeme
|player|p1|
