|j|☆Hybbridd
|j|☆XDOOL
|t:|1760821510
|gametype|singles
|player|p1|Hybbridd|170|1482
|player|p2|XDOOL|fisherman|1447
|gen|9
|tier|[Gen 9] OU
|rated|
|rule|HP Percentage Mod: HP is shown in percentages
|rule|Endless Battle Clause: Forcing endless battles is banned
|rule|Species Clause: Limit one of each Pokémon
|rule|OHKO Clause: OHKO moves are banned
|rule|Evasion Items Clause: Evasion items are banned
|rule|Evasion Moves Clause: Evasion moves are banned
|rule|Evasion Abilities Clause: Evasion abilities are banned
|rule|Sleep Moves Clause: Sleep-inducing moves are banned
|clearpoke
|poke|p1|Landorus-Therian, M|
|poke|p1|Samurott-Hisui, F|
|poke|p1|Pecharunt|
|poke|p1|Scizor, M|
|poke|p1|Latios, M|
|poke|p1|Zamazenta-*|
|poke|p2|Meloetta|
|poke|p2|Alomomola, M|
|poke|p2|Gholdengo|
|poke|p2|Garganacl, M|
|poke|p2|Samurott-Hisui, M|
|poke|p2|Great Tusk|
|teampreview
|
|t:|1760821538
|teamsize|p1|6
|teamsize|p2|6
|start
|switch|p1a: Landorus|Landorus-Therian, M|100/100
|switch|p2a: Meloetta|Meloetta|100/100
|-ability|p1a: Landorus|Intimidate|boost
|-unboost|p2a: Meloetta|atk|1
|turn|1
|
|t:|1760821551
|move|p1a: Landorus|U-turn|p2a: Meloetta
|-supereffective|p2a: Meloetta
|-damage|p2a: Meloetta|53/100
|
|t:|1760821554
|switch|p1a: Pecharunt|Pecharunt|100/100|[from] U-turn
|move|p2a: Meloetta|Psychic|p1a: Pecharunt
|-supereffective|p1a: Pecharunt
|-damage|p1a: Pecharunt|13/100
|-unboost|p1a: Pecharunt|spd|1
|
|upkeep
|turn|2
|
|t:|1760821563
|switch|p1a: Landorus|Landorus-Therian, M|100/100
|-ability|p1a: Landorus|Intimidate|boost
|-unboost|p2a: Meloetta|atk|1
|move|p2a: Meloetta|Knock Off|p1a: Landorus
|-damage|p1a: Landorus|93/100
|-damage|p2a: Meloetta|36/100|[from] item: Rocky Helmet|[of] p1a: Landorus
|-enditem|p1a: Landorus|Rocky Helmet|[from] move: Knock Off|[of] p2a: Meloetta
|
|upkeep
|turn|3
|
|t:|1760821577
|switch|p2a: Garganacl|Garganacl, M|100/100
|move|p1a: Landorus|U-turn|p2a: Garganacl
|-damage|p2a: Garganacl|85/100
|
|t:|1760821586
|switch|p1a: Latios|Latios, M|100/100|[from] U-turn
|
|-heal|p2a: Garganacl|91/100|[from] item: Leftovers
|upkeep
|turn|4
|
|t:|1760821597
|move|p1a: Latios|Psychic Noise|p2a: Garganacl
|-damage|p2a: Garganacl|58/100
|-start|p2a: Garganacl|move: Heal Block
|move|p2a: Garganacl|Salt Cure|p1a: Latios
|-damage|p1a: Latios|82/100
|-start|p1a: Latios|Salt Cure
|
|-damage|p1a: Latios|69/100|[from] Salt Cure
|upkeep
|turn|5
|
|t:|1760821633
|switch|p2a: Meloetta|Meloetta|36/100
|move|p1a: Latios|Draco Meteor|p2a: Meloetta
|-damage|p2a: Meloetta|0 fnt
|-unboost|p1a: Latios|spa|2
|faint|p2a: Meloetta
|
|-damage|p1a: Latios|57/100|[from] Salt Cure
|upkeep
|
|t:|1760821639
|switch|p2a: Samurott|Samurott-Hisui, M|100/100
|turn|6
|
|t:|1760821643
|switch|p1a: Samurott|Samurott-Hisui, F|100/100
|move|p2a: Samurott|Ceaseless Edge|p1a: Samurott
|-resisted|p1a: Samurott
|-damage|p1a: Samurott|71/100
|-sidestart|p1: Hybbridd|Spikes
|
|upkeep
|turn|7
|
|t:|1760821645
|move|p2a: Samurott|Ceaseless Edge|p1a: Samurott
|-resisted|p1a: Samurott
|-damage|p1a: Samurott|46/100
|-sidestart|p1: Hybbridd|Spikes
|move|p1a: Samurott|Ceaseless Edge|p2a: Samurott
|-resisted|p2a: Samurott
|-damage|p2a: Samurott|70/100
|-sidestart|p2: XDOOL|Spikes
|
|upkeep
|turn|8
|
|t:|1760821648
|move|p2a: Samurott|Ceaseless Edge|p1a: Samurott
|-resisted|p1a: Samurott
|-damage|p1a: Samurott|17/100
|-sidestart|p1: Hybbridd|Spikes
|move|p1a: Samurott|Ceaseless Edge|p2a: Samurott
|-resisted|p2a: Samurott
|-damage|p2a: Samurott|40/100
|-sidestart|p2: XDOOL|Spikes
|
|upkeep
|turn|9
|
|t:|1760821653
|move|p2a: Samurott|Knock Off|p1a: Samurott
|-resisted|p1a: Samurott
|-damage|p1a: Samurott|0 fnt
|-enditem|p1a: Samurott|Assault Vest|[from] move: Knock Off|[of] p2a: Samurott
|faint|p1a: Samurott
|
|upkeep
|
|t:|1760821655
|switch|p1a: Landorus|Landorus-Therian, M|93/100
|-ability|p1a: Landorus|Intimidate|boost
|-unboost|p2a: Samurott|atk|1
|turn|10
|
|t:|1760821681
|switch|p2a: Great Tusk|Great Tusk|100/100
|move|p1a: Landorus|U-turn|p2a: Great Tusk
|-resisted|p2a: Great Tusk
|-damage|p2a: Great Tusk|92/100
|
|t:|1760821687
|switch|p1a: Pecharunt|Pecharunt|13/100|[from] U-turn
|
|upkeep
|turn|11
|
|t:|1760821696
|move|p1a: Pecharunt|Parting Shot|p2a: Great Tusk
|-unboost|p2a: Great Tusk|atk|1
|-unboost|p2a: Great Tusk|spa|1
|
|t:|1760821698
|switch|p1a: Landorus|Landorus-Therian, M|93/100|[from] Parting Shot
|-ability|p1a: Landorus|Intimidate|boost
|-unboost|p2a: Great Tusk|atk|1
|move|p2a: Great Tusk|Knock Off|p1a: Landorus
|-damage|p1a: Landorus|81/100
|
|upkeep
|turn|12
|
|t:|1760821701
|move|p1a: Landorus|U-turn|p2a: Great Tusk
|-resisted|p2a: Great Tusk
|-damage|p2a: Great Tusk|84/100
|
|t:|1760821703
|switch|p1a: Pecharunt|Pecharunt|13/100|[from] U-turn
|move|p2a: Great Tusk|Rapid Spin|p1a: Pecharunt
|-immune|p1a: Pecharunt
|
|upkeep
|turn|13
|
|t:|1760821708
|move|p1a: Pecharunt|Recover|p1a: Pecharunt
|-heal|p1a: Pecharunt|63/100
|move|p2a: Great Tusk|Knock Off|p1a: Pecharunt
|-supereffective|p1a: Pecharunt
|-damage|p1a: Pecharunt|44/100
|-enditem|p1a: Pecharunt|Heavy-Duty Boots|[from] move: Knock Off|[of] p2a: Great Tusk
|
|upkeep
|turn|14
|
|t:|1760821716
|-end|p2a: Great Tusk|Protosynthesis|[silent]
|switch|p2a: Gholdengo|Gholdengo|100/100
|-item|p2a: Gholdengo|Air Balloon
|move|p1a: Pecharunt|Recover|p1a: Pecharunt
|-heal|p1a: Pecharunt|94/100
|
|upkeep
|turn|15
|
|t:|1760821734
|move|p1a: Pecharunt|Shadow Ball|p2a: Gholdengo
|-supereffective|p2a: Gholdengo
|-damage|p2a: Gholdengo|51/100
|-enditem|p2a: Gholdengo|Air Balloon
|move|p2a: Gholdengo|Shadow Ball|p1a: Pecharunt
|-supereffective|p1a: Pecharunt
|-damage|p1a: Pecharunt|24/100
|
|upkeep
|turn|16
|
|t:|1760821742
|move|p1a: Pecharunt|Shadow Ball|p2a: Gholdengo
|-supereffective|p2a: Gholdengo
|-damage|p2a: Gholdengo|4/100
|-unboost|p2a: Gholdengo|spd|1
|move|p2a: Gholdengo|Recover|p2a: Gholdengo
|-heal|p2a: Gholdengo|54/100
|
|upkeep
|turn|17
|
|t:|1760821748
|switch|p2a: Garganacl|Garganacl, M|58/100
|-damage|p2a: Garganacl|42/100|[from] Spikes
|move|p1a: Pecharunt|Shadow Ball|p2a: Garganacl
|-damage|p2a: Garganacl|34/100
|
|-heal|p2a: Garganacl|40/100|[from] item: Leftovers
|upkeep
|turn|18
|
|t:|1760821755
|move|p1a: Pecharunt|Recover|p1a: Pecharunt
|-heal|p1a: Pecharunt|74/100
|move|p2a: Garganacl|Recover|p2a: Garganacl
|-heal|p2a: Garganacl|90/100
|
|-heal|p2a: Garganacl|96/100|[from] item: Leftovers
|upkeep
|turn|19
|
|t:|1760821758
|move|p1a: Pecharunt|Parting Shot|p2a: Garganacl
|-unboost|p2a: Garganacl|atk|1
|-unboost|p2a: Garganacl|spa|1
|
|t:|1760821759
|switch|p1a: Landorus|Landorus-Therian, M|81/100|[from] Parting Shot
|-ability|p1a: Landorus|Intimidate|boost
|-unboost|p2a: Garganacl|atk|1
|move|p2a: Garganacl|Stealth Rock|p1a: Landorus
|-sidestart|p1: Hybbridd|move: Stealth Rock
|
|-heal|p2a: Garganacl|100/100|[from] item: Leftovers
|upkeep
|turn|20
|
|t:|1760821765
|move|p1a: Landorus|Earthquake|p2a: Garganacl
|-supereffective|p2a: Garganacl
|-damage|p2a: Garganacl|41/100
|move|p2a: Garganacl|Salt Cure|p1a: Landorus
|-damage|p1a: Landorus|74/100
|-start|p1a: Landorus|Salt Cure
|
|-heal|p2a: Garganacl|47/100|[from] item: Leftovers
|-damage|p1a: Landorus|62/100|[from] Salt Cure
|upkeep
|turn|21
|
|t:|1760821769
|switch|p2a: Alomomola|Alomomola, M|100/100
|move|p1a: Landorus|Stealth Rock|p2a: Alomomola
|-sidestart|p2: XDOOL|move: Stealth Rock
|
|-damage|p1a: Landorus|49/100|[from] Salt Cure
|upkeep
|turn|22
|
|t:|1760821777
|switch|p1a: Latios|Latios, M|57/100
|-damage|p1a: Latios|45/100|[from] Stealth Rock
|move|p2a: Alomomola|Wish|p2a: Alomomola
|
|upkeep
|turn|23
|
|t:|1760821784
|move|p1a: Latios|Draco Meteor|p2a: Alomomola
|-crit|p2a: Alomomola
|-damage|p2a: Alomomola|0 fnt
|-unboost|p1a: Latios|spa|2
|faint|p2a: Alomomola
|
|upkeep
|
|t:|1760821800
|switch|p2a: Great Tusk|Great Tusk|84/100
|turn|24
|
|t:|1760821810
|switch|p1a: Pecharunt|Pecharunt|74/100
|-damage|p1a: Pecharunt|49/100|[from] Spikes
|-damage|p1a: Pecharunt|37/100|[from] Stealth Rock
|-terastallize|p2a: Great Tusk|Dark
|move|p2a: Great Tusk|Knock Off|p1a: Pecharunt
|-supereffective|p1a: Pecharunt
|-damage|p1a: Pecharunt|0 fnt
|faint|p1a: Pecharunt
|
|upkeep
|
|t:|1760821813
|switch|p1a: Zamazenta|Zamazenta|100/100
|-damage|p1a: Zamazenta|75/100|[from] Spikes
|-damage|p1a: Zamazenta|69/100|[from] Stealth Rock
|-ability|p1a: Zamazenta|Dauntless Shield|boost
|-boost|p1a: Zamazenta|def|1
|turn|25
|
|t:|1760821819
|move|p1a: Zamazenta|Body Press|p2a: Great Tusk
|-supereffective|p2a: Great Tusk
|-damage|p2a: Great Tusk|0 fnt
|faint|p2a: Great Tusk
|-end|p2a: Great Tusk|Protosynthesis|[silent]
|
|-heal|p1a: Zamazenta|75/100|[from] item: Leftovers
|upkeep
|
|t:|1760821826
|switch|p2a: Gholdengo|Gholdengo|54/100
|-damage|p2a: Gholdengo|37/100|[from] Spikes
|-damage|p2a: Gholdengo|31/100|[from] Stealth Rock
|turn|26
|
|t:|1760821836
|move|p1a: Zamazenta|Crunch|p2a: Gholdengo
|-supereffective|p2a: Gholdengo
|-damage|p2a: Gholdengo|2/100
|move|p2a: Gholdengo|Recover|p2a: Gholdengo
|-heal|p2a: Gholdengo|52/100
|
|-heal|p1a: Zamazenta|82/100|[from] item: Leftovers
|upkeep
|turn|27
|
|t:|1760821842
|switch|p1a: Landorus|Landorus-Therian, M|49/100
|-damage|p1a: Landorus|37/100|[from] Stealth Rock
|-ability|p1a: Landorus|Intimidate|boost
|-unboost|p2a: Gholdengo|atk|1
|move|p2a: Gholdengo|Recover|p2a: Gholdengo
|-heal|p2a: Gholdengo|100/100
|
|upkeep
|turn|28
|
|t:|1760821852
|switch|p2a: Samurott|Samurott-Hisui, M|40/100
|-damage|p2a: Samurott|23/100|[from] Spikes
|-damage|p2a: Samurott|11/100|[from] Stealth Rock
|move|p1a: Landorus|Earthquake|p2a: Samurott
|-damage|p2a: Samurott|0 fnt
|faint|p2a: Samurott
|
|upkeep
|
|t:|1760821859
|switch|p2a: Gholdengo|Gholdengo|100/100
|-damage|p2a: Gholdengo|84/100|[from] Spikes
|-damage|p2a: Gholdengo|78/100|[from] Stealth Rock
|turn|29
|
|t:|1760821864
|move|p1a: Landorus|Earthquake|p2a: Gholdengo
|-supereffective|p2a: Gholdengo
|-damage|p2a: Gholdengo|11/100
|move|p2a: Gholdengo|Shadow Ball|p1a: Landorus
|-damage|p1a: Landorus|0 fnt
|faint|p1a: Landorus
|
|upkeep
|
|t:|1760821868
|switch|p1a: Zamazenta|Zamazenta|82/100
|-damage|p1a: Zamazenta|57/100|[from] Spikes
|-damage|p1a: Zamazenta|50/100|[from] Stealth Rock
|turn|30
|
|t:|1760821871
|move|p1a: Zamazenta|Crunch|p2a: Gholdengo
|-supereffective|p2a: Gholdengo
|-damage|p2a: Gholdengo|0 fnt
|faint|p2a: Gholdengo
|
|-heal|p1a: Zamazenta|57/100|[from] item: Leftovers
|upkeep
|
|t:|1760821872
|switch|p2a: Garganacl|Garganacl, M|47/100
|-damage|p2a: Garganacl|31/100|[from] Spikes
|-damage|p2a: Garganacl|18/100|[from] Stealth Rock
|turn|31
|
|t:|1760821886
|move|p1a: Zamazenta|Body Press|p2a: Garganacl
|-supereffective|p2a: Garganacl
|-damage|p2a: Garganacl|0 fnt
|faint|p2a: Garganacl
|
|win|Hybbridd
|raw|Hybbridd's rating: 1504 &rarr; <strong>1521</strong><br />(+17 for winning)
|raw|XDOOL's rating: 1447 &rarr; <strong>1430</strong><br />(-17 for losing)
|l|☆XDOOL
|player|p2|
|l|☆Hybbridd
|player|p1|
