|j|☆TotalDramaLava2310
|j|☆2763-LDM
|t:|1760823711
|gametype|singles
|player|p1|TotalDramaLava2310|cynthia|
|player|p2|2763-LDM|n|
|gen|9
|tier|[Gen 9] OU
|rule|HP Percentage Mod: HP is shown in percentages
|rule|Endless Battle Clause: Forcing endless battles is banned
|rule|Species Clause: Limit one of each Pokémon
|rule|OHKO Clause: OHKO moves are banned
|rule|Evasion Items Clause: Evasion items are banned
|rule|Evasion Moves Clause: Evasion moves are banned
|rule|Evasion Abilities Clause: Evasion abilities are banned
|rule|Sleep Moves Clause: Sleep-inducing moves are banned
|clearpoke
|poke|p1|Gliscor, M|
|poke|p1|Heatran, M|
|poke|p1|Gardevoir, F|
|poke|p1|Gengar, M|
|poke|p1|Sylveon, F|
|poke|p1|Arcanine-Hisui, M|
|poke|p2|Greninja-*, F|
|poke|p2|Mamoswine, M|
|poke|p2|Infernape, F|
|poke|p2|Deoxys-Defense|
|poke|p2|Latios, M|
|poke|p2|Iron Valiant|
|teampreview
|
|t:|1760823738
|teamsize|p1|6
|teamsize|p2|6
|start
|switch|p1a: Gardevoir|Gardevoir, F|100/100
|switch|p2a: tongue|Greninja, F|100/100
|turn|1
|
|t:|1760823766
|move|p2a: tongue|Sludge Wave|p1a: Gardevoir
|-start|p2a: tongue|typechange|Poison|[from] ability: Protean
|-supereffective|p1a: Gardevoir
|-damage|p1a: Gardevoir|24/100
|-damage|p2a: tongue|91/100|[from] item: Life Orb
|move|p1a: Gardevoir|Fire Punch|p2a: tongue
|-damage|p2a: tongue|71/100
|
|upkeep
|turn|2
|
|t:|1760823778
|move|p2a: tongue|Sludge Wave|p1a: Gardevoir
|-supereffective|p1a: Gardevoir
|-damage|p1a: Gardevoir|0 fnt
|faint|p1a: Gardevoir
|-damage|p2a: tongue|61/100|[from] item: Life Orb
|
|upkeep
|c|☆TotalDramaLava2310|wait what? you're first?
|
|t:|1760823789
|switch|p1a: Heatran|Heatran, M|100/100
|turn|3
|
|t:|1760823796
|switch|p2a: dihh|Mamoswine, M|100/100
|-terastallize|p1a: Heatran|Fire
|move|p1a: Heatran|Body Press|p2a: dihh
|-supereffective|p2a: dihh
|-damage|p2a: dihh|46/100
|-damage|p1a: Heatran|91/100|[from] item: Life Orb
|
|upkeep
|turn|4
|
|t:|1760823807
|move|p2a: dihh|Earthquake|p1a: Heatran
|-supereffective|p1a: Heatran
|-damage|p1a: Heatran|0 fnt
|faint|p1a: Heatran
|
|upkeep
|
|t:|1760823813
|switch|p1a: Gengar|Gengar, M|100/100
|turn|5
|
|t:|1760823817
|move|p1a: Gengar|Giga Drain|p2a: dihh
|-supereffective|p2a: dihh
|-damage|p2a: dihh|0 fnt
|faint|p2a: dihh
|
|upkeep
|
|t:|1760823820
|switch|p2a: tongue|Greninja, F|61/100
|turn|6
|
|t:|1760823830
|move|p2a: tongue|Dark Pulse|p1a: Gengar
|-start|p2a: tongue|typechange|Dark|[from] ability: Protean
|-supereffective|p1a: Gengar
|-damage|p1a: Gengar|0 fnt
|faint|p1a: Gengar
|-damage|p2a: tongue|51/100|[from] item: Life Orb
|
|upkeep
|
|t:|1760823842
|switch|p1a: Sylveon|Sylveon, F|100/100
|turn|7
|
|t:|1760823851
|switch|p2a: bulky bitch|Deoxys-Defense|100/100
|-ability|p2a: bulky bitch|Pressure
|move|p1a: Sylveon|Hyper Voice|p2a: bulky bitch
|-damage|p2a: bulky bitch|70/100
|
|upkeep
|turn|8
|
|t:|1760823861
|move|p2a: bulky bitch|Agility|p2a: bulky bitch
|-boost|p2a: bulky bitch|spe|2
|move|p1a: Sylveon|Psychic|p2a: bulky bitch
|-resisted|p2a: bulky bitch
|-damage|p2a: bulky bitch|56/100
|-unboost|p2a: bulky bitch|spd|1
|
|upkeep
|turn|9
|
|t:|1760823874
|move|p2a: bulky bitch|Calm Mind|p2a: bulky bitch
|-boost|p2a: bulky bitch|spa|1
|-boost|p2a: bulky bitch|spd|1
|move|p1a: Sylveon|Hyper Voice|p2a: bulky bitch
|-damage|p2a: bulky bitch|24/100
|
|upkeep
|turn|10
|
|t:|1760823883
|-terastallize|p2a: bulky bitch|Steel
|move|p2a: bulky bitch|Tera Blast|p1a: Sylveon|[anim] Tera Blast Steel
|-supereffective|p1a: Sylveon
|-damage|p1a: Sylveon|42/100
|move|p1a: Sylveon|Calm Mind|p1a: Sylveon
|-boost|p1a: Sylveon|spa|1
|-boost|p1a: Sylveon|spd|1
|
|-heal|p1a: Sylveon|48/100|[from] item: Leftovers
|upkeep
|turn|11
|
|t:|1760823895
|move|p2a: bulky bitch|Tera Blast|p1a: Sylveon|[anim] Tera Blast Steel
|-supereffective|p1a: Sylveon
|-damage|p1a: Sylveon|10/100
|move|p1a: Sylveon|Hyper Voice|p2a: bulky bitch
|-resisted|p2a: bulky bitch
|-damage|p2a: bulky bitch|3/100
|
|-heal|p1a: Sylveon|16/100|[from] item: Leftovers
|upkeep
|turn|12
|
|t:|1760823903
|move|p1a: Sylveon|Quick Attack|p2a: bulky bitch
|-resisted|p2a: bulky bitch
|-damage|p2a: bulky bitch|1/100
|-damage|p1a: Sylveon|0 fnt|[from] item: Rocky Helmet|[of] p2a: bulky bitch
|faint|p1a: Sylveon
|move|p2a: bulky bitch|Tera Blast|p1: Sylveon|[notarget]
|-fail|p2a: bulky bitch
|
|upkeep
|
|t:|1760823911
|switch|p1a: Arcanine|Arcanine-Hisui, M|100/100
|turn|13
|
|t:|1760823922
|move|p2a: bulky bitch|Stored Power|p1a: Arcanine
|-damage|p1a: Arcanine|40/100
|move|p1a: Arcanine|Fire Fang|p2a: bulky bitch
|-supereffective|p2a: bulky bitch
|-damage|p2a: bulky bitch|0 fnt
|-damage|p1a: Arcanine|23/100|[from] item: Rocky Helmet|[of] p2a: bulky bitch
|faint|p2a: bulky bitch
|
|upkeep
|
|t:|1760823924
|switch|p2a: tongue|Greninja, F|51/100
|turn|14
|
|t:|1760823932
|move|p2a: tongue|Surf|p1a: Arcanine
|-start|p2a: tongue|typechange|Water|[from] ability: Protean
|-supereffective|p1a: Arcanine
|-damage|p1a: Arcanine|0 fnt
|faint|p1a: Arcanine
|-damage|p2a: tongue|41/100|[from] item: Life Orb
|
|upkeep
|
|t:|1760823939
|switch|p1a: Gliscor|Gliscor, M|100/100
|turn|15
|
|t:|1760823945
|move|p2a: tongue|Surf|p1a: Gliscor
|-supereffective|p1a: Gliscor
|-damage|p1a: Gliscor|0 fnt
|faint|p1a: Gliscor
|-damage|p2a: tongue|31/100|[from] item: Life Orb
|
|win|2763-LDM
|c|☆2763-LDM|ggs!
|c|☆TotalDramaLava2310|BRUH!
|c|☆TotalDramaLava2310|but gg
|l|☆2763-LDM
|player|p2|
|c|☆TotalDramaLava2310|but at least i kill two this time, instead one
|l|☆TotalDramaLava2310
|player|p1|
|j|☆2763-LDM
|player|p2|2763-LDM|n|
