|j|☆vghhjg
|j|☆ice spice enjoyer
|t:|1760791685
|gametype|singles
|player|p1|vghhjg|265|1663
|player|p2|ice spice enjoyer|hoopster|1695
|gen|9
|tier|[Gen 9] OU
|rated|
|rule|HP Percentage Mod: HP is shown in percentages
|rule|Endless Battle Clause: Forcing endless battles is banned
|rule|Species Clause: Limit one of each Pokémon
|rule|OHKO Clause: OHKO moves are banned
|rule|Evasion Items Clause: Evasion items are banned
|rule|Evasion Moves Clause: Evasion moves are banned
|rule|Evasion Abilities Clause: Evasion abilities are banned
|rule|Sleep Moves Clause: Sleep-inducing moves are banned
|clearpoke
|poke|p1|Ribombee, F|
|poke|p1|Gholdengo|
|poke|p1|Dragonite, M|
|poke|p1|Great Tusk|
|poke|p1|Pecharunt|
|poke|p1|Kingambit, F|
|poke|p2|Weezing-Galar, F|
|poke|p2|Alomomola, F|
|poke|p2|Corviknight, M|
|poke|p2|Ting-Lu|
|poke|p2|Deoxys-Speed|
|poke|p2|Zamazenta-*|
|teampreview
|
|t:|1760791702
|teamsize|p1|6
|teamsize|p2|6
|start
|switch|p1a: Ribombee|Ribombee, F|100/100
|switch|p2a: Weezing|Weezing-Galar, F|100/100
|-ability|p2a: Weezing|Neutralizing Gas
|turn|1
|
|t:|1760791708
|move|p1a: Ribombee|Stun Spore|p2a: Weezing
|-status|p2a: Weezing|par
|cant|p2a: Weezing|par
|
|upkeep
|turn|2
|j| wobuhaole
|
|t:|1760791712
|move|p1a: Ribombee|Sticky Web|p2a: Weezing
|-sidestart|p2: ice spice enjoyer|move: Sticky Web
|move|p2a: Weezing|Sludge Bomb|p1a: Ribombee
|-supereffective|p1a: Ribombee
|-damage|p1a: Ribombee|22/100
|-status|p1a: Ribombee|psn
|
|-damage|p1a: Ribombee|10/100 psn|[from] psn
|upkeep
|turn|3
|
|t:|1760791719
|move|p1a: Ribombee|Psychic Noise|p2a: Weezing
|-supereffective|p2a: Weezing
|-damage|p2a: Weezing|57/100 par
|-start|p2a: Weezing|move: Heal Block
|move|p2a: Weezing|Defog|p1a: Ribombee
|-unboost|p1a: Ribombee|evasion|1
|-sideend|p2: ice spice enjoyer|Sticky Web|[from] move: Defog|[of] p2a: Weezing
|
|-damage|p1a: Ribombee|0 fnt|[from] psn
|faint|p1a: Ribombee
|upkeep
|l| wobuhaole
|
|t:|1760791758
|switch|p1a: Great Tusk|Great Tusk|100/100
|turn|4
|
|t:|1760791807
|move|p1a: Great Tusk|Headlong Rush|p2a: Weezing
|-supereffective|p2a: Weezing
|-damage|p2a: Weezing|0 fnt
|-unboost|p1a: Great Tusk|def|1
|-unboost|p1a: Great Tusk|spd|1
|faint|p2a: Weezing
|-end|p2a: Weezing|ability: Neutralizing Gas
|
|upkeep
|
|t:|1760791810
|switch|p2a: Deoxys|Deoxys-Speed|100/100
|-ability|p2a: Deoxys|Pressure
|turn|5
|
|t:|1760791820
|move|p2a: Deoxys|Psycho Boost|p1a: Great Tusk
|-supereffective|p1a: Great Tusk
|-damage|p1a: Great Tusk|0 fnt
|-unboost|p2a: Deoxys|spa|2
|faint|p1a: Great Tusk
|-end|p1a: Great Tusk|Protosynthesis|[silent]
|-damage|p2a: Deoxys|91/100|[from] item: Life Orb
|
|upkeep
|
|t:|1760791838
|switch|p1a: Gholdengo|Gholdengo|100/100
|-item|p1a: Gholdengo|Air Balloon
|turn|6
|inactive|Battle timer is ON: inactive players will automatically lose when time's up. (requested by vghhjg)
|
|t:|1760791862
|switch|p2a: Alomomola|Alomomola, F|100/100
|switch|p1a: Kingambit|Kingambit, F|100/100
|-activate|p1a: Kingambit|ability: Supreme Overlord
|-start|p1a: Kingambit|fallen2|[silent]
|
|upkeep
|turn|7
|
|t:|1760791871
|move|p1a: Kingambit|Swords Dance|p1a: Kingambit
|-boost|p1a: Kingambit|atk|2
|move|p2a: Alomomola|Flip Turn|p1a: Kingambit
|-damage|p1a: Kingambit|87/100
|j| 3idk
|
|t:|1760791876
|switch|p2a: Zamazenta|Zamazenta|100/100|[from] Flip Turn
|-ability|p2a: Zamazenta|Dauntless Shield|boost
|-boost|p2a: Zamazenta|def|1
|
|-heal|p1a: Kingambit|93/100|[from] item: Leftovers
|upkeep
|turn|8
|
|t:|1760791881
|-terastallize|p1a: Kingambit|Fairy
|move|p2a: Zamazenta|Iron Defense|p2a: Zamazenta
|-boost|p2a: Zamazenta|def|2
|move|p1a: Kingambit|Tera Blast|p2a: Zamazenta|[anim] Tera Blast Fairy
|-supereffective|p2a: Zamazenta
|-damage|p2a: Zamazenta|32/100
|
|-heal|p2a: Zamazenta|38/100|[from] item: Leftovers
|-heal|p1a: Kingambit|99/100|[from] item: Leftovers
|upkeep
|turn|9
|
|t:|1760791898
|-terastallize|p2a: Zamazenta|Steel
|move|p2a: Zamazenta|Iron Defense|p2a: Zamazenta
|-boost|p2a: Zamazenta|def|2
|move|p1a: Kingambit|Tera Blast|p2a: Zamazenta|[anim] Tera Blast Fairy
|-resisted|p2a: Zamazenta
|-damage|p2a: Zamazenta|26/100
|
|-heal|p2a: Zamazenta|32/100|[from] item: Leftovers
|-heal|p1a: Kingambit|100/100|[from] item: Leftovers
|upkeep
|turn|10
|
|t:|1760791910
|-end|p1a: Kingambit|fallen2|[silent]
|switch|p1a: Gholdengo|Gholdengo|100/100
|-item|p1a: Gholdengo|Air Balloon
|move|p2a: Zamazenta|Body Press|p1a: Gholdengo
|-immune|p1a: Gholdengo
|
|-heal|p2a: Zamazenta|38/100|[from] item: Leftovers
|upkeep
|turn|11
|
|t:|1760791922
|move|p2a: Zamazenta|Crunch|p1a: Gholdengo
|-supereffective|p1a: Gholdengo
|-damage|p1a: Gholdengo|48/100
|-enditem|p1a: Gholdengo|Air Balloon
|move|p1a: Gholdengo|Shadow Ball|p2a: Zamazenta
|-damage|p2a: Zamazenta|2/100
|
|-heal|p2a: Zamazenta|8/100|[from] item: Leftovers
|upkeep
|turn|12
|
|t:|1760791933
|move|p2a: Zamazenta|Crunch|p1a: Gholdengo
|-supereffective|p1a: Gholdengo
|-damage|p1a: Gholdengo|0 fnt
|faint|p1a: Gholdengo
|
|-heal|p2a: Zamazenta|14/100|[from] item: Leftovers
|upkeep
|
|t:|1760791935
|switch|p1a: Pecharunt|Pecharunt|100/100
|turn|13
|
|t:|1760791941
|switch|p2a: Ting-Lu|Ting-Lu|100/100
|-ability|p2a: Ting-Lu|Vessel of Ruin
|move|p1a: Pecharunt|Hex|p2a: Ting-Lu
|-resisted|p2a: Ting-Lu
|-damage|p2a: Ting-Lu|95/100
|
|-heal|p2a: Ting-Lu|100/100|[from] item: Leftovers
|upkeep
|turn|14
|
|t:|1760791947
|move|p1a: Pecharunt|Malignant Chain|p2a: Ting-Lu
|-resisted|p2a: Ting-Lu
|-damage|p2a: Ting-Lu|92/100
|move|p2a: Ting-Lu|Stealth Rock|p1a: Pecharunt
|-sidestart|p1: vghhjg|move: Stealth Rock
|
|-heal|p2a: Ting-Lu|98/100|[from] item: Leftovers
|upkeep
|turn|15
|
|t:|1760791957
|switch|p2a: Corviknight|Corviknight, M|100/100
|-ability|p2a: Corviknight|Pressure
|move|p1a: Pecharunt|Malignant Chain|p2a: Corviknight
|-immune|p2a: Corviknight
|
|upkeep
|turn|16
|
|t:|1760791965
|move|p1a: Pecharunt|Nasty Plot|p1a: Pecharunt
|-boost|p1a: Pecharunt|spa|2
|move|p2a: Corviknight|U-turn|p1a: Pecharunt
|-resisted|p1a: Pecharunt
|-damage|p1a: Pecharunt|98/100
|
|t:|1760791968
|switch|p2a: Deoxys|Deoxys-Speed|91/100|[from] U-turn
|-ability|p2a: Deoxys|Pressure
|
|upkeep
|turn|17
|
|t:|1760791972
|switch|p1a: Dragonite|Dragonite, M|100/100
|-damage|p1a: Dragonite|75/100|[from] Stealth Rock
|move|p2a: Deoxys|Psycho Boost|p1a: Dragonite|[miss]
|-miss|p2a: Deoxys|p1a: Dragonite
|
|-heal|p1a: Dragonite|82/100|[from] item: Leftovers
|upkeep
|turn|18
|
|t:|1760791982
|move|p2a: Deoxys|Nasty Plot|p2a: Deoxys
|-boost|p2a: Deoxys|spa|2
|move|p1a: Dragonite|Roost|p1a: Dragonite
|-heal|p1a: Dragonite|100/100
|-singleturn|p1a: Dragonite|move: Roost
|
|upkeep
|turn|19
|
|t:|1760791986
|move|p2a: Deoxys|Shadow Ball|p1a: Dragonite
|-damage|p1a: Dragonite|70/100
|-damage|p2a: Deoxys|81/100|[from] item: Life Orb
|move|p1a: Dragonite|Earthquake|p2a: Deoxys
|-damage|p2a: Deoxys|24/100
|
|-heal|p1a: Dragonite|76/100|[from] item: Leftovers
|upkeep
|turn|20
|
|t:|1760791992
|move|p2a: Deoxys|Psycho Boost|p1a: Dragonite|[miss]
|-miss|p2a: Deoxys|p1a: Dragonite
|move|p1a: Dragonite|Earthquake|p2a: Deoxys
|-damage|p2a: Deoxys|0 fnt
|faint|p2a: Deoxys
|
|-heal|p1a: Dragonite|82/100|[from] item: Leftovers
|upkeep
|
|t:|1760791997
|switch|p2a: Alomomola|Alomomola, F|100/100
|turn|21
|
|t:|1760792006
|move|p1a: Dragonite|Dragon Dance|p1a: Dragonite
|-boost|p1a: Dragonite|atk|1
|-boost|p1a: Dragonite|spe|1
|move|p2a: Alomomola|Scald|p1a: Dragonite
|-resisted|p1a: Dragonite
|-damage|p1a: Dragonite|76/100
|
|-heal|p1a: Dragonite|82/100|[from] item: Leftovers
|upkeep
|turn|22
|
|t:|1760792015
|switch|p1a: Pecharunt|Pecharunt|98/100
|move|p2a: Alomomola|Scald|p1a: Pecharunt
|-damage|p1a: Pecharunt|83/100
|
|upkeep
|turn|23
|
|t:|1760792022
|switch|p2a: Ting-Lu|Ting-Lu|98/100
|-ability|p2a: Ting-Lu|Vessel of Ruin
|move|p1a: Pecharunt|Nasty Plot|p1a: Pecharunt
|-boost|p1a: Pecharunt|spa|2
|
|-heal|p2a: Ting-Lu|100/100|[from] item: Leftovers
|upkeep
|turn|24
|
|t:|1760792024
|move|p1a: Pecharunt|Malignant Chain|p2a: Ting-Lu
|-resisted|p2a: Ting-Lu
|-crit|p2a: Ting-Lu
|-damage|p2a: Ting-Lu|77/100
|move|p2a: Ting-Lu|Earthquake|p1a: Pecharunt
|-supereffective|p1a: Pecharunt
|-damage|p1a: Pecharunt|27/100
|
|-heal|p2a: Ting-Lu|83/100|[from] item: Leftovers
|upkeep
|turn|25
|
|t:|1760792031
|move|p1a: Pecharunt|Malignant Chain|p2a: Ting-Lu
|-resisted|p2a: Ting-Lu
|-damage|p2a: Ting-Lu|66/100
|move|p2a: Ting-Lu|Earthquake|p1a: Pecharunt
|-supereffective|p1a: Pecharunt
|-damage|p1a: Pecharunt|0 fnt
|faint|p1a: Pecharunt
|
|-heal|p2a: Ting-Lu|72/100|[from] item: Leftovers
|upkeep
|j| lakob
|
|t:|1760792036
|switch|p1a: Dragonite|Dragonite, M|82/100
|-damage|p1a: Dragonite|57/100|[from] Stealth Rock
|turn|26
|
|t:|1760792045
|switch|p2a: Alomomola|Alomomola, F|100/100
|move|p1a: Dragonite|Dragon Dance|p1a: Dragonite
|-boost|p1a: Dragonite|atk|1
|-boost|p1a: Dragonite|spe|1
|
|-heal|p1a: Dragonite|63/100|[from] item: Leftovers
|upkeep
|turn|27
|
|t:|1760792050
|move|p1a: Dragonite|Dragon Dance|p1a: Dragonite
|-boost|p1a: Dragonite|atk|1
|-boost|p1a: Dragonite|spe|1
|move|p2a: Alomomola|Scald|p1a: Dragonite
|-resisted|p1a: Dragonite
|-damage|p1a: Dragonite|57/100
|
|-heal|p1a: Dragonite|64/100|[from] item: Leftovers
|upkeep
|turn|28
|
|t:|1760792052
|move|p1a: Dragonite|Dragon Dance|p1a: Dragonite
|-boost|p1a: Dragonite|atk|1
|-boost|p1a: Dragonite|spe|1
|move|p2a: Alomomola|Scald|p1a: Dragonite
|-resisted|p1a: Dragonite
|-damage|p1a: Dragonite|57/100
|
|-heal|p1a: Dragonite|64/100|[from] item: Leftovers
|upkeep
|turn|29
|
|t:|1760792054
|move|p1a: Dragonite|Earthquake|p2a: Alomomola
|-damage|p2a: Alomomola|38/100
|move|p2a: Alomomola|Scald|p1a: Dragonite
|-resisted|p1a: Dragonite
|-damage|p1a: Dragonite|57/100
|
|-heal|p1a: Dragonite|63/100|[from] item: Leftovers
|upkeep
|turn|30
|
|t:|1760792058
|switch|p2a: Corviknight|Corviknight, M|100/100
|-ability|p2a: Corviknight|Pressure
|move|p1a: Dragonite|Earthquake|p2a: Corviknight
|-immune|p2a: Corviknight
|
|-heal|p1a: Dragonite|70/100|[from] item: Leftovers
|upkeep
|turn|31
|
|t:|1760792066
|move|p1a: Dragonite|Dragon Dance|p1a: Dragonite
|-boost|p1a: Dragonite|atk|1
|-boost|p1a: Dragonite|spe|1
|move|p2a: Corviknight|U-turn|p1a: Dragonite
|-resisted|p1a: Dragonite
|-damage|p1a: Dragonite|63/100
|
|t:|1760792072
|switch|p2a: Alomomola|Alomomola, F|71/100|[from] U-turn
|
|-heal|p1a: Dragonite|69/100|[from] item: Leftovers
|upkeep
|turn|32
|
|t:|1760792077
|switch|p1a: Kingambit|Kingambit, F, tera:Fairy|100/100
|-damage|p1a: Kingambit|88/100|[from] Stealth Rock
|-activate|p1a: Kingambit|ability: Supreme Overlord
|-start|p1a: Kingambit|fallen4|[silent]
|switch|p2a: Corviknight|Corviknight, M|100/100
|-ability|p2a: Corviknight|Pressure
|
|-heal|p1a: Kingambit|94/100|[from] item: Leftovers
|upkeep
|turn|33
|l|☆ice spice enjoyer
|inactive|ice spice enjoyer disconnected and has a minute to reconnect!
|player|p2|
|j|☆ice spice enjoyer
|inactive|ice spice enjoyer reconnected and has 140 seconds left.
|player|p2|ice spice enjoyer|hoopster|
|
|t:|1760792103
|move|p1a: Kingambit|Swords Dance|p1a: Kingambit
|-boost|p1a: Kingambit|atk|2
|move|p2a: Corviknight|Brave Bird|p1a: Kingambit
|-damage|p1a: Kingambit|65/100
|-damage|p2a: Corviknight|92/100|[from] Recoil
|
|-heal|p1a: Kingambit|71/100|[from] item: Leftovers
|-heal|p2a: Corviknight|98/100|[from] item: Leftovers
|upkeep
|turn|34
|
|t:|1760792120
|move|p1a: Kingambit|Swords Dance|p1a: Kingambit
|-boost|p1a: Kingambit|atk|2
|move|p2a: Corviknight|Brave Bird|p1a: Kingambit
|-damage|p1a: Kingambit|42/100
|-damage|p2a: Corviknight|90/100|[from] Recoil
|
|-heal|p1a: Kingambit|48/100|[from] item: Leftovers
|-heal|p2a: Corviknight|96/100|[from] item: Leftovers
|upkeep
|turn|35
|-message|ice spice enjoyer forfeited.
|
|win|vghhjg
|raw|vghhjg's rating: 1663 &rarr; <strong>1685</strong><br />(+22 for winning)
|raw|ice spice enjoyer's rating: 1695 &rarr; <strong>1673</strong><br />(-22 for losing)
|l|☆ice spice enjoyer
|player|p2|
|l|☆vghhjg
|player|p1|
|l| lakob
