|j|☆michaelgoalise
|j|☆SpongeGar & Patar
|t:|1760717629
|gametype|singles
|player|p1|michaelgoalise|102|1667
|player|p2|SpongeGar & Patar|101|1695
|gen|9
|tier|[Gen 9] OU
|rated|
|rule|HP Percentage Mod: HP is shown in percentages
|rule|Endless Battle Clause: Forcing endless battles is banned
|rule|Species Clause: Limit one of each Pokémon
|rule|OHKO Clause: OHKO moves are banned
|rule|Evasion Items Clause: Evasion items are banned
|rule|Evasion Moves Clause: Evasion moves are banned
|rule|Evasion Abilities Clause: Evasion abilities are banned
|rule|Sleep Moves Clause: Sleep-inducing moves are banned
|clearpoke
|poke|p1|Tyranitar, F|
|poke|p1|Excadrill, F|
|poke|p1|Hydrapple, F|
|poke|p1|Cinderace, M|
|poke|p1|Iron Valiant|
|poke|p1|Palossand, M|
|poke|p2|Kyurem|
|poke|p2|Corviknight, M|
|poke|p2|Ting-Lu|
|poke|p2|Dondozo, M|
|poke|p2|Slowking-Galar, L99, M|
|poke|p2|Cinderace, F|
|teampreview
|inactive|Battle timer is ON: inactive players will automatically lose when time's up. (requested by michaelgoalise)
|inactive|michaelgoalise has 120 seconds left.
|inactive|SpongeGar & Patar has 120 seconds left.
|inactive|SpongeGar & Patar also wants the timer to be on.
|inactive|michaelgoalise has 90 seconds left.
|
|t:|1760717706
|teamsize|p1|6
|teamsize|p2|6
|start
|switch|p1a: Cinderace|Cinderace, M|100/100
|switch|p2a: Kyurem|Kyurem|100/100
|-ability|p2a: Kyurem|Pressure
|turn|1
|inactive|SpongeGar & Patar has 120 seconds left.
|
|t:|1760717754
|move|p1a: Cinderace|U-turn|p2a: Kyurem
|-start|p1a: Cinderace|typechange|Bug|[from] ability: Libero
|-damage|p2a: Kyurem|71/100
|
|t:|1760717761
|switch|p1a: Tyranitar|Tyranitar, F|100/100|[from] U-turn
|-weather|Sandstorm|[from] ability: Sand Stream|[of] p1a: Tyranitar
|move|p2a: Kyurem|Earth Power|p1a: Tyranitar
|-supereffective|p1a: Tyranitar
|-damage|p1a: Tyranitar|74/100
|
|-weather|Sandstorm|[upkeep]
|-damage|p2a: Kyurem|64/100|[from] Sandstorm
|-heal|p2a: Kyurem|71/100|[from] item: Leftovers
|-heal|p1a: Tyranitar|80/100|[from] item: Leftovers
|upkeep
|turn|2
|inactive|SpongeGar & Patar has 90 seconds left.
|
|t:|1760717812
|switch|p2a: Ting-Lu|Ting-Lu|100/100
|-ability|p2a: Ting-Lu|Vessel of Ruin
|move|p1a: Tyranitar|Knock Off|p2a: Ting-Lu
|-resisted|p2a: Ting-Lu
|-damage|p2a: Ting-Lu|88/100
|-enditem|p2a: Ting-Lu|Leftovers|[from] move: Knock Off|[of] p1a: Tyranitar
|
|-weather|Sandstorm|[upkeep]
|-heal|p1a: Tyranitar|87/100|[from] item: Leftovers
|upkeep
|turn|3
|inactive|SpongeGar & Patar has 60 seconds left.
|
|t:|1760717862
|switch|p1a: Hydrapple|Hydrapple, F|100/100
|move|p2a: Ting-Lu|Earthquake|p1a: Hydrapple
|-resisted|p1a: Hydrapple
|-damage|p1a: Hydrapple|91/100
|
|-weather|Sandstorm|[upkeep]
|-damage|p1a: Hydrapple|85/100|[from] Sandstorm
|upkeep
|turn|4
|
|t:|1760717874
|switch|p2a: Slowking|Slowking-Galar, L99, M|100/100
|move|p1a: Hydrapple|Nasty Plot|p1a: Hydrapple
|-boost|p1a: Hydrapple|spa|2
|
|-weather|Sandstorm|[upkeep]
|-damage|p1a: Hydrapple|78/100|[from] Sandstorm
|-damage|p2a: Slowking|94/100|[from] Sandstorm
|upkeep
|turn|5
|
|t:|1760717884
|switch|p1a: Excadrill|Excadrill, F|100/100
|-prepare|p2a: Slowking|Chilly Reception|[premajor]
|move|p2a: Slowking|Chilly Reception|p2a: Slowking
|-weather|Snowscape
|
|t:|1760717893
|switch|p2a: Kyurem|Kyurem|71/100|[from] Chilly Reception
|-ability|p2a: Kyurem|Pressure
|
|-weather|Snowscape|[upkeep]
|-heal|p2a: Kyurem|77/100|[from] item: Leftovers
|upkeep
|turn|6
|
|t:|1760717903
|switch|p1a: Tyranitar|Tyranitar, F|87/100
|-weather|Sandstorm|[from] ability: Sand Stream|[of] p1a: Tyranitar
|-terastallize|p2a: Kyurem|Ground
|move|p2a: Kyurem|Earth Power|p1a: Tyranitar
|-supereffective|p1a: Tyranitar
|-damage|p1a: Tyranitar|45/100
|
|-weather|Sandstorm|[upkeep]
|-heal|p2a: Kyurem|83/100|[from] item: Leftovers
|-heal|p1a: Tyranitar|51/100|[from] item: Leftovers
|upkeep
|turn|7
|j| LT123VB 87
|inactive|michaelgoalise has 120 seconds left.
|inactive|michaelgoalise has 90 seconds left.
|
|t:|1760717976
|move|p2a: Kyurem|Earth Power|p1a: Tyranitar
|-supereffective|p1a: Tyranitar
|-damage|p1a: Tyranitar|8/100
|move|p1a: Tyranitar|Knock Off|p2a: Kyurem
|-damage|p2a: Kyurem|43/100
|-enditem|p2a: Kyurem|Leftovers|[from] move: Knock Off|[of] p1a: Tyranitar
|
|-weather|Sandstorm|[upkeep]
|-heal|p1a: Tyranitar|14/100|[from] item: Leftovers
|upkeep
|turn|8
|
|t:|1760717991
|move|p2a: Kyurem|Earth Power|p1a: Tyranitar
|-supereffective|p1a: Tyranitar
|-damage|p1a: Tyranitar|0 fnt
|faint|p1a: Tyranitar
|
|-weather|Sandstorm|[upkeep]
|upkeep
|inactive|michaelgoalise has 60 seconds left.
|
|t:|1760718012
|switch|p1a: Cinderace|Cinderace, M|100/100
|turn|9
|inactive|michaelgoalise has 60 seconds left.
|
|t:|1760718051
|move|p2a: Kyurem|Protect|p2a: Kyurem
|-singleturn|p2a: Kyurem|Protect
|move|p1a: Cinderace|Sucker Punch||[still]
|-fail|p1a: Cinderace
|
|-weather|Sandstorm|[upkeep]
|-damage|p1a: Cinderace|95/100|[from] Sandstorm
|upkeep
|turn|10
|
|t:|1760718065
|switch|p2a: Dondozo|Dondozo, M|100/100
|move|p1a: Cinderace|Pyro Ball|p2a: Dondozo
|-resisted|p2a: Dondozo
|-damage|p2a: Dondozo|87/100
|-status|p2a: Dondozo|brn
|
|-weather|none
|-heal|p2a: Dondozo|94/100 brn|[from] item: Leftovers
|-damage|p2a: Dondozo|87/100 brn|[from] brn
|upkeep
|turn|11
|
|t:|1760718075
|move|p1a: Cinderace|U-turn|p2a: Dondozo
|-start|p1a: Cinderace|typechange|Bug|[from] ability: Libero
|-damage|p2a: Dondozo|73/100 brn
|
|t:|1760718092
|switch|p1a: Hydrapple|Hydrapple, F|100/100|[from] U-turn
|move|p2a: Dondozo|Rest|p2a: Dondozo
|-status|p2a: Dondozo|slp|[from] move: Rest
|-heal|p2a: Dondozo|100/100 slp|[silent]
|
|upkeep
|turn|12
|inactive|michaelgoalise has 30 seconds left.
|inactive|michaelgoalise has 20 seconds left.
|inactive|michaelgoalise has 15 seconds left.
|
|t:|1760718126
|switch|p1a: Excadrill|Excadrill, F|100/100
|switch|p2a: Slowking|Slowking-Galar, L99, M|100/100
|
|upkeep
|turn|13
|inactive|michaelgoalise has 25 seconds left this turn.
|inactive|michaelgoalise has 20 seconds left.
|
|t:|1760718136
|switch|p1a: Palossand|Palossand, M|100/100
|switch|p2a: Corviknight|Corviknight, M|100/100
|-ability|p2a: Corviknight|Pressure
|
|upkeep
|turn|14
|inactive|michaelgoalise has 30 seconds left this turn.
|inactive|SpongeGar & Patar has 90 seconds left.
|
|t:|1760718145
|move|p2a: Corviknight|U-turn|p1a: Palossand
|-resisted|p1a: Palossand
|-damage|p1a: Palossand|96/100
|-damage|p2a: Corviknight|84/100|[from] item: Rocky Helmet|[of] p1a: Palossand
|inactive|SpongeGar & Patar has 90 seconds left.
|inactive|SpongeGar & Patar has 60 seconds left.
|
|t:|1760718195
|switch|p2a: Kyurem|Kyurem, tera:Ground|43/100|[from] U-turn
|-ability|p2a: Kyurem|Pressure
|move|p1a: Palossand|Stealth Rock|p2a: Kyurem
|-sidestart|p2: SpongeGar & Patar|move: Stealth Rock
|
|upkeep
|turn|15
|inactive|michaelgoalise has 30 seconds left.
|inactive|michaelgoalise has 20 seconds left.
|inactive|SpongeGar & Patar has 30 seconds left.
|inactive|SpongeGar & Patar has 20 seconds left.
|inactive|SpongeGar & Patar has 15 seconds left.
|
|t:|1760718244
|switch|p1a: Excadrill|Excadrill, F|100/100
|move|p2a: Kyurem|Earth Power|p1a: Excadrill
|-supereffective|p1a: Excadrill
|-damage|p1a: Excadrill|0 fnt
|faint|p1a: Excadrill
|
|upkeep
|inactive|michaelgoalise has 25 seconds left this turn.
|inactive|michaelgoalise has 20 seconds left.
|
|t:|1760718251
|switch|p1a: Cinderace|Cinderace, M|95/100
|turn|16
|inactive|michaelgoalise has 30 seconds left this turn.
|inactive|SpongeGar & Patar has 30 seconds left this turn.
|
|t:|1760718261
|move|p2a: Kyurem|Protect|p2a: Kyurem
|-singleturn|p2a: Kyurem|Protect
|move|p1a: Cinderace|Pyro Ball|p2a: Kyurem
|-activate|p2a: Kyurem|move: Protect
|
|upkeep
|turn|17
|inactive|SpongeGar & Patar has 30 seconds left.
|inactive|michaelgoalise has 30 seconds left.
|
|t:|1760718280
|switch|p2a: Dondozo|Dondozo, M|100/100 slp
|-damage|p2a: Dondozo|88/100 slp|[from] Stealth Rock
|move|p1a: Cinderace|Pyro Ball|p2a: Dondozo
|-resisted|p2a: Dondozo
|-damage|p2a: Dondozo|76/100 slp
|
|-heal|p2a: Dondozo|82/100 slp|[from] item: Leftovers
|upkeep
|turn|18
|inactive|SpongeGar & Patar has 30 seconds left.
|
|t:|1760718290
|switch|p2a: Slowking|Slowking-Galar, L99, M|100/100
|move|p1a: Cinderace|U-turn|p2a: Slowking
|-start|p1a: Cinderace|typechange|Bug|[from] ability: Libero
|-damage|p2a: Slowking|66/100
|
|t:|1760718298
|switch|p1a: Palossand|Palossand, M|96/100|[from] U-turn
|
|upkeep
|turn|19
|
|t:|1760718308
|move|p1a: Palossand|Scorching Sands|p2a: Slowking
|-supereffective|p2a: Slowking
|-damage|p2a: Slowking|37/100
|move|p2a: Slowking|Toxic|p1a: Palossand
|-status|p1a: Palossand|tox
|
|-damage|p1a: Palossand|90/100 tox|[from] psn
|upkeep
|turn|20
|
|t:|1760718318
|move|p1a: Palossand|Scorching Sands|p2a: Slowking
|-supereffective|p2a: Slowking
|-damage|p2a: Slowking|11/100
|move|p2a: Slowking|Sludge Bomb|p1a: Palossand
|-resisted|p1a: Palossand
|-damage|p1a: Palossand|81/100 tox
|
|-damage|p1a: Palossand|68/100 tox|[from] psn
|upkeep
|turn|21
|inactive|michaelgoalise has 60 seconds left.
|
|t:|1760718331
|move|p1a: Palossand|Scorching Sands|p2a: Slowking
|-supereffective|p2a: Slowking
|-damage|p2a: Slowking|0 fnt
|faint|p2a: Slowking
|
|-damage|p1a: Palossand|50/100 tox|[from] psn
|upkeep
|
|t:|1760718340
|switch|p2a: Kyurem|Kyurem, tera:Ground|43/100
|-damage|p2a: Kyurem|37/100|[from] Stealth Rock
|-ability|p2a: Kyurem|Pressure
|turn|22
|inactive|michaelgoalise has 60 seconds left.
|inactive|michaelgoalise has 30 seconds left.
|
|t:|1760718381
|switch|p1a: Cinderace|Cinderace, M|95/100
|move|p2a: Kyurem|Earth Power|p1a: Cinderace
|-supereffective|p1a: Cinderace
|-damage|p1a: Cinderace|0 fnt
|faint|p1a: Cinderace
|
|upkeep
|inactive|michaelgoalise has 30 seconds left.
|
|t:|1760718388
|switch|p1a: Iron Valiant|Iron Valiant|100/100
|-enditem|p1a: Iron Valiant|Booster Energy
|-activate|p1a: Iron Valiant|ability: Quark Drive|[fromitem]
|-start|p1a: Iron Valiant|quarkdrivespe
|turn|23
|
|t:|1760718398
|move|p2a: Kyurem|Protect|p2a: Kyurem
|-singleturn|p2a: Kyurem|Protect
|move|p1a: Iron Valiant|Moonblast|p2a: Kyurem
|-activate|p2a: Kyurem|move: Protect
|
|upkeep
|turn|24
|
|t:|1760718408
|switch|p2a: Corviknight|Corviknight, M|84/100
|-damage|p2a: Corviknight|72/100|[from] Stealth Rock
|-ability|p2a: Corviknight|Pressure
|move|p1a: Iron Valiant|Calm Mind|p1a: Iron Valiant
|-boost|p1a: Iron Valiant|spa|1
|-boost|p1a: Iron Valiant|spd|1
|
|upkeep
|turn|25
|
|t:|1760718418
|move|p1a: Iron Valiant|Thunderbolt|p2a: Corviknight
|-supereffective|p2a: Corviknight
|-damage|p2a: Corviknight|0 fnt
|faint|p2a: Corviknight
|
|upkeep
|
|t:|1760718428
|switch|p2a: Cinderace|Cinderace, F|100/100
|turn|26
|inactive|michaelgoalise has 30 seconds left.
|
|t:|1760718460
|move|p1a: Iron Valiant|Thunderbolt|p2a: Cinderace
|-damage|p2a: Cinderace|51/100
|move|p2a: Cinderace|Pyro Ball|p1a: Iron Valiant
|-damage|p1a: Iron Valiant|41/100
|
|upkeep
|turn|27
|inactive|michaelgoalise has 30 seconds left.
|inactive|michaelgoalise has 20 seconds left.
|
|t:|1760718478
|switch|p2a: Ting-Lu|Ting-Lu|88/100
|-damage|p2a: Ting-Lu|82/100|[from] Stealth Rock
|-ability|p2a: Ting-Lu|Vessel of Ruin
|-terastallize|p1a: Iron Valiant|Electric
|move|p1a: Iron Valiant|Thunderbolt|p2a: Ting-Lu
|-immune|p2a: Ting-Lu
|
|upkeep
|turn|28
|inactive|michaelgoalise has 30 seconds left this turn.
|
|t:|1760718488
|-end|p1a: Iron Valiant|Quark Drive|[silent]
|switch|p1a: Palossand|Palossand, M|50/100 tox
|move|p2a: Ting-Lu|Payback|p1a: Palossand
|-supereffective|p1a: Palossand
|-damage|p1a: Palossand|25/100 tox
|-damage|p2a: Ting-Lu|66/100|[from] item: Rocky Helmet|[of] p1a: Palossand
|
|-damage|p1a: Palossand|19/100 tox|[from] psn
|upkeep
|turn|29
|inactive|michaelgoalise has 30 seconds left.
|
|t:|1760718498
|switch|p1a: Hydrapple|Hydrapple, F|100/100
|move|p2a: Ting-Lu|Earthquake|p1a: Hydrapple
|-resisted|p1a: Hydrapple
|-damage|p1a: Hydrapple|91/100
|
|upkeep
|turn|30
|inactive|SpongeGar & Patar has 90 seconds left.
|inactive|michaelgoalise has 30 seconds left.
|inactive|michaelgoalise has 20 seconds left.
|
|t:|1760718519
|switch|p2a: Cinderace|Cinderace, F|51/100
|move|p1a: Hydrapple|Nasty Plot|p1a: Hydrapple
|-boost|p1a: Hydrapple|spa|2
|
|upkeep
|turn|31
|inactive|michaelgoalise has 30 seconds left this turn.
|inactive|SpongeGar & Patar has 90 seconds left.
|inactive|SpongeGar & Patar has 60 seconds left.
|
|t:|1760718567
|move|p2a: Cinderace|Court Change|p2a: Cinderace
|-swapsideconditions
|-activate|p2a: Cinderace|move: Court Change
|move|p1a: Hydrapple|Hydro Pump|p2a: Cinderace
|-supereffective|p2a: Cinderace
|-damage|p2a: Cinderace|0 fnt
|faint|p2a: Cinderace
|
|upkeep
|inactive|SpongeGar & Patar has 30 seconds left.
|inactive|SpongeGar & Patar has 20 seconds left.
|inactive|SpongeGar & Patar has 15 seconds left.
|
|t:|1760718614
|switch|p2a: Kyurem|Kyurem, tera:Ground|37/100
|-ability|p2a: Kyurem|Pressure
|turn|32
|inactive|SpongeGar & Patar has 25 seconds left this turn.
|inactive|SpongeGar & Patar has 20 seconds left.
|
|t:|1760718623
|switch|p1a: Palossand|Palossand, M|19/100 tox
|-damage|p1a: Palossand|13/100 tox|[from] Stealth Rock
|move|p2a: Kyurem|Substitute|p2a: Kyurem
|-start|p2a: Kyurem|Substitute
|-damage|p2a: Kyurem|12/100
|
|-damage|p1a: Palossand|7/100 tox|[from] psn
|upkeep
|turn|33
|inactive|SpongeGar & Patar has 30 seconds left this turn.
|
|t:|1760718632
|move|p2a: Kyurem|Freeze-Dry|p1a: Palossand
|-supereffective|p1a: Palossand
|-damage|p1a: Palossand|0 fnt
|faint|p1a: Palossand
|
|upkeep
|
|t:|1760718635
|switch|p1a: Iron Valiant|Iron Valiant, tera:Electric|41/100
|-damage|p1a: Iron Valiant|29/100|[from] Stealth Rock
|turn|34
|inactive|michaelgoalise has 60 seconds left.
|
|t:|1760718651
|move|p1a: Iron Valiant|Calm Mind|p1a: Iron Valiant
|-boost|p1a: Iron Valiant|spa|1
|-boost|p1a: Iron Valiant|spd|1
|move|p2a: Kyurem|Freeze-Dry|p1a: Iron Valiant
|-damage|p1a: Iron Valiant|0 fnt
|faint|p1a: Iron Valiant
|-end|p1a: Iron Valiant|Quark Drive|[silent]
|
|upkeep
|
|t:|1760718653
|switch|p1a: Hydrapple|Hydrapple, F|100/100
|turn|35
|
|t:|1760718656
|move|p2a: Kyurem|Freeze-Dry|p1a: Hydrapple
|-supereffective|p1a: Hydrapple
|-damage|p1a: Hydrapple|0 fnt
|faint|p1a: Hydrapple
|
|win|SpongeGar & Patar
|raw|michaelgoalise's rating: 1667 &rarr; <strong>1649</strong><br />(-18 for losing)
|raw|SpongeGar &amp; Patar's rating: 1695 &rarr; <strong>1713</strong><br />(+18 for winning)
|l|☆SpongeGar & Patar
|player|p2|
|l|☆michaelgoalise
|player|p1|
