|j|☆YJIOG
|j|☆DrSpada
|t:|1760827933
|gametype|singles
|player|p1|YJIOG|scientist-gen4dp|1425
|player|p2|DrSpada|101|1424
|gen|9
|tier|[Gen 9] OU
|rated|
|rule|HP Percentage Mod: HP is shown in percentages
|rule|Endless Battle Clause: Forcing endless battles is banned
|rule|Species Clause: Limit one of each Pokémon
|rule|OHKO Clause: OHKO moves are banned
|rule|Evasion Items Clause: Evasion items are banned
|rule|Evasion Moves Clause: Evasion moves are banned
|rule|Evasion Abilities Clause: Evasion abilities are banned
|rule|Sleep Moves Clause: Sleep-inducing moves are banned
|clearpoke
|poke|p1|Electivire, M|
|poke|p1|Alomomola, F|
|poke|p1|Dragapult, F|
|poke|p1|Hydrapple, F|
|poke|p1|Great Tusk|
|poke|p1|Goodra-Hisui, M|
|poke|p2|Arcanine-Hisui, M|
|poke|p2|Darkrai|
|poke|p2|Great Tusk|
|poke|p2|Hatterene, F|
|poke|p2|Ogerpon-Wellspring, F|
|poke|p2|Zapdos|
|teampreview
|inactive|Battle timer is ON: inactive players will automatically lose when time's up. (requested by YJIOG)
|inactive|DrSpada has 120 seconds left.
|
|t:|1760827999
|teamsize|p1|6
|teamsize|p2|6
|start
|switch|p1a: Dragapult|Dragapult, F|100/100
|switch|p2a: Hatterene|Hatterene, F|100/100
|turn|1
|
|t:|1760828008
|move|p1a: Dragapult|U-turn|p2a: Hatterene
|-damage|p2a: Hatterene|83/100
|
|t:|1760828011
|switch|p1a: Electivire|Electivire, M|100/100|[from] U-turn
|move|p2a: Hatterene|Draining Kiss|p1a: Electivire
|-damage|p1a: Electivire|56/100
|-heal|p2a: Hatterene|100/100|[from] drain|[of] p1a: Electivire
|
|upkeep
|turn|2
|
|t:|1760828031
|switch|p1a: Goodra|Goodra-Hisui, M|100/100
|switch|p2a: Great Tusk|Great Tusk|100/100
|
|upkeep
|turn|3
|
|t:|1760828041
|switch|p1a: Alomomola|Alomomola, F|100/100
|move|p2a: Great Tusk|Headlong Rush|p1a: Alomomola
|-damage|p1a: Alomomola|70/100
|-unboost|p2a: Great Tusk|def|1
|-unboost|p2a: Great Tusk|spd|1
|
|upkeep
|turn|4
|
|t:|1760828054
|move|p2a: Great Tusk|Stealth Rock|p1a: Alomomola
|-sidestart|p1: YJIOG|move: Stealth Rock
|move|p1a: Alomomola|Wish|p1a: Alomomola
|
|upkeep
|turn|5
|inactive|DrSpada has 120 seconds left.
|
|t:|1760828092
|-end|p2a: Great Tusk|Protosynthesis|[silent]
|switch|p2a: Zapdos|Zapdos|100/100
|move|p1a: Alomomola|Body Slam|p2a: Zapdos
|-damage|p2a: Zapdos|88/100
|
|-heal|p1a: Alomomola|100/100|[from] move: Wish|[wisher] Alomomola
|upkeep
|turn|6
|inactive|YJIOG has 120 seconds left.
|
|t:|1760828126
|switch|p1a: Electivire|Electivire, M|56/100
|-damage|p1a: Electivire|44/100|[from] Stealth Rock
|move|p2a: Zapdos|Volt Switch|p1a: Electivire
|-ability|p1a: Electivire|Motor Drive|boost
|-boost|p1a: Electivire|spe|1
|
|upkeep
|turn|7
|inactive|DrSpada has 120 seconds left.
|
|t:|1760828138
|move|p1a: Electivire|Thunderbolt|p2a: Zapdos
|-damage|p2a: Zapdos|43/100
|-damage|p1a: Electivire|34/100|[from] item: Life Orb
|move|p2a: Zapdos|Hurricane|p1a: Electivire|[miss]
|-miss|p2a: Zapdos|p1a: Electivire
|
|upkeep
|turn|8
|inactive|DrSpada has 120 seconds left.
|
|t:|1760828146
|move|p1a: Electivire|Ice Punch|p2a: Zapdos
|-supereffective|p2a: Zapdos
|-damage|p2a: Zapdos|3/100
|-damage|p1a: Electivire|24/100|[from] item: Life Orb
|move|p2a: Zapdos|Roost|p2a: Zapdos
|-heal|p2a: Zapdos|53/100
|-singleturn|p2a: Zapdos|move: Roost
|
|upkeep
|turn|9
|
|t:|1760828159
|switch|p1a: Goodra|Goodra-Hisui, M|100/100
|-damage|p1a: Goodra|94/100|[from] Stealth Rock
|move|p2a: Zapdos|Roost|p2a: Zapdos
|-heal|p2a: Zapdos|100/100
|-singleturn|p2a: Zapdos|move: Roost
|
|upkeep
|turn|10
|
|t:|1760828167
|move|p2a: Zapdos|Thunder Wave|p1a: Goodra
|-status|p1a: Goodra|par
|move|p1a: Goodra|Knock Off|p2a: Zapdos
|-damage|p2a: Zapdos|82/100
|-enditem|p2a: Zapdos|Heavy-Duty Boots|[from] move: Knock Off|[of] p1a: Goodra
|
|upkeep
|turn|11
|
|t:|1760828175
|move|p2a: Zapdos|Volt Switch|p1a: Goodra
|-resisted|p1a: Goodra
|-damage|p1a: Goodra|89/100 par
|
|t:|1760828182
|switch|p2a: Hatterene|Hatterene, F|100/100|[from] Volt Switch
|move|p1a: Goodra|Draco Meteor|p2a: Hatterene
|-immune|p2a: Hatterene
|
|upkeep
|turn|12
|
|t:|1760828199
|switch|p2a: Darkrai|Darkrai|100/100
|move|p1a: Goodra|Knock Off|p2a: Darkrai
|-resisted|p2a: Darkrai
|-crit|p2a: Darkrai
|-damage|p2a: Darkrai|76/100
|-enditem|p2a: Darkrai|Choice Scarf|[from] move: Knock Off|[of] p1a: Goodra
|
|upkeep
|turn|13
|
|t:|1760828212
|move|p2a: Darkrai|Dark Pulse|p1a: Goodra
|-damage|p1a: Goodra|73/100 par
|move|p1a: Goodra|Flash Cannon|p2a: Darkrai
|-damage|p2a: Darkrai|38/100
|
|upkeep
|turn|14
|
|t:|1760828218
|move|p2a: Darkrai|Dark Pulse|p1a: Goodra
|-damage|p1a: Goodra|57/100 par
|cant|p1a: Goodra|flinch
|
|upkeep
|turn|15
|
|t:|1760828226
|switch|p2a: Ogerpon|Ogerpon-Wellspring, F|100/100
|move|p1a: Goodra|Draco Meteor|p2a: Ogerpon
|-damage|p2a: Ogerpon|42/100
|-unboost|p1a: Goodra|spa|2
|
|upkeep
|turn|16
|
|t:|1760828234
|switch|p1a: Hydrapple|Hydrapple, F|100/100
|-terastallize|p2a: Ogerpon|Water
|detailschange|p2a: Ogerpon|Ogerpon-Wellspring-Tera, F, tera:Water
|-ability|p2a: Ogerpon|Embody Aspect (Wellspring)|boost
|-boost|p2a: Ogerpon|spd|1
|move|p2a: Ogerpon|Ivy Cudgel|p1a: Hydrapple|[anim] Ivy Cudgel Water
|-resisted|p1a: Hydrapple
|-damage|p1a: Hydrapple|89/100
|
|upkeep
|turn|17
|
|t:|1760828250
|switch|p1a: Goodra|Goodra-Hisui, M|57/100 par
|-damage|p1a: Goodra|51/100 par|[from] Stealth Rock
|move|p2a: Ogerpon|U-turn|p1a: Goodra
|-resisted|p1a: Goodra
|-damage|p1a: Goodra|39/100 par
|
|t:|1760828257
|switch|p2a: Arcanine|Arcanine-Hisui, M|100/100|[from] U-turn
|
|upkeep
|turn|18
|l|☆YJIOG
|inactive|YJIOG disconnected and has a minute to reconnect!
|player|p1|
|inactive|YJIOG has 30 seconds to reconnect!
|inactive|YJIOG has 20 seconds to reconnect!
|j|☆YJIOG
|inactive|YJIOG reconnected and has 105 seconds left.
|player|p1|YJIOG|scientist-gen4dp|
|
|t:|1760828305
|switch|p1a: Great Tusk|Great Tusk|100/100
|move|p2a: Arcanine|Head Smash|p1a: Great Tusk
|-resisted|p1a: Great Tusk
|-damage|p1a: Great Tusk|82/100
|
|upkeep
|turn|19
|
|t:|1760828314
|switch|p2a: Ogerpon|Ogerpon-Wellspring-Tera, F, tera:Water|42/100
|-ability|p2a: Ogerpon|Embody Aspect (Wellspring)|boost
|-boost|p2a: Ogerpon|spd|1
|move|p1a: Great Tusk|Rapid Spin|p2a: Ogerpon
|-damage|p2a: Ogerpon|21/100
|-boost|p1a: Great Tusk|spe|1
|-sideend|p1: YJIOG|Stealth Rock|[from] move: Rapid Spin|[of] p1a: Great Tusk
|
|upkeep
|turn|20
|
|t:|1760828324
|move|p1a: Great Tusk|Headlong Rush|p2a: Ogerpon
|-crit|p2a: Ogerpon
|-damage|p2a: Ogerpon|0 fnt
|-unboost|p1a: Great Tusk|def|1
|-unboost|p1a: Great Tusk|spd|1
|faint|p2a: Ogerpon
|detailschange|p2: Ogerpon|Ogerpon-Wellspring, F|[silent]
|
|upkeep
|-message|DrSpada forfeited.
|
|win|YJIOG
|raw|YJIOG's rating: 1425 &rarr; <strong>1445</strong><br />(+20 for winning)
|raw|DrSpada's rating: 1424 &rarr; <strong>1404</strong><br />(-20 for losing)
|l|☆DrSpada
|player|p2|
|l|☆YJIOG
|player|p1|
|j|☆YJIOG
|player|p1|YJIOG|scientist-gen4dp|
|l|☆YJIOG
|player|p1|
