|j|☆NeoNidus9
|j|☆Clairrr03
|t:|1760877682
|gametype|singles
|player|p1|NeoNidus9|sabrina|1408
|player|p2|Clairrr03|169|1412
|gen|9
|tier|[Gen 9] OU
|rated|
|rule|HP Percentage Mod: HP is shown in percentages
|rule|Endless Battle Clause: Forcing endless battles is banned
|rule|Species Clause: Limit one of each Pokémon
|rule|OHKO Clause: OHKO moves are banned
|rule|Evasion Items Clause: Evasion items are banned
|rule|Evasion Moves Clause: Evasion moves are banned
|rule|Evasion Abilities Clause: Evasion abilities are banned
|rule|Sleep Moves Clause: Sleep-inducing moves are banned
|clearpoke
|poke|p1|Clefable, M|
|poke|p1|Ting-Lu|
|poke|p1|Heatran, M|
|poke|p1|Pecharunt|
|poke|p1|Latios, M|
|poke|p1|Scizor, M|
|poke|p2|Iron Valiant|
|poke|p2|Great Tusk|
|poke|p2|Gholdengo|
|poke|p2|Samurott-Hisui, F|
|poke|p2|Moltres|
|poke|p2|Ogerpon-Cornerstone, F|
|teampreview
|inactive|Battle timer is ON: inactive players will automatically lose when time's up. (requested by Clairrr03)
|
|t:|1760877692
|teamsize|p1|6
|teamsize|p2|6
|start
|switch|p1a: Clefable|Clefable, M|100/100
|switch|p2a: Iron Valiant|Iron Valiant|100/100
|turn|1
|
|t:|1760877700
|-end|p2a: Iron Valiant|Quark Drive|[silent]
|switch|p2a: Moltres|Moltres|100/100
|move|p1a: Clefable|Moonblast|p2a: Moltres
|-resisted|p2a: Moltres
|-damage|p2a: Moltres|84/100
|
|upkeep
|turn|2
|inactive|NeoNidus9 has 120 seconds left.
|
|t:|1760877735
|move|p2a: Moltres|U-turn|p1a: Clefable
|-resisted|p1a: Clefable
|-damage|p1a: Clefable|95/100
|
|t:|1760877745
|switch|p2a: Gholdengo|Gholdengo|100/100|[from] U-turn
|-item|p2a: Gholdengo|Air Balloon
|move|p1a: Clefable|Trick|p2a: Gholdengo
|-immune|p2a: Gholdengo|[from] ability: Good as Gold
|
|upkeep
|turn|3
|
|t:|1760877754
|switch|p1a: Ting-Lu|Ting-Lu|100/100
|-ability|p1a: Ting-Lu|Vessel of Ruin
|move|p2a: Gholdengo|Thunder Wave|p1a: Ting-Lu
|-immune|p1a: Ting-Lu
|
|upkeep
|turn|4
|
|t:|1760877765
|switch|p2a: Moltres|Moltres|84/100
|move|p1a: Ting-Lu|Throat Chop|p2a: Moltres
|-damage|p2a: Moltres|64/100
|-start|p2a: Moltres|Throat Chop|[silent]
|
|upkeep
|turn|5
|
|t:|1760877772
|move|p2a: Moltres|Roost|p2a: Moltres
|-heal|p2a: Moltres|100/100
|-singleturn|p2a: Moltres|move: Roost
|move|p1a: Ting-Lu|Stealth Rock|p2a: Moltres
|-sidestart|p2: Clairrr03|move: Stealth Rock
|
|-end|p2a: Moltres|Throat Chop|[silent]
|upkeep
|turn|6
|
|t:|1760877784
|switch|p1a: Clefable|Clefable, M|95/100
|move|p2a: Moltres|Flamethrower|p1a: Clefable
|-damage|p1a: Clefable|58/100
|
|upkeep
|turn|7
|
|t:|1760877794
|move|p2a: Moltres|U-turn|p1a: Clefable
|-resisted|p1a: Clefable
|-damage|p1a: Clefable|53/100
|
|t:|1760877797
|switch|p2a: Gholdengo|Gholdengo|100/100|[from] U-turn
|-damage|p2a: Gholdengo|94/100|[from] Stealth Rock
|-item|p2a: Gholdengo|Air Balloon
|move|p1a: Clefable|Moonlight|p1a: Clefable
|-heal|p1a: Clefable|100/100
|
|upkeep
|turn|8
|
|t:|1760877808
|switch|p2a: Iron Valiant|Iron Valiant|100/100
|-damage|p2a: Iron Valiant|94/100|[from] Stealth Rock
|switch|p1a: Ting-Lu|Ting-Lu|100/100
|-ability|p1a: Ting-Lu|Vessel of Ruin
|
|upkeep
|turn|9
|
|t:|1760877822
|switch|p1a: Pecharunt|Pecharunt|100/100
|move|p2a: Iron Valiant|Moonblast|p1a: Pecharunt
|-resisted|p1a: Pecharunt
|-damage|p1a: Pecharunt|73/100
|
|upkeep
|turn|10
|
|t:|1760877836
|-end|p2a: Iron Valiant|Quark Drive|[silent]
|switch|p2a: Moltres|Moltres|100/100
|switch|p1a: Heatran|Heatran, M|100/100
|
|upkeep
|turn|11
|
|t:|1760877850
|move|p2a: Moltres|U-turn|p1a: Heatran
|-resisted|p1a: Heatran
|-damage|p1a: Heatran|97/100
|
|t:|1760877853
|switch|p2a: Samurott|Samurott-Hisui, F|100/100|[from] U-turn
|-damage|p2a: Samurott|88/100|[from] Stealth Rock
|move|p1a: Heatran|Lava Plume|p2a: Samurott
|-resisted|p2a: Samurott
|-damage|p2a: Samurott|51/100
|-status|p2a: Samurott|brn
|
|-damage|p2a: Samurott|45/100 brn|[from] brn
|upkeep
|turn|12
|
|t:|1760877874
|switch|p1a: Clefable|Clefable, M|100/100
|move|p2a: Samurott|Flip Turn|p1a: Clefable
|-damage|p1a: Clefable|90/100
|
|t:|1760877880
|switch|p2a: Gholdengo|Gholdengo|94/100|[from] Flip Turn
|-damage|p2a: Gholdengo|88/100|[from] Stealth Rock
|-item|p2a: Gholdengo|Air Balloon
|
|upkeep
|turn|13
|
|t:|1760877886
|switch|p1a: Ting-Lu|Ting-Lu|100/100
|-ability|p1a: Ting-Lu|Vessel of Ruin
|move|p2a: Gholdengo|Make It Rain|p1a: Ting-Lu
|-damage|p1a: Ting-Lu|77/100
|-unboost|p2a: Gholdengo|spa|1
|
|-heal|p1a: Ting-Lu|83/100|[from] item: Leftovers
|upkeep
|turn|14
|
|t:|1760877907
|switch|p2a: Moltres|Moltres|100/100
|switch|p1a: Heatran|Heatran, M|97/100
|
|upkeep
|turn|15
|
|t:|1760877916
|move|p2a: Moltres|U-turn|p1a: Heatran
|-resisted|p1a: Heatran
|-damage|p1a: Heatran|94/100
|
|t:|1760877922
|switch|p2a: Samurott|Samurott-Hisui, F|45/100 brn|[from] U-turn
|-damage|p2a: Samurott|32/100 brn|[from] Stealth Rock
|move|p1a: Heatran|Lava Plume|p2a: Samurott
|-resisted|p2a: Samurott
|-damage|p2a: Samurott|0 fnt
|faint|p2a: Samurott
|
|upkeep
|
|t:|1760877926
|switch|p2a: Great Tusk|Great Tusk|100/100
|-damage|p2a: Great Tusk|98/100|[from] Stealth Rock
|turn|16
|inactive|NeoNidus9 has 120 seconds left.
|
|t:|1760877957
|switch|p1a: Latios|Latios, M|100/100
|move|p2a: Great Tusk|Knock Off|p1a: Latios
|-supereffective|p1a: Latios
|-damage|p1a: Latios|33/100
|-enditem|p1a: Latios|Choice Scarf|[from] move: Knock Off|[of] p2a: Great Tusk
|
|upkeep
|turn|17
|inactive|NeoNidus9 has 120 seconds left.
|
|t:|1760877969
|-end|p2a: Great Tusk|Protosynthesis|[silent]
|switch|p2a: Gholdengo|Gholdengo|88/100
|-damage|p2a: Gholdengo|82/100|[from] Stealth Rock
|-item|p2a: Gholdengo|Air Balloon
|move|p1a: Latios|Luster Purge|p2a: Gholdengo
|-resisted|p2a: Gholdengo
|-damage|p2a: Gholdengo|61/100
|-enditem|p2a: Gholdengo|Air Balloon
|
|upkeep
|turn|18
|inactive|NeoNidus9 has 120 seconds left.
|
|t:|1760877992
|switch|p1a: Ting-Lu|Ting-Lu|83/100
|-ability|p1a: Ting-Lu|Vessel of Ruin
|move|p2a: Gholdengo|Make It Rain|p1a: Ting-Lu
|-damage|p1a: Ting-Lu|61/100
|-unboost|p2a: Gholdengo|spa|1
|
|-heal|p1a: Ting-Lu|67/100|[from] item: Leftovers
|upkeep
|turn|19
|
|t:|1760878003
|switch|p2a: Moltres|Moltres|100/100
|switch|p1a: Heatran|Heatran, M|94/100
|
|upkeep
|turn|20
|
|t:|1760878024
|move|p2a: Moltres|U-turn|p1a: Heatran
|-resisted|p1a: Heatran
|-damage|p1a: Heatran|91/100
|
|t:|1760878030
|switch|p2a: Iron Valiant|Iron Valiant|94/100|[from] U-turn
|-damage|p2a: Iron Valiant|88/100|[from] Stealth Rock
|move|p1a: Heatran|Lava Plume|p2a: Iron Valiant
|-damage|p2a: Iron Valiant|6/100
|
|upkeep
|turn|21
|inactive|NeoNidus9 has 120 seconds left.
|
|t:|1760878041
|switch|p1a: Pecharunt|Pecharunt|73/100
|move|p2a: Iron Valiant|Thunderbolt|p1a: Pecharunt
|-damage|p1a: Pecharunt|40/100
|-status|p1a: Pecharunt|par
|
|upkeep
|turn|22
|inactive|NeoNidus9 has 120 seconds left.
|
|t:|1760878057
|move|p2a: Iron Valiant|Thunderbolt|p1a: Pecharunt
|-damage|p1a: Pecharunt|6/100 par
|cant|p1a: Pecharunt|par
|
|upkeep
|turn|23
|
|t:|1760878065
|move|p2a: Iron Valiant|Thunderbolt|p1a: Pecharunt
|-damage|p1a: Pecharunt|0 fnt
|faint|p1a: Pecharunt
|
|upkeep
|
|t:|1760878070
|switch|p1a: Scizor|Scizor, M|100/100
|turn|24
|
|t:|1760878077
|move|p2a: Iron Valiant|Thunderbolt|p1a: Scizor
|-crit|p1a: Scizor
|-damage|p1a: Scizor|17/100
|move|p1a: Scizor|U-turn|p2a: Iron Valiant
|-resisted|p2a: Iron Valiant
|-damage|p2a: Iron Valiant|0 fnt
|faint|p2a: Iron Valiant
|-end|p2a: Iron Valiant|Quark Drive|[silent]
|inactive|NeoNidus9 has 120 seconds left.
|
|t:|1760878088
|switch|p1a: Ting-Lu|Ting-Lu|67/100|[from] U-turn
|-ability|p1a: Ting-Lu|Vessel of Ruin
|
|-heal|p1a: Ting-Lu|73/100|[from] item: Leftovers
|upkeep
|
|t:|1760878093
|switch|p2a: Great Tusk|Great Tusk|98/100
|-damage|p2a: Great Tusk|95/100|[from] Stealth Rock
|turn|25
|
|t:|1760878099
|switch|p1a: Latios|Latios, M|33/100
|move|p2a: Great Tusk|Rapid Spin|p1a: Latios
|-damage|p1a: Latios|17/100
|-boost|p2a: Great Tusk|spe|1
|-sideend|p2: Clairrr03|Stealth Rock|[from] move: Rapid Spin|[of] p2a: Great Tusk
|
|upkeep
|turn|26
|
|t:|1760878107
|move|p2a: Great Tusk|Rapid Spin|p1a: Latios
|-damage|p1a: Latios|1/100
|-boost|p2a: Great Tusk|spe|1
|move|p1a: Latios|Luster Purge|p2a: Great Tusk
|-supereffective|p2a: Great Tusk
|-damage|p2a: Great Tusk|0 fnt
|faint|p2a: Great Tusk
|-end|p2a: Great Tusk|Protosynthesis|[silent]
|
|upkeep
|
|t:|1760878119
|switch|p2a: Gholdengo|Gholdengo|61/100
|turn|27
|
|t:|1760878134
|move|p1a: Latios|Luster Purge|p2a: Gholdengo
|-resisted|p2a: Gholdengo
|-damage|p2a: Gholdengo|41/100
|move|p2a: Gholdengo|Recover|p2a: Gholdengo
|-heal|p2a: Gholdengo|91/100
|
|upkeep
|turn|28
|
|t:|1760878147
|switch|p2a: Moltres|Moltres|100/100
|move|p1a: Latios|Luster Purge|p2a: Moltres
|-damage|p2a: Moltres|61/100
|-unboost|p2a: Moltres|spd|1
|
|upkeep
|turn|29
|
|t:|1760878153
|move|p1a: Latios|Luster Purge|p2a: Moltres
|-damage|p2a: Moltres|1/100
|move|p2a: Moltres|U-turn|p1a: Latios
|-supereffective|p1a: Latios
|-damage|p1a: Latios|0 fnt
|faint|p1a: Latios
|
|t:|1760878163
|switch|p2a: Ogerpon|Ogerpon-Cornerstone, F|100/100|[from] U-turn
|
|upkeep
|
|t:|1760878168
|switch|p1a: Scizor|Scizor, M|17/100
|turn|30
|
|t:|1760878190
|-terastallize|p2a: Ogerpon|Rock
|detailschange|p2a: Ogerpon|Ogerpon-Cornerstone-Tera, F, tera:Rock
|-ability|p2a: Ogerpon|Embody Aspect (Cornerstone)|boost
|-boost|p2a: Ogerpon|def|1
|move|p1a: Scizor|Bullet Punch|p2a: Ogerpon
|-supereffective|p2a: Ogerpon
|-damage|p2a: Ogerpon|15/100
|move|p2a: Ogerpon|Ivy Cudgel|p1a: Scizor|[anim] Ivy Cudgel Rock
|-crit|p1a: Scizor
|-damage|p1a: Scizor|0 fnt
|faint|p1a: Scizor
|
|upkeep
|
|t:|1760878210
|switch|p1a: Clefable|Clefable, M|90/100
|turn|31
|
|t:|1760878217
|switch|p2a: Moltres|Moltres|1/100
|move|p1a: Clefable|Moonblast|p2a: Moltres
|-resisted|p2a: Moltres
|-damage|p2a: Moltres|0 fnt
|faint|p2a: Moltres
|
|upkeep
|
|t:|1760878219
|switch|p2a: Gholdengo|Gholdengo|91/100
|turn|32
|
|t:|1760878236
|switch|p2a: Ogerpon|Ogerpon-Cornerstone-Tera, F, tera:Rock|15/100
|-ability|p2a: Ogerpon|Embody Aspect (Cornerstone)|boost
|-boost|p2a: Ogerpon|def|1
|switch|p1a: Ting-Lu|Ting-Lu|73/100
|-ability|p1a: Ting-Lu|Vessel of Ruin
|
|-heal|p1a: Ting-Lu|79/100|[from] item: Leftovers
|upkeep
|turn|33
|
|t:|1760878254
|switch|p1a: Clefable|Clefable, M|90/100
|move|p2a: Ogerpon|Power Whip|p1a: Clefable
|-damage|p1a: Clefable|32/100
|
|upkeep
|turn|34
|
|t:|1760878261
|move|p2a: Ogerpon|Ivy Cudgel|p1a: Clefable|[anim] Ivy Cudgel Rock
|-damage|p1a: Clefable|0 fnt
|faint|p1a: Clefable
|
|upkeep
|
|t:|1760878265
|switch|p1a: Ting-Lu|Ting-Lu|79/100
|-ability|p1a: Ting-Lu|Vessel of Ruin
|turn|35
|
|t:|1760878276
|move|p2a: Ogerpon|Power Whip|p1a: Ting-Lu|[miss]
|-miss|p2a: Ogerpon|p1a: Ting-Lu
|move|p1a: Ting-Lu|Earthquake|p2a: Ogerpon
|-supereffective|p2a: Ogerpon
|-crit|p2a: Ogerpon
|-damage|p2a: Ogerpon|0 fnt
|faint|p2a: Ogerpon
|detailschange|p2: Ogerpon|Ogerpon-Cornerstone, F|[silent]
|
|-heal|p1a: Ting-Lu|86/100|[from] item: Leftovers
|upkeep
|
|t:|1760878284
|switch|p2a: Gholdengo|Gholdengo|91/100
|turn|36
|
|t:|1760878301
|move|p2a: Gholdengo|Make It Rain|p1a: Ting-Lu
|-damage|p1a: Ting-Lu|62/100
|-unboost|p2a: Gholdengo|spa|1
|move|p1a: Ting-Lu|Earthquake|p2a: Gholdengo
|-supereffective|p2a: Gholdengo
|-crit|p2a: Gholdengo
|-damage|p2a: Gholdengo|14/100
|
|-heal|p1a: Ting-Lu|68/100|[from] item: Leftovers
|upkeep
|turn|37
|
|t:|1760878310
|move|p2a: Gholdengo|Make It Rain|p1a: Ting-Lu
|-damage|p1a: Ting-Lu|52/100
|-unboost|p2a: Gholdengo|spa|1
|move|p1a: Ting-Lu|Earthquake|p2a: Gholdengo
|-supereffective|p2a: Gholdengo
|-damage|p2a: Gholdengo|0 fnt
|faint|p2a: Gholdengo
|
|win|NeoNidus9
|raw|NeoNidus9's rating: 1408 &rarr; <strong>1428</strong><br />(+20 for winning)
|raw|Clairrr03's rating: 1412 &rarr; <strong>1392</strong><br />(-20 for losing)
|l|☆NeoNidus9
|player|p1|
