|j|☆jsnsddk
|j|☆monkeling
|t:|1760846998
|gametype|singles
|player|p1|jsnsddk|1|1475
|player|p2|monkeling|ash|1512
|gen|9
|tier|[Gen 9] OU
|rated|
|rule|HP Percentage Mod: HP is shown in percentages
|rule|Endless Battle Clause: Forcing endless battles is banned
|rule|Species Clause: Limit one of each Pokémon
|rule|OHKO Clause: OHKO moves are banned
|rule|Evasion Items Clause: Evasion items are banned
|rule|Evasion Moves Clause: Evasion moves are banned
|rule|Evasion Abilities Clause: Evasion abilities are banned
|rule|Sleep Moves Clause: Sleep-inducing moves are banned
|clearpoke
|poke|p1|Primarina, M|
|poke|p1|Alomomola, F|
|poke|p1|Ursaluna, F|
|poke|p1|Cinderace, M|
|poke|p1|Slowking-Galar, M|
|poke|p1|Rillaboom, M|
|poke|p2|Ting-Lu|
|poke|p2|Dondozo, M|
|poke|p2|Corviknight, F|
|poke|p2|Great Tusk|
|poke|p2|Dragonite, F|
|poke|p2|Slowking-Galar, F|
|teampreview
|inactive|Battle timer is ON: inactive players will automatically lose when time's up. (requested by jsnsddk)
|
|t:|1760847008
|teamsize|p1|6
|teamsize|p2|6
|start
|switch|p1a: Slowking|Slowking-Galar, M|100/100
|switch|p2a: Great Tusk|Great Tusk|100/100
|turn|1
|
|t:|1760847011
|switch|p1a: Alomomola|Alomomola, F|100/100
|move|p2a: Great Tusk|Earthquake|p1a: Alomomola
|-damage|p1a: Alomomola|78/100
|
|upkeep
|turn|2
|
|t:|1760847019
|-end|p2a: Great Tusk|Protosynthesis|[silent]
|switch|p2a: Slowking|Slowking-Galar, F|100/100
|move|p1a: Alomomola|Flip Turn|p2a: Slowking
|-damage|p2a: Slowking|85/100
|j| OneBirdyBoi
|l| OneBirdyBoi
|
|t:|1760847028
|switch|p1a: Slowking|Slowking-Galar, M|100/100|[from] Flip Turn
|
|upkeep
|turn|3
|
|t:|1760847032
|move|p2a: Slowking|Future Sight|p1a: Slowking
|-start|p2a: Slowking|move: Future Sight
|move|p1a: Slowking|Trick Room|p1a: Slowking
|-fieldstart|move: Trick Room|[of] p1a: Slowking
|
|upkeep
|turn|4
|
|t:|1760847041
|move|p2a: Slowking|Toxic|p1a: Slowking
|-immune|p1a: Slowking
|-prepare|p1a: Slowking|Chilly Reception|[premajor]
|move|p1a: Slowking|Chilly Reception|p1a: Slowking
|-weather|Snowscape
|
|t:|1760847050
|switch|p1a: Ursaluna|Ursaluna, F|100/100|[from] Chilly Reception
|
|-weather|Snowscape|[upkeep]
|-status|p1a: Ursaluna|brn|[from] item: Flame Orb
|upkeep
|turn|5
|
|t:|1760847055
|switch|p2a: Corviknight|Corviknight, F|100/100
|-ability|p2a: Corviknight|Pressure
|move|p1a: Ursaluna|Swords Dance|p1a: Ursaluna
|-boost|p1a: Ursaluna|atk|2
|
|-weather|Snowscape|[upkeep]
|-end|p1a: Ursaluna|move: Future Sight
|-damage|p1a: Ursaluna|58/100 brn
|-damage|p1a: Ursaluna|51/100 brn|[from] brn
|upkeep
|turn|6
|
|t:|1760847061
|move|p1a: Ursaluna|Fire Punch|p2a: Corviknight
|-supereffective|p2a: Corviknight
|-damage|p2a: Corviknight|0 fnt
|faint|p2a: Corviknight
|
|-weather|Snowscape|[upkeep]
|-damage|p1a: Ursaluna|45/100 brn|[from] brn
|upkeep
|
|t:|1760847070
|switch|p2a: Dondozo|Dondozo, M|100/100
|turn|7
|
|t:|1760847077
|switch|p1a: Alomomola|Alomomola, F|100/100
|move|p2a: Dondozo|Body Press|p1a: Alomomola
|-damage|p1a: Alomomola|86/100
|
|-weather|Snowscape|[upkeep]
|-fieldend|move: Trick Room
|upkeep
|turn|8
|
|t:|1760847082
|move|p2a: Dondozo|Curse|p2a: Dondozo
|-unboost|p2a: Dondozo|spe|1
|-boost|p2a: Dondozo|atk|1
|-boost|p2a: Dondozo|def|1
|move|p1a: Alomomola|Wish|p1a: Alomomola
|
|-weather|none
|upkeep
|turn|9
|
|t:|1760847089
|move|p2a: Dondozo|Curse|p2a: Dondozo
|-unboost|p2a: Dondozo|spe|1
|-boost|p2a: Dondozo|atk|1
|-boost|p2a: Dondozo|def|1
|move|p1a: Alomomola|Flip Turn|p2a: Dondozo
|-resisted|p2a: Dondozo
|-damage|p2a: Dondozo|99/100
|
|t:|1760847091
|switch|p1a: Ursaluna|Ursaluna, F|45/100 brn|[from] Flip Turn
|
|-heal|p1a: Ursaluna|100/100 brn|[from] move: Wish|[wisher] Alomomola
|-damage|p1a: Ursaluna|94/100 brn|[from] brn
|upkeep
|turn|10
|
|t:|1760847095
|switch|p1a: Primarina|Primarina, M|100/100
|move|p2a: Dondozo|Waterfall|p1a: Primarina
|-resisted|p1a: Primarina
|-damage|p1a: Primarina|64/100
|
|upkeep
|turn|11
|
|t:|1760847104
|switch|p2a: Slowking|Slowking-Galar, F|100/100
|move|p1a: Primarina|Moonblast|p2a: Slowking
|-resisted|p2a: Slowking
|-damage|p2a: Slowking|84/100
|-unboost|p2a: Slowking|spa|1
|
|upkeep
|turn|12
|
|t:|1760847111
|switch|p1a: Slowking|Slowking-Galar, M|100/100
|move|p2a: Slowking|Future Sight|p1a: Slowking
|-start|p2a: Slowking|move: Future Sight
|
|upkeep
|turn|13
|
|t:|1760847119
|-prepare|p2a: Slowking|Chilly Reception|[premajor]
|move|p2a: Slowking|Chilly Reception|p2a: Slowking
|-weather|Snowscape
|
|t:|1760847136
|switch|p2a: Ting-Lu|Ting-Lu|100/100|[from] Chilly Reception
|-ability|p2a: Ting-Lu|Vessel of Ruin
|-prepare|p1a: Slowking|Chilly Reception|[premajor]
|move|p1a: Slowking|Chilly Reception|p1a: Slowking
|j| Itachi23
|
|t:|1760847148
|switch|p1a: Rillaboom|Rillaboom, M|100/100|[from] Chilly Reception
|-fieldstart|move: Grassy Terrain|[from] ability: Grassy Surge|[of] p1a: Rillaboom
|
|-weather|Snowscape|[upkeep]
|upkeep
|turn|14
|
|t:|1760847156
|switch|p2a: Slowking|Slowking-Galar, F|100/100
|move|p1a: Rillaboom|U-turn|p2a: Slowking
|-damage|p2a: Slowking|58/100
|
|t:|1760847166
|switch|p1a: Slowking|Slowking-Galar, M|100/100|[from] U-turn
|
|-weather|Snowscape|[upkeep]
|-end|p1a: Slowking|move: Future Sight
|-damage|p1a: Slowking|76/100
|-heal|p2a: Slowking|64/100|[from] Grassy Terrain
|-heal|p1a: Slowking|82/100|[from] Grassy Terrain
|upkeep
|turn|15
|
|t:|1760847171
|move|p2a: Slowking|Future Sight|p1a: Slowking
|-start|p2a: Slowking|move: Future Sight
|move|p1a: Slowking|Thunder Wave|p2a: Slowking|[miss]
|-miss|p1a: Slowking|p2a: Slowking
|
|-weather|Snowscape|[upkeep]
|-heal|p2a: Slowking|70/100|[from] Grassy Terrain
|-heal|p1a: Slowking|88/100|[from] Grassy Terrain
|upkeep
|turn|16
|
|t:|1760847177
|-prepare|p2a: Slowking|Chilly Reception|[premajor]
|move|p2a: Slowking|Chilly Reception|p2a: Slowking
|
|t:|1760847181
|switch|p2a: Ting-Lu|Ting-Lu|100/100|[from] Chilly Reception
|-ability|p2a: Ting-Lu|Vessel of Ruin
|-prepare|p1a: Slowking|Chilly Reception|[premajor]
|move|p1a: Slowking|Chilly Reception|p1a: Slowking
|
|t:|1760847189
|switch|p1a: Rillaboom|Rillaboom, M|100/100|[from] Chilly Reception
|
|-weather|Snowscape|[upkeep]
|upkeep
|turn|17
|
|t:|1760847197
|switch|p2a: Slowking|Slowking-Galar, F|100/100
|move|p1a: Rillaboom|Wood Hammer|p2a: Slowking
|-resisted|p2a: Slowking
|-damage|p2a: Slowking|38/100
|-damage|p1a: Rillaboom|80/100|[from] Recoil
|
|-weather|none
|-end|p1a: Rillaboom|move: Future Sight
|-damage|p1a: Rillaboom|31/100
|-heal|p1a: Rillaboom|37/100|[from] Grassy Terrain
|-heal|p2a: Slowking|44/100|[from] Grassy Terrain
|-fieldend|move: Grassy Terrain
|upkeep
|turn|18
|
|t:|1760847209
|move|p1a: Rillaboom|Wood Hammer|p2a: Slowking
|-resisted|p2a: Slowking
|-damage|p2a: Slowking|0 fnt
|faint|p2a: Slowking
|-damage|p1a: Rillaboom|23/100|[from] Recoil
|
|upkeep
|
|t:|1760847216
|switch|p2a: Dragonite|Dragonite, F|100/100
|turn|19
|
|t:|1760847227
|switch|p1a: Cinderace|Cinderace, M|100/100
|move|p2a: Dragonite|Dragon Dance|p2a: Dragonite
|-boost|p2a: Dragonite|atk|1
|-boost|p2a: Dragonite|spe|1
|
|upkeep
|turn|20
|
|t:|1760847241
|-terastallize|p1a: Cinderace|Dragon
|move|p2a: Dragonite|Earthquake|p1a: Cinderace
|-damage|p1a: Cinderace|61/100
|move|p1a: Cinderace|Will-O-Wisp|p2a: Dragonite
|-status|p2a: Dragonite|brn
|
|-damage|p2a: Dragonite|94/100 brn|[from] brn
|upkeep
|turn|21
|
|t:|1760847253
|switch|p1a: Alomomola|Alomomola, F|100/100
|move|p2a: Dragonite|Dragon Dance|p2a: Dragonite
|-boost|p2a: Dragonite|atk|1
|-boost|p2a: Dragonite|spe|1
|
|-damage|p2a: Dragonite|88/100 brn|[from] brn
|upkeep
|turn|22
|
|t:|1760847256
|move|p2a: Dragonite|Dragon Dance|p2a: Dragonite
|-boost|p2a: Dragonite|atk|1
|-boost|p2a: Dragonite|spe|1
|move|p1a: Alomomola|Ice Beam|p2a: Dragonite
|-supereffective|p2a: Dragonite
|-damage|p2a: Dragonite|61/100 brn
|
|-damage|p2a: Dragonite|55/100 brn|[from] brn
|upkeep
|turn|23
|
|t:|1760847265
|-terastallize|p2a: Dragonite|Fairy
|move|p2a: Dragonite|Dragon Dance|p2a: Dragonite
|-boost|p2a: Dragonite|atk|1
|-boost|p2a: Dragonite|spe|1
|move|p1a: Alomomola|Ice Beam|p2a: Dragonite
|-crit|p2a: Dragonite
|-damage|p2a: Dragonite|45/100 brn
|
|-damage|p2a: Dragonite|39/100 brn|[from] brn
|upkeep
|turn|24
|l| Itachi23
|
|t:|1760847275
|move|p2a: Dragonite|Roost|p2a: Dragonite
|-heal|p2a: Dragonite|89/100 brn
|move|p1a: Alomomola|Wish|p1a: Alomomola
|
|-damage|p2a: Dragonite|82/100 brn|[from] brn
|upkeep
|turn|25
|
|t:|1760847278
|move|p2a: Dragonite|Dragon Dance|p2a: Dragonite
|-boost|p2a: Dragonite|atk|1
|-boost|p2a: Dragonite|spe|1
|move|p1a: Alomomola|Flip Turn|p2a: Dragonite
|-damage|p2a: Dragonite|66/100 brn
|inactive|jsnsddk has 120 seconds left.
|
|t:|1760847319
|switch|p1a: Ursaluna|Ursaluna, F|94/100 brn|[from] Flip Turn
|
|-heal|p1a: Ursaluna|100/100 brn|[from] move: Wish|[wisher] Alomomola
|-damage|p2a: Dragonite|60/100 brn|[from] brn
|-damage|p1a: Ursaluna|94/100 brn|[from] brn
|upkeep
|turn|26
|
|t:|1760847322
|move|p2a: Dragonite|Tera Blast|p1a: Ursaluna|[anim] Tera Blast Fairy
|-damage|p1a: Ursaluna|51/100 brn
|move|p1a: Ursaluna|Facade|p2a: Dragonite
|-damage|p2a: Dragonite|0 fnt
|faint|p2a: Dragonite
|
|-damage|p1a: Ursaluna|44/100 brn|[from] brn
|upkeep
|-message|monkeling forfeited.
|
|win|jsnsddk
|raw|jsnsddk's rating: 1475 &rarr; <strong>1497</strong><br />(+22 for winning)
|raw|monkeling's rating: 1512 &rarr; <strong>1490</strong><br />(-22 for losing)
|l|☆monkeling
|player|p2|
