|j|☆Kadeerkarim64
|j|☆Eyepatchs
|t:|1760761533
|gametype|singles
|player|p1|Kadeerkarim64|iris-gen5bw2|1203
|player|p2|Eyepatchs|pokekid|1189
|gen|9
|tier|[Gen 9] OU
|rated|
|rule|HP Percentage Mod: HP is shown in percentages
|rule|Endless Battle Clause: Forcing endless battles is banned
|rule|Species Clause: Limit one of each Pokémon
|rule|OHKO Clause: OHKO moves are banned
|rule|Evasion Items Clause: Evasion items are banned
|rule|Evasion Moves Clause: Evasion moves are banned
|rule|Evasion Abilities Clause: Evasion abilities are banned
|rule|Sleep Moves Clause: Sleep-inducing moves are banned
|clearpoke
|poke|p1|Galvantula, M|
|poke|p1|Cinderace, M|
|poke|p1|Goodra, F|
|poke|p1|Blastoise, F|
|poke|p1|Donphan, M|
|poke|p1|Primeape, F|
|poke|p2|Scizor, M|
|poke|p2|Garchomp, M|
|poke|p2|Samurott-Hisui, F|
|poke|p2|Dragapult, M|
|poke|p2|Corviknight, M|
|poke|p2|Hatterene, F|
|teampreview
|
|t:|1760761548
|teamsize|p1|6
|teamsize|p2|6
|start
|switch|p1a: Galvantula|Galvantula, M|100/100
|switch|p2a: Dragapult|Dragapult, M|100/100
|turn|1
|
|t:|1760761556
|move|p2a: Dragapult|Hex|p1a: Galvantula
|-damage|p1a: Galvantula|53/100
|move|p1a: Galvantula|Thunder Wave|p2a: Dragapult
|-status|p2a: Dragapult|par
|
|upkeep
|turn|2
|
|t:|1760761564
|move|p1a: Galvantula|Sticky Web|p2a: Dragapult
|-sidestart|p2: Eyepatchs|move: Sticky Web
|move|p2a: Dragapult|Draco Meteor|p1a: Galvantula
|-damage|p1a: Galvantula|0 fnt
|-unboost|p2a: Dragapult|spa|2
|faint|p1a: Galvantula
|
|upkeep
|inactive|Battle timer is ON: inactive players will automatically lose when time's up. (requested by Eyepatchs)
|
|t:|1760761583
|switch|p1a: Primeape|Primeape, F|100/100
|turn|3
|
|t:|1760761600
|move|p1a: Primeape|Bulk Up|p1a: Primeape
|-boost|p1a: Primeape|atk|1
|-boost|p1a: Primeape|def|1
|cant|p2a: Dragapult|par
|
|upkeep
|turn|4
|
|t:|1760761619
|-terastallize|p1a: Primeape|Ghost
|move|p1a: Primeape|Rage Fist|p2a: Dragapult
|-supereffective|p2a: Dragapult
|-damage|p2a: Dragapult|10/100 par
|cant|p2a: Dragapult|par
|
|upkeep
|turn|5
|
|t:|1760761628
|move|p1a: Primeape|Rage Fist|p2a: Dragapult
|-supereffective|p2a: Dragapult
|-damage|p2a: Dragapult|0 fnt
|faint|p2a: Dragapult
|
|upkeep
|
|t:|1760761630
|switch|p2a: Corviknight|Corviknight, M|100/100
|-ability|p2a: Corviknight|Pressure
|turn|6
|
|t:|1760761638
|move|p1a: Primeape|Taunt|p2a: Corviknight
|-start|p2a: Corviknight|move: Taunt
|cant|p2a: Corviknight|move: Taunt|Iron Defense
|
|upkeep
|turn|7
|
|t:|1760761650
|move|p1a: Primeape|Bulk Up|p1a: Primeape
|-boost|p1a: Primeape|atk|1
|-boost|p1a: Primeape|def|1
|move|p2a: Corviknight|U-turn|p1a: Primeape
|-resisted|p1a: Primeape
|-damage|p1a: Primeape|97/100
|
|t:|1760761657
|switch|p2a: Hatterene|Hatterene, F|100/100|[from] U-turn
|-activate|p2a: Hatterene|move: Sticky Web
|-unboost|p2a: Hatterene|spe|1
|
|upkeep
|turn|8
|
|t:|1760761665
|move|p1a: Primeape|Rage Fist|p2a: Hatterene
|-supereffective|p2a: Hatterene
|-damage|p2a: Hatterene|0 fnt
|faint|p2a: Hatterene
|
|upkeep
|
|t:|1760761673
|switch|p2a: Samurott|Samurott-Hisui, F|100/100
|-activate|p2a: Samurott|move: Sticky Web
|-unboost|p2a: Samurott|spe|1
|turn|9
|
|t:|1760761679
|move|p1a: Primeape|Drain Punch|p2a: Samurott
|-supereffective|p2a: Samurott
|-damage|p2a: Samurott|0 fnt
|-heal|p1a: Primeape|100/100|[from] drain|[of] p2a: Samurott
|faint|p2a: Samurott
|
|upkeep
|
|t:|1760761681
|switch|p2a: Garchomp|Garchomp, M|100/100
|-activate|p2a: Garchomp|move: Sticky Web
|-unboost|p2a: Garchomp|spe|1
|turn|10
|
|t:|1760761692
|-terastallize|p2a: Garchomp|Dragon
|move|p1a: Primeape|Rage Fist|p2a: Garchomp
|-damage|p2a: Garchomp|26/100
|-damage|p1a: Primeape|88/100|[from] ability: Rough Skin|[of] p2a: Garchomp
|move|p2a: Garchomp|Swords Dance|p2a: Garchomp
|-boost|p2a: Garchomp|atk|2
|
|upkeep
|turn|11
|-message|Eyepatchs forfeited.
|
|win|Kadeerkarim64
|raw|Kadeerkarim64's rating: 1203 &rarr; <strong>1227</strong><br />(+24 for winning)
|raw|Eyepatchs's rating: 1189 &rarr; <strong>1165</strong><br />(-24 for losing)
|l|☆Eyepatchs
|player|p2|
|l|☆Kadeerkarim64
|player|p1|
