|j|☆NebulaTrainer
|j|☆Peekochu
|t:|1760821324
|gametype|singles
|player|p1|NebulaTrainer|cynthia-gen4|1523
|player|p2|Peekochu|2|1517
|gen|9
|tier|[Gen 9] OU
|rated|
|rule|HP Percentage Mod: HP is shown in percentages
|rule|Endless Battle Clause: Forcing endless battles is banned
|rule|Species Clause: Limit one of each Pokémon
|rule|OHKO Clause: OHKO moves are banned
|rule|Evasion Items Clause: Evasion items are banned
|rule|Evasion Moves Clause: Evasion moves are banned
|rule|Evasion Abilities Clause: Evasion abilities are banned
|rule|Sleep Moves Clause: Sleep-inducing moves are banned
|clearpoke
|poke|p1|Hippowdon, M|
|poke|p1|Excadrill, M|
|poke|p1|Hydrapple, F|
|poke|p1|Tornadus-Therian, M|
|poke|p1|Heatran, F|
|poke|p1|Keldeo-Resolute|
|poke|p2|Ursaluna, F|
|poke|p2|Gholdengo|
|poke|p2|Gyarados, F|
|poke|p2|Great Tusk|
|poke|p2|Kyurem|
|poke|p2|Scovillain, F|
|teampreview
|inactive|Battle timer is ON: inactive players will automatically lose when time's up. (requested by Peekochu)
|
|t:|1760821354
|teamsize|p1|6
|teamsize|p2|6
|start
|switch|p1a: Keldeo|Keldeo-Resolute|100/100
|switch|p2a: Scovillain|Scovillain, F|100/100
|turn|1
|
|t:|1760821373
|move|p1a: Keldeo|Flip Turn|p2a: Scovillain
|-damage|p2a: Scovillain|75/100
|
|t:|1760821377
|switch|p1a: Heatran|Heatran, F, shiny|100/100|[from] Flip Turn
|move|p2a: Scovillain|Leech Seed|p1a: Heatran
|-start|p1a: Heatran|move: Leech Seed
|
|-damage|p1a: Heatran|88/100|[from] Leech Seed|[of] p2a: Scovillain
|-heal|p2a: Scovillain|93/100|[silent]
|upkeep
|turn|2
|
|t:|1760821386
|switch|p1a: Tornadus|Tornadus-Therian, M, shiny|100/100
|move|p2a: Scovillain|Substitute|p2a: Scovillain
|-start|p2a: Scovillain|Substitute
|-damage|p2a: Scovillain|68/100
|
|upkeep
|turn|3
|
|t:|1760821394
|move|p1a: Tornadus|Hurricane|p2a: Scovillain
|-supereffective|p2a: Scovillain
|-end|p2a: Scovillain|Substitute
|move|p2a: Scovillain|Leech Seed|p1a: Tornadus
|-start|p1a: Tornadus|move: Leech Seed
|
|-damage|p1a: Tornadus|88/100|[from] Leech Seed|[of] p2a: Scovillain
|-heal|p2a: Scovillain|85/100|[silent]
|upkeep
|turn|4
|
|t:|1760821404
|switch|p2a: Gholdengo|Gholdengo|100/100
|-item|p2a: Gholdengo|Air Balloon
|move|p1a: Tornadus|U-turn|p2a: Gholdengo
|-resisted|p2a: Gholdengo
|-damage|p2a: Gholdengo|98/100
|-enditem|p2a: Gholdengo|Air Balloon
|
|t:|1760821411
|switch|p1a: Heatran|Heatran, F, shiny|88/100|[from] U-turn
|
|-heal|p1a: Heatran|94/100|[from] item: Leftovers
|upkeep
|turn|5
|
|t:|1760821419
|switch|p1a: Keldeo|Keldeo-Resolute|100/100
|move|p2a: Gholdengo|Thunder Wave|p1a: Keldeo
|-status|p1a: Keldeo|par
|
|upkeep
|turn|6
|
|t:|1760821425
|move|p2a: Gholdengo|Hex|p1a: Keldeo
|-damage|p1a: Keldeo|32/100 par
|move|p1a: Keldeo|Hydro Pump|p2a: Gholdengo
|-damage|p2a: Gholdengo|10/100
|
|upkeep
|turn|7
|
|t:|1760821433
|switch|p1a: Tornadus|Tornadus-Therian, M, shiny|100/100
|move|p2a: Gholdengo|Hex|p1a: Tornadus
|-damage|p1a: Tornadus|81/100
|
|upkeep
|turn|8
|
|t:|1760821440
|move|p1a: Tornadus|Knock Off|p2a: Gholdengo
|-supereffective|p2a: Gholdengo
|-damage|p2a: Gholdengo|0 fnt
|faint|p2a: Gholdengo
|
|upkeep
|
|t:|1760821447
|switch|p2a: Kyurem|Kyurem|100/100
|-ability|p2a: Kyurem|Pressure
|turn|9
|
|t:|1760821455
|switch|p1a: Heatran|Heatran, F, shiny|94/100
|move|p2a: Kyurem|Freeze-Dry|p1a: Heatran
|-resisted|p1a: Heatran
|-damage|p1a: Heatran|90/100
|
|-heal|p1a: Heatran|96/100|[from] item: Leftovers
|upkeep
|turn|10
|
|t:|1760821467
|switch|p1a: Tornadus|Tornadus-Therian, M, shiny|100/100
|move|p2a: Kyurem|Earth Power|p1a: Tornadus
|-immune|p1a: Tornadus
|
|upkeep
|turn|11
|
|t:|1760821477
|move|p1a: Tornadus|Knock Off|p2a: Kyurem
|-crit|p2a: Kyurem
|-damage|p2a: Kyurem|77/100
|-enditem|p2a: Kyurem|Leftovers|[from] move: Knock Off|[of] p1a: Tornadus
|move|p2a: Kyurem|Substitute|p2a: Kyurem
|-start|p2a: Kyurem|Substitute
|-damage|p2a: Kyurem|52/100
|
|upkeep
|turn|12
|
|t:|1760821487
|move|p1a: Tornadus|Knock Off|p2a: Kyurem
|-activate|p2a: Kyurem|move: Substitute|[damage]
|move|p2a: Kyurem|Freeze-Dry|p1a: Tornadus
|-supereffective|p1a: Tornadus
|-damage|p1a: Tornadus|62/100
|
|upkeep
|turn|13
|
|t:|1760821494
|move|p1a: Tornadus|Knock Off|p2a: Kyurem
|-activate|p2a: Kyurem|move: Substitute|[damage]
|move|p2a: Kyurem|Freeze-Dry|p1a: Tornadus
|-supereffective|p1a: Tornadus
|-damage|p1a: Tornadus|19/100
|
|upkeep
|turn|14
|
|t:|1760821501
|move|p1a: Tornadus|U-turn|p2a: Kyurem
|-end|p2a: Kyurem|Substitute
|
|t:|1760821503
|switch|p1a: Heatran|Heatran, F, shiny|96/100|[from] U-turn
|move|p2a: Kyurem|Earth Power|p1a: Heatran
|-supereffective|p1a: Heatran
|-damage|p1a: Heatran|31/100
|
|-heal|p1a: Heatran|37/100|[from] item: Leftovers
|upkeep
|turn|15
|
|t:|1760821513
|switch|p1a: Tornadus|Tornadus-Therian, M, shiny|52/100
|move|p2a: Kyurem|Substitute|p2a: Kyurem
|-start|p2a: Kyurem|Substitute
|-damage|p2a: Kyurem|27/100
|
|upkeep
|turn|16
|
|t:|1760821520
|switch|p1a: Heatran|Heatran, F, shiny|37/100
|move|p2a: Kyurem|Freeze-Dry|p1a: Heatran
|-resisted|p1a: Heatran
|-damage|p1a: Heatran|32/100
|
|-heal|p1a: Heatran|39/100|[from] item: Leftovers
|upkeep
|turn|17
|
|t:|1760821533
|switch|p1a: Hippowdon|Hippowdon, M, shiny|100/100
|-weather|Sandstorm|[from] ability: Sand Stream|[of] p1a: Hippowdon
|move|p2a: Kyurem|Earth Power|p1a: Hippowdon
|-damage|p1a: Hippowdon|75/100
|
|-weather|Sandstorm|[upkeep]
|-damage|p2a: Kyurem|21/100|[from] Sandstorm
|upkeep
|turn|18
|
|t:|1760821545
|switch|p1a: Heatran|Heatran, F, shiny|39/100
|move|p2a: Kyurem|Earth Power|p1a: Heatran
|-supereffective|p1a: Heatran
|-damage|p1a: Heatran|0 fnt
|faint|p1a: Heatran
|
|-weather|Sandstorm|[upkeep]
|-damage|p2a: Kyurem|15/100|[from] Sandstorm
|upkeep
|
|t:|1760821559
|switch|p1a: Excadrill|Excadrill, M, shiny|100/100
|turn|19
|
|t:|1760821563
|switch|p1a: Tornadus|Tornadus-Therian, M, shiny|85/100
|move|p2a: Kyurem|Earth Power|p1a: Tornadus
|-immune|p1a: Tornadus
|
|-weather|Sandstorm|[upkeep]
|-damage|p1a: Tornadus|79/100|[from] Sandstorm
|-damage|p2a: Kyurem|9/100|[from] Sandstorm
|upkeep
|turn|20
|
|t:|1760821572
|move|p1a: Tornadus|Hurricane|p2a: Kyurem
|-end|p2a: Kyurem|Substitute
|move|p2a: Kyurem|Freeze-Dry|p1a: Tornadus
|-supereffective|p1a: Tornadus
|-damage|p1a: Tornadus|37/100
|
|-weather|Sandstorm|[upkeep]
|-damage|p1a: Tornadus|31/100|[from] Sandstorm
|-damage|p2a: Kyurem|3/100|[from] Sandstorm
|upkeep
|turn|21
|
|t:|1760821581
|move|p1a: Tornadus|U-turn|p2a: Kyurem
|-damage|p2a: Kyurem|0 fnt
|faint|p2a: Kyurem
|
|t:|1760821589
|switch|p1a: Hydrapple|Hydrapple, F|100/100|[from] U-turn
|
|-weather|Sandstorm|[upkeep]
|-damage|p1a: Hydrapple|94/100|[from] Sandstorm
|upkeep
|
|t:|1760821596
|switch|p2a: Gyarados|Gyarados, F|100/100
|turn|22
|
|t:|1760821601
|move|p2a: Gyarados|Dragon Dance|p2a: Gyarados
|-boost|p2a: Gyarados|atk|1
|-boost|p2a: Gyarados|spe|1
|move|p1a: Hydrapple|Nasty Plot|p1a: Hydrapple
|-boost|p1a: Hydrapple|spa|2
|
|-weather|Sandstorm|[upkeep]
|-damage|p2a: Gyarados|94/100|[from] Sandstorm
|-damage|p1a: Hydrapple|88/100|[from] Sandstorm
|upkeep
|turn|23
|
|t:|1760821611
|-terastallize|p2a: Gyarados|Flying
|-terastallize|p1a: Hydrapple|Fairy
|move|p2a: Gyarados|Tera Blast|p1a: Hydrapple|[anim] Tera Blast Flying
|-damage|p1a: Hydrapple|28/100
|move|p1a: Hydrapple|Fickle Beam|p2a: Gyarados
|-damage|p2a: Gyarados|1/100
|
|-weather|Sandstorm|[upkeep]
|-damage|p2a: Gyarados|0 fnt|[from] Sandstorm
|-damage|p1a: Hydrapple|22/100|[from] Sandstorm
|faint|p2a: Gyarados
|upkeep
|
|t:|1760821634
|switch|p2a: Scovillain|Scovillain, F|85/100
|turn|24
|
|t:|1760821639
|switch|p1a: Keldeo|Keldeo-Resolute|32/100 par
|move|p2a: Scovillain|Giga Drain|p1a: Keldeo
|-supereffective|p1a: Keldeo
|-damage|p1a: Keldeo|0 fnt
|-heal|p2a: Scovillain|100/100|[from] drain|[of] p1a: Keldeo
|faint|p1a: Keldeo
|
|-weather|none
|upkeep
|
|t:|1760821650
|switch|p1a: Tornadus|Tornadus-Therian, M, shiny|64/100
|turn|25
|
|t:|1760821655
|move|p1a: Tornadus|U-turn|p2a: Scovillain
|-damage|p2a: Scovillain|73/100
|
|t:|1760821659
|switch|p1a: Hydrapple|Hydrapple, F, tera:Fairy|55/100|[from] U-turn
|move|p2a: Scovillain|Leech Seed|p1a: Hydrapple
|-start|p1a: Hydrapple|move: Leech Seed
|
|-damage|p1a: Hydrapple|42/100|[from] Leech Seed|[of] p2a: Scovillain
|-heal|p2a: Scovillain|92/100|[silent]
|upkeep
|turn|26
|
|t:|1760821668
|switch|p1a: Tornadus|Tornadus-Therian, M, shiny|97/100
|move|p2a: Scovillain|Flamethrower|p1a: Tornadus
|-damage|p1a: Tornadus|69/100
|
|upkeep
|turn|27
|
|t:|1760821676
|move|p1a: Tornadus|Hurricane|p2a: Scovillain
|-supereffective|p2a: Scovillain
|-crit|p2a: Scovillain
|-damage|p2a: Scovillain|0 fnt
|faint|p2a: Scovillain
|
|upkeep
|
|t:|1760821679
|switch|p2a: Ursaluna|Ursaluna, F|100/100
|turn|28
|
|t:|1760821689
|switch|p2a: Great Tusk|Great Tusk|100/100
|-enditem|p2a: Great Tusk|Booster Energy
|-activate|p2a: Great Tusk|ability: Protosynthesis|[fromitem]
|-start|p2a: Great Tusk|protosynthesisspe
|move|p1a: Tornadus|Knock Off|p2a: Great Tusk
|-resisted|p2a: Great Tusk
|-crit|p2a: Great Tusk
|-damage|p2a: Great Tusk|95/100
|
|upkeep
|turn|29
|
|t:|1760821699
|move|p2a: Great Tusk|Ice Spinner|p1a: Tornadus
|-supereffective|p1a: Tornadus
|-damage|p1a: Tornadus|15/100
|move|p1a: Tornadus|Hurricane|p2a: Great Tusk
|-supereffective|p2a: Great Tusk
|-damage|p2a: Great Tusk|0 fnt
|faint|p2a: Great Tusk
|-end|p2a: Great Tusk|Protosynthesis|[silent]
|
|upkeep
|
|t:|1760821705
|switch|p2a: Ursaluna|Ursaluna, F|100/100
|turn|30
|
|t:|1760821712
|move|p1a: Tornadus|Knock Off|p2a: Ursaluna
|-damage|p2a: Ursaluna|84/100
|-enditem|p2a: Ursaluna|Flame Orb|[from] move: Knock Off|[of] p1a: Tornadus
|move|p2a: Ursaluna|Fire Punch|p1a: Tornadus
|-damage|p1a: Tornadus|0 fnt
|faint|p1a: Tornadus
|
|upkeep
|
|t:|1760821721
|switch|p1a: Hippowdon|Hippowdon, M, shiny|75/100
|-weather|Sandstorm|[from] ability: Sand Stream|[of] p1a: Hippowdon
|turn|31
|
|t:|1760821726
|move|p2a: Ursaluna|Trailblaze|p1a: Hippowdon
|-supereffective|p1a: Hippowdon
|-damage|p1a: Hippowdon|55/100
|-boost|p2a: Ursaluna|spe|1
|move|p1a: Hippowdon|Earthquake|p2a: Ursaluna
|-damage|p2a: Ursaluna|54/100
|
|-weather|Sandstorm|[upkeep]
|upkeep
|turn|32
|
|t:|1760821735
|move|p2a: Ursaluna|Trailblaze|p1a: Hippowdon
|-supereffective|p1a: Hippowdon
|-damage|p1a: Hippowdon|34/100
|-boost|p2a: Ursaluna|spe|1
|move|p1a: Hippowdon|Earthquake|p2a: Ursaluna
|-damage|p2a: Ursaluna|23/100
|
|-weather|Sandstorm|[upkeep]
|upkeep
|turn|33
|
|t:|1760821746
|move|p2a: Ursaluna|Headlong Rush|p1a: Hippowdon
|-damage|p1a: Hippowdon|0 fnt
|-unboost|p2a: Ursaluna|def|1
|-unboost|p2a: Ursaluna|spd|1
|faint|p1a: Hippowdon
|
|-weather|Sandstorm|[upkeep]
|upkeep
|
|t:|1760821754
|switch|p1a: Hydrapple|Hydrapple, F, tera:Fairy|75/100
|turn|34
|
|t:|1760821759
|move|p2a: Ursaluna|Headlong Rush|p1a: Hydrapple
|-damage|p1a: Hydrapple|17/100
|-unboost|p2a: Ursaluna|def|1
|-unboost|p2a: Ursaluna|spd|1
|move|p1a: Hydrapple|Fickle Beam|p2a: Ursaluna|[anim] Fickle Beam All Out
|-activate|p1a: Hydrapple|move: Fickle Beam
|-damage|p2a: Ursaluna|0 fnt
|faint|p2a: Ursaluna
|
|win|NebulaTrainer
|raw|NebulaTrainer's rating: 1523 &rarr; <strong>1543</strong><br />(+20 for winning)
|raw|Peekochu's rating: 1517 &rarr; <strong>1497</strong><br />(-20 for losing)
|l|☆Peekochu
|player|p2|
|l|☆NebulaTrainer
|player|p1|
|j|☆NebulaTrainer
|player|p1|NebulaTrainer|cynthia-gen4|
|l|☆NebulaTrainer
|player|p1|
|j|☆NebulaTrainer
|player|p1|NebulaTrainer|cynthia-gen4|
|l|☆NebulaTrainer
|player|p1|
