|j|☆ProboZap
|j|☆LUPIN4711
|t:|1760834850
|gametype|singles
|player|p1|ProboZap|thorton|1232
|player|p2|LUPIN4711|265|1266
|gen|9
|tier|[Gen 9] OU
|rated|
|rule|HP Percentage Mod: HP is shown in percentages
|rule|Endless Battle Clause: Forcing endless battles is banned
|rule|Species Clause: Limit one of each Pokémon
|rule|OHKO Clause: OHKO moves are banned
|rule|Evasion Items Clause: Evasion items are banned
|rule|Evasion Moves Clause: Evasion moves are banned
|rule|Evasion Abilities Clause: Evasion abilities are banned
|rule|Sleep Moves Clause: Sleep-inducing moves are banned
|clearpoke
|poke|p1|Mew|
|poke|p1|Araquanid, M|
|poke|p1|Dragonite, M|
|poke|p1|Hatterene, F|
|poke|p1|Mimikyu, F|
|poke|p1|Heatran, F|
|poke|p2|Meowscarada, M|
|poke|p2|Gholdengo|
|poke|p2|Dragapult, F|
|poke|p2|Pawmot, M|
|poke|p2|Glimmora, M|
|poke|p2|Quaquaval, M|
|teampreview
|
|t:|1760834870
|teamsize|p1|6
|teamsize|p2|6
|start
|switch|p1a: Hatterene|Hatterene, F|100/100
|switch|p2a: Quaquaval|Quaquaval, M|100/100
|turn|1
|
|t:|1760834881
|move|p2a: Quaquaval|Substitute|p2a: Quaquaval
|-start|p2a: Quaquaval|Substitute
|-damage|p2a: Quaquaval|76/100
|move|p1a: Hatterene|Psychic Noise|p2a: Quaquaval
|-supereffective|p2a: Quaquaval
|-damage|p2a: Quaquaval|0 fnt
|faint|p2a: Quaquaval
|
|upkeep
|
|t:|1760834891
|switch|p2a: Glimmora|Glimmora, M|100/100
|turn|2
|
|t:|1760834903
|move|p2a: Glimmora|Stealth Rock|p1a: Hatterene
|move|p1a: Hatterene|Stealth Rock|p2a: Glimmora|[from] ability: Magic Bounce
|-sidestart|p2: LUPIN4711|move: Stealth Rock
|move|p1a: Hatterene|Trick Room|p1a: Hatterene
|-fieldstart|move: Trick Room|[of] p1a: Hatterene
|
|upkeep
|turn|3
|
|t:|1760834913
|move|p1a: Hatterene|Psychic Noise|p2a: Glimmora
|-supereffective|p2a: Glimmora
|-damage|p2a: Glimmora|17/100
|-start|p2a: Glimmora|move: Heal Block
|move|p2a: Glimmora|Mortal Spin|p1a: Hatterene
|-supereffective|p1a: Hatterene
|-damage|p1a: Hatterene|90/100
|-status|p1a: Hatterene|psn
|-sideend|p2: LUPIN4711|Stealth Rock|[from] move: Mortal Spin|[of] p2a: Glimmora
|
|-damage|p1a: Hatterene|77/100 psn|[from] psn
|upkeep
|turn|4
|
|t:|1760834932
|switch|p2a: Meowscarada|Meowscarada, M|100/100
|move|p1a: Hatterene|Reflect|p1a: Hatterene
|-sidestart|p1: ProboZap|Reflect
|
|-damage|p1a: Hatterene|65/100 psn|[from] psn
|upkeep
|turn|5
|
|t:|1760834951
|move|p1a: Hatterene|Dazzling Gleam|p2a: Meowscarada
|-supereffective|p2a: Meowscarada
|-damage|p2a: Meowscarada|0 fnt
|faint|p2a: Meowscarada
|
|-damage|p1a: Hatterene|53/100 psn|[from] psn
|upkeep
|
|t:|1760834964
|switch|p2a: Pawmot|Pawmot, M|100/100
|turn|6
|
|t:|1760834970
|move|p1a: Hatterene|Dazzling Gleam|p2a: Pawmot
|-supereffective|p2a: Pawmot
|-enditem|p2a: Pawmot|Focus Sash
|-damage|p2a: Pawmot|1/100
|move|p2a: Pawmot|Revival Blessing|p2a: Pawmot
|
|t:|1760834979
|-heal|p2: Meowscarada|50/100|[from] move: Revival Blessing
|
|-damage|p1a: Hatterene|40/100 psn|[from] psn
|-fieldend|move: Trick Room
|upkeep
|turn|7
|
|t:|1760835003
|move|p2a: Pawmot|Double Shock|p1a: Hatterene
|-damage|p1a: Hatterene|14/100 psn
|-start|p2a: Pawmot|typechange|???/Fighting|[from] move: Double Shock
|move|p1a: Hatterene|Psychic Noise|p2a: Pawmot
|-supereffective|p2a: Pawmot
|-crit|p2a: Pawmot
|-damage|p2a: Pawmot|0 fnt
|faint|p2a: Pawmot
|
|-damage|p1a: Hatterene|2/100 psn|[from] psn
|upkeep
|
|t:|1760835032
|switch|p2a: Meowscarada|Meowscarada, M|50/100
|turn|8
|
|t:|1760835049
|switch|p1a: Araquanid|Araquanid, M|100/100
|move|p2a: Meowscarada|U-turn|p1a: Araquanid
|-start|p2a: Meowscarada|typechange|Bug|[from] ability: Protean
|-damage|p1a: Araquanid|81/100
|
|t:|1760835074
|switch|p2a: Gholdengo|Gholdengo|100/100|[from] U-turn
|-item|p2a: Gholdengo|Air Balloon
|
|-sideend|p1: ProboZap|Reflect
|upkeep
|turn|9
|
|t:|1760835091
|move|p2a: Gholdengo|Thunder Wave|p1a: Araquanid
|-status|p1a: Araquanid|par
|cant|p1a: Araquanid|par
|
|upkeep
|turn|10
|
|t:|1760835097
|move|p2a: Gholdengo|Nasty Plot|p2a: Gholdengo
|-boost|p2a: Gholdengo|spa|2
|cant|p1a: Araquanid|par
|
|upkeep
|turn|11
|
|t:|1760835105
|switch|p1a: Mimikyu|Mimikyu, F|100/100
|move|p2a: Gholdengo|Shadow Ball|p1a: Mimikyu
|-activate|p1a: Mimikyu|ability: Disguise
|-damage|p1a: Mimikyu|100/100
|detailschange|p1a: Mimikyu|Mimikyu-Busted, F
|-damage|p1a: Mimikyu|88/100|[from] pokemon: Mimikyu-Busted
|-enditem|p1a: Mimikyu|Red Card|[of] p2a: Gholdengo
|drag|p2a: Dragapult|Dragapult, F|100/100
|
|upkeep
|turn|12
|
|t:|1760835136
|move|p2a: Dragapult|U-turn|p1a: Mimikyu
|-resisted|p1a: Mimikyu
|-damage|p1a: Mimikyu|81/100
|-damage|p2a: Dragapult|91/100|[from] item: Life Orb
|
|t:|1760835145
|switch|p2a: Glimmora|Glimmora, M|17/100|[from] U-turn
|move|p1a: Mimikyu|Trick Room|p1a: Mimikyu
|-fieldstart|move: Trick Room|[of] p1a: Mimikyu
|
|upkeep
|turn|13
|
|t:|1760835173
|switch|p1a: Hatterene|Hatterene, F|2/100 psn
|move|p2a: Glimmora|Mortal Spin|p1a: Hatterene
|-supereffective|p1a: Hatterene
|-damage|p1a: Hatterene|0 fnt
|faint|p1a: Hatterene
|
|upkeep
|
|t:|1760835177
|switch|p1a: Heatran|Heatran, F|100/100
|turn|14
|
|t:|1760835189
|move|p1a: Heatran|Power Gem|p2a: Glimmora
|-damage|p2a: Glimmora|0 fnt
|faint|p2a: Glimmora
|
|upkeep
|
|t:|1760835202
|switch|p2a: Dragapult|Dragapult, F|91/100
|turn|15
|
|t:|1760835216
|move|p1a: Heatran|Stealth Rock|p2a: Dragapult
|-sidestart|p2: LUPIN4711|move: Stealth Rock
|move|p2a: Dragapult|Dragon Dance|p2a: Dragapult
|-boost|p2a: Dragapult|atk|1
|-boost|p2a: Dragapult|spe|1
|
|upkeep
|turn|16
|
|t:|1760835231
|move|p1a: Heatran|Power Gem|p2a: Dragapult
|-damage|p2a: Dragapult|45/100
|move|p2a: Dragapult|Dragon Darts|p1a: Heatran
|-resisted|p1a: Heatran
|-damage|p1a: Heatran|79/100
|-anim|p2a: Dragapult|Dragon Darts|p1a: Heatran
|-resisted|p1a: Heatran
|-damage|p1a: Heatran|57/100
|-damage|p2a: Dragapult|36/100|[from] item: Life Orb
|
|-fieldend|move: Trick Room
|upkeep
|turn|17
|
|t:|1760835242
|move|p2a: Dragapult|Dragon Darts|p1a: Heatran
|-resisted|p1a: Heatran
|-damage|p1a: Heatran|38/100
|-anim|p2a: Dragapult|Dragon Darts|p1a: Heatran
|-resisted|p1a: Heatran
|-damage|p1a: Heatran|18/100
|-damage|p2a: Dragapult|26/100|[from] item: Life Orb
|move|p1a: Heatran|Power Gem|p2a: Dragapult
|-damage|p2a: Dragapult|0 fnt
|faint|p2a: Dragapult
|
|upkeep
|
|t:|1760835257
|switch|p2a: Meowscarada|Meowscarada, M|50/100
|-damage|p2a: Meowscarada|38/100|[from] Stealth Rock
|turn|18
|
|t:|1760835264
|move|p2a: Meowscarada|Knock Off|p1a: Heatran
|-start|p2a: Meowscarada|typechange|Dark|[from] ability: Protean
|-damage|p1a: Heatran|0 fnt
|-damage|p2a: Meowscarada|22/100|[from] item: Rocky Helmet|[of] p1a: Heatran
|-enditem|p1a: Heatran|Rocky Helmet|[from] move: Knock Off|[of] p2a: Meowscarada
|faint|p1a: Heatran
|
|upkeep
|
|t:|1760835276
|switch|p1a: Mimikyu|Mimikyu-Busted, F|81/100
|turn|19
|
|t:|1760835288
|move|p2a: Meowscarada|Knock Off|p1a: Mimikyu
|-crit|p1a: Mimikyu
|-damage|p1a: Mimikyu|30/100
|move|p1a: Mimikyu|Trick Room|p1a: Mimikyu
|-fieldstart|move: Trick Room|[of] p1a: Mimikyu
|
|upkeep
|turn|20
|
|t:|1760835296
|move|p1a: Mimikyu|Copycat|p1a: Mimikyu
|move|p1a: Mimikyu|Trick Room|p1a: Mimikyu|[from] move: Copycat
|-fieldend|move: Trick Room
|move|p2a: Meowscarada|Knock Off|p1a: Mimikyu
|-damage|p1a: Mimikyu|0 fnt
|faint|p1a: Mimikyu
|
|upkeep
|
|t:|1760835300
|switch|p1a: Mew|Mew|100/100
|turn|21
|
|t:|1760835312
|-terastallize|p1a: Mew|Poison
|move|p2a: Meowscarada|Knock Off|p1a: Mew
|-damage|p1a: Mew|61/100
|-enditem|p1a: Mew|Leftovers|[from] move: Knock Off|[of] p2a: Meowscarada
|move|p1a: Mew|Ice Beam|p2a: Meowscarada
|-damage|p2a: Meowscarada|0 fnt
|faint|p2a: Meowscarada
|
|upkeep
|
|t:|1760835322
|switch|p2a: Gholdengo|Gholdengo|100/100
|-damage|p2a: Gholdengo|94/100|[from] Stealth Rock
|-item|p2a: Gholdengo|Air Balloon
|turn|22
|
|t:|1760835342
|move|p1a: Mew|Psychic Noise|p2a: Gholdengo
|-resisted|p2a: Gholdengo
|-damage|p2a: Gholdengo|78/100
|-start|p2a: Gholdengo|move: Heal Block
|-enditem|p2a: Gholdengo|Air Balloon
|move|p2a: Gholdengo|Nasty Plot|p2a: Gholdengo
|-boost|p2a: Gholdengo|spa|2
|
|upkeep
|turn|23
|
|t:|1760835353
|move|p1a: Mew|Ice Beam|p2a: Gholdengo
|-resisted|p2a: Gholdengo
|-crit|p2a: Gholdengo
|-damage|p2a: Gholdengo|58/100
|move|p2a: Gholdengo|Shadow Ball|p1a: Mew
|-damage|p1a: Mew|0 fnt
|faint|p1a: Mew
|
|-end|p2a: Gholdengo|move: Heal Block
|upkeep
|
|t:|1760835356
|switch|p1a: Dragonite|Dragonite, M|100/100
|turn|24
|
|t:|1760835369
|move|p1a: Dragonite|Earthquake|p2a: Gholdengo
|-supereffective|p2a: Gholdengo
|-damage|p2a: Gholdengo|0 fnt
|faint|p2a: Gholdengo
|
|win|ProboZap
|raw|ProboZap's rating: 1232 &rarr; <strong>1259</strong><br />(+27 for winning)
|raw|LUPIN4711's rating: 1266 &rarr; <strong>1239</strong><br />(-27 for losing)
|l|☆LUPIN4711
|player|p2|
