|j|☆a turd
|j|☆GreninjaGlazer53
|t:|1760735249
|gametype|singles
|player|p1|a turd|veteran-gen4|1459
|player|p2|GreninjaGlazer53|ballguy|1398
|gen|9
|tier|[Gen 9] OU
|rated|
|rule|HP Percentage Mod: HP is shown in percentages
|rule|Endless Battle Clause: Forcing endless battles is banned
|rule|Species Clause: Limit one of each Pokémon
|rule|OHKO Clause: OHKO moves are banned
|rule|Evasion Items Clause: Evasion items are banned
|rule|Evasion Moves Clause: Evasion moves are banned
|rule|Evasion Abilities Clause: Evasion abilities are banned
|rule|Sleep Moves Clause: Sleep-inducing moves are banned
|clearpoke
|poke|p1|Diancie|
|poke|p1|Kyurem|
|poke|p1|Necrozma|
|poke|p1|Hatterene, F|
|poke|p1|Iron Hands|
|poke|p1|Landorus-Therian, M|
|poke|p2|Dragapult, F|
|poke|p2|Zamazenta-*|
|poke|p2|Hatterene, F|
|poke|p2|Ogerpon-Wellspring, F|
|poke|p2|Slowking-Galar, M|
|poke|p2|Great Tusk|
|teampreview
|
|t:|1760735278
|teamsize|p1|6
|teamsize|p2|6
|start
|switch|p1a: Necrozma|Necrozma|100/100
|switch|p2a: Dragapult|Dragapult, F, shiny|100/100
|turn|1
|
|t:|1760735319
|move|p2a: Dragapult|Substitute|p2a: Dragapult
|-start|p2a: Dragapult|Substitute
|-damage|p2a: Dragapult|76/100
|move|p1a: Necrozma|Trick Room|p1a: Necrozma
|-fieldstart|move: Trick Room|[of] p1a: Necrozma
|
|upkeep
|turn|2
|
|t:|1760735330
|-terastallize|p2a: Dragapult|Ghost
|move|p1a: Necrozma|Meteor Beam||[still]
|-prepare|p1a: Necrozma|Meteor Beam
|-boost|p1a: Necrozma|spa|1
|-enditem|p1a: Necrozma|Power Herb
|-anim|p1a: Necrozma|Meteor Beam|p2a: Dragapult
|-crit|p2a: Dragapult
|-end|p2a: Dragapult|Substitute
|move|p2a: Dragapult|Tera Blast|p1a: Necrozma|[anim] Tera Blast Ghost
|-supereffective|p1a: Necrozma
|-damage|p1a: Necrozma|10/100
|-damage|p2a: Dragapult|66/100|[from] item: Life Orb
|
|upkeep
|turn|3
|
|t:|1760735347
|switch|p2a: Hatterene|Hatterene, F|100/100
|move|p1a: Necrozma|Photon Geyser|p2a: Hatterene
|-resisted|p2a: Hatterene
|-damage|p2a: Hatterene|75/100
|
|upkeep
|turn|4
|
|t:|1760735356
|move|p2a: Hatterene|Draining Kiss|p1a: Necrozma
|-damage|p1a: Necrozma|0 fnt
|-heal|p2a: Hatterene|84/100|[from] drain|[of] p1a: Necrozma
|faint|p1a: Necrozma
|
|upkeep
|
|t:|1760735366
|switch|p1a: Diancie|Diancie|100/100
|turn|5
|
|t:|1760735401
|move|p1a: Diancie|Meteor Beam||[still]
|-prepare|p1a: Diancie|Meteor Beam
|-boost|p1a: Diancie|spa|1
|-enditem|p1a: Diancie|Power Herb
|-anim|p1a: Diancie|Meteor Beam|p2a: Hatterene
|-damage|p2a: Hatterene|29/100
|move|p2a: Hatterene|Draining Kiss|p1a: Diancie
|-crit|p1a: Diancie
|-damage|p1a: Diancie|71/100
|-heal|p2a: Hatterene|50/100|[from] drain|[of] p1a: Diancie
|
|-fieldend|move: Trick Room
|upkeep
|turn|6
|
|t:|1760735416
|switch|p2a: Slowking|Slowking-Galar, M|100/100
|move|p1a: Diancie|Trick Room|p1a: Diancie
|-fieldstart|move: Trick Room|[of] p1a: Diancie
|
|upkeep
|turn|7
|j| sky trace
|l| sky trace
|
|t:|1760735429
|move|p2a: Slowking|Sludge Bomb|p1a: Diancie
|-damage|p1a: Diancie|46/100
|move|p1a: Diancie|Earth Power|p2a: Slowking
|-supereffective|p2a: Slowking
|-damage|p2a: Slowking|49/100
|
|upkeep
|turn|8
|inactive|Battle timer is ON: inactive players will automatically lose when time's up. (requested by a turd)
|
|t:|1760735455
|switch|p2a: Zamazenta|Zamazenta|100/100
|-ability|p2a: Zamazenta|Dauntless Shield|boost
|-boost|p2a: Zamazenta|def|1
|move|p1a: Diancie|Earth Power|p2a: Zamazenta
|-damage|p2a: Zamazenta|68/100
|
|-heal|p2a: Zamazenta|74/100|[from] item: Leftovers
|upkeep
|turn|9
|
|t:|1760735459
|move|p1a: Diancie|Moonblast|p2a: Zamazenta
|-supereffective|p2a: Zamazenta
|-damage|p2a: Zamazenta|0 fnt
|faint|p2a: Zamazenta
|
|upkeep
|
|t:|1760735464
|switch|p2a: Slowking|Slowking-Galar, M|82/100
|turn|10
|
|t:|1760735475
|move|p2a: Slowking|Sludge Bomb|p1a: Diancie
|-damage|p1a: Diancie|19/100
|move|p1a: Diancie|Earth Power|p2a: Slowking
|-supereffective|p2a: Slowking
|-damage|p2a: Slowking|32/100
|
|-fieldend|move: Trick Room
|upkeep
|turn|11
|
|t:|1760735482
|move|p1a: Diancie|Earth Power|p2a: Slowking
|-supereffective|p2a: Slowking
|-damage|p2a: Slowking|0 fnt
|faint|p2a: Slowking
|
|upkeep
|
|t:|1760735485
|switch|p2a: Hatterene|Hatterene, F|50/100
|turn|12
|
|t:|1760735493
|move|p2a: Hatterene|Draining Kiss|p1a: Diancie
|-damage|p1a: Diancie|0 fnt
|-heal|p2a: Hatterene|63/100|[from] drain|[of] p1a: Diancie
|faint|p1a: Diancie
|
|upkeep
|
|t:|1760735512
|switch|p1a: Landorus|Landorus-Therian, M|100/100
|-ability|p1a: Landorus|Intimidate|boost
|-unboost|p2a: Hatterene|atk|1
|turn|13
|
|t:|1760735518
|move|p1a: Landorus|Earth Power|p2a: Hatterene
|-damage|p2a: Hatterene|42/100
|-unboost|p2a: Hatterene|spd|1
|move|p2a: Hatterene|Draining Kiss|p1a: Landorus
|-damage|p1a: Landorus|73/100
|-heal|p2a: Hatterene|67/100|[from] drain|[of] p1a: Landorus
|-damage|p2a: Hatterene|50/100|[from] item: Rocky Helmet|[of] p1a: Landorus
|
|upkeep
|turn|14
|
|t:|1760735533
|switch|p2a: Ogerpon|Ogerpon-Wellspring, F|100/100
|move|p1a: Landorus|U-turn|p2a: Ogerpon
|-supereffective|p2a: Ogerpon
|-crit|p2a: Ogerpon
|-damage|p2a: Ogerpon|17/100
|
|t:|1760735538
|switch|p1a: Kyurem|Kyurem|100/100|[from] U-turn
|-ability|p1a: Kyurem|Pressure
|
|upkeep
|turn|15
|
|t:|1760735546
|move|p2a: Ogerpon|Knock Off|p1a: Kyurem
|-damage|p1a: Kyurem|63/100
|-enditem|p1a: Kyurem|Loaded Dice|[from] move: Knock Off|[of] p2a: Ogerpon
|move|p1a: Kyurem|Dragon Dance|p1a: Kyurem
|-boost|p1a: Kyurem|atk|1
|-boost|p1a: Kyurem|spe|1
|
|upkeep
|turn|16
|
|t:|1760735555
|move|p1a: Kyurem|Icicle Spear|p2a: Ogerpon
|-damage|p2a: Ogerpon|0 fnt
|faint|p2a: Ogerpon
|-hitcount|p2: Ogerpon|1
|
|upkeep
|
|t:|1760735560
|switch|p2a: Great Tusk|Great Tusk|100/100
|turn|17
|
|t:|1760735567
|move|p1a: Kyurem|Icicle Spear|p2a: Great Tusk
|-supereffective|p2a: Great Tusk
|-damage|p2a: Great Tusk|66/100
|-supereffective|p2a: Great Tusk
|-damage|p2a: Great Tusk|34/100
|-supereffective|p2a: Great Tusk
|-damage|p2a: Great Tusk|4/100
|-supereffective|p2a: Great Tusk
|-damage|p2a: Great Tusk|0 fnt
|faint|p2a: Great Tusk
|-end|p2a: Great Tusk|Protosynthesis|[silent]
|-hitcount|p2: Great Tusk|4
|
|upkeep
|
|t:|1760735575
|switch|p2a: Hatterene|Hatterene, F|50/100
|turn|18
|
|t:|1760735582
|-terastallize|p1a: Kyurem|Fire
|move|p1a: Kyurem|Tera Blast|p2a: Hatterene|[anim] Tera Blast Fire
|-damage|p2a: Hatterene|0 fnt
|faint|p2a: Hatterene
|
|upkeep
|
|t:|1760735586
|switch|p2a: Dragapult|Dragapult, F, shiny, tera:Ghost|66/100
|turn|19
|
|t:|1760735590
|move|p1a: Kyurem|Tera Blast|p2a: Dragapult|[anim] Tera Blast Fire
|-damage|p2a: Dragapult|0 fnt
|faint|p2a: Dragapult
|
|win|a turd
|raw|a turd's rating: 1459 &rarr; <strong>1476</strong><br />(+17 for winning)
|raw|GreninjaGlazer53's rating: 1398 &rarr; <strong>1381</strong><br />(-17 for losing)
|c|☆a turd|gg
|l|☆a turd
|player|p1|
