|j|☆310YM4N74N3R0
|j|‽clydethesuperhero
|t:|1760786419
|gametype|singles
|player|p1|310YM4N74N3R0|pokemonrangerf|1634
|player|p2|clydethesuperhero|doubleteam|1556
|gen|9
|tier|[Gen 9] OU
|rated|
|rule|HP Percentage Mod: HP is shown in percentages
|rule|Endless Battle Clause: Forcing endless battles is banned
|rule|Species Clause: Limit one of each Pokémon
|rule|OHKO Clause: OHKO moves are banned
|rule|Evasion Items Clause: Evasion items are banned
|rule|Evasion Moves Clause: Evasion moves are banned
|rule|Evasion Abilities Clause: Evasion abilities are banned
|rule|Sleep Moves Clause: Sleep-inducing moves are banned
|clearpoke
|poke|p1|Landorus-Therian, M|
|poke|p1|Yanmega, F|
|poke|p1|Rillaboom, M|
|poke|p1|Blaziken, F|
|poke|p1|Blastoise, M|
|poke|p1|Tyranitar, F|
|poke|p2|Zamazenta-*|
|poke|p2|Ogerpon-Wellspring, F|
|poke|p2|Garganacl, M|
|poke|p2|Moltres|
|poke|p2|Iron Treads|
|poke|p2|Darkrai|
|teampreview
|inactive|Battle timer is ON: inactive players will automatically lose when time's up. (requested by 310YM4N74N3R0)
|j| nw loader
|inactive|clydethesuperhero has 120 seconds left.
|inactive|clydethesuperhero has 90 seconds left.
|inactive|clydethesuperhero has 60 seconds left.
|
|t:|1760786533
|teamsize|p1|6
|teamsize|p2|6
|start
|switch|p1a: Blaziken|Blaziken, F|100/100
|switch|p2a: Darkrai|Darkrai|100/100
|turn|1
|inactive|clydethesuperhero has 120 seconds left.
|inactive|310YM4N74N3R0 has 120 seconds left.
|
|t:|1760786563
|switch|p2a: Moltres|Moltres|100/100
|move|p1a: Blaziken|Close Combat|p2a: Moltres
|-resisted|p2a: Moltres
|-damage|p2a: Moltres|72/100
|-unboost|p1a: Blaziken|def|1
|-unboost|p1a: Blaziken|spd|1
|
|-ability|p1a: Blaziken|Speed Boost|boost
|-boost|p1a: Blaziken|spe|1
|upkeep
|turn|2
|inactive|clydethesuperhero has 120 seconds left.
|
|t:|1760786591
|switch|p1a: Blastoise|Blastoise, M|100/100
|move|p2a: Moltres|Hurricane|p1a: Blastoise
|-damage|p1a: Blastoise|46/100
|-start|p1a: Blastoise|confusion
|
|upkeep
|turn|3
|
|t:|1760786598
|switch|p1a: Tyranitar|Tyranitar, F|100/100
|-weather|Sandstorm|[from] ability: Sand Stream|[of] p1a: Tyranitar
|switch|p2a: Ogerpon|Ogerpon-Wellspring, F|100/100
|
|-weather|Sandstorm|[upkeep]
|-damage|p2a: Ogerpon|94/100|[from] Sandstorm
|upkeep
|turn|4
|
|t:|1760786609
|switch|p1a: Rillaboom|Rillaboom, M|100/100
|-fieldstart|move: Grassy Terrain|[from] ability: Grassy Surge|[of] p1a: Rillaboom
|-enditem|p1a: Rillaboom|Grassy Seed
|-boost|p1a: Rillaboom|def|1|[from] item: Grassy Seed
|move|p2a: Ogerpon|Ivy Cudgel|p1a: Rillaboom|[anim] Ivy Cudgel Water
|-resisted|p1a: Rillaboom
|-damage|p1a: Rillaboom|84/100
|
|-weather|Sandstorm|[upkeep]
|-damage|p2a: Ogerpon|88/100|[from] Sandstorm
|-damage|p1a: Rillaboom|78/100|[from] Sandstorm
|-heal|p2a: Ogerpon|94/100|[from] Grassy Terrain
|-heal|p1a: Rillaboom|84/100|[from] Grassy Terrain
|upkeep
|turn|5
|inactive|clydethesuperhero has 120 seconds left.
|
|t:|1760786623
|move|p2a: Ogerpon|U-turn|p1a: Rillaboom
|-supereffective|p1a: Rillaboom
|-damage|p1a: Rillaboom|54/100
|
|t:|1760786627
|switch|p2a: Moltres|Moltres|72/100|[from] U-turn
|move|p1a: Rillaboom|Swords Dance|p1a: Rillaboom
|-boost|p1a: Rillaboom|atk|2
|
|-weather|Sandstorm|[upkeep]
|-damage|p1a: Rillaboom|48/100|[from] Sandstorm
|-damage|p2a: Moltres|66/100|[from] Sandstorm
|-heal|p1a: Rillaboom|54/100|[from] Grassy Terrain
|upkeep
|turn|6
|
|t:|1760786635
|-terastallize|p1a: Rillaboom|Fire
|move|p2a: Moltres|Flamethrower|p1a: Rillaboom
|-resisted|p1a: Rillaboom
|-damage|p1a: Rillaboom|24/100
|move|p1a: Rillaboom|Acrobatics|p2a: Moltres
|-damage|p2a: Moltres|4/100
|
|-weather|Sandstorm|[upkeep]
|-damage|p2a: Moltres|0 fnt|[from] Sandstorm
|-damage|p1a: Rillaboom|18/100|[from] Sandstorm
|faint|p2a: Moltres
|-heal|p1a: Rillaboom|24/100|[from] Grassy Terrain
|upkeep
|inactive|clydethesuperhero has 120 seconds left.
|
|t:|1760786660
|switch|p2a: Iron Treads|Iron Treads|100/100
|turn|7
|
|t:|1760786666
|move|p2a: Iron Treads|Earthquake|p1a: Rillaboom
|-supereffective|p1a: Rillaboom
|-damage|p1a: Rillaboom|2/100
|move|p1a: Rillaboom|Tera Blast|p2a: Iron Treads|[anim] Tera Blast Fire
|-supereffective|p2a: Iron Treads
|-damage|p2a: Iron Treads|0 fnt
|faint|p2a: Iron Treads
|-end|p2a: Iron Treads|Quark Drive|[silent]
|
|-weather|none
|-heal|p1a: Rillaboom|8/100|[from] Grassy Terrain
|upkeep
|inactive|clydethesuperhero has 120 seconds left.
|
|t:|1760786675
|switch|p2a: Zamazenta|Zamazenta|100/100
|-ability|p2a: Zamazenta|Dauntless Shield|boost
|-boost|p2a: Zamazenta|def|1
|turn|8
|
|t:|1760786684
|switch|p1a: Yanmega|Yanmega, F|100/100
|move|p2a: Zamazenta|Body Press|p1a: Yanmega
|-resisted|p1a: Yanmega
|-damage|p1a: Yanmega|82/100
|
|-fieldend|move: Grassy Terrain
|upkeep
|turn|9
|
|t:|1760786695
|switch|p2a: Garganacl|Garganacl, M|100/100
|move|p1a: Yanmega|Bug Buzz|p2a: Garganacl
|-damage|p2a: Garganacl|71/100
|-enditem|p1a: Yanmega|Throat Spray
|-boost|p1a: Yanmega|spa|1|[from] item: Throat Spray
|
|-heal|p2a: Garganacl|77/100|[from] item: Leftovers
|-ability|p1a: Yanmega|Speed Boost|boost
|-boost|p1a: Yanmega|spe|1
|upkeep
|turn|10
|
|t:|1760786703
|move|p1a: Yanmega|Bug Buzz|p2a: Garganacl
|-damage|p2a: Garganacl|31/100
|move|p2a: Garganacl|Salt Cure|p1a: Yanmega
|-supereffective|p1a: Yanmega
|-damage|p1a: Yanmega|9/100
|-start|p1a: Yanmega|Salt Cure
|
|-heal|p2a: Garganacl|37/100|[from] item: Leftovers
|-damage|p1a: Yanmega|0 fnt|[from] Salt Cure
|faint|p1a: Yanmega
|upkeep
|
|t:|1760786713
|switch|p1a: Blaziken|Blaziken, F|100/100
|turn|11
|
|t:|1760786734
|switch|p2a: Zamazenta|Zamazenta|100/100
|move|p1a: Blaziken|Swords Dance|p1a: Blaziken
|-boost|p1a: Blaziken|atk|2
|
|-ability|p1a: Blaziken|Speed Boost|boost
|-boost|p1a: Blaziken|spe|1
|upkeep
|turn|12
|
|t:|1760786744
|move|p2a: Zamazenta|Iron Defense|p2a: Zamazenta
|-boost|p2a: Zamazenta|def|2
|move|p1a: Blaziken|Close Combat|p2a: Zamazenta
|-damage|p2a: Zamazenta|52/100
|-unboost|p1a: Blaziken|def|1
|-unboost|p1a: Blaziken|spd|1
|
|-heal|p2a: Zamazenta|59/100|[from] item: Leftovers
|-ability|p1a: Blaziken|Speed Boost|boost
|-boost|p1a: Blaziken|spe|1
|upkeep
|turn|13
|
|t:|1760786750
|move|p1a: Blaziken|Close Combat|p2a: Zamazenta
|-damage|p2a: Zamazenta|8/100
|-unboost|p1a: Blaziken|def|1
|-unboost|p1a: Blaziken|spd|1
|move|p2a: Zamazenta|Body Press|p1a: Blaziken
|-enditem|p1a: Blaziken|Focus Sash
|-damage|p1a: Blaziken|1/100
|
|-heal|p2a: Zamazenta|14/100|[from] item: Leftovers
|-ability|p1a: Blaziken|Speed Boost|boost
|-boost|p1a: Blaziken|spe|1
|upkeep
|turn|14
|
|t:|1760786756
|move|p1a: Blaziken|Close Combat|p2a: Zamazenta
|-damage|p2a: Zamazenta|0 fnt
|-unboost|p1a: Blaziken|def|1
|-unboost|p1a: Blaziken|spd|1
|faint|p2a: Zamazenta
|
|-ability|p1a: Blaziken|Speed Boost|boost
|-boost|p1a: Blaziken|spe|1
|upkeep
|
|t:|1760786779
|switch|p2a: Darkrai|Darkrai|100/100
|turn|15
|
|t:|1760786783
|-terastallize|p2a: Darkrai|Poison
|move|p1a: Blaziken|Earthquake|p2a: Darkrai
|-supereffective|p2a: Darkrai
|-damage|p2a: Darkrai|0 fnt
|faint|p2a: Darkrai
|
|-ability|p1a: Blaziken|Speed Boost|boost
|-boost|p1a: Blaziken|spe|1
|upkeep
|-message|clydethesuperhero forfeited.
|
|win|310YM4N74N3R0
|raw|310YM4N74N3R0's rating: 1634 &rarr; <strong>1650</strong><br />(+16 for winning)
|raw|clydethesuperhero's rating: 1556 &rarr; <strong>1540</strong><br />(-16 for losing)
|l|‽clydethesuperhero
|player|p2|
|l|☆310YM4N74N3R0
|player|p1|
|l| nw loader
