|j|☆ultracentrifuge
|j|☆Lygophobia
|t:|1760799843
|gametype|singles
|player|p1|ultracentrifuge|hilda-masters3|1403
|player|p2|Lygophobia|266|1387
|gen|9
|tier|[Gen 9] OU
|rated|
|rule|HP Percentage Mod: HP is shown in percentages
|rule|Endless Battle Clause: Forcing endless battles is banned
|rule|Species Clause: Limit one of each Pokémon
|rule|OHKO Clause: OHKO moves are banned
|rule|Evasion Items Clause: Evasion items are banned
|rule|Evasion Moves Clause: Evasion moves are banned
|rule|Evasion Abilities Clause: Evasion abilities are banned
|rule|Sleep Moves Clause: Sleep-inducing moves are banned
|clearpoke
|poke|p1|Alomomola, M|
|poke|p1|Landorus-Therian, M|
|poke|p1|Kyurem|
|poke|p1|Gholdengo|
|poke|p1|Brambleghast, F|
|poke|p1|Ting-Lu|
|poke|p2|Weezing-Galar, F|
|poke|p2|Zapdos|
|poke|p2|Iron Treads|
|poke|p2|Slowking, M|
|poke|p2|Kommo-o, M|
|poke|p2|Darkrai|
|teampreview
|
|t:|1760799853
|teamsize|p1|6
|teamsize|p2|6
|start
|switch|p1a: Landorus|Landorus-Therian, M|100/100
|switch|p2a: Slowking|Slowking, M|100/100
|-ability|p1a: Landorus|Intimidate|boost
|-unboost|p2a: Slowking|atk|1
|turn|1
|
|t:|1760799864
|move|p1a: Landorus|Stealth Rock|p2a: Slowking
|-sidestart|p2: Lygophobia|move: Stealth Rock
|move|p2a: Slowking|Future Sight|p1a: Landorus
|-start|p2a: Slowking|move: Future Sight
|
|upkeep
|turn|2
|
|t:|1760799869
|move|p1a: Landorus|U-turn|p2a: Slowking
|-supereffective|p2a: Slowking
|-damage|p2a: Slowking|52/100
|
|t:|1760799872
|switch|p1a: Alomomola|Alomomola, M|100/100|[from] U-turn
|move|p2a: Slowking|Scald|p1a: Alomomola
|-resisted|p1a: Alomomola
|-damage|p1a: Alomomola|93/100
|
|upkeep
|turn|3
|
|t:|1760799876
|move|p1a: Alomomola|Flip Turn|p2a: Slowking
|-resisted|p2a: Slowking
|-damage|p2a: Slowking|43/100
|
|t:|1760799885
|switch|p1a: Gholdengo|Gholdengo|100/100|[from] Flip Turn
|-prepare|p2a: Slowking|Chilly Reception|[premajor]
|move|p2a: Slowking|Chilly Reception|p2a: Slowking
|-weather|Snowscape
|
|t:|1760799888
|switch|p2a: Iron Treads|Iron Treads|100/100|[from] Chilly Reception
|-damage|p2a: Iron Treads|97/100|[from] Stealth Rock
|
|-weather|Snowscape|[upkeep]
|-end|p1a: Gholdengo|move: Future Sight
|-resisted|p1a: Gholdengo
|-damage|p1a: Gholdengo|79/100
|upkeep
|turn|4
|
|t:|1760799894
|switch|p1a: Brambleghast|Brambleghast, F|100/100
|move|p2a: Iron Treads|Knock Off|p1a: Brambleghast
|-supereffective|p1a: Brambleghast
|-damage|p1a: Brambleghast|0 fnt
|-enditem|p1a: Brambleghast|Heavy-Duty Boots|[from] move: Knock Off|[of] p2a: Iron Treads
|faint|p1a: Brambleghast
|
|-weather|Snowscape|[upkeep]
|upkeep
|c|☆ultracentrifuge|yo this guy weak ash
|
|t:|1760799907
|switch|p1a: Landorus|Landorus-Therian, M|100/100
|-ability|p1a: Landorus|Intimidate|boost
|-unboost|p2a: Iron Treads|atk|1
|turn|5
|c|☆Lygophobia|Lmao right
|
|t:|1760799913
|move|p2a: Iron Treads|Rapid Spin|p1a: Landorus
|-damage|p1a: Landorus|89/100
|-boost|p2a: Iron Treads|spe|1
|-damage|p2a: Iron Treads|81/100|[from] item: Rocky Helmet|[of] p1a: Landorus
|-sideend|p2: Lygophobia|Stealth Rock|[from] move: Rapid Spin|[of] p2a: Iron Treads
|move|p1a: Landorus|Earthquake|p2a: Iron Treads
|-supereffective|p2a: Iron Treads
|-damage|p2a: Iron Treads|0 fnt
|faint|p2a: Iron Treads
|-end|p2a: Iron Treads|Quark Drive|[silent]
|
|-weather|Snowscape|[upkeep]
|upkeep
|c|☆ultracentrifuge|gotta give it all to hp
|
|t:|1760799919
|switch|p2a: Kommo-o|Kommo-o, M|100/100
|turn|6
|
|t:|1760799923
|move|p1a: Landorus|U-turn|p2a: Kommo-o
|-resisted|p2a: Kommo-o
|-damage|p2a: Kommo-o|88/100
|
|t:|1760799926
|switch|p1a: Kyurem|Kyurem|100/100|[from] U-turn
|-ability|p1a: Kyurem|Pressure
|move|p2a: Kommo-o|Clangorous Soul|p2a: Kommo-o
|-boost|p2a: Kommo-o|atk|1
|-boost|p2a: Kommo-o|def|1
|-boost|p2a: Kommo-o|spa|1
|-boost|p2a: Kommo-o|spd|1
|-boost|p2a: Kommo-o|spe|1
|-damage|p2a: Kommo-o|55/100
|-enditem|p2a: Kommo-o|Throat Spray
|-boost|p2a: Kommo-o|spa|1|[from] item: Throat Spray
|
|-weather|Snowscape|[upkeep]
|upkeep
|turn|7
|
|t:|1760799935
|switch|p1a: Alomomola|Alomomola, M|100/100
|-terastallize|p2a: Kommo-o|Normal
|move|p2a: Kommo-o|Boomburst|p1a: Alomomola
|-damage|p1a: Alomomola|34/100
|
|-weather|none
|upkeep
|turn|8
|
|t:|1760799942
|switch|p1a: Gholdengo|Gholdengo|79/100
|move|p2a: Kommo-o|Clanging Scales|p1a: Gholdengo
|-resisted|p1a: Gholdengo
|-damage|p1a: Gholdengo|32/100
|-unboost|p2a: Kommo-o|def|1
|
|upkeep
|turn|9
|
|t:|1760799946
|switch|p1a: Alomomola|Alomomola, M|67/100
|move|p2a: Kommo-o|Clanging Scales|p1a: Alomomola
|-crit|p1a: Alomomola
|-damage|p1a: Alomomola|0 fnt
|faint|p1a: Alomomola
|-unboost|p2a: Kommo-o|def|1
|
|upkeep
|
|t:|1760799949
|switch|p1a: Ting-Lu|Ting-Lu|100/100
|-ability|p1a: Ting-Lu|Vessel of Ruin
|turn|10
|
|t:|1760799953
|move|p2a: Kommo-o|Boomburst|p1a: Ting-Lu
|-damage|p1a: Ting-Lu|41/100
|move|p1a: Ting-Lu|Payback|p2a: Kommo-o
|-damage|p2a: Kommo-o|0 fnt
|faint|p2a: Kommo-o
|
|-heal|p1a: Ting-Lu|48/100|[from] item: Leftovers
|upkeep
|
|t:|1760799959
|switch|p2a: Darkrai|Darkrai|100/100
|turn|11
|
|t:|1760799962
|move|p2a: Darkrai|Focus Blast|p1a: Ting-Lu
|-supereffective|p1a: Ting-Lu
|-damage|p1a: Ting-Lu|0 fnt
|faint|p1a: Ting-Lu
|-damage|p2a: Darkrai|91/100|[from] item: Life Orb
|
|upkeep
|
|t:|1760799967
|switch|p1a: Kyurem|Kyurem|100/100
|-ability|p1a: Kyurem|Pressure
|turn|12
|
|t:|1760799973
|move|p1a: Kyurem|Draco Meteor|p2a: Darkrai
|-damage|p2a: Darkrai|0 fnt
|-unboost|p1a: Kyurem|spa|2
|faint|p2a: Darkrai
|
|upkeep
|
|t:|1760799977
|switch|p2a: Weezing|Weezing-Galar, F|100/100
|turn|13
|
|t:|1760799979
|switch|p1a: Landorus|Landorus-Therian, M|89/100
|-ability|p1a: Landorus|Intimidate|boost
|-unboost|p2a: Weezing|atk|1
|move|p2a: Weezing|Dark Pulse|p1a: Landorus
|-damage|p1a: Landorus|72/100
|
|upkeep
|turn|14
|
|t:|1760799985
|move|p1a: Landorus|Stealth Rock|p2a: Weezing
|-sidestart|p2: Lygophobia|move: Stealth Rock
|move|p2a: Weezing|Dark Pulse|p1a: Landorus
|-damage|p1a: Landorus|53/100
|
|upkeep
|turn|15
|
|t:|1760799988
|move|p1a: Landorus|U-turn|p2a: Weezing
|-resisted|p2a: Weezing
|-damage|p2a: Weezing|97/100
|-damage|p1a: Landorus|36/100|[from] item: Rocky Helmet|[of] p2a: Weezing
|
|t:|1760799996
|switch|p1a: Kyurem|Kyurem|100/100|[from] U-turn
|-ability|p1a: Kyurem|Pressure
|move|p2a: Weezing|Dark Pulse|p1a: Kyurem
|-damage|p1a: Kyurem|84/100
|
|upkeep
|turn|16
|
|t:|1760800005
|move|p1a: Kyurem|Ice Beam|p2a: Weezing
|-damage|p2a: Weezing|31/100
|move|p2a: Weezing|Pain Split|p1a: Kyurem
|-sethp|p1a: Kyurem|55/100|[from] move: Pain Split|[silent]
|-sethp|p2a: Weezing|64/100|[from] move: Pain Split
|
|upkeep
|turn|17
|
|t:|1760800012
|switch|p2a: Slowking|Slowking, M|77/100
|move|p1a: Kyurem|Ice Beam|p2a: Slowking
|-resisted|p2a: Slowking
|-damage|p2a: Slowking|62/100
|
|upkeep
|turn|18
|
|t:|1760800018
|switch|p1a: Gholdengo|Gholdengo|32/100
|move|p2a: Slowking|Scald|p1a: Gholdengo
|-damage|p1a: Gholdengo|3/100
|
|upkeep
|turn|19
|
|t:|1760800020
|move|p1a: Gholdengo|Recover|p1a: Gholdengo
|-heal|p1a: Gholdengo|53/100
|-prepare|p2a: Slowking|Chilly Reception|[premajor]
|move|p2a: Slowking|Chilly Reception|p2a: Slowking
|-weather|Snowscape
|
|t:|1760800021
|switch|p2a: Zapdos|Zapdos|100/100|[from] Chilly Reception
|
|-weather|Snowscape|[upkeep]
|upkeep
|turn|20
|
|t:|1760800027
|switch|p1a: Landorus|Landorus-Therian, M|36/100
|-ability|p1a: Landorus|Intimidate|boost
|-unboost|p2a: Zapdos|atk|1
|move|p2a: Zapdos|Heat Wave|p1a: Landorus
|-damage|p1a: Landorus|0 fnt
|faint|p1a: Landorus
|
|-weather|Snowscape|[upkeep]
|upkeep
|
|t:|1760800029
|switch|p1a: Kyurem|Kyurem|55/100
|-ability|p1a: Kyurem|Pressure
|turn|21
|
|t:|1760800036
|switch|p2a: Weezing|Weezing-Galar, F|64/100
|-damage|p2a: Weezing|52/100|[from] Stealth Rock
|move|p1a: Kyurem|Ice Beam|p2a: Weezing
|-damage|p2a: Weezing|0 fnt
|faint|p2a: Weezing
|
|-weather|Snowscape|[upkeep]
|upkeep
|
|t:|1760800038
|switch|p2a: Slowking|Slowking, M|95/100
|turn|22
|
|t:|1760800041
|switch|p1a: Gholdengo|Gholdengo|53/100
|-prepare|p2a: Slowking|Chilly Reception|[premajor]
|move|p2a: Slowking|Chilly Reception|p2a: Slowking
|
|t:|1760800042
|switch|p2a: Zapdos|Zapdos|100/100|[from] Chilly Reception
|
|-weather|Snowscape|[upkeep]
|upkeep
|turn|23
|
|t:|1760800054
|move|p2a: Zapdos|Hurricane|p1a: Gholdengo
|-resisted|p1a: Gholdengo
|-damage|p1a: Gholdengo|23/100
|move|p1a: Gholdengo|Shadow Ball|p2a: Zapdos
|-damage|p2a: Zapdos|55/100
|
|-weather|none
|upkeep
|turn|24
|
|t:|1760800059
|move|p2a: Zapdos|Heat Wave|p1a: Gholdengo
|-supereffective|p1a: Gholdengo
|-damage|p1a: Gholdengo|0 fnt
|faint|p1a: Gholdengo
|
|upkeep
|
|t:|1760800061
|switch|p1a: Kyurem|Kyurem|55/100
|-ability|p1a: Kyurem|Pressure
|turn|25
|
|t:|1760800065
|move|p1a: Kyurem|Freeze-Dry|p2a: Zapdos
|-supereffective|p2a: Zapdos
|-damage|p2a: Zapdos|0 fnt
|faint|p2a: Zapdos
|
|upkeep
|
|t:|1760800067
|switch|p2a: Slowking|Slowking, M|100/100
|turn|26
|
|t:|1760800070
|move|p1a: Kyurem|Freeze-Dry|p2a: Slowking
|-supereffective|p2a: Slowking
|-damage|p2a: Slowking|56/100
|move|p2a: Slowking|Future Sight|p1a: Kyurem
|-start|p2a: Slowking|move: Future Sight
|
|upkeep
|turn|27
|
|t:|1760800073
|move|p1a: Kyurem|Freeze-Dry|p2a: Slowking
|-supereffective|p2a: Slowking
|-damage|p2a: Slowking|5/100
|move|p2a: Slowking|Slack Off|p2a: Slowking
|-heal|p2a: Slowking|55/100
|
|upkeep
|turn|28
|
|t:|1760800075
|move|p1a: Kyurem|Freeze-Dry|p2a: Slowking
|-supereffective|p2a: Slowking
|-damage|p2a: Slowking|6/100
|-status|p2a: Slowking|frz
|-curestatus|p2a: Slowking|frz|[msg]
|move|p2a: Slowking|Slack Off|p2a: Slowking
|-heal|p2a: Slowking|56/100
|
|-end|p1a: Kyurem|move: Future Sight
|-damage|p1a: Kyurem|16/100
|upkeep
|turn|29
|
|t:|1760800078
|move|p1a: Kyurem|Freeze-Dry|p2a: Slowking
|-supereffective|p2a: Slowking
|-damage|p2a: Slowking|6/100
|move|p2a: Slowking|Scald|p1a: Kyurem
|-resisted|p1a: Kyurem
|-damage|p1a: Kyurem|4/100
|-status|p1a: Kyurem|brn
|
|-damage|p1a: Kyurem|0 fnt|[from] brn
|faint|p1a: Kyurem
|
|win|Lygophobia
|raw|ultracentrifuge's rating: 1403 &rarr; <strong>1382</strong><br />(-21 for losing)
|raw|Lygophobia's rating: 1387 &rarr; <strong>1408</strong><br />(+21 for winning)
|c|☆ultracentrifuge|gg
|c|☆Lygophobia|Gg
|l|☆Lygophobia
|player|p2|
|l|☆ultracentrifuge
|player|p1|
