|j|☆hexonicgd
|j|☆ftaochaphet
|t:|1760723278
|gametype|singles
|player|p1|hexonicgd|caitlin|
|player|p2|ftaochaphet|102|
|gen|9
|tier|[Gen 9] OU
|rule|HP Percentage Mod: HP is shown in percentages
|rule|Endless Battle Clause: Forcing endless battles is banned
|rule|Species Clause: Limit one of each Pokémon
|rule|OHKO Clause: OHKO moves are banned
|rule|Evasion Items Clause: Evasion items are banned
|rule|Evasion Moves Clause: Evasion moves are banned
|rule|Evasion Abilities Clause: Evasion abilities are banned
|rule|Sleep Moves Clause: Sleep-inducing moves are banned
|clearpoke
|poke|p1|Necrozma|
|poke|p1|Sandy Shocks|
|poke|p1|Great Tusk|
|poke|p1|Iron Boulder|
|poke|p1|Raging Bolt|
|poke|p1|Slowbro, M|
|poke|p2|Dragapult, F|
|poke|p2|Dragonite, F|
|poke|p2|Ting-Lu|
|poke|p2|Weezing-Galar, F|
|poke|p2|Iron Crown|
|poke|p2|Zapdos|
|teampreview
|inactive|Battle timer is ON: inactive players will automatically lose when time's up. (requested by ftaochaphet)
|
|t:|1760723296
|teamsize|p1|6
|teamsize|p2|6
|start
|switch|p1a: SandyCheeks|Sandy Shocks|100/100
|switch|p2a: Ting-Lu|Ting-Lu|100/100
|-ability|p2a: Ting-Lu|Vessel of Ruin
|-enditem|p1a: SandyCheeks|Booster Energy
|-activate|p1a: SandyCheeks|ability: Protosynthesis|[fromitem]
|-start|p1a: SandyCheeks|protosynthesisspe
|turn|1
|
|t:|1760723303
|move|p1a: SandyCheeks|Stealth Rock|p2a: Ting-Lu
|-sidestart|p2: ftaochaphet|move: Stealth Rock
|move|p2a: Ting-Lu|Earthquake|p1a: SandyCheeks
|-supereffective|p1a: SandyCheeks
|-damage|p1a: SandyCheeks|26/100
|
|upkeep
|turn|2
|inactive|hexonicgd has 270 seconds left.
|
|t:|1760723338
|-end|p1a: SandyCheeks|Protosynthesis|[silent]
|switch|p1a: Great Tusk|Great Tusk|100/100
|move|p2a: Ting-Lu|Earthquake|p1a: Great Tusk
|-damage|p1a: Great Tusk|74/100
|
|upkeep
|turn|3
|inactive|hexonicgd has 270 seconds left.
|
|t:|1760723354
|switch|p2a: Zapdos|Zapdos|100/100
|move|p1a: Great Tusk|Ice Spinner|p2a: Zapdos
|-supereffective|p2a: Zapdos
|-damage|p2a: Zapdos|33/100
|
|upkeep
|turn|4
|
|t:|1760723363
|move|p2a: Zapdos|Roost|p2a: Zapdos
|-heal|p2a: Zapdos|84/100
|-singleturn|p2a: Zapdos|move: Roost
|move|p1a: Great Tusk|Ice Spinner|p2a: Zapdos
|-damage|p2a: Zapdos|51/100
|
|upkeep
|turn|5
|inactive|hexonicgd has 270 seconds left.
|
|t:|1760723375
|move|p2a: Zapdos|Hurricane|p1a: Great Tusk
|-supereffective|p1a: Great Tusk
|-crit|p1a: Great Tusk
|-damage|p1a: Great Tusk|0 fnt
|faint|p1a: Great Tusk
|-end|p1a: Great Tusk|Protosynthesis|[silent]
|
|upkeep
|
|t:|1760723393
|switch|p1a: Iron Boulder|Iron Boulder|100/100
|-enditem|p1a: Iron Boulder|Booster Energy
|-activate|p1a: Iron Boulder|ability: Quark Drive|[fromitem]
|-start|p1a: Iron Boulder|quarkdrivespe
|turn|6
|l|☆ftaochaphet
|inactive|ftaochaphet disconnected and has 300 seconds to reconnect!
|player|p2|
|j|☆ftaochaphet
|inactive|ftaochaphet reconnected and has 295 seconds left.
|player|p2|ftaochaphet|102|
|
|t:|1760723423
|switch|p2a: Ting-Lu|Ting-Lu|100/100
|-damage|p2a: Ting-Lu|94/100|[from] Stealth Rock
|-ability|p2a: Ting-Lu|Vessel of Ruin
|move|p1a: Iron Boulder|Swords Dance|p1a: Iron Boulder
|-boost|p1a: Iron Boulder|atk|2
|
|-heal|p2a: Ting-Lu|100/100|[from] item: Leftovers
|upkeep
|turn|7
|
|t:|1760723452
|-terastallize|p1a: Iron Boulder|Flying
|move|p1a: Iron Boulder|Swords Dance|p1a: Iron Boulder
|-boost|p1a: Iron Boulder|atk|2
|move|p2a: Ting-Lu|Whirlwind|p1a: Iron Boulder
|-end|p1a: Iron Boulder|Quark Drive|[silent]
|drag|p1a: Raging Bolt|Raging Bolt|100/100
|-enditem|p1a: Raging Bolt|Booster Energy
|-activate|p1a: Raging Bolt|ability: Protosynthesis|[fromitem]
|-start|p1a: Raging Bolt|protosynthesisspa
|
|upkeep
|turn|8
|c|☆hexonicgd|noooooooooooooooooooooooooooooo
|inactive|hexonicgd has 240 seconds left.
|
|t:|1760723467
|move|p1a: Raging Bolt|Calm Mind|p1a: Raging Bolt
|-boost|p1a: Raging Bolt|spa|1
|-boost|p1a: Raging Bolt|spd|1
|move|p2a: Ting-Lu|Stealth Rock|p1a: Raging Bolt
|-sidestart|p1: hexonicgd|move: Stealth Rock
|
|upkeep
|turn|9
|l|☆ftaochaphet
|inactive|ftaochaphet disconnected and has 280 seconds to reconnect!
|player|p2|
|inactive|ftaochaphet has 270 seconds to reconnect!
|j|☆ftaochaphet
|inactive|ftaochaphet reconnected and has 295 seconds left.
|player|p2|ftaochaphet|102|
|
|t:|1760723496
|move|p1a: Raging Bolt|Draco Meteor|p2a: Ting-Lu
|-damage|p2a: Ting-Lu|36/100
|-unboost|p1a: Raging Bolt|spa|2
|move|p2a: Ting-Lu|Earthquake|p1a: Raging Bolt
|-supereffective|p1a: Raging Bolt
|-damage|p1a: Raging Bolt|26/100
|
|-heal|p2a: Ting-Lu|42/100|[from] item: Leftovers
|upkeep
|turn|10
|inactive|hexonicgd has 240 seconds left.
|
|t:|1760723516
|-end|p1a: Raging Bolt|Protosynthesis|[silent]
|switch|p1a: Iron Boulder|Iron Boulder, tera:Flying|100/100
|-damage|p1a: Iron Boulder|76/100|[from] Stealth Rock
|move|p2a: Ting-Lu|Whirlwind|p1a: Iron Boulder
|-end|p1a: Iron Boulder|Quark Drive|[silent]
|drag|p1a: SandyCheeks|Sandy Shocks|26/100
|-damage|p1a: SandyCheeks|20/100|[from] Stealth Rock
|
|-heal|p2a: Ting-Lu|48/100|[from] item: Leftovers
|upkeep
|turn|11
|inactive|ftaochaphet has 270 seconds left.
|
|t:|1760723546
|move|p1a: SandyCheeks|Earth Power|p2a: Ting-Lu
|-damage|p2a: Ting-Lu|31/100
|move|p2a: Ting-Lu|Earthquake|p1a: SandyCheeks
|-supereffective|p1a: SandyCheeks
|-damage|p1a: SandyCheeks|0 fnt
|faint|p1a: SandyCheeks
|-end|p1a: SandyCheeks|Protosynthesis|[silent]
|
|-heal|p2a: Ting-Lu|37/100|[from] item: Leftovers
|upkeep
|
|t:|1760723554
|switch|p1a: Necrozma|Necrozma|100/100
|-damage|p1a: Necrozma|88/100|[from] Stealth Rock
|turn|12
|inactive|ftaochaphet has 270 seconds left.
|
|t:|1760723580
|move|p1a: Necrozma|X-Scissor|p2a: Ting-Lu
|-supereffective|p2a: Ting-Lu
|-crit|p2a: Ting-Lu
|-damage|p2a: Ting-Lu|0 fnt
|faint|p2a: Ting-Lu
|
|upkeep
|
|t:|1760723588
|switch|p2a: Dragapult|Dragapult, F|100/100
|turn|13
|
|t:|1760723601
|move|p2a: Dragapult|Will-O-Wisp|p1a: Necrozma
|-status|p1a: Necrozma|brn
|-enditem|p1a: Necrozma|Lum Berry|[eat]
|-curestatus|p1a: Necrozma|brn|[msg]
|move|p1a: Necrozma|Dragon Dance|p1a: Necrozma
|-boost|p1a: Necrozma|atk|1
|-boost|p1a: Necrozma|spe|1
|
|upkeep
|turn|14
|inactive|ftaochaphet has 270 seconds left.
|
|t:|1760723618
|switch|p2a: Weezing|Weezing-Galar, F|100/100
|-ability|p2a: Weezing|Neutralizing Gas
|move|p1a: Necrozma|Photon Geyser|p2a: Weezing
|-supereffective|p2a: Weezing
|-damage|p2a: Weezing|14/100
|
|upkeep
|turn|15
|
|t:|1760723634
|move|p1a: Necrozma|Photon Geyser|p2a: Weezing
|-supereffective|p2a: Weezing
|-damage|p2a: Weezing|0 fnt
|faint|p2a: Weezing
|-end|p2a: Weezing|ability: Neutralizing Gas
|
|upkeep
|
|t:|1760723639
|switch|p2a: Dragonite|Dragonite, F|100/100
|turn|16
|
|t:|1760723650
|-terastallize|p2a: Dragonite|Normal
|move|p2a: Dragonite|Extreme Speed|p1a: Necrozma
|-damage|p1a: Necrozma|40/100
|move|p1a: Necrozma|Photon Geyser|p2a: Dragonite
|-damage|p2a: Dragonite|25/100
|
|upkeep
|turn|17
|inactive|hexonicgd has 270 seconds left.
|
|t:|1760723679
|move|p2a: Dragonite|Extreme Speed|p1a: Necrozma
|-damage|p1a: Necrozma|0 fnt
|faint|p1a: Necrozma
|
|upkeep
|
|t:|1760723694
|switch|p1a: Paul|Slowbro, M|100/100
|-damage|p1a: Paul|88/100|[from] Stealth Rock
|turn|18
|l|☆ftaochaphet
|inactive|ftaochaphet disconnected and has 265 seconds to reconnect!
|player|p2|
|inactive|ftaochaphet has 240 seconds to reconnect!
|j|☆ftaochaphet
|inactive|ftaochaphet reconnected and has 295 seconds left.
|player|p2|ftaochaphet|102|
|
|t:|1760723727
|switch|p2a: Zapdos|Zapdos|51/100
|move|p1a: Paul|Ice Beam|p2a: Zapdos
|-supereffective|p2a: Zapdos
|-damage|p2a: Zapdos|0 fnt
|faint|p2a: Zapdos
|
|upkeep
|
|t:|1760723733
|switch|p2a: Iron Crown|Iron Crown|100/100
|-damage|p2a: Iron Crown|94/100|[from] Stealth Rock
|turn|19
|
|t:|1760723739
|move|p2a: Iron Crown|Volt Switch|p1a: Paul
|-supereffective|p1a: Paul
|-damage|p1a: Paul|43/100
|
|t:|1760723749
|-end|p2a: Iron Crown|Quark Drive|[silent]
|switch|p2a: Dragapult|Dragapult, F|100/100|[from] Volt Switch
|move|p1a: Paul|Flamethrower|p2a: Dragapult
|-resisted|p2a: Dragapult
|-damage|p2a: Dragapult|78/100
|
|upkeep
|turn|20
|
|t:|1760723763
|switch|p1a: Raging Bolt|Raging Bolt|26/100
|-damage|p1a: Raging Bolt|14/100|[from] Stealth Rock
|move|p2a: Dragapult|Hex|p1a: Raging Bolt
|-damage|p1a: Raging Bolt|0 fnt
|faint|p1a: Raging Bolt
|-end|p1a: Raging Bolt|Protosynthesis|[silent]
|
|upkeep
|l|☆ftaochaphet
|inactive|ftaochaphet disconnected and has 240 seconds to reconnect!
|player|p2|
|
|t:|1760723779
|switch|p1a: Paul|Slowbro, M|76/100
|-damage|p1a: Paul|64/100|[from] Stealth Rock
|turn|21
|j|☆ftaochaphet
|inactive|ftaochaphet reconnected and has 300 seconds left.
|player|p2|ftaochaphet|102|
|
|t:|1760723802
|move|p2a: Dragapult|Will-O-Wisp|p1a: Paul
|-status|p1a: Paul|brn
|move|p1a: Paul|Ice Beam|p2a: Dragapult
|-supereffective|p2a: Dragapult
|-crit|p2a: Dragapult
|-damage|p2a: Dragapult|0 fnt
|faint|p2a: Dragapult
|
|-damage|p1a: Paul|58/100 brn|[from] brn
|upkeep
|
|t:|1760723810
|switch|p2a: Iron Crown|Iron Crown|94/100
|-damage|p2a: Iron Crown|88/100|[from] Stealth Rock
|turn|22
|inactive|hexonicgd has 270 seconds left.
|
|t:|1760723817
|move|p2a: Iron Crown|Volt Switch|p1a: Paul
|-supereffective|p1a: Paul
|-damage|p1a: Paul|12/100 brn
|c|☆ftaochaphet|Crit cc
|
|t:|1760723833
|-end|p2a: Iron Crown|Quark Drive|[silent]
|switch|p2a: Dragonite|Dragonite, F, tera:Normal|25/100|[from] Volt Switch
|move|p1a: Paul|Flamethrower|p2a: Dragonite
|-damage|p2a: Dragonite|0 fnt
|faint|p2a: Dragonite
|
|-damage|p1a: Paul|6/100 brn|[from] brn
|upkeep
|
|t:|1760723835
|switch|p2a: Iron Crown|Iron Crown|88/100
|-damage|p2a: Iron Crown|82/100|[from] Stealth Rock
|turn|23
|
|t:|1760723839
|move|p2a: Iron Crown|Volt Switch|p1a: Paul
|-supereffective|p1a: Paul
|-damage|p1a: Paul|0 fnt
|faint|p1a: Paul
|
|upkeep
|
|t:|1760723842
|switch|p1a: Iron Boulder|Iron Boulder, tera:Flying|76/100
|-damage|p1a: Iron Boulder|51/100|[from] Stealth Rock
|turn|24
|c|☆hexonicgd|will o wisp lỗi à
|l|☆ftaochaphet
|inactive|ftaochaphet disconnected and has 225 seconds to reconnect!
|player|p2|
|j|☆ftaochaphet
|inactive|ftaochaphet reconnected and has 290 seconds left.
|player|p2|ftaochaphet|102|
|
|t:|1760723879
|move|p1a: Iron Boulder|Earthquake|p2a: Iron Crown
|-supereffective|p2a: Iron Crown
|-damage|p2a: Iron Crown|6/100
|move|p2a: Iron Crown|Volt Switch|p1a: Iron Boulder
|-supereffective|p1a: Iron Boulder
|-damage|p1a: Iron Boulder|0 fnt
|faint|p1a: Iron Boulder
|-end|p1a: Iron Boulder|Quark Drive|[silent]
|
|win|ftaochaphet
|c|☆hexonicgd|there's no way
|l|☆ftaochaphet
|player|p2|
