|j|☆doodieray
|j|☆blueisnoob
|t:|1760884341
|gametype|singles
|player|p1|doodieray|medium|1534
|player|p2|blueisnoob|170|1460
|gen|9
|tier|[Gen 9] OU
|rated|
|rule|HP Percentage Mod: HP is shown in percentages
|rule|Endless Battle Clause: Forcing endless battles is banned
|rule|Species Clause: Limit one of each Pokémon
|rule|OHKO Clause: OHKO moves are banned
|rule|Evasion Items Clause: Evasion items are banned
|rule|Evasion Moves Clause: Evasion moves are banned
|rule|Evasion Abilities Clause: Evasion abilities are banned
|rule|Sleep Moves Clause: Sleep-inducing moves are banned
|clearpoke
|poke|p1|Kyurem|
|poke|p1|Slowking-Galar, M|
|poke|p1|Iron Crown|
|poke|p1|Alomomola, F|
|poke|p1|Ogerpon, F|
|poke|p1|Great Tusk|
|poke|p2|Zamazenta-*|
|poke|p2|Ogerpon-Wellspring, F|
|poke|p2|Slowking-Galar, F|
|poke|p2|Great Tusk|
|poke|p2|Kingambit, M|
|poke|p2|Zapdos|
|teampreview
|inactive|Battle timer is ON: inactive players will automatically lose when time's up. (requested by doodieray)
|inactive|blueisnoob has 120 seconds left.
|
|t:|1760884376
|teamsize|p1|6
|teamsize|p2|6
|start
|switch|p1a: Ogerpon|Ogerpon, F|100/100
|switch|p2a: Zapdos|Zapdos|100/100
|turn|1
|
|t:|1760884382
|switch|p1a: Slowking|Slowking-Galar, M|100/100
|move|p2a: Zapdos|Thunder Wave|p1a: Slowking
|-status|p1a: Slowking|par
|
|upkeep
|turn|2
|
|t:|1760884386
|move|p2a: Zapdos|Volt Switch|p1a: Slowking
|-damage|p1a: Slowking|83/100 par
|
|t:|1760884391
|switch|p2a: Ogerpon|Ogerpon-Wellspring, F|100/100|[from] Volt Switch
|-prepare|p1a: Slowking|Chilly Reception|[premajor]
|move|p1a: Slowking|Chilly Reception|p1a: Slowking
|-weather|Snowscape
|
|t:|1760884403
|switch|p1a: Kyurem|Kyurem|100/100|[from] Chilly Reception
|-ability|p1a: Kyurem|Pressure
|
|-weather|Snowscape|[upkeep]
|upkeep
|turn|3
|inactive|blueisnoob has 120 seconds left.
|
|t:|1760884450
|switch|p2a: Kingambit|Kingambit, M|100/100
|-terastallize|p1a: Kyurem|Ice
|move|p1a: Kyurem|Freeze-Dry|p2a: Kingambit
|-resisted|p2a: Kingambit
|-damage|p2a: Kingambit|67/100
|-status|p2a: Kingambit|frz
|
|-weather|Snowscape|[upkeep]
|-heal|p2a: Kingambit|73/100 frz|[from] item: Leftovers
|upkeep
|turn|4
|
|t:|1760884453
|move|p1a: Kyurem|Freeze-Dry|p2a: Kingambit
|-resisted|p2a: Kingambit
|-damage|p2a: Kingambit|39/100 frz
|cant|p2a: Kingambit|frz
|
|-weather|Snowscape|[upkeep]
|-heal|p2a: Kingambit|45/100 frz|[from] item: Leftovers
|upkeep
|turn|5
|
|t:|1760884456
|move|p1a: Kyurem|Freeze-Dry|p2a: Kingambit
|-resisted|p2a: Kingambit
|-damage|p2a: Kingambit|7/100 frz
|cant|p2a: Kingambit|frz
|
|-weather|Snowscape|[upkeep]
|-heal|p2a: Kingambit|14/100 frz|[from] item: Leftovers
|upkeep
|turn|6
|
|t:|1760884459
|cant|p2a: Kingambit|frz
|move|p1a: Kyurem|Freeze-Dry|p2a: Kingambit
|-resisted|p2a: Kingambit
|-damage|p2a: Kingambit|0 fnt
|faint|p2a: Kingambit
|-end|p2a: Kingambit|fallenundefined|[silent]
|
|-weather|none
|upkeep
|
|t:|1760884462
|switch|p2a: Slowking|Slowking-Galar, F|100/100
|turn|7
|
|t:|1760884465
|switch|p1a: Slowking|Slowking-Galar, M|100/100 par
|move|p2a: Slowking|Flamethrower|p1a: Slowking
|-damage|p1a: Slowking|84/100 par
|
|upkeep
|turn|8
|
|t:|1760884469
|move|p2a: Slowking|Psyshock|p1a: Slowking
|-damage|p1a: Slowking|40/100 par
|-prepare|p1a: Slowking|Chilly Reception|[premajor]
|move|p1a: Slowking|Chilly Reception|p1a: Slowking
|-weather|Snowscape
|
|t:|1760884475
|switch|p1a: Kyurem|Kyurem, tera:Ice|100/100|[from] Chilly Reception
|-ability|p1a: Kyurem|Pressure
|
|-weather|Snowscape|[upkeep]
|upkeep
|turn|9
|
|t:|1760884478
|move|p1a: Kyurem|Ice Beam|p2a: Slowking
|-damage|p2a: Slowking|52/100
|move|p2a: Slowking|Flamethrower|p1a: Kyurem
|-supereffective|p1a: Kyurem
|-crit|p1a: Kyurem
|-damage|p1a: Kyurem|14/100
|
|-weather|Snowscape|[upkeep]
|upkeep
|turn|10
|
|t:|1760884483
|move|p1a: Kyurem|Ice Beam|p2a: Slowking
|-damage|p2a: Slowking|4/100
|-status|p2a: Slowking|frz
|cant|p2a: Slowking|frz
|
|-weather|Snowscape|[upkeep]
|upkeep
|turn|11
|
|t:|1760884486
|move|p1a: Kyurem|Ice Beam|p2a: Slowking
|-damage|p2a: Slowking|0 fnt
|faint|p2a: Slowking
|
|-weather|Snowscape|[upkeep]
|upkeep
|
|t:|1760884489
|switch|p2a: Zamazenta|Zamazenta|100/100
|-ability|p2a: Zamazenta|Dauntless Shield|boost
|-boost|p2a: Zamazenta|def|1
|turn|12
|
|t:|1760884492
|switch|p1a: Alomomola|Alomomola, F|100/100
|move|p2a: Zamazenta|Crunch|p1a: Alomomola
|-damage|p1a: Alomomola|86/100
|
|-weather|none
|upkeep
|turn|13
|
|t:|1760884495
|switch|p2a: Zapdos|Zapdos|100/100
|move|p1a: Alomomola|Wish|p1a: Alomomola
|
|upkeep
|turn|14
|
|t:|1760884498
|move|p2a: Zapdos|Thunder Wave|p1a: Alomomola
|-status|p1a: Alomomola|par
|move|p1a: Alomomola|Flip Turn|p2a: Zapdos
|-damage|p2a: Zapdos|88/100
|
|t:|1760884504
|switch|p1a: Kyurem|Kyurem, tera:Ice|14/100|[from] Flip Turn
|-ability|p1a: Kyurem|Pressure
|
|-heal|p1a: Kyurem|82/100|[from] move: Wish|[wisher] Alomomola
|upkeep
|turn|15
|
|t:|1760884509
|switch|p2a: Ogerpon|Ogerpon-Wellspring, F|100/100
|move|p1a: Kyurem|Ice Beam|p2a: Ogerpon
|-damage|p2a: Ogerpon|0 fnt
|faint|p2a: Ogerpon
|
|upkeep
|
|t:|1760884512
|switch|p2a: Zamazenta|Zamazenta|100/100
|turn|16
|
|t:|1760884515
|switch|p2a: Zapdos|Zapdos|88/100
|switch|p1a: Alomomola|Alomomola, F|100/100 par
|
|upkeep
|turn|17
|
|t:|1760884517
|switch|p1a: Slowking|Slowking-Galar, M|74/100 par
|move|p2a: Zapdos|Volt Switch|p1a: Slowking
|-damage|p1a: Slowking|57/100 par
|
|t:|1760884520
|switch|p2a: Great Tusk|Great Tusk, shiny|100/100|[from] Volt Switch
|
|upkeep
|turn|18
|
|t:|1760884524
|switch|p1a: Alomomola|Alomomola, F|100/100 par
|move|p2a: Great Tusk|Stealth Rock|p1a: Alomomola
|-sidestart|p1: doodieray|move: Stealth Rock
|
|upkeep
|turn|19
|
|t:|1760884527
|-end|p2a: Great Tusk|Protosynthesis|[silent]
|switch|p2a: Zapdos|Zapdos|88/100
|move|p1a: Alomomola|Flip Turn|p2a: Zapdos
|-damage|p2a: Zapdos|77/100
|
|t:|1760884533
|switch|p1a: Kyurem|Kyurem, tera:Ice|82/100|[from] Flip Turn
|-damage|p1a: Kyurem|58/100|[from] Stealth Rock
|-ability|p1a: Kyurem|Pressure
|
|upkeep
|turn|20
|
|t:|1760884535
|move|p1a: Kyurem|Ice Beam|p2a: Zapdos
|-supereffective|p2a: Zapdos
|-damage|p2a: Zapdos|0 fnt
|faint|p2a: Zapdos
|
|upkeep
|
|t:|1760884539
|switch|p2a: Zamazenta|Zamazenta|100/100
|turn|21
|
|t:|1760884541
|switch|p2a: Great Tusk|Great Tusk, shiny|100/100
|move|p1a: Kyurem|Ice Beam|p2a: Great Tusk
|-supereffective|p2a: Great Tusk
|-damage|p2a: Great Tusk|0 fnt
|faint|p2a: Great Tusk
|-end|p2a: Great Tusk|Protosynthesis|[silent]
|
|upkeep
|
|t:|1760884543
|switch|p2a: Zamazenta|Zamazenta|100/100
|turn|22
|
|t:|1760884547
|move|p2a: Zamazenta|Stone Edge|p1a: Kyurem|[miss]
|-miss|p2a: Zamazenta|p1a: Kyurem
|move|p1a: Kyurem|Ice Beam|p2a: Zamazenta
|-damage|p2a: Zamazenta|10/100
|
|upkeep
|turn|23
|
|t:|1760884549
|move|p2a: Zamazenta|Stone Edge|p1a: Kyurem
|-supereffective|p1a: Kyurem
|-damage|p1a: Kyurem|0 fnt
|faint|p1a: Kyurem
|
|upkeep
|
|t:|1760884553
|switch|p1a: Iron Crown|Iron Crown|100/100
|-damage|p1a: Iron Crown|94/100|[from] Stealth Rock
|turn|24
|
|t:|1760884556
|-terastallize|p2a: Zamazenta|Dark
|move|p2a: Zamazenta|Crunch|p1a: Iron Crown
|-supereffective|p1a: Iron Crown
|-damage|p1a: Iron Crown|0 fnt
|faint|p1a: Iron Crown
|-end|p1a: Iron Crown|Quark Drive|[silent]
|
|upkeep
|
|t:|1760884562
|switch|p1a: Great Tusk|Great Tusk|100/100
|turn|25
|
|t:|1760884564
|move|p2a: Zamazenta|Ice Fang|p1a: Great Tusk
|-supereffective|p1a: Great Tusk
|-damage|p1a: Great Tusk|64/100
|-status|p1a: Great Tusk|frz
|cant|p1a: Great Tusk|frz
|
|upkeep
|turn|26
|
|t:|1760884571
|move|p2a: Zamazenta|Ice Fang|p1a: Great Tusk
|-supereffective|p1a: Great Tusk
|-damage|p1a: Great Tusk|27/100 frz
|cant|p1a: Great Tusk|frz
|
|upkeep
|turn|27
|
|t:|1760884576
|-end|p1a: Great Tusk|Protosynthesis|[silent]
|switch|p1a: Slowking|Slowking-Galar, M|91/100 par
|move|p2a: Zamazenta|Ice Fang|p1a: Slowking|[miss]
|-miss|p2a: Zamazenta|p1a: Slowking
|
|upkeep
|turn|28
|
|t:|1760884583
|switch|p1a: Alomomola|Alomomola, F|100/100 par
|move|p2a: Zamazenta|Crunch|p1a: Alomomola
|-damage|p1a: Alomomola|81/100 par
|
|upkeep
|turn|29
|
|t:|1760884587
|move|p2a: Zamazenta|Crunch|p1a: Alomomola
|-damage|p1a: Alomomola|60/100 par
|cant|p1a: Alomomola|par
|
|upkeep
|turn|30
|
|t:|1760884592
|switch|p1a: Slowking|Slowking-Galar, M|100/100 par
|move|p2a: Zamazenta|Crunch|p1a: Slowking
|-supereffective|p1a: Slowking
|-damage|p1a: Slowking|0 fnt
|faint|p1a: Slowking
|
|upkeep
|
|t:|1760884594
|switch|p1a: Alomomola|Alomomola, F|93/100 par
|turn|31
|
|t:|1760884596
|move|p2a: Zamazenta|Crunch|p1a: Alomomola
|-damage|p1a: Alomomola|72/100 par
|-unboost|p1a: Alomomola|def|1
|cant|p1a: Alomomola|par
|
|upkeep
|turn|32
|
|t:|1760884601
|switch|p1a: Great Tusk|Great Tusk|27/100 frz
|move|p2a: Zamazenta|Crunch|p1a: Great Tusk
|-resisted|p1a: Great Tusk
|-damage|p1a: Great Tusk|13/100 frz
|
|upkeep
|turn|33
|
|t:|1760884603
|move|p2a: Zamazenta|Crunch|p1a: Great Tusk
|-resisted|p1a: Great Tusk
|-damage|p1a: Great Tusk|0 fnt
|faint|p1a: Great Tusk
|-end|p1a: Great Tusk|Protosynthesis|[silent]
|
|upkeep
|
|t:|1760884605
|switch|p1a: Alomomola|Alomomola, F|100/100 par
|turn|34
|
|t:|1760884606
|move|p2a: Zamazenta|Crunch|p1a: Alomomola
|-damage|p1a: Alomomola|79/100 par
|move|p1a: Alomomola|Scald|p2a: Zamazenta
|-damage|p2a: Zamazenta|0 fnt
|faint|p2a: Zamazenta
|
|win|doodieray
|raw|doodieray's rating: 1534 &rarr; <strong>1550</strong><br />(+16 for winning)
|raw|blueisnoob's rating: 1460 &rarr; <strong>1444</strong><br />(-16 for losing)
