|j|☆Ugo_thegoat
|j|☆omi999
|t:|1760719280
|gametype|singles
|player|p1|Ugo_thegoat|1|1164
|player|p2|omi999|sage|1134
|gen|9
|tier|[Gen 9] OU
|rated|
|rule|HP Percentage Mod: HP is shown in percentages
|rule|Endless Battle Clause: Forcing endless battles is banned
|rule|Species Clause: Limit one of each Pokémon
|rule|OHKO Clause: OHKO moves are banned
|rule|Evasion Items Clause: Evasion items are banned
|rule|Evasion Moves Clause: Evasion moves are banned
|rule|Evasion Abilities Clause: Evasion abilities are banned
|rule|Sleep Moves Clause: Sleep-inducing moves are banned
|clearpoke
|poke|p1|Dragonite, M|
|poke|p1|Raging Bolt|
|poke|p1|Toxapex, M|
|poke|p1|Ting-Lu|
|poke|p1|Ceruledge, F|
|poke|p1|Great Tusk|
|poke|p2|Volcanion|
|poke|p2|Torkoal, F|
|poke|p2|Lilligant-Hisui, F|
|poke|p2|Raging Bolt|
|poke|p2|Bisharp, F|
|poke|p2|Mandibuzz, F|
|teampreview
|inactive|Battle timer is ON: inactive players will automatically lose when time's up. (requested by Ugo_thegoat)
|
|t:|1760719288
|teamsize|p1|6
|teamsize|p2|6
|start
|switch|p1a: Toxapex|Toxapex, M, shiny|100/100
|switch|p2a: Torkoal|Torkoal, F|100/100
|-weather|SunnyDay|[from] ability: Drought|[of] p2a: Torkoal
|turn|1
|
|t:|1760719300
|switch|p2a: Bisharp|Bisharp, F|100/100
|move|p1a: Toxapex|Toxic|p2a: Bisharp
|-immune|p2a: Bisharp
|
|-weather|SunnyDay|[upkeep]
|upkeep
|turn|2
|
|t:|1760719308
|move|p2a: Bisharp|Swords Dance|p2a: Bisharp
|-boost|p2a: Bisharp|atk|2
|move|p1a: Toxapex|Haze|p1a: Toxapex
|-clearallboost
|
|-weather|SunnyDay|[upkeep]
|upkeep
|turn|3
|
|t:|1760719314
|move|p2a: Bisharp|Throat Chop|p1a: Toxapex
|-damage|p1a: Toxapex|72/100
|-start|p1a: Toxapex|Throat Chop|[silent]
|move|p1a: Toxapex|Haze|p1a: Toxapex
|-clearallboost
|
|-weather|SunnyDay|[upkeep]
|-heal|p1a: Toxapex|78/100|[from] item: Leftovers
|upkeep
|turn|4
|
|t:|1760719325
|switch|p2a: Raging Bolt|Raging Bolt|100/100
|-activate|p2a: Raging Bolt|ability: Protosynthesis
|-start|p2a: Raging Bolt|protosynthesisspa
|move|p1a: Toxapex|Baneful Bunker||[still]
|-fail|p1a: Toxapex
|
|-weather|SunnyDay|[upkeep]
|-heal|p1a: Toxapex|84/100|[from] item: Leftovers
|-end|p1a: Toxapex|Throat Chop|[silent]
|upkeep
|turn|5
|
|t:|1760719333
|move|p2a: Raging Bolt|Volt Switch|p1a: Toxapex
|-supereffective|p1a: Toxapex
|-damage|p1a: Toxapex|1/100
|
|t:|1760719341
|-end|p2a: Raging Bolt|Protosynthesis|[silent]
|switch|p2a: Volcanion|Volcanion|100/100|[from] Volt Switch
|move|p1a: Toxapex|Toxic|p2a: Volcanion
|-status|p2a: Volcanion|tox
|
|-weather|none
|-heal|p1a: Toxapex|7/100|[from] item: Leftovers
|-damage|p2a: Volcanion|94/100 tox|[from] psn
|upkeep
|turn|6
|
|t:|1760719347
|move|p1a: Toxapex|Baneful Bunker|p1a: Toxapex
|-singleturn|p1a: Toxapex|move: Protect
|move|p2a: Volcanion|Earth Power|p1a: Toxapex
|-activate|p1a: Toxapex|move: Protect
|
|-heal|p2a: Volcanion|100/100 tox|[from] item: Leftovers
|-heal|p1a: Toxapex|14/100|[from] item: Leftovers
|-damage|p2a: Volcanion|88/100 tox|[from] psn
|upkeep
|turn|7
|
|t:|1760719362
|switch|p1a: Dragonite|Dragonite, M|100/100
|move|p2a: Volcanion|Steam Eruption|p1a: Dragonite
|-resisted|p1a: Dragonite
|-damage|p1a: Dragonite|84/100
|
|-heal|p2a: Volcanion|94/100 tox|[from] item: Leftovers
|-damage|p2a: Volcanion|76/100 tox|[from] psn
|upkeep
|turn|8
|
|t:|1760719367
|switch|p2a: Mandibuzz|Mandibuzz, F|100/100
|move|p1a: Dragonite|Dragon Dance|p1a: Dragonite
|-boost|p1a: Dragonite|atk|1
|-boost|p1a: Dragonite|spe|1
|
|upkeep
|turn|9
|
|t:|1760719372
|move|p1a: Dragonite|Dragon Claw|p2a: Mandibuzz
|-damage|p2a: Mandibuzz|61/100
|-damage|p1a: Dragonite|67/100|[from] item: Rocky Helmet|[of] p2a: Mandibuzz
|move|p2a: Mandibuzz|Foul Play|p1a: Dragonite
|-damage|p1a: Dragonite|0 fnt
|faint|p1a: Dragonite
|
|upkeep
|
|t:|1760719380
|switch|p1a: Ceruledge|Ceruledge, F|100/100
|turn|10
|
|t:|1760719384
|move|p1a: Ceruledge|Swords Dance|p1a: Ceruledge
|-boost|p1a: Ceruledge|atk|2
|move|p2a: Mandibuzz|Roost|p2a: Mandibuzz
|-heal|p2a: Mandibuzz|100/100
|-singleturn|p2a: Mandibuzz|move: Roost
|
|upkeep
|turn|11
|
|t:|1760719389
|move|p1a: Ceruledge|Swords Dance|p1a: Ceruledge
|-boost|p1a: Ceruledge|atk|2
|move|p2a: Mandibuzz|Foul Play|p1a: Ceruledge
|-supereffective|p1a: Ceruledge
|-enditem|p1a: Ceruledge|Focus Sash
|-damage|p1a: Ceruledge|1/100
|-ability|p1a: Ceruledge|Weak Armor|boost
|-unboost|p1a: Ceruledge|def|1
|-boost|p1a: Ceruledge|spe|2
|
|upkeep
|turn|12
|
|t:|1760719396
|move|p1a: Ceruledge|Bitter Blade|p2a: Mandibuzz
|-damage|p2a: Mandibuzz|25/100
|-heal|p1a: Ceruledge|56/100|[from] drain|[of] p2a: Mandibuzz
|-damage|p1a: Ceruledge|39/100|[from] item: Rocky Helmet|[of] p2a: Mandibuzz
|move|p2a: Mandibuzz|Foul Play|p1a: Ceruledge
|-supereffective|p1a: Ceruledge
|-crit|p1a: Ceruledge
|-damage|p1a: Ceruledge|0 fnt
|faint|p1a: Ceruledge
|
|upkeep
|
|t:|1760719410
|switch|p1a: Raging Bolt|Raging Bolt|100/100
|-enditem|p1a: Raging Bolt|Booster Energy
|-activate|p1a: Raging Bolt|ability: Protosynthesis|[fromitem]
|-start|p1a: Raging Bolt|protosynthesisspa
|turn|13
|
|t:|1760719418
|move|p2a: Mandibuzz|Toxic|p1a: Raging Bolt
|-status|p1a: Raging Bolt|tox
|move|p1a: Raging Bolt|Calm Mind|p1a: Raging Bolt
|-boost|p1a: Raging Bolt|spa|1
|-boost|p1a: Raging Bolt|spd|1
|
|-damage|p1a: Raging Bolt|94/100 tox|[from] psn
|upkeep
|turn|14
|
|t:|1760719425
|move|p2a: Mandibuzz|Roost|p2a: Mandibuzz
|-heal|p2a: Mandibuzz|75/100
|-singleturn|p2a: Mandibuzz|move: Roost
|move|p1a: Raging Bolt|Thunderbolt|p2a: Mandibuzz
|-crit|p2a: Mandibuzz
|-damage|p2a: Mandibuzz|0 fnt
|faint|p2a: Mandibuzz
|
|-damage|p1a: Raging Bolt|82/100 tox|[from] psn
|upkeep
|
|t:|1760719443
|switch|p2a: Raging Bolt|Raging Bolt|100/100
|turn|15
|
|t:|1760719446
|move|p2a: Raging Bolt|Draco Meteor|p1a: Raging Bolt
|-supereffective|p1a: Raging Bolt
|-damage|p1a: Raging Bolt|8/100 tox
|-unboost|p2a: Raging Bolt|spa|2
|move|p1a: Raging Bolt|Dragon Pulse|p2a: Raging Bolt
|-supereffective|p2a: Raging Bolt
|-damage|p2a: Raging Bolt|0 fnt
|faint|p2a: Raging Bolt
|-end|p2a: Raging Bolt|Protosynthesis|[silent]
|
|-damage|p1a: Raging Bolt|0 fnt|[from] psn
|faint|p1a: Raging Bolt
|-end|p1a: Raging Bolt|Protosynthesis|[silent]
|upkeep
|
|t:|1760719462
|switch|p2a: Torkoal|Torkoal, F|100/100
|switch|p1a: Toxapex|Toxapex, M, shiny|47/100
|-weather|SunnyDay|[from] ability: Drought|[of] p2a: Torkoal
|turn|16
|
|t:|1760719470
|move|p1a: Toxapex|Pain Split|p2a: Torkoal
|-sethp|p2a: Torkoal|71/100|[from] move: Pain Split|[silent]
|-sethp|p1a: Toxapex|80/100|[from] move: Pain Split
|move|p2a: Torkoal|Solar Beam||[still]
|-prepare|p2a: Torkoal|Solar Beam
|-anim|p2a: Torkoal|Solar Beam|p1a: Toxapex
|-damage|p1a: Toxapex|50/100
|
|-weather|SunnyDay|[upkeep]
|-heal|p1a: Toxapex|56/100|[from] item: Leftovers
|-heal|p2a: Torkoal|77/100|[from] item: Leftovers
|upkeep
|turn|17
|
|t:|1760719475
|switch|p2a: Volcanion|Volcanion|76/100 tox
|move|p1a: Toxapex|Toxic|p2a: Volcanion
|-fail|p2a: Volcanion|tox
|
|-weather|SunnyDay|[upkeep]
|-heal|p2a: Volcanion|82/100 tox|[from] item: Leftovers
|-heal|p1a: Toxapex|62/100|[from] item: Leftovers
|-damage|p2a: Volcanion|76/100 tox|[from] psn
|upkeep
|turn|18
|
|t:|1760719480
|move|p1a: Toxapex|Baneful Bunker|p1a: Toxapex
|-singleturn|p1a: Toxapex|move: Protect
|move|p2a: Volcanion|Earth Power|p1a: Toxapex
|-activate|p1a: Toxapex|move: Protect
|
|-weather|SunnyDay|[upkeep]
|-heal|p2a: Volcanion|82/100 tox|[from] item: Leftovers
|-heal|p1a: Toxapex|69/100|[from] item: Leftovers
|-damage|p2a: Volcanion|70/100 tox|[from] psn
|upkeep
|turn|19
|
|t:|1760719491
|move|p2a: Volcanion|Earth Power|p1a: Toxapex
|-supereffective|p1a: Toxapex
|-damage|p1a: Toxapex|12/100
|move|p1a: Toxapex|Pain Split|p2a: Volcanion
|-sethp|p2a: Volcanion|40/100 tox|[from] move: Pain Split|[silent]
|-sethp|p1a: Toxapex|48/100|[from] move: Pain Split
|
|-weather|SunnyDay|[upkeep]
|-heal|p2a: Volcanion|46/100 tox|[from] item: Leftovers
|-heal|p1a: Toxapex|54/100|[from] item: Leftovers
|-damage|p2a: Volcanion|28/100 tox|[from] psn
|upkeep
|turn|20
|
|t:|1760719499
|move|p1a: Toxapex|Baneful Bunker|p1a: Toxapex
|-singleturn|p1a: Toxapex|move: Protect
|move|p2a: Volcanion|Earth Power|p1a: Toxapex
|-activate|p1a: Toxapex|move: Protect
|
|-weather|none
|-heal|p2a: Volcanion|34/100 tox|[from] item: Leftovers
|-heal|p1a: Toxapex|60/100|[from] item: Leftovers
|-damage|p2a: Volcanion|10/100 tox|[from] psn
|upkeep
|turn|21
|
|t:|1760719512
|switch|p1a: Great Tusk|Great Tusk|100/100
|move|p2a: Volcanion|Earth Power|p1a: Great Tusk
|-damage|p1a: Great Tusk|44/100
|
|-heal|p2a: Volcanion|16/100 tox|[from] item: Leftovers
|-damage|p2a: Volcanion|0 fnt|[from] psn
|faint|p2a: Volcanion
|upkeep
|
|t:|1760719525
|switch|p2a: Lilligant|Lilligant-Hisui, F|100/100
|turn|22
|
|t:|1760719530
|-end|p1a: Great Tusk|Protosynthesis|[silent]
|switch|p1a: Toxapex|Toxapex, M, shiny|94/100
|move|p2a: Lilligant|Victory Dance|p2a: Lilligant
|-boost|p2a: Lilligant|atk|1
|-boost|p2a: Lilligant|def|1
|-boost|p2a: Lilligant|spe|1
|
|-heal|p1a: Toxapex|99/100|[from] item: Leftovers
|upkeep
|turn|23
|
|t:|1760719538
|move|p2a: Lilligant|Victory Dance|p2a: Lilligant
|-boost|p2a: Lilligant|atk|1
|-boost|p2a: Lilligant|def|1
|-boost|p2a: Lilligant|spe|1
|move|p1a: Toxapex|Haze|p1a: Toxapex
|-clearallboost
|
|-heal|p1a: Toxapex|100/100|[from] item: Leftovers
|upkeep
|turn|24
|
|t:|1760719543
|switch|p2a: Torkoal|Torkoal, F|77/100
|-weather|SunnyDay|[from] ability: Drought|[of] p2a: Torkoal
|move|p1a: Toxapex|Toxic|p2a: Torkoal
|-status|p2a: Torkoal|tox
|
|-weather|SunnyDay|[upkeep]
|-heal|p2a: Torkoal|83/100 tox|[from] item: Leftovers
|-damage|p2a: Torkoal|77/100 tox|[from] psn
|upkeep
|turn|25
|
|t:|1760719550
|move|p1a: Toxapex|Baneful Bunker|p1a: Toxapex
|-singleturn|p1a: Toxapex|move: Protect
|move|p2a: Torkoal|Lava Plume|p1a: Toxapex
|-activate|p1a: Toxapex|move: Protect
|
|-weather|SunnyDay|[upkeep]
|-heal|p2a: Torkoal|83/100 tox|[from] item: Leftovers
|-damage|p2a: Torkoal|71/100 tox|[from] psn
|upkeep
|turn|26
|
|t:|1760719555
|switch|p1a: Ting-Lu|Ting-Lu, shiny|100/100
|-ability|p1a: Ting-Lu|Vessel of Ruin
|move|p2a: Torkoal|Lava Plume|p1a: Ting-Lu
|-damage|p1a: Ting-Lu|81/100
|
|-weather|SunnyDay|[upkeep]
|-heal|p1a: Ting-Lu|87/100|[from] item: Leftovers
|-heal|p2a: Torkoal|77/100 tox|[from] item: Leftovers
|-damage|p2a: Torkoal|59/100 tox|[from] psn
|upkeep
|turn|27
|
|t:|1760719567
|move|p2a: Torkoal|Solar Beam||[still]
|-prepare|p2a: Torkoal|Solar Beam
|-anim|p2a: Torkoal|Solar Beam|p1a: Ting-Lu
|-supereffective|p1a: Ting-Lu
|-damage|p1a: Ting-Lu|60/100
|move|p1a: Ting-Lu|Whirlwind|p2a: Torkoal
|drag|p2a: Lilligant|Lilligant-Hisui, F|100/100
|
|-weather|SunnyDay|[upkeep]
|-heal|p1a: Ting-Lu|67/100|[from] item: Leftovers
|upkeep
|turn|28
|
|t:|1760719579
|switch|p1a: Toxapex|Toxapex, M, shiny|100/100
|move|p2a: Lilligant|Leaf Blade|p1a: Toxapex
|-damage|p1a: Toxapex|78/100
|
|-weather|none
|-heal|p1a: Toxapex|85/100|[from] item: Leftovers
|upkeep
|turn|29
|
|t:|1760719586
|switch|p2a: Bisharp|Bisharp, F|100/100
|move|p1a: Toxapex|Toxic|p2a: Bisharp
|-immune|p2a: Bisharp
|
|-heal|p1a: Toxapex|91/100|[from] item: Leftovers
|upkeep
|turn|30
|
|t:|1760719593
|switch|p1a: Ting-Lu|Ting-Lu, shiny|67/100
|-ability|p1a: Ting-Lu|Vessel of Ruin
|move|p2a: Bisharp|Swords Dance|p2a: Bisharp
|-boost|p2a: Bisharp|atk|2
|
|-heal|p1a: Ting-Lu|73/100|[from] item: Leftovers
|upkeep
|turn|31
|
|t:|1760719600
|move|p2a: Bisharp|Iron Head|p1a: Ting-Lu
|-damage|p1a: Ting-Lu|27/100
|move|p1a: Ting-Lu|Earthquake|p2a: Bisharp
|-supereffective|p2a: Bisharp
|-damage|p2a: Bisharp|36/100
|
|-heal|p1a: Ting-Lu|33/100|[from] item: Leftovers
|upkeep
|turn|32
|
|t:|1760719608
|move|p2a: Bisharp|Iron Head|p1a: Ting-Lu
|-damage|p1a: Ting-Lu|0 fnt
|faint|p1a: Ting-Lu
|
|upkeep
|
|t:|1760719617
|switch|p1a: Great Tusk|Great Tusk|44/100
|turn|33
|
|t:|1760719625
|move|p2a: Bisharp|Sucker Punch|p1a: Great Tusk
|-resisted|p1a: Great Tusk
|-damage|p1a: Great Tusk|23/100
|move|p1a: Great Tusk|Close Combat|p2a: Bisharp
|-supereffective|p2a: Bisharp
|-damage|p2a: Bisharp|0 fnt
|-unboost|p1a: Great Tusk|def|1
|-unboost|p1a: Great Tusk|spd|1
|faint|p2a: Bisharp
|-damage|p1a: Great Tusk|13/100|[from] item: Life Orb
|
|upkeep
|
|t:|1760719636
|switch|p2a: Lilligant|Lilligant-Hisui, F|100/100
|turn|34
|
|t:|1760719642
|move|p2a: Lilligant|Victory Dance|p2a: Lilligant
|-boost|p2a: Lilligant|atk|1
|-boost|p2a: Lilligant|def|1
|-boost|p2a: Lilligant|spe|1
|move|p1a: Great Tusk|Headlong Rush|p2a: Lilligant
|-resisted|p2a: Lilligant
|-damage|p2a: Lilligant|60/100
|-unboost|p1a: Great Tusk|def|1
|-unboost|p1a: Great Tusk|spd|1
|-damage|p1a: Great Tusk|3/100|[from] item: Life Orb
|
|-heal|p2a: Lilligant|66/100|[from] item: Leftovers
|upkeep
|turn|35
|
|t:|1760719656
|move|p2a: Lilligant|Victory Dance|p2a: Lilligant
|-boost|p2a: Lilligant|atk|1
|-boost|p2a: Lilligant|def|1
|-boost|p2a: Lilligant|spe|1
|move|p1a: Great Tusk|Headlong Rush|p2a: Lilligant
|-resisted|p2a: Lilligant
|-damage|p2a: Lilligant|37/100
|-unboost|p1a: Great Tusk|def|1
|-unboost|p1a: Great Tusk|spd|1
|-damage|p1a: Great Tusk|0 fnt|[from] item: Life Orb
|faint|p1a: Great Tusk
|-end|p1a: Great Tusk|Protosynthesis|[silent]
|
|-heal|p2a: Lilligant|43/100|[from] item: Leftovers
|upkeep
|
|t:|1760719661
|switch|p1a: Toxapex|Toxapex, M, shiny|100/100
|turn|36
|
|t:|1760719665
|move|p2a: Lilligant|Leaf Blade|p1a: Toxapex
|-damage|p1a: Toxapex|51/100
|move|p1a: Toxapex|Toxic|p2a: Lilligant
|-status|p2a: Lilligant|tox
|
|-heal|p2a: Lilligant|49/100 tox|[from] item: Leftovers
|-heal|p1a: Toxapex|57/100|[from] item: Leftovers
|-damage|p2a: Lilligant|43/100 tox|[from] psn
|upkeep
|turn|37
|
|t:|1760719673
|move|p2a: Lilligant|Leaf Blade|p1a: Toxapex
|-crit|p1a: Toxapex
|-damage|p1a: Toxapex|0 fnt
|faint|p1a: Toxapex
|
|win|omi999
|raw|Ugo_thegoat's rating: 1164 &rarr; <strong>1137</strong><br />(-27 for losing)
|raw|omi999's rating: 1134 &rarr; <strong>1161</strong><br />(+27 for winning)
