|j|☆james2341
|j|☆levijoseph
|t:|1760848477
|gametype|singles
|player|p1|james2341|169|1598
|player|p2|levijoseph|nate|1581
|gen|9
|tier|[Gen 9] OU
|rated|
|rule|HP Percentage Mod: HP is shown in percentages
|rule|Endless Battle Clause: Forcing endless battles is banned
|rule|Species Clause: Limit one of each Pokémon
|rule|OHKO Clause: OHKO moves are banned
|rule|Evasion Items Clause: Evasion items are banned
|rule|Evasion Moves Clause: Evasion moves are banned
|rule|Evasion Abilities Clause: Evasion abilities are banned
|rule|Sleep Moves Clause: Sleep-inducing moves are banned
|clearpoke
|poke|p1|Ogerpon-Wellspring, F|
|poke|p1|Grimmsnarl, M|
|poke|p1|Great Tusk|
|poke|p1|Iron Treads|
|poke|p1|Comfey, M|
|poke|p1|Lucario, M|
|poke|p2|Galvantula, M|
|poke|p2|Scizor, M|
|poke|p2|Volbeat, M|
|poke|p2|Forretress, M|
|poke|p2|Yanmega, M|
|poke|p2|Slither Wing|
|teampreview
|
|t:|1760848480
|teamsize|p1|6
|teamsize|p2|6
|start
|switch|p1a: Iron Treads|Iron Treads, shiny|100/100
|switch|p2a: Forretress|Forretress, M|100/100
|-enditem|p1a: Iron Treads|Booster Energy
|-activate|p1a: Iron Treads|ability: Quark Drive|[fromitem]
|-start|p1a: Iron Treads|quarkdrivespe
|turn|1
|inactive|Battle timer is ON: inactive players will automatically lose when time's up. (requested by levijoseph)
|inactive|james2341 also wants the timer to be on.
|
|t:|1760848485
|switch|p2a: Yanmega|Yanmega, M|100/100
|move|p1a: Iron Treads|Earth Power|p2a: Yanmega
|-immune|p2a: Yanmega
|
|upkeep
|turn|2
|
|t:|1760848492
|move|p1a: Iron Treads|Stealth Rock|p2a: Yanmega
|-sidestart|p2: levijoseph|move: Stealth Rock
|move|p2a: Yanmega|Shadow Ball|p1a: Iron Treads
|-damage|p1a: Iron Treads|61/100
|
|-ability|p2a: Yanmega|Speed Boost|boost
|-boost|p2a: Yanmega|spe|1
|upkeep
|turn|3
|
|t:|1760848495
|move|p1a: Iron Treads|Steel Beam|p2a: Yanmega
|-damage|p2a: Yanmega|21/100
|-damage|p1a: Iron Treads|11/100|[from] steelbeam
|move|p2a: Yanmega|Bug Buzz|p1a: Iron Treads
|-resisted|p1a: Iron Treads
|-damage|p1a: Iron Treads|0 fnt
|faint|p1a: Iron Treads
|-end|p1a: Iron Treads|Quark Drive|[silent]
|-enditem|p2a: Yanmega|Throat Spray
|-boost|p2a: Yanmega|spa|1|[from] item: Throat Spray
|
|-ability|p2a: Yanmega|Speed Boost|boost
|-boost|p2a: Yanmega|spe|1
|upkeep
|
|t:|1760848497
|switch|p1a: Lucario|Lucario, M|100/100
|turn|4
|
|t:|1760848501
|move|p1a: Lucario|Extreme Speed|p2a: Yanmega
|-damage|p2a: Yanmega|0 fnt
|faint|p2a: Yanmega
|-damage|p1a: Lucario|91/100|[from] item: Life Orb
|
|upkeep
|
|t:|1760848503
|switch|p2a: Forretress|Forretress, M|100/100
|-damage|p2a: Forretress|88/100|[from] Stealth Rock
|turn|5
|
|t:|1760848504
|move|p1a: Lucario|Swords Dance|p1a: Lucario
|-boost|p1a: Lucario|atk|2
|move|p2a: Forretress|Rapid Spin|p1a: Lucario
|-resisted|p1a: Lucario
|-damage|p1a: Lucario|83/100
|-boost|p2a: Forretress|spe|1
|-sideend|p2: levijoseph|Stealth Rock|[from] move: Rapid Spin|[of] p2a: Forretress
|
|upkeep
|turn|6
|
|t:|1760848509
|move|p1a: Lucario|Swords Dance|p1a: Lucario
|-boost|p1a: Lucario|atk|2
|move|p2a: Forretress|Stealth Rock|p1a: Lucario
|-sidestart|p1: james2341|move: Stealth Rock
|
|upkeep
|turn|7
|
|t:|1760848512
|move|p1a: Lucario|Close Combat|p2a: Forretress
|-damage|p2a: Forretress|0 fnt
|-unboost|p1a: Lucario|def|1
|-unboost|p1a: Lucario|spd|1
|-damage|p1a: Lucario|67/100|[from] item: Rocky Helmet|[of] p2a: Forretress
|faint|p2a: Forretress
|-damage|p1a: Lucario|57/100|[from] item: Life Orb
|
|upkeep
|
|t:|1760848518
|switch|p2a: Volbeat|Volbeat, M|100/100
|turn|8
|
|t:|1760848525
|move|p1a: Lucario|Extreme Speed|p2a: Volbeat
|-enditem|p2a: Volbeat|Focus Sash
|-damage|p2a: Volbeat|1/100
|-damage|p1a: Lucario|47/100|[from] item: Life Orb
|move|p2a: Volbeat|Endeavor|p1a: Lucario
|-damage|p1a: Lucario|1/100
|
|upkeep
|turn|9
|
|t:|1760848536
|move|p1a: Lucario|Extreme Speed|p2a: Volbeat
|-damage|p2a: Volbeat|0 fnt
|faint|p2a: Volbeat
|-damage|p1a: Lucario|0 fnt|[from] item: Life Orb
|faint|p1a: Lucario
|
|upkeep
|
|t:|1760848539
|switch|p1a: Grimmsnarl|Grimmsnarl, M|100/100
|switch|p2a: Galvantula|Galvantula, M|100/100
|-damage|p1a: Grimmsnarl|88/100|[from] Stealth Rock
|turn|10
|
|t:|1760848541
|move|p1a: Grimmsnarl|Taunt|p2a: Galvantula
|-start|p2a: Galvantula|move: Taunt
|move|p2a: Galvantula|Lunge|p1a: Grimmsnarl
|-damage|p1a: Grimmsnarl|68/100
|-unboost|p1a: Grimmsnarl|atk|1
|
|upkeep
|turn|11
|
|t:|1760848544
|move|p1a: Grimmsnarl|Light Screen|p1a: Grimmsnarl
|-sidestart|p1: james2341|move: Light Screen
|move|p2a: Galvantula|Thunder|p1a: Grimmsnarl
|-crit|p1a: Grimmsnarl
|-damage|p1a: Grimmsnarl|11/100
|
|upkeep
|turn|12
|
|t:|1760848552
|move|p1a: Grimmsnarl|Reflect|p1a: Grimmsnarl
|-sidestart|p1: james2341|Reflect
|move|p2a: Galvantula|Lunge|p1a: Grimmsnarl
|-damage|p1a: Grimmsnarl|1/100
|-unboost|p1a: Grimmsnarl|atk|1
|
|-end|p2a: Galvantula|move: Taunt
|upkeep
|turn|13
|
|t:|1760848556
|move|p1a: Grimmsnarl|Parting Shot|p2a: Galvantula
|-unboost|p2a: Galvantula|atk|1
|-unboost|p2a: Galvantula|spa|1
|
|t:|1760848561
|switch|p1a: Comfey|Comfey, M, shiny|100/100|[from] Parting Shot
|-damage|p1a: Comfey|88/100|[from] Stealth Rock
|move|p2a: Galvantula|Lunge|p1a: Comfey
|-resisted|p1a: Comfey
|-damage|p1a: Comfey|84/100
|-unboost|p1a: Comfey|atk|1
|
|-heal|p1a: Comfey|90/100|[from] item: Leftovers
|upkeep
|turn|14
|
|t:|1760848566
|move|p2a: Galvantula|Thunder Wave|p1a: Comfey
|-status|p1a: Comfey|par
|move|p1a: Comfey|Calm Mind|p1a: Comfey
|-boost|p1a: Comfey|spa|1
|-boost|p1a: Comfey|spd|1
|
|-heal|p1a: Comfey|96/100 par|[from] item: Leftovers
|upkeep
|turn|15
|
|t:|1760848569
|move|p2a: Galvantula|Sticky Web|p1a: Comfey
|-sidestart|p1: james2341|move: Sticky Web
|move|p1a: Comfey|Calm Mind|p1a: Comfey
|-boost|p1a: Comfey|spa|1
|-boost|p1a: Comfey|spd|1
|
|-heal|p1a: Comfey|100/100 par|[from] item: Leftovers
|upkeep
|turn|16
|
|t:|1760848574
|move|p2a: Galvantula|Thunder|p1a: Comfey
|-damage|p1a: Comfey|94/100 par
|cant|p1a: Comfey|par
|
|-heal|p1a: Comfey|99/100 par|[from] item: Leftovers
|upkeep
|turn|17
|
|t:|1760848579
|switch|p2a: Slither Wing|Slither Wing|100/100
|move|p1a: Comfey|Calm Mind|p1a: Comfey
|-boost|p1a: Comfey|spa|1
|-boost|p1a: Comfey|spd|1
|
|-heal|p1a: Comfey|100/100 par|[from] item: Leftovers
|upkeep
|turn|18
|
|t:|1760848584
|move|p1a: Comfey|Draining Kiss|p2a: Slither Wing
|-supereffective|p2a: Slither Wing
|-damage|p2a: Slither Wing|0 fnt
|faint|p2a: Slither Wing
|-end|p2a: Slither Wing|Protosynthesis|[silent]
|
|-sideend|p1: james2341|move: Light Screen
|upkeep
|
|t:|1760848588
|switch|p2a: Galvantula|Galvantula, M|100/100
|turn|19
|
|t:|1760848590
|move|p1a: Comfey|Draining Kiss|p2a: Galvantula
|-damage|p2a: Galvantula|17/100
|move|p2a: Galvantula|Thunder|p1a: Comfey
|-damage|p1a: Comfey|86/100 par
|
|-heal|p1a: Comfey|92/100 par|[from] item: Leftovers
|-sideend|p1: james2341|Reflect
|upkeep
|turn|20
|
|t:|1760848593
|move|p1a: Comfey|Draining Kiss|p2a: Galvantula
|-crit|p2a: Galvantula
|-damage|p2a: Galvantula|0 fnt
|-heal|p1a: Comfey|100/100 par|[from] drain|[of] p2a: Galvantula
|faint|p2a: Galvantula
|
|upkeep
|
|t:|1760848595
|switch|p2a: Scizor|Scizor, M|100/100
|turn|21
|
|t:|1760848603
|-terastallize|p1a: Comfey|Ground
|move|p2a: Scizor|Bullet Punch|p1a: Comfey
|-damage|p1a: Comfey|52/100 par
|move|p1a: Comfey|Tera Blast|p2a: Scizor|[anim] Tera Blast Ground
|-damage|p2a: Scizor|0 fnt
|faint|p2a: Scizor
|
|win|james2341
|raw|james2341's rating: 1598 &rarr; <strong>1617</strong><br />(+19 for winning)
|raw|levijoseph's rating: 1581 &rarr; <strong>1562</strong><br />(-19 for losing)
|l|☆james2341
|player|p1|
|l|☆levijoseph
|player|p2|
