|j|☆akhantz
|j|☆Noamm
|t:|1760793663
|gametype|singles
|player|p1|akhantz|cheryl|1513
|player|p2|Noamm|gambler|1537
|gen|9
|tier|[Gen 9] OU
|rated|
|rule|HP Percentage Mod: HP is shown in percentages
|rule|Endless Battle Clause: Forcing endless battles is banned
|rule|Species Clause: Limit one of each Pokémon
|rule|OHKO Clause: OHKO moves are banned
|rule|Evasion Items Clause: Evasion items are banned
|rule|Evasion Moves Clause: Evasion moves are banned
|rule|Evasion Abilities Clause: Evasion abilities are banned
|rule|Sleep Moves Clause: Sleep-inducing moves are banned
|clearpoke
|poke|p1|Heatran, M|
|poke|p1|Clefable, F|
|poke|p1|Zapdos|
|poke|p1|Great Tusk|
|poke|p1|Rillaboom, M|
|poke|p1|Ogerpon-Wellspring, F|
|poke|p2|Lokix, F|
|poke|p2|Primarina, M|
|poke|p2|Weezing-Galar, M|
|poke|p2|Ting-Lu|
|poke|p2|Moltres|
|poke|p2|Iron Crown|
|teampreview
|inactive|Battle timer is ON: inactive players will automatically lose when time's up. (requested by akhantz)
|
|t:|1760793679
|teamsize|p1|6
|teamsize|p2|6
|start
|switch|p1a: Zapdos|Zapdos, shiny|100/100
|switch|p2a: Strange Vent|Ting-Lu, shiny|100/100
|-ability|p2a: Strange Vent|Vessel of Ruin
|turn|1
|
|t:|1760793689
|switch|p1a: Great Tusk|Great Tusk|100/100
|move|p2a: Strange Vent|Stealth Rock|p1a: Great Tusk
|-sidestart|p1: akhantz|move: Stealth Rock
|
|upkeep
|turn|2
|
|t:|1760793691
|switch|p2a: Shoot Vent|Moltres|100/100
|move|p1a: Great Tusk|Stealth Rock|p2a: Shoot Vent
|-sidestart|p2: Noamm|move: Stealth Rock
|
|upkeep
|turn|3
|j| UltimaPierre
|
|t:|1760793696
|-end|p1a: Great Tusk|Protosynthesis|[silent]
|switch|p1a: Heatran|Heatran, M, shiny|100/100
|-damage|p1a: Heatran|88/100|[from] Stealth Rock
|move|p2a: Shoot Vent|U-turn|p1a: Heatran
|-resisted|p1a: Heatran
|-damage|p1a: Heatran|85/100
|
|t:|1760793701
|switch|p2a: Strike Vent|Primarina, M, shiny|100/100|[from] U-turn
|
|-heal|p1a: Heatran|92/100|[from] item: Leftovers
|upkeep
|turn|4
|
|t:|1760793707
|move|p1a: Heatran|Will-O-Wisp|p2a: Strike Vent
|-status|p2a: Strike Vent|brn
|move|p2a: Strike Vent|Moonblast|p1a: Heatran
|-resisted|p1a: Heatran
|-damage|p1a: Heatran|83/100
|
|-heal|p1a: Heatran|89/100|[from] item: Leftovers
|-damage|p2a: Strike Vent|94/100 brn|[from] brn
|upkeep
|turn|5
|
|t:|1760793713
|move|p1a: Heatran|Protect|p1a: Heatran
|-singleturn|p1a: Heatran|Protect
|move|p2a: Strike Vent|Moonblast|p1a: Heatran
|-activate|p1a: Heatran|move: Protect
|
|-heal|p1a: Heatran|96/100|[from] item: Leftovers
|-damage|p2a: Strike Vent|88/100 brn|[from] brn
|upkeep
|turn|6
|
|t:|1760793717
|move|p1a: Heatran|Magma Storm|p2a: Strike Vent
|-resisted|p2a: Strike Vent
|-damage|p2a: Strike Vent|69/100 brn
|-activate|p2a: Strike Vent|move: Magma Storm|[of] p1a: Heatran
|move|p2a: Strike Vent|Psychic Noise|p1a: Heatran
|-supereffective|p1a: Heatran
|-damage|p1a: Heatran|39/100
|-start|p1a: Heatran|move: Heal Block
|
|-damage|p2a: Strike Vent|63/100 brn|[from] brn
|-damage|p2a: Strike Vent|51/100 brn|[from] move: Magma Storm|[partiallytrapped]
|upkeep
|turn|7
|
|t:|1760793721
|move|p1a: Heatran|Protect|p1a: Heatran
|-singleturn|p1a: Heatran|Protect
|move|p2a: Strike Vent|Psychic Noise|p1a: Heatran
|-activate|p1a: Heatran|move: Protect
|
|-damage|p2a: Strike Vent|44/100 brn|[from] brn
|-damage|p2a: Strike Vent|32/100 brn|[from] move: Magma Storm|[partiallytrapped]
|-end|p1a: Heatran|move: Heal Block
|upkeep
|turn|8
|
|t:|1760793728
|switch|p1a: Ogerpon|Ogerpon-Wellspring, F|100/100
|-damage|p1a: Ogerpon|88/100|[from] Stealth Rock
|move|p2a: Strike Vent|Psychic Noise|p1a: Ogerpon
|-heal|p1a: Ogerpon|100/100|[from] ability: Water Absorb|[of] p2a: Strike Vent
|
|-damage|p2a: Strike Vent|26/100 brn|[from] brn
|-end|p2a: Strike Vent|Magma Storm|[partiallytrapped]|[silent]
|upkeep
|turn|9
|
|t:|1760793738
|switch|p1a: Heatran|Heatran, M, shiny|39/100
|-damage|p1a: Heatran|26/100|[from] Stealth Rock
|switch|p2a: Nasty Vent|Weezing-Galar, M|100/100
|-ability|p2a: Nasty Vent|Neutralizing Gas
|
|-heal|p1a: Heatran|33/100|[from] item: Leftovers
|upkeep
|turn|10
|
|t:|1760793743
|-end|p2a: Nasty Vent|ability: Neutralizing Gas
|switch|p2a: Strange Vent|Ting-Lu, shiny|100/100
|-damage|p2a: Strange Vent|94/100|[from] Stealth Rock
|-ability|p2a: Strange Vent|Vessel of Ruin
|move|p1a: Heatran|Magma Storm|p2a: Strange Vent
|-damage|p2a: Strange Vent|76/100
|-activate|p2a: Strange Vent|move: Magma Storm|[of] p1a: Heatran
|
|-heal|p1a: Heatran|39/100|[from] item: Leftovers
|-heal|p2a: Strange Vent|82/100|[from] item: Leftovers
|-damage|p2a: Strange Vent|69/100|[from] move: Magma Storm|[partiallytrapped]
|upkeep
|turn|11
|
|t:|1760793747
|move|p1a: Heatran|Protect|p1a: Heatran
|-singleturn|p1a: Heatran|Protect
|move|p2a: Strange Vent|Earthquake|p1a: Heatran
|-activate|p1a: Heatran|move: Protect
|
|-heal|p1a: Heatran|45/100|[from] item: Leftovers
|-heal|p2a: Strange Vent|76/100|[from] item: Leftovers
|-damage|p2a: Strange Vent|63/100|[from] move: Magma Storm|[partiallytrapped]
|upkeep
|turn|12
|l| UltimaPierre
|
|t:|1760793754
|switch|p1a: Rillaboom|Rillaboom, M|100/100
|-damage|p1a: Rillaboom|88/100|[from] Stealth Rock
|-fieldstart|move: Grassy Terrain|[from] ability: Grassy Surge|[of] p1a: Rillaboom
|move|p2a: Strange Vent|Earthquake|p1a: Rillaboom
|-resisted|p1a: Rillaboom
|-damage|p1a: Rillaboom|79/100
|
|-heal|p1a: Rillaboom|85/100|[from] Grassy Terrain
|-heal|p2a: Strange Vent|69/100|[from] Grassy Terrain
|-heal|p2a: Strange Vent|76/100|[from] item: Leftovers
|-end|p2a: Strange Vent|Magma Storm|[partiallytrapped]|[silent]
|upkeep
|turn|13
|
|t:|1760793759
|switch|p2a: Shoot Vent|Moltres|100/100
|move|p1a: Rillaboom|Knock Off|p2a: Shoot Vent
|-damage|p2a: Shoot Vent|65/100
|-enditem|p2a: Shoot Vent|Heavy-Duty Boots|[from] move: Knock Off|[of] p1a: Rillaboom
|
|-heal|p1a: Rillaboom|91/100|[from] Grassy Terrain
|upkeep
|turn|14
|
|t:|1760793762
|switch|p1a: Heatran|Heatran, M, shiny|45/100
|-damage|p1a: Heatran|33/100|[from] Stealth Rock
|move|p2a: Shoot Vent|Roost|p2a: Shoot Vent
|-heal|p2a: Shoot Vent|100/100
|-singleturn|p2a: Shoot Vent|move: Roost
|
|-heal|p1a: Heatran|39/100|[from] Grassy Terrain
|-heal|p1a: Heatran|45/100|[from] item: Leftovers
|upkeep
|turn|15
|
|t:|1760793764
|switch|p1a: Zapdos|Zapdos, shiny|100/100
|move|p2a: Shoot Vent|U-turn|p1a: Zapdos
|-resisted|p1a: Zapdos
|-damage|p1a: Zapdos|93/100
|-status|p2a: Shoot Vent|par|[from] ability: Static|[of] p1a: Zapdos
|
|t:|1760793770
|switch|p2a: Strange Vent|Ting-Lu, shiny|76/100|[from] U-turn
|-damage|p2a: Strange Vent|69/100|[from] Stealth Rock
|-ability|p2a: Strange Vent|Vessel of Ruin
|
|-heal|p2a: Strange Vent|76/100|[from] Grassy Terrain
|-heal|p2a: Strange Vent|82/100|[from] item: Leftovers
|upkeep
|turn|16
|
|t:|1760793778
|move|p1a: Zapdos|Hurricane|p2a: Strange Vent
|-damage|p2a: Strange Vent|61/100
|-start|p2a: Strange Vent|confusion
|-activate|p2a: Strange Vent|confusion
|move|p2a: Strange Vent|Ruination|p1a: Zapdos
|-damage|p1a: Zapdos|47/100
|
|-heal|p2a: Strange Vent|68/100|[from] Grassy Terrain
|-heal|p2a: Strange Vent|74/100|[from] item: Leftovers
|-fieldend|move: Grassy Terrain
|upkeep
|turn|17
|
|t:|1760793782
|move|p1a: Zapdos|Hurricane|p2a: Strange Vent
|-damage|p2a: Strange Vent|56/100
|-activate|p2a: Strange Vent|confusion
|-damage|p2a: Strange Vent|50/100|[from] confusion
|
|-heal|p2a: Strange Vent|57/100|[from] item: Leftovers
|upkeep
|turn|18
|
|t:|1760793785
|move|p1a: Zapdos|Roost|p1a: Zapdos
|-heal|p1a: Zapdos|97/100
|-singleturn|p1a: Zapdos|move: Roost
|-end|p2a: Strange Vent|confusion
|move|p2a: Strange Vent|Ruination|p1a: Zapdos
|-damage|p1a: Zapdos|49/100
|
|-heal|p2a: Strange Vent|63/100|[from] item: Leftovers
|upkeep
|turn|19
|
|t:|1760793790
|move|p1a: Zapdos|Hurricane|p2a: Strange Vent
|-damage|p2a: Strange Vent|44/100
|-start|p2a: Strange Vent|confusion
|-activate|p2a: Strange Vent|confusion
|move|p2a: Strange Vent|Ruination|p1a: Zapdos
|-damage|p1a: Zapdos|25/100
|
|-heal|p2a: Strange Vent|50/100|[from] item: Leftovers
|upkeep
|turn|20
|
|t:|1760793794
|move|p1a: Zapdos|Hurricane|p2a: Strange Vent
|-damage|p2a: Strange Vent|32/100
|-activate|p2a: Strange Vent|confusion
|move|p2a: Strange Vent|Earthquake|p1a: Zapdos
|-immune|p1a: Zapdos
|
|-heal|p2a: Strange Vent|39/100|[from] item: Leftovers
|upkeep
|turn|21
|
|t:|1760793798
|switch|p2a: Sword Vent|Iron Crown|100/100
|-damage|p2a: Sword Vent|94/100|[from] Stealth Rock
|move|p1a: Zapdos|Hurricane|p2a: Sword Vent|[miss]
|-miss|p1a: Zapdos|p2a: Sword Vent
|
|upkeep
|turn|22
|
|t:|1760793807
|switch|p1a: Heatran|Heatran, M, shiny|45/100
|-damage|p1a: Heatran|33/100|[from] Stealth Rock
|move|p2a: Sword Vent|Future Sight|p1a: Heatran
|-start|p2a: Sword Vent|move: Future Sight
|
|-heal|p1a: Heatran|39/100|[from] item: Leftovers
|upkeep
|turn|23
|
|t:|1760793811
|move|p2a: Sword Vent|Focus Blast|p1a: Heatran
|-supereffective|p1a: Heatran
|-damage|p1a: Heatran|0 fnt
|faint|p1a: Heatran
|
|upkeep
|
|t:|1760793822
|switch|p1a: Ogerpon|Ogerpon-Wellspring, F|100/100
|-damage|p1a: Ogerpon|88/100|[from] Stealth Rock
|turn|24
|
|t:|1760793827
|-terastallize|p1a: Ogerpon|Water
|detailschange|p1a: Ogerpon|Ogerpon-Wellspring-Tera, F, tera:Water
|-ability|p1a: Ogerpon|Embody Aspect (Wellspring)|boost
|-boost|p1a: Ogerpon|spd|1
|move|p1a: Ogerpon|Ivy Cudgel|p2a: Sword Vent|[anim] Ivy Cudgel Water
|-damage|p2a: Sword Vent|8/100
|move|p2a: Sword Vent|Volt Switch|p1a: Ogerpon
|-supereffective|p1a: Ogerpon
|-damage|p1a: Ogerpon|50/100
|
|t:|1760793837
|-end|p2a: Sword Vent|Quark Drive|[silent]
|switch|p2a: Nasty Vent|Weezing-Galar, M|100/100|[from] Volt Switch
|-ability|p2a: Nasty Vent|Neutralizing Gas
|
|-end|p1a: Ogerpon|move: Future Sight
|-damage|p1a: Ogerpon|3/100
|upkeep
|turn|25
|
|t:|1760793850
|move|p1a: Ogerpon|Ivy Cudgel|p2a: Nasty Vent|[anim] Ivy Cudgel Water
|-damage|p2a: Nasty Vent|50/100
|move|p2a: Nasty Vent|Sludge Bomb|p1a: Ogerpon
|-damage|p1a: Ogerpon|0 fnt
|faint|p1a: Ogerpon
|detailschange|p1: Ogerpon|Ogerpon-Wellspring, F|[silent]
|
|upkeep
|
|t:|1760793864
|switch|p1a: Zapdos|Zapdos, shiny|25/100
|turn|26
|inactive|Noamm has 120 seconds left.
|
|t:|1760793906
|-end|p2a: Nasty Vent|ability: Neutralizing Gas
|switch|p2a: Strange Vent|Ting-Lu, shiny|39/100
|-damage|p2a: Strange Vent|32/100|[from] Stealth Rock
|-ability|p2a: Strange Vent|Vessel of Ruin
|move|p1a: Zapdos|Hurricane|p2a: Strange Vent|[miss]
|-miss|p1a: Zapdos|p2a: Strange Vent
|
|-heal|p2a: Strange Vent|39/100|[from] item: Leftovers
|upkeep
|turn|27
|
|t:|1760793912
|move|p1a: Zapdos|Hurricane|p2a: Strange Vent
|-damage|p2a: Strange Vent|19/100
|move|p2a: Strange Vent|Earthquake|p1a: Zapdos
|-immune|p1a: Zapdos
|
|-heal|p2a: Strange Vent|26/100|[from] item: Leftovers
|upkeep
|turn|28
|
|t:|1760793915
|move|p1a: Zapdos|Hurricane|p2a: Strange Vent|[miss]
|-miss|p1a: Zapdos|p2a: Strange Vent
|move|p2a: Strange Vent|Whirlwind|p1a: Zapdos
|drag|p1a: Great Tusk|Great Tusk|100/100
|-damage|p1a: Great Tusk|97/100|[from] Stealth Rock
|
|-heal|p2a: Strange Vent|32/100|[from] item: Leftovers
|upkeep
|turn|29
|
|t:|1760793920
|-end|p1a: Great Tusk|Protosynthesis|[silent]
|switch|p1a: Zapdos|Zapdos, shiny|25/100
|move|p2a: Strange Vent|Ruination|p1a: Zapdos
|-damage|p1a: Zapdos|13/100
|
|-heal|p2a: Strange Vent|38/100|[from] item: Leftovers
|upkeep
|turn|30
|
|t:|1760793925
|move|p1a: Zapdos|Hurricane|p2a: Strange Vent
|-damage|p2a: Strange Vent|19/100
|move|p2a: Strange Vent|Earthquake|p1a: Zapdos
|-immune|p1a: Zapdos
|
|-heal|p2a: Strange Vent|25/100|[from] item: Leftovers
|upkeep
|turn|31
|
|t:|1760793928
|move|p1a: Zapdos|Hurricane|p2a: Strange Vent
|-damage|p2a: Strange Vent|7/100
|move|p2a: Strange Vent|Whirlwind|p1a: Zapdos
|drag|p1a: Clefable|Clefable, F|100/100
|
|-heal|p2a: Strange Vent|13/100|[from] item: Leftovers
|upkeep
|turn|32
|
|t:|1760793932
|move|p1a: Clefable|Moonblast|p2a: Strange Vent
|-supereffective|p2a: Strange Vent
|-damage|p2a: Strange Vent|0 fnt
|faint|p2a: Strange Vent
|
|upkeep
|
|t:|1760793939
|switch|p2a: Sword Vent|Iron Crown|8/100
|-damage|p2a: Sword Vent|2/100|[from] Stealth Rock
|turn|33
|
|t:|1760793951
|switch|p1a: Rillaboom|Rillaboom, M|91/100
|-damage|p1a: Rillaboom|79/100|[from] Stealth Rock
|-fieldstart|move: Grassy Terrain|[from] ability: Grassy Surge|[of] p1a: Rillaboom
|move|p2a: Sword Vent|Tachyon Cutter|p1a: Rillaboom
|-damage|p1a: Rillaboom|50/100
|-damage|p1a: Rillaboom|19/100
|-hitcount|p1a: Rillaboom|2
|
|-heal|p2a: Sword Vent|8/100|[from] Grassy Terrain
|-heal|p1a: Rillaboom|26/100|[from] Grassy Terrain
|upkeep
|turn|34
|
|t:|1760793961
|-end|p2a: Sword Vent|Quark Drive|[silent]
|switch|p2a: Shoot Vent|Moltres|100/100 par
|-damage|p2a: Shoot Vent|51/100 par|[from] Stealth Rock
|move|p1a: Rillaboom|Knock Off|p2a: Shoot Vent
|-damage|p2a: Shoot Vent|27/100 par
|-status|p1a: Rillaboom|brn|[from] ability: Flame Body|[of] p2a: Shoot Vent
|
|-heal|p1a: Rillaboom|32/100 brn|[from] Grassy Terrain
|-damage|p1a: Rillaboom|26/100 brn|[from] brn
|upkeep
|turn|35
|
|t:|1760793964
|move|p1a: Rillaboom|Knock Off|p2a: Shoot Vent
|-damage|p2a: Shoot Vent|16/100 par
|move|p2a: Shoot Vent|Flamethrower|p1a: Rillaboom
|-supereffective|p1a: Rillaboom
|-damage|p1a: Rillaboom|0 fnt
|faint|p1a: Rillaboom
|
|upkeep
|
|t:|1760793970
|switch|p1a: Zapdos|Zapdos, shiny|13/100
|turn|36
|
|t:|1760793973
|move|p1a: Zapdos|Roost|p1a: Zapdos
|-heal|p1a: Zapdos|63/100
|-singleturn|p1a: Zapdos|move: Roost
|cant|p2a: Shoot Vent|par
|
|-heal|p1a: Zapdos|69/100|[from] Grassy Terrain
|upkeep
|turn|37
|
|t:|1760793975
|move|p1a: Zapdos|Roost|p1a: Zapdos
|-heal|p1a: Zapdos|100/100
|-singleturn|p1a: Zapdos|move: Roost
|cant|p2a: Shoot Vent|par
|
|-fieldend|move: Grassy Terrain
|upkeep
|turn|38
|
|t:|1760793981
|move|p1a: Zapdos|Volt Switch|p2a: Shoot Vent
|-supereffective|p2a: Shoot Vent
|-damage|p2a: Shoot Vent|0 fnt
|faint|p2a: Shoot Vent
|
|t:|1760793990
|switch|p1a: Clefable|Clefable, F|100/100|[from] Volt Switch
|
|upkeep
|
|t:|1760794014
|switch|p2a: Survive Rekka|Lokix, F|100/100
|-damage|p2a: Survive Rekka|76/100|[from] Stealth Rock
|turn|39
|
|t:|1760794018
|-terastallize|p2a: Survive Rekka|Bug
|move|p2a: Survive Rekka|Leech Life|p1a: Clefable
|-resisted|p1a: Clefable
|-damage|p1a: Clefable|45/100
|-heal|p2a: Survive Rekka|100/100|[from] drain|[of] p1a: Clefable
|move|p1a: Clefable|Flamethrower|p2a: Survive Rekka
|-supereffective|p2a: Survive Rekka
|-damage|p2a: Survive Rekka|28/100
|-status|p2a: Survive Rekka|brn
|
|-heal|p1a: Clefable|51/100|[from] item: Leftovers
|-damage|p2a: Survive Rekka|22/100 brn|[from] brn
|upkeep
|turn|40
|-message|Noamm forfeited.
|
|win|akhantz
|raw|akhantz's rating: 1513 &rarr; <strong>1534</strong><br />(+21 for winning)
|raw|Noamm's rating: 1537 &rarr; <strong>1516</strong><br />(-21 for losing)
