|j|☆WalkingOnionRings
|j|☆Ences8_
|t:|1760805665
|gametype|singles
|player|p1|WalkingOnionRings|blue|1422
|player|p2|Ences8_|maid|1483
|gen|9
|tier|[Gen 9] OU
|rated|
|rule|HP Percentage Mod: HP is shown in percentages
|rule|Endless Battle Clause: Forcing endless battles is banned
|rule|Species Clause: Limit one of each Pokémon
|rule|OHKO Clause: OHKO moves are banned
|rule|Evasion Items Clause: Evasion items are banned
|rule|Evasion Moves Clause: Evasion moves are banned
|rule|Evasion Abilities Clause: Evasion abilities are banned
|rule|Sleep Moves Clause: Sleep-inducing moves are banned
|clearpoke
|poke|p1|Flamigo, M|
|poke|p1|Garganacl, M|
|poke|p1|Slowking-Galar, F|
|poke|p1|Great Tusk|
|poke|p1|Zapdos|
|poke|p1|Kingambit, M|
|poke|p2|Heatran, F|
|poke|p2|Iron Valiant|
|poke|p2|Iron Treads|
|poke|p2|Dragapult, M|
|poke|p2|Samurott-Hisui, M|
|poke|p2|Tornadus-Therian, M|
|teampreview
|inactive|Battle timer is ON: inactive players will automatically lose when time's up. (requested by WalkingOnionRings)
|c|☆WalkingOnionRings|Hf
|c|☆Ences8_|you too
|
|t:|1760805681
|teamsize|p1|6
|teamsize|p2|6
|start
|switch|p1a: Zapdos|Zapdos|100/100
|switch|p2a: Dragapult|Dragapult, M|100/100
|turn|1
|
|t:|1760805685
|move|p2a: Dragapult|U-turn|p1a: Zapdos
|-resisted|p1a: Zapdos
|-damage|p1a: Zapdos|89/100
|-status|p2a: Dragapult|par|[from] ability: Static|[of] p1a: Zapdos
|
|t:|1760805689
|switch|p2a: Iron Treads|Iron Treads|100/100|[from] U-turn
|move|p1a: Zapdos|Discharge|p2a: Iron Treads
|-immune|p2a: Iron Treads
|
|upkeep
|turn|2
|
|t:|1760805695
|move|p2a: Iron Treads|Knock Off|p1a: Zapdos
|-damage|p1a: Zapdos|70/100
|-enditem|p1a: Zapdos|Heavy-Duty Boots|[from] move: Knock Off|[of] p2a: Iron Treads
|move|p1a: Zapdos|U-turn|p2a: Iron Treads
|-resisted|p2a: Iron Treads
|-damage|p2a: Iron Treads|96/100
|
|t:|1760805697
|switch|p1a: Great Tusk|Great Tusk|100/100|[from] U-turn
|
|-heal|p2a: Iron Treads|100/100|[from] item: Leftovers
|upkeep
|turn|3
|
|t:|1760805703
|-end|p2a: Iron Treads|Quark Drive|[silent]
|switch|p2a: Samurott|Samurott-Hisui, M|100/100
|move|p1a: Great Tusk|Knock Off|p2a: Samurott
|-resisted|p2a: Samurott
|-damage|p2a: Samurott|83/100
|-enditem|p2a: Samurott|Assault Vest|[from] move: Knock Off|[of] p1a: Great Tusk
|
|upkeep
|turn|4
|
|t:|1760805709
|move|p1a: Great Tusk|Headlong Rush|p2a: Samurott
|-damage|p2a: Samurott|18/100
|-unboost|p1a: Great Tusk|def|1
|-unboost|p1a: Great Tusk|spd|1
|move|p2a: Samurott|Razor Shell|p1a: Great Tusk
|-supereffective|p1a: Great Tusk
|-damage|p1a: Great Tusk|0 fnt
|faint|p1a: Great Tusk
|-end|p1a: Great Tusk|Protosynthesis|[silent]
|
|upkeep
|
|t:|1760805714
|switch|p1a: Mi Amigo <3|Flamigo, M, shiny|100/100
|turn|5
|
|t:|1760805721
|switch|p2a: Tornadus|Tornadus-Therian, M|100/100
|move|p1a: Mi Amigo <3|U-turn|p2a: Tornadus
|-resisted|p2a: Tornadus
|-damage|p2a: Tornadus|87/100
|
|t:|1760805732
|switch|p1a: Slowking|Slowking-Galar, F|100/100|[from] U-turn
|
|upkeep
|turn|6
|
|t:|1760805735
|move|p2a: Tornadus|Knock Off|p1a: Slowking
|-supereffective|p1a: Slowking
|-damage|p1a: Slowking|57/100
|-enditem|p1a: Slowking|Heavy-Duty Boots|[from] move: Knock Off|[of] p2a: Tornadus
|move|p1a: Slowking|Future Sight|p2a: Tornadus
|-start|p1a: Slowking|move: Future Sight
|
|upkeep
|turn|7
|
|t:|1760805738
|move|p2a: Tornadus|U-turn|p1a: Slowking
|-damage|p1a: Slowking|41/100
|
|t:|1760805741
|switch|p2a: Samurott|Samurott-Hisui, M|18/100|[from] U-turn
|-prepare|p1a: Slowking|Chilly Reception|[premajor]
|move|p1a: Slowking|Chilly Reception|p1a: Slowking
|-weather|Snowscape
|
|t:|1760805744
|switch|p1a: Mi Amigo <3|Flamigo, M, shiny|100/100|[from] Chilly Reception
|
|-weather|Snowscape|[upkeep]
|upkeep
|turn|8
|
|t:|1760805751
|switch|p2a: Heatran|Heatran, F|100/100
|move|p1a: Mi Amigo <3|U-turn|p2a: Heatran
|-resisted|p2a: Heatran
|-damage|p2a: Heatran|97/100
|-damage|p1a: Mi Amigo <3|84/100|[from] item: Rocky Helmet|[of] p2a: Heatran
|-status|p1a: Mi Amigo <3|brn|[from] ability: Flame Body|[of] p2a: Heatran
|
|t:|1760805758
|switch|p1a: Garganacl|Garganacl, M|100/100|[from] U-turn
|
|-weather|Snowscape|[upkeep]
|-end|p2a: Heatran|move: Future Sight
|-resisted|p2a: Heatran
|-damage|p2a: Heatran|77/100
|upkeep
|turn|9
|
|t:|1760805766
|switch|p2a: Samurott|Samurott-Hisui, M|18/100
|move|p1a: Garganacl|Salt Cure|p2a: Samurott
|-damage|p2a: Samurott|2/100
|-start|p2a: Samurott|Salt Cure
|
|-weather|Snowscape|[upkeep]
|-damage|p2a: Samurott|0 fnt|[from] Salt Cure
|faint|p2a: Samurott
|upkeep
|
|t:|1760805777
|switch|p2a: Tornadus|Tornadus-Therian, M|100/100
|turn|10
|
|t:|1760805782
|move|p2a: Tornadus|Knock Off|p1a: Garganacl
|-damage|p1a: Garganacl|88/100
|-enditem|p1a: Garganacl|Leftovers|[from] move: Knock Off|[of] p2a: Tornadus
|move|p1a: Garganacl|Salt Cure|p2a: Tornadus
|-supereffective|p2a: Tornadus
|-damage|p2a: Tornadus|67/100
|-start|p2a: Tornadus|Salt Cure
|
|-weather|Snowscape|[upkeep]
|-damage|p2a: Tornadus|54/100|[from] Salt Cure
|upkeep
|turn|11
|
|t:|1760805791
|switch|p2a: Iron Treads|Iron Treads|100/100
|move|p1a: Garganacl|Salt Cure|p2a: Iron Treads
|-resisted|p2a: Iron Treads
|-damage|p2a: Iron Treads|98/100
|-start|p2a: Iron Treads|Salt Cure
|
|-weather|none
|-heal|p2a: Iron Treads|100/100|[from] item: Leftovers
|-damage|p2a: Iron Treads|76/100|[from] Salt Cure
|upkeep
|turn|12
|
|t:|1760805805
|-end|p2a: Iron Treads|Quark Drive|[silent]
|switch|p2a: Iron Valiant|Iron Valiant|100/100
|move|p1a: Garganacl|Stealth Rock|p2a: Iron Valiant
|-sidestart|p2: Ences8_|move: Stealth Rock
|
|upkeep
|turn|13
|
|t:|1760805808
|switch|p1a: Slowking|Slowking-Galar, F|75/100
|move|p2a: Iron Valiant|Trick|p1a: Slowking
|-activate|p2a: Iron Valiant|move: Trick|[of] p1a: Slowking
|-item|p1a: Slowking|Choice Specs|[from] move: Trick
|-enditem|p2a: Iron Valiant|Choice Specs|[silent]|[from] move: Trick
|
|upkeep
|turn|14
|
|t:|1760805814
|-end|p2a: Iron Valiant|Quark Drive|[silent]
|switch|p2a: Iron Treads|Iron Treads|76/100
|-damage|p2a: Iron Treads|73/100|[from] Stealth Rock
|-prepare|p1a: Slowking|Chilly Reception|[premajor]
|move|p1a: Slowking|Chilly Reception|p1a: Slowking
|-weather|Snowscape
|
|t:|1760805820
|switch|p1a: Mi Amigo <3|Flamigo, M, shiny|84/100 brn|[from] Chilly Reception
|
|-weather|Snowscape|[upkeep]
|-heal|p2a: Iron Treads|79/100|[from] item: Leftovers
|-damage|p1a: Mi Amigo <3|78/100 brn|[from] brn
|upkeep
|turn|15
|
|t:|1760805824
|move|p1a: Mi Amigo <3|Close Combat|p2a: Iron Treads
|-supereffective|p2a: Iron Treads
|-damage|p2a: Iron Treads|38/100
|-unboost|p1a: Mi Amigo <3|def|1
|-unboost|p1a: Mi Amigo <3|spd|1
|move|p2a: Iron Treads|Rapid Spin|p1a: Mi Amigo <3
|-damage|p1a: Mi Amigo <3|53/100 brn
|-boost|p2a: Iron Treads|spe|1
|-sideend|p2: Ences8_|Stealth Rock|[from] move: Rapid Spin|[of] p2a: Iron Treads
|
|-weather|Snowscape|[upkeep]
|-heal|p2a: Iron Treads|44/100|[from] item: Leftovers
|-damage|p1a: Mi Amigo <3|46/100 brn|[from] brn
|upkeep
|turn|16
|
|t:|1760805827
|switch|p1a: Zapdos|Zapdos|70/100
|move|p2a: Iron Treads|Ice Spinner|p1a: Zapdos
|-supereffective|p1a: Zapdos
|-damage|p1a: Zapdos|40/100
|
|-weather|Snowscape|[upkeep]
|-heal|p2a: Iron Treads|50/100|[from] item: Leftovers
|upkeep
|turn|17
|
|t:|1760805832
|move|p2a: Iron Treads|Ice Spinner|p1a: Zapdos
|-supereffective|p1a: Zapdos
|-damage|p1a: Zapdos|8/100
|-status|p2a: Iron Treads|par|[from] ability: Static|[of] p1a: Zapdos
|move|p1a: Zapdos|Roost|p1a: Zapdos
|-heal|p1a: Zapdos|58/100
|-singleturn|p1a: Zapdos|move: Roost
|
|-weather|Snowscape|[upkeep]
|-heal|p2a: Iron Treads|56/100 par|[from] item: Leftovers
|upkeep
|turn|18
|
|t:|1760805839
|move|p1a: Zapdos|Roost|p1a: Zapdos
|-heal|p1a: Zapdos|100/100
|-singleturn|p1a: Zapdos|move: Roost
|move|p2a: Iron Treads|Earthquake|p1a: Zapdos
|-supereffective|p1a: Zapdos
|-damage|p1a: Zapdos|46/100
|
|-weather|none
|-heal|p2a: Iron Treads|62/100 par|[from] item: Leftovers
|upkeep
|turn|19
|
|t:|1760805841
|move|p1a: Zapdos|Roost|p1a: Zapdos
|-heal|p1a: Zapdos|96/100
|-singleturn|p1a: Zapdos|move: Roost
|cant|p2a: Iron Treads|par
|
|-heal|p2a: Iron Treads|68/100 par|[from] item: Leftovers
|upkeep
|turn|20
|
|t:|1760805846
|move|p1a: Zapdos|Hurricane|p2a: Iron Treads
|-resisted|p2a: Iron Treads
|-damage|p2a: Iron Treads|51/100 par
|move|p2a: Iron Treads|Ice Spinner|p1a: Zapdos
|-supereffective|p1a: Zapdos
|-damage|p1a: Zapdos|68/100
|
|-heal|p2a: Iron Treads|57/100 par|[from] item: Leftovers
|upkeep
|turn|21
|
|t:|1760805851
|move|p1a: Zapdos|Hurricane|p2a: Iron Treads|[miss]
|-miss|p1a: Zapdos|p2a: Iron Treads
|move|p2a: Iron Treads|Earthquake|p1a: Zapdos
|-immune|p1a: Zapdos
|
|-heal|p2a: Iron Treads|63/100 par|[from] item: Leftovers
|upkeep
|turn|22
|
|t:|1760805854
|move|p1a: Zapdos|U-turn|p2a: Iron Treads
|-resisted|p2a: Iron Treads
|-crit|p2a: Iron Treads
|-damage|p2a: Iron Treads|56/100 par
|
|t:|1760805856
|switch|p1a: Mi Amigo <3|Flamigo, M, shiny|46/100 brn|[from] U-turn
|move|p2a: Iron Treads|Ice Spinner|p1a: Mi Amigo <3
|-supereffective|p1a: Mi Amigo <3
|-damage|p1a: Mi Amigo <3|0 fnt
|faint|p1a: Mi Amigo <3
|
|-heal|p2a: Iron Treads|62/100 par|[from] item: Leftovers
|upkeep
|
|t:|1760805863
|switch|p1a: Garganacl|Garganacl, M|88/100
|turn|23
|
|t:|1760805868
|-terastallize|p1a: Garganacl|Fairy
|move|p2a: Iron Treads|Earthquake|p1a: Garganacl
|-damage|p1a: Garganacl|61/100
|move|p1a: Garganacl|Salt Cure|p2a: Iron Treads
|-resisted|p2a: Iron Treads
|-damage|p2a: Iron Treads|59/100 par
|-start|p2a: Iron Treads|Salt Cure
|
|-heal|p2a: Iron Treads|65/100 par|[from] item: Leftovers
|-damage|p2a: Iron Treads|40/100 par|[from] Salt Cure
|upkeep
|turn|24
|
|t:|1760805876
|-end|p2a: Iron Treads|Quark Drive|[silent]
|switch|p2a: Heatran|Heatran, F|77/100
|move|p1a: Garganacl|Recover|p1a: Garganacl
|-heal|p1a: Garganacl|100/100
|
|upkeep
|turn|25
|
|t:|1760805880
|move|p2a: Heatran|Lava Plume|p1a: Garganacl
|-damage|p1a: Garganacl|77/100
|move|p1a: Garganacl|Salt Cure|p2a: Heatran
|-damage|p2a: Heatran|68/100
|-start|p2a: Heatran|Salt Cure
|
|-damage|p2a: Heatran|43/100|[from] Salt Cure
|upkeep
|turn|26
|
|t:|1760805884
|move|p1a: Garganacl|Protect|p1a: Garganacl
|-singleturn|p1a: Garganacl|Protect
|move|p2a: Heatran|Stealth Rock|p1a: Garganacl
|-sidestart|p1: WalkingOnionRings|move: Stealth Rock
|
|-damage|p2a: Heatran|18/100|[from] Salt Cure
|upkeep
|turn|27
|
|t:|1760805887
|move|p2a: Heatran|Lava Plume|p1a: Garganacl
|-damage|p1a: Garganacl|55/100
|move|p1a: Garganacl|Recover|p1a: Garganacl
|-heal|p1a: Garganacl|100/100
|
|-damage|p2a: Heatran|0 fnt|[from] Salt Cure
|faint|p2a: Heatran
|upkeep
|
|t:|1760805896
|switch|p2a: Iron Valiant|Iron Valiant|100/100
|turn|28
|
|t:|1760805899
|-terastallize|p2a: Iron Valiant|Fairy
|move|p2a: Iron Valiant|Moonblast|p1a: Garganacl
|-damage|p1a: Garganacl|60/100
|move|p1a: Garganacl|Salt Cure|p2a: Iron Valiant
|-damage|p2a: Iron Valiant|84/100
|-start|p2a: Iron Valiant|Salt Cure
|
|-damage|p2a: Iron Valiant|71/100|[from] Salt Cure
|upkeep
|turn|29
|
|t:|1760805906
|-end|p2a: Iron Valiant|Quark Drive|[silent]
|switch|p2a: Tornadus|Tornadus-Therian, M|87/100
|move|p1a: Garganacl|Recover|p1a: Garganacl
|-heal|p1a: Garganacl|100/100
|
|upkeep
|turn|30
|
|t:|1760805911
|move|p2a: Tornadus|U-turn|p1a: Garganacl
|-resisted|p1a: Garganacl
|-damage|p1a: Garganacl|95/100
|
|t:|1760805913
|switch|p2a: Dragapult|Dragapult, M|100/100 par|[from] U-turn
|move|p1a: Garganacl|Salt Cure|p2a: Dragapult
|-damage|p2a: Dragapult|82/100 par
|-start|p2a: Dragapult|Salt Cure
|
|-damage|p2a: Dragapult|69/100 par|[from] Salt Cure
|upkeep
|turn|31
|
|t:|1760805917
|move|p2a: Dragapult|U-turn|p1a: Garganacl
|-resisted|p1a: Garganacl
|-damage|p1a: Garganacl|84/100
|
|t:|1760805921
|switch|p2a: Iron Valiant|Iron Valiant, tera:Fairy|71/100|[from] U-turn
|move|p1a: Garganacl|Stealth Rock|p2a: Iron Valiant
|-sidestart|p2: Ences8_|move: Stealth Rock
|
|upkeep
|turn|32
|
|t:|1760805926
|move|p2a: Iron Valiant|Moonblast|p1a: Garganacl
|-damage|p1a: Garganacl|45/100
|-unboost|p1a: Garganacl|spa|1
|move|p1a: Garganacl|Salt Cure|p2a: Iron Valiant
|-damage|p2a: Iron Valiant|54/100
|-start|p2a: Iron Valiant|Salt Cure
|
|-damage|p2a: Iron Valiant|42/100|[from] Salt Cure
|upkeep
|turn|33
|
|t:|1760805930
|move|p2a: Iron Valiant|Moonblast|p1a: Garganacl
|-damage|p1a: Garganacl|1/100
|move|p1a: Garganacl|Recover|p1a: Garganacl
|-heal|p1a: Garganacl|51/100
|
|-damage|p2a: Iron Valiant|29/100|[from] Salt Cure
|upkeep
|turn|34
|-message|Ences8_ forfeited.
|
|win|WalkingOnionRings
|raw|WalkingOnionRings's rating: 1422 &rarr; <strong>1445</strong><br />(+23 for winning)
|raw|Ences8_'s rating: 1483 &rarr; <strong>1460</strong><br />(-23 for losing)
|l|☆Ences8_
|player|p2|
|l|☆WalkingOnionRings
|player|p1|
