|j|☆amadannabrion
|j|☆malic3
|t:|1760885303
|gametype|singles
|player|p1|amadannabrion|medium|1220
|player|p2|malic3|2|1235
|gen|9
|tier|[Gen 9] OU
|rated|
|rule|HP Percentage Mod: HP is shown in percentages
|rule|Endless Battle Clause: Forcing endless battles is banned
|rule|Species Clause: Limit one of each Pokémon
|rule|OHKO Clause: OHKO moves are banned
|rule|Evasion Items Clause: Evasion items are banned
|rule|Evasion Moves Clause: Evasion moves are banned
|rule|Evasion Abilities Clause: Evasion abilities are banned
|rule|Sleep Moves Clause: Sleep-inducing moves are banned
|clearpoke
|poke|p1|Torkoal, F|
|poke|p1|Hatterene, F|
|poke|p1|Great Tusk|
|poke|p1|Typhlosion-Hisui, F|
|poke|p1|Leavanny, F|
|poke|p1|Raging Bolt|
|poke|p2|Ceruledge, F|
|poke|p2|Kingambit, M|
|poke|p2|Garchomp, M|
|poke|p2|Iron Valiant|
|poke|p2|Lokix, M|
|poke|p2|Ting-Lu|
|teampreview
|inactive|Battle timer is ON: inactive players will automatically lose when time's up. (requested by malic3)
|
|t:|1760885325
|teamsize|p1|6
|teamsize|p2|6
|start
|switch|p1a: Leavanny|Leavanny, F, shiny|100/100
|switch|p2a: Ting-Lu|Ting-Lu|100/100
|-ability|p2a: Ting-Lu|Vessel of Ruin
|turn|1
|
|t:|1760885338
|switch|p2a: Ceruledge|Ceruledge, F|100/100
|move|p1a: Leavanny|Sticky Web|p2a: Ceruledge
|-sidestart|p2: malic3|move: Sticky Web
|
|upkeep
|turn|2
|inactive|amadannabrion has 120 seconds left.
|
|t:|1760885372
|move|p1a: Leavanny|Leaf Storm|p2a: Ceruledge|[miss]
|-miss|p1a: Leavanny|p2a: Ceruledge
|move|p2a: Ceruledge|Swords Dance|p2a: Ceruledge
|-boost|p2a: Ceruledge|atk|2
|
|upkeep
|turn|3
|inactive|amadannabrion has 120 seconds left.
|
|t:|1760885382
|move|p1a: Leavanny|Leaf Storm|p2a: Ceruledge|[miss]
|-miss|p1a: Leavanny|p2a: Ceruledge
|move|p2a: Ceruledge|Bitter Blade|p1a: Leavanny
|-supereffective|p1a: Leavanny
|-damage|p1a: Leavanny|0 fnt
|faint|p1a: Leavanny
|
|upkeep
|inactive|amadannabrion has 120 seconds left.
|
|t:|1760885399
|switch|p1a: Great Tusk|Great Tusk|100/100
|turn|4
|
|t:|1760885421
|-terastallize|p2a: Ceruledge|Fighting
|move|p1a: Great Tusk|Headlong Rush|p2a: Ceruledge
|-damage|p2a: Ceruledge|23/100
|-unboost|p1a: Great Tusk|def|1
|-unboost|p1a: Great Tusk|spd|1
|-ability|p2a: Ceruledge|Weak Armor|boost
|-unboost|p2a: Ceruledge|def|1
|-boost|p2a: Ceruledge|spe|2
|-enditem|p1a: Great Tusk|Eject Pack
|inactive|amadannabrion has 90 seconds left.
|
|t:|1760885437
|-end|p1a: Great Tusk|Protosynthesis|[silent]
|switch|p1a: Raging Bolt|Raging Bolt|100/100
|move|p2a: Ceruledge|Swords Dance|p2a: Ceruledge
|-boost|p2a: Ceruledge|atk|2
|
|upkeep
|turn|5
|
|t:|1760885446
|move|p1a: Raging Bolt|Thunderclap||[still]
|-fail|p1a: Raging Bolt
|move|p2a: Ceruledge|Swords Dance|p2a: Ceruledge
|-boost|p2a: Ceruledge|atk|2
|
|upkeep
|turn|6
|
|t:|1760885451
|move|p1a: Raging Bolt|Thunderclap||[still]
|-fail|p1a: Raging Bolt
|move|p2a: Ceruledge|Swords Dance|p2a: Ceruledge
|-boost|p2a: Ceruledge|atk|0
|
|upkeep
|turn|7
|
|t:|1760885456
|move|p1a: Raging Bolt|Thunderclap||[still]
|-fail|p1a: Raging Bolt
|move|p2a: Ceruledge|Swords Dance|p2a: Ceruledge
|-boost|p2a: Ceruledge|atk|0
|
|upkeep
|turn|8
|
|t:|1760885464
|switch|p2a: Ting-Lu|Ting-Lu|100/100
|-activate|p2a: Ting-Lu|move: Sticky Web
|-unboost|p2a: Ting-Lu|spe|1
|-ability|p2a: Ting-Lu|Vessel of Ruin
|move|p1a: Raging Bolt|Thunderclap||[still]
|-fail|p1a: Raging Bolt
|
|upkeep
|turn|9
|inactive|amadannabrion has 120 seconds left.
|
|t:|1760885482
|-end|p1a: Raging Bolt|Protosynthesis|[silent]
|switch|p1a: Torkoal|Torkoal, F|100/100
|-weather|SunnyDay|[from] ability: Drought|[of] p1a: Torkoal
|move|p2a: Ting-Lu|Stealth Rock|p1a: Torkoal
|-sidestart|p1: amadannabrion|move: Stealth Rock
|
|-weather|SunnyDay|[upkeep]
|upkeep
|turn|10
|
|t:|1760885490
|move|p2a: Ting-Lu|Spikes|p1a: Torkoal
|-sidestart|p1: amadannabrion|Spikes
|move|p1a: Torkoal|Rapid Spin|p2a: Ting-Lu
|-damage|p2a: Ting-Lu|96/100
|-boost|p1a: Torkoal|spe|1
|-sideend|p1: amadannabrion|Spikes|[from] move: Rapid Spin|[of] p1a: Torkoal
|-sideend|p1: amadannabrion|Stealth Rock|[from] move: Rapid Spin|[of] p1a: Torkoal
|
|-weather|SunnyDay|[upkeep]
|-heal|p2a: Ting-Lu|100/100|[from] item: Leftovers
|upkeep
|turn|11
|inactive|amadannabrion has 120 seconds left.
|
|t:|1760885497
|switch|p1a: Typhlosion|Typhlosion-Hisui, F|100/100
|move|p2a: Ting-Lu|Earthquake|p1a: Typhlosion
|-supereffective|p1a: Typhlosion
|-crit|p1a: Typhlosion
|-damage|p1a: Typhlosion|0 fnt
|faint|p1a: Typhlosion
|
|-weather|SunnyDay|[upkeep]
|upkeep
|inactive|amadannabrion has 120 seconds left.
|-message|amadannabrion forfeited.
|
|win|malic3
|raw|amadannabrion's rating: 1220 &rarr; <strong>1198</strong><br />(-22 for losing)
|raw|malic3's rating: 1257 &rarr; <strong>1279</strong><br />(+22 for winning)
|l|☆amadannabrion
|player|p1|
|l|☆malic3
|player|p2|
