|j|☆kantoking1307
|j|☆LorySobby10
|t:|1760732704
|gametype|singles
|player|p1|kantoking1307|shadowtriad|1432
|player|p2|LorySobby10|elio|1344
|gen|9
|tier|[Gen 9] OU
|rated|
|rule|HP Percentage Mod: HP is shown in percentages
|rule|Endless Battle Clause: Forcing endless battles is banned
|rule|Species Clause: Limit one of each Pokémon
|rule|OHKO Clause: OHKO moves are banned
|rule|Evasion Items Clause: Evasion items are banned
|rule|Evasion Moves Clause: Evasion moves are banned
|rule|Evasion Abilities Clause: Evasion abilities are banned
|rule|Sleep Moves Clause: Sleep-inducing moves are banned
|clearpoke
|poke|p1|Jolteon, M|
|poke|p1|Gyarados, M|
|poke|p1|Arcanine-Hisui, M|
|poke|p1|Corviknight, M|
|poke|p1|Scizor, M|
|poke|p1|Mew|
|poke|p2|Dragapult, M|
|poke|p2|Ogerpon-Wellspring, F|
|poke|p2|Slowking-Galar, F|
|poke|p2|Comfey, M|
|poke|p2|Darkrai|
|poke|p2|Great Tusk|
|teampreview
|
|t:|1760732727
|teamsize|p1|6
|teamsize|p2|6
|start
|switch|p1a: Gyarados|Gyarados, M|100/100
|switch|p2a: On a plain|Great Tusk|100/100
|turn|1
|
|t:|1760732732
|move|p2a: On a plain|Knock Off|p1a: Gyarados
|-damage|p1a: Gyarados|63/100
|-enditem|p1a: Gyarados|Lum Berry|[from] move: Knock Off|[of] p2a: On a plain
|move|p1a: Gyarados|Dragon Dance|p1a: Gyarados
|-boost|p1a: Gyarados|atk|1
|-boost|p1a: Gyarados|spe|1
|
|upkeep
|turn|2
|
|t:|1760732745
|move|p1a: Gyarados|Dragon Dance|p1a: Gyarados
|-boost|p1a: Gyarados|atk|1
|-boost|p1a: Gyarados|spe|1
|move|p2a: On a plain|Stealth Rock|p1a: Gyarados
|-sidestart|p1: kantoking1307|move: Stealth Rock
|
|upkeep
|turn|3
|
|t:|1760732751
|move|p1a: Gyarados|Waterfall|p2a: On a plain
|-supereffective|p2a: On a plain
|-damage|p2a: On a plain|0 fnt
|faint|p2a: On a plain
|-end|p2a: On a plain|Protosynthesis|[silent]
|-ability|p1a: Gyarados|Moxie|boost
|-boost|p1a: Gyarados|atk|1
|
|upkeep
|
|t:|1760732772
|switch|p2a: Negative creep|Darkrai, shiny|100/100
|turn|4
|
|t:|1760732784
|move|p2a: Negative creep|Dark Pulse|p1a: Gyarados
|-damage|p1a: Gyarados|18/100
|cant|p1a: Gyarados|flinch
|
|upkeep
|turn|5
|
|t:|1760732790
|move|p2a: Negative creep|Dark Pulse|p1a: Gyarados
|-damage|p1a: Gyarados|0 fnt
|faint|p1a: Gyarados
|
|upkeep
|
|t:|1760732796
|switch|p1a: Corviknight|Corviknight, M|100/100
|-damage|p1a: Corviknight|88/100|[from] Stealth Rock
|turn|6
|
|t:|1760732803
|move|p2a: Negative creep|Dark Pulse|p1a: Corviknight
|-damage|p1a: Corviknight|44/100
|move|p1a: Corviknight|Defog|p2a: Negative creep
|-unboost|p2a: Negative creep|evasion|1
|-sideend|p1: kantoking1307|Stealth Rock|[from] move: Defog|[of] p1a: Corviknight
|
|upkeep
|turn|7
|
|t:|1760732816
|move|p2a: Negative creep|Dark Pulse|p1a: Corviknight
|-damage|p1a: Corviknight|1/100
|move|p1a: Corviknight|U-turn|p2a: Negative creep
|-supereffective|p2a: Negative creep
|-damage|p2a: Negative creep|60/100
|
|t:|1760732832
|switch|p1a: Scizor|Scizor, M|100/100|[from] U-turn
|
|upkeep
|turn|8
|
|t:|1760732847
|switch|p2a: Lithium|Slowking-Galar, F, shiny|100/100
|move|p1a: Scizor|Bullet Punch|p2a: Lithium
|-damage|p2a: Lithium|46/100
|
|upkeep
|turn|9
|
|t:|1760732852
|-terastallize|p2a: Lithium|Water
|move|p1a: Scizor|Bullet Punch|p2a: Lithium
|-resisted|p2a: Lithium
|-damage|p2a: Lithium|20/100
|move|p2a: Lithium|Flamethrower|p1a: Scizor
|-supereffective|p1a: Scizor
|-damage|p1a: Scizor|0 fnt
|faint|p1a: Scizor
|
|upkeep
|
|t:|1760732860
|switch|p1a: Jolteon|Jolteon, M|100/100
|turn|10
|
|t:|1760732870
|move|p1a: Jolteon|Volt Switch|p2a: Lithium
|-supereffective|p2a: Lithium
|-damage|p2a: Lithium|0 fnt
|faint|p2a: Lithium
|
|t:|1760732884
|switch|p1a: Corviknight|Corviknight, M|1/100|[from] Volt Switch
|
|upkeep
|
|t:|1760732896
|switch|p2a: Drain you|Comfey, M, shiny|100/100
|turn|11
|
|t:|1760732901
|move|p2a: Drain you|Calm Mind|p2a: Drain you
|-boost|p2a: Drain you|spa|1
|-boost|p2a: Drain you|spd|1
|move|p1a: Corviknight|Roost|p1a: Corviknight
|-heal|p1a: Corviknight|51/100
|-singleturn|p1a: Corviknight|move: Roost
|
|upkeep
|turn|12
|
|t:|1760732907
|move|p2a: Drain you|Calm Mind|p2a: Drain you
|-boost|p2a: Drain you|spa|1
|-boost|p2a: Drain you|spd|1
|move|p1a: Corviknight|U-turn|p2a: Drain you
|-resisted|p2a: Drain you
|-damage|p2a: Drain you|91/100
|
|t:|1760732920
|switch|p1a: Arcanine|Arcanine-Hisui, M|100/100|[from] U-turn
|
|upkeep
|turn|13
|
|t:|1760732930
|move|p2a: Drain you|Draining Kiss|p1a: Arcanine
|-resisted|p1a: Arcanine
|-damage|p1a: Arcanine|66/100
|-heal|p2a: Drain you|100/100|[from] drain|[of] p1a: Arcanine
|-damage|p2a: Drain you|91/100|[from] item: Life Orb
|move|p1a: Arcanine|Flare Blitz|p2a: Drain you
|-damage|p2a: Drain you|0 fnt
|faint|p2a: Drain you
|
|upkeep
|
|t:|1760732934
|switch|p2a: Mexican seafood|Ogerpon-Wellspring, F|100/100
|turn|14
|
|t:|1760732942
|switch|p1a: Corviknight|Corviknight, M|51/100
|move|p2a: Mexican seafood|Ivy Cudgel|p1a: Corviknight|[anim] Ivy Cudgel Water
|-damage|p1a: Corviknight|13/100
|
|upkeep
|turn|15
|
|t:|1760732947
|move|p2a: Mexican seafood|Knock Off|p1a: Corviknight
|-damage|p1a: Corviknight|0 fnt
|-damage|p2a: Mexican seafood|84/100|[from] item: Rocky Helmet|[of] p1a: Corviknight
|-enditem|p1a: Corviknight|Rocky Helmet|[from] move: Knock Off|[of] p2a: Mexican seafood
|faint|p1a: Corviknight
|
|upkeep
|
|t:|1760732955
|switch|p1a: Jolteon|Jolteon, M|100/100
|turn|16
|
|t:|1760732965
|move|p1a: Jolteon|Volt Switch|p2a: Mexican seafood
|-damage|p2a: Mexican seafood|22/100
|
|t:|1760732968
|switch|p1a: Arcanine|Arcanine-Hisui, M|66/100|[from] Volt Switch
|move|p2a: Mexican seafood|Ivy Cudgel|p1a: Arcanine|[anim] Ivy Cudgel Water
|-supereffective|p1a: Arcanine
|-damage|p1a: Arcanine|0 fnt
|faint|p1a: Arcanine
|
|upkeep
|
|t:|1760732988
|switch|p1a: Jolteon|Jolteon, M|100/100
|turn|17
|
|t:|1760733010
|move|p1a: Jolteon|Alluring Voice|p2a: Mexican seafood
|-damage|p2a: Mexican seafood|0 fnt
|faint|p2a: Mexican seafood
|
|upkeep
|
|t:|1760733014
|switch|p2a: Negative creep|Darkrai, shiny|60/100
|turn|18
|
|t:|1760733019
|move|p2a: Negative creep|Dark Pulse|p1a: Jolteon
|-damage|p1a: Jolteon|46/100
|move|p1a: Jolteon|Alluring Voice|p2a: Negative creep
|-supereffective|p2a: Negative creep
|-damage|p2a: Negative creep|0 fnt
|faint|p2a: Negative creep
|
|upkeep
|
|t:|1760733023
|switch|p2a: Downer|Dragapult, M|100/100
|turn|19
|
|t:|1760733028
|move|p2a: Downer|Phantom Force||[still]
|-prepare|p2a: Downer|Phantom Force
|move|p1a: Jolteon|Alluring Voice|p2a: Downer|[miss]
|-miss|p1a: Jolteon|p2a: Downer
|
|upkeep
|turn|20
|
|t:|1760733033
|move|p2a: Downer|Phantom Force|p1a: Jolteon|[from] lockedmove
|-damage|p1a: Jolteon|0 fnt
|faint|p1a: Jolteon
|
|upkeep
|
|t:|1760733037
|switch|p1a: Mew|Mew, shiny|100/100
|turn|21
|
|t:|1760733045
|-terastallize|p1a: Mew|Fairy
|move|p2a: Downer|Phantom Force||[still]
|-prepare|p2a: Downer|Phantom Force
|move|p1a: Mew|Nasty Plot|p1a: Mew
|-boost|p1a: Mew|spa|2
|
|upkeep
|turn|22
|
|t:|1760733051
|move|p2a: Downer|Phantom Force|p1a: Mew|[from] lockedmove
|-damage|p1a: Mew|46/100
|move|p1a: Mew|Draining Kiss|p2a: Downer
|-supereffective|p2a: Downer
|-damage|p2a: Downer|0 fnt
|-heal|p1a: Mew|100/100|[from] drain|[of] p2a: Downer
|faint|p2a: Downer
|
|win|kantoking1307
|raw|kantoking1307's rating: 1432 &rarr; <strong>1447</strong><br />(+15 for winning)
|raw|LorySobby10's rating: 1344 &rarr; <strong>1329</strong><br />(-15 for losing)
|l|☆LorySobby10
|player|p2|
|l|☆kantoking1307
|player|p1|
