|badge|p1|bronze|gen9ou|100-7
|uhtml|medal-msg|<div class="broadcast-blue">Curious what those medals under the avatar are? PS now has Ladder Seasons! For more information, check out the <a href="https://www.smogon.com/forums/threads/3740067/">thread on Smogon.</a></div>
|j|☆Sanesa8724
|j|‽bepic223
|t:|1760794647
|gametype|singles
|player|p1|Sanesa8724|2|1851
|player|p2|bepic223|veteranf|1737
|gen|9
|tier|[Gen 9] OU
|rated|
|rule|HP Percentage Mod: HP is shown in percentages
|rule|Endless Battle Clause: Forcing endless battles is banned
|rule|Species Clause: Limit one of each Pokémon
|rule|OHKO Clause: OHKO moves are banned
|rule|Evasion Items Clause: Evasion items are banned
|rule|Evasion Moves Clause: Evasion moves are banned
|rule|Evasion Abilities Clause: Evasion abilities are banned
|rule|Sleep Moves Clause: Sleep-inducing moves are banned
|clearpoke
|poke|p1|Rillaboom, F|
|poke|p1|Zamazenta-*|
|poke|p1|Ogerpon, F|
|poke|p1|Moltres|
|poke|p1|Iron Treads|
|poke|p1|Gholdengo|
|poke|p2|Darkrai|
|poke|p2|Ogerpon-Wellspring, F|
|poke|p2|Hatterene, F|
|poke|p2|Landorus-Therian, M|
|poke|p2|Kingambit, F|
|poke|p2|Slowking-Galar, F|
|teampreview
|inactive|Battle timer is ON: inactive players will automatically lose when time's up. (requested by bepic223)
|
|t:|1760794658
|teamsize|p1|6
|teamsize|p2|6
|start
|switch|p1a: Ogerpon|Ogerpon, F|100/100
|switch|p2a: Darkrai|Darkrai|100/100
|turn|1
|
|t:|1760794673
|-terastallize|p1a: Ogerpon|Grass
|detailschange|p1a: Ogerpon|Ogerpon-Teal-Tera, F, tera:Grass
|-ability|p1a: Ogerpon|Embody Aspect (Teal)|boost
|-boost|p1a: Ogerpon|spe|1
|move|p1a: Ogerpon|Ivy Cudgel|p2a: Darkrai
|-damage|p2a: Darkrai|0 fnt
|faint|p2a: Darkrai
|-damage|p1a: Ogerpon|91/100|[from] item: Life Orb
|
|upkeep
|
|t:|1760794681
|switch|p2a: Landorus|Landorus-Therian, M|100/100
|-ability|p2a: Landorus|Intimidate|boost
|-unboost|p1a: Ogerpon|atk|1
|turn|2
|
|t:|1760794689
|switch|p1a: Moltres|Moltres|100/100
|move|p2a: Landorus|Stealth Rock|p1a: Moltres
|-sidestart|p1: Sanesa8724|move: Stealth Rock
|
|upkeep
|turn|3
|
|t:|1760794693
|move|p2a: Landorus|Taunt|p1a: Moltres
|-start|p1a: Moltres|move: Taunt
|move|p1a: Moltres|U-turn|p2a: Landorus
|-resisted|p2a: Landorus
|-damage|p2a: Landorus|94/100
|-damage|p1a: Moltres|84/100|[from] item: Rocky Helmet|[of] p2a: Landorus
|
|t:|1760794696
|switch|p1a: Rillaboom|Rillaboom, F|100/100|[from] U-turn
|-damage|p1a: Rillaboom|88/100|[from] Stealth Rock
|-fieldstart|move: Grassy Terrain|[from] ability: Grassy Surge|[of] p1a: Rillaboom
|
|-heal|p1a: Rillaboom|94/100|[from] Grassy Terrain
|upkeep
|turn|4
|
|t:|1760794703
|move|p2a: Landorus|U-turn|p1a: Rillaboom
|-supereffective|p1a: Rillaboom
|-damage|p1a: Rillaboom|53/100
|j| code4real
|
|t:|1760794708
|switch|p2a: Hatterene|Hatterene, F|100/100|[from] U-turn
|move|p1a: Rillaboom|U-turn|p2a: Hatterene
|-crit|p2a: Hatterene
|-damage|p2a: Hatterene|69/100
|-damage|p1a: Rillaboom|36/100|[from] item: Rocky Helmet|[of] p2a: Hatterene
|
|t:|1760794717
|switch|p1a: Ogerpon|Ogerpon-Teal-Tera, F, tera:Grass|91/100|[from] U-turn
|-damage|p1a: Ogerpon|78/100|[from] Stealth Rock
|-ability|p1a: Ogerpon|Embody Aspect (Teal)|boost
|-boost|p1a: Ogerpon|spe|1
|
|-heal|p1a: Ogerpon|84/100|[from] Grassy Terrain
|-heal|p2a: Hatterene|75/100|[from] Grassy Terrain
|upkeep
|turn|5
|j| nsdede
|
|t:|1760794725
|switch|p2a: Landorus|Landorus-Therian, M|94/100
|-ability|p2a: Landorus|Intimidate|boost
|-unboost|p1a: Ogerpon|atk|1
|move|p1a: Ogerpon|Ivy Cudgel|p2a: Landorus
|-damage|p2a: Landorus|19/100
|-damage|p1a: Ogerpon|74/100|[from] item: Life Orb
|
|-heal|p1a: Ogerpon|80/100|[from] Grassy Terrain
|upkeep
|turn|6
|
|t:|1760794732
|switch|p1a: Iron Treads|Iron Treads|100/100
|-damage|p1a: Iron Treads|97/100|[from] Stealth Rock
|switch|p2a: Kingambit|Kingambit, F|100/100
|-activate|p2a: Kingambit|ability: Supreme Overlord
|-start|p2a: Kingambit|fallen1|[silent]
|
|-heal|p1a: Iron Treads|100/100|[from] Grassy Terrain
|upkeep
|turn|7
|
|t:|1760794736
|move|p1a: Iron Treads|Stealth Rock|p2a: Kingambit
|-sidestart|p2: bepic223|move: Stealth Rock
|move|p2a: Kingambit|Low Kick|p1a: Iron Treads
|-supereffective|p1a: Iron Treads
|-damage|p1a: Iron Treads|28/100
|
|-heal|p1a: Iron Treads|34/100|[from] Grassy Terrain
|-heal|p1a: Iron Treads|41/100|[from] item: Leftovers
|upkeep
|turn|8
|
|t:|1760794757
|-end|p1a: Iron Treads|Quark Drive|[silent]
|switch|p1a: Moltres|Moltres|84/100
|move|p2a: Kingambit|Low Kick|p1a: Moltres
|-resisted|p1a: Moltres
|-damage|p1a: Moltres|67/100
|
|upkeep
|turn|9
|
|t:|1760794765
|-end|p2a: Kingambit|fallen1|[silent]
|switch|p2a: Hatterene|Hatterene, F|75/100
|-damage|p2a: Hatterene|62/100|[from] Stealth Rock
|move|p1a: Moltres|U-turn|p2a: Hatterene
|-damage|p2a: Hatterene|51/100
|-damage|p1a: Moltres|50/100|[from] item: Rocky Helmet|[of] p2a: Hatterene
|
|t:|1760794775
|switch|p1a: Ogerpon|Ogerpon-Teal-Tera, F, tera:Grass|80/100|[from] U-turn
|-damage|p1a: Ogerpon|68/100|[from] Stealth Rock
|-ability|p1a: Ogerpon|Embody Aspect (Teal)|boost
|-boost|p1a: Ogerpon|spe|1
|
|-heal|p1a: Ogerpon|74/100|[from] Grassy Terrain
|-heal|p2a: Hatterene|57/100|[from] Grassy Terrain
|upkeep
|turn|10
|
|t:|1760794783
|switch|p2a: Landorus|Landorus-Therian, M|19/100
|-damage|p2a: Landorus|7/100|[from] Stealth Rock
|-ability|p2a: Landorus|Intimidate|boost
|-unboost|p1a: Ogerpon|atk|1
|move|p1a: Ogerpon|Swords Dance|p1a: Ogerpon
|-boost|p1a: Ogerpon|atk|2
|
|-heal|p1a: Ogerpon|80/100|[from] Grassy Terrain
|-fieldend|move: Grassy Terrain
|upkeep
|turn|11
|
|t:|1760794790
|move|p1a: Ogerpon|Ivy Cudgel|p2a: Landorus
|-damage|p2a: Landorus|0 fnt
|faint|p2a: Landorus
|-damage|p1a: Ogerpon|70/100|[from] item: Life Orb
|
|upkeep
|
|t:|1760794792
|switch|p2a: Kingambit|Kingambit, F|100/100
|-damage|p2a: Kingambit|94/100|[from] Stealth Rock
|-activate|p2a: Kingambit|ability: Supreme Overlord
|-start|p2a: Kingambit|fallen2|[silent]
|turn|12
|
|t:|1760794798
|switch|p1a: Moltres|Moltres|50/100
|move|p2a: Kingambit|Sucker Punch||[still]
|-fail|p2a: Kingambit
|
|-heal|p2a: Kingambit|100/100|[from] item: Leftovers
|upkeep
|turn|13
|
|t:|1760794807
|-end|p2a: Kingambit|fallen2|[silent]
|switch|p2a: Slowking|Slowking-Galar, F|100/100
|-damage|p2a: Slowking|88/100|[from] Stealth Rock
|move|p1a: Moltres|Roost|p1a: Moltres
|-heal|p1a: Moltres|99/100
|-singleturn|p1a: Moltres|move: Roost
|
|upkeep
|turn|14
|
|t:|1760794816
|move|p1a: Moltres|U-turn|p2a: Slowking
|-damage|p2a: Slowking|73/100
|
|t:|1760794841
|switch|p1a: Iron Treads|Iron Treads|41/100|[from] U-turn
|-damage|p1a: Iron Treads|37/100|[from] Stealth Rock
|move|p2a: Slowking|Sludge Bomb|p1a: Iron Treads
|-immune|p1a: Iron Treads
|
|-heal|p1a: Iron Treads|44/100|[from] item: Leftovers
|upkeep
|turn|15
|
|t:|1760794848
|move|p1a: Iron Treads|Rapid Spin|p2a: Slowking
|-damage|p2a: Slowking|60/100
|-boost|p1a: Iron Treads|spe|1
|-sideend|p1: Sanesa8724|Stealth Rock|[from] move: Rapid Spin|[of] p1a: Iron Treads
|move|p2a: Slowking|Flamethrower|p1a: Iron Treads
|-supereffective|p1a: Iron Treads
|-damage|p1a: Iron Treads|0 fnt
|faint|p1a: Iron Treads
|-end|p1a: Iron Treads|Quark Drive|[silent]
|
|upkeep
|
|t:|1760794855
|switch|p1a: Rillaboom|Rillaboom, F|36/100
|-fieldstart|move: Grassy Terrain|[from] ability: Grassy Surge|[of] p1a: Rillaboom
|turn|16
|
|t:|1760794865
|switch|p2a: Hatterene|Hatterene, F|57/100
|-damage|p2a: Hatterene|45/100|[from] Stealth Rock
|move|p1a: Rillaboom|Knock Off|p2a: Hatterene
|-damage|p2a: Hatterene|15/100
|-damage|p1a: Rillaboom|20/100|[from] item: Rocky Helmet|[of] p2a: Hatterene
|-enditem|p2a: Hatterene|Rocky Helmet|[from] move: Knock Off|[of] p1a: Rillaboom
|
|-heal|p1a: Rillaboom|26/100|[from] Grassy Terrain
|-heal|p2a: Hatterene|21/100|[from] Grassy Terrain
|upkeep
|turn|17
|
|t:|1760794874
|move|p1a: Rillaboom|Knock Off|p2a: Hatterene
|-damage|p2a: Hatterene|1/100
|move|p2a: Hatterene|Draining Kiss|p1a: Rillaboom
|-damage|p1a: Rillaboom|0 fnt
|-heal|p2a: Hatterene|24/100|[from] drain|[of] p1a: Rillaboom
|faint|p1a: Rillaboom
|
|-heal|p2a: Hatterene|30/100|[from] Grassy Terrain
|upkeep
|
|t:|1760794884
|switch|p1a: Ogerpon|Ogerpon-Teal-Tera, F, tera:Grass|70/100
|-ability|p1a: Ogerpon|Embody Aspect (Teal)|boost
|-boost|p1a: Ogerpon|spe|1
|turn|18
|
|t:|1760794888
|move|p1a: Ogerpon|Ivy Cudgel|p2a: Hatterene
|-damage|p2a: Hatterene|0 fnt
|faint|p2a: Hatterene
|-damage|p1a: Ogerpon|60/100|[from] item: Life Orb
|
|-heal|p1a: Ogerpon|66/100|[from] Grassy Terrain
|upkeep
|
|t:|1760794897
|switch|p2a: Kingambit|Kingambit, F|100/100
|-damage|p2a: Kingambit|94/100|[from] Stealth Rock
|-activate|p2a: Kingambit|ability: Supreme Overlord
|-start|p2a: Kingambit|fallen3|[silent]
|turn|19
|
|t:|1760794905
|switch|p1a: Zamazenta|Zamazenta|100/100
|-ability|p1a: Zamazenta|Dauntless Shield|boost
|-boost|p1a: Zamazenta|def|1
|move|p2a: Kingambit|Sucker Punch||[still]
|-fail|p2a: Kingambit
|
|-heal|p2a: Kingambit|100/100|[from] Grassy Terrain
|upkeep
|turn|20
|
|t:|1760794910
|-end|p2a: Kingambit|fallen3|[silent]
|switch|p2a: Slowking|Slowking-Galar, F|93/100
|-damage|p2a: Slowking|81/100|[from] Stealth Rock
|move|p1a: Zamazenta|Crunch|p2a: Slowking
|-supereffective|p2a: Slowking
|-damage|p2a: Slowking|40/100
|-unboost|p2a: Slowking|def|1
|
|-heal|p2a: Slowking|46/100|[from] Grassy Terrain
|upkeep
|turn|21
|
|t:|1760794920
|move|p1a: Zamazenta|Body Press|p2a: Slowking
|-resisted|p2a: Slowking
|-damage|p2a: Slowking|24/100
|move|p2a: Slowking|Sludge Bomb|p1a: Zamazenta
|-damage|p1a: Zamazenta|67/100
|
|-heal|p1a: Zamazenta|74/100|[from] Grassy Terrain
|-heal|p1a: Zamazenta|80/100|[from] item: Leftovers
|-heal|p2a: Slowking|30/100|[from] Grassy Terrain
|upkeep
|turn|22
|
|t:|1760794927
|switch|p2a: Kingambit|Kingambit, F|100/100
|-damage|p2a: Kingambit|94/100|[from] Stealth Rock
|-activate|p2a: Kingambit|ability: Supreme Overlord
|-start|p2a: Kingambit|fallen3|[silent]
|move|p1a: Zamazenta|Body Press|p2a: Kingambit
|-supereffective|p2a: Kingambit
|-damage|p2a: Kingambit|0 fnt
|faint|p2a: Kingambit
|-end|p2a: Kingambit|fallen3|[silent]
|
|-heal|p1a: Zamazenta|86/100|[from] Grassy Terrain
|-heal|p1a: Zamazenta|92/100|[from] item: Leftovers
|upkeep
|
|t:|1760794930
|switch|p2a: Ogerpon|Ogerpon-Wellspring, F|100/100
|-damage|p2a: Ogerpon|88/100|[from] Stealth Rock
|turn|23
|
|t:|1760794939
|move|p1a: Zamazenta|Body Press|p2a: Ogerpon
|-damage|p2a: Ogerpon|10/100
|move|p2a: Ogerpon|Trailblaze|p1a: Zamazenta
|-damage|p1a: Zamazenta|74/100
|-boost|p2a: Ogerpon|spe|1
|
|-heal|p2a: Ogerpon|16/100|[from] Grassy Terrain
|-heal|p1a: Zamazenta|80/100|[from] Grassy Terrain
|-heal|p1a: Zamazenta|86/100|[from] item: Leftovers
|-fieldend|move: Grassy Terrain
|upkeep
|turn|24
|
|t:|1760794944
|-terastallize|p2a: Ogerpon|Water
|detailschange|p2a: Ogerpon|Ogerpon-Wellspring-Tera, F, tera:Water
|-ability|p2a: Ogerpon|Embody Aspect (Wellspring)|boost
|-boost|p2a: Ogerpon|spd|1
|move|p2a: Ogerpon|Ivy Cudgel|p1a: Zamazenta|[anim] Ivy Cudgel Water
|-damage|p1a: Zamazenta|51/100
|move|p1a: Zamazenta|Body Press|p2a: Ogerpon
|-damage|p2a: Ogerpon|0 fnt
|faint|p2a: Ogerpon
|detailschange|p2: Ogerpon|Ogerpon-Wellspring, F|[silent]
|
|-heal|p1a: Zamazenta|57/100|[from] item: Leftovers
|upkeep
|-message|bepic223 forfeited.
|
|win|Sanesa8724
|raw|Sanesa8724's rating: 1851 &rarr; <strong>1865</strong><br />(+14 for winning)
|raw|bepic223's rating: 1737 &rarr; <strong>1723</strong><br />(-14 for losing)
|c|☆Sanesa8724|Gg
|l|‽bepic223
|player|p2|
|l|☆Sanesa8724
|player|p1|
|l| nsdede
