|j|☆jigobo
|j|☆Overgame00
|t:|1760878739
|gametype|singles
|player|p1|jigobo|parasollady-gen4|1405
|player|p2|Overgame00|baker|1414
|gen|9
|tier|[Gen 9] OU
|rated|
|rule|HP Percentage Mod: HP is shown in percentages
|rule|Endless Battle Clause: Forcing endless battles is banned
|rule|Species Clause: Limit one of each Pokémon
|rule|OHKO Clause: OHKO moves are banned
|rule|Evasion Items Clause: Evasion items are banned
|rule|Evasion Moves Clause: Evasion moves are banned
|rule|Evasion Abilities Clause: Evasion abilities are banned
|rule|Sleep Moves Clause: Sleep-inducing moves are banned
|clearpoke
|poke|p1|Iron Moth|
|poke|p1|Wo-Chien|
|poke|p1|Dragonite, F|
|poke|p1|Gholdengo|
|poke|p1|Ting-Lu|
|poke|p1|Raging Bolt|
|poke|p2|Araquanid, F|
|poke|p2|Gholdengo|
|poke|p2|Enamorus, F|
|poke|p2|Great Tusk|
|poke|p2|Iron Moth|
|poke|p2|Kingambit, M|
|teampreview
|inactive|Battle timer is ON: inactive players will automatically lose when time's up. (requested by jigobo)
|
|t:|1760878759
|teamsize|p1|6
|teamsize|p2|6
|start
|switch|p1a: Dragonite|Dragonite, F|100/100
|switch|p2a: Blasting Moon|Enamorus, F|100/100
|turn|1
|
|t:|1760878765
|switch|p1a: Gholdengo|Gholdengo|100/100
|move|p2a: Blasting Moon|Moonblast|p1a: Gholdengo
|-resisted|p1a: Gholdengo
|-damage|p1a: Gholdengo|77/100
|
|-heal|p1a: Gholdengo|83/100|[from] item: Leftovers
|upkeep
|turn|2
|
|t:|1760878769
|switch|p2a: Mr Bubbles|Araquanid, F|100/100
|move|p1a: Gholdengo|Nasty Plot|p1a: Gholdengo
|-boost|p1a: Gholdengo|spa|2
|
|-heal|p1a: Gholdengo|89/100|[from] item: Leftovers
|upkeep
|turn|3
|
|t:|1760878772
|move|p1a: Gholdengo|Shadow Ball|p2a: Mr Bubbles
|-damage|p2a: Mr Bubbles|41/100
|move|p2a: Mr Bubbles|Sticky Web|p1a: Gholdengo
|-sidestart|p1: jigobo|move: Sticky Web
|
|-heal|p1a: Gholdengo|95/100|[from] item: Leftovers
|upkeep
|turn|4
|
|t:|1760878776
|move|p1a: Gholdengo|Shadow Ball|p2a: Mr Bubbles
|-damage|p2a: Mr Bubbles|0 fnt
|faint|p2a: Mr Bubbles
|
|-heal|p1a: Gholdengo|100/100|[from] item: Leftovers
|upkeep
|
|t:|1760878783
|switch|p2a: Iron Deficency|Iron Moth|100/100
|-enditem|p2a: Iron Deficency|Booster Energy
|-activate|p2a: Iron Deficency|ability: Quark Drive|[fromitem]
|-start|p2a: Iron Deficency|quarkdrivespa
|turn|5
|
|t:|1760878789
|-terastallize|p1a: Gholdengo|Water
|move|p2a: Iron Deficency|Fiery Dance|p1a: Gholdengo
|-resisted|p1a: Gholdengo
|-damage|p1a: Gholdengo|72/100
|-boost|p2a: Iron Deficency|spa|1
|move|p1a: Gholdengo|Shadow Ball|p2a: Iron Deficency
|-damage|p2a: Iron Deficency|7/100
|
|-heal|p1a: Gholdengo|78/100|[from] item: Leftovers
|upkeep
|turn|6
|
|t:|1760878801
|move|p2a: Iron Deficency|Energy Ball|p1a: Gholdengo
|-supereffective|p1a: Gholdengo
|-damage|p1a: Gholdengo|0 fnt
|faint|p1a: Gholdengo
|
|upkeep
|
|t:|1760878810
|switch|p1a: Iron Moth|Iron Moth|100/100
|-activate|p1a: Iron Moth|move: Sticky Web
|-unboost|p1a: Iron Moth|spe|1
|turn|7
|
|t:|1760878824
|move|p2a: Iron Deficency|Sludge Wave|p1a: Iron Moth
|-resisted|p1a: Iron Moth
|-damage|p1a: Iron Moth|54/100
|move|p1a: Iron Moth|Toxic Spikes|p2a: Iron Deficency
|-sidestart|p2: Overgame00|move: Toxic Spikes
|
|-heal|p1a: Iron Moth|60/100|[from] item: Black Sludge
|upkeep
|turn|8
|
|t:|1760878835
|move|p2a: Iron Deficency|Sludge Wave|p1a: Iron Moth
|-resisted|p1a: Iron Moth
|-damage|p1a: Iron Moth|20/100
|move|p1a: Iron Moth|Fiery Dance|p2a: Iron Deficency
|-resisted|p2a: Iron Deficency
|-damage|p2a: Iron Deficency|0 fnt
|-boost|p1a: Iron Moth|spa|1
|faint|p2a: Iron Deficency
|-end|p2a: Iron Deficency|Quark Drive|[silent]
|
|-heal|p1a: Iron Moth|26/100|[from] item: Black Sludge
|upkeep
|
|t:|1760878839
|switch|p2a: Little Tusk|Great Tusk|100/100
|turn|9
|
|t:|1760878845
|move|p2a: Little Tusk|Knock Off|p1a: Iron Moth
|-damage|p1a: Iron Moth|0 fnt
|-enditem|p1a: Iron Moth|Black Sludge|[from] move: Knock Off|[of] p2a: Little Tusk
|faint|p1a: Iron Moth
|-end|p1a: Iron Moth|Quark Drive|[silent]
|
|upkeep
|
|t:|1760878855
|switch|p1a: Wo-Chien|Wo-Chien|100/100
|-activate|p1a: Wo-Chien|move: Sticky Web
|-unboost|p1a: Wo-Chien|spe|1
|-ability|p1a: Wo-Chien|Tablets of Ruin
|turn|10
|
|t:|1760878861
|move|p2a: Little Tusk|Knock Off|p1a: Wo-Chien
|-resisted|p1a: Wo-Chien
|-damage|p1a: Wo-Chien|94/100
|-enditem|p1a: Wo-Chien|Leftovers|[from] move: Knock Off|[of] p2a: Little Tusk
|move|p1a: Wo-Chien|Giga Drain|p2a: Little Tusk
|-supereffective|p2a: Little Tusk
|-damage|p2a: Little Tusk|31/100
|-heal|p1a: Wo-Chien|100/100|[from] drain|[of] p2a: Little Tusk
|
|upkeep
|turn|11
|
|t:|1760878866
|move|p2a: Little Tusk|Stealth Rock|p1a: Wo-Chien
|-sidestart|p1: jigobo|move: Stealth Rock
|move|p1a: Wo-Chien|Giga Drain|p2a: Little Tusk
|-supereffective|p2a: Little Tusk
|-damage|p2a: Little Tusk|0 fnt
|faint|p2a: Little Tusk
|-end|p2a: Little Tusk|Protosynthesis|[silent]
|
|upkeep
|
|t:|1760878875
|switch|p2a: Blasting Moon|Enamorus, F|100/100
|turn|12
|
|t:|1760878881
|move|p2a: Blasting Moon|Moonblast|p1a: Wo-Chien
|-supereffective|p1a: Wo-Chien
|-damage|p1a: Wo-Chien|29/100
|-unboost|p1a: Wo-Chien|spa|1
|move|p1a: Wo-Chien|Ruination|p2a: Blasting Moon
|-damage|p2a: Blasting Moon|51/100
|
|upkeep
|turn|13
|
|t:|1760878885
|move|p2a: Blasting Moon|Moonblast|p1a: Wo-Chien
|-supereffective|p1a: Wo-Chien
|-damage|p1a: Wo-Chien|0 fnt
|faint|p1a: Wo-Chien
|
|upkeep
|
|t:|1760878888
|switch|p1a: Ting-Lu|Ting-Lu|100/100
|-activate|p1a: Ting-Lu|move: Sticky Web
|-unboost|p1a: Ting-Lu|spe|1
|-damage|p1a: Ting-Lu|94/100|[from] Stealth Rock
|-ability|p1a: Ting-Lu|Vessel of Ruin
|turn|14
|
|t:|1760878895
|switch|p2a: El Mustachio|Kingambit, M|100/100
|-activate|p2a: El Mustachio|ability: Supreme Overlord
|-start|p2a: El Mustachio|fallen3|[silent]
|move|p1a: Ting-Lu|Heavy Slam|p2a: El Mustachio
|-resisted|p2a: El Mustachio
|-damage|p2a: El Mustachio|85/100
|
|-heal|p2a: El Mustachio|91/100|[from] item: Leftovers
|upkeep
|turn|15
|
|t:|1760878899
|move|p2a: El Mustachio|Swords Dance|p2a: El Mustachio
|-boost|p2a: El Mustachio|atk|2
|move|p1a: Ting-Lu|Earthquake|p2a: El Mustachio
|-supereffective|p2a: El Mustachio
|-damage|p2a: El Mustachio|12/100
|
|-heal|p2a: El Mustachio|19/100|[from] item: Leftovers
|upkeep
|turn|16
|
|t:|1760878903
|move|p2a: El Mustachio|Iron Head|p1a: Ting-Lu
|-damage|p1a: Ting-Lu|23/100
|move|p1a: Ting-Lu|Earthquake|p2a: El Mustachio
|-supereffective|p2a: El Mustachio
|-damage|p2a: El Mustachio|0 fnt
|faint|p2a: El Mustachio
|-end|p2a: El Mustachio|fallen3|[silent]
|
|upkeep
|
|t:|1760878906
|switch|p2a: Blasting Moon|Enamorus, F|51/100
|turn|17
|
|t:|1760878910
|move|p2a: Blasting Moon|Moonblast|p1a: Ting-Lu
|-supereffective|p1a: Ting-Lu
|-damage|p1a: Ting-Lu|0 fnt
|faint|p1a: Ting-Lu
|
|upkeep
|
|t:|1760878912
|switch|p1a: Dragonite|Dragonite, F|100/100
|turn|18
|
|t:|1760878915
|switch|p2a: Dora Do|Gholdengo|100/100
|move|p1a: Dragonite|Dragon Dance|p1a: Dragonite
|-boost|p1a: Dragonite|atk|1
|-boost|p1a: Dragonite|spe|1
|
|upkeep
|turn|19
|
|t:|1760878922
|move|p1a: Dragonite|Earthquake|p2a: Dora Do
|-supereffective|p2a: Dora Do
|-damage|p2a: Dora Do|0 fnt
|faint|p2a: Dora Do
|
|upkeep
|
|t:|1760878924
|switch|p2a: Blasting Moon|Enamorus, F|51/100
|turn|20
|
|t:|1760878927
|move|p1a: Dragonite|Extreme Speed|p2a: Blasting Moon
|-damage|p2a: Blasting Moon|0 fnt
|faint|p2a: Blasting Moon
|
|win|jigobo
|raw|jigobo's rating: 1405 &rarr; <strong>1426</strong><br />(+21 for winning)
|raw|Overgame00's rating: 1414 &rarr; <strong>1393</strong><br />(-21 for losing)
|c|☆Overgame00|Gg
|l|☆jigobo
|player|p1|
|l|☆Overgame00
|player|p2|
