|j|☆ZS2055
|j|☆FearedStriker
|t:|1760733587
|gametype|singles
|player|p1|ZS2055|101|1111
|player|p2|FearedStriker|alder|1099
|gen|9
|tier|[Gen 9] OU
|rated|
|rule|HP Percentage Mod: HP is shown in percentages
|rule|Endless Battle Clause: Forcing endless battles is banned
|rule|Species Clause: Limit one of each Pokémon
|rule|OHKO Clause: OHKO moves are banned
|rule|Evasion Items Clause: Evasion items are banned
|rule|Evasion Moves Clause: Evasion moves are banned
|rule|Evasion Abilities Clause: Evasion abilities are banned
|rule|Sleep Moves Clause: Sleep-inducing moves are banned
|clearpoke
|poke|p1|Maushold|
|poke|p1|Galvantula, M|
|poke|p1|Toxtricity-Low-Key, M|
|poke|p1|Polteageist|
|poke|p1|Pyroar, M|
|poke|p2|Grimmsnarl, M|
|poke|p2|Pecharunt|
|poke|p2|Blaziken, M|
|poke|p2|Inteleon, M|
|poke|p2|Zapdos|
|poke|p2|Dragapult, M|
|teampreview
|inactive|Battle timer is ON: inactive players will automatically lose when time's up. (requested by FearedStriker)
|inactive|ZS2055 also wants the timer to be on.
|
|t:|1760733606
|teamsize|p1|5
|teamsize|p2|6
|start
|switch|p1a: Galvantula|Galvantula, M|100/100
|switch|p2a: Pecharunt|Pecharunt|100/100
|turn|1
|
|t:|1760733613
|move|p1a: Galvantula|Sticky Web|p2a: Pecharunt
|-sidestart|p2: FearedStriker|move: Sticky Web
|move|p2a: Pecharunt|Toxic|p1a: Galvantula
|-status|p1a: Galvantula|tox
|-start|p1a: Galvantula|confusion|[from] ability: Poison Puppeteer|[of] p2a: Pecharunt
|
|-damage|p1a: Galvantula|94/100 tox|[from] psn
|upkeep
|turn|2
|
|t:|1760733622
|-activate|p1a: Galvantula|confusion
|-damage|p1a: Galvantula|83/100 tox|[from] confusion
|move|p2a: Pecharunt|Venoshock|p1a: Galvantula
|-damage|p1a: Galvantula|0 fnt
|faint|p1a: Galvantula
|
|upkeep
|
|t:|1760733631
|switch|p1a: Pyroar|Pyroar, M|100/100
|turn|3
|
|t:|1760733635
|move|p1a: Pyroar|Hyper Voice|p2a: Pecharunt
|-immune|p2a: Pecharunt
|move|p2a: Pecharunt|Toxic|p1a: Pyroar
|-status|p1a: Pyroar|tox
|-start|p1a: Pyroar|confusion|[from] ability: Poison Puppeteer|[of] p2a: Pecharunt
|
|-damage|p1a: Pyroar|94/100 tox|[from] psn
|upkeep
|turn|4
|
|t:|1760733643
|-activate|p1a: Pyroar|confusion
|move|p1a: Pyroar|Trailblaze|p2a: Pecharunt
|-resisted|p2a: Pecharunt
|-damage|p2a: Pecharunt|98/100
|-boost|p1a: Pyroar|spe|1
|-damage|p1a: Pyroar|78/100 tox|[from] item: Rocky Helmet|[of] p2a: Pecharunt
|move|p2a: Pecharunt|Venoshock|p1a: Pyroar
|-crit|p1a: Pyroar
|-damage|p1a: Pyroar|0 fnt
|faint|p1a: Pyroar
|
|upkeep
|
|t:|1760733652
|switch|p1a: Maushold|Maushold|100/100
|turn|5
|
|t:|1760733655
|move|p1a: Maushold|Population Bomb|p2a: Pecharunt
|-immune|p2a: Pecharunt
|move|p2a: Pecharunt|Toxic|p1a: Maushold
|-status|p1a: Maushold|tox
|-start|p1a: Maushold|confusion|[from] ability: Poison Puppeteer|[of] p2a: Pecharunt
|
|-damage|p1a: Maushold|94/100 tox|[from] psn
|upkeep
|turn|6
|
|t:|1760733664
|switch|p1a: Polteageist|Polteageist|100/100
|move|p2a: Pecharunt|Venoshock|p1a: Polteageist
|-resisted|p1a: Polteageist
|-damage|p1a: Polteageist|85/100
|
|upkeep
|turn|7
|
|t:|1760733671
|move|p2a: Pecharunt|Toxic|p1a: Polteageist
|-status|p1a: Polteageist|tox
|-start|p1a: Polteageist|confusion|[from] ability: Poison Puppeteer|[of] p2a: Pecharunt
|-activate|p1a: Polteageist|confusion
|move|p1a: Polteageist|Shell Smash|p1a: Polteageist
|-unboost|p1a: Polteageist|def|1
|-unboost|p1a: Polteageist|spd|1
|-boost|p1a: Polteageist|atk|2
|-boost|p1a: Polteageist|spa|2
|-boost|p1a: Polteageist|spe|2
|
|-damage|p1a: Polteageist|79/100 tox|[from] psn
|upkeep
|turn|8
|
|t:|1760733684
|-terastallize|p2a: Pecharunt|Dark
|-activate|p1a: Polteageist|confusion
|-damage|p1a: Polteageist|50/100 tox|[from] confusion
|move|p2a: Pecharunt|Hex|p1a: Polteageist
|-supereffective|p1a: Polteageist
|-damage|p1a: Polteageist|0 fnt
|faint|p1a: Polteageist
|
|upkeep
|-message|ZS2055 forfeited.
|
|win|FearedStriker
|raw|ZS2055's rating: 1111 &rarr; <strong>1085</strong><br />(-26 for losing)
|raw|FearedStriker's rating: 1099 &rarr; <strong>1125</strong><br />(+26 for winning)
|l|☆ZS2055
|player|p1|
|l|☆FearedStriker
|player|p2|
