|j|☆YT-Cyber-DJ
|j|☆o monstro01
|t:|1760790751
|gametype|singles
|player|p1|YT-Cyber-DJ|gambler|1503
|player|p2|o monstro01|clay|1593
|gen|9
|tier|[Gen 9] OU
|rated|
|rule|HP Percentage Mod: HP is shown in percentages
|rule|Endless Battle Clause: Forcing endless battles is banned
|rule|Species Clause: Limit one of each Pokémon
|rule|OHKO Clause: OHKO moves are banned
|rule|Evasion Items Clause: Evasion items are banned
|rule|Evasion Moves Clause: Evasion moves are banned
|rule|Evasion Abilities Clause: Evasion abilities are banned
|rule|Sleep Moves Clause: Sleep-inducing moves are banned
|clearpoke
|poke|p1|Ogerpon-Wellspring, F|
|poke|p1|Dragapult, F|
|poke|p1|Skeledirge, M|
|poke|p1|Weezing-Galar, F|
|poke|p1|Ting-Lu|
|poke|p1|Corviknight, M|
|poke|p2|Iron Valiant|
|poke|p2|Slowking-Galar, F|
|poke|p2|Landorus-Therian, M|
|poke|p2|Dragapult, F|
|poke|p2|Ogerpon-Wellspring, F|
|poke|p2|Zamazenta-*|
|teampreview
|inactive|Battle timer is ON: inactive players will automatically lose when time's up. (requested by YT-Cyber-DJ)
|inactive|YT-Cyber-DJ has 120 seconds left.
|
|t:|1760790805
|teamsize|p1|6
|teamsize|p2|6
|start
|switch|p1a: Bowler Hat Guy|Ting-Lu|100/100
|switch|p2a: Iron Valiant|Iron Valiant|100/100
|-ability|p1a: Bowler Hat Guy|Vessel of Ruin
|-enditem|p2a: Iron Valiant|Booster Energy
|-activate|p2a: Iron Valiant|ability: Quark Drive|[fromitem]
|-start|p2a: Iron Valiant|quarkdrivespe
|turn|1
|
|t:|1760790816
|switch|p1a: Cocoloco|Skeledirge, M|100/100
|move|p2a: Iron Valiant|Knock Off|p1a: Cocoloco
|-supereffective|p1a: Cocoloco
|-damage|p1a: Cocoloco|44/100
|-enditem|p1a: Cocoloco|Heavy-Duty Boots|[from] move: Knock Off|[of] p2a: Iron Valiant
|
|upkeep
|turn|2
|
|t:|1760790834
|move|p2a: Iron Valiant|Knock Off|p1a: Cocoloco
|-supereffective|p1a: Cocoloco
|-damage|p1a: Cocoloco|4/100
|move|p1a: Cocoloco|Slack Off|p1a: Cocoloco
|-heal|p1a: Cocoloco|54/100
|
|upkeep
|turn|3
|
|t:|1760790841
|move|p2a: Iron Valiant|Encore|p1a: Cocoloco
|-start|p1a: Cocoloco|Encore
|move|p1a: Cocoloco|Slack Off|p1a: Cocoloco
|-heal|p1a: Cocoloco|100/100
|
|upkeep
|turn|4
|
|t:|1760790848
|switch|p1a: Pass the Gas|Weezing-Galar, F|100/100
|-ability|p1a: Pass the Gas|Neutralizing Gas
|move|p2a: Iron Valiant|Knock Off|p1a: Pass the Gas
|-resisted|p1a: Pass the Gas
|-damage|p1a: Pass the Gas|88/100
|-enditem|p1a: Pass the Gas|Heavy-Duty Boots|[from] move: Knock Off|[of] p2a: Iron Valiant
|
|upkeep
|turn|5
|
|t:|1760790857
|-end|p2a: Iron Valiant|Quark Drive|[silent]
|switch|p2a: Slowking|Slowking-Galar, F|100/100
|move|p1a: Pass the Gas|Will-O-Wisp|p2a: Slowking|[miss]
|-miss|p1a: Pass the Gas|p2a: Slowking
|
|upkeep
|turn|6
|
|t:|1760790864
|-end|p1a: Pass the Gas|ability: Neutralizing Gas
|switch|p1a: Bowler Hat Guy|Ting-Lu|100/100
|-ability|p1a: Bowler Hat Guy|Vessel of Ruin
|move|p2a: Slowking|Future Sight|p1a: Bowler Hat Guy
|-start|p2a: Slowking|move: Future Sight
|
|upkeep
|turn|7
|
|t:|1760790872
|move|p1a: Bowler Hat Guy|Stealth Rock|p2a: Slowking
|-sidestart|p2: o monstro01|move: Stealth Rock
|move|p2a: Slowking|Toxic|p1a: Bowler Hat Guy
|-status|p1a: Bowler Hat Guy|tox
|
|-damage|p1a: Bowler Hat Guy|94/100 tox|[from] psn
|upkeep
|turn|8
|
|t:|1760790881
|switch|p2a: Landorus|Landorus-Therian, M|100/100
|-damage|p2a: Landorus|88/100|[from] Stealth Rock
|-ability|p2a: Landorus|Intimidate|boost
|-unboost|p1a: Bowler Hat Guy|atk|1
|move|p1a: Bowler Hat Guy|Throat Chop|p2a: Landorus
|-damage|p2a: Landorus|75/100
|-start|p2a: Landorus|Throat Chop|[silent]
|-damage|p1a: Bowler Hat Guy|78/100 tox|[from] item: Rocky Helmet|[of] p2a: Landorus
|
|-end|p1a: Bowler Hat Guy|move: Future Sight
|-immune|p1a: Bowler Hat Guy
|-heal|p1a: Bowler Hat Guy|84/100 tox|[from] item: Leftovers
|-damage|p1a: Bowler Hat Guy|71/100 tox|[from] psn
|upkeep
|turn|9
|
|t:|1760790897
|switch|p1a: Drag 787|Dragapult, F|100/100
|move|p2a: Landorus|Stealth Rock|p1a: Drag 787
|-sidestart|p1: YT-Cyber-DJ|move: Stealth Rock
|
|-end|p2a: Landorus|Throat Chop|[silent]
|upkeep
|turn|10
|
|t:|1760790904
|move|p1a: Drag 787|Shadow Ball|p2a: Landorus
|-damage|p2a: Landorus|18/100
|move|p2a: Landorus|Rock Tomb|p1a: Drag 787
|-damage|p1a: Drag 787|75/100
|
|upkeep
|turn|11
|
|t:|1760790920
|move|p1a: Drag 787|Shadow Ball|p2a: Landorus
|-damage|p2a: Landorus|0 fnt
|faint|p2a: Landorus
|
|upkeep
|
|t:|1760790929
|switch|p2a: Ogerpon|Ogerpon-Wellspring, F|100/100
|-damage|p2a: Ogerpon|88/100|[from] Stealth Rock
|turn|12
|
|t:|1760790934
|switch|p1a: Defoghorn Leghorn|Corviknight, M|100/100
|-damage|p1a: Defoghorn Leghorn|88/100|[from] Stealth Rock
|-ability|p1a: Defoghorn Leghorn|Pressure
|move|p2a: Ogerpon|Horn Leech|p1a: Defoghorn Leghorn
|-resisted|p1a: Defoghorn Leghorn
|-damage|p1a: Defoghorn Leghorn|82/100
|-heal|p2a: Ogerpon|93/100|[from] drain|[of] p1a: Defoghorn Leghorn
|-damage|p2a: Ogerpon|76/100|[from] item: Rocky Helmet|[of] p1a: Defoghorn Leghorn
|
|upkeep
|turn|13
|
|t:|1760790947
|switch|p2a: Slowking|Slowking-Galar, F|100/100
|move|p1a: Defoghorn Leghorn|U-turn|p2a: Slowking
|-damage|p2a: Slowking|86/100
|
|t:|1760790955
|switch|p1a: Bowler Hat Guy|Ting-Lu|71/100 tox|[from] U-turn
|-damage|p1a: Bowler Hat Guy|65/100 tox|[from] Stealth Rock
|-ability|p1a: Bowler Hat Guy|Vessel of Ruin
|
|-heal|p1a: Bowler Hat Guy|71/100 tox|[from] item: Leftovers
|-damage|p1a: Bowler Hat Guy|65/100 tox|[from] psn
|upkeep
|turn|14
|
|t:|1760790966
|move|p1a: Bowler Hat Guy|Earthquake|p2a: Slowking
|-supereffective|p2a: Slowking
|-crit|p2a: Slowking
|-damage|p2a: Slowking|0 fnt
|faint|p2a: Slowking
|
|-heal|p1a: Bowler Hat Guy|71/100 tox|[from] item: Leftovers
|-damage|p1a: Bowler Hat Guy|59/100 tox|[from] psn
|upkeep
|
|t:|1760790978
|switch|p2a: Ogerpon|Ogerpon-Wellspring, F|76/100
|-damage|p2a: Ogerpon|64/100|[from] Stealth Rock
|turn|15
|
|t:|1760790991
|switch|p1a: Defoghorn Leghorn|Corviknight, M|82/100
|-damage|p1a: Defoghorn Leghorn|70/100|[from] Stealth Rock
|-ability|p1a: Defoghorn Leghorn|Pressure
|move|p2a: Ogerpon|Swords Dance|p2a: Ogerpon
|-boost|p2a: Ogerpon|atk|2
|
|upkeep
|turn|16
|inactive|YT-Cyber-DJ has 120 seconds left.
|
|t:|1760791022
|-terastallize|p2a: Ogerpon|Water
|detailschange|p2a: Ogerpon|Ogerpon-Wellspring-Tera, F, tera:Water
|-ability|p2a: Ogerpon|Embody Aspect (Wellspring)|boost
|-boost|p2a: Ogerpon|spd|1
|-terastallize|p1a: Defoghorn Leghorn|Grass
|move|p2a: Ogerpon|Ivy Cudgel|p1a: Defoghorn Leghorn|[anim] Ivy Cudgel Water
|-resisted|p1a: Defoghorn Leghorn
|-crit|p1a: Defoghorn Leghorn
|-damage|p1a: Defoghorn Leghorn|0 fnt
|faint|p1a: Defoghorn Leghorn
|
|upkeep
|inactive|YT-Cyber-DJ has 120 seconds left.
|
|t:|1760791049
|switch|p1a: Drag 787|Dragapult, F|75/100
|-damage|p1a: Drag 787|63/100|[from] Stealth Rock
|turn|17
|
|t:|1760791065
|move|p1a: Drag 787|Draco Meteor|p2a: Ogerpon
|-damage|p2a: Ogerpon|0 fnt
|-unboost|p1a: Drag 787|spa|2
|faint|p2a: Ogerpon
|detailschange|p2: Ogerpon|Ogerpon-Wellspring, F|[silent]
|
|upkeep
|
|t:|1760791074
|switch|p2a: Dragapult|Dragapult, F|100/100
|-damage|p2a: Dragapult|88/100|[from] Stealth Rock
|turn|18
|
|t:|1760791082
|switch|p1a: Bowler Hat Guy|Ting-Lu|59/100 tox
|-damage|p1a: Bowler Hat Guy|53/100 tox|[from] Stealth Rock
|-ability|p1a: Bowler Hat Guy|Vessel of Ruin
|move|p2a: Dragapult|U-turn|p1a: Bowler Hat Guy
|-supereffective|p1a: Bowler Hat Guy
|-damage|p1a: Bowler Hat Guy|18/100 tox
|
|t:|1760791093
|switch|p2a: Zamazenta|Zamazenta|100/100|[from] U-turn
|-damage|p2a: Zamazenta|94/100|[from] Stealth Rock
|-ability|p2a: Zamazenta|Dauntless Shield|boost
|-boost|p2a: Zamazenta|def|1
|
|-heal|p2a: Zamazenta|100/100|[from] item: Leftovers
|-heal|p1a: Bowler Hat Guy|25/100 tox|[from] item: Leftovers
|-damage|p1a: Bowler Hat Guy|18/100 tox|[from] psn
|upkeep
|turn|19
|
|t:|1760791106
|switch|p1a: Pass the Gas|Weezing-Galar, F|88/100
|-ability|p1a: Pass the Gas|Neutralizing Gas
|-damage|p1a: Pass the Gas|76/100|[from] Stealth Rock
|move|p2a: Zamazenta|Substitute|p2a: Zamazenta
|-start|p2a: Zamazenta|Substitute
|-damage|p2a: Zamazenta|76/100
|
|-heal|p2a: Zamazenta|82/100|[from] item: Leftovers
|upkeep
|turn|20
|
|t:|1760791117
|move|p2a: Zamazenta|Body Press|p1a: Pass the Gas
|-resisted|p1a: Pass the Gas
|-crit|p1a: Pass the Gas
|-damage|p1a: Pass the Gas|59/100
|move|p1a: Pass the Gas|Strange Steam|p2a: Zamazenta
|-supereffective|p2a: Zamazenta
|-end|p2a: Zamazenta|Substitute
|
|-heal|p2a: Zamazenta|88/100|[from] item: Leftovers
|upkeep
|turn|21
|
|t:|1760791131
|move|p2a: Zamazenta|Body Press|p1a: Pass the Gas
|-resisted|p1a: Pass the Gas
|-damage|p1a: Pass the Gas|46/100
|move|p1a: Pass the Gas|Strange Steam|p2a: Zamazenta|[miss]
|-miss|p1a: Pass the Gas|p2a: Zamazenta
|
|-heal|p2a: Zamazenta|94/100|[from] item: Leftovers
|upkeep
|turn|22
|
|t:|1760791141
|move|p2a: Zamazenta|Body Press|p1a: Pass the Gas
|-resisted|p1a: Pass the Gas
|-damage|p1a: Pass the Gas|36/100
|move|p1a: Pass the Gas|Strange Steam|p2a: Zamazenta
|-supereffective|p2a: Zamazenta
|-damage|p2a: Zamazenta|47/100
|
|-heal|p2a: Zamazenta|53/100|[from] item: Leftovers
|upkeep
|turn|23
|
|t:|1760791151
|move|p2a: Zamazenta|Body Press|p1a: Pass the Gas
|-resisted|p1a: Pass the Gas
|-crit|p1a: Pass the Gas
|-damage|p1a: Pass the Gas|18/100
|move|p1a: Pass the Gas|Strange Steam|p2a: Zamazenta|[miss]
|-miss|p1a: Pass the Gas|p2a: Zamazenta
|
|-heal|p2a: Zamazenta|60/100|[from] item: Leftovers
|upkeep
|turn|24
|
|t:|1760791161
|move|p2a: Zamazenta|Substitute|p2a: Zamazenta
|-start|p2a: Zamazenta|Substitute
|-damage|p2a: Zamazenta|35/100
|move|p1a: Pass the Gas|Defog|p2a: Zamazenta
|-sideend|p2: o monstro01|Stealth Rock|[from] move: Defog|[of] p1a: Pass the Gas
|-sideend|p1: YT-Cyber-DJ|Stealth Rock|[from] move: Defog|[of] p1a: Pass the Gas
|
|-heal|p2a: Zamazenta|41/100|[from] item: Leftovers
|upkeep
|turn|25
|
|t:|1760791170
|move|p2a: Zamazenta|Iron Defense|p2a: Zamazenta
|-boost|p2a: Zamazenta|def|2
|move|p1a: Pass the Gas|Strange Steam|p2a: Zamazenta
|-supereffective|p2a: Zamazenta
|-end|p2a: Zamazenta|Substitute
|
|-heal|p2a: Zamazenta|47/100|[from] item: Leftovers
|upkeep
|turn|26
|
|t:|1760791181
|-end|p1a: Pass the Gas|ability: Neutralizing Gas
|switch|p1a: Cocoloco|Skeledirge, M|100/100
|move|p2a: Zamazenta|Substitute|p2a: Zamazenta
|-start|p2a: Zamazenta|Substitute
|-damage|p2a: Zamazenta|22/100
|
|-heal|p2a: Zamazenta|28/100|[from] item: Leftovers
|upkeep
|turn|27
|
|t:|1760791191
|move|p2a: Zamazenta|Crunch|p1a: Cocoloco
|-supereffective|p1a: Cocoloco
|-damage|p1a: Cocoloco|66/100
|-unboost|p1a: Cocoloco|def|1
|move|p1a: Cocoloco|Torch Song|p2a: Zamazenta
|-damage|p2a: Zamazenta|2/100
|-boost|p1a: Cocoloco|spa|1
|
|-heal|p2a: Zamazenta|8/100|[from] item: Leftovers
|upkeep
|turn|28
|
|t:|1760791206
|move|p2a: Zamazenta|Crunch|p1a: Cocoloco
|-supereffective|p1a: Cocoloco
|-damage|p1a: Cocoloco|10/100
|move|p1a: Cocoloco|Slack Off|p1a: Cocoloco
|-heal|p1a: Cocoloco|60/100
|
|-heal|p2a: Zamazenta|14/100|[from] item: Leftovers
|upkeep
|turn|29
|
|t:|1760791215
|move|p2a: Zamazenta|Crunch|p1a: Cocoloco
|-supereffective|p1a: Cocoloco
|-damage|p1a: Cocoloco|7/100
|move|p1a: Cocoloco|Torch Song|p2a: Zamazenta
|-damage|p2a: Zamazenta|0 fnt
|-boost|p1a: Cocoloco|spa|1
|faint|p2a: Zamazenta
|
|upkeep
|
|t:|1760791225
|switch|p2a: Iron Valiant|Iron Valiant|100/100
|turn|30
|
|t:|1760791236
|move|p2a: Iron Valiant|Knock Off|p1a: Cocoloco
|-supereffective|p1a: Cocoloco
|-damage|p1a: Cocoloco|0 fnt
|faint|p1a: Cocoloco
|
|upkeep
|
|t:|1760791239
|switch|p1a: Masking the Pain|Ogerpon-Wellspring, F|100/100
|turn|31
|
|t:|1760791247
|move|p2a: Iron Valiant|Moonblast|p1a: Masking the Pain
|-damage|p1a: Masking the Pain|61/100
|move|p1a: Masking the Pain|Knock Off|p2a: Iron Valiant
|-resisted|p2a: Iron Valiant
|-damage|p2a: Iron Valiant|94/100
|
|upkeep
|turn|32
|
|t:|1760791254
|move|p2a: Iron Valiant|Encore|p1a: Masking the Pain
|-start|p1a: Masking the Pain|Encore
|move|p1a: Masking the Pain|Knock Off|p2a: Iron Valiant
|-resisted|p2a: Iron Valiant
|-damage|p2a: Iron Valiant|86/100
|
|upkeep
|turn|33
|
|t:|1760791261
|switch|p1a: Bowler Hat Guy|Ting-Lu|18/100 tox
|-ability|p1a: Bowler Hat Guy|Vessel of Ruin
|move|p2a: Iron Valiant|Moonblast|p1a: Bowler Hat Guy
|-supereffective|p1a: Bowler Hat Guy
|-damage|p1a: Bowler Hat Guy|0 fnt
|faint|p1a: Bowler Hat Guy
|
|upkeep
|
|t:|1760791272
|switch|p1a: Drag 787|Dragapult, F|63/100
|turn|34
|
|t:|1760791276
|move|p1a: Drag 787|Shadow Ball|p2a: Iron Valiant
|-damage|p2a: Iron Valiant|0 fnt
|faint|p2a: Iron Valiant
|-end|p2a: Iron Valiant|Quark Drive|[silent]
|
|upkeep
|
|t:|1760791282
|switch|p2a: Dragapult|Dragapult, F|88/100
|turn|35
|
|t:|1760791287
|move|p2a: Dragapult|Sucker Punch|p1a: Drag 787
|-supereffective|p1a: Drag 787
|-damage|p1a: Drag 787|0 fnt
|faint|p1a: Drag 787
|
|upkeep
|
|t:|1760791289
|switch|p1a: Pass the Gas|Weezing-Galar, F|18/100
|-ability|p1a: Pass the Gas|Neutralizing Gas
|turn|36
|
|t:|1760791296
|move|p2a: Dragapult|Sucker Punch||[still]
|-fail|p2a: Dragapult
|move|p1a: Pass the Gas|Will-O-Wisp|p2a: Dragapult
|-status|p2a: Dragapult|brn
|
|-damage|p2a: Dragapult|82/100 brn|[from] brn
|upkeep
|turn|37
|
|t:|1760791307
|-end|p1a: Pass the Gas|ability: Neutralizing Gas
|switch|p1a: Masking the Pain|Ogerpon-Wellspring, F|61/100
|move|p2a: Dragapult|Sucker Punch||[still]
|-fail|p2a: Dragapult
|
|-damage|p2a: Dragapult|76/100 brn|[from] brn
|upkeep
|turn|38
|-message|o monstro01 forfeited.
|
|win|YT-Cyber-DJ
|raw|YT-Cyber-DJ's rating: 1480 &rarr; <strong>1506</strong><br />(+26 for winning)
|raw|o monstro01's rating: 1593 &rarr; <strong>1567</strong><br />(-26 for losing)
|l|☆o monstro01
|player|p2|
