|j|☆Minytank
|j|☆zzwclocking
|t:|1760850216
|gametype|singles
|player|p1|Minytank|101|1304
|player|p2|zzwclocking|cynthia|1322
|gen|9
|tier|[Gen 9] OU
|rated|
|rule|HP Percentage Mod: HP is shown in percentages
|rule|Endless Battle Clause: Forcing endless battles is banned
|rule|Species Clause: Limit one of each Pokémon
|rule|OHKO Clause: OHKO moves are banned
|rule|Evasion Items Clause: Evasion items are banned
|rule|Evasion Moves Clause: Evasion moves are banned
|rule|Evasion Abilities Clause: Evasion abilities are banned
|rule|Sleep Moves Clause: Sleep-inducing moves are banned
|clearpoke
|poke|p1|Alomomola, M|
|poke|p1|Garganacl, M|
|poke|p1|Goodra-Hisui, M|
|poke|p1|Landorus-Therian, M|
|poke|p1|Great Tusk|
|poke|p1|Wo-Chien|
|poke|p2|Gliscor, F|
|poke|p2|Iron Valiant|
|poke|p2|Kingambit, M|
|poke|p2|Samurott-Hisui, M|
|poke|p2|Cinderace, M|
|poke|p2|Pecharunt|
|teampreview
|inactive|Battle timer is ON: inactive players will automatically lose when time's up. (requested by Minytank)
|
|t:|1760850223
|teamsize|p1|6
|teamsize|p2|6
|start
|switch|p1a: Landorus|Landorus-Therian, M|100/100
|switch|p2a: Cinderace|Cinderace, M|100/100
|-ability|p1a: Landorus|Intimidate|boost
|-unboost|p2a: Cinderace|atk|1
|turn|1
|
|t:|1760850231
|move|p2a: Cinderace|U-turn|p1a: Landorus
|-start|p2a: Cinderace|typechange|Bug|[from] ability: Libero
|-resisted|p1a: Landorus
|-damage|p1a: Landorus|88/100
|
|t:|1760850235
|switch|p2a: Samurott|Samurott-Hisui, M, shiny|100/100|[from] U-turn
|move|p1a: Landorus|Earthquake|p2a: Samurott
|-damage|p2a: Samurott|3/100
|
|upkeep
|turn|2
|
|t:|1760850248
|move|p2a: Samurott|Aqua Jet|p1a: Landorus
|-supereffective|p1a: Landorus
|-damage|p1a: Landorus|26/100
|move|p1a: Landorus|Earthquake|p2a: Samurott
|-damage|p2a: Samurott|0 fnt
|faint|p2a: Samurott
|
|upkeep
|
|t:|1760850262
|switch|p2a: Gliscor|Gliscor, F|100/100
|turn|3
|
|t:|1760850267
|switch|p1a: Alomomola|Alomomola, M|100/100
|move|p2a: Gliscor|Swords Dance|p2a: Gliscor
|-boost|p2a: Gliscor|atk|2
|
|-status|p2a: Gliscor|tox|[from] item: Toxic Orb
|upkeep
|turn|4
|
|t:|1760850277
|move|p2a: Gliscor|Swords Dance|p2a: Gliscor
|-boost|p2a: Gliscor|atk|2
|move|p1a: Alomomola|Wish|p1a: Alomomola
|
|upkeep
|turn|5
|
|t:|1760850281
|move|p2a: Gliscor|Swords Dance|p2a: Gliscor
|-boost|p2a: Gliscor|atk|2
|move|p1a: Alomomola|Flip Turn|p2a: Gliscor
|-supereffective|p2a: Gliscor
|-damage|p2a: Gliscor|76/100 tox
|
|t:|1760850284
|switch|p1a: Landorus|Landorus-Therian, M|26/100|[from] Flip Turn
|-ability|p1a: Landorus|Intimidate|boost
|-unboost|p2a: Gliscor|atk|1
|
|-heal|p1a: Landorus|100/100|[from] move: Wish|[wisher] Alomomola
|-heal|p2a: Gliscor|89/100 tox|[from] ability: Poison Heal
|upkeep
|turn|6
|
|t:|1760850290
|switch|p1a: Wo-Chien|Wo-Chien|100/100
|-ability|p1a: Wo-Chien|Tablets of Ruin
|move|p2a: Gliscor|Facade|p1a: Wo-Chien
|-damage|p1a: Wo-Chien|33/100
|
|-heal|p1a: Wo-Chien|39/100|[from] item: Leftovers
|-heal|p2a: Gliscor|100/100 tox|[from] ability: Poison Heal
|upkeep
|turn|7
|
|t:|1760850300
|move|p1a: Wo-Chien|Protect|p1a: Wo-Chien
|-singleturn|p1a: Wo-Chien|Protect
|move|p2a: Gliscor|Facade|p1a: Wo-Chien
|-activate|p1a: Wo-Chien|move: Protect
|
|-heal|p1a: Wo-Chien|45/100|[from] item: Leftovers
|upkeep
|turn|8
|
|t:|1760850309
|switch|p1a: Great Tusk|Great Tusk|100/100
|move|p2a: Gliscor|Facade|p1a: Great Tusk
|-damage|p1a: Great Tusk|52/100
|
|-heal|p1a: Great Tusk|58/100|[from] item: Leftovers
|upkeep
|turn|9
|
|t:|1760850322
|move|p2a: Gliscor|Protect|p2a: Gliscor
|-singleturn|p2a: Gliscor|Protect
|move|p1a: Great Tusk|Stealth Rock|p2a: Gliscor
|-sidestart|p2: zzwclocking|move: Stealth Rock
|
|-heal|p1a: Great Tusk|64/100|[from] item: Leftovers
|upkeep
|turn|10
|
|t:|1760850342
|-terastallize|p2a: Gliscor|Water
|move|p2a: Gliscor|Earthquake|p1a: Great Tusk
|-damage|p1a: Great Tusk|12/100
|move|p1a: Great Tusk|Rapid Spin|p2a: Gliscor
|-damage|p2a: Gliscor|89/100 tox
|-boost|p1a: Great Tusk|spe|1
|
|-heal|p1a: Great Tusk|18/100|[from] item: Leftovers
|-heal|p2a: Gliscor|100/100 tox|[from] ability: Poison Heal
|upkeep
|turn|11
|
|t:|1760850350
|move|p1a: Great Tusk|Body Press|p2a: Gliscor
|-damage|p2a: Gliscor|64/100 tox
|move|p2a: Gliscor|Earthquake|p1a: Great Tusk
|-damage|p1a: Great Tusk|0 fnt
|faint|p1a: Great Tusk
|-end|p1a: Great Tusk|Protosynthesis|[silent]
|
|-heal|p2a: Gliscor|76/100 tox|[from] ability: Poison Heal
|upkeep
|
|t:|1760850364
|switch|p1a: Landorus|Landorus-Therian, M|100/100
|-ability|p1a: Landorus|Intimidate|boost
|-unboost|p2a: Gliscor|atk|1
|turn|12
|
|t:|1760850370
|move|p1a: Landorus|U-turn|p2a: Gliscor
|-damage|p2a: Gliscor|48/100 tox
|
|t:|1760850373
|switch|p1a: Wo-Chien|Wo-Chien|45/100|[from] U-turn
|-ability|p1a: Wo-Chien|Tablets of Ruin
|move|p2a: Gliscor|Facade|p1a: Wo-Chien
|-damage|p1a: Wo-Chien|0 fnt
|faint|p1a: Wo-Chien
|
|-heal|p2a: Gliscor|60/100 tox|[from] ability: Poison Heal
|upkeep
|
|t:|1760850376
|switch|p1a: Landorus|Landorus-Therian, M|100/100
|-ability|p1a: Landorus|Intimidate|boost
|-unboost|p2a: Gliscor|atk|1
|turn|13
|
|t:|1760850383
|move|p2a: Gliscor|Protect|p2a: Gliscor
|-singleturn|p2a: Gliscor|Protect
|move|p1a: Landorus|Earthquake|p2a: Gliscor
|-activate|p2a: Gliscor|move: Protect
|
|-heal|p2a: Gliscor|73/100 tox|[from] ability: Poison Heal
|upkeep
|turn|14
|
|t:|1760850391
|move|p1a: Landorus|Earthquake|p2a: Gliscor
|-damage|p2a: Gliscor|5/100 tox
|move|p2a: Gliscor|Facade|p1a: Landorus
|-damage|p1a: Landorus|8/100
|
|-heal|p2a: Gliscor|18/100 tox|[from] ability: Poison Heal
|upkeep
|turn|15
|
|t:|1760850402
|move|p2a: Gliscor|Protect|p2a: Gliscor
|-singleturn|p2a: Gliscor|Protect
|move|p1a: Landorus|Earthquake|p2a: Gliscor
|-activate|p2a: Gliscor|move: Protect
|
|-heal|p2a: Gliscor|30/100 tox|[from] ability: Poison Heal
|upkeep
|turn|16
|
|t:|1760850418
|move|p1a: Landorus|Earthquake|p2a: Gliscor
|-damage|p2a: Gliscor|0 fnt
|faint|p2a: Gliscor
|
|upkeep
|
|t:|1760850427
|switch|p2a: Iron Valiant|Iron Valiant, shiny|100/100
|-damage|p2a: Iron Valiant|94/100|[from] Stealth Rock
|-enditem|p2a: Iron Valiant|Booster Energy
|-activate|p2a: Iron Valiant|ability: Quark Drive|[fromitem]
|-start|p2a: Iron Valiant|quarkdrivespe
|turn|17
|
|t:|1760850432
|switch|p1a: Alomomola|Alomomola, M|100/100
|move|p2a: Iron Valiant|Moonblast|p1a: Alomomola
|-damage|p1a: Alomomola|46/100
|
|-heal|p1a: Alomomola|53/100|[from] item: Leftovers
|upkeep
|turn|18
|
|t:|1760850442
|move|p2a: Iron Valiant|Moonblast|p1a: Alomomola
|-damage|p1a: Alomomola|0 fnt
|faint|p1a: Alomomola
|
|upkeep
|
|t:|1760850452
|switch|p1a: Goodra|Goodra-Hisui, M|100/100
|turn|19
|
|t:|1760850457
|-terastallize|p1a: Goodra|Flying
|move|p2a: Iron Valiant|Close Combat|p1a: Goodra
|-resisted|p1a: Goodra
|-damage|p1a: Goodra|76/100
|-unboost|p2a: Iron Valiant|def|1
|-unboost|p2a: Iron Valiant|spd|1
|move|p1a: Goodra|Heavy Slam|p2a: Iron Valiant
|-supereffective|p2a: Iron Valiant
|-damage|p2a: Iron Valiant|0 fnt
|faint|p2a: Iron Valiant
|-end|p2a: Iron Valiant|Quark Drive|[silent]
|
|upkeep
|
|t:|1760850471
|switch|p2a: Pecharunt|Pecharunt|100/100
|-damage|p2a: Pecharunt|88/100|[from] Stealth Rock
|turn|20
|
|t:|1760850474
|move|p2a: Pecharunt|Malignant Chain|p1a: Goodra
|-damage|p1a: Goodra|66/100
|-status|p1a: Goodra|tox
|-start|p1a: Goodra|confusion|[from] ability: Poison Puppeteer|[of] p2a: Pecharunt
|-activate|p1a: Goodra|confusion
|move|p1a: Goodra|Knock Off|p2a: Pecharunt
|-supereffective|p2a: Pecharunt
|-damage|p2a: Pecharunt|63/100
|-enditem|p2a: Pecharunt|Leftovers|[from] move: Knock Off|[of] p1a: Goodra
|
|-damage|p1a: Goodra|60/100 tox|[from] psn
|upkeep
|turn|21
|
|t:|1760850490
|switch|p1a: Garganacl|Garganacl, M|100/100
|move|p2a: Pecharunt|Shadow Ball|p1a: Garganacl
|-damage|p1a: Garganacl|88/100
|-unboost|p1a: Garganacl|spd|1
|
|-heal|p1a: Garganacl|95/100|[from] item: Leftovers
|upkeep
|turn|22
|
|t:|1760850500
|move|p2a: Pecharunt|Parting Shot|p1a: Garganacl
|-unboost|p1a: Garganacl|atk|1
|-unboost|p1a: Garganacl|spa|1
|
|t:|1760850505
|switch|p2a: Cinderace|Cinderace, M|100/100|[from] Parting Shot
|move|p1a: Garganacl|Salt Cure|p2a: Cinderace
|-supereffective|p2a: Cinderace
|-damage|p2a: Cinderace|74/100
|-start|p2a: Cinderace|Salt Cure
|
|-heal|p1a: Garganacl|100/100|[from] item: Leftovers
|-damage|p2a: Cinderace|62/100|[from] Salt Cure
|upkeep
|turn|23
|
|t:|1760850513
|move|p2a: Cinderace|High Jump Kick|p1a: Garganacl|[miss]
|-start|p2a: Cinderace|typechange|Fighting|[from] ability: Libero
|-miss|p2a: Cinderace|p1a: Garganacl
|-damage|p2a: Cinderace|12/100|[from] highjumpkick
|move|p1a: Garganacl|Salt Cure|p2a: Cinderace
|-resisted|p2a: Cinderace
|-damage|p2a: Cinderace|6/100
|
|-damage|p2a: Cinderace|0 fnt|[from] Salt Cure
|faint|p2a: Cinderace
|upkeep
|
|t:|1760850525
|switch|p2a: Kingambit|Kingambit, M|100/100
|-damage|p2a: Kingambit|94/100|[from] Stealth Rock
|-activate|p2a: Kingambit|ability: Supreme Overlord
|-start|p2a: Kingambit|fallen4|[silent]
|turn|24
|
|t:|1760850537
|switch|p1a: Landorus|Landorus-Therian, M|8/100
|-ability|p1a: Landorus|Intimidate|boost
|-unboost|p2a: Kingambit|atk|1
|move|p2a: Kingambit|Swords Dance|p2a: Kingambit
|-boost|p2a: Kingambit|atk|2
|
|upkeep
|turn|25
|
|t:|1760850545
|switch|p1a: Goodra|Goodra-Hisui, M, tera:Flying|60/100 tox
|move|p2a: Kingambit|Sucker Punch||[still]
|-fail|p2a: Kingambit
|
|-damage|p1a: Goodra|54/100 tox|[from] psn
|upkeep
|turn|26
|
|t:|1760850551
|move|p2a: Kingambit|Iron Head|p1a: Goodra
|-damage|p1a: Goodra|0 fnt
|faint|p1a: Goodra
|
|upkeep
|
|t:|1760850557
|switch|p1a: Landorus|Landorus-Therian, M|8/100
|-ability|p1a: Landorus|Intimidate|boost
|-unboost|p2a: Kingambit|atk|1
|turn|27
|
|t:|1760850562
|move|p2a: Kingambit|Sucker Punch|p1a: Landorus
|-damage|p1a: Landorus|0 fnt
|faint|p1a: Landorus
|
|upkeep
|
|t:|1760850564
|switch|p1a: Garganacl|Garganacl, M|100/100
|turn|28
|
|t:|1760850575
|move|p2a: Kingambit|Swords Dance|p2a: Kingambit
|-boost|p2a: Kingambit|atk|2
|move|p1a: Garganacl|Body Press|p2a: Kingambit
|-supereffective|p2a: Kingambit
|-damage|p2a: Kingambit|0 fnt
|faint|p2a: Kingambit
|-end|p2a: Kingambit|fallen4|[silent]
|
|upkeep
|
|t:|1760850582
|switch|p2a: Pecharunt|Pecharunt|63/100
|-damage|p2a: Pecharunt|51/100|[from] Stealth Rock
|turn|29
|
|t:|1760850600
|move|p2a: Pecharunt|Recover|p2a: Pecharunt
|-heal|p2a: Pecharunt|100/100
|move|p1a: Garganacl|Salt Cure|p2a: Pecharunt
|-damage|p2a: Pecharunt|92/100
|-start|p2a: Pecharunt|Salt Cure
|
|-damage|p2a: Pecharunt|80/100|[from] Salt Cure
|upkeep
|turn|30
|-message|zzwclocking forfeited.
|
|win|Minytank
|raw|Minytank's rating: 1304 &rarr; <strong>1325</strong><br />(+21 for winning)
|raw|zzwclocking's rating: 1322 &rarr; <strong>1301</strong><br />(-21 for losing)
|l|☆zzwclocking
|player|p2|
|l|☆Minytank
|player|p1|
