|badge|p2|bronze|gen9ou|100-7
|uhtml|medal-msg|<div class="broadcast-blue">Curious what those medals under the avatar are? PS now has Ladder Seasons! For more information, check out the <a href="https://www.smogon.com/forums/threads/3740067/">thread on Smogon.</a></div>
|j|☆SpongeGar & Patar
|j|☆icebeamprodigy
|t:|1760751702
|gametype|singles
|player|p1|SpongeGar & Patar|101|1821
|player|p2|icebeamprodigy|169|1868
|gen|9
|tier|[Gen 9] OU
|rated|
|rule|HP Percentage Mod: HP is shown in percentages
|rule|Endless Battle Clause: Forcing endless battles is banned
|rule|Species Clause: Limit one of each Pokémon
|rule|OHKO Clause: OHKO moves are banned
|rule|Evasion Items Clause: Evasion items are banned
|rule|Evasion Moves Clause: Evasion moves are banned
|rule|Evasion Abilities Clause: Evasion abilities are banned
|rule|Sleep Moves Clause: Sleep-inducing moves are banned
|clearpoke
|poke|p1|Kyurem|
|poke|p1|Corviknight, F|
|poke|p1|Ting-Lu|
|poke|p1|Dondozo, M|
|poke|p1|Slowking-Galar, L99, F|
|poke|p1|Cinderace, F|
|poke|p2|Pelipper, M|
|poke|p2|Barraskewda, M|
|poke|p2|Zapdos|
|poke|p2|Iron Treads|
|poke|p2|Ogerpon-Wellspring, F|
|poke|p2|Keldeo|
|teampreview
|j| bananana324
|inactive|Battle timer is ON: inactive players will automatically lose when time's up. (requested by icebeamprodigy)
|
|t:|1760751752
|teamsize|p1|6
|teamsize|p2|6
|start
|switch|p1a: Kyurem|Kyurem|100/100
|switch|p2a: Keldeo|Keldeo|100/100
|-ability|p1a: Kyurem|Pressure
|turn|1
|inactive|SpongeGar & Patar also wants the timer to be on.
|inactive|SpongeGar & Patar has 120 seconds left.
|
|t:|1760751800
|move|p1a: Kyurem|Protect|p1a: Kyurem
|-singleturn|p1a: Kyurem|Protect
|move|p2a: Keldeo|Flip Turn|p1a: Kyurem
|-activate|p1a: Kyurem|move: Protect
|
|upkeep
|turn|2
|inactive|SpongeGar & Patar has 90 seconds left.
|
|t:|1760751848
|move|p2a: Keldeo|Flip Turn|p1a: Kyurem
|-resisted|p1a: Kyurem
|-damage|p1a: Kyurem|94/100
|
|t:|1760751859
|switch|p2a: Iron Treads|Iron Treads|100/100|[from] Flip Turn
|move|p1a: Kyurem|Freeze-Dry|p2a: Iron Treads
|-damage|p2a: Iron Treads|69/100
|-enditem|p2a: Iron Treads|Eject Button
|
|t:|1760751871
|-end|p2a: Iron Treads|Quark Drive|[silent]
|switch|p2a: Barraskewda|Barraskewda, M|100/100
|
|-heal|p1a: Kyurem|99/100|[from] item: Leftovers
|upkeep
|turn|3
|inactive|SpongeGar & Patar has 60 seconds left.
|
|t:|1760751920
|move|p1a: Kyurem|Protect|p1a: Kyurem
|-singleturn|p1a: Kyurem|Protect
|move|p2a: Barraskewda|Flip Turn|p1a: Kyurem
|-activate|p1a: Kyurem|move: Protect
|
|-heal|p1a: Kyurem|100/100|[from] item: Leftovers
|upkeep
|turn|4
|
|t:|1760751929
|move|p2a: Barraskewda|Close Combat|p1a: Kyurem
|-supereffective|p1a: Kyurem
|-damage|p1a: Kyurem|0 fnt
|-unboost|p2a: Barraskewda|def|1
|-unboost|p2a: Barraskewda|spd|1
|faint|p1a: Kyurem
|
|upkeep
|
|t:|1760751940
|switch|p1a: Slowking|Slowking-Galar, L99, F|100/100
|turn|5
|
|t:|1760751951
|move|p2a: Barraskewda|Flip Turn|p1a: Slowking
|-damage|p1a: Slowking|66/100
|
|t:|1760751955
|switch|p2a: Iron Treads|Iron Treads|69/100|[from] Flip Turn
|move|p1a: Slowking|Future Sight|p2a: Iron Treads
|-start|p1a: Slowking|move: Future Sight
|
|upkeep
|turn|6
|inactive|SpongeGar & Patar has 60 seconds left.
|
|t:|1760751967
|switch|p1a: Corviknight|Corviknight, F|100/100
|-ability|p1a: Corviknight|Pressure
|move|p2a: Iron Treads|Knock Off|p1a: Corviknight
|-damage|p1a: Corviknight|86/100
|-damage|p2a: Iron Treads|52/100|[from] item: Rocky Helmet|[of] p1a: Corviknight
|-enditem|p1a: Corviknight|Rocky Helmet|[from] move: Knock Off|[of] p2a: Iron Treads
|
|upkeep
|turn|7
|inactive|SpongeGar & Patar has 60 seconds left.
|
|t:|1760751977
|move|p2a: Iron Treads|Stealth Rock|p1a: Corviknight
|-sidestart|p1: SpongeGar & Patar|move: Stealth Rock
|move|p1a: Corviknight|Roost|p1a: Corviknight
|-heal|p1a: Corviknight|100/100
|-singleturn|p1a: Corviknight|move: Roost
|
|-end|p2a: Iron Treads|move: Future Sight
|-resisted|p2a: Iron Treads
|-damage|p2a: Iron Treads|34/100
|upkeep
|turn|8
|
|t:|1760751988
|-end|p2a: Iron Treads|Quark Drive|[silent]
|switch|p2a: Pelipper|Pelipper, M|100/100
|-weather|RainDance|[from] ability: Drizzle|[of] p2a: Pelipper
|move|p1a: Corviknight|Defog|p2a: Pelipper
|-unboost|p2a: Pelipper|evasion|1
|-sideend|p1: SpongeGar & Patar|Stealth Rock|[from] move: Defog|[of] p1a: Corviknight
|
|-weather|RainDance|[upkeep]
|upkeep
|turn|9
|
|t:|1760751997
|move|p1a: Corviknight|Brave Bird|p2a: Pelipper
|-damage|p2a: Pelipper|74/100
|-damage|p1a: Corviknight|93/100|[from] Recoil
|move|p2a: Pelipper|U-turn|p1a: Corviknight
|-resisted|p1a: Corviknight
|-damage|p1a: Corviknight|92/100
|
|t:|1760752009
|switch|p2a: Zapdos|Zapdos|100/100|[from] U-turn
|
|-weather|RainDance|[upkeep]
|upkeep
|turn|10
|
|t:|1760752018
|switch|p1a: Ting-Lu|Ting-Lu|100/100
|-ability|p1a: Ting-Lu|Vessel of Ruin
|move|p2a: Zapdos|Weather Ball|p1a: Ting-Lu
|-supereffective|p1a: Ting-Lu
|-damage|p1a: Ting-Lu|39/100
|
|-weather|RainDance|[upkeep]
|-heal|p1a: Ting-Lu|46/100|[from] item: Leftovers
|upkeep
|turn|11
|
|t:|1760752029
|-terastallize|p1a: Ting-Lu|Water
|move|p2a: Zapdos|Weather Ball|p1a: Ting-Lu
|-resisted|p1a: Ting-Lu
|-damage|p1a: Ting-Lu|29/100
|move|p1a: Ting-Lu|Payback|p2a: Zapdos
|-damage|p2a: Zapdos|55/100
|
|-weather|RainDance|[upkeep]
|-heal|p1a: Ting-Lu|35/100|[from] item: Leftovers
|upkeep
|turn|12
|
|t:|1760752040
|switch|p2a: Ogerpon|Ogerpon-Wellspring, F|100/100
|move|p1a: Ting-Lu|Rest|p1a: Ting-Lu
|-status|p1a: Ting-Lu|slp|[from] move: Rest
|-heal|p1a: Ting-Lu|100/100 slp|[silent]
|
|-weather|RainDance|[upkeep]
|upkeep
|turn|13
|inactive|SpongeGar & Patar has 90 seconds left.
|
|t:|1760752050
|switch|p1a: Slowking|Slowking-Galar, L99, F|99/100
|move|p2a: Ogerpon|Swords Dance|p2a: Ogerpon
|-boost|p2a: Ogerpon|atk|2
|
|-weather|RainDance|[upkeep]
|upkeep
|turn|14
|inactive|SpongeGar & Patar has 90 seconds left.
|inactive|SpongeGar & Patar has 60 seconds left.
|
|t:|1760752099
|switch|p1a: Dondozo|Dondozo, M|100/100
|move|p2a: Ogerpon|Ivy Cudgel|p1a: Dondozo|[anim] Ivy Cudgel Water
|-resisted|p1a: Dondozo
|-damage|p1a: Dondozo|79/100
|
|-weather|RainDance|[upkeep]
|-heal|p1a: Dondozo|86/100|[from] item: Leftovers
|upkeep
|turn|15
|inactive|SpongeGar & Patar has 60 seconds left.
|inactive|SpongeGar & Patar has 30 seconds left.
|inactive|SpongeGar & Patar has 20 seconds left.
|
|t:|1760752147
|move|p2a: Ogerpon|Power Whip|p1a: Dondozo|[miss]
|-miss|p2a: Ogerpon|p1a: Dondozo
|move|p1a: Dondozo|Body Press|p2a: Ogerpon
|-damage|p2a: Ogerpon|64/100
|
|-weather|none
|-heal|p1a: Dondozo|92/100|[from] item: Leftovers
|upkeep
|turn|16
|inactive|SpongeGar & Patar has 30 seconds left this turn.
|
|t:|1760752157
|switch|p2a: Pelipper|Pelipper, M|74/100
|-weather|RainDance|[from] ability: Drizzle|[of] p2a: Pelipper
|move|p1a: Dondozo|Body Press|p2a: Pelipper
|-resisted|p2a: Pelipper
|-damage|p2a: Pelipper|62/100
|
|-weather|RainDance|[upkeep]
|-heal|p1a: Dondozo|98/100|[from] item: Leftovers
|upkeep
|turn|17
|inactive|SpongeGar & Patar has 30 seconds left.
|
|t:|1760752168
|switch|p1a: Slowking|Slowking-Galar, L99, F|100/100
|move|p2a: Pelipper|U-turn|p1a: Slowking
|-damage|p1a: Slowking|90/100
|
|t:|1760752189
|switch|p2a: Zapdos|Zapdos|55/100|[from] U-turn
|
|-weather|RainDance|[upkeep]
|upkeep
|turn|18
|
|t:|1760752198
|-terastallize|p2a: Zapdos|Flying
|move|p2a: Zapdos|Hurricane|p1a: Slowking
|-damage|p1a: Slowking|20/100
|-start|p1a: Slowking|confusion
|-prepare|p1a: Slowking|Chilly Reception|[premajor]
|-activate|p1a: Slowking|confusion
|move|p1a: Slowking|Chilly Reception|p1a: Slowking
|-weather|Snowscape
|
|t:|1760752208
|switch|p1a: Cinderace|Cinderace, F|100/100|[from] Chilly Reception
|
|-weather|Snowscape|[upkeep]
|upkeep
|turn|19
|
|t:|1760752217
|switch|p2a: Pelipper|Pelipper, M|62/100
|-weather|RainDance|[from] ability: Drizzle|[of] p2a: Pelipper
|move|p1a: Cinderace|Pyro Ball|p2a: Pelipper
|-resisted|p2a: Pelipper
|-damage|p2a: Pelipper|54/100
|
|-weather|RainDance|[upkeep]
|upkeep
|turn|20
|
|t:|1760752228
|move|p1a: Cinderace|U-turn|p2a: Pelipper
|-resisted|p2a: Pelipper
|-damage|p2a: Pelipper|46/100
|
|t:|1760752238
|switch|p1a: Slowking|Slowking-Galar, L99, F|53/100|[from] U-turn
|move|p2a: Pelipper|U-turn|p1a: Slowking
|-damage|p1a: Slowking|43/100
|
|t:|1760752243
|switch|p2a: Zapdos|Zapdos, tera:Flying|55/100|[from] U-turn
|
|-weather|RainDance|[upkeep]
|upkeep
|turn|21
|
|t:|1760752252
|switch|p1a: Ting-Lu|Ting-Lu, tera:Water|100/100 slp
|-ability|p1a: Ting-Lu|Vessel of Ruin
|move|p2a: Zapdos|Hurricane|p1a: Ting-Lu
|-crit|p1a: Ting-Lu
|-damage|p1a: Ting-Lu|29/100 slp
|
|-weather|RainDance|[upkeep]
|-heal|p1a: Ting-Lu|36/100 slp|[from] item: Leftovers
|upkeep
|turn|22
|
|t:|1760752262
|move|p2a: Zapdos|Hurricane|p1a: Ting-Lu
|-damage|p1a: Ting-Lu|0 fnt
|faint|p1a: Ting-Lu
|
|-weather|RainDance|[upkeep]
|upkeep
|
|t:|1760752271
|switch|p1a: Slowking|Slowking-Galar, L99, F|76/100
|turn|23
|inactive|SpongeGar & Patar has 60 seconds left.
|
|t:|1760752281
|move|p2a: Zapdos|Hurricane|p1a: Slowking
|-damage|p1a: Slowking|4/100
|-start|p1a: Slowking|confusion
|-prepare|p1a: Slowking|Chilly Reception|[premajor]
|-activate|p1a: Slowking|confusion
|move|p1a: Slowking|Chilly Reception|p1a: Slowking
|-weather|Snowscape
|inactive|SpongeGar & Patar has 60 seconds left.
|
|t:|1760752290
|switch|p1a: Cinderace|Cinderace, F|100/100|[from] Chilly Reception
|
|-weather|Snowscape|[upkeep]
|upkeep
|turn|24
|
|t:|1760752300
|move|p1a: Cinderace|U-turn|p2a: Zapdos
|-resisted|p2a: Zapdos
|-damage|p2a: Zapdos|43/100
|-status|p1a: Cinderace|par|[from] ability: Static|[of] p2a: Zapdos
|
|t:|1760752309
|switch|p1a: Slowking|Slowking-Galar, L99, F|37/100|[from] U-turn
|move|p2a: Zapdos|Hurricane|p1a: Slowking|[miss]
|-miss|p2a: Zapdos|p1a: Slowking
|
|-weather|Snowscape|[upkeep]
|upkeep
|turn|25
|
|t:|1760752319
|switch|p1a: Corviknight|Corviknight, F|92/100
|-ability|p1a: Corviknight|Pressure
|move|p2a: Zapdos|Hurricane|p1a: Corviknight
|-resisted|p1a: Corviknight
|-damage|p1a: Corviknight|41/100
|
|-weather|Snowscape|[upkeep]
|upkeep
|turn|26
|
|t:|1760752328
|move|p2a: Zapdos|Hurricane|p1a: Corviknight
|-resisted|p1a: Corviknight
|-damage|p1a: Corviknight|0 fnt
|faint|p1a: Corviknight
|
|-weather|Snowscape|[upkeep]
|upkeep
|
|t:|1760752338
|switch|p1a: Slowking|Slowking-Galar, L99, F|70/100
|turn|27
|
|t:|1760752347
|move|p2a: Zapdos|Hurricane|p1a: Slowking
|-damage|p1a: Slowking|6/100
|move|p1a: Slowking|Sludge Bomb|p2a: Zapdos
|-damage|p2a: Zapdos|5/100
|
|-weather|none
|upkeep
|turn|28
|
|t:|1760752358
|switch|p2a: Pelipper|Pelipper, M|46/100
|-weather|RainDance|[from] ability: Drizzle|[of] p2a: Pelipper
|move|p1a: Slowking|Toxic|p2a: Pelipper
|-status|p2a: Pelipper|tox
|
|-weather|RainDance|[upkeep]
|-damage|p2a: Pelipper|40/100 tox|[from] psn
|upkeep
|turn|29
|inactive|SpongeGar & Patar has 90 seconds left.
|
|t:|1760752366
|switch|p1a: Dondozo|Dondozo, M|98/100
|move|p2a: Pelipper|Hurricane|p1a: Dondozo
|-damage|p1a: Dondozo|66/100
|
|-weather|RainDance|[upkeep]
|-heal|p1a: Dondozo|72/100|[from] item: Leftovers
|-damage|p2a: Pelipper|27/100 tox|[from] psn
|upkeep
|turn|30
|inactive|SpongeGar & Patar has 90 seconds left.
|inactive|SpongeGar & Patar has 60 seconds left.
|
|t:|1760752414
|move|p2a: Pelipper|Hurricane|p1a: Dondozo
|-damage|p1a: Dondozo|40/100
|-start|p1a: Dondozo|confusion
|-activate|p1a: Dondozo|confusion
|-damage|p1a: Dondozo|36/100|[from] confusion
|
|-weather|RainDance|[upkeep]
|-heal|p1a: Dondozo|42/100|[from] item: Leftovers
|-damage|p2a: Pelipper|9/100 tox|[from] psn
|upkeep
|turn|31
|inactive|SpongeGar & Patar has 60 seconds left.
|inactive|SpongeGar & Patar has 30 seconds left.
|inactive|SpongeGar & Patar has 20 seconds left.
|
|t:|1760752460
|move|p2a: Pelipper|Hurricane|p1a: Dondozo
|-damage|p1a: Dondozo|9/100
|-activate|p1a: Dondozo|confusion
|move|p1a: Dondozo|Body Press|p2a: Pelipper
|-resisted|p2a: Pelipper
|-damage|p2a: Pelipper|0 fnt
|faint|p2a: Pelipper
|
|-weather|RainDance|[upkeep]
|-heal|p1a: Dondozo|15/100|[from] item: Leftovers
|upkeep
|
|t:|1760752465
|switch|p2a: Zapdos|Zapdos, tera:Flying|5/100
|turn|32
|inactive|SpongeGar & Patar has 30 seconds left.
|
|t:|1760752473
|switch|p1a: Cinderace|Cinderace, F|100/100 par
|move|p2a: Zapdos|Volt Switch|p1a: Cinderace
|-damage|p1a: Cinderace|34/100 par
|
|t:|1760752476
|switch|p2a: Keldeo|Keldeo|100/100|[from] Volt Switch
|
|-weather|RainDance|[upkeep]
|upkeep
|turn|33
|
|t:|1760752485
|switch|p1a: Dondozo|Dondozo, M|15/100
|move|p2a: Keldeo|Surf|p1a: Dondozo
|-resisted|p1a: Dondozo
|-damage|p1a: Dondozo|0 fnt
|faint|p1a: Dondozo
|
|-weather|RainDance|[upkeep]
|upkeep
|
|t:|1760752493
|switch|p1a: Slowking|Slowking-Galar, L99, F|39/100
|turn|34
|
|t:|1760752500
|switch|p1a: Cinderace|Cinderace, F|34/100 par
|move|p2a: Keldeo|Surf|p1a: Cinderace
|-supereffective|p1a: Cinderace
|-damage|p1a: Cinderace|0 fnt
|faint|p1a: Cinderace
|
|-weather|RainDance|[upkeep]
|upkeep
|
|t:|1760752509
|switch|p1a: Slowking|Slowking-Galar, L99, F|72/100
|turn|35
|
|t:|1760752516
|move|p2a: Keldeo|Surf|p1a: Slowking
|-damage|p1a: Slowking|12/100
|move|p1a: Slowking|Sludge Bomb|p2a: Keldeo
|-damage|p2a: Keldeo|62/100
|
|-weather|none
|upkeep
|turn|36
|
|t:|1760752521
|move|p2a: Keldeo|Surf|p1a: Slowking
|-damage|p1a: Slowking|0 fnt
|faint|p1a: Slowking
|
|win|icebeamprodigy
|raw|SpongeGar &amp; Patar's rating: 1821 &rarr; <strong>1804</strong><br />(-17 for losing)
|raw|icebeamprodigy's rating: 1868 &rarr; <strong>1885</strong><br />(+17 for winning)
|l|☆SpongeGar & Patar
|player|p1|
|l|☆icebeamprodigy
|player|p2|
