|j|☆Luzzio
|j|☆Loyd09
|t:|1760744955
|gametype|singles
|player|p1|Luzzio|lucas-gen4pt|1430
|player|p2|Loyd09|266|1465
|gen|9
|tier|[Gen 9] OU
|rated|
|rule|HP Percentage Mod: HP is shown in percentages
|rule|Endless Battle Clause: Forcing endless battles is banned
|rule|Species Clause: Limit one of each Pokémon
|rule|OHKO Clause: OHKO moves are banned
|rule|Evasion Items Clause: Evasion items are banned
|rule|Evasion Moves Clause: Evasion moves are banned
|rule|Evasion Abilities Clause: Evasion abilities are banned
|rule|Sleep Moves Clause: Sleep-inducing moves are banned
|clearpoke
|poke|p1|Araquanid, F|
|poke|p1|Kingambit, M|
|poke|p1|Gholdengo|
|poke|p1|Great Tusk|
|poke|p1|Iron Moth|
|poke|p1|Luxray, F|
|poke|p2|Iron Valiant|
|poke|p2|Heatran, M|
|poke|p2|Great Tusk|
|poke|p2|Zapdos|
|poke|p2|Latios, M|
|poke|p2|Kingambit, M|
|teampreview
|
|t:|1760744967
|teamsize|p1|6
|teamsize|p2|6
|start
|switch|p1a: I Carry This Team|Araquanid, F|100/100
|switch|p2a: Zapdos|Zapdos, shiny|100/100
|turn|1
|
|t:|1760744978
|move|p2a: Zapdos|Thunderbolt|p1a: I Carry This Team
|-supereffective|p1a: I Carry This Team
|-damage|p1a: I Carry This Team|46/100
|move|p1a: I Carry This Team|Sticky Web|p2a: Zapdos
|-sidestart|p2: Loyd09|move: Sticky Web
|
|upkeep
|turn|2
|
|t:|1760744988
|move|p1a: I Carry This Team|Endure|p1a: I Carry This Team
|-singleturn|p1a: I Carry This Team|move: Endure
|move|p2a: Zapdos|Hurricane|p1a: I Carry This Team
|-supereffective|p1a: I Carry This Team
|-activate|p1a: I Carry This Team|move: Endure
|-damage|p1a: I Carry This Team|1/100
|
|upkeep
|turn|3
|-enditem|p1a: I Carry This Team|Custap Berry|[eat]
|-activate|p1a: I Carry This Team|item: Custap Berry|[consumed]
|
|t:|1760744995
|move|p1a: I Carry This Team|Endeavor|p2a: Zapdos
|-damage|p2a: Zapdos|1/100
|move|p2a: Zapdos|Roost|p2a: Zapdos
|-heal|p2a: Zapdos|51/100
|-singleturn|p2a: Zapdos|move: Roost
|
|upkeep
|turn|4
|
|t:|1760745001
|move|p2a: Zapdos|Thunderbolt|p1a: I Carry This Team
|-supereffective|p1a: I Carry This Team
|-damage|p1a: I Carry This Team|0 fnt
|faint|p1a: I Carry This Team
|
|upkeep
|
|t:|1760745006
|switch|p1a: I Hit Hard|Luxray, F|100/100
|turn|5
|
|t:|1760745011
|move|p2a: Zapdos|U-turn|p1a: I Hit Hard
|-damage|p1a: I Hit Hard|83/100
|
|t:|1760745013
|switch|p2a: Great Tusk|Great Tusk, shiny|100/100|[from] U-turn
|-activate|p2a: Great Tusk|move: Sticky Web
|-unboost|p2a: Great Tusk|spe|1
|move|p1a: I Hit Hard|Play Rough|p2a: Great Tusk
|-supereffective|p2a: Great Tusk
|-damage|p2a: Great Tusk|66/100
|-unboost|p2a: Great Tusk|atk|1
|
|-heal|p2a: Great Tusk|73/100|[from] item: Leftovers
|-status|p1a: I Hit Hard|brn|[from] item: Flame Orb
|upkeep
|turn|6
|inactive|Battle timer is ON: inactive players will automatically lose when time's up. (requested by Loyd09)
|
|t:|1760745029
|switch|p1a: I Also Need a Nerf|Gholdengo|100/100
|-item|p1a: I Also Need a Nerf|Air Balloon
|move|p2a: Great Tusk|Knock Off|p1a: I Also Need a Nerf
|-supereffective|p1a: I Also Need a Nerf
|-damage|p1a: I Also Need a Nerf|54/100
|-enditem|p1a: I Also Need a Nerf|Air Balloon
|
|-heal|p2a: Great Tusk|79/100|[from] item: Leftovers
|upkeep
|turn|7
|
|t:|1760745036
|-end|p2a: Great Tusk|Protosynthesis|[silent]
|switch|p2a: Heatran|Heatran, M, shiny|100/100
|-activate|p2a: Heatran|move: Sticky Web
|-unboost|p2a: Heatran|spe|1
|move|p1a: I Also Need a Nerf|Make It Rain|p2a: Heatran
|-resisted|p2a: Heatran
|-damage|p2a: Heatran|89/100
|-unboost|p1a: I Also Need a Nerf|spa|1
|
|-heal|p2a: Heatran|96/100|[from] item: Leftovers
|upkeep
|turn|8
|
|t:|1760745041
|switch|p1a: I Clean The Floor|Great Tusk|100/100
|move|p2a: Heatran|Magma Storm|p1a: I Clean The Floor|[miss]
|-miss|p2a: Heatran|p1a: I Clean The Floor
|
|-heal|p2a: Heatran|100/100|[from] item: Leftovers
|upkeep
|turn|9
|
|t:|1760745049
|switch|p2a: Zapdos|Zapdos, shiny|51/100
|move|p1a: I Clean The Floor|Ice Spinner|p2a: Zapdos
|-supereffective|p2a: Zapdos
|-damage|p2a: Zapdos|9/100
|
|upkeep
|turn|10
|
|t:|1760745054
|move|p1a: I Clean The Floor|Headlong Rush|p2a: Zapdos
|-immune|p2a: Zapdos
|move|p2a: Zapdos|Hurricane|p1a: I Clean The Floor
|-supereffective|p1a: I Clean The Floor
|-damage|p1a: I Clean The Floor|0 fnt
|faint|p1a: I Clean The Floor
|-end|p1a: I Clean The Floor|Protosynthesis|[silent]
|
|upkeep
|
|t:|1760745064
|switch|p1a: I Also Need a Nerf|Gholdengo|54/100
|turn|11
|
|t:|1760745068
|switch|p2a: Heatran|Heatran, M, shiny|100/100
|-activate|p2a: Heatran|move: Sticky Web
|-unboost|p2a: Heatran|spe|1
|move|p1a: I Also Need a Nerf|Shadow Ball|p2a: Heatran
|-crit|p2a: Heatran
|-damage|p2a: Heatran|61/100
|-unboost|p2a: Heatran|spd|1
|
|-heal|p2a: Heatran|67/100|[from] item: Leftovers
|upkeep
|turn|12
|
|t:|1760745079
|move|p1a: I Also Need a Nerf|Shadow Ball|p2a: Heatran
|-damage|p2a: Heatran|21/100
|move|p2a: Heatran|Earth Power|p1a: I Also Need a Nerf
|-supereffective|p1a: I Also Need a Nerf
|-damage|p1a: I Also Need a Nerf|0 fnt
|faint|p1a: I Also Need a Nerf
|
|-heal|p2a: Heatran|27/100|[from] item: Leftovers
|upkeep
|
|t:|1760745081
|switch|p1a: I Hit Hard|Luxray, F|83/100 brn
|turn|13
|
|t:|1760745089
|switch|p2a: Zapdos|Zapdos, shiny|9/100
|move|p1a: I Hit Hard|Play Rough|p2a: Zapdos
|-crit|p2a: Zapdos
|-damage|p2a: Zapdos|0 fnt
|faint|p2a: Zapdos
|
|-damage|p1a: I Hit Hard|77/100 brn|[from] brn
|upkeep
|
|t:|1760745095
|switch|p2a: Great Tusk|Great Tusk, shiny|79/100
|-activate|p2a: Great Tusk|move: Sticky Web
|-unboost|p2a: Great Tusk|spe|1
|turn|14
|
|t:|1760745098
|move|p1a: I Hit Hard|Play Rough|p2a: Great Tusk
|-supereffective|p2a: Great Tusk
|-damage|p2a: Great Tusk|34/100
|move|p2a: Great Tusk|Rapid Spin|p1a: I Hit Hard
|-damage|p1a: I Hit Hard|57/100 brn
|-boost|p2a: Great Tusk|spe|1
|-sideend|p2: Loyd09|Sticky Web|[from] move: Rapid Spin|[of] p2a: Great Tusk
|
|-heal|p2a: Great Tusk|40/100|[from] item: Leftovers
|-damage|p1a: I Hit Hard|51/100 brn|[from] brn
|upkeep
|turn|15
|
|t:|1760745104
|move|p1a: I Hit Hard|Play Rough|p2a: Great Tusk
|-supereffective|p2a: Great Tusk
|-damage|p2a: Great Tusk|0 fnt
|faint|p2a: Great Tusk
|-end|p2a: Great Tusk|Protosynthesis|[silent]
|
|-damage|p1a: I Hit Hard|45/100 brn|[from] brn
|upkeep
|
|t:|1760745111
|switch|p2a: Latios|Latios, M, shiny|100/100
|turn|16
|
|t:|1760745116
|move|p2a: Latios|Draco Meteor|p1a: I Hit Hard
|-damage|p1a: I Hit Hard|0 fnt
|-unboost|p2a: Latios|spa|2
|faint|p1a: I Hit Hard
|
|upkeep
|
|t:|1760745120
|switch|p1a: I Sweep Teams|Iron Moth|100/100
|-enditem|p1a: I Sweep Teams|Booster Energy
|-activate|p1a: I Sweep Teams|ability: Quark Drive|[fromitem]
|-start|p1a: I Sweep Teams|quarkdrivespe
|turn|17
|
|t:|1760745122
|switch|p2a: Heatran|Heatran, M, shiny|27/100
|move|p1a: I Sweep Teams|Energy Ball|p2a: Heatran
|-resisted|p2a: Heatran
|-damage|p2a: Heatran|23/100
|-unboost|p2a: Heatran|spd|1
|
|-heal|p2a: Heatran|29/100|[from] item: Leftovers
|upkeep
|turn|18
|
|t:|1760745127
|-end|p1a: I Sweep Teams|Quark Drive|[silent]
|switch|p1a: I Need A Nerf|Kingambit, M|100/100
|-activate|p1a: I Need A Nerf|ability: Supreme Overlord
|-start|p1a: I Need A Nerf|fallen4|[silent]
|move|p2a: Heatran|Earth Power|p1a: I Need A Nerf
|-supereffective|p1a: I Need A Nerf
|-damage|p1a: I Need A Nerf|38/100
|
|-heal|p1a: I Need A Nerf|44/100|[from] item: Leftovers
|-heal|p2a: Heatran|35/100|[from] item: Leftovers
|upkeep
|turn|19
|
|t:|1760745135
|switch|p2a: Iron Valiant|Iron Valiant, shiny|100/100
|-enditem|p2a: Iron Valiant|Booster Energy
|-activate|p2a: Iron Valiant|ability: Quark Drive|[fromitem]
|-start|p2a: Iron Valiant|quarkdrivespe
|move|p1a: I Need A Nerf|Kowtow Cleave|p2a: Iron Valiant
|-resisted|p2a: Iron Valiant
|-damage|p2a: Iron Valiant|77/100
|
|-heal|p1a: I Need A Nerf|51/100|[from] item: Leftovers
|upkeep
|turn|20
|
|t:|1760745141
|move|p2a: Iron Valiant|Close Combat|p1a: I Need A Nerf
|-supereffective|p1a: I Need A Nerf
|-damage|p1a: I Need A Nerf|0 fnt
|-unboost|p2a: Iron Valiant|def|1
|-unboost|p2a: Iron Valiant|spd|1
|faint|p1a: I Need A Nerf
|-end|p1a: I Need A Nerf|fallen4|[silent]
|
|upkeep
|
|t:|1760745143
|switch|p1a: I Sweep Teams|Iron Moth|100/100
|turn|21
|
|t:|1760745145
|-end|p2a: Iron Valiant|Quark Drive|[silent]
|switch|p2a: Heatran|Heatran, M, shiny|35/100
|move|p1a: I Sweep Teams|Substitute|p1a: I Sweep Teams
|-start|p1a: I Sweep Teams|Substitute
|-damage|p1a: I Sweep Teams|76/100
|
|-heal|p2a: Heatran|41/100|[from] item: Leftovers
|upkeep
|turn|22
|
|t:|1760745150
|move|p1a: I Sweep Teams|Energy Ball|p2a: Heatran
|-resisted|p2a: Heatran
|-damage|p2a: Heatran|36/100
|move|p2a: Heatran|Earth Power|p1a: I Sweep Teams
|-supereffective|p1a: I Sweep Teams
|-end|p1a: I Sweep Teams|Substitute
|
|-heal|p2a: Heatran|42/100|[from] item: Leftovers
|upkeep
|turn|23
|-message|Luzzio forfeited.
|
|win|Loyd09
|raw|Luzzio's rating: 1430 &rarr; <strong>1412</strong><br />(-18 for losing)
|raw|Loyd09's rating: 1465 &rarr; <strong>1483</strong><br />(+18 for winning)
|l|☆Luzzio
|player|p1|
