|j|☆amomg us
|j|☆Hi I Am Red Dead 2
|t:|1760760783
|gametype|singles
|player|p1|amomg us|pokekid|1395
|player|p2|Hi I Am Red Dead 2|red|1403
|gen|9
|tier|[Gen 9] OU
|rated|
|rule|HP Percentage Mod: HP is shown in percentages
|rule|Endless Battle Clause: Forcing endless battles is banned
|rule|Species Clause: Limit one of each Pokémon
|rule|OHKO Clause: OHKO moves are banned
|rule|Evasion Items Clause: Evasion items are banned
|rule|Evasion Moves Clause: Evasion moves are banned
|rule|Evasion Abilities Clause: Evasion abilities are banned
|rule|Sleep Moves Clause: Sleep-inducing moves are banned
|clearpoke
|poke|p1|Darkrai|
|poke|p1|Rillaboom, M|
|poke|p1|Hawlucha, M|
|poke|p1|Dragapult, M|
|poke|p1|Kingambit, M|
|poke|p1|Enamorus, F|
|poke|p2|Garchomp, M|
|poke|p2|Zamazenta-*|
|poke|p2|Gholdengo|
|poke|p2|Weezing-Galar, F|
|poke|p2|Slowking-Galar, M|
|poke|p2|Greninja-*, M|
|teampreview
|inactive|Battle timer is ON: inactive players will automatically lose when time's up. (requested by amomg us)
|
|t:|1760760793
|teamsize|p1|6
|teamsize|p2|6
|start
|switch|p1a: Enamorus|Enamorus, F|100/100
|switch|p2a: Slowking|Slowking-Galar, M|100/100
|turn|1
|
|t:|1760760802
|move|p1a: Enamorus|Earth Power|p2a: Slowking
|-supereffective|p2a: Slowking
|-damage|p2a: Slowking|61/100
|move|p2a: Slowking|Thunder Wave|p1a: Enamorus|[miss]
|-miss|p2a: Slowking|p1a: Enamorus
|
|upkeep
|turn|2
|
|t:|1760760811
|switch|p1a: Rillaboom|Rillaboom, M|100/100
|-fieldstart|move: Grassy Terrain|[from] ability: Grassy Surge|[of] p1a: Rillaboom
|-prepare|p2a: Slowking|Chilly Reception|[premajor]
|move|p2a: Slowking|Chilly Reception|p2a: Slowking
|-weather|Snowscape
|
|t:|1760760823
|switch|p2a: Weezing|Weezing-Galar, F|100/100|[from] Chilly Reception
|
|-weather|Snowscape|[upkeep]
|upkeep
|turn|3
|
|t:|1760760836
|move|p1a: Rillaboom|U-turn|p2a: Weezing
|-resisted|p2a: Weezing
|-damage|p2a: Weezing|97/100
|
|t:|1760760845
|switch|p1a: Kingambit|Kingambit, M|100/100|[from] U-turn
|move|p2a: Weezing|Will-O-Wisp|p1a: Kingambit
|-status|p1a: Kingambit|brn
|
|-weather|Snowscape|[upkeep]
|-damage|p1a: Kingambit|94/100 brn|[from] brn
|upkeep
|turn|4
|
|t:|1760760858
|switch|p2a: Garchomp|Garchomp, M|100/100
|move|p1a: Kingambit|Swords Dance|p1a: Kingambit
|-boost|p1a: Kingambit|atk|2
|
|-weather|Snowscape|[upkeep]
|-heal|p1a: Kingambit|100/100 brn|[from] Grassy Terrain
|-damage|p1a: Kingambit|94/100 brn|[from] brn
|upkeep
|turn|5
|
|t:|1760760870
|-terastallize|p2a: Garchomp|Fire
|move|p2a: Garchomp|Swords Dance|p2a: Garchomp
|-boost|p2a: Garchomp|atk|2
|move|p1a: Kingambit|Kowtow Cleave|p2a: Garchomp
|-damage|p2a: Garchomp|54/100
|-damage|p1a: Kingambit|82/100 brn|[from] ability: Rough Skin|[of] p2a: Garchomp
|
|-weather|Snowscape|[upkeep]
|-heal|p2a: Garchomp|60/100|[from] Grassy Terrain
|-heal|p1a: Kingambit|88/100 brn|[from] Grassy Terrain
|-heal|p1a: Kingambit|94/100 brn|[from] item: Leftovers
|-damage|p1a: Kingambit|88/100 brn|[from] brn
|upkeep
|turn|6
|
|t:|1760760885
|move|p2a: Garchomp|Fire Fang|p1a: Kingambit
|-supereffective|p1a: Kingambit
|-damage|p1a: Kingambit|0 fnt
|faint|p1a: Kingambit
|-end|p1a: Kingambit|fallenundefined|[silent]
|
|-weather|none
|-heal|p2a: Garchomp|67/100|[from] Grassy Terrain
|-fieldend|move: Grassy Terrain
|upkeep
|
|t:|1760760897
|switch|p1a: Rillaboom|Rillaboom, M|100/100
|-fieldstart|move: Grassy Terrain|[from] ability: Grassy Surge|[of] p1a: Rillaboom
|turn|7
|
|t:|1760760910
|move|p1a: Rillaboom|Grassy Glide|p2a: Garchomp
|-resisted|p2a: Garchomp
|-crit|p2a: Garchomp
|-damage|p2a: Garchomp|34/100
|-damage|p1a: Rillaboom|88/100|[from] ability: Rough Skin|[of] p2a: Garchomp
|move|p2a: Garchomp|Scale Shot|p1a: Rillaboom
|-damage|p1a: Rillaboom|64/100
|-damage|p1a: Rillaboom|39/100
|-damage|p1a: Rillaboom|15/100
|-damage|p1a: Rillaboom|0 fnt
|faint|p1a: Rillaboom
|-hitcount|p1: Rillaboom|4
|-unboost|p2a: Garchomp|def|1
|-boost|p2a: Garchomp|spe|1
|
|-heal|p2a: Garchomp|40/100|[from] Grassy Terrain
|upkeep
|inactive|amomg us has 120 seconds left.
|
|t:|1760760933
|switch|p1a: Hawlucha|Hawlucha, M|100/100
|-enditem|p1a: Hawlucha|Grassy Seed
|-boost|p1a: Hawlucha|def|1|[from] item: Grassy Seed
|turn|8
|inactive|amomg us has 120 seconds left.
|
|t:|1760760946
|move|p1a: Hawlucha|Acrobatics|p2a: Garchomp
|-crit|p2a: Garchomp
|-damage|p2a: Garchomp|0 fnt
|-damage|p1a: Hawlucha|88/100|[from] ability: Rough Skin|[of] p2a: Garchomp
|faint|p2a: Garchomp
|
|upkeep
|
|t:|1760760953
|switch|p2a: Weezing|Weezing-Galar, F|97/100
|turn|9
|
|t:|1760760957
|move|p1a: Hawlucha|Substitute|p1a: Hawlucha
|-start|p1a: Hawlucha|Substitute
|-damage|p1a: Hawlucha|63/100
|move|p2a: Weezing|Will-O-Wisp||[still]
|-fail|p2a: Weezing
|
|upkeep
|turn|10
|
|t:|1760760963
|move|p1a: Hawlucha|Swords Dance|p1a: Hawlucha
|-boost|p1a: Hawlucha|atk|2
|move|p2a: Weezing|Strange Steam|p1a: Hawlucha
|-supereffective|p1a: Hawlucha
|-end|p1a: Hawlucha|Substitute
|
|upkeep
|turn|11
|
|t:|1760760977
|switch|p1a: Enamorus|Enamorus, F|100/100
|move|p2a: Weezing|Strange Steam|p1a: Enamorus
|-damage|p1a: Enamorus|59/100
|
|-fieldend|move: Grassy Terrain
|upkeep
|turn|12
|
|t:|1760760997
|switch|p2a: Slowking|Slowking-Galar, M|94/100
|move|p1a: Enamorus|Mystical Fire|p2a: Slowking
|-damage|p2a: Slowking|76/100
|-unboost|p2a: Slowking|spa|1
|
|upkeep
|turn|13
|
|t:|1760761010
|switch|p1a: Dragapult|Dragapult, M|100/100
|-prepare|p2a: Slowking|Chilly Reception|[premajor]
|move|p2a: Slowking|Chilly Reception|p2a: Slowking
|-weather|Snowscape
|
|t:|1760761024
|switch|p2a: Greninja|Greninja, M|100/100|[from] Chilly Reception
|
|-weather|Snowscape|[upkeep]
|upkeep
|turn|14
|inactive|amomg us has 120 seconds left.
|
|t:|1760761058
|move|p1a: Dragapult|Draco Meteor|p2a: Greninja
|-enditem|p2a: Greninja|Focus Sash
|-damage|p2a: Greninja|1/100
|-unboost|p1a: Dragapult|spa|2
|-damage|p1a: Dragapult|91/100|[from] item: Life Orb
|move|p2a: Greninja|Toxic Spikes|p1a: Dragapult
|-start|p2a: Greninja|typechange|Poison|[from] ability: Protean
|-sidestart|p1: amomg us|move: Toxic Spikes
|
|-weather|Snowscape|[upkeep]
|upkeep
|turn|15
|
|t:|1760761071
|move|p1a: Dragapult|Dragon Darts|p2a: Greninja
|-damage|p2a: Greninja|0 fnt
|faint|p2a: Greninja
|-damage|p1a: Dragapult|81/100|[from] item: Life Orb
|
|-weather|Snowscape|[upkeep]
|upkeep
|
|t:|1760761079
|switch|p2a: Gholdengo|Gholdengo|100/100
|turn|16
|
|t:|1760761098
|switch|p1a: Enamorus|Enamorus, F|59/100
|move|p2a: Gholdengo|Shadow Ball|p1a: Enamorus
|-damage|p1a: Enamorus|0 fnt
|faint|p1a: Enamorus
|
|-weather|Snowscape|[upkeep]
|upkeep
|
|t:|1760761104
|switch|p1a: Darkrai|Darkrai|100/100
|-status|p1a: Darkrai|psn
|turn|17
|
|t:|1760761111
|switch|p2a: Weezing|Weezing-Galar, F|97/100
|-terastallize|p1a: Darkrai|Poison
|move|p1a: Darkrai|Nasty Plot|p1a: Darkrai
|-boost|p1a: Darkrai|spa|2
|
|-weather|none
|-damage|p1a: Darkrai|88/100 psn|[from] psn
|upkeep
|turn|18
|
|t:|1760761123
|move|p1a: Darkrai|Sludge Bomb|p2a: Weezing
|-damage|p2a: Weezing|0 fnt
|faint|p2a: Weezing
|
|-damage|p1a: Darkrai|76/100 psn|[from] psn
|upkeep
|
|t:|1760761133
|switch|p2a: Zamazenta|Zamazenta|100/100
|-ability|p2a: Zamazenta|Dauntless Shield|boost
|-boost|p2a: Zamazenta|def|1
|turn|19
|
|t:|1760761142
|move|p2a: Zamazenta|Heavy Slam|p1a: Darkrai
|-damage|p1a: Darkrai|33/100 psn
|move|p1a: Darkrai|Sludge Bomb|p2a: Zamazenta
|-damage|p2a: Zamazenta|16/100
|
|-damage|p1a: Darkrai|21/100 psn|[from] psn
|upkeep
|turn|20
|
|t:|1760761153
|switch|p1a: Hawlucha|Hawlucha, M|63/100
|move|p2a: Zamazenta|Heavy Slam|p1a: Hawlucha
|-damage|p1a: Hawlucha|5/100
|
|upkeep
|turn|21
|
|t:|1760761160
|move|p2a: Zamazenta|Heavy Slam|p1a: Hawlucha
|-damage|p1a: Hawlucha|0 fnt
|faint|p1a: Hawlucha
|
|upkeep
|
|t:|1760761162
|switch|p1a: Dragapult|Dragapult, M|81/100
|-status|p1a: Dragapult|psn
|turn|22
|
|t:|1760761170
|move|p1a: Dragapult|Dragon Darts|p2a: Zamazenta
|-damage|p2a: Zamazenta|0 fnt
|faint|p2a: Zamazenta
|-damage|p1a: Dragapult|71/100 psn|[from] item: Life Orb
|
|-damage|p1a: Dragapult|59/100 psn|[from] psn
|upkeep
|
|t:|1760761180
|switch|p2a: Slowking|Slowking-Galar, M|100/100
|turn|23
|
|t:|1760761189
|move|p1a: Dragapult|Will-O-Wisp|p2a: Slowking
|-status|p2a: Slowking|brn
|-prepare|p2a: Slowking|Chilly Reception|[premajor]
|move|p2a: Slowking|Chilly Reception|p2a: Slowking
|-weather|Snowscape
|
|t:|1760761195
|switch|p2a: Gholdengo|Gholdengo|100/100|[from] Chilly Reception
|
|-weather|Snowscape|[upkeep]
|-damage|p1a: Dragapult|47/100 psn|[from] psn
|upkeep
|turn|24
|
|t:|1760761208
|move|p2a: Gholdengo|Shadow Ball|p1a: Dragapult
|-supereffective|p1a: Dragapult
|-damage|p1a: Dragapult|0 fnt
|faint|p1a: Dragapult
|
|-weather|Snowscape|[upkeep]
|upkeep
|
|t:|1760761210
|switch|p1a: Darkrai|Darkrai, tera:Poison|21/100 psn
|-sideend|p1: amomg us|move: Toxic Spikes|[of] p1a: Darkrai
|turn|25
|
|t:|1760761217
|move|p2a: Gholdengo|Shadow Ball|p1a: Darkrai
|-crit|p1a: Darkrai
|-damage|p1a: Darkrai|0 fnt
|faint|p1a: Darkrai
|
|win|Hi I Am Red Dead 2
|raw|amomg us's rating: 1417 &rarr; <strong>1396</strong><br />(-21 for losing)
|raw|Hi I Am Red Dead 2's rating: 1403 &rarr; <strong>1424</strong><br />(+21 for winning)
|l|☆amomg us
|player|p1|
|l|☆Hi I Am Red Dead 2
|player|p2|
