|j|☆YJIOG
|j|☆quantumblaster
|t:|1760728397
|gametype|singles
|player|p1|YJIOG|scientist-gen4dp|1390
|player|p2|quantumblaster|hilbert-wonderlauncher|1375
|gen|9
|tier|[Gen 9] OU
|rated|
|rule|HP Percentage Mod: HP is shown in percentages
|rule|Endless Battle Clause: Forcing endless battles is banned
|rule|Species Clause: Limit one of each Pokémon
|rule|OHKO Clause: OHKO moves are banned
|rule|Evasion Items Clause: Evasion items are banned
|rule|Evasion Moves Clause: Evasion moves are banned
|rule|Evasion Abilities Clause: Evasion abilities are banned
|rule|Sleep Moves Clause: Sleep-inducing moves are banned
|clearpoke
|poke|p1|Electivire, F|
|poke|p1|Alomomola, F|
|poke|p1|Dragapult, M|
|poke|p1|Hydrapple, M|
|poke|p1|Great Tusk|
|poke|p1|Goodra-Hisui, M|
|poke|p2|Torkoal, M|
|poke|p2|Walking Wake|
|poke|p2|Great Tusk|
|poke|p2|Heatran, F|
|poke|p2|Venusaur, F|
|poke|p2|Lokix, M|
|teampreview
|inactive|Battle timer is ON: inactive players will automatically lose when time's up. (requested by YJIOG)
|
|t:|1760728423
|teamsize|p1|6
|teamsize|p2|6
|start
|switch|p1a: Dragapult|Dragapult, M|100/100
|switch|p2a: Walking Wake|Walking Wake|100/100
|turn|1
|
|t:|1760728429
|-end|p2a: Walking Wake|Protosynthesis|[silent]
|switch|p2a: Heatran|Heatran, F|100/100
|move|p1a: Dragapult|U-turn|p2a: Heatran
|-resisted|p2a: Heatran
|-damage|p2a: Heatran|97/100
|
|t:|1760728436
|switch|p1a: Electivire|Electivire, F|100/100|[from] U-turn
|
|-heal|p2a: Heatran|100/100|[from] item: Leftovers
|upkeep
|turn|2
|
|t:|1760728445
|move|p1a: Electivire|Low Kick|p2a: Heatran
|-supereffective|p2a: Heatran
|-damage|p2a: Heatran|16/100
|-damage|p1a: Electivire|91/100|[from] item: Life Orb
|move|p2a: Heatran|Will-O-Wisp|p1a: Electivire
|-status|p1a: Electivire|brn
|
|-heal|p2a: Heatran|22/100|[from] item: Leftovers
|-damage|p1a: Electivire|84/100 brn|[from] brn
|upkeep
|turn|3
|
|t:|1760728457
|switch|p2a: Torkoal|Torkoal, M|100/100
|-weather|SunnyDay|[from] ability: Drought|[of] p2a: Torkoal
|move|p1a: Electivire|Earthquake|p2a: Torkoal
|-supereffective|p2a: Torkoal
|-damage|p2a: Torkoal|71/100
|-damage|p1a: Electivire|74/100 brn|[from] item: Life Orb
|
|-weather|SunnyDay|[upkeep]
|-damage|p1a: Electivire|68/100 brn|[from] brn
|upkeep
|turn|4
|
|t:|1760728468
|move|p1a: Electivire|Thunderbolt|p2a: Torkoal
|-damage|p2a: Torkoal|26/100
|-damage|p1a: Electivire|58/100 brn|[from] item: Life Orb
|move|p2a: Torkoal|Stealth Rock|p1a: Electivire
|-sidestart|p1: YJIOG|move: Stealth Rock
|
|-weather|SunnyDay|[upkeep]
|-damage|p1a: Electivire|52/100 brn|[from] brn
|upkeep
|turn|5
|
|t:|1760728481
|switch|p1a: Great Tusk|Great Tusk|100/100
|-activate|p1a: Great Tusk|ability: Protosynthesis
|-start|p1a: Great Tusk|protosynthesisatk
|switch|p2a: Venusaur|Venusaur, F|100/100
|
|-weather|SunnyDay|[upkeep]
|upkeep
|turn|6
|
|t:|1760728492
|-end|p1a: Great Tusk|Protosynthesis|[silent]
|switch|p1a: Goodra|Goodra-Hisui, M|100/100
|-damage|p1a: Goodra|94/100|[from] Stealth Rock
|move|p2a: Venusaur|Giga Drain|p1a: Goodra
|-resisted|p1a: Goodra
|-damage|p1a: Goodra|90/100
|-damage|p2a: Venusaur|91/100|[from] item: Life Orb
|
|-weather|SunnyDay|[upkeep]
|upkeep
|turn|7
|
|t:|1760728502
|move|p2a: Venusaur|Growth|p2a: Venusaur
|-boost|p2a: Venusaur|atk|2
|-boost|p2a: Venusaur|spa|2
|move|p1a: Goodra|Draco Meteor|p2a: Venusaur
|-damage|p2a: Venusaur|35/100
|-unboost|p1a: Goodra|spa|2
|
|-weather|SunnyDay|[upkeep]
|upkeep
|turn|8
|
|t:|1760728528
|move|p2a: Venusaur|Giga Drain|p1a: Goodra
|-resisted|p1a: Goodra
|-damage|p1a: Goodra|82/100
|-heal|p2a: Venusaur|40/100|[from] drain|[of] p1a: Goodra
|-damage|p2a: Venusaur|30/100|[from] item: Life Orb
|move|p1a: Goodra|Earthquake|p2a: Venusaur
|-damage|p2a: Venusaur|0 fnt
|faint|p2a: Venusaur
|
|-weather|SunnyDay|[upkeep]
|upkeep
|
|t:|1760728537
|switch|p2a: Walking Wake|Walking Wake|100/100
|-activate|p2a: Walking Wake|ability: Protosynthesis
|-start|p2a: Walking Wake|protosynthesisspe
|turn|9
|
|t:|1760728549
|move|p2a: Walking Wake|Flip Turn|p1a: Goodra
|-resisted|p1a: Goodra
|-damage|p1a: Goodra|79/100
|
|t:|1760728552
|-end|p2a: Walking Wake|Protosynthesis|[silent]
|switch|p2a: Great Tusk|Great Tusk|100/100|[from] Flip Turn
|-activate|p2a: Great Tusk|ability: Protosynthesis
|-start|p2a: Great Tusk|protosynthesisspe
|move|p1a: Goodra|Draco Meteor|p2a: Great Tusk
|-damage|p2a: Great Tusk|71/100
|-unboost|p1a: Goodra|spa|2
|
|-weather|SunnyDay|[upkeep]
|-heal|p2a: Great Tusk|77/100|[from] item: Leftovers
|upkeep
|turn|10
|
|t:|1760728567
|switch|p1a: Hydrapple|Hydrapple, M|100/100
|move|p2a: Great Tusk|Bulk Up|p2a: Great Tusk
|-boost|p2a: Great Tusk|atk|1
|-boost|p2a: Great Tusk|def|1
|
|-weather|none
|-end|p2a: Great Tusk|Protosynthesis
|-heal|p2a: Great Tusk|83/100|[from] item: Leftovers
|upkeep
|turn|11
|
|t:|1760728576
|move|p2a: Great Tusk|Ice Spinner|p1a: Hydrapple
|-supereffective|p1a: Hydrapple
|-damage|p1a: Hydrapple|17/100
|move|p1a: Hydrapple|Giga Drain|p2a: Great Tusk
|-supereffective|p2a: Great Tusk
|-damage|p2a: Great Tusk|7/100
|-heal|p1a: Hydrapple|57/100|[from] drain|[of] p2a: Great Tusk
|
|-heal|p2a: Great Tusk|13/100|[from] item: Leftovers
|upkeep
|turn|12
|
|t:|1760728586
|switch|p1a: Alomomola|Alomomola, F|100/100
|move|p2a: Great Tusk|Ice Spinner|p1a: Alomomola
|-resisted|p1a: Alomomola
|-damage|p1a: Alomomola|92/100
|
|-heal|p2a: Great Tusk|20/100|[from] item: Leftovers
|upkeep
|turn|13
|
|t:|1760728598
|-end|p2a: Great Tusk|Protosynthesis|[silent]
|switch|p2a: Torkoal|Torkoal, M|26/100
|-weather|SunnyDay|[from] ability: Drought|[of] p2a: Torkoal
|move|p1a: Alomomola|Scald|p2a: Torkoal
|-supereffective|p2a: Torkoal
|-damage|p2a: Torkoal|15/100
|
|-weather|SunnyDay|[upkeep]
|upkeep
|turn|14
|
|t:|1760728609
|switch|p2a: Lokix|Lokix, M|100/100
|move|p1a: Alomomola|Flip Turn|p2a: Lokix
|-damage|p2a: Lokix|88/100
|
|t:|1760728616
|switch|p1a: Electivire|Electivire, F|52/100 brn|[from] Flip Turn
|-damage|p1a: Electivire|40/100 brn|[from] Stealth Rock
|
|-weather|SunnyDay|[upkeep]
|-damage|p1a: Electivire|33/100 brn|[from] brn
|upkeep
|turn|15
|
|t:|1760728628
|move|p1a: Electivire|Thunderbolt|p2a: Lokix
|-damage|p2a: Lokix|0 fnt
|faint|p2a: Lokix
|-damage|p1a: Electivire|24/100 brn|[from] item: Life Orb
|
|-weather|SunnyDay|[upkeep]
|-damage|p1a: Electivire|17/100 brn|[from] brn
|upkeep
|
|t:|1760728645
|switch|p2a: Great Tusk|Great Tusk|20/100
|-activate|p2a: Great Tusk|ability: Protosynthesis
|-start|p2a: Great Tusk|protosynthesisspe
|turn|16
|
|t:|1760728657
|move|p2a: Great Tusk|Headlong Rush|p1a: Electivire
|-supereffective|p1a: Electivire
|-damage|p1a: Electivire|0 fnt
|-unboost|p2a: Great Tusk|def|1
|-unboost|p2a: Great Tusk|spd|1
|faint|p1a: Electivire
|
|-weather|SunnyDay|[upkeep]
|-heal|p2a: Great Tusk|26/100|[from] item: Leftovers
|upkeep
|
|t:|1760728667
|switch|p1a: Alomomola|Alomomola, F|100/100
|turn|17
|
|t:|1760728676
|-end|p2a: Great Tusk|Protosynthesis|[silent]
|switch|p2a: Walking Wake|Walking Wake|100/100
|-activate|p2a: Walking Wake|ability: Protosynthesis
|-start|p2a: Walking Wake|protosynthesisspe
|move|p1a: Alomomola|Scald|p2a: Walking Wake
|-resisted|p2a: Walking Wake
|-damage|p2a: Walking Wake|99/100
|
|-weather|SunnyDay|[upkeep]
|upkeep
|turn|18
|
|t:|1760728689
|switch|p1a: Goodra|Goodra-Hisui, M|79/100
|-damage|p1a: Goodra|72/100|[from] Stealth Rock
|move|p2a: Walking Wake|Draco Meteor|p1a: Goodra
|-damage|p1a: Goodra|34/100
|-unboost|p2a: Walking Wake|spa|2
|
|-weather|SunnyDay|[upkeep]
|upkeep
|turn|19
|
|t:|1760728702
|-end|p2a: Walking Wake|Protosynthesis|[silent]
|switch|p2a: Heatran|Heatran, F|22/100
|switch|p1a: Alomomola|Alomomola, F|100/100
|
|-weather|SunnyDay|[upkeep]
|-heal|p2a: Heatran|28/100|[from] item: Leftovers
|upkeep
|turn|20
|
|t:|1760728710
|move|p2a: Heatran|Will-O-Wisp|p1a: Alomomola
|-status|p1a: Alomomola|brn
|move|p1a: Alomomola|Wish|p1a: Alomomola
|
|-weather|none
|-heal|p2a: Heatran|34/100|[from] item: Leftovers
|-damage|p1a: Alomomola|94/100 brn|[from] brn
|upkeep
|turn|21
|
|t:|1760728720
|switch|p2a: Torkoal|Torkoal, M|15/100
|-weather|SunnyDay|[from] ability: Drought|[of] p2a: Torkoal
|move|p1a: Alomomola|Flip Turn|p2a: Torkoal
|-supereffective|p2a: Torkoal
|-damage|p2a: Torkoal|10/100
|
|t:|1760728728
|switch|p1a: Great Tusk|Great Tusk|100/100|[from] Flip Turn
|-activate|p1a: Great Tusk|ability: Protosynthesis
|-start|p1a: Great Tusk|protosynthesisatk
|
|-weather|SunnyDay|[upkeep]
|upkeep
|turn|22
|
|t:|1760728740
|move|p1a: Great Tusk|Stealth Rock|p2a: Torkoal
|-sidestart|p2: quantumblaster|move: Stealth Rock
|move|p2a: Torkoal|Will-O-Wisp|p1a: Great Tusk
|-status|p1a: Great Tusk|brn
|
|-weather|SunnyDay|[upkeep]
|-damage|p1a: Great Tusk|94/100 brn|[from] brn
|upkeep
|turn|23
|
|t:|1760728749
|move|p1a: Great Tusk|Rapid Spin|p2a: Torkoal
|-damage|p2a: Torkoal|2/100
|-boost|p1a: Great Tusk|spe|1
|-sideend|p1: YJIOG|Stealth Rock|[from] move: Rapid Spin|[of] p1a: Great Tusk
|move|p2a: Torkoal|Rapid Spin|p1a: Great Tusk
|-damage|p1a: Great Tusk|87/100 brn
|-boost|p2a: Torkoal|spe|1
|-sideend|p2: quantumblaster|Stealth Rock|[from] move: Rapid Spin|[of] p2a: Torkoal
|
|-weather|SunnyDay|[upkeep]
|-damage|p1a: Great Tusk|81/100 brn|[from] brn
|upkeep
|turn|24
|
|t:|1760728762
|switch|p2a: Walking Wake|Walking Wake|99/100
|-activate|p2a: Walking Wake|ability: Protosynthesis
|-start|p2a: Walking Wake|protosynthesisspe
|move|p1a: Great Tusk|Stealth Rock|p2a: Walking Wake
|-sidestart|p2: quantumblaster|move: Stealth Rock
|
|-weather|SunnyDay|[upkeep]
|-damage|p1a: Great Tusk|75/100 brn|[from] brn
|upkeep
|turn|25
|
|t:|1760728776
|move|p2a: Walking Wake|Draco Meteor|p1a: Great Tusk
|-damage|p1a: Great Tusk|0 fnt
|-unboost|p2a: Walking Wake|spa|2
|faint|p1a: Great Tusk
|-end|p1a: Great Tusk|Protosynthesis|[silent]
|
|-weather|SunnyDay|[upkeep]
|upkeep
|
|t:|1760728783
|switch|p1a: Alomomola|Alomomola, F|100/100 brn
|turn|26
|-message|quantumblaster forfeited.
|
|win|YJIOG
|raw|YJIOG's rating: 1390 &rarr; <strong>1409</strong><br />(+19 for winning)
|raw|quantumblaster's rating: 1375 &rarr; <strong>1356</strong><br />(-19 for losing)
|l|☆quantumblaster
|player|p2|
