|j|☆Euzebio98
|j|☆NIKINDIABURST
|t:|1760723971
|gametype|singles
|player|p1|Euzebio98|1|1511
|player|p2|NIKINDIABURST|teamrocket|1437
|gen|9
|tier|[Gen 9] OU
|rated|
|rule|HP Percentage Mod: HP is shown in percentages
|rule|Endless Battle Clause: Forcing endless battles is banned
|rule|Species Clause: Limit one of each Pokémon
|rule|OHKO Clause: OHKO moves are banned
|rule|Evasion Items Clause: Evasion items are banned
|rule|Evasion Moves Clause: Evasion moves are banned
|rule|Evasion Abilities Clause: Evasion abilities are banned
|rule|Sleep Moves Clause: Sleep-inducing moves are banned
|clearpoke
|poke|p1|Basculegion-F, F|
|poke|p1|Pelipper, F|
|poke|p1|Barraskewda, M|
|poke|p1|Iron Crown|
|poke|p1|Great Tusk|
|poke|p1|Moltres|
|poke|p2|Kingambit, M|
|poke|p2|Ursaluna, M|
|poke|p2|Walking Wake|
|poke|p2|Rillaboom, M|
|poke|p2|Iron Moth|
|poke|p2|Thundurus-Therian, M|
|teampreview
|inactive|Battle timer is ON: inactive players will automatically lose when time's up. (requested by NIKINDIABURST)
|
|t:|1760723980
|teamsize|p1|6
|teamsize|p2|6
|start
|switch|p1a: MkLeo|Moltres|100/100
|switch|p2a: Thundurus|Thundurus-Therian, M|100/100
|turn|1
|
|t:|1760723985
|move|p2a: Thundurus|Discharge|p1a: MkLeo
|-supereffective|p1a: MkLeo
|-damage|p1a: MkLeo|0 fnt
|faint|p1a: MkLeo
|
|upkeep
|
|t:|1760723988
|switch|p1a: Del Toro|Great Tusk|100/100
|-enditem|p1a: Del Toro|Booster Energy
|-activate|p1a: Del Toro|ability: Protosynthesis|[fromitem]
|-start|p1a: Del Toro|protosynthesisatk
|turn|2
|
|t:|1760723994
|switch|p2a: Walking Wake|Walking Wake|100/100
|move|p1a: Del Toro|Stealth Rock|p2a: Walking Wake
|-sidestart|p2: NIKINDIABURST|move: Stealth Rock
|
|upkeep
|turn|3
|
|t:|1760724001
|move|p2a: Walking Wake|Scald|p1a: Del Toro
|-supereffective|p1a: Del Toro
|-damage|p1a: Del Toro|0 fnt
|faint|p1a: Del Toro
|-end|p1a: Del Toro|Protosynthesis|[silent]
|
|upkeep
|
|t:|1760724005
|switch|p1a: Sergio Perez|Iron Crown|100/100
|turn|4
|
|t:|1760724009
|move|p1a: Sergio Perez|Future Sight|p2a: Walking Wake
|-start|p1a: Sergio Perez|move: Future Sight
|move|p2a: Walking Wake|Scald|p1a: Sergio Perez
|-damage|p1a: Sergio Perez|55/100
|
|upkeep
|turn|5
|
|t:|1760724015
|move|p1a: Sergio Perez|Volt Switch|p2a: Walking Wake
|-damage|p2a: Walking Wake|71/100
|
|t:|1760724020
|-end|p1a: Sergio Perez|Quark Drive|[silent]
|switch|p1a: Basculegion|Basculegion-F, F|100/100|[from] Volt Switch
|move|p2a: Walking Wake|Scald|p1a: Basculegion
|-resisted|p1a: Basculegion
|-damage|p1a: Basculegion|60/100
|
|upkeep
|turn|6
|
|t:|1760724028
|-end|p2a: Walking Wake|Protosynthesis|[silent]
|switch|p2a: Kingambit|Kingambit, M|100/100
|-damage|p2a: Kingambit|94/100|[from] Stealth Rock
|move|p1a: Basculegion|Flip Turn|p2a: Kingambit
|-damage|p2a: Kingambit|81/100
|
|t:|1760724040
|switch|p1a: Frida Khalo|Pelipper, F|100/100|[from] Flip Turn
|-weather|RainDance|[from] ability: Drizzle|[of] p1a: Frida Khalo
|
|-weather|RainDance|[upkeep]
|-end|p2a: Kingambit|move: Future Sight
|-immune|p2a: Kingambit
|-heal|p2a: Kingambit|87/100|[from] item: Leftovers
|upkeep
|turn|7
|
|t:|1760724045
|move|p2a: Kingambit|Swords Dance|p2a: Kingambit
|-boost|p2a: Kingambit|atk|2
|move|p1a: Frida Khalo|U-turn|p2a: Kingambit
|-damage|p2a: Kingambit|80/100
|
|t:|1760724052
|switch|p1a: Speedy Gonzales|Barraskewda, M|100/100|[from] U-turn
|
|-weather|RainDance|[upkeep]
|-heal|p2a: Kingambit|86/100|[from] item: Leftovers
|upkeep
|turn|8
|
|t:|1760724064
|-terastallize|p2a: Kingambit|Fairy
|move|p1a: Speedy Gonzales|Liquidation|p2a: Kingambit
|-damage|p2a: Kingambit|10/100
|move|p2a: Kingambit|Iron Head|p1a: Speedy Gonzales
|-resisted|p1a: Speedy Gonzales
|-damage|p1a: Speedy Gonzales|4/100
|
|-weather|RainDance|[upkeep]
|-heal|p2a: Kingambit|16/100|[from] item: Leftovers
|upkeep
|turn|9
|
|t:|1760724080
|switch|p1a: Frida Khalo|Pelipper, F|100/100
|move|p2a: Kingambit|Sucker Punch||[still]
|-fail|p2a: Kingambit
|
|-weather|RainDance|[upkeep]
|-heal|p2a: Kingambit|22/100|[from] item: Leftovers
|upkeep
|turn|10
|
|t:|1760724084
|move|p2a: Kingambit|Iron Head|p1a: Frida Khalo
|-resisted|p1a: Frida Khalo
|-damage|p1a: Frida Khalo|67/100
|cant|p1a: Frida Khalo|flinch
|
|-weather|RainDance|[upkeep]
|-heal|p2a: Kingambit|28/100|[from] item: Leftovers
|upkeep
|turn|11
|
|t:|1760724088
|move|p2a: Kingambit|Sucker Punch|p1a: Frida Khalo
|-damage|p1a: Frida Khalo|4/100
|move|p1a: Frida Khalo|Hurricane|p2a: Kingambit
|-damage|p2a: Kingambit|0 fnt
|faint|p2a: Kingambit
|-end|p2a: Kingambit|fallenundefined|[silent]
|
|-weather|RainDance|[upkeep]
|upkeep
|
|t:|1760724098
|switch|p2a: Walking Wake|Walking Wake|71/100
|-damage|p2a: Walking Wake|58/100|[from] Stealth Rock
|turn|12
|
|t:|1760724116
|move|p2a: Walking Wake|Hurricane|p1a: Frida Khalo
|-damage|p1a: Frida Khalo|0 fnt
|faint|p1a: Frida Khalo
|
|-weather|RainDance|[upkeep]
|upkeep
|
|t:|1760724123
|switch|p1a: Speedy Gonzales|Barraskewda, M|4/100
|turn|13
|
|t:|1760724126
|move|p1a: Speedy Gonzales|Close Combat|p2a: Walking Wake
|-damage|p2a: Walking Wake|0 fnt
|-unboost|p1a: Speedy Gonzales|def|1
|-unboost|p1a: Speedy Gonzales|spd|1
|faint|p2a: Walking Wake
|-end|p2a: Walking Wake|Protosynthesis|[silent]
|
|-weather|none
|upkeep
|
|t:|1760724133
|switch|p2a: Rillaboom|Rillaboom, M|100/100
|-damage|p2a: Rillaboom|88/100|[from] Stealth Rock
|-fieldstart|move: Grassy Terrain|[from] ability: Grassy Surge|[of] p2a: Rillaboom
|-enditem|p2a: Rillaboom|Grassy Seed
|-boost|p2a: Rillaboom|def|1|[from] item: Grassy Seed
|turn|14
|-message|Euzebio98 forfeited.
|
|win|NIKINDIABURST
|raw|Euzebio98's rating: 1511 &rarr; <strong>1487</strong><br />(-24 for losing)
|raw|NIKINDIABURST's rating: 1437 &rarr; <strong>1461</strong><br />(+24 for winning)
|l|☆Euzebio98
|player|p1|
|l|☆NIKINDIABURST
|player|p2|
