|j|☆Big Muf
|j|☆wyyorz
|t:|1760841050
|gametype|singles
|player|p1|Big Muf|170|1221
|player|p2|wyyorz|caitlin|1241
|gen|9
|tier|[Gen 9] OU
|rated|
|rule|HP Percentage Mod: HP is shown in percentages
|rule|Endless Battle Clause: Forcing endless battles is banned
|rule|Species Clause: Limit one of each Pokémon
|rule|OHKO Clause: OHKO moves are banned
|rule|Evasion Items Clause: Evasion items are banned
|rule|Evasion Moves Clause: Evasion moves are banned
|rule|Evasion Abilities Clause: Evasion abilities are banned
|rule|Sleep Moves Clause: Sleep-inducing moves are banned
|clearpoke
|poke|p1|Iron Crown|
|poke|p1|Dragapult, F|
|poke|p1|Hydreigon, M|
|poke|p1|Corviknight, F|
|poke|p1|Landorus-Therian, M|
|poke|p1|Primarina, M|
|poke|p2|Zamazenta-*|
|poke|p2|Dragapult, F|
|poke|p2|Raging Bolt|
|poke|p2|Moltres|
|poke|p2|Iron Treads|
|poke|p2|Samurott-Hisui, F|
|teampreview
|inactive|Battle timer is ON: inactive players will automatically lose when time's up. (requested by wyyorz)
|
|t:|1760841069
|teamsize|p1|6
|teamsize|p2|6
|start
|switch|p1a: Corviknight|Corviknight, F|100/100
|switch|p2a: 24岁 喜欢发射孩子|Dragapult, F|100/100
|-ability|p1a: Corviknight|Pressure
|turn|1
|
|t:|1760841075
|move|p2a: 24岁 喜欢发射孩子|Fire Blast|p1a: Corviknight|[miss]
|-miss|p2a: 24岁 喜欢发射孩子|p1a: Corviknight
|move|p1a: Corviknight|U-turn|p2a: 24岁 喜欢发射孩子
|-resisted|p2a: 24岁 喜欢发射孩子
|-damage|p2a: 24岁 喜欢发射孩子|91/100
|
|t:|1760841086
|switch|p1a: Primarina|Primarina, M|100/100|[from] U-turn
|
|upkeep
|turn|2
|
|t:|1760841110
|switch|p2a: 踩踩背|Iron Treads|100/100
|move|p1a: Primarina|Substitute|p1a: Primarina
|-start|p1a: Primarina|Substitute
|-damage|p1a: Primarina|75/100
|
|-heal|p1a: Primarina|82/100|[from] item: Leftovers
|upkeep
|turn|3
|
|t:|1760841120
|move|p2a: 踩踩背|Stealth Rock|p1a: Primarina
|-sidestart|p1: Big Muf|move: Stealth Rock
|move|p1a: Primarina|Psychic Noise|p2a: 踩踩背
|-supereffective|p2a: 踩踩背
|-damage|p2a: 踩踩背|25/100
|-start|p2a: 踩踩背|move: Heal Block
|
|-heal|p1a: Primarina|88/100|[from] item: Leftovers
|upkeep
|turn|4
|
|t:|1760841135
|move|p2a: 踩踩背|Earthquake|p1a: Primarina
|-end|p1a: Primarina|Substitute
|move|p1a: Primarina|Psychic Noise|p2a: 踩踩背
|-supereffective|p2a: 踩踩背
|-damage|p2a: 踩踩背|0 fnt
|faint|p2a: 踩踩背
|-end|p2a: 踩踩背|Quark Drive|[silent]
|
|-heal|p1a: Primarina|94/100|[from] item: Leftovers
|upkeep
|
|t:|1760841145
|switch|p2a: 长脖奶龙|Raging Bolt|100/100
|turn|5
|
|t:|1760841156
|switch|p1a: Landorus|Landorus-Therian, M|100/100
|-damage|p1a: Landorus|88/100|[from] Stealth Rock
|-ability|p1a: Landorus|Intimidate|boost
|-unboost|p2a: 长脖奶龙|atk|1
|move|p2a: 长脖奶龙|Thunderclap||[still]
|-fail|p2a: 长脖奶龙
|
|-heal|p1a: Landorus|94/100|[from] item: Leftovers
|upkeep
|turn|6
|
|t:|1760841169
|-end|p2a: 长脖奶龙|Protosynthesis|[silent]
|switch|p2a: 热热的鸟|Moltres|100/100
|move|p1a: Landorus|Stealth Rock|p2a: 热热的鸟
|-sidestart|p2: wyyorz|move: Stealth Rock
|
|-heal|p1a: Landorus|99/100|[from] item: Leftovers
|upkeep
|turn|7
|inactive|wyyorz has 120 seconds left.
|
|t:|1760841199
|switch|p1a: Dragapult|Dragapult, F|100/100
|-damage|p1a: Dragapult|88/100|[from] Stealth Rock
|move|p2a: 热热的鸟|U-turn|p1a: Dragapult
|-resisted|p1a: Dragapult
|-damage|p1a: Dragapult|78/100
|inactive|wyyorz has 120 seconds left.
|
|t:|1760841208
|switch|p2a: 90%≠don't blunder|Samurott-Hisui, F|100/100|[from] U-turn
|-damage|p2a: 90%≠don't blunder|88/100|[from] Stealth Rock
|
|upkeep
|turn|8
|
|t:|1760841216
|move|p1a: Dragapult|Draco Meteor|p2a: 90%≠don't blunder
|-damage|p2a: 90%≠don't blunder|0 fnt
|-unboost|p1a: Dragapult|spa|2
|faint|p2a: 90%≠don't blunder
|
|upkeep
|inactive|wyyorz has 120 seconds left.
|
|t:|1760841227
|switch|p2a: 长脖奶龙|Raging Bolt|100/100
|turn|9
|
|t:|1760841232
|move|p1a: Dragapult|Draco Meteor|p2a: 长脖奶龙
|-supereffective|p2a: 长脖奶龙
|-damage|p2a: 长脖奶龙|15/100
|-unboost|p1a: Dragapult|spa|2
|move|p2a: 长脖奶龙|Draco Meteor|p1a: Dragapult
|-supereffective|p1a: Dragapult
|-damage|p1a: Dragapult|0 fnt
|-unboost|p2a: 长脖奶龙|spa|2
|faint|p1a: Dragapult
|
|upkeep
|
|t:|1760841238
|switch|p1a: Primarina|Primarina, M|94/100
|-damage|p1a: Primarina|81/100|[from] Stealth Rock
|turn|10
|
|t:|1760841248
|-end|p2a: 长脖奶龙|Protosynthesis|[silent]
|switch|p2a: 热热的鸟|Moltres|100/100
|move|p1a: Primarina|Substitute|p1a: Primarina
|-start|p1a: Primarina|Substitute
|-damage|p1a: Primarina|56/100
|
|-heal|p1a: Primarina|62/100|[from] item: Leftovers
|upkeep
|turn|11
|
|t:|1760841259
|move|p2a: 热热的鸟|Scorching Sands|p1a: Primarina
|-activate|p1a: Primarina|move: Substitute|[damage]
|move|p1a: Primarina|Psychic Noise|p2a: 热热的鸟
|-supereffective|p2a: 热热的鸟
|-crit|p2a: 热热的鸟
|-damage|p2a: 热热的鸟|0 fnt
|faint|p2a: 热热的鸟
|
|-heal|p1a: Primarina|68/100|[from] item: Leftovers
|upkeep
|
|t:|1760841269
|switch|p2a: 脑袋尖尖的|Zamazenta|100/100
|-damage|p2a: 脑袋尖尖的|94/100|[from] Stealth Rock
|-ability|p2a: 脑袋尖尖的|Dauntless Shield|boost
|-boost|p2a: 脑袋尖尖的|def|1
|turn|12
|
|t:|1760841287
|-terastallize|p2a: 脑袋尖尖的|Fire
|move|p2a: 脑袋尖尖的|Psychic Fangs|p1a: Primarina
|-end|p1a: Primarina|Substitute
|-damage|p2a: 脑袋尖尖的|85/100|[from] item: Life Orb
|move|p1a: Primarina|Draining Kiss|p2a: 脑袋尖尖的
|-resisted|p2a: 脑袋尖尖的
|-damage|p2a: 脑袋尖尖的|73/100
|-heal|p1a: Primarina|77/100|[from] drain|[of] p2a: 脑袋尖尖的
|
|-heal|p1a: Primarina|83/100|[from] item: Leftovers
|upkeep
|turn|13
|
|t:|1760841293
|move|p2a: 脑袋尖尖的|Psychic Fangs|p1a: Primarina
|-damage|p1a: Primarina|36/100
|-damage|p2a: 脑袋尖尖的|63/100|[from] item: Life Orb
|move|p1a: Primarina|Psychic Noise|p2a: 脑袋尖尖的
|-supereffective|p2a: 脑袋尖尖的
|-damage|p2a: 脑袋尖尖的|0 fnt
|faint|p2a: 脑袋尖尖的
|
|-heal|p1a: Primarina|43/100|[from] item: Leftovers
|upkeep
|
|t:|1760841297
|switch|p2a: 24岁 喜欢发射孩子|Dragapult, F|91/100
|-damage|p2a: 24岁 喜欢发射孩子|79/100|[from] Stealth Rock
|turn|14
|
|t:|1760841305
|switch|p1a: Iron Crown|Iron Crown|100/100
|-damage|p1a: Iron Crown|94/100|[from] Stealth Rock
|move|p2a: 24岁 喜欢发射孩子|U-turn|p1a: Iron Crown
|-damage|p1a: Iron Crown|77/100
|
|t:|1760841311
|switch|p2a: 长脖奶龙|Raging Bolt|15/100|[from] U-turn
|
|upkeep
|turn|15
|
|t:|1760841321
|move|p1a: Iron Crown|Future Sight|p2a: 长脖奶龙
|-start|p1a: Iron Crown|move: Future Sight
|move|p2a: 长脖奶龙|Thunderbolt|p1a: Iron Crown
|-damage|p1a: Iron Crown|44/100
|
|upkeep
|turn|16
|
|t:|1760841331
|move|p1a: Iron Crown|Tachyon Cutter|p2a: 长脖奶龙
|-resisted|p2a: 长脖奶龙
|-damage|p2a: 长脖奶龙|2/100
|-resisted|p2a: 长脖奶龙
|-crit|p2a: 长脖奶龙
|-damage|p2a: 长脖奶龙|0 fnt
|faint|p2a: 长脖奶龙
|-end|p2a: 长脖奶龙|Protosynthesis|[silent]
|-hitcount|p2: 长脖奶龙|2
|
|upkeep
|
|t:|1760841333
|switch|p2a: 24岁 喜欢发射孩子|Dragapult, F|79/100
|-damage|p2a: 24岁 喜欢发射孩子|67/100|[from] Stealth Rock
|turn|17
|
|t:|1760841339
|move|p2a: 24岁 喜欢发射孩子|Shadow Ball|p1a: Iron Crown
|-supereffective|p1a: Iron Crown
|-damage|p1a: Iron Crown|0 fnt
|faint|p1a: Iron Crown
|-end|p1a: Iron Crown|Quark Drive|[silent]
|
|-end|p2a: 24岁 喜欢发射孩子|move: Future Sight
|-crit|p2a: 24岁 喜欢发射孩子
|-damage|p2a: 24岁 喜欢发射孩子|0 fnt
|faint|p2a: 24岁 喜欢发射孩子
|
|win|Big Muf
|raw|Big Muf's rating: 1221 &rarr; <strong>1247</strong><br />(+26 for winning)
|raw|wyyorz's rating: 1241 &rarr; <strong>1215</strong><br />(-26 for losing)
|l|☆wyyorz
|player|p2|
|c|☆Big Muf|Gg
