|j|☆JihoonLee
|j|☆myworldinflames
|t:|1760730056
|gametype|singles
|player|p1|JihoonLee|red|1154
|player|p2|myworldinflames|alder|1163
|gen|9
|tier|[Gen 9] OU
|rated|
|rule|HP Percentage Mod: HP is shown in percentages
|rule|Endless Battle Clause: Forcing endless battles is banned
|rule|Species Clause: Limit one of each Pokémon
|rule|OHKO Clause: OHKO moves are banned
|rule|Evasion Items Clause: Evasion items are banned
|rule|Evasion Moves Clause: Evasion moves are banned
|rule|Evasion Abilities Clause: Evasion abilities are banned
|rule|Sleep Moves Clause: Sleep-inducing moves are banned
|clearpoke
|poke|p1|Garganacl, M|
|poke|p1|Toxapex, F|
|poke|p1|Darkrai|
|poke|p1|Meowscarada, F|
|poke|p1|Zamazenta-*|
|poke|p1|Iron Valiant|
|poke|p2|Dondozo, F|
|poke|p2|Hatterene, F|
|poke|p2|Grimmsnarl, M|
|poke|p2|Dudunsparce-*, F|
|poke|p2|Clodsire, F|
|poke|p2|Gholdengo|
|teampreview
|inactive|Battle timer is ON: inactive players will automatically lose when time's up. (requested by myworldinflames)
|inactive|JihoonLee also wants the timer to be on.
|
|t:|1760730061
|teamsize|p1|6
|teamsize|p2|6
|start
|switch|p1a: Garganacl|Garganacl, M|100/100
|switch|p2a: Grimy|Grimmsnarl, M, shiny|100/100
|turn|1
|
|t:|1760730069
|move|p2a: Grimy|Reflect|p2a: Grimy
|-sidestart|p2: myworldinflames|Reflect
|move|p1a: Garganacl|Salt Cure|p2a: Grimy
|-damage|p2a: Grimy|92/100
|-start|p2a: Grimy|Salt Cure
|
|-damage|p2a: Grimy|80/100|[from] Salt Cure
|upkeep
|turn|2
|
|t:|1760730076
|move|p2a: Grimy|Light Screen|p2a: Grimy
|-sidestart|p2: myworldinflames|move: Light Screen
|move|p1a: Garganacl|Stealth Rock|p2a: Grimy
|-sidestart|p2: myworldinflames|move: Stealth Rock
|
|-damage|p2a: Grimy|68/100|[from] Salt Cure
|upkeep
|turn|3
|
|t:|1760730090
|move|p2a: Grimy|Parting Shot|p1a: Garganacl
|-unboost|p1a: Garganacl|atk|1
|-unboost|p1a: Garganacl|spa|1
|
|t:|1760730093
|switch|p2a: You Clod|Clodsire, F, shiny|100/100|[from] Parting Shot
|-damage|p2a: You Clod|94/100|[from] Stealth Rock
|move|p1a: Garganacl|Salt Cure|p2a: You Clod
|-resisted|p2a: You Clod
|-damage|p2a: You Clod|91/100
|-start|p2a: You Clod|Salt Cure
|
|-heal|p2a: You Clod|97/100|[from] item: Black Sludge
|-damage|p2a: You Clod|85/100|[from] Salt Cure
|upkeep
|turn|4
|
|t:|1760730108
|move|p1a: Garganacl|Recover||[still]
|-fail|p1a: Garganacl|heal
|move|p2a: You Clod|Toxic|p1a: Garganacl
|-immune|p1a: Garganacl|[from] ability: Purifying Salt
|
|-heal|p2a: You Clod|91/100|[from] item: Black Sludge
|-damage|p2a: You Clod|78/100|[from] Salt Cure
|upkeep
|turn|5
|
|t:|1760730120
|switch|p1a: Toxapex|Toxapex, F|100/100
|move|p2a: You Clod|Spikes|p1a: Toxapex
|-sidestart|p1: JihoonLee|Spikes
|
|-heal|p2a: You Clod|85/100|[from] item: Black Sludge
|-damage|p2a: You Clod|72/100|[from] Salt Cure
|upkeep
|turn|6
|
|t:|1760730131
|move|p1a: Toxapex|Chilling Water|p2a: You Clod
|-supereffective|p2a: You Clod
|-damage|p2a: You Clod|67/100
|-unboost|p2a: You Clod|atk|1
|move|p2a: You Clod|Earthquake|p1a: Toxapex
|-supereffective|p1a: Toxapex
|-damage|p1a: Toxapex|70/100
|
|-heal|p1a: Toxapex|76/100|[from] item: Leftovers
|-heal|p2a: You Clod|73/100|[from] item: Black Sludge
|-damage|p2a: You Clod|60/100|[from] Salt Cure
|upkeep
|turn|7
|
|t:|1760730145
|move|p1a: Toxapex|Chilling Water|p2a: You Clod
|-supereffective|p2a: You Clod
|-damage|p2a: You Clod|55/100
|-unboost|p2a: You Clod|atk|1
|move|p2a: You Clod|Earthquake|p1a: Toxapex
|-supereffective|p1a: Toxapex
|-damage|p1a: Toxapex|53/100
|
|-heal|p1a: Toxapex|59/100|[from] item: Leftovers
|-heal|p2a: You Clod|61/100|[from] item: Black Sludge
|-damage|p2a: You Clod|49/100|[from] Salt Cure
|upkeep
|turn|8
|
|t:|1760730156
|move|p1a: Toxapex|Recover|p1a: Toxapex
|-heal|p1a: Toxapex|100/100
|move|p2a: You Clod|Spikes|p1a: Toxapex
|-sidestart|p1: JihoonLee|Spikes
|
|-heal|p2a: You Clod|55/100|[from] item: Black Sludge
|-damage|p2a: You Clod|43/100|[from] Salt Cure
|-sideend|p2: myworldinflames|Reflect
|upkeep
|turn|9
|
|t:|1760730167
|move|p1a: Toxapex|Chilling Water|p2a: You Clod
|-supereffective|p2a: You Clod
|-damage|p2a: You Clod|36/100
|-unboost|p2a: You Clod|atk|1
|move|p2a: You Clod|Spikes|p1a: Toxapex
|-sidestart|p1: JihoonLee|Spikes
|
|-heal|p2a: You Clod|43/100|[from] item: Black Sludge
|-damage|p2a: You Clod|30/100|[from] Salt Cure
|-sideend|p2: myworldinflames|move: Light Screen
|upkeep
|turn|10
|
|t:|1760730176
|switch|p1a: Meowscarada|Meowscarada, F|100/100
|move|p2a: You Clod|Recover|p2a: You Clod
|-heal|p2a: You Clod|80/100
|
|-heal|p2a: You Clod|86/100|[from] item: Black Sludge
|-damage|p2a: You Clod|74/100|[from] Salt Cure
|upkeep
|turn|11
|
|t:|1760730193
|switch|p2a: Lids|Hatterene, F, shiny|100/100
|-damage|p2a: Lids|88/100|[from] Stealth Rock
|move|p1a: Meowscarada|Triple Axel|p2a: Lids
|-start|p1a: Meowscarada|typechange|Ice|[from] ability: Protean
|-damage|p2a: Lids|77/100
|-damage|p2a: Lids|54/100
|-damage|p2a: Lids|21/100
|-hitcount|p2a: Lids|3
|
|-heal|p2a: Lids|27/100|[from] item: Leftovers
|upkeep
|turn|12
|
|t:|1760730207
|move|p1a: Meowscarada|Flower Trick|p2a: Lids
|-crit|p2a: Lids
|-damage|p2a: Lids|0 fnt
|faint|p2a: Lids
|
|upkeep
|
|t:|1760730212
|switch|p2a: Dodo|Dondozo, F, shiny|100/100
|-damage|p2a: Dodo|88/100|[from] Stealth Rock
|turn|13
|
|t:|1760730218
|-terastallize|p2a: Dodo|Grass
|move|p1a: Meowscarada|Knock Off|p2a: Dodo
|-crit|p2a: Dodo
|-damage|p2a: Dodo|68/100
|-enditem|p2a: Dodo|Leftovers|[from] move: Knock Off|[of] p1a: Meowscarada
|move|p2a: Dodo|Curse|p2a: Dodo
|-unboost|p2a: Dodo|spe|1
|-boost|p2a: Dodo|atk|1
|-boost|p2a: Dodo|def|1
|
|upkeep
|turn|14
|
|t:|1760730228
|move|p1a: Meowscarada|Triple Axel|p2a: Dodo
|-supereffective|p2a: Dodo
|-damage|p2a: Dodo|62/100
|-supereffective|p2a: Dodo
|-damage|p2a: Dodo|51/100
|-supereffective|p2a: Dodo
|-damage|p2a: Dodo|35/100
|-hitcount|p2a: Dodo|3
|move|p2a: Dodo|Curse|p2a: Dodo
|-unboost|p2a: Dodo|spe|1
|-boost|p2a: Dodo|atk|1
|-boost|p2a: Dodo|def|1
|
|upkeep
|turn|15
|
|t:|1760730239
|move|p1a: Meowscarada|Triple Axel|p2a: Dodo
|-supereffective|p2a: Dodo
|-damage|p2a: Dodo|30/100
|-supereffective|p2a: Dodo
|-damage|p2a: Dodo|22/100
|-supereffective|p2a: Dodo
|-damage|p2a: Dodo|10/100
|-hitcount|p2a: Dodo|3
|move|p2a: Dodo|Rest|p2a: Dodo
|-status|p2a: Dodo|slp|[from] move: Rest
|-heal|p2a: Dodo|100/100 slp|[silent]
|
|upkeep
|turn|16
|
|t:|1760730251
|move|p1a: Meowscarada|U-turn|p2a: Dodo
|-supereffective|p2a: Dodo
|-damage|p2a: Dodo|91/100 slp
|
|t:|1760730257
|switch|p1a: Darkrai|Darkrai|100/100|[from] U-turn
|-damage|p1a: Darkrai|76/100|[from] Spikes
|cant|p2a: Dodo|slp
|move|p2a: Dodo|Sleep Talk|p2a: Dodo
|move|p2a: Dodo|Waterfall|p1a: Darkrai|[from] move: Sleep Talk
|-damage|p1a: Darkrai|0 fnt
|faint|p1a: Darkrai
|
|upkeep
|
|t:|1760730275
|switch|p1a: Iron Valiant|Iron Valiant|100/100
|-damage|p1a: Iron Valiant|76/100|[from] Spikes
|-enditem|p1a: Iron Valiant|Booster Energy
|-activate|p1a: Iron Valiant|ability: Quark Drive|[fromitem]
|-start|p1a: Iron Valiant|quarkdrivespe
|turn|17
|
|t:|1760730290
|move|p1a: Iron Valiant|Encore||[still]
|-fail|p1a: Iron Valiant
|cant|p2a: Dodo|slp
|move|p2a: Dodo|Sleep Talk|p2a: Dodo
|move|p2a: Dodo|Rest||[from] move: Sleep Talk|[still]
|-fail|p2a: Dodo
|
|upkeep
|turn|18
|
|t:|1760730298
|move|p1a: Iron Valiant|Moonblast|p2a: Dodo
|-damage|p2a: Dodo|48/100 slp
|-curestatus|p2a: Dodo|slp|[msg]
|move|p2a: Dodo|Curse|p2a: Dodo
|-unboost|p2a: Dodo|spe|1
|-boost|p2a: Dodo|atk|1
|-boost|p2a: Dodo|def|1
|
|upkeep
|turn|19
|
|t:|1760730307
|switch|p2a: You Clod|Clodsire, F, shiny|74/100
|-damage|p2a: You Clod|68/100|[from] Stealth Rock
|move|p1a: Iron Valiant|Encore||[still]
|-fail|p1a: Iron Valiant
|
|-heal|p2a: You Clod|74/100|[from] item: Black Sludge
|upkeep
|turn|20
|
|t:|1760730323
|-end|p1a: Iron Valiant|Quark Drive|[silent]
|switch|p1a: Toxapex|Toxapex, F|100/100
|-damage|p1a: Toxapex|76/100|[from] Spikes
|move|p2a: You Clod|Toxic|p1a: Toxapex
|-immune|p1a: Toxapex
|
|-heal|p1a: Toxapex|82/100|[from] item: Leftovers
|-heal|p2a: You Clod|80/100|[from] item: Black Sludge
|upkeep
|turn|21
|
|t:|1760730338
|switch|p2a: Spooky|Gholdengo, shiny|100/100
|-damage|p2a: Spooky|94/100|[from] Stealth Rock
|move|p1a: Toxapex|Chilling Water|p2a: Spooky
|-damage|p2a: Spooky|83/100
|-unboost|p2a: Spooky|atk|1
|
|-heal|p1a: Toxapex|88/100|[from] item: Leftovers
|upkeep
|turn|22
|
|t:|1760730351
|switch|p1a: Meowscarada|Meowscarada, F|100/100
|move|p2a: Spooky|Trick|p1a: Meowscarada
|-activate|p2a: Spooky|move: Trick|[of] p1a: Meowscarada
|-item|p1a: Meowscarada|Choice Specs|[from] move: Trick
|-item|p2a: Spooky|Heavy-Duty Boots|[from] move: Trick
|
|upkeep
|turn|23
|
|t:|1760730361
|switch|p2a: Dodo|Dondozo, F, shiny, tera:Grass|48/100
|-damage|p2a: Dodo|35/100|[from] Stealth Rock
|move|p1a: Meowscarada|Knock Off|p2a: Dodo
|-start|p1a: Meowscarada|typechange|Dark|[from] ability: Protean
|-damage|p2a: Dodo|22/100
|
|upkeep
|turn|24
|
|t:|1760730371
|switch|p1a: Iron Valiant|Iron Valiant|76/100
|-damage|p1a: Iron Valiant|51/100|[from] Spikes
|move|p2a: Dodo|Rest|p2a: Dodo
|-status|p2a: Dodo|slp|[from] move: Rest
|-heal|p2a: Dodo|100/100 slp|[silent]
|
|upkeep
|turn|25
|
|t:|1760730380
|switch|p2a: You Clod|Clodsire, F, shiny|80/100
|-damage|p2a: You Clod|74/100|[from] Stealth Rock
|move|p1a: Iron Valiant|Moonblast|p2a: You Clod
|-resisted|p2a: You Clod
|-damage|p2a: You Clod|61/100
|
|-heal|p2a: You Clod|67/100|[from] item: Black Sludge
|upkeep
|turn|26
|-message|JihoonLee forfeited.
|
|win|myworldinflames
|raw|JihoonLee's rating: 1154 &rarr; <strong>1130</strong><br />(-24 for losing)
|raw|myworldinflames's rating: 1163 &rarr; <strong>1187</strong><br />(+24 for winning)
|l|☆JihoonLee
|player|p1|
|c|☆myworldinflames|lol
