|j|☆Potential Man
|j|☆Asilver1
|t:|1760835520
|gametype|singles
|player|p1|Potential Man|brock-gen2|1434
|player|p2|Asilver1|265|1414
|gen|9
|tier|[Gen 9] OU
|rated|
|rule|HP Percentage Mod: HP is shown in percentages
|rule|Endless Battle Clause: Forcing endless battles is banned
|rule|Species Clause: Limit one of each Pokémon
|rule|OHKO Clause: OHKO moves are banned
|rule|Evasion Items Clause: Evasion items are banned
|rule|Evasion Moves Clause: Evasion moves are banned
|rule|Evasion Abilities Clause: Evasion abilities are banned
|rule|Sleep Moves Clause: Sleep-inducing moves are banned
|clearpoke
|poke|p1|Toxtricity, M|
|poke|p1|Slowking, F|
|poke|p1|Ting-Lu|
|poke|p1|Corviknight, F|
|poke|p1|Dragapult, F|
|poke|p1|Hatterene, F|
|poke|p2|Ting-Lu|
|poke|p2|Iron Moth|
|poke|p2|Slowking-Galar, F|
|poke|p2|Drifblim, F|
|poke|p2|Meowscarada, M|
|poke|p2|Iron Treads|
|teampreview
|inactive|Battle timer is ON: inactive players will automatically lose when time's up. (requested by Potential Man)
|
|t:|1760835534
|teamsize|p1|6
|teamsize|p2|6
|start
|switch|p1a: Dragapult|Dragapult, F, shiny|100/100
|switch|p2a: Meowscarada|Meowscarada, M|100/100
|turn|1
|
|t:|1760835539
|switch|p1a: Corviknight|Corviknight, F, shiny|100/100
|-ability|p1a: Corviknight|Pressure
|move|p2a: Meowscarada|Play Rough|p1a: Corviknight
|-start|p2a: Meowscarada|typechange|Fairy|[from] ability: Protean
|-resisted|p1a: Corviknight
|-damage|p1a: Corviknight|88/100
|-damage|p2a: Meowscarada|84/100|[from] item: Rocky Helmet|[of] p1a: Corviknight
|
|upkeep
|turn|2
|
|t:|1760835562
|switch|p2a: Slowking|Slowking-Galar, F|100/100
|move|p1a: Corviknight|U-turn|p2a: Slowking
|-damage|p2a: Slowking|86/100
|
|t:|1760835571
|switch|p1a: Canada Special Ops|Ting-Lu|100/100|[from] U-turn
|-ability|p1a: Canada Special Ops|Vessel of Ruin
|
|-heal|p2a: Slowking|92/100|[from] item: Black Sludge
|upkeep
|turn|3
|
|t:|1760835578
|move|p1a: Canada Special Ops|Stealth Rock|p2a: Slowking
|-sidestart|p2: Asilver1|move: Stealth Rock
|move|p2a: Slowking|Trick|p1a: Canada Special Ops
|-activate|p2a: Slowking|move: Trick|[of] p1a: Canada Special Ops
|-item|p1a: Canada Special Ops|Black Sludge|[from] move: Trick
|-item|p2a: Slowking|Leftovers|[from] move: Trick
|
|-damage|p1a: Canada Special Ops|88/100|[from] item: Black Sludge
|-heal|p2a: Slowking|98/100|[from] item: Leftovers
|upkeep
|turn|4
|
|t:|1760835587
|switch|p1a: Bad Amp|Toxtricity, M, shiny|100/100
|move|p2a: Slowking|Sludge Bomb|p1a: Bad Amp
|-resisted|p1a: Bad Amp
|-damage|p1a: Bad Amp|75/100
|
|-heal|p2a: Slowking|100/100|[from] item: Leftovers
|upkeep
|turn|5
|
|t:|1760835596
|move|p1a: Bad Amp|Toxic Spikes|p2a: Slowking
|-sidestart|p2: Asilver1|move: Toxic Spikes
|move|p2a: Slowking|Future Sight|p1a: Bad Amp
|-start|p2a: Slowking|move: Future Sight
|
|upkeep
|turn|6
|
|t:|1760835609
|switch|p1a: Canada Special Ops|Ting-Lu|88/100
|-ability|p1a: Canada Special Ops|Vessel of Ruin
|-prepare|p2a: Slowking|Chilly Reception|[premajor]
|move|p2a: Slowking|Chilly Reception|p2a: Slowking
|-weather|Snowscape
|
|t:|1760835617
|switch|p2a: Iron Treads|Iron Treads|100/100|[from] Chilly Reception
|-damage|p2a: Iron Treads|97/100|[from] Stealth Rock
|-enditem|p2a: Iron Treads|Booster Energy
|-activate|p2a: Iron Treads|ability: Quark Drive|[fromitem]
|-start|p2a: Iron Treads|quarkdrivespe
|
|-weather|Snowscape|[upkeep]
|-damage|p1a: Canada Special Ops|76/100|[from] item: Black Sludge
|upkeep
|turn|7
|
|t:|1760835627
|move|p2a: Iron Treads|Stealth Rock|p1a: Canada Special Ops
|-sidestart|p1: Potential Man|move: Stealth Rock
|move|p1a: Canada Special Ops|Earthquake|p2a: Iron Treads
|-supereffective|p2a: Iron Treads
|-damage|p2a: Iron Treads|37/100
|
|-weather|Snowscape|[upkeep]
|-end|p1a: Canada Special Ops|move: Future Sight
|-immune|p1a: Canada Special Ops
|-damage|p1a: Canada Special Ops|63/100|[from] item: Black Sludge
|upkeep
|turn|8
|
|t:|1760835637
|-end|p2a: Iron Treads|Quark Drive|[silent]
|switch|p2a: Drifblim|Drifblim, F|100/100
|move|p1a: Canada Special Ops|Earthquake|p2a: Drifblim
|-immune|p2a: Drifblim
|
|-weather|Snowscape|[upkeep]
|-damage|p1a: Canada Special Ops|51/100|[from] item: Black Sludge
|upkeep
|turn|9
|
|t:|1760835646
|switch|p1a: Hatterene|Hatterene, F|100/100
|-damage|p1a: Hatterene|88/100|[from] Stealth Rock
|move|p2a: Drifblim|Defog|p1a: Hatterene
|move|p1a: Hatterene|Defog|p2a: Drifblim|[from] ability: Magic Bounce
|-unboost|p2a: Drifblim|evasion|1
|-sideend|p2: Asilver1|Toxic Spikes|[from] move: Defog|[of] p1a: Hatterene
|-sideend|p2: Asilver1|Stealth Rock|[from] move: Defog|[of] p1a: Hatterene
|-sideend|p1: Potential Man|Stealth Rock|[from] move: Defog|[of] p1a: Hatterene
|
|-weather|Snowscape|[upkeep]
|upkeep
|turn|10
|
|t:|1760835665
|switch|p2a: Iron Treads|Iron Treads|37/100
|move|p1a: Hatterene|Nuzzle|p2a: Iron Treads
|-immune|p2a: Iron Treads
|
|-weather|none
|upkeep
|turn|11
|
|t:|1760835679
|-end|p2a: Iron Treads|Quark Drive|[silent]
|switch|p2a: Iron Moth|Iron Moth|100/100
|move|p1a: Hatterene|Mystical Fire|p2a: Iron Moth
|-resisted|p2a: Iron Moth
|-damage|p2a: Iron Moth|87/100
|-unboost|p2a: Iron Moth|spa|1
|
|upkeep
|turn|12
|
|t:|1760835688
|move|p2a: Iron Moth|Sludge Wave|p1a: Hatterene
|-supereffective|p1a: Hatterene
|-damage|p1a: Hatterene|22/100
|move|p1a: Hatterene|Psyshock|p2a: Iron Moth
|-supereffective|p2a: Iron Moth
|-damage|p2a: Iron Moth|0 fnt
|faint|p2a: Iron Moth
|-end|p2a: Iron Moth|Quark Drive|[silent]
|
|upkeep
|inactive|Asilver1 has 120 seconds left.
|
|t:|1760835715
|switch|p2a: Meowscarada|Meowscarada, M|84/100
|turn|13
|
|t:|1760835721
|switch|p1a: Corviknight|Corviknight, F, shiny|88/100
|-ability|p1a: Corviknight|Pressure
|move|p2a: Meowscarada|Flower Trick|p1a: Corviknight
|-start|p2a: Meowscarada|typechange|Grass|[from] ability: Protean
|-resisted|p1a: Corviknight
|-crit|p1a: Corviknight
|-damage|p1a: Corviknight|81/100
|
|upkeep
|turn|14
|inactive|Asilver1 has 120 seconds left.
|
|t:|1760835748
|switch|p2a: Drifblim|Drifblim, F|100/100
|move|p1a: Corviknight|U-turn|p2a: Drifblim
|-resisted|p2a: Drifblim
|-damage|p2a: Drifblim|98/100
|
|t:|1760835752
|switch|p1a: Bad Amp|Toxtricity, M, shiny|75/100|[from] U-turn
|
|upkeep
|turn|15
|inactive|Asilver1 has 120 seconds left.
|
|t:|1760835764
|switch|p2a: Slowking|Slowking-Galar, F|100/100
|move|p1a: Bad Amp|Boomburst|p2a: Slowking
|-damage|p2a: Slowking|48/100
|
|-heal|p2a: Slowking|54/100|[from] item: Leftovers
|upkeep
|turn|16
|inactive|Asilver1 has 120 seconds left.
|
|t:|1760835777
|switch|p1a: Dragapult|Dragapult, F, shiny|100/100
|switch|p2a: Drifblim|Drifblim, F|98/100
|
|upkeep
|turn|17
|inactive|Asilver1 has 120 seconds left.
|
|t:|1760835788
|switch|p2a: Ting-Lu|Ting-Lu|100/100
|-ability|p2a: Ting-Lu|Vessel of Ruin
|move|p1a: Dragapult|Dragon Darts|p2a: Ting-Lu
|-damage|p2a: Ting-Lu|88/100
|-anim|p1a: Dragapult|Dragon Darts|p2a: Ting-Lu
|-damage|p2a: Ting-Lu|73/100
|
|-heal|p2a: Ting-Lu|80/100|[from] item: Leftovers
|upkeep
|turn|18
|inactive|Asilver1 has 120 seconds left.
|
|t:|1760835804
|move|p1a: Dragapult|U-turn|p2a: Ting-Lu
|-supereffective|p2a: Ting-Lu
|-damage|p2a: Ting-Lu|56/100
|
|t:|1760835807
|switch|p1a: Hatterene|Hatterene, F|22/100|[from] U-turn
|move|p2a: Ting-Lu|Payback|p1a: Hatterene
|-damage|p1a: Hatterene|0 fnt
|faint|p1a: Hatterene
|
|-heal|p2a: Ting-Lu|62/100|[from] item: Leftovers
|upkeep
|
|t:|1760835814
|switch|p1a: Brine O' Mine|Slowking, F, shiny|100/100
|turn|19
|
|t:|1760835820
|move|p2a: Ting-Lu|Payback|p1a: Brine O' Mine
|-supereffective|p1a: Brine O' Mine
|-damage|p1a: Brine O' Mine|58/100
|move|p1a: Brine O' Mine|Scald|p2a: Ting-Lu
|-supereffective|p2a: Ting-Lu
|-damage|p2a: Ting-Lu|40/100
|
|-heal|p2a: Ting-Lu|46/100|[from] item: Leftovers
|upkeep
|turn|20
|
|t:|1760835832
|move|p2a: Ting-Lu|Body Slam|p1a: Brine O' Mine
|-damage|p1a: Brine O' Mine|36/100
|-status|p1a: Brine O' Mine|par
|-prepare|p1a: Brine O' Mine|Chilly Reception|[premajor]
|move|p1a: Brine O' Mine|Chilly Reception|p1a: Brine O' Mine
|-weather|Snowscape
|
|t:|1760835835
|switch|p1a: Bad Amp|Toxtricity, M, shiny|75/100|[from] Chilly Reception
|
|-weather|Snowscape|[upkeep]
|-heal|p2a: Ting-Lu|52/100|[from] item: Leftovers
|upkeep
|turn|21
|
|t:|1760835844
|-terastallize|p1a: Bad Amp|Normal
|move|p1a: Bad Amp|Boomburst|p2a: Ting-Lu
|-damage|p2a: Ting-Lu|0 fnt
|faint|p2a: Ting-Lu
|
|-weather|Snowscape|[upkeep]
|upkeep
|
|t:|1760835851
|switch|p2a: Meowscarada|Meowscarada, M|84/100
|turn|22
|
|t:|1760835864
|switch|p1a: Corviknight|Corviknight, F, shiny|81/100
|-ability|p1a: Corviknight|Pressure
|move|p2a: Meowscarada|U-turn|p1a: Corviknight
|-start|p2a: Meowscarada|typechange|Bug|[from] ability: Protean
|-resisted|p1a: Corviknight
|-damage|p1a: Corviknight|76/100
|-damage|p2a: Meowscarada|68/100|[from] item: Rocky Helmet|[of] p1a: Corviknight
|
|t:|1760835879
|switch|p2a: Slowking|Slowking-Galar, F|87/100|[from] U-turn
|
|-weather|Snowscape|[upkeep]
|-heal|p2a: Slowking|93/100|[from] item: Leftovers
|upkeep
|turn|23
|
|t:|1760835885
|move|p1a: Corviknight|U-turn|p2a: Slowking
|-damage|p2a: Slowking|79/100
|
|t:|1760835890
|switch|p1a: Canada Special Ops|Ting-Lu|51/100|[from] U-turn
|-ability|p1a: Canada Special Ops|Vessel of Ruin
|move|p2a: Slowking|Future Sight|p1a: Canada Special Ops
|-start|p2a: Slowking|move: Future Sight
|
|-weather|Snowscape|[upkeep]
|-damage|p1a: Canada Special Ops|38/100|[from] item: Black Sludge
|-heal|p2a: Slowking|86/100|[from] item: Leftovers
|upkeep
|turn|24
|
|t:|1760835900
|move|p1a: Canada Special Ops|Ruination|p2a: Slowking|[miss]
|-miss|p1a: Canada Special Ops|p2a: Slowking
|move|p2a: Slowking|Sludge Bomb|p1a: Canada Special Ops
|-resisted|p1a: Canada Special Ops
|-damage|p1a: Canada Special Ops|32/100
|
|-weather|none
|-damage|p1a: Canada Special Ops|19/100|[from] item: Black Sludge
|-heal|p2a: Slowking|92/100|[from] item: Leftovers
|upkeep
|turn|25
|
|t:|1760835917
|move|p1a: Canada Special Ops|Earthquake|p2a: Slowking
|-supereffective|p2a: Slowking
|-damage|p2a: Slowking|15/100
|move|p2a: Slowking|Sludge Bomb|p1a: Canada Special Ops
|-resisted|p1a: Canada Special Ops
|-damage|p1a: Canada Special Ops|12/100
|-status|p1a: Canada Special Ops|psn
|
|-end|p1a: Canada Special Ops|move: Future Sight
|-immune|p1a: Canada Special Ops
|-damage|p1a: Canada Special Ops|0 fnt|[from] item: Black Sludge
|faint|p1a: Canada Special Ops
|-heal|p2a: Slowking|22/100|[from] item: Leftovers
|upkeep
|
|t:|1760835920
|switch|p1a: Bad Amp|Toxtricity, M, shiny, tera:Normal|75/100
|turn|26
|
|t:|1760835935
|switch|p2a: Drifblim|Drifblim, F|98/100
|move|p1a: Bad Amp|Volt Switch|p2a: Drifblim
|-supereffective|p2a: Drifblim
|-crit|p2a: Drifblim
|-damage|p2a: Drifblim|0 fnt
|faint|p2a: Drifblim
|
|t:|1760835940
|switch|p1a: Dragapult|Dragapult, F, shiny|100/100|[from] Volt Switch
|
|upkeep
|
|t:|1760835955
|switch|p2a: Meowscarada|Meowscarada, M|68/100
|turn|27
|
|t:|1760835964
|move|p2a: Meowscarada|Shadow Claw|p1a: Dragapult
|-start|p2a: Meowscarada|typechange|Ghost|[from] ability: Protean
|-supereffective|p1a: Dragapult
|-damage|p1a: Dragapult|15/100
|move|p1a: Dragapult|U-turn|p2a: Meowscarada
|-resisted|p2a: Meowscarada
|-damage|p2a: Meowscarada|49/100
|
|t:|1760835969
|switch|p1a: Bad Amp|Toxtricity, M, shiny, tera:Normal|75/100|[from] U-turn
|
|upkeep
|turn|28
|
|t:|1760835981
|switch|p2a: Iron Treads|Iron Treads|37/100
|move|p1a: Bad Amp|Boomburst|p2a: Iron Treads
|-resisted|p2a: Iron Treads
|-damage|p2a: Iron Treads|0 fnt
|faint|p2a: Iron Treads
|-end|p2a: Iron Treads|Quark Drive|[silent]
|
|upkeep
|-message|Asilver1 forfeited.
|
|win|Potential Man
|raw|Potential Man's rating: 1434 &rarr; <strong>1453</strong><br />(+19 for winning)
|raw|Asilver1's rating: 1414 &rarr; <strong>1395</strong><br />(-19 for losing)
|l|☆Asilver1
|player|p2|
|l|☆Potential Man
|player|p1|
