|j|☆blackgokuking
|j|☆chaheed
|t:|1760854424
|gametype|singles
|player|p1|blackgokuking|depotagent|1529
|player|p2|chaheed|ninjaboy|1679
|gen|9
|tier|[Gen 9] OU
|rated|
|rule|HP Percentage Mod: HP is shown in percentages
|rule|Endless Battle Clause: Forcing endless battles is banned
|rule|Species Clause: Limit one of each Pokémon
|rule|OHKO Clause: OHKO moves are banned
|rule|Evasion Items Clause: Evasion items are banned
|rule|Evasion Moves Clause: Evasion moves are banned
|rule|Evasion Abilities Clause: Evasion abilities are banned
|rule|Sleep Moves Clause: Sleep-inducing moves are banned
|clearpoke
|poke|p1|Greninja-*, M|
|poke|p1|Great Tusk|
|poke|p1|Gholdengo|
|poke|p1|Rillaboom, M|
|poke|p1|Zapdos|
|poke|p1|Kingambit, F|
|poke|p2|Dragonite, F|
|poke|p2|Dragapult, M|
|poke|p2|Iron Moth|
|poke|p2|Greninja-*, M|
|poke|p2|Serperior, M|
|poke|p2|Iron Treads|
|teampreview
|inactive|Battle timer is ON: inactive players will automatically lose when time's up. (requested by chaheed)
|
|t:|1760854443
|teamsize|p1|6
|teamsize|p2|6
|start
|switch|p1a: Zapdos|Zapdos|100/100
|switch|p2a: Dragapult|Dragapult, M|100/100
|turn|1
|j| weigh666
|
|t:|1760854447
|move|p2a: Dragapult|Will-O-Wisp|p1a: Zapdos
|-status|p1a: Zapdos|brn
|move|p1a: Zapdos|Volt Switch|p2a: Dragapult
|-resisted|p2a: Dragapult
|-damage|p2a: Dragapult|82/100
|
|t:|1760854456
|switch|p1a: Greninja|Greninja, M|100/100|[from] Volt Switch
|
|upkeep
|turn|2
|
|t:|1760854472
|move|p2a: Dragapult|Dragon Darts|p1a: Greninja
|-damage|p1a: Greninja|66/100
|-anim|p2a: Dragapult|Dragon Darts|p1a: Greninja
|-damage|p1a: Greninja|32/100
|move|p1a: Greninja|Dark Pulse|p2a: Dragapult
|-supereffective|p2a: Dragapult
|-damage|p2a: Dragapult|0 fnt
|faint|p2a: Dragapult
|-ability|p1a: Greninja|Battle Bond|boost
|-boost|p1a: Greninja|atk|1
|-boost|p1a: Greninja|spa|1
|-boost|p1a: Greninja|spe|1
|-activate|p1a: Greninja|ability: Battle Bond
|-damage|p1a: Greninja|22/100|[from] item: Life Orb
|
|upkeep
|
|t:|1760854485
|switch|p2a: Greninja|Greninja, M|100/100
|turn|3
|
|t:|1760854493
|switch|p1a: Zapdos|Zapdos|100/100 brn
|move|p2a: Greninja|Water Shuriken|p1a: Zapdos
|-damage|p1a: Zapdos|91/100 brn
|-damage|p1a: Zapdos|82/100 brn
|-damage|p1a: Zapdos|74/100 brn
|-hitcount|p1a: Zapdos|3
|-damage|p2a: Greninja|91/100|[from] item: Life Orb
|
|-damage|p1a: Zapdos|68/100 brn|[from] brn
|upkeep
|turn|4
|
|t:|1760854514
|move|p2a: Greninja|Ice Beam|p1a: Zapdos
|-supereffective|p1a: Zapdos
|-damage|p1a: Zapdos|5/100 brn
|-damage|p2a: Greninja|81/100|[from] item: Life Orb
|move|p1a: Zapdos|Volt Switch|p2a: Greninja
|-supereffective|p2a: Greninja
|-damage|p2a: Greninja|0 fnt
|faint|p2a: Greninja
|
|t:|1760854523
|switch|p1a: Greninja|Greninja, M|22/100|[from] Volt Switch
|
|upkeep
|
|t:|1760854528
|switch|p2a: Iron Moth|Iron Moth|100/100
|-enditem|p2a: Iron Moth|Booster Energy
|-activate|p2a: Iron Moth|ability: Quark Drive|[fromitem]
|-start|p2a: Iron Moth|quarkdrivespe
|turn|5
|
|t:|1760854537
|move|p1a: Greninja|Water Shuriken|p2a: Iron Moth
|-supereffective|p2a: Iron Moth
|-damage|p2a: Iron Moth|83/100
|-supereffective|p2a: Iron Moth
|-damage|p2a: Iron Moth|66/100
|-supereffective|p2a: Iron Moth
|-damage|p2a: Iron Moth|49/100
|-supereffective|p2a: Iron Moth
|-damage|p2a: Iron Moth|30/100
|-supereffective|p2a: Iron Moth
|-damage|p2a: Iron Moth|13/100
|-hitcount|p2a: Iron Moth|5
|-damage|p1a: Greninja|12/100|[from] item: Life Orb
|move|p2a: Iron Moth|Fiery Dance|p1a: Greninja
|-resisted|p1a: Greninja
|-damage|p1a: Greninja|0 fnt
|faint|p1a: Greninja
|
|upkeep
|
|t:|1760854551
|switch|p1a: Rillaboom|Rillaboom, M|100/100
|-fieldstart|move: Grassy Terrain|[from] ability: Grassy Surge|[of] p1a: Rillaboom
|turn|6
|
|t:|1760854557
|move|p1a: Rillaboom|Grassy Glide|p2a: Iron Moth
|-resisted|p2a: Iron Moth
|-damage|p2a: Iron Moth|0 fnt
|faint|p2a: Iron Moth
|-end|p2a: Iron Moth|Quark Drive|[silent]
|
|upkeep
|
|t:|1760854567
|switch|p2a: Serperior|Serperior, M|100/100
|turn|7
|l| weigh666
|
|t:|1760854579
|switch|p1a: Zapdos|Zapdos|5/100 brn
|move|p2a: Serperior|Leaf Storm|p1a: Zapdos
|-resisted|p1a: Zapdos
|-damage|p1a: Zapdos|0 fnt
|-boost|p2a: Serperior|spa|2
|faint|p1a: Zapdos
|
|upkeep
|
|t:|1760854589
|switch|p1a: Gholdengo|Gholdengo|100/100
|-item|p1a: Gholdengo|Air Balloon
|turn|8
|
|t:|1760854594
|switch|p2a: Dragonite|Dragonite, F|100/100
|move|p1a: Gholdengo|Make It Rain|p2a: Dragonite
|-damage|p2a: Dragonite|72/100
|-unboost|p1a: Gholdengo|spa|1
|
|upkeep
|turn|9
|
|t:|1760854601
|switch|p1a: Great Tusk|Great Tusk|100/100
|move|p2a: Dragonite|Scale Shot|p1a: Great Tusk|[miss]
|-miss|p2a: Dragonite|p1a: Great Tusk
|
|upkeep
|turn|10
|
|t:|1760854608
|move|p2a: Dragonite|Scale Shot|p1a: Great Tusk
|-damage|p1a: Great Tusk|94/100
|-damage|p1a: Great Tusk|86/100
|-damage|p1a: Great Tusk|79/100
|-damage|p1a: Great Tusk|72/100
|-damage|p1a: Great Tusk|64/100
|-hitcount|p1a: Great Tusk|5
|-unboost|p2a: Dragonite|def|1
|-boost|p2a: Dragonite|spe|1
|move|p1a: Great Tusk|Ice Spinner|p2a: Dragonite
|-supereffective|p2a: Dragonite
|-damage|p2a: Dragonite|0 fnt
|-fieldend|move: Grassy Terrain
|faint|p2a: Dragonite
|
|upkeep
|
|t:|1760854621
|switch|p2a: Serperior|Serperior, M|100/100
|turn|11
|
|t:|1760854625
|move|p2a: Serperior|Leaf Storm|p1a: Great Tusk
|-supereffective|p1a: Great Tusk
|-damage|p1a: Great Tusk|0 fnt
|-boost|p2a: Serperior|spa|2
|faint|p1a: Great Tusk
|-end|p1a: Great Tusk|Protosynthesis|[silent]
|
|upkeep
|
|t:|1760854628
|switch|p1a: Gholdengo|Gholdengo|100/100
|-item|p1a: Gholdengo|Air Balloon
|turn|12
|
|t:|1760854636
|switch|p2a: Iron Treads|Iron Treads|100/100
|-enditem|p2a: Iron Treads|Booster Energy
|-activate|p2a: Iron Treads|ability: Quark Drive|[fromitem]
|-start|p2a: Iron Treads|quarkdrivespe
|move|p1a: Gholdengo|Make It Rain|p2a: Iron Treads
|-resisted|p2a: Iron Treads
|-damage|p2a: Iron Treads|65/100
|-unboost|p1a: Gholdengo|spa|1
|
|upkeep
|turn|13
|
|t:|1760854645
|switch|p1a: Rillaboom|Rillaboom, M|100/100
|-fieldstart|move: Grassy Terrain|[from] ability: Grassy Surge|[of] p1a: Rillaboom
|move|p2a: Iron Treads|Ice Spinner|p1a: Rillaboom
|-supereffective|p1a: Rillaboom
|-damage|p1a: Rillaboom|44/100
|-fieldend|move: Grassy Terrain
|
|upkeep
|turn|14
|
|t:|1760854655
|switch|p1a: Gholdengo|Gholdengo|100/100
|-item|p1a: Gholdengo|Air Balloon
|move|p2a: Iron Treads|Ice Spinner|p1a: Gholdengo
|-resisted|p1a: Gholdengo
|-damage|p1a: Gholdengo|89/100
|-enditem|p1a: Gholdengo|Air Balloon
|
|upkeep
|turn|15
|
|t:|1760854664
|switch|p1a: Rillaboom|Rillaboom, M|44/100
|-fieldstart|move: Grassy Terrain|[from] ability: Grassy Surge|[of] p1a: Rillaboom
|move|p2a: Iron Treads|Earthquake|p1a: Rillaboom
|-resisted|p1a: Rillaboom
|-damage|p1a: Rillaboom|31/100
|
|-heal|p2a: Iron Treads|71/100|[from] Grassy Terrain
|-heal|p1a: Rillaboom|37/100|[from] Grassy Terrain
|upkeep
|turn|16
|
|t:|1760854682
|-terastallize|p1a: Rillaboom|Grass
|move|p1a: Rillaboom|Grassy Glide|p2a: Iron Treads
|-damage|p2a: Iron Treads|2/100
|move|p2a: Iron Treads|Ice Spinner|p1a: Rillaboom
|-supereffective|p1a: Rillaboom
|-damage|p1a: Rillaboom|0 fnt
|-fieldend|move: Grassy Terrain
|faint|p1a: Rillaboom
|
|upkeep
|
|t:|1760854689
|switch|p1a: Kingambit|Kingambit, F|100/100
|-activate|p1a: Kingambit|ability: Supreme Overlord
|-start|p1a: Kingambit|fallen4|[silent]
|turn|17
|
|t:|1760854693
|move|p1a: Kingambit|Sucker Punch|p2a: Iron Treads
|-damage|p2a: Iron Treads|0 fnt
|faint|p2a: Iron Treads
|-end|p2a: Iron Treads|Quark Drive|[silent]
|
|upkeep
|
|t:|1760854697
|switch|p2a: Serperior|Serperior, M|100/100
|turn|18
|
|t:|1760854702
|move|p2a: Serperior|Leaf Storm|p1a: Kingambit
|-resisted|p1a: Kingambit
|-damage|p1a: Kingambit|76/100
|-boost|p2a: Serperior|spa|2
|move|p1a: Kingambit|Kowtow Cleave|p2a: Serperior
|-damage|p2a: Serperior|0 fnt
|faint|p2a: Serperior
|
|win|blackgokuking
|raw|blackgokuking's rating: 1529 &rarr; <strong>1557</strong><br />(+28 for winning)
|raw|chaheed's rating: 1679 &rarr; <strong>1651</strong><br />(-28 for losing)
|l|☆chaheed
|player|p2|
