|j|☆456dd66ws
|j|☆ardee12345
|t:|1760865014
|gametype|singles
|player|p1|456dd66ws|cyclist|1265
|player|p2|ardee12345|170|1296
|gen|9
|tier|[Gen 9] OU
|rated|
|rule|HP Percentage Mod: HP is shown in percentages
|rule|Endless Battle Clause: Forcing endless battles is banned
|rule|Species Clause: Limit one of each Pokémon
|rule|OHKO Clause: OHKO moves are banned
|rule|Evasion Items Clause: Evasion items are banned
|rule|Evasion Moves Clause: Evasion moves are banned
|rule|Evasion Abilities Clause: Evasion abilities are banned
|rule|Sleep Moves Clause: Sleep-inducing moves are banned
|clearpoke
|poke|p1|Staraptor, M|
|poke|p1|Mimikyu, M|
|poke|p1|Maushold-Four|
|poke|p1|Lokix, M|
|poke|p1|Pelipper, M|
|poke|p1|Pawmot, M|
|poke|p2|Garganacl, M|
|poke|p2|Hippowdon, M|
|poke|p2|Hydrapple, M|
|poke|p2|Slowking-Galar, M|
|poke|p2|Samurott-Hisui, M|
|poke|p2|Excadrill, M|
|teampreview
|inactive|Battle timer is ON: inactive players will automatically lose when time's up. (requested by 456dd66ws)
|
|t:|1760865022
|teamsize|p1|6
|teamsize|p2|6
|start
|switch|p1a: Staraptor|Staraptor, M|100/100
|switch|p2a: Samurott|Samurott-Hisui, M, shiny|100/100
|turn|1
|
|t:|1760865029
|switch|p2a: Hippowdon|Hippowdon, M, shiny|100/100
|-weather|Sandstorm|[from] ability: Sand Stream|[of] p2a: Hippowdon
|move|p1a: Staraptor|Brave Bird|p2a: Hippowdon
|-damage|p2a: Hippowdon|63/100
|-damage|p1a: Staraptor|84/100|[from] item: Rocky Helmet|[of] p2a: Hippowdon
|-damage|p1a: Staraptor|67/100|[from] Recoil
|
|-weather|Sandstorm|[upkeep]
|-damage|p1a: Staraptor|61/100|[from] Sandstorm
|upkeep
|turn|2
|
|t:|1760865042
|switch|p1a: Maushold|Maushold-Four|100/100
|move|p2a: Hippowdon|Slack Off|p2a: Hippowdon
|-heal|p2a: Hippowdon|100/100
|
|-weather|Sandstorm|[upkeep]
|-damage|p1a: Maushold|94/100|[from] Sandstorm
|upkeep
|turn|3
|
|t:|1760865051
|move|p1a: Maushold|Encore|p2a: Hippowdon
|-start|p2a: Hippowdon|Encore
|move|p2a: Hippowdon|Slack Off||[still]
|-fail|p2a: Hippowdon|heal
|
|-weather|Sandstorm|[upkeep]
|-damage|p1a: Maushold|88/100|[from] Sandstorm
|upkeep
|turn|4
|
|t:|1760865058
|switch|p2a: Slowking|Slowking-Galar, M, shiny|100/100
|move|p1a: Maushold|Tidy Up|p1a: Maushold
|-boost|p1a: Maushold|atk|1
|-boost|p1a: Maushold|spe|1
|
|-weather|Sandstorm|[upkeep]
|-damage|p1a: Maushold|82/100|[from] Sandstorm
|-damage|p2a: Slowking|94/100|[from] Sandstorm
|upkeep
|turn|5
|
|t:|1760865066
|move|p1a: Maushold|Population Bomb|p2a: Slowking
|-crit|p2a: Slowking
|-damage|p2a: Slowking|77/100
|-damage|p2a: Slowking|67/100
|-damage|p2a: Slowking|54/100
|-damage|p2a: Slowking|42/100
|-damage|p2a: Slowking|30/100
|-damage|p2a: Slowking|18/100
|-damage|p2a: Slowking|7/100
|-damage|p2a: Slowking|0 fnt
|faint|p2a: Slowking
|-hitcount|p2: Slowking|8
|
|-weather|none
|upkeep
|
|t:|1760865085
|switch|p2a: Hippowdon|Hippowdon, M, shiny|100/100
|-weather|Sandstorm|[from] ability: Sand Stream|[of] p2a: Hippowdon
|turn|6
|
|t:|1760865089
|move|p1a: Maushold|Population Bomb|p2a: Hippowdon
|-damage|p2a: Hippowdon|92/100
|-damage|p1a: Maushold|66/100|[from] item: Rocky Helmet|[of] p2a: Hippowdon
|-damage|p2a: Hippowdon|83/100
|-damage|p1a: Maushold|49/100|[from] item: Rocky Helmet|[of] p2a: Hippowdon
|-damage|p2a: Hippowdon|75/100
|-damage|p1a: Maushold|32/100|[from] item: Rocky Helmet|[of] p2a: Hippowdon
|-damage|p2a: Hippowdon|67/100
|-damage|p1a: Maushold|16/100|[from] item: Rocky Helmet|[of] p2a: Hippowdon
|-damage|p2a: Hippowdon|59/100
|-damage|p1a: Maushold|0 fnt|[from] item: Rocky Helmet|[of] p2a: Hippowdon
|faint|p1a: Maushold
|-hitcount|p2a: Hippowdon|5
|move|p2a: Hippowdon|Scorching Sands|p1: Maushold|[notarget]
|-fail|p2a: Hippowdon
|
|-weather|Sandstorm|[upkeep]
|upkeep
|
|t:|1760865104
|switch|p1a: Pelipper|Pelipper, M|100/100
|-weather|RainDance|[from] ability: Drizzle|[of] p1a: Pelipper
|turn|7
|
|t:|1760865109
|switch|p2a: Hydrapple|Hydrapple, M, shiny|100/100
|move|p1a: Pelipper|Hydro Pump|p2a: Hydrapple
|-resisted|p2a: Hydrapple
|-damage|p2a: Hydrapple|82/100
|
|-weather|RainDance|[upkeep]
|upkeep
|turn|8
|-activate|p1a: Pelipper|item: Quick Claw
|
|t:|1760865129
|-terastallize|p2a: Hydrapple|Fairy
|move|p1a: Pelipper|Ice Beam|p2a: Hydrapple
|-damage|p2a: Hydrapple|55/100
|-status|p2a: Hydrapple|frz
|cant|p2a: Hydrapple|frz
|
|-weather|RainDance|[upkeep]
|upkeep
|turn|9
|
|t:|1760865138
|move|p1a: Pelipper|Hydro Pump|p2a: Hydrapple|[miss]
|-miss|p1a: Pelipper|p2a: Hydrapple
|cant|p2a: Hydrapple|frz
|
|-weather|RainDance|[upkeep]
|upkeep
|turn|10
|
|t:|1760865149
|switch|p2a: Samurott|Samurott-Hisui, M, shiny|100/100
|move|p1a: Pelipper|Hydro Pump|p2a: Samurott
|-resisted|p2a: Samurott
|-damage|p2a: Samurott|47/100
|
|-weather|RainDance|[upkeep]
|upkeep
|turn|11
|
|t:|1760865155
|move|p2a: Samurott|Ceaseless Edge|p1a: Pelipper
|-damage|p1a: Pelipper|47/100
|-sidestart|p1: 456dd66ws|Spikes
|move|p1a: Pelipper|Hurricane|p2a: Samurott
|-damage|p2a: Samurott|0 fnt
|faint|p2a: Samurott
|
|-weather|none
|upkeep
|
|t:|1760865165
|switch|p2a: Hippowdon|Hippowdon, M, shiny|59/100
|-weather|Sandstorm|[from] ability: Sand Stream|[of] p2a: Hippowdon
|turn|12
|
|t:|1760865178
|move|p1a: Pelipper|Hydro Pump|p2a: Hippowdon
|-supereffective|p2a: Hippowdon
|-damage|p2a: Hippowdon|0 fnt
|faint|p2a: Hippowdon
|
|-weather|Sandstorm|[upkeep]
|-damage|p1a: Pelipper|41/100|[from] Sandstorm
|upkeep
|
|t:|1760865182
|switch|p2a: Excadrill|Excadrill, M, shiny|100/100
|turn|13
|
|t:|1760865188
|move|p2a: Excadrill|Rock Slide|p1a: Pelipper
|-supereffective|p1a: Pelipper
|-crit|p1a: Pelipper
|-damage|p1a: Pelipper|0 fnt
|faint|p1a: Pelipper
|
|-weather|Sandstorm|[upkeep]
|upkeep
|
|t:|1760865199
|switch|p1a: Staraptor|Staraptor, M|61/100
|turn|14
|
|t:|1760865205
|move|p2a: Excadrill|Rock Slide|p1a: Staraptor
|-supereffective|p1a: Staraptor
|-damage|p1a: Staraptor|0 fnt
|faint|p1a: Staraptor
|
|-weather|Sandstorm|[upkeep]
|upkeep
|
|t:|1760865213
|switch|p1a: Pawmot|Pawmot, M|100/100
|-damage|p1a: Pawmot|88/100|[from] Spikes
|turn|15
|
|t:|1760865218
|move|p1a: Pawmot|Fake Out|p2a: Excadrill
|-resisted|p2a: Excadrill
|-damage|p2a: Excadrill|92/100
|cant|p2a: Excadrill|flinch
|
|-weather|Sandstorm|[upkeep]
|-damage|p1a: Pawmot|82/100|[from] Sandstorm
|upkeep
|turn|16
|
|t:|1760865225
|move|p2a: Excadrill|Earthquake|p1a: Pawmot
|-supereffective|p1a: Pawmot
|-damage|p1a: Pawmot|0 fnt
|faint|p1a: Pawmot
|
|-weather|none
|upkeep
|
|t:|1760865231
|switch|p1a: Lokix|Lokix, M|100/100
|-damage|p1a: Lokix|88/100|[from] Spikes
|turn|17
|
|t:|1760865246
|switch|p2a: Hydrapple|Hydrapple, M, shiny, tera:Fairy|89/100 frz
|move|p1a: Lokix|Axe Kick|p2a: Hydrapple
|-resisted|p2a: Hydrapple
|-damage|p2a: Hydrapple|50/100 frz
|-start|p2a: Hydrapple|confusion
|-damage|p1a: Lokix|78/100|[from] item: Life Orb
|
|upkeep
|turn|18
|-message|456dd66ws forfeited.
|
|win|ardee12345
|raw|456dd66ws's rating: 1265 &rarr; <strong>1242</strong><br />(-23 for losing)
|raw|ardee12345's rating: 1296 &rarr; <strong>1319</strong><br />(+23 for winning)
|l|☆ardee12345
|player|p2|
|l|☆456dd66ws
|player|p1|
