|j|☆ouku bakuza
|j|☆donofair
|t:|1760764212
|gametype|singles
|player|p1|ouku bakuza|266|1474
|player|p2|donofair|rancher|1491
|gen|9
|tier|[Gen 9] OU
|rated|
|rule|HP Percentage Mod: HP is shown in percentages
|rule|Endless Battle Clause: Forcing endless battles is banned
|rule|Species Clause: Limit one of each Pokémon
|rule|OHKO Clause: OHKO moves are banned
|rule|Evasion Items Clause: Evasion items are banned
|rule|Evasion Moves Clause: Evasion moves are banned
|rule|Evasion Abilities Clause: Evasion abilities are banned
|rule|Sleep Moves Clause: Sleep-inducing moves are banned
|clearpoke
|poke|p1|Great Tusk|
|poke|p1|Dragonite, F|
|poke|p1|Gholdengo|
|poke|p1|Iron Treads|
|poke|p1|Rotom-Wash|
|poke|p1|Iron Valiant|
|poke|p2|Hydrapple, F|
|poke|p2|Slowking, F|
|poke|p2|Great Tusk|
|poke|p2|Moltres|
|poke|p2|Zamazenta-*|
|poke|p2|Kingambit, F|
|teampreview
|inactive|Battle timer is ON: inactive players will automatically lose when time's up. (requested by ouku bakuza)
|
|t:|1760764240
|teamsize|p1|6
|teamsize|p2|6
|start
|switch|p1a: Iron Valiant|Iron Valiant|100/100
|switch|p2a: Hydrapple|Hydrapple, F|100/100
|-enditem|p1a: Iron Valiant|Booster Energy
|-activate|p1a: Iron Valiant|ability: Quark Drive|[fromitem]
|-start|p1a: Iron Valiant|quarkdrivespe
|turn|1
|
|t:|1760764263
|switch|p2a: Moltres|Moltres|100/100
|move|p1a: Iron Valiant|Spirit Break|p2a: Moltres
|-resisted|p2a: Moltres
|-damage|p2a: Moltres|86/100
|-unboost|p2a: Moltres|spa|1
|-status|p1a: Iron Valiant|brn|[from] ability: Flame Body|[of] p2a: Moltres
|
|-damage|p1a: Iron Valiant|94/100 brn|[from] brn
|upkeep
|turn|2
|
|t:|1760764270
|move|p1a: Iron Valiant|Knock Off|p2a: Moltres
|-damage|p2a: Moltres|75/100
|-enditem|p2a: Moltres|Heavy-Duty Boots|[from] move: Knock Off|[of] p1a: Iron Valiant
|move|p2a: Moltres|U-turn|p1a: Iron Valiant
|-resisted|p1a: Iron Valiant
|-damage|p1a: Iron Valiant|90/100 brn
|
|t:|1760764286
|switch|p2a: Slowking|Slowking, F|100/100|[from] U-turn
|
|-damage|p1a: Iron Valiant|84/100 brn|[from] brn
|upkeep
|turn|3
|
|t:|1760764291
|move|p1a: Iron Valiant|Knock Off|p2a: Slowking
|-supereffective|p2a: Slowking
|-damage|p2a: Slowking|67/100
|-enditem|p2a: Slowking|Heavy-Duty Boots|[from] move: Knock Off|[of] p1a: Iron Valiant
|move|p2a: Slowking|Future Sight|p1a: Iron Valiant
|-start|p2a: Slowking|move: Future Sight
|
|-damage|p1a: Iron Valiant|77/100 brn|[from] brn
|upkeep
|turn|4
|
|t:|1760764299
|move|p1a: Iron Valiant|Spirit Break|p2a: Slowking
|-damage|p2a: Slowking|48/100
|-unboost|p2a: Slowking|spa|1
|-prepare|p2a: Slowking|Chilly Reception|[premajor]
|move|p2a: Slowking|Chilly Reception|p2a: Slowking
|-weather|Snowscape
|
|t:|1760764306
|switch|p2a: Moltres|Moltres|75/100|[from] Chilly Reception
|
|-weather|Snowscape|[upkeep]
|-damage|p1a: Iron Valiant|71/100 brn|[from] brn
|upkeep
|turn|5
|
|t:|1760764311
|move|p1a: Iron Valiant|Spirit Break|p2a: Moltres
|-resisted|p2a: Moltres
|-damage|p2a: Moltres|68/100
|-unboost|p2a: Moltres|spa|1
|move|p2a: Moltres|Roost|p2a: Moltres
|-heal|p2a: Moltres|100/100
|-singleturn|p2a: Moltres|move: Roost
|
|-weather|Snowscape|[upkeep]
|-end|p1a: Iron Valiant|move: Future Sight
|-supereffective|p1a: Iron Valiant
|-damage|p1a: Iron Valiant|0 fnt
|faint|p1a: Iron Valiant
|-end|p1a: Iron Valiant|Quark Drive|[silent]
|upkeep
|
|t:|1760764323
|switch|p1a: Rotom|Rotom-Wash|100/100
|turn|6
|
|t:|1760764330
|move|p1a: Rotom|Trick|p2a: Moltres
|-activate|p1a: Rotom|move: Trick|[of] p2a: Moltres
|-item|p2a: Moltres|Choice Scarf|[from] move: Trick
|-enditem|p1a: Rotom|Choice Scarf|[silent]|[from] move: Trick
|move|p2a: Moltres|Roost||[still]
|-fail|p2a: Moltres|heal
|
|-weather|Snowscape|[upkeep]
|upkeep
|turn|7
|
|t:|1760764336
|switch|p2a: Hydrapple|Hydrapple, F|100/100
|move|p1a: Rotom|Volt Switch|p2a: Hydrapple
|-resisted|p2a: Hydrapple
|-damage|p2a: Hydrapple|93/100
|
|t:|1760764343
|switch|p1a: van gho|Gholdengo|100/100|[from] Volt Switch
|
|-weather|Snowscape|[upkeep]
|upkeep
|turn|8
|
|t:|1760764351
|move|p1a: van gho|Shadow Ball|p2a: Hydrapple
|-damage|p2a: Hydrapple|55/100
|move|p2a: Hydrapple|Earth Power|p1a: van gho
|-supereffective|p1a: van gho
|-crit|p1a: van gho
|-damage|p1a: van gho|0 fnt
|faint|p1a: van gho
|-damage|p2a: Hydrapple|45/100|[from] item: Life Orb
|
|-weather|none
|upkeep
|
|t:|1760764377
|switch|p1a: Iron Treads|Iron Treads|100/100
|-enditem|p1a: Iron Treads|Booster Energy
|-activate|p1a: Iron Treads|ability: Quark Drive|[fromitem]
|-start|p1a: Iron Treads|quarkdrivespe
|turn|9
|
|t:|1760764383
|switch|p2a: Moltres|Moltres|100/100
|move|p1a: Iron Treads|Iron Head|p2a: Moltres
|-resisted|p2a: Moltres
|-damage|p2a: Moltres|87/100
|
|upkeep
|turn|10
|
|t:|1760764386
|move|p1a: Iron Treads|Stealth Rock|p2a: Moltres
|-sidestart|p2: donofair|move: Stealth Rock
|move|p2a: Moltres|U-turn|p1a: Iron Treads
|-resisted|p1a: Iron Treads
|-damage|p1a: Iron Treads|94/100
|
|t:|1760764391
|switch|p2a: Great Tusk|Great Tusk|100/100|[from] U-turn
|
|upkeep
|turn|11
|
|t:|1760764400
|move|p1a: Iron Treads|Earthquake|p2a: Great Tusk
|-damage|p2a: Great Tusk|71/100
|move|p2a: Great Tusk|Stealth Rock|p1a: Iron Treads
|-sidestart|p1: ouku bakuza|move: Stealth Rock
|
|upkeep
|turn|12
|
|t:|1760764408
|move|p1a: Iron Treads|Earthquake|p2a: Great Tusk
|-damage|p2a: Great Tusk|40/100
|move|p2a: Great Tusk|Rapid Spin|p1a: Iron Treads
|-resisted|p1a: Iron Treads
|-damage|p1a: Iron Treads|87/100
|-boost|p2a: Great Tusk|spe|1
|-sideend|p2: donofair|Stealth Rock|[from] move: Rapid Spin|[of] p2a: Great Tusk
|
|upkeep
|turn|13
|
|t:|1760764414
|move|p1a: Iron Treads|Rapid Spin|p2a: Great Tusk
|-damage|p2a: Great Tusk|28/100
|-boost|p1a: Iron Treads|spe|1
|-sideend|p1: ouku bakuza|Stealth Rock|[from] move: Rapid Spin|[of] p1a: Iron Treads
|move|p2a: Great Tusk|Headlong Rush|p1a: Iron Treads
|-supereffective|p1a: Iron Treads
|-damage|p1a: Iron Treads|0 fnt
|-unboost|p2a: Great Tusk|def|1
|-unboost|p2a: Great Tusk|spd|1
|faint|p1a: Iron Treads
|-end|p1a: Iron Treads|Quark Drive|[silent]
|
|upkeep
|
|t:|1760764430
|switch|p1a: good horns|Great Tusk|100/100
|-enditem|p1a: good horns|Booster Energy
|-activate|p1a: good horns|ability: Protosynthesis|[fromitem]
|-start|p1a: good horns|protosynthesisatk
|turn|14
|
|t:|1760764432
|move|p2a: Great Tusk|Stealth Rock|p1a: good horns
|-sidestart|p1: ouku bakuza|move: Stealth Rock
|move|p1a: good horns|Rapid Spin|p2a: Great Tusk
|-damage|p2a: Great Tusk|1/100
|-boost|p1a: good horns|spe|1
|-sideend|p1: ouku bakuza|Stealth Rock|[from] move: Rapid Spin|[of] p1a: good horns
|
|upkeep
|turn|15
|
|t:|1760764439
|-end|p2a: Great Tusk|Protosynthesis|[silent]
|switch|p2a: Moltres|Moltres|87/100
|move|p1a: good horns|Rapid Spin|p2a: Moltres
|-damage|p2a: Moltres|71/100
|-boost|p1a: good horns|spe|1
|
|upkeep
|turn|16
|
|t:|1760764458
|move|p1a: good horns|Earthquake|p2a: Moltres
|-immune|p2a: Moltres
|move|p2a: Moltres|Flamethrower|p1a: good horns
|-damage|p1a: good horns|41/100
|
|upkeep
|turn|17
|
|t:|1760764465
|move|p1a: good horns|Earthquake|p2a: Moltres
|-immune|p2a: Moltres
|move|p2a: Moltres|Flamethrower|p1a: good horns
|-damage|p1a: good horns|0 fnt
|faint|p1a: good horns
|-end|p1a: good horns|Protosynthesis|[silent]
|
|upkeep
|
|t:|1760764467
|switch|p1a: Dragonite|Dragonite, F|100/100
|turn|18
|
|t:|1760764471
|switch|p2a: Zamazenta|Zamazenta|100/100
|-ability|p2a: Zamazenta|Dauntless Shield|boost
|-boost|p2a: Zamazenta|def|1
|move|p1a: Dragonite|Dragon Dance|p1a: Dragonite
|-boost|p1a: Dragonite|atk|1
|-boost|p1a: Dragonite|spe|1
|
|upkeep
|turn|19
|
|t:|1760764488
|switch|p1a: Rotom|Rotom-Wash|100/100
|move|p2a: Zamazenta|Close Combat|p1a: Rotom
|-damage|p1a: Rotom|5/100
|-unboost|p2a: Zamazenta|def|1
|-unboost|p2a: Zamazenta|spd|1
|
|upkeep
|turn|20
|
|t:|1760764494
|switch|p2a: Moltres|Moltres|71/100
|move|p1a: Rotom|Will-O-Wisp|p2a: Moltres
|-immune|p2a: Moltres
|
|upkeep
|turn|21
|
|t:|1760764499
|move|p2a: Moltres|U-turn|p1a: Rotom
|-damage|p1a: Rotom|0 fnt
|faint|p1a: Rotom
|
|t:|1760764508
|switch|p2a: Slowking|Slowking, F|82/100|[from] U-turn
|
|upkeep
|
|t:|1760764512
|switch|p1a: Dragonite|Dragonite, F|100/100
|turn|22
|
|t:|1760764516
|move|p1a: Dragonite|Dragon Dance|p1a: Dragonite
|-boost|p1a: Dragonite|atk|1
|-boost|p1a: Dragonite|spe|1
|move|p2a: Slowking|Thunder Wave|p1a: Dragonite
|-status|p1a: Dragonite|par
|
|upkeep
|turn|23
|
|t:|1760764521
|move|p1a: Dragonite|Dragon Dance|p1a: Dragonite
|-boost|p1a: Dragonite|atk|1
|-boost|p1a: Dragonite|spe|1
|move|p2a: Slowking|Future Sight|p1a: Dragonite
|-start|p2a: Slowking|move: Future Sight
|
|upkeep
|turn|24
|
|t:|1760764528
|move|p1a: Dragonite|Dragon Dance|p1a: Dragonite
|-boost|p1a: Dragonite|atk|1
|-boost|p1a: Dragonite|spe|1
|-prepare|p2a: Slowking|Chilly Reception|[premajor]
|move|p2a: Slowking|Chilly Reception|p2a: Slowking
|-weather|Snowscape
|
|t:|1760764536
|switch|p2a: Zamazenta|Zamazenta|100/100|[from] Chilly Reception
|
|-weather|Snowscape|[upkeep]
|upkeep
|turn|25
|
|t:|1760764557
|move|p2a: Zamazenta|Ice Fang|p1a: Dragonite
|-supereffective|p1a: Dragonite
|-damage|p1a: Dragonite|31/100 par
|cant|p1a: Dragonite|flinch
|
|-weather|Snowscape|[upkeep]
|-end|p1a: Dragonite|move: Future Sight
|-damage|p1a: Dragonite|0 fnt
|faint|p1a: Dragonite
|
|win|donofair
|raw|ouku bakuza's rating: 1474 &rarr; <strong>1456</strong><br />(-18 for losing)
|raw|donofair's rating: 1508 &rarr; <strong>1526</strong><br />(+18 for winning)
|l|☆donofair
|player|p2|
|l|☆ouku bakuza
|player|p1|
