|j|‽sadksadklasdlka
|j|☆dolphin21
|t:|1760762175
|gametype|singles
|player|p1|sadksadklasdlka|170|1078
|player|p2|dolphin21|169|1125
|gen|9
|tier|[Gen 9] OU
|rated|
|rule|HP Percentage Mod: HP is shown in percentages
|rule|Endless Battle Clause: Forcing endless battles is banned
|rule|Species Clause: Limit one of each Pokémon
|rule|OHKO Clause: OHKO moves are banned
|rule|Evasion Items Clause: Evasion items are banned
|rule|Evasion Moves Clause: Evasion moves are banned
|rule|Evasion Abilities Clause: Evasion abilities are banned
|rule|Sleep Moves Clause: Sleep-inducing moves are banned
|clearpoke
|poke|p1|Pelipper, M|
|poke|p1|Poliwrath, F|
|poke|p1|Kilowattrel, M|
|poke|p1|Gardevoir, M|
|poke|p1|Overqwil, M|
|poke|p1|Torterra, M|
|poke|p2|Garchomp, M|
|poke|p2|Metagross|
|poke|p2|Blaziken, M|
|poke|p2|Sylveon, M|
|poke|p2|Greninja-*, F|
|poke|p2|Iron Hands|
|teampreview
|inactive|Battle timer is ON: inactive players will automatically lose when time's up. (requested by sadksadklasdlka)
|
|t:|1760762192
|teamsize|p1|6
|teamsize|p2|6
|start
|switch|p1a: Pelipper|Pelipper, M, shiny|100/100
|switch|p2a: Iron Hands|Iron Hands|100/100
|-weather|RainDance|[from] ability: Drizzle|[of] p1a: Pelipper
|-enditem|p2a: Iron Hands|Booster Energy
|-activate|p2a: Iron Hands|ability: Quark Drive|[fromitem]
|-start|p2a: Iron Hands|quarkdriveatk
|turn|1
|
|t:|1760762203
|switch|p1a: Kilowattrel|Kilowattrel, M, shiny|100/100
|move|p2a: Iron Hands|Ice Punch|p1a: Kilowattrel
|-supereffective|p1a: Kilowattrel
|-damage|p1a: Kilowattrel|0 fnt
|faint|p1a: Kilowattrel
|
|-weather|RainDance|[upkeep]
|upkeep
|
|t:|1760762213
|switch|p1a: Gardevoir|Gardevoir, M|100/100
|turn|2
|
|t:|1760762223
|-terastallize|p2a: Iron Hands|Steel
|move|p1a: Gardevoir|Encore|p2a: Iron Hands
|-start|p2a: Iron Hands|Encore
|move|p2a: Iron Hands|Ice Punch|p1a: Gardevoir
|-damage|p1a: Gardevoir|57/100
|
|-weather|RainDance|[upkeep]
|upkeep
|turn|3
|
|t:|1760762232
|move|p1a: Gardevoir|Reflect|p1a: Gardevoir
|-sidestart|p1: sadksadklasdlka|Reflect
|move|p2a: Iron Hands|Ice Punch|p1a: Gardevoir
|-damage|p1a: Gardevoir|35/100
|
|-weather|RainDance|[upkeep]
|upkeep
|turn|4
|
|t:|1760762242
|move|p1a: Gardevoir|Memento|p2a: Iron Hands
|-unboost|p2a: Iron Hands|atk|2
|-unboost|p2a: Iron Hands|spa|2
|faint|p1a: Gardevoir
|move|p2a: Iron Hands|Ice Punch|p1: Gardevoir|[notarget]
|-fail|p2a: Iron Hands
|
|-weather|RainDance|[upkeep]
|-end|p2a: Iron Hands|Encore
|upkeep
|
|t:|1760762260
|switch|p1a: Poliwrath|Poliwrath, F|100/100
|turn|5
|
|t:|1760762263
|move|p1a: Poliwrath|Belly Drum|p1a: Poliwrath
|-damage|p1a: Poliwrath|51/100
|-setboost|p1a: Poliwrath|atk|6|[from] move: Belly Drum
|move|p2a: Iron Hands|Supercell Slam|p1a: Poliwrath
|-supereffective|p1a: Poliwrath
|-damage|p1a: Poliwrath|9/100
|-enditem|p1a: Poliwrath|Sitrus Berry|[eat]
|-heal|p1a: Poliwrath|34/100|[from] item: Sitrus Berry
|
|-weather|RainDance|[upkeep]
|upkeep
|turn|6
|
|t:|1760762268
|move|p1a: Poliwrath|Drain Punch|p2a: Iron Hands
|-supereffective|p2a: Iron Hands
|-damage|p2a: Iron Hands|0 fnt
|-heal|p1a: Poliwrath|100/100|[from] drain|[of] p2a: Iron Hands
|faint|p2a: Iron Hands
|-end|p2a: Iron Hands|Quark Drive|[silent]
|
|-weather|RainDance|[upkeep]
|upkeep
|
|t:|1760762280
|switch|p2a: Metagross|Metagross, shiny|100/100
|turn|7
|
|t:|1760762291
|-terastallize|p1a: Poliwrath|Water
|move|p1a: Poliwrath|Waterfall|p2a: Metagross
|-damage|p2a: Metagross|0 fnt
|faint|p2a: Metagross
|
|-weather|RainDance|[upkeep]
|upkeep
|
|t:|1760762309
|switch|p2a: Blaziken|Blaziken, M|100/100
|turn|8
|
|t:|1760762313
|move|p1a: Poliwrath|Waterfall|p2a: Blaziken
|-supereffective|p2a: Blaziken
|-enditem|p2a: Blaziken|Focus Sash
|-damage|p2a: Blaziken|1/100
|cant|p2a: Blaziken|flinch
|
|-weather|none
|-ability|p2a: Blaziken|Speed Boost|boost
|-boost|p2a: Blaziken|spe|1
|upkeep
|turn|9
|
|t:|1760762318
|move|p2a: Blaziken|Detect|p2a: Blaziken
|-singleturn|p2a: Blaziken|Protect
|move|p1a: Poliwrath|Waterfall|p2a: Blaziken
|-activate|p2a: Blaziken|move: Protect
|
|-ability|p2a: Blaziken|Speed Boost|boost
|-boost|p2a: Blaziken|spe|1
|upkeep
|turn|10
|
|t:|1760762325
|move|p2a: Blaziken|Close Combat|p1a: Poliwrath
|-damage|p1a: Poliwrath|62/100
|-unboost|p2a: Blaziken|def|1
|-unboost|p2a: Blaziken|spd|1
|move|p1a: Poliwrath|Waterfall|p2a: Blaziken
|-supereffective|p2a: Blaziken
|-damage|p2a: Blaziken|0 fnt
|faint|p2a: Blaziken
|
|-sideend|p1: sadksadklasdlka|Reflect
|upkeep
|
|t:|1760762331
|switch|p2a: Greninja|Greninja, F|100/100
|turn|11
|
|t:|1760762339
|move|p2a: Greninja|Sludge Wave|p1a: Poliwrath
|-start|p2a: Greninja|typechange|Poison|[from] ability: Protean
|-damage|p1a: Poliwrath|12/100
|move|p1a: Poliwrath|Drain Punch|p2a: Greninja
|-resisted|p2a: Greninja
|-damage|p2a: Greninja|0 fnt
|-heal|p1a: Poliwrath|57/100|[from] drain|[of] p2a: Greninja
|faint|p2a: Greninja
|
|upkeep
|
|t:|1760762344
|switch|p2a: Garchomp|Garchomp, M|100/100
|turn|12
|
|t:|1760762349
|move|p2a: Garchomp|Dragon Claw|p1a: Poliwrath
|-damage|p1a: Poliwrath|14/100
|move|p1a: Poliwrath|Drain Punch|p2a: Garchomp
|-enditem|p2a: Garchomp|Focus Sash
|-damage|p2a: Garchomp|1/100
|-heal|p1a: Poliwrath|70/100|[from] drain|[of] p2a: Garchomp
|-damage|p1a: Poliwrath|57/100|[from] ability: Rough Skin|[of] p2a: Garchomp
|
|upkeep
|turn|13
|
|t:|1760762357
|move|p2a: Garchomp|Earthquake|p1a: Poliwrath
|-damage|p1a: Poliwrath|1/100
|move|p1a: Poliwrath|Waterfall|p2a: Garchomp
|-damage|p2a: Garchomp|0 fnt
|-damage|p1a: Poliwrath|0 fnt|[from] ability: Rough Skin|[of] p2a: Garchomp
|faint|p2a: Garchomp
|faint|p1a: Poliwrath
|
|upkeep
|
|t:|1760762363
|switch|p2a: Sylveon|Sylveon, M|100/100
|switch|p1a: Overqwil|Overqwil, M, shiny|100/100
|turn|14
|
|t:|1760762368
|move|p1a: Overqwil|Gunk Shot|p2a: Sylveon
|-supereffective|p2a: Sylveon
|-damage|p2a: Sylveon|0 fnt
|faint|p2a: Sylveon
|-damage|p1a: Overqwil|91/100|[from] item: Life Orb
|
|win|sadksadklasdlka
|raw|sadksadklasdlka's rating: 1078 &rarr; <strong>1110</strong><br />(+32 for winning)
|raw|dolphin21's rating: 1125 &rarr; <strong>1097</strong><br />(-28 for losing)
|l|‽sadksadklasdlka
|player|p1|
|l|☆dolphin21
|player|p2|
