|j|☆sdneks
|j|☆lil scoom89
|t:|1760793372
|gametype|singles
|player|p1|sdneks|lucas|1278
|player|p2|lil scoom89|policeman-gen4|1276
|gen|9
|tier|[Gen 9] OU
|rated|
|rule|HP Percentage Mod: HP is shown in percentages
|rule|Endless Battle Clause: Forcing endless battles is banned
|rule|Species Clause: Limit one of each Pokémon
|rule|OHKO Clause: OHKO moves are banned
|rule|Evasion Items Clause: Evasion items are banned
|rule|Evasion Moves Clause: Evasion moves are banned
|rule|Evasion Abilities Clause: Evasion abilities are banned
|rule|Sleep Moves Clause: Sleep-inducing moves are banned
|clearpoke
|poke|p1|Weavile, M|
|poke|p1|Gholdengo|
|poke|p1|Kingambit, M|
|poke|p1|Iron Valiant|
|poke|p1|Cinderace, M|
|poke|p1|Dragapult, F|
|poke|p2|Mienshao, F|
|poke|p2|Iron Moth|
|poke|p2|Corviknight, M|
|poke|p2|Chansey, F|
|poke|p2|Rillaboom, M|
|poke|p2|Zamazenta-*|
|teampreview
|inactive|Battle timer is ON: inactive players will automatically lose when time's up. (requested by lil scoom89)
|
|t:|1760793378
|teamsize|p1|6
|teamsize|p2|6
|start
|switch|p1a: Weavile|Weavile, M|100/100
|switch|p2a: Mienshao|Mienshao, F|100/100
|-ability|p1a: Weavile|Pressure
|turn|1
|
|t:|1760793388
|switch|p2a: Corviknight|Corviknight, M|100/100
|move|p1a: Weavile|Triple Axel|p2a: Corviknight
|-damage|p2a: Corviknight|94/100
|-damage|p1a: Weavile|84/100|[from] item: Rocky Helmet|[of] p2a: Corviknight
|-damage|p2a: Corviknight|83/100
|-damage|p1a: Weavile|68/100|[from] item: Rocky Helmet|[of] p2a: Corviknight
|-damage|p2a: Corviknight|66/100
|-damage|p1a: Weavile|51/100|[from] item: Rocky Helmet|[of] p2a: Corviknight
|-hitcount|p2a: Corviknight|3
|
|upkeep
|turn|2
|
|t:|1760793392
|move|p1a: Weavile|Knock Off|p2a: Corviknight
|-damage|p2a: Corviknight|35/100
|-damage|p1a: Weavile|35/100|[from] item: Rocky Helmet|[of] p2a: Corviknight
|-enditem|p2a: Corviknight|Rocky Helmet|[from] move: Knock Off|[of] p1a: Weavile
|move|p2a: Corviknight|U-turn|p1a: Weavile
|-supereffective|p1a: Weavile
|-crit|p1a: Weavile
|-damage|p1a: Weavile|0 fnt
|faint|p1a: Weavile
|
|t:|1760793402
|switch|p2a: Mienshao|Mienshao, F|100/100|[from] U-turn
|
|upkeep
|
|t:|1760793404
|switch|p1a: Cinderace|Cinderace, M|100/100
|turn|3
|
|t:|1760793408
|move|p1a: Cinderace|Pyro Ball|p2a: Mienshao
|-damage|p2a: Mienshao|0 fnt
|faint|p2a: Mienshao
|
|upkeep
|c|☆lil scoom89|wow band
|
|t:|1760793433
|switch|p2a: Rillaboom|Rillaboom, M|100/100
|-fieldstart|move: Grassy Terrain|[from] ability: Grassy Surge|[of] p2a: Rillaboom
|turn|4
|
|t:|1760793439
|switch|p2a: Zamazenta|Zamazenta|100/100
|-ability|p2a: Zamazenta|Dauntless Shield|boost
|-boost|p2a: Zamazenta|def|1
|-enditem|p2a: Zamazenta|Grassy Seed
|-boost|p2a: Zamazenta|def|1|[from] item: Grassy Seed
|move|p1a: Cinderace|Pyro Ball|p2a: Zamazenta
|-damage|p2a: Zamazenta|81/100
|
|-heal|p2a: Zamazenta|87/100|[from] Grassy Terrain
|upkeep
|turn|5
|
|t:|1760793463
|move|p1a: Cinderace|Gunk Shot|p2a: Zamazenta
|-start|p1a: Cinderace|typechange|Poison|[from] ability: Libero
|-damage|p2a: Zamazenta|67/100
|-status|p2a: Zamazenta|psn
|move|p2a: Zamazenta|Trailblaze|p1a: Cinderace
|-resisted|p1a: Cinderace
|-damage|p1a: Cinderace|87/100
|-boost|p2a: Zamazenta|spe|1
|
|-heal|p2a: Zamazenta|73/100 psn|[from] Grassy Terrain
|-heal|p1a: Cinderace|93/100|[from] Grassy Terrain
|-damage|p2a: Zamazenta|60/100 psn|[from] psn
|upkeep
|turn|6
|
|t:|1760793472
|move|p2a: Zamazenta|Body Press|p1a: Cinderace
|-resisted|p1a: Cinderace
|-damage|p1a: Cinderace|34/100
|move|p1a: Cinderace|Pyro Ball|p2a: Zamazenta
|-damage|p2a: Zamazenta|47/100 psn
|
|-heal|p2a: Zamazenta|53/100 psn|[from] Grassy Terrain
|-heal|p1a: Cinderace|40/100|[from] Grassy Terrain
|-damage|p2a: Zamazenta|41/100 psn|[from] psn
|upkeep
|turn|7
|
|t:|1760793475
|move|p2a: Zamazenta|Body Press|p1a: Cinderace
|-resisted|p1a: Cinderace
|-damage|p1a: Cinderace|0 fnt
|faint|p1a: Cinderace
|
|-heal|p2a: Zamazenta|47/100 psn|[from] Grassy Terrain
|-damage|p2a: Zamazenta|34/100 psn|[from] psn
|upkeep
|
|t:|1760793480
|switch|p1a: Gholdengo|Gholdengo|100/100
|-item|p1a: Gholdengo|Air Balloon
|turn|8
|
|t:|1760793484
|move|p2a: Zamazenta|Crunch|p1a: Gholdengo
|-supereffective|p1a: Gholdengo
|-damage|p1a: Gholdengo|51/100
|-enditem|p1a: Gholdengo|Air Balloon
|move|p1a: Gholdengo|Shadow Ball|p2a: Zamazenta
|-damage|p2a: Zamazenta|4/100 psn
|
|-heal|p2a: Zamazenta|10/100 psn|[from] Grassy Terrain
|-heal|p1a: Gholdengo|57/100|[from] Grassy Terrain
|-damage|p2a: Zamazenta|0 fnt|[from] psn
|faint|p2a: Zamazenta
|-fieldend|move: Grassy Terrain
|upkeep
|
|t:|1760793491
|switch|p2a: Rillaboom|Rillaboom, M|100/100
|-fieldstart|move: Grassy Terrain|[from] ability: Grassy Surge|[of] p2a: Rillaboom
|turn|9
|
|t:|1760793495
|move|p2a: Rillaboom|Knock Off|p1a: Gholdengo
|-supereffective|p1a: Gholdengo
|-damage|p1a: Gholdengo|10/100
|move|p1a: Gholdengo|Make It Rain|p2a: Rillaboom
|-damage|p2a: Rillaboom|19/100
|-unboost|p1a: Gholdengo|spa|1
|
|-heal|p2a: Rillaboom|25/100|[from] Grassy Terrain
|-heal|p1a: Gholdengo|16/100|[from] Grassy Terrain
|upkeep
|turn|10
|
|t:|1760793502
|move|p2a: Rillaboom|Knock Off|p1a: Gholdengo
|-supereffective|p1a: Gholdengo
|-damage|p1a: Gholdengo|0 fnt
|faint|p1a: Gholdengo
|
|-heal|p2a: Rillaboom|32/100|[from] Grassy Terrain
|upkeep
|
|t:|1760793505
|switch|p1a: Dragapult|Dragapult, F|100/100
|turn|11
|
|t:|1760793508
|move|p2a: Rillaboom|Grassy Glide|p1a: Dragapult
|-resisted|p1a: Dragapult
|-damage|p1a: Dragapult|76/100
|move|p1a: Dragapult|Dragon Darts|p2a: Rillaboom
|-damage|p2a: Rillaboom|0 fnt
|faint|p2a: Rillaboom
|-damage|p1a: Dragapult|66/100|[from] item: Life Orb
|
|-heal|p1a: Dragapult|72/100|[from] Grassy Terrain
|upkeep
|
|t:|1760793513
|switch|p2a: Corviknight|Corviknight, M|35/100
|turn|12
|
|t:|1760793518
|-terastallize|p1a: Dragapult|Dragon
|move|p1a: Dragapult|Dragon Darts|p2a: Corviknight
|-resisted|p2a: Corviknight
|-damage|p2a: Corviknight|21/100
|-anim|p1a: Dragapult|Dragon Darts|p2a: Corviknight
|-resisted|p2a: Corviknight
|-damage|p2a: Corviknight|9/100
|-damage|p1a: Dragapult|62/100|[from] item: Life Orb
|move|p2a: Corviknight|Roost|p2a: Corviknight
|-heal|p2a: Corviknight|59/100
|-singleturn|p2a: Corviknight|move: Roost
|
|-heal|p1a: Dragapult|68/100|[from] Grassy Terrain
|-heal|p2a: Corviknight|65/100|[from] Grassy Terrain
|upkeep
|turn|13
|
|t:|1760793524
|move|p1a: Dragapult|Dragon Dance|p1a: Dragapult
|-boost|p1a: Dragapult|atk|1
|-boost|p1a: Dragapult|spe|1
|move|p2a: Corviknight|Roost|p2a: Corviknight
|-heal|p2a: Corviknight|100/100
|-singleturn|p2a: Corviknight|move: Roost
|
|-heal|p1a: Dragapult|74/100|[from] Grassy Terrain
|-fieldend|move: Grassy Terrain
|upkeep
|turn|14
|
|t:|1760793529
|move|p1a: Dragapult|Dragon Dance|p1a: Dragapult
|-boost|p1a: Dragapult|atk|1
|-boost|p1a: Dragapult|spe|1
|move|p2a: Corviknight|Body Press|p1a: Dragapult
|-damage|p1a: Dragapult|39/100
|
|upkeep
|turn|15
|
|t:|1760793539
|move|p1a: Dragapult|Phantom Force||[still]
|-prepare|p1a: Dragapult|Phantom Force
|move|p2a: Corviknight|Body Press|p1a: Dragapult|[miss]
|-miss|p2a: Corviknight|p1a: Dragapult
|
|upkeep
|turn|16
|
|t:|1760793542
|switch|p2a: Chansey|Chansey, F|100/100
|move|p1a: Dragapult|Phantom Force|p2a: Chansey|[from] lockedmove
|-immune|p2a: Chansey
|
|upkeep
|turn|17
|
|t:|1760793547
|move|p1a: Dragapult|Dragon Darts|p2a: Chansey
|-damage|p2a: Chansey|42/100
|-anim|p1a: Dragapult|Dragon Darts|p2a: Chansey
|-damage|p2a: Chansey|0 fnt
|faint|p2a: Chansey
|-damage|p1a: Dragapult|30/100|[from] item: Life Orb
|
|upkeep
|
|t:|1760793549
|switch|p2a: Corviknight|Corviknight, M|100/100
|turn|18
|
|t:|1760793557
|move|p1a: Dragapult|Phantom Force||[still]
|-prepare|p1a: Dragapult|Phantom Force
|move|p2a: Corviknight|Body Press|p1a: Dragapult|[miss]
|-miss|p2a: Corviknight|p1a: Dragapult
|
|upkeep
|turn|19
|
|t:|1760793561
|move|p1a: Dragapult|Phantom Force|p2a: Corviknight|[from] lockedmove
|-damage|p2a: Corviknight|35/100
|-damage|p1a: Dragapult|20/100|[from] item: Life Orb
|move|p2a: Corviknight|Body Press|p1a: Dragapult
|-damage|p1a: Dragapult|0 fnt
|faint|p1a: Dragapult
|
|upkeep
|
|t:|1760793564
|switch|p1a: Iron Valiant|Iron Valiant|100/100
|-enditem|p1a: Iron Valiant|Booster Energy
|-activate|p1a: Iron Valiant|ability: Quark Drive|[fromitem]
|-start|p1a: Iron Valiant|quarkdrivespe
|turn|20
|
|t:|1760793570
|move|p1a: Iron Valiant|Swords Dance|p1a: Iron Valiant
|-boost|p1a: Iron Valiant|atk|2
|move|p2a: Corviknight|Body Press|p1a: Iron Valiant
|-resisted|p1a: Iron Valiant
|-damage|p1a: Iron Valiant|83/100
|
|upkeep
|turn|21
|
|t:|1760793576
|move|p1a: Iron Valiant|Close Combat|p2a: Corviknight
|-damage|p2a: Corviknight|0 fnt
|-unboost|p1a: Iron Valiant|def|1
|-unboost|p1a: Iron Valiant|spd|1
|faint|p2a: Corviknight
|
|upkeep
|
|t:|1760793579
|switch|p2a: Iron Moth|Iron Moth|100/100
|turn|22
|
|t:|1760793589
|move|p1a: Iron Valiant|Close Combat|p2a: Iron Moth
|-resisted|p2a: Iron Moth
|-damage|p2a: Iron Moth|2/100
|-unboost|p1a: Iron Valiant|def|1
|-unboost|p1a: Iron Valiant|spd|1
|move|p2a: Iron Moth|Sludge Wave|p1a: Iron Valiant
|-supereffective|p1a: Iron Valiant
|-damage|p1a: Iron Valiant|0 fnt
|faint|p1a: Iron Valiant
|-end|p1a: Iron Valiant|Quark Drive|[silent]
|
|upkeep
|-message|lil scoom89 forfeited.
|
|win|sdneks
|raw|sdneks's rating: 1278 &rarr; <strong>1303</strong><br />(+25 for winning)
|raw|lil scoom89's rating: 1276 &rarr; <strong>1251</strong><br />(-25 for losing)
|l|☆lil scoom89
|player|p2|
|l|☆sdneks
|player|p1|
