|j|☆SpinAga1n
|j|☆olibenjafelps
|t:|1760720870
|gametype|singles
|player|p1|SpinAga1n|unknownf|1148
|player|p2|olibenjafelps|iris-gen5bw2|1109
|gen|9
|tier|[Gen 9] OU
|rated|
|rule|HP Percentage Mod: HP is shown in percentages
|rule|Endless Battle Clause: Forcing endless battles is banned
|rule|Species Clause: Limit one of each Pokémon
|rule|OHKO Clause: OHKO moves are banned
|rule|Evasion Items Clause: Evasion items are banned
|rule|Evasion Moves Clause: Evasion moves are banned
|rule|Evasion Abilities Clause: Evasion abilities are banned
|rule|Sleep Moves Clause: Sleep-inducing moves are banned
|clearpoke
|poke|p1|Zoroark-Hisui, F|
|poke|p1|Scizor, F|
|poke|p1|Iron Crown|
|poke|p1|Quaquaval, F|
|poke|p1|Corviknight, F|
|poke|p1|Gardevoir, M|
|poke|p2|Goodra-Hisui, F|
|poke|p2|Cramorant, M|
|poke|p2|Toxapex, M|
|poke|p2|Lokix, M|
|poke|p2|Whimsicott, M|
|poke|p2|Landorus-Therian, M|
|teampreview
|inactive|Battle timer is ON: inactive players will automatically lose when time's up. (requested by SpinAga1n)
|
|t:|1760720892
|teamsize|p1|6
|teamsize|p2|6
|start
|switch|p1a: Corviknight|Corviknight, F|100/100
|switch|p2a: Vinicin|Whimsicott, M|100/100
|turn|1
|
|t:|1760720899
|move|p2a: Vinicin|Tailwind|p2a: Vinicin
|-sidestart|p2: olibenjafelps|move: Tailwind
|move|p1a: Corviknight|Bulk Up|p1a: Corviknight
|-boost|p1a: Corviknight|atk|1
|-boost|p1a: Corviknight|def|1
|
|upkeep
|turn|2
|
|t:|1760720919
|move|p2a: Vinicin|U-turn|p1a: Corviknight
|-resisted|p1a: Corviknight
|-damage|p1a: Corviknight|99/100
|-damage|p2a: Vinicin|84/100|[from] item: Rocky Helmet|[of] p1a: Corviknight
|
|t:|1760720926
|switch|p2a: Bel|Goodra-Hisui, F|100/100|[from] U-turn
|move|p1a: Corviknight|Bulk Up|p1a: Corviknight
|-boost|p1a: Corviknight|atk|1
|-boost|p1a: Corviknight|def|1
|
|upkeep
|turn|3
|
|t:|1760720938
|move|p2a: Bel|Thunderbolt|p1a: Corviknight
|-supereffective|p1a: Corviknight
|-crit|p1a: Corviknight
|-damage|p1a: Corviknight|0 fnt
|faint|p1a: Corviknight
|
|upkeep
|
|t:|1760720949
|switch|p1a: Quaquaval|Quaquaval, F|100/100
|turn|4
|inactive|olibenjafelps has 120 seconds left.
|inactive|SpinAga1n has 120 seconds left.
|inactive|olibenjafelps has 90 seconds left.
|
|t:|1760721006
|switch|p2a: Eskimozin|Cramorant, M, shiny|100/100
|move|p1a: Quaquaval|Low Kick|p2a: Eskimozin
|-resisted|p2a: Eskimozin
|-damage|p2a: Eskimozin|89/100
|
|-sideend|p2: olibenjafelps|move: Tailwind
|upkeep
|turn|5
|inactive|SpinAga1n has 120 seconds left.
|
|t:|1760721016
|switch|p1a: Iron Crown|Iron Crown|100/100
|-enditem|p1a: Iron Crown|Booster Energy
|-activate|p1a: Iron Crown|ability: Quark Drive|[fromitem]
|-start|p1a: Iron Crown|quarkdrivespa
|move|p2a: Eskimozin|Surf|p1a: Iron Crown
|-formechange|p2a: Eskimozin|Cramorant-Gulping|
|-damage|p1a: Iron Crown|75/100
|
|upkeep
|turn|6
|inactive|SpinAga1n has 120 seconds left.
|
|t:|1760721032
|move|p1a: Iron Crown|Calm Mind|p1a: Iron Crown
|-boost|p1a: Iron Crown|spa|1
|-boost|p1a: Iron Crown|spd|1
|move|p2a: Eskimozin|Surf|p1a: Iron Crown
|-damage|p1a: Iron Crown|56/100
|
|upkeep
|turn|7
|inactive|olibenjafelps has 90 seconds left.
|
|t:|1760721054
|move|p1a: Iron Crown|Psychic|p2a: Eskimozin
|-damage|p2a: Eskimozin|7/100
|-damage|p1a: Iron Crown|31/100|[from] ability: Gulp Missile|[of] p2a: Eskimozin
|-unboost|p1a: Iron Crown|def|1
|-formechange|p2a: Eskimozin|Cramorant|
|move|p2a: Eskimozin|Surf|p1a: Iron Crown
|-formechange|p2a: Eskimozin|Cramorant-Gorging|
|-damage|p1a: Iron Crown|13/100
|
|upkeep
|turn|8
|inactive|SpinAga1n has 120 seconds left.
|inactive|olibenjafelps has 90 seconds left.
|
|t:|1760721066
|move|p1a: Iron Crown|Tachyon Cutter|p2a: Eskimozin
|-resisted|p2a: Eskimozin
|-damage|p2a: Eskimozin|0 fnt
|-damage|p1a: Iron Crown|0 fnt|[from] ability: Gulp Missile|[of] p2a: Eskimozin
|-formechange|p2a: Eskimozin|Cramorant|
|faint|p2a: Eskimozin
|faint|p1a: Iron Crown
|-end|p1a: Iron Crown|Quark Drive|[silent]
|-hitcount|p2: Eskimozin|1
|
|upkeep
|inactive|olibenjafelps has 90 seconds left.
|
|t:|1760721092
|switch|p1a: Quaquaval|Quaquaval, F|100/100
|switch|p2a: Vinicin|Whimsicott, M|84/100
|turn|9
|
|t:|1760721098
|move|p2a: Vinicin|Tailwind|p2a: Vinicin
|-sidestart|p2: olibenjafelps|move: Tailwind
|move|p1a: Quaquaval|Brave Bird|p2a: Vinicin
|-supereffective|p2a: Vinicin
|-damage|p2a: Vinicin|14/100
|-damage|p1a: Quaquaval|78/100|[from] Recoil
|
|-heal|p2a: Vinicin|20/100|[from] item: Leftovers
|-heal|p1a: Quaquaval|84/100|[from] item: Leftovers
|upkeep
|turn|10
|inactive|olibenjafelps has 90 seconds left.
|
|t:|1760721107
|move|p2a: Vinicin|U-turn|p1a: Quaquaval
|-resisted|p1a: Quaquaval
|-damage|p1a: Quaquaval|76/100
|inactive|olibenjafelps has 90 seconds left.
|
|t:|1760721125
|switch|p2a: Cretino Maldito|Toxapex, M|100/100|[from] U-turn
|move|p1a: Quaquaval|Aqua Step|p2a: Cretino Maldito
|-resisted|p2a: Cretino Maldito
|-damage|p2a: Cretino Maldito|83/100
|-boost|p1a: Quaquaval|spe|1
|
|-heal|p1a: Quaquaval|82/100|[from] item: Leftovers
|-heal|p2a: Cretino Maldito|89/100|[from] item: Leftovers
|upkeep
|turn|11
|inactive|SpinAga1n has 120 seconds left.
|
|t:|1760721138
|switch|p1a: Scizor|Scizor, F|100/100
|move|p2a: Cretino Maldito|Toxic|p1a: Scizor
|-immune|p1a: Scizor
|
|-heal|p2a: Cretino Maldito|96/100|[from] item: Leftovers
|upkeep
|turn|12
|
|t:|1760721145
|move|p2a: Cretino Maldito|Baneful Bunker|p2a: Cretino Maldito
|-singleturn|p2a: Cretino Maldito|move: Protect
|move|p1a: Scizor|Swords Dance|p1a: Scizor
|-boost|p1a: Scizor|atk|2
|
|-heal|p2a: Cretino Maldito|100/100|[from] item: Leftovers
|-sideend|p2: olibenjafelps|move: Tailwind
|upkeep
|turn|13
|inactive|olibenjafelps has 90 seconds left.
|
|t:|1760721169
|switch|p2a: Bel|Goodra-Hisui, F|100/100
|move|p1a: Scizor|Swords Dance|p1a: Scizor
|-boost|p1a: Scizor|atk|2
|
|upkeep
|turn|14
|
|t:|1760721178
|move|p1a: Scizor|Close Combat|p2a: Bel
|-supereffective|p2a: Bel
|-damage|p2a: Bel|0 fnt
|-unboost|p1a: Scizor|def|1
|-unboost|p1a: Scizor|spd|1
|-ability|p2a: Bel|Gooey
|-unboost|p1a: Scizor|spe|1
|faint|p2a: Bel
|
|upkeep
|
|t:|1760721195
|switch|p2a: Vinicin|Whimsicott, M|20/100
|turn|15
|
|t:|1760721197
|move|p2a: Vinicin|Endure|p2a: Vinicin
|-singleturn|p2a: Vinicin|move: Endure
|move|p1a: Scizor|Bullet Punch|p2a: Vinicin
|-supereffective|p2a: Vinicin
|-activate|p2a: Vinicin|move: Endure
|-damage|p2a: Vinicin|1/100
|
|-heal|p2a: Vinicin|7/100|[from] item: Leftovers
|upkeep
|turn|16
|inactive|olibenjafelps has 60 seconds left.
|
|t:|1760721237
|move|p2a: Vinicin|Tailwind|p2a: Vinicin
|-sidestart|p2: olibenjafelps|move: Tailwind
|move|p1a: Scizor|Bullet Punch|p2a: Vinicin
|-supereffective|p2a: Vinicin
|-damage|p2a: Vinicin|0 fnt
|faint|p2a: Vinicin
|
|upkeep
|
|t:|1760721241
|switch|p2a: Cretino Maldito|Toxapex, M|100/100
|turn|17
|
|t:|1760721245
|move|p2a: Cretino Maldito|Haze|p2a: Cretino Maldito
|-clearallboost
|move|p1a: Scizor|Dual Wingbeat|p2a: Cretino Maldito
|-damage|p2a: Cretino Maldito|82/100
|-damage|p2a: Cretino Maldito|64/100
|-hitcount|p2a: Cretino Maldito|2
|
|-heal|p2a: Cretino Maldito|70/100|[from] item: Leftovers
|upkeep
|turn|18
|
|t:|1760721260
|switch|p2a: Totoro|Lokix, M, shiny|100/100
|move|p1a: Scizor|Swords Dance|p1a: Scizor
|-boost|p1a: Scizor|atk|2
|
|upkeep
|turn|19
|
|t:|1760721269
|move|p2a: Totoro|First Impression|p1a: Scizor
|-resisted|p1a: Scizor
|-damage|p1a: Scizor|31/100
|move|p1a: Scizor|Dual Wingbeat|p2a: Totoro
|-supereffective|p2a: Totoro
|-damage|p2a: Totoro|0 fnt
|faint|p2a: Totoro
|-hitcount|p2: Totoro|1
|
|-heal|p1a: Scizor|37/100|[from] item: Leftovers
|-sideend|p2: olibenjafelps|move: Tailwind
|upkeep
|
|t:|1760721279
|switch|p2a: Oscar Alho|Landorus-Therian, M|100/100
|-ability|p2a: Oscar Alho|Intimidate|boost
|-unboost|p1a: Scizor|atk|1
|turn|20
|
|t:|1760721283
|move|p1a: Scizor|Bullet Punch|p2a: Oscar Alho
|-damage|p2a: Oscar Alho|51/100
|-damage|p1a: Scizor|21/100|[from] item: Rocky Helmet|[of] p2a: Oscar Alho
|move|p2a: Oscar Alho|Earthquake|p1a: Scizor
|-damage|p1a: Scizor|0 fnt
|faint|p1a: Scizor
|
|upkeep
|
|t:|1760721308
|switch|p1a: Quaquaval|Quaquaval, F|100/100
|turn|21
|
|t:|1760721325
|switch|p2a: Cretino Maldito|Toxapex, M|100/100
|move|p1a: Quaquaval|Shadow Ball|p2a: Cretino Maldito
|-damage|p2a: Cretino Maldito|67/100
|
|-heal|p2a: Cretino Maldito|73/100|[from] item: Leftovers
|upkeep
|turn|22
|
|t:|1760721332
|move|p1a: Quaquaval|Psychic|p2a: Cretino Maldito
|-supereffective|p2a: Cretino Maldito
|-damage|p2a: Cretino Maldito|20/100
|-unboost|p2a: Cretino Maldito|spd|1
|move|p2a: Cretino Maldito|Toxic|p1a: Quaquaval
|-status|p1a: Quaquaval|tox
|
|-heal|p2a: Cretino Maldito|27/100|[from] item: Leftovers
|-damage|p1a: Quaquaval|95/100 tox|[from] psn
|upkeep
|turn|23
|
|t:|1760721342
|move|p2a: Cretino Maldito|Baneful Bunker|p2a: Cretino Maldito
|-singleturn|p2a: Cretino Maldito|move: Protect
|move|p1a: Quaquaval|Shadow Ball|p2a: Cretino Maldito
|-activate|p2a: Cretino Maldito|move: Protect
|
|-heal|p2a: Cretino Maldito|33/100|[from] item: Leftovers
|-damage|p1a: Quaquaval|83/100 tox|[from] psn
|upkeep
|turn|24
|inactive|olibenjafelps has 90 seconds left.
|
|t:|1760721370
|switch|p2a: Oscar Alho|Landorus-Therian, M|51/100
|-ability|p2a: Oscar Alho|Intimidate|boost
|-unboost|p1a: Quaquaval|atk|1
|move|p1a: Quaquaval|Shadow Ball|p2a: Oscar Alho
|-damage|p2a: Oscar Alho|10/100
|
|-damage|p1a: Quaquaval|65/100 tox|[from] psn
|upkeep
|turn|25
|
|t:|1760721381
|switch|p2a: Cretino Maldito|Toxapex, M|66/100
|move|p1a: Quaquaval|Psychic|p2a: Cretino Maldito
|-supereffective|p2a: Cretino Maldito
|-damage|p2a: Cretino Maldito|10/100
|-unboost|p2a: Cretino Maldito|spd|1
|
|-heal|p2a: Cretino Maldito|17/100|[from] item: Leftovers
|-damage|p1a: Quaquaval|41/100 tox|[from] psn
|upkeep
|turn|26
|
|t:|1760721391
|switch|p1a: Gardevoir|Gardevoir, M|100/100
|move|p2a: Cretino Maldito|Baneful Bunker||[still]
|-fail|p2a: Cretino Maldito
|
|-heal|p2a: Cretino Maldito|23/100|[from] item: Leftovers
|upkeep
|turn|27
|
|t:|1760721398
|move|p2a: Cretino Maldito|Baneful Bunker|p2a: Cretino Maldito
|-singleturn|p2a: Cretino Maldito|move: Protect
|move|p1a: Gardevoir|Psychic|p2a: Cretino Maldito
|-activate|p2a: Cretino Maldito|move: Protect
|
|-heal|p2a: Cretino Maldito|29/100|[from] item: Leftovers
|upkeep
|turn|28
|
|t:|1760721409
|switch|p2a: Oscar Alho|Landorus-Therian, M|10/100
|-ability|p2a: Oscar Alho|Intimidate|boost
|-unboost|p1a: Gardevoir|atk|1
|move|p1a: Gardevoir|Psychic|p2a: Oscar Alho
|-damage|p2a: Oscar Alho|0 fnt
|faint|p2a: Oscar Alho
|
|upkeep
|
|t:|1760721415
|switch|p2a: Cretino Maldito|Toxapex, M|62/100
|turn|29
|
|t:|1760721419
|move|p2a: Cretino Maldito|Baneful Bunker|p2a: Cretino Maldito
|-singleturn|p2a: Cretino Maldito|move: Protect
|move|p1a: Gardevoir|Calm Mind|p1a: Gardevoir
|-boost|p1a: Gardevoir|spa|1
|-boost|p1a: Gardevoir|spd|1
|
|-heal|p2a: Cretino Maldito|68/100|[from] item: Leftovers
|upkeep
|turn|30
|inactive|olibenjafelps has 90 seconds left.
|
|t:|1760721425
|move|p1a: Gardevoir|Psychic|p2a: Cretino Maldito
|-supereffective|p2a: Cretino Maldito
|-damage|p2a: Cretino Maldito|0 fnt
|faint|p2a: Cretino Maldito
|
|win|SpinAga1n
|raw|SpinAga1n's rating: 1148 &rarr; <strong>1170</strong><br />(+22 for winning)
|raw|olibenjafelps's rating: 1109 &rarr; <strong>1087</strong><br />(-22 for losing)
|l|☆olibenjafelps
|player|p2|
