|j|☆spiralcurriculum
|j|☆mansonabuluting
|t:|1760731752
|gametype|singles
|player|p1|spiralcurriculum|wattson|1648
|player|p2|mansonabuluting|bellelba|1749
|gen|9
|tier|[Gen 9] OU
|rated|
|rule|HP Percentage Mod: HP is shown in percentages
|rule|Endless Battle Clause: Forcing endless battles is banned
|rule|Species Clause: Limit one of each Pokémon
|rule|OHKO Clause: OHKO moves are banned
|rule|Evasion Items Clause: Evasion items are banned
|rule|Evasion Moves Clause: Evasion moves are banned
|rule|Evasion Abilities Clause: Evasion abilities are banned
|rule|Sleep Moves Clause: Sleep-inducing moves are banned
|clearpoke
|poke|p1|Raging Bolt|
|poke|p1|Ogerpon-Wellspring, F|
|poke|p1|Hatterene, F|
|poke|p1|Landorus-Therian, M|
|poke|p1|Kingambit, F|
|poke|p1|Zamazenta-*|
|poke|p2|Rillaboom, M|
|poke|p2|Hawlucha, F|
|poke|p2|Thundurus-Therian, M|
|poke|p2|Great Tusk|
|poke|p2|Volcanion|
|poke|p2|Goodra-Hisui, F|
|teampreview
|inactive|Battle timer is ON: inactive players will automatically lose when time's up. (requested by mansonabuluting)
|
|t:|1760731783
|teamsize|p1|6
|teamsize|p2|6
|start
|switch|p1a: Hatterihanna|Hatterene, F, shiny|100/100
|switch|p2a: Goodra|Goodra-Hisui, F|100/100
|turn|1
|
|t:|1760731788
|move|p2a: Goodra|Flash Cannon|p1a: Hatterihanna
|-supereffective|p1a: Hatterihanna
|-damage|p1a: Hatterihanna|49/100
|move|p1a: Hatterihanna|Nuzzle|p2a: Goodra
|-resisted|p2a: Goodra
|-damage|p2a: Goodra|99/100
|-status|p2a: Goodra|par
|-ability|p2a: Goodra|Gooey
|-unboost|p1a: Hatterihanna|spe|1
|
|upkeep
|turn|2
|
|t:|1760731802
|switch|p1a: PawnHub|Kingambit, F|100/100
|move|p2a: Goodra|Flash Cannon|p1a: PawnHub
|-resisted|p1a: PawnHub
|-damage|p1a: PawnHub|81/100
|
|-heal|p1a: PawnHub|88/100|[from] item: Leftovers
|upkeep
|turn|3
|
|t:|1760731815
|switch|p2a: Great Tusk|Great Tusk|100/100
|move|p1a: PawnHub|Swords Dance|p1a: PawnHub
|-boost|p1a: PawnHub|atk|2
|
|-heal|p1a: PawnHub|94/100|[from] item: Leftovers
|upkeep
|turn|4
|
|t:|1760731819
|-terastallize|p1a: PawnHub|Fairy
|move|p2a: Great Tusk|Headlong Rush|p1a: PawnHub
|-damage|p1a: PawnHub|56/100
|-unboost|p2a: Great Tusk|def|1
|-unboost|p2a: Great Tusk|spd|1
|move|p1a: PawnHub|Tera Blast|p2a: Great Tusk|[anim] Tera Blast Fairy
|-supereffective|p2a: Great Tusk
|-damage|p2a: Great Tusk|0 fnt
|faint|p2a: Great Tusk
|-end|p2a: Great Tusk|Protosynthesis|[silent]
|
|-heal|p1a: PawnHub|62/100|[from] item: Leftovers
|upkeep
|
|t:|1760731822
|switch|p2a: Rillaboom|Rillaboom, M|100/100
|-fieldstart|move: Grassy Terrain|[from] ability: Grassy Surge|[of] p2a: Rillaboom
|turn|5
|
|t:|1760731836
|move|p2a: Rillaboom|Wood Hammer|p1a: PawnHub
|-damage|p1a: PawnHub|0 fnt
|faint|p1a: PawnHub
|-end|p1a: PawnHub|fallenundefined|[silent]
|-damage|p2a: Rillaboom|80/100|[from] Recoil
|
|-heal|p2a: Rillaboom|86/100|[from] Grassy Terrain
|upkeep
|
|t:|1760731858
|switch|p1a: Lando Norris|Landorus-Therian, M|100/100
|-ability|p1a: Lando Norris|Intimidate|boost
|-unboost|p2a: Rillaboom|atk|1
|turn|6
|inactive|spiralcurriculum has 120 seconds left.
|
|t:|1760731882
|switch|p2a: Hawlucha|Hawlucha, F|100/100
|-enditem|p2a: Hawlucha|Grassy Seed
|-boost|p2a: Hawlucha|def|1|[from] item: Grassy Seed
|move|p1a: Lando Norris|Stealth Rock|p2a: Hawlucha
|-sidestart|p2: mansonabuluting|move: Stealth Rock
|
|upkeep
|turn|7
|
|t:|1760731886
|move|p2a: Hawlucha|Swords Dance|p2a: Hawlucha
|-boost|p2a: Hawlucha|atk|2
|move|p1a: Lando Norris|Taunt|p2a: Hawlucha
|-start|p2a: Hawlucha|move: Taunt
|
|upkeep
|turn|8
|
|t:|1760731902
|move|p2a: Hawlucha|Acrobatics|p1a: Lando Norris
|-damage|p1a: Lando Norris|2/100
|-damage|p2a: Hawlucha|84/100|[from] item: Rocky Helmet|[of] p1a: Lando Norris
|move|p1a: Lando Norris|U-turn|p2a: Hawlucha
|-resisted|p2a: Hawlucha
|-damage|p2a: Hawlucha|80/100
|
|t:|1760731911
|switch|p1a: Usain Bolt|Raging Bolt|100/100|[from] U-turn
|
|upkeep
|turn|9
|
|t:|1760731921
|-terastallize|p2a: Hawlucha|Steel
|move|p2a: Hawlucha|Close Combat|p1a: Usain Bolt
|-damage|p1a: Usain Bolt|2/100
|-unboost|p2a: Hawlucha|def|1
|-unboost|p2a: Hawlucha|spd|1
|move|p1a: Usain Bolt|Draco Meteor|p2a: Hawlucha
|-resisted|p2a: Hawlucha
|-damage|p2a: Hawlucha|0 fnt
|-unboost|p1a: Usain Bolt|spa|2
|faint|p2a: Hawlucha
|
|-heal|p1a: Usain Bolt|8/100|[from] Grassy Terrain
|-fieldend|move: Grassy Terrain
|upkeep
|
|t:|1760731929
|switch|p2a: Rillaboom|Rillaboom, M|86/100
|-damage|p2a: Rillaboom|74/100|[from] Stealth Rock
|-fieldstart|move: Grassy Terrain|[from] ability: Grassy Surge|[of] p2a: Rillaboom
|turn|10
|
|t:|1760731944
|-end|p1a: Usain Bolt|Protosynthesis|[silent]
|switch|p1a: Lando Norris|Landorus-Therian, M|2/100
|-ability|p1a: Lando Norris|Intimidate|boost
|-unboost|p2a: Rillaboom|atk|1
|move|p2a: Rillaboom|U-turn|p1a: Lando Norris
|-resisted|p1a: Lando Norris
|-damage|p1a: Lando Norris|0 fnt
|-damage|p2a: Rillaboom|57/100|[from] item: Rocky Helmet|[of] p1a: Lando Norris
|faint|p1a: Lando Norris
|
|t:|1760731949
|switch|p2a: Thundurus|Thundurus-Therian, M|100/100|[from] U-turn
|-damage|p2a: Thundurus|76/100|[from] Stealth Rock
|
|upkeep
|inactive|spiralcurriculum has 120 seconds left.
|
|t:|1760731979
|switch|p1a: Hatterihanna|Hatterene, F, shiny|49/100
|turn|11
|
|t:|1760731983
|move|p2a: Thundurus|Volt Switch|p1a: Hatterihanna
|-damage|p1a: Hatterihanna|20/100
|
|t:|1760731987
|switch|p2a: Goodra|Goodra-Hisui, F|99/100 par|[from] Volt Switch
|-damage|p2a: Goodra|93/100 par|[from] Stealth Rock
|move|p1a: Hatterihanna|Draining Kiss|p2a: Goodra
|-damage|p2a: Goodra|80/100 par
|-heal|p1a: Hatterihanna|31/100|[from] drain|[of] p2a: Goodra
|-ability|p2a: Goodra|Gooey
|-unboost|p1a: Hatterihanna|spe|1
|
|-heal|p2a: Goodra|86/100 par|[from] Grassy Terrain
|-heal|p1a: Hatterihanna|37/100|[from] Grassy Terrain
|upkeep
|turn|12
|
|t:|1760732011
|move|p2a: Goodra|Flash Cannon|p1a: Hatterihanna
|-supereffective|p1a: Hatterihanna
|-damage|p1a: Hatterihanna|0 fnt
|faint|p1a: Hatterihanna
|
|-heal|p2a: Goodra|92/100 par|[from] Grassy Terrain
|upkeep
|
|t:|1760732017
|switch|p1a: Off The Pooch|Zamazenta|100/100
|-ability|p1a: Off The Pooch|Dauntless Shield|boost
|-boost|p1a: Off The Pooch|def|1
|turn|13
|
|t:|1760732028
|switch|p2a: Volcanion|Volcanion|100/100
|-damage|p2a: Volcanion|76/100|[from] Stealth Rock
|move|p1a: Off The Pooch|Body Press|p2a: Volcanion
|-damage|p2a: Volcanion|39/100
|
|-heal|p2a: Volcanion|45/100|[from] Grassy Terrain
|upkeep
|turn|14
|
|t:|1760732031
|move|p1a: Off The Pooch|Body Press|p2a: Volcanion
|-damage|p2a: Volcanion|3/100
|move|p2a: Volcanion|Steam Eruption|p1a: Off The Pooch
|-damage|p1a: Off The Pooch|24/100
|
|-heal|p1a: Off The Pooch|30/100|[from] Grassy Terrain
|-heal|p1a: Off The Pooch|36/100|[from] item: Leftovers
|-heal|p2a: Volcanion|9/100|[from] Grassy Terrain
|-fieldend|move: Grassy Terrain
|upkeep
|turn|15
|
|t:|1760732040
|move|p1a: Off The Pooch|Body Press|p2a: Volcanion
|-damage|p2a: Volcanion|0 fnt
|faint|p2a: Volcanion
|
|-heal|p1a: Off The Pooch|43/100|[from] item: Leftovers
|upkeep
|
|t:|1760732043
|switch|p2a: Thundurus|Thundurus-Therian, M|76/100
|-damage|p2a: Thundurus|51/100|[from] Stealth Rock
|turn|16
|
|t:|1760732050
|move|p2a: Thundurus|Grass Knot|p1a: Off The Pooch
|-damage|p1a: Off The Pooch|0 fnt
|faint|p1a: Off The Pooch
|
|upkeep
|
|t:|1760732056
|switch|p1a: Spring Cleaning|Ogerpon-Wellspring, F|100/100
|turn|17
|
|t:|1760732063
|move|p2a: Thundurus|Grass Knot|p1a: Spring Cleaning
|-damage|p1a: Spring Cleaning|77/100
|move|p1a: Spring Cleaning|Trailblaze|p2a: Thundurus
|-resisted|p2a: Thundurus
|-damage|p2a: Thundurus|31/100
|-boost|p1a: Spring Cleaning|spe|1
|
|upkeep
|turn|18
|
|t:|1760732066
|move|p1a: Spring Cleaning|Swords Dance|p1a: Spring Cleaning
|-boost|p1a: Spring Cleaning|atk|2
|move|p2a: Thundurus|Grass Knot|p1a: Spring Cleaning
|-damage|p1a: Spring Cleaning|53/100
|
|upkeep
|turn|19
|
|t:|1760732077
|move|p1a: Spring Cleaning|Synthesis|p1a: Spring Cleaning
|-heal|p1a: Spring Cleaning|100/100
|move|p2a: Thundurus|Grass Knot|p1a: Spring Cleaning
|-damage|p1a: Spring Cleaning|75/100
|
|upkeep
|turn|20
|
|t:|1760732086
|move|p1a: Spring Cleaning|Ivy Cudgel|p2a: Thundurus|[anim] Ivy Cudgel Water
|-crit|p2a: Thundurus
|-damage|p2a: Thundurus|0 fnt
|faint|p2a: Thundurus
|
|upkeep
|
|t:|1760732091
|switch|p2a: Rillaboom|Rillaboom, M|57/100
|-damage|p2a: Rillaboom|45/100|[from] Stealth Rock
|-fieldstart|move: Grassy Terrain|[from] ability: Grassy Surge|[of] p2a: Rillaboom
|turn|21
|
|t:|1760732097
|move|p2a: Rillaboom|Grassy Glide|p1a: Spring Cleaning
|-damage|p1a: Spring Cleaning|4/100
|move|p1a: Spring Cleaning|Ivy Cudgel|p2a: Rillaboom|[anim] Ivy Cudgel Water
|-resisted|p2a: Rillaboom
|-damage|p2a: Rillaboom|0 fnt
|faint|p2a: Rillaboom
|
|-heal|p1a: Spring Cleaning|10/100|[from] Grassy Terrain
|upkeep
|
|t:|1760732100
|switch|p2a: Goodra|Goodra-Hisui, F|92/100 par
|-damage|p2a: Goodra|86/100 par|[from] Stealth Rock
|turn|22
|
|t:|1760732113
|move|p1a: Spring Cleaning|Synthesis|p1a: Spring Cleaning
|-heal|p1a: Spring Cleaning|59/100
|move|p2a: Goodra|Flamethrower|p1a: Spring Cleaning
|-damage|p1a: Spring Cleaning|30/100
|
|-heal|p1a: Spring Cleaning|36/100|[from] Grassy Terrain
|-heal|p2a: Goodra|92/100 par|[from] Grassy Terrain
|upkeep
|turn|23
|
|t:|1760732120
|move|p1a: Spring Cleaning|Synthesis|p1a: Spring Cleaning
|-heal|p1a: Spring Cleaning|86/100
|move|p2a: Goodra|Draco Meteor|p1a: Spring Cleaning
|-damage|p1a: Spring Cleaning|18/100
|-unboost|p2a: Goodra|spa|2
|
|-heal|p1a: Spring Cleaning|24/100|[from] Grassy Terrain
|-heal|p2a: Goodra|98/100 par|[from] Grassy Terrain
|upkeep
|turn|24
|
|t:|1760732126
|move|p1a: Spring Cleaning|Synthesis|p1a: Spring Cleaning
|-heal|p1a: Spring Cleaning|74/100
|move|p2a: Goodra|Draco Meteor|p1a: Spring Cleaning
|-damage|p1a: Spring Cleaning|38/100
|-unboost|p2a: Goodra|spa|2
|
|-heal|p1a: Spring Cleaning|44/100|[from] Grassy Terrain
|-heal|p2a: Goodra|100/100 par|[from] Grassy Terrain
|upkeep
|turn|25
|
|t:|1760732141
|move|p1a: Spring Cleaning|Ivy Cudgel|p2a: Goodra|[anim] Ivy Cudgel Water
|-resisted|p2a: Goodra
|-damage|p2a: Goodra|53/100 par
|cant|p2a: Goodra|par
|
|-heal|p1a: Spring Cleaning|50/100|[from] Grassy Terrain
|-heal|p2a: Goodra|59/100 par|[from] Grassy Terrain
|-fieldend|move: Grassy Terrain
|upkeep
|turn|26
|
|t:|1760732147
|move|p1a: Spring Cleaning|Ivy Cudgel|p2a: Goodra|[anim] Ivy Cudgel Water
|-resisted|p2a: Goodra
|-damage|p2a: Goodra|5/100 par
|move|p2a: Goodra|Draco Meteor|p1a: Spring Cleaning
|-damage|p1a: Spring Cleaning|27/100
|-unboost|p2a: Goodra|spa|2
|
|upkeep
|turn|27
|
|t:|1760732150
|move|p1a: Spring Cleaning|Ivy Cudgel|p2a: Goodra|[anim] Ivy Cudgel Water
|-resisted|p2a: Goodra
|-crit|p2a: Goodra
|-damage|p2a: Goodra|0 fnt
|faint|p2a: Goodra
|
|win|spiralcurriculum
|raw|spiralcurriculum's rating: 1648 &rarr; <strong>1674</strong><br />(+26 for winning)
|raw|mansonabuluting's rating: 1749 &rarr; <strong>1723</strong><br />(-26 for losing)
|l|☆mansonabuluting
|player|p2|
|l|☆spiralcurriculum
|player|p1|
