|j|☆Ms. Mustache
|j|☆MicrowaveHeart
|t:|1760738329
|gametype|singles
|player|p1|Ms. Mustache|1|1657
|player|p2|MicrowaveHeart|workerice|1636
|gen|9
|tier|[Gen 9] OU
|rated|
|rule|HP Percentage Mod: HP is shown in percentages
|rule|Endless Battle Clause: Forcing endless battles is banned
|rule|Species Clause: Limit one of each Pokémon
|rule|OHKO Clause: OHKO moves are banned
|rule|Evasion Items Clause: Evasion items are banned
|rule|Evasion Moves Clause: Evasion moves are banned
|rule|Evasion Abilities Clause: Evasion abilities are banned
|rule|Sleep Moves Clause: Sleep-inducing moves are banned
|clearpoke
|poke|p1|Lokix, F|
|poke|p1|Cinderace, F|
|poke|p1|Great Tusk|
|poke|p1|Alomomola, M|
|poke|p1|Enamorus, F|
|poke|p1|Slowking-Galar, F|
|poke|p2|Gholdengo|
|poke|p2|Incineroar, M|
|poke|p2|Ogerpon-Wellspring, F|
|poke|p2|Iron Treads|
|poke|p2|Tornadus-Therian, M|
|poke|p2|Mamoswine, F|
|teampreview
|inactive|Battle timer is ON: inactive players will automatically lose when time's up. (requested by Ms. Mustache)
|
|t:|1760738378
|teamsize|p1|6
|teamsize|p2|6
|start
|switch|p1a: Alomomola|Alomomola, M|100/100
|switch|p2a: Incineroar|Incineroar, M|100/100
|-ability|p2a: Incineroar|Intimidate|boost
|-unboost|p1a: Alomomola|atk|1
|turn|1
|
|t:|1760738400
|switch|p2a: Ogerpon|Ogerpon-Wellspring, F|100/100
|switch|p1a: Great Tusk|Great Tusk|100/100
|
|upkeep
|turn|2
|
|t:|1760738407
|-end|p1a: Great Tusk|Protosynthesis|[silent]
|switch|p1a: Slowking|Slowking-Galar, F|100/100
|move|p2a: Ogerpon|Ivy Cudgel|p1a: Slowking|[anim] Ivy Cudgel Water
|-damage|p1a: Slowking|56/100
|
|upkeep
|turn|3
|
|t:|1760738412
|switch|p2a: Iron Treads|Iron Treads|100/100
|-prepare|p1a: Slowking|Chilly Reception|[premajor]
|move|p1a: Slowking|Chilly Reception|p1a: Slowking
|-weather|Snowscape
|
|t:|1760738421
|switch|p1a: Great Tusk|Great Tusk|100/100|[from] Chilly Reception
|
|-weather|Snowscape|[upkeep]
|upkeep
|turn|4
|
|t:|1760738428
|-end|p2a: Iron Treads|Quark Drive|[silent]
|switch|p2a: Tornadus|Tornadus-Therian, M|100/100
|move|p1a: Great Tusk|Knock Off|p2a: Tornadus
|-damage|p2a: Tornadus|59/100
|-enditem|p2a: Tornadus|Assault Vest|[from] move: Knock Off|[of] p1a: Great Tusk
|
|-weather|Snowscape|[upkeep]
|upkeep
|turn|5
|
|t:|1760738444
|-end|p1a: Great Tusk|Protosynthesis|[silent]
|switch|p1a: Alomomola|Alomomola, M|100/100
|move|p2a: Tornadus|Bleakwind Storm|p1a: Alomomola
|-damage|p1a: Alomomola|81/100
|-unboost|p1a: Alomomola|spe|1
|
|-weather|Snowscape|[upkeep]
|upkeep
|turn|6
|
|t:|1760738452
|switch|p1a: Slowking|Slowking-Galar, F|89/100
|move|p2a: Tornadus|Knock Off|p1a: Slowking
|-supereffective|p1a: Slowking
|-damage|p1a: Slowking|63/100
|-enditem|p1a: Slowking|Shuca Berry|[from] move: Knock Off|[of] p2a: Tornadus
|
|-weather|Snowscape|[upkeep]
|upkeep
|turn|7
|
|t:|1760738460
|move|p2a: Tornadus|U-turn|p1a: Slowking
|-damage|p1a: Slowking|53/100
|
|t:|1760738467
|switch|p2a: Mamoswine|Mamoswine, F, shiny|100/100|[from] U-turn
|move|p1a: Slowking|Ice Beam|p2a: Mamoswine
|-damage|p2a: Mamoswine|88/100
|
|-weather|none
|upkeep
|turn|8
|
|t:|1760738494
|switch|p1a: Alomomola|Alomomola, M|100/100
|move|p2a: Mamoswine|Curse|p2a: Mamoswine
|-unboost|p2a: Mamoswine|spe|1
|-boost|p2a: Mamoswine|atk|1
|-boost|p2a: Mamoswine|def|1
|
|upkeep
|turn|9
|
|t:|1760738499
|move|p2a: Mamoswine|Earthquake|p1a: Alomomola
|-damage|p1a: Alomomola|42/100
|move|p1a: Alomomola|Flip Turn|p2a: Mamoswine
|-supereffective|p2a: Mamoswine
|-damage|p2a: Mamoswine|65/100
|inactive|Ms. Mustache has 120 seconds left.
|
|t:|1760738539
|switch|p1a: Great Tusk|Great Tusk|100/100|[from] Flip Turn
|
|upkeep
|turn|10
|
|t:|1760738546
|move|p1a: Great Tusk|Knock Off|p2a: Mamoswine
|-damage|p2a: Mamoswine|48/100
|-enditem|p2a: Mamoswine|Clear Amulet|[from] move: Knock Off|[of] p1a: Great Tusk
|move|p2a: Mamoswine|Icicle Crash|p1a: Great Tusk
|-supereffective|p1a: Great Tusk
|-damage|p1a: Great Tusk|24/100
|
|-heal|p1a: Great Tusk|31/100|[from] item: Leftovers
|upkeep
|turn|11
|
|t:|1760738555
|-end|p1a: Great Tusk|Protosynthesis|[silent]
|switch|p1a: Alomomola|Alomomola, M|75/100
|move|p2a: Mamoswine|Ice Shard|p1a: Alomomola
|-resisted|p1a: Alomomola
|-damage|p1a: Alomomola|62/100
|
|upkeep
|turn|12
|
|t:|1760738568
|switch|p2a: Ogerpon|Ogerpon-Wellspring, F|100/100
|move|p1a: Alomomola|Flip Turn|p2a: Ogerpon
|-immune|p2a: Ogerpon|[from] ability: Water Absorb
|
|upkeep
|turn|13
|
|t:|1760738583
|switch|p1a: Slowking|Slowking-Galar, F|86/100
|move|p2a: Ogerpon|Horn Leech|p1a: Slowking
|-resisted|p1a: Slowking
|-damage|p1a: Slowking|69/100
|
|upkeep
|turn|14
|
|t:|1760738594
|switch|p2a: Iron Treads|Iron Treads|100/100
|move|p1a: Slowking|Sludge Bomb|p2a: Iron Treads
|-immune|p2a: Iron Treads
|
|upkeep
|turn|15
|
|t:|1760738603
|move|p2a: Iron Treads|Stealth Rock|p1a: Slowking
|-sidestart|p1: Ms. Mustache|move: Stealth Rock
|-prepare|p1a: Slowking|Chilly Reception|[premajor]
|move|p1a: Slowking|Chilly Reception|p1a: Slowking
|-weather|Snowscape
|
|t:|1760738610
|switch|p1a: Cinderace|Cinderace, F|100/100|[from] Chilly Reception
|
|-weather|Snowscape|[upkeep]
|upkeep
|turn|16
|
|t:|1760738616
|move|p1a: Cinderace|Will-O-Wisp|p2a: Iron Treads
|-status|p2a: Iron Treads|brn
|move|p2a: Iron Treads|Rapid Spin|p1a: Cinderace
|-damage|p1a: Cinderace|93/100
|-boost|p2a: Iron Treads|spe|1
|
|-weather|Snowscape|[upkeep]
|-damage|p2a: Iron Treads|94/100 brn|[from] brn
|upkeep
|turn|17
|
|t:|1760738620
|move|p2a: Iron Treads|Knock Off|p1a: Cinderace
|-damage|p1a: Cinderace|78/100
|-enditem|p1a: Cinderace|Heavy-Duty Boots|[from] move: Knock Off|[of] p2a: Iron Treads
|move|p1a: Cinderace|Court Change|p1a: Cinderace
|-swapsideconditions
|-activate|p1a: Cinderace|move: Court Change
|
|-weather|Snowscape|[upkeep]
|-heal|p2a: Iron Treads|100/100 brn|[from] item: Leftovers
|-damage|p2a: Iron Treads|94/100 brn|[from] brn
|upkeep
|turn|18
|
|t:|1760738630
|move|p2a: Iron Treads|Rapid Spin|p1a: Cinderace
|-damage|p1a: Cinderace|71/100
|-boost|p2a: Iron Treads|spe|1
|-sideend|p2: MicrowaveHeart|Stealth Rock|[from] move: Rapid Spin|[of] p2a: Iron Treads
|move|p1a: Cinderace|Pyro Ball|p2a: Iron Treads
|-supereffective|p2a: Iron Treads
|-damage|p2a: Iron Treads|27/100 brn
|
|-weather|Snowscape|[upkeep]
|-heal|p2a: Iron Treads|33/100 brn|[from] item: Leftovers
|-damage|p2a: Iron Treads|27/100 brn|[from] brn
|upkeep
|turn|19
|
|t:|1760738645
|move|p2a: Iron Treads|Stealth Rock|p1a: Cinderace
|-sidestart|p1: Ms. Mustache|move: Stealth Rock
|move|p1a: Cinderace|Pyro Ball|p2a: Iron Treads
|-supereffective|p2a: Iron Treads
|-damage|p2a: Iron Treads|0 fnt
|faint|p2a: Iron Treads
|-end|p2a: Iron Treads|Quark Drive|[silent]
|
|-weather|none
|upkeep
|
|t:|1760738658
|switch|p2a: Ogerpon|Ogerpon-Wellspring, F|100/100
|turn|20
|
|t:|1760738660
|move|p1a: Cinderace|Will-O-Wisp|p2a: Ogerpon|[miss]
|-miss|p1a: Cinderace|p2a: Ogerpon
|move|p2a: Ogerpon|Ivy Cudgel|p1a: Cinderace|[anim] Ivy Cudgel Water
|-supereffective|p1a: Cinderace
|-damage|p1a: Cinderace|0 fnt
|faint|p1a: Cinderace
|
|upkeep
|
|t:|1760738672
|switch|p1a: Slowking|Slowking-Galar, F|100/100
|-damage|p1a: Slowking|88/100|[from] Stealth Rock
|turn|21
|
|t:|1760738679
|switch|p2a: Gholdengo|Gholdengo|100/100
|move|p1a: Slowking|Ice Beam|p2a: Gholdengo
|-resisted|p2a: Gholdengo
|-damage|p2a: Gholdengo|89/100
|
|-heal|p2a: Gholdengo|95/100|[from] item: Leftovers
|upkeep
|turn|22
|
|t:|1760738686
|switch|p1a: Alomomola|Alomomola, M|95/100
|-damage|p1a: Alomomola|83/100|[from] Stealth Rock
|move|p2a: Gholdengo|Thunder Wave|p1a: Alomomola
|-status|p1a: Alomomola|par
|
|-heal|p2a: Gholdengo|100/100|[from] item: Leftovers
|upkeep
|turn|23
|
|t:|1760738695
|move|p2a: Gholdengo|Hex|p1a: Alomomola
|-damage|p1a: Alomomola|57/100 par
|move|p1a: Alomomola|Flip Turn|p2a: Gholdengo
|-damage|p2a: Gholdengo|89/100
|
|t:|1760738709
|switch|p1a: Slowking|Slowking-Galar, F|100/100|[from] Flip Turn
|-damage|p1a: Slowking|88/100|[from] Stealth Rock
|
|-heal|p2a: Gholdengo|95/100|[from] item: Leftovers
|upkeep
|turn|24
|
|t:|1760738714
|move|p2a: Gholdengo|Thunder Wave|p1a: Slowking
|-status|p1a: Slowking|par
|-prepare|p1a: Slowking|Chilly Reception|[premajor]
|cant|p1a: Slowking|par
|
|-heal|p2a: Gholdengo|100/100|[from] item: Leftovers
|upkeep
|turn|25
|
|t:|1760738723
|switch|p1a: Alomomola|Alomomola, M|90/100 par
|-damage|p1a: Alomomola|78/100 par|[from] Stealth Rock
|move|p2a: Gholdengo|Hex|p1a: Alomomola
|-damage|p1a: Alomomola|49/100 par
|
|upkeep
|turn|26
|
|t:|1760738733
|move|p2a: Gholdengo|Hex|p1a: Alomomola
|-damage|p1a: Alomomola|19/100 par
|move|p1a: Alomomola|Mirror Coat|p2a: Gholdengo
|-damage|p2a: Gholdengo|15/100
|
|-heal|p2a: Gholdengo|21/100|[from] item: Leftovers
|upkeep
|turn|27
|
|t:|1760738744
|move|p2a: Gholdengo|Hex|p1a: Alomomola
|-damage|p1a: Alomomola|0 fnt
|faint|p1a: Alomomola
|
|-heal|p2a: Gholdengo|27/100|[from] item: Leftovers
|upkeep
|
|t:|1760738757
|switch|p1a: Great Tusk|Great Tusk|31/100
|-damage|p1a: Great Tusk|28/100|[from] Stealth Rock
|turn|28
|
|t:|1760738772
|move|p1a: Great Tusk|Knock Off|p2a: Gholdengo
|-supereffective|p2a: Gholdengo
|-damage|p2a: Gholdengo|0 fnt
|-enditem|p2a: Gholdengo|Leftovers|[from] move: Knock Off|[of] p1a: Great Tusk
|faint|p2a: Gholdengo
|
|-heal|p1a: Great Tusk|34/100|[from] item: Leftovers
|upkeep
|
|t:|1760738781
|switch|p2a: Ogerpon|Ogerpon-Wellspring, F|100/100
|turn|29
|
|t:|1760738787
|move|p2a: Ogerpon|Ivy Cudgel|p1a: Great Tusk|[anim] Ivy Cudgel Water
|-supereffective|p1a: Great Tusk
|-damage|p1a: Great Tusk|0 fnt
|faint|p1a: Great Tusk
|-end|p1a: Great Tusk|Protosynthesis|[silent]
|
|upkeep
|
|t:|1760738790
|switch|p1a: Slowking|Slowking-Galar, F|100/100 par
|-damage|p1a: Slowking|88/100 par|[from] Stealth Rock
|turn|30
|
|t:|1760738803
|switch|p2a: Mamoswine|Mamoswine, F, shiny|48/100
|move|p1a: Slowking|Sludge Bomb|p2a: Mamoswine
|-resisted|p2a: Mamoswine
|-damage|p2a: Mamoswine|27/100
|
|upkeep
|turn|31
|
|t:|1760738814
|move|p2a: Mamoswine|Earthquake|p1a: Slowking
|-supereffective|p1a: Slowking
|-damage|p1a: Slowking|15/100 par
|move|p1a: Slowking|Future Sight|p2a: Mamoswine
|-start|p1a: Slowking|move: Future Sight
|
|upkeep
|turn|32
|
|t:|1760738821
|move|p2a: Mamoswine|Icicle Crash|p1a: Slowking
|-damage|p1a: Slowking|0 fnt
|faint|p1a: Slowking
|
|upkeep
|
|t:|1760738825
|switch|p1a: Lokix|Lokix, F|100/100
|-damage|p1a: Lokix|76/100|[from] Stealth Rock
|turn|33
|
|t:|1760738831
|switch|p2a: Incineroar|Incineroar, M|100/100
|-ability|p2a: Incineroar|Intimidate|boost
|-unboost|p1a: Lokix|atk|1
|move|p1a: Lokix|Leech Life|p2a: Incineroar
|-damage|p2a: Incineroar|75/100
|-heal|p1a: Lokix|93/100|[from] drain|[of] p2a: Incineroar
|
|-end|p2a: Incineroar|move: Future Sight
|-immune|p2a: Incineroar
|upkeep
|turn|34
|
|t:|1760738841
|switch|p1a: Enamorus|Enamorus, F|100/100
|-damage|p1a: Enamorus|76/100|[from] Stealth Rock
|move|p2a: Incineroar|Knock Off|p1a: Enamorus
|-resisted|p1a: Enamorus
|-damage|p1a: Enamorus|48/100
|-enditem|p1a: Enamorus|Choice Scarf|[from] move: Knock Off|[of] p2a: Incineroar
|
|upkeep
|turn|35
|
|t:|1760738854
|switch|p2a: Tornadus|Tornadus-Therian, M|92/100
|move|p1a: Enamorus|Moonblast|p2a: Tornadus
|-damage|p2a: Tornadus|36/100
|-unboost|p2a: Tornadus|spa|1
|
|upkeep
|turn|36
|
|t:|1760738868
|move|p2a: Tornadus|Bleakwind Storm|p1a: Enamorus
|-damage|p1a: Enamorus|13/100
|move|p1a: Enamorus|Moonblast|p2a: Tornadus
|-damage|p2a: Tornadus|0 fnt
|faint|p2a: Tornadus
|
|upkeep
|
|t:|1760738876
|switch|p2a: Mamoswine|Mamoswine, F, shiny|27/100
|turn|37
|
|t:|1760738886
|move|p2a: Mamoswine|Ice Shard|p1a: Enamorus
|-supereffective|p1a: Enamorus
|-damage|p1a: Enamorus|0 fnt
|faint|p1a: Enamorus
|
|upkeep
|
|t:|1760738887
|switch|p1a: Lokix|Lokix, F|93/100
|-damage|p1a: Lokix|68/100|[from] Stealth Rock
|turn|38
|
|t:|1760738896
|switch|p2a: Incineroar|Incineroar, M|75/100
|-ability|p2a: Incineroar|Intimidate|boost
|-unboost|p1a: Lokix|atk|1
|-terastallize|p1a: Lokix|Bug
|move|p1a: Lokix|Leech Life|p2a: Incineroar
|-damage|p2a: Incineroar|42/100
|-heal|p1a: Lokix|90/100|[from] drain|[of] p2a: Incineroar
|
|upkeep
|turn|39
|c|☆Ms. Mustache|GG
|
|t:|1760738912
|switch|p2a: Mamoswine|Mamoswine, F, shiny|27/100
|move|p1a: Lokix|Leech Life|p2a: Mamoswine
|-damage|p2a: Mamoswine|0 fnt
|-heal|p1a: Lokix|100/100|[from] drain|[of] p2a: Mamoswine
|faint|p2a: Mamoswine
|
|upkeep
|
|t:|1760738915
|switch|p2a: Incineroar|Incineroar, M|42/100
|-ability|p2a: Incineroar|Intimidate|boost
|-unboost|p1a: Lokix|atk|1
|turn|40
|
|t:|1760738924
|switch|p2a: Ogerpon|Ogerpon-Wellspring, F|100/100
|move|p1a: Lokix|Leech Life|p2a: Ogerpon
|-supereffective|p2a: Ogerpon
|-damage|p2a: Ogerpon|0 fnt
|faint|p2a: Ogerpon
|
|upkeep
|
|t:|1760738926
|switch|p2a: Incineroar|Incineroar, M|42/100
|-ability|p2a: Incineroar|Intimidate|boost
|-unboost|p1a: Lokix|atk|1
|turn|41
|
|t:|1760738927
|move|p1a: Lokix|Leech Life|p2a: Incineroar
|-damage|p2a: Incineroar|21/100
|move|p2a: Incineroar|Flare Blitz|p1a: Lokix
|-supereffective|p1a: Lokix
|-damage|p1a: Lokix|0 fnt
|faint|p1a: Lokix
|-damage|p2a: Incineroar|0 fnt|[from] Recoil
|faint|p2a: Incineroar
|
|win|MicrowaveHeart
|raw|Ms. Mustache's rating: 1657 &rarr; <strong>1636</strong><br />(-21 for losing)
|raw|MicrowaveHeart's rating: 1636 &rarr; <strong>1657</strong><br />(+21 for winning)
|l|☆MicrowaveHeart
|player|p2|
|l|☆Ms. Mustache
|player|p1|
