|j|☆HZBKAI7
|j|☆XXWQWE
|t:|1760850696
|gametype|singles
|player|p1|HZBKAI7|2|1074
|player|p2|XXWQWE|169|1122
|gen|9
|tier|[Gen 9] OU
|rated|
|rule|HP Percentage Mod: HP is shown in percentages
|rule|Endless Battle Clause: Forcing endless battles is banned
|rule|Species Clause: Limit one of each Pokémon
|rule|OHKO Clause: OHKO moves are banned
|rule|Evasion Items Clause: Evasion items are banned
|rule|Evasion Moves Clause: Evasion moves are banned
|rule|Evasion Abilities Clause: Evasion abilities are banned
|rule|Sleep Moves Clause: Sleep-inducing moves are banned
|clearpoke
|poke|p1|Kingambit, F|
|poke|p1|Iron Treads|
|poke|p1|Necrozma|
|poke|p1|Pecharunt|
|poke|p1|Enamorus, F|
|poke|p1|Samurott-Hisui, F|
|poke|p2|Scizor, M|
|poke|p2|Pelipper, M|
|poke|p2|Excadrill, F|
|poke|p2|Crawdaunt, F|
|poke|p2|Ludicolo, F|
|poke|p2|Kingdra, F|
|teampreview
|
|t:|1760850703
|teamsize|p1|6
|teamsize|p2|6
|start
|switch|p1a: Pecharunt|Pecharunt|100/100
|switch|p2a: Excadrill|Excadrill, F|100/100
|-ability|p2a: Excadrill|Mold Breaker
|-item|p1a: Pecharunt|Air Balloon
|turn|1
|
|t:|1760850713
|move|p1a: Pecharunt|Shadow Ball|p2a: Excadrill
|-damage|p2a: Excadrill|66/100
|-unboost|p2a: Excadrill|spd|1
|move|p2a: Excadrill|Stealth Rock|p1a: Pecharunt
|-sidestart|p1: HZBKAI7|move: Stealth Rock
|
|upkeep
|turn|2
|
|t:|1760850724
|move|p2a: Excadrill|Rock Slide|p1a: Pecharunt
|-damage|p1a: Pecharunt|83/100
|-enditem|p1a: Pecharunt|Air Balloon
|move|p1a: Pecharunt|Shadow Ball|p2a: Excadrill
|-damage|p2a: Excadrill|9/100
|
|upkeep
|turn|3
|
|t:|1760850733
|move|p1a: Pecharunt|Shadow Ball|p2a: Excadrill
|-damage|p2a: Excadrill|0 fnt
|faint|p2a: Excadrill
|
|upkeep
|
|t:|1760850755
|switch|p2a: Pelipper|Pelipper, M|100/100
|-weather|RainDance|[from] ability: Drizzle|[of] p2a: Pelipper
|turn|4
|
|t:|1760850762
|move|p1a: Pecharunt|Malignant Chain|p2a: Pelipper
|-damage|p2a: Pelipper|55/100
|move|p2a: Pelipper|Surf|p1a: Pecharunt
|-damage|p1a: Pecharunt|35/100
|
|-weather|RainDance|[upkeep]
|upkeep
|turn|5
|
|t:|1760850771
|move|p1a: Pecharunt|Malignant Chain|p2a: Pelipper
|-damage|p2a: Pelipper|10/100
|-status|p2a: Pelipper|tox
|-start|p2a: Pelipper|confusion|[from] ability: Poison Puppeteer|[of] p1a: Pecharunt
|-activate|p2a: Pelipper|confusion
|move|p2a: Pelipper|U-turn|p1a: Pecharunt
|-resisted|p1a: Pecharunt
|-damage|p1a: Pecharunt|34/100
|
|t:|1760850784
|switch|p2a: Scizor|Scizor, M|100/100|[from] U-turn
|
|-weather|RainDance|[upkeep]
|upkeep
|turn|6
|
|t:|1760850790
|move|p2a: Scizor|Bullet Punch|p1a: Pecharunt
|-damage|p1a: Pecharunt|2/100
|move|p1a: Pecharunt|Shadow Ball|p2a: Scizor
|-damage|p2a: Scizor|66/100
|
|-weather|RainDance|[upkeep]
|upkeep
|turn|7
|
|t:|1760850799
|move|p2a: Scizor|Bullet Punch|p1a: Pecharunt
|-damage|p1a: Pecharunt|0 fnt
|faint|p1a: Pecharunt
|
|-weather|RainDance|[upkeep]
|upkeep
|
|t:|1760850799
|switch|p1a: Enamorus|Enamorus, F, shiny|100/100
|-damage|p1a: Enamorus|76/100|[from] Stealth Rock
|turn|8
|
|t:|1760850808
|move|p2a: Scizor|Bullet Punch|p1a: Enamorus
|-supereffective|p1a: Enamorus
|-damage|p1a: Enamorus|0 fnt
|faint|p1a: Enamorus
|
|-weather|RainDance|[upkeep]
|upkeep
|
|t:|1760850809
|switch|p1a: Iron Treads|Iron Treads|100/100
|-damage|p1a: Iron Treads|97/100|[from] Stealth Rock
|turn|9
|
|t:|1760850822
|switch|p2a: Kingdra|Kingdra, F|100/100
|move|p1a: Iron Treads|Earthquake|p2a: Kingdra
|-damage|p2a: Kingdra|43/100
|
|-weather|RainDance|[upkeep]
|upkeep
|turn|10
|
|t:|1760850834
|move|p2a: Kingdra|Hydro Pump|p1a: Iron Treads
|-supereffective|p1a: Iron Treads
|-damage|p1a: Iron Treads|0 fnt
|faint|p1a: Iron Treads
|-end|p1a: Iron Treads|Quark Drive|[silent]
|
|-weather|RainDance|[upkeep]
|upkeep
|
|t:|1760850834
|switch|p1a: Necrozma|Necrozma, shiny|100/100
|-damage|p1a: Necrozma|88/100|[from] Stealth Rock
|turn|11
|
|t:|1760850849
|switch|p2a: Pelipper|Pelipper, M|10/100 tox
|move|p1a: Necrozma|Photon Geyser|p2a: Pelipper
|-damage|p2a: Pelipper|0 fnt
|faint|p2a: Pelipper
|
|-weather|none
|upkeep
|
|t:|1760850860
|switch|p2a: Scizor|Scizor, M|66/100
|turn|12
|
|t:|1760850864
|move|p2a: Scizor|Bullet Punch|p1a: Necrozma
|-damage|p1a: Necrozma|42/100
|move|p1a: Necrozma|Earth Power|p2a: Scizor
|-damage|p2a: Scizor|22/100
|
|upkeep
|turn|13
|
|t:|1760850871
|move|p2a: Scizor|Bullet Punch|p1a: Necrozma
|-damage|p1a: Necrozma|0 fnt
|faint|p1a: Necrozma
|
|upkeep
|
|t:|1760850871
|switch|p1a: Kingambit|Kingambit, F, shiny|100/100
|-damage|p1a: Kingambit|94/100|[from] Stealth Rock
|-activate|p1a: Kingambit|ability: Supreme Overlord
|-start|p1a: Kingambit|fallen4|[silent]
|turn|14
|
|t:|1760850885
|switch|p2a: Ludicolo|Ludicolo, F|100/100
|move|p1a: Kingambit|Kowtow Cleave|p2a: Ludicolo
|-damage|p2a: Ludicolo|0 fnt
|faint|p2a: Ludicolo
|
|upkeep
|
|t:|1760850893
|switch|p2a: Kingdra|Kingdra, F|43/100
|turn|15
|
|t:|1760850898
|move|p2a: Kingdra|Hydro Pump|p1a: Kingambit
|-damage|p1a: Kingambit|27/100
|move|p1a: Kingambit|Kowtow Cleave|p2a: Kingdra
|-damage|p2a: Kingdra|0 fnt
|faint|p2a: Kingdra
|
|upkeep
|
|t:|1760850908
|switch|p2a: Scizor|Scizor, M|22/100
|turn|16
|
|t:|1760850911
|move|p2a: Scizor|Bullet Punch|p1a: Kingambit
|-resisted|p1a: Kingambit
|-damage|p1a: Kingambit|8/100
|move|p1a: Kingambit|Kowtow Cleave|p2a: Scizor
|-damage|p2a: Scizor|0 fnt
|faint|p2a: Scizor
|
|upkeep
|
|t:|1760850919
|switch|p2a: Crawdaunt|Crawdaunt, F|100/100
|turn|17
|
|t:|1760850924
|move|p2a: Crawdaunt|Aqua Jet|p1a: Kingambit
|-damage|p1a: Kingambit|0 fnt
|faint|p1a: Kingambit
|-end|p1a: Kingambit|fallen4|[silent]
|-damage|p2a: Crawdaunt|91/100|[from] item: Life Orb
|
|upkeep
|
|t:|1760850924
|switch|p1a: Samurott|Samurott-Hisui, F, shiny|100/100
|-damage|p1a: Samurott|88/100|[from] Stealth Rock
|turn|18
|
|t:|1760850936
|move|p1a: Samurott|Razor Shell|p2a: Crawdaunt
|-resisted|p2a: Crawdaunt
|-damage|p2a: Crawdaunt|24/100
|move|p2a: Crawdaunt|Crunch|p1a: Samurott
|-resisted|p1a: Samurott
|-damage|p1a: Samurott|41/100
|-damage|p2a: Crawdaunt|14/100|[from] item: Life Orb
|
|upkeep
|turn|19
|
|t:|1760850950
|-terastallize|p2a: Crawdaunt|Water
|move|p2a: Crawdaunt|Aqua Jet|p1a: Samurott
|-resisted|p1a: Samurott
|-damage|p1a: Samurott|12/100
|-damage|p2a: Crawdaunt|5/100|[from] item: Life Orb
|move|p1a: Samurott|Razor Shell|p2a: Crawdaunt
|-resisted|p2a: Crawdaunt
|-damage|p2a: Crawdaunt|0 fnt
|faint|p2a: Crawdaunt
|
|win|HZBKAI7
|raw|HZBKAI7's rating: 1074 &rarr; <strong>1107</strong><br />(+33 for winning)
|raw|XXWQWE's rating: 1122 &rarr; <strong>1094</strong><br />(-28 for losing)
|l|☆HZBKAI7
|player|p1|
|l|☆XXWQWE
|player|p2|
