|j|☆jimmyjohns212
|j|☆Pkcoach
|t:|1760750223
|gametype|singles
|player|p1|jimmyjohns212|giovanni|1185
|player|p2|Pkcoach|mira|1155
|gen|9
|tier|[Gen 9] OU
|rated|
|rule|HP Percentage Mod: HP is shown in percentages
|rule|Endless Battle Clause: Forcing endless battles is banned
|rule|Species Clause: Limit one of each Pokémon
|rule|OHKO Clause: OHKO moves are banned
|rule|Evasion Items Clause: Evasion items are banned
|rule|Evasion Moves Clause: Evasion moves are banned
|rule|Evasion Abilities Clause: Evasion abilities are banned
|rule|Sleep Moves Clause: Sleep-inducing moves are banned
|clearpoke
|poke|p1|Walking Wake|
|poke|p1|Ninetales, F|
|poke|p1|Whimsicott, F|
|poke|p1|Great Tusk|
|poke|p1|Raging Bolt|
|poke|p1|Cosmoem|
|poke|p2|Lokix, M|
|poke|p2|Corviknight, M|
|poke|p2|Grimmsnarl, M|
|poke|p2|Landorus-Therian, M|
|poke|p2|Rotom-Wash|
|poke|p2|Slowking-Galar, M|
|teampreview
|inactive|Battle timer is ON: inactive players will automatically lose when time's up. (requested by jimmyjohns212)
|
|t:|1760750235
|teamsize|p1|6
|teamsize|p2|6
|start
|switch|p1a: Ninetales|Ninetales, F|100/100
|switch|p2a: Rotom|Rotom-Wash, shiny|100/100
|-weather|SunnyDay|[from] ability: Drought|[of] p1a: Ninetales
|turn|1
|
|t:|1760750245
|move|p2a: Rotom|Volt Switch|p1a: Ninetales
|-damage|p1a: Ninetales|59/100
|
|t:|1760750251
|switch|p2a: Slowking|Slowking-Galar, M, shiny|100/100|[from] Volt Switch
|move|p1a: Ninetales|Solar Beam||[still]
|-prepare|p1a: Ninetales|Solar Beam
|-anim|p1a: Ninetales|Solar Beam|p2a: Slowking
|-resisted|p2a: Slowking
|-damage|p2a: Slowking|91/100
|
|-weather|SunnyDay|[upkeep]
|upkeep
|turn|2
|
|t:|1760750261
|switch|p1a: Cosmoem|Cosmoem|100/100
|move|p2a: Slowking|Future Sight|p1a: Cosmoem
|-start|p2a: Slowking|move: Future Sight
|
|-weather|SunnyDay|[upkeep]
|upkeep
|turn|3
|
|t:|1760750268
|move|p2a: Slowking|Acid Spray|p1a: Cosmoem
|-damage|p1a: Cosmoem|87/100
|-unboost|p1a: Cosmoem|spd|2
|move|p1a: Cosmoem|Teleport|p1a: Cosmoem
|
|t:|1760750271
|switch|p1a: Great Tusk|Great Tusk|100/100|[from] Teleport
|-activate|p1a: Great Tusk|ability: Protosynthesis
|-start|p1a: Great Tusk|protosynthesisspe
|
|-weather|SunnyDay|[upkeep]
|upkeep
|turn|4
|
|t:|1760750280
|switch|p2a: Corviknight|Corviknight, M, shiny|100/100
|move|p1a: Great Tusk|Head Smash|p2a: Corviknight|[miss]
|-miss|p1a: Great Tusk|p2a: Corviknight
|
|-weather|SunnyDay|[upkeep]
|-end|p1a: Great Tusk|move: Future Sight
|-supereffective|p1a: Great Tusk
|-damage|p1a: Great Tusk|0 fnt
|faint|p1a: Great Tusk
|-end|p1a: Great Tusk|Protosynthesis|[silent]
|upkeep
|
|t:|1760750285
|switch|p1a: Walking Wake|Walking Wake|100/100
|-activate|p1a: Walking Wake|ability: Protosynthesis
|-start|p1a: Walking Wake|protosynthesisspe
|turn|5
|
|t:|1760750305
|switch|p2a: Slowking|Slowking-Galar, M, shiny|100/100
|-terastallize|p1a: Walking Wake|Water
|move|p1a: Walking Wake|Hydro Steam|p2a: Slowking
|-damage|p2a: Slowking|33/100
|
|-weather|SunnyDay|[upkeep]
|upkeep
|turn|6
|
|t:|1760750318
|move|p1a: Walking Wake|Hydro Steam|p2a: Slowking
|-damage|p2a: Slowking|0 fnt
|faint|p2a: Slowking
|
|-weather|SunnyDay|[upkeep]
|upkeep
|
|t:|1760750325
|switch|p2a: Grimmsnarl|Grimmsnarl, M|100/100
|turn|7
|
|t:|1760750332
|-end|p1a: Walking Wake|Protosynthesis|[silent]
|switch|p1a: Cosmoem|Cosmoem|87/100
|move|p2a: Grimmsnarl|Light Screen|p2a: Grimmsnarl
|-sidestart|p2: Pkcoach|move: Light Screen
|
|-weather|SunnyDay|[upkeep]
|upkeep
|turn|8
|
|t:|1760750339
|move|p2a: Grimmsnarl|Parting Shot|p1a: Cosmoem
|-unboost|p1a: Cosmoem|atk|1
|-unboost|p1a: Cosmoem|spa|1
|
|t:|1760750345
|switch|p2a: Lokix|Lokix, M|100/100|[from] Parting Shot
|move|p1a: Cosmoem|Teleport|p1a: Cosmoem
|
|t:|1760750350
|switch|p1a: Raging Bolt|Raging Bolt|100/100|[from] Teleport
|-activate|p1a: Raging Bolt|ability: Protosynthesis
|-start|p1a: Raging Bolt|protosynthesisspa
|
|-weather|none
|-end|p1a: Raging Bolt|Protosynthesis
|upkeep
|turn|9
|
|t:|1760750358
|move|p2a: Lokix|U-turn|p1a: Raging Bolt
|-damage|p1a: Raging Bolt|71/100
|-damage|p2a: Lokix|91/100|[from] item: Life Orb
|
|t:|1760750362
|switch|p2a: LANDO|Landorus-Therian, M, shiny|100/100|[from] U-turn
|-ability|p2a: LANDO|Intimidate|boost
|-unboost|p1a: Raging Bolt|atk|1
|move|p1a: Raging Bolt|Draco Meteor|p2a: LANDO
|-damage|p2a: LANDO|22/100
|-unboost|p1a: Raging Bolt|spa|2
|
|upkeep
|turn|10
|
|t:|1760750371
|-end|p1a: Raging Bolt|Protosynthesis|[silent]
|switch|p1a: Cosmoem|Cosmoem|87/100
|move|p2a: LANDO|Earthquake|p1a: Cosmoem
|-damage|p1a: Cosmoem|46/100
|
|upkeep
|turn|11
|
|t:|1760750378
|move|p2a: LANDO|Earthquake|p1a: Cosmoem
|-damage|p1a: Cosmoem|1/100
|move|p1a: Cosmoem|Teleport|p1a: Cosmoem
|
|t:|1760750380
|switch|p1a: Ninetales|Ninetales, F|59/100|[from] Teleport
|-weather|SunnyDay|[from] ability: Drought|[of] p1a: Ninetales
|
|-weather|SunnyDay|[upkeep]
|upkeep
|turn|12
|
|t:|1760750387
|switch|p1a: Cosmoem|Cosmoem|1/100
|move|p2a: LANDO|Earthquake|p1a: Cosmoem
|-damage|p1a: Cosmoem|0 fnt
|faint|p1a: Cosmoem
|
|-weather|SunnyDay|[upkeep]
|upkeep
|
|t:|1760750390
|switch|p1a: Whimsicott|Whimsicott, F|100/100
|turn|13
|
|t:|1760750413
|switch|p2a: Lokix|Lokix, M|91/100
|move|p1a: Whimsicott|Growth|p1a: Whimsicott
|-boost|p1a: Whimsicott|atk|2
|-boost|p1a: Whimsicott|spa|2
|
|-weather|SunnyDay|[upkeep]
|upkeep
|turn|14
|
|t:|1760750421
|move|p2a: Lokix|First Impression|p1a: Whimsicott
|-damage|p1a: Whimsicott|20/100
|-damage|p2a: Lokix|81/100|[from] item: Life Orb
|move|p1a: Whimsicott|Moonblast|p2a: Lokix
|-supereffective|p2a: Lokix
|-damage|p2a: Lokix|0 fnt
|faint|p2a: Lokix
|-damage|p1a: Whimsicott|10/100|[from] item: Life Orb
|
|-weather|SunnyDay|[upkeep]
|-sideend|p2: Pkcoach|move: Light Screen
|upkeep
|-message|Pkcoach forfeited.
|
|win|jimmyjohns212
|raw|jimmyjohns212's rating: 1185 &rarr; <strong>1208</strong><br />(+23 for winning)
|raw|Pkcoach's rating: 1155 &rarr; <strong>1132</strong><br />(-23 for losing)
|l|☆Pkcoach
|player|p2|
|l|☆jimmyjohns212
|player|p1|
