|j|☆one thundillion
|j|☆REX_1A91S
|t:|1760852263
|gametype|singles
|player|p1|one thundillion|beauty-gen6xy|1544
|player|p2|REX_1A91S|riley|1610
|gen|9
|tier|[Gen 9] OU
|rated|
|rule|HP Percentage Mod: HP is shown in percentages
|rule|Endless Battle Clause: Forcing endless battles is banned
|rule|Species Clause: Limit one of each Pokémon
|rule|OHKO Clause: OHKO moves are banned
|rule|Evasion Items Clause: Evasion items are banned
|rule|Evasion Moves Clause: Evasion moves are banned
|rule|Evasion Abilities Clause: Evasion abilities are banned
|rule|Sleep Moves Clause: Sleep-inducing moves are banned
|clearpoke
|poke|p1|Heatran, M|
|poke|p1|Ogerpon-Wellspring, F|
|poke|p1|Rillaboom, M|
|poke|p1|Great Tusk|
|poke|p1|Dragapult, M|
|poke|p1|Bronzong|
|poke|p2|Corviknight, F|
|poke|p2|Slowking-Galar, M|
|poke|p2|Pecharunt|
|poke|p2|Ogerpon-Wellspring, F|
|poke|p2|Great Tusk|
|poke|p2|Darkrai|
|teampreview
|inactive|Battle timer is ON: inactive players will automatically lose when time's up. (requested by one thundillion)
|inactive|one thundillion has 120 seconds left.
|
|t:|1760852316
|teamsize|p1|6
|teamsize|p2|6
|start
|switch|p1a: Dragapult|Dragapult, M|100/100
|switch|p2a: Ogerpon|Ogerpon-Wellspring, F|100/100
|turn|1
|
|t:|1760852323
|switch|p2a: Corviknight|Corviknight, F|100/100
|-ability|p2a: Corviknight|Pressure
|move|p1a: Dragapult|Draco Meteor|p2a: Corviknight
|-resisted|p2a: Corviknight
|-damage|p2a: Corviknight|58/100
|-unboost|p1a: Dragapult|spa|2
|
|upkeep
|turn|2
|
|t:|1760852332
|switch|p1a: Heatran|Heatran, M|100/100
|move|p2a: Corviknight|U-turn|p1a: Heatran
|-resisted|p1a: Heatran
|-damage|p1a: Heatran|98/100
|
|t:|1760852337
|switch|p2a: Ogerpon|Ogerpon-Wellspring, F|100/100|[from] U-turn
|
|-heal|p1a: Heatran|100/100|[from] item: Leftovers
|upkeep
|turn|3
|
|t:|1760852345
|switch|p1a: Rillaboom|Rillaboom, M|100/100
|-fieldstart|move: Grassy Terrain|[from] ability: Grassy Surge|[of] p1a: Rillaboom
|-terastallize|p2a: Ogerpon|Water
|detailschange|p2a: Ogerpon|Ogerpon-Wellspring-Tera, F, tera:Water
|-ability|p2a: Ogerpon|Embody Aspect (Wellspring)|boost
|-boost|p2a: Ogerpon|spd|1
|move|p2a: Ogerpon|Ivy Cudgel|p1a: Rillaboom|[anim] Ivy Cudgel Water
|-resisted|p1a: Rillaboom
|-damage|p1a: Rillaboom|66/100
|
|-heal|p1a: Rillaboom|72/100|[from] Grassy Terrain
|upkeep
|turn|4
|
|t:|1760852372
|switch|p2a: Corviknight|Corviknight, F|58/100
|-ability|p2a: Corviknight|Pressure
|move|p1a: Rillaboom|Grassy Glide|p2a: Corviknight
|-resisted|p2a: Corviknight
|-damage|p2a: Corviknight|51/100
|-damage|p1a: Rillaboom|55/100|[from] item: Rocky Helmet|[of] p2a: Corviknight
|
|-heal|p1a: Rillaboom|61/100|[from] Grassy Terrain
|upkeep
|turn|5
|inactive|REX_1A91S has 120 seconds left.
|
|t:|1760852401
|switch|p1a: Bronzong|Bronzong, shiny|100/100
|move|p2a: Corviknight|U-turn|p1a: Bronzong
|-damage|p1a: Bronzong|91/100
|
|t:|1760852406
|switch|p2a: Darkrai|Darkrai|100/100|[from] U-turn
|
|upkeep
|turn|6
|inactive|REX_1A91S has 120 seconds left.
|
|t:|1760852418
|-terastallize|p1a: Bronzong|Fighting
|move|p2a: Darkrai|Trick|p1a: Bronzong
|-activate|p2a: Darkrai|move: Trick|[of] p1a: Bronzong
|-item|p1a: Bronzong|Choice Scarf|[from] move: Trick
|-item|p2a: Darkrai|Colbur Berry|[from] move: Trick
|move|p1a: Bronzong|Body Press|p2a: Darkrai
|-supereffective|p2a: Darkrai
|-damage|p2a: Darkrai|0 fnt
|faint|p2a: Darkrai
|
|upkeep
|inactive|REX_1A91S has 120 seconds left.
|
|t:|1760852432
|switch|p2a: Corviknight|Corviknight, F|51/100
|-ability|p2a: Corviknight|Pressure
|turn|7
|
|t:|1760852438
|move|p2a: Corviknight|Roost|p2a: Corviknight
|-heal|p2a: Corviknight|100/100
|-singleturn|p2a: Corviknight|move: Roost
|move|p1a: Bronzong|Body Press|p2a: Corviknight
|-supereffective|p2a: Corviknight
|-damage|p2a: Corviknight|46/100
|-damage|p1a: Bronzong|74/100|[from] item: Rocky Helmet|[of] p2a: Corviknight
|
|-heal|p2a: Corviknight|52/100|[from] Grassy Terrain
|upkeep
|turn|8
|
|t:|1760852448
|switch|p1a: Dragapult|Dragapult, M|100/100
|move|p2a: Corviknight|Roost|p2a: Corviknight
|-heal|p2a: Corviknight|100/100
|-singleturn|p2a: Corviknight|move: Roost
|
|upkeep
|turn|9
|
|t:|1760852474
|switch|p2a: Slowking|Slowking-Galar, M|100/100
|move|p1a: Dragapult|Shadow Ball|p2a: Slowking
|-supereffective|p2a: Slowking
|-damage|p2a: Slowking|41/100
|
|-heal|p2a: Slowking|47/100|[from] Grassy Terrain
|upkeep
|turn|10
|
|t:|1760852490
|switch|p2a: Pecharunt|Pecharunt|100/100
|move|p1a: Dragapult|Shadow Ball|p2a: Pecharunt
|-supereffective|p2a: Pecharunt
|-damage|p2a: Pecharunt|0 fnt
|faint|p2a: Pecharunt
|
|-fieldend|move: Grassy Terrain
|upkeep
|
|t:|1760852497
|switch|p2a: Ogerpon|Ogerpon-Wellspring-Tera, F, tera:Water|100/100
|-ability|p2a: Ogerpon|Embody Aspect (Wellspring)|boost
|-boost|p2a: Ogerpon|spd|1
|turn|11
|
|t:|1760852510
|switch|p1a: Bronzong|Bronzong, shiny, tera:Fighting|74/100
|move|p2a: Ogerpon|Power Whip|p1a: Bronzong
|-damage|p1a: Bronzong|27/100
|
|upkeep
|turn|12
|
|t:|1760852516
|switch|p1a: Rillaboom|Rillaboom, M|61/100
|-fieldstart|move: Grassy Terrain|[from] ability: Grassy Surge|[of] p1a: Rillaboom
|move|p2a: Ogerpon|Ivy Cudgel|p1a: Rillaboom|[anim] Ivy Cudgel Water
|-resisted|p1a: Rillaboom
|-damage|p1a: Rillaboom|21/100
|
|-heal|p1a: Rillaboom|27/100|[from] Grassy Terrain
|upkeep
|turn|13
|
|t:|1760852525
|switch|p2a: Corviknight|Corviknight, F|100/100
|-ability|p2a: Corviknight|Pressure
|move|p1a: Rillaboom|Grassy Glide|p2a: Corviknight
|-resisted|p2a: Corviknight
|-damage|p2a: Corviknight|94/100
|-damage|p1a: Rillaboom|10/100|[from] item: Rocky Helmet|[of] p2a: Corviknight
|
|-heal|p1a: Rillaboom|17/100|[from] Grassy Terrain
|upkeep
|turn|14
|
|t:|1760852534
|switch|p1a: Bronzong|Bronzong, shiny, tera:Fighting|27/100
|move|p2a: Corviknight|U-turn|p1a: Bronzong
|-resisted|p1a: Bronzong
|-damage|p1a: Bronzong|23/100
|
|t:|1760852539
|switch|p2a: Great Tusk|Great Tusk|100/100|[from] U-turn
|-enditem|p2a: Great Tusk|Booster Energy
|-activate|p2a: Great Tusk|ability: Protosynthesis|[fromitem]
|-start|p2a: Great Tusk|protosynthesisspe
|
|upkeep
|turn|15
|inactive|one thundillion has 120 seconds left.
|
|t:|1760852572
|move|p2a: Great Tusk|Bulk Up|p2a: Great Tusk
|-boost|p2a: Great Tusk|atk|1
|-boost|p2a: Great Tusk|def|1
|move|p1a: Bronzong|Stealth Rock|p2a: Great Tusk
|-sidestart|p2: REX_1A91S|move: Stealth Rock
|
|upkeep
|turn|16
|
|t:|1760852578
|switch|p1a: Rillaboom|Rillaboom, M|17/100
|move|p2a: Great Tusk|Bulk Up|p2a: Great Tusk
|-boost|p2a: Great Tusk|atk|1
|-boost|p2a: Great Tusk|def|1
|
|-heal|p1a: Rillaboom|23/100|[from] Grassy Terrain
|upkeep
|turn|17
|
|t:|1760852586
|move|p1a: Rillaboom|Grassy Glide|p2a: Great Tusk
|-supereffective|p2a: Great Tusk
|-damage|p2a: Great Tusk|74/100
|move|p2a: Great Tusk|Ice Spinner|p1a: Rillaboom
|-supereffective|p1a: Rillaboom
|-damage|p1a: Rillaboom|0 fnt
|-fieldend|move: Grassy Terrain
|faint|p1a: Rillaboom
|
|upkeep
|
|t:|1760852589
|switch|p1a: Bronzong|Bronzong, shiny, tera:Fighting|23/100
|turn|18
|
|t:|1760852596
|move|p2a: Great Tusk|Ice Spinner|p1a: Bronzong
|-damage|p1a: Bronzong|0 fnt
|faint|p1a: Bronzong
|
|upkeep
|
|t:|1760852607
|switch|p1a: Great Tusk|Great Tusk|100/100
|turn|19
|
|t:|1760852610
|move|p2a: Great Tusk|Bulk Up|p2a: Great Tusk
|-boost|p2a: Great Tusk|atk|1
|-boost|p2a: Great Tusk|def|1
|move|p1a: Great Tusk|Ice Spinner|p2a: Great Tusk
|-supereffective|p2a: Great Tusk
|-damage|p2a: Great Tusk|60/100
|
|upkeep
|turn|20
|
|t:|1760852618
|move|p2a: Great Tusk|Bulk Up|p2a: Great Tusk
|-boost|p2a: Great Tusk|atk|1
|-boost|p2a: Great Tusk|def|1
|move|p1a: Great Tusk|Headlong Rush|p2a: Great Tusk
|-damage|p2a: Great Tusk|48/100
|-unboost|p1a: Great Tusk|def|1
|-unboost|p1a: Great Tusk|spd|1
|
|upkeep
|turn|21
|
|t:|1760852632
|move|p2a: Great Tusk|Ice Spinner|p1a: Great Tusk
|-supereffective|p1a: Great Tusk
|-damage|p1a: Great Tusk|0 fnt
|faint|p1a: Great Tusk
|-end|p1a: Great Tusk|Protosynthesis|[silent]
|
|upkeep
|
|t:|1760852635
|switch|p1a: Ogerpon|Ogerpon-Wellspring, F|100/100
|turn|22
|
|t:|1760852643
|move|p2a: Great Tusk|Head Smash|p1a: Ogerpon
|-damage|p1a: Ogerpon|0 fnt
|faint|p1a: Ogerpon
|-damage|p2a: Great Tusk|13/100|[from] Recoil
|
|upkeep
|
|t:|1760852647
|switch|p1a: Dragapult|Dragapult, M|100/100
|turn|23
|
|t:|1760852651
|move|p2a: Great Tusk|Headlong Rush|p1a: Dragapult
|-damage|p1a: Dragapult|0 fnt
|-unboost|p2a: Great Tusk|def|1
|-unboost|p2a: Great Tusk|spd|1
|faint|p1a: Dragapult
|
|upkeep
|inactive|one thundillion has 120 seconds left.
|
|t:|1760852700
|switch|p1a: Heatran|Heatran, M|100/100
|turn|24
|
|t:|1760852703
|move|p2a: Great Tusk|Headlong Rush|p1a: Heatran
|-supereffective|p1a: Heatran
|-damage|p1a: Heatran|0 fnt
|-unboost|p2a: Great Tusk|def|1
|-unboost|p2a: Great Tusk|spd|1
|faint|p1a: Heatran
|
|win|REX_1A91S
|raw|one thundillion's rating: 1501 &rarr; <strong>1487</strong><br />(-14 for losing)
|raw|REX_1A91S's rating: 1610 &rarr; <strong>1624</strong><br />(+14 for winning)
|l|☆one thundillion
|player|p1|
|l|☆REX_1A91S
|player|p2|
