|j|☆ineverhaxed
|j|☆elite four jesus
|t:|1760743440
|gametype|singles
|player|p1|ineverhaxed|1|1177
|player|p2|elite four jesus|musician|1180
|gen|9
|tier|[Gen 9] OU
|rated|
|rule|HP Percentage Mod: HP is shown in percentages
|rule|Endless Battle Clause: Forcing endless battles is banned
|rule|Species Clause: Limit one of each Pokémon
|rule|OHKO Clause: OHKO moves are banned
|rule|Evasion Items Clause: Evasion items are banned
|rule|Evasion Moves Clause: Evasion moves are banned
|rule|Evasion Abilities Clause: Evasion abilities are banned
|rule|Sleep Moves Clause: Sleep-inducing moves are banned
|clearpoke
|poke|p1|Qwilfish-Hisui, F|
|poke|p1|Cloyster, F|
|poke|p1|Blissey, F|
|poke|p1|Darkrai|
|poke|p1|Cinderace, F|
|poke|p1|Lokix, F|
|poke|p2|Kyurem|
|poke|p2|Slowking-Galar, M|
|poke|p2|Ogerpon-Wellspring, F|
|poke|p2|Kingambit, M|
|poke|p2|Persian, F|
|poke|p2|Great Tusk|
|teampreview
|
|t:|1760743468
|teamsize|p1|6
|teamsize|p2|6
|start
|switch|p1a: Qwilfish|Qwilfish-Hisui, F|100/100
|switch|p2a: pokemon isnt dead|Persian, F, shiny|100/100
|turn|1
|
|t:|1760743475
|move|p2a: pokemon isnt dead|Fake Out|p1a: Qwilfish
|-damage|p1a: Qwilfish|84/100
|cant|p1a: Qwilfish|flinch
|
|upkeep
|turn|2
|
|t:|1760743480
|move|p2a: pokemon isnt dead|Taunt|p1a: Qwilfish
|-start|p1a: Qwilfish|move: Taunt
|cant|p1a: Qwilfish|move: Taunt|Spikes
|
|upkeep
|turn|3
|
|t:|1760743484
|move|p2a: pokemon isnt dead|Knock Off|p1a: Qwilfish
|-resisted|p1a: Qwilfish
|-damage|p1a: Qwilfish|76/100
|-enditem|p1a: Qwilfish|Eviolite|[from] move: Knock Off|[of] p2a: pokemon isnt dead
|move|p1a: Qwilfish|Barb Barrage|p2a: pokemon isnt dead
|-damage|p2a: pokemon isnt dead|65/100
|-status|p2a: pokemon isnt dead|psn
|
|-damage|p2a: pokemon isnt dead|53/100 psn|[from] psn
|upkeep
|turn|4
|
|t:|1760743495
|move|p2a: pokemon isnt dead|U-turn|p1a: Qwilfish
|-damage|p1a: Qwilfish|55/100
|
|t:|1760743503
|switch|p2a: POKEMON IS D3AD|Slowking-Galar, M|100/100|[from] U-turn
|move|p1a: Qwilfish|Barb Barrage|p2a: POKEMON IS D3AD
|-resisted|p2a: POKEMON IS D3AD
|-damage|p2a: POKEMON IS D3AD|91/100
|
|-end|p1a: Qwilfish|move: Taunt
|upkeep
|turn|5
|
|t:|1760743514
|move|p1a: Qwilfish|Spikes|p2a: POKEMON IS D3AD
|-sidestart|p2: elite four jesus|Spikes
|move|p2a: POKEMON IS D3AD|Future Sight|p1a: Qwilfish
|-start|p2a: POKEMON IS D3AD|move: Future Sight
|
|upkeep
|turn|6
|
|t:|1760743523
|switch|p1a: Blissey|Blissey, F|100/100
|-prepare|p2a: POKEMON IS D3AD|Chilly Reception|[premajor]
|move|p2a: POKEMON IS D3AD|Chilly Reception|p2a: POKEMON IS D3AD
|-weather|Snowscape
|
|t:|1760743532
|switch|p2a: POKEMON IS DEAD|Ogerpon-Wellspring, F|100/100|[from] Chilly Reception
|-damage|p2a: POKEMON IS DEAD|88/100|[from] Spikes
|
|-weather|Snowscape|[upkeep]
|upkeep
|turn|7
|
|t:|1760743537
|switch|p1a: Qwilfish|Qwilfish-Hisui, F|55/100
|move|p2a: POKEMON IS DEAD|Ivy Cudgel|p1a: Qwilfish|[anim] Ivy Cudgel Water
|-damage|p1a: Qwilfish|0 fnt
|faint|p1a: Qwilfish
|
|-weather|Snowscape|[upkeep]
|-hint|Future Sight did not hit because the target is fainted.
|upkeep
|
|t:|1760743543
|switch|p1a: Cinderace|Cinderace, F|100/100
|turn|8
|
|t:|1760743548
|-terastallize|p2a: POKEMON IS DEAD|Water
|detailschange|p2a: POKEMON IS DEAD|Ogerpon-Wellspring-Tera, F, tera:Water
|-ability|p2a: POKEMON IS DEAD|Embody Aspect (Wellspring)|boost
|-boost|p2a: POKEMON IS DEAD|spd|1
|move|p1a: Cinderace|Acrobatics|p2a: POKEMON IS DEAD
|-start|p1a: Cinderace|typechange|Flying|[from] ability: Libero
|-damage|p2a: POKEMON IS DEAD|57/100
|move|p2a: POKEMON IS DEAD|Ivy Cudgel|p1a: Cinderace|[anim] Ivy Cudgel Water
|-damage|p1a: Cinderace|6/100
|-enditem|p1a: Cinderace|Red Card|[of] p2a: POKEMON IS DEAD
|drag|p2a: pokemon is /bye|Great Tusk|100/100
|-damage|p2a: pokemon is /bye|88/100|[from] Spikes
|
|-weather|Snowscape|[upkeep]
|-heal|p2a: pokemon is /bye|94/100|[from] item: Leftovers
|upkeep
|turn|9
|
|t:|1760743563
|move|p1a: Cinderace|Acrobatics|p2a: pokemon is /bye
|-supereffective|p2a: pokemon is /bye
|-damage|p2a: pokemon is /bye|45/100
|move|p2a: pokemon is /bye|Rapid Spin|p1a: Cinderace
|-damage|p1a: Cinderace|0 fnt
|-boost|p2a: pokemon is /bye|spe|1
|-sideend|p2: elite four jesus|Spikes|[from] move: Rapid Spin|[of] p2a: pokemon is /bye
|faint|p1a: Cinderace
|
|-weather|Snowscape|[upkeep]
|-heal|p2a: pokemon is /bye|51/100|[from] item: Leftovers
|upkeep
|
|t:|1760743573
|switch|p1a: Cloyster|Cloyster, F|100/100
|turn|10
|
|t:|1760743581
|-terastallize|p1a: Cloyster|Ghost
|move|p2a: pokemon is /bye|Stealth Rock|p1a: Cloyster
|-sidestart|p1: ineverhaxed|move: Stealth Rock
|move|p1a: Cloyster|Shell Smash|p1a: Cloyster
|-unboost|p1a: Cloyster|def|1
|-unboost|p1a: Cloyster|spd|1
|-boost|p1a: Cloyster|atk|2
|-boost|p1a: Cloyster|spa|2
|-boost|p1a: Cloyster|spe|2
|
|-weather|none
|-heal|p2a: pokemon is /bye|57/100|[from] item: Leftovers
|upkeep
|turn|11
|
|t:|1760743592
|move|p1a: Cloyster|Icicle Spear|p2a: pokemon is /bye
|-supereffective|p2a: pokemon is /bye
|-damage|p2a: pokemon is /bye|33/100
|-supereffective|p2a: pokemon is /bye
|-damage|p2a: pokemon is /bye|9/100
|-supereffective|p2a: pokemon is /bye
|-damage|p2a: pokemon is /bye|0 fnt
|faint|p2a: pokemon is /bye
|-end|p2a: pokemon is /bye|Protosynthesis|[silent]
|-hitcount|p2: pokemon is /bye|3
|
|upkeep
|
|t:|1760743603
|switch|p2a: POKEMON IS D3AD|Slowking-Galar, M|100/100
|turn|12
|
|t:|1760743606
|move|p1a: Cloyster|Tera Blast|p2a: POKEMON IS D3AD|[anim] Tera Blast Ghost
|-supereffective|p2a: POKEMON IS D3AD
|-damage|p2a: POKEMON IS D3AD|0 fnt
|faint|p2a: POKEMON IS D3AD
|
|upkeep
|
|t:|1760743615
|switch|p2a: PHO-KEMON IS DEAD|Kyurem, shiny|100/100
|-ability|p2a: PHO-KEMON IS DEAD|Pressure
|turn|13
|
|t:|1760743622
|move|p1a: Cloyster|Icicle Spear|p2a: PHO-KEMON IS DEAD
|-crit|p2a: PHO-KEMON IS DEAD
|-damage|p2a: PHO-KEMON IS DEAD|68/100
|-damage|p2a: PHO-KEMON IS DEAD|46/100
|-damage|p2a: PHO-KEMON IS DEAD|25/100
|-damage|p2a: PHO-KEMON IS DEAD|3/100
|-damage|p2a: PHO-KEMON IS DEAD|0 fnt
|faint|p2a: PHO-KEMON IS DEAD
|-hitcount|p2: PHO-KEMON IS DEAD|5
|
|upkeep
|
|t:|1760743631
|switch|p2a: POKEMON IS DEAD|Ogerpon-Wellspring-Tera, F, tera:Water|57/100
|-ability|p2a: POKEMON IS DEAD|Embody Aspect (Wellspring)|boost
|-boost|p2a: POKEMON IS DEAD|spd|1
|turn|14
|
|t:|1760743635
|move|p1a: Cloyster|Tera Blast|p2a: POKEMON IS DEAD|[anim] Tera Blast Ghost
|-damage|p2a: POKEMON IS DEAD|0 fnt
|faint|p2a: POKEMON IS DEAD
|detailschange|p2: POKEMON IS DEAD|Ogerpon-Wellspring, F|[silent]
|
|upkeep
|
|t:|1760743640
|switch|p2a: pokemon isnt dead|Persian, F, shiny|53/100 psn
|turn|15
|
|t:|1760743644
|move|p1a: Cloyster|Icicle Spear|p2a: pokemon isnt dead
|-damage|p2a: pokemon isnt dead|10/100 psn
|-damage|p2a: pokemon isnt dead|0 fnt
|faint|p2a: pokemon isnt dead
|-hitcount|p2: pokemon isnt dead|2
|
|upkeep
|
|t:|1760743649
|switch|p2a: okemon is dead|Kingambit, M|100/100
|-activate|p2a: okemon is dead|ability: Supreme Overlord
|-start|p2a: okemon is dead|fallen5|[silent]
|turn|16
|
|t:|1760743658
|move|p1a: Cloyster|Icicle Spear|p2a: okemon is dead
|-resisted|p2a: okemon is dead
|-damage|p2a: okemon is dead|92/100
|-resisted|p2a: okemon is dead
|-damage|p2a: okemon is dead|83/100
|-resisted|p2a: okemon is dead
|-damage|p2a: okemon is dead|75/100
|-resisted|p2a: okemon is dead
|-damage|p2a: okemon is dead|66/100
|-resisted|p2a: okemon is dead
|-damage|p2a: okemon is dead|58/100
|-hitcount|p2a: okemon is dead|5
|move|p2a: okemon is dead|Swords Dance|p2a: okemon is dead
|-boost|p2a: okemon is dead|atk|2
|
|-heal|p2a: okemon is dead|64/100|[from] item: Leftovers
|upkeep
|turn|17
|
|t:|1760743672
|move|p1a: Cloyster|Icicle Spear|p2a: okemon is dead
|-resisted|p2a: okemon is dead
|-damage|p2a: okemon is dead|56/100
|-resisted|p2a: okemon is dead
|-damage|p2a: okemon is dead|47/100
|-resisted|p2a: okemon is dead
|-damage|p2a: okemon is dead|38/100
|-resisted|p2a: okemon is dead
|-damage|p2a: okemon is dead|28/100
|-resisted|p2a: okemon is dead
|-damage|p2a: okemon is dead|20/100
|-hitcount|p2a: okemon is dead|5
|move|p2a: okemon is dead|Kowtow Cleave|p1a: Cloyster
|-supereffective|p1a: Cloyster
|-enditem|p1a: Cloyster|Focus Sash
|-damage|p1a: Cloyster|1/100
|
|-heal|p2a: okemon is dead|26/100|[from] item: Leftovers
|upkeep
|turn|18
|
|t:|1760743687
|move|p1a: Cloyster|Ice Shard|p2a: okemon is dead
|-resisted|p2a: okemon is dead
|-damage|p2a: okemon is dead|13/100
|move|p2a: okemon is dead|Sucker Punch||[still]
|-fail|p2a: okemon is dead
|
|-heal|p2a: okemon is dead|19/100|[from] item: Leftovers
|upkeep
|turn|19
|
|t:|1760743694
|move|p1a: Cloyster|Icicle Spear|p2a: okemon is dead
|-resisted|p2a: okemon is dead
|-damage|p2a: okemon is dead|10/100
|-resisted|p2a: okemon is dead
|-damage|p2a: okemon is dead|1/100
|-resisted|p2a: okemon is dead
|-damage|p2a: okemon is dead|0 fnt
|faint|p2a: okemon is dead
|-end|p2a: okemon is dead|fallen5|[silent]
|-hitcount|p2: okemon is dead|3
|
|win|ineverhaxed
|raw|ineverhaxed's rating: 1177 &rarr; <strong>1202</strong><br />(+25 for winning)
|raw|elite four jesus's rating: 1180 &rarr; <strong>1155</strong><br />(-25 for losing)
|l|☆elite four jesus
|player|p2|
|l|☆ineverhaxed
|player|p1|
