|j|☆SmallKuza1888
|j|☆Test4823
|t:|1760847553
|gametype|singles
|player|p1|SmallKuza1888|cyclist-gen4|1596
|player|p2|Test4823|266|1501
|gen|9
|tier|[Gen 9] OU
|rated|
|rule|HP Percentage Mod: HP is shown in percentages
|rule|Endless Battle Clause: Forcing endless battles is banned
|rule|Species Clause: Limit one of each Pokémon
|rule|OHKO Clause: OHKO moves are banned
|rule|Evasion Items Clause: Evasion items are banned
|rule|Evasion Moves Clause: Evasion moves are banned
|rule|Evasion Abilities Clause: Evasion abilities are banned
|rule|Sleep Moves Clause: Sleep-inducing moves are banned
|clearpoke
|poke|p1|Tyranitar, F|
|poke|p1|Excadrill, M|
|poke|p1|Sinistcha|
|poke|p1|Tinkaton, F|
|poke|p1|Toxapex, F|
|poke|p1|Tornadus-Therian, M|
|poke|p2|Landorus-Therian, M|
|poke|p2|Heatran, F|
|poke|p2|Toxapex, F|
|poke|p2|Goodra-Hisui, F|
|poke|p2|Meowscarada, M|
|poke|p2|Weezing-Galar, F|
|teampreview
|inactive|Battle timer is ON: inactive players will automatically lose when time's up. (requested by Test4823)
|
|t:|1760847582
|teamsize|p1|6
|teamsize|p2|6
|start
|switch|p1a: Tinkaton|Tinkaton, F|100/100
|switch|p2a: Meowscarada|Meowscarada, M|100/100
|-ability|p1a: Tinkaton|Mold Breaker
|-item|p1a: Tinkaton|Air Balloon
|turn|1
|
|t:|1760847586
|move|p2a: Meowscarada|U-turn|p1a: Tinkaton
|-start|p2a: Meowscarada|typechange|Bug|[from] ability: Protean
|-resisted|p1a: Tinkaton
|-damage|p1a: Tinkaton|88/100
|-enditem|p1a: Tinkaton|Air Balloon
|
|t:|1760847588
|switch|p2a: Landorus|Landorus-Therian, M|100/100|[from] U-turn
|-ability|p2a: Landorus|Intimidate|boost
|-unboost|p1a: Tinkaton|atk|1
|move|p1a: Tinkaton|Stealth Rock|p2a: Landorus
|-sidestart|p2: Test4823|move: Stealth Rock
|
|upkeep
|turn|2
|
|t:|1760847596
|switch|p1a: Tornadus|Tornadus-Therian, M|100/100
|move|p2a: Landorus|Earthquake|p1a: Tornadus
|-immune|p1a: Tornadus
|
|upkeep
|turn|3
|
|t:|1760847602
|switch|p2a: Goodra|Goodra-Hisui, F|100/100
|-damage|p2a: Goodra|94/100|[from] Stealth Rock
|move|p1a: Tornadus|Bleakwind Storm|p2a: Goodra
|-resisted|p2a: Goodra
|-damage|p2a: Goodra|72/100
|
|-heal|p2a: Goodra|78/100|[from] item: Leftovers
|upkeep
|turn|4
|
|t:|1760847606
|switch|p1a: Toxapex|Toxapex, F|100/100
|move|p2a: Goodra|Knock Off|p1a: Toxapex
|-damage|p1a: Toxapex|83/100
|-enditem|p1a: Toxapex|Eject Button|[from] move: Knock Off|[of] p2a: Goodra
|
|-heal|p2a: Goodra|84/100|[from] item: Leftovers
|upkeep
|turn|5
|
|t:|1760847613
|switch|p2a: Toxapex|Toxapex, F|100/100
|-damage|p2a: Toxapex|88/100|[from] Stealth Rock
|switch|p1a: Tyranitar|Tyranitar, F|100/100
|-weather|Sandstorm|[from] ability: Sand Stream|[of] p1a: Tyranitar
|
|-weather|Sandstorm|[upkeep]
|-damage|p2a: Toxapex|82/100|[from] Sandstorm
|upkeep
|turn|6
|
|t:|1760847621
|move|p1a: Tyranitar|Earthquake|p2a: Toxapex
|-supereffective|p2a: Toxapex
|-damage|p2a: Toxapex|0 fnt
|faint|p2a: Toxapex
|
|-weather|Sandstorm|[upkeep]
|upkeep
|
|t:|1760847627
|switch|p2a: Heatran|Heatran, F|100/100
|-damage|p2a: Heatran|88/100|[from] Stealth Rock
|-item|p2a: Heatran|Air Balloon
|turn|7
|
|t:|1760847635
|switch|p1a: Tornadus|Tornadus-Therian, M|100/100
|move|p2a: Heatran|Flash Cannon|p1a: Tornadus
|-damage|p1a: Tornadus|47/100
|
|-weather|Sandstorm|[upkeep]
|-damage|p1a: Tornadus|41/100|[from] Sandstorm
|upkeep
|turn|8
|
|t:|1760847640
|move|p1a: Tornadus|Focus Blast|p2a: Heatran|[miss]
|-miss|p1a: Tornadus|p2a: Heatran
|move|p2a: Heatran|Flash Cannon|p1a: Tornadus
|-damage|p1a: Tornadus|0 fnt
|faint|p1a: Tornadus
|
|-weather|Sandstorm|[upkeep]
|upkeep
|
|t:|1760847648
|switch|p1a: Tinkaton|Tinkaton, F|88/100
|-ability|p1a: Tinkaton|Mold Breaker
|turn|9
|
|t:|1760847651
|move|p1a: Tinkaton|Knock Off|p2a: Heatran
|-damage|p2a: Heatran|74/100
|-enditem|p2a: Heatran|Air Balloon
|move|p2a: Heatran|Magma Storm|p1a: Tinkaton
|-supereffective|p1a: Tinkaton
|-damage|p1a: Tinkaton|0 fnt
|faint|p1a: Tinkaton
|
|-weather|none
|upkeep
|
|t:|1760847656
|switch|p1a: Tyranitar|Tyranitar, F|100/100
|-weather|Sandstorm|[from] ability: Sand Stream|[of] p1a: Tyranitar
|turn|10
|
|t:|1760847662
|switch|p2a: Weezing|Weezing-Galar, F|100/100
|-damage|p2a: Weezing|88/100|[from] Stealth Rock
|move|p1a: Tyranitar|Stone Edge|p2a: Weezing
|-damage|p2a: Weezing|0 fnt
|faint|p2a: Weezing
|
|-weather|Sandstorm|[upkeep]
|upkeep
|
|t:|1760847667
|switch|p2a: Goodra|Goodra-Hisui, F|84/100
|-damage|p2a: Goodra|78/100|[from] Stealth Rock
|turn|11
|
|t:|1760847670
|switch|p1a: Toxapex|Toxapex, F|100/100
|move|p2a: Goodra|Knock Off|p1a: Toxapex
|-damage|p1a: Toxapex|89/100
|
|-weather|Sandstorm|[upkeep]
|-damage|p1a: Toxapex|83/100|[from] Sandstorm
|-heal|p2a: Goodra|84/100|[from] item: Leftovers
|upkeep
|turn|12
|
|t:|1760847674
|move|p1a: Toxapex|Toxic Spikes|p2a: Goodra
|-sidestart|p2: Test4823|move: Toxic Spikes
|move|p2a: Goodra|Dragon Tail|p1a: Toxapex
|-damage|p1a: Toxapex|66/100
|drag|p1a: Excadrill|Excadrill, M|100/100
|
|-weather|Sandstorm|[upkeep]
|-heal|p2a: Goodra|90/100|[from] item: Leftovers
|upkeep
|turn|13
|
|t:|1760847681
|move|p2a: Goodra|Protect|p2a: Goodra
|-singleturn|p2a: Goodra|Protect
|move|p1a: Excadrill|Earthquake|p2a: Goodra
|-activate|p2a: Goodra|move: Protect
|
|-weather|Sandstorm|[upkeep]
|-heal|p2a: Goodra|96/100|[from] item: Leftovers
|upkeep
|turn|14
|
|t:|1760847684
|switch|p1a: Sinistcha|Sinistcha|100/100
|switch|p2a: Landorus|Landorus-Therian, M|100/100
|-damage|p2a: Landorus|88/100|[from] Stealth Rock
|-ability|p2a: Landorus|Intimidate|boost
|-unboost|p1a: Sinistcha|atk|1
|
|-weather|none
|upkeep
|turn|15
|
|t:|1760847690
|move|p2a: Landorus|Stealth Rock|p1a: Sinistcha
|-sidestart|p1: SmallKuza1888|move: Stealth Rock
|move|p1a: Sinistcha|Shadow Ball|p2a: Landorus
|-damage|p2a: Landorus|45/100
|-unboost|p2a: Landorus|spd|1
|
|upkeep
|turn|16
|
|t:|1760847694
|switch|p2a: Goodra|Goodra-Hisui, F|96/100
|-damage|p2a: Goodra|90/100|[from] Stealth Rock
|move|p1a: Sinistcha|Shadow Ball|p2a: Goodra
|-damage|p2a: Goodra|68/100
|-unboost|p2a: Goodra|spd|1
|
|-heal|p2a: Goodra|74/100|[from] item: Leftovers
|upkeep
|turn|17
|
|t:|1760847701
|move|p1a: Sinistcha|Shadow Ball|p2a: Goodra
|-damage|p2a: Goodra|39/100
|move|p2a: Goodra|Dragon Tail|p1a: Sinistcha
|-damage|p1a: Sinistcha|85/100
|drag|p1a: Excadrill|Excadrill, M|100/100
|-damage|p1a: Excadrill|97/100|[from] Stealth Rock
|
|-heal|p2a: Goodra|45/100|[from] item: Leftovers
|upkeep
|turn|18
|
|t:|1760847707
|move|p2a: Goodra|Protect|p2a: Goodra
|-singleturn|p2a: Goodra|Protect
|move|p1a: Excadrill|Earthquake|p2a: Goodra
|-activate|p2a: Goodra|move: Protect
|
|-heal|p2a: Goodra|51/100|[from] item: Leftovers
|upkeep
|turn|19
|
|t:|1760847712
|move|p1a: Excadrill|Rapid Spin|p2a: Goodra
|-resisted|p2a: Goodra
|-damage|p2a: Goodra|43/100
|-boost|p1a: Excadrill|spe|1
|-sideend|p1: SmallKuza1888|Stealth Rock|[from] move: Rapid Spin|[of] p1a: Excadrill
|move|p2a: Goodra|Knock Off|p1a: Excadrill
|-damage|p1a: Excadrill|66/100
|-enditem|p1a: Excadrill|Loaded Dice|[from] move: Knock Off|[of] p2a: Goodra
|
|-heal|p2a: Goodra|49/100|[from] item: Leftovers
|upkeep
|turn|20
|
|t:|1760847724
|switch|p2a: Heatran|Heatran, F|74/100
|-damage|p2a: Heatran|61/100|[from] Stealth Rock
|move|p1a: Excadrill|Earthquake|p2a: Heatran
|-supereffective|p2a: Heatran
|-damage|p2a: Heatran|0 fnt
|faint|p2a: Heatran
|
|upkeep
|
|t:|1760847729
|switch|p2a: Landorus|Landorus-Therian, M|45/100
|-damage|p2a: Landorus|33/100|[from] Stealth Rock
|-ability|p2a: Landorus|Intimidate|boost
|-unboost|p1a: Excadrill|atk|1
|turn|21
|
|t:|1760847738
|move|p2a: Landorus|Earthquake|p1a: Excadrill
|-supereffective|p1a: Excadrill
|-damage|p1a: Excadrill|0 fnt
|faint|p1a: Excadrill
|
|upkeep
|
|t:|1760847741
|switch|p1a: Sinistcha|Sinistcha|85/100
|turn|22
|
|t:|1760847745
|switch|p2a: Goodra|Goodra-Hisui, F|49/100
|-damage|p2a: Goodra|43/100|[from] Stealth Rock
|move|p1a: Sinistcha|Matcha Gotcha|p2a: Goodra
|-ability|p2a: Goodra|Sap Sipper|boost
|-boost|p2a: Goodra|atk|1
|
|-heal|p1a: Sinistcha|91/100|[from] item: Leftovers
|-heal|p2a: Goodra|49/100|[from] item: Leftovers
|upkeep
|turn|23
|
|t:|1760847754
|move|p2a: Goodra|Protect|p2a: Goodra
|-singleturn|p2a: Goodra|Protect
|move|p1a: Sinistcha|Shadow Ball|p2a: Goodra
|-activate|p2a: Goodra|move: Protect
|
|-heal|p1a: Sinistcha|97/100|[from] item: Leftovers
|-heal|p2a: Goodra|55/100|[from] item: Leftovers
|upkeep
|turn|24
|
|t:|1760847757
|move|p1a: Sinistcha|Shadow Ball|p2a: Goodra
|-damage|p2a: Goodra|35/100
|move|p2a: Goodra|Knock Off|p1a: Sinistcha
|-supereffective|p1a: Sinistcha
|-damage|p1a: Sinistcha|49/100
|-enditem|p1a: Sinistcha|Leftovers|[from] move: Knock Off|[of] p2a: Goodra
|
|-heal|p2a: Goodra|41/100|[from] item: Leftovers
|upkeep
|turn|25
|
|t:|1760847766
|move|p1a: Sinistcha|Strength Sap|p2a: Goodra
|-ability|p2a: Goodra|Sap Sipper|boost
|-boost|p2a: Goodra|atk|1
|move|p2a: Goodra|Dragon Tail|p1a: Sinistcha
|-damage|p1a: Sinistcha|22/100
|drag|p1a: Toxapex|Toxapex, F|99/100
|
|-heal|p2a: Goodra|47/100|[from] item: Leftovers
|upkeep
|turn|26
|
|t:|1760847774
|move|p1a: Toxapex|Haze|p1a: Toxapex
|-clearallboost
|move|p2a: Goodra|Dragon Tail|p1a: Toxapex
|-damage|p1a: Toxapex|84/100
|drag|p1a: Tyranitar|Tyranitar, F|100/100
|-weather|Sandstorm|[from] ability: Sand Stream|[of] p1a: Tyranitar
|
|-weather|Sandstorm|[upkeep]
|-heal|p2a: Goodra|53/100|[from] item: Leftovers
|upkeep
|turn|27
|
|t:|1760847784
|move|p2a: Goodra|Protect|p2a: Goodra
|-singleturn|p2a: Goodra|Protect
|move|p1a: Tyranitar|Knock Off|p2a: Goodra
|-activate|p2a: Goodra|move: Protect
|
|-weather|Sandstorm|[upkeep]
|-heal|p2a: Goodra|59/100|[from] item: Leftovers
|upkeep
|turn|28
|
|t:|1760847791
|switch|p2a: Landorus|Landorus-Therian, M|33/100
|-damage|p2a: Landorus|21/100|[from] Stealth Rock
|-ability|p2a: Landorus|Intimidate|boost
|-unboost|p1a: Tyranitar|atk|1
|move|p1a: Tyranitar|Knock Off|p2a: Landorus
|-damage|p2a: Landorus|0 fnt
|-enditem|p2a: Landorus|Choice Scarf|[from] move: Knock Off|[of] p1a: Tyranitar
|faint|p2a: Landorus
|
|-weather|Sandstorm|[upkeep]
|upkeep
|
|t:|1760847803
|switch|p2a: Goodra|Goodra-Hisui, F|59/100
|-damage|p2a: Goodra|53/100|[from] Stealth Rock
|turn|29
|
|t:|1760847810
|move|p2a: Goodra|Protect|p2a: Goodra
|-singleturn|p2a: Goodra|Protect
|move|p1a: Tyranitar|Knock Off|p2a: Goodra
|-activate|p2a: Goodra|move: Protect
|
|-weather|Sandstorm|[upkeep]
|-heal|p2a: Goodra|59/100|[from] item: Leftovers
|upkeep
|turn|30
|
|t:|1760847813
|move|p1a: Tyranitar|Knock Off|p2a: Goodra
|-damage|p2a: Goodra|10/100
|-enditem|p2a: Goodra|Leftovers|[from] move: Knock Off|[of] p1a: Tyranitar
|move|p2a: Goodra|Flash Cannon|p1a: Tyranitar
|-supereffective|p1a: Tyranitar
|-damage|p1a: Tyranitar|57/100
|
|-weather|none
|upkeep
|turn|31
|
|t:|1760847820
|move|p2a: Goodra|Protect|p2a: Goodra
|-singleturn|p2a: Goodra|Protect
|move|p1a: Tyranitar|Knock Off|p2a: Goodra
|-activate|p2a: Goodra|move: Protect
|
|upkeep
|turn|32
|
|t:|1760847823
|move|p1a: Tyranitar|Knock Off|p2a: Goodra
|-damage|p2a: Goodra|0 fnt
|faint|p2a: Goodra
|
|upkeep
|
|t:|1760847826
|switch|p2a: Meowscarada|Meowscarada, M|100/100
|-damage|p2a: Meowscarada|88/100|[from] Stealth Rock
|-status|p2a: Meowscarada|psn
|turn|33
|
|t:|1760847832
|switch|p1a: Sinistcha|Sinistcha|22/100
|move|p2a: Meowscarada|Flower Trick|p1a: Sinistcha
|-start|p2a: Meowscarada|typechange|Grass|[from] ability: Protean
|-resisted|p1a: Sinistcha
|-crit|p1a: Sinistcha
|-damage|p1a: Sinistcha|0 fnt
|faint|p1a: Sinistcha
|
|-damage|p2a: Meowscarada|76/100 psn|[from] psn
|upkeep
|
|t:|1760847838
|switch|p1a: Tyranitar|Tyranitar, F|57/100
|-weather|Sandstorm|[from] ability: Sand Stream|[of] p1a: Tyranitar
|turn|34
|
|t:|1760847843
|-terastallize|p2a: Meowscarada|Grass
|-terastallize|p1a: Tyranitar|Poison
|move|p2a: Meowscarada|Flower Trick|p1a: Tyranitar
|-resisted|p1a: Tyranitar
|-crit|p1a: Tyranitar
|-damage|p1a: Tyranitar|11/100
|move|p1a: Tyranitar|Knock Off|p2a: Meowscarada
|-damage|p2a: Meowscarada|0 fnt
|-enditem|p2a: Meowscarada|Choice Band|[from] move: Knock Off|[of] p1a: Tyranitar
|faint|p2a: Meowscarada
|
|win|SmallKuza1888
|raw|SmallKuza1888's rating: 1596 &rarr; <strong>1611</strong><br />(+15 for winning)
|raw|Test4823's rating: 1501 &rarr; <strong>1486</strong><br />(-15 for losing)
|c|☆Test4823|gg
|l|☆Test4823
|player|p2|
|l|☆SmallKuza1888
|player|p1|
