|j|☆Jinghan Yu
|j|☆botifyyyy
|t:|1760760569
|gametype|singles
|player|p1|Jinghan Yu|nate|1112
|player|p2|botifyyyy|102|1090
|gen|9
|tier|[Gen 9] OU
|rated|
|rule|HP Percentage Mod: HP is shown in percentages
|rule|Endless Battle Clause: Forcing endless battles is banned
|rule|Species Clause: Limit one of each Pokémon
|rule|OHKO Clause: OHKO moves are banned
|rule|Evasion Items Clause: Evasion items are banned
|rule|Evasion Moves Clause: Evasion moves are banned
|rule|Evasion Abilities Clause: Evasion abilities are banned
|rule|Sleep Moves Clause: Sleep-inducing moves are banned
|clearpoke
|poke|p1|Heracross, M|
|poke|p1|Umbreon, M|
|poke|p1|Dragonite, M|
|poke|p1|Gyarados, M|
|poke|p1|Emboar, M|
|poke|p1|Venusaur, M|
|poke|p2|Dragonite, F|
|poke|p2|Kingambit, M|
|poke|p2|Gliscor, M|
|poke|p2|Ceruledge, M|
|poke|p2|Meowscarada, F|
|poke|p2|Primarina, M|
|teampreview
|inactive|Battle timer is ON: inactive players will automatically lose when time's up. (requested by botifyyyy)
|
|t:|1760760588
|teamsize|p1|6
|teamsize|p2|6
|start
|switch|p1a: Osten|Gyarados, M, shiny|100/100
|switch|p2a: Gliscor|Gliscor, M|100/100
|-ability|p1a: Osten|Intimidate|boost
|-unboost|p2a: Gliscor|atk|1
|turn|1
|
|t:|1760760595
|move|p2a: Gliscor|Protect|p2a: Gliscor
|-singleturn|p2a: Gliscor|Protect
|move|p1a: Osten|Dragon Dance|p1a: Osten
|-boost|p1a: Osten|atk|1
|-boost|p1a: Osten|spe|1
|
|-status|p2a: Gliscor|tox|[from] item: Toxic Orb
|upkeep
|turn|2
|
|t:|1760760601
|move|p1a: Osten|Waterfall|p2a: Gliscor
|-supereffective|p2a: Gliscor
|-damage|p2a: Gliscor|10/100 tox
|cant|p2a: Gliscor|flinch
|
|-heal|p2a: Gliscor|23/100 tox|[from] ability: Poison Heal
|upkeep
|turn|3
|
|t:|1760760607
|move|p2a: Gliscor|Protect|p2a: Gliscor
|-singleturn|p2a: Gliscor|Protect
|move|p1a: Osten|Dragon Dance|p1a: Osten
|-boost|p1a: Osten|atk|1
|-boost|p1a: Osten|spe|1
|
|-heal|p2a: Gliscor|35/100 tox|[from] ability: Poison Heal
|upkeep
|turn|4
|
|t:|1760760635
|switch|p2a: Primarina|Primarina, M, shiny|100/100
|move|p1a: Osten|Waterfall|p2a: Primarina
|-resisted|p2a: Primarina
|-damage|p2a: Primarina|67/100
|
|-heal|p2a: Primarina|73/100|[from] item: Leftovers
|upkeep
|turn|5
|
|t:|1760760645
|-terastallize|p1a: Osten|Flying
|move|p1a: Osten|Tera Blast|p2a: Primarina|[anim] Tera Blast Flying
|-damage|p2a: Primarina|0 fnt
|faint|p2a: Primarina
|
|upkeep
|inactive|botifyyyy has 120 seconds left.
|
|t:|1760760678
|switch|p2a: Gliscor|Gliscor, M|35/100 tox
|turn|6
|
|t:|1760760681
|move|p1a: Osten|Dragon Dance|p1a: Osten
|-boost|p1a: Osten|atk|1
|-boost|p1a: Osten|spe|1
|move|p2a: Gliscor|Toxic|p1a: Osten
|-status|p1a: Osten|tox
|
|-damage|p1a: Osten|94/100 tox|[from] psn
|-heal|p2a: Gliscor|48/100 tox|[from] ability: Poison Heal
|upkeep
|turn|7
|
|t:|1760760689
|move|p1a: Osten|Dragon Dance|p1a: Osten
|-boost|p1a: Osten|atk|1
|-boost|p1a: Osten|spe|1
|move|p2a: Gliscor|Spikes|p1a: Osten
|-sidestart|p1: Jinghan Yu|Spikes
|
|-heal|p1a: Osten|100/100 tox|[from] item: Leftovers
|-damage|p1a: Osten|88/100 tox|[from] psn
|-heal|p2a: Gliscor|60/100 tox|[from] ability: Poison Heal
|upkeep
|turn|8
|inactive|botifyyyy has 120 seconds left.
|
|t:|1760760697
|move|p2a: Gliscor|Protect|p2a: Gliscor
|-singleturn|p2a: Gliscor|Protect
|move|p1a: Osten|Waterfall|p2a: Gliscor
|-activate|p2a: Gliscor|move: Protect
|
|-heal|p1a: Osten|94/100 tox|[from] item: Leftovers
|-damage|p1a: Osten|76/100 tox|[from] psn
|-heal|p2a: Gliscor|73/100 tox|[from] ability: Poison Heal
|upkeep
|turn|9
|inactive|botifyyyy has 120 seconds left.
|inactive|botifyyyy has 90 seconds left.
|
|t:|1760760737
|move|p2a: Gliscor|Protect||[still]
|-fail|p2a: Gliscor
|move|p1a: Osten|Tera Blast|p2a: Gliscor|[anim] Tera Blast Flying
|-damage|p2a: Gliscor|0 fnt
|faint|p2a: Gliscor
|
|-heal|p1a: Osten|82/100 tox|[from] item: Leftovers
|-damage|p1a: Osten|58/100 tox|[from] psn
|upkeep
|inactive|botifyyyy has 90 seconds left.
|
|t:|1760760748
|switch|p2a: Ceruledge|Ceruledge, M|100/100
|turn|10
|inactive|botifyyyy has 90 seconds left.
|
|t:|1760760762
|move|p1a: Osten|Tera Blast|p2a: Ceruledge|[anim] Tera Blast Flying
|-enditem|p2a: Ceruledge|Focus Sash
|-damage|p2a: Ceruledge|1/100
|-ability|p2a: Ceruledge|Weak Armor|boost
|-unboost|p2a: Ceruledge|def|1
|-boost|p2a: Ceruledge|spe|2
|move|p2a: Ceruledge|Bitter Blade|p1a: Osten
|-damage|p1a: Osten|2/100 tox
|-heal|p2a: Ceruledge|33/100|[from] drain|[of] p1a: Osten
|
|-heal|p1a: Osten|8/100 tox|[from] item: Leftovers
|-damage|p1a: Osten|0 fnt|[from] psn
|faint|p1a: Osten
|upkeep
|
|t:|1760760774
|switch|p1a: Avedis|Umbreon, M, shiny|100/100
|-damage|p1a: Avedis|88/100|[from] Spikes
|turn|11
|
|t:|1760760780
|move|p2a: Ceruledge|Bitter Blade|p1a: Avedis
|-damage|p1a: Avedis|54/100
|-heal|p2a: Ceruledge|52/100|[from] drain|[of] p1a: Avedis
|move|p1a: Avedis|Foul Play|p2a: Ceruledge
|-supereffective|p2a: Ceruledge
|-crit|p2a: Ceruledge
|-damage|p2a: Ceruledge|0 fnt
|faint|p2a: Ceruledge
|
|-heal|p1a: Avedis|60/100|[from] item: Leftovers
|upkeep
|inactive|botifyyyy has 90 seconds left.
|
|t:|1760760799
|switch|p2a: Dragonite|Dragonite, F, shiny|100/100
|turn|12
|
|t:|1760760808
|move|p2a: Dragonite|Dragon Dance|p2a: Dragonite
|-boost|p2a: Dragonite|atk|1
|-boost|p2a: Dragonite|spe|1
|move|p1a: Avedis|Toxic|p2a: Dragonite
|-status|p2a: Dragonite|tox
|
|-heal|p1a: Avedis|66/100|[from] item: Leftovers
|-damage|p2a: Dragonite|94/100 tox|[from] psn
|upkeep
|turn|13
|
|t:|1760760815
|-terastallize|p2a: Dragonite|Normal
|move|p2a: Dragonite|Dragon Dance|p2a: Dragonite
|-boost|p2a: Dragonite|atk|1
|-boost|p2a: Dragonite|spe|1
|move|p1a: Avedis|Foul Play|p2a: Dragonite
|-damage|p2a: Dragonite|0 fnt
|faint|p2a: Dragonite
|
|-heal|p1a: Avedis|72/100|[from] item: Leftovers
|upkeep
|-message|botifyyyy forfeited.
|
|win|Jinghan Yu
|raw|Jinghan Yu's rating: 1112 &rarr; <strong>1135</strong><br />(+23 for winning)
|raw|botifyyyy's rating: 1090 &rarr; <strong>1068</strong><br />(-22 for losing)
|l|☆botifyyyy
|player|p2|
|l|☆Jinghan Yu
|player|p1|
