|j|☆phonekretchy
|j|☆I-2AM-I
|t:|1760791200
|gametype|singles
|player|p1|phonekretchy|101|1194
|player|p2|I-2AM-I|swimmerf-gen6|1202
|gen|9
|tier|[Gen 9] OU
|rated|
|rule|HP Percentage Mod: HP is shown in percentages
|rule|Endless Battle Clause: Forcing endless battles is banned
|rule|Species Clause: Limit one of each Pokémon
|rule|OHKO Clause: OHKO moves are banned
|rule|Evasion Items Clause: Evasion items are banned
|rule|Evasion Moves Clause: Evasion moves are banned
|rule|Evasion Abilities Clause: Evasion abilities are banned
|rule|Sleep Moves Clause: Sleep-inducing moves are banned
|clearpoke
|poke|p1|Whimsicott, F|
|poke|p1|Sunflora, M|
|poke|p1|Torkoal, M|
|poke|p1|Mimikyu, F|
|poke|p1|Walking Wake|
|poke|p1|Iron Hands|
|poke|p2|Cinderace, M|
|poke|p2|Iron Valiant|
|poke|p2|Ogerpon-Wellspring, F|
|poke|p2|Dragapult, M|
|poke|p2|Landorus-Therian, M|
|poke|p2|Okidogi, M|
|teampreview
|c|☆I-2AM-I|nasty sun
|
|t:|1760791228
|teamsize|p1|6
|teamsize|p2|6
|start
|switch|p1a: Whimsicott|Whimsicott, F|100/100
|switch|p2a: Landorus|Landorus-Therian, M|100/100
|-ability|p2a: Landorus|Intimidate|boost
|-unboost|p1a: Whimsicott|atk|1
|turn|1
|inactive|Battle timer is ON: inactive players will automatically lose when time's up. (requested by I-2AM-I)
|
|t:|1760791235
|move|p2a: Landorus|U-turn|p1a: Whimsicott
|-damage|p1a: Whimsicott|83/100
|
|t:|1760791239
|switch|p2a: Okidogi|Okidogi, M|100/100|[from] U-turn
|move|p1a: Whimsicott|Trick Room|p1a: Whimsicott
|-fieldstart|move: Trick Room|[of] p1a: Whimsicott
|
|upkeep
|turn|2
|c|☆phonekretchy|ty
|
|t:|1760791245
|move|p1a: Whimsicott|Sunny Day|p1a: Whimsicott
|-weather|SunnyDay
|move|p2a: Okidogi|Ice Punch|p1a: Whimsicott
|-supereffective|p1a: Whimsicott
|-damage|p1a: Whimsicott|38/100
|
|-weather|SunnyDay|[upkeep]
|upkeep
|turn|3
|c|☆I-2AM-I|whattt
|
|t:|1760791257
|move|p1a: Whimsicott|Memento|p2a: Okidogi
|-unboost|p2a: Okidogi|atk|2
|-unboost|p2a: Okidogi|spa|2
|faint|p1a: Whimsicott
|move|p2a: Okidogi|Ice Punch|p1: Whimsicott|[notarget]
|-fail|p2a: Okidogi
|
|-weather|SunnyDay|[upkeep]
|upkeep
|
|t:|1760791259
|switch|p1a: Sunflora|Sunflora, M|100/100
|turn|4
|c|☆I-2AM-I|nasty
|
|t:|1760791267
|-terastallize|p1a: Sunflora|Fire
|move|p1a: Sunflora|Weather Ball|p2a: Okidogi
|-damage|p2a: Okidogi|0 fnt
|faint|p2a: Okidogi
|
|-weather|SunnyDay|[upkeep]
|-damage|p1a: Sunflora|88/100|[from] ability: Solar Power|[of] p1a: Sunflora
|upkeep
|c|☆I-2AM-I|...
|c|☆phonekretchy|i just love sunflora
|c|☆I-2AM-I|it dosnt have a build
|c|☆phonekretchy|it’s really good
|c|☆phonekretchy|zhaahahaha play without calc dawg
|inactive|I-2AM-I has 120 seconds left.
|c|☆phonekretchy|its zu normally ofc it doesn’t have a build
|
|t:|1760791308
|switch|p2a: Dragapult|Dragapult, M|100/100
|turn|5
|
|t:|1760791311
|move|p1a: Sunflora|Weather Ball|p2a: Dragapult
|-resisted|p2a: Dragapult
|-damage|p2a: Dragapult|0 fnt
|faint|p2a: Dragapult
|
|-weather|SunnyDay|[upkeep]
|-damage|p1a: Sunflora|76/100|[from] ability: Solar Power|[of] p1a: Sunflora
|-fieldend|move: Trick Room
|upkeep
|c|☆I-2AM-I|WHAT
|inactive|I-2AM-I has 120 seconds left.
|c|☆phonekretchy|HAHAHAHHA
|c|☆I-2AM-I|How u faster?
|c|☆phonekretchy|trick room
|c|☆I-2AM-I|omg
|c|☆phonekretchy|you don’t know how trick room works. ?
|c|☆I-2AM-I|solar power bnasty
|c|☆I-2AM-I|i do
|c|☆phonekretchy|gotta play some doubles man
|inactive|I-2AM-I has 90 seconds left.
|c|☆I-2AM-I|i didnt think it was yup
|
|t:|1760791349
|switch|p2a: Ogerpon|Ogerpon-Wellspring, F|100/100
|turn|6
|
|t:|1760791358
|switch|p1a: Iron Hands|Iron Hands|100/100
|-enditem|p1a: Iron Hands|Booster Energy
|-activate|p1a: Iron Hands|ability: Quark Drive|[fromitem]
|-start|p1a: Iron Hands|quarkdriveatk
|-terastallize|p2a: Ogerpon|Water
|detailschange|p2a: Ogerpon|Ogerpon-Wellspring-Tera, F, tera:Water
|-ability|p2a: Ogerpon|Embody Aspect (Wellspring)|boost
|-boost|p2a: Ogerpon|spd|1
|move|p2a: Ogerpon|Ivy Cudgel|p1a: Iron Hands|[anim] Ivy Cudgel Water
|-damage|p1a: Iron Hands|71/100
|
|-weather|none
|upkeep
|turn|7
|c|☆I-2AM-I|oops
|inactive|I-2AM-I has 90 seconds left.
|c|☆I-2AM-I|didnt mean to clickm that ,,,
|
|t:|1760791391
|move|p2a: Ogerpon|Ivy Cudgel|p1a: Iron Hands|[anim] Ivy Cudgel Water
|-damage|p1a: Iron Hands|14/100
|move|p1a: Iron Hands|Thunder Punch|p2a: Ogerpon
|-supereffective|p2a: Ogerpon
|-damage|p2a: Ogerpon|0 fnt
|faint|p2a: Ogerpon
|detailschange|p2: Ogerpon|Ogerpon-Wellspring, F|[silent]
|
|upkeep
|
|t:|1760791393
|switch|p2a: Landorus|Landorus-Therian, M|100/100
|-ability|p2a: Landorus|Intimidate|boost
|-unboost|p1a: Iron Hands|atk|1
|turn|8
|
|t:|1760791395
|move|p2a: Landorus|Earthquake|p1a: Iron Hands
|-supereffective|p1a: Iron Hands
|-damage|p1a: Iron Hands|0 fnt
|faint|p1a: Iron Hands
|-end|p1a: Iron Hands|Quark Drive|[silent]
|
|upkeep
|
|t:|1760791397
|switch|p1a: Mimikyu|Mimikyu, F|100/100
|turn|9
|c|☆I-2AM-I|yea
|c|☆I-2AM-I|i messed up all goodf
|
|t:|1760791406
|move|p2a: Landorus|Earthquake|p1a: Mimikyu
|-activate|p1a: Mimikyu|ability: Disguise
|-damage|p1a: Mimikyu|100/100
|detailschange|p1a: Mimikyu|Mimikyu-Busted, F
|-damage|p1a: Mimikyu|88/100|[from] pokemon: Mimikyu-Busted
|-enditem|p1a: Mimikyu|Red Card|[of] p2a: Landorus
|drag|p2a: Cinderace|Cinderace, M|100/100
|move|p1a: Mimikyu|Trick Room|p1a: Mimikyu
|-fieldstart|move: Trick Room|[of] p1a: Mimikyu
|
|upkeep
|turn|10
|
|t:|1760791413
|switch|p1a: Torkoal|Torkoal, M|100/100
|-weather|SunnyDay|[from] ability: Drought|[of] p1a: Torkoal
|move|p2a: Cinderace|Will-O-Wisp|p1a: Torkoal
|-immune|p1a: Torkoal
|
|-weather|SunnyDay|[upkeep]
|upkeep
|turn|11
|
|t:|1760791419
|move|p1a: Torkoal|Stealth Rock|p2a: Cinderace
|-sidestart|p2: I-2AM-I|move: Stealth Rock
|move|p2a: Cinderace|U-turn|p1a: Torkoal
|-start|p2a: Cinderace|typechange|Bug|[from] ability: Libero
|-resisted|p1a: Torkoal
|-damage|p1a: Torkoal|91/100
|-enditem|p1a: Torkoal|Eject Button
|
|t:|1760791425
|switch|p1a: Sunflora|Sunflora, M, tera:Fire|76/100
|
|-weather|SunnyDay|[upkeep]
|-damage|p1a: Sunflora|63/100|[from] ability: Solar Power|[of] p1a: Sunflora
|upkeep
|turn|12
|
|t:|1760791434
|switch|p2a: Landorus|Landorus-Therian, M|100/100
|-damage|p2a: Landorus|88/100|[from] Stealth Rock
|-ability|p2a: Landorus|Intimidate|boost
|-unboost|p1a: Sunflora|atk|1
|move|p1a: Sunflora|Weather Ball|p2a: Landorus
|-damage|p2a: Landorus|0 fnt
|faint|p2a: Landorus
|
|-weather|SunnyDay|[upkeep]
|-damage|p1a: Sunflora|51/100|[from] ability: Solar Power|[of] p1a: Sunflora
|upkeep
|
|t:|1760791436
|switch|p2a: Iron Valiant|Iron Valiant|100/100
|-damage|p2a: Iron Valiant|94/100|[from] Stealth Rock
|turn|13
|
|t:|1760791440
|move|p1a: Sunflora|Weather Ball|p2a: Iron Valiant
|-damage|p2a: Iron Valiant|0 fnt
|faint|p2a: Iron Valiant
|-end|p2a: Iron Valiant|Quark Drive|[silent]
|
|-weather|SunnyDay|[upkeep]
|-damage|p1a: Sunflora|38/100|[from] ability: Solar Power|[of] p1a: Sunflora
|-fieldend|move: Trick Room
|upkeep
|
|t:|1760791441
|switch|p2a: Cinderace|Cinderace, M|100/100
|turn|14
|
|t:|1760791444
|switch|p1a: Torkoal|Torkoal, M|91/100
|move|p2a: Cinderace|Pyro Ball|p1a: Torkoal
|-resisted|p1a: Torkoal
|-damage|p1a: Torkoal|67/100
|
|-weather|none
|upkeep
|turn|15
|c|☆I-2AM-I|yea that was so winanble
|c|☆phonekretchy|idk ?
|c|☆I-2AM-I|its cause i meant to click sd
|c|☆I-2AM-I|on ur iron hands
|c|☆I-2AM-I|not ivy clude
|c|☆phonekretchy|okok
|inactive|I-2AM-I has 120 seconds left.
|c|☆I-2AM-I|i knew u wernt gonna sack
|
|t:|1760791481
|switch|p1a: Mimikyu|Mimikyu-Busted, F|88/100
|move|p2a: Cinderace|Court Change|p2a: Cinderace
|-start|p2a: Cinderace|typechange|Normal|[from] ability: Libero
|-swapsideconditions
|-activate|p2a: Cinderace|move: Court Change
|
|upkeep
|turn|16
|c|☆phonekretchy|thunder punch ohkos fs though
|c|☆I-2AM-I|yea
|
|t:|1760791489
|move|p2a: Cinderace|Will-O-Wisp|p1a: Mimikyu|[miss]
|-miss|p2a: Cinderace|p1a: Mimikyu
|move|p1a: Mimikyu|Trick Room|p1a: Mimikyu
|-fieldstart|move: Trick Room|[of] p1a: Mimikyu
|
|upkeep
|turn|17
|c|☆I-2AM-I|but plus to kill
|
|t:|1760791494
|switch|p1a: Torkoal|Torkoal, M|67/100
|-damage|p1a: Torkoal|42/100|[from] Stealth Rock
|-weather|SunnyDay|[from] ability: Drought|[of] p1a: Torkoal
|move|p2a: Cinderace|Will-O-Wisp|p1a: Torkoal
|-immune|p1a: Torkoal
|
|-weather|SunnyDay|[upkeep]
|upkeep
|turn|18
|
|t:|1760791498
|move|p1a: Torkoal|Rapid Spin|p2a: Cinderace
|-damage|p2a: Cinderace|87/100
|-boost|p1a: Torkoal|spe|1
|-sideend|p1: phonekretchy|Stealth Rock|[from] move: Rapid Spin|[of] p1a: Torkoal
|move|p2a: Cinderace|Pyro Ball|p1a: Torkoal
|-resisted|p1a: Torkoal
|-damage|p1a: Torkoal|26/100
|
|-weather|SunnyDay|[upkeep]
|upkeep
|turn|19
|
|t:|1760791505
|move|p1a: Torkoal|Rapid Spin|p2a: Cinderace
|-damage|p2a: Cinderace|75/100
|-boost|p1a: Torkoal|spe|1
|move|p2a: Cinderace|Pyro Ball|p1a: Torkoal
|-resisted|p1a: Torkoal
|-damage|p1a: Torkoal|9/100
|
|-weather|SunnyDay|[upkeep]
|upkeep
|turn|20
|
|t:|1760791508
|switch|p1a: Mimikyu|Mimikyu-Busted, F|88/100
|move|p2a: Cinderace|U-turn|p1a: Mimikyu
|-resisted|p1a: Mimikyu
|-damage|p1a: Mimikyu|83/100
|
|-weather|SunnyDay|[upkeep]
|-fieldend|move: Trick Room
|upkeep
|turn|21
|
|t:|1760791512
|move|p2a: Cinderace|Pyro Ball|p1a: Mimikyu
|-damage|p1a: Mimikyu|29/100
|move|p1a: Mimikyu|Trick Room|p1a: Mimikyu
|-fieldstart|move: Trick Room|[of] p1a: Mimikyu
|
|-weather|none
|upkeep
|turn|22
|
|t:|1760791517
|switch|p1a: Torkoal|Torkoal, M|9/100
|-weather|SunnyDay|[from] ability: Drought|[of] p1a: Torkoal
|move|p2a: Cinderace|Pyro Ball|p1a: Torkoal
|-resisted|p1a: Torkoal
|-damage|p1a: Torkoal|0 fnt
|faint|p1a: Torkoal
|
|-weather|SunnyDay|[upkeep]
|upkeep
|
|t:|1760791519
|switch|p1a: Sunflora|Sunflora, M, tera:Fire|38/100
|turn|23
|
|t:|1760791520
|move|p1a: Sunflora|Weather Ball|p2a: Cinderace
|-damage|p2a: Cinderace|0 fnt
|faint|p2a: Cinderace
|
|win|phonekretchy
|raw|phonekretchy's rating: 1194 &rarr; <strong>1220</strong><br />(+26 for winning)
|raw|I-2AM-I's rating: 1202 &rarr; <strong>1176</strong><br />(-26 for losing)
|c|☆I-2AM-I|gg
|c|☆phonekretchy|ggs
|c|☆I-2AM-I|nasty sunflora
|l|☆I-2AM-I
|player|p2|
|l|☆phonekretchy
|player|p1|
