|j|☆eyoloki
|j|☆poilkjqweasd
|t:|1760742175
|gametype|singles
|player|p1|eyoloki|dawn|1095
|player|p2|poilkjqweasd|102|1077
|gen|9
|tier|[Gen 9] OU
|rated|
|rule|HP Percentage Mod: HP is shown in percentages
|rule|Endless Battle Clause: Forcing endless battles is banned
|rule|Species Clause: Limit one of each Pokémon
|rule|OHKO Clause: OHKO moves are banned
|rule|Evasion Items Clause: Evasion items are banned
|rule|Evasion Moves Clause: Evasion moves are banned
|rule|Evasion Abilities Clause: Evasion abilities are banned
|rule|Sleep Moves Clause: Sleep-inducing moves are banned
|clearpoke
|poke|p1|Lokix, F|
|poke|p1|Dragonite, M|
|poke|p1|Scizor, M|
|poke|p1|Gliscor, M|
|poke|p1|Kingambit, M|
|poke|p1|Iron Valiant|
|poke|p2|Hitmonchan, M|
|poke|p2|Hitmonlee, M|
|poke|p2|Hitmontop, M|
|poke|p2|Ceruledge, M|
|poke|p2|Armarouge, M|
|poke|p2|Haxorus, M|
|teampreview
|
|t:|1760742182
|teamsize|p1|6
|teamsize|p2|6
|start
|switch|p1a: Lokix|Lokix, F|100/100
|switch|p2a: Hitmonchan|Hitmonchan, M|100/100
|turn|1
|
|t:|1760742196
|move|p1a: Lokix|U-turn|p2a: Hitmonchan
|-resisted|p2a: Hitmonchan
|-damage|p2a: Hitmonchan|38/100
|
|t:|1760742202
|switch|p1a: Iron Valiant|Iron Valiant|100/100|[from] U-turn
|-enditem|p1a: Iron Valiant|Booster Energy
|-activate|p1a: Iron Valiant|ability: Quark Drive|[fromitem]
|-start|p1a: Iron Valiant|quarkdrivespe
|move|p2a: Hitmonchan|Drain Punch|p1a: Iron Valiant
|-resisted|p1a: Iron Valiant
|-damage|p1a: Iron Valiant|67/100
|-heal|p2a: Hitmonchan|54/100|[from] drain|[of] p1a: Iron Valiant
|
|upkeep
|turn|2
|
|t:|1760742213
|move|p1a: Iron Valiant|Spirit Break|p2a: Hitmonchan
|-supereffective|p2a: Hitmonchan
|-damage|p2a: Hitmonchan|0 fnt
|faint|p2a: Hitmonchan
|
|upkeep
|inactive|Battle timer is ON: inactive players will automatically lose when time's up. (requested by eyoloki)
|
|t:|1760742232
|switch|p2a: Hitmontop|Hitmontop, M|100/100
|turn|3
|
|t:|1760742242
|-terastallize|p2a: Hitmontop|Ice
|move|p1a: Iron Valiant|Spirit Break|p2a: Hitmontop
|-damage|p2a: Hitmontop|65/100
|-unboost|p2a: Hitmontop|spa|1
|move|p2a: Hitmontop|Triple Axel|p1a: Iron Valiant|[miss]
|-miss|p2a: Hitmontop|p1a: Iron Valiant
|
|upkeep
|turn|4
|
|t:|1760742253
|move|p1a: Iron Valiant|Close Combat|p2a: Hitmontop
|-supereffective|p2a: Hitmontop
|-damage|p2a: Hitmontop|0 fnt
|-unboost|p1a: Iron Valiant|def|1
|-unboost|p1a: Iron Valiant|spd|1
|faint|p2a: Hitmontop
|
|upkeep
|
|t:|1760742263
|switch|p2a: Ceruledge|Ceruledge, M|100/100
|turn|5
|inactive|eyoloki has 120 seconds left.
|
|t:|1760742294
|move|p1a: Iron Valiant|Poison Jab|p2a: Ceruledge
|-resisted|p2a: Ceruledge
|-damage|p2a: Ceruledge|84/100
|-ability|p2a: Ceruledge|Weak Armor|boost
|-unboost|p2a: Ceruledge|def|1
|-boost|p2a: Ceruledge|spe|2
|move|p2a: Ceruledge|Iron Head|p1a: Iron Valiant
|-supereffective|p1a: Iron Valiant
|-damage|p1a: Iron Valiant|0 fnt
|faint|p1a: Iron Valiant
|-end|p1a: Iron Valiant|Quark Drive|[silent]
|
|upkeep
|inactive|eyoloki has 120 seconds left.
|
|t:|1760742309
|switch|p1a: Lokix|Lokix, F|100/100
|turn|6
|
|t:|1760742313
|move|p1a: Lokix|First Impression|p2a: Ceruledge
|-resisted|p2a: Ceruledge
|-damage|p2a: Ceruledge|26/100
|-ability|p2a: Ceruledge|Weak Armor|boost
|-unboost|p2a: Ceruledge|def|1
|-boost|p2a: Ceruledge|spe|2
|move|p2a: Ceruledge|Bitter Blade|p1a: Lokix
|-supereffective|p1a: Lokix
|-damage|p1a: Lokix|0 fnt
|-heal|p2a: Ceruledge|75/100|[from] drain|[of] p1a: Lokix
|faint|p1a: Lokix
|
|upkeep
|inactive|eyoloki has 120 seconds left.
|
|t:|1760742327
|switch|p1a: Dragonite|Dragonite, M|100/100
|turn|7
|
|t:|1760742332
|move|p2a: Ceruledge|Destiny Bond|p2a: Ceruledge
|-singlemove|p2a: Ceruledge|Destiny Bond
|move|p1a: Dragonite|Earthquake|p2a: Ceruledge
|-supereffective|p2a: Ceruledge
|-damage|p2a: Ceruledge|0 fnt
|faint|p2a: Ceruledge
|-activate|p2a: Ceruledge|move: Destiny Bond
|faint|p1a: Dragonite
|
|upkeep
|inactive|eyoloki has 120 seconds left.
|
|t:|1760742345
|switch|p2a: Armarouge|Armarouge, M|100/100
|switch|p1a: Scizor|Scizor, M|100/100
|turn|8
|
|t:|1760742352
|move|p2a: Armarouge|Lava Plume|p1a: Scizor
|-supereffective|p1a: Scizor
|-damage|p1a: Scizor|0 fnt
|faint|p1a: Scizor
|
|upkeep
|
|t:|1760742358
|switch|p1a: Gliscor|Gliscor, M|100/100
|turn|9
|
|t:|1760742362
|move|p1a: Gliscor|Earthquake|p2a: Armarouge
|-supereffective|p2a: Armarouge
|-damage|p2a: Armarouge|29/100
|move|p2a: Armarouge|Meteor Beam||[still]
|-prepare|p2a: Armarouge|Meteor Beam
|-boost|p2a: Armarouge|spa|1
|-enditem|p2a: Armarouge|Power Herb
|-anim|p2a: Armarouge|Meteor Beam|p1a: Gliscor
|-damage|p1a: Gliscor|21/100
|
|-status|p1a: Gliscor|tox|[from] item: Toxic Orb
|upkeep
|turn|10
|
|t:|1760742379
|move|p1a: Gliscor|Earthquake|p2a: Armarouge
|-supereffective|p2a: Armarouge
|-damage|p2a: Armarouge|0 fnt
|faint|p2a: Armarouge
|
|-heal|p1a: Gliscor|34/100 tox|[from] ability: Poison Heal
|upkeep
|
|t:|1760742385
|switch|p2a: Haxorus|Haxorus, M|100/100
|turn|11
|
|t:|1760742392
|move|p2a: Haxorus|First Impression|p1a: Gliscor
|-resisted|p1a: Gliscor
|-damage|p1a: Gliscor|7/100 tox
|move|p1a: Gliscor|Facade|p2a: Haxorus
|-damage|p2a: Haxorus|55/100
|
|-heal|p1a: Gliscor|20/100 tox|[from] ability: Poison Heal
|upkeep
|turn|12
|
|t:|1760742409
|move|p2a: Haxorus|X-Scissor|p1a: Gliscor
|-resisted|p1a: Gliscor
|-damage|p1a: Gliscor|0 fnt
|faint|p1a: Gliscor
|
|upkeep
|
|t:|1760742414
|switch|p1a: Kingambit|Kingambit, M|100/100
|-activate|p1a: Kingambit|ability: Supreme Overlord
|-start|p1a: Kingambit|fallen5|[silent]
|turn|13
|
|t:|1760742424
|-terastallize|p1a: Kingambit|Dark
|move|p1a: Kingambit|Sucker Punch|p2a: Haxorus
|-damage|p2a: Haxorus|0 fnt
|faint|p2a: Haxorus
|
|upkeep
|
|t:|1760742426
|switch|p2a: Hitmonlee|Hitmonlee, M|100/100
|turn|14
|
|t:|1760742449
|move|p1a: Kingambit|Sucker Punch||[still]
|-fail|p1a: Kingambit
|move|p2a: Hitmonlee|Swords Dance|p2a: Hitmonlee
|-boost|p2a: Hitmonlee|atk|2
|
|upkeep
|turn|15
|
|t:|1760742457
|move|p2a: Hitmonlee|Close Combat|p1a: Kingambit
|-supereffective|p1a: Kingambit
|-damage|p1a: Kingambit|0 fnt
|-unboost|p2a: Hitmonlee|def|1
|-unboost|p2a: Hitmonlee|spd|1
|faint|p1a: Kingambit
|-end|p1a: Kingambit|fallen5|[silent]
|
|win|poilkjqweasd
|raw|eyoloki's rating: 1095 &rarr; <strong>1069</strong><br />(-26 for losing)
|raw|poilkjqweasd's rating: 1077 &rarr; <strong>1107</strong><br />(+30 for winning)
|l|☆poilkjqweasd
|player|p2|
|l|☆eyoloki
|player|p1|
