|j|☆Naturmacht
|j|☆Mastermind182
|t:|1760739561
|gametype|singles
|player|p1|Naturmacht|drake-gen3|1302
|player|p2|Mastermind182|170|1326
|gen|9
|tier|[Gen 9] OU
|rated|
|rule|HP Percentage Mod: HP is shown in percentages
|rule|Endless Battle Clause: Forcing endless battles is banned
|rule|Species Clause: Limit one of each Pokémon
|rule|OHKO Clause: OHKO moves are banned
|rule|Evasion Items Clause: Evasion items are banned
|rule|Evasion Moves Clause: Evasion moves are banned
|rule|Evasion Abilities Clause: Evasion abilities are banned
|rule|Sleep Moves Clause: Sleep-inducing moves are banned
|clearpoke
|poke|p1|Rillaboom, M|
|poke|p1|Hatterene, F|
|poke|p1|Heatran, M|
|poke|p1|Clodsire, M|
|poke|p1|Great Tusk|
|poke|p1|Ogerpon-Wellspring, F|
|poke|p2|Incineroar, F|
|poke|p2|Ogerpon-Wellspring, F|
|poke|p2|Iron Treads|
|poke|p2|Samurott-Hisui, F|
|poke|p2|Metagross|
|poke|p2|Corviknight, M|
|teampreview
|inactive|Battle timer is ON: inactive players will automatically lose when time's up. (requested by Naturmacht)
|inactive|Mastermind182 has 120 seconds left.
|
|t:|1760739595
|teamsize|p1|6
|teamsize|p2|6
|start
|switch|p1a: Rillaboom|Rillaboom, M|100/100
|switch|p2a: Metagross|Metagross|100/100
|-fieldstart|move: Grassy Terrain|[from] ability: Grassy Surge|[of] p1a: Rillaboom
|turn|1
|
|t:|1760739609
|switch|p2a: Corviknight|Corviknight, M|100/100
|-ability|p2a: Corviknight|Pressure
|move|p1a: Rillaboom|Knock Off|p2a: Corviknight
|-damage|p2a: Corviknight|79/100
|-damage|p1a: Rillaboom|84/100|[from] item: Rocky Helmet|[of] p2a: Corviknight
|-enditem|p2a: Corviknight|Rocky Helmet|[from] move: Knock Off|[of] p1a: Rillaboom
|
|-heal|p1a: Rillaboom|90/100|[from] Grassy Terrain
|upkeep
|turn|2
|
|t:|1760739629
|move|p1a: Rillaboom|U-turn|p2a: Corviknight
|-resisted|p2a: Corviknight
|-crit|p2a: Corviknight
|-damage|p2a: Corviknight|73/100
|
|t:|1760739637
|switch|p1a: Great Tusk|Great Tusk|100/100|[from] U-turn
|move|p2a: Corviknight|Roost|p2a: Corviknight
|-heal|p2a: Corviknight|100/100
|-singleturn|p2a: Corviknight|move: Roost
|
|upkeep
|turn|3
|
|t:|1760739646
|move|p1a: Great Tusk|Rapid Spin|p2a: Corviknight
|-resisted|p2a: Corviknight
|-damage|p2a: Corviknight|95/100
|-boost|p1a: Great Tusk|spe|1
|move|p2a: Corviknight|Brave Bird|p1a: Great Tusk
|-supereffective|p1a: Great Tusk
|-damage|p1a: Great Tusk|47/100
|-damage|p2a: Corviknight|79/100|[from] Recoil
|
|-heal|p1a: Great Tusk|53/100|[from] Grassy Terrain
|upkeep
|turn|4
|
|t:|1760739659
|-end|p1a: Great Tusk|Protosynthesis|[silent]
|switch|p1a: Heatran|Heatran, M|100/100
|move|p2a: Corviknight|Brave Bird|p1a: Heatran
|-resisted|p1a: Heatran
|-damage|p1a: Heatran|85/100
|-damage|p2a: Corviknight|74/100|[from] Recoil
|
|-heal|p1a: Heatran|91/100|[from] Grassy Terrain
|-heal|p1a: Heatran|97/100|[from] item: Leftovers
|upkeep
|turn|5
|
|t:|1760739670
|switch|p2a: Incineroar|Incineroar, F|100/100
|-ability|p2a: Incineroar|Intimidate|boost
|-unboost|p1a: Heatran|atk|1
|move|p1a: Heatran|Magma Storm|p2a: Incineroar
|-resisted|p2a: Incineroar
|-damage|p2a: Incineroar|89/100
|-activate|p2a: Incineroar|move: Magma Storm|[of] p1a: Heatran
|
|-heal|p2a: Incineroar|95/100|[from] Grassy Terrain
|-heal|p1a: Heatran|100/100|[from] Grassy Terrain
|-damage|p2a: Incineroar|82/100|[from] move: Magma Storm|[partiallytrapped]
|upkeep
|turn|6
|
|t:|1760739680
|move|p2a: Incineroar|Knock Off|p1a: Heatran
|-damage|p1a: Heatran|64/100
|-enditem|p1a: Heatran|Leftovers|[from] move: Knock Off|[of] p2a: Incineroar
|move|p1a: Heatran|Magma Storm|p2a: Incineroar
|-resisted|p2a: Incineroar
|-damage|p2a: Incineroar|71/100
|
|-heal|p2a: Incineroar|78/100|[from] Grassy Terrain
|-heal|p1a: Heatran|71/100|[from] Grassy Terrain
|-damage|p2a: Incineroar|65/100|[from] move: Magma Storm|[partiallytrapped]
|upkeep
|turn|7
|
|t:|1760739695
|move|p2a: Incineroar|Brick Break|p1a: Heatran
|-supereffective|p1a: Heatran
|-damage|p1a: Heatran|35/100
|move|p1a: Heatran|Stealth Rock|p2a: Incineroar
|-sidestart|p2: Mastermind182|move: Stealth Rock
|
|-heal|p2a: Incineroar|71/100|[from] Grassy Terrain
|-heal|p1a: Heatran|42/100|[from] Grassy Terrain
|-damage|p2a: Incineroar|59/100|[from] move: Magma Storm|[partiallytrapped]
|upkeep
|turn|8
|
|t:|1760739703
|move|p1a: Heatran|Protect|p1a: Heatran
|-singleturn|p1a: Heatran|Protect
|move|p2a: Incineroar|Darkest Lariat|p1a: Heatran
|-activate|p1a: Heatran|move: Protect
|
|-heal|p2a: Incineroar|65/100|[from] Grassy Terrain
|-heal|p1a: Heatran|48/100|[from] Grassy Terrain
|-damage|p2a: Incineroar|52/100|[from] move: Magma Storm|[partiallytrapped]
|-fieldend|move: Grassy Terrain
|upkeep
|turn|9
|
|t:|1760739713
|move|p2a: Incineroar|U-turn|p1a: Heatran
|-resisted|p1a: Heatran
|-damage|p1a: Heatran|44/100
|
|t:|1760739722
|switch|p2a: Samurott|Samurott-Hisui, F|100/100|[from] U-turn
|-damage|p2a: Samurott|88/100|[from] Stealth Rock
|move|p1a: Heatran|Earth Power|p2a: Samurott
|-damage|p2a: Samurott|52/100
|
|upkeep
|turn|10
|
|t:|1760739733
|move|p2a: Samurott|Ceaseless Edge|p1a: Heatran
|-damage|p1a: Heatran|7/100
|-sidestart|p1: Naturmacht|Spikes
|move|p1a: Heatran|Earth Power|p2a: Samurott
|-damage|p2a: Samurott|10/100
|
|upkeep
|turn|11
|
|t:|1760739743
|move|p1a: Heatran|Protect|p1a: Heatran
|-singleturn|p1a: Heatran|Protect
|move|p2a: Samurott|Ceaseless Edge|p1a: Heatran
|-activate|p1a: Heatran|move: Protect
|
|upkeep
|turn|12
|
|t:|1760739749
|move|p2a: Samurott|Ceaseless Edge|p1a: Heatran
|-damage|p1a: Heatran|0 fnt
|-sidestart|p1: Naturmacht|Spikes
|faint|p1a: Heatran
|
|upkeep
|
|t:|1760739755
|switch|p1a: Great Tusk|Great Tusk|53/100
|turn|13
|
|t:|1760739784
|switch|p2a: Incineroar|Incineroar, F|52/100
|-damage|p2a: Incineroar|28/100|[from] Stealth Rock
|-ability|p2a: Incineroar|Intimidate|boost
|-unboost|p1a: Great Tusk|atk|1
|move|p1a: Great Tusk|Rapid Spin|p2a: Incineroar
|-damage|p2a: Incineroar|13/100
|-boost|p1a: Great Tusk|spe|1
|-sideend|p1: Naturmacht|Spikes|[from] move: Rapid Spin|[of] p1a: Great Tusk
|
|upkeep
|turn|14
|
|t:|1760739793
|switch|p2a: Corviknight|Corviknight, M|74/100
|-damage|p2a: Corviknight|61/100|[from] Stealth Rock
|-ability|p2a: Corviknight|Pressure
|move|p1a: Great Tusk|Knock Off|p2a: Corviknight
|-damage|p2a: Corviknight|52/100
|
|upkeep
|turn|15
|
|t:|1760739803
|-end|p1a: Great Tusk|Protosynthesis|[silent]
|switch|p1a: Clodsire|Clodsire, M|100/100
|move|p2a: Corviknight|Defog|p1a: Clodsire
|-unboost|p1a: Clodsire|evasion|1
|-sideend|p2: Mastermind182|Stealth Rock|[from] move: Defog|[of] p2a: Corviknight
|
|upkeep
|turn|16
|
|t:|1760739809
|move|p2a: Corviknight|Roost|p2a: Corviknight
|-heal|p2a: Corviknight|100/100
|-singleturn|p2a: Corviknight|move: Roost
|move|p1a: Clodsire|Spikes|p2a: Corviknight
|-sidestart|p2: Mastermind182|Spikes
|
|upkeep
|turn|17
|
|t:|1760739816
|switch|p1a: Hatterene|Hatterene, F|100/100
|move|p2a: Corviknight|Defog|p1a: Hatterene
|move|p1a: Hatterene|Defog|p2a: Corviknight|[from] ability: Magic Bounce
|-unboost|p2a: Corviknight|evasion|1
|-sideend|p2: Mastermind182|Spikes|[from] move: Defog|[of] p1a: Hatterene
|
|upkeep
|turn|18
|
|t:|1760739828
|move|p2a: Corviknight|U-turn|p1a: Hatterene
|-damage|p1a: Hatterene|88/100
|
|t:|1760739830
|switch|p2a: Incineroar|Incineroar, F|13/100|[from] U-turn
|-ability|p2a: Incineroar|Intimidate|boost
|-unboost|p1a: Hatterene|atk|1
|move|p1a: Hatterene|Mystical Fire|p2a: Incineroar
|-resisted|p2a: Incineroar
|-damage|p2a: Incineroar|8/100
|-unboost|p2a: Incineroar|spa|1
|
|-heal|p1a: Hatterene|94/100|[from] item: Leftovers
|upkeep
|turn|19
|
|t:|1760739845
|move|p2a: Incineroar|Knock Off|p1a: Hatterene
|-damage|p1a: Hatterene|62/100
|-enditem|p1a: Hatterene|Leftovers|[from] move: Knock Off|[of] p2a: Incineroar
|move|p1a: Hatterene|Calm Mind|p1a: Hatterene
|-boost|p1a: Hatterene|spa|1
|-boost|p1a: Hatterene|spd|1
|
|upkeep
|turn|20
|
|t:|1760739851
|move|p2a: Incineroar|Darkest Lariat|p1a: Hatterene
|-damage|p1a: Hatterene|34/100
|move|p1a: Hatterene|Draining Kiss|p2a: Incineroar
|-damage|p2a: Incineroar|0 fnt
|-heal|p1a: Hatterene|39/100|[from] drain|[of] p2a: Incineroar
|faint|p2a: Incineroar
|
|upkeep
|
|t:|1760739862
|switch|p2a: Ogerpon|Ogerpon-Wellspring, F|100/100
|turn|21
|
|t:|1760739865
|move|p2a: Ogerpon|Ivy Cudgel|p1a: Hatterene|[anim] Ivy Cudgel Water
|-damage|p1a: Hatterene|0 fnt
|faint|p1a: Hatterene
|
|upkeep
|
|t:|1760739870
|switch|p1a: Rillaboom|Rillaboom, M|90/100
|-fieldstart|move: Grassy Terrain|[from] ability: Grassy Surge|[of] p1a: Rillaboom
|turn|22
|
|t:|1760739875
|switch|p2a: Corviknight|Corviknight, M|100/100
|-ability|p2a: Corviknight|Pressure
|move|p1a: Rillaboom|Grassy Glide|p2a: Corviknight
|-resisted|p2a: Corviknight
|-damage|p2a: Corviknight|94/100
|
|-heal|p1a: Rillaboom|96/100|[from] Grassy Terrain
|upkeep
|turn|23
|
|t:|1760739888
|move|p1a: Rillaboom|Leech Seed|p2a: Corviknight
|-start|p2a: Corviknight|move: Leech Seed
|move|p2a: Corviknight|Brave Bird|p1a: Rillaboom
|-supereffective|p1a: Rillaboom
|-damage|p1a: Rillaboom|24/100
|-damage|p2a: Corviknight|70/100|[from] Recoil
|
|-heal|p1a: Rillaboom|31/100|[from] Grassy Terrain
|-damage|p2a: Corviknight|58/100|[from] Leech Seed|[of] p1a: Rillaboom
|-heal|p1a: Rillaboom|43/100|[silent]
|upkeep
|turn|24
|
|t:|1760739897
|switch|p2a: Samurott|Samurott-Hisui, F|10/100
|move|p1a: Rillaboom|U-turn|p2a: Samurott
|-supereffective|p2a: Samurott
|-damage|p2a: Samurott|0 fnt
|faint|p2a: Samurott
|
|t:|1760739902
|switch|p1a: Ogerpon|Ogerpon-Wellspring, F|100/100|[from] U-turn
|
|upkeep
|
|t:|1760739907
|switch|p2a: Corviknight|Corviknight, M|58/100
|-ability|p2a: Corviknight|Pressure
|turn|25
|
|t:|1760739919
|-terastallize|p1a: Ogerpon|Water
|detailschange|p1a: Ogerpon|Ogerpon-Wellspring-Tera, F, tera:Water
|-ability|p1a: Ogerpon|Embody Aspect (Wellspring)|boost
|-boost|p1a: Ogerpon|spd|1
|-terastallize|p2a: Corviknight|Dragon
|move|p1a: Ogerpon|Swords Dance|p1a: Ogerpon
|-boost|p1a: Ogerpon|atk|2
|move|p2a: Corviknight|Brave Bird|p1a: Ogerpon
|-damage|p1a: Ogerpon|50/100
|-damage|p2a: Corviknight|45/100|[from] Recoil
|
|-heal|p1a: Ogerpon|56/100|[from] Grassy Terrain
|-heal|p2a: Corviknight|52/100|[from] Grassy Terrain
|upkeep
|turn|26
|
|t:|1760739933
|move|p1a: Ogerpon|Horn Leech|p2a: Corviknight
|-resisted|p2a: Corviknight
|-damage|p2a: Corviknight|17/100
|-heal|p1a: Ogerpon|79/100|[from] drain|[of] p2a: Corviknight
|move|p2a: Corviknight|Brave Bird|p1a: Ogerpon
|-damage|p1a: Ogerpon|33/100
|-damage|p2a: Corviknight|6/100|[from] Recoil
|
|-heal|p1a: Ogerpon|39/100|[from] Grassy Terrain
|-heal|p2a: Corviknight|12/100|[from] Grassy Terrain
|upkeep
|turn|27
|
|t:|1760739943
|move|p1a: Ogerpon|Horn Leech|p2a: Corviknight
|-resisted|p2a: Corviknight
|-damage|p2a: Corviknight|0 fnt
|-heal|p1a: Ogerpon|47/100|[from] drain|[of] p2a: Corviknight
|faint|p2a: Corviknight
|
|-heal|p1a: Ogerpon|53/100|[from] Grassy Terrain
|upkeep
|
|t:|1760739959
|switch|p2a: Ogerpon|Ogerpon-Wellspring, F|100/100
|turn|28
|
|t:|1760739973
|move|p1a: Ogerpon|Horn Leech|p2a: Ogerpon
|-damage|p2a: Ogerpon|0 fnt
|-heal|p1a: Ogerpon|100/100|[from] drain|[of] p2a: Ogerpon
|faint|p2a: Ogerpon
|
|upkeep
|
|t:|1760739975
|switch|p2a: Metagross|Metagross|100/100
|turn|29
|
|t:|1760739982
|move|p1a: Ogerpon|Ivy Cudgel|p2a: Metagross|[anim] Ivy Cudgel Water
|-damage|p2a: Metagross|0 fnt
|faint|p2a: Metagross
|
|-fieldend|move: Grassy Terrain
|upkeep
|-message|Mastermind182 forfeited.
|
|win|Naturmacht
|raw|Naturmacht's rating: 1302 &rarr; <strong>1323</strong><br />(+21 for winning)
|raw|Mastermind182's rating: 1326 &rarr; <strong>1305</strong><br />(-21 for losing)
|l|☆Mastermind182
|player|p2|
