|j|☆gooseguy123
|j|☆YinToYang
|t:|1760724020
|gametype|singles
|player|p1|gooseguy123|giovanni|1443
|player|p2|YinToYang|n|1447
|gen|9
|tier|[Gen 9] OU
|rated|
|rule|HP Percentage Mod: HP is shown in percentages
|rule|Endless Battle Clause: Forcing endless battles is banned
|rule|Species Clause: Limit one of each Pokémon
|rule|OHKO Clause: OHKO moves are banned
|rule|Evasion Items Clause: Evasion items are banned
|rule|Evasion Moves Clause: Evasion moves are banned
|rule|Evasion Abilities Clause: Evasion abilities are banned
|rule|Sleep Moves Clause: Sleep-inducing moves are banned
|clearpoke
|poke|p1|Kyurem|
|poke|p1|Raging Bolt|
|poke|p1|Great Tusk|
|poke|p1|Ninetales-Alola, M|
|poke|p1|Gholdengo|
|poke|p1|Ceruledge, F|
|poke|p2|Garchomp, M|
|poke|p2|Pecharunt|
|poke|p2|Slowking-Galar, F|
|poke|p2|Hatterene, F|
|poke|p2|Toedscruel, F|
|poke|p2|Garganacl, M|
|teampreview
|inactive|Battle timer is ON: inactive players will automatically lose when time's up. (requested by gooseguy123)
|
|t:|1760724043
|teamsize|p1|6
|teamsize|p2|6
|start
|switch|p1a: Great Tusk|Great Tusk|100/100
|switch|p2a: Slowking|Slowking-Galar, F|100/100
|turn|1
|
|t:|1760724068
|switch|p2a: Garchomp|Garchomp, M|100/100
|move|p1a: Great Tusk|Headlong Rush|p2a: Garchomp
|-damage|p2a: Garchomp|60/100
|-unboost|p1a: Great Tusk|def|1
|-unboost|p1a: Great Tusk|spd|1
|-damage|p1a: Great Tusk|88/100|[from] ability: Rough Skin|[of] p2a: Garchomp
|-damage|p1a: Great Tusk|72/100|[from] item: Rocky Helmet|[of] p2a: Garchomp
|
|upkeep
|turn|2
|
|t:|1760724076
|move|p1a: Great Tusk|Ice Spinner|p2a: Garchomp
|-supereffective|p2a: Garchomp
|-damage|p2a: Garchomp|0 fnt
|-damage|p1a: Great Tusk|59/100|[from] ability: Rough Skin|[of] p2a: Garchomp
|-damage|p1a: Great Tusk|43/100|[from] item: Rocky Helmet|[of] p2a: Garchomp
|faint|p2a: Garchomp
|
|upkeep
|
|t:|1760724084
|switch|p2a: Pecharunt|Pecharunt|100/100
|turn|3
|
|t:|1760724102
|move|p1a: Great Tusk|Headlong Rush|p2a: Pecharunt
|-supereffective|p2a: Pecharunt
|-damage|p2a: Pecharunt|44/100
|-unboost|p1a: Great Tusk|def|1
|-unboost|p1a: Great Tusk|spd|1
|move|p2a: Pecharunt|Malignant Chain|p1a: Great Tusk
|-resisted|p1a: Great Tusk
|-damage|p1a: Great Tusk|0 fnt
|faint|p1a: Great Tusk
|-end|p1a: Great Tusk|Protosynthesis|[silent]
|
|-heal|p2a: Pecharunt|50/100|[from] item: Leftovers
|upkeep
|inactive|gooseguy123 has 120 seconds left.
|
|t:|1760724142
|switch|p1a: Gholdengo|Gholdengo|100/100
|-item|p1a: Gholdengo|Air Balloon
|turn|4
|
|t:|1760724150
|switch|p2a: Toedscruel|Toedscruel, F, shiny|100/100
|move|p1a: Gholdengo|Shadow Ball|p2a: Toedscruel
|-damage|p2a: Toedscruel|76/100
|-unboost|p2a: Toedscruel|spd|1
|
|-heal|p2a: Toedscruel|82/100|[from] item: Leftovers
|upkeep
|turn|5
|inactive|gooseguy123 has 90 seconds left.
|
|t:|1760724200
|switch|p1a: Ceruledge|Ceruledge, F|100/100
|move|p2a: Toedscruel|Stun Spore|p1a: Ceruledge
|-status|p1a: Ceruledge|par
|
|-heal|p2a: Toedscruel|88/100|[from] item: Leftovers
|upkeep
|turn|6
|
|t:|1760724208
|cant|p1a: Ceruledge|par
|move|p2a: Toedscruel|Leech Seed|p1a: Ceruledge
|-start|p1a: Ceruledge|move: Leech Seed
|
|-heal|p2a: Toedscruel|94/100|[from] item: Leftovers
|-damage|p1a: Ceruledge|88/100 par|[from] Leech Seed|[of] p2a: Toedscruel
|-heal|p2a: Toedscruel|100/100|[silent]
|upkeep
|turn|7
|
|t:|1760724212
|switch|p2a: Garganacl|Garganacl, M|100/100
|move|p1a: Ceruledge|Taunt|p2a: Garganacl
|-start|p2a: Garganacl|move: Taunt
|
|-damage|p1a: Ceruledge|76/100 par|[from] Leech Seed|[of] p2a: Garganacl
|upkeep
|turn|8
|inactive|gooseguy123 has 90 seconds left.
|
|t:|1760724225
|switch|p1a: Raging Bolt|Raging Bolt|100/100
|-enditem|p1a: Raging Bolt|Booster Energy
|-activate|p1a: Raging Bolt|ability: Protosynthesis|[fromitem]
|-start|p1a: Raging Bolt|protosynthesisspa
|move|p2a: Garganacl|Salt Cure|p1a: Raging Bolt
|-damage|p1a: Raging Bolt|88/100
|-start|p1a: Raging Bolt|Salt Cure
|
|-damage|p1a: Raging Bolt|76/100|[from] Salt Cure
|upkeep
|turn|9
|inactive|gooseguy123 has 90 seconds left.
|
|t:|1760724230
|switch|p2a: Hatterene|Hatterene, F|100/100
|move|p1a: Raging Bolt|Calm Mind|p1a: Raging Bolt
|-boost|p1a: Raging Bolt|spa|1
|-boost|p1a: Raging Bolt|spd|1
|
|-damage|p1a: Raging Bolt|64/100|[from] Salt Cure
|upkeep
|turn|10
|
|t:|1760724236
|move|p1a: Raging Bolt|Thunderbolt|p2a: Hatterene
|-damage|p2a: Hatterene|17/100
|move|p2a: Hatterene|Calm Mind|p2a: Hatterene
|-boost|p2a: Hatterene|spa|1
|-boost|p2a: Hatterene|spd|1
|
|-damage|p1a: Raging Bolt|51/100|[from] Salt Cure
|upkeep
|turn|11
|
|t:|1760724242
|move|p1a: Raging Bolt|Thunderbolt|p2a: Hatterene
|-damage|p2a: Hatterene|0 fnt
|faint|p2a: Hatterene
|
|-damage|p1a: Raging Bolt|39/100|[from] Salt Cure
|upkeep
|
|t:|1760724248
|switch|p2a: Slowking|Slowking-Galar, F|100/100
|turn|12
|inactive|gooseguy123 has 120 seconds left.
|
|t:|1760724254
|-end|p1a: Raging Bolt|Protosynthesis|[silent]
|switch|p1a: Gholdengo|Gholdengo|100/100
|-item|p1a: Gholdengo|Air Balloon
|move|p2a: Slowking|Toxic|p1a: Gholdengo
|-immune|p1a: Gholdengo|[from] ability: Good as Gold
|
|upkeep
|turn|13
|inactive|gooseguy123 has 120 seconds left.
|
|t:|1760724265
|switch|p1a: Kyurem|Kyurem|100/100
|-ability|p1a: Kyurem|Pressure
|switch|p2a: Toedscruel|Toedscruel, F, shiny|100/100
|
|upkeep
|turn|14
|
|t:|1760724282
|switch|p2a: Slowking|Slowking-Galar, F|100/100
|move|p1a: Kyurem|Icicle Spear|p2a: Slowking
|-damage|p2a: Slowking|88/100
|-damage|p2a: Slowking|74/100
|-damage|p2a: Slowking|61/100
|-damage|p2a: Slowking|47/100
|-damage|p2a: Slowking|34/100
|-hitcount|p2a: Slowking|5
|
|-heal|p2a: Slowking|40/100|[from] item: Leftovers
|upkeep
|turn|15
|
|t:|1760724290
|switch|p2a: Garganacl|Garganacl, M|100/100
|move|p1a: Kyurem|Icicle Spear|p2a: Garganacl
|-damage|p2a: Garganacl|94/100
|-damage|p2a: Garganacl|87/100
|-damage|p2a: Garganacl|80/100
|-damage|p2a: Garganacl|73/100
|-hitcount|p2a: Garganacl|4
|
|-heal|p2a: Garganacl|79/100|[from] item: Leftovers
|upkeep
|turn|16
|
|t:|1760724308
|switch|p1a: Ceruledge|Ceruledge, F|76/100 par
|move|p2a: Garganacl|Salt Cure|p1a: Ceruledge
|-supereffective|p1a: Ceruledge
|-damage|p1a: Ceruledge|42/100 par
|
|-heal|p2a: Garganacl|85/100|[from] item: Leftovers
|upkeep
|turn|17
|
|t:|1760724326
|switch|p1a: Ninetales|Ninetales-Alola, M|100/100
|-weather|Snowscape|[from] ability: Snow Warning|[of] p1a: Ninetales
|move|p2a: Garganacl|Protect||[still]
|-fail|p2a: Garganacl
|
|-weather|Snowscape|[upkeep]
|-heal|p2a: Garganacl|91/100|[from] item: Leftovers
|upkeep
|turn|18
|
|t:|1760724332
|move|p1a: Ninetales|Encore|p2a: Garganacl
|-start|p2a: Garganacl|Encore
|move|p2a: Garganacl|Protect||[still]
|-fail|p2a: Garganacl
|
|-weather|Snowscape|[upkeep]
|-heal|p2a: Garganacl|97/100|[from] item: Leftovers
|upkeep
|turn|19
|
|t:|1760724335
|switch|p2a: Slowking|Slowking-Galar, F|73/100
|move|p1a: Ninetales|Aurora Veil|p1a: Ninetales
|-sidestart|p1: gooseguy123|move: Aurora Veil
|
|-weather|Snowscape|[upkeep]
|-heal|p2a: Slowking|79/100|[from] item: Leftovers
|upkeep
|turn|20
|
|t:|1760724342
|switch|p1a: Gholdengo|Gholdengo|100/100
|-item|p1a: Gholdengo|Air Balloon
|move|p2a: Slowking|Toxic|p1a: Gholdengo
|-immune|p1a: Gholdengo|[from] ability: Good as Gold
|
|-weather|Snowscape|[upkeep]
|-heal|p2a: Slowking|86/100|[from] item: Leftovers
|upkeep
|turn|21
|
|t:|1760724351
|switch|p2a: Toedscruel|Toedscruel, F, shiny|100/100
|move|p1a: Gholdengo|Nasty Plot|p1a: Gholdengo
|-boost|p1a: Gholdengo|spa|2
|
|-weather|none
|upkeep
|turn|22
|
|t:|1760724366
|move|p1a: Gholdengo|Make It Rain|p2a: Toedscruel
|-damage|p2a: Toedscruel|29/100
|-unboost|p1a: Gholdengo|spa|1
|move|p2a: Toedscruel|Stun Spore|p1a: Gholdengo
|-status|p1a: Gholdengo|par
|
|-heal|p2a: Toedscruel|35/100|[from] item: Leftovers
|upkeep
|turn|23
|
|t:|1760724376
|move|p2a: Toedscruel|Protect|p2a: Toedscruel
|-singleturn|p2a: Toedscruel|Protect
|cant|p1a: Gholdengo|par
|
|-heal|p2a: Toedscruel|41/100|[from] item: Leftovers
|upkeep
|turn|24
|
|t:|1760724383
|move|p1a: Gholdengo|Make It Rain|p2a: Toedscruel
|-damage|p2a: Toedscruel|0 fnt
|-unboost|p1a: Gholdengo|spa|1
|faint|p2a: Toedscruel
|
|upkeep
|
|t:|1760724391
|switch|p2a: Slowking|Slowking-Galar, F|100/100
|turn|25
|
|t:|1760724396
|move|p1a: Gholdengo|Shadow Ball|p2a: Slowking
|-supereffective|p2a: Slowking
|-damage|p2a: Slowking|53/100
|move|p2a: Slowking|Hex|p1a: Gholdengo
|-supereffective|p1a: Gholdengo
|-damage|p1a: Gholdengo|59/100 par
|-enditem|p1a: Gholdengo|Air Balloon
|
|-heal|p2a: Slowking|59/100|[from] item: Leftovers
|upkeep
|turn|26
|
|t:|1760724417
|switch|p1a: Ninetales|Ninetales-Alola, M|100/100
|-weather|Snowscape|[from] ability: Snow Warning|[of] p1a: Ninetales
|move|p2a: Slowking|Hex|p1a: Ninetales
|-damage|p1a: Ninetales|92/100
|
|-weather|Snowscape|[upkeep]
|-heal|p2a: Slowking|65/100|[from] item: Leftovers
|-sideend|p1: gooseguy123|move: Aurora Veil
|upkeep
|turn|27
|
|t:|1760724425
|move|p1a: Ninetales|Aurora Veil|p1a: Ninetales
|-sidestart|p1: gooseguy123|move: Aurora Veil
|move|p2a: Slowking|Toxic|p1a: Ninetales
|-status|p1a: Ninetales|tox
|
|-weather|Snowscape|[upkeep]
|-heal|p2a: Slowking|72/100|[from] item: Leftovers
|-damage|p1a: Ninetales|86/100 tox|[from] psn
|upkeep
|turn|28
|
|t:|1760724433
|move|p1a: Ninetales|Freeze-Dry|p2a: Slowking
|-damage|p2a: Slowking|59/100
|-status|p2a: Slowking|frz
|cant|p2a: Slowking|frz
|
|-weather|Snowscape|[upkeep]
|-heal|p2a: Slowking|65/100 frz|[from] item: Leftovers
|-damage|p1a: Ninetales|74/100 tox|[from] psn
|upkeep
|turn|29
|
|t:|1760724438
|switch|p1a: Kyurem|Kyurem|100/100
|-ability|p1a: Kyurem|Pressure
|cant|p2a: Slowking|frz
|
|-weather|Snowscape|[upkeep]
|-heal|p2a: Slowking|72/100 frz|[from] item: Leftovers
|upkeep
|turn|30
|
|t:|1760724440
|move|p1a: Kyurem|Dragon Dance|p1a: Kyurem
|-boost|p1a: Kyurem|atk|1
|-boost|p1a: Kyurem|spe|1
|cant|p2a: Slowking|frz
|
|-weather|none
|-heal|p2a: Slowking|78/100 frz|[from] item: Leftovers
|upkeep
|turn|31
|
|t:|1760724447
|move|p1a: Kyurem|Dragon Dance|p1a: Kyurem
|-boost|p1a: Kyurem|atk|1
|-boost|p1a: Kyurem|spe|1
|cant|p2a: Slowking|frz
|
|-heal|p2a: Slowking|84/100 frz|[from] item: Leftovers
|upkeep
|turn|32
|
|t:|1760724457
|move|p1a: Kyurem|Icicle Spear|p2a: Slowking
|-damage|p2a: Slowking|56/100 frz
|-damage|p2a: Slowking|28/100 frz
|-damage|p2a: Slowking|2/100 frz
|-damage|p2a: Slowking|0 fnt
|faint|p2a: Slowking
|-hitcount|p2: Slowking|4
|
|upkeep
|
|t:|1760724459
|switch|p2a: Garganacl|Garganacl, M|97/100
|turn|33
|
|t:|1760724463
|move|p1a: Kyurem|Icicle Spear|p2a: Garganacl
|-damage|p2a: Garganacl|83/100
|-damage|p2a: Garganacl|71/100
|-damage|p2a: Garganacl|57/100
|-damage|p2a: Garganacl|42/100
|-hitcount|p2a: Garganacl|4
|move|p2a: Garganacl|Salt Cure|p1a: Kyurem
|-supereffective|p1a: Kyurem
|-damage|p1a: Kyurem|86/100
|-start|p1a: Kyurem|Salt Cure
|
|-heal|p2a: Garganacl|48/100|[from] item: Leftovers
|-damage|p1a: Kyurem|74/100|[from] Salt Cure
|upkeep
|turn|34
|
|t:|1760724468
|move|p2a: Garganacl|Protect|p2a: Garganacl
|-singleturn|p2a: Garganacl|Protect
|move|p1a: Kyurem|Dragon Dance|p1a: Kyurem
|-boost|p1a: Kyurem|atk|1
|-boost|p1a: Kyurem|spe|1
|
|-heal|p2a: Garganacl|54/100|[from] item: Leftovers
|-damage|p1a: Kyurem|62/100|[from] Salt Cure
|-sideend|p1: gooseguy123|move: Aurora Veil
|upkeep
|turn|35
|
|t:|1760724473
|move|p1a: Kyurem|Icicle Spear|p2a: Garganacl
|-damage|p2a: Garganacl|37/100
|-damage|p2a: Garganacl|21/100
|-damage|p2a: Garganacl|4/100
|-damage|p2a: Garganacl|0 fnt
|faint|p2a: Garganacl
|-hitcount|p2: Garganacl|4
|
|-damage|p1a: Kyurem|50/100|[from] Salt Cure
|upkeep
|
|t:|1760724476
|switch|p2a: Pecharunt|Pecharunt|50/100
|turn|36
|
|t:|1760724482
|move|p2a: Pecharunt|Protect|p2a: Pecharunt
|-singleturn|p2a: Pecharunt|Protect
|move|p1a: Kyurem|Icicle Spear|p2a: Pecharunt
|-activate|p2a: Pecharunt|move: Protect
|
|-heal|p2a: Pecharunt|56/100|[from] item: Leftovers
|-damage|p1a: Kyurem|37/100|[from] Salt Cure
|upkeep
|turn|37
|
|t:|1760724489
|move|p1a: Kyurem|Icicle Spear|p2a: Pecharunt
|-damage|p2a: Pecharunt|41/100
|-damage|p2a: Pecharunt|26/100
|-damage|p2a: Pecharunt|10/100
|-damage|p2a: Pecharunt|0 fnt
|faint|p2a: Pecharunt
|-hitcount|p2: Pecharunt|4
|
|win|gooseguy123
|raw|gooseguy123's rating: 1443 &rarr; <strong>1463</strong><br />(+20 for winning)
|raw|YinToYang's rating: 1447 &rarr; <strong>1427</strong><br />(-20 for losing)
|l|☆gooseguy123
|player|p1|
|l|☆YinToYang
|player|p2|
