|j|☆InfinityPokeRang3r
|j|☆Brigadi25
|t:|1760885460
|gametype|singles
|player|p1|InfinityPokeRang3r|ingo|1277
|player|p2|Brigadi25|bugcatcher-gen4dp|1350
|gen|9
|tier|[Gen 9] OU
|rated|
|rule|HP Percentage Mod: HP is shown in percentages
|rule|Endless Battle Clause: Forcing endless battles is banned
|rule|Species Clause: Limit one of each Pokémon
|rule|OHKO Clause: OHKO moves are banned
|rule|Evasion Items Clause: Evasion items are banned
|rule|Evasion Moves Clause: Evasion moves are banned
|rule|Evasion Abilities Clause: Evasion abilities are banned
|rule|Sleep Moves Clause: Sleep-inducing moves are banned
|clearpoke
|poke|p1|Araquanid, F|
|poke|p1|Enamorus, F|
|poke|p1|Great Tusk|
|poke|p1|Skeledirge, M|
|poke|p1|Ogerpon-Cornerstone, F|
|poke|p1|Iron Crown|
|poke|p2|Kleavor, M|
|poke|p2|Ogerpon-Wellspring, F|
|poke|p2|Tornadus-Therian, M|
|poke|p2|Goodra, M|
|poke|p2|Serperior, F|
|poke|p2|Iron Treads|
|teampreview
|inactive|Battle timer is ON: inactive players will automatically lose when time's up. (requested by Brigadi25)
|
|t:|1760885466
|teamsize|p1|6
|teamsize|p2|6
|start
|switch|p1a: Iron Crown|Iron Crown|100/100
|switch|p2a: Tornadus|Tornadus-Therian, M|100/100
|turn|1
|
|t:|1760885473
|move|p2a: Tornadus|Taunt|p1a: Iron Crown
|-start|p1a: Iron Crown|move: Taunt
|move|p1a: Iron Crown|Volt Switch|p2a: Tornadus
|-supereffective|p2a: Tornadus
|-damage|p2a: Tornadus|19/100
|
|t:|1760885484
|-end|p1a: Iron Crown|Quark Drive|[silent]
|switch|p1a: Skeledirge|Skeledirge, M|100/100|[from] Volt Switch
|
|upkeep
|turn|2
|
|t:|1760885498
|move|p2a: Tornadus|U-turn|p1a: Skeledirge
|-resisted|p1a: Skeledirge
|-damage|p1a: Skeledirge|97/100
|
|t:|1760885508
|switch|p2a: Kleavor|Kleavor, M|100/100|[from] U-turn
|move|p1a: Skeledirge|Will-O-Wisp|p2a: Kleavor
|-status|p2a: Kleavor|brn
|
|-damage|p2a: Kleavor|94/100 brn|[from] brn
|upkeep
|turn|3
|
|t:|1760885518
|move|p2a: Kleavor|Stone Axe|p1a: Skeledirge
|-supereffective|p1a: Skeledirge
|-damage|p1a: Skeledirge|58/100
|-sidestart|p1: InfinityPokeRang3r|move: Stealth Rock
|move|p1a: Skeledirge|Slack Off|p1a: Skeledirge
|-heal|p1a: Skeledirge|100/100
|
|-damage|p2a: Kleavor|88/100 brn|[from] brn
|upkeep
|turn|4
|
|t:|1760885527
|switch|p2a: Goodra|Goodra, M|100/100
|move|p1a: Skeledirge|Torch Song|p2a: Goodra
|-resisted|p2a: Goodra
|-crit|p2a: Goodra
|-damage|p2a: Goodra|90/100
|-boost|p1a: Skeledirge|spa|1
|
|upkeep
|turn|5
|
|t:|1760885547
|move|p2a: Goodra|Sludge Bomb|p1a: Skeledirge
|-resisted|p1a: Skeledirge
|-damage|p1a: Skeledirge|92/100
|move|p1a: Skeledirge|Will-O-Wisp|p2a: Goodra
|-status|p2a: Goodra|brn
|
|-damage|p2a: Goodra|84/100 brn|[from] brn
|upkeep
|turn|6
|
|t:|1760885555
|move|p2a: Goodra|Sludge Bomb|p1a: Skeledirge
|-resisted|p1a: Skeledirge
|-crit|p1a: Skeledirge
|-damage|p1a: Skeledirge|79/100
|move|p1a: Skeledirge|Hex|p2a: Goodra
|-damage|p2a: Goodra|55/100 brn
|
|-damage|p2a: Goodra|49/100 brn|[from] brn
|upkeep
|turn|7
|
|t:|1760885562
|move|p2a: Goodra|Sludge Bomb|p1a: Skeledirge
|-resisted|p1a: Skeledirge
|-damage|p1a: Skeledirge|71/100
|move|p1a: Skeledirge|Torch Song|p2a: Goodra
|-resisted|p2a: Goodra
|-damage|p2a: Goodra|39/100 brn
|-boost|p1a: Skeledirge|spa|1
|
|-damage|p2a: Goodra|33/100 brn|[from] brn
|upkeep
|turn|8
|
|t:|1760885571
|move|p2a: Goodra|Sludge Bomb|p1a: Skeledirge
|-resisted|p1a: Skeledirge
|-damage|p1a: Skeledirge|62/100
|-status|p1a: Skeledirge|psn
|move|p1a: Skeledirge|Slack Off|p1a: Skeledirge
|-heal|p1a: Skeledirge|100/100 psn
|
|-damage|p1a: Skeledirge|88/100 psn|[from] psn
|-damage|p2a: Goodra|27/100 brn|[from] brn
|upkeep
|turn|9
|
|t:|1760885592
|move|p2a: Goodra|Earthquake|p1a: Skeledirge
|-supereffective|p1a: Skeledirge
|-damage|p1a: Skeledirge|71/100 psn
|move|p1a: Skeledirge|Torch Song|p2a: Goodra
|-resisted|p2a: Goodra
|-damage|p2a: Goodra|14/100 brn
|-boost|p1a: Skeledirge|spa|1
|
|-damage|p1a: Skeledirge|59/100 psn|[from] psn
|-damage|p2a: Goodra|8/100 brn|[from] brn
|upkeep
|turn|10
|
|t:|1760885608
|move|p2a: Goodra|Earthquake|p1a: Skeledirge
|-supereffective|p1a: Skeledirge
|-damage|p1a: Skeledirge|42/100 psn
|move|p1a: Skeledirge|Slack Off|p1a: Skeledirge
|-heal|p1a: Skeledirge|92/100 psn
|
|-damage|p1a: Skeledirge|80/100 psn|[from] psn
|-damage|p2a: Goodra|2/100 brn|[from] brn
|upkeep
|turn|11
|
|t:|1760885616
|move|p2a: Goodra|Earthquake|p1a: Skeledirge
|-supereffective|p1a: Skeledirge
|-damage|p1a: Skeledirge|64/100 psn
|move|p1a: Skeledirge|Slack Off|p1a: Skeledirge
|-heal|p1a: Skeledirge|100/100 psn
|
|-damage|p1a: Skeledirge|88/100 psn|[from] psn
|-damage|p2a: Goodra|0 fnt|[from] brn
|faint|p2a: Goodra
|upkeep
|
|t:|1760885624
|switch|p2a: Ogerpon|Ogerpon-Wellspring, F|100/100
|turn|12
|
|t:|1760885629
|move|p2a: Ogerpon|Encore|p1a: Skeledirge
|-start|p1a: Skeledirge|Encore
|move|p1a: Skeledirge|Slack Off|p1a: Skeledirge
|-heal|p1a: Skeledirge|100/100 psn
|
|-damage|p1a: Skeledirge|88/100 psn|[from] psn
|upkeep
|turn|13
|
|t:|1760885639
|switch|p1a: Araquanid|Araquanid, F|100/100
|-damage|p1a: Araquanid|75/100|[from] Stealth Rock
|move|p2a: Ogerpon|Knock Off|p1a: Araquanid
|-damage|p1a: Araquanid|42/100
|-enditem|p1a: Araquanid|Mental Herb|[from] move: Knock Off|[of] p2a: Ogerpon
|
|upkeep
|turn|14
|
|t:|1760885649
|move|p2a: Ogerpon|U-turn|p1a: Araquanid
|-damage|p1a: Araquanid|15/100
|
|t:|1760885654
|switch|p2a: Tornadus|Tornadus-Therian, M|52/100|[from] U-turn
|move|p1a: Araquanid|Sticky Web|p2a: Tornadus
|-sidestart|p2: Brigadi25|move: Sticky Web
|
|upkeep
|turn|15
|
|t:|1760885668
|move|p2a: Tornadus|U-turn|p1a: Araquanid
|-damage|p1a: Araquanid|0 fnt
|faint|p1a: Araquanid
|
|t:|1760885685
|switch|p2a: Kleavor|Kleavor, M|88/100 brn|[from] U-turn
|-activate|p2a: Kleavor|move: Sticky Web
|-unboost|p2a: Kleavor|spe|1
|
|-damage|p2a: Kleavor|82/100 brn|[from] brn
|upkeep
|
|t:|1760885695
|switch|p1a: Iron Crown|Iron Crown|100/100
|-damage|p1a: Iron Crown|94/100|[from] Stealth Rock
|turn|16
|
|t:|1760885705
|move|p1a: Iron Crown|Focus Blast|p2a: Kleavor
|-damage|p2a: Kleavor|0 fnt
|faint|p2a: Kleavor
|
|upkeep
|
|t:|1760885724
|switch|p2a: Iron Treads|Iron Treads|100/100
|-activate|p2a: Iron Treads|move: Sticky Web
|-unboost|p2a: Iron Treads|spe|1
|turn|17
|
|t:|1760885733
|-terastallize|p2a: Iron Treads|Ghost
|move|p1a: Iron Crown|Focus Blast|p2a: Iron Treads
|-immune|p2a: Iron Treads
|move|p2a: Iron Treads|Rapid Spin|p1a: Iron Crown
|-resisted|p1a: Iron Crown
|-damage|p1a: Iron Crown|86/100
|-boost|p2a: Iron Treads|spe|1
|-sideend|p2: Brigadi25|Sticky Web|[from] move: Rapid Spin|[of] p2a: Iron Treads
|
|upkeep
|turn|18
|
|t:|1760885755
|-end|p1a: Iron Crown|Quark Drive|[silent]
|switch|p1a: Skeledirge|Skeledirge, M|88/100 psn
|move|p2a: Iron Treads|Rapid Spin|p1a: Skeledirge
|-immune|p1a: Skeledirge
|
|-damage|p1a: Skeledirge|76/100 psn|[from] psn
|upkeep
|turn|19
|
|t:|1760885763
|move|p2a: Iron Treads|Earthquake|p1a: Skeledirge
|-supereffective|p1a: Skeledirge
|-damage|p1a: Skeledirge|4/100 psn
|move|p1a: Skeledirge|Will-O-Wisp|p2a: Iron Treads
|-status|p2a: Iron Treads|brn
|
|-damage|p1a: Skeledirge|0 fnt|[from] psn
|faint|p1a: Skeledirge
|-damage|p2a: Iron Treads|94/100 brn|[from] brn
|upkeep
|
|t:|1760885772
|switch|p1a: Ogerpon|Ogerpon-Cornerstone, F|100/100
|-damage|p1a: Ogerpon|88/100|[from] Stealth Rock
|turn|20
|inactive|Brigadi25 has 120 seconds left.
|
|t:|1760885803
|move|p1a: Ogerpon|Knock Off|p2a: Iron Treads
|-supereffective|p2a: Iron Treads
|-damage|p2a: Iron Treads|23/100 brn
|-enditem|p2a: Iron Treads|Assault Vest|[from] move: Knock Off|[of] p1a: Ogerpon
|move|p2a: Iron Treads|Ice Spinner|p1a: Ogerpon
|-supereffective|p1a: Ogerpon
|-damage|p1a: Ogerpon|58/100
|
|-damage|p2a: Iron Treads|16/100 brn|[from] brn
|upkeep
|turn|21
|inactive|Brigadi25 has 120 seconds left.
|
|t:|1760885815
|move|p1a: Ogerpon|Swords Dance|p1a: Ogerpon
|-boost|p1a: Ogerpon|atk|2
|move|p2a: Iron Treads|Rapid Spin|p1a: Ogerpon
|-resisted|p1a: Ogerpon
|-damage|p1a: Ogerpon|53/100
|-boost|p2a: Iron Treads|spe|1
|
|-damage|p2a: Iron Treads|10/100 brn|[from] brn
|upkeep
|turn|22
|
|t:|1760885823
|move|p2a: Iron Treads|Ice Spinner|p1a: Ogerpon
|-supereffective|p1a: Ogerpon
|-crit|p1a: Ogerpon
|-damage|p1a: Ogerpon|0 fnt
|faint|p1a: Ogerpon
|
|-damage|p2a: Iron Treads|4/100 brn|[from] brn
|upkeep
|
|t:|1760885830
|switch|p1a: Great Tusk|Great Tusk|100/100
|-damage|p1a: Great Tusk|98/100|[from] Stealth Rock
|turn|23
|
|t:|1760885847
|move|p2a: Iron Treads|Ice Spinner|p1a: Great Tusk
|-supereffective|p1a: Great Tusk
|-damage|p1a: Great Tusk|81/100
|move|p1a: Great Tusk|Ice Spinner|p2a: Iron Treads
|-damage|p2a: Iron Treads|0 fnt
|faint|p2a: Iron Treads
|-end|p2a: Iron Treads|Quark Drive|[silent]
|
|upkeep
|inactive|Brigadi25 has 120 seconds left.
|
|t:|1760885864
|switch|p2a: Ogerpon|Ogerpon-Wellspring, F|100/100
|turn|24
|
|t:|1760885884
|move|p2a: Ogerpon|Ivy Cudgel|p1a: Great Tusk|[anim] Ivy Cudgel Water
|-supereffective|p1a: Great Tusk
|-damage|p1a: Great Tusk|3/100
|move|p1a: Great Tusk|Close Combat|p2a: Ogerpon
|-crit|p2a: Ogerpon
|-damage|p2a: Ogerpon|0 fnt
|-unboost|p1a: Great Tusk|def|1
|-unboost|p1a: Great Tusk|spd|1
|faint|p2a: Ogerpon
|
|upkeep
|
|t:|1760885894
|switch|p2a: Serperior|Serperior, F|100/100
|turn|25
|
|t:|1760885905
|move|p2a: Serperior|Leaf Storm|p1a: Great Tusk|[miss]
|-miss|p2a: Serperior|p1a: Great Tusk
|move|p1a: Great Tusk|Ice Spinner|p2a: Serperior
|-supereffective|p2a: Serperior
|-damage|p2a: Serperior|37/100
|
|-heal|p2a: Serperior|43/100|[from] item: Leftovers
|upkeep
|turn|26
|
|t:|1760885912
|move|p2a: Serperior|Leaf Storm|p1a: Great Tusk
|-supereffective|p1a: Great Tusk
|-crit|p1a: Great Tusk
|-damage|p1a: Great Tusk|0 fnt
|-boost|p2a: Serperior|spa|2
|faint|p1a: Great Tusk
|-end|p1a: Great Tusk|Protosynthesis|[silent]
|
|-heal|p2a: Serperior|49/100|[from] item: Leftovers
|upkeep
|
|t:|1760885921
|switch|p1a: Enamorus|Enamorus, F|100/100
|-damage|p1a: Enamorus|76/100|[from] Stealth Rock
|turn|27
|
|t:|1760885932
|-terastallize|p1a: Enamorus|Fairy
|move|p2a: Serperior|Glare|p1a: Enamorus
|-status|p1a: Enamorus|par
|cant|p1a: Enamorus|par
|
|-heal|p2a: Serperior|55/100|[from] item: Leftovers
|upkeep
|turn|28
|
|t:|1760885939
|move|p2a: Serperior|Substitute|p2a: Serperior
|-start|p2a: Serperior|Substitute
|-damage|p2a: Serperior|30/100
|move|p1a: Enamorus|Draining Kiss|p2a: Serperior
|-end|p2a: Serperior|Substitute
|-heal|p1a: Enamorus|98/100 par|[from] drain|[of] p2a: Serperior
|-damage|p1a: Enamorus|88/100 par|[from] item: Life Orb
|
|-heal|p2a: Serperior|36/100|[from] item: Leftovers
|upkeep
|turn|29
|
|t:|1760885948
|move|p2a: Serperior|Substitute|p2a: Serperior
|-start|p2a: Serperior|Substitute
|-damage|p2a: Serperior|11/100
|move|p1a: Enamorus|Draining Kiss|p2a: Serperior
|-end|p2a: Serperior|Substitute
|-heal|p1a: Enamorus|100/100 par|[from] drain|[of] p2a: Serperior
|-damage|p1a: Enamorus|91/100 par|[from] item: Life Orb
|
|-heal|p2a: Serperior|18/100|[from] item: Leftovers
|upkeep
|turn|30
|
|t:|1760885957
|move|p2a: Serperior|Leaf Storm|p1a: Enamorus
|-damage|p1a: Enamorus|0 fnt
|-boost|p2a: Serperior|spa|2
|faint|p1a: Enamorus
|
|-heal|p2a: Serperior|24/100|[from] item: Leftovers
|upkeep
|
|t:|1760885960
|switch|p1a: Iron Crown|Iron Crown|86/100
|-damage|p1a: Iron Crown|79/100|[from] Stealth Rock
|turn|31
|
|t:|1760885970
|move|p2a: Serperior|Glare|p1a: Iron Crown
|-status|p1a: Iron Crown|par
|move|p1a: Iron Crown|Tachyon Cutter|p2a: Serperior
|-damage|p2a: Serperior|0 fnt
|faint|p2a: Serperior
|-hitcount|p2: Serperior|1
|
|upkeep
|
|t:|1760885976
|switch|p2a: Tornadus|Tornadus-Therian, M|86/100
|turn|32
|
|t:|1760885980
|move|p2a: Tornadus|Heat Wave|p1a: Iron Crown
|-supereffective|p1a: Iron Crown
|-damage|p1a: Iron Crown|36/100 par
|move|p1a: Iron Crown|Tachyon Cutter|p2a: Tornadus
|-damage|p2a: Tornadus|48/100
|-damage|p2a: Tornadus|6/100
|-hitcount|p2a: Tornadus|2
|
|upkeep
|turn|33
|
|t:|1760885988
|move|p2a: Tornadus|Heat Wave|p1a: Iron Crown
|-supereffective|p1a: Iron Crown
|-damage|p1a: Iron Crown|0 fnt
|faint|p1a: Iron Crown
|-end|p1a: Iron Crown|Quark Drive|[silent]
|
|win|Brigadi25
|raw|InfinityPokeRang3r's rating: 1277 &rarr; <strong>1257</strong><br />(-20 for losing)
|raw|Brigadi25's rating: 1350 &rarr; <strong>1366</strong><br />(+16 for winning)
|l|☆InfinityPokeRang3r
|player|p1|
|l|☆Brigadi25
|player|p2|
