|j|☆effggg
|j|☆Dehkaboy
|t:|1760743761
|gametype|singles
|player|p1|effggg|lyra|1022
|player|p2|Dehkaboy|170|1076
|gen|9
|tier|[Gen 9] OU
|rated|
|rule|HP Percentage Mod: HP is shown in percentages
|rule|Endless Battle Clause: Forcing endless battles is banned
|rule|Species Clause: Limit one of each Pokémon
|rule|OHKO Clause: OHKO moves are banned
|rule|Evasion Items Clause: Evasion items are banned
|rule|Evasion Moves Clause: Evasion moves are banned
|rule|Evasion Abilities Clause: Evasion abilities are banned
|rule|Sleep Moves Clause: Sleep-inducing moves are banned
|clearpoke
|poke|p1|Meowscarada, F|
|poke|p1|Gengar, M|
|poke|p1|Rotom-Heat|
|poke|p1|Great Tusk|
|poke|p1|Walking Wake|
|poke|p1|Iron Valiant|
|poke|p2|Luxray, M|
|poke|p2|Infernape, M|
|poke|p2|Dugtrio-Alola, M|
|poke|p2|Dusknoir, M|
|poke|p2|Snorlax, M|
|poke|p2|Torterra, M|
|teampreview
|inactive|Battle timer is ON: inactive players will automatically lose when time's up. (requested by effggg)
|inactive|Dehkaboy has 120 seconds left.
|
|t:|1760743820
|teamsize|p1|6
|teamsize|p2|6
|start
|switch|p1a: Meowscarada|Meowscarada, F|100/100
|switch|p2a: Dugtrio|Dugtrio-Alola, M|100/100
|turn|1
|
|t:|1760743848
|move|p1a: Meowscarada|Trick|p2a: Dugtrio
|-start|p1a: Meowscarada|typechange|Psychic|[from] ability: Protean
|-activate|p1a: Meowscarada|move: Trick|[of] p2a: Dugtrio
|-item|p2a: Dugtrio|Choice Scarf|[from] move: Trick
|-item|p1a: Meowscarada|Red Card|[from] move: Trick
|move|p2a: Dugtrio|Stealth Rock|p1a: Meowscarada
|-sidestart|p1: effggg|move: Stealth Rock
|
|upkeep
|turn|2
|
|t:|1760743870
|move|p2a: Dugtrio|Stealth Rock||[still]
|-fail|p2a: Dugtrio
|move|p1a: Meowscarada|U-turn|p2a: Dugtrio
|-resisted|p2a: Dugtrio
|-damage|p2a: Dugtrio|74/100
|-ability|p2a: Dugtrio|Tangling Hair
|-unboost|p1a: Meowscarada|spe|1
|
|t:|1760743883
|switch|p1a: Great Tusk|Great Tusk|100/100|[from] U-turn
|-damage|p1a: Great Tusk|98/100|[from] Stealth Rock
|
|upkeep
|turn|3
|
|t:|1760743891
|switch|p2a: Dusknoir|Dusknoir, M|100/100
|-item|p1a: Great Tusk|Assault Vest|[from] ability: Frisk|[of] p2a: Dusknoir
|move|p1a: Great Tusk|Headlong Rush|p2a: Dusknoir
|-damage|p2a: Dusknoir|38/100
|-unboost|p1a: Great Tusk|def|1
|-unboost|p1a: Great Tusk|spd|1
|-damage|p1a: Great Tusk|81/100|[from] item: Rocky Helmet|[of] p2a: Dusknoir
|
|upkeep
|turn|4
|
|t:|1760743902
|move|p1a: Great Tusk|Headlong Rush|p2a: Dusknoir
|-damage|p2a: Dusknoir|0 fnt
|-unboost|p1a: Great Tusk|def|1
|-unboost|p1a: Great Tusk|spd|1
|-damage|p1a: Great Tusk|65/100|[from] item: Rocky Helmet|[of] p2a: Dusknoir
|faint|p2a: Dusknoir
|
|upkeep
|
|t:|1760743912
|switch|p2a: Dugtrio|Dugtrio-Alola, M|74/100
|turn|5
|
|t:|1760743919
|-end|p1a: Great Tusk|Protosynthesis|[silent]
|switch|p1a: Rotom|Rotom-Heat|100/100
|-damage|p1a: Rotom|76/100|[from] Stealth Rock
|move|p2a: Dugtrio|Iron Head|p1a: Rotom
|-resisted|p1a: Rotom
|-damage|p1a: Rotom|63/100
|
|upkeep
|turn|6
|
|t:|1760743929
|switch|p2a: Snorlax|Snorlax, M, shiny|100/100
|move|p1a: Rotom|Trick|p2a: Snorlax
|-activate|p1a: Rotom|move: Trick|[of] p2a: Snorlax
|-item|p2a: Snorlax|Choice Scarf|[from] move: Trick
|-item|p1a: Rotom|Leftovers|[from] move: Trick
|
|-heal|p1a: Rotom|69/100|[from] item: Leftovers
|upkeep
|turn|7
|
|t:|1760743941
|move|p1a: Rotom|Will-O-Wisp|p2a: Snorlax
|-status|p2a: Snorlax|brn
|move|p2a: Snorlax|Crunch|p1a: Rotom
|-damage|p1a: Rotom|57/100
|-unboost|p1a: Rotom|def|1
|
|-heal|p1a: Rotom|63/100|[from] item: Leftovers
|-damage|p2a: Snorlax|94/100 brn|[from] brn
|upkeep
|turn|8
|
|t:|1760743951
|move|p1a: Rotom|Volt Switch|p2a: Snorlax
|-damage|p2a: Snorlax|75/100 brn
|
|t:|1760743954
|switch|p1a: Great Tusk|Great Tusk|65/100|[from] Volt Switch
|-damage|p1a: Great Tusk|62/100|[from] Stealth Rock
|move|p2a: Snorlax|Crunch|p1a: Great Tusk
|-resisted|p1a: Great Tusk
|-damage|p1a: Great Tusk|58/100
|
|-damage|p2a: Snorlax|69/100 brn|[from] brn
|upkeep
|turn|9
|
|t:|1760743965
|switch|p2a: Luxray|Luxray, M, shiny|100/100
|-ability|p2a: Luxray|Intimidate|boost
|-unboost|p1a: Great Tusk|atk|1
|-item|p2a: Luxray|Air Balloon
|move|p1a: Great Tusk|Rapid Spin|p2a: Luxray
|-damage|p2a: Luxray|82/100
|-boost|p1a: Great Tusk|spe|1
|-enditem|p2a: Luxray|Air Balloon
|-sideend|p1: effggg|Stealth Rock|[from] move: Rapid Spin|[of] p1a: Great Tusk
|
|upkeep
|turn|10
|inactive|Dehkaboy has 120 seconds left.
|
|t:|1760744005
|-end|p1a: Great Tusk|Protosynthesis|[silent]
|switch|p1a: Meowscarada|Meowscarada, F|100/100
|switch|p2a: Torterra|Torterra, M|100/100
|
|upkeep
|turn|11
|inactive|Dehkaboy has 120 seconds left.
|
|t:|1760744017
|switch|p2a: Dugtrio|Dugtrio-Alola, M|74/100
|move|p1a: Meowscarada|Knock Off|p2a: Dugtrio
|-start|p1a: Meowscarada|typechange|Dark|[from] ability: Protean
|-damage|p2a: Dugtrio|0 fnt
|-ability|p2a: Dugtrio|Tangling Hair
|-unboost|p1a: Meowscarada|spe|1
|-enditem|p2a: Dugtrio|Choice Scarf|[from] move: Knock Off|[of] p1a: Meowscarada
|faint|p2a: Dugtrio
|
|upkeep
|
|t:|1760744028
|switch|p2a: Snorlax|Snorlax, M, shiny|69/100 brn
|turn|12
|
|t:|1760744037
|switch|p1a: Walking Wake|Walking Wake|100/100
|move|p2a: Snorlax|Rest|p2a: Snorlax
|-status|p2a: Snorlax|slp|[from] move: Rest
|-heal|p2a: Snorlax|100/100 slp|[silent]
|
|upkeep
|turn|13
|inactive|Dehkaboy has 120 seconds left.
|
|t:|1760744054
|move|p1a: Walking Wake|Agility|p1a: Walking Wake
|-boost|p1a: Walking Wake|spe|2
|cant|p2a: Snorlax|slp
|
|upkeep
|turn|14
|inactive|Dehkaboy has 120 seconds left.
|
|t:|1760744059
|move|p1a: Walking Wake|Hydro Steam|p2a: Snorlax
|-damage|p2a: Snorlax|73/100 slp
|cant|p2a: Snorlax|slp
|
|upkeep
|turn|15
|inactive|Dehkaboy has 120 seconds left.
|
|t:|1760744070
|switch|p2a: Torterra|Torterra, M|100/100
|move|p1a: Walking Wake|Hydro Steam|p2a: Torterra
|-damage|p2a: Torterra|59/100
|
|upkeep
|turn|16
|
|t:|1760744076
|move|p1a: Walking Wake|Flamethrower|p2a: Torterra
|-supereffective|p2a: Torterra
|-damage|p2a: Torterra|0 fnt
|faint|p2a: Torterra
|
|upkeep
|
|t:|1760744082
|switch|p2a: Snorlax|Snorlax, M, shiny|73/100 slp
|turn|17
|
|t:|1760744087
|move|p1a: Walking Wake|Hydro Steam|p2a: Snorlax
|-damage|p2a: Snorlax|46/100 slp
|-curestatus|p2a: Snorlax|slp|[msg]
|move|p2a: Snorlax|Crunch|p1a: Walking Wake
|-damage|p1a: Walking Wake|77/100
|
|upkeep
|turn|18
|
|t:|1760744094
|move|p1a: Walking Wake|Hydro Steam|p2a: Snorlax
|-damage|p2a: Snorlax|16/100
|move|p2a: Snorlax|Crunch|p1a: Walking Wake
|-damage|p1a: Walking Wake|56/100
|
|upkeep
|turn|19
|
|t:|1760744100
|move|p1a: Walking Wake|Hydro Steam|p2a: Snorlax
|-damage|p2a: Snorlax|0 fnt
|faint|p2a: Snorlax
|
|upkeep
|
|t:|1760744104
|switch|p2a: Luxray|Luxray, M, shiny|82/100
|-ability|p2a: Luxray|Intimidate|boost
|-unboost|p1a: Walking Wake|atk|1
|turn|20
|
|t:|1760744111
|move|p1a: Walking Wake|Draco Meteor|p2a: Luxray
|-damage|p2a: Luxray|0 fnt
|-unboost|p1a: Walking Wake|spa|2
|faint|p2a: Luxray
|
|upkeep
|
|t:|1760744115
|switch|p2a: Infernape|Infernape, M, shiny|100/100
|turn|21
|
|t:|1760744118
|move|p2a: Infernape|Fake Out|p1a: Walking Wake
|-crit|p1a: Walking Wake
|-damage|p1a: Walking Wake|38/100
|cant|p1a: Walking Wake|flinch
|
|upkeep
|turn|22
|
|t:|1760744124
|-end|p1a: Walking Wake|Protosynthesis|[silent]
|switch|p1a: Gengar|Gengar, M, shiny|100/100
|move|p2a: Infernape|Drain Punch|p1a: Gengar
|-immune|p1a: Gengar
|
|upkeep
|turn|23
|
|t:|1760744132
|-terastallize|p2a: Infernape|Fire
|move|p1a: Gengar|Encore|p2a: Infernape
|-start|p2a: Infernape|Encore
|move|p2a: Infernape|Drain Punch|p1a: Gengar
|-immune|p1a: Gengar
|
|upkeep
|turn|24
|-message|Dehkaboy forfeited.
|
|win|effggg
|raw|effggg's rating: 1022 &rarr; <strong>1064</strong><br />(+42 for winning)
|raw|Dehkaboy's rating: 1076 &rarr; <strong>1051</strong><br />(-25 for losing)
|l|☆Dehkaboy
|player|p2|
