|j|☆Abra123kadabra
|j|☆HZBKAI2
|t:|1760765390
|gametype|singles
|player|p1|Abra123kadabra|265|1087
|player|p2|HZBKAI2|266|1090
|gen|9
|tier|[Gen 9] OU
|rated|
|rule|HP Percentage Mod: HP is shown in percentages
|rule|Endless Battle Clause: Forcing endless battles is banned
|rule|Species Clause: Limit one of each Pokémon
|rule|OHKO Clause: OHKO moves are banned
|rule|Evasion Items Clause: Evasion items are banned
|rule|Evasion Moves Clause: Evasion moves are banned
|rule|Evasion Abilities Clause: Evasion abilities are banned
|rule|Sleep Moves Clause: Sleep-inducing moves are banned
|clearpoke
|poke|p1|Mimikyu, M|
|poke|p1|Primeape, M|
|poke|p1|Blaziken, M|
|poke|p1|Porygon2|
|poke|p1|Torkoal, M|
|poke|p1|Exeggutor, M|
|poke|p2|Latias, F|
|poke|p2|Ceruledge, M|
|poke|p2|Iron Valiant|
|poke|p2|Moltres-Galar|
|poke|p2|Glimmora, F|
|poke|p2|Scizor, M|
|teampreview
|
|t:|1760765394
|teamsize|p1|6
|teamsize|p2|6
|start
|switch|p1a: Mimikyu|Mimikyu, M|100/100
|switch|p2a: Moltres|Moltres-Galar|100/100
|turn|1
|
|t:|1760765401
|move|p1a: Mimikyu|Swords Dance|p1a: Mimikyu
|-boost|p1a: Mimikyu|atk|2
|move|p2a: Moltres|Fiery Wrath|p1a: Mimikyu
|-activate|p1a: Mimikyu|ability: Disguise
|-damage|p1a: Mimikyu|100/100
|detailschange|p1a: Mimikyu|Mimikyu-Busted, M
|-damage|p1a: Mimikyu|88/100|[from] pokemon: Mimikyu-Busted
|-enditem|p1a: Mimikyu|Red Card|[of] p2a: Moltres
|drag|p2a: Ceruledge|Ceruledge, M|100/100
|
|upkeep
|turn|2
|
|t:|1760765412
|move|p1a: Mimikyu|Shadow Claw|p2a: Ceruledge
|-supereffective|p2a: Ceruledge
|-enditem|p2a: Ceruledge|Focus Sash
|-damage|p2a: Ceruledge|1/100
|-ability|p2a: Ceruledge|Weak Armor|boost
|-unboost|p2a: Ceruledge|def|1
|-boost|p2a: Ceruledge|spe|2
|move|p2a: Ceruledge|Poltergeist||[still]
|-fail|p2a: Ceruledge
|
|upkeep
|turn|3
|
|t:|1760765421
|-terastallize|p2a: Ceruledge|Ghost
|move|p1a: Mimikyu|Shadow Sneak|p2a: Ceruledge
|-supereffective|p2a: Ceruledge
|-damage|p2a: Ceruledge|0 fnt
|faint|p2a: Ceruledge
|
|upkeep
|
|t:|1760765422
|switch|p2a: Iron Valiant|Iron Valiant|100/100
|-enditem|p2a: Iron Valiant|Booster Energy
|-activate|p2a: Iron Valiant|ability: Quark Drive|[fromitem]
|-start|p2a: Iron Valiant|quarkdrivespe
|turn|4
|
|t:|1760765439
|move|p1a: Mimikyu|Shadow Sneak|p2a: Iron Valiant
|-damage|p2a: Iron Valiant|58/100
|move|p2a: Iron Valiant|Shadow Ball|p1a: Mimikyu
|-supereffective|p1a: Mimikyu
|-damage|p1a: Mimikyu|24/100
|-unboost|p1a: Mimikyu|spd|1
|
|upkeep
|turn|5
|
|t:|1760765446
|move|p1a: Mimikyu|Shadow Sneak|p2a: Iron Valiant
|-damage|p2a: Iron Valiant|16/100
|move|p2a: Iron Valiant|Shadow Ball|p1a: Mimikyu
|-supereffective|p1a: Mimikyu
|-damage|p1a: Mimikyu|0 fnt
|faint|p1a: Mimikyu
|
|upkeep
|
|t:|1760765453
|switch|p1a: Porygon2|Porygon2|100/100
|-ability|p1a: Porygon2|Download|boost
|-boost|p1a: Porygon2|spa|1
|turn|6
|
|t:|1760765457
|move|p2a: Iron Valiant|Moonblast|p1a: Porygon2
|-damage|p1a: Porygon2|68/100
|move|p1a: Porygon2|Charge Beam|p2a: Iron Valiant
|-damage|p2a: Iron Valiant|0 fnt
|-boost|p1a: Porygon2|spa|1
|faint|p2a: Iron Valiant
|-end|p2a: Iron Valiant|Quark Drive|[silent]
|
|upkeep
|
|t:|1760765458
|switch|p2a: Latias|Latias, F|100/100
|turn|7
|
|t:|1760765469
|move|p2a: Latias|Aura Sphere|p1a: Porygon2
|-supereffective|p1a: Porygon2
|-damage|p1a: Porygon2|42/100
|move|p1a: Porygon2|Tri Attack|p2a: Latias
|-damage|p2a: Latias|45/100
|
|upkeep
|turn|8
|
|t:|1760765476
|move|p2a: Latias|Aura Sphere|p1a: Porygon2
|-supereffective|p1a: Porygon2
|-damage|p1a: Porygon2|18/100
|move|p1a: Porygon2|Tri Attack|p2a: Latias
|-damage|p2a: Latias|0 fnt
|faint|p2a: Latias
|
|upkeep
|
|t:|1760765476
|switch|p2a: Scizor|Scizor, M|100/100
|turn|9
|
|t:|1760765488
|move|p2a: Scizor|Close Combat|p1a: Porygon2
|-supereffective|p1a: Porygon2
|-damage|p1a: Porygon2|0 fnt
|-unboost|p2a: Scizor|def|1
|-unboost|p2a: Scizor|spd|1
|faint|p1a: Porygon2
|-damage|p2a: Scizor|91/100|[from] item: Life Orb
|
|upkeep
|
|t:|1760765496
|switch|p1a: Blaziken|Blaziken, M|100/100
|turn|10
|
|t:|1760765500
|move|p1a: Blaziken|Focus Energy|p1a: Blaziken
|-start|p1a: Blaziken|move: Focus Energy
|move|p2a: Scizor|Close Combat|p1a: Blaziken
|-damage|p1a: Blaziken|4/100
|-unboost|p2a: Scizor|def|1
|-unboost|p2a: Scizor|spd|1
|-damage|p2a: Scizor|81/100|[from] item: Life Orb
|
|-ability|p1a: Blaziken|Speed Boost|boost
|-boost|p1a: Blaziken|spe|1
|upkeep
|turn|11
|
|t:|1760765510
|move|p1a: Blaziken|Protect|p1a: Blaziken
|-singleturn|p1a: Blaziken|Protect
|move|p2a: Scizor|Close Combat|p1a: Blaziken
|-activate|p1a: Blaziken|move: Protect
|
|-ability|p1a: Blaziken|Speed Boost|boost
|-boost|p1a: Blaziken|spe|1
|upkeep
|turn|12
|
|t:|1760765518
|move|p1a: Blaziken|Overheat|p2a: Scizor
|-supereffective|p2a: Scizor
|-crit|p2a: Scizor
|-damage|p2a: Scizor|0 fnt
|-unboost|p1a: Blaziken|spa|2
|faint|p2a: Scizor
|
|-ability|p1a: Blaziken|Speed Boost|boost
|-boost|p1a: Blaziken|spe|1
|upkeep
|
|t:|1760765518
|switch|p2a: Moltres|Moltres-Galar|100/100
|turn|13
|
|t:|1760765529
|move|p1a: Blaziken|Overheat|p2a: Moltres
|-crit|p2a: Moltres
|-damage|p2a: Moltres|13/100
|-unboost|p1a: Blaziken|spa|2
|-ability|p2a: Moltres|Berserk|boost
|-boost|p2a: Moltres|spa|1
|-enditem|p2a: Moltres|Sitrus Berry|[eat]
|-heal|p2a: Moltres|38/100|[from] item: Sitrus Berry
|move|p2a: Moltres|Hurricane|p1a: Blaziken
|-supereffective|p1a: Blaziken
|-damage|p1a: Blaziken|0 fnt
|faint|p1a: Blaziken
|
|upkeep
|
|t:|1760765546
|switch|p1a: Primeape|Primeape, M|100/100
|turn|14
|
|t:|1760765558
|-terastallize|p1a: Primeape|Ghost
|move|p2a: Moltres|Hurricane|p1a: Primeape
|-damage|p1a: Primeape|52/100
|-start|p1a: Primeape|confusion
|-activate|p1a: Primeape|confusion
|move|p1a: Primeape|Drain Punch|p2a: Moltres
|-damage|p2a: Moltres|6/100
|-heal|p1a: Primeape|67/100|[from] drain|[of] p2a: Moltres
|
|upkeep
|turn|15
|
|t:|1760765568
|move|p2a: Moltres|Fiery Wrath|p1a: Primeape
|-supereffective|p1a: Primeape
|-damage|p1a: Primeape|0 fnt
|faint|p1a: Primeape
|
|upkeep
|
|t:|1760765574
|switch|p1a: Torkoal|Torkoal, M|100/100
|-weather|SunnyDay|[from] ability: Drought|[of] p1a: Torkoal
|turn|16
|
|t:|1760765578
|move|p2a: Moltres|Fiery Wrath|p1a: Torkoal
|-damage|p1a: Torkoal|40/100
|move|p1a: Torkoal|Lava Plume|p2a: Moltres
|-damage|p2a: Moltres|0 fnt
|faint|p2a: Moltres
|
|-weather|SunnyDay|[upkeep]
|upkeep
|
|t:|1760765578
|switch|p2a: Glimmora|Glimmora, F|100/100
|turn|17
|
|t:|1760765590
|switch|p1a: Exeggutor|Exeggutor, M|100/100
|move|p2a: Glimmora|Meteor Beam||[still]
|-prepare|p2a: Glimmora|Meteor Beam
|-boost|p2a: Glimmora|spa|1
|-enditem|p2a: Glimmora|Power Herb
|-anim|p2a: Glimmora|Meteor Beam|p1a: Exeggutor
|-damage|p1a: Exeggutor|0 fnt
|faint|p1a: Exeggutor
|
|-weather|SunnyDay|[upkeep]
|upkeep
|
|t:|1760765600
|switch|p1a: Torkoal|Torkoal, M|40/100
|turn|18
|
|t:|1760765632
|move|p2a: Glimmora|Meteor Beam||[still]
|-prepare|p2a: Glimmora|Meteor Beam
|-boost|p2a: Glimmora|spa|1
|move|p1a: Torkoal|Lava Plume|p2a: Glimmora
|-resisted|p2a: Glimmora
|-damage|p2a: Glimmora|76/100
|
|-weather|SunnyDay|[upkeep]
|upkeep
|turn|19
|
|t:|1760765644
|move|p2a: Glimmora|Meteor Beam|p1a: Torkoal|[from] lockedmove
|-supereffective|p1a: Torkoal
|-damage|p1a: Torkoal|0 fnt
|faint|p1a: Torkoal
|
|win|HZBKAI2
|raw|Abra123kadabra's rating: 1087 &rarr; <strong>1064</strong><br />(-23 for losing)
|raw|HZBKAI2's rating: 1090 &rarr; <strong>1116</strong><br />(+26 for winning)
|l|☆HZBKAI2
|player|p2|
|l|☆Abra123kadabra
|player|p1|
