|j|☆EdgarproUranium
|j|☆qaqkiller
|t:|1760881115
|gametype|singles
|player|p1|EdgarproUranium|parasollady|1585
|player|p2|qaqkiller|maid|1585
|gen|9
|tier|[Gen 9] OU
|rated|
|rule|HP Percentage Mod: HP is shown in percentages
|rule|Endless Battle Clause: Forcing endless battles is banned
|rule|Species Clause: Limit one of each Pokémon
|rule|OHKO Clause: OHKO moves are banned
|rule|Evasion Items Clause: Evasion items are banned
|rule|Evasion Moves Clause: Evasion moves are banned
|rule|Evasion Abilities Clause: Evasion abilities are banned
|rule|Sleep Moves Clause: Sleep-inducing moves are banned
|clearpoke
|poke|p1|Lilligant-Hisui, F|
|poke|p1|Iron Crown|
|poke|p1|Alomomola, M|
|poke|p1|Glimmora, F|
|poke|p1|Weavile, F|
|poke|p1|Heatran, M|
|poke|p2|Zamazenta-*|
|poke|p2|Iron Valiant|
|poke|p2|Sinistcha-Masterpiece|
|poke|p2|Gholdengo|
|poke|p2|Samurott-Hisui, M|
|poke|p2|Landorus-Therian, M|
|teampreview
|inactive|Battle timer is ON: inactive players will automatically lose when time's up. (requested by qaqkiller)
|
|t:|1760881130
|teamsize|p1|6
|teamsize|p2|6
|start
|switch|p1a: Glimmora|Glimmora, F|100/100
|switch|p2a: Gholdengo|Gholdengo, shiny|100/100
|-item|p2a: Gholdengo|Air Balloon
|turn|1
|
|t:|1760881134
|switch|p1a: Heatran|Heatran, M|100/100
|move|p2a: Gholdengo|Make It Rain|p1a: Heatran
|-resisted|p1a: Heatran
|-damage|p1a: Heatran|89/100
|-unboost|p2a: Gholdengo|spa|1
|
|-heal|p1a: Heatran|95/100|[from] item: Leftovers
|upkeep
|turn|2
|
|t:|1760881139
|switch|p2a: Samurott|Samurott-Hisui, M, shiny|100/100
|move|p1a: Heatran|Magma Storm|p2a: Samurott
|-resisted|p2a: Samurott
|-damage|p2a: Samurott|84/100
|-activate|p2a: Samurott|move: Magma Storm|[of] p1a: Heatran
|
|-heal|p1a: Heatran|100/100|[from] item: Leftovers
|-damage|p2a: Samurott|71/100|[from] move: Magma Storm|[partiallytrapped]
|upkeep
|turn|3
|
|t:|1760881149
|move|p1a: Heatran|Protect|p1a: Heatran
|-singleturn|p1a: Heatran|Protect
|move|p2a: Samurott|Razor Shell|p1a: Heatran
|-activate|p1a: Heatran|move: Protect
|
|-damage|p2a: Samurott|59/100|[from] move: Magma Storm|[partiallytrapped]
|upkeep
|turn|4
|
|t:|1760881156
|switch|p1a: Alomomola|Alomomola, M|100/100
|move|p2a: Samurott|Ceaseless Edge|p1a: Alomomola|[miss]
|-miss|p2a: Samurott|p1a: Alomomola
|
|-end|p2a: Samurott|Magma Storm|[partiallytrapped]|[silent]
|upkeep
|turn|5
|
|t:|1760881160
|move|p2a: Samurott|Ceaseless Edge|p1a: Alomomola
|-damage|p1a: Alomomola|76/100
|-damage|p2a: Samurott|42/100|[from] item: Rocky Helmet|[of] p1a: Alomomola
|-sidestart|p1: EdgarproUranium|Spikes
|move|p1a: Alomomola|Flip Turn|p2a: Samurott
|-resisted|p2a: Samurott
|-damage|p2a: Samurott|33/100
|
|t:|1760881173
|switch|p1a: Glimmora|Glimmora, F|100/100|[from] Flip Turn
|-damage|p1a: Glimmora|88/100|[from] Spikes
|
|upkeep
|turn|6
|
|t:|1760881186
|move|p1a: Glimmora|Power Gem|p2a: Samurott
|-damage|p2a: Samurott|3/100
|move|p2a: Samurott|Razor Shell|p1a: Glimmora
|-supereffective|p1a: Glimmora
|-crit|p1a: Glimmora
|-damage|p1a: Glimmora|0 fnt
|-activate|p1a: Glimmora|ability: Toxic Debris
|-sidestart|p2: qaqkiller|move: Toxic Spikes
|faint|p1a: Glimmora
|
|upkeep
|
|t:|1760881198
|switch|p1a: Lilligant|Lilligant-Hisui, F|100/100
|-damage|p1a: Lilligant|88/100|[from] Spikes
|turn|7
|
|t:|1760881204
|move|p2a: Samurott|Sucker Punch|p1a: Lilligant
|-resisted|p1a: Lilligant
|-damage|p1a: Lilligant|63/100
|move|p1a: Lilligant|Leaf Blade|p2a: Samurott
|-supereffective|p2a: Samurott
|-damage|p2a: Samurott|0 fnt
|faint|p2a: Samurott
|
|-heal|p1a: Lilligant|69/100|[from] item: Leftovers
|upkeep
|
|t:|1760881227
|switch|p2a: Sinistcha|Sinistcha-Masterpiece, shiny|100/100
|turn|8
|
|t:|1760881235
|switch|p1a: Heatran|Heatran, M|100/100
|-damage|p1a: Heatran|88/100|[from] Spikes
|move|p2a: Sinistcha|Calm Mind|p2a: Sinistcha
|-boost|p2a: Sinistcha|spa|1
|-boost|p2a: Sinistcha|spd|1
|
|-heal|p1a: Heatran|94/100|[from] item: Leftovers
|upkeep
|turn|9
|
|t:|1760881240
|-terastallize|p2a: Sinistcha|Poison
|move|p1a: Heatran|Taunt|p2a: Sinistcha
|-start|p2a: Sinistcha|move: Taunt
|cant|p2a: Sinistcha|move: Taunt|Calm Mind
|
|-heal|p1a: Heatran|99/100|[from] item: Leftovers
|upkeep
|turn|10
|
|t:|1760881244
|move|p1a: Heatran|Magma Storm|p2a: Sinistcha
|-damage|p2a: Sinistcha|83/100
|-activate|p2a: Sinistcha|move: Magma Storm|[of] p1a: Heatran
|move|p2a: Sinistcha|Shadow Ball|p1a: Heatran
|-damage|p1a: Heatran|69/100
|
|-heal|p1a: Heatran|75/100|[from] item: Leftovers
|-damage|p2a: Sinistcha|71/100|[from] move: Magma Storm|[partiallytrapped]
|upkeep
|turn|11
|
|t:|1760881247
|move|p1a: Heatran|Earth Power|p2a: Sinistcha
|-supereffective|p2a: Sinistcha
|-damage|p2a: Sinistcha|30/100
|move|p2a: Sinistcha|Shadow Ball|p1a: Heatran
|-damage|p1a: Heatran|39/100
|
|-heal|p1a: Heatran|45/100|[from] item: Leftovers
|-damage|p2a: Sinistcha|17/100|[from] move: Magma Storm|[partiallytrapped]
|-end|p2a: Sinistcha|move: Taunt
|upkeep
|turn|12
|
|t:|1760881252
|move|p1a: Heatran|Earth Power|p2a: Sinistcha
|-supereffective|p2a: Sinistcha
|-damage|p2a: Sinistcha|0 fnt
|faint|p2a: Sinistcha
|
|-heal|p1a: Heatran|52/100|[from] item: Leftovers
|upkeep
|
|t:|1760881256
|switch|p2a: Landorus|Landorus-Therian, M, shiny|100/100
|-ability|p2a: Landorus|Intimidate|boost
|-unboost|p1a: Heatran|atk|1
|turn|13
|
|t:|1760881261
|move|p1a: Heatran|Protect|p1a: Heatran
|-singleturn|p1a: Heatran|Protect
|move|p2a: Landorus|Stealth Rock|p1a: Heatran
|-sidestart|p1: EdgarproUranium|move: Stealth Rock
|
|-heal|p1a: Heatran|58/100|[from] item: Leftovers
|upkeep
|turn|14
|
|t:|1760881265
|switch|p1a: Alomomola|Alomomola, M|100/100
|-damage|p1a: Alomomola|88/100|[from] Spikes
|-damage|p1a: Alomomola|76/100|[from] Stealth Rock
|move|p2a: Landorus|Earthquake|p1a: Alomomola
|-damage|p1a: Alomomola|51/100
|
|upkeep
|turn|15
|
|t:|1760881270
|move|p2a: Landorus|Taunt|p1a: Alomomola
|-start|p1a: Alomomola|move: Taunt
|cant|p1a: Alomomola|move: Taunt|Wish
|
|upkeep
|turn|16
|
|t:|1760881274
|move|p2a: Landorus|Earthquake|p1a: Alomomola
|-damage|p1a: Alomomola|25/100
|move|p1a: Alomomola|Scald|p2a: Landorus
|-supereffective|p2a: Landorus
|-damage|p2a: Landorus|69/100
|
|upkeep
|turn|17
|
|t:|1760881280
|move|p2a: Landorus|Earthquake|p1a: Alomomola
|-damage|p1a: Alomomola|0 fnt
|faint|p1a: Alomomola
|
|upkeep
|
|t:|1760881281
|switch|p1a: Lilligant|Lilligant-Hisui, F|69/100
|-damage|p1a: Lilligant|57/100|[from] Spikes
|-damage|p1a: Lilligant|50/100|[from] Stealth Rock
|turn|18
|
|t:|1760881291
|switch|p2a: Iron Valiant|Iron Valiant, shiny|100/100
|-status|p2a: Iron Valiant|psn
|-enditem|p2a: Iron Valiant|Booster Energy
|-activate|p2a: Iron Valiant|ability: Quark Drive|[fromitem]
|-start|p2a: Iron Valiant|quarkdrivespe
|move|p1a: Lilligant|Triple Axel|p2a: Iron Valiant
|-damage|p2a: Iron Valiant|92/100 psn
|-damage|p2a: Iron Valiant|75/100 psn
|-damage|p2a: Iron Valiant|49/100 psn
|-hitcount|p2a: Iron Valiant|3
|
|-heal|p1a: Lilligant|57/100|[from] item: Leftovers
|-damage|p2a: Iron Valiant|36/100 psn|[from] psn
|upkeep
|turn|19
|
|t:|1760881301
|switch|p1a: Iron Crown|Iron Crown|100/100
|-damage|p1a: Iron Crown|88/100|[from] Spikes
|-damage|p1a: Iron Crown|82/100|[from] Stealth Rock
|move|p2a: Iron Valiant|Shadow Ball|p1a: Iron Crown
|-supereffective|p1a: Iron Crown
|-damage|p1a: Iron Crown|29/100
|
|-damage|p2a: Iron Valiant|24/100 psn|[from] psn
|upkeep
|turn|20
|
|t:|1760881304
|move|p2a: Iron Valiant|Shadow Ball|p1a: Iron Crown
|-supereffective|p1a: Iron Crown
|-damage|p1a: Iron Crown|0 fnt
|faint|p1a: Iron Crown
|-end|p1a: Iron Crown|Quark Drive|[silent]
|
|-damage|p2a: Iron Valiant|11/100 psn|[from] psn
|upkeep
|
|t:|1760881307
|switch|p1a: Weavile|Weavile, F|100/100
|-damage|p1a: Weavile|88/100|[from] Spikes
|-damage|p1a: Weavile|63/100|[from] Stealth Rock
|-ability|p1a: Weavile|Pressure
|turn|21
|
|t:|1760881321
|-end|p2a: Iron Valiant|Quark Drive|[silent]
|switch|p2a: Zamazenta|Zamazenta, shiny|100/100
|-ability|p2a: Zamazenta|Dauntless Shield|boost
|-boost|p2a: Zamazenta|def|1
|move|p1a: Weavile|Ice Shard|p2a: Zamazenta
|-damage|p2a: Zamazenta|82/100
|
|upkeep
|turn|22
|
|t:|1760881332
|switch|p1a: Heatran|Heatran, M|58/100
|-damage|p1a: Heatran|45/100|[from] Spikes
|-damage|p1a: Heatran|33/100|[from] Stealth Rock
|move|p2a: Zamazenta|Heavy Slam|p1a: Heatran
|-resisted|p1a: Heatran
|-damage|p1a: Heatran|30/100
|
|-heal|p1a: Heatran|36/100|[from] item: Leftovers
|upkeep
|turn|23
|
|t:|1760881337
|move|p2a: Zamazenta|Close Combat|p1a: Heatran
|-supereffective|p1a: Heatran
|-damage|p1a: Heatran|0 fnt
|-unboost|p2a: Zamazenta|def|1
|-unboost|p2a: Zamazenta|spd|1
|faint|p1a: Heatran
|
|upkeep
|
|t:|1760881341
|switch|p1a: Lilligant|Lilligant-Hisui, F|57/100
|-damage|p1a: Lilligant|44/100|[from] Spikes
|-damage|p1a: Lilligant|38/100|[from] Stealth Rock
|turn|24
|
|t:|1760881347
|move|p2a: Zamazenta|Close Combat|p1a: Lilligant
|-damage|p1a: Lilligant|0 fnt
|-unboost|p2a: Zamazenta|def|1
|-unboost|p2a: Zamazenta|spd|1
|faint|p1a: Lilligant
|
|upkeep
|-message|EdgarproUranium forfeited.
|
|win|qaqkiller
|raw|EdgarproUranium's rating: 1585 &rarr; <strong>1565</strong><br />(-20 for losing)
|raw|qaqkiller's rating: 1585 &rarr; <strong>1605</strong><br />(+20 for winning)
|l|☆EdgarproUranium
|player|p1|
|l|☆qaqkiller
|player|p2|
