|j|☆bellintaniSZ
|j|☆Draconical Tyranny
|t:|1760765424
|gametype|singles
|player|p1|bellintaniSZ|cynthia-gen4|1060
|player|p2|Draconical Tyranny|265|1080
|gen|9
|tier|[Gen 9] OU
|rated|
|rule|HP Percentage Mod: HP is shown in percentages
|rule|Endless Battle Clause: Forcing endless battles is banned
|rule|Species Clause: Limit one of each Pokémon
|rule|OHKO Clause: OHKO moves are banned
|rule|Evasion Items Clause: Evasion items are banned
|rule|Evasion Moves Clause: Evasion moves are banned
|rule|Evasion Abilities Clause: Evasion abilities are banned
|rule|Sleep Moves Clause: Sleep-inducing moves are banned
|clearpoke
|poke|p1|Great Tusk|
|poke|p1|Kingambit, M|
|poke|p1|Raging Bolt|
|poke|p1|Walking Wake|
|poke|p1|Ninetales, M|
|poke|p1|Ceruledge, F|
|poke|p2|Drednaw, F|
|poke|p2|Meowscarada, F|
|poke|p2|Zapdos|
|poke|p2|Regirock|
|poke|p2|Clodsire, F|
|poke|p2|Dunsparce, F|
|teampreview
|
|t:|1760765434
|teamsize|p1|6
|teamsize|p2|6
|start
|switch|p1a: Ninetales|Ninetales, M|100/100
|switch|p2a: bob|Clodsire, F|100/100
|-weather|SunnyDay|[from] ability: Drought|[of] p1a: Ninetales
|turn|1
|
|t:|1760765447
|switch|p1a: Kingambit|Kingambit, M|100/100
|-item|p1a: Kingambit|Air Balloon
|move|p2a: bob|Muddy Water|p1a: Kingambit
|-damage|p1a: Kingambit|94/100
|-unboost|p1a: Kingambit|accuracy|1
|-enditem|p1a: Kingambit|Air Balloon
|
|-weather|SunnyDay|[upkeep]
|upkeep
|turn|2
|
|t:|1760765458
|move|p1a: Kingambit|Swords Dance|p1a: Kingambit
|-boost|p1a: Kingambit|atk|2
|move|p2a: bob|Poison Jab|p1a: Kingambit
|-immune|p1a: Kingambit
|
|-weather|SunnyDay|[upkeep]
|upkeep
|turn|3
|
|t:|1760765470
|move|p1a: Kingambit|Low Kick|p2a: bob|[miss]
|-miss|p1a: Kingambit|p2a: bob
|move|p2a: bob|Curse|p2a: bob
|-unboost|p2a: bob|spe|1
|-boost|p2a: bob|atk|1
|-boost|p2a: bob|def|1
|
|-weather|SunnyDay|[upkeep]
|upkeep
|turn|4
|
|t:|1760765478
|move|p1a: Kingambit|Kowtow Cleave|p2a: bob
|-damage|p2a: bob|23/100
|move|p2a: bob|Facade|p1a: Kingambit
|-resisted|p1a: Kingambit
|-damage|p1a: Kingambit|86/100
|
|-weather|SunnyDay|[upkeep]
|upkeep
|turn|5
|
|t:|1760765486
|move|p1a: Kingambit|Kowtow Cleave|p2a: bob
|-damage|p2a: bob|0 fnt
|faint|p2a: bob
|
|-weather|SunnyDay|[upkeep]
|upkeep
|
|t:|1760765494
|switch|p2a: dave|Meowscarada, F|100/100
|turn|6
|
|t:|1760765498
|move|p1a: Kingambit|Sucker Punch||[still]
|-fail|p1a: Kingambit
|move|p2a: dave|Psych Up|p1a: Kingambit
|-start|p2a: dave|typechange|Normal|[from] ability: Protean
|-copyboost|p2a: dave|p1a: Kingambit|[from] move: Psych Up
|
|-weather|SunnyDay|[upkeep]
|upkeep
|turn|7
|
|t:|1760765519
|move|p2a: dave|Giga Drain|p1a: Kingambit
|-resisted|p1a: Kingambit
|-damage|p1a: Kingambit|73/100
|-damage|p2a: dave|91/100|[from] item: Life Orb
|move|p1a: Kingambit|Kowtow Cleave|p2a: dave
|-damage|p2a: dave|0 fnt
|faint|p2a: dave
|
|-weather|SunnyDay|[upkeep]
|upkeep
|
|t:|1760765535
|switch|p2a: Dunsparce|Dunsparce, F|100/100
|turn|8
|
|t:|1760765539
|move|p1a: Kingambit|Low Kick|p2a: Dunsparce
|-supereffective|p2a: Dunsparce
|-damage|p2a: Dunsparce|31/100
|move|p2a: Dunsparce|Air Slash|p1a: Kingambit
|-resisted|p1a: Kingambit
|-damage|p1a: Kingambit|66/100
|
|-weather|none
|upkeep
|turn|9
|
|t:|1760765546
|move|p1a: Kingambit|Low Kick|p2a: Dunsparce
|-supereffective|p2a: Dunsparce
|-damage|p2a: Dunsparce|0 fnt
|faint|p2a: Dunsparce
|
|upkeep
|
|t:|1760765550
|switch|p2a: chompy|Drednaw, F|100/100
|turn|10
|
|t:|1760765557
|move|p2a: chompy|Facade|p1a: Kingambit
|-resisted|p1a: Kingambit
|-damage|p1a: Kingambit|58/100
|move|p1a: Kingambit|Kowtow Cleave|p2a: chompy
|-enditem|p2a: chompy|Focus Sash
|-damage|p2a: chompy|1/100
|
|upkeep
|turn|11
|
|t:|1760765567
|move|p1a: Kingambit|Sucker Punch|p2a: chompy
|-damage|p2a: chompy|0 fnt
|faint|p2a: chompy
|
|upkeep
|
|t:|1760765571
|switch|p2a: zappy|Zapdos|100/100
|turn|12
|
|t:|1760765578
|move|p2a: zappy|Air Cutter|p1a: Kingambit
|-resisted|p1a: Kingambit
|-damage|p1a: Kingambit|43/100
|move|p1a: Kingambit|Kowtow Cleave|p2a: zappy
|-damage|p2a: zappy|0 fnt
|-status|p1a: Kingambit|par|[from] ability: Static|[of] p2a: zappy
|faint|p2a: zappy
|
|upkeep
|
|t:|1760765585
|switch|p2a: rock|Regirock|100/100
|turn|13
|
|t:|1760765593
|move|p1a: Kingambit|Sucker Punch|p2a: rock
|-damage|p2a: rock|58/100
|move|p2a: rock|Iron Head|p1a: Kingambit
|-resisted|p1a: Kingambit
|-damage|p1a: Kingambit|36/100 par
|
|-heal|p2a: rock|64/100|[from] item: Leftovers
|upkeep
|turn|14
|
|t:|1760765600
|move|p2a: rock|Iron Head|p1a: Kingambit
|-resisted|p1a: Kingambit
|-damage|p1a: Kingambit|28/100 par
|cant|p1a: Kingambit|flinch
|
|-heal|p2a: rock|71/100|[from] item: Leftovers
|upkeep
|turn|15
|
|t:|1760765613
|move|p2a: rock|Facade|p1a: Kingambit
|-resisted|p1a: Kingambit
|-damage|p1a: Kingambit|21/100 par
|move|p1a: Kingambit|Low Kick|p2a: rock
|-supereffective|p2a: rock
|-damage|p2a: rock|0 fnt
|faint|p2a: rock
|
|win|bellintaniSZ
|raw|bellintaniSZ's rating: 1060 &rarr; <strong>1093</strong><br />(+33 for winning)
|raw|Draconical Tyranny's rating: 1080 &rarr; <strong>1057</strong><br />(-23 for losing)
|l|☆bellintaniSZ
|player|p1|
|l|☆Draconical Tyranny
|player|p2|
