|j|☆Andrewtre
|j|☆Dablord412
|t:|1760723700
|gametype|singles
|player|p1|Andrewtre|psychic|1159
|player|p2|Dablord412|blaine|1138
|gen|9
|tier|[Gen 9] OU
|rated|
|rule|HP Percentage Mod: HP is shown in percentages
|rule|Endless Battle Clause: Forcing endless battles is banned
|rule|Species Clause: Limit one of each Pokémon
|rule|OHKO Clause: OHKO moves are banned
|rule|Evasion Items Clause: Evasion items are banned
|rule|Evasion Moves Clause: Evasion moves are banned
|rule|Evasion Abilities Clause: Evasion abilities are banned
|rule|Sleep Moves Clause: Sleep-inducing moves are banned
|clearpoke
|poke|p1|Slowking, F|
|poke|p1|Farigiraf, F|
|poke|p1|Hatterene, F|
|poke|p1|Gengar, F|
|poke|p1|Golurk|
|poke|p1|Golduck, F|
|poke|p2|Walking Wake|
|poke|p2|Landorus-Therian, M|
|poke|p2|Iron Hands|
|poke|p2|Garganacl, M|
|poke|p2|Iron Valiant|
|poke|p2|Ogerpon-Wellspring, F|
|teampreview
|inactive|Battle timer is ON: inactive players will automatically lose when time's up. (requested by Andrewtre)
|
|t:|1760723711
|teamsize|p1|6
|teamsize|p2|6
|start
|switch|p1a: Golurk|Golurk|100/100
|switch|p2a: Iron Hands|Iron Hands, shiny|100/100
|-enditem|p2a: Iron Hands|Booster Energy
|-activate|p2a: Iron Hands|ability: Quark Drive|[fromitem]
|-start|p2a: Iron Hands|quarkdriveatk
|turn|1
|
|t:|1760723734
|-end|p2a: Iron Hands|Quark Drive|[silent]
|switch|p2a: Landorus|Landorus-Therian, M, shiny|100/100
|-ability|p2a: Landorus|Intimidate|boost
|-unboost|p1a: Golurk|atk|1
|move|p1a: Golurk|Stealth Rock|p2a: Landorus
|-sidestart|p2: Dablord412|move: Stealth Rock
|
|upkeep
|turn|2
|
|t:|1760723738
|switch|p1a: Hatterene|Hatterene, F|100/100
|move|p2a: Landorus|Rock Tomb|p1a: Hatterene
|-damage|p1a: Hatterene|76/100
|-unboost|p1a: Hatterene|spe|1
|
|upkeep
|turn|3
|
|t:|1760723748
|move|p2a: Landorus|U-turn|p1a: Hatterene
|-damage|p1a: Hatterene|51/100
|
|t:|1760723753
|switch|p2a: Garganacl|Garganacl, M, shiny|100/100|[from] U-turn
|-damage|p2a: Garganacl|88/100|[from] Stealth Rock
|move|p1a: Hatterene|Trick Room|p1a: Hatterene
|-fieldstart|move: Trick Room|[of] p1a: Hatterene
|
|upkeep
|turn|4
|
|t:|1760723759
|move|p1a: Hatterene|Psychic|p2a: Garganacl
|-damage|p2a: Garganacl|35/100
|move|p2a: Garganacl|Curse|p2a: Garganacl
|-unboost|p2a: Garganacl|spe|1
|-boost|p2a: Garganacl|atk|1
|-boost|p2a: Garganacl|def|1
|
|upkeep
|turn|5
|
|t:|1760723770
|move|p1a: Hatterene|Psychic|p2a: Garganacl
|-damage|p2a: Garganacl|0 fnt
|faint|p2a: Garganacl
|
|upkeep
|
|t:|1760723774
|switch|p2a: Landorus|Landorus-Therian, M, shiny|100/100
|-damage|p2a: Landorus|88/100|[from] Stealth Rock
|-ability|p2a: Landorus|Intimidate|boost
|-unboost|p1a: Hatterene|atk|1
|turn|6
|
|t:|1760723782
|move|p1a: Hatterene|Psychic|p2a: Landorus
|-damage|p2a: Landorus|44/100
|move|p2a: Landorus|Earthquake|p1a: Hatterene
|-damage|p1a: Hatterene|0 fnt
|faint|p1a: Hatterene
|
|upkeep
|
|t:|1760723793
|switch|p1a: Slowking|Slowking, F|100/100
|turn|7
|inactive|Dablord412 has 120 seconds left.
|
|t:|1760723829
|switch|p2a: Ogerpon|Ogerpon-Wellspring, F|100/100
|-damage|p2a: Ogerpon|88/100|[from] Stealth Rock
|move|p1a: Slowking|Psychic|p2a: Ogerpon
|-damage|p2a: Ogerpon|25/100
|-damage|p1a: Slowking|91/100|[from] item: Life Orb
|
|-fieldend|move: Trick Room
|upkeep
|turn|8
|inactive|Dablord412 has 120 seconds left.
|
|t:|1760723840
|-terastallize|p2a: Ogerpon|Water
|detailschange|p2a: Ogerpon|Ogerpon-Wellspring-Tera, F, tera:Water
|-ability|p2a: Ogerpon|Embody Aspect (Wellspring)|boost
|-boost|p2a: Ogerpon|spd|1
|move|p2a: Ogerpon|Synthesis|p2a: Ogerpon
|-heal|p2a: Ogerpon|75/100
|move|p1a: Slowking|Trick Room|p1a: Slowking
|-fieldstart|move: Trick Room|[of] p1a: Slowking
|
|upkeep
|turn|9
|
|t:|1760723850
|move|p1a: Slowking|Psychic|p2a: Ogerpon
|-damage|p2a: Ogerpon|36/100
|-damage|p1a: Slowking|81/100|[from] item: Life Orb
|move|p2a: Ogerpon|Synthesis|p2a: Ogerpon
|-heal|p2a: Ogerpon|86/100
|
|upkeep
|turn|10
|
|t:|1760723860
|move|p1a: Slowking|Psychic|p2a: Ogerpon
|-damage|p2a: Ogerpon|46/100
|-damage|p1a: Slowking|71/100|[from] item: Life Orb
|move|p2a: Ogerpon|Synthesis|p2a: Ogerpon
|-heal|p2a: Ogerpon|95/100
|
|upkeep
|turn|11
|
|t:|1760723862
|move|p1a: Slowking|Psychic|p2a: Ogerpon
|-damage|p2a: Ogerpon|54/100
|-damage|p1a: Slowking|61/100|[from] item: Life Orb
|move|p2a: Ogerpon|Swords Dance|p2a: Ogerpon
|-boost|p2a: Ogerpon|atk|2
|
|upkeep
|turn|12
|
|t:|1760723867
|move|p1a: Slowking|Psychic|p2a: Ogerpon
|-damage|p2a: Ogerpon|12/100
|-damage|p1a: Slowking|51/100|[from] item: Life Orb
|move|p2a: Ogerpon|Synthesis|p2a: Ogerpon
|-heal|p2a: Ogerpon|62/100
|
|-fieldend|move: Trick Room
|upkeep
|turn|13
|
|t:|1760723875
|move|p2a: Ogerpon|Synthesis|p2a: Ogerpon
|-heal|p2a: Ogerpon|100/100
|move|p1a: Slowking|Trick Room|p1a: Slowking
|-fieldstart|move: Trick Room|[of] p1a: Slowking
|
|upkeep
|turn|14
|
|t:|1760723892
|move|p1a: Slowking|Psychic|p2a: Ogerpon
|-damage|p2a: Ogerpon|62/100
|-damage|p1a: Slowking|41/100|[from] item: Life Orb
|move|p2a: Ogerpon|Swords Dance|p2a: Ogerpon
|-boost|p2a: Ogerpon|atk|2
|
|upkeep
|turn|15
|
|t:|1760723904
|move|p1a: Slowking|Psychic|p2a: Ogerpon
|-damage|p2a: Ogerpon|20/100
|-damage|p1a: Slowking|31/100|[from] item: Life Orb
|move|p2a: Ogerpon|Synthesis|p2a: Ogerpon
|-heal|p2a: Ogerpon|70/100
|
|upkeep
|turn|16
|
|t:|1760723917
|switch|p1a: Golurk|Golurk|100/100
|move|p2a: Ogerpon|Synthesis|p2a: Ogerpon
|-heal|p2a: Ogerpon|100/100
|
|upkeep
|turn|17
|
|t:|1760723925
|-terastallize|p1a: Golurk|Fighting
|move|p1a: Golurk|Dynamic Punch|p2a: Ogerpon
|-damage|p2a: Ogerpon|15/100
|-start|p2a: Ogerpon|confusion
|-damage|p1a: Golurk|91/100|[from] item: Life Orb
|-activate|p2a: Ogerpon|confusion
|-damage|p2a: Ogerpon|0 fnt|[from] confusion
|faint|p2a: Ogerpon
|detailschange|p2: Ogerpon|Ogerpon-Wellspring, F|[silent]
|
|-fieldend|move: Trick Room
|upkeep
|c|☆Dablord412|Lol
|
|t:|1760723943
|switch|p2a: Landorus|Landorus-Therian, M, shiny|44/100
|-damage|p2a: Landorus|31/100|[from] Stealth Rock
|-ability|p2a: Landorus|Intimidate|boost
|-unboost|p1a: Golurk|atk|1
|turn|18
|
|t:|1760723949
|switch|p1a: Slowking|Slowking, F|64/100
|move|p2a: Landorus|Rock Tomb|p1a: Slowking
|-damage|p1a: Slowking|42/100
|-unboost|p1a: Slowking|spe|1
|
|upkeep
|turn|19
|
|t:|1760723954
|move|p2a: Landorus|U-turn|p1a: Slowking
|-supereffective|p1a: Slowking
|-damage|p1a: Slowking|0 fnt
|faint|p1a: Slowking
|
|t:|1760723972
|switch|p2a: Iron Hands|Iron Hands, shiny|100/100|[from] U-turn
|-damage|p2a: Iron Hands|94/100|[from] Stealth Rock
|
|upkeep
|
|t:|1760723981
|switch|p1a: Gengar|Gengar, F, shiny|100/100
|turn|20
|
|t:|1760723984
|move|p1a: Gengar|Sludge Bomb|p2a: Iron Hands
|-damage|p2a: Iron Hands|48/100
|move|p2a: Iron Hands|Earthquake|p1a: Gengar
|-supereffective|p1a: Gengar
|-damage|p1a: Gengar|0 fnt
|faint|p1a: Gengar
|
|upkeep
|
|t:|1760723992
|switch|p1a: Golduck|Golduck, F, shiny|100/100
|turn|21
|
|t:|1760724000
|move|p1a: Golduck|Surf|p2a: Iron Hands
|-damage|p2a: Iron Hands|8/100
|move|p2a: Iron Hands|Supercell Slam|p1a: Golduck
|-supereffective|p1a: Golduck
|-enditem|p1a: Golduck|Focus Sash
|-damage|p1a: Golduck|1/100
|
|upkeep
|turn|22
|
|t:|1760724013
|move|p1a: Golduck|Surf|p2a: Iron Hands
|-damage|p2a: Iron Hands|0 fnt
|faint|p2a: Iron Hands
|-end|p2a: Iron Hands|Quark Drive|[silent]
|
|upkeep
|
|t:|1760724018
|switch|p2a: Iron Valiant|Iron Valiant|100/100
|-damage|p2a: Iron Valiant|94/100|[from] Stealth Rock
|-enditem|p2a: Iron Valiant|Booster Energy
|-activate|p2a: Iron Valiant|ability: Quark Drive|[fromitem]
|-start|p2a: Iron Valiant|quarkdrivespe
|turn|23
|
|t:|1760724024
|move|p2a: Iron Valiant|Moonblast|p1a: Golduck
|-damage|p1a: Golduck|0 fnt
|faint|p1a: Golduck
|
|upkeep
|
|t:|1760724027
|switch|p1a: Farigiraf|Farigiraf, F|100/100
|turn|24
|
|t:|1760724034
|move|p2a: Iron Valiant|Calm Mind|p2a: Iron Valiant
|-boost|p2a: Iron Valiant|spa|1
|-boost|p2a: Iron Valiant|spd|1
|move|p1a: Farigiraf|Trick Room|p1a: Farigiraf
|-fieldstart|move: Trick Room|[of] p1a: Farigiraf
|
|upkeep
|turn|25
|
|t:|1760724040
|move|p1a: Farigiraf|Psychic Fangs|p2a: Iron Valiant
|-supereffective|p2a: Iron Valiant
|-damage|p2a: Iron Valiant|8/100
|-damage|p1a: Farigiraf|91/100|[from] item: Life Orb
|move|p2a: Iron Valiant|Encore|p1a: Farigiraf
|-start|p1a: Farigiraf|Encore
|
|upkeep
|turn|26
|
|t:|1760724056
|move|p1a: Farigiraf|Psychic Fangs|p2a: Iron Valiant
|-supereffective|p2a: Iron Valiant
|-damage|p2a: Iron Valiant|0 fnt
|faint|p2a: Iron Valiant
|-end|p2a: Iron Valiant|Quark Drive|[silent]
|-damage|p1a: Farigiraf|81/100|[from] item: Life Orb
|
|upkeep
|
|t:|1760724059
|switch|p2a: Landorus|Landorus-Therian, M, shiny|31/100
|-damage|p2a: Landorus|19/100|[from] Stealth Rock
|-ability|p2a: Landorus|Intimidate|boost
|-unboost|p1a: Farigiraf|atk|1
|turn|27
|
|t:|1760724068
|move|p1a: Farigiraf|Psychic Fangs|p2a: Landorus
|-damage|p2a: Landorus|0 fnt
|faint|p2a: Landorus
|-damage|p1a: Farigiraf|71/100|[from] item: Life Orb
|
|upkeep
|
|t:|1760724070
|switch|p2a: Walking Wake|Walking Wake|100/100
|turn|28
|
|t:|1760724076
|move|p1a: Farigiraf|Psychic Fangs|p2a: Walking Wake
|-damage|p2a: Walking Wake|77/100
|-damage|p1a: Farigiraf|61/100|[from] item: Life Orb
|move|p2a: Walking Wake|Hydro Steam|p1a: Farigiraf
|-damage|p1a: Farigiraf|21/100
|
|-end|p1a: Farigiraf|Encore
|-fieldend|move: Trick Room
|upkeep
|turn|29
|
|t:|1760724080
|move|p2a: Walking Wake|Hydro Steam|p1a: Farigiraf
|-damage|p1a: Farigiraf|0 fnt
|faint|p1a: Farigiraf
|
|upkeep
|
|t:|1760724082
|switch|p1a: Golurk|Golurk, tera:Fighting|91/100
|turn|30
|
|t:|1760724087
|move|p2a: Walking Wake|Draco Meteor|p1a: Golurk
|-damage|p1a: Golurk|18/100
|-unboost|p2a: Walking Wake|spa|2
|move|p1a: Golurk|Dynamic Punch|p2a: Walking Wake
|-damage|p2a: Walking Wake|3/100
|-start|p2a: Walking Wake|confusion
|-damage|p1a: Golurk|8/100|[from] item: Life Orb
|
|upkeep
|turn|31
|
|t:|1760724091
|-activate|p2a: Walking Wake|confusion
|move|p2a: Walking Wake|Hydro Steam|p1a: Golurk
|-damage|p1a: Golurk|0 fnt
|faint|p1a: Golurk
|
|win|Dablord412
|raw|Andrewtre's rating: 1159 &rarr; <strong>1132</strong><br />(-27 for losing)
|raw|Dablord412's rating: 1138 &rarr; <strong>1165</strong><br />(+27 for winning)
|c|☆Dablord412|Gg
|l|☆Dablord412
|player|p2|
|l|☆Andrewtre
|player|p1|
