|j|☆Cillian1453
|j|‽lcjxiaochuachua
|t:|1760890419
|gametype|singles
|player|p1|Cillian1453|102|1253
|player|p2|lcjxiaochuachua|gentleman|1259
|gen|9
|tier|[Gen 9] OU
|rated|
|rule|HP Percentage Mod: HP is shown in percentages
|rule|Endless Battle Clause: Forcing endless battles is banned
|rule|Species Clause: Limit one of each Pokémon
|rule|OHKO Clause: OHKO moves are banned
|rule|Evasion Items Clause: Evasion items are banned
|rule|Evasion Moves Clause: Evasion moves are banned
|rule|Evasion Abilities Clause: Evasion abilities are banned
|rule|Sleep Moves Clause: Sleep-inducing moves are banned
|clearpoke
|poke|p1|Hydrapple, M|
|poke|p1|Skarmory, F|
|poke|p1|Tyranitar, M|
|poke|p1|Alomomola, F|
|poke|p1|Clodsire, F|
|poke|p1|Clefable, M|
|poke|p2|Dragapult, F|
|poke|p2|Landorus-Therian, M|
|poke|p2|Slowking-Galar, M|
|poke|p2|Kyurem|
|poke|p2|Heatran, F|
|poke|p2|Great Tusk|
|teampreview
|
|t:|1760890428
|teamsize|p1|6
|teamsize|p2|6
|start
|switch|p1a: Tyranitar|Tyranitar, M|100/100
|switch|p2a: Kyurem|Kyurem|100/100
|-ability|p2a: Kyurem|Pressure
|-weather|Sandstorm|[from] ability: Sand Stream|[of] p1a: Tyranitar
|turn|1
|
|t:|1760890440
|move|p2a: Kyurem|Earth Power|p1a: Tyranitar
|-supereffective|p1a: Tyranitar
|-damage|p1a: Tyranitar|61/100
|move|p1a: Tyranitar|Knock Off|p2a: Kyurem
|-crit|p2a: Kyurem
|-damage|p2a: Kyurem|43/100
|-enditem|p2a: Kyurem|Choice Specs|[from] move: Knock Off|[of] p1a: Tyranitar
|
|-weather|Sandstorm|[upkeep]
|-damage|p2a: Kyurem|37/100|[from] Sandstorm
|upkeep
|turn|2
|
|t:|1760890455
|move|p2a: Kyurem|Earth Power|p1a: Tyranitar
|-supereffective|p1a: Tyranitar
|-damage|p1a: Tyranitar|34/100
|move|p1a: Tyranitar|Stealth Rock|p2a: Kyurem
|-sidestart|p2: lcjxiaochuachua|move: Stealth Rock
|
|-weather|Sandstorm|[upkeep]
|-damage|p2a: Kyurem|30/100|[from] Sandstorm
|upkeep
|turn|3
|
|t:|1760890463
|switch|p1a: Clefable|Clefable, M|100/100
|move|p2a: Kyurem|Earth Power|p1a: Clefable
|-damage|p1a: Clefable|73/100
|
|-weather|Sandstorm|[upkeep]
|-damage|p2a: Kyurem|24/100|[from] Sandstorm
|upkeep
|turn|4
|
|t:|1760890469
|switch|p2a: Great Tusk|Great Tusk|100/100
|move|p1a: Clefable|Knock Off|p2a: Great Tusk
|-resisted|p2a: Great Tusk
|-damage|p2a: Great Tusk|95/100
|-enditem|p2a: Great Tusk|Heavy-Duty Boots|[from] move: Knock Off|[of] p1a: Clefable
|
|-weather|Sandstorm|[upkeep]
|upkeep
|turn|5
|
|t:|1760890478
|move|p2a: Great Tusk|Rapid Spin|p1a: Clefable
|-damage|p1a: Clefable|60/100
|-boost|p2a: Great Tusk|spe|1
|-sideend|p2: lcjxiaochuachua|Stealth Rock|[from] move: Rapid Spin|[of] p2a: Great Tusk
|move|p1a: Clefable|Wish|p1a: Clefable
|
|-weather|none
|-damage|p2a: Great Tusk|82/100|[from] item: Sticky Barb
|upkeep
|turn|6
|
|t:|1760890486
|move|p2a: Great Tusk|Headlong Rush|p1a: Clefable
|-damage|p1a: Clefable|13/100
|-unboost|p2a: Great Tusk|def|1
|-unboost|p2a: Great Tusk|spd|1
|move|p1a: Clefable|Moonblast|p2a: Great Tusk
|-supereffective|p2a: Great Tusk
|-damage|p2a: Great Tusk|0 fnt
|faint|p2a: Great Tusk
|-end|p2a: Great Tusk|Protosynthesis|[silent]
|
|-heal|p1a: Clefable|63/100|[from] move: Wish|[wisher] Clefable
|upkeep
|
|t:|1760890501
|switch|p2a: Dragapult|Dragapult, F|100/100
|turn|7
|
|t:|1760890505
|move|p1a: Clefable|Protect|p1a: Clefable
|-singleturn|p1a: Clefable|Protect
|move|p2a: Dragapult|U-turn|p1a: Clefable
|-activate|p1a: Clefable|move: Protect
|
|upkeep
|turn|8
|
|t:|1760890509
|move|p2a: Dragapult|U-turn|p1a: Clefable
|-resisted|p1a: Clefable
|-damage|p1a: Clefable|49/100
|-message|lcjxiaochuachua forfeited.
|
|win|Cillian1453
|raw|Cillian1453's rating: 1253 &rarr; <strong>1278</strong><br />(+25 for winning)
|raw|lcjxiaochuachua's rating: 1259 &rarr; <strong>1234</strong><br />(-25 for losing)
|l|‽lcjxiaochuachua
|player|p2|
