|j|‽Settleslugger
|j|☆HarryBobber
|t:|1760847864
|gametype|singles
|player|p1|Settleslugger|101|1353
|player|p2|HarryBobber|1|1375
|gen|9
|tier|[Gen 9] OU
|rated|
|rule|HP Percentage Mod: HP is shown in percentages
|rule|Endless Battle Clause: Forcing endless battles is banned
|rule|Species Clause: Limit one of each Pokémon
|rule|OHKO Clause: OHKO moves are banned
|rule|Evasion Items Clause: Evasion items are banned
|rule|Evasion Moves Clause: Evasion moves are banned
|rule|Evasion Abilities Clause: Evasion abilities are banned
|rule|Sleep Moves Clause: Sleep-inducing moves are banned
|clearpoke
|poke|p1|Blissey, F|
|poke|p1|Cinderace, M|
|poke|p1|Corviknight, M|
|poke|p1|Greninja-*, M|
|poke|p1|Meowscarada, F|
|poke|p1|Sableye, M|
|poke|p2|Bastiodon, F|
|poke|p2|Zapdos|
|poke|p2|Cinderace, F|
|poke|p2|Kingambit, F|
|poke|p2|Dragapult, M|
|poke|p2|Landorus-Therian, M|
|teampreview
|inactive|Battle timer is ON: inactive players will automatically lose when time's up. (requested by Settleslugger)
|
|t:|1760847881
|teamsize|p1|6
|teamsize|p2|6
|start
|switch|p1a: Sableye|Sableye, M|100/100
|switch|p2a: Landorus|Landorus-Therian, M|100/100
|-ability|p2a: Landorus|Intimidate|boost
|-unboost|p1a: Sableye|atk|1
|turn|1
|
|t:|1760847887
|move|p1a: Sableye|Will-O-Wisp|p2a: Landorus|[miss]
|-miss|p1a: Sableye|p2a: Landorus
|move|p2a: Landorus|U-turn|p1a: Sableye
|-damage|p1a: Sableye|72/100
|
|t:|1760847903
|switch|p2a: Dragapult|Dragapult, M|100/100|[from] U-turn
|
|-heal|p1a: Sableye|78/100|[from] item: Leftovers
|upkeep
|turn|2
|
|t:|1760847907
|switch|p1a: Corviknight|Corviknight, M|100/100
|-ability|p1a: Corviknight|Pressure
|move|p2a: Dragapult|Shadow Ball|p1a: Corviknight
|-damage|p1a: Corviknight|51/100
|
|upkeep
|turn|3
|
|t:|1760847914
|switch|p1a: Blissey|Blissey, F|100/100
|move|p2a: Dragapult|Shadow Ball|p1a: Blissey
|-immune|p1a: Blissey
|
|upkeep
|turn|4
|
|t:|1760847925
|switch|p2a: Bastiodon|Bastiodon, F|100/100
|move|p1a: Blissey|Stealth Rock|p2a: Bastiodon
|-sidestart|p2: HarryBobber|move: Stealth Rock
|
|upkeep
|turn|5
|
|t:|1760847933
|switch|p1a: Sableye|Sableye, M|78/100
|move|p2a: Bastiodon|Stealth Rock|p1a: Sableye
|-sidestart|p1: Settleslugger|move: Stealth Rock
|
|-heal|p1a: Sableye|84/100|[from] item: Leftovers
|upkeep
|turn|6
|
|t:|1760847950
|switch|p2a: Cinderace|Cinderace, F|100/100
|move|p1a: Sableye|Knock Off|p2a: Cinderace
|-damage|p2a: Cinderace|60/100
|-enditem|p2a: Cinderace|Heavy-Duty Boots|[from] move: Knock Off|[of] p1a: Sableye
|
|-heal|p1a: Sableye|90/100|[from] item: Leftovers
|upkeep
|turn|7
|
|t:|1760847956
|move|p2a: Cinderace|Pyro Ball|p1a: Sableye
|-damage|p1a: Sableye|35/100
|move|p1a: Sableye|Knock Off|p2a: Cinderace
|-damage|p2a: Cinderace|32/100
|
|-heal|p1a: Sableye|41/100|[from] item: Leftovers
|upkeep
|turn|8
|
|t:|1760847960
|move|p1a: Sableye|Recover|p1a: Sableye
|-heal|p1a: Sableye|92/100
|move|p2a: Cinderace|Pyro Ball|p1a: Sableye
|-damage|p1a: Sableye|35/100
|
|-heal|p1a: Sableye|41/100|[from] item: Leftovers
|upkeep
|turn|9
|
|t:|1760847965
|move|p1a: Sableye|Recover|p1a: Sableye
|-heal|p1a: Sableye|91/100
|move|p2a: Cinderace|Pyro Ball|p1a: Sableye
|-damage|p1a: Sableye|38/100
|
|-heal|p1a: Sableye|44/100|[from] item: Leftovers
|upkeep
|turn|10
|
|t:|1760847968
|move|p1a: Sableye|Recover|p1a: Sableye
|-heal|p1a: Sableye|95/100
|move|p2a: Cinderace|Pyro Ball|p1a: Sableye
|-damage|p1a: Sableye|36/100
|
|-heal|p1a: Sableye|42/100|[from] item: Leftovers
|upkeep
|turn|11
|
|t:|1760847974
|move|p1a: Sableye|Recover|p1a: Sableye
|-heal|p1a: Sableye|92/100
|move|p2a: Cinderace|Pyro Ball|p1a: Sableye
|-damage|p1a: Sableye|33/100
|
|-heal|p1a: Sableye|39/100|[from] item: Leftovers
|upkeep
|turn|12
|
|t:|1760847978
|move|p1a: Sableye|Recover|p1a: Sableye
|-heal|p1a: Sableye|89/100
|move|p2a: Cinderace|Pyro Ball|p1a: Sableye|[miss]
|-miss|p2a: Cinderace|p1a: Sableye
|
|-heal|p1a: Sableye|95/100|[from] item: Leftovers
|upkeep
|turn|13
|
|t:|1760847983
|move|p2a: Cinderace|U-turn|p1a: Sableye
|-start|p2a: Cinderace|typechange|Bug|[from] ability: Libero
|-damage|p1a: Sableye|63/100
|
|t:|1760848004
|switch|p2a: Bastiodon|Bastiodon, F|100/100|[from] U-turn
|-damage|p2a: Bastiodon|94/100|[from] Stealth Rock
|move|p1a: Sableye|Knock Off|p2a: Bastiodon
|-damage|p2a: Bastiodon|76/100
|-enditem|p2a: Bastiodon|Leftovers|[from] move: Knock Off|[of] p1a: Sableye
|
|-heal|p1a: Sableye|69/100|[from] item: Leftovers
|upkeep
|turn|14
|
|t:|1760848009
|move|p1a: Sableye|Will-O-Wisp|p2a: Bastiodon
|-status|p2a: Bastiodon|brn
|move|p2a: Bastiodon|Foul Play|p1a: Sableye
|-damage|p1a: Sableye|60/100
|
|-heal|p1a: Sableye|66/100|[from] item: Leftovers
|-damage|p2a: Bastiodon|70/100 brn|[from] brn
|upkeep
|turn|15
|
|t:|1760848018
|switch|p1a: Corviknight|Corviknight, M|51/100
|-damage|p1a: Corviknight|39/100|[from] Stealth Rock
|-ability|p1a: Corviknight|Pressure
|move|p2a: Bastiodon|Heavy Slam|p1a: Corviknight
|-resisted|p1a: Corviknight
|-damage|p1a: Corviknight|38/100
|-damage|p2a: Bastiodon|54/100 brn|[from] item: Rocky Helmet|[of] p1a: Corviknight
|
|-damage|p2a: Bastiodon|47/100 brn|[from] brn
|upkeep
|turn|16
|
|t:|1760848024
|switch|p2a: Cinderace|Cinderace, F|32/100
|-damage|p2a: Cinderace|7/100|[from] Stealth Rock
|move|p1a: Corviknight|Roost|p1a: Corviknight
|-heal|p1a: Corviknight|88/100
|-singleturn|p1a: Corviknight|move: Roost
|
|upkeep
|turn|17
|
|t:|1760848034
|switch|p1a: Cinderace|Cinderace, M|100/100
|-terastallize|p2a: Cinderace|Fire
|move|p2a: Cinderace|Pyro Ball|p1a: Cinderace
|-resisted|p1a: Cinderace
|-damage|p1a: Cinderace|54/100
|
|upkeep
|turn|18
|
|t:|1760848040
|move|p1a: Cinderace|Sucker Punch|p2a: Cinderace
|-start|p1a: Cinderace|typechange|Dark|[from] ability: Libero
|-damage|p2a: Cinderace|0 fnt
|faint|p2a: Cinderace
|
|upkeep
|
|t:|1760848043
|switch|p2a: Landorus|Landorus-Therian, M|100/100
|-damage|p2a: Landorus|88/100|[from] Stealth Rock
|-ability|p2a: Landorus|Intimidate|boost
|-unboost|p1a: Cinderace|atk|1
|turn|19
|
|t:|1760848048
|switch|p1a: Corviknight|Corviknight, M|88/100
|-damage|p1a: Corviknight|75/100|[from] Stealth Rock
|-ability|p1a: Corviknight|Pressure
|move|p2a: Landorus|U-turn|p1a: Corviknight
|-resisted|p1a: Corviknight
|-damage|p1a: Corviknight|71/100
|-damage|p2a: Landorus|72/100|[from] item: Rocky Helmet|[of] p1a: Corviknight
|
|t:|1760848054
|switch|p2a: Zapdos|Zapdos|100/100|[from] U-turn
|
|upkeep
|turn|20
|
|t:|1760848057
|switch|p1a: Blissey|Blissey, F|100/100
|-damage|p1a: Blissey|88/100|[from] Stealth Rock
|move|p2a: Zapdos|Thunder Wave|p1a: Blissey
|-status|p1a: Blissey|par
|
|-heal|p1a: Blissey|94/100 par|[from] item: Leftovers
|upkeep
|turn|21
|
|t:|1760848062
|move|p2a: Zapdos|Volt Switch|p1a: Blissey
|-damage|p1a: Blissey|85/100 par
|
|t:|1760848065
|switch|p2a: Kingambit|Kingambit, F|100/100|[from] Volt Switch
|-damage|p2a: Kingambit|94/100|[from] Stealth Rock
|-activate|p2a: Kingambit|ability: Supreme Overlord
|-start|p2a: Kingambit|fallen1|[silent]
|move|p1a: Blissey|Seismic Toss|p2a: Kingambit
|-damage|p2a: Kingambit|65/100
|
|-heal|p2a: Kingambit|71/100|[from] item: Leftovers
|-heal|p1a: Blissey|91/100 par|[from] item: Leftovers
|upkeep
|turn|22
|
|t:|1760848074
|-curestatus|p1a: Blissey|par|[from] ability: Natural Cure
|switch|p1a: Cinderace|Cinderace, M|54/100
|move|p2a: Kingambit|Swords Dance|p2a: Kingambit
|-boost|p2a: Kingambit|atk|2
|
|-heal|p2a: Kingambit|77/100|[from] item: Leftovers
|upkeep
|turn|23
|
|t:|1760848081
|move|p2a: Kingambit|Sucker Punch|p1a: Cinderace
|-damage|p1a: Cinderace|0 fnt
|faint|p1a: Cinderace
|
|-heal|p2a: Kingambit|83/100|[from] item: Leftovers
|upkeep
|
|t:|1760848084
|switch|p1a: Greninja|Greninja, M|100/100
|-damage|p1a: Greninja|88/100|[from] Stealth Rock
|turn|24
|
|t:|1760848089
|move|p1a: Greninja|Hydro Pump|p2a: Kingambit|[miss]
|-start|p1a: Greninja|typechange|Water|[from] ability: Protean
|-miss|p1a: Greninja|p2a: Kingambit
|move|p2a: Kingambit|Kowtow Cleave|p1a: Greninja
|-damage|p1a: Greninja|0 fnt
|faint|p1a: Greninja
|
|-heal|p2a: Kingambit|90/100|[from] item: Leftovers
|upkeep
|
|t:|1760848096
|switch|p1a: Corviknight|Corviknight, M|71/100
|-damage|p1a: Corviknight|59/100|[from] Stealth Rock
|-ability|p1a: Corviknight|Pressure
|turn|25
|
|t:|1760848109
|move|p2a: Kingambit|Sucker Punch||[still]
|-fail|p2a: Kingambit
|move|p1a: Corviknight|Roost|p1a: Corviknight
|-heal|p1a: Corviknight|100/100
|-singleturn|p1a: Corviknight|move: Roost
|
|-heal|p2a: Kingambit|96/100|[from] item: Leftovers
|upkeep
|turn|26
|
|t:|1760848123
|move|p2a: Kingambit|Kowtow Cleave|p1a: Corviknight
|-damage|p1a: Corviknight|39/100
|-damage|p2a: Kingambit|79/100|[from] item: Rocky Helmet|[of] p1a: Corviknight
|move|p1a: Corviknight|Iron Head|p2a: Kingambit
|-resisted|p2a: Kingambit
|-crit|p2a: Kingambit
|-damage|p2a: Kingambit|64/100
|
|-heal|p2a: Kingambit|70/100|[from] item: Leftovers
|upkeep
|turn|27
|
|t:|1760848127
|move|p2a: Kingambit|Kowtow Cleave|p1a: Corviknight
|-damage|p1a: Corviknight|0 fnt
|-damage|p2a: Kingambit|54/100|[from] item: Rocky Helmet|[of] p1a: Corviknight
|faint|p1a: Corviknight
|
|-heal|p2a: Kingambit|60/100|[from] item: Leftovers
|upkeep
|
|t:|1760848131
|switch|p1a: Meowscarada|Meowscarada, F|100/100
|-damage|p1a: Meowscarada|88/100|[from] Stealth Rock
|turn|28
|
|t:|1760848135
|move|p1a: Meowscarada|Flower Trick|p2a: Kingambit
|-start|p1a: Meowscarada|typechange|Grass|[from] ability: Protean
|-resisted|p2a: Kingambit
|-crit|p2a: Kingambit
|-damage|p2a: Kingambit|36/100
|move|p2a: Kingambit|Iron Head|p1a: Meowscarada
|-damage|p1a: Meowscarada|0 fnt
|faint|p1a: Meowscarada
|
|-heal|p2a: Kingambit|42/100|[from] item: Leftovers
|upkeep
|-message|Settleslugger forfeited.
|
|win|HarryBobber
|raw|Settleslugger's rating: 1353 &rarr; <strong>1334</strong><br />(-19 for losing)
|raw|HarryBobber's rating: 1375 &rarr; <strong>1394</strong><br />(+19 for winning)
|l|‽Settleslugger
|player|p1|
|l|☆HarryBobber
|player|p2|
