|j|☆PalWrld
|j|☆Passerby bye
|t:|1760721748
|gametype|singles
|player|p1|PalWrld|volkner|1291
|player|p2|Passerby bye|scientist-gen4|1332
|gen|9
|tier|[Gen 9] OU
|rated|
|rule|HP Percentage Mod: HP is shown in percentages
|rule|Endless Battle Clause: Forcing endless battles is banned
|rule|Species Clause: Limit one of each Pokémon
|rule|OHKO Clause: OHKO moves are banned
|rule|Evasion Items Clause: Evasion items are banned
|rule|Evasion Moves Clause: Evasion moves are banned
|rule|Evasion Abilities Clause: Evasion abilities are banned
|rule|Sleep Moves Clause: Sleep-inducing moves are banned
|clearpoke
|poke|p1|Landorus-Therian, M|
|poke|p1|Sinistcha|
|poke|p1|Tinkaton, F|
|poke|p1|Moltres|
|poke|p1|Samurott-Hisui, M|
|poke|p1|Hydreigon, M|
|poke|p2|Wigglytuff, M|
|poke|p2|Gliscor, F|
|poke|p2|Houndoom, F|
|poke|p2|Magnezone|
|poke|p2|Slowbro, F|
|poke|p2|Vileplume, M|
|teampreview
|inactive|Battle timer is ON: inactive players will automatically lose when time's up. (requested by PalWrld)
|
|t:|1760721773
|teamsize|p1|6
|teamsize|p2|6
|start
|switch|p1a: Moltres|Moltres|100/100
|switch|p2a: Vileplume|Vileplume, M|100/100
|turn|1
|
|t:|1760721780
|switch|p2a: Houndoom|Houndoom, F|100/100
|move|p1a: Moltres|Flamethrower|p2a: Houndoom
|-start|p2a: Houndoom|ability: Flash Fire
|
|upkeep
|turn|2
|
|t:|1760721786
|move|p2a: Houndoom|Fire Blast|p1a: Moltres|[miss]
|-miss|p2a: Houndoom|p1a: Moltres
|move|p1a: Moltres|U-turn|p2a: Houndoom
|-damage|p2a: Houndoom|70/100
|
|t:|1760721790
|switch|p1a: Samurott|Samurott-Hisui, M|100/100|[from] U-turn
|
|upkeep
|turn|3
|
|t:|1760721801
|-end|p2a: Houndoom|ability: Flash Fire|[silent]
|switch|p2a: Vileplume|Vileplume, M|100/100
|move|p1a: Samurott|Flip Turn|p2a: Vileplume
|-resisted|p2a: Vileplume
|-damage|p2a: Vileplume|88/100
|-damage|p1a: Samurott|84/100|[from] item: Rocky Helmet|[of] p2a: Vileplume
|
|t:|1760721814
|switch|p1a: Moltres|Moltres|100/100|[from] Flip Turn
|
|upkeep
|turn|4
|
|t:|1760721827
|switch|p2a: Houndoom|Houndoom, F|70/100
|move|p1a: Moltres|U-turn|p2a: Houndoom
|-damage|p2a: Houndoom|39/100
|
|t:|1760721840
|switch|p1a: Samurott|Samurott-Hisui, M|84/100|[from] U-turn
|
|upkeep
|turn|5
|
|t:|1760721852
|move|p2a: Houndoom|Destiny Bond|p2a: Houndoom
|-singlemove|p2a: Houndoom|Destiny Bond
|move|p1a: Samurott|Ceaseless Edge|p2a: Houndoom
|-resisted|p2a: Houndoom
|-damage|p2a: Houndoom|0 fnt
|-sidestart|p2: Passerby bye|Spikes
|faint|p2a: Houndoom
|-activate|p2a: Houndoom|move: Destiny Bond
|faint|p1a: Samurott
|
|upkeep
|
|t:|1760721862
|switch|p2a: Magnezone|Magnezone|100/100
|switch|p1a: Hydreigon|Hydreigon, M|100/100
|-damage|p2a: Magnezone|88/100|[from] Spikes
|turn|6
|
|t:|1760721868
|switch|p2a: Wigglytuff|Wigglytuff, M|100/100
|-damage|p2a: Wigglytuff|88/100|[from] Spikes
|move|p1a: Hydreigon|Earth Power|p2a: Wigglytuff
|-damage|p2a: Wigglytuff|66/100
|
|upkeep
|turn|7
|
|t:|1760721883
|switch|p1a: Moltres|Moltres|100/100
|move|p2a: Wigglytuff|Draining Kiss|p1a: Moltres
|-resisted|p1a: Moltres
|-damage|p1a: Moltres|94/100
|-heal|p2a: Wigglytuff|70/100|[from] drain|[of] p1a: Moltres
|
|upkeep
|turn|8
|
|t:|1760721898
|move|p1a: Moltres|U-turn|p2a: Wigglytuff
|-resisted|p2a: Wigglytuff
|-damage|p2a: Wigglytuff|60/100
|
|t:|1760721904
|switch|p1a: Tinkaton|Tinkaton, F|100/100|[from] U-turn
|-item|p1a: Tinkaton|Air Balloon
|move|p2a: Wigglytuff|Thunderbolt|p1a: Tinkaton
|-damage|p1a: Tinkaton|82/100
|-enditem|p1a: Tinkaton|Air Balloon
|
|upkeep
|turn|9
|
|t:|1760721914
|switch|p2a: Magnezone|Magnezone|88/100
|-damage|p2a: Magnezone|75/100|[from] Spikes
|move|p1a: Tinkaton|Stealth Rock|p2a: Magnezone
|-sidestart|p2: Passerby bye|move: Stealth Rock
|
|upkeep
|turn|10
|
|t:|1760721930
|move|p1a: Tinkaton|Gigaton Hammer|p2a: Magnezone
|-resisted|p2a: Magnezone
|-damage|p2a: Magnezone|64/100
|move|p2a: Magnezone|Flash Cannon|p1a: Tinkaton
|-damage|p1a: Tinkaton|0 fnt
|faint|p1a: Tinkaton
|
|upkeep
|
|t:|1760721946
|switch|p1a: Hydreigon|Hydreigon, M|100/100
|turn|11
|
|t:|1760721961
|switch|p2a: Vileplume|Vileplume, M|88/100
|-damage|p2a: Vileplume|76/100|[from] Spikes
|-damage|p2a: Vileplume|63/100|[from] Stealth Rock
|move|p1a: Hydreigon|Earth Power|p2a: Vileplume
|-damage|p2a: Vileplume|17/100
|
|upkeep
|turn|12
|
|t:|1760721976
|move|p1a: Hydreigon|Earth Power|p2a: Vileplume
|-damage|p2a: Vileplume|0 fnt
|faint|p2a: Vileplume
|
|upkeep
|
|t:|1760721981
|switch|p2a: Wigglytuff|Wigglytuff, M|60/100
|-damage|p2a: Wigglytuff|48/100|[from] Spikes
|-damage|p2a: Wigglytuff|36/100|[from] Stealth Rock
|turn|13
|
|t:|1760721988
|move|p1a: Hydreigon|Earth Power|p2a: Wigglytuff
|-damage|p2a: Wigglytuff|14/100
|move|p2a: Wigglytuff|Draining Kiss|p1a: Hydreigon
|-supereffective|p1a: Hydreigon
|-damage|p1a: Hydreigon|27/100
|-heal|p2a: Wigglytuff|51/100|[from] drain|[of] p1a: Hydreigon
|
|upkeep
|turn|14
|
|t:|1760721994
|switch|p1a: Moltres|Moltres|94/100
|move|p2a: Wigglytuff|Thunderbolt|p1a: Moltres
|-supereffective|p1a: Moltres
|-damage|p1a: Moltres|62/100
|
|upkeep
|turn|15
|
|t:|1760722002
|move|p1a: Moltres|Roost|p1a: Moltres
|-heal|p1a: Moltres|100/100
|-singleturn|p1a: Moltres|move: Roost
|move|p2a: Wigglytuff|Thunderbolt|p1a: Moltres
|-damage|p1a: Moltres|85/100
|-status|p1a: Moltres|par
|
|upkeep
|turn|16
|
|t:|1760722007
|move|p2a: Wigglytuff|Thunderbolt|p1a: Moltres
|-supereffective|p1a: Moltres
|-damage|p1a: Moltres|54/100 par
|move|p1a: Moltres|Flamethrower|p2a: Wigglytuff
|-damage|p2a: Wigglytuff|30/100
|
|upkeep
|turn|17
|
|t:|1760722015
|switch|p1a: Landorus|Landorus-Therian, M|100/100
|-ability|p1a: Landorus|Intimidate|boost
|-unboost|p2a: Wigglytuff|atk|1
|-ability|p2a: Wigglytuff|Competitive|boost
|-boost|p2a: Wigglytuff|spa|2
|move|p2a: Wigglytuff|Thunderbolt|p1a: Landorus
|-immune|p1a: Landorus
|
|upkeep
|turn|18
|
|t:|1760722027
|-terastallize|p1a: Landorus|Flying
|move|p1a: Landorus|Tera Blast|p2a: Wigglytuff|[anim] Tera Blast Flying
|-damage|p2a: Wigglytuff|0 fnt
|faint|p2a: Wigglytuff
|
|upkeep
|
|t:|1760722043
|switch|p2a: Slowbro|Slowbro, F|100/100
|turn|19
|
|t:|1760722051
|switch|p1a: Sinistcha|Sinistcha|100/100
|move|p2a: Slowbro|Nasty Plot|p2a: Slowbro
|-boost|p2a: Slowbro|spa|2
|
|upkeep
|turn|20
|
|t:|1760722072
|move|p1a: Sinistcha|Calm Mind|p1a: Sinistcha
|-boost|p1a: Sinistcha|spa|1
|-boost|p1a: Sinistcha|spd|1
|move|p2a: Slowbro|Nasty Plot|p2a: Slowbro
|-boost|p2a: Slowbro|spa|2
|
|upkeep
|turn|21
|
|t:|1760722077
|move|p1a: Sinistcha|Matcha Gotcha|p2a: Slowbro
|-supereffective|p2a: Slowbro
|-damage|p2a: Slowbro|0 fnt
|faint|p2a: Slowbro
|
|upkeep
|
|t:|1760722082
|switch|p2a: Magnezone|Magnezone|64/100
|-damage|p2a: Magnezone|51/100|[from] Spikes
|-damage|p2a: Magnezone|45/100|[from] Stealth Rock
|turn|22
|
|t:|1760722088
|move|p1a: Sinistcha|Shadow Ball|p2a: Magnezone
|-damage|p2a: Magnezone|0 fnt
|faint|p2a: Magnezone
|
|upkeep
|
|t:|1760722091
|switch|p2a: Gliscor|Gliscor, F|100/100
|-damage|p2a: Gliscor|88/100|[from] Stealth Rock
|turn|23
|
|t:|1760722096
|move|p2a: Gliscor|Swords Dance|p2a: Gliscor
|-boost|p2a: Gliscor|atk|2
|move|p1a: Sinistcha|Strength Sap|p2a: Gliscor
|-unboost|p2a: Gliscor|atk|1
|
|-status|p2a: Gliscor|tox|[from] item: Toxic Orb
|upkeep
|turn|24
|
|t:|1760722109
|move|p2a: Gliscor|Earthquake|p1a: Sinistcha
|-resisted|p1a: Sinistcha
|-damage|p1a: Sinistcha|85/100
|move|p1a: Sinistcha|Calm Mind|p1a: Sinistcha
|-boost|p1a: Sinistcha|spa|1
|-boost|p1a: Sinistcha|spd|1
|
|-heal|p2a: Gliscor|100/100 tox|[from] ability: Poison Heal
|upkeep
|turn|25
|inactive|Passerby bye has 120 seconds left.
|
|t:|1760722141
|move|p2a: Gliscor|Swords Dance|p2a: Gliscor
|-boost|p2a: Gliscor|atk|2
|move|p1a: Sinistcha|Matcha Gotcha|p2a: Gliscor
|-damage|p2a: Gliscor|47/100 tox
|-heal|p1a: Sinistcha|100/100|[from] drain|[of] p2a: Gliscor
|
|-heal|p2a: Gliscor|60/100 tox|[from] ability: Poison Heal
|upkeep
|turn|26
|
|t:|1760722153
|move|p2a: Gliscor|Protect|p2a: Gliscor
|-singleturn|p2a: Gliscor|Protect
|move|p1a: Sinistcha|Shadow Ball|p2a: Gliscor
|-activate|p2a: Gliscor|move: Protect
|
|-heal|p2a: Gliscor|72/100 tox|[from] ability: Poison Heal
|upkeep
|turn|27
|
|t:|1760722162
|move|p2a: Gliscor|Stone Edge|p1a: Sinistcha
|-damage|p1a: Sinistcha|65/100
|move|p1a: Sinistcha|Shadow Ball|p2a: Gliscor
|-damage|p2a: Gliscor|20/100 tox
|
|-heal|p2a: Gliscor|33/100 tox|[from] ability: Poison Heal
|upkeep
|turn|28
|
|t:|1760722173
|move|p2a: Gliscor|Protect|p2a: Gliscor
|-singleturn|p2a: Gliscor|Protect
|move|p1a: Sinistcha|Matcha Gotcha|p2a: Gliscor
|-activate|p2a: Gliscor|move: Protect
|
|-heal|p2a: Gliscor|45/100 tox|[from] ability: Poison Heal
|upkeep
|turn|29
|-message|Passerby bye forfeited.
|
|win|PalWrld
|raw|PalWrld's rating: 1291 &rarr; <strong>1319</strong><br />(+28 for winning)
|raw|Passerby bye's rating: 1332 &rarr; <strong>1310</strong><br />(-22 for losing)
|l|☆Passerby bye
|player|p2|
|l|☆PalWrld
|player|p1|
