|j|☆Chief_Ironside
|j|☆tscher
|t:|1760884115
|gametype|singles
|player|p1|Chief_Ironside|policeman-gen4|1379
|player|p2|tscher|266|1345
|gen|9
|tier|[Gen 9] OU
|rated|
|rule|HP Percentage Mod: HP is shown in percentages
|rule|Endless Battle Clause: Forcing endless battles is banned
|rule|Species Clause: Limit one of each Pokémon
|rule|OHKO Clause: OHKO moves are banned
|rule|Evasion Items Clause: Evasion items are banned
|rule|Evasion Moves Clause: Evasion moves are banned
|rule|Evasion Abilities Clause: Evasion abilities are banned
|rule|Sleep Moves Clause: Sleep-inducing moves are banned
|clearpoke
|poke|p1|Clefable, M|
|poke|p1|Breloom, F|
|poke|p1|Zapdos|
|poke|p1|Quaquaval, F|
|poke|p1|Gholdengo|
|poke|p1|Moltres-Galar|
|poke|p2|Jirachi|
|poke|p2|Azumarill, M|
|poke|p2|Slowking, F|
|poke|p2|Great Tusk|
|poke|p2|Dragapult, M|
|poke|p2|Gholdengo|
|teampreview
|inactive|Battle timer is ON: inactive players will automatically lose when time's up. (requested by Chief_Ironside)
|
|t:|1760884142
|teamsize|p1|6
|teamsize|p2|6
|start
|switch|p1a: Breloom|Breloom, F|100/100
|switch|p2a: Jirachi|Jirachi|100/100
|turn|1
|
|t:|1760884156
|switch|p1a: Gholdengo|Gholdengo|100/100
|-item|p1a: Gholdengo|Air Balloon
|move|p2a: Jirachi|Body Slam|p1a: Gholdengo
|-immune|p1a: Gholdengo
|
|upkeep
|turn|2
|
|t:|1760884159
|switch|p2a: Azumarill|Azumarill, M|100/100
|move|p1a: Gholdengo|Hex|p2a: Azumarill
|-damage|p2a: Azumarill|71/100
|
|upkeep
|turn|3
|
|t:|1760884163
|switch|p1a: Breloom|Breloom, F|100/100
|move|p2a: Azumarill|Knock Off|p1a: Breloom
|-resisted|p1a: Breloom
|-damage|p1a: Breloom|51/100
|-enditem|p1a: Breloom|Loaded Dice|[from] move: Knock Off|[of] p2a: Azumarill
|
|upkeep
|turn|4
|
|t:|1760884175
|switch|p2a: Gholdengo|Gholdengo|100/100
|move|p1a: Breloom|Bullet Seed|p2a: Gholdengo
|-resisted|p2a: Gholdengo
|-damage|p2a: Gholdengo|89/100
|-resisted|p2a: Gholdengo
|-damage|p2a: Gholdengo|78/100
|-hitcount|p2a: Gholdengo|2
|
|upkeep
|turn|5
|
|t:|1760884186
|switch|p1a: Quaquaval|Quaquaval, F|100/100
|move|p2a: Gholdengo|Make It Rain|p1a: Quaquaval
|-resisted|p1a: Quaquaval
|-damage|p1a: Quaquaval|63/100
|-unboost|p2a: Gholdengo|spa|1
|
|upkeep
|turn|6
|
|t:|1760884190
|move|p2a: Gholdengo|Thunder Wave|p1a: Quaquaval
|-status|p1a: Quaquaval|par
|cant|p1a: Quaquaval|par
|
|upkeep
|turn|7
|
|t:|1760884199
|switch|p2a: Slowking|Slowking, F|100/100
|move|p1a: Quaquaval|Knock Off|p2a: Slowking
|-supereffective|p2a: Slowking
|-damage|p2a: Slowking|31/100
|-enditem|p2a: Slowking|Heavy-Duty Boots|[from] move: Knock Off|[of] p1a: Quaquaval
|
|upkeep
|turn|8
|
|t:|1760884211
|move|p1a: Quaquaval|Close Combat|p2a: Slowking
|-resisted|p2a: Slowking
|-damage|p2a: Slowking|0 fnt
|-unboost|p1a: Quaquaval|def|1
|-unboost|p1a: Quaquaval|spd|1
|faint|p2a: Slowking
|-ability|p1a: Quaquaval|Moxie|boost
|-boost|p1a: Quaquaval|atk|1
|
|upkeep
|
|t:|1760884220
|switch|p2a: Gholdengo|Gholdengo|78/100
|turn|9
|
|t:|1760884222
|move|p2a: Gholdengo|Hex|p1a: Quaquaval
|-damage|p1a: Quaquaval|0 fnt
|faint|p1a: Quaquaval
|
|upkeep
|
|t:|1760884227
|switch|p1a: Moltres|Moltres-Galar|100/100
|turn|10
|
|t:|1760884248
|move|p2a: Gholdengo|Thunder Wave|p1a: Moltres
|-status|p1a: Moltres|par
|move|p1a: Moltres|Fiery Wrath|p2a: Gholdengo
|-supereffective|p2a: Gholdengo
|-damage|p2a: Gholdengo|0 fnt
|faint|p2a: Gholdengo
|
|upkeep
|
|t:|1760884259
|switch|p2a: Azumarill|Azumarill, M|71/100
|turn|11
|
|t:|1760884264
|cant|p1a: Moltres|par
|move|p2a: Azumarill|Play Rough|p1a: Moltres
|-supereffective|p1a: Moltres
|-damage|p1a: Moltres|0 fnt
|faint|p1a: Moltres
|
|upkeep
|
|t:|1760884269
|switch|p1a: Breloom|Breloom, F|51/100
|turn|12
|
|t:|1760884273
|move|p1a: Breloom|Bullet Seed|p2a: Azumarill
|-supereffective|p2a: Azumarill
|-damage|p2a: Azumarill|26/100
|-supereffective|p2a: Azumarill
|-damage|p2a: Azumarill|0 fnt
|faint|p2a: Azumarill
|-hitcount|p2: Azumarill|2
|
|upkeep
|
|t:|1760884282
|switch|p2a: Jirachi|Jirachi|100/100
|turn|13
|
|t:|1760884292
|move|p2a: Jirachi|U-turn|p1a: Breloom
|-damage|p1a: Breloom|25/100
|
|t:|1760884295
|switch|p2a: Dragapult|Dragapult, M|100/100|[from] U-turn
|move|p1a: Breloom|Close Combat|p2a: Dragapult
|-immune|p2a: Dragapult
|
|upkeep
|turn|14
|
|t:|1760884303
|move|p2a: Dragapult|U-turn|p1a: Breloom
|-damage|p1a: Breloom|0 fnt
|faint|p1a: Breloom
|
|t:|1760884307
|switch|p2a: Jirachi|Jirachi|100/100|[from] U-turn
|
|upkeep
|
|t:|1760884309
|switch|p1a: Gholdengo|Gholdengo|100/100
|-item|p1a: Gholdengo|Air Balloon
|turn|15
|
|t:|1760884314
|move|p2a: Jirachi|U-turn|p1a: Gholdengo
|-resisted|p1a: Gholdengo
|-damage|p1a: Gholdengo|98/100
|-enditem|p1a: Gholdengo|Air Balloon
|
|t:|1760884319
|switch|p2a: Great Tusk|Great Tusk|100/100|[from] U-turn
|move|p1a: Gholdengo|Thunder Wave|p2a: Great Tusk
|-immune|p2a: Great Tusk
|
|upkeep
|turn|16
|
|t:|1760884325
|switch|p1a: Zapdos|Zapdos|100/100
|move|p2a: Great Tusk|Headlong Rush|p1a: Zapdos
|-immune|p1a: Zapdos
|
|upkeep
|turn|17
|
|t:|1760884332
|-terastallize|p2a: Great Tusk|Fire
|move|p2a: Great Tusk|Temper Flare|p1a: Zapdos
|-damage|p1a: Zapdos|42/100
|-status|p2a: Great Tusk|par|[from] ability: Static|[of] p1a: Zapdos
|move|p1a: Zapdos|Hurricane|p2a: Great Tusk
|-damage|p2a: Great Tusk|25/100 par
|
|upkeep
|turn|18
|
|t:|1760884339
|move|p1a: Zapdos|Volt Switch|p2a: Great Tusk
|-damage|p2a: Great Tusk|0 fnt
|faint|p2a: Great Tusk
|-end|p2a: Great Tusk|Protosynthesis|[silent]
|
|t:|1760884360
|switch|p1a: Clefable|Clefable, M|100/100|[from] Volt Switch
|
|upkeep
|
|t:|1760884362
|switch|p2a: Jirachi|Jirachi|100/100
|turn|19
|
|t:|1760884365
|switch|p1a: Zapdos|Zapdos|42/100
|move|p2a: Jirachi|Trick|p1a: Zapdos
|-activate|p2a: Jirachi|move: Trick|[of] p1a: Zapdos
|-item|p1a: Zapdos|Choice Scarf|[from] move: Trick
|-item|p2a: Jirachi|Heavy-Duty Boots|[from] move: Trick
|
|upkeep
|turn|20
|
|t:|1760884379
|move|p1a: Zapdos|Thunder Wave|p2a: Jirachi
|-status|p2a: Jirachi|par
|move|p2a: Jirachi|U-turn|p1a: Zapdos
|-resisted|p1a: Zapdos
|-damage|p1a: Zapdos|37/100
|
|t:|1760884382
|switch|p2a: Dragapult|Dragapult, M|100/100|[from] U-turn
|
|upkeep
|turn|21
|
|t:|1760884385
|switch|p2a: Jirachi|Jirachi|100/100 par
|move|p1a: Zapdos|Thunder Wave|p2a: Jirachi
|-fail|p2a: Jirachi|par
|
|upkeep
|turn|22
|
|t:|1760884387
|switch|p1a: Gholdengo|Gholdengo|98/100
|move|p2a: Jirachi|Body Slam|p1a: Gholdengo
|-immune|p1a: Gholdengo
|
|upkeep
|turn|23
|
|t:|1760884394
|move|p1a: Gholdengo|Hex|p2a: Jirachi
|-supereffective|p2a: Jirachi
|-damage|p2a: Jirachi|0 fnt
|faint|p2a: Jirachi
|
|upkeep
|
|t:|1760884397
|switch|p2a: Dragapult|Dragapult, M|100/100
|turn|24
|
|t:|1760884400
|switch|p1a: Zapdos|Zapdos|37/100
|move|p2a: Dragapult|Hex|p1a: Zapdos
|-damage|p1a: Zapdos|11/100
|
|upkeep
|turn|25
|
|t:|1760884403
|move|p2a: Dragapult|Hex|p1a: Zapdos
|-damage|p1a: Zapdos|0 fnt
|faint|p1a: Zapdos
|
|upkeep
|
|t:|1760884404
|switch|p1a: Clefable|Clefable, M|100/100
|turn|26
|-message|tscher forfeited.
|
|win|Chief_Ironside
|raw|Chief_Ironside's rating: 1379 &rarr; <strong>1397</strong><br />(+18 for winning)
|raw|tscher's rating: 1345 &rarr; <strong>1327</strong><br />(-18 for losing)
|l|☆tscher
|player|p2|
|l|☆Chief_Ironside
|player|p1|
