|j|☆flygonisdragon
|j|☆SmallKuza1888
|t:|1760849869
|gametype|singles
|player|p1|flygonisdragon|serena-masters|1608
|player|p2|SmallKuza1888|cyclist-gen4|1669
|gen|9
|tier|[Gen 9] OU
|rated|
|rule|HP Percentage Mod: HP is shown in percentages
|rule|Endless Battle Clause: Forcing endless battles is banned
|rule|Species Clause: Limit one of each Pokémon
|rule|OHKO Clause: OHKO moves are banned
|rule|Evasion Items Clause: Evasion items are banned
|rule|Evasion Moves Clause: Evasion moves are banned
|rule|Evasion Abilities Clause: Evasion abilities are banned
|rule|Sleep Moves Clause: Sleep-inducing moves are banned
|clearpoke
|poke|p1|Clefable, F|
|poke|p1|Heatran, F|
|poke|p1|Corviknight, F|
|poke|p1|Kyurem|
|poke|p1|Ursaluna, F|
|poke|p1|Quaquaval, M|
|poke|p2|Weavile, M|
|poke|p2|Iron Treads|
|poke|p2|Keldeo|
|poke|p2|Hatterene, F|
|poke|p2|Ting-Lu|
|poke|p2|Dragonite, M|
|teampreview
|inactive|Battle timer is ON: inactive players will automatically lose when time's up. (requested by SmallKuza1888)
|j| XxH0meland3r420xX
|
|t:|1760849895
|teamsize|p1|6
|teamsize|p2|6
|start
|switch|p1a: Ursaluna|Ursaluna, F|100/100
|switch|p2a: Keldeo|Keldeo|100/100
|turn|1
|
|t:|1760849906
|move|p2a: Keldeo|Flip Turn|p1a: Ursaluna
|-supereffective|p1a: Ursaluna
|-damage|p1a: Ursaluna|79/100
|
|t:|1760849908
|switch|p2a: Ting-Lu|Ting-Lu|100/100|[from] Flip Turn
|-ability|p2a: Ting-Lu|Vessel of Ruin
|move|p1a: Ursaluna|Supercell Slam|p2a: Ting-Lu
|-immune|p2a: Ting-Lu
|-damage|p1a: Ursaluna|29/100|[from] supercellslam
|
|upkeep
|turn|2
|
|t:|1760849915
|move|p1a: Ursaluna|Close Combat|p2a: Ting-Lu
|-supereffective|p2a: Ting-Lu
|-damage|p2a: Ting-Lu|64/100
|-unboost|p1a: Ursaluna|def|1
|-unboost|p1a: Ursaluna|spd|1
|-damage|p1a: Ursaluna|13/100|[from] item: Rocky Helmet|[of] p2a: Ting-Lu
|move|p2a: Ting-Lu|Stealth Rock|p1a: Ursaluna
|-sidestart|p1: flygonisdragon|move: Stealth Rock
|
|upkeep
|turn|3
|
|t:|1760849924
|switch|p2a: Dragonite|Dragonite, M|100/100
|move|p1a: Ursaluna|Headlong Rush|p2a: Dragonite
|-immune|p2a: Dragonite
|
|upkeep
|turn|4
|
|t:|1760849928
|move|p2a: Dragonite|Earthquake|p1a: Ursaluna
|-damage|p1a: Ursaluna|0 fnt
|faint|p1a: Ursaluna
|
|upkeep
|
|t:|1760849931
|switch|p1a: Corviknight|Corviknight, F|100/100
|-damage|p1a: Corviknight|88/100|[from] Stealth Rock
|-ability|p1a: Corviknight|Pressure
|turn|5
|
|t:|1760849934
|switch|p2a: Keldeo|Keldeo|100/100
|move|p1a: Corviknight|Defog|p2a: Keldeo
|-unboost|p2a: Keldeo|evasion|1
|-sideend|p1: flygonisdragon|Stealth Rock|[from] move: Defog|[of] p1a: Corviknight
|
|upkeep
|turn|6
|
|t:|1760849940
|move|p2a: Keldeo|Surf|p1a: Corviknight
|-damage|p1a: Corviknight|41/100
|move|p1a: Corviknight|Brave Bird|p2a: Keldeo
|-supereffective|p2a: Keldeo
|-damage|p2a: Keldeo|13/100
|-damage|p1a: Corviknight|18/100|[from] Recoil
|
|upkeep
|turn|7
|
|t:|1760849958
|switch|p1a: Kyurem|Kyurem|100/100
|-ability|p1a: Kyurem|Pressure
|move|p2a: Keldeo|Surf|p1a: Kyurem
|-resisted|p1a: Kyurem
|-damage|p1a: Kyurem|80/100
|
|upkeep
|turn|8
|
|t:|1760849968
|switch|p2a: Hatterene|Hatterene, F|100/100
|move|p1a: Kyurem|Ice Beam|p2a: Hatterene
|-damage|p2a: Hatterene|66/100
|-status|p2a: Hatterene|frz
|
|upkeep
|turn|9
|
|t:|1760849973
|move|p1a: Kyurem|Ice Beam|p2a: Hatterene
|-crit|p2a: Hatterene
|-damage|p2a: Hatterene|18/100 frz
|cant|p2a: Hatterene|frz
|
|upkeep
|turn|10
|
|t:|1760849975
|move|p1a: Kyurem|Ice Beam|p2a: Hatterene
|-damage|p2a: Hatterene|0 fnt
|faint|p2a: Hatterene
|
|upkeep
|
|t:|1760849978
|switch|p2a: Weavile|Weavile, M|100/100
|-ability|p2a: Weavile|Pressure
|turn|11
|
|t:|1760849983
|switch|p1a: Corviknight|Corviknight, F|18/100
|-ability|p1a: Corviknight|Pressure
|move|p2a: Weavile|Low Kick|p1a: Corviknight
|-crit|p1a: Corviknight
|-damage|p1a: Corviknight|0 fnt
|-damage|p2a: Weavile|84/100|[from] item: Rocky Helmet|[of] p1a: Corviknight
|faint|p1a: Corviknight
|
|upkeep
|
|t:|1760849986
|switch|p1a: Quaquaval|Quaquaval, M, shiny|100/100
|turn|12
|
|t:|1760849989
|switch|p2a: Ting-Lu|Ting-Lu|64/100
|-ability|p2a: Ting-Lu|Vessel of Ruin
|move|p1a: Quaquaval|Swords Dance|p1a: Quaquaval
|-boost|p1a: Quaquaval|atk|2
|
|upkeep
|turn|13
|j| NO CAGES NO CHAINS
|
|t:|1760849995
|move|p1a: Quaquaval|Aqua Step|p2a: Ting-Lu
|-supereffective|p2a: Ting-Lu
|-damage|p2a: Ting-Lu|0 fnt
|-boost|p1a: Quaquaval|spe|1
|-damage|p1a: Quaquaval|84/100|[from] item: Rocky Helmet|[of] p2a: Ting-Lu
|faint|p2a: Ting-Lu
|-ability|p1a: Quaquaval|Moxie|boost
|-boost|p1a: Quaquaval|atk|1
|
|-heal|p1a: Quaquaval|90/100|[from] item: Leftovers
|upkeep
|
|t:|1760850003
|switch|p2a: Dragonite|Dragonite, M|100/100
|turn|14
|
|t:|1760850005
|move|p2a: Dragonite|Extreme Speed|p1a: Quaquaval
|-damage|p1a: Quaquaval|49/100
|move|p1a: Quaquaval|Ice Spinner|p2a: Dragonite
|-supereffective|p2a: Dragonite
|-damage|p2a: Dragonite|0 fnt
|faint|p2a: Dragonite
|-ability|p1a: Quaquaval|Moxie|boost
|-boost|p1a: Quaquaval|atk|1
|
|-heal|p1a: Quaquaval|55/100|[from] item: Leftovers
|upkeep
|
|t:|1760850010
|switch|p2a: Keldeo|Keldeo|13/100
|turn|15
|
|t:|1760850012
|move|p2a: Keldeo|Vacuum Wave|p1a: Quaquaval
|-damage|p1a: Quaquaval|27/100
|move|p1a: Quaquaval|Aqua Step|p2a: Keldeo
|-resisted|p2a: Keldeo
|-damage|p2a: Keldeo|0 fnt
|-boost|p1a: Quaquaval|spe|1
|faint|p2a: Keldeo
|-ability|p1a: Quaquaval|Moxie|boost
|-boost|p1a: Quaquaval|atk|1
|
|-heal|p1a: Quaquaval|33/100|[from] item: Leftovers
|upkeep
|
|t:|1760850014
|switch|p2a: Weavile|Weavile, M|84/100
|-ability|p2a: Weavile|Pressure
|turn|16
|
|t:|1760850016
|-terastallize|p2a: Weavile|Ice
|move|p2a: Weavile|Ice Shard|p1a: Quaquaval
|-resisted|p1a: Quaquaval
|-damage|p1a: Quaquaval|4/100
|move|p1a: Quaquaval|Aqua Step|p2a: Weavile
|-crit|p2a: Weavile
|-damage|p2a: Weavile|0 fnt
|-boost|p1a: Quaquaval|spe|1
|faint|p2a: Weavile
|-ability|p1a: Quaquaval|Moxie|boost
|-boost|p1a: Quaquaval|atk|1
|
|-heal|p1a: Quaquaval|10/100|[from] item: Leftovers
|upkeep
|-message|SmallKuza1888 forfeited.
|
|win|flygonisdragon
|raw|flygonisdragon's rating: 1608 &rarr; <strong>1631</strong><br />(+23 for winning)
|raw|SmallKuza1888's rating: 1669 &rarr; <strong>1646</strong><br />(-23 for losing)
|l|☆SmallKuza1888
|player|p2|
|l|☆flygonisdragon
|player|p1|
|l| NO CAGES NO CHAINS
|l| XxH0meland3r420xX
