|j|☆aretse
|j|☆Padacitio
|t:|1760794291
|gametype|singles
|player|p1|aretse|170|1469
|player|p2|Padacitio|266|1439
|gen|9
|tier|[Gen 9] OU
|rated|
|rule|HP Percentage Mod: HP is shown in percentages
|rule|Endless Battle Clause: Forcing endless battles is banned
|rule|Species Clause: Limit one of each Pokémon
|rule|OHKO Clause: OHKO moves are banned
|rule|Evasion Items Clause: Evasion items are banned
|rule|Evasion Moves Clause: Evasion moves are banned
|rule|Evasion Abilities Clause: Evasion abilities are banned
|rule|Sleep Moves Clause: Sleep-inducing moves are banned
|clearpoke
|poke|p1|Clodsire, F|
|poke|p1|Gliscor, F|
|poke|p1|Alomomola, F|
|poke|p1|Dondozo, F|
|poke|p1|Amoonguss, M|
|poke|p1|Bronzong|
|poke|p2|Kingambit, F|
|poke|p2|Cinderace, F|
|poke|p2|Landorus-Therian, M|
|poke|p2|Iron Valiant|
|poke|p2|Kyurem|
|poke|p2|Slowking-Galar, M|
|teampreview
|inactive|Battle timer is ON: inactive players will automatically lose when time's up. (requested by aretse)
|
|t:|1760794314
|teamsize|p1|6
|teamsize|p2|6
|start
|switch|p1a: Gliscor|Gliscor, F|100/100
|switch|p2a: Chillionaire|Slowking-Galar, M, shiny|100/100
|turn|1
|
|t:|1760794329
|move|p1a: Gliscor|Protect|p1a: Gliscor
|-singleturn|p1a: Gliscor|Protect
|move|p2a: Chillionaire|Future Sight|p1a: Gliscor
|-start|p2a: Chillionaire|move: Future Sight
|
|-status|p1a: Gliscor|tox|[from] item: Toxic Orb
|upkeep
|turn|2
|
|t:|1760794344
|switch|p1a: Bronzong|Bronzong|100/100
|-prepare|p2a: Chillionaire|Chilly Reception|[premajor]
|move|p2a: Chillionaire|Chilly Reception|p2a: Chillionaire
|-weather|Snowscape
|
|t:|1760794350
|switch|p2a: Kristine|Cinderace, F, shiny|100/100|[from] Chilly Reception
|
|-weather|Snowscape|[upkeep]
|upkeep
|turn|3
|inactive|Padacitio has 120 seconds left.
|
|t:|1760794392
|move|p1a: Bronzong|Protect|p1a: Bronzong
|-singleturn|p1a: Bronzong|Protect
|move|p2a: Kristine|Pyro Ball|p1a: Bronzong
|-activate|p1a: Bronzong|move: Protect
|
|-weather|Snowscape|[upkeep]
|-end|p1a: Bronzong|move: Future Sight
|-resisted|p1a: Bronzong
|-damage|p1a: Bronzong|93/100
|-heal|p1a: Bronzong|99/100|[from] item: Leftovers
|upkeep
|turn|4
|
|t:|1760794404
|switch|p1a: Gliscor|Gliscor, F|100/100 tox
|move|p2a: Kristine|Will-O-Wisp||[still]
|-fail|p2a: Kristine
|
|-weather|Snowscape|[upkeep]
|upkeep
|turn|5
|inactive|aretse has 120 seconds left.
|inactive|Padacitio has 90 seconds left.
|l|☆Padacitio
|inactive|Padacitio disconnected and has a minute to reconnect!
|player|p2|
|j|☆Padacitio
|inactive|Padacitio reconnected and has 70 seconds left.
|player|p2|Padacitio|266|
|inactive|Padacitio has 60 seconds left.
|
|t:|1760794461
|switch|p2a: Chillionaire|Slowking-Galar, M, shiny|100/100
|move|p1a: Gliscor|Spikes|p2a: Chillionaire
|-sidestart|p2: Padacitio|Spikes
|
|-weather|Snowscape|[upkeep]
|upkeep
|turn|6
|
|t:|1760794469
|switch|p1a: Bronzong|Bronzong|99/100
|-prepare|p2a: Chillionaire|Chilly Reception|[premajor]
|move|p2a: Chillionaire|Chilly Reception|p2a: Chillionaire
|inactive|Padacitio has 60 seconds left.
|
|t:|1760794489
|switch|p2a: Kristine|Cinderace, F, shiny|100/100|[from] Chilly Reception
|
|-weather|none
|-heal|p1a: Bronzong|100/100|[from] item: Leftovers
|upkeep
|turn|7
|inactive|aretse has 120 seconds left.
|inactive|Padacitio has 60 seconds left.
|
|t:|1760794515
|switch|p1a: Gliscor|Gliscor, F|100/100 tox
|move|p2a: Kristine|Pyro Ball|p1a: Gliscor
|-damage|p1a: Gliscor|68/100 tox
|
|-heal|p1a: Gliscor|81/100 tox|[from] ability: Poison Heal
|upkeep
|turn|8
|inactive|Padacitio has 60 seconds left.
|
|t:|1760794524
|switch|p2a: Homelandor|Landorus-Therian, M, shiny|100/100
|-ability|p2a: Homelandor|Intimidate|boost
|-unboost|p1a: Gliscor|atk|1
|move|p1a: Gliscor|Spikes|p2a: Homelandor
|-sidestart|p2: Padacitio|Spikes
|
|-heal|p1a: Gliscor|93/100 tox|[from] ability: Poison Heal
|upkeep
|turn|9
|inactive|Padacitio has 60 seconds left.
|
|t:|1760794546
|switch|p2a: Chillionaire|Slowking-Galar, M, shiny|100/100
|move|p1a: Gliscor|Knock Off|p2a: Chillionaire
|-supereffective|p2a: Chillionaire
|-damage|p2a: Chillionaire|69/100
|-enditem|p2a: Chillionaire|Heavy-Duty Boots|[from] move: Knock Off|[of] p1a: Gliscor
|
|-heal|p1a: Gliscor|100/100 tox|[from] ability: Poison Heal
|upkeep
|turn|10
|inactive|Padacitio has 60 seconds left.
|
|t:|1760794557
|switch|p1a: Bronzong|Bronzong|100/100
|move|p2a: Chillionaire|Future Sight|p1a: Bronzong
|-start|p2a: Chillionaire|move: Future Sight
|
|upkeep
|turn|11
|
|t:|1760794562
|move|p1a: Bronzong|Stealth Rock|p2a: Chillionaire
|-sidestart|p2: Padacitio|move: Stealth Rock
|-prepare|p2a: Chillionaire|Chilly Reception|[premajor]
|move|p2a: Chillionaire|Chilly Reception|p2a: Chillionaire
|-weather|Snowscape
|
|t:|1760794567
|switch|p2a: Kristine|Cinderace, F, shiny|100/100|[from] Chilly Reception
|
|-weather|Snowscape|[upkeep]
|upkeep
|turn|12
|
|t:|1760794573
|move|p1a: Bronzong|Protect|p1a: Bronzong
|-singleturn|p1a: Bronzong|Protect
|move|p2a: Kristine|Court Change|p2a: Kristine
|-swapsideconditions
|-activate|p2a: Kristine|move: Court Change
|
|-weather|Snowscape|[upkeep]
|-end|p1a: Bronzong|move: Future Sight
|-resisted|p1a: Bronzong
|-damage|p1a: Bronzong|93/100
|-heal|p1a: Bronzong|99/100|[from] item: Leftovers
|upkeep
|turn|13
|
|t:|1760794588
|switch|p1a: Gliscor|Gliscor, F|100/100 tox
|-damage|p1a: Gliscor|88/100 tox|[from] Stealth Rock
|move|p2a: Kristine|U-turn|p1a: Gliscor
|-resisted|p1a: Gliscor
|-damage|p1a: Gliscor|82/100 tox
|
|t:|1760794595
|switch|p2a: Mr. Freeze|Kyurem, shiny|100/100|[from] U-turn
|-ability|p2a: Mr. Freeze|Pressure
|
|-weather|Snowscape|[upkeep]
|-heal|p1a: Gliscor|94/100 tox|[from] ability: Poison Heal
|upkeep
|turn|14
|
|t:|1760794617
|switch|p1a: Bronzong|Bronzong|99/100
|-damage|p1a: Bronzong|93/100|[from] Stealth Rock
|move|p2a: Mr. Freeze|Freeze-Dry|p1a: Bronzong
|-resisted|p1a: Bronzong
|-damage|p1a: Bronzong|81/100
|
|-weather|Snowscape|[upkeep]
|-heal|p1a: Bronzong|87/100|[from] item: Leftovers
|upkeep
|turn|15
|
|t:|1760794627
|move|p2a: Mr. Freeze|Earth Power|p1a: Bronzong
|-immune|p1a: Bronzong|[from] ability: Levitate
|move|p1a: Bronzong|Stealth Rock|p2a: Mr. Freeze
|-sidestart|p2: Padacitio|move: Stealth Rock
|
|-weather|none
|-heal|p1a: Bronzong|94/100|[from] item: Leftovers
|upkeep
|turn|16
|
|t:|1760794637
|switch|p2a: Chillionaire|Slowking-Galar, M, shiny|100/100
|-damage|p2a: Chillionaire|88/100|[from] Stealth Rock
|move|p1a: Bronzong|Night Shade|p2a: Chillionaire
|-damage|p2a: Chillionaire|63/100
|
|-heal|p1a: Bronzong|99/100|[from] item: Leftovers
|upkeep
|turn|17
|
|t:|1760794662
|move|p1a: Bronzong|Skill Swap|p2a: Chillionaire
|-activate|p1a: Bronzong|move: Skill Swap|Regenerator|Levitate|[of] p2a: Chillionaire
|-prepare|p2a: Chillionaire|Chilly Reception|[premajor]
|move|p2a: Chillionaire|Chilly Reception|p2a: Chillionaire
|-weather|Snowscape
|
|t:|1760794676
|switch|p2a: Kristine|Cinderace, F, shiny|100/100|[from] Chilly Reception
|
|-weather|Snowscape|[upkeep]
|-heal|p1a: Bronzong|100/100|[from] item: Leftovers
|upkeep
|turn|18
|
|t:|1760794687
|switch|p1a: Gliscor|Gliscor, F|94/100 tox
|-damage|p1a: Gliscor|82/100 tox|[from] Stealth Rock
|move|p2a: Kristine|Pyro Ball|p1a: Gliscor
|-damage|p1a: Gliscor|44/100 tox
|
|-weather|Snowscape|[upkeep]
|-heal|p1a: Gliscor|57/100 tox|[from] ability: Poison Heal
|upkeep
|turn|19
|
|t:|1760794702
|switch|p2a: WALL-Y|Iron Valiant|100/100
|-damage|p2a: WALL-Y|94/100|[from] Stealth Rock
|-enditem|p2a: WALL-Y|Booster Energy
|-activate|p2a: WALL-Y|ability: Quark Drive|[fromitem]
|-start|p2a: WALL-Y|quarkdrivespe
|move|p1a: Gliscor|Spikes|p2a: WALL-Y
|-sidestart|p2: Padacitio|Spikes
|
|-weather|Snowscape|[upkeep]
|-heal|p1a: Gliscor|69/100 tox|[from] ability: Poison Heal
|upkeep
|turn|20
|
|t:|1760794715
|move|p1a: Gliscor|Protect|p1a: Gliscor
|-singleturn|p1a: Gliscor|Protect
|move|p2a: WALL-Y|Calm Mind|p2a: WALL-Y
|-boost|p2a: WALL-Y|spa|1
|-boost|p2a: WALL-Y|spd|1
|
|-weather|Snowscape|[upkeep]
|-heal|p1a: Gliscor|82/100 tox|[from] ability: Poison Heal
|upkeep
|turn|21
|
|t:|1760794724
|switch|p1a: Clodsire|Clodsire, F|100/100
|move|p2a: WALL-Y|Encore||[still]
|-fail|p2a: WALL-Y
|
|-weather|none
|upkeep
|turn|22
|inactive|Padacitio has 90 seconds left.
|
|t:|1760794736
|move|p2a: WALL-Y|Shadow Ball|p1a: Clodsire
|-damage|p1a: Clodsire|86/100
|move|p1a: Clodsire|Poison Jab|p2a: WALL-Y
|-supereffective|p2a: WALL-Y
|-damage|p2a: WALL-Y|38/100
|
|upkeep
|turn|23
|inactive|Padacitio has 90 seconds left.
|-message|Padacitio forfeited.
|
|win|aretse
|raw|aretse's rating: 1469 &rarr; <strong>1487</strong><br />(+18 for winning)
|raw|Padacitio's rating: 1439 &rarr; <strong>1421</strong><br />(-18 for losing)
|l|☆Padacitio
|player|p2|
|l|☆aretse
|player|p1|
