|j|☆vghhjg
|j|☆jibreel69
|t:|1760792581
|gametype|singles
|player|p1|vghhjg|265|1658
|player|p2|jibreel69|169|1571
|gen|9
|tier|[Gen 9] OU
|rated|
|rule|HP Percentage Mod: HP is shown in percentages
|rule|Endless Battle Clause: Forcing endless battles is banned
|rule|Species Clause: Limit one of each Pokémon
|rule|OHKO Clause: OHKO moves are banned
|rule|Evasion Items Clause: Evasion items are banned
|rule|Evasion Moves Clause: Evasion moves are banned
|rule|Evasion Abilities Clause: Evasion abilities are banned
|rule|Sleep Moves Clause: Sleep-inducing moves are banned
|clearpoke
|poke|p1|Ribombee, F|
|poke|p1|Gholdengo|
|poke|p1|Dragonite, M|
|poke|p1|Great Tusk|
|poke|p1|Pecharunt|
|poke|p1|Kingambit, M|
|poke|p2|Enamorus, F|
|poke|p2|Great Tusk|
|poke|p2|Iron Crown|
|poke|p2|Lokix, M|
|poke|p2|Alomomola, M|
|poke|p2|Pecharunt|
|teampreview
|
|t:|1760792591
|teamsize|p1|6
|teamsize|p2|6
|start
|switch|p1a: Ribombee|Ribombee, F|100/100
|switch|p2a: Braveheart|Iron Crown|100/100
|turn|1
|
|t:|1760792598
|move|p1a: Ribombee|Sticky Web|p2a: Braveheart
|-sidestart|p2: jibreel69|move: Sticky Web
|move|p2a: Braveheart|Tachyon Cutter|p1a: Ribombee
|-supereffective|p1a: Ribombee
|-enditem|p1a: Ribombee|Focus Sash
|-damage|p1a: Ribombee|1/100
|-supereffective|p1a: Ribombee
|-damage|p1a: Ribombee|0 fnt
|faint|p1a: Ribombee
|-hitcount|p1: Ribombee|2
|
|upkeep
|
|t:|1760792603
|switch|p1a: Kingambit|Kingambit, M|100/100
|-activate|p1a: Kingambit|ability: Supreme Overlord
|-start|p1a: Kingambit|fallen1|[silent]
|turn|2
|
|t:|1760792626
|-end|p2a: Braveheart|Quark Drive|[silent]
|switch|p2a: Behemoth|Great Tusk, shiny|100/100
|move|p1a: Kingambit|Swords Dance|p1a: Kingambit
|-boost|p1a: Kingambit|atk|2
|
|upkeep
|turn|3
|
|t:|1760792636
|-terastallize|p1a: Kingambit|Fairy
|move|p2a: Behemoth|Headlong Rush|p1a: Kingambit
|-damage|p1a: Kingambit|50/100
|-unboost|p2a: Behemoth|def|1
|-unboost|p2a: Behemoth|spd|1
|move|p1a: Kingambit|Tera Blast|p2a: Behemoth|[anim] Tera Blast Fairy
|-supereffective|p2a: Behemoth
|-damage|p2a: Behemoth|0 fnt
|faint|p2a: Behemoth
|-end|p2a: Behemoth|Protosynthesis|[silent]
|
|-heal|p1a: Kingambit|57/100|[from] item: Leftovers
|upkeep
|
|t:|1760792660
|switch|p2a: Gin|Enamorus, F, shiny|100/100
|turn|4
|
|t:|1760792666
|move|p2a: Gin|Moonblast|p1a: Kingambit
|-damage|p1a: Kingambit|0 fnt
|faint|p1a: Kingambit
|-end|p1a: Kingambit|fallen1|[silent]
|
|upkeep
|
|t:|1760792674
|switch|p1a: Pecharunt|Pecharunt|100/100
|turn|5
|
|t:|1760792691
|switch|p2a: Pisces|Alomomola, M, shiny|100/100
|-activate|p2a: Pisces|move: Sticky Web
|-unboost|p2a: Pisces|spe|1
|move|p1a: Pecharunt|Nasty Plot|p1a: Pecharunt
|-boost|p1a: Pecharunt|spa|2
|
|upkeep
|turn|6
|
|t:|1760792697
|move|p1a: Pecharunt|Malignant Chain|p2a: Pisces
|-damage|p2a: Pisces|53/100
|-status|p2a: Pisces|tox
|-start|p2a: Pisces|confusion|[from] ability: Poison Puppeteer|[of] p1a: Pecharunt
|-activate|p2a: Pisces|confusion
|move|p2a: Pisces|Mirror Coat|p1a: Pecharunt
|-damage|p1a: Pecharunt|0 fnt
|faint|p1a: Pecharunt
|
|-damage|p2a: Pisces|46/100 tox|[from] psn
|upkeep
|
|t:|1760792708
|switch|p1a: Great Tusk|Great Tusk|100/100
|turn|7
|
|t:|1760792712
|move|p1a: Great Tusk|Stealth Rock|p2a: Pisces
|-sidestart|p2: jibreel69|move: Stealth Rock
|-activate|p2a: Pisces|confusion
|-damage|p2a: Pisces|41/100 tox|[from] confusion
|
|-damage|p2a: Pisces|29/100 tox|[from] psn
|upkeep
|turn|8
|
|t:|1760792725
|move|p1a: Great Tusk|Knock Off|p2a: Pisces
|-damage|p2a: Pisces|6/100 tox
|-enditem|p2a: Pisces|Assault Vest|[from] move: Knock Off|[of] p1a: Great Tusk
|-activate|p2a: Pisces|confusion
|-damage|p2a: Pisces|2/100 tox|[from] confusion
|
|-damage|p2a: Pisces|0 fnt|[from] psn
|faint|p2a: Pisces
|upkeep
|
|t:|1760792739
|switch|p2a: Gin|Enamorus, F, shiny|100/100
|-damage|p2a: Gin|76/100|[from] Stealth Rock
|turn|9
|
|t:|1760792749
|-end|p1a: Great Tusk|Protosynthesis|[silent]
|switch|p1a: Gholdengo|Gholdengo|100/100
|-item|p1a: Gholdengo|Air Balloon
|move|p2a: Gin|Moonblast|p1a: Gholdengo
|-resisted|p1a: Gholdengo
|-damage|p1a: Gholdengo|66/100
|-enditem|p1a: Gholdengo|Air Balloon
|
|upkeep
|turn|10
|
|t:|1760792773
|switch|p2a: Overseer|Pecharunt|100/100
|-activate|p2a: Overseer|move: Sticky Web
|-unboost|p2a: Overseer|spe|1
|-damage|p2a: Overseer|88/100|[from] Stealth Rock
|move|p1a: Gholdengo|Dazzling Gleam|p2a: Overseer
|-resisted|p2a: Overseer
|-damage|p2a: Overseer|74/100
|
|upkeep
|turn|11
|
|t:|1760792788
|-terastallize|p2a: Overseer|Dark
|move|p1a: Gholdengo|Shadow Ball|p2a: Overseer
|-resisted|p2a: Overseer
|-damage|p2a: Overseer|54/100
|-unboost|p2a: Overseer|spd|1
|move|p2a: Overseer|Foul Play|p1a: Gholdengo
|-supereffective|p1a: Gholdengo
|-damage|p1a: Gholdengo|27/100
|
|upkeep
|turn|12
|
|t:|1760792796
|switch|p2a: Braveheart|Iron Crown|100/100
|-activate|p2a: Braveheart|move: Sticky Web
|-unboost|p2a: Braveheart|spe|1
|-damage|p2a: Braveheart|94/100|[from] Stealth Rock
|move|p1a: Gholdengo|Dazzling Gleam|p2a: Braveheart
|-resisted|p2a: Braveheart
|-damage|p2a: Braveheart|80/100
|
|upkeep
|turn|13
|
|t:|1760792808
|move|p1a: Gholdengo|Shadow Ball|p2a: Braveheart
|-supereffective|p2a: Braveheart
|-damage|p2a: Braveheart|0 fnt
|faint|p2a: Braveheart
|-end|p2a: Braveheart|Quark Drive|[silent]
|
|upkeep
|
|t:|1760792824
|switch|p2a: Gin|Enamorus, F, shiny|76/100
|-damage|p2a: Gin|51/100|[from] Stealth Rock
|turn|14
|
|t:|1760792830
|move|p2a: Gin|Moonblast|p1a: Gholdengo
|-resisted|p1a: Gholdengo
|-damage|p1a: Gholdengo|0 fnt
|faint|p1a: Gholdengo
|
|upkeep
|j| RedemptiveSketch
|inactive|Battle timer is ON: inactive players will automatically lose when time's up. (requested by jibreel69)
|j| avatarcosplay
|inactive|vghhjg has 120 seconds left.
|inactive|vghhjg has 90 seconds left.
|
|t:|1760792952
|switch|p1a: Great Tusk|Great Tusk|100/100
|turn|15
|
|t:|1760792968
|move|p2a: Gin|Moonblast|p1a: Great Tusk
|-supereffective|p1a: Great Tusk
|-damage|p1a: Great Tusk|0 fnt
|faint|p1a: Great Tusk
|-end|p1a: Great Tusk|Protosynthesis|[silent]
|
|upkeep
|
|t:|1760792975
|switch|p1a: Dragonite|Dragonite, M|100/100
|turn|16
|
|t:|1760792977
|move|p2a: Gin|Moonblast|p1a: Dragonite
|-supereffective|p1a: Dragonite
|-damage|p1a: Dragonite|50/100
|-unboost|p1a: Dragonite|spa|1
|move|p1a: Dragonite|Dragon Dance|p1a: Dragonite
|-boost|p1a: Dragonite|atk|1
|-boost|p1a: Dragonite|spe|1
|
|-heal|p1a: Dragonite|56/100|[from] item: Leftovers
|upkeep
|turn|17
|
|t:|1760792987
|move|p2a: Gin|Moonblast|p1a: Dragonite
|-supereffective|p1a: Dragonite
|-damage|p1a: Dragonite|0 fnt
|faint|p1a: Dragonite
|
|win|jibreel69
|raw|vghhjg's rating: 1658 &rarr; <strong>1633</strong><br />(-25 for losing)
|raw|jibreel69's rating: 1571 &rarr; <strong>1596</strong><br />(+25 for winning)
