|j|☆Outsider64
|j|☆clickx4money
|t:|1760843350
|gametype|singles
|player|p1|Outsider64|hilbert|1200
|player|p2|clickx4money|170|1154
|gen|9
|tier|[Gen 9] OU
|rated|
|rule|HP Percentage Mod: HP is shown in percentages
|rule|Endless Battle Clause: Forcing endless battles is banned
|rule|Species Clause: Limit one of each Pokémon
|rule|OHKO Clause: OHKO moves are banned
|rule|Evasion Items Clause: Evasion items are banned
|rule|Evasion Moves Clause: Evasion moves are banned
|rule|Evasion Abilities Clause: Evasion abilities are banned
|rule|Sleep Moves Clause: Sleep-inducing moves are banned
|clearpoke
|poke|p1|Blissey, F|
|poke|p1|Latios, M|
|poke|p1|Serperior, M|
|poke|p1|Alomomola, F|
|poke|p1|Zamazenta-*|
|poke|p1|Corviknight, M|
|poke|p2|Ursaluna, M|
|poke|p2|Meowscarada, F|
|poke|p2|Slowking-Galar, F|
|poke|p2|Great Tusk|
|poke|p2|Moltres|
|poke|p2|Gholdengo|
|teampreview
|
|t:|1760843359
|teamsize|p1|6
|teamsize|p2|6
|start
|switch|p1a: Alomomola|Alomomola, F|100/100
|switch|p2a: Meowscarada|Meowscarada, F|100/100
|turn|1
|
|t:|1760843369
|switch|p1a: Corviknight|Corviknight, M|100/100
|-ability|p1a: Corviknight|Pressure
|move|p2a: Meowscarada|Flower Trick|p1a: Corviknight
|-start|p2a: Meowscarada|typechange|Grass|[from] ability: Protean
|-resisted|p1a: Corviknight
|-crit|p1a: Corviknight
|-damage|p1a: Corviknight|90/100
|
|upkeep
|turn|2
|
|t:|1760843380
|switch|p2a: Moltres|Moltres|100/100
|move|p1a: Corviknight|U-turn|p2a: Moltres
|-resisted|p2a: Moltres
|-damage|p2a: Moltres|98/100
|
|t:|1760843386
|switch|p1a: Blissey|Blissey, F|100/100|[from] U-turn
|
|upkeep
|turn|3
|
|t:|1760843401
|move|p2a: Moltres|U-turn|p1a: Blissey
|-damage|p1a: Blissey|73/100
|
|t:|1760843404
|switch|p2a: Slowking|Slowking-Galar, F|100/100|[from] U-turn
|move|p1a: Blissey|Thunder Wave|p2a: Slowking
|-status|p2a: Slowking|par
|
|upkeep
|turn|4
|
|t:|1760843410
|move|p1a: Blissey|Seismic Toss|p2a: Slowking
|-damage|p2a: Slowking|75/100 par
|move|p2a: Slowking|Toxic Spikes|p1a: Blissey
|-sidestart|p1: Outsider64|move: Toxic Spikes
|
|upkeep
|turn|5
|
|t:|1760843418
|move|p1a: Blissey|Seismic Toss|p2a: Slowking
|-damage|p2a: Slowking|50/100 par
|-prepare|p2a: Slowking|Chilly Reception|[premajor]
|cant|p2a: Slowking|par
|
|upkeep
|turn|6
|
|t:|1760843434
|move|p1a: Blissey|Seismic Toss|p2a: Slowking
|-damage|p2a: Slowking|24/100 par
|-prepare|p2a: Slowking|Chilly Reception|[premajor]
|cant|p2a: Slowking|par
|
|upkeep
|turn|7
|
|t:|1760843445
|switch|p2a: Great Tusk|Great Tusk|100/100
|move|p1a: Blissey|Seismic Toss|p2a: Great Tusk
|-damage|p2a: Great Tusk|74/100
|-damage|p1a: Blissey|56/100|[from] item: Rocky Helmet|[of] p2a: Great Tusk
|
|upkeep
|turn|8
|
|t:|1760843454
|switch|p1a: Corviknight|Corviknight, M|90/100
|-ability|p1a: Corviknight|Pressure
|move|p2a: Great Tusk|Stealth Rock|p1a: Corviknight
|-sidestart|p1: Outsider64|move: Stealth Rock
|
|upkeep
|turn|9
|
|t:|1760843471
|-end|p2a: Great Tusk|Protosynthesis|[silent]
|switch|p2a: Moltres|Moltres|98/100
|move|p1a: Corviknight|Brave Bird|p2a: Moltres
|-damage|p2a: Moltres|76/100
|-damage|p1a: Corviknight|83/100|[from] Recoil
|
|upkeep
|turn|10
|
|t:|1760843478
|move|p1a: Corviknight|Defog|p2a: Moltres
|-unboost|p2a: Moltres|evasion|1
|-sideend|p1: Outsider64|Toxic Spikes|[from] move: Defog|[of] p1a: Corviknight
|-sideend|p1: Outsider64|Stealth Rock|[from] move: Defog|[of] p1a: Corviknight
|move|p2a: Moltres|Roar|p1a: Corviknight
|drag|p1a: Serperior|Serperior, M|100/100
|
|upkeep
|turn|11
|
|t:|1760843496
|-terastallize|p1a: Serperior|Fire
|move|p1a: Serperior|Leaf Storm|p2a: Moltres
|-resisted|p2a: Moltres
|-damage|p2a: Moltres|65/100
|-boost|p1a: Serperior|spa|2
|move|p2a: Moltres|U-turn|p1a: Serperior
|-resisted|p1a: Serperior
|-damage|p1a: Serperior|91/100
|
|t:|1760843509
|switch|p2a: Slowking|Slowking-Galar, F|58/100 par|[from] U-turn
|
|-heal|p1a: Serperior|97/100|[from] item: Leftovers
|upkeep
|turn|12
|
|t:|1760843515
|move|p1a: Serperior|Leaf Storm|p2a: Slowking
|-resisted|p2a: Slowking
|-damage|p2a: Slowking|21/100 par
|-boost|p1a: Serperior|spa|2
|move|p2a: Slowking|Sludge Bomb|p1a: Serperior
|-damage|p1a: Serperior|52/100
|
|-heal|p1a: Serperior|59/100|[from] item: Leftovers
|upkeep
|turn|13
|
|t:|1760843540
|switch|p2a: Great Tusk|Great Tusk|74/100
|move|p1a: Serperior|Leaf Storm|p2a: Great Tusk
|-supereffective|p2a: Great Tusk
|-damage|p2a: Great Tusk|0 fnt
|-boost|p1a: Serperior|spa|2
|faint|p2a: Great Tusk
|-end|p2a: Great Tusk|Protosynthesis|[silent]
|
|-heal|p1a: Serperior|65/100|[from] item: Leftovers
|upkeep
|
|t:|1760843544
|switch|p2a: Meowscarada|Meowscarada, F|100/100
|turn|14
|
|t:|1760843551
|move|p2a: Meowscarada|Knock Off|p1a: Serperior
|-start|p2a: Meowscarada|typechange|Dark|[from] ability: Protean
|-damage|p1a: Serperior|10/100
|-enditem|p1a: Serperior|Leftovers|[from] move: Knock Off|[of] p2a: Meowscarada
|move|p1a: Serperior|Tera Blast|p2a: Meowscarada|[anim] Tera Blast Fire
|-damage|p2a: Meowscarada|0 fnt
|faint|p2a: Meowscarada
|
|upkeep
|
|t:|1760843557
|switch|p2a: Gholdengo|Gholdengo|100/100
|turn|15
|
|t:|1760843562
|move|p2a: Gholdengo|Shadow Ball|p1a: Serperior
|-damage|p1a: Serperior|0 fnt
|faint|p1a: Serperior
|
|upkeep
|
|t:|1760843576
|switch|p1a: Zamazenta|Zamazenta|100/100
|-ability|p1a: Zamazenta|Dauntless Shield|boost
|-boost|p1a: Zamazenta|def|1
|turn|16
|
|t:|1760843580
|switch|p2a: Moltres|Moltres|65/100
|move|p1a: Zamazenta|Crunch|p2a: Moltres
|-damage|p2a: Moltres|49/100
|-unboost|p2a: Moltres|def|1
|-status|p1a: Zamazenta|brn|[from] ability: Flame Body|[of] p2a: Moltres
|
|-damage|p1a: Zamazenta|94/100 brn|[from] brn
|upkeep
|turn|17
|c|☆Outsider64|of course.
|
|t:|1760843593
|move|p1a: Zamazenta|Crunch|p2a: Moltres
|-damage|p2a: Moltres|37/100
|move|p2a: Moltres|Roost|p2a: Moltres
|-heal|p2a: Moltres|87/100
|-singleturn|p2a: Moltres|move: Roost
|
|-heal|p1a: Zamazenta|100/100 brn|[from] item: Leftovers
|-damage|p1a: Zamazenta|94/100 brn|[from] brn
|upkeep
|turn|18
|
|t:|1760843602
|move|p1a: Zamazenta|Iron Defense|p1a: Zamazenta
|-boost|p1a: Zamazenta|def|2
|move|p2a: Moltres|U-turn|p1a: Zamazenta
|-resisted|p1a: Zamazenta
|-damage|p1a: Zamazenta|92/100 brn
|
|t:|1760843611
|switch|p2a: Slowking|Slowking-Galar, F|54/100 par|[from] U-turn
|
|-heal|p1a: Zamazenta|98/100 brn|[from] item: Leftovers
|-damage|p1a: Zamazenta|92/100 brn|[from] brn
|upkeep
|turn|19
|
|t:|1760843620
|switch|p1a: Blissey|Blissey, F|56/100
|cant|p2a: Slowking|par
|
|upkeep
|turn|20
|
|t:|1760843637
|move|p1a: Blissey|Soft-Boiled|p1a: Blissey
|-heal|p1a: Blissey|100/100
|move|p2a: Slowking|Toxic Spikes|p1a: Blissey
|-sidestart|p1: Outsider64|move: Toxic Spikes
|
|upkeep
|turn|21
|
|t:|1760843642
|move|p1a: Blissey|Heal Bell|p1a: Blissey
|-activate|p1a: Blissey|move: Heal Bell
|-curestatus|p1: Zamazenta|brn|[msg]
|-prepare|p2a: Slowking|Chilly Reception|[premajor]
|cant|p2a: Slowking|par
|
|upkeep
|turn|22
|
|t:|1760843649
|switch|p1a: Corviknight|Corviknight, M|83/100
|-ability|p1a: Corviknight|Pressure
|-prepare|p2a: Slowking|Chilly Reception|[premajor]
|move|p2a: Slowking|Chilly Reception|p2a: Slowking
|-weather|Snowscape
|
|t:|1760843659
|switch|p2a: Moltres|Moltres|87/100|[from] Chilly Reception
|
|-weather|Snowscape|[upkeep]
|upkeep
|turn|23
|
|t:|1760843665
|switch|p1a: Alomomola|Alomomola, F|100/100
|move|p2a: Moltres|Flamethrower|p1a: Alomomola
|-resisted|p1a: Alomomola
|-damage|p1a: Alomomola|84/100
|
|-weather|Snowscape|[upkeep]
|upkeep
|turn|24
|
|t:|1760843676
|move|p2a: Moltres|U-turn|p1a: Alomomola
|-damage|p1a: Alomomola|75/100
|
|t:|1760843683
|switch|p2a: Gholdengo|Gholdengo|100/100|[from] U-turn
|move|p1a: Alomomola|Scald|p2a: Gholdengo
|-damage|p2a: Gholdengo|85/100
|
|-weather|Snowscape|[upkeep]
|upkeep
|turn|25
|
|t:|1760843690
|switch|p1a: Blissey|Blissey, F|100/100
|move|p2a: Gholdengo|Trick|p1a: Blissey
|-activate|p2a: Gholdengo|move: Trick|[of] p1a: Blissey
|-item|p1a: Blissey|Choice Scarf|[from] move: Trick
|-item|p2a: Gholdengo|Heavy-Duty Boots|[from] move: Trick
|
|-weather|Snowscape|[upkeep]
|upkeep
|turn|26
|
|t:|1760843714
|switch|p2a: Slowking|Slowking-Galar, F|88/100 par
|switch|p1a: Corviknight|Corviknight, M|83/100
|-ability|p1a: Corviknight|Pressure
|
|-weather|none
|upkeep
|turn|27
|
|t:|1760843737
|move|p1a: Corviknight|Defog|p2a: Slowking
|-unboost|p2a: Slowking|evasion|1
|-sideend|p1: Outsider64|Toxic Spikes|[from] move: Defog|[of] p1a: Corviknight
|move|p2a: Slowking|Future Sight|p1a: Corviknight
|-start|p2a: Slowking|move: Future Sight
|
|upkeep
|turn|28
|
|t:|1760843742
|move|p1a: Corviknight|U-turn|p2a: Slowking
|-damage|p2a: Slowking|78/100 par
|
|t:|1760843750
|switch|p1a: Blissey|Blissey, F|100/100|[from] U-turn
|move|p2a: Slowking|Toxic Spikes|p1a: Blissey
|-sidestart|p1: Outsider64|move: Toxic Spikes
|
|upkeep
|turn|29
|
|t:|1760843756
|move|p1a: Blissey|Seismic Toss|p2a: Slowking
|-damage|p2a: Slowking|53/100 par
|-prepare|p2a: Slowking|Chilly Reception|[premajor]
|move|p2a: Slowking|Chilly Reception|p2a: Slowking
|-weather|Snowscape
|
|t:|1760843762
|switch|p2a: Gholdengo|Gholdengo|85/100|[from] Chilly Reception
|
|-weather|Snowscape|[upkeep]
|-end|p1a: Blissey|move: Future Sight
|-damage|p1a: Blissey|89/100
|upkeep
|turn|30
|
|t:|1760843769
|switch|p1a: Corviknight|Corviknight, M|83/100
|-ability|p1a: Corviknight|Pressure
|move|p2a: Gholdengo|Shadow Ball|p1a: Corviknight
|-damage|p1a: Corviknight|53/100
|
|-weather|Snowscape|[upkeep]
|upkeep
|turn|31
|
|t:|1760843780
|move|p2a: Gholdengo|Shadow Ball|p1a: Corviknight
|-damage|p1a: Corviknight|24/100
|move|p1a: Corviknight|Defog|p2a: Gholdengo
|-immune|p2a: Gholdengo|[from] ability: Good as Gold
|
|-weather|Snowscape|[upkeep]
|upkeep
|turn|32
|c|☆Outsider64|lol, forgot about that.
|
|t:|1760843800
|switch|p1a: Blissey|Blissey, F|89/100
|-status|p1a: Blissey|psn
|move|p2a: Gholdengo|Shadow Ball|p1a: Blissey
|-immune|p1a: Blissey
|
|-weather|Snowscape|[upkeep]
|-damage|p1a: Blissey|76/100 psn|[from] psn
|upkeep
|turn|33
|
|t:|1760843831
|move|p2a: Gholdengo|Shadow Ball|p1a: Blissey
|-immune|p1a: Blissey
|move|p1a: Blissey|Heal Bell|p1a: Blissey
|-activate|p1a: Blissey|move: Heal Bell
|-curestatus|p1a: Blissey|psn|[msg]
|
|-weather|none
|upkeep
|turn|34
|
|t:|1760843842
|move|p2a: Gholdengo|Shadow Ball|p1a: Blissey
|-immune|p1a: Blissey
|move|p1a: Blissey|Heal Bell||[still]
|-activate|p1a: Blissey|move: Heal Bell
|-fail|p1a: Blissey
|
|upkeep
|turn|35
|
|t:|1760843854
|switch|p1a: Corviknight|Corviknight, M|24/100
|-ability|p1a: Corviknight|Pressure
|move|p2a: Gholdengo|Shadow Ball|p1a: Corviknight
|-damage|p1a: Corviknight|0 fnt
|faint|p1a: Corviknight
|
|upkeep
|
|t:|1760843893
|switch|p1a: Zamazenta|Zamazenta|92/100
|-status|p1a: Zamazenta|psn
|turn|36
|l|☆clickx4money
|player|p2|
|j|☆clickx4money
|player|p2|clickx4money|170|
|
|t:|1760843947
|switch|p2a: Moltres|Moltres|87/100
|move|p1a: Zamazenta|Crunch|p2a: Moltres
|-damage|p2a: Moltres|72/100
|
|-heal|p1a: Zamazenta|98/100 psn|[from] item: Leftovers
|-damage|p1a: Zamazenta|86/100 psn|[from] psn
|upkeep
|turn|37
|
|t:|1760843963
|move|p1a: Zamazenta|Crunch|p2a: Moltres
|-damage|p2a: Moltres|57/100
|-unboost|p2a: Moltres|def|1
|move|p2a: Moltres|Flamethrower|p1a: Zamazenta
|-damage|p1a: Zamazenta|56/100 psn
|
|-heal|p1a: Zamazenta|62/100 psn|[from] item: Leftovers
|-damage|p1a: Zamazenta|50/100 psn|[from] psn
|upkeep
|turn|38
|
|t:|1760843971
|move|p1a: Zamazenta|Crunch|p2a: Moltres
|-damage|p2a: Moltres|37/100
|move|p2a: Moltres|Roost|p2a: Moltres
|-heal|p2a: Moltres|87/100
|-singleturn|p2a: Moltres|move: Roost
|
|-heal|p1a: Zamazenta|56/100 psn|[from] item: Leftovers
|-damage|p1a: Zamazenta|44/100 psn|[from] psn
|upkeep
|turn|39
|
|t:|1760843988
|move|p1a: Zamazenta|Crunch|p2a: Moltres
|-damage|p2a: Moltres|63/100
|-unboost|p2a: Moltres|def|1
|move|p2a: Moltres|Flamethrower|p1a: Zamazenta
|-damage|p1a: Zamazenta|16/100 psn
|
|-heal|p1a: Zamazenta|22/100 psn|[from] item: Leftovers
|-damage|p1a: Zamazenta|10/100 psn|[from] psn
|upkeep
|turn|40
|
|t:|1760843997
|move|p1a: Zamazenta|Crunch|p2a: Moltres
|-damage|p2a: Moltres|34/100
|move|p2a: Moltres|Roost|p2a: Moltres
|-heal|p2a: Moltres|84/100
|-singleturn|p2a: Moltres|move: Roost
|
|-heal|p1a: Zamazenta|16/100 psn|[from] item: Leftovers
|-damage|p1a: Zamazenta|3/100 psn|[from] psn
|upkeep
|turn|41
|
|t:|1760844006
|move|p1a: Zamazenta|Crunch|p2a: Moltres
|-damage|p2a: Moltres|55/100
|move|p2a: Moltres|Roost|p2a: Moltres
|-heal|p2a: Moltres|100/100
|-singleturn|p2a: Moltres|move: Roost
|
|-heal|p1a: Zamazenta|10/100 psn|[from] item: Leftovers
|-damage|p1a: Zamazenta|0 fnt|[from] psn
|faint|p1a: Zamazenta
|upkeep
|
|t:|1760844019
|switch|p1a: Latios|Latios, M|100/100
|turn|42
|
|t:|1760844041
|move|p1a: Latios|Luster Purge|p2a: Moltres
|-damage|p2a: Moltres|35/100
|-unboost|p2a: Moltres|spd|1
|move|p2a: Moltres|U-turn|p1a: Latios
|-supereffective|p1a: Latios
|-damage|p1a: Latios|60/100
|
|t:|1760844052
|switch|p2a: Gholdengo|Gholdengo|85/100|[from] U-turn
|
|upkeep
|turn|43
|
|t:|1760844060
|move|p1a: Latios|Draco Meteor|p2a: Gholdengo
|-resisted|p2a: Gholdengo
|-damage|p2a: Gholdengo|35/100
|-unboost|p1a: Latios|spa|2
|move|p2a: Gholdengo|Shadow Ball|p1a: Latios
|-supereffective|p1a: Latios
|-damage|p1a: Latios|0 fnt
|faint|p1a: Latios
|
|upkeep
|c|☆Outsider64|gg
|-message|Outsider64 forfeited.
|
|win|clickx4money
|raw|Outsider64's rating: 1200 &rarr; <strong>1172</strong><br />(-28 for losing)
|raw|clickx4money's rating: 1154 &rarr; <strong>1182</strong><br />(+28 for winning)
|l|☆Outsider64
|player|p1|
