|j|☆yaotaiwon
|j|☆FenixFyre04
|t:|1760793645
|gametype|singles
|player|p1|yaotaiwon|101|1331
|player|p2|FenixFyre04|steven|1320
|gen|9
|tier|[Gen 9] OU
|rated|
|rule|HP Percentage Mod: HP is shown in percentages
|rule|Endless Battle Clause: Forcing endless battles is banned
|rule|Species Clause: Limit one of each Pokémon
|rule|OHKO Clause: OHKO moves are banned
|rule|Evasion Items Clause: Evasion items are banned
|rule|Evasion Moves Clause: Evasion moves are banned
|rule|Evasion Abilities Clause: Evasion abilities are banned
|rule|Sleep Moves Clause: Sleep-inducing moves are banned
|clearpoke
|poke|p1|Forretress, M|
|poke|p1|Kingambit, F|
|poke|p1|Hatterene, F|
|poke|p1|Ursaluna, F|
|poke|p1|Cresselia, F|
|poke|p1|Iron Hands|
|poke|p2|Hatterene, F|
|poke|p2|Hoopa-Unbound|
|poke|p2|Gholdengo|
|poke|p2|Slowking, F|
|poke|p2|Crabominable, F|
|poke|p2|Gallade, M|
|teampreview
|inactive|Battle timer is ON: inactive players will automatically lose when time's up. (requested by FenixFyre04)
|
|t:|1760793656
|teamsize|p1|6
|teamsize|p2|6
|start
|switch|p1a: Iron Hands|Iron Hands|100/100
|switch|p2a: Gallade|Gallade, M|100/100
|turn|1
|
|t:|1760793666
|-end|p1a: Iron Hands|Quark Drive|[silent]
|switch|p1a: Forretress|Forretress, M|100/100
|move|p2a: Gallade|Psycho Cut|p1a: Forretress
|-resisted|p1a: Forretress
|-damage|p1a: Forretress|82/100
|
|-heal|p1a: Forretress|88/100|[from] item: Leftovers
|upkeep
|turn|2
|
|t:|1760793673
|move|p2a: Gallade|Swords Dance|p2a: Gallade
|-boost|p2a: Gallade|atk|2
|move|p1a: Forretress|Body Press|p2a: Gallade
|-resisted|p2a: Gallade
|-damage|p2a: Gallade|79/100
|
|-heal|p1a: Forretress|95/100|[from] item: Leftovers
|upkeep
|turn|3
|
|t:|1760793679
|move|p2a: Gallade|Swords Dance|p2a: Gallade
|-boost|p2a: Gallade|atk|2
|move|p1a: Forretress|Stealth Rock|p2a: Gallade
|-sidestart|p2: FenixFyre04|move: Stealth Rock
|
|-heal|p1a: Forretress|100/100|[from] item: Leftovers
|upkeep
|turn|4
|
|t:|1760793682
|move|p2a: Gallade|Sacred Sword|p1a: Forretress
|-ability|p1a: Forretress|Sturdy
|-damage|p1a: Forretress|1/100
|move|p1a: Forretress|Body Press|p2a: Gallade
|-resisted|p2a: Gallade
|-crit|p2a: Gallade
|-damage|p2a: Gallade|42/100
|
|-heal|p1a: Forretress|7/100|[from] item: Leftovers
|upkeep
|turn|5
|
|t:|1760793687
|move|p2a: Gallade|Sacred Sword|p1a: Forretress
|-damage|p1a: Forretress|0 fnt
|faint|p1a: Forretress
|
|upkeep
|
|t:|1760793690
|switch|p1a: Kingambit|Kingambit, F|100/100
|-activate|p1a: Kingambit|ability: Supreme Overlord
|-start|p1a: Kingambit|fallen1|[silent]
|turn|6
|
|t:|1760793693
|move|p1a: Kingambit|Sucker Punch|p2a: Gallade
|-damage|p2a: Gallade|0 fnt
|faint|p2a: Gallade
|
|upkeep
|
|t:|1760793715
|switch|p2a: Crabominable|Crabominable, F|100/100
|-damage|p2a: Crabominable|88/100|[from] Stealth Rock
|turn|7
|
|t:|1760793729
|-end|p1a: Kingambit|fallen1|[silent]
|switch|p1a: Hatterene|Hatterene, F|100/100
|move|p2a: Crabominable|Earthquake|p1a: Hatterene
|-damage|p1a: Hatterene|43/100
|
|-heal|p1a: Hatterene|49/100|[from] item: Leftovers
|upkeep
|turn|8
|
|t:|1760793733
|move|p1a: Hatterene|Mystical Fire|p2a: Crabominable
|-supereffective|p2a: Crabominable
|-damage|p2a: Crabominable|37/100
|-unboost|p2a: Crabominable|spa|1
|move|p2a: Crabominable|Earthquake|p1a: Hatterene
|-damage|p1a: Hatterene|0 fnt
|faint|p1a: Hatterene
|
|upkeep
|
|t:|1760793742
|switch|p1a: Kingambit|Kingambit, F|100/100
|-activate|p1a: Kingambit|ability: Supreme Overlord
|-start|p1a: Kingambit|fallen2|[silent]
|turn|9
|
|t:|1760793751
|switch|p2a: Slowking|Slowking, F|100/100
|move|p1a: Kingambit|Iron Head|p2a: Slowking
|-resisted|p2a: Slowking
|-damage|p2a: Slowking|80/100
|
|upkeep
|turn|10
|
|t:|1760793764
|-terastallize|p2a: Slowking|Dark
|move|p1a: Kingambit|Kowtow Cleave|p2a: Slowking
|-resisted|p2a: Slowking
|-damage|p2a: Slowking|57/100
|move|p2a: Slowking|Trick Room|p2a: Slowking
|-fieldstart|move: Trick Room|[of] p2a: Slowking
|
|upkeep
|turn|11
|
|t:|1760793776
|move|p2a: Slowking|Scald|p1a: Kingambit
|-damage|p1a: Kingambit|75/100
|move|p1a: Kingambit|Low Kick|p2a: Slowking
|-supereffective|p2a: Slowking
|-damage|p2a: Slowking|1/100
|
|upkeep
|turn|12
|
|t:|1760793786
|move|p1a: Kingambit|Sucker Punch||[still]
|-fail|p1a: Kingambit
|-prepare|p2a: Slowking|Chilly Reception|[premajor]
|move|p2a: Slowking|Chilly Reception|p2a: Slowking
|-weather|Snowscape
|
|t:|1760793791
|switch|p2a: Crabominable|Crabominable, F|37/100|[from] Chilly Reception
|-damage|p2a: Crabominable|25/100|[from] Stealth Rock
|
|-weather|Snowscape|[upkeep]
|upkeep
|turn|13
|
|t:|1760793796
|-end|p1a: Kingambit|fallen2|[silent]
|switch|p1a: Iron Hands|Iron Hands|100/100
|move|p2a: Crabominable|Close Combat|p1a: Iron Hands
|-damage|p1a: Iron Hands|30/100
|-unboost|p2a: Crabominable|def|1
|-unboost|p2a: Crabominable|spd|1
|
|-weather|Snowscape|[upkeep]
|upkeep
|turn|14
|
|t:|1760793799
|move|p2a: Crabominable|Close Combat|p1a: Iron Hands
|-damage|p1a: Iron Hands|0 fnt
|-unboost|p2a: Crabominable|def|1
|-unboost|p2a: Crabominable|spd|1
|faint|p1a: Iron Hands
|-end|p1a: Iron Hands|Quark Drive|[silent]
|
|-weather|Snowscape|[upkeep]
|-fieldend|move: Trick Room
|upkeep
|
|t:|1760793802
|switch|p1a: Kingambit|Kingambit, F|75/100
|-activate|p1a: Kingambit|ability: Supreme Overlord
|-start|p1a: Kingambit|fallen3|[silent]
|turn|15
|
|t:|1760793804
|move|p1a: Kingambit|Kowtow Cleave|p2a: Crabominable
|-resisted|p2a: Crabominable
|-damage|p2a: Crabominable|0 fnt
|faint|p2a: Crabominable
|
|-weather|Snowscape|[upkeep]
|upkeep
|
|t:|1760793819
|switch|p2a: Slowking|Slowking, F, tera:Dark|34/100
|turn|16
|
|t:|1760793827
|switch|p2a: Gholdengo|Gholdengo|100/100
|-damage|p2a: Gholdengo|94/100|[from] Stealth Rock
|move|p1a: Kingambit|Iron Head|p2a: Gholdengo
|-resisted|p2a: Gholdengo
|-damage|p2a: Gholdengo|63/100
|
|-weather|none
|upkeep
|turn|17
|
|t:|1760793839
|move|p2a: Gholdengo|Make It Rain|p1a: Kingambit
|-resisted|p1a: Kingambit
|-damage|p1a: Kingambit|31/100
|-unboost|p2a: Gholdengo|spa|1
|move|p1a: Kingambit|Kowtow Cleave|p2a: Gholdengo
|-supereffective|p2a: Gholdengo
|-damage|p2a: Gholdengo|0 fnt
|faint|p2a: Gholdengo
|
|upkeep
|
|t:|1760793855
|switch|p2a: Hoopa|Hoopa-Unbound|100/100
|-damage|p2a: Hoopa|88/100|[from] Stealth Rock
|turn|18
|
|t:|1760793864
|move|p1a: Kingambit|Sucker Punch|p2a: Hoopa
|-damage|p2a: Hoopa|14/100
|move|p2a: Hoopa|Dark Pulse|p1a: Kingambit
|-resisted|p1a: Kingambit
|-damage|p1a: Kingambit|0 fnt
|faint|p1a: Kingambit
|-end|p1a: Kingambit|fallen3|[silent]
|
|upkeep
|
|t:|1760793875
|switch|p1a: Ursaluna|Ursaluna, F|100/100
|turn|19
|
|t:|1760793881
|move|p2a: Hoopa|Dark Pulse|p1a: Ursaluna
|-damage|p1a: Ursaluna|31/100
|move|p1a: Ursaluna|Facade|p2a: Hoopa
|-damage|p2a: Hoopa|0 fnt
|faint|p2a: Hoopa
|
|-status|p1a: Ursaluna|brn|[from] item: Flame Orb
|upkeep
|
|t:|1760793897
|switch|p2a: Slowking|Slowking, F, tera:Dark|68/100
|turn|20
|inactive|FenixFyre04 has 120 seconds left.
|
|t:|1760793951
|switch|p2a: Hatterene|Hatterene, F|100/100
|-damage|p2a: Hatterene|88/100|[from] Stealth Rock
|move|p1a: Ursaluna|Facade|p2a: Hatterene
|-damage|p2a: Hatterene|0 fnt
|faint|p2a: Hatterene
|
|-damage|p1a: Ursaluna|25/100 brn|[from] brn
|upkeep
|
|t:|1760793957
|switch|p2a: Slowking|Slowking, F, tera:Dark|100/100
|turn|21
|
|t:|1760793960
|move|p1a: Ursaluna|Close Combat|p2a: Slowking
|-supereffective|p2a: Slowking
|-damage|p2a: Slowking|0 fnt
|-unboost|p1a: Ursaluna|def|1
|-unboost|p1a: Ursaluna|spd|1
|faint|p2a: Slowking
|
|win|yaotaiwon
|raw|yaotaiwon's rating: 1331 &rarr; <strong>1350</strong><br />(+19 for winning)
|raw|FenixFyre04's rating: 1320 &rarr; <strong>1301</strong><br />(-19 for losing)
|l|☆FenixFyre04
|player|p2|
|l|☆yaotaiwon
|player|p1|
