|j|☆Kiviruweinau
|j|☆SvgNight235
|t:|1760852000
|gametype|singles
|player|p1|Kiviruweinau|roughneck|1152
|player|p2|SvgNight235|lucas-gen4pt|1190
|gen|9
|tier|[Gen 9] OU
|rated|
|rule|HP Percentage Mod: HP is shown in percentages
|rule|Endless Battle Clause: Forcing endless battles is banned
|rule|Species Clause: Limit one of each Pokémon
|rule|OHKO Clause: OHKO moves are banned
|rule|Evasion Items Clause: Evasion items are banned
|rule|Evasion Moves Clause: Evasion moves are banned
|rule|Evasion Abilities Clause: Evasion abilities are banned
|rule|Sleep Moves Clause: Sleep-inducing moves are banned
|clearpoke
|poke|p1|Darkrai|
|poke|p1|Hatterene, F|
|poke|p1|Landorus-Therian, M|
|poke|p1|Conkeldurr, M|
|poke|p1|Volcanion|
|poke|p1|Great Tusk|
|poke|p2|Empoleon, M|
|poke|p2|Zoroark-Hisui, M|
|poke|p2|Hydreigon, M|
|poke|p2|Excadrill, M|
|poke|p2|Gliscor, M|
|poke|p2|Samurott-Hisui, M|
|teampreview
|
|t:|1760852028
|teamsize|p1|6
|teamsize|p2|6
|start
|switch|p1a: Conkeldurr|Conkeldurr, M|100/100
|switch|p2a: Emperor|Empoleon, M, shiny|100/100
|turn|1
|
|t:|1760852049
|switch|p2a: Gliscor|Gliscor, M|100/100
|move|p1a: Conkeldurr|Thunder Punch|p2a: Gliscor
|-immune|p2a: Gliscor
|
|-status|p2a: Gliscor|tox|[from] item: Toxic Orb
|-status|p1a: Conkeldurr|brn|[from] item: Flame Orb
|upkeep
|turn|2
|
|t:|1760852058
|move|p2a: Gliscor|Earthquake|p1a: Conkeldurr
|-damage|p1a: Conkeldurr|74/100 brn
|move|p1a: Conkeldurr|Ice Punch|p2a: Gliscor
|-supereffective|p2a: Gliscor
|-damage|p2a: Gliscor|0 fnt
|faint|p2a: Gliscor
|
|-damage|p1a: Conkeldurr|68/100 brn|[from] brn
|upkeep
|
|t:|1760852080
|switch|p2a: Emperor|Empoleon, M, shiny|100/100
|turn|3
|
|t:|1760852103
|move|p2a: Emperor|Protect|p2a: Emperor
|-singleturn|p2a: Emperor|Protect
|move|p1a: Conkeldurr|Drain Punch|p2a: Emperor
|-activate|p2a: Emperor|move: Protect
|
|-damage|p1a: Conkeldurr|62/100 brn|[from] brn
|upkeep
|turn|4
|
|t:|1760852132
|-terastallize|p2a: Emperor|Fairy
|move|p1a: Conkeldurr|Drain Punch|p2a: Emperor
|-resisted|p2a: Emperor
|-damage|p2a: Emperor|75/100
|-heal|p1a: Conkeldurr|73/100 brn|[from] drain|[of] p2a: Emperor
|move|p2a: Emperor|Roar|p1a: Conkeldurr
|drag|p1a: Volcanion|Volcanion|100/100
|
|-heal|p2a: Emperor|82/100|[from] item: Leftovers
|upkeep
|turn|5
|
|t:|1760852162
|move|p1a: Volcanion|Sludge Wave|p2a: Emperor
|-supereffective|p2a: Emperor
|-damage|p2a: Emperor|0 fnt
|faint|p2a: Emperor
|
|upkeep
|
|t:|1760852173
|switch|p2a: Samurott|Samurott-Hisui, M, shiny|100/100
|turn|6
|
|t:|1760852183
|switch|p1a: Conkeldurr|Conkeldurr, M|73/100 brn
|move|p2a: Samurott|Ceaseless Edge|p1a: Conkeldurr
|-resisted|p1a: Conkeldurr
|-damage|p1a: Conkeldurr|54/100 brn
|-sidestart|p1: Kiviruweinau|Spikes
|
|-damage|p1a: Conkeldurr|48/100 brn|[from] brn
|upkeep
|turn|7
|
|t:|1760852195
|switch|p2a: Hydreigon|Hydreigon, M, shiny|100/100
|move|p1a: Conkeldurr|Thunder Punch|p2a: Hydreigon
|-damage|p2a: Hydreigon|6/100
|replace|p2a: Zoroark|Zoroark-Hisui, M
|-end|p2a: Zoroark|Illusion
|
|-damage|p1a: Conkeldurr|42/100 brn|[from] brn
|upkeep
|turn|8
|
|t:|1760852206
|switch|p1a: Hatterene|Hatterene, F|100/100
|-damage|p1a: Hatterene|88/100|[from] Spikes
|move|p2a: Zoroark|Bitter Malice|p1a: Hatterene
|-supereffective|p1a: Hatterene
|-damage|p1a: Hatterene|21/100
|-unboost|p1a: Hatterene|atk|1
|
|upkeep
|turn|9
|
|t:|1760852216
|move|p2a: Zoroark|Bitter Malice|p1a: Hatterene
|-supereffective|p1a: Hatterene
|-damage|p1a: Hatterene|0 fnt
|faint|p1a: Hatterene
|
|upkeep
|
|t:|1760852223
|switch|p1a: Landorus|Landorus-Therian, M|100/100
|-ability|p1a: Landorus|Intimidate|boost
|-unboost|p2a: Zoroark|atk|1
|turn|10
|
|t:|1760852229
|move|p1a: Landorus|U-turn|p2a: Zoroark
|-resisted|p2a: Zoroark
|-damage|p2a: Zoroark|0 fnt
|faint|p2a: Zoroark
|
|t:|1760852237
|switch|p1a: Volcanion|Volcanion|100/100|[from] U-turn
|-damage|p1a: Volcanion|88/100|[from] Spikes
|
|upkeep
|
|t:|1760852247
|switch|p2a: Hydreigon|Hydreigon, M, shiny|100/100
|turn|11
|
|t:|1760852253
|move|p2a: Hydreigon|Nasty Plot|p2a: Hydreigon
|-boost|p2a: Hydreigon|spa|2
|move|p1a: Volcanion|Steam Eruption|p2a: Hydreigon
|-resisted|p2a: Hydreigon
|-damage|p2a: Hydreigon|45/100
|-status|p2a: Hydreigon|brn
|
|-heal|p2a: Hydreigon|51/100 brn|[from] item: Leftovers
|-damage|p2a: Hydreigon|45/100 brn|[from] brn
|upkeep
|turn|12
|
|t:|1760852263
|move|p2a: Hydreigon|Earth Power|p1a: Volcanion
|-supereffective|p1a: Volcanion
|-damage|p1a: Volcanion|0 fnt
|faint|p1a: Volcanion
|
|-heal|p2a: Hydreigon|51/100 brn|[from] item: Leftovers
|-damage|p2a: Hydreigon|45/100 brn|[from] brn
|upkeep
|
|t:|1760852270
|switch|p1a: Conkeldurr|Conkeldurr, M|42/100 brn
|-damage|p1a: Conkeldurr|29/100 brn|[from] Spikes
|turn|13
|
|t:|1760852274
|move|p1a: Conkeldurr|Mach Punch|p2a: Hydreigon
|-supereffective|p2a: Hydreigon
|-damage|p2a: Hydreigon|0 fnt
|faint|p2a: Hydreigon
|
|-damage|p1a: Conkeldurr|23/100 brn|[from] brn
|upkeep
|
|t:|1760852282
|switch|p2a: Excadrill|Excadrill, M, shiny|100/100
|-ability|p2a: Excadrill|Mold Breaker
|turn|14
|
|t:|1760852287
|move|p1a: Conkeldurr|Mach Punch|p2a: Excadrill
|-supereffective|p2a: Excadrill
|-damage|p2a: Excadrill|0 fnt
|faint|p2a: Excadrill
|
|-damage|p1a: Conkeldurr|17/100 brn|[from] brn
|upkeep
|-message|SvgNight235 forfeited.
|
|win|Kiviruweinau
|raw|Kiviruweinau's rating: 1152 &rarr; <strong>1180</strong><br />(+28 for winning)
|raw|SvgNight235's rating: 1190 &rarr; <strong>1162</strong><br />(-28 for losing)
|l|☆SvgNight235
|player|p2|
|l|☆Kiviruweinau
|player|p1|
