|j|☆bernartBF
|j|☆raaid 10
|t:|1760865552
|gametype|singles
|player|p1|bernartBF|byron|1093
|player|p2|raaid 10|unknown|1101
|gen|9
|tier|[Gen 9] OU
|rated|
|rule|HP Percentage Mod: HP is shown in percentages
|rule|Endless Battle Clause: Forcing endless battles is banned
|rule|Species Clause: Limit one of each Pokémon
|rule|OHKO Clause: OHKO moves are banned
|rule|Evasion Items Clause: Evasion items are banned
|rule|Evasion Moves Clause: Evasion moves are banned
|rule|Evasion Abilities Clause: Evasion abilities are banned
|rule|Sleep Moves Clause: Sleep-inducing moves are banned
|clearpoke
|poke|p1|Chesnaught, F|
|poke|p1|Darkrai|
|poke|p1|Slowbro, F|
|poke|p1|Meowscarada, M|
|poke|p1|Avalugg, F|
|poke|p1|Clodsire, M|
|poke|p2|Skeledirge, M|
|poke|p2|Clodsire, M|
|poke|p2|Rillaboom, F|
|poke|p2|Iron Hands|
|poke|p2|Samurott-Hisui, M|
|poke|p2|Scizor, F|
|teampreview
|inactive|Battle timer is ON: inactive players will automatically lose when time's up. (requested by bernartBF)
|
|t:|1760865570
|teamsize|p1|6
|teamsize|p2|6
|start
|switch|p1a: Chesnaught|Chesnaught, F|100/100
|switch|p2a: eloctrobrawn|Iron Hands|100/100
|turn|1
|
|t:|1760865580
|move|p1a: Chesnaught|Leech Seed|p2a: eloctrobrawn
|-start|p2a: eloctrobrawn|move: Leech Seed
|move|p2a: eloctrobrawn|Drain Punch|p1a: Chesnaught
|-damage|p1a: Chesnaught|73/100
|
|-heal|p1a: Chesnaught|79/100|[from] item: Leftovers
|-damage|p2a: eloctrobrawn|88/100|[from] Leech Seed|[of] p1a: Chesnaught
|-heal|p1a: Chesnaught|95/100|[silent]
|upkeep
|turn|2
|
|t:|1760865592
|-end|p2a: eloctrobrawn|Quark Drive|[silent]
|switch|p2a: pyrofear|Skeledirge, M|100/100
|move|p1a: Chesnaught|Spikes|p2a: pyrofear
|-sidestart|p2: raaid 10|Spikes
|
|-heal|p1a: Chesnaught|100/100|[from] item: Leftovers
|upkeep
|turn|3
|
|t:|1760865598
|switch|p1a: Clodsire|Clodsire, M|100/100
|move|p2a: pyrofear|Torch Song|p1a: Clodsire
|-damage|p1a: Clodsire|79/100
|-boost|p2a: pyrofear|spa|1
|
|upkeep
|turn|4
|
|t:|1760865611
|-terastallize|p2a: pyrofear|Fire
|move|p2a: pyrofear|Torch Song|p1a: Clodsire
|-damage|p1a: Clodsire|47/100
|-boost|p2a: pyrofear|spa|1
|move|p1a: Clodsire|Poison Jab|p2a: pyrofear
|-damage|p2a: pyrofear|82/100
|
|upkeep
|turn|5
|
|t:|1760865624
|move|p2a: pyrofear|Torch Song|p1a: Clodsire
|-damage|p1a: Clodsire|8/100
|-boost|p2a: pyrofear|spa|1
|move|p1a: Clodsire|Recover|p1a: Clodsire
|-heal|p1a: Clodsire|58/100
|
|upkeep
|turn|6
|
|t:|1760865633
|move|p2a: pyrofear|Torch Song|p1a: Clodsire
|-damage|p1a: Clodsire|15/100
|-boost|p2a: pyrofear|spa|1
|move|p1a: Clodsire|Recover|p1a: Clodsire
|-heal|p1a: Clodsire|65/100
|
|upkeep
|turn|7
|
|t:|1760865640
|move|p2a: pyrofear|Torch Song|p1a: Clodsire
|-damage|p1a: Clodsire|14/100
|-boost|p2a: pyrofear|spa|1
|move|p1a: Clodsire|Recover|p1a: Clodsire
|-heal|p1a: Clodsire|64/100
|
|upkeep
|turn|8
|
|t:|1760865656
|move|p2a: pyrofear|Torch Song|p1a: Clodsire
|-damage|p1a: Clodsire|10/100
|-boost|p2a: pyrofear|spa|1
|move|p1a: Clodsire|Recover|p1a: Clodsire
|-heal|p1a: Clodsire|60/100
|
|upkeep
|turn|9
|
|t:|1760865663
|move|p2a: pyrofear|Torch Song|p1a: Clodsire
|-damage|p1a: Clodsire|2/100
|move|p1a: Clodsire|Poison Jab|p2a: pyrofear
|-damage|p2a: pyrofear|63/100
|
|upkeep
|turn|10
|
|t:|1760865671
|move|p2a: pyrofear|Torch Song|p1a: Clodsire
|-damage|p1a: Clodsire|0 fnt
|faint|p1a: Clodsire
|
|upkeep
|
|t:|1760865697
|switch|p1a: Darkrai|Darkrai|100/100
|turn|11
|
|t:|1760865703
|move|p1a: Darkrai|Dark Pulse|p2a: pyrofear
|-damage|p2a: pyrofear|18/100
|move|p2a: pyrofear|Alluring Voice|p1a: Darkrai
|-supereffective|p1a: Darkrai
|-damage|p1a: Darkrai|0 fnt
|faint|p1a: Darkrai
|
|upkeep
|
|t:|1760865707
|switch|p1a: Meowscarada|Meowscarada, M|100/100
|turn|12
|
|t:|1760865728
|move|p1a: Meowscarada|Knock Off|p2a: pyrofear
|-start|p1a: Meowscarada|typechange|Dark|[from] ability: Protean
|-damage|p2a: pyrofear|0 fnt
|-enditem|p2a: pyrofear|Metronome|[from] move: Knock Off|[of] p1a: Meowscarada
|faint|p2a: pyrofear
|
|upkeep
|
|t:|1760865737
|switch|p2a: eloctrobrawn|Iron Hands|88/100
|-damage|p2a: eloctrobrawn|75/100|[from] Spikes
|turn|13
|
|t:|1760865744
|switch|p1a: Slowbro|Slowbro, F|100/100
|move|p2a: eloctrobrawn|Drain Punch|p1a: Slowbro
|-resisted|p1a: Slowbro
|-damage|p1a: Slowbro|88/100
|-heal|p2a: eloctrobrawn|80/100|[from] drain|[of] p1a: Slowbro
|
|upkeep
|turn|14
|
|t:|1760865753
|move|p2a: eloctrobrawn|Supercell Slam|p1a: Slowbro
|-supereffective|p1a: Slowbro
|-damage|p1a: Slowbro|18/100
|move|p1a: Slowbro|Scald|p2a: eloctrobrawn
|-damage|p2a: eloctrobrawn|57/100
|
|upkeep
|turn|15
|
|t:|1760865761
|switch|p1a: Avalugg|Avalugg, F|100/100
|move|p2a: eloctrobrawn|Supercell Slam|p1a: Avalugg
|-damage|p1a: Avalugg|74/100
|
|upkeep
|turn|16
|
|t:|1760865775
|-terastallize|p1a: Avalugg|Ghost
|move|p2a: eloctrobrawn|Drain Punch|p1a: Avalugg
|-immune|p1a: Avalugg
|move|p1a: Avalugg|Curse|p2a: eloctrobrawn
|-start|p2a: eloctrobrawn|Curse|[of] p1a: Avalugg
|-damage|p1a: Avalugg|24/100
|
|-damage|p2a: eloctrobrawn|32/100|[from] Curse
|upkeep
|turn|17
|
|t:|1760865795
|switch|p1a: Chesnaught|Chesnaught, F|100/100
|move|p2a: eloctrobrawn|Earthquake|p1a: Chesnaught
|-resisted|p1a: Chesnaught
|-damage|p1a: Chesnaught|87/100
|
|-heal|p1a: Chesnaught|93/100|[from] item: Leftovers
|-damage|p2a: eloctrobrawn|7/100|[from] Curse
|upkeep
|turn|18
|-activate|p2a: eloctrobrawn|item: Quick Claw
|
|t:|1760865804
|move|p1a: Chesnaught|Spiky Shield|p1a: Chesnaught
|-singleturn|p1a: Chesnaught|move: Protect
|move|p2a: eloctrobrawn|Body Press|p1a: Chesnaught
|-activate|p1a: Chesnaught|move: Protect
|-damage|p2a: eloctrobrawn|0 fnt|[from] Spiky Shield|[of] p1a: Chesnaught
|faint|p2a: eloctrobrawn
|-end|p2a: eloctrobrawn|Quark Drive|[silent]
|
|-heal|p1a: Chesnaught|99/100|[from] item: Leftovers
|upkeep
|
|t:|1760865815
|switch|p2a: geotox|Clodsire, M|100/100
|-damage|p2a: geotox|88/100|[from] Spikes
|turn|19
|
|t:|1760865823
|switch|p1a: Slowbro|Slowbro, F|51/100
|move|p2a: geotox|Poison Jab|p1a: Slowbro
|-damage|p1a: Slowbro|33/100
|
|-heal|p2a: geotox|94/100|[from] item: Black Sludge
|upkeep
|turn|20
|
|t:|1760865831
|move|p1a: Slowbro|Slack Off|p1a: Slowbro
|-heal|p1a: Slowbro|83/100
|move|p2a: geotox|Earthquake|p1a: Slowbro
|-damage|p1a: Slowbro|59/100
|
|-heal|p2a: geotox|100/100|[from] item: Black Sludge
|upkeep
|turn|21
|
|t:|1760865838
|move|p1a: Slowbro|Psychic Noise|p2a: geotox
|-supereffective|p2a: geotox
|-damage|p2a: geotox|63/100
|-start|p2a: geotox|move: Heal Block
|move|p2a: geotox|Poison Jab|p1a: Slowbro
|-damage|p1a: Slowbro|40/100
|-status|p1a: Slowbro|psn
|
|-damage|p1a: Slowbro|28/100 psn|[from] psn
|upkeep
|turn|22
|
|t:|1760865848
|move|p1a: Slowbro|Slack Off|p1a: Slowbro
|-heal|p1a: Slowbro|78/100 psn
|move|p2a: geotox|Poison Jab|p1a: Slowbro
|-damage|p1a: Slowbro|57/100 psn
|
|-damage|p1a: Slowbro|45/100 psn|[from] psn
|-end|p2a: geotox|move: Heal Block
|upkeep
|turn|23
|
|t:|1760865858
|move|p1a: Slowbro|Psychic Noise|p2a: geotox
|-supereffective|p2a: geotox
|-damage|p2a: geotox|23/100
|-start|p2a: geotox|move: Heal Block
|move|p2a: geotox|Poison Jab|p1a: Slowbro
|-damage|p1a: Slowbro|25/100 psn
|
|-damage|p1a: Slowbro|13/100 psn|[from] psn
|upkeep
|turn|24
|
|t:|1760865870
|move|p2a: geotox|Protect|p2a: geotox
|-singleturn|p2a: geotox|Protect
|move|p1a: Slowbro|Slack Off|p1a: Slowbro
|-heal|p1a: Slowbro|63/100 psn
|
|-damage|p1a: Slowbro|50/100 psn|[from] psn
|-end|p2a: geotox|move: Heal Block
|upkeep
|turn|25
|
|t:|1760865879
|switch|p1a: Avalugg|Avalugg, F, tera:Ghost|24/100
|move|p2a: geotox|Recover|p2a: geotox
|-heal|p2a: geotox|73/100
|
|-heal|p2a: geotox|79/100|[from] item: Black Sludge
|upkeep
|turn|26
|
|t:|1760865888
|move|p2a: geotox|Protect|p2a: geotox
|-singleturn|p2a: geotox|Protect
|move|p1a: Avalugg|Recover|p1a: Avalugg
|-heal|p1a: Avalugg|74/100
|
|-heal|p2a: geotox|85/100|[from] item: Black Sludge
|upkeep
|turn|27
|
|t:|1760865895
|switch|p1a: Slowbro|Slowbro, F|83/100 psn
|move|p2a: geotox|Earthquake|p1a: Slowbro
|-damage|p1a: Slowbro|59/100 psn
|
|-heal|p2a: geotox|92/100|[from] item: Black Sludge
|-damage|p1a: Slowbro|46/100 psn|[from] psn
|upkeep
|turn|28
|
|t:|1760865902
|move|p1a: Slowbro|Future Sight|p2a: geotox
|-start|p1a: Slowbro|move: Future Sight
|move|p2a: geotox|Poison Jab|p1a: Slowbro
|-damage|p1a: Slowbro|29/100 psn
|
|-heal|p2a: geotox|98/100|[from] item: Black Sludge
|-damage|p1a: Slowbro|16/100 psn|[from] psn
|upkeep
|turn|29
|
|t:|1760865910
|switch|p1a: Avalugg|Avalugg, F, tera:Ghost|74/100
|move|p2a: geotox|Poison Jab|p1a: Avalugg
|-resisted|p1a: Avalugg
|-damage|p1a: Avalugg|67/100
|
|-heal|p2a: geotox|100/100|[from] item: Black Sludge
|upkeep
|turn|30
|
|t:|1760865922
|switch|p2a: nightstreem|Samurott-Hisui, M|100/100
|-damage|p2a: nightstreem|88/100|[from] Spikes
|move|p1a: Avalugg|Recover|p1a: Avalugg
|-heal|p1a: Avalugg|100/100
|
|-end|p2a: nightstreem|move: Future Sight
|-immune|p2a: nightstreem
|upkeep
|turn|31
|
|t:|1760865932
|switch|p1a: Chesnaught|Chesnaught, F|99/100
|move|p2a: nightstreem|Ceaseless Edge|p1a: Chesnaught
|-resisted|p1a: Chesnaught
|-damage|p1a: Chesnaught|84/100
|-sidestart|p1: bernartBF|Spikes
|
|-heal|p1a: Chesnaught|90/100|[from] item: Leftovers
|upkeep
|turn|32
|
|t:|1760865941
|move|p2a: nightstreem|Flip Turn|p1a: Chesnaught
|-resisted|p1a: Chesnaught
|-damage|p1a: Chesnaught|82/100
|
|t:|1760865945
|switch|p2a: forgsawrm|Scizor, F|100/100|[from] Flip Turn
|-damage|p2a: forgsawrm|88/100|[from] Spikes
|move|p1a: Chesnaught|Spikes|p2a: forgsawrm
|-sidestart|p2: raaid 10|Spikes
|
|-heal|p1a: Chesnaught|88/100|[from] item: Leftovers
|upkeep
|turn|33
|
|t:|1760865954
|move|p1a: Chesnaught|Spiky Shield|p1a: Chesnaught
|-singleturn|p1a: Chesnaught|move: Protect
|move|p2a: forgsawrm|Bullet Punch|p1a: Chesnaught
|-activate|p1a: Chesnaught|move: Protect
|-damage|p2a: forgsawrm|75/100|[from] Spiky Shield|[of] p1a: Chesnaught
|
|-heal|p1a: Chesnaught|94/100|[from] item: Leftovers
|upkeep
|turn|34
|
|t:|1760865962
|move|p2a: forgsawrm|Bullet Punch|p1a: Chesnaught
|-damage|p1a: Chesnaught|61/100
|move|p1a: Chesnaught|Drain Punch|p2a: forgsawrm
|-damage|p2a: forgsawrm|45/100
|-heal|p1a: Chesnaught|75/100|[from] drain|[of] p2a: forgsawrm
|
|-heal|p1a: Chesnaught|81/100|[from] item: Leftovers
|upkeep
|turn|35
|
|t:|1760865970
|move|p2a: forgsawrm|Bullet Punch|p1a: Chesnaught
|-crit|p1a: Chesnaught
|-damage|p1a: Chesnaught|27/100
|move|p1a: Chesnaught|Drain Punch|p2a: forgsawrm
|-damage|p2a: forgsawrm|11/100
|-heal|p1a: Chesnaught|43/100|[from] drain|[of] p2a: forgsawrm
|
|-heal|p1a: Chesnaught|49/100|[from] item: Leftovers
|upkeep
|turn|36
|
|t:|1760865978
|move|p1a: Chesnaught|Spiky Shield|p1a: Chesnaught
|-singleturn|p1a: Chesnaught|move: Protect
|move|p2a: forgsawrm|Bullet Punch|p1a: Chesnaught
|-activate|p1a: Chesnaught|move: Protect
|-damage|p2a: forgsawrm|0 fnt|[from] Spiky Shield|[of] p1a: Chesnaught
|faint|p2a: forgsawrm
|
|-heal|p1a: Chesnaught|55/100|[from] item: Leftovers
|upkeep
|-message|raaid 10 forfeited.
|
|win|bernartBF
|raw|bernartBF's rating: 1093 &rarr; <strong>1120</strong><br />(+27 for winning)
|raw|raaid 10's rating: 1101 &rarr; <strong>1075</strong><br />(-26 for losing)
|l|☆raaid 10
|player|p2|
|l|☆bernartBF
|player|p1|
