|j|☆inthestation2
|j|☆Pengerson
|t:|1760821239
|gametype|singles
|player|p1|inthestation2|pokemonbreeder|1215
|player|p2|Pengerson|gambler|1202
|gen|9
|tier|[Gen 9] OU
|rated|
|rule|HP Percentage Mod: HP is shown in percentages
|rule|Endless Battle Clause: Forcing endless battles is banned
|rule|Species Clause: Limit one of each Pokémon
|rule|OHKO Clause: OHKO moves are banned
|rule|Evasion Items Clause: Evasion items are banned
|rule|Evasion Moves Clause: Evasion moves are banned
|rule|Evasion Abilities Clause: Evasion abilities are banned
|rule|Sleep Moves Clause: Sleep-inducing moves are banned
|clearpoke
|poke|p1|Mamoswine, F|
|poke|p1|Zamazenta-*|
|poke|p1|Kyurem|
|poke|p1|Dragonite, M|
|poke|p1|Iron Valiant|
|poke|p1|Ogerpon-Wellspring, F|
|poke|p2|Shaymin|
|poke|p2|Kingambit, M|
|poke|p2|Heracross, M|
|poke|p2|Infernape, M|
|poke|p2|Darkrai|
|poke|p2|Gholdengo|
|teampreview
|inactive|Battle timer is ON: inactive players will automatically lose when time's up. (requested by inthestation2)
|
|t:|1760821270
|teamsize|p1|6
|teamsize|p2|6
|start
|switch|p1a: Mamoswine|Mamoswine, F|100/100
|switch|p2a: Infernape|Infernape, M|100/100
|turn|1
|
|t:|1760821276
|move|p2a: Infernape|Flare Blitz|p1a: Mamoswine
|-supereffective|p1a: Mamoswine
|-damage|p1a: Mamoswine|14/100
|-damage|p2a: Infernape|65/100|[from] Recoil
|move|p1a: Mamoswine|Earthquake|p2a: Infernape
|-supereffective|p2a: Infernape
|-damage|p2a: Infernape|0 fnt
|faint|p2a: Infernape
|
|upkeep
|
|t:|1760821286
|switch|p2a: Darkrai|Darkrai, shiny|100/100
|turn|2
|
|t:|1760821288
|move|p2a: Darkrai|Nasty Plot|p2a: Darkrai
|-boost|p2a: Darkrai|spa|2
|move|p1a: Mamoswine|Endeavor|p2a: Darkrai
|-damage|p2a: Darkrai|17/100
|
|upkeep
|turn|3
|
|t:|1760821293
|move|p1a: Mamoswine|Ice Shard|p2a: Darkrai
|-crit|p2a: Darkrai
|-damage|p2a: Darkrai|0 fnt
|faint|p2a: Darkrai
|
|upkeep
|
|t:|1760821297
|switch|p2a: Heracross|Heracross, M|100/100
|turn|4
|
|t:|1760821301
|move|p2a: Heracross|Knock Off|p1a: Mamoswine
|-damage|p1a: Mamoswine|0 fnt
|-enditem|p1a: Mamoswine|Focus Sash|[from] move: Knock Off|[of] p2a: Heracross
|faint|p1a: Mamoswine
|
|-status|p2a: Heracross|brn|[from] item: Flame Orb
|upkeep
|
|t:|1760821313
|switch|p1a: Iron Valiant|Iron Valiant|100/100
|-enditem|p1a: Iron Valiant|Booster Energy
|-activate|p1a: Iron Valiant|ability: Quark Drive|[fromitem]
|-start|p1a: Iron Valiant|quarkdrivespe
|turn|5
|
|t:|1760821323
|move|p1a: Iron Valiant|Encore|p2a: Heracross
|-start|p2a: Heracross|Encore
|move|p2a: Heracross|Knock Off|p1a: Iron Valiant
|-resisted|p1a: Iron Valiant
|-damage|p1a: Iron Valiant|90/100
|
|-damage|p2a: Heracross|95/100 brn|[from] brn
|upkeep
|turn|6
|
|t:|1760821335
|switch|p2a: Gholdengo|Gholdengo|100/100
|-item|p2a: Gholdengo|Air Balloon
|move|p1a: Iron Valiant|Calm Mind|p1a: Iron Valiant
|-boost|p1a: Iron Valiant|spa|1
|-boost|p1a: Iron Valiant|spd|1
|
|upkeep
|turn|7
|
|t:|1760821341
|move|p1a: Iron Valiant|Shadow Ball|p2a: Gholdengo
|-supereffective|p2a: Gholdengo
|-crit|p2a: Gholdengo
|-damage|p2a: Gholdengo|0 fnt
|-enditem|p2a: Gholdengo|Air Balloon
|faint|p2a: Gholdengo
|
|upkeep
|
|t:|1760821346
|switch|p2a: Shaymin|Shaymin, shiny|100/100
|turn|8
|
|t:|1760821350
|move|p1a: Iron Valiant|Moonblast|p2a: Shaymin
|-crit|p2a: Shaymin
|-damage|p2a: Shaymin|1/100
|-unboost|p2a: Shaymin|spa|1
|move|p2a: Shaymin|Air Slash|p1a: Iron Valiant
|-supereffective|p1a: Iron Valiant
|-damage|p1a: Iron Valiant|57/100
|
|-heal|p2a: Shaymin|7/100|[from] item: Leftovers
|upkeep
|turn|9
|
|t:|1760821354
|move|p1a: Iron Valiant|Moonblast|p2a: Shaymin
|-damage|p2a: Shaymin|0 fnt
|faint|p2a: Shaymin
|
|upkeep
|
|t:|1760821357
|switch|p2a: Heracross|Heracross, M|95/100 brn
|turn|10
|
|t:|1760821360
|-terastallize|p2a: Heracross|Rock
|move|p1a: Iron Valiant|Moonblast|p2a: Heracross
|-damage|p2a: Heracross|10/100 brn
|move|p2a: Heracross|Facade|p1a: Iron Valiant
|-damage|p1a: Iron Valiant|0 fnt
|faint|p1a: Iron Valiant
|-end|p1a: Iron Valiant|Quark Drive|[silent]
|
|-damage|p2a: Heracross|4/100 brn|[from] brn
|upkeep
|
|t:|1760821377
|switch|p1a: Zamazenta|Zamazenta|100/100
|-ability|p1a: Zamazenta|Dauntless Shield|boost
|-boost|p1a: Zamazenta|def|1
|turn|11
|
|t:|1760821393
|move|p1a: Zamazenta|Body Press|p2a: Heracross
|-supereffective|p2a: Heracross
|-damage|p2a: Heracross|0 fnt
|faint|p2a: Heracross
|
|upkeep
|
|t:|1760821394
|switch|p2a: Kingambit|Kingambit, M|100/100
|-activate|p2a: Kingambit|ability: Supreme Overlord
|-start|p2a: Kingambit|fallen5|[silent]
|turn|12
|
|t:|1760821400
|move|p1a: Zamazenta|Body Press|p2a: Kingambit
|-supereffective|p2a: Kingambit
|-damage|p2a: Kingambit|0 fnt
|faint|p2a: Kingambit
|-end|p2a: Kingambit|fallen5|[silent]
|
|win|inthestation2
|raw|inthestation2's rating: 1215 &rarr; <strong>1239</strong><br />(+24 for winning)
|raw|Pengerson's rating: 1202 &rarr; <strong>1178</strong><br />(-24 for losing)
|l|☆inthestation2
|player|p1|
|l|☆Pengerson
|player|p2|
