|j|☆lyeskoriche
|j|☆abc wil win
|t:|1760852114
|gametype|singles
|player|p1|lyeskoriche|bugcatcher-gen4dp|1265
|player|p2|abc wil win|bruno|1316
|gen|9
|tier|[Gen 9] OU
|rated|
|rule|HP Percentage Mod: HP is shown in percentages
|rule|Endless Battle Clause: Forcing endless battles is banned
|rule|Species Clause: Limit one of each Pokémon
|rule|OHKO Clause: OHKO moves are banned
|rule|Evasion Items Clause: Evasion items are banned
|rule|Evasion Moves Clause: Evasion moves are banned
|rule|Evasion Abilities Clause: Evasion abilities are banned
|rule|Sleep Moves Clause: Sleep-inducing moves are banned
|clearpoke
|poke|p1|Bronzong|
|poke|p1|Bellibolt, F|
|poke|p1|Slowbro-Galar, M|
|poke|p1|Rillaboom, M|
|poke|p1|Venomoth, M|
|poke|p1|Mandibuzz, F|
|poke|p2|Morpeko, M|
|poke|p2|Glimmora, M|
|poke|p2|Ceruledge, M|
|poke|p2|Dragonite, M|
|poke|p2|Rabsca, M|
|poke|p2|Deoxys-Defense|
|teampreview
|
|t:|1760852126
|teamsize|p1|6
|teamsize|p2|6
|start
|switch|p1a: Mandibuzz|Mandibuzz, F, shiny|100/100
|switch|p2a: Glimmora|Glimmora, M|100/100
|-item|p2a: Glimmora|Air Balloon
|turn|1
|
|t:|1760852131
|move|p2a: Glimmora|Stealth Rock|p1a: Mandibuzz
|-sidestart|p1: lyeskoriche|move: Stealth Rock
|move|p1a: Mandibuzz|Attract|p2a: Glimmora
|-start|p2a: Glimmora|Attract
|
|upkeep
|turn|2
|
|t:|1760852141
|-activate|p2a: Glimmora|move: Attract|[of] p1a: Mandibuzz
|move|p2a: Glimmora|Memento|p1a: Mandibuzz
|-unboost|p1a: Mandibuzz|atk|2
|-unboost|p1a: Mandibuzz|spa|2
|faint|p2a: Glimmora
|move|p1a: Mandibuzz|Nasty Plot|p1a: Mandibuzz
|-boost|p1a: Mandibuzz|spa|2
|
|upkeep
|
|t:|1760852149
|switch|p2a: Morpeko|Morpeko, M|100/100
|turn|3
|
|t:|1760852156
|-terastallize|p1a: Mandibuzz|Ground
|move|p2a: Morpeko|Aura Wheel|p1a: Mandibuzz
|-immune|p1a: Mandibuzz
|move|p1a: Mandibuzz|Attract|p2a: Morpeko
|-start|p2a: Morpeko|Attract
|
|-formechange|p2a: Morpeko|Morpeko-Hangry||[from] ability: Hunger Switch
|upkeep
|turn|4
|
|t:|1760852165
|-activate|p2a: Morpeko|move: Attract|[of] p1a: Mandibuzz
|cant|p2a: Morpeko|Attract
|move|p1a: Mandibuzz|Nasty Plot|p1a: Mandibuzz
|-boost|p1a: Mandibuzz|spa|2
|
|-formechange|p2a: Morpeko|Morpeko||[from] ability: Hunger Switch
|upkeep
|turn|5
|
|t:|1760852178
|switch|p2a: Deoxys|Deoxys-Defense|100/100
|-ability|p2a: Deoxys|Pressure
|move|p1a: Mandibuzz|Dark Pulse|p2a: Deoxys
|-supereffective|p2a: Deoxys
|-damage|p2a: Deoxys|0 fnt
|faint|p2a: Deoxys
|-damage|p1a: Mandibuzz|91/100|[from] item: Life Orb
|
|upkeep
|
|t:|1760852186
|switch|p2a: Dragonite|Dragonite, M|100/100
|turn|6
|
|t:|1760852190
|move|p2a: Dragonite|Dragon Dance|p2a: Dragonite
|-boost|p2a: Dragonite|atk|1
|-boost|p2a: Dragonite|spe|1
|move|p1a: Mandibuzz|Attract|p2a: Dragonite
|-start|p2a: Dragonite|Attract
|
|upkeep
|turn|7
|
|t:|1760852198
|-activate|p2a: Dragonite|move: Attract|[of] p1a: Mandibuzz
|cant|p2a: Dragonite|Attract
|move|p1a: Mandibuzz|Dark Pulse|p2a: Dragonite
|-damage|p2a: Dragonite|67/100
|-damage|p1a: Mandibuzz|81/100|[from] item: Life Orb
|
|-heal|p2a: Dragonite|73/100|[from] item: Leftovers
|upkeep
|turn|8
|
|t:|1760852205
|-activate|p2a: Dragonite|move: Attract|[of] p1a: Mandibuzz
|cant|p2a: Dragonite|Attract
|move|p1a: Mandibuzz|Dark Pulse|p2a: Dragonite
|-damage|p2a: Dragonite|0 fnt
|faint|p2a: Dragonite
|-damage|p1a: Mandibuzz|71/100|[from] item: Life Orb
|
|upkeep
|
|t:|1760852211
|switch|p2a: Morpeko|Morpeko, M|100/100
|turn|9
|
|t:|1760852216
|move|p2a: Morpeko|Protect|p2a: Morpeko
|-singleturn|p2a: Morpeko|Protect
|move|p1a: Mandibuzz|Attract|p2a: Morpeko
|-activate|p2a: Morpeko|move: Protect
|
|-formechange|p2a: Morpeko|Morpeko-Hangry||[from] ability: Hunger Switch
|upkeep
|turn|10
|
|t:|1760852220
|move|p2a: Morpeko|Aura Wheel|p1a: Mandibuzz
|-damage|p1a: Mandibuzz|29/100
|-boost|p2a: Morpeko|spe|1
|-ability|p1a: Mandibuzz|Weak Armor|boost
|-unboost|p1a: Mandibuzz|def|1
|-boost|p1a: Mandibuzz|spe|2
|move|p1a: Mandibuzz|Attract|p2a: Morpeko
|-start|p2a: Morpeko|Attract
|
|-formechange|p2a: Morpeko|Morpeko||[from] ability: Hunger Switch
|upkeep
|turn|11
|
|t:|1760852228
|-activate|p2a: Morpeko|move: Attract|[of] p1a: Mandibuzz
|move|p2a: Morpeko|Protect|p2a: Morpeko
|-singleturn|p2a: Morpeko|Protect
|move|p1a: Mandibuzz|Dark Pulse|p2a: Morpeko
|-activate|p2a: Morpeko|move: Protect
|
|-formechange|p2a: Morpeko|Morpeko-Hangry||[from] ability: Hunger Switch
|upkeep
|turn|12
|
|t:|1760852237
|move|p1a: Mandibuzz|Dark Pulse|p2a: Morpeko
|-resisted|p2a: Morpeko
|-damage|p2a: Morpeko|35/100
|-damage|p1a: Mandibuzz|19/100|[from] item: Life Orb
|-activate|p2a: Morpeko|move: Attract|[of] p1a: Mandibuzz
|cant|p2a: Morpeko|Attract
|
|-formechange|p2a: Morpeko|Morpeko||[from] ability: Hunger Switch
|upkeep
|turn|13
|
|t:|1760852247
|-activate|p2a: Morpeko|move: Attract|[of] p1a: Mandibuzz
|move|p2a: Morpeko|Protect|p2a: Morpeko
|-singleturn|p2a: Morpeko|Protect
|move|p1a: Mandibuzz|Nasty Plot|p1a: Mandibuzz
|-boost|p1a: Mandibuzz|spa|2
|
|-formechange|p2a: Morpeko|Morpeko-Hangry||[from] ability: Hunger Switch
|upkeep
|turn|14
|
|t:|1760852252
|move|p1a: Mandibuzz|Dark Pulse|p2a: Morpeko
|-resisted|p2a: Morpeko
|-damage|p2a: Morpeko|0 fnt
|faint|p2a: Morpeko
|-damage|p1a: Mandibuzz|9/100|[from] item: Life Orb
|
|upkeep
|
|t:|1760852260
|switch|p2a: Ceruledge|Ceruledge, M|100/100
|turn|15
|
|t:|1760852269
|move|p1a: Mandibuzz|Dark Pulse|p2a: Ceruledge
|-supereffective|p2a: Ceruledge
|-damage|p2a: Ceruledge|0 fnt
|faint|p2a: Ceruledge
|-damage|p1a: Mandibuzz|0 fnt|[from] item: Life Orb
|faint|p1a: Mandibuzz
|
|upkeep
|
|t:|1760852279
|switch|p2a: Rabsca|Rabsca, M|100/100
|switch|p1a: Venomoth|Venomoth, M|100/100
|-damage|p1a: Venomoth|76/100|[from] Stealth Rock
|turn|16
|
|t:|1760852288
|move|p1a: Venomoth|Quiver Dance|p1a: Venomoth
|-boost|p1a: Venomoth|spa|1
|-boost|p1a: Venomoth|spd|1
|-boost|p1a: Venomoth|spe|1
|move|p2a: Rabsca|Revival Blessing|p2a: Rabsca
|-enditem|p2a: Rabsca|Leppa Berry|[eat]
|-activate|p2a: Rabsca|item: Leppa Berry|Revival Blessing|[consumed]
|
|t:|1760852293
|-heal|p2: Morpeko|50/100|[from] move: Revival Blessing
|
|upkeep
|turn|17
|
|t:|1760852299
|move|p1a: Venomoth|Bug Buzz|p2a: Rabsca
|-supereffective|p2a: Rabsca
|-damage|p2a: Rabsca|7/100
|-enditem|p1a: Venomoth|Throat Spray
|-boost|p1a: Venomoth|spa|1|[from] item: Throat Spray
|move|p2a: Rabsca|Revival Blessing|p2a: Rabsca
|
|t:|1760852307
|-heal|p2: Glimmora|50/100|[from] move: Revival Blessing
|
|upkeep
|turn|18
|
|t:|1760852312
|move|p1a: Venomoth|Quiver Dance|p1a: Venomoth
|-boost|p1a: Venomoth|spa|1
|-boost|p1a: Venomoth|spd|1
|-boost|p1a: Venomoth|spe|1
|move|p2a: Rabsca|Recover|p2a: Rabsca
|-heal|p2a: Rabsca|57/100
|
|upkeep
|turn|19
|
|t:|1760852318
|move|p1a: Venomoth|Bug Buzz|p2a: Rabsca
|-supereffective|p2a: Rabsca
|-damage|p2a: Rabsca|0 fnt
|faint|p2a: Rabsca
|
|upkeep
|
|t:|1760852324
|switch|p2a: Glimmora|Glimmora, M|50/100
|-item|p2a: Glimmora|Air Balloon
|turn|20
|
|t:|1760852335
|move|p1a: Venomoth|Bug Buzz|p2a: Glimmora
|-resisted|p2a: Glimmora
|-damage|p2a: Glimmora|0 fnt
|-enditem|p2a: Glimmora|Air Balloon
|faint|p2a: Glimmora
|
|upkeep
|
|t:|1760852341
|switch|p2a: Morpeko|Morpeko, M|50/100
|turn|21
|c|☆abc wil win|gg
|
|t:|1760852347
|move|p1a: Venomoth|Bug Buzz|p2a: Morpeko
|-supereffective|p2a: Morpeko
|-damage|p2a: Morpeko|0 fnt
|faint|p2a: Morpeko
|
|win|lyeskoriche
|raw|lyeskoriche's rating: 1265 &rarr; <strong>1294</strong><br />(+29 for winning)
|raw|abc wil win's rating: 1316 &rarr; <strong>1293</strong><br />(-23 for losing)
|l|☆abc wil win
|player|p2|
|l|☆lyeskoriche
|player|p1|
