|j|☆fliesofthelord
|j|☆ditus99
|t:|1760863728
|gametype|singles
|player|p1|fliesofthelord|hiker|1050
|player|p2|ditus99|1|1060
|gen|9
|tier|[Gen 9] OU
|rated|
|rule|HP Percentage Mod: HP is shown in percentages
|rule|Endless Battle Clause: Forcing endless battles is banned
|rule|Species Clause: Limit one of each Pokémon
|rule|OHKO Clause: OHKO moves are banned
|rule|Evasion Items Clause: Evasion items are banned
|rule|Evasion Moves Clause: Evasion moves are banned
|rule|Evasion Abilities Clause: Evasion abilities are banned
|rule|Sleep Moves Clause: Sleep-inducing moves are banned
|clearpoke
|poke|p1|Pikachu-World, M|
|poke|p1|Garchomp, M|
|poke|p1|Hatterene, F|
|poke|p1|Talonflame, F|
|poke|p1|Kingambit, F|
|poke|p1|Incineroar, M|
|poke|p2|Dragapult, M|
|poke|p2|Garchomp, F|
|poke|p2|Goodra-Hisui, M|
|poke|p2|Dragonite, M|
|poke|p2|Hydreigon, F|
|poke|p2|Latios, M|
|teampreview
|inactive|Battle timer is ON: inactive players will automatically lose when time's up. (requested by fliesofthelord)
|
|t:|1760863742
|teamsize|p1|6
|teamsize|p2|6
|start
|switch|p1a: Talonflame|Talonflame, F|100/100
|switch|p2a: Garchomp|Garchomp, F|100/100
|turn|1
|
|t:|1760863750
|move|p1a: Talonflame|Tailwind|p1a: Talonflame
|-sidestart|p1: fliesofthelord|move: Tailwind
|move|p2a: Garchomp|Stealth Rock|p1a: Talonflame
|-sidestart|p1: fliesofthelord|move: Stealth Rock
|
|upkeep
|turn|2
|
|t:|1760863755
|move|p1a: Talonflame|Will-O-Wisp|p2a: Garchomp
|-status|p2a: Garchomp|brn
|move|p2a: Garchomp|Dragon Tail|p1a: Talonflame
|-damage|p1a: Talonflame|77/100
|drag|p1a: Kingambit|Kingambit, F|100/100
|-damage|p1a: Kingambit|94/100|[from] Stealth Rock
|
|-damage|p2a: Garchomp|94/100 brn|[from] brn
|upkeep
|turn|3
|
|t:|1760863771
|-end|p1a: Kingambit|fallenundefined|[silent]
|switch|p1a: Incineroar|Incineroar, M|100/100
|-ability|p1a: Incineroar|Intimidate|boost
|-unboost|p2a: Garchomp|atk|1
|move|p2a: Garchomp|Earthquake|p1a: Incineroar
|-supereffective|p1a: Incineroar
|-damage|p1a: Incineroar|66/100
|
|-damage|p2a: Garchomp|88/100 brn|[from] brn
|upkeep
|turn|4
|
|t:|1760863781
|move|p1a: Incineroar|Parting Shot|p2a: Garchomp
|-unboost|p2a: Garchomp|atk|1
|-unboost|p2a: Garchomp|spa|1
|
|t:|1760863783
|switch|p1a: Talonflame|Talonflame, F|77/100|[from] Parting Shot
|-damage|p1a: Talonflame|27/100|[from] Stealth Rock
|move|p2a: Garchomp|Dragon Tail|p1a: Talonflame
|-damage|p1a: Talonflame|16/100
|drag|p1a: Kingambit|Kingambit, F|94/100
|-damage|p1a: Kingambit|88/100|[from] Stealth Rock
|
|-damage|p2a: Garchomp|82/100 brn|[from] brn
|-sideend|p1: fliesofthelord|move: Tailwind
|upkeep
|turn|5
|
|t:|1760863797
|move|p1a: Kingambit|Sucker Punch|p2a: Garchomp
|-crit|p2a: Garchomp
|-damage|p2a: Garchomp|0 fnt
|-damage|p1a: Kingambit|76/100|[from] ability: Rough Skin|[of] p2a: Garchomp
|-damage|p1a: Kingambit|59/100|[from] item: Rocky Helmet|[of] p2a: Garchomp
|faint|p2a: Garchomp
|
|upkeep
|
|t:|1760863805
|switch|p2a: Dragonite|Dragonite, M, shiny|100/100
|turn|6
|
|t:|1760863808
|move|p1a: Kingambit|Sucker Punch|p2a: Dragonite
|-damage|p2a: Dragonite|67/100
|move|p2a: Dragonite|Fire Punch|p1a: Kingambit
|-supereffective|p1a: Kingambit
|-damage|p1a: Kingambit|14/100
|
|upkeep
|turn|7
|
|t:|1760863814
|move|p2a: Dragonite|Extreme Speed|p1a: Kingambit
|-resisted|p1a: Kingambit
|-damage|p1a: Kingambit|3/100
|move|p1a: Kingambit|Sucker Punch||[still]
|-fail|p1a: Kingambit
|
|upkeep
|turn|8
|
|t:|1760863820
|move|p2a: Dragonite|Extreme Speed|p1a: Kingambit
|-resisted|p1a: Kingambit
|-damage|p1a: Kingambit|0 fnt
|faint|p1a: Kingambit
|-end|p1a: Kingambit|fallenundefined|[silent]
|
|upkeep
|
|t:|1760863823
|switch|p1a: Incineroar|Incineroar, M|66/100
|-ability|p1a: Incineroar|Intimidate|boost
|-unboost|p2a: Dragonite|atk|1
|turn|9
|
|t:|1760863829
|switch|p2a: Hydreigon|Hydreigon, F|100/100
|move|p1a: Incineroar|Parting Shot|p2a: Hydreigon
|-unboost|p2a: Hydreigon|atk|1
|-unboost|p2a: Hydreigon|spa|1
|
|t:|1760863836
|switch|p1a: Garchomp|Garchomp, M|100/100|[from] Parting Shot
|-damage|p1a: Garchomp|94/100|[from] Stealth Rock
|
|upkeep
|turn|10
|
|t:|1760863844
|move|p1a: Garchomp|Outrage|p2a: Hydreigon
|-supereffective|p2a: Hydreigon
|-damage|p2a: Hydreigon|0 fnt
|faint|p2a: Hydreigon
|
|upkeep
|
|t:|1760863850
|switch|p2a: Latios|Latios, M|100/100
|turn|11
|
|t:|1760863855
|-terastallize|p2a: Latios|Fairy
|move|p2a: Latios|Dragon Pulse|p1a: Garchomp
|-supereffective|p1a: Garchomp
|-damage|p1a: Garchomp|2/100
|-enditem|p1a: Garchomp|Weakness Policy
|-boost|p1a: Garchomp|atk|2|[from] item: Weakness Policy
|-boost|p1a: Garchomp|spa|2|[from] item: Weakness Policy
|move|p1a: Garchomp|Outrage|p2a: Latios|[from] lockedmove
|-immune|p2a: Latios
|
|upkeep
|turn|12
|
|t:|1760863872
|switch|p1a: Incineroar|Incineroar, M|66/100
|-ability|p1a: Incineroar|Intimidate|boost
|-unboost|p2a: Latios|atk|1
|move|p2a: Latios|Dragon Pulse|p1a: Incineroar
|-damage|p1a: Incineroar|18/100
|
|upkeep
|turn|13
|
|t:|1760863885
|move|p2a: Latios|Dragon Pulse|p1a: Incineroar
|-damage|p1a: Incineroar|0 fnt
|faint|p1a: Incineroar
|
|upkeep
|
|t:|1760863891
|switch|p1a: Hatterene|Hatterene, F|100/100
|-damage|p1a: Hatterene|88/100|[from] Stealth Rock
|turn|14
|
|t:|1760863896
|move|p2a: Latios|Luster Purge|p1a: Hatterene
|-resisted|p1a: Hatterene
|-damage|p1a: Hatterene|61/100
|-enditem|p1a: Hatterene|Red Card|[of] p2a: Latios
|drag|p2a: Dragapult|Dragapult, M|100/100
|move|p1a: Hatterene|Healing Wish|p1a: Hatterene
|faint|p1a: Hatterene
|
|upkeep
|
|t:|1760863911
|switch|p1a: Garchomp|Garchomp, M|2/100
|-heal|p1a: Garchomp|100/100|[from] move: Healing Wish
|-damage|p1a: Garchomp|94/100|[from] Stealth Rock
|turn|15
|
|t:|1760863919
|switch|p1a: Pikachu|Pikachu-World, M|100/100
|-damage|p1a: Pikachu|88/100|[from] Stealth Rock
|move|p2a: Dragapult|Dragon Darts|p1a: Pikachu
|-damage|p1a: Pikachu|13/100
|-anim|p2a: Dragapult|Dragon Darts|p1a: Pikachu
|-damage|p1a: Pikachu|0 fnt
|faint|p1a: Pikachu
|
|upkeep
|-message|fliesofthelord forfeited.
|
|win|ditus99
|raw|fliesofthelord's rating: 1050 &rarr; <strong>1033</strong><br />(-17 for losing)
|raw|ditus99's rating: 1060 &rarr; <strong>1090</strong><br />(+30 for winning)
|l|☆fliesofthelord
|player|p1|
|l|☆ditus99
|player|p2|
