|j|☆dw junkie
|j|☆Mega HowLucha ^_^
|t:|1760722045
|gametype|singles
|player|p1|dw junkie|101|1296
|player|p2|Mega HowLucha ^_^|iris-gen5bw2|1300
|gen|9
|tier|[Gen 9] OU
|rated|
|rule|HP Percentage Mod: HP is shown in percentages
|rule|Endless Battle Clause: Forcing endless battles is banned
|rule|Species Clause: Limit one of each Pokémon
|rule|OHKO Clause: OHKO moves are banned
|rule|Evasion Items Clause: Evasion items are banned
|rule|Evasion Moves Clause: Evasion moves are banned
|rule|Evasion Abilities Clause: Evasion abilities are banned
|rule|Sleep Moves Clause: Sleep-inducing moves are banned
|clearpoke
|poke|p1|Glimmora, M|
|poke|p1|Araquanid, F|
|poke|p1|Raging Bolt|
|poke|p1|Garganacl, F|
|poke|p1|Weavile, M|
|poke|p1|Breloom, M|
|poke|p2|Samurott-Hisui, M|
|poke|p2|Landorus-Therian, M|
|poke|p2|Dragapult, F|
|poke|p2|Zapdos|
|poke|p2|Iron Valiant|
|poke|p2|Gholdengo|
|teampreview
|
|t:|1760722057
|teamsize|p1|6
|teamsize|p2|6
|start
|switch|p1a: Araquanid|Araquanid, F|100/100
|switch|p2a: Zapdos|Zapdos|100/100
|turn|1
|
|t:|1760722064
|switch|p1a: Raging Bolt|Raging Bolt|100/100
|-enditem|p1a: Raging Bolt|Booster Energy
|-activate|p1a: Raging Bolt|ability: Protosynthesis|[fromitem]
|-start|p1a: Raging Bolt|protosynthesisspa
|move|p2a: Zapdos|Discharge|p1a: Raging Bolt
|-resisted|p1a: Raging Bolt
|-damage|p1a: Raging Bolt|94/100
|
|upkeep
|turn|2
|inactive|Battle timer is ON: inactive players will automatically lose when time's up. (requested by dw junkie)
|
|t:|1760722073
|move|p2a: Zapdos|U-turn|p1a: Raging Bolt
|-damage|p1a: Raging Bolt|83/100
|
|t:|1760722077
|switch|p2a: Gholdengo|Gholdengo|100/100|[from] U-turn
|move|p1a: Raging Bolt|Draco Meteor|p2a: Gholdengo
|-resisted|p2a: Gholdengo
|-damage|p2a: Gholdengo|44/100
|-unboost|p1a: Raging Bolt|spa|2
|
|upkeep
|turn|3
|
|t:|1760722085
|switch|p2a: Landorus|Landorus-Therian, M|100/100
|-ability|p2a: Landorus|Intimidate|boost
|-unboost|p1a: Raging Bolt|atk|1
|move|p1a: Raging Bolt|Volt Switch|p2a: Landorus
|-immune|p2a: Landorus
|
|upkeep
|turn|4
|
|t:|1760722094
|-end|p1a: Raging Bolt|Protosynthesis|[silent]
|switch|p1a: Weavile|Weavile, M|100/100
|-item|p1a: Weavile|Air Balloon
|move|p2a: Landorus|Stealth Rock|p1a: Weavile
|-sidestart|p1: dw junkie|move: Stealth Rock
|
|upkeep
|turn|5
|
|t:|1760722103
|move|p1a: Weavile|Knock Off|p2a: Landorus
|-damage|p2a: Landorus|57/100
|-damage|p1a: Weavile|84/100|[from] item: Rocky Helmet|[of] p2a: Landorus
|-enditem|p2a: Landorus|Rocky Helmet|[from] move: Knock Off|[of] p1a: Weavile
|move|p2a: Landorus|U-turn|p1a: Weavile
|-supereffective|p1a: Weavile
|-damage|p1a: Weavile|14/100
|-enditem|p1a: Weavile|Air Balloon
|
|t:|1760722105
|switch|p2a: Samurott|Samurott-Hisui, M|100/100|[from] U-turn
|
|upkeep
|turn|6
|
|t:|1760722115
|switch|p1a: Glimmora|Glimmora, M|100/100
|-damage|p1a: Glimmora|88/100|[from] Stealth Rock
|move|p2a: Samurott|Ceaseless Edge|p1a: Glimmora
|-damage|p1a: Glimmora|38/100
|-activate|p1a: Glimmora|ability: Toxic Debris
|-sidestart|p2: Mega HowLucha ^_^|move: Toxic Spikes
|-sidestart|p1: dw junkie|Spikes
|
|upkeep
|turn|7
|
|t:|1760722143
|move|p1a: Glimmora|Mortal Spin|p2a: Samurott
|-damage|p2a: Samurott|94/100
|-status|p2a: Samurott|psn
|-sideend|p1: dw junkie|Spikes|[from] move: Mortal Spin|[of] p1a: Glimmora
|-sideend|p1: dw junkie|Stealth Rock|[from] move: Mortal Spin|[of] p1a: Glimmora
|move|p2a: Samurott|Ceaseless Edge|p1a: Glimmora
|-damage|p1a: Glimmora|0 fnt
|-activate|p1a: Glimmora|ability: Toxic Debris
|-sidestart|p2: Mega HowLucha ^_^|move: Toxic Spikes
|-sidestart|p1: dw junkie|Spikes
|faint|p1a: Glimmora
|
|-damage|p2a: Samurott|82/100 psn|[from] psn
|upkeep
|
|t:|1760722161
|switch|p1a: Breloom|Breloom, M|100/100
|-damage|p1a: Breloom|88/100|[from] Spikes
|turn|8
|
|t:|1760722180
|switch|p2a: Zapdos|Zapdos|100/100
|move|p1a: Breloom|Bullet Seed|p2a: Zapdos
|-resisted|p2a: Zapdos
|-crit|p2a: Zapdos
|-damage|p2a: Zapdos|90/100
|-resisted|p2a: Zapdos
|-damage|p2a: Zapdos|82/100
|-resisted|p2a: Zapdos
|-crit|p2a: Zapdos
|-damage|p2a: Zapdos|70/100
|-resisted|p2a: Zapdos
|-damage|p2a: Zapdos|62/100
|-hitcount|p2a: Zapdos|4
|
|upkeep
|turn|9
|
|t:|1760722193
|switch|p1a: Araquanid|Araquanid, F|100/100
|-damage|p1a: Araquanid|88/100|[from] Spikes
|move|p2a: Zapdos|U-turn|p1a: Araquanid
|-damage|p1a: Araquanid|75/100
|
|t:|1760722199
|switch|p2a: Samurott|Samurott-Hisui, M|82/100 psn|[from] U-turn
|
|-damage|p2a: Samurott|70/100 psn|[from] psn
|upkeep
|turn|10
|
|t:|1760722206
|move|p2a: Samurott|Ceaseless Edge|p1a: Araquanid
|-damage|p1a: Araquanid|31/100
|-sidestart|p1: dw junkie|Spikes
|move|p1a: Araquanid|Lunge|p2a: Samurott
|-supereffective|p2a: Samurott
|-crit|p2a: Samurott
|-damage|p2a: Samurott|0 fnt
|faint|p2a: Samurott
|
|upkeep
|
|t:|1760722210
|switch|p2a: Landorus|Landorus-Therian, M|57/100
|-ability|p2a: Landorus|Intimidate|boost
|-unboost|p1a: Araquanid|atk|1
|turn|11
|
|t:|1760722221
|move|p2a: Landorus|Stealth Rock|p1a: Araquanid
|-sidestart|p1: dw junkie|move: Stealth Rock
|move|p1a: Araquanid|Sticky Web|p2a: Landorus
|-sidestart|p2: Mega HowLucha ^_^|move: Sticky Web
|
|upkeep
|turn|12
|
|t:|1760722226
|move|p2a: Landorus|Earthquake|p1a: Araquanid
|-resisted|p1a: Araquanid
|-damage|p1a: Araquanid|6/100
|move|p1a: Araquanid|Liquidation|p2a: Landorus
|-supereffective|p2a: Landorus
|-damage|p2a: Landorus|0 fnt
|faint|p2a: Landorus
|
|upkeep
|
|t:|1760722233
|switch|p2a: Zapdos|Zapdos|62/100
|turn|13
|-enditem|p1a: Araquanid|Custap Berry|[eat]
|-activate|p1a: Araquanid|item: Custap Berry|[consumed]
|
|t:|1760722238
|move|p1a: Araquanid|Endeavor|p2a: Zapdos
|-damage|p2a: Zapdos|6/100
|move|p2a: Zapdos|Discharge|p1a: Araquanid
|-supereffective|p1a: Araquanid
|-damage|p1a: Araquanid|0 fnt
|faint|p1a: Araquanid
|
|upkeep
|
|t:|1760722250
|switch|p1a: Weavile|Weavile, M|14/100
|-damage|p1a: Weavile|0 fnt|[from] Spikes
|faint|p1a: Weavile
|
|t:|1760722255
|switch|p1a: Garganacl|Garganacl, F|100/100
|-damage|p1a: Garganacl|84/100|[from] Spikes
|-damage|p1a: Garganacl|72/100|[from] Stealth Rock
|turn|14
|
|t:|1760722261
|move|p2a: Zapdos|Discharge|p1a: Garganacl
|-damage|p1a: Garganacl|42/100
|move|p1a: Garganacl|Salt Cure|p2a: Zapdos
|-supereffective|p2a: Zapdos
|-damage|p2a: Zapdos|0 fnt
|faint|p2a: Zapdos
|
|-heal|p1a: Garganacl|48/100|[from] item: Leftovers
|upkeep
|
|t:|1760722268
|switch|p2a: Dragapult|Dragapult, F|100/100
|-status|p2a: Dragapult|tox
|-activate|p2a: Dragapult|move: Sticky Web
|-fail|p2a: Dragapult|unboost|[from] ability: Clear Body|[of] p2a: Dragapult
|turn|15
|
|t:|1760722278
|move|p2a: Dragapult|Draco Meteor|p1a: Garganacl|[miss]
|-miss|p2a: Dragapult|p1a: Garganacl
|move|p1a: Garganacl|Recover|p1a: Garganacl
|-heal|p1a: Garganacl|98/100
|
|-heal|p1a: Garganacl|100/100|[from] item: Leftovers
|-damage|p2a: Dragapult|95/100 tox|[from] psn
|upkeep
|turn|16
|
|t:|1760722287
|switch|p2a: Gholdengo|Gholdengo|44/100
|-activate|p2a: Gholdengo|move: Sticky Web
|-unboost|p2a: Gholdengo|spe|1
|move|p1a: Garganacl|Protect||[still]
|-fail|p1a: Garganacl
|
|upkeep
|turn|17
|
|t:|1760722301
|-terastallize|p1a: Garganacl|Ghost
|move|p2a: Gholdengo|Make It Rain|p1a: Garganacl
|-damage|p1a: Garganacl|40/100
|-unboost|p2a: Gholdengo|spa|1
|move|p1a: Garganacl|Salt Cure|p2a: Gholdengo
|-resisted|p2a: Gholdengo
|-damage|p2a: Gholdengo|36/100
|-start|p2a: Gholdengo|Salt Cure
|
|-heal|p1a: Garganacl|46/100|[from] item: Leftovers
|-damage|p2a: Gholdengo|11/100|[from] Salt Cure
|upkeep
|turn|18
|
|t:|1760722315
|switch|p2a: Dragapult|Dragapult, F|95/100 tox
|-activate|p2a: Dragapult|move: Sticky Web
|-fail|p2a: Dragapult|unboost|[from] ability: Clear Body|[of] p2a: Dragapult
|move|p1a: Garganacl|Recover|p1a: Garganacl
|-heal|p1a: Garganacl|96/100
|
|-heal|p1a: Garganacl|100/100|[from] item: Leftovers
|-damage|p2a: Dragapult|89/100 tox|[from] psn
|upkeep
|turn|19
|
|t:|1760722327
|-terastallize|p2a: Dragapult|Ghost
|move|p2a: Dragapult|Shadow Ball|p1a: Garganacl
|-supereffective|p1a: Garganacl
|-damage|p1a: Garganacl|35/100
|move|p1a: Garganacl|Salt Cure|p2a: Dragapult
|-damage|p2a: Dragapult|71/100 tox
|-start|p2a: Dragapult|Salt Cure
|
|-heal|p1a: Garganacl|41/100|[from] item: Leftovers
|-damage|p2a: Dragapult|59/100 tox|[from] psn
|-damage|p2a: Dragapult|46/100 tox|[from] Salt Cure
|upkeep
|turn|20
|
|t:|1760722340
|move|p1a: Garganacl|Protect|p1a: Garganacl
|-singleturn|p1a: Garganacl|Protect
|move|p2a: Dragapult|Shadow Ball|p1a: Garganacl
|-activate|p1a: Garganacl|move: Protect
|
|-heal|p1a: Garganacl|48/100|[from] item: Leftovers
|-damage|p2a: Dragapult|28/100 tox|[from] psn
|-damage|p2a: Dragapult|16/100 tox|[from] Salt Cure
|upkeep
|turn|21
|
|t:|1760722350
|move|p2a: Dragapult|Shadow Ball|p1a: Garganacl
|-supereffective|p1a: Garganacl
|-damage|p1a: Garganacl|0 fnt
|faint|p1a: Garganacl
|
|-damage|p2a: Dragapult|0 fnt|[from] psn
|faint|p2a: Dragapult
|upkeep
|
|t:|1760722361
|switch|p2a: Gholdengo|Gholdengo|11/100
|switch|p1a: Raging Bolt|Raging Bolt|83/100
|-activate|p2a: Gholdengo|move: Sticky Web
|-unboost|p2a: Gholdengo|spe|1
|-damage|p1a: Raging Bolt|66/100|[from] Spikes
|-damage|p1a: Raging Bolt|54/100|[from] Stealth Rock
|turn|22
|
|t:|1760722373
|move|p1a: Raging Bolt|Thunderclap||[still]
|-fail|p1a: Raging Bolt
|move|p2a: Gholdengo|Trick|p1a: Raging Bolt
|-activate|p2a: Gholdengo|move: Trick|[of] p1a: Raging Bolt
|-item|p1a: Raging Bolt|Choice Scarf|[from] move: Trick
|-enditem|p2a: Gholdengo|Choice Scarf|[silent]|[from] move: Trick
|
|upkeep
|turn|23
|
|t:|1760722385
|move|p1a: Raging Bolt|Volt Switch|p2a: Gholdengo
|-damage|p2a: Gholdengo|0 fnt
|faint|p2a: Gholdengo
|
|t:|1760722390
|-end|p1a: Raging Bolt|Protosynthesis|[silent]
|switch|p1a: Breloom|Breloom, M|88/100|[from] Volt Switch
|-damage|p1a: Breloom|72/100|[from] Spikes
|-damage|p1a: Breloom|66/100|[from] Stealth Rock
|
|upkeep
|
|t:|1760722395
|switch|p2a: Iron Valiant|Iron Valiant|100/100
|-status|p2a: Iron Valiant|tox
|-activate|p2a: Iron Valiant|move: Sticky Web
|-unboost|p2a: Iron Valiant|spe|1
|-enditem|p2a: Iron Valiant|Booster Energy
|-activate|p2a: Iron Valiant|ability: Quark Drive|[fromitem]
|-start|p2a: Iron Valiant|quarkdrivespa
|turn|24
|
|t:|1760722406
|move|p2a: Iron Valiant|Moonblast|p1a: Breloom
|-supereffective|p1a: Breloom
|-damage|p1a: Breloom|0 fnt
|faint|p1a: Breloom
|
|-damage|p2a: Iron Valiant|94/100 tox|[from] psn
|upkeep
|
|t:|1760722413
|switch|p1a: Raging Bolt|Raging Bolt|54/100
|-damage|p1a: Raging Bolt|38/100|[from] Spikes
|-damage|p1a: Raging Bolt|25/100|[from] Stealth Rock
|turn|25
|
|t:|1760722419
|move|p1a: Raging Bolt|Thunderclap|p2a: Iron Valiant
|-damage|p2a: Iron Valiant|13/100 tox
|move|p2a: Iron Valiant|Moonblast|p1a: Raging Bolt
|-supereffective|p1a: Raging Bolt
|-damage|p1a: Raging Bolt|0 fnt
|faint|p1a: Raging Bolt
|-end|p1a: Raging Bolt|Protosynthesis|[silent]
|
|win|Mega HowLucha ^_^
|raw|dw junkie's rating: 1296 &rarr; <strong>1271</strong><br />(-25 for losing)
|raw|Mega HowLucha ^_^'s rating: 1300 &rarr; <strong>1325</strong><br />(+25 for winning)
|c|☆dw junkie|Gg
|l|☆Mega HowLucha ^_^
|player|p2|
|l|☆dw junkie
|player|p1|
