|j|☆einstein island
|j|☆Tw0Pie
|t:|1760802605
|gametype|singles
|player|p1|einstein island|nate|1261
|player|p2|Tw0Pie|miku-flying|1218
|gen|9
|tier|[Gen 9] OU
|rated|
|rule|HP Percentage Mod: HP is shown in percentages
|rule|Endless Battle Clause: Forcing endless battles is banned
|rule|Species Clause: Limit one of each Pokémon
|rule|OHKO Clause: OHKO moves are banned
|rule|Evasion Items Clause: Evasion items are banned
|rule|Evasion Moves Clause: Evasion moves are banned
|rule|Evasion Abilities Clause: Evasion abilities are banned
|rule|Sleep Moves Clause: Sleep-inducing moves are banned
|clearpoke
|poke|p1|Dragonite, F|
|poke|p1|Zamazenta-*|
|poke|p1|Landorus-Therian, M|
|poke|p1|Gholdengo|
|poke|p1|Darkrai|
|poke|p1|Hatterene, F|
|poke|p2|Zamazenta-*|
|poke|p2|Dragapult, F|
|poke|p2|Raging Bolt|
|poke|p2|Moltres|
|poke|p2|Iron Treads|
|poke|p2|Samurott-Hisui, M|
|teampreview
|inactive|Battle timer is ON: inactive players will automatically lose when time's up. (requested by einstein island)
|
|t:|1760802630
|teamsize|p1|6
|teamsize|p2|6
|start
|switch|p1a: Darkrai|Darkrai|100/100
|switch|p2a: Moltres|Moltres|100/100
|turn|1
|
|t:|1760802637
|move|p1a: Darkrai|Dark Pulse|p2a: Moltres
|-damage|p2a: Moltres|55/100
|move|p2a: Moltres|U-turn|p1a: Darkrai
|-supereffective|p1a: Darkrai
|-damage|p1a: Darkrai|66/100
|
|t:|1760802647
|switch|p2a: Samurott|Samurott-Hisui, M|100/100|[from] U-turn
|
|upkeep
|turn|2
|
|t:|1760802653
|move|p1a: Darkrai|Will-O-Wisp|p2a: Samurott
|-status|p2a: Samurott|brn
|move|p2a: Samurott|Ceaseless Edge|p1a: Darkrai|[miss]
|-miss|p2a: Samurott|p1a: Darkrai
|
|-damage|p2a: Samurott|94/100 brn|[from] brn
|upkeep
|turn|3
|
|t:|1760802658
|switch|p1a: Landorus|Landorus-Therian, M|100/100
|-ability|p1a: Landorus|Intimidate|boost
|-unboost|p2a: Samurott|atk|1
|move|p2a: Samurott|Ceaseless Edge|p1a: Landorus
|-damage|p1a: Landorus|79/100
|-damage|p2a: Samurott|78/100 brn|[from] item: Rocky Helmet|[of] p1a: Landorus
|-sidestart|p1: einstein island|Spikes
|
|-damage|p2a: Samurott|72/100 brn|[from] brn
|upkeep
|turn|4
|
|t:|1760802665
|switch|p2a: Moltres|Moltres|55/100
|move|p1a: Landorus|Stealth Rock|p2a: Moltres
|-sidestart|p2: Tw0Pie|move: Stealth Rock
|
|upkeep
|turn|5
|
|t:|1760802673
|move|p1a: Landorus|Taunt|p2a: Moltres
|-start|p2a: Moltres|move: Taunt
|move|p2a: Moltres|Flamethrower|p1a: Landorus
|-damage|p1a: Landorus|35/100
|-status|p1a: Landorus|brn
|
|-damage|p1a: Landorus|29/100 brn|[from] brn
|upkeep
|turn|6
|
|t:|1760802679
|move|p1a: Landorus|U-turn|p2a: Moltres
|-resisted|p2a: Moltres
|-damage|p2a: Moltres|52/100
|
|t:|1760802682
|switch|p1a: Hatterene|Hatterene, F|100/100|[from] U-turn
|-damage|p1a: Hatterene|88/100|[from] Spikes
|move|p2a: Moltres|Flamethrower|p1a: Hatterene
|-damage|p1a: Hatterene|59/100
|
|upkeep
|turn|7
|
|t:|1760802686
|move|p2a: Moltres|U-turn|p1a: Hatterene
|-damage|p1a: Hatterene|44/100
|
|t:|1760802693
|switch|p2a: Iron Treads|Iron Treads|100/100|[from] U-turn
|-damage|p2a: Iron Treads|98/100|[from] Stealth Rock
|move|p1a: Hatterene|Mystical Fire|p2a: Iron Treads
|-supereffective|p2a: Iron Treads
|-damage|p2a: Iron Treads|52/100
|-unboost|p2a: Iron Treads|spa|1
|
|-heal|p2a: Iron Treads|58/100|[from] item: Leftovers
|upkeep
|turn|8
|
|t:|1760802698
|move|p2a: Iron Treads|Knock Off|p1a: Hatterene
|-damage|p1a: Hatterene|16/100
|-enditem|p1a: Hatterene|Assault Vest|[from] move: Knock Off|[of] p2a: Iron Treads
|move|p1a: Hatterene|Mystical Fire|p2a: Iron Treads
|-supereffective|p2a: Iron Treads
|-damage|p2a: Iron Treads|14/100
|-unboost|p2a: Iron Treads|spa|1
|
|-heal|p2a: Iron Treads|20/100|[from] item: Leftovers
|upkeep
|turn|9
|
|t:|1760802706
|switch|p1a: Gholdengo|Gholdengo|100/100
|-damage|p1a: Gholdengo|88/100|[from] Spikes
|move|p2a: Iron Treads|Rapid Spin|p1a: Gholdengo
|-immune|p1a: Gholdengo
|
|-heal|p2a: Iron Treads|26/100|[from] item: Leftovers
|upkeep
|turn|10
|
|t:|1760802715
|switch|p1a: Landorus|Landorus-Therian, M|29/100 brn
|-ability|p1a: Landorus|Intimidate|boost
|-unboost|p2a: Iron Treads|atk|1
|move|p2a: Iron Treads|Knock Off|p1a: Landorus
|-crit|p1a: Landorus
|-damage|p1a: Landorus|0 fnt
|-damage|p2a: Iron Treads|9/100|[from] item: Rocky Helmet|[of] p1a: Landorus
|-enditem|p1a: Landorus|Rocky Helmet|[from] move: Knock Off|[of] p2a: Iron Treads
|faint|p1a: Landorus
|
|-heal|p2a: Iron Treads|15/100|[from] item: Leftovers
|upkeep
|
|t:|1760802720
|switch|p1a: Darkrai|Darkrai|66/100
|turn|11
|
|t:|1760802727
|-end|p2a: Iron Treads|Quark Drive|[silent]
|switch|p2a: Samurott|Samurott-Hisui, M|72/100 brn
|-damage|p2a: Samurott|59/100 brn|[from] Stealth Rock
|move|p1a: Darkrai|Ice Beam|p2a: Samurott
|-resisted|p2a: Samurott
|-damage|p2a: Samurott|39/100 brn
|
|-damage|p2a: Samurott|32/100 brn|[from] brn
|upkeep
|turn|12
|
|t:|1760802734
|move|p2a: Samurott|Aqua Jet|p1a: Darkrai
|-damage|p1a: Darkrai|48/100
|move|p1a: Darkrai|Dark Pulse|p2a: Samurott
|-resisted|p2a: Samurott
|-crit|p2a: Samurott
|-damage|p2a: Samurott|0 fnt
|faint|p2a: Samurott
|
|upkeep
|
|t:|1760802763
|switch|p2a: Dragapult|Dragapult, F|100/100
|-damage|p2a: Dragapult|88/100|[from] Stealth Rock
|turn|13
|
|t:|1760802769
|switch|p1a: Hatterene|Hatterene, F|16/100
|-damage|p1a: Hatterene|4/100|[from] Spikes
|move|p2a: Dragapult|Draco Meteor|p1a: Hatterene
|-immune|p1a: Hatterene
|
|upkeep
|turn|14
|
|t:|1760802776
|switch|p2a: Iron Treads|Iron Treads|15/100
|-damage|p2a: Iron Treads|13/100|[from] Stealth Rock
|move|p1a: Hatterene|Psychic Noise|p2a: Iron Treads
|-resisted|p2a: Iron Treads
|-damage|p2a: Iron Treads|0 fnt
|faint|p2a: Iron Treads
|-end|p2a: Iron Treads|Quark Drive|[silent]
|
|upkeep
|
|t:|1760802786
|switch|p2a: Dragapult|Dragapult, F|88/100
|-damage|p2a: Dragapult|76/100|[from] Stealth Rock
|turn|15
|
|t:|1760802789
|move|p2a: Dragapult|Shadow Ball|p1a: Hatterene
|-supereffective|p1a: Hatterene
|-damage|p1a: Hatterene|0 fnt
|faint|p1a: Hatterene
|
|upkeep
|
|t:|1760802797
|switch|p1a: Darkrai|Darkrai|48/100
|turn|16
|
|t:|1760802800
|-terastallize|p2a: Dragapult|Ghost
|move|p2a: Dragapult|Shadow Ball|p1a: Darkrai
|-resisted|p1a: Darkrai
|-damage|p1a: Darkrai|5/100
|move|p1a: Darkrai|Ice Beam|p2a: Dragapult
|-damage|p2a: Dragapult|38/100
|
|upkeep
|turn|17
|
|t:|1760802805
|move|p2a: Dragapult|Shadow Ball|p1a: Darkrai
|-resisted|p1a: Darkrai
|-damage|p1a: Darkrai|0 fnt
|faint|p1a: Darkrai
|
|upkeep
|
|t:|1760802813
|switch|p1a: Zamazenta|Zamazenta|100/100
|-damage|p1a: Zamazenta|88/100|[from] Spikes
|-ability|p1a: Zamazenta|Dauntless Shield|boost
|-boost|p1a: Zamazenta|def|1
|turn|18
|
|t:|1760802815
|move|p2a: Dragapult|Shadow Ball|p1a: Zamazenta
|-damage|p1a: Zamazenta|24/100
|-unboost|p1a: Zamazenta|spd|1
|move|p1a: Zamazenta|Crunch|p2a: Dragapult
|-supereffective|p2a: Dragapult
|-crit|p2a: Dragapult
|-damage|p2a: Dragapult|0 fnt
|faint|p2a: Dragapult
|
|-heal|p1a: Zamazenta|31/100|[from] item: Leftovers
|upkeep
|
|t:|1760802824
|switch|p2a: Zamazenta|Zamazenta|100/100
|-damage|p2a: Zamazenta|94/100|[from] Stealth Rock
|-ability|p2a: Zamazenta|Dauntless Shield|boost
|-boost|p2a: Zamazenta|def|1
|turn|19
|
|t:|1760802827
|move|p2a: Zamazenta|Psychic Fangs|p1a: Zamazenta
|-supereffective|p1a: Zamazenta
|-damage|p1a: Zamazenta|0 fnt
|faint|p1a: Zamazenta
|-damage|p2a: Zamazenta|85/100|[from] item: Life Orb
|
|upkeep
|
|t:|1760802839
|switch|p1a: Dragonite|Dragonite, F|100/100
|turn|20
|
|t:|1760802845
|-terastallize|p1a: Dragonite|Flying
|move|p2a: Zamazenta|Ice Fang|p1a: Dragonite
|-supereffective|p1a: Dragonite
|-damage|p1a: Dragonite|67/100
|-damage|p2a: Zamazenta|75/100|[from] item: Life Orb
|cant|p1a: Dragonite|flinch
|
|upkeep
|turn|21
|
|t:|1760802851
|move|p2a: Zamazenta|Ice Fang|p1a: Dragonite
|-supereffective|p1a: Dragonite
|-damage|p1a: Dragonite|6/100
|-damage|p2a: Zamazenta|65/100|[from] item: Life Orb
|move|p1a: Dragonite|Dragon Dance|p1a: Dragonite
|-boost|p1a: Dragonite|atk|1
|-boost|p1a: Dragonite|spe|1
|
|upkeep
|turn|22
|
|t:|1760802855
|move|p1a: Dragonite|Tera Blast|p2a: Zamazenta|[anim] Tera Blast Flying
|-supereffective|p2a: Zamazenta
|-damage|p2a: Zamazenta|0 fnt
|faint|p2a: Zamazenta
|
|upkeep
|
|t:|1760802859
|switch|p2a: Raging Bolt|Raging Bolt|100/100
|turn|23
|
|t:|1760802864
|move|p1a: Dragonite|Extreme Speed|p2a: Raging Bolt
|-damage|p2a: Raging Bolt|66/100
|move|p2a: Raging Bolt|Thunderclap||[still]
|-fail|p2a: Raging Bolt
|
|upkeep
|turn|24
|
|t:|1760802871
|move|p1a: Dragonite|Earthquake|p2a: Raging Bolt
|-supereffective|p2a: Raging Bolt
|-damage|p2a: Raging Bolt|0 fnt
|faint|p2a: Raging Bolt
|-end|p2a: Raging Bolt|Protosynthesis|[silent]
|
|upkeep
|
|t:|1760802874
|switch|p2a: Moltres|Moltres|52/100
|turn|25
|
|t:|1760802877
|move|p1a: Dragonite|Tera Blast|p2a: Moltres|[anim] Tera Blast Flying
|-crit|p2a: Moltres
|-damage|p2a: Moltres|0 fnt
|faint|p2a: Moltres
|
|win|einstein island
|raw|einstein island's rating: 1261 &rarr; <strong>1283</strong><br />(+22 for winning)
|raw|Tw0Pie's rating: 1218 &rarr; <strong>1196</strong><br />(-22 for losing)
