|j|☆sniper20657
|j|☆ssauga
|t:|1760758388
|gametype|singles
|player|p1|sniper20657|blackbelt-gen4dp|1222
|player|p2|ssauga|grimsley|1320
|gen|9
|tier|[Gen 9] OU
|rated|
|rule|HP Percentage Mod: HP is shown in percentages
|rule|Endless Battle Clause: Forcing endless battles is banned
|rule|Species Clause: Limit one of each Pokémon
|rule|OHKO Clause: OHKO moves are banned
|rule|Evasion Items Clause: Evasion items are banned
|rule|Evasion Moves Clause: Evasion moves are banned
|rule|Evasion Abilities Clause: Evasion abilities are banned
|rule|Sleep Moves Clause: Sleep-inducing moves are banned
|clearpoke
|poke|p1|Scizor, F|
|poke|p1|Iron Moth|
|poke|p1|Alomomola, F|
|poke|p1|Hydrapple, M|
|poke|p1|Zamazenta-*|
|poke|p1|Landorus-Therian, M|
|poke|p2|Tyranitar, M|
|poke|p2|Landorus-Therian, M|
|poke|p2|Excadrill, F|
|poke|p2|Keldeo-Resolute|
|poke|p2|Latios, M|
|poke|p2|Corviknight, M|
|teampreview
|
|t:|1760758402
|teamsize|p1|6
|teamsize|p2|6
|start
|switch|p1a: Scizor|Scizor, F|100/100
|switch|p2a: Keldeo|Keldeo-Resolute|100/100
|turn|1
|
|t:|1760758414
|move|p2a: Keldeo|Hydro Pump|p1a: Scizor|[miss]
|-miss|p2a: Keldeo|p1a: Scizor
|move|p1a: Scizor|U-turn|p2a: Keldeo
|-resisted|p2a: Keldeo
|-damage|p2a: Keldeo|76/100
|
|t:|1760758424
|switch|p1a: Hydrapple|Hydrapple, M|100/100|[from] U-turn
|
|upkeep
|turn|2
|
|t:|1760758432
|switch|p2a: Ferrothorn ?|Corviknight, M, shiny|100/100
|-ability|p2a: Ferrothorn ?|Pressure
|move|p1a: Hydrapple|Nasty Plot|p1a: Hydrapple
|-boost|p1a: Hydrapple|spa|2
|
|upkeep
|turn|3
|
|t:|1760758437
|move|p2a: Ferrothorn ?|U-turn|p1a: Hydrapple
|-supereffective|p1a: Hydrapple
|-damage|p1a: Hydrapple|85/100
|
|t:|1760758442
|switch|p2a: Tyranitar|Tyranitar, M|100/100|[from] U-turn
|-weather|Sandstorm|[from] ability: Sand Stream|[of] p2a: Tyranitar
|move|p1a: Hydrapple|Nasty Plot|p1a: Hydrapple
|-boost|p1a: Hydrapple|spa|2
|
|-weather|Sandstorm|[upkeep]
|-damage|p1a: Hydrapple|79/100|[from] Sandstorm
|upkeep
|turn|4
|
|t:|1760758450
|move|p1a: Hydrapple|Giga Drain|p2a: Tyranitar
|-supereffective|p2a: Tyranitar
|-crit|p2a: Tyranitar
|-damage|p2a: Tyranitar|0 fnt
|-heal|p1a: Hydrapple|100/100|[from] drain|[of] p2a: Tyranitar
|faint|p2a: Tyranitar
|
|-weather|Sandstorm|[upkeep]
|-damage|p1a: Hydrapple|94/100|[from] Sandstorm
|upkeep
|
|t:|1760758463
|switch|p2a: Latios|Latios, M|100/100
|turn|5
|
|t:|1760758478
|switch|p2a: Ferrothorn ?|Corviknight, M, shiny|100/100
|-ability|p2a: Ferrothorn ?|Pressure
|-terastallize|p1a: Hydrapple|Steel
|move|p1a: Hydrapple|Draco Meteor|p2a: Ferrothorn ?
|-resisted|p2a: Ferrothorn ?
|-damage|p2a: Ferrothorn ?|33/100
|-unboost|p1a: Hydrapple|spa|2
|
|-weather|Sandstorm|[upkeep]
|upkeep
|turn|6
|
|t:|1760758492
|switch|p2a: Excadrill|Excadrill, F|100/100
|move|p1a: Hydrapple|Draco Meteor|p2a: Excadrill
|-resisted|p2a: Excadrill
|-damage|p2a: Excadrill|31/100
|-unboost|p1a: Hydrapple|spa|2
|
|-weather|Sandstorm|[upkeep]
|-heal|p2a: Excadrill|37/100|[from] item: Leftovers
|upkeep
|turn|7
|
|t:|1760758509
|switch|p2a: Latios|Latios, M|100/100
|switch|p1a: Alomomola|Alomomola, F|100/100
|
|-weather|Sandstorm|[upkeep]
|-damage|p2a: Latios|95/100|[from] Sandstorm
|-damage|p1a: Alomomola|94/100|[from] Sandstorm
|upkeep
|turn|8
|
|t:|1760758516
|move|p2a: Latios|Trick|p1a: Alomomola
|-activate|p2a: Latios|move: Trick|[of] p1a: Alomomola
|-item|p1a: Alomomola|Choice Scarf|[from] move: Trick
|-item|p2a: Latios|Rocky Helmet|[from] move: Trick
|move|p1a: Alomomola|Wish|p1a: Alomomola
|
|-weather|Sandstorm|[upkeep]
|-damage|p2a: Latios|89/100|[from] Sandstorm
|-damage|p1a: Alomomola|88/100|[from] Sandstorm
|upkeep
|turn|9
|
|t:|1760758532
|switch|p1a: Iron Moth|Iron Moth|100/100
|move|p2a: Latios|Psychic Noise|p1a: Iron Moth
|-supereffective|p1a: Iron Moth
|-damage|p1a: Iron Moth|54/100
|-start|p1a: Iron Moth|move: Heal Block
|
|-weather|Sandstorm|[upkeep]
|-damage|p2a: Latios|83/100|[from] Sandstorm
|-damage|p1a: Iron Moth|48/100|[from] Sandstorm
|upkeep
|turn|10
|
|t:|1760758553
|switch|p2a: Landorus|Landorus-Therian, M|100/100
|-ability|p2a: Landorus|Intimidate|boost
|-unboost|p1a: Iron Moth|atk|1
|move|p1a: Iron Moth|Dazzling Gleam|p2a: Landorus
|-damage|p2a: Landorus|67/100
|
|-weather|none
|-heal|p2a: Landorus|73/100|[from] item: Leftovers
|-end|p1a: Iron Moth|move: Heal Block
|upkeep
|turn|11
|
|t:|1760758567
|-end|p1a: Iron Moth|Quark Drive|[silent]
|switch|p1a: Alomomola|Alomomola, F|100/100
|move|p2a: Landorus|Stealth Rock|p1a: Alomomola
|-sidestart|p1: sniper20657|move: Stealth Rock
|
|-heal|p2a: Landorus|79/100|[from] item: Leftovers
|upkeep
|turn|12
|
|t:|1760758572
|move|p2a: Landorus|Taunt|p1a: Alomomola
|-start|p1a: Alomomola|move: Taunt
|move|p1a: Alomomola|Flip Turn|p2a: Landorus
|-supereffective|p2a: Landorus
|-damage|p2a: Landorus|44/100
|
|t:|1760758601
|switch|p1a: Zamazenta|Zamazenta|100/100|[from] Flip Turn
|-ability|p1a: Zamazenta|Dauntless Shield|boost
|-boost|p1a: Zamazenta|def|1
|
|-heal|p2a: Landorus|50/100|[from] item: Leftovers
|upkeep
|turn|13
|
|t:|1760758608
|move|p1a: Zamazenta|Ice Fang|p2a: Landorus
|-supereffective|p2a: Landorus
|-damage|p2a: Landorus|0 fnt
|faint|p2a: Landorus
|
|upkeep
|
|t:|1760758624
|switch|p2a: Latios|Latios, M|83/100
|turn|14
|
|t:|1760758632
|move|p1a: Zamazenta|Crunch|p2a: Latios
|-supereffective|p2a: Latios
|-damage|p2a: Latios|15/100
|-damage|p1a: Zamazenta|84/100|[from] item: Rocky Helmet|[of] p2a: Latios
|move|p2a: Latios|Psychic Noise|p1a: Zamazenta
|-supereffective|p1a: Zamazenta
|-damage|p1a: Zamazenta|10/100
|-start|p1a: Zamazenta|move: Heal Block
|
|upkeep
|turn|15
|
|t:|1760758644
|switch|p2a: Keldeo|Keldeo-Resolute|76/100
|move|p1a: Zamazenta|Crunch|p2a: Keldeo
|-resisted|p2a: Keldeo
|-damage|p2a: Keldeo|61/100
|-ability|p2a: Keldeo|Justified|boost
|-boost|p2a: Keldeo|atk|1
|
|-end|p1a: Zamazenta|move: Heal Block
|upkeep
|turn|16
|
|t:|1760758657
|switch|p1a: Hydrapple|Hydrapple, M, tera:Steel|100/100
|move|p2a: Keldeo|Vacuum Wave|p1a: Hydrapple
|-supereffective|p1a: Hydrapple
|-damage|p1a: Hydrapple|36/100
|
|upkeep
|turn|17
|
|t:|1760758666
|switch|p1a: Landorus|Landorus-Therian, M|100/100
|-damage|p1a: Landorus|88/100|[from] Stealth Rock
|-ability|p1a: Landorus|Intimidate|boost
|-unboost|p2a: Keldeo|atk|1
|move|p2a: Keldeo|Vacuum Wave|p1a: Landorus
|-resisted|p1a: Landorus
|-damage|p1a: Landorus|64/100
|
|upkeep
|turn|18
|
|t:|1760758672
|switch|p2a: Ferrothorn ?|Corviknight, M, shiny|33/100
|-ability|p2a: Ferrothorn ?|Pressure
|move|p1a: Landorus|U-turn|p2a: Ferrothorn ?
|-resisted|p2a: Ferrothorn ?
|-damage|p2a: Ferrothorn ?|29/100
|-damage|p1a: Landorus|48/100|[from] item: Rocky Helmet|[of] p2a: Ferrothorn ?
|
|t:|1760758674
|switch|p1a: Iron Moth|Iron Moth|48/100|[from] U-turn
|-damage|p1a: Iron Moth|23/100|[from] Stealth Rock
|
|upkeep
|turn|19
|inactive|Battle timer is ON: inactive players will automatically lose when time's up. (requested by sniper20657)
|inactive|ssauga has 120 seconds left.
|
|t:|1760758753
|switch|p2a: Latios|Latios, M|15/100
|move|p1a: Iron Moth|Fiery Dance|p2a: Latios
|-resisted|p2a: Latios
|-damage|p2a: Latios|0 fnt
|-boost|p1a: Iron Moth|spa|1
|faint|p2a: Latios
|
|upkeep
|
|t:|1760758755
|switch|p2a: Keldeo|Keldeo-Resolute|61/100
|turn|20
|
|t:|1760758764
|-end|p1a: Iron Moth|Quark Drive|[silent]
|switch|p1a: Alomomola|Alomomola, F|100/100
|-damage|p1a: Alomomola|88/100|[from] Stealth Rock
|-terastallize|p2a: Keldeo|Fighting
|move|p2a: Keldeo|Vacuum Wave|p1a: Alomomola
|-damage|p1a: Alomomola|31/100
|
|upkeep
|turn|21
|
|t:|1760758767
|move|p2a: Keldeo|Vacuum Wave|p1a: Alomomola
|-damage|p1a: Alomomola|0 fnt
|faint|p1a: Alomomola
|
|upkeep
|
|t:|1760758776
|switch|p1a: Landorus|Landorus-Therian, M|48/100
|-damage|p1a: Landorus|36/100|[from] Stealth Rock
|-ability|p1a: Landorus|Intimidate|boost
|-unboost|p2a: Keldeo|atk|1
|turn|22
|
|t:|1760758782
|switch|p2a: Ferrothorn ?|Corviknight, M, shiny|29/100
|-ability|p2a: Ferrothorn ?|Pressure
|move|p1a: Landorus|U-turn|p2a: Ferrothorn ?
|-resisted|p2a: Ferrothorn ?
|-damage|p2a: Ferrothorn ?|25/100
|-damage|p1a: Landorus|19/100|[from] item: Rocky Helmet|[of] p2a: Ferrothorn ?
|
|t:|1760758788
|switch|p1a: Zamazenta|Zamazenta|10/100|[from] U-turn
|
|upkeep
|turn|23
|
|t:|1760758805
|switch|p2a: Excadrill|Excadrill, F|37/100
|move|p1a: Zamazenta|Close Combat|p2a: Excadrill
|-supereffective|p2a: Excadrill
|-damage|p2a: Excadrill|0 fnt
|-unboost|p1a: Zamazenta|def|1
|-unboost|p1a: Zamazenta|spd|1
|faint|p2a: Excadrill
|
|upkeep
|
|t:|1760758808
|switch|p2a: Keldeo|Keldeo-Resolute, tera:Fighting|61/100
|turn|24
|
|t:|1760758822
|move|p2a: Keldeo|Vacuum Wave|p1a: Zamazenta
|-damage|p1a: Zamazenta|0 fnt
|faint|p1a: Zamazenta
|
|upkeep
|
|t:|1760758824
|switch|p1a: Scizor|Scizor, F|100/100
|turn|25
|inactive|sniper20657 has 120 seconds left.
|
|t:|1760758861
|move|p2a: Keldeo|Vacuum Wave|p1a: Scizor
|-damage|p1a: Scizor|50/100
|move|p1a: Scizor|U-turn|p2a: Keldeo
|-resisted|p2a: Keldeo
|-damage|p2a: Keldeo|39/100
|inactive|sniper20657 has 120 seconds left.
|
|t:|1760758870
|switch|p1a: Hydrapple|Hydrapple, M, tera:Steel|69/100|[from] U-turn
|
|upkeep
|turn|26
|
|t:|1760758873
|switch|p1a: Iron Moth|Iron Moth|23/100
|-damage|p1a: Iron Moth|0 fnt|[from] Stealth Rock
|faint|p1a: Iron Moth
|-end|p1a: Iron Moth|Quark Drive|[silent]
|move|p2a: Keldeo|Vacuum Wave|p1: Iron Moth|[notarget]
|-fail|p2a: Keldeo
|
|upkeep
|
|t:|1760758886
|switch|p1a: Hydrapple|Hydrapple, M, tera:Steel|100/100
|turn|27
|
|t:|1760758893
|move|p2a: Keldeo|Vacuum Wave|p1a: Hydrapple
|-supereffective|p1a: Hydrapple
|-damage|p1a: Hydrapple|13/100
|move|p1a: Hydrapple|Draco Meteor|p2a: Keldeo
|-damage|p2a: Keldeo|0 fnt
|-unboost|p1a: Hydrapple|spa|2
|faint|p2a: Keldeo
|
|upkeep
|
|t:|1760758895
|switch|p2a: Ferrothorn ?|Corviknight, M, shiny|25/100
|-ability|p2a: Ferrothorn ?|Pressure
|turn|28
|
|t:|1760758908
|move|p2a: Ferrothorn ?|Roost|p2a: Ferrothorn ?
|-heal|p2a: Ferrothorn ?|75/100
|-singleturn|p2a: Ferrothorn ?|move: Roost
|move|p1a: Hydrapple|Draco Meteor|p2a: Ferrothorn ?|[miss]
|-miss|p1a: Hydrapple|p2a: Ferrothorn ?
|
|upkeep
|turn|29
|
|t:|1760758918
|switch|p1a: Landorus|Landorus-Therian, M|19/100
|-damage|p1a: Landorus|7/100|[from] Stealth Rock
|-ability|p1a: Landorus|Intimidate|boost
|-unboost|p2a: Ferrothorn ?|atk|1
|move|p2a: Ferrothorn ?|Roost|p2a: Ferrothorn ?
|-heal|p2a: Ferrothorn ?|100/100
|-singleturn|p2a: Ferrothorn ?|move: Roost
|
|upkeep
|turn|30
|
|t:|1760758924
|move|p1a: Landorus|Stone Edge|p2a: Ferrothorn ?
|-damage|p2a: Ferrothorn ?|75/100
|move|p2a: Ferrothorn ?|Body Press|p1a: Landorus
|-resisted|p1a: Landorus
|-damage|p1a: Landorus|0 fnt
|faint|p1a: Landorus
|
|upkeep
|
|t:|1760758930
|switch|p1a: Scizor|Scizor, F|50/100
|turn|31
|
|t:|1760758936
|move|p2a: Ferrothorn ?|Roost|p2a: Ferrothorn ?
|-heal|p2a: Ferrothorn ?|100/100
|-singleturn|p2a: Ferrothorn ?|move: Roost
|move|p1a: Scizor|Counter||[still]
|-fail|p1a: Scizor
|
|upkeep
|turn|32
|
|t:|1760758941
|switch|p1a: Hydrapple|Hydrapple, M, tera:Steel|46/100
|move|p2a: Ferrothorn ?|Body Press|p1a: Hydrapple
|-supereffective|p1a: Hydrapple
|-damage|p1a: Hydrapple|17/100
|
|upkeep
|turn|33
|
|t:|1760758948
|move|p2a: Ferrothorn ?|Body Press|p1a: Hydrapple
|-supereffective|p1a: Hydrapple
|-damage|p1a: Hydrapple|0 fnt
|faint|p1a: Hydrapple
|
|upkeep
|
|t:|1760758949
|switch|p1a: Scizor|Scizor, F|50/100
|turn|34
|
|t:|1760758952
|move|p2a: Ferrothorn ?|Body Press|p1a: Scizor
|-damage|p1a: Scizor|24/100
|move|p1a: Scizor|Counter|p2a: Ferrothorn ?
|-damage|p2a: Ferrothorn ?|54/100
|-damage|p1a: Scizor|7/100|[from] item: Rocky Helmet|[of] p2a: Ferrothorn ?
|
|upkeep
|turn|35
|-message|sniper20657 forfeited.
|
|win|ssauga
|raw|sniper20657's rating: 1222 &rarr; <strong>1204</strong><br />(-18 for losing)
|raw|ssauga's rating: 1320 &rarr; <strong>1335</strong><br />(+15 for winning)
|l|☆sniper20657
|player|p1|
