|j|☆zippah2
|j|☆taw
|t:|1760742392
|gametype|singles
|player|p1|zippah2|veteran-gen4|1477
|player|p2|taw|170|1482
|gen|9
|tier|[Gen 9] OU
|rated|
|rule|HP Percentage Mod: HP is shown in percentages
|rule|Endless Battle Clause: Forcing endless battles is banned
|rule|Species Clause: Limit one of each Pokémon
|rule|OHKO Clause: OHKO moves are banned
|rule|Evasion Items Clause: Evasion items are banned
|rule|Evasion Moves Clause: Evasion moves are banned
|rule|Evasion Abilities Clause: Evasion abilities are banned
|rule|Sleep Moves Clause: Sleep-inducing moves are banned
|clearpoke
|poke|p1|Polteageist|
|poke|p1|Indeedee, M|
|poke|p1|Ursaluna, F|
|poke|p1|Maushold|
|poke|p1|Hatterene, F|
|poke|p1|Azumarill, F|
|poke|p2|Hoopa-Unbound|
|poke|p2|Corviknight, F|
|poke|p2|Dragapult, M|
|poke|p2|Slowking-Galar, M|
|poke|p2|Landorus-Therian, M|
|poke|p2|Zamazenta-*|
|teampreview
|
|t:|1760742409
|teamsize|p1|6
|teamsize|p2|6
|start
|switch|p1a: Azumarill|Azumarill, F|100/100
|switch|p2a: Dragapult|Dragapult, M|100/100
|turn|1
|
|t:|1760742416
|move|p2a: Dragapult|U-turn|p1a: Azumarill
|-resisted|p1a: Azumarill
|-damage|p1a: Azumarill|93/100
|
|t:|1760742420
|switch|p2a: Corviknight|Corviknight, F|100/100|[from] U-turn
|-ability|p2a: Corviknight|Pressure
|move|p1a: Azumarill|Knock Off|p2a: Corviknight
|-damage|p2a: Corviknight|75/100
|-damage|p1a: Azumarill|76/100|[from] item: Rocky Helmet|[of] p2a: Corviknight
|-enditem|p2a: Corviknight|Rocky Helmet|[from] move: Knock Off|[of] p1a: Azumarill
|
|upkeep
|turn|2
|
|t:|1760742447
|switch|p1a: Hatterene|Hatterene, F|100/100
|move|p2a: Corviknight|U-turn|p1a: Hatterene
|-damage|p1a: Hatterene|88/100
|
|t:|1760742453
|switch|p2a: Slowking|Slowking-Galar, M|100/100|[from] U-turn
|
|upkeep
|turn|3
|
|t:|1760742464
|move|p2a: Slowking|Sludge Bomb|p1a: Hatterene
|-supereffective|p1a: Hatterene
|-damage|p1a: Hatterene|18/100
|move|p1a: Hatterene|Trick Room|p1a: Hatterene
|-fieldstart|move: Trick Room|[of] p1a: Hatterene
|
|upkeep
|turn|4
|
|t:|1760742476
|switch|p1a: Ursaluna|Ursaluna, F|100/100
|move|p2a: Slowking|Sludge Bomb|p1a: Ursaluna
|-resisted|p1a: Ursaluna
|-damage|p1a: Ursaluna|87/100
|-status|p1a: Ursaluna|psn
|
|-damage|p1a: Ursaluna|74/100 psn|[from] psn
|upkeep
|turn|5
|
|t:|1760742490
|switch|p2a: Corviknight|Corviknight, F|75/100
|-ability|p2a: Corviknight|Pressure
|move|p1a: Ursaluna|Supercell Slam|p2a: Corviknight
|-supereffective|p2a: Corviknight
|-damage|p2a: Corviknight|8/100
|
|-damage|p1a: Ursaluna|62/100 psn|[from] psn
|upkeep
|turn|6
|
|t:|1760742501
|move|p1a: Ursaluna|Ice Punch|p2a: Corviknight
|-damage|p2a: Corviknight|0 fnt
|faint|p2a: Corviknight
|
|-damage|p1a: Ursaluna|49/100 psn|[from] psn
|upkeep
|
|t:|1760742510
|switch|p2a: Slowking|Slowking-Galar, M|100/100
|turn|7
|
|t:|1760742518
|move|p2a: Slowking|Ice Beam|p1a: Ursaluna
|-supereffective|p1a: Ursaluna
|-damage|p1a: Ursaluna|8/100 psn
|move|p1a: Ursaluna|Ice Punch|p2a: Slowking
|-damage|p2a: Slowking|51/100
|
|-damage|p1a: Ursaluna|0 fnt|[from] psn
|faint|p1a: Ursaluna
|-fieldend|move: Trick Room
|upkeep
|
|t:|1760742524
|switch|p1a: Indeedee|Indeedee, M|100/100
|-fieldstart|move: Psychic Terrain|[from] ability: Psychic Surge|[of] p1a: Indeedee
|turn|8
|
|t:|1760742537
|move|p1a: Indeedee|Expanding Force|p2a: Slowking
|-damage|p2a: Slowking|8/100
|move|p2a: Slowking|Sludge Bomb|p1a: Indeedee
|-damage|p1a: Indeedee|53/100
|
|upkeep
|turn|9
|
|t:|1760742543
|switch|p2a: Hoopa|Hoopa-Unbound|100/100
|move|p1a: Indeedee|Expanding Force|p2a: Hoopa
|-immune|p2a: Hoopa
|
|upkeep
|turn|10
|
|t:|1760742564
|move|p1a: Indeedee|Healing Wish|p1a: Indeedee
|faint|p1a: Indeedee
|move|p2a: Hoopa|Knock Off|p1: Indeedee|[notarget]
|-fail|p2a: Hoopa
|
|upkeep
|
|t:|1760742569
|switch|p1a: Polteageist|Polteageist|100/100
|turn|11
|
|t:|1760742575
|move|p1a: Polteageist|Shell Smash|p1a: Polteageist
|-unboost|p1a: Polteageist|def|1
|-unboost|p1a: Polteageist|spd|1
|-boost|p1a: Polteageist|atk|2
|-boost|p1a: Polteageist|spa|2
|-boost|p1a: Polteageist|spe|2
|move|p2a: Hoopa|Knock Off|p1a: Polteageist
|-supereffective|p1a: Polteageist
|-enditem|p1a: Polteageist|Focus Sash
|-damage|p1a: Polteageist|1/100
|-ability|p1a: Polteageist|Weak Armor|boost
|-unboost|p1a: Polteageist|def|1
|-boost|p1a: Polteageist|spe|2
|
|upkeep
|turn|12
|
|t:|1760742587
|-terastallize|p1a: Polteageist|Fighting
|move|p1a: Polteageist|Tera Blast|p2a: Hoopa|[anim] Tera Blast Fighting
|-damage|p2a: Hoopa|52/100
|move|p2a: Hoopa|Knock Off|p1a: Polteageist
|-resisted|p1a: Polteageist
|-damage|p1a: Polteageist|0 fnt
|faint|p1a: Polteageist
|
|upkeep
|
|t:|1760742595
|switch|p1a: Maushold|Maushold|100/100
|turn|13
|
|t:|1760742599
|move|p1a: Maushold|Bite|p2a: Hoopa
|-damage|p2a: Hoopa|29/100
|cant|p2a: Hoopa|flinch
|
|upkeep
|turn|14
|
|t:|1760742604
|move|p1a: Maushold|Population Bomb|p2a: Hoopa
|-damage|p2a: Hoopa|16/100
|-damage|p2a: Hoopa|4/100
|-crit|p2a: Hoopa
|-damage|p2a: Hoopa|0 fnt
|faint|p2a: Hoopa
|-hitcount|p2: Hoopa|3
|
|upkeep
|
|t:|1760742613
|switch|p2a: Landorus|Landorus-Therian, M|100/100
|-ability|p2a: Landorus|Intimidate|boost
|-unboost|p1a: Maushold|atk|1
|turn|15
|
|t:|1760742626
|move|p1a: Maushold|Tidy Up|p1a: Maushold
|-boost|p1a: Maushold|atk|1
|-boost|p1a: Maushold|spe|1
|move|p2a: Landorus|Earthquake|p1a: Maushold
|-damage|p1a: Maushold|0 fnt
|faint|p1a: Maushold
|
|-fieldend|move: Psychic Terrain
|upkeep
|
|t:|1760742632
|switch|p1a: Azumarill|Azumarill, F|76/100
|-heal|p1a: Azumarill|100/100|[from] move: Healing Wish
|turn|16
|
|t:|1760742640
|-terastallize|p2a: Landorus|Water
|move|p2a: Landorus|Earthquake|p1a: Azumarill
|-damage|p1a: Azumarill|37/100
|move|p1a: Azumarill|Knock Off|p2a: Landorus
|-damage|p2a: Landorus|57/100
|-enditem|p2a: Landorus|Soft Sand|[from] move: Knock Off|[of] p1a: Azumarill
|
|upkeep
|turn|17
|
|t:|1760742651
|move|p2a: Landorus|Earthquake|p1a: Azumarill
|-damage|p1a: Azumarill|0 fnt
|faint|p1a: Azumarill
|
|upkeep
|
|t:|1760742653
|switch|p1a: Hatterene|Hatterene, F|18/100
|turn|18
|
|t:|1760742657
|move|p2a: Landorus|Earthquake|p1a: Hatterene
|-damage|p1a: Hatterene|0 fnt
|faint|p1a: Hatterene
|
|win|taw
|raw|zippah2's rating: 1477 &rarr; <strong>1457</strong><br />(-20 for losing)
|raw|taw's rating: 1482 &rarr; <strong>1502</strong><br />(+20 for winning)
|l|☆zippah2
|player|p1|
