|j|☆Perola Pe
|j|☆peanu1
|t:|1760759923
|gametype|singles
|player|p1|Perola Pe|wallace|1323
|player|p2|peanu1|265|1309
|gen|9
|tier|[Gen 9] OU
|rated|
|rule|HP Percentage Mod: HP is shown in percentages
|rule|Endless Battle Clause: Forcing endless battles is banned
|rule|Species Clause: Limit one of each Pokémon
|rule|OHKO Clause: OHKO moves are banned
|rule|Evasion Items Clause: Evasion items are banned
|rule|Evasion Moves Clause: Evasion moves are banned
|rule|Evasion Abilities Clause: Evasion abilities are banned
|rule|Sleep Moves Clause: Sleep-inducing moves are banned
|clearpoke
|poke|p1|Raging Bolt|
|poke|p1|Iron Valiant|
|poke|p1|Enamorus, F|
|poke|p1|Zamazenta-*|
|poke|p1|Primarina, F|
|poke|p1|Cinderace, F|
|poke|p2|Dragalge, M|
|poke|p2|Alomomola, F|
|poke|p2|Clefable, M|
|poke|p2|Garganacl, M|
|poke|p2|Sinistcha|
|poke|p2|Gliscor, F|
|teampreview
|
|t:|1760759955
|teamsize|p1|6
|teamsize|p2|6
|start
|switch|p1a: Cinderace|Cinderace, F|100/100
|switch|p2a: Gliscor|Gliscor, F|100/100
|turn|1
|
|t:|1760759963
|move|p1a: Cinderace|Will-O-Wisp|p2a: Gliscor
|-status|p2a: Gliscor|brn
|move|p2a: Gliscor|Knock Off|p1a: Cinderace
|-damage|p1a: Cinderace|85/100
|-enditem|p1a: Cinderace|Heavy-Duty Boots|[from] move: Knock Off|[of] p2a: Gliscor
|
|-damage|p2a: Gliscor|94/100 brn|[from] brn
|upkeep
|turn|2
|
|t:|1760759972
|move|p1a: Cinderace|U-turn|p2a: Gliscor
|-start|p1a: Cinderace|typechange|Bug|[from] ability: Libero
|-resisted|p2a: Gliscor
|-damage|p2a: Gliscor|82/100 brn
|
|t:|1760759976
|switch|p1a: Primarina|Primarina, F|100/100|[from] U-turn
|move|p2a: Gliscor|Knock Off|p1a: Primarina
|-resisted|p1a: Primarina
|-damage|p1a: Primarina|93/100
|-enditem|p1a: Primarina|Choice Specs|[from] move: Knock Off|[of] p2a: Gliscor
|
|-damage|p2a: Gliscor|75/100 brn|[from] brn
|upkeep
|turn|3
|
|t:|1760760001
|switch|p2a: Clefable|Clefable, M|100/100
|move|p1a: Primarina|Moonblast|p2a: Clefable
|-damage|p2a: Clefable|52/100
|
|upkeep
|turn|4
|
|t:|1760760012
|move|p1a: Primarina|Moonblast|p2a: Clefable
|-damage|p2a: Clefable|5/100
|move|p2a: Clefable|Thunder Wave|p1a: Primarina
|-status|p1a: Primarina|par
|
|upkeep
|turn|5
|
|t:|1760760017
|move|p2a: Clefable|Moonlight|p2a: Clefable
|-heal|p2a: Clefable|55/100
|move|p1a: Primarina|Moonblast|p2a: Clefable
|-damage|p2a: Clefable|7/100
|
|upkeep
|turn|6
|
|t:|1760760032
|move|p2a: Clefable|Moonlight|p2a: Clefable
|-heal|p2a: Clefable|57/100
|move|p1a: Primarina|Moonblast|p2a: Clefable
|-damage|p2a: Clefable|4/100
|
|upkeep
|turn|7
|
|t:|1760760042
|move|p2a: Clefable|Moonlight|p2a: Clefable
|-heal|p2a: Clefable|54/100
|cant|p1a: Primarina|par
|
|upkeep
|turn|8
|inactive|Battle timer is ON: inactive players will automatically lose when time's up. (requested by Perola Pe)
|
|t:|1760760070
|move|p2a: Clefable|Moonlight|p2a: Clefable
|-heal|p2a: Clefable|100/100
|move|p1a: Primarina|Moonblast|p2a: Clefable
|-damage|p2a: Clefable|47/100
|
|upkeep
|turn|9
|
|t:|1760760078
|move|p2a: Clefable|Calm Mind|p2a: Clefable
|-boost|p2a: Clefable|spa|1
|-boost|p2a: Clefable|spd|1
|move|p1a: Primarina|Moonblast|p2a: Clefable
|-damage|p2a: Clefable|13/100
|
|upkeep
|turn|10
|
|t:|1760760090
|switch|p1a: Cinderace|Cinderace, F|85/100
|move|p2a: Clefable|Moonlight|p2a: Clefable
|-heal|p2a: Clefable|63/100
|
|upkeep
|turn|11
|
|t:|1760760096
|move|p1a: Cinderace|Pyro Ball|p2a: Clefable
|-damage|p2a: Clefable|18/100
|move|p2a: Clefable|Moonblast|p1a: Cinderace
|-resisted|p1a: Cinderace
|-damage|p1a: Cinderace|51/100
|
|upkeep
|turn|12
|
|t:|1760760105
|switch|p2a: Alomomola|Alomomola, F|100/100
|move|p1a: Cinderace|Pyro Ball|p2a: Alomomola
|-resisted|p2a: Alomomola
|-damage|p2a: Alomomola|85/100
|
|upkeep
|turn|13
|
|t:|1760760109
|move|p1a: Cinderace|Will-O-Wisp|p2a: Alomomola
|-status|p2a: Alomomola|brn
|move|p2a: Alomomola|Wish|p2a: Alomomola
|
|-damage|p2a: Alomomola|79/100 brn|[from] brn
|upkeep
|turn|14
|
|t:|1760760118
|move|p1a: Cinderace|Pyro Ball|p2a: Alomomola
|-resisted|p2a: Alomomola
|-damage|p2a: Alomomola|65/100 brn
|move|p2a: Alomomola|Flip Turn|p1a: Cinderace
|-supereffective|p1a: Cinderace
|-crit|p1a: Cinderace
|-damage|p1a: Cinderace|22/100
|
|t:|1760760121
|switch|p2a: Clefable|Clefable, M|18/100|[from] Flip Turn
|
|-heal|p2a: Clefable|85/100|[from] move: Wish|[wisher] Alomomola
|upkeep
|turn|15
|
|t:|1760760131
|switch|p2a: MEGA DRAGALGE|Dragalge, M|100/100
|move|p1a: Cinderace|Pyro Ball|p2a: MEGA DRAGALGE
|-resisted|p2a: MEGA DRAGALGE
|-damage|p2a: MEGA DRAGALGE|78/100
|
|-heal|p2a: MEGA DRAGALGE|84/100|[from] item: Leftovers
|upkeep
|turn|16
|
|t:|1760760139
|move|p1a: Cinderace|Pyro Ball|p2a: MEGA DRAGALGE
|-resisted|p2a: MEGA DRAGALGE
|-crit|p2a: MEGA DRAGALGE
|-damage|p2a: MEGA DRAGALGE|50/100
|move|p2a: MEGA DRAGALGE|Toxic Spikes|p1a: Cinderace
|-sidestart|p1: Perola Pe|move: Toxic Spikes
|
|-heal|p2a: MEGA DRAGALGE|56/100|[from] item: Leftovers
|upkeep
|turn|17
|
|t:|1760760149
|move|p1a: Cinderace|Court Change|p1a: Cinderace
|-start|p1a: Cinderace|typechange|Normal|[from] ability: Libero
|-swapsideconditions
|-activate|p1a: Cinderace|move: Court Change
|move|p2a: MEGA DRAGALGE|Flip Turn|p1a: Cinderace
|-damage|p1a: Cinderace|7/100
|
|t:|1760760153
|switch|p2a: Alomomola|Alomomola, F|98/100 brn|[from] Flip Turn
|
|-damage|p2a: Alomomola|92/100 brn|[from] brn
|upkeep
|turn|18
|
|t:|1760760165
|move|p1a: Cinderace|U-turn|p2a: Alomomola
|-damage|p2a: Alomomola|81/100 brn
|
|t:|1760760172
|switch|p1a: Raging Bolt|Raging Bolt|100/100|[from] U-turn
|move|p2a: Alomomola|Wish|p2a: Alomomola
|
|-damage|p2a: Alomomola|75/100 brn|[from] brn
|upkeep
|turn|19
|
|t:|1760760183
|switch|p2a: Gliscor|Gliscor, F|75/100 brn
|move|p1a: Raging Bolt|Calm Mind|p1a: Raging Bolt
|-boost|p1a: Raging Bolt|spa|1
|-boost|p1a: Raging Bolt|spd|1
|
|-heal|p2a: Gliscor|100/100 brn|[from] move: Wish|[wisher] Alomomola
|-damage|p2a: Gliscor|94/100 brn|[from] brn
|upkeep
|turn|20
|
|t:|1760760197
|move|p2a: Gliscor|Knock Off|p1a: Raging Bolt
|-damage|p1a: Raging Bolt|93/100
|-enditem|p1a: Raging Bolt|Shuca Berry|[from] move: Knock Off|[of] p2a: Gliscor
|move|p1a: Raging Bolt|Dragon Pulse|p2a: Gliscor
|-damage|p2a: Gliscor|36/100 brn
|
|-damage|p2a: Gliscor|29/100 brn|[from] brn
|upkeep
|turn|21
|
|t:|1760760206
|move|p2a: Gliscor|Spikes|p1a: Raging Bolt
|-sidestart|p1: Perola Pe|Spikes
|move|p1a: Raging Bolt|Dragon Pulse|p2a: Gliscor
|-damage|p2a: Gliscor|0 fnt
|faint|p2a: Gliscor
|
|upkeep
|
|t:|1760760209
|switch|p2a: Clefable|Clefable, M|85/100
|turn|22
|
|t:|1760760231
|move|p1a: Raging Bolt|Thunderbolt|p2a: Clefable
|-damage|p2a: Clefable|34/100
|move|p2a: Clefable|Moonlight|p2a: Clefable
|-heal|p2a: Clefable|84/100
|
|upkeep
|turn|23
|
|t:|1760760237
|move|p1a: Raging Bolt|Thunderbolt|p2a: Clefable
|-damage|p2a: Clefable|30/100
|move|p2a: Clefable|Moonblast|p1a: Raging Bolt
|-supereffective|p1a: Raging Bolt
|-damage|p1a: Raging Bolt|34/100
|
|upkeep
|turn|24
|
|t:|1760760244
|move|p1a: Raging Bolt|Thunderbolt|p2a: Clefable
|-damage|p2a: Clefable|0 fnt
|faint|p2a: Clefable
|
|upkeep
|
|t:|1760760260
|switch|p2a: Garganacl|Garganacl, M|100/100
|turn|25
|
|t:|1760760266
|move|p1a: Raging Bolt|Thunderbolt|p2a: Garganacl
|-damage|p2a: Garganacl|49/100
|move|p2a: Garganacl|Salt Cure|p1a: Raging Bolt
|-damage|p1a: Raging Bolt|22/100
|-start|p1a: Raging Bolt|Salt Cure
|
|-damage|p1a: Raging Bolt|10/100|[from] Salt Cure
|upkeep
|turn|26
|
|t:|1760760273
|move|p1a: Raging Bolt|Thunderbolt|p2a: Garganacl
|-damage|p2a: Garganacl|0 fnt
|faint|p2a: Garganacl
|
|-damage|p1a: Raging Bolt|0 fnt|[from] Salt Cure
|faint|p1a: Raging Bolt
|-end|p1a: Raging Bolt|Protosynthesis|[silent]
|upkeep
|-message|peanu1 forfeited.
|
|win|Perola Pe
|raw|Perola Pe's rating: 1323 &rarr; <strong>1342</strong><br />(+19 for winning)
|raw|peanu1's rating: 1309 &rarr; <strong>1290</strong><br />(-19 for losing)
|l|☆peanu1
|player|p2|
|l|☆Perola Pe
|player|p1|
