|j|☆enesthesans
|j|☆NoNSket
|t:|1760855166
|gametype|singles
|player|p1|enesthesans|bugcatcher-gen4dp|1098
|player|p2|NoNSket|waiter|1119
|gen|9
|tier|[Gen 9] OU
|rated|
|rule|HP Percentage Mod: HP is shown in percentages
|rule|Endless Battle Clause: Forcing endless battles is banned
|rule|Species Clause: Limit one of each Pokémon
|rule|OHKO Clause: OHKO moves are banned
|rule|Evasion Items Clause: Evasion items are banned
|rule|Evasion Moves Clause: Evasion moves are banned
|rule|Evasion Abilities Clause: Evasion abilities are banned
|rule|Sleep Moves Clause: Sleep-inducing moves are banned
|clearpoke
|poke|p1|Flareon, F|
|poke|p1|Muk, M|
|poke|p1|Heracross, M|
|poke|p1|Luxray, F|
|poke|p1|Zangoose, F|
|poke|p1|Cinderace, M|
|poke|p2|Mimikyu, F|
|poke|p2|Venusaur, M|
|poke|p2|Skarmory, M|
|poke|p2|Electrode|
|poke|p2|Gyarados, M|
|poke|p2|Kommo-o, M|
|teampreview
|inactive|Battle timer is ON: inactive players will automatically lose when time's up. (requested by enesthesans)
|
|t:|1760855171
|teamsize|p1|6
|teamsize|p2|6
|start
|switch|p1a: Muk|Muk, M|100/100
|switch|p2a: Skarmory|Skarmory, M|100/100
|turn|1
|
|t:|1760855175
|move|p2a: Skarmory|Stealth Rock|p1a: Muk
|-sidestart|p1: enesthesans|move: Stealth Rock
|move|p1a: Muk|Toxic Spikes|p2a: Skarmory
|-sidestart|p2: NoNSket|move: Toxic Spikes
|
|upkeep
|turn|2
|j| poli_7127_Q
|
|t:|1760855180
|switch|p1a: Cinderace|Cinderace, M|100/100
|move|p2a: Skarmory|Iron Defense|p2a: Skarmory
|-boost|p2a: Skarmory|def|2
|
|upkeep
|turn|3
|
|t:|1760855185
|move|p1a: Cinderace|Pyro Ball|p2a: Skarmory
|-supereffective|p2a: Skarmory
|-damage|p2a: Skarmory|57/100
|move|p2a: Skarmory|Body Press|p1a: Cinderace
|-damage|p1a: Cinderace|30/100
|
|upkeep
|turn|4
|
|t:|1760855190
|move|p1a: Cinderace|Court Change|p1a: Cinderace
|-start|p1a: Cinderace|typechange|Normal|[from] ability: Libero
|-swapsideconditions
|-activate|p1a: Cinderace|move: Court Change
|move|p2a: Skarmory|Body Press|p1a: Cinderace
|-supereffective|p1a: Cinderace
|-damage|p1a: Cinderace|0 fnt
|faint|p1a: Cinderace
|
|upkeep
|
|t:|1760855201
|switch|p1a: Luxray|Luxray, F|100/100
|-status|p1a: Luxray|psn
|turn|5
|
|t:|1760855205
|move|p1a: Luxray|Supercell Slam|p2a: Skarmory
|-supereffective|p2a: Skarmory
|-damage|p2a: Skarmory|0 fnt
|-damage|p1a: Luxray|84/100 psn|[from] item: Rocky Helmet|[of] p2a: Skarmory
|faint|p2a: Skarmory
|
|-damage|p1a: Luxray|72/100 psn|[from] psn
|upkeep
|
|t:|1760855215
|switch|p2a: Venusaur|Venusaur, M|100/100
|-damage|p2a: Venusaur|88/100|[from] Stealth Rock
|turn|6
|
|t:|1760855218
|move|p1a: Luxray|Supercell Slam|p2a: Venusaur
|-resisted|p2a: Venusaur
|-damage|p2a: Venusaur|50/100
|move|p2a: Venusaur|Curse|p2a: Venusaur
|-unboost|p2a: Venusaur|spe|1
|-boost|p2a: Venusaur|atk|1
|-boost|p2a: Venusaur|def|1
|
|-heal|p2a: Venusaur|56/100|[from] item: Leftovers
|-damage|p1a: Luxray|59/100 psn|[from] psn
|upkeep
|turn|7
|
|t:|1760855224
|switch|p1a: Flareon|Flareon, F|100/100
|-status|p1a: Flareon|psn
|move|p2a: Venusaur|Curse|p2a: Venusaur
|-unboost|p2a: Venusaur|spe|1
|-boost|p2a: Venusaur|atk|1
|-boost|p2a: Venusaur|def|1
|
|-heal|p2a: Venusaur|62/100|[from] item: Leftovers
|-damage|p1a: Flareon|88/100 psn|[from] psn
|upkeep
|turn|8
|
|t:|1760855228
|move|p1a: Flareon|Flare Blitz|p2a: Venusaur
|-supereffective|p2a: Venusaur
|-damage|p2a: Venusaur|0 fnt
|faint|p2a: Venusaur
|-damage|p1a: Flareon|61/100 psn|[from] Recoil
|
|-damage|p1a: Flareon|49/100 psn|[from] psn
|upkeep
|
|t:|1760855231
|switch|p2a: Gyarados|Gyarados, M|100/100
|-damage|p2a: Gyarados|76/100|[from] Stealth Rock
|-ability|p2a: Gyarados|Intimidate|boost
|-unboost|p1a: Flareon|atk|1
|turn|9
|
|t:|1760855239
|move|p1a: Flareon|Flare Blitz|p2a: Gyarados
|-resisted|p2a: Gyarados
|-damage|p2a: Gyarados|37/100
|-damage|p1a: Flareon|33/100 psn|[from] Recoil
|move|p2a: Gyarados|Dragon Dance|p2a: Gyarados
|-boost|p2a: Gyarados|atk|1
|-boost|p2a: Gyarados|spe|1
|
|-heal|p2a: Gyarados|43/100|[from] item: Leftovers
|-damage|p1a: Flareon|21/100 psn|[from] psn
|upkeep
|turn|10
|
|t:|1760855242
|move|p2a: Gyarados|Aqua Tail|p1a: Flareon
|-supereffective|p1a: Flareon
|-crit|p1a: Flareon
|-damage|p1a: Flareon|0 fnt
|faint|p1a: Flareon
|
|-heal|p2a: Gyarados|49/100|[from] item: Leftovers
|upkeep
|
|t:|1760855245
|switch|p1a: Zangoose|Zangoose, F|100/100
|-status|p1a: Zangoose|psn
|turn|11
|
|t:|1760855250
|-terastallize|p1a: Zangoose|Normal
|move|p1a: Zangoose|Facade|p2a: Gyarados
|-damage|p2a: Gyarados|0 fnt
|faint|p2a: Gyarados
|
|-damage|p1a: Zangoose|88/100 psn|[from] psn
|upkeep
|
|t:|1760855256
|switch|p2a: Mimikyu|Mimikyu, F|100/100
|-damage|p2a: Mimikyu|88/100|[from] Stealth Rock
|turn|12
|
|t:|1760855262
|switch|p1a: Muk|Muk, M|100/100
|-sideend|p1: enesthesans|move: Toxic Spikes|[of] p1a: Muk
|move|p2a: Mimikyu|Swords Dance|p2a: Mimikyu
|-boost|p2a: Mimikyu|atk|2
|
|-heal|p2a: Mimikyu|94/100|[from] item: Leftovers
|upkeep
|turn|13
|
|t:|1760855273
|-terastallize|p2a: Mimikyu|Bug
|move|p2a: Mimikyu|Shadow Claw|p1a: Muk
|-damage|p1a: Muk|36/100
|move|p1a: Muk|Toxic|p2a: Mimikyu
|-status|p2a: Mimikyu|tox
|
|-heal|p2a: Mimikyu|99/100 tox|[from] item: Leftovers
|-damage|p2a: Mimikyu|94/100 tox|[from] psn
|upkeep
|turn|14
|
|t:|1760855278
|move|p2a: Mimikyu|Shadow Claw|p1a: Muk
|-damage|p1a: Muk|0 fnt
|faint|p1a: Muk
|
|-heal|p2a: Mimikyu|99/100 tox|[from] item: Leftovers
|-damage|p2a: Mimikyu|88/100 tox|[from] psn
|upkeep
|
|t:|1760855284
|switch|p1a: Luxray|Luxray, F|59/100 psn
|turn|15
|
|t:|1760855291
|move|p1a: Luxray|Facade|p2a: Mimikyu
|-activate|p2a: Mimikyu|ability: Disguise
|-damage|p2a: Mimikyu|88/100 tox
|detailschange|p2a: Mimikyu|Mimikyu-Busted, F, tera:Bug
|-damage|p2a: Mimikyu|76/100 tox|[from] pokemon: Mimikyu-Busted
|move|p2a: Mimikyu|Play Rough|p1a: Luxray
|-damage|p1a: Luxray|0 fnt
|faint|p1a: Luxray
|
|-heal|p2a: Mimikyu|82/100 tox|[from] item: Leftovers
|-damage|p2a: Mimikyu|64/100 tox|[from] psn
|upkeep
|
|t:|1760855297
|switch|p1a: Zangoose|Zangoose, F, tera:Normal|88/100 psn
|turn|16
|
|t:|1760855310
|move|p1a: Zangoose|Facade|p2a: Mimikyu
|-damage|p2a: Mimikyu|0 fnt
|faint|p2a: Mimikyu
|
|-damage|p1a: Zangoose|76/100 psn|[from] psn
|upkeep
|
|t:|1760855314
|switch|p2a: Electrode|Electrode|100/100
|-damage|p2a: Electrode|88/100|[from] Stealth Rock
|turn|17
|
|t:|1760855318
|move|p1a: Zangoose|Facade|p2a: Electrode
|-damage|p2a: Electrode|0 fnt
|faint|p2a: Electrode
|
|-damage|p1a: Zangoose|64/100 psn|[from] psn
|upkeep
|
|t:|1760855321
|switch|p2a: Camilo|Kommo-o, M|100/100
|-damage|p2a: Camilo|94/100|[from] Stealth Rock
|turn|18
|
|t:|1760855324
|move|p1a: Zangoose|Facade|p2a: Camilo
|-damage|p2a: Camilo|0 fnt
|faint|p2a: Camilo
|
|win|enesthesans
|raw|enesthesans's rating: 1098 &rarr; <strong>1125</strong><br />(+27 for winning)
|raw|NoNSket's rating: 1119 &rarr; <strong>1092</strong><br />(-27 for losing)
|c|☆enesthesans|gg
|l|☆NoNSket
|player|p2|
|l|☆enesthesans
|player|p1|
|l| poli_7127_Q
