|j|☆PrunJus
|j|☆manumohanx
|t:|1760793344
|gametype|singles
|player|p1|PrunJus|preschooler|1138
|player|p2|manumohanx|cynthia-gen4|1140
|gen|9
|tier|[Gen 9] OU
|rated|
|rule|HP Percentage Mod: HP is shown in percentages
|rule|Endless Battle Clause: Forcing endless battles is banned
|rule|Species Clause: Limit one of each Pokémon
|rule|OHKO Clause: OHKO moves are banned
|rule|Evasion Items Clause: Evasion items are banned
|rule|Evasion Moves Clause: Evasion moves are banned
|rule|Evasion Abilities Clause: Evasion abilities are banned
|rule|Sleep Moves Clause: Sleep-inducing moves are banned
|clearpoke
|poke|p1|Charizard, M|
|poke|p1|Pelipper, M|
|poke|p1|Luvdisc, M|
|poke|p1|Virizion|
|poke|p1|Empoleon, M|
|poke|p1|Cryogonal|
|poke|p2|Haxorus, M|
|poke|p2|Kommo-o, F|
|poke|p2|Bisharp, M|
|poke|p2|Dragonite, F|
|poke|p2|Kingambit, M|
|poke|p2|Iron Moth|
|teampreview
|inactive|Battle timer is ON: inactive players will automatically lose when time's up. (requested by manumohanx)
|
|t:|1760793361
|teamsize|p1|6
|teamsize|p2|6
|start
|switch|p1a: Snowflake :)|Cryogonal|100/100
|switch|p2a: Iron Moth|Iron Moth|100/100
|-enditem|p2a: Iron Moth|Booster Energy
|-activate|p2a: Iron Moth|ability: Quark Drive|[fromitem]
|-start|p2a: Iron Moth|quarkdrivespe
|turn|1
|
|t:|1760793385
|move|p2a: Iron Moth|Fiery Dance|p1a: Snowflake :)
|-supereffective|p1a: Snowflake :)
|-damage|p1a: Snowflake :)|53/100
|move|p1a: Snowflake :)|Chilling Water|p2a: Iron Moth
|-supereffective|p2a: Iron Moth
|-damage|p2a: Iron Moth|76/100
|-unboost|p2a: Iron Moth|atk|1
|
|upkeep
|turn|2
|
|t:|1760793401
|switch|p1a: Gobble|Pelipper, M|100/100
|-weather|RainDance|[from] ability: Drizzle|[of] p1a: Gobble
|move|p2a: Iron Moth|Fiery Dance|p1a: Gobble
|-resisted|p1a: Gobble
|-damage|p1a: Gobble|87/100
|
|-weather|RainDance|[upkeep]
|upkeep
|turn|3
|
|t:|1760793410
|move|p2a: Iron Moth|Discharge|p1a: Gobble
|-supereffective|p1a: Gobble
|-damage|p1a: Gobble|0 fnt
|faint|p1a: Gobble
|
|-weather|RainDance|[upkeep]
|upkeep
|
|t:|1760793417
|switch|p1a: Destroyerofworlds|Luvdisc, M|100/100
|turn|4
|
|t:|1760793422
|move|p1a: Destroyerofworlds|Flip Turn|p2a: Iron Moth
|-supereffective|p2a: Iron Moth
|-damage|p2a: Iron Moth|44/100
|
|t:|1760793426
|switch|p1a: Bele drum|Charizard, M, shiny|100/100|[from] Flip Turn
|move|p2a: Iron Moth|Discharge|p1a: Bele drum
|-supereffective|p1a: Bele drum
|-damage|p1a: Bele drum|36/100
|
|-weather|RainDance|[upkeep]
|upkeep
|turn|5
|
|t:|1760793437
|move|p2a: Iron Moth|Discharge|p1a: Bele drum
|-supereffective|p1a: Bele drum
|-damage|p1a: Bele drum|0 fnt
|faint|p1a: Bele drum
|
|-weather|RainDance|[upkeep]
|upkeep
|
|t:|1760793442
|switch|p1a: Snowflake :)|Cryogonal|53/100
|turn|6
|
|t:|1760793450
|move|p2a: Iron Moth|Fiery Dance|p1a: Snowflake :)
|-supereffective|p1a: Snowflake :)
|-damage|p1a: Snowflake :)|32/100
|move|p1a: Snowflake :)|Flash Cannon|p2a: Iron Moth
|-resisted|p2a: Iron Moth
|-damage|p2a: Iron Moth|35/100
|-unboost|p2a: Iron Moth|spd|1
|
|-weather|RainDance|[upkeep]
|upkeep
|turn|7
|
|t:|1760793459
|move|p2a: Iron Moth|Fiery Dance|p1a: Snowflake :)
|-supereffective|p1a: Snowflake :)
|-damage|p1a: Snowflake :)|8/100
|-boost|p2a: Iron Moth|spa|1
|move|p1a: Snowflake :)|Freeze-Dry|p2a: Iron Moth
|-resisted|p2a: Iron Moth
|-damage|p2a: Iron Moth|18/100
|
|-weather|RainDance|[upkeep]
|upkeep
|turn|8
|
|t:|1760793467
|move|p2a: Iron Moth|Fiery Dance|p1a: Snowflake :)
|-supereffective|p1a: Snowflake :)
|-damage|p1a: Snowflake :)|0 fnt
|-boost|p2a: Iron Moth|spa|1
|faint|p1a: Snowflake :)
|
|-weather|RainDance|[upkeep]
|upkeep
|
|t:|1760793474
|switch|p1a: Destroyerofworlds|Luvdisc, M|100/100
|turn|9
|
|t:|1760793480
|move|p1a: Destroyerofworlds|Flip Turn|p2a: Iron Moth
|-supereffective|p2a: Iron Moth
|-damage|p2a: Iron Moth|0 fnt
|faint|p2a: Iron Moth
|-end|p2a: Iron Moth|Quark Drive|[silent]
|
|t:|1760793485
|switch|p1a: dimpleon|Empoleon, M|100/100|[from] Flip Turn
|
|-weather|none
|upkeep
|-message|PrunJus forfeited.
|
|win|manumohanx
|raw|PrunJus's rating: 1138 &rarr; <strong>1113</strong><br />(-25 for losing)
|raw|manumohanx's rating: 1140 &rarr; <strong>1165</strong><br />(+25 for winning)
|l|☆PrunJus
|player|p1|
|l|☆manumohanx
|player|p2|
