|j|☆chenke
|j|☆AminitraboTTT
|t:|1760844879
|gametype|singles
|player|p1|chenke|clerk|
|player|p2|AminitraboTTT|supernerd|
|gen|9
|tier|[Gen 9] OU
|rule|HP Percentage Mod: HP is shown in percentages
|rule|Endless Battle Clause: Forcing endless battles is banned
|rule|Species Clause: Limit one of each Pokémon
|rule|OHKO Clause: OHKO moves are banned
|rule|Evasion Items Clause: Evasion items are banned
|rule|Evasion Moves Clause: Evasion moves are banned
|rule|Evasion Abilities Clause: Evasion abilities are banned
|rule|Sleep Moves Clause: Sleep-inducing moves are banned
|clearpoke
|poke|p1|Garchomp, M|
|poke|p1|Dragonite, F|
|poke|p1|Greninja-*, M|
|poke|p1|Gholdengo|
|poke|p2|Ogerpon-Wellspring, F|
|poke|p2|Raging Bolt|
|poke|p2|Great Tusk|
|poke|p2|Heatran, F|
|poke|p2|Enamorus, F|
|poke|p2|Kingambit, F|
|teampreview
|c|☆AminitraboTTT|Hola, soy AminitraboTTT, el bot de la sala Español. gl hf
|inactive|Battle timer is ON: inactive players will automatically lose when time's up. (requested by AminitraboTTT)
|
|t:|1760844884
|teamsize|p1|4
|teamsize|p2|6
|start
|switch|p1a: Greninja|Greninja, M|100/100
|switch|p2a: Great Tusk|Great Tusk|100/100
|turn|1
|
|t:|1760844889
|move|p1a: Greninja|Dark Pulse|p2a: Great Tusk
|-resisted|p2a: Great Tusk
|-damage|p2a: Great Tusk|68/100
|-damage|p1a: Greninja|91/100|[from] item: Life Orb
|move|p2a: Great Tusk|Taunt|p1a: Greninja
|-start|p1a: Greninja|move: Taunt
|
|upkeep
|turn|2
|
|t:|1760844893
|-terastallize|p2a: Great Tusk|Steel
|move|p1a: Greninja|Surf|p2a: Great Tusk
|-damage|p2a: Great Tusk|6/100
|-damage|p1a: Greninja|81/100|[from] item: Life Orb
|move|p2a: Great Tusk|Headlong Rush|p1a: Greninja
|-damage|p1a: Greninja|0 fnt
|-unboost|p2a: Great Tusk|def|1
|-unboost|p2a: Great Tusk|spd|1
|faint|p1a: Greninja
|
|upkeep
|
|t:|1760844900
|switch|p1a: Garchomp|Garchomp, M|100/100
|turn|3
|
|t:|1760844907
|move|p1a: Garchomp|Earthquake|p2a: Great Tusk
|-supereffective|p2a: Great Tusk
|-damage|p2a: Great Tusk|0 fnt
|faint|p2a: Great Tusk
|-end|p2a: Great Tusk|Protosynthesis|[silent]
|
|upkeep
|
|t:|1760844907
|switch|p2a: Enamorus|Enamorus, F|100/100
|turn|4
|
|t:|1760844910
|switch|p1a: Gholdengo|Gholdengo|100/100
|move|p2a: Enamorus|Moonblast|p1a: Gholdengo
|-resisted|p1a: Gholdengo
|-damage|p1a: Gholdengo|75/100
|
|-heal|p1a: Gholdengo|81/100|[from] item: Leftovers
|upkeep
|turn|5
|
|t:|1760844915
|switch|p2a: Kingambit|Kingambit, F|100/100
|-activate|p2a: Kingambit|ability: Supreme Overlord
|-start|p2a: Kingambit|fallen1|[silent]
|-item|p2a: Kingambit|Air Balloon
|move|p1a: Gholdengo|Substitute|p1a: Gholdengo
|-start|p1a: Gholdengo|Substitute
|-damage|p1a: Gholdengo|56/100
|
|-heal|p1a: Gholdengo|62/100|[from] item: Leftovers
|upkeep
|turn|6
|
|t:|1760844917
|move|p1a: Gholdengo|Nasty Plot|p1a: Gholdengo
|-boost|p1a: Gholdengo|spa|2
|move|p2a: Kingambit|Kowtow Cleave|p1a: Gholdengo
|-supereffective|p1a: Gholdengo
|-end|p1a: Gholdengo|Substitute
|
|-heal|p1a: Gholdengo|68/100|[from] item: Leftovers
|upkeep
|turn|7
|
|t:|1760844919
|move|p1a: Gholdengo|Substitute|p1a: Gholdengo
|-start|p1a: Gholdengo|Substitute
|-damage|p1a: Gholdengo|43/100
|move|p2a: Kingambit|Kowtow Cleave|p1a: Gholdengo
|-supereffective|p1a: Gholdengo
|-end|p1a: Gholdengo|Substitute
|
|-heal|p1a: Gholdengo|50/100|[from] item: Leftovers
|upkeep
|turn|8
|
|t:|1760844925
|move|p2a: Kingambit|Sucker Punch||[still]
|-fail|p2a: Kingambit
|move|p1a: Gholdengo|Substitute|p1a: Gholdengo
|-start|p1a: Gholdengo|Substitute
|-damage|p1a: Gholdengo|25/100
|
|-heal|p1a: Gholdengo|31/100|[from] item: Leftovers
|upkeep
|turn|9
|
|t:|1760844928
|move|p2a: Kingambit|Sucker Punch|p1a: Gholdengo
|-supereffective|p1a: Gholdengo
|-crit|p1a: Gholdengo
|-end|p1a: Gholdengo|Substitute
|move|p1a: Gholdengo|Shadow Ball|p2a: Kingambit
|-resisted|p2a: Kingambit
|-damage|p2a: Kingambit|57/100
|-enditem|p2a: Kingambit|Air Balloon
|
|-heal|p1a: Gholdengo|37/100|[from] item: Leftovers
|upkeep
|turn|10
|
|t:|1760844933
|move|p1a: Gholdengo|Substitute|p1a: Gholdengo
|-start|p1a: Gholdengo|Substitute
|-damage|p1a: Gholdengo|12/100
|move|p2a: Kingambit|Kowtow Cleave|p1a: Gholdengo
|-supereffective|p1a: Gholdengo
|-end|p1a: Gholdengo|Substitute
|
|-heal|p1a: Gholdengo|18/100|[from] item: Leftovers
|upkeep
|turn|11
|
|t:|1760844938
|move|p2a: Kingambit|Sucker Punch||[still]
|-fail|p2a: Kingambit
|move|p1a: Gholdengo|Nasty Plot|p1a: Gholdengo
|-boost|p1a: Gholdengo|spa|2
|
|-heal|p1a: Gholdengo|24/100|[from] item: Leftovers
|upkeep
|turn|12
|
|t:|1760844949
|move|p1a: Gholdengo|Make It Rain|p2a: Kingambit
|-resisted|p2a: Kingambit
|-damage|p2a: Kingambit|0 fnt
|-unboost|p1a: Gholdengo|spa|1
|faint|p2a: Kingambit
|-end|p2a: Kingambit|fallen1|[silent]
|
|-heal|p1a: Gholdengo|31/100|[from] item: Leftovers
|upkeep
|
|t:|1760844949
|switch|p2a: Heatran|Heatran, F, shiny|100/100
|turn|13
|
|t:|1760844955
|switch|p1a: Dragonite|Dragonite, F|100/100
|move|p2a: Heatran|Earth Power|p1a: Dragonite
|-immune|p1a: Dragonite
|
|upkeep
|turn|14
|
|t:|1760844962
|switch|p2a: Enamorus|Enamorus, F|100/100
|move|p1a: Dragonite|Earthquake|p2a: Enamorus
|-immune|p2a: Enamorus
|
|upkeep
|turn|15
|
|t:|1760844965
|switch|p1a: Gholdengo|Gholdengo|31/100
|move|p2a: Enamorus|Moonblast|p1a: Gholdengo
|-resisted|p1a: Gholdengo
|-damage|p1a: Gholdengo|7/100
|
|-heal|p1a: Gholdengo|14/100|[from] item: Leftovers
|upkeep
|turn|16
|
|t:|1760844973
|move|p2a: Enamorus|Moonblast|p1a: Gholdengo
|-resisted|p1a: Gholdengo
|-damage|p1a: Gholdengo|0 fnt
|faint|p1a: Gholdengo
|
|upkeep
|
|t:|1760844977
|switch|p1a: Dragonite|Dragonite, F|100/100
|turn|17
|
|t:|1760844979
|-terastallize|p1a: Dragonite|Normal
|move|p1a: Dragonite|Extreme Speed|p2a: Enamorus
|-damage|p2a: Enamorus|0 fnt
|faint|p2a: Enamorus
|
|upkeep
|
|t:|1760844979
|switch|p2a: Heatran|Heatran, F, shiny|100/100
|turn|18
|
|t:|1760844984
|switch|p1a: Garchomp|Garchomp, M|100/100
|move|p2a: Heatran|Stealth Rock|p1a: Garchomp
|-sidestart|p1: chenke|move: Stealth Rock
|
|upkeep
|turn|19
|
|t:|1760844999
|switch|p2a: Ogerpon|Ogerpon-Wellspring, F|100/100
|move|p1a: Garchomp|Swords Dance|p1a: Garchomp
|-boost|p1a: Garchomp|atk|2
|
|upkeep
|turn|20
|
|t:|1760845001
|move|p2a: Ogerpon|Swords Dance|p2a: Ogerpon
|-boost|p2a: Ogerpon|atk|2
|move|p1a: Garchomp|Outrage|p2a: Ogerpon
|-damage|p2a: Ogerpon|0 fnt
|faint|p2a: Ogerpon
|
|upkeep
|
|t:|1760845001
|switch|p2a: Raging Bolt|Raging Bolt|100/100
|turn|21
|
|t:|1760845004
|move|p1a: Garchomp|Outrage|p2a: Raging Bolt|[from] lockedmove
|-supereffective|p2a: Raging Bolt
|-damage|p2a: Raging Bolt|0 fnt
|faint|p2a: Raging Bolt
|-end|p2a: Raging Bolt|Protosynthesis|[silent]
|
|upkeep
|
|t:|1760845004
|switch|p2a: Heatran|Heatran, F, shiny|100/100
|turn|22
|
|t:|1760845006
|move|p1a: Garchomp|Outrage|p2a: Heatran|[from] lockedmove
|-resisted|p2a: Heatran
|-damage|p2a: Heatran|50/100
|-start|p1a: Garchomp|confusion|[fatigue]
|move|p2a: Heatran|Earth Power|p1a: Garchomp
|-damage|p1a: Garchomp|77/100
|
|-heal|p2a: Heatran|56/100|[from] item: Leftovers
|upkeep
|turn|23
|
|t:|1760845010
|-activate|p1a: Garchomp|confusion
|-damage|p1a: Garchomp|54/100|[from] confusion
|move|p2a: Heatran|Earth Power|p1a: Garchomp
|-damage|p1a: Garchomp|29/100
|
|-heal|p2a: Heatran|62/100|[from] item: Leftovers
|upkeep
|turn|24
|
|t:|1760845012
|-end|p1a: Garchomp|confusion
|move|p1a: Garchomp|Earthquake|p2a: Heatran
|-supereffective|p2a: Heatran
|-damage|p2a: Heatran|0 fnt
|faint|p2a: Heatran
|
|win|chenke
|c|☆AminitraboTTT|hax c:
|l|☆AminitraboTTT
|player|p2|
