|j|☆zast3133
|j|☆New Redemptioin
|t:|1760777236
|gametype|singles
|player|p1|zast3133|nate|1459
|player|p2|New Redemptioin|169|1490
|gen|9
|tier|[Gen 9] OU
|rated|
|rule|HP Percentage Mod: HP is shown in percentages
|rule|Endless Battle Clause: Forcing endless battles is banned
|rule|Species Clause: Limit one of each Pokémon
|rule|OHKO Clause: OHKO moves are banned
|rule|Evasion Items Clause: Evasion items are banned
|rule|Evasion Moves Clause: Evasion moves are banned
|rule|Evasion Abilities Clause: Evasion abilities are banned
|rule|Sleep Moves Clause: Sleep-inducing moves are banned
|clearpoke
|poke|p1|Raging Bolt|
|poke|p1|Dondozo, M|
|poke|p1|Scizor, M|
|poke|p1|Iron Valiant|
|poke|p1|Araquanid, M|
|poke|p1|Arcanine-Hisui, M|
|poke|p2|Pelipper, M|
|poke|p2|Barraskewda, F|
|poke|p2|Iron Treads|
|poke|p2|Hatterene, F|
|poke|p2|Raging Bolt|
|poke|p2|Meowscarada, M|
|teampreview
|
|t:|1760777242
|teamsize|p1|6
|teamsize|p2|6
|start
|switch|p1a: Arcanine|Arcanine-Hisui, M, shiny|100/100
|switch|p2a: Pelipper|Pelipper, M|100/100
|-weather|RainDance|[from] ability: Drizzle|[of] p2a: Pelipper
|turn|1
|inactive|Battle timer is ON: inactive players will automatically lose when time's up. (requested by New Redemptioin)
|
|t:|1760777255
|switch|p2a: Iron Treads|Iron Treads|100/100
|move|p1a: Arcanine|Head Smash|p2a: Iron Treads
|-resisted|p2a: Iron Treads
|-damage|p2a: Iron Treads|78/100
|
|-weather|RainDance|[upkeep]
|upkeep
|turn|2
|j| Wodje
|
|t:|1760777263
|switch|p1a: Araquanid|Araquanid, M, shiny|100/100
|move|p2a: Iron Treads|Volt Switch|p1a: Araquanid
|-supereffective|p1a: Araquanid
|-damage|p1a: Araquanid|83/100
|
|t:|1760777267
|-end|p2a: Iron Treads|Quark Drive|[silent]
|switch|p2a: Raging Bolt|Raging Bolt|100/100|[from] Volt Switch
|
|-weather|RainDance|[upkeep]
|upkeep
|turn|3
|
|t:|1760777287
|move|p2a: Raging Bolt|Volt Switch|p1a: Araquanid
|-supereffective|p1a: Araquanid
|-damage|p1a: Araquanid|0 fnt
|faint|p1a: Araquanid
|
|t:|1760777292
|-end|p2a: Raging Bolt|Protosynthesis|[silent]
|switch|p2a: Meowscarada|Meowscarada, M|100/100|[from] Volt Switch
|
|-weather|RainDance|[upkeep]
|upkeep
|
|t:|1760777299
|switch|p1a: Scizor|Scizor, M, shiny|100/100
|turn|4
|
|t:|1760777303
|move|p2a: Meowscarada|U-turn|p1a: Scizor
|-start|p2a: Meowscarada|typechange|Bug|[from] ability: Protean
|-resisted|p1a: Scizor
|-damage|p1a: Scizor|85/100
|
|t:|1760777305
|switch|p2a: Iron Treads|Iron Treads|78/100|[from] U-turn
|move|p1a: Scizor|Swords Dance|p1a: Scizor
|-boost|p1a: Scizor|atk|2
|
|-weather|RainDance|[upkeep]
|-heal|p1a: Scizor|91/100|[from] item: Leftovers
|upkeep
|turn|5
|
|t:|1760777316
|move|p2a: Iron Treads|Earthquake|p1a: Scizor
|-damage|p1a: Scizor|42/100
|move|p1a: Scizor|Dual Wingbeat|p2a: Iron Treads
|-resisted|p2a: Iron Treads
|-damage|p2a: Iron Treads|55/100
|-resisted|p2a: Iron Treads
|-damage|p2a: Iron Treads|34/100
|-hitcount|p2a: Iron Treads|2
|
|-weather|RainDance|[upkeep]
|-heal|p1a: Scizor|48/100|[from] item: Leftovers
|upkeep
|turn|6
|
|t:|1760777343
|move|p1a: Scizor|Bullet Punch|p2a: Iron Treads
|-resisted|p2a: Iron Treads
|-damage|p2a: Iron Treads|4/100
|move|p2a: Iron Treads|Earthquake|p1a: Scizor
|-damage|p1a: Scizor|3/100
|
|-weather|RainDance|[upkeep]
|-heal|p1a: Scizor|9/100|[from] item: Leftovers
|upkeep
|turn|7
|
|t:|1760777352
|move|p1a: Scizor|Bullet Punch|p2a: Iron Treads
|-resisted|p2a: Iron Treads
|-damage|p2a: Iron Treads|0 fnt
|faint|p2a: Iron Treads
|-end|p2a: Iron Treads|Quark Drive|[silent]
|
|-weather|RainDance|[upkeep]
|-heal|p1a: Scizor|15/100|[from] item: Leftovers
|upkeep
|
|t:|1760777354
|switch|p2a: Barraskewda|Barraskewda, F|100/100
|turn|8
|
|t:|1760777366
|switch|p1a: Dondozo|Dondozo, M, shiny|100/100
|move|p2a: Barraskewda|Aqua Jet|p1a: Dondozo
|-resisted|p1a: Dondozo
|-damage|p1a: Dondozo|87/100
|
|-weather|none
|-heal|p1a: Dondozo|93/100|[from] item: Leftovers
|upkeep
|turn|9
|
|t:|1760777375
|switch|p2a: Pelipper|Pelipper, M|100/100
|-weather|RainDance|[from] ability: Drizzle|[of] p2a: Pelipper
|move|p1a: Dondozo|Curse|p1a: Dondozo
|-unboost|p1a: Dondozo|spe|1
|-boost|p1a: Dondozo|atk|1
|-boost|p1a: Dondozo|def|1
|
|-weather|RainDance|[upkeep]
|-heal|p1a: Dondozo|99/100|[from] item: Leftovers
|upkeep
|turn|10
|
|t:|1760777387
|move|p2a: Pelipper|U-turn|p1a: Dondozo
|-damage|p1a: Dondozo|96/100
|
|t:|1760777390
|switch|p2a: Raging Bolt|Raging Bolt|100/100|[from] U-turn
|move|p1a: Dondozo|Avalanche|p2a: Raging Bolt
|-supereffective|p2a: Raging Bolt
|-damage|p2a: Raging Bolt|62/100
|
|-weather|RainDance|[upkeep]
|-heal|p1a: Dondozo|100/100|[from] item: Leftovers
|upkeep
|turn|11
|
|t:|1760777401
|-terastallize|p1a: Dondozo|Dark
|move|p2a: Raging Bolt|Volt Switch|p1a: Dondozo
|-damage|p1a: Dondozo|58/100
|
|t:|1760777407
|-end|p2a: Raging Bolt|Protosynthesis|[silent]
|switch|p2a: Hatterene|Hatterene, F|100/100|[from] Volt Switch
|move|p1a: Dondozo|Avalanche|p2a: Hatterene
|-damage|p2a: Hatterene|83/100
|-enditem|p2a: Hatterene|Eject Button
|
|t:|1760777410
|switch|p2a: Raging Bolt|Raging Bolt|62/100
|
|-weather|RainDance|[upkeep]
|-heal|p1a: Dondozo|64/100|[from] item: Leftovers
|upkeep
|turn|12
|
|t:|1760777420
|move|p2a: Raging Bolt|Thunder|p1a: Dondozo
|-damage|p1a: Dondozo|0 fnt
|faint|p1a: Dondozo
|
|-weather|RainDance|[upkeep]
|upkeep
|
|t:|1760777427
|switch|p1a: Arcanine|Arcanine-Hisui, M, shiny|100/100
|turn|13
|
|t:|1760777433
|-end|p2a: Raging Bolt|Protosynthesis|[silent]
|switch|p2a: Hatterene|Hatterene, F|83/100
|move|p1a: Arcanine|Head Smash|p2a: Hatterene
|-damage|p2a: Hatterene|0 fnt
|faint|p2a: Hatterene
|
|-weather|RainDance|[upkeep]
|upkeep
|
|t:|1760777438
|switch|p2a: Barraskewda|Barraskewda, F|100/100
|turn|14
|
|t:|1760777447
|switch|p1a: Scizor|Scizor, M, shiny|15/100
|move|p2a: Barraskewda|Flip Turn|p1a: Scizor
|-damage|p1a: Scizor|0 fnt
|faint|p1a: Scizor
|
|t:|1760777451
|switch|p2a: Meowscarada|Meowscarada, M|100/100|[from] Flip Turn
|
|-weather|RainDance|[upkeep]
|upkeep
|
|t:|1760777467
|switch|p1a: Arcanine|Arcanine-Hisui, M, shiny|100/100
|turn|15
|
|t:|1760777482
|move|p1a: Arcanine|Extreme Speed|p2a: Meowscarada
|-damage|p2a: Meowscarada|44/100
|move|p2a: Meowscarada|U-turn|p1a: Arcanine
|-start|p2a: Meowscarada|typechange|Bug|[from] ability: Protean
|-resisted|p1a: Arcanine
|-damage|p1a: Arcanine|81/100
|
|t:|1760777485
|switch|p2a: Barraskewda|Barraskewda, F|100/100|[from] U-turn
|
|-weather|RainDance|[upkeep]
|upkeep
|turn|16
|
|t:|1760777495
|move|p1a: Arcanine|Extreme Speed|p2a: Barraskewda
|-damage|p2a: Barraskewda|31/100
|move|p2a: Barraskewda|Flip Turn|p1a: Arcanine
|-supereffective|p1a: Arcanine
|-damage|p1a: Arcanine|0 fnt
|faint|p1a: Arcanine
|
|t:|1760777504
|switch|p2a: Meowscarada|Meowscarada, M|44/100|[from] Flip Turn
|
|-weather|none
|upkeep
|
|t:|1760777510
|switch|p1a: Iron Valiant|Iron Valiant|100/100
|-enditem|p1a: Iron Valiant|Booster Energy
|-activate|p1a: Iron Valiant|ability: Quark Drive|[fromitem]
|-start|p1a: Iron Valiant|quarkdrivespe
|turn|17
|
|t:|1760777519
|move|p2a: Meowscarada|Play Rough|p1a: Iron Valiant
|-start|p2a: Meowscarada|typechange|Fairy|[from] ability: Protean
|-supereffective|p1a: Iron Valiant
|-damage|p1a: Iron Valiant|0 fnt
|faint|p1a: Iron Valiant
|-end|p1a: Iron Valiant|Quark Drive|[silent]
|
|upkeep
|
|t:|1760777528
|switch|p1a: Raging Bolt|Raging Bolt|100/100
|-enditem|p1a: Raging Bolt|Booster Energy
|-activate|p1a: Raging Bolt|ability: Protosynthesis|[fromitem]
|-start|p1a: Raging Bolt|protosynthesisspa
|turn|18
|
|t:|1760777536
|switch|p2a: Pelipper|Pelipper, M|100/100
|-weather|RainDance|[from] ability: Drizzle|[of] p2a: Pelipper
|move|p1a: Raging Bolt|Thunderbolt|p2a: Pelipper
|-supereffective|p2a: Pelipper
|-damage|p2a: Pelipper|0 fnt
|faint|p2a: Pelipper
|
|-weather|RainDance|[upkeep]
|upkeep
|
|t:|1760777540
|switch|p2a: Raging Bolt|Raging Bolt|62/100
|turn|19
|
|t:|1760777556
|move|p2a: Raging Bolt|Dragon Pulse|p1a: Raging Bolt
|-supereffective|p1a: Raging Bolt
|-damage|p1a: Raging Bolt|0 fnt
|faint|p1a: Raging Bolt
|-end|p1a: Raging Bolt|Protosynthesis|[silent]
|
|win|New Redemptioin
|raw|zast3133's rating: 1459 &rarr; <strong>1441</strong><br />(-18 for losing)
|raw|New Redemptioin's rating: 1490 &rarr; <strong>1508</strong><br />(+18 for winning)
|l|☆zast3133
|player|p1|
|l|☆New Redemptioin
|player|p2|
