|j|☆Kis Vegallomas
|j|☆countingwishes
|t:|1760735199
|gametype|singles
|player|p1|Kis Vegallomas|1|1420
|player|p2|countingwishes|cynthia-masters|1390
|gen|9
|tier|[Gen 9] OU
|rated|
|rule|HP Percentage Mod: HP is shown in percentages
|rule|Endless Battle Clause: Forcing endless battles is banned
|rule|Species Clause: Limit one of each Pokémon
|rule|OHKO Clause: OHKO moves are banned
|rule|Evasion Items Clause: Evasion items are banned
|rule|Evasion Moves Clause: Evasion moves are banned
|rule|Evasion Abilities Clause: Evasion abilities are banned
|rule|Sleep Moves Clause: Sleep-inducing moves are banned
|clearpoke
|poke|p1|Garchomp, M|
|poke|p1|Slowking-Galar, F|
|poke|p1|Keldeo-Resolute|
|poke|p1|Grimmsnarl, M|
|poke|p1|Iron Crown|
|poke|p1|Primeape, F|
|poke|p2|Glastrier|
|poke|p2|Ting-Lu|
|poke|p2|Zapdos|
|poke|p2|Cyclizar, F|
|poke|p2|Alomomola, M|
|poke|p2|Gholdengo|
|teampreview
|
|t:|1760735238
|teamsize|p1|6
|teamsize|p2|6
|start
|switch|p1a: Iron Crown|Iron Crown|100/100
|switch|p2a: Zapdos|Zapdos|100/100
|turn|1
|
|t:|1760735246
|move|p2a: Zapdos|Heat Wave|p1a: Iron Crown
|-supereffective|p1a: Iron Crown
|-damage|p1a: Iron Crown|47/100
|-enditem|p1a: Iron Crown|Weakness Policy
|-boost|p1a: Iron Crown|atk|2|[from] item: Weakness Policy
|-boost|p1a: Iron Crown|spa|2|[from] item: Weakness Policy
|move|p1a: Iron Crown|Agility|p1a: Iron Crown
|-boost|p1a: Iron Crown|spe|2
|
|upkeep
|turn|2
|
|t:|1760735251
|switch|p2a: Ting-Lu|Ting-Lu|100/100
|-ability|p2a: Ting-Lu|Vessel of Ruin
|move|p1a: Iron Crown|Stored Power|p2a: Ting-Lu
|-immune|p2a: Ting-Lu
|
|upkeep
|turn|3
|
|t:|1760735262
|-terastallize|p1a: Iron Crown|Fighting
|move|p1a: Iron Crown|Tera Blast|p2a: Ting-Lu|[anim] Tera Blast Fighting
|-supereffective|p2a: Ting-Lu
|-damage|p2a: Ting-Lu|15/100
|move|p2a: Ting-Lu|Earthquake|p1a: Iron Crown
|-damage|p1a: Iron Crown|10/100
|
|-heal|p2a: Ting-Lu|21/100|[from] item: Leftovers
|upkeep
|turn|4
|
|t:|1760735273
|move|p1a: Iron Crown|Tachyon Cutter|p2a: Ting-Lu
|-damage|p2a: Ting-Lu|0 fnt
|faint|p2a: Ting-Lu
|-hitcount|p2: Ting-Lu|1
|
|upkeep
|
|t:|1760735274
|switch|p2a: Alomomola|Alomomola, M|100/100
|turn|5
|
|t:|1760735276
|move|p1a: Iron Crown|Stored Power|p2a: Alomomola
|-damage|p2a: Alomomola|0 fnt
|faint|p2a: Alomomola
|
|upkeep
|
|t:|1760735281
|switch|p2a: Gholdengo|Gholdengo|100/100
|turn|6
|
|t:|1760735293
|move|p1a: Iron Crown|Stored Power|p2a: Gholdengo
|-resisted|p2a: Gholdengo
|-damage|p2a: Gholdengo|9/100
|move|p2a: Gholdengo|Shadow Ball|p1a: Iron Crown
|-damage|p1a: Iron Crown|0 fnt
|faint|p1a: Iron Crown
|-end|p1a: Iron Crown|Quark Drive|[silent]
|
|upkeep
|
|t:|1760735301
|switch|p1a: Keldeo|Keldeo-Resolute|100/100
|turn|7
|
|t:|1760735307
|move|p2a: Gholdengo|Shadow Ball|p1a: Keldeo
|-damage|p1a: Keldeo|54/100
|-unboost|p1a: Keldeo|spd|1
|move|p1a: Keldeo|Calm Mind|p1a: Keldeo
|-boost|p1a: Keldeo|spa|1
|-boost|p1a: Keldeo|spd|1
|
|-heal|p1a: Keldeo|60/100|[from] item: Leftovers
|upkeep
|turn|8
|
|t:|1760735317
|move|p2a: Gholdengo|Shadow Ball|p1a: Keldeo
|-damage|p1a: Keldeo|15/100
|move|p1a: Keldeo|Calm Mind|p1a: Keldeo
|-boost|p1a: Keldeo|spa|1
|-boost|p1a: Keldeo|spd|1
|
|-heal|p1a: Keldeo|22/100|[from] item: Leftovers
|upkeep
|turn|9
|
|t:|1760735318
|move|p2a: Gholdengo|Shadow Ball|p1a: Keldeo
|-damage|p1a: Keldeo|0 fnt
|faint|p1a: Keldeo
|
|upkeep
|
|t:|1760735323
|switch|p1a: Garchomp|Garchomp, M|100/100
|turn|10
|
|t:|1760735328
|move|p2a: Gholdengo|Shadow Ball|p1a: Garchomp
|-damage|p1a: Garchomp|64/100
|-unboost|p1a: Garchomp|spd|1
|move|p1a: Garchomp|Scale Shot|p2a: Gholdengo
|-resisted|p2a: Gholdengo
|-damage|p2a: Gholdengo|2/100
|-resisted|p2a: Gholdengo
|-damage|p2a: Gholdengo|0 fnt
|faint|p2a: Gholdengo
|-hitcount|p2: Gholdengo|2
|-unboost|p1a: Garchomp|def|1
|-boost|p1a: Garchomp|spe|1
|
|upkeep
|
|t:|1760735338
|switch|p2a: Zapdos|Zapdos|100/100
|turn|11
|
|t:|1760735341
|move|p1a: Garchomp|Scale Shot|p2a: Zapdos
|-damage|p2a: Zapdos|85/100
|-damage|p2a: Zapdos|68/100
|-damage|p2a: Zapdos|52/100
|-damage|p2a: Zapdos|36/100
|-damage|p2a: Zapdos|20/100
|-hitcount|p2a: Zapdos|5
|-unboost|p1a: Garchomp|def|1
|-boost|p1a: Garchomp|spe|1
|move|p2a: Zapdos|Hurricane|p1a: Garchomp
|-damage|p1a: Garchomp|0 fnt
|faint|p1a: Garchomp
|
|upkeep
|
|t:|1760735344
|switch|p1a: Slowking|Slowking-Galar, F|100/100
|turn|12
|
|t:|1760735351
|move|p2a: Zapdos|Volt Switch|p1a: Slowking
|-damage|p1a: Slowking|72/100
|
|t:|1760735352
|switch|p2a: Cyclizar|Cyclizar, F|100/100|[from] Volt Switch
|move|p1a: Slowking|Sludge Bomb|p2a: Cyclizar
|-damage|p2a: Cyclizar|5/100
|
|upkeep
|turn|13
|
|t:|1760735357
|switch|p1a: Grimmsnarl|Grimmsnarl, M|100/100
|move|p2a: Cyclizar|Knock Off|p1a: Grimmsnarl
|-resisted|p1a: Grimmsnarl
|-damage|p1a: Grimmsnarl|94/100
|-enditem|p1a: Grimmsnarl|Light Clay|[from] move: Knock Off|[of] p2a: Cyclizar
|
|upkeep
|turn|14
|
|t:|1760735361
|move|p1a: Grimmsnarl|Parting Shot|p2a: Cyclizar
|-unboost|p2a: Cyclizar|atk|1
|-unboost|p2a: Cyclizar|spa|1
|
|t:|1760735363
|switch|p1a: Slowking|Slowking-Galar, F|100/100|[from] Parting Shot
|move|p2a: Cyclizar|U-turn|p1a: Slowking
|-damage|p1a: Slowking|89/100
|
|t:|1760735366
|switch|p2a: Glastrier|Glastrier|100/100|[from] U-turn
|
|upkeep
|turn|15
|
|t:|1760735370
|move|p2a: Glastrier|High Horsepower|p1a: Slowking
|-supereffective|p1a: Slowking
|-damage|p1a: Slowking|11/100
|move|p1a: Slowking|Trick|p2a: Glastrier
|-activate|p1a: Slowking|move: Trick|[of] p2a: Glastrier
|-item|p2a: Glastrier|Choice Specs|[from] move: Trick
|-item|p1a: Slowking|Assault Vest|[from] move: Trick
|
|upkeep
|turn|16
|
|t:|1760735375
|move|p2a: Glastrier|High Horsepower|p1a: Slowking
|-supereffective|p1a: Slowking
|-damage|p1a: Slowking|0 fnt
|faint|p1a: Slowking
|-ability|p2a: Glastrier|Chilling Neigh|boost
|-boost|p2a: Glastrier|atk|1
|
|upkeep
|
|t:|1760735378
|switch|p1a: Primeape|Primeape, F|100/100
|turn|17
|
|t:|1760735383
|move|p1a: Primeape|Bulk Up|p1a: Primeape
|-boost|p1a: Primeape|atk|1
|-boost|p1a: Primeape|def|1
|move|p2a: Glastrier|High Horsepower|p1a: Primeape
|-damage|p1a: Primeape|58/100
|
|upkeep
|turn|18
|
|t:|1760735384
|move|p1a: Primeape|Drain Punch|p2a: Glastrier
|-supereffective|p2a: Glastrier
|-damage|p2a: Glastrier|32/100
|-heal|p1a: Primeape|96/100|[from] drain|[of] p2a: Glastrier
|move|p2a: Glastrier|High Horsepower|p1a: Primeape
|-damage|p1a: Primeape|56/100
|
|upkeep
|turn|19
|
|t:|1760735387
|move|p1a: Primeape|Drain Punch|p2a: Glastrier
|-supereffective|p2a: Glastrier
|-damage|p2a: Glastrier|0 fnt
|-heal|p1a: Primeape|74/100|[from] drain|[of] p2a: Glastrier
|faint|p2a: Glastrier
|
|upkeep
|
|t:|1760735388
|switch|p2a: Zapdos|Zapdos|20/100
|turn|20
|
|t:|1760735391
|move|p2a: Zapdos|Hurricane|p1a: Primeape|[miss]
|-miss|p2a: Zapdos|p1a: Primeape
|move|p1a: Primeape|Rage Fist|p2a: Zapdos
|-damage|p2a: Zapdos|0 fnt
|faint|p2a: Zapdos
|
|upkeep
|
|t:|1760735394
|switch|p2a: Cyclizar|Cyclizar, F|38/100
|turn|21
|
|t:|1760735397
|move|p2a: Cyclizar|Rapid Spin|p1a: Primeape
|-damage|p1a: Primeape|63/100
|-boost|p2a: Cyclizar|spe|1
|move|p1a: Primeape|Drain Punch|p2a: Cyclizar
|-supereffective|p2a: Cyclizar
|-damage|p2a: Cyclizar|0 fnt
|-heal|p1a: Primeape|82/100|[from] drain|[of] p2a: Cyclizar
|faint|p2a: Cyclizar
|
|win|Kis Vegallomas
|raw|Kis Vegallomas's rating: 1420 &rarr; <strong>1438</strong><br />(+18 for winning)
|raw|countingwishes's rating: 1390 &rarr; <strong>1372</strong><br />(-18 for losing)
|l|☆countingwishes
|player|p2|
