|j|☆Escavalier Esquire
|j|☆Havestol
|t:|1760733513
|gametype|singles
|player|p1|Escavalier Esquire|gentleman-gen4|1563
|player|p2|Havestol|mars|1583
|gen|9
|tier|[Gen 9] OU
|rated|
|rule|HP Percentage Mod: HP is shown in percentages
|rule|Endless Battle Clause: Forcing endless battles is banned
|rule|Species Clause: Limit one of each Pokémon
|rule|OHKO Clause: OHKO moves are banned
|rule|Evasion Items Clause: Evasion items are banned
|rule|Evasion Moves Clause: Evasion moves are banned
|rule|Evasion Abilities Clause: Evasion abilities are banned
|rule|Sleep Moves Clause: Sleep-inducing moves are banned
|clearpoke
|poke|p1|Arcanine-Hisui, F|
|poke|p1|Great Tusk|
|poke|p1|Ogerpon-Wellspring, F|
|poke|p1|Kingambit, F|
|poke|p1|Dragapult, F|
|poke|p1|Hatterene, F|
|poke|p2|Pelipper, F|
|poke|p2|Iron Treads|
|poke|p2|Braviary-Hisui, M|
|poke|p2|Barraskewda, F|
|poke|p2|Raging Bolt|
|poke|p2|Kingambit, F|
|teampreview
|inactive|Battle timer is ON: inactive players will automatically lose when time's up. (requested by Escavalier Esquire)
|
|t:|1760733538
|teamsize|p1|6
|teamsize|p2|6
|start
|switch|p1a: Arcanine|Arcanine-Hisui, F|100/100
|switch|p2a: Pelipper|Pelipper, F|100/100
|-weather|RainDance|[from] ability: Drizzle|[of] p2a: Pelipper
|turn|1
|
|t:|1760733548
|-terastallize|p2a: Pelipper|Ground
|move|p1a: Arcanine|Head Smash|p2a: Pelipper|[miss]
|-miss|p1a: Arcanine|p2a: Pelipper
|move|p2a: Pelipper|Weather Ball|p1a: Arcanine
|-supereffective|p1a: Arcanine
|-damage|p1a: Arcanine|0 fnt
|faint|p1a: Arcanine
|
|-weather|RainDance|[upkeep]
|upkeep
|
|t:|1760733553
|switch|p1a: Ogerpon|Ogerpon-Wellspring, F|100/100
|turn|2
|
|t:|1760733566
|switch|p2a: Barraskewda|Barraskewda, F|100/100
|move|p1a: Ogerpon|Ivy Cudgel|p2a: Barraskewda|[anim] Ivy Cudgel Water
|-resisted|p2a: Barraskewda
|-damage|p2a: Barraskewda|12/100
|
|-weather|RainDance|[upkeep]
|upkeep
|turn|3
|
|t:|1760733580
|move|p2a: Barraskewda|Close Combat|p1a: Ogerpon
|-damage|p1a: Ogerpon|16/100
|-unboost|p2a: Barraskewda|def|1
|-unboost|p2a: Barraskewda|spd|1
|move|p1a: Ogerpon|Ivy Cudgel|p2a: Barraskewda|[anim] Ivy Cudgel Water
|-resisted|p2a: Barraskewda
|-damage|p2a: Barraskewda|0 fnt
|faint|p2a: Barraskewda
|
|-weather|RainDance|[upkeep]
|upkeep
|
|t:|1760733594
|switch|p2a: Braviary|Braviary-Hisui, M|100/100
|turn|4
|
|t:|1760733605
|switch|p1a: Hatterene|Hatterene, F|100/100
|move|p2a: Braviary|Vacuum Wave|p1a: Hatterene
|-resisted|p1a: Hatterene
|-damage|p1a: Hatterene|94/100
|
|-weather|RainDance|[upkeep]
|upkeep
|turn|5
|
|t:|1760733620
|switch|p2a: Iron Treads|Iron Treads|100/100
|move|p1a: Hatterene|Draining Kiss|p2a: Iron Treads
|-resisted|p2a: Iron Treads
|-damage|p2a: Iron Treads|88/100
|-heal|p1a: Hatterene|100/100|[from] drain|[of] p2a: Iron Treads
|
|-weather|RainDance|[upkeep]
|-heal|p2a: Iron Treads|94/100|[from] item: Leftovers
|upkeep
|turn|6
|
|t:|1760733632
|switch|p1a: Great Tusk|Great Tusk|100/100
|move|p2a: Iron Treads|Stealth Rock|p1a: Great Tusk
|-sidestart|p1: Escavalier Esquire|move: Stealth Rock
|
|-weather|RainDance|[upkeep]
|-heal|p2a: Iron Treads|100/100|[from] item: Leftovers
|upkeep
|turn|7
|
|t:|1760733643
|-end|p2a: Iron Treads|Quark Drive|[silent]
|switch|p2a: Pelipper|Pelipper, F, tera:Ground|100/100
|move|p1a: Great Tusk|Rapid Spin|p2a: Pelipper
|-damage|p2a: Pelipper|88/100
|-boost|p1a: Great Tusk|spe|1
|-sideend|p1: Escavalier Esquire|Stealth Rock|[from] move: Rapid Spin|[of] p1a: Great Tusk
|
|-weather|RainDance|[upkeep]
|upkeep
|turn|8
|
|t:|1760733658
|-end|p1a: Great Tusk|Protosynthesis|[silent]
|switch|p1a: Hatterene|Hatterene, F|100/100
|move|p2a: Pelipper|U-turn|p1a: Hatterene
|-damage|p1a: Hatterene|91/100
|
|t:|1760733671
|switch|p2a: Raging Bolt|Raging Bolt|100/100|[from] U-turn
|
|-weather|none
|upkeep
|turn|9
|
|t:|1760733677
|move|p2a: Raging Bolt|Volt Switch|p1a: Hatterene
|-damage|p1a: Hatterene|64/100
|
|t:|1760733679
|-end|p2a: Raging Bolt|Protosynthesis|[silent]
|switch|p2a: Iron Treads|Iron Treads|100/100|[from] Volt Switch
|move|p1a: Hatterene|Draining Kiss|p2a: Iron Treads
|-resisted|p2a: Iron Treads
|-damage|p2a: Iron Treads|90/100
|-heal|p1a: Hatterene|73/100|[from] drain|[of] p2a: Iron Treads
|
|-heal|p2a: Iron Treads|96/100|[from] item: Leftovers
|upkeep
|turn|10
|
|t:|1760733685
|move|p2a: Iron Treads|Earthquake|p1a: Hatterene
|-damage|p1a: Hatterene|28/100
|move|p1a: Hatterene|Mystical Fire|p2a: Iron Treads
|-supereffective|p2a: Iron Treads
|-damage|p2a: Iron Treads|52/100
|-unboost|p2a: Iron Treads|spa|1
|
|-heal|p2a: Iron Treads|58/100|[from] item: Leftovers
|upkeep
|turn|11
|
|t:|1760733692
|switch|p1a: Great Tusk|Great Tusk|100/100
|move|p2a: Iron Treads|Earthquake|p1a: Great Tusk
|-damage|p1a: Great Tusk|73/100
|
|-heal|p2a: Iron Treads|64/100|[from] item: Leftovers
|upkeep
|turn|12
|
|t:|1760733697
|-end|p2a: Iron Treads|Quark Drive|[silent]
|switch|p2a: Pelipper|Pelipper, F, tera:Ground|88/100
|-weather|RainDance|[from] ability: Drizzle|[of] p2a: Pelipper
|move|p1a: Great Tusk|Stealth Rock|p2a: Pelipper
|-sidestart|p2: Havestol|move: Stealth Rock
|
|-weather|RainDance|[upkeep]
|upkeep
|turn|13
|
|t:|1760733701
|move|p1a: Great Tusk|Ice Spinner|p2a: Pelipper
|-supereffective|p2a: Pelipper
|-damage|p2a: Pelipper|48/100
|move|p2a: Pelipper|Hurricane|p1a: Great Tusk
|-supereffective|p1a: Great Tusk
|-damage|p1a: Great Tusk|0 fnt
|faint|p1a: Great Tusk
|-end|p1a: Great Tusk|Protosynthesis|[silent]
|
|-weather|RainDance|[upkeep]
|upkeep
|
|t:|1760733707
|switch|p1a: Ogerpon|Ogerpon-Wellspring, F|16/100
|turn|14
|
|t:|1760733720
|move|p1a: Ogerpon|Knock Off|p2a: Pelipper
|-damage|p2a: Pelipper|20/100
|-enditem|p2a: Pelipper|Damp Rock|[from] move: Knock Off|[of] p1a: Ogerpon
|move|p2a: Pelipper|U-turn|p1a: Ogerpon
|-supereffective|p1a: Ogerpon
|-damage|p1a: Ogerpon|0 fnt
|faint|p1a: Ogerpon
|c|☆Havestol|holy over predict
|
|t:|1760733735
|switch|p2a: Kingambit|Kingambit, F|100/100|[from] U-turn
|-damage|p2a: Kingambit|94/100|[from] Stealth Rock
|-activate|p2a: Kingambit|ability: Supreme Overlord
|-start|p2a: Kingambit|fallen1|[silent]
|
|-weather|RainDance|[upkeep]
|-heal|p2a: Kingambit|100/100|[from] item: Leftovers
|upkeep
|c|☆Escavalier Esquire|Over predict that you save peli, ya
|c|☆Havestol|what do i sack?
|-message|Escavalier Esquire forfeited.
|
|win|Havestol
|raw|Escavalier Esquire's rating: 1563 &rarr; <strong>1544</strong><br />(-19 for losing)
|raw|Havestol's rating: 1583 &rarr; <strong>1602</strong><br />(+19 for winning)
|l|☆Escavalier Esquire
|player|p1|
|c|☆Havestol|i dont need rain to win
|c|☆Havestol|and cudgel gets a kill always
