|j|☆senegal
|j|☆Sdarame
|inactive|Battle timer is ON: inactive players will automatically lose when time's up.
|t:|1760817821
|gametype|singles
|player|p1|senegal|266|
|player|p2|Sdarame|gambler|
|gen|9
|tier|[Gen 9] OU
|rated|Tournament battle
|rule|HP Percentage Mod: HP is shown in percentages
|rule|Endless Battle Clause: Forcing endless battles is banned
|rule|Species Clause: Limit one of each Pokémon
|rule|OHKO Clause: OHKO moves are banned
|rule|Evasion Items Clause: Evasion items are banned
|rule|Evasion Moves Clause: Evasion moves are banned
|rule|Evasion Abilities Clause: Evasion abilities are banned
|rule|Sleep Moves Clause: Sleep-inducing moves are banned
|raw|<div class="infobox"><details class="readmore" open><summary><strong>3 custom rules:</strong></summary> -blissey, -wailord, -wobbuffet</details></div>
|clearpoke
|poke|p1|Sandslash, F|
|poke|p1|Jolteon, F|
|poke|p1|Raikou|
|poke|p1|Spiritomb, F|
|poke|p1|Zoroark, M|
|poke|p1|Azumarill, M|
|poke|p2|Sandslash, M|
|poke|p2|Jolteon, F|
|poke|p2|Raikou|
|poke|p2|Spiritomb, M|
|poke|p2|Zoroark-Hisui, M|
|poke|p2|Azumarill, F|
|teampreview
|j|*Lady Monita ☀
|
|t:|1760817845
|teamsize|p1|6
|teamsize|p2|6
|start
|switch|p1a: Sandslash|Sandslash, F|100/100
|switch|p2a: Azumarill|Azumarill, F|100/100
|turn|1
|
|t:|1760817855
|switch|p1a: Spiritomb|Spiritomb, F|100/100
|-ability|p1a: Spiritomb|Pressure
|move|p2a: Azumarill|Aqua Jet|p1a: Spiritomb
|-damage|p1a: Spiritomb|69/100
|
|-heal|p1a: Spiritomb|75/100|[from] item: Leftovers
|upkeep
|turn|2
|j| Chitransh07
|inactive|Sdarame has 120 seconds left.
|
|t:|1760817896
|switch|p2a: Sandslash|Sandslash, M|100/100
|move|p1a: Spiritomb|Will-O-Wisp|p2a: Sandslash
|-status|p2a: Sandslash|brn
|
|-heal|p1a: Spiritomb|81/100|[from] item: Leftovers
|-damage|p2a: Sandslash|94/100 brn|[from] brn
|upkeep
|turn|3
|inactive|Sdarame has 90 seconds left.
|
|t:|1760817942
|switch|p1a: Sandslash|Sandslash, F|100/100
|move|p2a: Sandslash|Stealth Rock|p1a: Sandslash
|-sidestart|p1: senegal|move: Stealth Rock
|
|-heal|p2a: Sandslash|100/100 brn|[from] item: Leftovers
|-damage|p2a: Sandslash|94/100 brn|[from] brn
|upkeep
|turn|4
|
|t:|1760817955
|switch|p2a: Spiritomb|Spiritomb, M|100/100
|move|p1a: Sandslash|Stealth Rock|p2a: Spiritomb
|-sidestart|p2: Sdarame|move: Stealth Rock
|
|upkeep
|turn|5
|l| Chitransh07
|
|t:|1760817969
|switch|p2a: Spiritomb|Spiritomb, M|100/100
|-damage|p2a: Spiritomb|88/100|[from] Stealth Rock
|-ability|p2a: Spiritomb|Pressure
|switch|p1a: Jolteon|Jolteon, F|100/100
|
|upkeep
|turn|6
|
|t:|1760817982
|move|p1a: Jolteon|Wish|p1a: Jolteon
|move|p2a: Spiritomb|Foul Play|p1a: Jolteon
|-damage|p1a: Jolteon|67/100
|
|upkeep
|turn|7
|inactive|Sdarame has 90 seconds left.
|
|t:|1760817989
|move|p1a: Jolteon|Thunderbolt|p2a: Spiritomb
|-damage|p2a: Spiritomb|64/100
|move|p2a: Spiritomb|Will-O-Wisp|p1a: Jolteon
|-status|p1a: Jolteon|brn
|
|-heal|p1a: Jolteon|100/100 brn|[from] move: Wish|[wisher] Jolteon
|-damage|p1a: Jolteon|95/100 brn|[from] brn
|upkeep
|turn|8
|inactive|Sdarame has 90 seconds left.
|
|t:|1760817999
|move|p1a: Jolteon|Wish|p1a: Jolteon
|move|p2a: Spiritomb|Hex|p1a: Jolteon
|-damage|p1a: Jolteon|65/100 brn
|
|-damage|p1a: Jolteon|59/100 brn|[from] brn
|upkeep
|turn|9
|
|t:|1760818007
|move|p1a: Jolteon|Thunderbolt|p2a: Spiritomb
|-damage|p2a: Spiritomb|39/100
|move|p2a: Spiritomb|Foul Play|p1a: Jolteon
|-damage|p1a: Jolteon|27/100 brn
|
|-heal|p1a: Jolteon|77/100 brn|[from] move: Wish|[wisher] Jolteon
|-damage|p1a: Jolteon|71/100 brn|[from] brn
|upkeep
|turn|10
|
|t:|1760818017
|move|p1a: Jolteon|Wish|p1a: Jolteon
|move|p2a: Spiritomb|Pain Split|p1a: Jolteon
|-sethp|p1a: Jolteon|53/100 brn|[from] move: Pain Split|[silent]
|-sethp|p2a: Spiritomb|58/100|[from] move: Pain Split
|
|-damage|p1a: Jolteon|47/100 brn|[from] brn
|upkeep
|turn|11
|
|t:|1760818026
|move|p1a: Jolteon|Thunderbolt|p2a: Spiritomb
|-damage|p2a: Spiritomb|33/100
|move|p2a: Spiritomb|Foul Play|p1a: Jolteon
|-damage|p1a: Jolteon|15/100 brn
|
|-heal|p1a: Jolteon|65/100 brn|[from] move: Wish|[wisher] Jolteon
|-damage|p1a: Jolteon|59/100 brn|[from] brn
|upkeep
|turn|12
|
|t:|1760818031
|move|p1a: Jolteon|Thunderbolt|p2a: Spiritomb
|-damage|p2a: Spiritomb|7/100
|move|p2a: Spiritomb|Pain Split|p1a: Jolteon
|-sethp|p1a: Jolteon|33/100 brn|[from] move: Pain Split|[silent]
|-sethp|p2a: Spiritomb|36/100|[from] move: Pain Split
|
|-damage|p1a: Jolteon|27/100 brn|[from] brn
|upkeep
|turn|13
|inactive|Sdarame has 120 seconds left.
|
|t:|1760818044
|move|p1a: Jolteon|Thunderbolt|p2a: Spiritomb
|-damage|p2a: Spiritomb|8/100
|move|p2a: Spiritomb|Foul Play|p1a: Jolteon
|-damage|p1a: Jolteon|0 fnt
|faint|p1a: Jolteon
|
|upkeep
|
|t:|1760818049
|switch|p1a: Sandslash|Sandslash, F|100/100
|-damage|p1a: Sandslash|94/100|[from] Stealth Rock
|turn|14
|inactive|Sdarame has 120 seconds left.
|
|t:|1760818081
|move|p1a: Sandslash|Earthquake|p2a: Spiritomb
|-damage|p2a: Spiritomb|0 fnt
|faint|p2a: Spiritomb
|
|-heal|p1a: Sandslash|100/100|[from] item: Leftovers
|upkeep
|
|t:|1760818088
|switch|p2a: Azumarill|Azumarill, F|100/100
|-damage|p2a: Azumarill|88/100|[from] Stealth Rock
|turn|15
|
|t:|1760818106
|switch|p1a: Spiritomb|Spiritomb, F|81/100
|-damage|p1a: Spiritomb|69/100|[from] Stealth Rock
|-ability|p1a: Spiritomb|Pressure
|move|p2a: Azumarill|Aqua Jet|p1a: Spiritomb
|-damage|p1a: Spiritomb|41/100
|
|-heal|p1a: Spiritomb|47/100|[from] item: Leftovers
|upkeep
|turn|16
|inactive|Sdarame has 90 seconds left.
|
|t:|1760818142
|move|p2a: Azumarill|Aqua Jet|p1a: Spiritomb
|-damage|p1a: Spiritomb|15/100
|move|p1a: Spiritomb|Night Shade|p2a: Azumarill
|-damage|p2a: Azumarill|63/100
|
|-heal|p1a: Spiritomb|22/100|[from] item: Leftovers
|upkeep
|turn|17
|inactive|Sdarame has 90 seconds left.
|
|t:|1760818167
|switch|p1a: Azumarill|Azumarill, M|100/100
|-damage|p1a: Azumarill|88/100|[from] Stealth Rock
|move|p2a: Azumarill|Aqua Jet|p1a: Azumarill
|-resisted|p1a: Azumarill
|-damage|p1a: Azumarill|70/100
|
|upkeep
|turn|18
|inactive|Sdarame has 60 seconds left.
|inactive|Sdarame has 30 seconds left.
|
|t:|1760818219
|switch|p2a: Raikou|Raikou|100/100
|move|p1a: Azumarill|Liquidation|p2a: Raikou
|-damage|p2a: Raikou|0 fnt
|faint|p2a: Raikou
|
|upkeep
|inactive|Sdarame has 30 seconds left.
|
|t:|1760818224
|switch|p2a: Jolteon|Jolteon, F|100/100
|-damage|p2a: Jolteon|88/100|[from] Stealth Rock
|turn|19
|
|t:|1760818241
|switch|p1a: Sandslash|Sandslash, F|100/100
|-damage|p1a: Sandslash|94/100|[from] Stealth Rock
|move|p2a: Jolteon|Shadow Ball|p1a: Sandslash
|-damage|p1a: Sandslash|65/100
|-unboost|p1a: Sandslash|spd|1
|-damage|p2a: Jolteon|78/100|[from] item: Life Orb
|
|-heal|p1a: Sandslash|71/100|[from] item: Leftovers
|upkeep
|turn|20
|
|t:|1760818249
|switch|p2a: Sandslash|Sandslash, M|94/100 brn
|-damage|p2a: Sandslash|88/100 brn|[from] Stealth Rock
|move|p1a: Sandslash|Earthquake|p2a: Sandslash
|-damage|p2a: Sandslash|59/100 brn
|
|-heal|p2a: Sandslash|65/100 brn|[from] item: Leftovers
|-heal|p1a: Sandslash|77/100|[from] item: Leftovers
|-damage|p2a: Sandslash|59/100 brn|[from] brn
|upkeep
|turn|21
|
|t:|1760818253
|move|p2a: Sandslash|Earthquake|p1a: Sandslash
|-damage|p1a: Sandslash|63/100
|move|p1a: Sandslash|Rapid Spin|p2a: Sandslash
|-damage|p2a: Sandslash|49/100 brn
|-boost|p1a: Sandslash|spe|1
|-sideend|p1: senegal|Stealth Rock|[from] move: Rapid Spin|[of] p1a: Sandslash
|
|-heal|p2a: Sandslash|56/100 brn|[from] item: Leftovers
|-heal|p1a: Sandslash|69/100|[from] item: Leftovers
|-damage|p2a: Sandslash|49/100 brn|[from] brn
|upkeep
|turn|22
|
|t:|1760818257
|move|p2a: Sandslash|Rapid Spin|p1a: Sandslash
|-damage|p1a: Sandslash|64/100
|-boost|p2a: Sandslash|spe|1
|-sideend|p2: Sdarame|Stealth Rock|[from] move: Rapid Spin|[of] p2a: Sandslash
|move|p1a: Sandslash|Earthquake|p2a: Sandslash
|-damage|p2a: Sandslash|19/100 brn
|
|-heal|p2a: Sandslash|26/100 brn|[from] item: Leftovers
|-heal|p1a: Sandslash|70/100|[from] item: Leftovers
|-damage|p2a: Sandslash|19/100 brn|[from] brn
|upkeep
|turn|23
|
|t:|1760818265
|switch|p2a: Azumarill|Azumarill, F|63/100
|move|p1a: Sandslash|Stealth Rock|p2a: Azumarill
|-sidestart|p2: Sdarame|move: Stealth Rock
|
|-heal|p1a: Sandslash|76/100|[from] item: Leftovers
|upkeep
|turn|24
|
|t:|1760818275
|switch|p1a: Spiritomb|Spiritomb, F|22/100
|-ability|p1a: Spiritomb|Pressure
|move|p2a: Azumarill|Play Rough|p1a: Spiritomb
|-supereffective|p1a: Spiritomb
|-damage|p1a: Spiritomb|0 fnt
|faint|p1a: Spiritomb
|
|upkeep
|
|t:|1760818279
|switch|p1a: Sandslash|Sandslash, F|100/100
|turn|25
|
|t:|1760818281
|switch|p2a: Sandslash|Sandslash, M|19/100 brn
|-damage|p2a: Sandslash|13/100 brn|[from] Stealth Rock
|move|p1a: Sandslash|Sludge Bomb|p2a: Sandslash
|-resisted|p2a: Sandslash
|-damage|p2a: Sandslash|0 fnt
|faint|p2a: Sandslash
|
|upkeep
|
|t:|1760818283
|switch|p2a: Azumarill|Azumarill, F|63/100
|-damage|p2a: Azumarill|51/100|[from] Stealth Rock
|turn|26
|
|t:|1760818304
|move|p2a: Azumarill|Aqua Jet|p1a: Sandslash
|-damage|p1a: Sandslash|30/100
|replace|p1a: Zoroark|Zoroark, M
|-end|p1a: Zoroark|Illusion
|move|p1a: Zoroark|Sludge Bomb|p2a: Azumarill
|-supereffective|p2a: Azumarill
|-damage|p2a: Azumarill|0 fnt
|faint|p2a: Azumarill
|
|upkeep
|inactive|Sdarame has 90 seconds left.
|
|t:|1760818327
|switch|p2a: Jolteon|Jolteon, F|78/100
|-damage|p2a: Jolteon|66/100|[from] Stealth Rock
|turn|27
|
|t:|1760818338
|move|p1a: Zoroark|Sucker Punch|p2a: Jolteon
|-damage|p2a: Jolteon|6/100
|move|p2a: Jolteon|Alluring Voice|p1a: Zoroark
|-supereffective|p1a: Zoroark
|-damage|p1a: Zoroark|0 fnt
|faint|p1a: Zoroark
|-damage|p2a: Jolteon|0 fnt|[from] item: Life Orb
|faint|p2a: Jolteon
|
|upkeep
|
|t:|1760818345
|switch|p2a: Zoroark|Zoroark-Hisui, M|100/100
|switch|p1a: Azumarill|Azumarill, M|70/100
|-damage|p2a: Zoroark|88/100|[from] Stealth Rock
|turn|28
|inactive|Sdarame has 90 seconds left.
|
|t:|1760818355
|-terastallize|p1a: Azumarill|Water
|move|p1a: Azumarill|Aqua Jet|p2a: Zoroark
|-damage|p2a: Zoroark|0 fnt
|faint|p2a: Zoroark
|
|win|senegal
|n|☆senegal|senegal
|n|☆Sdarame|sdarame
|n|*Lady Monita ☀|ladymonita
