|j|☆ace trumpets
|j|☆monkeling
|t:|1760854378
|gametype|singles
|player|p1|ace trumpets|youngster-gen4dp|1456
|player|p2|monkeling|ash|1492
|gen|9
|tier|[Gen 9] OU
|rated|
|rule|HP Percentage Mod: HP is shown in percentages
|rule|Endless Battle Clause: Forcing endless battles is banned
|rule|Species Clause: Limit one of each Pokémon
|rule|OHKO Clause: OHKO moves are banned
|rule|Evasion Items Clause: Evasion items are banned
|rule|Evasion Moves Clause: Evasion moves are banned
|rule|Evasion Abilities Clause: Evasion abilities are banned
|rule|Sleep Moves Clause: Sleep-inducing moves are banned
|clearpoke
|poke|p1|Landorus-Therian, M|
|poke|p1|Pecharunt|
|poke|p1|Ogerpon-Wellspring, F|
|poke|p1|Kingambit, M|
|poke|p1|Zamazenta-*|
|poke|p1|Blaziken, F|
|poke|p2|Ting-Lu|
|poke|p2|Dondozo, M|
|poke|p2|Corviknight, F|
|poke|p2|Great Tusk|
|poke|p2|Dragonite, F|
|poke|p2|Blissey, F|
|teampreview
|inactive|Battle timer is ON: inactive players will automatically lose when time's up. (requested by monkeling)
|
|t:|1760854403
|teamsize|p1|6
|teamsize|p2|6
|start
|switch|p1a: Pecharunt|Pecharunt|100/100
|switch|p2a: Great Tusk|Great Tusk|100/100
|turn|1
|
|t:|1760854418
|move|p1a: Pecharunt|Parting Shot|p2a: Great Tusk
|-unboost|p2a: Great Tusk|atk|1
|-unboost|p2a: Great Tusk|spa|1
|
|t:|1760854424
|switch|p1a: Landorus|Landorus-Therian, M|100/100|[from] Parting Shot
|-ability|p1a: Landorus|Intimidate|boost
|-unboost|p2a: Great Tusk|atk|1
|move|p2a: Great Tusk|Stealth Rock|p1a: Landorus
|-sidestart|p1: ace trumpets|move: Stealth Rock
|
|upkeep
|turn|2
|
|t:|1760854440
|-end|p2a: Great Tusk|Protosynthesis|[silent]
|switch|p2a: Corviknight|Corviknight, F|100/100
|-ability|p2a: Corviknight|Pressure
|move|p1a: Landorus|Stealth Rock|p2a: Corviknight
|-sidestart|p2: monkeling|move: Stealth Rock
|
|upkeep
|turn|3
|
|t:|1760854447
|move|p1a: Landorus|U-turn|p2a: Corviknight
|-resisted|p2a: Corviknight
|-damage|p2a: Corviknight|98/100
|
|t:|1760854458
|switch|p1a: Pecharunt|Pecharunt|100/100|[from] U-turn
|move|p2a: Corviknight|Brave Bird|p1a: Pecharunt
|-damage|p1a: Pecharunt|80/100
|-damage|p2a: Corviknight|91/100|[from] Recoil
|
|-heal|p2a: Corviknight|97/100|[from] item: Leftovers
|upkeep
|turn|4
|
|t:|1760854467
|move|p1a: Pecharunt|Shadow Ball|p2a: Corviknight
|-damage|p2a: Corviknight|74/100
|-unboost|p2a: Corviknight|spd|1
|move|p2a: Corviknight|Brave Bird|p1a: Pecharunt
|-damage|p1a: Pecharunt|57/100
|-damage|p2a: Corviknight|67/100|[from] Recoil
|
|-heal|p2a: Corviknight|73/100|[from] item: Leftovers
|upkeep
|turn|5
|
|t:|1760854470
|move|p1a: Pecharunt|Recover|p1a: Pecharunt
|-heal|p1a: Pecharunt|100/100
|move|p2a: Corviknight|Roost|p2a: Corviknight
|-heal|p2a: Corviknight|100/100
|-singleturn|p2a: Corviknight|move: Roost
|
|upkeep
|turn|6
|
|t:|1760854474
|switch|p2a: Ting-Lu|Ting-Lu|100/100
|-ability|p2a: Ting-Lu|Vessel of Ruin
|move|p1a: Pecharunt|Shadow Ball|p2a: Ting-Lu
|-resisted|p2a: Ting-Lu
|-damage|p2a: Ting-Lu|96/100
|
|upkeep
|turn|7
|
|t:|1760854478
|move|p1a: Pecharunt|Toxic|p2a: Ting-Lu
|-status|p2a: Ting-Lu|tox
|-start|p2a: Ting-Lu|confusion|[from] ability: Poison Puppeteer|[of] p1a: Pecharunt
|-activate|p2a: Ting-Lu|confusion
|move|p2a: Ting-Lu|Spikes|p1a: Pecharunt
|-sidestart|p1: ace trumpets|Spikes
|
|-damage|p2a: Ting-Lu|89/100 tox|[from] psn
|upkeep
|turn|8
|
|t:|1760854489
|switch|p2a: Corviknight|Corviknight, F|100/100
|-damage|p2a: Corviknight|88/100|[from] Stealth Rock
|-ability|p2a: Corviknight|Pressure
|move|p1a: Pecharunt|Parting Shot|p2a: Corviknight
|-unboost|p2a: Corviknight|atk|1
|-unboost|p2a: Corviknight|spa|1
|
|t:|1760854505
|switch|p1a: Blaziken|Blaziken, F|100/100|[from] Parting Shot
|-damage|p1a: Blaziken|88/100|[from] Stealth Rock
|-damage|p1a: Blaziken|76/100|[from] Spikes
|
|-heal|p2a: Corviknight|94/100|[from] item: Leftovers
|upkeep
|turn|9
|
|t:|1760854512
|switch|p2a: Dondozo|Dondozo, M|100/100
|move|p1a: Blaziken|Overheat|p2a: Dondozo
|-resisted|p2a: Dondozo
|-crit|p2a: Dondozo
|-damage|p2a: Dondozo|54/100
|-unboost|p1a: Blaziken|spa|2
|
|-ability|p1a: Blaziken|Speed Boost|boost
|-boost|p1a: Blaziken|spe|1
|upkeep
|turn|10
|
|t:|1760854532
|switch|p1a: Ogerpon|Ogerpon-Wellspring, F|100/100
|-damage|p1a: Ogerpon|88/100|[from] Stealth Rock
|-damage|p1a: Ogerpon|76/100|[from] Spikes
|move|p2a: Dondozo|Rest|p2a: Dondozo
|-status|p2a: Dondozo|slp|[from] move: Rest
|-heal|p2a: Dondozo|100/100 slp|[silent]
|
|upkeep
|turn|11
|
|t:|1760854544
|switch|p2a: Corviknight|Corviknight, F|94/100
|-damage|p2a: Corviknight|82/100|[from] Stealth Rock
|-ability|p2a: Corviknight|Pressure
|move|p1a: Ogerpon|U-turn|p2a: Corviknight
|-resisted|p2a: Corviknight
|-damage|p2a: Corviknight|78/100
|
|t:|1760854548
|switch|p1a: Blaziken|Blaziken, F|76/100|[from] U-turn
|-damage|p1a: Blaziken|64/100|[from] Stealth Rock
|-damage|p1a: Blaziken|51/100|[from] Spikes
|
|-heal|p2a: Corviknight|84/100|[from] item: Leftovers
|upkeep
|turn|12
|
|t:|1760854551
|switch|p2a: Dondozo|Dondozo, M|100/100 slp
|move|p1a: Blaziken|Focus Energy|p1a: Blaziken
|-start|p1a: Blaziken|move: Focus Energy
|
|-ability|p1a: Blaziken|Speed Boost|boost
|-boost|p1a: Blaziken|spe|1
|upkeep
|turn|13
|
|t:|1760854558
|-terastallize|p1a: Blaziken|Fire
|move|p1a: Blaziken|Overheat|p2a: Dondozo
|-resisted|p2a: Dondozo
|-crit|p2a: Dondozo
|-damage|p2a: Dondozo|41/100 slp
|-unboost|p1a: Blaziken|spa|2
|cant|p2a: Dondozo|slp
|move|p2a: Dondozo|Sleep Talk|p2a: Dondozo
|move|p2a: Dondozo|Curse|p2a: Dondozo|[from] move: Sleep Talk
|-unboost|p2a: Dondozo|spe|1
|-boost|p2a: Dondozo|atk|1
|-boost|p2a: Dondozo|def|1
|
|-ability|p1a: Blaziken|Speed Boost|boost
|-boost|p1a: Blaziken|spe|1
|upkeep
|turn|14
|
|t:|1760854566
|switch|p2a: Dragonite|Dragonite, F|100/100
|move|p1a: Blaziken|Overheat|p2a: Dragonite
|-resisted|p2a: Dragonite
|-crit|p2a: Dragonite
|-damage|p2a: Dragonite|81/100
|-unboost|p1a: Blaziken|spa|2
|
|-ability|p1a: Blaziken|Speed Boost|boost
|-boost|p1a: Blaziken|spe|1
|upkeep
|turn|15
|
|t:|1760854569
|move|p1a: Blaziken|Overheat|p2a: Dragonite
|-resisted|p2a: Dragonite
|-crit|p2a: Dragonite
|-damage|p2a: Dragonite|38/100
|-unboost|p1a: Blaziken|spa|2
|move|p2a: Dragonite|Roost|p2a: Dragonite
|-heal|p2a: Dragonite|88/100
|-singleturn|p2a: Dragonite|move: Roost
|
|-ability|p1a: Blaziken|Speed Boost|boost
|-boost|p1a: Blaziken|spe|1
|upkeep
|turn|16
|
|t:|1760854576
|switch|p1a: Pecharunt|Pecharunt|100/100
|move|p2a: Dragonite|Roost|p2a: Dragonite
|-heal|p2a: Dragonite|100/100
|-singleturn|p2a: Dragonite|move: Roost
|
|upkeep
|turn|17
|
|t:|1760854584
|switch|p2a: Blissey|Blissey, F|100/100
|move|p1a: Pecharunt|Shadow Ball|p2a: Blissey
|-immune|p2a: Blissey
|
|upkeep
|turn|18
|
|t:|1760854588
|move|p1a: Pecharunt|Toxic|p2a: Blissey
|-status|p2a: Blissey|tox
|-start|p2a: Blissey|confusion|[from] ability: Poison Puppeteer|[of] p1a: Pecharunt
|-activate|p2a: Blissey|confusion
|-damage|p2a: Blissey|99/100 tox|[from] confusion
|
|-damage|p2a: Blissey|93/100 tox|[from] psn
|upkeep
|turn|19
|
|t:|1760854593
|move|p1a: Pecharunt|Parting Shot|p2a: Blissey
|-unboost|p2a: Blissey|atk|1
|-unboost|p2a: Blissey|spa|1
|
|t:|1760854602
|switch|p1a: Landorus|Landorus-Therian, M|100/100|[from] Parting Shot
|-damage|p1a: Landorus|88/100|[from] Stealth Rock
|-ability|p1a: Landorus|Intimidate|boost
|-unboost|p2a: Blissey|atk|1
|-activate|p2a: Blissey|confusion
|move|p2a: Blissey|Light Screen|p2a: Blissey
|-sidestart|p2: monkeling|move: Light Screen
|
|-damage|p2a: Blissey|81/100 tox|[from] psn
|upkeep
|turn|20
|
|t:|1760854614
|move|p1a: Landorus|Stone Edge|p2a: Blissey|[miss]
|-miss|p1a: Landorus|p2a: Blissey
|-activate|p2a: Blissey|confusion
|move|p2a: Blissey|Heal Bell|p2a: Blissey
|-activate|p2a: Blissey|move: Heal Bell
|-curestatus|p2a: Blissey|tox|[msg]
|-curestatus|p2: Ting-Lu|tox|[msg]
|-curestatus|p2: Dondozo|slp|[msg]
|
|upkeep
|turn|21
|
|t:|1760854619
|switch|p2a: Corviknight|Corviknight, F|84/100
|-damage|p2a: Corviknight|72/100|[from] Stealth Rock
|-ability|p2a: Corviknight|Pressure
|move|p1a: Landorus|Earthquake|p2a: Corviknight
|-immune|p2a: Corviknight
|
|-heal|p2a: Corviknight|78/100|[from] item: Leftovers
|upkeep
|turn|22
|
|t:|1760854624
|move|p1a: Landorus|U-turn|p2a: Corviknight
|-resisted|p2a: Corviknight
|-damage|p2a: Corviknight|75/100
|
|t:|1760854636
|switch|p1a: Pecharunt|Pecharunt|100/100|[from] U-turn
|move|p2a: Corviknight|Roost|p2a: Corviknight
|-heal|p2a: Corviknight|100/100
|-singleturn|p2a: Corviknight|move: Roost
|
|upkeep
|turn|23
|
|t:|1760854654
|move|p1a: Pecharunt|Shadow Ball|p2a: Corviknight
|-damage|p2a: Corviknight|88/100
|move|p2a: Corviknight|Brave Bird|p1a: Pecharunt
|-crit|p1a: Pecharunt
|-damage|p1a: Pecharunt|66/100
|-damage|p2a: Corviknight|78/100|[from] Recoil
|
|-heal|p2a: Corviknight|84/100|[from] item: Leftovers
|-sideend|p2: monkeling|move: Light Screen
|upkeep
|turn|24
|
|t:|1760854659
|switch|p2a: Ting-Lu|Ting-Lu|89/100
|-ability|p2a: Ting-Lu|Vessel of Ruin
|move|p1a: Pecharunt|Shadow Ball|p2a: Ting-Lu
|-resisted|p2a: Ting-Lu
|-damage|p2a: Ting-Lu|85/100
|
|upkeep
|turn|25
|
|t:|1760854665
|move|p1a: Pecharunt|Toxic|p2a: Ting-Lu
|-status|p2a: Ting-Lu|tox
|-start|p2a: Ting-Lu|confusion|[from] ability: Poison Puppeteer|[of] p1a: Pecharunt
|-activate|p2a: Ting-Lu|confusion
|move|p2a: Ting-Lu|Spikes|p1a: Pecharunt
|-sidestart|p1: ace trumpets|Spikes
|
|-damage|p2a: Ting-Lu|78/100 tox|[from] psn
|upkeep
|turn|26
|
|t:|1760854670
|move|p1a: Pecharunt|Parting Shot|p2a: Ting-Lu
|-unboost|p2a: Ting-Lu|atk|1
|-unboost|p2a: Ting-Lu|spa|1
|
|t:|1760854673
|switch|p1a: Ogerpon|Ogerpon-Wellspring, F|76/100|[from] Parting Shot
|-damage|p1a: Ogerpon|64/100|[from] Stealth Rock
|-damage|p1a: Ogerpon|47/100|[from] Spikes
|-end|p2a: Ting-Lu|confusion
|move|p2a: Ting-Lu|Rest|p2a: Ting-Lu
|-status|p2a: Ting-Lu|slp|[from] move: Rest
|-heal|p2a: Ting-Lu|100/100 slp|[silent]
|
|upkeep
|turn|27
|
|t:|1760854685
|switch|p2a: Dondozo|Dondozo, M|41/100
|move|p1a: Ogerpon|Ivy Cudgel|p2a: Dondozo|[anim] Ivy Cudgel Water
|-resisted|p2a: Dondozo
|-crit|p2a: Dondozo
|-damage|p2a: Dondozo|20/100
|
|upkeep
|turn|28
|
|t:|1760854690
|move|p1a: Ogerpon|Taunt|p2a: Dondozo
|-start|p2a: Dondozo|move: Taunt
|cant|p2a: Dondozo|move: Taunt|Rest
|
|upkeep
|turn|29
|
|t:|1760854704
|switch|p2a: Corviknight|Corviknight, F|84/100
|-damage|p2a: Corviknight|71/100|[from] Stealth Rock
|-ability|p2a: Corviknight|Pressure
|move|p1a: Ogerpon|Ivy Cudgel|p2a: Corviknight|[anim] Ivy Cudgel Water
|-damage|p2a: Corviknight|38/100
|
|-heal|p2a: Corviknight|44/100|[from] item: Leftovers
|upkeep
|turn|30
|
|t:|1760854712
|move|p1a: Ogerpon|U-turn|p2a: Corviknight
|-resisted|p2a: Corviknight
|-damage|p2a: Corviknight|40/100
|
|t:|1760854737
|switch|p1a: Pecharunt|Pecharunt|66/100|[from] U-turn
|move|p2a: Corviknight|Brave Bird|p1a: Pecharunt
|-damage|p1a: Pecharunt|45/100
|-damage|p2a: Corviknight|34/100|[from] Recoil
|
|-heal|p2a: Corviknight|40/100|[from] item: Leftovers
|upkeep
|turn|31
|
|t:|1760854751
|move|p1a: Pecharunt|Recover|p1a: Pecharunt
|-heal|p1a: Pecharunt|95/100
|move|p2a: Corviknight|Roost|p2a: Corviknight
|-heal|p2a: Corviknight|90/100
|-singleturn|p2a: Corviknight|move: Roost
|
|-heal|p2a: Corviknight|96/100|[from] item: Leftovers
|upkeep
|turn|32
|
|t:|1760854771
|switch|p2a: Ting-Lu|Ting-Lu|100/100 slp
|-ability|p2a: Ting-Lu|Vessel of Ruin
|move|p1a: Pecharunt|Parting Shot|p2a: Ting-Lu
|-unboost|p2a: Ting-Lu|atk|1
|-unboost|p2a: Ting-Lu|spa|1
|
|t:|1760854782
|switch|p1a: Zamazenta|Zamazenta|100/100|[from] Parting Shot
|-damage|p1a: Zamazenta|94/100|[from] Stealth Rock
|-damage|p1a: Zamazenta|78/100|[from] Spikes
|-ability|p1a: Zamazenta|Dauntless Shield|boost
|-boost|p1a: Zamazenta|def|1
|
|upkeep
|turn|33
|
|t:|1760854805
|switch|p2a: Dragonite|Dragonite, F|100/100
|move|p1a: Zamazenta|Crunch|p2a: Dragonite
|-damage|p2a: Dragonite|88/100
|
|upkeep
|turn|34
|
|t:|1760854808
|move|p1a: Zamazenta|Stone Edge|p2a: Dragonite
|-supereffective|p2a: Dragonite
|-damage|p2a: Dragonite|29/100
|move|p2a: Dragonite|Dragon Dance|p2a: Dragonite
|-boost|p2a: Dragonite|atk|1
|-boost|p2a: Dragonite|spe|1
|
|upkeep
|turn|35
|
|t:|1760854823
|-terastallize|p2a: Dragonite|Fairy
|move|p1a: Zamazenta|Stone Edge|p2a: Dragonite
|-damage|p2a: Dragonite|0 fnt
|faint|p2a: Dragonite
|
|upkeep
|-message|monkeling forfeited.
|
|win|ace trumpets
|raw|ace trumpets's rating: 1456 &rarr; <strong>1478</strong><br />(+22 for winning)
|raw|monkeling's rating: 1492 &rarr; <strong>1470</strong><br />(-22 for losing)
|l|☆monkeling
|player|p2|
|l|☆ace trumpets
|player|p1|
