|j|☆teto mono
|j|☆yixing_onestar
|t:|1760768684
|gametype|singles
|player|p1|teto mono|lady-gen4|1268
|player|p2|yixing_onestar|swimmerf-gen4|1281
|gen|9
|tier|[Gen 9] OU
|rated|
|rule|HP Percentage Mod: HP is shown in percentages
|rule|Endless Battle Clause: Forcing endless battles is banned
|rule|Species Clause: Limit one of each Pokémon
|rule|OHKO Clause: OHKO moves are banned
|rule|Evasion Items Clause: Evasion items are banned
|rule|Evasion Moves Clause: Evasion moves are banned
|rule|Evasion Abilities Clause: Evasion abilities are banned
|rule|Sleep Moves Clause: Sleep-inducing moves are banned
|clearpoke
|poke|p1|Clefable, F|
|poke|p1|Landorus-Therian, M|
|poke|p1|Ogerpon-Wellspring, F|
|poke|p1|Gholdengo|
|poke|p1|Dragonite, M|
|poke|p1|Morpeko, M|
|poke|p2|Ninetales-Alola, M|
|poke|p2|Cetitan, M|
|poke|p2|Kyurem|
|poke|p2|Sandslash-Alola, M|
|poke|p2|Chandelure, F|
|poke|p2|Meowscarada, F|
|teampreview
|inactive|Battle timer is ON: inactive players will automatically lose when time's up. (requested by teto mono)
|
|t:|1760768696
|teamsize|p1|6
|teamsize|p2|6
|start
|switch|p1a: Morpeko|Morpeko, M|100/100
|switch|p2a: Sandslash|Sandslash-Alola, M, shiny|100/100
|turn|1
|
|t:|1760768705
|move|p1a: Morpeko|Knock Off|p2a: Sandslash
|-damage|p2a: Sandslash|60/100
|-enditem|p2a: Sandslash|Focus Sash|[from] move: Knock Off|[of] p1a: Morpeko
|move|p2a: Sandslash|Stealth Rock|p1a: Morpeko
|-sidestart|p1: teto mono|move: Stealth Rock
|
|-formechange|p1a: Morpeko|Morpeko-Hangry||[from] ability: Hunger Switch
|upkeep
|turn|2
|
|t:|1760768719
|switch|p2a: Ninetales|Ninetales-Alola, M, shiny|100/100
|-weather|Snowscape|[from] ability: Snow Warning|[of] p2a: Ninetales
|move|p1a: Morpeko|Aura Wheel|p2a: Ninetales
|-resisted|p2a: Ninetales
|-damage|p2a: Ninetales|81/100
|-boost|p1a: Morpeko|spe|1
|
|-weather|Snowscape|[upkeep]
|-formechange|p1a: Morpeko|Morpeko||[from] ability: Hunger Switch
|upkeep
|turn|3
|
|t:|1760768739
|move|p1a: Morpeko|Knock Off|p2a: Ninetales
|-resisted|p2a: Ninetales
|-damage|p2a: Ninetales|63/100
|-enditem|p2a: Ninetales|Icy Rock|[from] move: Knock Off|[of] p1a: Morpeko
|move|p2a: Ninetales|Aurora Veil|p2a: Ninetales
|-sidestart|p2: yixing_onestar|move: Aurora Veil
|
|-weather|Snowscape|[upkeep]
|-formechange|p1a: Morpeko|Morpeko-Hangry||[from] ability: Hunger Switch
|upkeep
|turn|4
|
|t:|1760768746
|switch|p2a: Cetitan|Cetitan, M, shiny|100/100
|move|p1a: Morpeko|Rapid Spin|p2a: Cetitan
|-damage|p2a: Cetitan|96/100
|-boost|p1a: Morpeko|spe|1
|-sideend|p1: teto mono|Stealth Rock|[from] move: Rapid Spin|[of] p1a: Morpeko
|
|-weather|Snowscape|[upkeep]
|-formechange|p1a: Morpeko|Morpeko||[from] ability: Hunger Switch
|upkeep
|turn|5
|
|t:|1760768764
|-terastallize|p2a: Cetitan|Ground
|move|p1a: Morpeko|Knock Off|p2a: Cetitan
|-damage|p2a: Cetitan|75/100
|-enditem|p2a: Cetitan|Sitrus Berry|[from] move: Knock Off|[of] p1a: Morpeko
|move|p2a: Cetitan|Earthquake|p1a: Morpeko
|-supereffective|p1a: Morpeko
|-enditem|p1a: Morpeko|Focus Sash
|-damage|p1a: Morpeko|1/100
|
|-weather|Snowscape|[upkeep]
|-formechange|p1a: Morpeko|Morpeko-Hangry||[from] ability: Hunger Switch
|upkeep
|turn|6
|
|t:|1760768776
|move|p1a: Morpeko|Aura Wheel|p2a: Cetitan
|-damage|p2a: Cetitan|51/100
|-boost|p1a: Morpeko|spe|1
|move|p2a: Cetitan|Earthquake|p1a: Morpeko
|-supereffective|p1a: Morpeko
|-damage|p1a: Morpeko|0 fnt
|faint|p1a: Morpeko
|
|-weather|Snowscape|[upkeep]
|upkeep
|
|t:|1760768788
|switch|p1a: Gholdengo|Gholdengo|100/100
|-item|p1a: Gholdengo|Air Balloon
|turn|7
|
|t:|1760768808
|switch|p2a: Meowscarada|Meowscarada, F, shiny|100/100
|move|p1a: Gholdengo|Shadow Ball|p2a: Meowscarada
|-resisted|p2a: Meowscarada
|-damage|p2a: Meowscarada|82/100
|
|-weather|Snowscape|[upkeep]
|-sideend|p2: yixing_onestar|move: Aurora Veil
|upkeep
|turn|8
|
|t:|1760768818
|switch|p1a: Landorus|Landorus-Therian, M|100/100
|-ability|p1a: Landorus|Intimidate|boost
|-unboost|p2a: Meowscarada|atk|1
|move|p2a: Meowscarada|Knock Off|p1a: Landorus
|-start|p2a: Meowscarada|typechange|Dark|[from] ability: Protean
|-damage|p1a: Landorus|45/100
|-damage|p2a: Meowscarada|65/100|[from] item: Rocky Helmet|[of] p1a: Landorus
|-enditem|p1a: Landorus|Rocky Helmet|[from] move: Knock Off|[of] p2a: Meowscarada
|
|-weather|Snowscape|[upkeep]
|upkeep
|turn|9
|inactive|yixing_onestar has 120 seconds left.
|
|t:|1760768840
|switch|p2a: Kyurem|Kyurem, shiny|100/100
|-ability|p2a: Kyurem|Pressure
|move|p1a: Landorus|U-turn|p2a: Kyurem
|-damage|p2a: Kyurem|84/100
|
|t:|1760768854
|switch|p1a: Gholdengo|Gholdengo|100/100|[from] U-turn
|-item|p1a: Gholdengo|Air Balloon
|
|-weather|none
|upkeep
|turn|10
|
|t:|1760768864
|move|p2a: Kyurem|Freeze-Dry|p1a: Gholdengo
|-resisted|p1a: Gholdengo
|-damage|p1a: Gholdengo|76/100
|-status|p1a: Gholdengo|frz
|-enditem|p1a: Gholdengo|Air Balloon
|-damage|p2a: Kyurem|74/100|[from] item: Life Orb
|cant|p1a: Gholdengo|frz
|
|upkeep
|turn|11
|
|t:|1760768874
|switch|p1a: Ogerpon|Ogerpon-Wellspring, F|100/100
|move|p2a: Kyurem|Earth Power|p1a: Ogerpon
|-resisted|p1a: Ogerpon
|-damage|p1a: Ogerpon|76/100
|-damage|p2a: Kyurem|64/100|[from] item: Life Orb
|
|upkeep
|turn|12
|
|t:|1760768879
|move|p1a: Ogerpon|Play Rough|p2a: Kyurem
|-supereffective|p2a: Kyurem
|-damage|p2a: Kyurem|0 fnt
|faint|p2a: Kyurem
|
|upkeep
|
|t:|1760768883
|switch|p2a: Ninetales|Ninetales-Alola, M, shiny|63/100
|-weather|Snowscape|[from] ability: Snow Warning|[of] p2a: Ninetales
|turn|13
|
|t:|1760768891
|move|p1a: Ogerpon|Trailblaze|p2a: Ninetales
|-damage|p2a: Ninetales|37/100
|-boost|p1a: Ogerpon|spe|1
|move|p2a: Ninetales|Blizzard|p1a: Ogerpon
|-damage|p1a: Ogerpon|37/100
|
|-weather|Snowscape|[upkeep]
|upkeep
|turn|14
|
|t:|1760768901
|move|p1a: Ogerpon|Ivy Cudgel|p2a: Ninetales|[anim] Ivy Cudgel Water
|-damage|p2a: Ninetales|0 fnt
|faint|p2a: Ninetales
|
|-weather|Snowscape|[upkeep]
|upkeep
|
|t:|1760768916
|switch|p2a: Sandslash|Sandslash-Alola, M, shiny|60/100
|turn|15
|
|t:|1760768923
|move|p1a: Ogerpon|Ivy Cudgel|p2a: Sandslash|[anim] Ivy Cudgel Water
|-damage|p2a: Sandslash|22/100
|move|p2a: Sandslash|Triple Axel|p1a: Ogerpon
|-damage|p1a: Ogerpon|25/100
|-hitcount|p1a: Ogerpon|1
|
|-weather|Snowscape|[upkeep]
|upkeep
|turn|16
|c|☆yixing_onestar|...
|
|t:|1760768942
|move|p1a: Ogerpon|Ivy Cudgel|p2a: Sandslash|[anim] Ivy Cudgel Water
|-damage|p2a: Sandslash|0 fnt
|faint|p2a: Sandslash
|
|-weather|Snowscape|[upkeep]
|upkeep
|-message|yixing_onestar forfeited.
|
|win|teto mono
|raw|teto mono's rating: 1268 &rarr; <strong>1294</strong><br />(+26 for winning)
|raw|yixing_onestar's rating: 1281 &rarr; <strong>1255</strong><br />(-26 for losing)
|l|☆yixing_onestar
|player|p2|
|l|☆teto mono
|player|p1|
