|j|☆Penguinxdd
|j|☆bowling12345
|t:|1760880287
|gametype|singles
|player|p1|Penguinxdd|veteran|1247
|player|p2|bowling12345|266|1275
|gen|9
|tier|[Gen 9] OU
|rated|
|rule|HP Percentage Mod: HP is shown in percentages
|rule|Endless Battle Clause: Forcing endless battles is banned
|rule|Species Clause: Limit one of each Pokémon
|rule|OHKO Clause: OHKO moves are banned
|rule|Evasion Items Clause: Evasion items are banned
|rule|Evasion Moves Clause: Evasion moves are banned
|rule|Evasion Abilities Clause: Evasion abilities are banned
|rule|Sleep Moves Clause: Sleep-inducing moves are banned
|clearpoke
|poke|p1|Rillaboom, F|
|poke|p1|Fezandipiti, M|
|poke|p1|Weezing-Galar, F|
|poke|p1|Keldeo-Resolute|
|poke|p1|Heatran, F|
|poke|p1|Darkrai|
|poke|p2|Zoroark-Hisui, M|
|poke|p2|Garganacl, F|
|poke|p2|Munkidori, M|
|poke|p2|Sinistcha|
|poke|p2|Alomomola, M|
|poke|p2|Entei|
|teampreview
|inactive|Battle timer is ON: inactive players will automatically lose when time's up. (requested by Penguinxdd)
|
|t:|1760880315
|teamsize|p1|6
|teamsize|p2|6
|start
|switch|p1a: Rillaboom|Rillaboom, F|100/100
|switch|p2a: Garganacl|Garganacl, F|100/100
|-fieldstart|move: Grassy Terrain|[from] ability: Grassy Surge|[of] p1a: Rillaboom
|turn|1
|
|t:|1760880324
|move|p1a: Rillaboom|Wood Hammer|p2a: Garganacl
|-supereffective|p2a: Garganacl
|-damage|p2a: Garganacl|0 fnt
|faint|p2a: Garganacl
|-damage|p1a: Rillaboom|72/100|[from] Recoil
|
|-heal|p1a: Rillaboom|78/100|[from] Grassy Terrain
|upkeep
|
|t:|1760880337
|switch|p2a: Entei|Entei|100/100
|turn|2
|
|t:|1760880342
|switch|p1a: Heatran|Heatran, F|100/100
|move|p2a: Entei|Crunch|p1a: Heatran
|-damage|p1a: Heatran|76/100
|
|-heal|p1a: Heatran|82/100|[from] Grassy Terrain
|-heal|p1a: Heatran|88/100|[from] item: Leftovers
|upkeep
|turn|3
|
|t:|1760880356
|switch|p2a: Munkidori|Munkidori, M|100/100
|move|p1a: Heatran|Stealth Rock|p2a: Munkidori
|-sidestart|p2: bowling12345|move: Stealth Rock
|
|-heal|p1a: Heatran|94/100|[from] Grassy Terrain
|-heal|p1a: Heatran|100/100|[from] item: Leftovers
|upkeep
|turn|4
|
|t:|1760880364
|move|p2a: Munkidori|Focus Blast|p1a: Heatran
|-supereffective|p1a: Heatran
|-damage|p1a: Heatran|50/100
|move|p1a: Heatran|Taunt|p2a: Munkidori
|-start|p2a: Munkidori|move: Taunt
|
|-heal|p1a: Heatran|56/100|[from] Grassy Terrain
|-heal|p1a: Heatran|62/100|[from] item: Leftovers
|upkeep
|turn|5
|
|t:|1760880373
|move|p2a: Munkidori|Focus Blast|p1a: Heatran
|-supereffective|p1a: Heatran
|-damage|p1a: Heatran|11/100
|move|p1a: Heatran|Magma Storm|p2a: Munkidori
|-damage|p2a: Munkidori|77/100
|-activate|p2a: Munkidori|move: Magma Storm|[of] p1a: Heatran
|
|-heal|p2a: Munkidori|83/100|[from] Grassy Terrain
|-heal|p1a: Heatran|17/100|[from] Grassy Terrain
|-heal|p1a: Heatran|23/100|[from] item: Leftovers
|-damage|p2a: Munkidori|70/100|[from] move: Magma Storm|[partiallytrapped]
|-fieldend|move: Grassy Terrain
|upkeep
|turn|6
|
|t:|1760880388
|switch|p1a: Fezandipiti|Fezandipiti, M|100/100
|move|p2a: Munkidori|Focus Blast|p1a: Fezandipiti
|-resisted|p1a: Fezandipiti
|-damage|p1a: Fezandipiti|93/100
|
|-end|p2a: Munkidori|Magma Storm|[partiallytrapped]|[silent]
|upkeep
|turn|7
|
|t:|1760880398
|move|p1a: Fezandipiti|U-turn|p2a: Munkidori
|-damage|p2a: Munkidori|44/100
|
|t:|1760880407
|switch|p1a: Heatran|Heatran, F|23/100|[from] U-turn
|move|p2a: Munkidori|Psyshock|p1a: Heatran
|-resisted|p1a: Heatran
|-damage|p1a: Heatran|5/100
|
|-heal|p1a: Heatran|11/100|[from] item: Leftovers
|-end|p2a: Munkidori|move: Taunt
|upkeep
|turn|8
|
|t:|1760880429
|switch|p1a: Keldeo|Keldeo-Resolute|100/100
|move|p2a: Munkidori|Hex|p1a: Keldeo
|-crit|p1a: Keldeo
|-damage|p1a: Keldeo|62/100
|-status|p1a: Keldeo|tox|[from] ability: Toxic Chain|[of] p2a: Munkidori
|
|-damage|p1a: Keldeo|56/100 tox|[from] psn
|upkeep
|turn|9
|
|t:|1760880445
|switch|p2a: Alomomola|Alomomola, M|100/100
|-damage|p2a: Alomomola|88/100|[from] Stealth Rock
|move|p1a: Keldeo|Surf|p2a: Alomomola
|-resisted|p2a: Alomomola
|-damage|p2a: Alomomola|62/100
|
|-damage|p1a: Keldeo|44/100 tox|[from] psn
|upkeep
|turn|10
|
|t:|1760880454
|move|p1a: Keldeo|Flip Turn|p2a: Alomomola
|-resisted|p2a: Alomomola
|-damage|p2a: Alomomola|58/100
|-damage|p1a: Keldeo|27/100 tox|[from] item: Rocky Helmet|[of] p2a: Alomomola
|
|t:|1760880456
|switch|p1a: Darkrai|Darkrai|100/100|[from] Flip Turn
|move|p2a: Alomomola|Wish|p2a: Alomomola
|
|upkeep
|turn|11
|
|t:|1760880464
|switch|p2a: Entei|Entei|100/100
|-damage|p2a: Entei|75/100|[from] Stealth Rock
|move|p1a: Darkrai|Nasty Plot|p1a: Darkrai
|-boost|p1a: Darkrai|spa|2
|
|-heal|p2a: Entei|100/100|[from] move: Wish|[wisher] Alomomola
|upkeep
|turn|12
|
|t:|1760880476
|move|p1a: Darkrai|Dark Pulse|p2a: Entei
|-damage|p2a: Entei|47/100
|move|p2a: Entei|Sacred Fire|p1a: Darkrai
|-damage|p1a: Darkrai|26/100
|-status|p1a: Darkrai|brn
|
|-heal|p1a: Darkrai|32/100 brn|[from] item: Leftovers
|-damage|p1a: Darkrai|26/100 brn|[from] brn
|upkeep
|turn|13
|
|t:|1760880485
|switch|p1a: Weeze-Cigarette|Weezing-Galar, F|100/100
|-ability|p1a: Weeze-Cigarette|Neutralizing Gas
|move|p2a: Entei|Extreme Speed|p1a: Weeze-Cigarette
|-damage|p1a: Weeze-Cigarette|83/100
|
|upkeep
|turn|14
|
|t:|1760880494
|move|p2a: Entei|Iron Head|p1a: Weeze-Cigarette
|-supereffective|p1a: Weeze-Cigarette
|-damage|p1a: Weeze-Cigarette|50/100
|move|p1a: Weeze-Cigarette|Sludge Bomb|p2a: Entei
|-damage|p2a: Entei|31/100
|-status|p2a: Entei|psn
|
|-damage|p2a: Entei|19/100 psn|[from] psn
|upkeep
|turn|15
|inactive|Penguinxdd has 120 seconds left.
|
|t:|1760880529
|-terastallize|p2a: Entei|Normal
|move|p2a: Entei|Sacred Fire|p1a: Weeze-Cigarette
|-damage|p1a: Weeze-Cigarette|14/100
|-status|p1a: Weeze-Cigarette|brn
|move|p1a: Weeze-Cigarette|Sludge Bomb|p2a: Entei
|-damage|p2a: Entei|1/100 psn
|
|-damage|p2a: Entei|0 fnt|[from] psn
|faint|p2a: Entei
|-damage|p1a: Weeze-Cigarette|8/100 brn|[from] brn
|upkeep
|inactive|bowling12345 has 120 seconds left.
|
|t:|1760880546
|switch|p2a: Zoroark|Zoroark-Hisui, M|100/100
|-damage|p2a: Zoroark|88/100|[from] Stealth Rock
|turn|16
|inactive|Penguinxdd has 120 seconds left.
|
|t:|1760880562
|move|p2a: Zoroark|Hex|p1a: Weeze-Cigarette
|-damage|p1a: Weeze-Cigarette|0 fnt
|faint|p1a: Weeze-Cigarette
|-end|p1a: Weeze-Cigarette|ability: Neutralizing Gas
|
|upkeep
|inactive|Penguinxdd has 120 seconds left.
|
|t:|1760880575
|switch|p1a: Darkrai|Darkrai|26/100 brn
|turn|17
|
|t:|1760880584
|move|p1a: Darkrai|Dark Pulse|p2a: Zoroark
|-supereffective|p2a: Zoroark
|-crit|p2a: Zoroark
|-damage|p2a: Zoroark|0 fnt
|faint|p2a: Zoroark
|
|-heal|p1a: Darkrai|32/100 brn|[from] item: Leftovers
|-damage|p1a: Darkrai|26/100 brn|[from] brn
|upkeep
|
|t:|1760880597
|switch|p2a: Alomomola|Alomomola, M|92/100
|-damage|p2a: Alomomola|79/100|[from] Stealth Rock
|turn|18
|
|t:|1760880601
|switch|p1a: Rillaboom|Rillaboom, F|78/100
|-fieldstart|move: Grassy Terrain|[from] ability: Grassy Surge|[of] p1a: Rillaboom
|move|p2a: Alomomola|Healing Wish|p2a: Alomomola
|faint|p2a: Alomomola
|
|-heal|p1a: Rillaboom|84/100|[from] Grassy Terrain
|upkeep
|
|t:|1760880613
|switch|p2a: Munkidori|Munkidori, M|44/100
|-heal|p2a: Munkidori|100/100|[from] move: Healing Wish
|-damage|p2a: Munkidori|88/100|[from] Stealth Rock
|turn|19
|
|t:|1760880618
|switch|p2a: Sinistcha|Sinistcha|100/100
|-damage|p2a: Sinistcha|88/100|[from] Stealth Rock
|move|p1a: Rillaboom|Knock Off|p2a: Sinistcha
|-supereffective|p2a: Sinistcha
|-damage|p2a: Sinistcha|0 fnt
|-enditem|p2a: Sinistcha|Weakness Policy|[from] move: Knock Off|[of] p1a: Rillaboom
|faint|p2a: Sinistcha
|
|-heal|p1a: Rillaboom|90/100|[from] Grassy Terrain
|upkeep
|-message|bowling12345 forfeited.
|
|win|Penguinxdd
|raw|Penguinxdd's rating: 1247 &rarr; <strong>1274</strong><br />(+27 for winning)
|raw|bowling12345's rating: 1275 &rarr; <strong>1248</strong><br />(-27 for losing)
|l|☆bowling12345
|player|p2|
|l|☆Penguinxdd
|player|p1|
