|j|☆Themusiqking
|j|☆anisdino
|t:|1760780496
|gametype|singles
|player|p1|Themusiqking|2|1128
|player|p2|anisdino|ethan|1073
|gen|9
|tier|[Gen 9] OU
|rated|
|rule|HP Percentage Mod: HP is shown in percentages
|rule|Endless Battle Clause: Forcing endless battles is banned
|rule|Species Clause: Limit one of each Pokémon
|rule|OHKO Clause: OHKO moves are banned
|rule|Evasion Items Clause: Evasion items are banned
|rule|Evasion Moves Clause: Evasion moves are banned
|rule|Evasion Abilities Clause: Evasion abilities are banned
|rule|Sleep Moves Clause: Sleep-inducing moves are banned
|clearpoke
|poke|p1|Dondozo, M|
|poke|p1|Garganacl, M|
|poke|p1|Scizor, M|
|poke|p1|Cresselia, F|
|poke|p1|Ditto|
|poke|p1|Noivern, F|
|poke|p2|Dragapult, F|
|poke|p2|Dragonite, F|
|poke|p2|Ting-Lu|
|poke|p2|Weezing-Galar, F|
|poke|p2|Iron Crown|
|poke|p2|Ampharos, M|
|teampreview
|
|t:|1760780508
|teamsize|p1|6
|teamsize|p2|6
|start
|switch|p1a: Scizor|Scizor, M|100/100
|switch|p2a: Weezing|Weezing-Galar, F|100/100
|-ability|p2a: Weezing|Neutralizing Gas
|turn|1
|
|t:|1760780530
|move|p1a: Scizor|Knock Off|p2a: Weezing
|-resisted|p2a: Weezing
|-crit|p2a: Weezing
|-damage|p2a: Weezing|82/100
|-enditem|p2a: Weezing|Heavy-Duty Boots|[from] move: Knock Off|[of] p1a: Scizor
|move|p2a: Weezing|Toxic Spikes|p1a: Scizor
|-sidestart|p1: Themusiqking|move: Toxic Spikes
|
|upkeep
|turn|2
|
|t:|1760780536
|move|p1a: Scizor|Bullet Punch|p2a: Weezing
|-supereffective|p2a: Weezing
|-damage|p2a: Weezing|51/100
|move|p2a: Weezing|Toxic Spikes|p1a: Scizor
|-sidestart|p1: Themusiqking|move: Toxic Spikes
|
|upkeep
|turn|3
|
|t:|1760780543
|move|p1a: Scizor|Defog|p2a: Weezing
|-unboost|p2a: Weezing|evasion|1
|-sideend|p1: Themusiqking|Toxic Spikes|[from] move: Defog|[of] p1a: Scizor
|move|p2a: Weezing|Will-O-Wisp|p1a: Scizor
|-status|p1a: Scizor|brn
|
|-damage|p1a: Scizor|94/100 brn|[from] brn
|upkeep
|turn|4
|
|t:|1760780565
|switch|p1a: Ditto|Ditto|100/100
|move|p2a: Weezing|Toxic Spikes|p1a: Ditto
|-sidestart|p1: Themusiqking|move: Toxic Spikes
|
|upkeep
|turn|5
|
|t:|1760780572
|move|p1a: Ditto|Transform|p2a: Weezing
|-transform|p1a: Ditto|p2a: Weezing
|move|p2a: Weezing|Will-O-Wisp|p1a: Ditto
|-status|p1a: Ditto|brn
|
|-damage|p1a: Ditto|94/100 brn|[from] brn
|upkeep
|turn|6
|
|t:|1760780580
|move|p1a: Ditto|Will-O-Wisp|p2a: Weezing
|-status|p2a: Weezing|brn
|move|p2a: Weezing|Pain Split|p1a: Ditto
|-sethp|p1a: Ditto|75/100 brn|[from] move: Pain Split|[silent]
|-sethp|p2a: Weezing|68/100 brn|[from] move: Pain Split
|
|-damage|p1a: Ditto|69/100 brn|[from] brn
|-damage|p2a: Weezing|62/100 brn|[from] brn
|upkeep
|turn|7
|
|t:|1760780590
|move|p1a: Ditto|Will-O-Wisp|p2a: Weezing
|-fail|p2a: Weezing|brn
|move|p2a: Weezing|Toxic Spikes|p1a: Ditto
|-sidestart|p1: Themusiqking|move: Toxic Spikes
|
|-damage|p1a: Ditto|63/100 brn|[from] brn
|-damage|p2a: Weezing|56/100 brn|[from] brn
|upkeep
|turn|8
|
|t:|1760780599
|move|p1a: Ditto|Will-O-Wisp|p2a: Weezing
|-fail|p2a: Weezing|brn
|move|p2a: Weezing|Pain Split|p1a: Ditto
|-sethp|p1a: Ditto|63/100 brn|[from] move: Pain Split|[silent]
|-sethp|p2a: Weezing|56/100 brn|[from] move: Pain Split
|
|-damage|p1a: Ditto|57/100 brn|[from] brn
|-damage|p2a: Weezing|50/100 brn|[from] brn
|upkeep
|turn|9
|
|t:|1760780619
|switch|p1a: Scizor|Scizor, M|94/100 brn
|-end|p2a: Weezing|ability: Neutralizing Gas
|switch|p2a: Iron Crown|Iron Crown|100/100
|
|-heal|p1a: Scizor|100/100 brn|[from] item: Leftovers
|-damage|p1a: Scizor|94/100 brn|[from] brn
|upkeep
|turn|10
|
|t:|1760780648
|move|p2a: Iron Crown|Volt Switch|p1a: Scizor
|-damage|p1a: Scizor|47/100 brn
|
|t:|1760780660
|-end|p2a: Iron Crown|Quark Drive|[silent]
|switch|p2a: goat|Ampharos, M|100/100|[from] Volt Switch
|move|p1a: Scizor|Defog|p2a: goat
|-unboost|p2a: goat|evasion|1
|-sideend|p1: Themusiqking|Toxic Spikes|[from] move: Defog|[of] p1a: Scizor
|
|-heal|p1a: Scizor|54/100 brn|[from] item: Leftovers
|-damage|p1a: Scizor|47/100 brn|[from] brn
|upkeep
|turn|11
|inactive|Battle timer is ON: inactive players will automatically lose when time's up. (requested by anisdino)
|inactive|Themusiqking has 120 seconds left.
|inactive|Themusiqking has 90 seconds left.
|
|t:|1760780761
|switch|p1a: Cresselia|Cresselia, F|100/100
|move|p2a: goat|Volt Switch|p1a: Cresselia
|-damage|p1a: Cresselia|81/100
|
|t:|1760780781
|switch|p2a: Ting-Lu|Ting-Lu|100/100|[from] Volt Switch
|-ability|p2a: Ting-Lu|Vessel of Ruin
|
|upkeep
|turn|12
|inactive|Themusiqking has 120 seconds left.
|
|t:|1760780831
|switch|p1a: Scizor|Scizor, M|47/100 brn
|move|p2a: Ting-Lu|Stealth Rock|p1a: Scizor
|-sidestart|p1: Themusiqking|move: Stealth Rock
|
|-heal|p1a: Scizor|54/100 brn|[from] item: Leftovers
|-damage|p1a: Scizor|47/100 brn|[from] brn
|upkeep
|turn|13
|
|t:|1760780854
|move|p1a: Scizor|Lunge|p2a: Ting-Lu
|-supereffective|p2a: Ting-Lu
|-damage|p2a: Ting-Lu|74/100
|-unboost|p2a: Ting-Lu|atk|1
|move|p2a: Ting-Lu|Earthquake|p1a: Scizor
|-damage|p1a: Scizor|21/100 brn
|
|-heal|p1a: Scizor|27/100 brn|[from] item: Leftovers
|-heal|p2a: Ting-Lu|80/100|[from] item: Leftovers
|-damage|p1a: Scizor|21/100 brn|[from] brn
|upkeep
|turn|14
|
|t:|1760780867
|move|p1a: Scizor|Knock Off|p2a: Ting-Lu
|-resisted|p2a: Ting-Lu
|-damage|p2a: Ting-Lu|75/100
|-enditem|p2a: Ting-Lu|Leftovers|[from] move: Knock Off|[of] p1a: Scizor
|move|p2a: Ting-Lu|Earthquake|p1a: Scizor
|-damage|p1a: Scizor|0 fnt
|faint|p1a: Scizor
|
|upkeep
|
|t:|1760780882
|switch|p1a: Garganacl|Garganacl, M|100/100
|-damage|p1a: Garganacl|88/100|[from] Stealth Rock
|turn|15
|
|t:|1760780893
|move|p2a: Ting-Lu|Earthquake|p1a: Garganacl
|-supereffective|p1a: Garganacl
|-damage|p1a: Garganacl|58/100
|move|p1a: Garganacl|Stealth Rock|p2a: Ting-Lu
|-sidestart|p2: anisdino|move: Stealth Rock
|
|-heal|p1a: Garganacl|64/100|[from] item: Leftovers
|upkeep
|turn|16
|inactive|anisdino has 120 seconds left.
|
|t:|1760780934
|move|p1a: Garganacl|Protect|p1a: Garganacl
|-singleturn|p1a: Garganacl|Protect
|move|p2a: Ting-Lu|Ruination|p1a: Garganacl
|-activate|p1a: Garganacl|move: Protect
|
|-heal|p1a: Garganacl|70/100|[from] item: Leftovers
|upkeep
|turn|17
|inactive|Themusiqking has 120 seconds left.
|
|t:|1760780945
|move|p2a: Ting-Lu|Ruination|p1a: Garganacl
|-damage|p1a: Garganacl|35/100
|move|p1a: Garganacl|Salt Cure|p2a: Ting-Lu
|-resisted|p2a: Ting-Lu
|-damage|p2a: Ting-Lu|72/100
|-start|p2a: Ting-Lu|Salt Cure
|
|-heal|p1a: Garganacl|42/100|[from] item: Leftovers
|-damage|p2a: Ting-Lu|59/100|[from] Salt Cure
|upkeep
|turn|18
|inactive|Themusiqking has 120 seconds left.
|
|t:|1760780966
|move|p2a: Ting-Lu|Ruination|p1a: Garganacl
|-damage|p1a: Garganacl|21/100
|move|p1a: Garganacl|Recover|p1a: Garganacl
|-heal|p1a: Garganacl|71/100
|
|-heal|p1a: Garganacl|77/100|[from] item: Leftovers
|-damage|p2a: Ting-Lu|47/100|[from] Salt Cure
|upkeep
|turn|19
|
|t:|1760780991
|move|p1a: Garganacl|Salt Cure|p2a: Ting-Lu
|-resisted|p2a: Ting-Lu
|-damage|p2a: Ting-Lu|43/100
|move|p2a: Ting-Lu|Whirlwind|p1a: Garganacl
|drag|p1a: Dondozo|Dondozo, M|100/100
|
|-damage|p2a: Ting-Lu|31/100|[from] Salt Cure
|upkeep
|turn|20
|
|t:|1760781003
|move|p2a: Ting-Lu|Ruination|p1a: Dondozo
|-damage|p1a: Dondozo|50/100
|move|p1a: Dondozo|Wave Crash|p2a: Ting-Lu
|-supereffective|p2a: Ting-Lu
|-damage|p2a: Ting-Lu|0 fnt
|faint|p2a: Ting-Lu
|-damage|p1a: Dondozo|40/100|[from] Recoil
|
|upkeep
|inactive|anisdino has 90 seconds left.
|
|t:|1760781022
|switch|p2a: goat|Ampharos, M|100/100
|-damage|p2a: goat|88/100|[from] Stealth Rock
|turn|21
|
|t:|1760781039
|switch|p1a: Garganacl|Garganacl, M|77/100
|-damage|p1a: Garganacl|65/100|[from] Stealth Rock
|move|p2a: goat|Volt Switch|p1a: Garganacl
|-damage|p1a: Garganacl|38/100
|inactive|anisdino has 90 seconds left.
|
|t:|1760781059
|switch|p2a: Iron Crown|Iron Crown|100/100|[from] Volt Switch
|-damage|p2a: Iron Crown|94/100|[from] Stealth Rock
|
|-heal|p1a: Garganacl|44/100|[from] item: Leftovers
|upkeep
|turn|22
|
|t:|1760781067
|move|p1a: Garganacl|Protect|p1a: Garganacl
|-singleturn|p1a: Garganacl|Protect
|move|p2a: Iron Crown|Tachyon Cutter|p1a: Garganacl
|-activate|p1a: Garganacl|move: Protect
|
|-heal|p1a: Garganacl|50/100|[from] item: Leftovers
|upkeep
|turn|23
|
|t:|1760781077
|switch|p1a: Dondozo|Dondozo, M|40/100
|move|p2a: Iron Crown|Tachyon Cutter|p1a: Dondozo
|-resisted|p1a: Dondozo
|-damage|p1a: Dondozo|24/100
|-resisted|p1a: Dondozo
|-damage|p1a: Dondozo|7/100
|-hitcount|p1a: Dondozo|2
|
|upkeep
|turn|24
|inactive|Themusiqking has 120 seconds left.
|inactive|Themusiqking has 90 seconds left.
|
|t:|1760781120
|move|p2a: Iron Crown|Tachyon Cutter|p1a: Dondozo
|-resisted|p1a: Dondozo
|-damage|p1a: Dondozo|0 fnt
|faint|p1a: Dondozo
|-hitcount|p1: Dondozo|1
|
|upkeep
|
|t:|1760781125
|switch|p1a: Cresselia|Cresselia, F|81/100
|-damage|p1a: Cresselia|68/100|[from] Stealth Rock
|turn|25
|inactive|Themusiqking has 90 seconds left.
|
|t:|1760781142
|-terastallize|p1a: Cresselia|Electric
|move|p2a: Iron Crown|Tachyon Cutter|p1a: Cresselia
|-resisted|p1a: Cresselia
|-damage|p1a: Cresselia|57/100
|-resisted|p1a: Cresselia
|-damage|p1a: Cresselia|47/100
|-hitcount|p1a: Cresselia|2
|move|p1a: Cresselia|Calm Mind|p1a: Cresselia
|-boost|p1a: Cresselia|spa|1
|-boost|p1a: Cresselia|spd|1
|
|upkeep
|turn|26
|inactive|Themusiqking has 90 seconds left.
|
|t:|1760781160
|-end|p2a: Iron Crown|Quark Drive|[silent]
|switch|p2a: Dragonite|Dragonite, F|100/100
|move|p1a: Cresselia|Moonlight|p1a: Cresselia
|-heal|p1a: Cresselia|97/100
|
|upkeep
|turn|27
|inactive|Themusiqking has 90 seconds left.
|
|t:|1760781179
|move|p2a: Dragonite|Dragon Dance|p2a: Dragonite
|-boost|p2a: Dragonite|atk|1
|-boost|p2a: Dragonite|spe|1
|move|p1a: Cresselia|Thunderbolt|p2a: Dragonite
|-damage|p2a: Dragonite|78/100
|
|upkeep
|turn|28
|
|t:|1760781193
|move|p2a: Dragonite|Dragon Dance|p2a: Dragonite
|-boost|p2a: Dragonite|atk|1
|-boost|p2a: Dragonite|spe|1
|move|p1a: Cresselia|Calm Mind|p1a: Cresselia
|-boost|p1a: Cresselia|spa|1
|-boost|p1a: Cresselia|spd|1
|
|upkeep
|turn|29
|inactive|anisdino has 120 seconds left.
|
|t:|1760781203
|move|p2a: Dragonite|Extreme Speed|p1a: Cresselia
|-damage|p1a: Cresselia|58/100
|move|p1a: Cresselia|Stored Power|p2a: Dragonite
|-damage|p2a: Dragonite|16/100
|
|upkeep
|turn|30
|inactive|Themusiqking has 90 seconds left.
|inactive|Themusiqking has 60 seconds left.
|
|t:|1760781258
|move|p2a: Dragonite|Roost|p2a: Dragonite
|-heal|p2a: Dragonite|66/100
|-singleturn|p2a: Dragonite|move: Roost
|move|p1a: Cresselia|Stored Power|p2a: Dragonite
|-damage|p2a: Dragonite|7/100
|
|upkeep
|turn|31
|
|t:|1760781272
|move|p2a: Dragonite|Extreme Speed|p1a: Cresselia
|-damage|p1a: Cresselia|14/100
|move|p1a: Cresselia|Stored Power|p2a: Dragonite
|-damage|p2a: Dragonite|0 fnt
|faint|p2a: Dragonite
|
|upkeep
|inactive|anisdino has 120 seconds left.
|
|t:|1760781284
|switch|p2a: Dragapult|Dragapult, F|100/100
|turn|32
|
|t:|1760781293
|move|p2a: Dragapult|Dragon Darts|p1a: Cresselia
|-damage|p1a: Cresselia|0 fnt
|faint|p1a: Cresselia
|
|upkeep
|
|t:|1760781299
|switch|p1a: Ditto|Ditto|57/100 brn
|-damage|p1a: Ditto|44/100 brn|[from] Stealth Rock
|-transform|p1a: Ditto|p2a: Dragapult|[from] ability: Imposter
|turn|33
|
|t:|1760781311
|move|p1a: Ditto|Dragon Darts|p2a: Dragapult
|-supereffective|p2a: Dragapult
|-damage|p2a: Dragapult|71/100
|-anim|p1a: Ditto|Dragon Darts|p2a: Dragapult
|-supereffective|p2a: Dragapult
|-crit|p2a: Dragapult
|-damage|p2a: Dragapult|28/100
|move|p2a: Dragapult|Dragon Darts|p1a: Ditto
|-supereffective|p1a: Ditto
|-damage|p1a: Ditto|0 fnt
|faint|p1a: Ditto
|
|upkeep
|
|t:|1760781319
|switch|p1a: Garganacl|Garganacl, M|50/100
|-damage|p1a: Garganacl|38/100|[from] Stealth Rock
|turn|34
|
|t:|1760781330
|move|p1a: Garganacl|Protect|p1a: Garganacl
|-singleturn|p1a: Garganacl|Protect
|move|p2a: Dragapult|Dragon Darts|p1a: Garganacl
|-activate|p1a: Garganacl|move: Protect
|
|-heal|p1a: Garganacl|44/100|[from] item: Leftovers
|upkeep
|turn|35
|
|t:|1760781337
|move|p2a: Dragapult|Dragon Darts|p1a: Garganacl
|-damage|p1a: Garganacl|31/100
|-anim|p2a: Dragapult|Dragon Darts|p1a: Garganacl
|-damage|p1a: Garganacl|19/100
|move|p1a: Garganacl|Recover|p1a: Garganacl
|-heal|p1a: Garganacl|69/100
|
|-heal|p1a: Garganacl|75/100|[from] item: Leftovers
|upkeep
|turn|36
|inactive|Themusiqking has 90 seconds left.
|
|t:|1760781346
|move|p2a: Dragapult|Will-O-Wisp|p1a: Garganacl
|-immune|p1a: Garganacl|[from] ability: Purifying Salt
|move|p1a: Garganacl|Salt Cure|p2a: Dragapult
|-damage|p2a: Dragapult|8/100
|-start|p2a: Dragapult|Salt Cure
|
|-heal|p1a: Garganacl|81/100|[from] item: Leftovers
|-damage|p2a: Dragapult|0 fnt|[from] Salt Cure
|faint|p2a: Dragapult
|upkeep
|
|t:|1760781359
|switch|p2a: Iron Crown|Iron Crown|94/100
|-damage|p2a: Iron Crown|88/100|[from] Stealth Rock
|turn|37
|
|t:|1760781369
|move|p1a: Garganacl|Protect|p1a: Garganacl
|-singleturn|p1a: Garganacl|Protect
|move|p2a: Iron Crown|Volt Switch|p1a: Garganacl
|-activate|p1a: Garganacl|move: Protect
|
|-heal|p1a: Garganacl|87/100|[from] item: Leftovers
|upkeep
|turn|38
|
|t:|1760781377
|move|p2a: Iron Crown|Volt Switch|p1a: Garganacl
|-damage|p1a: Garganacl|60/100
|
|t:|1760781382
|-end|p2a: Iron Crown|Quark Drive|[silent]
|switch|p2a: Weezing|Weezing-Galar, F|50/100 brn|[from] Volt Switch
|-ability|p2a: Weezing|Neutralizing Gas
|-damage|p2a: Weezing|38/100 brn|[from] Stealth Rock
|move|p1a: Garganacl|Salt Cure|p2a: Weezing
|-damage|p2a: Weezing|29/100 brn
|-start|p2a: Weezing|Salt Cure
|
|-heal|p1a: Garganacl|66/100|[from] item: Leftovers
|-damage|p2a: Weezing|23/100 brn|[from] brn
|-damage|p2a: Weezing|11/100 brn|[from] Salt Cure
|upkeep
|turn|39
|inactive|Themusiqking has 120 seconds left.
|
|t:|1760781398
|move|p1a: Garganacl|Protect|p1a: Garganacl
|-singleturn|p1a: Garganacl|Protect
|move|p2a: Weezing|Toxic Spikes|p1a: Garganacl
|-sidestart|p1: Themusiqking|move: Toxic Spikes
|
|-heal|p1a: Garganacl|73/100|[from] item: Leftovers
|-damage|p2a: Weezing|5/100 brn|[from] brn
|-damage|p2a: Weezing|0 fnt|[from] Salt Cure
|faint|p2a: Weezing
|-end|p2a: Weezing|ability: Neutralizing Gas
|upkeep
|
|t:|1760781408
|switch|p2a: Iron Crown|Iron Crown|88/100
|-damage|p2a: Iron Crown|82/100|[from] Stealth Rock
|turn|40
|inactive|Themusiqking has 120 seconds left.
|inactive|Themusiqking has 90 seconds left.
|inactive|Themusiqking has 60 seconds left.
|
|t:|1760781482
|switch|p1a: Noivern|Noivern, F|100/100
|-damage|p1a: Noivern|75/100|[from] Stealth Rock
|move|p2a: Iron Crown|Tachyon Cutter|p1a: Noivern
|-damage|p1a: Noivern|27/100
|-damage|p1a: Noivern|0 fnt
|faint|p1a: Noivern
|-hitcount|p1: Noivern|2
|
|upkeep
|inactive|Themusiqking has 60 seconds left.
|-message|Themusiqking forfeited.
|
|win|anisdino
|raw|Themusiqking's rating: 1128 &rarr; <strong>1099</strong><br />(-29 for losing)
|raw|anisdino's rating: 1073 &rarr; <strong>1107</strong><br />(+34 for winning)
|l|☆Themusiqking
|player|p1|
|l|☆anisdino
|player|p2|
