|j|‽ultraultrasun
|j|☆HZBKAI
|t:|1760762092
|gametype|singles
|player|p1|ultraultrasun|pilot|1085
|player|p2|HZBKAI|101|1082
|gen|9
|tier|[Gen 9] OU
|rated|
|rule|HP Percentage Mod: HP is shown in percentages
|rule|Endless Battle Clause: Forcing endless battles is banned
|rule|Species Clause: Limit one of each Pokémon
|rule|OHKO Clause: OHKO moves are banned
|rule|Evasion Items Clause: Evasion items are banned
|rule|Evasion Moves Clause: Evasion moves are banned
|rule|Evasion Abilities Clause: Evasion abilities are banned
|rule|Sleep Moves Clause: Sleep-inducing moves are banned
|clearpoke
|poke|p1|Iron Valiant|
|poke|p1|Keldeo|
|poke|p1|Kingambit, M|
|poke|p1|Great Tusk|
|poke|p1|Scizor, F|
|poke|p1|Hitmontop, M|
|poke|p2|Ceruledge, F|
|poke|p2|Kyurem|
|poke|p2|Manaphy|
|poke|p2|Metagross|
|poke|p2|Okidogi, M|
|poke|p2|Zoroark-Hisui, M|
|teampreview
|
|t:|1760762113
|teamsize|p1|6
|teamsize|p2|6
|start
|switch|p1a: Keldeo|Keldeo|100/100
|switch|p2a: Manaphy|Manaphy|100/100
|turn|1
|
|t:|1760762122
|move|p1a: Keldeo|Aura Sphere|p2a: Manaphy
|-damage|p2a: Manaphy|36/100
|move|p2a: Manaphy|Alluring Voice|p1a: Keldeo
|-supereffective|p1a: Keldeo
|-damage|p1a: Keldeo|44/100
|
|-heal|p2a: Manaphy|42/100|[from] item: Leftovers
|upkeep
|turn|2
|
|t:|1760762136
|move|p1a: Keldeo|Aura Sphere|p2a: Manaphy
|-damage|p2a: Manaphy|0 fnt
|faint|p2a: Manaphy
|
|upkeep
|
|t:|1760762136
|switch|p2a: Metagross|Metagross|100/100
|turn|3
|
|t:|1760762144
|switch|p1a: Hitmontop|Hitmontop, M|100/100
|-ability|p1a: Hitmontop|Intimidate|boost
|-fail|p2a: Metagross|unboost|[from] ability: Clear Body|[of] p2a: Metagross
|move|p2a: Metagross|Psychic Fangs|p1a: Hitmontop
|-supereffective|p1a: Hitmontop
|-damage|p1a: Hitmontop|0 fnt
|faint|p1a: Hitmontop
|
|upkeep
|
|t:|1760762162
|switch|p1a: Great Tusk|Great Tusk|100/100
|turn|4
|
|t:|1760762173
|move|p1a: Great Tusk|Headlong Rush|p2a: Metagross
|-supereffective|p2a: Metagross
|-damage|p2a: Metagross|7/100
|-unboost|p1a: Great Tusk|def|1
|-unboost|p1a: Great Tusk|spd|1
|move|p2a: Metagross|Psychic Fangs|p1a: Great Tusk
|-supereffective|p1a: Great Tusk
|-damage|p1a: Great Tusk|0 fnt
|faint|p1a: Great Tusk
|-end|p1a: Great Tusk|Protosynthesis|[silent]
|
|-heal|p2a: Metagross|13/100|[from] item: Leftovers
|upkeep
|
|t:|1760762203
|switch|p1a: Keldeo|Keldeo|44/100
|turn|5
|
|t:|1760762211
|-terastallize|p1a: Keldeo|Water
|-terastallize|p2a: Metagross|Steel
|move|p1a: Keldeo|Hydro Pump|p2a: Metagross|[miss]
|-miss|p1a: Keldeo|p2a: Metagross
|move|p2a: Metagross|Psychic Fangs|p1a: Keldeo
|-damage|p1a: Keldeo|0 fnt
|faint|p1a: Keldeo
|
|-heal|p2a: Metagross|19/100|[from] item: Leftovers
|upkeep
|
|t:|1760762224
|switch|p1a: Iron Valiant|Iron Valiant|100/100
|-enditem|p1a: Iron Valiant|Booster Energy
|-activate|p1a: Iron Valiant|ability: Quark Drive|[fromitem]
|-start|p1a: Iron Valiant|quarkdrivespe
|turn|6
|
|t:|1760762230
|move|p1a: Iron Valiant|Fire Punch|p2a: Metagross
|-supereffective|p2a: Metagross
|-damage|p2a: Metagross|0 fnt
|faint|p2a: Metagross
|
|upkeep
|
|t:|1760762230
|switch|p2a: Okidogi|Okidogi, M|100/100
|turn|7
|
|t:|1760762250
|move|p1a: Iron Valiant|Moonblast|p2a: Okidogi
|-damage|p2a: Okidogi|5/100
|replace|p2a: Zoroark|Zoroark-Hisui, M
|-end|p2a: Zoroark|Illusion
|move|p2a: Zoroark|Psychic|p1a: Iron Valiant
|-supereffective|p1a: Iron Valiant
|-damage|p1a: Iron Valiant|0 fnt
|faint|p1a: Iron Valiant
|-end|p1a: Iron Valiant|Quark Drive|[silent]
|
|upkeep
|
|t:|1760762258
|switch|p1a: Scizor|Scizor, F|100/100
|turn|8
|
|t:|1760762264
|move|p1a: Scizor|Bullet Punch|p2a: Zoroark
|-damage|p2a: Zoroark|0 fnt
|-damage|p1a: Scizor|84/100|[from] item: Rocky Helmet|[of] p2a: Zoroark
|faint|p2a: Zoroark
|
|upkeep
|
|t:|1760762264
|switch|p2a: Ceruledge|Ceruledge, F|100/100
|turn|9
|
|t:|1760762271
|move|p1a: Scizor|Bullet Punch|p2a: Ceruledge
|-resisted|p2a: Ceruledge
|-damage|p2a: Ceruledge|66/100
|-ability|p2a: Ceruledge|Weak Armor|boost
|-unboost|p2a: Ceruledge|def|1
|-boost|p2a: Ceruledge|spe|2
|move|p2a: Ceruledge|Bitter Blade|p1a: Scizor
|-supereffective|p1a: Scizor
|-crit|p1a: Scizor
|-damage|p1a: Scizor|0 fnt
|-heal|p2a: Ceruledge|100/100|[from] drain|[of] p1a: Scizor
|faint|p1a: Scizor
|
|upkeep
|
|t:|1760762281
|switch|p1a: Kingambit|Kingambit, M|100/100
|-activate|p1a: Kingambit|ability: Supreme Overlord
|-start|p1a: Kingambit|fallen5|[silent]
|turn|10
|
|t:|1760762286
|move|p1a: Kingambit|Sucker Punch|p2a: Ceruledge
|-supereffective|p2a: Ceruledge
|-enditem|p2a: Ceruledge|Focus Sash
|-damage|p2a: Ceruledge|1/100
|-ability|p2a: Ceruledge|Weak Armor|boost
|-unboost|p2a: Ceruledge|def|1
|-boost|p2a: Ceruledge|spe|2
|-damage|p1a: Kingambit|91/100|[from] item: Life Orb
|move|p2a: Ceruledge|Bitter Blade|p1a: Kingambit
|-supereffective|p1a: Kingambit
|-damage|p1a: Kingambit|27/100
|-heal|p2a: Ceruledge|45/100|[from] drain|[of] p1a: Kingambit
|
|upkeep
|turn|11
|
|t:|1760762300
|move|p1a: Kingambit|Sucker Punch|p2a: Ceruledge
|-supereffective|p2a: Ceruledge
|-damage|p2a: Ceruledge|0 fnt
|faint|p2a: Ceruledge
|-damage|p1a: Kingambit|17/100|[from] item: Life Orb
|
|upkeep
|
|t:|1760762301
|switch|p2a: Okidogi|Okidogi, M|100/100
|turn|12
|
|t:|1760762311
|move|p1a: Kingambit|Sucker Punch|p2a: Okidogi
|-resisted|p2a: Okidogi
|-damage|p2a: Okidogi|71/100
|-damage|p1a: Kingambit|7/100|[from] item: Life Orb
|move|p2a: Okidogi|Drain Punch|p1a: Kingambit
|-supereffective|p1a: Kingambit
|-damage|p1a: Kingambit|0 fnt
|-heal|p2a: Okidogi|74/100|[from] drain|[of] p1a: Kingambit
|faint|p1a: Kingambit
|-end|p1a: Kingambit|fallen5|[silent]
|
|win|HZBKAI
|raw|ultraultrasun's rating: 1085 &rarr; <strong>1062</strong><br />(-23 for losing)
|raw|HZBKAI's rating: 1082 &rarr; <strong>1110</strong><br />(+28 for winning)
|l|☆HZBKAI
|player|p2|
|l|‽ultraultrasun
|player|p1|
