|badge|p1|bronze|gen9ou|100-7
|uhtml|medal-msg|<div class="broadcast-blue">Curious what those medals under the avatar are? PS now has Ladder Seasons! For more information, check out the <a href="https://www.smogon.com/forums/threads/3740067/">thread on Smogon.</a></div>
|badge|p2|bronze|gen9ou|100-7
|uhtml|medal-msg|<div class="broadcast-blue">Curious what those medals under the avatar are? PS now has Ladder Seasons! For more information, check out the <a href="https://www.smogon.com/forums/threads/3740067/">thread on Smogon.</a></div>
|j|☆Chococroc
|j|☆MooFarmer
|t:|1760725243
|gametype|singles
|player|p1|Chococroc|pokemaniac|1911
|player|p2|MooFarmer|1|1899
|gen|9
|tier|[Gen 9] OU
|rated|
|rule|HP Percentage Mod: HP is shown in percentages
|rule|Endless Battle Clause: Forcing endless battles is banned
|rule|Species Clause: Limit one of each Pokémon
|rule|OHKO Clause: OHKO moves are banned
|rule|Evasion Items Clause: Evasion items are banned
|rule|Evasion Moves Clause: Evasion moves are banned
|rule|Evasion Abilities Clause: Evasion abilities are banned
|rule|Sleep Moves Clause: Sleep-inducing moves are banned
|clearpoke
|poke|p1|Rillaboom, F|
|poke|p1|Hawlucha, F|
|poke|p1|Kyurem|
|poke|p1|Primarina, M|
|poke|p1|Cinderace, F|
|poke|p1|Iron Crown|
|poke|p2|Kyurem|
|poke|p2|Corviknight, M|
|poke|p2|Ting-Lu|
|poke|p2|Dondozo, F|
|poke|p2|Slowking-Galar, L99, M|
|poke|p2|Cinderace, M|
|teampreview
|inactive|Battle timer is ON: inactive players will automatically lose when time's up. (requested by Chococroc)
|j| Fr4nK2hN
|j| Elpresdonaldtrump
|inactive|MooFarmer has 120 seconds left.
|
|t:|1760725289
|teamsize|p1|6
|teamsize|p2|6
|start
|switch|p1a: Rillaboom|Rillaboom, F|100/100
|switch|p2a: Slowking|Slowking-Galar, L99, M|100/100
|-fieldstart|move: Grassy Terrain|[from] ability: Grassy Surge|[of] p1a: Rillaboom
|turn|1
|inactive|MooFarmer also wants the timer to be on.
|inactive|MooFarmer has 120 seconds left.
|
|t:|1760725334
|move|p1a: Rillaboom|Knock Off|p2a: Slowking
|-supereffective|p2a: Slowking
|-damage|p2a: Slowking|0 fnt
|-enditem|p2a: Slowking|Heavy-Duty Boots|[from] move: Knock Off|[of] p1a: Rillaboom
|faint|p2a: Slowking
|
|upkeep
|j| Nowh 愛
|inactive|MooFarmer has 90 seconds left.
|
|t:|1760725380
|switch|p2a: Kyurem|Kyurem|100/100
|-ability|p2a: Kyurem|Pressure
|turn|2
|inactive|MooFarmer has 60 seconds left.
|l| Nowh 愛
|j| Lonelyenders
|
|t:|1760725425
|switch|p1a: Iron Crown|Iron Crown|100/100
|-enditem|p1a: Iron Crown|Booster Energy
|-activate|p1a: Iron Crown|ability: Quark Drive|[fromitem]
|-start|p1a: Iron Crown|quarkdrivespe
|move|p2a: Kyurem|Freeze-Dry|p1a: Iron Crown
|-resisted|p1a: Iron Crown
|-damage|p1a: Iron Crown|83/100
|
|-heal|p1a: Iron Crown|89/100|[from] Grassy Terrain
|upkeep
|turn|3
|j| amimec
|
|t:|1760725434
|-terastallize|p2a: Kyurem|Ground
|move|p1a: Iron Crown|Calm Mind|p1a: Iron Crown
|-boost|p1a: Iron Crown|spa|1
|-boost|p1a: Iron Crown|spd|1
|move|p2a: Kyurem|Earth Power|p1a: Iron Crown
|-supereffective|p1a: Iron Crown
|-damage|p1a: Iron Crown|32/100
|
|-heal|p1a: Iron Crown|39/100|[from] Grassy Terrain
|upkeep
|turn|4
|
|t:|1760725443
|move|p1a: Iron Crown|Tachyon Cutter|p2a: Kyurem
|-damage|p2a: Kyurem|66/100
|-damage|p2a: Kyurem|32/100
|-hitcount|p2a: Kyurem|2
|move|p2a: Kyurem|Earth Power|p1a: Iron Crown
|-supereffective|p1a: Iron Crown
|-damage|p1a: Iron Crown|0 fnt
|faint|p1a: Iron Crown
|-end|p1a: Iron Crown|Quark Drive|[silent]
|
|-heal|p2a: Kyurem|38/100|[from] Grassy Terrain
|-heal|p2a: Kyurem|44/100|[from] item: Leftovers
|upkeep
|
|t:|1760725449
|switch|p1a: Kyurem|Kyurem|100/100
|-ability|p1a: Kyurem|Pressure
|turn|5
|inactive|MooFarmer has 60 seconds left.
|
|t:|1760725457
|move|p2a: Kyurem|Protect|p2a: Kyurem
|-singleturn|p2a: Kyurem|Protect
|move|p1a: Kyurem|Icicle Spear|p2a: Kyurem
|-activate|p2a: Kyurem|move: Protect
|
|-heal|p2a: Kyurem|50/100|[from] Grassy Terrain
|-heal|p2a: Kyurem|56/100|[from] item: Leftovers
|-fieldend|move: Grassy Terrain
|upkeep
|turn|6
|
|t:|1760725466
|switch|p2a: Dondozo|Dondozo, F|100/100
|move|p1a: Kyurem|Scale Shot|p2a: Dondozo
|-damage|p2a: Dondozo|95/100
|-damage|p2a: Dondozo|89/100
|-damage|p2a: Dondozo|83/100
|-damage|p2a: Dondozo|78/100
|-damage|p2a: Dondozo|72/100
|-hitcount|p2a: Dondozo|5
|-unboost|p1a: Kyurem|def|1
|-boost|p1a: Kyurem|spe|1
|
|-heal|p2a: Dondozo|78/100|[from] item: Leftovers
|upkeep
|turn|7
|
|t:|1760725475
|switch|p1a: Primarina|Primarina, M|100/100
|move|p2a: Dondozo|Body Press|p1a: Primarina
|-resisted|p1a: Primarina
|-damage|p1a: Primarina|89/100
|
|-heal|p1a: Primarina|95/100|[from] item: Leftovers
|-heal|p2a: Dondozo|85/100|[from] item: Leftovers
|upkeep
|turn|8
|
|t:|1760725484
|move|p1a: Primarina|Substitute|p1a: Primarina
|-start|p1a: Primarina|Substitute
|-damage|p1a: Primarina|70/100
|move|p2a: Dondozo|Curse|p2a: Dondozo
|-unboost|p2a: Dondozo|spe|1
|-boost|p2a: Dondozo|atk|1
|-boost|p2a: Dondozo|def|1
|
|-heal|p1a: Primarina|76/100|[from] item: Leftovers
|-heal|p2a: Dondozo|91/100|[from] item: Leftovers
|upkeep
|turn|9
|
|t:|1760725492
|move|p1a: Primarina|Psychic Noise|p2a: Dondozo
|-resisted|p2a: Dondozo
|-damage|p2a: Dondozo|76/100
|-start|p2a: Dondozo|move: Heal Block
|move|p2a: Dondozo|Curse|p2a: Dondozo
|-unboost|p2a: Dondozo|spe|1
|-boost|p2a: Dondozo|atk|1
|-boost|p2a: Dondozo|def|1
|
|-heal|p1a: Primarina|82/100|[from] item: Leftovers
|upkeep
|turn|10
|
|t:|1760725501
|move|p1a: Primarina|Draining Kiss|p2a: Dondozo
|-damage|p2a: Dondozo|56/100
|-heal|p1a: Primarina|100/100|[from] drain|[of] p2a: Dondozo
|move|p2a: Dondozo|Curse|p2a: Dondozo
|-unboost|p2a: Dondozo|spe|1
|-boost|p2a: Dondozo|atk|1
|-boost|p2a: Dondozo|def|1
|
|-end|p2a: Dondozo|move: Heal Block
|upkeep
|turn|11
|inactive|MooFarmer has 90 seconds left.
|
|t:|1760725509
|move|p1a: Primarina|Psychic Noise|p2a: Dondozo
|-resisted|p2a: Dondozo
|-damage|p2a: Dondozo|41/100
|-start|p2a: Dondozo|move: Heal Block
|move|p2a: Dondozo|Waterfall|p1a: Primarina
|-resisted|p1a: Primarina
|-end|p1a: Primarina|Substitute
|
|upkeep
|turn|12
|
|t:|1760725517
|switch|p2a: Kyurem|Kyurem, tera:Ground|56/100
|-ability|p2a: Kyurem|Pressure
|move|p1a: Primarina|Substitute|p1a: Primarina
|-start|p1a: Primarina|Substitute
|-damage|p1a: Primarina|75/100
|
|-heal|p2a: Kyurem|63/100|[from] item: Leftovers
|-heal|p1a: Primarina|82/100|[from] item: Leftovers
|upkeep
|turn|13
|j| Hadds
|
|t:|1760725525
|switch|p2a: Dondozo|Dondozo, F|41/100
|move|p1a: Primarina|Calm Mind|p1a: Primarina
|-boost|p1a: Primarina|spa|1
|-boost|p1a: Primarina|spd|1
|
|-heal|p1a: Primarina|88/100|[from] item: Leftovers
|-heal|p2a: Dondozo|47/100|[from] item: Leftovers
|upkeep
|turn|14
|
|t:|1760725533
|move|p1a: Primarina|Psychic Noise|p2a: Dondozo
|-resisted|p2a: Dondozo
|-damage|p2a: Dondozo|33/100
|-start|p2a: Dondozo|move: Heal Block
|move|p2a: Dondozo|Curse|p2a: Dondozo
|-unboost|p2a: Dondozo|spe|1
|-boost|p2a: Dondozo|atk|1
|-boost|p2a: Dondozo|def|1
|
|-heal|p1a: Primarina|94/100|[from] item: Leftovers
|upkeep
|turn|15
|
|t:|1760725542
|switch|p2a: Corviknight|Corviknight, M|100/100
|-ability|p2a: Corviknight|Pressure
|move|p1a: Primarina|Draining Kiss|p2a: Corviknight
|-resisted|p2a: Corviknight
|-damage|p2a: Corviknight|85/100
|-heal|p1a: Primarina|100/100|[from] drain|[of] p2a: Corviknight
|-damage|p1a: Primarina|84/100|[from] item: Rocky Helmet|[of] p2a: Corviknight
|
|-heal|p1a: Primarina|90/100|[from] item: Leftovers
|upkeep
|turn|16
|
|t:|1760725550
|move|p2a: Corviknight|U-turn|p1a: Primarina
|-resisted|p1a: Primarina
|-activate|p1a: Primarina|move: Substitute|[damage]
|
|t:|1760725558
|switch|p2a: Dondozo|Dondozo, F|33/100|[from] U-turn
|move|p1a: Primarina|Calm Mind|p1a: Primarina
|-boost|p1a: Primarina|spa|1
|-boost|p1a: Primarina|spd|1
|
|-heal|p1a: Primarina|96/100|[from] item: Leftovers
|-heal|p2a: Dondozo|39/100|[from] item: Leftovers
|upkeep
|turn|17
|inactive|MooFarmer has 120 seconds left.
|
|t:|1760725566
|move|p1a: Primarina|Psychic Noise|p2a: Dondozo
|-resisted|p2a: Dondozo
|-damage|p2a: Dondozo|23/100
|-start|p2a: Dondozo|move: Heal Block
|move|p2a: Dondozo|Body Press|p1a: Primarina
|-resisted|p1a: Primarina
|-activate|p1a: Primarina|move: Substitute|[damage]
|
|-heal|p1a: Primarina|100/100|[from] item: Leftovers
|upkeep
|turn|18
|
|t:|1760725579
|move|p1a: Primarina|Draining Kiss|p2a: Dondozo
|-damage|p2a: Dondozo|4/100
|move|p2a: Dondozo|Waterfall|p1a: Primarina
|-resisted|p1a: Primarina
|-end|p1a: Primarina|Substitute
|
|-end|p2a: Dondozo|move: Heal Block
|upkeep
|turn|19
|
|t:|1760725587
|move|p1a: Primarina|Psychic Noise|p2a: Dondozo
|-resisted|p2a: Dondozo
|-crit|p2a: Dondozo
|-damage|p2a: Dondozo|0 fnt
|faint|p2a: Dondozo
|
|upkeep
|
|t:|1760725596
|switch|p2a: Kyurem|Kyurem, tera:Ground|63/100
|-ability|p2a: Kyurem|Pressure
|turn|20
|
|t:|1760725604
|move|p2a: Kyurem|Protect|p2a: Kyurem
|-singleturn|p2a: Kyurem|Protect
|move|p1a: Primarina|Substitute|p1a: Primarina
|-start|p1a: Primarina|Substitute
|-damage|p1a: Primarina|75/100
|
|-heal|p2a: Kyurem|69/100|[from] item: Leftovers
|-heal|p1a: Primarina|82/100|[from] item: Leftovers
|upkeep
|turn|21
|
|t:|1760725613
|move|p2a: Kyurem|Protect||[still]
|-fail|p2a: Kyurem
|move|p1a: Primarina|Psychic Noise|p2a: Kyurem
|-supereffective|p2a: Kyurem
|-damage|p2a: Kyurem|0 fnt
|faint|p2a: Kyurem
|
|-heal|p1a: Primarina|88/100|[from] item: Leftovers
|upkeep
|c|☆Chococroc|Gg
|c| Elpresdonaldtrump|moofarmer youre getting WORKED
|
|t:|1760725621
|switch|p2a: Ting-Lu|Ting-Lu|100/100
|-ability|p2a: Ting-Lu|Vessel of Ruin
|turn|22
|
|t:|1760725629
|move|p1a: Primarina|Psychic Noise|p2a: Ting-Lu
|-supereffective|p2a: Ting-Lu
|-damage|p2a: Ting-Lu|51/100
|-start|p2a: Ting-Lu|move: Heal Block
|move|p2a: Ting-Lu|Earthquake|p1a: Primarina
|-end|p1a: Primarina|Substitute
|
|-heal|p1a: Primarina|94/100|[from] item: Leftovers
|upkeep
|turn|23
|
|t:|1760725637
|move|p1a: Primarina|Calm Mind|p1a: Primarina
|-boost|p1a: Primarina|spa|1
|-boost|p1a: Primarina|spd|1
|move|p2a: Ting-Lu|Earthquake|p1a: Primarina
|-damage|p1a: Primarina|64/100
|
|-heal|p1a: Primarina|70/100|[from] item: Leftovers
|-end|p2a: Ting-Lu|move: Heal Block
|upkeep
|turn|24
|
|t:|1760725646
|switch|p2a: Corviknight|Corviknight, M|85/100
|-ability|p2a: Corviknight|Pressure
|move|p1a: Primarina|Psychic Noise|p2a: Corviknight
|-damage|p2a: Corviknight|8/100
|-start|p2a: Corviknight|move: Heal Block
|
|-heal|p1a: Primarina|76/100|[from] item: Leftovers
|upkeep
|turn|25
|
|t:|1760725653
|move|p2a: Corviknight|U-turn|p1a: Primarina
|-resisted|p1a: Primarina
|-damage|p1a: Primarina|70/100
|
|t:|1760725660
|switch|p2a: Ting-Lu|Ting-Lu|51/100|[from] U-turn
|-ability|p2a: Ting-Lu|Vessel of Ruin
|move|p1a: Primarina|Psychic Noise|p2a: Ting-Lu
|-supereffective|p2a: Ting-Lu
|-damage|p2a: Ting-Lu|0 fnt
|faint|p2a: Ting-Lu
|
|-heal|p1a: Primarina|76/100|[from] item: Leftovers
|upkeep
|
|t:|1760725668
|switch|p2a: Cinderace|Cinderace, M|100/100
|turn|26
|c| Elpresdonaldtrump|smell ya moo
|
|t:|1760725675
|move|p2a: Cinderace|Pyro Ball|p1a: Primarina
|-resisted|p1a: Primarina
|-crit|p1a: Primarina
|-damage|p1a: Primarina|48/100
|move|p1a: Primarina|Psychic Noise|p2a: Cinderace
|-supereffective|p2a: Cinderace
|-damage|p2a: Cinderace|0 fnt
|faint|p2a: Cinderace
|
|-heal|p1a: Primarina|54/100|[from] item: Leftovers
|upkeep
|l| Hadds
|
|t:|1760725681
|switch|p2a: Corviknight|Corviknight, M|8/100
|-ability|p2a: Corviknight|Pressure
|turn|27
|
|t:|1760725685
|move|p2a: Corviknight|Roost|p2a: Corviknight
|-heal|p2a: Corviknight|58/100
|-singleturn|p2a: Corviknight|move: Roost
|move|p1a: Primarina|Psychic Noise|p2a: Corviknight
|-damage|p2a: Corviknight|0 fnt
|faint|p2a: Corviknight
|
|win|Chococroc
|raw|Chococroc's rating: 1911 &rarr; <strong>1930</strong><br />(+19 for winning)
|raw|MooFarmer's rating: 1899 &rarr; <strong>1880</strong><br />(-19 for losing)
|l|☆MooFarmer
|player|p2|
|c| Elpresdonaldtrump|so freee for choc
|l| Elpresdonaldtrump
|l|☆Chococroc
|player|p1|
|l| Fr4nK2hN
|l| Lonelyenders
