|j|☆roryta
|j|☆vryfast
|t:|1760793446
|gametype|singles
|player|p1|roryta|hilbert|1131
|player|p2|vryfast|101|1115
|gen|9
|tier|[Gen 9] OU
|rated|
|rule|HP Percentage Mod: HP is shown in percentages
|rule|Endless Battle Clause: Forcing endless battles is banned
|rule|Species Clause: Limit one of each Pokémon
|rule|OHKO Clause: OHKO moves are banned
|rule|Evasion Items Clause: Evasion items are banned
|rule|Evasion Moves Clause: Evasion moves are banned
|rule|Evasion Abilities Clause: Evasion abilities are banned
|rule|Sleep Moves Clause: Sleep-inducing moves are banned
|clearpoke
|poke|p1|Primarina, F|
|poke|p1|Kyurem|
|poke|p1|Cobalion|
|poke|p1|Chandelure, F|
|poke|p1|Great Tusk|
|poke|p1|Sawsbuck-Summer, M|
|poke|p2|Incineroar, F|
|poke|p2|Zamazenta-*|
|poke|p2|Dragapult, M|
|poke|p2|Florges, F|
|poke|p2|Armarouge, F|
|poke|p2|Cyclizar, M|
|teampreview
|inactive|Battle timer is ON: inactive players will automatically lose when time's up. (requested by roryta)
|inactive|roryta has 120 seconds left.
|
|t:|1760793478
|teamsize|p1|6
|teamsize|p2|6
|start
|switch|p1a: Sawsbuck|Sawsbuck-Summer, M|100/100
|switch|p2a: Incineroar|Incineroar, F, shiny|100/100
|-ability|p2a: Incineroar|Intimidate|boost
|-unboost|p1a: Sawsbuck|atk|1
|turn|1
|
|t:|1760793488
|switch|p1a: Chandelure|Chandelure, F|100/100
|move|p2a: Incineroar|Will-O-Wisp|p1a: Chandelure
|-immune|p1a: Chandelure
|
|upkeep
|turn|2
|
|t:|1760793497
|switch|p1a: Primarina|Primarina, F|100/100
|move|p2a: Incineroar|Knock Off|p1a: Primarina
|-resisted|p1a: Primarina
|-damage|p1a: Primarina|72/100
|-enditem|p1a: Primarina|Assault Vest|[from] move: Knock Off|[of] p2a: Incineroar
|
|upkeep
|turn|3
|
|t:|1760793506
|switch|p2a: Florges|Florges, F|100/100
|move|p1a: Primarina|Surf|p2a: Florges
|-damage|p2a: Florges|67/100
|
|-heal|p2a: Florges|73/100|[from] item: Leftovers
|upkeep
|turn|4
|
|t:|1760793520
|switch|p1a: Sawsbuck|Sawsbuck-Summer, M|100/100
|move|p2a: Florges|Calm Mind|p2a: Florges
|-boost|p2a: Florges|spa|1
|-boost|p2a: Florges|spd|1
|
|-heal|p2a: Florges|79/100|[from] item: Leftovers
|upkeep
|turn|5
|
|t:|1760793529
|move|p1a: Sawsbuck|Body Slam|p2a: Florges
|-damage|p2a: Florges|7/100
|-status|p2a: Florges|par
|move|p2a: Florges|Moonblast|p1a: Sawsbuck
|-damage|p1a: Sawsbuck|0 fnt
|faint|p1a: Sawsbuck
|
|-heal|p2a: Florges|14/100 par|[from] item: Leftovers
|upkeep
|
|t:|1760793545
|switch|p1a: Great Tusk|Great Tusk|100/100
|turn|6
|
|t:|1760793549
|switch|p2a: Dragapult|Dragapult, M|100/100
|move|p1a: Great Tusk|Rapid Spin|p2a: Dragapult
|-immune|p2a: Dragapult
|
|upkeep
|turn|7
|
|t:|1760793556
|switch|p2a: Incineroar|Incineroar, F, shiny|100/100
|-ability|p2a: Incineroar|Intimidate|boost
|-unboost|p1a: Great Tusk|atk|1
|move|p1a: Great Tusk|Headlong Rush|p2a: Incineroar
|-supereffective|p2a: Incineroar
|-damage|p2a: Incineroar|47/100
|-unboost|p1a: Great Tusk|def|1
|-unboost|p1a: Great Tusk|spd|1
|
|-heal|p2a: Incineroar|53/100|[from] item: Leftovers
|upkeep
|turn|8
|
|t:|1760793565
|move|p2a: Incineroar|Protect|p2a: Incineroar
|-singleturn|p2a: Incineroar|Protect
|move|p1a: Great Tusk|Headlong Rush|p2a: Incineroar
|-activate|p2a: Incineroar|move: Protect
|
|-heal|p2a: Incineroar|59/100|[from] item: Leftovers
|upkeep
|turn|9
|
|t:|1760793573
|-end|p1a: Great Tusk|Protosynthesis|[silent]
|switch|p1a: Cobalion|Cobalion|100/100
|move|p2a: Incineroar|Will-O-Wisp|p1a: Cobalion
|-status|p1a: Cobalion|brn
|
|-heal|p2a: Incineroar|65/100|[from] item: Leftovers
|-damage|p1a: Cobalion|94/100 brn|[from] brn
|upkeep
|turn|10
|
|t:|1760793588
|move|p2a: Incineroar|Protect|p2a: Incineroar
|-singleturn|p2a: Incineroar|Protect
|move|p1a: Cobalion|Thunder Wave|p2a: Incineroar
|-activate|p2a: Incineroar|move: Protect
|
|-heal|p1a: Cobalion|100/100 brn|[from] item: Leftovers
|-heal|p2a: Incineroar|71/100|[from] item: Leftovers
|-damage|p1a: Cobalion|94/100 brn|[from] brn
|upkeep
|turn|11
|
|t:|1760793595
|switch|p2a: Florges|Florges, F|14/100 par
|move|p1a: Cobalion|Thunder Wave|p2a: Florges|[miss]
|-miss|p1a: Cobalion|p2a: Florges
|
|-heal|p1a: Cobalion|100/100 brn|[from] item: Leftovers
|-heal|p2a: Florges|20/100 par|[from] item: Leftovers
|-damage|p1a: Cobalion|94/100 brn|[from] brn
|upkeep
|turn|12
|
|t:|1760793607
|move|p1a: Cobalion|Iron Defense|p1a: Cobalion
|-boost|p1a: Cobalion|def|2
|move|p2a: Florges|Moonblast|p1a: Cobalion
|-damage|p1a: Cobalion|40/100 brn
|-unboost|p1a: Cobalion|spa|1
|
|-heal|p1a: Cobalion|46/100 brn|[from] item: Leftovers
|-heal|p2a: Florges|26/100 par|[from] item: Leftovers
|-damage|p1a: Cobalion|40/100 brn|[from] brn
|upkeep
|turn|13
|
|t:|1760793614
|move|p1a: Cobalion|Body Press|p2a: Florges
|-resisted|p2a: Florges
|-damage|p2a: Florges|0 fnt
|faint|p2a: Florges
|
|-heal|p1a: Cobalion|46/100 brn|[from] item: Leftovers
|-damage|p1a: Cobalion|40/100 brn|[from] brn
|upkeep
|
|t:|1760793624
|switch|p2a: Armarouge|Armarouge, F|100/100
|turn|14
|
|t:|1760793635
|move|p1a: Cobalion|Thunder Wave|p2a: Armarouge
|-status|p2a: Armarouge|par
|cant|p2a: Armarouge|par
|
|-heal|p1a: Cobalion|46/100 brn|[from] item: Leftovers
|-damage|p1a: Cobalion|40/100 brn|[from] brn
|upkeep
|turn|15
|
|t:|1760793647
|move|p1a: Cobalion|Body Press|p2a: Armarouge
|-resisted|p2a: Armarouge
|-damage|p2a: Armarouge|75/100 par
|-ability|p2a: Armarouge|Weak Armor|boost
|-unboost|p2a: Armarouge|def|1
|-boost|p2a: Armarouge|spe|2
|move|p2a: Armarouge|Armor Cannon|p1a: Cobalion
|-supereffective|p1a: Cobalion
|-damage|p1a: Cobalion|0 fnt
|-unboost|p2a: Armarouge|def|1
|-unboost|p2a: Armarouge|spd|1
|faint|p1a: Cobalion
|
|upkeep
|
|t:|1760793652
|switch|p1a: Chandelure|Chandelure, F|100/100
|turn|16
|
|t:|1760793665
|move|p1a: Chandelure|Shadow Ball|p2a: Armarouge
|-supereffective|p2a: Armarouge
|-damage|p2a: Armarouge|0 fnt
|faint|p2a: Armarouge
|
|upkeep
|
|t:|1760793672
|switch|p2a: Incineroar|Incineroar, F, shiny|71/100
|-ability|p2a: Incineroar|Intimidate|boost
|-unboost|p1a: Chandelure|atk|1
|turn|17
|
|t:|1760793680
|switch|p1a: Primarina|Primarina, F|72/100
|move|p2a: Incineroar|Knock Off|p1a: Primarina
|-resisted|p1a: Primarina
|-damage|p1a: Primarina|55/100
|
|-heal|p2a: Incineroar|77/100|[from] item: Leftovers
|upkeep
|turn|18
|
|t:|1760793689
|move|p2a: Incineroar|Protect|p2a: Incineroar
|-singleturn|p2a: Incineroar|Protect
|move|p1a: Primarina|Surf|p2a: Incineroar
|-activate|p2a: Incineroar|move: Protect
|
|-heal|p2a: Incineroar|83/100|[from] item: Leftovers
|upkeep
|turn|19
|
|t:|1760793697
|switch|p2a: Zamazenta|Zamazenta|100/100
|-ability|p2a: Zamazenta|Dauntless Shield|boost
|-boost|p2a: Zamazenta|def|1
|move|p1a: Primarina|Moonblast|p2a: Zamazenta
|-supereffective|p2a: Zamazenta
|-damage|p2a: Zamazenta|16/100
|
|-heal|p2a: Zamazenta|22/100|[from] item: Leftovers
|upkeep
|turn|20
|
|t:|1760793709
|move|p2a: Zamazenta|Crunch|p1a: Primarina
|-resisted|p1a: Primarina
|-damage|p1a: Primarina|35/100
|move|p1a: Primarina|Moonblast|p2a: Zamazenta
|-supereffective|p2a: Zamazenta
|-damage|p2a: Zamazenta|0 fnt
|faint|p2a: Zamazenta
|
|upkeep
|
|t:|1760793728
|switch|p2a: Dragapult|Dragapult, M|100/100
|turn|21
|
|t:|1760793733
|move|p2a: Dragapult|Dragon Dance|p2a: Dragapult
|-boost|p2a: Dragapult|atk|1
|-boost|p2a: Dragapult|spe|1
|move|p1a: Primarina|Moonblast|p2a: Dragapult
|-supereffective|p2a: Dragapult
|-crit|p2a: Dragapult
|-enditem|p2a: Dragapult|Focus Sash
|-damage|p2a: Dragapult|1/100
|-unboost|p2a: Dragapult|spa|1
|
|upkeep
|turn|22
|
|t:|1760793742
|-terastallize|p2a: Dragapult|Ground
|move|p2a: Dragapult|Tera Blast|p1a: Primarina|[anim] Tera Blast Ground
|-damage|p1a: Primarina|0 fnt
|faint|p1a: Primarina
|
|upkeep
|
|t:|1760793750
|switch|p1a: Kyurem|Kyurem|100/100
|-ability|p1a: Kyurem|Pressure
|turn|23
|
|t:|1760793756
|-terastallize|p1a: Kyurem|Fairy
|move|p2a: Dragapult|Dragon Darts|p1a: Kyurem
|-immune|p1a: Kyurem
|move|p1a: Kyurem|Ice Beam|p2a: Dragapult
|-supereffective|p2a: Dragapult
|-damage|p2a: Dragapult|0 fnt
|faint|p2a: Dragapult
|
|upkeep
|
|t:|1760793768
|switch|p2a: Cyclizar|Cyclizar, M|100/100
|turn|24
|
|t:|1760793772
|move|p2a: Cyclizar|Knock Off|p1a: Kyurem
|-resisted|p1a: Kyurem
|-damage|p1a: Kyurem|87/100
|-enditem|p1a: Kyurem|Choice Specs|[from] move: Knock Off|[of] p2a: Cyclizar
|move|p1a: Kyurem|Ice Beam|p2a: Cyclizar
|-supereffective|p2a: Cyclizar
|-damage|p2a: Cyclizar|0 fnt
|faint|p2a: Cyclizar
|
|upkeep
|
|t:|1760793778
|switch|p2a: Incineroar|Incineroar, F, shiny|83/100
|-ability|p2a: Incineroar|Intimidate|boost
|-unboost|p1a: Kyurem|atk|1
|turn|25
|
|t:|1760793783
|move|p1a: Kyurem|Earth Power|p2a: Incineroar
|-supereffective|p2a: Incineroar
|-damage|p2a: Incineroar|29/100
|move|p2a: Incineroar|Parting Shot|p1a: Kyurem
|-unboost|p1a: Kyurem|atk|1
|-unboost|p1a: Kyurem|spa|1
|
|-heal|p2a: Incineroar|35/100|[from] item: Leftovers
|upkeep
|turn|26
|
|t:|1760793792
|switch|p1a: Chandelure|Chandelure, F|100/100
|move|p2a: Incineroar|Protect||[still]
|-fail|p2a: Incineroar
|
|-heal|p2a: Incineroar|41/100|[from] item: Leftovers
|upkeep
|turn|27
|
|t:|1760793799
|move|p1a: Chandelure|Tera Blast|p2a: Incineroar
|-crit|p2a: Incineroar
|-damage|p2a: Incineroar|0 fnt
|faint|p2a: Incineroar
|
|win|roryta
|raw|roryta's rating: 1131 &rarr; <strong>1155</strong><br />(+24 for winning)
|raw|vryfast's rating: 1115 &rarr; <strong>1091</strong><br />(-24 for losing)
|l|☆vryfast
|player|p2|
|l|☆roryta
|player|p1|
