|j|☆Mrmonkey101
|j|☆Pig Perfect
|t:|1760826872
|gametype|singles
|player|p1|Mrmonkey101|170|1559
|player|p2|Pig Perfect|workerice|1587
|gen|9
|tier|[Gen 9] OU
|rated|
|rule|HP Percentage Mod: HP is shown in percentages
|rule|Endless Battle Clause: Forcing endless battles is banned
|rule|Species Clause: Limit one of each Pokémon
|rule|OHKO Clause: OHKO moves are banned
|rule|Evasion Items Clause: Evasion items are banned
|rule|Evasion Moves Clause: Evasion moves are banned
|rule|Evasion Abilities Clause: Evasion abilities are banned
|rule|Sleep Moves Clause: Sleep-inducing moves are banned
|clearpoke
|poke|p1|Slowking-Galar, F|
|poke|p1|Great Tusk|
|poke|p1|Alomomola, M|
|poke|p1|Gholdengo|
|poke|p1|Whimsicott, F|
|poke|p1|Kyurem|
|poke|p2|Alomomola, F|
|poke|p2|Cinderace, M|
|poke|p2|Hatterene, F|
|poke|p2|Kingambit, F|
|poke|p2|Magnezone|
|poke|p2|Rillaboom, F|
|teampreview
|
|t:|1760826898
|teamsize|p1|6
|teamsize|p2|6
|start
|switch|p1a: Whimsicott|Whimsicott, F|100/100
|switch|p2a: Steel MagnZolias|Magnezone|100/100
|turn|1
|
|t:|1760826903
|switch|p1a: Slowking|Slowking-Galar, F|100/100
|move|p2a: Steel MagnZolias|Flash Cannon|p1a: Slowking
|-damage|p1a: Slowking|60/100
|
|upkeep
|turn|2
|
|t:|1760826922
|move|p2a: Steel MagnZolias|Flash Cannon|p1a: Slowking
|-damage|p1a: Slowking|30/100
|move|p1a: Slowking|Flamethrower|p2a: Steel MagnZolias
|-supereffective|p2a: Steel MagnZolias
|-damage|p2a: Steel MagnZolias|45/100
|
|upkeep
|turn|3
|
|t:|1760826927
|switch|p1a: Alomomola|Alomomola, M|100/100
|move|p2a: Steel MagnZolias|Flash Cannon|p1a: Alomomola
|-resisted|p1a: Alomomola
|-damage|p1a: Alomomola|49/100
|
|upkeep
|turn|4
|
|t:|1760826933
|move|p2a: Steel MagnZolias|Flash Cannon|p1a: Alomomola
|-resisted|p1a: Alomomola
|-crit|p1a: Alomomola
|-damage|p1a: Alomomola|0 fnt
|faint|p1a: Alomomola
|
|upkeep
|c|☆Mrmonkey101|wow
|
|t:|1760826942
|switch|p1a: Gholdengo|Gholdengo|100/100
|turn|5
|c|☆Pig Perfect|lol i’m sorry
|c|☆Pig Perfect|that mattered
|c|☆Mrmonkey101|nw
|
|t:|1760826964
|switch|p2a: Bepto Pismola|Alomomola, F|100/100
|move|p1a: Gholdengo|Shadow Ball|p2a: Bepto Pismola
|-damage|p2a: Bepto Pismola|53/100
|
|upkeep
|turn|6
|
|t:|1760826974
|move|p1a: Gholdengo|Shadow Ball|p2a: Bepto Pismola
|-damage|p2a: Bepto Pismola|6/100
|-unboost|p2a: Bepto Pismola|spd|1
|move|p2a: Bepto Pismola|Flip Turn|p1a: Gholdengo
|-damage|p1a: Gholdengo|81/100
|
|t:|1760826976
|switch|p2a: So ein Mist|Kingambit, F|100/100|[from] Flip Turn
|
|upkeep
|turn|7
|
|t:|1760826983
|switch|p1a: Great Tusk|Great Tusk|100/100
|move|p2a: So ein Mist|Iron Head|p1a: Great Tusk
|-damage|p1a: Great Tusk|63/100
|-damage|p2a: So ein Mist|84/100|[from] item: Rocky Helmet|[of] p1a: Great Tusk
|
|-heal|p2a: So ein Mist|90/100|[from] item: Leftovers
|upkeep
|turn|8
|
|t:|1760826990
|-end|p2a: So ein Mist|fallenundefined|[silent]
|switch|p2a: Moly Hattrimony|Hatterene, F|100/100
|move|p1a: Great Tusk|Headlong Rush|p2a: Moly Hattrimony
|-damage|p2a: Moly Hattrimony|26/100
|-unboost|p1a: Great Tusk|def|1
|-unboost|p1a: Great Tusk|spd|1
|
|upkeep
|turn|9
|
|t:|1760827004
|switch|p2a: Not quite my tempo|Rillaboom, F|100/100
|-fieldstart|move: Grassy Terrain|[from] ability: Grassy Surge|[of] p2a: Not quite my tempo
|move|p1a: Great Tusk|Headlong Rush|p2a: Not quite my tempo
|-resisted|p2a: Not quite my tempo
|-damage|p2a: Not quite my tempo|67/100
|-unboost|p1a: Great Tusk|def|1
|-unboost|p1a: Great Tusk|spd|1
|
|-heal|p1a: Great Tusk|69/100|[from] Grassy Terrain
|-heal|p2a: Not quite my tempo|73/100|[from] Grassy Terrain
|upkeep
|turn|10
|
|t:|1760827009
|-end|p1a: Great Tusk|Protosynthesis|[silent]
|switch|p1a: Whimsicott|Whimsicott, F|100/100
|move|p2a: Not quite my tempo|Grassy Glide|p1a: Whimsicott
|-resisted|p1a: Whimsicott
|-damage|p1a: Whimsicott|83/100
|
|-heal|p2a: Not quite my tempo|79/100|[from] Grassy Terrain
|-heal|p1a: Whimsicott|89/100|[from] Grassy Terrain
|-heal|p1a: Whimsicott|95/100|[from] item: Leftovers
|upkeep
|turn|11
|
|t:|1760827015
|move|p2a: Not quite my tempo|U-turn|p1a: Whimsicott
|-damage|p1a: Whimsicott|74/100
|
|t:|1760827018
|switch|p2a: Steel MagnZolias|Magnezone|45/100|[from] U-turn
|move|p1a: Whimsicott|U-turn|p2a: Steel MagnZolias
|-resisted|p2a: Steel MagnZolias
|-crit|p2a: Steel MagnZolias
|-damage|p2a: Steel MagnZolias|37/100
|
|t:|1760827022
|switch|p1a: Gholdengo|Gholdengo|81/100|[from] U-turn
|
|-heal|p1a: Gholdengo|87/100|[from] Grassy Terrain
|-heal|p2a: Steel MagnZolias|43/100|[from] Grassy Terrain
|upkeep
|turn|12
|
|t:|1760827026
|switch|p2a: So ein Mist|Kingambit, F|90/100
|move|p1a: Gholdengo|Focus Blast|p2a: So ein Mist
|-supereffective|p2a: So ein Mist
|-damage|p2a: So ein Mist|0 fnt
|faint|p2a: So ein Mist
|-end|p2a: So ein Mist|fallenundefined|[silent]
|
|-heal|p1a: Gholdengo|93/100|[from] Grassy Terrain
|upkeep
|
|t:|1760827031
|switch|p2a: Moly Hattrimony|Hatterene, F|26/100
|turn|13
|
|t:|1760827053
|switch|p1a: Slowking|Slowking-Galar, F|63/100
|move|p2a: Moly Hattrimony|Psyshock|p1a: Slowking
|-damage|p1a: Slowking|26/100
|
|-heal|p2a: Moly Hattrimony|32/100|[from] Grassy Terrain
|-heal|p1a: Slowking|32/100|[from] Grassy Terrain
|-fieldend|move: Grassy Terrain
|upkeep
|turn|14
|
|t:|1760827059
|switch|p1a: Gholdengo|Gholdengo|93/100
|move|p2a: Moly Hattrimony|Psyshock|p1a: Gholdengo
|-resisted|p1a: Gholdengo
|-damage|p1a: Gholdengo|69/100
|
|upkeep
|turn|15
|
|t:|1760827098
|switch|p2a: Bepto Pismola|Alomomola, F|40/100
|move|p1a: Gholdengo|Shadow Ball|p2a: Bepto Pismola
|-crit|p2a: Bepto Pismola
|-damage|p2a: Bepto Pismola|0 fnt
|faint|p2a: Bepto Pismola
|
|upkeep
|
|t:|1760827102
|switch|p2a: What’s up Doc?|Cinderace, M|100/100
|turn|16
|
|t:|1760827133
|move|p1a: Gholdengo|Shadow Ball|p2a: What’s up Doc?
|-damage|p2a: What’s up Doc?|46/100
|move|p2a: What’s up Doc?|Pyro Ball|p1a: Gholdengo
|-supereffective|p1a: Gholdengo
|-damage|p1a: Gholdengo|0 fnt
|faint|p1a: Gholdengo
|
|upkeep
|
|t:|1760827137
|switch|p1a: Great Tusk|Great Tusk|69/100
|turn|17
|
|t:|1760827148
|-terastallize|p2a: What’s up Doc?|Flying
|move|p2a: What’s up Doc?|Will-O-Wisp|p1a: Great Tusk|[miss]
|-miss|p2a: What’s up Doc?|p1a: Great Tusk
|move|p1a: Great Tusk|Rapid Spin|p2a: What’s up Doc?
|-damage|p2a: What’s up Doc?|25/100
|-boost|p1a: Great Tusk|spe|1
|
|upkeep
|turn|18
|c|☆Mrmonkey101|mb
|
|t:|1760827171
|switch|p2a: Steel MagnZolias|Magnezone|43/100
|move|p1a: Great Tusk|Ice Spinner|p2a: Steel MagnZolias
|-resisted|p2a: Steel MagnZolias
|-damage|p2a: Steel MagnZolias|29/100
|
|upkeep
|turn|19
|
|t:|1760827177
|switch|p2a: Not quite my tempo|Rillaboom, F|79/100
|-fieldstart|move: Grassy Terrain|[from] ability: Grassy Surge|[of] p2a: Not quite my tempo
|move|p1a: Great Tusk|Headlong Rush|p2a: Not quite my tempo
|-resisted|p2a: Not quite my tempo
|-damage|p2a: Not quite my tempo|47/100
|-unboost|p1a: Great Tusk|def|1
|-unboost|p1a: Great Tusk|spd|1
|
|-heal|p1a: Great Tusk|75/100|[from] Grassy Terrain
|-heal|p2a: Not quite my tempo|53/100|[from] Grassy Terrain
|upkeep
|turn|20
|
|t:|1760827185
|-end|p1a: Great Tusk|Protosynthesis|[silent]
|switch|p1a: Whimsicott|Whimsicott, F|74/100
|move|p2a: Not quite my tempo|U-turn|p1a: Whimsicott
|-damage|p1a: Whimsicott|54/100
|
|t:|1760827188
|switch|p2a: Steel MagnZolias|Magnezone|29/100|[from] U-turn
|
|-heal|p1a: Whimsicott|60/100|[from] Grassy Terrain
|-heal|p1a: Whimsicott|66/100|[from] item: Leftovers
|-heal|p2a: Steel MagnZolias|35/100|[from] Grassy Terrain
|upkeep
|turn|21
|
|t:|1760827195
|switch|p1a: Slowking|Slowking-Galar, F|66/100
|move|p2a: Steel MagnZolias|Flash Cannon|p1a: Slowking
|-damage|p1a: Slowking|25/100
|
|-heal|p2a: Steel MagnZolias|41/100|[from] Grassy Terrain
|-heal|p1a: Slowking|31/100|[from] Grassy Terrain
|upkeep
|turn|22
|
|t:|1760827198
|move|p2a: Steel MagnZolias|Flash Cannon|p1a: Slowking
|-damage|p1a: Slowking|0 fnt
|faint|p1a: Slowking
|
|-heal|p2a: Steel MagnZolias|47/100|[from] Grassy Terrain
|upkeep
|
|t:|1760827201
|switch|p1a: Great Tusk|Great Tusk|75/100
|turn|23
|
|t:|1760827213
|switch|p2a: Moly Hattrimony|Hatterene, F|32/100
|move|p1a: Great Tusk|Headlong Rush|p2a: Moly Hattrimony
|-damage|p2a: Moly Hattrimony|0 fnt
|-unboost|p1a: Great Tusk|def|1
|-unboost|p1a: Great Tusk|spd|1
|faint|p2a: Moly Hattrimony
|
|-heal|p1a: Great Tusk|82/100|[from] Grassy Terrain
|-fieldend|move: Grassy Terrain
|upkeep
|
|t:|1760827217
|switch|p2a: Not quite my tempo|Rillaboom, F|53/100
|-fieldstart|move: Grassy Terrain|[from] ability: Grassy Surge|[of] p2a: Not quite my tempo
|turn|24
|
|t:|1760827225
|-terastallize|p1a: Great Tusk|Steel
|move|p2a: Not quite my tempo|Grassy Glide|p1a: Great Tusk
|-resisted|p1a: Great Tusk
|-damage|p1a: Great Tusk|58/100
|-damage|p2a: Not quite my tempo|37/100|[from] item: Rocky Helmet|[of] p1a: Great Tusk
|move|p1a: Great Tusk|Rapid Spin|p2a: Not quite my tempo
|-damage|p2a: Not quite my tempo|16/100
|-boost|p1a: Great Tusk|spe|1
|
|-heal|p1a: Great Tusk|64/100|[from] Grassy Terrain
|-heal|p2a: Not quite my tempo|22/100|[from] Grassy Terrain
|upkeep
|turn|25
|
|t:|1760827243
|switch|p2a: Steel MagnZolias|Magnezone|47/100
|move|p1a: Great Tusk|Ice Spinner|p2a: Steel MagnZolias
|-resisted|p2a: Steel MagnZolias
|-damage|p2a: Steel MagnZolias|33/100
|-fieldend|move: Grassy Terrain
|
|upkeep
|turn|26
|
|t:|1760827253
|move|p1a: Great Tusk|Headlong Rush|p2a: Steel MagnZolias
|-supereffective|p2a: Steel MagnZolias
|-damage|p2a: Steel MagnZolias|0 fnt
|-unboost|p1a: Great Tusk|def|1
|-unboost|p1a: Great Tusk|spd|1
|faint|p2a: Steel MagnZolias
|
|upkeep
|
|t:|1760827260
|switch|p2a: Not quite my tempo|Rillaboom, F|22/100
|-fieldstart|move: Grassy Terrain|[from] ability: Grassy Surge|[of] p2a: Not quite my tempo
|turn|27
|
|t:|1760827264
|move|p2a: Not quite my tempo|Grassy Glide|p1a: Great Tusk
|-resisted|p1a: Great Tusk
|-damage|p1a: Great Tusk|35/100
|-damage|p2a: Not quite my tempo|6/100|[from] item: Rocky Helmet|[of] p1a: Great Tusk
|move|p1a: Great Tusk|Ice Spinner|p2a: Not quite my tempo
|-supereffective|p2a: Not quite my tempo
|-damage|p2a: Not quite my tempo|0 fnt
|-fieldend|move: Grassy Terrain
|faint|p2a: Not quite my tempo
|
|upkeep
|-message|Pig Perfect forfeited.
|
|win|Mrmonkey101
|raw|Mrmonkey101's rating: 1559 &rarr; <strong>1581</strong><br />(+22 for winning)
|raw|Pig Perfect's rating: 1587 &rarr; <strong>1565</strong><br />(-22 for losing)
|l|☆Pig Perfect
|player|p2|
|l|☆Mrmonkey101
|player|p1|
