|j|☆Nubaidpros7
|j|☆yeshirong
|t:|1760886609
|gametype|singles
|player|p1|Nubaidpros7|2|1484
|player|p2|yeshirong|idol|1486
|gen|9
|tier|[Gen 9] OU
|rated|
|rule|HP Percentage Mod: HP is shown in percentages
|rule|Endless Battle Clause: Forcing endless battles is banned
|rule|Species Clause: Limit one of each Pokémon
|rule|OHKO Clause: OHKO moves are banned
|rule|Evasion Items Clause: Evasion items are banned
|rule|Evasion Moves Clause: Evasion moves are banned
|rule|Evasion Abilities Clause: Evasion abilities are banned
|rule|Sleep Moves Clause: Sleep-inducing moves are banned
|clearpoke
|poke|p1|Porygon-Z|
|poke|p1|Cinderace, M|
|poke|p1|Slowking-Galar, M|
|poke|p1|Ting-Lu|
|poke|p1|Kyurem|
|poke|p1|Zamazenta-*|
|poke|p2|Indeedee, M|
|poke|p2|Gholdengo|
|poke|p2|Hoopa-Unbound|
|poke|p2|Alomomola, F|
|poke|p2|Cinderace, M|
|poke|p2|Meowscarada, F|
|teampreview
|inactive|Battle timer is ON: inactive players will automatically lose when time's up. (requested by yeshirong)
|
|t:|1760886626
|teamsize|p1|6
|teamsize|p2|6
|start
|switch|p1a: Kyurem|Kyurem|100/100
|switch|p2a: Meowscarada|Meowscarada, F|100/100
|-ability|p1a: Kyurem|Pressure
|turn|1
|
|t:|1760886633
|move|p1a: Kyurem|Protect|p1a: Kyurem
|-singleturn|p1a: Kyurem|Protect
|move|p2a: Meowscarada|Knock Off|p1a: Kyurem
|-start|p2a: Meowscarada|typechange|Dark|[from] ability: Protean
|-activate|p1a: Kyurem|move: Protect
|
|upkeep
|turn|2
|inactive|Nubaidpros7 has 120 seconds left.
|
|t:|1760886668
|move|p2a: Meowscarada|Knock Off|p1a: Kyurem
|-damage|p1a: Kyurem|57/100
|-enditem|p1a: Kyurem|Leftovers|[from] move: Knock Off|[of] p2a: Meowscarada
|move|p1a: Kyurem|Freeze-Dry|p2a: Meowscarada
|-damage|p2a: Meowscarada|35/100
|-status|p2a: Meowscarada|frz
|
|upkeep
|turn|3
|inactive|Nubaidpros7 has 120 seconds left.
|
|t:|1760886679
|switch|p2a: Cinderace|Cinderace, M|100/100
|move|p1a: Kyurem|Substitute|p1a: Kyurem
|-start|p1a: Kyurem|Substitute
|-damage|p1a: Kyurem|32/100
|
|upkeep
|turn|4
|inactive|Nubaidpros7 has 120 seconds left.
|
|t:|1760886709
|move|p2a: Cinderace|Pyro Ball|p1a: Kyurem
|-end|p1a: Kyurem|Substitute
|move|p1a: Kyurem|Earth Power|p2a: Cinderace
|-supereffective|p2a: Cinderace
|-damage|p2a: Cinderace|26/100
|
|upkeep
|turn|5
|
|t:|1760886716
|move|p1a: Kyurem|Protect|p1a: Kyurem
|-singleturn|p1a: Kyurem|Protect
|move|p2a: Cinderace|Pyro Ball|p1a: Kyurem
|-activate|p1a: Kyurem|move: Protect
|
|upkeep
|turn|6
|
|t:|1760886727
|switch|p1a: Cinderace|Cinderace, M|100/100
|move|p2a: Cinderace|Pyro Ball|p1a: Cinderace
|-resisted|p1a: Cinderace
|-damage|p1a: Cinderace|56/100
|
|upkeep
|turn|7
|
|t:|1760886735
|switch|p2a: Alomomola|Alomomola, F|100/100
|move|p1a: Cinderace|Pyro Ball|p2a: Alomomola
|-resisted|p2a: Alomomola
|-damage|p2a: Alomomola|83/100
|
|upkeep
|turn|8
|inactive|Nubaidpros7 has 120 seconds left.
|
|t:|1760886743
|move|p1a: Cinderace|Will-O-Wisp|p2a: Alomomola
|-status|p2a: Alomomola|brn
|move|p2a: Alomomola|Flip Turn|p1a: Cinderace
|-supereffective|p1a: Cinderace
|-damage|p1a: Cinderace|37/100
|
|t:|1760886753
|switch|p2a: Meowscarada|Meowscarada, F|35/100 frz|[from] Flip Turn
|
|upkeep
|turn|9
|
|t:|1760886759
|cant|p2a: Meowscarada|frz
|move|p1a: Cinderace|U-turn|p2a: Meowscarada
|-supereffective|p2a: Meowscarada
|-damage|p2a: Meowscarada|0 fnt
|faint|p2a: Meowscarada
|
|t:|1760886762
|switch|p1a: Kyurem|Kyurem|32/100|[from] U-turn
|-ability|p1a: Kyurem|Pressure
|
|upkeep
|
|t:|1760886765
|switch|p2a: Cinderace|Cinderace, M|26/100
|turn|10
|
|t:|1760886767
|move|p1a: Kyurem|Protect|p1a: Kyurem
|-singleturn|p1a: Kyurem|Protect
|move|p2a: Cinderace|U-turn|p1a: Kyurem
|-activate|p1a: Kyurem|move: Protect
|
|upkeep
|turn|11
|
|t:|1760886776
|move|p2a: Cinderace|Pyro Ball|p1a: Kyurem
|-damage|p1a: Kyurem|0 fnt
|faint|p1a: Kyurem
|
|upkeep
|
|t:|1760886795
|switch|p1a: Ting-Lu|Ting-Lu|100/100
|-ability|p1a: Ting-Lu|Vessel of Ruin
|turn|12
|
|t:|1760886804
|move|p2a: Cinderace|U-turn|p1a: Ting-Lu
|-supereffective|p1a: Ting-Lu
|-damage|p1a: Ting-Lu|81/100
|
|t:|1760886806
|switch|p2a: Gholdengo|Gholdengo|100/100|[from] U-turn
|-item|p2a: Gholdengo|Air Balloon
|move|p1a: Ting-Lu|Earthquake|p2a: Gholdengo
|-immune|p2a: Gholdengo
|
|-heal|p1a: Ting-Lu|87/100|[from] item: Leftovers
|upkeep
|turn|13
|
|t:|1760886809
|move|p2a: Gholdengo|Nasty Plot|p2a: Gholdengo
|-boost|p2a: Gholdengo|spa|2
|move|p1a: Ting-Lu|Ruination|p2a: Gholdengo
|-damage|p2a: Gholdengo|50/100
|-enditem|p2a: Gholdengo|Air Balloon
|
|-heal|p1a: Ting-Lu|93/100|[from] item: Leftovers
|upkeep
|turn|14
|
|t:|1760886813
|switch|p1a: Slowking|Slowking-Galar, M|100/100
|-terastallize|p2a: Gholdengo|Flying
|move|p2a: Gholdengo|Nasty Plot|p2a: Gholdengo
|-boost|p2a: Gholdengo|spa|2
|
|upkeep
|turn|15
|
|t:|1760886821
|move|p2a: Gholdengo|Substitute|p2a: Gholdengo
|-start|p2a: Gholdengo|Substitute
|-damage|p2a: Gholdengo|26/100
|move|p1a: Slowking|Sludge Bomb|p2a: Gholdengo
|-end|p2a: Gholdengo|Substitute
|
|upkeep
|turn|16
|
|t:|1760886824
|move|p2a: Gholdengo|Recover|p2a: Gholdengo
|-heal|p2a: Gholdengo|76/100
|move|p1a: Slowking|Sludge Bomb|p2a: Gholdengo
|-damage|p2a: Gholdengo|43/100
|
|upkeep
|turn|17
|
|t:|1760886831
|move|p2a: Gholdengo|Recover|p2a: Gholdengo
|-heal|p2a: Gholdengo|93/100
|move|p1a: Slowking|Sludge Bomb|p2a: Gholdengo
|-damage|p2a: Gholdengo|57/100
|
|upkeep
|turn|18
|
|t:|1760886836
|move|p2a: Gholdengo|Nasty Plot|p2a: Gholdengo
|-boost|p2a: Gholdengo|spa|2
|move|p1a: Slowking|Sludge Bomb|p2a: Gholdengo
|-damage|p2a: Gholdengo|27/100
|-status|p2a: Gholdengo|psn
|
|-damage|p2a: Gholdengo|15/100 psn|[from] psn
|upkeep
|turn|19
|
|t:|1760886838
|move|p2a: Gholdengo|Recover|p2a: Gholdengo
|-heal|p2a: Gholdengo|65/100 psn
|move|p1a: Slowking|Sludge Bomb|p2a: Gholdengo
|-damage|p2a: Gholdengo|30/100 psn
|
|-damage|p2a: Gholdengo|17/100 psn|[from] psn
|upkeep
|turn|20
|
|t:|1760886843
|move|p2a: Gholdengo|Recover|p2a: Gholdengo
|-heal|p2a: Gholdengo|67/100 psn
|move|p1a: Slowking|Sludge Bomb|p2a: Gholdengo
|-damage|p2a: Gholdengo|32/100 psn
|
|-damage|p2a: Gholdengo|20/100 psn|[from] psn
|upkeep
|turn|21
|
|t:|1760886846
|move|p2a: Gholdengo|Make It Rain|p1a: Slowking
|-damage|p1a: Slowking|0 fnt
|-unboost|p2a: Gholdengo|spa|1
|faint|p1a: Slowking
|
|-damage|p2a: Gholdengo|7/100 psn|[from] psn
|upkeep
|
|t:|1760886856
|switch|p1a: Porygon-Z|Porygon-Z|100/100
|-ability|p1a: Porygon-Z|Download|boost
|-boost|p1a: Porygon-Z|spa|1
|turn|22
|
|t:|1760886863
|move|p1a: Porygon-Z|Tri Attack|p2a: Gholdengo
|-damage|p2a: Gholdengo|0 fnt
|faint|p2a: Gholdengo
|
|upkeep
|
|t:|1760886868
|switch|p2a: Indeedee|Indeedee, M|100/100
|-fieldstart|move: Psychic Terrain|[from] ability: Psychic Surge|[of] p2a: Indeedee
|turn|23
|
|t:|1760886873
|switch|p1a: Ting-Lu|Ting-Lu|93/100
|-ability|p1a: Ting-Lu|Vessel of Ruin
|move|p2a: Indeedee|Expanding Force|p1a: Ting-Lu
|-immune|p1a: Ting-Lu
|
|-heal|p1a: Ting-Lu|99/100|[from] item: Leftovers
|upkeep
|turn|24
|
|t:|1760886880
|move|p2a: Indeedee|Healing Wish|p2a: Indeedee
|faint|p2a: Indeedee
|move|p1a: Ting-Lu|Stealth Rock|p2: Indeedee
|-sidestart|p2: yeshirong|move: Stealth Rock
|
|-heal|p1a: Ting-Lu|100/100|[from] item: Leftovers
|upkeep
|
|t:|1760886883
|switch|p2a: Hoopa|Hoopa-Unbound|100/100
|-damage|p2a: Hoopa|88/100|[from] Stealth Rock
|turn|25
|
|t:|1760886904
|move|p2a: Hoopa|Drain Punch|p1a: Ting-Lu
|-supereffective|p1a: Ting-Lu
|-damage|p1a: Ting-Lu|60/100
|-heal|p2a: Hoopa|100/100|[from] drain|[of] p1a: Ting-Lu
|-damage|p2a: Hoopa|91/100|[from] item: Life Orb
|move|p1a: Ting-Lu|Earthquake|p2a: Hoopa
|-damage|p2a: Hoopa|20/100
|
|-heal|p1a: Ting-Lu|66/100|[from] item: Leftovers
|upkeep
|turn|26
|
|t:|1760886908
|move|p2a: Hoopa|Drain Punch|p1a: Ting-Lu
|-supereffective|p1a: Ting-Lu
|-damage|p1a: Ting-Lu|22/100
|-heal|p2a: Hoopa|59/100|[from] drain|[of] p1a: Ting-Lu
|-damage|p2a: Hoopa|49/100|[from] item: Life Orb
|move|p1a: Ting-Lu|Earthquake|p2a: Hoopa
|-damage|p2a: Hoopa|0 fnt
|faint|p2a: Hoopa
|
|-heal|p1a: Ting-Lu|28/100|[from] item: Leftovers
|upkeep
|-message|yeshirong forfeited.
|
|win|Nubaidpros7
|raw|Nubaidpros7's rating: 1484 &rarr; <strong>1504</strong><br />(+20 for winning)
|raw|yeshirong's rating: 1486 &rarr; <strong>1466</strong><br />(-20 for losing)
|l|☆yeshirong
|player|p2|
|l|☆Nubaidpros7
|player|p1|
