|j|☆clail
|j|☆v1n001
|t:|1760879261
|gametype|singles
|player|p1|clail|265|1730
|player|p2|v1n001|102|1785
|gen|9
|tier|[Gen 9] OU
|rated|
|rule|HP Percentage Mod: HP is shown in percentages
|rule|Endless Battle Clause: Forcing endless battles is banned
|rule|Species Clause: Limit one of each Pokémon
|rule|OHKO Clause: OHKO moves are banned
|rule|Evasion Items Clause: Evasion items are banned
|rule|Evasion Moves Clause: Evasion moves are banned
|rule|Evasion Abilities Clause: Evasion abilities are banned
|rule|Sleep Moves Clause: Sleep-inducing moves are banned
|clearpoke
|poke|p1|Ribombee, F|
|poke|p1|Ogerpon-Wellspring, F|
|poke|p1|Great Tusk|
|poke|p1|Gholdengo|
|poke|p1|Ceruledge, F|
|poke|p1|Glimmora, M|
|poke|p2|Rillaboom, F|
|poke|p2|Hawlucha, F|
|poke|p2|Gholdengo|
|poke|p2|Heatran, F|
|poke|p2|Glimmora, F|
|poke|p2|Ogerpon-Wellspring, F|
|teampreview
|inactive|Battle timer is ON: inactive players will automatically lose when time's up. (requested by v1n001)
|j| chemfruit
|l| chemfruit
|
|t:|1760879288
|teamsize|p1|6
|teamsize|p2|6
|start
|switch|p1a: Ogerpon|Ogerpon-Wellspring, F|100/100
|switch|p2a: Heatran|Heatran, F, shiny|100/100
|turn|1
|
|t:|1760879299
|switch|p2a: Rillaboom|Rillaboom, F, shiny|100/100
|-fieldstart|move: Grassy Terrain|[from] ability: Grassy Surge|[of] p2a: Rillaboom
|move|p1a: Ogerpon|Ivy Cudgel|p2a: Rillaboom|[anim] Ivy Cudgel Water
|-resisted|p2a: Rillaboom
|-damage|p2a: Rillaboom|66/100
|
|-heal|p2a: Rillaboom|72/100|[from] Grassy Terrain
|upkeep
|turn|2
|
|t:|1760879307
|move|p1a: Ogerpon|U-turn|p2a: Rillaboom
|-supereffective|p2a: Rillaboom
|-damage|p2a: Rillaboom|14/100
|
|t:|1760879309
|switch|p1a: Glimmora|Glimmora, M|100/100|[from] U-turn
|move|p2a: Rillaboom|Swords Dance|p2a: Rillaboom
|-boost|p2a: Rillaboom|atk|2
|
|-heal|p2a: Rillaboom|20/100|[from] Grassy Terrain
|upkeep
|turn|3
|
|t:|1760879313
|move|p2a: Rillaboom|Grassy Glide|p1a: Glimmora
|-damage|p1a: Glimmora|0 fnt
|-activate|p1a: Glimmora|ability: Toxic Debris
|-sidestart|p2: v1n001|move: Toxic Spikes
|faint|p1a: Glimmora
|-damage|p2a: Rillaboom|10/100|[from] item: Life Orb
|
|-heal|p2a: Rillaboom|17/100|[from] Grassy Terrain
|upkeep
|
|t:|1760879317
|switch|p1a: Ribombee|Ribombee, F|100/100
|turn|4
|
|t:|1760879325
|move|p1a: Ribombee|Sticky Web|p2a: Rillaboom
|-sidestart|p2: v1n001|move: Sticky Web
|move|p2a: Rillaboom|Drain Punch|p1a: Ribombee
|-resisted|p1a: Ribombee
|-damage|p1a: Ribombee|68/100
|-heal|p2a: Rillaboom|29/100|[from] drain|[of] p1a: Ribombee
|-damage|p2a: Rillaboom|19/100|[from] item: Life Orb
|
|-heal|p1a: Ribombee|74/100|[from] Grassy Terrain
|-heal|p2a: Rillaboom|25/100|[from] Grassy Terrain
|upkeep
|turn|5
|
|t:|1760879328
|move|p2a: Rillaboom|Grassy Glide|p1a: Ribombee
|-resisted|p1a: Ribombee
|-damage|p1a: Ribombee|0 fnt
|faint|p1a: Ribombee
|-damage|p2a: Rillaboom|15/100|[from] item: Life Orb
|
|-heal|p2a: Rillaboom|22/100|[from] Grassy Terrain
|-fieldend|move: Grassy Terrain
|upkeep
|
|t:|1760879331
|switch|p1a: Ceruledge|Ceruledge, F|100/100
|turn|6
|l|☆clail
|inactive|clail disconnected and has a minute to reconnect!
|player|p1|
|j|☆clail
|inactive|clail reconnected and has 105 seconds left.
|player|p1|clail|265|
|
|t:|1760879383
|switch|p2a: Glimmora|Glimmora, F, shiny|100/100
|-sideend|p2: v1n001|move: Toxic Spikes|[of] p2a: Glimmora
|-activate|p2a: Glimmora|move: Sticky Web
|-unboost|p2a: Glimmora|spe|1
|move|p1a: Ceruledge|Poltergeist|p2a: Glimmora
|-activate|p2a: Glimmora|move: Poltergeist|Power Herb
|-damage|p2a: Glimmora|32/100
|-activate|p2a: Glimmora|ability: Toxic Debris
|-sidestart|p1: clail|move: Toxic Spikes
|
|upkeep
|turn|7
|j| Dragonlatios1
|
|t:|1760879392
|move|p1a: Ceruledge|Poltergeist|p2a: Glimmora
|-activate|p2a: Glimmora|move: Poltergeist|Power Herb
|-damage|p2a: Glimmora|0 fnt
|-activate|p2a: Glimmora|ability: Toxic Debris
|-sidestart|p1: clail|move: Toxic Spikes
|faint|p2a: Glimmora
|
|upkeep
|
|t:|1760879394
|switch|p2a: Rillaboom|Rillaboom, F, shiny|22/100
|-activate|p2a: Rillaboom|move: Sticky Web
|-unboost|p2a: Rillaboom|spe|1
|-fieldstart|move: Grassy Terrain|[from] ability: Grassy Surge|[of] p2a: Rillaboom
|turn|8
|inactive|clail has 120 seconds left.
|
|t:|1760879407
|move|p2a: Rillaboom|Grassy Glide|p1a: Ceruledge
|-resisted|p1a: Ceruledge
|-damage|p1a: Ceruledge|63/100
|-damage|p2a: Rillaboom|12/100|[from] item: Life Orb
|move|p1a: Ceruledge|Poltergeist|p2a: Rillaboom
|-activate|p2a: Rillaboom|move: Poltergeist|Life Orb
|-damage|p2a: Rillaboom|0 fnt
|faint|p2a: Rillaboom
|
|-heal|p1a: Ceruledge|69/100|[from] Grassy Terrain
|upkeep
|
|t:|1760879425
|switch|p2a: Hawlucha|Hawlucha, F, shiny|100/100
|-enditem|p2a: Hawlucha|Grassy Seed
|-boost|p2a: Hawlucha|def|1|[from] item: Grassy Seed
|turn|9
|
|t:|1760879427
|switch|p1a: Gholdengo|Gholdengo|100/100
|-item|p1a: Gholdengo|Air Balloon
|move|p2a: Hawlucha|Encore|p1a: Gholdengo
|-immune|p1a: Gholdengo|[from] ability: Good as Gold
|
|upkeep
|turn|10
|
|t:|1760879429
|move|p2a: Hawlucha|Swords Dance|p2a: Hawlucha
|-boost|p2a: Hawlucha|atk|2
|move|p1a: Gholdengo|Nasty Plot|p1a: Gholdengo
|-boost|p1a: Gholdengo|spa|2
|
|upkeep
|turn|11
|
|t:|1760879432
|move|p2a: Hawlucha|Acrobatics|p1a: Gholdengo
|-resisted|p1a: Gholdengo
|-damage|p1a: Gholdengo|44/100
|-enditem|p1a: Gholdengo|Air Balloon
|move|p1a: Gholdengo|Dazzling Gleam|p2a: Hawlucha
|-supereffective|p2a: Hawlucha
|-damage|p2a: Hawlucha|0 fnt
|faint|p2a: Hawlucha
|
|-heal|p1a: Gholdengo|50/100|[from] Grassy Terrain
|upkeep
|
|t:|1760879434
|switch|p2a: Heatran|Heatran, F, shiny|100/100
|-activate|p2a: Heatran|move: Sticky Web
|-unboost|p2a: Heatran|spe|1
|turn|12
|
|t:|1760879437
|move|p1a: Gholdengo|Shadow Ball|p2a: Heatran
|-damage|p2a: Heatran|50/100
|move|p2a: Heatran|Earth Power|p1a: Gholdengo
|-supereffective|p1a: Gholdengo
|-damage|p1a: Gholdengo|0 fnt
|faint|p1a: Gholdengo
|
|-heal|p2a: Heatran|56/100|[from] Grassy Terrain
|-heal|p2a: Heatran|62/100|[from] item: Leftovers
|-fieldend|move: Grassy Terrain
|upkeep
|
|t:|1760879440
|switch|p1a: Ceruledge|Ceruledge, F|69/100
|turn|13
|j| nsdede
|
|t:|1760879442
|-terastallize|p1a: Ceruledge|Grass
|move|p1a: Ceruledge|Swords Dance|p1a: Ceruledge
|-boost|p1a: Ceruledge|atk|2
|move|p2a: Heatran|Earth Power|p1a: Ceruledge
|-resisted|p1a: Ceruledge
|-damage|p1a: Ceruledge|54/100
|
|-heal|p2a: Heatran|69/100|[from] item: Leftovers
|upkeep
|turn|14
|
|t:|1760879448
|move|p1a: Ceruledge|Swords Dance|p1a: Ceruledge
|-boost|p1a: Ceruledge|atk|2
|move|p2a: Heatran|Taunt|p1a: Ceruledge
|-start|p1a: Ceruledge|move: Taunt
|
|-heal|p2a: Heatran|75/100|[from] item: Leftovers
|upkeep
|turn|15
|
|t:|1760879451
|move|p1a: Ceruledge|Poltergeist|p2a: Heatran
|-activate|p2a: Heatran|move: Poltergeist|Leftovers
|-damage|p2a: Heatran|0 fnt
|faint|p2a: Heatran
|
|upkeep
|
|t:|1760879452
|switch|p2a: Gholdengo|Gholdengo|100/100
|-activate|p2a: Gholdengo|move: Sticky Web
|-unboost|p2a: Gholdengo|spe|1
|turn|16
|
|t:|1760879456
|-terastallize|p2a: Gholdengo|Fairy
|move|p1a: Ceruledge|Bitter Blade|p2a: Gholdengo
|-damage|p2a: Gholdengo|8/100
|-heal|p1a: Ceruledge|100/100|[from] drain|[of] p2a: Gholdengo
|move|p2a: Gholdengo|Make It Rain|p1a: Ceruledge
|-crit|p1a: Ceruledge
|-damage|p1a: Ceruledge|5/100
|-unboost|p2a: Gholdengo|spa|1
|
|upkeep
|turn|17
|
|t:|1760879458
|move|p1a: Ceruledge|Bitter Blade|p2a: Gholdengo
|-damage|p2a: Gholdengo|0 fnt
|-heal|p1a: Ceruledge|10/100|[from] drain|[of] p2a: Gholdengo
|faint|p2a: Gholdengo
|
|-end|p1a: Ceruledge|move: Taunt
|upkeep
|-message|v1n001 forfeited.
|
|win|clail
|raw|clail's rating: 1730 &rarr; <strong>1753</strong><br />(+23 for winning)
|raw|v1n001's rating: 1785 &rarr; <strong>1762</strong><br />(-23 for losing)
|l|☆v1n001
|player|p2|
|l|☆clail
|player|p1|
|l| nsdede
|l| Dragonlatios1
