|j|☆suprm_overlord_mao
|j|☆a1ksuns
|t:|1760876490
|gametype|singles
|player|p1|suprm_overlord_mao|bruno|1247
|player|p2|a1ksuns|170|1303
|gen|9
|tier|[Gen 9] OU
|rated|
|rule|HP Percentage Mod: HP is shown in percentages
|rule|Endless Battle Clause: Forcing endless battles is banned
|rule|Species Clause: Limit one of each Pokémon
|rule|OHKO Clause: OHKO moves are banned
|rule|Evasion Items Clause: Evasion items are banned
|rule|Evasion Moves Clause: Evasion moves are banned
|rule|Evasion Abilities Clause: Evasion abilities are banned
|rule|Sleep Moves Clause: Sleep-inducing moves are banned
|clearpoke
|poke|p1|Clefable, F|
|poke|p1|Goodra-Hisui, F|
|poke|p1|Slowbro, M|
|poke|p1|Primeape, M|
|poke|p1|Mandibuzz, F|
|poke|p1|Gallade, M|
|poke|p2|Iron Crown|
|poke|p2|Iron Valiant|
|poke|p2|Great Tusk|
|poke|p2|Gholdengo|
|poke|p2|Dragonite, F|
|poke|p2|Samurott-Hisui, M|
|teampreview
|inactive|Battle timer is ON: inactive players will automatically lose when time's up. (requested by suprm_overlord_mao)
|inactive|a1ksuns has 120 seconds left.
|
|t:|1760876553
|teamsize|p1|6
|teamsize|p2|6
|start
|switch|p1a: Mandibuzz|Mandibuzz, F|100/100
|switch|p2a: Samurott|Samurott-Hisui, M|100/100
|turn|1
|
|t:|1760876557
|move|p2a: Samurott|Ceaseless Edge|p1a: Mandibuzz
|-resisted|p1a: Mandibuzz
|-damage|p1a: Mandibuzz|88/100
|-sidestart|p1: suprm_overlord_mao|Spikes
|move|p1a: Mandibuzz|Toxic|p2a: Samurott
|-status|p2a: Samurott|tox
|
|-damage|p2a: Samurott|94/100 tox|[from] psn
|upkeep
|turn|2
|
|t:|1760876561
|move|p2a: Samurott|Taunt|p1a: Mandibuzz
|-start|p1a: Mandibuzz|move: Taunt
|cant|p1a: Mandibuzz|move: Taunt|Defog
|
|-damage|p2a: Samurott|82/100 tox|[from] psn
|upkeep
|turn|3
|
|t:|1760876568
|switch|p1a: Primeape|Primeape, M|100/100
|-damage|p1a: Primeape|88/100|[from] Spikes
|move|p2a: Samurott|Ceaseless Edge|p1a: Primeape
|-resisted|p1a: Primeape
|-damage|p1a: Primeape|71/100
|-sidestart|p1: suprm_overlord_mao|Spikes
|
|-damage|p2a: Samurott|63/100 tox|[from] psn
|upkeep
|turn|4
|
|t:|1760876584
|move|p2a: Samurott|Taunt|p1a: Primeape
|-start|p1a: Primeape|move: Taunt
|move|p1a: Primeape|Drain Punch|p2a: Samurott
|-supereffective|p2a: Samurott
|-damage|p2a: Samurott|0 fnt
|-heal|p1a: Primeape|100/100|[from] drain|[of] p2a: Samurott
|faint|p2a: Samurott
|
|upkeep
|
|t:|1760876589
|switch|p2a: Iron Valiant|Iron Valiant|100/100
|-enditem|p2a: Iron Valiant|Booster Energy
|-activate|p2a: Iron Valiant|ability: Quark Drive|[fromitem]
|-start|p2a: Iron Valiant|quarkdrivespe
|turn|5
|
|t:|1760876594
|switch|p1a: BIG PUN|Slowbro, M|100/100
|-damage|p1a: BIG PUN|84/100|[from] Spikes
|move|p2a: Iron Valiant|Moonblast|p1a: BIG PUN
|-damage|p1a: BIG PUN|51/100
|-unboost|p1a: BIG PUN|spa|1
|
|upkeep
|turn|6
|
|t:|1760876603
|move|p2a: Iron Valiant|Thunderbolt|p1a: BIG PUN
|-supereffective|p1a: BIG PUN
|-damage|p1a: BIG PUN|8/100
|move|p1a: BIG PUN|Future Sight|p2a: Iron Valiant
|-start|p1a: BIG PUN|move: Future Sight
|
|upkeep
|turn|7
|
|t:|1760876612
|switch|p1a: NICKI MINAJ|Goodra-Hisui, F|100/100
|-damage|p1a: NICKI MINAJ|84/100|[from] Spikes
|move|p2a: Iron Valiant|Moonblast|p1a: NICKI MINAJ
|-damage|p1a: NICKI MINAJ|65/100
|
|upkeep
|turn|8
|
|t:|1760876619
|-end|p2a: Iron Valiant|Quark Drive|[silent]
|switch|p2a: Gholdengo|Gholdengo|100/100
|-item|p2a: Gholdengo|Air Balloon
|-terastallize|p1a: NICKI MINAJ|Water
|move|p1a: NICKI MINAJ|Flash Cannon|p2a: Gholdengo
|-resisted|p2a: Gholdengo
|-damage|p2a: Gholdengo|82/100
|-enditem|p2a: Gholdengo|Air Balloon
|
|-end|p2a: Gholdengo|move: Future Sight
|-resisted|p2a: Gholdengo
|-damage|p2a: Gholdengo|60/100
|upkeep
|turn|9
|
|t:|1760876625
|move|p2a: Gholdengo|Shadow Ball|p1a: NICKI MINAJ
|-damage|p1a: NICKI MINAJ|50/100
|move|p1a: NICKI MINAJ|Thunderbolt|p2a: Gholdengo
|-damage|p2a: Gholdengo|31/100
|
|upkeep
|turn|10
|inactive|a1ksuns has 120 seconds left.
|
|t:|1760876665
|move|p2a: Gholdengo|Recover|p2a: Gholdengo
|-heal|p2a: Gholdengo|81/100
|move|p1a: NICKI MINAJ|Thunderbolt|p2a: Gholdengo
|-damage|p2a: Gholdengo|51/100
|
|upkeep
|turn|11
|
|t:|1760876670
|move|p2a: Gholdengo|Nasty Plot|p2a: Gholdengo
|-boost|p2a: Gholdengo|spa|2
|move|p1a: NICKI MINAJ|Thunderbolt|p2a: Gholdengo
|-damage|p2a: Gholdengo|25/100
|
|upkeep
|turn|12
|
|t:|1760876672
|move|p2a: Gholdengo|Recover|p2a: Gholdengo
|-heal|p2a: Gholdengo|75/100
|move|p1a: NICKI MINAJ|Thunderbolt|p2a: Gholdengo
|-damage|p2a: Gholdengo|49/100
|
|upkeep
|turn|13
|
|t:|1760876675
|move|p2a: Gholdengo|Shadow Ball|p1a: NICKI MINAJ
|-damage|p1a: NICKI MINAJ|20/100
|-unboost|p1a: NICKI MINAJ|spd|1
|move|p1a: NICKI MINAJ|Thunderbolt|p2a: Gholdengo
|-damage|p2a: Gholdengo|22/100
|
|upkeep
|turn|14
|
|t:|1760876677
|move|p2a: Gholdengo|Shadow Ball|p1a: NICKI MINAJ
|-damage|p1a: NICKI MINAJ|0 fnt
|faint|p1a: NICKI MINAJ
|
|upkeep
|
|t:|1760876681
|switch|p1a: DMX|Gallade, M|100/100
|-damage|p1a: DMX|84/100|[from] Spikes
|turn|15
|
|t:|1760876691
|move|p1a: DMX|Night Slash|p2a: Gholdengo
|-supereffective|p2a: Gholdengo
|-damage|p2a: Gholdengo|0 fnt
|faint|p2a: Gholdengo
|
|upkeep
|
|t:|1760876695
|switch|p2a: Iron Valiant|Iron Valiant|100/100
|turn|16
|
|t:|1760876703
|switch|p1a: LIL KIM|Clefable, F|100/100
|-damage|p1a: LIL KIM|84/100|[from] Spikes
|move|p2a: Iron Valiant|Moonblast|p1a: LIL KIM
|-damage|p1a: LIL KIM|40/100
|
|-heal|p1a: LIL KIM|46/100|[from] item: Leftovers
|upkeep
|turn|17
|inactive|a1ksuns has 120 seconds left.
|
|t:|1760876746
|-end|p2a: Iron Valiant|Quark Drive|[silent]
|switch|p2a: Great Tusk|Great Tusk|100/100
|move|p1a: LIL KIM|Protect||[still]
|-fail|p1a: LIL KIM
|
|-heal|p1a: LIL KIM|53/100|[from] item: Leftovers
|upkeep
|turn|18
|
|t:|1760876752
|switch|p1a: Mandibuzz|Mandibuzz, F|88/100
|move|p2a: Great Tusk|Ice Spinner|p1a: Mandibuzz
|-supereffective|p1a: Mandibuzz
|-damage|p1a: Mandibuzz|64/100
|
|upkeep
|turn|19
|inactive|a1ksuns has 120 seconds left.
|
|t:|1760876761
|-end|p2a: Great Tusk|Protosynthesis|[silent]
|switch|p2a: Iron Valiant|Iron Valiant|100/100
|move|p1a: Mandibuzz|Defog|p2a: Iron Valiant
|-unboost|p2a: Iron Valiant|evasion|1
|-sideend|p1: suprm_overlord_mao|Spikes|[from] move: Defog|[of] p1a: Mandibuzz
|
|upkeep
|turn|20
|
|t:|1760876769
|move|p2a: Iron Valiant|Calm Mind|p2a: Iron Valiant
|-boost|p2a: Iron Valiant|spa|1
|-boost|p2a: Iron Valiant|spd|1
|move|p1a: Mandibuzz|Toxic|p2a: Iron Valiant
|-status|p2a: Iron Valiant|tox
|
|-damage|p2a: Iron Valiant|94/100 tox|[from] psn
|upkeep
|turn|21
|
|t:|1760876776
|move|p2a: Iron Valiant|Moonblast|p1a: Mandibuzz
|-supereffective|p1a: Mandibuzz
|-damage|p1a: Mandibuzz|0 fnt
|faint|p1a: Mandibuzz
|
|-damage|p2a: Iron Valiant|82/100 tox|[from] psn
|upkeep
|
|t:|1760876780
|switch|p1a: LIL KIM|Clefable, F|53/100
|turn|22
|
|t:|1760876784
|move|p2a: Iron Valiant|Moonblast|p1a: LIL KIM
|-damage|p1a: LIL KIM|7/100
|move|p1a: LIL KIM|Wish|p1a: LIL KIM
|
|-heal|p1a: LIL KIM|13/100|[from] item: Leftovers
|-damage|p2a: Iron Valiant|63/100 tox|[from] psn
|upkeep
|turn|23
|
|t:|1760876794
|move|p1a: LIL KIM|Protect|p1a: LIL KIM
|-singleturn|p1a: LIL KIM|Protect
|move|p2a: Iron Valiant|Moonblast|p1a: LIL KIM
|-activate|p1a: LIL KIM|move: Protect
|
|-heal|p1a: LIL KIM|63/100|[from] move: Wish|[wisher] LIL KIM
|-heal|p1a: LIL KIM|69/100|[from] item: Leftovers
|-damage|p2a: Iron Valiant|38/100 tox|[from] psn
|upkeep
|turn|24
|
|t:|1760876803
|move|p2a: Iron Valiant|Moonblast|p1a: LIL KIM
|-damage|p1a: LIL KIM|25/100
|move|p1a: LIL KIM|Wish|p1a: LIL KIM
|
|-heal|p1a: LIL KIM|31/100|[from] item: Leftovers
|-damage|p2a: Iron Valiant|7/100 tox|[from] psn
|upkeep
|turn|25
|
|t:|1760876808
|move|p1a: LIL KIM|Protect|p1a: LIL KIM
|-singleturn|p1a: LIL KIM|Protect
|move|p2a: Iron Valiant|Moonblast|p1a: LIL KIM
|-activate|p1a: LIL KIM|move: Protect
|
|-heal|p1a: LIL KIM|81/100|[from] move: Wish|[wisher] LIL KIM
|-heal|p1a: LIL KIM|87/100|[from] item: Leftovers
|-damage|p2a: Iron Valiant|0 fnt|[from] psn
|faint|p2a: Iron Valiant
|-end|p2a: Iron Valiant|Quark Drive|[silent]
|upkeep
|
|t:|1760876818
|switch|p2a: Iron Crown|Iron Crown|100/100
|-enditem|p2a: Iron Crown|Booster Energy
|-activate|p2a: Iron Crown|ability: Quark Drive|[fromitem]
|-start|p2a: Iron Crown|quarkdrivespe
|turn|26
|
|t:|1760876843
|switch|p1a: BIG PUN|Slowbro, M|41/100
|move|p2a: Iron Crown|Calm Mind|p2a: Iron Crown
|-boost|p2a: Iron Crown|spa|1
|-boost|p2a: Iron Crown|spd|1
|
|upkeep
|turn|27
|
|t:|1760876861
|move|p2a: Iron Crown|Calm Mind|p2a: Iron Crown
|-boost|p2a: Iron Crown|spa|1
|-boost|p2a: Iron Crown|spd|1
|move|p1a: BIG PUN|Flamethrower|p2a: Iron Crown
|-supereffective|p2a: Iron Crown
|-damage|p2a: Iron Crown|82/100
|-status|p2a: Iron Crown|brn
|
|-damage|p2a: Iron Crown|76/100 brn|[from] brn
|upkeep
|turn|28
|
|t:|1760876875
|move|p2a: Iron Crown|Stored Power|p1a: BIG PUN
|-resisted|p1a: BIG PUN
|-damage|p1a: BIG PUN|14/100
|move|p1a: BIG PUN|Flamethrower|p2a: Iron Crown
|-supereffective|p2a: Iron Crown
|-damage|p2a: Iron Crown|58/100 brn
|
|-damage|p2a: Iron Crown|52/100 brn|[from] brn
|upkeep
|turn|29
|
|t:|1760876891
|move|p2a: Iron Crown|Stored Power|p1a: BIG PUN
|-resisted|p1a: BIG PUN
|-damage|p1a: BIG PUN|0 fnt
|faint|p1a: BIG PUN
|
|-damage|p2a: Iron Crown|45/100 brn|[from] brn
|upkeep
|
|t:|1760876892
|switch|p1a: DMX|Gallade, M|84/100
|turn|30
|
|t:|1760876911
|move|p2a: Iron Crown|Tachyon Cutter|p1a: DMX
|-damage|p1a: DMX|37/100
|-damage|p1a: DMX|0 fnt
|faint|p1a: DMX
|-hitcount|p1: DMX|2
|
|-damage|p2a: Iron Crown|39/100 brn|[from] brn
|upkeep
|
|t:|1760876918
|switch|p1a: LIL KIM|Clefable, F|87/100
|turn|31
|
|t:|1760876921
|move|p1a: LIL KIM|Protect|p1a: LIL KIM
|-singleturn|p1a: LIL KIM|Protect
|move|p2a: Iron Crown|Tachyon Cutter|p1a: LIL KIM
|-activate|p1a: LIL KIM|move: Protect
|
|-heal|p1a: LIL KIM|93/100|[from] item: Leftovers
|-damage|p2a: Iron Crown|33/100 brn|[from] brn
|upkeep
|turn|32
|
|t:|1760876928
|switch|p1a: Primeape|Primeape, M|100/100
|move|p2a: Iron Crown|Tachyon Cutter|p1a: Primeape
|-damage|p1a: Primeape|61/100
|-damage|p1a: Primeape|21/100
|-hitcount|p1a: Primeape|2
|
|-damage|p2a: Iron Crown|27/100 brn|[from] brn
|upkeep
|turn|33
|
|t:|1760876932
|move|p2a: Iron Crown|Tachyon Cutter|p1a: Primeape
|-damage|p1a: Primeape|0 fnt
|faint|p1a: Primeape
|-hitcount|p1: Primeape|1
|
|-damage|p2a: Iron Crown|20/100 brn|[from] brn
|upkeep
|
|t:|1760876939
|switch|p1a: LIL KIM|Clefable, F|93/100
|turn|34
|
|t:|1760876959
|move|p1a: LIL KIM|Protect|p1a: LIL KIM
|-singleturn|p1a: LIL KIM|Protect
|move|p2a: Iron Crown|Tachyon Cutter|p1a: LIL KIM
|-activate|p1a: LIL KIM|move: Protect
|
|-heal|p1a: LIL KIM|99/100|[from] item: Leftovers
|-damage|p2a: Iron Crown|14/100 brn|[from] brn
|upkeep
|turn|35
|c|☆a1ksuns|good shit that protect really saved you huh
|
|t:|1760876972
|move|p2a: Iron Crown|Tachyon Cutter|p1a: LIL KIM
|-supereffective|p1a: LIL KIM
|-damage|p1a: LIL KIM|61/100
|-supereffective|p1a: LIL KIM
|-damage|p1a: LIL KIM|25/100
|-hitcount|p1a: LIL KIM|2
|move|p1a: LIL KIM|Wish|p1a: LIL KIM
|
|-heal|p1a: LIL KIM|31/100|[from] item: Leftovers
|-damage|p2a: Iron Crown|8/100 brn|[from] brn
|upkeep
|turn|36
|
|t:|1760876979
|move|p1a: LIL KIM|Protect|p1a: LIL KIM
|-singleturn|p1a: LIL KIM|Protect
|move|p2a: Iron Crown|Tachyon Cutter|p1a: LIL KIM
|-activate|p1a: LIL KIM|move: Protect
|
|-heal|p1a: LIL KIM|81/100|[from] move: Wish|[wisher] LIL KIM
|-heal|p1a: LIL KIM|87/100|[from] item: Leftovers
|-damage|p2a: Iron Crown|2/100 brn|[from] brn
|upkeep
|turn|37
|
|t:|1760876986
|move|p1a: LIL KIM|Protect|p1a: LIL KIM
|-singleturn|p1a: LIL KIM|Protect
|move|p2a: Iron Crown|Tachyon Cutter|p1a: LIL KIM
|-activate|p1a: LIL KIM|move: Protect
|
|-heal|p1a: LIL KIM|93/100|[from] item: Leftovers
|-damage|p2a: Iron Crown|0 fnt|[from] brn
|faint|p2a: Iron Crown
|-end|p2a: Iron Crown|Quark Drive|[silent]
|upkeep
|
|t:|1760876991
|switch|p2a: Great Tusk|Great Tusk|100/100
|turn|38
|
|t:|1760876997
|move|p2a: Great Tusk|Headlong Rush|p1a: LIL KIM
|-damage|p1a: LIL KIM|54/100
|-unboost|p2a: Great Tusk|def|1
|-unboost|p2a: Great Tusk|spd|1
|move|p1a: LIL KIM|Wish|p1a: LIL KIM
|
|-heal|p1a: LIL KIM|60/100|[from] item: Leftovers
|upkeep
|turn|39
|
|t:|1760877003
|move|p2a: Great Tusk|Headlong Rush|p1a: LIL KIM
|-damage|p1a: LIL KIM|21/100
|-unboost|p2a: Great Tusk|def|1
|-unboost|p2a: Great Tusk|spd|1
|move|p1a: LIL KIM|Moonblast|p2a: Great Tusk
|-supereffective|p2a: Great Tusk
|-damage|p2a: Great Tusk|25/100
|
|-heal|p1a: LIL KIM|71/100|[from] move: Wish|[wisher] LIL KIM
|-heal|p1a: LIL KIM|77/100|[from] item: Leftovers
|upkeep
|turn|40
|
|t:|1760877007
|move|p1a: LIL KIM|Protect|p1a: LIL KIM
|-singleturn|p1a: LIL KIM|Protect
|move|p2a: Great Tusk|Headlong Rush|p1a: LIL KIM
|-activate|p1a: LIL KIM|move: Protect
|
|-heal|p1a: LIL KIM|83/100|[from] item: Leftovers
|upkeep
|turn|41
|
|t:|1760877012
|move|p2a: Great Tusk|Headlong Rush|p1a: LIL KIM
|-damage|p1a: LIL KIM|46/100
|-unboost|p2a: Great Tusk|def|1
|-unboost|p2a: Great Tusk|spd|1
|move|p1a: LIL KIM|Wish|p1a: LIL KIM
|
|-heal|p1a: LIL KIM|52/100|[from] item: Leftovers
|upkeep
|turn|42
|
|t:|1760877020
|move|p1a: LIL KIM|Protect|p1a: LIL KIM
|-singleturn|p1a: LIL KIM|Protect
|move|p2a: Great Tusk|Headlong Rush|p1a: LIL KIM
|-activate|p1a: LIL KIM|move: Protect
|
|-heal|p1a: LIL KIM|100/100|[from] move: Wish|[wisher] LIL KIM
|upkeep
|turn|43
|
|t:|1760877028
|move|p2a: Great Tusk|Headlong Rush|p1a: LIL KIM
|-damage|p1a: LIL KIM|59/100
|-unboost|p2a: Great Tusk|def|1
|-unboost|p2a: Great Tusk|spd|1
|move|p1a: LIL KIM|Wish|p1a: LIL KIM
|
|-heal|p1a: LIL KIM|65/100|[from] item: Leftovers
|upkeep
|turn|44
|
|t:|1760877031
|move|p2a: Great Tusk|Headlong Rush|p1a: LIL KIM
|-damage|p1a: LIL KIM|24/100
|-unboost|p2a: Great Tusk|def|1
|-unboost|p2a: Great Tusk|spd|1
|move|p1a: LIL KIM|Moonblast|p2a: Great Tusk
|-supereffective|p2a: Great Tusk
|-damage|p2a: Great Tusk|0 fnt
|faint|p2a: Great Tusk
|-end|p2a: Great Tusk|Protosynthesis|[silent]
|
|-heal|p1a: LIL KIM|74/100|[from] move: Wish|[wisher] LIL KIM
|-heal|p1a: LIL KIM|80/100|[from] item: Leftovers
|upkeep
|
|t:|1760877034
|switch|p2a: Dragonite|Dragonite, F|100/100
|turn|45
|
|t:|1760877047
|-terastallize|p2a: Dragonite|Normal
|move|p2a: Dragonite|Extreme Speed|p1a: LIL KIM
|-damage|p1a: LIL KIM|42/100
|move|p1a: LIL KIM|Wish|p1a: LIL KIM
|
|-heal|p1a: LIL KIM|48/100|[from] item: Leftovers
|upkeep
|turn|46
|
|t:|1760877054
|move|p1a: LIL KIM|Protect|p1a: LIL KIM
|-singleturn|p1a: LIL KIM|Protect
|move|p2a: Dragonite|Extreme Speed|p1a: LIL KIM
|-activate|p1a: LIL KIM|move: Protect
|
|-heal|p1a: LIL KIM|98/100|[from] move: Wish|[wisher] LIL KIM
|-heal|p1a: LIL KIM|100/100|[from] item: Leftovers
|upkeep
|turn|47
|
|t:|1760877056
|move|p2a: Dragonite|Extreme Speed|p1a: LIL KIM
|-damage|p1a: LIL KIM|65/100
|move|p1a: LIL KIM|Wish|p1a: LIL KIM
|
|-heal|p1a: LIL KIM|72/100|[from] item: Leftovers
|upkeep
|turn|48
|
|t:|1760877059
|move|p2a: Dragonite|Extreme Speed|p1a: LIL KIM
|-damage|p1a: LIL KIM|39/100
|move|p1a: LIL KIM|Moonblast|p2a: Dragonite
|-damage|p2a: Dragonite|85/100
|
|-heal|p1a: LIL KIM|89/100|[from] move: Wish|[wisher] LIL KIM
|-heal|p1a: LIL KIM|95/100|[from] item: Leftovers
|upkeep
|turn|49
|
|t:|1760877064
|move|p2a: Dragonite|Extreme Speed|p1a: LIL KIM
|-damage|p1a: LIL KIM|59/100
|move|p1a: LIL KIM|Wish|p1a: LIL KIM
|
|-heal|p1a: LIL KIM|65/100|[from] item: Leftovers
|upkeep
|turn|50
|
|t:|1760877068
|move|p2a: Dragonite|Extreme Speed|p1a: LIL KIM
|-damage|p1a: LIL KIM|31/100
|move|p1a: LIL KIM|Moonblast|p2a: Dragonite
|-damage|p2a: Dragonite|54/100
|
|-heal|p1a: LIL KIM|81/100|[from] move: Wish|[wisher] LIL KIM
|-heal|p1a: LIL KIM|87/100|[from] item: Leftovers
|upkeep
|turn|51
|
|t:|1760877079
|move|p2a: Dragonite|Extreme Speed|p1a: LIL KIM
|-damage|p1a: LIL KIM|48/100
|move|p1a: LIL KIM|Wish|p1a: LIL KIM
|
|-heal|p1a: LIL KIM|54/100|[from] item: Leftovers
|upkeep
|turn|52
|
|t:|1760877082
|move|p2a: Dragonite|Extreme Speed|p1a: LIL KIM
|-damage|p1a: LIL KIM|16/100
|move|p1a: LIL KIM|Moonblast|p2a: Dragonite
|-crit|p2a: Dragonite
|-damage|p2a: Dragonite|0 fnt
|faint|p2a: Dragonite
|
|win|suprm_overlord_mao
|raw|suprm_overlord_mao's rating: 1247 &rarr; <strong>1276</strong><br />(+29 for winning)
|raw|a1ksuns's rating: 1303 &rarr; <strong>1280</strong><br />(-23 for losing)
|l|☆a1ksuns
|player|p2|
|l|☆suprm_overlord_mao
|player|p1|
