|j|☆Vickvolta侠
|j|‽StaTicZ_Kick
|t:|1760847864
|gametype|singles
|player|p1|Vickvolta侠|bugcatcher-gen4dp|1156
|player|p2|StaTicZ_Kick|170|1097
|gen|9
|tier|[Gen 9] OU
|rated|
|rule|HP Percentage Mod: HP is shown in percentages
|rule|Endless Battle Clause: Forcing endless battles is banned
|rule|Species Clause: Limit one of each Pokémon
|rule|OHKO Clause: OHKO moves are banned
|rule|Evasion Items Clause: Evasion items are banned
|rule|Evasion Moves Clause: Evasion moves are banned
|rule|Evasion Abilities Clause: Evasion abilities are banned
|rule|Sleep Moves Clause: Sleep-inducing moves are banned
|clearpoke
|poke|p1|Metagross|
|poke|p1|Forretress, M|
|poke|p1|Staraptor, M|
|poke|p1|Talonflame, F|
|poke|p1|Galvantula, F|
|poke|p1|Tyranitar, F|
|poke|p2|Clefable, F|
|poke|p2|Toxapex, M|
|poke|p2|Dondozo, F|
|poke|p2|Deoxys-Speed|
|poke|p2|Heatran, M|
|poke|p2|Garganacl, M|
|teampreview
|
|t:|1760847872
|teamsize|p1|6
|teamsize|p2|6
|start
|switch|p1a: Talonflame|Talonflame, F|100/100
|switch|p2a: Toxapex|Toxapex, M|100/100
|turn|1
|
|t:|1760847880
|move|p1a: Talonflame|Brave Bird|p2a: Toxapex
|-damage|p2a: Toxapex|56/100
|-damage|p1a: Talonflame|85/100|[from] Recoil
|move|p2a: Toxapex|Toxic Spikes|p1a: Talonflame
|-sidestart|p1: Vickvolta侠|move: Toxic Spikes
|
|-heal|p2a: Toxapex|62/100|[from] item: Leftovers
|upkeep
|turn|2
|
|t:|1760847889
|switch|p1a: Forretress|Forretress, M|100/100
|move|p2a: Toxapex|Toxic|p1a: Forretress
|-immune|p1a: Forretress
|
|-heal|p2a: Toxapex|67/100|[from] item: Leftovers
|upkeep
|turn|3
|
|t:|1760847897
|switch|p2a: Heatran|Heatran, M|100/100
|move|p1a: Forretress|Rapid Spin|p2a: Heatran
|-resisted|p2a: Heatran
|-damage|p2a: Heatran|94/100
|-boost|p1a: Forretress|spe|1
|-sideend|p1: Vickvolta侠|Toxic Spikes|[from] move: Rapid Spin|[of] p1a: Forretress
|
|-heal|p2a: Heatran|100/100|[from] item: Leftovers
|upkeep
|turn|4
|
|t:|1760847908
|move|p2a: Heatran|Will-O-Wisp|p1a: Forretress
|-status|p1a: Forretress|brn
|move|p1a: Forretress|Earthquake|p2a: Heatran
|-supereffective|p2a: Heatran
|-damage|p2a: Heatran|46/100
|
|-heal|p2a: Heatran|52/100|[from] item: Leftovers
|-damage|p1a: Forretress|94/100 brn|[from] brn
|upkeep
|turn|5
|
|t:|1760847922
|switch|p2a: Clefable|Clefable, F|100/100
|switch|p1a: Tyranitar|Tyranitar, F|100/100
|-weather|Sandstorm|[from] ability: Sand Stream|[of] p1a: Tyranitar
|
|-weather|Sandstorm|[upkeep]
|-damage|p2a: Clefable|94/100|[from] Sandstorm
|-heal|p2a: Clefable|100/100|[from] item: Leftovers
|upkeep
|turn|6
|
|t:|1760847935
|-terastallize|p1a: Tyranitar|Rock
|move|p1a: Tyranitar|Stone Edge|p2a: Clefable
|-crit|p2a: Clefable
|-damage|p2a: Clefable|36/100
|move|p2a: Clefable|Stealth Rock|p1a: Tyranitar
|-sidestart|p1: Vickvolta侠|move: Stealth Rock
|
|-weather|Sandstorm|[upkeep]
|-damage|p2a: Clefable|30/100|[from] Sandstorm
|-heal|p2a: Clefable|36/100|[from] item: Leftovers
|upkeep
|turn|7
|
|t:|1760847947
|move|p1a: Tyranitar|Stone Edge|p2a: Clefable
|-damage|p2a: Clefable|0 fnt
|faint|p2a: Clefable
|
|-weather|Sandstorm|[upkeep]
|upkeep
|
|t:|1760847950
|switch|p2a: Toxapex|Toxapex, M|100/100
|turn|8
|
|t:|1760847956
|switch|p1a: Metagross|Metagross|100/100
|-damage|p1a: Metagross|94/100|[from] Stealth Rock
|move|p2a: Toxapex|Toxic|p1a: Metagross
|-immune|p1a: Metagross
|
|-weather|Sandstorm|[upkeep]
|-damage|p2a: Toxapex|95/100|[from] Sandstorm
|-heal|p2a: Toxapex|100/100|[from] item: Leftovers
|upkeep
|turn|9
|
|t:|1760847972
|switch|p2a: Garganacl|Garganacl, M|100/100
|move|p1a: Metagross|Earthquake|p2a: Garganacl
|-supereffective|p2a: Garganacl
|-damage|p2a: Garganacl|32/100
|-damage|p1a: Metagross|85/100|[from] item: Life Orb
|
|-weather|none
|-heal|p2a: Garganacl|38/100|[from] item: Leftovers
|upkeep
|turn|10
|
|t:|1760847983
|move|p1a: Metagross|Meteor Mash|p2a: Garganacl
|-supereffective|p2a: Garganacl
|-damage|p2a: Garganacl|0 fnt
|-boost|p1a: Metagross|atk|1
|faint|p2a: Garganacl
|-damage|p1a: Metagross|75/100|[from] item: Life Orb
|
|upkeep
|-message|StaTicZ_Kick forfeited.
|
|win|Vickvolta侠
|raw|Vickvolta侠's rating: 1156 &rarr; <strong>1177</strong><br />(+21 for winning)
|raw|StaTicZ_Kick's rating: 1097 &rarr; <strong>1077</strong><br />(-20 for losing)
|l|‽StaTicZ_Kick
|player|p2|
|l|☆Vickvolta侠
|player|p1|
