|j|☆yaotaiwon
|j|☆DIA THE DRAGON
|t:|1760882539
|gametype|singles
|player|p1|yaotaiwon|102|1398
|player|p2|DIA THE DRAGON|lance|1391
|gen|9
|tier|[Gen 9] OU
|rated|
|rule|HP Percentage Mod: HP is shown in percentages
|rule|Endless Battle Clause: Forcing endless battles is banned
|rule|Species Clause: Limit one of each Pokémon
|rule|OHKO Clause: OHKO moves are banned
|rule|Evasion Items Clause: Evasion items are banned
|rule|Evasion Moves Clause: Evasion moves are banned
|rule|Evasion Abilities Clause: Evasion abilities are banned
|rule|Sleep Moves Clause: Sleep-inducing moves are banned
|clearpoke
|poke|p1|Infernape, M|
|poke|p1|Mandibuzz, F|
|poke|p1|Slowking-Galar, F|
|poke|p1|Great Tusk|
|poke|p1|Skeledirge, M|
|poke|p1|Iron Hands|
|poke|p2|Garchomp, M|
|poke|p2|Dragonite, M|
|poke|p2|Kommo-o, M|
|poke|p2|Dragapult, M|
|poke|p2|Kyurem|
|poke|p2|Goodra-Hisui, M|
|teampreview
|inactive|Battle timer is ON: inactive players will automatically lose when time's up. (requested by DIA THE DRAGON)
|
|t:|1760882553
|teamsize|p1|6
|teamsize|p2|6
|start
|switch|p1a: Infernape|Infernape, M|100/100
|switch|p2a: JUSTICE|Dragonite, M|100/100
|turn|1
|
|t:|1760882559
|move|p1a: Infernape|Stealth Rock|p2a: JUSTICE
|-sidestart|p2: DIA THE DRAGON|move: Stealth Rock
|move|p2a: JUSTICE|Dragon Rush|p1a: Infernape
|-damage|p1a: Infernape|8/100
|
|upkeep
|turn|2
|
|t:|1760882565
|move|p2a: JUSTICE|Extreme Speed|p1a: Infernape
|-damage|p1a: Infernape|0 fnt
|faint|p1a: Infernape
|
|upkeep
|
|t:|1760882568
|switch|p1a: Mandibuzz|Mandibuzz, F|100/100
|turn|3
|
|t:|1760882575
|move|p1a: Mandibuzz|Foul Play|p2a: JUSTICE
|-damage|p2a: JUSTICE|70/100
|move|p2a: JUSTICE|Hurricane|p1a: Mandibuzz|[miss]
|-miss|p2a: JUSTICE|p1a: Mandibuzz
|
|upkeep
|turn|4
|
|t:|1760882581
|move|p1a: Mandibuzz|Toxic|p2a: JUSTICE
|-status|p2a: JUSTICE|tox
|move|p2a: JUSTICE|Hurricane|p1a: Mandibuzz
|-damage|p1a: Mandibuzz|59/100
|
|-heal|p1a: Mandibuzz|65/100|[from] item: Leftovers
|-damage|p2a: JUSTICE|64/100 tox|[from] psn
|upkeep
|turn|5
|
|t:|1760882590
|move|p1a: Mandibuzz|Roost|p1a: Mandibuzz
|-heal|p1a: Mandibuzz|100/100
|-singleturn|p1a: Mandibuzz|move: Roost
|move|p2a: JUSTICE|Hurricane|p1a: Mandibuzz
|-damage|p1a: Mandibuzz|59/100
|
|-heal|p1a: Mandibuzz|65/100|[from] item: Leftovers
|-damage|p2a: JUSTICE|51/100 tox|[from] psn
|upkeep
|turn|6
|
|t:|1760882600
|move|p1a: Mandibuzz|Roost|p1a: Mandibuzz
|-heal|p1a: Mandibuzz|100/100
|-singleturn|p1a: Mandibuzz|move: Roost
|move|p2a: JUSTICE|Hurricane|p1a: Mandibuzz
|-damage|p1a: Mandibuzz|63/100
|
|-heal|p1a: Mandibuzz|70/100|[from] item: Leftovers
|-damage|p2a: JUSTICE|33/100 tox|[from] psn
|upkeep
|turn|7
|inactive|DIA THE DRAGON has 120 seconds left.
|inactive|DIA THE DRAGON has 90 seconds left.
|
|t:|1760882662
|move|p1a: Mandibuzz|Foul Play|p2a: JUSTICE
|-damage|p2a: JUSTICE|0 fnt
|faint|p2a: JUSTICE
|
|-heal|p1a: Mandibuzz|76/100|[from] item: Leftovers
|upkeep
|inactive|DIA THE DRAGON has 90 seconds left.
|
|t:|1760882670
|switch|p2a: JUDGMENT|Kyurem|100/100
|-damage|p2a: JUDGMENT|75/100|[from] Stealth Rock
|-ability|p2a: JUDGMENT|Pressure
|turn|8
|
|t:|1760882675
|switch|p1a: Slowking|Slowking-Galar, F|100/100
|move|p2a: JUDGMENT|Dragon Dance|p2a: JUDGMENT
|-boost|p2a: JUDGMENT|atk|1
|-boost|p2a: JUDGMENT|spe|1
|
|upkeep
|turn|9
|inactive|DIA THE DRAGON has 90 seconds left.
|inactive|DIA THE DRAGON has 60 seconds left.
|
|t:|1760882742
|-terastallize|p2a: JUDGMENT|Ground
|move|p2a: JUDGMENT|Tera Blast|p1a: Slowking|[anim] Tera Blast Ground
|-supereffective|p1a: Slowking
|-crit|p1a: Slowking
|-damage|p1a: Slowking|0 fnt
|faint|p1a: Slowking
|
|upkeep
|
|t:|1760882751
|switch|p1a: Skeledirge|Skeledirge, M|100/100
|turn|10
|
|t:|1760882756
|-terastallize|p1a: Skeledirge|Fairy
|move|p2a: JUDGMENT|Tera Blast|p1a: Skeledirge|[anim] Tera Blast Ground
|-damage|p1a: Skeledirge|67/100
|move|p1a: Skeledirge|Will-O-Wisp|p2a: JUDGMENT
|-status|p2a: JUDGMENT|brn
|
|-heal|p1a: Skeledirge|74/100|[from] item: Leftovers
|-damage|p2a: JUDGMENT|69/100 brn|[from] brn
|upkeep
|turn|11
|
|t:|1760882765
|move|p2a: JUDGMENT|Iron Head|p1a: Skeledirge
|-supereffective|p1a: Skeledirge
|-damage|p1a: Skeledirge|54/100
|move|p1a: Skeledirge|Torch Song|p2a: JUDGMENT
|-damage|p2a: JUDGMENT|40/100 brn
|-boost|p1a: Skeledirge|spa|1
|
|-heal|p1a: Skeledirge|60/100|[from] item: Leftovers
|-damage|p2a: JUDGMENT|34/100 brn|[from] brn
|upkeep
|turn|12
|inactive|DIA THE DRAGON has 60 seconds left.
|
|t:|1760882776
|switch|p2a: THE HANGED|Kommo-o, M|100/100
|-damage|p2a: THE HANGED|94/100|[from] Stealth Rock
|move|p1a: Skeledirge|Slack Off|p1a: Skeledirge
|-heal|p1a: Skeledirge|100/100
|
|upkeep
|turn|13
|inactive|DIA THE DRAGON has 60 seconds left.
|
|t:|1760882784
|move|p2a: THE HANGED|Clangorous Soul|p2a: THE HANGED
|-boost|p2a: THE HANGED|atk|1
|-boost|p2a: THE HANGED|def|1
|-boost|p2a: THE HANGED|spa|1
|-boost|p2a: THE HANGED|spd|1
|-boost|p2a: THE HANGED|spe|1
|-damage|p2a: THE HANGED|61/100
|-enditem|p2a: THE HANGED|Throat Spray
|-boost|p2a: THE HANGED|spa|1|[from] item: Throat Spray
|move|p1a: Skeledirge|Will-O-Wisp|p2a: THE HANGED
|-status|p2a: THE HANGED|brn
|
|-damage|p2a: THE HANGED|55/100 brn|[from] brn
|upkeep
|turn|14
|inactive|DIA THE DRAGON has 60 seconds left.
|
|t:|1760882808
|move|p2a: THE HANGED|Flash Cannon|p1a: Skeledirge
|-supereffective|p1a: Skeledirge
|-damage|p1a: Skeledirge|60/100
|move|p1a: Skeledirge|Torch Song|p2a: THE HANGED
|-immune|p2a: THE HANGED|[from] ability: Soundproof
|
|-heal|p1a: Skeledirge|66/100|[from] item: Leftovers
|-damage|p2a: THE HANGED|49/100 brn|[from] brn
|upkeep
|turn|15
|
|t:|1760882818
|move|p2a: THE HANGED|Flash Cannon|p1a: Skeledirge
|-supereffective|p1a: Skeledirge
|-damage|p1a: Skeledirge|28/100
|move|p1a: Skeledirge|Slack Off|p1a: Skeledirge
|-heal|p1a: Skeledirge|78/100
|
|-heal|p1a: Skeledirge|84/100|[from] item: Leftovers
|-damage|p2a: THE HANGED|43/100 brn|[from] brn
|upkeep
|turn|16
|inactive|DIA THE DRAGON has 60 seconds left.
|
|t:|1760882842
|switch|p2a: HERMIT|Goodra-Hisui, M|100/100
|-damage|p2a: HERMIT|95/100|[from] Stealth Rock
|move|p1a: Skeledirge|Hex|p2a: HERMIT
|-damage|p2a: HERMIT|67/100
|
|-heal|p1a: Skeledirge|90/100|[from] item: Leftovers
|upkeep
|turn|17
|inactive|DIA THE DRAGON has 60 seconds left.
|
|t:|1760882850
|move|p1a: Skeledirge|Torch Song|p2a: HERMIT
|-damage|p2a: HERMIT|32/100
|-boost|p1a: Skeledirge|spa|1
|move|p2a: HERMIT|Sludge Bomb|p1a: Skeledirge
|-supereffective|p1a: Skeledirge
|-damage|p1a: Skeledirge|39/100
|
|-heal|p1a: Skeledirge|45/100|[from] item: Leftovers
|upkeep
|turn|18
|
|t:|1760882859
|move|p1a: Skeledirge|Torch Song|p2a: HERMIT
|-damage|p2a: HERMIT|0 fnt
|-boost|p1a: Skeledirge|spa|1
|faint|p2a: HERMIT
|
|-heal|p1a: Skeledirge|51/100|[from] item: Leftovers
|upkeep
|-message|DIA THE DRAGON forfeited.
|
|win|yaotaiwon
|raw|yaotaiwon's rating: 1398 &rarr; <strong>1418</strong><br />(+20 for winning)
|raw|DIA THE DRAGON's rating: 1391 &rarr; <strong>1371</strong><br />(-20 for losing)
|l|☆DIA THE DRAGON
|player|p2|
|l|☆yaotaiwon
|player|p1|
