|j|☆skiing in sudan
|j|☆ign28
|t:|1760732578
|gametype|singles
|player|p1|skiing in sudan|iris-gen5bw2|1591
|player|p2|ign28|palmer|1539
|gen|9
|tier|[Gen 9] OU
|rated|
|rule|HP Percentage Mod: HP is shown in percentages
|rule|Endless Battle Clause: Forcing endless battles is banned
|rule|Species Clause: Limit one of each Pokémon
|rule|OHKO Clause: OHKO moves are banned
|rule|Evasion Items Clause: Evasion items are banned
|rule|Evasion Moves Clause: Evasion moves are banned
|rule|Evasion Abilities Clause: Evasion abilities are banned
|rule|Sleep Moves Clause: Sleep-inducing moves are banned
|clearpoke
|poke|p1|Torkoal, F|
|poke|p1|Walking Wake|
|poke|p1|Great Tusk|
|poke|p1|Iron Moth|
|poke|p1|Slither Wing|
|poke|p1|Hatterene, F|
|poke|p2|Dragonite, F|
|poke|p2|Hatterene, F|
|poke|p2|Kingambit, F|
|poke|p2|Ogerpon-Wellspring, F|
|poke|p2|Great Tusk|
|poke|p2|Kyurem|
|teampreview
|inactive|Battle timer is ON: inactive players will automatically lose when time's up. (requested by ign28)
|c|☆skiing in sudan|hf
|c|☆ign28|hf
|inactive|ign28 has 120 seconds left.
|
|t:|1760732610
|teamsize|p1|6
|teamsize|p2|6
|start
|switch|p1a: Slither Wing|Slither Wing|100/100
|switch|p2a: Great Tusk|Great Tusk|100/100
|turn|1
|
|t:|1760732618
|move|p2a: Great Tusk|Rapid Spin|p1a: Slither Wing
|-damage|p1a: Slither Wing|85/100
|-boost|p2a: Great Tusk|spe|1
|-damage|p2a: Great Tusk|84/100|[from] item: Rocky Helmet|[of] p1a: Slither Wing
|move|p1a: Slither Wing|Close Combat|p2a: Great Tusk
|-damage|p2a: Great Tusk|41/100
|-unboost|p1a: Slither Wing|def|1
|-unboost|p1a: Slither Wing|spd|1
|-damage|p1a: Slither Wing|68/100|[from] item: Rocky Helmet|[of] p2a: Great Tusk
|
|upkeep
|turn|2
|
|t:|1760732639
|move|p2a: Great Tusk|Headlong Rush|p1a: Slither Wing
|-resisted|p1a: Slither Wing
|-damage|p1a: Slither Wing|22/100
|-unboost|p2a: Great Tusk|def|1
|-unboost|p2a: Great Tusk|spd|1
|-damage|p2a: Great Tusk|24/100|[from] item: Rocky Helmet|[of] p1a: Slither Wing
|move|p1a: Slither Wing|Close Combat|p2a: Great Tusk
|-damage|p2a: Great Tusk|0 fnt
|-unboost|p1a: Slither Wing|def|1
|-unboost|p1a: Slither Wing|spd|1
|-damage|p1a: Slither Wing|5/100|[from] item: Rocky Helmet|[of] p2a: Great Tusk
|faint|p2a: Great Tusk
|-end|p2a: Great Tusk|Protosynthesis|[silent]
|
|upkeep
|inactive|ign28 has 120 seconds left.
|
|t:|1760732663
|switch|p2a: Kyurem|Kyurem, shiny|100/100
|-ability|p2a: Kyurem|Pressure
|turn|3
|
|t:|1760732667
|-end|p1a: Slither Wing|Protosynthesis|[silent]
|switch|p1a: Torkoal|Torkoal, F|100/100
|-weather|SunnyDay|[from] ability: Drought|[of] p1a: Torkoal
|move|p2a: Kyurem|Earth Power|p1a: Torkoal
|-supereffective|p1a: Torkoal
|-damage|p1a: Torkoal|40/100
|
|-weather|SunnyDay|[upkeep]
|upkeep
|turn|4
|
|t:|1760732674
|switch|p1a: Hatterene|Hatterene, F|100/100
|move|p2a: Kyurem|Earth Power|p1a: Hatterene
|-damage|p1a: Hatterene|63/100
|-enditem|p1a: Hatterene|Eject Button
|
|t:|1760732683
|switch|p1a: Walking Wake|Walking Wake|100/100
|-activate|p1a: Walking Wake|ability: Protosynthesis
|-start|p1a: Walking Wake|protosynthesisspe
|
|-weather|SunnyDay|[upkeep]
|upkeep
|turn|5
|
|t:|1760732691
|switch|p2a: Hatterene|Hatterene, F|100/100
|move|p1a: Walking Wake|Hydro Steam|p2a: Hatterene
|-damage|p2a: Hatterene|58/100
|
|-weather|SunnyDay|[upkeep]
|upkeep
|turn|6
|
|t:|1760732706
|move|p1a: Walking Wake|Flip Turn|p2a: Hatterene
|-damage|p2a: Hatterene|49/100
|
|t:|1760732709
|-end|p1a: Walking Wake|Protosynthesis|[silent]
|switch|p1a: Slither Wing|Slither Wing|5/100|[from] Flip Turn
|-activate|p1a: Slither Wing|ability: Protosynthesis
|-start|p1a: Slither Wing|protosynthesisatk
|move|p2a: Hatterene|Psychic Noise|p1a: Slither Wing
|-supereffective|p1a: Slither Wing
|-damage|p1a: Slither Wing|0 fnt
|faint|p1a: Slither Wing
|-end|p1a: Slither Wing|Protosynthesis|[silent]
|
|-weather|SunnyDay|[upkeep]
|upkeep
|
|t:|1760732719
|switch|p1a: Iron Moth|Iron Moth|100/100
|turn|7
|
|t:|1760732726
|move|p1a: Iron Moth|Sludge Wave|p2a: Hatterene
|-supereffective|p2a: Hatterene
|-damage|p2a: Hatterene|0 fnt
|faint|p2a: Hatterene
|
|-weather|SunnyDay|[upkeep]
|upkeep
|
|t:|1760732741
|switch|p2a: Ogerpon|Ogerpon-Wellspring, F|100/100
|turn|8
|
|t:|1760732752
|move|p1a: Iron Moth|Sludge Wave|p2a: Ogerpon
|-supereffective|p2a: Ogerpon
|-damage|p2a: Ogerpon|0 fnt
|faint|p2a: Ogerpon
|
|-weather|SunnyDay|[upkeep]
|upkeep
|
|t:|1760732757
|switch|p2a: Kingambit|Kingambit, F|100/100
|-activate|p2a: Kingambit|ability: Supreme Overlord
|-start|p2a: Kingambit|fallen3|[silent]
|turn|9
|
|t:|1760732761
|move|p2a: Kingambit|Sucker Punch|p1a: Iron Moth
|-damage|p1a: Iron Moth|11/100
|move|p1a: Iron Moth|Overheat|p2a: Kingambit
|-supereffective|p2a: Kingambit
|-damage|p2a: Kingambit|0 fnt
|-unboost|p1a: Iron Moth|spa|2
|faint|p2a: Kingambit
|-end|p2a: Kingambit|fallen3|[silent]
|
|-weather|SunnyDay|[upkeep]
|upkeep
|
|t:|1760732769
|switch|p2a: Dragonite|Dragonite, F|100/100
|turn|10
|
|t:|1760732773
|move|p1a: Iron Moth|Acid Spray|p2a: Dragonite
|-damage|p2a: Dragonite|95/100
|-unboost|p2a: Dragonite|spd|2
|move|p2a: Dragonite|Dragon Dance|p2a: Dragonite
|-boost|p2a: Dragonite|atk|1
|-boost|p2a: Dragonite|spe|1
|
|-weather|none
|upkeep
|turn|11
|
|t:|1760732783
|move|p2a: Dragonite|Earthquake|p1a: Iron Moth
|-supereffective|p1a: Iron Moth
|-damage|p1a: Iron Moth|0 fnt
|faint|p1a: Iron Moth
|-end|p1a: Iron Moth|Quark Drive|[silent]
|
|upkeep
|
|t:|1760732792
|switch|p1a: Torkoal|Torkoal, F|40/100
|-weather|SunnyDay|[from] ability: Drought|[of] p1a: Torkoal
|turn|12
|
|t:|1760732796
|move|p2a: Dragonite|Dragon Dance|p2a: Dragonite
|-boost|p2a: Dragonite|atk|1
|-boost|p2a: Dragonite|spe|1
|move|p1a: Torkoal|Will-O-Wisp|p2a: Dragonite
|-status|p2a: Dragonite|brn
|-enditem|p2a: Dragonite|Lum Berry|[eat]
|-curestatus|p2a: Dragonite|brn|[msg]
|
|-weather|SunnyDay|[upkeep]
|upkeep
|turn|13
|
|t:|1760732804
|move|p2a: Dragonite|Earthquake|p1a: Torkoal
|-supereffective|p1a: Torkoal
|-damage|p1a: Torkoal|0 fnt
|faint|p1a: Torkoal
|
|-weather|SunnyDay|[upkeep]
|upkeep
|
|t:|1760732820
|switch|p1a: Walking Wake|Walking Wake|100/100
|-activate|p1a: Walking Wake|ability: Protosynthesis
|-start|p1a: Walking Wake|protosynthesisspe
|turn|14
|
|t:|1760732825
|-terastallize|p2a: Dragonite|Flying
|move|p2a: Dragonite|Tera Blast|p1a: Walking Wake|[anim] Tera Blast Flying
|-crit|p1a: Walking Wake
|-damage|p1a: Walking Wake|0 fnt
|faint|p1a: Walking Wake
|-end|p1a: Walking Wake|Protosynthesis|[silent]
|
|-weather|SunnyDay|[upkeep]
|upkeep
|
|t:|1760732829
|switch|p1a: Great Tusk|Great Tusk|100/100
|-activate|p1a: Great Tusk|ability: Protosynthesis
|-start|p1a: Great Tusk|protosynthesisatk
|turn|15
|
|t:|1760732838
|-terastallize|p1a: Great Tusk|Fire
|move|p2a: Dragonite|Tera Blast|p1a: Great Tusk|[anim] Tera Blast Flying
|-damage|p1a: Great Tusk|13/100
|move|p1a: Great Tusk|Rock Slide|p2a: Dragonite
|-supereffective|p2a: Dragonite
|-damage|p2a: Dragonite|14/100
|
|-weather|SunnyDay|[upkeep]
|upkeep
|turn|16
|
|t:|1760732845
|move|p2a: Dragonite|Earthquake|p1a: Great Tusk
|-supereffective|p1a: Great Tusk
|-damage|p1a: Great Tusk|0 fnt
|faint|p1a: Great Tusk
|-end|p1a: Great Tusk|Protosynthesis|[silent]
|
|-weather|SunnyDay|[upkeep]
|upkeep
|
|t:|1760732849
|switch|p1a: Hatterene|Hatterene, F|63/100
|turn|17
|
|t:|1760732852
|move|p2a: Dragonite|Tera Blast|p1a: Hatterene|[anim] Tera Blast Flying
|-damage|p1a: Hatterene|0 fnt
|faint|p1a: Hatterene
|
|win|ign28
|raw|skiing in sudan's rating: 1591 &rarr; <strong>1568</strong><br />(-23 for losing)
|raw|ign28's rating: 1539 &rarr; <strong>1562</strong><br />(+23 for winning)
|c|☆ign28|gg
|l|☆skiing in sudan
|player|p1|
