|j|☆SupremeVolo
|j|☆jkihl
|t:|1760786140
|gametype|singles
|player|p1|SupremeVolo|rocketgrunt|1199
|player|p2|jkihl|wallace|1243
|gen|9
|tier|[Gen 9] OU
|rated|
|rule|HP Percentage Mod: HP is shown in percentages
|rule|Endless Battle Clause: Forcing endless battles is banned
|rule|Species Clause: Limit one of each Pokémon
|rule|OHKO Clause: OHKO moves are banned
|rule|Evasion Items Clause: Evasion items are banned
|rule|Evasion Moves Clause: Evasion moves are banned
|rule|Evasion Abilities Clause: Evasion abilities are banned
|rule|Sleep Moves Clause: Sleep-inducing moves are banned
|clearpoke
|poke|p1|Staraptor, M|
|poke|p1|Ogerpon-Wellspring, F|
|poke|p1|Kingambit, M|
|poke|p1|Glimmora, F|
|poke|p1|Dragapult, M|
|poke|p1|Iron Valiant|
|poke|p2|Iron Treads|
|poke|p2|Garganacl, F|
|poke|p2|Ogerpon-Wellspring, F|
|poke|p2|Moltres|
|poke|p2|Gholdengo|
|poke|p2|Zamazenta-*|
|teampreview
|
|t:|1760786156
|teamsize|p1|6
|teamsize|p2|6
|start
|switch|p1a: Glimmora|Glimmora, F|100/100
|switch|p2a: Garganacl|Garganacl, F|100/100
|turn|1
|inactive|Battle timer is ON: inactive players will automatically lose when time's up. (requested by jkihl)
|
|t:|1760786180
|move|p1a: Glimmora|Earth Power|p2a: Garganacl
|-supereffective|p2a: Garganacl
|-damage|p2a: Garganacl|53/100
|move|p2a: Garganacl|Stealth Rock|p1a: Glimmora
|-sidestart|p1: SupremeVolo|move: Stealth Rock
|
|-heal|p2a: Garganacl|59/100|[from] item: Leftovers
|upkeep
|turn|2
|
|t:|1760786190
|switch|p2a: Iron Treads|Iron Treads|100/100
|move|p1a: Glimmora|Meteor Beam||[still]
|-prepare|p1a: Glimmora|Meteor Beam
|-boost|p1a: Glimmora|spa|1
|-enditem|p1a: Glimmora|Power Herb
|-anim|p1a: Glimmora|Meteor Beam|p2a: Iron Treads|[miss]
|-miss|p1a: Glimmora|p2a: Iron Treads
|
|upkeep
|turn|3
|
|t:|1760786208
|move|p1a: Glimmora|Earth Power|p2a: Iron Treads
|-supereffective|p2a: Iron Treads
|-crit|p2a: Iron Treads
|-damage|p2a: Iron Treads|9/100
|move|p2a: Iron Treads|Earthquake|p1a: Glimmora
|-supereffective|p1a: Glimmora
|-damage|p1a: Glimmora|0 fnt
|-activate|p1a: Glimmora|ability: Toxic Debris
|-sidestart|p2: jkihl|move: Toxic Spikes
|faint|p1a: Glimmora
|
|upkeep
|
|t:|1760786212
|switch|p1a: Staraptor|Staraptor, M|100/100
|-damage|p1a: Staraptor|76/100|[from] Stealth Rock
|-ability|p1a: Staraptor|Intimidate|boost
|-unboost|p2a: Iron Treads|atk|1
|turn|4
|
|t:|1760786222
|move|p1a: Staraptor|Close Combat|p2a: Iron Treads
|-supereffective|p2a: Iron Treads
|-damage|p2a: Iron Treads|0 fnt
|-unboost|p1a: Staraptor|def|1
|-unboost|p1a: Staraptor|spd|1
|faint|p2a: Iron Treads
|-end|p2a: Iron Treads|Quark Drive|[silent]
|
|upkeep
|
|t:|1760786242
|switch|p2a: Gholdengo|Gholdengo|100/100
|turn|5
|
|t:|1760786250
|switch|p1a: Kingambit|Kingambit, M|100/100
|-damage|p1a: Kingambit|94/100|[from] Stealth Rock
|-activate|p1a: Kingambit|ability: Supreme Overlord
|-start|p1a: Kingambit|fallen1|[silent]
|move|p2a: Gholdengo|Nasty Plot|p2a: Gholdengo
|-boost|p2a: Gholdengo|spa|2
|
|-heal|p1a: Kingambit|100/100|[from] item: Leftovers
|upkeep
|turn|6
|
|t:|1760786263
|move|p2a: Gholdengo|Nasty Plot|p2a: Gholdengo
|-boost|p2a: Gholdengo|spa|2
|move|p1a: Kingambit|Kowtow Cleave|p2a: Gholdengo
|-supereffective|p2a: Gholdengo
|-damage|p2a: Gholdengo|0 fnt
|faint|p2a: Gholdengo
|
|upkeep
|
|t:|1760786272
|switch|p2a: Zamazenta|Zamazenta|100/100
|-status|p2a: Zamazenta|psn
|-ability|p2a: Zamazenta|Dauntless Shield|boost
|-boost|p2a: Zamazenta|def|1
|turn|7
|
|t:|1760786295
|-end|p1a: Kingambit|fallen1|[silent]
|switch|p1a: Dragapult|Dragapult, M|100/100
|-damage|p1a: Dragapult|88/100|[from] Stealth Rock
|move|p2a: Zamazenta|Iron Defense|p2a: Zamazenta
|-boost|p2a: Zamazenta|def|2
|
|-damage|p2a: Zamazenta|88/100 psn|[from] psn
|upkeep
|turn|8
|
|t:|1760786301
|move|p1a: Dragapult|Shadow Ball|p2a: Zamazenta
|-damage|p2a: Zamazenta|42/100 psn
|move|p2a: Zamazenta|Crunch|p1a: Dragapult
|-supereffective|p1a: Dragapult
|-crit|p1a: Dragapult
|-damage|p1a: Dragapult|0 fnt
|faint|p1a: Dragapult
|
|-heal|p2a: Zamazenta|49/100 psn|[from] item: Leftovers
|-damage|p2a: Zamazenta|36/100 psn|[from] psn
|upkeep
|
|t:|1760786309
|switch|p1a: Iron Valiant|Iron Valiant|100/100
|-damage|p1a: Iron Valiant|94/100|[from] Stealth Rock
|-enditem|p1a: Iron Valiant|Booster Energy
|-activate|p1a: Iron Valiant|ability: Quark Drive|[fromitem]
|-start|p1a: Iron Valiant|quarkdrivespe
|turn|9
|
|t:|1760786314
|move|p1a: Iron Valiant|Spirit Break|p2a: Zamazenta
|-supereffective|p2a: Zamazenta
|-damage|p2a: Zamazenta|15/100 psn
|-unboost|p2a: Zamazenta|spa|1
|move|p2a: Zamazenta|Body Press|p1a: Iron Valiant
|-resisted|p1a: Iron Valiant
|-crit|p1a: Iron Valiant
|-damage|p1a: Iron Valiant|3/100
|
|-heal|p2a: Zamazenta|21/100 psn|[from] item: Leftovers
|-damage|p2a: Zamazenta|9/100 psn|[from] psn
|upkeep
|turn|10
|
|t:|1760786324
|move|p1a: Iron Valiant|Spirit Break|p2a: Zamazenta
|-supereffective|p2a: Zamazenta
|-damage|p2a: Zamazenta|0 fnt
|faint|p2a: Zamazenta
|
|upkeep
|
|t:|1760786337
|switch|p2a: Garganacl|Garganacl, F|59/100
|turn|11
|
|t:|1760786355
|move|p1a: Iron Valiant|Knock Off|p2a: Garganacl
|-damage|p2a: Garganacl|38/100
|-enditem|p2a: Garganacl|Leftovers|[from] move: Knock Off|[of] p1a: Iron Valiant
|move|p2a: Garganacl|Salt Cure|p1a: Iron Valiant
|-resisted|p1a: Iron Valiant
|-damage|p1a: Iron Valiant|0 fnt
|faint|p1a: Iron Valiant
|-end|p1a: Iron Valiant|Quark Drive|[silent]
|
|upkeep
|
|t:|1760786359
|switch|p1a: Staraptor|Staraptor, M|76/100
|-damage|p1a: Staraptor|51/100|[from] Stealth Rock
|-ability|p1a: Staraptor|Intimidate|boost
|-unboost|p2a: Garganacl|atk|1
|turn|12
|
|t:|1760786364
|move|p2a: Garganacl|Protect|p2a: Garganacl
|-singleturn|p2a: Garganacl|Protect
|move|p1a: Staraptor|Close Combat|p2a: Garganacl
|-activate|p2a: Garganacl|move: Protect
|
|upkeep
|turn|13
|
|t:|1760786374
|switch|p1a: Ogerpon|Ogerpon-Wellspring, F|100/100
|-damage|p1a: Ogerpon|88/100|[from] Stealth Rock
|switch|p2a: Moltres|Moltres|100/100
|
|upkeep
|turn|14
|
|t:|1760786390
|-terastallize|p2a: Moltres|Fairy
|move|p1a: Ogerpon|Play Rough|p2a: Moltres
|-damage|p2a: Moltres|65/100
|-status|p1a: Ogerpon|brn|[from] ability: Flame Body|[of] p2a: Moltres
|move|p2a: Moltres|Will-O-Wisp|p1a: Ogerpon
|-fail|p1a: Ogerpon|brn
|
|-damage|p1a: Ogerpon|82/100 brn|[from] brn
|upkeep
|turn|15
|
|t:|1760786405
|switch|p1a: Kingambit|Kingambit, M|100/100
|-damage|p1a: Kingambit|94/100|[from] Stealth Rock
|-activate|p1a: Kingambit|ability: Supreme Overlord
|-start|p1a: Kingambit|fallen3|[silent]
|move|p2a: Moltres|Roost|p2a: Moltres
|-heal|p2a: Moltres|100/100
|
|-heal|p1a: Kingambit|100/100|[from] item: Leftovers
|upkeep
|turn|16
|inactive|SupremeVolo has 120 seconds left.
|
|t:|1760786435
|move|p2a: Moltres|Will-O-Wisp|p1a: Kingambit
|-status|p1a: Kingambit|brn
|move|p1a: Kingambit|Iron Head|p2a: Moltres
|-supereffective|p2a: Moltres
|-damage|p2a: Moltres|34/100
|
|-damage|p1a: Kingambit|94/100 brn|[from] brn
|upkeep
|turn|17
|inactive|SupremeVolo has 120 seconds left.
|
|t:|1760786451
|-terastallize|p1a: Kingambit|Ghost
|move|p2a: Moltres|Fire Blast|p1a: Kingambit|[miss]
|-miss|p2a: Moltres|p1a: Kingambit
|move|p1a: Kingambit|Swords Dance|p1a: Kingambit
|-boost|p1a: Kingambit|atk|2
|
|-heal|p1a: Kingambit|100/100 brn|[from] item: Leftovers
|-damage|p1a: Kingambit|94/100 brn|[from] brn
|upkeep
|turn|18
|inactive|SupremeVolo has 120 seconds left.
|
|t:|1760786464
|move|p1a: Kingambit|Sucker Punch|p2a: Moltres
|-resisted|p2a: Moltres
|-damage|p2a: Moltres|4/100
|move|p2a: Moltres|Hurricane|p1a: Kingambit
|-damage|p1a: Kingambit|30/100 brn
|
|-heal|p1a: Kingambit|37/100 brn|[from] item: Leftovers
|-damage|p1a: Kingambit|30/100 brn|[from] brn
|upkeep
|turn|19
|
|t:|1760786473
|move|p2a: Moltres|Fire Blast|p1a: Kingambit
|-damage|p1a: Kingambit|0 fnt
|faint|p1a: Kingambit
|-end|p1a: Kingambit|fallen3|[silent]
|
|upkeep
|
|t:|1760786475
|switch|p1a: Staraptor|Staraptor, M|51/100
|-damage|p1a: Staraptor|26/100|[from] Stealth Rock
|-ability|p1a: Staraptor|Intimidate|boost
|-unboost|p2a: Moltres|atk|1
|turn|20
|
|t:|1760786491
|move|p1a: Staraptor|U-turn|p2a: Moltres
|-resisted|p2a: Moltres
|-crit|p2a: Moltres
|-damage|p2a: Moltres|0 fnt
|faint|p2a: Moltres
|
|t:|1760786494
|switch|p1a: Ogerpon|Ogerpon-Wellspring, F|82/100 brn|[from] U-turn
|-damage|p1a: Ogerpon|70/100 brn|[from] Stealth Rock
|
|-damage|p1a: Ogerpon|64/100 brn|[from] brn
|upkeep
|
|t:|1760786498
|switch|p2a: Ogerpon|Ogerpon-Wellspring, F|100/100
|-status|p2a: Ogerpon|psn
|turn|21
|
|t:|1760786515
|move|p2a: Ogerpon|U-turn|p1a: Ogerpon
|-supereffective|p1a: Ogerpon
|-damage|p1a: Ogerpon|0 fnt
|faint|p1a: Ogerpon
|
|t:|1760786517
|switch|p2a: Garganacl|Garganacl, F|38/100|[from] U-turn
|
|upkeep
|
|t:|1760786524
|switch|p1a: Staraptor|Staraptor, M|26/100
|-damage|p1a: Staraptor|1/100|[from] Stealth Rock
|-ability|p1a: Staraptor|Intimidate|boost
|-unboost|p2a: Garganacl|atk|1
|turn|22
|
|t:|1760786537
|move|p1a: Staraptor|Close Combat|p2a: Garganacl
|-supereffective|p2a: Garganacl
|-damage|p2a: Garganacl|0 fnt
|-unboost|p1a: Staraptor|def|1
|-unboost|p1a: Staraptor|spd|1
|faint|p2a: Garganacl
|
|upkeep
|
|t:|1760786539
|switch|p2a: Ogerpon|Ogerpon-Wellspring, F|100/100 psn
|turn|23
|
|t:|1760786544
|move|p1a: Staraptor|Close Combat|p2a: Ogerpon
|-damage|p2a: Ogerpon|42/100 psn
|-unboost|p1a: Staraptor|def|1
|-unboost|p1a: Staraptor|spd|1
|move|p2a: Ogerpon|Ivy Cudgel|p1a: Staraptor|[anim] Ivy Cudgel Water
|-damage|p1a: Staraptor|0 fnt
|faint|p1a: Staraptor
|
|win|jkihl
|raw|SupremeVolo's rating: 1199 &rarr; <strong>1177</strong><br />(-22 for losing)
|raw|jkihl's rating: 1243 &rarr; <strong>1265</strong><br />(+22 for winning)
|c|☆SupremeVolo|Ggs!
|l|☆SupremeVolo
|player|p1|
|l|☆jkihl
|player|p2|
