|j|☆wonnoamei
|j|☆rip_dark17
|t:|1760734849
|gametype|singles
|player|p1|wonnoamei|parasollady|1050
|player|p2|rip_dark17|steven|1079
|gen|9
|tier|[Gen 9] OU
|rated|
|rule|HP Percentage Mod: HP is shown in percentages
|rule|Endless Battle Clause: Forcing endless battles is banned
|rule|Species Clause: Limit one of each Pokémon
|rule|OHKO Clause: OHKO moves are banned
|rule|Evasion Items Clause: Evasion items are banned
|rule|Evasion Moves Clause: Evasion moves are banned
|rule|Evasion Abilities Clause: Evasion abilities are banned
|rule|Sleep Moves Clause: Sleep-inducing moves are banned
|clearpoke
|poke|p1|Slowking-Galar, F|
|poke|p1|Zamazenta-*|
|poke|p1|Meowscarada, F|
|poke|p1|Hatterene, F|
|poke|p1|Heatran, F|
|poke|p1|Tornadus-Therian, M|
|poke|p2|Garchomp, F|
|poke|p2|Corviknight, F|
|poke|p2|Rotom-Wash|
|poke|p2|Incineroar, M|
|poke|p2|Great Tusk|
|poke|p2|Kingambit, F|
|teampreview
|inactive|Battle timer is ON: inactive players will automatically lose when time's up. (requested by rip_dark17)
|inactive|wonnoamei also wants the timer to be on.
|
|t:|1760734860
|teamsize|p1|6
|teamsize|p2|6
|start
|switch|p1a: Hatterene|Hatterene, F|100/100
|switch|p2a: Garchomp|Garchomp, F|100/100
|turn|1
|
|t:|1760734867
|move|p2a: Garchomp|Stealth Rock|p1a: Hatterene
|move|p1a: Hatterene|Stealth Rock|p2a: Garchomp|[from] ability: Magic Bounce
|-sidestart|p2: rip_dark17|move: Stealth Rock
|move|p1a: Hatterene|Draining Kiss|p2a: Garchomp
|-supereffective|p2a: Garchomp
|-damage|p2a: Garchomp|61/100
|-damage|p1a: Hatterene|88/100|[from] ability: Rough Skin|[of] p2a: Garchomp
|-damage|p1a: Hatterene|72/100|[from] item: Rocky Helmet|[of] p2a: Garchomp
|
|upkeep
|turn|2
|
|t:|1760734875
|move|p2a: Garchomp|Fire Blast|p1a: Hatterene
|-damage|p1a: Hatterene|52/100
|move|p1a: Hatterene|Draining Kiss|p2a: Garchomp
|-supereffective|p2a: Garchomp
|-damage|p2a: Garchomp|19/100
|-heal|p1a: Hatterene|95/100|[from] drain|[of] p2a: Garchomp
|-damage|p1a: Hatterene|83/100|[from] ability: Rough Skin|[of] p2a: Garchomp
|-damage|p1a: Hatterene|66/100|[from] item: Rocky Helmet|[of] p2a: Garchomp
|
|upkeep
|turn|3
|
|t:|1760734882
|move|p2a: Garchomp|Fire Blast|p1a: Hatterene
|-damage|p1a: Hatterene|46/100
|move|p1a: Hatterene|Draining Kiss|p2a: Garchomp
|-supereffective|p2a: Garchomp
|-damage|p2a: Garchomp|0 fnt
|-heal|p1a: Hatterene|64/100|[from] drain|[of] p2a: Garchomp
|-damage|p1a: Hatterene|52/100|[from] ability: Rough Skin|[of] p2a: Garchomp
|-damage|p1a: Hatterene|35/100|[from] item: Rocky Helmet|[of] p2a: Garchomp
|faint|p2a: Garchomp
|
|upkeep
|
|t:|1760734894
|switch|p2a: Great Tusk|Great Tusk|100/100
|-damage|p2a: Great Tusk|98/100|[from] Stealth Rock
|turn|4
|
|t:|1760734901
|move|p2a: Great Tusk|Rapid Spin|p1a: Hatterene
|-crit|p1a: Hatterene
|-damage|p1a: Hatterene|18/100
|-boost|p2a: Great Tusk|spe|1
|-damage|p2a: Great Tusk|81/100|[from] item: Rocky Helmet|[of] p1a: Hatterene
|-sideend|p2: rip_dark17|Stealth Rock|[from] move: Rapid Spin|[of] p2a: Great Tusk
|move|p1a: Hatterene|Psychic Noise|p2a: Great Tusk
|-supereffective|p2a: Great Tusk
|-damage|p2a: Great Tusk|0 fnt
|faint|p2a: Great Tusk
|-end|p2a: Great Tusk|Protosynthesis|[silent]
|
|upkeep
|
|t:|1760734912
|switch|p2a: Rotom|Rotom-Wash|100/100
|turn|5
|
|t:|1760734923
|switch|p1a: Slowking|Slowking-Galar, F|100/100
|move|p2a: Rotom|Volt Switch|p1a: Slowking
|-damage|p1a: Slowking|85/100
|
|t:|1760734929
|switch|p2a: Incineroar|Incineroar, M|100/100|[from] Volt Switch
|-ability|p2a: Incineroar|Intimidate|boost
|-unboost|p1a: Slowking|atk|1
|
|upkeep
|turn|6
|
|t:|1760734937
|switch|p1a: Hatterene|Hatterene, F|18/100
|move|p2a: Incineroar|Fake Out|p1a: Hatterene
|-damage|p1a: Hatterene|9/100
|-damage|p2a: Incineroar|84/100|[from] item: Rocky Helmet|[of] p1a: Hatterene
|
|upkeep
|turn|7
|
|t:|1760734946
|move|p2a: Incineroar|Parting Shot|p1a: Hatterene
|move|p1a: Hatterene|Parting Shot|p2a: Incineroar|[from] ability: Magic Bounce
|-unboost|p2a: Incineroar|atk|1
|-unboost|p2a: Incineroar|spa|1
|
|t:|1760734957
|switch|p1a: Zamazenta|Zamazenta|100/100|[from] Parting Shot
|-ability|p1a: Zamazenta|Dauntless Shield|boost
|-boost|p1a: Zamazenta|def|1
|
|upkeep
|turn|8
|
|t:|1760734963
|move|p1a: Zamazenta|Close Combat|p2a: Incineroar
|-supereffective|p2a: Incineroar
|-damage|p2a: Incineroar|0 fnt
|-unboost|p1a: Zamazenta|def|1
|-unboost|p1a: Zamazenta|spd|1
|-damage|p1a: Zamazenta|84/100|[from] item: Rocky Helmet|[of] p2a: Incineroar
|faint|p2a: Incineroar
|
|upkeep
|
|t:|1760734967
|switch|p2a: Rotom|Rotom-Wash|100/100
|turn|9
|
|t:|1760734971
|switch|p1a: Hatterene|Hatterene, F|9/100
|move|p2a: Rotom|Will-O-Wisp|p1a: Hatterene
|move|p1a: Hatterene|Will-O-Wisp|p2a: Rotom|[from] ability: Magic Bounce
|-status|p2a: Rotom|brn
|
|-damage|p2a: Rotom|95/100 brn|[from] brn
|upkeep
|turn|10
|
|t:|1760734979
|move|p2a: Rotom|Volt Switch|p1a: Hatterene
|-crit|p1a: Hatterene
|-damage|p1a: Hatterene|0 fnt
|faint|p1a: Hatterene
|
|t:|1760734986
|switch|p2a: Corviknight|Corviknight, F, shiny|100/100|[from] Volt Switch
|-ability|p2a: Corviknight|Pressure
|
|upkeep
|
|t:|1760734992
|switch|p1a: Heatran|Heatran, F|100/100
|turn|11
|
|t:|1760734997
|move|p1a: Heatran|Magma Storm|p2a: Corviknight
|-supereffective|p2a: Corviknight
|-damage|p2a: Corviknight|22/100
|-activate|p2a: Corviknight|move: Magma Storm|[of] p1a: Heatran
|move|p2a: Corviknight|Body Press|p1a: Heatran
|-supereffective|p1a: Heatran
|-damage|p1a: Heatran|62/100
|
|-heal|p1a: Heatran|68/100|[from] item: Leftovers
|-heal|p2a: Corviknight|29/100|[from] item: Leftovers
|-damage|p2a: Corviknight|16/100|[from] move: Magma Storm|[partiallytrapped]
|upkeep
|turn|12
|
|t:|1760735006
|move|p1a: Heatran|Magma Storm|p2a: Corviknight
|-supereffective|p2a: Corviknight
|-damage|p2a: Corviknight|0 fnt
|faint|p2a: Corviknight
|
|-heal|p1a: Heatran|75/100|[from] item: Leftovers
|upkeep
|
|t:|1760735009
|switch|p2a: Rotom|Rotom-Wash|95/100 brn
|turn|13
|
|t:|1760735017
|switch|p1a: Slowking|Slowking-Galar, F|100/100
|move|p2a: Rotom|Hydro Pump|p1a: Slowking
|-damage|p1a: Slowking|78/100
|
|-heal|p2a: Rotom|100/100 brn|[from] item: Leftovers
|-damage|p2a: Rotom|95/100 brn|[from] brn
|upkeep
|turn|14
|
|t:|1760735025
|move|p2a: Rotom|Pain Split|p1a: Slowking
|-sethp|p1a: Slowking|75/100|[from] move: Pain Split|[silent]
|-sethp|p2a: Rotom|98/100 brn|[from] move: Pain Split
|-prepare|p1a: Slowking|Chilly Reception|[premajor]
|move|p1a: Slowking|Chilly Reception|p1a: Slowking
|-weather|Snowscape
|
|t:|1760735040
|switch|p1a: Meowscarada|Meowscarada, F|100/100|[from] Chilly Reception
|
|-weather|Snowscape|[upkeep]
|-heal|p2a: Rotom|100/100 brn|[from] item: Leftovers
|-damage|p2a: Rotom|95/100 brn|[from] brn
|upkeep
|turn|15
|
|t:|1760735052
|-terastallize|p2a: Rotom|Electric
|move|p1a: Meowscarada|Trick|p2a: Rotom
|-start|p1a: Meowscarada|typechange|Psychic|[from] ability: Protean
|-activate|p1a: Meowscarada|move: Trick|[of] p2a: Rotom
|-item|p2a: Rotom|Choice Scarf|[from] move: Trick
|-item|p1a: Meowscarada|Leftovers|[from] move: Trick
|move|p2a: Rotom|Will-O-Wisp|p1a: Meowscarada
|-status|p1a: Meowscarada|brn
|
|-weather|Snowscape|[upkeep]
|-damage|p2a: Rotom|89/100 brn|[from] brn
|-damage|p1a: Meowscarada|94/100 brn|[from] brn
|upkeep
|turn|16
|
|t:|1760735067
|switch|p1a: Heatran|Heatran, F|75/100
|move|p2a: Rotom|Will-O-Wisp|p1a: Heatran
|-start|p1a: Heatran|ability: Flash Fire
|
|-weather|Snowscape|[upkeep]
|-heal|p1a: Heatran|81/100|[from] item: Leftovers
|-damage|p2a: Rotom|83/100 brn|[from] brn
|upkeep
|turn|17
|
|t:|1760735077
|move|p2a: Rotom|Will-O-Wisp|p1a: Heatran
|-immune|p1a: Heatran|[from] ability: Flash Fire
|move|p1a: Heatran|Magma Storm|p2a: Rotom|[miss]
|-miss|p1a: Heatran|p2a: Rotom
|
|-weather|Snowscape|[upkeep]
|-heal|p1a: Heatran|87/100|[from] item: Leftovers
|-damage|p2a: Rotom|77/100 brn|[from] brn
|upkeep
|turn|18
|
|t:|1760735083
|move|p2a: Rotom|Will-O-Wisp|p1a: Heatran
|-immune|p1a: Heatran|[from] ability: Flash Fire
|move|p1a: Heatran|Taunt|p2a: Rotom
|-start|p2a: Rotom|move: Taunt
|
|-weather|none
|-heal|p1a: Heatran|93/100|[from] item: Leftovers
|-damage|p2a: Rotom|71/100 brn|[from] brn
|upkeep
|turn|19
|
|t:|1760735090
|-activate|p2a: Rotom|move: Struggle
|move|p2a: Rotom|Struggle|p1a: Heatran
|-damage|p1a: Heatran|91/100
|-damage|p2a: Rotom|46/100 brn|[from] recoil
|move|p1a: Heatran|Will-O-Wisp|p2a: Rotom
|-fail|p2a: Rotom|brn
|
|-heal|p1a: Heatran|97/100|[from] item: Leftovers
|-damage|p2a: Rotom|40/100 brn|[from] brn
|upkeep
|turn|20
|
|t:|1760735096
|-activate|p2a: Rotom|move: Struggle
|move|p2a: Rotom|Struggle|p1a: Heatran
|-damage|p1a: Heatran|95/100
|-damage|p2a: Rotom|15/100 brn|[from] recoil
|move|p1a: Heatran|Will-O-Wisp|p2a: Rotom
|-fail|p2a: Rotom|brn
|
|-heal|p1a: Heatran|100/100|[from] item: Leftovers
|-damage|p2a: Rotom|9/100 brn|[from] brn
|upkeep
|turn|21
|
|t:|1760735103
|-activate|p2a: Rotom|move: Struggle
|move|p2a: Rotom|Struggle|p1a: Heatran
|-damage|p1a: Heatran|98/100
|-damage|p2a: Rotom|0 fnt|[from] recoil
|faint|p2a: Rotom
|move|p1a: Heatran|Will-O-Wisp|p2: Rotom|[notarget]
|-fail|p1a: Heatran
|
|-heal|p1a: Heatran|100/100|[from] item: Leftovers
|upkeep
|
|t:|1760735107
|switch|p2a: Kingambit|Kingambit, F|100/100
|turn|22
|
|t:|1760735117
|move|p1a: Heatran|Magma Storm|p2a: Kingambit
|-supereffective|p2a: Kingambit
|-damage|p2a: Kingambit|0 fnt
|faint|p2a: Kingambit
|
|win|wonnoamei
|raw|wonnoamei's rating: 1050 &rarr; <strong>1085</strong><br />(+35 for winning)
|raw|rip_dark17's rating: 1079 &rarr; <strong>1055</strong><br />(-24 for losing)
|l|☆rip_dark17
|player|p2|
