|j|☆doodle0205
|j|☆Rob Rancid
|t:|1760725322
|gametype|singles
|player|p1|doodle0205|2|1410
|player|p2|Rob Rancid|marlon|1351
|gen|9
|tier|[Gen 9] OU
|rated|
|rule|HP Percentage Mod: HP is shown in percentages
|rule|Endless Battle Clause: Forcing endless battles is banned
|rule|Species Clause: Limit one of each Pokémon
|rule|OHKO Clause: OHKO moves are banned
|rule|Evasion Items Clause: Evasion items are banned
|rule|Evasion Moves Clause: Evasion moves are banned
|rule|Evasion Abilities Clause: Evasion abilities are banned
|rule|Sleep Moves Clause: Sleep-inducing moves are banned
|clearpoke
|poke|p1|Great Tusk|
|poke|p1|Heatran, M|
|poke|p1|Weavile, M|
|poke|p1|Primarina, M|
|poke|p1|Ogerpon, F|
|poke|p1|Pecharunt|
|poke|p2|Cinderace, M|
|poke|p2|Smeargle, M|
|poke|p2|Iron Crown|
|poke|p2|Hoopa|
|poke|p2|Landorus-Therian, M|
|poke|p2|Quaquaval, F|
|teampreview
|inactive|Battle timer is ON: inactive players will automatically lose when time's up. (requested by doodle0205)
|
|t:|1760725346
|teamsize|p1|6
|teamsize|p2|6
|start
|switch|p1a: Bandit|Weavile, M, shiny|100/100
|switch|p2a: Quaquaval|Quaquaval, F|100/100
|-ability|p1a: Bandit|Pressure
|turn|1
|
|t:|1760725358
|switch|p1a: Overseer|Pecharunt|100/100
|move|p2a: Quaquaval|Rapid Spin|p1a: Overseer
|-immune|p1a: Overseer
|
|upkeep
|turn|2
|inactive|Rob Rancid has 120 seconds left.
|
|t:|1760725402
|switch|p2a: Smeargle|Smeargle, M|100/100
|move|p1a: Overseer|Parting Shot|p2a: Smeargle
|-unboost|p2a: Smeargle|atk|1
|-unboost|p2a: Smeargle|spa|1
|
|t:|1760725431
|switch|p1a: Bandit|Weavile, M, shiny|100/100|[from] Parting Shot
|-ability|p1a: Bandit|Pressure
|
|upkeep
|turn|3
|inactive|Rob Rancid has 120 seconds left.
|
|t:|1760725456
|move|p1a: Bandit|Triple Axel|p2a: Smeargle|[miss]
|-miss|p1a: Bandit|p2a: Smeargle
|move|p2a: Smeargle|Glare|p1a: Bandit
|-status|p1a: Bandit|par
|
|upkeep
|turn|4
|inactive|doodle0205 has 120 seconds left.
|
|t:|1760725486
|move|p2a: Smeargle|Sticky Web|p1a: Bandit
|-sidestart|p1: doodle0205|move: Sticky Web
|cant|p1a: Bandit|par
|
|upkeep
|turn|5
|
|t:|1760725497
|move|p2a: Smeargle|Ceaseless Edge|p1a: Bandit
|-resisted|p1a: Bandit
|-damage|p1a: Bandit|95/100 par
|-sidestart|p1: doodle0205|Spikes
|cant|p1a: Bandit|par
|
|upkeep
|turn|6
|
|t:|1760725510
|move|p2a: Smeargle|Ceaseless Edge|p1a: Bandit
|-resisted|p1a: Bandit
|-damage|p1a: Bandit|89/100 par
|-sidestart|p1: doodle0205|Spikes
|move|p1a: Bandit|Triple Axel|p2a: Smeargle|[miss]
|-miss|p1a: Bandit|p2a: Smeargle
|
|upkeep
|turn|7
|c|☆Rob Rancid|sheesh
|
|t:|1760725524
|move|p2a: Smeargle|Ceaseless Edge|p1a: Bandit
|-resisted|p1a: Bandit
|-damage|p1a: Bandit|84/100 par
|-sidestart|p1: doodle0205|Spikes
|move|p1a: Bandit|Triple Axel|p2a: Smeargle
|-damage|p2a: Smeargle|59/100
|-damage|p2a: Smeargle|0 fnt
|faint|p2a: Smeargle
|-hitcount|p2: Smeargle|2
|
|upkeep
|c|☆doodle0205|i just want to see how long this lasts
|inactive|Rob Rancid has 90 seconds left.
|c|☆Rob Rancid|ive never seen it this bad lol
|
|t:|1760725560
|switch|p2a: Quaquaval|Quaquaval, F|100/100
|turn|8
|c|☆doodle0205|it could be worse
|
|t:|1760725568
|switch|p1a: Overseer|Pecharunt|100/100
|-activate|p1a: Overseer|move: Sticky Web
|-unboost|p1a: Overseer|spe|1
|-damage|p1a: Overseer|76/100|[from] Spikes
|move|p2a: Quaquaval|Wave Crash|p1a: Overseer
|-damage|p1a: Overseer|49/100
|-damage|p2a: Quaquaval|84/100|[from] item: Rocky Helmet|[of] p1a: Overseer
|-damage|p2a: Quaquaval|73/100|[from] Recoil
|
|upkeep
|turn|9
|inactive|Rob Rancid has 90 seconds left.
|
|t:|1760725600
|move|p2a: Quaquaval|Wave Crash|p1a: Overseer
|-damage|p1a: Overseer|24/100
|-damage|p2a: Quaquaval|57/100|[from] item: Rocky Helmet|[of] p1a: Overseer
|-damage|p2a: Quaquaval|47/100|[from] Recoil
|move|p1a: Overseer|Recover|p1a: Overseer
|-heal|p1a: Overseer|74/100
|
|upkeep
|turn|10
|inactive|Rob Rancid has 60 seconds left.
|
|t:|1760725632
|move|p2a: Quaquaval|Wave Crash|p1a: Overseer
|-damage|p1a: Overseer|48/100
|-damage|p2a: Quaquaval|30/100|[from] item: Rocky Helmet|[of] p1a: Overseer
|-damage|p2a: Quaquaval|20/100|[from] Recoil
|move|p1a: Overseer|Parting Shot|p2a: Quaquaval
|-unboost|p2a: Quaquaval|atk|1
|-unboost|p2a: Quaquaval|spa|1
|
|t:|1760725643
|switch|p1a: Behemoth|Great Tusk, shiny|100/100|[from] Parting Shot
|
|upkeep
|turn|11
|
|t:|1760725650
|switch|p2a: Hoopa|Hoopa|100/100
|move|p1a: Behemoth|Rapid Spin|p2a: Hoopa
|-immune|p2a: Hoopa
|
|upkeep
|turn|12
|inactive|Rob Rancid has 60 seconds left.
|
|t:|1760725668
|move|p1a: Behemoth|Headlong Rush|p2a: Hoopa
|-enditem|p2a: Hoopa|Focus Sash
|-damage|p2a: Hoopa|1/100
|-unboost|p1a: Behemoth|def|1
|-unboost|p1a: Behemoth|spd|1
|move|p2a: Hoopa|Psychic Noise|p1a: Behemoth
|-supereffective|p1a: Behemoth
|-damage|p1a: Behemoth|0 fnt
|faint|p1a: Behemoth
|-end|p1a: Behemoth|Protosynthesis|[silent]
|-item|p2a: Hoopa|Heavy-Duty Boots|[from] ability: Magician|[of] p1: Behemoth
|
|upkeep
|
|t:|1760725684
|switch|p1a: Chaos|Heatran, M, shiny|100/100
|-item|p1a: Chaos|Air Balloon
|turn|13
|inactive|Rob Rancid has 60 seconds left.
|
|t:|1760725693
|move|p1a: Chaos|Earth Power|p2a: Hoopa
|-damage|p2a: Hoopa|0 fnt
|faint|p2a: Hoopa
|
|upkeep
|inactive|Rob Rancid has 60 seconds left.
|
|t:|1760725715
|switch|p2a: Quaquaval|Quaquaval, F|20/100
|turn|14
|
|t:|1760725720
|switch|p1a: Overseer|Pecharunt|48/100
|-activate|p1a: Overseer|move: Sticky Web
|-unboost|p1a: Overseer|spe|1
|-damage|p1a: Overseer|23/100|[from] Spikes
|move|p2a: Quaquaval|Wave Crash|p1a: Overseer
|-damage|p1a: Overseer|0 fnt
|-damage|p2a: Quaquaval|3/100|[from] item: Rocky Helmet|[of] p1a: Overseer
|faint|p1a: Overseer
|-ability|p2a: Quaquaval|Moxie|boost
|-boost|p2a: Quaquaval|atk|1
|-damage|p2a: Quaquaval|0 fnt|[from] Recoil
|faint|p2a: Quaquaval
|
|upkeep
|
|t:|1760725744
|switch|p2a: Iron Crown|Iron Crown|100/100
|switch|p1a: Chaos|Heatran, M, shiny|100/100
|-item|p1a: Chaos|Air Balloon
|turn|15
|
|t:|1760725761
|-end|p2a: Iron Crown|Quark Drive|[silent]
|switch|p2a: Cinderace|Cinderace, M|100/100
|move|p1a: Chaos|Flamethrower|p2a: Cinderace
|-resisted|p2a: Cinderace
|-damage|p2a: Cinderace|68/100
|
|upkeep
|turn|16
|
|t:|1760725771
|switch|p1a: Celestine|Primarina, M, shiny|100/100
|-activate|p1a: Celestine|move: Sticky Web
|-unboost|p1a: Celestine|spe|1
|-damage|p1a: Celestine|76/100|[from] Spikes
|move|p2a: Cinderace|Low Kick|p1a: Celestine
|-start|p2a: Cinderace|typechange|Fighting|[from] ability: Libero
|-resisted|p1a: Celestine
|-damage|p1a: Celestine|58/100
|
|upkeep
|turn|17
|inactive|Rob Rancid has 30 seconds left.
|
|t:|1760725791
|move|p2a: Cinderace|Electro Ball|p1a: Celestine
|-supereffective|p1a: Celestine
|-damage|p1a: Celestine|34/100
|move|p1a: Celestine|Whirlpool|p2a: Cinderace
|-damage|p2a: Cinderace|40/100
|-activate|p2a: Cinderace|move: Whirlpool|[of] p1a: Celestine
|
|-damage|p2a: Cinderace|27/100|[from] move: Whirlpool|[partiallytrapped]
|upkeep
|turn|18
|inactive|Rob Rancid has 30 seconds left.
|
|t:|1760725804
|move|p2a: Cinderace|Pyro Ball|p1a: Celestine
|-resisted|p1a: Celestine
|-damage|p1a: Celestine|13/100
|move|p1a: Celestine|Moonblast|p2a: Cinderace
|-supereffective|p2a: Cinderace
|-damage|p2a: Cinderace|0 fnt
|faint|p2a: Cinderace
|
|upkeep
|inactive|Rob Rancid has 30 seconds left.
|c|☆doodle0205|electro ball is crazy
|inactive|Rob Rancid has 20 seconds left.
|
|t:|1760725822
|switch|p2a: Iron Crown|Iron Crown|100/100
|turn|19
|inactive|Rob Rancid has 30 seconds left this turn.
|c|☆Rob Rancid|for peli leads in rain
|inactive|Rob Rancid has 20 seconds left.
|
|t:|1760725836
|move|p2a: Iron Crown|Calm Mind|p2a: Iron Crown
|-boost|p2a: Iron Crown|spa|1
|-boost|p2a: Iron Crown|spd|1
|move|p1a: Celestine|Psychic Noise|p2a: Iron Crown
|-damage|p2a: Iron Crown|73/100
|-start|p2a: Iron Crown|move: Heal Block
|
|upkeep
|turn|20
|inactive|Rob Rancid has 30 seconds left this turn.
|c|☆doodle0205|aaaahh
|inactive|Rob Rancid has 20 seconds left.
|
|t:|1760725851
|move|p2a: Iron Crown|Tachyon Cutter|p1a: Celestine
|-damage|p1a: Celestine|0 fnt
|faint|p1a: Celestine
|-hitcount|p1: Celestine|1
|
|-end|p2a: Iron Crown|move: Heal Block
|upkeep
|
|t:|1760725854
|switch|p1a: Chaos|Heatran, M, shiny|100/100
|-item|p1a: Chaos|Air Balloon
|turn|21
|inactive|Rob Rancid has 30 seconds left.
|inactive|Rob Rancid has 20 seconds left.
|
|t:|1760725874
|-terastallize|p2a: Iron Crown|Ground
|move|p2a: Iron Crown|Calm Mind|p2a: Iron Crown
|-boost|p2a: Iron Crown|spa|1
|-boost|p2a: Iron Crown|spd|1
|move|p1a: Chaos|Flamethrower|p2a: Iron Crown
|-damage|p2a: Iron Crown|49/100
|
|upkeep
|turn|22
|inactive|Rob Rancid has 30 seconds left this turn.
|inactive|Rob Rancid has 20 seconds left.
|
|t:|1760725888
|move|p2a: Iron Crown|Stored Power|p1a: Chaos
|-resisted|p1a: Chaos
|-crit|p1a: Chaos
|-damage|p1a: Chaos|16/100
|-enditem|p1a: Chaos|Air Balloon
|move|p1a: Chaos|Flamethrower|p2a: Iron Crown
|-damage|p2a: Iron Crown|24/100
|
|upkeep
|turn|23
|inactive|Rob Rancid has 30 seconds left this turn.
|inactive|Rob Rancid has 20 seconds left.
|
|t:|1760725902
|move|p2a: Iron Crown|Tachyon Cutter|p1a: Chaos
|-resisted|p1a: Chaos
|-damage|p1a: Chaos|2/100
|-resisted|p1a: Chaos
|-damage|p1a: Chaos|0 fnt
|faint|p1a: Chaos
|-hitcount|p1: Chaos|2
|
|upkeep
|
|t:|1760725906
|switch|p1a: Bandit|Weavile, M, shiny|84/100 par
|-activate|p1a: Bandit|move: Sticky Web
|-unboost|p1a: Bandit|spe|1
|-damage|p1a: Bandit|60/100 par|[from] Spikes
|-ability|p1a: Bandit|Pressure
|turn|24
|inactive|Rob Rancid has 30 seconds left.
|
|t:|1760725920
|move|p1a: Bandit|Ice Shard|p2a: Iron Crown
|-supereffective|p2a: Iron Crown
|-crit|p2a: Iron Crown
|-damage|p2a: Iron Crown|0 fnt
|faint|p2a: Iron Crown
|-end|p2a: Iron Crown|Quark Drive|[silent]
|
|upkeep
|inactive|Rob Rancid has 30 seconds left this turn.
|
|t:|1760725927
|switch|p2a: Landorus|Landorus-Therian, M|100/100
|-ability|p2a: Landorus|Intimidate|boost
|-unboost|p1a: Bandit|atk|1
|turn|25
|inactive|Rob Rancid has 30 seconds left.
|
|t:|1760725934
|move|p1a: Bandit|Ice Shard|p2a: Landorus
|-supereffective|p2a: Landorus
|-damage|p2a: Landorus|6/100
|move|p2a: Landorus|U-turn|p1a: Bandit
|-supereffective|p1a: Bandit
|-damage|p1a: Bandit|0 fnt
|faint|p1a: Bandit
|
|upkeep
|
|t:|1760725939
|switch|p1a: Anonymous|Ogerpon, F|100/100
|-activate|p1a: Anonymous|move: Sticky Web
|-unboost|p1a: Anonymous|spe|1
|-ability|p1a: Anonymous|Defiant|boost
|-boost|p1a: Anonymous|atk|2
|-damage|p1a: Anonymous|76/100|[from] Spikes
|turn|26
|c|☆Rob Rancid|oof
|c|☆Rob Rancid|gg
|c|☆doodle0205|is it scarf?
|c|☆doodle0205|gg
|inactive|Rob Rancid has 30 seconds left.
|
|t:|1760725958
|-terastallize|p1a: Anonymous|Grass
|detailschange|p1a: Anonymous|Ogerpon-Teal-Tera, F, tera:Grass
|-ability|p1a: Anonymous|Embody Aspect (Teal)|boost
|-boost|p1a: Anonymous|spe|1
|move|p2a: Landorus|U-turn|p1a: Anonymous
|-supereffective|p1a: Anonymous
|-damage|p1a: Anonymous|5/100
|move|p1a: Anonymous|Ivy Cudgel|p2a: Landorus
|-damage|p2a: Landorus|0 fnt
|faint|p2a: Landorus
|
|win|doodle0205
|raw|doodle0205's rating: 1410 &rarr; <strong>1427</strong><br />(+17 for winning)
|raw|Rob Rancid's rating: 1351 &rarr; <strong>1334</strong><br />(-17 for losing)
|c|☆doodle0205|oh wow
|c|☆Rob Rancid|ye
|c|☆doodle0205|gg
|l|☆doodle0205
|player|p1|
|c|☆Rob Rancid|gg
|l|☆Rob Rancid
|player|p2|
