|j|☆Sweniiity
|j|☆smaru12
|t:|1760830873
|gametype|singles
|player|p1|Sweniiity|hilda|1000
|player|p2|smaru12|dawn|1000
|gen|9
|tier|[Gen 9] OU
|rated|
|rule|HP Percentage Mod: HP is shown in percentages
|rule|Endless Battle Clause: Forcing endless battles is banned
|rule|Species Clause: Limit one of each Pokémon
|rule|OHKO Clause: OHKO moves are banned
|rule|Evasion Items Clause: Evasion items are banned
|rule|Evasion Moves Clause: Evasion moves are banned
|rule|Evasion Abilities Clause: Evasion abilities are banned
|rule|Sleep Moves Clause: Sleep-inducing moves are banned
|clearpoke
|poke|p1|Toxapex, M|
|poke|p1|Iron Valiant|
|poke|p1|Corviknight, M|
|poke|p1|Sceptile, F|
|poke|p1|Skeledirge, F|
|poke|p1|Raikou|
|poke|p2|Meowth, F|
|poke|p2|Chansey, F|
|poke|p2|Ditto|
|poke|p2|Snorlax, F|
|poke|p2|Dodrio, F|
|poke|p2|Wigglytuff, F|
|teampreview
|
|t:|1760830885
|teamsize|p1|6
|teamsize|p2|6
|start
|switch|p1a: Skeledirge|Skeledirge, F|100/100
|switch|p2a: Dodrio|Dodrio, F|100/100
|turn|1
|inactive|Battle timer is ON: inactive players will automatically lose when time's up. (requested by smaru12)
|
|t:|1760830908
|move|p2a: Dodrio|Knock Off|p1a: Skeledirge
|-supereffective|p1a: Skeledirge
|-damage|p1a: Skeledirge|43/100
|-enditem|p1a: Skeledirge|Heavy-Duty Boots|[from] move: Knock Off|[of] p2a: Dodrio
|move|p1a: Skeledirge|Will-O-Wisp|p2a: Dodrio
|-status|p2a: Dodrio|brn
|
|-damage|p2a: Dodrio|94/100 brn|[from] brn
|upkeep
|turn|2
|
|t:|1760830919
|move|p2a: Dodrio|Knock Off|p1a: Skeledirge
|-supereffective|p1a: Skeledirge
|-damage|p1a: Skeledirge|23/100
|move|p1a: Skeledirge|Torch Song|p2a: Dodrio
|-damage|p2a: Dodrio|42/100 brn
|-boost|p1a: Skeledirge|spa|1
|
|-damage|p2a: Dodrio|35/100 brn|[from] brn
|upkeep
|turn|3
|
|t:|1760830928
|move|p2a: Dodrio|Knock Off|p1a: Skeledirge
|-supereffective|p1a: Skeledirge
|-damage|p1a: Skeledirge|1/100
|move|p1a: Skeledirge|Slack Off|p1a: Skeledirge
|-heal|p1a: Skeledirge|51/100
|
|-damage|p2a: Dodrio|29/100 brn|[from] brn
|upkeep
|turn|4
|
|t:|1760830939
|move|p2a: Dodrio|Knock Off|p1a: Skeledirge
|-supereffective|p1a: Skeledirge
|-damage|p1a: Skeledirge|28/100
|move|p1a: Skeledirge|Slack Off|p1a: Skeledirge
|-heal|p1a: Skeledirge|78/100
|
|-damage|p2a: Dodrio|23/100 brn|[from] brn
|upkeep
|turn|5
|
|t:|1760830957
|move|p2a: Dodrio|Knock Off|p1a: Skeledirge
|-supereffective|p1a: Skeledirge
|-damage|p1a: Skeledirge|57/100
|move|p1a: Skeledirge|Torch Song|p2a: Dodrio
|-damage|p2a: Dodrio|0 fnt
|-boost|p1a: Skeledirge|spa|1
|faint|p2a: Dodrio
|
|upkeep
|
|t:|1760830967
|switch|p2a: Ditto|Ditto|100/100
|-transform|p2a: Ditto|p1a: Skeledirge|[from] ability: Imposter
|turn|6
|inactive|Sweniiity has 120 seconds left.
|
|t:|1760830997
|switch|p1a: Raikou|Raikou|100/100
|-ability|p1a: Raikou|Pressure
|move|p2a: Ditto|Torch Song|p1a: Raikou
|-damage|p1a: Raikou|41/100
|-boost|p2a: Ditto|spa|1
|
|upkeep
|turn|7
|inactive|Sweniiity has 120 seconds left.
|
|t:|1760831009
|move|p1a: Raikou|Scald|p2a: Ditto
|-supereffective|p2a: Ditto
|-damage|p2a: Ditto|19/100
|move|p2a: Ditto|Torch Song|p1a: Raikou
|-damage|p1a: Raikou|0 fnt
|-boost|p2a: Ditto|spa|1
|faint|p1a: Raikou
|
|upkeep
|inactive|Sweniiity has 120 seconds left.
|
|t:|1760831018
|switch|p1a: Skeledirge|Skeledirge, F|57/100
|turn|8
|
|t:|1760831022
|move|p2a: Ditto|Torch Song|p1a: Skeledirge
|-resisted|p1a: Skeledirge
|-damage|p1a: Skeledirge|42/100
|-boost|p2a: Ditto|spa|1
|move|p1a: Skeledirge|Hex|p2a: Ditto
|-supereffective|p2a: Ditto
|-damage|p2a: Ditto|0 fnt
|faint|p2a: Ditto
|
|upkeep
|
|t:|1760831041
|switch|p2a: Snorlax|Snorlax, F|100/100
|turn|9
|
|t:|1760831046
|move|p1a: Skeledirge|Will-O-Wisp|p2a: Snorlax|[miss]
|-miss|p1a: Skeledirge|p2a: Snorlax
|move|p2a: Snorlax|Encore|p1a: Skeledirge
|-start|p1a: Skeledirge|Encore
|
|upkeep
|turn|10
|
|t:|1760831055
|move|p1a: Skeledirge|Will-O-Wisp|p2a: Snorlax
|-status|p2a: Snorlax|brn
|move|p2a: Snorlax|Iron Head|p1a: Skeledirge
|-resisted|p1a: Skeledirge
|-damage|p1a: Skeledirge|39/100
|
|-damage|p2a: Snorlax|94/100 brn|[from] brn
|upkeep
|turn|11
|
|t:|1760831069
|switch|p1a: Iron Valiant|Iron Valiant|100/100
|-enditem|p1a: Iron Valiant|Booster Energy
|-activate|p1a: Iron Valiant|ability: Quark Drive|[fromitem]
|-start|p1a: Iron Valiant|quarkdrivespe
|switch|p2a: Wigglytuff|Wigglytuff, F|100/100
|
|upkeep
|turn|12
|
|t:|1760831091
|move|p1a: Iron Valiant|Spirit Break|p2a: Wigglytuff
|-damage|p2a: Wigglytuff|57/100
|-unboost|p2a: Wigglytuff|spa|1
|-damage|p1a: Iron Valiant|84/100|[from] item: Rocky Helmet|[of] p2a: Wigglytuff
|move|p2a: Wigglytuff|Reflect|p2a: Wigglytuff
|-sidestart|p2: smaru12|Reflect
|
|upkeep
|turn|13
|
|t:|1760831103
|-terastallize|p1a: Iron Valiant|Fairy
|move|p1a: Iron Valiant|Spirit Break|p2a: Wigglytuff
|-damage|p2a: Wigglytuff|28/100
|-unboost|p2a: Wigglytuff|spa|1
|-damage|p1a: Iron Valiant|67/100|[from] item: Rocky Helmet|[of] p2a: Wigglytuff
|move|p2a: Wigglytuff|Calm Mind|p2a: Wigglytuff
|-boost|p2a: Wigglytuff|spa|1
|-boost|p2a: Wigglytuff|spd|1
|
|upkeep
|turn|14
|
|t:|1760831115
|move|p1a: Iron Valiant|Spirit Break|p2a: Wigglytuff
|-damage|p2a: Wigglytuff|0 fnt
|-damage|p1a: Iron Valiant|51/100|[from] item: Rocky Helmet|[of] p2a: Wigglytuff
|faint|p2a: Wigglytuff
|
|upkeep
|
|t:|1760831130
|switch|p2a: Meowth|Meowth, F|100/100
|turn|15
|
|t:|1760831139
|move|p2a: Meowth|Fake Out|p1a: Iron Valiant
|-damage|p1a: Iron Valiant|35/100
|cant|p1a: Iron Valiant|flinch
|
|upkeep
|turn|16
|
|t:|1760831149
|move|p1a: Iron Valiant|Swords Dance|p1a: Iron Valiant
|-boost|p1a: Iron Valiant|atk|2
|move|p2a: Meowth|Thunder Wave|p1a: Iron Valiant
|-status|p1a: Iron Valiant|par
|
|-sideend|p2: smaru12|Reflect
|upkeep
|turn|17
|
|t:|1760831160
|move|p2a: Meowth|Endeavor|p1a: Iron Valiant
|-immune|p1a: Iron Valiant
|move|p1a: Iron Valiant|Close Combat|p2a: Meowth
|-supereffective|p2a: Meowth
|-enditem|p2a: Meowth|Focus Sash
|-damage|p2a: Meowth|1/100
|-unboost|p1a: Iron Valiant|def|1
|-unboost|p1a: Iron Valiant|spd|1
|
|upkeep
|turn|18
|
|t:|1760831173
|move|p2a: Meowth|Thunder Wave|p1a: Iron Valiant
|-fail|p1a: Iron Valiant|par
|move|p1a: Iron Valiant|Spirit Break|p2a: Meowth
|-damage|p2a: Meowth|0 fnt
|faint|p2a: Meowth
|
|upkeep
|
|t:|1760831182
|switch|p2a: Chansey|Chansey, F|100/100
|turn|19
|
|t:|1760831189
|move|p1a: Iron Valiant|Close Combat|p2a: Chansey
|-supereffective|p2a: Chansey
|-damage|p2a: Chansey|0 fnt
|-unboost|p1a: Iron Valiant|def|1
|-unboost|p1a: Iron Valiant|spd|1
|faint|p2a: Chansey
|
|upkeep
|
|t:|1760831196
|switch|p2a: Snorlax|Snorlax, F|94/100 brn
|turn|20
|
|t:|1760831206
|move|p1a: Iron Valiant|Close Combat|p2a: Snorlax
|-supereffective|p2a: Snorlax
|-damage|p2a: Snorlax|0 fnt
|-unboost|p1a: Iron Valiant|def|1
|-unboost|p1a: Iron Valiant|spd|1
|faint|p2a: Snorlax
|
|win|Sweniiity
|raw|Sweniiity's rating: 1000 &rarr; <strong>1040</strong><br />(+40 for winning)
|raw|smaru12's rating: 1000 &rarr; <strong>1000</strong><br />(+0 for losing)
|l|☆smaru12
|player|p2|
