|j|☆Elite Sabrina
|j|☆EdgarproUranium
|t:|1760882120
|gametype|singles
|player|p1|Elite Sabrina|265|1571
|player|p2|EdgarproUranium|parasollady|1565
|gen|9
|tier|[Gen 9] OU
|rated|
|rule|HP Percentage Mod: HP is shown in percentages
|rule|Endless Battle Clause: Forcing endless battles is banned
|rule|Species Clause: Limit one of each Pokémon
|rule|OHKO Clause: OHKO moves are banned
|rule|Evasion Items Clause: Evasion items are banned
|rule|Evasion Moves Clause: Evasion moves are banned
|rule|Evasion Abilities Clause: Evasion abilities are banned
|rule|Sleep Moves Clause: Sleep-inducing moves are banned
|clearpoke
|poke|p1|Pelipper, F|
|poke|p1|Glimmora, M|
|poke|p1|Iron Crown|
|poke|p1|Ogerpon-Wellspring, F|
|poke|p1|Manaphy|
|poke|p1|Zamazenta-*|
|poke|p2|Iron Crown|
|poke|p2|Alomomola, M|
|poke|p2|Glimmora, F|
|poke|p2|Weavile, M|
|poke|p2|Heatran, F|
|poke|p2|Ribombee, M|
|teampreview
|c|☆Elite Sabrina|gl hf
|
|t:|1760882127
|teamsize|p1|6
|teamsize|p2|6
|start
|switch|p1a: Iron Crown|Iron Crown|100/100
|switch|p2a: Iron Crown|Iron Crown|100/100
|-enditem|p1a: Iron Crown|Booster Energy
|-activate|p1a: Iron Crown|ability: Quark Drive|[fromitem]
|-start|p1a: Iron Crown|quarkdrivespe
|turn|1
|
|t:|1760882130
|move|p1a: Iron Crown|Calm Mind|p1a: Iron Crown
|-boost|p1a: Iron Crown|spa|1
|-boost|p1a: Iron Crown|spd|1
|move|p2a: Iron Crown|Volt Switch|p1a: Iron Crown
|-damage|p1a: Iron Crown|80/100
|
|t:|1760882133
|-end|p2a: Iron Crown|Quark Drive|[silent]
|switch|p2a: Heatran|Heatran, F|100/100|[from] Volt Switch
|
|upkeep
|turn|2
|
|t:|1760882139
|-terastallize|p1a: Iron Crown|Ground
|move|p1a: Iron Crown|Tera Blast|p2a: Heatran|[anim] Tera Blast Ground
|-supereffective|p2a: Heatran
|-damage|p2a: Heatran|0 fnt
|faint|p2a: Heatran
|
|upkeep
|inactive|Battle timer is ON: inactive players will automatically lose when time's up. (requested by Elite Sabrina)
|
|t:|1760882165
|switch|p2a: Alomomola|Alomomola, M|100/100
|turn|3
|
|t:|1760882169
|move|p1a: Iron Crown|Calm Mind|p1a: Iron Crown
|-boost|p1a: Iron Crown|spa|1
|-boost|p1a: Iron Crown|spd|1
|move|p2a: Alomomola|Scald|p1a: Iron Crown
|-supereffective|p1a: Iron Crown
|-damage|p1a: Iron Crown|67/100
|
|upkeep
|turn|4
|
|t:|1760882172
|move|p1a: Iron Crown|Psyshock|p2a: Alomomola
|-damage|p2a: Alomomola|62/100
|move|p2a: Alomomola|Scald|p1a: Iron Crown
|-supereffective|p1a: Iron Crown
|-damage|p1a: Iron Crown|55/100
|
|upkeep
|turn|5
|
|t:|1760882182
|move|p1a: Iron Crown|Tera Blast|p2a: Alomomola|[anim] Tera Blast Ground
|-damage|p2a: Alomomola|0 fnt
|faint|p2a: Alomomola
|
|upkeep
|
|t:|1760882184
|switch|p2a: Weavile|Weavile, M|100/100
|-ability|p2a: Weavile|Pressure
|turn|6
|
|t:|1760882188
|move|p2a: Weavile|Ice Shard|p1a: Iron Crown
|-supereffective|p1a: Iron Crown
|-damage|p1a: Iron Crown|0 fnt
|faint|p1a: Iron Crown
|-end|p1a: Iron Crown|Quark Drive|[silent]
|
|upkeep
|j| Dionysos
|
|t:|1760882192
|switch|p1a: Glimmora|Glimmora, M|100/100
|turn|7
|l| Dionysos
|
|t:|1760882196
|switch|p2a: Iron Crown|Iron Crown|100/100
|move|p1a: Glimmora|Earth Power|p2a: Iron Crown
|-supereffective|p2a: Iron Crown
|-damage|p2a: Iron Crown|42/100
|-unboost|p2a: Iron Crown|spd|1
|
|upkeep
|turn|8
|
|t:|1760882199
|switch|p1a: Pelipper|Pelipper, F|100/100
|-weather|RainDance|[from] ability: Drizzle|[of] p1a: Pelipper
|move|p2a: Iron Crown|Tachyon Cutter|p1a: Pelipper
|-resisted|p1a: Pelipper
|-damage|p1a: Pelipper|74/100
|-resisted|p1a: Pelipper
|-damage|p1a: Pelipper|46/100
|-hitcount|p1a: Pelipper|2
|
|-weather|RainDance|[upkeep]
|upkeep
|turn|9
|
|t:|1760882204
|move|p2a: Iron Crown|Tachyon Cutter|p1a: Pelipper
|-resisted|p1a: Pelipper
|-damage|p1a: Pelipper|20/100
|-resisted|p1a: Pelipper
|-damage|p1a: Pelipper|0 fnt
|faint|p1a: Pelipper
|-hitcount|p1: Pelipper|2
|
|-weather|RainDance|[upkeep]
|upkeep
|
|t:|1760882207
|switch|p1a: Manaphy|Manaphy|100/100
|turn|10
|
|t:|1760882211
|move|p1a: Manaphy|Surf|p2a: Iron Crown
|-damage|p2a: Iron Crown|0 fnt
|faint|p2a: Iron Crown
|-end|p2a: Iron Crown|Quark Drive|[silent]
|
|-weather|RainDance|[upkeep]
|upkeep
|
|t:|1760882214
|switch|p2a: Ribombee|Ribombee, M|100/100
|turn|11
|
|t:|1760882217
|move|p2a: Ribombee|Moonblast|p1a: Manaphy
|-damage|p1a: Manaphy|58/100
|move|p1a: Manaphy|Surf|p2a: Ribombee
|-enditem|p2a: Ribombee|Focus Sash
|-damage|p2a: Ribombee|1/100
|
|-weather|RainDance|[upkeep]
|upkeep
|turn|12
|
|t:|1760882223
|move|p2a: Ribombee|Sticky Web|p1a: Manaphy
|-sidestart|p1: Elite Sabrina|move: Sticky Web
|move|p1a: Manaphy|Surf|p2a: Ribombee
|-damage|p2a: Ribombee|0 fnt
|faint|p2a: Ribombee
|
|-weather|RainDance|[upkeep]
|upkeep
|
|t:|1760882229
|switch|p2a: Weavile|Weavile, M|100/100
|-ability|p2a: Weavile|Pressure
|turn|13
|
|t:|1760882231
|move|p2a: Weavile|Knock Off|p1a: Manaphy
|-damage|p1a: Manaphy|0 fnt
|-enditem|p1a: Manaphy|Sitrus Berry|[from] move: Knock Off|[of] p2a: Weavile
|faint|p1a: Manaphy
|
|-weather|RainDance|[upkeep]
|upkeep
|
|t:|1760882237
|switch|p1a: Ogerpon|Ogerpon-Wellspring, F|100/100
|-activate|p1a: Ogerpon|move: Sticky Web
|-unboost|p1a: Ogerpon|spe|1
|turn|14
|
|t:|1760882243
|switch|p2a: Glimmora|Glimmora, F|100/100
|move|p1a: Ogerpon|Ivy Cudgel|p2a: Glimmora|[anim] Ivy Cudgel Water
|-supereffective|p2a: Glimmora
|-damage|p2a: Glimmora|0 fnt
|-activate|p2a: Glimmora|ability: Toxic Debris
|-sidestart|p1: Elite Sabrina|move: Toxic Spikes
|faint|p2a: Glimmora
|
|-weather|RainDance|[upkeep]
|upkeep
|
|t:|1760882245
|switch|p2a: Weavile|Weavile, M|100/100
|-ability|p2a: Weavile|Pressure
|turn|15
|
|t:|1760882247
|-terastallize|p2a: Weavile|Ice
|move|p2a: Weavile|Triple Axel|p1a: Ogerpon
|-damage|p1a: Ogerpon|73/100
|-damage|p1a: Ogerpon|19/100
|-damage|p1a: Ogerpon|0 fnt
|faint|p1a: Ogerpon
|-hitcount|p1: Ogerpon|3
|
|-weather|none
|upkeep
|
|t:|1760882251
|switch|p1a: Glimmora|Glimmora, M|100/100
|-activate|p1a: Glimmora|move: Sticky Web
|-unboost|p1a: Glimmora|spe|1
|-sideend|p1: Elite Sabrina|move: Toxic Spikes|[of] p1a: Glimmora
|turn|16
|
|t:|1760882253
|move|p2a: Weavile|Triple Axel|p1a: Glimmora
|-damage|p1a: Glimmora|74/100
|-activate|p1a: Glimmora|ability: Toxic Debris
|-sidestart|p2: EdgarproUranium|move: Toxic Spikes
|-damage|p1a: Glimmora|23/100
|-activate|p1a: Glimmora|ability: Toxic Debris
|-sidestart|p2: EdgarproUranium|move: Toxic Spikes
|-hitcount|p1a: Glimmora|2
|move|p1a: Glimmora|Mortal Spin|p2a: Weavile
|-damage|p2a: Weavile|90/100
|-status|p2a: Weavile|psn
|-sideend|p1: Elite Sabrina|Sticky Web|[from] move: Mortal Spin|[of] p1a: Glimmora
|
|-damage|p2a: Weavile|77/100 psn|[from] psn
|upkeep
|turn|17
|
|t:|1760882259
|move|p2a: Weavile|Triple Axel|p1a: Glimmora|[miss]
|-miss|p2a: Weavile|p1a: Glimmora
|move|p1a: Glimmora|Sludge Bomb|p2a: Weavile
|-crit|p2a: Weavile
|-damage|p2a: Weavile|0 fnt
|faint|p2a: Weavile
|
|win|Elite Sabrina
|raw|Elite Sabrina's rating: 1571 &rarr; <strong>1591</strong><br />(+20 for winning)
|raw|EdgarproUranium's rating: 1565 &rarr; <strong>1545</strong><br />(-20 for losing)
|l|☆EdgarproUranium
|player|p2|
|c|☆Elite Sabrina|gg
|l|☆Elite Sabrina
|player|p1|
