|j|☆Sweepman Sam
|j|☆16xaya
|t:|1760838871
|gametype|singles
|player|p1|Sweepman Sam|pokemonbreeder|1259
|player|p2|16xaya|cynthia-masters|1253
|gen|9
|tier|[Gen 9] OU
|rated|
|rule|HP Percentage Mod: HP is shown in percentages
|rule|Endless Battle Clause: Forcing endless battles is banned
|rule|Species Clause: Limit one of each Pokémon
|rule|OHKO Clause: OHKO moves are banned
|rule|Evasion Items Clause: Evasion items are banned
|rule|Evasion Moves Clause: Evasion moves are banned
|rule|Evasion Abilities Clause: Evasion abilities are banned
|rule|Sleep Moves Clause: Sleep-inducing moves are banned
|clearpoke
|poke|p1|Great Tusk|
|poke|p1|Iron Valiant|
|poke|p1|Gholdengo|
|poke|p1|Dragapult, F|
|poke|p1|Corviknight, M|
|poke|p1|Kingambit, M|
|poke|p2|Hydrapple, M|
|poke|p2|Skarmory, F|
|poke|p2|Tyranitar, M|
|poke|p2|Alomomola, M|
|poke|p2|Clodsire, M|
|poke|p2|Clefable, F|
|teampreview
|
|t:|1760838895
|teamsize|p1|6
|teamsize|p2|6
|start
|switch|p1a: Gholdengo|Gholdengo|100/100
|switch|p2a: Clefable|Clefable, F|100/100
|-item|p1a: Gholdengo|Air Balloon
|turn|1
|
|t:|1760838899
|switch|p2a: Clodsire|Clodsire, M|100/100
|move|p1a: Gholdengo|Recover||[still]
|-fail|p1a: Gholdengo|heal
|
|upkeep
|turn|2
|c|☆Sweepman Sam|whoops
|
|t:|1760838910
|switch|p1a: Great Tusk|Great Tusk|100/100
|move|p2a: Clodsire|Amnesia|p2a: Clodsire
|-boost|p2a: Clodsire|spd|2
|
|upkeep
|turn|3
|
|t:|1760838917
|switch|p2a: Clefable|Clefable, F|100/100
|move|p1a: Great Tusk|Knock Off|p2a: Clefable
|-resisted|p2a: Clefable
|-damage|p2a: Clefable|90/100
|-enditem|p2a: Clefable|Sticky Barb|[from] move: Knock Off|[of] p1a: Great Tusk
|
|upkeep
|turn|4
|
|t:|1760838926
|move|p1a: Great Tusk|Stealth Rock|p2a: Clefable
|-sidestart|p2: 16xaya|move: Stealth Rock
|move|p2a: Clefable|Knock Off|p1a: Great Tusk
|-resisted|p1a: Great Tusk
|-damage|p1a: Great Tusk|97/100
|-enditem|p1a: Great Tusk|Heavy-Duty Boots|[from] move: Knock Off|[of] p2a: Clefable
|
|upkeep
|turn|5
|inactive|Battle timer is ON: inactive players will automatically lose when time's up. (requested by Sweepman Sam)
|
|t:|1760838934
|-end|p1a: Great Tusk|Protosynthesis|[silent]
|switch|p1a: Gholdengo|Gholdengo|100/100
|-item|p1a: Gholdengo|Air Balloon
|move|p2a: Clefable|Moonblast|p1a: Gholdengo
|-resisted|p1a: Gholdengo
|-damage|p1a: Gholdengo|85/100
|-enditem|p1a: Gholdengo|Air Balloon
|
|upkeep
|turn|6
|
|t:|1760838940
|switch|p2a: Clodsire|Clodsire, M|100/100
|move|p1a: Gholdengo|Make It Rain|p2a: Clodsire
|-damage|p2a: Clodsire|59/100
|-unboost|p1a: Gholdengo|spa|1
|
|upkeep
|turn|7
|
|t:|1760838953
|switch|p1a: Great Tusk|Great Tusk|97/100
|move|p2a: Clodsire|Recover|p2a: Clodsire
|-heal|p2a: Clodsire|100/100
|
|upkeep
|turn|8
|
|t:|1760838959
|switch|p2a: Clefable|Clefable, F|90/100
|move|p1a: Great Tusk|Headlong Rush|p2a: Clefable
|-damage|p2a: Clefable|48/100
|-unboost|p1a: Great Tusk|def|1
|-unboost|p1a: Great Tusk|spd|1
|
|upkeep
|turn|9
|
|t:|1760838965
|-end|p1a: Great Tusk|Protosynthesis|[silent]
|switch|p1a: Corviknight|Corviknight, M|100/100
|-ability|p1a: Corviknight|Pressure
|move|p2a: Clefable|Wish|p2a: Clefable
|
|upkeep
|turn|10
|
|t:|1760838969
|move|p2a: Clefable|Protect|p2a: Clefable
|-singleturn|p2a: Clefable|Protect
|move|p1a: Corviknight|U-turn|p2a: Clefable
|-activate|p2a: Clefable|move: Protect
|
|-heal|p2a: Clefable|98/100|[from] move: Wish|[wisher] Clefable
|upkeep
|turn|11
|
|t:|1760838975
|move|p1a: Corviknight|Brave Bird|p2a: Clefable
|-damage|p2a: Clefable|68/100
|-damage|p1a: Corviknight|91/100|[from] Recoil
|move|p2a: Clefable|Knock Off|p1a: Corviknight
|-crit|p1a: Corviknight
|-damage|p1a: Corviknight|72/100
|-enditem|p1a: Corviknight|Leftovers|[from] move: Knock Off|[of] p2a: Clefable
|
|upkeep
|turn|12
|
|t:|1760838983
|move|p1a: Corviknight|Brave Bird|p2a: Clefable
|-damage|p2a: Clefable|38/100
|-damage|p1a: Corviknight|62/100|[from] Recoil
|move|p2a: Clefable|Wish|p2a: Clefable
|
|upkeep
|turn|13
|
|t:|1760838989
|move|p2a: Clefable|Protect|p2a: Clefable
|-singleturn|p2a: Clefable|Protect
|move|p1a: Corviknight|Roost|p1a: Corviknight
|-heal|p1a: Corviknight|100/100
|-singleturn|p1a: Corviknight|move: Roost
|
|-heal|p2a: Clefable|88/100|[from] move: Wish|[wisher] Clefable
|upkeep
|turn|14
|
|t:|1760839004
|move|p1a: Corviknight|Brave Bird|p2a: Clefable
|-damage|p2a: Clefable|61/100
|-damage|p1a: Corviknight|91/100|[from] Recoil
|move|p2a: Clefable|Knock Off|p1a: Corviknight
|-damage|p1a: Corviknight|84/100
|
|upkeep
|turn|15
|
|t:|1760839010
|move|p1a: Corviknight|Brave Bird|p2a: Clefable
|-damage|p2a: Clefable|35/100
|-damage|p1a: Corviknight|75/100|[from] Recoil
|move|p2a: Clefable|Wish|p2a: Clefable
|
|upkeep
|turn|16
|
|t:|1760839015
|move|p2a: Clefable|Protect|p2a: Clefable
|-singleturn|p2a: Clefable|Protect
|move|p1a: Corviknight|U-turn|p2a: Clefable
|-activate|p2a: Clefable|move: Protect
|
|-heal|p2a: Clefable|85/100|[from] move: Wish|[wisher] Clefable
|upkeep
|turn|17
|
|t:|1760839024
|switch|p2a: Tyranitar|Tyranitar, M|100/100
|-weather|Sandstorm|[from] ability: Sand Stream|[of] p2a: Tyranitar
|move|p1a: Corviknight|Brave Bird|p2a: Tyranitar
|-resisted|p2a: Tyranitar
|-damage|p2a: Tyranitar|87/100
|-damage|p1a: Corviknight|71/100|[from] Recoil
|
|-weather|Sandstorm|[upkeep]
|upkeep
|turn|18
|
|t:|1760839032
|move|p1a: Corviknight|Roost|p1a: Corviknight
|-heal|p1a: Corviknight|100/100
|-singleturn|p1a: Corviknight|move: Roost
|move|p2a: Tyranitar|Stealth Rock|p1a: Corviknight
|-sidestart|p1: Sweepman Sam|move: Stealth Rock
|
|-weather|Sandstorm|[upkeep]
|upkeep
|turn|19
|
|t:|1760839035
|move|p1a: Corviknight|Defog|p2a: Tyranitar
|-unboost|p2a: Tyranitar|evasion|1
|-sideend|p2: 16xaya|Stealth Rock|[from] move: Defog|[of] p1a: Corviknight
|-sideend|p1: Sweepman Sam|Stealth Rock|[from] move: Defog|[of] p1a: Corviknight
|move|p2a: Tyranitar|Knock Off|p1a: Corviknight
|-damage|p1a: Corviknight|77/100
|
|-weather|Sandstorm|[upkeep]
|upkeep
|turn|20
|
|t:|1760839038
|move|p1a: Corviknight|U-turn|p2a: Tyranitar
|-supereffective|p2a: Tyranitar
|-damage|p2a: Tyranitar|64/100
|
|t:|1760839041
|switch|p1a: Great Tusk|Great Tusk|97/100|[from] U-turn
|move|p2a: Tyranitar|Stealth Rock|p1a: Great Tusk
|-sidestart|p1: Sweepman Sam|move: Stealth Rock
|
|-weather|Sandstorm|[upkeep]
|upkeep
|turn|21
|
|t:|1760839059
|switch|p2a: Hydrapple|Hydrapple, M|100/100
|move|p1a: Great Tusk|Rapid Spin|p2a: Hydrapple
|-damage|p2a: Hydrapple|91/100
|-boost|p1a: Great Tusk|spe|1
|-sideend|p1: Sweepman Sam|Stealth Rock|[from] move: Rapid Spin|[of] p1a: Great Tusk
|
|-weather|none
|upkeep
|turn|22
|
|t:|1760839071
|-end|p1a: Great Tusk|Protosynthesis|[silent]
|switch|p1a: Dragapult|Dragapult, F|100/100
|switch|p2a: Alomomola|Alomomola, M, shiny|100/100
|
|upkeep
|turn|23
|
|t:|1760839079
|switch|p2a: Clodsire|Clodsire, M|100/100
|move|p1a: Dragapult|Draco Meteor|p2a: Clodsire
|-damage|p2a: Clodsire|49/100
|-unboost|p1a: Dragapult|spa|2
|
|upkeep
|turn|24
|
|t:|1760839087
|switch|p1a: Great Tusk|Great Tusk|97/100
|move|p2a: Clodsire|Recover|p2a: Clodsire
|-heal|p2a: Clodsire|99/100
|
|upkeep
|turn|25
|
|t:|1760839096
|switch|p2a: Hydrapple|Hydrapple, M|100/100
|move|p1a: Great Tusk|Stealth Rock|p2a: Hydrapple
|-sidestart|p2: 16xaya|move: Stealth Rock
|
|upkeep
|turn|26
|
|t:|1760839106
|-end|p1a: Great Tusk|Protosynthesis|[silent]
|switch|p1a: Iron Valiant|Iron Valiant|100/100
|-enditem|p1a: Iron Valiant|Booster Energy
|-activate|p1a: Iron Valiant|ability: Quark Drive|[fromitem]
|-start|p1a: Iron Valiant|quarkdrivespe
|move|p2a: Hydrapple|Fickle Beam|p1a: Iron Valiant
|-immune|p1a: Iron Valiant
|
|upkeep
|turn|27
|
|t:|1760839113
|switch|p2a: Clodsire|Clodsire, M|99/100
|move|p1a: Iron Valiant|Moonblast|p2a: Clodsire
|-resisted|p2a: Clodsire
|-damage|p2a: Clodsire|87/100
|-unboost|p2a: Clodsire|spa|1
|
|upkeep
|turn|28
|
|t:|1760839120
|move|p1a: Iron Valiant|Knock Off|p2a: Clodsire
|-damage|p2a: Clodsire|61/100
|-enditem|p2a: Clodsire|Heavy-Duty Boots|[from] move: Knock Off|[of] p1a: Iron Valiant
|move|p2a: Clodsire|Toxic|p1a: Iron Valiant
|-status|p1a: Iron Valiant|tox
|
|-damage|p1a: Iron Valiant|94/100 tox|[from] psn
|upkeep
|turn|29
|
|t:|1760839127
|-end|p1a: Iron Valiant|Quark Drive|[silent]
|switch|p1a: Corviknight|Corviknight, M|77/100
|-ability|p1a: Corviknight|Pressure
|move|p2a: Clodsire|Recover|p2a: Clodsire
|-heal|p2a: Clodsire|100/100
|
|upkeep
|turn|30
|
|t:|1760839133
|switch|p2a: Skarmory|Skarmory, F|100/100
|move|p1a: Corviknight|Brave Bird|p2a: Skarmory
|-resisted|p2a: Skarmory
|-damage|p2a: Skarmory|88/100
|-damage|p1a: Corviknight|74/100|[from] Recoil
|
|upkeep
|turn|31
|
|t:|1760839138
|switch|p1a: Iron Valiant|Iron Valiant|94/100 tox
|move|p2a: Skarmory|Spikes|p1a: Iron Valiant
|-sidestart|p1: Sweepman Sam|Spikes
|
|-damage|p1a: Iron Valiant|88/100 tox|[from] psn
|upkeep
|turn|32
|
|t:|1760839140
|switch|p2a: Clodsire|Clodsire, M|100/100
|-damage|p2a: Clodsire|94/100|[from] Stealth Rock
|move|p1a: Iron Valiant|Thunderbolt|p2a: Clodsire
|-immune|p2a: Clodsire
|
|-damage|p1a: Iron Valiant|76/100 tox|[from] psn
|upkeep
|turn|33
|
|t:|1760839150
|-end|p1a: Iron Valiant|Quark Drive|[silent]
|switch|p1a: Corviknight|Corviknight, M|74/100
|-ability|p1a: Corviknight|Pressure
|move|p2a: Clodsire|Toxic|p1a: Corviknight
|-immune|p1a: Corviknight
|
|upkeep
|turn|34
|
|t:|1760839156
|switch|p2a: Skarmory|Skarmory, F|88/100
|move|p1a: Corviknight|Defog|p2a: Skarmory
|-unboost|p2a: Skarmory|evasion|1
|-sideend|p2: 16xaya|Stealth Rock|[from] move: Defog|[of] p1a: Corviknight
|-sideend|p1: Sweepman Sam|Spikes|[from] move: Defog|[of] p1a: Corviknight
|
|upkeep
|turn|35
|
|t:|1760839160
|switch|p1a: Gholdengo|Gholdengo|85/100
|move|p2a: Skarmory|Spikes|p1a: Gholdengo
|-sidestart|p1: Sweepman Sam|Spikes
|
|upkeep
|turn|36
|
|t:|1760839162
|switch|p2a: Clodsire|Clodsire, M|94/100
|move|p1a: Gholdengo|Shadow Ball|p2a: Clodsire
|-damage|p2a: Clodsire|68/100
|
|upkeep
|turn|37
|
|t:|1760839169
|switch|p1a: Corviknight|Corviknight, M|74/100
|-ability|p1a: Corviknight|Pressure
|move|p2a: Clodsire|Earthquake|p1a: Corviknight
|-immune|p1a: Corviknight
|
|upkeep
|turn|38
|
|t:|1760839172
|switch|p2a: Skarmory|Skarmory, F|88/100
|move|p1a: Corviknight|Defog|p2a: Skarmory
|-unboost|p2a: Skarmory|evasion|1
|-sideend|p1: Sweepman Sam|Spikes|[from] move: Defog|[of] p1a: Corviknight
|
|upkeep
|turn|39
|
|t:|1760839185
|switch|p1a: Dragapult|Dragapult, F|100/100
|move|p2a: Skarmory|Body Press|p1a: Dragapult
|-immune|p1a: Dragapult
|
|upkeep
|turn|40
|
|t:|1760839195
|switch|p2a: Tyranitar|Tyranitar, M|64/100
|-weather|Sandstorm|[from] ability: Sand Stream|[of] p2a: Tyranitar
|move|p1a: Dragapult|Fire Blast|p2a: Tyranitar|[miss]
|-miss|p1a: Dragapult|p2a: Tyranitar
|
|-weather|Sandstorm|[upkeep]
|-damage|p1a: Dragapult|95/100|[from] Sandstorm
|upkeep
|turn|41
|
|t:|1760839205
|switch|p1a: Great Tusk|Great Tusk|97/100
|move|p2a: Tyranitar|Stealth Rock|p1a: Great Tusk
|-sidestart|p1: Sweepman Sam|move: Stealth Rock
|
|-weather|Sandstorm|[upkeep]
|upkeep
|turn|42
|
|t:|1760839208
|move|p1a: Great Tusk|Rapid Spin|p2a: Tyranitar
|-resisted|p2a: Tyranitar
|-damage|p2a: Tyranitar|58/100
|-boost|p1a: Great Tusk|spe|1
|-sideend|p1: Sweepman Sam|Stealth Rock|[from] move: Rapid Spin|[of] p1a: Great Tusk
|move|p2a: Tyranitar|Ice Beam|p1a: Great Tusk
|-supereffective|p1a: Great Tusk
|-damage|p1a: Great Tusk|48/100
|
|-weather|Sandstorm|[upkeep]
|upkeep
|turn|43
|
|t:|1760839218
|switch|p2a: Skarmory|Skarmory, F|88/100
|move|p1a: Great Tusk|Headlong Rush|p2a: Skarmory
|-immune|p2a: Skarmory
|
|-weather|Sandstorm|[upkeep]
|upkeep
|turn|44
|
|t:|1760839224
|switch|p2a: Clefable|Clefable, F|85/100
|move|p1a: Great Tusk|Knock Off|p2a: Clefable
|-resisted|p2a: Clefable
|-damage|p2a: Clefable|77/100
|
|-weather|none
|upkeep
|turn|45
|
|t:|1760839230
|move|p1a: Great Tusk|Stealth Rock|p2a: Clefable
|-sidestart|p2: 16xaya|move: Stealth Rock
|move|p2a: Clefable|Moonblast|p1a: Great Tusk
|-supereffective|p1a: Great Tusk
|-damage|p1a: Great Tusk|0 fnt
|faint|p1a: Great Tusk
|-end|p1a: Great Tusk|Protosynthesis|[silent]
|
|upkeep
|
|t:|1760839232
|switch|p1a: Gholdengo|Gholdengo|85/100
|turn|46
|
|t:|1760839247
|move|p2a: Clefable|Protect|p2a: Clefable
|-singleturn|p2a: Clefable|Protect
|move|p1a: Gholdengo|Nasty Plot|p1a: Gholdengo
|-boost|p1a: Gholdengo|spa|2
|
|upkeep
|turn|47
|
|t:|1760839258
|switch|p2a: Skarmory|Skarmory, F|88/100
|move|p1a: Gholdengo|Make It Rain|p2a: Skarmory
|-resisted|p2a: Skarmory
|-crit|p2a: Skarmory
|-damage|p2a: Skarmory|0 fnt
|-unboost|p1a: Gholdengo|spa|1
|faint|p2a: Skarmory
|
|upkeep
|
|t:|1760839263
|switch|p2a: Clodsire|Clodsire, M|68/100
|-damage|p2a: Clodsire|62/100|[from] Stealth Rock
|turn|48
|
|t:|1760839270
|switch|p1a: Corviknight|Corviknight, M|74/100
|-ability|p1a: Corviknight|Pressure
|move|p2a: Clodsire|Recover|p2a: Clodsire
|-heal|p2a: Clodsire|100/100
|
|upkeep
|turn|49
|
|t:|1760839276
|switch|p2a: Tyranitar|Tyranitar, M|58/100
|-weather|Sandstorm|[from] ability: Sand Stream|[of] p2a: Tyranitar
|move|p1a: Corviknight|Brave Bird|p2a: Tyranitar
|-resisted|p2a: Tyranitar
|-damage|p2a: Tyranitar|44/100
|-damage|p1a: Corviknight|69/100|[from] Recoil
|
|-weather|Sandstorm|[upkeep]
|upkeep
|turn|50
|
|t:|1760839283
|move|p1a: Corviknight|Roost|p1a: Corviknight
|-heal|p1a: Corviknight|100/100
|-singleturn|p1a: Corviknight|move: Roost
|move|p2a: Tyranitar|Ice Beam|p1a: Corviknight
|-resisted|p1a: Corviknight
|-damage|p1a: Corviknight|93/100
|
|-weather|Sandstorm|[upkeep]
|upkeep
|turn|51
|
|t:|1760839289
|move|p1a: Corviknight|U-turn|p2a: Tyranitar
|-supereffective|p2a: Tyranitar
|-damage|p2a: Tyranitar|22/100
|
|t:|1760839296
|switch|p1a: Iron Valiant|Iron Valiant|76/100 tox|[from] U-turn
|move|p2a: Tyranitar|Stealth Rock|p1a: Iron Valiant
|-sidestart|p1: Sweepman Sam|move: Stealth Rock
|
|-weather|Sandstorm|[upkeep]
|-damage|p1a: Iron Valiant|69/100 tox|[from] Sandstorm
|-damage|p1a: Iron Valiant|63/100 tox|[from] psn
|upkeep
|turn|52
|
|t:|1760839302
|-end|p1a: Iron Valiant|Quark Drive|[silent]
|switch|p1a: Corviknight|Corviknight, M|93/100
|-damage|p1a: Corviknight|81/100|[from] Stealth Rock
|-ability|p1a: Corviknight|Pressure
|switch|p2a: Clodsire|Clodsire, M|100/100
|-damage|p2a: Clodsire|94/100|[from] Stealth Rock
|
|-weather|Sandstorm|[upkeep]
|upkeep
|turn|53
|
|t:|1760839312
|switch|p2a: Clefable|Clefable, F|77/100
|move|p1a: Corviknight|Defog|p2a: Clefable
|-unboost|p2a: Clefable|evasion|1
|-sideend|p2: 16xaya|Stealth Rock|[from] move: Defog|[of] p1a: Corviknight
|-sideend|p1: Sweepman Sam|Stealth Rock|[from] move: Defog|[of] p1a: Corviknight
|
|-weather|none
|upkeep
|turn|54
|
|t:|1760839318
|move|p1a: Corviknight|Brave Bird|p2a: Clefable
|-damage|p2a: Clefable|47/100
|-damage|p1a: Corviknight|71/100|[from] Recoil
|move|p2a: Clefable|Wish|p2a: Clefable
|
|upkeep
|turn|55
|
|t:|1760839323
|switch|p2a: Tyranitar|Tyranitar, M|22/100
|-weather|Sandstorm|[from] ability: Sand Stream|[of] p2a: Tyranitar
|move|p1a: Corviknight|U-turn|p2a: Tyranitar
|-supereffective|p2a: Tyranitar
|-damage|p2a: Tyranitar|0 fnt
|faint|p2a: Tyranitar
|
|t:|1760839326
|switch|p1a: Iron Valiant|Iron Valiant|63/100 tox|[from] U-turn
|
|-weather|Sandstorm|[upkeep]
|-damage|p1a: Iron Valiant|57/100 tox|[from] Sandstorm
|-damage|p1a: Iron Valiant|51/100 tox|[from] psn
|upkeep
|
|t:|1760839331
|switch|p2a: Clodsire|Clodsire, M|94/100
|turn|56
|
|t:|1760839338
|-end|p1a: Iron Valiant|Quark Drive|[silent]
|switch|p1a: Corviknight|Corviknight, M|71/100
|-ability|p1a: Corviknight|Pressure
|move|p2a: Clodsire|Amnesia|p2a: Clodsire
|-boost|p2a: Clodsire|spd|2
|
|-weather|Sandstorm|[upkeep]
|upkeep
|turn|57
|
|t:|1760839345
|switch|p2a: Clefable|Clefable, F|47/100
|move|p1a: Corviknight|Roost|p1a: Corviknight
|-heal|p1a: Corviknight|100/100
|-singleturn|p1a: Corviknight|move: Roost
|
|-weather|Sandstorm|[upkeep]
|upkeep
|turn|58
|
|t:|1760839349
|move|p1a: Corviknight|Brave Bird|p2a: Clefable
|-damage|p2a: Clefable|18/100
|-damage|p1a: Corviknight|91/100|[from] Recoil
|move|p2a: Clefable|Wish|p2a: Clefable
|
|-weather|Sandstorm|[upkeep]
|upkeep
|turn|59
|
|t:|1760839354
|move|p2a: Clefable|Protect|p2a: Clefable
|-singleturn|p2a: Clefable|Protect
|move|p1a: Corviknight|U-turn|p2a: Clefable
|-activate|p2a: Clefable|move: Protect
|
|-weather|none
|-heal|p2a: Clefable|68/100|[from] move: Wish|[wisher] Clefable
|upkeep
|turn|60
|
|t:|1760839362
|move|p1a: Corviknight|U-turn|p2a: Clefable
|-resisted|p2a: Clefable
|-damage|p2a: Clefable|63/100
|
|t:|1760839366
|switch|p1a: Iron Valiant|Iron Valiant|51/100 tox|[from] U-turn
|move|p2a: Clefable|Wish|p2a: Clefable
|
|-damage|p1a: Iron Valiant|44/100 tox|[from] psn
|upkeep
|turn|61
|
|t:|1760839373
|-end|p1a: Iron Valiant|Quark Drive|[silent]
|switch|p1a: Gholdengo|Gholdengo|85/100
|switch|p2a: Clodsire|Clodsire, M|94/100
|
|-heal|p2a: Clodsire|100/100|[from] move: Wish|[wisher] Clefable
|upkeep
|turn|62
|
|t:|1760839381
|switch|p2a: Hydrapple|Hydrapple, M|100/100
|move|p1a: Gholdengo|Make It Rain|p2a: Hydrapple
|-damage|p2a: Hydrapple|28/100
|-unboost|p1a: Gholdengo|spa|1
|
|upkeep
|turn|63
|
|t:|1760839391
|switch|p2a: Clodsire|Clodsire, M|100/100
|move|p1a: Gholdengo|Make It Rain|p2a: Clodsire
|-damage|p2a: Clodsire|63/100
|-unboost|p1a: Gholdengo|spa|1
|
|upkeep
|turn|64
|
|t:|1760839397
|switch|p1a: Corviknight|Corviknight, M|91/100
|-ability|p1a: Corviknight|Pressure
|move|p2a: Clodsire|Recover|p2a: Clodsire
|-heal|p2a: Clodsire|100/100
|
|upkeep
|turn|65
|
|t:|1760839410
|switch|p2a: Alomomola|Alomomola, M, shiny|100/100
|move|p1a: Corviknight|Brave Bird|p2a: Alomomola
|-damage|p2a: Alomomola|78/100
|-damage|p1a: Corviknight|82/100|[from] Recoil
|
|upkeep
|turn|66
|
|t:|1760839415
|move|p1a: Corviknight|U-turn|p2a: Alomomola
|-crit|p2a: Alomomola
|-damage|p2a: Alomomola|65/100
|
|t:|1760839418
|switch|p1a: Iron Valiant|Iron Valiant|44/100 tox|[from] U-turn
|move|p2a: Alomomola|Flip Turn|p1a: Iron Valiant
|-damage|p1a: Iron Valiant|24/100 tox
|
|t:|1760839425
|switch|p2a: Clodsire|Clodsire, M|100/100|[from] Flip Turn
|
|-damage|p1a: Iron Valiant|17/100 tox|[from] psn
|upkeep
|turn|67
|
|t:|1760839428
|-end|p1a: Iron Valiant|Quark Drive|[silent]
|switch|p1a: Corviknight|Corviknight, M|82/100
|-ability|p1a: Corviknight|Pressure
|move|p2a: Clodsire|Earthquake|p1a: Corviknight
|-immune|p1a: Corviknight
|
|upkeep
|turn|68
|
|t:|1760839431
|switch|p2a: Alomomola|Alomomola, M, shiny|99/100
|move|p1a: Corviknight|Brave Bird|p2a: Alomomola
|-damage|p2a: Alomomola|77/100
|-damage|p1a: Corviknight|73/100|[from] Recoil
|
|upkeep
|turn|69
|
|t:|1760839433
|move|p1a: Corviknight|Roost|p1a: Corviknight
|-heal|p1a: Corviknight|100/100
|-singleturn|p1a: Corviknight|move: Roost
|move|p2a: Alomomola|Flip Turn|p1a: Corviknight
|-damage|p1a: Corviknight|87/100
|
|t:|1760839436
|switch|p2a: Hydrapple|Hydrapple, M|61/100|[from] Flip Turn
|
|upkeep
|turn|70
|
|t:|1760839446
|-terastallize|p2a: Hydrapple|Steel
|move|p1a: Corviknight|Brave Bird|p2a: Hydrapple
|-resisted|p2a: Hydrapple
|-damage|p2a: Hydrapple|51/100
|-damage|p1a: Corviknight|84/100|[from] Recoil
|move|p2a: Hydrapple|Fickle Beam|p1a: Corviknight
|-resisted|p1a: Corviknight
|-damage|p1a: Corviknight|73/100
|
|upkeep
|turn|71
|
|t:|1760839454
|move|p1a: Corviknight|U-turn|p2a: Hydrapple
|-resisted|p2a: Hydrapple
|-damage|p2a: Hydrapple|47/100
|
|t:|1760839459
|switch|p1a: Iron Valiant|Iron Valiant|17/100 tox|[from] U-turn
|move|p2a: Hydrapple|Fickle Beam|p1a: Iron Valiant
|-immune|p1a: Iron Valiant
|
|-damage|p1a: Iron Valiant|11/100 tox|[from] psn
|upkeep
|turn|72
|
|t:|1760839464
|-end|p1a: Iron Valiant|Quark Drive|[silent]
|switch|p1a: Gholdengo|Gholdengo|85/100
|switch|p2a: Clodsire|Clodsire, M|100/100
|
|upkeep
|turn|73
|
|t:|1760839469
|switch|p1a: Corviknight|Corviknight, M|73/100
|-ability|p1a: Corviknight|Pressure
|move|p2a: Clodsire|Amnesia|p2a: Clodsire
|-boost|p2a: Clodsire|spd|2
|
|upkeep
|turn|74
|
|t:|1760839477
|switch|p2a: Alomomola|Alomomola, M, shiny|100/100
|move|p1a: Corviknight|Brave Bird|p2a: Alomomola
|-damage|p2a: Alomomola|79/100
|-damage|p1a: Corviknight|64/100|[from] Recoil
|
|upkeep
|turn|75
|
|t:|1760839482
|move|p1a: Corviknight|Roost|p1a: Corviknight
|-heal|p1a: Corviknight|100/100
|-singleturn|p1a: Corviknight|move: Roost
|move|p2a: Alomomola|Flip Turn|p1a: Corviknight
|-damage|p1a: Corviknight|88/100
|
|t:|1760839488
|switch|p2a: Hydrapple|Hydrapple, M, tera:Steel|80/100|[from] Flip Turn
|
|upkeep
|turn|76
|
|t:|1760839494
|switch|p1a: Iron Valiant|Iron Valiant|11/100 tox
|move|p2a: Hydrapple|Nasty Plot|p2a: Hydrapple
|-boost|p2a: Hydrapple|spa|2
|
|-damage|p1a: Iron Valiant|5/100 tox|[from] psn
|upkeep
|turn|77
|
|t:|1760839501
|switch|p2a: Clodsire|Clodsire, M|100/100
|move|p1a: Iron Valiant|Close Combat|p2a: Clodsire
|-resisted|p2a: Clodsire
|-damage|p2a: Clodsire|72/100
|-unboost|p1a: Iron Valiant|def|1
|-unboost|p1a: Iron Valiant|spd|1
|
|-damage|p1a: Iron Valiant|0 fnt|[from] psn
|faint|p1a: Iron Valiant
|-end|p1a: Iron Valiant|Quark Drive|[silent]
|upkeep
|
|t:|1760839511
|switch|p1a: Gholdengo|Gholdengo|85/100
|turn|78
|
|t:|1760839517
|move|p1a: Gholdengo|Nasty Plot|p1a: Gholdengo
|-boost|p1a: Gholdengo|spa|2
|move|p2a: Clodsire|Earthquake|p1a: Gholdengo
|-supereffective|p1a: Gholdengo
|-damage|p1a: Gholdengo|36/100
|
|upkeep
|turn|79
|
|t:|1760839523
|-terastallize|p1a: Gholdengo|Flying
|move|p1a: Gholdengo|Recover|p1a: Gholdengo
|-heal|p1a: Gholdengo|86/100
|move|p2a: Clodsire|Earthquake|p1a: Gholdengo
|-immune|p1a: Gholdengo
|
|upkeep
|turn|80
|
|t:|1760839530
|move|p1a: Gholdengo|Nasty Plot|p1a: Gholdengo
|-boost|p1a: Gholdengo|spa|2
|move|p2a: Clodsire|Amnesia|p2a: Clodsire
|-boost|p2a: Clodsire|spd|2
|
|upkeep
|turn|81
|
|t:|1760839532
|move|p1a: Gholdengo|Make It Rain|p2a: Clodsire
|-damage|p2a: Clodsire|52/100
|-unboost|p1a: Gholdengo|spa|1
|move|p2a: Clodsire|Amnesia|p2a: Clodsire
|-boost|p2a: Clodsire|spd|2
|
|upkeep
|turn|82
|
|t:|1760839538
|switch|p1a: Corviknight|Corviknight, M|88/100
|-ability|p1a: Corviknight|Pressure
|move|p2a: Clodsire|Toxic|p1a: Corviknight
|-immune|p1a: Corviknight
|
|upkeep
|turn|83
|c|☆Sweepman Sam|ugh
|
|t:|1760839543
|switch|p2a: Alomomola|Alomomola, M, shiny|100/100
|move|p1a: Corviknight|Brave Bird|p2a: Alomomola
|-damage|p2a: Alomomola|76/100
|-damage|p1a: Corviknight|78/100|[from] Recoil
|
|upkeep
|turn|84
|c|☆Sweepman Sam|this boring
|
|t:|1760839549
|move|p1a: Corviknight|Brave Bird|p2a: Alomomola
|-damage|p2a: Alomomola|54/100
|-damage|p1a: Corviknight|70/100|[from] Recoil
|move|p2a: Alomomola|Flip Turn|p1a: Corviknight
|-damage|p1a: Corviknight|56/100
|
|t:|1760839551
|switch|p2a: Hydrapple|Hydrapple, M, tera:Steel|100/100|[from] Flip Turn
|
|upkeep
|turn|85
|
|t:|1760839555
|move|p1a: Corviknight|Roost|p1a: Corviknight
|-heal|p1a: Corviknight|100/100
|-singleturn|p1a: Corviknight|move: Roost
|move|p2a: Hydrapple|Nasty Plot|p2a: Hydrapple
|-boost|p2a: Hydrapple|spa|2
|
|upkeep
|turn|86
|
|t:|1760839558
|move|p1a: Corviknight|Brave Bird|p2a: Hydrapple
|-resisted|p2a: Hydrapple
|-damage|p2a: Hydrapple|89/100
|-damage|p1a: Corviknight|96/100|[from] Recoil
|move|p2a: Hydrapple|Giga Drain|p1a: Corviknight
|-resisted|p1a: Corviknight
|-damage|p1a: Corviknight|85/100
|-heal|p2a: Hydrapple|94/100|[from] drain|[of] p1a: Corviknight
|
|upkeep
|turn|87
|
|t:|1760839563
|move|p1a: Corviknight|U-turn|p2a: Hydrapple
|-resisted|p2a: Hydrapple
|-damage|p2a: Hydrapple|91/100
|
|t:|1760839566
|switch|p1a: Gholdengo|Gholdengo, tera:Flying|86/100|[from] U-turn
|move|p2a: Hydrapple|Nasty Plot|p2a: Hydrapple
|-boost|p2a: Hydrapple|spa|2
|
|upkeep
|turn|88
|
|t:|1760839575
|move|p1a: Gholdengo|Shadow Ball|p2a: Hydrapple
|-damage|p2a: Hydrapple|48/100
|move|p2a: Hydrapple|Fickle Beam|p1a: Gholdengo
|-damage|p1a: Gholdengo|0 fnt
|faint|p1a: Gholdengo
|
|upkeep
|
|t:|1760839580
|switch|p1a: Dragapult|Dragapult, F|95/100
|turn|89
|
|t:|1760839586
|switch|p2a: Clefable|Clefable, F|63/100
|move|p1a: Dragapult|Fire Blast|p2a: Clefable
|-damage|p2a: Clefable|21/100
|
|upkeep
|turn|90
|
|t:|1760839591
|move|p1a: Dragapult|Fire Blast|p2a: Clefable
|-damage|p2a: Clefable|0 fnt
|faint|p2a: Clefable
|
|upkeep
|
|t:|1760839595
|switch|p2a: Clodsire|Clodsire, M|52/100
|turn|91
|
|t:|1760839598
|switch|p1a: Kingambit|Kingambit, M|100/100
|-activate|p1a: Kingambit|ability: Supreme Overlord
|-start|p1a: Kingambit|fallen3|[silent]
|move|p2a: Clodsire|Recover|p2a: Clodsire
|-heal|p2a: Clodsire|100/100
|
|upkeep
|turn|92
|
|t:|1760839604
|-end|p1a: Kingambit|fallen3|[silent]
|switch|p1a: Corviknight|Corviknight, M|85/100
|-ability|p1a: Corviknight|Pressure
|switch|p2a: Hydrapple|Hydrapple, M, tera:Steel|81/100
|
|upkeep
|turn|93
|
|t:|1760839611
|move|p1a: Corviknight|U-turn|p2a: Hydrapple
|-resisted|p2a: Hydrapple
|-damage|p2a: Hydrapple|77/100
|
|t:|1760839614
|switch|p1a: Kingambit|Kingambit, M|100/100|[from] U-turn
|-activate|p1a: Kingambit|ability: Supreme Overlord
|-start|p1a: Kingambit|fallen3|[silent]
|move|p2a: Hydrapple|Earth Power|p1a: Kingambit
|-supereffective|p1a: Kingambit
|-damage|p1a: Kingambit|42/100
|
|-heal|p1a: Kingambit|48/100|[from] item: Leftovers
|upkeep
|turn|94
|
|t:|1760839625
|-end|p1a: Kingambit|fallen3|[silent]
|switch|p1a: Corviknight|Corviknight, M|85/100
|-ability|p1a: Corviknight|Pressure
|move|p2a: Hydrapple|Earth Power|p1a: Corviknight
|-immune|p1a: Corviknight
|
|upkeep
|turn|95
|
|t:|1760839629
|switch|p2a: Alomomola|Alomomola, M, shiny|88/100
|move|p1a: Corviknight|U-turn|p2a: Alomomola
|-damage|p2a: Alomomola|79/100
|
|t:|1760839631
|switch|p1a: Kingambit|Kingambit, M|48/100|[from] U-turn
|-activate|p1a: Kingambit|ability: Supreme Overlord
|-start|p1a: Kingambit|fallen3|[silent]
|
|-heal|p1a: Kingambit|55/100|[from] item: Leftovers
|upkeep
|turn|96
|
|t:|1760839640
|move|p1a: Kingambit|Swords Dance|p1a: Kingambit
|-boost|p1a: Kingambit|atk|2
|move|p2a: Alomomola|Flip Turn|p1a: Kingambit
|-damage|p1a: Kingambit|41/100
|
|t:|1760839641
|switch|p2a: Hydrapple|Hydrapple, M, tera:Steel|100/100|[from] Flip Turn
|
|-heal|p1a: Kingambit|47/100|[from] item: Leftovers
|upkeep
|turn|97
|
|t:|1760839647
|move|p1a: Kingambit|Sucker Punch|p2a: Hydrapple
|-damage|p2a: Hydrapple|37/100
|move|p2a: Hydrapple|Earth Power|p1a: Kingambit
|-supereffective|p1a: Kingambit
|-damage|p1a: Kingambit|0 fnt
|faint|p1a: Kingambit
|-end|p1a: Kingambit|fallen3|[silent]
|
|upkeep
|
|t:|1760839650
|switch|p1a: Dragapult|Dragapult, F|95/100
|turn|98
|
|t:|1760839658
|switch|p2a: Clodsire|Clodsire, M|100/100
|move|p1a: Dragapult|Draco Meteor|p2a: Clodsire
|-damage|p2a: Clodsire|53/100
|-unboost|p1a: Dragapult|spa|2
|
|upkeep
|turn|99
|
|t:|1760839664
|switch|p1a: Corviknight|Corviknight, M|85/100
|-ability|p1a: Corviknight|Pressure
|move|p2a: Clodsire|Amnesia|p2a: Clodsire
|-boost|p2a: Clodsire|spd|2
|
|upkeep
|turn|100
|
|t:|1760839669
|move|p1a: Corviknight|Brave Bird|p2a: Clodsire
|-damage|p2a: Clodsire|17/100
|-damage|p1a: Corviknight|71/100|[from] Recoil
|move|p2a: Clodsire|Recover|p2a: Clodsire
|-heal|p2a: Clodsire|67/100
|
|upkeep
|turn|101
|
|t:|1760839678
|switch|p2a: Alomomola|Alomomola, M, shiny|100/100
|move|p1a: Corviknight|Brave Bird|p2a: Alomomola
|-damage|p2a: Alomomola|79/100
|-damage|p1a: Corviknight|62/100|[from] Recoil
|
|upkeep
|turn|102
|
|t:|1760839683
|move|p1a: Corviknight|Brave Bird|p2a: Alomomola
|-damage|p2a: Alomomola|56/100
|-damage|p1a: Corviknight|54/100|[from] Recoil
|move|p2a: Alomomola|Wish|p2a: Alomomola
|
|upkeep
|turn|103
|
|t:|1760839688
|move|p2a: Alomomola|Protect|p2a: Alomomola
|-singleturn|p2a: Alomomola|Protect
|move|p1a: Corviknight|U-turn|p2a: Alomomola
|-activate|p2a: Alomomola|move: Protect
|
|-heal|p2a: Alomomola|100/100|[from] move: Wish|[wisher] Alomomola
|upkeep
|turn|104
|
|t:|1760839697
|switch|p1a: Dragapult|Dragapult, F|95/100
|move|p2a: Alomomola|Wish|p2a: Alomomola
|
|upkeep
|turn|105
|
|t:|1760839703
|switch|p2a: Clodsire|Clodsire, M|67/100
|move|p1a: Dragapult|Draco Meteor|p2a: Clodsire
|-damage|p2a: Clodsire|14/100
|-unboost|p1a: Dragapult|spa|2
|
|-heal|p2a: Clodsire|65/100|[from] move: Wish|[wisher] Alomomola
|upkeep
|turn|106
|
|t:|1760839723
|switch|p1a: Corviknight|Corviknight, M|54/100
|-ability|p1a: Corviknight|Pressure
|switch|p2a: Hydrapple|Hydrapple, M, tera:Steel|71/100
|
|upkeep
|turn|107
|
|t:|1760839729
|switch|p1a: Dragapult|Dragapult, F|95/100
|move|p2a: Hydrapple|Nasty Plot|p2a: Hydrapple
|-boost|p2a: Hydrapple|spa|2
|
|upkeep
|turn|108
|
|t:|1760839732
|switch|p2a: Clodsire|Clodsire, M|65/100
|move|p1a: Dragapult|Fire Blast|p2a: Clodsire
|-crit|p2a: Clodsire
|-damage|p2a: Clodsire|26/100
|
|upkeep
|turn|109
|
|t:|1760839739
|switch|p1a: Corviknight|Corviknight, M|54/100
|-ability|p1a: Corviknight|Pressure
|move|p2a: Clodsire|Recover|p2a: Clodsire
|-heal|p2a: Clodsire|76/100
|
|upkeep
|turn|110
|c|☆Sweepman Sam|if I have pressure then how'd you get to use Recover 8 times still
|
|t:|1760839765
|switch|p2a: Alomomola|Alomomola, M, shiny|100/100
|move|p1a: Corviknight|Roost|p1a: Corviknight
|-heal|p1a: Corviknight|100/100
|-singleturn|p1a: Corviknight|move: Roost
|
|upkeep
|turn|111
|c|☆Sweepman Sam|!dt unaware
|c| Sweepman Sam|/raw <ul class="utilichart"><li class="result"><span class="col namecol"><a href="https://dex.pokemonshowdown.com/abilities/unaware">Unaware</a></span> <span class="col abilitydesccol">This Pokemon ignores other Pokemon's stat stages when taking or doing damage.</span> </li><li style="clear:both"></li></ul>
|c| Sweepman Sam|/raw <font size="1"><font color="#686868">Gen:</font> 4&nbsp;|&ThickSpace;&#10003; Ignored by Mold Breaker</font>

|inactive|16xaya has 120 seconds left.
|
|t:|1760839799
|switch|p1a: Dragapult|Dragapult, F|95/100
|move|p2a: Alomomola|Flip Turn|p1a: Dragapult
|-resisted|p1a: Dragapult
|-damage|p1a: Dragapult|83/100
|
|t:|1760839802
|switch|p2a: Clodsire|Clodsire, M|76/100|[from] Flip Turn
|
|upkeep
|turn|112
|c|☆Sweepman Sam|whatever
|
|t:|1760839809
|switch|p1a: Corviknight|Corviknight, M|100/100
|-ability|p1a: Corviknight|Pressure
|move|p2a: Clodsire|Amnesia|p2a: Clodsire
|-boost|p2a: Clodsire|spd|2
|
|upkeep
|turn|113
|
|t:|1760839814
|switch|p2a: Alomomola|Alomomola, M, shiny|100/100
|move|p1a: Corviknight|Brave Bird|p2a: Alomomola
|-damage|p2a: Alomomola|77/100
|-damage|p1a: Corviknight|91/100|[from] Recoil
|
|upkeep
|turn|114
|
|t:|1760839819
|move|p1a: Corviknight|U-turn|p2a: Alomomola
|-damage|p2a: Alomomola|68/100
|
|t:|1760839822
|switch|p1a: Dragapult|Dragapult, F|83/100|[from] U-turn
|move|p2a: Alomomola|Flip Turn|p1a: Dragapult
|-resisted|p1a: Dragapult
|-damage|p1a: Dragapult|71/100
|
|t:|1760839838
|switch|p2a: Clodsire|Clodsire, M|76/100|[from] Flip Turn
|
|upkeep
|turn|115
|inactive|16xaya has 120 seconds left.
|
|t:|1760839859
|move|p1a: Dragapult|U-turn|p2a: Clodsire
|-resisted|p2a: Clodsire
|-damage|p2a: Clodsire|68/100
|
|t:|1760839862
|switch|p1a: Corviknight|Corviknight, M|91/100|[from] U-turn
|-ability|p1a: Corviknight|Pressure
|move|p2a: Clodsire|Earthquake|p1a: Corviknight
|-immune|p1a: Corviknight
|
|upkeep
|turn|116
|
|t:|1760839867
|switch|p2a: Alomomola|Alomomola, M, shiny|100/100
|move|p1a: Corviknight|U-turn|p2a: Alomomola
|-damage|p2a: Alomomola|92/100
|
|t:|1760839869
|switch|p1a: Dragapult|Dragapult, F|71/100|[from] U-turn
|
|upkeep
|turn|117
|
|t:|1760839873
|move|p2a: Alomomola|Protect|p2a: Alomomola
|-singleturn|p2a: Alomomola|Protect
|move|p1a: Dragapult|Draco Meteor|p2a: Alomomola
|-activate|p2a: Alomomola|move: Protect
|
|upkeep
|turn|118
|
|t:|1760839882
|switch|p2a: Clodsire|Clodsire, M|68/100
|move|p1a: Dragapult|Draco Meteor|p2a: Clodsire
|-damage|p2a: Clodsire|16/100
|-unboost|p1a: Dragapult|spa|2
|
|upkeep
|turn|119
|inactive|16xaya has 120 seconds left.
|
|t:|1760839901
|switch|p1a: Corviknight|Corviknight, M|91/100
|-ability|p1a: Corviknight|Pressure
|switch|p2a: Hydrapple|Hydrapple, M, tera:Steel|100/100
|
|upkeep
|turn|120
|inactive|16xaya has 120 seconds left.
|inactive|16xaya has 90 seconds left.
|
|t:|1760839941
|switch|p1a: Dragapult|Dragapult, F|71/100
|move|p2a: Hydrapple|Nasty Plot|p2a: Hydrapple
|-boost|p2a: Hydrapple|spa|2
|
|upkeep
|turn|121
|inactive|16xaya has 60 seconds left.
|
|t:|1760839973
|move|p1a: Dragapult|Fire Blast|p2a: Hydrapple
|-supereffective|p2a: Hydrapple
|-damage|p2a: Hydrapple|5/100
|move|p2a: Hydrapple|Fickle Beam|p1a: Dragapult
|-supereffective|p1a: Dragapult
|-damage|p1a: Dragapult|0 fnt
|faint|p1a: Dragapult
|
|upkeep
|c|☆Sweepman Sam|aint no way you survived by 5% thats not justice
|c|☆Sweepman Sam|stall using ass bitch
|inactive|Sweepman Sam has 120 seconds left.
|-message|Sweepman Sam forfeited.
|
|win|16xaya
