|j|☆Madam Ferix
|j|☆ponnyruckus5ds
|t:|1760857803
|gametype|singles
|player|p1|Madam Ferix|nita|1359
|player|p2|ponnyruckus5ds|101|1318
|gen|9
|tier|[Gen 9] OU
|rated|
|rule|HP Percentage Mod: HP is shown in percentages
|rule|Endless Battle Clause: Forcing endless battles is banned
|rule|Species Clause: Limit one of each Pokémon
|rule|OHKO Clause: OHKO moves are banned
|rule|Evasion Items Clause: Evasion items are banned
|rule|Evasion Moves Clause: Evasion moves are banned
|rule|Evasion Abilities Clause: Evasion abilities are banned
|rule|Sleep Moves Clause: Sleep-inducing moves are banned
|clearpoke
|poke|p1|Kyurem|
|poke|p1|Ting-Lu|
|poke|p1|Sinistcha|
|poke|p1|Slowking, M|
|poke|p1|Glimmora, F|
|poke|p1|Tornadus-Therian, M|
|poke|p2|Enamorus, F|
|poke|p2|Gholdengo|
|poke|p2|Ursaluna, F|
|poke|p2|Great Tusk|
|poke|p2|Ogerpon-Wellspring, F|
|poke|p2|Samurott-Hisui, F|
|teampreview
|inactive|Battle timer is ON: inactive players will automatically lose when time's up. (requested by ponnyruckus5ds)
|
|t:|1760857819
|teamsize|p1|6
|teamsize|p2|6
|start
|switch|p1a: Metafestation|Tornadus-Therian, M|100/100
|switch|p2a: Samurott|Samurott-Hisui, F|100/100
|turn|1
|
|t:|1760857826
|move|p1a: Metafestation|U-turn|p2a: Samurott
|-supereffective|p2a: Samurott
|-damage|p2a: Samurott|64/100
|
|t:|1760857830
|switch|p1a: Lesbians are Nigh|Glimmora, F|100/100|[from] U-turn
|move|p2a: Samurott|Ceaseless Edge|p1a: Lesbians are Nigh
|-damage|p1a: Lesbians are Nigh|51/100
|-activate|p1a: Lesbians are Nigh|ability: Toxic Debris
|-sidestart|p2: ponnyruckus5ds|move: Toxic Spikes
|-sidestart|p1: Madam Ferix|Spikes
|
|upkeep
|turn|2
|
|t:|1760857837
|move|p1a: Lesbians are Nigh|Meteor Beam||[still]
|-prepare|p1a: Lesbians are Nigh|Meteor Beam
|-boost|p1a: Lesbians are Nigh|spa|1
|-enditem|p1a: Lesbians are Nigh|Power Herb
|-anim|p1a: Lesbians are Nigh|Meteor Beam|p2a: Samurott
|-damage|p2a: Samurott|0 fnt
|faint|p2a: Samurott
|
|upkeep
|
|t:|1760857846
|switch|p2a: Enamorus|Enamorus, F|100/100
|turn|3
|
|t:|1760857849
|switch|p1a: Metafestation|Tornadus-Therian, M|100/100
|move|p2a: Enamorus|Earth Power|p1a: Metafestation
|-immune|p1a: Metafestation
|
|upkeep
|turn|4
|
|t:|1760857854
|switch|p2a: Gholdengo|Gholdengo|100/100
|move|p1a: Metafestation|U-turn|p2a: Gholdengo
|-resisted|p2a: Gholdengo
|-damage|p2a: Gholdengo|98/100
|
|t:|1760857861
|switch|p1a: Fracture Conjurer|Ting-Lu|100/100|[from] U-turn
|-damage|p1a: Fracture Conjurer|88/100|[from] Spikes
|-ability|p1a: Fracture Conjurer|Vessel of Ruin
|
|-heal|p2a: Gholdengo|100/100|[from] item: Leftovers
|-heal|p1a: Fracture Conjurer|94/100|[from] item: Leftovers
|upkeep
|turn|5
|
|t:|1760857866
|switch|p2a: Enamorus|Enamorus, F|100/100
|move|p1a: Fracture Conjurer|Stealth Rock|p2a: Enamorus
|-sidestart|p2: ponnyruckus5ds|move: Stealth Rock
|
|-heal|p1a: Fracture Conjurer|100/100|[from] item: Leftovers
|upkeep
|turn|6
|
|t:|1760857873
|switch|p1a: Metafestation|Tornadus-Therian, M|100/100
|move|p2a: Enamorus|Moonblast|p1a: Metafestation
|-damage|p1a: Metafestation|62/100
|
|upkeep
|turn|7
|
|t:|1760857878
|move|p2a: Enamorus|Moonblast|p1a: Metafestation
|-damage|p1a: Metafestation|23/100
|move|p1a: Metafestation|U-turn|p2a: Enamorus
|-resisted|p2a: Enamorus
|-damage|p2a: Enamorus|95/100
|
|t:|1760857880
|switch|p1a: Lesbians are Nigh|Glimmora, F|51/100|[from] U-turn
|-damage|p1a: Lesbians are Nigh|38/100|[from] Spikes
|
|upkeep
|turn|8
|
|t:|1760857883
|move|p2a: Enamorus|Moonblast|p1a: Lesbians are Nigh
|-resisted|p1a: Lesbians are Nigh
|-damage|p1a: Lesbians are Nigh|4/100
|move|p1a: Lesbians are Nigh|Mortal Spin|p2a: Enamorus
|-supereffective|p2a: Enamorus
|-damage|p2a: Enamorus|76/100
|-status|p2a: Enamorus|psn
|-sideend|p1: Madam Ferix|Spikes|[from] move: Mortal Spin|[of] p1a: Lesbians are Nigh
|
|-damage|p2a: Enamorus|64/100 psn|[from] psn
|upkeep
|turn|9
|
|t:|1760857890
|switch|p1a: No Laughing Matter|Slowking, M|100/100
|move|p2a: Enamorus|Moonblast|p1a: No Laughing Matter
|-damage|p1a: No Laughing Matter|56/100
|
|-damage|p2a: Enamorus|51/100 psn|[from] psn
|upkeep
|turn|10
|
|t:|1760857893
|move|p2a: Enamorus|Moonblast|p1a: No Laughing Matter
|-damage|p1a: No Laughing Matter|9/100
|move|p1a: No Laughing Matter|Slack Off|p1a: No Laughing Matter
|-heal|p1a: No Laughing Matter|59/100
|
|-damage|p2a: Enamorus|39/100 psn|[from] psn
|upkeep
|turn|11
|
|t:|1760857897
|move|p2a: Enamorus|Moonblast|p1a: No Laughing Matter
|-damage|p1a: No Laughing Matter|16/100
|move|p1a: No Laughing Matter|Slack Off|p1a: No Laughing Matter
|-heal|p1a: No Laughing Matter|66/100
|
|-damage|p2a: Enamorus|26/100 psn|[from] psn
|upkeep
|turn|12
|
|t:|1760857903
|-terastallize|p2a: Enamorus|Stellar
|move|p2a: Enamorus|Moonblast|p1a: No Laughing Matter
|-damage|p1a: No Laughing Matter|4/100
|move|p1a: No Laughing Matter|Slack Off|p1a: No Laughing Matter
|-heal|p1a: No Laughing Matter|54/100
|
|-damage|p2a: Enamorus|14/100 psn|[from] psn
|upkeep
|turn|13
|
|t:|1760857910
|switch|p1a: Lesbians are Nigh|Glimmora, F|4/100
|move|p2a: Enamorus|Moonblast|p1a: Lesbians are Nigh
|-resisted|p1a: Lesbians are Nigh
|-damage|p1a: Lesbians are Nigh|0 fnt
|faint|p1a: Lesbians are Nigh
|
|-damage|p2a: Enamorus|2/100 psn|[from] psn
|upkeep
|
|t:|1760857912
|switch|p1a: Sonic 06 Loading|Kyurem|100/100
|-ability|p1a: Sonic 06 Loading|Pressure
|turn|14
|
|t:|1760857915
|move|p1a: Sonic 06 Loading|Protect|p1a: Sonic 06 Loading
|-singleturn|p1a: Sonic 06 Loading|Protect
|move|p2a: Enamorus|Moonblast|p1a: Sonic 06 Loading
|-activate|p1a: Sonic 06 Loading|move: Protect
|
|-damage|p2a: Enamorus|0 fnt|[from] psn
|faint|p2a: Enamorus
|upkeep
|
|t:|1760857919
|switch|p2a: Gholdengo|Gholdengo|100/100
|-damage|p2a: Gholdengo|94/100|[from] Stealth Rock
|turn|15
|
|t:|1760857923
|switch|p1a: No Laughing Matter|Slowking, M|88/100
|move|p2a: Gholdengo|Make It Rain|p1a: No Laughing Matter
|-resisted|p1a: No Laughing Matter
|-damage|p1a: No Laughing Matter|66/100
|-unboost|p2a: Gholdengo|spa|1
|
|-heal|p2a: Gholdengo|100/100|[from] item: Leftovers
|upkeep
|turn|16
|
|t:|1760857938
|move|p2a: Gholdengo|Thunder Wave|p1a: No Laughing Matter
|-status|p1a: No Laughing Matter|par
|-prepare|p1a: No Laughing Matter|Chilly Reception|[premajor]
|move|p1a: No Laughing Matter|Chilly Reception|p1a: No Laughing Matter
|-weather|Snowscape
|
|t:|1760857944
|switch|p1a: Fracture Conjurer|Ting-Lu|100/100|[from] Chilly Reception
|-ability|p1a: Fracture Conjurer|Vessel of Ruin
|
|-weather|Snowscape|[upkeep]
|upkeep
|turn|17
|
|t:|1760857954
|switch|p2a: Ogerpon|Ogerpon-Wellspring, F|100/100
|-status|p2a: Ogerpon|psn
|-damage|p2a: Ogerpon|88/100 psn|[from] Stealth Rock
|move|p1a: Fracture Conjurer|Earthquake|p2a: Ogerpon
|-resisted|p2a: Ogerpon
|-damage|p2a: Ogerpon|64/100 psn
|
|-weather|Snowscape|[upkeep]
|-damage|p2a: Ogerpon|52/100 psn|[from] psn
|upkeep
|turn|18
|
|t:|1760857970
|switch|p1a: Sonic 06 Loading|Kyurem|100/100
|-ability|p1a: Sonic 06 Loading|Pressure
|move|p2a: Ogerpon|Ivy Cudgel|p1a: Sonic 06 Loading|[anim] Ivy Cudgel Water
|-resisted|p1a: Sonic 06 Loading
|-damage|p1a: Sonic 06 Loading|82/100
|
|-weather|Snowscape|[upkeep]
|-heal|p1a: Sonic 06 Loading|89/100|[from] item: Leftovers
|-damage|p2a: Ogerpon|40/100 psn|[from] psn
|upkeep
|turn|19
|
|t:|1760857976
|move|p1a: Sonic 06 Loading|Protect|p1a: Sonic 06 Loading
|-singleturn|p1a: Sonic 06 Loading|Protect
|move|p2a: Ogerpon|Play Rough|p1a: Sonic 06 Loading
|-activate|p1a: Sonic 06 Loading|move: Protect
|
|-weather|Snowscape|[upkeep]
|-heal|p1a: Sonic 06 Loading|95/100|[from] item: Leftovers
|-damage|p2a: Ogerpon|28/100 psn|[from] psn
|upkeep
|turn|20
|
|t:|1760857982
|move|p2a: Ogerpon|Play Rough|p1a: Sonic 06 Loading
|-supereffective|p1a: Sonic 06 Loading
|-damage|p1a: Sonic 06 Loading|52/100
|move|p1a: Sonic 06 Loading|Substitute|p1a: Sonic 06 Loading
|-start|p1a: Sonic 06 Loading|Substitute
|-damage|p1a: Sonic 06 Loading|27/100
|
|-weather|none
|-heal|p1a: Sonic 06 Loading|33/100|[from] item: Leftovers
|-damage|p2a: Ogerpon|15/100 psn|[from] psn
|upkeep
|turn|21
|
|t:|1760857986
|move|p1a: Sonic 06 Loading|Protect|p1a: Sonic 06 Loading
|-singleturn|p1a: Sonic 06 Loading|Protect
|move|p2a: Ogerpon|Play Rough|p1a: Sonic 06 Loading
|-activate|p1a: Sonic 06 Loading|move: Protect
|
|-heal|p1a: Sonic 06 Loading|39/100|[from] item: Leftovers
|-damage|p2a: Ogerpon|3/100 psn|[from] psn
|upkeep
|turn|22
|
|t:|1760857989
|move|p2a: Ogerpon|Play Rough|p1a: Sonic 06 Loading
|-supereffective|p1a: Sonic 06 Loading
|-end|p1a: Sonic 06 Loading|Substitute
|move|p1a: Sonic 06 Loading|Substitute|p1a: Sonic 06 Loading
|-start|p1a: Sonic 06 Loading|Substitute
|-damage|p1a: Sonic 06 Loading|14/100
|
|-heal|p1a: Sonic 06 Loading|20/100|[from] item: Leftovers
|-damage|p2a: Ogerpon|0 fnt|[from] psn
|faint|p2a: Ogerpon
|upkeep
|
|t:|1760857993
|switch|p2a: Gholdengo|Gholdengo|100/100
|-damage|p2a: Gholdengo|94/100|[from] Stealth Rock
|turn|23
|
|t:|1760857997
|move|p1a: Sonic 06 Loading|Earth Power|p2a: Gholdengo
|-supereffective|p2a: Gholdengo
|-damage|p2a: Gholdengo|40/100
|move|p2a: Gholdengo|Shadow Ball|p1a: Sonic 06 Loading
|-end|p1a: Sonic 06 Loading|Substitute
|
|-heal|p1a: Sonic 06 Loading|26/100|[from] item: Leftovers
|-heal|p2a: Gholdengo|46/100|[from] item: Leftovers
|upkeep
|turn|24
|
|t:|1760858001
|move|p1a: Sonic 06 Loading|Earth Power|p2a: Gholdengo
|-supereffective|p2a: Gholdengo
|-damage|p2a: Gholdengo|0 fnt
|faint|p2a: Gholdengo
|
|-heal|p1a: Sonic 06 Loading|33/100|[from] item: Leftovers
|upkeep
|
|t:|1760858007
|switch|p2a: Ursaluna|Ursaluna, F|100/100
|-status|p2a: Ursaluna|psn
|-damage|p2a: Ursaluna|94/100 psn|[from] Stealth Rock
|turn|25
|
|t:|1760858020
|move|p1a: Sonic 06 Loading|Protect|p1a: Sonic 06 Loading
|-singleturn|p1a: Sonic 06 Loading|Protect
|move|p2a: Ursaluna|Ice Punch|p1a: Sonic 06 Loading
|-activate|p1a: Sonic 06 Loading|move: Protect
|
|-heal|p1a: Sonic 06 Loading|39/100|[from] item: Leftovers
|-damage|p2a: Ursaluna|82/100 psn|[from] psn
|upkeep
|turn|26
|
|t:|1760858026
|move|p1a: Sonic 06 Loading|Substitute|p1a: Sonic 06 Loading
|-start|p1a: Sonic 06 Loading|Substitute
|-damage|p1a: Sonic 06 Loading|14/100
|move|p2a: Ursaluna|Facade|p1a: Sonic 06 Loading
|-crit|p1a: Sonic 06 Loading
|-end|p1a: Sonic 06 Loading|Substitute
|
|-heal|p1a: Sonic 06 Loading|20/100|[from] item: Leftovers
|-damage|p2a: Ursaluna|70/100 psn|[from] psn
|upkeep
|turn|27
|
|t:|1760858028
|move|p1a: Sonic 06 Loading|Protect|p1a: Sonic 06 Loading
|-singleturn|p1a: Sonic 06 Loading|Protect
|move|p2a: Ursaluna|Ice Punch|p1a: Sonic 06 Loading
|-activate|p1a: Sonic 06 Loading|move: Protect
|
|-heal|p1a: Sonic 06 Loading|26/100|[from] item: Leftovers
|-damage|p2a: Ursaluna|57/100 psn|[from] psn
|upkeep
|turn|28
|
|t:|1760858033
|move|p1a: Sonic 06 Loading|Freeze-Dry|p2a: Ursaluna
|-supereffective|p2a: Ursaluna
|-damage|p2a: Ursaluna|0 fnt
|faint|p2a: Ursaluna
|
|-heal|p1a: Sonic 06 Loading|32/100|[from] item: Leftovers
|upkeep
|
|t:|1760858036
|switch|p2a: Great Tusk|Great Tusk|100/100
|turn|29
|
|t:|1760858042
|switch|p1a: Elephant's Foot|Sinistcha|100/100
|move|p2a: Great Tusk|Close Combat|p1a: Elephant's Foot
|-immune|p1a: Elephant's Foot
|
|upkeep
|turn|30
|
|t:|1760858054
|move|p2a: Great Tusk|Head Smash|p1a: Elephant's Foot|[miss]
|-miss|p2a: Great Tusk|p1a: Elephant's Foot
|move|p1a: Elephant's Foot|Matcha Gotcha|p2a: Great Tusk
|-supereffective|p2a: Great Tusk
|-damage|p2a: Great Tusk|0 fnt
|faint|p2a: Great Tusk
|-end|p2a: Great Tusk|Protosynthesis|[silent]
|
|win|Madam Ferix
|raw|Madam Ferix's rating: 1359 &rarr; <strong>1377</strong><br />(+18 for winning)
|raw|ponnyruckus5ds's rating: 1318 &rarr; <strong>1300</strong><br />(-18 for losing)
|l|☆Madam Ferix
|player|p1|
|l|☆ponnyruckus5ds
|player|p2|
