|j|☆Raining Drawing
|j|☆Nomanmake
|t:|1760786819
|gametype|singles
|player|p1|Raining Drawing|rosa|1636
|player|p2|Nomanmake|blue-gen1rb|1611
|gen|9
|tier|[Gen 9] OU
|rated|
|rule|HP Percentage Mod: HP is shown in percentages
|rule|Endless Battle Clause: Forcing endless battles is banned
|rule|Species Clause: Limit one of each Pokémon
|rule|OHKO Clause: OHKO moves are banned
|rule|Evasion Items Clause: Evasion items are banned
|rule|Evasion Moves Clause: Evasion moves are banned
|rule|Evasion Abilities Clause: Evasion abilities are banned
|rule|Sleep Moves Clause: Sleep-inducing moves are banned
|clearpoke
|poke|p1|Ogerpon-Cornerstone, F|
|poke|p1|Hatterene, F|
|poke|p1|Pecharunt|
|poke|p1|Landorus-Therian, M|
|poke|p1|Kingambit, M|
|poke|p1|Latios, M|
|poke|p2|Iron Valiant|
|poke|p2|Hawlucha, F|
|poke|p2|Iron Crown|
|poke|p2|Iron Jugulis|
|poke|p2|Pincurchin, M|
|poke|p2|Raging Bolt|
|teampreview
|inactive|Battle timer is ON: inactive players will automatically lose when time's up. (requested by Raining Drawing)
|inactive|Nomanmake has 120 seconds left.
|
|t:|1760786859
|teamsize|p1|6
|teamsize|p2|6
|start
|switch|p1a: Ogerpon|Ogerpon-Cornerstone, F|100/100
|switch|p2a: Iron Jugulis|Iron Jugulis|100/100
|turn|1
|
|t:|1760786883
|-end|p2a: Iron Jugulis|Quark Drive|[silent]
|switch|p2a: Iron Crown|Iron Crown|100/100
|move|p1a: Ogerpon|Knock Off|p2a: Iron Crown
|-supereffective|p2a: Iron Crown
|-damage|p2a: Iron Crown|15/100
|-enditem|p2a: Iron Crown|Choice Specs|[from] move: Knock Off|[of] p1a: Ogerpon
|
|upkeep
|turn|2
|
|t:|1760786898
|-end|p2a: Iron Crown|Quark Drive|[silent]
|switch|p2a: Pincurchin|Pincurchin, M|100/100
|-fieldstart|move: Electric Terrain|[from] ability: Electric Surge|[of] p2a: Pincurchin
|move|p1a: Ogerpon|Ivy Cudgel|p2a: Pincurchin|[anim] Ivy Cudgel Rock
|-damage|p2a: Pincurchin|53/100
|
|upkeep
|turn|3
|
|t:|1760786914
|switch|p2a: Iron Crown|Iron Crown|15/100
|-activate|p2a: Iron Crown|ability: Quark Drive
|-start|p2a: Iron Crown|quarkdrivespa
|move|p1a: Ogerpon|Power Whip|p2a: Iron Crown
|-resisted|p2a: Iron Crown
|-damage|p2a: Iron Crown|0 fnt
|faint|p2a: Iron Crown
|-end|p2a: Iron Crown|Quark Drive|[silent]
|
|upkeep
|inactive|Nomanmake has 120 seconds left.
|
|t:|1760786925
|switch|p2a: Iron Jugulis|Iron Jugulis|100/100
|-activate|p2a: Iron Jugulis|ability: Quark Drive
|-start|p2a: Iron Jugulis|quarkdrivespe
|turn|4
|
|t:|1760786943
|switch|p1a: Kingambit|Kingambit, M|100/100
|move|p2a: Iron Jugulis|Meteor Beam||[still]
|-prepare|p2a: Iron Jugulis|Meteor Beam
|-boost|p2a: Iron Jugulis|spa|1
|-enditem|p2a: Iron Jugulis|Power Herb
|-anim|p2a: Iron Jugulis|Meteor Beam|p1a: Kingambit
|-resisted|p1a: Kingambit
|-damage|p1a: Kingambit|69/100
|
|-heal|p1a: Kingambit|75/100|[from] item: Leftovers
|upkeep
|turn|5
|
|t:|1760786964
|move|p2a: Iron Jugulis|Earth Power|p1a: Kingambit
|-supereffective|p1a: Kingambit
|-damage|p1a: Kingambit|0 fnt
|faint|p1a: Kingambit
|-end|p1a: Kingambit|fallenundefined|[silent]
|
|upkeep
|
|t:|1760786974
|switch|p1a: Hatterene|Hatterene, F|100/100
|turn|6
|
|t:|1760786981
|move|p2a: Iron Jugulis|Air Slash|p1a: Hatterene
|-damage|p1a: Hatterene|67/100
|cant|p1a: Hatterene|flinch
|
|upkeep
|turn|7
|
|t:|1760786986
|move|p2a: Iron Jugulis|Air Slash|p1a: Hatterene
|-damage|p1a: Hatterene|29/100
|cant|p1a: Hatterene|flinch
|
|upkeep
|turn|8
|c|☆Nomanmake|my bad fam
|
|t:|1760787002
|switch|p1a: Pecharunt|Pecharunt|100/100
|move|p2a: Iron Jugulis|Earth Power|p1a: Pecharunt
|-supereffective|p1a: Pecharunt
|-damage|p1a: Pecharunt|19/100
|
|upkeep
|turn|9
|
|t:|1760787012
|move|p2a: Iron Jugulis|Air Slash|p1a: Pecharunt|[miss]
|-miss|p2a: Iron Jugulis|p1a: Pecharunt
|move|p1a: Pecharunt|Recover|p1a: Pecharunt
|-heal|p1a: Pecharunt|69/100
|
|-fieldend|move: Electric Terrain
|-end|p2a: Iron Jugulis|Quark Drive
|upkeep
|turn|10
|
|t:|1760787032
|move|p2a: Iron Jugulis|Air Slash|p1a: Pecharunt
|-crit|p1a: Pecharunt
|-damage|p1a: Pecharunt|0 fnt
|faint|p1a: Pecharunt
|
|upkeep
|
|t:|1760787037
|switch|p1a: Ogerpon|Ogerpon-Cornerstone, F|100/100
|turn|11
|
|t:|1760787060
|-terastallize|p2a: Iron Jugulis|Ground
|move|p1a: Ogerpon|Ivy Cudgel|p2a: Iron Jugulis|[anim] Ivy Cudgel Rock
|-resisted|p2a: Iron Jugulis
|-damage|p2a: Iron Jugulis|64/100
|move|p2a: Iron Jugulis|Earth Power|p1a: Ogerpon
|-damage|p1a: Ogerpon|17/100
|
|upkeep
|turn|12
|
|t:|1760787071
|-end|p2a: Iron Jugulis|Quark Drive|[silent]
|switch|p2a: Pincurchin|Pincurchin, M|53/100
|-fieldstart|move: Electric Terrain|[from] ability: Electric Surge|[of] p2a: Pincurchin
|move|p1a: Ogerpon|Power Whip|p2a: Pincurchin
|-damage|p2a: Pincurchin|0 fnt
|faint|p2a: Pincurchin
|
|upkeep
|
|t:|1760787081
|switch|p2a: Hawlucha|Hawlucha, F|100/100
|-enditem|p2a: Hawlucha|Electric Seed
|-boost|p2a: Hawlucha|def|1|[from] item: Electric Seed
|turn|13
|
|t:|1760787092
|move|p2a: Hawlucha|Body Slam|p1a: Ogerpon
|-resisted|p1a: Ogerpon
|-damage|p1a: Ogerpon|1/100
|move|p1a: Ogerpon|Ivy Cudgel|p2a: Hawlucha|[anim] Ivy Cudgel Rock
|-damage|p2a: Hawlucha|46/100
|
|upkeep
|turn|14
|
|t:|1760787100
|move|p2a: Hawlucha|Body Slam|p1a: Ogerpon
|-resisted|p1a: Ogerpon
|-damage|p1a: Ogerpon|0 fnt
|faint|p1a: Ogerpon
|
|upkeep
|
|t:|1760787104
|switch|p1a: Latios|Latios, M|100/100
|turn|15
|
|t:|1760787109
|move|p2a: Hawlucha|Acrobatics|p1a: Latios
|-damage|p1a: Latios|34/100
|move|p1a: Latios|Luster Purge|p2a: Hawlucha
|-supereffective|p2a: Hawlucha
|-damage|p2a: Hawlucha|0 fnt
|faint|p2a: Hawlucha
|
|upkeep
|
|t:|1760787115
|switch|p2a: Iron Valiant|Iron Valiant|100/100
|-activate|p2a: Iron Valiant|ability: Quark Drive
|-start|p2a: Iron Valiant|quarkdrivespe
|turn|16
|
|t:|1760787123
|move|p2a: Iron Valiant|Moonblast|p1a: Latios
|-supereffective|p1a: Latios
|-damage|p1a: Latios|0 fnt
|faint|p1a: Latios
|-damage|p2a: Iron Valiant|91/100|[from] item: Life Orb
|
|upkeep
|-message|Raining Drawing forfeited.
|
|win|Nomanmake
|raw|Raining Drawing's rating: 1636 &rarr; <strong>1615</strong><br />(-21 for losing)
|raw|Nomanmake's rating: 1611 &rarr; <strong>1632</strong><br />(+21 for winning)
|l|☆Raining Drawing
|player|p1|
|c|☆Nomanmake|!showteam
|c| Nomanmake|/raw <div class="infobox"><details><summary>View team</summary>Iron Valiant @ Life Orb  <br />Ability: Quark Drive  <br />Tera Type: Ground  <br />EVs: 240 Atk &#x2f; 16 SpA &#x2f; 252 Spe  <br />Naive Nature  <br />- Moonblast  <br />- Close Combat  <br />- Knock Off  <br />- Thunderbolt  <br /><br />Hawlucha (F) @ Electric Seed  <br />Ability: Unburden  <br />Tera Type: Ground  <br />EVs: 72 HP &#x2f; 252 Atk &#x2f; 60 SpD &#x2f; 124 Spe  <br />Adamant Nature  <br />- Acrobatics  <br />- Close Combat  <br />- Body Slam  <br />- Swords Dance  <br /><br />Iron Crown @ Choice Specs  <br />Ability: Quark Drive  <br />Hidden Power: Fighting  <br />Tera Type: Steel  <br />EVs: 252 SpA &#x2f; 4 SpD &#x2f; 252 Spe  <br />Timid Nature  <br />IVs: 20 Atk  <br />- Psyshock  <br />- Psychic Noise  <br />- Tachyon Cutter  <br />- Volt Switch  <br /><br />Iron Jugulis @ Power Herb  <br />Ability: Quark Drive  <br />Tera Type: Ground  <br />EVs: 4 Def &#x2f; 252 SpA &#x2f; 252 Spe  <br />Timid Nature  <br />IVs: 0 Atk  <br />- Meteor Beam  <br />- Earth Power  <br />- Air Slash  <br />- Taunt  <br /><br />Pincurchin @ Terrain Extender  <br />Ability: Electric Surge  <br />Tera Type: Flying  <br />EVs: 252 HP &#x2f; 252 Def &#x2f; 4 SpD  <br />Bold Nature  <br />IVs: 0 Atk  <br />- Electric Terrain  <br />- Scald  <br />- Spikes  <br />- Memento  <br /><br />Raging Bolt @ Electric Seed  <br />Ability: Protosynthesis  <br />Hidden Power: Fighting  <br />Tera Type: Fairy  <br />EVs: 200 HP &#x2f; 252 SpA &#x2f; 56 Spe  <br />Modest Nature  <br />IVs: 20 Atk  <br />- Calm Mind  <br />- Dragon Pulse  <br />- Rising Voltage  <br />- Thunderclap  <br /><br /></details></div>
|l|☆Nomanmake
|player|p2|
