|j|☆Ivanpmd
|j|☆ake 475
|t:|1760876276
|gametype|singles
|player|p1|Ivanpmd|cheren-gen5bw2|1077
|player|p2|ake 475|cynthia|1080
|gen|9
|tier|[Gen 9] OU
|rated|
|rule|HP Percentage Mod: HP is shown in percentages
|rule|Endless Battle Clause: Forcing endless battles is banned
|rule|Species Clause: Limit one of each Pokémon
|rule|OHKO Clause: OHKO moves are banned
|rule|Evasion Items Clause: Evasion items are banned
|rule|Evasion Moves Clause: Evasion moves are banned
|rule|Evasion Abilities Clause: Evasion abilities are banned
|rule|Sleep Moves Clause: Sleep-inducing moves are banned
|clearpoke
|poke|p1|Ninetales, F|
|poke|p1|Great Tusk|
|poke|p1|Raging Bolt|
|poke|p1|Walking Wake|
|poke|p1|Ceruledge, F|
|poke|p1|Venusaur, M|
|poke|p2|Gallade, M|
|poke|p2|Cinderace, M|
|poke|p2|Gengar, M|
|poke|p2|Garchomp, F|
|poke|p2|Greninja-*, M|
|poke|p2|Scizor, F|
|teampreview
|inactive|Battle timer is ON: inactive players will automatically lose when time's up. (requested by Ivanpmd)
|c|☆Ivanpmd|Hi again :)
|inactive|ake 475 has 120 seconds left.
|
|t:|1760876318
|teamsize|p1|6
|teamsize|p2|6
|start
|switch|p1a: Great Tusk|Great Tusk, shiny|100/100
|switch|p2a: Garchomp|Garchomp, F|100/100
|turn|1
|
|t:|1760876326
|move|p2a: Garchomp|Scale Shot|p1a: Great Tusk
|-damage|p1a: Great Tusk|90/100
|-damage|p1a: Great Tusk|81/100
|-hitcount|p1a: Great Tusk|2
|-unboost|p2a: Garchomp|def|1
|-boost|p2a: Garchomp|spe|1
|move|p1a: Great Tusk|Ice Spinner|p2a: Garchomp
|-supereffective|p2a: Garchomp
|-damage|p2a: Garchomp|0 fnt
|-damage|p1a: Great Tusk|68/100|[from] ability: Rough Skin|[of] p2a: Garchomp
|-damage|p1a: Great Tusk|52/100|[from] item: Rocky Helmet|[of] p2a: Garchomp
|faint|p2a: Garchomp
|
|upkeep
|inactive|ake 475 has 120 seconds left.
|
|t:|1760876375
|switch|p2a: Greninja|Greninja, M|100/100
|turn|2
|
|t:|1760876389
|-end|p1a: Great Tusk|Protosynthesis|[silent]
|switch|p1a: Ninetales|Ninetales, F, shiny|100/100
|-weather|SunnyDay|[from] ability: Drought|[of] p1a: Ninetales
|move|p2a: Greninja|Surf|p1a: Ninetales
|-start|p2a: Greninja|typechange|Water|[from] ability: Protean
|-supereffective|p1a: Ninetales
|-damage|p1a: Ninetales|59/100
|
|-weather|SunnyDay|[upkeep]
|upkeep
|turn|3
|
|t:|1760876405
|move|p2a: Greninja|Surf|p1a: Ninetales
|-supereffective|p1a: Ninetales
|-damage|p1a: Ninetales|9/100
|move|p1a: Ninetales|Encore|p2a: Greninja
|-start|p2a: Greninja|Encore
|
|-weather|SunnyDay|[upkeep]
|upkeep
|turn|4
|
|t:|1760876414
|switch|p1a: Lechuga|Venusaur, M, shiny|100/100
|move|p2a: Greninja|Surf|p1a: Lechuga
|-resisted|p1a: Lechuga
|-damage|p1a: Lechuga|90/100
|
|-weather|SunnyDay|[upkeep]
|upkeep
|turn|5
|
|t:|1760876429
|switch|p2a: Gallade|Gallade, M|100/100
|move|p1a: Lechuga|Growth|p1a: Lechuga
|-boost|p1a: Lechuga|atk|2
|-boost|p1a: Lechuga|spa|2
|
|-weather|SunnyDay|[upkeep]
|upkeep
|turn|6
|
|t:|1760876438
|move|p1a: Lechuga|Solar Beam||[still]
|-prepare|p1a: Lechuga|Solar Beam
|-anim|p1a: Lechuga|Solar Beam|p2a: Gallade
|-damage|p2a: Gallade|0 fnt
|faint|p2a: Gallade
|-damage|p1a: Lechuga|80/100|[from] item: Life Orb
|
|-weather|SunnyDay|[upkeep]
|upkeep
|-message|ake 475 forfeited.
|
|win|Ivanpmd
|raw|Ivanpmd's rating: 1077 &rarr; <strong>1106</strong><br />(+29 for winning)
|raw|ake 475's rating: 1080 &rarr; <strong>1058</strong><br />(-22 for losing)
|l|☆ake 475
|player|p2|
