|j|☆151htyrneh
|j|☆Mr Tpen
|t:|1760882010
|gametype|singles
|player|p1|151htyrneh|wallace|1726
|player|p2|Mr Tpen|101|1753
|gen|9
|tier|[Gen 9] OU
|rated|
|rule|HP Percentage Mod: HP is shown in percentages
|rule|Endless Battle Clause: Forcing endless battles is banned
|rule|Species Clause: Limit one of each Pokémon
|rule|OHKO Clause: OHKO moves are banned
|rule|Evasion Items Clause: Evasion items are banned
|rule|Evasion Moves Clause: Evasion moves are banned
|rule|Evasion Abilities Clause: Evasion abilities are banned
|rule|Sleep Moves Clause: Sleep-inducing moves are banned
|clearpoke
|poke|p1|Zapdos|
|poke|p1|Iron Valiant|
|poke|p1|Great Tusk|
|poke|p1|Alomomola, F|
|poke|p1|Slowking-Galar, M|
|poke|p1|Cinderace, F|
|poke|p2|Enamorus, F|
|poke|p2|Kyurem|
|poke|p2|Landorus-Therian, M|
|poke|p2|Kingambit, F|
|poke|p2|Ogerpon-Wellspring, F|
|poke|p2|Glimmora, F|
|teampreview
|inactive|Battle timer is ON: inactive players will automatically lose when time's up. (requested by Mr Tpen)
|
|t:|1760882016
|teamsize|p1|6
|teamsize|p2|6
|start
|switch|p1a: Great Tusk|Great Tusk|100/100
|switch|p2a: Ogerpon|Ogerpon-Wellspring, F|100/100
|turn|1
|
|t:|1760882019
|-end|p1a: Great Tusk|Protosynthesis|[silent]
|switch|p1a: Zapdos|Zapdos|100/100
|move|p2a: Ogerpon|Ivy Cudgel|p1a: Zapdos|[anim] Ivy Cudgel Water
|-damage|p1a: Zapdos|61/100
|
|upkeep
|turn|2
|
|t:|1760882023
|move|p2a: Ogerpon|Knock Off|p1a: Zapdos
|-damage|p1a: Zapdos|33/100
|-damage|p2a: Ogerpon|84/100|[from] item: Rocky Helmet|[of] p1a: Zapdos
|-enditem|p1a: Zapdos|Rocky Helmet|[from] move: Knock Off|[of] p2a: Ogerpon
|move|p1a: Zapdos|Roost|p1a: Zapdos
|-heal|p1a: Zapdos|84/100
|-singleturn|p1a: Zapdos|move: Roost
|
|upkeep
|turn|3
|
|t:|1760882028
|move|p2a: Ogerpon|Ivy Cudgel|p1a: Zapdos|[anim] Ivy Cudgel Water
|-damage|p1a: Zapdos|44/100
|move|p1a: Zapdos|Hurricane|p2a: Ogerpon
|-supereffective|p2a: Ogerpon
|-damage|p2a: Ogerpon|0 fnt
|faint|p2a: Ogerpon
|
|upkeep
|
|t:|1760882032
|switch|p2a: Kyurem|Kyurem|100/100
|-ability|p2a: Kyurem|Pressure
|turn|4
|j| Spud Webbs
|
|t:|1760882046
|switch|p1a: Alomomola|Alomomola, F|100/100
|move|p2a: Kyurem|Draco Meteor|p1a: Alomomola
|-damage|p1a: Alomomola|65/100
|-unboost|p2a: Kyurem|spa|2
|
|upkeep
|turn|5
|
|t:|1760882051
|switch|p2a: Glimmora|Glimmora, F|100/100
|move|p1a: Alomomola|Flip Turn|p2a: Glimmora
|-supereffective|p2a: Glimmora
|-damage|p2a: Glimmora|77/100
|-activate|p2a: Glimmora|ability: Toxic Debris
|-sidestart|p1: 151htyrneh|move: Toxic Spikes
|-enditem|p2a: Glimmora|Red Card|[of] p1a: Alomomola
|drag|p1a: Cinderace|Cinderace, F|100/100
|
|upkeep
|turn|6
|
|t:|1760882054
|move|p1a: Cinderace|U-turn|p2a: Glimmora
|-resisted|p2a: Glimmora
|-damage|p2a: Glimmora|70/100
|-activate|p2a: Glimmora|ability: Toxic Debris
|-sidestart|p1: 151htyrneh|move: Toxic Spikes
|
|t:|1760882055
|switch|p1a: Slowking|Slowking-Galar, M|100/100|[from] U-turn
|-sideend|p1: 151htyrneh|move: Toxic Spikes|[of] p1a: Slowking
|move|p2a: Glimmora|Mortal Spin|p1a: Slowking
|-resisted|p1a: Slowking
|-damage|p1a: Slowking|98/100
|
|upkeep
|turn|7
|
|t:|1760882059
|switch|p2a: Landorus|Landorus-Therian, M|100/100
|-ability|p2a: Landorus|Intimidate|boost
|-unboost|p1a: Slowking|atk|1
|move|p1a: Slowking|Future Sight|p2a: Landorus
|-start|p1a: Slowking|move: Future Sight
|
|upkeep
|turn|8
|
|t:|1760882064
|move|p2a: Landorus|Stealth Rock|p1a: Slowking
|-sidestart|p1: 151htyrneh|move: Stealth Rock
|move|p1a: Slowking|Ice Beam|p2a: Landorus
|-supereffective|p2a: Landorus
|-damage|p2a: Landorus|0 fnt
|faint|p2a: Landorus
|
|upkeep
|
|t:|1760882069
|switch|p2a: Kyurem|Kyurem|100/100
|-ability|p2a: Kyurem|Pressure
|turn|9
|
|t:|1760882072
|move|p2a: Kyurem|Ice Beam|p1a: Slowking
|-damage|p1a: Slowking|60/100
|-prepare|p1a: Slowking|Chilly Reception|[premajor]
|move|p1a: Slowking|Chilly Reception|p1a: Slowking
|-weather|Snowscape
|
|t:|1760882091
|switch|p1a: Alomomola|Alomomola, F|98/100|[from] Chilly Reception
|-damage|p1a: Alomomola|86/100|[from] Stealth Rock
|
|-weather|Snowscape|[upkeep]
|-end|p2a: Kyurem|move: Future Sight
|-damage|p2a: Kyurem|61/100
|upkeep
|turn|10
|
|t:|1760882096
|move|p2a: Kyurem|Ice Beam|p1a: Alomomola
|-resisted|p1a: Alomomola
|-damage|p1a: Alomomola|73/100
|move|p1a: Alomomola|Flip Turn|p2a: Kyurem
|-resisted|p2a: Kyurem
|-damage|p2a: Kyurem|56/100
|
|t:|1760882099
|switch|p1a: Iron Valiant|Iron Valiant|100/100|[from] Flip Turn
|-damage|p1a: Iron Valiant|94/100|[from] Stealth Rock
|
|-weather|Snowscape|[upkeep]
|upkeep
|turn|11
|
|t:|1760882102
|-end|p1a: Iron Valiant|Quark Drive|[silent]
|switch|p1a: Alomomola|Alomomola, F|100/100
|-damage|p1a: Alomomola|88/100|[from] Stealth Rock
|move|p2a: Kyurem|Ice Beam|p1a: Alomomola
|-resisted|p1a: Alomomola
|-damage|p1a: Alomomola|75/100
|
|-weather|Snowscape|[upkeep]
|upkeep
|turn|12
|
|t:|1760882108
|move|p2a: Kyurem|Ice Beam|p1a: Alomomola
|-resisted|p1a: Alomomola
|-damage|p1a: Alomomola|62/100
|move|p1a: Alomomola|Mirror Coat|p2a: Kyurem
|-damage|p2a: Kyurem|22/100
|
|-weather|Snowscape|[upkeep]
|upkeep
|turn|13
|
|t:|1760882112
|switch|p2a: Enamorus|Enamorus, F|100/100
|move|p1a: Alomomola|Flip Turn|p2a: Enamorus
|-damage|p2a: Enamorus|72/100
|
|t:|1760882116
|switch|p1a: Slowking|Slowking-Galar, M|93/100|[from] Flip Turn
|-damage|p1a: Slowking|81/100|[from] Stealth Rock
|
|-weather|none
|upkeep
|turn|14
|
|t:|1760882119
|-terastallize|p2a: Enamorus|Stellar
|move|p2a: Enamorus|Earth Power|p1a: Slowking
|-supereffective|p1a: Slowking
|-enditem|p1a: Slowking|Shuca Berry|[eat]
|-enditem|p1a: Slowking|Shuca Berry|[weaken]
|-damage|p1a: Slowking|49/100
|move|p1a: Slowking|Sludge Bomb|p2a: Enamorus
|-supereffective|p2a: Enamorus
|-damage|p2a: Enamorus|0 fnt
|faint|p2a: Enamorus
|
|upkeep
|
|t:|1760882121
|switch|p2a: Kingambit|Kingambit, F|100/100
|-activate|p2a: Kingambit|ability: Supreme Overlord
|-start|p2a: Kingambit|fallen3|[silent]
|-item|p2a: Kingambit|Air Balloon
|turn|15
|
|t:|1760882137
|move|p2a: Kingambit|Iron Head|p1a: Slowking
|-damage|p1a: Slowking|10/100
|-prepare|p1a: Slowking|Chilly Reception|[premajor]
|move|p1a: Slowking|Chilly Reception|p1a: Slowking
|-weather|Snowscape
|
|t:|1760882140
|switch|p1a: Great Tusk|Great Tusk|100/100|[from] Chilly Reception
|-damage|p1a: Great Tusk|98/100|[from] Stealth Rock
|
|-weather|Snowscape|[upkeep]
|upkeep
|turn|16
|-message|Mr Tpen forfeited.
|
|win|151htyrneh
|raw|151htyrneh's rating: 1726 &rarr; <strong>1748</strong><br />(+22 for winning)
|raw|Mr Tpen's rating: 1753 &rarr; <strong>1731</strong><br />(-22 for losing)
|l|☆Mr Tpen
|player|p2|
|l|☆151htyrneh
|player|p1|
|l| Spud Webbs
