|j|☆JOE MAMA SLICE'S
|j|☆luca1996
|t:|1760723970
|gametype|singles
|player|p1|JOE MAMA SLICE'S|cynthia-masters|1300
|player|p2|luca1996|boarder|1335
|gen|9
|tier|[Gen 9] OU
|rated|
|rule|HP Percentage Mod: HP is shown in percentages
|rule|Endless Battle Clause: Forcing endless battles is banned
|rule|Species Clause: Limit one of each Pokémon
|rule|OHKO Clause: OHKO moves are banned
|rule|Evasion Items Clause: Evasion items are banned
|rule|Evasion Moves Clause: Evasion moves are banned
|rule|Evasion Abilities Clause: Evasion abilities are banned
|rule|Sleep Moves Clause: Sleep-inducing moves are banned
|clearpoke
|poke|p1|Darkrai|
|poke|p1|Great Tusk|
|poke|p1|Moltres|
|poke|p1|Kyurem|
|poke|p1|Slowking, M|
|poke|p1|Weezing-Galar, M|
|poke|p2|Gurdurr, F|
|poke|p2|Araquanid, F|
|poke|p2|Moltres-Galar|
|poke|p2|Entei|
|poke|p2|Hippowdon, M|
|poke|p2|Empoleon, M|
|teampreview
|inactive|Battle timer is ON: inactive players will automatically lose when time's up. (requested by luca1996)
|
|t:|1760724017
|teamsize|p1|6
|teamsize|p2|6
|start
|switch|p1a: Kyurem|Kyurem|100/100
|switch|p2a: Araquanid|Araquanid, F|100/100
|-ability|p1a: Kyurem|Pressure
|turn|1
|
|t:|1760724023
|move|p1a: Kyurem|Freeze-Dry|p2a: Araquanid
|-supereffective|p2a: Araquanid
|-damage|p2a: Araquanid|17/100
|move|p2a: Araquanid|Lunge|p1a: Kyurem
|-damage|p1a: Kyurem|73/100
|-unboost|p1a: Kyurem|atk|1
|
|upkeep
|turn|2
|-enditem|p2a: Araquanid|Custap Berry|[eat]
|-activate|p2a: Araquanid|item: Custap Berry|[consumed]
|
|t:|1760724026
|move|p2a: Araquanid|Sticky Web|p1a: Kyurem
|-sidestart|p1: JOE MAMA SLICE'S|move: Sticky Web
|move|p1a: Kyurem|Freeze-Dry|p2a: Araquanid
|-supereffective|p2a: Araquanid
|-damage|p2a: Araquanid|0 fnt
|faint|p2a: Araquanid
|
|upkeep
|
|t:|1760724034
|switch|p2a: Gurdurr|Gurdurr, F|100/100
|turn|3
|
|t:|1760724038
|switch|p1a: Moltres|Moltres|100/100
|move|p2a: Gurdurr|Knock Off|p1a: Moltres
|-damage|p1a: Moltres|79/100
|-status|p2a: Gurdurr|brn|[from] ability: Flame Body|[of] p1a: Moltres
|-enditem|p1a: Moltres|Heavy-Duty Boots|[from] move: Knock Off|[of] p2a: Gurdurr
|
|-damage|p2a: Gurdurr|94/100 brn|[from] brn
|upkeep
|turn|4
|
|t:|1760724043
|switch|p2a: Moltres|Moltres-Galar|100/100
|move|p1a: Moltres|U-turn|p2a: Moltres
|-damage|p2a: Moltres|82/100
|
|t:|1760724046
|switch|p1a: Weezing|Weezing-Galar, M|100/100|[from] U-turn
|-ability|p1a: Weezing|Neutralizing Gas
|
|upkeep
|turn|5
|
|t:|1760724049
|move|p2a: Moltres|Air Slash|p1a: Weezing
|-damage|p1a: Weezing|50/100
|move|p1a: Weezing|Defog|p2a: Moltres
|-unboost|p2a: Moltres|evasion|1
|-sideend|p1: JOE MAMA SLICE'S|Sticky Web|[from] move: Defog|[of] p1a: Weezing
|
|upkeep
|turn|6
|
|t:|1760724054
|-end|p1a: Weezing|ability: Neutralizing Gas
|switch|p1a: Slowking|Slowking, M|100/100
|move|p2a: Moltres|Air Slash|p1a: Slowking
|-damage|p1a: Slowking|74/100
|
|upkeep
|turn|7
|
|t:|1760724058
|move|p2a: Moltres|Fiery Wrath|p1a: Slowking
|-supereffective|p1a: Slowking
|-damage|p1a: Slowking|9/100
|-prepare|p1a: Slowking|Chilly Reception|[premajor]
|cant|p1a: Slowking|flinch
|
|upkeep
|turn|8
|
|t:|1760724065
|switch|p1a: Weezing|Weezing-Galar, M|50/100
|-ability|p1a: Weezing|Neutralizing Gas
|move|p2a: Moltres|Agility|p2a: Moltres
|-boost|p2a: Moltres|spe|2
|
|upkeep
|turn|9
|
|t:|1760724069
|move|p2a: Moltres|Air Slash|p1a: Weezing
|-damage|p1a: Weezing|1/100
|move|p1a: Weezing|Sludge Bomb|p2a: Moltres
|-damage|p2a: Moltres|57/100
|-status|p2a: Moltres|psn
|
|-damage|p2a: Moltres|45/100 psn|[from] psn
|upkeep
|turn|10
|
|t:|1760724073
|move|p2a: Moltres|Fiery Wrath|p1a: Weezing
|-resisted|p1a: Weezing
|-damage|p1a: Weezing|0 fnt
|faint|p1a: Weezing
|-end|p1a: Weezing|ability: Neutralizing Gas
|
|-damage|p2a: Moltres|32/100 psn|[from] psn
|upkeep
|
|t:|1760724083
|switch|p1a: Darkrai|Darkrai|100/100
|turn|11
|
|t:|1760724087
|move|p2a: Moltres|Air Slash|p1a: Darkrai
|-damage|p1a: Darkrai|54/100
|move|p1a: Darkrai|Ice Beam|p2a: Moltres
|-supereffective|p2a: Moltres
|-damage|p2a: Moltres|0 fnt
|faint|p2a: Moltres
|
|upkeep
|
|t:|1760724090
|switch|p2a: Gurdurr|Gurdurr, F|94/100 brn
|turn|12
|
|t:|1760724094
|switch|p1a: Slowking|Slowking, M|42/100
|move|p2a: Gurdurr|Bulk Up|p2a: Gurdurr
|-boost|p2a: Gurdurr|atk|1
|-boost|p2a: Gurdurr|def|1
|
|-damage|p2a: Gurdurr|88/100 brn|[from] brn
|upkeep
|turn|13
|
|t:|1760724099
|switch|p1a: Moltres|Moltres|79/100
|move|p2a: Gurdurr|Knock Off|p1a: Moltres
|-damage|p1a: Moltres|68/100
|
|-damage|p2a: Gurdurr|82/100 brn|[from] brn
|upkeep
|turn|14
|
|t:|1760724103
|move|p1a: Moltres|Flamethrower|p2a: Gurdurr
|-damage|p2a: Gurdurr|42/100 brn
|move|p2a: Gurdurr|Bulk Up|p2a: Gurdurr
|-boost|p2a: Gurdurr|atk|1
|-boost|p2a: Gurdurr|def|1
|
|-damage|p2a: Gurdurr|36/100 brn|[from] brn
|upkeep
|turn|15
|
|t:|1760724118
|move|p1a: Moltres|Flamethrower|p2a: Gurdurr
|-damage|p2a: Gurdurr|0 fnt
|faint|p2a: Gurdurr
|
|upkeep
|
|t:|1760724123
|switch|p2a: Empoleon|Empoleon, M|100/100
|turn|16
|
|t:|1760724127
|switch|p1a: Slowking|Slowking, M|75/100
|move|p2a: Empoleon|Agility|p2a: Empoleon
|-boost|p2a: Empoleon|spe|2
|
|upkeep
|turn|17
|
|t:|1760724134
|move|p2a: Empoleon|Surf|p1a: Slowking
|-resisted|p1a: Slowking
|-damage|p1a: Slowking|62/100
|move|p1a: Slowking|Future Sight|p2a: Empoleon
|-start|p1a: Slowking|move: Future Sight
|
|upkeep
|turn|18
|
|t:|1760724137
|move|p2a: Empoleon|Flash Cannon|p1a: Slowking
|-resisted|p1a: Slowking
|-damage|p1a: Slowking|49/100
|move|p1a: Slowking|Thunder Wave|p2a: Empoleon|[miss]
|-miss|p1a: Slowking|p2a: Empoleon
|
|upkeep
|turn|19
|
|t:|1760724141
|switch|p2a: Hippowdon|Hippowdon, M|100/100
|move|p1a: Slowking|Thunder Wave|p2a: Hippowdon
|-immune|p2a: Hippowdon
|
|-end|p2a: Hippowdon|move: Future Sight
|-damage|p2a: Hippowdon|66/100
|-heal|p2a: Hippowdon|72/100|[from] item: Leftovers
|upkeep
|turn|20
|
|t:|1760724146
|move|p2a: Hippowdon|Stealth Rock|p1a: Slowking
|-sidestart|p1: JOE MAMA SLICE'S|move: Stealth Rock
|move|p1a: Slowking|Scald|p2a: Hippowdon
|-supereffective|p2a: Hippowdon
|-damage|p2a: Hippowdon|22/100
|
|-heal|p2a: Hippowdon|29/100|[from] item: Leftovers
|upkeep
|turn|21
|
|t:|1760724150
|move|p2a: Hippowdon|Earthquake|p1a: Slowking
|-damage|p1a: Slowking|19/100
|move|p1a: Slowking|Future Sight|p2a: Hippowdon
|-start|p1a: Slowking|move: Future Sight
|
|-heal|p2a: Hippowdon|35/100|[from] item: Leftovers
|upkeep
|turn|22
|
|t:|1760724157
|switch|p1a: Moltres|Moltres|68/100
|-damage|p1a: Moltres|18/100|[from] Stealth Rock
|move|p2a: Hippowdon|Stockpile|p2a: Hippowdon
|-start|p2a: Hippowdon|stockpile1
|-boost|p2a: Hippowdon|def|1
|-boost|p2a: Hippowdon|spd|1
|
|-heal|p2a: Hippowdon|41/100|[from] item: Leftovers
|upkeep
|turn|23
|
|t:|1760724162
|move|p1a: Moltres|Will-O-Wisp|p2a: Hippowdon
|-status|p2a: Hippowdon|brn
|move|p2a: Hippowdon|Body Press|p1a: Moltres
|-resisted|p1a: Moltres
|-damage|p1a: Moltres|12/100
|
|-end|p2a: Hippowdon|move: Future Sight
|-damage|p2a: Hippowdon|16/100 brn
|-heal|p2a: Hippowdon|23/100 brn|[from] item: Leftovers
|-damage|p2a: Hippowdon|16/100 brn|[from] brn
|upkeep
|turn|24
|
|t:|1760724165
|move|p1a: Moltres|Roost|p1a: Moltres
|-heal|p1a: Moltres|62/100
|-singleturn|p1a: Moltres|move: Roost
|move|p2a: Hippowdon|Earthquake|p1a: Moltres
|-supereffective|p1a: Moltres
|-damage|p1a: Moltres|36/100
|
|-heal|p2a: Hippowdon|23/100 brn|[from] item: Leftovers
|-damage|p2a: Hippowdon|16/100 brn|[from] brn
|upkeep
|turn|25
|
|t:|1760724167
|move|p1a: Moltres|Roost|p1a: Moltres
|-heal|p1a: Moltres|86/100
|-singleturn|p1a: Moltres|move: Roost
|move|p2a: Hippowdon|Body Press|p1a: Moltres
|-damage|p1a: Moltres|73/100
|
|-heal|p2a: Hippowdon|23/100 brn|[from] item: Leftovers
|-damage|p2a: Hippowdon|16/100 brn|[from] brn
|upkeep
|turn|26
|
|t:|1760724171
|move|p1a: Moltres|Flamethrower|p2a: Hippowdon
|-damage|p2a: Hippowdon|0 fnt
|faint|p2a: Hippowdon
|
|upkeep
|
|t:|1760724174
|switch|p2a: Entei|Entei|100/100
|turn|27
|
|t:|1760724177
|move|p2a: Entei|Swagger|p1a: Moltres
|-boost|p1a: Moltres|atk|2
|-start|p1a: Moltres|confusion
|-enditem|p2a: Entei|Mirror Herb
|-boost|p2a: Entei|atk|2|[from] item: Mirror Herb
|-activate|p1a: Moltres|confusion
|move|p1a: Moltres|U-turn|p2a: Entei
|-resisted|p2a: Entei
|-damage|p2a: Entei|85/100
|
|t:|1760724181
|switch|p1a: Great Tusk|Great Tusk|100/100|[from] U-turn
|
|upkeep
|turn|28
|
|t:|1760724186
|-terastallize|p2a: Entei|Normal
|move|p2a: Entei|Sacred Fire|p1a: Great Tusk
|-damage|p1a: Great Tusk|28/100
|move|p1a: Great Tusk|Headlong Rush|p2a: Entei
|-damage|p2a: Entei|19/100
|-unboost|p1a: Great Tusk|def|1
|-unboost|p1a: Great Tusk|spd|1
|
|upkeep
|turn|29
|
|t:|1760724195
|-end|p1a: Great Tusk|Protosynthesis|[silent]
|switch|p1a: Slowking|Slowking, M|52/100
|move|p2a: Entei|Stomping Tantrum|p1a: Slowking
|-damage|p1a: Slowking|17/100
|
|upkeep
|turn|30
|
|t:|1760724197
|switch|p1a: Moltres|Moltres|73/100
|-damage|p1a: Moltres|23/100|[from] Stealth Rock
|move|p2a: Entei|Stomping Tantrum|p1a: Moltres
|-immune|p1a: Moltres
|
|upkeep
|turn|31
|
|t:|1760724203
|move|p2a: Entei|Extreme Speed|p1a: Moltres
|-damage|p1a: Moltres|0 fnt
|-status|p2a: Entei|brn|[from] ability: Flame Body|[of] p1a: Moltres
|faint|p1a: Moltres
|
|-damage|p2a: Entei|12/100 brn|[from] brn
|upkeep
|c|☆luca1996|duh
|
|t:|1760724213
|switch|p1a: Slowking|Slowking, M|50/100
|turn|32
|
|t:|1760724216
|move|p2a: Entei|Extreme Speed|p1a: Slowking
|-damage|p1a: Slowking|21/100
|-prepare|p1a: Slowking|Chilly Reception|[premajor]
|move|p1a: Slowking|Chilly Reception|p1a: Slowking
|-weather|Snowscape
|
|t:|1760724219
|switch|p1a: Great Tusk|Great Tusk|28/100|[from] Chilly Reception
|
|-weather|Snowscape|[upkeep]
|-damage|p2a: Entei|6/100 brn|[from] brn
|upkeep
|turn|33
|
|t:|1760724222
|-end|p1a: Great Tusk|Protosynthesis|[silent]
|switch|p1a: Slowking|Slowking, M|54/100
|move|p2a: Entei|Sacred Fire|p1a: Slowking
|-resisted|p1a: Slowking
|-damage|p1a: Slowking|38/100
|-status|p1a: Slowking|brn
|
|-weather|Snowscape|[upkeep]
|-damage|p2a: Entei|0 fnt|[from] brn
|faint|p2a: Entei
|-damage|p1a: Slowking|32/100 brn|[from] brn
|upkeep
|
|t:|1760724224
|switch|p2a: Empoleon|Empoleon, M|100/100
|turn|34
|
|t:|1760724227
|move|p2a: Empoleon|Surf|p1a: Slowking
|-resisted|p1a: Slowking
|-damage|p1a: Slowking|16/100 brn
|move|p1a: Slowking|Thunder Wave|p2a: Empoleon
|-status|p2a: Empoleon|par
|
|-weather|Snowscape|[upkeep]
|-damage|p1a: Slowking|10/100 brn|[from] brn
|upkeep
|turn|35
|
|t:|1760724231
|move|p2a: Empoleon|Surf|p1a: Slowking
|-resisted|p1a: Slowking
|-damage|p1a: Slowking|0 fnt
|faint|p1a: Slowking
|
|-weather|Snowscape|[upkeep]
|upkeep
|
|t:|1760724234
|switch|p1a: Kyurem|Kyurem|73/100
|-damage|p1a: Kyurem|48/100|[from] Stealth Rock
|-ability|p1a: Kyurem|Pressure
|turn|36
|
|t:|1760724240
|-terastallize|p1a: Kyurem|Ice
|move|p1a: Kyurem|Freeze-Dry|p2a: Empoleon
|-damage|p2a: Empoleon|33/100 par
|move|p2a: Empoleon|Agility|p2a: Empoleon
|-boost|p2a: Empoleon|spe|2
|
|-weather|none
|upkeep
|turn|37
|
|t:|1760724244
|move|p1a: Kyurem|Freeze-Dry|p2a: Empoleon
|-damage|p2a: Empoleon|0 fnt
|faint|p2a: Empoleon
|
|win|JOE MAMA SLICE'S
|raw|JOE MAMA SLICE&apos;S's rating: 1300 &rarr; <strong>1328</strong><br />(+28 for winning)
|raw|luca1996's rating: 1335 &rarr; <strong>1313</strong><br />(-22 for losing)
|l|☆luca1996
|player|p2|
|c|☆JOE MAMA SLICE'S|ggs
|l|☆JOE MAMA SLICE'S
|player|p1|
