|j|☆fgnhfgthr
|j|☆Free6lackpanther
|t:|1760849448
|gametype|singles
|player|p1|fgnhfgthr|169|1189
|player|p2|Free6lackpanther|2|1168
|gen|9
|tier|[Gen 9] OU
|rated|
|rule|HP Percentage Mod: HP is shown in percentages
|rule|Endless Battle Clause: Forcing endless battles is banned
|rule|Species Clause: Limit one of each Pokémon
|rule|OHKO Clause: OHKO moves are banned
|rule|Evasion Items Clause: Evasion items are banned
|rule|Evasion Moves Clause: Evasion moves are banned
|rule|Evasion Abilities Clause: Evasion abilities are banned
|rule|Sleep Moves Clause: Sleep-inducing moves are banned
|clearpoke
|poke|p1|Cinderace, F|
|poke|p1|Garganacl, F|
|poke|p1|Great Tusk|
|poke|p1|Goodra-Hisui, M|
|poke|p1|Vikavolt, F|
|poke|p1|Iron Leaves|
|poke|p2|Ogerpon-Wellspring, F|
|poke|p2|Rotom-Wash|
|poke|p2|Scizor, F|
|poke|p2|Zapdos|
|poke|p2|Tyranitar, F|
|poke|p2|Ninetales-Alola, F|
|teampreview
|inactive|Battle timer is ON: inactive players will automatically lose when time's up. (requested by Free6lackpanther)
|inactive|fgnhfgthr also wants the timer to be on.
|
|t:|1760849457
|teamsize|p1|6
|teamsize|p2|6
|start
|switch|p1a: Dr Octopus|Goodra-Hisui, M|100/100
|switch|p2a: Rotom|Rotom-Wash|100/100
|turn|1
|
|t:|1760849467
|switch|p1a: Mysterio|Iron Leaves|100/100
|move|p2a: Rotom|Will-O-Wisp|p1a: Mysterio
|-status|p1a: Mysterio|brn
|
|-damage|p1a: Mysterio|94/100 brn|[from] brn
|upkeep
|turn|2
|
|t:|1760849475
|switch|p2a: Scizor|Scizor, F|100/100
|move|p1a: Mysterio|Swords Dance|p1a: Mysterio
|-boost|p1a: Mysterio|atk|2
|
|-damage|p1a: Mysterio|88/100 brn|[from] brn
|upkeep
|turn|3
|
|t:|1760849494
|move|p1a: Mysterio|Psyblade|p2a: Scizor
|-resisted|p2a: Scizor
|-damage|p2a: Scizor|71/100
|-damage|p1a: Mysterio|78/100 brn|[from] item: Life Orb
|move|p2a: Scizor|Knock Off|p1a: Mysterio
|-supereffective|p1a: Mysterio
|-damage|p1a: Mysterio|0 fnt
|-enditem|p1a: Mysterio|Life Orb|[from] move: Knock Off|[of] p2a: Scizor
|faint|p1a: Mysterio
|-end|p1a: Mysterio|Quark Drive|[silent]
|
|-heal|p2a: Scizor|78/100|[from] item: Leftovers
|upkeep
|
|t:|1760849496
|switch|p1a: Vulture|Cinderace, F|100/100
|turn|4
|
|t:|1760849508
|switch|p2a: Rotom|Rotom-Wash|100/100
|move|p1a: Vulture|Pyro Ball|p2a: Rotom
|-resisted|p2a: Rotom
|-damage|p2a: Rotom|78/100
|-status|p2a: Rotom|brn
|
|-heal|p2a: Rotom|84/100 brn|[from] item: Leftovers
|-damage|p2a: Rotom|78/100 brn|[from] brn
|upkeep
|turn|5
|
|t:|1760849520
|move|p1a: Vulture|U-turn|p2a: Rotom
|-start|p1a: Vulture|typechange|Bug|[from] ability: Libero
|-damage|p2a: Rotom|52/100 brn
|
|t:|1760849524
|switch|p1a: Dr Octopus|Goodra-Hisui, M|100/100|[from] U-turn
|move|p2a: Rotom|Hydro Pump|p1a: Dr Octopus
|-resisted|p1a: Dr Octopus
|-damage|p1a: Dr Octopus|87/100
|
|-heal|p2a: Rotom|58/100 brn|[from] item: Leftovers
|-heal|p1a: Dr Octopus|93/100|[from] item: Leftovers
|-damage|p2a: Rotom|52/100 brn|[from] brn
|upkeep
|turn|6
|
|t:|1760849535
|move|p2a: Rotom|Will-O-Wisp|p1a: Dr Octopus
|-status|p1a: Dr Octopus|brn
|move|p1a: Dr Octopus|Flash Cannon|p2a: Rotom
|-resisted|p2a: Rotom
|-damage|p2a: Rotom|41/100 brn
|
|-heal|p2a: Rotom|48/100 brn|[from] item: Leftovers
|-heal|p1a: Dr Octopus|99/100 brn|[from] item: Leftovers
|-damage|p2a: Rotom|41/100 brn|[from] brn
|-damage|p1a: Dr Octopus|93/100 brn|[from] brn
|upkeep
|turn|7
|
|t:|1760849545
|move|p2a: Rotom|Volt Switch|p1a: Dr Octopus
|-resisted|p1a: Dr Octopus
|-damage|p1a: Dr Octopus|85/100 brn
|
|t:|1760849552
|switch|p2a: Tyranitar|Tyranitar, F|100/100|[from] Volt Switch
|-weather|Sandstorm|[from] ability: Sand Stream|[of] p2a: Tyranitar
|move|p1a: Dr Octopus|Dragon Pulse|p2a: Tyranitar
|-damage|p2a: Tyranitar|71/100
|
|-weather|Sandstorm|[upkeep]
|-heal|p2a: Tyranitar|77/100|[from] item: Leftovers
|-heal|p1a: Dr Octopus|91/100 brn|[from] item: Leftovers
|-damage|p1a: Dr Octopus|85/100 brn|[from] brn
|upkeep
|turn|8
|
|t:|1760849565
|switch|p1a: Kraven|Great Tusk|100/100
|-enditem|p1a: Kraven|Booster Energy
|-activate|p1a: Kraven|ability: Protosynthesis|[fromitem]
|-start|p1a: Kraven|protosynthesisatk
|move|p2a: Tyranitar|Dragon Dance|p2a: Tyranitar
|-boost|p2a: Tyranitar|atk|1
|-boost|p2a: Tyranitar|spe|1
|
|-weather|Sandstorm|[upkeep]
|-heal|p2a: Tyranitar|83/100|[from] item: Leftovers
|upkeep
|turn|9
|
|t:|1760849584
|switch|p2a: Rotom|Rotom-Wash|41/100 brn
|move|p1a: Kraven|Close Combat|p2a: Rotom
|-damage|p2a: Rotom|0 fnt
|-unboost|p1a: Kraven|def|1
|-unboost|p1a: Kraven|spd|1
|faint|p2a: Rotom
|
|-weather|Sandstorm|[upkeep]
|upkeep
|
|t:|1760849596
|switch|p2a: Zapdos|Zapdos|100/100
|turn|10
|
|t:|1760849605
|-end|p1a: Kraven|Protosynthesis|[silent]
|switch|p1a: Dr Octopus|Goodra-Hisui, M|85/100 brn
|move|p2a: Zapdos|Hurricane|p1a: Dr Octopus
|-resisted|p1a: Dr Octopus
|-damage|p1a: Dr Octopus|63/100 brn
|
|-weather|Sandstorm|[upkeep]
|-damage|p2a: Zapdos|94/100|[from] Sandstorm
|-heal|p2a: Zapdos|100/100|[from] item: Leftovers
|-heal|p1a: Dr Octopus|69/100 brn|[from] item: Leftovers
|-damage|p1a: Dr Octopus|63/100 brn|[from] brn
|upkeep
|turn|11
|
|t:|1760849616
|move|p2a: Zapdos|Volt Switch|p1a: Dr Octopus
|-resisted|p1a: Dr Octopus
|-damage|p1a: Dr Octopus|50/100 brn
|
|t:|1760849620
|switch|p2a: Scizor|Scizor, F|78/100|[from] Volt Switch
|move|p1a: Dr Octopus|Dragon Pulse|p2a: Scizor
|-resisted|p2a: Scizor
|-damage|p2a: Scizor|54/100
|
|-weather|none
|-heal|p2a: Scizor|60/100|[from] item: Leftovers
|-heal|p1a: Dr Octopus|56/100 brn|[from] item: Leftovers
|-damage|p1a: Dr Octopus|50/100 brn|[from] brn
|upkeep
|turn|12
|
|t:|1760849633
|switch|p1a: Kraven|Great Tusk|100/100
|move|p2a: Scizor|Knock Off|p1a: Kraven
|-resisted|p1a: Kraven
|-damage|p1a: Kraven|92/100
|
|-heal|p2a: Scizor|66/100|[from] item: Leftovers
|upkeep
|turn|13
|
|t:|1760849643
|switch|p2a: Zapdos|Zapdos|100/100
|move|p1a: Kraven|Ice Spinner|p2a: Zapdos
|-supereffective|p2a: Zapdos
|-damage|p2a: Zapdos|41/100
|
|-heal|p2a: Zapdos|47/100|[from] item: Leftovers
|upkeep
|turn|14
|
|t:|1760849652
|-end|p1a: Kraven|Protosynthesis|[silent]
|switch|p1a: Dr Octopus|Goodra-Hisui, M|50/100 brn
|move|p2a: Zapdos|Roost|p2a: Zapdos
|-heal|p2a: Zapdos|97/100
|-singleturn|p2a: Zapdos|move: Roost
|
|-heal|p2a: Zapdos|100/100|[from] item: Leftovers
|-heal|p1a: Dr Octopus|56/100 brn|[from] item: Leftovers
|-damage|p1a: Dr Octopus|50/100 brn|[from] brn
|upkeep
|turn|15
|
|t:|1760849664
|switch|p1a: Sandman|Garganacl, F|100/100
|move|p2a: Zapdos|Heat Wave|p1a: Sandman
|-resisted|p1a: Sandman
|-damage|p1a: Sandman|84/100
|
|-heal|p1a: Sandman|90/100|[from] item: Leftovers
|upkeep
|turn|16
|
|t:|1760849674
|move|p2a: Zapdos|Volt Switch|p1a: Sandman
|-damage|p1a: Sandman|56/100
|
|t:|1760849679
|switch|p2a: Ogerpon|Ogerpon-Wellspring, F|100/100|[from] Volt Switch
|move|p1a: Sandman|Salt Cure|p2a: Ogerpon
|-damage|p2a: Ogerpon|82/100
|-start|p2a: Ogerpon|Salt Cure
|
|-heal|p1a: Sandman|63/100|[from] item: Leftovers
|-damage|p2a: Ogerpon|57/100|[from] Salt Cure
|upkeep
|turn|17
|
|t:|1760849689
|move|p1a: Sandman|Protect|p1a: Sandman
|-singleturn|p1a: Sandman|Protect
|move|p2a: Ogerpon|Horn Leech|p1a: Sandman
|-activate|p1a: Sandman|move: Protect
|
|-heal|p1a: Sandman|69/100|[from] item: Leftovers
|-damage|p2a: Ogerpon|32/100|[from] Salt Cure
|upkeep
|turn|18
|
|t:|1760849700
|switch|p2a: Zapdos|Zapdos|100/100
|switch|p1a: Vulture|Cinderace, F|100/100
|
|upkeep
|turn|19
|
|t:|1760849706
|move|p1a: Vulture|Pyro Ball|p2a: Zapdos
|-damage|p2a: Zapdos|40/100
|move|p2a: Zapdos|Volt Switch|p1a: Vulture
|-damage|p1a: Vulture|42/100
|
|t:|1760849713
|switch|p2a: Ninetales|Ninetales-Alola, F|100/100|[from] Volt Switch
|-weather|Snowscape|[from] ability: Snow Warning|[of] p2a: Ninetales
|
|-weather|Snowscape|[upkeep]
|upkeep
|turn|20
|
|t:|1760849720
|move|p1a: Vulture|Pyro Ball|p2a: Ninetales
|-supereffective|p2a: Ninetales
|-damage|p2a: Ninetales|0 fnt
|faint|p2a: Ninetales
|
|-weather|Snowscape|[upkeep]
|upkeep
|
|t:|1760849729
|switch|p2a: Scizor|Scizor, F|66/100
|turn|21
|
|t:|1760849732
|move|p2a: Scizor|Bullet Punch|p1a: Vulture
|-resisted|p1a: Vulture
|-damage|p1a: Vulture|20/100
|move|p1a: Vulture|Pyro Ball|p2a: Scizor
|-supereffective|p2a: Scizor
|-damage|p2a: Scizor|0 fnt
|faint|p2a: Scizor
|
|-weather|Snowscape|[upkeep]
|upkeep
|
|t:|1760849743
|switch|p2a: Tyranitar|Tyranitar, F|83/100
|-weather|Sandstorm|[from] ability: Sand Stream|[of] p2a: Tyranitar
|turn|22
|
|t:|1760849747
|move|p1a: Vulture|High Jump Kick|p2a: Tyranitar
|-start|p1a: Vulture|typechange|Fighting|[from] ability: Libero
|-supereffective|p2a: Tyranitar
|-damage|p2a: Tyranitar|0 fnt
|faint|p2a: Tyranitar
|
|-weather|Sandstorm|[upkeep]
|-damage|p1a: Vulture|14/100|[from] Sandstorm
|upkeep
|
|t:|1760849756
|switch|p2a: Zapdos|Zapdos|40/100
|turn|23
|
|t:|1760849760
|move|p1a: Vulture|Pyro Ball|p2a: Zapdos
|-damage|p2a: Zapdos|0 fnt
|faint|p2a: Zapdos
|
|-weather|Sandstorm|[upkeep]
|-damage|p1a: Vulture|8/100|[from] Sandstorm
|upkeep
|-message|Free6lackpanther forfeited.
|
|win|fgnhfgthr
|raw|fgnhfgthr's rating: 1217 &rarr; <strong>1238</strong><br />(+21 for winning)
|raw|Free6lackpanther's rating: 1168 &rarr; <strong>1147</strong><br />(-21 for losing)
|l|☆Free6lackpanther
|player|p2|
|l|☆fgnhfgthr
|player|p1|
