|j|☆Niccommoc
|j|☆Pikka888
|t:|1760761655
|gametype|singles
|player|p1|Niccommoc|265|1338
|player|p2|Pikka888|1|1319
|gen|9
|tier|[Gen 9] OU
|rated|
|rule|HP Percentage Mod: HP is shown in percentages
|rule|Endless Battle Clause: Forcing endless battles is banned
|rule|Species Clause: Limit one of each Pokémon
|rule|OHKO Clause: OHKO moves are banned
|rule|Evasion Items Clause: Evasion items are banned
|rule|Evasion Moves Clause: Evasion moves are banned
|rule|Evasion Abilities Clause: Evasion abilities are banned
|rule|Sleep Moves Clause: Sleep-inducing moves are banned
|clearpoke
|poke|p1|Weavile, F|
|poke|p1|Dragonite, F|
|poke|p1|Gliscor, F|
|poke|p1|Clefable, F|
|poke|p1|Corviknight, F|
|poke|p1|Ting-Lu|
|poke|p2|Gyarados, M|
|poke|p2|Skarmory, F|
|poke|p2|Gholdengo|
|poke|p2|Great Tusk|
|poke|p2|Iron Boulder|
|poke|p2|Iron Valiant|
|teampreview
|
|t:|1760761667
|teamsize|p1|6
|teamsize|p2|6
|start
|switch|p1a: Corviknight|Corviknight, F|100/100
|switch|p2a: Skarmory|Skarmory, F|100/100
|-ability|p1a: Corviknight|Pressure
|turn|1
|
|t:|1760761673
|switch|p1a: Ting-Lu|Ting-Lu|100/100
|-ability|p1a: Ting-Lu|Vessel of Ruin
|move|p2a: Skarmory|Stealth Rock|p1a: Ting-Lu
|-sidestart|p1: Niccommoc|move: Stealth Rock
|
|upkeep
|turn|2
|
|t:|1760761677
|move|p2a: Skarmory|Taunt|p1a: Ting-Lu
|-start|p1a: Ting-Lu|move: Taunt
|cant|p1a: Ting-Lu|move: Taunt|Stealth Rock
|
|upkeep
|turn|3
|
|t:|1760761680
|move|p2a: Skarmory|Spikes|p1a: Ting-Lu
|-sidestart|p1: Niccommoc|Spikes
|move|p1a: Ting-Lu|Ruination|p2a: Skarmory
|-damage|p2a: Skarmory|51/100
|
|upkeep
|turn|4
|
|t:|1760761688
|move|p2a: Skarmory|Spikes|p1a: Ting-Lu
|-sidestart|p1: Niccommoc|Spikes
|move|p1a: Ting-Lu|Ruination|p2a: Skarmory
|-damage|p2a: Skarmory|26/100
|
|-end|p1a: Ting-Lu|move: Taunt
|upkeep
|turn|5
|
|t:|1760761692
|move|p2a: Skarmory|Taunt|p1a: Ting-Lu
|-start|p1a: Ting-Lu|move: Taunt
|move|p1a: Ting-Lu|Ruination|p2a: Skarmory
|-damage|p2a: Skarmory|13/100
|
|upkeep
|turn|6
|-enditem|p2a: Skarmory|Custap Berry|[eat]
|-activate|p2a: Skarmory|item: Custap Berry|[consumed]
|
|t:|1760761705
|switch|p1a: Weavile|Weavile, F|100/100
|-ability|p1a: Weavile|Pressure
|move|p2a: Skarmory|Spikes|p1a: Weavile
|-sidestart|p1: Niccommoc|Spikes
|
|upkeep
|turn|7
|
|t:|1760761715
|move|p1a: Weavile|Knock Off|p2a: Skarmory
|-damage|p2a: Skarmory|0 fnt
|faint|p2a: Skarmory
|
|upkeep
|
|t:|1760761738
|switch|p2a: Iron Valiant|Iron Valiant, shiny|100/100
|-enditem|p2a: Iron Valiant|Booster Energy
|-activate|p2a: Iron Valiant|ability: Quark Drive|[fromitem]
|-start|p2a: Iron Valiant|quarkdrivespe
|turn|8
|
|t:|1760761750
|switch|p1a: Clefable|Clefable, F|100/100
|move|p2a: Iron Valiant|Knock Off|p1a: Clefable
|-resisted|p1a: Clefable
|-damage|p1a: Clefable|89/100
|-enditem|p1a: Clefable|Heavy-Duty Boots|[from] move: Knock Off|[of] p2a: Iron Valiant
|
|upkeep
|turn|9
|
|t:|1760761765
|move|p2a: Iron Valiant|Moonblast|p1a: Clefable
|-damage|p1a: Clefable|46/100
|-unboost|p1a: Clefable|spa|1
|move|p1a: Clefable|Moonblast|p2a: Iron Valiant
|-supereffective|p2a: Iron Valiant
|-damage|p2a: Iron Valiant|21/100
|
|upkeep
|turn|10
|
|t:|1760761773
|-terastallize|p1a: Clefable|Poison
|move|p2a: Iron Valiant|Moonblast|p1a: Clefable
|-resisted|p1a: Clefable
|-damage|p1a: Clefable|25/100
|move|p1a: Clefable|Moonlight|p1a: Clefable
|-heal|p1a: Clefable|75/100
|
|upkeep
|turn|11
|
|t:|1760761784
|-end|p2a: Iron Valiant|Quark Drive|[silent]
|switch|p2a: Gholdengo|Gholdengo|100/100
|move|p1a: Clefable|Moonblast|p2a: Gholdengo
|-resisted|p2a: Gholdengo
|-damage|p2a: Gholdengo|88/100
|-unboost|p2a: Gholdengo|spa|1
|
|upkeep
|turn|12
|
|t:|1760761794
|move|p2a: Gholdengo|Trick|p1a: Clefable
|-activate|p2a: Gholdengo|move: Trick|[of] p1a: Clefable
|-item|p1a: Clefable|Choice Scarf|[from] move: Trick
|-enditem|p2a: Gholdengo|Choice Scarf|[silent]|[from] move: Trick
|move|p1a: Clefable|Calm Mind|p1a: Clefable
|-boost|p1a: Clefable|spa|1
|-boost|p1a: Clefable|spd|1
|
|upkeep
|turn|13
|
|t:|1760761806
|switch|p2a: Gyarados|Gyarados, M|100/100
|switch|p1a: Ting-Lu|Ting-Lu|100/100
|-damage|p1a: Ting-Lu|94/100|[from] Stealth Rock
|-damage|p1a: Ting-Lu|69/100|[from] Spikes
|-ability|p1a: Ting-Lu|Vessel of Ruin
|
|-heal|p1a: Ting-Lu|75/100|[from] item: Leftovers
|upkeep
|turn|14
|
|t:|1760761812
|move|p2a: Gyarados|Substitute|p2a: Gyarados
|-start|p2a: Gyarados|Substitute
|-damage|p2a: Gyarados|76/100
|move|p1a: Ting-Lu|Stealth Rock|p2a: Gyarados
|-sidestart|p2: Pikka888|move: Stealth Rock
|
|-heal|p2a: Gyarados|82/100|[from] item: Leftovers
|-heal|p1a: Ting-Lu|82/100|[from] item: Leftovers
|upkeep
|turn|15
|
|t:|1760761815
|move|p2a: Gyarados|Dragon Dance|p2a: Gyarados
|-boost|p2a: Gyarados|atk|1
|-boost|p2a: Gyarados|spe|1
|move|p1a: Ting-Lu|Ruination|p2a: Gyarados|[miss]
|-miss|p1a: Ting-Lu|p2a: Gyarados
|
|-heal|p2a: Gyarados|88/100|[from] item: Leftovers
|-heal|p1a: Ting-Lu|88/100|[from] item: Leftovers
|upkeep
|turn|16
|
|t:|1760761822
|move|p2a: Gyarados|Waterfall|p1a: Ting-Lu
|-supereffective|p1a: Ting-Lu
|-damage|p1a: Ting-Lu|15/100
|move|p1a: Ting-Lu|Ruination|p2a: Gyarados|[miss]
|-miss|p1a: Ting-Lu|p2a: Gyarados
|
|-heal|p2a: Gyarados|94/100|[from] item: Leftovers
|-heal|p1a: Ting-Lu|22/100|[from] item: Leftovers
|upkeep
|turn|17
|c|☆Niccommoc|No way
|
|t:|1760761838
|move|p2a: Gyarados|Waterfall|p1a: Ting-Lu
|-supereffective|p1a: Ting-Lu
|-damage|p1a: Ting-Lu|0 fnt
|faint|p1a: Ting-Lu
|-ability|p2a: Gyarados|Moxie|boost
|-boost|p2a: Gyarados|atk|1
|
|-heal|p2a: Gyarados|99/100|[from] item: Leftovers
|upkeep
|
|t:|1760761846
|switch|p1a: Corviknight|Corviknight, F|100/100
|-damage|p1a: Corviknight|88/100|[from] Stealth Rock
|-ability|p1a: Corviknight|Pressure
|turn|18
|
|t:|1760761851
|move|p2a: Gyarados|Waterfall|p1a: Corviknight
|-damage|p1a: Corviknight|27/100
|-damage|p2a: Gyarados|83/100|[from] item: Rocky Helmet|[of] p1a: Corviknight
|cant|p1a: Corviknight|flinch
|
|-heal|p2a: Gyarados|89/100|[from] item: Leftovers
|upkeep
|turn|19
|c|☆Pikka888|Lol
|
|t:|1760761872
|move|p2a: Gyarados|Waterfall|p1a: Corviknight
|-damage|p1a: Corviknight|0 fnt
|-damage|p2a: Gyarados|73/100|[from] item: Rocky Helmet|[of] p1a: Corviknight
|faint|p1a: Corviknight
|-ability|p2a: Gyarados|Moxie|boost
|-boost|p2a: Gyarados|atk|1
|
|-heal|p2a: Gyarados|79/100|[from] item: Leftovers
|upkeep
|
|t:|1760761876
|switch|p1a: Clefable|Clefable, F, tera:Poison|75/100
|-damage|p1a: Clefable|63/100|[from] Stealth Rock
|-damage|p1a: Clefable|38/100|[from] Spikes
|turn|20
|
|t:|1760761880
|move|p2a: Gyarados|Waterfall|p1a: Clefable
|-damage|p1a: Clefable|5/100
|cant|p1a: Clefable|flinch
|
|-heal|p2a: Gyarados|85/100|[from] item: Leftovers
|upkeep
|turn|21
|c|☆Niccommoc|Nahhhhh that’s crazy
|c|☆Pikka888|Err the hax a little crazy
|
|t:|1760761899
|move|p2a: Gyarados|Waterfall|p1a: Clefable
|-damage|p1a: Clefable|0 fnt
|faint|p1a: Clefable
|-ability|p2a: Gyarados|Moxie|boost
|-boost|p2a: Gyarados|atk|1
|
|-heal|p2a: Gyarados|91/100|[from] item: Leftovers
|upkeep
|
|t:|1760761911
|switch|p1a: Dragonite|Dragonite, F|100/100
|turn|22
|
|t:|1760761917
|move|p1a: Dragonite|Extreme Speed|p2a: Gyarados
|-end|p2a: Gyarados|Substitute
|move|p2a: Gyarados|Scale Shot|p1a: Dragonite
|-supereffective|p1a: Dragonite
|-damage|p1a: Dragonite|78/100
|-supereffective|p1a: Dragonite
|-damage|p1a: Dragonite|32/100
|-hitcount|p1a: Dragonite|2
|-unboost|p2a: Gyarados|def|1
|-boost|p2a: Gyarados|spe|1
|
|-heal|p2a: Gyarados|97/100|[from] item: Leftovers
|upkeep
|turn|23
|
|t:|1760761925
|move|p1a: Dragonite|Extreme Speed|p2a: Gyarados
|-damage|p2a: Gyarados|44/100
|move|p2a: Gyarados|Waterfall|p1a: Dragonite
|-resisted|p1a: Dragonite
|-damage|p1a: Dragonite|0 fnt
|faint|p1a: Dragonite
|-ability|p2a: Gyarados|Moxie|boost
|-boost|p2a: Gyarados|atk|1
|
|-heal|p2a: Gyarados|50/100|[from] item: Leftovers
|upkeep
|
|t:|1760761948
|switch|p1a: Weavile|Weavile, F|100/100
|-ability|p1a: Weavile|Pressure
|turn|24
|
|t:|1760761953
|move|p1a: Weavile|Ice Shard|p2a: Gyarados
|-damage|p2a: Gyarados|9/100
|move|p2a: Gyarados|Waterfall|p1a: Weavile
|-damage|p1a: Weavile|0 fnt
|faint|p1a: Weavile
|-ability|p2a: Gyarados|Moxie|boost
|-boost|p2a: Gyarados|atk|1
|
|-heal|p2a: Gyarados|15/100|[from] item: Leftovers
|upkeep
|-message|Niccommoc forfeited.
|
|win|Pikka888
|raw|Niccommoc's rating: 1338 &rarr; <strong>1317</strong><br />(-21 for losing)
|raw|Pikka888's rating: 1319 &rarr; <strong>1340</strong><br />(+21 for winning)
|l|☆Niccommoc
|player|p1|
|l|☆Pikka888
|player|p2|
