|j|☆Johnny tots
|j|‽ItsMrstealyourrank
|t:|1760846622
|gametype|singles
|player|p1|Johnny tots|266|1760
|player|p2|ItsMrstealyourrank|brawly|1793
|gen|9
|tier|[Gen 9] OU
|rated|
|rule|HP Percentage Mod: HP is shown in percentages
|rule|Endless Battle Clause: Forcing endless battles is banned
|rule|Species Clause: Limit one of each Pokémon
|rule|OHKO Clause: OHKO moves are banned
|rule|Evasion Items Clause: Evasion items are banned
|rule|Evasion Moves Clause: Evasion moves are banned
|rule|Evasion Abilities Clause: Evasion abilities are banned
|rule|Sleep Moves Clause: Sleep-inducing moves are banned
|clearpoke
|poke|p1|Klefki, F|
|poke|p1|Manaphy|
|poke|p1|Kyurem|
|poke|p1|Cinderace, F|
|poke|p1|Iron Valiant|
|poke|p1|Clefable, F|
|poke|p2|Ninetales-Alola, M|
|poke|p2|Klefki, M|
|poke|p2|Latias, F|
|poke|p2|Maushold-Four|
|poke|p2|Ogerpon-Wellspring, F|
|poke|p2|Kyurem|
|teampreview
|inactive|Battle timer is ON: inactive players will automatically lose when time's up. (requested by ItsMrstealyourrank)
|
|t:|1760846629
|teamsize|p1|6
|teamsize|p2|6
|start
|switch|p1a: Klefki|Klefki, F|100/100
|switch|p2a: Klefki|Klefki, M|100/100
|turn|1
|
|t:|1760846631
|move|p2a: Klefki|Thunder Wave|p1a: Klefki
|-status|p1a: Klefki|par
|move|p1a: Klefki|Thunder Wave|p2a: Klefki
|-status|p2a: Klefki|par
|
|upkeep
|turn|2
|
|t:|1760846636
|move|p1a: Klefki|Light Screen|p1a: Klefki
|-sidestart|p1: Johnny tots|move: Light Screen
|move|p2a: Klefki|Reflect|p2a: Klefki
|-sidestart|p2: ItsMrstealyourrank|Reflect
|
|upkeep
|turn|3
|
|t:|1760846638
|cant|p2a: Klefki|par
|move|p1a: Klefki|Reflect|p1a: Klefki
|-sidestart|p1: Johnny tots|Reflect
|
|upkeep
|turn|4
|
|t:|1760846641
|move|p1a: Klefki|Spikes|p2a: Klefki
|-sidestart|p2: ItsMrstealyourrank|Spikes
|cant|p2a: Klefki|par
|
|upkeep
|turn|5
|
|t:|1760846654
|switch|p1a: Cinderace|Cinderace, F|100/100
|move|p2a: Klefki|Light Screen|p2a: Klefki
|-sidestart|p2: ItsMrstealyourrank|move: Light Screen
|
|upkeep
|turn|6
|
|t:|1760846660
|move|p2a: Klefki|Thunder Wave|p1a: Cinderace
|-status|p1a: Cinderace|par
|move|p1a: Cinderace|Swords Dance|p1a: Cinderace
|-boost|p1a: Cinderace|atk|2
|
|upkeep
|turn|7
|
|t:|1760846665
|switch|p2a: Ogerpon|Ogerpon-Wellspring, F|100/100
|-damage|p2a: Ogerpon|88/100|[from] Spikes
|cant|p1a: Cinderace|par
|
|upkeep
|turn|8
|
|t:|1760846670
|move|p2a: Ogerpon|Encore|p1a: Cinderace
|-start|p1a: Cinderace|Encore
|move|p1a: Cinderace|Swords Dance|p1a: Cinderace
|-boost|p1a: Cinderace|atk|2
|
|upkeep
|turn|9
|
|t:|1760846673
|switch|p1a: Klefki|Klefki, F|100/100 par
|move|p2a: Ogerpon|Ivy Cudgel|p1a: Klefki|[anim] Ivy Cudgel Water
|-damage|p1a: Klefki|72/100 par
|
|-sideend|p2: ItsMrstealyourrank|Reflect
|-sideend|p1: Johnny tots|move: Light Screen
|upkeep
|turn|10
|
|t:|1760846678
|move|p1a: Klefki|Thunder Wave|p2a: Ogerpon
|-status|p2a: Ogerpon|par
|move|p2a: Ogerpon|Swords Dance|p2a: Ogerpon
|-boost|p2a: Ogerpon|atk|2
|
|-sideend|p1: Johnny tots|Reflect
|upkeep
|turn|11
|
|t:|1760846680
|cant|p1a: Klefki|par
|move|p2a: Ogerpon|Ivy Cudgel|p1a: Klefki|[anim] Ivy Cudgel Water
|-damage|p1a: Klefki|0 fnt
|faint|p1a: Klefki
|
|upkeep
|
|t:|1760846684
|switch|p1a: Kyurem|Kyurem|100/100
|-ability|p1a: Kyurem|Pressure
|turn|12
|
|t:|1760846688
|switch|p2a: Klefki|Klefki, M|100/100 par
|-damage|p2a: Klefki|88/100 par|[from] Spikes
|move|p1a: Kyurem|Icicle Spear|p2a: Klefki
|-resisted|p2a: Klefki
|-damage|p2a: Klefki|81/100 par
|-resisted|p2a: Klefki
|-damage|p2a: Klefki|74/100 par
|-resisted|p2a: Klefki
|-damage|p2a: Klefki|67/100 par
|-resisted|p2a: Klefki
|-damage|p2a: Klefki|59/100 par
|-resisted|p2a: Klefki
|-damage|p2a: Klefki|51/100 par
|-hitcount|p2a: Klefki|5
|
|-sideend|p2: ItsMrstealyourrank|move: Light Screen
|upkeep
|turn|13
|
|t:|1760846692
|-terastallize|p1a: Kyurem|Electric
|move|p2a: Klefki|Reflect|p2a: Klefki
|-sidestart|p2: ItsMrstealyourrank|Reflect
|move|p1a: Kyurem|Dragon Dance|p1a: Kyurem
|-boost|p1a: Kyurem|atk|1
|-boost|p1a: Kyurem|spe|1
|
|upkeep
|turn|14
|
|t:|1760846695
|switch|p2a: Ninetales|Ninetales-Alola, M|100/100
|-damage|p2a: Ninetales|88/100|[from] Spikes
|-weather|Snowscape|[from] ability: Snow Warning|[of] p2a: Ninetales
|move|p1a: Kyurem|Dragon Dance|p1a: Kyurem
|-boost|p1a: Kyurem|atk|1
|-boost|p1a: Kyurem|spe|1
|
|-weather|Snowscape|[upkeep]
|upkeep
|turn|15
|
|t:|1760846698
|move|p1a: Kyurem|Tera Blast|p2a: Ninetales|[anim] Tera Blast Electric
|-damage|p2a: Ninetales|52/100
|move|p2a: Ninetales|Encore|p1a: Kyurem
|-start|p1a: Kyurem|Encore
|
|-weather|Snowscape|[upkeep]
|upkeep
|turn|16
|
|t:|1760846701
|switch|p2a: Kyurem|Kyurem, shiny|100/100
|-damage|p2a: Kyurem|88/100|[from] Spikes
|-ability|p2a: Kyurem|Pressure
|move|p1a: Kyurem|Tera Blast|p2a: Kyurem|[anim] Tera Blast Electric
|-resisted|p2a: Kyurem
|-damage|p2a: Kyurem|74/100
|
|-weather|Snowscape|[upkeep]
|upkeep
|turn|17
|
|t:|1760846704
|switch|p1a: Clefable|Clefable, F|100/100
|move|p2a: Kyurem|Dragon Dance|p2a: Kyurem
|-boost|p2a: Kyurem|atk|1
|-boost|p2a: Kyurem|spe|1
|
|-weather|Snowscape|[upkeep]
|upkeep
|turn|18
|
|t:|1760846707
|-terastallize|p2a: Kyurem|Fire
|move|p2a: Kyurem|Icicle Spear|p1a: Clefable
|-damage|p1a: Clefable|80/100
|-damage|p1a: Clefable|59/100
|-damage|p1a: Clefable|38/100
|-damage|p1a: Clefable|15/100
|-hitcount|p1a: Clefable|4
|move|p1a: Clefable|Moonblast|p2a: Kyurem
|-resisted|p2a: Kyurem
|-damage|p2a: Kyurem|56/100
|
|-weather|none
|-heal|p1a: Clefable|21/100|[from] item: Leftovers
|upkeep
|turn|19
|
|t:|1760846713
|move|p2a: Kyurem|Icicle Spear|p1a: Clefable
|-damage|p1a: Clefable|0 fnt
|faint|p1a: Clefable
|-hitcount|p1: Clefable|1
|
|upkeep
|
|t:|1760846718
|switch|p1a: Iron Valiant|Iron Valiant|100/100
|-enditem|p1a: Iron Valiant|Booster Energy
|-activate|p1a: Iron Valiant|ability: Quark Drive|[fromitem]
|-start|p1a: Iron Valiant|quarkdrivespe
|turn|20
|
|t:|1760846721
|move|p1a: Iron Valiant|Aura Sphere|p2a: Kyurem
|-damage|p2a: Kyurem|16/100
|move|p2a: Kyurem|Dragon Dance|p2a: Kyurem
|-boost|p2a: Kyurem|atk|1
|-boost|p2a: Kyurem|spe|1
|
|-sideend|p2: ItsMrstealyourrank|Reflect
|upkeep
|turn|21
|
|t:|1760846727
|move|p2a: Kyurem|Icicle Spear|p1a: Iron Valiant
|-damage|p1a: Iron Valiant|66/100
|-damage|p1a: Iron Valiant|26/100
|-damage|p1a: Iron Valiant|0 fnt
|faint|p1a: Iron Valiant
|-end|p1a: Iron Valiant|Quark Drive|[silent]
|-hitcount|p1: Iron Valiant|3
|
|upkeep
|
|t:|1760846731
|switch|p1a: Cinderace|Cinderace, F|100/100 par
|turn|22
|
|t:|1760846734
|move|p1a: Cinderace|Sucker Punch|p2a: Kyurem
|-damage|p2a: Kyurem|0 fnt
|faint|p2a: Kyurem
|
|upkeep
|
|t:|1760846737
|switch|p2a: Ninetales|Ninetales-Alola, M|52/100
|-damage|p2a: Ninetales|40/100|[from] Spikes
|-weather|Snowscape|[from] ability: Snow Warning|[of] p2a: Ninetales
|turn|23
|
|t:|1760846741
|move|p2a: Ninetales|Aurora Veil|p2a: Ninetales
|-sidestart|p2: ItsMrstealyourrank|move: Aurora Veil
|move|p1a: Cinderace|Court Change|p1a: Cinderace
|-swapsideconditions
|-activate|p1a: Cinderace|move: Court Change
|
|-weather|Snowscape|[upkeep]
|upkeep
|turn|24
|
|t:|1760846745
|switch|p1a: Kyurem|Kyurem, tera:Electric|100/100
|-damage|p1a: Kyurem|88/100|[from] Spikes
|-ability|p1a: Kyurem|Pressure
|move|p2a: Ninetales|Aurora Veil|p2a: Ninetales
|-sidestart|p2: ItsMrstealyourrank|move: Aurora Veil
|
|-weather|Snowscape|[upkeep]
|upkeep
|turn|25
|
|t:|1760846754
|switch|p2a: Maushold|Maushold-Four|100/100
|move|p1a: Kyurem|Dragon Dance|p1a: Kyurem
|-boost|p1a: Kyurem|atk|1
|-boost|p1a: Kyurem|spe|1
|
|-weather|Snowscape|[upkeep]
|upkeep
|turn|26
|
|t:|1760846760
|move|p1a: Kyurem|Icicle Spear|p2a: Maushold
|-damage|p2a: Maushold|86/100
|-damage|p2a: Maushold|71/100
|-damage|p2a: Maushold|57/100
|-damage|p2a: Maushold|41/100
|-hitcount|p2a: Maushold|4
|move|p2a: Maushold|Population Bomb|p1a: Kyurem
|-damage|p1a: Kyurem|83/100
|-damage|p1a: Kyurem|77/100
|-damage|p1a: Kyurem|71/100
|-damage|p1a: Kyurem|65/100
|-damage|p1a: Kyurem|59/100
|-damage|p1a: Kyurem|54/100
|-damage|p1a: Kyurem|48/100
|-damage|p1a: Kyurem|43/100
|-damage|p1a: Kyurem|37/100
|-damage|p1a: Kyurem|32/100
|-hitcount|p1a: Kyurem|10
|
|-weather|Snowscape|[upkeep]
|upkeep
|turn|27
|
|t:|1760846770
|move|p1a: Kyurem|Icicle Spear|p2a: Maushold
|-damage|p2a: Maushold|26/100
|-damage|p2a: Maushold|12/100
|-damage|p2a: Maushold|0 fnt
|faint|p2a: Maushold
|-hitcount|p2: Maushold|3
|
|-weather|none
|upkeep
|
|t:|1760846773
|switch|p2a: Ogerpon|Ogerpon-Wellspring, F|88/100 par
|turn|28
|
|t:|1760846780
|move|p1a: Kyurem|Icicle Spear|p2a: Ogerpon
|-damage|p2a: Ogerpon|77/100 par
|-damage|p2a: Ogerpon|64/100 par
|-damage|p2a: Ogerpon|52/100 par
|-damage|p2a: Ogerpon|40/100 par
|-damage|p2a: Ogerpon|27/100 par
|-hitcount|p2a: Ogerpon|5
|move|p2a: Ogerpon|Ivy Cudgel|p1a: Kyurem|[anim] Ivy Cudgel Water
|-damage|p1a: Kyurem|4/100
|
|upkeep
|turn|29
|
|t:|1760846784
|move|p1a: Kyurem|Icicle Spear|p2a: Ogerpon
|-damage|p2a: Ogerpon|14/100 par
|-damage|p2a: Ogerpon|1/100 par
|-damage|p2a: Ogerpon|0 fnt
|faint|p2a: Ogerpon
|-hitcount|p2: Ogerpon|3
|
|upkeep
|
|t:|1760846785
|switch|p2a: Ninetales|Ninetales-Alola, M|40/100
|-weather|Snowscape|[from] ability: Snow Warning|[of] p2a: Ninetales
|turn|30
|
|t:|1760846792
|move|p1a: Kyurem|Tera Blast|p2a: Ninetales|[anim] Tera Blast Electric
|-damage|p2a: Ninetales|12/100
|move|p2a: Ninetales|Freeze-Dry|p1a: Kyurem
|-damage|p1a: Kyurem|0 fnt
|faint|p1a: Kyurem
|
|-weather|Snowscape|[upkeep]
|-sideend|p1: Johnny tots|move: Aurora Veil
|upkeep
|
|t:|1760846799
|switch|p1a: Cinderace|Cinderace, F|100/100 par
|turn|31
|
|t:|1760846811
|switch|p2a: Klefki|Klefki, M|51/100 par
|move|p1a: Cinderace|Pyro Ball|p2a: Klefki
|-supereffective|p2a: Klefki
|-crit|p2a: Klefki
|-damage|p2a: Klefki|0 fnt
|faint|p2a: Klefki
|
|-weather|Snowscape|[upkeep]
|-sideend|p2: ItsMrstealyourrank|move: Aurora Veil
|upkeep
|
|t:|1760846815
|switch|p2a: Ninetales|Ninetales-Alola, M|12/100
|turn|32
|
|t:|1760846819
|move|p2a: Ninetales|Aurora Veil|p2a: Ninetales
|-sidestart|p2: ItsMrstealyourrank|move: Aurora Veil
|move|p1a: Cinderace|Court Change|p1a: Cinderace
|-swapsideconditions
|-activate|p1a: Cinderace|move: Court Change
|
|-weather|Snowscape|[upkeep]
|upkeep
|turn|33
|
|t:|1760846828
|switch|p1a: Manaphy|Manaphy|100/100
|move|p2a: Ninetales|Aurora Veil|p2a: Ninetales
|-sidestart|p2: ItsMrstealyourrank|move: Aurora Veil
|
|-weather|Snowscape|[upkeep]
|upkeep
|turn|34
|
|t:|1760846832
|move|p2a: Ninetales|Freeze-Dry|p1a: Manaphy
|-supereffective|p1a: Manaphy
|-damage|p1a: Manaphy|82/100
|move|p1a: Manaphy|Take Heart|p1a: Manaphy
|-boost|p1a: Manaphy|spa|1
|-boost|p1a: Manaphy|spd|1
|
|-weather|none
|-heal|p1a: Manaphy|88/100|[from] item: Leftovers
|upkeep
|turn|35
|
|t:|1760846836
|switch|p1a: Cinderace|Cinderace, F|100/100 par
|move|p2a: Ninetales|Encore||[still]
|-fail|p2a: Ninetales
|
|upkeep
|turn|36
|j| Rickieragon
|
|t:|1760846841
|move|p2a: Ninetales|Freeze-Dry|p1a: Cinderace
|-resisted|p1a: Cinderace
|-damage|p1a: Cinderace|93/100 par
|move|p1a: Cinderace|Pyro Ball|p2a: Ninetales
|-supereffective|p2a: Ninetales
|-damage|p2a: Ninetales|0 fnt
|faint|p2a: Ninetales
|
|upkeep
|
|t:|1760846845
|switch|p2a: Latias|Latias, F|100/100
|turn|37
|
|t:|1760846847
|move|p2a: Latias|Agility|p2a: Latias
|-boost|p2a: Latias|spe|2
|cant|p1a: Cinderace|par
|
|upkeep
|turn|38
|
|t:|1760846849
|move|p2a: Latias|Calm Mind|p2a: Latias
|-boost|p2a: Latias|spa|1
|-boost|p2a: Latias|spd|1
|move|p1a: Cinderace|Swords Dance|p1a: Cinderace
|-boost|p1a: Cinderace|atk|2
|
|upkeep
|turn|39
|
|t:|1760846856
|move|p2a: Latias|Calm Mind|p2a: Latias
|-boost|p2a: Latias|spa|1
|-boost|p2a: Latias|spd|1
|move|p1a: Cinderace|Pyro Ball|p2a: Latias
|-resisted|p2a: Latias
|-damage|p2a: Latias|75/100
|
|-sideend|p1: Johnny tots|move: Aurora Veil
|upkeep
|turn|40
|
|t:|1760846863
|move|p1a: Cinderace|Sucker Punch|p2a: Latias
|-supereffective|p2a: Latias
|-damage|p2a: Latias|35/100
|-enditem|p2a: Latias|Weakness Policy
|-boost|p2a: Latias|atk|2|[from] item: Weakness Policy
|-boost|p2a: Latias|spa|2|[from] item: Weakness Policy
|move|p2a: Latias|Aura Sphere|p1a: Cinderace
|-damage|p1a: Cinderace|0 fnt
|faint|p1a: Cinderace
|
|-sideend|p2: ItsMrstealyourrank|move: Aurora Veil
|upkeep
|
|t:|1760846867
|switch|p1a: Manaphy|Manaphy|88/100
|turn|41
|
|t:|1760846869
|move|p2a: Latias|Stored Power|p1a: Manaphy
|-damage|p1a: Manaphy|0 fnt
|faint|p1a: Manaphy
|
|win|ItsMrstealyourrank
|raw|Johnny tots's rating: 1760 &rarr; <strong>1742</strong><br />(-18 for losing)
|raw|ItsMrstealyourrank's rating: 1793 &rarr; <strong>1811</strong><br />(+18 for winning)
|l|☆Johnny tots
|player|p1|
