|j|☆Bleud29
|j|☆Drenatop
|t:|1760875651
|gametype|singles
|player|p1|Bleud29|2|1110
|player|p2|Drenatop|266|1087
|gen|9
|tier|[Gen 9] OU
|rated|
|rule|HP Percentage Mod: HP is shown in percentages
|rule|Endless Battle Clause: Forcing endless battles is banned
|rule|Species Clause: Limit one of each Pokémon
|rule|OHKO Clause: OHKO moves are banned
|rule|Evasion Items Clause: Evasion items are banned
|rule|Evasion Moves Clause: Evasion moves are banned
|rule|Evasion Abilities Clause: Evasion abilities are banned
|rule|Sleep Moves Clause: Sleep-inducing moves are banned
|clearpoke
|poke|p1|Kingdra, F|
|poke|p1|Vileplume, M|
|poke|p1|Charjabug, F|
|poke|p1|Thundurus, M|
|poke|p1|Toucannon, F|
|poke|p1|Tsareena, F|
|poke|p2|Veluza, M|
|poke|p2|Gliscor, M|
|poke|p2|Revavroom, F|
|poke|p2|Tauros-Paldea-Blaze, M|
|poke|p2|Serperior, M|
|poke|p2|Diancie|
|teampreview
|
|t:|1760875666
|teamsize|p1|6
|teamsize|p2|6
|start
|switch|p1a: Tsareena|Tsareena, F|100/100
|switch|p2a: Revavroom|Revavroom, F|100/100
|-item|p2a: Revavroom|Air Balloon
|turn|1
|
|t:|1760875679
|move|p2a: Revavroom|Shift Gear|p2a: Revavroom
|-boost|p2a: Revavroom|spe|2
|-boost|p2a: Revavroom|atk|1
|move|p1a: Tsareena|U-turn|p2a: Revavroom
|-resisted|p2a: Revavroom
|-damage|p2a: Revavroom|91/100
|-enditem|p2a: Revavroom|Air Balloon
|
|t:|1760875713
|switch|p1a: Vileplume|Vileplume, M|100/100|[from] U-turn
|
|upkeep
|turn|2
|inactive|Battle timer is ON: inactive players will automatically lose when time's up. (requested by Drenatop)
|
|t:|1760875725
|move|p2a: Revavroom|Poison Jab|p1a: Vileplume
|-damage|p1a: Vileplume|41/100
|-status|p2a: Revavroom|slp|[from] ability: Effect Spore|[of] p1a: Vileplume
|move|p1a: Vileplume|Strength Sap|p2a: Revavroom
|-unboost|p2a: Revavroom|atk|1
|-heal|p1a: Vileplume|100/100
|
|upkeep
|turn|3
|
|t:|1760875744
|cant|p2a: Revavroom|slp
|move|p1a: Vileplume|Leech Seed|p2a: Revavroom
|-start|p2a: Revavroom|move: Leech Seed
|
|-damage|p2a: Revavroom|79/100 slp|[from] Leech Seed|[of] p1a: Vileplume
|upkeep
|turn|4
|
|t:|1760875759
|switch|p2a: Tauros|Tauros-Paldea-Blaze, M|100/100
|-ability|p2a: Tauros|Intimidate|boost
|-unboost|p1a: Vileplume|atk|1
|switch|p1a: Kingdra|Kingdra, F|100/100
|
|upkeep
|turn|5
|
|t:|1760875772
|move|p1a: Kingdra|Focus Energy|p1a: Kingdra
|-start|p1a: Kingdra|move: Focus Energy
|move|p2a: Tauros|Wild Charge|p1a: Kingdra
|-damage|p1a: Kingdra|62/100
|-damage|p2a: Tauros|92/100|[from] Recoil
|
|upkeep
|turn|6
|
|t:|1760875795
|switch|p2a: Serperior|Serperior, M|100/100
|move|p1a: Kingdra|Scale Shot|p2a: Serperior
|-crit|p2a: Serperior
|-damage|p2a: Serperior|84/100
|-damage|p2a: Serperior|72/100
|-crit|p2a: Serperior
|-damage|p2a: Serperior|53/100
|-damage|p2a: Serperior|41/100
|-crit|p2a: Serperior
|-damage|p2a: Serperior|23/100
|-hitcount|p2a: Serperior|5
|-unboost|p1a: Kingdra|def|1
|-boost|p1a: Kingdra|spe|1
|
|-heal|p2a: Serperior|29/100|[from] item: Leftovers
|upkeep
|turn|7
|
|t:|1760875813
|move|p1a: Kingdra|Scale Shot|p2a: Serperior
|-crit|p2a: Serperior
|-damage|p2a: Serperior|12/100
|-damage|p2a: Serperior|0 fnt
|faint|p2a: Serperior
|-hitcount|p2: Serperior|2
|-unboost|p1a: Kingdra|def|1
|-boost|p1a: Kingdra|spe|1
|
|upkeep
|inactive|Drenatop has 120 seconds left.
|
|t:|1760875837
|switch|p2a: Revavroom|Revavroom, F|79/100 slp
|turn|8
|inactive|Drenatop has 120 seconds left.
|
|t:|1760875848
|move|p1a: Kingdra|Liquidation|p2a: Revavroom
|-damage|p2a: Revavroom|37/100 slp
|-unboost|p2a: Revavroom|def|1
|cant|p2a: Revavroom|slp
|
|upkeep
|turn|9
|
|t:|1760875856
|move|p1a: Kingdra|Liquidation|p2a: Revavroom
|-crit|p2a: Revavroom
|-damage|p2a: Revavroom|0 fnt
|faint|p2a: Revavroom
|
|upkeep
|inactive|Drenatop has 120 seconds left.
|
|t:|1760875870
|switch|p2a: Veluza|Veluza, M, shiny|100/100
|turn|10
|
|t:|1760875878
|move|p1a: Kingdra|Scale Shot|p2a: Veluza
|-crit|p2a: Veluza
|-damage|p2a: Veluza|81/100
|-crit|p2a: Veluza
|-damage|p2a: Veluza|58/100
|-crit|p2a: Veluza
|-damage|p2a: Veluza|36/100
|-enditem|p2a: Veluza|Sitrus Berry|[eat]
|-heal|p2a: Veluza|61/100|[from] item: Sitrus Berry
|-damage|p2a: Veluza|46/100
|-damage|p2a: Veluza|34/100
|-hitcount|p2a: Veluza|5
|-unboost|p1a: Kingdra|def|1
|-boost|p1a: Kingdra|spe|1
|move|p2a: Veluza|Psycho Cut|p1a: Kingdra
|-crit|p1a: Kingdra
|-damage|p1a: Kingdra|0 fnt
|faint|p1a: Kingdra
|
|upkeep
|
|t:|1760875897
|switch|p1a: Charjabug|Charjabug, F|100/100
|turn|11
|
|t:|1760875903
|move|p2a: Veluza|Psycho Cut|p1a: Charjabug
|-damage|p1a: Charjabug|65/100
|move|p1a: Charjabug|Sticky Web|p2a: Veluza
|-sidestart|p2: Drenatop|move: Sticky Web
|
|upkeep
|turn|12
|
|t:|1760875911
|move|p2a: Veluza|Psycho Cut|p1a: Charjabug
|-damage|p1a: Charjabug|29/100
|move|p1a: Charjabug|Volt Switch|p2a: Veluza
|-supereffective|p2a: Veluza
|-damage|p2a: Veluza|0 fnt
|faint|p2a: Veluza
|
|t:|1760875926
|switch|p1a: Toucannon|Toucannon, F|100/100|[from] Volt Switch
|
|upkeep
|
|t:|1760875933
|switch|p2a: Diancie|Diancie, shiny|100/100
|-activate|p2a: Diancie|move: Sticky Web
|-fail|p2a: Diancie|unboost|[from] ability: Clear Body|[of] p2a: Diancie
|turn|13
|
|t:|1760875951
|move|p1a: Toucannon|Bullet Seed|p2a: Diancie
|-supereffective|p2a: Diancie
|-damage|p2a: Diancie|85/100
|-supereffective|p2a: Diancie
|-damage|p2a: Diancie|72/100
|-supereffective|p2a: Diancie
|-damage|p2a: Diancie|57/100
|-supereffective|p2a: Diancie
|-damage|p2a: Diancie|42/100
|-supereffective|p2a: Diancie
|-damage|p2a: Diancie|28/100
|-hitcount|p2a: Diancie|5
|move|p2a: Diancie|Earth Power|p1a: Toucannon
|-immune|p1a: Toucannon
|
|-heal|p2a: Diancie|34/100|[from] item: Leftovers
|upkeep
|turn|14
|-message|Drenatop forfeited.
|
|win|Bleud29
|raw|Bleud29's rating: 1110 &rarr; <strong>1133</strong><br />(+23 for winning)
|raw|Drenatop's rating: 1087 &rarr; <strong>1065</strong><br />(-22 for losing)
|l|☆Drenatop
|player|p2|
|l|☆Bleud29
|player|p1|
