|j|☆trubeliever
|j|☆njokerp5
|t:|1760858113
|gametype|singles
|player|p1|trubeliever|pokemaniac|1182
|player|p2|njokerp5|swimmer-gen4|1175
|gen|9
|tier|[Gen 9] OU
|rated|
|rule|HP Percentage Mod: HP is shown in percentages
|rule|Endless Battle Clause: Forcing endless battles is banned
|rule|Species Clause: Limit one of each Pokémon
|rule|OHKO Clause: OHKO moves are banned
|rule|Evasion Items Clause: Evasion items are banned
|rule|Evasion Moves Clause: Evasion moves are banned
|rule|Evasion Abilities Clause: Evasion abilities are banned
|rule|Sleep Moves Clause: Sleep-inducing moves are banned
|clearpoke
|poke|p1|Dragapult, F|
|poke|p1|Slowking-Galar, M|
|poke|p1|Hatterene, F|
|poke|p1|Gholdengo|
|poke|p1|Samurott-Hisui, F|
|poke|p1|Gliscor, M|
|poke|p2|Typhlosion-Hisui, F|
|poke|p2|Torkoal, M|
|poke|p2|Walking Wake|
|poke|p2|Scream Tail|
|poke|p2|Great Tusk|
|poke|p2|Kingambit, F|
|teampreview
|inactive|Battle timer is ON: inactive players will automatically lose when time's up. (requested by trubeliever)
|
|t:|1760858118
|teamsize|p1|6
|teamsize|p2|6
|start
|switch|p1a: Slowking|Slowking-Galar, M|100/100
|switch|p2a: Torkoal|Torkoal, M|100/100
|-weather|SunnyDay|[from] ability: Drought|[of] p2a: Torkoal
|turn|1
|
|t:|1760858129
|switch|p1a: Hatterene|Hatterene, F|100/100
|move|p2a: Torkoal|Stealth Rock|p1a: Hatterene
|move|p1a: Hatterene|Stealth Rock|p2a: Torkoal|[from] ability: Magic Bounce
|-sidestart|p2: njokerp5|move: Stealth Rock
|
|-weather|SunnyDay|[upkeep]
|upkeep
|turn|2
|
|t:|1760858139
|switch|p1a: Slowking|Slowking-Galar, M|100/100
|move|p2a: Torkoal|Rapid Spin|p1a: Slowking
|-crit|p1a: Slowking
|-damage|p1a: Slowking|87/100
|-boost|p2a: Torkoal|spe|1
|-sideend|p2: njokerp5|Stealth Rock|[from] move: Rapid Spin|[of] p2a: Torkoal
|
|-weather|SunnyDay|[upkeep]
|upkeep
|turn|3
|
|t:|1760858150
|switch|p2a: Kingambit|Kingambit, F|100/100
|switch|p1a: Hatterene|Hatterene, F|100/100
|
|-weather|SunnyDay|[upkeep]
|upkeep
|turn|4
|
|t:|1760858162
|switch|p1a: Samurott|Samurott-Hisui, F|100/100
|move|p2a: Kingambit|Iron Head|p1a: Samurott
|-resisted|p1a: Samurott
|-damage|p1a: Samurott|70/100
|
|-weather|SunnyDay|[upkeep]
|upkeep
|turn|5
|
|t:|1760858170
|-end|p2a: Kingambit|fallenundefined|[silent]
|switch|p2a: Walking Wake|Walking Wake|100/100
|-activate|p2a: Walking Wake|ability: Protosynthesis
|-start|p2a: Walking Wake|protosynthesisspe
|move|p1a: Samurott|Knock Off|p2a: Walking Wake
|-damage|p2a: Walking Wake|52/100
|-enditem|p2a: Walking Wake|Choice Specs|[from] move: Knock Off|[of] p1a: Samurott
|
|-weather|SunnyDay|[upkeep]
|upkeep
|turn|6
|
|t:|1760858182
|switch|p1a: Gholdengo|Gholdengo|100/100
|move|p2a: Walking Wake|Draco Meteor|p1a: Gholdengo
|-resisted|p1a: Gholdengo
|-damage|p1a: Gholdengo|66/100
|-unboost|p2a: Walking Wake|spa|2
|
|-weather|SunnyDay|[upkeep]
|upkeep
|turn|7
|
|t:|1760858194
|-end|p2a: Walking Wake|Protosynthesis|[silent]
|switch|p2a: Great Tusk|Great Tusk|100/100
|-activate|p2a: Great Tusk|ability: Protosynthesis
|-start|p2a: Great Tusk|protosynthesisdef
|move|p1a: Gholdengo|Thunder Wave|p2a: Great Tusk
|-immune|p2a: Great Tusk
|
|-weather|SunnyDay|[upkeep]
|upkeep
|turn|8
|
|t:|1760858204
|switch|p1a: Gliscor|Gliscor, M|100/100
|move|p2a: Great Tusk|Knock Off|p1a: Gliscor
|-damage|p1a: Gliscor|79/100
|-enditem|p1a: Gliscor|Toxic Orb|[from] move: Knock Off|[of] p2a: Great Tusk
|
|-weather|none
|-end|p2a: Great Tusk|Protosynthesis
|upkeep
|turn|9
|
|t:|1760858213
|move|p1a: Gliscor|U-turn|p2a: Great Tusk
|-resisted|p2a: Great Tusk
|-damage|p2a: Great Tusk|97/100
|
|t:|1760858218
|switch|p1a: Gholdengo|Gholdengo|66/100|[from] U-turn
|move|p2a: Great Tusk|Ice Spinner|p1a: Gholdengo
|-resisted|p1a: Gholdengo
|-damage|p1a: Gholdengo|57/100
|-damage|p2a: Great Tusk|80/100|[from] item: Rocky Helmet|[of] p1a: Gholdengo
|
|upkeep
|turn|10
|
|t:|1760858228
|switch|p1a: Samurott|Samurott-Hisui, F|70/100
|-end|p2a: Great Tusk|Protosynthesis|[silent]
|switch|p2a: Torkoal|Torkoal, M|100/100
|-weather|SunnyDay|[from] ability: Drought|[of] p2a: Torkoal
|
|-weather|SunnyDay|[upkeep]
|upkeep
|turn|11
|
|t:|1760858239
|move|p1a: Samurott|Ceaseless Edge|p2a: Torkoal
|-damage|p2a: Torkoal|66/100
|-sidestart|p2: njokerp5|Spikes
|move|p2a: Torkoal|Will-O-Wisp|p1a: Samurott|[miss]
|-miss|p2a: Torkoal|p1a: Samurott
|
|-weather|SunnyDay|[upkeep]
|upkeep
|turn|12
|
|t:|1760858249
|switch|p1a: Hatterene|Hatterene, F|100/100
|switch|p2a: Great Tusk|Great Tusk|80/100
|-activate|p2a: Great Tusk|ability: Protosynthesis
|-start|p2a: Great Tusk|protosynthesisdef
|
|-weather|SunnyDay|[upkeep]
|upkeep
|turn|13
|
|t:|1760858261
|move|p2a: Great Tusk|Rapid Spin|p1a: Hatterene
|-damage|p1a: Hatterene|89/100
|-boost|p2a: Great Tusk|spe|1
|-sideend|p2: njokerp5|Spikes|[from] move: Rapid Spin|[of] p2a: Great Tusk
|-enditem|p1a: Hatterene|Red Card|[of] p2a: Great Tusk
|-end|p2a: Great Tusk|Protosynthesis|[silent]
|drag|p2a: Torkoal|Torkoal, M|66/100
|move|p1a: Hatterene|Draining Kiss|p2a: Torkoal
|-resisted|p2a: Torkoal
|-damage|p2a: Torkoal|56/100
|-heal|p1a: Hatterene|97/100|[from] drain|[of] p2a: Torkoal
|
|-weather|SunnyDay|[upkeep]
|upkeep
|turn|14
|
|t:|1760858273
|switch|p2a: Typhlosion|Typhlosion-Hisui, F|100/100
|move|p1a: Hatterene|Nuzzle|p2a: Typhlosion
|-damage|p2a: Typhlosion|95/100
|-status|p2a: Typhlosion|par
|
|-weather|SunnyDay|[upkeep]
|upkeep
|turn|15
|
|t:|1760858286
|switch|p1a: Samurott|Samurott-Hisui, F|70/100
|move|p2a: Typhlosion|Eruption|p1a: Samurott
|-resisted|p1a: Samurott
|-damage|p1a: Samurott|0 fnt
|faint|p1a: Samurott
|
|-weather|SunnyDay|[upkeep]
|upkeep
|
|t:|1760858290
|switch|p1a: Slowking|Slowking-Galar, M|100/100
|turn|16
|
|t:|1760858299
|switch|p2a: Scream Tail|Scream Tail|100/100
|-activate|p2a: Scream Tail|ability: Protosynthesis
|-start|p2a: Scream Tail|protosynthesisspe
|-prepare|p1a: Slowking|Chilly Reception|[premajor]
|move|p1a: Slowking|Chilly Reception|p1a: Slowking
|-weather|Snowscape
|-end|p2a: Scream Tail|Protosynthesis
|
|t:|1760858315
|switch|p1a: Gliscor|Gliscor, M|79/100|[from] Chilly Reception
|
|-weather|Snowscape|[upkeep]
|upkeep
|turn|17
|
|t:|1760858322
|move|p2a: Scream Tail|Wish|p2a: Scream Tail
|move|p1a: Gliscor|Toxic|p2a: Scream Tail
|-status|p2a: Scream Tail|tox
|
|-weather|Snowscape|[upkeep]
|-damage|p2a: Scream Tail|94/100 tox|[from] psn
|upkeep
|turn|18
|
|t:|1760858331
|-end|p2a: Scream Tail|Protosynthesis|[silent]
|switch|p2a: Torkoal|Torkoal, M|56/100
|-weather|SunnyDay|[from] ability: Drought|[of] p2a: Torkoal
|move|p1a: Gliscor|Knock Off|p2a: Torkoal
|-damage|p2a: Torkoal|40/100
|-enditem|p2a: Torkoal|Heat Rock|[from] move: Knock Off|[of] p1a: Gliscor
|
|-weather|SunnyDay|[upkeep]
|-heal|p2a: Torkoal|94/100|[from] move: Wish|[wisher] Scream Tail
|upkeep
|turn|19
|
|t:|1760858346
|switch|p2a: Walking Wake|Walking Wake|52/100
|-activate|p2a: Walking Wake|ability: Protosynthesis
|-start|p2a: Walking Wake|protosynthesisspe
|move|p1a: Gliscor|U-turn|p2a: Walking Wake
|-damage|p2a: Walking Wake|37/100
|
|t:|1760858355
|switch|p1a: Slowking|Slowking-Galar, M|100/100|[from] U-turn
|
|-weather|SunnyDay|[upkeep]
|upkeep
|turn|20
|
|t:|1760858362
|-end|p2a: Walking Wake|Protosynthesis|[silent]
|switch|p2a: Scream Tail|Scream Tail|94/100 tox
|-activate|p2a: Scream Tail|ability: Protosynthesis
|-start|p2a: Scream Tail|protosynthesisspe
|-prepare|p1a: Slowking|Chilly Reception|[premajor]
|move|p1a: Slowking|Chilly Reception|p1a: Slowking
|-weather|Snowscape
|-end|p2a: Scream Tail|Protosynthesis
|
|t:|1760858370
|switch|p1a: Gholdengo|Gholdengo|57/100|[from] Chilly Reception
|
|-weather|Snowscape|[upkeep]
|-heal|p2a: Scream Tail|100/100 tox|[from] item: Leftovers
|-damage|p2a: Scream Tail|94/100 tox|[from] psn
|upkeep
|turn|21
|
|t:|1760858378
|move|p2a: Scream Tail|Wish|p2a: Scream Tail
|move|p1a: Gholdengo|Hex|p2a: Scream Tail
|-supereffective|p2a: Scream Tail
|-damage|p2a: Scream Tail|4/100 tox
|
|-weather|Snowscape|[upkeep]
|-heal|p2a: Scream Tail|10/100 tox|[from] item: Leftovers
|-damage|p2a: Scream Tail|0 fnt|[from] psn
|faint|p2a: Scream Tail
|-end|p2a: Scream Tail|Protosynthesis|[silent]
|upkeep
|
|t:|1760858391
|switch|p2a: Walking Wake|Walking Wake|37/100
|turn|22
|
|t:|1760858399
|move|p2a: Walking Wake|Hydro Steam|p1a: Gholdengo
|-damage|p1a: Gholdengo|16/100
|move|p1a: Gholdengo|Recover|p1a: Gholdengo
|-heal|p1a: Gholdengo|66/100
|
|-weather|Snowscape|[upkeep]
|-heal|p2a: Walking Wake|91/100|[from] move: Wish|[wisher] Scream Tail
|upkeep
|turn|23
|
|t:|1760858408
|move|p2a: Walking Wake|Flamethrower|p1a: Gholdengo
|-supereffective|p1a: Gholdengo
|-damage|p1a: Gholdengo|4/100
|move|p1a: Gholdengo|Recover|p1a: Gholdengo
|-heal|p1a: Gholdengo|54/100
|
|-weather|Snowscape|[upkeep]
|upkeep
|turn|24
|
|t:|1760858420
|-end|p2a: Walking Wake|Protosynthesis|[silent]
|switch|p2a: Torkoal|Torkoal, M|94/100
|-weather|SunnyDay|[from] ability: Drought|[of] p2a: Torkoal
|switch|p1a: Slowking|Slowking-Galar, M|100/100
|
|-weather|SunnyDay|[upkeep]
|upkeep
|turn|25
|
|t:|1760858430
|move|p2a: Torkoal|Stealth Rock|p1a: Slowking
|-sidestart|p1: trubeliever|move: Stealth Rock
|-prepare|p1a: Slowking|Chilly Reception|[premajor]
|move|p1a: Slowking|Chilly Reception|p1a: Slowking
|-weather|Snowscape
|
|t:|1760858441
|switch|p1a: Gliscor|Gliscor, M|79/100|[from] Chilly Reception
|-damage|p1a: Gliscor|66/100|[from] Stealth Rock
|
|-weather|Snowscape|[upkeep]
|upkeep
|turn|26
|
|t:|1760858457
|switch|p2a: Great Tusk|Great Tusk|80/100
|move|p1a: Gliscor|U-turn|p2a: Great Tusk
|-resisted|p2a: Great Tusk
|-damage|p2a: Great Tusk|76/100
|
|t:|1760858460
|switch|p1a: Dragapult|Dragapult, F, shiny|100/100|[from] U-turn
|
|-weather|Snowscape|[upkeep]
|upkeep
|turn|27
|
|t:|1760858468
|move|p1a: Dragapult|Will-O-Wisp|p2a: Great Tusk
|-status|p2a: Great Tusk|brn
|move|p2a: Great Tusk|Knock Off|p1a: Dragapult
|-supereffective|p1a: Dragapult
|-damage|p1a: Dragapult|61/100
|-enditem|p1a: Dragapult|Heavy-Duty Boots|[from] move: Knock Off|[of] p2a: Great Tusk
|
|-weather|Snowscape|[upkeep]
|-damage|p2a: Great Tusk|70/100 brn|[from] brn
|upkeep
|turn|28
|
|t:|1760858479
|-end|p2a: Great Tusk|Protosynthesis|[silent]
|switch|p2a: Torkoal|Torkoal, M|94/100
|-weather|SunnyDay|[from] ability: Drought|[of] p2a: Torkoal
|move|p1a: Dragapult|Hex|p2a: Torkoal
|-damage|p2a: Torkoal|69/100
|
|-weather|SunnyDay|[upkeep]
|upkeep
|turn|29
|
|t:|1760858491
|switch|p2a: Great Tusk|Great Tusk|70/100 brn
|-activate|p2a: Great Tusk|ability: Protosynthesis
|-start|p2a: Great Tusk|protosynthesisdef
|move|p1a: Dragapult|U-turn|p2a: Great Tusk
|-resisted|p2a: Great Tusk
|-damage|p2a: Great Tusk|66/100 brn
|
|t:|1760858498
|switch|p1a: Slowking|Slowking-Galar, M|100/100|[from] U-turn
|
|-weather|SunnyDay|[upkeep]
|-damage|p2a: Great Tusk|59/100 brn|[from] brn
|upkeep
|turn|30
|
|t:|1760858510
|-terastallize|p1a: Slowking|Grass
|move|p2a: Great Tusk|Knock Off|p1a: Slowking
|-damage|p1a: Slowking|87/100
|-enditem|p1a: Slowking|Heavy-Duty Boots|[from] move: Knock Off|[of] p2a: Great Tusk
|move|p1a: Slowking|Psychic Noise|p2a: Great Tusk
|-supereffective|p2a: Great Tusk
|-damage|p2a: Great Tusk|0 fnt
|faint|p2a: Great Tusk
|-end|p2a: Great Tusk|Protosynthesis|[silent]
|
|-weather|SunnyDay|[upkeep]
|upkeep
|
|t:|1760858523
|switch|p2a: Walking Wake|Walking Wake|91/100
|-activate|p2a: Walking Wake|ability: Protosynthesis
|-start|p2a: Walking Wake|protosynthesisspe
|turn|31
|
|t:|1760858530
|move|p2a: Walking Wake|Flamethrower|p1a: Slowking
|-supereffective|p1a: Slowking
|-damage|p1a: Slowking|32/100
|-status|p1a: Slowking|brn
|-prepare|p1a: Slowking|Chilly Reception|[premajor]
|move|p1a: Slowking|Chilly Reception|p1a: Slowking
|-weather|Snowscape
|-end|p2a: Walking Wake|Protosynthesis
|
|t:|1760858540
|switch|p1a: Dragapult|Dragapult, F, shiny|61/100|[from] Chilly Reception
|-damage|p1a: Dragapult|49/100|[from] Stealth Rock
|
|-weather|Snowscape|[upkeep]
|upkeep
|turn|32
|
|t:|1760858547
|-terastallize|p2a: Walking Wake|Fairy
|move|p1a: Dragapult|Dragon Darts|p2a: Walking Wake
|-immune|p2a: Walking Wake
|move|p2a: Walking Wake|Dragon Breath|p1a: Dragapult
|-supereffective|p1a: Dragapult
|-damage|p1a: Dragapult|0 fnt
|faint|p1a: Dragapult
|
|-weather|Snowscape|[upkeep]
|upkeep
|-message|trubeliever forfeited.
|
|win|njokerp5
|raw|trubeliever's rating: 1182 &rarr; <strong>1156</strong><br />(-26 for losing)
|raw|njokerp5's rating: 1175 &rarr; <strong>1201</strong><br />(+26 for winning)
|l|☆trubeliever
|player|p1|
|l|☆njokerp5
|player|p2|
