|j|☆chenke
|j|☆AminitraboTTT
|t:|1760845845
|gametype|singles
|player|p1|chenke|clerk|
|player|p2|AminitraboTTT|supernerd|
|gen|9
|tier|[Gen 9] OU
|rule|HP Percentage Mod: HP is shown in percentages
|rule|Endless Battle Clause: Forcing endless battles is banned
|rule|Species Clause: Limit one of each Pokémon
|rule|OHKO Clause: OHKO moves are banned
|rule|Evasion Items Clause: Evasion items are banned
|rule|Evasion Moves Clause: Evasion moves are banned
|rule|Evasion Abilities Clause: Evasion abilities are banned
|rule|Sleep Moves Clause: Sleep-inducing moves are banned
|clearpoke
|poke|p1|Ninetales-Alola, F|
|poke|p1|Dragonite, M|
|poke|p1|Iron Treads|
|poke|p1|Polteageist|
|poke|p1|Ogerpon-Wellspring, F|
|poke|p1|Cloyster, M|
|poke|p2|Ogerpon-Wellspring, F|
|poke|p2|Raging Bolt|
|poke|p2|Great Tusk|
|poke|p2|Heatran, F|
|poke|p2|Enamorus, F|
|poke|p2|Kingambit, M|
|teampreview
|c|☆AminitraboTTT|Hola, soy AminitraboTTT, el bot de la sala Español. gl hf
|inactive|Battle timer is ON: inactive players will automatically lose when time's up. (requested by AminitraboTTT)
|
|t:|1760845849
|teamsize|p1|6
|teamsize|p2|6
|start
|switch|p1a: Ninetales|Ninetales-Alola, F|100/100
|switch|p2a: Heatran|Heatran, F, shiny|100/100
|-weather|Snowscape|[from] ability: Snow Warning|[of] p1a: Ninetales
|turn|1
|l|☆chenke
|inactive|chenke disconnected and has 300 seconds to reconnect!
|player|p1|
|inactive|chenke has 270 seconds to reconnect!
|inactive|chenke has 240 seconds to reconnect!
|j|☆chenke
|inactive|chenke reconnected and has 290 seconds left.
|player|p1|chenke|clerk|
|
|t:|1760845927
|move|p1a: Ninetales|Aurora Veil|p1a: Ninetales
|-sidestart|p1: chenke|move: Aurora Veil
|move|p2a: Heatran|Taunt|p1a: Ninetales
|-start|p1a: Ninetales|move: Taunt
|
|-weather|Snowscape|[upkeep]
|upkeep
|turn|2
|
|t:|1760845933
|switch|p1a: Dragonite|Dragonite, M|100/100
|-terastallize|p2a: Heatran|Grass
|move|p2a: Heatran|Magma Storm|p1a: Dragonite|[miss]
|-miss|p2a: Heatran|p1a: Dragonite
|
|-weather|Snowscape|[upkeep]
|upkeep
|turn|3
|
|t:|1760845940
|switch|p1a: Cloyster|Cloyster, M|100/100
|switch|p2a: Enamorus|Enamorus, F|100/100
|
|-weather|Snowscape|[upkeep]
|upkeep
|turn|4
|
|t:|1760845947
|switch|p2a: Ogerpon|Ogerpon-Wellspring, F|100/100
|move|p1a: Cloyster|Shell Smash|p1a: Cloyster
|-unboost|p1a: Cloyster|def|1
|-unboost|p1a: Cloyster|spd|1
|-boost|p1a: Cloyster|atk|2
|-boost|p1a: Cloyster|spa|2
|-boost|p1a: Cloyster|spe|2
|
|-weather|Snowscape|[upkeep]
|upkeep
|turn|5
|
|t:|1760845951
|move|p1a: Cloyster|Icicle Spear|p2a: Ogerpon
|-damage|p2a: Ogerpon|63/100
|-damage|p2a: Ogerpon|28/100
|-damage|p2a: Ogerpon|0 fnt
|faint|p2a: Ogerpon
|-hitcount|p2: Ogerpon|3
|
|-weather|none
|upkeep
|
|t:|1760845952
|switch|p2a: Kingambit|Kingambit, M|100/100
|-activate|p2a: Kingambit|ability: Supreme Overlord
|-start|p2a: Kingambit|fallen1|[silent]
|-item|p2a: Kingambit|Air Balloon
|turn|6
|
|t:|1760845959
|move|p1a: Cloyster|Icicle Spear|p2a: Kingambit
|-resisted|p2a: Kingambit
|-crit|p2a: Kingambit
|-damage|p2a: Kingambit|86/100
|-enditem|p2a: Kingambit|Air Balloon
|-resisted|p2a: Kingambit
|-damage|p2a: Kingambit|75/100
|-resisted|p2a: Kingambit
|-damage|p2a: Kingambit|65/100
|-resisted|p2a: Kingambit
|-damage|p2a: Kingambit|55/100
|-resisted|p2a: Kingambit
|-damage|p2a: Kingambit|44/100
|-hitcount|p2a: Kingambit|5
|move|p2a: Kingambit|Low Kick|p1a: Cloyster
|-supereffective|p1a: Cloyster
|-damage|p1a: Cloyster|46/100
|
|upkeep
|turn|7
|
|t:|1760845964
|move|p1a: Cloyster|Icicle Spear|p2a: Kingambit
|-resisted|p2a: Kingambit
|-damage|p2a: Kingambit|35/100
|-resisted|p2a: Kingambit
|-damage|p2a: Kingambit|25/100
|-resisted|p2a: Kingambit
|-damage|p2a: Kingambit|14/100
|-resisted|p2a: Kingambit
|-damage|p2a: Kingambit|5/100
|-resisted|p2a: Kingambit
|-damage|p2a: Kingambit|0 fnt
|faint|p2a: Kingambit
|-end|p2a: Kingambit|fallen1|[silent]
|-hitcount|p2: Kingambit|5
|
|upkeep
|
|t:|1760845964
|switch|p2a: Raging Bolt|Raging Bolt|100/100
|turn|8
|
|t:|1760845974
|move|p2a: Raging Bolt|Thunderclap|p1a: Cloyster
|-supereffective|p1a: Cloyster
|-damage|p1a: Cloyster|0 fnt
|faint|p1a: Cloyster
|
|-sideend|p1: chenke|move: Aurora Veil
|upkeep
|
|t:|1760845977
|switch|p1a: Ninetales|Ninetales-Alola, F|100/100
|-weather|Snowscape|[from] ability: Snow Warning|[of] p1a: Ninetales
|turn|9
|
|t:|1760845979
|-end|p2a: Raging Bolt|Protosynthesis|[silent]
|switch|p2a: Enamorus|Enamorus, F|100/100
|move|p1a: Ninetales|Aurora Veil|p1a: Ninetales
|-sidestart|p1: chenke|move: Aurora Veil
|
|-weather|Snowscape|[upkeep]
|upkeep
|turn|10
|
|t:|1760845981
|move|p2a: Enamorus|Mystical Fire|p1a: Ninetales
|-supereffective|p1a: Ninetales
|-damage|p1a: Ninetales|66/100
|-unboost|p1a: Ninetales|spa|1
|move|p1a: Ninetales|Blizzard|p2a: Enamorus
|-supereffective|p2a: Enamorus
|-damage|p2a: Enamorus|20/100
|
|-weather|Snowscape|[upkeep]
|upkeep
|turn|11
|
|t:|1760845985
|move|p2a: Enamorus|Mystical Fire|p1a: Ninetales
|-supereffective|p1a: Ninetales
|-crit|p1a: Ninetales
|-damage|p1a: Ninetales|0 fnt
|faint|p1a: Ninetales
|
|-weather|Snowscape|[upkeep]
|upkeep
|
|t:|1760845996
|switch|p1a: Iron Treads|Iron Treads|100/100
|-enditem|p1a: Iron Treads|Booster Energy
|-activate|p1a: Iron Treads|ability: Quark Drive|[fromitem]
|-start|p1a: Iron Treads|quarkdrivespe
|turn|12
|
|t:|1760845999
|switch|p2a: Heatran|Heatran, F, shiny, tera:Grass|100/100
|move|p1a: Iron Treads|Stealth Rock|p2a: Heatran
|-sidestart|p2: AminitraboTTT|move: Stealth Rock
|
|-weather|Snowscape|[upkeep]
|upkeep
|turn|13
|
|t:|1760846002
|move|p1a: Iron Treads|Steel Beam|p2a: Heatran
|-damage|p2a: Heatran|69/100
|-damage|p1a: Iron Treads|50/100|[from] steelbeam
|move|p2a: Heatran|Taunt|p1a: Iron Treads
|-start|p1a: Iron Treads|move: Taunt
|
|-weather|none
|-heal|p2a: Heatran|76/100|[from] item: Leftovers
|upkeep
|turn|14
|
|t:|1760846006
|move|p1a: Iron Treads|Steel Beam|p2a: Heatran
|-damage|p2a: Heatran|46/100
|-damage|p1a: Iron Treads|0 fnt|[from] steelbeam
|faint|p1a: Iron Treads
|-end|p1a: Iron Treads|Quark Drive|[silent]
|move|p2a: Heatran|Magma Storm|p1: Iron Treads|[notarget]
|-fail|p2a: Heatran
|
|-heal|p2a: Heatran|52/100|[from] item: Leftovers
|upkeep
|
|t:|1760846011
|switch|p1a: Polteageist|Polteageist|100/100
|turn|15
|
|t:|1760846013
|switch|p2a: Raging Bolt|Raging Bolt|100/100
|-damage|p2a: Raging Bolt|88/100|[from] Stealth Rock
|move|p1a: Polteageist|Strength Sap|p2a: Raging Bolt
|-unboost|p2a: Raging Bolt|atk|1
|
|upkeep
|turn|16
|
|t:|1760846017
|move|p2a: Raging Bolt|Dragon Pulse|p1a: Polteageist
|-damage|p1a: Polteageist|66/100
|move|p1a: Polteageist|Shell Smash|p1a: Polteageist
|-unboost|p1a: Polteageist|def|1
|-unboost|p1a: Polteageist|spd|1
|-boost|p1a: Polteageist|atk|2
|-boost|p1a: Polteageist|spa|2
|-boost|p1a: Polteageist|spe|2
|
|-sideend|p1: chenke|move: Aurora Veil
|upkeep
|turn|17
|
|t:|1760846021
|move|p1a: Polteageist|Shadow Ball|p2a: Raging Bolt
|-damage|p2a: Raging Bolt|24/100
|move|p2a: Raging Bolt|Dragon Pulse|p1a: Polteageist
|-damage|p1a: Polteageist|0 fnt
|faint|p1a: Polteageist
|
|upkeep
|
|t:|1760846029
|switch|p1a: Ogerpon|Ogerpon-Wellspring, F|100/100
|turn|18
|
|t:|1760846031
|move|p1a: Ogerpon|Play Rough|p2a: Raging Bolt
|-supereffective|p2a: Raging Bolt
|-damage|p2a: Raging Bolt|0 fnt
|faint|p2a: Raging Bolt
|-end|p2a: Raging Bolt|Protosynthesis|[silent]
|
|upkeep
|
|t:|1760846031
|switch|p2a: Heatran|Heatran, F, shiny, tera:Grass|52/100
|-damage|p2a: Heatran|40/100|[from] Stealth Rock
|turn|19
|
|t:|1760846035
|move|p1a: Ogerpon|Play Rough|p2a: Heatran
|-damage|p2a: Heatran|11/100
|move|p2a: Heatran|Magma Storm|p1a: Ogerpon
|-damage|p1a: Ogerpon|53/100
|-activate|p1a: Ogerpon|move: Magma Storm|[of] p2a: Heatran
|
|-heal|p2a: Heatran|18/100|[from] item: Leftovers
|-damage|p1a: Ogerpon|40/100|[from] move: Magma Storm|[partiallytrapped]
|upkeep
|turn|20
|
|t:|1760846038
|move|p1a: Ogerpon|Play Rough|p2a: Heatran
|-damage|p2a: Heatran|0 fnt
|faint|p2a: Heatran
|
|-end|p1a: Ogerpon|Magma Storm|[partiallytrapped]|[silent]
|upkeep
|
|t:|1760846038
|switch|p2a: Enamorus|Enamorus, F|20/100
|-damage|p2a: Enamorus|0 fnt|[from] Stealth Rock
|faint|p2a: Enamorus
|
|t:|1760846038
|switch|p2a: Great Tusk|Great Tusk|100/100
|-damage|p2a: Great Tusk|98/100|[from] Stealth Rock
|turn|21
|
|t:|1760846044
|-terastallize|p1a: Ogerpon|Water
|detailschange|p1a: Ogerpon|Ogerpon-Wellspring-Tera, F, tera:Water
|-ability|p1a: Ogerpon|Embody Aspect (Wellspring)|boost
|-boost|p1a: Ogerpon|spd|1
|move|p1a: Ogerpon|Ivy Cudgel|p2a: Great Tusk|[anim] Ivy Cudgel Water
|-supereffective|p2a: Great Tusk
|-damage|p2a: Great Tusk|0 fnt
|faint|p2a: Great Tusk
|-end|p2a: Great Tusk|Protosynthesis|[silent]
|
|win|chenke
|c|☆AminitraboTTT|oof :(
|l|☆AminitraboTTT
|player|p2|
