|j|☆benjikong14
|j|☆Batzeus99
|t:|1760718626
|gametype|singles
|player|p1|benjikong14|dancer|1123
|player|p2|Batzeus99|lass|1171
|gen|9
|tier|[Gen 9] OU
|rated|
|rule|HP Percentage Mod: HP is shown in percentages
|rule|Endless Battle Clause: Forcing endless battles is banned
|rule|Species Clause: Limit one of each Pokémon
|rule|OHKO Clause: OHKO moves are banned
|rule|Evasion Items Clause: Evasion items are banned
|rule|Evasion Moves Clause: Evasion moves are banned
|rule|Evasion Abilities Clause: Evasion abilities are banned
|rule|Sleep Moves Clause: Sleep-inducing moves are banned
|clearpoke
|poke|p1|Swampert, M|
|poke|p1|Heatran, M|
|poke|p1|Brambleghast, F|
|poke|p1|Hawlucha, M|
|poke|p1|Bellibolt, F|
|poke|p1|Diancie|
|poke|p2|Gyarados, M|
|poke|p2|Scizor, M|
|poke|p2|Gardevoir, F|
|poke|p2|Chandelure, M|
|poke|p2|Toxtricity, M|
|poke|p2|Kommo-o, M|
|teampreview
|
|t:|1760718647
|teamsize|p1|6
|teamsize|p2|6
|start
|switch|p1a: Diancie|Diancie|100/100
|switch|p2a: Kommo-o|Kommo-o, M|100/100
|turn|1
|
|t:|1760718657
|switch|p2a: Chandelure|Chandelure, M|100/100
|move|p1a: Diancie|Stealth Rock|p2a: Chandelure
|-sidestart|p2: Batzeus99|move: Stealth Rock
|
|upkeep
|turn|2
|
|t:|1760718665
|move|p2a: Chandelure|Calm Mind|p2a: Chandelure
|-boost|p2a: Chandelure|spa|1
|-boost|p2a: Chandelure|spd|1
|move|p1a: Diancie|Spikes|p2a: Chandelure
|-sidestart|p2: Batzeus99|Spikes
|
|upkeep
|turn|3
|
|t:|1760718673
|move|p2a: Chandelure|Calm Mind|p2a: Chandelure
|-boost|p2a: Chandelure|spa|1
|-boost|p2a: Chandelure|spd|1
|move|p1a: Diancie|Spikes|p2a: Chandelure
|-sidestart|p2: Batzeus99|Spikes
|
|upkeep
|turn|4
|
|t:|1760718679
|move|p2a: Chandelure|Energy Ball|p1a: Diancie
|-supereffective|p1a: Diancie
|-damage|p1a: Diancie|0 fnt
|faint|p1a: Diancie
|
|upkeep
|
|t:|1760718699
|switch|p1a: Brambleghast|Brambleghast, F|100/100
|turn|5
|
|t:|1760718713
|-terastallize|p2a: Chandelure|Grass
|move|p1a: Brambleghast|Poltergeist|p2a: Chandelure
|-activate|p2a: Chandelure|move: Poltergeist|Heavy-Duty Boots
|-damage|p2a: Chandelure|19/100
|move|p2a: Chandelure|Shadow Ball|p1a: Brambleghast
|-supereffective|p1a: Brambleghast
|-damage|p1a: Brambleghast|0 fnt
|faint|p1a: Brambleghast
|
|upkeep
|
|t:|1760718728
|switch|p1a: Hawlucha|Hawlucha, M|100/100
|-ability|p1a: Hawlucha|Mold Breaker
|turn|6
|
|t:|1760718733
|move|p1a: Hawlucha|U-turn|p2a: Chandelure
|-supereffective|p2a: Chandelure
|-damage|p2a: Chandelure|0 fnt
|faint|p2a: Chandelure
|
|t:|1760718740
|switch|p1a: Bellibolt|Bellibolt, F|100/100|[from] U-turn
|
|upkeep
|
|t:|1760718750
|switch|p2a: Toxtricity|Toxtricity, M|100/100
|-damage|p2a: Toxtricity|88/100|[from] Stealth Rock
|-damage|p2a: Toxtricity|72/100|[from] Spikes
|turn|7
|
|t:|1760718756
|move|p2a: Toxtricity|Shift Gear|p2a: Toxtricity
|-boost|p2a: Toxtricity|spe|2
|-boost|p2a: Toxtricity|atk|1
|move|p1a: Bellibolt|Volt Switch|p2a: Toxtricity
|-resisted|p2a: Toxtricity
|-damage|p2a: Toxtricity|48/100
|
|t:|1760718763
|switch|p1a: Swampert|Swampert, M|100/100|[from] Volt Switch
|
|upkeep
|turn|8
|
|t:|1760718769
|move|p2a: Toxtricity|Boomburst|p1a: Swampert
|-damage|p1a: Swampert|43/100
|-enditem|p2a: Toxtricity|Throat Spray
|-boost|p2a: Toxtricity|spa|1|[from] item: Throat Spray
|move|p1a: Swampert|Flip Turn|p2a: Toxtricity
|-damage|p2a: Toxtricity|0 fnt
|faint|p2a: Toxtricity
|
|t:|1760718780
|switch|p1a: Bellibolt|Bellibolt, F|100/100|[from] Flip Turn
|
|upkeep
|
|t:|1760718785
|switch|p2a: Kommo-o|Kommo-o, M|100/100
|-damage|p2a: Kommo-o|94/100|[from] Stealth Rock
|-damage|p2a: Kommo-o|78/100|[from] Spikes
|turn|9
|
|t:|1760718795
|move|p2a: Kommo-o|Iron Defense|p2a: Kommo-o
|-boost|p2a: Kommo-o|def|2
|move|p1a: Bellibolt|Volt Switch|p2a: Kommo-o
|-resisted|p2a: Kommo-o
|-damage|p2a: Kommo-o|65/100
|
|t:|1760718806
|switch|p1a: Heatran|Heatran, M, shiny|100/100|[from] Volt Switch
|
|-heal|p2a: Kommo-o|71/100|[from] item: Leftovers
|upkeep
|turn|10
|
|t:|1760718815
|move|p2a: Kommo-o|Body Press|p1a: Heatran
|-supereffective|p1a: Heatran
|-damage|p1a: Heatran|0 fnt
|faint|p1a: Heatran
|
|-heal|p2a: Kommo-o|77/100|[from] item: Leftovers
|upkeep
|
|t:|1760718826
|switch|p1a: Hawlucha|Hawlucha, M|100/100
|-ability|p1a: Hawlucha|Mold Breaker
|turn|11
|
|t:|1760718833
|move|p1a: Hawlucha|Brave Bird|p2a: Kommo-o
|-supereffective|p2a: Kommo-o
|-damage|p2a: Kommo-o|45/100
|-damage|p1a: Hawlucha|88/100|[from] Recoil
|move|p2a: Kommo-o|Dragon Tail|p1a: Hawlucha
|-damage|p1a: Hawlucha|57/100
|drag|p1a: Bellibolt|Bellibolt, F|100/100
|
|-heal|p2a: Kommo-o|51/100|[from] item: Leftovers
|upkeep
|turn|12
|
|t:|1760718845
|move|p2a: Kommo-o|Stealth Rock|p1a: Bellibolt
|-sidestart|p1: benjikong14|move: Stealth Rock
|move|p1a: Bellibolt|Parabolic Charge|p2a: Kommo-o
|-resisted|p2a: Kommo-o
|-damage|p2a: Kommo-o|40/100
|
|-heal|p2a: Kommo-o|46/100|[from] item: Leftovers
|upkeep
|turn|13
|
|t:|1760718854
|move|p1a: Bellibolt|Parabolic Charge|p2a: Kommo-o
|-resisted|p2a: Kommo-o
|-damage|p2a: Kommo-o|34/100
|move|p2a: Kommo-o|Dragon Tail|p1a: Bellibolt
|-damage|p1a: Bellibolt|83/100
|-start|p1a: Bellibolt|Charge|Dragon Tail|[from] ability: Electromorphosis
|drag|p1a: Swampert|Swampert, M|43/100
|-damage|p1a: Swampert|37/100|[from] Stealth Rock
|
|-heal|p2a: Kommo-o|40/100|[from] item: Leftovers
|upkeep
|turn|14
|
|t:|1760718866
|move|p2a: Kommo-o|Body Press|p1a: Swampert
|-damage|p1a: Swampert|0 fnt
|faint|p1a: Swampert
|
|-heal|p2a: Kommo-o|46/100|[from] item: Leftovers
|upkeep
|
|t:|1760718874
|switch|p1a: Hawlucha|Hawlucha, M|57/100
|-damage|p1a: Hawlucha|45/100|[from] Stealth Rock
|-ability|p1a: Hawlucha|Mold Breaker
|-enditem|p1a: Hawlucha|Sitrus Berry|[eat]
|-heal|p1a: Hawlucha|70/100|[from] item: Sitrus Berry
|turn|15
|
|t:|1760718883
|move|p1a: Hawlucha|Brave Bird|p2a: Kommo-o
|-supereffective|p2a: Kommo-o
|-damage|p2a: Kommo-o|13/100
|-damage|p1a: Hawlucha|57/100|[from] Recoil
|move|p2a: Kommo-o|Dragon Tail|p1a: Hawlucha
|-damage|p1a: Hawlucha|24/100
|drag|p1a: Bellibolt|Bellibolt, F|83/100
|-damage|p1a: Bellibolt|71/100|[from] Stealth Rock
|
|-heal|p2a: Kommo-o|19/100|[from] item: Leftovers
|upkeep
|turn|16
|
|t:|1760718896
|move|p2a: Kommo-o|Body Press|p1a: Bellibolt
|-damage|p1a: Bellibolt|13/100
|-start|p1a: Bellibolt|Charge|Body Press|[from] ability: Electromorphosis
|move|p1a: Bellibolt|Volt Switch|p2a: Kommo-o
|-resisted|p2a: Kommo-o
|-damage|p2a: Kommo-o|0 fnt
|faint|p2a: Kommo-o
|-end|p1a: Bellibolt|Charge|[silent]
|
|t:|1760718906
|switch|p1a: Hawlucha|Hawlucha, M|24/100|[from] Volt Switch
|-damage|p1a: Hawlucha|11/100|[from] Stealth Rock
|-ability|p1a: Hawlucha|Mold Breaker
|
|upkeep
|
|t:|1760718921
|switch|p2a: Scizor|Scizor, M|100/100
|-damage|p2a: Scizor|88/100|[from] Stealth Rock
|-damage|p2a: Scizor|71/100|[from] Spikes
|turn|17
|
|t:|1760718927
|move|p2a: Scizor|Bullet Punch|p1a: Hawlucha
|-damage|p1a: Hawlucha|0 fnt
|faint|p1a: Hawlucha
|
|upkeep
|
|t:|1760718932
|switch|p1a: Bellibolt|Bellibolt, F|13/100
|-damage|p1a: Bellibolt|1/100|[from] Stealth Rock
|turn|18
|
|t:|1760718937
|move|p2a: Scizor|Bullet Punch|p1a: Bellibolt
|-resisted|p1a: Bellibolt
|-damage|p1a: Bellibolt|0 fnt
|faint|p1a: Bellibolt
|
|win|Batzeus99
|raw|benjikong14's rating: 1123 &rarr; <strong>1101</strong><br />(-22 for losing)
|raw|Batzeus99's rating: 1171 &rarr; <strong>1193</strong><br />(+22 for winning)
|l|☆benjikong14
|player|p1|
