|j|☆one thundillion
|j|☆TheRayVGC
|t:|1760853145
|gametype|singles
|player|p1|one thundillion|beauty-gen6xy|1494
|player|p2|TheRayVGC|265|1525
|gen|9
|tier|[Gen 9] OU
|rated|
|rule|HP Percentage Mod: HP is shown in percentages
|rule|Endless Battle Clause: Forcing endless battles is banned
|rule|Species Clause: Limit one of each Pokémon
|rule|OHKO Clause: OHKO moves are banned
|rule|Evasion Items Clause: Evasion items are banned
|rule|Evasion Moves Clause: Evasion moves are banned
|rule|Evasion Abilities Clause: Evasion abilities are banned
|rule|Sleep Moves Clause: Sleep-inducing moves are banned
|clearpoke
|poke|p1|Heatran, M|
|poke|p1|Ogerpon-Wellspring, F|
|poke|p1|Rillaboom, M|
|poke|p1|Great Tusk|
|poke|p1|Dragapult, M|
|poke|p1|Bronzong|
|poke|p2|Venusaur, F|
|poke|p2|Walking Wake|
|poke|p2|Slither Wing|
|poke|p2|Slowking-Galar, F|
|poke|p2|Ninetales, F|
|poke|p2|Corviknight, F|
|teampreview
|inactive|Battle timer is ON: inactive players will automatically lose when time's up. (requested by one thundillion)
|
|t:|1760853149
|teamsize|p1|6
|teamsize|p2|6
|start
|switch|p1a: Heatran|Heatran, M|100/100
|switch|p2a: Slither Wing|Slither Wing|100/100
|turn|1
|
|t:|1760853154
|switch|p1a: Bronzong|Bronzong, shiny|100/100
|move|p2a: Slither Wing|Close Combat|p1a: Bronzong
|-damage|p1a: Bronzong|37/100
|-unboost|p2a: Slither Wing|def|1
|-unboost|p2a: Slither Wing|spd|1
|
|upkeep
|turn|2
|
|t:|1760853159
|switch|p1a: Dragapult|Dragapult, M|100/100
|move|p2a: Slither Wing|Close Combat|p1a: Dragapult
|-immune|p1a: Dragapult
|
|upkeep
|turn|3
|
|t:|1760853168
|-end|p2a: Slither Wing|Protosynthesis|[silent]
|switch|p2a: Slowking|Slowking-Galar, F|100/100
|move|p1a: Dragapult|Draco Meteor|p2a: Slowking|[miss]
|-miss|p1a: Dragapult|p2a: Slowking
|
|upkeep
|turn|4
|
|t:|1760853195
|switch|p1a: Bronzong|Bronzong, shiny|37/100
|move|p2a: Slowking|Ice Beam|p1a: Bronzong
|-resisted|p1a: Bronzong
|-damage|p1a: Bronzong|25/100
|
|upkeep
|turn|5
|
|t:|1760853217
|move|p1a: Bronzong|Stealth Rock|p2a: Slowking
|-sidestart|p2: TheRayVGC|move: Stealth Rock
|move|p2a: Slowking|Flamethrower|p1a: Bronzong
|-supereffective|p1a: Bronzong
|-damage|p1a: Bronzong|0 fnt
|faint|p1a: Bronzong
|
|upkeep
|
|t:|1760853223
|switch|p1a: Rillaboom|Rillaboom, M|100/100
|-fieldstart|move: Grassy Terrain|[from] ability: Grassy Surge|[of] p1a: Rillaboom
|turn|6
|
|t:|1760853231
|switch|p2a: Corviknight|Corviknight, F|100/100
|-damage|p2a: Corviknight|88/100|[from] Stealth Rock
|-ability|p2a: Corviknight|Pressure
|move|p1a: Rillaboom|Knock Off|p2a: Corviknight
|-damage|p2a: Corviknight|67/100
|-damage|p1a: Rillaboom|84/100|[from] item: Rocky Helmet|[of] p2a: Corviknight
|-enditem|p2a: Corviknight|Rocky Helmet|[from] move: Knock Off|[of] p1a: Rillaboom
|
|-heal|p1a: Rillaboom|90/100|[from] Grassy Terrain
|upkeep
|turn|7
|
|t:|1760853252
|move|p1a: Rillaboom|U-turn|p2a: Corviknight
|-resisted|p2a: Corviknight
|-damage|p2a: Corviknight|63/100
|
|t:|1760853254
|switch|p1a: Heatran|Heatran, M|100/100|[from] U-turn
|move|p2a: Corviknight|Defog|p1a: Heatran
|-unboost|p1a: Heatran|evasion|1
|-sideend|p2: TheRayVGC|Stealth Rock|[from] move: Defog|[of] p2a: Corviknight
|-fieldend|move: Grassy Terrain
|
|upkeep
|turn|8
|inactive|TheRayVGC has 120 seconds left.
|
|t:|1760853297
|switch|p2a: Slowking|Slowking-Galar, F|100/100
|move|p1a: Heatran|Magma Storm|p2a: Slowking
|-damage|p2a: Slowking|78/100
|-activate|p2a: Slowking|move: Magma Storm|[of] p1a: Heatran
|
|-damage|p2a: Slowking|66/100|[from] move: Magma Storm|[partiallytrapped]
|upkeep
|turn|9
|inactive|one thundillion has 120 seconds left.
|
|t:|1760853332
|move|p1a: Heatran|Taunt|p2a: Slowking
|-start|p2a: Slowking|move: Taunt
|move|p2a: Slowking|Psyshock|p1a: Heatran
|-resisted|p1a: Heatran
|-damage|p1a: Heatran|85/100
|
|-heal|p1a: Heatran|91/100|[from] item: Leftovers
|-damage|p2a: Slowking|53/100|[from] move: Magma Storm|[partiallytrapped]
|upkeep
|turn|10
|inactive|TheRayVGC has 120 seconds left.
|
|t:|1760853338
|move|p1a: Heatran|Earth Power|p2a: Slowking
|-supereffective|p2a: Slowking
|-damage|p2a: Slowking|28/100
|move|p2a: Slowking|Psyshock|p1a: Heatran
|-resisted|p1a: Heatran
|-damage|p1a: Heatran|75/100
|
|-heal|p1a: Heatran|81/100|[from] item: Leftovers
|-damage|p2a: Slowking|15/100|[from] move: Magma Storm|[partiallytrapped]
|upkeep
|turn|11
|inactive|one thundillion has 120 seconds left.
|
|t:|1760853357
|move|p1a: Heatran|Earth Power|p2a: Slowking
|-supereffective|p2a: Slowking
|-damage|p2a: Slowking|0 fnt
|faint|p2a: Slowking
|
|-heal|p1a: Heatran|87/100|[from] item: Leftovers
|upkeep
|
|t:|1760853365
|switch|p2a: Walking Wake|Walking Wake|100/100
|turn|12
|
|t:|1760853374
|move|p2a: Walking Wake|Draco Meteor|p1a: Heatran
|-resisted|p1a: Heatran
|-damage|p1a: Heatran|58/100
|-unboost|p2a: Walking Wake|spa|2
|move|p1a: Heatran|Magma Storm|p2a: Walking Wake
|-resisted|p2a: Walking Wake
|-damage|p2a: Walking Wake|87/100
|-activate|p2a: Walking Wake|move: Magma Storm|[of] p1a: Heatran
|
|-heal|p1a: Heatran|64/100|[from] item: Leftovers
|-damage|p2a: Walking Wake|75/100|[from] move: Magma Storm|[partiallytrapped]
|upkeep
|turn|13
|inactive|one thundillion has 120 seconds left.
|
|t:|1760853395
|move|p2a: Walking Wake|Draco Meteor|p1a: Heatran
|-resisted|p1a: Heatran
|-damage|p1a: Heatran|48/100
|-unboost|p2a: Walking Wake|spa|2
|move|p1a: Heatran|Earth Power|p2a: Walking Wake
|-damage|p2a: Walking Wake|41/100
|
|-heal|p1a: Heatran|54/100|[from] item: Leftovers
|-damage|p2a: Walking Wake|29/100|[from] move: Magma Storm|[partiallytrapped]
|upkeep
|turn|14
|
|t:|1760853421
|move|p2a: Walking Wake|Draco Meteor|p1a: Heatran
|-resisted|p1a: Heatran
|-damage|p1a: Heatran|43/100
|-unboost|p2a: Walking Wake|spa|2
|move|p1a: Heatran|Earth Power|p2a: Walking Wake
|-damage|p2a: Walking Wake|0 fnt
|faint|p2a: Walking Wake
|-end|p2a: Walking Wake|Protosynthesis|[silent]
|
|-heal|p1a: Heatran|49/100|[from] item: Leftovers
|upkeep
|
|t:|1760853429
|switch|p2a: Slither Wing|Slither Wing|100/100
|turn|15
|inactive|one thundillion has 120 seconds left.
|
|t:|1760853456
|switch|p1a: Dragapult|Dragapult, M|100/100
|move|p2a: Slither Wing|Close Combat|p1a: Dragapult
|-immune|p1a: Dragapult
|
|upkeep
|turn|16
|
|t:|1760853460
|-end|p2a: Slither Wing|Protosynthesis|[silent]
|switch|p2a: Ninetales|Ninetales, F|100/100
|-weather|SunnyDay|[from] ability: Drought|[of] p2a: Ninetales
|move|p1a: Dragapult|Shadow Ball|p2a: Ninetales
|-damage|p2a: Ninetales|38/100
|
|-weather|SunnyDay|[upkeep]
|upkeep
|turn|17
|
|t:|1760853466
|move|p1a: Dragapult|Shadow Ball|p2a: Ninetales
|-damage|p2a: Ninetales|0 fnt
|faint|p2a: Ninetales
|
|-weather|SunnyDay|[upkeep]
|upkeep
|
|t:|1760853471
|switch|p2a: Venusaur|Venusaur, F|100/100
|turn|18
|
|t:|1760853494
|move|p2a: Venusaur|Growth|p2a: Venusaur
|-boost|p2a: Venusaur|atk|2
|-boost|p2a: Venusaur|spa|2
|move|p1a: Dragapult|Shadow Ball|p2a: Venusaur
|-damage|p2a: Venusaur|39/100
|
|-weather|SunnyDay|[upkeep]
|upkeep
|turn|19
|
|t:|1760853508
|move|p2a: Venusaur|Giga Drain|p1a: Dragapult
|-resisted|p1a: Dragapult
|-damage|p1a: Dragapult|45/100
|-heal|p2a: Venusaur|69/100|[from] drain|[of] p1a: Dragapult
|-damage|p2a: Venusaur|59/100|[from] item: Life Orb
|move|p1a: Dragapult|Shadow Ball|p2a: Venusaur
|-damage|p2a: Venusaur|3/100
|
|-weather|SunnyDay|[upkeep]
|upkeep
|turn|20
|
|t:|1760853512
|switch|p1a: Heatran|Heatran, M|49/100
|move|p2a: Venusaur|Giga Drain|p1a: Heatran
|-resisted|p1a: Heatran
|-damage|p1a: Heatran|36/100
|-heal|p2a: Venusaur|11/100|[from] drain|[of] p1a: Heatran
|-damage|p2a: Venusaur|1/100|[from] item: Life Orb
|
|-weather|SunnyDay|[upkeep]
|-heal|p1a: Heatran|43/100|[from] item: Leftovers
|upkeep
|turn|21
|
|t:|1760853517
|move|p2a: Venusaur|Earthquake|p1a: Heatran
|-supereffective|p1a: Heatran
|-damage|p1a: Heatran|0 fnt
|faint|p1a: Heatran
|-damage|p2a: Venusaur|0 fnt|[from] item: Life Orb
|faint|p2a: Venusaur
|
|-weather|SunnyDay|[upkeep]
|upkeep
|
|t:|1760853525
|switch|p2a: Slither Wing|Slither Wing|100/100
|switch|p1a: Dragapult|Dragapult, M|45/100
|-activate|p2a: Slither Wing|ability: Protosynthesis
|-start|p2a: Slither Wing|protosynthesisatk
|turn|22
|
|t:|1760853539
|switch|p1a: Great Tusk|Great Tusk|100/100
|-activate|p1a: Great Tusk|ability: Protosynthesis
|-start|p1a: Great Tusk|protosynthesisatk
|move|p2a: Slither Wing|First Impression|p1a: Great Tusk
|-resisted|p1a: Great Tusk
|-damage|p1a: Great Tusk|62/100
|
|-weather|SunnyDay|[upkeep]
|upkeep
|turn|23
|
|t:|1760853544
|-end|p2a: Slither Wing|Protosynthesis|[silent]
|switch|p2a: Corviknight|Corviknight, F|63/100
|-ability|p2a: Corviknight|Pressure
|move|p1a: Great Tusk|Close Combat|p2a: Corviknight
|-crit|p2a: Corviknight
|-damage|p2a: Corviknight|0 fnt
|-unboost|p1a: Great Tusk|def|1
|-unboost|p1a: Great Tusk|spd|1
|faint|p2a: Corviknight
|
|-weather|none
|-end|p1a: Great Tusk|Protosynthesis
|upkeep
|
|t:|1760853547
|switch|p2a: Slither Wing|Slither Wing|100/100
|turn|24
|
|t:|1760853552
|move|p2a: Slither Wing|First Impression|p1a: Great Tusk
|-resisted|p1a: Great Tusk
|-damage|p1a: Great Tusk|16/100
|move|p1a: Great Tusk|Headlong Rush|p2a: Slither Wing
|-resisted|p2a: Slither Wing
|-damage|p2a: Slither Wing|66/100
|-unboost|p1a: Great Tusk|def|1
|-unboost|p1a: Great Tusk|spd|1
|
|upkeep
|turn|25
|-message|TheRayVGC forfeited.
|
|win|one thundillion
|raw|one thundillion's rating: 1471 &rarr; <strong>1494</strong><br />(+23 for winning)
|raw|TheRayVGC's rating: 1525 &rarr; <strong>1502</strong><br />(-23 for losing)
|l|☆TheRayVGC
|player|p2|
|l|☆one thundillion
|player|p1|
