|j|☆birdbrostm
|j|☆Kalakengking
|t:|1760857554
|gametype|singles
|player|p1|birdbrostm|n|1348
|player|p2|Kalakengking|gladion-stance|1253
|gen|9
|tier|[Gen 9] OU
|rated|
|rule|HP Percentage Mod: HP is shown in percentages
|rule|Endless Battle Clause: Forcing endless battles is banned
|rule|Species Clause: Limit one of each Pokémon
|rule|OHKO Clause: OHKO moves are banned
|rule|Evasion Items Clause: Evasion items are banned
|rule|Evasion Moves Clause: Evasion moves are banned
|rule|Evasion Abilities Clause: Evasion abilities are banned
|rule|Sleep Moves Clause: Sleep-inducing moves are banned
|clearpoke
|poke|p1|Landorus-Therian, M|
|poke|p1|Indeedee, M|
|poke|p1|Scizor, F|
|poke|p1|Cinderace, M|
|poke|p1|Primarina, F|
|poke|p1|Hawlucha, M|
|poke|p2|Ninetales, M|
|poke|p2|Typhlosion, M|
|poke|p2|Torkoal, F|
|poke|p2|Great Tusk|
|poke|p2|Walking Wake|
|poke|p2|Whimsicott, F|
|teampreview
|inactive|Battle timer is ON: inactive players will automatically lose when time's up. (requested by Kalakengking)
|inactive|birdbrostm also wants the timer to be on.
|
|t:|1760857562
|teamsize|p1|6
|teamsize|p2|6
|start
|switch|p1a: Landorus|Landorus-Therian, M|100/100
|switch|p2a: Ninetales|Ninetales, M|100/100
|-weather|SunnyDay|[from] ability: Drought|[of] p2a: Ninetales
|-ability|p1a: Landorus|Intimidate|boost
|-unboost|p2a: Ninetales|atk|1
|turn|1
|
|t:|1760857566
|move|p2a: Ninetales|Will-O-Wisp|p1a: Landorus|[miss]
|-miss|p2a: Ninetales|p1a: Landorus
|move|p1a: Landorus|Stealth Rock|p2a: Ninetales
|-sidestart|p2: Kalakengking|move: Stealth Rock
|
|-weather|SunnyDay|[upkeep]
|upkeep
|turn|2
|
|t:|1760857572
|switch|p1a: Cinderace|Cinderace, M|100/100
|move|p2a: Ninetales|Solar Beam||[still]
|-prepare|p2a: Ninetales|Solar Beam
|-anim|p2a: Ninetales|Solar Beam|p1a: Cinderace
|-resisted|p1a: Cinderace
|-damage|p1a: Cinderace|77/100
|
|-weather|SunnyDay|[upkeep]
|upkeep
|turn|3
|
|t:|1760857583
|switch|p2a: Walking Wake|Walking Wake|100/100
|-activate|p2a: Walking Wake|ability: Protosynthesis
|-start|p2a: Walking Wake|protosynthesisspa
|move|p1a: Cinderace|Pyro Ball|p2a: Walking Wake|[miss]
|-miss|p1a: Cinderace|p2a: Walking Wake
|
|-weather|SunnyDay|[upkeep]
|upkeep
|turn|4
|
|t:|1760857589
|switch|p1a: Primarina|Primarina, F|100/100
|move|p2a: Walking Wake|Dragon Pulse|p1a: Primarina
|-immune|p1a: Primarina
|
|-weather|SunnyDay|[upkeep]
|upkeep
|turn|5
|
|t:|1760857595
|move|p2a: Walking Wake|Flip Turn|p1a: Primarina
|-resisted|p1a: Primarina
|-damage|p1a: Primarina|97/100
|
|t:|1760857597
|-end|p2a: Walking Wake|Protosynthesis|[silent]
|switch|p2a: Whimsicott|Whimsicott, F|100/100|[from] Flip Turn
|-damage|p2a: Whimsicott|88/100|[from] Stealth Rock
|move|p1a: Primarina|Calm Mind|p1a: Primarina
|-boost|p1a: Primarina|spa|1
|-boost|p1a: Primarina|spd|1
|
|-weather|SunnyDay|[upkeep]
|-heal|p1a: Primarina|100/100|[from] item: Leftovers
|upkeep
|turn|6
|
|t:|1760857604
|move|p2a: Whimsicott|Growth|p2a: Whimsicott
|-boost|p2a: Whimsicott|atk|2
|-boost|p2a: Whimsicott|spa|2
|move|p1a: Primarina|Draining Kiss|p2a: Whimsicott
|-damage|p2a: Whimsicott|35/100
|
|-weather|SunnyDay|[upkeep]
|upkeep
|turn|7
|
|t:|1760857607
|move|p2a: Whimsicott|Giga Drain|p1a: Primarina
|-supereffective|p1a: Primarina
|-damage|p1a: Primarina|7/100
|-heal|p2a: Whimsicott|89/100|[from] drain|[of] p1a: Primarina
|-damage|p2a: Whimsicott|79/100|[from] item: Life Orb
|move|p1a: Primarina|Draining Kiss|p2a: Whimsicott
|-damage|p2a: Whimsicott|23/100
|-heal|p1a: Primarina|44/100|[from] drain|[of] p2a: Whimsicott
|
|-weather|SunnyDay|[upkeep]
|-heal|p1a: Primarina|50/100|[from] item: Leftovers
|upkeep
|turn|8
|
|t:|1760857622
|move|p2a: Whimsicott|Giga Drain|p1a: Primarina
|-supereffective|p1a: Primarina
|-damage|p1a: Primarina|0 fnt
|-heal|p2a: Whimsicott|51/100|[from] drain|[of] p1a: Primarina
|faint|p1a: Primarina
|-damage|p2a: Whimsicott|41/100|[from] item: Life Orb
|
|-weather|none
|upkeep
|
|t:|1760857626
|switch|p1a: Cinderace|Cinderace, M|77/100
|turn|9
|
|t:|1760857634
|switch|p2a: Torkoal|Torkoal, F|100/100
|-damage|p2a: Torkoal|76/100|[from] Stealth Rock
|-weather|SunnyDay|[from] ability: Drought|[of] p2a: Torkoal
|move|p1a: Cinderace|U-turn|p2a: Torkoal
|-start|p1a: Cinderace|typechange|Bug|[from] ability: Libero
|-resisted|p2a: Torkoal
|-damage|p2a: Torkoal|63/100
|
|t:|1760857637
|switch|p1a: Indeedee|Indeedee, M|100/100|[from] U-turn
|-fieldstart|move: Psychic Terrain|[from] ability: Psychic Surge|[of] p1a: Indeedee
|
|-weather|SunnyDay|[upkeep]
|upkeep
|turn|10
|
|t:|1760857643
|-terastallize|p1a: Indeedee|Psychic
|move|p1a: Indeedee|Expanding Force|p2a: Torkoal
|-damage|p2a: Torkoal|0 fnt
|faint|p2a: Torkoal
|
|-weather|SunnyDay|[upkeep]
|upkeep
|
|t:|1760857647
|switch|p2a: Typhlosion|Typhlosion, M|100/100
|-damage|p2a: Typhlosion|76/100|[from] Stealth Rock
|turn|11
|
|t:|1760857649
|-terastallize|p2a: Typhlosion|Fire
|move|p2a: Typhlosion|Lava Plume|p1a: Indeedee
|-damage|p1a: Indeedee|3/100
|move|p1a: Indeedee|Expanding Force|p2a: Typhlosion
|-damage|p2a: Typhlosion|0 fnt
|faint|p2a: Typhlosion
|
|-weather|SunnyDay|[upkeep]
|upkeep
|
|t:|1760857658
|switch|p2a: Whimsicott|Whimsicott, F|41/100
|-damage|p2a: Whimsicott|29/100|[from] Stealth Rock
|turn|12
|
|t:|1760857665
|switch|p1a: Hawlucha|Hawlucha, M|100/100
|-enditem|p1a: Hawlucha|Psychic Seed
|-boost|p1a: Hawlucha|spd|1|[from] item: Psychic Seed
|move|p2a: Whimsicott|Moonblast|p1a: Hawlucha
|-supereffective|p1a: Hawlucha
|-damage|p1a: Hawlucha|0 fnt
|faint|p1a: Hawlucha
|-damage|p2a: Whimsicott|19/100|[from] item: Life Orb
|
|-weather|SunnyDay|[upkeep]
|upkeep
|
|t:|1760857672
|switch|p1a: Cinderace|Cinderace, M|77/100
|turn|13
|
|t:|1760857674
|move|p2a: Whimsicott|Moonblast|p1a: Cinderace
|-resisted|p1a: Cinderace
|-damage|p1a: Cinderace|44/100
|-damage|p2a: Whimsicott|9/100|[from] item: Life Orb
|move|p1a: Cinderace|U-turn|p2a: Whimsicott
|-start|p1a: Cinderace|typechange|Bug|[from] ability: Libero
|-damage|p2a: Whimsicott|0 fnt
|faint|p2a: Whimsicott
|
|t:|1760857682
|switch|p1a: Landorus|Landorus-Therian, M|100/100|[from] U-turn
|
|-weather|SunnyDay|[upkeep]
|-fieldend|move: Psychic Terrain
|upkeep
|
|t:|1760857685
|switch|p2a: Great Tusk|Great Tusk|100/100
|-activate|p2a: Great Tusk|ability: Protosynthesis
|-start|p2a: Great Tusk|protosynthesisspe
|turn|14
|
|t:|1760857693
|move|p2a: Great Tusk|Rapid Spin|p1a: Landorus
|-damage|p1a: Landorus|85/100
|-boost|p2a: Great Tusk|spe|1
|-damage|p2a: Great Tusk|84/100|[from] item: Rocky Helmet|[of] p1a: Landorus
|-sideend|p2: Kalakengking|Stealth Rock|[from] move: Rapid Spin|[of] p2a: Great Tusk
|move|p1a: Landorus|U-turn|p2a: Great Tusk
|-resisted|p2a: Great Tusk
|-damage|p2a: Great Tusk|75/100
|
|t:|1760857696
|switch|p1a: Indeedee|Indeedee, M, tera:Psychic|3/100|[from] U-turn
|-fieldstart|move: Psychic Terrain|[from] ability: Psychic Surge|[of] p1a: Indeedee
|
|-weather|SunnyDay|[upkeep]
|upkeep
|turn|15
|
|t:|1760857703
|move|p2a: Great Tusk|Close Combat|p1a: Indeedee
|-resisted|p1a: Indeedee
|-damage|p1a: Indeedee|0 fnt
|-unboost|p2a: Great Tusk|def|1
|-unboost|p2a: Great Tusk|spd|1
|faint|p1a: Indeedee
|
|-weather|SunnyDay|[upkeep]
|upkeep
|
|t:|1760857709
|switch|p1a: Landorus|Landorus-Therian, M|85/100
|-ability|p1a: Landorus|Intimidate|boost
|-unboost|p2a: Great Tusk|atk|1
|turn|16
|
|t:|1760857716
|move|p2a: Great Tusk|Ice Spinner|p1a: Landorus
|-supereffective|p1a: Landorus
|-damage|p1a: Landorus|8/100
|-damage|p2a: Great Tusk|59/100|[from] item: Rocky Helmet|[of] p1a: Landorus
|-fieldend|move: Psychic Terrain
|move|p1a: Landorus|Earthquake|p2a: Great Tusk
|-damage|p2a: Great Tusk|3/100
|
|-weather|none
|-end|p2a: Great Tusk|Protosynthesis
|upkeep
|turn|17
|
|t:|1760857725
|move|p2a: Great Tusk|Ice Spinner|p1a: Landorus
|-supereffective|p1a: Landorus
|-damage|p1a: Landorus|0 fnt
|-damage|p2a: Great Tusk|0 fnt|[from] item: Rocky Helmet|[of] p1a: Landorus
|faint|p1a: Landorus
|faint|p2a: Great Tusk
|-end|p2a: Great Tusk|Protosynthesis|[silent]
|
|upkeep
|
|t:|1760857733
|switch|p1a: Cinderace|Cinderace, M|44/100
|switch|p2a: Ninetales|Ninetales, M|100/100
|-weather|SunnyDay|[from] ability: Drought|[of] p2a: Ninetales
|turn|18
|
|t:|1760857737
|move|p1a: Cinderace|Pyro Ball|p2a: Ninetales
|-resisted|p2a: Ninetales
|-damage|p2a: Ninetales|36/100
|move|p2a: Ninetales|Weather Ball|p1a: Cinderace
|-resisted|p1a: Cinderace
|-damage|p1a: Cinderace|5/100
|
|-weather|SunnyDay|[upkeep]
|upkeep
|turn|19
|
|t:|1760857742
|move|p1a: Cinderace|Pyro Ball|p2a: Ninetales
|-resisted|p2a: Ninetales
|-damage|p2a: Ninetales|0 fnt
|faint|p2a: Ninetales
|
|-weather|SunnyDay|[upkeep]
|upkeep
|
|t:|1760857743
|switch|p2a: Walking Wake|Walking Wake|100/100
|-activate|p2a: Walking Wake|ability: Protosynthesis
|-start|p2a: Walking Wake|protosynthesisspa
|turn|20
|
|t:|1760857746
|move|p1a: Cinderace|Sucker Punch|p2a: Walking Wake
|-start|p1a: Cinderace|typechange|Dark|[from] ability: Libero
|-crit|p2a: Walking Wake
|-damage|p2a: Walking Wake|42/100
|move|p2a: Walking Wake|Hydro Steam|p1a: Cinderace
|-damage|p1a: Cinderace|0 fnt
|faint|p1a: Cinderace
|
|-weather|SunnyDay|[upkeep]
|upkeep
|
|t:|1760857750
|switch|p1a: Scizor|Scizor, F|100/100
|turn|21
|
|t:|1760857752
|move|p1a: Scizor|Bullet Punch|p2a: Walking Wake
|-resisted|p2a: Walking Wake
|-damage|p2a: Walking Wake|18/100
|-damage|p1a: Scizor|91/100|[from] item: Life Orb
|move|p2a: Walking Wake|Weather Ball|p1a: Scizor
|-supereffective|p1a: Scizor
|-damage|p1a: Scizor|0 fnt
|faint|p1a: Scizor
|
|win|Kalakengking
|raw|birdbrostm's rating: 1348 &rarr; <strong>1323</strong><br />(-25 for losing)
|raw|Kalakengking's rating: 1253 &rarr; <strong>1285</strong><br />(+32 for winning)
|l|☆Kalakengking
|player|p2|
|l|☆birdbrostm
|player|p1|
