|j|☆Alx12
|j|☆skiing in sudan
|t:|1760731513
|gametype|singles
|player|p1|Alx12|skier|1614
|player|p2|skiing in sudan|iris-gen5bw2|1616
|gen|9
|tier|[Gen 9] OU
|rated|
|rule|HP Percentage Mod: HP is shown in percentages
|rule|Endless Battle Clause: Forcing endless battles is banned
|rule|Species Clause: Limit one of each Pokémon
|rule|OHKO Clause: OHKO moves are banned
|rule|Evasion Items Clause: Evasion items are banned
|rule|Evasion Moves Clause: Evasion moves are banned
|rule|Evasion Abilities Clause: Evasion abilities are banned
|rule|Sleep Moves Clause: Sleep-inducing moves are banned
|clearpoke
|poke|p1|Ceruledge, F|
|poke|p1|Walking Wake|
|poke|p1|Zamazenta-*|
|poke|p1|Garchomp, M|
|poke|p1|Primarina, M|
|poke|p1|Ogerpon-Wellspring, F|
|poke|p2|Torkoal, F|
|poke|p2|Walking Wake|
|poke|p2|Great Tusk|
|poke|p2|Iron Moth|
|poke|p2|Slither Wing|
|poke|p2|Hatterene, F|
|teampreview
|c|☆skiing in sudan|hf
|
|t:|1760731561
|teamsize|p1|6
|teamsize|p2|6
|start
|switch|p1a: Garchomp|Garchomp, M|100/100
|switch|p2a: Torkoal|Torkoal, F|100/100
|-weather|SunnyDay|[from] ability: Drought|[of] p2a: Torkoal
|turn|1
|
|t:|1760731568
|switch|p2a: Hatterene|Hatterene, F|100/100
|move|p1a: Garchomp|Earthquake|p2a: Hatterene
|-damage|p2a: Hatterene|53/100
|-enditem|p2a: Hatterene|Eject Button
|-damage|p1a: Garchomp|91/100|[from] item: Life Orb
|
|t:|1760731580
|switch|p2a: Great Tusk|Great Tusk|100/100
|-activate|p2a: Great Tusk|ability: Protosynthesis
|-start|p2a: Great Tusk|protosynthesisatk
|
|-weather|SunnyDay|[upkeep]
|upkeep
|turn|2
|
|t:|1760731589
|move|p1a: Garchomp|Draco Meteor|p2a: Great Tusk
|-damage|p2a: Great Tusk|45/100
|-unboost|p1a: Garchomp|spa|2
|-damage|p1a: Garchomp|81/100|[from] item: Life Orb
|move|p2a: Great Tusk|Rapid Spin|p1a: Garchomp
|-damage|p1a: Garchomp|55/100
|-boost|p2a: Great Tusk|spe|1
|-damage|p2a: Great Tusk|32/100|[from] ability: Rough Skin|[of] p1a: Garchomp
|
|-weather|SunnyDay|[upkeep]
|upkeep
|turn|3
|
|t:|1760731613
|-end|p2a: Great Tusk|Protosynthesis|[silent]
|switch|p2a: Slither Wing|Slither Wing|100/100
|-activate|p2a: Slither Wing|ability: Protosynthesis
|-start|p2a: Slither Wing|protosynthesisatk
|switch|p1a: Zamazenta|Zamazenta|100/100
|-ability|p1a: Zamazenta|Dauntless Shield|boost
|-boost|p1a: Zamazenta|def|1
|
|-weather|SunnyDay|[upkeep]
|upkeep
|turn|4
|
|t:|1760731617
|move|p1a: Zamazenta|Stone Edge|p2a: Slither Wing
|-damage|p2a: Slither Wing|64/100
|move|p2a: Slither Wing|U-turn|p1a: Zamazenta
|-resisted|p1a: Zamazenta
|-damage|p1a: Zamazenta|84/100
|
|t:|1760731623
|-end|p2a: Slither Wing|Protosynthesis|[silent]
|switch|p2a: Walking Wake|Walking Wake|100/100|[from] U-turn
|-activate|p2a: Walking Wake|ability: Protosynthesis
|-start|p2a: Walking Wake|protosynthesisspe
|
|-weather|SunnyDay|[upkeep]
|upkeep
|turn|5
|
|t:|1760731634
|switch|p1a: Primarina|Primarina, M|100/100
|move|p2a: Walking Wake|Flip Turn|p1a: Primarina
|-resisted|p1a: Primarina
|-damage|p1a: Primarina|95/100
|
|t:|1760731637
|-end|p2a: Walking Wake|Protosynthesis|[silent]
|switch|p2a: Great Tusk|Great Tusk|32/100|[from] Flip Turn
|-activate|p2a: Great Tusk|ability: Protosynthesis
|-start|p2a: Great Tusk|protosynthesisatk
|
|-weather|SunnyDay|[upkeep]
|upkeep
|turn|6
|
|t:|1760731647
|switch|p1a: Zamazenta|Zamazenta|84/100
|move|p2a: Great Tusk|Headlong Rush|p1a: Zamazenta
|-damage|p1a: Zamazenta|0 fnt
|-unboost|p2a: Great Tusk|def|1
|-unboost|p2a: Great Tusk|spd|1
|faint|p1a: Zamazenta
|
|-weather|SunnyDay|[upkeep]
|upkeep
|
|t:|1760731653
|switch|p1a: Garchomp|Garchomp, M|55/100
|turn|7
|
|t:|1760731657
|-end|p2a: Great Tusk|Protosynthesis|[silent]
|switch|p2a: Hatterene|Hatterene, F|53/100
|move|p1a: Garchomp|Stealth Rock|p2a: Hatterene
|move|p2a: Hatterene|Stealth Rock|p1a: Garchomp|[from] ability: Magic Bounce
|-sidestart|p1: Alx12|move: Stealth Rock
|
|-weather|SunnyDay|[upkeep]
|upkeep
|turn|8
|
|t:|1760731661
|move|p1a: Garchomp|Earthquake|p2a: Hatterene
|-damage|p2a: Hatterene|8/100
|-damage|p1a: Garchomp|45/100|[from] item: Life Orb
|move|p2a: Hatterene|Dazzling Gleam|p1a: Garchomp
|-supereffective|p1a: Garchomp
|-damage|p1a: Garchomp|0 fnt
|faint|p1a: Garchomp
|
|-weather|none
|upkeep
|
|t:|1760731674
|switch|p1a: Ceruledge|Ceruledge, F|100/100
|-damage|p1a: Ceruledge|76/100|[from] Stealth Rock
|turn|9
|
|t:|1760731680
|move|p1a: Ceruledge|Bitter Blade|p2a: Hatterene
|-damage|p2a: Hatterene|0 fnt
|-heal|p1a: Ceruledge|80/100|[from] drain|[of] p2a: Hatterene
|faint|p2a: Hatterene
|
|upkeep
|
|t:|1760731689
|switch|p2a: Walking Wake|Walking Wake|100/100
|turn|10
|
|t:|1760731697
|switch|p1a: Primarina|Primarina, M|95/100
|-damage|p1a: Primarina|83/100|[from] Stealth Rock
|move|p2a: Walking Wake|Hydro Steam|p1a: Primarina
|-resisted|p1a: Primarina
|-damage|p1a: Primarina|68/100
|
|upkeep
|turn|11
|
|t:|1760731700
|move|p2a: Walking Wake|Flip Turn|p1a: Primarina
|-resisted|p1a: Primarina
|-damage|p1a: Primarina|58/100
|
|t:|1760731703
|-end|p2a: Walking Wake|Protosynthesis|[silent]
|switch|p2a: Torkoal|Torkoal, F|100/100|[from] Flip Turn
|-weather|SunnyDay|[from] ability: Drought|[of] p2a: Torkoal
|move|p1a: Primarina|Flip Turn|p2a: Torkoal
|-supereffective|p2a: Torkoal
|-damage|p2a: Torkoal|91/100
|
|t:|1760731705
|switch|p1a: Walking Wake|Walking Wake|100/100|[from] Flip Turn
|-damage|p1a: Walking Wake|88/100|[from] Stealth Rock
|-activate|p1a: Walking Wake|ability: Protosynthesis
|-start|p1a: Walking Wake|protosynthesisspa
|
|-weather|SunnyDay|[upkeep]
|upkeep
|turn|12
|
|t:|1760731732
|switch|p2a: Great Tusk|Great Tusk|32/100
|-activate|p2a: Great Tusk|ability: Protosynthesis
|-start|p2a: Great Tusk|protosynthesisatk
|move|p1a: Walking Wake|Agility|p1a: Walking Wake
|-boost|p1a: Walking Wake|spe|2
|
|-weather|SunnyDay|[upkeep]
|upkeep
|turn|13
|
|t:|1760731741
|move|p1a: Walking Wake|Surf|p2a: Great Tusk
|-supereffective|p2a: Great Tusk
|-crit|p2a: Great Tusk
|-damage|p2a: Great Tusk|0 fnt
|faint|p2a: Great Tusk
|-end|p2a: Great Tusk|Protosynthesis|[silent]
|
|-weather|SunnyDay|[upkeep]
|upkeep
|
|t:|1760731744
|switch|p2a: Slither Wing|Slither Wing|64/100
|-activate|p2a: Slither Wing|ability: Protosynthesis
|-start|p2a: Slither Wing|protosynthesisatk
|turn|14
|
|t:|1760731752
|move|p2a: Slither Wing|First Impression|p1a: Walking Wake
|-damage|p1a: Walking Wake|14/100
|move|p1a: Walking Wake|Flamethrower|p2a: Slither Wing
|-supereffective|p2a: Slither Wing
|-damage|p2a: Slither Wing|0 fnt
|faint|p2a: Slither Wing
|-end|p2a: Slither Wing|Protosynthesis|[silent]
|
|-weather|SunnyDay|[upkeep]
|upkeep
|
|t:|1760731755
|switch|p2a: Walking Wake|Walking Wake|100/100
|-activate|p2a: Walking Wake|ability: Protosynthesis
|-start|p2a: Walking Wake|protosynthesisspe
|turn|15
|
|t:|1760731759
|-terastallize|p2a: Walking Wake|Fairy
|move|p1a: Walking Wake|Dragon Pulse|p2a: Walking Wake
|-immune|p2a: Walking Wake
|move|p2a: Walking Wake|Hydro Steam|p1a: Walking Wake
|-resisted|p1a: Walking Wake
|-damage|p1a: Walking Wake|0 fnt
|faint|p1a: Walking Wake
|-end|p1a: Walking Wake|Protosynthesis|[silent]
|
|-weather|SunnyDay|[upkeep]
|upkeep
|
|t:|1760731765
|switch|p1a: Primarina|Primarina, M|58/100
|-damage|p1a: Primarina|45/100|[from] Stealth Rock
|turn|16
|
|t:|1760731775
|move|p2a: Walking Wake|Flip Turn|p1a: Primarina
|-resisted|p1a: Primarina
|-crit|p1a: Primarina
|-damage|p1a: Primarina|37/100
|
|t:|1760731777
|-end|p2a: Walking Wake|Protosynthesis|[silent]
|switch|p2a: Iron Moth|Iron Moth|100/100|[from] Flip Turn
|move|p1a: Primarina|Moonblast|p2a: Iron Moth
|-resisted|p2a: Iron Moth
|-damage|p2a: Iron Moth|86/100
|
|-weather|SunnyDay|[upkeep]
|upkeep
|turn|17
|
|t:|1760731783
|move|p2a: Iron Moth|Sludge Wave|p1a: Primarina
|-supereffective|p1a: Primarina
|-damage|p1a: Primarina|0 fnt
|faint|p1a: Primarina
|
|-weather|SunnyDay|[upkeep]
|upkeep
|
|t:|1760731788
|switch|p1a: Ceruledge|Ceruledge, F|80/100
|-damage|p1a: Ceruledge|55/100|[from] Stealth Rock
|turn|18
|
|t:|1760731796
|move|p2a: Iron Moth|Acid Spray|p1a: Ceruledge
|-resisted|p1a: Ceruledge
|-damage|p1a: Ceruledge|43/100
|-unboost|p1a: Ceruledge|spd|2
|move|p1a: Ceruledge|Bitter Blade|p2a: Iron Moth
|-resisted|p2a: Iron Moth
|-crit|p2a: Iron Moth
|-damage|p2a: Iron Moth|0 fnt
|-heal|p1a: Ceruledge|87/100|[from] drain|[of] p2a: Iron Moth
|faint|p2a: Iron Moth
|-end|p2a: Iron Moth|Quark Drive|[silent]
|
|-weather|none
|upkeep
|
|t:|1760731803
|switch|p2a: Walking Wake|Walking Wake, tera:Fairy|100/100
|turn|19
|
|t:|1760731818
|move|p1a: Ceruledge|Endure|p1a: Ceruledge
|-singleturn|p1a: Ceruledge|move: Endure
|move|p2a: Walking Wake|Draco Meteor|p1a: Ceruledge
|-activate|p1a: Ceruledge|move: Endure
|-damage|p1a: Ceruledge|1/100
|-unboost|p2a: Walking Wake|spa|2
|
|upkeep
|turn|20
|
|t:|1760731828
|move|p1a: Ceruledge|Shadow Sneak|p2a: Walking Wake
|-damage|p2a: Walking Wake|77/100
|move|p2a: Walking Wake|Hydro Steam|p1a: Ceruledge
|-supereffective|p1a: Ceruledge
|-damage|p1a: Ceruledge|0 fnt
|faint|p1a: Ceruledge
|
|upkeep
|
|t:|1760731832
|switch|p1a: Ogerpon|Ogerpon-Wellspring, F|100/100
|-damage|p1a: Ogerpon|88/100|[from] Stealth Rock
|turn|21
|
|t:|1760731836
|-end|p2a: Walking Wake|Protosynthesis|[silent]
|switch|p2a: Torkoal|Torkoal, F|91/100
|-weather|SunnyDay|[from] ability: Drought|[of] p2a: Torkoal
|move|p1a: Ogerpon|Trailblaze|p2a: Torkoal
|-resisted|p2a: Torkoal
|-damage|p2a: Torkoal|79/100
|-boost|p1a: Ogerpon|spe|1
|
|-weather|SunnyDay|[upkeep]
|upkeep
|turn|22
|
|t:|1760731839
|-terastallize|p1a: Ogerpon|Water
|detailschange|p1a: Ogerpon|Ogerpon-Wellspring-Tera, F, tera:Water
|-ability|p1a: Ogerpon|Embody Aspect (Wellspring)|boost
|-boost|p1a: Ogerpon|spd|1
|move|p1a: Ogerpon|Ivy Cudgel|p2a: Torkoal|[anim] Ivy Cudgel Water
|-supereffective|p2a: Torkoal
|-crit|p2a: Torkoal
|-damage|p2a: Torkoal|0 fnt
|faint|p2a: Torkoal
|
|-weather|SunnyDay|[upkeep]
|upkeep
|
|t:|1760731846
|switch|p2a: Walking Wake|Walking Wake, tera:Fairy|77/100
|-activate|p2a: Walking Wake|ability: Protosynthesis
|-start|p2a: Walking Wake|protosynthesisspe
|turn|23
|
|t:|1760731852
|move|p2a: Walking Wake|Draco Meteor|p1a: Ogerpon
|-damage|p1a: Ogerpon|34/100
|-unboost|p2a: Walking Wake|spa|2
|move|p1a: Ogerpon|Ivy Cudgel|p2a: Walking Wake|[anim] Ivy Cudgel Water
|-damage|p2a: Walking Wake|31/100
|
|-weather|SunnyDay|[upkeep]
|upkeep
|turn|24
|
|t:|1760731861
|move|p2a: Walking Wake|Draco Meteor|p1a: Ogerpon
|-damage|p1a: Ogerpon|5/100
|-unboost|p2a: Walking Wake|spa|2
|move|p1a: Ogerpon|Trailblaze|p2a: Walking Wake
|-damage|p2a: Walking Wake|0 fnt
|-boost|p1a: Ogerpon|spe|1
|faint|p2a: Walking Wake
|-end|p2a: Walking Wake|Protosynthesis|[silent]
|
|win|Alx12
|raw|Alx12's rating: 1614 &rarr; <strong>1634</strong><br />(+20 for winning)
|raw|skiing in sudan's rating: 1616 &rarr; <strong>1596</strong><br />(-20 for losing)
|c|☆skiing in sudan|gg
|l|☆Alx12
|player|p1|
|l|☆skiing in sudan
|player|p2|
