|badge|p1|bronze|gen9ubers|100-7
|uhtml|medal-msg|<div class="broadcast-blue">Curious what those medals under the avatar are? PS now has Ladder Seasons! For more information, check out the <a href="https://www.smogon.com/forums/threads/3740067/">thread on Smogon.</a></div>
|j|☆Nikator98
|j|☆love is simple
|t:|1760791451
|gametype|singles
|player|p1|Nikator98|giovanni|1594
|player|p2|love is simple|dawn|1607
|gen|9
|tier|[Gen 9] OU
|rated|
|rule|HP Percentage Mod: HP is shown in percentages
|rule|Endless Battle Clause: Forcing endless battles is banned
|rule|Species Clause: Limit one of each Pokémon
|rule|OHKO Clause: OHKO moves are banned
|rule|Evasion Items Clause: Evasion items are banned
|rule|Evasion Moves Clause: Evasion moves are banned
|rule|Evasion Abilities Clause: Evasion abilities are banned
|rule|Sleep Moves Clause: Sleep-inducing moves are banned
|clearpoke
|poke|p1|Metagross|
|poke|p1|Great Tusk|
|poke|p1|Haxorus, M|
|poke|p1|Iron Moth|
|poke|p1|Zoroark-Hisui, M|
|poke|p1|Ninetales-Alola, F|
|poke|p2|Dondozo, M|
|poke|p2|Blissey, F|
|poke|p2|Corviknight, F|
|poke|p2|Weezing-Galar, M|
|poke|p2|Gliscor, M|
|poke|p2|Toxapex, F|
|teampreview
|inactive|Battle timer is ON: inactive players will automatically lose when time's up. (requested by love is simple)
|
|t:|1760791465
|teamsize|p1|6
|teamsize|p2|6
|start
|switch|p1a: Asfaloth|Ninetales-Alola, F, shiny|100/100
|switch|p2a: Gliscor|Gliscor, M|100/100
|-weather|Snowscape|[from] ability: Snow Warning|[of] p1a: Asfaloth
|turn|1
|
|t:|1760791476
|move|p2a: Gliscor|Protect|p2a: Gliscor
|-singleturn|p2a: Gliscor|Protect
|move|p1a: Asfaloth|Freeze-Dry|p2a: Gliscor
|-activate|p2a: Gliscor|move: Protect
|
|-weather|Snowscape|[upkeep]
|-status|p2a: Gliscor|tox|[from] item: Toxic Orb
|upkeep
|turn|2
|
|t:|1760791483
|switch|p2a: Blissey|Blissey, F|100/100
|move|p1a: Asfaloth|Freeze-Dry|p2a: Blissey
|-damage|p2a: Blissey|93/100
|
|-weather|Snowscape|[upkeep]
|-heal|p2a: Blissey|99/100|[from] item: Leftovers
|upkeep
|turn|3
|
|t:|1760791491
|switch|p1a: Kumaryia|Great Tusk, shiny|100/100
|move|p2a: Blissey|Seismic Toss|p1a: Kumaryia
|-damage|p1a: Kumaryia|74/100
|
|-weather|Snowscape|[upkeep]
|-heal|p2a: Blissey|100/100|[from] item: Leftovers
|upkeep
|turn|4
|
|t:|1760791498
|switch|p2a: Corviknight|Corviknight, F|100/100
|-ability|p2a: Corviknight|Pressure
|move|p1a: Kumaryia|Knock Off|p2a: Corviknight
|-damage|p2a: Corviknight|80/100
|-enditem|p2a: Corviknight|Leftovers|[from] move: Knock Off|[of] p1a: Kumaryia
|
|-weather|Snowscape|[upkeep]
|upkeep
|turn|5
|
|t:|1760791510
|-end|p1a: Kumaryia|Protosynthesis|[silent]
|switch|p1a: Arquillian Sentry|Metagross|100/100
|move|p2a: Corviknight|Body Press|p1a: Arquillian Sentry
|-damage|p1a: Arquillian Sentry|80/100
|
|-weather|none
|upkeep
|turn|6
|
|t:|1760791518
|move|p1a: Arquillian Sentry|Stealth Rock|p2a: Corviknight
|-sidestart|p2: love is simple|move: Stealth Rock
|move|p2a: Corviknight|Iron Defense|p2a: Corviknight
|-boost|p2a: Corviknight|def|2
|
|upkeep
|turn|7
|
|t:|1760791523
|switch|p1a: Arquillian Sentry|Metagross|100/100
|move|p2a: Corviknight|Defog|p1a: Arquillian Sentry
|-unboost|p1a: Arquillian Sentry|evasion|1
|-sideend|p2: love is simple|Stealth Rock|[from] move: Defog|[of] p2a: Corviknight
|
|upkeep
|turn|8
|
|t:|1760791533
|switch|p2a: Toxapex|Toxapex, F|100/100
|move|p1a: Arquillian Sentry|Flamethrower|p2a: Toxapex
|-resisted|p2a: Toxapex
|-damage|p2a: Toxapex|87/100
|
|-heal|p2a: Toxapex|93/100|[from] item: Leftovers
|upkeep
|turn|9
|
|t:|1760791542
|switch|p1a: Arquillian Sentry|Metagross|80/100
|move|p2a: Toxapex|Toxic Spikes|p1a: Arquillian Sentry
|-sidestart|p1: Nikator98|move: Toxic Spikes
|
|-heal|p2a: Toxapex|99/100|[from] item: Leftovers
|upkeep
|turn|10
|
|t:|1760791548
|switch|p2a: Corviknight|Corviknight, F|80/100
|-ability|p2a: Corviknight|Pressure
|move|p1a: Arquillian Sentry|Psychic Fangs|p2a: Corviknight
|-resisted|p2a: Corviknight
|-damage|p2a: Corviknight|64/100
|
|upkeep
|turn|11
|
|t:|1760791555
|move|p1a: Arquillian Sentry|Stealth Rock|p2a: Corviknight
|-sidestart|p2: love is simple|move: Stealth Rock
|move|p2a: Corviknight|Body Press|p1a: Arquillian Sentry
|-damage|p1a: Arquillian Sentry|58/100
|
|upkeep
|turn|12
|
|t:|1760791560
|switch|p1a: Gothmog|Iron Moth|100/100
|-sideend|p1: Nikator98|move: Toxic Spikes|[of] p1a: Gothmog
|-enditem|p1a: Gothmog|Booster Energy
|-activate|p1a: Gothmog|ability: Quark Drive|[fromitem]
|-start|p1a: Gothmog|quarkdrivespe
|move|p2a: Corviknight|Defog|p1a: Gothmog
|-unboost|p1a: Gothmog|evasion|1
|-sideend|p2: love is simple|Stealth Rock|[from] move: Defog|[of] p2a: Corviknight
|
|upkeep
|turn|13
|
|t:|1760791568
|switch|p2a: Toxapex|Toxapex, F|100/100
|move|p1a: Gothmog|Fiery Dance|p2a: Toxapex
|-resisted|p2a: Toxapex
|-damage|p2a: Toxapex|89/100
|
|-heal|p2a: Toxapex|95/100|[from] item: Leftovers
|upkeep
|turn|14
|
|t:|1760791578
|-end|p1a: Gothmog|Quark Drive|[silent]
|switch|p1a: Arquillian Sentry|Metagross|58/100
|move|p2a: Toxapex|Toxic Spikes|p1a: Arquillian Sentry
|-sidestart|p1: Nikator98|move: Toxic Spikes
|
|-heal|p2a: Toxapex|100/100|[from] item: Leftovers
|upkeep
|turn|15
|
|t:|1760791583
|switch|p2a: Corviknight|Corviknight, F|64/100
|-ability|p2a: Corviknight|Pressure
|move|p1a: Arquillian Sentry|Stealth Rock|p2a: Corviknight
|-sidestart|p2: love is simple|move: Stealth Rock
|
|upkeep
|turn|16
|
|t:|1760791590
|switch|p1a: Gothmog|Iron Moth|100/100
|-sideend|p1: Nikator98|move: Toxic Spikes|[of] p1a: Gothmog
|move|p2a: Corviknight|Defog|p1a: Gothmog
|-unboost|p1a: Gothmog|evasion|1
|-sideend|p2: love is simple|Stealth Rock|[from] move: Defog|[of] p2a: Corviknight
|
|upkeep
|turn|17
|
|t:|1760791598
|switch|p2a: Blissey|Blissey, F|100/100
|move|p1a: Gothmog|Fiery Dance|p2a: Blissey
|-damage|p2a: Blissey|88/100
|-boost|p1a: Gothmog|spa|1
|
|-heal|p2a: Blissey|94/100|[from] item: Leftovers
|upkeep
|turn|18
|
|t:|1760791605
|move|p1a: Gothmog|Fiery Dance|p2a: Blissey
|-damage|p2a: Blissey|76/100
|move|p2a: Blissey|Stealth Rock|p1a: Gothmog
|-sidestart|p1: Nikator98|move: Stealth Rock
|
|-heal|p2a: Blissey|83/100|[from] item: Leftovers
|upkeep
|turn|19
|
|t:|1760791612
|move|p1a: Gothmog|Fiery Dance|p2a: Blissey
|-damage|p2a: Blissey|63/100
|move|p2a: Blissey|Calm Mind|p2a: Blissey
|-boost|p2a: Blissey|spa|1
|-boost|p2a: Blissey|spd|1
|
|-heal|p2a: Blissey|69/100|[from] item: Leftovers
|upkeep
|turn|20
|
|t:|1760791620
|-end|p1a: Gothmog|Quark Drive|[silent]
|switch|p1a: Kumaryia|Great Tusk, shiny|74/100
|move|p2a: Blissey|Seismic Toss|p1a: Kumaryia
|-damage|p1a: Kumaryia|47/100
|
|-heal|p2a: Blissey|75/100|[from] item: Leftovers
|upkeep
|turn|21
|
|t:|1760791639
|switch|p2a: Corviknight|Corviknight, F|64/100
|-ability|p2a: Corviknight|Pressure
|move|p1a: Kumaryia|Rapid Spin|p2a: Corviknight
|-resisted|p2a: Corviknight
|-crit|p2a: Corviknight
|-damage|p2a: Corviknight|56/100
|-boost|p1a: Kumaryia|spe|1
|-sideend|p1: Nikator98|Stealth Rock|[from] move: Rapid Spin|[of] p1a: Kumaryia
|
|upkeep
|turn|22
|
|t:|1760791648
|-end|p1a: Kumaryia|Protosynthesis|[silent]
|switch|p1a: Kumaryia|Great Tusk, shiny|100/100
|move|p2a: Corviknight|Roost|p2a: Corviknight
|-heal|p2a: Corviknight|100/100
|-singleturn|p2a: Corviknight|move: Roost
|
|upkeep
|turn|23
|
|t:|1760791666
|switch|p2a: Toxapex|Toxapex, F|100/100
|move|p1a: Kumaryia|Trick|p2a: Toxapex
|-activate|p1a: Kumaryia|move: Trick|[of] p2a: Toxapex
|-item|p2a: Toxapex|Choice Specs|[from] move: Trick
|-item|p1a: Kumaryia|Leftovers|[from] move: Trick
|
|upkeep
|turn|24
|
|t:|1760791672
|switch|p1a: Arquillian Sentry|Metagross|58/100
|move|p2a: Toxapex|Toxic Spikes|p1a: Arquillian Sentry
|-sidestart|p1: Nikator98|move: Toxic Spikes
|
|upkeep
|turn|25
|
|t:|1760791692
|switch|p2a: Gliscor|Gliscor, M|100/100 tox
|move|p1a: Arquillian Sentry|Stealth Rock|p2a: Gliscor
|-sidestart|p2: love is simple|move: Stealth Rock
|
|upkeep
|turn|26
|l|☆love is simple
|inactive|love is simple disconnected and has a minute to reconnect!
|player|p2|
|inactive|love is simple has 30 seconds to reconnect!
|inactive|love is simple has 20 seconds to reconnect!
|inactive|love is simple has 15 seconds to reconnect!
|inactive|love is simple has 10 seconds to reconnect!
|inactive|love is simple has 5 seconds to reconnect!
|-message|love is simple lost due to inactivity.
|
|win|Nikator98
|raw|Nikator98's rating: 1594 &rarr; <strong>1615</strong><br />(+21 for winning)
|raw|love is simple's rating: 1607 &rarr; <strong>1586</strong><br />(-21 for losing)
|l|☆Nikator98
|player|p1|
