|j|☆FZPIR
|j|☆manuclappedu
|t:|1760794577
|gametype|singles
|player|p1|FZPIR|2|1152
|player|p2|manuclappedu|170|1201
|gen|9
|tier|[Gen 9] OU
|rated|
|rule|HP Percentage Mod: HP is shown in percentages
|rule|Endless Battle Clause: Forcing endless battles is banned
|rule|Species Clause: Limit one of each Pokémon
|rule|OHKO Clause: OHKO moves are banned
|rule|Evasion Items Clause: Evasion items are banned
|rule|Evasion Moves Clause: Evasion moves are banned
|rule|Evasion Abilities Clause: Evasion abilities are banned
|rule|Sleep Moves Clause: Sleep-inducing moves are banned
|clearpoke
|poke|p1|Kleavor, F|
|poke|p1|Brambleghast, M|
|poke|p1|Mamoswine, M|
|poke|p1|Alomomola, M|
|poke|p1|Lokix, F|
|poke|p1|Corviknight, M|
|poke|p2|Quagsire, M|
|poke|p2|Blissey, F|
|poke|p2|Toxapex, F|
|poke|p2|Sinistcha|
|poke|p2|Gliscor, M|
|poke|p2|Corviknight, M|
|teampreview
|
|t:|1760794635
|teamsize|p1|6
|teamsize|p2|6
|start
|switch|p1a: Kleavor|Kleavor, F|100/100
|switch|p2a: Corviknight|Corviknight, M|100/100
|-ability|p2a: Corviknight|Pressure
|turn|1
|inactive|Battle timer is ON: inactive players will automatically lose when time's up. (requested by FZPIR)
|
|t:|1760794657
|switch|p2a: Quagsire|Quagsire, M|100/100
|move|p1a: Kleavor|Stone Axe|p2a: Quagsire
|-resisted|p2a: Quagsire
|-damage|p2a: Quagsire|82/100
|-sidestart|p2: manuclappedu|move: Stealth Rock
|
|upkeep
|turn|2
|
|t:|1760794662
|move|p1a: Kleavor|Tailwind|p1a: Kleavor
|-sidestart|p1: FZPIR|move: Tailwind
|move|p2a: Quagsire|Stealth Rock|p1a: Kleavor
|-sidestart|p1: FZPIR|move: Stealth Rock
|
|upkeep
|turn|3
|
|t:|1760794668
|switch|p1a: Brambleghast|Brambleghast, M|100/100
|-damage|p1a: Brambleghast|88/100|[from] Stealth Rock
|-ability|p1a: Brambleghast|Wind Rider|boost
|-boost|p1a: Brambleghast|atk|1
|move|p2a: Quagsire|Toxic|p1a: Brambleghast
|-status|p1a: Brambleghast|tox
|
|-damage|p1a: Brambleghast|82/100 tox|[from] psn
|upkeep
|turn|4
|
|t:|1760794688
|switch|p2a: Corviknight|Corviknight, M|100/100
|-ability|p2a: Corviknight|Pressure
|move|p1a: Brambleghast|Rapid Spin|p2a: Corviknight
|-resisted|p2a: Corviknight
|-damage|p2a: Corviknight|89/100
|-boost|p1a: Brambleghast|spe|1
|-sideend|p1: FZPIR|Stealth Rock|[from] move: Rapid Spin|[of] p1a: Brambleghast
|-damage|p1a: Brambleghast|72/100 tox|[from] item: Life Orb
|
|-damage|p1a: Brambleghast|60/100 tox|[from] psn
|upkeep
|turn|5
|
|t:|1760794700
|move|p1a: Brambleghast|Poltergeist|p2a: Corviknight
|-activate|p2a: Corviknight|move: Poltergeist|Heavy-Duty Boots
|-damage|p2a: Corviknight|25/100
|-damage|p1a: Brambleghast|50/100 tox|[from] item: Life Orb
|move|p2a: Corviknight|Iron Defense|p2a: Corviknight
|-boost|p2a: Corviknight|def|2
|
|-damage|p1a: Brambleghast|32/100 tox|[from] psn
|-sideend|p1: FZPIR|move: Tailwind
|upkeep
|turn|6
|inactive|manuclappedu has 120 seconds left.
|
|t:|1760794735
|switch|p1a: Alomomola|Alomomola, M|100/100
|switch|p2a: Blissey|Blissey, F|100/100
|
|upkeep
|turn|7
|
|t:|1760794750
|move|p2a: Blissey|Flamethrower|p1a: Alomomola
|-resisted|p1a: Alomomola
|-damage|p1a: Alomomola|90/100
|move|p1a: Alomomola|Wish|p1a: Alomomola
|
|upkeep
|turn|8
|
|t:|1760794771
|switch|p1a: Brambleghast|Brambleghast, M|32/100 tox
|move|p2a: Blissey|Flamethrower|p1a: Brambleghast
|-supereffective|p1a: Brambleghast
|-damage|p1a: Brambleghast|0 fnt
|faint|p1a: Brambleghast
|
|upkeep
|
|t:|1760794784
|switch|p1a: Mamoswine|Mamoswine, M|100/100
|turn|9
|
|t:|1760794792
|move|p1a: Mamoswine|Icicle Crash|p2a: Blissey
|-damage|p2a: Blissey|52/100
|cant|p2a: Blissey|flinch
|
|upkeep
|turn|10
|inactive|manuclappedu has 90 seconds left.
|
|t:|1760794825
|switch|p2a: Toxapex|Toxapex, F|100/100
|move|p1a: Mamoswine|Icicle Crash|p2a: Toxapex
|-resisted|p2a: Toxapex
|-damage|p2a: Toxapex|82/100
|
|upkeep
|turn|11
|
|t:|1760794834
|move|p1a: Mamoswine|Earthquake|p2a: Toxapex
|-supereffective|p2a: Toxapex
|-damage|p2a: Toxapex|0 fnt
|faint|p2a: Toxapex
|
|upkeep
|inactive|manuclappedu has 90 seconds left.
|
|t:|1760794852
|switch|p2a: Quagsire|Quagsire, M|82/100
|turn|12
|
|t:|1760794863
|switch|p1a: Corviknight|Corviknight, M|100/100
|move|p2a: Quagsire|Toxic|p1a: Corviknight
|-immune|p1a: Corviknight
|
|upkeep
|turn|13
|
|t:|1760794873
|move|p1a: Corviknight|Brave Bird|p2a: Quagsire
|-damage|p2a: Quagsire|57/100
|-damage|p1a: Corviknight|92/100|[from] Recoil
|move|p2a: Quagsire|Stealth Rock|p1a: Corviknight
|-sidestart|p1: FZPIR|move: Stealth Rock
|
|-heal|p1a: Corviknight|98/100|[from] item: Leftovers
|upkeep
|turn|14
|
|t:|1760794881
|move|p1a: Corviknight|Brave Bird|p2a: Quagsire
|-damage|p2a: Quagsire|30/100
|-damage|p1a: Corviknight|90/100|[from] Recoil
|move|p2a: Quagsire|Recover|p2a: Quagsire
|-heal|p2a: Quagsire|80/100
|
|-heal|p1a: Corviknight|96/100|[from] item: Leftovers
|upkeep
|turn|15
|inactive|manuclappedu has 90 seconds left.
|
|t:|1760794910
|switch|p2a: Gliscor|Gliscor, M|100/100
|-damage|p2a: Gliscor|88/100|[from] Stealth Rock
|move|p1a: Corviknight|Defog|p2a: Gliscor
|-unboost|p2a: Gliscor|evasion|1
|-sideend|p2: manuclappedu|Stealth Rock|[from] move: Defog|[of] p1a: Corviknight
|-sideend|p1: FZPIR|Stealth Rock|[from] move: Defog|[of] p1a: Corviknight
|
|-heal|p1a: Corviknight|100/100|[from] item: Leftovers
|-status|p2a: Gliscor|tox|[from] item: Toxic Orb
|upkeep
|turn|16
|inactive|manuclappedu has 90 seconds left.
|
|t:|1760794924
|move|p2a: Gliscor|Knock Off|p1a: Corviknight
|-damage|p1a: Corviknight|84/100
|-enditem|p1a: Corviknight|Leftovers|[from] move: Knock Off|[of] p2a: Gliscor
|move|p1a: Corviknight|U-turn|p2a: Gliscor
|-resisted|p2a: Gliscor
|-damage|p2a: Gliscor|82/100 tox
|
|t:|1760794929
|switch|p1a: Mamoswine|Mamoswine, M|100/100|[from] U-turn
|
|-heal|p2a: Gliscor|95/100 tox|[from] ability: Poison Heal
|upkeep
|turn|17
|inactive|manuclappedu has 90 seconds left.
|inactive|manuclappedu has 60 seconds left.
|
|t:|1760794978
|switch|p2a: Corviknight|Corviknight, M|25/100
|-ability|p2a: Corviknight|Pressure
|move|p1a: Mamoswine|Icicle Crash|p2a: Corviknight
|-damage|p2a: Corviknight|0 fnt
|faint|p2a: Corviknight
|
|upkeep
|inactive|manuclappedu has 60 seconds left.
|
|t:|1760794986
|switch|p2a: Sinistcha|Sinistcha|100/100
|turn|18
|inactive|manuclappedu has 60 seconds left.
|
|t:|1760795003
|switch|p1a: Corviknight|Corviknight, M|84/100
|-terastallize|p2a: Sinistcha|Fairy
|move|p2a: Sinistcha|Matcha Gotcha|p1a: Corviknight
|-resisted|p1a: Corviknight
|-damage|p1a: Corviknight|79/100
|
|upkeep
|turn|19
|inactive|manuclappedu has 60 seconds left.
|
|t:|1760795025
|move|p2a: Sinistcha|Hex|p1a: Corviknight
|-damage|p1a: Corviknight|62/100
|move|p1a: Corviknight|Brave Bird|p2a: Sinistcha
|-damage|p2a: Sinistcha|71/100
|-damage|p1a: Corviknight|54/100|[from] Recoil
|
|upkeep
|turn|20
|inactive|manuclappedu has 30 seconds left.
|
|t:|1760795054
|move|p2a: Sinistcha|Hex|p1a: Corviknight
|-damage|p1a: Corviknight|36/100
|move|p1a: Corviknight|Roost|p1a: Corviknight
|-heal|p1a: Corviknight|86/100
|-singleturn|p1a: Corviknight|move: Roost
|
|upkeep
|turn|21
|inactive|manuclappedu has 30 seconds left.
|
|t:|1760795065
|move|p2a: Sinistcha|Hex|p1a: Corviknight
|-damage|p1a: Corviknight|69/100
|move|p1a: Corviknight|Brave Bird|p2a: Sinistcha
|-damage|p2a: Sinistcha|41/100
|-damage|p1a: Corviknight|61/100|[from] Recoil
|
|upkeep
|turn|22
|
|t:|1760795070
|move|p2a: Sinistcha|Strength Sap|p1a: Corviknight
|-ability|p1a: Corviknight|Mirror Armor
|-unboost|p2a: Sinistcha|atk|1
|-heal|p2a: Sinistcha|100/100
|move|p1a: Corviknight|Roost|p1a: Corviknight
|-heal|p1a: Corviknight|100/100
|-singleturn|p1a: Corviknight|move: Roost
|
|upkeep
|turn|23
|inactive|manuclappedu has 30 seconds left.
|
|t:|1760795089
|move|p2a: Sinistcha|Foul Play|p1a: Corviknight
|-damage|p1a: Corviknight|84/100
|move|p1a: Corviknight|Brave Bird|p2a: Sinistcha
|-damage|p2a: Sinistcha|74/100
|-damage|p1a: Corviknight|77/100|[from] Recoil
|
|upkeep
|turn|24
|
|t:|1760795094
|move|p2a: Sinistcha|Foul Play|p1a: Corviknight
|-crit|p1a: Corviknight
|-damage|p1a: Corviknight|52/100
|move|p1a: Corviknight|U-turn|p2a: Sinistcha
|-resisted|p2a: Sinistcha
|-damage|p2a: Sinistcha|69/100
|
|t:|1760795106
|switch|p1a: Kleavor|Kleavor, F|100/100|[from] U-turn
|
|upkeep
|turn|25
|
|t:|1760795121
|move|p1a: Kleavor|Stone Axe|p2a: Sinistcha
|-damage|p2a: Sinistcha|32/100
|-sidestart|p2: manuclappedu|move: Stealth Rock
|move|p2a: Sinistcha|Matcha Gotcha|p1a: Kleavor
|-damage|p1a: Kleavor|51/100
|-heal|p2a: Sinistcha|53/100|[from] drain|[of] p1a: Kleavor
|
|upkeep
|turn|26
|
|t:|1760795137
|switch|p1a: Corviknight|Corviknight, M|52/100
|move|p2a: Sinistcha|Matcha Gotcha|p1a: Corviknight
|-resisted|p1a: Corviknight
|-damage|p1a: Corviknight|46/100
|-heal|p2a: Sinistcha|57/100|[from] drain|[of] p1a: Corviknight
|
|upkeep
|turn|27
|
|t:|1760795144
|move|p2a: Sinistcha|Strength Sap|p1a: Corviknight
|-ability|p1a: Corviknight|Mirror Armor
|-unboost|p2a: Sinistcha|atk|1
|-heal|p2a: Sinistcha|100/100
|move|p1a: Corviknight|Roost|p1a: Corviknight
|-heal|p1a: Corviknight|96/100
|-singleturn|p1a: Corviknight|move: Roost
|
|upkeep
|turn|28
|
|t:|1760795155
|move|p2a: Sinistcha|Hex|p1a: Corviknight
|-damage|p1a: Corviknight|77/100
|move|p1a: Corviknight|Brave Bird|p2a: Sinistcha
|-damage|p2a: Sinistcha|75/100
|-damage|p1a: Corviknight|70/100|[from] Recoil
|
|upkeep
|turn|29
|
|t:|1760795166
|move|p2a: Sinistcha|Hex|p1a: Corviknight
|-damage|p1a: Corviknight|53/100
|move|p1a: Corviknight|Roost|p1a: Corviknight
|-heal|p1a: Corviknight|100/100
|-singleturn|p1a: Corviknight|move: Roost
|
|upkeep
|turn|30
|
|t:|1760795179
|move|p2a: Sinistcha|Hex|p1a: Corviknight
|-damage|p1a: Corviknight|81/100
|move|p1a: Corviknight|Brave Bird|p2a: Sinistcha
|-damage|p2a: Sinistcha|47/100
|-damage|p1a: Corviknight|73/100|[from] Recoil
|
|upkeep
|turn|31
|
|t:|1760795187
|move|p2a: Sinistcha|Strength Sap|p1a: Corviknight
|-ability|p1a: Corviknight|Mirror Armor
|-unboost|p2a: Sinistcha|atk|1
|-heal|p2a: Sinistcha|100/100
|move|p1a: Corviknight|Brave Bird|p2a: Sinistcha
|-damage|p2a: Sinistcha|71/100
|-damage|p1a: Corviknight|65/100|[from] Recoil
|
|upkeep
|turn|32
|
|t:|1760795199
|move|p2a: Sinistcha|Hex|p1a: Corviknight
|-damage|p1a: Corviknight|49/100
|move|p1a: Corviknight|Roost|p1a: Corviknight
|-heal|p1a: Corviknight|99/100
|-singleturn|p1a: Corviknight|move: Roost
|
|upkeep
|turn|33
|
|t:|1760795207
|move|p2a: Sinistcha|Hex|p1a: Corviknight
|-crit|p1a: Corviknight
|-damage|p1a: Corviknight|74/100
|move|p1a: Corviknight|U-turn|p2a: Sinistcha
|-resisted|p2a: Sinistcha
|-damage|p2a: Sinistcha|66/100
|
|t:|1760795209
|switch|p1a: Lokix|Lokix, F|100/100|[from] U-turn
|
|upkeep
|turn|34
|inactive|manuclappedu has 60 seconds left.
|inactive|manuclappedu has 30 seconds left.
|
|t:|1760795260
|-terastallize|p1a: Lokix|Bug
|move|p1a: Lokix|First Impression|p2a: Sinistcha
|-resisted|p2a: Sinistcha
|-damage|p2a: Sinistcha|5/100
|move|p2a: Sinistcha|Strength Sap|p1a: Lokix
|-unboost|p1a: Lokix|atk|1
|-heal|p2a: Sinistcha|98/100
|
|upkeep
|turn|35
|inactive|manuclappedu has 30 seconds left.
|inactive|manuclappedu has 20 seconds left.
|inactive|manuclappedu has 15 seconds left.
|
|t:|1760795283
|switch|p1a: Corviknight|Corviknight, M|74/100
|move|p2a: Sinistcha|Hex|p1a: Corviknight
|-damage|p1a: Corviknight|56/100
|
|upkeep
|turn|36
|inactive|manuclappedu has 25 seconds left this turn.
|
|t:|1760795286
|move|p2a: Sinistcha|Hex|p1a: Corviknight
|-damage|p1a: Corviknight|39/100
|move|p1a: Corviknight|Roost|p1a: Corviknight
|-heal|p1a: Corviknight|89/100
|-singleturn|p1a: Corviknight|move: Roost
|
|upkeep
|turn|37
|
|t:|1760795290
|move|p2a: Sinistcha|Hex|p1a: Corviknight
|-damage|p1a: Corviknight|70/100
|move|p1a: Corviknight|U-turn|p2a: Sinistcha
|-resisted|p2a: Sinistcha
|-damage|p2a: Sinistcha|93/100
|
|t:|1760795292
|switch|p1a: Lokix|Lokix, F, tera:Bug|100/100|[from] U-turn
|
|upkeep
|turn|38
|
|t:|1760795296
|move|p1a: Lokix|U-turn|p2a: Sinistcha
|-resisted|p2a: Sinistcha
|-damage|p2a: Sinistcha|50/100
|
|t:|1760795313
|switch|p1a: Corviknight|Corviknight, M|70/100|[from] U-turn
|move|p2a: Sinistcha|Strength Sap|p1a: Corviknight
|-ability|p1a: Corviknight|Mirror Armor
|-unboost|p2a: Sinistcha|atk|1
|-heal|p2a: Sinistcha|100/100
|
|upkeep
|turn|39
|inactive|manuclappedu has 60 seconds left.
|
|t:|1760795322
|move|p2a: Sinistcha|Foul Play|p1a: Corviknight
|-damage|p1a: Corviknight|52/100
|move|p1a: Corviknight|Brave Bird|p2a: Sinistcha
|-damage|p2a: Sinistcha|74/100
|-damage|p1a: Corviknight|45/100|[from] Recoil
|
|upkeep
|turn|40
|
|t:|1760795326
|move|p2a: Sinistcha|Foul Play|p1a: Corviknight
|-damage|p1a: Corviknight|30/100
|move|p1a: Corviknight|Roost|p1a: Corviknight
|-heal|p1a: Corviknight|80/100
|-singleturn|p1a: Corviknight|move: Roost
|
|upkeep
|turn|41
|
|t:|1760795332
|move|p2a: Sinistcha|Foul Play|p1a: Corviknight
|-crit|p1a: Corviknight
|-damage|p1a: Corviknight|57/100
|move|p1a: Corviknight|Brave Bird|p2a: Sinistcha
|-damage|p2a: Sinistcha|49/100
|-damage|p1a: Corviknight|50/100|[from] Recoil
|
|upkeep
|turn|42
|
|t:|1760795342
|move|p2a: Sinistcha|Strength Sap|p1a: Corviknight
|-ability|p1a: Corviknight|Mirror Armor
|-unboost|p2a: Sinistcha|atk|1
|-heal|p2a: Sinistcha|100/100
|move|p1a: Corviknight|Roost|p1a: Corviknight
|-heal|p1a: Corviknight|100/100
|-singleturn|p1a: Corviknight|move: Roost
|
|upkeep
|turn|43
|
|t:|1760795354
|move|p2a: Sinistcha|Foul Play|p1a: Corviknight
|-damage|p1a: Corviknight|84/100
|move|p1a: Corviknight|U-turn|p2a: Sinistcha
|-resisted|p2a: Sinistcha
|-damage|p2a: Sinistcha|96/100
|
|t:|1760795356
|switch|p1a: Lokix|Lokix, F, tera:Bug|100/100|[from] U-turn
|
|upkeep
|turn|44
|
|t:|1760795362
|move|p1a: Lokix|U-turn|p2a: Sinistcha
|-resisted|p2a: Sinistcha
|-damage|p2a: Sinistcha|53/100
|
|t:|1760795368
|switch|p1a: Mamoswine|Mamoswine, M|100/100|[from] U-turn
|move|p2a: Sinistcha|Hex|p1a: Mamoswine
|-damage|p1a: Mamoswine|62/100
|
|upkeep
|turn|45
|
|t:|1760795384
|move|p1a: Mamoswine|Earthquake|p2a: Sinistcha
|-damage|p2a: Sinistcha|14/100
|move|p2a: Sinistcha|Matcha Gotcha|p1a: Mamoswine
|-supereffective|p1a: Mamoswine
|-damage|p1a: Mamoswine|0 fnt
|-heal|p2a: Sinistcha|48/100|[from] drain|[of] p1a: Mamoswine
|faint|p1a: Mamoswine
|
|upkeep
|
|t:|1760795388
|switch|p1a: Lokix|Lokix, F, tera:Bug|100/100
|turn|46
|inactive|manuclappedu has 90 seconds left.
|
|t:|1760795415
|switch|p2a: Gliscor|Gliscor, M|95/100 tox
|-damage|p2a: Gliscor|82/100 tox|[from] Stealth Rock
|move|p1a: Lokix|U-turn|p2a: Gliscor
|-resisted|p2a: Gliscor
|-damage|p2a: Gliscor|33/100 tox
|
|t:|1760795425
|switch|p1a: Corviknight|Corviknight, M|84/100|[from] U-turn
|
|-heal|p2a: Gliscor|45/100 tox|[from] ability: Poison Heal
|upkeep
|turn|47
|
|t:|1760795435
|move|p2a: Gliscor|Protect|p2a: Gliscor
|-singleturn|p2a: Gliscor|Protect
|move|p1a: Corviknight|U-turn|p2a: Gliscor
|-activate|p2a: Gliscor|move: Protect
|
|-heal|p2a: Gliscor|58/100 tox|[from] ability: Poison Heal
|upkeep
|turn|48
|
|t:|1760795443
|switch|p2a: Blissey|Blissey, F|52/100
|move|p1a: Corviknight|U-turn|p2a: Blissey
|-damage|p2a: Blissey|36/100
|
|t:|1760795446
|switch|p1a: Lokix|Lokix, F, tera:Bug|100/100|[from] U-turn
|
|upkeep
|turn|49
|
|t:|1760795458
|switch|p2a: Quagsire|Quagsire, M|80/100
|move|p1a: Lokix|U-turn|p2a: Quagsire
|-damage|p2a: Quagsire|38/100
|
|t:|1760795466
|switch|p1a: Kleavor|Kleavor, F|51/100|[from] U-turn
|
|upkeep
|turn|50
|inactive|manuclappedu has 120 seconds left.
|
|t:|1760795472
|move|p1a: Kleavor|Stone Axe|p2a: Quagsire
|-resisted|p2a: Quagsire
|-damage|p2a: Quagsire|21/100
|move|p2a: Quagsire|Recover|p2a: Quagsire
|-heal|p2a: Quagsire|71/100
|
|upkeep
|turn|51
|inactive|manuclappedu has 120 seconds left.
|
|t:|1760795489
|switch|p1a: Corviknight|Corviknight, M|84/100
|move|p2a: Quagsire|Toxic|p1a: Corviknight
|-immune|p1a: Corviknight
|
|upkeep
|turn|52
|
|t:|1760795495
|move|p1a: Corviknight|U-turn|p2a: Quagsire
|-damage|p2a: Quagsire|61/100
|
|t:|1760795498
|switch|p1a: Kleavor|Kleavor, F|51/100|[from] U-turn
|move|p2a: Quagsire|Stealth Rock|p1a: Kleavor
|-sidestart|p1: FZPIR|move: Stealth Rock
|
|upkeep
|turn|53
|
|t:|1760795510
|move|p1a: Kleavor|Close Combat|p2a: Quagsire
|-damage|p2a: Quagsire|28/100
|-unboost|p1a: Kleavor|def|1
|-unboost|p1a: Kleavor|spd|1
|move|p2a: Quagsire|Recover|p2a: Quagsire
|-heal|p2a: Quagsire|78/100
|
|upkeep
|turn|54
|
|t:|1760795516
|switch|p1a: Corviknight|Corviknight, M|84/100
|-damage|p1a: Corviknight|71/100|[from] Stealth Rock
|move|p2a: Quagsire|Toxic|p1a: Corviknight
|-immune|p1a: Corviknight
|
|upkeep
|turn|55
|
|t:|1760795541
|move|p1a: Corviknight|Defog|p2a: Quagsire
|-unboost|p2a: Quagsire|evasion|1
|-sideend|p2: manuclappedu|Stealth Rock|[from] move: Defog|[of] p1a: Corviknight
|-sideend|p1: FZPIR|Stealth Rock|[from] move: Defog|[of] p1a: Corviknight
|move|p2a: Quagsire|Stealth Rock|p1a: Corviknight
|-sidestart|p1: FZPIR|move: Stealth Rock
|
|upkeep
|turn|56
|
|t:|1760795546
|move|p1a: Corviknight|Defog|p2a: Quagsire
|-unboost|p2a: Quagsire|evasion|1
|-sideend|p1: FZPIR|Stealth Rock|[from] move: Defog|[of] p1a: Corviknight
|move|p2a: Quagsire|Stealth Rock|p1a: Corviknight
|-sidestart|p1: FZPIR|move: Stealth Rock
|
|upkeep
|turn|57
|
|t:|1760795553
|move|p1a: Corviknight|Defog|p2a: Quagsire
|-unboost|p2a: Quagsire|evasion|1
|-sideend|p1: FZPIR|Stealth Rock|[from] move: Defog|[of] p1a: Corviknight
|move|p2a: Quagsire|Stealth Rock|p1a: Corviknight
|-sidestart|p1: FZPIR|move: Stealth Rock
|
|upkeep
|turn|58
|
|t:|1760795561
|move|p1a: Corviknight|Defog|p2a: Quagsire
|-unboost|p2a: Quagsire|evasion|1
|-sideend|p1: FZPIR|Stealth Rock|[from] move: Defog|[of] p1a: Corviknight
|move|p2a: Quagsire|Stealth Rock|p1a: Corviknight
|-sidestart|p1: FZPIR|move: Stealth Rock
|
|upkeep
|turn|59
|
|t:|1760795571
|move|p1a: Corviknight|Defog|p2a: Quagsire
|-unboost|p2a: Quagsire|evasion|1
|-sideend|p1: FZPIR|Stealth Rock|[from] move: Defog|[of] p1a: Corviknight
|move|p2a: Quagsire|Stealth Rock|p1a: Corviknight
|-sidestart|p1: FZPIR|move: Stealth Rock
|
|upkeep
|turn|60
|
|t:|1760795578
|move|p1a: Corviknight|Brave Bird|p2a: Quagsire
|-damage|p2a: Quagsire|50/100
|-damage|p1a: Corviknight|62/100|[from] Recoil
|move|p2a: Quagsire|Stealth Rock||[still]
|-fail|p2a: Quagsire
|
|upkeep
|turn|61
|
|t:|1760795585
|move|p1a: Corviknight|Defog|p2a: Quagsire
|-unboost|p2a: Quagsire|evasion|1
|-sideend|p1: FZPIR|Stealth Rock|[from] move: Defog|[of] p1a: Corviknight
|move|p2a: Quagsire|Toxic|p1a: Corviknight
|-immune|p1a: Corviknight
|
|upkeep
|turn|62
|
|t:|1760795595
|move|p1a: Corviknight|U-turn|p2a: Quagsire
|-damage|p2a: Quagsire|40/100
|
|t:|1760795600
|switch|p1a: Lokix|Lokix, F, tera:Bug|100/100|[from] U-turn
|move|p2a: Quagsire|Recover|p2a: Quagsire
|-heal|p2a: Quagsire|90/100
|
|upkeep
|turn|63
|
|t:|1760795609
|move|p1a: Lokix|U-turn|p2a: Quagsire
|-damage|p2a: Quagsire|49/100
|
|t:|1760795621
|switch|p1a: Kleavor|Kleavor, F|51/100|[from] U-turn
|move|p2a: Quagsire|Recover|p2a: Quagsire
|-heal|p2a: Quagsire|99/100
|
|upkeep
|turn|64
|
|t:|1760795632
|switch|p1a: Corviknight|Corviknight, M|62/100
|move|p2a: Quagsire|Earthquake|p1a: Corviknight
|-immune|p1a: Corviknight
|
|upkeep
|turn|65
|
|t:|1760795650
|move|p1a: Corviknight|U-turn|p2a: Quagsire
|-damage|p2a: Quagsire|88/100
|
|t:|1760795653
|switch|p1a: Alomomola|Alomomola, M|100/100|[from] U-turn
|move|p2a: Quagsire|Stealth Rock|p1a: Alomomola
|-sidestart|p1: FZPIR|move: Stealth Rock
|
|upkeep
|turn|66
|
|t:|1760795664
|switch|p2a: Blissey|Blissey, F|36/100
|move|p1a: Alomomola|Protect||[still]
|-fail|p1a: Alomomola
|
|upkeep
|turn|67
|
|t:|1760795670
|move|p2a: Blissey|Soft-Boiled|p2a: Blissey
|-heal|p2a: Blissey|86/100
|move|p1a: Alomomola|Wish|p1a: Alomomola
|
|upkeep
|turn|68
|
|t:|1760795678
|switch|p1a: Corviknight|Corviknight, M|62/100
|-damage|p1a: Corviknight|50/100|[from] Stealth Rock
|move|p2a: Blissey|Flamethrower|p1a: Corviknight
|-supereffective|p1a: Corviknight
|-damage|p1a: Corviknight|29/100
|
|-heal|p1a: Corviknight|96/100|[from] move: Wish|[wisher] Alomomola
|upkeep
|turn|69
|inactive|manuclappedu has 120 seconds left.
|
|t:|1760795709
|move|p1a: Corviknight|Defog|p2a: Blissey
|-unboost|p2a: Blissey|evasion|1
|-sideend|p1: FZPIR|Stealth Rock|[from] move: Defog|[of] p1a: Corviknight
|move|p2a: Blissey|Flamethrower|p1a: Corviknight
|-supereffective|p1a: Corviknight
|-damage|p1a: Corviknight|73/100
|
|upkeep
|turn|70
|
|t:|1760795716
|move|p1a: Corviknight|U-turn|p2a: Blissey
|-damage|p2a: Blissey|71/100
|
|t:|1760795719
|switch|p1a: Alomomola|Alomomola, M|100/100|[from] U-turn
|move|p2a: Blissey|Flamethrower|p1a: Alomomola
|-resisted|p1a: Alomomola
|-damage|p1a: Alomomola|91/100
|
|upkeep
|turn|71
|
|t:|1760795727
|move|p2a: Blissey|Calm Mind|p2a: Blissey
|-boost|p2a: Blissey|spa|1
|-boost|p2a: Blissey|spd|1
|move|p1a: Alomomola|Wish|p1a: Alomomola
|
|upkeep
|turn|72
|
|t:|1760795731
|move|p2a: Blissey|Flamethrower|p1a: Alomomola
|-resisted|p1a: Alomomola
|-damage|p1a: Alomomola|75/100
|move|p1a: Alomomola|Flip Turn|p2a: Blissey
|-damage|p2a: Blissey|54/100
|
|t:|1760795735
|switch|p1a: Lokix|Lokix, F, tera:Bug|100/100|[from] Flip Turn
|
|upkeep
|turn|73
|inactive|manuclappedu has 120 seconds left.
|
|t:|1760795786
|switch|p2a: Quagsire|Quagsire, M|88/100
|move|p1a: Lokix|U-turn|p2a: Quagsire
|-damage|p2a: Quagsire|42/100
|
|t:|1760795799
|switch|p1a: Corviknight|Corviknight, M|73/100|[from] U-turn
|
|upkeep
|turn|74
|
|t:|1760795812
|move|p1a: Corviknight|U-turn|p2a: Quagsire
|-damage|p2a: Quagsire|32/100
|
|t:|1760795815
|switch|p1a: Lokix|Lokix, F, tera:Bug|100/100|[from] U-turn
|move|p2a: Quagsire|Stealth Rock|p1a: Lokix
|-sidestart|p1: FZPIR|move: Stealth Rock
|
|upkeep
|turn|75
|
|t:|1760795836
|switch|p2a: Gliscor|Gliscor, M|58/100 tox
|move|p1a: Lokix|U-turn|p2a: Gliscor
|-resisted|p2a: Gliscor
|-damage|p2a: Gliscor|4/100 tox
|
|t:|1760795841
|switch|p1a: Kleavor|Kleavor, F|51/100|[from] U-turn
|-damage|p1a: Kleavor|26/100|[from] Stealth Rock
|
|-heal|p2a: Gliscor|17/100 tox|[from] ability: Poison Heal
|upkeep
|turn|76
|
|t:|1760795862
|switch|p1a: Corviknight|Corviknight, M|73/100
|-damage|p1a: Corviknight|61/100|[from] Stealth Rock
|move|p2a: Gliscor|Protect||[still]
|-fail|p2a: Gliscor
|
|-heal|p2a: Gliscor|29/100 tox|[from] ability: Poison Heal
|upkeep
|turn|77
|
|t:|1760795868
|move|p2a: Gliscor|Protect|p2a: Gliscor
|-singleturn|p2a: Gliscor|Protect
|move|p1a: Corviknight|Defog|p2a: Gliscor
|-activate|p2a: Gliscor|move: Protect
|
|-heal|p2a: Gliscor|42/100 tox|[from] ability: Poison Heal
|upkeep
|turn|78
|inactive|manuclappedu has 120 seconds left.
|
|t:|1760795880
|move|p2a: Gliscor|Spikes|p1a: Corviknight
|-sidestart|p1: FZPIR|Spikes
|move|p1a: Corviknight|Defog|p2a: Gliscor
|-unboost|p2a: Gliscor|evasion|1
|-sideend|p1: FZPIR|Spikes|[from] move: Defog|[of] p1a: Corviknight
|-sideend|p1: FZPIR|Stealth Rock|[from] move: Defog|[of] p1a: Corviknight
|
|-heal|p2a: Gliscor|54/100 tox|[from] ability: Poison Heal
|upkeep
|turn|79
|inactive|manuclappedu has 120 seconds left.
|
|t:|1760795896
|move|p2a: Gliscor|Knock Off|p1a: Corviknight
|-damage|p1a: Corviknight|50/100
|move|p1a: Corviknight|U-turn|p2a: Gliscor
|-resisted|p2a: Gliscor
|-damage|p2a: Gliscor|49/100 tox
|
|t:|1760795900
|switch|p1a: Lokix|Lokix, F, tera:Bug|100/100|[from] U-turn
|
|-heal|p2a: Gliscor|61/100 tox|[from] ability: Poison Heal
|upkeep
|turn|80
|inactive|manuclappedu has 120 seconds left.
|
|t:|1760795906
|move|p2a: Gliscor|Protect|p2a: Gliscor
|-singleturn|p2a: Gliscor|Protect
|move|p1a: Lokix|U-turn|p2a: Gliscor
|-activate|p2a: Gliscor|move: Protect
|
|-heal|p2a: Gliscor|74/100 tox|[from] ability: Poison Heal
|upkeep
|turn|81
|inactive|manuclappedu has 120 seconds left.
|
|t:|1760795917
|move|p1a: Lokix|U-turn|p2a: Gliscor
|-resisted|p2a: Gliscor
|-damage|p2a: Gliscor|27/100 tox
|
|t:|1760795923
|switch|p1a: Corviknight|Corviknight, M|50/100|[from] U-turn
|move|p2a: Gliscor|Knock Off|p1a: Corviknight
|-crit|p1a: Corviknight
|-damage|p1a: Corviknight|30/100
|
|-heal|p2a: Gliscor|39/100 tox|[from] ability: Poison Heal
|upkeep
|turn|82
|inactive|manuclappedu has 120 seconds left.
|
|t:|1760795943
|switch|p1a: Alomomola|Alomomola, M|100/100
|move|p2a: Gliscor|Protect||[still]
|-fail|p2a: Gliscor
|
|-heal|p2a: Gliscor|52/100 tox|[from] ability: Poison Heal
|upkeep
|turn|83
|inactive|manuclappedu has 120 seconds left.
|
|t:|1760795976
|move|p2a: Gliscor|Spikes|p1a: Alomomola
|-sidestart|p1: FZPIR|Spikes
|move|p1a: Alomomola|Wish|p1a: Alomomola
|
|-heal|p2a: Gliscor|64/100 tox|[from] ability: Poison Heal
|upkeep
|turn|84
|
|t:|1760795981
|switch|p1a: Corviknight|Corviknight, M|30/100
|move|p2a: Gliscor|Spikes|p1a: Corviknight
|-sidestart|p1: FZPIR|Spikes
|
|-heal|p1a: Corviknight|97/100|[from] move: Wish|[wisher] Alomomola
|-heal|p2a: Gliscor|77/100 tox|[from] ability: Poison Heal
|upkeep
|turn|85
|
|t:|1760795986
|move|p2a: Gliscor|Knock Off|p1a: Corviknight
|-damage|p1a: Corviknight|86/100
|move|p1a: Corviknight|Defog|p2a: Gliscor
|-unboost|p2a: Gliscor|evasion|1
|-sideend|p1: FZPIR|Spikes|[from] move: Defog|[of] p1a: Corviknight
|
|-heal|p2a: Gliscor|89/100 tox|[from] ability: Poison Heal
|upkeep
|turn|86
|
|t:|1760795994
|move|p2a: Gliscor|Knock Off|p1a: Corviknight
|-damage|p1a: Corviknight|74/100
|move|p1a: Corviknight|U-turn|p2a: Gliscor
|-resisted|p2a: Gliscor
|-damage|p2a: Gliscor|83/100 tox
|
|t:|1760795998
|switch|p1a: Lokix|Lokix, F, tera:Bug|100/100|[from] U-turn
|
|-heal|p2a: Gliscor|96/100 tox|[from] ability: Poison Heal
|upkeep
|turn|87
|inactive|manuclappedu has 120 seconds left.
|
|t:|1760796024
|move|p2a: Gliscor|Protect|p2a: Gliscor
|-singleturn|p2a: Gliscor|Protect
|move|p1a: Lokix|U-turn|p2a: Gliscor
|-activate|p2a: Gliscor|move: Protect
|
|-heal|p2a: Gliscor|100/100 tox|[from] ability: Poison Heal
|upkeep
|turn|88
|inactive|manuclappedu has 120 seconds left.
|
|t:|1760796042
|move|p1a: Lokix|U-turn|p2a: Gliscor
|-resisted|p2a: Gliscor
|-damage|p2a: Gliscor|53/100 tox
|
|t:|1760796047
|switch|p1a: Alomomola|Alomomola, M|100/100|[from] U-turn
|move|p2a: Gliscor|Spikes|p1a: Alomomola
|-sidestart|p1: FZPIR|Spikes
|
|-heal|p2a: Gliscor|65/100 tox|[from] ability: Poison Heal
|upkeep
|turn|89
|inactive|manuclappedu has 120 seconds left.
|
|t:|1760796075
|switch|p2a: Sinistcha|Sinistcha, tera:Fairy|48/100
|move|p1a: Alomomola|Flip Turn|p2a: Sinistcha
|-damage|p2a: Sinistcha|36/100
|
|t:|1760796079
|switch|p1a: Lokix|Lokix, F, tera:Bug|100/100|[from] Flip Turn
|-damage|p1a: Lokix|88/100|[from] Spikes
|
|upkeep
|turn|90
|
|t:|1760796089
|switch|p2a: Gliscor|Gliscor, M|65/100 tox
|move|p1a: Lokix|U-turn|p2a: Gliscor
|-resisted|p2a: Gliscor
|-damage|p2a: Gliscor|16/100 tox
|
|t:|1760796093
|switch|p1a: Alomomola|Alomomola, M|100/100|[from] U-turn
|-damage|p1a: Alomomola|88/100|[from] Spikes
|
|-heal|p2a: Gliscor|29/100 tox|[from] ability: Poison Heal
|upkeep
|turn|91
|
|t:|1760796102
|move|p2a: Gliscor|Spikes|p1a: Alomomola
|-sidestart|p1: FZPIR|Spikes
|move|p1a: Alomomola|Flip Turn|p2a: Gliscor
|-supereffective|p2a: Gliscor
|-damage|p2a: Gliscor|1/100 tox
|
|t:|1760796116
|switch|p1a: Corviknight|Corviknight, M|74/100|[from] Flip Turn
|
|-heal|p2a: Gliscor|14/100 tox|[from] ability: Poison Heal
|upkeep
|turn|92
|
|t:|1760796123
|move|p2a: Gliscor|Protect|p2a: Gliscor
|-singleturn|p2a: Gliscor|Protect
|move|p1a: Corviknight|Brave Bird|p2a: Gliscor
|-activate|p2a: Gliscor|move: Protect
|
|-heal|p2a: Gliscor|26/100 tox|[from] ability: Poison Heal
|upkeep
|turn|93
|inactive|manuclappedu has 120 seconds left.
|
|t:|1760796142
|switch|p2a: Sinistcha|Sinistcha, tera:Fairy|36/100
|move|p1a: Corviknight|Brave Bird|p2a: Sinistcha
|-damage|p2a: Sinistcha|10/100
|-damage|p1a: Corviknight|67/100|[from] Recoil
|
|upkeep
|turn|94
|
|t:|1760796149
|move|p2a: Sinistcha|Strength Sap|p1a: Corviknight
|-ability|p1a: Corviknight|Mirror Armor
|-unboost|p2a: Sinistcha|atk|1
|-heal|p2a: Sinistcha|75/100
|move|p1a: Corviknight|Brave Bird|p2a: Sinistcha
|-damage|p2a: Sinistcha|49/100
|-damage|p1a: Corviknight|60/100|[from] Recoil
|
|upkeep
|turn|95
|
|t:|1760796161
|move|p2a: Sinistcha|Strength Sap|p1a: Corviknight
|-ability|p1a: Corviknight|Mirror Armor
|-unboost|p2a: Sinistcha|atk|1
|-heal|p2a: Sinistcha|100/100
|move|p1a: Corviknight|Defog|p2a: Sinistcha
|-unboost|p2a: Sinistcha|evasion|1
|-sideend|p1: FZPIR|Spikes|[from] move: Defog|[of] p1a: Corviknight
|
|upkeep
|turn|96
|
|t:|1760796176
|switch|p1a: Alomomola|Alomomola, M|100/100
|move|p2a: Sinistcha|Foul Play|p1a: Alomomola
|-crit|p1a: Alomomola
|-damage|p1a: Alomomola|87/100
|-damage|p2a: Sinistcha|84/100|[from] item: Rocky Helmet|[of] p1a: Alomomola
|
|upkeep
|turn|97
|inactive|manuclappedu has 120 seconds left.
|
|t:|1760796193
|switch|p2a: Gliscor|Gliscor, M|26/100 tox
|move|p1a: Alomomola|Protect||[still]
|-fail|p1a: Alomomola
|
|-heal|p2a: Gliscor|39/100 tox|[from] ability: Poison Heal
|upkeep
|turn|98
|
|t:|1760796202
|move|p2a: Gliscor|Protect|p2a: Gliscor
|-singleturn|p2a: Gliscor|Protect
|move|p1a: Alomomola|Flip Turn|p2a: Gliscor
|-activate|p2a: Gliscor|move: Protect
|
|-heal|p2a: Gliscor|51/100 tox|[from] ability: Poison Heal
|upkeep
|turn|99
|inactive|manuclappedu has 120 seconds left.
|
|t:|1760796229
|switch|p2a: Quagsire|Quagsire, M|32/100
|move|p1a: Alomomola|Flip Turn|p2a: Quagsire
|-damage|p2a: Quagsire|21/100
|
|t:|1760796232
|switch|p1a: Lokix|Lokix, F, tera:Bug|88/100|[from] Flip Turn
|
|upkeep
|turn|100
|inactive|manuclappedu has 120 seconds left.
|inactive|manuclappedu has 90 seconds left.
|
|t:|1760796280
|switch|p2a: Gliscor|Gliscor, M|51/100 tox
|move|p1a: Lokix|Knock Off|p2a: Gliscor
|-damage|p2a: Gliscor|0 fnt
|-enditem|p2a: Gliscor|Toxic Orb|[from] move: Knock Off|[of] p1a: Lokix
|faint|p2a: Gliscor
|
|upkeep
|
|t:|1760796290
|switch|p2a: Sinistcha|Sinistcha, tera:Fairy|84/100
|turn|101
|
|t:|1760796300
|switch|p1a: Alomomola|Alomomola, M|100/100
|move|p2a: Sinistcha|Hex|p1a: Alomomola
|-damage|p1a: Alomomola|67/100
|
|upkeep
|turn|102
|
|t:|1760796306
|move|p2a: Sinistcha|Matcha Gotcha|p1a: Alomomola
|-supereffective|p1a: Alomomola
|-damage|p1a: Alomomola|0 fnt
|-heal|p2a: Sinistcha|100/100|[from] drain|[of] p1a: Alomomola
|faint|p1a: Alomomola
|
|upkeep
|
|t:|1760796311
|switch|p1a: Lokix|Lokix, F, tera:Bug|88/100
|turn|103
|
|t:|1760796318
|move|p1a: Lokix|U-turn|p2a: Sinistcha
|-resisted|p2a: Sinistcha
|-damage|p2a: Sinistcha|58/100
|
|t:|1760796321
|switch|p1a: Corviknight|Corviknight, M|60/100|[from] U-turn
|move|p2a: Sinistcha|Hex|p1a: Corviknight
|-damage|p1a: Corviknight|41/100
|
|upkeep
|turn|104
|inactive|manuclappedu has 90 seconds left.
|
|t:|1760796354
|move|p2a: Sinistcha|Hex|p1a: Corviknight
|-damage|p1a: Corviknight|23/100
|move|p1a: Corviknight|Brave Bird|p2a: Sinistcha
|-damage|p2a: Sinistcha|31/100
|-damage|p1a: Corviknight|16/100|[from] Recoil
|
|upkeep
|turn|105
|
|t:|1760796359
|switch|p1a: Lokix|Lokix, F, tera:Bug|88/100
|move|p2a: Sinistcha|Strength Sap|p1a: Lokix
|-unboost|p1a: Lokix|atk|1
|-heal|p2a: Sinistcha|100/100
|
|upkeep
|turn|106
|inactive|manuclappedu has 60 seconds left.
|
|t:|1760796391
|move|p1a: Lokix|U-turn|p2a: Sinistcha
|-resisted|p2a: Sinistcha
|-crit|p2a: Sinistcha
|-damage|p2a: Sinistcha|26/100
|
|t:|1760796396
|switch|p1a: Kleavor|Kleavor, F|26/100|[from] U-turn
|move|p2a: Sinistcha|Hex|p1a: Kleavor
|-crit|p1a: Kleavor
|-damage|p1a: Kleavor|0 fnt
|faint|p1a: Kleavor
|
|upkeep
|c|☆manuclappedu|no bro
|
|t:|1760796399
|switch|p1a: Lokix|Lokix, F, tera:Bug|88/100
|turn|107
|c|☆manuclappedu|no
|inactive|manuclappedu has 30 seconds left.
|
|t:|1760796432
|switch|p2a: Quagsire|Quagsire, M|21/100
|move|p1a: Lokix|Knock Off|p2a: Quagsire
|-damage|p2a: Quagsire|0 fnt
|-enditem|p2a: Quagsire|Heavy-Duty Boots|[from] move: Knock Off|[of] p1a: Lokix
|faint|p2a: Quagsire
|
|upkeep
|c|☆FZPIR|hh
|inactive|manuclappedu has 30 seconds left.
|
|t:|1760796446
|switch|p2a: Blissey|Blissey, F|54/100
|turn|108
|inactive|manuclappedu has 30 seconds left this turn.
|
|t:|1760796451
|move|p1a: Lokix|Knock Off|p2a: Blissey
|-damage|p2a: Blissey|0 fnt
|-enditem|p2a: Blissey|Heavy-Duty Boots|[from] move: Knock Off|[of] p1a: Lokix
|faint|p2a: Blissey
|
|upkeep
|inactive|manuclappedu has 30 seconds left this turn.
|
|t:|1760796455
|switch|p2a: Sinistcha|Sinistcha, tera:Fairy|26/100
|turn|109
|inactive|manuclappedu has 30 seconds left.
|c|☆manuclappedu|wow
|inactive|manuclappedu has 20 seconds left.
|c|☆manuclappedu|only wow
|inactive|manuclappedu has 15 seconds left.
|
|t:|1760796479
|move|p1a: Lokix|Knock Off|p2a: Sinistcha
|-resisted|p2a: Sinistcha
|-damage|p2a: Sinistcha|0 fnt
|-enditem|p2a: Sinistcha|Heavy-Duty Boots|[from] move: Knock Off|[of] p1a: Lokix
|faint|p2a: Sinistcha
|
|win|FZPIR
|raw|FZPIR's rating: 1152 &rarr; <strong>1181</strong><br />(+29 for winning)
|raw|manuclappedu's rating: 1201 &rarr; <strong>1172</strong><br />(-29 for losing)
